<mjloggm ver="2.3"><GO type="97" lobby="0"/><UN n0="%67%61%6B%75%63%68%6F" n1="%E3%82%B9%E3%83%81%E3%83%A3%E3%83%A9%E3%82%AB%E3%80%82" n2="%76%65%6C%2D%CE%B2" n3="%E3%82%A6%E3%83%AB%E3%83%88%E3%83%A9%E7%AB%8B%E7%9B%B4" dan="13,14,15,15" rate="1857.74,1894.72,1974.16,1974.51" sx="M,M,M,M"/><TAIKYOKU oya="0"/><INIT seed="0,0,0,0,3,9" ten="250,250,250,250" oya="0" hai0="85,104,27,55,78,52,76,2,28,110,4,120,44" hai1="125,118,30,81,129,134,100,14,18,92,74,73,67" hai2="123,63,20,66,119,131,128,47,97,106,77,60,0" hai3="65,33,39,57,83,132,58,46,40,51,109,8,49"/><T34/><D104/><U54/><E118/><V115/><F123/><W124/><G33/><T114/><D120/><U45/><E125/><V1/><F115/><W3/><G83/><T7/><D114/><U23/><E129/><N who="2" m="49739" /><F119/><W53/><G8/><T68/><D68/><U72/><E134/><V42/><F77/><W32/><G32/><T88/><D110/><U50/><E67/><V48/><F20/><W90/><G90/><T15/><D2/><N who="2" m="1130" /><F66/><W89/><G89/><T127/><D127/><U56/><E30/><V38/><F48/><N who="3" m="30887" /><G3/><T6/><D15/><U24/><E81/><V126/><F126/><W71/><G124/><T111/><D111/><U87/><E45/><V80/><F80/><W84/><G84/><T13/><D13/><U29/><E87/><V133/><F133/><W112/><G112/><T37/><D55/><U19/><REACH who="1" step="1"/><E14/><REACH who="1" ten="250,240,250,250" step="2"/><V96/><F106/><W36/><G132/><T5/><N who="0" m="1536" /><DORA hai="98" /><T130/><D130/><U116/><E116/><V62/><AGARI ba="0,1" hai="38,42,47,60,62,63,96,97" m="1130,49739" machi="62" ten="40,1500,0" yaku="19,1" doraHai="9,98" who="2" fromWho="2" sc="250,-7,240,-4,250,25,250,-4" /><INIT seed="1,0,0,0,5,57" ten="243,236,275,246" oya="1" hai0="125,62,131,71,47,103,126,85,25,60,127,129,68" hai1="21,19,89,92,107,99,97,63,20,132,6,72,53" hai2="109,64,10,118,30,115,104,26,22,34,102,98,113" hai3="86,31,16,90,128,79,61,80,100,18,105,27,45"/><U66/><E72/><V135/><F118/><W58/><G128/><N who="0" m="49227" /><D103/><U32/><E132/><V35/><F109/><W67/><G100/><T40/><D85/><U11/><E32/><V17/><F135/><W49/><G105/><T15/><D15/><U122/><E122/><V69/><F10/><W119/><G119/><T37/><D25/><U5/><E53/><V46/><F46/><W65/><G65/><T82/><D82/><U88/><E107/><V117/><F117/><W124/><G79/><T101/><D101/><U84/><E89/><V93/><F93/><W0/><G0/><T52/><D52/><U133/><E133/><V76/><F76/><W7/><G7/><N who="1" m="2570" /><E11/><V87/><F87/><W73/><G73/><T33/><D33/><U108/><E108/><V48/><F48/><W44/><G124/><N who="0" m="31747" /><T134/><DORA hai="54" /><D134/><U110/><E110/><V81/><F81/><W14/><G14/><T55/><D55/><U23/><E19/><V51/><F51/><W77/><G77/><T116/><D116/><U75/><E75/><V24/><F34/><W3/><G3/><T36/><D36/><U94/><E94/><V83/><F83/><W111/><G111/><T78/><D78/><U9/><E9/><V70/><REACH who="2" step="1"/><F64/><REACH who="2" ten="243,236,265,246" step="2"/><W41/><G45/><T74/><D74/><U1/><E1/><V12/><F12/><W121/><G121/><T91/><D91/><U13/><E13/><V28/><F28/><W56/><G56/><AGARI ba="0,1" hai="20,21,23,56,63,66,84,88,92,97,99" m="2570" machi="56" ten="30,11600,0" yaku="8,1,52,2,54,1" doraHai="57,54" who="1" fromWho="3" sc="243,0,236,126,265,0,246,-116" /><INIT seed="1,1,0,2,1,70" ten="243,362,265,130" oya="1" hai0="105,123,112,95,121,36,4,101,71,31,134,58,64" hai1="43,41,62,9,104,126,78,16,24,87,67,128,56" hai2="5,32,83,55,14,0,30,51,118,13,115,106,60" hai3="27,85,84,1,135,69,86,6,131,130,89,68,119"/><U102/><E126/><V52/><F115/><W57/><G89/><T7/><D105/><U28/><E128/><N who="3" m="49194" /><G57/><T94/><D71/><N who="3" m="27209" /><G27/><T40/><D112/><U2/><E104/><V114/><F118/><W17/><G6/><N who="0" m="2091" /><D31/><U3/><E102/><V44/><F0/><W127/><G17/><T21/><D101/><U93/><E3/><V48/><F60/><W38/><G1/><T26/><D58/><U125/><E125/><V29/><F106/><W82/><G127/><T35/><D35/><U132/><E132/><V124/><F124/><W45/><G135/><T66/><D134/><U99/><E2/><V129/><F129/><W8/><G8/><T92/><D21/><N who="1" m="15375" /><E99/><V25/><F114/><W72/><G119/><T19/><D19/><U116/><E116/><V97/><F29/><W96/><G96/><T42/><D26/><U113/><E113/><V98/><F83/><W20/><G20/><T79/><D79/><U50/><E78/><V90/><F90/><W100/><G100/><T12/><D12/><N who="1" m="7183" /><E93/><N who="0" m="23809" /><T73/><DORA hai="46" /><D73/><U77/><E87/><N who="3" m="22274" /><W91/><DORA hai="110" /><G91/><T63/><D63/><U33/><E77/><V10/><REACH who="2" step="1"/><F13/><REACH who="2" ten="243,362,255,130" step="2"/><W120/><G82/><T37/><D121/><U80/><E80/><V81/><F81/><W23/><G120/><T49/><D123/><U122/><E122/><V65/><F65/><N who="0" m="25194" /><D49/><U59/><E33/><V74/><F74/><W53/><G72/><T76/><D76/><U107/><E107/><V47/><AGARI ba="1,1" hai="5,10,14,25,30,32,44,47,48,51,52,55,97,98" machi="47" ten="20,12000,2" yaku="1,1,0,1,7,1,9,1,52,2,54,1,53,0" doraHai="70,46,110" doraHaiUra="108,39,18" who="2" fromWho="2" sc="243,-31,362,-61,255,133,130,-31" /><INIT seed="2,0,0,3,2,68" ten="212,301,388,99" oya="2" hai0="103,117,34,2,129,28,90,5,86,16,49,112,95" hai1="43,18,58,54,45,102,19,42,13,1,87,135,20" hai2="61,89,78,84,23,51,22,92,15,93,32,73,24" hai3="65,56,48,106,75,133,100,37,7,55,69,21,111"/><V70/><F32/><W118/><G75/><T72/><D112/><U128/><E1/><V40/><F73/><W76/><G118/><T114/><D72/><U25/><E128/><V35/><F35/><W104/><G133/><T91/><D114/><U36/><E135/><V10/><F78/><W27/><G111/><T115/><D117/><U62/><E102/><V96/><F70/><W67/><G7/><T31/><D115/><U64/><E87/><V74/><F74/><W81/><G100/><T33/><D129/><U39/><E43/><V119/><F119/><W46/><G104/><T47/><D103/><U63/><E39/><V59/><F51/><W116/><G106/><T132/><D132/><U82/><E82/><V131/><F40/><N who="3" m="22799" /><G81/><T26/><D91/><U121/><E121/><V97/><F131/><W66/><G76/><T38/><D2/><U77/><E77/><V127/><F127/><W71/><G116/><T30/><D5/><U11/><REACH who="1" step="1"/><E64/><REACH who="1" ten="212,291,388,99" step="2"/><N who="3" m="24682" /><G21/><N who="0" m="13607" /><D34/><U29/><E29/><N who="2" m="17559" /><F23/><W14/><G14/><T57/><D33/><U125/><E125/><V113/><F113/><W9/><G27/><T99/><D86/><U120/><E120/><V109/><F84/><W8/><G8/><T41/><D31/><U12/><E12/><V79/><F15/><W110/><G9/><T80/><D80/><U101/><E101/><V50/><F10/><W88/><G110/><T6/><D6/><U17/><E17/><V44/><F109/><W83/><G83/><T107/><D107/><U105/><E105/><V134/><F79/><W3/><N who="3" m="24690" /><W126/><DORA hai="94" /><G126/><RYUUKYOKU ba="0,1" sc="212,15,291,15,388,-15,99,-15" hai0="28,30,38,41,47,49,57,90,95,99" hai1="11,13,18,19,20,25,36,42,45,54,58,62,63" /><INIT seed="3,1,1,4,4,39" ten="227,306,373,84" oya="3" hai0="22,30,45,48,61,126,133,87,38,127,55,120,121" hai1="70,69,130,0,107,44,71,108,102,134,124,9,3" hai2="14,2,41,73,98,96,11,86,12,35,10,118,135" hai3="89,99,23,111,36,82,123,59,17,42,60,24,34"/><W63/><G34/><T27/><D87/><U91/><E91/><V20/><F73/><W19/><G123/><N who="0" m="47179" /><D61/><U88/><E88/><V47/><F2/><W129/><G129/><T50/><D38/><U115/><E115/><V54/><F35/><W5/><G111/><T66/><D66/><U104/><E108/><V67/><F118/><W62/><G5/><T110/><D110/><U37/><E130/><V1/><F1/><N who="1" m="585" /><E9/><N who="2" m="3083" /><F67/><W83/><G19/><T51/><D133/><U81/><E134/><V92/><F135/><W103/><G59/><T13/><D13/><U97/><E124/><AGARI ba="1,1" hai="22,27,30,45,48,50,51,55,124,126,127" m="47179" machi="124" ten="30,1000,0" yaku="18,1" doraHai="39" who="0" fromWho="1" sc="227,23,306,-13,373,0,84,0" owari="250,-15.0,293,9.0,373,48.0,84,-42.0" /></mjloggm>