<mjloggm ver="2.3"><GO type="97" lobby="0"/><UN n0="%E3%82%A6%E3%83%AB%E3%83%88%E3%83%A9%E7%AB%8B%E7%9B%B4" n1="%E3%81%93%E3%81%AA%E3%81%9F%EF%BC%A0" n2="%E5%B8%B8%E5%8B%9D%E4%B8%8D%E6%95%97%EF%BC%81" n3="%E7%89%B9%E6%9D%B1%E3%82%AD%E3%83%B3%E3%82%B0" dan="15,14,14,14" rate="2024.33,1874.80,1913.69,1957.28" sx="M,M,M,M"/><TAIKYOKU oya="0"/><INIT seed="0,0,0,5,5,82" ten="250,250,250,250" oya="0" hai0="72,19,35,59,73,70,94,132,103,12,98,58,76" hai1="46,34,14,127,43,101,6,47,68,128,13,57,60" hai2="0,23,7,50,92,37,108,79,25,10,69,118,28" hai3="78,52,115,64,49,113,65,42,54,32,105,21,18"/><T104/><D35/><U119/><E34/><V112/><F69/><W51/><G32/><T11/><D70/><U99/><E119/><V44/><F37/><W30/><G105/><T31/><D132/><U29/><E127/><V45/><F112/><W95/><G115/><T56/><D31/><U100/><E128/><V41/><F118/><W62/><G78/><T81/><REACH who="0" step="1"/><D104/><REACH who="0" ten="240,250,250,250" step="2"/><U124/><E68/><V15/><F108/><W55/><G30/><T33/><D33/><U126/><E29/><V75/><F0/><W129/><G113/><T107/><D107/><U39/><E46/><V77/><F45/><W117/><G117/><T86/><AGARI ba="0,1" hai="11,12,19,56,58,59,72,73,76,81,86,94,98,103" machi="86" ten="30,11700,0" yaku="1,1,0,1,52,1,53,1" doraHai="82" doraHaiUra="91" who="0" fromWho="0" sc="240,127,250,-39,250,-39,250,-39" /><INIT seed="0,1,0,4,3,15" ten="367,211,211,211" oya="0" hai0="118,124,21,64,85,45,4,8,68,115,14,6,74" hai1="111,20,126,87,41,18,82,101,75,11,128,132,86" hai2="13,10,131,39,69,36,84,112,33,44,54,52,53" hai3="79,63,117,134,133,89,17,76,2,73,31,88,0"/><T3/><D74/><U97/><E126/><V66/><F33/><W43/><G73/><T19/><D118/><U94/><E128/><V77/><F131/><W1/><G117/><T38/><D115/><U103/><E111/><V12/><F112/><W96/><G43/><T25/><D124/><U93/><E132/><N who="3" m="50794" /><G31/><T127/><D127/><U58/><E41/><V35/><F35/><W125/><G125/><T113/><D113/><U23/><E75/><V32/><F32/><W116/><G116/><T107/><D107/><U105/><E58/><V114/><F114/><W48/><G48/><T47/><D38/><U60/><E60/><V110/><F110/><W22/><G63/><T120/><D120/><U65/><E65/><V27/><F69/><W5/><G5/><T70/><D70/><U81/><E105/><V62/><F66/><W42/><G42/><T26/><D64/><U40/><E40/><V7/><F27/><N who="3" m="14799" /><G89/><T55/><D68/><U80/><E11/><V78/><F13/><W29/><G29/><T95/><D6/><U9/><E9/><V91/><F39/><W71/><G71/><T56/><D3/><N who="3" m="769" /><W123/><DORA hai="50" /><G123/><T121/><D121/><U30/><E30/><V51/><F36/><W49/><G49/><N who="0" m="30831" /><D26/><N who="1" m="14615" /><E23/><V122/><F122/><W102/><G102/><T130/><D130/><U72/><E72/><V24/><F62/><W108/><G108/><T109/><D109/><U16/><E103/><V59/><F24/><W83/><G83/><T57/><D57/><U104/><E104/><V106/><F106/><W99/><G88/><AGARI ba="1,0" hai="4,8,14,19,21,25,45,47,85,88,95" m="30831" machi="88" ten="30,11600,0" yaku="8,1,52,2,54,1" doraHai="15,50" who="0" fromWho="3" sc="367,119,211,0,211,0,211,-119" /><INIT seed="0,2,0,3,1,25" ten="486,211,211,92" oya="0" hai0="135,45,118,28,38,62,129,21,74,52,32,79,133" hai1="93,70,27,124,76,14,83,86,9,123,31,39,103" hai2="63,100,24,48,128,111,120,130,16,115,96,113,51" hai3="107,104,2,11,34,110,91,88,84,53,119,43,105"/><T3/><D3/><U82/><E70/><V65/><F120/><W75/><G75/><T19/><D118/><U98/><E39/><V49/><F111/><W112/><G119/><T54/><D129/><N who="2" m="49770" /><F16/><W0/><G112/><N who="2" m="43081" /><F24/><W56/><G43/><T10/><D10/><U77/><E124/><V69/><F100/><W64/><G64/><T57/><D79/><U81/><E123/><V122/><F96/><W4/><G110/><T26/><D74/><U40/><E40/><V35/><F122/><W18/><G18/><T46/><D54/><U121/><E121/><V127/><F35/><W108/><G108/><T12/><D38/><U1/><E1/><V66/><F66/><W90/><G34/><T132/><AGARI ba="2,0" hai="12,19,21,26,28,32,45,46,52,57,62,132,133,135" machi="132" ten="30,11700,0" yaku="0,1,20,1,52,1,54,1" doraHai="25" who="0" fromWho="0" sc="486,123,211,-41,211,-41,92,-41" /><INIT seed="0,3,0,0,2,114" ten="609,170,170,51" oya="0" hai0="45,20,86,8,135,65,27,81,38,46,103,6,55" hai1="113,120,25,9,112,63,66,61,104,118,97,12,51" hai2="19,116,117,4,59,34,50,26,1,48,91,13,122" hai3="16,99,89,0,74,134,100,132,83,131,95,71,115"/><T36/><D135/><N who="3" m="51753" /><G0/><T87/><D65/><U127/><E120/><V88/><F122/><W76/><G71/><T31/><D103/><U57/><E127/><V35/><F1/><W42/><G42/><T21/><D86/><U30/><E104/><V40/><F4/><W85/><G16/><T2/><D21/><N who="1" m="15663" /><E51/><N who="2" m="19499" /><F59/><W14/><G14/><T18/><D55/><U129/><E129/><V11/><F40/><W126/><G115/><N who="1" m="44106" /><E97/><V32/><F26/><W58/><G58/><T44/><REACH who="0" step="1"/><D31/><REACH who="0" ten="599,170,170,51" step="2"/><U98/><E63/><V53/><F53/><W49/><G49/><T84/><D84/><U79/><E79/><AGARI ba="3,1" hai="2,6,8,18,20,27,36,38,44,45,46,79,81,87" machi="79" ten="40,2000,0" yaku="1,1,53,0" doraHai="114" doraHaiUra="92" who="0" fromWho="1" sc="599,39,170,-29,170,0,51,0" /><INIT seed="0,4,0,1,1,32" ten="638,141,170,51" oya="0" hai0="18,78,81,106,62,114,98,7,3,38,86,31,39" hai1="110,70,51,21,116,27,90,95,29,112,117,5,132" hai2="17,68,88,37,4,128,56,57,47,76,33,126,89" hai3="77,67,45,46,134,115,133,55,8,130,9,104,14"/><T19/><D114/><U28/><E112/><V66/><F33/><W135/><G115/><T20/><D31/><U103/><E70/><V0/><F76/><W69/><G104/><T40/><D19/><U119/><E132/><V120/><F120/><W13/><G77/><T72/><D86/><U82/><E5/><V49/><F126/><W129/><G69/><T74/><D74/><U113/><E113/><V23/><F128/><N who="3" m="49259" /><G55/><T22/><D62/><U92/><E110/><V109/><F109/><W16/><G67/><T24/><D22/><U65/><E65/><V100/><F100/><W60/><G60/><T107/><D98/><U59/><E29/><V102/><F102/><W41/><G41/><T15/><D15/><U73/><E103/><V75/><F75/><W30/><G30/><T85/><D85/><U54/><REACH who="1" step="1"/><E90/><REACH who="1" ten="638,131,170,51" step="2"/><V124/><F68/><W10/><G10/><N who="0" m="2431" /><D39/><U35/><E35/><V43/><F37/><W91/><G91/><T79/><D79/><AGARI ba="4,1" hai="21,27,28,51,54,59,73,79,82,92,95,116,117,119" machi="79" ten="40,1300,0" yaku="1,1,53,0" doraHai="32" doraHaiUra="71" who="1" fromWho="0" sc="638,-25,131,35,170,0,51,0" /><INIT seed="1,0,0,3,1,99" ten="613,166,170,51" oya="1" hai0="131,83,128,76,84,24,125,92,104,33,51,13,97" hai1="0,108,43,26,17,5,22,32,31,77,118,126,106" hai2="107,2,67,116,35,93,7,29,75,102,100,86,14" hai3="58,57,81,45,18,94,74,30,105,79,132,47,56"/><U49/><E106/><V63/><F2/><W71/><G71/><T4/><D104/><U28/><E77/><V109/><F75/><W120/><G105/><T127/><D51/><U122/><E49/><V52/><F109/><W11/><G30/><N who="0" m="19655" /><D13/><N who="1" m="9519" /><E43/><V23/><F35/><W25/><G120/><T9/><D9/><N who="1" m="2215" /><E122/><V1/><F1/><W80/><G132/><T113/><D4/><U117/><E126/><N who="0" m="48137" /><D113/><U73/><E73/><V41/><F41/><W133/><G133/><T115/><D115/><U53/><E53/><V91/><F67/><W20/><G80/><T12/><D12/><U121/><E121/><V119/><F107/><W8/><G94/><T66/><D66/><U123/><E123/><V98/><F98/><W101/><G101/><AGARI ba="0,0" hai="76,83,84,92,97,101,128,131" m="48137,19655" machi="101" ten="30,2000,0" yaku="18,1,52,1" doraHai="99" who="0" fromWho="3" sc="613,20,166,0,170,0,51,-20" /><INIT seed="2,0,0,5,3,118" ten="633,166,170,31" oya="2" hai0="130,19,13,82,63,36,78,108,97,30,100,29,133" hai1="25,127,6,114,135,67,1,59,18,83,77,125,102" hai2="17,34,62,22,128,49,110,95,103,92,44,106,10" hai3="52,91,90,132,119,134,86,73,104,70,9,26,93"/><V101/><F34/><W3/><G70/><T121/><D36/><U124/><E114/><V27/><F128/><W117/><G9/><T4/><D4/><U47/><E135/><N who="3" m="51754" /><G26/><T75/><D121/><U40/><E102/><V58/><F10/><W45/><G3/><T71/><D133/><U31/><E18/><V50/><F110/><W32/><G32/><T129/><D108/><U24/><E59/><V15/><F27/><W65/><G52/><T96/><D96/><U20/><E67/><N who="2" m="39383" /><F106/><W64/><G45/><T12/><D12/><U16/><E6/><V112/><F112/><W14/><G14/><T46/><D46/><U115/><E1/><V98/><F44/><W85/><G64/><N who="0" m="41375" /><D19/><U123/><E123/><V57/><F57/><W53/><G53/><T68/><D13/><N who="1" m="9231" /><E31/><V42/><F42/><W74/><G65/><T109/><D68/><U126/><N who="1" m="31744" /><DORA hai="105" /><U56/><E56/><V94/><F98/><W0/><G0/><T55/><D55/><U131/><E131/><N who="0" m="50185" /><D109/><U80/><E115/><V107/><F107/><AGARI ba="0,0" hai="29,30,75,78,82,97,100,107" m="50185,41375" machi="107" ten="30,2000,0" yaku="19,1,52,1" doraHai="118,105" who="0" fromWho="2" sc="633,20,166,0,170,-20,31,0" /><INIT seed="3,0,0,2,1,38" ten="653,166,150,31" oya="3" hai0="110,7,12,21,130,102,126,13,79,132,120,24,90" hai1="44,112,76,19,63,106,22,121,68,113,52,128,2" hai2="109,55,43,127,108,96,92,82,28,62,11,83,16" hai3="88,56,94,111,129,100,114,5,105,65,49,54,69"/><W86/><G114/><T6/><D120/><U3/><E106/><V61/><F127/><W71/><G129/><T36/><D36/><U18/><E121/><V60/><F28/><W10/><G111/><N who="2" m="42569" /><F43/><W31/><G31/><T95/><D102/><U123/><E128/><V81/><F55/><W124/><G124/><T34/><D34/><U72/><E123/><V133/><F133/><W125/><G125/><T58/><D126/><U35/><E35/><V14/><F81/><W134/><G134/><T30/><D132/><U77/><E68/><V131/><F131/><W46/><G100/><AGARI ba="0,0" hai="11,14,16,60,61,62,82,83,92,96,100" m="42569" machi="100" ten="30,2000,0" yaku="14,1,54,1" doraHai="38" who="2" fromWho="3" sc="653,0,166,0,150,20,31,-20" owari="653,75.0,166,-23.0,170,-3.0,11,-49.0" /></mjloggm>