<mjloggm ver="2.3"><GO type="225" lobby="0"/><UN n0="%E3%82%B3%E3%83%BC%E3%83%B3%E3%83%9D%E3%82%BF%E3%83%BC%E3%82%B8%E3%83%A5" n1="%69%73%61%6B%75%79%61" n2="%E3%82%A6%E3%83%AB%E3%83%88%E3%83%A9%E7%AB%8B%E7%9B%B4" n3="%EF%BC%93%EF%BD%90%E3%81%8C%E3%83%84%E3%83%A2%E3%82%8C%E3%81%AA%E3%81%84" dan="16,17,16,17" rate="2102.60,2122.55,2014.92,2125.20" sx="M,M,M,M"/><TAIKYOKU oya="0"/><INIT seed="0,0,0,3,0,30" ten="250,250,250,250" oya="0" hai0="80,37,93,21,56,48,78,35,45,15,60,70,4" hai1="52,100,59,111,6,129,79,44,46,68,14,135,119" hai2="90,76,50,75,134,98,110,106,115,81,16,61,84" hai3="99,74,123,32,27,104,125,122,9,64,40,102,2"/><T96/><D70/><U101/><E68/><V22/><F115/><W43/><G74/><T1/><D37/><U33/><E119/><V114/><F114/><W0/><G64/><T127/><D127/><U77/><E111/><V108/><F134/><W112/><G112/><T105/><D105/><U133/><E129/><V88/><F50/><W10/><G125/><T89/><D1/><N who="3" m="617" /><G40/><T12/><D4/><U67/><E67/><V87/><F61/><W83/><G83/><T121/><D21/><U24/><E101/><N who="2" m="62775" /><F87/><W131/><G43/><N who="0" m="24639" /><D35/><U120/><E100/><V53/><F53/><W19/><G131/><T72/><D72/><U28/><E79/><V62/><F62/><W8/><G19/><T71/><D71/><U20/><E77/><V128/><F128/><W26/><G32/><T54/><D121/><AGARI ba="0,0" hai="8,9,10,26,27,99,102,104,121,122,123" m="617" machi="121" ten="40,1300,0" yaku="13,1" doraHai="30" who="3" fromWho="0" sc="250,-13,250,0,250,0,250,13" /><INIT seed="1,0,0,1,2,27" ten="237,250,250,263" oya="1" hai0="28,50,108,33,114,124,30,29,7,134,55,105,9" hai1="42,121,49,63,106,107,13,78,32,56,73,38,115" hai2="135,95,4,5,120,131,69,92,83,23,79,93,109" hai3="97,96,103,104,66,59,40,1,75,128,74,65,43"/><U10/><E115/><V89/><F69/><W6/><G128/><T14/><D114/><U41/><E121/><V16/><F120/><W110/><G110/><T22/><D108/><U118/><E118/><V44/><F109/><W111/><G111/><T15/><D105/><U132/><E38/><V39/><F131/><W35/><G35/><T21/><D124/><U64/><E132/><V117/><F117/><W98/><G103/><T67/><D134/><U72/><E32/><V19/><F89/><W91/><G91/><T71/><D33/><U70/><E72/><V3/><F135/><W53/><G104/><T88/><D88/><U54/><E73/><V80/><F3/><W24/><G74/><T17/><D71/><U48/><E78/><V99/><F99/><W60/><G75/><T62/><D67/><U130/><E130/><V12/><F39/><W34/><G65/><T94/><D94/><U11/><E11/><N who="2" m="6175" /><F44/><W36/><G36/><T31/><D62/><U52/><E107/><V102/><F102/><W126/><G126/><T20/><N who="0" m="7168" /><DORA hai="90" /><T46/><AGARI ba="0,0" hai="7,9,14,15,17,20,21,22,46,50,55" m="7168" machi="46" ten="40,12000,2" yaku="4,1,0,1,8,1,52,4" doraHai="27,90" who="0" fromWho="0" sc="237,120,250,-60,250,-30,263,-30" /><INIT seed="2,0,0,2,2,2" ten="357,190,220,233" oya="2" hai0="31,15,56,118,68,53,23,103,72,10,45,49,120" hai1="36,50,6,11,25,40,94,111,63,124,59,89,85" hai2="19,34,75,74,99,65,112,78,115,93,5,119,8" hai3="71,3,129,98,133,105,58,80,46,67,79,88,66"/><V64/><F34/><W62/><G129/><T90/><D118/><U76/><E36/><V29/><F29/><W116/><G116/><T127/><D127/><U91/><E111/><V13/><F119/><W110/><G110/><T87/><D120/><U30/><E124/><V96/><F112/><W77/><G133/><T1/><D1/><U57/><E76/><V114/><F115/><W126/><G126/><T101/><D68/><U128/><E128/><V0/><F114/><W39/><G3/><T52/><D72/><U17/><E17/><V134/><F134/><W84/><G105/><T121/><D121/><U102/><E102/><V104/><F104/><W47/><G39/><T54/><D23/><N who="1" m="15679" /><E89/><V92/><F75/><W51/><G71/><T14/><D31/><U12/><E63/><V18/><F78/><N who="3" m="29707" /><G67/><N who="2" m="25673" /><F74/><W70/><G70/><T24/><D24/><U122/><E122/><V41/><F0/><W48/><G98/><N who="2" m="37417" /><F41/><W61/><G61/><N who="0" m="35975" /><D53/><U106/><E106/><V131/><F131/><W125/><G125/><T16/><D15/><U135/><E135/><V83/><F83/><AGARI ba="0,0" hai="10,14,16,45,49,54,83,87,90,101,103" m="35975" machi="83" ten="30,7700,0" yaku="25,1,8,1,54,2" doraHai="2" who="0" fromWho="2" sc="357,77,190,0,220,-77,233,0" /><INIT seed="3,0,0,3,0,127" ten="434,190,143,233" oya="3" hai0="63,67,5,22,44,1,121,101,110,72,62,35,41" hai1="21,95,31,24,0,9,100,33,42,132,78,29,123" hai2="81,38,128,93,117,54,28,58,12,51,108,87,64" hai3="89,102,125,133,15,86,75,94,130,16,45,52,119"/><W36/><G133/><T131/><D35/><U88/><E123/><V37/><F117/><W56/><G125/><T17/><D72/><U90/><E132/><V109/><F93/><W27/><G75/><T111/><D121/><U2/><E78/><V46/><F12/><W66/><G27/><T116/><D116/><U10/><E42/><V126/><F28/><W69/><G102/><T23/><D101/><U96/><E33/><V32/><F87/><W61/><G119/><T30/><D30/><U57/><E31/><V124/><F81/><W97/><G97/><T103/><D103/><U40/><E40/><V14/><F14/><W80/><G80/><T13/><D23/><U92/><E57/><V18/><F18/><W84/><G84/><T114/><D67/><U53/><E53/><V85/><F85/><W39/><G45/><T122/><D122/><U70/><E70/><V59/><F32/><W20/><G130/><T107/><D131/><U77/><E77/><V82/><F82/><W43/><G43/><T98/><D114/><U105/><E105/><V55/><F64/><W3/><G3/><T106/><D98/><U25/><E25/><V49/><F46/><W26/><G26/><T74/><D74/><U99/><E100/><V83/><F83/><W6/><G6/><T4/><D106/><U134/><E134/><V19/><F19/><W135/><G135/><T79/><D107/><U68/><E0/><V104/><F104/><W120/><G120/><T34/><D1/><U50/><E2/><V71/><F71/><W73/><G69/><T76/><D41/><RYUUKYOKU ba="0,0" sc="434,-10,190,-10,143,30,233,-10" hai2="37,38,49,51,54,55,58,59,108,109,124,126,128" owari="424,53.0,180,-22.0,173,-33.0,223,2.0" /></mjloggm>