<mjloggm ver="2.3"><GO type="41" lobby="0"/><UN n0="%E3%82%A6%E3%83%AB%E3%83%88%E3%83%A9%E7%AB%8B%E7%9B%B4" n1="%E3%82%AF%E3%83%9D" n2="%E3%81%95%E3%83%BC%E3%82%84" n3="%73%65%69%6E%75" dan="15,14,15,15" rate="1989.99,1950.33,2132.82,2154.54" sx="M,M,F,M"/><TAIKYOKU oya="0"/><INIT seed="0,0,0,3,2,14" ten="250,250,250,250" oya="0" hai0="11,135,28,90,80,61,37,19,106,107,82,12,124" hai1="36,25,88,93,5,111,121,83,132,129,18,69,40" hai2="128,99,119,46,115,96,89,57,55,27,71,131,110" hai3="126,34,56,47,42,4,117,50,65,123,78,33,41"/><T102/><D37/><U3/><E69/><V38/><F115/><W0/><G117/><T100/><D124/><U122/><E83/><V103/><F71/><W53/><G123/><T120/><D120/><U112/><E112/><V94/><F119/><W10/><G126/><T104/><D135/><U1/><E132/><V118/><F118/><W43/><G65/><T32/><D28/><U68/><E68/><V125/><F125/><W24/><G78/><T29/><D29/><U54/><E40/><V81/><F110/><W133/><G133/><T76/><D32/><U116/><E36/><V101/><F46/><W63/><G24/><T16/><D61/><U70/><E70/><V130/><F38/><W13/><G0/><T87/><REACH who="0" step="1"/><D19/><REACH who="0" ten="240,250,250,250" step="2"/><U85/><E122/><V35/><F131/><W20/><G34/><T134/><D134/><U67/><E129/><V6/><F35/><W17/><G33/><T84/><AGARI ba="0,1" hai="11,12,16,76,80,82,84,87,90,100,102,104,106,107" machi="84" ten="40,12000,1" yaku="1,1,0,1,52,1,54,1,53,0" doraHai="14" doraHaiUra="114" who="0" fromWho="0" sc="240,130,250,-40,250,-40,250,-40" /><INIT seed="0,1,0,4,1,117" ten="370,210,210,210" oya="0" hai0="105,133,51,29,125,104,45,85,43,26,97,75,94" hai1="123,103,24,58,127,71,88,20,33,38,128,47,108" hai2="78,121,14,42,69,48,4,34,76,129,9,95,59" hai3="92,44,18,106,81,46,11,55,93,23,65,63,68"/><T80/><D75/><U16/><E71/><V83/><F69/><W49/><G106/><T40/><D125/><U12/><E123/><V110/><F34/><W89/><G11/><T13/><D43/><U41/><E128/><V57/><F129/><W7/><G7/><T52/><D40/><U101/><E127/><V116/><F116/><W62/><G46/><T37/><D37/><U119/><E119/><V15/><F110/><W21/><G63/><T132/><D13/><U61/><E108/><V3/><F121/><W53/><G53/><T77/><D132/><U120/><E120/><V67/><F78/><W87/><REACH who="3" step="1"/><G23/><REACH who="3" ten="370,210,210,200" step="2"/><T91/><D133/><U109/><E109/><V32/><F9/><W73/><G73/><T102/><D104/><U82/><E33/><V19/><F4/><W60/><G60/><T25/><D29/><U6/><E6/><V100/><F32/><W112/><G112/><T39/><D39/><U72/><E72/><V84/><F3/><W70/><G70/><T54/><D54/><U130/><E130/><V8/><F8/><W35/><G35/><T0/><D0/><U115/><E115/><V113/><F113/><W131/><G131/><T56/><D45/><U86/><E24/><AGARI ba="1,1" hai="18,21,24,44,49,55,62,65,68,81,87,89,92,93" machi="24" ten="30,3900,0" yaku="1,1,7,1,53,1" doraHai="117" doraHaiUra="17" who="3" fromWho="1" sc="370,0,210,-42,210,0,200,52" /><INIT seed="1,0,0,2,2,112" ten="370,168,210,252" oya="1" hai0="94,130,80,35,85,78,90,115,12,61,118,4,36" hai1="101,16,119,45,96,74,75,42,21,50,82,70,106" hai2="95,113,79,47,123,39,105,104,108,24,67,22,120" hai3="114,41,25,117,73,71,88,126,125,34,46,51,68"/><U33/><E33/><V29/><F108/><W100/><G114/><T99/><D35/><U49/><E70/><V56/><F113/><W15/><G73/><T37/><D115/><U107/><E107/><V28/><F79/><W116/><G100/><T102/><D130/><U84/><E50/><V10/><F105/><W65/><G65/><T122/><D122/><U124/><E124/><N who="3" m="47722" /><G88/><T2/><D2/><U11/><E11/><V83/><F83/><W57/><G57/><T131/><D131/><U76/><REACH who="1" step="1"/><E119/><REACH who="1" ten="370,158,210,252" step="2"/><N who="3" m="45642" /><G15/><AGARI ba="0,1" hai="15,16,21,42,45,49,74,75,76,82,84,96,101,106" machi="15" ten="30,11600,0" yaku="1,1,7,1,54,1,53,1" doraHai="112" doraHaiUra="72" who="1" fromWho="3" sc="370,0,158,126,210,0,252,-116" /><INIT seed="1,1,0,0,4,50" ten="370,284,210,136" oya="1" hai0="116,13,91,131,80,62,35,24,104,1,63,88,43" hai1="94,83,129,5,65,122,78,39,117,114,46,11,25" hai2="84,68,70,33,130,105,128,61,89,22,93,16,66" hai3="102,124,96,36,126,82,31,127,59,10,92,113,108"/><U125/><E122/><V103/><F33/><W54/><G36/><T27/><D1/><U7/><E117/><V47/><F70/><W15/><G31/><T28/><D104/><U87/><E114/><V34/><F34/><W58/><G113/><T2/><D2/><U71/><E129/><V37/><F105/><W86/><G108/><T76/><D116/><U53/><E125/><V6/><F6/><W32/><G32/><T111/><D27/><U29/><E39/><V56/><F103/><W101/><G101/><T17/><D43/><U20/><E65/><V14/><REACH who="2" step="1"/><F68/><REACH who="2" ten="370,284,200,136" step="2"/><W74/><G126/><T19/><D35/><U38/><E71/><V118/><F118/><W51/><G127/><T12/><D111/><U57/><E38/><V107/><F107/><W100/><G100/><T115/><D115/><U90/><E11/><V79/><F79/><W9/><G124/><T112/><D76/><U132/><E132/><V99/><F99/><W135/><G135/><T81/><D112/><U0/><E0/><V55/><F55/><W4/><G10/><T72/><D131/><U95/><E78/><V123/><F123/><W42/><G42/><AGARI ba="1,1" hai="14,16,22,37,42,47,56,61,66,84,89,93,128,130" machi="42" ten="40,5200,0" yaku="1,1,54,1,53,1" doraHai="50" doraHaiUra="8" who="2" fromWho="3" sc="370,0,284,0,200,65,136,-55" /><INIT seed="2,0,0,3,1,83" ten="370,284,265,81" oya="2" hai0="57,4,72,36,35,13,26,49,101,25,122,38,77" hai1="20,73,33,32,18,85,102,62,118,84,112,79,31" hai2="76,114,96,17,127,115,99,5,60,106,80,42,108" hai3="113,94,131,61,105,86,68,3,104,87,103,34,66"/><V12/><F5/><W78/><G3/><T37/><D101/><U124/><E118/><V24/><F127/><W69/><G34/><T2/><D13/><U59/><E112/><V9/><F108/><W134/><G113/><T125/><D49/><U51/><E51/><V15/><F24/><W91/><G69/><T16/><D57/><U55/><E102/><V107/><F42/><W28/><G134/><T43/><D16/><U45/><E45/><V95/><F60/><W11/><G131/><T97/><D26/><U19/><E124/><V89/><F15/><W117/><G28/><T88/><D122/><U53/><E53/><V56/><F56/><W132/><G132/><T22/><D22/><U14/><E18/><V98/><F115/><W23/><G23/><T92/><D25/><U109/><E109/><V129/><F129/><W133/><G133/><T100/><D35/><U39/><E39/><V1/><F1/><W111/><G117/><T71/><D71/><U41/><E41/><V0/><F0/><W54/><G111/><T8/><D125/><U128/><E128/><V120/><F120/><W82/><G11/><T116/><D116/><U40/><E40/><V93/><F114/><W27/><G27/><T7/><D7/><U64/><E64/><V130/><F130/><W30/><G30/><T81/><D100/><U29/><E32/><V50/><F50/><W65/><G65/><T21/><D21/><U63/><E63/><V135/><F135/><W10/><G103/><T126/><D126/><U47/><E33/><V46/><F107/><N who="3" m="41035" /><G10/><T110/><D110/><RYUUKYOKU ba="0,0" sc="370,15,284,-15,265,-15,81,15" hai0="2,4,8,36,37,38,43,72,77,81,88,92,97" hai3="54,61,66,68,78,82,86,87,91,94" /><INIT seed="3,1,0,0,3,122" ten="385,269,250,96" oya="3" hai0="23,18,111,116,27,99,133,65,104,86,41,80,15" hai1="67,28,129,20,0,121,12,74,110,88,102,58,2" hai2="123,9,96,64,63,30,39,10,54,71,87,97,62" hai3="108,5,93,98,105,92,48,34,100,7,114,132,40"/><W76/><G34/><T55/><D116/><U51/><E74/><V75/><F75/><W45/><G114/><T120/><D120/><U3/><E102/><V115/><F39/><W77/><G132/><T17/><D41/><U82/><E67/><V89/><F123/><W70/><G70/><T127/><D65/><U36/><E36/><V112/><F30/><W128/><G128/><T126/><D99/><U31/><E129/><V91/><F64/><W61/><G61/><T14/><D104/><U29/><E58/><V134/><F87/><W85/><G105/><T81/><D55/><U106/><E51/><V24/><F24/><W125/><G108/><T47/><D47/><U90/><E82/><V22/><F22/><W83/><G125/><T109/><D27/><U8/><E106/><V57/><F57/><W52/><G77/><T94/><D94/><U50/><E50/><V107/><F107/><W38/><REACH who="3" step="1"/><G93/><REACH who="3" ten="385,269,250,86" step="2"/><T95/><D95/><U43/><E110/><V21/><F134/><W42/><G42/><T131/><D131/><U103/><E43/><V6/><F71/><W33/><G33/><T72/><D133/><U113/><E113/><V4/><F54/><W78/><G78/><T68/><D68/><U35/><E35/><V53/><F53/><W16/><G16/><T25/><D126/><U37/><E121/><V79/><F79/><W60/><G60/><T19/><D127/><U118/><E31/><V59/><F115/><W11/><G11/><T66/><D18/><U32/><E29/><V44/><F112/><W117/><G117/><T119/><D19/><RYUUKYOKU ba="1,1" sc="385,-10,269,-10,250,-10,86,30" hai3="5,7,38,40,45,48,52,76,83,85,92,98,100" /><INIT seed="3,2,1,0,1,132" ten="375,259,240,116" oya="3" hai0="72,93,80,45,91,109,102,6,47,115,28,35,11" hai1="42,40,57,75,74,19,117,73,31,4,120,134,122" hai2="100,125,55,53,0,67,62,17,51,121,79,105,59" hai3="3,92,94,25,13,97,43,16,106,118,36,95,44"/><W10/><G3/><T84/><D115/><U33/><E4/><V63/><F0/><W46/><G118/><T61/><D109/><U98/><E117/><V71/><F79/><W90/><G106/><T85/><D28/><U111/><E98/><V119/><F119/><W37/><REACH who="3" step="1"/><G25/><REACH who="3" ten="375,259,240,106" step="2"/><T7/><D35/><U18/><E33/><V112/><F105/><W87/><G87/><T103/><D84/><U1/><E1/><V34/><F34/><W96/><G96/><T107/><D107/><U78/><E74/><V41/><F112/><W124/><G124/><T22/><D85/><U99/><E75/><V123/><F125/><W29/><G29/><T5/><D72/><U114/><E31/><V82/><F123/><W27/><G27/><T135/><D135/><U129/><E73/><V68/><F121/><W66/><G66/><T12/><D12/><U9/><E134/><V113/><F67/><W77/><G77/><T70/><D5/><U83/><E78/><V8/><F113/><W20/><G20/><T65/><D6/><U127/><E127/><V38/><F8/><W56/><G56/><T133/><D22/><U60/><E57/><V86/><F59/><W108/><G108/><T130/><D133/><U89/><E111/><V110/><F86/><W2/><G2/><T48/><D7/><U88/><E114/><V64/><F64/><W14/><G14/><T30/><D65/><U24/><E122/><V50/><F110/><W15/><G15/><T131/><D30/><U116/><E120/><V81/><F71/><W54/><G54/><T26/><D70/><RYUUKYOKU ba="2,2" sc="375,-10,259,-10,240,-10,106,30" hai3="10,13,16,36,37,43,44,46,90,92,94,95,97" /><INIT seed="3,3,2,1,5,128" ten="365,249,230,136" oya="3" hai0="73,24,132,84,50,54,130,3,40,133,32,34,62" hai1="118,124,36,113,115,8,48,56,121,37,100,67,106" hai2="29,85,112,14,88,129,111,0,22,131,116,45,91" hai3="66,59,95,44,43,83,28,41,61,119,18,125,6"/><W31/><G119/><T114/><D73/><U5/><E100/><V75/><F0/><W60/><G125/><T98/><D3/><U9/><E106/><V135/><F75/><W64/><G6/><T16/><D130/><N who="2" m="49674" /><F116/><W68/><G83/><T86/><D98/><U72/><E72/><V122/><F112/><W39/><G43/><T55/><D40/><U120/><E67/><V51/><F111/><W93/><REACH who="3" step="1"/><G18/><REACH who="3" ten="365,249,230,126" step="2"/><T21/><D114/><U69/><E5/><V15/><F122/><W53/><G53/><T134/><D55/><U107/><E121/><V47/><F29/><AGARI ba="3,3" hai="28,29,31,39,41,44,59,60,61,64,66,68,93,95" machi="29" ten="40,2000,0" yaku="1,1,53,0" doraHai="128" doraHaiUra="87" who="3" fromWho="2" sc="365,0,249,0,230,-29,126,59" /><INIT seed="3,4,0,2,0,135" ten="365,249,201,185" oya="3" hai0="67,65,121,108,55,73,70,76,3,92,101,84,113" hai1="134,120,48,77,16,22,9,56,36,115,111,131,44" hai2="74,93,125,23,17,45,57,85,64,26,107,132,62" hai3="118,116,49,2,18,90,126,71,63,81,12,60,54"/><W51/><G2/><T98/><D3/><U128/><E120/><V25/><F107/><W53/><G126/><T50/><D121/><U133/><E77/><V87/><F74/><W4/><G4/><T122/><D70/><U69/><E69/><V47/><F132/><N who="1" m="50793" /><E9/><V27/><F125/><W42/><G42/><T52/><D73/><U58/><E36/><V7/><F7/><W119/><G71/><T114/><D108/><U72/><E72/><V29/><F29/><W1/><G1/><T104/><D55/><N who="1" m="30087" /><E111/><V20/><F20/><W82/><G90/><N who="0" m="53319" /><D76/><U43/><E43/><V88/><REACH who="2" step="1"/><F87/><REACH who="2" ten="365,249,191,185" step="2"/><W5/><G5/><T59/><D122/><U94/><E115/><AGARI ba="4,1" hai="50,52,59,65,67,98,101,104,113,114,115" m="53319" machi="115" ten="30,2000,0" yaku="11,1,54,1" doraHai="135" who="0" fromWho="1" sc="365,42,249,-32,191,0,185,0" /><INIT seed="4,0,0,4,5,130" ten="407,217,191,185" oya="0" hai0="58,135,128,7,121,22,96,123,57,88,103,83,41" hai1="87,11,27,119,100,3,48,97,63,42,124,70,46" hai2="52,104,80,109,53,92,21,78,32,10,14,90,34" hai3="68,113,82,23,122,9,73,44,33,25,69,75,12"/><T132/><D7/><U95/><E119/><V56/><F104/><W86/><G33/><T74/><D41/><U18/><E124/><V108/><F21/><W60/><G122/><N who="0" m="46603" /><D22/><U115/><E115/><V47/><F47/><W13/><G113/><T133/><D128/><U17/><E3/><V112/><F112/><W126/><G126/><T111/><D111/><U91/><E11/><V118/><F118/><W116/><G116/><T29/><D29/><U107/><E27/><V93/><F34/><W94/><G12/><T105/><D88/><U71/><E71/><V1/><F1/><W5/><G94/><T65/><D65/><U129/><E129/><V77/><F32/><W54/><G69/><T45/><D45/><U35/><E35/><V131/><F131/><W43/><G68/><T89/><D89/><U24/><E24/><V67/><F67/><W120/><G120/><T50/><D50/><U6/><E6/><V99/><F93/><W127/><G127/><T26/><D26/><U49/><E49/><V36/><F78/><AGARI ba="0,0" hai="57,58,74,78,83,96,103,105,132,133,135" m="46603" machi="78" ten="40,12000,1" yaku="20,1,52,3" doraHai="130" who="0" fromWho="2" sc="407,120,217,0,191,-120,185,0" /><INIT seed="4,1,0,0,3,45" ten="527,217,71,185" oya="0" hai0="18,25,51,34,20,124,126,0,109,37,42,9,47" hai1="84,12,118,129,97,58,90,110,69,33,4,99,64" hai2="128,11,71,52,121,74,19,112,23,133,28,31,86" hai3="132,98,3,17,135,56,117,87,40,68,100,16,62"/><T29/><D109/><U43/><E33/><V48/><F74/><W30/><G3/><T1/><D37/><U120/><E69/><V8/><F71/><W38/><G68/><T57/><D57/><U76/><E76/><V35/><F121/><W79/><G30/><N who="2" m="11305" /><F35/><W85/><G117/><T6/><REACH who="0" step="1"/><D1/><REACH who="0" ten="517,217,71,185" step="2"/><U94/><E58/><V115/><F133/><W66/><G38/><T39/><D39/><U123/><E110/><V60/><F128/><W65/><G135/><T111/><D111/><U116/><E129/><V96/><F115/><W106/><G132/><T83/><D83/><U7/><E123/><V21/><F112/><W93/><G56/><T78/><D78/><U107/><E120/><V14/><F60/><W101/><G79/><T114/><D114/><U55/><E118/><V72/><F72/><W75/><G62/><T113/><D113/><U104/><E116/><V44/><F96/><W15/><G75/><T46/><D46/><U73/><E99/><V105/><F105/><W53/><G98/><T32/><D32/><U36/><E97/><V59/><F44/><W54/><G106/><T82/><D82/><U70/><E73/><V13/><F86/><W80/><G80/><T2/><D2/><U122/><E107/><V119/><F119/><W50/><G93/><T81/><D81/><U103/><E94/><V61/><F61/><W127/><G101/><T89/><D89/><U10/><E103/><V102/><F102/><W95/><G100/><T125/><D125/><U27/><E104/><V134/><F134/><W5/><G127/><T22/><D22/><RYUUKYOKU ba="1,1" sc="517,15,217,-15,71,15,185,-15" hai0="0,6,9,18,20,25,29,34,42,47,51,124,126" hai2="8,11,13,14,19,21,23,48,52,59" /><INIT seed="4,2,1,1,3,109" ten="532,202,86,170" oya="0" hai0="58,123,63,90,62,73,88,99,11,13,126,42,86" hai1="31,6,0,59,133,83,108,102,7,27,92,103,113" hai2="129,39,32,29,127,94,52,106,28,9,3,128,24" hai3="34,18,17,61,97,2,117,85,111,114,67,87,130"/><T110/><D73/><U115/><E133/><V96/><F106/><W30/><G2/><T100/><D123/><U47/><E108/><V55/><F39/><W12/><G111/><T84/><D126/><U51/><E59/><V60/><F127/><W116/><G130/><N who="2" m="50281" /><F29/><W5/><G34/><T14/><D42/><U66/><E66/><V44/><F60/><W77/><G30/><T20/><D20/><U101/><E83/><V112/><F44/><W78/><G97/><T118/><D118/><U82/><E82/><V41/><F41/><W76/><G61/><T53/><D63/><U19/><E19/><V54/><F3/><W104/><G67/><T134/><D134/><U48/><E92/><V26/><F26/><W33/><G117/><T4/><D110/><U71/><E71/><V1/><F1/><W46/><G5/><N who="1" m="1546" /><E47/><V105/><F105/><W21/><G46/><T35/><D100/><U64/><E64/><V25/><F25/><W45/><G18/><T40/><D99/><U57/><E0/><V80/><F80/><W95/><G104/><T65/><D40/><U15/><E15/><V131/><N who="2" m="50289" /><V79/><DORA hai="124" /><F79/><W22/><G77/><T107/><D14/><U119/><E119/><V43/><F43/><W122/><G116/><T69/><D107/><U36/><E36/><V56/><F56/><W37/><G78/><T38/><D38/><U135/><E135/><V70/><F70/><W8/><G76/><T89/><D69/><U98/><E57/><V81/><F81/><W68/><G37/><T74/><D58/><U23/><E31/><RYUUKYOKU ba="2,1" sc="532,0,202,0,86,0,170,0" /><INIT seed="5,3,1,2,0,84" ten="532,202,86,170" oya="1" hai0="22,70,113,26,95,41,60,107,57,67,30,93,29" hai1="102,89,55,74,94,71,21,81,125,96,79,38,27" hai2="100,50,77,85,115,120,68,82,63,131,6,58,37" hai3="48,114,61,111,123,31,9,44,91,121,13,54,128"/><U20/><E71/><V119/><F119/><W35/><G111/><T112/><D107/><U122/><E38/><V108/><F108/><W46/><G114/><N who="0" m="44139" /><D41/><U135/><E135/><V0/><F115/><W64/><G128/><T15/><D30/><U124/><E122/><V72/><F37/><W42/><G31/><T83/><D57/><U47/><E47/><V103/><F120/><W116/><G35/><T59/><D59/><U8/><E8/><V12/><F0/><W130/><G116/><T5/><D83/><U126/><E55/><V1/><F1/><W65/><G130/><T132/><D132/><U14/><E14/><V106/><F131/><W32/><G32/><T45/><D45/><U3/><E3/><V24/><F106/><W69/><G65/><T53/><D53/><U7/><E7/><V4/><F68/><W19/><G46/><T18/><D5/><U33/><E33/><AGARI ba="3,1" hai="15,18,22,26,29,33,60,67,70,93,95" m="44139" machi="33" ten="30,1000,0" yaku="15,1" doraHai="84" who="0" fromWho="1" sc="532,29,202,-19,86,0,170,0" /><INIT seed="6,0,0,0,1,59" ten="561,183,86,170" oya="2" hai0="109,64,62,120,71,35,85,97,28,98,89,93,36" hai1="74,112,99,17,26,23,113,10,20,24,48,124,1" hai2="94,86,51,122,84,69,40,52,9,72,66,42,107" hai3="111,58,15,49,67,90,110,123,128,116,19,82,76"/><V3/><F72/><W43/><G123/><T80/><D36/><U75/><E124/><V14/><F107/><W55/><G116/><T11/><D109/><U68/><E68/><V50/><F3/><W78/><G128/><T33/><D98/><U77/><E99/><V132/><F122/><W127/><G127/><T16/><D28/><U81/><E48/><V101/><F132/><W37/><G37/><T54/><D54/><U92/><E92/><V114/><F114/><N who="1" m="44137" /><E10/><V32/><F32/><W12/><G67/><T65/><D65/><U96/><E96/><N who="2" m="59543" /><F69/><W34/><G34/><T22/><D11/><U57/><E57/><N who="2" m="32919" /><F66/><W47/><G111/><T70/><D70/><U29/><E1/><V79/><F79/><W39/><G110/><T60/><D120/><U104/><E104/><V73/><F73/><AGARI ba="0,0" hai="17,20,23,24,26,29,73,74,75,77,81" m="44137" machi="73" ten="30,1000,0" yaku="15,1" doraHai="59" who="1" fromWho="2" sc="561,0,183,10,86,-10,170,0" /><INIT seed="7,0,0,2,1,44" ten="561,193,76,170" oya="3" hai0="109,63,15,42,66,91,67,3,101,57,102,11,100" hai1="92,105,10,80,84,126,1,110,29,99,34,53,46" hai2="75,13,51,120,76,111,28,14,20,117,4,35,36" hai3="6,17,121,8,112,49,33,39,73,77,72,65,81"/><W134/><G39/><T24/><D3/><U60/><E105/><V41/><F36/><W79/><G33/><T52/><D42/><U5/><E126/><V127/><F111/><W32/><G121/><T43/><D43/><U2/><E2/><V130/><F117/><W62/><G32/><T90/><D24/><U16/><E16/><V7/><F127/><W133/><G112/><T106/><D106/><U61/><E29/><V119/><F119/><W54/><G17/><T58/><D109/><U70/><E70/><V135/><F120/><W122/><G122/><T71/><D71/><U48/><E34/><V94/><F35/><W129/><G129/><T87/><D58/><U83/><E83/><V93/><F130/><W116/><G116/><T12/><D12/><U59/><E59/><V88/><F135/><N who="3" m="51723" /><G62/><T114/><D114/><U21/><E21/><V98/><F75/><N who="3" m="43199" /><G65/><N who="0" m="24587" /><D87/><U86/><E86/><V27/><F76/><W96/><G96/><T18/><AGARI ba="0,0" hai="11,15,18,52,57,63,90,91,100,101,102" m="24587" machi="18" ten="30,2000,0" yaku="8,1,54,1" doraHai="44" who="0" fromWho="0" sc="561,20,193,-5,76,-5,170,-10" owari="581,68.0,188,-1.0,71,-43.0,160,-24.0" /></mjloggm>