<mjloggm ver="2.3"><GO type="97" lobby="0"/><UN n0="%E5%AE%9F%E9%A8%93%E3%81%8F%E3%82%93" n1="%E3%82%A6%E3%83%AB%E3%83%88%E3%83%A9%E7%AB%8B%E7%9B%B4" n2="%E3%83%8F%E3%82%B3%E5%89%B2%E3%82%8C%E6%AE%BF%E4%B8%8B" n3="%E3%83%8C%E3%83%83%E3%82%AD%E3%83%BC%E3%83%8A" dan="14,15,15,15" rate="1879.33,2068.14,1931.11,1927.88" sx="M,M,M,F"/><TAIKYOKU oya="0"/><INIT seed="0,0,0,3,5,103" ten="250,250,250,250" oya="0" hai0="74,21,25,32,44,85,110,67,88,54,68,123,121" hai1="49,48,95,31,6,8,51,9,97,99,66,16,57" hai2="28,46,84,2,100,26,7,113,50,19,96,73,115" hai3="98,55,27,62,39,14,1,35,0,80,89,40,22"/><T102/><D74/><U125/><E31/><V127/><F73/><W45/><G35/><T126/><D32/><U41/><E125/><V82/><F2/><W37/><G37/><T128/><D126/><U111/><E111/><V131/><F7/><W69/><G14/><T119/><D119/><U64/><E41/><V91/><F127/><W120/><G120/><T112/><D112/><U105/><E6/><V56/><F131/><W90/><G90/><T92/><D128/><U12/><E8/><V18/><F56/><W114/><G114/><T33/><D33/><U52/><E105/><V116/><F116/><W5/><G5/><T104/><D110/><U15/><E15/><V81/><F81/><W38/><G38/><T63/><D54/><U124/><E124/><V71/><F71/><W109/><G109/><T129/><D44/><U13/><E13/><V107/><F115/><W23/><G23/><T17/><REACH who="0" step="1"/><D129/><REACH who="0" ten="240,250,250,250" step="2"/><U130/><E130/><V132/><F113/><W101/><G55/><T83/><D83/><U11/><E64/><V87/><F132/><W3/><G80/><T77/><D77/><U42/><E66/><V59/><F82/><W60/><G45/><T72/><D72/><U30/><E42/><V34/><F46/><W78/><G40/><T47/><D47/><U79/><E79/><V58/><F34/><W29/><G78/><T10/><D10/><U70/><E9/><V106/><F28/><W135/><G29/><T20/><D20/><U24/><E30/><V53/><F53/><W43/><G43/><T93/><D93/><U122/><E95/><RYUUKYOKU ba="0,1" sc="240,30,250,-10,250,-10,250,-10" hai0="17,21,25,63,67,68,85,88,92,102,104,121,123" /><INIT seed="0,1,1,0,1,73" ten="270,240,240,240" oya="0" hai0="9,61,83,33,17,134,63,77,29,130,62,49,30" hai1="67,58,75,99,39,87,114,50,57,46,131,31,88" hai2="43,2,6,16,28,45,132,121,106,95,48,3,12" hai3="86,53,38,10,34,81,100,41,116,35,115,18,72"/><T1/><D134/><U117/><E75/><V78/><F132/><W70/><G72/><T85/><D130/><U0/><E0/><V111/><F121/><W36/><G70/><T47/><D33/><U54/><E39/><V80/><F111/><W65/><G65/><T107/><D107/><U76/><E131/><V42/><F106/><W126/><G115/><T32/><D32/><U13/><E117/><V23/><F95/><W59/><G100/><T125/><D125/><U128/><E31/><V82/><F82/><W69/><G69/><T104/><D104/><U98/><E128/><V109/><F109/><W89/><G126/><T19/><D1/><U103/><E103/><V96/><F96/><N who="1" m="36905" /><E13/><V37/><F28/><N who="0" m="10858" /><D9/><U68/><E68/><V27/><F37/><W105/><G105/><T110/><D110/><U5/><E5/><V91/><F91/><W97/><G116/><T40/><AGARI ba="1,1" hai="17,19,40,47,49,61,62,63,77,83,85" m="10858" machi="40" ten="30,3000,0" yaku="8,1,52,1" doraHai="73" who="0" fromWho="0" sc="270,43,240,-11,240,-11,240,-11" /><INIT seed="0,2,0,4,3,91" ten="313,229,229,229" oya="0" hai0="107,36,113,135,130,32,129,2,121,0,41,20,84" hai1="114,66,43,27,70,4,3,90,119,83,57,131,13" hai2="46,89,6,78,65,9,103,80,34,19,12,7,132" hai3="96,15,63,39,62,21,26,134,99,97,24,68,17"/><T54/><D32/><U8/><E119/><V79/><F34/><W105/><G105/><T87/><D107/><U74/><E131/><N who="0" m="50185" /><D121/><U102/><E114/><V92/><F132/><W94/><G39/><T30/><D113/><U29/><E102/><V22/><F65/><W35/><G134/><T5/><D135/><U61/><E43/><V81/><F103/><W85/><G68/><T38/><D54/><U31/><E3/><N who="0" m="1065" /><D5/><N who="2" m="1546" /><F46/><W16/><G35/><T37/><D41/><U118/><E118/><V104/><F104/><W14/><G85/><N who="0" m="32843" /><D20/><U69/><E69/><V117/><F117/><W111/><G99/><T120/><D120/><U72/><E70/><V52/><F52/><W40/><G40/><T75/><D30/><U126/><E31/><V109/><F22/><W122/><G21/><T124/><D124/><U45/><E126/><V10/><F10/><W51/><G122/><T116/><D116/><U106/><E106/><V101/><F101/><W115/><G115/><T100/><D100/><U11/><E29/><V59/><F79/><W71/><G71/><T82/><D82/><U53/><E83/><V86/><F78/><W1/><G1/><T67/><D67/><U33/><E33/><V125/><F125/><W133/><G133/><T73/><AGARI ba="2,0" hai="36,37,38,73,75" m="32843,1065,50185" machi="73" ten="50,9600,0" yaku="28,2,19,1" doraHai="91" who="0" fromWho="0" sc="313,102,229,-34,229,-34,229,-34" /><INIT seed="0,3,0,2,0,57" ten="415,195,195,195" oya="0" hai0="1,133,77,126,104,95,23,68,41,92,82,122,116" hai1="26,7,2,60,53,13,99,46,27,55,103,106,43" hai2="49,114,61,80,128,71,112,93,66,39,96,119,40" hai3="9,72,121,48,8,109,131,42,101,124,35,52,125"/><T15/><D104/><U76/><E2/><V38/><F80/><W86/><G72/><T129/><D1/><U24/><E76/><V75/><F75/><W134/><G35/><T34/><D34/><U111/><E111/><V127/><F127/><N who="3" m="48715" /><G109/><T47/><D126/><U17/><E7/><V74/><F74/><W81/><G134/><T135/><D116/><U69/><E69/><V16/><F128/><W70/><G70/><T79/><D68/><U28/><E28/><V11/><F119/><W78/><G131/><T67/><D67/><U33/><E33/><V4/><F49/><W22/><G121/><T110/><D122/><U85/><E85/><V32/><F32/><W91/><G42/><T3/><D3/><U62/><E55/><V58/><F71/><W130/><G130/><T30/><D110/><U108/><E53/><V14/><F4/><W59/><G101/><T123/><D123/><U25/><N who="1" m="6144" /><DORA hai="88" /><U107/><E107/><V120/><F120/><W117/><G117/><T0/><D0/><U10/><REACH who="1" step="1"/><E108/><REACH who="1" ten="415,185,195,195" step="2"/><V105/><F105/><W73/><G22/><T45/><D30/><U115/><E115/><V50/><F50/><AGARI ba="3,1" hai="10,13,17,43,46,50,60,62,99,103,106" m="6144" machi="50" ten="50,12000,2" yaku="1,1,52,2,53,4" doraHai="57,88" doraHaiUra="20,63" who="1" fromWho="2" sc="415,0,185,139,195,-129,195,0" /><INIT seed="1,0,0,1,5,93" ten="415,324,66,195" oya="1" hai0="32,102,69,87,62,10,103,91,114,132,8,37,15" hai1="80,84,12,123,49,116,73,45,100,0,17,54,24" hai2="65,14,121,75,133,33,126,78,64,119,56,58,47" hai3="48,71,46,31,74,98,125,21,124,89,29,108,86"/><U42/><E0/><V79/><F33/><W112/><G74/><T60/><D37/><U25/><E73/><V66/><F119/><W67/><G112/><T131/><D114/><U107/><E123/><V115/><F121/><W135/><G135/><T97/><D132/><U9/><E116/><V128/><F133/><W111/><G67/><T90/><D32/><U68/><E68/><V41/><F115/><W83/><G71/><T7/><D131/><U104/><E104/><V61/><F128/><W16/><G98/><T127/><D103/><U120/><E120/><V101/><F14/><W53/><G31/><T55/><D127/><N who="3" m="48713" /><G29/><T88/><D69/><U52/><E100/><V44/><F126/><W20/><G20/><T96/><D102/><U106/><E106/><V51/><F101/><W23/><G23/><T27/><D27/><AGARI ba="0,0" hai="16,21,27,46,48,53,83,86,89,108,111" m="48713" machi="27" ten="30,2000,0" yaku="18,1,54,1" doraHai="93" who="3" fromWho="0" sc="415,-20,324,0,66,0,195,20" /><INIT seed="2,0,0,3,3,40" ten="395,324,66,215" oya="2" hai0="118,110,2,68,63,97,112,47,109,101,10,48,77" hai1="64,89,44,4,23,92,25,134,38,12,133,132,122" hai2="128,30,88,71,8,81,99,120,58,31,53,106,17" hai3="96,1,14,107,6,61,50,98,60,18,115,84,34"/><V111/><F120/><W73/><G73/><T54/><D112/><U70/><E64/><V37/><F37/><W55/><G34/><T24/><D77/><U79/><E70/><V100/><F71/><W113/><G6/><T7/><D118/><U102/><E102/><V123/><F128/><W33/><G33/><T131/><D131/><U19/><E79/><V82/><F111/><N who="0" m="42506" /><D24/><U59/><E59/><V11/><F123/><W135/><G1/><T129/><D129/><U35/><E122/><V74/><F82/><W9/><G135/><T69/><D63/><N who="3" m="24137" /><G107/><AGARI ba="0,0" hai="2,7,10,47,48,54,68,69,97,101,107" m="42506" machi="107" ten="30,2000,0" yaku="14,1,52,1" doraHai="40" who="0" fromWho="3" sc="395,20,324,0,66,0,215,-20" /><INIT seed="3,0,0,1,4,96" ten="415,324,66,195" oya="3" hai0="2,91,82,43,61,118,103,46,74,29,86,78,89" hai1="65,39,70,126,27,30,119,49,28,7,104,14,4" hai2="127,52,71,17,92,114,132,111,40,72,76,19,102" hai3="26,56,101,12,58,80,129,135,41,10,75,97,100"/><W116/><G116/><T57/><D2/><U128/><E39/><V3/><F40/><W8/><G41/><T45/><D45/><U115/><E49/><V64/><F76/><W20/><G75/><T0/><D0/><U133/><E65/><V50/><F50/><W24/><G135/><T6/><D118/><U93/><E93/><V9/><F9/><W23/><G129/><T22/><D6/><U94/><E94/><V107/><F92/><W134/><G134/><T68/><D103/><N who="3" m="39497" /><G97/><T13/><D68/><U105/><E70/><V34/><F102/><W1/><G1/><T88/><D74/><U15/><E105/><V109/><F64/><W85/><G10/><T63/><D57/><N who="3" m="22121" /><G24/><N who="0" m="16535" /><D46/><U18/><E104/><V130/><F52/><W112/><G26/><T123/><D43/><U44/><E44/><V98/><F98/><W55/><G55/><T11/><D123/><U81/><E27/><V77/><F3/><W35/><G35/><T51/><D51/><U42/><E42/><V67/><F34/><W99/><G99/><T73/><D73/><U47/><E47/><V120/><F72/><W131/><G112/><T60/><D60/><U59/><E133/><V106/><F114/><W87/><G131/><T53/><D53/><U48/><E128/><V110/><F130/><W36/><G36/><T125/><D63/><U5/><E115/><V121/><F132/><W90/><G87/><T66/><D61/><U38/><E38/><V37/><F37/><W16/><AGARI ba="0,0" hai="8,12,16,20,23,80,85,90" m="22121,39497" machi="16" ten="30,12000,1" yaku="8,1,52,3,54,1" doraHai="96" who="3" fromWho="3" sc="415,-40,324,-40,66,-40,195,120" /><INIT seed="3,1,0,4,0,109" ten="375,284,26,315" oya="3" hai0="119,123,48,52,93,12,31,79,90,72,120,14,42" hai1="82,61,112,64,0,51,23,103,127,21,59,40,80" hai2="92,76,26,104,99,89,75,102,60,85,78,25,62" hai3="106,5,56,39,74,121,125,94,91,10,128,126,118"/><W81/><G106/><T11/><D119/><U87/><E0/><V8/><F8/><W132/><G118/><T100/><D100/><U18/><E127/><V20/><F60/><W32/><G32/><T122/><D42/><U4/><E4/><V101/><F25/><W24/><G121/><T97/><D31/><U6/><E6/><V133/><F133/><W44/><G24/><T68/><D68/><U9/><E112/><V111/><F111/><W114/><G56/><T17/><D14/><U53/><E103/><V83/><F62/><W88/><G132/><T29/><D29/><U47/><E82/><V7/><F7/><W45/><G114/><T57/><D79/><U63/><E63/><V73/><F26/><W105/><G105/><T65/><REACH who="0" step="1"/><D72/><REACH who="0" ten="365,284,26,315" step="2"/><U35/><E35/><V95/><F20/><W124/><G128/><T70/><D70/><U69/><E69/><V50/><F50/><W49/><G39/><T130/><D130/><U110/><E110/><V46/><F46/><N who="3" m="18027" /><G49/><T30/><D30/><U1/><E1/><V3/><F3/><N who="3" m="319" /><G94/><T33/><D33/><U108/><E108/><V134/><F134/><W28/><G28/><T86/><D86/><U107/><E107/><V96/><REACH who="2" step="1"/><F95/><REACH who="2" ten="365,284,16,315" step="2"/><W117/><G117/><T34/><D34/><U15/><E40/><V135/><F135/><W77/><AGARI ba="1,2" hai="74,77,81,88,91,124,125,126" m="319,18027" machi="77" ten="40,3900,0" yaku="18,1,54,1" doraHai="109" who="3" fromWho="3" sc="365,-14,284,-14,16,-14,315,62" owari="351,15.0,270,-13.0,2,-50.0,377,48.0" /></mjloggm>