<mjloggm ver="2.3"><GO type="169" lobby="0"/><UN n0="%E3%83%99%E3%83%AB%E3%82%92%E7%9B%97%E3%82%81%EF%BC%81" n1="%E3%82%A6%E3%83%AB%E3%83%88%E3%83%A9%E7%AB%8B%E7%9B%B4" n2="%6A%79%75%6E%6F%68" n3="%52%6F%62%69%4E" dan="16,16,16,16" rate="2023.59,2051.53,2095.75,2072.73" sx="M,M,M,M"/><TAIKYOKU oya="0"/><INIT seed="0,0,0,2,4,131" ten="250,250,250,250" oya="0" hai0="59,20,57,43,96,97,14,27,75,113,79,111,87" hai1="94,16,129,38,61,23,128,11,124,7,104,58,45" hai2="66,74,80,1,49,77,19,112,63,42,135,53,12" hai3="95,123,103,65,119,40,3,25,110,73,46,54,91"/><T2/><D2/><U39/><E104/><V121/><F112/><W9/><G73/><T17/><D113/><U21/><E21/><V130/><F121/><W71/><G119/><T18/><D75/><U116/><E116/><V41/><F1/><W10/><G103/><T92/><D43/><U81/><E81/><V86/><F130/><N who="1" m="50281" /><E45/><V132/><F74/><W78/><G78/><T33/><D33/><U64/><E94/><V29/><F29/><W76/><G76/><T4/><D4/><U105/><E105/><V0/><F0/><W83/><G83/><N who="0" m="47615" /><D111/><U72/><E72/><V93/><F93/><W106/><G106/><T127/><D127/><U36/><E124/><V31/><F31/><W47/><G110/><T37/><D37/><U68/><E7/><V24/><F24/><W89/><G25/><T122/><D122/><U90/><E90/><V82/><F82/><W55/><G91/><N who="0" m="55327" /><D97/><U118/><E118/><V5/><F5/><W35/><G35/><T34/><D34/><U102/><E102/><V56/><F41/><W133/><G40/><T15/><D27/><N who="1" m="14823" /><E11/><AGARI ba="0,0" hai="11,14,15,17,18,20,57,59" m="55327,47615" machi="11" ten="30,1500,0" yaku="8,1" doraHai="131" who="0" fromWho="1" sc="250,15,250,-15,250,0,250,0" /><INIT seed="0,1,0,4,3,15" ten="265,235,250,250" oya="0" hai0="39,73,74,61,59,52,110,86,27,82,80,54,1" hai1="89,93,126,94,41,42,79,40,119,28,71,100,113" hai2="24,115,111,35,78,105,75,66,68,103,7,26,3" hai3="20,95,125,2,83,116,131,36,31,118,120,106,85"/><T16/><D1/><U56/><E71/><V34/><F24/><W122/><G106/><T64/><D39/><U30/><E119/><V98/><F111/><W60/><G36/><T5/><D5/><U97/><E126/><V92/><F92/><W55/><G2/><T130/><D110/><U18/><E113/><V8/><F115/><W49/><G60/><T50/><D130/><U47/><E79/><V58/><F58/><W14/><G131/><T51/><D74/><U77/><E77/><V43/><F43/><W72/><G72/><T101/><D101/><U132/><E132/><V17/><F17/><N who="3" m="10295" /><G95/><T88/><D73/><U33/><E33/><V6/><F6/><W128/><G31/><N who="1" m="11818" /><E47/><V121/><F26/><W90/><G125/><T48/><D82/><U4/><E4/><V11/><F11/><W107/><G107/><T12/><D27/><U70/><E56/><V45/><F45/><N who="3" m="28079" /><G128/><T63/><D63/><U65/><E65/><V124/><F124/><W117/><G120/><T134/><D134/><U108/><E70/><V44/><F44/><W135/><G122/><T123/><D123/><U57/><E57/><V19/><F121/><W76/><G76/><T84/><D84/><N who="1" m="52391" /><E108/><V25/><F75/><W32/><G32/><T53/><D64/><U37/><E37/><V38/><F38/><W0/><G0/><T133/><D133/><U109/><E109/><V22/><F78/><W99/><G135/><T29/><D29/><U114/><E114/><V46/><F46/><W13/><G99/><T104/><D104/><U81/><E81/><V87/><F87/><RYUUKYOKU ba="1,0" sc="265,0,235,0,250,0,250,0" hai0="12,16,48,50,51,52,53,54,59,61,80,86,88" hai1="18,40,41,42,94,97,100" hai2="3,7,8,19,22,25,34,35,66,68,98,103,105" hai3="13,83,85,90,116,117,118" /><INIT seed="0,2,0,0,5,107" ten="265,235,250,250" oya="0" hai0="71,9,38,55,83,31,14,49,69,124,108,12,11" hai1="15,40,23,85,78,121,21,1,41,100,25,44,130" hai2="118,97,128,10,13,6,62,74,39,135,116,47,95" hai3="18,110,20,67,52,16,133,5,76,113,27,94,79"/><T59/><D124/><U81/><E1/><V98/><F128/><W122/><G113/><T19/><D38/><U8/><E130/><V106/><F135/><W88/><G133/><T32/><D108/><U28/><E121/><V43/><F62/><W0/><G67/><T72/><D31/><U2/><E2/><V56/><F56/><W46/><G110/><T35/><D35/><U57/><E100/><V51/><F39/><W131/><G131/><T93/><D93/><U84/><E57/><V82/><F106/><W65/><G65/><T126/><D32/><U96/><E96/><V129/><F129/><W109/><G109/><T4/><REACH who="0" step="1"/><D126/><REACH who="0" ten="255,235,250,250" step="2"/><U119/><E119/><N who="2" m="45611" /><F95/><W105/><G105/><T70/><D70/><U22/><E28/><V42/><F42/><W86/><G122/><T99/><D99/><U66/><E41/><V123/><F123/><W73/><G94/><T34/><D34/><U53/><E40/><V24/><F97/><W104/><G104/><T26/><D26/><U112/><E25/><V37/><F24/><W30/><G30/><T125/><D125/><U45/><E112/><V80/><F98/><W75/><G27/><T102/><D102/><U90/><E66/><V127/><F127/><W61/><G86/><T87/><D87/><U89/><E85/><V101/><F101/><W132/><G132/><T103/><D103/><U114/><E114/><V58/><F37/><W54/><G75/><T60/><D60/><U111/><E111/><V48/><F74/><W63/><G73/><T50/><D50/><U120/><E84/><V29/><F29/><RYUUKYOKU ba="2,1" sc="255,15,235,-15,250,15,250,-15" hai0="4,9,11,12,14,19,49,55,59,69,71,72,83" hai2="6,10,13,43,47,48,51,58,80,82" /><INIT seed="0,3,1,0,1,57" ten="270,220,265,235" oya="0" hai0="103,32,39,82,79,18,0,35,31,81,41,6,34" hai1="4,127,47,3,101,64,46,91,66,67,123,5,49" hai2="94,9,117,52,69,77,111,60,119,110,98,107,100" hai3="132,20,56,43,129,130,12,135,133,15,14,2,33"/><T16/><D103/><U61/><E3/><V55/><F77/><W29/><G43/><T59/><D31/><U51/><E101/><V72/><F72/><W73/><G73/><T17/><D59/><U93/><E123/><V102/><F9/><W114/><G114/><T86/><D82/><U87/><E127/><V122/><F122/><W11/><G56/><T89/><D89/><U106/><E106/><V131/><F131/><N who="3" m="50187" /><G33/><T10/><REACH who="0" step="1"/><D18/><REACH who="0" ten="260,220,265,235" step="2"/><U8/><E64/><N who="2" m="41095" /><F102/><W45/><G45/><AGARI ba="3,2" hai="0,6,10,16,17,32,34,35,39,41,45,79,81,86" machi="45" ten="40,3900,0" yaku="1,1,54,1,53,0" doraHai="57" doraHaiUra="19" who="0" fromWho="3" sc="260,68,220,0,265,0,235,-48" /><INIT seed="0,4,0,5,2,94" ten="328,220,265,187" oya="0" hai0="98,52,87,31,26,72,71,34,6,53,101,103,127" hai1="16,17,90,69,62,46,102,106,105,45,116,119,38" hai2="96,131,22,75,93,14,18,76,58,115,81,19,32" hai3="63,109,36,125,40,130,55,29,47,89,126,60,39"/><T73/><D71/><U77/><E105/><V13/><F115/><W15/><G29/><T9/><D127/><N who="3" m="48649" /><G89/><T123/><D123/><U70/><E90/><V133/><F131/><W48/><G15/><T112/><D103/><U11/><E77/><V27/><F133/><W100/><G100/><T7/><D112/><U67/><E70/><V21/><F58/><N who="3" m="33127" /><G130/><T41/><D41/><U135/><E135/><V51/><F51/><N who="3" m="27111" /><G109/><T65/><D6/><U91/><E91/><V111/><F111/><W3/><G3/><T120/><D120/><U97/><E17/><V2/><F2/><W66/><G63/><T68/><D87/><U24/><E38/><V82/><F82/><W59/><AGARI ba="4,0" hai="36,39,59,60,66" m="27111,33127,48649" machi="59" ten="30,4000,0" yaku="18,1,34,2" doraHai="94" who="3" fromWho="3" sc="328,-24,220,-14,265,-14,187,52" /><INIT seed="1,0,0,2,4,33" ten="304,206,251,239" oya="1" hai0="98,107,26,108,58,115,92,10,95,73,36,66,105" hai1="112,3,45,93,31,128,122,101,5,79,124,61,16" hai2="131,119,19,37,50,39,97,71,42,43,125,29,11" hai3="38,2,41,12,96,44,62,130,77,28,133,40,49"/><U14/><E122/><V87/><F29/><W123/><G123/><T17/><D36/><U22/><E112/><V53/><F97/><W60/><G130/><T20/><D115/><U134/><E128/><V118/><F87/><W9/><G133/><T65/><D73/><U48/><E134/><V21/><F11/><W113/><G2/><T64/><D108/><U80/><E124/><V109/><F21/><W86/><G28/><T102/><D58/><U76/><E31/><V70/><F19/><W78/><G113/><T46/><D46/><U132/><E132/><V85/><F85/><W55/><G96/><T13/><REACH who="0" step="1"/><D107/><REACH who="0" ten="294,206,251,239" step="2"/><U4/><E61/><V72/><F72/><W111/><G111/><T110/><D110/><U23/><E45/><N who="2" m="27855" /><F109/><W120/><G62/><T27/><D27/><U7/><E48/><V114/><F131/><W100/><G60/><T63/><D63/><U121/><E121/><V34/><F114/><W18/><G120/><T81/><D81/><U52/><E80/><V126/><F37/><W57/><G40/><N who="2" m="15401" /><F39/><W54/><G38/><T59/><D59/><U89/><E93/><V1/><F119/><W8/><G41/><T51/><D51/><U135/><E135/><V106/><F118/><W24/><G57/><T90/><D90/><U127/><E89/><V68/><F106/><W35/><G49/><T83/><D83/><U67/><E79/><V6/><F125/><W56/><G77/><T104/><D104/><U74/><E76/><V75/><F126/><W82/><G78/><T88/><D88/><U32/><E127/><V30/><F75/><RYUUKYOKU ba="0,1" sc="294,30,206,-10,251,-10,239,-10" hai0="10,13,17,20,26,64,65,66,92,95,98,102,105" /><INIT seed="2,1,1,5,0,23" ten="324,196,241,229" oya="2" hai0="25,113,96,84,101,3,69,57,135,114,10,116,122" hai1="123,110,16,133,132,47,62,118,53,117,77,86,1" hai2="73,59,50,39,130,81,92,4,76,34,9,119,35" hai3="82,70,28,55,61,126,74,107,66,31,45,51,100"/><V26/><F119/><W2/><G2/><T112/><D69/><U43/><E1/><V125/><F125/><W67/><G126/><T95/><D122/><U90/><E77/><V22/><F39/><W111/><G111/><T94/><D116/><U29/><E110/><V58/><F130/><W87/><G74/><T105/><D135/><N who="1" m="51787" /><E123/><V75/><F75/><W30/><G67/><T98/><D57/><N who="1" m="35119" /><E29/><V64/><F92/><W44/><G100/><T56/><D56/><U20/><E90/><V120/><F120/><W8/><G107/><T37/><D37/><N who="1" m="21999" /><E86/><V14/><F59/><W7/><G45/><T104/><D84/><U60/><E60/><V48/><F48/><W42/><G7/><T102/><D3/><U93/><E93/><V115/><F50/><W129/><G129/><T17/><REACH who="0" step="1"/><D10/><REACH who="0" ten="314,196,241,229" step="2"/><U49/><E49/><V54/><F9/><W36/><G8/><T52/><D52/><U80/><E80/><V83/><F54/><W33/><G36/><T13/><D13/><AGARI ba="1,2" hai="13,16,20,117,118" m="21999,35119,51787" machi="13" ten="30,2000,0" yaku="20,1,54,1" doraHai="23" who="1" fromWho="0" sc="314,-23,196,43,241,0,229,0" /><INIT seed="3,0,0,3,3,109" ten="291,239,241,229" oya="3" hai0="59,92,2,84,35,99,90,123,78,91,119,83,34" hai1="73,134,28,104,97,110,126,75,45,74,29,77,21" hai2="11,94,96,22,53,80,33,54,68,20,95,76,89" hai3="43,1,50,0,41,26,51,65,129,23,5,18,131"/><W44/><G65/><T36/><D123/><U48/><E21/><V133/><F33/><W55/><G5/><T37/><D119/><U39/><E39/><V127/><F68/><W85/><G85/><T86/><D2/><U52/><E110/><V69/><F69/><W63/><G63/><T79/><D59/><U81/><E134/><V6/><F133/><W101/><G101/><T135/><D135/><U24/><E126/><V15/><F127/><W17/><G17/><T117/><D117/><U122/><E122/><V38/><F38/><W3/><REACH who="3" step="1"/><G43/><REACH who="3" ten="291,239,241,219" step="2"/><T67/><D67/><U58/><E24/><V66/><F66/><W115/><G115/><T56/><D84/><U9/><E74/><V14/><F6/><W25/><G25/><T32/><D86/><U103/><E75/><V8/><F15/><W12/><G12/><T98/><D98/><U100/><E100/><V106/><F14/><W70/><G70/><T107/><D99/><U30/><E9/><V31/><F11/><W118/><G118/><T116/><D116/><U124/><E124/><V13/><F8/><W88/><G88/><T7/><D7/><U108/><E108/><V132/><F96/><W121/><G121/><T112/><D112/><U19/><E19/><V125/><F89/><W128/><G128/><T27/><D27/><U62/><E30/><V61/><F31/><W114/><G114/><T10/><D91/><U82/><E82/><V72/><F80/><W105/><G105/><T130/><D107/><U102/><E102/><V93/><F106/><W87/><G87/><T71/><D83/><RYUUKYOKU ba="0,1" sc="291,-15,239,15,241,-15,219,15" hai1="28,29,45,48,52,58,62,73,77,81,97,103,104" hai3="0,1,3,18,23,26,41,44,50,51,55,129,131" /><INIT seed="3,1,1,5,2,7" ten="276,254,226,234" oya="3" hai0="73,15,18,110,59,33,72,27,24,120,20,61,106" hai1="26,97,69,74,114,47,130,128,12,107,10,39,45" hai2="124,68,99,134,29,85,100,116,42,101,54,113,43" hai3="105,84,17,129,36,3,112,9,119,38,31,52,104"/><W111/><G112/><T0/><D120/><U35/><E69/><V53/><F68/><W1/><G119/><T87/><D0/><U28/><E74/><V34/><F113/><W30/><G129/><N who="1" m="49770" /><E39/><V83/><F116/><W121/><G121/><T48/><D106/><U122/><E122/><V94/><F124/><W65/><G65/><T132/><D110/><U115/><E97/><V41/><F134/><W127/><G127/><T88/><D132/><U102/><E102/><V82/><F100/><W63/><G111/><T64/><D48/><U133/><E107/><V23/><F34/><W21/><G3/><T131/><D131/><U32/><E47/><V13/><F82/><W51/><G63/><T55/><D64/><U62/><E133/><V5/><F29/><W86/><G38/><T70/><D70/><U71/><E45/><V8/><REACH who="2" step="1"/><F23/><REACH who="2" ten="276,254,216,234" step="2"/><W19/><G21/><T56/><D33/><U98/><E35/><V79/><AGARI ba="1,2" hai="5,8,13,41,42,43,53,54,79,83,85,94,99,101" machi="79" ten="30,8000,1" yaku="1,1,2,1,0,1,8,1,52,1,53,0" doraHai="7" doraHaiUra="14" who="2" fromWho="2" sc="276,-21,254,-21,216,103,234,-41" /><INIT seed="4,0,0,4,2,120" ten="255,233,319,193" oya="0" hai0="99,40,14,83,105,87,93,114,132,16,58,73,109" hai1="61,85,65,5,54,33,129,94,24,34,107,102,63" hai2="81,9,80,62,96,106,123,46,0,43,90,4,27" hai3="130,51,125,68,10,118,111,131,35,89,135,15,103"/><T22/><D114/><U57/><E129/><N who="3" m="49162" /><G118/><T37/><D132/><U21/><E5/><V7/><F123/><W49/><G68/><T32/><D32/><U26/><E26/><V121/><F121/><W48/><G35/><T86/><D105/><U66/><E54/><V72/><F7/><N who="3" m="3551" /><G135/><T74/><D109/><U64/><E107/><V91/><F62/><W41/><G41/><T50/><D37/><U67/><E63/><V8/><F8/><W116/><G116/><T55/><D40/><U44/><E44/><V76/><F27/><W98/><G89/><N who="0" m="53439" /><D99/><U2/><E2/><V3/><F3/><W25/><G25/><T36/><D36/><U115/><E115/><V113/><F113/><W110/><G125/><T92/><D92/><AGARI ba="0,0" hai="48,49,51,92,98,103,110,111" m="3551,49162" machi="92" ten="30,3900,0" yaku="19,1,52,2" doraHai="120" who="3" fromWho="0" sc="255,-39,233,0,319,0,193,39" /><INIT seed="5,0,0,4,1,30" ten="216,233,319,232" oya="1" hai0="78,16,66,104,11,67,114,57,77,128,56,43,85" hai1="116,68,83,121,108,107,62,70,31,101,35,72,89" hai2="33,6,135,81,84,37,88,103,80,4,18,49,65" hai3="110,48,58,54,60,82,115,127,17,90,15,27,69"/><U71/><E89/><V133/><F37/><W29/><G110/><T112/><D104/><U53/><E53/><V7/><F103/><W131/><G131/><T126/><D128/><U91/><E91/><V86/><F65/><N who="0" m="24586" /><D43/><U1/><E62/><V2/><F2/><W22/><G115/><N who="0" m="44075" /><D126/><U98/><E116/><V12/><F49/><W10/><G127/><T100/><D100/><U38/><E108/><V32/><F84/><N who="3" m="50455" /><G69/><T21/><D11/><U93/><E93/><V3/><F3/><W41/><G41/><T125/><D125/><U61/><E61/><AGARI ba="0,0" hai="10,15,17,22,27,29,48,54,58,60,61" m="50455" machi="61" ten="30,1000,0" yaku="8,1" doraHai="30" who="3" fromWho="1" sc="216,0,233,-10,319,0,232,10" /><INIT seed="6,0,0,4,0,126" ten="216,223,319,242" oya="2" hai0="20,32,105,42,49,63,108,109,74,51,107,98,112" hai1="14,82,99,134,68,72,57,119,54,18,73,111,120" hai2="122,124,25,4,27,94,9,96,28,52,17,50,8" hai3="81,38,101,65,88,11,135,110,22,78,6,55,37"/><V70/><F70/><W66/><G110/><T21/><D32/><U118/><E68/><V90/><F122/><W84/><G135/><T45/><D74/><U117/><E111/><V129/><F124/><W132/><G132/><T1/><D1/><U130/><E134/><V71/><F71/><W62/><G101/><T41/><D112/><U53/><E53/><V29/><F129/><W33/><G33/><T48/><D63/><U64/><E64/><V104/><F104/><W10/><G10/><N who="2" m="4201" /><F4/><W13/><G38/><T44/><D51/><U23/><E120/><V26/><F17/><W97/><G37/><T89/><D98/><U79/><E99/><V0/><F0/><W91/><G22/><T83/><D83/><U16/><E18/><V87/><F96/><W95/><G78/><T67/><D67/><U47/><E47/><AGARI ba="0,0" hai="25,26,27,28,29,47,50,52,87,90,94" m="4201" machi="47" ten="30,2900,0" yaku="8,1,54,1" doraHai="126" who="2" fromWho="1" sc="216,0,223,-29,319,29,242,0" /><INIT seed="6,1,0,4,1,96" ten="216,194,348,242" oya="2" hai0="124,100,133,55,19,119,105,59,111,56,81,104,78" hai1="82,33,45,79,109,18,80,35,93,101,36,135,70" hai2="0,129,40,103,113,50,57,99,89,13,1,48,95" hai3="115,112,114,86,85,24,123,15,107,72,121,108,58"/><V94/><F113/><W128/><G72/><T29/><D111/><U91/><E70/><V52/><F129/><W5/><G128/><T116/><D29/><U47/><E109/><V53/><F40/><W132/><G132/><T10/><D133/><U88/><E135/><V44/><REACH who="2" step="1"/><F13/><REACH who="2" ten="216,194,338,242" step="2"/><W118/><G108/><T73/><D119/><U102/><E36/><V34/><F34/><W31/><G118/><T54/><D116/><U68/><E35/><V66/><F66/><W28/><G15/><T22/><D55/><U51/><E33/><V87/><AGARI ba="1,1" hai="0,1,44,48,50,52,53,57,87,89,94,95,99,103" machi="87" ten="20,12000,1" yaku="1,1,0,1,7,1,52,1,54,1,53,0" doraHai="96" doraHaiUra="14" who="2" fromWho="2" sc="216,-41,194,-41,338,133,242,-41" /><INIT seed="6,2,0,5,3,45" ten="175,153,471,201" oya="2" hai0="103,82,13,16,95,26,64,58,39,96,90,120,78" hai1="24,79,0,105,125,55,97,59,12,38,17,25,6" hai2="43,4,91,100,115,134,94,73,66,71,32,3,110" hai3="29,28,85,33,11,21,35,74,18,129,51,75,70"/><V57/><F32/><W30/><G70/><T109/><D109/><U56/><E38/><V9/><F73/><W122/><G122/><T69/><D120/><U46/><E125/><V118/><F118/><W31/><G11/><T19/><D39/><U108/><E108/><V106/><F71/><W124/><G124/><T7/><D69/><U113/><E113/><V89/><F115/><W101/><G101/><T23/><D7/><U8/><E79/><V130/><F134/><W107/><G107/><T67/><D103/><U119/><E119/><V112/><F106/><W127/><G75/><T37/><D37/><U27/><E97/><V72/><F72/><W76/><G74/><T48/><D58/><U121/><E105/><V15/><F3/><W1/><G1/><T54/><D82/><U10/><E121/><V133/><F133/><W114/><G114/><T81/><D81/><U77/><E77/><V40/><F112/><W47/><G127/><T87/><D87/><U60/><E56/><V2/><F2/><W132/><G132/><T86/><D96/><U131/><E46/><V111/><F111/><W123/><G123/><T84/><D84/><U52/><E55/><V104/><F104/><W44/><G44/><N who="0" m="27911" /><D78/><U49/><REACH who="1" step="1"/><E60/><REACH who="1" ten="175,143,471,201" step="2"/><N who="2" m="38159" /><F110/><W65/><G76/><T63/><D63/><U34/><E34/><V126/><F126/><W36/><G35/><T93/><D93/><U53/><E53/><V98/><F94/><W62/><G33/><T5/><D5/><U20/><E20/><AGARI ba="2,1" hai="13,16,19,20,23,26,64,67,86,90,95" m="27911" machi="20" ten="30,3900,0" yaku="8,1,52,1,54,1" doraHai="45" who="0" fromWho="1" sc="175,55,143,-45,471,0,201,0" /><INIT seed="7,0,0,0,1,115" ten="230,98,471,201" oya="3" hai0="113,30,134,16,53,62,111,91,11,95,121,8,57" hai1="123,38,131,89,27,109,116,127,132,55,71,106,124" hai2="90,25,119,12,122,86,35,70,112,54,13,36,61" hai3="105,104,65,81,33,17,74,77,43,34,15,100,88"/><W3/><G3/><T14/><D111/><U59/><E89/><V73/><F119/><W24/><G65/><T97/><D121/><U2/><E27/><V125/><F73/><W39/><G100/><T21/><D134/><U5/><E5/><V42/><F36/><W92/><G43/><T60/><D113/><U7/><E7/><V50/><F42/><W31/><G39/><T63/><D30/><U129/><E59/><V48/><F122/><W120/><G34/><T83/><D83/><U76/><E55/><V72/><F72/><W45/><G45/><T56/><D62/><U46/><E46/><V69/><F112/><W1/><G1/><T118/><D118/><U18/><E18/><V80/><F50/><W96/><REACH who="3" step="1"/><G120/><REACH who="3" ten="230,98,471,191" step="2"/><T23/><D23/><AGARI ba="0,1" hai="15,17,23,24,31,33,74,77,81,88,92,96,104,105" machi="23" ten="30,18000,2" yaku="1,1,2,1,7,1,54,1,53,2" doraHai="115" doraHaiUra="103" who="3" fromWho="0" sc="230,-180,98,0,471,0,191,190" /><INIT seed="7,1,0,5,5,46" ten="50,98,471,381" oya="3" hai0="32,56,83,65,121,134,89,91,63,19,9,79,107" hai1="11,116,2,45,86,84,68,73,42,119,129,51,96" hai2="18,28,74,53,70,115,100,76,82,60,38,25,111" hai3="108,17,48,26,6,88,16,72,106,97,41,85,22"/><W13/><G72/><T5/><D121/><U66/><E73/><V118/><F111/><W112/><G112/><T8/><D107/><U27/><E129/><V49/><F118/><W131/><G131/><T81/><D134/><U127/><E127/><V128/><F128/><W130/><G130/><T21/><D32/><U37/><E66/><V122/><F38/><W12/><G108/><T77/><D81/><U55/><E68/><V54/><F115/><W57/><G106/><T98/><D79/><U123/><E96/><V99/><F18/><W133/><G97/><T124/><D124/><U78/><E27/><V103/><F122/><W93/><G133/><T23/><D23/><U7/><E123/><V104/><F103/><W14/><G6/><T102/><D77/><U94/><E94/><V30/><F25/><W67/><G67/><T62/><D83/><U92/><E92/><V34/><F34/><W113/><G113/><T95/><D63/><U36/><E36/><V1/><F1/><W71/><G71/><T29/><D29/><U3/><E3/><V44/><F70/><W110/><G110/><T50/><D50/><U80/><E84/><V20/><F20/><N who="3" m="11287" /><G41/><T43/><D43/><U59/><AGARI ba="1,0" hai="2,7,11,37,42,45,51,55,59,78,80,86,116,119" machi="59" ten="30,2000,0" yaku="0,1,52,1" doraHai="46" who="1" fromWho="1" sc="50,-6,98,23,471,-6,381,-11" owari="44,-46.0,121,-28.0,465,57.0,370,17.0" /></mjloggm>