<mjloggm ver="2.3"><GO type="97" lobby="0"/><UN n0="%E3%81%BF%E3%82%8B%E3%81%AD%E3%81%93" n1="%53%50%49%43%41%E3%81%AE%E5%BC%9F%E5%AD%90" n2="%53%6F%66%74%42%61%6E%6B" n3="%E3%82%A6%E3%83%AB%E3%83%88%E3%83%A9%E7%AB%8B%E7%9B%B4" dan="15,14,13,15" rate="1880.54,1913.82,1839.18,1986.17" sx="F,M,M,M"/><TAIKYOKU oya="0"/><INIT seed="0,0,0,4,1,44" ten="250,250,250,250" oya="0" hai0="5,20,108,73,118,26,47,35,60,13,134,53,46" hai1="71,18,21,38,98,135,19,95,16,111,51,76,84" hai2="36,68,107,55,110,23,113,87,125,30,115,97,3" hai3="48,66,92,78,112,9,25,77,15,59,126,123,62"/><T37/><D118/><U104/><E104/><V122/><F122/><W74/><G123/><T58/><D35/><U105/><E105/><V11/><F125/><W52/><G126/><T129/><D73/><U67/><E38/><V88/><F110/><W64/><G112/><T82/><D108/><U40/><E135/><V121/><F121/><W130/><G130/><T45/><D129/><U63/><E111/><V17/><F68/><W90/><G25/><T128/><D134/><U120/><E120/><V79/><F36/><W12/><G12/><T8/><D128/><U93/><E21/><V49/><F79/><W106/><G106/><T61/><D82/><U80/><REACH who="1" step="1"/><E98/><REACH who="1" ten="250,240,250,250" step="2"/><V50/><F107/><W91/><G74/><T65/><D37/><U114/><E114/><V101/><F115/><W70/><G64/><T69/><REACH who="0" step="1"/><D46/><AGARI ba="0,1" hai="16,18,19,40,46,51,63,67,71,76,80,84,93,95" machi="46" ten="40,5200,0" yaku="1,1,52,1,54,1,53,0" doraHai="44" doraHaiUra="0" who="1" fromWho="0" sc="250,-52,240,62,250,0,250,0" /><INIT seed="1,0,0,1,2,117" ten="198,302,250,250" oya="1" hai0="73,131,2,132,53,50,52,100,49,85,45,94,30" hai1="21,26,68,113,6,135,60,86,42,5,38,69,22" hai2="101,56,120,58,31,37,17,96,66,63,70,78,23" hai3="119,127,75,112,79,4,39,11,74,114,61,107,83"/><U92/><E113/><V55/><F120/><W1/><G119/><T28/><D2/><U59/><E135/><V109/><F109/><W89/><G127/><T82/><D73/><U105/><E105/><V36/><F31/><W35/><G75/><T41/><D132/><U110/><E110/><V76/><F37/><W122/><G89/><T95/><D131/><U93/><E38/><V29/><F29/><N who="0" m="11370" /><D100/><U108/><E108/><V40/><F70/><W111/><G35/><T44/><D41/><U67/><E42/><V8/><F8/><W116/><G116/><T90/><AGARI ba="0,0" hai="44,45,49,50,52,53,82,85,90,94,95" m="11370" machi="90" ten="30,2000,0" yaku="8,1,54,1" doraHai="117" who="0" fromWho="0" sc="198,20,302,-10,250,-5,250,-5" /><INIT seed="2,0,0,1,3,44" ten="218,292,245,245" oya="2" hai0="98,80,31,16,133,81,64,86,6,20,3,34,15" hai1="94,47,118,87,67,53,12,106,84,19,30,101,100" hai2="83,36,54,73,56,125,45,48,52,41,10,78,79" hai3="35,96,66,130,129,59,108,85,74,117,37,26,82"/><V58/><F125/><W28/><G37/><T124/><D124/><U116/><E67/><V50/><F79/><W119/><G96/><T76/><D133/><U60/><E30/><V63/><REACH who="2" step="1"/><F10/><REACH who="2" ten="218,292,235,245" step="2"/><W18/><G117/><T77/><D76/><U111/><E116/><V0/><F0/><W115/><G119/><T109/><D77/><U8/><E118/><V61/><AGARI ba="0,1" hai="36,41,45,48,50,52,54,56,58,61,63,73,78,83" machi="61" ten="20,24000,3" yaku="1,1,0,1,7,1,9,1,52,2,54,1,53,2" doraHai="44" doraHaiUra="57" who="2" fromWho="2" sc="218,-80,292,-80,235,250,245,-80" /><INIT seed="2,1,0,4,1,36" ten="138,212,485,165" oya="2" hai0="50,71,106,41,88,28,66,6,103,53,90,31,55" hai1="83,85,108,81,5,67,112,100,117,38,14,11,56" hai2="89,123,1,116,15,93,40,52,16,102,17,13,75" hai3="25,26,114,129,104,98,130,3,134,30,127,77,78"/><V76/><F123/><W113/><G98/><T125/><D125/><U61/><E112/><N who="3" m="43114" /><G104/><T44/><D6/><U32/><E32/><V42/><F116/><W68/><G68/><T24/><D53/><U54/><E117/><V131/><F131/><N who="3" m="50187" /><G3/><T126/><D55/><U58/><E38/><V33/><F33/><W133/><G30/><T119/><D119/><U69/><E69/><V29/><F1/><W59/><G59/><T118/><D118/><U105/><E108/><V95/><F29/><W97/><G97/><N who="0" m="61807" /><D31/><U111/><E111/><V27/><F27/><N who="3" m="10251" /><G127/><T110/><D126/><U124/><E124/><V9/><F75/><W70/><G70/><T120/><D120/><U135/><E135/><AGARI ba="1,0" hai="77,78,133,134,135" m="10251,50187,43114" machi="135" ten="40,8000,1" yaku="28,2,20,1,11,1,19,1" doraHai="36" who="3" fromWho="1" sc="138,0,212,-83,485,0,165,83" /><INIT seed="3,0,0,3,2,17" ten="138,129,485,248" oya="3" hai0="26,87,9,35,29,63,12,39,101,114,92,74,73" hai1="51,60,48,71,135,5,124,13,25,1,113,91,93" hai2="109,34,128,41,76,85,97,70,22,54,37,134,32" hai3="75,88,0,61,66,123,43,115,94,130,127,47,96"/><W121/><G75/><T90/><D39/><U64/><E113/><V58/><F134/><W78/><G115/><T79/><D114/><U11/><E124/><V72/><F128/><W112/><G112/><T131/><D131/><U102/><E135/><V40/><F109/><W86/><G130/><T42/><D42/><U4/><E102/><V44/><F72/><W132/><G0/><T67/><D79/><U65/><E65/><V55/><F70/><W125/><G132/><T119/><D101/><U104/><E104/><V28/><F41/><W108/><G108/><T106/><D106/><U80/><E80/><V19/><F28/><W49/><G78/><T82/><D82/><U81/><E81/><V62/><F97/><W3/><G3/><T30/><D30/><U98/><E25/><V77/><F55/><W105/><G105/><T50/><D50/><U95/><E95/><V56/><F56/><W133/><G96/><T36/><D36/><U18/><E5/><V116/><F116/><W23/><G133/><T120/><D120/><U16/><E18/><V129/><F129/><W33/><G33/><T21/><D35/><U45/><E45/><V122/><F122/><W107/><G107/><T8/><D8/><AGARI ba="0,0" hai="1,4,8,11,13,16,48,51,60,64,71,91,93,98" machi="8" ten="30,2000,0" yaku="7,1,54,1" doraHai="17" who="1" fromWho="0" sc="138,-20,129,20,485,0,248,0" owari="118,-38.0,149,-25.0,485,58.0,248,5.0" /></mjloggm>