<mjloggm ver="2.3"><GO type="97" lobby="0"/><UN n0="%E5%88%9D%E9%9F%B3%E3%83%9F%E3%82%AF" n1="%65%71%6D%6D" n2="%E3%82%A6%E3%83%AB%E3%83%88%E3%83%A9%E7%AB%8B%E7%9B%B4" n3="%E3%82%BF%E3%82%A6%E3%83%8B%E3%83%A5%E3%83%BC%E3%83%88%E3%83%AA%E3%83%8E" dan="15,14,16,13" rate="1970.19,1960.87,1998.64,2020.72" sx="F,M,M,M"/><TAIKYOKU oya="0"/><INIT seed="0,0,0,5,5,36" ten="250,250,250,250" oya="0" hai0="54,55,23,95,81,25,4,77,42,98,12,91,113" hai1="52,71,75,104,102,21,127,85,73,69,39,92,108" hai2="122,38,56,80,13,110,34,29,93,35,120,126,83" hai3="76,61,53,89,26,20,135,50,45,67,44,97,100"/><T63/><D113/><U88/><E39/><V74/><F38/><W57/><G135/><T119/><D119/><U109/><E127/><V84/><F56/><W112/><G112/><T125/><D125/><U131/><E131/><V9/><F29/><W22/><G76/><T60/><D42/><U105/><E21/><V51/><F51/><W1/><G1/><T86/><D60/><U15/><E15/><V28/><F28/><W31/><G89/><T59/><D4/><U43/><E43/><V6/><F93/><W7/><G7/><T79/><D12/><U48/><E71/><V30/><F30/><W101/><G22/><T132/><D132/><U134/><E69/><V16/><F126/><W66/><G66/><T99/><D99/><N who="1" m="61535" /><E105/><V129/><F129/><W40/><REACH who="3" step="1"/><G97/><REACH who="3" ten="250,250,250,240" step="2"/><T19/><D54/><U10/><E134/><V107/><F6/><W64/><G64/><T68/><D68/><U33/><E33/><V37/><F35/><W123/><G123/><T46/><D46/><N who="1" m="27671" /><E10/><V62/><F9/><W72/><G72/><T87/><D87/><U115/><E115/><V32/><F84/><W133/><G133/><T41/><D41/><U14/><E75/><V116/><F74/><W118/><G118/><T65/><D65/><U5/><E73/><V111/><F116/><W24/><G24/><T124/><D124/><U82/><E5/><V17/><F120/><W58/><G58/><T18/><D18/><N who="2" m="7274" /><F122/><W128/><G128/><T106/><D106/><U90/><E90/><AGARI ba="0,1" hai="19,23,25,55,59,63,77,79,81,86,90,91,95,98" machi="90" ten="30,11600,0" yaku="7,1,25,2,8,1" doraHai="36" who="0" fromWho="1" sc="250,126,250,-116,250,0,240,0" /><INIT seed="0,1,0,0,5,33" ten="376,134,250,240" oya="0" hai0="70,13,64,42,130,92,31,116,89,88,132,58,2" hai1="62,63,109,80,19,51,32,38,86,115,57,77,114" hai2="79,129,76,94,47,20,8,3,126,40,97,48,5" hai3="93,35,59,24,124,90,127,26,82,60,56,87,34"/><T52/><D2/><U101/><E38/><V121/><F121/><W37/><G37/><T29/><D116/><U11/><E32/><N who="3" m="12330" /><G82/><T36/><D130/><U110/><E101/><V113/><F129/><W118/><G118/><T71/><D132/><U69/><E69/><V98/><F113/><N who="1" m="43017" /><E51/><V27/><F126/><N who="3" m="48171" /><G56/><T83/><D13/><N who="1" m="7615" /><E57/><V53/><F40/><W1/><G1/><T104/><D104/><U6/><E6/><V25/><F97/><W49/><G49/><N who="0" m="30991" /><D71/><U50/><E50/><V78/><REACH who="2" step="1"/><F20/><REACH who="2" ten="376,134,240,240" step="2"/><W100/><G100/><AGARI ba="1,1" hai="3,5,8,25,27,47,48,53,76,78,79,94,98,100" machi="100" ten="40,8000,1" yaku="1,1,2,1,52,1,53,1" doraHai="33" doraHaiUra="0" who="2" fromWho="3" sc="376,0,134,0,240,93,240,-83" /><INIT seed="1,0,0,3,1,120" ten="376,134,333,157" oya="1" hai0="16,71,114,23,104,100,8,9,90,113,63,77,29" hai1="88,86,22,106,31,26,67,121,21,124,79,78,2" hai2="19,43,40,5,49,10,80,3,129,17,109,116,15" hai3="76,128,38,44,50,0,122,125,59,117,51,46,135"/><U83/><E2/><V95/><F80/><W7/><G122/><T94/><D77/><U64/><E106/><V14/><F95/><W65/><G125/><T60/><D29/><U33/><E124/><V115/><F49/><W102/><G102/><T81/><D81/><U92/><E121/><V108/><F43/><W96/><G96/><T123/><D123/><U110/><E79/><V101/><F40/><W55/><G76/><T130/><D130/><U42/><E42/><V11/><F101/><W73/><G73/><T57/><D71/><U34/><E22/><N who="2" m="11583" /><F116/><W35/><G35/><T132/><D132/><U61/><E110/><N who="2" m="42603" /><F129/><W56/><G128/><T93/><D100/><U54/><E54/><V111/><F111/><W25/><G135/><T97/><D104/><U18/><E61/><V1/><F1/><W72/><G72/><T32/><D32/><U48/><E48/><V133/><F133/><W20/><G50/><T41/><D41/><U75/><REACH who="1" step="1"/><E34/><REACH who="1" ten="376,124,333,157" step="2"/><V134/><F134/><W47/><G51/><T66/><D63/><U107/><E107/><V27/><F27/><AGARI ba="0,1" hai="18,21,26,27,31,33,64,67,75,78,83,86,88,92" machi="27" ten="30,11600,0" yaku="1,1,7,1,54,1,53,1" doraHai="120" doraHaiUra="12" who="1" fromWho="2" sc="376,0,124,126,333,-116,157,0" /><INIT seed="1,1,0,1,4,52" ten="376,250,217,157" oya="1" hai0="21,88,123,18,131,103,117,82,26,84,91,32,118" hai1="60,20,83,2,102,37,79,47,90,42,73,86,0" hai2="66,125,64,57,74,80,11,25,36,8,41,120,6" hai3="95,1,99,77,121,111,12,38,9,62,46,72,4"/><U40/><E102/><V45/><F125/><W55/><G111/><T56/><D131/><U51/><E20/><V87/><F120/><W50/><G121/><T35/><D123/><U119/><E119/><V23/><F74/><W107/><G107/><T59/><D117/><U128/><E128/><V113/><F113/><W126/><G126/><T81/><D118/><U7/><E42/><V122/><F122/><W28/><G28/><T34/><D103/><U115/><E115/><V58/><F66/><W127/><G127/><T129/><D129/><U33/><E33/><V24/><F64/><W85/><G72/><T71/><D71/><U105/><E105/><V29/><F25/><W133/><G133/><T49/><D49/><U76/><E76/><V67/><F67/><W31/><G31/><T108/><D108/><U43/><E43/><V5/><F11/><W44/><G1/><T106/><D106/><U78/><E78/><V15/><REACH who="2" step="1"/><F5/><REACH who="2" ten="376,250,207,157" step="2"/><W30/><G4/><T65/><D65/><U110/><E110/><V68/><F68/><W114/><G114/><T39/><D39/><U104/><E7/><V48/><F48/><W19/><G50/><T61/><D61/><U92/><E60/><V112/><F112/><W75/><G75/><T13/><D26/><U70/><E70/><V17/><F17/><W135/><G38/><T63/><D63/><U98/><E51/><V69/><F69/><W27/><G62/><T14/><D14/><U100/><AGARI ba="1,1" hai="0,2,37,40,47,73,79,83,86,90,92,98,100,104" machi="100" ten="30,6000,0" yaku="0,1,24,2" doraHai="52" who="1" fromWho="1" sc="376,-21,250,73,207,-21,157,-21" /><INIT seed="1,2,0,4,0,47" ten="355,323,186,136" oya="1" hai0="111,7,103,34,104,130,66,30,37,62,72,117,0" hai1="121,59,18,95,93,20,127,22,67,24,128,23,83" hai2="15,80,84,56,48,86,122,85,98,112,57,74,132" hai3="11,14,51,75,79,32,44,88,33,106,100,97,131"/><U54/><E121/><V135/><F15/><W45/><G131/><T12/><D12/><U19/><E128/><V25/><F25/><W125/><G125/><T96/><D117/><U31/><E127/><V78/><F122/><W55/><G45/><T28/><D28/><U61/><E83/><V53/><F112/><W73/><G73/><T69/><D130/><U10/><E31/><V92/><REACH who="2" step="1"/><F57/><REACH who="2" ten="355,323,176,136" step="2"/><W43/><G43/><T4/><D0/><U94/><E24/><V102/><AGARI ba="2,1" hai="48,53,56,74,78,80,84,85,86,92,98,102,132,135" machi="102" ten="30,7900,0" yaku="1,1,2,1,0,1,52,1,53,0" doraHai="47" doraHaiUra="115" who="2" fromWho="2" sc="355,-22,323,-41,176,95,136,-22" /><INIT seed="2,0,0,3,2,125" ten="333,282,271,114" oya="2" hai0="54,89,40,36,77,99,53,97,115,45,44,18,130" hai1="128,46,71,15,76,52,25,0,134,31,85,16,119" hai2="98,19,27,32,64,67,17,43,24,105,50,111,79" hai3="1,86,70,11,131,3,60,12,116,28,39,74,109"/><V121/><F121/><W29/><G74/><T23/><D115/><U78/><E0/><V30/><F79/><W55/><G116/><T127/><D127/><U9/><E71/><V84/><F84/><W63/><G39/><T5/><D130/><U4/><E128/><V126/><F126/><W88/><G131/><T65/><D77/><N who="1" m="29803" /><E134/><V95/><F105/><W102/><G102/><T92/><D65/><N who="2" m="25162" /><F32/><W62/><G70/><T107/><D5/><U81/><E119/><V108/><F30/><W69/><G109/><N who="2" m="42057" /><F43/><W87/><G69/><T118/><D118/><U90/><E31/><V21/><F50/><W49/><G3/><T73/><D73/><U2/><E2/><V59/><F59/><W113/><G1/><T56/><D44/><U91/><E91/><N who="2" m="55679" /><F19/><W10/><G113/><T13/><D107/><U100/><E100/><V33/><F33/><W41/><G41/><T122/><D122/><U110/><E110/><V104/><F104/><W93/><G86/><T35/><D35/><U135/><E16/><V34/><F34/><W37/><G37/><T66/><D99/><U47/><E47/><V83/><F83/><W129/><G129/><T132/><D97/><U80/><E81/><V51/><F24/><W58/><REACH who="3" step="1"/><G10/><REACH who="3" ten="333,282,271,104" step="2"/><T75/><D75/><U82/><E85/><V68/><F68/><W61/><N who="3" m="15360" /><DORA hai="96" /><W123/><G123/><T112/><D66/><U38/><E38/><V94/><F51/><W114/><G114/><T117/><D112/><U42/><E42/><V124/><F124/><W106/><G106/><T26/><D117/><U14/><E9/><RYUUKYOKU ba="0,1" sc="333,-15,282,-15,271,15,104,15" hai2="17,21,27,94" hai3="11,12,28,29,49,55,58,87,88,93" /><INIT seed="2,1,1,2,1,4" ten="318,267,286,119" oya="2" hai0="41,99,63,16,12,1,8,78,81,79,87,119,112" hai1="60,93,55,13,65,89,37,117,118,86,124,33,75" hai2="122,17,48,45,105,91,57,129,34,71,24,20,21" hai3="82,127,114,3,22,104,70,115,39,96,5,27,10"/><V116/><F71/><W98/><G70/><T58/><D112/><N who="3" m="43049" /><G39/><T103/><D119/><U110/><E37/><V95/><F105/><W83/><G127/><T133/><D133/><U135/><E33/><V36/><F34/><W90/><G104/><T66/><D1/><U73/><E135/><V32/><F32/><W6/><G6/><T42/><REACH who="0" step="1"/><D79/><REACH who="0" ten="308,267,286,119" step="2"/><U62/><E117/><V130/><F116/><W74/><G74/><T59/><D59/><N who="1" m="37023" /><E75/><V28/><F122/><W102/><G102/><T9/><D9/><U44/><E73/><V106/><F57/><W97/><G90/><T54/><D54/><U40/><E118/><V126/><F126/><W67/><G67/><T125/><D125/><U31/><E55/><V134/><F134/><W76/><G76/><T72/><D72/><U101/><E101/><V121/><F121/><W111/><G111/><T85/><D85/><U19/><E110/><V29/><F91/><W47/><G47/><T7/><D7/><U51/><E124/><V113/><F45/><W15/><G3/><T2/><D2/><U43/><E86/><V77/><F113/><W18/><AGARI ba="1,2" hai="5,10,15,18,22,27,82,83,96,97,98" m="43049" machi="18" ten="30,2000,0" yaku="11,1,52,1" doraHai="4" who="3" fromWho="3" sc="308,-6,267,-6,286,-11,119,43" /><INIT seed="3,0,0,4,4,10" ten="302,261,275,162" oya="3" hai0="31,124,64,129,28,40,88,99,17,9,33,131,69" hai1="45,93,67,62,49,27,106,77,90,123,43,117,7" hai2="70,111,65,120,8,101,66,32,108,96,48,34,103" hai3="89,116,114,72,61,74,78,52,81,14,75,25,112"/><W41/><G116/><T105/><D124/><U97/><E123/><V113/><F113/><W30/><G41/><T115/><D115/><U35/><E117/><V3/><F120/><W0/><G0/><T118/><D118/><U125/><E125/><V92/><F48/><W104/><G104/><T87/><D40/><U73/><E106/><V134/><F134/><W57/><G89/><T110/><D110/><N who="2" m="42026" /><F103/><W109/><G109/><T71/><D33/><N who="2" m="12906" /><F70/><N who="0" m="26634" /><D64/><U122/><E122/><V94/><F94/><W23/><REACH who="3" step="1"/><G14/><REACH who="3" ten="302,261,275,152" step="2"/><N who="0" m="7375" /><D99/><U86/><E97/><V83/><F83/><W59/><G59/><T6/><D105/><U58/><E27/><V15/><F3/><W135/><G135/><T102/><D6/><AGARI ba="0,1" hai="6,8,15,65,66,92,96,101" m="12906,42026" machi="6" ten="30,2000,0" yaku="14,1,52,1" doraHai="10" who="2" fromWho="0" sc="302,-20,261,0,275,30,152,0" owari="282,8.0,261,-14.0,305,41.0,152,-35.0" /></mjloggm>