<mjloggm ver="2.3"><GO type="97" lobby="0"/><UN n0="%E3%82%A6%E3%83%AB%E3%83%88%E3%83%A9%E7%AB%8B%E7%9B%B4" n1="%6B%61%6D%65%6E%61%6E%6E" n2="%67%75%6E" n3="%E4%B8%AD%E6%AF%92%EF%BC%A5%EF%BC%B8" dan="15,14,14,14" rate="2007.67,2000.66,1939.48,1830.55" sx="M,M,M,M"/><TAIKYOKU oya="0"/><INIT seed="0,0,0,0,3,126" ten="250,250,250,250" oya="0" hai0="7,88,95,87,101,72,40,60,130,16,23,29,62" hai1="10,15,127,75,8,82,94,14,11,5,120,98,2" hai2="67,69,74,35,107,21,20,38,131,65,121,70,56" hai3="103,71,13,47,81,32,86,46,134,1,43,85,68"/><T125/><D72/><U110/><E120/><V6/><F74/><W96/><G32/><T59/><D125/><U36/><E127/><V133/><F121/><W102/><G1/><T100/><D29/><U12/><E36/><V52/><F38/><W26/><G134/><T48/><D7/><U132/><E132/><V4/><F133/><W109/><G109/><T49/><D130/><U61/><E110/><V50/><F35/><W30/><G13/><N who="0" m="9615" /><D60/><U18/><E82/><V116/><F107/><W129/><G129/><T89/><D89/><U78/><E78/><V115/><F115/><W0/><G86/><T92/><D92/><U27/><E75/><V22/><F116/><W28/><G47/><N who="0" m="25703" /><D49/><U106/><E61/><V91/><F91/><W119/><G30/><T41/><D41/><U24/><E106/><V124/><F124/><W3/><G102/><T25/><D25/><N who="1" m="9803" /><E94/><V39/><F39/><W31/><G119/><T45/><D45/><U105/><E98/><V122/><F122/><W90/><G31/><T117/><D117/><U53/><E53/><AGARI ba="0,0" hai="53,59,62,87,88,95,100,101" m="25703,9615" machi="53" ten="30,5800,0" yaku="8,1,54,2" doraHai="126" who="0" fromWho="1" sc="250,58,250,-58,250,0,250,0" /><INIT seed="0,1,0,4,5,118" ten="308,192,250,250" oya="0" hai0="112,113,69,5,37,93,135,20,122,21,28,128,72" hai1="67,87,48,56,125,26,11,104,124,111,54,36,49" hai2="24,83,8,57,59,101,74,43,109,132,105,76,1" hai3="33,39,88,91,52,19,44,3,127,90,86,12,85"/><T103/><D72/><U126/><E104/><V9/><F132/><W22/><G33/><T79/><D37/><U41/><E26/><V27/><F109/><W116/><G3/><T15/><D69/><U73/><E73/><V62/><F43/><W53/><G127/><T29/><D79/><U134/><E11/><V106/><F59/><W7/><G116/><T10/><D93/><U18/><E18/><V2/><F2/><W64/><G64/><T46/><D46/><N who="1" m="23847" /><E87/><N who="3" m="33290" /><G7/><T121/><D103/><U130/><E134/><V66/><F1/><W30/><G30/><N who="0" m="11883" /><D135/><U80/><E80/><V77/><F76/><W60/><G39/><T42/><D42/><U0/><E0/><V110/><F105/><W35/><G35/><T65/><D65/><U51/><E111/><V16/><F110/><W117/><G117/><T38/><D38/><U129/><E67/><V102/><F106/><W23/><G44/><T31/><D128/><AGARI ba="1,0" hai="48,49,51,54,56,124,125,126,128,129,130" m="23847" machi="128" ten="40,8000,1" yaku="18,1,19,1,34,2" doraHai="118" who="1" fromWho="0" sc="308,-83,192,83,250,0,250,0" /><INIT seed="1,0,0,1,3,66" ten="225,275,250,250" oya="1" hai0="95,82,46,85,10,27,93,103,63,2,32,68,17" hai1="19,11,24,25,79,90,117,132,60,6,48,133,69" hai2="118,62,74,81,86,109,98,89,125,21,65,55,121" hai3="31,56,102,40,128,33,78,8,23,42,39,91,73"/><U9/><E117/><V13/><F125/><W126/><G33/><T119/><D119/><U107/><E79/><V14/><F118/><W106/><G39/><T110/><D110/><U88/><E107/><V53/><F121/><W120/><G120/><T7/><D46/><U4/><E48/><V59/><F109/><W22/><G8/><T50/><D50/><U122/><E60/><V5/><F74/><W58/><G91/><T131/><D131/><U30/><E122/><V108/><F108/><W45/><G126/><T129/><D129/><U77/><E77/><V34/><F34/><W52/><G128/><T80/><D80/><U87/><E87/><V75/><F75/><W26/><G102/><T18/><D103/><U76/><E76/><V96/><F14/><W43/><G78/><T15/><D82/><U41/><E30/><V123/><F123/><W105/><G73/><T101/><D85/><U114/><E41/><V29/><F29/><W47/><G106/><T112/><D101/><U0/><E19/><N who="2" m="10479" /><F5/><W127/><G105/><T97/><D18/><U28/><E28/><V67/><F55/><W64/><G127/><T16/><D112/><U36/><E0/><V111/><F111/><W57/><G64/><AGARI ba="0,0" hai="53,59,62,64,65,67,81,86,89,96,98" m="10479" machi="64" ten="30,1000,0" yaku="8,1" doraHai="66" who="2" fromWho="3" sc="225,0,275,0,250,10,250,-10" /><INIT seed="2,0,0,2,0,5" ten="225,275,260,240" oya="2" hai0="133,125,132,130,103,45,29,131,89,39,63,21,114" hai1="83,84,65,104,79,54,72,109,94,81,36,6,90" hai2="9,134,101,96,113,116,91,74,62,120,100,64,10" hai3="111,85,73,82,98,57,18,108,118,3,123,34,7"/><V92/><F113/><W27/><G73/><T88/><D114/><U38/><E65/><V35/><F116/><W32/><G123/><T119/><D119/><U59/><E109/><N who="3" m="42058" /><G3/><T20/><D103/><N who="2" m="39498" /><F74/><W50/><G7/><T97/><D63/><U129/><E129/><N who="0" m="49161" /><D29/><U126/><E126/><V71/><F35/><W69/><G98/><T53/><D125/><U11/><E104/><V112/><F120/><W77/><G69/><T60/><D97/><U75/><E81/><V76/><F76/><W87/><G87/><T26/><D26/><U28/><E28/><V16/><F112/><W22/><G118/><T107/><D107/><U43/><E72/><V30/><F30/><W17/><G17/><T124/><D124/><U31/><E31/><V128/><F128/><W135/><G135/><N who="0" m="51787" /><D39/><U8/><E6/><V106/><F106/><W52/><AGARI ba="0,0" hai="18,22,27,32,34,50,52,57,77,82,85" m="42058" machi="52" ten="30,2000,0" yaku="14,1,54,1" doraHai="5" who="3" fromWho="3" sc="225,-5,275,-5,260,-10,240,20" /><INIT seed="3,0,0,1,3,131" ten="220,270,250,260" oya="3" hai0="7,6,59,86,66,30,103,83,92,27,110,84,106" hai1="3,1,99,58,21,88,102,22,118,39,69,95,20" hai2="80,31,10,9,34,13,71,65,68,24,44,41,123" hai3="77,53,52,38,114,62,35,45,47,105,116,111,42"/><W96/><G105/><T134/><D106/><U36/><E69/><V61/><F123/><W23/><G96/><T56/><D110/><U135/><E135/><V19/><F71/><W98/><G35/><T122/><D122/><U104/><E118/><V15/><F80/><W133/><G77/><T73/><D73/><U70/><E70/><V17/><F44/><N who="3" m="23639" /><G98/><N who="0" m="59847" /><D134/><U55/><E36/><V117/><REACH who="2" step="1"/><F41/><REACH who="2" ten="220,270,240,260" step="2"/><W100/><G114/><T72/><D72/><U128/><E39/><V125/><F125/><W97/><G116/><AGARI ba="0,1" hai="9,10,13,15,17,19,24,31,34,61,65,68,116,117" machi="116" ten="40,2600,0" yaku="1,1,9,1,53,0" doraHai="131" doraHaiUra="0" who="2" fromWho="3" sc="220,0,270,0,240,36,260,-26" /><INIT seed="4,0,0,2,2,47" ten="220,270,276,234" oya="0" hai0="23,28,8,3,101,77,13,81,22,72,24,107,68" hai1="103,133,35,51,125,11,59,97,37,41,27,105,74" hai2="29,114,30,21,12,79,84,1,78,16,128,20,116" hai3="19,121,33,122,109,129,115,75,82,112,52,95,100"/><T65/><D3/><U4/><E125/><V98/><F1/><W130/><G33/><T85/><D101/><U108/><E108/><V9/><F114/><W131/><G52/><T25/><D107/><U2/><E133/><V48/><F128/><W45/><G19/><T26/><D72/><U113/><E74/><V64/><F64/><W54/><G54/><T6/><D68/><U111/><E111/><V18/><F116/><W120/><G45/><T99/><D65/><U60/><E113/><V46/><F98/><N who="3" m="59487" /><G109/><T42/><D99/><U88/><E37/><V67/><F67/><W89/><G89/><T58/><D58/><U32/><E88/><V106/><F106/><W50/><G50/><T123/><D123/><U124/><E124/><V86/><F9/><W61/><G61/><T119/><D119/><U0/><E0/><V31/><F79/><AGARI ba="0,0" hai="75,79,82,112,115,120,121,122,129,130,131" m="59487" machi="79" ten="40,8000,1" yaku="13,1,19,1,34,2" doraHai="47" who="3" fromWho="2" sc="220,0,270,0,276,-80,234,80" owari="220,-18.0,270,7.0,196,-30.0,314,41.0" /></mjloggm>