<mjloggm ver="2.3"><GO type="97" lobby="0"/><UN n0="%78%78%73%79%78%78" n1="%E3%83%8B%E3%83%BC%E3%83%88%E3%81%AE%E6%9C%AC%E6%B0%97" n2="%E3%82%A6%E3%83%AB%E3%83%88%E3%83%A9%E7%AB%8B%E7%9B%B4" n3="%54%4B%5A" dan="13,14,15,14" rate="1878.99,2017.33,1993.00,1970.15" sx="M,M,M,M"/><TAIKYOKU oya="0"/><INIT seed="0,0,0,2,4,65" ten="250,250,250,250" oya="0" hai0="49,24,118,132,122,129,110,51,75,107,30,20,114" hai1="109,82,128,95,47,80,58,53,133,94,21,26,38" hai2="126,31,18,5,39,73,92,41,120,17,7,59,19" hai3="3,135,12,35,89,46,78,113,102,130,71,33,86"/><T125/><RYUUKYOKU type="yao9" ba="0,0" sc="250,0,250,0,250,0,250,0" hai0="20,24,30,49,51,75,107,110,114,118,122,125,129,132" /><INIT seed="0,1,0,2,0,20" ten="250,250,250,250" oya="0" hai0="31,13,15,125,73,89,97,132,119,66,114,17,40" hai1="99,38,46,133,44,96,115,0,78,122,5,71,10" hai2="12,30,84,1,68,43,108,102,92,67,76,70,82" hai3="32,110,7,21,47,27,93,18,16,81,52,118,22"/><T41/><D119/><U61/><E122/><V87/><F1/><W86/><G110/><T64/><D73/><U56/><E133/><V11/><F108/><W24/><G32/><T8/><D114/><U29/><E115/><V104/><F104/><W55/><G118/><T34/><D34/><U91/><E71/><V53/><F67/><W39/><G7/><T60/><D31/><U103/><E78/><V112/><F112/><W109/><G109/><T62/><D125/><U95/><E29/><V72/><F72/><W65/><G65/><N who="0" m="25195" /><D132/><U129/><E129/><V74/><F74/><W131/><G131/><T98/><D15/><U35/><E35/><V124/><F124/><W42/><G93/><N who="0" m="56495" /><D98/><U4/><E4/><V117/><F117/><W48/><G39/><T79/><D79/><AGARI ba="1,0" hai="16,18,21,22,24,27,42,47,48,52,55,79,81,86" machi="79" ten="30,12000,2" yaku="7,1,9,1,8,1,52,2,54,2" doraHai="20" who="3" fromWho="0" sc="250,-123,250,0,250,0,250,123" /><INIT seed="1,0,0,2,3,75" ten="127,250,250,373" oya="1" hai0="84,61,94,37,100,127,135,76,26,133,15,59,18" hai1="3,92,6,95,93,103,115,7,8,66,46,62,51" hai2="116,13,74,2,96,56,97,54,129,50,16,10,132" hai3="105,82,41,19,111,109,11,47,25,64,120,9,42"/><U86/><E115/><V36/><F116/><W79/><G105/><T114/><D114/><U134/><E134/><V110/><F132/><N who="0" m="50762" /><D127/><U45/><E7/><V118/><F129/><W35/><G64/><T130/><D37/><U70/><E45/><V44/><F110/><N who="3" m="41995" /><G120/><T101/><D130/><U21/><E21/><V123/><F118/><W77/><G82/><N who="0" m="47175" /><D26/><U32/><E32/><V117/><F123/><W69/><G69/><T43/><D94/><U107/><E107/><V52/><F117/><W63/><G63/><T68/><D43/><N who="3" m="16393" /><G47/><T49/><D49/><U119/><E119/><V1/><F74/><W80/><G80/><T67/><D68/><U106/><E106/><V60/><REACH who="2" step="1"/><F36/><REACH who="2" ten="127,250,240,373" step="2"/><W122/><G122/><T4/><D4/><U121/><E121/><V131/><F131/><W71/><G71/><T99/><D99/><AGARI ba="0,1" hai="1,2,10,13,16,44,50,52,54,56,60,96,97,99" machi="99" ten="40,8000,1" yaku="1,1,54,2,53,2" doraHai="75" doraHaiUra="34" who="2" fromWho="0" sc="127,-80,250,0,240,90,373,0" /><INIT seed="2,0,0,2,1,25" ten="47,250,330,373" oya="2" hai0="122,102,3,118,129,117,10,0,33,8,24,87,72" hai1="41,81,123,21,15,82,85,39,105,37,124,83,67" hai2="112,104,78,7,46,110,30,75,19,12,47,17,40" hai3="38,107,108,23,130,29,76,69,14,119,43,56,77"/><V131/><BYE who="0" /><F104/><W45/><G119/><T70/><D70/><U50/><E105/><V1/><F112/><W60/><G108/><T109/><D109/><U51/><E124/><V84/><F110/><W111/><G130/><T90/><D90/><U128/><E128/><V134/><F75/><W65/><G107/><T101/><D101/><U68/><E85/><V103/><F1/><W16/><G111/><T89/><D89/><U126/><E126/><V53/><F103/><W98/><G98/><T106/><D106/><U92/><E92/><V6/><F134/><W54/><REACH who="3" step="1"/><G29/><REACH who="3" ten="47,250,330,363" step="2"/><T121/><D121/><U20/><E123/><V113/><F113/><W114/><G114/><T9/><D9/><U100/><E100/><V52/><F131/><W4/><G4/><N who="2" m="1577" /><F30/><W42/><G42/><T125/><D125/><U49/><E41/><V55/><F40/><W5/><G5/><T59/><D59/><U115/><E115/><V32/><F32/><W132/><G132/><T91/><D91/><U35/><E68/><V22/><F19/><W28/><G28/><T79/><D79/><U18/><E18/><V99/><F99/><W86/><G86/><T127/><D127/><U2/><E39/><V66/><F66/><W64/><G64/><T31/><D31/><U11/><E67/><V80/><AGARI ba="0,1" hai="12,17,22,46,47,52,53,55,78,80,84" m="1577" machi="80" ten="30,3000,0" yaku="8,1,54,1" doraHai="25" who="2" fromWho="2" sc="47,-10,250,-10,330,40,363,-10" /><INIT seed="2,1,0,2,0,31" ten="37,240,370,353" oya="2" hai0="25,134,106,104,42,38,9,26,12,79,4,108,8" hai1="135,21,101,112,48,29,30,68,18,69,117,96,128" hai2="28,82,11,39,62,16,49,98,92,120,110,115,45" hai3="89,6,43,95,132,58,57,91,90,97,76,86,130"/><V111/><F39/><W54/><G132/><T10/><D10/><U105/><E112/><V127/><F120/><W17/><G130/><T5/><D5/><U81/><E117/><V103/><F115/><W80/><G6/><T34/><D34/><U63/><E128/><V83/><F127/><W87/><G43/><T44/><D44/><U107/><E135/><V88/><F28/><W74/><G17/><T66/><D66/><U123/><E123/><V113/><F62/><W36/><G36/><T109/><D109/><N who="2" m="41482" /><F113/><W129/><G129/><T50/><D50/><U33/><E107/><V40/><F103/><W73/><G58/><T125/><D125/><U55/><E81/><V124/><F124/><W60/><REACH who="3" step="1"/><G86/><REACH who="3" ten="37,240,370,343" step="2"/><T122/><D122/><U65/><E68/><V131/><F131/><W119/><G119/><T27/><D27/><U22/><E18/><V70/><F70/><W14/><G14/><AGARI ba="1,1" hai="11,14,16,40,45,49,82,83,88,92,98" m="41482" machi="14" ten="30,11600,0" yaku="14,1,10,1,54,2" doraHai="31" who="2" fromWho="3" sc="37,0,240,0,370,129,343,-119" /><INIT seed="2,2,0,5,1,41" ten="37,240,499,224" oya="2" hai0="4,34,117,6,115,80,46,112,5,3,11,2,133" hai1="65,105,94,81,25,0,26,92,77,91,53,45,50" hai2="113,61,40,134,16,72,82,12,118,28,76,44,58" hai3="62,109,8,88,15,19,98,23,64,30,67,70,55"/><V27/><F134/><W74/><G109/><T78/><D78/><U106/><E0/><V121/><F121/><W99/><G74/><T75/><D75/><U48/><E65/><V110/><F110/><W54/><G67/><T37/><D37/><U7/><E7/><V89/><F89/><W32/><G32/><T123/><D123/><U86/><E94/><V108/><F108/><W35/><G35/><T126/><D126/><U60/><E60/><V97/><F97/><W24/><G98/><T22/><D22/><U104/><REACH who="1" step="1"/><E48/><REACH who="1" ten="37,230,499,224" step="2"/><N who="2" m="26631" /><F118/><W129/><REACH who="3" step="1"/><G129/><REACH who="3" ten="37,230,499,214" step="2"/><T56/><D56/><U71/><E71/><V114/><F72/><AGARI ba="2,2" hai="25,26,45,50,53,72,77,81,86,91,92,104,105,106" machi="72" ten="40,5200,0" yaku="1,1,52,1,53,1" doraHai="41" doraHaiUra="85" who="1" fromWho="2" sc="37,0,230,78,499,-58,214,0" /><INIT seed="3,0,0,1,5,123" ten="37,308,441,214" oya="3" hai0="80,107,99,92,25,53,30,88,8,130,133,112,64" hai1="60,79,116,49,23,40,39,63,46,131,35,55,57" hai2="3,16,34,90,7,41,124,51,59,94,18,44,96" hai3="43,29,87,97,75,62,110,104,17,89,103,134,117"/><W95/><G117/><T100/><D100/><U135/><E35/><V26/><F124/><W27/><G134/><T119/><D119/><U6/><E79/><V108/><F108/><W38/><G75/><T67/><D67/><U120/><E6/><V19/><F34/><W82/><G110/><T129/><D129/><U127/><E116/><V50/><F7/><W106/><G17/><T91/><D91/><U77/><E127/><V5/><F5/><W78/><G62/><T115/><D115/><U118/><E118/><V37/><F37/><W101/><G43/><T13/><D13/><U126/><E126/><V15/><F3/><W10/><G10/><T0/><D0/><U65/><E120/><V98/><F26/><W42/><G42/><T68/><D68/><N who="1" m="42023" /><E131/><V52/><F98/><W111/><G111/><T32/><D32/><U22/><E135/><V102/><F102/><W84/><G38/><T93/><D93/><U48/><E48/><V58/><F58/><W24/><G29/><T69/><D69/><U9/><E9/><AGARI ba="0,0" hai="9,15,16,18,19,41,44,50,51,52,59,90,94,96" machi="9" ten="30,7700,0" yaku="7,1,8,1,54,2" doraHai="123" who="2" fromWho="1" sc="37,0,308,-77,441,77,214,0" owari="37,-46.0,231,3.0,518,62.0,214,-19.0" /></mjloggm>