<mjloggm ver="2.3"><GO type="41" lobby="0"/><UN n0="%E3%82%A6%E3%83%AB%E3%83%88%E3%83%A9%E7%AB%8B%E7%9B%B4" n1="%E9%BB%92%E3%81%98%E3%82%87%E3%81%AB%E3%83%BC" n2="%E9%A6%AC%E8%BB%8A%E9%A6%AC%32%6E%64" n3="%52%6F%6D%6F%39%39%39%39" dan="16,13,13,13" rate="2027.46,1929.48,1925.31,1870.11" sx="M,M,M,M"/><TAIKYOKU oya="0"/><INIT seed="0,0,0,3,4,63" ten="250,250,250,250" oya="0" hai0="50,10,77,59,128,129,61,118,55,53,81,74,78" hai1="11,104,119,58,102,47,13,22,91,1,125,71,46" hai2="6,28,117,120,41,57,56,14,24,114,106,70,0" hai3="45,26,134,127,4,48,130,97,39,21,36,93,16"/><T121/><D121/><U86/><E119/><V100/><F120/><W18/><G130/><T27/><D118/><U107/><E71/><V33/><F114/><W133/><G127/><T94/><D78/><U15/><E125/><V113/><F113/><W37/><G4/><T123/><D123/><U85/><E1/><V31/><F31/><W105/><G105/><T135/><D135/><U62/><E107/><V79/><F79/><W75/><G18/><T108/><D108/><U52/><E104/><V101/><F101/><W83/><G83/><T30/><D10/><U87/><E102/><V122/><F41/><W9/><G9/><T25/><D94/><U17/><REACH who="1" step="1"/><E91/><REACH who="1" ten="250,240,250,250" step="2"/><V116/><F100/><W95/><G134/><T40/><D128/><U96/><E96/><V98/><F98/><W49/><G133/><T66/><D129/><U82/><E82/><V42/><F70/><W90/><G75/><T99/><D99/><U69/><E69/><V89/><F89/><W60/><G95/><T34/><D81/><U92/><E92/><V12/><F106/><W32/><G97/><T35/><D74/><U126/><E126/><V65/><F122/><W64/><G93/><T68/><D77/><U67/><E67/><V84/><F65/><W43/><G90/><T76/><D76/><U20/><E20/><V7/><F117/><W3/><G3/><T103/><D103/><U5/><AGARI ba="0,1" hai="5,11,13,15,17,22,46,47,52,58,62,85,86,87" machi="5" ten="30,7900,0" yaku="1,1,0,1,8,1,54,1,53,0" doraHai="63" doraHaiUra="73" who="1" fromWho="1" sc="250,-39,240,89,250,-20,250,-20" /><INIT seed="1,0,0,5,1,33" ten="211,329,230,230" oya="1" hai0="17,88,23,97,119,52,7,54,66,89,56,60,123" hai1="9,39,40,93,63,101,31,0,117,70,19,3,18" hai2="34,135,133,46,127,6,125,86,74,122,114,96,64" hai3="10,16,131,115,1,24,73,22,13,25,47,83,124"/><U80/><E117/><V130/><F34/><W103/><G103/><T116/><D123/><U20/><E39/><V42/><F74/><W65/><G65/><T77/><D119/><U67/><E40/><V82/><F64/><W84/><G115/><T36/><D36/><U79/><E101/><V110/><F122/><W76/><G131/><T2/><D77/><U5/><E93/><V27/><F27/><W35/><G124/><N who="2" m="47689" /><F110/><W14/><G73/><T91/><D116/><U121/><E121/><V61/><F61/><W134/><G134/><N who="2" m="51209" /><F96/><W106/><G106/><T28/><D28/><U111/><E111/><V26/><F26/><W55/><G55/><T53/><D97/><U15/><E31/><V94/><F94/><W59/><G59/><T87/><D87/><U50/><E50/><V29/><F6/><W108/><G108/><T92/><D92/><U90/><E90/><V118/><F118/><W129/><G47/><T43/><D43/><U128/><E19/><V68/><F68/><W69/><G69/><T48/><D48/><U37/><E37/><N who="2" m="21839" /><F29/><N who="3" m="19879" /><G13/><T105/><D105/><U126/><E126/><V71/><F71/><W4/><G25/><T99/><D99/><U32/><E32/><V41/><F41/><W95/><G95/><T112/><D66/><U72/><E0/><V113/><F130/><W49/><G129/><T11/><REACH who="0" step="1"/><D112/><REACH who="0" ten="201,329,230,230" step="2"/><N who="2" m="43114" /><F86/><W45/><G49/><T38/><D38/><U98/><E128/><V109/><F82/><W51/><G51/><T21/><D21/><U107/><E98/><V58/><F109/><W85/><G84/><T44/><D44/><RYUUKYOKU ba="0,1" sc="201,0,329,0,230,0,230,0" hai0="2,7,11,17,23,52,53,54,56,60,88,89,91" hai1="3,5,9,15,18,20,63,67,70,72,79,80,107" hai2="58" hai3="1,4,10,14,16,22,45,76,83,85" /><INIT seed="1,1,1,0,4,26" ten="201,329,230,230" oya="1" hai0="67,57,37,19,75,28,123,78,64,39,30,48,82" hai1="86,116,81,38,18,90,36,32,22,40,21,124,14" hai2="25,68,114,9,13,62,89,135,102,12,84,51,35" hai3="34,122,63,119,79,71,24,42,125,101,130,107,16"/><U77/><E116/><V103/><F114/><W31/><G122/><T66/><D123/><U88/><E124/><V69/><F135/><W72/><G125/><T10/><D57/><U98/><E32/><V5/><F51/><W117/><G130/><T65/><N who="0" m="16896" /><DORA hai="87" /><T129/><D129/><U49/><E98/><V105/><F62/><W118/><G63/><T128/><D128/><U47/><REACH who="1" step="1"/><E21/><REACH who="1" ten="201,319,230,230" step="2"/><V111/><F69/><W127/><G127/><T1/><D48/><U56/><E56/><V91/><F68/><W100/><G71/><T33/><D33/><U59/><E59/><V99/><F111/><W94/><G107/><T6/><D39/><AGARI ba="1,2" hai="14,18,22,36,38,39,40,47,49,77,81,86,88,90" machi="39" ten="40,12000,1" yaku="1,1,52,2,54,1,53,0" doraHai="26,87" doraHaiUra="131,110" who="1" fromWho="0" sc="201,-123,319,143,230,0,230,0" /><INIT seed="1,2,0,1,4,105" ten="78,462,230,230" oya="1" hai0="116,111,27,83,71,9,2,131,90,57,52,40,3" hai1="101,119,84,58,22,97,18,88,10,86,25,54,12" hai2="123,13,91,108,56,132,75,15,127,20,59,118,64" hai3="65,66,39,1,23,37,125,100,49,43,8,79,6"/><U61/><E119/><V62/><F123/><W129/><G125/><T117/><D71/><U46/><E46/><V120/><F127/><W67/><G129/><T112/><D112/><U45/><E45/><V107/><F107/><W124/><G124/><T103/><D131/><U130/><E130/><V21/><F118/><W47/><G100/><T35/><D2/><U55/><E55/><V104/><F104/><W122/><G122/><T133/><D103/><U102/><E84/><V32/><F32/><W33/><G33/><T92/><D133/><U110/><E110/><V128/><F120/><W17/><REACH who="3" step="1"/><G79/><REACH who="3" ten="78,462,230,220" step="2"/><T113/><D116/><U96/><E102/><V80/><F128/><W34/><G34/><T16/><D117/><U63/><E101/><V72/><F132/><W4/><G4/><T95/><D113/><U70/><E70/><V68/><F108/><W60/><G60/><T115/><D115/><U121/><E121/><V51/><F68/><W82/><G82/><T77/><D111/><U85/><E85/><V134/><F134/><W42/><G42/><T38/><D35/><U126/><E126/><V26/><F80/><W98/><G98/><T7/><D90/><U78/><E78/><V109/><F91/><W74/><G74/><T73/><D40/><U81/><E63/><V87/><F87/><W89/><G89/><T31/><D38/><U135/><REACH who="1" step="1"/><E135/><REACH who="1" ten="78,452,230,220" step="2"/><V69/><F109/><W41/><G41/><T36/><D36/><U50/><E50/><V93/><F51/><W29/><G29/><AGARI ba="2,2" hai="10,12,18,22,25,29,54,58,61,81,86,88,96,97" machi="29" ten="30,12000,1" yaku="1,1,7,1,8,1,54,1,53,1" doraHai="105" doraHaiUra="53" who="1" fromWho="3" sc="78,0,452,146,230,0,220,-126" /><INIT seed="1,3,0,5,5,14" ten="78,598,230,94" oya="1" hai0="130,101,105,9,99,113,15,59,48,11,51,56,126" hai1="10,82,110,89,20,114,102,86,5,49,95,62,37" hai2="52,85,78,21,26,109,34,68,81,63,27,4,31" hai3="41,93,125,8,106,120,90,103,76,94,28,79,131"/><U117/><E117/><V35/><F109/><W119/><G119/><T0/><D113/><U107/><E114/><V23/><F4/><W123/><G41/><T38/><D38/><U73/><E110/><V91/><F68/><W18/><G28/><T47/><D126/><U80/><E37/><V108/><F108/><W44/><G125/><T57/><D130/><U32/><E32/><V97/><F97/><W7/><G131/><T116/><D116/><U121/><E121/><V45/><F78/><W132/><G44/><T77/><D77/><U2/><E73/><V3/><F3/><W65/><G65/><T100/><D100/><U43/><E62/><V12/><F12/><W19/><G8/><T88/><D88/><U115/><E115/><V69/><F69/><W61/><G61/><T83/><D83/><U53/><E43/><V17/><REACH who="2" step="1"/><F45/><REACH who="2" ten="78,598,220,94" step="2"/><W36/><G7/><T128/><D128/><U22/><E107/><V67/><F67/><W127/><G127/><T58/><N who="0" m="14848" /><DORA hai="111" /><T25/><D47/><U40/><E102/><V1/><F1/><W72/><G103/><T92/><D105/><U71/><E71/><V29/><F29/><W60/><G106/><T13/><D0/><U122/><E2/><V129/><F129/><W66/><G123/><T33/><D13/><U84/><E122/><V39/><F39/><W87/><G36/><T6/><D11/><U55/><E10/><V30/><F30/><W74/><G120/><T42/><D15/><U134/><E5/><V96/><F96/><W98/><G60/><T124/><D9/><U75/><E75/><RYUUKYOKU ba="3,1" sc="78,-10,598,-10,220,30,94,-10" hai2="17,21,23,26,27,31,34,35,52,63,81,85,91" /><INIT seed="2,4,1,2,2,125" ten="68,588,250,84" oya="2" hai0="26,122,88,74,68,2,38,69,103,48,40,49,51" hai1="5,79,119,132,111,9,75,67,130,39,105,101,57" hai2="0,110,64,1,61,50,117,10,23,83,76,12,112" hai3="41,54,66,85,73,114,108,63,25,53,58,93,118"/><V124/><F117/><W72/><G118/><T8/><D103/><U82/><E119/><V107/><F107/><W59/><G108/><T43/><D74/><U7/><E111/><V135/><F110/><W16/><G114/><T94/><D122/><U46/><E132/><V4/><F112/><W70/><G41/><T77/><D77/><U37/><E7/><V131/><F135/><W78/><G70/><T128/><D40/><U33/><E57/><V42/><F124/><W71/><G71/><T115/><D115/><U35/><E67/><V22/><F0/><W116/><G116/><T92/><D92/><U14/><E130/><V90/><F90/><W84/><G66/><T109/><D109/><U104/><E101/><V28/><F131/><W32/><G32/><T47/><D128/><U56/><E56/><N who="2" m="36903" /><F28/><W34/><G34/><T29/><D8/><U11/><E11/><V89/><F89/><W24/><G93/><T3/><D68/><U62/><E62/><V120/><F1/><W60/><G78/><T44/><D69/><U95/><E95/><V129/><F120/><W98/><G98/><T81/><D81/><U80/><E80/><V13/><F13/><W100/><G100/><T87/><REACH who="0" step="1"/><D47/><REACH who="0" ten="58,588,250,84" step="2"/><U121/><E121/><V91/><F91/><W99/><G99/><T123/><D123/><U126/><E126/><V20/><F129/><W19/><AGARI ba="4,2" hai="16,19,24,25,53,54,58,59,60,63,72,73,84,85" machi="19" ten="25,6400,0" yaku="0,1,22,2,54,1" doraHai="125" who="3" fromWho="3" sc="58,-20,588,-20,250,-36,84,96" /><INIT seed="3,0,0,5,5,26" ten="38,568,214,180" oya="3" hai0="3,55,120,133,88,65,80,74,35,53,61,131,127" hai1="78,0,86,90,100,52,58,102,130,28,64,124,17" hai2="18,32,13,9,79,118,112,94,66,51,108,111,47" hai3="30,91,1,84,34,107,6,103,77,67,105,23,5"/><W123/><G123/><T116/><D120/><U29/><E130/><V22/><F79/><W7/><G34/><T72/><D131/><U38/><E124/><V95/><F32/><W73/><G1/><T2/><D127/><U87/><E0/><V98/><F118/><W50/><G67/><T70/><D116/><U99/><E38/><V45/><F112/><W15/><G73/><T117/><D117/><U10/><E64/><V21/><F66/><W128/><G77/><T33/><D133/><U71/><E71/><V114/><F114/><W4/><G128/><T129/><D129/><U82/><E102/><V68/><F68/><W16/><G50/><T60/><D70/><U76/><E76/><V25/><F22/><W20/><G103/><T101/><D74/><U134/><E134/><V27/><F27/><N who="3" m="16743" /><G107/><T37/><D72/><U44/><E44/><N who="2" m="16971" /><F51/><W126/><G105/><T54/><D37/><U85/><E100/><V12/><F98/><W14/><G126/><T69/><D35/><U83/><E99/><V109/><F12/><N who="3" m="9607" /><G7/><AGARI ba="0,0" hai="7,9,13,18,21,25,94,95,108,109,111" m="16971" machi="7" ten="30,1000,0" yaku="14,1" doraHai="26" who="2" fromWho="3" sc="38,0,568,0,214,10,180,-10" /><INIT seed="4,0,0,2,3,81" ten="38,568,224,170" oya="0" hai0="67,123,98,120,3,75,33,115,129,53,16,40,127" hai1="58,91,111,112,14,9,46,10,116,133,20,51,29" hai2="54,126,19,87,130,44,5,68,71,38,4,121,69" hai3="132,82,18,93,8,62,119,70,100,23,78,17,84"/><T105/><D33/><U66/><E116/><V43/><F121/><W15/><G132/><T42/><D3/><U95/><E133/><V108/><F108/><W73/><G119/><T102/><D75/><U35/><E111/><V39/><F39/><W25/><G70/><T101/><D127/><U103/><E112/><V52/><F126/><W64/><G100/><T36/><D115/><U27/><E35/><V48/><F130/><W86/><REACH who="3" step="1"/><G93/><REACH who="3" ten="38,568,224,160" step="2"/><T135/><D129/><U106/><E103/><V55/><F38/><W118/><G118/><T113/><D135/><U41/><E106/><V124/><F124/><W13/><G13/><T31/><D113/><U99/><E14/><V0/><F0/><W22/><G22/><T7/><D105/><U114/><E114/><V6/><F19/><W30/><G30/><T83/><D120/><U59/><E59/><V47/><F47/><W60/><G60/><AGARI ba="0,1" hai="9,10,20,27,29,41,46,51,58,60,66,91,95,99" machi="60" ten="40,1300,0" yaku="8,1" doraHai="81" who="1" fromWho="3" sc="38,0,568,23,224,0,160,-13" /><INIT seed="5,0,0,2,4,13" ten="38,591,224,147" oya="1" hai0="47,10,12,113,44,25,27,104,94,99,46,8,54" hai1="72,112,49,88,90,53,41,20,76,117,109,45,55" hai2="100,86,60,16,31,39,71,56,35,92,83,37,18" hai3="127,121,50,89,42,66,40,11,38,120,122,48,65"/><U108/><E117/><V77/><F71/><W19/><G89/><T80/><D104/><U105/><E105/><V32/><F39/><W78/><G78/><T95/><D113/><U36/><E112/><V9/><F37/><W116/><G19/><N who="2" m="7209" /><F35/><W57/><G11/><T7/><D10/><U97/><E97/><N who="2" m="59431" /><F32/><W5/><G5/><T67/><D95/><U33/><E33/><V26/><F9/><W85/><G85/><T15/><D15/><U30/><E76/><V43/><F43/><W58/><G120/><T22/><D80/><U79/><E79/><V133/><F133/><W21/><G21/><T131/><D131/><U0/><E72/><V87/><F87/><W110/><G38/><T135/><D135/><U130/><E130/><V23/><F56/><W14/><G14/><T134/><D134/><U17/><E0/><V3/><F3/><W114/><G114/><T62/><D25/><N who="1" m="14479" /><E30/><N who="2" m="17759" /><F60/><W93/><G110/><N who="1" m="42602" /><E55/><V59/><F59/><AGARI ba="0,0" hai="36,41,45,49,53,59,88,90" m="42602,14479" machi="59" ten="30,5800,0" yaku="10,1,52,1,54,1" doraHai="13" who="1" fromWho="2" sc="38,0,591,58,224,-58,147,0" /><INIT seed="5,1,0,5,5,12" ten="38,649,166,147" oya="1" hai0="78,61,87,18,35,45,6,32,112,132,100,65,33" hai1="69,134,23,81,108,17,133,28,123,51,125,60,85" hai2="48,101,127,31,10,9,29,119,24,4,21,98,73" hai3="110,82,117,63,2,124,47,44,114,0,104,86,99"/><U80/><E123/><V95/><F73/><W67/><G110/><T50/><D6/><U34/><E108/><V90/><F119/><W97/><G117/><T70/><D100/><U57/><E69/><V129/><F129/><W89/><G114/><T42/><D132/><N who="1" m="50795" /><E125/><V20/><F127/><W5/><G124/><T77/><D112/><U102/><E102/><V105/><F48/><W68/><G104/><T38/><D87/><U37/><E37/><V26/><REACH who="2" step="1"/><F4/><REACH who="2" ten="38,649,156,147" step="2"/><W130/><G130/><T13/><REACH who="0" step="1"/><D50/><REACH who="0" ten="28,649,156,147" step="2"/><U8/><E51/><V116/><F116/><W56/><G5/><T64/><D64/><N who="1" m="38927" /><E34/><V59/><F59/><W27/><G67/><T121/><D121/><U3/><E3/><V58/><F58/><W16/><G56/><T120/><D120/><U11/><E85/><AGARI ba="1,2" hai="9,10,20,21,24,26,29,31,85,90,95,98,101,105" machi="85" ten="30,3900,0" yaku="1,1,7,1,9,1,53,0" doraHai="12" doraHaiUra="40" who="2" fromWho="1" sc="28,0,649,-42,156,62,147,0" /><INIT seed="6,0,0,0,0,22" ten="28,607,218,147" oya="2" hai0="21,24,85,37,6,38,134,45,80,34,26,95,78" hai1="14,132,103,30,89,15,122,69,119,97,87,98,55" hai2="65,70,72,108,125,116,46,2,13,51,32,128,127" hai3="88,73,4,115,62,92,1,28,7,33,3,81,47"/><V25/><F72/><W91/><G115/><T71/><D71/><U68/><E69/><V90/><F116/><W126/><G73/><T117/><D117/><U113/><E68/><V99/><F2/><W120/><G120/><T86/><D134/><U74/><E119/><V100/><F108/><W19/><G126/><N who="2" m="48137" /><F90/><W43/><G62/><T57/><D6/><U40/><E132/><V35/><F13/><W104/><G104/><T10/><D10/><U75/><E122/><V121/><F121/><W64/><G64/><T102/><D45/><U12/><E113/><V27/><F128/><W63/><G63/><T94/><D57/><U54/><E40/><N who="2" m="25031" /><F65/><W135/><G135/><T59/><D102/><U105/><E30/><V118/><F70/><W83/><G47/><T5/><D5/><U60/><E60/><V111/><F111/><W129/><G28/><T18/><D59/><U114/><E114/><V39/><F39/><W36/><G33/><N who="2" m="12873" /><F118/><W8/><G1/><T58/><D58/><U49/><E49/><V93/><AGARI ba="0,0" hai="25,27,93,99,100" m="12873,25031,48137" machi="93" ten="30,6000,0" yaku="18,1,52,2" doraHai="22" who="2" fromWho="2" sc="28,-20,607,-20,218,60,147,-20" /><INIT seed="6,1,0,3,4,43" ten="8,587,278,127" oya="2" hai0="49,31,125,76,108,15,37,135,53,86,44,27,119" hai1="110,73,66,72,91,117,126,123,58,36,122,101,89" hai2="32,111,82,26,133,100,68,75,18,78,104,9,128" hai3="88,93,14,39,84,5,69,41,45,113,61,13,62"/><V56/><F111/><W118/><G118/><T1/><D1/><U129/><E36/><V134/><F68/><W52/><G113/><T114/><D108/><U112/><E117/><V21/><F32/><W17/><G5/><T80/><D119/><U98/><E66/><V7/><F128/><W90/><G69/><T54/><D114/><U51/><E51/><V55/><F100/><W23/><G13/><T60/><D37/><U109/><E58/><V127/><F104/><W74/><G74/><N who="1" m="28778" /><E112/><V77/><F77/><W34/><G34/><T25/><D125/><U120/><E126/><V124/><F124/><W8/><G8/><T40/><D135/><U35/><E35/><V42/><F42/><W71/><G71/><T28/><D60/><U130/><E98/><V105/><F105/><W87/><G52/><N who="0" m="20075" /><D15/><U57/><E57/><V24/><F24/><AGARI ba="1,0" hai="24,25,27,28,31,40,44,49,76,80,86" m="20075" machi="24" ten="30,3900,0" yaku="8,1,52,1,54,1" doraHai="43" who="0" fromWho="2" sc="8,42,587,0,278,-42,127,0" /><INIT seed="7,0,0,2,4,54" ten="50,587,236,127" oya="3" hai0="18,62,115,118,41,27,113,57,33,66,81,133,68" hai1="94,72,95,121,45,69,55,14,24,71,74,87,79" hai2="105,98,67,135,112,31,25,132,40,78,6,49,1" hai3="9,15,19,43,39,2,101,30,119,93,75,61,26"/><W102/><G119/><T36/><D118/><U92/><E121/><V73/><F67/><W123/><G123/><T34/><D133/><N who="2" m="51274" /><F73/><W28/><G75/><T88/><D41/><U60/><E79/><V63/><F63/><W20/><G2/><T0/><D36/><U56/><E24/><V134/><F78/><W12/><G39/><T42/><D42/><U103/><E103/><V86/><F86/><W122/><G43/><T38/><D0/><U90/><E45/><N who="2" m="25767" /><F112/><N who="0" m="43082" /><D38/><U52/><E14/><V128/><F128/><W17/><G122/><T35/><D68/><U65/><E71/><V127/><F127/><W70/><G30/><N who="0" m="19679" /><D18/><U23/><E23/><V131/><F131/><W16/><G70/><T100/><D100/><N who="3" m="38505" /><G93/><T8/><D8/><U51/><REACH who="1" step="1"/><E55/><REACH who="1" ten="50,577,236,127" step="2"/><V83/><F134/><W110/><G15/><T89/><D89/><U53/><E53/><V117/><F117/><W106/><G12/><T32/><D32/><U11/><E11/><V21/><F105/><W114/><G106/><T80/><D80/><AGARI ba="0,1" hai="51,52,56,60,65,69,72,74,80,87,90,92,94,95" machi="80" ten="40,8000,1" yaku="1,1,52,1,54,1,53,1" doraHai="54" doraHaiUra="82" who="1" fromWho="0" sc="50,-80,577,90,236,0,127,0" owari="-30,-53.0,667,76.0,236,4.0,127,-27.0" /></mjloggm>