<mjloggm ver="2.3"><GO type="97" lobby="0"/><UN n0="%E5%B1%B1%E3%81%BC%E3%81%86%E3%81%97" n1="%E6%96%B0%E7%A4%BE%E5%93%A1" n2="%E3%82%A6%E3%83%AB%E3%83%88%E3%83%A9%E7%AB%8B%E7%9B%B4" n3="%E3%81%82%E3%82%93%E3%81%94%E3%82%89%E5%85%8E" dan="14,14,15,13" rate="1921.83,1937.18,1974.61,1847.60" sx="M,F,M,M"/><TAIKYOKU oya="0"/><INIT seed="0,0,0,5,5,122" ten="250,250,250,250" oya="0" hai0="98,9,28,39,40,116,127,23,41,82,60,5,19" hai1="42,65,0,1,103,97,102,76,52,24,26,68,79" hai2="59,44,120,71,34,130,46,101,8,61,115,31,111" hai3="2,63,25,70,83,53,16,32,125,135,107,89,108"/><T7/><D116/><U6/><E42/><N who="0" m="16489" /><D127/><U112/><E6/><N who="0" m="2057" /><D39/><U132/><E97/><V81/><F31/><W33/><G107/><T21/><D82/><U38/><E38/><V54/><F34/><W109/><G2/><T110/><D110/><N who="3" m="42601" /><G125/><T94/><D60/><U128/><E68/><V29/><F71/><W66/><G135/><T78/><D78/><U50/><E65/><V129/><F111/><W37/><G37/><T121/><D121/><U90/><E132/><V27/><F120/><W15/><G53/><T4/><D28/><U134/><E134/><V43/><F29/><W14/><G14/><N who="0" m="7631" /><D4/><U57/><E1/><V55/><F54/><W104/><G104/><T12/><D12/><U124/><E124/><V95/><F55/><W86/><G25/><T84/><D84/><U22/><E0/><V11/><F27/><W100/><G100/><AGARI ba="0,0" hai="21,23,94,98,100" m="7631,2057,16489" machi="100" ten="30,1500,0" yaku="8,1" doraHai="122" who="0" fromWho="3" sc="250,15,250,0,250,0,250,-15" /><INIT seed="0,1,0,4,5,9" ten="265,250,250,235" oya="0" hai0="36,101,32,52,94,67,30,46,7,117,93,105,83" hai1="121,0,64,75,102,132,19,129,33,26,97,120,89" hai2="22,127,95,54,115,130,23,116,39,45,53,123,62" hai3="16,125,135,55,5,133,10,31,25,47,49,38,3"/><T78/><D117/><U124/><E75/><V118/><F115/><W2/><G38/><T128/><D128/><U119/><E119/><N who="2" m="45611" /><F123/><W76/><G125/><T37/><D67/><U6/><E124/><V96/><F127/><W90/><G76/><T58/><D7/><U61/><E129/><V126/><F126/><W80/><G3/><T134/><D134/><U65/><E132/><V86/><F86/><W88/><G133/><T98/><D37/><U21/><E89/><V112/><F112/><W85/><G135/><T20/><D32/><U18/><E65/><V13/><F130/><W77/><REACH who="3" step="1"/><G16/><REACH who="3" ten="265,250,250,225" step="2"/><T68/><D36/><U35/><E19/><V84/><F39/><W28/><G28/><T73/><D30/><U111/><E121/><V81/><F45/><W92/><G92/><T59/><D20/><AGARI ba="1,1" hai="2,5,10,20,25,31,47,49,55,77,80,85,88,90" machi="20" ten="30,3900,0" yaku="1,1,7,1,54,1,53,0" doraHai="9" doraHaiUra="11" who="3" fromWho="0" sc="265,-42,250,0,250,0,225,52" /><INIT seed="1,0,0,0,2,20" ten="223,250,250,277" oya="1" hai0="107,118,102,95,109,74,134,98,37,110,89,114,112" hai1="84,2,51,116,65,29,11,101,34,119,22,129,58" hai2="42,73,12,72,77,71,32,126,130,54,123,105,91" hai3="81,96,56,3,68,115,124,10,23,86,17,117,106"/><U127/><E101/><V14/><F42/><W82/><G68/><T45/><D37/><U1/><E65/><V100/><F32/><W88/><G115/><N who="0" m="44075" /><D45/><U27/><E58/><V135/><F54/><W99/><G117/><N who="1" m="45130" /><E51/><V83/><F14/><W60/><G124/><T9/><D9/><U63/><E63/><V40/><F12/><W44/><G106/><T94/><D118/><U41/><E84/><V76/><F40/><W35/><G35/><T92/><D134/><U85/><E85/><V80/><F71/><W57/><G57/><T5/><D5/><N who="1" m="1455" /><E41/><V19/><F100/><W78/><G10/><T33/><D33/><U55/><E55/><V24/><F105/><W113/><G3/><T49/><D49/><U69/><E69/><V62/><F62/><W125/><G125/><T121/><D121/><U7/><E127/><V8/><F126/><W25/><G44/><T111/><D74/><U50/><E50/><V28/><F73/><W67/><G113/><T0/><D0/><U120/><E22/><V31/><F72/><AGARI ba="0,0" hai="17,23,25,56,60,67,72,78,81,82,86,88,96,99" machi="72" ten="30,3900,0" yaku="7,1,52,1,54,1" doraHai="20" who="3" fromWho="2" sc="223,0,250,0,250,-39,277,39" /><INIT seed="2,0,0,0,3,25" ten="223,250,211,316" oya="2" hai0="44,12,83,101,41,36,64,119,62,28,100,113,125" hai1="15,33,127,54,90,50,35,74,108,69,38,37,48" hai2="131,120,21,11,8,2,129,102,0,70,18,75,10" hai3="103,87,106,19,27,86,1,117,14,49,134,42,89"/><V98/><F70/><W5/><G117/><T128/><D119/><U76/><E69/><V24/><F75/><W23/><G1/><N who="2" m="617" /><F98/><W63/><G134/><T47/><D113/><U133/><E133/><V34/><F102/><W68/><G106/><T88/><D128/><N who="2" m="49226" /><F34/><W92/><G103/><T82/><D125/><U123/><E127/><V22/><F22/><W85/><G68/><T93/><D12/><U6/><E33/><V80/><F80/><W16/><G5/><T72/><D44/><U109/><E35/><V124/><F124/><W112/><G63/><T26/><D82/><U71/><E71/><V61/><F61/><W9/><G112/><T116/><D116/><U51/><E74/><V59/><F59/><W81/><G92/><T31/><D26/><U105/><E105/><V118/><F118/><W56/><G56/><N who="0" m="36935" /><D72/><U99/><E99/><V121/><AGARI ba="0,0" hai="8,10,11,18,21,24,120,121" m="49226,617" machi="121" ten="40,7800,0" yaku="19,1,34,2" doraHai="25" who="2" fromWho="2" sc="223,-26,250,-26,211,78,316,-26" /><INIT seed="2,1,0,5,1,135" ten="197,224,289,290" oya="2" hai0="75,82,71,63,53,110,32,51,7,92,112,84,86" hai1="41,55,24,39,118,19,85,4,43,91,29,64,44" hai2="69,12,89,17,74,54,111,57,20,76,67,50,124" hai3="130,98,13,73,33,2,11,134,37,49,65,62,58"/><V132/><F76/><W59/><G37/><T48/><D112/><U8/><E118/><V101/><F74/><W72/><G2/><T131/><D110/><U113/><E113/><V36/><F36/><W77/><G134/><T126/><D32/><U108/><E43/><V104/><F132/><W121/><G121/><T70/><D131/><U97/><E108/><V31/><F31/><W88/><G33/><T15/><D75/><U61/><E97/><V56/><F69/><W80/><G130/><T105/><D105/><U16/><E55/><V40/><F40/><W35/><G35/><T1/><D1/><U122/><E122/><V117/><F101/><W5/><G73/><T45/><D126/><U18/><E29/><V90/><F104/><W52/><G98/><T42/><D84/><U3/><E85/><V6/><F117/><W119/><G119/><T133/><D92/><U116/><E116/><V10/><F124/><W100/><G100/><T125/><D125/><U115/><E91/><V78/><F78/><W22/><G22/><T109/><D109/><U9/><E115/><V95/><F95/><W123/><G123/><T102/><D102/><U34/><E34/><V27/><F111/><W79/><G72/><T0/><D0/><U99/><E99/><V60/><AGARI ba="1,0" hai="6,10,12,17,20,27,50,54,56,57,60,67,89,90" machi="60" ten="30,3000,0" yaku="0,1,8,1" doraHai="135" who="2" fromWho="2" sc="197,-11,224,-11,289,33,290,-11" /><INIT seed="2,2,0,2,0,60" ten="186,213,322,279" oya="2" hai0="61,64,104,66,46,49,47,96,41,101,30,34,68" hai1="52,6,74,31,81,42,121,124,94,123,135,63,8" hai2="7,4,48,70,21,110,2,92,115,87,13,37,134" hai3="85,131,40,19,11,93,15,122,109,73,82,128,28"/><V55/><F37/><W79/><G122/><N who="1" m="46602" /><E42/><V59/><F70/><W1/><G1/><T57/><D34/><U91/><E31/><V76/><F115/><W58/><G109/><T120/><D30/><U51/><E63/><V112/><F112/><W111/><G111/><T103/><D120/><U95/><E124/><V99/><F110/><W126/><G126/><T54/><D103/><U118/><E118/><V26/><F2/><W35/><G40/><T20/><D20/><U62/><E62/><V53/><F13/><W14/><G14/><T129/><D129/><N who="3" m="49737" /><G58/><T17/><D17/><U133/><E74/><V132/><F55/><W102/><G35/><T44/><REACH who="0" step="1"/><D66/><REACH who="0" ten="176,213,322,279" step="2"/><U72/><E81/><V89/><F21/><W27/><G102/><T88/><D88/><U22/><E22/><V116/><F26/><W71/><G27/><T77/><D77/><U114/><E114/><V24/><F24/><W130/><G28/><T119/><D119/><U90/><E72/><V43/><F116/><W0/><G130/><T107/><D107/><U65/><E65/><V117/><F117/><W67/><G67/><T38/><AGARI ba="2,1" hai="38,41,44,46,47,49,54,57,61,64,68,96,101,104" machi="38" ten="20,12000,2" yaku="1,1,0,1,7,1,24,2,52,1,53,0" doraHai="60" doraHaiUra="108" who="0" fromWho="0" sc="176,136,213,-32,322,-62,279,-32" /><INIT seed="3,0,0,3,2,84" ten="312,181,260,247" oya="3" hai0="58,126,7,125,100,30,56,43,104,50,131,27,11" hai1="10,124,82,35,128,22,1,79,71,53,6,92,91" hai2="94,2,89,44,33,65,14,132,85,115,66,36,57" hai3="5,110,55,25,32,59,107,129,48,130,121,31,37"/><W20/><G121/><T19/><D131/><N who="3" m="50185" /><G107/><T67/><D104/><U3/><E128/><V97/><F2/><W105/><G105/><T62/><D100/><U88/><E35/><V83/><F33/><W102/><G102/><T23/><D43/><U69/><E3/><V68/><F68/><W119/><G119/><T54/><REACH who="0" step="1"/><D30/><REACH who="0" ten="302,181,260,247" step="2"/><U99/><E124/><V13/><F115/><W111/><G37/><T45/><D45/><U16/><E53/><V86/><F44/><W103/><G103/><T46/><D46/><U134/><E134/><V120/><F36/><W63/><G5/><T96/><D96/><U123/><E123/><V72/><F120/><W24/><G63/><T28/><D28/><AGARI ba="0,1" hai="20,24,25,28,31,32,48,55,59,110,111" m="50185" machi="28" ten="30,1500,0" yaku="19,1" doraHai="84" who="3" fromWho="0" sc="302,-15,181,0,260,0,247,25" /><INIT seed="3,1,0,0,5,31" ten="287,181,260,272" oya="3" hai0="33,123,83,2,81,131,26,116,122,22,59,62,113" hai1="29,6,133,68,4,67,69,50,38,78,42,99,40" hai2="80,24,121,93,109,60,108,128,118,71,44,124,25" hai3="46,111,52,73,5,58,27,34,39,91,134,107,130"/><W23/><G34/><T100/><D116/><U82/><E99/><V36/><F118/><W35/><G35/><T79/><D131/><U88/><E78/><V51/><F36/><W21/><G107/><T20/><D2/><U96/><E50/><V32/><F121/><W37/><G73/><T119/><D119/><U11/><E29/><V30/><F25/><W70/><G70/><T15/><D100/><U84/><E133/><V115/><F115/><W77/><G77/><T106/><D106/><U126/><E126/><V64/><F124/><W19/><G134/><T53/><D113/><U74/><E74/><V135/><F135/><W112/><G112/><T95/><D33/><U120/><E120/><V55/><F80/><W66/><G66/><T127/><D127/><U117/><E117/><V104/><F128/><W1/><G130/><T14/><D95/><U98/><E67/><V54/><F54/><W85/><G111/><T72/><D83/><U3/><E6/><V57/><F57/><W86/><G1/><T16/><D14/><U65/><E65/><V28/><F28/><AGARI ba="1,0" hai="15,16,20,22,26,28,53,59,62,72,79,81,122,123" machi="28" ten="30,2000,0" yaku="7,1,54,1" doraHai="31" who="0" fromWho="2" sc="287,23,181,0,260,-23,272,0" owari="310,41.0,181,-32.0,237,-16.0,272,7.0" /></mjloggm>