<mjloggm ver="2.3"><GO type="97" lobby="0"/><UN n0="%4E%6F%4E%61%6D%65%E3%81%86%E3%81%A0" n1="%E3%82%A6%E3%83%AB%E3%83%88%E3%83%A9%E7%AB%8B%E7%9B%B4" n2="%48%4F%55%53%45%49" n3="%E9%A7%86%E3%82%8B%E3%81%A8" dan="13,15,14,15" rate="1883.19,1984.97,1857.42,2038.81" sx="M,M,M,F"/><TAIKYOKU oya="0"/><INIT seed="0,0,0,1,1,20" ten="250,250,250,250" oya="0" hai0="8,50,54,70,37,43,45,97,2,32,42,34,56" hai1="129,11,91,96,125,103,100,93,49,77,112,40,128" hai2="12,105,39,24,41,84,19,28,3,48,117,115,78" hai3="109,1,121,74,61,66,72,9,60,82,94,63,124"/><T62/><D97/><U95/><E40/><V119/><F115/><W132/><G109/><T47/><D8/><U123/><E49/><V116/><F39/><W126/><G132/><T83/><D83/><U80/><E11/><V64/><F105/><W89/><G66/><N who="0" m="41303" /><D34/><U87/><E123/><V29/><F3/><W5/><G121/><T13/><D13/><U30/><E30/><V101/><F101/><W92/><G92/><T21/><D21/><U102/><E112/><V0/><F0/><W110/><G110/><T108/><D32/><U51/><E51/><V25/><F64/><W120/><G120/><T68/><D2/><U65/><E65/><V79/><F84/><N who="3" m="52519" /><G82/><T81/><D81/><U114/><E114/><V57/><F41/><W131/><G131/><N who="1" m="50250" /><E125/><AGARI ba="0,0" hai="1,5,9,60,61,63,72,74,124,125,126" m="52519" machi="125" ten="30,1000,0" yaku="18,1" doraHai="20" who="3" fromWho="1" sc="250,0,250,-10,250,0,250,10" /><INIT seed="1,0,0,0,4,24" ten="250,240,250,260" oya="1" hai0="84,47,54,7,18,78,112,44,74,63,23,116,122" hai1="91,51,67,135,86,59,99,35,80,124,39,76,5" hai2="120,58,119,40,104,111,129,10,45,9,68,77,109" hai3="108,60,28,118,88,66,125,114,19,38,30,43,123"/><U32/><E39/><V98/><F129/><W102/><G123/><T25/><D116/><U87/><E124/><V89/><F120/><W34/><G34/><T62/><D122/><U121/><E121/><V4/><F119/><W6/><G118/><T106/><D112/><U17/><E135/><V33/><F33/><W95/><G114/><T90/><D106/><U20/><E5/><V37/><F68/><W92/><G6/><T50/><D7/><U131/><E131/><V22/><F77/><W55/><G108/><N who="2" m="41545" /><F4/><W97/><G125/><T71/><D74/><U103/><E35/><V75/><F75/><W132/><G132/><T70/><D78/><U93/><E32/><V133/><F133/><W16/><G43/><T48/><D71/><U13/><E67/><V3/><F3/><W36/><G36/><T21/><D21/><U82/><E51/><V126/><F126/><W61/><G38/><T15/><D15/><U2/><E2/><V96/><F58/><AGARI ba="0,0" hai="13,17,20,58,59,76,80,82,86,87,91,93,99,103" machi="58" ten="40,2000,0" yaku="8,1" doraHai="24" who="1" fromWho="2" sc="250,0,240,20,250,-20,260,0" /><INIT seed="1,1,0,3,5,64" ten="250,260,230,260" oya="1" hai0="91,109,11,111,93,85,87,123,25,76,122,47,44" hai1="43,67,30,74,89,14,92,120,80,49,132,69,65" hai2="31,129,117,33,124,81,121,57,62,34,24,36,10" hai3="42,102,18,98,68,27,112,41,125,8,134,63,100"/><U48/><E120/><N who="0" m="46121" /><D25/><U99/><E132/><V32/><F121/><W72/><G112/><T17/><D11/><U115/><E115/><V50/><F117/><W13/><G72/><T86/><D17/><U55/><E30/><V9/><F129/><W108/><G108/><N who="0" m="41547" /><D47/><N who="1" m="25727" /><E69/><V73/><F36/><W56/><G68/><T70/><D44/><N who="1" m="28071" /><E74/><V88/><F124/><W119/><G125/><T15/><D15/><U59/><E59/><V101/><F101/><W79/><G102/><T84/><D70/><U71/><E71/><V16/><F73/><W3/><G3/><T6/><D6/><U114/><E114/><V1/><F50/><W104/><G134/><T54/><D54/><U96/><E14/><V116/><F116/><W105/><G27/><T23/><D23/><U21/><E21/><V22/><F1/><W19/><G119/><T35/><D35/><U37/><E37/><V5/><F5/><W60/><G56/><T95/><D95/><N who="1" m="56431" /><E80/><AGARI ba="1,0" hai="76,80,84,85,86,87,91,93" m="41547,46121" machi="80" ten="30,7700,0" yaku="13,1,14,1,34,2" doraHai="64" who="0" fromWho="1" sc="250,80,260,-80,230,0,260,0" /><INIT seed="2,0,0,3,5,93" ten="330,180,230,260" oya="2" hai0="70,82,112,58,17,1,126,29,12,2,107,38,57" hai1="97,41,98,100,8,63,84,43,3,66,4,104,44" hai2="101,90,105,103,0,50,77,108,20,128,110,92,18" hai3="13,25,87,121,99,81,94,21,60,28,115,16,111"/><V5/><F128/><W26/><G111/><N who="2" m="42537" /><F105/><W59/><G121/><T91/><D70/><U85/><E43/><V95/><F77/><N who="3" m="46511" /><G28/><T39/><D112/><U127/><E127/><V42/><F0/><W64/><G115/><T51/><D126/><U75/><E75/><V45/><F5/><W23/><G21/><T129/><D107/><U68/><REACH who="1" step="1"/><E98/><REACH who="1" ten="330,170,230,260" step="2"/><N who="2" m="57623" /><F95/><W15/><G26/><AGARI ba="0,1" hai="18,20,26,42,45,50,101,103" m="57623,42537" machi="26" ten="30,5800,0" yaku="14,1,10,1,52,1" doraHai="93" who="2" fromWho="3" sc="330,0,170,0,230,68,260,-58" /><INIT seed="2,1,0,1,0,13" ten="330,170,298,202" oya="2" hai0="31,83,52,110,7,120,36,105,78,59,76,112,27" hai1="15,125,123,124,5,115,48,100,126,41,45,37,109" hai2="34,119,135,129,0,65,16,44,92,22,90,67,46" hai3="77,43,24,121,53,106,47,8,30,29,1,54,132"/><V9/><F119/><W128/><G121/><T98/><D36/><U28/><E115/><V82/><F34/><W86/><G106/><T127/><D112/><U4/><E123/><V72/><F135/><W70/><G70/><T130/><D120/><U58/><E109/><V84/><F129/><W12/><G1/><T20/><D110/><U55/><E28/><V96/><F72/><W23/><G132/><T32/><D130/><U71/><E100/><V74/><F74/><W104/><G104/><T108/><D108/><U17/><REACH who="1" step="1"/><E71/><REACH who="1" ten="330,160,298,202" step="2"/><V87/><F0/><W73/><G30/><T14/><D127/><U79/><E79/><V38/><F90/><W3/><G128/><T102/><D83/><U133/><E133/><V51/><F82/><W75/><G77/><T68/><D68/><U61/><E61/><V116/><F116/><W18/><G29/><T111/><D111/><U88/><E88/><V99/><F38/><W95/><G75/><T103/><D103/><U33/><E33/><V93/><F51/><W66/><G73/><T10/><D32/><U81/><E81/><V62/><F62/><AGARI ba="1,1" hai="7,10,14,20,27,31,52,59,62,76,78,98,102,105" machi="62" ten="30,2000,0" yaku="7,1,54,1" doraHai="13" who="0" fromWho="2" sc="330,33,160,0,298,-23,202,0" /><INIT seed="3,0,0,2,1,116" ten="363,160,275,202" oya="3" hai0="134,88,106,11,93,12,111,132,55,35,24,3,7" hai1="47,79,59,122,101,44,103,39,42,22,115,43,19" hai2="120,49,127,77,57,6,2,52,64,32,86,123,62" hai3="33,126,54,13,27,96,60,105,63,92,1,28,17"/><W121/><G105/><T51/><D106/><U0/><E0/><V15/><F127/><W73/><G126/><T25/><D3/><U46/><E115/><V30/><F2/><W125/><G125/><T117/><D117/><U10/><E10/><V87/><F77/><W16/><G73/><T110/><D35/><U58/><E79/><V104/><F104/><W90/><G1/><T5/><D5/><U129/><E129/><V14/><F32/><W94/><G121/><N who="2" m="46665" /><F30/><W74/><G74/><T133/><D25/><U119/><E119/><V95/><F6/><W45/><G17/><T99/><D24/><U50/><E122/><V61/><F61/><W85/><G45/><AGARI ba="0,0" hai="7,11,12,45,51,55,88,93,99,110,111,132,133,134" machi="45" ten="40,2600,0" yaku="20,1,54,1" doraHai="116" who="0" fromWho="3" sc="363,26,160,0,275,0,202,-26" owari="389,48.0,160,-34.0,275,8.0,176,-22.0" /></mjloggm>