<mjloggm ver="2.3"><GO type="41" lobby="0"/><UN n0="%68%61%63%6F%2E%2E%2E" n1="%45%6B%75%73%79" n2="%E6%B0%B4" n3="%E3%82%A6%E3%83%AB%E3%83%88%E3%83%A9%E7%AB%8B%E7%9B%B4" dan="15,13,15,16" rate="2022.80,1819.00,2045.66,2022.03" sx="M,F,F,M"/><TAIKYOKU oya="0"/><INIT seed="0,0,0,3,5,109" ten="250,250,250,250" oya="0" hai0="135,86,106,2,12,98,124,128,70,45,58,88,97" hai1="48,27,46,75,68,90,29,34,73,107,103,40,66" hai2="51,79,134,7,130,133,108,33,35,74,60,47,83" hai3="112,113,23,67,55,64,25,18,37,80,19,3,118"/><T22/><D2/><U21/><E21/><V81/><F108/><W11/><G37/><T62/><D124/><U101/><E90/><V99/><F130/><W28/><G64/><T111/><D128/><U119/><E101/><V129/><F129/><W10/><G67/><T0/><D0/><U50/><E50/><V43/><F83/><W6/><G55/><T13/><D111/><U85/><E85/><V4/><F60/><W125/><G80/><T104/><D70/><U120/><E120/><V63/><F63/><W57/><G57/><T71/><D71/><U16/><E16/><N who="3" m="6186" /><G125/><T8/><D135/><N who="2" m="51722" /><F99/><N who="0" m="37898" /><D45/><U42/><E46/><V78/><F78/><W52/><G52/><N who="0" m="34119" /><D104/><U72/><E72/><V131/><F131/><W102/><G102/><T65/><D106/><U121/><E103/><V53/><F43/><W44/><G44/><T1/><D65/><U14/><E66/><V32/><AGARI ba="0,0" hai="4,7,32,33,35,47,51,53,74,79,81" m="51722" machi="32" ten="40,1500,0" yaku="20,1" doraHai="109" who="2" fromWho="2" sc="250,-7,250,-4,250,15,250,-4" /><INIT seed="1,0,0,5,2,104" ten="243,246,265,246" oya="1" hai0="102,76,34,46,11,27,108,31,80,42,121,53,86" hai1="18,96,111,126,33,69,98,47,67,75,116,72,117" hai2="73,50,29,132,90,68,44,63,118,5,122,14,119" hai3="83,93,66,41,36,7,64,23,81,130,128,106,10"/><U24/><E126/><V125/><F122/><W60/><G106/><T101/><D121/><U22/><E33/><V114/><F29/><W82/><G23/><T56/><D108/><U65/><E47/><V35/><F35/><W39/><G93/><T113/><D113/><U94/><E111/><V28/><F28/><W9/><G41/><T131/><D131/><N who="3" m="50217" /><G60/><T110/><D110/><U135/><E135/><V87/><F63/><W61/><G61/><T120/><D120/><U92/><E22/><V1/><F68/><W51/><G51/><T99/><D99/><U2/><E2/><V55/><F114/><W88/><G88/><T107/><D107/><U105/><E105/><V85/><F90/><W62/><G62/><T3/><D53/><U8/><E8/><N who="3" m="3178" /><G7/><T97/><D56/><U129/><E129/><V16/><F50/><W15/><G15/><T13/><D3/><U0/><E0/><V95/><F14/><W79/><G79/><T123/><D97/><U12/><E12/><V134/><F1/><W17/><G17/><T71/><D71/><U103/><E18/><V58/><F16/><W59/><G59/><T43/><D123/><U84/><E69/><V133/><F134/><W89/><G89/><T52/><D43/><U74/><E24/><V70/><F132/><W19/><G19/><N who="0" m="8639" /><D42/><U32/><E32/><V77/><F70/><W38/><AGARI ba="0,0" hai="36,38,39,64,66,81,82,83" m="3178,50217" machi="38" ten="40,5200,0" yaku="28,2,19,1" doraHai="104" who="3" fromWho="3" sc="243,-13,246,-26,265,-13,246,52" /><INIT seed="2,0,0,2,4,45" ten="230,220,252,298" oya="2" hai0="118,19,26,12,82,105,113,18,31,79,97,101,120" hai1="25,13,77,100,43,22,68,0,16,91,80,33,5" hai2="44,37,29,14,17,108,48,55,7,123,99,35,130" hai3="61,54,27,87,98,116,104,86,15,65,134,51,50"/><V114/><F123/><W56/><G116/><T84/><D113/><U38/><E68/><V92/><F114/><W107/><G134/><T117/><D120/><U6/><E100/><V76/><F130/><W64/><G27/><T133/><D133/><U9/><E5/><V127/><F127/><W70/><G70/><T40/><D40/><U69/><E69/><V42/><F108/><W110/><G110/><T72/><D72/><U11/><E11/><V73/><F7/><W75/><G75/><T10/><REACH who="0" step="1"/><D18/><REACH who="0" ten="220,220,252,298" step="2"/><U132/><E132/><V125/><F73/><W94/><G104/><T34/><AGARI ba="0,1" hai="10,12,19,26,31,34,79,82,84,97,101,105,117,118" machi="34" ten="30,4000,0" yaku="1,1,2,1,0,1,53,0" doraHai="45" doraHaiUra="88" who="0" fromWho="0" sc="220,50,220,-10,252,-20,298,-10" /><INIT seed="3,0,0,5,0,58" ten="270,210,232,288" oya="3" hai0="31,14,133,52,68,17,34,105,15,23,30,123,113" hai1="129,10,7,92,42,119,63,66,89,13,100,35,37" hai2="48,16,101,72,85,54,80,53,1,8,121,50,47" hai3="5,79,20,132,94,78,90,125,4,67,69,71,59"/><W62/><G125/><T134/><D105/><U6/><E35/><V103/><F72/><W111/><G132/><N who="0" m="50795" /><D68/><U95/><E119/><V114/><F114/><W19/><G111/><T109/><D123/><U11/><E129/><V82/><F1/><W81/><G69/><T70/><D70/><U32/><E32/><V38/><F38/><W28/><G71/><T27/><D52/><U116/><E116/><V61/><F121/><W112/><G28/><N who="0" m="19743" /><D109/><U56/><E100/><V86/><F61/><W41/><G41/><T122/><D122/><U130/><E130/><V51/><F51/><W39/><G39/><T91/><D91/><U21/><E21/><V76/><F50/><W40/><G40/><T64/><D64/><U83/><E42/><V124/><F54/><W57/><G57/><T110/><D110/><U98/><E37/><V127/><F124/><W55/><G67/><T107/><D107/><U18/><E83/><V97/><F127/><W75/><G112/><T46/><D46/><U12/><E92/><V73/><F97/><W108/><G108/><T22/><D113/><U118/><E118/><V102/><REACH who="2" step="1"/><F80/><REACH who="2" ten="270,210,222,288" step="2"/><W88/><G75/><T25/><D14/><AGARI ba="0,1" hai="8,14,16,47,48,53,73,76,82,85,86,101,102,103" machi="14" ten="40,5200,0" yaku="1,1,2,1,54,1,53,0" doraHai="58" doraHaiUra="29" who="2" fromWho="0" sc="270,-52,210,0,222,62,288,0" /><INIT seed="4,0,0,0,5,108" ten="218,210,284,288" oya="0" hai0="75,11,117,100,22,54,60,26,16,15,70,134,119" hai1="57,131,55,66,126,114,71,2,120,130,98,29,8" hai2="102,73,13,105,107,52,44,56,122,72,123,6,90" hai3="85,18,99,25,74,121,76,61,125,40,4,50,58"/><T78/><D134/><U109/><E120/><V83/><F102/><W103/><G74/><T96/><D78/><U19/><E109/><V0/><F0/><W115/><G121/><T41/><D41/><U39/><E39/><V111/><F111/><W133/><G133/><T14/><D75/><U31/><E126/><V12/><F44/><W128/><G4/><T65/><D54/><U35/><E66/><V32/><F32/><W67/><G85/><T95/><REACH who="0" step="1"/><D15/><REACH who="0" ten="208,210,284,288" step="2"/><U47/><E55/><V27/><F52/><W1/><G76/><T9/><D9/><U68/><E8/><V69/><F73/><W30/><G40/><T49/><D49/><U23/><E2/><V113/><F13/><W91/><G50/><T88/><D88/><U43/><E43/><V53/><F12/><W24/><G91/><T118/><D118/><U62/><E130/><V124/><F90/><W106/><G1/><T92/><D92/><U129/><E129/><V5/><F72/><W17/><G128/><T97/><D97/><U77/><E98/><V79/><F53/><W37/><G37/><T51/><D51/><U3/><E131/><V80/><F122/><W89/><G89/><T127/><D127/><U81/><E3/><V110/><F79/><W82/><G125/><T63/><D63/><U132/><E62/><V112/><F123/><W87/><G99/><T21/><D21/><U48/><E23/><V94/><F124/><W42/><G42/><T20/><D20/><U64/><E77/><V33/><F94/><W45/><G61/><T135/><D135/><U46/><E132/><RYUUKYOKU ba="0,1" sc="208,30,210,-10,284,-10,288,-10" hai0="11,14,16,22,26,60,65,70,95,96,100,117,119" /><INIT seed="4,1,1,5,0,38" ten="238,200,274,278" oya="0" hai0="1,76,35,16,82,88,51,92,44,118,67,25,20" hai1="91,17,113,2,7,77,5,29,124,22,52,18,125" hai2="127,46,135,117,126,43,133,11,72,96,61,98,55" hai3="120,58,23,37,3,24,116,56,10,83,12,70,78"/><T122/><D118/><U19/><E77/><V48/><F72/><W74/><G70/><T89/><D122/><U45/><E91/><V73/><F73/><W103/><G116/><T84/><D1/><U97/><E97/><V128/><F11/><W66/><G120/><T110/><D110/><U86/><E86/><V80/><F80/><W54/><G103/><T99/><D67/><U50/><E113/><V134/><F117/><W4/><G66/><T105/><D35/><U87/><E87/><V94/><F128/><W31/><G54/><T108/><D105/><U15/><E2/><V65/><F55/><W6/><G6/><T64/><D64/><U85/><E85/><V49/><F49/><W131/><G131/><T69/><D69/><U90/><E90/><V39/><F39/><W28/><G28/><T57/><D57/><U111/><E111/><V114/><F114/><W121/><G121/><T115/><D115/><U41/><E15/><V34/><F34/><W104/><G104/><T59/><D59/><U68/><E68/><N who="2" m="42031" /><F96/><W9/><G9/><T32/><D32/><U40/><E7/><V132/><F134/><W21/><G37/><T129/><D129/><U101/><E101/><AGARI ba="1,1" hai="43,46,48,94,98,101,126,127,132,133,135" m="42031" machi="101" ten="30,2000,0" yaku="20,1,52,1" doraHai="38" who="2" fromWho="1" sc="238,0,200,-23,274,33,278,0" /><INIT seed="5,0,0,2,3,102" ten="238,177,307,278" oya="1" hai0="68,53,62,47,110,10,69,84,131,70,106,15,56" hai1="23,31,0,61,24,89,6,54,101,11,59,97,100" hai2="4,79,73,33,125,16,121,126,83,66,43,14,17" hai3="65,25,72,2,41,28,98,127,104,105,35,111,55"/><U116/><REACH who="1" step="1"/><E116/><REACH who="1" ten="238,167,307,278" step="2"/><V130/><F125/><W120/><G127/><T132/><D110/><U27/><E27/><V44/><F126/><W39/><G111/><T58/><D132/><U18/><E18/><V128/><F16/><W19/><G19/><T26/><D131/><U30/><E30/><V63/><F17/><W129/><G129/><T93/><D26/><U112/><E112/><V133/><F128/><W115/><G115/><T95/><D15/><U48/><E48/><V118/><F14/><W36/><G25/><T135/><D135/><U12/><E12/><V82/><F118/><W77/><G28/><T8/><D47/><U90/><E90/><V80/><F44/><W88/><G88/><T34/><D34/><U86/><E86/><V67/><F33/><W52/><G35/><T92/><D84/><U122/><E122/><V51/><F130/><W1/><G120/><T57/><D62/><U134/><E134/><V94/><F63/><W22/><G2/><T71/><D53/><U78/><E78/><V40/><F121/><W76/><G1/><T64/><D64/><U107/><E107/><V85/><F66/><W38/><G65/><T123/><D123/><U42/><E42/><V7/><F43/><W91/><G41/><T60/><D60/><U96/><E96/><V21/><F67/><W20/><G91/><T81/><N who="0" m="17920" /><DORA hai="124" /><T108/><D106/><N who="3" m="41065" /><G98/><T46/><D108/><U32/><E32/><V49/><F40/><W109/><G109/><T99/><D99/><U13/><E13/><V3/><F133/><W5/><G77/><T45/><D81/><RYUUKYOKU ba="0,1" sc="238,15,167,15,307,-15,278,-15" hai0="8,10,45,46,56,57,58,92,93,95" hai1="0,6,11,23,24,31,54,59,61,89,97,100,101" /><INIT seed="5,1,1,3,3,80" ten="253,182,292,263" oya="1" hai0="115,108,31,30,16,124,122,21,41,70,19,61,37" hai1="32,120,69,87,78,125,116,52,84,53,121,135,113" hai2="134,111,74,49,127,46,29,17,25,50,42,57,118" hai3="83,64,91,102,95,93,35,98,96,89,72,129,26"/><U117/><E69/><V65/><F118/><W45/><G45/><T12/><D108/><U88/><E32/><V23/><F111/><W76/><G64/><T81/><D122/><U6/><E6/><V126/><F134/><W22/><G35/><T39/><D115/><U36/><E36/><V24/><F74/><W28/><G129/><T67/><D124/><N who="2" m="47658" /><F65/><W73/><G102/><T133/><D133/><U47/><E125/><V7/><F7/><W97/><REACH who="3" step="1"/><G73/><REACH who="3" ten="253,182,292,253" step="2"/><T15/><D37/><U109/><E109/><V11/><F57/><W114/><G114/><T9/><D39/><U105/><E113/><V2/><F49/><W86/><AGARI ba="1,2" hai="22,26,28,72,76,83,86,89,91,93,95,96,97,98" machi="86" ten="20,5200,0" yaku="1,1,0,1,7,1,52,1,53,0" doraHai="80" doraHaiUra="14" who="3" fromWho="3" sc="253,-14,182,-27,292,-14,253,75" /><INIT seed="6,0,0,0,0,28" ten="239,155,278,328" oya="2" hai0="69,118,1,110,128,47,107,30,46,33,29,113,38" hai1="91,53,97,75,42,8,121,5,93,59,73,4,11" hai2="6,85,50,120,101,56,7,70,49,78,124,83,31" hai3="89,18,88,0,112,21,84,105,82,68,80,108,55"/><V62/><F120/><W63/><G105/><T45/><RYUUKYOKU type="yao9" ba="0,0" sc="239,0,155,0,278,0,328,0" hai0="1,29,30,33,38,45,46,47,69,107,110,113,118,128" /><INIT seed="6,1,0,5,5,55" ten="239,155,278,328" oya="2" hai0="0,90,113,127,16,10,19,92,68,29,128,99,46" hai1="96,116,100,125,21,32,82,81,118,75,54,121,105" hai2="86,124,106,126,76,70,23,61,30,101,129,56,7" hai3="41,44,114,133,11,78,119,22,26,89,14,117,93"/><V37/><F70/><W49/><G133/><T112/><D68/><U64/><E32/><V51/><F37/><W25/><G114/><T130/><D29/><U71/><E121/><V35/><F51/><W39/><G39/><T27/><D127/><N who="2" m="48682" /><F7/><W4/><G78/><T2/><D46/><U52/><E125/><V34/><F101/><W53/><G41/><T42/><D42/><U48/><E54/><N who="2" m="33943" /><F106/><W107/><G107/><T109/><D109/><U45/><E64/><V103/><F103/><W104/><G104/><T47/><D47/><U80/><E71/><V74/><F74/><W102/><G102/><T69/><D69/><U122/><E122/><V6/><F6/><W85/><G26/><T135/><D135/><U132/><E132/><V5/><F5/><W13/><G13/><N who="0" m="7223" /><D19/><AGARI ba="1,0" hai="4,11,14,19,22,25,44,49,53,85,89,93,117,119" machi="19" ten="30,1000,0" yaku="7,1" doraHai="55" who="3" fromWho="0" sc="239,-13,155,0,278,0,328,13" /><INIT seed="7,0,0,5,0,101" ten="226,155,278,341" oya="3" hai0="95,26,18,19,121,67,105,63,78,3,5,57,71" hai1="62,133,42,92,112,88,68,127,8,104,56,99,117" hai2="96,29,74,81,86,94,72,47,15,21,97,79,123" hai3="25,75,76,100,87,130,59,58,135,102,93,31,52"/><W48/><G130/><T80/><D121/><U85/><E112/><V109/><F109/><W120/><G135/><T50/><D105/><U122/><E133/><V46/><F123/><W39/><G39/><T54/><D26/><U129/><E122/><V30/><F15/><W33/><G120/><T10/><REACH who="0" step="1"/><D95/><REACH who="0" ten="216,155,278,341" step="2"/><U73/><E129/><V49/><F74/><AGARI ba="0,1" hai="3,5,10,18,19,50,54,57,63,67,71,74,78,80" machi="74" ten="30,3900,0" yaku="1,1,2,1,7,1,53,0" doraHai="101" doraHaiUra="115" who="0" fromWho="2" sc="216,49,155,0,278,-39,341,0" owari="265,7.0,155,-34.0,239,-16.0,341,43.0" /></mjloggm>