<mjloggm ver="2.3"><GO type="97" lobby="0"/><UN n0="%E3%82%A6%E3%83%AB%E3%83%88%E3%83%A9%E7%AB%8B%E7%9B%B4" n1="%31%39%37%36" n2="%6D%61%73%6F%62%61" n3="%E5%A4%A9%E5%9F%8E" dan="15,14,14,14" rate="1982.43,1880.19,1900.78,1905.66" sx="M,M,M,M"/><TAIKYOKU oya="0"/><INIT seed="0,0,0,4,2,97" ten="250,250,250,250" oya="0" hai0="47,111,2,37,99,9,133,24,95,22,93,29,80" hai1="50,78,89,55,11,102,17,134,26,85,46,57,69" hai2="127,94,124,66,98,52,90,21,82,54,49,83,100" hai3="135,105,36,35,32,103,113,0,70,128,88,109,65"/><T25/><D133/><U18/><E69/><V1/><F66/><W3/><RYUUKYOKU type="yao9" ba="0,0" sc="250,0,250,0,250,0,250,0" hai3="0,3,32,35,36,65,70,88,103,105,109,113,128,135" /><INIT seed="0,1,0,4,1,83" ten="250,250,250,250" oya="0" hai0="7,130,103,63,9,75,105,19,27,118,94,49,114" hai1="29,61,110,15,13,125,84,51,86,115,98,3,135" hai2="35,70,127,91,53,90,106,119,4,0,10,109,52" hai3="20,62,93,69,104,117,31,32,21,8,18,67,5"/><T116/><D105/><U71/><E3/><V66/><F109/><W96/><G117/><T1/><D75/><U42/><E110/><V100/><F119/><W129/><G129/><T54/><D114/><U57/><E115/><V123/><F123/><W47/><G47/><T101/><D130/><U25/><E125/><V16/><F35/><W11/><G104/><T107/><D107/><U2/><E2/><V82/><F127/><W95/><G95/><T37/><D37/><U23/><E71/><V41/><F41/><W80/><G80/><T40/><D40/><U17/><E135/><V112/><F112/><W120/><G120/><T121/><D63/><U81/><E98/><V87/><F91/><W79/><G79/><T39/><D39/><U45/><E81/><V102/><F16/><W88/><G18/><T126/><D118/><U132/><E132/><V78/><F78/><W50/><G50/><T76/><D76/><U44/><E44/><V89/><F89/><W60/><G62/><T38/><D38/><U111/><E111/><V77/><F77/><W56/><G69/><T28/><D19/><U74/><E74/><V30/><F30/><W64/><G64/><T124/><D121/><U122/><E122/><V92/><F106/><W72/><G72/><T43/><D116/><U73/><E73/><V12/><F0/><W36/><G36/><T97/><D103/><U26/><E26/><V34/><F34/><W48/><G48/><T46/><REACH who="0" step="1"/><D43/><REACH who="0" ten="240,250,250,250" step="2"/><U133/><E133/><V58/><F102/><W59/><G60/><T55/><D55/><N who="1" m="33983" /><E17/><V22/><F100/><RYUUKYOKU ba="1,1" sc="240,15,250,15,250,-15,250,-15" hai0="1,7,9,27,28,46,49,54,94,97,101,124,126" hai1="13,15,23,25,29,42,45,51,84,86" /><INIT seed="0,2,1,4,3,60" ten="255,265,235,235" oya="0" hai0="23,107,74,89,102,0,125,50,52,54,101,57,117" hai1="109,7,124,19,82,83,90,40,63,94,46,18,134" hai2="10,85,119,79,77,48,47,2,135,32,103,33,67" hai3="59,30,130,123,35,69,65,43,108,45,14,20,114"/><T98/><D117/><U132/><E109/><V71/><F119/><W96/><G114/><T111/><D111/><U58/><E7/><V100/><F135/><N who="1" m="51753" /><E124/><V22/><F22/><W126/><G126/><T51/><D0/><U21/><E94/><V133/><F133/><W118/><G118/><T97/><D125/><U116/><E116/><V66/><F71/><W72/><G72/><T92/><D74/><U61/><E61/><V5/><F32/><W37/><G69/><T110/><D110/><U39/><E90/><V13/><F33/><W6/><G123/><T3/><D3/><U121/><E19/><V104/><F2/><W76/><G76/><N who="2" m="29257" /><F104/><W131/><G108/><T9/><D23/><U112/><E112/><V29/><F29/><W56/><G35/><T80/><D9/><U28/><E28/><V1/><F1/><W93/><G30/><T25/><D80/><U24/><E121/><V91/><F100/><W8/><G20/><T127/><D127/><U31/><E31/><V106/><F103/><W11/><G11/><T122/><D122/><U88/><E88/><V12/><F12/><W36/><G36/><T4/><D102/><U17/><E17/><V129/><F106/><W27/><G27/><T53/><D25/><U99/><E99/><V128/><F129/><W34/><G34/><T42/><REACH who="0" step="1"/><D4/><REACH who="0" ten="245,265,235,235" step="2"/><U84/><E24/><V87/><F128/><W38/><G130/><T16/><D16/><U70/><E21/><V95/><F87/><W26/><G131/><T68/><D68/><U115/><E84/><V75/><F75/><W41/><G26/><RYUUKYOKU ba="2,2" sc="245,15,265,-15,235,15,235,-15" hai0="42,50,51,52,53,54,57,89,92,97,98,101,107" hai2="5,10,13,47,48,66,67,85,91,95" /><INIT seed="0,3,2,1,3,92" ten="260,250,250,220" oya="0" hai0="3,8,48,135,31,94,41,44,57,28,116,34,18" hai1="129,74,102,4,86,19,93,60,113,110,89,68,106" hai2="61,53,134,1,40,29,46,91,50,122,111,32,97" hai3="84,83,88,26,11,107,30,63,128,108,69,123,39"/><T17/><D116/><U10/><E74/><V120/><F1/><W105/><G123/><T13/><D3/><U99/><E110/><V100/><F111/><W78/><G108/><T127/><D34/><U22/><E129/><V75/><F134/><W38/><G128/><T85/><D135/><U45/><E113/><V117/><F117/><W126/><G126/><T98/><D127/><U27/><E45/><V35/><F75/><W15/><G69/><T9/><D85/><U125/><E125/><V133/><F133/><W16/><G63/><T54/><D17/><U52/><E68/><V115/><F91/><W104/><REACH who="3" step="1"/><G78/><REACH who="3" ten="260,250,250,210" step="2"/><T33/><D33/><AGARI ba="3,3" hai="11,15,16,26,30,33,38,39,83,84,88,104,105,107" machi="33" ten="40,8000,1" yaku="1,1,2,1,54,2,53,0" doraHai="92" doraHaiUra="66" who="3" fromWho="0" sc="260,-89,250,0,250,0,210,119" /><INIT seed="1,0,0,0,5,60" ten="171,250,250,329" oya="1" hai0="120,24,41,77,71,53,117,25,4,121,101,62,51" hai1="109,28,92,73,116,48,67,50,78,132,27,47,134" hai2="40,35,13,133,88,131,135,65,79,32,63,59,75" hai3="29,18,6,87,96,111,97,14,108,76,17,58,2"/><U84/><E116/><V82/><F131/><W30/><G2/><T128/><D128/><U114/><E114/><V80/><F40/><W31/><G58/><N who="0" m="33087" /><D4/><U46/><E109/><N who="3" m="42058" /><G76/><T11/><D11/><U21/><E73/><V122/><F122/><N who="0" m="47210" /><D117/><U43/><E67/><V124/><F124/><W83/><G83/><T130/><D130/><U126/><E126/><V34/><F13/><W16/><G87/><T54/><D77/><U94/><E78/><V89/><REACH who="2" step="1"/><F82/><REACH who="2" ten="171,250,240,329" step="2"/><W123/><G123/><T118/><D118/><U5/><E5/><V107/><F107/><W110/><G110/><T103/><D25/><U64/><E94/><V129/><F129/><W55/><G55/><T93/><D41/><U44/><E43/><V106/><F106/><W23/><G6/><T20/><D93/><U125/><E125/><V26/><F26/><W49/><G14/><T66/><D54/><U90/><REACH who="1" step="1"/><E64/><REACH who="1" ten="171,240,240,329" step="2"/><V57/><F57/><W112/><G112/><T69/><D69/><U33/><E33/><V45/><F45/><W7/><G7/><T91/><D91/><AGARI ba="0,2" hai="32,34,35,59,63,65,75,79,80,88,89,91,133,135" machi="91" ten="50,6400,0" yaku="1,1,52,1,54,1,53,0" doraHai="60" doraHaiUra="8" who="2" fromWho="0" sc="171,-64,240,0,240,84,329,0" /><INIT seed="2,0,0,2,4,128" ten="107,240,324,329" oya="2" hai0="104,73,49,113,81,19,6,18,46,78,85,61,12" hai1="60,93,50,21,103,114,83,33,112,10,40,15,27" hai2="42,44,1,57,62,88,118,14,110,66,116,129,67" hai3="55,47,119,52,121,63,56,9,92,30,22,24,36"/><V59/><F129/><W123/><G119/><T135/><D104/><U28/><E60/><V54/><F1/><W26/><G9/><T11/><D113/><U90/><E33/><V48/><F14/><W97/><G26/><T16/><D73/><U38/><E38/><V5/><F5/><W39/><G39/><T23/><D61/><U111/><E111/><V132/><F132/><W117/><G117/><T51/><D51/><U69/><E69/><V75/><F75/><W91/><G36/><T20/><REACH who="0" step="1"/><D135/><REACH who="0" ten="97,240,324,329" step="2"/><U122/><E122/><V68/><F110/><W134/><G134/><T125/><D125/><U32/><E112/><V74/><F74/><W7/><G121/><T80/><D80/><U79/><E114/><V108/><F108/><W35/><G123/><T13/><D13/><U0/><E83/><V41/><F118/><W82/><G82/><T25/><D25/><U53/><E15/><V70/><F116/><W77/><G77/><T45/><D45/><U106/><E27/><V101/><F101/><W127/><G127/><T29/><D29/><U124/><E79/><V98/><F88/><W76/><G76/><T17/><N who="0" m="4096" /><DORA hai="99" /><T120/><D120/><U86/><E90/><V107/><F107/><W130/><G130/><T84/><D84/><U126/><E103/><V31/><F31/><W87/><G87/><T2/><D2/><U34/><E86/><V115/><F115/><W4/><G35/><T109/><D109/><U133/><E32/><V89/><F89/><W43/><G30/><T64/><D64/><U102/><E102/><V37/><F67/><RYUUKYOKU ba="0,1" sc="97,30,240,-10,324,-10,329,-10" hai0="6,11,12,20,23,46,49,78,81,85" /><INIT seed="3,1,1,4,4,87" ten="127,230,314,319" oya="3" hai0="29,51,103,68,59,0,25,43,116,82,64,124,15" hai1="14,114,37,107,57,105,20,33,47,109,65,127,58" hai2="1,101,121,5,16,46,23,42,6,11,91,8,79" hai3="129,99,117,112,40,94,63,28,81,71,96,131,60"/><W27/><G117/><T111/><D0/><U92/><E114/><V113/><F121/><W36/><G112/><T118/><D111/><U115/><E109/><V61/><F113/><W41/><G81/><T90/><D124/><U38/><E115/><V134/><F134/><W125/><G125/><T102/><D68/><U97/><E33/><V69/><F101/><N who="3" m="60567" /><G99/><T88/><D118/><U44/><E127/><V26/><F79/><W74/><G74/><T54/><D116/><U93/><E97/><V31/><F91/><N who="0" m="34858" /><D82/><U17/><E105/><V76/><F76/><W22/><G71/><T133/><D133/><U21/><E107/><V52/><F31/><W98/><G98/><T132/><D132/><U35/><E35/><V32/><F32/><W70/><G70/><T120/><D120/><U89/><E38/><V128/><F128/><N who="3" m="49227" /><G36/><T4/><D64/><U83/><E37/><V9/><F1/><W85/><G85/><T2/><D2/><U106/><E106/><V78/><F78/><W55/><G55/><T49/><D43/><AGARI ba="1,1" hai="22,27,28,40,41,43,60,63" m="49227,60567" machi="43" ten="30,1500,0" yaku="19,1" doraHai="87" who="3" fromWho="0" sc="127,-18,230,0,314,0,319,28" owari="109,-39.0,230,-17.0,314,11.0,347,45.0" /></mjloggm>