<mjloggm ver="2.3"><GO type="97" lobby="0"/><UN n0="%E3%81%B1%E3%83%BC%E3%81%9D%E3%82%93" n1="%E3%82%A6%E3%83%AB%E3%83%88%E3%83%A9%E7%AB%8B%E7%9B%B4" n2="%E3%83%8F%E3%83%B3%E3%83%97%EF%BD%94" n3="%6B%65%6E%6B%65%6E%32" dan="14,15,16,14" rate="1898.63,2004.34,2066.88,1979.55" sx="M,M,M,M"/><TAIKYOKU oya="0"/><INIT seed="0,0,0,5,4,19" ten="250,250,250,250" oya="0" hai0="75,25,125,100,70,116,43,93,42,134,0,2,13" hai1="79,115,74,122,64,29,112,110,132,21,40,45,26" hai2="127,69,66,133,1,130,107,34,119,16,114,123,108" hai3="85,80,102,82,62,86,81,106,135,55,120,39,65"/><T27/><D116/><U59/><E122/><V6/><F16/><W97/><G39/><T57/><D134/><U4/><E132/><V36/><F66/><W41/><G135/><T48/><D125/><U12/><E110/><V92/><F6/><W77/><G41/><T103/><D75/><U24/><E79/><V91/><F92/><W47/><G120/><T67/><D70/><U118/><E74/><V71/><F91/><W53/><G47/><T99/><D100/><U84/><E84/><V49/><F49/><W95/><G106/><T15/><D2/><U128/><E128/><V124/><F71/><W89/><G82/><T90/><D0/><U72/><E72/><AGARI ba="0,0" hai="1,34,36,69,72,107,108,114,119,123,124,127,130,133" machi="72" ten="0,32000,5" yakuman="47" doraHai="19" who="2" fromWho="1" sc="250,0,250,-320,250,320,250,0" owari="250,5.0,-70,-57.0,570,67.0,250,-15.0" /></mjloggm>