<mjloggm ver="2.3"><GO type="97" lobby="0"/><UN n0="%E3%82%B7%E3%83%9F%E3%83%AA%E3%82%B9%EF%BC%94" n1="%E3%82%A6%E3%83%AB%E3%83%88%E3%83%A9%E7%AB%8B%E7%9B%B4" n2="%6D%69%73%61%6B%69" n3="%6B%69%7A%6F%7A%6F" dan="14,15,14,16" rate="1966.28,1982.20,1925.06,2056.52" sx="F,M,F,M"/><TAIKYOKU oya="0"/><INIT seed="0,0,0,0,3,99" ten="250,250,250,250" oya="0" hai0="82,104,90,75,127,120,101,47,106,11,42,116,8" hai1="29,119,126,77,128,32,30,16,18,70,102,24,3" hai2="34,95,131,83,112,56,117,105,98,38,5,9,35" hai3="134,63,10,109,44,80,27,7,123,60,33,130,78"/><T103/><D120/><U81/><E119/><V49/><F112/><W76/><G123/><T108/><D116/><U36/><E36/><V2/><F38/><W118/><G118/><T4/><D127/><U62/><E3/><V72/><F105/><W67/><G134/><T113/><D113/><U92/><E30/><V26/><F131/><W22/><G130/><T53/><D53/><U25/><E25/><V66/><F117/><W61/><G33/><T94/><D108/><U39/><E39/><V64/><F64/><W43/><G109/><T65/><D65/><U21/><E32/><V96/><F96/><W52/><G67/><T85/><D11/><U107/><E107/><V73/><F73/><W19/><G80/><T13/><D104/><U93/><E92/><V6/><F6/><W20/><G20/><T110/><D110/><U69/><E128/><V0/><F0/><W87/><G87/><N who="0" m="52575" /><D106/><U121/><E121/><V41/><F26/><W132/><G43/><T125/><D75/><U50/><E70/><V74/><F74/><W115/><G132/><T124/><D125/><U57/><E126/><V17/><F72/><W89/><G115/><T97/><D97/><N who="1" m="59695" /><E69/><V1/><F1/><W135/><G135/><T133/><D133/><U37/><E37/><V100/><F41/><W40/><G40/><T58/><D124/><U59/><E50/><V55/><F66/><W91/><G7/><T48/><D58/><N who="1" m="22027" /><E62/><V45/><F56/><W68/><G68/><T15/><D15/><U14/><E14/><N who="2" m="7375" /><F83/><W111/><G111/><T84/><D82/><U88/><E77/><RYUUKYOKU ba="0,0" sc="250,10,250,10,250,10,250,-30" hai0="4,8,13,42,47,48,84,85,101,103" hai1="16,18,21,24,29,81,88" hai2="2,5,34,35,45,49,55,95,98,100" /><INIT seed="0,1,0,2,3,52" ten="260,260,260,220" oya="0" hai0="2,56,71,114,120,128,37,17,51,59,134,9,118" hai1="61,122,46,78,93,95,8,15,131,3,29,7,80" hai2="28,104,63,62,20,117,115,75,108,5,68,23,94" hai3="45,99,69,24,119,55,96,58,34,87,112,82,89"/><T135/><D120/><U72/><E122/><V31/><F115/><W107/><G112/><T30/><D118/><U106/><E106/><V60/><F104/><W92/><G69/><T13/><D71/><U22/><E131/><V16/><F68/><W77/><G119/><T27/><D37/><U127/><E127/><V10/><F117/><W90/><G45/><T121/><D114/><U132/><E132/><N who="0" m="50729" /><D121/><U97/><E97/><V0/><F75/><W53/><G53/><T11/><D128/><U49/><E61/><V81/><F108/><W133/><G133/><T102/><D102/><U12/><E3/><V83/><F23/><W36/><G36/><T67/><D67/><U47/><E47/><V32/><F32/><W44/><G44/><T73/><D73/><U109/><E109/><V91/><F81/><W124/><G124/><T100/><D100/><U86/><E72/><V125/><F83/><W19/><G34/><N who="0" m="20831" /><D51/><U74/><E74/><V57/><F57/><N who="0" m="22090" /><D2/><U39/><E39/><V25/><REACH who="2" step="1"/><F125/><REACH who="2" ten="260,260,250,220" step="2"/><W43/><G107/><T41/><D41/><U123/><E123/><V116/><F116/><W14/><G43/><T4/><D4/><U40/><E46/><V85/><AGARI ba="1,1" hai="0,5,10,16,20,25,28,31,60,62,63,85,91,94" machi="85" ten="30,4000,0" yaku="1,1,0,1,54,1,53,0" doraHai="52" doraHaiUra="129" who="2" fromWho="2" sc="260,-21,260,-11,250,53,220,-11" /><INIT seed="1,0,0,0,2,115" ten="239,249,303,209" oya="1" hai0="91,44,22,127,106,7,113,66,36,79,9,63,120" hai1="111,65,131,38,121,43,17,19,30,56,60,74,135" hai2="82,72,3,71,118,132,61,24,87,39,130,31,6" hai3="129,42,112,83,37,50,108,128,62,94,84,80,133"/><U45/><E74/><V4/><F118/><W119/><G112/><T117/><D106/><U86/><E121/><V26/><F72/><W104/><G104/><T99/><D22/><U96/><E131/><N who="3" m="50250" /><G37/><T102/><D91/><U93/><E135/><V1/><F130/><W13/><G133/><T77/><D113/><U51/><E111/><V12/><F132/><W110/><G13/><T25/><D25/><U47/><E86/><V34/><F39/><W8/><G8/><T85/><D85/><U0/><E0/><V92/><F26/><W107/><G107/><T23/><D23/><U11/><E11/><V123/><F123/><W76/><G62/><T90/><D120/><U88/><REACH who="1" step="1"/><E30/><REACH who="1" ten="239,239,303,209" step="2"/><V101/><F3/><W54/><G108/><T122/><D122/><U27/><E27/><V48/><F1/><W97/><G110/><T33/><D9/><U10/><E10/><V52/><F6/><W70/><G84/><T73/><D7/><U124/><E124/><V40/><F12/><W58/><G97/><T35/><D99/><U75/><E75/><V105/><F4/><W16/><G83/><T5/><D73/><U100/><E100/><V69/><F82/><W109/><G80/><T78/><D102/><U126/><E126/><V59/><F87/><W116/><G76/><T46/><D78/><U20/><E20/><V125/><F125/><W14/><G109/><T57/><D127/><U103/><E103/><V81/><F101/><W32/><G32/><T95/><D33/><U18/><E18/><V15/><F81/><W41/><G16/><T21/><D35/><RYUUKYOKU ba="0,1" sc="239,-10,239,30,303,-10,209,-10" hai1="17,19,38,43,45,47,51,56,60,65,88,93,96" /><INIT seed="1,1,1,3,4,67" ten="229,269,293,199" oya="1" hai0="29,64,121,34,41,14,42,95,4,63,126,110,94" hai1="36,65,19,44,15,125,10,93,82,88,103,71,23" hai2="11,50,91,122,12,54,49,100,47,53,52,84,79" hai3="85,129,131,80,66,96,38,13,132,5,105,27,97"/><U130/><E125/><V18/><F122/><W40/><G132/><T7/><D126/><U46/><E36/><V106/><F79/><W104/><G27/><T109/><D121/><U72/><E130/><N who="3" m="49674" /><G38/><T16/><D34/><U107/><E107/><N who="3" m="41034" /><G40/><N who="0" m="15467" /><D29/><U32/><E32/><V113/><F113/><W31/><G31/><T74/><D74/><U60/><E103/><V45/><F100/><W6/><G66/><T0/><D0/><U119/><E119/><V8/><F106/><W127/><G127/><T92/><D63/><U114/><E114/><V111/><F111/><N who="0" m="42506" /><D64/><U68/><E71/><V118/><F118/><W120/><G120/><T25/><D25/><U1/><E72/><V56/><F11/><AGARI ba="1,1" hai="4,7,11,14,16,92,94,95" m="42506,15467" machi="11" ten="30,2000,0" yaku="14,1,54,1" doraHai="67" who="0" fromWho="2" sc="229,33,269,0,293,-23,199,0" /><INIT seed="2,0,0,2,4,98" ten="262,269,270,199" oya="2" hai0="66,113,68,107,25,47,85,109,29,24,67,55,112" hai1="26,127,13,61,115,88,19,84,23,70,17,103,105" hai2="27,35,81,95,91,57,114,73,8,58,33,15,132" hai3="43,49,11,34,83,53,78,59,62,133,128,102,1"/><V93/><F114/><W65/><G133/><T120/><D107/><U63/><E115/><V117/><F117/><W0/><G128/><T72/><D72/><U111/><E70/><V39/><F39/><W9/><G34/><T16/><D120/><U36/><E36/><V64/><F132/><W71/><G0/><T108/><D85/><U20/><E127/><V69/><F69/><W89/><G89/><T118/><D118/><U86/><E86/><V52/><F64/><W37/><G1/><T80/><D68/><U18/><E18/><V6/><F58/><W10/><G102/><T79/><D16/><U129/><E129/><V99/><F73/><W126/><G126/><T101/><D29/><U77/><E77/><V90/><F81/><W50/><G50/><T45/><D80/><U3/><E3/><V4/><F27/><W119/><G119/><T94/><D94/><U7/><E7/><V48/><F4/><W56/><G56/><T21/><D21/><U92/><E111/><V75/><F75/><W38/><REACH who="3" step="1"/><G43/><REACH who="3" ten="262,269,270,189" step="2"/><T134/><D134/><U2/><E2/><V22/><REACH who="2" step="1"/><F22/><REACH who="2" ten="262,269,260,189" step="2"/><W122/><G122/><T44/><D113/><U87/><E20/><V40/><F40/><W51/><G51/><T31/><D112/><U104/><E23/><V54/><F54/><W42/><G42/><T123/><D55/><U74/><E26/><V60/><F60/><W32/><G32/><T12/><D25/><U110/><E63/><V76/><F76/><W82/><G82/><T135/><D79/><U96/><E61/><V130/><F130/><W100/><G100/><RYUUKYOKU ba="0,2" sc="262,-15,269,-15,260,15,189,15" hai2="6,8,15,33,35,48,52,57,90,91,93,95,99" hai3="9,10,11,37,38,49,53,59,62,65,71,78,83" /><INIT seed="2,1,2,4,0,35" ten="247,254,275,204" oya="2" hai0="118,134,63,38,60,117,95,19,103,127,68,133,48" hai1="99,18,36,45,124,44,84,105,89,122,23,24,30" hai2="132,67,91,32,51,101,62,83,85,77,104,79,75" hai3="47,31,33,112,25,3,40,26,55,66,21,126,8"/><V97/><F32/><W109/><G109/><T13/><D38/><U5/><E122/><V29/><F132/><N who="0" m="50794" /><D48/><U46/><E124/><V11/><F29/><W58/><G126/><T27/><D127/><U119/><E119/><N who="0" m="45577" /><D68/><U57/><E5/><V4/><F51/><W116/><G116/><T107/><D107/><U98/><E105/><V71/><REACH who="2" step="1"/><F75/><REACH who="2" ten="247,254,265,204" step="2"/><W69/><G112/><T115/><D115/><U39/><E30/><V41/><F41/><W131/><G31/><T15/><D63/><U1/><E39/><V70/><F70/><W102/><G33/><T56/><D60/><U20/><E36/><V111/><F111/><W6/><G69/><T120/><D120/><U86/><E46/><V114/><F114/><W81/><G40/><T108/><D108/><U93/><E45/><V65/><F65/><W73/><G66/><T50/><D50/><U16/><E44/><V121/><F121/><W0/><G47/><T53/><D56/><U135/><E57/><V100/><F100/><W7/><G102/><T72/><D72/><U14/><E135/><V88/><F88/><W90/><G73/><T42/><D42/><U92/><E1/><AGARI ba="1,3" hai="1,4,11,62,67,71,77,79,83,85,91,97,101,104" machi="1" ten="30,5800,0" yaku="1,1,7,1,52,1,53,0" doraHai="35" doraHaiUra="130" who="2" fromWho="1" sc="247,0,254,-61,265,91,204,0" /><INIT seed="2,2,0,4,4,1" ten="247,193,356,204" oya="2" hai0="36,88,103,68,102,2,94,74,48,49,53,120,131" hai1="122,26,130,133,50,123,34,27,14,7,90,18,25" hai2="84,118,75,105,8,108,41,91,39,114,17,126,45" hai3="62,19,38,115,32,93,95,63,13,59,86,28,134"/><V46/><F114/><W66/><G115/><T121/><D74/><U21/><E50/><V3/><F118/><W29/><G134/><T51/><D36/><U0/><E90/><V65/><F126/><W77/><G38/><T89/><D68/><U128/><E133/><V5/><F105/><W42/><G42/><T71/><D71/><U16/><E18/><V81/><F108/><W12/><G32/><T60/><D2/><U112/><E34/><V67/><F17/><W44/><G44/><T78/><D78/><U101/><E101/><N who="0" m="38409" /><D94/><U22/><E22/><V113/><F46/><W97/><G13/><T99/><D99/><U107/><E107/><V80/><F113/><W64/><G95/><T111/><D60/><U76/><E76/><AGARI ba="2,0" hai="3,5,8,39,41,45,65,67,75,76,80,81,84,91" machi="76" ten="40,7700,0" yaku="25,2,52,1" doraHai="1" who="2" fromWho="1" sc="247,0,193,-83,356,83,204,0" /><INIT seed="2,3,0,5,2,133" ten="247,110,439,204" oya="2" hai0="121,55,87,61,130,85,96,80,124,119,31,113,67" hai1="58,114,3,64,63,9,107,90,47,19,115,65,82" hai2="49,10,39,6,30,52,94,120,86,33,125,38,17" hai3="53,29,37,131,60,21,40,54,88,79,26,27,110"/><V127/><F120/><W2/><G2/><T108/><D55/><U99/><E65/><V11/><F30/><W122/><G122/><T102/><D31/><U13/><E3/><V16/><F33/><W46/><G110/><T43/><D43/><U104/><E107/><V23/><F17/><W78/><G131/><T76/><D121/><U93/><E104/><V56/><F11/><W74/><G74/><T106/><D113/><U105/><E105/><V126/><F94/><W109/><G109/><T7/><D7/><U5/><E114/><V48/><F86/><W12/><G12/><T89/><D108/><U71/><E115/><V34/><F49/><W132/><G132/><T98/><D119/><U4/><E71/><V25/><F34/><W123/><G123/><T62/><D130/><U18/><E47/><V28/><F28/><W42/><G42/><T91/><D61/><U1/><E1/><AGARI ba="3,0" hai="1,6,10,16,23,25,38,39,48,52,56,125,126,127" machi="1" ten="40,18000,2" yaku="18,1,52,3,54,2" doraHai="133" who="2" fromWho="1" sc="247,0,110,-189,439,189,204,0" owari="247,5.0,-79,-58.0,628,73.0,204,-20.0" /></mjloggm>