<mjloggm ver="2.3"><GO type="169" lobby="0"/><UN n0="%E3%82%A6%E3%83%AB%E3%83%88%E3%83%A9%E7%AB%8B%E7%9B%B4" n1="%E3%81%B7%E3%81%AB%E3%81%B7%E3%81%AB%E2%99%AA%E2%99%AA" n2="%E3%82%A8%E3%83%AA%E3%82%AB" n3="%E9%B7%B9%E6%AD%A3%E3%81%AE%E5%80%85%EF%BC%9D%E5%AF%8C%E7%8C%AB" dan="16,17,16,17" rate="2049.30,2133.10,2055.65,2091.91" sx="M,M,F,M"/><TAIKYOKU oya="0"/><INIT seed="0,0,0,1,0,101" ten="250,250,250,250" oya="0" hai0="10,35,106,120,29,133,32,4,17,113,61,15,91" hai1="55,100,68,72,86,89,50,1,118,124,13,56,81" hai2="28,103,48,46,11,7,51,71,77,45,6,58,122" hai3="116,24,80,126,131,22,8,98,70,65,59,40,14"/><T76/><D120/><U66/><E118/><V74/><F71/><W20/><G70/><T19/><D113/><U83/><E1/><V34/><F122/><W9/><G116/><T99/><D76/><U43/><E124/><V47/><F103/><W5/><G40/><T87/><D133/><U67/><E68/><V123/><F123/><W64/><G80/><T23/><D61/><U21/><E43/><V36/><F36/><W49/><G9/><T30/><D19/><N who="1" m="10479" /><E100/><V41/><F74/><W54/><G131/><T82/><D106/><U38/><E38/><V0/><F77/><W62/><G62/><T134/><D134/><U42/><E72/><V73/><F73/><W52/><G54/><T37/><D37/><U92/><E42/><V69/><F69/><W18/><G98/><T57/><D99/><U60/><E60/><V135/><F135/><W111/><G111/><T12/><REACH who="0" step="1"/><D57/><REACH who="0" ten="240,250,250,250" step="2"/><U97/><E97/><V117/><F117/><W129/><G129/><T104/><D104/><U25/><E25/><V33/><F58/><W125/><G126/><T95/><D95/><U96/><E96/><V114/><F114/><W112/><G112/><T2/><D2/><U16/><E16/><V94/><F94/><W102/><G125/><T31/><AGARI ba="0,1" hai="4,10,12,15,17,23,29,30,31,32,35,82,87,91" machi="31" ten="30,3000,0" yaku="1,1,0,1,53,0" doraHai="101" doraHaiUra="108" who="0" fromWho="0" sc="240,40,250,-10,250,-10,250,-10" /><INIT seed="0,1,0,4,1,120" ten="280,240,240,240" oya="0" hai0="84,25,32,108,64,81,118,69,52,92,130,49,4" hai1="35,98,53,38,126,95,31,22,48,51,131,17,12" hai2="78,82,55,20,116,6,9,119,50,42,30,57,23" hai3="59,44,87,43,135,77,100,60,58,39,88,24,11"/><T97/><D118/><N who="2" m="45098" /><F30/><W74/><G135/><T91/><D130/><U14/><E38/><V66/><F66/><W62/><G100/><T47/><D4/><U15/><E131/><V41/><F41/><W94/><G24/><T0/><D0/><U7/><E126/><V86/><F42/><W33/><G33/><T93/><D93/><U102/><E7/><V72/><F72/><W27/><G27/><T1/><D1/><AGARI ba="1,0" hai="1,6,9,20,23,50,55,57,78,82,86" m="45098" machi="1" ten="30,1000,0" yaku="12,1" doraHai="120" who="2" fromWho="0" sc="280,-13,240,0,240,13,240,0" /><INIT seed="1,0,0,5,2,38" ten="267,240,253,240" oya="1" hai0="10,111,3,81,16,130,34,115,84,135,87,77,75" hai1="37,30,6,124,15,67,42,78,121,61,100,52,126" hai2="119,19,20,1,39,64,28,31,114,122,66,12,92" hai3="25,58,24,83,23,105,71,116,47,73,56,97,8"/><U11/><E121/><V59/><F122/><W48/><G71/><T49/><D34/><U112/><E112/><V32/><F119/><W131/><G25/><T17/><D115/><U70/><E100/><V134/><F114/><W103/><G131/><T129/><D135/><U120/><E120/><V55/><F134/><W5/><G73/><T9/><D111/><U68/><E78/><V2/><F39/><W98/><G83/><T99/><D99/><U101/><E101/><V60/><F32/><W7/><G98/><T21/><D17/><U14/><E30/><N who="2" m="11307" /><F1/><W118/><G23/><T82/><D49/><U117/><E117/><N who="3" m="45162" /><G24/><T91/><D75/><U27/><E27/><V106/><F2/><N who="3" m="55" /><G7/><T0/><D0/><U109/><E15/><V102/><F106/><W95/><G105/><T43/><D3/><U90/><E109/><V57/><F57/><W127/><G127/><N who="1" m="48682" /><E67/><V132/><F132/><W133/><G133/><T13/><D130/><U96/><E96/><AGARI ba="0,0" hai="12,19,20,55,59,60,64,66,92,96,102" m="11307" machi="96" ten="30,1000,0" yaku="8,1" doraHai="38" who="2" fromWho="1" sc="267,0,240,-10,253,10,240,0" /><INIT seed="2,0,0,2,0,63" ten="267,230,263,240" oya="2" hai0="1,10,60,53,127,3,123,42,118,92,131,9,21" hai1="93,79,28,13,61,45,18,114,84,80,56,8,107" hai2="119,68,40,88,76,54,74,30,35,39,91,44,2" hai3="96,36,89,115,77,14,121,71,95,15,69,66,129"/><V41/><F119/><W85/><G36/><T94/><D42/><U112/><E107/><V4/><F68/><W25/><G121/><T52/><D60/><U98/><E45/><V82/><F41/><W20/><G129/><T43/><D43/><U110/><E110/><V125/><F125/><W65/><G71/><T38/><D21/><U132/><E132/><V81/><F81/><N who="3" m="47279" /><G69/><T29/><D29/><U22/><E28/><V31/><F54/><W37/><G37/><T90/><D38/><U135/><E135/><V101/><F101/><W124/><G124/><T134/><D90/><N who="2" m="34346" /><F35/><W46/><G46/><T86/><D127/><U49/><E49/><V26/><F26/><W58/><G58/><T109/><D134/><U27/><E93/><V128/><F128/><W122/><G122/><T103/><D131/><U50/><E50/><V126/><F126/><W48/><G48/><T59/><D59/><U0/><E0/><V87/><F87/><W34/><G34/><T33/><D33/><U32/><E32/><V23/><F23/><W105/><G105/><T102/><D86/><U64/><REACH who="1" step="1"/><E98/><REACH who="1" ten="267,220,263,240" step="2"/><V17/><F2/><W113/><G113/><T16/><D1/><U7/><AGARI ba="0,1" hai="7,8,13,18,22,27,56,61,64,79,80,84,112,114" machi="7" ten="20,8000,1" yaku="1,1,2,1,0,1,7,1,52,1,53,0" doraHai="63" doraHaiUra="24" who="1" fromWho="1" sc="267,-20,220,90,263,-40,240,-20" /><INIT seed="3,0,0,0,3,10" ten="247,310,223,220" oya="3" hai0="70,29,131,92,68,57,127,98,4,112,7,78,45" hai1="84,100,94,32,132,33,79,8,39,12,93,71,74" hai2="15,2,126,27,111,52,51,21,115,34,121,81,133" hai3="64,106,113,89,5,42,86,37,85,119,120,124,76"/><W97/><G113/><T62/><D112/><U129/><E71/><N who="0" m="27177" /><D78/><U3/><E3/><V102/><F2/><W24/><G120/><T44/><D29/><U6/><E39/><V25/><F121/><W128/><G119/><T77/><D77/><U48/><E74/><V16/><F115/><W65/><G24/><N who="2" m="9289" /><F34/><W49/><G37/><T22/><D22/><U118/><E118/><V110/><F133/><W41/><G5/><T73/><D92/><U95/><E129/><V35/><F35/><W105/><G128/><T47/><D98/><U61/><E132/><V117/><F117/><W72/><G76/><T67/><D73/><U87/><E33/><V108/><F102/><W20/><G72/><T56/><D4/><U82/><E32/><V75/><F81/><W107/><G97/><T90/><D7/><U123/><E123/><V31/><F31/><W36/><G36/><T99/><D99/><N who="1" m="59503" /><E61/><V130/><F75/><W109/><G106/><T83/><D62/><U17/><E87/><V114/><F114/><W66/><G66/><T104/><D67/><U30/><E30/><V54/><F130/><W135/><G135/><T19/><D104/><U103/><E103/><V101/><F101/><W59/><G107/><T0/><D0/><U23/><E48/><V122/><F122/><W11/><G105/><T69/><D69/><U9/><E9/><V60/><F51/><W26/><G49/><T80/><D131/><U116/><E116/><V1/><F1/><W53/><G11/><T14/><D83/><U38/><E38/><V28/><F28/><W134/><G134/><RYUUKYOKU ba="0,0" sc="247,-10,310,30,223,-10,220,-10" hai1="6,8,12,17,23,79,82,84,94,95" /><INIT seed="4,1,0,0,1,98" ten="237,340,213,210" oya="0" hai0="107,6,89,130,84,101,64,52,70,127,7,97,63" hai1="67,93,41,124,131,86,26,105,100,66,90,39,111" hai2="33,80,112,46,110,122,132,16,24,134,61,79,96" hai3="51,94,25,73,36,56,4,128,54,48,38,85,62"/><T2/><D127/><U0/><E0/><V75/><F110/><W102/><G73/><T68/><D130/><U44/><E111/><V15/><F122/><W121/><G128/><T32/><D32/><U50/><E131/><V78/><F112/><W53/><G121/><T120/><D120/><U104/><E124/><V95/><F46/><W88/><G4/><T37/><D37/><U118/><E118/><V3/><F3/><W87/><G62/><T126/><D126/><U34/><E39/><V29/><F61/><W77/><G25/><T135/><D135/><U28/><REACH who="1" step="1"/><E100/><REACH who="1" ten="237,330,213,210" step="2"/><V108/><F108/><W57/><REACH who="3" step="1"/><G102/><REACH who="3" ten="237,330,213,200" step="2"/><T9/><D101/><U59/><E59/><V125/><F125/><W60/><G60/><T103/><D63/><U14/><E14/><V18/><F15/><W92/><G92/><T117/><D103/><U22/><E22/><V27/><F27/><W81/><AGARI ba="1,2" hai="36,38,48,51,53,54,56,57,77,81,85,87,88,94" machi="81" ten="30,7900,0" yaku="1,1,0,1,9,1,54,1,53,0" doraHai="98" doraHaiUra="5" who="3" fromWho="3" sc="237,-40,330,-21,213,-21,200,102" /><INIT seed="5,0,0,1,5,64" ten="197,309,192,302" oya="1" hai0="93,1,123,69,57,90,135,108,20,62,126,104,95" hai1="101,40,18,120,128,34,74,38,48,36,71,29,79" hai2="94,12,133,85,52,23,117,24,8,10,103,113,124" hai3="2,109,37,112,15,21,13,19,44,102,87,75,54"/><U47/><E120/><V100/><F117/><W114/><G2/><T50/><D1/><U86/><E74/><V33/><F33/><W116/><G75/><T26/><D104/><U119/><E119/><V63/><F133/><W127/><G109/><T66/><D108/><U118/><E118/><V125/><F113/><N who="3" m="43627" /><G127/><N who="2" m="48713" /><F85/><W0/><G0/><T91/><D135/><U80/><E101/><N who="2" m="38987" /><F94/><W105/><G105/><T72/><D72/><U97/><E97/><V61/><F61/><W55/><G102/><T58/><D126/><U78/><E86/><V22/><F22/><W60/><G87/><T67/><D123/><U77/><E34/><V49/><F63/><W81/><G81/><T89/><D95/><U31/><E80/><V39/><F39/><W16/><G60/><T6/><D93/><U45/><E36/><V25/><F10/><N who="3" m="6199" /><G116/><T68/><D67/><U41/><E38/><V51/><F51/><W110/><G110/><T83/><D83/><U84/><E84/><V14/><F14/><W130/><G130/><T7/><D50/><U65/><E48/><V73/><F73/><W32/><G32/><T59/><REACH who="0" step="1"/><D68/><REACH who="0" ten="187,309,192,302" step="2"/><U121/><E71/><V129/><F49/><W28/><G28/><AGARI ba="0,1" hai="6,7,20,26,28,57,58,59,62,66,69,89,90,91" machi="28" ten="40,5200,0" yaku="1,1,2,1,52,1,53,0" doraHai="64" doraHaiUra="111" who="0" fromWho="3" sc="187,62,309,0,192,0,302,-52" /><INIT seed="6,0,0,4,4,62" ten="249,309,192,250" oya="2" hai0="50,86,100,55,16,80,24,122,32,58,111,23,119" hai1="125,2,89,13,107,31,46,79,88,8,72,20,92" hai2="53,3,78,129,112,124,45,54,134,96,90,33,65" hai3="61,56,48,17,21,57,34,93,85,39,77,30,7"/><V9/><F33/><W108/><G39/><T0/><D0/><U28/><E107/><V68/><F78/><W103/><G108/><T36/><D36/><U114/><E2/><V94/><F134/><W81/><G7/><T74/><D74/><U113/><E125/><V66/><F129/><W87/><G30/><T49/><D111/><U71/><E71/><V131/><F131/><W5/><G5/><T60/><D32/><U22/><E46/><V44/><F124/><W26/><G34/><T1/><D1/><U67/><E79/><V135/><F68/><W101/><G48/><T97/><D122/><U75/><E8/><V38/><F135/><W98/><G57/><T106/><D119/><U64/><E92/><V128/><F128/><W15/><G15/><AGARI ba="0,0" hai="13,15,20,22,28,31,64,67,72,75,88,89,113,114" machi="15" ten="25,8000,1" yaku="22,2,52,2,54,1" doraHai="62" who="1" fromWho="3" sc="249,0,309,80,192,0,250,-80" /><INIT seed="7,0,0,3,2,25" ten="249,389,192,170" oya="3" hai0="56,75,20,31,124,2,35,26,47,90,30,128,23" hai1="42,24,134,17,51,59,48,110,126,6,36,95,105" hai2="54,111,88,132,65,99,103,83,116,117,108,86,64" hai3="50,109,81,79,93,77,94,85,12,92,5,34,76"/><W40/><G34/><T98/><D75/><U32/><E105/><N who="2" m="63743" /><F54/><W71/><G71/><T69/><D2/><U78/><E95/><V96/><F64/><W80/><G80/><T87/><D35/><U29/><E78/><N who="2" m="46455" /><F65/><W91/><G91/><T45/><D98/><U82/><E126/><V107/><F132/><W118/><G118/><N who="2" m="45673" /><F88/><W57/><G109/><T15/><D56/><U102/><E82/><V39/><F39/><W19/><G5/><T62/><D62/><U133/><E102/><AGARI ba="0,0" hai="96,102,107,108,111" m="45673,46455,63743" machi="102" ten="30,2000,0" yaku="34,2" doraHai="25" who="2" fromWho="1" sc="249,0,389,-20,192,20,170,0" owari="249,5.0,369,47.0,212,-19.0,170,-33.0" /></mjloggm>