<mjloggm ver="2.3"><GO type="97" lobby="0"/><UN n0="%6F%6E%69%72%6F%6B%75" n1="%73%61%69%73%73%37%37%37" n2="%73%69%74%6F%6D%65%73%6F" n3="%E3%82%A6%E3%83%AB%E3%83%88%E3%83%A9%E7%AB%8B%E7%9B%B4" dan="13,14,13,15" rate="1894.60,1951.70,2030.53,1983.07" sx="M,M,M,M"/><TAIKYOKU oya="0"/><INIT seed="0,0,0,0,5,76" ten="250,250,250,250" oya="0" hai0="99,122,91,49,102,129,69,26,127,5,73,80,19" hai1="108,59,126,96,2,114,90,120,94,109,10,35,77" hai2="36,33,24,25,104,61,12,86,16,105,119,97,93" hai3="28,32,4,89,52,67,116,83,9,79,7,134,51"/><T124/><D69/><U68/><E35/><V41/><F119/><W20/><G116/><T62/><D62/><U6/><E120/><V111/><F111/><N who="1" m="42569" /><E68/><V60/><F86/><W58/><G134/><T64/><D64/><U106/><E126/><N who="0" m="48169" /><D49/><U1/><E114/><V95/><F36/><W34/><G67/><T40/><D40/><U117/><E117/><V130/><F41/><W72/><G89/><T13/><D26/><U125/><E106/><V46/><F46/><W44/><G7/><T3/><D3/><N who="1" m="351" /><E125/><V113/><F113/><W131/><G131/><T135/><D5/><U8/><E8/><V53/><F130/><W56/><G34/><T63/><D63/><U87/><E59/><V85/><F85/><W70/><G32/><T78/><D129/><U42/><E42/><V121/><F121/><W45/><G70/><T112/><D135/><U11/><E11/><N who="2" m="6175" /><F33/><W22/><G45/><T18/><D112/><U75/><E75/><V123/><F123/><W98/><G58/><T88/><D122/><U92/><E77/><V118/><F118/><W133/><G133/><T37/><D37/><U128/><E128/><V50/><F105/><W48/><G56/><T23/><D19/><U31/><E31/><V103/><F104/><AGARI ba="0,0" hai="13,18,23,73,78,80,88,91,99,102,104" m="48169" machi="104" ten="30,5800,0" yaku="18,1,52,1,54,1" doraHai="76" who="0" fromWho="2" sc="250,58,250,0,250,-58,250,0" /><INIT seed="0,1,0,5,1,42" ten="308,250,192,250" oya="0" hai0="22,108,13,120,92,127,23,122,14,61,105,43,111" hai1="59,89,115,82,5,130,1,19,56,66,36,51,12" hai2="62,29,102,103,35,31,97,91,24,41,38,100,20" hai3="76,131,79,65,39,17,104,83,6,73,60,30,53"/><T121/><D105/><U10/><E130/><V96/><F38/><W48/><G39/><T0/><D92/><U106/><E36/><V40/><F35/><W80/><G131/><T128/><D61/><U27/><E106/><V33/><F33/><W46/><G104/><T132/><D43/><U11/><E115/><V25/><F62/><W85/><G17/><T116/><D0/><U99/><E66/><V129/><F129/><W4/><REACH who="3" step="1"/><G30/><REACH who="3" ten="308,250,192,240" step="2"/><T72/><D128/><U119/><E119/><V113/><F113/><W74/><G74/><T81/><D72/><U52/><E27/><V55/><F31/><W8/><G8/><T109/><D116/><U44/><REACH who="1" step="1"/><E99/><REACH who="1" ten="308,240,192,240" step="2"/><V58/><F25/><W54/><G54/><T63/><D63/><U49/><E49/><N who="2" m="31087" /><F97/><W88/><G88/><T2/><D2/><U87/><AGARI ba="1,2" hai="1,5,10,11,12,19,44,51,52,56,59,82,87,89" machi="87" ten="30,12000,2" yaku="1,1,0,1,25,2,52,1,54,1,53,0" doraHai="42" doraHaiUra="95" who="1" fromWho="1" sc="308,-61,240,143,192,-31,240,-31" /><INIT seed="1,0,0,0,1,63" ten="247,383,161,209" oya="1" hai0="66,34,128,133,14,121,29,26,97,71,31,50,19" hai1="7,18,101,126,43,56,73,92,102,5,84,80,4" hai2="109,90,104,103,42,135,9,32,111,13,45,85,94" hai3="118,115,8,86,57,24,39,12,127,130,117,113,87"/><U105/><E126/><V33/><F135/><W65/><G39/><T59/><D133/><U40/><E73/><V77/><F77/><W60/><G24/><T6/><D128/><U21/><E105/><V54/><F54/><W46/><G46/><T67/><D71/><U88/><E56/><V1/><F1/><W28/><G28/><N who="0" m="10827" /><D34/><U36/><E36/><V30/><F103/><N who="1" m="39433" /><E80/><V81/><F104/><W53/><G127/><T89/><D121/><U83/><E83/><V0/><F0/><W17/><G130/><T15/><D6/><U23/><E23/><V38/><F81/><W47/><G47/><T62/><D50/><U78/><E78/><V72/><F72/><W2/><G2/><T75/><D75/><U116/><E116/><N who="3" m="44650" /><G53/><N who="0" m="34159" /><D15/><AGARI ba="0,0" hai="4,5,7,15,18,21,40,43,84,88,92" m="39433" machi="15" ten="30,2900,0" yaku="8,1,54,1" doraHai="63" who="1" fromWho="0" sc="247,-29,383,29,161,0,209,0" /><INIT seed="1,1,0,3,1,64" ten="218,412,161,209" oya="1" hai0="22,108,32,105,38,19,128,72,3,47,61,60,24" hai1="13,121,97,54,115,76,50,116,36,37,8,7,102" hai2="126,124,113,15,25,66,83,53,118,52,85,41,84" hai3="11,94,81,96,63,45,91,78,117,98,21,71,135"/><U131/><E121/><V100/><F100/><W34/><G34/><T103/><D72/><U43/><E116/><V68/><F118/><W134/><G117/><T106/><D3/><U122/><E115/><V26/><F41/><W59/><G96/><T49/><D38/><U0/><E122/><V114/><F15/><W2/><G45/><T67/><D128/><U44/><E131/><V99/><F99/><W55/><G21/><T74/><D74/><U86/><E0/><V95/><F95/><W88/><G91/><T4/><D108/><U27/><E27/><V129/><F129/><W132/><G11/><T104/><D4/><U70/><E70/><V30/><F66/><N who="3" m="41439" /><G2/><T87/><D61/><U39/><E39/><V20/><F68/><W89/><G89/><T77/><D87/><N who="2" m="33354" /><F83/><W125/><G125/><N who="2" m="48233" /><F26/><W123/><G123/><T82/><D82/><N who="1" m="47431" /><E54/><AGARI ba="1,0" hai="20,25,30,52,53,54,113,114" m="48233,33354" machi="54" ten="30,2000,0" yaku="18,1,54,1" doraHai="64" who="2" fromWho="1" sc="218,0,412,-23,161,23,209,0" /><INIT seed="2,0,0,2,1,103" ten="218,389,184,209" oya="2" hai0="11,43,82,87,32,55,116,80,106,65,18,94,53" hai1="100,128,124,4,6,37,40,5,22,131,54,51,7" hai2="70,29,16,122,8,36,79,77,44,30,97,95,58" hai3="27,102,19,90,64,129,35,12,111,89,118,31,25"/><V56/><F122/><W120/><G120/><T41/><D32/><U92/><E124/><V42/><F70/><W48/><G118/><T39/><D106/><U50/><N who="1" m="1536" /><DORA hai="23" /><U52/><E22/><V104/><F104/><W98/><G129/><N who="1" m="49738" /><E37/><V28/><F58/><W61/><G111/><T72/><D65/><U60/><E60/><V96/><F56/><W88/><G48/><N who="1" m="18474" /><E40/><N who="0" m="15433" /><D72/><U110/><E110/><V63/><F63/><W67/><G61/><T123/><D116/><U66/><E66/><V68/><F68/><W62/><G62/><T13/><D39/><U71/><E71/><V113/><F113/><W101/><G101/><T0/><D0/><U125/><E125/><V109/><F109/><W117/><G117/><T73/><D73/><U126/><E126/><V26/><F97/><AGARI ba="0,0" hai="52,54,92,97,100" m="18474,49738,1536" machi="97" ten="50,3200,0" yaku="19,1,54,1" doraHai="103,23" who="1" fromWho="2" sc="218,0,389,32,184,-32,209,0" /><INIT seed="3,0,0,4,2,116" ten="218,421,152,209" oya="3" hai0="85,34,18,132,115,129,104,48,9,37,125,31,86" hai1="124,134,100,87,126,91,95,3,90,119,96,99,51" hai2="60,10,65,120,67,4,102,6,76,111,35,29,24" hai3="38,23,71,101,17,44,1,12,127,107,41,82,49"/><W77/><G127/><N who="1" m="48682" /><E3/><V105/><F111/><W21/><G71/><T98/><D37/><U11/><E119/><V103/><F120/><W123/><G1/><T43/><D132/><U79/><E134/><V89/><F67/><W92/><G107/><T32/><D129/><U88/><E51/><V19/><F76/><W63/><G38/><T33/><D115/><U117/><E11/><V112/><F112/><W58/><G123/><T59/><D43/><U54/><E54/><V40/><F40/><W78/><G82/><T46/><D31/><U36/><E117/><V114/><F114/><W57/><G57/><T61/><D46/><U135/><E135/><V97/><F103/><W45/><G45/><T53/><D48/><U16/><E16/><V14/><REACH who="2" step="1"/><F89/><REACH who="2" ten="218,421,142,209" step="2"/><N who="1" m="34409" /><E36/><V66/><F66/><W68/><G68/><AGARI ba="0,1" hai="4,6,10,14,19,24,29,35,60,65,68,97,102,105" machi="68" ten="30,12000,2" yaku="1,1,7,1,25,2,53,2" doraHai="116" doraHaiUra="2" who="2" fromWho="3" sc="218,0,421,0,142,130,209,-120" owari="218,-18.0,421,52.0,272,7.0,89,-41.0" /></mjloggm>