<mjloggm ver="2.3"><GO type="169" lobby="0"/><UN n0="%E3%81%A7%E3%81%93%E3%81%98" n1="%E3%82%A6%E3%83%AB%E3%83%88%E3%83%A9%E7%AB%8B%E7%9B%B4" n2="%E5%B0%8F%E7%94%B0%E6%89%89" n3="%E5%BC%B1%E8%99%AB" dan="16,17,16,17" rate="2102.79,2065.19,2058.94,2169.53" sx="M,M,M,M"/><TAIKYOKU oya="0"/><INIT seed="0,0,0,1,5,111" ten="250,250,250,250" oya="0" hai0="128,58,131,133,115,34,104,5,45,92,81,117,73" hai1="21,63,52,95,64,35,8,61,124,85,25,71,17" hai2="32,1,87,28,80,109,44,26,120,10,93,12,84" hai3="132,20,100,4,48,78,33,89,110,126,50,39,60"/><T106/><D34/><U118/><E118/><V99/><F120/><W113/><G110/><T2/><D117/><U130/><E35/><V67/><F109/><W11/><G33/><T24/><D24/><U90/><E124/><V43/><F1/><W6/><G39/><T53/><D133/><U46/><E46/><V36/><F67/><W13/><G126/><T97/><D45/><U72/><E72/><V121/><F80/><W134/><G78/><N who="0" m="44239" /><D5/><U40/><E40/><V119/><F121/><W94/><G100/><N who="0" m="60455" /><D2/><U103/><E103/><V49/><F36/><W30/><G4/><T105/><D53/><U125/><E125/><V66/><F66/><W83/><G60/><T91/><D58/><U127/><E127/><V116/><F116/><W75/><G30/><T23/><D23/><U76/><E8/><V3/><F3/><W55/><G20/><T77/><D77/><U122/><E76/><V107/><F119/><W29/><G29/><T98/><D115/><U112/><E122/><V86/><F12/><W31/><G31/><T19/><D19/><U82/><E112/><V16/><F10/><W96/><G113/><T15/><D15/><U47/><E71/><V123/><F16/><W9/><G9/><T69/><D69/><U101/><E64/><V41/><F41/><W129/><G6/><T54/><D54/><U74/><E52/><V0/><F0/><W70/><G70/><T51/><D51/><U65/><E65/><V79/><F123/><W135/><G11/><T14/><D14/><U27/><E21/><V114/><F114/><W56/><G13/><RYUUKYOKU ba="0,0" sc="250,30,250,-10,250,-10,250,-10" hai0="91,98,104,105,106,128,131" /><INIT seed="0,1,0,3,2,111" ten="280,240,240,240" oya="0" hai0="71,6,43,104,48,115,14,42,52,18,35,83,23" hai1="68,128,16,9,76,127,32,123,56,110,114,118,13" hai2="106,103,54,97,20,122,133,12,98,124,82,29,3" hai3="24,21,90,88,22,113,7,77,64,72,2,67,0"/><T1/><D71/><U85/><E123/><V26/><F3/><W33/><G33/><T5/><D104/><U34/><E68/><V112/><F122/><W50/><G77/><T30/><D115/><U44/><E85/><V62/><F112/><W108/><G72/><T95/><D83/><U25/><E56/><V63/><F133/><W73/><G73/><T131/><D131/><U132/><E44/><V94/><F124/><W8/><G113/><T41/><D1/><U89/><E89/><V61/><F82/><W59/><G108/><T126/><D126/><U57/><E57/><V134/><F134/><W38/><G38/><T87/><D30/><U86/><E86/><V116/><F116/><W37/><G37/><T65/><D35/><N who="1" m="13355" /><E76/><V99/><F12/><W107/><G107/><T39/><D65/><U120/><E120/><V31/><F31/><W51/><G59/><N who="0" m="33159" /><D39/><U105/><E105/><V84/><F54/><W91/><G91/><AGARI ba="1,0" hai="5,6,14,18,23,41,42,43,87,91,95" m="33159" machi="91" ten="30,5800,0" yaku="25,1,8,1,54,1" doraHai="111" who="0" fromWho="3" sc="280,61,240,0,240,0,240,-61" /><INIT seed="0,2,0,1,2,80" ten="341,240,240,179" oya="0" hai0="114,85,72,58,50,86,19,45,7,126,83,5,59" hai1="29,105,110,92,41,81,52,96,66,103,33,134,98" hai2="27,17,24,54,75,55,47,84,115,104,21,109,49" hai3="78,12,106,16,48,111,120,135,60,23,123,38,100"/><T57/><D114/><U108/><E41/><V117/><F75/><W132/><G38/><T28/><D126/><U56/><E66/><V25/><F104/><W113/><G113/><T13/><D28/><U26/><E134/><N who="3" m="51242" /><G111/><T42/><D72/><U18/><E18/><V37/><F37/><W133/><N who="3" m="51250" /><W127/><DORA hai="15" /><G127/><T74/><D74/><U93/><E81/><V73/><F73/><W68/><G78/><T46/><D46/><U8/><E8/><V101/><F115/><W6/><G48/><T107/><D107/><U9/><E9/><V34/><F109/><W122/><G6/><N who="0" m="2059" /><D83/><U71/><E71/><V99/><F117/><W130/><G130/><T67/><D67/><U43/><E43/><V36/><F36/><W76/><G76/><T44/><D45/><U88/><REACH who="1" step="1"/><E105/><REACH who="1" ten="341,230,240,179" step="2"/><V121/><F121/><W118/><G118/><T65/><D65/><U89/><E89/><V30/><F55/><W102/><G106/><T94/><D94/><U69/><E69/><V77/><F101/><N who="3" m="39019" /><G68/><T4/><D4/><U61/><AGARI ba="2,1" hai="26,29,33,52,56,61,88,92,93,96,98,103,108,110" machi="61" ten="30,7900,0" yaku="1,1,0,1,54,2,53,0" doraHai="80,15" doraHaiUra="0,39" who="1" fromWho="1" sc="341,-41,230,95,240,-22,179,-22" /><INIT seed="1,0,0,3,2,19" ten="300,325,218,157" oya="1" hai0="17,122,24,126,74,50,80,62,28,16,100,113,10" hai1="82,97,18,99,41,14,9,33,81,66,71,38,12" hai2="44,22,125,29,49,134,77,53,117,132,112,25,115" hai3="104,98,31,87,35,111,109,133,13,108,129,40,56"/><U61/><E33/><V94/><F117/><W54/><G133/><N who="2" m="51305" /><F77/><W47/><G129/><T4/><D113/><N who="2" m="43594" /><F94/><W121/><G121/><T69/><D122/><U68/><E41/><V37/><F37/><W114/><G114/><T64/><D126/><AGARI ba="0,0" hai="22,25,29,44,49,53,125,126" m="43594,51305" machi="126" ten="40,5200,0" yaku="20,1,11,1,52,1" doraHai="19" who="2" fromWho="0" sc="300,-52,325,0,218,52,157,0" /><INIT seed="2,0,0,0,5,19" ten="248,325,270,157" oya="2" hai0="55,2,90,51,11,31,59,47,113,63,70,118,26" hai1="87,28,99,1,58,68,114,25,44,52,65,56,27" hai2="20,107,34,134,122,98,66,110,39,32,132,21,43" hai3="127,88,125,133,81,124,46,40,120,119,104,117,15"/><V38/><F122/><W82/><G120/><T79/><D113/><U131/><E25/><V109/><F66/><W30/><G104/><T111/><D118/><N who="3" m="45065" /><G133/><N who="2" m="51305" /><F107/><W74/><G74/><T8/><D111/><N who="2" m="42506" /><F98/><W3/><G3/><T76/><D70/><U78/><E68/><V33/><F43/><W29/><G15/><T94/><D76/><U13/><E65/><V14/><F14/><W84/><G81/><T22/><D79/><U80/><E1/><V6/><F6/><W116/><N who="3" m="45073" /><W24/><DORA hai="126" /><G24/><T49/><D2/><U42/><E13/><V69/><F69/><W17/><G17/><T100/><D100/><U23/><E99/><V105/><F105/><W64/><G64/><T128/><D128/><U67/><E131/><V89/><F89/><W103/><G103/><T71/><D71/><U83/><E67/><V129/><F129/><W123/><G123/><T61/><D11/><U96/><E96/><V86/><F86/><W97/><G97/><N who="0" m="57559" /><D8/><U48/><E42/><AGARI ba="0,0" hai="22,26,31,42,47,49,51,55,59,61,63" m="57559" machi="42" ten="30,2000,0" yaku="8,1,52,1" doraHai="19,126" who="0" fromWho="1" sc="248,20,325,-20,270,0,157,0" /><INIT seed="3,0,0,3,3,39" ten="268,305,270,157" oya="3" hai0="16,15,92,124,45,110,0,70,22,41,123,86,82" hai1="109,11,114,100,36,112,130,46,117,28,115,87,4" hai2="75,2,71,26,43,85,132,83,77,135,58,88,34" hai3="12,101,37,5,81,120,108,102,59,47,68,62,105"/><W61/><G120/><T118/><D123/><U129/><E87/><V52/><F71/><W84/><G105/><T99/><D118/><U94/><E94/><V98/><F98/><W53/><G108/><T13/><D70/><U122/><E100/><V96/><F96/><W80/><G5/><T42/><D0/><U24/><E122/><V95/><F2/><W106/><G106/><T14/><D124/><U9/><E46/><V35/><F43/><N who="0" m="16394" /><D45/><U27/><E36/><V54/><F54/><W48/><G12/><T91/><D110/><U78/><E78/><AGARI ba="0,0" hai="13,14,15,16,22,78,82,86,91,92,99" m="16394" machi="78" ten="30,8000,1" yaku="8,1,52,3,54,1" doraHai="39" who="0" fromWho="1" sc="268,80,305,-80,270,0,157,0" /><INIT seed="4,0,0,5,4,18" ten="348,225,270,157" oya="0" hai0="128,114,37,105,23,34,86,131,129,63,69,6,115" hai1="83,102,117,11,94,45,78,55,30,110,59,43,49" hai2="53,41,74,54,19,40,44,42,121,82,56,120,79" hai3="88,124,12,10,87,68,99,4,113,0,67,122,16"/><T25/><D37/><U126/><E117/><V27/><F44/><W15/><G113/><T93/><D105/><U70/><E70/><V13/><F27/><W7/><G124/><T66/><D34/><U96/><E126/><V36/><F36/><W133/><G133/><T101/><D6/><U75/><E110/><V60/><REACH who="2" step="1"/><F54/><REACH who="2" ten="348,225,260,157" step="2"/><W125/><G125/><T29/><REACH who="0" step="1"/><D86/><REACH who="0" ten="338,225,260,157" step="2"/><U17/><E75/><V21/><AGARI ba="0,2" hai="13,19,21,40,41,42,53,56,60,74,79,82,120,121" machi="21" ten="30,7900,0" yaku="1,1,2,1,0,1,52,1,53,0" doraHai="18" doraHaiUra="91" who="2" fromWho="2" sc="338,-39,225,-20,260,99,157,-20" /><INIT seed="5,0,0,5,4,123" ten="299,205,359,137" oya="1" hai0="135,114,122,76,3,102,34,47,33,25,67,4,80" hai1="66,57,1,0,21,107,97,50,31,83,55,22,36" hai2="118,48,15,53,44,126,86,6,71,69,131,35,49" hai3="89,41,79,54,93,52,10,2,32,7,115,119,133"/><U20/><E31/><V103/><F35/><W105/><G105/><T104/><D122/><U75/><E36/><V9/><F118/><W96/><G119/><T28/><D114/><U78/><REACH who="1" step="1"/><E66/><REACH who="1" ten="299,195,359,137" step="2"/><V14/><F131/><W129/><G129/><T17/><D67/><U101/><AGARI ba="0,1" hai="0,1,20,21,22,50,55,57,75,78,83,97,101,107" machi="101" ten="30,6000,0" yaku="1,1,2,1,0,1,53,0" doraHai="123" doraHaiUra="42" who="1" fromWho="1" sc="299,-20,195,70,359,-20,137,-20" /><INIT seed="5,1,0,0,1,124" ten="279,265,339,117" oya="1" hai0="94,4,76,69,44,120,98,25,28,7,51,123,58" hai1="68,113,52,134,21,122,115,130,30,24,42,53,67" hai2="119,23,126,132,49,41,133,78,39,2,85,103,101" hai3="105,110,125,89,31,60,16,127,32,75,114,26,79"/><U107/><E122/><N who="0" m="46633" /><D58/><U88/><E107/><V66/><F2/><W100/><G110/><T82/><D69/><U64/><E42/><V11/><F39/><W36/><G36/><T9/><D9/><U116/><E116/><V10/><F66/><N who="1" m="25129" /><E68/><V109/><F109/><W74/><G60/><T111/><D111/><U18/><E30/><V96/><F119/><W17/><G114/><N who="1" m="43530" /><E134/><V121/><F121/><W90/><G100/><N who="0" m="60503" /><D25/><U43/><E43/><V112/><F41/><W40/><G40/><N who="0" m="24967" /><D28/><U15/><E24/><V34/><F112/><W45/><G45/><T5/><D5/><U20/><E20/><V65/><F23/><W135/><G105/><T95/><D95/><U118/><E118/><V8/><F65/><W106/><G106/><T63/><D63/><U46/><E46/><V3/><F133/><W104/><G104/><T6/><D6/><U59/><E59/><V131/><F132/><W99/><G135/><T87/><AGARI ba="1,0" hai="4,7,76,82,87" m="24967,60503,46633" machi="87" ten="30,1100,0" yaku="13,1" doraHai="124" who="0" fromWho="0" sc="279,14,265,-6,339,-4,117,-4" /><INIT seed="6,0,0,5,3,17" ten="293,259,335,113" oya="2" hai0="95,80,5,115,99,88,52,62,70,10,54,76,1" hai1="29,24,71,37,72,31,30,48,26,7,21,34,106" hai2="45,107,68,66,40,69,11,131,98,110,57,92,15" hai3="123,134,84,8,120,55,121,91,87,96,19,6,44"/><V133/><F133/><W135/><G19/><T14/><D115/><U16/><E37/><V35/><F35/><W53/><G96/><T129/><D129/><U108/><E108/><V41/><F107/><W97/><G97/><T73/><REACH who="0" step="1"/><D1/><REACH who="0" ten="283,259,335,113" step="2"/><U124/><E124/><V132/><F131/><W27/><G135/><T86/><D86/><U33/><E72/><V0/><F0/><W43/><G134/><T100/><D100/><U128/><E128/><V13/><F132/><W78/><G84/><T90/><D90/><U58/><E106/><V93/><F110/><W67/><G78/><T25/><D25/><U122/><E122/><V118/><F98/><W101/><G27/><T104/><D104/><U112/><E112/><V9/><F118/><W22/><G101/><T18/><D18/><U83/><E34/><V113/><F113/><W56/><G87/><T3/><D3/><U50/><E33/><V94/><F15/><W130/><G91/><T75/><D75/><U114/><E114/><V59/><F13/><W38/><G130/><T82/><D82/><U64/><E26/><V126/><F126/><W111/><G111/><T47/><D47/><U105/><E105/><V4/><F45/><W63/><G123/><T74/><D74/><U77/><E83/><V119/><F119/><W85/><G85/><T79/><D79/><U65/><E77/><V125/><F125/><W46/><G46/><T103/><D103/><U42/><E24/><V32/><F32/><W36/><G121/><T109/><D109/><U2/><E2/><V20/><F94/><W39/><G120/><RYUUKYOKU ba="0,1" sc="283,30,259,-10,335,-10,113,-10" hai0="5,10,14,52,54,62,70,73,76,80,88,95,99" /><INIT seed="7,1,1,1,4,83" ten="313,249,325,103" oya="3" hai0="122,131,110,126,46,121,66,92,29,115,97,48,99" hai1="64,127,51,35,4,57,103,74,88,43,102,15,124" hai2="85,32,45,42,100,86,91,87,12,0,98,6,36" hai3="1,79,27,61,69,11,40,105,8,52,58,120,77"/><W19/><G120/><T18/><D110/><U50/><E74/><V16/><F32/><W9/><G105/><T75/><D75/><U80/><E35/><V13/><F0/><W33/><G1/><T25/><D126/><N who="1" m="48171" /><E50/><V41/><F91/><W90/><G40/><T93/><D131/><U55/><E64/><V109/><F109/><W56/><G69/><T53/><D115/><U130/><E43/><V78/><F78/><N who="3" m="29707" /><G33/><T63/><D18/><U7/><E130/><V44/><F6/><N who="1" m="2089" /><E15/><V34/><F34/><W37/><G37/><T67/><D121/><U24/><E24/><V65/><F65/><N who="0" m="24586" /><D63/><U70/><E70/><V113/><F16/><W60/><G27/><T104/><D104/><U72/><E72/><V84/><N who="2" m="21504" /><DORA hai="107" /><V22/><F22/><W117/><G117/><T132/><D122/><U82/><E82/><V49/><REACH who="2" step="1"/><F113/><REACH who="2" ten="313,249,315,103" step="2"/><W96/><G19/><T47/><D47/><U5/><N who="1" m="2097" /><U28/><DORA hai="20" /><E28/><V21/><F21/><W129/><G129/><T26/><D29/><U125/><N who="1" m="48179" /><U135/><DORA hai="95" /><E80/><V112/><F112/><W116/><G116/><T134/><D25/><U59/><E88/><V31/><F31/><W10/><N who="3" m="2048" /><DORA hai="2" /><W101/><G90/><RYUUKYOKU type="kan4" ba="1,2" sc="313,0,249,0,315,0,103,0" /><INIT seed="7,2,2,5,0,73" ten="313,249,315,103" oya="3" hai0="53,10,19,116,0,50,45,112,126,28,70,79,35" hai1="75,76,49,72,31,2,98,48,29,42,121,130,101" hai2="13,4,128,71,64,77,68,61,100,1,74,67,5" hai3="110,88,133,20,78,69,117,111,114,55,91,65,86"/><W135/><G117/><T103/><D116/><U22/><E121/><V6/><F1/><W119/><G119/><T125/><D70/><U59/><E2/><V89/><F100/><W23/><G114/><T15/><D112/><U66/><E75/><V92/><F128/><W38/><G38/><T26/><D0/><U9/><E9/><V11/><F77/><W83/><G55/><T131/><D131/><U122/><E122/><V127/><F74/><W123/><G123/><T105/><D79/><U14/><E49/><V81/><F81/><W33/><G33/><T120/><D120/><U18/><E130/><V3/><F3/><W62/><G23/><T41/><D103/><U54/><E42/><V113/><F127/><N who="0" m="48650" /><D105/><U87/><E66/><V44/><F44/><W132/><G20/><T52/><AGARI ba="2,2" hai="10,15,19,26,28,35,41,45,50,52,53" m="48650" machi="52" ten="30,2000,0" yaku="18,1,54,1" doraHai="73" who="0" fromWho="0" sc="313,46,249,-7,315,-7,103,-12" owari="359,46.0,242,-16.0,308,11.0,91,-41.0" /></mjloggm>