<mjloggm ver="2.3"><GO type="41" lobby="0"/><UN n0="%6A%69%61%6E%62%6F%75" n1="%73%61%63%68%69%6F" n2="%E3%81%8B%E3%81%BB%E3%82%8A%E3%81%95%E3%82%93" n3="%E3%82%A6%E3%83%AB%E3%83%88%E3%83%A9%E7%AB%8B%E7%9B%B4" dan="14,15,14,16" rate="1934.59,2078.25,1933.80,2057.93" sx="M,M,F,M"/><TAIKYOKU oya="0"/><INIT seed="0,0,0,1,4,8" ten="250,250,250,250" oya="0" hai0="5,23,124,103,48,60,81,0,104,89,42,133,9" hai1="31,37,85,79,95,102,36,83,78,13,17,69,96" hai2="128,66,73,1,90,18,43,107,38,108,112,6,3" hai3="100,39,71,130,30,114,29,70,35,125,68,11,65"/><T59/><D133/><U87/><E69/><V47/><F112/><W106/><G114/><T10/><D124/><U26/><E78/><V122/><F122/><W63/><G125/><T92/><D104/><U50/><E50/><V28/><F66/><W101/><G130/><T98/><D10/><U97/><E87/><V127/><F127/><W41/><G30/><T118/><D118/><U77/><E77/><V72/><F107/><W119/><G101/><T99/><D81/><U111/><E111/><V94/><F108/><W24/><G119/><T109/><D109/><U116/><E96/><V54/><F128/><W12/><G41/><T80/><D80/><U44/><E44/><V16/><F28/><W14/><G39/><T27/><D42/><U121/><E121/><V105/><F105/><W110/><G110/><T45/><D45/><U49/><E49/><V123/><F123/><W15/><G11/><T135/><D48/><U134/><E134/><V20/><F6/><W21/><G21/><T52/><D135/><U76/><E76/><V86/><F18/><W61/><G61/><T88/><D99/><AGARI ba="0,0" hai="12,14,15,24,29,35,63,65,68,70,71,99,100,106" machi="99" ten="40,8000,1" yaku="25,2,52,3" doraHai="8" who="3" fromWho="0" sc="250,-80,250,0,250,0,250,80" /><INIT seed="1,0,0,2,4,91" ten="170,250,250,330" oya="1" hai0="13,57,49,72,119,33,74,135,134,11,39,117,83" hai1="28,37,24,20,84,64,41,88,55,102,132,78,58" hai2="101,63,131,68,111,17,122,51,30,60,36,26,32" hai3="87,4,86,95,107,80,25,118,19,98,105,124,79"/><U48/><E132/><N who="0" m="50729" /><D49/><U100/><E78/><V50/><F122/><W42/><G42/><T106/><D57/><U61/><E41/><V8/><F131/><W18/><G4/><T14/><D11/><U110/><E110/><V65/><F36/><W108/><G18/><T21/><D33/><U126/><E126/><V109/><F60/><W75/><G19/><T104/><D21/><U116/><E116/><N who="0" m="44617" /><D83/><N who="1" m="49183" /><E37/><V92/><F17/><W99/><G25/><T6/><D6/><U2/><E2/><V23/><F8/><W93/><G118/><T44/><D44/><AGARI ba="0,0" hai="20,24,28,44,48,55,58,61,64,100,102" m="49183" machi="44" ten="30,2900,0" yaku="8,1,54,1" doraHai="91" who="1" fromWho="0" sc="170,-29,250,29,250,0,330,0" /><INIT seed="1,1,0,3,4,11" ten="141,279,250,330" oya="1" hai0="14,113,110,27,70,39,103,112,93,9,23,99,120" hai1="7,101,31,57,34,17,127,4,61,26,96,41,109" hai2="10,2,97,95,25,18,77,62,119,54,60,79,106" hai3="43,67,0,83,105,21,28,111,56,117,45,50,76"/><U6/><E127/><V126/><F126/><W19/><G105/><T73/><D73/><U133/><E133/><V87/><F119/><W15/><G0/><T8/><D70/><U64/><E41/><V13/><F106/><W74/><G117/><T63/><D39/><U78/><E109/><V121/><F121/><W48/><G111/><T55/><D8/><U115/><E115/><V131/><F131/><W20/><G28/><T89/><D110/><U24/><E78/><V32/><F32/><W75/><G21/><T82/><D120/><U44/><E44/><V124/><F124/><W37/><G74/><T16/><D82/><U30/><E17/><V92/><F2/><W100/><G100/><T84/><D84/><U66/><E66/><V80/><F77/><W104/><G104/><T107/><D107/><U47/><E47/><V90/><F92/><W116/><G116/><T49/><D103/><U46/><E46/><V29/><F54/><W118/><G118/><T129/><D129/><U51/><E51/><V132/><F132/><W71/><G71/><T128/><D128/><U12/><E12/><V86/><F86/><W94/><REACH who="3" step="1"/><G94/><REACH who="3" ten="141,279,250,320" step="2"/><T125/><D125/><U68/><E68/><V123/><F123/><W102/><G102/><T22/><D22/><U52/><E101/><V81/><F29/><W3/><G3/><T36/><D113/><U130/><E130/><V5/><F81/><W88/><G88/><T69/><D112/><U38/><E38/><V134/><F134/><W108/><G108/><T42/><D69/><U33/><E96/><V59/><F95/><RYUUKYOKU ba="1,1" sc="141,-15,279,15,250,-15,320,15" hai1="4,6,7,24,26,30,31,33,34,52,57,61,64" hai3="15,19,20,37,43,45,48,50,56,67,75,76,83" /><INIT seed="1,2,1,5,4,113" ten="126,294,235,335" oya="1" hai0="79,13,4,30,7,48,43,40,81,55,110,117,29" hai1="25,46,118,83,108,1,62,133,58,98,63,47,71" hai2="60,59,0,100,106,37,56,22,101,26,130,123,52" hai3="77,19,134,16,18,66,121,116,119,14,17,5,80"/><U99/><E118/><N who="3" m="45098" /><G121/><T9/><D110/><U128/><E1/><V115/><F123/><W36/><G36/><T93/><D117/><U86/><E128/><V21/><F115/><W129/><G129/><T109/><D109/><U41/><E108/><V69/><F37/><W28/><G5/><T68/><D68/><U31/><E71/><V74/><F130/><W102/><G134/><T97/><D4/><U114/><E114/><V104/><F0/><W105/><G28/><T82/><D30/><U10/><E10/><V127/><F74/><W92/><G66/><T90/><D29/><U50/><E47/><V61/><F69/><W103/><G92/><T42/><D79/><U20/><E133/><V132/><F132/><W11/><G105/><T76/><D76/><N who="1" m="46439" /><E63/><V87/><F87/><AGARI ba="2,1" hai="11,14,16,17,18,19,77,80,87,102,103" m="45098" machi="87" ten="30,8000,1" yaku="12,1,52,3,54,1" doraHai="113" who="3" fromWho="2" sc="126,0,294,0,235,-86,335,96" /><INIT seed="2,0,0,0,3,12" ten="126,294,149,431" oya="2" hai0="102,44,40,79,3,85,75,9,82,84,127,70,68" hai1="56,8,115,125,25,108,35,67,132,120,83,42,64" hai2="112,98,113,74,106,7,2,99,95,4,16,19,5" hai3="29,134,26,111,65,27,80,60,48,33,71,77,103"/><V130/><F74/><W101/><G101/><T97/><D85/><U54/><E115/><N who="2" m="44107" /><F2/><W76/><G76/><T41/><D41/><U20/><E35/><V89/><F106/><W117/><G117/><T36/><D84/><U135/><E120/><V124/><F95/><W49/><G27/><T131/><D127/><U63/><E125/><V55/><F124/><W34/><G34/><T24/><D24/><U50/><E108/><V93/><F93/><W28/><G111/><T37/><D37/><U72/><E72/><V0/><F0/><W18/><G29/><T133/><D131/><U118/><E118/><V17/><F130/><W14/><G103/><T1/><D133/><U81/><E8/><V62/><F55/><W73/><G134/><N who="1" m="51242" /><E42/><V126/><F126/><W10/><AGARI ba="0,0" hai="10,14,18,26,28,33,48,49,60,65,71,73,77,80" machi="10" ten="20,2700,0" yaku="0,1,7,1,52,1" doraHai="12" who="3" fromWho="3" sc="126,-7,294,-7,149,-13,431,27" /><INIT seed="3,0,0,0,4,14" ten="119,287,136,458" oya="3" hai0="60,28,9,43,113,123,11,42,129,103,128,25,80" hai1="18,74,132,1,133,121,72,19,117,81,66,51,85" hai2="107,59,93,34,84,31,32,110,4,115,125,130,7" hai3="12,58,135,2,41,52,57,30,73,101,90,71,94"/><W0/><G71/><T105/><D123/><U76/><E121/><V26/><F115/><W131/><G73/><N who="1" m="28266" /><E1/><V64/><F110/><W111/><G111/><T65/><D80/><U96/><E66/><V102/><F130/><W114/><G131/><N who="0" m="50251" /><D113/><U55/><E96/><V46/><F125/><W21/><G135/><N who="1" m="51786" /><E117/><V5/><F46/><AGARI ba="0,0" hai="18,19,46,51,55,76,81,85" m="51786,28266" machi="46" ten="30,3900,0" yaku="20,1,52,2" doraHai="14" who="1" fromWho="2" sc="119,0,287,39,136,-39,458,0" /><INIT seed="4,0,0,2,0,95" ten="119,326,97,458" oya="0" hai0="43,130,109,10,111,108,11,112,71,85,77,98,124" hai1="2,41,1,127,69,83,135,78,46,40,15,126,132" hai2="100,20,17,113,76,73,31,28,32,47,105,53,119" hai3="6,75,0,58,65,24,121,9,42,51,66,3,80"/><T48/><D71/><U49/><E15/><V102/><F113/><W18/><G121/><T13/><D112/><U21/><E21/><V34/><F119/><W97/><G3/><T110/><D10/><U114/><E69/><V12/><F73/><W123/><G123/><T101/><D130/><U91/><E91/><V120/><F76/><W57/><G57/><T45/><D124/><N who="1" m="47659" /><E41/><V89/><F120/><W81/><G65/><T55/><N who="0" m="28160" /><DORA hai="87" /><T23/><D23/><U129/><E114/><V74/><F74/><W19/><G75/><T5/><D55/><U26/><E26/><V128/><F128/><W44/><G24/><T56/><D56/><U96/><E96/><V50/><F34/><W125/><G125/><T122/><D122/><U63/><E63/><V27/><F31/><W67/><G67/><T115/><D115/><U61/><E61/><V79/><F79/><W4/><G58/><T38/><D77/><U86/><E129/><V99/><REACH who="2" step="1"/><F105/><REACH who="2" ten="119,326,87,458" step="2"/><W131/><G131/><T22/><D38/><U62/><E62/><V36/><F36/><W14/><G66/><T70/><D70/><U84/><E135/><V92/><AGARI ba="0,1" hai="12,17,20,27,28,32,47,50,53,89,92,99,100,102" machi="92" ten="30,7900,0" yaku="1,1,0,1,52,2,53,0" doraHai="95,87" doraHaiUra="103,37" who="2" fromWho="2" sc="119,-39,326,-20,87,89,458,-20" /><INIT seed="5,0,0,5,4,25" ten="80,306,176,438" oya="1" hai0="106,76,26,16,81,135,74,13,133,39,56,103,112" hai1="122,111,78,54,115,27,14,22,70,59,10,88,0" hai2="45,50,24,109,114,23,60,8,17,42,86,34,104" hai3="125,31,66,119,80,40,35,87,97,116,75,61,98"/><U128/><E122/><V47/><F104/><W93/><G75/><T28/><D39/><U15/><E70/><V2/><F109/><W91/><G40/><T118/><D118/><N who="3" m="45097" /><G125/><T29/><D112/><U85/><E111/><V132/><F60/><W82/><G35/><T57/><D26/><U92/><E115/><V48/><F86/><W20/><G20/><T58/><D103/><U3/><E128/><V117/><F117/><W38/><G38/><T73/><D106/><U72/><E72/><V124/><F114/><W12/><G12/><T134/><D73/><U1/><E78/><V121/><F121/><W67/><G67/><T4/><D4/><U95/><E95/><V36/><F36/><W5/><G5/><T90/><D90/><U53/><E53/><V11/><F132/><W126/><G126/><T32/><D32/><U41/><E41/><V107/><F107/><W9/><G9/><AGARI ba="0,0" hai="9,13,16,28,29,56,57,58,74,76,81,133,134,135" machi="9" ten="50,8000,1" yaku="20,1,52,2,54,1" doraHai="25" who="0" fromWho="3" sc="80,80,306,0,176,0,438,-80" /><INIT seed="6,0,0,1,1,50" ten="160,306,176,358" oya="2" hai0="36,16,46,106,63,21,125,108,114,129,0,29,104" hai1="7,56,117,6,12,57,55,80,111,71,40,28,67" hai2="27,15,52,20,9,90,24,33,4,89,65,105,79" hai3="98,3,110,39,121,76,135,124,119,77,38,51,72"/><V120/><F120/><W17/><G17/><T118/><D108/><U130/><E111/><V13/><F105/><W31/><G31/><T53/><D0/><U2/><E2/><V74/><F65/><W127/><G110/><T128/><D29/><U75/><E117/><V37/><F37/><W99/><G3/><T5/><D5/><U83/><E71/><V10/><F33/><W102/><G121/><T107/><D118/><U126/><E126/><V103/><F103/><W47/><G119/><T131/><D125/><N who="3" m="48201" /><G99/><T86/><D114/><U93/><E130/><V96/><F79/><N who="3" m="30283" /><G72/><T70/><D70/><U19/><E40/><V14/><F74/><W32/><G32/><T92/><D36/><U18/><E28/><N who="2" m="17415" /><F96/><W101/><G101/><T42/><D42/><U82/><E75/><V34/><F34/><W8/><G8/><N who="2" m="3177" /><F27/><W1/><G1/><T58/><D46/><U23/><E93/><V109/><F109/><W30/><G135/><T133/><D133/><U64/><E19/><V122/><F122/><W115/><G30/><T54/><D92/><U97/><E97/><V35/><F35/><W132/><G132/><T59/><D86/><U88/><E67/><V62/><F4/><W113/><G39/><T112/><D112/><N who="3" m="43081" /><G38/><T116/><D116/><U81/><E64/><V134/><F134/><W100/><G98/><T49/><D107/><U22/><E22/><V123/><F123/><W84/><G84/><T78/><D78/><U87/><E57/><AGARI ba="0,0" hai="13,14,15,52,57,62,89,90" m="3177,17415" machi="57" ten="30,5800,0" yaku="8,1,52,1,54,1" doraHai="50" who="2" fromWho="1" sc="160,0,306,-58,176,58,358,0" /><INIT seed="6,1,0,1,3,44" ten="160,248,234,358" oya="2" hai0="106,90,112,5,70,20,66,11,135,124,94,30,129" hai1="63,120,126,110,22,131,26,118,85,58,65,80,74" hai2="79,38,51,12,100,114,71,101,64,28,89,47,13" hai3="105,62,98,53,50,42,48,108,99,27,92,134,60"/><V130/><F130/><W109/><G105/><T37/><D37/><U75/><E110/><V56/><F79/><W34/><G134/><T29/><D106/><U83/><E118/><V67/><F114/><W95/><G27/><T54/><D112/><U57/><E126/><V68/><F38/><W73/><G53/><T55/><D124/><U31/><E131/><V77/><F77/><W121/><G42/><T36/><D36/><U45/><E120/><V96/><F28/><W91/><G91/><T15/><D129/><U32/><E32/><V117/><F117/><W2/><G2/><T111/><D135/><U25/><E45/><V132/><F71/><W127/><G127/><T122/><D111/><U16/><E58/><V61/><F68/><W49/><G34/><T4/><D122/><U104/><E104/><V78/><F78/><W8/><G121/><T9/><D70/><U82/><E85/><V103/><F67/><W115/><G115/><T97/><D66/><U18/><REACH who="1" step="1"/><E26/><REACH who="1" ten="160,238,234,358" step="2"/><V133/><F133/><W0/><G108/><T84/><D84/><U40/><E40/><N who="2" m="25063" /><F132/><W81/><G109/><T39/><D39/><U52/><E52/><V35/><F35/><W113/><G113/><T41/><D41/><U14/><E14/><V21/><F21/><W128/><G128/><T7/><D20/><U102/><E102/><V6/><F6/><W69/><G69/><T19/><D9/><U59/><E59/><V3/><F3/><W76/><G8/><T1/><D1/><U33/><E33/><V93/><AGARI ba="1,1" hai="12,13,56,61,64,89,93,96,100,101,103" m="25063" machi="93" ten="30,3000,0" yaku="8,1,52,1" doraHai="44" who="2" fromWho="2" sc="160,-11,238,-11,234,43,358,-11" /><INIT seed="6,2,0,1,3,97" ten="149,227,277,347" oya="2" hai0="48,102,46,108,129,89,64,116,29,74,118,76,73" hai1="75,119,30,132,41,54,22,78,82,38,80,23,105" hai2="126,0,40,121,25,66,117,133,3,45,16,114,32" hai3="21,107,98,86,88,87,24,13,1,84,81,15,79"/><V131/><F121/><W9/><G1/><T90/><D108/><U85/><E119/><N who="0" m="45609" /><D64/><U122/><E132/><V47/><F117/><W109/><G109/><T123/><D29/><U67/><E122/><V49/><F133/><W8/><G8/><T127/><D123/><U104/><E67/><V128/><F66/><W27/><G15/><T100/><D46/><U71/><E71/><V58/><F126/><W34/><G34/><T42/><D42/><U91/><E41/><V36/><F114/><W33/><G33/><T18/><D48/><U110/><E38/><V56/><F3/><W57/><G57/><T39/><D39/><U94/><E110/><V37/><F0/><W70/><G70/><T95/><D18/><U12/><E30/><V135/><F135/><W106/><G21/><T5/><D5/><U20/><E12/><V124/><F124/><W4/><G106/><T50/><D50/><U115/><E115/><V26/><F32/><W68/><G68/><T92/><D127/><U2/><E2/><V99/><F49/><W60/><G60/><T11/><D11/><U6/><E6/><V111/><F111/><W65/><G65/><T61/><D61/><U53/><E82/><V96/><F40/><W72/><G107/><T63/><D63/><U10/><E10/><V14/><F14/><W112/><G112/><T52/><D52/><U69/><E69/><V7/><F7/><W101/><G13/><T134/><D134/><U103/><E105/><V28/><F28/><W19/><G9/><T125/><D125/><U35/><E35/><V55/><F55/><RYUUKYOKU ba="2,0" sc="149,-15,227,15,277,15,347,-15" hai1="20,22,23,53,54,75,78,80,85,91,94,103,104" hai2="16,25,26,36,37,45,47,56,58,96,99,128,131" /><INIT seed="6,3,0,1,3,82" ten="134,242,292,332" oya="2" hai0="32,36,4,35,118,95,83,119,107,131,55,0,1" hai1="128,74,123,81,23,103,132,64,127,48,3,86,89" hai2="44,59,22,43,24,41,101,45,52,87,65,33,102" hai3="30,126,125,71,28,27,88,16,77,40,5,85,61"/><V98/><F33/><N who="0" m="12874" /><D55/><U25/><E3/><N who="0" m="1097" /><D95/><U114/><E114/><V14/><F65/><W50/><G5/><T69/><D83/><U29/><E127/><N who="3" m="48650" /><G77/><T115/><D115/><U73/><E128/><V105/><F102/><W11/><G61/><T34/><D4/><U113/><E113/><V17/><F41/><W111/><G71/><T79/><D79/><U62/><E132/><V90/><F43/><W21/><G111/><T46/><N who="0" m="12882" /><T70/><DORA hai="51" /><D107/><U133/><E133/><V57/><F59/><W66/><G66/><T13/><D13/><U39/><E39/><V37/><F37/><W67/><G67/><T9/><D9/><U117/><E117/><N who="0" m="44553" /><D46/><U76/><E123/><V134/><F134/><W58/><G11/><T99/><D99/><U38/><E38/><V20/><F14/><W93/><G58/><T104/><D36/><U68/><E103/><V135/><F135/><W63/><G63/><T92/><D92/><U106/><E106/><V84/><F45/><AGARI ba="3,0" hai="16,21,27,28,30,40,45,50,85,88,93" m="48650" machi="45" ten="30,7700,0" yaku="18,1,52,1,54,2" doraHai="82,51" who="3" fromWho="2" sc="134,0,242,0,292,-86,332,86" /><INIT seed="7,0,0,5,2,96" ten="134,242,206,418" oya="3" hai0="107,83,43,86,11,7,85,112,2,28,4,117,6" hai1="105,13,9,110,23,32,77,94,16,90,82,29,68" hai2="25,17,121,128,92,21,45,49,10,40,19,44,122" hai3="70,34,64,93,126,88,73,42,46,47,106,67,24"/><W3/><G73/><T63/><D107/><U76/><E105/><V50/><F128/><W15/><G3/><T130/><D117/><U54/><E110/><V114/><F114/><W37/><G47/><T97/><D86/><U59/><E68/><V101/><F121/><W66/><G24/><T72/><D130/><U104/><E104/><V131/><F131/><W20/><G34/><T118/><D118/><U99/><E32/><V69/><F69/><W127/><G106/><T113/><D63/><U100/><E29/><V27/><F122/><W78/><G78/><T109/><D85/><N who="1" m="50487" /><E23/><V31/><F10/><W39/><G39/><T36/><D28/><U134/><E134/><V30/><F92/><W123/><G123/><T81/><D109/><U91/><E91/><V5/><F5/><W33/><G33/><T74/><D2/><U116/><E116/><V51/><F51/><AGARI ba="0,0" hai="9,13,16,51,54,59,76,77,94,99,100" m="50487" machi="51" ten="30,3900,0" yaku="8,1,52,1,54,1" doraHai="96" who="1" fromWho="2" sc="134,0,242,39,206,-39,418,0" owari="134,-37.0,281,8.0,167,-23.0,418,52.0" /></mjloggm>