<mjloggm ver="2.3"><GO type="97" lobby="0"/><UN n0="%E3%83%87%E3%83%BC%E3%82%BF%E7%B4%9B%E5%A4%B1%2E%2E%2E" n1="%E2%98%85%4C%55%43%4B" n2="%E3%82%A6%E3%83%AB%E3%83%88%E3%83%A9%E7%AB%8B%E7%9B%B4" n3="%E3%81%8D%E3%81%BE%E3%81%99" dan="15,15,16,15" rate="1943.75,1988.07,1991.66,2041.14" sx="M,M,M,M"/><TAIKYOKU oya="0"/><INIT seed="0,0,0,2,4,42" ten="250,250,250,250" oya="0" hai0="105,9,96,20,29,76,123,80,69,1,71,117,110" hai1="7,125,78,118,25,116,104,106,5,33,6,115,54" hai2="93,72,52,35,124,97,46,51,32,129,40,82,55" hai3="43,65,18,12,21,122,13,86,23,28,0,62,34"/><T134/><D117/><U113/><E78/><V109/><F109/><W14/><G43/><T87/><D123/><U47/><E106/><V84/><F72/><W50/><G50/><T99/><D110/><U74/><E74/><V61/><F124/><W37/><G37/><T48/><D134/><U89/><E104/><V22/><F129/><W39/><G39/><T111/><D111/><U8/><E89/><V60/><F22/><N who="3" m="11591" /><G62/><N who="2" m="24169" /><F32/><W44/><G44/><T45/><D9/><U127/><E54/><V53/><F35/><W66/><G86/><T56/><D56/><U24/><E47/><V102/><F102/><W85/><G85/><T11/><D11/><U41/><E8/><V59/><F59/><W79/><G66/><T70/><D1/><U49/><E49/><V57/><F57/><W131/><G79/><T121/><D121/><U81/><E81/><V68/><F68/><W19/><G65/><T107/><D107/><U98/><E98/><V63/><N who="2" m="24177" /><V91/><DORA hai="108" /><F97/><W119/><G131/><T10/><D10/><U27/><E41/><V16/><F82/><W135/><G122/><T15/><D105/><U103/><E103/><V64/><F64/><W3/><G135/><T92/><D99/><U31/><E33/><V73/><F73/><W75/><G75/><T36/><D36/><U90/><E31/><V101/><F101/><W128/><G128/><T100/><D71/><U67/><E90/><V132/><F132/><W4/><G119/><N who="1" m="45610" /><E67/><V130/><F130/><W126/><G34/><T88/><D69/><U133/><E133/><V2/><F2/><RYUUKYOKU ba="0,0" sc="250,-15,250,15,250,15,250,-15" hai1="5,6,7,24,25,27,113,115,125,127" hai2="16,40,46,51,52,53,55,84,91,93" /><INIT seed="1,1,0,2,5,120" ten="235,265,265,235" oya="1" hai0="99,26,68,85,12,71,75,131,70,92,17,55,129" hai1="34,113,38,13,116,128,16,119,125,69,126,66,122" hai2="101,44,130,100,40,95,102,42,108,84,98,72,5" hai3="134,18,4,58,53,115,103,37,57,81,117,31,32"/><U33/><E38/><V104/><F42/><W27/><G37/><T14/><D75/><U107/><E122/><V76/><F5/><W79/><G115/><T2/><D2/><U109/><E107/><V106/><F44/><W78/><G103/><N who="2" m="39497" /><F40/><W73/><G117/><N who="1" m="45130" /><E113/><V74/><F130/><N who="0" m="49674" /><D85/><U19/><E66/><V30/><F108/><W41/><G134/><T6/><D6/><U7/><E69/><V20/><F20/><W133/><G78/><T124/><D124/><N who="1" m="47723" /><E128/><V111/><F111/><W9/><G133/><T11/><D55/><U60/><E60/><V35/><F30/><W43/><G41/><T8/><D26/><U10/><E109/><V77/><F35/><AGARI ba="1,0" hai="7,10,13,16,19,33,34,35" m="47723,45130" machi="35" ten="40,12000,1" yaku="18,1,34,2,54,1" doraHai="120" who="1" fromWho="2" sc="235,0,265,123,265,-123,235,0" /><INIT seed="1,2,0,4,5,126" ten="235,388,142,235" oya="1" hai0="2,0,84,55,13,4,51,46,134,101,71,24,29" hai1="21,52,38,69,66,45,7,109,68,133,8,127,98" hai2="132,23,32,111,17,81,50,9,40,114,106,25,95" hai3="43,76,110,99,16,119,117,86,88,53,79,113,74"/><U41/><E127/><V15/><F106/><W1/><G1/><T94/><D71/><U112/><E112/><V116/><F32/><W20/><G43/><T3/><D134/><U78/><E133/><V42/><F132/><W121/><G121/><T83/><D13/><U72/><E66/><V93/><F114/><W92/><G110/><T96/><D4/><U125/><E125/><V19/><F111/><W30/><G30/><T70/><D70/><U90/><E21/><V58/><F116/><N who="3" m="44619" /><G53/><T85/><REACH who="0" step="1"/><D83/><REACH who="0" ten="225,388,142,235" step="2"/><U89/><E69/><V100/><F81/><N who="3" m="47423" /><G113/><T31/><D31/><U105/><E109/><V36/><F36/><W57/><G74/><T129/><D129/><U39/><E72/><V75/><F75/><W5/><G5/><T26/><D26/><U14/><E7/><V59/><F25/><N who="3" m="14471" /><G57/><T34/><AGARI ba="2,1" hai="0,2,3,24,29,34,46,51,55,84,85,94,96,101" machi="34" ten="30,8000,1" yaku="1,1,0,1,53,3" doraHai="126" doraHaiUra="33" who="0" fromWho="0" sc="225,96,388,-42,142,-22,235,-22" /><INIT seed="2,0,0,2,3,1" ten="321,346,120,213" oya="2" hai0="65,4,132,48,118,98,130,33,51,47,24,13,90" hai1="5,109,135,92,25,54,112,38,19,78,8,55,124" hai2="46,40,15,11,59,41,67,82,120,79,30,122,2" hai3="95,99,111,123,117,6,85,70,64,52,102,18,86"/><V81/><F2/><W21/><G117/><T57/><D118/><U63/><E112/><V16/><F30/><W32/><G111/><T26/><D33/><U107/><E107/><V23/><F81/><W50/><G32/><T7/><D13/><U125/><E38/><V36/><F41/><W37/><G37/><T83/><D132/><U71/><E109/><V0/><F67/><W103/><G103/><T129/><D57/><U114/><E114/><V97/><F59/><W49/><G49/><N who="0" m="19019" /><D47/><U101/><E78/><V27/><F97/><W58/><G123/><T56/><D56/><U3/><E135/><V113/><F113/><W42/><G42/><T133/><D65/><N who="1" m="41407" /><E92/><V89/><F89/><W10/><G64/><T73/><D73/><U105/><E101/><V94/><F94/><W66/><G66/><T74/><D74/><U127/><E105/><V43/><F43/><W35/><G35/><T128/><D133/><U61/><E61/><V77/><F77/><W110/><G110/><T62/><D62/><U100/><E100/><V44/><F44/><W80/><G80/><T60/><D60/><U84/><E84/><V75/><REACH who="2" step="1"/><F0/><REACH who="2" ten="321,346,110,213" step="2"/><W29/><G29/><T76/><D98/><U106/><E106/><V34/><F34/><W17/><G70/><T9/><D90/><U121/><E127/><V126/><F126/><W115/><G115/><T93/><D93/><U12/><E125/><V96/><F96/><W28/><G28/><T22/><D76/><U39/><E3/><V104/><F104/><W14/><G99/><T87/><D83/><U134/><E134/><RYUUKYOKU ba="0,1" sc="321,-10,346,-10,110,30,213,-10" hai2="11,15,16,23,27,36,40,46,75,79,82,120,122" /><INIT seed="2,1,1,2,0,82" ten="311,336,140,203" oya="2" hai0="54,68,26,5,123,6,30,66,28,120,85,119,98" hai1="103,38,55,121,20,77,43,127,15,16,110,51,70" hai2="61,4,53,67,13,63,84,3,37,105,36,25,75" hai3="50,10,22,72,59,8,45,1,114,134,109,100,19"/><V14/><F75/><W111/><G72/><T57/><D30/><U73/><E70/><V80/><F105/><W133/><G114/><T122/><D119/><U40/><E110/><N who="3" m="41994" /><G59/><T94/><D66/><U46/><E121/><V74/><F74/><W124/><G100/><T12/><D68/><U47/><E127/><V129/><F3/><W106/><G106/><T93/><D12/><U42/><E103/><V99/><F129/><W115/><G115/><T78/><D94/><U65/><E65/><V44/><F99/><W116/><G124/><T128/><D128/><U39/><E73/><V9/><F14/><N who="3" m="9591" /><G116/><T60/><D98/><U18/><E77/><V29/><F63/><W24/><G24/><T76/><D76/><U92/><E39/><V62/><F62/><W11/><G1/><T135/><D78/><U23/><E92/><V69/><F44/><W48/><G45/><T27/><D27/><AGARI ba="1,1" hai="15,16,18,20,23,27,38,40,42,43,46,47,51,55" machi="27" ten="30,2000,0" yaku="7,1,54,1" doraHai="82" who="1" fromWho="0" sc="311,-23,336,33,140,0,203,0" /><INIT seed="3,0,0,5,4,47" ten="288,369,140,203" oya="3" hai0="83,11,103,79,55,40,3,96,36,75,62,54,35" hai1="1,18,71,80,119,76,74,99,33,26,0,53,109" hai2="81,102,104,2,5,82,73,128,15,126,19,78,134" hai3="91,70,95,9,130,92,20,59,52,57,125,41,115"/><W31/><G70/><T43/><D35/><U22/><E119/><V29/><F5/><W7/><G115/><T67/><D43/><U61/><E33/><V12/><F2/><W110/><G110/><T37/><D37/><U133/><E109/><V28/><F126/><W86/><G41/><T56/><D96/><U23/><E133/><V32/><F32/><W87/><G125/><T69/><D103/><U124/><E124/><V42/><F128/><W77/><G130/><T51/><D55/><U72/><E72/><V4/><F134/><W39/><G39/><T14/><D3/><U90/><E71/><V100/><F42/><W129/><G129/><T24/><D24/><U114/><E23/><V44/><F44/><W118/><G20/><T93/><D93/><N who="1" m="56759" /><E114/><V116/><F116/><W88/><G31/><T16/><D40/><U8/><E8/><V122/><F122/><W30/><G77/><T65/><D36/><U107/><E107/><V25/><F104/><W66/><G30/><T45/><REACH who="0" step="1"/><D69/><REACH who="0" ten="278,369,140,203" step="2"/><U111/><E111/><V68/><F68/><W108/><G118/><T84/><D84/><U6/><E1/><V98/><F73/><W94/><G108/><T113/><D113/><U27/><E53/><V13/><F13/><N who="3" m="5311" /><G87/><T50/><D50/><U49/><E26/><V85/><F85/><W117/><G86/><T101/><D101/><U135/><E49/><V21/><F25/><W97/><G97/><T127/><D127/><U64/><E135/><V38/><F98/><W89/><G117/><T112/><D112/><U63/><E64/><V131/><F38/><RYUUKYOKU ba="0,1" sc="278,15,369,15,140,-15,203,-15" hai0="11,14,16,45,51,54,56,62,65,67,75,79,83" hai1="0,6,18,22,27,61,63,74,76,80" owari="293,9.0,394,49.0,125,-37.0,188,-21.0" /></mjloggm>