<mjloggm ver="2.3"><GO type="97" lobby="0"/><UN n0="%E3%81%8A%E3%81%BC%E3%82%8C%E3%82%8B%E3%81%A6%E3%82%93%E3%81%97" n1="%E3%81%97%E3%81%A4%E3%81%BD" n2="%E3%82%A6%E3%83%AB%E3%83%88%E3%83%A9%E7%AB%8B%E7%9B%B4" n3="%EF%BC%8D%E8%96%AE%E6%9F%91%E5%AD%90%EF%BC%8D" dan="13,15,15,13" rate="1829.72,1964.91,1993.32,1840.27" sx="F,M,M,M"/><TAIKYOKU oya="0"/><INIT seed="0,0,0,0,0,108" ten="250,250,250,250" oya="0" hai0="22,66,5,117,126,109,3,129,127,30,96,71,62" hai1="16,128,123,47,63,124,48,61,59,0,29,28,94" hai2="75,83,134,52,32,65,34,133,45,82,70,122,105" hai3="121,99,12,100,103,19,33,60,15,93,118,20,7"/><T120/><D117/><U39/><E123/><V21/><F105/><W14/><G33/><N who="2" m="12905" /><F65/><W55/><G121/><T76/><D120/><U89/><E124/><N who="0" m="47657" /><D76/><U42/><E0/><V56/><F70/><W10/><G15/><T87/><D87/><U132/><E132/><N who="2" m="50795" /><F122/><W58/><REACH who="3" step="1"/><G118/><REACH who="3" ten="250,250,250,240" step="2"/><T97/><D109/><U1/><E1/><V77/><F21/><W31/><G31/><T116/><D129/><U64/><E128/><V130/><F130/><W57/><G57/><T51/><D116/><U2/><E59/><V50/><F83/><W88/><AGARI ba="0,1" hai="7,10,12,14,19,20,55,58,60,88,93,99,100,103" machi="88" ten="20,12000,2" yaku="1,1,0,1,7,1,8,1,54,1,53,1" doraHai="108" doraHaiUra="85" who="3" fromWho="3" sc="250,-60,250,-30,250,-30,240,130" /><INIT seed="1,0,0,3,1,43" ten="190,220,220,370" oya="1" hai0="9,125,8,93,1,135,48,23,79,34,50,69,30" hai1="97,24,113,47,26,19,31,88,71,38,66,86,75" hai2="105,15,98,85,96,39,83,134,7,111,54,127,129" hai3="124,116,104,62,84,42,68,92,89,45,21,5,82"/><U46/><E113/><V123/><F111/><W103/><G124/><T117/><D69/><U77/><E38/><V28/><F129/><W106/><G116/><T108/><D117/><U101/><E71/><V70/><F134/><W119/><G119/><T52/><D108/><U130/><E66/><V72/><F127/><W53/><G5/><T40/><D125/><U32/><E130/><V126/><F126/><W76/><G103/><T115/><D135/><U90/><E75/><V67/><F72/><W95/><G95/><T10/><D115/><U25/><E77/><V94/><F94/><W11/><G11/><T81/><D1/><U133/><E133/><V6/><F54/><W131/><G21/><T110/><D34/><U87/><E31/><V44/><F15/><W41/><G41/><T20/><D110/><U58/><E19/><V65/><F85/><W3/><G3/><T51/><D93/><N who="1" m="58543" /><E58/><V14/><F83/><W121/><G121/><T63/><D40/><U78/><E78/><V35/><F35/><W73/><G68/><T37/><D30/><U13/><E13/><V36/><F70/><W18/><G18/><T17/><D37/><U49/><E49/><N who="0" m="12545" /><T29/><DORA hai="80" /><D29/><U22/><E22/><N who="0" m="8233" /><D79/><U74/><E74/><V120/><F14/><W107/><G131/><T2/><D81/><N who="1" m="49231" /><E32/><V122/><F122/><W112/><G112/><T0/><D2/><U100/><E100/><V128/><F28/><W56/><G107/><T99/><D0/><U33/><E33/><V118/><F128/><W64/><G64/><T55/><D99/><U4/><E4/><RYUUKYOKU ba="0,0" sc="190,-15,220,15,220,-15,370,15" hai1="24,25,26,46,47,87,90" hai3="42,45,53,56,62,73,76,82,84,89,92,104,106" /><INIT seed="1,1,0,4,0,47" ten="175,235,205,385" oya="1" hai0="51,82,105,124,16,15,88,11,89,121,21,77,71" hai1="127,75,6,70,128,63,93,61,13,8,100,116,131" hai2="60,110,54,23,44,118,12,106,73,29,67,76,22" hai3="97,107,114,46,56,17,94,25,48,112,109,26,108"/><U30/><E116/><V42/><F106/><W40/><G107/><T111/><D71/><U115/><E115/><V50/><F110/><N who="3" m="42603" /><G56/><T14/><D111/><U52/><E75/><V79/><F118/><W53/><G40/><T90/><D105/><U135/><E70/><V19/><F73/><W87/><G87/><N who="0" m="48591" /><D121/><U18/><E30/><V41/><F41/><W43/><G43/><T65/><D124/><U83/><E83/><V35/><F35/><W32/><G32/><T103/><D65/><U72/><E72/><V68/><F29/><W59/><G59/><T57/><D103/><U66/><E66/><V129/><F129/><W81/><G81/><T74/><D74/><U85/><E127/><V98/><F98/><W31/><G31/><T58/><D58/><U101/><E101/><V9/><F42/><W39/><G39/><T91/><N who="0" m="23040" /><DORA hai="126" /><T55/><D11/><U0/><E8/><V37/><REACH who="2" step="1"/><F37/><REACH who="2" ten="175,235,195,385" step="2"/><W130/><G130/><T45/><D45/><U125/><E131/><V3/><F3/><W36/><G46/><T80/><D80/><U113/><E0/><V95/><F95/><W49/><G94/><T120/><D120/><U27/><E93/><V84/><F84/><W123/><G123/><T122/><D122/><U78/><E85/><V69/><F69/><W96/><G36/><T33/><D33/><U20/><E125/><V10/><F10/><W92/><G92/><T99/><D99/><U38/><E38/><V24/><F24/><AGARI ba="1,1" hai="14,15,16,21,24,51,55,57" m="23040,48591" machi="24" ten="40,8000,1" yaku="8,1,52,1,54,2" doraHai="47,126" who="0" fromWho="2" sc="175,93,235,0,195,-83,385,0" /><INIT seed="2,0,0,4,3,128" ten="268,235,112,385" oya="2" hai0="14,76,34,98,54,11,131,29,73,101,116,10,20" hai1="17,105,110,37,70,118,52,62,3,23,13,107,108" hai2="22,89,113,8,32,79,104,51,24,112,61,44,18" hai3="127,82,75,72,43,5,135,74,99,30,56,109,96"/><V19/><F104/><W103/><G109/><N who="1" m="42090" /><E3/><V41/><F32/><W78/><G30/><T87/><D131/><U46/><E118/><V83/><F112/><W47/><G5/><T25/><D116/><U38/><E70/><V126/><F126/><W81/><G127/><T40/><D73/><U90/><E90/><V49/><F113/><W86/><G56/><T94/><D40/><N who="1" m="22799" /><E38/><V50/><F89/><W35/><G35/><T114/><D114/><U68/><E52/><V48/><F61/><W124/><G124/><T125/><D125/><U84/><E84/><V77/><F83/><W80/><G103/><T7/><D34/><U92/><E92/><V85/><F85/><W12/><G86/><T95/><D76/><U130/><E130/><V123/><F123/><W31/><G78/><T71/><D71/><U63/><E63/><V59/><F59/><W67/><G47/><T88/><REACH who="0" step="1"/><D54/><REACH who="0" ten="258,235,112,385" step="2"/><U36/><E36/><V55/><REACH who="2" step="1"/><F55/><REACH who="2" ten="258,235,102,385" step="2"/><W65/><G75/><T4/><D4/><U27/><E68/><V117/><F117/><W133/><G74/><T66/><D66/><U60/><E107/><V2/><F2/><W93/><G72/><T132/><D132/><U100/><E105/><V21/><F21/><W16/><G135/><T26/><D26/><U121/><E121/><V0/><F0/><W15/><G133/><T39/><D39/><U129/><E129/><V64/><F64/><W42/><G67/><T102/><D102/><U1/><E100/><V119/><F119/><W53/><G65/><T6/><D6/><U69/><E1/><V120/><F120/><RYUUKYOKU ba="0,2" sc="258,15,235,-15,102,15,385,-15" hai0="7,10,11,14,20,25,29,87,88,94,95,98,101" hai2="8,18,19,22,24,41,44,48,49,50,51,77,79" /><INIT seed="2,1,2,2,0,111" ten="273,220,117,370" oya="2" hai0="41,5,49,17,88,85,134,18,34,28,91,50,95" hai1="119,33,19,93,45,83,120,73,55,125,106,100,44" hai2="60,130,13,97,72,15,6,29,123,135,9,129,11" hai3="62,56,96,52,81,124,64,63,38,24,37,103,110"/><V121/><F72/><W65/><G110/><T77/><D134/><U67/><E67/><V12/><F97/><W22/><G124/><T51/><D34/><U102/><E33/><V80/><F80/><W79/><G63/><T14/><D28/><U7/><E93/><V114/><F60/><W107/><G38/><T23/><D77/><U20/><E55/><V54/><F54/><W46/><G46/><N who="0" m="25807" /><D5/><U66/><E100/><V84/><F84/><W35/><G35/><T1/><D1/><U128/><E66/><V31/><F135/><W105/><G37/><T131/><D131/><N who="2" m="50186" /><F114/><W39/><G39/><T40/><D40/><U42/><E42/><V58/><F58/><W127/><G127/><T99/><D18/><U69/><E125/><V75/><F75/><W53/><G65/><T21/><D21/><U4/><E45/><V3/><F11/><W113/><G113/><T132/><D132/><U104/><E44/><V68/><F68/><W133/><G133/><T2/><D2/><U43/><E43/><V109/><F109/><W118/><G107/><T92/><AGARI ba="1,2" hai="14,17,23,50,51,85,88,91,92,95,99" m="25807" machi="92" ten="30,2000,0" yaku="8,1,54,1" doraHai="111" who="0" fromWho="0" sc="273,43,220,-6,117,-11,370,-6" /><INIT seed="3,0,0,5,5,21" ten="316,214,106,364" oya="3" hai0="52,130,84,54,120,88,76,34,20,0,9,83,39" hai1="12,134,26,114,46,38,121,42,14,5,29,81,66" hai2="124,122,71,2,15,102,55,32,82,3,40,113,95" hai3="44,61,106,126,110,7,103,90,33,72,58,69,36"/><W10/><G72/><T4/><D39/><U53/><E121/><V47/><F95/><W57/><G33/><T94/><D120/><U93/><E114/><V30/><F82/><W101/><G106/><T74/><D130/><U45/><E66/><V63/><F102/><W125/><G110/><T118/><D34/><U70/><E70/><V79/><F79/><W100/><G69/><T27/><REACH who="0" step="1"/><D118/><REACH who="0" ten="306,214,106,364" step="2"/><U25/><E29/><AGARI ba="0,1" hai="0,4,9,20,27,29,52,54,74,76,83,84,88,94" machi="29" ten="30,12000,2" yaku="1,1,2,1,7,1,52,1,54,2,53,1" doraHai="21" doraHaiUra="107" who="0" fromWho="1" sc="306,130,214,-120,106,0,364,0" owari="436,54.0,94,-41.0,106,-29.0,364,16.0" /></mjloggm>