<mjloggm ver="2.3"><GO type="97" lobby="0"/><UN n0="%E3%83%8A%E3%83%84%E3%82%AB%E3%83%AF" n1="%E3%81%8D%E3%81%A6%E3%81%83%E2%98%86%E3%81%B1%E3%81%84" n2="%E3%82%A6%E3%83%AB%E3%83%88%E3%83%A9%E7%AB%8B%E7%9B%B4" n3="%E3%83%8C%E3%83%83%E3%82%AD%E3%83%BC%E3%83%8A" dan="13,13,15,15" rate="1875.97,1820.33,1933.54,2018.16" sx="F,F,M,M"/><TAIKYOKU oya="0"/><INIT seed="0,0,0,3,5,33" ten="250,250,250,250" oya="0" hai0="26,42,16,31,120,55,111,101,23,88,29,14,126" hai1="6,65,79,13,128,61,2,114,83,44,54,71,52" hai2="81,125,80,100,97,45,5,129,63,37,87,116,18" hai3="11,64,130,75,21,8,127,28,90,109,82,132,77"/><T93/><D120/><U115/><E128/><V68/><F116/><W99/><G130/><T76/><D126/><U121/><E121/><V113/><F129/><W0/><G127/><T123/><D123/><U10/><E44/><V118/><F113/><N who="1" m="43017" /><E13/><V46/><F118/><W39/><G109/><T66/><D111/><U69/><E69/><V57/><F68/><W92/><G132/><T35/><D66/><U102/><E102/><V7/><F18/><W131/><G131/><T41/><D76/><U85/><AGARI ba="0,0" hai="2,6,10,52,54,61,65,71,79,83,85" m="43017" machi="85" ten="30,4000,0" yaku="11,1,52,1,54,1" doraHai="33" who="1" fromWho="1" sc="250,-20,250,40,250,-10,250,-10" /><INIT seed="1,0,0,3,3,82" ten="230,290,240,240" oya="1" hai0="76,23,30,107,123,62,73,66,13,128,98,39,49" hai1="124,110,91,46,109,43,94,69,19,78,75,65,132" hai2="102,99,4,103,89,133,80,114,7,2,34,81,118" hai3="105,53,134,14,31,92,37,16,54,127,87,26,108"/><U112/><E112/><V130/><F34/><W122/><G105/><T86/><D39/><U96/><E69/><V117/><F2/><W71/><G122/><T79/><D73/><U9/><E65/><V101/><F7/><W24/><G71/><T77/><D123/><U113/><E113/><V70/><F4/><W10/><G37/><T120/><D120/><U44/><E75/><V83/><F70/><W57/><G127/><T59/><D107/><U28/><E78/><V5/><F5/><W56/><G108/><N who="1" m="41578" /><E124/><V74/><F114/><W48/><G134/><T22/><D128/><U135/><E28/><V42/><F42/><W11/><G11/><T38/><D38/><N who="1" m="21623" /><E46/><V33/><F133/><N who="1" m="51273" /><E19/><V27/><F130/><W52/><G31/><T61/><D30/><U40/><E9/><V36/><F36/><W131/><G131/><T72/><D72/><U67/><E67/><V64/><F64/><W32/><G32/><T88/><D66/><U12/><E12/><V95/><F33/><W93/><G54/><N who="0" m="32207" /><D13/><U121/><E121/><V41/><F41/><AGARI ba="0,0" hai="40,41,91,94,96" m="51273,21623,41578" machi="41" ten="30,5800,0" yaku="14,1,10,1,20,1" doraHai="82" who="1" fromWho="2" sc="230,0,290,58,240,-58,240,0" /><INIT seed="1,1,0,4,2,116" ten="230,348,182,240" oya="1" hai0="88,32,59,83,16,5,112,1,99,109,100,114,97" hai1="133,46,80,120,93,0,126,91,51,72,107,29,26" hai2="15,96,85,70,17,86,79,41,90,48,132,108,123" hai3="9,7,36,66,12,69,75,118,60,129,38,135,121"/><U44/><E107/><V64/><F70/><W128/><G118/><T98/><D32/><U130/><E0/><V74/><F64/><W25/><G135/><T76/><D109/><U62/><E133/><V20/><F132/><W104/><G75/><T13/><D1/><U105/><E105/><V78/><F108/><W40/><G104/><T34/><D34/><U81/><E46/><N who="2" m="25679" /><F74/><W117/><G117/><T65/><D5/><U11/><E72/><V49/><F123/><W131/><G25/><T110/><D76/><N who="2" m="29226" /><F49/><W113/><G113/><T35/><D110/><U111/><E120/><V119/><F119/><W71/><G71/><T57/><D35/><U54/><E111/><V92/><AGARI ba="1,0" hai="15,17,20,85,86,90,92,96" m="29226,25679" machi="92" ten="30,1100,0" yaku="8,1" doraHai="116" who="2" fromWho="2" sc="230,-4,348,-6,182,14,240,-4" /><INIT seed="2,0,0,5,5,36" ten="226,342,196,236" oya="2" hai0="25,75,82,91,32,114,120,93,76,23,72,89,45" hai1="104,29,39,74,81,9,64,119,105,107,21,8,69" hai2="48,84,50,94,63,22,3,28,40,51,11,44,13" hai3="66,83,127,41,17,132,59,90,124,16,98,131,78"/><V15/><F3/><W96/><G131/><T60/><D114/><U2/><E119/><V112/><F112/><W95/><G132/><T109/><D109/><U47/><E9/><V38/><F63/><N who="3" m="38271" /><G96/><T102/><D32/><U0/><E21/><V1/><F1/><W111/><G111/><T49/><D102/><U116/><E29/><V134/><F134/><W80/><G41/><N who="0" m="24751" /><D75/><U110/><E110/><V97/><F84/><N who="3" m="48151" /><G83/><T67/><D72/><U115/><E115/><V99/><F94/><W117/><G117/><T52/><D67/><U122/><E122/><V14/><REACH who="2" step="1"/><F11/><REACH who="2" ten="226,342,186,236" step="2"/><W130/><G130/><T7/><D93/><U19/><E116/><V87/><F87/><W125/><AGARI ba="0,1" hai="16,17,90,95,98,124,125,127" m="48151,38271" machi="125" ten="30,2000,0" yaku="18,1,54,1" doraHai="36" who="3" fromWho="3" sc="226,-5,342,-5,186,-10,236,30" /><INIT seed="3,0,0,1,4,123" ten="221,337,176,266" oya="3" hai0="4,132,112,35,55,45,110,20,36,25,108,12,117" hai1="14,24,104,85,30,43,56,5,80,103,50,98,60" hai2="99,126,114,92,89,135,76,74,125,16,47,84,54" hai3="71,116,127,109,1,51,62,131,59,11,120,66,93"/><W37/><G120/><T115/><D117/><U133/><E133/><V122/><F122/><W23/><G116/><T63/><D132/><U28/><E43/><V82/><F135/><W111/><G37/><T38/><D35/><U6/><E50/><V13/><F114/><N who="0" m="43562" /><D4/><U40/><E40/><V3/><F3/><W73/><G73/><T0/><D0/><U134/><E134/><V118/><F118/><W78/><G127/><T105/><D105/><U18/><E6/><V41/><F54/><W96/><G131/><T34/><D12/><U75/><E75/><V100/><F47/><W26/><G78/><T87/><D87/><U129/><E129/><V42/><F126/><W113/><G113/><T8/><D8/><U46/><E46/><V48/><F48/><W22/><G51/><N who="0" m="29167" /><D34/><U70/><E5/><V68/><F68/><W64/><G71/><T32/><D63/><U90/><E70/><V39/><F39/><N who="0" m="14890" /><D32/><U106/><E24/><V94/><REACH who="2" step="1"/><F125/><REACH who="2" ten="221,337,166,266" step="2"/><W83/><G66/><T121/><D121/><U61/><E61/><V101/><F101/><N who="3" m="60559" /><G83/><T15/><D15/><U44/><E60/><V72/><F72/><W31/><G23/><AGARI ba="0,1" hai="13,16,23,41,42,74,76,82,84,89,92,94,99,100" machi="23" ten="30,7700,0" yaku="1,1,7,1,54,1,53,1" doraHai="123" doraHaiUra="10" who="2" fromWho="3" sc="221,0,337,0,166,87,266,-77" owari="221,-18.0,337,44.0,253,5.0,189,-31.0" /></mjloggm>