<mjloggm ver="2.3"><GO type="97" lobby="0"/><UN n0="%64%69%65%6D" n1="%E3%81%A7%E3%82%93%E3%81%A7%E3%82%93%E2%99%AA" n2="%E3%82%A6%E3%83%AB%E3%83%88%E3%83%A9%E7%AB%8B%E7%9B%B4" n3="%E3%81%82%E3%81%B2%E3%82%8B%E3%81%95%E3%82%93" dan="14,14,15,15" rate="2019.43,1978.20,2002.26,1978.11" sx="M,F,M,M"/><TAIKYOKU oya="0"/><INIT seed="0,0,0,4,3,8" ten="250,250,250,250" oya="0" hai0="111,42,65,59,3,22,24,7,109,5,125,4,6" hai1="99,20,123,38,90,23,30,48,67,96,18,25,79" hai2="98,110,104,32,49,133,61,94,91,93,66,29,15" hai3="70,53,128,28,36,63,135,73,126,46,34,103,27"/><T13/><D42/><U45/><E123/><V2/><F2/><W72/><G135/><T75/><D75/><U56/><E38/><V77/><F110/><N who="0" m="41994" /><D65/><U50/><E79/><V112/><F133/><W60/><G128/><T86/><D86/><U84/><E56/><V131/><F131/><W80/><G126/><T95/><D95/><N who="1" m="54727" /><E67/><V115/><F77/><W113/><G113/><T41/><D41/><N who="1" m="24623" /><E50/><V106/><F49/><W122/><G122/><T51/><D51/><U40/><E40/><V57/><F106/><W76/><G73/><T10/><D59/><U101/><E101/><V12/><F104/><W116/><G116/><T82/><D82/><U26/><AGARI ba="0,0" hai="18,20,23,25,26,30,96,99" m="24623,54727" machi="26" ten="30,1100,0" yaku="8,1" doraHai="8" who="1" fromWho="1" sc="250,-5,250,11,250,-3,250,-3" /><INIT seed="1,0,0,1,2,74" ten="245,261,247,247" oya="1" hai0="78,96,36,40,101,12,118,85,124,48,60,37,39" hai1="44,127,112,66,82,87,10,79,95,92,68,51,108" hai2="65,89,28,115,20,117,120,25,41,113,7,76,83" hai3="94,80,98,130,9,63,8,23,62,93,5,43,31"/><U97/><E112/><N who="2" m="43083" /><F120/><W57/><G130/><T19/><D118/><U131/><E131/><V132/><F117/><W111/><G111/><T49/><D124/><U81/><E127/><V129/><F129/><W38/><G38/><T123/><D60/><U11/><E108/><V102/><F102/><W30/><G43/><T106/><D123/><U45/><E45/><V16/><F7/><W34/><G5/><T22/><REACH who="0" step="1"/><D40/><REACH who="0" ten="235,261,247,247" step="2"/><N who="1" m="24967" /><E68/><V135/><F41/><W3/><G63/><T1/><D1/><U32/><E66/><V18/><F65/><W122/><G3/><T77/><D77/><N who="1" m="46511" /><E32/><V26/><F89/><W14/><G34/><T125/><D125/><U73/><E73/><N who="2" m="43407" /><F26/><W116/><G122/><T56/><D56/><U84/><E95/><V107/><F107/><W100/><G94/><T121/><D121/><U59/><E59/><V104/><F104/><W128/><G128/><T42/><D42/><U64/><E64/><V134/><AGARI ba="0,1" hai="16,18,20,25,28,132,134,135" m="43407,43083" machi="134" ten="40,8000,1" yaku="20,1,11,1,52,1,54,1" doraHai="74" who="2" fromWho="2" sc="235,-20,261,-40,247,90,247,-20" /><INIT seed="2,0,0,0,5,128" ten="215,221,337,227" oya="2" hai0="104,85,115,5,34,54,101,131,24,98,8,44,66" hai1="105,59,57,25,2,31,86,38,132,7,129,100,76" hai2="70,89,83,95,29,49,118,52,122,126,56,1,62" hai3="107,12,37,26,14,96,22,91,55,45,75,88,102"/><V48/><F1/><W6/><G75/><T134/><D131/><U10/><E129/><V130/><F130/><W65/><G65/><T47/><D115/><U69/><E38/><V103/><F122/><W135/><G37/><T71/><D85/><U21/><E69/><V93/><F118/><W68/><G68/><T92/><D92/><U81/><E105/><V16/><F126/><W32/><G32/><T64/><D66/><U13/><E100/><V127/><F127/><W74/><G74/><T84/><D84/><U133/><E2/><V99/><F29/><W121/><G121/><T30/><D54/><U36/><E36/><V42/><F42/><W77/><G77/><T18/><D18/><U4/><E7/><V72/><F70/><W53/><G55/><T9/><D134/><AGARI ba="0,0" hai="4,10,13,21,25,31,57,59,76,81,86,132,133,134" machi="134" ten="40,8000,1" yaku="20,1,52,3" doraHai="128" who="1" fromWho="0" sc="215,-80,221,80,337,0,227,0" /><INIT seed="3,0,0,4,2,32" ten="135,301,337,227" oya="3" hai0="41,90,97,100,81,125,6,110,112,4,17,66,84" hai1="102,129,104,67,26,30,63,73,111,126,31,7,135" hai2="134,130,98,128,20,25,76,37,121,62,53,45,88" hai3="83,72,39,54,46,34,44,1,133,69,21,5,117"/><W11/><G34/><T108/><D41/><U124/><E73/><V65/><F76/><W40/><G69/><T36/><D36/><U87/><E87/><V47/><F134/><W48/><G117/><T49/><D66/><U68/><E7/><V12/><F12/><W22/><G133/><T64/><D64/><U118/><E118/><V74/><F74/><W55/><G54/><T77/><D49/><U75/><E135/><V15/><F15/><W8/><G11/><T89/><D17/><U9/><E9/><V96/><F121/><W78/><AGARI ba="0,0" hai="1,5,8,21,22,39,40,44,46,48,55,72,78,83" machi="78" ten="30,11700,0" yaku="0,1,25,2,52,1" doraHai="32" who="3" fromWho="3" sc="135,-39,301,-39,337,-39,227,117" owari="96,-40.0,262,-14.0,298,10.0,344,44.0" /></mjloggm>