<mjloggm ver="2.3"><GO type="169" lobby="0"/><UN n0="%E3%81%BD%E3%81%A8%E3%81%97" n1="%EF%BC%88%E2%89%A7%E2%96%BD%E2%89%A6%EF%BC%89" n2="%47%61%72%75%64%61" n3="%E3%81%8D%E3%81%BE%E3%81%99" dan="17,19,17,16" rate="2101.84,2317.15,2159.97,2086.93" sx="F,M,M,M"/><TAIKYOKU oya="0"/><INIT seed="0,0,0,0,2,20" ten="250,250,250,250" oya="0" hai0="106,14,4,66,129,43,46,131,48,89,1,100,94" hai1="128,63,68,130,92,78,87,54,22,103,27,105,35" hai2="101,8,104,107,59,82,72,55,86,45,118,122,39" hai3="135,112,70,80,2,18,115,15,40,90,51,19,28"/><T75/><D1/><U76/><E35/><V73/><F122/><W13/><G70/><T29/><D75/><U99/><E105/><V42/><F118/><W44/><G2/><T37/><D100/><U81/><E76/><V97/><F8/><W38/><G135/><T113/><D106/><U102/><E102/><V96/><F96/><W119/><G28/><T60/><D113/><U56/><REACH who="1" step="1"/><E68/><REACH who="1" ten="250,240,250,250" step="2"/><V71/><F71/><W30/><G115/><T12/><D129/><U88/><E88/><V114/><F107/><W125/><G112/><T84/><D131/><U134/><E134/><V49/><F114/><W33/><G90/><AGARI ba="0,1" hai="39,42,45,49,55,59,72,73,82,86,90,97,101,104" machi="90" ten="30,1000,0" yaku="7,1" doraHai="20" who="2" fromWho="3" sc="250,0,240,0,250,20,250,-10" /><INIT seed="1,0,0,3,2,25" ten="250,240,270,240" oya="1" hai0="98,56,45,1,84,60,130,96,101,72,87,115,30" hai1="19,67,6,104,132,68,127,13,76,109,105,38,12" hai2="14,44,110,5,50,32,36,52,92,54,48,40,131" hai3="0,112,17,16,116,61,63,65,35,121,86,58,66"/><U51/><E38/><V74/><F74/><W71/><G112/><T59/><D115/><U95/><E76/><V18/><F110/><W53/><G121/><T106/><D72/><U3/><E3/><V90/><F131/><W123/><G116/><T100/><D130/><U125/><E109/><V29/><F5/><W57/><G0/><T124/><D1/><U37/><E37/><V78/><F78/><W26/><G123/><T55/><D124/><N who="1" m="47691" /><E132/><V117/><F117/><W79/><G53/><T39/><D59/><U23/><E51/><V31/><F32/><W82/><G71/><T89/><D89/><U81/><E81/><V99/><F36/><W70/><G70/><T129/><D129/><U4/><E95/><V94/><F92/><W80/><REACH who="3" step="1"/><G82/><REACH who="3" ten="250,240,270,230" step="2"/><T128/><D128/><U7/><E68/><V9/><F40/><W43/><G43/><T15/><D55/><U93/><E67/><V49/><F50/><W8/><G8/><T97/><D60/><U113/><E113/><V88/><REACH who="2" step="1"/><F90/><REACH who="2" ten="250,240,260,230" step="2"/><W2/><G2/><T11/><D39/><U126/><E126/><V41/><F41/><W62/><G62/><T77/><D77/><U22/><E93/><V10/><F10/><W28/><AGARI ba="0,2" hai="16,17,26,28,35,57,58,61,63,65,66,79,80,86" machi="28" ten="30,8000,1" yaku="1,1,0,1,9,1,52,1,54,1,53,0" doraHai="25" doraHaiUra="120" who="3" fromWho="3" sc="250,-20,240,-40,260,-20,230,100" /><INIT seed="2,0,0,4,4,76" ten="230,200,240,330" oya="2" hai0="23,110,84,42,103,135,46,127,32,14,31,95,126" hai1="26,83,78,50,122,25,29,13,72,39,62,96,70" hai2="102,33,81,45,97,101,108,28,44,134,55,48,128" hai3="86,3,115,63,79,10,87,69,64,116,85,11,35"/><V66/><F128/><W112/><G35/><T77/><D110/><U40/><E122/><V21/><F134/><W91/><G116/><T118/><D135/><U89/><E39/><V131/><F131/><W19/><G79/><T51/><D32/><U123/><E123/><V99/><F108/><W107/><G107/><T61/><D118/><U106/><E13/><V0/><F0/><W67/><G67/><T37/><D61/><U121/><E121/><V100/><F33/><W125/><G125/><N who="0" m="47627" /><D103/><U16/><E106/><V93/><F66/><W41/><G41/><T9/><D95/><U133/><E133/><V75/><F75/><W18/><G10/><T4/><D23/><U15/><E62/><V34/><F34/><W65/><G65/><T74/><D31/><U104/><E29/><V119/><F119/><W114/><G91/><T92/><D74/><U1/><E70/><V109/><F109/><W58/><G69/><T82/><D92/><U124/><E124/><V30/><F30/><W94/><G94/><T113/><D113/><U73/><E73/><V20/><F20/><W59/><G3/><T57/><D57/><U38/><E1/><V88/><F99/><W43/><G59/><T117/><D117/><U52/><E96/><V60/><F60/><W17/><G11/><T27/><D27/><U56/><E25/><N who="2" m="16431" /><F45/><W68/><G68/><T6/><D6/><U7/><E7/><V49/><F49/><AGARI ba="0,0" hai="4,9,14,37,42,46,49,51,77,82,84" m="47627" machi="49" ten="30,2000,0" yaku="18,1,52,1" doraHai="76" who="0" fromWho="2" sc="230,20,200,0,240,-20,330,0" /><INIT seed="3,0,0,3,1,26" ten="250,200,220,330" oya="3" hai0="106,103,16,111,17,120,91,126,7,60,96,5,122" hai1="114,11,118,124,2,75,1,0,46,32,35,65,9" hai2="12,24,90,48,31,39,115,10,98,14,121,19,55" hai3="130,132,34,82,3,37,50,40,45,51,20,100,110"/><W71/><G100/><T95/><D111/><U53/><E75/><V36/><F115/><W123/><G71/><T92/><D126/><U88/><E114/><V4/><F121/><W83/><G34/><T38/><D106/><U30/><E124/><V66/><F66/><W64/><G123/><T59/><D38/><U54/><E118/><V84/><F98/><W21/><G3/><T112/><D112/><U18/><E65/><V13/><F19/><N who="0" m="7242" /><D122/><U68/><E68/><V28/><F36/><W134/><G64/><N who="0" m="38943" /><D120/><U42/><E18/><V135/><F39/><W78/><G37/><T29/><D29/><N who="2" m="11338" /><F24/><W73/><G110/><T81/><D81/><U105/><E105/><V57/><F135/><W43/><G82/><AGARI ba="0,0" hai="4,10,12,13,14,48,55,57,82,84,90" m="11338" machi="82" ten="30,7700,0" yaku="8,1,52,3" doraHai="26" who="2" fromWho="3" sc="250,0,200,0,220,77,330,-77" /><INIT seed="4,0,0,2,1,67" ten="250,200,297,253" oya="0" hai0="58,62,73,97,35,70,133,50,17,32,81,33,1" hai1="64,34,9,8,42,12,14,119,29,49,115,113,66" hai2="40,121,10,75,90,96,118,16,106,45,37,125,15" hai3="61,85,80,76,38,3,93,88,83,78,22,25,98"/><T41/><D133/><U13/><E119/><V130/><F121/><W21/><G3/><T107/><D1/><U7/><E42/><V120/><F130/><W79/><G38/><T48/><D70/><U131/><E49/><V71/><F120/><W43/><G43/><T19/><D73/><U11/><E131/><V122/><F122/><W87/><G61/><T102/><D81/><U91/><E91/><V127/><F118/><W26/><REACH who="3" step="1"/><G79/><REACH who="3" ten="250,200,297,243" step="2"/><T20/><D41/><U134/><E134/><V111/><F37/><W31/><G31/><T112/><D112/><N who="1" m="43083" /><E64/><V129/><F40/><W27/><AGARI ba="0,1" hai="21,22,25,26,27,76,78,80,83,85,87,88,93,98" machi="27" ten="30,8000,1" yaku="1,1,0,1,9,1,8,1,54,1,53,0" doraHai="67" doraHaiUra="28" who="3" fromWho="3" sc="250,-40,200,-20,297,-20,243,90" /><INIT seed="5,0,0,1,5,2" ten="210,180,277,333" oya="1" hai0="102,113,3,70,69,110,8,89,54,26,97,59,52" hai1="53,118,17,92,91,22,55,48,23,56,105,68,6" hai2="126,134,28,30,114,121,127,90,47,117,103,108,41" hai3="25,0,88,29,96,128,13,37,106,71,130,112,31"/><U86/><E118/><V61/><F117/><W122/><G0/><T111/><D113/><U94/><E105/><V93/><F108/><W98/><G71/><T20/><D89/><U72/><E72/><V11/><F121/><W49/><G37/><T40/><D40/><U104/><E104/><V66/><F103/><W60/><G122/><T14/><D3/><U109/><E109/><V80/><F80/><W75/><G112/><T123/><D123/><U133/><E68/><N who="2" m="42063" /><F11/><W74/><G75/><T44/><D44/><U87/><E133/><V76/><F76/><W32/><G74/><T63/><D54/><N who="1" m="31815" /><E6/><V77/><F77/><W50/><G128/><T34/><D34/><U132/><E132/><V4/><F4/><W124/><G130/><T84/><D84/><U57/><E57/><V35/><F35/><W67/><G32/><T38/><D38/><U85/><E23/><V116/><F116/><W125/><G106/><T46/><D46/><U10/><E10/><V45/><F45/><W62/><G67/><T100/><D111/><U18/><E18/><V51/><F114/><W119/><G119/><T120/><D110/><U19/><E19/><V82/><F134/><W21/><G21/><T12/><D120/><U7/><E7/><V42/><F42/><W107/><G107/><N who="0" m="63887" /><D102/><U83/><E92/><V9/><F9/><W73/><G73/><T81/><D81/><U43/><E43/><V131/><F82/><W58/><G58/><T95/><D95/><U101/><E101/><V64/><F131/><W1/><G1/><T5/><D14/><N who="1" m="9527" /><E83/><V65/><F93/><RYUUKYOKU ba="0,0" sc="210,15,180,15,277,-15,333,-15" hai0="5,8,12,20,26,52,59,63,69,70" hai1="53,55,85,86,87,91,94" /><INIT seed="5,1,0,5,5,26" ten="225,195,262,318" oya="1" hai0="32,86,107,127,125,13,2,67,81,95,34,85,114" hai1="27,111,29,83,38,90,45,68,24,41,50,5,69" hai2="37,55,88,92,4,131,74,103,130,54,57,17,89" hai3="53,46,42,43,97,87,65,7,44,21,75,128,36"/><U115/><E115/><V39/><F74/><W133/><G75/><T10/><D107/><U62/><E111/><V71/><F71/><W59/><G7/><T98/><D2/><U60/><E5/><V52/><F4/><W49/><G65/><T105/><D105/><U20/><E38/><N who="2" m="14347" /><F57/><W25/><G133/><T80/><D67/><U106/><E106/><V3/><F3/><W11/><G128/><N who="2" m="49193" /><F17/><W123/><G123/><T9/><D114/><U70/><REACH who="1" step="1"/><E27/><REACH who="1" ten="225,185,262,318" step="2"/><V99/><AGARI ba="1,1" hai="52,54,55,88,89,92,99,103" m="49193,14347" machi="99" ten="40,5200,0" yaku="19,1,54,2" doraHai="26" who="2" fromWho="2" sc="225,-14,185,-27,262,65,318,-14" /><INIT seed="6,0,0,4,0,9" ten="211,158,327,304" oya="2" hai0="70,14,37,17,111,61,96,52,38,74,49,117,83" hai1="86,132,71,55,102,7,68,16,53,64,110,33,42" hai2="28,122,134,69,22,44,8,29,98,133,32,106,112" hai3="58,13,15,107,23,67,0,79,5,120,78,62,63"/><V114/><F69/><W2/><G107/><T108/><D117/><U47/><E110/><V90/><F122/><W43/><G43/><T31/><D31/><U91/><E132/><N who="2" m="50795" /><F32/><W26/><G5/><T124/><D124/><U116/><E116/><V127/><F127/><W48/><G48/><T60/><D96/><U25/><E102/><N who="2" m="62807" /><F44/><W11/><G11/><T135/><D135/><U24/><E7/><V21/><F90/><W75/><G75/><T10/><D108/><U41/><E41/><V1/><F1/><W130/><G2/><T12/><D111/><U93/><E33/><V81/><F81/><W50/><G0/><T97/><D97/><U101/><E101/><V66/><F66/><W109/><G67/><T59/><D70/><U113/><E113/><N who="2" m="43627" /><F8/><W126/><G120/><T65/><D65/><U45/><E64/><V77/><F77/><W128/><G126/><T100/><D100/><U36/><E55/><V103/><F103/><W56/><G78/><T34/><D34/><U3/><E3/><V35/><F35/><W82/><G79/><N who="0" m="44535" /><D38/><U19/><E71/><V121/><F121/><W125/><G82/><T73/><D37/><U115/><E68/><V76/><F76/><W118/><G125/><T105/><D105/><U80/><E80/><V94/><F94/><W54/><G109/><T20/><D73/><U18/><REACH who="1" step="1"/><E115/><REACH who="1" ten="211,148,327,304" step="2"/><V84/><F84/><W92/><G118/><T27/><D52/><U87/><E87/><V129/><F129/><W4/><G54/><T123/><D123/><U30/><E30/><AGARI ba="0,1" hai="21,22,28,29,30" m="43627,62807,50795" machi="30" ten="30,2900,0" yaku="20,1,15,1" doraHai="9" who="2" fromWho="1" sc="211,0,148,-29,327,39,304,0" /><INIT seed="6,1,0,3,4,99" ten="211,119,366,304" oya="2" hai0="102,71,1,43,97,117,126,103,61,124,78,115,70" hai1="79,107,54,87,63,13,46,17,42,49,8,129,41" hai2="53,118,116,5,0,109,85,82,92,20,40,108,22" hai3="135,101,10,24,105,31,30,66,120,9,77,122,47"/><V83/><F40/><W45/><G77/><T21/><D1/><U28/><E129/><V134/><F53/><W56/><G66/><T55/><D115/><U60/><E107/><V69/><F69/><W121/><G105/><T114/><D114/><U7/><E28/><V96/><F5/><W18/><G120/><T62/><D78/><U106/><E106/><V33/><F0/><W58/><G18/><T119/><D43/><U74/><E74/><V104/><F33/><W51/><G51/><T93/><D103/><U26/><E42/><V25/><F20/><W113/><G135/><T15/><D62/><U68/><E68/><V131/><F134/><W91/><G91/><T2/><D2/><U123/><E54/><V6/><F6/><W48/><G48/><T127/><D70/><U16/><E123/><V90/><F131/><W52/><G113/><T59/><D71/><U38/><E38/><V3/><F3/><W100/><G52/><T89/><D89/><U34/><E34/><V81/><F22/><W75/><G24/><T125/><D125/><U111/><E111/><N who="2" m="42571" /><F25/><W23/><G23/><T80/><D21/><N who="1" m="13607" /><E17/><V76/><F76/><W32/><G32/><T29/><D29/><U130/><E130/><V37/><F37/><W67/><G67/><T128/><D128/><U95/><E79/><V84/><F104/><W57/><G57/><T110/><D110/><U64/><E64/><V112/><F112/><W14/><G14/><T50/><D15/><U65/><E65/><V27/><F27/><W19/><G19/><T88/><D61/><U94/><E94/><RYUUKYOKU ba="1,0" sc="211,0,119,0,366,0,304,0" hai0="50,55,59,80,88,93,97,102,117,119,124,126,127" hai1="7,8,13,41,46,49,60,63,87,95" hai2="81,82,83,84,85,90,92,96,116,118" hai3="9,10,30,31,45,47,56,58,75,100,101,121,122" /><INIT seed="6,2,0,2,1,105" ten="211,119,366,304" oya="2" hai0="63,112,119,54,55,24,118,133,52,69,123,12,4" hai1="20,5,71,23,15,101,40,109,80,73,13,37,132" hai2="50,91,45,115,49,94,27,81,60,7,111,88,34" hai3="116,47,35,95,25,120,28,38,58,3,87,99,32"/><V30/><F115/><W100/><G3/><T124/><D112/><U51/><E109/><V107/><F107/><W29/><G116/><N who="0" m="44587" /><D123/><U108/><E108/><V102/><F111/><W11/><G120/><T93/><D124/><U21/><E71/><V14/><F102/><W31/><G58/><T6/><D133/><U122/><E122/><V113/><F113/><W134/><G87/><T126/><D126/><U98/><E132/><V110/><F110/><W42/><G35/><T79/><D24/><U16/><E37/><V62/><F81/><W82/><G82/><T59/><D69/><U41/><E5/><N who="0" m="2153" /><D79/><U85/><E73/><V125/><F50/><W76/><G76/><T0/><D0/><U2/><E2/><V128/><F128/><W67/><G11/><T26/><D26/><U106/><E51/><V75/><F75/><W89/><G25/><T97/><D12/><U1/><E1/><V70/><F70/><W61/><G32/><T121/><D121/><U68/><E68/><V44/><F125/><W86/><G38/><T48/><D48/><U57/><E57/><V131/><F131/><W64/><G61/><T96/><D96/><U78/><REACH who="1" step="1"/><E15/><REACH who="1" ten="211,109,366,304" step="2"/><V19/><F49/><N who="3" m="26871" /><G134/><T114/><D114/><U43/><AGARI ba="2,1" hai="13,16,20,21,23,40,41,43,78,80,85,98,101,106" machi="43" ten="30,4000,0" yaku="1,1,0,1,54,1,53,0" doraHai="105" doraHaiUra="117" who="1" fromWho="1" sc="211,-12,109,56,366,-22,304,-12" /><INIT seed="7,0,0,3,4,105" ten="199,165,344,292" oya="3" hai0="12,84,1,21,57,4,133,64,128,47,109,29,13" hai1="117,11,62,93,58,74,116,50,54,81,98,83,114" hai2="111,126,96,15,107,71,106,10,119,77,24,56,70" hai3="122,3,132,80,69,123,51,63,95,97,49,135,44"/><W86/><G3/><T124/><D109/><U90/><E114/><V28/><F111/><W5/><G5/><T14/><D1/><U59/><E11/><V101/><F119/><W125/><G125/><T36/><D124/><U102/><E74/><V130/><F126/><W55/><G69/><T79/><D128/><U129/><E129/><V78/><F107/><W25/><G63/><N who="0" m="37999" /><D36/><U46/><E59/><V121/><F121/><W99/><G25/><N who="0" m="16559" /><D133/><N who="3" m="51273" /><G99/><T103/><D103/><U42/><REACH who="1" step="1"/><E102/><REACH who="1" ten="199,155,344,292" step="2"/><V75/><F130/><W113/><G113/><T8/><D47/><U7/><E7/><V17/><F56/><W60/><G123/><T65/><D65/><U43/><E43/><V92/><F101/><N who="3" m="60607" /><G44/><T91/><D79/><U35/><E35/><V72/><F78/><N who="3" m="46359" /><G122/><T127/><D127/><U87/><E87/><V118/><F77/><W31/><G60/><T39/><D39/><U26/><E26/><V85/><F85/><W20/><G55/><T115/><D115/><U6/><E6/><V45/><F75/><W48/><G31/><T38/><D38/><U0/><E0/><V30/><F72/><W67/><G67/><T16/><D4/><U34/><E34/><V18/><F30/><W40/><G20/><T73/><D73/><U76/><E76/><V82/><F28/><W9/><G9/><T52/><D52/><U68/><E68/><V22/><F71/><W53/><G40/><T131/><D131/><U27/><E27/><V37/><F70/><W108/><G53/><T104/><D104/><U100/><E100/><V94/><F106/><W19/><G108/><RYUUKYOKU ba="0,1" sc="199,10,155,10,344,-30,292,10" hai0="8,12,13,14,16,84,91" hai1="42,46,50,54,58,62,81,83,90,93,98,116,117" hai3="19,48,49,51" /><INIT seed="7,1,1,0,1,50" ten="209,165,314,302" oya="3" hai0="44,88,100,78,24,12,81,32,23,26,105,115,122" hai1="63,96,55,80,67,108,48,132,57,72,92,130,113" hai2="77,53,106,25,33,45,95,46,65,62,20,76,103" hai3="27,114,128,111,29,59,90,11,13,40,10,134,61"/><W8/><G114/><T17/><D122/><U70/><E108/><V66/><F106/><W52/><G134/><T30/><D115/><U54/><E113/><V93/><F33/><W124/><G111/><T94/><D105/><U49/><E132/><V125/><F125/><W58/><G124/><T87/><D100/><U47/><E130/><V86/><F93/><W104/><G104/><T83/><D44/><N who="2" m="17002" /><F53/><W3/><G40/><T79/><D83/><U14/><E14/><V42/><F42/><W36/><G36/><T89/><D26/><U6/><E6/><V41/><F41/><W31/><G27/><T107/><D107/><U22/><E22/><V5/><F5/><W68/><G68/><T64/><D64/><N who="2" m="24682" /><F62/><N who="3" m="36167" /><G13/><T82/><D82/><U7/><E7/><V135/><F135/><W16/><G16/><T112/><D112/><U19/><E19/><N who="2" m="12447" /><F86/><AGARI ba="1,1" hai="12,17,23,24,30,32,78,79,81,86,87,88,89,94" machi="86" ten="30,2000,0" yaku="7,1,54,1" doraHai="50" who="0" fromWho="2" sc="209,33,165,0,314,-23,302,0" owari="242,-16.0,165,-33.0,291,9.0,302,40.0" /></mjloggm>