<mjloggm ver="2.3"><GO type="97" lobby="0"/><UN n0="%E3%82%A6%E3%83%AB%E3%83%88%E3%83%A9%E7%AB%8B%E7%9B%B4" n1="%72%69%6B%75%32%37%31" n2="%E6%A5%93%E9%9B%AA%E2%99%AA" n3="%74%6F%6E%6E%64%61%67%6F" dan="15,14,14,14" rate="2029.74,1926.07,1946.10,1887.39" sx="M,M,F,F"/><TAIKYOKU oya="0"/><BYE who="2" /><INIT seed="0,0,0,4,2,46" ten="250,250,250,250" oya="0" hai0="34,58,93,61,14,28,64,57,35,50,3,114,101" hai1="103,112,92,90,86,51,120,48,96,99,42,118,95" hai2="22,10,62,23,97,83,73,117,21,18,20,15,84" hai3="1,135,121,11,122,29,128,125,108,75,77,47,54"/><T16/><D3/><UN n2="%E6%A5%93%E9%9B%AA%E2%99%AA" /><U37/><E118/><V26/><F117/><W55/><G108/><T113/><D34/><U100/><E120/><N who="3" m="46186" /><G125/><T8/><D28/><U0/><E0/><V41/><F73/><W134/><G128/><T71/><D35/><U56/><E112/><V6/><F97/><W52/><G77/><T7/><D71/><U89/><E37/><V106/><F106/><W130/><G75/><T105/><D105/><U107/><E42/><V44/><F62/><W66/><G29/><T110/><D110/><U76/><E56/><V111/><F111/><W115/><G130/><T104/><D104/><N who="1" m="63495" /><E51/><V133/><F133/><N who="3" m="50699" /><G11/><T2/><D113/><U132/><E48/><V68/><F68/><W98/><G98/><N who="0" m="59599" /><D2/><U9/><E9/><V39/><F23/><W109/><G109/><T59/><D114/><U13/><E13/><V88/><AGARI ba="0,0" hai="6,10,15,18,20,21,22,26,39,41,44,83,84,88" machi="88" ten="20,2700,0" yaku="0,1,7,1,54,1" doraHai="46" who="2" fromWho="2" sc="250,-13,250,-7,250,27,250,-7" /><INIT seed="1,0,0,2,5,13" ten="237,243,277,243" oya="1" hai0="97,132,62,131,111,83,28,17,4,2,90,44,126" hai1="74,19,57,96,73,63,53,128,16,35,112,24,32" hai2="121,49,116,46,70,5,108,64,125,86,102,100,88" hai3="109,133,120,101,15,85,41,54,61,26,29,38,107"/><U51/><E112/><V68/><F121/><W93/><G109/><T106/><D28/><U89/><E128/><V84/><F116/><W34/><G133/><T36/><D111/><U33/><E24/><V122/><F108/><W118/><G107/><T110/><D110/><U40/><E40/><V11/><F122/><W124/><G124/><T123/><D123/><U20/><E20/><V95/><F84/><W31/><G31/><T30/><D30/><U60/><E96/><V98/><F64/><W18/><G41/><T55/><D4/><U37/><E37/><V22/><F102/><W23/><G38/><T47/><D2/><U66/><E89/><V3/><F22/><W42/><G42/><T104/><D104/><U76/><E76/><V8/><F8/><W119/><G120/><T130/><D36/><U79/><E63/><V0/><F0/><W65/><G54/><T69/><D132/><U39/><E39/><V105/><REACH who="2" step="1"/><F125/><REACH who="2" ten="237,243,267,243" step="2"/><W82/><G119/><T50/><D126/><U114/><E114/><V127/><F127/><W91/><G118/><T52/><D130/><U77/><E77/><V71/><F71/><W10/><G34/><T87/><D131/><U80/><REACH who="1" step="1"/><E73/><REACH who="1" ten="237,233,267,243" step="2"/><V78/><F78/><W103/><G82/><T72/><D72/><U115/><E115/><V56/><F56/><AGARI ba="0,2" hai="10,15,18,23,26,29,56,61,65,85,91,93,101,103" machi="56" ten="30,3900,0" yaku="7,1,8,1,52,1" doraHai="13" who="3" fromWho="2" sc="237,0,233,0,267,-39,243,59" /><AGARI ba="0,0" hai="16,19,32,33,35,51,53,56,57,60,66,74,79,80" machi="56" ten="40,12000,1" yaku="1,1,52,2,54,1,53,0" doraHai="13" doraHaiUra="27" who="1" fromWho="2" sc="237,0,233,120,228,-120,302,0" /><INIT seed="1,1,0,3,2,65" ten="237,353,108,302" oya="1" hai0="123,122,75,81,103,31,14,35,55,34,83,76,106" hai1="50,60,115,110,48,85,117,51,119,128,125,116,67" hai2="17,131,3,59,11,101,73,33,36,43,37,53,135" hai3="113,74,46,94,86,108,2,19,62,16,66,15,112"/><U111/><E85/><V40/><F73/><W26/><G74/><T100/><D14/><U88/><E115/><V1/><F33/><W93/><G2/><T96/><D55/><U44/><E125/><V25/><F101/><W126/><G108/><N who="1" m="41514" /><E88/><V133/><F25/><W57/><G126/><T89/><D31/><U28/><E28/><V90/><F90/><W104/><G104/><T77/><D89/><U42/><E128/><V63/><F17/><W58/><G26/><T92/><D34/><U98/><E98/><V56/><F11/><W39/><G19/><T47/><D35/><U0/><E0/><V10/><F10/><W12/><G12/><T95/><D47/><U118/><E118/><V91/><F91/><W24/><G24/><T80/><D80/><U78/><E78/><V45/><F131/><W71/><G86/><T79/><D79/><U129/><E129/><V49/><F3/><W68/><G113/><T121/><D100/><U18/><E18/><V23/><F1/><W54/><G112/><T8/><D8/><U84/><E84/><AGARI ba="1,0" hai="75,76,77,81,83,84,92,95,96,103,106,121,122,123" machi="84" ten="40,8000,1" yaku="13,1,34,3" doraHai="65" who="0" fromWho="1" sc="237,83,353,-83,108,0,302,0" /><INIT seed="2,0,0,4,1,111" ten="320,270,108,302" oya="2" hai0="80,16,112,61,48,9,105,91,14,102,128,53,23" hai1="47,132,24,60,100,63,119,90,46,94,8,107,66" hai2="106,124,31,49,19,109,72,88,7,4,79,93,25" hai3="42,127,110,11,50,27,97,29,120,64,82,87,13"/><V98/><F109/><W18/><G110/><T134/><D112/><U101/><E119/><V89/><F106/><W56/><G127/><T69/><D128/><U22/><E132/><V114/><F114/><W41/><G120/><T28/><D134/><U2/><E107/><V3/><F124/><W45/><G97/><T43/><D69/><U103/><E2/><V129/><F129/><W68/><G68/><T115/><D115/><U39/><E39/><V17/><F72/><W32/><G64/><T58/><D102/><U81/><E8/><V1/><F79/><W70/><G70/><T57/><D105/><U104/><E104/><V10/><F49/><W33/><G56/><T122/><D122/><U133/><E81/><V121/><F121/><W5/><G33/><T21/><D28/><U62/><E66/><V51/><F51/><W34/><G34/><T73/><D73/><U116/><E116/><V126/><F89/><W113/><G113/><T99/><D43/><U84/><REACH who="1" step="1"/><E133/><REACH who="1" ten="320,260,108,302" step="2"/><V117/><F117/><W40/><REACH who="3" step="1"/><G18/><AGARI ba="0,1" hai="18,22,24,46,47,60,62,63,84,90,94,100,101,103" machi="18" ten="40,5200,0" yaku="1,1,2,1,8,1,53,0" doraHai="111" doraHaiUra="6" who="1" fromWho="3" sc="320,0,260,62,108,0,302,-52" /><INIT seed="3,0,0,3,1,46" ten="320,322,108,250" oya="3" hai0="61,53,76,4,126,22,45,13,47,6,116,14,11" hai1="20,124,110,122,97,26,19,25,1,98,128,50,65" hai2="77,49,89,41,79,64,70,104,123,135,36,115,54" hai3="114,111,134,29,75,9,103,17,90,35,95,132,86"/><W87/><G114/><T78/><D116/><U38/><E122/><V51/><F104/><W100/><G75/><T3/><D3/><U34/><E38/><V72/><F72/><W113/><G113/><T0/><D0/><U94/><E110/><V43/><F115/><W81/><G29/><T125/><D61/><U32/><E1/><V27/><F36/><W24/><G35/><T71/><D71/><U33/><E124/><N who="0" m="47721" /><D53/><U52/><E128/><V60/><F89/><W23/><G111/><T30/><D30/><U99/><E65/><V63/><F27/><W57/><G9/><N who="0" m="4263" /><D22/><U66/><E66/><N who="2" m="41287" /><F79/><AGARI ba="0,0" hai="6,11,14,45,47,76,78,79" m="4263,47721" machi="79" ten="30,1000,0" yaku="18,1" doraHai="46" who="0" fromWho="2" sc="320,10,322,0,108,-10,250,0" owari="330,43.0,322,12.0,98,-40.0,250,-15.0" /></mjloggm>