<mjloggm ver="2.3"><GO type="97" lobby="0"/><UN n0="%43%68%69%6B%61%70%79" n1="%44%65%65%70%2D%4F%6E%65" n2="%E3%82%A6%E3%83%AB%E3%83%88%E3%83%A9%E7%AB%8B%E7%9B%B4" n3="%E3%82%A2%E3%83%9D%E3%83%88%E3%83%BC%E3%82%B7%E3%82%B9" dan="13,14,15,14" rate="1914.36,1951.77,1990.56,2059.04" sx="M,M,M,F"/><TAIKYOKU oya="0"/><INIT seed="0,0,0,0,1,30" ten="250,250,250,250" oya="0" hai0="0,25,4,29,59,33,16,92,5,77,76,123,132" hai1="93,22,50,96,11,18,91,47,118,108,100,99,40" hai2="95,26,28,134,70,98,80,1,97,58,10,125,65" hai3="60,14,64,127,126,117,87,101,89,20,68,35,21"/><T121/><D132/><U85/><E108/><V49/><F134/><W72/><G72/><T34/><D92/><U9/><E118/><V17/><F125/><N who="3" m="47627" /><G117/><T88/><D88/><U81/><REACH who="1" step="1"/><E99/><REACH who="1" ten="250,240,250,250" step="2"/><V44/><F97/><W71/><G71/><T124/><D124/><U66/><E66/><V122/><F70/><W19/><G101/><T6/><D77/><U36/><E36/><V86/><F65/><W24/><G68/><T42/><D76/><U103/><E103/><V119/><F98/><W23/><G64/><T112/><D112/><U67/><E67/><V8/><F119/><W46/><G46/><T115/><D115/><U2/><E2/><V48/><F44/><W109/><G109/><T7/><D59/><U107/><E107/><V130/><F1/><W55/><G55/><T43/><D0/><U90/><E90/><V12/><F58/><W54/><G54/><T41/><N who="0" m="1536" /><DORA hai="104" /><T105/><D105/><U32/><E32/><V56/><F56/><W131/><G131/><T94/><D34/><U53/><E53/><V79/><F130/><W27/><G60/><T75/><D123/><U135/><E135/><V31/><F122/><W133/><G133/><T113/><D121/><U45/><E45/><V102/><F102/><W13/><G35/><T52/><D113/><U129/><E129/><V111/><F111/><W69/><G69/><T110/><D52/><U73/><E73/><V61/><F61/><W78/><G89/><T62/><D75/><U57/><E57/><V106/><F106/><W82/><G27/><AGARI ba="0,1" hai="9,11,18,22,27,40,47,50,81,85,91,93,96,100" machi="27" ten="30,3900,0" yaku="1,1,7,1,8,1,53,0" doraHai="30,104" doraHaiUra="116,51" who="1" fromWho="3" sc="250,0,240,49,250,0,250,-39" /><INIT seed="1,0,0,2,2,95" ten="250,289,250,211" oya="1" hai0="25,65,12,29,98,41,123,117,39,43,32,33,133" hai1="30,105,35,48,68,71,72,111,69,94,61,54,46" hai2="36,74,2,24,58,84,93,75,52,89,64,78,17" hai3="134,88,126,3,108,80,122,6,110,121,11,90,44"/><U124/><E105/><V128/><F2/><W45/><G126/><T119/><D123/><N who="3" m="47113" /><G134/><T0/><D133/><U129/><E124/><V104/><F36/><W79/><G45/><T37/><D0/><U50/><E129/><V16/><F104/><W31/><G31/><T63/><D33/><U120/><E111/><N who="3" m="42538" /><G44/><N who="0" m="23599" /><D12/><U131/><E131/><V7/><F7/><W40/><G40/><T1/><D1/><U13/><E72/><AGARI ba="0,0" hai="3,6,11,72,79,80,88,90" m="42538,47113" machi="72" ten="30,2000,0" yaku="14,1,54,1" doraHai="95" who="3" fromWho="1" sc="250,0,289,-20,250,0,211,20" /><INIT seed="2,0,0,0,4,107" ten="250,269,250,231" oya="2" hai0="71,134,80,46,26,94,79,64,87,123,17,27,7" hai1="55,35,5,41,20,122,86,6,109,53,50,31,130" hai2="0,10,63,76,132,9,91,97,3,89,126,60,58" hai3="24,85,93,68,42,67,21,52,2,92,129,33,69"/><V57/><F76/><W22/><G2/><T28/><D123/><U110/><E109/><V135/><REACH who="2" step="1"/><F97/><REACH who="2" ten="250,269,240,231" step="2"/><W38/><G129/><T32/><D79/><U36/><E130/><V73/><F73/><W65/><G85/><T70/><D87/><U77/><E86/><V121/><F121/><W45/><G69/><T101/><D71/><U95/><E77/><V4/><F4/><W43/><G68/><T78/><D70/><U116/><E6/><V25/><F25/><W39/><G24/><T102/><D27/><U15/><E5/><V90/><F90/><W34/><G45/><T56/><D7/><U49/><E122/><V133/><F133/><W88/><G88/><T115/><D46/><U119/><E119/><V11/><F11/><W81/><REACH who="3" step="1"/><G52/><REACH who="3" ten="250,269,240,221" step="2"/><T62/><D134/><U111/><E55/><V83/><F83/><AGARI ba="0,2" hai="21,22,33,34,38,39,42,43,65,67,81,83,92,93" machi="83" ten="25,6400,0" yaku="1,1,2,1,22,2,53,0" doraHai="107" doraHaiUra="108" who="3" fromWho="2" sc="250,0,269,0,240,-64,221,84" /><INIT seed="3,0,0,0,1,79" ten="250,269,176,305" oya="3" hai0="32,76,61,18,14,16,58,78,13,33,60,67,94" hai1="40,23,97,80,113,47,105,129,22,85,29,49,25" hai2="19,0,87,6,111,107,112,8,17,96,36,98,20" hai3="132,83,77,38,64,65,82,104,110,125,1,27,70"/><W53/><G38/><T81/><D94/><U3/><E129/><V73/><F73/><W71/><G104/><T101/><D101/><U42/><E113/><V10/><F36/><W133/><G1/><T121/><D121/><U135/><E135/><N who="3" m="51786" /><G110/><T72/><D76/><U134/><E134/><V102/><F112/><W100/><G125/><T15/><REACH who="0" step="1"/><D61/><REACH who="0" ten="240,269,176,305" step="2"/><U95/><E105/><V31/><F111/><W5/><G100/><T55/><D55/><U34/><E3/><V90/><F98/><W12/><G53/><T57/><D57/><U46/><E46/><V63/><F63/><W127/><G127/><T108/><D108/><U59/><E59/><V130/><F130/><W128/><G128/><T21/><D21/><U30/><E40/><V11/><F10/><N who="3" m="4175" /><G77/><T106/><D106/><U48/><E23/><V41/><F11/><W39/><G71/><T35/><AGARI ba="0,1" hai="13,14,15,16,18,32,33,35,58,60,67,72,78,81" machi="35" ten="40,8000,1" yaku="1,1,0,1,52,1,54,1,53,0" doraHai="79" doraHaiUra="115" who="0" fromWho="0" sc="240,90,269,-20,176,-20,305,-40" owari="330,42.0,249,-15.0,156,-34.0,265,7.0" /></mjloggm>