<mjloggm ver="2.3"><GO type="97" lobby="0"/><UN n0="%E3%82%A6%E3%83%AB%E3%83%88%E3%83%A9%E7%AB%8B%E7%9B%B4" n1="%73%75%6E%61%62%6F%75%7A" n2="%E6%B0%B4%E3%81%AE%E9%9F%B3" n3="%E6%B5%B7%E5%BA%95%E3%81%AE%E3%83%88%E3%82%B7" dan="15,14,14,14" rate="1979.90,1973.70,1919.08,1875.65" sx="M,M,M,M"/><TAIKYOKU oya="0"/><INIT seed="0,0,0,2,2,31" ten="250,250,250,250" oya="0" hai0="62,134,66,95,8,14,118,82,119,94,106,43,80" hai1="15,123,73,3,70,110,33,105,104,26,113,44,114" hai2="124,28,47,86,64,55,30,56,51,84,116,1,91" hai3="111,88,22,10,54,65,85,60,16,58,29,126,100"/><T32/><D106/><U63/><E123/><V59/><F1/><W75/><G75/><T57/><D134/><U103/><E15/><V132/><F116/><W133/><G133/><T18/><D118/><U78/><E44/><V34/><F132/><W128/><G111/><T87/><D119/><U53/><E53/><V9/><F124/><W42/><G126/><T131/><D131/><U61/><E110/><V112/><F112/><N who="1" m="43113" /><E63/><V71/><F71/><W46/><G128/><T135/><D135/><U122/><E122/><V79/><F34/><W5/><G100/><T99/><D32/><U89/><E89/><V67/><F9/><W45/><G29/><N who="2" m="11369" /><F79/><W102/><G102/><N who="0" m="60791" /><D43/><U101/><E101/><V97/><F97/><W19/><G19/><T115/><D115/><U48/><E48/><V109/><F84/><W23/><G23/><T76/><D76/><U12/><E12/><V83/><F109/><W130/><G130/><T20/><D8/><U7/><E26/><V52/><F47/><N who="3" m="17931" /><G42/><T129/><D129/><U121/><E121/><V0/><F0/><W125/><G125/><T35/><D35/><U38/><E38/><V24/><F24/><N who="3" m="14407" /><G5/><T21/><D21/><U127/><E33/><V69/><F69/><W96/><G96/><T107/><D107/><U74/><E127/><V98/><F98/><W11/><G65/><T120/><D120/><U2/><E7/><V37/><F37/><W25/><G25/><T49/><D49/><AGARI ba="0,0" hai="49,51,52,55,56,59,64,67,83,86,91" m="11369" machi="49" ten="30,2000,0" yaku="8,1,54,1" doraHai="31" who="2" fromWho="0" sc="250,-20,250,0,250,20,250,0" /><INIT seed="1,0,0,5,0,24" ten="230,250,270,250" oya="1" hai0="111,29,86,129,88,18,132,39,5,82,4,121,20" hai1="17,119,67,122,92,69,120,64,12,32,124,75,78" hai2="90,36,84,16,113,2,6,46,8,123,117,131,114" hai3="70,77,56,21,112,79,65,118,7,40,91,106,43"/><U99/><E119/><V101/><F117/><W109/><G106/><T28/><D39/><U53/><E32/><V96/><F123/><W47/><G118/><T10/><D121/><U9/><E124/><V103/><F131/><W37/><G112/><N who="2" m="43113" /><F96/><W135/><G135/><T94/><D129/><U93/><E93/><N who="2" m="54471" /><F16/><W42/><G109/><T57/><D111/><U11/><E11/><V52/><F52/><W1/><G21/><T72/><D132/><U63/><E64/><V51/><F51/><W0/><G7/><N who="0" m="2635" /><D72/><U45/><E78/><V19/><F19/><W73/><G70/><T81/><D57/><U60/><E75/><V50/><F50/><W58/><G73/><T115/><D10/><U130/><E130/><V38/><F46/><W25/><G25/><N who="0" m="14487" /><D115/><U126/><E126/><V74/><F74/><W54/><G91/><T89/><D82/><U13/><E13/><V134/><F134/><W59/><G1/><T128/><D128/><U98/><E98/><AGARI ba="0,0" hai="28,29,81,86,88,89,94,98" m="14487,2635" machi="98" ten="30,7700,0" yaku="8,1,52,2,54,1" doraHai="24" who="0" fromWho="1" sc="230,77,250,-77,270,0,250,0" /><INIT seed="2,0,0,3,1,67" ten="307,173,270,250" oya="2" hai0="66,52,29,44,130,43,111,131,24,89,86,96,48" hai1="60,91,70,54,97,20,7,82,10,37,3,100,126" hai2="75,103,49,55,23,80,53,135,106,34,92,65,28" hai3="87,31,63,73,11,51,99,122,21,12,110,112,83"/><V15/><F106/><W109/><G122/><T9/><D96/><U113/><E113/><V118/><F118/><W79/><G112/><T98/><D98/><U115/><E115/><V58/><F135/><W85/><G63/><T117/><D117/><U62/><E126/><V72/><F34/><W2/><G2/><T64/><D9/><U95/><E37/><V39/><F39/><W107/><G107/><T105/><D105/><U16/><E54/><V30/><F103/><W27/><G99/><T61/><D111/><N who="3" m="42505" /><G51/><T41/><D41/><U17/><E17/><AGARI ba="0,0" hai="11,12,17,21,27,31,73,79,83,85,87" m="42505" machi="17" ten="30,1000,0" yaku="14,1" doraHai="67" who="3" fromWho="1" sc="307,0,173,-10,270,0,250,10" /><INIT seed="3,0,0,3,4,125" ten="307,163,270,260" oya="3" hai0="82,67,21,133,104,86,15,63,89,4,41,88,40" hai1="123,12,64,61,96,128,32,69,83,17,14,38,87" hai2="3,46,51,101,31,8,37,42,95,53,81,79,91" hai3="19,24,118,20,93,28,108,99,43,26,94,68,130"/><W7/><G68/><T58/><D104/><U2/><E2/><V120/><F101/><W77/><G118/><T76/><D133/><U59/><E38/><V62/><F120/><W115/><G115/><T122/><D122/><U70/><E123/><V49/><F31/><W35/><G130/><T92/><D89/><U117/><E117/><V129/><F129/><W84/><G108/><T18/><D4/><U74/><E32/><V75/><F53/><W23/><G35/><T54/><D67/><U102/><E74/><AGARI ba="0,0" hai="15,18,21,40,41,54,58,63,74,76,82,86,88,92" machi="74" ten="30,2000,0" yaku="7,1,54,1" doraHai="125" who="0" fromWho="1" sc="307,20,163,-20,270,0,260,0" owari="327,43.0,143,-36.0,270,7.0,260,-14.0" /></mjloggm>