<mjloggm ver="2.3"><GO type="97" lobby="0"/><UN n0="%E3%82%A6%E3%83%AB%E3%83%88%E3%83%A9%E7%AB%8B%E7%9B%B4" n1="%E3%83%8F%E3%83%B3%E3%82%B2%E7%8E%8B" n2="%E6%B6%85%E7%9C%A0" n3="%79%65%61%68%6E%65" dan="15,15,14,14" rate="1978.30,1960.89,1906.46,1958.66" sx="M,M,M,M"/><TAIKYOKU oya="0"/><INIT seed="0,0,0,3,0,36" ten="250,250,250,250" oya="0" hai0="67,91,15,106,123,56,44,132,13,69,47,65,17" hai1="97,111,72,32,113,40,5,118,26,51,129,4,59" hai2="128,64,49,74,41,81,57,3,100,1,43,103,30" hai3="63,90,7,54,108,114,14,134,9,126,50,89,77"/><T131/><D123/><U112/><E111/><V110/><F110/><W20/><G108/><T85/><D106/><U22/><E118/><V60/><F128/><W86/><G114/><N who="1" m="44138" /><E32/><V28/><F74/><W42/><G126/><T87/><D69/><U8/><E72/><V121/><F121/><W122/><G122/><T18/><D131/><U98/><E129/><V46/><F81/><N who="3" m="47407" /><G134/><T19/><D132/><U92/><E92/><V75/><F75/><W39/><G39/><T80/><D87/><U58/><E58/><V116/><F116/><W52/><G20/><T45/><REACH who="0" step="1"/><D56/><REACH who="0" ten="240,250,250,250" step="2"/><U0/><E59/><V84/><F84/><W120/><G120/><T76/><D76/><U66/><E66/><AGARI ba="0,1" hai="13,15,17,18,19,44,45,47,65,66,67,80,85,91" machi="66" ten="40,7700,0" yaku="1,1,8,1,53,1" doraHai="36" doraHaiUra="78" who="0" fromWho="1" sc="240,87,250,-77,250,0,250,0" /><INIT seed="0,1,0,2,2,82" ten="327,173,250,250" oya="0" hai0="107,73,33,0,19,77,61,129,123,98,86,3,135" hai1="120,92,41,83,12,55,93,76,20,62,100,63,46" hai2="15,95,60,4,30,131,16,48,21,13,8,11,81" hai3="70,32,75,10,44,108,17,18,49,106,132,22,84"/><T56/><D73/><U35/><E120/><V50/><F131/><W117/><G70/><T126/><D123/><U109/><E35/><V99/><F81/><W37/><G75/><T124/><D33/><U43/><E109/><V42/><F60/><W80/><G106/><T68/><D68/><U23/><E100/><V114/><F114/><W9/><G37/><T72/><D72/><U133/><E133/><V59/><F42/><W118/><G32/><T130/><D3/><U34/><E34/><V52/><F50/><W53/><G108/><T91/><D0/><U105/><E105/><V27/><F95/><W31/><G132/><T122/><D122/><U6/><E23/><V134/><F134/><W121/><G121/><T87/><D19/><U128/><E128/><N who="0" m="49257" /><D135/><U88/><E20/><V40/><F40/><W101/><G118/><T36/><D36/><U113/><E113/><V125/><F125/><N who="0" m="48234" /><D77/><U79/><E76/><V85/><F99/><W116/><G117/><T71/><D71/><U102/><E102/><V127/><F127/><W78/><G116/><T57/><D57/><U96/><E92/><V24/><F24/><W115/><G115/><T111/><D111/><U89/><E89/><V74/><F74/><W67/><G67/><N who="0" m="39335" /><D107/><U119/><E119/><V110/><F110/><W69/><G69/><T90/><D98/><U65/><E65/><V97/><F97/><W28/><G101/><T45/><D91/><U25/><E25/><V58/><F58/><W54/><G18/><T26/><D90/><U38/><E43/><V103/><F103/><W104/><G104/><RYUUKYOKU ba="1,0" sc="327,-10,173,-10,250,30,250,-10" hai2="4,8,11,13,15,16,21,27,30,48,52,59,85" /><INIT seed="1,2,0,2,4,14" ten="317,163,280,240" oya="1" hai0="62,69,54,57,129,35,26,52,58,12,107,25,46" hai1="21,81,10,125,103,5,23,97,101,127,79,91,22" hai2="116,94,108,56,49,120,61,4,74,7,118,37,31" hai3="13,123,87,8,106,48,38,128,77,2,24,80,84"/><U112/><E112/><V131/><F120/><W6/><G123/><T95/><D107/><U130/><E130/><V33/><F131/><W122/><G122/><T16/><D69/><U111/><E111/><V65/><F108/><W66/><G128/><T40/><D35/><U134/><E134/><V47/><F74/><W88/><G38/><T42/><D129/><U72/><E91/><V121/><F121/><W133/><G106/><T45/><D95/><U100/><REACH who="1" step="1"/><E97/><REACH who="1" ten="317,153,280,240" step="2"/><V15/><F118/><W18/><G133/><T113/><D113/><U85/><E85/><V29/><F116/><W19/><G2/><AGARI ba="2,1" hai="2,5,10,21,22,23,72,79,81,100,101,103,125,127" machi="2" ten="40,2000,0" yaku="1,1,53,0" doraHai="14" doraHaiUra="30" who="1" fromWho="3" sc="317,0,153,36,280,0,240,-26" /><INIT seed="1,3,0,2,3,119" ten="317,189,280,214" oya="1" hai0="2,24,53,40,3,112,28,110,87,19,56,29,105" hai1="50,120,43,82,89,78,74,81,62,52,15,115,26" hai2="1,131,100,38,37,58,88,90,41,83,124,77,108" hai3="99,67,61,107,9,133,68,39,109,127,55,5,31"/><U125/><E115/><V118/><F118/><W84/><G55/><T54/><D105/><U72/><E125/><V103/><F124/><W69/><G127/><T13/><D40/><U73/><E43/><V6/><F131/><W63/><G84/><T93/><D54/><U97/><E62/><V0/><F108/><W111/><G133/><T42/><D42/><U75/><E120/><V34/><F34/><W135/><G135/><T16/><D3/><U60/><E60/><V65/><F41/><W7/><G7/><T123/><D2/><U4/><E26/><V96/><F103/><N who="3" m="62975" /><G31/><T76/><D123/><U20/><E20/><V30/><F30/><W11/><G11/><T10/><D110/><N who="3" m="41993" /><G39/><T17/><D28/><U116/><E116/><V86/><F38/><W92/><G92/><T47/><D47/><U106/><E4/><V85/><F37/><W64/><G9/><T130/><D29/><U25/><E25/><V66/><F6/><W79/><G5/><T49/><D24/><U128/><E15/><V36/><F36/><W48/><G79/><T18/><D112/><U46/><E128/><V45/><F45/><W27/><G27/><T117/><D130/><U104/><REACH who="1" step="1"/><E81/><REACH who="1" ten="317,179,280,214" step="2"/><V23/><F23/><W70/><G48/><T22/><D117/><U57/><E57/><AGARI ba="3,1" hai="57,61,63,64,67,68,69,70" m="41993,62975" machi="57" ten="30,1000,0" yaku="14,1" doraHai="119" who="3" fromWho="1" sc="317,0,179,-19,280,0,214,29" /><INIT seed="2,0,0,2,2,6" ten="317,160,280,243" oya="2" hai0="51,105,109,50,114,31,41,63,106,11,67,74,89" hai1="124,122,96,73,1,82,78,116,128,36,123,55,59" hai2="38,39,29,28,134,86,100,64,111,71,98,72,133" hai3="8,103,113,77,30,80,117,4,132,104,46,65,101"/><V32/><F111/><W115/><G117/><T99/><D74/><U16/><E1/><V97/><F72/><W0/><G65/><T13/><D114/><N who="3" m="43529" /><G30/><T7/><D109/><U12/><E116/><V83/><F71/><W37/><G132/><N who="2" m="50793" /><F64/><W54/><G54/><T49/><D31/><N who="2" m="11850" /><F32/><W26/><G26/><T47/><D105/><U84/><E128/><V130/><F130/><W75/><G104/><T69/><REACH who="0" step="1"/><D89/><REACH who="0" ten="307,160,280,243" step="2"/><U60/><E124/><V125/><F125/><W112/><N who="3" m="43537" /><W57/><DORA hai="17" /><G57/><T135/><D135/><U19/><E36/><N who="2" m="13867" /><F100/><AGARI ba="0,1" hai="7,11,13,41,47,49,50,51,63,67,69,99,100,106" machi="100" ten="40,5200,0" yaku="1,1,52,1,53,1" doraHai="6,17" doraHaiUra="21,9" who="0" fromWho="2" sc="307,62,160,0,280,-52,243,0" /><INIT seed="3,0,0,1,1,103" ten="369,160,228,243" oya="3" hai0="52,127,53,84,134,100,66,34,135,121,98,120,82" hai1="5,123,56,117,46,65,106,128,1,69,63,109,40" hai2="97,25,30,70,9,133,119,104,39,12,55,132,6" hai3="15,38,31,78,116,101,18,0,49,42,29,7,71"/><W112/><G112/><T81/><D66/><U125/><E106/><V28/><F119/><W16/><G116/><T111/><D34/><U90/><E90/><V62/><F39/><W11/><G71/><T115/><D115/><U57/><E123/><V47/><F47/><W87/><G101/><T23/><D23/><U75/><E5/><V130/><F130/><W129/><G129/><T74/><D74/><U8/><E1/><V110/><F110/><W93/><G38/><T86/><D100/><U41/><E41/><V72/><F72/><W44/><G0/><T108/><D98/><U122/><E75/><V80/><F80/><N who="3" m="47511" /><G93/><T83/><D83/><U36/><E8/><V118/><F118/><W114/><G114/><T3/><D3/><U14/><E14/><V32/><F30/><AGARI ba="0,0" hai="7,11,15,16,18,29,30,31,42,44,49" m="47511" machi="30" ten="30,5800,0" yaku="25,1,8,1,54,1" doraHai="103" who="3" fromWho="2" sc="369,0,160,0,228,-58,243,58" /><INIT seed="3,1,0,0,4,100" ten="369,160,170,301" oya="3" hai0="21,63,20,81,67,96,30,99,125,109,130,101,71" hai1="50,98,2,62,38,108,115,22,113,57,19,15,128" hai2="7,121,11,0,44,87,51,111,24,120,43,45,48" hai3="127,27,83,33,69,114,12,23,94,70,6,39,102"/><W103/><G39/><T66/><D125/><U112/><E108/><V52/><F111/><W34/><G114/><T79/><D109/><U88/><E2/><V3/><F87/><W91/><G127/><T8/><D130/><U40/><E38/><V1/><F24/><W65/><G83/><T126/><D126/><U5/><E5/><V85/><F85/><W78/><G78/><T41/><D67/><U93/><E128/><V92/><F92/><W47/><G47/><T9/><D41/><U110/><E110/><V84/><F84/><W119/><G119/><T58/><D71/><U75/><E75/><V118/><F118/><W132/><G132/><T4/><D99/><U59/><REACH who="1" step="1"/><E62/><REACH who="1" ten="369,150,170,301" step="2"/><V32/><F32/><W76/><G6/><T68/><D63/><U135/><E135/><V37/><F37/><W61/><G34/><T89/><D4/><U95/><E95/><V17/><F17/><W26/><G33/><T49/><D81/><U56/><E56/><V133/><F133/><W106/><G70/><T90/><D58/><U60/><E60/><V97/><F97/><W18/><G106/><T53/><D96/><U72/><E72/><V16/><F16/><W86/><REACH who="3" step="1"/><G76/><REACH who="3" ten="369,150,170,291" step="2"/><T10/><D79/><U104/><E104/><V25/><F121/><W105/><G105/><T73/><D68/><U29/><E29/><V131/><F120/><W80/><G80/><T82/><D82/><U134/><E134/><V28/><F131/><W55/><G55/><T14/><D53/><U123/><E123/><V54/><F54/><W107/><G107/><T13/><D73/><RYUUKYOKU ba="1,2" sc="369,-30,150,10,170,10,291,10" hai1="15,19,22,40,50,57,59,88,93,98,112,113,115" hai2="0,1,3,7,11,25,28,43,44,45,48,51,52" hai3="12,18,23,26,27,61,65,69,86,91,94,102,103" /><INIT seed="3,2,2,0,3,110" ten="339,160,180,301" oya="3" hai0="19,21,20,62,127,7,29,2,107,93,11,102,134" hai1="5,91,39,68,32,85,41,122,74,108,106,83,92" hai2="116,79,87,6,44,78,25,82,23,12,4,109,17" hai3="14,66,112,24,96,34,80,129,126,38,45,90,132"/><W69/><G112/><T52/><D107/><U88/><E32/><V70/><F116/><W18/><G126/><T47/><D127/><U15/><E68/><V59/><F109/><W103/><G129/><T63/><D134/><U131/><E108/><V133/><F133/><W114/><G132/><T55/><D29/><U43/><E122/><V72/><F70/><W35/><G114/><T86/><D21/><U119/><E131/><V9/><F44/><W37/><G69/><T50/><D55/><U48/><E106/><V71/><F71/><W100/><G66/><T84/><D86/><N who="1" m="52343" /><E74/><V117/><F117/><W111/><G111/><T89/><D102/><U105/><E105/><V28/><F72/><W33/><G24/><AGARI ba="2,2" hai="2,7,11,19,20,24,47,50,52,62,63,84,89,93" machi="24" ten="30,2000,0" yaku="7,1,54,1" doraHai="110" who="0" fromWho="3" sc="339,46,160,0,180,0,301,-26" owari="385,48.0,160,-34.0,180,-22.0,275,8.0" /></mjloggm>