<mjloggm ver="2.3"><GO type="97" lobby="0"/><UN n0="%E3%82%A6%E3%83%AB%E3%83%88%E3%83%A9%E7%AB%8B%E7%9B%B4" n1="%E7%8F%BE%E4%BB%A3%E7%94%9F%E7%89%A9" n2="%E4%BF%AE%E6%A5%AD%E4%B8%AD" n3="%41%6D%6F%6B%39%38" dan="15,13,14,14" rate="1984.77,1835.12,1951.45,1909.55" sx="M,M,M,M"/><TAIKYOKU oya="0"/><INIT seed="0,0,0,1,0,38" ten="250,250,250,250" oya="0" hai0="56,112,123,63,78,30,2,110,106,54,70,80,51" hai1="97,73,1,124,75,18,50,105,135,60,90,133,37" hai2="99,16,21,86,4,20,15,101,103,82,84,95,129" hai3="94,61,25,68,23,41,67,17,64,74,65,32,44"/><T134/><D106/><U76/><E37/><V22/><F129/><W19/><G74/><N who="1" m="28170" /><E1/><V53/><F4/><W121/><G121/><T111/><D123/><U89/><E60/><V108/><F108/><N who="0" m="41514" /><D112/><U6/><E6/><V130/><F130/><W119/><G119/><T113/><D113/><U9/><E50/><V26/><F103/><W100/><G32/><T11/><D134/><N who="1" m="51211" /><E76/><V5/><F5/><W92/><G17/><T79/><D2/><U127/><E18/><V125/><F125/><N who="1" m="48201" /><E9/><V31/><F53/><W39/><REACH who="3" step="1"/><G92/><REACH who="3" ten="250,250,250,240" step="2"/><T27/><D11/><U131/><E131/><V126/><F126/><W10/><G10/><T87/><D70/><U3/><E3/><V81/><F81/><W120/><G120/><T96/><D78/><U72/><E72/><V33/><F82/><W34/><G34/><T132/><D132/><U59/><E105/><V58/><F33/><W46/><G46/><T35/><D63/><U93/><E59/><V7/><F58/><W69/><G69/><T128/><D128/><U45/><E45/><V49/><F7/><W8/><G8/><T83/><D83/><U24/><E24/><V109/><F21/><W104/><G104/><T13/><D13/><U85/><E97/><AGARI ba="0,1" hai="19,23,25,39,41,44,61,64,65,67,68,94,97,100" machi="97" ten="40,2600,0" yaku="1,1,52,1,53,0" doraHai="38" doraHaiUra="114" who="3" fromWho="1" sc="250,0,250,-26,250,0,240,36" /><AGARI ba="0,0" hai="27,30,35,51,54,56,79,80,87,96,97" m="41514" machi="97" ten="30,2900,0" yaku="14,1,10,1" doraHai="38" who="0" fromWho="1" sc="250,29,224,-29,250,0,276,0" /><INIT seed="0,1,0,5,3,64" ten="279,195,250,276" oya="0" hai0="86,109,53,123,115,15,43,26,39,132,134,111,75" hai1="113,100,29,16,73,67,85,131,27,96,32,99,133" hai2="102,10,14,21,25,93,40,128,2,79,127,107,117" hai3="122,37,17,104,33,11,4,116,18,106,52,119,44"/><T31/><D75/><U50/><E73/><V30/><F107/><W72/><G33/><T74/><D74/><U105/><E113/><V47/><F117/><W63/><G122/><T129/><D43/><U48/><E131/><V92/><F127/><W126/><G126/><T69/><D39/><U1/><E1/><V84/><F2/><W135/><G135/><N who="0" m="51755" /><D123/><U49/><E133/><V94/><F128/><W103/><G72/><T124/><D124/><U3/><E3/><V23/><F102/><W9/><G37/><T7/><D129/><U60/><E96/><V125/><F125/><W95/><G95/><T54/><D115/><U83/><E16/><N who="2" m="8279" /><F21/><W34/><G34/><N who="0" m="20855" /><D86/><U61/><REACH who="1" step="1"/><E67/><REACH who="1" ten="279,185,250,276" step="2"/><V41/><F47/><W58/><G44/><T78/><D15/><U66/><E66/><V62/><F62/><W5/><G63/><T55/><D7/><U42/><E42/><V130/><F130/><W24/><G4/><T56/><D78/><AGARI ba="1,1" hai="27,29,32,48,49,50,60,61,78,83,85,99,100,105" machi="78" ten="40,1300,0" yaku="1,1,53,0" doraHai="64" doraHaiUra="51" who="1" fromWho="0" sc="279,-16,185,26,250,0,276,0" /><INIT seed="1,0,0,0,4,82" ten="263,211,250,276" oya="1" hai0="119,113,54,4,132,6,42,135,71,79,8,9,80" hai1="23,51,7,55,28,12,112,104,26,27,125,63,97" hai2="126,65,11,10,67,74,16,102,70,93,89,40,21" hai3="17,61,43,64,56,50,124,85,118,38,37,127,109"/><U62/><E112/><V2/><F74/><W90/><G17/><T105/><D105/><U39/><E39/><V1/><F126/><N who="3" m="48171" /><G109/><T110/><D119/><U96/><E125/><V115/><F115/><W15/><G15/><T77/><D71/><U121/><E104/><V111/><F111/><W48/><G118/><T84/><D42/><U44/><E121/><V5/><F102/><W73/><G73/><T103/><D103/><U88/><E26/><V59/><F70/><W81/><G43/><T46/><D110/><U52/><E55/><V41/><F67/><W133/><G133/><N who="0" m="51275" /><D113/><U99/><E88/><V22/><F22/><W91/><G90/><N who="0" m="51463" /><D46/><U86/><E86/><V78/><F78/><N who="0" m="29706" /><D54/><U32/><E32/><V76/><F76/><W53/><G48/><T122/><D122/><U131/><REACH who="1" step="1"/><E131/><REACH who="1" ten="263,201,250,276" step="2"/><V34/><F34/><W95/><G53/><T128/><D128/><U129/><E129/><V87/><F40/><W108/><G37/><T94/><D94/><U134/><E134/><V130/><F41/><W45/><G38/><T72/><D72/><U20/><E20/><V36/><F36/><W117/><G117/><T33/><D33/><U75/><E75/><V3/><F130/><W69/><G108/><T29/><D29/><U24/><E24/><N who="2" m="14375" /><F11/><AGARI ba="0,1" hai="4,6,8,9,11" m="29706,51463,51275" machi="11" ten="30,2000,0" yaku="20,1,52,1" doraHai="82" who="0" fromWho="2" sc="263,30,201,0,250,-20,276,0" /><AGARI ba="0,0" hai="7,11,12,23,27,28,44,51,52,62,63,96,97,99" machi="11" ten="40,12000,1" yaku="1,1,8,1,54,1,53,1" doraHai="82" doraHaiUra="47" who="1" fromWho="2" sc="293,0,201,120,230,-120,276,0" /><INIT seed="1,1,0,2,0,84" ten="293,321,110,276" oya="1" hai0="132,107,90,133,111,60,116,98,22,131,104,32,8" hai1="4,118,47,108,51,39,6,16,119,43,128,24,3" hai2="67,58,113,42,76,70,117,105,21,44,69,2,82" hai3="134,23,1,64,25,53,7,49,9,100,14,48,20"/><U12/><E3/><V77/><F105/><W35/><G134/><N who="0" m="51819" /><D32/><U65/><E65/><V130/><F2/><W74/><G74/><T78/><D116/><U94/><E24/><V37/><F117/><W109/><G109/><T127/><D127/><U57/><E108/><V91/><F130/><W46/><G64/><T79/><D111/><U135/><E135/><V99/><F113/><W18/><G100/><T103/><D60/><U81/><E81/><V97/><F76/><N who="0" m="29226" /><D8/><U27/><E128/><V45/><F45/><W89/><G23/><T95/><D22/><U62/><E27/><V83/><F83/><W33/><G49/><T19/><D19/><U126/><E39/><V50/><F21/><W123/><G123/><T112/><D112/><U56/><E126/><V30/><F30/><W66/><G66/><T38/><D38/><U52/><E57/><V87/><F77/><W92/><G1/><T85/><D131/><U26/><E26/><V102/><F102/><W72/><REACH who="3" step="1"/><G72/><REACH who="3" ten="293,321,110,266" step="2"/><T114/><D114/><U40/><E119/><V31/><F70/><W68/><G68/><T110/><D110/><U115/><E118/><V28/><F37/><W129/><G129/><T41/><D41/><N who="1" m="25071" /><E115/><V36/><F69/><W0/><G0/><T80/><AGARI ba="1,1" hai="80,85,90,95,98,103,104,107" m="29226,51819" machi="80" ten="30,7900,0" yaku="20,1,34,2,52,1" doraHai="84" who="0" fromWho="0" sc="293,92,321,-40,110,-21,266,-21" /><INIT seed="2,0,0,0,0,15" ten="385,281,89,245" oya="2" hai0="98,82,127,129,66,110,97,65,91,1,12,106,23" hai1="121,68,114,10,19,51,21,93,36,30,44,85,123" hai2="112,64,0,115,81,87,52,48,120,88,76,71,54" hai3="124,24,89,74,31,5,100,134,9,70,116,107,35"/><V18/><F0/><W14/><G116/><T84/><D1/><U57/><E68/><V4/><F4/><W131/><G74/><T17/><D106/><U32/><E114/><V41/><F120/><N who="1" m="46153" /><E10/><V11/><F71/><W29/><G134/><T117/><D110/><U33/><E36/><V75/><F64/><N who="0" m="24682" /><D127/><U56/><E30/><V80/><F41/><W132/><G70/><T135/><D135/><U77/><E77/><V46/><REACH who="2" step="1"/><F54/><REACH who="2" ten="385,281,79,245" step="2"/><W38/><G132/><T72/><D117/><U50/><E50/><V111/><F111/><W96/><G5/><T122/><D122/><U2/><E2/><V22/><F22/><W69/><G69/><T67/><D67/><U59/><E32/><V27/><F27/><W16/><G35/><T78/><D129/><U49/><E33/><V25/><F25/><W104/><G24/><T20/><D20/><U83/><E44/><V42/><F42/><W130/><G14/><AGARI ba="0,1" hai="11,14,18,46,48,52,75,76,80,81,87,88,112,115" machi="14" ten="40,18000,2" yaku="1,1,25,2,52,1,54,2,53,0" doraHai="15" doraHaiUra="3" who="2" fromWho="3" sc="385,0,281,0,79,190,245,-180" /><INIT seed="2,1,0,4,2,59" ten="385,281,269,65" oya="2" hai0="21,10,135,132,62,82,23,56,38,128,34,63,37" hai1="75,1,72,103,48,64,73,88,120,58,101,41,134" hai2="93,100,77,95,97,81,109,8,33,116,50,51,28" hai3="83,89,133,5,98,32,57,24,86,87,19,43,108"/><V49/><F116/><W11/><G133/><N who="0" m="51275" /><D34/><U3/><E134/><V9/><F33/><W52/><G108/><T123/><D123/><U27/><E120/><V45/><F28/><W17/><G43/><T61/><D128/><U69/><E69/><V66/><F66/><W70/><G70/><T107/><D107/><U130/><E130/><V7/><F45/><W125/><G125/><T127/><D127/><U104/><E104/><V119/><F119/><W113/><G113/><T16/><D56/><U118/><E118/><V84/><F109/><W46/><G46/><T31/><D82/><U129/><E129/><V85/><REACH who="2" step="1"/><F7/><REACH who="2" ten="385,281,259,65" step="2"/><W42/><G32/><T55/><D31/><U0/><E64/><V14/><F14/><W111/><G5/><T71/><D71/><U67/><E27/><V26/><F26/><W35/><G111/><T15/><D55/><U6/><E6/><V74/><F74/><W90/><G52/><T47/><D47/><U12/><E12/><V99/><F99/><W96/><G35/><T105/><D105/><U112/><E112/><V131/><F131/><W121/><G24/><T18/><D18/><U91/><E67/><V106/><F106/><W22/><G121/><T53/><D53/><N who="1" m="32039" /><E41/><V110/><F110/><W13/><G42/><T102/><D102/><N who="1" m="38923" /><E75/><V30/><F30/><W124/><G124/><T40/><D40/><U60/><E73/><V39/><F39/><AGARI ba="1,1" hai="10,15,16,21,23,37,38,39,61,62,63" m="51275" machi="39" ten="40,8000,1" yaku="20,1,52,3,54,1" doraHai="59" who="0" fromWho="2" sc="385,93,281,0,259,-83,65,0" /><INIT seed="3,0,0,4,4,77" ten="478,281,176,65" oya="3" hai0="4,29,31,43,133,99,90,97,96,129,39,125,85" hai1="87,6,60,3,81,84,55,102,23,46,69,22,134" hai2="36,30,10,50,13,47,122,68,67,101,108,16,0" hai3="76,74,44,7,113,52,35,111,57,15,59,12,34"/><W98/><G113/><T66/><D43/><U114/><E114/><V26/><F36/><W92/><G111/><T110/><D39/><U37/><E102/><V56/><F122/><W104/><G104/><T19/><D125/><U38/><E84/><V109/><F68/><W103/><G44/><T63/><D4/><U112/><E112/><V40/><F0/><W51/><G59/><N who="0" m="37247" /><D133/><U127/><E69/><V117/><F117/><W58/><G57/><T131/><D110/><N who="2" m="42602" /><F101/><W61/><G61/><T86/><D19/><U123/><E123/><V8/><F56/><W62/><G62/><T132/><D132/><U107/><E107/><V119/><F67/><W88/><G103/><T95/><D85/><U130/><E134/><V71/><F71/><W121/><G121/><T75/><D75/><U105/><E105/><V118/><F8/><W54/><G54/><T24/><D24/><U73/><E73/><V32/><AGARI ba="0,0" hai="10,13,16,26,30,32,40,47,50,118,119" m="42602" machi="32" ten="30,2000,0" yaku="14,1,54,1" doraHai="77" who="2" fromWho="2" sc="478,-5,281,-5,176,20,65,-10" owari="473,56.0,276,8.0,196,-20.0,55,-44.0" /></mjloggm>