<mjloggm ver="2.3"><GO type="97" lobby="0"/><UN n0="%64%65%61%69%75%70%2E%63" n1="%52%69%74%63%68%69%65" n2="%E2%98%85%E3%81%8F%E3%81%BE%E3%81%95%E3%81%8B%E3%81%B0" n3="%E3%82%A6%E3%83%AB%E3%83%88%E3%83%A9%E7%AB%8B%E7%9B%B4" dan="15,13,13,15" rate="2047.40,1804.69,1996.31,1996.73" sx="M,M,M,M"/><TAIKYOKU oya="0"/><INIT seed="0,0,0,4,0,97" ten="250,250,250,250" oya="0" hai0="23,122,98,128,30,117,8,17,106,34,74,61,123" hai1="27,48,121,116,99,5,11,119,81,70,1,88,18" hai2="54,111,62,130,127,0,65,80,47,55,57,105,124" hai3="26,38,45,43,22,79,83,129,120,39,115,28,64"/><T63/><D117/><U95/><E70/><V66/><F0/><W85/><G115/><T112/><D112/><U76/><E121/><V89/><F105/><W103/><G120/><T71/><D74/><U15/><E27/><V68/><F80/><W107/><G129/><T86/><D8/><U44/><E119/><V100/><F89/><W69/><G39/><T37/><D37/><U7/><E116/><V41/><F100/><W50/><G38/><T125/><D128/><U19/><E7/><V91/><F91/><W131/><G131/><T49/><D125/><N who="2" m="48202" /><F130/><W78/><G78/><T58/><D86/><N who="1" m="48423" /><E1/><V96/><F96/><W77/><G77/><T53/><D34/><U3/><E3/><V31/><F31/><W93/><G107/><T13/><D30/><U46/><E46/><V67/><F111/><W35/><G35/><T60/><REACH who="0" step="1"/><D71/><REACH who="0" ten="240,250,250,250" step="2"/><U29/><E29/><V134/><F134/><W102/><REACH who="3" step="1"/><G93/><REACH who="3" ten="240,250,250,240" step="2"/><T14/><D14/><U75/><E75/><V36/><F68/><W82/><G82/><T113/><D113/><U114/><E114/><V6/><F6/><W92/><G92/><T10/><D10/><U56/><E5/><V20/><F20/><W24/><G24/><T94/><D94/><U25/><E25/><V135/><F135/><W84/><G84/><T108/><D108/><U72/><E72/><V73/><F73/><W9/><G9/><T101/><AGARI ba="0,2" hai="13,17,23,49,53,58,60,61,63,98,101,106,122,123" machi="101" ten="30,6000,0" yaku="1,1,0,1,52,1,53,0" doraHai="97" doraHaiUra="109" who="0" fromWho="0" sc="240,80,250,-20,250,-20,240,-20" /><INIT seed="0,1,0,1,4,80" ten="320,230,230,220" oya="0" hai0="120,33,15,6,53,85,7,30,54,11,84,37,110" hai1="78,104,73,117,44,93,61,48,74,58,45,89,106" hai2="118,86,133,10,115,67,59,0,124,88,40,51,29" hai3="5,70,62,46,105,31,21,38,107,82,19,98,121"/><T108/><D37/><U39/><E39/><V14/><F115/><W101/><G121/><T8/><D120/><U75/><E117/><V57/><F0/><W112/><G112/><T103/><D103/><U56/><E78/><V34/><F34/><W87/><G5/><T135/><D135/><U113/><E113/><V4/><F133/><W18/><G31/><T1/><D30/><U102/><E102/><V81/><F118/><W65/><G38/><T32/><REACH who="0" step="1"/><D15/><REACH who="0" ten="310,230,230,220" step="2"/><U96/><E106/><V119/><F119/><W36/><G107/><T114/><D114/><U123/><E123/><V60/><F124/><W23/><G36/><T2/><AGARI ba="1,1" hai="1,2,6,7,8,11,32,33,53,54,84,85,108,110" machi="2" ten="25,18000,2" yaku="1,1,0,1,22,2,52,2,53,0" doraHai="80" doraHaiUra="116" who="0" fromWho="0" sc="310,193,230,-61,230,-61,220,-61" /><INIT seed="0,2,0,5,2,81" ten="503,169,169,159" oya="0" hai0="23,118,134,99,59,103,55,78,28,95,24,91,120" hai1="13,11,44,30,68,132,90,51,108,76,1,124,6" hai2="115,133,66,130,2,57,69,83,8,26,49,20,94" hai3="48,54,65,104,9,89,50,17,96,45,79,111,19"/><T73/><D118/><U64/><E124/><V60/><F115/><W56/><G111/><T46/><D120/><U63/><E132/><V131/><F94/><N who="3" m="56399" /><G104/><T14/><D134/><U84/><E76/><V0/><F133/><W67/><G79/><T4/><D46/><U119/><E119/><V72/><F72/><W114/><G114/><T32/><D73/><U12/><E30/><V61/><F83/><W38/><G38/><T15/><D78/><U33/><E33/><V16/><F49/><W92/><G92/><N who="0" m="58855" /><D4/><U3/><E13/><V41/><F41/><W101/><G101/><T85/><D32/><U42/><REACH who="1" step="1"/><E108/><REACH who="1" ten="503,159,169,159" step="2"/><V22/><F22/><W39/><G19/><T109/><D109/><U58/><E58/><V29/><F29/><W82/><G17/><T112/><D112/><U27/><E27/><V10/><F10/><W36/><G9/><T135/><D135/><U25/><E25/><V107/><F8/><W129/><G56/><T37/><D37/><U53/><E53/><V123/><F123/><W70/><G54/><T110/><D110/><U7/><E7/><V121/><F121/><W125/><G39/><T74/><D74/><U117/><E117/><V31/><F31/><W75/><G36/><T102/><D24/><U86/><E86/><V127/><F127/><W87/><G75/><T43/><D28/><U128/><E128/><N who="2" m="49195" /><F0/><W93/><G129/><T106/><D59/><U34/><E34/><V80/><F2/><W52/><G125/><T18/><D55/><U77/><E77/><V88/><F57/><W35/><G35/><T122/><D15/><RYUUKYOKU ba="2,1" sc="503,-10,159,30,169,-10,159,-10" hai1="1,3,6,11,12,42,44,51,63,64,68,84,90" /><INIT seed="1,3,1,3,3,26" ten="493,189,159,149" oya="1" hai0="121,72,14,108,23,88,132,115,20,62,51,31,27" hai1="94,74,93,83,85,32,17,21,73,126,28,47,68" hai2="18,36,113,9,131,116,55,8,25,15,19,84,114" hai3="111,50,106,11,10,48,58,82,117,34,43,66,129"/><U128/><E68/><V97/><F116/><W37/><G106/><T95/><D72/><U57/><E47/><V54/><F36/><W60/><G37/><T120/><D108/><U30/><E32/><V13/><F131/><W99/><G34/><T64/><D115/><N who="2" m="44042" /><F84/><W24/><G117/><T46/><D132/><U105/><E105/><V33/><F97/><W1/><G1/><T45/><D14/><U3/><E3/><V103/><F103/><W71/><G71/><N who="0" m="42391" /><D51/><N who="3" m="19497" /><G111/><T81/><D81/><U87/><E74/><V110/><F110/><W96/><G96/><N who="0" m="57447" /><D23/><U63/><E73/><V123/><F123/><AGARI ba="3,1" hai="20,27,31,45,46,120,121,123" m="57447,42391" machi="123" ten="30,3900,0" yaku="13,1,52,1,54,1" doraHai="26" who="0" fromWho="2" sc="493,58,189,0,159,-48,149,0" /><INIT seed="2,0,0,2,1,62" ten="551,189,111,149" oya="2" hai0="66,41,34,29,83,121,131,113,82,81,74,132,40" hai1="48,125,96,75,63,72,15,4,124,21,116,68,33" hai2="100,20,17,37,59,5,10,22,102,27,43,84,90" hai3="60,98,13,64,117,94,25,71,45,112,54,77,133"/><V56/><F20/><W8/><G117/><T2/><D113/><U26/><E33/><V106/><F43/><W32/><G112/><T73/><D2/><U87/><E116/><V107/><F37/><W119/><G119/><T52/><D121/><U47/><E96/><V89/><F89/><W14/><G133/><T49/><D132/><U38/><E38/><V79/><F79/><W39/><G77/><T105/><D105/><U19/><E87/><V134/><F134/><W36/><G14/><T3/><D3/><U118/><E118/><V78/><F78/><W129/><G129/><T111/><D131/><U135/><E135/><V99/><F102/><W65/><G65/><T86/><D66/><U16/><E63/><V109/><F107/><W28/><G54/><T92/><D34/><U11/><E68/><V88/><F90/><W114/><G45/><T30/><D74/><U55/><REACH who="1" step="1"/><E4/><REACH who="1" ten="551,179,111,149" step="2"/><V69/><F69/><W97/><G97/><T85/><D85/><U24/><E24/><V42/><F109/><W122/><G114/><T108/><D111/><U91/><E91/><V12/><REACH who="2" step="1"/><F42/><REACH who="2" ten="551,179,101,149" step="2"/><W93/><G36/><T9/><D40/><U46/><E46/><V35/><F35/><W120/><G39/><T128/><D41/><U104/><E104/><V44/><F44/><W130/><G130/><T67/><D108/><U18/><E18/><V95/><AGARI ba="0,2" hai="5,10,12,17,22,27,56,59,84,88,95,99,100,106" machi="95" ten="20,7800,0" yaku="1,1,0,1,7,1,54,1,53,0" doraHai="62" doraHaiUra="61" who="2" fromWho="2" sc="551,-26,179,-26,101,98,149,-26" /><INIT seed="2,1,0,2,3,57" ten="525,153,199,123" oya="2" hai0="42,36,8,123,64,84,126,78,65,51,87,103,35" hai1="86,133,40,30,99,58,26,63,20,34,83,108,31" hai2="27,48,47,134,23,56,70,73,53,100,14,129,61" hai3="98,43,68,38,12,122,82,76,113,66,91,22,119"/><V106/><F73/><W46/><G122/><T94/><D35/><U5/><E133/><V16/><F70/><W24/><G119/><T75/><D75/><U120/><E120/><V10/><F134/><W102/><G113/><T21/><D36/><U112/><E112/><V128/><F100/><W1/><G12/><T37/><D37/><U97/><E108/><V29/><REACH who="2" step="1"/><F106/><REACH who="2" ten="525,153,189,123" step="2"/><W28/><G102/><T71/><D103/><U19/><E5/><V110/><F110/><W90/><G1/><T54/><D71/><U0/><E0/><V96/><F96/><W111/><G98/><T18/><D87/><U55/><E34/><V118/><F118/><W109/><G111/><T60/><D84/><U93/><E99/><V92/><F92/><W121/><G109/><T69/><D94/><U117/><E117/><V81/><F81/><W104/><G104/><T59/><D69/><U50/><E93/><V124/><F124/><W80/><G80/><T89/><D126/><U88/><E97/><V95/><F95/><W17/><G121/><T127/><D127/><U45/><AGARI ba="1,1" hai="19,20,26,30,31,40,45,50,55,58,63,83,86,88" machi="45" ten="30,7900,0" yaku="0,1,8,1,52,1,54,1" doraHai="57" who="1" fromWho="1" sc="525,-21,153,92,189,-40,123,-21" /><INIT seed="3,0,0,2,2,9" ten="504,245,149,102" oya="3" hai0="36,4,26,73,110,21,104,27,44,40,29,127,70" hai1="35,133,130,11,7,93,67,55,42,121,78,52,111" hai2="51,122,108,128,135,65,75,134,113,66,22,97,15" hai3="96,1,87,19,71,84,47,126,28,57,31,132,89"/><W119/><G71/><T18/><D110/><U37/><E35/><V10/><F75/><W13/><G1/><T16/><D104/><U50/><E111/><V124/><F108/><W68/><G68/><T59/><D127/><U85/><E121/><V131/><F113/><W63/><G126/><T34/><D70/><U86/><E133/><N who="2" m="50699" /><F124/><W12/><G132/><T109/><D4/><U112/><E67/><N who="2" m="25611" /><F22/><W41/><G119/><T3/><D73/><U56/><E112/><V20/><F20/><W0/><G0/><T2/><D109/><U25/><E25/><V100/><F51/><N who="3" m="27119" /><G19/><T32/><D32/><U23/><E23/><V103/><F122/><W114/><G114/><T116/><D116/><U14/><E130/><N who="2" m="49707" /><F97/><W46/><G46/><T92/><D18/><AGARI ba="0,0" hai="10,15,18,100,103" m="49707,25611,50699" machi="18" ten="30,3900,0" yaku="20,1,19,1,52,1" doraHai="9" who="2" fromWho="0" sc="504,-39,245,0,149,39,102,0" owari="465,56.0,245,5.0,188,-21.0,102,-40.0" /></mjloggm>