<mjloggm ver="2.3"><GO type="97" lobby="0"/><UN n0="%E7%A7%98%E6%9B%B8%E4%BF%82" n1="%65%73%6F%72%61" n2="%6B%64%6D%61%77" n3="%E3%82%A6%E3%83%AB%E3%83%88%E3%83%A9%E7%AB%8B%E7%9B%B4" dan="13,14,15,14" rate="1815.73,1922.84,1923.03,1924.94" sx="M,M,M,M"/><TAIKYOKU oya="0"/><INIT seed="0,0,0,4,2,26" ten="250,250,250,250" oya="0" hai0="31,100,114,70,9,111,60,37,77,30,62,51,91" hai1="32,19,83,27,41,92,34,84,109,87,44,135,39" hai2="110,107,36,66,23,10,125,24,29,33,8,15,16" hai3="119,52,64,43,89,103,116,112,80,5,14,4,118"/><T79/><D114/><U58/><E109/><V123/><F36/><W35/><G112/><T121/><D70/><U20/><E135/><V124/><F107/><W102/><G43/><T130/><D37/><U56/><E92/><V53/><F66/><W97/><G35/><T85/><D121/><U13/><E87/><V47/><F53/><W71/><G64/><T108/><D100/><U74/><E74/><V50/><F47/><W40/><G71/><T25/><D25/><U99/><E99/><V105/><F105/><W38/><G40/><T117/><D117/><U0/><E0/><V46/><F123/><W131/><G38/><T6/><D51/><U98/><E98/><V113/><F113/><W63/><G131/><T120/><D120/><U57/><REACH who="1" step="1"/><E27/><REACH who="1" ten="250,240,250,250" step="2"/><N who="2" m="18623" /><F110/><N who="0" m="42026" /><D130/><U54/><E54/><V28/><F50/><W59/><G118/><T72/><D72/><U101/><E101/><V126/><F46/><W90/><G103/><T129/><D129/><U12/><E12/><V69/><F69/><W55/><G102/><T48/><D79/><AGARI ba="0,1" hai="13,19,20,32,34,39,41,44,56,57,58,79,83,84" machi="79" ten="40,2600,0" yaku="1,1,53,1" doraHai="26" doraHaiUra="81" who="1" fromWho="0" sc="250,-26,240,36,250,0,250,0" /><INIT seed="1,0,0,4,5,128" ten="224,276,250,250" oya="1" hai0="119,4,120,26,92,38,50,65,131,54,77,33,1" hai1="43,99,48,75,60,41,89,91,53,84,66,10,122" hai2="70,32,23,97,72,2,13,81,114,76,105,12,109" hai3="117,55,20,30,63,123,40,133,101,3,100,94,69"/><U71/><E122/><V25/><F109/><W46/><G3/><T18/><D120/><U73/><E73/><V58/><F2/><W21/><G117/><T132/><D38/><U27/><E75/><V64/><F114/><W121/><G55/><T78/><D131/><U83/><E27/><V68/><F58/><W47/><G94/><T85/><D119/><U86/><E99/><V8/><F32/><W19/><G19/><T126/><D33/><U62/><E10/><V52/><F52/><W88/><G88/><N who="0" m="53263" /><D1/><U61/><E71/><V113/><F113/><W124/><G30/><T115/><D4/><U14/><E14/><V51/><F51/><W96/><G96/><T39/><D115/><U95/><REACH who="1" step="1"/><E66/><REACH who="1" ten="224,266,250,250" step="2"/><V36/><F64/><W29/><G69/><T56/><D65/><U80/><E80/><V87/><F68/><W17/><G123/><T37/><D126/><U11/><E11/><V106/><F70/><W22/><G124/><T93/><D93/><U15/><E15/><V111/><F72/><W9/><G9/><T31/><D31/><U102/><E102/><V34/><F13/><W129/><G100/><T127/><D127/><U45/><AGARI ba="0,1" hai="41,43,45,48,53,60,61,62,83,84,86,89,91,95" machi="45" ten="30,6000,0" yaku="1,1,0,1,8,1,53,0" doraHai="128" doraHaiUra="28" who="1" fromWho="1" sc="224,-20,266,70,250,-20,250,-20" /><INIT seed="1,1,0,5,3,5" ten="204,336,230,230" oya="1" hai0="20,88,36,44,39,62,110,99,6,125,50,72,10" hai1="107,103,4,37,34,18,3,120,100,16,14,135,24" hai2="42,127,23,30,89,81,113,82,114,40,45,22,97" hai3="68,98,47,43,58,15,78,48,41,35,90,104,131"/><U116/><E116/><V9/><F127/><W105/><G68/><T117/><D72/><U71/><E120/><V54/><F9/><W74/><G35/><T67/><D117/><U11/><E37/><V96/><F54/><W86/><G131/><T7/><D125/><U112/><E112/><N who="2" m="43115" /><F89/><W31/><G31/><T1/><D110/><U57/><E71/><V101/><F30/><W87/><G74/><T119/><D7/><U28/><E135/><V17/><F17/><W83/><G58/><T70/><D119/><U102/><E57/><V126/><F126/><W53/><G43/><N who="2" m="16425" /><F45/><W56/><G15/><T52/><D20/><N who="2" m="7722" /><F101/><W124/><G124/><T26/><D26/><U63/><E18/><V46/><F46/><W94/><REACH who="3" step="1"/><G86/><REACH who="3" ten="204,336,230,220" step="2"/><T8/><D99/><AGARI ba="1,1" hai="81,82,96,97,99" m="7722,16425,43115" machi="99" ten="30,3900,0" yaku="28,2,11,1" doraHai="5" who="2" fromWho="0" sc="204,-42,336,0,230,52,220,0" /><INIT seed="2,0,0,4,5,130" ten="162,336,282,220" oya="2" hai0="113,78,80,86,119,76,62,16,98,105,111,37,19" hai1="30,63,1,128,100,56,97,79,66,117,39,85,52" hai2="60,20,103,118,27,13,93,42,67,84,81,116,120" hai3="40,18,125,45,49,5,99,122,9,104,89,33,12"/><V88/><F120/><W126/><G33/><T124/><D37/><U10/><E117/><V24/><F42/><W77/><G122/><T21/><D113/><U101/><E39/><V17/><F116/><W92/><G104/><T31/><D119/><U102/><E30/><V3/><F3/><W127/><REACH who="3" step="1"/><G77/><REACH who="3" ten="162,336,282,210" step="2"/><T94/><D124/><U95/><E128/><V47/><F118/><W75/><G75/><T36/><D105/><U134/><E79/><V59/><F47/><W61/><G61/><T55/><D111/><U48/><E63/><V96/><AGARI ba="0,1" hai="13,17,20,24,27,59,60,67,81,84,88,93,96,103" machi="96" ten="30,6000,0" yaku="0,1,8,1,54,1" doraHai="130" who="2" fromWho="2" sc="162,-20,336,-20,282,70,210,-20" /><INIT seed="2,1,0,4,0,91" ten="142,316,352,190" oya="2" hai0="82,66,133,85,128,1,2,88,99,116,94,9,30" hai1="19,37,119,92,109,81,118,77,100,3,110,36,55" hai2="20,4,34,21,105,117,54,7,24,113,86,103,13" hai3="115,10,125,51,132,112,90,96,58,41,127,114,102"/><V131/><F113/><W0/><G132/><T27/><D116/><U56/><E3/><V47/><F117/><W107/><G10/><T48/><D128/><U29/><E29/><V38/><F131/><W69/><G69/><T98/><D133/><U12/><E118/><V124/><F124/><W106/><G0/><T14/><D66/><U111/><E119/><V95/><F105/><N who="3" m="63687" /><G58/><T97/><D48/><U44/><E100/><V76/><F34/><W93/><G51/><T126/><D126/><N who="3" m="48137" /><G41/><T35/><REACH who="0" step="1"/><D82/><REACH who="0" ten="132,316,352,190" step="2"/><U16/><E81/><V79/><F38/><W89/><G89/><T78/><D78/><U60/><E77/><V40/><F79/><W129/><G129/><T43/><D43/><U52/><E37/><V130/><F76/><W6/><G6/><AGARI ba="1,1" hai="1,2,6,9,14,27,30,35,85,88,94,97,98,99" machi="6" ten="40,8000,1" yaku="1,1,52,1,54,1,53,1" doraHai="91" doraHaiUra="26" who="0" fromWho="3" sc="132,93,316,0,352,0,190,-83" /><INIT seed="3,0,0,3,4,88" ten="225,316,352,107" oya="3" hai0="2,127,118,72,44,122,52,108,43,39,131,115,33" hai1="82,59,95,81,101,132,104,6,123,87,17,50,80" hai2="79,8,93,24,103,12,133,13,106,23,78,15,100" hai3="29,74,111,129,58,125,107,37,124,56,31,3,75"/><W55/><G3/><T57/><RYUUKYOKU type="yao9" ba="0,0" sc="225,0,316,0,352,0,107,0" hai0="2,33,39,43,44,52,57,72,108,115,118,122,127,131" /><INIT seed="3,1,0,3,0,65" ten="225,316,352,107" oya="3" hai0="14,84,2,70,17,88,25,127,121,83,49,9,100" hai1="87,89,79,126,61,48,42,38,16,101,80,55,95" hai2="112,56,54,39,7,23,123,31,120,21,91,40,34" hai3="86,134,47,131,5,1,85,82,15,129,72,122,29"/><W93/><G122/><N who="2" m="46633" /><F112/><W45/><G1/><T94/><D121/><U135/><E135/><V24/><F7/><W26/><G72/><T98/><D2/><U99/><E126/><V43/><F91/><W13/><G134/><T116/><D127/><U35/><E35/><V20/><F39/><W57/><G57/><T11/><D116/><U68/><E38/><V97/><F97/><W105/><G105/><T109/><D109/><U69/><E42/><V77/><F77/><W76/><G93/><T124/><D124/><U46/><E61/><AGARI ba="1,0" hai="20,21,23,24,31,34,40,43,54,56,61" m="46633" machi="61" ten="30,1000,0" yaku="13,1" doraHai="65" who="2" fromWho="1" sc="225,0,316,-13,352,13,107,0" owari="225,-17.0,303,10.0,365,46.0,107,-39.0" /></mjloggm>