<mjloggm ver="2.3"><GO type="97" lobby="0"/><UN n0="%73%61%72%61%7A%6F" n1="%67%75%70%70%79%39%38" n2="%E9%BE%8D%E6%8B%B3" n3="%E3%82%A6%E3%83%AB%E3%83%88%E3%83%A9%E7%AB%8B%E7%9B%B4" dan="15,15,15,15" rate="1985.55,2050.55,2042.37,1986.92" sx="M,M,M,M"/><TAIKYOKU oya="0"/><INIT seed="0,0,0,2,3,19" ten="250,250,250,250" oya="0" hai0="26,100,6,38,82,103,135,15,18,93,125,60,50" hai1="23,56,118,13,97,17,107,70,42,108,73,47,89" hai2="59,72,78,22,113,96,33,49,20,128,34,132,52" hai3="14,68,27,69,30,66,64,95,87,116,91,130,8"/><T48/><D38/><U126/><E118/><V86/><F113/><W11/><G116/><T37/><D37/><U92/><E92/><V39/><F72/><W131/><G8/><T83/><D6/><U2/><E126/><V98/><F39/><W74/><G74/><T81/><D125/><U105/><E73/><V61/><F128/><N who="3" m="49195" /><G64/><T40/><D135/><U57/><E108/><V0/><F0/><W110/><G66/><T44/><D26/><U32/><E2/><V84/><F132/><W134/><G134/><T90/><D60/><U106/><E32/><V16/><F33/><N who="3" m="20703" /><G110/><T102/><D50/><U114/><E70/><V115/><F34/><W9/><G9/><T58/><D58/><U62/><E114/><V54/><F115/><W94/><G94/><T24/><D24/><U117/><E117/><V21/><F16/><AGARI ba="0,0" hai="11,14,16,68,69,87,91,95" m="20703,49195" machi="16" ten="30,2000,0" yaku="19,1,54,1" doraHai="19" who="3" fromWho="2" sc="250,0,250,0,250,-20,250,20" /><INIT seed="1,0,0,1,4,3" ten="250,250,230,270" oya="1" hai0="1,42,97,27,64,127,93,96,8,108,50,62,99" hai1="14,20,46,35,16,91,75,4,56,63,37,47,31" hai2="45,59,73,120,132,92,30,70,115,40,82,110,118" hai3="21,121,79,55,7,122,44,49,116,113,72,80,77"/><U78/><E91/><V11/><F70/><W0/><G113/><T109/><D127/><U98/><E98/><V123/><F115/><W57/><G116/><T69/><D27/><U107/><E107/><V134/><F118/><W22/><G79/><T126/><D126/><U129/><E129/><V85/><F30/><W25/><G22/><T95/><D42/><U130/><E130/><V61/><F92/><W19/><REACH who="3" step="1"/><G57/><REACH who="3" ten="250,250,230,260" step="2"/><T60/><D69/><U84/><E35/><V6/><F73/><W89/><G89/><T86/><D109/><U67/><E75/><V26/><F110/><W13/><G13/><T52/><D108/><U87/><E37/><V112/><F112/><W2/><G2/><T43/><D1/><U39/><E39/><V88/><F26/><W29/><G29/><T23/><D23/><U33/><E33/><V114/><F114/><W101/><G101/><T74/><D74/><U117/><E117/><V71/><F71/><W53/><G53/><T76/><D76/><U133/><E78/><V90/><F90/><W58/><G58/><T41/><D64/><U12/><E31/><V119/><F119/><W125/><G125/><T83/><D43/><U51/><E133/><V66/><F132/><W111/><G111/><T9/><D41/><N who="1" m="25039" /><E47/><V38/><F134/><W17/><G17/><T81/><D52/><U100/><E100/><V24/><F24/><W15/><G15/><AGARI ba="0,1" hai="6,11,15,38,40,45,59,61,66,82,85,88,120,123" machi="15" ten="30,3900,0" yaku="7,1,52,1,54,1" doraHai="3" who="2" fromWho="3" sc="250,0,250,0,230,49,260,-39" /><INIT seed="2,0,0,4,1,99" ten="250,250,279,221" oya="2" hai0="77,122,81,130,126,29,82,128,19,109,104,10,13" hai1="30,3,9,4,110,20,93,40,22,118,44,116,95" hai2="83,119,17,46,131,84,11,74,127,57,96,51,92" hai3="47,14,49,91,24,61,31,73,120,48,16,102,101"/><V23/><F119/><W90/><G73/><T124/><D122/><U79/><E110/><V85/><F127/><N who="0" m="48682" /><D109/><U115/><E115/><V12/><F131/><N who="0" m="50218" /><D29/><U89/><E79/><V26/><F57/><W69/><G120/><T58/><D58/><U87/><E95/><V68/><F68/><W33/><G61/><T1/><D1/><U112/><E112/><V97/><F74/><W28/><G69/><T62/><D62/><U65/><E65/><V38/><F96/><W129/><G129/><T18/><D104/><U41/><E41/><N who="2" m="25039" /><F83/><N who="0" m="31754" /><D77/><U78/><E78/><V108/><F38/><W134/><G31/><T52/><D52/><U105/><E105/><V135/><F108/><W2/><G2/><T133/><D19/><U107/><E107/><V43/><F135/><AGARI ba="0,0" hai="10,13,18,133,135" m="31754,50218,48682" machi="135" ten="40,8000,1" yaku="30,2,18,1,19,1" doraHai="99" who="0" fromWho="2" sc="250,80,250,0,279,-80,221,0" /><INIT seed="3,0,0,2,3,86" ten="330,250,199,221" oya="3" hai0="106,81,133,40,71,123,3,69,103,39,16,91,73" hai1="104,84,101,102,117,78,113,57,31,97,93,58,85" hai2="10,44,128,124,67,122,0,90,80,75,36,23,61" hai3="19,45,9,43,12,41,118,130,77,56,1,108,109"/><W95/><G1/><T7/><D123/><U6/><E6/><V21/><F122/><W22/><G118/><T50/><D91/><N who="1" m="53479" /><E31/><V62/><F124/><W49/><G130/><T99/><D50/><U64/><E57/><V82/><F128/><W27/><G43/><T94/><D94/><U92/><E58/><V76/><F61/><W132/><G132/><T14/><D133/><U66/><E64/><V47/><F47/><W134/><G134/><T131/><D131/><U5/><E5/><V59/><F82/><W107/><G107/><T52/><D52/><U54/><E54/><V13/><F13/><W35/><G35/><T68/><D16/><U11/><E11/><V33/><F33/><W121/><G121/><T4/><D14/><U83/><E66/><V28/><F28/><W135/><G135/><T42/><D42/><U26/><E26/><V15/><F0/><W46/><G46/><N who="0" m="23839" /><D7/><U63/><E63/><V2/><F2/><W79/><G56/><T126/><D126/><U70/><E70/><V105/><F105/><W120/><G120/><T110/><D4/><U25/><E25/><V112/><F112/><W34/><G34/><T74/><D3/><U111/><E113/><V72/><F72/><W100/><G27/><T48/><D48/><U116/><E111/><N who="3" m="42570" /><G9/><T24/><D24/><U87/><E102/><V60/><F60/><W127/><G127/><T51/><D110/><U119/><E117/><V8/><F8/><W55/><G41/><T53/><D69/><U115/><E115/><V17/><F90/><AGARI ba="0,0" hai="78,83,85,87,90,92,97,101,104,116,119" m="53479" machi="90" ten="30,7700,0" yaku="34,2,52,2" doraHai="86" who="1" fromWho="2" sc="330,0,250,77,199,-77,221,0" owari="330,43.0,327,13.0,122,-38.0,221,-18.0" /></mjloggm>