<mjloggm ver="2.3"><GO type="41" lobby="0"/><UN n0="%66%72%65%65%7A%65%37" n1="%E3%82%BF%E3%82%B1%E3%82%AA%E3%81%97%E3%82%83%E3%82%93" n2="%E3%82%A6%E3%83%AB%E3%83%88%E3%83%A9%E7%AB%8B%E7%9B%B4" n3="%63%68%6F%6E%6A%69" dan="14,15,16,15" rate="2031.35,2052.22,2046.13,2017.42" sx="M,M,M,M"/><TAIKYOKU oya="0"/><INIT seed="0,0,0,5,4,103" ten="250,250,250,250" oya="0" hai0="82,53,132,80,124,90,38,29,78,127,116,88,1" hai1="94,15,79,17,134,46,87,74,67,135,20,131,69" hai2="59,8,89,11,109,58,13,121,75,33,52,86,23" hai3="84,49,55,18,4,77,7,56,42,83,95,6,62"/><T63/><D116/><U115/><E74/><V0/><F33/><W114/><G114/><T129/><D38/><U47/><E115/><V60/><F75/><W98/><G18/><T66/><D1/><U27/><E69/><V41/><F121/><W31/><G31/><T104/><D104/><U12/><E67/><V61/><F109/><W118/><G118/><T126/><D132/><U130/><E47/><V110/><F110/><W3/><G42/><T28/><D129/><N who="1" m="49163" /><E46/><V81/><F0/><W71/><G71/><N who="0" m="42463" /><D53/><U54/><E54/><V97/><F41/><W57/><G3/><T111/><D111/><U34/><E79/><V128/><F128/><W43/><G43/><T72/><D80/><U119/><E119/><V24/><F97/><W123/><G123/><T133/><D133/><N who="1" m="50699" /><E94/><V91/><F58/><W107/><G57/><T51/><D51/><U40/><E87/><V92/><F61/><W35/><G62/><T105/><D105/><U64/><E64/><V73/><F73/><W70/><G107/><T125/><D125/><U19/><E40/><V21/><F92/><W44/><G70/><T5/><D5/><U32/><E12/><V68/><F68/><W85/><G44/><T26/><D29/><U117/><E117/><V48/><F60/><W99/><G85/><T65/><D65/><U50/><E50/><V14/><F14/><W120/><G120/><T39/><D39/><U10/><AGARI ba="0,0" hai="10,15,17,19,20,27,32,34" m="50699,49163" machi="10" ten="30,7900,0" yaku="19,1,20,1,34,2" doraHai="103" who="1" fromWho="1" sc="250,-39,250,79,250,-20,250,-20" /><INIT seed="1,0,0,2,3,113" ten="211,329,230,230" oya="1" hai0="58,121,46,36,90,44,10,72,132,29,133,109,35" hai1="69,65,76,57,91,59,73,28,63,114,131,111,116" hai2="77,30,22,103,19,119,56,88,89,96,2,97,98" hai3="104,78,120,49,15,67,118,130,135,106,26,17,3"/><U93/><E116/><V37/><F2/><W6/><G120/><T14/><D121/><U50/><E114/><V39/><F30/><W27/><G135/><N who="0" m="51787" /><D72/><U32/><E131/><V21/><F103/><W12/><G130/><T42/><D58/><U74/><E111/><V23/><F19/><W54/><G67/><T25/><D46/><U40/><E32/><V100/><F100/><W34/><G12/><T62/><D62/><U122/><E28/><V13/><F13/><W105/><G78/><T128/><D128/><U85/><E122/><V126/><F77/><W48/><G3/><T4/><D90/><N who="2" m="34922" /><F56/><W11/><G6/><T18/><D109/><U70/><E73/><V5/><F5/><AGARI ba="0,0" hai="4,5,10,14,18,25,29,35,36,42,44" m="51787" machi="5" ten="30,1000,0" yaku="20,1" doraHai="113" who="0" fromWho="2" sc="211,10,329,0,230,-10,230,0" /><INIT seed="2,0,0,2,4,79" ten="221,329,220,230" oya="2" hai0="117,101,37,36,33,124,58,6,55,14,65,85,68" hai1="110,126,31,99,49,82,41,104,87,27,109,132,17" hai2="88,66,129,67,63,1,131,73,122,75,134,102,25" hai3="38,60,90,39,71,119,45,4,47,48,18,130,123"/><V127/><F122/><W34/><G34/><T74/><D74/><U23/><E126/><V92/><F1/><W52/><G4/><T64/><D124/><U94/><E104/><V108/><F127/><W84/><G123/><T46/><D33/><U116/><E116/><V133/><F102/><W69/><G119/><T95/><D117/><U80/><E87/><V96/><F66/><W35/><G35/><T107/><D107/><U59/><E132/><N who="2" m="50795" /><F25/><W13/><G130/><N who="2" m="49673" /><F108/><N who="1" m="41577" /><E31/><V62/><F62/><W135/><G135/><T56/><D101/><N who="1" m="60663" /><E59/><AGARI ba="0,0" hai="59,63,67,73,75,88,92,96" m="49673,50795" machi="59" ten="30,5800,0" yaku="20,1,19,1,54,1" doraHai="79" who="2" fromWho="1" sc="221,0,329,-58,220,58,230,0" /><INIT seed="2,1,0,0,3,33" ten="221,271,278,230" oya="2" hai0="8,79,101,97,27,69,122,100,98,11,20,18,78" hai1="128,55,49,15,23,127,10,48,52,74,19,42,93" hai2="115,45,54,129,95,16,39,37,44,110,2,123,71" hai3="116,135,76,131,112,96,99,31,81,14,85,58,108"/><V120/><F95/><W12/><G116/><T132/><D122/><U26/><E74/><V106/><F106/><W21/><G108/><T17/><D69/><U109/><E127/><V9/><F9/><W83/><G135/><T105/><D132/><U4/><E109/><V13/><F13/><W70/><G70/><T56/><D56/><U92/><E42/><V103/><F103/><W80/><G131/><T41/><D41/><U28/><E128/><V87/><F87/><W25/><G112/><T133/><D133/><U1/><E48/><V84/><F84/><W117/><G117/><T47/><D47/><U34/><REACH who="1" step="1"/><E55/><REACH who="1" ten="221,261,278,230" step="2"/><V3/><F129/><W75/><G75/><T77/><REACH who="0" step="1"/><D17/><REACH who="0" ten="211,261,278,230" step="2"/><U63/><E63/><V89/><F110/><W61/><G61/><T68/><D68/><U6/><E6/><V72/><F71/><W30/><G58/><AGARI ba="1,2" hai="1,4,10,15,19,23,26,28,34,49,52,58,92,93" machi="58" ten="30,16000,3" yaku="1,1,7,1,24,2,52,1,54,1,53,2" doraHai="33" doraHaiUra="88" who="1" fromWho="3" sc="211,0,261,183,278,0,230,-163" /><INIT seed="3,0,0,0,0,49" ten="211,444,278,67" oya="3" hai0="99,65,20,121,103,29,130,128,95,43,124,36,97" hai1="131,25,71,26,89,6,78,133,113,48,45,117,40" hai2="57,7,88,76,21,17,114,83,104,15,94,5,77" hai3="61,92,127,75,96,53,41,13,50,62,112,52,60"/><W42/><G75/><T58/><D121/><U91/><E71/><V59/><F104/><W116/><G116/><T68/><D68/><U28/><E113/><V132/><F114/><W90/><G112/><T35/><D35/><U79/><E117/><V101/><F101/><W12/><G127/><T72/><D72/><U2/><E2/><V135/><F135/><W54/><G50/><T69/><D69/><U93/><E6/><V108/><F108/><W0/><G0/><T82/><D124/><U55/><E133/><V115/><F115/><W18/><REACH who="3" step="1"/><G12/><REACH who="3" ten="211,444,278,57" step="2"/><T64/><D128/><U8/><E131/><V84/><F132/><W100/><G100/><T126/><D103/><U119/><E119/><V125/><F125/><W106/><G106/><T16/><D126/><U102/><E102/><V14/><F14/><W74/><G74/><T70/><D130/><U32/><E40/><V73/><F73/><W1/><G1/><T110/><D43/><U30/><E8/><AGARI ba="0,1" hai="8,13,18,41,42,52,53,54,60,61,62,90,92,96" machi="8" ten="40,18000,2" yaku="1,1,8,1,52,3,54,1,53,0" doraHai="49" doraHaiUra="31" who="3" fromWho="1" sc="211,0,444,-180,278,0,57,190" /><INIT seed="3,1,0,1,3,70" ten="211,264,278,247" oya="3" hai0="59,125,94,116,112,28,3,55,50,39,37,88,17" hai1="48,120,81,49,34,65,89,18,134,42,62,129,2" hai2="64,117,131,121,5,118,110,1,19,47,95,0,105" hai3="97,130,46,61,83,100,31,63,132,104,9,60,26"/><W29/><G132/><T33/><D116/><U54/><E34/><V106/><F5/><W13/><G130/><T75/><D75/><U76/><E2/><V44/><F95/><W7/><G83/><T53/><D3/><U30/><E120/><V103/><F103/><W99/><G99/><T93/><D125/><U57/><E30/><V32/><F64/><W102/><G102/><T124/><D124/><U122/><E122/><V69/><F32/><W72/><G72/><T78/><D78/><U128/><E134/><V79/><F69/><W14/><G14/><T84/><D112/><U66/><E89/><V109/><F79/><W92/><G104/><T111/><D111/><U41/><E18/><V27/><F121/><W73/><G73/><T35/><D35/><U98/><E98/><V123/><F123/><W85/><G85/><T91/><D17/><U15/><E15/><V11/><F19/><W127/><G127/><T20/><D33/><U45/><E81/><V119/><F119/><W22/><G46/><T24/><D53/><U86/><E86/><AGARI ba="1,0" hai="20,24,28,37,39,50,55,59,84,86,88,91,93,94" machi="86" ten="30,8000,1" yaku="7,1,9,1,52,2,54,1" doraHai="70" who="0" fromWho="1" sc="211,83,264,-83,278,0,247,0" /><INIT seed="4,0,0,3,2,69" ten="294,181,278,247" oya="0" hai0="11,58,3,102,133,73,84,57,44,8,101,61,94" hai1="34,86,21,115,127,22,24,118,131,65,85,45,91" hai2="105,25,81,107,46,6,76,63,41,88,13,53,78" hai3="125,62,67,106,135,20,104,51,29,36,132,117,77"/><T5/><D73/><U120/><E118/><V12/><F105/><W114/><G117/><T2/><D133/><N who="3" m="51273" /><G114/><T99/><D44/><U100/><E120/><V14/><F107/><N who="3" m="41003" /><G125/><T27/><D27/><U38/><E100/><V42/><F6/><W59/><G77/><T33/><D33/><U4/><E65/><V79/><F25/><N who="3" m="16551" /><G51/><T97/><D84/><U124/><E131/><V121/><F121/><W71/><G71/><T116/><D116/><U98/><E4/><V18/><F18/><W123/><G123/><T74/><D74/><U32/><E98/><V43/><F81/><W89/><G89/><T110/><D110/><U119/><E119/><V52/><F88/><W56/><G56/><T64/><D57/><U96/><E96/><V109/><F109/><W129/><G36/><T130/><D130/><AGARI ba="0,0" hai="59,62,67,129,130" m="16551,41003,51273" machi="130" ten="40,1300,0" yaku="20,1" doraHai="69" who="3" fromWho="0" sc="294,-13,181,0,278,0,247,13" /><INIT seed="5,0,0,5,4,73" ten="281,181,278,260" oya="1" hai0="74,77,93,49,63,68,62,69,46,86,96,60,113" hai1="88,134,0,42,117,110,131,41,64,87,25,54,57" hai2="130,36,128,4,95,53,94,1,81,83,6,125,28" hai3="19,7,85,12,120,9,5,129,56,11,23,70,92"/><U99/><E0/><V89/><F36/><W59/><G70/><T66/><D113/><U65/><E117/><V82/><F1/><W47/><G120/><T115/><D115/><U32/><E131/><V127/><F28/><W103/><G129/><N who="2" m="49769" /><F53/><W78/><G47/><T112/><D112/><U16/><E134/><V15/><F15/><N who="3" m="5567" /><G78/><T106/><D74/><U104/><E110/><V30/><F30/><W37/><G37/><T45/><D106/><U124/><E124/><N who="2" m="47691" /><F6/><W31/><G31/><T75/><D75/><U55/><E32/><V100/><F4/><W91/><G103/><T48/><D69/><U34/><E34/><V44/><F44/><W21/><G21/><T43/><D96/><U98/><E104/><V26/><F26/><AGARI ba="0,0" hai="5,11,12,19,23,26,56,59,85,91,92" m="5567" machi="26" ten="30,1000,0" yaku="8,1" doraHai="73" who="3" fromWho="2" sc="281,0,181,0,278,-10,260,10" /><INIT seed="6,0,0,4,2,97" ten="281,181,268,270" oya="2" hai0="32,109,19,53,72,84,71,5,42,51,92,52,122" hai1="44,47,14,20,61,133,4,6,115,80,41,81,45" hai2="50,131,38,117,113,76,54,134,18,29,135,33,10" hai3="23,31,64,26,118,111,99,48,77,67,16,100,107"/><V49/><F38/><W114/><G111/><T12/><D122/><U123/><E123/><V78/><F117/><W104/><G118/><T39/><D109/><U73/><E133/><V0/><F29/><W98/><G114/><T119/><D72/><U28/><E115/><V3/><F33/><W40/><G77/><T132/><D119/><U66/><E73/><V9/><F113/><W93/><G31/><T86/><D32/><U46/><N who="1" m="11264" /><DORA hai="56" /><U69/><E41/><V103/><F18/><W87/><G87/><T63/><D42/><U34/><E34/><V8/><F54/><W60/><G40/><T25/><D39/><U68/><E68/><V96/><F96/><W83/><G83/><T57/><D71/><U1/><E1/><V101/><F10/><W59/><G48/><T11/><D51/><U82/><REACH who="1" step="1"/><E14/><REACH who="1" ten="281,171,268,270" step="2"/><V116/><F116/><W91/><G67/><N who="0" m="39407" /><D12/><U89/><E89/><V125/><F125/><W121/><G121/><T88/><D88/><U112/><E112/><V22/><F131/><W35/><G35/><T79/><D132/><U85/><E85/><V120/><F120/><W24/><REACH who="3" step="1"/><G26/><AGARI ba="0,1" hai="4,6,20,26,28,61,66,69,80,81,82" m="11264" machi="26" ten="60,3900,0" yaku="1,1,52,1,53,0" doraHai="97,56" doraHaiUra="90,15" who="1" fromWho="3" sc="281,0,171,49,268,0,270,-39" /><INIT seed="7,0,0,0,5,26" ten="281,220,268,231" oya="3" hai0="92,117,40,86,45,8,91,115,95,63,118,119,84" hai1="68,30,14,74,93,57,101,121,73,43,69,114,62" hai2="72,90,100,113,83,9,78,125,110,102,48,27,59" hai3="108,132,123,109,56,52,4,133,126,87,54,53,0"/><W98/><G123/><T37/><D63/><U103/><E121/><V50/><F110/><N who="3" m="42603" /><G126/><T97/><D8/><U61/><E43/><V82/><F125/><W41/><G41/><T22/><D115/><U107/><E114/><V124/><F124/><W127/><G127/><T88/><REACH who="0" step="1"/><D22/><REACH who="0" ten="271,220,268,231" step="2"/><U16/><E62/><V39/><F9/><N who="3" m="2183" /><G98/><AGARI ba="0,1" hai="37,40,45,84,86,88,91,92,95,97,98,117,118,119" machi="98" ten="40,8000,1" yaku="1,1,9,1,54,1,53,1" doraHai="26" doraHaiUra="42" who="0" fromWho="3" sc="271,90,220,0,268,0,231,-80" owari="361,46.0,220,-18.0,268,7.0,151,-35.0" /></mjloggm>