<mjloggm ver="2.3"><GO type="169" lobby="0"/><UN n0="%E4%B8%AD%E5%B1%B1%E9%87%8E%E8%8D%89" n1="%EF%BC%88%E2%89%A7%E2%96%BD%E2%89%A6%EF%BC%89" n2="%E3%81%BF%E3%81%A3%E3%81%A4%E3%81%83%EF%BD%9E" n3="%E3%81%84%E3%81%AE%E3%81%91%E3%82%93" dan="16,19,16,16" rate="2055.54,2259.10,2016.85,2046.41" sx="F,M,F,F"/><TAIKYOKU oya="0"/><INIT seed="0,0,0,0,4,4" ten="250,250,250,250" oya="0" hai0="124,128,77,64,0,75,129,23,62,93,45,107,85" hai1="96,66,21,18,49,14,104,63,41,51,27,134,48" hai2="10,59,133,39,82,110,20,76,55,127,32,122,99" hai3="109,68,8,61,72,19,131,15,56,40,89,119,31"/><T71/><D0/><U116/><E116/><V43/><F32/><W16/><G119/><T1/><D1/><U108/><E108/><V111/><F122/><W13/><G72/><T126/><D107/><U100/><E134/><V74/><F133/><W6/><G68/><T67/><D67/><U106/><E106/><V69/><F69/><W118/><G118/><T78/><D75/><U29/><E41/><V88/><F39/><W50/><G109/><N who="2" m="41481" /><F43/><W87/><G131/><N who="0" m="50251" /><D45/><U30/><REACH who="1" step="1"/><E27/><REACH who="1" ten="250,240,250,250" step="2"/><V2/><F127/><W84/><G31/><T5/><D124/><U7/><E7/><N who="2" m="1399" /><F20/><N who="3" m="11391" /><G6/><T91/><D5/><U44/><E44/><V33/><F33/><W98/><G40/><T103/><D126/><U47/><E47/><V42/><F42/><W60/><G50/><T80/><D23/><U54/><E54/><V28/><F55/><N who="3" m="33823" /><G61/><T90/><D62/><U46/><E46/><V34/><F34/><W24/><G24/><T102/><D64/><U37/><E37/><V117/><F117/><W112/><G112/><T22/><D22/><U9/><E9/><V135/><F135/><W17/><G17/><T115/><D115/><U36/><E36/><V105/><F28/><W11/><G8/><T86/><D71/><AGARI ba="0,1" hai="14,18,21,29,30,48,49,51,63,66,71,96,100,104" machi="71" ten="40,1300,0" yaku="1,1,53,0" doraHai="4" doraHaiUra="123" who="1" fromWho="0" sc="250,-13,240,23,250,0,250,0" /><INIT seed="1,0,0,5,2,96" ten="237,263,250,250" oya="1" hai0="27,51,109,126,30,13,77,94,2,26,105,29,55" hai1="92,84,110,102,70,133,86,40,62,128,60,32,106" hai2="1,82,0,50,21,89,120,22,69,46,123,113,58" hai3="19,90,114,57,48,93,98,61,80,95,74,91,131"/><U129/><E133/><V42/><F69/><W53/><G114/><T44/><D2/><U8/><E110/><V122/><F113/><W104/><G131/><N who="1" m="50250" /><E32/><V28/><F22/><W11/><G104/><T20/><D105/><U15/><E40/><V97/><F97/><W75/><G80/><T103/><D109/><U31/><E31/><V36/><F89/><W81/><G81/><T63/><D126/><U54/><E70/><V59/><F82/><W130/><G130/><T127/><D127/><U66/><E54/><V7/><F7/><W73/><G48/><T83/><D63/><N who="1" m="24107" /><E66/><V16/><F28/><W112/><G112/><T108/><D108/><U14/><E106/><V116/><F116/><W135/><G135/><T52/><D55/><U134/><E15/><V76/><F76/><W124/><G124/><T49/><D13/><U88/><E134/><V34/><F34/><W47/><G47/><T115/><D49/><U118/><E86/><V78/><F78/><W72/><G72/><T5/><D115/><U41/><E41/><V3/><REACH who="2" step="1"/><F36/><REACH who="2" ten="237,263,240,250" step="2"/><W12/><G74/><T6/><D30/><U67/><E118/><V71/><F71/><W125/><G125/><T25/><D29/><U107/><E88/><V24/><AGARI ba="0,1" hai="0,1,3,16,21,24,42,46,50,58,59,120,122,123" machi="24" ten="40,8000,1" yaku="1,1,0,1,54,1,53,1" doraHai="96" doraHaiUra="39" who="2" fromWho="2" sc="237,-20,263,-40,240,90,250,-20" /><INIT seed="2,0,0,0,0,76" ten="217,223,330,230" oya="2" hai0="103,37,47,124,97,119,48,1,53,79,110,54,117" hai1="49,123,116,34,114,36,40,63,27,50,65,13,70" hai2="104,41,46,129,52,92,14,107,86,61,132,118,85" hai3="87,0,101,122,56,134,12,71,120,128,39,16,20"/><V7/><F118/><W3/><G71/><T111/><D1/><U6/><E116/><N who="0" m="44617" /><D79/><U93/><E114/><V8/><F129/><W133/><G128/><T45/><D97/><U99/><E123/><V102/><F132/><N who="3" m="50795" /><G39/><T21/><D21/><U9/><E36/><V105/><F102/><W112/><G101/><T29/><D29/><U125/><E125/><V100/><F100/><W68/><G68/><T5/><D5/><U42/><E42/><V15/><F92/><W98/><G98/><T83/><D83/><U43/><E43/><V72/><F72/><W22/><G112/><T2/><D103/><U115/><E115/><V23/><F86/><W78/><G22/><T131/><D2/><N who="3" m="553" /><G56/><T32/><D131/><U126/><E99/><V84/><F85/><W62/><G62/><T55/><D124/><U33/><E126/><V44/><F84/><W91/><G78/><T95/><D95/><AGARI ba="0,0" hai="12,16,20,87,91,95,120,122" m="553,50795" machi="95" ten="30,2000,0" yaku="20,1,54,1" doraHai="76" who="3" fromWho="0" sc="217,-20,223,0,330,0,230,20" /><INIT seed="3,0,0,1,2,49" ten="197,223,330,250" oya="3" hai0="93,7,28,90,119,86,19,20,114,23,123,82,95" hai1="97,133,121,74,11,125,1,33,117,54,75,68,29" hai2="107,67,87,46,91,134,43,115,53,31,14,94,72" hai3="4,22,59,105,60,131,47,118,73,16,40,113,38"/><W103/><G113/><T104/><D123/><U26/><E121/><V41/><F107/><W111/><G118/><T3/><D119/><U88/><E117/><V129/><F72/><W126/><G73/><T124/><D114/><U128/><E68/><V35/><F115/><W62/><G131/><T80/><D104/><U56/><E128/><V17/><F129/><W108/><G4/><T6/><D124/><U5/><E133/><V45/><F134/><W64/><G126/><T78/><D28/><U81/><E125/><V39/><F67/><W127/><G127/><T2/><D86/><U66/><E66/><V116/><F116/><W44/><G105/><T122/><D122/><U120/><E120/><V83/><F35/><W99/><G47/><T21/><D21/><U18/><E18/><V9/><F31/><W112/><G112/><T102/><D19/><U0/><E0/><V57/><F94/><W79/><G79/><T61/><D61/><U76/><E75/><V100/><F100/><W65/><G99/><T92/><D92/><U96/><REACH who="1" step="1"/><E88/><REACH who="1" ten="197,213,330,250" step="2"/><V63/><F39/><W106/><G103/><T85/><D90/><U89/><E89/><V69/><F69/><W48/><G106/><T42/><D102/><U50/><AGARI ba="0,1" hai="1,5,11,26,29,33,50,54,56,74,76,81,96,97" machi="50" ten="20,8000,1" yaku="1,1,0,1,7,1,52,1,53,1" doraHai="49" doraHaiUra="52" who="1" fromWho="1" sc="197,-20,213,90,330,-20,250,-40" /><INIT seed="4,0,0,0,4,46" ten="177,303,310,210" oya="0" hai0="60,70,14,85,97,67,125,21,72,58,10,25,55" hai1="44,92,48,62,64,121,95,61,20,4,132,69,31" hai2="135,98,112,122,22,77,110,101,75,26,38,3,13" hai3="81,124,96,80,68,16,126,37,54,94,40,131,32"/><T102/><D125/><N who="3" m="48233" /><G131/><T6/><D72/><U65/><E121/><V18/><F3/><W2/><G32/><T33/><D33/><U78/><E132/><V115/><F38/><W43/><G2/><T5/><D85/><U123/><E123/><V45/><F122/><W88/><G68/><T99/><D5/><U118/><E118/><V100/><F110/><W109/><G109/><T111/><D111/><U103/><E78/><V114/><F135/><W71/><G71/><T63/><REACH who="0" step="1"/><D102/><REACH who="0" ten="167,303,310,210" step="2"/><U76/><E4/><V106/><F101/><W93/><G93/><T11/><D11/><U8/><E8/><V12/><F75/><W90/><G81/><T36/><D36/><U129/><E103/><V47/><F77/><W119/><G119/><T104/><D104/><U86/><E76/><V0/><F0/><W107/><G107/><T52/><D52/><U127/><E127/><V116/><F116/><W108/><G108/><T120/><D120/><U7/><E92/><V91/><F91/><W79/><G90/><T29/><AGARI ba="0,1" hai="6,10,14,21,25,29,55,58,60,63,67,70,97,99" machi="29" ten="20,7800,0" yaku="1,1,0,1,7,1,53,1" doraHai="46" doraHaiUra="49" who="0" fromWho="0" sc="167,88,303,-26,310,-26,210,-26" /><INIT seed="4,1,0,3,1,4" ten="255,277,284,184" oya="0" hai0="124,50,29,19,90,54,24,74,46,112,9,104,89" hai1="135,64,119,81,128,34,42,11,45,96,114,68,88" hai2="26,109,56,71,14,72,66,95,21,133,2,30,41" hai3="117,118,105,129,16,97,102,77,111,48,116,130,98"/><T43/><D74/><U91/><E119/><V92/><F109/><W120/><G111/><T8/><D104/><U27/><E135/><V62/><F133/><W3/><G3/><T125/><D112/><U78/><E114/><V85/><F2/><W18/><G48/><T106/><D106/><U59/><E68/><V83/><F72/><W5/><G5/><T51/><D90/><U93/><E128/><N who="3" m="49258" /><G120/><T1/><D89/><U15/><E91/><N who="2" m="51647" /><F71/><W28/><G28/><T57/><D1/><U52/><E34/><V40/><F14/><W99/><G18/><T49/><D50/><N who="1" m="26935" /><E27/><V134/><F134/><W0/><G0/><T12/><REACH who="0" step="1"/><D9/><REACH who="0" ten="245,277,284,184" step="2"/><U44/><E11/><V75/><F75/><W20/><G77/><T60/><D60/><U6/><E78/><V87/><F87/><W69/><G69/><T108/><D108/><U127/><E96/><V23/><F95/><W79/><G79/><T126/><D126/><U65/><E127/><V84/><F92/><W100/><G105/><T123/><D123/><U86/><E93/><V38/><F84/><W63/><G63/><T76/><D76/><U32/><E86/><V80/><F38/><W61/><G61/><T36/><D36/><U13/><E88/><V55/><F80/><W121/><G121/><T25/><D25/><AGARI ba="1,1" hai="16,20,25,97,98,99,100,102,116,117,118" m="49258" machi="25" ten="40,2600,0" yaku="19,1,54,1" doraHai="4" who="3" fromWho="0" sc="245,-29,277,0,284,0,184,39" /><INIT seed="5,0,0,0,3,4" ten="216,277,284,223" oya="1" hai0="123,79,94,61,65,55,122,130,117,97,46,38,47" hai1="77,132,119,89,56,51,0,25,105,110,2,129,63" hai2="128,75,31,10,34,40,14,42,114,49,95,13,135" hai3="133,76,100,109,28,19,30,92,57,73,41,87,131"/><U84/><E105/><V52/><F75/><W80/><G109/><T70/><D117/><U98/><E119/><V23/><F34/><W62/><G133/><T39/><D79/><U60/><E110/><V121/><F121/><N who="0" m="46090" /><D94/><U101/><E132/><V26/><F135/><W86/><G131/><T108/><D97/><U3/><E77/><V11/><F128/><W115/><G115/><T43/><D108/><U85/><E129/><V45/><F114/><W33/><G33/><T36/><D130/><U50/><E25/><V48/><F42/><W82/><G41/><N who="0" m="22823" /><D55/><U29/><E101/><V27/><F26/><W125/><G125/><T127/><D127/><U81/><E98/><V24/><F27/><W35/><G35/><T96/><D96/><U74/><E74/><V102/><F95/><W12/><G100/><T69/><D38/><U103/><E103/><V106/><F106/><W6/><G92/><T5/><D5/><U93/><E29/><V44/><F102/><W20/><G6/><T32/><D32/><U116/><E116/><V120/><F120/><W7/><G7/><T83/><D83/><U71/><E81/><V118/><F118/><W22/><G73/><T37/><D37/><U64/><REACH who="1" step="1"/><E85/><REACH who="1" ten="216,267,284,223" step="2"/><V1/><F1/><W126/><G126/><T134/><D134/><U54/><AGARI ba="0,1" hai="0,2,3,50,51,54,56,60,63,64,71,84,89,93" machi="54" ten="30,6000,0" yaku="1,1,2,1,0,1,53,0" doraHai="4" doraHaiUra="16" who="1" fromWho="1" sc="216,-20,267,70,284,-20,223,-20" /><INIT seed="5,1,0,2,1,8" ten="196,337,264,203" oya="1" hai0="124,68,80,29,130,85,78,30,43,77,66,87,81" hai1="64,102,47,73,20,89,7,75,123,34,96,82,2" hai2="28,46,37,92,36,128,83,22,59,51,70,35,79" hai3="129,104,94,40,53,12,106,32,13,122,60,91,72"/><U95/><E34/><V119/><F119/><W65/><G122/><T126/><D43/><U105/><E123/><V10/><F128/><W42/><G72/><T45/><D45/><U54/><E64/><V134/><F134/><W33/><G129/><T19/><D130/><U118/><E118/><V110/><F110/><W17/><G33/><T117/><D117/><U16/><E7/><V88/><F70/><W132/><G32/><T38/><D38/><U100/><E2/><V11/><F35/><W116/><G116/><T131/><D131/><U69/><E69/><V15/><F59/><W99/><G132/><T21/><D66/><U98/><E82/><V50/><F37/><W107/><G53/><T114/><D68/><U52/><E102/><V74/><F36/><W127/><G127/><T55/><D55/><U101/><E101/><V135/><F135/><W24/><G24/><T4/><D4/><U109/><E54/><V76/><F76/><W62/><G62/><T27/><REACH who="0" step="1"/><D114/><REACH who="0" ten="186,337,264,203" step="2"/><U86/><E47/><V6/><F46/><W133/><G133/><T71/><D71/><U31/><E52/><V56/><F56/><N who="3" m="36999" /><G42/><T93/><D93/><U41/><E95/><V113/><F92/><W90/><G40/><T57/><D57/><U44/><E41/><V115/><F83/><W108/><G108/><T125/><AGARI ba="1,1" hai="19,21,27,29,30,77,78,80,81,85,87,124,125,126" machi="125" ten="30,7900,0" yaku="1,1,0,1,9,1,18,1,53,0" doraHai="8" doraHaiUra="112" who="0" fromWho="0" sc="186,92,337,-40,264,-21,203,-21" /><INIT seed="6,0,0,3,2,89" ten="278,297,243,182" oya="2" hai0="9,8,79,25,107,22,103,0,2,53,51,93,69" hai1="126,68,92,120,63,131,6,83,4,82,95,114,113" hai2="43,56,13,130,78,87,76,75,3,67,97,132,60" hai3="30,5,81,32,34,74,65,10,42,17,19,100,15"/><V45/><F3/><W62/><G42/><T21/><D107/><U44/><E131/><V85/><F75/><W122/><G122/><T52/><D69/><U36/><E120/><V96/><F130/><W135/><G135/><T125/><D125/><U41/><E126/><V61/><F132/><W35/><G30/><T14/><D79/><N who="2" m="30250" /><F61/><W108/><G108/><T64/><D64/><N who="1" m="40991" /><E82/><V129/><F129/><W128/><G128/><T49/><D25/><U24/><E24/><V1/><F1/><W80/><G74/><T109/><D103/><U28/><E83/><V88/><F87/><W58/><G100/><T77/><D77/><U70/><E28/><V102/><F102/><W101/><G101/><T127/><D127/><U115/><E70/><V104/><F104/><W123/><G123/><T121/><D121/><U33/><E33/><V31/><F31/><W18/><AGARI ba="0,0" hai="5,10,15,17,18,19,32,34,35,58,62,65,80,81" machi="18" ten="40,1500,0" yaku="0,1" doraHai="89" who="3" fromWho="3" sc="278,-4,297,-4,243,-7,182,15" /><INIT seed="7,0,0,5,4,14" ten="274,293,236,197" oya="3" hai0="115,74,88,68,108,10,36,103,78,126,69,111,131" hai1="31,17,66,5,48,59,43,75,113,22,109,79,49" hai2="104,122,41,63,112,3,106,135,8,105,95,13,132" hai3="7,34,67,130,53,24,102,52,29,26,118,120,28"/><W1/><G118/><T121/><D10/><U87/><E109/><V114/><F3/><W40/><G120/><T30/><D30/><U6/><E75/><V81/><F122/><W16/><G130/><T54/><D54/><N who="1" m="32207" /><E31/><V46/><F81/><W84/><G67/><T123/><D103/><U65/><E113/><N who="2" m="43627" /><F63/><W129/><G129/><T62/><D88/><U116/><E116/><V42/><F95/><W12/><G102/><T47/><D62/><U25/><E66/><V2/><F2/><W72/><G72/><T125/><D78/><U93/><E65/><V4/><F42/><W92/><G40/><N who="0" m="22919" /><D74/><U133/><E133/><N who="2" m="51275" /><F105/><W23/><G1/><T71/><D131/><U61/><E61/><V127/><F127/><N who="0" m="48650" /><D115/><U97/><E79/><V101/><F101/><W56/><G7/><T73/><D73/><U50/><E5/><V85/><F85/><W11/><REACH who="3" step="1"/><G56/><REACH who="3" ten="274,293,236,187" step="2"/><T57/><D57/><U38/><E6/><V39/><AGARI ba="0,1" hai="4,8,13,39,41,46,104,106" m="51275,43627" machi="39" ten="30,2000,0" yaku="15,1,20,1" doraHai="14" who="2" fromWho="2" sc="274,-5,293,-5,236,30,187,-10" /><INIT seed="8,0,0,4,0,31" ten="269,288,266,177" oya="0" hai0="82,95,106,33,19,53,56,130,21,40,88,89,75" hai1="26,122,20,94,84,15,35,13,132,93,109,11,46" hai2="120,67,85,24,127,128,39,80,113,124,41,59,79" hai3="34,100,0,3,57,27,131,9,133,103,83,60,17"/><T47/><D106/><U65/><E109/><V99/><F120/><W22/><G133/><T29/><D130/><U12/><E122/><V87/><F113/><W48/><G131/><T62/><D33/><U70/><E132/><V5/><F128/><W25/><G48/><T18/><D75/><U61/><E11/><V119/><F39/><W123/><G123/><T42/><D82/><U52/><E35/><V118/><F41/><N who="0" m="15978" /><D47/><U58/><E84/><N who="2" m="48159" /><F5/><W81/><G0/><T111/><D111/><U98/><E98/><V32/><F99/><W69/><G69/><T74/><D74/><U37/><E37/><V97/><F97/><W92/><G92/><N who="1" m="35434" /><E70/><V55/><F67/><W54/><G3/><T86/><D89/><U134/><E134/><V23/><F32/><W91/><G9/><T117/><D117/><N who="2" m="44554" /><F87/><W125/><G83/><T107/><D107/><U77/><E77/><V96/><F85/><W112/><G112/><T8/><D8/><U115/><E115/><V14/><F96/><W16/><G81/><T108/><D108/><U45/><E65/><V105/><F105/><W44/><G34/><T4/><D4/><U6/><E6/><V90/><F90/><W64/><G91/><T66/><D66/><U49/><E49/><N who="2" m="31215" /><F14/><W1/><G1/><T38/><D38/><U72/><E72/><V43/><F43/><W114/><G114/><T50/><D50/><U28/><AGARI ba="0,0" hai="12,13,15,20,26,28,45,46,52,58,61" m="35434" machi="28" ten="30,2000,0" yaku="8,1,54,1" doraHai="31" who="1" fromWho="1" sc="269,-10,288,20,266,-5,177,-5" owari="259,-14.0,308,41.0,261,6.0,172,-33.0" /></mjloggm>