<mjloggm ver="2.3"><GO type="97" lobby="0"/><UN n0="%52%41%44%49%41%4E%43%45" n1="%E3%82%A6%E3%83%AB%E3%83%88%E3%83%A9%E7%AB%8B%E7%9B%B4" n2="%EF%BC%A1%EF%BC%86%EF%BC%A7" n3="%E5%8D%97%E6%98%9F%E6%98%8E%E6%97%A5%E6%AD%A9" dan="15,14,14,15" rate="2045.22,1920.88,1912.03,1964.23" sx="M,M,M,M"/><TAIKYOKU oya="0"/><INIT seed="0,0,0,5,0,57" ten="250,250,250,250" oya="0" hai0="56,2,84,103,98,109,42,22,19,20,79,11,116" hai1="125,73,76,31,8,62,111,102,100,96,63,6,112" hai2="135,123,68,25,78,4,64,14,133,34,82,27,30" hai3="95,39,127,92,134,83,88,36,72,9,128,21,44"/><T122/><D122/><U77/><E111/><V47/><F123/><W124/><G128/><T90/><D116/><U67/><E125/><N who="3" m="48202" /><G134/><N who="2" m="51209" /><F27/><W99/><G9/><T1/><D79/><U101/><E112/><V26/><F26/><W113/><G113/><T70/><D70/><U12/><E31/><V43/><F14/><W17/><G44/><T121/><D121/><U15/><E73/><V23/><F4/><W24/><G95/><T32/><D32/><U107/><E15/><V29/><F29/><W117/><G117/><T40/><D109/><U110/><E110/><V118/><F118/><W61/><G61/><N who="1" m="23050" /><E107/><V49/><F64/><W48/><G48/><T94/><D1/><U7/><E67/><V108/><F68/><W60/><G60/><T52/><D2/><U5/><E96/><V45/><F45/><W131/><G131/><T3/><D3/><U59/><E59/><V55/><F108/><W33/><G33/><T106/><D11/><U58/><E58/><V80/><F34/><W41/><G39/><T75/><D75/><U53/><E53/><V119/><F119/><W28/><G36/><T86/><D86/><U66/><E66/><V91/><F55/><W10/><G41/><T97/><D97/><U54/><E54/><V104/><F104/><W69/><G69/><T126/><D126/><U130/><E130/><V120/><F120/><W74/><G28/><T65/><D65/><U81/><E81/><N who="2" m="31339" /><F78/><AGARI ba="0,0" hai="5,6,7,8,12,76,77,78,100,101,102" m="23050" machi="78" ten="30,7700,0" yaku="8,1,52,3" doraHai="57" who="1" fromWho="2" sc="250,0,250,77,250,-77,250,0" /><INIT seed="1,0,0,3,3,1" ten="250,327,173,250" oya="1" hai0="8,84,125,112,50,15,126,42,115,61,56,16,2" hai1="80,78,87,46,38,12,53,122,19,20,110,105,9" hai2="89,60,65,96,54,98,124,102,94,36,69,40,51" hai3="116,85,44,133,45,123,73,24,100,129,48,86,83"/><U72/><E105/><V108/><F108/><W4/><G123/><T49/><D84/><U0/><E110/><V71/><F124/><N who="0" m="47722" /><D42/><U90/><E122/><V107/><F36/><W68/><G129/><T79/><D79/><U76/><E72/><V106/><F40/><W127/><G127/><T118/><D118/><U77/><E38/><V29/><F29/><W111/><G111/><T67/><D2/><U33/><E33/><V132/><F132/><W25/><G133/><T92/><D92/><U121/><E121/><V81/><F81/><W43/><G116/><T74/><D74/><U66/><E66/><V17/><F17/><W32/><G68/><T30/><D30/><U95/><E95/><V104/><REACH who="2" step="1"/><F71/><REACH who="2" ten="250,327,163,250" step="2"/><W117/><G43/><T23/><D115/><U91/><E80/><V99/><F99/><W34/><G83/><T10/><D112/><U35/><E77/><V57/><AGARI ba="0,1" hai="51,54,57,60,65,69,89,94,96,98,102,104,106,107" machi="57" ten="20,2700,0" yaku="1,1,0,1,7,1,53,0" doraHai="1" doraHaiUra="70" who="2" fromWho="2" sc="250,-7,327,-13,163,37,250,-7" /><INIT seed="2,0,0,0,0,111" ten="243,314,200,243" oya="2" hai0="84,25,9,57,47,43,128,78,49,16,110,86,91" hai1="37,18,27,83,33,35,80,103,124,45,39,127,24" hai2="119,93,3,63,71,76,113,56,42,132,10,15,77" hai3="60,51,2,7,5,95,105,13,32,40,11,67,0"/><V129/><F119/><W117/><G105/><T50/><D110/><U135/><E103/><V130/><F132/><W94/><G117/><T89/><D128/><N who="2" m="49258" /><F71/><W21/><G32/><T134/><D134/><U88/><E135/><V118/><F118/><W99/><G21/><T82/><D84/><U46/><E18/><N who="2" m="8567" /><F3/><W61/><G95/><T100/><D100/><U122/><E88/><V87/><F42/><W23/><G23/><T34/><D34/><U126/><E126/><V17/><F17/><N who="3" m="8383" /><G2/><T48/><D48/><U22/><E22/><V133/><F133/><W58/><G61/><T125/><D125/><U31/><E31/><V12/><F12/><W85/><G0/><T81/><D81/><U112/><E122/><V102/><F113/><AGARI ba="0,0" hai="24,27,33,35,37,39,45,46,80,83,112,113,124,127" machi="113" ten="25,6400,0" yaku="22,2,52,2" doraHai="111" who="1" fromWho="2" sc="243,0,314,64,200,-64,243,0" /><INIT seed="3,0,0,3,1,134" ten="243,378,136,243" oya="3" hai0="21,29,43,74,19,31,121,94,67,106,127,11,2" hai1="12,1,58,46,7,39,65,10,48,13,41,113,35" hai2="102,131,125,80,69,49,68,115,53,88,14,83,75" hai3="86,32,87,116,72,98,78,93,45,40,77,104,120"/><W105/><G32/><T57/><D106/><N who="3" m="41065" /><G45/><T95/><D74/><U3/><E113/><V135/><F115/><W44/><G44/><T99/><D43/><U42/><E35/><V133/><F135/><W36/><G40/><T79/><D79/><N who="3" m="30217" /><G36/><T112/><D112/><U28/><E28/><V51/><F133/><W92/><G120/><T9/><D121/><U100/><E100/><V38/><F14/><W103/><G116/><T76/><D76/><U128/><E42/><V24/><F24/><W20/><G20/><T22/><D2/><U119/><E119/><V26/><F26/><W71/><G71/><T96/><D57/><U117/><E117/><V55/><F131/><W111/><G72/><T81/><D67/><U16/><E128/><V84/><F102/><N who="3" m="60743" /><G111/><T129/><D129/><U5/><E5/><V8/><F75/><W60/><G60/><T64/><D64/><U56/><E56/><V23/><F23/><W37/><G37/><T66/><D66/><U6/><E6/><V47/><F47/><W91/><G103/><T97/><D19/><U109/><E109/><V108/><F108/><W30/><G30/><T17/><D17/><U61/><E39/><V54/><F54/><W107/><G107/><T82/><D29/><U70/><E70/><V33/><F8/><AGARI ba="0,0" hai="1,3,7,8,10,12,13,16,41,46,48,58,61,65" machi="8" ten="30,2000,0" yaku="7,1,54,1" doraHai="134" who="1" fromWho="2" sc="243,0,378,20,136,-20,243,0" owari="243,4.0,398,50.0,116,-38.0,243,-16.0" /></mjloggm>