<mjloggm ver="2.3"><GO type="97" lobby="0"/><UN n0="%E3%82%A6%E3%83%AB%E3%83%88%E3%83%A9%E7%AB%8B%E7%9B%B4" n1="%E2%98%85%E3%83%AB%E3%83%AB%E3%83%86%E3%82%A3%E3%82%A2" n2="%E3%82%BD%E3%83%A9%E3%83%8A%E3%83%83%E3%82%AF%E3%82%B9" n3="%E7%9D%A1%E7%9C%A0%E5%AD%A6%E7%BF%92" dan="15,15,15,14" rate="1989.64,1987.25,2022.04,1958.39" sx="M,M,M,M"/><TAIKYOKU oya="0"/><INIT seed="0,0,0,2,1,60" ten="250,250,250,250" oya="0" hai0="3,19,65,47,41,84,53,94,81,14,52,109,103" hai1="57,39,132,122,87,44,85,67,61,119,90,73,50" hai2="116,20,36,121,18,7,93,125,133,12,134,135,100" hai3="58,72,21,98,80,33,9,77,104,23,38,56,118"/><T131/><D3/><U106/><E119/><V128/><F36/><W108/><G118/><T76/><D131/><U114/><E122/><V16/><F116/><W22/><G33/><T6/><D6/><U117/><E117/><V86/><F121/><W105/><G108/><T24/><D24/><U127/><E73/><V2/><F128/><W46/><G98/><T71/><D109/><U11/><E106/><V15/><F125/><W64/><G9/><T101/><D101/><U130/><E127/><V28/><F100/><W92/><G92/><T115/><D115/><U43/><E132/><V112/><F93/><W40/><G56/><T111/><D111/><U51/><E114/><V13/><F86/><W49/><REACH who="3" step="1"/><G38/><REACH who="3" ten="250,250,250,240" step="2"/><T45/><D94/><U48/><E130/><V83/><F112/><W10/><G10/><T79/><D103/><U5/><REACH who="1" step="1"/><E90/><REACH who="1" ten="250,240,250,240" step="2"/><V42/><F135/><W96/><G96/><T66/><D79/><U54/><E54/><N who="0" m="21097" /><D41/><U62/><E62/><AGARI ba="0,2" hai="21,22,23,40,46,49,58,62,64,72,77,80,104,105" machi="62" ten="40,2600,0" yaku="1,1,52,1,53,0" doraHai="60" doraHaiUra="82" who="3" fromWho="1" sc="250,0,240,-26,250,0,240,46" /><INIT seed="1,0,0,2,2,46" ten="250,214,250,286" oya="1" hai0="69,12,29,127,75,67,58,72,22,25,62,84,36" hai1="129,74,109,91,100,65,132,7,27,45,39,70,56" hai2="13,28,9,10,34,103,17,85,20,113,18,79,24" hai3="115,2,94,95,44,68,119,125,38,117,82,97,116"/><U90/><E74/><V31/><F103/><W53/><G115/><T4/><D36/><U124/><E124/><V122/><F79/><W92/><G125/><T49/><D127/><U71/><E129/><V114/><F85/><W61/><G2/><T87/><D75/><U54/><E132/><V48/><F48/><N who="3" m="28807" /><G38/><T26/><D72/><U23/><E109/><V78/><F78/><W73/><G82/><T89/><D26/><U128/><E128/><V11/><F122/><W106/><G73/><T81/><D87/><U0/><E100/><V110/><F110/><W19/><G106/><T76/><D89/><U131/><E131/><V52/><F52/><W118/><G118/><T42/><D69/><U51/><E71/><V66/><F66/><N who="3" m="41039" /><G19/><N who="2" m="7177" /><F31/><W93/><G93/><T99/><D99/><AGARI ba="0,0" hai="92,94,95,97,99,116,117,119" m="41039,28807" machi="99" ten="40,2600,0" yaku="12,1,52,1" doraHai="46" who="3" fromWho="0" sc="250,-26,214,0,250,0,286,26" /><INIT seed="2,0,0,4,3,48" ten="224,214,250,312" oya="2" hai0="51,50,82,121,131,15,6,116,95,67,109,7,23" hai1="30,24,52,65,117,120,61,74,25,129,54,59,86" hai2="75,1,56,53,96,49,105,77,44,108,66,85,83" hai3="55,18,130,28,111,106,110,26,69,68,79,80,89"/><V40/><F1/><W91/><G106/><T76/><D121/><U43/><E74/><V112/><F112/><W20/><G130/><T42/><D116/><U118/><E129/><V36/><F108/><N who="3" m="41515" /><G28/><T5/><D131/><U9/><E120/><V71/><F105/><W123/><G123/><T41/><D109/><U38/><E118/><V133/><F133/><W46/><G55/><N who="1" m="21034" /><E38/><V31/><F31/><W10/><G46/><T125/><D67/><U92/><E43/><V122/><F122/><W39/><G39/><T11/><D50/><U124/><E124/><V33/><F33/><W104/><G104/><T2/><D51/><U102/><E117/><V94/><F85/><N who="3" m="48287" /><G10/><T57/><D42/><U21/><E9/><V93/><F96/><W87/><G91/><T134/><D41/><U88/><E102/><V98/><F98/><W100/><G100/><T101/><D101/><U32/><E32/><V35/><F35/><W63/><G63/><AGARI ba="0,0" hai="36,40,44,49,53,56,63,66,71,75,77,83,93,94" machi="63" ten="40,7700,0" yaku="24,2,52,1" doraHai="48" who="2" fromWho="3" sc="224,0,214,0,250,77,312,-77" /><INIT seed="2,1,0,1,0,46" ten="224,214,327,235" oya="2" hai0="53,113,88,54,130,1,107,8,68,118,82,122,3" hai1="76,123,5,69,33,135,96,42,35,119,64,60,26" hai2="73,124,6,43,49,39,18,30,133,81,94,129,114" hai3="38,78,29,95,47,61,80,117,93,87,36,112,59"/><V67/><F39/><W75/><G117/><T74/><D8/><U90/><E119/><V0/><F0/><W66/><G112/><T104/><D82/><U16/><E123/><V45/><F114/><W62/><G29/><T127/><D88/><U85/><E135/><V79/><F133/><W19/><G75/><T121/><D54/><U111/><E111/><V102/><F67/><W7/><G7/><T31/><D53/><U48/><E5/><V9/><F129/><W25/><G62/><T32/><D31/><U28/><E96/><V92/><F124/><W100/><G47/><T13/><D13/><U89/><E35/><V51/><F30/><W11/><G11/><T57/><D57/><U105/><E105/><V55/><F102/><W63/><G63/><T134/><D107/><U14/><E76/><V37/><F37/><W132/><G132/><T108/><D3/><U10/><REACH who="1" step="1"/><E85/><REACH who="1" ten="224,204,327,235" step="2"/><N who="2" m="48319" /><F6/><W41/><G87/><T22/><D22/><U12/><E12/><N who="2" m="7439" /><F73/><W56/><G78/><T15/><D15/><U115/><E115/><V23/><F23/><W110/><G25/><T70/><D121/><U83/><E83/><V65/><F65/><W77/><G66/><T17/><D17/><U84/><E84/><V20/><F20/><W58/><G19/><T126/><D126/><U4/><E4/><V131/><F131/><W120/><G120/><T116/><D116/><U109/><E109/><V125/><F125/><W98/><G110/><T2/><D2/><U24/><E24/><V21/><F21/><W27/><G27/><T71/><D71/><U52/><E52/><RYUUKYOKU ba="1,1" sc="224,10,204,10,327,10,235,-30" hai0="1,32,68,70,74,104,108,113,118,122,127,130,134" hai1="10,14,16,26,28,33,42,48,60,64,69,89,90" hai2="43,45,49,51,55,92,94" /><INIT seed="2,2,1,5,3,65" ten="234,214,337,205" oya="2" hai0="63,25,44,26,58,48,28,90,42,18,132,78,1" hai1="27,103,64,61,100,7,99,38,122,19,121,127,13" hai2="69,16,37,108,111,21,0,12,66,71,31,88,91" hai3="22,118,47,117,24,70,131,120,59,94,49,80,14"/><V72/><F0/><W119/><G120/><N who="1" m="46186" /><E127/><V112/><F112/><W46/><G131/><T98/><D1/><U96/><E38/><V82/><F37/><W107/><G107/><T104/><D132/><U105/><E27/><V109/><F31/><W85/><G70/><N who="2" m="26633" /><F66/><W23/><G94/><N who="0" m="56663" /><D104/><U102/><E7/><V11/><F11/><W67/><G67/><N who="0" m="39415" /><D28/><U43/><E43/><V56/><F56/><W3/><G3/><T113/><D113/><U10/><E105/><V36/><F36/><W29/><G117/><T6/><D6/><U54/><E54/><V9/><F9/><W39/><G39/><T114/><D114/><U15/><E15/><V17/><F17/><N who="3" m="10551" /><G118/><T89/><D78/><AGARI ba="2,1" hai="12,16,21,72,78,82,88,91,108,109,111" m="26633" machi="78" ten="40,18000,2" yaku="14,1,10,1,52,3,54,2" doraHai="65" who="2" fromWho="0" sc="234,-186,214,0,337,196,205,0" /><INIT seed="2,3,0,5,0,21" ten="48,214,533,205" oya="2" hai0="28,58,8,12,79,13,120,118,72,27,108,16,9" hai1="76,105,122,109,62,52,124,112,127,39,30,1,135" hai2="85,114,42,29,86,126,104,31,19,54,83,59,7" hai3="81,133,40,121,73,53,2,66,37,78,94,93,49"/><V33/><F114/><W123/><G2/><T103/><D79/><U34/><RYUUKYOKU type="yao9" ba="3,0" sc="48,0,214,0,533,0,205,0" hai1="1,30,34,39,52,62,76,105,109,112,122,124,127,135" /><INIT seed="2,4,0,2,1,134" ten="48,214,533,205" oya="2" hai0="38,116,5,104,89,101,43,16,113,42,91,44,81" hai1="8,64,62,124,85,18,133,117,125,127,98,47,4" hai2="96,37,77,1,115,107,83,25,6,57,86,120,12" hai3="60,61,74,26,99,112,48,45,129,105,19,92,3"/><V118/><F118/><W78/><G3/><T130/><D116/><U58/><E117/><V28/><F37/><W103/><G129/><T11/><D113/><U132/><E98/><V31/><F31/><W27/><G112/><T0/><D130/><U23/><E47/><V51/><F1/><W10/><G105/><T39/><D101/><U20/><E85/><V63/><F51/><W88/><G103/><T34/><D104/><U93/><E93/><V22/><F120/><W36/><G36/><T41/><D41/><U21/><E18/><V9/><F115/><W50/><G78/><T69/><D69/><U59/><E58/><V79/><F107/><W110/><G74/><T100/><D100/><U7/><E7/><V82/><F96/><W24/><G110/><T14/><D34/><U95/><E95/><V131/><F131/><W33/><G33/><T29/><D29/><U52/><E64/><N who="2" m="39023" /><F83/><W75/><G75/><T108/><D108/><U73/><E73/><V32/><F32/><W65/><G65/><T53/><D81/><U66/><E66/><V67/><F67/><W94/><G94/><T84/><D84/><U128/><E128/><V49/><F49/><N who="3" m="19051" /><G45/><T70/><D70/><U71/><E71/><V54/><F77/><W15/><AGARI ba="4,0" hai="10,15,19,24,26,27,60,61,88,92,99" m="19051" machi="15" ten="30,2000,0" yaku="8,1,54,1" doraHai="134" who="3" fromWho="3" sc="48,-9,214,-9,533,-14,205,32" /><INIT seed="3,0,0,0,2,101" ten="39,205,519,237" oya="3" hai0="118,115,95,0,82,100,77,111,65,18,44,71,132" hai1="40,135,47,78,129,25,103,46,23,105,39,11,112" hai2="76,107,8,1,56,80,12,15,94,64,81,88,120" hai3="36,68,117,19,123,13,84,45,131,92,83,2,66"/><W6/><G117/><T54/><D18/><U48/><E112/><V93/><F107/><W67/><G123/><T57/><D54/><U75/><E129/><V51/><F120/><W124/><G131/><T49/><D57/><U96/><E135/><V7/><F1/><W125/><G2/><T35/><D49/><U133/><E133/><V104/><F104/><W130/><G6/><T5/><D65/><N who="3" m="24585" /><G68/><T52/><D44/><U42/><E75/><V122/><F122/><W26/><G26/><T114/><D52/><U72/><E72/><V91/><F15/><W16/><G92/><N who="2" m="35433" /><F76/><N who="3" m="46183" /><G130/><T127/><D95/><U90/><E78/><V116/><F91/><W106/><G106/><T89/><D82/><U108/><E90/><V128/><F116/><W126/><G13/><T97/><D89/><U85/><E85/><V121/><F128/><W109/><G109/><T38/><D97/><U10/><E108/><V99/><F121/><W29/><G29/><AGARI ba="0,0" hai="10,11,23,25,29,39,40,42,46,47,48,96,103,105" machi="29" ten="30,2000,0" yaku="7,1,52,1" doraHai="101" who="1" fromWho="3" sc="39,0,205,20,519,0,237,-20" owari="39,-46.0,225,3.0,519,61.0,217,-18.0" /></mjloggm>