<mjloggm ver="2.3"><GO type="97" lobby="0"/><UN n0="%E3%82%A6%E3%83%AB%E3%83%88%E3%83%A9%E7%AB%8B%E7%9B%B4" n1="%E3%83%AC%E3%82%A6%E3%82%AB%E3%83%B3%E3%82%B5" n2="%E3%82%AD%E3%83%A9%E3%82%AD%E3%83%A9%EF%BC%93" n3="%E7%94%B1%E7%BE%8E" dan="15,14,14,15" rate="2025.10,1933.82,1898.39,2002.52" sx="M,M,M,F"/><TAIKYOKU oya="0"/><INIT seed="0,0,0,3,3,14" ten="250,250,250,250" oya="0" hai0="55,83,4,8,51,84,64,15,27,86,62,49,35" hai1="57,60,9,133,72,127,88,6,11,126,87,30,52" hai2="108,25,129,41,94,7,111,66,77,79,128,53,95" hai3="58,118,47,125,82,116,34,48,107,13,100,59,38"/><T36/><D36/><U102/><E72/><V40/><F66/><W29/><G38/><T74/><D74/><U18/><E102/><V76/><F53/><W96/><G125/><N who="1" m="47626" /><E30/><V69/><F25/><W114/><G114/><T131/><D131/><N who="2" m="50250" /><F7/><W97/><G97/><T61/><D86/><U50/><E133/><V23/><F23/><W33/><G33/><T46/><D64/><U98/><E98/><V56/><F56/><W91/><G118/><T123/><D123/><U67/><E6/><V104/><F104/><W122/><G116/><T16/><D51/><U44/><E18/><V39/><F39/><W28/><G122/><T112/><D112/><U120/><E120/><V5/><F5/><W26/><G29/><T101/><D101/><U130/><E130/><V37/><F37/><W71/><G71/><T110/><D110/><N who="2" m="42026" /><F69/><W3/><G3/><T103/><D103/><U31/><E31/><V70/><F70/><W1/><G1/><T81/><D35/><U124/><N who="1" m="47634" /><U80/><AGARI ba="0,0" hai="9,11,44,50,52,57,60,67,80,87,88" m="47634" machi="80" ten="40,8000,1" yaku="4,1,18,1,54,2" doraHai="14" who="1" fromWho="1" sc="250,-40,250,80,250,-20,250,-20" /><INIT seed="1,0,0,2,0,40" ten="210,330,230,230" oya="1" hai0="126,61,67,26,2,1,35,24,127,71,63,5,77" hai1="42,60,56,18,6,116,125,45,135,12,54,14,43" hai2="94,111,99,47,96,50,119,9,32,55,29,110,51" hai3="88,3,37,66,58,105,82,25,22,33,34,115,39"/><U23/><E116/><V15/><F119/><W104/><G3/><T133/><D77/><U8/><E135/><V102/><F96/><W98/><G115/><T78/><D78/><U80/><E125/><N who="0" m="47625" /><D5/><U52/><E80/><V117/><F117/><W53/><G66/><N who="0" m="41423" /><D133/><U113/><E113/><V108/><F29/><W130/><G130/><T13/><D13/><U89/><E89/><V19/><REACH who="2" step="1"/><F51/><AGARI ba="0,0" hai="6,8,12,14,18,23,42,43,45,51,52,54,56,60" machi="51" ten="40,7700,0" yaku="8,1,52,1,54,1" doraHai="40" who="1" fromWho="2" sc="210,0,330,77,230,-77,230,0" /><INIT seed="1,1,0,1,0,79" ten="210,407,153,230" oya="1" hai0="41,102,124,122,35,40,21,72,120,108,14,100,38" hai1="33,76,113,130,1,75,62,94,10,132,24,9,48" hai2="123,6,110,56,8,17,37,52,15,101,91,80,34" hai3="64,83,131,22,53,82,57,49,20,98,59,95,60"/><U121/><E121/><N who="0" m="46697" /><D35/><U97/><E113/><V107/><F123/><W86/><G131/><T78/><D38/><U4/><E130/><V109/><F34/><W85/><G85/><T30/><D30/><U5/><E132/><V71/><F71/><W31/><G86/><T19/><D108/><N who="2" m="41578" /><F37/><W47/><G47/><T55/><D55/><U2/><E48/><N who="2" m="30727" /><F101/><N who="0" m="39018" /><D124/><U46/><E46/><V74/><F107/><W28/><G28/><T87/><D72/><U7/><E7/><V13/><F91/><N who="3" m="55679" /><G31/><T18/><D18/><U134/><E62/><V27/><F27/><W66/><G64/><T92/><D92/><U43/><E43/><V73/><F80/><AGARI ba="1,0" hai="20,22,49,53,57,59,60,66,80,82,83" m="55679" machi="80" ten="30,7700,0" yaku="8,1,52,3" doraHai="79" who="3" fromWho="2" sc="210,0,407,0,153,-80,230,80" /><AGARI ba="1,0" hai="14,19,21,40,41,78,80,87" m="39018,46697" machi="80" ten="30,2000,0" yaku="13,1,52,1" doraHai="79" who="0" fromWho="2" sc="210,20,407,0,73,-20,310,0" /><INIT seed="2,0,0,3,0,73" ten="230,407,53,310" oya="2" hai0="111,84,74,33,27,80,15,30,2,25,106,64,129" hai1="131,22,132,107,50,113,92,18,42,88,67,13,56" hai2="24,59,120,8,100,123,11,117,46,101,62,6,66" hai3="127,81,72,103,17,112,93,122,125,52,45,116,4"/><V96/><F117/><W79/><G122/><T70/><D2/><U40/><E113/><V134/><F101/><W5/><G116/><T133/><D111/><U118/><E107/><V32/><F11/><W49/><G112/><T28/><D129/><U16/><E118/><V65/><F65/><W23/><G103/><T36/><D36/><U102/><E102/><V14/><F134/><W83/><G93/><T135/><D106/><U119/><E119/><V110/><F110/><W10/><G83/><T48/><D48/><U21/><E131/><V3/><F3/><W124/><REACH who="3" step="1"/><G10/><REACH who="3" ten="230,407,53,300" step="2"/><T126/><D135/><U47/><E132/><V128/><F128/><W78/><G78/><T105/><D133/><U114/><E114/><V31/><REACH who="2" step="1"/><F46/><REACH who="2" ten="230,407,43,300" step="2"/><W43/><G43/><T108/><D64/><U97/><E42/><V19/><F19/><W104/><G104/><AGARI ba="0,2" hai="6,8,14,24,31,32,59,62,66,96,100,104,120,123" machi="104" ten="30,5800,0" yaku="1,1,7,1,53,1" doraHai="73" doraHaiUra="53" who="2" fromWho="3" sc="230,0,407,0,43,78,300,-58" /><INIT seed="2,1,0,2,5,53" ten="230,407,121,242" oya="2" hai0="0,107,34,81,50,129,9,17,33,43,86,15,18" hai1="36,48,55,72,69,101,64,133,111,135,88,14,89" hai2="38,103,52,24,134,3,125,28,12,100,21,118,65" hai3="78,71,82,123,93,23,6,7,119,127,44,20,30"/><V85/><F118/><W16/><G119/><T26/><D107/><U97/><E36/><V77/><F3/><W22/><G71/><T70/><D70/><U117/><E72/><V91/><F125/><W32/><G32/><T102/><D102/><N who="2" m="38954" /><F38/><W113/><G127/><T73/><D73/><U131/><E117/><V40/><F40/><W42/><G123/><T120/><D120/><U112/><E112/><V109/><F134/><N who="1" m="51209" /><E131/><V49/><F109/><W27/><G93/><T62/><D129/><U13/><E111/><V45/><F65/><W59/><G23/><T126/><D0/><U31/><E31/><V90/><F12/><N who="1" m="4713" /><E64/><V5/><F5/><W122/><G122/><T67/><D126/><U57/><E69/><V41/><F41/><W108/><G108/><T121/><D121/><U76/><E76/><V80/><AGARI ba="1,0" hai="21,24,28,45,49,52,77,80,85,90,91" m="38954" machi="80" ten="30,3000,0" yaku="8,1,54,1" doraHai="53" who="2" fromWho="2" sc="230,-11,407,-11,121,33,242,-11" /><INIT seed="2,2,0,3,4,60" ten="219,396,154,231" oya="2" hai0="88,23,30,5,116,85,73,13,93,46,96,18,2" hai1="126,7,36,68,56,40,62,89,15,26,92,75,22" hai2="66,119,71,24,128,111,38,4,29,81,77,118,43" hai3="107,51,32,99,19,67,33,70,102,3,47,61,114"/><V6/><F128/><W105/><G3/><T16/><D73/><U80/><E68/><V64/><F111/><W115/><G107/><T127/><D116/><U35/><E35/><V27/><F81/><W57/><G19/><N who="0" m="7211" /><D2/><U78/><E126/><V42/><F71/><W8/><G8/><N who="0" m="4239" /><D127/><U58/><E56/><V49/><F49/><W74/><G74/><T97/><D46/><U25/><E40/><V134/><F29/><W83/><G83/><T65/><D65/><U37/><E36/><V69/><F69/><W135/><G135/><T21/><D21/><U129/><E37/><V52/><F38/><W124/><G124/><T50/><D50/><U44/><E44/><V55/><REACH who="2" step="1"/><F77/><REACH who="2" ten="219,396,144,231" step="2"/><W41/><REACH who="3" step="1"/><G70/><REACH who="3" ten="219,396,144,221" step="2"/><T39/><D39/><U106/><E129/><V45/><F45/><W94/><G94/><T110/><D110/><U101/><E92/><V48/><F48/><W113/><AGARI ba="2,2" hai="32,33,41,47,51,57,61,67,99,102,105,113,114,115" machi="113" ten="30,7900,0" yaku="1,1,0,1,11,1,52,1,53,0" doraHai="60" doraHaiUra="10" who="3" fromWho="3" sc="219,-22,396,-22,144,-41,221,105" /><INIT seed="3,0,0,0,3,63" ten="197,374,103,326" oya="3" hai0="67,64,121,34,30,83,28,102,6,5,65,119,99" hai1="17,18,42,46,104,10,89,105,11,68,90,135,92" hai2="38,109,110,16,127,4,20,134,133,85,66,73,91" hai3="131,87,101,84,36,35,106,37,103,98,57,100,43"/><W118/><G35/><T124/><D121/><U58/><E68/><V93/><F73/><W116/><G57/><T128/><D119/><N who="3" m="45609" /><G43/><T123/><D123/><U107/><E58/><V44/><F4/><N who="0" m="1642" /><D34/><U8/><E135/><N who="2" m="51723" /><F38/><W74/><G37/><T77/><D124/><U15/><E92/><V41/><F41/><W3/><G36/><T108/><D108/><N who="2" m="41578" /><F44/><W125/><G3/><T130/><D83/><U2/><E2/><V96/><F127/><W71/><G71/><T75/><D77/><U94/><E94/><V13/><F96/><N who="3" m="61703" /><G125/><T69/><D69/><U80/><E80/><V26/><F26/><W88/><G74/><T31/><D75/><U51/><E8/><V21/><F21/><W122/><G122/><T14/><D14/><AGARI ba="0,0" hai="10,11,14,15,17,18,42,46,51,89,90,104,105,107" machi="14" ten="40,1300,0" yaku="9,1" doraHai="63" who="1" fromWho="0" sc="197,-13,374,13,103,0,326,0" owari="184,-22.0,387,49.0,103,-40.0,326,13.0" /></mjloggm>