<mjloggm ver="2.3"><GO type="41" lobby="0"/><UN n0="%66%61%6E%74%61%73%69%61" n1="%E3%82%A6%E3%83%AB%E3%83%88%E3%83%A9%E7%AB%8B%E7%9B%B4" n2="%E4%BA%9C%E7%BE%8E" n3="%52%61%66%5F" dan="14,16,14,14" rate="1960.85,2080.90,1811.31,1811.75" sx="M,M,F,M"/><TAIKYOKU oya="0"/><INIT seed="0,0,0,1,3,63" ten="250,250,250,250" oya="0" hai0="104,123,53,115,92,1,69,44,35,131,7,129,66" hai1="89,108,61,110,6,52,19,0,77,99,135,133,109" hai2="11,103,81,124,126,54,94,62,73,30,105,64,121" hai3="100,33,14,58,132,42,4,5,41,114,47,56,113"/><T130/><D123/><U15/><E77/><V96/><F121/><W17/><G14/><T79/><D115/><U46/><E6/><V86/><F30/><W18/><G47/><T116/><D116/><U55/><E0/><V21/><F73/><W16/><G18/><T23/><D104/><U93/><E46/><V38/><F38/><W125/><G100/><T49/><D35/><U106/><E106/><V28/><F11/><W57/><G57/><T2/><D79/><U37/><E37/><V13/><F54/><W111/><G33/><T75/><D75/><U118/><E118/><V95/><F95/><W84/><G84/><T45/><D45/><U119/><E119/><V98/><F98/><W31/><G31/><T71/><D69/><U83/><E83/><V25/><F13/><W101/><G101/><T107/><D107/><U76/><E76/><V78/><REACH who="2" step="1"/><F105/><REACH who="2" ten="250,250,240,250" step="2"/><W91/><G125/><T39/><D39/><U72/><E72/><V8/><F8/><W43/><G43/><T127/><D127/><U50/><E15/><V112/><F112/><W85/><G113/><T60/><D7/><U59/><E19/><V97/><F97/><W122/><G114/><T20/><D92/><U36/><E36/><V12/><F12/><W48/><G4/><T34/><D34/><U134/><E55/><V74/><F74/><W87/><G5/><T26/><D23/><U40/><E40/><V70/><AGARI ba="0,1" hai="21,25,28,62,64,70,78,81,86,94,96,103,124,126" machi="70" ten="30,7900,0" yaku="1,1,0,1,52,1,53,1" doraHai="63" doraHaiUra="90" who="2" fromWho="2" sc="250,-39,250,-20,240,89,250,-20" /><INIT seed="1,0,0,4,3,77" ten="211,230,329,230" oya="1" hai0="31,36,128,14,43,98,132,82,57,21,73,134,100" hai1="80,115,26,93,40,49,1,6,39,27,90,29,50" hai2="63,88,129,131,111,87,69,91,9,32,41,0,78" hai3="74,75,101,119,130,110,25,68,23,99,17,54,121"/><U84/><E115/><V65/><F111/><W71/><G121/><T16/><D31/><U106/><E106/><V55/><F32/><W12/><G110/><T107/><D128/><N who="2" m="49226" /><F41/><W133/><G130/><T13/><D13/><U109/><E109/><V4/><F55/><W19/><G133/><N who="0" m="51307" /><D57/><U44/><E27/><V37/><F37/><W127/><G119/><T102/><D102/><U112/><E112/><V117/><F117/><W51/><G127/><T79/><D43/><U67/><E67/><V34/><F34/><W42/><G42/><T28/><D28/><U114/><E114/><V64/><F65/><W72/><G12/><T53/><D53/><U56/><E39/><AGARI ba="0,0" hai="14,16,21,36,39,73,79,82,98,100,107" m="51307" machi="39" ten="30,3900,0" yaku="20,1,52,1,54,1" doraHai="77" who="0" fromWho="1" sc="211,39,230,-39,329,0,230,0" /><INIT seed="2,0,0,4,5,95" ten="250,191,329,230" oya="2" hai0="122,56,86,18,91,52,33,63,120,28,93,126,26" hai1="3,27,71,87,64,133,70,65,125,67,21,22,76" hai2="19,17,36,51,40,100,106,41,128,114,135,62,101" hai3="12,30,74,109,84,119,5,121,0,54,78,88,60"/><V116/><F116/><W85/><G119/><T47/><D126/><U38/><E3/><V75/><F114/><W35/><G121/><T45/><D45/><U15/><E38/><V55/><F75/><W9/><G109/><T37/><D37/><U8/><E125/><V132/><F128/><W81/><G35/><T32/><D32/><U23/><E133/><N who="2" m="51275" /><F62/><W44/><G30/><T20/><D47/><U104/><E27/><AGARI ba="0,0" hai="18,20,26,27,28,33,52,56,63,86,91,93,120,122" machi="27" ten="30,2000,0" yaku="7,1,54,1" doraHai="95" who="0" fromWho="1" sc="250,20,191,-20,329,0,230,0" /><INIT seed="3,0,0,3,3,135" ten="270,171,329,230" oya="3" hai0="101,52,11,69,82,92,57,6,38,93,76,85,63" hai1="13,21,119,19,17,96,91,58,12,71,53,115,65" hai2="130,60,77,42,133,109,9,14,80,107,16,18,47" hai3="78,75,99,103,24,106,95,15,97,61,59,27,46"/><W88/><G46/><T102/><D38/><U127/><E119/><V68/><F109/><W41/><G41/><T110/><D110/><U64/><E115/><V128/><F107/><W129/><G129/><N who="2" m="49769" /><F133/><W43/><G43/><T25/><D69/><U23/><E71/><V28/><F28/><W51/><G51/><T34/><D34/><U39/><E39/><N who="2" m="21983" /><F60/><W67/><REACH who="3" step="1"/><G15/><REACH who="3" ten="270,171,329,220" step="2"/><T62/><D62/><U81/><E127/><V84/><F14/><W32/><G32/><T111/><D111/><U117/><E117/><V55/><F55/><W74/><G74/><T73/><D25/><U48/><E64/><V70/><F70/><W2/><G2/><T3/><D73/><U83/><E65/><V94/><F68/><W35/><G35/><T22/><D3/><U54/><E54/><V10/><F10/><W4/><G4/><T56/><D22/><U113/><E113/><V1/><F1/><W7/><G7/><T37/><D11/><U90/><E53/><V45/><F45/><W40/><G40/><T49/><D6/><U124/><E48/><V122/><F9/><W112/><G112/><T108/><D108/><U33/><E33/><V0/><F0/><W98/><G98/><T26/><D26/><U132/><E132/><V5/><F5/><W120/><G120/><T114/><D114/><U86/><E124/><V87/><F122/><W44/><G44/><T125/><D125/><U29/><E96/><V36/><F36/><W20/><G20/><T134/><D37/><U131/><E23/><V121/><F121/><W50/><G50/><T79/><D134/><RYUUKYOKU ba="0,1" sc="270,-15,171,-15,329,15,220,15" hai2="16,18,77,80,84,87,94" hai3="24,27,59,61,67,75,78,88,95,97,99,103,106" /><INIT seed="3,1,1,5,2,67" ten="255,156,344,235" oya="3" hai0="111,119,81,90,99,75,78,57,15,33,115,31,43" hai1="91,34,92,63,84,126,127,79,106,74,38,76,89" hai2="109,82,7,104,37,96,112,19,66,122,121,100,18" hai3="1,116,17,130,48,120,124,4,46,73,114,134,9"/><W5/><G114/><T53/><D119/><U25/><E38/><V10/><F112/><W131/><G116/><T30/><D115/><U12/><E25/><V0/><F109/><W101/><G120/><N who="2" m="46185" /><F37/><W64/><G73/><T28/><D111/><U24/><E24/><V71/><F82/><W85/><G124/><T44/><D33/><U123/><E12/><V40/><F40/><W47/><G134/><T117/><D117/><U108/><E34/><V29/><F29/><W55/><G101/><T97/><D90/><U35/><E35/><V58/><F58/><W22/><G5/><T105/><D105/><U50/><E108/><V129/><F129/><W14/><G64/><T27/><D27/><U6/><E6/><V51/><F51/><W26/><G85/><T103/><D103/><U20/><E50/><V56/><F56/><W118/><G118/><T77/><D77/><U88/><E123/><V69/><F66/><W80/><G80/><T107/><D107/><U11/><E11/><V128/><F128/><N who="3" m="49195" /><G46/><T102/><D102/><U98/><E74/><V68/><AGARI ba="1,1" hai="0,7,10,18,19,68,69,71,96,100,104" m="46185" machi="68" ten="40,8000,1" yaku="13,1,52,3" doraHai="67" who="2" fromWho="2" sc="255,-21,156,-21,344,93,235,-41" /><INIT seed="4,0,0,1,1,43" ten="234,135,437,194" oya="0" hai0="128,32,53,118,33,17,90,60,10,52,87,25,74" hai1="82,8,16,104,54,63,23,109,106,93,96,38,80" hai2="46,115,97,13,0,39,64,101,6,26,9,22,121" hai3="86,88,14,45,48,99,81,20,40,98,57,70,59"/><T7/><D74/><U123/><E38/><V36/><F121/><W91/><G70/><T66/><D118/><U122/><E109/><V117/><F115/><W105/><G105/><T110/><D110/><U83/><E8/><V12/><F64/><W69/><G69/><T111/><D128/><U94/><E104/><V30/><F117/><W21/><G21/><T92/><D111/><U132/><E106/><V35/><F35/><W95/><G99/><T133/><D133/><U1/><E1/><V2/><F2/><W77/><G91/><T49/><D53/><U120/><E132/><V27/><F27/><W31/><G31/><T125/><D125/><U127/><E127/><V76/><F76/><W108/><G108/><T11/><D17/><AGARI ba="0,0" hai="14,17,20,40,45,48,57,59,77,81,86,88,95,98" machi="17" ten="40,5200,0" yaku="8,1,52,1,54,1" doraHai="43" who="3" fromWho="0" sc="234,-52,135,0,437,0,194,52" /><INIT seed="5,0,0,5,5,2" ten="182,135,437,246" oya="1" hai0="69,79,47,117,86,38,105,118,25,132,52,59,83" hai1="55,68,35,28,103,60,121,14,85,21,56,112,81" hai2="126,40,1,90,93,50,74,16,10,77,124,107,92" hai3="73,4,8,122,15,71,89,78,26,65,104,88,37"/><U27/><E121/><V3/><F107/><W43/><G122/><T29/><D105/><U114/><E68/><V120/><F120/><W76/><G104/><T113/><D69/><U135/><E103/><V80/><F40/><W108/><G108/><T96/><D132/><U64/><E135/><V12/><F50/><W53/><G71/><T100/><D113/><U127/><E127/><N who="2" m="48683" /><F90/><W67/><G53/><T109/><D109/><U116/><E116/><V63/><F63/><W101/><G101/><T119/><D96/><U134/><E134/><V31/><F31/><W23/><G37/><T70/><D100/><U97/><E97/><V133/><F133/><W20/><G43/><T9/><D70/><U0/><E64/><N who="3" m="24650" /><G73/><T131/><D131/><U102/><E102/><V72/><F74/><W58/><G58/><T39/><D47/><U106/><E106/><V91/><F93/><W66/><N who="3" m="24658" /><W13/><DORA hai="7" /><G13/><T130/><D130/><U6/><E114/><V84/><AGARI ba="0,0" hai="1,3,10,12,16,72,77,80,84,91,92" m="48683" machi="84" ten="30,4000,0" yaku="18,1,52,1,54,1" doraHai="2,7" who="2" fromWho="2" sc="182,-10,135,-20,437,40,246,-10" /><INIT seed="6,0,0,3,1,96" ten="172,115,477,236" oya="2" hai0="72,23,104,57,71,120,109,7,0,94,48,29,28" hai1="10,82,86,11,129,124,70,74,103,27,108,3,49" hai2="73,79,18,117,80,133,75,65,100,43,42,122,15" hai3="126,91,36,68,58,63,24,55,16,107,31,5,76"/><V59/><F122/><W25/><G126/><T135/><D71/><U131/><E108/><V95/><F117/><W37/><G76/><T1/><D104/><U2/><E74/><V19/><F75/><W12/><G5/><T20/><D72/><U17/><E70/><V45/><F133/><W61/><G25/><T8/><D94/><U14/><E124/><V32/><F32/><W105/><G105/><T26/><D57/><U69/><E69/><V66/><F66/><W53/><G107/><T40/><D48/><U121/><E121/><V134/><F134/><W60/><G91/><T85/><D85/><U128/><E27/><V33/><F33/><W6/><G6/><T84/><D84/><U123/><E123/><V118/><F118/><W88/><G88/><T97/><D97/><U78/><E11/><V67/><F59/><W13/><G63/><T114/><D40/><U52/><REACH who="1" step="1"/><E103/><REACH who="1" ten="172,105,477,236" step="2"/><V4/><F100/><W54/><G68/><T62/><D109/><U98/><E98/><V112/><F73/><W46/><G31/><T130/><D120/><U116/><E116/><V30/><F30/><W132/><G24/><T125/><D29/><U90/><E90/><V89/><F89/><W50/><G132/><T9/><D135/><U56/><AGARI ba="0,1" hai="2,3,10,14,17,49,52,56,78,82,86,128,129,131" machi="56" ten="30,7900,0" yaku="1,1,0,1,19,1,54,1,53,0" doraHai="96" doraHaiUra="115" who="1" fromWho="1" sc="172,-20,105,89,477,-39,236,-20" /><INIT seed="7,0,0,0,3,49" ten="152,194,438,216" oya="3" hai0="19,130,74,40,62,79,36,47,110,119,3,89,42" hai1="115,94,18,73,15,57,28,123,82,39,99,60,113" hai2="71,75,50,83,133,23,72,106,58,117,12,0,127" hai3="125,116,65,102,121,92,32,112,2,85,54,34,26"/><W105/><G116/><T80/><D119/><U135/><E39/><V91/><F117/><W103/><G121/><T41/><D110/><U108/><E108/><V17/><F106/><W14/><G105/><T78/><D130/><U53/><E28/><V59/><F71/><W63/><G2/><T87/><D79/><U5/><E5/><V118/><F118/><W4/><G125/><T31/><D31/><U52/><E123/><V43/><F133/><W6/><G112/><N who="1" m="43082" /><E135/><V64/><F127/><W22/><G102/><T61/><D61/><U8/><E82/><V97/><F64/><W111/><G111/><T51/><D62/><U25/><E25/><V95/><F75/><W128/><G128/><T104/><D104/><U1/><E1/><V11/><F72/><W132/><G132/><T131/><D131/><U77/><E77/><V88/><F91/><W129/><G129/><T38/><D38/><U109/><E73/><V134/><F134/><W96/><G85/><T86/><D74/><U9/><E109/><V66/><F66/><W48/><G14/><T107/><D3/><U114/><N who="1" m="43090" /><U13/><DORA hai="37" /><E13/><N who="2" m="9647" /><F83/><W81/><G81/><T84/><D107/><U44/><E9/><V33/><F33/><W45/><G34/><T20/><D36/><U101/><E44/><N who="2" m="25887" /><F0/><W29/><G32/><T69/><D69/><AGARI ba="0,0" hai="4,6,22,26,29,45,48,54,63,65,69,92,96,103" machi="69" ten="30,2900,0" yaku="7,1,52,1" doraHai="49,37" who="3" fromWho="0" sc="152,-29,194,0,438,0,216,29" /><INIT seed="7,1,0,2,1,16" ten="123,194,438,245" oya="3" hai0="104,96,61,100,106,73,51,13,54,25,39,99,36" hai1="109,111,18,34,47,127,1,105,27,24,29,6,84" hai2="95,55,0,5,132,53,102,92,71,87,88,48,90" hai3="32,108,91,20,115,37,70,42,35,31,86,97,23"/><W7/><G86/><T72/><D73/><U14/><E105/><V60/><F132/><W19/><G70/><T4/><D72/><U30/><E47/><V11/><F102/><W3/><G42/><T22/><D61/><U43/><E43/><V120/><F120/><W114/><G37/><T123/><D123/><U79/><E79/><V75/><F75/><W110/><G91/><T126/><D126/><U116/><E84/><V117/><F117/><W50/><G50/><T45/><D4/><U101/><E101/><V122/><F122/><W57/><G57/><T56/><D13/><U81/><E81/><V49/><F71/><W93/><G93/><T63/><D99/><U65/><E65/><V17/><F17/><W21/><G97/><T82/><D82/><U130/><E127/><V124/><F124/><W98/><G98/><T125/><D106/><U76/><E76/><V107/><F107/><W9/><G19/><T64/><REACH who="0" step="1"/><D125/><REACH who="0" ten="113,194,438,245" step="2"/><U68/><E6/><V129/><F60/><W85/><G85/><T113/><D113/><N who="3" m="43017" /><G31/><AGARI ba="1,1" hai="22,25,31,36,39,45,51,54,56,63,64,96,100,104" machi="31" ten="30,7700,0" yaku="1,1,7,1,52,1,53,1" doraHai="16" doraHaiUra="58" who="0" fromWho="3" sc="113,90,194,0,438,0,245,-80" owari="203,0.0,194,-21.0,438,54.0,165,-33.0" /></mjloggm>