<mjloggm ver="2.3"><GO type="169" lobby="0"/><UN n0="%6B%65%69%72%79%6F" n1="%E3%83%87%E3%82%B8%E3%82%BF%E3%83%AB%E4%BB%99%E4%BA%BA" n2="%E3%82%A6%E3%83%AB%E3%83%88%E3%83%A9%E7%AB%8B%E7%9B%B4" n3="%70%69%79%6F%65%6D%6F%6E" dan="16,18,17,16" rate="2050.22,2145.90,2078.41,2102.26" sx="F,F,M,M"/><TAIKYOKU oya="0"/><INIT seed="0,0,0,1,1,9" ten="250,250,250,250" oya="0" hai0="124,4,12,43,1,79,66,132,108,44,13,26,121" hai1="89,86,65,45,34,59,48,92,10,32,56,75,85" hai2="37,87,21,19,114,111,68,55,71,31,99,6,97" hai3="129,64,61,82,8,20,78,120,117,40,123,91,36"/><T72/><D121/><N who="3" m="46665" /><G91/><T38/><D1/><U98/><E75/><V128/><F114/><W101/><G117/><T22/><D66/><U67/><E32/><V74/><F74/><N who="3" m="43351" /><G20/><T88/><D124/><U57/><E34/><V25/><F128/><W105/><G129/><T46/><D4/><U24/><E24/><V47/><F111/><W96/><G8/><T17/><D132/><U118/><E118/><V27/><F6/><W115/><G115/><T5/><D5/><U80/><E10/><V77/><F71/><N who="3" m="42383" /><G40/><T35/><D35/><U53/><REACH who="1" step="1"/><E86/><REACH who="1" ten="250,240,250,250" step="2"/><V113/><F87/><W73/><G73/><T126/><D72/><U15/><E15/><V104/><F27/><W63/><G63/><T84/><D84/><U2/><E2/><V127/><F25/><W110/><G110/><T50/><D108/><U81/><E81/><V107/><F113/><W54/><G54/><T16/><D13/><U76/><AGARI ba="0,1" hai="45,48,53,56,57,59,65,67,76,80,85,89,92,98" machi="76" ten="30,7900,0" yaku="1,1,0,1,8,1,53,1" doraHai="9" doraHaiUra="42" who="1" fromWho="1" sc="250,-39,240,89,250,-20,250,-20" /><INIT seed="1,0,0,5,5,13" ten="211,329,230,230" oya="1" hai0="18,118,33,35,85,28,74,7,129,90,112,51,105" hai1="102,58,128,106,123,9,17,39,71,2,93,114,47" hai2="37,15,73,107,20,122,21,113,99,127,68,79,91" hai3="46,19,62,81,70,48,52,101,50,86,72,24,75"/><U94/><E123/><V82/><F20/><W134/><G134/><T60/><D112/><U4/><E71/><V54/><F37/><W56/><G70/><T130/><D118/><U42/><E114/><V88/><F68/><W111/><G111/><T95/><D74/><U135/><E135/><V67/><F67/><W120/><G120/><T3/><D105/><U22/><E128/><N who="0" m="49257" /><D28/><U83/><E58/><V36/><F36/><W98/><G72/><T78/><D78/><U80/><E106/><V65/><F65/><W63/><G75/><T59/><D51/><U69/><E69/><V109/><F122/><W100/><G100/><T61/><D61/><U26/><REACH who="1" step="1"/><E93/><REACH who="1" ten="211,319,230,230" step="2"/><V132/><F113/><W43/><G56/><T49/><D59/><U77/><E77/><V115/><F115/><W31/><G46/><T29/><D95/><U1/><E1/><V131/><F132/><W8/><G63/><T16/><D3/><U10/><E10/><V84/><F131/><W34/><G62/><T108/><D60/><U66/><E66/><V117/><F107/><W14/><G8/><T64/><D64/><U40/><E40/><V133/><F133/><W121/><G43/><T25/><D108/><U119/><E119/><V92/><F117/><W126/><G121/><T110/><D110/><U38/><E38/><V104/><F109/><W0/><G0/><T27/><D49/><U97/><AGARI ba="0,1" hai="2,4,9,17,22,26,39,42,47,80,83,94,97,102" machi="97" ten="30,12000,1" yaku="1,1,0,1,52,1,53,2" doraHai="13" doraHaiUra="76" who="1" fromWho="1" sc="211,-40,319,130,230,-40,230,-40" /><INIT seed="1,1,0,2,4,82" ten="171,449,190,190" oya="1" hai0="58,92,63,68,30,60,35,13,27,135,44,120,122" hai1="103,71,66,7,55,18,108,88,12,117,124,20,89" hai2="56,36,126,104,50,47,14,59,54,43,97,132,129" hai3="74,87,96,53,31,73,9,16,99,134,115,38,17"/><U52/><E117/><V100/><F126/><W37/><G115/><T6/><D135/><U21/><E124/><V75/><F75/><W40/><G134/><T94/><D44/><U25/><E108/><V32/><F32/><W121/><G121/><N who="0" m="46699" /><D68/><U1/><E103/><V102/><F132/><W114/><G114/><T119/><D119/><U133/><E133/><V123/><F123/><W51/><G31/><T45/><D45/><U91/><E1/><V70/><F129/><W90/><G73/><T106/><D106/><U105/><E105/><V10/><F70/><W86/><G74/><T107/><D107/><U57/><E71/><V15/><F102/><W69/><G69/><T84/><D58/><U64/><E55/><V111/><F111/><W19/><G9/><N who="0" m="4279" /><D92/><U5/><E5/><V41/><F59/><N who="3" m="33215" /><G37/><T101/><D101/><U80/><E80/><V130/><F130/><W98/><G38/><T39/><D39/><U42/><E42/><V83/><F43/><W127/><G127/><T8/><D8/><N who="1" m="4127" /><E21/><V0/><F0/><W29/><G40/><T76/><D76/><U78/><E78/><V28/><F10/><W72/><G72/><T4/><D4/><U95/><E95/><V33/><F83/><N who="3" m="49535" /><G29/><T113/><D113/><U23/><E23/><V2/><F2/><W77/><G99/><T3/><D3/><U110/><E110/><V62/><F36/><W118/><G118/><T125/><D125/><U128/><E128/><V24/><AGARI ba="1,0" hai="14,15,24,28,33,41,47,50,54,56,62,97,100,104" machi="24" ten="30,1100,0" yaku="0,1" doraHai="82" who="2" fromWho="2" sc="171,-4,449,-6,190,14,190,-4" /><INIT seed="2,0,0,2,0,3" ten="167,443,204,186" oya="2" hai0="16,57,13,26,95,31,56,79,116,132,85,8,72" hai1="120,22,67,66,108,75,41,64,34,44,83,84,114" hai2="103,58,37,51,86,92,134,74,55,39,50,76,127" hai3="21,106,115,105,122,119,54,68,11,45,131,93,112"/><V27/><F127/><W32/><G32/><T36/><D72/><U17/><E34/><V88/><F134/><W18/><G119/><T33/><D36/><U24/><E114/><N who="3" m="43562" /><G68/><T87/><D132/><U98/><E108/><V43/><F74/><W29/><G122/><T133/><D133/><U6/><E75/><V35/><F76/><W28/><G131/><T46/><D116/><U126/><E126/><V15/><F103/><W81/><G81/><T40/><D87/><U107/><E120/><V49/><F35/><W30/><G93/><T7/><D95/><U9/><E98/><V90/><F27/><N who="3" m="14775" /><G11/><T82/><REACH who="0" step="1"/><D16/><REACH who="0" ten="157,443,204,186" step="2"/><U123/><E123/><V110/><F110/><W0/><G106/><T100/><D100/><U53/><E107/><V104/><F104/><W61/><G105/><T19/><D19/><U59/><E84/><V121/><F121/><W97/><G97/><T118/><D118/><U80/><E80/><V25/><F39/><W130/><G130/><T38/><AGARI ba="0,1" hai="7,8,13,26,31,33,38,40,46,56,57,79,82,85" machi="38" ten="20,8000,1" yaku="1,1,0,1,7,1,52,1,53,1" doraHai="3" doraHaiUra="78" who="0" fromWho="0" sc="157,90,443,-20,204,-40,186,-20" /><INIT seed="3,0,0,3,1,10" ten="247,423,164,166" oya="3" hai0="109,63,21,57,115,47,83,128,32,122,6,76,64" hai1="25,19,92,77,41,31,112,45,5,91,44,29,124" hai2="129,134,58,106,37,14,110,107,71,123,62,100,49" hai3="126,11,74,98,127,85,132,96,78,12,8,2,7"/><W67/><G132/><T69/><D122/><U39/><E112/><V59/><F110/><W93/><G74/><T34/><D109/><U135/><E135/><V117/><F117/><W88/><G67/><T114/><D128/><U46/><E77/><V36/><F134/><W52/><G52/><N who="0" m="34215" /><D6/><U43/><E124/><N who="3" m="47658" /><G78/><T116/><D116/><U68/><E68/><V18/><F129/><W105/><G105/><T56/><D69/><U27/><E5/><AGARI ba="0,0" hai="2,5,7,8,11,12,85,88,93,96,98" m="47658" machi="5" ten="30,5800,0" yaku="18,1,52,1,54,1" doraHai="10" who="3" fromWho="1" sc="247,0,423,-58,164,0,166,58" /><INIT seed="3,1,0,2,3,41" ten="247,365,164,224" oya="3" hai0="130,116,119,124,46,113,128,60,77,98,3,5,48" hai1="74,50,99,126,29,15,82,90,79,0,12,101,27" hai2="133,85,38,49,118,83,122,107,30,54,68,14,108" hai3="67,127,121,75,58,35,6,65,76,63,9,100,2"/><W109/><G121/><T22/><D77/><U81/><E0/><V25/><F118/><W95/><G127/><T97/><D124/><U103/><E126/><V52/><F122/><W53/><G35/><T104/><D113/><U4/><E4/><V96/><F38/><W78/><G109/><T21/><D60/><U117/><E117/><N who="0" m="45129" /><D3/><U88/><E103/><V18/><F108/><W11/><G11/><T43/><D5/><U26/><E26/><V40/><F68/><W16/><G75/><T92/><D104/><U135/><E135/><V123/><F123/><W89/><G100/><N who="0" m="60455" /><D98/><U102/><E102/><V69/><F133/><W64/><REACH who="3" step="1"/><G16/><REACH who="3" ten="247,365,164,214" step="2"/><T32/><D32/><U55/><E101/><V115/><F115/><W93/><G93/><T45/><D130/><U73/><E73/><V36/><F107/><W1/><G1/><T62/><D128/><U57/><E74/><V71/><F83/><W20/><G20/><T129/><D22/><U33/><E81/><V86/><F25/><W56/><G56/><T51/><D21/><U114/><E114/><V59/><F18/><W106/><G106/><T131/><D131/><U42/><E82/><V39/><F59/><W105/><G105/><T134/><D129/><U94/><E33/><V47/><F69/><W24/><G24/><T17/><D17/><U70/><E27/><V7/><F71/><W61/><G61/><T91/><D134/><U37/><E70/><V120/><F120/><W125/><G125/><T19/><D19/><U110/><E110/><V34/><F34/><W8/><G8/><T72/><D72/><RYUUKYOKU ba="1,1" sc="247,-10,365,-10,164,-10,214,30" hai3="2,6,9,53,58,63,64,65,67,76,78,89,95" /><INIT seed="3,2,1,0,5,134" ten="237,355,154,244" oya="3" hai0="92,64,3,27,24,16,108,63,9,12,106,114,96" hai1="65,99,105,62,87,7,133,58,102,77,98,80,125" hai2="31,75,118,71,52,121,6,91,129,67,61,21,25" hai3="122,103,93,0,83,30,20,56,100,57,135,81,13"/><W17/><G122/><T51/><D106/><U53/><E133/><V113/><F118/><W55/><G135/><T66/><D108/><U90/><E7/><V5/><F113/><W119/><G119/><T29/><D114/><U2/><E2/><V22/><F75/><W37/><G37/><T79/><D79/><U82/><E125/><V132/><F132/><W10/><G57/><T120/><D120/><U111/><E111/><V15/><F121/><W59/><G59/><T26/><D3/><U127/><E127/><V33/><F129/><W36/><G36/><T49/><D29/><U19/><E19/><V94/><F52/><W115/><G115/><T60/><D60/><U39/><E39/><V109/><F109/><W112/><G112/><T131/><D131/><U74/><REACH who="1" step="1"/><E98/><REACH who="1" ten="237,345,154,244" step="2"/><V101/><F6/><N who="3" m="3287" /><G0/><T107/><D107/><U34/><E34/><V117/><F117/><W23/><G30/><T18/><D18/><U72/><E72/><V35/><F35/><W45/><G17/><T130/><D130/><U48/><E48/><N who="0" m="18505" /><D63/><U43/><E43/><V73/><F73/><W44/><G44/><T14/><D14/><U78/><E78/><V128/><F15/><W42/><G45/><T50/><N who="0" m="18513" /><T123/><DORA hai="86" /><D123/><U76/><E76/><V116/><F5/><W11/><G42/><T4/><D4/><U41/><E41/><V46/><F128/><W126/><G126/><T40/><D40/><U110/><E110/><V84/><F46/><W89/><G55/><AGARI ba="2,2" hai="53,55,58,62,65,74,77,80,82,87,90,99,102,105" machi="55" ten="40,2600,0" yaku="1,1,52,1,53,0" doraHai="134,86" doraHaiUra="69,28" who="1" fromWho="3" sc="237,0,345,52,154,0,244,-32" /><INIT seed="4,0,0,3,3,73" ten="237,397,154,212" oya="0" hai0="47,8,91,44,42,70,123,53,15,99,21,132,50" hai1="124,68,43,3,113,75,86,120,89,40,76,66,22" hai2="98,55,78,94,93,0,63,29,135,119,9,52,125" hai3="122,4,133,72,112,104,100,127,85,121,116,1,23"/><T11/><D123/><N who="3" m="47113" /><G72/><T38/><D70/><U2/><E120/><V69/><F119/><W46/><G116/><T84/><D99/><U97/><E97/><V105/><F125/><W37/><G127/><T54/><D132/><U41/><E124/><V13/><F135/><W114/><G133/><T61/><D21/><U26/><E68/><V129/><F0/><W51/><G37/><T110/><D110/><U67/><E2/><V39/><F39/><W20/><G85/><T117/><D117/><U32/><E3/><V131/><F105/><W92/><G104/><T111/><D111/><U79/><E75/><V31/><F93/><W106/><G106/><T81/><D15/><U108/><E32/><V60/><F69/><W130/><G130/><T57/><AGARI ba="0,0" hai="8,11,38,42,44,47,50,53,54,57,61,81,84,91" machi="57" ten="30,1500,0" yaku="0,1" doraHai="73" who="0" fromWho="0" sc="237,15,397,-5,154,-5,212,-5" /><INIT seed="4,1,0,5,1,25" ten="252,392,149,207" oya="0" hai0="111,5,47,56,108,78,69,120,42,114,22,70,13" hai1="110,117,118,90,128,50,28,7,119,104,130,38,134" hai2="115,18,4,135,93,126,27,37,102,6,123,11,46" hai3="65,109,41,39,24,80,113,67,51,107,15,20,48"/><T131/><D120/><U75/><E110/><N who="0" m="42025" /><D114/><U87/><E38/><V29/><F123/><W1/><G109/><T2/><D131/><N who="1" m="50219" /><E75/><V55/><F115/><W101/><G113/><T99/><D78/><U36/><E36/><V79/><F126/><W10/><G1/><T45/><D45/><U0/><E104/><V71/><F71/><W54/><G80/><T92/><D56/><U96/><E96/><V58/><F135/><W43/><G107/><T97/><D2/><U17/><E17/><V122/><F122/><W72/><G72/><T68/><D92/><N who="1" m="54367" /><E50/><V57/><F79/><W82/><G51/><N who="0" m="27127" /><D5/><U23/><E134/><V84/><F6/><N who="3" m="3543" /><G39/><T59/><D59/><U49/><E49/><V81/><F4/><W9/><G9/><T85/><D85/><U98/><E98/><V86/><F37/><W30/><G101/><T89/><D89/><U31/><E7/><V125/><F102/><W21/><G82/><T44/><D44/><U88/><E0/><V26/><F81/><W64/><G20/><T133/><D133/><U19/><E88/><V34/><F46/><AGARI ba="1,0" hai="21,24,30,41,43,46,48,54,64,65,67" m="3543" machi="46" ten="30,2000,0" yaku="8,1,52,1" doraHai="25" who="3" fromWho="2" sc="252,0,392,0,149,-23,207,23" /><INIT seed="5,0,0,4,5,126" ten="252,392,126,230" oya="1" hai0="123,60,111,76,107,80,109,125,53,5,43,66,27" hai1="122,33,37,68,17,75,24,134,93,22,70,4,19" hai2="1,95,30,71,7,23,117,128,103,77,12,45,2" hai3="108,47,28,58,69,124,25,79,114,83,130,112,41"/><U6/><E33/><V50/><F71/><W85/><G108/><T81/><D107/><U10/><E75/><V20/><F77/><W84/><G124/><T121/><D125/><U16/><E37/><V36/><F36/><W0/><G69/><T92/><D43/><U119/><E70/><V88/><F117/><W13/><G130/><T54/><D5/><U99/><E68/><V127/><F127/><W49/><G0/><T57/><D27/><U11/><E119/><V89/><F103/><W91/><G58/><N who="0" m="37143" /><D92/><U94/><E122/><N who="0" m="46601" /><D81/><U133/><E94/><V97/><F128/><W14/><G112/><T67/><D67/><U15/><E93/><V105/><F105/><W115/><G114/><T73/><D54/><U74/><E99/><V120/><F120/><W82/><REACH who="3" step="1"/><G115/><REACH who="3" ten="252,392,126,220" step="2"/><T39/><D111/><U51/><E74/><V106/><F2/><W131/><G131/><T90/><D109/><U64/><E64/><V104/><F1/><W59/><G59/><T55/><D57/><U78/><E133/><V31/><F104/><W35/><AGARI ba="0,1" hai="13,14,25,28,35,41,47,49,79,82,83,84,85,91" machi="35" ten="20,2700,0" yaku="1,1,0,1,7,1,53,0" doraHai="126" doraHaiUra="18" who="3" fromWho="3" sc="252,-7,392,-13,126,-7,220,37" /><INIT seed="6,0,0,3,0,124" ten="245,379,119,257" oya="2" hai0="16,101,115,51,128,50,96,29,79,103,3,78,129" hai1="63,65,69,93,18,6,38,44,26,104,57,47,135" hai2="67,20,32,49,77,125,102,107,74,108,72,82,30" hai3="131,13,86,97,130,24,28,8,120,48,87,5,90"/><V76/><F20/><N who="3" m="15367" /><G120/><T123/><D123/><U100/><E135/><V133/><F49/><N who="0" m="18442" /><D3/><U11/><E104/><V0/><F0/><W58/><G58/><T66/><D29/><U27/><E69/><V52/><F52/><W40/><G40/><T35/><D35/><U127/><E127/><V71/><F125/><W45/><G45/><T88/><D115/><U25/><E18/><V41/><F41/><W89/><G48/><T31/><D31/><U59/><E59/><V64/><F133/><W62/><G62/><T39/><D39/><U111/><E111/><V14/><F14/><W17/><G5/><T12/><D66/><U73/><E73/><V99/><F108/><W118/><G118/><T92/><D103/><U85/><E38/><V56/><F56/><W105/><G105/><T83/><D83/><U43/><E43/><V122/><F122/><W7/><G7/><T22/><D101/><U112/><E100/><V109/><F109/><W34/><G34/><T33/><D33/><U10/><E6/><V121/><F121/><W23/><G8/><T114/><D114/><U15/><E112/><V116/><F116/><W1/><G1/><T134/><D134/><U98/><E11/><V54/><F54/><W117/><G117/><T132/><D132/><U37/><E37/><V2/><F2/><W60/><G60/><T53/><D53/><U106/><E44/><V19/><F19/><W42/><G42/><T110/><D110/><U46/><E47/><V94/><F107/><W126/><G126/><T119/><D119/><U70/><E46/><V91/><F32/><RYUUKYOKU ba="0,0" sc="245,30,379,-10,119,-10,257,-10" hai0="12,16,22,78,79,88,92,96,128,129" /><INIT seed="7,1,0,1,0,62" ten="275,369,109,247" oya="3" hai0="61,119,41,109,45,74,36,2,52,83,46,7,96" hai1="102,115,126,28,37,59,118,21,13,124,10,77,108" hai2="135,122,53,58,82,86,5,99,110,49,63,131,0" hai3="40,84,22,125,44,15,9,133,47,25,79,65,39"/><W14/><G125/><N who="1" m="48234" /><E115/><V57/><F122/><W8/><G133/><T120/><D120/><U60/><E37/><V80/><F110/><W123/><G123/><T31/><D109/><U50/><E50/><V95/><F135/><W121/><G121/><T1/><D119/><U89/><E108/><V12/><F131/><W42/><G65/><T94/><D31/><U27/><E89/><V129/><F0/><W92/><G9/><T117/><D117/><U38/><E38/><V81/><F129/><W66/><G66/><T6/><D6/><N who="1" m="3287" /><E77/><V114/><F114/><W20/><G20/><T69/><D7/><U87/><E87/><V68/><F68/><W98/><G8/><T130/><D130/><U70/><E102/><V24/><F24/><W35/><G35/><T91/><D69/><U32/><E70/><V97/><F12/><W18/><G79/><T104/><D104/><U107/><E107/><V34/><F34/><W71/><G84/><T127/><D127/><U103/><E103/><V56/><F5/><W3/><G71/><T23/><D74/><U55/><E118/><V111/><F111/><W112/><G3/><T76/><D23/><AGARI ba="1,0" hai="21,23,27,28,32,55,59,60" m="3287,48234" machi="23" ten="30,1000,0" yaku="18,1" doraHai="62" who="1" fromWho="0" sc="275,-13,369,13,109,0,247,0" owari="262,6.0,382,48.0,109,-39.0,247,-15.0" /></mjloggm>