<mjloggm ver="2.3"><GO type="169" lobby="0"/><UN n0="%E3%81%97%E3%82%85%E3%81%86%E3%83%BC%E3%80%82" n1="%6B%65%69%72%79%6F" n2="%E3%83%A1%E3%83%B3%E3%83%98%E3%83%AB%E4%BE%8D" n3="%E3%82%A6%E3%83%AB%E3%83%88%E3%83%A9%E7%AB%8B%E7%9B%B4" dan="17,16,16,16" rate="2126.12,2053.40,2114.22,2048.23" sx="M,F,F,M"/><TAIKYOKU oya="0"/><INIT seed="0,0,0,5,0,62" ten="250,250,250,250" oya="0" hai0="18,92,29,6,77,45,28,41,24,65,120,130,3" hai1="15,108,17,116,59,85,43,1,73,87,57,100,74" hai2="34,89,50,64,52,7,95,128,20,93,63,56,81" hai3="131,37,134,75,78,0,121,12,84,54,122,23,101"/><T42/><D120/><U112/><E116/><V58/><F34/><W123/><G0/><T9/><D130/><U106/><E1/><V61/><F128/><W86/><G131/><T96/><D77/><U48/><E74/><V51/><F7/><W124/><G37/><T46/><D18/><U30/><E73/><V13/><F81/><N who="3" m="45279" /><G124/><T88/><D65/><U38/><E38/><V8/><F20/><W97/><G54/><T22/><REACH who="0" step="1"/><D28/><REACH who="0" ten="240,250,250,250" step="2"/><U35/><E30/><V53/><F64/><W72/><G72/><T79/><D79/><U110/><E110/><V31/><F31/><W113/><G113/><T80/><D80/><U70/><E108/><V33/><F33/><W11/><G134/><T49/><D49/><U40/><E48/><V16/><F95/><N who="3" m="58559" /><G11/><T36/><D36/><U68/><E35/><V66/><F66/><W111/><G111/><T21/><D21/><U47/><E112/><V125/><F125/><W83/><G83/><T132/><D132/><U69/><E106/><V39/><F39/><W90/><G90/><T10/><D10/><U118/><E118/><V109/><F109/><W127/><G127/><T126/><D126/><U117/><E117/><V135/><F135/><W4/><G4/><T2/><D2/><U133/><E133/><V14/><F14/><W32/><G32/><T67/><D67/><U27/><E15/><V98/><AGARI ba="0,1" hai="8,13,16,50,51,52,53,56,58,61,63,89,93,98" machi="98" ten="20,12000,2" yaku="0,1,7,1,9,1,8,1,54,2" doraHai="62" who="2" fromWho="2" sc="240,-60,250,-30,250,130,250,-30" /><INIT seed="1,0,0,4,3,102" ten="180,220,380,220" oya="1" hai0="48,34,23,98,4,32,69,7,97,109,108,87,77" hai1="121,74,91,122,117,126,15,12,1,86,132,131,96" hai2="105,36,92,16,89,25,59,46,73,60,90,17,53" hai3="55,43,113,40,33,61,51,20,0,111,100,115,26"/><U35/><E117/><V134/><F73/><W63/><G33/><N who="0" m="12907" /><D48/><U93/><E1/><V95/><F134/><W62/><G0/><T65/><D65/><U38/><E74/><V44/><F105/><W14/><G14/><T119/><D69/><U8/><E35/><V11/><F36/><W75/><G75/><T68/><D68/><U9/><E38/><V114/><F114/><W129/><G100/><T50/><D50/><U10/><E132/><V70/><F70/><W45/><G115/><T67/><D67/><U30/><E30/><V82/><F82/><W42/><G113/><T19/><D77/><U6/><E131/><V18/><F11/><W120/><G129/><T107/><D87/><U79/><E126/><V127/><F25/><W135/><G135/><T58/><D58/><U83/><REACH who="1" step="1"/><E10/><REACH who="1" ten="180,210,380,220" step="2"/><V94/><F127/><W112/><G112/><T81/><D119/><U133/><E133/><V128/><F128/><W78/><G120/><T52/><D23/><U85/><E85/><N who="2" m="52271" /><F95/><W103/><G20/><T56/><D81/><U84/><E84/><AGARI ba="0,1" hai="16,17,18,44,46,53,59,60,84,90,94" m="52271" machi="84" ten="30,2000,0" yaku="8,1,54,1" doraHai="102" who="2" fromWho="1" sc="180,0,210,-20,380,30,220,0" /><INIT seed="2,0,0,2,1,16" ten="180,190,410,220" oya="2" hai0="70,21,107,34,61,111,2,27,76,124,29,37,116" hai1="112,28,52,4,42,71,135,23,84,40,106,8,0" hai2="133,86,87,85,126,113,110,66,49,105,65,102,97" hai3="64,38,81,46,14,45,31,82,6,3,79,5,35"/><V92/><F113/><W95/><G3/><T118/><D111/><U109/><E112/><V117/><F117/><N who="0" m="45162" /><D124/><U41/><E71/><V88/><F126/><W17/><G64/><N who="0" m="41231" /><D37/><U121/><E106/><V12/><F133/><W63/><G63/><T11/><D76/><U44/><E109/><V134/><F134/><W51/><G95/><T91/><D91/><U74/><E74/><V89/><F110/><W132/><G132/><T130/><D107/><U99/><E135/><V1/><F1/><W60/><G60/><T120/><D120/><U22/><E121/><V69/><F69/><W131/><G81/><T96/><D96/><U119/><E119/><V56/><F66/><W20/><G38/><T98/><D98/><U128/><E128/><V104/><F105/><W58/><G131/><T39/><D39/><U90/><E28/><V19/><F89/><W25/><G58/><T93/><D93/><U72/><E72/><V48/><F65/><W62/><G62/><T68/><D68/><U73/><E73/><V129/><F129/><W55/><REACH who="3" step="1"/><G46/><REACH who="3" ten="180,190,410,210" step="2"/><T24/><D130/><U67/><E67/><V54/><F49/><W13/><G13/><T101/><D101/><U26/><E44/><V122/><F122/><W115/><G115/><T100/><D100/><U33/><E0/><V7/><F104/><W108/><G108/><T83/><D83/><U127/><E127/><V32/><F102/><W114/><G114/><T77/><D2/><U43/><E26/><V103/><F103/><W10/><G10/><T47/><D11/><U59/><E8/><V125/><F92/><RYUUKYOKU ba="0,1" sc="180,-10,190,-10,410,-10,210,30" hai3="5,6,14,17,20,25,31,35,45,51,55,79,82" /><INIT seed="3,1,1,5,1,34" ten="170,180,400,240" oya="3" hai0="79,65,107,16,82,76,59,133,8,93,62,105,38" hai1="17,39,51,37,83,56,47,43,33,49,91,98,121" hai2="116,72,29,122,53,66,114,126,24,12,123,55,11" hai3="86,110,87,101,18,106,0,14,64,119,45,97,5"/><W109/><G64/><T90/><D38/><U100/><E33/><V70/><F116/><W1/><G45/><T9/><D133/><U10/><E121/><N who="2" m="46091" /><F114/><W73/><G73/><T52/><D65/><U78/><E91/><V95/><F72/><W112/><G112/><T102/><D102/><U13/><E56/><V118/><F126/><W25/><G25/><T71/><D71/><U127/><E37/><V129/><F129/><W19/><G5/><T80/><D105/><U84/><REACH who="1" step="1"/><E127/><REACH who="1" ten="170,170,400,240" step="2"/><V77/><F118/><W2/><G119/><T69/><D69/><U35/><E35/><V124/><F124/><W68/><G68/><T48/><D79/><U88/><E88/><V21/><F77/><W57/><G57/><T111/><D76/><U44/><E44/><V128/><F70/><W135/><G135/><T130/><D130/><U117/><E117/><V36/><F128/><W41/><G41/><T54/><D90/><U7/><E7/><V67/><F36/><W115/><G115/><T42/><D42/><U120/><E120/><V50/><F67/><W132/><G132/><T58/><D58/><U26/><E26/><V103/><F66/><W61/><G61/><T125/><D125/><U20/><E20/><V40/><F40/><W85/><REACH who="3" step="1"/><G19/><REACH who="3" ten="170,170,400,230" step="2"/><T4/><D16/><U3/><E3/><V60/><F60/><W92/><G92/><AGARI ba="1,3" hai="10,13,17,39,43,47,49,51,78,83,84,92,98,100" machi="92" ten="30,2000,0" yaku="1,1,7,1,53,0" doraHai="34" doraHaiUra="134" who="1" fromWho="3" sc="170,0,170,53,400,0,230,-23" /><INIT seed="4,0,0,2,2,77" ten="170,223,400,207" oya="0" hai0="35,11,38,27,26,90,7,43,101,89,39,123,99" hai1="133,134,0,18,135,47,64,32,9,117,29,68,34" hai2="28,122,67,118,93,33,36,19,88,102,24,78,3" hai3="129,2,73,130,84,57,56,76,128,113,115,45,106"/><T110/><D123/><U54/><E117/><V23/><F122/><W53/><G2/><T69/><D69/><U58/><E68/><V92/><F36/><W15/><G106/><T46/><D39/><U5/><E29/><V114/><F114/><N who="3" m="43531" /><G73/><T124/><D110/><U14/><E47/><V81/><F67/><W80/><G15/><T63/><D63/><U96/><E96/><V95/><F3/><W61/><G45/><T31/><D27/><U40/><E40/><V108/><F108/><W22/><G22/><T8/><D124/><U52/><E64/><V107/><F118/><W94/><G94/><T37/><D37/><U105/><E105/><V87/><F107/><W112/><G57/><T13/><REACH who="0" step="1"/><D8/><REACH who="0" ten="160,223,400,207" step="2"/><N who="1" m="6471" /><E54/><V82/><F102/><W21/><G112/><T97/><D97/><U60/><AGARI ba="0,1" hai="0,5,9,32,34,52,58,60,133,134,135" m="6471" machi="60" ten="30,2000,0" yaku="20,1,54,1" doraHai="77" who="1" fromWho="1" sc="160,-10,223,30,400,-5,207,-5" /><INIT seed="5,0,0,1,1,117" ten="150,253,395,202" oya="1" hai0="110,89,69,116,123,61,72,135,17,134,4,92,59" hai1="66,48,95,79,131,54,112,11,128,127,130,16,133" hai2="124,21,49,111,25,38,85,70,86,129,55,93,9" hai3="1,78,121,77,82,39,76,52,19,126,119,101,60"/><U63/><E112/><V115/><F38/><W99/><G39/><T108/><D116/><U6/><E79/><V13/><F111/><W58/><G1/><T106/><D69/><U0/><E127/><V90/><F70/><W45/><G126/><T74/><D4/><U2/><E133/><N who="0" m="50697" /><D17/><U118/><E118/><V91/><F115/><W71/><G119/><T50/><D50/><U51/><E95/><V15/><F124/><W12/><G121/><T105/><D59/><N who="1" m="37247" /><E2/><V28/><F129/><W75/><G45/><T107/><D61/><U122/><E122/><V120/><F9/><W84/><G71/><T22/><D22/><U43/><E43/><V3/><F120/><W18/><G75/><N who="0" m="28715" /><D123/><U103/><E103/><V14/><F3/><W44/><G44/><T81/><D81/><U37/><E37/><V32/><F32/><W100/><G100/><T40/><D40/><U36/><E36/><V56/><F13/><W102/><G102/><T104/><N who="0" m="26624" /><DORA hai="46" /><T109/><D109/><U57/><E16/><N who="3" m="6186" /><G12/><T24/><D24/><U114/><E114/><V98/><F15/><W47/><G47/><T20/><D20/><U23/><E23/><V64/><F14/><W67/><G67/><T35/><D35/><U73/><E73/><V26/><F64/><W132/><G132/><T42/><D42/><U27/><E27/><V31/><F26/><W97/><G101/><T10/><D10/><U34/><E34/><V68/><F68/><W80/><G80/><T29/><D29/><U53/><E53/><V41/><F31/><W96/><AGARI ba="0,0" hai="52,58,60,76,77,78,82,84,96,97,99" m="6186" machi="96" ten="30,4000,0" yaku="8,1,54,2" doraHai="117,46" who="3" fromWho="3" sc="150,-10,253,-20,395,-10,202,40" /><INIT seed="6,0,0,2,4,83" ten="140,233,385,242" oya="2" hai0="18,132,25,92,96,84,48,55,73,30,100,15,86" hai1="113,102,63,80,78,99,93,131,81,19,69,117,122" hai2="45,123,29,98,109,120,101,66,62,36,133,112,124" hai3="87,53,6,97,68,26,10,27,12,31,52,23,57"/><V72/><F112/><W38/><G68/><T11/><D73/><U70/><E117/><V64/><F64/><W119/><G38/><T104/><D104/><U125/><E113/><V28/><F133/><W41/><G41/><T116/><D132/><U105/><E131/><V127/><F109/><W13/><G119/><T107/><D107/><U37/><E37/><V115/><F72/><W77/><G97/><T24/><D116/><U126/><E122/><V114/><F115/><W50/><G53/><T90/><D100/><U33/><E33/><V7/><F7/><W118/><G118/><T108/><D108/><U14/><E63/><V88/><F114/><W34/><G27/><T35/><REACH who="0" step="1"/><D24/><REACH who="0" ten="130,233,385,242" step="2"/><U129/><E129/><V106/><F106/><W0/><G34/><T58/><AGARI ba="0,1" hai="11,15,18,25,30,35,48,55,58,84,86,90,92,96" machi="58" ten="20,12000,2" yaku="1,1,2,1,0,1,7,1,52,2,53,0" doraHai="83" doraHaiUra="3" who="0" fromWho="0" sc="130,130,233,-30,385,-60,242,-30" /><INIT seed="7,0,0,0,1,46" ten="260,203,325,212" oya="3" hai0="40,104,54,64,47,88,77,82,7,6,94,132,109" hai1="89,3,86,60,99,53,81,124,108,5,111,126,44" hai2="43,63,103,117,21,122,34,12,38,80,2,114,131" hai3="95,32,62,128,26,127,35,9,133,84,30,20,61"/><W14/><G35/><T110/><D104/><U105/><E3/><V113/><F2/><W68/><G127/><N who="1" m="48682" /><E5/><V129/><F34/><W23/><G128/><N who="2" m="49225" /><F117/><W1/><G133/><T75/><D64/><U31/><E31/><V92/><F122/><W115/><G115/><T41/><D132/><U98/><E105/><V96/><F43/><W10/><G68/><T85/><D41/><U134/><E134/><V93/><F38/><W69/><G69/><T33/><D54/><U58/><E44/><V106/><F80/><W100/><G32/><T51/><REACH who="0" step="1"/><D33/><REACH who="0" ten="250,203,325,212" step="2"/><U28/><E28/><V135/><F135/><W112/><G112/><N who="2" m="43113" /><F63/><W59/><G62/><T42/><D42/><U101/><E101/><V57/><F57/><W52/><G100/><T119/><D119/><U27/><E27/><V83/><F83/><W90/><G1/><T4/><AGARI ba="0,1" hai="4,6,7,40,47,51,75,77,82,85,88,94,109,110" machi="4" ten="30,7900,0" yaku="1,1,0,1,52,1,54,1,53,0" doraHai="46" doraHaiUra="18" who="0" fromWho="0" sc="250,89,203,-20,325,-20,212,-39" owari="339,44.0,183,-22.0,305,11.0,173,-33.0" /></mjloggm>