<mjloggm ver="2.3"><GO type="225" lobby="0"/><UN n0="%EF%BC%93%EF%BD%90%E3%81%8C%E3%83%84%E3%83%A2%E3%82%8C%E3%81%AA%E3%81%84" n1="%E7%99%BD%E6%B0%B4%E3%82%82%E3%81%AB" n2="%53%4C%42%EF%BC%A0" n3="%E3%82%A6%E3%83%AB%E3%83%88%E3%83%A9%E7%AB%8B%E7%9B%B4" dan="17,17,16,16" rate="2148.17,2138.37,2124.97,2022.77" sx="M,F,F,M"/><TAIKYOKU oya="0"/><INIT seed="0,0,0,3,0,13" ten="250,250,250,250" oya="0" hai0="99,32,88,41,120,77,19,66,11,67,81,122,31" hai1="89,86,110,50,55,83,92,72,100,7,16,18,111" hai2="90,42,9,85,20,56,22,0,8,5,29,126,114" hai3="70,135,80,10,113,93,28,69,98,49,133,117,130"/><T3/><D41/><U115/><E7/><V76/><F114/><W131/><G117/><T25/><D3/><U26/><E26/><V38/><F76/><W94/><G113/><T112/><D112/><U51/><E115/><V37/><F9/><W96/><G80/><T43/><D43/><U4/><E4/><V82/><F126/><W116/><G116/><T132/><D132/><N who="3" m="50761" /><G10/><T106/><D106/><U91/><E100/><V64/><F42/><W34/><G49/><N who="1" m="18442" /><E55/><V74/><F74/><W73/><G73/><T101/><D101/><U109/><E72/><V47/><F47/><W17/><G28/><T40/><D40/><U79/><E79/><V21/><REACH who="2" step="1"/><F29/><REACH who="2" ten="250,250,240,250" step="2"/><W108/><G108/><T58/><D77/><U125/><E125/><V23/><N who="2" m="5120" /><DORA hai="129" /><V105/><F105/><W6/><G34/><T54/><D32/><U46/><E46/><V30/><F30/><W2/><G2/><T87/><D31/><U53/><E53/><V45/><F45/><W104/><G104/><T12/><D25/><U75/><E75/><V61/><AGARI ba="0,1" hai="0,5,8,37,38,56,61,64,82,85,90" m="5120" machi="61" ten="40,8000,1" yaku="1,1,0,1,53,2" doraHai="13,129" doraHaiUra="57,1" who="2" fromWho="2" sc="250,-40,250,-20,240,90,250,-20" /><INIT seed="1,0,0,0,5,117" ten="210,230,330,230" oya="1" hai0="51,129,107,15,75,130,21,64,36,113,111,34,40" hai1="38,132,6,0,9,121,39,25,58,52,31,32,65" hai2="46,100,128,83,108,43,23,106,114,89,91,48,110" hai3="59,95,14,103,101,30,92,16,69,116,55,53,3"/><U63/><E132/><V125/><F128/><W45/><G69/><T11/><D75/><U37/><REACH who="1" step="1"/><E121/><REACH who="1" ten="210,220,330,230" step="2"/><V71/><F110/><W120/><G120/><T66/><D111/><U126/><E126/><V7/><F108/><W62/><G116/><T54/><D130/><U73/><E73/><V60/><F125/><W135/><G135/><T96/><D129/><U123/><E123/><V85/><F114/><W94/><G3/><T2/><D2/><U67/><AGARI ba="0,1" hai="0,6,9,25,31,32,37,38,39,52,58,63,65,67" machi="67" ten="40,7800,0" yaku="1,1,0,1,54,1,53,0" doraHai="117" doraHaiUra="134" who="1" fromWho="1" sc="210,-26,220,88,330,-26,230,-26" /><INIT seed="1,1,0,4,5,108" ten="184,308,304,204" oya="1" hai0="129,61,73,17,87,110,89,60,123,46,26,127,112" hai1="11,64,63,25,92,56,101,103,117,96,67,122,116" hai2="79,53,14,113,71,88,49,72,65,31,132,91,2" hai3="107,27,41,13,118,44,77,120,39,43,6,38,23"/><U75/><E122/><V33/><F2/><W94/><G107/><T8/><D110/><U51/><E75/><V69/><F132/><W83/><G120/><T85/><D123/><U10/><E101/><V55/><F14/><W37/><G94/><T19/><D112/><U16/><E67/><V84/><F72/><W70/><G70/><T102/><D73/><U48/><E117/><V18/><F18/><W124/><G124/><T82/><D127/><U97/><E97/><V134/><F134/><W80/><G118/><T99/><D129/><U4/><E116/><V1/><F1/><W32/><G32/><T128/><D128/><U42/><E42/><V111/><F111/><W59/><G59/><T133/><D133/><U86/><E86/><V93/><F79/><W7/><G13/><N who="0" m="7335" /><D46/><U135/><E135/><V29/><F33/><W0/><G0/><T66/><D66/><U106/><E106/><V50/><F65/><W81/><G77/><N who="0" m="46287" /><D99/><U109/><E109/><V5/><F84/><W62/><G62/><N who="0" m="24171" /><D102/><U104/><E104/><V47/><F47/><W52/><G44/><T20/><D87/><U21/><REACH who="1" step="1"/><E4/><REACH who="1" ten="184,298,304,204" step="2"/><V45/><F5/><W40/><G52/><T98/><D98/><U68/><E68/><V130/><F130/><W22/><G7/><T74/><D74/><U58/><E58/><V105/><F105/><W115/><G6/><T100/><D100/><U76/><E76/><V119/><F119/><W95/><G40/><T36/><D89/><U12/><E12/><V121/><F121/><W3/><G41/><T24/><D24/><U28/><E28/><RYUUKYOKU ba="1,1" sc="184,15,298,15,304,-15,204,-15" hai0="19,20,26,36" hai1="10,11,16,21,25,48,51,56,63,64,92,96,103" /><INIT seed="1,2,1,2,2,76" ten="199,313,289,189" oya="1" hai0="37,114,45,36,41,70,84,121,51,106,65,110,120" hai1="62,8,17,27,133,19,59,104,3,129,52,7,116" hai2="108,73,30,46,111,83,49,38,54,69,119,63,6" hai3="66,100,127,125,95,35,88,107,48,105,21,135,115"/><U53/><E116/><V134/><F119/><W40/><G35/><T50/><D106/><U56/><E129/><V117/><F117/><W79/><G115/><T78/><D114/><U85/><E133/><V102/><F134/><W34/><G34/><T13/><D13/><U123/><E123/><N who="0" m="47177" /><D110/><N who="2" m="42026" /><F102/><W33/><G33/><T87/><D50/><U2/><E2/><V15/><F38/><N who="0" m="14954" /><D78/><U77/><E104/><V122/><F30/><W99/><G135/><T128/><D128/><U4/><E4/><V31/><F31/><W10/><G79/><T97/><D97/><U92/><E27/><V74/><F122/><W1/><G105/><T25/><D25/><U112/><E112/><V130/><F130/><W60/><G48/><T12/><D12/><U61/><E92/><V118/><F118/><W5/><G40/><T101/><D101/><U11/><E11/><N who="2" m="4599" /><F63/><AGARI ba="2,1" hai="41,45,51,63,65,70,84,87" m="14954,47177" machi="63" ten="30,1000,0" yaku="13,1" doraHai="76" who="0" fromWho="2" sc="199,26,313,0,289,-16,189,0" /><INIT seed="2,0,0,5,0,18" ten="225,313,273,189" oya="2" hai0="88,91,61,57,89,23,40,74,113,0,95,133,47" hai1="92,94,17,72,5,8,124,96,4,37,86,13,2" hai2="85,63,108,117,15,10,127,104,45,48,76,83,69" hai3="6,58,109,67,44,28,46,71,51,11,38,39,73"/><V43/><F117/><W20/><G73/><T122/><D122/><U62/><E72/><V59/><F104/><W52/><G109/><T53/><D113/><U22/><E124/><V9/><F127/><W90/><G39/><T116/><D116/><U129/><E129/><V103/><F69/><W131/><G131/><T134/><D0/><U87/><E37/><V102/><F108/><W29/><G38/><N who="0" m="21911" /><D74/><U60/><E5/><N who="2" m="3503" /><F10/><W106/><G106/><T12/><D12/><N who="1" m="9511" /><E2/><V32/><F32/><W56/><G71/><T31/><D31/><U128/><E128/><V35/><F35/><W7/><G90/><T79/><D79/><U126/><E126/><V121/><F121/><W70/><G70/><T125/><D125/><U66/><E66/><AGARI ba="0,0" hai="43,45,48,59,63,66,76,83,85,102,103" m="3503" machi="66" ten="30,2900,0" yaku="25,1,8,1" doraHai="18" who="2" fromWho="1" sc="225,0,313,-29,273,29,189,0" /><INIT seed="2,1,0,5,4,18" ten="225,284,302,189" oya="2" hai0="68,26,42,84,71,95,59,49,29,63,35,96,114" hai1="119,83,15,107,118,61,65,12,82,38,77,112,21" hai2="66,92,52,76,133,102,0,11,55,97,101,111,67" hai3="22,130,9,116,73,32,126,28,100,1,37,54,58"/><V39/><F39/><W117/><G37/><T93/><D114/><U69/><E112/><V129/><F133/><W128/><G73/><T4/><D4/><U123/><E123/><V41/><F129/><N who="3" m="49771" /><G100/><T16/><D84/><U62/><E107/><V108/><F41/><W115/><G115/><T120/><D120/><U85/><E38/><V122/><F122/><W46/><G46/><T105/><D105/><U10/><E62/><V47/><F76/><W34/><G54/><N who="2" m="20521" /><F47/><W36/><G58/><T87/><D42/><U80/><E119/><N who="3" m="45642" /><G36/><T2/><D49/><U74/><E118/><V33/><F33/><W89/><G89/><T127/><D59/><U27/><E74/><V121/><F102/><W14/><G1/><T56/><D2/><U113/><E113/><V3/><F121/><W64/><G64/><N who="2" m="24617" /><F11/><W81/><G81/><T5/><D56/><U7/><E82/><V134/><F134/><W48/><G48/><T45/><D45/><U104/><E83/><V8/><F8/><W70/><G70/><T131/><D131/><U13/><E104/><V75/><F75/><W91/><G91/><T125/><D68/><U24/><E80/><V86/><F86/><W90/><G90/><T19/><D71/><U31/><E85/><V79/><F79/><W99/><G99/><T44/><D44/><U25/><E77/><V57/><F57/><W78/><G78/><T132/><D87/><U60/><E60/><V109/><AGARI ba="1,0" hai="0,3,92,97,101,108,109,111" m="24617,20521" machi="109" ten="40,7800,0" yaku="14,1,10,1,54,1" doraHai="18" who="2" fromWho="2" sc="225,-27,284,-27,302,81,189,-27" /><INIT seed="2,2,0,1,3,55" ten="198,257,383,162" oya="2" hai0="101,119,40,28,93,2,66,62,7,104,71,68,123" hai1="30,18,100,1,111,49,128,56,41,83,44,10,33" hai2="132,57,96,39,63,26,61,21,102,27,125,115,133" hai3="97,23,3,116,46,98,78,117,16,43,110,11,124"/><V75/><F115/><W51/><G124/><T69/><D93/><U15/><E111/><V120/><F120/><W50/><G110/><T130/><D123/><U86/><E128/><V108/><F108/><W53/><G78/><T127/><D127/><U107/><E1/><V13/><F125/><W82/><G82/><T72/><D130/><U8/><E33/><V6/><F75/><W48/><G48/><T47/><D28/><U35/><E35/><V134/><F39/><W85/><G85/><T90/><D90/><U103/><E30/><V79/><F79/><W52/><G43/><T114/><D114/><U31/><E31/><V14/><F63/><W126/><G126/><T36/><D72/><U74/><E74/><V22/><F22/><W135/><G135/><T0/><D119/><U121/><E107/><N who="2" m="63943" /><F6/><W94/><G11/><N who="0" m="2535" /><D2/><U131/><E131/><V106/><F106/><W65/><G3/><T122/><D122/><U92/><E8/><V73/><F73/><W17/><G65/><T112/><D112/><U58/><E121/><V109/><F109/><W80/><G80/><T24/><D24/><N who="2" m="9258" /><F21/><W60/><G60/><T129/><D129/><U99/><E103/><V70/><F70/><W113/><G23/><T20/><D20/><U38/><E38/><V77/><F77/><AGARI ba="2,0" hai="10,15,18,41,44,49,56,58,77,83,86,92,99,100" machi="77" ten="30,7700,0" yaku="7,1,8,1,52,2" doraHai="55" who="1" fromWho="2" sc="198,0,257,83,383,-83,162,0" /><INIT seed="3,0,0,3,0,92" ten="198,340,300,162" oya="3" hai0="65,8,75,9,53,36,24,133,117,102,3,45,67" hai1="76,78,46,32,54,101,99,51,90,74,28,84,113" hai2="129,43,93,85,59,17,13,83,30,95,23,107,48" hai3="20,57,119,58,70,44,62,6,105,12,77,35,115"/><W122/><G35/><T5/><D117/><U116/><E113/><V11/><F129/><W15/><G119/><T63/><D102/><U86/><E74/><V64/><F107/><W1/><G122/><T120/><D120/><U21/><E32/><V41/><F64/><W22/><G115/><T7/><D133/><U16/><E28/><V66/><F66/><N who="3" m="39255" /><G105/><T52/><D24/><N who="1" m="14375" /><E116/><V55/><F30/><W50/><G70/><T80/><D65/><U110/><E110/><V40/><REACH who="2" step="1"/><F11/><REACH who="2" ten="198,340,290,162" step="2"/><N who="3" m="4215" /><G1/><T131/><D131/><U128/><E128/><V38/><F38/><W89/><G77/><AGARI ba="0,1" hai="13,17,23,40,41,43,48,55,59,77,83,85,93,95" machi="77" ten="40,2600,0" yaku="1,1,8,1,53,0" doraHai="92" doraHaiUra="132" who="2" fromWho="3" sc="198,0,340,0,290,36,162,-26" owari="198,-20.0,340,43.0,326,13.0,136,-36.0" /></mjloggm>