<mjloggm ver="2.3"><GO type="97" lobby="0"/><UN n0="%E3%81%97%E3%81%A3%E3%81%BD%E3%82%8A%E3%83%BC%E3%81%AA" n1="%E3%81%88%E3%81%9B%E3%83%87%E3%82%B8%E5%90%9B" n2="%E8%A6%8B%E3%81%88%E3%81%96%E3%82%8B%E6%89%8B" n3="%E3%82%A6%E3%83%AB%E3%83%88%E3%83%A9%E7%AB%8B%E7%9B%B4" dan="14,14,15,15" rate="1915.36,1954.56,1942.31,1997.13" sx="F,M,M,M"/><TAIKYOKU oya="0"/><INIT seed="0,0,0,3,4,45" ten="250,250,250,250" oya="0" hai0="60,104,67,1,51,34,18,132,89,77,57,110,84" hai1="119,134,13,12,73,123,83,101,127,70,36,4,40" hai2="108,54,133,61,80,39,82,121,53,41,126,24,0" hai3="113,125,50,102,43,49,100,118,109,81,46,114,86"/><T124/><D124/><U76/><E119/><V27/><F126/><W63/><G125/><T48/><D104/><U15/><E123/><V55/><F121/><W66/><G118/><T14/><D1/><U35/><E35/><V85/><F133/><W20/><G109/><T112/><D112/><U30/><E30/><V2/><F108/><W95/><G113/><T62/><D110/><U131/><E134/><V31/><F61/><W93/><G114/><T38/><D38/><U59/><E70/><V72/><F72/><W42/><G20/><N who="0" m="11351" /><D34/><U11/><E131/><V3/><F31/><W44/><G95/><N who="0" m="54695" /><D132/><U19/><E127/><V88/><REACH who="2" step="1"/><F82/><REACH who="2" ten="250,250,240,250" step="2"/><W29/><G29/><T22/><D62/><U21/><E83/><V69/><F69/><W16/><G63/><T9/><D77/><U7/><E76/><V8/><F8/><W128/><G128/><T64/><D67/><U78/><E78/><V65/><F65/><W105/><G66/><T98/><D9/><U52/><E11/><V120/><F120/><W87/><G105/><T33/><D33/><U90/><E73/><V103/><F103/><W97/><G102/><T25/><D98/><U5/><E101/><V47/><AGARI ba="0,1" hai="0,2,3,24,27,39,41,47,53,54,55,80,85,88" machi="47" ten="40,5200,0" yaku="1,1,0,1,54,1,53,0" doraHai="45" doraHaiUra="74" who="2" fromWho="2" sc="250,-26,250,-13,240,62,250,-13" /><INIT seed="1,0,0,5,4,65" ten="224,237,302,237" oya="1" hai0="28,98,11,24,115,55,100,3,89,121,26,12,105" hai1="58,120,80,45,37,52,78,132,69,2,44,88,25" hai2="46,51,110,67,127,57,66,15,62,48,33,134,79" hai3="104,32,135,107,119,108,63,124,70,20,90,53,9"/><U13/><E120/><V56/><F33/><W92/><G32/><T1/><D115/><U116/><E116/><V74/><F74/><W113/><G113/><T126/><D121/><U103/><E2/><V6/><F79/><W81/><G119/><T75/><D126/><U59/><E132/><V93/><F93/><W43/><G124/><T125/><D125/><U83/><E103/><V22/><F127/><W86/><G108/><T4/><D75/><U95/><E69/><V94/><F94/><W128/><G128/><T23/><D89/><U131/><E131/><V130/><F130/><W42/><G135/><T8/><D11/><U34/><E13/><V114/><F114/><W97/><G20/><T91/><D91/><U123/><E123/><V111/><F134/><W27/><G27/><T64/><D64/><U109/><E109/><N who="2" m="41483" /><F22/><W0/><G104/><T18/><REACH who="0" step="1"/><D55/><REACH who="0" ten="214,237,302,237" step="2"/><U16/><E52/><N who="2" m="31751" /><F6/><W71/><G53/><T76/><D76/><U41/><E78/><V40/><F15/><W49/><G90/><T99/><D99/><U73/><E73/><V54/><AGARI ba="0,1" hai="40,46,51,54,57,62,66,67" m="31751,41483" machi="54" ten="30,7900,0" yaku="14,1,34,2,54,1" doraHai="65" who="2" fromWho="2" sc="214,-20,237,-39,302,89,237,-20" /><INIT seed="2,0,0,4,1,116" ten="194,198,391,217" oya="2" hai0="91,27,53,123,1,26,103,32,18,79,121,4,77" hai1="69,68,30,78,72,83,120,62,28,11,109,119,114" hai2="22,94,74,86,110,65,15,42,2,135,39,37,124" hai3="115,101,92,125,100,31,5,13,16,44,133,99,9"/><V102/><F2/><W80/><G125/><T122/><D103/><U49/><E114/><V19/><F124/><W20/><G133/><T73/><D73/><U61/><E119/><V85/><F135/><W111/><G111/><T57/><D26/><U21/><E109/><V23/><F74/><W7/><G115/><T134/><D134/><U43/><E11/><V33/><F33/><W58/><G80/><T47/><D47/><U84/><E72/><V90/><F110/><W132/><G132/><T54/><D54/><U98/><E98/><V56/><F102/><W112/><G112/><T128/><D128/><U106/><E106/><V45/><F39/><W104/><G104/><T66/><D66/><U131/><E131/><V107/><F107/><W127/><G127/><T130/><D130/><U129/><E129/><V14/><F85/><W88/><G100/><T95/><D4/><U81/><E21/><V117/><F117/><W50/><G58/><T63/><D1/><U97/><E97/><V55/><F65/><W105/><G105/><T24/><D24/><U10/><E10/><V29/><F29/><W17/><G101/><T3/><D3/><U87/><E78/><V38/><F38/><W108/><G31/><T6/><D6/><U0/><E0/><V59/><F55/><N who="3" m="30151" /><G108/><T25/><D25/><AGARI ba="0,0" hai="5,7,9,13,16,17,20,25,88,92,99" m="30151" machi="25" ten="30,3900,0" yaku="8,1,54,2" doraHai="116" who="3" fromWho="0" sc="194,-39,198,0,391,0,217,39" /><INIT seed="3,0,0,4,5,124" ten="155,198,391,256" oya="3" hai0="60,74,30,28,70,1,32,7,22,57,49,40,37" hai1="112,123,126,9,92,134,122,58,111,73,35,20,94" hai2="12,110,13,10,54,87,132,98,125,88,86,100,77" hai3="18,46,42,107,14,19,15,4,2,64,101,38,29"/><W121/><G121/><T48/><D74/><U21/><E35/><V39/><F110/><W72/><G72/><T128/><D128/><U5/><E112/><V85/><F125/><W65/><G29/><T47/><D32/><U108/><E126/><V24/><F132/><W99/><G4/><T127/><D127/><U83/><E134/><V51/><F39/><W67/><G2/><T115/><D115/><U23/><E58/><V76/><F24/><W3/><G3/><T113/><D113/><U90/><E73/><V25/><F25/><W11/><REACH who="3" step="1"/><G67/><REACH who="3" ten="155,198,391,246" step="2"/><N who="0" m="39311" /><D30/><U79/><E122/><V135/><F135/><W44/><G44/><T114/><D114/><U103/><E123/><V61/><F61/><W66/><G66/><T96/><D7/><U131/><E5/><V102/><F102/><W130/><G130/><T109/><D1/><U34/><E103/><V91/><F100/><W105/><G105/><T26/><D109/><U52/><E131/><V36/><F77/><W95/><G95/><T43/><D47/><U6/><E6/><V117/><F76/><W16/><G16/><T27/><D28/><U17/><E17/><V55/><F91/><W129/><G129/><T63/><D63/><U93/><E90/><V84/><F88/><W97/><G97/><T56/><D96/><U118/><E108/><V59/><F98/><W53/><G53/><T62/><D62/><U45/><E111/><V33/><F55/><W89/><G89/><T119/><D119/><U31/><E118/><V71/><F117/><W82/><G82/><T81/><D81/><U106/><E83/><RYUUKYOKU ba="0,1" sc="155,-10,198,-10,391,-10,246,30" hai3="11,14,15,18,19,38,42,46,64,65,99,101,107" /><INIT seed="3,1,1,0,4,50" ten="145,188,381,276" oya="3" hai0="74,3,75,22,110,5,93,30,26,1,33,36,54" hai1="95,45,96,34,16,116,86,135,121,40,23,38,77" hai2="91,111,126,14,8,73,25,134,89,37,105,67,120" hai3="47,6,122,44,133,53,98,61,42,112,124,65,58"/><W103/><G122/><T62/><D110/><U63/><E34/><V130/><F120/><W70/><G112/><T0/><D36/><U31/><E121/><V59/><F111/><W24/><G124/><T56/><D5/><U49/><E31/><V35/><F134/><W108/><G133/><T51/><D93/><U87/><E135/><V88/><F37/><W118/><G108/><T46/><REACH who="0" step="1"/><D33/><REACH who="0" ten="135,188,381,276" step="2"/><U69/><E38/><V19/><F35/><W17/><G6/><T43/><AGARI ba="1,2" hai="0,1,3,22,26,30,43,46,51,54,56,62,74,75" machi="43" ten="30,7900,0" yaku="1,1,2,1,0,1,52,1,53,0" doraHai="50" doraHaiUra="29" who="0" fromWho="0" sc="135,102,188,-21,381,-21,276,-40" owari="237,4.0,167,-33.0,360,45.0,236,-16.0" /></mjloggm>