<mjloggm ver="2.3"><GO type="97" lobby="0"/><UN n0="%E7%8A%AC%EF%BC%88%E3%81%84%E3%81%AC%EF%BC%89%E3%81%AE%E6%81%A5%E4%B8%98" n1="%E3%81%B1%E3%81%93%E3%81%B1%E3%81%93" n2="%E3%82%B7%E3%83%9F%E3%83%AA%E3%82%B9%EF%BC%94" n3="%E3%82%A6%E3%83%AB%E3%83%88%E3%83%A9%E7%AB%8B%E7%9B%B4" dan="15,13,14,15" rate="1952.03,1902.64,1888.87,1932.60" sx="F,M,F,M"/><TAIKYOKU oya="0"/><INIT seed="0,0,0,2,3,96" ten="250,250,250,250" oya="0" hai0="114,49,24,122,86,113,68,90,76,66,37,120,51" hai1="108,57,32,89,40,29,20,81,63,45,21,53,9" hai2="44,126,16,34,62,105,85,58,133,42,116,59,132" hai3="88,123,3,60,111,52,107,43,110,0,112,22,70"/><T41/><D76/><U65/><E108/><N who="3" m="41514" /><G112/><N who="0" m="43115" /><D24/><U23/><E32/><V8/><F105/><W14/><G123/><N who="0" m="47147" /><D86/><U131/><E131/><V95/><F34/><W118/><G118/><T82/><D90/><U38/><E9/><V117/><F126/><W5/><G107/><T130/><D82/><U69/><E81/><V129/><F129/><W64/><G43/><T7/><D7/><U50/><REACH who="1" step="1"/><E89/><REACH who="1" ten="250,240,250,250" step="2"/><N who="2" m="53679" /><F117/><W97/><G88/><T10/><D10/><U128/><E128/><V119/><F116/><W27/><G3/><T79/><D130/><U115/><E115/><V71/><F119/><W54/><G0/><T83/><D83/><U30/><AGARI ba="0,1" hai="20,21,23,29,30,38,40,45,50,53,57,63,65,69" machi="30" ten="30,8000,1" yaku="1,1,0,1,24,2,53,1" doraHai="96" doraHaiUra="46" who="1" fromWho="1" sc="250,-40,240,90,250,-20,250,-20" /><INIT seed="1,0,0,5,3,28" ten="210,330,230,230" oya="1" hai0="103,50,129,22,128,62,106,125,84,97,111,42,91" hai1="55,30,7,87,68,86,72,65,114,107,66,58,33" hai2="117,8,13,90,5,64,127,115,92,17,71,119,25" hai3="1,134,110,9,135,11,47,21,77,81,83,18,56"/><U49/><E107/><V3/><F127/><W98/><G1/><T26/><D62/><U96/><E72/><V113/><F64/><W34/><G34/><T67/><D67/><U0/><E114/><N who="2" m="43531" /><F71/><W116/><G116/><T39/><D39/><U79/><E0/><V40/><F40/><W73/><G110/><T43/><D111/><U78/><E7/><V104/><F104/><W112/><G112/><T53/><D125/><U82/><E96/><N who="2" m="57367" /><F25/><W132/><G98/><T31/><D128/><U61/><E66/><V32/><F32/><W6/><G6/><T37/><D37/><U133/><E133/><V121/><F121/><W109/><G109/><T57/><REACH who="0" step="1"/><D129/><REACH who="0" ten="200,330,230,230" step="2"/><U76/><REACH who="1" step="1"/><E82/><AGARI ba="0,1" hai="22,26,31,42,43,50,53,57,82,84,91,97,103,106" machi="82" ten="30,7700,0" yaku="1,1,2,1,7,1,53,1" doraHai="28" doraHaiUra="93" who="0" fromWho="1" sc="200,87,330,-77,230,0,230,0" /><INIT seed="2,0,0,0,2,83" ten="287,253,230,230" oya="2" hai0="37,118,85,94,123,9,87,36,97,11,115,91,4" hai1="51,72,27,69,129,52,49,79,34,2,48,101,134" hai2="112,65,26,133,46,106,50,132,66,7,31,88,28" hai3="63,22,57,42,32,84,92,29,47,53,130,78,39"/><V38/><F106/><W68/><G32/><T110/><D115/><U44/><E2/><V73/><F38/><W109/><G130/><T14/><D123/><U100/><E69/><V121/><F121/><W119/><G119/><T35/><D35/><U25/><E134/><N who="2" m="51819" /><F7/><W0/><G0/><T128/><D110/><U3/><E3/><V56/><F112/><W19/><G29/><N who="2" m="11337" /><F26/><W102/><G109/><T122/><D122/><U95/><E129/><V104/><F104/><W21/><G68/><T98/><D128/><U71/><E34/><V54/><F73/><W114/><G114/><T117/><D37/><U43/><E71/><V16/><F16/><W12/><G39/><T89/><D36/><U99/><E72/><V13/><F13/><W96/><G47/><T40/><D11/><U1/><E1/><V124/><F124/><W23/><G42/><T64/><D40/><U77/><E101/><V113/><F113/><W55/><G55/><T15/><D15/><U131/><E131/><V17/><F17/><W116/><G116/><N who="0" m="44651" /><D64/><N who="2" m="24682" /><F88/><W103/><G103/><T86/><D91/><U60/><E25/><V120/><F120/><W125/><G125/><T30/><D30/><U45/><E27/><V135/><N who="2" m="51827" /><V90/><DORA hai="126" /><F90/><W75/><G75/><T82/><D82/><AGARI ba="0,0" hai="12,19,21,22,23,53,57,63,78,82,84,92,96,102" machi="82" ten="40,2600,0" yaku="8,1,52,1" doraHai="83,126" who="3" fromWho="0" sc="287,-26,253,0,230,0,230,26" /><INIT seed="3,0,0,5,5,67" ten="261,253,230,256" oya="3" hai0="112,111,117,24,31,134,115,42,15,54,11,7,21" hai1="23,108,5,86,6,33,91,2,3,103,46,19,133" hai2="128,104,75,110,101,26,62,14,47,98,36,83,77" hai3="88,122,4,100,32,9,29,58,22,95,81,60,69"/><W113/><G122/><T16/><D42/><U27/><E33/><V82/><F128/><W105/><G32/><N who="0" m="20583" /><D54/><U118/><E133/><V50/><F110/><W109/><G69/><T97/><D97/><U43/><E108/><V130/><F130/><W76/><G105/><T68/><D111/><U35/><E35/><V79/><F36/><W18/><G29/><T45/><D45/><U1/><E118/><V124/><F124/><W106/><G100/><T44/><D44/><U90/><E103/><V57/><F26/><N who="3" m="14679" /><G106/><T129/><D129/><U116/><E116/><V92/><F14/><N who="3" m="5415" /><G109/><T61/><D134/><U34/><E34/><V0/><F0/><W94/><G113/><N who="0" m="43595" /><D117/><U107/><E107/><V87/><F104/><W28/><G76/><T80/><D80/><U25/><E25/><V64/><F47/><W93/><G81/><T55/><D55/><U123/><E91/><V41/><F41/><W96/><G28/><T119/><D119/><U127/><E123/><V120/><F120/><W38/><G38/><T132/><D132/><U13/><E127/><V51/><AGARI ba="0,0" hai="50,51,57,62,64,75,77,79,82,83,87,92,98,101" machi="51" ten="30,1100,0" yaku="0,1" doraHai="67" who="2" fromWho="2" sc="261,-3,253,-3,230,11,256,-5" /><INIT seed="4,0,0,0,0,128" ten="258,250,241,251" oya="0" hai0="135,62,51,50,53,127,29,13,9,110,38,105,108" hai1="103,0,41,73,49,97,85,63,120,58,8,130,133" hai2="74,77,20,90,112,88,81,37,23,113,107,131,101" hai3="5,102,64,123,2,31,35,111,36,114,27,39,43"/><T30/><D38/><U11/><E120/><V80/><F37/><W61/><G111/><N who="0" m="42539" /><D105/><U72/><E130/><V93/><F131/><W15/><G15/><T24/><D127/><U40/><E85/><N who="2" m="50223" /><F23/><W66/><G66/><T7/><D135/><U48/><E133/><V68/><F20/><W55/><G55/><T67/><D53/><U121/><E121/><V82/><F68/><W134/><G134/><T18/><D18/><U84/><E84/><N who="2" m="52423" /><F82/><W106/><G43/><T95/><D95/><U71/><E71/><V34/><F34/><W91/><G123/><T94/><D94/><U118/><E118/><V79/><F79/><W132/><G91/><T60/><D30/><U69/><E69/><V78/><F78/><W98/><G132/><T59/><D62/><U109/><E109/><V54/><F54/><W10/><G114/><T6/><D6/><U1/><E63/><V126/><F126/><W89/><G89/><T115/><D115/><U19/><E97/><AGARI ba="0,0" hai="74,77,80,97,101,107,112,113" m="52423,50223" machi="97" ten="30,7700,0" yaku="24,1,34,2,54,1" doraHai="128" who="2" fromWho="1" sc="258,0,250,-77,241,77,251,0" owari="258,6.0,173,-33.0,318,42.0,251,-15.0" /></mjloggm>