<mjloggm ver="2.3"><GO type="97" lobby="0"/><UN n0="%66%74%73%72" n1="%E3%82%84%E3%82%8F%E3%82%89%E3%81%8B%E3%81%82%E3%82%8A%E3%81%99" n2="%E3%82%A6%E3%83%AB%E3%83%88%E3%83%A9%E7%AB%8B%E7%9B%B4" n3="%E3%81%AA%E3%81%AA%E2%98%86%E3%81%A0%E3%81%BE%EF%BC%A1" dan="13,14,15,13" rate="1926.19,1909.77,1995.27,2001.98" sx="M,M,M,M"/><TAIKYOKU oya="0"/><INIT seed="0,0,0,3,1,57" ten="250,250,250,250" oya="0" hai0="59,35,123,25,22,65,96,111,47,91,6,45,69" hai1="92,21,39,60,55,82,101,43,50,100,49,64,16" hai2="42,9,32,40,109,7,115,2,74,110,66,119,116" hai3="108,79,117,67,78,71,102,94,37,28,81,17,41"/><T132/><D35/><U89/><E39/><V120/><F74/><W51/><G117/><N who="2" m="45129" /><F32/><W130/><G37/><T103/><D69/><U34/><E34/><V133/><F133/><W86/><G28/><T12/><D123/><U27/><E43/><N who="2" m="16427" /><F115/><W11/><G130/><T126/><D132/><U93/><E82/><V76/><F76/><W0/><G79/><T26/><D126/><U3/><E3/><V75/><F75/><W105/><G78/><T5/><D111/><N who="2" m="42506" /><F66/><W88/><G67/><T53/><D65/><U127/><E127/><V19/><F19/><W8/><G17/><N who="0" m="10535" /><D103/><U124/><E124/><V135/><F135/><W90/><G102/><T36/><D36/><U97/><E101/><V131/><F131/><W54/><G108/><T129/><D129/><U29/><E29/><V58/><F58/><W134/><G134/><T125/><D125/><U13/><E13/><V20/><F20/><W33/><G33/><T107/><D107/><U72/><E72/><V10/><F10/><W30/><G11/><T113/><D113/><U48/><E64/><V98/><F98/><W24/><G8/><T121/><D121/><AGARI ba="0,0" hai="2,7,9,120,121" m="42506,16427,45129" machi="121" ten="40,2600,0" yaku="12,1,14,1" doraHai="57" who="2" fromWho="0" sc="250,-26,250,0,250,26,250,0" /><INIT seed="1,0,0,0,3,5" ten="224,250,276,250" oya="1" hai0="24,80,87,39,93,84,94,15,104,69,6,31,2" hai1="72,65,109,46,58,116,88,42,26,63,121,59,38" hai2="41,92,120,22,9,73,53,118,113,71,124,95,17" hai3="54,52,67,100,127,123,105,131,12,135,50,107,81"/><U126/><E116/><V40/><F71/><W33/><G123/><T30/><D69/><N who="1" m="42175" /><E72/><V13/><F73/><W60/><G33/><T96/><D39/><U55/><E26/><V66/><F66/><W57/><G127/><T75/><D2/><U125/><E88/><V35/><F124/><N who="1" m="47721" /><E121/><V115/><F35/><W44/><G131/><T23/><D75/><U47/><E109/><V21/><F118/><W37/><G135/><T106/><D104/><U45/><E59/><V51/><F120/><W28/><G37/><T10/><D106/><U14/><E14/><V74/><F74/><W97/><G28/><N who="0" m="17439" /><D84/><U62/><AGARI ba="0,0" hai="38,42,45,46,47,55,58,62" m="47721,42175" machi="62" ten="30,6000,0" yaku="18,1,34,2" doraHai="5" who="1" fromWho="1" sc="224,-20,250,60,276,-20,250,-20" /><INIT seed="1,1,0,0,3,125" ten="204,310,256,230" oya="1" hai0="98,55,1,22,50,60,59,18,103,5,127,26,100" hai1="11,6,44,87,54,7,16,128,70,135,46,19,134" hai2="35,8,49,53,69,27,78,81,83,116,17,3,79" hai3="73,48,126,12,71,34,99,41,30,65,10,66,29"/><U32/><E70/><V21/><F69/><W9/><G73/><T72/><D72/><U64/><E32/><V133/><F133/><N who="1" m="50697" /><E64/><N who="3" m="24682" /><G71/><T108/><D127/><U102/><E102/><V63/><F63/><W109/><G34/><T47/><D108/><U91/><E128/><V76/><F35/><W31/><G126/><T122/><D122/><U119/><E119/><V107/><F107/><W57/><G109/><T61/><D1/><N who="1" m="463" /><E7/><V114/><F114/><W84/><G99/><T132/><D5/><U88/><E91/><V123/><F123/><W36/><G36/><T15/><D132/><U52/><E44/><V62/><F116/><W110/><G110/><T112/><D112/><U104/><E104/><V113/><F113/><W124/><G124/><T38/><D38/><U97/><E97/><V96/><F96/><W93/><G12/><T51/><D26/><U75/><E75/><V95/><F3/><W74/><G74/><T77/><D77/><U131/><E131/><V106/><F106/><W94/><G84/><T101/><REACH who="0" step="1"/><D98/><REACH who="0" ten="194,310,256,230" step="2"/><U118/><E118/><V0/><F78/><W4/><G4/><T56/><D56/><U13/><E46/><V90/><F79/><W120/><G120/><T33/><D33/><U20/><E19/><V58/><F76/><W67/><G57/><T37/><D37/><U42/><E42/><AGARI ba="1,1" hai="15,18,22,42,47,50,51,55,59,60,61,100,101,103" machi="42" ten="40,2600,0" yaku="1,1,8,1,53,0" doraHai="125" doraHaiUra="129" who="0" fromWho="1" sc="194,39,310,-29,256,0,230,0" /><INIT seed="2,0,0,5,4,51" ten="233,281,256,230" oya="2" hai0="104,71,95,66,116,53,129,98,49,91,108,110,52" hai1="78,74,55,102,56,134,117,4,86,109,47,11,97" hai2="1,118,31,28,17,132,36,106,27,76,99,128,133" hai3="93,81,88,94,0,48,57,89,8,70,90,124,29"/><V123/><F36/><W24/><G70/><T103/><D129/><U127/><E117/><V82/><F118/><W43/><G124/><T92/><D116/><U10/><E74/><V35/><F1/><W101/><G101/><T46/><D71/><U16/><E127/><V37/><F37/><W77/><G0/><T21/><D66/><U61/><E109/><N who="0" m="42089" /><D21/><U73/><E73/><N who="2" m="43279" /><F31/><W130/><G8/><T112/><D112/><U79/><E134/><N who="2" m="51819" /><F17/><W25/><G130/><T13/><D13/><N who="1" m="5319" /><E47/><V84/><F84/><N who="3" m="48175" /><G29/><T96/><D104/><U34/><E34/><V60/><F128/><W19/><G19/><T41/><AGARI ba="0,0" hai="41,46,49,52,53,91,92,95,96,98,103" m="42089" machi="41" ten="30,7900,0" yaku="14,1,52,2,54,1" doraHai="51" who="0" fromWho="0" sc="233,79,281,-20,256,-39,230,-20" /><INIT seed="3,0,0,3,0,30" ten="312,261,217,210" oya="3" hai0="9,90,65,66,135,33,116,5,132,123,121,92,42" hai1="2,20,113,38,28,67,10,49,46,40,23,87,69" hai2="94,37,17,79,26,15,105,24,50,59,115,85,129" hai3="74,82,101,114,64,131,29,55,80,25,70,63,100"/><W95/><G114/><T126/><D33/><U7/><E113/><V104/><F37/><W19/><G131/><T71/><D116/><U133/><E133/><N who="0" m="51273" /><D42/><U32/><E69/><V60/><F115/><W134/><G134/><T130/><D126/><U56/><E87/><V34/><F34/><W54/><G19/><T93/><D130/><U52/><REACH who="1" step="1"/><E67/><REACH who="1" ten="312,251,217,210" step="2"/><N who="0" m="25609" /><D71/><U11/><E11/><V47/><F129/><W127/><G127/><T78/><D78/><U83/><E83/><V125/><F79/><W53/><G74/><T111/><D111/><U119/><E119/><V75/><F75/><W88/><G82/><T16/><D5/><U108/><E108/><V45/><F125/><W58/><G80/><T39/><D39/><U21/><E21/><V122/><F85/><N who="3" m="52623" /><G70/><T1/><D1/><U103/><E103/><V73/><F73/><W62/><G62/><T36/><D36/><U117/><E117/><V97/><F60/><W128/><G128/><T68/><D68/><U51/><E51/><V61/><F50/><W27/><G27/><AGARI ba="0,1" hai="2,7,10,20,23,27,28,32,38,40,46,49,52,56" machi="27" ten="40,8000,1" yaku="1,1,52,1,54,1,53,1" doraHai="30" doraHaiUra="0" who="1" fromWho="3" sc="312,0,251,90,217,0,210,-80" owari="312,11.0,341,44.0,217,-18.0,130,-37.0" /></mjloggm>