<mjloggm ver="2.3"><GO type="97" lobby="0"/><UN n0="%E3%82%A6%E3%83%AB%E3%83%88%E3%83%A9%E7%AB%8B%E7%9B%B4" n1="%4E%45%5A%55%37%37" n2="%73%68%65%6E%6C%65%65" n3="%E3%81%82%E3%81%BE%E3%81%A4%E3%81%8D%E3%81%A4%E3%81%AD" dan="15,14,14,14" rate="2003.47,1841.79,1855.38,1947.13" sx="M,M,M,M"/><TAIKYOKU oya="0"/><INIT seed="0,0,0,0,5,56" ten="250,250,250,250" oya="0" hai0="97,104,30,75,61,76,99,8,91,135,86,23,117" hai1="125,108,74,14,2,58,13,50,102,73,40,25,33" hai2="32,122,105,68,92,96,17,107,35,106,16,31,90" hai3="89,133,39,44,109,49,24,64,46,51,85,34,3"/><T112/><D117/><U27/><E2/><V4/><F122/><W77/><G3/><T83/><D112/><U81/><E108/><V41/><F68/><W65/><G109/><T53/><D135/><U126/><E102/><V82/><F41/><W100/><G133/><T98/><D8/><U119/><E119/><V7/><F82/><W18/><G100/><T88/><D23/><U55/><E40/><V26/><F35/><W71/><G71/><T130/><D30/><U66/><E66/><V15/><REACH who="2" step="1"/><F17/><REACH who="2" ten="250,250,240,250" step="2"/><W84/><G34/><T87/><D130/><U43/><E33/><V124/><F124/><W20/><G39/><T59/><D104/><U1/><E43/><V70/><F70/><W36/><G36/><T69/><D69/><U113/><E81/><V42/><F42/><W52/><G77/><T54/><D54/><U5/><E55/><V28/><F28/><W37/><G37/><T114/><REACH who="0" step="1"/><D114/><REACH who="0" ten="240,250,240,250" step="2"/><U19/><E113/><V22/><AGARI ba="0,2" hai="4,7,15,16,22,26,31,32,90,92,96,105,106,107" machi="22" ten="30,7900,0" yaku="1,1,0,1,54,1,53,1" doraHai="56" doraHaiUra="93" who="2" fromWho="2" sc="240,-39,250,-20,240,99,250,-20" /><INIT seed="1,0,0,5,3,87" ten="201,230,339,230" oya="1" hai0="40,88,41,85,63,57,107,104,118,91,121,7,92" hai1="135,22,51,21,112,52,73,132,108,66,9,1,71" hai2="16,125,24,28,53,2,90,95,105,72,99,74,113" hai3="56,14,15,20,93,67,77,43,26,61,18,98,62"/><U8/><E112/><V131/><F125/><W32/><G32/><T69/><D69/><U49/><E73/><V120/><F120/><W80/><G43/><T31/><D118/><U117/><E117/><V129/><F113/><W39/><G39/><T45/><D121/><U115/><E115/><V128/><F2/><W36/><G36/><T102/><D7/><N who="1" m="1135" /><E9/><V25/><F105/><W19/><G19/><T82/><D31/><U17/><E49/><V42/><F42/><W81/><G61/><T109/><D109/><U6/><E6/><V68/><F53/><W101/><G80/><T106/><D102/><U3/><E3/><V127/><F127/><W54/><G67/><T65/><REACH who="0" step="1"/><D45/><REACH who="0" ten="191,230,339,230" step="2"/><U78/><E108/><V96/><F68/><W75/><AGARI ba="0,1" hai="14,15,18,20,26,54,56,62,75,77,81,93,98,101" machi="75" ten="20,1500,0" yaku="0,1,7,1" doraHai="87" who="3" fromWho="3" sc="191,-4,230,-7,339,-4,230,25" /><INIT seed="2,0,0,1,4,52" ten="187,223,335,255" oya="2" hai0="106,72,25,23,95,1,18,31,2,90,91,76,109" hai1="126,0,13,96,46,92,134,24,107,28,17,104,75" hai2="61,34,93,133,59,20,9,6,64,71,102,35,55" hai3="10,51,3,44,108,123,128,103,5,27,122,78,113"/><V112/><F112/><W84/><G108/><T36/><D106/><U85/><E75/><V118/><F118/><W62/><G113/><T29/><D109/><U38/><E0/><V39/><F133/><W19/><G128/><T86/><D36/><U131/><E134/><V14/><F39/><W105/><G105/><T120/><D120/><U49/><E38/><V130/><F130/><W43/><G103/><T124/><D124/><U16/><E85/><V70/><F70/><W69/><G69/><T22/><D76/><U88/><E126/><V30/><F30/><W58/><G27/><T48/><D72/><U83/><E83/><V40/><F40/><W47/><G19/><T63/><D48/><U119/><E119/><V117/><F117/><W45/><G122/><T33/><D33/><U100/><E131/><V50/><REACH who="2" step="1"/><F20/><REACH who="2" ten="187,223,325,255" step="2"/><W116/><G116/><T98/><D31/><U37/><E37/><V82/><F82/><W89/><G123/><T54/><D23/><U8/><E17/><V21/><F21/><W7/><G78/><T73/><D29/><U114/><E114/><V4/><F4/><W15/><G5/><T53/><D73/><U41/><REACH who="1" step="1"/><E100/><REACH who="1" ten="187,213,325,255" step="2"/><V110/><F110/><W125/><G125/><T65/><D1/><U135/><E135/><V111/><F111/><W97/><G3/><T115/><D2/><U87/><E87/><V11/><F11/><W66/><G97/><AGARI ba="0,2" hai="6,9,14,34,35,50,55,59,61,64,71,93,97,102" machi="97" ten="40,3900,0" yaku="1,1,52,1,53,0" doraHai="52" doraHaiUra="121" who="2" fromWho="3" sc="187,0,213,0,325,59,255,-39" /><INIT seed="2,1,0,3,2,79" ten="187,213,384,216" oya="2" hai0="130,20,77,50,38,118,76,52,0,57,15,68,44" hai1="96,66,16,75,113,70,3,121,42,88,133,114,33" hai2="24,105,99,92,102,31,4,111,85,34,63,80,89" hai3="106,132,110,61,10,135,18,27,123,47,17,48,108"/><V90/><F111/><N who="3" m="42539" /><G106/><T26/><D0/><U134/><E75/><V72/><F4/><W41/><G61/><T129/><D68/><U60/><E3/><V56/><F72/><W5/><G48/><T95/><D15/><U67/><E33/><V36/><F36/><W107/><G47/><T74/><D95/><N who="1" m="56423" /><E66/><V29/><F29/><W131/><G41/><T9/><D9/><U87/><E121/><V43/><F43/><W122/><G107/><T126/><D118/><U78/><E42/><V103/><REACH who="2" step="1"/><F105/><REACH who="2" ten="187,213,374,216" step="2"/><W51/><G123/><T19/><D38/><U13/><E114/><V28/><F28/><W104/><G122/><T7/><D7/><U115/><E115/><V35/><F35/><W83/><G104/><T124/><D74/><U64/><E113/><V69/><F69/><W112/><G112/><T128/><D124/><U120/><E120/><V46/><F46/><W125/><G125/><T97/><D126/><U71/><E71/><V81/><F81/><W37/><G5/><T23/><D44/><U82/><E70/><V58/><F58/><W109/><G37/><T22/><D130/><U1/><E133/><V98/><F98/><W53/><G131/><N who="0" m="50251" /><D97/><U100/><E134/><V94/><F94/><W12/><G132/><T30/><D19/><U101/><E16/><V40/><F40/><W39/><G135/><T11/><D11/><U127/><E127/><V65/><AGARI ba="1,1" hai="24,31,34,56,63,65,80,85,89,90,92,99,102,103" machi="65" ten="20,18000,2" yaku="1,1,0,1,7,1,52,1,53,2" doraHai="79" doraHaiUra="84" who="2" fromWho="2" sc="187,-61,213,-61,374,193,216,-61" /><INIT seed="2,2,0,1,4,0" ten="126,152,567,155" oya="2" hai0="14,133,72,21,92,112,50,52,88,130,19,55,94" hai1="48,122,45,129,82,6,40,89,85,123,10,24,60" hai2="100,132,64,135,37,73,108,106,126,20,69,65,125" hai3="42,78,62,27,61,38,113,134,3,5,75,22,28"/><V46/><F73/><W53/><G113/><T84/><D72/><U49/><E129/><V98/><F20/><W66/><G134/><N who="2" m="51241" /><F108/><W32/><G53/><T81/><D133/><U83/><E60/><N who="2" m="40071" /><F65/><W59/><G22/><T54/><D130/><U95/><E24/><V71/><F71/><W57/><G75/><T30/><D112/><U90/><E49/><V34/><F34/><W17/><G78/><T63/><D63/><U77/><E77/><V110/><F110/><W116/><G116/><T97/><D30/><U91/><E91/><V2/><F2/><W15/><G66/><T56/><D92/><U41/><E41/><AGARI ba="2,0" hai="37,41,46,98,100,106,125,126" m="40071,51241" machi="41" ten="30,2900,0" yaku="20,1,23,1" doraHai="0" who="2" fromWho="1" sc="126,0,152,-35,567,35,155,0" /><INIT seed="2,3,0,1,1,83" ten="126,117,602,155" oya="2" hai0="29,115,33,102,96,133,5,84,94,32,123,103,71" hai1="41,114,2,13,112,28,90,88,7,76,75,55,38" hai2="109,36,107,128,23,70,52,116,126,122,64,25,12" hai3="130,81,14,4,80,77,110,72,30,60,20,62,99"/><V132/><RYUUKYOKU type="yao9" ba="3,0" sc="126,0,117,0,602,0,155,0" hai2="12,23,25,36,52,64,70,107,109,116,122,126,128,132" /><INIT seed="2,4,0,2,2,84" ten="126,117,602,155" oya="2" hai0="6,29,99,52,109,104,87,30,91,58,70,74,65" hai1="113,67,45,94,105,106,79,9,5,83,1,111,103" hai2="82,126,97,13,14,77,51,50,75,95,116,121,135" hai3="33,108,133,66,41,16,18,118,60,86,27,88,40"/><V34/><F121/><W128/><G118/><T124/><D74/><U25/><E113/><V68/><F116/><W71/><G128/><T122/><D122/><U59/><E111/><V130/><F135/><W38/><G108/><T120/><D120/><U115/><E115/><V61/><F126/><W43/><G133/><T0/><D109/><U36/><E25/><V53/><F130/><W46/><G18/><T47/><D124/><U89/><E103/><V21/><F34/><W11/><G11/><T119/><D119/><U17/><E17/><V131/><F131/><W37/><G37/><T127/><D70/><U49/><E67/><V2/><F2/><W76/><G76/><T64/><D64/><U57/><E57/><V28/><F13/><W100/><G100/><T102/><D47/><U31/><E31/><V92/><F92/><W7/><G7/><T129/><D65/><U19/><E19/><V26/><F14/><W110/><G110/><T12/><D0/><U117/><E117/><V93/><F93/><W98/><G98/><T107/><D104/><U112/><E112/><V10/><F10/><W55/><G55/><T80/><D127/><U114/><E114/><V132/><F132/><W20/><G33/><T3/><D3/><U54/><E36/><V62/><F62/><W81/><AGARI ba="4,0" hai="16,20,27,38,40,41,43,46,60,66,71,81,86,88" machi="81" ten="20,8000,1" yaku="0,1,7,1,52,1,54,2" doraHai="84" who="3" fromWho="3" sc="126,-24,117,-24,602,-44,155,92" /><INIT seed="3,0,0,3,1,95" ten="102,93,558,247" oya="3" hai0="102,2,114,101,8,47,6,96,16,70,48,31,28" hai1="32,22,91,23,12,67,37,52,100,86,110,17,121" hai2="107,60,117,119,35,49,36,38,89,120,51,29,20" hai3="42,34,65,25,122,27,58,84,134,1,24,88,43"/><W90/><G122/><T85/><D70/><U71/><E121/><V129/><F120/><W19/><G1/><T72/><D72/><U56/><E32/><V125/><F125/><W132/><G34/><T73/><D73/><U118/><E110/><V83/><F129/><W3/><G3/><T108/><D114/><U61/><E37/><V78/><F107/><W50/><G132/><T44/><D108/><U130/><E130/><V76/><F35/><W116/><G134/><T10/><D85/><U62/><E118/><V82/><F60/><W4/><G4/><T109/><D109/><U45/><E100/><V11/><F11/><W18/><G116/><T94/><D102/><U98/><E98/><V126/><F126/><W105/><G105/><T59/><D59/><U115/><E115/><V30/><F89/><W69/><G69/><T63/><D63/><U41/><E41/><V133/><F20/><W5/><G5/><T77/><D77/><U0/><E0/><V39/><F39/><W33/><G33/><T106/><D106/><U124/><E124/><V103/><F103/><W14/><G14/><T112/><D112/><U97/><E97/><V111/><F111/><W135/><G135/><AGARI ba="0,0" hai="29,30,36,38,49,51,76,78,82,83,117,119,133,135" machi="135" ten="25,1600,0" yaku="22,2" doraHai="95" who="2" fromWho="3" sc="102,0,93,0,558,16,247,-16" owari="102,-30.0,93,-41.0,574,68.0,231,3.0" /></mjloggm>