<mjloggm ver="2.3"><GO type="97" lobby="0"/><UN n0="%E3%82%86%E3%81%86%E3%81%93%E3%82%8A%E3%82%93" n1="%E6%8E%A1%E9%9B%86%E5%B9%B3%E6%B0%97" n2="%E3%82%A6%E3%83%AB%E3%83%88%E3%83%A9%E7%AB%8B%E7%9B%B4" n3="%68%61%6C%75%6D%69" dan="14,14,15,13" rate="1899.81,1915.02,1992.95,1817.81" sx="F,M,M,M"/><TAIKYOKU oya="0"/><INIT seed="0,0,0,4,0,41" ten="250,250,250,250" oya="0" hai0="19,21,47,48,28,97,5,90,52,66,62,65,39" hai1="120,77,14,82,107,17,106,74,53,63,101,75,11" hai2="49,70,118,31,6,117,123,0,24,50,116,80,104" hai3="134,60,61,13,58,23,37,10,4,29,89,132,8"/><T125/><D125/><U128/><E120/><V111/><F104/><W2/><G37/><T133/><D133/><N who="3" m="51305" /><G89/><T57/><D5/><U96/><E128/><V130/><F70/><W44/><G44/><T56/><D28/><U91/><E91/><V40/><F130/><W43/><G43/><T71/><D66/><U99/><E99/><V27/><F123/><W100/><G58/><T119/><D119/><U129/><E129/><V127/><F127/><W20/><G100/><T76/><D76/><U86/><E107/><V83/><F111/><W9/><G60/><T114/><D114/><U124/><E124/><V78/><F80/><W7/><G61/><T87/><D97/><U33/><E33/><V135/><F135/><W36/><G36/><T98/><D98/><U34/><E34/><V67/><F67/><W15/><G29/><T12/><REACH who="0" step="1"/><D39/><REACH who="0" ten="240,250,250,250" step="2"/><U46/><E96/><V69/><F31/><W51/><G51/><T93/><AGARI ba="0,1" hai="12,19,21,47,48,52,56,57,62,65,71,87,90,93" machi="93" ten="20,18000,2" yaku="1,1,2,1,0,1,7,1,52,1,54,1,53,0" doraHai="41" doraHaiUra="3" who="0" fromWho="0" sc="240,190,250,-60,250,-60,250,-60" /><INIT seed="0,1,0,5,1,17" ten="430,190,190,190" oya="0" hai0="27,133,114,57,89,19,53,11,120,18,16,121,87" hai1="5,20,124,131,84,101,0,50,99,33,122,77,2" hai2="28,82,45,43,41,78,42,109,95,110,127,55,29" hai3="113,73,34,81,8,46,39,66,23,74,75,3,105"/><T104/><D114/><U56/><E122/><V128/><F127/><W9/><G34/><T112/><D104/><U63/><E33/><V80/><F128/><W10/><G113/><T52/><D112/><U12/><E131/><V117/><F117/><W38/><G105/><T25/><D133/><U58/><E50/><N who="2" m="29135" /><F95/><W115/><G115/><T72/><D72/><U59/><E63/><V88/><F78/><W123/><G123/><T65/><D65/><U69/><E69/><V100/><F100/><W15/><G3/><T24/><D11/><U6/><E0/><V1/><F1/><W91/><G66/><T103/><D103/><U97/><E2/><V68/><F68/><W102/><G102/><T125/><D125/><U48/><E48/><V116/><F116/><W67/><G67/><T98/><D98/><N who="1" m="37387" /><E101/><V86/><F82/><W111/><G111/><AGARI ba="1,0" hai="28,29,41,42,43,80,86,88,109,110,111" m="29135" machi="111" ten="30,2000,0" yaku="14,1,54,1" doraHai="17" who="2" fromWho="3" sc="430,0,190,0,190,23,190,-23" /><INIT seed="1,0,0,1,2,89" ten="430,190,213,167" oya="1" hai0="33,61,122,15,113,13,7,71,36,74,83,102,20" hai1="9,126,0,95,49,93,25,28,124,45,30,26,44" hai2="48,86,66,110,78,2,103,54,94,35,76,106,81" hai3="132,23,91,51,64,98,77,42,60,84,123,100,40"/><U55/><E44/><V118/><F35/><W121/><G132/><T72/><D113/><U104/><E104/><V97/><F2/><W14/><G123/><T32/><D122/><U125/><E9/><V47/><F118/><W62/><G121/><T53/><D36/><U120/><E0/><V70/><F110/><W68/><G77/><T128/><D128/><U115/><E115/><V107/><F70/><W80/><G60/><T135/><D135/><U17/><E17/><V73/><F66/><W129/><G129/><T92/><D15/><U117/><E117/><V24/><F24/><N who="1" m="9321" /><E120/><V67/><F67/><W130/><G130/><T1/><D1/><U111/><E111/><V27/><F27/><W6/><G51/><T69/><D69/><U59/><E45/><V105/><REACH who="2" step="1"/><F78/><REACH who="2" ten="430,190,203,167" step="2"/><W18/><REACH who="3" step="1"/><G6/><REACH who="3" ten="430,190,203,157" step="2"/><T127/><D7/><U50/><E50/><V116/><F116/><W29/><G29/><AGARI ba="0,2" hai="28,29,30,49,55,59,93,95,124,125,126" m="9321" machi="29" ten="40,7700,0" yaku="18,1,52,2" doraHai="89" who="1" fromWho="3" sc="430,0,190,97,203,0,157,-77" /><INIT seed="1,1,0,0,4,73" ten="430,287,203,80" oya="1" hai0="60,50,30,132,29,72,76,39,130,7,4,128,66" hai1="5,41,127,46,9,113,111,117,133,124,104,82,93" hai2="99,42,43,45,105,71,90,18,97,32,92,126,85" hai3="12,68,37,123,112,51,53,115,101,34,91,114,64"/><U14/><E113/><N who="3" m="43626" /><G34/><T16/><D39/><U96/><E117/><V38/><F71/><W69/><G101/><T17/><D132/><U88/><E133/><V11/><F32/><W1/><G1/><T26/><D50/><N who="1" m="26959" /><E111/><V19/><F43/><W98/><G91/><T78/><D72/><U49/><E49/><V122/><F122/><W79/><G98/><T87/><D87/><U102/><E82/><V8/><F126/><N who="1" m="48169" /><E104/><V61/><F61/><N who="3" m="39951" /><G79/><T81/><D81/><U33/><E33/><V129/><F105/><W22/><G22/><T52/><D78/><U77/><E77/><V2/><F2/><W27/><G27/><T57/><D76/><U62/><E62/><V80/><F8/><W67/><G12/><T74/><D60/><U10/><E9/><V0/><F11/><W28/><G28/><T110/><D30/><U65/><E65/><V100/><F0/><W48/><N who="3" m="43634" /><W121/><DORA hai="44" /><G37/><T107/><D66/><U134/><E134/><V31/><F31/><W21/><G21/><T40/><D29/><U89/><AGARI ba="1,0" hai="5,10,14,88,89,93,96,102" m="48169,26959" machi="89" ten="30,6000,0" yaku="18,1,52,1,54,1" doraHai="73,44" who="1" fromWho="1" sc="430,-21,287,63,203,-21,80,-21" /><INIT seed="1,2,0,3,1,69" ten="409,350,182,59" oya="1" hai0="35,82,45,121,93,75,107,135,31,105,51,98,54" hai1="56,132,22,28,52,84,85,21,38,95,76,131,102" hai2="6,4,134,87,115,42,114,8,126,50,55,133,25" hai3="112,67,125,119,62,7,81,130,47,16,49,89,77"/><U46/><E132/><N who="2" m="50795" /><F87/><W17/><G112/><N who="2" m="43049" /><F25/><W15/><G119/><T127/><D121/><U92/><E131/><V122/><F122/><W74/><G125/><T80/><D127/><U94/><E102/><V68/><F68/><W91/><G130/><T78/><D135/><U100/><E100/><V116/><F116/><W53/><G7/><T66/><D82/><U37/><E76/><V5/><F126/><W29/><G29/><T1/><D1/><U34/><E34/><V63/><F63/><W72/><G72/><T123/><D123/><U32/><E32/><V97/><F97/><W26/><G26/><T44/><D66/><U13/><E13/><V83/><F83/><W104/><G17/><T41/><D98/><U18/><E28/><V129/><F129/><W111/><G111/><T106/><D31/><U90/><E84/><V40/><F8/><W39/><G39/><T23/><D80/><U27/><E38/><V14/><F14/><W24/><G24/><T65/><D35/><U71/><E37/><V108/><F108/><W60/><G104/><T36/><D107/><U30/><E85/><V124/><F124/><W109/><G109/><T12/><D106/><U103/><E103/><V64/><F64/><W73/><G73/><T96/><D65/><U110/><E110/><V101/><F101/><W10/><G62/><T9/><D105/><U88/><E71/><AGARI ba="2,0" hai="10,15,16,47,49,53,60,67,71,74,77,81,89,91" machi="71" ten="30,2000,0" yaku="7,1,54,1" doraHai="69" who="3" fromWho="1" sc="409,0,350,-26,182,0,59,26" /><INIT seed="2,0,0,5,3,13" ten="409,324,182,85" oya="2" hai0="6,125,46,32,133,69,120,92,89,122,99,19,44" hai1="116,115,18,4,61,31,79,95,27,90,57,129,71" hai2="65,1,68,73,112,51,83,66,85,82,121,50,117" hai3="91,103,98,28,2,29,101,127,126,47,93,43,134"/><V87/><F73/><W42/><G2/><T123/><D69/><U59/><E115/><V48/><F1/><W96/><G134/><T118/><D32/><U49/><E116/><V128/><F112/><W5/><G5/><T135/><D125/><N who="3" m="47625" /><G91/><T104/><D118/><U109/><E109/><V58/><F117/><W78/><G78/><T75/><D75/><U84/><E129/><V110/><F121/><W80/><G80/><N who="2" m="30761" /><F68/><W60/><G60/><T76/><D76/><U22/><E79/><V0/><F0/><W8/><G8/><T34/><D34/><U63/><E4/><V36/><F36/><N who="3" m="21959" /><G43/><T33/><D33/><U14/><E71/><V72/><F72/><W94/><AGARI ba="0,0" hai="28,29,93,94,96,98,101,103" m="21959,47625" machi="94" ten="30,1100,0" yaku="18,1" doraHai="13" who="3" fromWho="3" sc="409,-3,324,-3,182,-5,85,11" /><INIT seed="3,0,0,3,5,59" ten="406,321,177,96" oya="3" hai0="30,4,67,125,82,13,123,105,63,66,133,52,40" hai1="29,26,113,98,127,114,77,27,22,119,81,112,95" hai2="17,20,35,53,1,122,6,118,124,111,21,73,75" hai3="54,16,108,86,90,2,69,46,10,96,132,84,32"/><W128/><G69/><T11/><D123/><U34/><E127/><V97/><F35/><W9/><G32/><T37/><D105/><U65/><E65/><V129/><F118/><W39/><G128/><T51/><D125/><U116/><E26/><V126/><F75/><W19/><G132/><T87/><D133/><U8/><E8/><N who="3" m="3178" /><G2/><T74/><D30/><U45/><E45/><V72/><F6/><W89/><G39/><T47/><D74/><U102/><E34/><V68/><F1/><W33/><G33/><T99/><D99/><U76/><E76/><V50/><F68/><W15/><G108/><T28/><D28/><U12/><E12/><V93/><F129/><W58/><G46/><T92/><D92/><U55/><E55/><V43/><F111/><W60/><G96/><T107/><D107/><U101/><E102/><V23/><F73/><W83/><G15/><T110/><D110/><U0/><E0/><V131/><F72/><W121/><G121/><T134/><D134/><U24/><E24/><V79/><F131/><W104/><G104/><T48/><D37/><U25/><E25/><V7/><F122/><W100/><G100/><T130/><D130/><U57/><E57/><V18/><F124/><W49/><G49/><T91/><D51/><U44/><E44/><V71/><F71/><W94/><AGARI ba="0,0" hai="16,19,54,58,60,83,84,86,89,90,94" m="3178" machi="94" ten="30,6000,0" yaku="8,1,52,1,54,1" doraHai="59" who="3" fromWho="3" sc="406,-20,321,-20,177,-20,96,60" /><INIT seed="3,1,0,4,5,2" ten="386,301,157,156" oya="3" hai0="81,124,114,130,103,21,121,73,39,94,26,133,36" hai1="15,66,102,50,110,5,86,65,122,22,67,104,99" hai2="64,56,120,69,70,38,100,98,29,31,79,62,113" hai3="51,12,93,68,28,16,40,129,91,61,23,13,109"/><W96/><G129/><T128/><D121/><U42/><E122/><V132/><F120/><W72/><G72/><T134/><D114/><U49/><E110/><V18/><F38/><W116/><G116/><T127/><D73/><U71/><E71/><V55/><F79/><W35/><G35/><T11/><D11/><U125/><E125/><N who="0" m="48201" /><D81/><U89/><E22/><V105/><F70/><W119/><G119/><T135/><D94/><U6/><E15/><V17/><F132/><W41/><G109/><T53/><D53/><U1/><E1/><V112/><F112/><W97/><G28/><N who="0" m="17487" /><D103/><U45/><E50/><V87/><F100/><W90/><G68/><T115/><D115/><U9/><E9/><V85/><F69/><W10/><G61/><T88/><D88/><N who="3" m="33833" /><G51/><T32/><D32/><U7/><E67/><V24/><F62/><W3/><G3/><T126/><D126/><U47/><E47/><V34/><F34/><W8/><G23/><T75/><D75/><U30/><E30/><V118/><F31/><W83/><G83/><T59/><D59/><U25/><E25/><V37/><F29/><W43/><G93/><T80/><D80/><U48/><E48/><V52/><F113/><W63/><G63/><T58/><D58/><U57/><E57/><V4/><F118/><W46/><G46/><T60/><D60/><U77/><E45/><V54/><F56/><W20/><G20/><T106/><D106/><U95/><E104/><V74/><F105/><W92/><G92/><T101/><D101/><U107/><E77/><V33/><F74/><W76/><G76/><RYUUKYOKU ba="1,0" sc="386,10,301,10,157,-30,156,10" hai0="36,39,128,130,133,134,135" hai1="5,6,7,42,49,65,66,86,89,95,99,102,107" hai3="8,10,12,13,16,40,41,43,96,97" /><INIT seed="3,2,0,3,4,121" ten="396,311,127,166" oya="3" hai0="12,93,70,135,81,127,25,10,110,104,45,7,109" hai1="37,97,103,57,20,29,36,34,4,32,94,113,132" hai2="74,9,125,8,65,19,71,112,55,91,3,83,78" hai3="30,56,1,79,31,118,53,2,66,107,117,0,39"/><W27/><G107/><T128/><D104/><U47/><E113/><V42/><F112/><W119/><G39/><T92/><D70/><U130/><E130/><V90/><F125/><W46/><G79/><T16/><D127/><U76/><E76/><V108/><F65/><W96/><G96/><T133/><D128/><U123/><E123/><V17/><F71/><W44/><G66/><T6/><D81/><U18/><E4/><N who="2" m="1055" /><F55/><W35/><REACH who="3" step="1"/><G31/><REACH who="3" ten="396,311,127,156" step="2"/><T120/><D120/><U122/><E29/><V89/><F89/><W28/><G28/><T23/><D135/><U58/><E132/><V77/><F90/><W101/><G101/><T131/><D133/><U73/><E122/><V48/><F91/><W38/><G38/><T115/><D131/><U5/><E103/><V86/><F78/><W24/><G24/><T85/><D115/><U80/><E97/><V102/><F102/><W59/><G59/><T68/><D68/><U22/><E58/><V106/><F106/><W13/><G13/><T100/><D12/><U41/><E57/><V98/><F86/><W62/><AGARI ba="2,1" hai="0,1,2,27,30,35,44,46,53,56,62,117,118,119" machi="62" ten="40,7800,0" yaku="1,1,0,1,53,1" doraHai="121" doraHaiUra="54" who="3" fromWho="3" sc="396,-28,311,-28,127,-28,156,94" /><INIT seed="3,3,0,0,0,42" ten="368,283,99,250" oya="3" hai0="31,133,90,87,38,28,51,60,30,106,96,27,123" hai1="65,107,64,53,81,0,47,35,119,121,120,63,26" hai2="100,86,11,44,7,115,99,15,61,109,118,125,132" hai3="66,68,108,73,135,93,55,112,57,3,124,29,114"/><W21/><G73/><T134/><D123/><U97/><E0/><V94/><F118/><W113/><G3/><T12/><D38/><U8/><E8/><V10/><F115/><W74/><G74/><T116/><D116/><U24/><E81/><V104/><F125/><W16/><G29/><T101/><D60/><U20/><E20/><V52/><F132/><N who="0" m="50794" /><D51/><U25/><E35/><V71/><F109/><W103/><G135/><T37/><D12/><U127/><E127/><V13/><F71/><W98/><G124/><T32/><D37/><U33/><E33/><V89/><F61/><W110/><G68/><T41/><D41/><U122/><E119/><V40/><F104/><W83/><G83/><AGARI ba="3,0" hai="27,28,30,31,32,83,87,90,96,101,106" m="50794" machi="83" ten="30,1000,0" yaku="20,1" doraHai="42" who="0" fromWho="3" sc="368,19,283,0,99,0,250,-19" owari="387,49.0,283,8.0,99,-40.0,231,-17.0" /></mjloggm>