<mjloggm ver="2.3"><GO type="97" lobby="0"/><UN n0="%E3%82%A6%E3%83%AB%E3%83%88%E3%83%A9%E7%AB%8B%E7%9B%B4" n1="%E5%A4%A9%E6%89%8D%E7%99%BA%E6%98%8E%E5%AE%B6" n2="%E9%9D%99%E3%81%8B%E3%81%AA" n3="%E4%B8%8A%E6%9D%89%E8%AC%99%E7%8F%8D" dan="15,14,17,15" rate="1990.04,1973.81,2074.83,2039.73" sx="M,M,M,M"/><TAIKYOKU oya="0"/><INIT seed="0,0,0,2,5,124" ten="250,250,250,250" oya="0" hai0="21,18,118,108,63,44,117,16,125,93,28,129,51" hai1="80,85,106,77,26,5,20,105,83,126,2,30,132" hai2="116,97,58,12,33,7,128,8,37,55,107,104,114" hai3="84,89,130,111,49,94,60,92,14,101,15,122,95"/><T46/><D125/><U29/><E126/><V65/><F114/><W6/><G111/><T123/><D123/><U86/><E132/><V88/><F37/><W119/><G119/><T109/><D28/><U54/><E5/><V131/><F33/><W115/><G115/><T24/><D63/><U69/><E2/><V121/><F65/><W27/><G122/><T99/><D18/><U34/><E69/><V19/><F121/><W110/><G110/><N who="0" m="42603" /><D129/><N who="2" m="49738" /><F116/><N who="0" m="44650" /><D51/><U35/><E54/><V127/><F127/><W75/><G75/><T81/><D81/><U68/><E68/><V135/><F135/><W61/><G130/><T87/><D87/><U53/><E53/><V120/><F120/><W25/><G49/><T100/><AGARI ba="0,0" hai="16,21,24,44,46,93,99,100" m="44650,42603" machi="100" ten="30,6000,0" yaku="14,1,10,1,54,1" doraHai="124" who="0" fromWho="0" sc="250,60,250,-20,250,-20,250,-20" /><INIT seed="0,1,0,4,3,20" ten="310,230,230,230" oya="0" hai0="21,86,2,54,17,111,114,57,12,16,88,107,15" hai1="34,64,117,92,106,18,120,74,38,23,98,77,30" hai2="116,108,5,62,69,36,97,29,27,63,11,37,3" hai3="0,70,132,127,76,25,130,58,59,80,1,52,24"/><T91/><D2/><U53/><E38/><V39/><F108/><W68/><G132/><T135/><D107/><U6/><E106/><V13/><F116/><W124/><G130/><T51/><D135/><U105/><E105/><V28/><F29/><W122/><G122/><T95/><D111/><U49/><E120/><V96/><F3/><N who="3" m="1099" /><G80/><T4/><D4/><U31/><E117/><V46/><F46/><W14/><G76/><T134/><D134/><U125/><E125/><N who="3" m="48202" /><G14/><T66/><D66/><U48/><E74/><V47/><F47/><W32/><G32/><T67/><D67/><U103/><E77/><V126/><F126/><W121/><G121/><T110/><D110/><U89/><E64/><V113/><F113/><W56/><G52/><T101/><D114/><U55/><E6/><V87/><F87/><W123/><G123/><T131/><D131/><U115/><E115/><V93/><F69/><AGARI ba="1,0" hai="24,25,56,58,59,68,69,70" m="48202,1099" machi="69" ten="40,8000,1" yaku="28,2,18,1,52,2" doraHai="20" who="3" fromWho="2" sc="310,0,230,0,230,-83,230,83" /><INIT seed="1,0,0,1,5,78" ten="310,230,147,313" oya="1" hai0="104,6,44,84,49,4,131,128,57,7,92,0,70" hai1="13,2,23,73,46,75,62,97,24,132,125,111,110" hai2="102,61,122,34,112,22,3,18,25,60,32,29,48" hai3="1,94,64,72,54,118,67,103,87,85,86,42,63"/><U135/><E2/><V38/><F122/><W106/><G1/><T95/><D104/><U119/><E119/><V80/><F38/><W90/><G42/><N who="0" m="24727" /><D70/><U14/><E97/><V37/><F37/><W52/><G72/><N who="1" m="27722" /><E62/><V10/><F112/><W99/><G118/><T47/><D0/><U56/><E56/><V66/><F102/><W28/><G28/><T30/><D57/><U105/><E46/><V74/><F48/><W33/><G33/><T98/><D47/><U100/><E100/><V55/><F55/><W133/><G133/><N who="1" m="51274" /><E105/><V129/><F129/><N who="0" m="49738" /><D98/><U40/><E40/><V21/><F60/><W53/><REACH who="3" step="1"/><G67/><REACH who="3" ten="310,230,147,303" step="2"/><T36/><D36/><U68/><E125/><V82/><F34/><W113/><G113/><T5/><D30/><N who="1" m="17695" /><E68/><AGARI ba="0,1" hai="52,53,54,63,64,68,85,86,87,90,94,99,103,106" machi="68" ten="40,2600,0" yaku="1,1,54,1,53,0" doraHai="78" doraHaiUra="8" who="3" fromWho="1" sc="310,0,230,-26,147,0,303,36" /><INIT seed="2,0,0,3,3,95" ten="310,204,147,339" oya="2" hai0="100,82,62,70,114,56,26,104,7,111,68,132,14" hai1="116,46,0,30,45,44,53,96,13,39,108,49,29" hai2="18,130,74,58,67,11,41,133,131,65,102,110,52" hai3="97,60,25,125,31,8,69,78,86,122,73,87,48"/><V71/><F74/><W34/><G122/><T35/><D114/><U4/><E0/><V37/><F133/><W12/><G125/><T129/><D132/><U66/><E116/><V17/><F110/><W22/><G73/><T54/><D129/><N who="2" m="49162" /><F71/><W127/><G127/><T24/><D111/><U83/><E108/><V93/><F41/><W92/><G78/><T117/><D117/><U76/><E66/><N who="2" m="25099" /><F37/><W32/><G69/><T75/><D35/><U6/><E39/><V72/><F72/><W98/><G60/><T55/><D75/><U77/><E83/><V63/><F11/><W50/><G34/><T3/><D82/><U80/><E80/><V85/><F85/><N who="3" m="32267" /><G92/><T128/><D128/><U15/><E45/><V42/><F42/><W112/><G32/><T88/><D68/><U121/><E121/><V103/><F103/><W105/><G112/><T33/><D100/><U89/><E49/><N who="3" m="19050" /><G105/><T27/><D104/><U47/><E47/><V23/><F23/><W109/><G109/><T84/><D33/><U28/><E28/><V5/><F5/><AGARI ba="0,0" hai="5,8,12,22,25,31,97,98" m="19050,32267" machi="5" ten="30,3900,0" yaku="8,1,52,2" doraHai="95" who="3" fromWho="2" sc="310,0,204,0,147,-39,339,39" /><INIT seed="3,0,0,2,1,95" ten="310,204,108,378" oya="3" hai0="11,48,55,128,16,23,49,105,77,108,31,39,81" hai1="28,15,132,103,115,3,5,52,54,82,32,67,130" hai2="70,65,22,73,133,61,79,85,33,50,90,8,43" hai3="99,119,109,75,94,64,116,92,47,57,129,86,74"/><W7/><G7/><T19/><D39/><U134/><E32/><V69/><F33/><W121/><G47/><T106/><D128/><U56/><E28/><V27/><F133/><W84/><G57/><T9/><D108/><U135/><E3/><V126/><F126/><W46/><G46/><T42/><D31/><U107/><E115/><V72/><F79/><W24/><G24/><T2/><D2/><U88/><E130/><V45/><F70/><W62/><G62/><T4/><D4/><U36/><E36/><V98/><F8/><W114/><G64/><T6/><D6/><U113/><E113/><V112/><F112/><W127/><G129/><T35/><D35/><U41/><E41/><V80/><F80/><W120/><G114/><T53/><D81/><U125/><E125/><V89/><F85/><N who="3" m="32875" /><G127/><T76/><D23/><U38/><E38/><V51/><F51/><W29/><G29/><T83/><D83/><U17/><E5/><V58/><F69/><W117/><G109/><T1/><REACH who="0" step="1"/><D1/><REACH who="0" ten="300,204,108,378" step="2"/><U66/><E82/><V20/><F20/><W101/><G74/><T100/><D100/><U13/><E103/><V21/><F21/><W68/><G75/><T59/><D59/><U124/><E124/><V0/><F0/><W118/><G68/><T91/><D91/><U37/><E88/><V40/><F89/><N who="3" m="55695" /><G119/><T63/><D63/><U12/><E37/><V104/><F43/><AGARI ba="0,1" hai="9,11,16,19,42,43,48,49,53,55,76,77,105,106" machi="43" ten="25,6400,0" yaku="1,1,22,2,54,1,53,0" doraHai="95" doraHaiUra="26" who="0" fromWho="2" sc="300,74,204,0,108,-64,378,0" owari="374,17.0,204,-20.0,44,-46.0,378,49.0" /></mjloggm>