<mjloggm ver="2.3"><GO type="225" lobby="0"/><UN n0="%6D%61%62%6F%6F%6F" n1="%E9%87%98%E5%AE%AE%E7%97%85%E6%82%A3%E8%80%85" n2="%E3%82%A6%E3%83%AB%E3%83%88%E3%83%A9%E7%AB%8B%E7%9B%B4" n3="%E9%A3%9B%E7%BE%BD%E6%84%9B%E6%AD%8C" dan="16,17,16,16" rate="2102.21,2143.53,2066.95,2067.60" sx="M,F,M,M"/><TAIKYOKU oya="0"/><INIT seed="0,0,0,5,3,56" ten="250,250,250,250" oya="0" hai0="128,106,19,31,53,18,86,9,20,126,83,79,120" hai1="37,52,127,67,85,49,77,8,130,70,32,47,82" hai2="110,90,131,42,133,132,25,115,60,74,57,116,64" hai3="134,73,29,23,107,27,109,118,91,55,108,112,46"/><T125/><D120/><U10/><E32/><V84/><F74/><W16/><G112/><T65/><D106/><U71/><E130/><V6/><F115/><W34/><G118/><T35/><D35/><U24/><E127/><N who="0" m="48649" /><D65/><U101/><E101/><V21/><F110/><N who="3" m="42603" /><G134/><N who="2" m="51817" /><F6/><W69/><G69/><T68/><D68/><U95/><E37/><V17/><F42/><W1/><G1/><T99/><D99/><U28/><E71/><V4/><F4/><W92/><G107/><T123/><D123/><U14/><E14/><V114/><F131/><W81/><G73/><T22/><D128/><U135/><E135/><V59/><F114/><W122/><G81/><T62/><D9/><U129/><E129/><V36/><F116/><W5/><G5/><T96/><D96/><U111/><E111/><V66/><F36/><W89/><G92/><T54/><D54/><U3/><E95/><N who="2" m="54727" /><F66/><W93/><G122/><T78/><D78/><U72/><E3/><V12/><F12/><N who="3" m="9607" /><G93/><T40/><D79/><U2/><E2/><V119/><F119/><W38/><G55/><T45/><D83/><U76/><E76/><V105/><F105/><W30/><G89/><T61/><D53/><U63/><REACH who="1" step="1"/><E72/><REACH who="1" ten="250,240,250,250" step="2"/><V43/><F43/><W87/><G91/><T113/><D113/><U103/><E103/><V117/><F117/><W15/><G15/><N who="0" m="9311" /><D31/><U102/><E102/><V98/><F98/><W100/><G30/><T51/><D86/><U97/><E97/><V124/><F124/><W88/><G87/><T41/><D41/><U75/><E75/><V11/><F11/><W94/><G29/><RYUUKYOKU ba="0,1" sc="250,10,240,10,250,10,250,-30" hai0="19,22,40,45,51,61,62" hai1="8,10,24,28,47,49,52,63,67,70,77,82,85" hai2="17,21,25,57,59,60,64" /><INIT seed="0,1,1,0,4,47" ten="260,250,260,220" oya="0" hai0="85,100,106,55,46,99,126,25,22,57,90,30,82" hai1="108,4,68,66,87,94,80,13,120,51,40,45,113" hai2="3,20,107,132,84,8,131,105,77,44,101,56,123" hai3="133,19,121,81,73,58,95,112,50,64,103,43,54"/><T118/><D118/><U135/><E120/><V114/><F114/><W14/><G112/><T67/><D126/><U102/><E113/><V96/><F107/><W26/><G121/><T62/><D46/><U71/><E108/><V52/><F131/><W7/><G133/><T124/><D124/><U5/><E135/><V6/><F132/><W27/><G73/><T69/><D69/><U36/><E36/><V130/><F130/><W34/><G34/><T31/><REACH who="0" step="1"/><D67/><REACH who="0" ten="250,250,260,220" step="2"/><U21/><E68/><V63/><F44/><W53/><G64/><T134/><D134/><U75/><E66/><V104/><F123/><W79/><G43/><T49/><D49/><U74/><E71/><V117/><F117/><W98/><G50/><T11/><D11/><U33/><E51/><V23/><F104/><W0/><G54/><T60/><D60/><U97/><E45/><V37/><F37/><W2/><G53/><T38/><D38/><U35/><E40/><V16/><F105/><W61/><G61/><T59/><D59/><U88/><E35/><V109/><F63/><W10/><G58/><T42/><D42/><U39/><E33/><V86/><F56/><W18/><G10/><T91/><D91/><U89/><E39/><V70/><F52/><W110/><G110/><T122/><D122/><U76/><E89/><V78/><F109/><W116/><G116/><T28/><AGARI ba="1,2" hai="22,25,28,30,31,55,57,62,82,85,90,99,100,106" machi="28" ten="20,3900,0" yaku="1,1,0,1,7,1,53,0" doraHai="47" doraHaiUra="119" who="0" fromWho="0" sc="250,62,250,-14,260,-14,220,-14" /><INIT seed="0,2,0,5,3,132" ten="312,236,246,206" oya="0" hai0="58,71,115,17,26,22,76,13,128,74,126,119,9" hai1="133,89,109,29,72,42,51,120,54,69,110,52,57" hai2="113,49,32,82,31,95,7,67,4,135,121,130,47" hai3="122,35,43,117,129,112,12,23,81,15,118,40,20"/><T3/><D71/><U107/><E107/><V6/><F121/><W114/><G81/><T62/><D74/><U78/><E120/><V77/><F113/><N who="3" m="43627" /><G35/><T131/><D76/><U80/><E69/><V84/><F135/><W100/><G100/><T45/><D45/><N who="1" m="26039" /><E133/><V41/><F130/><N who="0" m="49706" /><D58/><U90/><E29/><V93/><F32/><W65/><G65/><T25/><D62/><N who="1" m="36135" /><E54/><V56/><F31/><W16/><G129/><T10/><D119/><N who="3" m="45577" /><G122/><T37/><D115/><U101/><E101/><V68/><F68/><W123/><G123/><T44/><D44/><U91/><E80/><V86/><F67/><W104/><G104/><T48/><D48/><U96/><E96/><V99/><F99/><W0/><G43/><T83/><D83/><U46/><E46/><V11/><F56/><W66/><G66/><T111/><D37/><U92/><E92/><V116/><F116/><W33/><G40/><T105/><D105/><U2/><E72/><V85/><F93/><W30/><G0/><T38/><D38/><U27/><E2/><V127/><F95/><W60/><G60/><T125/><D3/><U94/><E94/><V124/><F84/><W14/><G33/><T103/><D103/><U87/><E87/><V88/><F85/><W24/><AGARI ba="2,0" hai="12,14,15,16,20,23,24,30" m="45577,43627" machi="24" ten="40,5200,0" yaku="34,2,54,1" doraHai="132" who="3" fromWho="3" sc="312,-28,236,-15,246,-15,206,58" /><INIT seed="1,0,0,2,5,5" ten="284,221,231,264" oya="1" hai0="117,28,84,56,29,108,129,124,37,132,113,31,55" hai1="25,83,13,90,30,71,11,86,53,69,35,75,65" hai2="77,66,27,2,76,82,62,49,39,104,125,4,48" hai3="121,46,73,21,7,64,98,78,16,10,57,134,8"/><U19/><E65/><V106/><F39/><W116/><G121/><T26/><D37/><U107/><E107/><V102/><F125/><W133/><G116/><T50/><D113/><U89/><E75/><V58/><F106/><W47/><G98/><T44/><D117/><U80/><REACH who="1" step="1"/><E53/><REACH who="1" ten="284,211,231,264" step="2"/><V118/><F118/><W6/><G73/><T131/><D55/><U95/><E95/><V23/><F104/><W52/><G64/><T94/><D124/><U99/><E99/><V93/><F93/><W88/><G133/><T103/><D94/><U130/><E130/><V91/><F66/><W109/><G134/><T22/><D132/><U41/><E41/><V100/><F100/><W105/><G52/><T112/><D103/><U115/><E115/><V18/><F102/><W101/><G101/><T0/><D131/><U126/><E126/><V127/><F127/><W79/><G105/><T9/><D129/><U87/><AGARI ba="0,1" hai="11,13,19,25,30,35,69,71,80,83,86,87,89,90" machi="87" ten="30,11700,0" yaku="1,1,0,1,9,1,52,1,53,0" doraHai="5" doraHaiUra="97" who="1" fromWho="1" sc="284,-39,211,127,231,-39,264,-39" /><INIT seed="1,1,0,3,0,67" ten="245,338,192,225" oya="1" hai0="47,88,108,115,14,50,25,3,40,98,8,33,58" hai1="90,49,65,76,71,11,120,62,66,119,105,124,80" hai2="1,55,26,29,85,81,9,27,103,123,44,15,111" hai3="39,37,10,130,99,97,43,34,134,74,4,116,36"/><U2/><E120/><V18/><F111/><W46/><G130/><T16/><D108/><U93/><E105/><V86/><F123/><W30/><G134/><T135/><D115/><U121/><E121/><V57/><F1/><N who="3" m="271" /><G99/><T127/><D127/><U45/><E119/><V112/><F112/><W91/><G91/><T79/><D79/><U102/><E102/><V7/><F103/><W126/><G126/><T54/><D135/><U82/><E66/><V128/><F128/><W70/><G116/><T92/><D3/><U41/><E124/><V113/><F113/><W48/><G48/><T94/><D33/><U63/><E63/><V59/><F85/><W12/><G12/><T106/><D106/><U118/><E118/><V42/><F29/><W28/><G28/><T107/><D107/><U73/><E80/><V101/><F101/><W75/><G97/><T6/><D25/><U23/><E23/><V104/><F104/><W13/><G13/><T69/><D69/><U20/><E20/><V87/><F87/><W133/><G70/><T61/><D94/><U5/><E93/><V22/><F27/><N who="3" m="18783" /><G133/><T52/><D6/><U21/><E90/><V131/><F131/><W96/><G96/><T100/><D100/><U78/><E78/><V64/><F64/><AGARI ba="1,0" hai="8,14,16,40,47,50,52,54,58,61,64,88,92,98" machi="64" ten="30,8000,1" yaku="7,1,8,1,54,3" doraHai="67" who="0" fromWho="2" sc="245,83,338,0,192,-83,225,0" /><INIT seed="2,0,0,3,1,44" ten="328,338,109,225" oya="2" hai0="31,89,75,102,1,111,43,62,32,96,87,122,27" hai1="29,21,45,121,133,99,35,135,41,25,55,13,116" hai2="120,86,92,54,17,10,85,39,112,118,93,98,127" hai3="79,9,50,6,74,37,26,100,19,12,88,73,130"/><V53/><F39/><W11/><G37/><T68/><D122/><U82/><E116/><V132/><F120/><W7/><G130/><T114/><D1/><U77/><E121/><V97/><F118/><W76/><G100/><T5/><D5/><U57/><E99/><V14/><F112/><W61/><G61/><T91/><D111/><U106/><E106/><V52/><F127/><W125/><G125/><T49/><D75/><U131/><E131/><V78/><F132/><N who="1" m="50761" /><E13/><V69/><F69/><W115/><G115/><T104/><D87/><N who="1" m="48591" /><E35/><V59/><F59/><W2/><G73/><T30/><D30/><U83/><E83/><V67/><F67/><W95/><G74/><T94/><D94/><N who="2" m="36458" /><F78/><W64/><G64/><N who="0" m="40983" /><D114/><U90/><E90/><V58/><F58/><W0/><G26/><T40/><D40/><U47/><E41/><V134/><F134/><W72/><G72/><T128/><D128/><U66/><E66/><V105/><F105/><W113/><G113/><T56/><D43/><U60/><AGARI ba="0,0" hai="21,25,29,45,47,55,57,60" m="48591,50761" machi="60" ten="30,1100,0" yaku="20,1" doraHai="44" who="1" fromWho="1" sc="328,-3,338,11,109,-5,225,-3" /><INIT seed="3,0,0,2,0,46" ten="325,349,104,222" oya="3" hai0="6,87,0,126,43,120,75,12,72,74,94,119,64" hai1="38,40,44,66,41,113,23,36,100,112,117,132,11" hai2="39,134,116,127,13,62,93,95,129,63,77,69,50" hai3="67,90,27,14,16,59,96,33,42,131,5,56,31"/><W122/><G122/><T123/><D119/><U109/><E100/><V97/><F116/><W133/><G133/><T10/><D126/><U81/><E117/><V85/><F39/><N who="1" m="14889" /><E11/><V58/><F134/><W48/><G131/><T28/><D28/><U108/><E81/><V102/><F129/><W8/><G67/><T15/><D64/><U20/><E132/><V4/><F127/><W101/><G90/><T61/><D61/><U107/><E66/><V124/><F124/><W115/><G115/><N who="1" m="44106" /><E107/><V79/><F69/><W80/><G80/><T34/><D34/><U45/><E20/><V128/><F128/><W22/><G42/><N who="1" m="16490" /><E23/><V125/><F125/><W65/><G65/><T99/><D87/><U29/><E29/><V32/><F32/><W47/><G47/><AGARI ba="0,0" hai="44,45,47,108,109" m="16490,44106,14889" machi="47" ten="40,8000,1" yaku="28,2,34,2" doraHai="46" who="1" fromWho="3" sc="325,0,349,80,104,0,222,-80" owari="325,13.0,429,53.0,104,-40.0,142,-26.0" /></mjloggm>