<mjloggm ver="2.3"><GO type="97" lobby="0"/><UN n0="%E3%82%82%E3%81%86%E4%BD%95%E3%82%82%E6%81%90%E3%81%8F%E3%81%AA%E3%81%84" n1="%E3%81%84%EF%BD%9E%E3%81%99%E3%81%A8%E3%81%86%E3%81%A3%E3%81%A9" n2="%53%50%49%43%41%E3%81%AE%E5%BC%9F%E5%AD%90" n3="%E3%82%A6%E3%83%AB%E3%83%88%E3%83%A9%E7%AB%8B%E7%9B%B4" dan="15,13,14,15" rate="2080.92,1883.01,1939.06,1935.65" sx="M,M,M,M"/><TAIKYOKU oya="0"/><INIT seed="0,0,0,4,5,119" ten="250,250,250,250" oya="0" hai0="103,55,39,45,5,125,114,54,128,84,69,46,52" hai1="60,30,106,33,99,21,8,105,0,77,24,109,92" hai2="97,41,130,26,134,32,83,58,20,51,42,70,43" hai3="96,121,7,66,126,68,81,22,13,29,3,100,56"/><T108/><D5/><U27/><E109/><V73/><F70/><W28/><G3/><T117/><D103/><U63/><E77/><V11/><F134/><W87/><G68/><T124/><D117/><U120/><E120/><V35/><F130/><W9/><G126/><N who="0" m="48747" /><D84/><U44/><E44/><N who="0" m="17001" /><D114/><U131/><E131/><V40/><F11/><W4/><G4/><T94/><D94/><U48/><E48/><V110/><F110/><W133/><G29/><T17/><D17/><U61/><E8/><V95/><F73/><W14/><G96/><T116/><D116/><U25/><E0/><V72/><F72/><W102/><G102/><T10/><D10/><U38/><E38/><V112/><F112/><W64/><G100/><T111/><D128/><U123/><E123/><V19/><F83/><W16/><G121/><T75/><D75/><U93/><E99/><V74/><F74/><W76/><G28/><T113/><D113/><U57/><E30/><V36/><F36/><W104/><G104/><N who="1" m="40042" /><E21/><V135/><F135/><W1/><G133/><T129/><D129/><U101/><E101/><V49/><F41/><W80/><G1/><T50/><D39/><U67/><E33/><V47/><F35/><W37/><G37/><T15/><D69/><U23/><E23/><V122/><F32/><W18/><G18/><T91/><D91/><U12/><E12/><V90/><REACH who="2" step="1"/><F122/><REACH who="2" ten="250,250,240,250" step="2"/><W79/><G80/><T88/><D108/><U132/><E132/><V85/><F85/><W127/><G87/><T59/><D111/><U62/><N who="1" m="15872" /><DORA hai="107" /><U82/><E82/><V86/><F86/><RYUUKYOKU ba="0,1" sc="250,-15,250,15,240,15,250,-15" hai1="24,25,27,57,67,92,93" hai2="19,20,26,40,42,43,47,49,51,58,90,95,97" /><INIT seed="1,1,1,2,4,114" ten="235,265,255,235" oya="1" hai0="120,74,11,123,53,133,4,44,99,132,41,43,97" hai1="9,127,45,50,100,71,122,124,15,26,38,101,118" hai2="51,0,79,27,112,40,87,88,49,28,23,96,83" hai3="119,66,75,73,22,69,20,54,70,35,108,76,14"/><U59/><E38/><V77/><F112/><W115/><G35/><T81/><D53/><U103/><E71/><V34/><F0/><W109/><G115/><T102/><D81/><U30/><E59/><V89/><F34/><W55/><G14/><N who="0" m="5479" /><D74/><U13/><E122/><N who="0" m="46633" /><D99/><U130/><E130/><V65/><F65/><W116/><G76/><N who="2" m="29257" /><F40/><N who="0" m="15434" /><D44/><U92/><E92/><AGARI ba="1,1" hai="23,27,28,49,51,83,87,88,89,92,96" m="29257" machi="92" ten="30,2000,0" yaku="8,1,54,1" doraHai="114" who="2" fromWho="1" sc="235,0,265,-23,255,33,235,0" /><AGARI ba="1,0" hai="92,97,102,132,133" m="15434,46633,5479" machi="92" ten="30,1000,0" yaku="13,1" doraHai="114" who="0" fromWho="1" sc="235,10,242,-10,288,0,235,0" /><INIT seed="2,0,0,4,5,105" ten="245,232,288,235" oya="2" hai0="47,59,100,17,20,28,112,76,92,97,110,50,102" hai1="56,118,2,44,108,13,99,125,51,71,107,34,82" hai2="24,38,39,126,101,78,74,68,57,48,15,87,88" hai3="134,121,31,84,22,127,69,91,115,16,77,29,23"/><V35/><F68/><W122/><G69/><T19/><D112/><U64/><E2/><V40/><F101/><W36/><G36/><T104/><D110/><U61/><E118/><V94/><F126/><W12/><G127/><T55/><D76/><U7/><E108/><V128/><F128/><W129/><G129/><T41/><D104/><U85/><E34/><V133/><F133/><W75/><G134/><T14/><D19/><U119/><E125/><V80/><F15/><W33/><G33/><T49/><D28/><U67/><E119/><V30/><REACH who="2" step="1"/><F57/><REACH who="2" ten="245,232,278,235" step="2"/><W132/><G132/><T109/><REACH who="0" step="1"/><D109/><REACH who="0" ten="235,232,278,235" step="2"/><U25/><E71/><V5/><F5/><W4/><G4/><T131/><D131/><U46/><E107/><V53/><F53/><W8/><G115/><T10/><D10/><N who="1" m="4319" /><E67/><V11/><F11/><W21/><G121/><T106/><D106/><U96/><E25/><V42/><F42/><W103/><G122/><T90/><AGARI ba="0,2" hai="14,17,20,41,47,49,50,55,59,90,92,97,100,102" machi="90" ten="20,5200,0" yaku="1,1,0,1,7,1,8,1,53,0" doraHai="105" doraHaiUra="6" who="0" fromWho="0" sc="235,72,232,-13,278,-26,235,-13" /><INIT seed="3,0,0,5,0,18" ten="307,219,252,222" oya="3" hai0="87,26,61,120,21,59,20,8,119,111,75,30,88" hai1="78,74,80,94,108,99,42,102,43,73,93,122,58" hai2="63,112,83,39,107,2,48,10,95,84,85,100,11" hai3="38,101,121,113,91,32,33,13,24,14,116,22,36"/><W103/><G121/><T126/><D75/><U115/><E122/><V127/><F112/><W40/><G113/><T118/><D120/><U77/><E58/><V79/><F107/><W27/><G91/><T134/><D111/><U97/><E115/><V86/><F127/><W52/><G40/><T56/><D126/><U123/><E123/><V47/><F39/><W44/><G44/><T105/><D105/><U19/><E19/><V55/><F63/><W124/><G124/><T54/><D134/><U130/><E108/><V62/><F62/><W82/><G82/><T131/><D131/><U53/><E53/><V41/><F2/><W34/><G34/><T0/><D20/><U65/><E65/><V114/><F114/><W110/><G110/><T28/><D28/><U9/><E9/><V15/><F11/><W51/><G51/><T45/><D45/><U1/><E1/><V69/><F69/><W90/><G90/><T132/><D132/><U35/><E35/><V4/><F55/><W64/><G64/><T12/><D0/><U72/><E130/><V7/><F7/><W92/><G52/><T31/><D31/><U106/><E43/><V37/><F37/><W70/><G70/><T3/><D59/><U89/><E42/><V5/><F5/><W117/><G92/><T125/><D3/><U109/><E109/><V16/><F16/><W98/><G98/><T60/><D60/><U76/><E106/><V104/><F104/><W25/><G25/><T49/><D61/><U81/><AGARI ba="0,0" hai="72,73,74,76,77,78,80,81,89,93,94,97,99,102" machi="81" ten="40,12000,2" yaku="0,1,35,6" doraHai="18" who="1" fromWho="1" sc="307,-30,219,120,252,-30,222,-60" owari="277,8.0,339,44.0,222,-18.0,162,-34.0" /></mjloggm>