<mjloggm ver="2.3"><GO type="97" lobby="0"/><UN n0="%E3%81%8A%E3%81%97%E3%82%83%E3%81%B5%E3%81%87%E3%81%AB" n1="%E7%82%8E%E3%81%AE%E3%82%B7%E3%83%A5%E3%83%AC%E3%83%B3" n2="%E3%82%A6%E3%83%AB%E3%83%88%E3%83%A9%E7%AB%8B%E7%9B%B4" n3="%46%72%65%65%2D%53" dan="15,13,15,15" rate="2075.12,1914.75,2040.05,1983.57" sx="M,M,M,M"/><TAIKYOKU oya="0"/><INIT seed="0,0,0,0,2,28" ten="250,250,250,250" oya="0" hai0="128,10,122,93,127,6,70,121,64,76,47,87,36" hai1="12,63,134,26,75,114,41,3,14,56,98,31,71" hai2="88,115,74,1,20,39,35,78,32,123,94,60,131" hai3="105,59,126,92,46,117,124,85,99,77,7,119,37"/><T18/><D128/><U73/><E3/><V4/><F115/><W61/><G7/><T48/><D127/><N who="3" m="48681" /><G37/><T118/><D36/><U53/><E71/><V16/><F123/><W101/><G46/><T27/><D118/><N who="3" m="45065" /><G59/><T40/><D18/><U50/><E114/><V29/><F39/><W52/><G52/><T106/><D27/><U112/><E112/><V69/><F29/><W57/><G57/><T9/><D106/><U97/><E12/><V22/><F22/><W42/><G42/><T2/><D10/><U132/><E14/><V100/><F4/><W113/><G61/><T11/><D11/><U83/><E41/><V68/><F1/><W72/><G113/><T96/><D64/><U82/><E63/><V133/><F69/><W66/><G66/><T15/><D2/><U111/><E50/><V33/><F60/><W43/><G43/><T107/><D70/><U91/><E53/><V0/><F0/><W81/><G105/><T54/><D107/><U86/><E56/><V80/><F68/><W21/><G21/><T8/><D54/><U116/><E31/><V58/><F58/><W19/><G19/><T84/><D8/><U65/><E26/><V110/><F16/><W89/><G101/><N who="0" m="60559" /><D122/><U135/><E65/><V34/><F100/><W103/><G103/><T45/><D121/><U23/><E23/><V17/><F32/><W120/><G120/><T51/><D45/><U44/><E44/><V90/><F34/><W67/><G67/><T5/><D5/><U38/><E116/><V62/><F35/><W130/><G130/><T129/><D129/><RYUUKYOKU ba="0,0" sc="250,-10,250,-10,250,-10,250,30" hai3="72,77,81,85,89,92,99" /><INIT seed="1,1,0,0,1,83" ten="240,240,240,280" oya="1" hai0="116,121,76,50,64,1,67,25,4,29,62,73,135" hai1="16,5,18,13,10,115,70,58,119,40,101,52,131" hai2="24,85,92,0,3,31,105,43,118,128,45,60,49" hai3="19,47,82,23,21,96,32,122,41,104,126,99,63"/><U26/><E70/><V102/><F118/><W30/><G32/><T134/><D116/><U2/><E115/><V100/><F128/><W79/><G122/><T27/><D121/><U48/><E119/><V112/><F112/><W132/><G63/><T107/><D107/><U68/><E131/><V109/><F109/><W114/><G114/><T113/><D50/><U6/><E68/><V75/><F75/><W36/><G132/><T57/><D67/><U89/><E101/><V120/><F120/><W78/><G30/><T97/><D97/><U38/><E2/><V12/><F12/><W133/><G23/><T94/><D94/><U90/><E40/><V42/><F42/><W9/><G9/><N who="0" m="2191" /><D29/><U8/><E38/><V14/><F14/><W108/><G104/><T34/><D34/><U44/><E44/><V98/><F60/><W87/><G79/><T35/><D35/><U59/><E59/><V22/><F100/><W72/><G72/><T106/><D106/><U74/><E74/><V88/><AGARI ba="1,0" hai="0,3,22,24,31,43,45,49,85,88,92,98,102,105" machi="88" ten="30,4000,0" yaku="0,1,52,1,54,1" doraHai="83" who="2" fromWho="2" sc="240,-11,240,-21,240,43,280,-11" /><INIT seed="2,0,0,5,3,53" ten="229,219,283,269" oya="2" hai0="74,65,47,18,83,131,39,32,132,77,84,134,130" hai1="87,67,117,93,34,52,135,64,50,121,72,6,101" hai2="115,124,63,90,41,15,110,13,14,123,104,129,94" hai3="21,80,35,91,22,36,4,11,44,89,24,111,69"/><V62/><F104/><W103/><G69/><T46/><D32/><U73/><E117/><V28/><F123/><W7/><G103/><T119/><D119/><U3/><E121/><V105/><F105/><W38/><G44/><N who="0" m="16939" /><D39/><U125/><E34/><V127/><F115/><W8/><G24/><T45/><D45/><N who="1" m="27727" /><E72/><V54/><F41/><W59/><G35/><T68/><D18/><U122/><E73/><V114/><F114/><W31/><G80/><N who="0" m="45111" /><D65/><N who="1" m="25163" /><E3/><V19/><F28/><W66/><G31/><T118/><D68/><U25/><E122/><V92/><F19/><W71/><G71/><T106/><D106/><U56/><E6/><V78/><F78/><W102/><G66/><T133/><D118/><U82/><E135/><V97/><F54/><W60/><G60/><T96/><D96/><N who="1" m="59535" /><E125/><V75/><F75/><W120/><G120/><T126/><D126/><U17/><E17/><V55/><F127/><W88/><G38/><T5/><D5/><U100/><E100/><V81/><F124/><W85/><G36/><T76/><AGARI ba="0,0" hai="76,83,84,130,131,132,133,134" m="45111,16939" machi="76" ten="40,1500,0" yaku="20,1" doraHai="53" who="0" fromWho="0" sc="229,15,219,-4,283,-7,269,-4" /><INIT seed="3,0,0,5,4,132" ten="244,215,276,265" oya="3" hai0="87,135,42,26,22,83,62,51,33,31,122,126,85" hai1="104,54,102,43,134,101,28,16,130,117,127,93,12" hai2="53,38,4,108,84,120,116,0,19,118,69,100,58" hai3="30,41,111,57,13,72,47,128,105,11,97,71,36"/><W77/><G71/><T121/><D135/><U112/><E104/><V106/><F4/><W74/><G30/><T9/><D126/><U68/><E112/><V96/><F0/><W34/><G34/><T6/><D85/><U66/><E134/><V86/><F38/><W56/><G128/><T82/><D82/><U76/><E130/><V64/><F64/><W32/><G32/><T10/><D10/><U129/><E129/><V114/><F69/><W81/><G74/><T95/><D95/><U23/><E127/><V107/><F19/><W3/><G111/><T44/><D62/><U55/><E117/><V115/><F53/><N who="1" m="19977" /><E68/><V73/><F58/><W123/><G123/><T60/><D60/><U70/><E70/><V46/><F46/><W25/><G25/><T48/><D48/><U18/><E28/><V5/><F5/><N who="3" m="1471" /><G13/><T131/><D33/><U14/><E66/><V49/><F49/><W21/><G21/><T61/><D61/><U78/><E43/><V40/><F40/><W110/><G110/><T37/><D37/><U17/><E17/><V52/><F52/><W80/><G81/><T92/><D92/><U109/><E109/><V63/><F108/><W113/><G113/><N who="2" m="43017" /><F63/><W29/><G29/><T8/><D131/><U50/><E50/><V99/><F73/><W119/><G119/><N who="2" m="45609" /><F120/><W24/><G24/><T2/><D121/><U20/><E102/><AGARI ba="0,0" hai="84,86,96,99,100,102,106,107" m="45609,43017" machi="102" ten="30,2000,0" yaku="34,2" doraHai="132" who="2" fromWho="1" sc="244,0,215,-20,276,20,265,0" /><AGARI ba="0,0" hai="36,41,47,56,57,72,77,80,97,102,105" m="1471" machi="102" ten="30,1500,0" yaku="25,1" doraHai="132" who="3" fromWho="1" sc="244,0,195,-15,296,0,265,15" /><INIT seed="3,1,0,5,5,84" ten="244,180,296,280" oya="3" hai0="98,132,19,9,17,61,46,51,111,73,36,91,15" hai1="88,68,14,23,33,70,122,5,64,80,72,12,31" hai2="103,120,130,118,45,74,92,76,66,128,96,44,59" hai3="41,95,125,32,27,78,107,58,26,67,104,112,102"/><W86/><G112/><T50/><D73/><U77/><E122/><V3/><F3/><W4/><G41/><T79/><D79/><U53/><E33/><V123/><F118/><W121/><G121/><N who="2" m="46665" /><F76/><W117/><G117/><T133/><D111/><U22/><E53/><V60/><F74/><W119/><G4/><T52/><D61/><U24/><E64/><V39/><F39/><W65/><G119/><T56/><D19/><U57/><E57/><V49/><F45/><W71/><G78/><T37/><D50/><U62/><E62/><V47/><F47/><W30/><G71/><T7/><D7/><U2/><E2/><V90/><F103/><W99/><G125/><T40/><D37/><U83/><E12/><V131/><F131/><W108/><G108/><T87/><REACH who="0" step="1"/><D98/><REACH who="0" ten="234,180,296,280" step="2"/><U110/><E110/><V48/><F49/><W109/><G109/><T75/><D75/><U135/><E135/><V105/><F105/><W0/><G107/><T85/><D85/><U43/><E43/><AGARI ba="1,1" hai="43,44,48,59,60,66,90,92,96,128,130" m="46665" machi="43" ten="30,2000,0" yaku="13,1,52,1" doraHai="84" who="2" fromWho="1" sc="234,0,180,-23,296,33,280,0" owari="234,-17.0,157,-34.0,329,43.0,280,8.0" /></mjloggm>