<mjloggm ver="2.3"><GO type="97" lobby="0"/><UN n0="%E3%83%81%E3%82%AD%E3%83%B3" n1="%E5%8F%A4%E6%98%8E%E6%B2%BB%E3%81%95%E3%81%A8%E3%82%8A" n2="%E3%82%A6%E3%83%AB%E3%83%88%E3%83%A9%E7%AB%8B%E7%9B%B4" n3="%6F%74%61%73%31%33%36" dan="14,14,15,13" rate="1919.85,1903.68,1977.26,1924.76" sx="M,F,M,M"/><TAIKYOKU oya="0"/><BYE who="2" /><INIT seed="0,0,0,3,0,26" ten="250,250,250,250" oya="0" hai0="129,125,130,43,3,118,6,58,17,101,63,54,29" hai1="102,60,69,62,99,71,106,7,51,100,66,98,15" hai2="94,68,42,59,45,12,70,114,81,79,64,25,113" hai3="5,105,116,57,44,126,121,4,46,14,13,90,124"/><T8/><D118/><UN n2="%E3%82%A6%E3%83%AB%E3%83%88%E3%83%A9%E7%AB%8B%E7%9B%B4" /><U1/><E1/><V93/><F12/><N who="3" m="4715" /><G116/><T53/><D43/><U22/><E51/><V132/><F59/><W40/><G105/><T76/><D76/><U127/><E127/><N who="3" m="48682" /><G57/><T117/><D117/><U88/><E88/><V74/><F93/><W97/><G121/><T108/><D125/><U20/><E7/><N who="3" m="2634" /><G40/><T133/><D101/><U110/><E15/><V67/><F94/><AGARI ba="0,0" hai="44,46,90,94,97" m="2634,48682,4715" machi="94" ten="30,1000,0" yaku="18,1" doraHai="26" who="3" fromWho="2" sc="250,0,250,0,250,-10,250,10" /><INIT seed="1,0,0,4,3,72" ten="250,250,240,260" oya="1" hai0="28,109,35,24,101,104,48,128,19,36,116,92,40" hai1="66,52,132,70,32,117,94,133,86,44,73,134,67" hai2="41,126,3,107,50,39,71,37,84,31,106,75,69" hai3="60,30,64,74,120,105,22,96,20,57,77,56,118"/><U90/><E117/><V130/><F84/><W125/><G120/><T113/><D116/><U6/><E32/><V61/><F31/><W26/><G118/><T99/><D113/><U34/><E34/><V55/><F50/><W127/><G20/><T129/><D36/><N who="2" m="13898" /><F55/><W10/><G10/><T119/><D119/><U5/><E73/><V98/><F61/><W112/><G112/><T12/><D109/><U17/><E17/><V21/><F21/><W42/><G42/><T100/><D104/><N who="2" m="39978" /><F98/><W95/><G105/><T27/><D27/><U110/><E110/><V13/><F13/><W122/><G122/><T114/><D114/><U102/><E102/><V59/><F59/><W62/><G74/><T89/><D12/><U111/><E111/><V135/><F41/><W76/><G127/><T16/><D40/><U18/><E18/><N who="0" m="6697" /><D48/><N who="1" m="28679" /><E67/><V103/><F103/><N who="3" m="60831" /><G125/><T68/><D68/><N who="2" m="26186" /><F126/><W53/><AGARI ba="0,0" hai="22,26,30,53,56,57,60,62,64,76,77" m="60831" machi="53" ten="30,7900,0" yaku="25,1,8,1,52,2" doraHai="72" who="3" fromWho="3" sc="250,-20,250,-39,240,-20,260,79" /><INIT seed="2,0,0,3,0,67" ten="230,211,220,339" oya="2" hai0="69,63,2,78,109,24,91,64,100,39,60,61,80" hai1="49,104,15,113,132,124,118,27,76,40,75,93,134" hai2="37,9,51,121,90,79,98,42,92,5,71,38,52" hai3="82,56,29,122,74,25,48,88,66,10,116,33,18"/><V101/><F121/><W7/><G116/><T19/><D2/><U110/><E104/><V3/><F71/><W22/><G122/><T23/><D39/><U120/><E118/><V127/><F127/><W12/><G74/><T53/><D109/><U106/><E106/><V85/><F42/><W107/><G107/><T115/><D115/><U103/><E110/><V46/><REACH who="2" step="1"/><F79/><REACH who="2" ten="230,211,210,339" step="2"/><W43/><G43/><T26/><D78/><U86/><E124/><V87/><F87/><N who="3" m="50295" /><G66/><T72/><D53/><U54/><E40/><V128/><F128/><W14/><G56/><T94/><D64/><U133/><E120/><V59/><F59/><W70/><G70/><T83/><D69/><U95/><E113/><V31/><F31/><W131/><G131/><T62/><D72/><U55/><E75/><V36/><F36/><W44/><G44/><T47/><D47/><N who="1" m="27967" /><E55/><V105/><AGARI ba="0,1" hai="3,5,9,37,38,46,51,52,85,90,92,98,101,105" machi="105" ten="20,12000,1" yaku="1,1,0,1,7,1,54,1,53,1" doraHai="67" doraHaiUra="35" who="2" fromWho="2" sc="230,-40,211,-40,210,130,339,-40" /><INIT seed="2,1,0,4,2,25" ten="190,171,340,299" oya="2" hai0="71,4,104,90,97,27,93,34,61,22,77,99,100" hai1="43,49,92,7,133,56,39,124,46,54,134,116,102" hai2="29,55,107,28,114,45,23,87,112,70,42,31,3" hai3="62,68,17,83,95,19,9,32,59,115,85,63,119"/><V57/><F107/><W125/><G119/><T96/><D77/><U108/><E116/><V2/><F23/><W37/><G37/><T20/><D4/><U130/><E108/><V123/><F87/><W60/><G115/><T10/><D10/><U1/><E124/><V118/><F118/><W18/><G125/><T80/><D80/><U41/><E41/><V53/><F70/><W13/><G32/><T14/><D14/><U82/><E130/><V111/><F57/><W73/><G68/><T74/><D74/><U117/><E117/><V132/><F45/><W110/><G110/><T75/><D75/><U65/><E82/><V105/><F105/><W106/><G106/><T64/><REACH who="0" step="1"/><D97/><REACH who="0" ten="180,171,340,299" step="2"/><N who="1" m="59687" /><E7/><V120/><F111/><W88/><G73/><T131/><D131/><U84/><E1/><V101/><F3/><W109/><G109/><T38/><D38/><U103/><E84/><V69/><F2/><W5/><REACH who="3" step="1"/><G83/><REACH who="3" ten="180,171,340,289" step="2"/><T51/><D51/><U36/><E39/><V30/><F114/><W58/><AGARI ba="1,2" hai="5,9,13,17,18,19,58,59,60,62,63,85,88,95" machi="58" ten="40,16000,3" yaku="1,1,2,1,0,1,8,1,54,1,53,3" doraHai="25" doraHaiUra="15" who="3" fromWho="3" sc="180,-41,171,-41,340,-81,289,183" /><INIT seed="3,0,0,2,4,78" ten="139,130,259,472" oya="3" hai0="6,73,75,100,129,134,80,4,66,132,8,72,69" hai1="135,9,40,49,7,13,65,60,47,128,54,87,3" hai2="74,38,125,122,77,91,52,35,117,112,118,96,130" hai3="11,119,114,110,106,70,92,24,86,107,37,36,15"/><W99/><G119/><T93/><D129/><U82/><E128/><V19/><F52/><W50/><G114/><T88/><D100/><U12/><E135/><N who="0" m="51753" /><D80/><U16/><E40/><V58/><F19/><W95/><G110/><T105/><D105/><U42/><E42/><V48/><F58/><W131/><G131/><T20/><D20/><U123/><E123/><V33/><F48/><W64/><G50/><T23/><D23/><U103/><E103/><V56/><F91/><W116/><G116/><T120/><D120/><U10/><E3/><V43/><F96/><W109/><G109/><T21/><D21/><U85/><E82/><V31/><F77/><W98/><G24/><T39/><D39/><U113/><E113/><V25/><F25/><W63/><G86/><N who="0" m="52375" /><D8/><U18/><E7/><N who="0" m="2601" /><D66/><U17/><E17/><V51/><F31/><W26/><G26/><T59/><D59/><AGARI ba="0,0" hai="9,10,12,13,16,18,47,49,54,59,60,65,85,87" machi="59" ten="30,7700,0" yaku="7,1,9,1,8,1,54,1" doraHai="78" who="1" fromWho="0" sc="139,-77,130,77,259,0,472,0" owari="62,-44.0,207,-19.0,259,6.0,472,57.0" /></mjloggm>