<mjloggm ver="2.3"><GO type="97" lobby="0"/><UN n0="%E3%81%8A%E3%82%84%E3%82%93%E3%81%9F" n1="%E8%91%89%E6%9C%88%E8%81%96" n2="%E8%BB%9F%E6%B0%B4" n3="%E3%82%A6%E3%83%AB%E3%83%88%E3%83%A9%E7%AB%8B%E7%9B%B4" dan="14,14,15,15" rate="1842.20,1969.56,2008.24,1980.99" sx="M,M,M,M"/><TAIKYOKU oya="0"/><INIT seed="0,0,0,4,0,24" ten="250,250,250,250" oya="0" hai0="55,80,37,61,70,0,99,116,113,36,78,94,6" hai1="107,87,124,106,127,93,90,47,122,128,118,50,102" hai2="58,45,66,109,2,8,14,110,23,44,91,98,123" hai3="42,72,56,125,135,132,25,84,40,27,60,22,5"/><T117/><D113/><U10/><E122/><V30/><F123/><W92/><G72/><N who="0" m="43079" /><D55/><U86/><E118/><N who="0" m="45673" /><D94/><U104/><E10/><V129/><F2/><W18/><G125/><N who="1" m="48202" /><E50/><V19/><F129/><W120/><G120/><T67/><D99/><N who="1" m="57783" /><E47/><V74/><F74/><W4/><G132/><T3/><D6/><U32/><E32/><V89/><F109/><W108/><G135/><T134/><D134/><U111/><E111/><V16/><F110/><W115/><G108/><T69/><D69/><U103/><E128/><V48/><F19/><W52/><G115/><T34/><D34/><U68/><E68/><V83/><F83/><W64/><G64/><T11/><D11/><U65/><E65/><V82/><F82/><W28/><G5/><T79/><D79/><U105/><N who="1" m="27136" /><DORA hai="41" /><U119/><E119/><V35/><F35/><W75/><G4/><T121/><D121/><U39/><E39/><AGARI ba="0,0" hai="0,3,36,37,39,61,67,70" m="45673,43079" machi="39" ten="30,1500,0" yaku="23,1" doraHai="24,41" who="0" fromWho="1" sc="250,15,250,-15,250,0,250,0" /><INIT seed="0,1,0,0,1,51" ten="265,235,250,250" oya="0" hai0="5,43,33,75,12,44,25,88,90,34,83,53,74" hai1="3,42,61,115,55,71,28,103,102,94,84,30,109" hai2="45,120,47,135,58,105,123,68,7,133,48,40,100" hai3="18,76,99,26,50,127,98,73,8,81,113,52,14"/><T23/><D5/><U4/><E109/><V128/><F100/><W66/><G113/><T63/><D12/><U92/><E115/><V57/><F105/><W37/><G37/><T119/><D119/><U39/><E39/><N who="2" m="21663" /><F7/><W17/><G127/><T72/><D83/><U69/><E42/><V91/><F91/><W116/><G116/><T2/><D2/><U107/><E107/><V80/><F80/><W131/><G131/><T121/><D121/><N who="2" m="46666" /><F68/><W13/><G66/><T129/><D129/><U31/><E4/><V122/><N who="2" m="46674" /><V126/><DORA hai="95" /><F128/><W9/><REACH who="3" step="1"/><G26/><REACH who="3" ten="265,235,250,240" step="2"/><T46/><D25/><U101/><E3/><V104/><F126/><W97/><G97/><T11/><D43/><U82/><E71/><V125/><F125/><W32/><G32/><T77/><D33/><U54/><E69/><V111/><F111/><W110/><G110/><T60/><D34/><U22/><E61/><V86/><F135/><W67/><G67/><T64/><D63/><U59/><E59/><AGARI ba="1,1" hai="8,9,13,14,17,18,50,52,59,73,76,81,98,99" machi="59" ten="30,12000,2" yaku="1,1,7,1,9,1,52,3,54,1,53,0" doraHai="51,95" doraHaiUra="85,132" who="3" fromWho="1" sc="265,0,235,-123,250,0,240,133" /><INIT seed="1,0,0,3,1,128" ten="265,112,250,373" oya="1" hai0="112,56,28,53,118,73,27,49,1,12,42,35,7" hai1="51,75,130,16,66,89,76,6,62,43,81,111,78" hai2="31,116,38,104,58,79,110,77,33,47,108,67,74" hai3="101,22,32,29,63,115,135,85,64,70,87,3,0"/><U24/><E6/><V107/><F116/><W54/><G115/><T94/><D112/><U131/><E76/><V48/><F38/><W71/><G22/><T72/><D118/><U23/><E89/><V60/><F31/><W132/><G54/><T93/><D42/><U39/><E51/><V106/><F33/><W126/><G126/><T18/><D73/><U40/><E111/><N who="2" m="42539" /><F74/><W55/><G55/><AGARI ba="0,0" hai="47,48,55,58,60,67,77,79,104,106,107" m="42539" machi="55" ten="40,1300,0" yaku="14,1" doraHai="128" who="2" fromWho="3" sc="265,0,112,0,250,13,373,-13" /><INIT seed="2,0,0,2,2,59" ten="265,112,263,360" oya="2" hai0="104,40,42,67,71,66,52,116,63,134,50,28,11" hai1="1,109,55,111,124,43,84,83,34,87,13,76,46" hai2="123,62,122,14,70,45,23,69,102,85,127,10,18" hai3="77,108,26,15,78,6,105,3,68,115,99,29,65"/><V58/><F127/><W72/><G15/><T64/><D104/><U49/><E1/><V110/><F102/><W88/><G88/><T9/><D116/><U90/><E34/><V75/><F75/><W119/><G78/><T8/><D134/><U19/><E124/><V121/><F45/><W35/><G108/><T5/><D28/><U98/><E111/><V93/><F110/><W86/><G86/><T47/><D5/><U36/><E109/><V82/><F93/><W20/><G20/><T96/><D96/><U113/><E113/><V114/><F23/><W33/><G33/><T0/><D0/><U17/><E36/><V12/><F12/><W97/><G99/><T128/><D128/><U106/><E43/><V24/><F24/><W120/><G120/><T94/><D94/><U57/><E106/><V80/><F114/><W107/><G115/><T48/><REACH who="0" step="1"/><D40/><REACH who="0" ten="255,112,263,360" step="2"/><U30/><E98/><V131/><F131/><W118/><G118/><T132/><D132/><U21/><E30/><V4/><F4/><W79/><G97/><T56/><AGARI ba="0,1" hai="8,9,11,42,47,48,50,52,56,63,64,66,67,71" machi="56" ten="30,8000,1" yaku="1,1,0,1,52,1,54,1,53,1" doraHai="59" doraHaiUra="39" who="0" fromWho="0" sc="255,90,112,-20,263,-40,360,-20" /><INIT seed="3,0,0,3,3,74" ten="345,92,223,340" oya="3" hai0="103,109,2,110,26,66,84,21,48,112,0,115,97" hai1="105,82,68,98,104,46,37,93,95,118,122,8,131" hai2="54,134,116,34,107,79,20,7,63,126,58,88,81" hai3="11,62,87,96,47,89,70,123,117,106,53,52,135"/><W133/><G123/><T3/><D66/><U64/><E68/><V72/><F116/><W18/><G117/><T99/><D84/><U15/><E64/><V44/><F34/><W12/><G96/><N who="0" m="36939" /><D48/><U83/><E118/><V100/><F126/><W35/><G106/><T86/><D86/><U92/><E46/><V75/><F134/><N who="3" m="51211" /><G35/><T71/><D103/><U27/><E27/><V127/><F127/><W39/><G70/><T9/><D9/><U129/><E37/><V43/><F72/><W130/><G130/><N who="1" m="49674" /><E15/><V111/><F111/><N who="0" m="42506" /><D71/><U55/><E8/><V36/><F20/><W31/><G31/><AGARI ba="0,0" hai="0,2,3,21,26,31,112,115" m="42506,36939" machi="31" ten="40,1300,0" yaku="14,1" doraHai="74" who="0" fromWho="3" sc="345,13,92,0,223,0,340,-13" owari="358,46.0,92,-41.0,223,-18.0,327,13.0" /></mjloggm>