<mjloggm ver="2.3"><GO type="97" lobby="0"/><UN n0="%66%75%74%61%73%61%6E" n1="%36%72%61%69%6E%30%30" n2="%E3%82%A6%E3%83%AB%E3%83%88%E3%83%A9%E7%AB%8B%E7%9B%B4" n3="%7A%69%6D%61" dan="13,14,14,14" rate="1822.24,1919.36,1852.97,1881.50" sx="M,M,M,M"/><TAIKYOKU oya="0"/><INIT seed="0,0,0,2,3,63" ten="250,250,250,250" oya="0" hai0="124,9,81,94,102,117,90,61,73,116,128,25,69" hai1="107,27,109,111,34,99,52,135,55,110,32,82,72" hai2="87,133,37,80,54,118,64,20,7,50,11,0,132" hai3="29,77,130,42,62,129,60,44,26,39,95,35,78"/><T23/><D102/><N who="1" m="62943" /><E135/><V5/><F37/><W57/><G95/><T121/><D121/><U3/><E3/><V97/><F118/><W6/><G6/><T22/><D22/><U86/><E72/><V53/><F7/><W2/><G2/><T33/><D33/><N who="1" m="12907" /><E27/><V126/><F126/><W105/><G62/><T56/><D124/><U36/><E36/><V70/><F97/><W104/><G105/><T18/><D69/><U119/><E119/><V1/><F1/><W66/><REACH who="3" step="1"/><G104/><REACH who="3" ten="250,250,250,240" step="2"/><T134/><D134/><U15/><E15/><V43/><F132/><W40/><G40/><T106/><D106/><U108/><E108/><V51/><F133/><W98/><G98/><T21/><D9/><U38/><E38/><V113/><F11/><W75/><G75/><T89/><D117/><U31/><E31/><V125/><F125/><W47/><G47/><T30/><D116/><U67/><E67/><V114/><F64/><W59/><G59/><T88/><D94/><U48/><E48/><V83/><F43/><W17/><G17/><T24/><D73/><U79/><AGARI ba="0,1" hai="52,55,79,82,86,109,110,111" m="12907,62943" machi="79" ten="40,2700,0" yaku="14,1,54,1" doraHai="63" who="1" fromWho="1" sc="250,-13,250,37,250,-7,240,-7" /><INIT seed="1,0,0,0,4,102" ten="237,287,243,233" oya="1" hai0="92,46,82,52,101,120,118,9,66,59,5,73,25" hai1="89,48,91,69,33,97,86,100,50,26,61,99,70" hai2="64,44,95,105,121,16,13,49,53,24,0,130,41" hai3="57,135,47,116,94,113,123,36,104,84,20,4,51"/><U96/><E100/><V15/><F0/><W17/><G116/><T30/><D66/><U2/><E2/><V43/><F121/><W40/><G123/><T27/><D120/><U56/><E69/><V111/><F130/><W29/><G113/><T103/><D118/><U109/><E70/><V32/><F111/><W124/><G104/><T122/><D122/><U8/><E109/><V107/><F64/><W133/><G124/><T108/><D46/><U31/><E8/><V87/><F24/><W78/><G4/><T115/><D115/><U10/><E10/><V112/><F32/><W117/><G29/><T34/><D27/><U126/><E126/><V6/><F112/><W54/><G117/><T129/><D129/><U58/><E58/><V81/><F95/><W83/><REACH who="3" step="1"/><G94/><REACH who="3" ten="237,287,243,223" step="2"/><T7/><D7/><U55/><REACH who="1" step="1"/><E91/><REACH who="1" ten="237,277,243,223" step="2"/><V134/><F107/><W93/><G93/><AGARI ba="0,2" hai="26,31,33,48,50,55,56,61,86,89,93,96,97,99" machi="93" ten="40,3900,0" yaku="1,1,2,1,53,0" doraHai="102" doraHaiUra="132" who="1" fromWho="3" sc="237,0,277,59,243,0,223,-39" /><INIT seed="1,1,0,5,2,21" ten="237,336,243,184" oya="1" hai0="81,110,77,58,56,11,55,2,14,36,111,94,15" hai1="97,125,66,132,79,34,104,60,129,88,39,108,27" hai2="47,5,70,80,107,102,33,109,26,68,76,13,10" hai3="42,74,17,59,63,18,25,41,128,62,44,95,106"/><U117/><E117/><V83/><F109/><N who="0" m="41482" /><D36/><U87/><E108/><V123/><F123/><W19/><G106/><T22/><D2/><U112/><E112/><V99/><F47/><W122/><G74/><T64/><D64/><U1/><E125/><V30/><REACH who="2" step="1"/><F83/><REACH who="2" ten="237,336,233,184" step="2"/><W29/><G122/><T120/><D120/><U72/><E132/><V0/><F0/><W61/><G128/><T32/><D32/><U24/><E129/><V9/><F9/><W51/><G95/><T12/><D94/><U16/><E1/><V130/><F130/><W23/><REACH who="3" step="1"/><G42/><REACH who="3" ten="237,336,233,174" step="2"/><T90/><D11/><U43/><E43/><V54/><F54/><AGARI ba="1,2" hai="17,18,19,23,25,29,41,44,51,54,59,61,62,63" machi="54" ten="40,8000,1" yaku="1,1,2,1,8,1,52,1,53,0" doraHai="21" doraHaiUra="96" who="3" fromWho="2" sc="237,0,336,0,233,-83,174,103" /><INIT seed="2,0,0,0,0,51" ten="237,336,150,277" oya="2" hai0="90,128,132,31,19,88,113,79,125,87,97,49,46" hai1="34,117,83,11,6,14,75,43,82,74,26,96,109" hai2="50,17,4,66,27,15,67,89,120,129,72,70,55" hai3="58,5,36,116,53,13,131,63,91,30,94,111,110"/><V29/><F72/><W92/><G116/><T135/><D31/><U23/><E117/><V76/><F120/><W78/><G36/><T104/><D113/><U57/><E109/><N who="3" m="41482" /><G78/><T42/><D79/><U21/><E34/><V60/><F129/><W28/><G131/><T18/><D128/><U126/><E126/><V52/><F76/><W73/><G73/><T56/><D125/><U84/><E43/><V12/><F67/><W95/><G91/><T114/><D114/><U9/><E96/><V77/><F77/><W44/><G44/><T134/><D56/><U99/><E99/><V122/><F122/><W47/><G47/><T32/><D32/><U59/><E84/><V45/><F89/><W98/><G98/><T65/><D65/><U35/><E35/><V62/><F4/><W106/><G106/><T3/><D3/><U16/><E6/><V37/><F37/><W39/><G39/><T1/><D1/><U123/><E123/><V124/><F124/><W2/><G2/><T20/><D20/><U24/><E14/><V54/><F62/><W100/><G100/><N who="0" m="62479" /><D90/><U101/><E101/><V69/><F69/><W85/><G85/><T80/><AGARI ba="0,0" hai="18,19,42,46,49,80,87,88,132,134,135" m="62479" machi="80" ten="30,2000,0" yaku="20,1,54,1" doraHai="51" who="0" fromWho="0" sc="237,20,336,-5,150,-10,277,-5" /><INIT seed="3,0,0,3,1,120" ten="257,331,140,272" oya="3" hai0="104,97,13,43,53,90,116,48,61,9,134,93,59" hai1="21,89,6,64,65,20,103,32,18,14,45,118,122" hai2="107,81,109,119,108,117,39,7,86,96,28,102,125" hai3="16,112,41,69,121,15,83,55,91,75,66,72,19"/><W31/><G112/><T52/><D104/><U106/><E122/><V80/><F28/><W100/><G121/><T35/><D35/><U95/><E118/><V135/><F7/><W77/><G100/><T115/><D116/><N who="2" m="44618" /><F39/><W79/><G31/><T84/><D134/><U82/><E32/><V130/><F135/><W62/><G41/><T17/><D115/><U94/><E106/><V78/><F81/><W110/><G110/><N who="2" m="42601" /><F125/><W126/><G126/><T50/><D43/><U3/><E3/><V73/><F130/><W36/><G36/><T71/><D71/><U4/><E45/><V27/><F27/><W54/><G91/><T87/><REACH who="0" step="1"/><D61/><REACH who="0" ten="247,331,140,272" step="2"/><U99/><E64/><V30/><F30/><W132/><G132/><T60/><D60/><U88/><E65/><V133/><F133/><W129/><G129/><T38/><D38/><U2/><E103/><V44/><F44/><AGARI ba="0,1" hai="9,13,17,44,48,50,52,53,59,84,87,90,93,97" machi="44" ten="30,7700,0" yaku="1,1,7,1,8,1,54,1,53,0" doraHai="120" doraHaiUra="26" who="0" fromWho="2" sc="247,87,331,0,140,-77,272,0" owari="334,44.0,331,13.0,63,-44.0,272,-13.0" /></mjloggm>