<mjloggm ver="2.3"><GO type="97" lobby="0"/><UN n0="%74%73%75%6B%75%73%68" n1="%E3%82%A6%E3%83%AB%E3%83%88%E3%83%A9%E7%AB%8B%E7%9B%B4" n2="%E3%82%A2%E3%83%9D%E3%83%88%E3%83%BC%E3%82%B7%E3%82%B9" n3="%E3%82%81%E3%81%A0%E3%81%8B%EF%BC%92%E5%8F%B7" dan="14,15,15,13" rate="1922.50,2004.07,2156.03,1812.30" sx="M,M,F,M"/><TAIKYOKU oya="0"/><INIT seed="0,0,0,4,4,114" ten="250,250,250,250" oya="0" hai0="80,110,66,95,45,38,44,51,7,40,1,2,91" hai1="93,120,4,69,68,85,125,28,56,48,9,36,16" hai2="105,77,43,61,32,96,37,75,20,19,46,60,89" hai3="29,124,73,115,131,52,47,70,90,17,98,92,59"/><T133/><D133/><U113/><E36/><V10/><F32/><W12/><G115/><T87/><D66/><U97/><E113/><V130/><F130/><W109/><G131/><T83/><D110/><U63/><E120/><V31/><F31/><W108/><G70/><T132/><D132/><U6/><E28/><V64/><F10/><N who="3" m="6295" /><G73/><T99/><D7/><U15/><E125/><V86/><F77/><W76/><G76/><T58/><D58/><U39/><E39/><V100/><F75/><W122/><G122/><T55/><REACH who="0" step="1"/><D83/><REACH who="0" ten="240,250,250,250" step="2"/><U106/><E68/><V62/><F64/><W129/><G129/><T78/><AGARI ba="0,1" hai="1,2,38,40,44,45,51,55,78,80,87,91,95,99" machi="78" ten="20,12000,1" yaku="1,1,2,1,0,1,7,1,53,1" doraHai="114" doraHaiUra="74" who="0" fromWho="0" sc="240,130,250,-40,250,-40,250,-40" /><INIT seed="0,1,0,5,3,110" ten="370,210,210,210" oya="0" hai0="100,64,125,45,97,6,20,112,17,103,85,37,51" hai1="120,86,62,35,19,114,41,59,16,23,12,40,126" hai2="82,49,50,9,73,25,48,80,30,70,24,63,98" hai3="18,10,74,99,134,22,121,108,93,88,66,107,2"/><T76/><D37/><U14/><E35/><V55/><F73/><W26/><G108/><T29/><D6/><U57/><E120/><V7/><F98/><W106/><G121/><T113/><D125/><U38/><E38/><V36/><F36/><W91/><G134/><T58/><D29/><U44/><E44/><V53/><F70/><W56/><G74/><T119/><D119/><U67/><E126/><V32/><F25/><W83/><G2/><T11/><D11/><U33/><E33/><V109/><F109/><W79/><G10/><T115/><D97/><U118/><E118/><V0/><F63/><W94/><G79/><T104/><D104/><U39/><E39/><V132/><F132/><W75/><G75/><T21/><D21/><U78/><E114/><V84/><REACH who="2" step="1"/><F82/><REACH who="2" ten="370,210,200,210" step="2"/><W90/><G83/><T129/><D76/><AGARI ba="1,1" hai="0,7,9,24,30,32,48,49,50,53,55,76,80,84" machi="76" ten="40,5200,0" yaku="1,1,2,1,53,1" doraHai="110" doraHaiUra="4" who="2" fromWho="0" sc="370,-55,210,0,200,65,210,0" /><INIT seed="1,0,0,4,2,25" ten="315,210,265,210" oya="1" hai0="78,56,82,114,68,89,69,74,5,47,28,104,85" hai1="128,20,132,115,2,41,125,38,84,45,98,40,8" hai2="34,103,51,124,49,42,4,92,67,64,52,77,65" hai3="55,12,100,24,7,14,118,54,122,3,108,35,80"/><U129/><E115/><V30/><F124/><W23/><G122/><T50/><D104/><U59/><E125/><V130/><F130/><N who="1" m="50281" /><E132/><V17/><F4/><W126/><G126/><T1/><D114/><U66/><E41/><V63/><F77/><W22/><G108/><T39/><D56/><U120/><E120/><V91/><F103/><W112/><G112/><T26/><D39/><U21/><E98/><V43/><F34/><W73/><G100/><T116/><D5/><N who="1" m="1079" /><E84/><N who="2" m="52327" /><F30/><W105/><G105/><T121/><D1/><U96/><E96/><V53/><F17/><W99/><G99/><T61/><D116/><U97/><E97/><V9/><F9/><W95/><G118/><T11/><D61/><AGARI ba="0,0" hai="20,21,38,40,45,59,61,66" m="1079,50281" machi="61" ten="30,1500,0" yaku="19,1" doraHai="25" who="1" fromWho="0" sc="315,-15,210,15,265,0,210,0" /><INIT seed="1,1,0,4,0,72" ten="300,225,265,210" oya="1" hai0="107,129,34,40,84,133,113,80,104,66,5,41,10" hai1="24,110,91,112,17,65,114,35,9,33,11,75,56" hai2="121,22,127,51,87,60,125,95,44,106,123,12,102" hai3="21,25,97,78,89,82,92,47,74,13,130,42,48"/><U67/><E75/><V120/><F106/><W79/><G130/><T73/><D34/><U88/><E56/><V49/><F60/><W3/><G3/><T70/><D73/><U77/><E24/><V85/><F102/><W111/><G111/><T39/><D113/><U2/><E2/><V96/><F96/><W18/><REACH who="3" step="1"/><G79/><REACH who="3" ten="300,225,265,200" step="2"/><T15/><D129/><U31/><E110/><V14/><F120/><W134/><G134/><T124/><D133/><U57/><E77/><V19/><F121/><W43/><G43/><T135/><D135/><U90/><E114/><V64/><F123/><W68/><G68/><T105/><D124/><U83/><E112/><V122/><F122/><W100/><G100/><T101/><D39/><U7/><E90/><V119/><F127/><W28/><G28/><T26/><D101/><U69/><E31/><V8/><F125/><W20/><G20/><T115/><D115/><U32/><E69/><V46/><F22/><W37/><G37/><T99/><D41/><U118/><E88/><V55/><F8/><W38/><G38/><T53/><D40/><U93/><E11/><V132/><F132/><W94/><G94/><T116/><D107/><U58/><E93/><V103/><F95/><W50/><G50/><T76/><D105/><U27/><E35/><V45/><F51/><W6/><G6/><T128/><D10/><U62/><E32/><V131/><F49/><W36/><G36/><T29/><D5/><U117/><E33/><V109/><F103/><W0/><G0/><T63/><D104/><U30/><E30/><V71/><F71/><RYUUKYOKU ba="1,1" sc="300,-10,225,-10,265,-10,200,30" hai3="13,18,21,25,42,47,48,74,78,82,89,92,97" /><INIT seed="2,2,1,1,0,29" ten="290,215,255,230" oya="2" hai0="87,26,66,109,16,103,14,20,123,106,43,124,67" hai1="41,104,49,27,101,65,91,98,31,40,12,45,3" hai2="70,121,22,2,107,55,53,28,113,35,47,48,62" hai3="21,69,54,95,85,15,24,39,97,46,8,122,71"/><V128/><F113/><W133/><G122/><T105/><D123/><U94/><E3/><V88/><F121/><W129/><G129/><T23/><D124/><U51/><E12/><V33/><F2/><W68/><G133/><T80/><D109/><U19/><E19/><V89/><F107/><W61/><G85/><T4/><D43/><U93/><E65/><V82/><F128/><W112/><G112/><T44/><D44/><U120/><E120/><V7/><F7/><W115/><G115/><T18/><D4/><U42/><E51/><V130/><F130/><W10/><G15/><T5/><D5/><U81/><E81/><V78/><F70/><W37/><G61/><T126/><D126/><U63/><E63/><V75/><F22/><W72/><G72/><T30/><D30/><U11/><E11/><V127/><F127/><W111/><G111/><T58/><D103/><U17/><E17/><V59/><REACH who="2" step="1"/><F28/><REACH who="2" ten="290,215,245,230" step="2"/><W9/><G68/><T125/><D125/><U73/><E104/><V110/><F110/><W132/><G71/><T32/><D106/><U60/><E73/><V92/><F92/><W76/><G69/><T1/><D1/><U119/><E119/><V118/><F118/><W116/><G95/><T102/><D105/><U38/><E94/><V90/><AGARI ba="2,2" hai="33,35,47,48,53,55,59,62,75,78,82,88,89,90" machi="90" ten="30,12000,1" yaku="1,1,0,1,52,2,54,1,53,0" doraHai="29" doraHaiUra="34" who="2" fromWho="2" sc="290,-42,215,-42,245,146,230,-42" /><INIT seed="2,3,0,0,2,44" ten="248,173,391,188" oya="2" hai0="11,127,114,23,28,64,57,122,86,80,54,35,66" hai1="72,92,46,106,104,52,102,73,6,112,119,62,17" hai2="81,133,98,68,0,134,71,130,121,90,69,132,7" hai3="33,115,9,55,113,125,87,78,107,51,85,131,74"/><V53/><F121/><W118/><G118/><T123/><D114/><U99/><E112/><V27/><F130/><W135/><G135/><T83/><D35/><U120/><E119/><V4/><F27/><W37/><G37/><T75/><D127/><U109/><E120/><V13/><F0/><W58/><G58/><T24/><D123/><U21/><E6/><V59/><F13/><W22/><G22/><T38/><D38/><U110/><E73/><V31/><F31/><W93/><G93/><T3/><D75/><U100/><E72/><V30/><F30/><W56/><G56/><T36/><D80/><U89/><E100/><V14/><F14/><W103/><G103/><T2/><D36/><U77/><E77/><V101/><F81/><W29/><G29/><T95/><D95/><U79/><E79/><V94/><F101/><W40/><G40/><T45/><D45/><U16/><E17/><V67/><F67/><W60/><G60/><AGARI ba="3,0" hai="4,7,53,59,60,68,69,71,90,94,98,132,133,134" machi="60" ten="50,2400,0" yaku="20,1" doraHai="44" who="2" fromWho="3" sc="248,0,173,0,391,33,188,-33" /><INIT seed="2,4,0,3,5,7" ten="248,173,424,155" oya="2" hai0="55,19,12,130,99,17,3,53,60,128,112,8,83" hai1="92,64,67,73,113,105,75,135,129,5,57,95,114" hai2="109,68,41,134,54,36,21,56,117,97,42,45,127" hai3="125,16,98,2,108,47,110,30,24,90,26,106,18"/><V79/><F117/><W86/><G86/><T93/><D112/><U101/><E57/><V29/><F68/><W28/><G28/><T40/><D3/><U58/><E58/><V31/><F127/><W14/><G14/><T111/><D40/><U89/><E5/><V66/><F66/><W4/><G4/><T119/><D119/><U25/><E25/><V72/><F41/><W46/><G46/><T116/><D116/><U76/><E101/><V70/><F70/><W77/><G77/><T43/><D43/><U131/><E76/><V88/><F79/><W39/><G39/><T107/><D107/><U9/><E105/><V6/><F72/><W44/><G44/><T69/><D111/><U132/><REACH who="1" step="1"/><E89/><REACH who="1" ten="248,163,424,155" step="2"/><V48/><F6/><W63/><G63/><T71/><D130/><U23/><E23/><V133/><F21/><W32/><G32/><T100/><D128/><U115/><E115/><V51/><F88/><W15/><G15/><T91/><D71/><U87/><E87/><V123/><F123/><W124/><G124/><T62/><D69/><U120/><E120/><V118/><F118/><W84/><G84/><N who="0" m="50591" /><D19/><U94/><E94/><V34/><F34/><W20/><G20/><T85/><D85/><U81/><E81/><V50/><F97/><W74/><G74/><T59/><D62/><U49/><E49/><V38/><F50/><W11/><G11/><AGARI ba="4,1" hai="9,11,64,67,73,75,92,95,113,114,129,131,132,135" machi="11" ten="25,8000,1" yaku="1,1,22,2,52,2,53,0" doraHai="7" doraHaiUra="35" who="1" fromWho="3" sc="248,0,163,102,424,0,155,-92" /><INIT seed="3,0,0,1,2,45" ten="248,265,424,63" oya="3" hai0="118,88,65,135,69,26,115,13,10,32,127,19,68" hai1="25,99,44,48,52,62,132,5,0,30,125,55,34" hai2="67,39,63,102,117,51,87,89,106,18,101,84,120" hai3="23,12,24,76,71,105,56,66,73,82,2,74,85"/><W28/><G28/><T121/><D121/><U96/><E125/><V60/><F39/><W64/><G64/><T95/><D118/><U36/><E36/><V75/><F75/><W49/><G49/><T53/><D127/><U111/><E132/><V35/><F117/><W20/><G20/><T77/><D77/><U47/><E111/><V42/><F35/><W104/><G104/><T16/><D135/><U134/><E134/><V83/><F51/><W22/><G22/><T130/><D65/><U128/><E128/><V6/><F42/><W61/><G61/><T70/><D130/><U1/><E5/><V90/><F18/><W119/><G119/><T113/><D53/><U14/><E14/><V4/><F67/><W15/><G15/><T59/><D59/><U40/><E40/><V114/><F83/><W123/><G123/><T116/><D116/><U54/><E54/><V103/><F103/><W107/><G107/><T94/><D94/><U43/><E43/><V109/><F106/><W93/><G93/><T7/><D32/><U57/><REACH who="1" step="1"/><E47/><REACH who="1" ten="248,255,424,63" step="2"/><V38/><F38/><W124/><G124/><T81/><D115/><U98/><AGARI ba="0,1" hai="0,1,25,30,34,44,48,52,55,57,62,96,98,99" machi="98" ten="30,16000,3" yaku="1,1,2,1,0,1,52,1,54,1,53,3" doraHai="45" doraHaiUra="92" who="1" fromWho="1" sc="248,-40,255,170,424,-40,63,-80" owari="208,-19.0,425,53.0,384,18.0,-17,-52.0" /></mjloggm>