<mjloggm ver="2.3"><GO type="97" lobby="0"/><UN n0="%E3%82%A6%E3%83%AB%E3%83%88%E3%83%A9%E7%AB%8B%E7%9B%B4" n1="%E5%AE%87%E5%AE%99%E9%9B%86%E4%BC%9A" n2="%E3%82%B7%E3%83%AD%E3%82%AF%E3%83%AD" n3="%E6%96%B0%E5%93%81" dan="15,15,14,14" rate="1976.66,1961.45,1910.62,1881.52" sx="M,F,M,M"/><TAIKYOKU oya="0"/><INIT seed="0,0,0,3,3,104" ten="250,250,250,250" oya="0" hai0="16,99,107,110,64,8,86,39,38,29,115,84,111" hai1="68,9,10,125,14,19,95,31,75,51,108,72,47" hai2="91,117,0,109,60,27,34,93,30,23,90,20,26" hai3="41,106,67,7,128,11,5,116,130,120,133,2,61"/><T71/><D29/><U83/><E68/><V40/><F117/><W46/><G116/><T127/><D115/><U76/><E125/><V57/><F0/><W43/><G120/><T94/><D107/><U37/><E37/><V63/><F109/><N who="0" m="41482" /><D127/><U12/><E108/><V97/><F40/><W112/><G112/><T50/><D50/><U74/><E95/><V89/><F34/><W122/><G122/><T73/><D73/><U66/><E31/><V131/><F131/><N who="3" m="50219" /><G7/><T78/><D64/><U28/><E28/><V33/><F33/><W105/><G43/><T49/><D49/><U88/><E88/><V6/><F6/><W119/><G119/><T87/><D71/><U13/><E66/><V126/><F126/><W79/><G79/><T35/><D35/><U96/><E96/><V100/><F57/><N who="3" m="37295" /><G133/><T82/><D39/><AGARI ba="0,0" hai="2,5,11,39,41,46,105,106" m="37295,50219" machi="39" ten="30,1000,0" yaku="19,1" doraHai="104" who="3" fromWho="0" sc="250,-10,250,0,250,0,250,10" /><INIT seed="1,0,0,4,5,125" ten="240,250,250,260" oya="1" hai0="22,57,11,108,89,130,78,103,1,117,6,44,100" hai1="39,120,105,135,32,55,54,69,109,25,95,18,115" hai2="29,87,67,118,88,131,74,110,37,77,52,21,49" hai3="10,93,123,5,99,72,42,3,121,13,14,46,119"/><U51/><E120/><V17/><F37/><W84/><G119/><T60/><D89/><U79/><E115/><V8/><F118/><W68/><G72/><T62/><D78/><U35/><E105/><V80/><F67/><W15/><G68/><T126/><D44/><U85/><E69/><V23/><F110/><W71/><G71/><T7/><D117/><U16/><E39/><V26/><F8/><W64/><G64/><T73/><D73/><U9/><E109/><V81/><F131/><W102/><REACH who="3" step="1"/><G84/><REACH who="3" ten="240,250,250,250" step="2"/><T134/><D108/><U0/><E85/><V92/><F80/><W66/><G66/><T122/><D122/><U91/><E135/><V38/><F38/><AGARI ba="0,1" hai="3,5,10,13,14,15,38,42,46,93,99,102,121,123" machi="38" ten="40,2600,0" yaku="1,1,53,1" doraHai="125" doraHaiUra="94" who="3" fromWho="2" sc="240,0,250,0,250,-26,250,36" /><INIT seed="2,0,0,2,0,12" ten="240,250,224,286" oya="2" hai0="71,49,105,4,26,113,70,55,62,58,100,135,46" hai1="9,91,79,106,77,32,121,50,74,60,66,7,67" hai2="53,57,14,84,54,89,115,117,116,35,30,43,125" hai3="85,25,107,76,15,1,110,39,27,16,131,112,78"/><V97/><F115/><W102/><G110/><T128/><D100/><U109/><E121/><V52/><F43/><W63/><G1/><T132/><D105/><U11/><E109/><V29/><F125/><W133/><G112/><T37/><D4/><U114/><E106/><V104/><F104/><W65/><G131/><T98/><D98/><U19/><E114/><V86/><F57/><W28/><G39/><T108/><D26/><U48/><E32/><V64/><F64/><N who="1" m="24617" /><E74/><V80/><F86/><W34/><G27/><T118/><D108/><U24/><E60/><V21/><F97/><N who="3" m="61903" /><G85/><T3/><D3/><U90/><E7/><V99/><F99/><W2/><G2/><T31/><D31/><U130/><E130/><V36/><F36/><W5/><G5/><T51/><D128/><U129/><E129/><V69/><F69/><N who="0" m="26122" /><D113/><U83/><E9/><V6/><F35/><W13/><G13/><T33/><D33/><U124/><E124/><V40/><F40/><W17/><G15/><T23/><D23/><N who="1" m="13439" /><E11/><N who="2" m="4471" /><F116/><W61/><G61/><T120/><D120/><U41/><E41/><V119/><F117/><W81/><G78/><N who="1" m="29706" /><E83/><V18/><F119/><W56/><G81/><T44/><D118/><U82/><E82/><V92/><F80/><W42/><G76/><T47/><D37/><U0/><E0/><V10/><F10/><W87/><G87/><T93/><D93/><U45/><E45/><V88/><F89/><AGARI ba="0,0" hai="48,50,89,90,91" m="29706,13439,24617" machi="89" ten="30,2000,0" yaku="8,1,52,1" doraHai="12" who="1" fromWho="2" sc="240,0,250,20,224,-20,286,0" /><INIT seed="3,0,0,0,3,8" ten="240,270,204,286" oya="3" hai0="131,72,80,56,134,3,25,15,88,127,115,26,42" hai1="29,96,6,129,17,106,41,49,50,40,104,31,23" hai2="118,130,100,48,94,69,1,65,14,19,73,61,120" hai3="95,30,87,7,91,90,126,93,0,71,46,75,109"/><W79/><G71/><T10/><D3/><U55/><E129/><V57/><F118/><W112/><G112/><T110/><D72/><U108/><E108/><V83/><F1/><W119/><G119/><T125/><D110/><U13/><E106/><V113/><F130/><W53/><G109/><T38/><D131/><U36/><E104/><V78/><F120/><W43/><G53/><T20/><D42/><N who="1" m="16491" /><E36/><V114/><F69/><W105/><G105/><T63/><D38/><U92/><E6/><V12/><F48/><N who="1" m="18537" /><E55/><V51/><F51/><W89/><G30/><N who="0" m="17703" /><D134/><U132/><E132/><V16/><F94/><W5/><G126/><N who="0" m="48139" /><D26/><U35/><E35/><V54/><F100/><AGARI ba="0,0" hai="13,17,23,29,31,92,96,100" m="18537,16491" machi="100" ten="30,2000,0" yaku="8,1,52,1" doraHai="8" who="1" fromWho="2" sc="240,0,270,20,204,-20,286,0" /><INIT seed="4,0,0,3,3,83" ten="240,290,184,286" oya="0" hai0="20,99,29,117,129,122,89,15,14,2,85,9,106" hai1="68,53,95,59,1,41,110,66,102,34,131,84,113" hai2="120,93,65,69,97,64,125,40,21,101,37,114,44" hai3="104,7,31,52,33,74,115,112,75,0,67,132,46"/><T79/><D122/><U123/><E110/><V26/><F120/><W105/><G67/><T135/><D117/><U6/><E123/><V60/><F125/><W107/><G7/><T13/><D129/><U55/><E34/><V36/><F114/><N who="3" m="43563" /><G0/><T28/><D135/><U81/><E113/><V90/><F65/><W51/><G132/><T134/><D134/><U108/><E108/><V8/><F8/><W128/><G128/><T49/><D79/><N who="1" m="46143" /><E68/><V127/><F127/><W118/><G118/><T100/><D20/><U130/><E1/><V76/><F76/><W92/><G92/><T35/><D35/><U87/><E131/><V16/><REACH who="2" step="1"/><F101/><REACH who="2" ten="240,290,174,286" step="2"/><W88/><G88/><T12/><D100/><U4/><E130/><V61/><F61/><W18/><G18/><T111/><D9/><U39/><E102/><V124/><F124/><W57/><G57/><T73/><D29/><U72/><E66/><V11/><F11/><W24/><AGARI ba="0,1" hai="24,31,33,46,51,52,74,75,104,105,107" m="43563" machi="24" ten="40,2700,0" yaku="15,1,54,1" doraHai="83" who="3" fromWho="3" sc="240,-13,290,-7,174,-7,286,37" owari="227,-17.0,283,8.0,167,-33.0,323,42.0" /></mjloggm>