<mjloggm ver="2.3"><GO type="169" lobby="0"/><UN n0="%6B%6F%75%64%61%69%32%33" n1="%EF%BC%88%E2%89%A7%E2%96%BD%E2%89%A6%EF%BC%89" n2="%41%6B%61%2D%75%72%61" n3="%2D%72%6F%6E%2D" dan="16,19,16,16" rate="2138.12,2235.99,2124.80,2112.00" sx="M,M,M,M"/><TAIKYOKU oya="0"/><INIT seed="0,0,0,4,5,94" ten="250,250,250,250" oya="0" hai0="30,107,2,36,125,93,95,87,13,26,98,106,47" hai1="55,91,104,126,12,116,102,58,112,82,54,100,83" hai2="85,59,7,52,27,50,130,19,133,114,20,111,32" hai3="33,109,117,86,5,53,134,129,17,84,115,24,73"/><T48/><D2/><U65/><E116/><V40/><F114/><W18/><G115/><T22/><D36/><U44/><E112/><V42/><F111/><W77/><G117/><T46/><D125/><U99/><E126/><V118/><F130/><W61/><G109/><T57/><D57/><U31/><E31/><V81/><F133/><W105/><G105/><T74/><D74/><U35/><E35/><V8/><F32/><W101/><G101/><T1/><D1/><U121/><E121/><V21/><F118/><W80/><G5/><T11/><D87/><U92/><E102/><V96/><F21/><W23/><G33/><T70/><D70/><U135/><E135/><V60/><F50/><W25/><G134/><T119/><D95/><U72/><E72/><V41/><F96/><W10/><G129/><T34/><D34/><U128/><E128/><V3/><REACH who="2" step="1"/><F42/><REACH who="2" ten="250,250,240,250" step="2"/><W51/><G61/><T15/><D98/><U64/><E99/><V49/><F49/><W131/><G131/><T78/><D48/><U56/><E104/><V71/><F71/><W132/><G132/><T76/><D22/><U9/><E100/><V120/><F120/><W14/><REACH who="3" step="1"/><G25/><REACH who="3" ten="250,250,240,240" step="2"/><T124/><D26/><U28/><E44/><AGARI ba="0,2" hai="10,14,17,18,23,24,44,51,53,73,77,80,84,86" machi="44" ten="30,3900,0" yaku="1,1,2,1,7,1,53,0" doraHai="94" doraHaiUra="39" who="3" fromWho="1" sc="250,0,250,-39,240,0,240,59" /><INIT seed="1,0,0,2,5,1" ten="250,211,240,299" oya="1" hai0="58,63,4,75,32,131,53,50,104,98,26,126,86" hai1="125,25,20,31,40,71,28,6,100,30,82,51,46" hai2="45,124,23,3,129,62,18,76,96,52,33,118,132" hai3="122,21,72,114,38,133,65,123,15,69,78,101,109"/><U12/><E125/><V47/><F118/><W61/><G114/><T102/><D75/><U120/><E120/><V11/><F124/><W87/><G72/><T22/><D126/><U108/><E108/><V113/><F129/><W19/><G109/><T91/><D131/><U34/><E71/><V99/><F33/><W37/><G133/><T80/><D32/><U17/><E100/><V106/><F132/><W90/><G78/><T5/><REACH who="0" step="1"/><D63/><REACH who="0" ten="240,211,240,299" step="2"/><U54/><E82/><V128/><F128/><W77/><G122/><T10/><D10/><U27/><REACH who="1" step="1"/><E40/><REACH who="1" ten="240,201,240,299" step="2"/><V66/><F113/><W16/><G123/><T73/><D73/><U43/><E43/><V110/><F110/><W79/><G69/><T36/><D36/><U41/><E41/><V59/><F62/><W95/><G38/><T55/><D55/><U84/><E84/><V93/><F52/><W42/><G37/><T85/><D85/><U112/><E112/><V57/><F96/><W2/><G42/><T105/><D105/><U134/><E134/><V127/><F99/><W0/><G61/><T9/><D9/><AGARI ba="0,2" hai="6,9,12,17,20,25,27,28,30,31,34,46,51,54" machi="9" ten="40,3900,0" yaku="1,1,52,1,53,0" doraHai="1" doraHaiUra="117" who="1" fromWho="0" sc="240,-39,201,59,240,0,299,0" /><INIT seed="1,1,0,2,0,27" ten="201,260,240,299" oya="1" hai0="91,92,61,63,26,55,11,46,134,18,106,15,118" hai1="93,101,34,95,50,13,77,79,98,99,73,24,41" hai2="28,80,108,114,120,69,116,14,39,62,71,83,117" hai3="7,25,70,6,5,132,130,42,127,115,102,113,125"/><U16/><E73/><V121/><F39/><W22/><G70/><N who="2" m="26633" /><F14/><W122/><G42/><T17/><D118/><N who="2" m="45674" /><F80/><W124/><G102/><T56/><D106/><U4/><E4/><V81/><F81/><W111/><G122/><N who="2" m="47209" /><F83/><W3/><G111/><T78/><D78/><U29/><E41/><V88/><F28/><N who="3" m="17463" /><G132/><T38/><D134/><U89/><REACH who="1" step="1"/><E50/><REACH who="1" ten="201,250,240,299" step="2"/><V104/><F108/><W36/><G36/><T105/><D38/><U97/><E97/><V66/><F104/><W90/><G90/><T0/><D91/><U123/><E123/><V20/><F88/><W110/><G110/><T32/><D105/><U109/><E109/><V128/><F114/><N who="3" m="43531" /><G130/><T67/><D63/><U119/><E119/><V2/><F62/><W59/><G59/><T45/><D56/><U129/><E129/><V52/><F128/><W96/><G96/><T87/><D61/><U40/><E40/><V43/><F43/><W54/><G54/><T86/><D55/><U94/><E94/><V37/><F52/><W60/><G60/><T12/><D92/><U30/><E30/><V133/><F133/><W74/><G74/><T31/><D31/><U126/><E126/><V23/><F37/><W107/><G107/><T51/><D51/><U35/><E35/><V68/><F68/><W85/><G85/><T44/><D87/><U48/><E48/><V112/><F112/><W8/><AGARI ba="1,1" hai="3,5,6,7,8,124,125,127" m="43531,17463" machi="8" ten="40,8000,1" yaku="18,1,34,2,52,1" doraHai="27" who="3" fromWho="3" sc="201,-21,250,-41,240,-21,299,93" /><INIT seed="2,0,0,1,2,84" ten="180,209,219,392" oya="2" hai0="58,99,0,39,85,82,107,77,90,103,53,61,49" hai1="75,5,119,76,24,48,68,128,71,42,79,108,110" hai2="81,86,73,26,18,135,111,31,9,27,55,32,7" hai3="35,70,22,69,4,15,30,52,66,125,118,3,50"/><V93/><F135/><W105/><G105/><T87/><D39/><U13/><E119/><V8/><F73/><W131/><G131/><T123/><D0/><U94/><E128/><V33/><F93/><W20/><G118/><T78/><D123/><U17/><E24/><V127/><F127/><W64/><G69/><N who="1" m="26698" /><E5/><V113/><F113/><W95/><G70/><T126/><D126/><U101/><E75/><V43/><F43/><W19/><G125/><T96/><D96/><N who="1" m="59543" /><E48/><V60/><F60/><W14/><G20/><T21/><D21/><U1/><E1/><N who="2" m="111" /><F55/><W117/><G15/><T63/><REACH who="0" step="1"/><D78/><REACH who="0" ten="170,209,219,392" step="2"/><U16/><E79/><V89/><F32/><W116/><G35/><T46/><D46/><U91/><E76/><V44/><F44/><W37/><G37/><T109/><D109/><U114/><E110/><V10/><F111/><W28/><G116/><T102/><D102/><U36/><E108/><V67/><F10/><W98/><G117/><T129/><D129/><U41/><E36/><V54/><F9/><W38/><G38/><T11/><D11/><U83/><E114/><V124/><F124/><W47/><G3/><T40/><D40/><U115/><E115/><V104/><F33/><W51/><G4/><T56/><D56/><U88/><E42/><V120/><F120/><W132/><G98/><T57/><D57/><U106/><E41/><V59/><F59/><W23/><G47/><T92/><AGARI ba="0,1" hai="49,53,58,61,63,77,82,85,87,90,92,99,103,107" machi="92" ten="20,8000,1" yaku="1,1,0,1,7,1,52,1,53,1" doraHai="84" doraHaiUra="100" who="0" fromWho="0" sc="170,90,209,-20,219,-40,392,-20" /><INIT seed="3,0,0,4,5,9" ten="260,189,179,372" oya="3" hai0="1,8,53,41,54,99,65,20,47,29,66,122,96" hai1="32,97,77,108,55,70,113,28,38,111,118,43,45" hai2="16,124,23,39,30,85,130,4,73,49,13,115,82" hai3="36,86,61,116,75,128,46,5,69,129,24,88,74"/><W91/><G116/><T78/><D122/><U12/><E113/><V10/><F115/><W121/><G121/><T3/><D78/><U107/><E118/><V126/><F130/><N who="3" m="50283" /><G5/><T84/><D84/><U72/><E70/><V92/><F39/><W112/><G112/><T52/><D3/><U83/><E55/><V79/><F30/><W71/><G24/><T58/><D1/><U37/><E37/><V33/><F33/><W6/><G6/><T134/><D134/><U62/><E62/><V102/><F49/><W110/><G110/><N who="1" m="42026" /><E12/><V44/><F44/><W98/><G98/><T57/><D8/><U81/><E81/><V63/><F63/><W93/><G91/><T135/><D135/><U48/><E48/><V133/><F133/><W90/><G90/><T31/><D20/><U40/><E40/><V2/><REACH who="2" step="1"/><F85/><REACH who="2" ten="260,189,169,372" step="2"/><W127/><G61/><T56/><D31/><U87/><E87/><V132/><F132/><W60/><G60/><T50/><D29/><U120/><E120/><V103/><F103/><W101/><G101/><T25/><D66/><U27/><E45/><V14/><F14/><W125/><G46/><T7/><D65/><U94/><E38/><V19/><F19/><W89/><G36/><T42/><D47/><U100/><E43/><V114/><F114/><W26/><G71/><T18/><D42/><U64/><E64/><V11/><F11/><W22/><G69/><T106/><D41/><U95/><AGARI ba="0,1" hai="27,28,32,72,77,83,94,95,97,100,107" m="42026" machi="95" ten="30,1100,0" yaku="14,1" doraHai="9" who="1" fromWho="1" sc="260,-3,189,21,169,-3,372,-5" /><INIT seed="4,0,0,2,0,117" ten="257,210,166,367" oya="0" hai0="40,84,85,77,95,36,113,106,129,75,53,34,110" hai1="128,27,41,73,15,6,118,52,67,14,92,44,25" hai2="79,98,91,100,135,120,104,54,96,11,99,89,86" hai3="2,83,78,16,88,38,13,66,48,63,103,115,90"/><T70/><D106/><U68/><E73/><V30/><F30/><W46/><G38/><T4/><D70/><U107/><E118/><V51/><F135/><W114/><G2/><T60/><D34/><U112/><E107/><V130/><F11/><N who="3" m="6207" /><G103/><T8/><D113/><N who="3" m="43017" /><G78/><T56/><D110/><U119/><E112/><V59/><F130/><W28/><G28/><T62/><D129/><U55/><E119/><V10/><F120/><W123/><G83/><T105/><D105/><U124/><E128/><V69/><F69/><N who="3" m="42207" /><G123/><T0/><D62/><U111/><E111/><V108/><F108/><W1/><G1/><T122/><D122/><U134/><E134/><V126/><F126/><W87/><G87/><T31/><D31/><U3/><E124/><V76/><F79/><W101/><G101/><T33/><D33/><U97/><E3/><V39/><F39/><W125/><G125/><T45/><REACH who="0" step="1"/><D95/><REACH who="0" ten="247,210,166,367" step="2"/><U7/><E92/><V5/><F104/><W24/><G24/><T102/><D102/><U18/><E27/><V74/><F100/><W57/><G57/><T61/><D61/><U65/><E25/><V82/><F74/><W26/><G26/><T19/><D19/><U47/><E18/><V58/><F59/><W20/><G20/><T23/><D23/><U49/><E68/><V71/><F71/><W131/><G131/><T32/><D32/><U42/><E49/><V109/><F109/><W64/><G64/><T21/><D21/><U72/><E72/><V81/><F82/><AGARI ba="0,1" hai="0,4,8,36,40,45,53,56,60,75,77,82,84,85" machi="82" ten="40,12000,1" yaku="1,1,25,2,53,1" doraHai="117" doraHaiUra="50" who="0" fromWho="2" sc="247,130,210,0,166,-120,367,0" /><INIT seed="4,1,0,0,4,72" ten="377,210,46,367" oya="0" hai0="95,124,115,55,130,29,22,127,91,51,125,128,77" hai1="15,100,126,69,132,113,114,93,10,30,23,133,109" hai2="7,60,121,34,19,82,3,123,59,39,54,68,86" hai3="42,28,122,56,61,120,85,99,83,74,4,12,98"/><T52/><D115/><N who="1" m="44043" /><E69/><V27/><F39/><W90/><G42/><T73/><D29/><U111/><E100/><V25/><F68/><W76/><G28/><T88/><D22/><U103/><E103/><V20/><F34/><W80/><G4/><T97/><D91/><U32/><E32/><V9/><REACH who="2" step="1"/><F27/><REACH who="2" ten="377,210,36,367" step="2"/><W94/><G12/><T134/><D124/><U26/><E126/><V13/><F13/><W89/><REACH who="3" step="1"/><G98/><REACH who="3" ten="377,210,36,357" step="2"/><T79/><D97/><U33/><E33/><V50/><F50/><W96/><G96/><T37/><D51/><U119/><E26/><V118/><F118/><W116/><G116/><T70/><D125/><U129/><E119/><V24/><F24/><W49/><G49/><T40/><D127/><U71/><E15/><V75/><F75/><W18/><G18/><T108/><D73/><U67/><E30/><V107/><F107/><W48/><G48/><T44/><D37/><U53/><E111/><V45/><F45/><W64/><AGARI ba="1,2" hai="56,61,64,74,76,80,83,85,89,90,94,99,120,122" machi="64" ten="30,4000,0" yaku="1,1,0,1,52,1,53,0" doraHai="72" doraHaiUra="131" who="3" fromWho="3" sc="377,-21,210,-11,36,-11,357,63" /><INIT seed="5,0,0,2,0,131" ten="356,199,25,420" oya="1" hai0="111,126,85,94,116,102,49,64,8,31,115,105,65" hai1="69,12,76,119,104,107,103,74,55,1,41,54,114" hai2="121,67,89,118,33,68,113,51,0,18,130,96,108" hai3="127,78,2,22,84,112,39,60,15,124,91,45,16"/><U29/><E1/><V47/><F18/><W95/><G112/><T44/><D111/><U4/><E119/><V71/><F96/><W83/><G2/><T80/><D116/><U23/><E69/><V27/><F89/><W66/><G39/><T46/><D105/><U42/><E114/><V86/><F86/><W133/><G45/><T20/><D115/><U6/><E74/><V56/><F27/><W120/><G120/><T57/><D126/><U73/><E73/><V7/><F7/><W90/><G133/><T3/><D46/><U63/><E76/><V82/><F82/><W77/><G91/><T34/><D34/><U70/><E103/><V26/><F26/><W87/><REACH who="3" step="1"/><G78/><REACH who="3" ten="356,199,25,410" step="2"/><T92/><D44/><U88/><E88/><V93/><F0/><W132/><G132/><T122/><D3/><U52/><E41/><V30/><F113/><W25/><G25/><T98/><D122/><U32/><E42/><V125/><F121/><W58/><AGARI ba="0,1" hai="15,16,22,58,60,66,77,83,84,87,90,95,124,127" machi="58" ten="30,7900,0" yaku="1,1,0,1,54,1,53,1" doraHai="131" doraHaiUra="59" who="3" fromWho="3" sc="356,-20,199,-39,25,-20,410,89" /><INIT seed="6,0,0,5,5,110" ten="336,160,5,499" oya="2" hai0="75,63,86,28,24,29,46,94,4,91,31,128,9" hai1="80,10,93,59,108,129,38,114,26,98,40,22,33" hai2="112,113,43,35,19,3,50,8,85,111,53,131,47" hai3="70,116,72,12,82,123,121,66,64,5,81,60,101"/><V54/><F35/><W99/><G116/><T115/><D75/><U122/><E108/><V13/><F111/><W135/><G64/><T71/><D128/><U44/><E33/><V42/><F131/><W109/><G109/><T102/><D115/><N who="2" m="44106" /><F3/><W126/><G126/><T56/><D71/><U27/><E114/><V51/><F85/><W69/><G69/><T61/><D102/><U48/><E129/><V14/><F14/><W96/><G12/><T30/><D46/><AGARI ba="0,0" hai="8,13,19,42,43,46,47,50,51,53,54" m="44106" machi="46" ten="30,11600,0" yaku="15,1,52,3" doraHai="110" who="2" fromWho="0" sc="336,-116,160,0,5,116,499,0" /><INIT seed="6,1,0,2,2,99" ten="220,160,121,499" oya="2" hai0="22,122,67,90,121,10,133,40,96,66,54,42,114" hai1="78,26,20,129,30,118,111,37,1,46,120,63,92" hai2="79,82,48,107,2,134,97,102,81,72,12,14,47" hai3="103,80,36,117,108,34,21,61,53,59,98,88,55"/><V57/><F134/><W73/><G108/><T65/><D114/><U76/><E111/><V28/><F2/><W49/><G34/><T39/><D133/><U24/><E118/><V87/><F28/><W124/><G36/><T68/><D68/><U100/><E1/><V7/><F57/><W41/><G117/><T109/><D109/><U9/><E120/><V15/><F7/><W52/><G124/><T29/><D39/><U38/><E129/><V130/><F130/><W126/><G126/><T18/><D29/><U3/><E3/><V64/><F64/><W70/><G70/><T16/><D54/><U83/><E9/><V23/><F23/><W50/><G73/><T45/><D45/><U84/><E46/><V104/><F104/><W19/><G41/><T131/><D131/><U135/><E135/><V132/><F132/><W62/><G55/><T25/><D122/><U69/><E76/><V27/><F27/><W56/><G19/><T123/><D123/><U125/><E125/><V5/><F5/><W31/><G21/><T101/><D90/><U89/><E24/><V77/><REACH who="2" step="1"/><F15/><REACH who="2" ten="220,160,111,499" step="2"/><W106/><G31/><T33/><D121/><U8/><E20/><V75/><F75/><W94/><G106/><N who="0" m="63783" /><D33/><U43/><E30/><V44/><F44/><W116/><G116/><T60/><D67/><U71/><E71/><V95/><F95/><N who="3" m="58847" /><G80/><T11/><D66/><U115/><E69/><V0/><F0/><W119/><G119/><T93/><D93/><U32/><E92/><V13/><F13/><W128/><G128/><T85/><D25/><U91/><E26/><RYUUKYOKU ba="1,1" sc="220,-15,160,-15,111,15,499,15" hai2="12,14,47,48,72,77,79,81,82,87,97,102,107" hai3="49,50,52,53,56,59,61,62,88,94" /><INIT seed="6,2,1,5,3,80" ten="205,145,126,514" oya="2" hai0="75,92,48,87,27,84,43,133,46,118,1,106,40" hai1="53,93,135,63,112,9,91,65,101,68,49,36,50" hai2="128,30,71,132,26,102,74,60,34,15,58,28,131" hai3="24,7,25,117,111,116,70,23,44,95,39,86,73"/><V5/><F71/><W17/><G73/><T52/><D106/><U56/><E112/><V107/><F74/><W127/><G111/><T4/><D75/><U90/><E135/><V130/><F28/><W125/><G70/><T64/><D133/><U82/><E36/><V19/><F5/><W33/><G7/><T22/><D118/><U51/><E9/><V134/><F102/><W11/><G11/><T119/><D119/><U124/><E124/><N who="3" m="47690" /><G39/><T96/><D64/><U69/><E69/><V72/><F107/><W45/><G45/><T14/><D1/><U120/><E120/><V110/><F72/><W2/><G44/><T20/><D14/><U18/><E18/><V97/><F97/><W83/><G95/><T3/><D3/><U89/><REACH who="1" step="1"/><E82/><REACH who="1" ten="205,135,126,514" step="2"/><V114/><F114/><W38/><G38/><T0/><D4/><U47/><E47/><V108/><F134/><W55/><G116/><T78/><D46/><U37/><E37/><V57/><F132/><W67/><G83/><T16/><D16/><U88/><N who="1" m="22528" /><DORA hai="104" /><U35/><E35/><V76/><F76/><W126/><G17/><T94/><D78/><U66/><E66/><N who="2" m="39183" /><F58/><W113/><G33/><T32/><D32/><U61/><E61/><V109/><F109/><W103/><G117/><T10/><D10/><AGARI ba="2,2" hai="10,15,19,26,30,34,108,110,128,130,131" m="39183" machi="10" ten="30,1500,0" yaku="19,1" doraHai="80,104" who="2" fromWho="0" sc="205,-21,135,0,126,41,514,0" /><INIT seed="6,3,0,5,0,115" ten="184,135,167,514" oya="2" hai0="101,69,92,65,127,134,85,71,108,62,131,89,38" hai1="72,18,47,107,27,63,50,28,30,21,70,16,93" hai2="33,1,110,121,54,132,14,87,6,78,94,59,90" hai3="4,68,25,46,133,52,129,105,82,91,32,0,118"/><V100/><F121/><W12/><G118/><T9/><D108/><U22/><E72/><V97/><F33/><W45/><G0/><T119/><D38/><U23/><E107/><V41/><F41/><W98/><G68/><T26/><D134/><U15/><E93/><V53/><F132/><W74/><G133/><T102/><D131/><U81/><E81/><V39/><F39/><W31/><G4/><T36/><D36/><U103/><E103/><V117/><F117/><W57/><G12/><T79/><D127/><U135/><E135/><V124/><F124/><W11/><G11/><T42/><D42/><U56/><E70/><V67/><F1/><W73/><G73/><T104/><D119/><U95/><E95/><V123/><F123/><W80/><G74/><T64/><D79/><U88/><E88/><V43/><F43/><W17/><G17/><T113/><D113/><U51/><E47/><V48/><F78/><W106/><G106/><T126/><D126/><U66/><E30/><V20/><F110/><W60/><G82/><T83/><D104/><U8/><E8/><N who="2" m="4375" /><F20/><N who="3" m="15783" /><G105/><T24/><D9/><U109/><E109/><V19/><F19/><W37/><G37/><T130/><D130/><U122/><E122/><V77/><F77/><W114/><G114/><T34/><D34/><U61/><E63/><N who="2" m="38399" /><F48/><W112/><G112/><T35/><D35/><U128/><E128/><V44/><F44/><W76/><G129/><T49/><D49/><U3/><E3/><V96/><F100/><W84/><G32/><T99/><D102/><U58/><E58/><V10/><F10/><RYUUKYOKU ba="3,0" sc="184,0,135,0,167,0,514,0" hai0="24,26,62,64,65,69,71,83,85,89,92,99,101" hai1="15,16,18,21,22,23,27,28,50,51,56,61,66" hai2="53,54,87,90,94,96,97" hai3="45,46,52,57,60,76,80,84,91,98" /><INIT seed="6,4,0,3,3,12" ten="184,135,167,514" oya="2" hai0="43,80,71,57,39,108,62,11,100,47,101,45,118" hai1="64,123,128,76,9,135,85,79,134,55,1,133,89" hai2="83,52,34,21,42,16,121,120,22,25,105,37,125" hai3="126,20,48,66,124,96,24,122,27,10,88,75,23"/><V14/><F105/><W78/><G122/><T81/><D108/><U40/><E123/><V28/><F125/><N who="3" m="48235" /><G66/><T53/><D118/><U112/><E112/><V29/><F42/><W113/><G113/><T0/><D71/><U82/><E128/><V2/><F37/><W90/><G10/><T132/><D132/><N who="1" m="33795" /><U70/><DORA hai="3" /><E40/><V117/><F117/><W69/><G69/><T38/><D38/><U31/><E31/><V98/><F98/><W41/><G78/><N who="1" m="29738" /><E55/><V4/><F83/><W33/><G75/><T7/><REACH who="0" step="1"/><D47/><REACH who="0" ten="174,135,167,514" step="2"/><U104/><E104/><V119/><F119/><W127/><G127/><T32/><D32/><U130/><E130/><V61/><F34/><W92/><G33/><T95/><D95/><U111/><E111/><V35/><F35/><W30/><G92/><T84/><D84/><U51/><E70/><V106/><F106/><W131/><G131/><T72/><D72/><U5/><E51/><V18/><F121/><W91/><G96/><T109/><D109/><U110/><E110/><V63/><F120/><W129/><G129/><T26/><D26/><U107/><E107/><V6/><F63/><W86/><G86/><T17/><D17/><U60/><E60/><V15/><F25/><N who="3" m="9803" /><G30/><N who="2" m="11881" /><F2/><W19/><G19/><T77/><D77/><U94/><E94/><V56/><AGARI ba="4,1" hai="4,6,14,15,16,18,21,22,52,56,61" m="11881" machi="56" ten="30,18000,2" yaku="8,1,52,4,54,2" doraHai="12,3" who="2" fromWho="2" sc="174,-64,135,-64,167,202,514,-64" /><INIT seed="6,5,0,4,5,71" ten="110,71,369,450" oya="2" hai0="124,36,57,7,83,113,72,50,65,118,56,101,103" hai1="89,25,80,10,112,51,28,37,66,22,79,126,82" hai2="134,8,12,21,61,54,115,64,4,6,19,16,29" hai3="107,44,3,85,73,100,43,45,122,41,105,119,69"/><V62/><F115/><W53/><G73/><T18/><D36/><U68/><E112/><V31/><F134/><W47/><G119/><T9/><D113/><U70/><E126/><V129/><F129/><W59/><G69/><T109/><D109/><U52/><E37/><V116/><F116/><W58/><G3/><T97/><D118/><U39/><E39/><V128/><F128/><W76/><G122/><T42/><D124/><U95/><E10/><V131/><F131/><W78/><G100/><T27/><D103/><U30/><E30/><N who="2" m="11275" /><F54/><W15/><G85/><T11/><D72/><U35/><E35/><V14/><F64/><W135/><G135/><T123/><D123/><U117/><E117/><V32/><F32/><W86/><G86/><T111/><D83/><U74/><E80/><V0/><F0/><W99/><G99/><T94/><D111/><U121/><E66/><V108/><F108/><W23/><G105/><T106/><D106/><U114/><E114/><V40/><F40/><N who="3" m="15435" /><G107/><T55/><D42/><U132/><E132/><V33/><F33/><W110/><G110/><T125/><D125/><U91/><E121/><V17/><F17/><N who="3" m="10687" /><G58/><T88/><D101/><U34/><E34/><V5/><AGARI ba="5,0" hai="4,5,6,8,12,14,16,19,21,61,62" m="11275" machi="5" ten="30,3000,0" yaku="8,1,54,1" doraHai="71" who="2" fromWho="2" sc="110,-15,71,-15,369,45,450,-15" /><INIT seed="6,6,0,0,5,6" ten="95,56,414,435" oya="2" hai0="36,14,44,25,109,124,19,76,105,54,117,3,37" hai1="57,59,118,27,16,75,42,53,127,8,33,10,134" hai2="71,63,31,93,73,64,133,22,70,89,62,26,67" hai3="50,4,102,129,107,61,116,68,15,7,35,108,17"/><V29/><F73/><W43/><G108/><T110/><D109/><U101/><E75/><V48/><F133/><W81/><G35/><T106/><D106/><U32/><E118/><V135/><F135/><W78/><G116/><T49/><D110/><U66/><E134/><V51/><REACH who="2" step="1"/><F31/><REACH who="2" ten="95,56,404,435" step="2"/><W58/><G129/><T77/><D117/><U38/><E127/><V112/><F112/><W39/><G107/><T84/><D105/><U65/><E33/><V131/><F131/><W115/><G115/><T52/><D124/><U114/><E32/><V20/><F20/><W13/><G102/><T126/><D126/><U121/><E114/><V99/><AGARI ba="6,1" hai="22,26,29,48,51,62,63,64,67,70,71,89,93,99" machi="99" ten="20,7800,0" yaku="1,1,0,1,7,1,9,1,53,0" doraHai="6" doraHaiUra="28" who="2" fromWho="2" sc="95,-32,56,-32,404,106,435,-32" /><INIT seed="6,7,0,4,3,7" ten="63,24,510,403" oya="2" hai0="29,111,40,99,49,53,36,126,48,58,88,83,23" hai1="112,26,63,80,96,17,72,124,135,60,101,27,117" hai2="5,82,25,56,68,43,94,45,66,92,44,24,93" hai3="55,75,38,122,51,35,120,31,79,125,110,85,10"/><V104/><F104/><W59/><G110/><T67/><D111/><U76/><E117/><V47/><F68/><W32/><G125/><T106/><D126/><U52/><E124/><V14/><F43/><W98/><G75/><T95/><D67/><U109/><E109/><V107/><F107/><W50/><G38/><T9/><D36/><U129/><E129/><V86/><F66/><W65/><G65/><T30/><D106/><U20/><E135/><V105/><F105/><W8/><G98/><T113/><D113/><U78/><E112/><V41/><F41/><W130/><G130/><T19/><D9/><U116/><E116/><V70/><F56/><W103/><G103/><T89/><D89/><U61/><E76/><V39/><F70/><W33/><G31/><T28/><D83/><U84/><E72/><V34/><F34/><W42/><G79/><T16/><D23/><N who="1" m="13679" /><E96/><V21/><F39/><W11/><REACH who="3" step="1"/><G85/><REACH who="3" ten="63,24,510,393" step="2"/><T91/><D91/><U46/><E101/><V0/><F86/><W22/><G22/><T118/><D118/><U74/><E74/><V18/><F21/><W6/><G6/><T71/><D71/><U132/><E132/><V81/><F5/><W100/><G100/><T97/><D99/><U121/><E121/><V133/><F133/><W13/><G13/><T69/><D69/><U115/><E115/><V2/><F2/><W114/><G114/><T37/><D37/><U131/><E131/><V3/><F3/><W108/><G108/><T12/><D12/><U102/><E102/><V119/><F0/><W90/><G90/><T1/><D1/><RYUUKYOKU ba="7,1" sc="63,15,24,-15,510,-15,393,15" hai0="16,19,28,29,30,40,48,49,53,58,88,95,97" hai3="8,10,11,32,33,35,42,50,51,55,59,120,122" /><INIT seed="7,8,1,5,2,72" ten="78,9,495,408" oya="3" hai0="125,62,33,22,38,9,32,79,124,29,51,108,90" hai1="52,70,42,7,116,17,3,110,66,53,1,8,68" hai2="129,74,100,49,12,104,46,101,119,11,86,121,103" hai3="75,115,130,24,45,99,98,107,39,93,91,69,19"/><W122/><G122/><T64/><D38/><U80/><E110/><V28/><F74/><W2/><G2/><T83/><D108/><U20/><E116/><V27/><F129/><W127/><G130/><T102/><D102/><U10/><E42/><V48/><F104/><W21/><G69/><T30/><D90/><U55/><E80/><V6/><F119/><W35/><G75/><T84/><D9/><U128/><E128/><V36/><F121/><W73/><G73/><T4/><D4/><U65/><E20/><N who="2" m="15463" /><F36/><W134/><G35/><N who="0" m="13387" /><D51/><N who="2" m="19530" /><F86/><W23/><G127/><N who="0" m="48715" /><D22/><U5/><E53/><V81/><F81/><W77/><G77/><T71/><AGARI ba="8,1" hai="29,30,62,64,71,79,83,84" m="48715,13387" machi="71" ten="30,2000,0" yaku="18,1,52,1" doraHai="72" who="0" fromWho="0" sc="78,54,9,-13,495,-13,408,-18" owari="132,-27.0,-4,-50.0,482,58.0,390,19.0" /></mjloggm>