<mjloggm ver="2.3"><GO type="97" lobby="0"/><UN n0="%E5%9B%A0%E5%B9%A1" n1="%41%72%6D%79" n2="%E3%82%86%E3%81%BF%E2%98%86%E3%83%9F" n3="%E3%82%A6%E3%83%AB%E3%83%88%E3%83%A9%E7%AB%8B%E7%9B%B4" dan="14,15,15,16" rate="1919.50,2023.42,2046.58,2011.94" sx="F,M,F,M"/><TAIKYOKU oya="0"/><INIT seed="0,0,0,2,3,83" ten="250,250,250,250" oya="0" hai0="36,32,12,44,58,65,27,108,10,13,35,128,71" hai1="127,51,79,64,23,22,70,16,25,77,17,24,80" hai2="63,91,57,119,109,43,30,122,66,117,102,55,46" hai3="21,50,116,101,7,68,73,131,74,90,34,126,115"/><T19/><D128/><U31/><E127/><V6/><F122/><W40/><G50/><T0/><D71/><U26/><E80/><V86/><F102/><W121/><G40/><T118/><D118/><N who="2" m="45066" /><F109/><W2/><G21/><T5/><D108/><U28/><E51/><N who="2" m="27103" /><F30/><N who="1" m="11305" /><E64/><V95/><F6/><W59/><G90/><T123/><D123/><U82/><E70/><V87/><F66/><W97/><G59/><T45/><D36/><U69/><E69/><V103/><F103/><W104/><G97/><AGARI ba="0,0" hai="55,57,63,86,87,91,95,97" m="27103,45066" machi="97" ten="30,3900,0" yaku="12,1,52,2" doraHai="83" who="2" fromWho="3" sc="250,0,250,0,250,39,250,-39" /><INIT seed="1,0,0,1,3,89" ten="250,250,289,211" oya="1" hai0="46,61,104,37,52,21,58,83,36,124,31,0,95" hai1="24,35,19,8,81,115,56,130,7,119,44,67,65" hai2="34,30,72,127,120,73,15,68,108,11,102,87,28" hai3="91,96,13,47,51,27,80,133,66,20,106,123,33"/><U76/><E119/><V45/><F120/><W60/><G123/><T40/><D104/><U14/><E115/><V69/><F108/><W126/><G133/><T41/><D0/><U90/><E130/><V54/><F127/><W17/><G126/><T2/><D2/><U4/><E44/><V110/><F110/><W128/><G128/><T64/><D124/><U121/><E121/><V84/><F102/><W53/><G106/><T12/><D83/><U3/><E4/><V109/><F109/><W94/><G80/><T22/><D12/><U78/><E90/><V100/><F100/><W88/><G33/><T85/><D41/><U42/><E42/><V86/><F45/><W107/><G107/><T97/><D85/><U29/><E56/><V79/><F79/><W135/><G135/><T50/><D40/><U92/><E92/><V98/><F98/><W93/><G13/><T131/><D131/><U118/><E118/><V114/><F114/><W26/><G26/><N who="0" m="16855" /><D21/><N who="1" m="11511" /><E76/><V77/><F77/><W32/><G32/><T99/><D99/><U101/><E101/><AGARI ba="0,0" hai="36,37,46,50,52,58,61,64,95,97,101" m="16855" machi="101" ten="30,3900,0" yaku="25,1,52,1,54,1" doraHai="89" who="0" fromWho="1" sc="250,39,250,-39,289,0,211,0" /><INIT seed="2,0,0,4,2,109" ten="289,211,289,211" oya="2" hai0="13,31,32,34,132,46,86,79,28,123,111,2,115" hai1="11,62,53,126,135,17,89,39,5,70,1,36,81" hai2="4,42,122,107,129,80,35,10,6,95,103,128,73" hai3="7,43,0,54,76,124,93,116,67,37,33,106,85"/><V112/><F122/><W90/><G33/><T18/><D123/><U99/><E126/><V59/><F35/><N who="0" m="13354" /><D46/><U91/><E135/><V38/><F95/><W64/><G116/><T50/><D50/><U60/><E17/><V24/><F24/><W47/><G106/><T130/><D86/><U12/><E1/><N who="2" m="271" /><F6/><W133/><G133/><T15/><D79/><U125/><E125/><V27/><F27/><W26/><G26/><T44/><D44/><U48/><E89/><V21/><F21/><W102/><G124/><T78/><D78/><U29/><E29/><N who="0" m="11337" /><D132/><U61/><E70/><V22/><F22/><W75/><G54/><T88/><D88/><U77/><E91/><V72/><F59/><W92/><G92/><T74/><D74/><N who="2" m="28778" /><F80/><W66/><G102/><T55/><D55/><U19/><E99/><N who="2" m="61951" /><F42/><W104/><G104/><T45/><D45/><U83/><E48/><V100/><F100/><W25/><G47/><T14/><D18/><U63/><E19/><V119/><F119/><W58/><G43/><T114/><D2/><U96/><E53/><V69/><F69/><W94/><G58/><T30/><D30/><U110/><E83/><V20/><F38/><W41/><G37/><T23/><D23/><U101/><E39/><V118/><F20/><W49/><G41/><T108/><D130/><N who="2" m="50282" /><F118/><W9/><G49/><T84/><D84/><U127/><E36/><V134/><F134/><W8/><G94/><T65/><D65/><N who="3" m="16641" /><W117/><DORA hai="87" /><G117/><T131/><D131/><U51/><E81/><V82/><F82/><N who="3" m="45343" /><G25/><T113/><AGARI ba="0,0" hai="13,14,15,108,111,113,114,115" m="11337,13354" machi="113" ten="50,12000,2" yaku="28,2,34,2,52,3" doraHai="109,87" who="0" fromWho="0" sc="289,120,211,-30,289,-60,211,-30" /><INIT seed="3,0,0,4,4,123" ten="409,181,229,181" oya="3" hai0="52,111,116,126,40,101,55,39,0,114,27,112,92" hai1="53,75,97,22,30,38,35,20,129,48,84,117,134" hai2="60,122,21,23,57,18,87,109,77,110,71,9,85" hai3="42,70,28,6,19,94,124,86,51,5,24,119,76"/><W78/><G70/><T47/><D116/><U106/><E117/><V7/><F71/><W54/><G119/><T125/><D111/><N who="2" m="42506" /><F122/><W64/><G124/><N who="0" m="47723" /><D0/><U108/><E97/><V120/><F120/><W26/><G64/><T62/><D27/><N who="3" m="10281" /><G42/><T104/><D104/><U31/><E84/><N who="2" m="32331" /><F18/><W118/><G118/><T68/><D68/><U88/><E75/><V8/><F77/><N who="3" m="29803" /><G19/><T63/><D101/><U1/><E108/><V81/><F81/><W79/><G28/><T69/><D92/><U25/><E31/><V80/><F80/><N who="3" m="47391" /><G94/><T59/><D55/><U74/><E53/><N who="2" m="33839" /><F9/><W65/><G65/><AGARI ba="0,0" hai="39,40,47,52,59,62,63,65,69,112,114" m="47723" machi="65" ten="30,7700,0" yaku="18,1,34,2,54,1" doraHai="123" who="0" fromWho="3" sc="409,77,181,0,229,0,181,-77" owari="486,59.0,181,-22.0,229,3.0,104,-40.0" /></mjloggm>