<mjloggm ver="2.3"><GO type="97" lobby="0"/><UN n0="%6A%75%72%69%65%73%75" n1="%E3%82%A6%E3%83%AB%E3%83%88%E3%83%A9%E7%AB%8B%E7%9B%B4" n2="%6B%61%6E%64%79" n3="%73%61%76%65%69" dan="14,15,14,14" rate="1910.60,2030.24,1931.12,1923.93" sx="M,M,M,M"/><TAIKYOKU oya="0"/><INIT seed="0,0,0,1,5,103" ten="250,250,250,250" oya="0" hai0="59,5,133,102,18,54,107,111,105,78,119,81,51" hai1="35,123,16,120,76,10,88,124,7,0,55,74,34" hai2="17,104,14,31,38,72,94,66,3,62,110,125,113" hai3="75,44,130,65,99,26,86,40,126,121,46,1,56"/><T122/><D119/><U89/><E76/><V112/><F3/><W13/><G75/><T47/><D122/><U77/><E77/><V95/><F72/><W116/><G1/><T92/><D5/><U21/><E74/><V134/><F38/><W93/><G86/><T49/><D18/><U33/><E55/><V115/><F31/><W45/><G130/><T71/><D71/><U52/><E52/><V63/><F104/><W114/><G126/><T128/><D128/><U30/><E88/><V53/><F125/><W98/><G114/><T101/><D133/><U43/><E89/><V91/><F134/><W61/><G13/><T8/><D8/><U87/><E87/><V36/><F36/><W27/><G116/><T48/><D111/><U82/><E82/><V90/><F110/><W25/><G121/><N who="1" m="46666" /><E43/><V9/><F53/><W127/><G127/><T97/><D102/><U80/><E80/><V39/><F39/><W42/><REACH who="3" step="1"/><G98/><REACH who="3" ten="250,250,250,240" step="2"/><T118/><D118/><U85/><E85/><V79/><F79/><W41/><G41/><T28/><D28/><U58/><E124/><V96/><REACH who="2" step="1"/><F66/><REACH who="2" ten="250,250,240,240" step="2"/><W20/><G20/><T22/><D22/><U84/><E30/><V129/><F129/><W70/><G70/><T32/><D32/><U131/><E34/><V50/><F50/><N who="0" m="19562" /><D47/><U117/><E35/><V2/><F2/><W60/><G60/><T11/><D11/><U100/><E33/><V23/><F23/><W37/><G37/><T132/><D132/><U29/><E21/><V108/><F108/><W6/><G6/><T19/><D19/><U135/><E16/><RYUUKYOKU ba="0,2" sc="250,10,250,-30,240,10,240,10" hai0="51,54,59,78,81,92,97,101,105,107" hai2="9,14,17,62,63,90,91,94,95,96,112,113,115" hai3="25,26,27,40,42,44,45,46,56,61,65,93,99" /><INIT seed="0,1,2,1,2,119" ten="260,220,250,250" oya="0" hai0="55,84,122,56,69,49,51,125,97,104,78,67,60" hai1="126,48,14,94,38,35,7,20,46,107,128,8,2" hai2="59,42,23,61,40,6,93,70,100,90,25,117,17" hai3="129,77,37,71,86,127,33,116,16,101,112,110,58"/><T114/><D104/><U130/><E107/><V95/><F70/><W92/><G71/><T102/><D102/><U28/><E38/><V11/><F117/><W72/><G33/><T10/><D97/><U118/><E118/><V82/><F82/><W91/><G37/><T30/><D30/><U106/><E106/><V120/><F120/><W13/><G110/><T57/><D10/><U88/><E126/><V111/><F111/><W44/><G129/><N who="1" m="49770" /><E35/><V39/><F39/><W9/><G44/><T36/><D36/><U3/><E20/><V103/><F95/><W18/><G127/><T66/><D125/><U99/><E28/><V15/><F42/><AGARI ba="1,2" hai="2,3,7,8,14,42,46,48,88,94,99" m="49770" machi="42" ten="30,2000,0" yaku="19,1,54,1" doraHai="119" who="1" fromWho="2" sc="260,0,220,43,250,-23,250,0" /><INIT seed="1,0,0,2,3,124" ten="260,263,227,250" oya="1" hai0="128,34,114,67,117,88,62,102,122,126,96,130,52" hai1="37,105,89,8,93,46,17,86,125,111,97,0,68" hai2="55,110,108,59,42,56,36,69,73,116,26,40,64" hai3="106,53,48,98,50,20,123,129,82,104,2,65,127"/><U103/><E68/><V32/><F32/><W92/><G2/><T100/><D34/><U99/><E125/><V109/><F73/><W118/><G123/><T31/><D126/><U135/><E135/><V38/><F26/><W54/><G65/><T101/><D31/><U29/><E29/><V113/><F116/><W14/><G82/><T115/><D52/><U6/><E111/><V87/><F87/><W131/><G127/><T112/><D62/><U77/><E17/><V120/><F120/><W63/><G118/><T81/><D67/><U23/><E23/><V132/><F113/><W75/><G75/><T18/><D18/><U45/><E37/><N who="2" m="14443" /><F132/><W7/><G20/><T133/><D133/><U51/><E51/><N who="3" m="19498" /><G63/><T25/><D25/><U30/><E30/><V134/><F134/><W41/><G41/><N who="2" m="15977" /><F55/><N who="3" m="21003" /><G104/><T13/><D117/><U60/><E60/><AGARI ba="0,0" hai="56,59,60,64,69,108,109,110" m="15977,14443" machi="60" ten="40,5200,0" yaku="14,1,34,2" doraHai="124" who="2" fromWho="1" sc="260,0,263,-52,227,52,250,0" /><INIT seed="2,0,0,3,5,95" ten="260,211,279,250" oya="2" hai0="58,70,99,108,14,105,3,80,112,100,118,76,98" hai1="11,30,21,49,27,111,16,134,81,60,102,37,22" hai2="133,72,20,110,84,55,45,12,63,73,36,68,28" hai3="96,88,47,75,41,23,87,50,127,40,33,26,101"/><V9/><F133/><W125/><G33/><T56/><D3/><U114/><E37/><V4/><F110/><W129/><G75/><T106/><D70/><U53/><E114/><V38/><F84/><W107/><G129/><T119/><D112/><U59/><E134/><V132/><F132/><W74/><G74/><N who="0" m="43031" /><D14/><U121/><E111/><V42/><F38/><W86/><G86/><T131/><D56/><U117/><E117/><N who="0" m="44553" /><D58/><U64/><E121/><V135/><F135/><W6/><G6/><T130/><D108/><U83/><E102/><AGARI ba="0,0" hai="98,99,100,102,105,106,130,131" m="44553,43031" machi="102" ten="30,12000,2" yaku="12,1,23,1,34,2,52,2" doraHai="95" who="0" fromWho="1" sc="260,120,211,-120,279,0,250,0" /><INIT seed="3,0,0,2,1,93" ten="380,91,279,250" oya="3" hai0="122,79,86,27,81,35,59,135,62,85,21,126,116" hai1="41,95,4,24,109,57,132,108,134,91,96,31,64" hai2="5,107,83,33,124,101,15,45,55,106,130,87,119" hai3="121,118,100,68,90,52,60,73,42,76,82,65,113"/><W61/><G121/><T11/><D35/><U112/><E41/><V103/><F33/><W71/><G118/><T6/><D116/><U63/><E4/><V46/><F5/><W129/><G113/><T12/><D122/><U114/><E24/><V115/><F15/><W84/><G42/><T32/><D32/><U88/><E31/><V22/><F22/><W117/><G100/><T48/><D48/><U75/><E57/><V78/><F55/><W40/><G129/><T77/><D126/><U97/><E63/><V16/><F130/><W13/><G40/><T98/><D135/><U28/><E64/><V50/><F119/><W2/><G117/><T18/><D98/><N who="1" m="37995" /><E28/><V69/><F69/><W72/><G2/><T9/><D9/><U74/><E74/><V25/><F115/><N who="1" m="44073" /><E75/><V131/><F124/><W23/><G72/><T37/><D37/><U3/><E3/><V39/><F131/><W127/><G127/><T26/><D26/><U56/><E56/><V94/><F39/><W99/><G13/><T17/><D59/><U20/><E20/><V30/><F45/><W123/><G73/><T43/><D62/><U36/><E36/><V120/><F120/><W44/><G123/><T105/><D43/><U128/><E128/><V1/><F1/><W54/><G23/><T53/><D6/><U38/><E38/><V8/><F107/><W110/><G44/><T92/><D53/><U51/><E51/><V66/><F106/><W80/><G54/><T58/><D58/><U70/><E70/><V125/><F66/><W102/><G65/><T47/><D47/><RYUUKYOKU ba="0,0" sc="380,0,91,0,279,0,250,0" owari="380,48.0,91,-41.0,279,8.0,250,-15.0" /></mjloggm>