<mjloggm ver="2.3"><GO type="169" lobby="0"/><UN n0="%E5%A4%A9%E5%B2%A9%E6%88%B8" n1="%E8%B6%85%E3%83%92%E3%83%A2%E3%83%AA%E3%83%AD" n2="%E3%82%86%E3%81%86%E3%81%9F%E3%82%93" n3="%E3%82%A6%E3%83%AB%E3%83%88%E3%83%A9%E7%AB%8B%E7%9B%B4" dan="16,17,16,17" rate="2122.76,2183.45,2068.66,2057.38" sx="M,F,M,M"/><TAIKYOKU oya="0"/><INIT seed="0,0,0,1,2,19" ten="250,250,250,250" oya="0" hai0="11,111,126,128,101,57,106,104,54,6,43,18,8" hai1="80,64,68,53,41,121,108,63,2,32,61,39,79" hai2="114,22,4,122,134,105,107,38,66,72,36,130,7" hai3="95,10,60,52,0,28,48,49,14,82,40,125,81"/><T71/><D71/><U62/><E32/><V50/><F122/><W102/><G0/><T92/><D43/><U3/><E108/><V118/><F114/><W96/><G28/><T86/><D126/><U42/><E121/><V110/><F110/><W112/><G112/><T119/><D119/><U67/><E53/><V123/><F123/><W33/><G33/><T9/><D128/><U20/><E20/><V124/><F124/><W59/><G125/><T51/><D111/><U21/><E21/><V85/><F72/><W98/><G98/><T35/><D35/><U135/><E135/><V23/><F118/><W83/><REACH who="3" step="1"/><G40/><REACH who="3" ten="250,250,250,240" step="2"/><T34/><D34/><U90/><E42/><V58/><F134/><W91/><G91/><T115/><D115/><U30/><E90/><V37/><F130/><W45/><G45/><T17/><D6/><AGARI ba="0,1" hai="6,10,14,48,49,52,59,60,81,82,83,95,96,102" machi="6" ten="40,5200,0" yaku="1,1,8,1,54,1,53,0" doraHai="19" doraHaiUra="16" who="3" fromWho="0" sc="250,-52,250,0,250,0,240,62" /><INIT seed="1,0,0,1,3,58" ten="198,250,250,302" oya="1" hai0="13,57,30,119,61,81,55,70,62,11,125,64,94" hai1="101,34,71,43,42,65,83,53,129,116,110,39,130" hai2="19,108,47,46,99,96,126,79,75,72,113,54,69" hai3="29,26,60,103,44,16,66,112,8,123,68,88,86"/><U128/><E34/><V127/><F69/><W15/><G123/><T124/><D119/><U38/><E101/><V74/><F79/><W45/><G103/><T106/><D106/><U107/><E83/><V118/><F118/><W120/><G112/><T12/><D30/><U51/><E107/><V21/><F113/><W0/><G0/><T100/><D81/><U67/><E116/><V87/><F108/><W41/><G41/><N who="1" m="15370" /><E110/><V1/><F1/><W59/><G68/><T132/><D132/><U18/><E18/><V17/><F87/><W89/><G120/><T85/><D13/><U3/><E3/><V24/><F19/><W40/><G40/><T109/><D109/><U97/><E97/><N who="2" m="37451" /><F54/><W23/><G89/><T9/><D100/><U134/><E134/><V121/><F121/><W115/><G115/><T32/><D32/><U76/><E76/><V49/><F49/><W77/><G77/><T6/><REACH who="0" step="1"/><D9/><REACH who="0" ten="188,250,250,302" step="2"/><U52/><E51/><V7/><F75/><W10/><G10/><T20/><D20/><U22/><E22/><V84/><F74/><W25/><G25/><T56/><D56/><U102/><E102/><V95/><F72/><W135/><G135/><T131/><D131/><U28/><E28/><V50/><F24/><W98/><G98/><T5/><D5/><U14/><E14/><V90/><F21/><W35/><G35/><T63/><D63/><U93/><E93/><AGARI ba="0,1" hai="8,15,16,23,26,29,44,45,59,60,66,86,88,93" machi="93" ten="30,8000,1" yaku="7,1,8,1,52,1,54,2" doraHai="58" who="3" fromWho="1" sc="188,0,250,-80,250,0,302,90" /><INIT seed="2,0,0,4,5,117" ten="188,170,250,392" oya="2" hai0="94,10,53,36,42,0,41,66,78,103,96,129,34" hai1="114,84,126,83,49,67,14,72,123,134,122,18,27" hai2="111,68,81,71,102,40,6,35,104,121,15,50,60" hai3="93,124,70,43,51,29,82,11,65,91,128,3,132"/><V80/><F35/><W30/><G70/><T38/><D34/><U112/><E72/><V31/><F31/><W20/><G3/><T88/><D66/><U45/><E27/><V57/><F102/><W54/><G65/><T59/><D78/><U21/><E67/><V2/><F104/><W131/><G43/><T87/><D129/><U55/><E126/><V118/><F2/><W100/><G11/><T76/><D76/><N who="1" m="46183" /><E134/><V116/><F6/><W44/><G124/><T90/><D90/><U1/><E1/><V58/><F15/><W115/><G115/><T61/><D0/><U89/><E89/><V39/><F80/><W110/><G132/><T130/><D130/><U52/><E55/><N who="2" m="31991" /><F81/><W113/><G82/><N who="0" m="49271" /><D36/><U46/><E46/><N who="2" m="23839" /><F111/><W74/><G110/><T125/><D38/><U127/><E127/><V25/><F25/><W135/><G91/><T5/><D125/><U17/><E17/><V92/><F92/><W106/><G93/><T62/><D5/><U108/><E108/><V4/><F4/><W19/><G131/><T79/><D79/><U22/><E22/><V73/><F73/><W48/><G74/><T133/><D133/><U109/><E109/><V98/><F98/><W24/><G20/><T64/><D10/><U9/><E9/><V12/><F118/><W8/><G8/><T97/><D97/><U69/><E69/><N who="2" m="26699" /><F116/><W63/><G128/><T7/><D7/><U23/><E23/><V101/><F101/><W77/><G100/><T47/><D103/><U28/><E28/><V13/><F121/><AGARI ba="0,0" hai="14,18,21,45,49,52,112,114,121,122,123" m="46183" machi="121" ten="30,8000,1" yaku="13,1,52,3,54,1" doraHai="117" who="1" fromWho="2" sc="188,0,170,80,250,-80,392,0" /><INIT seed="3,0,0,3,4,58" ten="188,250,170,392" oya="3" hai0="34,62,89,100,11,112,91,120,87,4,96,72,104" hai1="69,127,86,7,75,79,94,28,54,15,92,32,84" hai2="106,17,30,70,77,56,114,6,128,74,18,49,64" hai3="113,71,57,59,99,83,27,81,38,108,8,119,134"/><W129/><G71/><T46/><D120/><U66/><E75/><V60/><F114/><W37/><G113/><T88/><D112/><U13/><E127/><V24/><F106/><W16/><G119/><T93/><D34/><U133/><E133/><V5/><F128/><W124/><G38/><T76/><D46/><U26/><E54/><V118/><F118/><W101/><G37/><T125/><D125/><U31/><E79/><V3/><F77/><W123/><G123/><T45/><D45/><U82/><E7/><V78/><F78/><W41/><G41/><T47/><D47/><U35/><E26/><V132/><F74/><W9/><G124/><T44/><D44/><U67/><E82/><V117/><F117/><W85/><G83/><N who="0" m="45447" /><D62/><U111/><REACH who="1" step="1"/><E69/><REACH who="1" ten="188,240,170,392" step="2"/><V21/><F132/><W107/><G27/><T61/><D61/><U10/><E10/><V1/><F5/><W73/><G9/><T55/><D55/><U135/><E135/><V130/><F6/><W42/><G8/><T20/><D20/><U53/><E53/><V14/><F130/><W48/><G129/><T23/><D23/><U102/><E102/><V22/><F18/><W131/><G16/><T105/><D11/><U40/><E40/><V39/><F39/><W68/><G42/><T12/><D4/><U103/><E103/><V126/><F126/><W97/><G68/><T33/><D33/><U36/><E36/><V29/><F29/><W19/><G19/><T122/><D100/><U116/><E116/><V2/><F70/><W110/><G101/><T25/><D25/><U52/><E52/><RYUUKYOKU ba="0,1" sc="188,-15,240,15,170,15,392,-15" hai1="13,15,28,31,32,35,66,67,84,86,92,94,111" hai2="1,2,3,14,17,21,22,24,30,49,56,60,64" /><INIT seed="4,1,1,4,4,70" ten="173,255,185,377" oya="0" hai0="62,65,106,119,125,101,131,72,122,18,24,121,67" hai1="61,78,133,6,48,129,82,32,102,85,74,116,130" hai2="36,40,14,135,50,63,8,9,1,35,79,86,10" hai3="132,73,126,41,87,16,30,23,69,56,103,39,92"/><T105/><D119/><U55/><E32/><V28/><F1/><W45/><G69/><T88/><D72/><U4/><E116/><V97/><F135/><W111/><G73/><T120/><D125/><U81/><E61/><V29/><F14/><W27/><G111/><T17/><D131/><N who="1" m="50187" /><E102/><V19/><F19/><W107/><G107/><T104/><D101/><U60/><E60/><V57/><F35/><W71/><G71/><T112/><D112/><U21/><E21/><V115/><F115/><W93/><G132/><T89/><D24/><U59/><E133/><V83/><F36/><W134/><G134/><T53/><D53/><U15/><E15/><V118/><F118/><W117/><G117/><T5/><D5/><U52/><E55/><N who="2" m="34239" /><F97/><W37/><G126/><T12/><D62/><U99/><E99/><V31/><F10/><W113/><G113/><T0/><D0/><U66/><E66/><N who="0" m="25097" /><D12/><U124/><E124/><V49/><F49/><W114/><G114/><T98/><D98/><U58/><E58/><V43/><F50/><W75/><G56/><T7/><D7/><U80/><E74/><V77/><F9/><W13/><G75/><T54/><D54/><U108/><E108/><V109/><F8/><W34/><G103/><T46/><D46/><U76/><E85/><N who="2" m="48367" /><F109/><W22/><G34/><T26/><D26/><U3/><E6/><V44/><F44/><N who="3" m="23599" /><G87/><T38/><D38/><U95/><E4/><V128/><F128/><W90/><G39/><T84/><D84/><U110/><E110/><V127/><F127/><W20/><G27/><T2/><D2/><RYUUKYOKU ba="1,1" sc="173,15,255,-15,185,15,377,-15" hai0="17,18,88,89,104,105,106,120,121,122" hai2="28,29,31,40,43,79,86" /><INIT seed="4,2,1,5,3,116" ten="188,240,200,362" oya="0" hai0="11,50,124,107,114,101,2,42,48,52,34,120,10" hai1="95,85,63,128,23,103,106,29,96,15,92,53,90" hai2="28,70,127,19,115,67,46,68,82,39,18,79,55" hai3="97,59,21,72,40,102,4,80,14,132,118,76,45"/><T91/><D34/><U47/><E128/><V44/><F127/><W69/><G69/><T81/><D124/><U43/><E63/><V113/><F28/><W94/><G118/><T7/><D11/><U27/><E15/><V22/><F55/><W104/><G132/><T77/><D114/><N who="2" m="43530" /><F19/><W12/><G21/><T131/><D131/><U32/><E53/><V88/><F88/><W78/><G78/><T75/><D91/><U74/><E74/><N who="2" m="43383" /><F67/><W56/><G14/><T16/><D16/><U54/><E54/><V99/><F99/><W100/><G12/><T13/><D13/><U57/><E32/><V98/><F98/><W66/><G66/><T20/><D101/><U37/><REACH who="1" step="1"/><E57/><REACH who="1" ten="188,230,200,362" step="2"/><V35/><F35/><W73/><G59/><T25/><D52/><U31/><E31/><V125/><F125/><W123/><G56/><T130/><D130/><U58/><E58/><V62/><F62/><W108/><G73/><T6/><D75/><U5/><E5/><V86/><F68/><W83/><G72/><T36/><D6/><U9/><E9/><V64/><F70/><W41/><G4/><T24/><D7/><U109/><E109/><V3/><F64/><W0/><G108/><T33/><D33/><U65/><E65/><V71/><F71/><W111/><G111/><T26/><D10/><U126/><E126/><V87/><F22/><W117/><G117/><T61/><D20/><U8/><E8/><V51/><F18/><W89/><G102/><T17/><D61/><U84/><E84/><V122/><F86/><W60/><G100/><T133/><D17/><RYUUKYOKU ba="2,2" sc="188,-10,230,30,200,-10,362,-10" hai1="23,27,29,37,43,47,85,90,92,95,96,103,106" /><INIT seed="5,3,2,4,0,92" ten="178,260,190,352" oya="1" hai0="0,69,30,67,11,63,112,47,23,72,9,49,60" hai1="101,127,90,21,62,110,66,55,133,37,120,46,58" hai2="53,76,123,15,124,135,82,71,114,27,34,116,43" hai3="113,29,107,51,59,52,28,111,31,99,24,104,83"/><U74/><E74/><V22/><F123/><W12/><G111/><T26/><D72/><U77/><E77/><V126/><F116/><W103/><G107/><T57/><D112/><U109/><E120/><V41/><F114/><W70/><G70/><T65/><REACH who="0" step="1"/><D0/><REACH who="0" ten="168,260,190,352" step="2"/><U115/><E115/><V38/><F126/><W78/><G113/><T94/><D94/><U36/><E127/><V100/><F124/><W48/><G104/><T50/><D50/><U88/><E110/><V16/><F38/><W42/><G51/><T81/><D81/><U93/><E37/><V128/><F82/><W87/><G83/><T8/><D8/><U73/><E73/><V44/><F76/><W89/><G78/><T91/><D91/><U32/><E36/><V2/><F2/><W3/><G48/><T6/><D6/><U85/><E109/><V79/><F79/><W61/><G89/><T118/><D118/><U19/><E90/><V106/><F106/><W20/><G3/><T98/><D98/><U75/><E75/><V5/><F5/><W45/><G87/><T4/><D4/><U33/><E88/><V130/><F130/><W102/><G99/><T131/><D131/><U108/><E85/><V80/><F128/><W122/><G122/><T86/><D86/><U132/><E108/><V13/><F80/><W35/><G103/><T121/><D121/><U125/><E101/><V7/><F100/><W56/><G102/><T119/><D119/><U134/><E93/><V40/><F7/><W14/><G61/><T64/><D64/><U129/><E129/><V117/><F117/><RYUUKYOKU ba="3,3" sc="168,30,260,-10,190,-10,352,-10" hai0="9,11,23,26,30,47,49,57,60,63,65,67,69" /><INIT seed="6,4,3,5,5,96" ten="198,250,180,342" oya="2" hai0="134,75,124,16,130,113,93,114,90,9,17,104,126" hai1="19,86,11,87,108,83,99,37,58,34,2,27,81" hai2="68,88,71,51,102,6,31,5,60,133,43,53,54" hai3="95,40,111,3,97,118,115,18,107,72,63,32,52"/><V64/><F133/><W123/><G72/><T84/><D134/><U79/><E37/><V135/><F135/><W119/><G107/><T70/><D130/><U49/><E108/><V122/><F122/><W7/><G32/><T1/><D75/><U24/><E34/><V132/><F132/><W41/><G111/><T89/><D104/><U100/><E58/><V30/><F71/><W82/><G7/><N who="0" m="1263" /><D89/><U45/><E19/><N who="0" m="7241" /><D70/><U66/><E66/><V105/><F43/><W74/><G123/><T50/><D50/><U12/><E12/><V55/><F51/><W48/><G48/><T128/><D128/><U56/><E56/><V121/><F121/><W92/><G74/><T110/><D110/><U129/><E11/><V131/><F131/><W125/><G63/><T117/><D117/><U69/><E2/><V35/><F88/><W103/><G41/><T80/><D80/><U109/><E69/><V0/><F0/><W78/><G40/><T127/><AGARI ba="4,3" hai="84,90,93,113,114,124,126,127" m="7241,1263" machi="127" ten="40,2700,0" yaku="18,1,54,1" doraHai="96" who="0" fromWho="0" sc="198,69,250,-11,180,-17,342,-11" /><INIT seed="7,0,0,2,5,39" ten="267,239,163,331" oya="3" hai0="130,110,106,29,69,76,61,31,88,65,85,89,102" hai1="71,8,104,100,80,114,20,55,40,54,99,78,123" hai2="3,2,92,125,74,132,24,25,53,26,129,97,56" hai3="32,35,81,86,95,30,58,47,0,112,134,41,15"/><W18/><G0/><T83/><D110/><U23/><E123/><V42/><F74/><W127/><G30/><T70/><D70/><U72/><E71/><V28/><F132/><W68/><G68/><T82/><D130/><U46/><E114/><V62/><F129/><W64/><G112/><T90/><REACH who="0" step="1"/><D83/><REACH who="0" ten="257,239,163,331" step="2"/><U34/><E34/><V119/><F119/><W98/><G81/><T7/><D7/><U128/><E128/><V101/><F125/><W43/><G127/><T103/><D103/><U59/><E100/><V108/><F108/><W11/><G35/><T37/><D37/><U49/><E80/><V87/><F28/><W124/><G32/><T21/><D21/><U66/><E23/><V38/><REACH who="2" step="1"/><F87/><REACH who="2" ten="257,239,153,331" step="2"/><W111/><G86/><T94/><D94/><U115/><E72/><V63/><F63/><W126/><G95/><T5/><D5/><U122/><E104/><V105/><F105/><W121/><G111/><T19/><D19/><U118/><E118/><V14/><F14/><W48/><G18/><T79/><D79/><U52/><E78/><V51/><F51/><W107/><G15/><T10/><D10/><U133/><E8/><V67/><F67/><W17/><G11/><T33/><D33/><U16/><E133/><V113/><F113/><W96/><G134/><T117/><D117/><U75/><E75/><V27/><N who="2" m="6144" /><DORA hai="120" /><V45/><AGARI ba="0,2" hai="2,3,38,42,45,53,56,62,92,97,101" m="6144" machi="45" ten="40,8000,1" yaku="1,1,4,1,0,1,52,1,53,0" doraHai="39,120" doraHaiUra="109,77" who="2" fromWho="2" sc="257,-20,239,-20,153,100,331,-40" /><INIT seed="8,0,0,1,5,97" ten="237,219,253,291" oya="0" hai0="64,94,28,0,27,59,111,52,10,84,18,30,72" hai1="114,119,29,13,6,12,61,76,103,88,11,124,109" hai2="34,100,42,65,107,38,75,48,123,83,40,81,37" hai3="112,73,45,92,71,19,91,47,25,43,116,104,120"/><T85/><D72/><U87/><E109/><V69/><F48/><W122/><G71/><T41/><D41/><U63/><E119/><V98/><F123/><N who="3" m="47147" /><G104/><T90/><D111/><U44/><E124/><V128/><F128/><W56/><G73/><T96/><D64/><U74/><E114/><V110/><F110/><W33/><G116/><T133/><D133/><U62/><E29/><N who="0" m="11369" /><D0/><U50/><E74/><V58/><F58/><W135/><G33/><T8/><D10/><N who="1" m="4183" /><E76/><N who="2" m="44191" /><F83/><W22/><G135/><T14/><D27/><U36/><E36/><N who="2" m="13931" /><F42/><W51/><G112/><T66/><D66/><U125/><E125/><V77/><F40/><W127/><G127/><T67/><D67/><U54/><E103/><V16/><F77/><W95/><G43/><T5/><D18/><N who="1" m="8511" /><E62/><AGARI ba="0,0" hai="5,8,14,52,59,62,84,85,90,94,96" m="11369" machi="62" ten="30,2900,0" yaku="8,1,54,1" doraHai="97" who="0" fromWho="1" sc="237,29,219,-29,253,0,291,0" /><INIT seed="8,1,0,5,0,108" ten="266,190,253,291" oya="0" hai0="30,102,59,28,114,37,56,6,0,112,53,55,38" hai1="45,20,91,82,23,41,105,107,83,90,93,98,96" hai2="58,123,110,134,27,36,25,42,111,11,61,16,99" hai3="67,74,24,132,32,34,8,86,35,78,50,77,118"/><T70/><D102/><U31/><E31/><V100/><F123/><W72/><G24/><T117/><D6/><U60/><E60/><V52/><F134/><W40/><G67/><T80/><D80/><N who="1" m="30763" /><E23/><V122/><F122/><W65/><G86/><T79/><D117/><U54/><E20/><V19/><F19/><W88/><G65/><T2/><D79/><U3/><E54/><V33/><F27/><W66/><G66/><T106/><D106/><N who="1" m="40459" /><E45/><V126/><F42/><W73/><G40/><T121/><D121/><U124/><E3/><V116/><F36/><W48/><G35/><T68/><AGARI ba="1,0" hai="0,2,28,30,37,38,53,55,56,59,68,70,112,114" machi="68" ten="25,12000,1" yaku="0,1,22,2,52,2" doraHai="108" who="0" fromWho="0" sc="266,123,190,-41,253,-41,291,-41" owari="389,49.0,149,-35.0,212,-19.0,250,5.0" /></mjloggm>