<mjloggm ver="2.3"><GO type="225" lobby="0"/><UN n0="%E3%83%86%E3%83%AC%E3%83%93%E3%81%A3%E5%AD%90" n1="%40%E9%A6%AC%E6%9D%89%E5%AF%A7%E9%A6%99" n2="%E3%82%A6%E3%83%AB%E3%83%88%E3%83%A9%E7%AB%8B%E7%9B%B4" n3="%E2%98%85%E3%81%84%E3%81%8A%E3%82%8A%E3%82%93%E2%98%85" dan="16,17,16,16" rate="2144.32,2133.97,2034.73,2041.41" sx="M,M,M,F"/><TAIKYOKU oya="0"/><INIT seed="0,0,0,2,5,96" ten="250,250,250,250" oya="0" hai0="120,94,8,56,83,97,127,60,41,31,134,67,104" hai1="48,82,71,46,99,34,128,109,62,17,95,93,25" hai2="121,105,81,42,73,86,100,78,19,77,123,52,57" hai3="91,5,28,59,16,15,30,2,21,87,12,38,88"/><T49/><D127/><U54/><E109/><V68/><F68/><W47/><G2/><T131/><D134/><U103/><E128/><V45/><F78/><W110/><G110/><T89/><D131/><U129/><E129/><V84/><F73/><W29/><G38/><T70/><D120/><U80/><E93/><V65/><F65/><W10/><G47/><T61/><D31/><U39/><E39/><V27/><F86/><W112/><G112/><T3/><D83/><U101/><E101/><V124/><F124/><W72/><G72/><T79/><D79/><U18/><E34/><V14/><F27/><W106/><G106/><T92/><D104/><U13/><E71/><V0/><F0/><W4/><G4/><T63/><D92/><U85/><E62/><N who="2" m="36135" /><F105/><W24/><G59/><T130/><D130/><U118/><E118/><V64/><F64/><W113/><G113/><T35/><D35/><U125/><E125/><V135/><F135/><W122/><G122/><T1/><D1/><U108/><E108/><V58/><F58/><W107/><G107/><T23/><D70/><U26/><E82/><V75/><F75/><W20/><G91/><T33/><D33/><U7/><E26/><V66/><F66/><W53/><G53/><N who="0" m="31791" /><D41/><U90/><E25/><V50/><F123/><W9/><G10/><AGARI ba="0,0" hai="7,10,13,17,18,46,48,54,80,85,90,95,99,103" machi="10" ten="40,2600,0" yaku="8,1,52,1" doraHai="96" who="1" fromWho="3" sc="250,0,250,26,250,0,250,-26" /><INIT seed="1,0,0,2,4,20" ten="250,276,250,224" oya="1" hai0="73,3,48,57,26,50,105,45,61,120,132,87,110" hai1="113,53,81,118,123,19,59,17,10,68,43,16,134" hai2="1,85,121,30,0,71,74,133,2,51,97,65,7" hai3="90,95,101,108,63,115,44,32,67,64,4,5,31"/><U107/><E68/><V102/><F74/><W92/><G115/><T96/><D73/><U84/><E113/><V46/><F121/><W112/><G112/><T135/><D3/><U9/><E123/><V21/><F133/><N who="0" m="51274" /><D120/><U79/><E134/><V13/><F65/><W11/><G108/><T103/><D110/><U33/><E118/><V117/><F85/><W116/><G44/><T70/><D70/><U35/><E107/><V54/><F71/><W62/><G116/><T131/><D131/><U80/><E43/><V40/><F40/><W24/><G101/><T129/><D129/><U28/><E81/><V126/><F126/><W111/><G111/><T130/><D130/><U55/><E55/><V106/><F117/><W52/><G92/><T60/><D87/><U15/><E9/><V86/><F86/><W22/><G32/><T88/><D88/><U47/><E47/><V125/><F125/><W114/><G114/><T76/><D76/><U12/><E15/><V99/><F99/><W82/><G82/><T14/><D14/><U83/><E83/><V39/><F39/><W89/><G89/><T124/><D124/><U78/><E78/><V127/><F127/><W93/><G93/><T122/><D122/><U75/><E75/><V18/><F2/><W58/><G63/><N who="0" m="24139" /><D45/><U98/><E98/><V128/><F128/><W109/><G109/><T42/><D42/><U69/><E69/><V72/><F72/><W23/><G4/><T104/><D104/><U6/><E28/><V119/><F119/><W25/><G5/><T94/><D105/><U36/><E36/><RYUUKYOKU ba="0,0" sc="250,-10,276,30,250,-10,224,-10" hai1="6,10,12,16,17,19,33,35,53,59,79,80,84" /><INIT seed="1,1,0,0,3,94" ten="240,306,240,214" oya="1" hai0="129,16,50,114,93,43,118,31,123,54,1,119,55" hai1="105,95,61,41,29,109,26,134,19,62,17,49,59" hai2="82,121,100,80,132,33,133,40,70,88,79,72,18" hai3="35,15,122,47,128,68,116,130,106,87,115,96,83"/><U75/><E105/><V113/><F33/><W58/><G115/><T86/><D1/><U125/><E75/><V127/><F70/><W36/><G122/><T12/><D114/><U48/><E134/><N who="2" m="51819" /><F40/><N who="3" m="22919" /><G68/><T34/><D123/><U8/><E125/><V111/><F113/><W30/><G58/><T32/><D129/><N who="3" m="49769" /><G116/><T97/><D43/><U135/><E135/><V92/><F121/><W25/><G15/><T42/><D34/><U63/><E109/><V7/><F7/><W85/><G83/><T81/><D32/><U46/><E8/><V9/><F111/><W103/><AGARI ba="1,0" hai="25,30,35,85,87,96,103,106" m="49769,22919" machi="103" ten="30,2000,0" yaku="19,1,52,1" doraHai="94" who="3" fromWho="3" sc="240,-6,306,-11,240,-6,214,23" /><INIT seed="2,0,0,2,3,65" ten="234,295,234,237" oya="2" hai0="6,90,111,92,37,88,27,10,95,81,35,76,119" hai1="132,130,57,112,103,109,21,0,38,80,63,100,52" hai2="106,32,125,28,97,86,45,117,78,105,94,71,16" hai3="113,39,48,15,107,102,128,91,8,108,44,43,11"/><V49/><F117/><W101/><G108/><T135/><D37/><U30/><E112/><V115/><F115/><W66/><G113/><T82/><D119/><U23/><E38/><V116/><F116/><W5/><G128/><T120/><D135/><U114/><E114/><V73/><F73/><W33/><G33/><T110/><D120/><U31/><E130/><V17/><F71/><W55/><G107/><T12/><D35/><U41/><E0/><V118/><F118/><W133/><G133/><T26/><D76/><U29/><E132/><V93/><F106/><W124/><G124/><T36/><D36/><U24/><E109/><N who="0" m="41481" /><D95/><U134/><E41/><V72/><F105/><W83/><G66/><T61/><D61/><U84/><E134/><V75/><F72/><W127/><G127/><T42/><D42/><U51/><E63/><V77/><F75/><W58/><G83/><N who="0" m="31755" /><D90/><N who="1" m="51463" /><E23/><V34/><F34/><W14/><REACH who="3" step="1"/><G91/><REACH who="3" ten="234,295,234,227" step="2"/><T79/><D79/><U126/><E126/><V121/><F32/><W25/><G25/><T104/><D104/><U68/><E100/><V22/><F125/><W87/><G87/><AGARI ba="0,1" hai="6,10,12,26,27,87,88,92" m="31755,41481" machi="87" ten="30,2000,0" yaku="14,1,54,1" doraHai="65" who="0" fromWho="3" sc="234,30,295,0,234,0,227,-20" /><INIT seed="3,0,0,4,3,115" ten="264,295,234,207" oya="3" hai0="77,103,80,19,29,13,4,32,96,75,121,91,50" hai1="30,8,38,107,52,82,0,78,61,105,132,21,133" hai2="63,24,35,125,79,40,16,98,42,49,64,104,81" hai3="41,67,43,110,22,111,83,51,59,76,7,74,57"/><W45/><G7/><T119/><D121/><U89/><E38/><V12/><F125/><W120/><G120/><T84/><D4/><N who="1" m="1031" /><E89/><V31/><F49/><W15/><G43/><T134/><D134/><N who="1" m="51819" /><E30/><V65/><F65/><W37/><G37/><T36/><D119/><U68/><E21/><V73/><F104/><W20/><G20/><T101/><D36/><U85/><E52/><V117/><F117/><W34/><G34/><T23/><D103/><U99/><E99/><V33/><F98/><W100/><G100/><T25/><D50/><U135/><E135/><V123/><F123/><W113/><G113/><T130/><D130/><U1/><E1/><V54/><F54/><W26/><G15/><T118/><D118/><U60/><E60/><V9/><REACH who="2" step="1"/><F33/><REACH who="2" ten="264,295,224,207" step="2"/><W10/><G10/><T124/><D124/><U102/><E102/><V62/><F62/><W95/><G67/><AGARI ba="0,1" hai="61,67,68,78,82,85,105,107" m="51819,1031" machi="67" ten="30,1000,0" yaku="20,1" doraHai="115" who="1" fromWho="3" sc="264,0,295,20,224,0,207,-10" owari="264,6.0,315,42.0,224,-18.0,197,-30.0" /></mjloggm>