<mjloggm ver="2.3"><GO type="97" lobby="0"/><UN n0="%E3%82%A6%E3%83%AB%E3%83%88%E3%83%A9%E7%AB%8B%E7%9B%B4" n1="%E3%81%B5%E3%81%A3%E3%81%8D" n2="%EF%BC%91%EF%BC%94%EF%BC%91" n3="%6D%69%79%61%6E%E2%98%85" dan="15,14,15,13" rate="1993.00,1976.65,2059.59,1838.33" sx="M,M,M,F"/><TAIKYOKU oya="0"/><INIT seed="0,0,0,1,5,57" ten="250,250,250,250" oya="0" hai0="120,12,130,73,2,68,126,90,132,0,70,59,107" hai1="99,128,89,21,69,81,55,56,31,75,134,23,125" hai2="80,87,66,40,8,46,112,52,72,35,42,62,76" hai3="29,10,94,123,33,67,106,115,7,91,13,116,82"/><T105/><D59/><U92/><E69/><N who="0" m="26729" /><D12/><U39/><E39/><V95/><F35/><W18/><G115/><T79/><D90/><U50/><E128/><V71/><F112/><W104/><G116/><T83/><D120/><U43/><E43/><V47/><F8/><W64/><G123/><T14/><D14/><U122/><E122/><V124/><F124/><W26/><G82/><T30/><D30/><U101/><E125/><V45/><F52/><W49/><G49/><T38/><D126/><U114/><E114/><V24/><F24/><W133/><G133/><T77/><D77/><U16/><E134/><V113/><F113/><W3/><G106/><N who="0" m="40459" /><D132/><U108/><E31/><V102/><REACH who="2" step="1"/><F87/><REACH who="2" ten="250,250,240,250" step="2"/><W65/><G26/><T85/><D85/><U11/><E75/><V96/><AGARI ba="0,1" hai="40,42,45,46,47,62,66,71,72,76,80,95,96,102" machi="96" ten="30,8000,1" yaku="1,1,2,1,0,1,52,1,53,1" doraHai="57" doraHaiUra="61" who="2" fromWho="2" sc="250,-40,250,-20,240,90,250,-20" /><INIT seed="1,0,0,0,1,42" ten="210,230,330,230" oya="1" hai0="61,118,18,100,67,66,119,127,87,19,88,99,128" hai1="72,5,31,71,43,23,68,56,63,59,32,10,107" hai2="55,90,14,121,34,91,96,97,24,51,132,53,52" hai3="89,60,28,15,62,75,1,111,80,113,103,116,21"/><U8/><E107/><V46/><F121/><W108/><G113/><T57/><D127/><U0/><E72/><V58/><F132/><W101/><G1/><T83/><D128/><U109/><E32/><V6/><F34/><W45/><G116/><T77/><D118/><U3/><E43/><V39/><F39/><W4/><G28/><T112/><D112/><U7/><E109/><N who="3" m="42058" /><G45/><T11/><D119/><U124/><E124/><V64/><F24/><W94/><G75/><T79/><D67/><U98/><E98/><N who="2" m="37995" /><F64/><W54/><G80/><T25/><D25/><U125/><E125/><V114/><F114/><W104/><G104/><T50/><D50/><U41/><E41/><N who="2" m="25039" /><F58/><N who="3" m="34903" /><G62/><T122/><D122/><U92/><E92/><V26/><F26/><W82/><G82/><T20/><D99/><U95/><E95/><V38/><F38/><W105/><G105/><T135/><D135/><U29/><E63/><V123/><F123/><W129/><G129/><T9/><D100/><U48/><E48/><V133/><F133/><W44/><G103/><T130/><D130/><U27/><E27/><V36/><F36/><W74/><G101/><T17/><REACH who="0" step="1"/><D20/><AGARI ba="0,0" hai="0,3,5,7,8,10,20,23,29,31,56,59,68,71" machi="20" ten="25,2400,0" yaku="22,2" doraHai="42" who="1" fromWho="0" sc="210,-24,230,24,330,0,230,0" /><INIT seed="1,1,0,3,2,39" ten="186,254,330,230" oya="1" hai0="82,26,17,61,92,14,87,41,89,1,3,102,81" hai1="134,124,101,52,78,62,103,47,48,121,104,20,107" hai2="114,109,59,65,135,98,7,37,10,86,128,45,117" hai3="88,118,132,56,5,16,67,8,40,31,133,46,72"/><U49/><E121/><V99/><F117/><W55/><G72/><T115/><D115/><U130/><E78/><V119/><F119/><W75/><G118/><T44/><D26/><U24/><E130/><V22/><F109/><W71/><G75/><T73/><D61/><U60/><E134/><N who="3" m="51818" /><G31/><T126/><D126/><U70/><E124/><V32/><F32/><W21/><G71/><T2/><D102/><U0/><E0/><V6/><F128/><W100/><G67/><T38/><REACH who="0" step="1"/><D73/><REACH who="0" ten="176,254,330,230" step="2"/><U110/><E110/><V74/><F74/><W9/><G100/><T69/><D69/><U108/><E108/><V96/><F114/><W127/><G127/><T84/><D84/><U113/><E113/><V13/><F86/><W125/><G125/><T4/><D4/><U19/><E70/><V131/><F6/><W35/><G5/><T58/><D58/><N who="1" m="33039" /><E104/><V116/><F135/><W18/><G35/><T68/><D68/><U112/><E107/><V34/><F34/><W80/><G56/><T57/><D57/><U66/><E112/><V25/><F116/><W36/><G46/><T91/><D91/><U12/><E24/><V90/><F90/><W123/><G88/><T77/><D77/><U27/><E27/><V51/><F131/><W95/><G123/><T63/><D63/><N who="1" m="24107" /><E66/><V64/><F64/><W120/><G120/><T15/><D15/><U97/><E97/><V105/><F65/><W79/><G79/><T30/><D30/><U29/><E29/><N who="2" m="17591" /><F105/><W50/><G18/><T83/><D83/><U76/><E76/><V42/><F99/><W93/><G80/><RYUUKYOKU ba="1,1" sc="176,10,254,10,330,10,230,-30" hai0="1,2,3,14,17,38,41,44,81,82,87,89,92" hai1="12,19,20,47,48,101,103" hai2="7,10,13,37,42,45,51,59,96,98" /><INIT seed="1,2,1,4,4,10" ten="186,264,340,200" oya="1" hai0="127,65,121,3,37,9,46,55,31,41,19,27,98" hai1="69,40,13,109,42,58,101,105,95,132,15,99,63" hai2="34,21,22,111,122,100,90,103,48,57,73,64,4" hai3="26,62,45,79,87,7,129,67,33,128,53,130,70"/><U25/><E132/><V92/><F34/><W126/><G126/><T61/><D127/><U38/><E69/><V102/><F73/><W115/><G115/><T133/><D133/><U8/><E38/><V123/><F111/><W56/><G45/><T0/><D121/><U120/><E120/><V32/><F32/><W91/><G79/><T118/><D118/><U23/><E105/><V35/><F35/><W75/><G75/><T49/><D98/><U14/><E8/><V17/><F4/><W59/><G7/><T125/><D125/><U114/><E114/><V5/><F5/><W81/><REACH who="3" step="1"/><G53/><REACH who="3" ten="186,264,340,190" step="2"/><T11/><D55/><N who="1" m="34271" /><E109/><V44/><F123/><W20/><G20/><T86/><D46/><U18/><AGARI ba="2,2" hai="13,14,15,18,23,25,40,42,95,99,101" m="34271" machi="18" ten="30,11700,0" yaku="8,1,52,3" doraHai="10" who="1" fromWho="1" sc="186,-41,264,143,340,-41,190,-41" /><INIT seed="1,3,0,1,2,131" ten="145,407,299,149" oya="1" hai0="66,76,109,8,73,114,123,55,111,49,3,101,67" hai1="88,36,87,18,92,95,37,110,70,17,46,28,35" hai2="80,24,105,43,31,78,77,104,98,32,91,5,38" hai3="39,63,129,83,120,4,23,14,15,30,86,82,1"/><U21/><E70/><V6/><F78/><W9/><G120/><T116/><D116/><U50/><E35/><V99/><F91/><W93/><G39/><T126/><D114/><U96/><E28/><V79/><F79/><W133/><G129/><T127/><D101/><U12/><E110/><N who="0" m="41993" /><D76/><U112/><E112/><V16/><F98/><W85/><G63/><T29/><D73/><U81/><E18/><V47/><F16/><N who="3" m="10655" /><G1/><T106/><D106/><U135/><E135/><V103/><REACH who="2" step="1"/><F105/><REACH who="2" ten="145,407,289,149" step="2"/><W54/><G86/><AGARI ba="3,1" hai="5,6,24,31,32,38,43,47,77,80,86,99,103,104" machi="86" ten="30,3900,0" yaku="1,1,2,1,7,1,53,0" doraHai="131" doraHaiUra="115" who="2" fromWho="3" sc="145,0,407,0,289,58,149,-48" /><INIT seed="2,0,0,5,3,28" ten="145,407,347,101" oya="2" hai0="71,63,24,3,6,60,44,107,99,38,51,76,37" hai1="106,49,100,98,112,25,9,23,75,14,61,109,41" hai2="20,2,111,119,132,46,18,62,86,133,114,56,45" hai3="57,19,4,93,67,94,87,128,80,36,83,52,122"/><V66/><F119/><W126/><G122/><T47/><D76/><U135/><E75/><V70/><F114/><W88/><G36/><T58/><D6/><U123/><E112/><V85/><F2/><W82/><G128/><T79/><D79/><U31/><E123/><V15/><F70/><W117/><G117/><T95/><D3/><U33/><E135/><N who="2" m="51787" /><F111/><W130/><G130/><T27/><D107/><U89/><E109/><V65/><F65/><W42/><G126/><T54/><D24/><U68/><E89/><V16/><F18/><W81/><G42/><T92/><D27/><U48/><E23/><V118/><F118/><W17/><G67/><N who="0" m="41471" /><D92/><N who="3" m="35433" /><G4/><T11/><D95/><U5/><E41/><V53/><F66/><AGARI ba="0,0" hai="5,9,14,25,31,33,48,49,61,66,68,98,100,106" machi="66" ten="40,5200,0" yaku="25,2,52,1" doraHai="28" who="1" fromWho="2" sc="145,0,407,52,347,-52,101,0" /><INIT seed="3,0,0,0,3,126" ten="145,459,295,101" oya="3" hai0="93,43,54,23,37,91,62,9,14,41,33,132,99" hai1="27,51,89,68,26,100,17,84,109,12,5,67,101" hai2="107,10,124,7,120,74,1,3,104,32,31,117,59" hai3="85,50,72,134,76,94,98,69,16,36,103,79,42"/><W55/><G69/><T115/><D33/><U119/><E5/><V128/><F59/><W58/><G72/><T53/><D132/><U125/><E51/><V105/><F117/><W4/><G134/><T135/><D135/><U19/><E19/><V123/><F124/><W121/><G121/><N who="2" m="46665" /><F3/><W131/><G131/><T57/><D115/><U15/><E89/><V81/><F128/><W129/><G129/><T92/><D37/><U75/><E84/><V46/><F46/><N who="3" m="25943" /><G36/><T88/><D54/><U114/><E100/><V21/><F21/><W35/><G35/><T73/><D73/><U108/><E17/><V77/><F107/><W44/><G44/><T71/><D71/><U90/><E15/><V20/><F20/><W40/><G40/><T66/><D66/><U110/><E26/><AGARI ba="0,0" hai="1,7,10,26,31,32,74,77,81,104,105" m="46665" machi="26" ten="30,2000,0" yaku="13,1,23,1" doraHai="126" who="2" fromWho="1" sc="145,0,459,-20,295,20,101,0" owari="145,-25.0,439,53.0,315,12.0,101,-40.0" /></mjloggm>