<mjloggm ver="2.3"><GO type="97" lobby="0"/><UN n0="%E3%82%B3%E3%83%86%E3%82%B3%E3%83%86" n1="%EF%BC%9D%E6%B0%B4%E8%89%B2%E6%A7%98%EF%BC%9D" n2="%68%61%67%69%31%30%32%39" n3="%E3%82%A6%E3%83%AB%E3%83%88%E3%83%A9%E7%AB%8B%E7%9B%B4" dan="15,14,14,15" rate="1934.41,1927.81,1903.81,2000.85" sx="M,M,M,M"/><TAIKYOKU oya="0"/><INIT seed="0,0,0,0,5,76" ten="250,250,250,250" oya="0" hai0="49,51,123,48,20,50,106,119,54,5,83,132,28" hai1="59,113,35,93,89,23,117,2,100,32,116,86,44" hai2="31,38,1,91,30,75,36,84,53,40,0,127,74" hai3="15,47,109,120,73,17,41,114,103,96,97,9,107"/><T37/><D106/><U66/><E2/><V110/><F40/><W33/><G114/><T124/><D37/><U92/><E113/><V52/><F84/><W27/><G120/><T77/><D123/><U43/><E100/><V101/><F101/><W46/><G109/><T122/><D122/><U131/><E93/><V99/><F99/><W125/><G125/><T11/><D124/><U134/><E134/><V94/><F127/><W98/><G73/><T26/><D132/><U67/><E131/><V105/><F94/><W39/><G33/><T34/><D119/><U4/><E4/><V55/><F105/><W108/><G108/><T65/><D65/><U88/><E89/><V3/><F91/><W104/><G104/><T56/><D34/><U10/><E10/><V129/><F110/><W70/><G70/><T64/><D64/><U80/><E92/><V72/><F129/><W7/><G47/><T87/><REACH who="0" step="1"/><D51/><REACH who="0" ten="240,250,250,250" step="2"/><U29/><E67/><V102/><F102/><W14/><G107/><T135/><D135/><U111/><E35/><V128/><REACH who="2" step="1"/><F128/><REACH who="2" ten="240,250,240,250" step="2"/><W115/><G103/><T19/><D19/><U121/><E111/><V13/><F13/><AGARI ba="0,2" hai="5,11,13,20,26,28,48,49,50,54,56,77,83,87" machi="13" ten="30,11600,0" yaku="1,1,7,1,8,1,52,1,53,0" doraHai="76" doraHaiUra="126" who="0" fromWho="2" sc="240,136,250,0,240,-116,250,0" /><INIT seed="0,1,0,2,4,17" ten="376,250,124,250" oya="0" hai0="8,63,12,71,70,72,19,0,65,82,25,133,34" hai1="78,129,20,76,96,39,55,57,33,128,54,90,123" hai2="99,66,37,47,134,22,52,29,126,117,86,104,81" hai3="124,98,56,23,114,88,112,24,92,125,26,120,64"/><T27/><D34/><U31/><E33/><V80/><F66/><W119/><G26/><T91/><D0/><U69/><E39/><V85/><F37/><W15/><G15/><T36/><D36/><U59/><E69/><V121/><F121/><W51/><G119/><T95/><D71/><U7/><E7/><V42/><F42/><W94/><G94/><T53/><D133/><U58/><E123/><V132/><F126/><N who="3" m="48747" /><G120/><T67/><D67/><U83/><E128/><V60/><F117/><W105/><G105/><T14/><D53/><N who="1" m="19979" /><E129/><V9/><F9/><W1/><G1/><T100/><D100/><U84/><E96/><V130/><F130/><W127/><N who="3" m="48755" /><W97/><DORA hai="87" /><G97/><T131/><D131/><U79/><E31/><V122/><F122/><W11/><G11/><T46/><D46/><U6/><E6/><V62/><F104/><W40/><G51/><T110/><D110/><U3/><E3/><V73/><F99/><W118/><G118/><T49/><D49/><U68/><E68/><V4/><F4/><W43/><G43/><T109/><D109/><U5/><E5/><V16/><F29/><N who="3" m="17567" /><G40/><T18/><D14/><U75/><E75/><V2/><F73/><W113/><G113/><T74/><D95/><U21/><AGARI ba="1,0" hai="20,21,57,58,59,76,78,79,83,84,90" m="19979" machi="21" ten="40,8000,1" yaku="8,1,52,3" doraHai="17,87" who="1" fromWho="1" sc="376,-41,250,83,124,-21,250,-21" /><INIT seed="1,0,0,3,4,89" ten="335,333,103,229" oya="1" hai0="62,58,40,70,135,115,83,2,36,18,49,113,57" hai1="102,118,129,59,82,6,120,42,26,39,31,75,72" hai2="50,77,94,11,12,109,127,4,111,108,52,64,133" hai3="61,9,80,63,81,67,46,32,10,107,128,74,100"/><U106/><E120/><V110/><N who="2" m="28160" /><DORA hai="96" /><V134/><F127/><W73/><G46/><N who="0" m="23815" /><D83/><N who="3" m="31817" /><G67/><N who="0" m="41335" /><D18/><U121/><E121/><V79/><F64/><W116/><G107/><T16/><D16/><U119/><E129/><V25/><F25/><W19/><G19/><T125/><D2/><U54/><E6/><V76/><REACH who="2" step="1"/><F94/><REACH who="2" ten="335,333,93,229" step="2"/><W85/><G128/><T35/><D125/><U71/><E26/><V56/><AGARI ba="0,1" hai="4,11,12,50,52,56,76,77,79,133,134" m="28160" machi="56" ten="60,8000,1" yaku="1,1,2,1,0,1,14,1,54,1,53,0" doraHai="89,96" doraHaiUra="60,124" who="2" fromWho="2" sc="335,-20,333,-40,93,90,229,-20" /><INIT seed="2,0,0,3,4,91" ten="315,293,183,209" oya="2" hai0="72,24,125,115,6,9,112,100,105,88,41,16,11" hai1="45,129,86,40,13,56,107,17,101,133,34,1,110" hai2="127,89,19,20,18,99,106,26,22,51,46,83,0" hai3="81,73,119,74,55,29,80,130,134,117,10,21,97"/><V124/><F0/><W94/><G55/><T95/><D100/><U79/><E34/><V50/><F106/><W36/><G21/><T31/><D105/><U47/><E1/><V69/><F69/><W12/><G12/><T135/><D72/><N who="3" m="27753" /><G10/><T37/><D135/><U39/><E133/><V43/><F51/><W23/><G23/><T8/><D125/><N who="2" m="48202" /><F83/><N who="3" m="31819" /><G29/><T123/><D41/><U57/><E101/><V114/><F114/><W68/><G68/><T4/><D37/><U87/><E107/><V5/><F5/><W53/><G53/><T102/><D115/><U60/><E60/><V70/><F70/><W59/><G59/><T42/><D102/><U54/><E54/><V84/><F99/><W122/><G36/><T121/><D112/><U28/><E40/><V116/><F116/><N who="3" m="44619" /><G122/><T75/><D42/><U104/><E39/><V65/><F65/><W76/><G134/><T64/><D75/><U15/><E28/><N who="2" m="17479" /><F22/><W58/><G58/><T33/><D64/><U131/><E56/><V90/><F84/><W66/><G66/><T67/><D67/><U109/><E57/><V111/><F111/><W63/><G63/><T98/><REACH who="0" step="1"/><D16/><AGARI ba="0,0" hai="16,18,19,43,46,50,89,90" m="17479,48202" machi="16" ten="30,2900,0" yaku="18,1,54,1" doraHai="91" who="2" fromWho="0" sc="315,-29,293,0,183,29,209,0" /><INIT seed="2,1,0,2,4,48" ten="286,293,212,209" oya="2" hai0="116,52,5,102,35,36,57,54,49,119,29,87,101" hai1="82,27,67,24,113,114,16,120,66,11,84,15,45" hai2="90,130,109,135,62,106,60,69,59,123,19,34,4" hai3="40,74,103,14,21,10,95,25,8,2,37,51,23"/><V129/><F123/><W83/><G95/><T93/><D36/><U88/><E120/><V44/><F34/><W77/><G103/><T122/><D122/><U38/><E67/><N who="2" m="41191" /><F106/><W91/><G91/><N who="0" m="53503" /><D5/><U72/><E72/><V85/><F4/><N who="3" m="1047" /><G25/><N who="0" m="18863" /><D54/><U131/><E131/><N who="2" m="50187" /><F44/><N who="3" m="23567" /><G83/><T20/><D20/><U65/><E65/><N who="2" m="39135" /><F19/><W18/><G51/><T53/><D53/><U47/><E66/><V58/><F58/><W86/><G86/><T31/><D31/><U46/><REACH who="1" step="1"/><E38/><REACH who="1" ten="286,283,212,209" step="2"/><V124/><F124/><W55/><G74/><T132/><D132/><U26/><AGARI ba="1,1" hai="11,15,16,24,26,27,45,46,47,82,84,88,113,114" machi="26" ten="30,8000,1" yaku="1,1,2,1,0,1,54,2,53,0" doraHai="48" doraHaiUra="126" who="1" fromWho="1" sc="286,-21,283,93,212,-41,209,-21" /><INIT seed="3,0,0,5,1,129" ten="265,376,171,188" oya="3" hai0="92,78,54,12,98,21,64,132,100,24,40,16,29" hai1="22,96,134,65,1,81,52,85,17,5,75,113,95" hai2="77,97,90,70,130,48,117,51,109,50,131,7,30" hai3="116,46,43,58,86,68,74,39,55,88,106,104,112"/><W91/><G74/><T83/><D64/><U23/><E75/><V47/><F117/><W56/><G116/><T8/><D40/><U57/><E65/><V93/><F70/><W6/><G112/><T59/><D78/><U66/><E66/><V38/><F109/><W103/><G68/><T42/><D83/><U45/><E45/><V33/><F77/><W14/><G103/><T126/><D42/><U87/><E113/><V0/><F38/><W102/><G102/><T124/><REACH who="0" step="1"/><D132/><REACH who="0" ten="255,376,171,188" step="2"/><U27/><E134/><V125/><F125/><W72/><G72/><T18/><D18/><U35/><E81/><V15/><F0/><W13/><G43/><T49/><AGARI ba="0,1" hai="8,12,16,21,24,29,49,54,59,92,98,100,124,126" machi="49" ten="30,4000,0" yaku="1,1,0,1,54,1,53,0" doraHai="129" doraHaiUra="122" who="0" fromWho="0" sc="255,50,376,-10,171,-10,188,-20" owari="305,11.0,366,46.0,161,-34.0,168,-23.0" /></mjloggm>