<mjloggm ver="2.3"><GO type="97" lobby="0"/><UN n0="%E7%99%BE%E7%9B%AE" n1="%E3%82%A6%E3%83%AB%E3%83%88%E3%83%A9%E7%AB%8B%E7%9B%B4" n2="%E3%82%B9%E3%83%9E%E3%82%AE%E3%83%A3%E3%83%B3" n3="%E3%81%B5%E3%82%8C%E3%81%82%E3%82%93" dan="14,15,14,15" rate="1953.75,2009.20,1910.24,2035.88" sx="M,M,M,M"/><TAIKYOKU oya="0"/><INIT seed="0,0,0,2,1,69" ten="250,250,250,250" oya="0" hai0="15,5,125,96,78,85,28,121,42,53,27,93,128" hai1="30,57,16,98,117,83,126,18,77,49,60,17,50" hai2="86,47,55,63,62,9,123,25,134,104,131,108,109" hai3="58,112,114,106,51,12,113,23,129,116,81,34,115"/><T29/><D121/><U68/><E117/><V26/><F123/><W37/><G106/><T111/><D128/><U120/><E68/><V54/><F131/><W46/><G34/><T75/><D75/><U1/><E1/><V22/><F104/><W72/><N who="3" m="29184" /><DORA hai="2" /><W65/><G23/><T40/><D125/><U95/><E30/><V132/><F86/><W3/><G3/><T89/><D111/><N who="2" m="42570" /><F9/><W7/><G7/><T6/><D53/><N who="2" m="19978" /><F47/><W43/><G12/><T101/><D15/><U70/><E70/><V33/><F33/><W67/><G129/><T38/><D78/><U90/><E126/><V91/><F91/><W87/><G72/><T64/><D64/><U100/><E90/><V74/><F74/><W99/><G116/><T56/><D56/><U130/><E130/><V119/><F119/><W0/><G0/><T76/><D76/><U135/><E120/><V4/><F4/><N who="0" m="1642" /><D38/><U102/><E57/><V52/><N who="2" m="19986" /><V45/><DORA hai="19" /><F45/><W48/><G46/><T41/><D27/><N who="2" m="10250" /><F22/><W39/><G37/><T92/><AGARI ba="0,0" hai="28,29,40,41,42,85,89,92,93,96,101" m="1642" machi="92" ten="30,11700,0" yaku="8,1,52,3" doraHai="69,2,19" who="0" fromWho="0" sc="250,117,250,-39,250,-39,250,-39" /><INIT seed="0,1,0,3,0,49" ten="367,211,211,211" oya="0" hai0="44,30,59,121,66,42,16,5,71,96,74,4,12" hai1="63,58,99,70,79,36,62,116,10,73,72,15,132" hai2="82,51,130,47,24,97,65,61,133,90,46,20,60" hai3="41,129,80,6,106,9,17,91,55,113,29,92,75"/><T3/><D74/><U53/><E36/><V87/><F133/><W19/><G106/><T39/><D121/><U31/><E116/><V84/><F130/><W126/><G113/><T131/><D131/><U115/><E115/><V125/><F125/><W8/><G126/><T57/><D30/><U122/><E122/><V64/><F97/><W83/><G29/><T109/><D109/><U85/><E132/><V88/><F51/><W0/><G129/><T108/><D108/><U50/><E31/><V26/><F20/><W56/><G41/><T21/><D71/><U124/><E124/><V48/><F48/><W23/><G8/><T27/><D3/><U102/><E73/><V35/><F35/><W95/><G95/><T128/><D128/><U94/><E72/><V110/><F110/><W107/><G107/><T77/><D77/><U118/><E70/><V120/><F120/><W69/><G69/><T134/><D134/><U112/><E112/><V28/><F28/><W78/><G80/><AGARI ba="1,0" hai="24,26,46,47,60,61,64,65,80,82,84,87,88,90" machi="80" ten="25,6400,0" yaku="22,2,8,1,54,1" doraHai="49" who="2" fromWho="3" sc="367,0,211,0,211,67,211,-67" /><INIT seed="1,0,0,4,4,13" ten="367,211,278,144" oya="1" hai0="114,15,91,64,14,71,11,59,113,106,92,77,79" hai1="55,31,47,134,109,63,82,21,133,127,57,99,50" hai2="100,115,52,27,65,26,38,46,132,3,33,10,98" hai3="89,42,16,23,48,28,83,25,8,131,118,44,129"/><U117/><E117/><V51/><F132/><N who="1" m="50793" /><E127/><V103/><F115/><W126/><G118/><T116/><D71/><U81/><E109/><V34/><F65/><W62/><G126/><T24/><D106/><U7/><E7/><V121/><F121/><W130/><G62/><T122/><D116/><U17/><E99/><V105/><F103/><W2/><G2/><T101/><D122/><U72/><E31/><V53/><F38/><W19/><G8/><T49/><D101/><U108/><E72/><V29/><F53/><W0/><G0/><T119/><D119/><U9/><E9/><V124/><F124/><W96/><G96/><T18/><D114/><U35/><E35/><V30/><F10/><W70/><G70/><T20/><D15/><N who="1" m="9407" /><E108/><V32/><REACH who="2" step="1"/><F3/><REACH who="2" ten="367,211,268,144" step="2"/><W94/><REACH who="3" step="1"/><G94/><REACH who="3" ten="367,211,268,134" step="2"/><T67/><D113/><U12/><E82/><V88/><F88/><W69/><G69/><T40/><D79/><U107/><E81/><V123/><F123/><W56/><G56/><T58/><D77/><U1/><E1/><V73/><F73/><W75/><G75/><T36/><D59/><U128/><E107/><V125/><F125/><W54/><G54/><T37/><D40/><U41/><E128/><V135/><F135/><W93/><G93/><T60/><D67/><U45/><E45/><V6/><F6/><W104/><G104/><T61/><D64/><U5/><E5/><V87/><F87/><AGARI ba="0,2" hai="16,19,23,25,28,42,44,48,83,87,89,129,130,131" machi="87" ten="40,8000,1" yaku="1,1,19,1,52,2,54,1,53,0" doraHai="13" doraHaiUra="111" who="3" fromWho="2" sc="367,0,211,0,268,-80,134,100" /><INIT seed="2,0,0,2,3,33" ten="367,211,188,234" oya="2" hai0="32,67,21,62,28,71,44,76,26,133,34,109,111" hai1="45,99,15,40,60,42,105,129,11,79,17,100,112" hai2="61,3,74,93,1,102,98,35,116,127,120,25,107" hai3="9,122,50,63,101,78,72,0,20,48,43,10,27"/><V92/><F120/><W4/><G122/><T103/><D133/><U52/><E112/><V47/><F116/><W97/><G9/><T65/><D65/><U58/><E129/><V57/><F74/><W49/><G78/><T51/><D76/><U104/><E79/><V87/><F127/><W31/><G72/><T46/><D103/><U41/><REACH who="1" step="1"/><E105/><REACH who="1" ten="367,201,188,234" step="2"/><V54/><F47/><AGARI ba="0,1" hai="11,15,17,40,41,42,45,47,52,58,60,99,100,104" machi="47" ten="40,5200,0" yaku="1,1,2,1,54,1,53,0" doraHai="33" doraHaiUra="77" who="1" fromWho="2" sc="367,0,201,62,188,-52,234,0" /><INIT seed="3,0,0,5,1,76" ten="367,263,136,234" oya="3" hai0="105,111,96,71,39,102,34,54,70,53,65,78,72" hai1="17,73,47,122,93,82,2,5,69,23,14,125,118" hai2="20,131,110,45,1,94,112,66,132,38,97,31,28" hai3="58,40,42,128,99,88,119,12,3,51,8,79,107"/><W92/><G119/><T109/><D39/><U100/><E69/><V32/><F112/><W113/><G128/><T10/><D34/><U13/><E122/><V98/><F1/><W106/><G3/><T104/><D104/><U4/><E118/><V61/><F132/><W24/><G113/><T0/><D78/><U127/><E47/><V56/><F131/><W117/><G117/><T120/><D72/><U9/><E93/><V134/><F134/><W46/><G24/><T129/><D129/><U126/><E100/><V87/><F110/><N who="0" m="41994" /><D120/><U103/><E103/><V74/><F74/><W26/><G26/><T114/><D114/><U37/><E37/><V86/><F32/><W22/><G22/><T90/><D90/><U29/><E73/><V89/><F87/><W81/><G58/><T52/><D65/><U15/><E82/><V95/><F98/><W133/><G42/><T41/><D41/><U62/><E62/><V68/><F68/><W77/><G133/><T130/><D130/><U84/><E84/><V16/><F45/><W63/><G63/><T44/><D44/><U108/><E108/><V19/><F38/><W80/><G106/><T6/><AGARI ba="0,0" hai="0,6,10,52,53,54,70,71,96,102,105" m="41994" machi="6" ten="40,2700,0" yaku="14,1,54,1" doraHai="76" who="0" fromWho="0" sc="367,27,263,-7,136,-7,234,-13" owari="394,49.0,256,6.0,129,-37.0,221,-18.0" /></mjloggm>