<mjloggm ver="2.3"><GO type="41" lobby="0"/><UN n0="%4E%6F%64%61%74%61" n1="%E3%82%AF%E3%83%83%E3%83%91%E8%A3%8F" n2="%E3%82%A6%E3%83%AB%E3%83%88%E3%83%A9%E7%AB%8B%E7%9B%B4" n3="%E3%81%82%E3%81%96%E3%81%A8%E3%81%99" dan="15,15,16,13" rate="2030.51,1984.96,2028.37,1894.76" sx="M,F,M,F"/><TAIKYOKU oya="0"/><INIT seed="0,0,0,4,3,94" ten="250,250,250,250" oya="0" hai0="58,127,79,60,87,24,123,111,47,38,51,5,121" hai1="117,96,12,44,104,31,101,102,131,107,36,91,106" hai2="108,2,30,43,39,74,15,84,73,22,7,130,25" hai3="26,92,133,53,63,62,95,34,55,0,100,37,132"/><T124/><D5/><U65/><E117/><V109/><F74/><W57/><G0/><T114/><D24/><U120/><E120/><N who="0" m="46153" /><D38/><U23/><E131/><V49/><F73/><W128/><G37/><T64/><D79/><U116/><E116/><V16/><F39/><W129/><G26/><T103/><D103/><U70/><E70/><V32/><F84/><W10/><G10/><T98/><D87/><U113/><E113/><V56/><F130/><N who="3" m="50283" /><G34/><T134/><D114/><U46/><E65/><V54/><F43/><W115/><G115/><T11/><D11/><AGARI ba="0,0" hai="2,7,11,15,16,22,25,30,32,49,54,56,108,109" machi="11" ten="40,5200,0" yaku="24,2,54,1" doraHai="94" who="2" fromWho="0" sc="250,-52,250,0,250,52,250,0" /><INIT seed="1,0,0,0,5,131" ten="198,250,302,250" oya="1" hai0="90,52,31,108,92,25,120,22,13,69,113,45,133" hai1="115,2,5,85,35,70,46,50,100,89,8,76,99" hai2="105,124,77,3,109,33,66,73,60,40,68,82,9" hai3="74,54,18,84,75,59,129,56,14,44,27,48,95"/><U19/><E70/><V21/><F21/><W79/><G129/><T83/><D69/><U1/><E115/><V78/><F78/><W23/><G75/><T57/><D113/><U91/><E35/><V34/><F124/><W39/><G39/><T112/><D112/><U47/><E47/><V102/><F40/><W55/><G74/><T30/><D120/><U51/><E51/><V127/><F127/><W106/><G106/><T42/><D108/><U132/><E132/><V71/><F71/><W104/><G104/><T4/><D133/><U93/><E1/><V94/><F94/><W86/><G44/><T20/><D83/><U117/><E117/><V125/><F125/><W6/><G79/><T97/><D45/><U26/><E26/><V11/><F11/><W15/><G14/><T135/><D135/><U32/><E32/><V67/><F67/><W61/><G95/><T41/><D4/><U28/><E28/><V12/><F12/><W65/><G65/><T121/><D121/><U114/><E19/><V107/><F107/><W96/><G96/><T63/><D13/><N who="1" m="5263" /><E114/><V17/><F17/><W88/><G88/><N who="1" m="33866" /><E2/><V98/><F109/><W81/><G81/><T111/><D111/><U119/><E119/><V87/><F87/><W118/><G118/><T134/><D134/><U130/><E130/><V80/><F80/><W128/><G128/><T43/><D22/><U53/><E76/><V122/><F122/><W29/><G6/><AGARI ba="0,0" hai="3,6,9,33,34,60,66,68,73,77,82,98,102,105" machi="6" ten="40,5200,0" yaku="33,3" doraHai="131" who="2" fromWho="3" sc="198,0,250,0,302,52,250,-52" /><INIT seed="2,0,0,4,3,135" ten="198,250,354,198" oya="2" hai0="69,45,38,28,41,68,98,76,34,75,88,9,51" hai1="93,1,71,124,112,126,82,101,83,92,131,130,56" hai2="10,70,134,109,81,67,60,43,18,59,90,3,62" hai3="65,4,63,12,13,19,129,97,78,31,33,66,7"/><V25/><F134/><W53/><G129/><N who="1" m="49162" /><E71/><V36/><F109/><W26/><G78/><T125/><D76/><U52/><E1/><V91/><F91/><W120/><G120/><T29/><D75/><U0/><E0/><V100/><F100/><W16/><G53/><T94/><D9/><U5/><E5/><V32/><F43/><W24/><G24/><T11/><D11/><U119/><E119/><V95/><F36/><W39/><G39/><T84/><D34/><U20/><E20/><V74/><F81/><N who="1" m="30729" /><E112/><V15/><F74/><W121/><G121/><T127/><D84/><U113/><E113/><V55/><F3/><W104/><G66/><T128/><D38/><U57/><E57/><V58/><F70/><N who="0" m="27242" /><D128/><U108/><E108/><V115/><F115/><W37/><G37/><T80/><D80/><U50/><E93/><V49/><F32/><W122/><G122/><T87/><D87/><U132/><E132/><V72/><F72/><W17/><G97/><AGARI ba="0,0" hai="50,52,56,92,97,101,124,126" m="30729,49162" machi="97" ten="30,7700,0" yaku="19,1,52,2,54,1" doraHai="135" who="1" fromWho="3" sc="198,0,250,77,354,0,198,-77" /><INIT seed="3,0,0,3,0,67" ten="198,327,354,121" oya="3" hai0="51,86,82,96,91,49,23,102,134,10,41,84,56" hai1="13,126,22,8,60,88,12,73,9,90,87,39,24" hai2="113,48,125,58,63,132,6,47,76,18,4,17,25" hai3="123,30,2,71,55,1,74,33,46,114,133,75,99"/><W107/><G123/><T92/><D134/><U52/><E39/><V43/><F113/><W80/><G114/><T98/><D10/><N who="1" m="4203" /><E73/><V101/><F132/><W89/><G133/><T54/><D41/><U16/><E126/><V72/><F125/><W93/><G107/><T109/><D109/><U103/><E103/><V45/><F101/><W79/><G75/><T20/><D49/><U128/><E128/><V37/><F76/><W120/><G120/><T65/><D65/><U124/><E124/><V119/><F72/><W135/><G135/><T108/><D108/><U127/><E127/><V0/><F0/><W19/><G19/><T115/><D115/><U95/><E90/><V34/><F119/><W85/><G74/><T110/><D110/><U122/><E122/><V15/><F45/><W69/><G30/><T70/><D70/><U131/><E131/><V117/><F117/><W100/><G33/><T11/><D11/><U26/><E26/><V14/><F25/><W36/><G79/><T83/><REACH who="0" step="1"/><D98/><REACH who="0" ten="188,327,354,121" step="2"/><U35/><E35/><V42/><F34/><W27/><G27/><T111/><D111/><U59/><AGARI ba="0,1" hai="12,13,16,22,24,52,59,60,87,88,95" m="4203" machi="59" ten="30,7900,0" yaku="8,1,54,3" doraHai="67" who="1" fromWho="1" sc="188,-20,327,89,354,-20,121,-39" /><INIT seed="4,0,0,3,0,124" ten="168,416,334,82" oya="0" hai0="91,133,60,129,53,16,88,118,42,19,115,94,75" hai1="48,28,81,33,131,59,101,82,99,32,71,54,40" hai2="70,15,112,47,125,122,103,56,113,135,6,107,27" hai3="44,96,57,10,80,41,134,77,20,2,104,63,64"/><T109/><D75/><U55/><E71/><V102/><F70/><W21/><G134/><T120/><D118/><U37/><E37/><V51/><F135/><W83/><G83/><T22/><D133/><U7/><E7/><V123/><F27/><W68/><G96/><N who="0" m="57415" /><D120/><U89/><E40/><V36/><F103/><W100/><G100/><T105/><D105/><U87/><E82/><V25/><F25/><W11/><G11/><T93/><D42/><U45/><E28/><V121/><F102/><W13/><G68/><T110/><D115/><U97/><E97/><V72/><F72/><W49/><G2/><T92/><D92/><U0/><E0/><V73/><F73/><W1/><G1/><T128/><D53/><U67/><E67/><V86/><F86/><W132/><G132/><T117/><D60/><U65/><E65/><V34/><F107/><W23/><G104/><T14/><D19/><U108/><E108/><N who="0" m="41577" /><D117/><U5/><E54/><V9/><F113/><W114/><G23/><T98/><AGARI ba="0,0" hai="14,16,22,91,93,98,128,129" m="41577,57415" machi="98" ten="30,12000,1" yaku="10,1,52,2,54,2" doraHai="124" who="0" fromWho="0" sc="168,120,416,-40,334,-40,82,-40" /><INIT seed="4,1,0,3,0,66" ten="288,376,294,42" oya="0" hai0="24,33,116,30,41,13,4,8,94,92,25,69,82" hai1="113,27,48,5,96,129,45,101,63,126,98,60,59" hai2="85,84,38,88,34,57,100,121,118,68,112,37,52" hai3="40,54,62,77,6,81,106,83,134,65,51,103,35"/><T104/><D104/><U122/><E122/><V26/><F121/><W22/><G35/><T130/><D116/><U36/><E36/><V61/><F118/><W12/><G134/><T95/><D130/><U9/><E129/><V28/><F112/><W90/><G106/><T105/><D105/><U135/><E135/><V53/><F100/><W18/><G103/><T99/><D41/><U124/><E113/><V10/><F85/><W93/><G6/><T108/><D108/><U50/><E27/><V44/><F68/><W47/><G77/><T73/><D69/><U75/><E75/><V128/><F128/><W102/><G102/><T127/><D127/><N who="1" m="48683" /><E50/><V49/><REACH who="2" step="1"/><F10/><REACH who="2" ten="288,376,284,42" step="2"/><W125/><G125/><T17/><D99/><U20/><E101/><V19/><F19/><W132/><G132/><T72/><D24/><U21/><E98/><V117/><F117/><W115/><G115/><T56/><D56/><U71/><E96/><V107/><F107/><W32/><G32/><T15/><REACH who="0" step="1"/><D82/><AGARI ba="1,1" hai="26,28,34,37,38,44,49,52,53,57,61,82,84,88" machi="82" ten="30,7700,0" yaku="1,1,7,1,54,2,53,0" doraHai="66" doraHaiUra="109" who="2" fromWho="0" sc="288,-80,376,0,284,90,42,0" /><INIT seed="5,0,0,3,3,14" ten="208,376,374,42" oya="1" hai0="39,7,48,15,65,113,21,80,62,102,51,105,83" hai1="92,22,71,94,46,42,34,31,45,9,19,30,12" hai2="120,13,78,37,18,82,26,36,89,1,6,24,114" hai3="103,110,53,29,52,41,20,70,64,23,40,50,16"/><U100/><E71/><V91/><F120/><W4/><G110/><T99/><D39/><U0/><E100/><V117/><F117/><W5/><G29/><N who="1" m="10762" /><E0/><V93/><F37/><W79/><G64/><T25/><D113/><U68/><E68/><V72/><F36/><W121/><G70/><T76/><D65/><U95/><E34/><V98/><F114/><W88/><G121/><T61/><D61/><U112/><E112/><V69/><F69/><W123/><G123/><T108/><D62/><U130/><E130/><V10/><REACH who="2" step="1"/><F91/><REACH who="2" ten="208,376,364,42" step="2"/><W132/><G132/><T90/><D108/><U87/><E87/><V109/><F109/><W96/><G79/><T43/><D90/><U58/><E58/><V32/><F32/><W115/><G115/><T129/><D129/><U127/><E127/><V135/><F135/><W128/><G128/><T67/><D76/><U111/><E111/><V17/><F17/><W11/><G103/><T126/><D126/><U106/><E106/><V81/><F81/><W133/><G133/><T47/><D67/><U116/><E116/><V77/><F77/><W55/><G11/><AGARI ba="0,1" hai="1,6,10,11,13,18,24,26,72,78,82,89,93,98" machi="11" ten="30,7700,0" yaku="1,1,7,1,52,1,53,1" doraHai="14" doraHaiUra="86" who="2" fromWho="3" sc="208,0,376,0,364,87,42,-77" owari="208,-19.0,376,18.0,451,55.0,-35,-54.0" /></mjloggm>