<mjloggm ver="2.3"><GO type="169" lobby="0"/><UN n0="%EF%BC%88%E2%89%A7%E2%96%BD%E2%89%A6%EF%BC%89" n1="%E3%81%8D%E3%81%BE%E3%81%99" n2="%E3%81%8A%E3%81%BE%E3%81%A4%E3%82%8A" n3="%73%65%6E%75%72%6C" dan="19,16,16,16" rate="2266.96,2075.71,2048.57,2061.05" sx="M,M,M,F"/><TAIKYOKU oya="0"/><INIT seed="0,0,0,0,1,83" ten="250,250,250,250" oya="0" hai0="44,7,121,52,40,59,28,10,65,124,116,80,120" hai1="92,35,134,38,98,64,1,6,110,0,36,82,50" hai2="23,119,81,46,114,54,131,78,27,19,34,25,53" hai3="106,132,43,135,90,107,32,133,71,22,118,79,95"/><T99/><D116/><U115/><E110/><V88/><F119/><W41/><G32/><T33/><D124/><U122/><E115/><V125/><F114/><W75/><G71/><T8/><D65/><U63/><E122/><V91/><F125/><W94/><G118/><T29/><D99/><U20/><E134/><V74/><F131/><W21/><G79/><T17/><D17/><U9/><E35/><V77/><F77/><W97/><G75/><T61/><D80/><U56/><E0/><V3/><F3/><W126/><G126/><T109/><D109/><U57/><E82/><V123/><F123/><W108/><G108/><T84/><D84/><U127/><E20/><N who="3" m="7786" /><G95/><T12/><D10/><U24/><E24/><V101/><F101/><W103/><G107/><T70/><D70/><U68/><E68/><V66/><F66/><W47/><G47/><T16/><D7/><U128/><E128/><V31/><F46/><W60/><G60/><T113/><D113/><U73/><E73/><V55/><AGARI ba="0,0" hai="19,23,25,27,31,34,53,54,55,74,78,81,88,91" machi="55" ten="30,2000,0" yaku="0,1,54,1" doraHai="83" who="2" fromWho="2" sc="250,-10,250,-5,250,20,250,-5" /><INIT seed="1,0,0,2,1,3" ten="240,245,270,245" oya="1" hai0="91,45,72,112,84,23,48,29,1,61,128,11,65" hai1="41,111,26,9,39,13,69,96,83,56,90,109,43" hai2="35,34,60,7,36,129,85,4,40,130,110,92,103" hai3="88,44,53,100,105,50,123,118,57,97,47,62,104"/><U116/><E116/><V126/><F60/><W42/><G123/><T71/><D112/><U55/><E69/><V51/><F36/><W115/><G115/><T108/><D72/><U28/><E39/><V70/><F70/><W119/><G105/><T8/><D128/><N who="2" m="49258" /><F110/><N who="1" m="41993" /><E96/><N who="2" m="59783" /><F85/><W19/><G19/><T52/><D108/><U76/><E90/><V102/><F102/><W14/><G14/><T37/><D37/><U81/><E81/><V107/><F107/><W38/><REACH who="3" step="1"/><G88/><REACH who="3" ten="240,245,270,235" step="2"/><T66/><D1/><U117/><E117/><V133/><F126/><W106/><G106/><T21/><D91/><U30/><E30/><V64/><F133/><W15/><G15/><T95/><D29/><U93/><E76/><V79/><F79/><W16/><G16/><T120/><D120/><U101/><E101/><V82/><F82/><W89/><G89/><T127/><D95/><U54/><E83/><V124/><F124/><W99/><G99/><T12/><D12/><U74/><E93/><V114/><F114/><W18/><G18/><T125/><D125/><U121/><E13/><V59/><F35/><W17/><G17/><T73/><D127/><U135/><E121/><V78/><F34/><W10/><G10/><T25/><D11/><U5/><E9/><V32/><F32/><W27/><G27/><T33/><D8/><U132/><E26/><V75/><F78/><W80/><G80/><T68/><D33/><U122/><E132/><V20/><F20/><W49/><G49/><T86/><D23/><U63/><E135/><V22/><F22/><W31/><G31/><N who="0" m="17839" /><D73/><U134/><E28/><RYUUKYOKU ba="0,1" sc="240,15,245,-15,270,-15,235,15" hai0="45,48,52,61,65,66,68,71,84,86" hai3="38,42,44,47,50,53,57,62,97,100,104,118,119" /><INIT seed="2,1,1,4,2,37" ten="255,230,255,250" oya="2" hai0="128,95,88,107,94,22,126,114,5,119,81,11,6" hai1="29,110,30,83,44,84,34,104,49,120,90,67,16" hai2="78,35,125,69,53,24,116,57,134,18,93,58,132" hai3="41,59,87,10,92,82,85,15,13,98,31,133,28"/><V106/><F106/><W96/><G133/><N who="2" m="51305" /><F69/><W38/><G59/><N who="2" m="22537" /><F116/><W14/><G10/><T111/><D107/><U102/><E110/><V17/><F78/><W115/><G115/><T129/><D111/><U42/><E67/><V70/><F70/><W45/><G87/><N who="0" m="50287" /><D114/><U89/><E34/><V105/><F105/><W3/><G3/><T8/><D119/><U0/><E0/><V91/><F53/><W73/><G73/><T12/><D22/><U124/><E102/><V27/><F125/><W52/><G52/><T101/><D101/><U51/><E124/><V61/><F61/><W113/><G113/><T60/><D60/><U4/><E104/><V23/><F35/><W109/><G109/><T7/><D126/><U103/><E103/><V32/><F32/><W135/><G135/><T127/><D127/><U56/><E120/><V76/><F76/><W86/><G86/><T66/><D66/><U40/><E56/><V55/><F55/><W97/><REACH who="3" step="1"/><G92/><REACH who="3" ten="255,230,255,240" step="2"/><T123/><D95/><U25/><E84/><N who="2" m="52455" /><F24/><W2/><G2/><T33/><D94/><U99/><E25/><V77/><F77/><AGARI ba="1,2" hai="13,14,15,28,31,38,41,45,77,82,85,96,97,98" machi="77" ten="40,2600,0" yaku="1,1,52,1,53,0" doraHai="37" doraHaiUra="54" who="3" fromWho="2" sc="255,0,230,0,255,-29,240,49" /><INIT seed="3,0,0,2,4,123" ten="255,230,226,289" oya="3" hai0="130,120,10,68,118,45,29,77,23,63,92,112,99" hai1="122,48,110,108,109,128,79,81,85,2,52,86,76" hai2="37,60,82,107,30,134,103,125,0,90,40,55,18" hai3="94,34,41,33,36,65,50,133,15,43,54,3,117"/><W1/><G117/><T31/><D120/><U71/><E122/><V5/><F134/><W59/><G133/><T39/><D118/><U95/><E128/><V113/><F113/><W84/><G36/><T115/><D130/><U56/><E2/><V127/><F30/><W28/><G65/><N who="0" m="41023" /><D77/><N who="1" m="46255" /><E71/><V75/><F18/><W129/><G129/><T51/><D23/><U8/><E8/><N who="2" m="2087" /><F55/><W42/><G15/><T98/><D98/><U24/><E24/><V62/><F90/><AGARI ba="0,0" hai="48,52,56,76,79,86,90,95,108,109,110" m="46255" machi="90" ten="30,8000,1" yaku="14,1,52,3,54,1" doraHai="123" who="1" fromWho="2" sc="255,0,230,80,226,-80,289,0" /><INIT seed="4,0,0,5,0,56" ten="255,310,146,289" oya="0" hai0="60,103,118,3,131,57,92,37,85,93,14,7,128" hai1="64,125,30,48,73,113,75,1,134,87,107,59,70" hai2="55,68,47,96,35,135,89,41,101,2,126,50,31" hai3="69,98,66,86,97,8,84,24,29,11,54,129,16"/><T76/><D37/><U121/><E107/><V32/><F2/><W123/><G129/><N who="0" m="49739" /><D118/><U133/><E121/><V124/><F135/><W34/><G123/><T106/><D3/><U27/><E1/><V63/><F31/><W104/><G98/><N who="0" m="61815" /><D76/><U40/><E70/><V21/><F89/><W91/><G54/><N who="0" m="33847" /><D85/><U88/><E125/><V82/><F82/><W120/><G86/><T26/><D26/><U9/><E113/><V43/><F126/><W130/><G130/><T94/><D94/><U78/><E78/><V109/><F124/><W90/><G90/><T95/><D95/><U72/><E88/><V4/><F109/><W12/><G120/><T100/><D100/><U67/><E87/><V83/><F83/><W17/><G84/><T53/><D53/><U45/><E75/><V6/><F101/><N who="3" m="62511" /><G91/><T0/><D0/><U20/><E72/><V46/><F96/><W110/><G110/><T38/><D38/><U10/><E73/><V28/><F55/><W122/><G122/><T52/><D52/><U5/><E67/><V116/><F116/><W108/><G108/><T99/><D99/><U119/><E119/><V80/><F80/><W13/><G66/><T18/><D7/><U127/><E127/><V79/><F4/><W23/><G24/><T22/><AGARI ba="0,0" hai="14,18,22,92,93" m="33847,61815,49739" machi="22" ten="30,3000,0" yaku="19,1,52,1" doraHai="56" who="0" fromWho="0" sc="255,30,310,-10,146,-10,289,-10" /><INIT seed="4,1,0,4,4,98" ten="285,300,136,279" oya="0" hai0="66,79,101,49,70,113,117,92,0,54,8,87,107" hai1="110,77,50,89,6,36,124,115,129,132,93,7,2" hai2="111,80,48,20,29,112,102,133,59,22,51,123,104" hai3="108,118,119,28,74,114,127,44,85,1,12,121,46"/><T81/><D117/><U86/><E110/><V47/><F123/><W67/><G1/><T84/><D113/><U71/><E36/><V18/><F111/><W91/><G74/><T100/><D107/><U60/><E129/><V64/><F80/><W90/><G114/><T32/><D32/><U31/><E132/><V17/><F112/><W62/><G108/><T116/><D116/><U73/><E124/><V135/><F29/><W41/><G127/><T26/><D26/><U134/><E134/><V75/><F75/><W11/><G121/><T96/><D70/><U23/><E115/><V16/><F64/><W109/><G28/><T95/><D66/><U130/><E130/><V131/><F131/><W27/><G27/><T63/><D63/><U24/><E2/><V61/><F61/><W78/><G78/><T58/><D84/><U38/><E38/><V55/><F133/><W53/><G53/><T126/><D126/><U88/><E60/><V33/><F33/><W76/><G76/><T99/><D0/><U39/><E77/><V19/><N who="2" m="4096" /><DORA hai="10" /><V106/><F135/><W65/><G67/><T40/><D40/><U83/><E39/><V52/><REACH who="2" step="1"/><F106/><REACH who="2" ten="285,300,126,279" step="2"/><W120/><G65/><T69/><D8/><U3/><E73/><V97/><AGARI ba="1,1" hai="20,22,47,48,51,52,55,59,97,102,104" m="4096" machi="97" ten="40,12000,2" yaku="1,1,2,1,0,1,52,1,54,2,53,0" doraHai="98,10" doraHaiUra="56,34" who="2" fromWho="2" sc="285,-61,300,-31,126,133,279,-31" /><INIT seed="5,0,0,3,0,71" ten="224,269,259,248" oya="1" hai0="9,4,37,125,62,70,68,66,61,43,22,122,84" hai1="123,67,127,58,119,15,135,94,134,63,126,48,13" hai2="132,28,54,77,79,50,88,130,20,98,0,7,34" hai3="121,93,10,60,40,69,18,75,116,16,64,108,52"/><U104/><E104/><V83/><F34/><W47/><G108/><T118/><D118/><U109/><E119/><V73/><F79/><W87/><G116/><T107/><D107/><U97/><E109/><V114/><F114/><W100/><G75/><T39/><D122/><U19/><E123/><V95/><F130/><W6/><G121/><T110/><D110/><U76/><E48/><V30/><F132/><N who="1" m="50729" /><E76/><V74/><F74/><W80/><G100/><T5/><D125/><N who="1" m="47627" /><E19/><V51/><F50/><W81/><G93/><T42/><D22/><U91/><AGARI ba="0,0" hai="13,15,58,63,67,91,94,97" m="47627,50729" machi="91" ten="30,3000,0" yaku="20,1,18,1" doraHai="71" who="1" fromWho="1" sc="224,-10,269,30,259,-10,248,-10" /><INIT seed="5,1,0,3,2,67" ten="214,299,249,238" oya="1" hai0="48,42,98,122,73,103,75,120,37,112,133,34,32" hai1="76,95,26,4,78,92,87,44,30,102,74,94,100" hai2="61,130,28,105,40,45,85,11,71,16,107,18,59" hai3="119,9,79,7,91,2,97,65,101,125,93,13,39"/><U14/><E74/><N who="0" m="28169" /><D48/><U88/><E44/><V3/><F28/><W47/><G125/><T24/><D133/><U17/><E4/><V131/><F85/><W134/><G134/><T41/><D24/><U129/><E129/><N who="2" m="49163" /><F3/><W84/><G79/><N who="1" m="30250" /><E26/><V46/><F46/><W127/><G127/><T12/><D12/><U54/><E54/><N who="2" m="34039" /><F71/><W49/><G39/><T118/><D37/><U52/><E30/><V19/><F11/><W99/><G119/><T123/><D118/><U5/><E5/><V51/><AGARI ba="1,0" hai="16,18,19,40,45,51,105,107" m="34039,49163" machi="51" ten="30,2000,0" yaku="19,1,54,1" doraHai="67" who="2" fromWho="2" sc="214,-6,299,-11,249,23,238,-6" /><INIT seed="6,0,0,4,0,65" ten="208,288,272,232" oya="2" hai0="38,32,99,133,17,84,24,118,63,50,104,85,73" hai1="72,78,9,97,110,49,103,56,47,48,1,26,18" hai2="123,55,128,20,131,5,71,35,75,135,6,92,109" hai3="44,87,117,70,46,93,102,7,111,45,88,105,61"/><V95/><F75/><W101/><G111/><T43/><D73/><U81/><E110/><V114/><F109/><W14/><G117/><T107/><D118/><U116/><E116/><V2/><F35/><W39/><G39/><T121/><D121/><U54/><E26/><V53/><F123/><W127/><G105/><T74/><D74/><U4/><E18/><V98/><F98/><W42/><G42/><T16/><D38/><U29/><E29/><V76/><F76/><W122/><G122/><T34/><D133/><U23/><E23/><V31/><F31/><W3/><G3/><T125/><D63/><U68/><E68/><V129/><F20/><W10/><REACH who="3" step="1"/><G127/><REACH who="3" ten="208,288,272,222" step="2"/><T58/><D125/><U37/><E37/><V40/><F40/><W41/><G41/><T52/><D43/><U69/><E1/><V124/><F124/><W106/><G106/><T112/><D107/><U120/><E120/><V62/><F135/><W67/><AGARI ba="0,1" hai="7,10,14,44,45,46,61,67,70,87,88,93,101,102" machi="67" ten="30,7900,0" yaku="1,1,0,1,52,1,54,1,53,0" doraHai="65" doraHaiUra="132" who="3" fromWho="3" sc="208,-20,288,-20,272,-39,222,89" /><INIT seed="7,0,0,0,4,68" ten="188,268,233,311" oya="3" hai0="39,103,52,24,37,10,53,83,51,113,49,93,118" hai1="26,84,114,122,96,5,90,79,116,110,111,19,123" hai2="78,57,109,61,21,117,121,7,129,64,119,54,131" hai3="76,16,87,44,20,106,101,127,88,72,75,63,56"/><W89/><G106/><T8/><D118/><N who="2" m="45066" /><F7/><W28/><G75/><T112/><D83/><U126/><E5/><V135/><F21/><W133/><G72/><T55/><D24/><U36/><E36/><N who="0" m="13897" /><D93/><U65/><E126/><V35/><F35/><W34/><G101/><T105/><D103/><U22/><E114/><N who="0" m="44137" /><D105/><U60/><E116/><V43/><F78/><W97/><G34/><T98/><D98/><U17/><E79/><V132/><F109/><W25/><G127/><T82/><D82/><U42/><E96/><V71/><F43/><W95/><G76/><T130/><D130/><N who="2" m="49674" /><F121/><W86/><G28/><T27/><D27/><U41/><E42/><V32/><F32/><W1/><G1/><T0/><D0/><U134/><E41/><V13/><F13/><W59/><G97/><T107/><D107/><U77/><E26/><V3/><F3/><W48/><G25/><T125/><D125/><U23/><E77/><V31/><F31/><W38/><G89/><T46/><D55/><U85/><E90/><V74/><F74/><W128/><G88/><T100/><D100/><U66/><E110/><V94/><F94/><W80/><G95/><T9/><D9/><U81/><E111/><V18/><F18/><W104/><G16/><T50/><D50/><AGARI ba="0,0" hai="50,54,57,61,64,71,132,135" m="49674,45066" machi="50" ten="30,3900,0" yaku="19,1,34,2" doraHai="68" who="2" fromWho="0" sc="188,-39,268,0,233,39,311,0" owari="149,-35.0,268,-13.0,272,7.0,311,41.0" /></mjloggm>