<mjloggm ver="2.3"><GO type="97" lobby="0"/><UN n0="%E2%98%86%E2%98%86%E3%82%82%E3%82%8A%E3%81%8E%E2%98%86%E2%98%86%E2%98%85" n1="%68%6F%69%68%6F%69%31" n2="%E3%81%BE%E3%81%82%E3%81%BC%E3%81%86%E5%A4%A7%E4%BD%90" n3="%E3%82%A6%E3%83%AB%E3%83%88%E3%83%A9%E7%AB%8B%E7%9B%B4" dan="14,14,15,15" rate="1945.31,1953.03,1968.05,1982.03" sx="M,M,F,M"/><TAIKYOKU oya="0"/><INIT seed="0,0,0,3,5,70" ten="250,250,250,250" oya="0" hai0="10,62,24,130,52,36,74,4,40,75,15,72,26" hai1="34,27,45,1,46,92,129,48,64,50,108,116,90" hai2="135,91,59,79,119,53,67,63,127,69,11,37,68" hai3="38,80,97,89,61,65,96,16,30,49,23,29,106"/><T134/><D134/><U71/><E1/><V33/><F33/><W131/><G38/><T12/><D12/><U41/><E116/><V39/><F79/><W117/><G117/><T3/><D3/><U125/><E129/><V124/><F91/><W22/><G131/><T66/><D130/><U101/><E125/><N who="2" m="48203" /><F11/><W118/><G118/><T110/><D110/><U13/><E108/><V105/><F105/><W44/><G106/><T20/><D20/><U43/><E101/><V104/><F104/><W5/><G5/><T35/><D35/><U88/><E92/><V78/><F78/><W114/><G114/><T84/><D84/><U120/><E120/><V42/><F119/><W47/><G80/><T18/><D4/><U82/><E82/><V28/><F28/><W113/><G113/><T7/><D7/><U126/><E13/><V0/><F0/><W121/><G121/><T17/><D17/><U83/><E83/><V132/><F42/><W94/><G97/><T87/><D87/><U76/><E76/><V8/><F8/><W21/><G16/><T128/><D128/><U14/><E14/><V2/><F2/><W54/><REACH who="3" step="1"/><G47/><REACH who="3" ten="250,250,250,240" step="2"/><T102/><D102/><U99/><E126/><V95/><F95/><W57/><AGARI ba="0,1" hai="21,22,23,29,30,44,49,54,57,61,65,89,94,96" machi="57" ten="30,7900,0" yaku="1,1,2,1,0,1,8,1,53,0" doraHai="70" doraHaiUra="98" who="3" fromWho="3" sc="250,-39,250,-20,250,-20,240,89" /><INIT seed="1,0,0,2,4,135" ten="211,230,230,329" oya="1" hai0="43,39,129,101,105,68,60,24,80,49,109,59,52" hai1="81,125,13,12,37,23,74,87,44,62,102,111,20" hai2="99,73,89,82,66,41,115,84,57,106,21,108,56" hai3="83,120,79,65,85,8,75,130,126,131,0,86,94"/><U133/><E74/><V92/><F41/><W63/><G120/><T31/><D129/><N who="3" m="49161" /><G94/><T112/><D109/><U4/><E133/><V123/><F123/><W110/><G110/><T11/><D112/><U95/><E125/><V72/><F108/><W7/><G126/><T104/><D80/><U16/><E111/><V91/><F115/><W18/><G18/><T54/><D11/><U76/><E37/><V46/><F46/><W122/><G122/><T38/><D38/><U121/><E121/><V90/><F106/><W17/><G17/><T77/><D77/><U1/><E1/><V9/><F9/><W48/><G48/><T114/><D114/><U69/><E69/><AGARI ba="0,0" hai="0,7,8,63,65,69,75,79,83,85,86" m="49161" machi="69" ten="30,1000,0" yaku="19,1" doraHai="135" who="3" fromWho="1" sc="211,0,230,-10,230,0,329,10" /><INIT seed="2,0,0,2,1,129" ten="211,220,230,339" oya="2" hai0="1,55,58,28,43,3,66,123,70,108,54,126,73" hai1="82,72,133,26,6,29,16,67,80,134,68,124,8" hai2="5,9,74,10,0,116,94,27,71,11,35,103,31" hai3="104,101,86,62,13,90,122,36,120,111,34,57,98"/><V75/><F71/><W89/><G34/><T127/><D123/><U106/><E124/><V20/><F116/><W110/><G36/><T83/><D108/><N who="3" m="41513" /><G13/><T37/><D28/><U12/><E106/><V18/><F75/><W130/><G130/><T21/><D21/><N who="1" m="15567" /><E72/><V59/><F74/><W48/><G48/><T114/><D114/><U135/><E6/><V53/><F103/><W7/><G7/><T93/><D93/><U119/><E119/><V88/><F35/><W52/><G89/><T47/><D55/><U14/><E14/><V25/><F25/><W64/><G64/><T61/><D83/><AGARI ba="0,0" hai="52,57,62,83,86,90,98,101,104,120,122" m="41513" machi="83" ten="30,2000,0" yaku="14,1,54,1" doraHai="129" who="3" fromWho="0" sc="211,-20,220,0,230,0,339,20" /><INIT seed="3,0,0,3,5,50" ten="191,220,230,359" oya="3" hai0="4,23,131,135,53,62,87,133,79,14,110,134,88" hai1="93,27,58,86,115,124,99,49,77,90,129,76,41" hai2="108,29,31,112,19,11,84,82,56,117,78,120,122" hai3="20,38,45,60,57,106,40,69,123,24,89,85,35"/><W36/><G106/><T17/><D4/><U26/><E115/><V34/><F117/><W80/><G35/><T101/><D101/><N who="1" m="60655" /><E124/><V43/><F112/><W44/><G69/><T114/><D79/><N who="1" m="30283" /><E129/><V73/><F73/><W9/><G9/><T113/><D131/><U100/><E100/><V107/><F107/><W10/><G10/><T1/><D1/><U102/><E102/><V70/><F70/><W111/><G45/><T103/><D103/><U98/><E98/><V42/><F56/><W6/><G6/><T94/><D110/><U12/><E12/><N who="2" m="7583" /><F108/><W130/><G123/><N who="2" m="47145" /><F34/><W25/><G111/><T91/><D91/><U59/><E41/><AGARI ba="0,0" hai="29,31,41,42,43,78,82,84" m="47145,7583" machi="41" ten="30,1000,0" yaku="13,1" doraHai="50" who="2" fromWho="1" sc="191,0,220,-10,230,10,359,0" owari="191,-31.0,210,-19.0,240,4.0,359,46.0" /></mjloggm>