<mjloggm ver="2.3"><GO type="225" lobby="0"/><UN n0="%E3%82%A6%E3%83%AB%E3%83%88%E3%83%A9%E7%AB%8B%E7%9B%B4" n1="%6D%61%62%6F%6F%6F" n2="%E3%82%B7%E3%83%9F%E3%83%AA%E3%82%B9%EF%BC%94" n3="%E9%87%98%E5%AE%AE%E7%97%85%E6%82%A3%E8%80%85" dan="16,16,16,17" rate="2072.84,2100.23,2059.03,2145.78" sx="M,M,F,F"/><TAIKYOKU oya="0"/><INIT seed="0,0,0,0,0,52" ten="250,250,250,250" oya="0" hai0="129,112,88,80,124,75,46,91,48,126,78,97,117" hai1="99,86,47,96,127,103,114,93,53,108,33,27,100" hai2="45,19,71,69,39,113,76,23,12,55,25,122,133" hai3="2,42,7,101,3,38,28,40,77,4,102,92,8"/><T13/><D117/><U81/><E114/><V26/><F122/><W66/><G28/><T123/><D123/><U44/><E127/><N who="0" m="48681" /><D112/><U61/><E108/><V67/><F113/><W36/><G66/><T84/><D129/><U110/><E110/><V83/><F133/><W62/><G62/><T87/><D13/><U89/><E33/><V24/><F67/><W30/><G30/><T70/><D70/><U73/><E73/><V107/><F107/><W104/><G104/><T57/><D57/><N who="1" m="34991" /><E27/><V16/><F19/><W32/><G32/><T72/><D97/><N who="1" m="37451" /><E81/><V34/><F34/><W1/><G1/><T22/><D22/><U130/><E130/><V74/><REACH who="2" step="1"/><F55/><REACH who="2" ten="250,250,240,250" step="2"/><W17/><G17/><T60/><D75/><U95/><E95/><V56/><F56/><W35/><G92/><T11/><D72/><U79/><E79/><V82/><F82/><W58/><G77/><T135/><D78/><U118/><E118/><V14/><F14/><W10/><G35/><T18/><D135/><U106/><E106/><V21/><F21/><W51/><G58/><T94/><D18/><U85/><E85/><V68/><F68/><W54/><G54/><N who="0" m="29975" /><D11/><U41/><E41/><AGARI ba="0,1" hai="12,16,23,24,25,26,39,41,45,69,71,74,76,83" machi="41" ten="40,2600,0" yaku="1,1,54,1,53,0" doraHai="52" doraHaiUra="6" who="2" fromWho="1" sc="250,0,250,-26,240,36,250,0" /><INIT seed="1,0,0,5,2,98" ten="250,224,276,250" oya="1" hai0="24,116,41,6,68,26,55,46,123,42,14,40,72" hai1="21,29,112,0,129,12,13,31,78,113,106,47,133" hai2="1,92,57,99,86,27,100,85,118,52,127,16,101" hai3="94,11,124,18,64,81,90,9,89,128,115,61,35"/><U87/><E0/><V28/><F1/><W114/><G35/><T132/><D68/><U135/><E106/><V22/><F127/><W54/><G54/><T73/><D116/><U43/><E129/><V77/><F118/><W130/><G81/><T53/><D132/><N who="1" m="50763" /><E87/><N who="2" m="33291" /><F77/><W62/><G94/><T7/><D46/><U65/><E65/><V71/><F71/><W51/><G51/><T97/><D97/><U74/><E74/><V5/><F5/><W37/><G64/><T17/><D42/><U50/><E78/><V103/><F28/><N who="1" m="10825" /><E21/><V121/><F121/><W34/><G124/><T91/><D123/><U33/><E33/><V25/><F25/><W120/><G120/><T70/><D70/><U119/><E119/><V134/><F134/><W39/><G34/><T48/><D73/><U79/><E79/><V60/><AGARI ba="0,0" hai="16,22,27,52,57,60,92,99,100,101,103" m="33291" machi="60" ten="30,12000,2" yaku="8,1,52,3,54,2" doraHai="98" who="2" fromWho="2" sc="250,-30,224,-60,276,120,250,-30" /><INIT seed="2,0,0,4,0,72" ten="220,164,396,220" oya="2" hai0="126,52,44,0,70,73,129,35,9,46,40,115,108" hai1="77,128,133,119,33,113,20,88,71,4,111,64,116" hai2="94,101,34,76,106,38,90,16,27,120,109,26,39" hai3="86,89,32,132,57,96,66,103,84,19,15,25,23"/><V45/><F120/><W97/><G132/><T124/><D35/><U48/><E113/><V91/><F34/><W47/><G47/><T125/><D115/><U134/><E33/><V131/><F131/><W107/><G96/><T127/><D70/><U50/><E128/><V85/><F45/><W87/><G66/><T21/><D129/><U12/><E4/><V74/><F91/><W24/><G57/><T114/><D114/><U6/><E6/><V41/><F41/><W65/><G65/><T67/><D67/><U30/><E30/><V61/><F61/><W118/><G118/><N who="1" m="45098" /><E12/><V110/><F27/><W43/><G43/><T123/><D9/><U69/><E20/><N who="2" m="13575" /><F101/><W42/><G42/><T135/><D0/><U8/><E111/><N who="2" m="42507" /><F106/><W83/><G25/><T60/><D108/><U55/><E8/><V49/><F49/><N who="1" m="19049" /><E88/><V99/><F99/><W93/><G32/><T2/><D125/><U100/><E100/><V14/><F14/><W80/><G15/><T51/><D124/><U104/><E104/><V56/><F94/><N who="3" m="54591" /><G24/><T29/><D126/><U54/><E77/><V53/><F76/><N who="3" m="46087" /><G23/><T36/><D127/><U59/><E64/><V68/><F74/><W98/><G19/><T75/><D2/><U13/><E13/><V22/><F22/><W1/><G1/><T122/><D73/><U37/><E37/><V63/><F38/><W112/><G112/><T28/><D75/><U11/><E11/><V31/><F39/><W18/><G18/><T95/><D21/><U62/><E55/><V81/><F53/><W102/><G83/><T79/><D122/><RYUUKYOKU ba="0,0" sc="220,-15,164,15,396,-15,220,15" hai1="54,59,62,69,71,133,134" hai3="86,93,97,98,102,103,107" /><INIT seed="3,1,0,1,5,125" ten="205,179,381,235" oya="3" hai0="110,32,30,89,93,98,67,85,114,103,26,41,3" hai1="100,88,119,31,79,12,44,133,29,34,135,97,53" hai2="91,5,94,106,51,28,57,59,115,132,127,82,42" hai3="60,107,62,118,130,6,68,112,19,86,24,37,21"/><W10/><G118/><T69/><D3/><U9/><E119/><V15/><F106/><W90/><G112/><T18/><D110/><U70/><E70/><V117/><F117/><W73/><G37/><T39/><D114/><U95/><E34/><V77/><F127/><W1/><G73/><T46/><D18/><U66/><E79/><V104/><F104/><W96/><G68/><T52/><D67/><U54/><E66/><V76/><F28/><W55/><G55/><T121/><D69/><U129/><E54/><V122/><F132/><W126/><G126/><T47/><D121/><U25/><E129/><V45/><F122/><W7/><G7/><T128/><D128/><U64/><E64/><V0/><F0/><W83/><G130/><T48/><REACH who="0" step="1"/><D85/><REACH who="0" ten="195,179,381,235" step="2"/><U105/><E25/><V84/><F115/><W75/><G86/><T58/><D58/><U120/><E120/><V22/><F59/><W123/><G24/><T109/><D109/><U16/><E133/><V111/><F57/><W35/><G19/><T124/><D124/><U2/><E2/><V78/><F111/><W27/><G1/><T131/><D131/><U87/><REACH who="1" step="1"/><E135/><REACH who="1" ten="195,169,381,235" step="2"/><V99/><F77/><W61/><G123/><T71/><D71/><U49/><AGARI ba="1,2" hai="9,12,16,29,31,44,49,53,87,88,95,97,100,105" machi="49" ten="30,8000,1" yaku="1,1,2,1,0,1,54,2,53,0" doraHai="125" doraHaiUra="56" who="1" fromWho="1" sc="195,-21,169,103,381,-21,235,-41" owari="174,-33.0,272,7.0,360,47.0,194,-21.0" /></mjloggm>