<mjloggm ver="2.3"><GO type="225" lobby="0"/><UN n0="%56%76%56%76%56" n1="%4C%61%73%6B%26%59%75" n2="%E3%82%A6%E3%83%AB%E3%83%88%E3%83%A9%E7%AB%8B%E7%9B%B4" n3="%E3%81%8A%E3%81%97%E3%82%83%E3%81%B5%E3%81%87%E3%81%AB" dan="16,16,16,16" rate="2081.93,2160.64,2055.77,2084.22" sx="M,M,M,M"/><TAIKYOKU oya="0"/><INIT seed="0,0,0,0,0,66" ten="250,250,250,250" oya="0" hai0="46,41,70,107,80,129,0,9,98,26,82,59,55" hai1="47,128,103,133,48,10,135,95,87,38,65,72,8" hai2="2,43,99,19,4,20,121,71,45,100,104,92,5" hai3="24,34,117,120,111,126,110,77,23,115,52,33,28"/><T62/><BYE who="2" /><D129/><U124/><E128/><V14/><F14/><W123/><G117/><T15/><D0/><U125/><E72/><V31/><F31/><W81/><G115/><T132/><D132/><N who="1" m="50763" /><E38/><V63/><F63/><W127/><G52/><T76/><D26/><U37/><E37/><V89/><F89/><W88/><G88/><T35/><D35/><N who="3" m="13321" /><G81/><UN n2="%E3%82%A6%E3%83%AB%E3%83%88%E3%83%A9%E7%AB%8B%E7%9B%B4" /><T112/><D112/><U105/><E65/><V90/><F121/><N who="3" m="46667" /><G77/><T22/><D22/><U16/><E87/><V54/><F54/><W69/><G69/><T106/><D98/><N who="1" m="61687" /><E95/><V86/><F71/><W12/><G12/><T108/><D80/><U44/><E44/><V3/><F45/><W102/><G102/><T109/><D70/><U40/><E8/><V61/><F100/><W13/><G13/><AGARI ba="0,0" hai="10,13,16,40,47,48,124,125" m="61687,50763" machi="13" ten="30,2000,0" yaku="20,1,54,1" doraHai="66" who="1" fromWho="3" sc="250,0,250,20,250,0,250,-20" /><INIT seed="1,0,0,5,5,39" ten="250,270,250,230" oya="1" hai0="31,12,53,61,48,97,38,93,36,32,65,57,24" hai1="42,131,58,127,83,69,119,108,117,14,18,66,107" hai2="115,121,63,29,60,90,25,92,78,7,30,46,122" hai3="113,6,84,130,41,47,109,50,40,82,72,49,135"/><U123/><E123/><V0/><F78/><W15/><G113/><T79/><D79/><U3/><E69/><V44/><F7/><W68/><G72/><T110/><D12/><U114/><E114/><V16/><F0/><W73/><G73/><T85/><D85/><U101/><E3/><V111/><F111/><W103/><G109/><T27/><D24/><U94/><E108/><V124/><F124/><W102/><G68/><T77/><D77/><U23/><E107/><V13/><F115/><W62/><G62/><N who="2" m="23593" /><F25/><W52/><G135/><T56/><D110/><U133/><E133/><V19/><F19/><W80/><G130/><T20/><REACH who="0" step="1"/><D32/><REACH who="0" ten="240,270,250,230" step="2"/><U8/><E131/><V22/><F121/><W17/><G84/><T86/><D86/><U95/><E14/><V45/><F122/><W87/><G87/><AGARI ba="0,1" hai="13,16,22,29,30,44,45,46,87,90,92" m="23593" machi="87" ten="30,2000,0" yaku="8,1,54,1" doraHai="39" who="2" fromWho="3" sc="240,0,270,0,250,30,230,-20" /><INIT seed="2,0,0,3,0,50" ten="240,270,280,210" oya="2" hai0="0,62,97,5,67,55,56,60,38,71,84,109,49" hai1="44,9,131,26,39,63,3,82,117,92,33,120,31" hai2="51,41,20,6,8,126,23,102,110,61,69,24,98" hai3="78,86,127,29,17,90,101,95,54,135,27,83,15"/><V30/><F126/><W53/><G135/><T13/><D0/><U87/><E117/><V129/><F129/><W112/><G127/><T133/><D133/><U122/><E131/><V73/><F73/><W70/><G70/><T130/><D130/><U118/><E118/><V105/><F110/><W40/><G40/><T91/><D109/><U113/><E113/><V52/><F41/><W125/><G112/><T103/><D38/><U36/><E92/><V16/><F61/><W57/><G101/><T48/><D13/><U80/><E63/><V74/><F74/><W79/><G57/><T34/><D5/><N who="1" m="1215" /><E44/><V134/><F69/><W45/><G45/><T21/><D21/><U28/><E28/><V42/><F42/><W4/><G4/><T65/><D34/><U96/><E96/><V107/><F134/><W59/><G59/><T18/><D18/><U124/><E124/><V77/><F77/><N who="3" m="29195" /><G95/><T12/><D12/><U116/><E116/><V89/><F89/><W66/><G66/><T2/><D2/><U106/><E106/><V108/><F108/><W47/><G47/><T132/><D65/><U114/><E114/><V85/><F105/><W43/><G43/><T22/><D22/><U121/><E80/><V75/><F107/><W115/><G115/><T93/><D132/><U81/><E81/><AGARI ba="0,0" hai="48,49,55,56,60,62,67,71,81,84,91,93,97,103" machi="81" ten="30,2000,0" yaku="7,1,52,1" doraHai="50" who="0" fromWho="1" sc="240,20,270,-20,280,0,210,0" /><INIT seed="3,0,0,1,1,108" ten="260,250,280,210" oya="3" hai0="111,105,54,94,125,27,37,47,98,88,50,82,71" hai1="77,93,31,33,67,52,48,121,34,0,40,15,99" hai2="79,72,9,3,26,59,115,21,104,110,60,87,107" hai3="74,23,55,126,95,90,61,2,89,13,63,73,101"/><W109/><G2/><T7/><D71/><U69/><E0/><V114/><F72/><W134/><G109/><T116/><D7/><U43/><E121/><V102/><F107/><W29/><G134/><T18/><D111/><U66/><E34/><V78/><F78/><W49/><G126/><T10/><D125/><U68/><E68/><V103/><F103/><W81/><G74/><T5/><D116/><U30/><E77/><V57/><F57/><N who="3" m="33007" /><G73/><T118/><D118/><U32/><E32/><V117/><F117/><W44/><G44/><T25/><D105/><U76/><E76/><V1/><F1/><W16/><G29/><N who="1" m="10762" /><E33/><V36/><F36/><W91/><G81/><T20/><D37/><U8/><E69/><V100/><F104/><W80/><G80/><T123/><D82/><U58/><E40/><V83/><F102/><W28/><G28/><T85/><D123/><U46/><E46/><V24/><F100/><W38/><G38/><T135/><D135/><U92/><E43/><V96/><F110/><W133/><G133/><T86/><D27/><U12/><E12/><AGARI ba="0,0" hai="5,10,12,18,20,25,47,50,54,85,86,88,94,98" machi="12" ten="30,3900,0" yaku="7,1,8,1,54,1" doraHai="108" who="0" fromWho="1" sc="260,39,250,-39,280,0,210,0" /><INIT seed="4,0,0,1,2,64" ten="299,211,280,210" oya="0" hai0="39,60,123,127,37,106,1,9,46,3,118,83,53" hai1="110,13,129,11,21,25,50,133,81,102,2,135,113" hai2="12,68,92,22,77,32,125,90,96,16,66,27,48" hai3="41,43,119,82,121,47,131,87,54,107,89,134,88"/><T18/><D123/><U120/><E120/><V71/><F66/><W109/><G119/><T19/><D106/><U75/><E2/><V85/><F125/><W8/><G109/><T70/><D118/><U51/><E110/><V98/><F98/><W26/><G121/><T67/><D127/><U56/><E102/><V84/><F84/><N who="3" m="50199" /><G107/><T73/><D3/><U36/><E36/><V94/><F77/><W111/><G111/><T30/><D30/><U132/><E129/><V4/><F48/><N who="3" m="28959" /><G131/><T17/><D39/><U59/><E113/><V52/><F52/><W128/><G128/><T69/><D73/><U15/><E81/><V112/><F112/><W42/><G134/><T58/><D83/><U0/><E75/><V24/><F32/><W108/><G108/><T80/><D80/><U105/><E105/><V20/><F4/><W65/><G65/><T103/><D103/><U114/><E114/><V49/><F49/><N who="1" m="18441" /><E0/><V62/><F62/><W7/><G26/><T40/><D67/><U31/><E15/><V14/><F71/><W117/><G117/><T86/><REACH who="0" step="1"/><D86/><REACH who="0" ten="289,211,280,210" step="2"/><U33/><E33/><V74/><F74/><W61/><G61/><T23/><D23/><U104/><E104/><V38/><F38/><W44/><G44/><T93/><D93/><U6/><AGARI ba="0,1" hai="6,11,13,21,25,31,56,59,132,133,135" m="18441" machi="6" ten="40,1500,0" yaku="20,1" doraHai="64" who="1" fromWho="1" sc="289,-7,211,25,280,-4,210,-4" /><INIT seed="5,0,0,5,4,36" ten="282,236,276,206" oya="1" hai0="17,16,9,55,20,101,134,94,21,126,124,114,99" hai1="12,128,28,67,65,44,18,5,54,133,7,52,40" hai2="104,56,118,81,79,58,22,91,100,13,37,88,74" hai3="78,108,29,33,49,77,26,46,107,47,50,110,116"/><U14/><E28/><V84/><F37/><W106/><G116/><T27/><D134/><U129/><E133/><V117/><F56/><W130/><G130/><N who="1" m="50282" /><E67/><V85/><F58/><W131/><G131/><T123/><D123/><U48/><E65/><V3/><F22/><W120/><G120/><T122/><D122/><U93/><E93/><N who="2" m="54511" /><F13/><N who="1" m="5225" /><E18/><V135/><F3/><W82/><G82/><T103/><D9/><U83/><E83/><N who="2" m="49183" /><F135/><W0/><G0/><T10/><D10/><U80/><E80/><V8/><F8/><W76/><G26/><T119/><D119/><U30/><E30/><V121/><F121/><W73/><G73/><T45/><D17/><U15/><N who="1" m="5233" /><U69/><DORA hai="112" /><E69/><V6/><F6/><AGARI ba="0,0" hai="5,6,7,40,44,48,52,54" m="5233,50282" machi="6" ten="40,7700,0" yaku="19,1,52,1,54,1" doraHai="36,112" who="1" fromWho="2" sc="282,0,236,77,276,-77,206,0" owari="282,8.0,313,41.0,199,-30.0,206,-19.0" /></mjloggm>