<mjloggm ver="2.3"><GO type="169" lobby="0"/><UN n0="%E9%B7%B9%E6%AD%A3%E3%81%AE%E5%80%85%EF%BC%9D%E5%AF%8C%E7%8C%AB" n1="%E2%80%9C%72%61%69%6E%E2%80%9D" n2="%E3%82%A6%E3%83%AB%E3%83%88%E3%83%A9%E7%AB%8B%E7%9B%B4" n3="%E3%81%84%E3%81%97%E3%81%97%E3%82%93%49%44%E7%B4%9B%E5%A4%B1" dan="17,16,16,18" rate="2149.77,2075.82,2049.58,2192.79" sx="M,M,M,M"/><TAIKYOKU oya="0"/><INIT seed="0,0,0,4,2,132" ten="250,250,250,250" oya="0" hai0="49,51,77,113,70,101,88,22,58,24,46,125,73" hai1="96,135,69,130,117,8,91,59,37,85,94,123,48" hai2="76,55,83,78,39,127,57,9,60,30,43,98,26" hai3="44,109,42,28,134,14,35,18,108,90,121,7,52"/><T32/><D70/><U31/><E37/><V25/><F78/><W82/><G134/><T65/><D113/><U54/><E117/><V110/><F110/><N who="3" m="42603" /><G121/><T17/><D32/><U86/><E135/><V71/><F39/><N who="3" m="21599" /><G7/><T89/><D101/><U0/><E69/><V13/><F43/><W112/><G112/><T63/><D125/><U5/><E123/><V105/><F71/><W106/><G106/><T27/><D24/><U61/><E130/><V118/><F118/><W115/><G115/><T81/><REACH who="0" step="1"/><D51/><REACH who="0" ten="240,250,250,250" step="2"/><U122/><E122/><V67/><F26/><W68/><G68/><T75/><D75/><U133/><E133/><V80/><F127/><W16/><G35/><T41/><AGARI ba="0,1" hai="17,22,27,41,46,49,58,63,65,73,77,81,88,89" machi="41" ten="20,12000,1" yaku="1,1,0,1,7,1,54,1,53,1" doraHai="132" doraHaiUra="21" who="0" fromWho="0" sc="240,130,250,-40,250,-40,250,-40" /><INIT seed="0,1,0,1,1,100" ten="370,210,210,210" oya="0" hai0="11,58,36,22,40,15,115,18,132,25,24,87,109" hai1="29,41,90,1,55,89,71,103,75,107,8,19,7" hai2="108,77,21,111,52,125,124,80,54,63,114,86,32" hai3="27,38,16,127,69,44,62,104,26,102,72,83,130"/><T133/><D115/><U66/><E75/><V47/><F32/><W37/><G130/><T64/><D109/><N who="2" m="42058" /><F114/><W94/><G127/><N who="2" m="48713" /><F21/><W20/><G27/><T82/><D40/><U73/><E73/><V129/><F129/><W53/><G94/><T119/><D36/><U45/><E29/><V0/><F0/><W67/><G83/><T95/><D95/><U105/><E55/><N who="2" m="21035" /><F63/><W81/><G72/><T51/><D51/><U122/><E1/><V123/><F47/><W3/><G3/><T30/><D58/><U117/><E45/><V96/><F96/><W5/><G5/><T39/><D64/><U12/><E66/><V46/><F46/><W128/><G128/><T60/><D60/><U106/><E7/><V116/><F116/><W56/><G44/><T126/><D119/><U101/><E117/><V35/><F35/><W134/><G38/><T99/><D99/><U42/><E122/><AGARI ba="1,0" hai="77,80,86,122,123" m="21035,48713,42058" machi="122" ten="40,5200,0" yaku="14,1,18,1,54,1" doraHai="100" who="2" fromWho="1" sc="370,0,210,-55,210,55,210,0" /><INIT seed="1,0,0,1,3,75" ten="370,155,265,210" oya="1" hai0="34,17,103,12,38,67,5,72,24,91,82,97,117" hai1="51,111,43,52,29,93,46,94,0,28,76,47,78" hai2="45,128,13,37,95,132,59,48,31,98,74,100,77" hai3="114,73,3,66,113,88,127,125,63,118,90,35,26"/><U87/><E0/><V30/><F128/><W85/><G3/><T23/><D117/><U44/><E111/><V56/><F132/><W25/><G73/><T2/><D38/><U119/><E119/><V70/><F70/><W27/><G35/><T115/><D115/><N who="3" m="44041" /><G85/><T123/><D67/><U130/><E130/><V80/><F37/><W36/><G36/><T42/><D42/><U40/><E40/><V133/><F133/><W6/><G6/><T116/><D116/><U54/><E54/><V79/><F79/><N who="1" m="30249" /><E43/><V61/><F45/><N who="1" m="17513" /><E87/><V86/><F74/><W19/><G118/><T102/><D72/><U110/><E110/><V57/><F48/><W32/><G32/><T9/><D123/><U53/><E53/><V105/><F105/><W71/><G71/><T69/><D34/><U62/><E62/><V112/><F61/><W15/><G63/><T81/><D2/><U99/><E94/><V58/><N who="2" m="14336" /><DORA hai="68" /><V8/><F112/><W121/><G121/><T64/><D69/><U104/><E104/><V131/><F131/><W55/><G55/><T14/><D64/><U83/><E83/><V22/><F86/><W101/><G66/><T49/><D49/><U107/><E107/><V10/><F80/><W109/><G109/><T89/><D82/><U124/><E124/><V122/><F122/><W20/><G127/><T108/><D81/><U84/><E84/><V126/><F126/><W33/><G125/><T50/><D50/><U135/><E135/><V106/><F106/><W4/><G33/><T120/><D108/><U96/><E96/><V1/><F98/><RYUUKYOKU ba="0,0" sc="370,-10,155,30,265,-10,210,-10" hai1="28,29,47,51,52,93,99" /><INIT seed="1,1,0,4,5,126" ten="360,185,255,200" oya="1" hai0="94,13,75,80,53,72,120,9,78,85,7,50,18" hai1="71,11,108,35,57,122,79,30,130,43,10,2,47" hai2="114,51,90,48,70,16,26,134,125,34,59,14,31" hai3="116,49,40,73,4,115,127,100,77,121,19,113,110"/><U95/><E122/><V87/><F70/><W131/><G100/><T65/><D120/><U63/><E71/><V124/><F114/><W68/><G19/><T8/><D94/><U123/><E123/><V103/><F103/><W55/><G77/><T28/><D28/><U132/><E132/><V25/><F25/><W39/><G55/><T20/><D65/><U81/><E95/><V1/><F1/><W83/><G49/><T107/><D107/><U60/><E108/><V17/><F134/><W82/><G40/><T3/><REACH who="0" step="1"/><D9/><REACH who="0" ten="350,185,255,200" step="2"/><U104/><E11/><V111/><F111/><W109/><G121/><T32/><D32/><U45/><E104/><V54/><F124/><W106/><G106/><T96/><D96/><U133/><E30/><V101/><F125/><W58/><G127/><T135/><D135/><U38/><E133/><V76/><F31/><W92/><G110/><T41/><D41/><U64/><E35/><V62/><F34/><W12/><G109/><T98/><D98/><U91/><E10/><V33/><F33/><W24/><G92/><T42/><D42/><U0/><E43/><V86/><F101/><W61/><G115/><T129/><D129/><U27/><E130/><V29/><F29/><W5/><G131/><T36/><D36/><U88/><E38/><V66/><F66/><W15/><G39/><T84/><D84/><U37/><E37/><V69/><F87/><W119/><G113/><T128/><D128/><U21/><E64/><V118/><F86/><W67/><G67/><T117/><D117/><U102/><E102/><V6/><F118/><RYUUKYOKU ba="1,1" sc="350,30,185,-10,255,-10,200,-10" hai0="3,7,8,13,18,20,50,53,72,75,78,80,85" /><INIT seed="2,2,1,0,2,86" ten="380,175,245,190" oya="2" hai0="79,97,81,4,102,89,27,46,94,90,48,113,100" hai1="71,11,83,127,22,130,69,55,84,36,75,93,74" hai2="122,2,45,108,65,61,118,103,21,105,107,7,37" hai3="44,78,112,63,43,125,25,12,18,3,64,116,19"/><V56/><F122/><W111/><G3/><T49/><D113/><U32/><E32/><V67/><F118/><W29/><G116/><T87/><D4/><U51/><E36/><V117/><F117/><W70/><G111/><T104/><D27/><U57/><E130/><V59/><F108/><W109/><G109/><T15/><D15/><U131/><E131/><V26/><F7/><W114/><G78/><T66/><D66/><U23/><E127/><V126/><F2/><W135/><G125/><T99/><D49/><U6/><E93/><V31/><F126/><W68/><G68/><T110/><D110/><U128/><E128/><V133/><F133/><W82/><G82/><T60/><D60/><U96/><E96/><V41/><F103/><W76/><G76/><T134/><D134/><U34/><E34/><V124/><F124/><W115/><G12/><T10/><D10/><U54/><E71/><V8/><F8/><W5/><G5/><T42/><AGARI ba="2,1" hai="42,46,48,79,81,87,89,90,94,97,99,100,102,104" machi="42" ten="20,5200,0" yaku="0,1,7,1,52,2" doraHai="86" who="0" fromWho="0" sc="380,68,175,-15,245,-28,190,-15" /><INIT seed="3,0,0,0,0,95" ten="448,160,217,175" oya="3" hai0="109,128,83,110,92,23,71,0,112,67,127,16,114" hai1="121,82,9,68,15,46,24,76,33,12,19,8,36" hai2="38,131,111,58,26,34,97,125,25,116,79,45,52" hai3="72,90,66,81,30,21,4,104,27,51,93,135,2"/><W47/><G104/><T77/><D0/><U55/><E68/><V35/><F116/><W29/><G135/><T94/><D127/><U22/><E121/><V39/><F79/><W130/><G130/><T75/><D67/><U98/><E33/><V117/><F117/><W80/><G66/><T6/><D6/><U48/><E36/><V88/><F125/><W49/><G2/><T60/><D60/><U61/><E61/><V108/><F131/><W54/><G4/><T119/><D71/><U106/><E9/><V7/><F7/><W40/><G30/><T53/><D53/><U115/><E115/><N who="0" m="44073" /><D128/><U124/><E124/><V96/><F88/><W133/><G72/><T129/><D129/><U42/><E55/><V100/><F100/><W37/><G37/><T99/><D94/><U31/><E15/><V59/><REACH who="2" step="1"/><F52/><REACH who="2" ten="448,160,207,175" step="2"/><W86/><REACH who="3" step="1"/><G133/><REACH who="3" ten="448,160,207,165" step="2"/><T84/><D75/><U32/><E106/><V70/><F70/><W85/><G85/><T44/><D119/><U103/><E31/><V69/><F69/><W73/><G73/><T78/><D84/><U118/><E118/><V89/><F89/><W13/><G13/><T11/><D78/><U28/><E76/><V102/><F102/><W123/><G123/><T41/><D77/><U91/><E103/><V5/><F5/><W64/><G64/><T62/><D44/><AGARI ba="0,2" hai="25,26,34,35,38,39,44,45,58,59,96,97,108,111" machi="44" ten="25,8000,1" yaku="1,1,22,2,52,2,53,0" doraHai="95" doraHaiUra="74" who="2" fromWho="0" sc="448,-80,160,0,207,100,165,0" /><AGARI ba="0,0" hai="21,27,29,40,44,47,49,51,54,80,81,86,90,93" machi="44" ten="30,5800,0" yaku="1,1,7,1,8,1,53,0" doraHai="95" doraHaiUra="74" who="3" fromWho="0" sc="368,-58,160,0,307,0,165,58" /><INIT seed="3,1,0,5,4,19" ten="310,160,307,223" oya="3" hai0="52,96,103,81,36,21,46,127,35,68,84,3,56" hai1="50,67,0,132,18,85,11,16,27,54,135,121,60" hai2="58,102,112,49,111,125,15,97,30,93,98,8,133" hai3="39,104,80,101,44,74,40,70,71,57,77,55,113"/><W110/><G113/><T45/><D68/><U10/><E121/><V94/><F112/><W130/><G130/><T66/><D66/><U79/><E79/><V51/><F125/><W14/><G110/><T106/><D35/><U1/><E85/><V100/><F111/><W43/><G43/><T82/><D3/><N who="1" m="1099" /><E60/><V78/><F133/><N who="1" m="51273" /><E67/><V89/><F78/><W28/><G28/><T9/><D9/><N who="1" m="3083" /><E27/><V109/><F109/><W59/><G59/><AGARI ba="1,0" hai="16,18,50,54,59" m="3083,51273,1099" machi="59" ten="30,2000,0" yaku="20,1,54,1" doraHai="19" who="1" fromWho="3" sc="310,0,160,23,307,0,223,-23" /><INIT seed="4,0,0,3,5,74" ten="310,183,307,200" oya="0" hai0="20,34,30,116,133,102,117,84,25,17,91,80,106" hai1="109,100,32,99,9,56,58,101,29,81,55,53,14" hai2="115,65,44,114,92,26,42,122,37,129,39,131,45" hai3="19,62,87,60,121,66,38,93,50,118,23,33,10"/><T2/><D133/><U71/><E71/><V112/><F92/><W85/><G38/><T132/><D132/><U24/><E109/><V77/><F77/><W104/><G104/><T0/><D102/><U75/><E58/><V88/><F88/><W103/><G33/><T98/><D98/><U31/><E31/><V6/><F6/><W73/><G73/><T135/><D135/><U28/><E28/><V41/><F26/><W47/><G118/><T43/><D106/><U111/><E111/><V83/><F83/><W13/><G121/><T67/><D67/><U36/><E36/><V54/><F122/><W123/><G123/><T64/><D64/><U35/><E35/><V21/><F21/><W86/><G66/><T46/><D117/><U78/><E99/><V124/><F124/><W107/><G107/><T16/><D116/><U63/><REACH who="1" step="1"/><E55/><REACH who="1" ten="310,173,307,200" step="2"/><V49/><F65/><W95/><G62/><T90/><D34/><U119/><E119/><V68/><F68/><W70/><G60/><T69/><D69/><U130/><E130/><V96/><F96/><W59/><G70/><T82/><D0/><U72/><E72/><V113/><F113/><W22/><G59/><AGARI ba="0,1" hai="37,39,41,42,44,45,49,54,59,112,114,115,129,131" machi="59" ten="40,8000,1" yaku="9,1,15,1,34,3" doraHai="74" who="2" fromWho="3" sc="310,0,173,0,307,90,200,-80" /><INIT seed="5,0,0,1,3,19" ten="310,173,397,120" oya="1" hai0="88,46,3,16,94,21,49,9,27,62,96,76,98" hai1="35,52,86,57,104,4,66,8,92,117,107,71,10" hai2="106,38,7,14,115,105,33,51,129,128,25,90,70" hai3="26,36,55,65,1,110,101,2,135,79,42,80,132"/><U48/><E35/><V77/><F38/><W87/><G110/><T44/><D76/><U133/><E117/><V32/><F77/><W53/><G65/><T85/><D62/><U61/><E133/><N who="3" m="51274" /><G101/><T91/><D46/><U34/><E34/><V97/><F70/><W81/><G36/><T95/><D3/><N who="3" m="1033" /><G42/><N who="0" m="24727" /><D9/><U15/><REACH who="1" step="1"/><E10/><REACH who="1" ten="310,163,397,120" step="2"/><N who="2" m="4447" /><F33/><W40/><G40/><T68/><D68/><U41/><E41/><V123/><F32/><W60/><G60/><T119/><D119/><U29/><E29/><V100/><F123/><W134/><G134/><T108/><D108/><U18/><E18/><V113/><F128/><W63/><G63/><T17/><D98/><U45/><E45/><V84/><F129/><W58/><G58/><T54/><D54/><U74/><E74/><V11/><F11/><W73/><G55/><T126/><D126/><U5/><E5/><V75/><F75/><W31/><G53/><T125/><D125/><U99/><E99/><V83/><F97/><W114/><G73/><T30/><AGARI ba="0,1" hai="16,17,21,27,30,85,88,91,94,95,96" m="24727" machi="30" ten="30,7900,0" yaku="8,1,52,1,54,2" doraHai="19" who="0" fromWho="0" sc="310,89,163,-39,397,-20,120,-20" /><INIT seed="6,0,0,5,4,74" ten="399,124,377,100" oya="2" hai0="35,51,65,127,8,94,61,112,69,2,40,15,50" hai1="71,83,58,106,37,96,23,91,79,56,63,16,57" hai2="11,9,123,85,52,90,97,125,45,111,89,55,87" hai3="107,113,116,43,27,33,70,108,110,93,0,20,86"/><V67/><F123/><W32/><G107/><T76/><D35/><N who="3" m="13385" /><G70/><T26/><D112/><U39/><E71/><V95/><F111/><N who="3" m="42539" /><G86/><T53/><D2/><U117/><E117/><V100/><F125/><W19/><G93/><T47/><D26/><N who="1" m="14695" /><E39/><V5/><F67/><W126/><G43/><T132/><D94/><N who="1" m="56415" /><E37/><V48/><F55/><W34/><G116/><T77/><D132/><U128/><E128/><V24/><F24/><N who="3" m="14367" /><G0/><T135/><D135/><U31/><E106/><V134/><F134/><W75/><G75/><T36/><D127/><U46/><E46/><V130/><F130/><W92/><G92/><T80/><D80/><U21/><E63/><V1/><F87/><W122/><G126/><T120/><D120/><U68/><E68/><V54/><F85/><W49/><G49/><T99/><D99/><U109/><E109/><V78/><F54/><W6/><G122/><T98/><D98/><U73/><E58/><V133/><F133/><W103/><G103/><T129/><D129/><U88/><E88/><V81/><F90/><W64/><G113/><T7/><D51/><U62/><E62/><V28/><F89/><W12/><G64/><T42/><D42/><U131/><E131/><V101/><F101/><W72/><G72/><T114/><D114/><U59/><E59/><AGARI ba="0,0" hai="7,8,15,36,40,47,50,53,59,61,65,69,76,77" machi="59" ten="30,8000,1" yaku="7,1,24,2,52,2" doraHai="74" who="0" fromWho="1" sc="399,80,124,-80,377,0,100,0" /><INIT seed="7,0,0,4,3,18" ten="479,44,377,100" oya="3" hai0="95,89,25,4,0,6,123,88,85,96,13,74,51" hai1="93,23,122,7,109,52,84,55,132,100,67,48,120" hai2="24,53,32,103,21,71,79,80,16,98,82,54,17" hai3="112,8,111,133,64,75,90,47,65,29,60,30,19"/><W28/><G75/><T130/><D74/><U59/><E109/><V38/><F32/><W70/><G111/><T49/><D0/><U40/><E132/><V20/><F71/><W125/><G133/><T41/><D123/><U50/><E40/><V33/><F33/><W57/><G112/><T83/><D130/><U45/><E67/><V78/><F38/><W106/><G106/><T42/><D25/><U72/><E72/><V102/><F24/><W118/><G118/><T99/><D99/><AGARI ba="0,0" hai="16,17,20,21,53,54,78,79,80,82,98,99,102,103" machi="99" ten="25,12000,2" yaku="22,2,8,1,52,2,54,1" doraHai="18" who="2" fromWho="0" sc="479,-120,44,0,377,120,100,0" owari="359,16.0,44,-46.0,497,60.0,100,-30.0" /></mjloggm>