<mjloggm ver="2.3"><GO type="41" lobby="0"/><UN n0="%6D%61%73%61%2D%49" n1="%74%61%64%65" n2="%E3%82%A6%E3%83%AB%E3%83%88%E3%83%A9%E7%AB%8B%E7%9B%B4" n3="%40%E3%82%B3%E3%82%A6" dan="14,13,16,14" rate="1924.08,1836.64,2028.54,1878.29" sx="M,M,M,F"/><TAIKYOKU oya="0"/><INIT seed="0,0,0,5,5,17" ten="250,250,250,250" oya="0" hai0="118,55,19,23,128,20,130,101,113,98,70,71,0" hai1="83,127,72,15,4,105,122,25,86,37,29,62,73" hai2="64,126,87,79,109,99,47,110,13,82,33,51,124" hai3="36,31,60,106,88,68,116,34,9,123,91,84,12"/><T50/><D0/><U45/><E105/><V67/><F33/><W56/><G116/><T26/><D118/><U103/><E103/><V66/><F99/><W11/><G36/><T135/><D113/><U46/><E122/><V119/><F119/><W49/><G106/><T38/><D38/><U65/><E127/><N who="2" m="48683" /><F13/><W69/><G123/><T75/><D75/><U133/><E133/><V90/><F90/><W102/><G102/><T76/><D76/><U43/><E46/><V42/><AGARI ba="0,0" hai="42,47,51,64,66,67,79,82,87,109,110" m="48683" machi="42" ten="40,1500,0" yaku="18,1" doraHai="17" who="2" fromWho="2" sc="250,-7,250,-4,250,15,250,-4" /><INIT seed="1,0,0,4,1,133" ten="243,246,265,246" oya="1" hai0="130,111,45,116,74,50,83,43,107,15,21,5,40" hai1="82,11,14,22,114,113,66,115,129,29,62,134,23" hai2="117,6,35,18,95,3,58,70,105,10,55,67,7" hai3="79,97,124,131,93,4,81,59,91,49,120,26,47"/><U100/><E134/><V36/><F105/><W86/><G120/><T12/><D107/><U126/><E100/><V77/><F35/><W9/><G131/><T84/><D74/><U52/><E129/><V90/><F36/><W80/><G26/><T31/><D116/><U99/><E99/><V33/><F33/><W96/><G59/><T8/><D130/><U119/><E119/><V68/><F117/><W60/><G60/><T38/><D38/><U85/><E29/><V106/><F106/><W104/><G104/><T94/><D111/><U69/><E52/><V112/><F112/><W28/><G28/><T48/><D94/><U73/><E73/><V102/><F102/><W108/><G108/><T2/><D31/><U65/><E65/><V17/><F77/><W41/><G124/><T30/><D30/><U56/><E126/><V20/><F7/><W0/><REACH who="3" step="1"/><G80/><REACH who="3" ten="243,246,265,236" step="2"/><T103/><D2/><U27/><E27/><V135/><F135/><W110/><G110/><T44/><D103/><U64/><E56/><V51/><F68/><W53/><G53/><T118/><D118/><U125/><E66/><V34/><F67/><W122/><G122/><T61/><D61/><U127/><E127/><V46/><F70/><W75/><AGARI ba="0,1" hai="0,4,9,41,47,49,75,79,81,86,91,93,96,97" machi="75" ten="20,2700,0" yaku="1,1,0,1,7,1,53,0" doraHai="133" doraHaiUra="123" who="3" fromWho="3" sc="243,-7,246,-13,265,-7,236,37" /><INIT seed="2,0,0,5,2,44" ten="236,233,258,273" oya="2" hai0="35,93,61,54,25,2,114,135,33,48,109,117,99" hai1="37,129,52,62,59,98,76,46,58,108,89,105,127" hai2="95,112,100,80,22,73,53,85,75,107,120,50,20" hai3="86,133,90,41,34,26,118,6,17,21,72,68,1"/><V12/><F107/><W7/><G118/><T13/><D2/><U111/><E76/><V24/><F120/><W23/><G72/><T49/><D114/><U27/><E129/><V57/><F112/><W4/><G68/><T29/><D117/><U103/><E127/><V14/><F75/><W119/><G119/><T106/><D106/><U64/><E27/><V9/><F73/><W125/><G125/><T77/><D77/><U123/><E123/><V11/><F24/><W79/><G79/><T122/><D122/><U126/><E126/><V65/><F65/><W82/><G41/><T18/><D135/><U91/><E37/><V69/><F69/><W83/><G133/><T56/><D109/><N who="1" m="42059" /><E46/><V43/><F43/><W36/><G36/><T31/><D31/><U113/><E113/><V131/><F131/><W70/><G70/><T40/><D40/><U71/><E71/><V42/><F42/><W130/><G130/><T10/><D35/><U15/><E15/><V47/><F57/><W116/><G116/><T97/><D97/><U81/><E81/><V66/><F66/><W30/><G82/><T74/><D74/><U51/><AGARI ba="0,0" hai="51,52,58,59,62,64,89,91,98,103,105" m="42059" machi="51" ten="30,4000,0" yaku="14,1,52,1,54,1" doraHai="44" who="1" fromWho="1" sc="236,-10,233,40,258,-20,273,-10" /><INIT seed="3,0,0,0,4,67" ten="226,273,238,263" oya="3" hai0="47,104,102,89,92,98,35,88,9,108,63,70,101" hai1="76,110,78,19,105,46,135,28,24,68,32,55,2" hai2="128,85,117,15,80,60,54,125,1,14,65,45,21" hai3="122,93,82,75,7,64,124,16,61,72,25,51,131"/><W44/><G122/><T119/><D35/><U3/><E135/><V123/><F1/><W30/><G131/><T58/><D119/><U59/><E110/><V90/><F117/><W48/><G7/><T121/><D108/><U34/><E105/><V113/><F113/><W83/><G75/><T57/><D121/><U10/><E34/><V49/><F128/><W118/><G118/><T71/><D47/><U73/><E46/><V91/><F125/><W84/><G124/><T26/><D58/><U43/><E43/><V37/><F37/><W74/><G74/><T62/><D62/><U50/><E73/><V129/><F129/><W69/><G72/><T115/><D115/><U52/><E3/><V29/><F123/><W5/><G5/><T114/><D114/><U33/><E33/><V112/><F112/><W130/><G130/><T39/><D39/><U116/><E116/><V8/><F91/><W106/><G106/><T100/><D9/><U18/><E18/><V6/><F29/><W107/><G107/><T36/><D36/><U42/><E42/><V12/><REACH who="2" step="1"/><F21/><REACH who="2" ten="226,273,228,263" step="2"/><N who="3" m="13479" /><G30/><T79/><D79/><U97/><E2/><V126/><F126/><W77/><G77/><T23/><D89/><U38/><E78/><V103/><F103/><W13/><G82/><T53/><REACH who="0" step="1"/><D104/><REACH who="0" ten="216,273,228,263" step="2"/><U22/><E76/><V11/><F11/><W134/><G134/><T27/><D27/><U95/><E10/><V120/><F120/><W94/><G13/><T127/><D127/><U41/><E38/><V87/><F87/><W96/><G84/><T56/><D56/><AGARI ba="0,2" hai="6,8,12,14,15,45,49,54,56,60,65,80,85,90" machi="56" ten="30,3900,0" yaku="1,1,7,1,8,1,53,0" doraHai="67" doraHaiUra="99" who="2" fromWho="0" sc="216,-39,273,0,228,59,263,0" /><INIT seed="4,0,0,4,2,8" ten="177,273,287,263" oya="0" hai0="9,35,84,28,49,69,130,133,4,135,46,21,25" hai1="29,107,105,113,26,67,14,2,60,79,99,16,96" hai2="85,15,50,13,40,37,93,118,7,87,20,94,74" hai3="91,1,134,54,103,42,89,65,0,90,22,132,77"/><T80/><D69/><U122/><E2/><V112/><F74/><W57/><G103/><T56/><D56/><U5/><E5/><V3/><F37/><W6/><G77/><T104/><D104/><U12/><E79/><V127/><F3/><W53/><G42/><T68/><D68/><U63/><E122/><V101/><F118/><W41/><G41/><T119/><D119/><U19/><E113/><V48/><F112/><W72/><G72/><T102/><D102/><U39/><E39/><V24/><F7/><W34/><G34/><T38/><D38/><U30/><E26/><V92/><F101/><W31/><G65/><AGARI ba="0,0" hai="12,14,16,19,29,30,60,63,65,67,96,99,105,107" machi="65" ten="25,8000,1" yaku="22,2,52,2,54,1" doraHai="8" who="1" fromWho="3" sc="177,0,273,80,287,0,263,-80" /><INIT seed="5,0,0,4,5,90" ten="177,353,287,183" oya="1" hai0="135,52,107,1,36,115,11,101,39,58,23,116,82" hai1="66,133,38,68,129,16,108,127,75,27,71,86,18" hai2="97,5,26,9,69,25,91,37,83,95,92,19,32" hai3="72,30,76,126,60,111,81,28,102,15,67,13,130"/><U4/><E75/><V10/><F69/><W89/><G111/><T35/><D35/><U123/><E123/><V110/><F37/><W3/><G3/><T124/><D116/><U65/><E108/><V47/><F83/><W93/><G130/><T33/><D33/><U121/><E121/><V100/><F110/><W50/><G50/><T74/><D135/><U53/><E133/><V6/><F47/><W122/><G122/><T45/><D124/><U128/><E127/><V7/><F32/><W131/><G102/><T132/><D132/><U84/><E38/><V112/><F112/><W80/><G80/><T98/><D115/><U20/><E4/><V134/><F134/><W61/><G131/><N who="1" m="50250" /><E53/><V78/><F78/><W55/><G55/><T94/><D107/><U99/><E18/><V31/><F31/><W125/><G125/><T8/><D39/><U17/><E17/><V0/><F0/><W88/><G126/><T12/><D1/><U118/><E118/><V105/><F105/><W104/><G104/><T49/><D74/><U29/><E99/><N who="2" m="57759" /><F19/><W41/><G41/><T109/><D109/><U14/><E71/><V87/><F87/><N who="1" m="33321" /><E68/><V103/><F103/><W62/><G67/><T63/><D36/><U73/><E73/><V44/><F44/><W114/><G114/><T57/><D82/><U117/><E117/><V21/><F21/><AGARI ba="0,0" hai="14,16,20,21,27,29,65,66" m="33321,50250" machi="21" ten="30,2900,0" yaku="19,1,54,1" doraHai="90" who="1" fromWho="2" sc="177,0,353,29,287,-29,183,0" /><INIT seed="5,1,0,3,1,55" ten="177,382,258,183" oya="1" hai0="70,113,10,32,108,27,21,48,97,106,126,124,79" hai1="37,59,133,25,120,50,58,118,104,73,19,71,49" hai2="64,5,6,114,57,41,30,7,13,53,94,35,17" hai3="83,18,14,101,28,135,130,95,20,109,66,103,134"/><U84/><E73/><V0/><F114/><W11/><G109/><T93/><D106/><U91/><E120/><V90/><F64/><W23/><G130/><T22/><D70/><U74/><E74/><V125/><F125/><W51/><G83/><T129/><D108/><U82/><E118/><V123/><F41/><W78/><G78/><T31/><D79/><U42/><E71/><V92/><F123/><W46/><G66/><T39/><D39/><U102/><E133/><N who="3" m="50698" /><G95/><T62/><D48/><N who="1" m="18539" /><E37/><V12/><F0/><W119/><G119/><T72/><D72/><U69/><E69/><V88/><F30/><W8/><G8/><T47/><D47/><U77/><E42/><V16/><F35/><W63/><G63/><T38/><D38/><U36/><E36/><V29/><F29/><W43/><G28/><T52/><D129/><U86/><E104/><V9/><F92/><W68/><G68/><T44/><D10/><U81/><E102/><AGARI ba="1,0" hai="11,14,18,20,23,43,46,51,101,102,103" m="50698" machi="102" ten="30,1000,0" yaku="20,1" doraHai="55" who="3" fromWho="1" sc="177,0,382,-13,258,0,183,13" /><INIT seed="6,0,0,5,3,124" ten="177,369,258,196" oya="2" hai0="85,101,49,50,8,102,35,63,38,115,130,105,57" hai1="32,6,53,128,125,25,5,3,11,0,112,97,88" hai2="41,132,26,131,98,44,114,28,72,96,20,37,106" hai3="70,36,81,47,74,68,86,65,87,75,16,19,58"/><V24/><F72/><W59/><G47/><T83/><D38/><U99/><E125/><V89/><F132/><W80/><REACH who="3" step="1"/><G65/><REACH who="3" ten="177,369,258,186" step="2"/><T30/><D115/><U82/><E112/><V84/><F114/><W34/><G34/><T118/><D118/><U129/><E32/><V122/><F122/><W127/><G127/><T18/><D35/><U116/><E116/><V95/><F44/><W13/><G13/><N who="0" m="7463" /><D30/><U78/><E53/><V60/><F41/><W123/><G123/><T135/><D135/><U15/><E25/><V54/><F26/><W93/><G93/><T42/><D105/><U94/><E99/><V77/><F106/><W29/><G29/><T126/><D126/><U91/><E91/><V133/><F133/><W14/><G14/><T113/><D113/><U64/><E64/><V9/><F96/><W10/><G10/><T121/><D121/><U108/><E108/><V52/><F9/><W73/><G73/><T4/><D42/><U56/><E15/><V40/><F40/><W7/><G7/><T21/><D4/><U120/><E120/><V134/><F134/><W39/><AGARI ba="0,1" hai="16,19,36,39,58,59,68,70,74,75,80,81,86,87" machi="39" ten="25,12000,2" yaku="1,1,0,1,22,2,54,1,53,2" doraHai="124" doraHaiUra="12" who="3" fromWho="3" sc="177,-30,369,-30,258,-60,186,130" /><INIT seed="7,0,0,4,1,83" ten="147,339,198,316" oya="3" hai0="18,53,58,69,8,96,42,128,66,17,22,23,102" hai1="76,30,55,80,71,5,29,113,95,50,73,65,16" hai2="14,103,104,39,78,87,2,110,119,70,105,15,72" hai3="36,49,98,74,127,27,63,41,11,68,107,25,24"/><W77/><G36/><T7/><D69/><U40/><E40/><V4/><F70/><W90/><G127/><T33/><D66/><U129/><E5/><V123/><F119/><W26/><G11/><T64/><D64/><U114/><E129/><V99/><F110/><W132/><G132/><T117/><D117/><U51/><E95/><V6/><F39/><W12/><G12/><T122/><D122/><U10/><E71/><V86/><F123/><W47/><G68/><T54/><D33/><U48/><E65/><V57/><F57/><W37/><G63/><T32/><D32/><U101/><E101/><V85/><F104/><W45/><G27/><T9/><D128/><U131/><E131/><V135/><F135/><W120/><G120/><T62/><D42/><U84/><E73/><V124/><F124/><W34/><G34/><T79/><D79/><U88/><E76/><V13/><REACH who="2" step="1"/><F2/><REACH who="2" ten="147,339,188,316" step="2"/><W134/><G134/><T82/><D7/><U133/><E133/><V67/><F67/><W44/><G107/><T112/><D112/><U93/><E114/><V52/><F52/><W38/><G38/><T75/><D54/><U94/><E55/><V61/><F61/><W126/><G37/><T89/><D75/><U115/><E115/><V130/><F130/><W3/><G3/><T91/><D102/><U43/><E113/><V35/><F35/><W28/><G126/><T92/><D18/><U118/><E118/><V1/><F1/><W21/><G74/><T106/><D106/><U121/><E121/><V108/><F108/><W59/><G59/><T0/><D17/><RYUUKYOKU ba="0,1" sc="147,-10,339,-10,188,30,316,-10" hai2="4,6,13,14,15,72,78,85,86,87,99,103,105" owari="137,-36.0,339,43.0,218,-18.0,306,11.0" /></mjloggm>