<mjloggm ver="2.3"><GO type="97" lobby="0"/><UN n0="%74%61%6B%65%6F%32" n1="%E3%82%B3%E3%83%B3%E3%83%91%E3%82%AF%E3%83%88%E7%88%BA" n2="%67%61%72%75%63%69%61" n3="%E3%82%A6%E3%83%AB%E3%83%88%E3%83%A9%E7%AB%8B%E7%9B%B4" dan="14,14,14,14" rate="1926.75,1897.38,1933.07,1864.59" sx="M,M,M,M"/><TAIKYOKU oya="0"/><INIT seed="0,0,0,5,3,104" ten="250,250,250,250" oya="0" hai0="110,17,76,41,22,32,60,107,131,58,106,126,79" hai1="111,127,117,6,130,66,67,63,9,44,38,86,48" hai2="118,85,75,11,69,30,3,93,109,105,2,90,42" hai3="54,45,26,123,13,120,53,47,135,95,129,122,125"/><T10/><D32/><U34/><E117/><V89/><F69/><W29/><G125/><T31/><D107/><U116/><E116/><V46/><F118/><W92/><G129/><T71/><D106/><U99/><E130/><V108/><F105/><W103/><G135/><T81/><D71/><U14/><E38/><V124/><F124/><W25/><G13/><T133/><D131/><U97/><E127/><V134/><F134/><W0/><G0/><T27/><D133/><U101/><E111/><N who="2" m="42571" /><F30/><W50/><G103/><T91/><D110/><U33/><E86/><N who="2" m="52439" /><F11/><W52/><G50/><T59/><D41/><U78/><E78/><V19/><F19/><W51/><G51/><T98/><D126/><U77/><E77/><V56/><F56/><W18/><G18/><T5/><D31/><U39/><E39/><N who="2" m="21855" /><F75/><W64/><G64/><T96/><D58/><U12/><E66/><V72/><F72/><W70/><G70/><T35/><D35/><U88/><E33/><V28/><F28/><W61/><G61/><T21/><D21/><U68/><E34/><V16/><F16/><W1/><G29/><T128/><D128/><U119/><E119/><V15/><F15/><W49/><G1/><T121/><D121/><U23/><E14/><V24/><F24/><N who="3" m="9323" /><G49/><T65/><D10/><U57/><E9/><V114/><F114/><W7/><G7/><T112/><D5/><U43/><E6/><V20/><F20/><W115/><G115/><T37/><D37/><U113/><E23/><V132/><F132/><W73/><G73/><T100/><D112/><U4/><E113/><RYUUKYOKU ba="0,0" sc="250,-15,250,-15,250,15,250,15" hai2="2,3,85,89" hai3="45,47,52,53,54,92,95,120,122,123" /><INIT seed="1,1,0,1,0,113" ten="235,235,265,265" oya="1" hai0="62,107,102,20,87,23,10,99,112,12,45,41,76" hai1="49,57,98,21,15,3,86,105,38,88,121,134,92" hai2="40,17,85,25,129,43,9,84,81,108,56,114,111" hai3="73,119,11,95,48,89,78,124,101,59,27,52,128"/><U58/><E121/><V32/><F114/><W71/><G71/><T77/><D112/><U54/><E3/><V110/><F129/><W117/><G128/><T104/><D104/><U109/><E38/><V72/><F32/><W135/><G124/><T66/><D23/><U51/><E134/><V34/><F34/><W123/><G123/><T97/><D20/><U116/><E116/><N who="3" m="44618" /><G135/><T14/><D97/><U96/><E105/><V125/><F125/><W24/><G101/><T19/><D14/><U39/><E39/><V28/><F56/><W37/><G37/><T65/><D87/><U42/><E109/><V6/><F72/><W120/><G120/><T22/><D22/><U60/><E42/><N who="2" m="15915" /><F17/><W126/><G126/><T75/><D75/><U53/><E60/><V83/><F25/><W69/><G69/><T7/><D19/><AGARI ba="1,0" hai="15,19,21,49,51,53,54,57,58,86,88,92,96,98" machi="19" ten="40,12000,1" yaku="9,1,25,2,8,1,54,1" doraHai="113" who="1" fromWho="0" sc="235,-123,235,123,265,0,265,0" /><INIT seed="1,2,0,4,4,21" ten="112,358,265,265" oya="1" hai0="0,102,97,23,70,58,9,19,79,35,63,48,101" hai1="75,73,42,1,76,82,120,55,14,24,72,115,134" hai2="126,62,61,25,2,30,98,131,65,99,109,69,111" hai3="129,7,87,128,107,83,106,16,123,50,135,40,6"/><U103/><E1/><V104/><F2/><W11/><G123/><T133/><D133/><U57/><E120/><V92/><F126/><W84/><G135/><T13/><D79/><U85/><E134/><V64/><F131/><N who="3" m="50251" /><G87/><T127/><D127/><U60/><E115/><V122/><F122/><W10/><G50/><T108/><D108/><N who="2" m="41546" /><F104/><N who="3" m="39979" /><G40/><T77/><D77/><U22/><E103/><V68/><F92/><W110/><G110/><T95/><D35/><AGARI ba="2,0" hai="25,30,35,61,62,64,65,68,69,98,99" m="41546" machi="35" ten="30,2000,0" yaku="14,1,52,1" doraHai="21" who="2" fromWho="0" sc="112,-26,358,0,265,26,265,0" /><INIT seed="2,0,0,3,5,32" ten="86,358,291,265" oya="2" hai0="3,115,106,65,99,10,103,94,93,119,101,74,44" hai1="41,27,88,114,25,19,113,13,54,72,20,6,45" hai2="81,33,132,64,16,31,66,53,43,69,79,89,36" hai3="1,78,116,75,134,39,62,68,7,80,100,63,15"/><V71/><F132/><W2/><G15/><T95/><D115/><U60/><E72/><V12/><F71/><W58/><G7/><T125/><D125/><U127/><E127/><V11/><F69/><W38/><G116/><T110/><D110/><U98/><E6/><V4/><F89/><W56/><G134/><T5/><D119/><U9/><E27/><V130/><F130/><W24/><G68/><T112/><D112/><U59/><E13/><V22/><F43/><W47/><G100/><T135/><D135/><U0/><E9/><V121/><F36/><W37/><G47/><T92/><D74/><U118/><E0/><N who="2" m="391" /><F53/><W133/><G133/><T102/><D65/><U105/><E105/><V40/><F40/><W85/><G75/><T117/><D117/><U107/><E107/><V122/><F81/><W29/><G62/><T30/><D30/><U123/><E123/><N who="2" m="47115" /><F79/><W124/><G124/><T104/><REACH who="0" step="1"/><D44/><REACH who="0" ten="76,358,291,265" step="2"/><U129/><E118/><V82/><F82/><W8/><G8/><T67/><D67/><U128/><E114/><V73/><F73/><W26/><G29/><T109/><D109/><U21/><E113/><V126/><F126/><W87/><G39/><T34/><D34/><U42/><E45/><V70/><F70/><W52/><G38/><T50/><D50/><U28/><E28/><V91/><F91/><AGARI ba="0,1" hai="3,5,10,91,92,93,94,95,99,101,102,103,104,106" machi="91" ten="40,2600,0" yaku="1,1,52,1,53,0" doraHai="32" doraHaiUra="57" who="0" fromWho="2" sc="76,36,358,0,291,-26,265,0" /><INIT seed="3,0,0,3,0,90" ten="112,358,265,265" oya="3" hai0="102,88,96,17,87,60,38,83,51,71,68,81,115" hai1="105,49,127,46,77,109,75,66,82,110,20,10,14" hai2="104,18,7,131,56,29,70,57,117,28,128,25,76" hai3="78,121,73,62,52,65,133,80,122,84,74,26,37"/><W3/><G3/><T9/><D38/><U114/><E114/><V6/><F70/><W100/><G37/><T53/><D115/><U12/><E127/><V48/><F104/><W27/><G133/><T59/><D83/><U98/><E66/><V132/><F117/><W1/><G1/><T13/><REACH who="0" step="1"/><D60/><REACH who="0" ten="102,358,265,265" step="2"/><U41/><E82/><V42/><F132/><W8/><G62/><T32/><D32/><U4/><E110/><V95/><F131/><W99/><G80/><T19/><D19/><U130/><E109/><V93/><F128/><W16/><G16/><T55/><D55/><U94/><E130/><V106/><F18/><W44/><G52/><T92/><AGARI ba="0,1" hai="9,13,17,51,53,59,68,71,81,87,88,92,96,102" machi="92" ten="20,8000,1" yaku="1,1,0,1,7,1,52,1,54,1,53,0" doraHai="90" doraHaiUra="43" who="0" fromWho="0" sc="102,90,358,-20,265,-20,265,-40" owari="192,-31.0,338,43.0,245,5.0,225,-17.0" /></mjloggm>