<mjloggm ver="2.3"><GO type="169" lobby="0"/><UN n0="%E3%82%A8%E3%83%88%E3%81%BA%E3%83%B3" n1="%E3%82%A6%E3%83%AB%E3%83%88%E3%83%A9%E7%AB%8B%E7%9B%B4" n2="%E3%83%8F%E3%83%9E%E3%83%BC" n3="%E8%B6%85%E3%83%92%E3%83%A2%E3%83%AA%E3%83%AD" dan="17,17,16,17" rate="2188.52,2056.58,2064.01,2178.21" sx="F,M,M,F"/><TAIKYOKU oya="0"/><INIT seed="0,0,0,0,1,57" ten="250,250,250,250" oya="0" hai0="52,135,63,79,13,8,59,43,118,61,54,32,5" hai1="117,15,50,18,103,62,10,82,111,58,84,28,21" hai2="109,2,78,25,44,64,38,39,3,66,35,128,123" hai3="42,37,122,114,26,77,87,75,81,45,108,31,133"/><T92/><D118/><U48/><E117/><V11/><F123/><W72/><G108/><T34/><D135/><U74/><E74/><V120/><F120/><W19/><G114/><T24/><D43/><U41/><E103/><V27/><F109/><W90/><G133/><T23/><D79/><U9/><E111/><V68/><F78/><W95/><G122/><T127/><D127/><U86/><E86/><V116/><F116/><W125/><G125/><T121/><D121/><U33/><E33/><V98/><F98/><W51/><G19/><T40/><D40/><U76/><E28/><V69/><F44/><W71/><G71/><T130/><D130/><U96/><E96/><V119/><F119/><W7/><G7/><T49/><D92/><U115/><E115/><V93/><F93/><W56/><G56/><T113/><D113/><U110/><E110/><V17/><F17/><W65/><G65/><T53/><D32/><U67/><E41/><V46/><F35/><W132/><G132/><T100/><D100/><U16/><E10/><V131/><F46/><W47/><G47/><T14/><D14/><AGARI ba="0,0" hai="9,14,15,16,18,21,48,50,58,62,67,76,82,84" machi="14" ten="30,7700,0" yaku="7,1,8,1,52,1,54,1" doraHai="57" who="1" fromWho="0" sc="250,-77,250,77,250,0,250,0" /><INIT seed="1,0,0,1,4,126" ten="173,327,250,250" oya="1" hai0="132,64,80,77,88,127,79,13,46,72,16,19,6" hai1="57,106,56,76,87,5,129,40,116,131,28,2,109" hai2="125,82,135,104,98,124,134,61,119,10,38,91,49" hai3="48,24,120,50,97,18,36,94,75,83,113,41,85"/><U31/><E106/><V70/><F38/><W12/><G75/><T34/><D34/><U69/><E69/><V14/><F119/><W21/><G120/><T100/><D127/><N who="2" m="48714" /><F49/><W27/><G36/><T111/><D111/><U7/><E40/><V58/><F70/><W59/><G113/><T37/><D132/><U103/><E116/><V3/><F3/><W4/><G59/><T133/><D133/><U42/><E42/><V81/><F81/><W65/><G65/><T93/><D100/><U22/><E2/><V112/><F112/><W123/><G123/><T130/><D64/><U60/><E109/><V121/><F121/><W54/><G54/><T63/><D63/><U118/><E118/><V122/><F122/><W67/><G67/><T115/><D79/><U11/><E60/><V62/><F82/><W39/><G39/><T71/><D71/><U45/><E45/><V68/><F68/><W73/><G73/><T74/><D74/><U99/><E57/><V47/><F47/><W89/><G4/><T30/><D115/><U43/><E56/><V78/><F62/><W108/><G108/><T84/><D46/><U117/><E43/><V55/><F134/><W33/><G33/><T96/><D37/><U95/><E117/><V32/><F32/><W20/><G41/><T51/><D51/><U15/><E7/><N who="2" m="3423" /><F135/><W86/><G50/><T114/><D114/><U107/><E22/><V92/><F104/><W0/><G48/><T102/><D72/><U25/><E107/><V66/><F66/><W9/><G0/><T128/><D77/><AGARI ba="0,0" hai="55,58,61,77,78,91,92,98" m="3423,48714" machi="77" ten="30,1000,0" yaku="18,1" doraHai="126" who="2" fromWho="0" sc="173,-10,327,0,250,10,250,0" /><INIT seed="2,0,0,0,0,15" ten="163,327,260,250" oya="2" hai0="40,34,45,93,119,90,23,88,69,9,61,5,134" hai1="67,14,41,135,7,107,129,82,25,120,99,130,122" hai2="114,32,62,100,26,81,83,43,60,50,1,21,53" hai3="109,96,117,85,75,103,55,58,24,131,22,54,112"/><V19/><F114/><W71/><G109/><T133/><D34/><U13/><E41/><V113/><F113/><W3/><G75/><T118/><D69/><U106/><E67/><V97/><F1/><W102/><G71/><T79/><D79/><U128/><E7/><V47/><F32/><W73/><G73/><T91/><D61/><U36/><E36/><V28/><F28/><W111/><G3/><T6/><D93/><U101/><E25/><V74/><F74/><W89/><G131/><T127/><D127/><U35/><E35/><V46/><F62/><W86/><G117/><N who="0" m="44555" /><D23/><U123/><E82/><V18/><F60/><W80/><G111/><T87/><D87/><U57/><E57/><V64/><F64/><W108/><G108/><T51/><D9/><U27/><E107/><V94/><REACH who="2" step="1"/><F19/><REACH who="2" ten="163,327,250,250" step="2"/><W70/><G112/><T17/><D17/><U10/><E128/><V38/><AGARI ba="0,1" hai="18,21,26,38,43,46,47,50,53,81,83,94,97,100" machi="38" ten="20,12000,1" yaku="1,1,2,1,0,1,7,1,52,1,53,0" doraHai="15" doraHaiUra="31" who="2" fromWho="2" sc="163,-40,327,-40,250,130,250,-40" /><INIT seed="2,1,0,2,3,121" ten="123,287,380,210" oya="2" hai0="67,37,105,100,16,71,64,59,58,3,80,8,83" hai1="120,6,81,76,49,78,14,33,0,4,99,89,30" hai2="108,113,106,114,96,38,135,130,39,45,42,7,63" hai3="47,5,124,95,57,118,109,52,13,21,110,128,93"/><V17/><F17/><W123/><G118/><T134/><D37/><U72/><E30/><V18/><F18/><W84/><G123/><T85/><D134/><U98/><E33/><V26/><F135/><W73/><G73/><T111/><D71/><U11/><E120/><V40/><F26/><W25/><G124/><T44/><D44/><U54/><E78/><V27/><F27/><W19/><G128/><T75/><D75/><U70/><E70/><V35/><F130/><W122/><G47/><T107/><D100/><U53/><E53/><V86/><F86/><W127/><G127/><T43/><D43/><U48/><E48/><V41/><F35/><W116/><G116/><T129/><D129/><U46/><E89/><V60/><F7/><W90/><G95/><T36/><D36/><N who="2" m="13866" /><F45/><W1/><G1/><T126/><D126/><U61/><E6/><V103/><F63/><W31/><G5/><T82/><D85/><U102/><E61/><V65/><F65/><W22/><REACH who="3" step="1"/><G122/><REACH who="3" ten="123,287,380,200" step="2"/><T91/><D3/><U79/><E0/><V20/><F114/><W23/><G23/><T115/><D115/><U125/><E125/><V97/><F20/><W131/><G131/><T112/><D112/><U55/><E46/><V101/><F113/><W133/><G133/><T15/><D105/><U74/><E74/><V29/><F106/><W62/><AGARI ba="1,1" hai="13,19,21,22,25,31,52,57,62,84,90,93,109,110" machi="62" ten="30,12000,2" yaku="1,1,0,1,52,2,54,1,53,1" doraHai="121" doraHaiUra="87" who="3" fromWho="3" sc="123,-31,287,-31,380,-61,200,133" /><INIT seed="3,0,0,1,2,40" ten="92,256,319,333" oya="3" hai0="12,16,71,28,117,21,82,126,97,57,115,113,51" hai1="101,131,36,107,45,58,73,92,110,48,102,55,3" hai2="130,5,20,52,132,25,6,94,112,8,84,98,116" hai3="63,77,135,4,108,75,46,100,111,61,66,41,22"/><W118/><G135/><T125/><D71/><U29/><E73/><V0/><F116/><W121/><G121/><T26/><D82/><U43/><E3/><V53/><F112/><N who="0" m="43082" /><D97/><U62/><E131/><V105/><F130/><W18/><G118/><T72/><D72/><U133/><E133/><V74/><F74/><W109/><G100/><T96/><D96/><U93/><E110/><V38/><F132/><W81/><G4/><T106/><D106/><U32/><E107/><V78/><F38/><N who="3" m="21815" /><G66/><T44/><D57/><U89/><E93/><V122/><F122/><W7/><G7/><T103/><D103/><U70/><E32/><V86/><F105/><W14/><AGARI ba="0,0" hai="14,18,22,61,63,75,77,81,108,109,111" m="21815" machi="14" ten="30,6000,0" yaku="14,1,10,1,52,1" doraHai="40" who="3" fromWho="3" sc="92,-20,256,-20,319,-20,333,60" /><INIT seed="3,1,0,0,0,5" ten="72,236,299,393" oya="3" hai0="24,30,51,89,55,21,106,23,36,8,70,117,75" hai1="94,130,42,39,35,96,114,40,58,10,18,91,62" hai2="68,126,72,123,115,77,109,97,132,121,53,122,86" hai3="116,112,3,38,44,98,60,1,65,69,47,2,13"/><W63/><G112/><T108/><D70/><U54/><E35/><V67/><F115/><W105/><G116/><T4/><D117/><U7/><E114/><V128/><F109/><W64/><G13/><T93/><D36/><U84/><E130/><V83/><F128/><W92/><G105/><T95/><D75/><U28/><E28/><V134/><F53/><W41/><G47/><T66/><D108/><U101/><E18/><V79/><F67/><W125/><G125/><T14/><D66/><U107/><REACH who="1" step="1"/><E39/><REACH who="1" ten="72,226,299,393" step="2"/><V74/><F126/><W80/><G38/><T129/><D129/><U99/><E99/><V9/><F97/><W90/><G98/><T131/><D131/><U118/><E118/><V33/><F33/><W100/><G69/><T57/><D106/><U127/><E127/><V29/><F29/><W87/><G100/><T135/><D135/><N who="2" m="51754" /><F68/><W133/><G133/><T103/><D103/><U119/><E119/><V11/><F79/><W0/><G90/><T85/><REACH who="0" step="1"/><D23/><REACH who="0" ten="62,226,299,393" step="2"/><U46/><E46/><V61/><F61/><W48/><G60/><T19/><D19/><U15/><AGARI ba="1,2" hai="7,10,15,40,42,54,58,62,84,91,94,96,101,107" machi="15" ten="20,8000,1" yaku="1,1,0,1,7,1,52,1,53,1" doraHai="5" doraHaiUra="49" who="1" fromWho="1" sc="62,-21,226,103,299,-21,393,-41" /><INIT seed="4,0,0,4,1,101" ten="41,329,278,352" oya="0" hai0="77,89,7,1,126,42,33,93,28,17,5,24,2" hai1="9,6,22,78,111,99,51,109,20,57,73,47,98" hai2="118,90,102,116,92,29,44,125,23,117,134,122,85" hai3="67,21,127,70,10,105,88,79,84,110,0,82,81"/><T41/><D77/><U86/><E73/><V62/><F122/><W124/><G110/><T56/><D126/><N who="3" m="48169" /><G105/><T25/><D56/><U97/><E57/><V76/><F125/><W121/><G121/><T52/><D52/><U68/><E68/><V34/><F134/><W128/><G128/><T74/><D74/><U18/><E18/><V16/><F76/><W107/><G107/><T40/><D24/><U130/><E130/><V119/><F119/><W135/><G135/><T26/><D26/><U113/><E113/><V96/><F34/><W114/><G114/><T55/><D55/><U66/><E66/><V39/><F29/><W95/><G67/><T45/><D45/><U37/><E37/><V115/><F115/><W36/><G36/><T27/><D27/><U129/><E129/><V19/><F62/><W50/><G50/><T43/><N who="0" m="10240" /><DORA hai="87" /><T83/><D83/><U63/><E63/><V3/><F39/><W112/><G70/><T106/><D17/><N who="2" m="6730" /><F23/><W32/><G32/><T69/><D69/><U123/><E123/><V61/><F61/><W13/><G112/><T131/><D106/><U64/><E111/><V91/><F44/><W49/><G49/><T53/><D53/><N who="1" m="29951" /><E64/><V46/><F46/><W94/><G79/><T12/><D131/><U75/><E75/><V58/><F58/><W100/><G82/><T48/><D48/><U14/><E109/><V120/><F120/><W4/><G81/><AGARI ba="0,0" hai="6,9,14,20,22,78,81,86,97,98,99" m="29951" machi="81" ten="30,1000,0" yaku="8,1" doraHai="101,87" who="1" fromWho="3" sc="41,0,329,10,278,0,352,-10" /><INIT seed="5,0,0,5,3,3" ten="41,339,278,342" oya="1" hai0="115,49,94,101,38,92,47,81,76,45,108,51,78" hai1="5,4,89,42,75,114,36,125,66,107,129,6,91" hai2="65,56,44,109,7,33,121,20,63,85,39,74,0" hai3="28,111,93,118,100,27,88,17,30,19,53,135,40"/><U79/><E107/><V69/><F109/><W50/><G135/><T104/><D108/><U59/><E75/><V77/><F85/><W26/><G100/><T18/><D38/><U57/><E36/><V95/><F95/><W113/><G40/><T10/><D115/><U58/><E114/><V54/><F121/><W61/><G61/><T25/><D104/><U29/><E79/><V134/><F134/><W12/><G118/><T2/><D2/><U9/><E42/><N who="2" m="22623" /><F20/><N who="3" m="13599" /><G27/><T43/><D101/><U128/><E66/><V97/><F97/><N who="3" m="57511" /><G111/><T8/><D25/><U35/><E35/><V130/><F130/><N who="1" m="50281" /><E29/><V112/><F112/><W90/><G90/><N who="1" m="34314" /><E125/><V13/><F33/><W84/><G84/><T106/><D106/><U102/><E102/><V73/><F77/><W11/><G113/><T133/><D133/><U80/><E80/><V98/><F98/><W70/><G70/><T116/><D116/><U24/><E24/><V48/><F0/><AGARI ba="0,0" hai="0,4,5,6,9,57,58,59" m="34314,50281" machi="0" ten="30,11600,0" yaku="19,1,52,3" doraHai="3" who="1" fromWho="2" sc="41,0,339,116,278,-116,342,0" /><INIT seed="5,1,0,0,0,94" ten="41,455,162,342" oya="1" hai0="73,76,39,125,79,97,58,102,61,91,51,48,55" hai1="20,132,44,50,2,29,129,81,92,45,38,130,115" hai2="35,122,99,114,12,23,65,22,131,17,111,26,82" hai3="34,37,135,15,16,110,103,27,77,0,106,32,19"/><U8/><E38/><V24/><F111/><W63/><G37/><T52/><D39/><U119/><E119/><V47/><F122/><W90/><G0/><T42/><D125/><U104/><E104/><V54/><F65/><W53/><G77/><T109/><D109/><U31/><E45/><V100/><F35/><W1/><G1/><T133/><D133/><U101/><E81/><V95/><F131/><W71/><G110/><T30/><D30/><U83/><E83/><V62/><F114/><W64/><G135/><T80/><D42/><U66/><E66/><V108/><F108/><W11/><G90/><T41/><D41/><U56/><E20/><V113/><F113/><W126/><G126/><T25/><D25/><U33/><E33/><V46/><F82/><W116/><G116/><T6/><D6/><U127/><E127/><V7/><F7/><W60/><G60/><T84/><D55/><U96/><E44/><N who="2" m="16939" /><F23/><W68/><G68/><T67/><D73/><U89/><E115/><V105/><F105/><W74/><G74/><T14/><D14/><U112/><E112/><V124/><F124/><W134/><G53/><T43/><D43/><U40/><E40/><V93/><F93/><W5/><G134/><T9/><D9/><U85/><E132/><V59/><AGARI ba="1,0" hai="12,17,22,24,26,54,59,62,95,99,100" m="16939" machi="59" ten="30,2000,0" yaku="8,1,52,1" doraHai="94" who="2" fromWho="2" sc="41,-6,455,-11,162,23,342,-6" /><INIT seed="6,0,0,3,5,31" ten="35,444,185,336" oya="2" hai0="84,63,103,132,9,81,66,101,130,115,48,78,114" hai1="25,6,119,2,18,52,24,0,19,104,32,50,106" hai2="105,34,110,23,16,38,121,109,107,27,86,5,96" hai3="128,54,99,94,76,57,12,126,80,61,111,1,129"/><V68/><F121/><W135/><G1/><T120/><D120/><U91/><E6/><V40/><F68/><W8/><G111/><N who="2" m="42505" /><F5/><W59/><G126/><T74/><D130/><U7/><E7/><V83/><F96/><W37/><G37/><T133/><D9/><U92/><E104/><V14/><F40/><W102/><G135/><N who="0" m="51787" /><D48/><U53/><E106/><N who="2" m="40459" /><F38/><W43/><G43/><T67/><D63/><U79/><E0/><V15/><F34/><W117/><G117/><T60/><D60/><U118/><E2/><V75/><F75/><W71/><G71/><T4/><D4/><U3/><E3/><V95/><F95/><W22/><G94/><T98/><D66/><U88/><E92/><V44/><F44/><W93/><G93/><N who="0" m="58575" /><D67/><U33/><E50/><V21/><F23/><W90/><G22/><T123/><D103/><U108/><E108/><V116/><F116/><W124/><G102/><T100/><D100/><U36/><E36/><V97/><F97/><W89/><G99/><T113/><D123/><U72/><E72/><AGARI ba="0,0" hai="72,74,78,81,84,113,114,115" m="58575,51787" machi="72" ten="40,8000,1" yaku="15,1,20,1,34,2" doraHai="31" who="0" fromWho="1" sc="35,80,444,-80,185,0,336,0" /><INIT seed="7,0,0,1,0,76" ten="115,364,185,336" oya="3" hai0="92,104,79,96,82,73,119,38,67,125,19,112,61" hai1="103,22,88,133,70,28,26,10,90,45,55,15,86" hai2="3,39,46,114,63,102,40,68,36,115,58,7,37" hai3="18,66,77,64,107,49,72,128,59,85,41,89,97"/><W110/><G128/><T21/><D119/><U132/><E70/><V16/><F102/><W108/><G72/><T87/><D125/><U31/><E103/><V65/><F3/><W131/><G131/><T94/><D112/><N who="2" m="43050" /><F16/><W17/><G107/><T111/><D111/><N who="3" m="42537" /><G97/><T14/><D38/><N who="2" m="14954" /><F7/><W33/><G77/><T44/><D44/><U75/><E75/><V29/><F29/><W9/><G33/><T8/><D104/><U5/><E31/><V134/><F58/><W100/><G100/><T6/><D96/><U69/><E69/><V124/><F134/><N who="1" m="51817" /><E86/><V95/><F95/><N who="3" m="54703" /><G59/><T35/><D35/><U109/><E109/><V74/><F74/><W118/><G118/><T123/><D123/><U24/><E90/><V113/><F113/><W51/><G18/><T129/><D129/><U52/><E88/><V83/><F83/><W91/><G91/><T121/><D121/><U12/><E28/><V80/><F80/><W4/><G17/><T120/><D120/><U57/><E57/><V0/><F0/><N who="3" m="135" /><G51/><T1/><REACH who="0" step="1"/><D73/><REACH who="0" ten="105,364,185,336" step="2"/><U62/><E45/><AGARI ba="0,1" hai="41,45,49,64,66" m="135,54703,42537" machi="45" ten="30,1500,0" yaku="10,1" doraHai="76" who="3" fromWho="1" sc="105,0,364,-15,185,0,336,25" owari="105,-39.0,349,15.0,185,-21.0,361,45.0" /></mjloggm>