<mjloggm ver="2.3"><GO type="97" lobby="0"/><UN n0="%62%65%6B%65%6E%36%39" n1="%E3%82%A6%E3%83%AB%E3%83%88%E3%83%A9%E7%AB%8B%E7%9B%B4" n2="%63%79%6F%6E%70%69" n3="%74%69%6E%74" dan="14,15,14,16" rate="1956.91,1984.17,1997.01,2035.28" sx="M,M,M,M"/><TAIKYOKU oya="0"/><INIT seed="0,0,0,3,0,132" ten="250,250,250,250" oya="0" hai0="90,100,122,45,5,44,128,13,135,109,56,120,113" hai1="2,112,52,119,86,30,54,43,71,114,69,66,129" hai2="94,96,110,26,50,111,106,7,104,65,97,72,75" hai3="130,11,58,76,125,28,124,63,123,93,23,117,95"/><T25/><D113/><N who="1" m="43627" /><E2/><V91/><F65/><W98/><G117/><T131/><D100/><U53/><E30/><V57/><F7/><W33/><G33/><T35/><D56/><U81/><E119/><V102/><F26/><N who="3" m="16479" /><G130/><N who="0" m="49707" /><D135/><U85/><E129/><V24/><F24/><W29/><G29/><N who="0" m="19887" /><D90/><N who="1" m="51503" /><E66/><V0/><F57/><W70/><G70/><T92/><D92/><U10/><E86/><V73/><F50/><W64/><G123/><N who="0" m="47147" /><D109/><N who="2" m="41482" /><F0/><W36/><G36/><T116/><D116/><U61/><E61/><V51/><F51/><W22/><G76/><T6/><D13/><U80/><E80/><V127/><F106/><W121/><G121/><T59/><D59/><U15/><E43/><V21/><F21/><W107/><G22/><T126/><D126/><AGARI ba="0,0" hai="72,73,75,91,94,96,97,102,104,126,127" m="41482" machi="126" ten="40,8000,1" yaku="14,1,34,2,52,2" doraHai="132" who="2" fromWho="0" sc="250,-80,250,0,250,80,250,0" /><INIT seed="1,0,0,0,0,47" ten="170,250,330,250" oya="1" hai0="3,71,22,122,97,96,61,18,125,123,26,132,129" hai1="0,17,19,75,90,76,94,10,41,7,98,25,101" hai2="37,9,110,29,67,35,58,42,53,107,43,28,13" hai3="104,88,63,44,5,62,59,65,115,128,54,30,64"/><U56/><E41/><V92/><F37/><W85/><G115/><T131/><D3/><U21/><E76/><V116/><F107/><W102/><G128/><N who="0" m="49227" /><D71/><U118/><E75/><V78/><F35/><W135/><G135/><T20/><D61/><U51/><E118/><V48/><F116/><W105/><G5/><T57/><D57/><U40/><E101/><V31/><F110/><W93/><G30/><N who="0" m="17735" /><D96/><U73/><E73/><V16/><F67/><W121/><G121/><N who="0" m="46091" /><D97/><U113/><E113/><V46/><F78/><W100/><G104/><T124/><D132/><U87/><E98/><V74/><F74/><W69/><REACH who="3" step="1"/><G105/><REACH who="3" ten="170,250,330,240" step="2"/><T23/><D18/><U80/><E19/><V34/><F34/><W33/><G33/><T82/><D82/><U133/><E133/><V103/><F46/><W108/><G108/><T79/><D79/><U50/><E80/><V114/><F114/><W84/><G84/><T27/><D27/><U8/><E7/><V86/><F103/><W4/><G4/><T70/><D70/><U6/><E6/><V36/><F36/><W111/><G111/><T39/><D39/><U99/><E0/><V45/><F45/><W38/><G38/><T11/><D11/><U1/><E1/><V119/><F119/><W83/><G83/><T60/><D60/><U15/><E87/><V81/><F92/><W32/><G32/><T95/><D95/><U91/><E10/><V2/><F2/><W106/><G106/><T77/><D77/><U12/><E8/><V14/><F81/><W134/><G134/><T109/><D109/><U130/><E130/><RYUUKYOKU ba="0,1" sc="170,15,250,-15,330,-15,240,15" hai0="22,23,124,125" hai3="44,54,59,62,63,64,65,69,85,88,93,100,102" /><INIT seed="2,1,1,1,0,15" ten="185,235,315,255" oya="2" hai0="67,30,85,55,14,75,116,59,46,57,73,98,39" hai1="7,90,44,105,47,96,127,89,13,132,2,111,78" hai2="134,25,114,100,56,70,54,117,95,26,92,27,11" hai3="63,28,99,118,22,94,101,45,21,110,32,20,135"/><V8/><F70/><W122/><G118/><T123/><D116/><U112/><E2/><V109/><F117/><W80/><G122/><T0/><D0/><U34/><E34/><V81/><F114/><W83/><G110/><T108/><D108/><U97/><E111/><V69/><F69/><W19/><G135/><T88/><D123/><U61/><E112/><V43/><F43/><W50/><G63/><T6/><D30/><U1/><E1/><V115/><F115/><W126/><G126/><T76/><D98/><N who="1" m="37995" /><E105/><V72/><F100/><W23/><G32/><T131/><D131/><U79/><E61/><V119/><F134/><W129/><G28/><T125/><D125/><U128/><E127/><V36/><F36/><W104/><G104/><T3/><D3/><U124/><E132/><V53/><F109/><W130/><G130/><T120/><D120/><U93/><E128/><V48/><F81/><W37/><G37/><T10/><D76/><N who="1" m="29227" /><E93/><N who="2" m="35915" /><F72/><W64/><G64/><T38/><D39/><U71/><E71/><V12/><F119/><W31/><G31/><T41/><D67/><U60/><E60/><N who="2" m="35855" /><F12/><N who="3" m="9319" /><G129/><T106/><D106/><U35/><E35/><V51/><F51/><W87/><G87/><T107/><D107/><U86/><E86/><V33/><F33/><W29/><G29/><T5/><D5/><U62/><E62/><V49/><F49/><W42/><AGARI ba="1,1" hai="21,22,23,42,45,50,80,83,94,99,101" m="9319" machi="42" ten="30,2000,0" yaku="8,1,52,1" doraHai="15" who="3" fromWho="3" sc="185,-6,235,-6,315,-11,255,33" /><INIT seed="3,0,0,2,1,117" ten="179,229,304,288" oya="3" hai0="122,58,79,51,23,41,71,95,61,125,17,27,111" hai1="26,52,107,94,33,124,73,86,69,13,40,103,0" hai2="48,44,119,18,4,128,24,116,39,120,49,66,102" hai3="118,70,16,15,30,43,99,54,134,135,87,74,14"/><W32/><G74/><T97/><D111/><U9/><E0/><V84/><F39/><W115/><G118/><T45/><D71/><U57/><E69/><V35/><F4/><W123/><G123/><T92/><D125/><U88/><E73/><V60/><F120/><W47/><G115/><T109/><D109/><U56/><E124/><V6/><F6/><W96/><G70/><T133/><D133/><N who="3" m="50697" /><G54/><T50/><D122/><U10/><E40/><V110/><F110/><W129/><G129/><T64/><D79/><U130/><E130/><V78/><F102/><W90/><G30/><T101/><REACH who="0" step="1"/><D51/><REACH who="0" ten="169,229,304,288" step="2"/><N who="1" m="30751" /><E107/><AGARI ba="0,1" hai="17,23,27,41,45,50,58,61,64,92,95,97,101,107" machi="107" ten="30,7700,0" yaku="1,1,7,1,53,2" doraHai="117" doraHaiUra="91" who="0" fromWho="1" sc="169,87,229,-77,304,0,288,0" owari="256,-14.0,152,-35.0,304,40.0,288,9.0" /></mjloggm>