<mjloggm ver="2.3"><GO type="97" lobby="0"/><UN n0="%77%69%74%74" n1="%4F%53%43%37%37%37" n2="%E3%83%9B%E3%83%BC%E3%83%A0%E3%83%A9%E3%83%B3%E7%8E%8B" n3="%E3%82%A6%E3%83%AB%E3%83%88%E3%83%A9%E7%AB%8B%E7%9B%B4" dan="13,15,13,15" rate="1846.54,1945.90,1885.97,1997.97" sx="M,M,M,M"/><TAIKYOKU oya="0"/><INIT seed="0,0,0,3,5,89" ten="250,250,250,250" oya="0" hai0="111,20,65,13,95,27,3,109,70,59,7,21,60" hai1="96,37,19,73,32,9,46,39,6,88,121,99,126" hai2="8,77,52,131,17,120,64,38,16,106,31,29,67" hai3="22,123,116,71,69,83,94,5,12,10,4,84,130"/><T117/><D117/><U2/><E121/><V100/><F120/><W115/><G116/><T81/><D7/><U124/><E32/><V135/><F38/><W78/><G115/><T133/><D3/><U129/><E73/><V51/><F77/><W119/><G119/><T49/><D133/><U14/><E129/><V92/><F106/><W112/><G112/><T68/><D81/><U56/><E56/><N who="2" m="32799" /><F135/><W97/><G123/><T101/><D13/><U113/><E99/><N who="2" m="59495" /><F131/><W58/><G130/><T61/><D49/><U43/><E113/><V82/><F82/><W108/><G108/><N who="0" m="41547" /><D61/><U128/><E128/><V33/><F33/><W125/><G125/><T44/><D44/><U53/><E53/><V87/><F87/><W18/><G58/><T26/><D26/><U93/><REACH who="1" step="1"/><E39/><REACH who="1" ten="250,240,250,250" step="2"/><V79/><F79/><W103/><REACH who="3" step="1"/><G4/><REACH who="3" ten="250,240,250,240" step="2"/><T114/><D114/><U66/><E66/><N who="2" m="25131" /><F8/><AGARI ba="0,2" hai="2,6,8,9,14,19,37,43,46,88,93,96,124,126" machi="8" ten="40,8000,1" yaku="1,1,52,1,54,1,53,1" doraHai="89" doraHaiUra="41" who="1" fromWho="2" sc="250,0,240,100,250,-80,240,0" /><INIT seed="1,0,0,2,5,105" ten="250,340,170,240" oya="1" hai0="131,54,130,10,66,18,3,87,34,7,76,52,59" hai1="49,64,45,46,62,121,109,122,115,112,70,108,135" hai2="15,119,98,35,9,32,33,116,67,96,2,129,125" hai3="81,80,55,126,25,103,37,95,120,48,16,88,39"/><U101/><E135/><V17/><F67/><W26/><G103/><T1/><D34/><U44/><E49/><V85/><F85/><N who="3" m="52623" /><G39/><T36/><D1/><U94/><E94/><V8/><F98/><W0/><G0/><T20/><D36/><U86/><E86/><V91/><F91/><W107/><G107/><T61/><D87/><U47/><N who="1" m="11776" /><DORA hai="106" /><U102/><E102/><V63/><F63/><W27/><G120/><N who="1" m="46186" /><E101/><V127/><F96/><W78/><G126/><N who="2" m="48137" /><F129/><N who="0" m="49162" /><D76/><U22/><E22/><N who="2" m="11583" /><F2/><W71/><G71/><T73/><D73/><U84/><E84/><V110/><F110/><AGARI ba="0,0" hai="62,64,70,108,109,110,112,115" m="46186,11776" machi="110" ten="50,12000,1" yaku="14,1,10,1,34,2" doraHai="105,106" who="1" fromWho="2" sc="250,0,340,120,170,-120,240,0" /><INIT seed="1,1,0,1,0,52" ten="250,460,50,240" oya="1" hai0="0,58,114,112,17,42,3,87,134,85,69,82,109" hai1="54,30,122,104,90,86,108,49,6,1,100,68,64" hai2="25,13,96,119,57,131,44,5,128,59,110,65,47" hai3="36,4,95,61,7,62,2,78,43,118,129,67,133"/><U93/><E122/><V102/><F119/><W83/><G118/><T74/><D109/><U127/><E108/><V99/><F110/><W88/><G129/><N who="2" m="49737" /><F65/><W91/><G133/><T46/><D134/><U51/><E127/><V22/><F5/><W132/><G132/><T14/><D69/><U41/><E41/><V111/><F111/><W117/><G117/><T16/><D74/><U116/><E116/><V20/><F13/><W26/><G26/><T98/><D98/><N who="2" m="37418" /><F102/><W40/><G62/><T73/><D73/><U45/><E100/><V94/><F94/><W92/><G92/><T28/><D28/><U130/><E104/><V8/><F8/><W77/><G95/><T48/><D0/><U89/><E130/><V38/><F38/><W66/><G61/><T35/><D3/><U125/><E89/><V53/><F53/><W76/><G2/><T72/><D14/><U107/><E107/><V60/><F60/><W63/><G63/><T126/><D112/><U80/><E93/><V24/><F24/><W39/><G78/><T33/><D114/><U121/><E80/><AGARI ba="1,0" hai="4,7,36,39,40,43,66,67,76,77,80,83,88,91" machi="80" ten="25,3200,0" yaku="22,2,54,1" doraHai="52" who="3" fromWho="1" sc="250,0,460,-35,50,0,240,35" /><INIT seed="2,0,0,0,5,96" ten="250,425,50,275" oya="2" hai0="124,109,37,118,15,9,20,115,74,59,11,43,17" hai1="111,32,48,110,116,121,27,33,72,61,29,133,128" hai2="8,99,108,47,46,69,21,62,58,3,64,93,24" hai3="7,4,126,123,85,44,56,66,68,130,22,84,92"/><V19/><F69/><W39/><G68/><T83/><D109/><N who="1" m="41483" /><E72/><V2/><F108/><W132/><G126/><T91/><D124/><U57/><E116/><V122/><F122/><W55/><G66/><T88/><D118/><U86/><E121/><V114/><F114/><W65/><G65/><T79/><D115/><U28/><E128/><V71/><F71/><W78/><G130/><T45/><D9/><U106/><E106/><V112/><F112/><W35/><G35/><T103/><D103/><U105/><E105/><V113/><F113/><W127/><G127/><T42/><D42/><U12/><E12/><V53/><F8/><W16/><G39/><T81/><D81/><U107/><E107/><V76/><F76/><W135/><G44/><T0/><D59/><U23/><E48/><V63/><F63/><W129/><G129/><T87/><D87/><U70/><E70/><V125/><F125/><W13/><G85/><T31/><D31/><N who="1" m="17919" /><E86/><V89/><REACH who="2" step="1"/><F64/><REACH who="2" ten="250,425,40,275" step="2"/><W82/><G123/><T95/><D95/><U18/><E133/><N who="3" m="51274" /><G92/><T98/><D11/><U38/><E33/><V120/><F120/><W52/><G56/><T134/><D134/><U119/><E32/><V75/><F75/><W97/><G78/><T100/><D79/><U49/><E119/><V6/><F6/><W90/><G7/><T80/><D74/><U102/><E61/><V67/><F67/><W1/><G4/><T117/><D117/><U25/><E38/><V5/><F5/><W94/><G1/><AGARI ba="0,1" hai="1,2,3,19,21,24,46,47,53,58,62,89,93,99" machi="1" ten="40,7700,0" yaku="1,1,25,2,53,0" doraHai="96" doraHaiUra="10" who="2" fromWho="3" sc="250,0,425,0,40,87,275,-77" /><INIT seed="2,1,0,5,5,44" ten="250,425,127,198" oya="2" hai0="43,91,93,76,70,124,24,8,117,81,84,63,16" hai1="75,31,107,103,57,132,10,96,18,112,9,25,79" hai2="80,88,133,52,89,135,34,2,100,56,65,6,69" hai3="134,125,99,116,86,111,101,95,0,28,127,71,114"/><V62/><F34/><W115/><G71/><T49/><D124/><N who="3" m="47689" /><G0/><T37/><D37/><U45/><E112/><N who="3" m="43050" /><G28/><T105/><D105/><U4/><E132/><N who="2" m="50763" /><F100/><W64/><G64/><T73/><D117/><U113/><E113/><V53/><F2/><W22/><G22/><T126/><D126/><U83/><E18/><V118/><F118/><W32/><G32/><T68/><D63/><U78/><E78/><V60/><F6/><W128/><G134/><T82/><D82/><U123/><E123/><V27/><F27/><W19/><G19/><T120/><D120/><U61/><E45/><V131/><F131/><W94/><G116/><T15/><D43/><U102/><E102/><V5/><F5/><W67/><G67/><T39/><D39/><U11/><E4/><V50/><F80/><W92/><G128/><T7/><D81/><U97/><E97/><V21/><F21/><W48/><G111/><T58/><D68/><U20/><E9/><V17/><F17/><W74/><G74/><T51/><D70/><U35/><E35/><V59/><AGARI ba="1,0" hai="50,52,53,56,59,60,62,65,69,88,89" m="50763" machi="59" ten="30,11700,0" yaku="20,1,52,1,54,2" doraHai="44" who="2" fromWho="2" sc="250,-40,425,-40,127,120,198,-40" /><INIT seed="2,2,0,5,2,22" ten="210,385,247,158" oya="2" hai0="128,107,126,61,76,60,67,110,74,71,103,42,57" hai1="9,73,108,115,28,39,91,85,130,116,51,95,78" hai2="79,93,18,24,13,101,125,23,27,111,135,119,6" hai3="59,5,62,88,124,109,104,3,53,75,52,7,10"/><V98/><F119/><W106/><G75/><T54/><D110/><U0/><E108/><V43/><F111/><W64/><G109/><T99/><D126/><U80/><E39/><V11/><F125/><W48/><G124/><T29/><D128/><U55/><E116/><V31/><F135/><W122/><G122/><T1/><D1/><U72/><E115/><V25/><F79/><W89/><G7/><T90/><D42/><U58/><E28/><V66/><F66/><W70/><REACH who="3" step="1"/><G53/><REACH who="3" ten="210,385,247,148" step="2"/><T41/><D41/><U16/><E130/><V4/><F43/><W50/><G50/><T132/><D132/><U26/><E0/><V69/><F69/><W118/><G118/><T123/><D123/><U47/><E72/><V94/><REACH who="2" step="1"/><F94/><REACH who="2" ten="210,385,237,148" step="2"/><W77/><G77/><T46/><D76/><U12/><E73/><V2/><F2/><W82/><G82/><T8/><D74/><U19/><E78/><V37/><F37/><W17/><G17/><T117/><D71/><U120/><E120/><V20/><F20/><W129/><G129/><T56/><D117/><U40/><E40/><V30/><F30/><W112/><G112/><T102/><D29/><U36/><E36/><V63/><F63/><W35/><G35/><T68/><D60/><U114/><E114/><V65/><F65/><W127/><G127/><T131/><D61/><U97/><E80/><V92/><F92/><W84/><G84/><T44/><D67/><U49/><E85/><V14/><F14/><W113/><G113/><T100/><D68/><U34/><E51/><V81/><F81/><W105/><AGARI ba="2,2" hai="3,5,10,48,52,59,62,64,70,88,89,104,105,106" machi="105" ten="30,8000,1" yaku="1,1,5,1,0,1,54,2,53,0" doraHai="22" doraHaiUra="96" who="3" fromWho="3" sc="210,-22,385,-22,237,-42,148,106" /><INIT seed="3,0,0,0,4,80" ten="188,363,195,254" oya="3" hai0="98,9,87,74,28,115,124,41,35,112,16,12,103" hai1="26,51,73,93,65,40,86,108,45,22,122,67,4" hai2="10,109,125,119,123,63,21,53,37,113,3,59,17" hai3="23,89,135,77,120,38,128,133,75,20,121,15,81"/><W31/><G38/><T48/><D124/><U130/><E122/><V46/><F113/><N who="0" m="43594" /><D74/><U92/><E73/><V27/><F119/><W127/><G23/><T83/><D28/><U5/><E130/><V33/><F125/><W39/><G39/><T85/><D35/><U47/><E47/><V13/><F123/><W50/><G127/><T18/><D18/><N who="1" m="12631" /><E108/><V11/><F109/><W30/><G30/><T105/><D83/><U104/><E104/><V57/><F57/><W117/><G117/><T25/><D25/><U24/><E24/><V97/><F97/><W70/><G70/><T106/><D106/><U54/><E40/><V60/><F60/><W84/><G31/><T94/><D105/><U66/><E86/><V102/><F102/><W132/><G50/><T61/><D61/><U134/><E134/><V2/><F37/><W64/><G64/><T72/><D72/><U99/><E93/><V88/><F46/><AGARI ba="0,0" hai="9,12,16,41,46,48,85,87,94,98,103" m="43594" machi="46" ten="30,7700,0" yaku="11,1,52,2,54,1" doraHai="80" who="0" fromWho="2" sc="188,77,363,0,195,-77,254,0" owari="265,7.0,363,46.0,118,-38.0,254,-15.0" /></mjloggm>