<mjloggm ver="2.3"><GO type="97" lobby="0"/><UN n0="%61%61%61%73" n1="%E3%82%A6%E3%83%AB%E3%83%88%E3%83%A9%E7%AB%8B%E7%9B%B4" n2="%4F%53%43%37%37%37" n3="%E7%88%86%E6%92%83%E3%81%A1%E3%82%83%E3%82%93" dan="15,15,15,15" rate="1990.09,2005.34,1999.39,2053.27" sx="M,M,M,M"/><TAIKYOKU oya="0"/><INIT seed="0,0,0,0,5,12" ten="250,250,250,250" oya="0" hai0="28,23,35,22,89,130,94,73,119,57,117,4,11" hai1="59,41,40,118,86,93,61,87,69,113,5,67,97" hai2="49,111,105,47,50,55,107,18,90,91,1,58,37" hai3="7,16,81,51,43,104,53,133,110,128,109,13,132"/><T99/><D73/><U10/><E118/><V52/><F1/><W21/><G104/><T84/><D130/><U127/><E69/><V75/><F75/><W48/><G128/><T85/><D35/><U9/><E113/><V32/><F32/><W29/><G29/><T124/><D124/><U68/><E68/><V20/><F37/><W66/><G66/><T83/><D28/><U62/><E127/><V15/><F111/><N who="3" m="42507" /><G7/><T14/><D84/><U77/><E62/><V6/><F6/><W27/><G27/><T46/><D57/><U120/><E120/><V65/><F91/><W108/><G108/><T63/><D63/><U101/><E10/><V134/><F134/><N who="3" m="51819" /><G43/><T45/><D119/><U112/><E112/><V36/><F36/><W30/><G30/><T121/><D121/><U116/><E116/><V115/><F115/><W33/><G33/><T19/><D117/><U39/><E39/><V79/><F79/><W31/><G31/><T64/><D64/><U26/><E26/><V92/><F65/><W96/><G96/><AGARI ba="0,0" hai="15,18,20,47,49,50,52,55,58,90,92,96,105,107" machi="96" ten="30,3900,0" yaku="7,1,52,1,54,1" doraHai="12" who="2" fromWho="3" sc="250,0,250,0,250,39,250,-39" /><INIT seed="1,0,0,0,2,84" ten="250,250,289,211" oya="1" hai0="72,75,10,73,14,104,5,58,77,125,51,103,0" hai1="69,12,124,4,131,70,115,2,3,27,23,33,67" hai2="74,119,93,65,130,44,36,78,40,101,18,90,42" hai3="128,122,132,120,38,57,63,24,91,82,25,39,96"/><U71/><E115/><V129/><F119/><W116/><G116/><T68/><D125/><U56/><E124/><V94/><F65/><W118/><G118/><T85/><D68/><U61/><E131/><N who="2" m="50187" /><F42/><W62/><G128/><T123/><D123/><U45/><E33/><V99/><F74/><W87/><G132/><T17/><D77/><U127/><E127/><V53/><F78/><W134/><G134/><T106/><D85/><U133/><E133/><V88/><F18/><W48/><G48/><T16/><D17/><U100/><E100/><V46/><F94/><W19/><G96/><T55/><REACH who="0" step="1"/><D103/><REACH who="0" ten="240,250,289,211" step="2"/><U7/><E69/><V79/><F79/><W80/><G19/><T8/><AGARI ba="0,1" hai="0,5,8,10,14,16,51,55,58,72,73,75,104,106" machi="8" ten="40,8000,1" yaku="1,1,2,1,0,1,54,1,53,0" doraHai="84" doraHaiUra="112" who="0" fromWho="0" sc="240,90,250,-40,289,-20,211,-20" /><INIT seed="2,0,0,2,4,24" ten="330,210,269,191" oya="2" hai0="125,120,118,12,92,115,134,86,51,3,27,83,133" hai1="54,114,11,102,60,40,45,20,68,30,18,55,23" hai2="88,16,56,61,37,41,119,110,28,52,126,19,122" hai3="34,94,105,65,25,128,89,13,29,69,117,116,81"/><V58/><F119/><W96/><G128/><T5/><D120/><U72/><E72/><V66/><F122/><W9/><G81/><T124/><D118/><U10/><E114/><V39/><F126/><N who="0" m="48746" /><D12/><U76/><E76/><V97/><F110/><W98/><G13/><T135/><D92/><U73/><E73/><V132/><F132/><W7/><G9/><N who="0" m="2239" /><D51/><U112/><E112/><V6/><F6/><W57/><G57/><T0/><D0/><U26/><E102/><V62/><F39/><W87/><G7/><T121/><D121/><U2/><E2/><V78/><F78/><W111/><G111/><T75/><D75/><U101/><E101/><V46/><REACH who="2" step="1"/><F28/><REACH who="2" ten="330,210,259,191" step="2"/><W59/><G117/><T22/><D115/><U131/><E131/><V17/><F17/><W36/><G116/><T108/><D108/><U42/><E30/><V70/><F70/><W100/><G36/><T21/><D27/><U31/><E68/><V74/><F74/><W14/><G69/><T104/><D104/><U32/><E18/><V63/><F63/><W1/><G105/><T93/><D93/><AGARI ba="0,1" hai="16,19,37,41,46,52,56,58,61,62,66,88,93,97" machi="93" ten="40,12000,1" yaku="1,1,54,3,53,0" doraHai="24" doraHaiUra="67" who="2" fromWho="0" sc="330,-120,210,0,259,130,191,0" /><INIT seed="2,1,0,0,0,93" ten="210,210,389,191" oya="2" hai0="38,18,46,50,113,111,26,121,129,58,77,95,47" hai1="76,123,7,126,88,100,98,124,15,101,1,16,69" hai2="120,84,79,44,22,59,99,130,11,110,133,35,54" hai3="103,5,32,132,72,81,68,127,90,134,31,27,49"/><V65/><F120/><W60/><G5/><T55/><D121/><U105/><E69/><V34/><F35/><W0/><G0/><T94/><D113/><U117/><E117/><V114/><F34/><W41/><G127/><N who="1" m="48682" /><E123/><V45/><F114/><W128/><G128/><T71/><D71/><U14/><E76/><V66/><F11/><W28/><G28/><T53/><D129/><U118/><E118/><V116/><F116/><W75/><G103/><T37/><D77/><U63/><E63/><V86/><F130/><W78/><G90/><T64/><D111/><U67/><E67/><N who="2" m="25611" /><F22/><W6/><G6/><T20/><D64/><U70/><E70/><V104/><F104/><W48/><G60/><T115/><D115/><U119/><E119/><V89/><F79/><W29/><G29/><T40/><D37/><U39/><E39/><V102/><F102/><W80/><G68/><T12/><D26/><U107/><E1/><V42/><F42/><W3/><G3/><T19/><D18/><U9/><E101/><V74/><F74/><N who="3" m="28203" /><G41/><T91/><D91/><U56/><E100/><V4/><F4/><W108/><G108/><T106/><D106/><U112/><E112/><V21/><F21/><W51/><G78/><T17/><D17/><U87/><E105/><V73/><F73/><W135/><AGARI ba="1,0" hai="27,31,32,48,49,51,80,81,132,134,135" m="28203" machi="135" ten="40,1500,0" yaku="20,1" doraHai="93" who="3" fromWho="3" sc="210,-5,210,-5,389,-8,191,18" /><INIT seed="3,0,0,5,4,63" ten="205,205,381,209" oya="3" hai0="39,47,87,38,108,11,40,135,64,83,79,33,134" hai1="94,96,34,27,102,56,24,42,109,89,117,10,3" hai2="31,4,66,23,12,26,103,113,28,112,107,126,70" hai3="45,86,72,104,80,22,99,118,9,20,77,130,17"/><W106/><G118/><T125/><D108/><U0/><E109/><V14/><F126/><W35/><G35/><T75/><D125/><U92/><E117/><V84/><F84/><W16/><G130/><T18/><D38/><U131/><E131/><V127/><F31/><W48/><G9/><T123/><D33/><U41/><E34/><N who="2" m="20759" /><F4/><W50/><G72/><T57/><D64/><U111/><E111/><V121/><F121/><W132/><G132/><N who="0" m="50731" /><D57/><U65/><E3/><V51/><F51/><W85/><G99/><T15/><D123/><U91/><E0/><V88/><F88/><N who="1" m="33865" /><E92/><V49/><F49/><W73/><G73/><AGARI ba="0,0" hai="11,15,18,39,40,47,73,75,79,83,87" m="50731" machi="73" ten="30,1000,0" yaku="20,1" doraHai="63" who="0" fromWho="3" sc="205,10,205,0,381,0,209,-10" owari="215,2.0,205,-19.0,381,47.0,199,-30.0" /></mjloggm>