<mjloggm ver="2.3"><GO type="97" lobby="0"/><UN n0="%E3%82%A6%E3%83%AB%E3%83%88%E3%83%A9%E7%AB%8B%E7%9B%B4" n1="%E9%BB%92%E6%B2%BC%5F%E7%88%BD%E5%AD%90" n2="%E6%9C%88%E8%A9%A0%E3%80%90%E9%BE%8D%E3%80%91" n3="%6D%6F%63%68%69%32%31%35" dan="15,14,14,13" rate="1988.62,1917.90,1919.74,1897.65" sx="M,F,M,F"/><TAIKYOKU oya="0"/><INIT seed="0,0,0,5,3,89" ten="250,250,250,250" oya="0" hai0="87,63,88,99,25,71,131,53,91,113,46,86,34" hai1="56,129,83,109,90,125,69,81,79,94,39,101,70" hai2="41,47,20,54,118,85,77,29,0,18,115,28,49" hai3="58,123,36,6,26,120,61,5,48,13,130,95,44"/><T64/><D131/><U110/><E39/><V103/><F0/><W128/><G36/><T116/><D116/><U16/><E129/><N who="3" m="49770" /><G95/><T42/><D113/><U68/><E125/><V133/><F115/><W135/><G135/><T19/><D53/><U67/><E101/><V121/><F121/><N who="3" m="46667" /><G26/><T97/><D34/><U107/><E107/><V9/><F118/><W3/><G3/><T24/><D25/><U60/><E16/><V50/><F133/><W27/><G27/><T80/><D19/><U65/><E65/><V74/><F9/><W100/><G100/><T105/><D24/><U92/><E90/><V108/><F103/><W124/><G124/><T119/><D105/><U23/><E23/><V12/><F108/><N who="1" m="41577" /><E83/><N who="2" m="47343" /><F74/><AGARI ba="0,0" hai="56,60,67,68,69,70,74,79,81,92,94" m="41577" machi="74" ten="40,5200,0" yaku="14,1,52,2" doraHai="89" who="1" fromWho="2" sc="250,0,250,52,250,-52,250,0" /><INIT seed="1,0,0,3,0,2" ten="250,302,198,250" oya="1" hai0="69,71,115,43,5,18,119,82,64,15,124,65,127" hai1="13,116,107,61,68,88,93,26,118,39,121,132,77" hai2="106,133,53,120,114,49,56,100,84,62,109,24,29" hai3="45,96,91,123,31,110,4,9,135,113,36,129,33"/><U75/><E121/><V46/><F120/><W20/><G123/><T41/><D82/><U57/><E39/><V63/><F114/><W32/><G113/><T6/><D115/><U103/><E68/><V99/><F133/><W27/><G135/><T14/><REACH who="0" step="1"/><D18/><REACH who="0" ten="240,302,198,250" step="2"/><U125/><E116/><AGARI ba="0,1" hai="5,6,14,15,41,43,64,65,69,71,116,119,124,127" machi="116" ten="25,16000,3" yaku="1,1,2,1,22,2,52,2,53,2" doraHai="2" doraHaiUra="67" who="0" fromWho="1" sc="240,170,302,-160,198,0,250,0" /><INIT seed="2,0,0,3,1,85" ten="410,142,198,250" oya="2" hai0="106,19,107,76,89,67,48,118,59,84,126,1,31" hai1="105,121,27,13,81,50,40,14,70,77,119,135,10" hai2="38,24,83,131,65,122,79,117,129,26,94,87,116" hai3="32,0,111,114,100,28,125,109,22,73,108,71,17"/><V61/><F38/><W42/><G71/><T46/><D1/><U86/><E105/><V74/><F122/><W33/><G73/><T18/><D76/><U96/><E119/><V2/><F2/><W66/><G66/><T57/><D31/><U16/><E70/><V55/><F74/><W7/><G42/><T78/><D78/><U72/><E135/><V68/><F55/><W120/><G100/><T134/><D134/><U92/><E121/><V25/><REACH who="2" step="1"/><F94/><REACH who="2" ten="410,142,188,250" step="2"/><W54/><G120/><T91/><D118/><AGARI ba="0,1" hai="24,25,26,61,65,68,79,83,87,116,117,118,129,131" machi="118" ten="40,7700,0" yaku="1,1,2,1,53,1" doraHai="85" doraHaiUra="80" who="2" fromWho="0" sc="410,-77,142,0,188,87,250,0" /><INIT seed="2,1,0,4,0,13" ten="333,142,275,250" oya="2" hai0="126,112,128,74,108,5,10,2,124,75,60,120,79" hai1="55,117,6,54,47,24,9,40,73,71,92,35,132" hai2="64,23,11,36,85,72,133,106,107,62,1,113,20" hai3="61,38,76,63,58,82,91,22,122,104,89,32,121"/><V48/><F36/><W44/><G104/><T115/><D120/><U14/><E73/><N who="0" m="27657" /><D79/><U41/><E71/><V111/><F72/><W105/><G32/><T83/><D83/><U90/><E117/><V125/><F113/><N who="0" m="43594" /><D60/><U95/><E132/><V69/><F133/><W34/><G105/><T25/><D25/><U53/><E47/><V88/><F125/><N who="0" m="48234" /><D108/><U101/><E101/><V100/><F111/><W86/><G82/><T46/><D46/><U78/><E78/><V96/><F107/><W49/><G44/><T30/><D30/><U29/><REACH who="1" step="1"/><E95/><REACH who="1" ten="333,132,275,250" step="2"/><V51/><F100/><W114/><G76/><T129/><AGARI ba="1,1" hai="2,5,10,128,129" m="48234,43594,27657" machi="129" ten="40,2700,0" yaku="18,1,23,1" doraHai="13" who="0" fromWho="0" sc="333,40,132,-8,275,-14,250,-8" /><INIT seed="3,0,0,4,4,116" ten="373,124,261,242" oya="3" hai0="122,85,46,97,50,132,10,60,52,98,71,75,110" hai1="68,112,90,119,99,103,13,86,101,11,40,44,48" hai2="108,21,66,120,93,109,82,9,129,62,54,28,80" hai3="16,37,111,133,6,115,78,32,123,17,55,107,64"/><W77/><G123/><T70/><D75/><U22/><E119/><V89/><F129/><W3/><G115/><T130/><D122/><U83/><E112/><V43/><F54/><W100/><G32/><T88/><D130/><U104/><E68/><V92/><F43/><W49/><G37/><T65/><D71/><U73/><E73/><V12/><F21/><W135/><G64/><T72/><D72/><U29/><E104/><V20/><F20/><W45/><G111/><N who="2" m="42569" /><F28/><W95/><G107/><T58/><D110/><U91/><E91/><V105/><F105/><W24/><G24/><T124/><D132/><N who="3" m="50761" /><G3/><T15/><D124/><U0/><E0/><V25/><F25/><W26/><G6/><N who="0" m="3543" /><D70/><U56/><E56/><N who="2" m="37191" /><F93/><AGARI ba="0,0" hai="46,50,52,58,60,65,85,88,93,97,98" m="3543" machi="93" ten="30,3900,0" yaku="8,1,54,2" doraHai="116" who="0" fromWho="2" sc="373,39,124,0,261,-39,242,0" owari="412,52.0,124,-38.0,222,-18.0,242,4.0" /></mjloggm>