<mjloggm ver="2.3"><GO type="97" lobby="0"/><UN n0="%4D%41%4B%45%53" n1="%E5%A4%A7%E6%A9%8B%E8%99%9A%E6%B3%89" n2="%E3%82%A6%E3%83%AB%E3%83%88%E3%83%A9%E7%AB%8B%E7%9B%B4" n3="%6B%6F%6E%65%6B%6F" dan="14,13,15,13" rate="1889.06,1910.41,1996.14,1875.00" sx="M,M,M,M"/><TAIKYOKU oya="0"/><INIT seed="0,0,0,4,3,128" ten="250,250,250,250" oya="0" hai0="132,112,1,73,86,35,120,116,14,134,68,111,91" hai1="109,37,33,19,18,9,31,123,93,66,50,83,27" hai2="39,102,13,38,77,89,47,70,24,49,63,62,95" hai3="34,0,28,32,71,11,46,42,92,107,29,97,17"/><T104/><D14/><U113/><E37/><V106/><F77/><W64/><G107/><T55/><D55/><U122/><E66/><V85/><F102/><W94/><G71/><T67/><D67/><U5/><E83/><V45/><F106/><W56/><G64/><T118/><D91/><U96/><E113/><V40/><F13/><W21/><G56/><T78/><D86/><U23/><E109/><V16/><F70/><W10/><G92/><T15/><D15/><N who="1" m="9727" /><E50/><V82/><F95/><W7/><G97/><T90/><D90/><U99/><E96/><V115/><F115/><W87/><G94/><T129/><D78/><U30/><E99/><V58/><F58/><W114/><G87/><T57/><D57/><U53/><E93/><V25/><F49/><W88/><G88/><T51/><D51/><U126/><E53/><V8/><F62/><W110/><G46/><T36/><D118/><U6/><E31/><N who="3" m="11850" /><G42/><T72/><D72/><U61/><E61/><V43/><F63/><W48/><G48/><T100/><D100/><U101/><E101/><V59/><F59/><W119/><G114/><T54/><D54/><U125/><E6/><V124/><F43/><W20/><G119/><T79/><D79/><U84/><E18/><V98/><F16/><W52/><G52/><T2/><D2/><N who="1" m="183" /><E84/><V75/><F85/><W12/><G110/><T127/><AGARI ba="0,0" hai="1,35,36,68,73,104,111,112,116,120,127,129,132,134" machi="127" ten="0,48000,5" yakuman="47" doraHai="128" who="0" fromWho="0" sc="250,480,250,-160,250,-160,250,-160" /><INIT seed="0,1,0,5,1,47" ten="730,90,90,90" oya="0" hai0="60,106,19,32,40,128,70,121,110,7,89,26,11" hai1="75,10,97,69,114,62,115,101,103,84,64,126,4" hai2="96,83,94,122,68,14,20,0,71,39,12,29,131" hai3="65,99,86,35,22,133,102,33,88,130,112,57,25"/><T44/><D121/><U108/><E126/><V38/><F122/><W28/><G112/><N who="1" m="43050" /><E84/><V52/><F0/><W119/><G119/><T9/><D128/><U87/><E87/><V34/><F34/><W66/><G133/><T123/><D123/><U100/><E75/><V85/><F131/><W50/><G130/><T105/><D110/><U116/><E116/><V93/><F29/><W104/><G35/><T118/><D118/><U55/><E55/><V17/><F14/><W81/><G33/><T58/><D70/><U43/><E43/><V91/><F68/><W16/><REACH who="3" step="1"/><G28/><REACH who="3" ten="730,90,90,80" step="2"/><T109/><D32/><U77/><E108/><V74/><F71/><W53/><AGARI ba="1,1" hai="16,22,25,50,53,57,65,66,81,86,88,99,102,104" machi="53" ten="30,12000,2" yaku="1,1,2,1,0,1,52,1,54,2,53,0" doraHai="47" doraHaiUra="113" who="3" fromWho="3" sc="730,-61,90,-31,90,-31,80,133" /><INIT seed="1,0,0,5,4,73" ten="669,59,59,213" oya="1" hai0="100,55,86,103,56,50,131,35,108,4,49,134,26" hai1="122,22,77,52,58,47,98,11,20,10,17,102,8" hai2="9,70,21,64,31,129,28,79,60,124,19,40,66" hai3="16,94,76,34,75,36,13,68,83,27,0,80,105"/><U74/><E122/><V1/><F124/><W113/><G105/><T24/><D108/><U29/><E47/><V72/><F129/><W107/><G113/><T82/><D131/><U111/><E111/><V91/><F66/><W123/><G107/><T14/><D134/><U85/><E74/><V93/><F40/><W23/><G123/><T43/><D35/><U54/><E29/><V109/><F109/><W57/><G68/><T87/><D4/><U115/><E115/><V90/><F90/><W120/><G36/><T30/><D14/><U92/><E22/><V110/><F110/><W12/><G120/><T65/><D65/><U6/><E6/><V132/><F132/><W69/><G0/><T135/><D135/><U97/><E98/><V42/><F42/><W125/><G69/><T89/><D86/><U101/><E101/><N who="0" m="38985" /><D30/><U15/><REACH who="1" step="1"/><E58/><REACH who="1" ten="669,49,59,213" step="2"/><N who="2" m="36887" /><F31/><W45/><G34/><T44/><AGARI ba="0,1" hai="24,26,43,44,49,50,55,56,82,87,89" m="38985" machi="44" ten="30,1100,0" yaku="8,1" doraHai="73" who="0" fromWho="0" sc="669,21,49,-5,59,-3,213,-3" /><INIT seed="2,0,0,5,3,4" ten="690,44,56,210" oya="2" hai0="116,127,107,46,0,110,55,78,67,113,25,109,13" hai1="87,26,79,101,85,59,54,105,12,44,64,71,48" hai2="52,108,76,50,111,36,38,47,42,134,27,9,81" hai3="84,123,124,131,117,32,104,74,106,20,57,39,6"/><V24/><F134/><W49/><G32/><T72/><D107/><U122/><E71/><V77/><F9/><W96/><G74/><T7/><D113/><U8/><E105/><V83/><F27/><W56/><G39/><T62/><D116/><U3/><E3/><V34/><F24/><W5/><G117/><T70/><D127/><U120/><E101/><V61/><F34/><W21/><G123/><N who="1" m="47146" /><E26/><V99/><F99/><W95/><G131/><T65/><D65/><U15/><E15/><V60/><F81/><W129/><G124/><T30/><D13/><U23/><E23/><V68/><F77/><W11/><G129/><T119/><D119/><U132/><E132/><V2/><F2/><W130/><G130/><T40/><D55/><U89/><E79/><V121/><F121/><W41/><G6/><T92/><D92/><U133/><E133/><V10/><F10/><W97/><G84/><N who="1" m="32330" /><E89/><V125/><F125/><W33/><G33/><N who="0" m="20687" /><D78/><U91/><E91/><V17/><F83/><W31/><G106/><T16/><D72/><U128/><E128/><V94/><F94/><W93/><G104/><T115/><D115/><U53/><E64/><N who="2" m="40975" /><F76/><W135/><G135/><T69/><D7/><N who="1" m="3103" /><E54/><V90/><F90/><W22/><G31/><T35/><D0/><U112/><E112/><V51/><F17/><W98/><G41/><T28/><D16/><U75/><E75/><V100/><F100/><W114/><G114/><T43/><D35/><U73/><E73/><V19/><F19/><W29/><G29/><T82/><D28/><U37/><E37/><N who="2" m="14443" /><F51/><W118/><G49/><RYUUKYOKU ba="0,0" sc="690,-15,44,15,56,15,210,-15" hai1="44,48,53,59" hai2="42,47,50,52,60,108,111" /><INIT seed="2,1,0,0,5,29" ten="675,59,71,195" oya="2" hai0="32,83,64,22,15,98,40,122,27,121,18,58,69" hai1="61,131,87,128,67,126,39,54,10,16,106,96,21" hai2="76,75,59,71,43,125,97,85,11,48,81,63,74" hai3="111,113,110,30,5,99,72,35,45,68,19,117,49"/><V9/><F125/><W134/><G68/><T89/><D69/><U0/><E39/><V51/><F71/><W17/><G72/><T84/><D40/><U133/><E126/><V24/><F75/><W73/><G73/><T103/><D32/><U107/><E133/><V109/><F74/><W95/><G117/><T127/><D127/><U77/><E54/><V31/><F97/><W44/><G134/><T46/><D46/><N who="3" m="18025" /><G5/><T42/><D42/><U1/><E10/><V3/><F109/><N who="3" m="41483" /><G49/><T66/><D122/><U4/><E4/><V105/><F105/><N who="1" m="39945" /><E96/><V60/><F43/><W91/><G113/><T130/><D121/><U104/><N who="1" m="39953" /><U129/><DORA hai="115" /><E87/><V65/><F60/><W108/><N who="3" m="41491" /><W62/><DORA hai="118" /><G62/><T82/><D82/><U78/><E61/><V12/><F3/><N who="1" m="1097" /><E67/><V80/><F80/><W112/><G112/><T28/><D130/><U26/><AGARI ba="1,0" hai="16,21,26,77,78,128,129,131" m="1097,39953" machi="26" ten="50,3200,0" yaku="19,1,54,1" doraHai="29,115,118" who="1" fromWho="1" sc="675,-9,59,35,71,-17,195,-9" /><INIT seed="3,0,0,4,5,118" ten="666,94,54,186" oya="3" hai0="21,128,35,1,29,36,61,49,17,125,41,93,37" hai1="122,89,85,42,94,68,131,59,33,63,2,109,123" hai2="73,38,77,129,23,98,56,9,31,127,115,102,117" hai3="47,78,45,96,66,13,114,133,95,83,75,28,54"/><W12/><G114/><T48/><D128/><U71/><E2/><V134/><F38/><W53/><G133/><T58/><D125/><U87/><E33/><V79/><F117/><W84/><G75/><T124/><D124/><U40/><E131/><V132/><F127/><W103/><G66/><T111/><D111/><U104/><E104/><N who="2" m="63575" /><F129/><W6/><G28/><T81/><D1/><U90/><E109/><V69/><F69/><N who="1" m="26697" /><E59/><V74/><F9/><N who="3" m="4151" /><G13/><T80/><D35/><U91/><E63/><V22/><F56/><W105/><G105/><T14/><D36/><U24/><E94/><V18/><F31/><W126/><G126/><T32/><D37/><U10/><E24/><V50/><F50/><N who="0" m="19562" /><D32/><U43/><E10/><V25/><F23/><W135/><G135/><N who="2" m="51753" /><F74/><W5/><G5/><T112/><D112/><U19/><E19/><V130/><F115/><W27/><G27/><N who="0" m="16623" /><D41/><U3/><E3/><V4/><F130/><W92/><G92/><T62/><D93/><U108/><E108/><V20/><F4/><W15/><G15/><T7/><D7/><U70/><E70/><V106/><F106/><W86/><G86/><AGARI ba="0,0" hai="40,42,43,85,86,87,89,90,91,122,123" m="26697" machi="86" ten="40,8000,1" yaku="28,2,52,2" doraHai="118" who="1" fromWho="3" sc="666,0,94,80,54,0,186,-80" owari="666,77.0,174,-3.0,54,-45.0,106,-29.0" /></mjloggm>