<mjloggm ver="2.3"><GO type="41" lobby="0"/><UN n0="%E3%82%A6%E3%83%AB%E3%83%88%E3%83%A9%E7%AB%8B%E7%9B%B4" n1="%E5%8A%9B%E3%81%98%E3%82%83%E3%82%88" n2="%E3%82%B1%E3%83%AD%E3%83%A6%E3%82%AD" n3="%73%6F%72%61%6C%61" dan="16,13,13,14" rate="2014.58,2034.94,1853.17,1892.24" sx="M,M,M,F"/><TAIKYOKU oya="0"/><INIT seed="0,0,0,1,0,131" ten="250,250,250,250" oya="0" hai0="62,23,102,8,80,135,4,110,71,89,73,107,114" hai1="122,91,56,50,65,121,19,94,109,66,118,22,57" hai2="3,21,95,92,0,125,126,38,28,54,79,64,78" hai3="2,113,25,127,15,83,6,124,105,46,44,30,67"/><T33/><D114/><U14/><E118/><V115/><F115/><W5/><G113/><T132/><D33/><U7/><E109/><V41/><F54/><W24/><G2/><T18/><D110/><U17/><E121/><V37/><F21/><N who="3" m="15631" /><G105/><T93/><D102/><U13/><E122/><V49/><F49/><W82/><G67/><N who="1" m="25610" /><E7/><N who="3" m="2570" /><G25/><T128/><D107/><U112/><E50/><V119/><F41/><W123/><G15/><T74/><D62/><U45/><E45/><N who="3" m="17514" /><G123/><T60/><D60/><U34/><E34/><V59/><F59/><W9/><G9/><T10/><D71/><U85/><E112/><V117/><F28/><W32/><G32/><T39/><D39/><U108/><E108/><V63/><F64/><W77/><G77/><N who="0" m="44079" /><D74/><U88/><E91/><V87/><REACH who="2" step="1"/><F87/><REACH who="2" ten="250,250,240,250" step="2"/><W1/><G1/><N who="0" m="15" /><D10/><AGARI ba="0,1" hai="10,13,14,17,19,22,56,57,85,88,94" m="25610" machi="10" ten="30,2000,0" yaku="8,1,54,1" doraHai="131" who="1" fromWho="0" sc="250,-20,250,30,240,0,250,0" /><INIT seed="1,0,0,5,0,95" ten="230,280,240,250" oya="1" hai0="43,85,116,119,42,92,64,12,33,121,105,70,21" hai1="78,134,129,111,117,31,112,0,38,75,49,59,71" hai2="26,6,88,123,18,45,9,54,15,69,94,65,44" hai3="86,11,29,80,27,37,93,51,97,67,39,73,4"/><U23/><RYUUKYOKU type="yao9" ba="0,0" sc="230,0,280,0,240,0,250,0" hai1="0,23,31,38,49,59,71,75,78,111,112,117,129,134" /><INIT seed="1,1,0,0,5,33" ten="230,280,240,250" oya="1" hai0="17,82,46,111,27,130,36,85,19,25,18,91,64" hai1="69,31,41,38,20,134,112,42,110,54,23,66,86" hai2="22,95,94,117,50,58,106,52,11,49,57,88,87" hai3="47,122,73,92,28,75,118,116,4,74,14,79,131"/><U12/><E112/><V125/><F117/><N who="3" m="45163" /><G122/><T16/><D130/><U99/><E38/><V77/><F125/><W97/><G131/><T60/><D111/><U9/><E69/><V81/><F106/><W98/><G28/><T120/><D120/><U115/><E115/><V3/><F22/><W15/><G47/><T67/><N who="0" m="4096" /><DORA hai="71" /><T124/><D124/><U51/><E66/><V2/><F11/><W7/><G79/><T78/><D64/><U108/><E134/><V6/><F6/><N who="3" m="2091" /><G97/><T76/><D78/><U24/><E99/><V39/><F39/><W29/><G29/><T40/><REACH who="0" step="1"/><D76/><REACH who="0" ten="220,280,240,250" step="2"/><U0/><E110/><V53/><F95/><W61/><G61/><T30/><D30/><U123/><E108/><V80/><REACH who="2" step="1"/><F80/><REACH who="2" ten="220,280,230,250" step="2"/><W62/><G62/><T59/><AGARI ba="1,2" hai="25,27,36,40,46,59,60,67,82,85,91" m="4096" machi="59" ten="40,8000,1" yaku="1,1,0,1,52,1,54,1,53,1" doraHai="33,71" doraHaiUra="63,133" who="0" fromWho="0" sc="220,103,280,-41,230,-21,250,-21" /><INIT seed="2,0,0,3,4,1" ten="323,239,209,229" oya="2" hai0="38,129,99,3,8,91,64,20,55,50,107,105,101" hai1="23,43,22,7,133,46,75,51,116,47,66,119,19" hai2="63,0,33,98,16,59,21,90,45,118,108,57,126" hai3="121,122,53,100,60,52,5,73,125,24,58,34,109"/><V93/><F118/><W37/><G37/><T36/><D105/><U13/><E75/><V135/><F33/><W78/><G109/><T35/><D129/><U70/><E133/><V15/><F0/><W114/><G125/><T32/><D20/><U84/><E7/><V26/><F135/><W128/><G128/><T86/><D64/><U42/><E84/><V28/><F126/><W6/><G100/><T44/><D38/><U89/><E89/><V115/><F115/><W4/><G114/><T87/><D36/><U29/><E66/><V17/><F108/><W132/><G132/><T106/><D106/><U69/><E70/><V82/><F45/><W110/><G110/><T85/><D91/><U31/><E69/><V2/><F2/><W124/><G124/><T39/><D39/><U54/><E54/><N who="2" m="34231" /><F59/><W30/><REACH who="3" step="1"/><G53/><REACH who="3" ten="323,239,209,219" step="2"/><T72/><D101/><U25/><REACH who="1" step="1"/><E31/><REACH who="1" ten="323,229,209,219" step="2"/><V120/><F120/><W49/><G49/><AGARI ba="0,2" hai="13,19,22,23,25,29,42,43,46,47,49,51,116,119" machi="49" ten="30,7700,0" yaku="1,1,2,1,7,1,9,1,53,0" doraHai="1" doraHaiUra="65" who="1" fromWho="3" sc="323,0,229,97,209,0,219,-77" /><INIT seed="3,0,0,4,3,85" ten="323,326,209,142" oya="3" hai0="112,72,12,42,98,87,133,135,90,17,4,70,69" hai1="115,65,50,99,62,125,111,23,119,123,8,26,56" hai2="74,32,49,67,58,6,124,20,121,40,43,41,107" hai3="34,109,28,14,35,131,82,52,25,63,45,64,75"/><W88/><G131/><T86/><D72/><U47/><E123/><V44/><F107/><W59/><G35/><T126/><D112/><U106/><E115/><V19/><F32/><W104/><G104/><T83/><D4/><U122/><E122/><V81/><F124/><W102/><G102/><T1/><D1/><U7/><E125/><V76/><F6/><W46/><G109/><T55/><D126/><U21/><E111/><V96/><F96/><W114/><G114/><T36/><D98/><U16/><E119/><V73/><F121/><W37/><G37/><T2/><D2/><U71/><E99/><V105/><F105/><W53/><G14/><T92/><D55/><U93/><E106/><V101/><F101/><W118/><G75/><T132/><D42/><U68/><E93/><V94/><F94/><W80/><G80/><T79/><REACH who="0" step="1"/><D36/><REACH who="0" ten="313,326,209,142" step="2"/><U108/><E108/><V120/><F73/><W29/><G118/><T18/><D18/><U103/><E103/><V0/><F0/><W89/><G28/><T31/><D31/><U5/><E5/><V134/><F120/><W116/><G116/><T100/><D100/><U97/><E97/><V3/><F3/><W61/><G53/><T66/><D66/><U33/><E33/><V13/><F134/><W60/><G64/><T9/><AGARI ba="0,1" hai="9,12,17,69,70,79,83,86,87,90,92,132,133,135" machi="9" ten="30,7900,0" yaku="1,1,0,1,20,1,52,1,53,0" doraHai="85" doraHaiUra="57" who="0" fromWho="0" sc="313,89,326,-20,209,-20,142,-39" /><INIT seed="4,0,0,4,5,31" ten="402,306,189,103" oya="0" hai0="91,41,48,106,8,11,15,37,135,39,97,132,107" hai1="18,32,79,86,119,60,9,56,95,131,80,7,1" hai2="52,121,73,104,128,89,84,72,116,38,70,133,114" hai3="42,33,94,105,62,36,44,101,25,68,90,67,126"/><T120/><D120/><U3/><E119/><V47/><RYUUKYOKU type="yao9" ba="0,0" sc="402,0,306,0,189,0,103,0" hai2="38,47,52,70,72,73,84,89,104,114,116,121,128,133" /><INIT seed="4,1,0,2,4,34" ten="402,306,189,103" oya="0" hai0="129,124,110,118,9,40,63,64,28,85,57,130,88" hai1="56,61,89,119,8,98,128,2,114,103,43,116,131" hai2="132,71,65,7,6,23,93,73,42,111,14,92,21" hai3="84,26,45,96,107,123,72,27,0,46,59,31,54"/><T24/><D118/><U108/><E108/><V76/><F111/><W22/><G72/><T67/><D110/><U78/><E78/><V125/><F125/><W1/><G123/><T52/><D40/><U122/><E122/><V19/><F132/><W75/><G75/><T55/><D9/><U20/><E43/><V16/><F42/><W30/><G84/><T69/><D124/><U4/><E89/><V62/><F76/><W99/><G0/><T90/><D90/><U41/><E20/><V11/><F73/><W95/><G107/><T10/><D10/><U5/><E5/><V18/><REACH who="2" step="1"/><F6/><REACH who="2" ten="402,306,179,103" step="2"/><W120/><G120/><T15/><D129/><N who="1" m="49739" /><E41/><V49/><F49/><W106/><G31/><T77/><D77/><U3/><E114/><V38/><F38/><W80/><G30/><T29/><D29/><U66/><E2/><V37/><F37/><W113/><G1/><T121/><D130/><U32/><E32/><V44/><F44/><W94/><G45/><T36/><D36/><U109/><E109/><V133/><F133/><W39/><G46/><T35/><D121/><U91/><E91/><V50/><F50/><W68/><G39/><T127/><D127/><U112/><E112/><V12/><F12/><W117/><G113/><T47/><D15/><U135/><E135/><V83/><F83/><W126/><G80/><T48/><D69/><U74/><E74/><V81/><F81/><AGARI ba="1,1" hai="24,28,35,47,48,52,55,57,63,64,67,81,85,88" machi="81" ten="30,5800,0" yaku="7,1,54,2" doraHai="34" who="0" fromWho="2" sc="402,71,306,0,179,-61,103,0" /><INIT seed="4,2,0,3,0,52" ten="473,306,118,103" oya="0" hai0="54,30,55,25,18,130,73,69,135,82,46,47,116" hai1="99,67,122,44,13,51,1,79,50,68,37,123,87" hai2="29,56,78,32,20,34,45,101,16,106,17,103,131" hai3="23,9,77,86,124,84,80,126,93,14,95,53,41"/><T119/><D69/><U92/><E1/><V31/><F131/><W39/><G23/><T0/><D0/><U88/><E68/><V61/><F78/><W114/><G114/><T108/><D130/><U89/><E67/><V62/><F45/><W63/><G39/><T42/><D108/><U57/><E79/><V117/><F20/><W66/><G41/><T58/><D82/><U121/><E13/><V118/><F106/><W72/><G53/><T76/><D76/><U60/><E37/><V35/><F35/><W128/><G128/><T64/><D73/><U113/><E113/><V28/><F28/><W43/><G43/><T97/><D97/><U109/><E109/><V22/><F22/><W3/><G3/><T10/><D18/><U26/><E26/><V48/><F48/><W65/><G72/><T129/><D25/><U134/><E44/><V6/><F6/><W38/><G38/><N who="0" m="21847" /><D30/><U2/><E134/><V105/><F105/><W85/><G80/><T19/><D19/><U133/><E133/><V71/><F71/><N who="3" m="42431" /><G66/><T104/><D104/><U4/><E4/><V81/><F81/><W5/><G77/><T33/><D33/><U110/><E110/><V8/><F8/><W125/><AGARI ba="2,0" hai="5,9,14,84,85,86,93,95,124,125,126" m="42431" machi="125" ten="40,1500,0" yaku="18,1" doraHai="52" who="3" fromWho="3" sc="473,-9,306,-6,118,-6,103,21" /><INIT seed="5,0,0,0,1,41" ten="464,300,112,124" oya="1" hai0="18,12,108,49,77,15,37,16,81,110,117,91,1" hai1="69,122,85,62,47,79,57,31,55,99,104,7,45" hai2="95,59,60,39,111,75,51,21,93,44,80,72,90" hai3="105,3,33,17,11,70,89,78,101,109,84,102,34"/><U115/><E122/><V120/><F111/><W19/><G109/><T87/><D37/><U100/><E7/><V28/><F120/><W64/><G78/><T26/><D1/><U71/><E115/><V10/><F39/><W8/><G70/><T98/><D117/><U134/><E134/><V65/><F10/><W121/><G64/><T4/><D4/><U82/><REACH who="1" step="1"/><E31/><REACH who="1" ten="464,290,112,124" step="2"/><V130/><F130/><W127/><G121/><T63/><D108/><U116/><E116/><V126/><F126/><W135/><G127/><T88/><D110/><U125/><E125/><V94/><F75/><W53/><G135/><T27/><D18/><U48/><E48/><V131/><F72/><W107/><G19/><T40/><D16/><U46/><AGARI ba="0,1" hai="45,46,47,55,57,62,69,71,79,82,85,99,100,104" machi="46" ten="30,12000,1" yaku="1,1,0,1,52,3,53,0" doraHai="41" doraHaiUra="38" who="1" fromWho="1" sc="464,-40,290,130,112,-40,124,-40" /><INIT seed="5,1,0,3,0,72" ten="424,420,72,84" oya="1" hai0="58,80,65,116,75,42,9,26,57,14,104,67,123" hai1="131,28,113,109,56,68,87,23,19,7,49,127,134" hai2="62,128,20,99,32,111,120,25,71,108,81,105,126" hai3="24,132,73,6,119,16,17,125,53,135,48,106,8"/><U52/><E68/><V41/><F20/><W102/><G73/><T124/><D104/><U11/><E113/><V4/><F120/><W46/><G125/><T63/><D116/><U30/><E127/><V101/><F126/><W94/><G106/><T18/><D124/><U100/><E131/><V64/><F41/><W33/><G119/><T44/><D123/><U95/><E134/><N who="3" m="51242" /><G33/><T29/><D75/><U50/><E109/><V31/><F4/><W112/><G112/><T130/><D80/><U103/><E50/><V88/><F128/><W90/><G102/><N who="1" m="38954" /><E11/><V85/><AGARI ba="1,0" hai="25,31,32,62,64,71,81,85,88,99,101,105,108,111" machi="85" ten="30,7900,0" yaku="0,1,25,2,54,1" doraHai="72" who="2" fromWho="2" sc="424,-21,420,-40,72,82,84,-21" /><INIT seed="6,0,0,4,5,129" ten="403,380,154,63" oya="2" hai0="113,133,45,56,59,4,16,26,103,97,77,43,58" hai1="116,107,106,8,117,14,130,25,12,72,44,109,127" hai2="84,34,42,40,48,63,81,98,124,6,41,31,122" hai3="78,71,39,121,99,134,35,23,13,135,62,20,60"/><V87/><F122/><W100/><G121/><T110/><D110/><U91/><E109/><V82/><F124/><W52/><G35/><T51/><D113/><U22/><E72/><V33/><F6/><W54/><G39/><T74/><D4/><U80/><E127/><V47/><F98/><W112/><G78/><T85/><D74/><U57/><E130/><V89/><F63/><N who="3" m="24107" /><G71/><T114/><D114/><U46/><E57/><V68/><F68/><W79/><G79/><T5/><D5/><U88/><E80/><V3/><F3/><W28/><G13/><T27/><D133/><N who="3" m="50697" /><G112/><T104/><D77/><U36/><E25/><V19/><F19/><W30/><G20/><T53/><D27/><U96/><E22/><V10/><F10/><W94/><G23/><T1/><D1/><U38/><E8/><V70/><F70/><W95/><G95/><T118/><D26/><U92/><E92/><V61/><F61/><W64/><G64/><T123/><D123/><U9/><E9/><V37/><F37/><W0/><G0/><T86/><D16/><U119/><E119/><V66/><F66/><W128/><G128/><T11/><D118/><U126/><E126/><V102/><F102/><W49/><G54/><T7/><D53/><U50/><E50/><V29/><F34/><W132/><N who="3" m="50705" /><W67/><DORA hai="108" /><G67/><T125/><D125/><U21/><E21/><V17/><F33/><W105/><G94/><T93/><D93/><U111/><E111/><V18/><F31/><W24/><G24/><T76/><D76/><U73/><E73/><V69/><F69/><RYUUKYOKU ba="0,0" sc="403,10,380,10,154,-30,63,10" hai0="7,11,43,45,51,56,58,59,85,86,97,103,104" hai1="12,14,36,38,44,46,88,91,96,106,107,116,117" hai3="28,30,49,52,99,100,105" /><INIT seed="7,1,0,5,0,52" ten="413,390,124,73" oya="3" hai0="114,116,1,128,26,77,59,7,5,53,135,0,65" hai1="3,21,43,6,18,112,16,106,102,45,61,15,23" hai2="79,40,29,91,56,119,113,130,19,121,31,9,42" hai3="48,20,105,131,133,86,115,95,74,24,88,120,80"/><W35/><G120/><T78/><D116/><U70/><E112/><V63/><F119/><W46/><G105/><T28/><D114/><U98/><E3/><V127/><F113/><W57/><G115/><T93/><D65/><U12/><E6/><V76/><F91/><N who="3" m="51655" /><G131/><T55/><D128/><U60/><E70/><V100/><F100/><W101/><G133/><T81/><D93/><U62/><E62/><V89/><F89/><W69/><G69/><T33/><D55/><U109/><E109/><V108/><F108/><W90/><G35/><T2/><D135/><U37/><AGARI ba="1,0" hai="12,15,16,18,21,23,37,43,45,60,61,98,102,106" machi="37" ten="20,5200,0" yaku="0,1,7,1,9,1,54,1" doraHai="52" who="1" fromWho="1" sc="413,-14,390,55,124,-14,73,-27" owari="399,20.0,445,54.0,110,-29.0,46,-45.0" /></mjloggm>