<mjloggm ver="2.3"><GO type="97" lobby="0"/><UN n0="%E3%83%8D%E3%83%A0" n1="%4D%4A%43%4B" n2="%E3%82%A2%E3%83%B3%E3%83%88%E3%83%97%E3%83%AC%E3%83%88%E3%80%82" n3="%E3%82%A6%E3%83%AB%E3%83%88%E3%83%A9%E7%AB%8B%E7%9B%B4" dan="14,13,14,15" rate="1893.15,1843.30,1876.19,2024.25" sx="M,M,M,M"/><TAIKYOKU oya="0"/><INIT seed="0,0,0,1,0,18" ten="250,250,250,250" oya="0" hai0="3,56,23,67,42,132,85,94,7,69,14,81,70" hai1="125,98,110,71,112,120,75,46,51,86,106,59,44" hai2="92,52,95,64,13,113,90,105,35,76,43,130,124" hai3="129,123,126,28,87,65,38,24,96,34,134,27,73"/><T128/><D3/><U55/><E120/><V77/><F113/><W97/><G73/><T5/><D128/><U40/><E75/><V115/><F115/><W131/><G123/><T114/><D114/><U8/><E112/><V12/><F105/><W31/><G38/><T101/><D132/><U49/><E71/><V30/><F130/><N who="3" m="49675" /><G134/><T80/><D42/><U103/><E125/><V83/><F64/><W102/><G126/><T63/><D69/><U11/><E110/><V121/><F121/><W93/><G65/><T99/><D70/><U15/><E86/><V17/><F43/><W0/><G0/><T33/><D33/><U19/><E59/><V9/><F124/><W32/><G87/><T60/><D60/><U16/><E19/><V2/><F30/><W6/><G6/><N who="0" m="2059" /><D85/><U89/><E89/><V82/><F35/><W21/><G96/><T68/><D68/><U135/><E135/><V108/><F108/><W47/><G34/><T119/><D119/><U111/><E111/><V1/><F1/><W36/><G36/><T133/><D133/><U117/><E117/><V118/><F118/><W58/><G58/><T45/><D45/><AGARI ba="0,0" hai="21,24,27,28,31,32,45,47,93,97,102" m="49675" machi="45" ten="30,2000,0" yaku="19,1,52,1" doraHai="18" who="3" fromWho="0" sc="250,-20,250,0,250,0,250,20" /><INIT seed="1,0,0,1,1,131" ten="230,250,250,270" oya="1" hai0="124,46,60,113,69,103,31,94,2,132,56,59,45" hai1="68,92,3,108,111,83,123,51,58,93,80,126,42" hai2="36,102,101,127,25,65,79,82,110,109,117,87,78" hai3="133,7,66,15,50,90,33,116,34,53,62,107,43"/><U8/><E68/><V18/><F36/><W32/><G116/><T97/><D113/><U29/><E123/><V47/><F47/><W52/><G107/><T4/><D124/><U85/><E29/><V95/><F65/><W41/><G133/><T130/><D130/><U22/><E22/><V99/><F25/><W11/><G90/><T67/><D132/><U71/><E71/><V12/><F117/><W125/><G125/><T1/><D31/><U27/><E126/><V30/><F30/><W37/><G37/><T16/><D69/><U86/><E27/><V77/><F127/><W26/><G26/><T63/><D4/><U23/><E23/><V112/><F12/><W9/><G9/><T19/><D2/><U14/><E3/><V81/><F18/><N who="0" m="6698" /><D1/><U44/><E58/><V49/><F49/><W5/><G5/><T75/><D75/><U114/><E114/><V6/><F6/><W128/><G128/><T48/><D48/><U135/><E135/><V89/><F112/><W17/><G7/><T98/><D97/><U61/><E8/><V72/><F102/><W40/><REACH who="3" step="1"/><G50/><REACH who="3" ten="230,250,250,260" step="2"/><T84/><D84/><U38/><E38/><V104/><F79/><W55/><G55/><AGARI ba="0,1" hai="45,46,55,56,59,60,63,67,94,98,103" m="6698" machi="55" ten="30,2000,0" yaku="8,1,54,1" doraHai="131" who="0" fromWho="3" sc="230,30,250,0,250,0,260,-20" /><INIT seed="2,0,0,5,5,62" ten="260,250,250,240" oya="2" hai0="122,115,31,60,86,61,107,4,30,102,27,78,23" hai1="24,77,51,129,2,1,38,91,16,109,9,48,17" hai2="85,69,131,73,125,89,75,15,126,111,64,133,81" hai3="3,79,94,20,80,37,36,119,132,108,112,117,106"/><V65/><F69/><W118/><G3/><T98/><D115/><U12/><E38/><V56/><F133/><W110/><G20/><T50/><D122/><U74/><E129/><V100/><F131/><W128/><G128/><T57/><D4/><U40/><E109/><N who="3" m="42090" /><G36/><T26/><D50/><U66/><E2/><V58/><F111/><W71/><G37/><T83/><REACH who="0" step="1"/><D57/><REACH who="0" ten="250,250,250,240" step="2"/><U22/><E48/><V46/><F58/><W88/><G71/><T101/><D101/><U93/><E51/><V90/><F100/><W130/><G130/><T68/><D68/><U25/><E40/><V59/><F46/><W42/><G42/><T53/><D53/><U6/><E1/><V72/><F59/><W8/><G112/><T54/><D54/><U87/><E74/><V44/><F56/><W120/><G120/><T113/><D113/><U41/><E41/><V63/><F44/><W121/><G121/><T28/><D28/><U10/><E77/><V43/><F43/><W7/><G119/><T103/><D103/><U0/><E0/><V70/><F70/><W49/><G49/><T45/><D45/><U33/><E6/><V14/><F63/><W35/><G118/><T92/><D92/><U34/><E93/><N who="2" m="54447" /><F75/><N who="3" m="43135" /><G117/><T114/><D114/><U95/><E95/><V97/><F73/><W84/><G106/><T104/><D104/><U32/><E87/><N who="2" m="50543" /><F72/><W29/><G132/><T123/><D123/><U105/><E105/><V99/><F99/><W67/><G84/><T116/><D116/><U13/><E91/><V134/><F134/><W96/><G96/><T55/><D55/><RYUUKYOKU ba="0,1" sc="250,30,250,-10,250,-10,240,-10" hai0="23,26,27,30,31,60,61,78,83,86,98,102,107" /><INIT seed="3,1,1,2,2,12" ten="280,240,240,230" oya="3" hai0="9,18,36,32,10,135,90,95,7,28,105,13,49" hai1="89,50,43,66,108,56,128,76,48,2,115,82,24" hai2="111,45,57,123,39,44,1,75,53,46,65,34,23" hai3="130,31,71,109,98,119,92,104,118,131,58,63,35"/><W15/><G104/><T19/><D36/><U60/><E2/><V84/><F75/><W74/><G74/><T54/><D105/><U87/><E115/><V52/><F1/><W122/><G71/><T113/><D113/><U96/><E128/><N who="3" m="49194" /><G122/><T14/><D135/><U69/><E108/><V64/><F34/><W107/><G107/><T21/><D32/><U73/><E69/><V88/><F111/><W61/><G109/><T11/><D28/><U47/><E24/><V112/><F112/><W101/><G31/><T42/><D42/><U78/><E50/><N who="2" m="28743" /><F39/><W133/><G35/><T17/><D21/><U8/><E73/><V106/><F23/><W4/><G133/><T29/><D29/><U91/><E8/><V86/><F86/><W68/><G68/><T22/><D22/><U5/><E5/><V93/><F106/><W79/><G79/><T99/><D7/><U33/><E33/><V27/><F27/><W129/><N who="3" m="49202" /><W77/><DORA hai="117" /><G77/><T134/><D134/><U120/><E120/><V97/><F123/><W30/><G30/><T132/><D132/><U114/><E114/><V55/><F55/><N who="3" m="34015" /><G63/><T110/><D110/><U62/><E62/><N who="2" m="36143" /><F97/><W20/><G20/><T102/><D102/><U103/><REACH who="1" step="1"/><E103/><REACH who="1" ten="280,230,240,230" step="2"/><V125/><F125/><W67/><G67/><AGARI ba="1,2" hai="45,46,64,65,67,84,88,93" m="36143,28743" machi="67" ten="30,3900,0" yaku="8,1,54,2" doraHai="12,117" who="2" fromWho="3" sc="280,0,230,0,240,62,230,-42" owari="280,8.0,230,-17.0,302,40.0,188,-31.0" /></mjloggm>