<mjloggm ver="2.3"><GO type="97" lobby="0"/><UN n0="%67%61%72%75%63%69%61" n1="%E3%81%8B%E3%83%BC%E3%82%82%E3%81%AD%EF%BC%81%E3%83%8F%E3%82%A4%EF%BC%81" n2="%E3%82%A6%E3%83%AB%E3%83%88%E3%83%A9%E7%AB%8B%E7%9B%B4" n3="%E4%BA%94%E6%9E%9A%E7%9B%AE%E5%BE%85%E3%81%A1" dan="15,15,15,14" rate="2013.19,1997.72,1955.31,1951.90" sx="M,F,M,M"/><TAIKYOKU oya="0"/><INIT seed="0,0,0,1,5,82" ten="250,250,250,250" oya="0" hai0="95,75,103,32,128,45,44,108,120,27,72,68,79" hai1="40,41,52,113,94,13,62,37,16,19,18,99,86" hai2="123,118,21,29,92,48,122,11,98,17,100,14,127" hai3="28,109,26,35,46,22,8,63,5,105,51,31,88"/><T9/><D68/><U69/><E113/><V87/><F127/><W90/><G105/><T10/><D120/><U85/><E13/><V74/><F74/><W112/><G112/><T115/><D115/><U93/><E37/><V96/><F118/><W106/><G106/><T117/><D117/><U33/><E33/><V4/><F29/><W54/><G109/><T134/><D103/><N who="1" m="60911" /><E69/><V65/><F65/><W7/><G7/><T126/><D126/><U58/><E94/><V56/><F98/><W107/><G107/><T20/><D32/><U2/><E2/><V81/><F56/><W114/><G114/><T135/><D108/><U110/><E110/><V3/><REACH who="2" step="1"/><F48/><REACH who="2" ten="250,250,240,250" step="2"/><W76/><G31/><T53/><D72/><U60/><E60/><V50/><F50/><W23/><G63/><T89/><D75/><U129/><E129/><V36/><F36/><W43/><G28/><T59/><D128/><U119/><E119/><V124/><F124/><W39/><G51/><T64/><D59/><U0/><E0/><V49/><F49/><W132/><G39/><T80/><D44/><U25/><E25/><V42/><F42/><AGARI ba="0,1" hai="16,18,19,40,41,42,52,58,62,85,86" m="60911" machi="42" ten="30,8000,1" yaku="8,1,52,2,54,2" doraHai="82" who="1" fromWho="2" sc="250,0,250,90,240,-80,250,0" /><INIT seed="1,0,0,2,5,75" ten="250,340,160,250" oya="1" hai0="81,133,44,58,135,91,11,93,12,113,123,52,25" hai1="77,30,90,103,47,39,119,19,99,6,42,125,38" hai2="114,16,46,62,14,88,78,83,124,48,132,57,111" hai3="128,129,34,106,85,82,18,54,87,23,53,20,84"/><U107/><E119/><V80/><F111/><W35/><G106/><T31/><D113/><U130/><E125/><V92/><F132/><W66/><G66/><T56/><D123/><U43/><E130/><N who="3" m="50282" /><G82/><T28/><D81/><U68/><E68/><V131/><F124/><W121/><G121/><T29/><D44/><U3/><E90/><V89/><F114/><W120/><G120/><T108/><D58/><U100/><E19/><V101/><F101/><W5/><G5/><T2/><D2/><U94/><E103/><V15/><F15/><W122/><G122/><T1/><D1/><U63/><E63/><V45/><F131/><W51/><G18/><T40/><D40/><U67/><E6/><V22/><F89/><W70/><G70/><T36/><D36/><U76/><E3/><V95/><F95/><W117/><G117/><T118/><D118/><U55/><E67/><N who="2" m="39375" /><F78/><W73/><G73/><T109/><D25/><U86/><E107/><V112/><F112/><W102/><G102/><T9/><D12/><U79/><E100/><V26/><F14/><W50/><G20/><T4/><D4/><U27/><E38/><V96/><F46/><N who="3" m="27863" /><G23/><T17/><D17/><U64/><E64/><V98/><F98/><W61/><G61/><N who="0" m="35975" /><D135/><U105/><E99/><V33/><F33/><W134/><G134/><T13/><D13/><U24/><E105/><V69/><F69/><W71/><G71/><T97/><D133/><U8/><E39/><V65/><F65/><W0/><G0/><T59/><D59/><AGARI ba="0,0" hai="34,35,51,54,59,84,85,87" m="27863,50282" machi="59" ten="30,1000,0" yaku="19,1" doraHai="75" who="3" fromWho="0" sc="250,-10,340,0,160,0,250,10" /><INIT seed="2,0,0,2,1,28" ten="240,340,160,260" oya="2" hai0="27,90,26,64,48,49,52,35,100,7,83,0,37" hai1="97,116,73,69,51,40,60,122,87,106,120,59,54" hai2="99,135,36,81,84,107,14,109,34,76,96,134,15" hai3="66,32,129,123,101,82,78,2,17,45,119,108,79"/><V68/><F36/><W103/><G119/><T98/><D37/><U62/><E116/><V10/><F68/><W3/><G123/><N who="1" m="47146" /><E73/><V13/><F10/><W70/><G17/><T104/><D48/><U16/><E87/><V94/><F109/><W77/><G108/><T113/><D113/><U105/><E97/><V102/><REACH who="2" step="1"/><F34/><REACH who="2" ten="240,340,150,260" step="2"/><W114/><G32/><T57/><D35/><U110/><E69/><V6/><F6/><W118/><G70/><T61/><D7/><U4/><E4/><V58/><F58/><W39/><G39/><T42/><D0/><U56/><E56/><V117/><F117/><W92/><G3/><T5/><D5/><U12/><E110/><V95/><F95/><W127/><G2/><T93/><D42/><U111/><E111/><V67/><F67/><W133/><G92/><T85/><D104/><N who="1" m="40043" /><E40/><V21/><F21/><AGARI ba="0,1" hai="12,16,21,51,54,59,60,62" m="40043,47146" machi="21" ten="30,2000,0" yaku="13,1,54,1" doraHai="28" who="1" fromWho="2" sc="240,0,340,30,150,-20,260,0" /><INIT seed="3,0,0,1,0,28" ten="240,370,130,260" oya="3" hai0="121,95,62,30,17,102,109,57,117,7,36,133,3" hai1="111,60,104,87,101,78,130,43,53,103,116,108,107" hai2="35,6,64,25,106,86,0,135,129,120,81,8,45" hai3="127,31,71,47,67,98,119,89,20,124,74,51,79"/><W52/><G119/><T126/><D121/><U131/><E116/><V21/><F120/><W80/><G71/><T56/><D117/><U77/><E43/><V113/><F106/><N who="1" m="40489" /><E60/><V90/><F129/><N who="1" m="49161" /><E53/><V40/><F135/><W105/><G52/><T91/><D36/><U70/><E70/><V128/><F128/><W24/><G67/><T18/><D133/><U48/><E48/><V44/><F113/><W61/><G61/><T99/><D30/><U73/><E73/><V41/><F64/><W1/><G1/><T2/><D2/><U15/><E15/><V5/><F5/><W75/><G75/><T49/><D3/><U100/><E87/><V27/><F41/><W125/><G51/><T42/><D7/><U29/><E29/><V115/><F115/><W39/><G47/><T134/><D134/><U84/><E84/><V59/><F59/><W114/><G39/><T123/><D123/><U72/><E72/><V33/><F44/><W112/><REACH who="3" step="1"/><G105/><REACH who="3" ten="240,370,130,250" step="2"/><T66/><D49/><U85/><E85/><V34/><REACH who="2" step="1"/><F21/><REACH who="2" ten="240,370,120,250" step="2"/><W68/><G68/><T97/><D57/><U14/><E111/><V82/><F82/><W22/><G22/><T132/><D132/><U118/><E108/><V65/><F65/><W50/><G50/><AGARI ba="0,2" hai="0,6,8,25,27,33,34,35,40,45,50,81,86,90" machi="50" ten="40,8000,1" yaku="1,1,52,3,53,0" doraHai="28" doraHaiUra="69" who="2" fromWho="3" sc="240,0,370,0,120,100,250,-80" owari="240,4.0,370,47.0,220,-18.0,170,-33.0" /></mjloggm>