<mjloggm ver="2.3"><GO type="97" lobby="0"/><UN n0="%E3%82%A6%E3%83%AB%E3%83%88%E3%83%A9%E7%AB%8B%E7%9B%B4" n1="%E9%A7%92%E5%BD%A2%E9%BE%8D" n2="%68%69%72%61%72%69%6E" n3="%E7%A7%98%E5%89%A3%E2%98%85%E5%8D%83%E9%B3%A5%E2%98%85" dan="15,14,13,15" rate="2007.25,1972.68,1836.77,1955.69" sx="M,M,M,M"/><TAIKYOKU oya="0"/><INIT seed="0,0,0,4,2,121" ten="250,250,250,250" oya="0" hai0="77,82,70,49,105,76,17,96,58,40,25,81,56" hai1="1,39,88,119,8,117,14,29,113,118,122,21,60" hai2="125,16,97,44,92,59,48,12,95,85,84,131,64" hai3="23,109,7,22,75,52,78,69,63,66,0,15,108"/><T61/><D70/><U72/><E39/><V71/><F71/><W132/><G0/><T111/><D105/><U62/><E122/><V67/><F131/><W24/><G132/><T2/><D2/><U9/><E113/><V3/><F3/><W91/><G91/><T34/><D96/><U73/><E1/><V94/><F125/><W114/><G114/><T79/><D58/><U31/><E9/><V130/><F130/><W99/><G99/><T57/><D57/><U68/><E73/><V106/><F106/><W74/><G52/><T51/><D34/><U89/><E72/><V37/><F37/><W55/><G55/><T93/><D93/><U103/><E103/><V87/><F59/><W90/><G90/><T110/><D17/><U28/><E21/><N who="2" m="11399" /><F97/><W107/><G107/><T135/><D25/><U45/><E45/><V27/><F27/><W5/><G23/><T4/><D4/><U36/><E36/><V10/><F10/><W127/><G127/><T102/><D102/><U112/><E112/><V134/><F134/><W53/><G53/><AGARI ba="0,0" hai="44,48,53,64,67,84,85,87,92,94,95" m="11399" machi="53" ten="30,2000,0" yaku="8,1,54,1" doraHai="121" who="2" fromWho="3" sc="250,0,250,0,250,20,250,-20" /><INIT seed="1,0,0,2,5,14" ten="250,250,270,230" oya="1" hai0="105,99,40,41,28,127,44,104,72,128,17,118,56" hai1="70,80,60,35,59,133,87,47,108,64,65,45,63" hai2="5,79,53,100,20,57,42,27,121,62,110,95,6" hai3="26,76,93,43,19,9,75,12,30,13,96,90,112"/><U11/><E35/><V38/><F110/><W125/><G112/><T130/><D72/><U18/><E108/><V23/><F121/><W15/><G125/><T68/><D68/><U103/><E103/><V49/><F79/><W81/><REACH who="3" step="1"/><G43/><REACH who="3" ten="250,250,270,220" step="2"/><T3/><D41/><U101/><E133/><V77/><F42/><W31/><G31/><T98/><D28/><U129/><E129/><V71/><F38/><W106/><G106/><T74/><D105/><U8/><E101/><V73/><F71/><W94/><G94/><T37/><D104/><U50/><E70/><V123/><F95/><W89/><G89/><T115/><D127/><U21/><E47/><V120/><F100/><W124/><G124/><T91/><D115/><U61/><E64/><V86/><F120/><W25/><G25/><T132/><D132/><U22/><E65/><V2/><F123/><W34/><AGARI ba="0,1" hai="9,12,13,15,19,26,30,34,75,76,81,90,93,96" machi="34" ten="20,5200,0" yaku="1,1,0,1,7,1,52,1,53,0" doraHai="14" doraHaiUra="134" who="3" fromWho="3" sc="250,-13,250,-26,270,-13,220,62" /><INIT seed="2,0,0,4,4,1" ten="237,224,257,282" oya="2" hai0="79,56,31,4,61,54,36,120,119,8,71,124,121" hai1="85,6,3,116,114,77,38,115,134,125,29,73,45" hai2="80,100,84,76,68,78,101,67,87,89,5,126,111" hai3="72,63,49,109,13,99,123,26,128,7,18,81,30"/><V34/><F34/><W127/><G123/><T135/><D119/><U74/><E116/><V51/><F126/><W52/><G127/><T11/><D124/><U96/><E125/><V28/><F28/><W133/><G63/><T58/><D135/><U46/><E29/><V43/><F111/><W70/><G70/><T16/><D36/><U0/><E134/><V2/><F67/><W20/><G133/><T62/><D71/><U98/><E85/><V86/><F68/><W66/><G66/><T95/><D31/><U113/><E38/><V24/><F24/><W39/><G39/><T64/><D79/><U12/><E77/><V75/><F75/><W130/><G81/><T33/><D33/><U32/><E32/><V41/><F76/><W42/><G42/><T83/><D83/><U97/><E12/><V104/><F104/><W65/><G65/><T108/><D95/><U9/><REACH who="1" step="1"/><E0/><REACH who="1" ten="237,214,257,282" step="2"/><V107/><F2/><W105/><G72/><AGARI ba="0,1" hai="3,6,9,45,46,72,73,74,96,97,98,113,114,115" machi="72" ten="50,6400,0" yaku="1,1,2,1,52,1,53,0" doraHai="1" doraHaiUra="47" who="1" fromWho="3" sc="237,0,214,74,257,0,282,-64" /><INIT seed="3,0,0,5,4,28" ten="237,288,257,218" oya="3" hai0="107,134,131,37,118,82,114,94,74,77,119,9,93" hai1="24,129,103,95,69,4,13,36,116,51,90,83,44" hai2="113,101,49,81,34,14,50,40,87,122,23,52,64" hai3="72,29,25,59,108,121,1,71,84,3,130,62,70"/><W100/><G121/><T12/><D37/><U22/><E69/><V63/><F34/><W61/><G72/><T135/><D12/><U75/><E36/><V54/><F113/><W18/><G130/><T32/><D9/><U89/><E129/><V42/><F101/><W30/><G100/><T33/><D131/><U21/><E116/><N who="0" m="44585" /><D107/><U11/><E75/><V86/><F122/><W39/><G39/><T0/><D0/><U43/><E83/><V124/><F124/><W133/><G84/><T92/><D114/><U73/><E73/><V102/><F102/><W88/><G59/><T126/><D126/><U99/><E22/><V79/><F87/><W85/><G18/><AGARI ba="0,0" hai="4,11,13,18,21,24,43,44,51,89,90,95,99,103" machi="18" ten="30,2000,0" yaku="7,1,8,1" doraHai="28" who="1" fromWho="3" sc="237,0,288,20,257,0,218,-20" owari="237,-16.0,308,40.0,257,6.0,198,-30.0" /></mjloggm>