<mjloggm ver="2.3"><GO type="169" lobby="0"/><UN n0="%E3%82%A8%E3%83%AA%E3%82%AB" n1="%E3%81%92%E3%82%93%E3%81%9F%E3%82%8D" n2="%E3%82%A6%E3%83%AB%E3%83%88%E3%83%A9%E7%AB%8B%E7%9B%B4" n3="%E3%83%9D%E3%83%83%E3%83%9D%4C%76%2E%32" dan="16,17,16,16" rate="2080.54,2148.49,2074.35,2057.30" sx="F,M,M,M"/><TAIKYOKU oya="0"/><INIT seed="0,0,0,4,4,75" ten="250,250,250,250" oya="0" hai0="2,14,58,54,57,49,22,4,74,118,44,103,72" hai1="39,82,104,94,130,19,62,59,128,41,51,8,52" hai2="28,97,56,123,33,10,43,47,133,112,63,126,78" hai3="18,113,27,30,87,88,124,131,15,35,98,5,99"/><T86/><D118/><U127/><E104/><V110/><F112/><W108/><G113/><T69/><D69/><U21/><E127/><V6/><F28/><W80/><G108/><T85/><D2/><U34/><E34/><V106/><F33/><W64/><G124/><T67/><D103/><U20/><E39/><V101/><F123/><W31/><G131/><N who="1" m="50218" /><E94/><V122/><F110/><W68/><G5/><T61/><D74/><U84/><E8/><V83/><F122/><W115/><G115/><T55/><D72/><U90/><E41/><V9/><F126/><W32/><G64/><T135/><D135/><U13/><E21/><V71/><F71/><W40/><G68/><T42/><D67/><U120/><E120/><V65/><F133/><W76/><G40/><T102/><D102/><U46/><E62/><V89/><F6/><W81/><G31/><T125/><D125/><U119/><E119/><V7/><F7/><W50/><G35/><T60/><REACH who="0" step="1"/><D4/><REACH who="0" ten="240,250,250,250" step="2"/><U48/><E48/><N who="2" m="26751" /><F101/><W96/><G50/><T53/><D53/><U0/><E0/><V79/><F106/><W73/><REACH who="3" step="1"/><G99/><REACH who="3" ten="240,250,250,240" step="2"/><T100/><D100/><U117/><E117/><V24/><F97/><W129/><G129/><T17/><AGARI ba="0,2" hai="14,17,22,42,44,49,54,55,57,58,60,61,85,86" machi="17" ten="30,11700,0" yaku="1,1,0,1,9,1,8,1,53,0" doraHai="75" doraHaiUra="25" who="0" fromWho="0" sc="240,137,250,-39,250,-39,240,-39" /><INIT seed="0,1,0,3,3,93" ten="377,211,211,201" oya="0" hai0="21,11,91,84,127,33,49,108,48,99,59,107,43" hai1="76,92,8,26,132,40,29,24,64,39,62,3,87" hai2="34,100,6,125,128,126,114,118,88,31,70,36,38" hai3="5,9,83,25,115,37,66,119,12,1,57,53,79"/><T113/><D33/><U135/><E39/><V69/><F6/><W109/><G115/><T67/><D113/><U130/><E40/><V56/><F31/><W47/><G119/><T77/><D127/><N who="2" m="48650" /><F34/><W123/><G66/><T95/><D108/><U85/><E130/><V7/><F7/><W97/><G109/><T32/><D32/><U71/><E3/><V80/><F114/><W27/><G123/><T46/><D11/><U68/><E8/><V134/><F118/><W122/><G122/><T133/><D133/><N who="1" m="51275" /><E71/><N who="2" m="27147" /><F134/><W63/><G12/><T54/><D67/><U61/><E61/><V111/><F111/><W44/><G97/><T81/><D107/><U28/><E76/><V72/><F128/><W112/><G112/><T131/><D131/><U96/><E29/><V102/><F56/><W13/><G13/><T116/><D116/><U18/><E18/><V90/><F72/><N who="3" m="43495" /><G47/><T117/><D117/><U105/><E105/><V10/><F10/><W124/><G124/><T41/><REACH who="0" step="1"/><D21/><REACH who="0" ten="367,211,211,201" step="2"/><N who="1" m="15375" /><E26/><V101/><F80/><W78/><G27/><T73/><D73/><U45/><E45/><V104/><F104/><W0/><G25/><T121/><D121/><U82/><E82/><V94/><F94/><W23/><G23/><T98/><D98/><U22/><E22/><V20/><F20/><W51/><G9/><T42/><AGARI ba="1,1" hai="41,42,43,46,48,49,54,59,77,81,84,91,95,99" machi="42" ten="20,12000,1" yaku="1,1,0,1,7,1,8,1,52,1,53,0" doraHai="93" doraHaiUra="58" who="0" fromWho="0" sc="367,133,211,-41,211,-41,201,-41" /><INIT seed="0,2,0,1,4,116" ten="500,170,170,160" oya="0" hai0="40,26,73,69,18,31,21,83,71,74,1,70,16" hai1="123,93,44,114,118,41,122,9,91,87,128,101,51" hai2="55,35,28,27,131,39,53,108,32,121,30,86,80" hai3="20,130,106,67,79,111,65,126,82,109,103,68,7"/><T112/><D112/><U129/><E118/><V8/><F39/><W2/><G130/><N who="1" m="50282" /><E114/><V59/><F131/><W57/><G126/><T85/><D1/><U6/><E101/><V132/><F132/><W56/><G20/><T102/><D40/><U107/><E107/><V78/><F108/><N who="3" m="41547" /><G7/><T135/><D102/><U4/><E4/><V75/><F8/><W104/><G2/><AGARI ba="2,0" hai="2,6,9,41,44,51,87,91,93,122,123" m="50282" machi="2" ten="30,3900,0" yaku="19,1,52,2" doraHai="116" who="1" fromWho="3" sc="500,0,170,45,170,0,160,-45" /><INIT seed="1,0,0,2,2,53" ten="500,215,170,115" oya="1" hai0="132,87,100,124,126,95,22,88,61,4,113,36,112" hai1="111,41,3,52,129,91,21,44,16,40,102,59,60" hai2="85,68,121,125,34,48,39,19,105,54,38,63,43" hai3="130,32,133,27,108,9,84,103,75,96,57,17,122"/><U29/><E3/><V30/><F85/><W77/><G122/><T104/><D36/><U8/><E129/><V0/><F19/><W101/><G75/><T70/><D4/><U123/><E123/><V134/><F30/><W11/><G130/><T25/><D132/><U10/><E111/><V67/><F34/><W99/><G133/><T28/><D104/><U65/><E102/><N who="3" m="38922" /><G32/><T33/><D100/><U128/><E128/><V127/><F0/><W74/><G74/><T56/><D70/><U51/><E29/><V135/><F105/><W90/><G77/><T66/><D33/><U15/><E91/><V86/><F86/><W119/><G119/><T107/><D107/><U13/><E21/><V115/><F39/><W42/><G108/><T83/><D83/><U106/><E106/><V24/><F121/><W92/><G42/><T18/><D28/><U114/><E114/><V58/><F24/><W72/><G72/><T12/><D25/><U31/><E31/><V94/><F94/><W79/><G57/><T35/><D35/><U120/><E120/><V5/><F5/><AGARI ba="0,0" hai="5,8,10,13,15,16,40,41,44,51,52,59,60,65" machi="5" ten="30,12000,1" yaku="7,1,8,1,52,1,54,2" doraHai="53" who="1" fromWho="2" sc="500,0,215,120,170,-120,115,0" /><INIT seed="1,1,0,3,4,121" ten="500,335,50,115" oya="1" hai0="111,26,3,13,4,15,107,118,122,77,23,126,125" hai1="129,22,74,78,20,110,10,96,12,82,52,57,113" hai2="134,1,83,7,105,54,102,48,6,38,120,90,94" hai3="79,123,18,133,51,97,112,71,80,73,40,64,5"/><U39/><E113/><V55/><F38/><W62/><G112/><T59/><D107/><U46/><E129/><V0/><F120/><W132/><G123/><T36/><D122/><U53/><E96/><V49/><F83/><W116/><G116/><T32/><D36/><U61/><E110/><V43/><F43/><W98/><G5/><T84/><D118/><U11/><E11/><V9/><F134/><N who="3" m="51819" /><G18/><T128/><D59/><U50/><REACH who="1" step="1"/><E39/><REACH who="1" ten="500,325,50,115" step="2"/><V34/><F9/><W58/><G98/><T93/><D128/><U41/><E41/><V135/><F135/><W75/><G97/><T19/><D111/><U131/><E131/><V66/><F105/><W25/><G40/><T8/><D8/><U24/><E24/><V103/><F103/><W16/><G25/><T85/><D26/><U76/><E76/><V88/><F102/><W72/><G79/><T108/><D77/><U100/><E100/><V127/><F90/><W37/><G37/><T101/><D101/><U124/><E124/><V117/><F88/><W69/><G73/><T2/><D126/><U45/><E45/><V115/><F127/><W28/><G72/><T42/><D125/><U30/><E30/><V21/><F115/><W31/><G31/><T27/><D42/><U86/><E86/><V114/><F114/><W87/><G28/><T130/><D130/><U91/><E91/><V33/><F117/><W47/><G75/><T81/><D84/><U119/><E119/><V56/><F0/><W95/><G47/><T29/><D2/><U104/><E104/><V89/><F1/><W99/><G87/><RYUUKYOKU ba="1,1" sc="500,-10,325,30,50,-10,115,-10" hai1="10,12,20,22,46,50,52,53,57,61,74,78,82" /><INIT seed="1,2,1,2,2,33" ten="490,355,40,105" oya="1" hai0="69,114,123,12,102,92,61,78,58,34,18,127,91" hai1="37,50,35,16,128,52,23,76,97,0,4,135,79" hai2="87,9,44,63,86,118,29,115,36,99,19,116,82" hai3="45,53,32,5,6,70,126,131,109,77,105,43,100"/><U55/><E35/><V80/><F29/><W120/><G120/><T81/><D114/><U89/><E37/><V107/><F63/><W11/><G32/><T56/><D34/><U17/><E135/><V132/><F19/><W74/><G70/><T21/><D127/><U42/><E128/><V119/><F9/><W95/><G131/><T104/><D123/><U31/><E0/><V22/><F22/><W72/><G126/><T25/><D69/><U73/><E4/><V68/><F44/><W111/><G95/><T49/><D104/><U54/><E73/><N who="3" m="28266" /><G77/><N who="1" m="29770" /><E31/><V98/><F36/><N who="3" m="21735" /><G53/><N who="1" m="20586" /><E42/><V57/><F57/><W59/><G59/><T112/><D58/><N who="1" m="33143" /><E23/><V90/><F68/><W65/><G65/><T66/><D112/><U129/><E129/><V103/><F115/><W71/><G71/><T28/><D66/><U108/><E108/><N who="3" m="41546" /><G11/><T2/><D2/><U113/><E113/><V67/><F67/><W106/><G106/><T64/><D64/><U84/><E97/><AGARI ba="2,1" hai="5,6,97,100,105" m="41546,21735,28266" machi="97" ten="30,1000,0" yaku="14,1" doraHai="33" who="3" fromWho="1" sc="490,0,355,-16,40,0,105,26" /><INIT seed="2,0,0,3,3,34" ten="490,339,40,131" oya="2" hai0="62,4,102,31,54,12,74,103,112,6,46,114,79" hai1="134,52,91,98,45,104,96,58,127,11,108,90,110" hai2="93,51,133,118,38,89,77,122,24,101,100,15,97" hai3="65,80,105,64,13,61,88,26,126,14,16,82,28"/><V47/><F38/><W81/><G105/><T55/><D31/><U68/><E68/><V0/><F122/><W20/><G126/><T17/><D79/><U121/><E121/><V99/><F118/><W95/><G61/><T44/><D74/><U35/><E35/><V71/><F71/><W107/><G107/><T129/><D12/><N who="3" m="4713" /><G28/><T49/><D49/><U39/><E11/><V9/><F133/><W69/><G69/><T21/><D21/><U29/><E29/><V111/><F24/><W36/><G36/><T23/><D23/><U130/><E134/><V70/><F70/><W119/><G119/><T73/><D73/><U50/><E127/><V85/><F111/><N who="1" m="42537" /><E130/><V33/><F33/><W76/><G76/><T32/><D32/><U67/><E104/><V75/><F75/><W3/><G3/><T125/><D129/><U78/><E78/><V22/><F22/><W27/><G27/><T106/><D106/><U10/><E10/><V123/><F123/><W48/><G48/><T109/><D109/><U8/><E8/><V37/><F37/><W92/><G26/><T25/><D25/><U2/><E2/><V72/><F72/><W128/><G20/><T135/><D125/><U5/><E5/><N who="2" m="3503" /><F0/><W53/><G16/><T57/><D17/><U116/><E116/><V84/><F77/><W30/><G30/><T120/><D135/><U86/><E39/><V7/><F7/><W83/><G128/><T132/><D132/><U43/><E67/><V1/><F1/><W41/><G65/><T113/><D120/><U18/><E18/><V56/><F51/><RYUUKYOKU ba="0,0" sc="490,0,339,0,40,0,131,0" /><INIT seed="3,1,0,0,2,58" ten="490,339,40,131" oya="3" hai0="7,47,82,8,92,120,17,91,124,12,131,30,93" hai1="97,64,4,45,69,132,63,86,130,60,54,2,38" hai2="110,5,79,107,57,70,129,135,106,104,27,55,14" hai3="77,43,81,62,114,111,126,122,40,119,133,125,53"/><W59/><G114/><T66/><D120/><U89/><E130/><V35/><F70/><W13/><G122/><T103/><D131/><U50/><E132/><V29/><F135/><W24/><G133/><T0/><D124/><N who="3" m="47721" /><G119/><T75/><D30/><U15/><E2/><V115/><F129/><W85/><G111/><T121/><D121/><U18/><E4/><V39/><F39/><W20/><G13/><T3/><D66/><U134/><E134/><V68/><F68/><W26/><G26/><T44/><D3/><U76/><E38/><V83/><F110/><W113/><G113/><T123/><D123/><U98/><E76/><V88/><F115/><W37/><G37/><T46/><D0/><U9/><REACH who="1" step="1"/><E63/><REACH who="1" ten="490,329,40,131" step="2"/><V51/><F5/><W99/><G77/><T100/><D7/><U32/><E32/><V22/><F79/><W34/><G34/><T128/><D128/><U19/><E19/><V102/><F35/><W87/><G62/><T65/><D17/><U96/><E96/><V105/><F14/><W42/><G99/><T33/><D12/><U95/><AGARI ba="1,1" hai="9,15,18,45,50,54,60,64,69,86,89,95,97,98" machi="95" ten="20,5200,0" yaku="1,1,0,1,7,1,52,1,53,0" doraHai="58" doraHaiUra="118" who="1" fromWho="1" sc="490,-14,329,65,40,-14,131,-27" /><INIT seed="4,0,0,1,0,107" ten="476,394,26,104" oya="0" hai0="17,118,13,70,2,87,18,22,6,100,130,44,81" hai1="65,98,45,88,114,121,116,67,129,96,78,77,92" hai2="49,34,9,113,127,19,48,102,68,125,122,32,93" hai3="109,30,31,56,134,43,111,35,108,79,7,11,42"/><T94/><D118/><U82/><E121/><V23/><F68/><W1/><G134/><T57/><D70/><U91/><E116/><V117/><F122/><W131/><G131/><T106/><D130/><U62/><E129/><V99/><F9/><W73/><G56/><T51/><D106/><U40/><E114/><V58/><F113/><W124/><G124/><N who="2" m="47689" /><F117/><W8/><G8/><T103/><D57/><U21/><E21/><V83/><F83/><W97/><G97/><T112/><D112/><U15/><E15/><N who="2" m="9727" /><F58/><W5/><G5/><T41/><D6/><U61/><E45/><V75/><F75/><W63/><G63/><T24/><D2/><U0/><E0/><V64/><F64/><W80/><REACH who="3" step="1"/><G35/><AGARI ba="0,0" hai="32,34,35,48,49,93,99,102" m="9727,47689" machi="35" ten="30,1000,0" yaku="18,1" doraHai="107" who="2" fromWho="3" sc="476,0,394,0,26,10,104,-10" /><INIT seed="5,0,0,0,5,120" ten="476,394,36,94" oya="1" hai0="55,97,58,4,27,20,29,71,11,1,42,49,0" hai1="17,102,60,39,2,51,130,113,22,9,50,86,44" hai2="112,134,41,28,122,19,126,114,67,88,127,125,65" hai3="132,74,36,115,90,25,91,8,24,14,100,32,37"/><U121/><E121/><V81/><F122/><W104/><G74/><T38/><D71/><U54/><E2/><V33/><F28/><W123/><G123/><T76/><D76/><U45/><E39/><V105/><F33/><W63/><G115/><N who="2" m="44073" /><F105/><W118/><G132/><T30/><D97/><U3/><E113/><V87/><F134/><W26/><G32/><T133/><D133/><U85/><E130/><V47/><F19/><W34/><G34/><T16/><REACH who="0" step="1"/><D1/><REACH who="0" ten="466,394,36,94" step="2"/><U52/><E3/><V56/><F56/><W75/><G118/><T117/><D117/><U70/><E102/><V96/><F96/><W92/><G100/><T106/><D106/><U99/><E99/><V108/><F108/><W61/><G104/><T7/><D7/><U15/><E9/><V46/><F46/><AGARI ba="0,1" hai="0,4,11,16,20,27,29,30,38,42,46,49,55,58" machi="46" ten="40,2600,0" yaku="1,1,54,1,53,0" doraHai="120" doraHaiUra="131" who="0" fromWho="2" sc="466,36,394,0,36,-26,94,0" /><INIT seed="6,0,0,1,1,104" ten="502,394,10,94" oya="2" hai0="77,123,73,4,47,58,79,83,129,74,119,21,122" hai1="131,108,105,91,39,98,116,38,13,26,86,44,35" hai2="64,111,56,68,19,88,130,60,90,29,127,6,75" hai3="24,112,59,100,37,40,128,76,67,32,61,55,15"/><V18/><F68/><W125/><G128/><T10/><D129/><U23/><E116/><V5/><F130/><W34/><G125/><T33/><D33/><U70/><E70/><V46/><F127/><W31/><G112/><T95/><D119/><U41/><E35/><V87/><F75/><W7/><G76/><T48/><D58/><U16/><E108/><V11/><F111/><W22/><G100/><T81/><D21/><U30/><E131/><V113/><F113/><W14/><G7/><T36/><D95/><U72/><E72/><V1/><F29/><W94/><G94/><T9/><D9/><U99/><E105/><V51/><F6/><W49/><G34/><T89/><D89/><U121/><E121/><V115/><F115/><W124/><G124/><T57/><D57/><U63/><E38/><V80/><REACH who="2" step="1"/><F90/><REACH who="2" ten="502,394,0,94" step="2"/><W118/><G118/><T93/><D122/><U52/><E30/><V17/><F17/><W92/><G32/><T102/><D4/><U107/><E16/><V69/><F69/><N who="3" m="42223" /><G92/><T96/><D123/><U133/><E91/><V82/><F82/><W106/><G106/><T0/><D83/><U135/><E107/><V85/><F85/><W103/><G103/><T132/><D81/><U78/><E86/><V25/><F25/><W27/><G24/><T101/><D102/><U53/><E26/><V45/><F45/><AGARI ba="0,1" hai="14,15,22,27,31,37,40,45,49,55,59" m="42223" machi="45" ten="30,1000,0" yaku="24,1" doraHai="104" who="3" fromWho="2" sc="502,0,394,0,0,-10,94,20" owari="502,61.0,394,19.0,-10,-51.0,114,-29.0" /></mjloggm>