<mjloggm ver="2.3"><GO type="97" lobby="0"/><UN n0="%41%6B%61%73%61%6B%61%2E" n1="%E4%BF%BA%E3%81%AF%E3%82%82%E3%81%86%E3%83%80%E3%83%A1%E3%81%A0%E3%81%8A" n2="%E3%82%A6%E3%83%AB%E3%83%88%E3%83%A9%E7%AB%8B%E7%9B%B4" n3="%67%75%6C%66%61%6E%64" dan="13,14,15,13" rate="1816.81,1936.32,1996.49,1836.97" sx="M,M,M,M"/><TAIKYOKU oya="0"/><INIT seed="0,0,0,0,4,88" ten="250,250,250,250" oya="0" hai0="90,80,39,96,55,26,61,112,66,89,43,37,115" hai1="93,63,128,5,51,107,64,32,126,133,38,65,58" hai2="17,105,21,101,33,27,50,98,40,57,3,87,77" hai3="81,41,122,134,30,135,0,62,119,14,106,68,53"/><T132/><D132/><N who="3" m="50729" /><G122/><T11/><D39/><U99/><E32/><V42/><F3/><W117/><G0/><T18/><D55/><U24/><E5/><V74/><F74/><W56/><G106/><T82/><D43/><U103/><E126/><V120/><F120/><W60/><G30/><T46/><D46/><U94/><E128/><V6/><F33/><W111/><G111/><T72/><D37/><U16/><E133/><V8/><F77/><W36/><G81/><T131/><D131/><U2/><E2/><V22/><F87/><W123/><G123/><T76/><D90/><U91/><E38/><V23/><F42/><W9/><G9/><T118/><D118/><N who="3" m="45065" /><G14/><T121/><D121/><U35/><E107/><V125/><F125/><W113/><G113/><T28/><D11/><U95/><E103/><V108/><F108/><W83/><G83/><T31/><D31/><U10/><E35/><V7/><F8/><W20/><G20/><T129/><D129/><U116/><E116/><V124/><F124/><W47/><G68/><T54/><D18/><U130/><E130/><V49/><F22/><W71/><G71/><T25/><D25/><U100/><E100/><V44/><F23/><W79/><G79/><T15/><D15/><N who="1" m="7287" /><E24/><V12/><F27/><W109/><G109/><T45/><D115/><U29/><E29/><V70/><F70/><W97/><G97/><T104/><D112/><U52/><E99/><V78/><F78/><W86/><G86/><T84/><D96/><U85/><E85/><V127/><F127/><W4/><G4/><T1/><D104/><RYUUKYOKU ba="0,0" sc="250,-15,250,-15,250,15,250,15" hai2="6,7,12,17,21,40,44,49,50,57,98,101,105" hai3="36,41,47,53,56,60,62" /><INIT seed="1,1,0,0,5,56" ten="235,235,265,265" oya="1" hai0="116,10,12,129,17,119,127,48,90,123,35,65,98" hai1="6,81,39,64,5,62,94,95,4,1,93,13,8" hai2="122,111,132,34,112,58,128,60,134,23,92,87,109" hai3="125,47,104,41,118,117,67,2,25,106,38,114,133"/><U97/><E39/><V43/><F34/><W44/><G114/><T84/><D35/><U15/><E81/><V29/><F122/><W28/><G125/><T46/><D127/><U57/><E1/><V3/><F3/><W11/><G133/><N who="2" m="51305" /><F128/><W33/><G47/><T61/><D129/><U82/><E82/><V53/><F112/><W26/><G26/><T18/><D98/><U91/><REACH who="1" step="1"/><E15/><REACH who="1" ten="235,225,265,265" step="2"/><V88/><F43/><W68/><G2/><T16/><D123/><U27/><E27/><AGARI ba="1,1" hai="23,27,29,53,58,60,87,88,92,109,111" m="51305" machi="27" ten="30,3900,0" yaku="20,1,52,1,54,1" doraHai="56" who="2" fromWho="1" sc="235,0,225,-42,265,52,265,0" /><INIT seed="2,0,0,1,2,96" ten="235,183,317,265" oya="2" hai0="81,55,18,103,45,28,126,17,115,130,78,65,8" hai1="79,25,80,3,84,35,83,16,48,66,75,120,36" hai2="33,71,101,77,54,39,14,23,22,51,74,98,89" hai3="128,135,102,19,44,85,9,63,29,119,86,87,64"/><V4/><F33/><W124/><G119/><T15/><D115/><U104/><E3/><V13/><F71/><W42/><G124/><T94/><D126/><U91/><E36/><V59/><F39/><W118/><G135/><T21/><D28/><U58/><E120/><V106/><F77/><W113/><G118/><T10/><D130/><U7/><E7/><V0/><F74/><W6/><G128/><T116/><D116/><U5/><E5/><V111/><F111/><W108/><G108/><T88/><D65/><U47/><E104/><V49/><F0/><W117/><G117/><T27/><D103/><U67/><E35/><V24/><F4/><W97/><G29/><T60/><D45/><U31/><E31/><V32/><F32/><W72/><G19/><T114/><D60/><U133/><E133/><V38/><F38/><W122/><G72/><T123/><D55/><U107/><E107/><V1/><F1/><N who="3" m="207" /><G122/><T53/><D53/><U69/><E69/><V93/><F51/><N who="3" m="27031" /><G113/><T30/><D123/><U134/><E134/><V11/><F24/><W57/><G85/><T131/><D114/><U109/><E109/><V90/><F90/><W2/><G2/><T34/><D131/><U121/><E121/><V20/><REACH who="2" step="1"/><F11/><REACH who="2" ten="235,183,307,265" step="2"/><W61/><G61/><T76/><D76/><U132/><E48/><V127/><F127/><W70/><G70/><T50/><D34/><U105/><E79/><V52/><F52/><W73/><G73/><N who="0" m="43215" /><D50/><U46/><E75/><V99/><AGARI ba="0,1" hai="13,14,20,22,23,49,54,59,89,93,98,99,101,106" machi="99" ten="30,6000,0" yaku="1,1,0,1,52,1,53,0" doraHai="96" doraHaiUra="12" who="2" fromWho="2" sc="235,-20,183,-20,307,70,265,-20" /><INIT seed="2,1,0,3,3,28" ten="215,163,377,245" oya="2" hai0="93,51,102,25,110,98,59,116,92,126,15,26,69" hai1="23,94,12,106,104,2,124,0,132,16,113,33,82" hai2="27,65,108,41,19,42,22,54,37,107,73,101,114" hai3="88,95,7,24,72,67,122,66,85,21,79,5,43"/><V74/><F114/><W134/><G122/><T44/><D69/><U49/><E113/><V91/><F108/><W100/><G134/><T71/><D71/><U75/><E132/><V77/><F65/><N who="3" m="24587" /><G72/><T64/><D110/><U34/><E124/><V89/><F101/><W36/><G36/><T47/><D126/><U31/><E94/><V30/><F107/><W39/><G39/><T129/><D129/><U63/><E63/><V87/><F37/><W70/><G70/><T121/><D121/><U6/><E49/><V3/><F3/><W96/><G43/><T90/><D116/><U20/><E82/><V81/><F74/><W18/><G79/><T48/><D15/><U80/><E80/><AGARI ba="1,0" hai="5,7,18,21,24,80,85,88,95,96,100" m="24587" machi="80" ten="30,2000,0" yaku="8,1,54,1" doraHai="28" who="3" fromWho="1" sc="215,0,163,-23,377,0,245,23" /><INIT seed="3,0,0,0,1,13" ten="215,140,377,268" oya="3" hai0="103,105,120,65,52,97,61,54,17,38,74,33,131" hai1="130,23,75,88,101,73,43,36,58,92,42,26,84" hai2="15,109,39,91,37,79,128,112,108,64,66,124,4" hai3="113,45,1,0,82,40,107,127,25,6,60,5,114"/><W16/><G127/><T85/><D74/><U80/><E130/><V31/><F112/><W87/><G107/><T27/><D120/><U22/><E22/><V123/><F128/><W20/><G1/><T117/><D38/><U19/><E58/><V118/><F118/><W96/><G0/><T67/><D67/><U68/><E68/><V126/><F79/><W12/><G96/><T21/><D117/><U129/><E129/><V14/><F31/><W90/><G60/><T56/><D131/><U41/><E36/><V3/><F91/><W7/><REACH who="3" step="1"/><G25/><REACH who="3" ten="215,140,377,258" step="2"/><T51/><D33/><U135/><REACH who="1" step="1"/><E135/><REACH who="1" ten="215,130,377,258" step="2"/><V72/><F3/><W125/><G125/><T104/><D104/><U95/><E95/><V119/><F119/><W44/><G44/><T9/><D9/><U78/><E78/><V2/><F2/><W70/><G70/><T76/><D51/><AGARI ba="0,2" hai="5,6,7,12,16,20,40,45,51,82,87,90,113,114" machi="51" ten="40,7700,0" yaku="1,1,52,1,54,1,53,0" doraHai="13" doraHaiUra="134" who="3" fromWho="0" sc="215,-77,130,0,377,0,258,97" /><INIT seed="3,1,0,3,2,23" ten="138,130,377,355" oya="3" hai0="33,131,31,114,120,129,121,38,9,20,61,97,82" hai1="26,94,109,29,4,103,105,96,59,115,79,40,28" hai2="0,41,92,45,2,122,37,84,13,30,3,54,71" hai3="107,112,15,111,18,6,64,10,60,89,134,133,78"/><W74/><G112/><T63/><D38/><U48/><E115/><V130/><F71/><W108/><G107/><T32/><D114/><U57/><E79/><V75/><F75/><W98/><G78/><T12/><D82/><U99/><E109/><N who="3" m="42058" /><G74/><T70/><D97/><U53/><E4/><V132/><F130/><N who="0" m="49674" /><D70/><U102/><E40/><V127/><F132/><W5/><G98/><T125/><D125/><U119/><E119/><V35/><F127/><W93/><G93/><T69/><D69/><U8/><E8/><V36/><F84/><W24/><G89/><T43/><D43/><U7/><E7/><N who="3" m="2570" /><G24/><N who="0" m="16775" /><D61/><U83/><E83/><V16/><F92/><W117/><G117/><T22/><D22/><U86/><E86/><V73/><F73/><W72/><G72/><T77/><D63/><U49/><E26/><V87/><F0/><W76/><G76/><T110/><D77/><U17/><E17/><V52/><F2/><W104/><G104/><T42/><D110/><U62/><E48/><V123/><F3/><W14/><G14/><T68/><D68/><AGARI ba="1,0" hai="10,15,18,60,64,68,133,134" m="2570,42058" machi="68" ten="30,2900,0" yaku="14,1,10,1" doraHai="23" who="3" fromWho="0" sc="138,-32,130,0,377,0,355,32" owari="106,-39.0,130,-27.0,377,18.0,387,48.0" /></mjloggm>