<mjloggm ver="2.3"><GO type="97" lobby="0"/><UN n0="%E3%82%A6%E3%83%AB%E3%83%88%E3%83%A9%E7%AB%8B%E7%9B%B4" n1="%42%42%51" n2="%E3%81%BE%E3%81%A4%E3%81%92%E5%90%9B" n3="%31%30%30%E6%AD%B3" dan="15,13,15,16" rate="2006.19,1833.45,2065.19,1930.61" sx="M,M,M,F"/><TAIKYOKU oya="0"/><INIT seed="0,0,0,4,3,43" ten="250,250,250,250" oya="0" hai0="114,77,113,0,15,104,121,19,132,129,64,16,53" hai1="96,130,49,20,25,110,54,72,10,102,51,95,4" hai2="101,98,37,87,50,21,12,1,31,92,39,81,45" hai3="61,7,89,106,94,79,56,48,34,44,22,84,40"/><T91/><D0/><U2/><E110/><V71/><F71/><W58/><G34/><T57/><D121/><U27/><E130/><V29/><F1/><W41/><G106/><T33/><D33/><U128/><E128/><V105/><F105/><W14/><G79/><T131/><D129/><U6/><E6/><V80/><F39/><W82/><G56/><T59/><D131/><U8/><E72/><V30/><F37/><W65/><G40/><T35/><D35/><U88/><E10/><V133/><F133/><W69/><G69/><T83/><D104/><U36/><E36/><V93/><F93/><W46/><G46/><T47/><D132/><U63/><E27/><V124/><F124/><W117/><G117/><T127/><D127/><U55/><E55/><N who="2" m="30159" /><F87/><W67/><G94/><T70/><D70/><U120/><E120/><V86/><F86/><W24/><G24/><T28/><D77/><U107/><E107/><V18/><AGARI ba="0,0" hai="12,18,21,29,30,31,80,81,92,98,101" m="30159" machi="18" ten="30,2000,0" yaku="8,1,52,1" doraHai="43" who="2" fromWho="2" sc="250,-10,250,-5,250,20,250,-5" /><INIT seed="1,0,0,0,1,66" ten="240,245,270,245" oya="1" hai0="48,5,94,11,102,106,31,81,67,91,79,53,35" hai1="22,111,49,10,15,65,123,110,42,8,103,80,89" hai2="63,64,7,121,117,108,100,46,30,104,97,92,134" hai3="44,130,39,62,87,122,59,0,105,84,55,83,109"/><U86/><E123/><V88/><F117/><W16/><G122/><T40/><D31/><U57/><E103/><V43/><F121/><W23/><G0/><T25/><D35/><U115/><E115/><V61/><F108/><N who="1" m="41513" /><E42/><V56/><F134/><W78/><G105/><T24/><D102/><U9/><E22/><V18/><F7/><W52/><G109/><T60/><D106/><U132/><E132/><V90/><F30/><W98/><G98/><T125/><D125/><U82/><E82/><V45/><F18/><W77/><G130/><T50/><D40/><U124/><E124/><V20/><F20/><W126/><G126/><T135/><D135/><U71/><E71/><V72/><F72/><W26/><G39/><T120/><D120/><U74/><E74/><V75/><F75/><W33/><G33/><T128/><D81/><U47/><E47/><V99/><F43/><W129/><G129/><T95/><D128/><U107/><E107/><V13/><F13/><W41/><G41/><T51/><D79/><N who="3" m="30217" /><G83/><T76/><D76/><U73/><E73/><V19/><F19/><W118/><G118/><T101/><D101/><U2/><E2/><V54/><REACH who="2" step="1"/><F90/><REACH who="2" ten="240,245,260,245" step="2"/><W93/><G23/><T6/><D91/><U1/><E1/><V112/><F112/><W4/><G4/><T21/><D21/><U113/><E113/><V17/><F17/><W3/><G16/><T14/><D6/><U70/><E15/><V32/><F32/><W28/><G3/><T36/><D5/><U69/><E65/><V96/><F96/><W68/><G28/><T37/><D67/><RYUUKYOKU ba="0,1" sc="240,-15,245,15,260,15,245,-15" hai1="8,9,10,49,57,69,70,80,86,89" hai2="45,46,54,56,61,63,64,88,92,97,99,100,104" /><INIT seed="1,1,1,1,0,34" ten="225,260,275,230" oya="1" hai0="66,113,130,111,0,118,41,25,132,100,51,76,117" hai1="43,36,24,48,10,106,101,13,121,125,19,53,39" hai2="84,35,33,17,91,7,37,92,109,32,45,78,1" hai3="61,59,5,122,49,55,110,40,14,95,88,57,114"/><U97/><E121/><V11/><F109/><W90/><G122/><T38/><D113/><U28/><E125/><V93/><F78/><W127/><G110/><T67/><D111/><U65/><E65/><V64/><F64/><W135/><G114/><T83/><D51/><U96/><E43/><V108/><F108/><W105/><G105/><T4/><D66/><U46/><REACH who="1" step="1"/><E97/><REACH who="1" ten="225,250,275,230" step="2"/><V60/><F35/><AGARI ba="1,2" hai="10,13,19,24,28,35,36,39,46,48,53,96,101,106" machi="35" ten="30,11600,0" yaku="1,1,2,1,7,1,53,1" doraHai="34" doraHaiUra="12" who="1" fromWho="2" sc="225,0,250,139,275,-119,230,0" /><INIT seed="1,2,0,4,1,30" ten="225,389,156,230" oya="1" hai0="120,64,50,10,4,101,38,36,67,19,85,113,17" hai1="89,1,73,80,5,124,91,74,54,118,100,102,125" hai2="86,117,83,59,32,2,66,60,48,24,55,27,110" hai3="12,105,25,130,119,72,11,75,8,18,99,65,61"/><U79/><E54/><V0/><F117/><W45/><G119/><T22/><D113/><U82/><E5/><V92/><F110/><W20/><G130/><T9/><D101/><N who="1" m="39019" /><E1/><V63/><F92/><W134/><G99/><T47/><D120/><U58/><E58/><V126/><F126/><N who="1" m="48745" /><E118/><V93/><F93/><W46/><G105/><T62/><D62/><U111/><E111/><V103/><F103/><W51/><G46/><T115/><D115/><U131/><E131/><V44/><F63/><W14/><G134/><T68/><D47/><U98/><E98/><V42/><F27/><W88/><G14/><T40/><D40/><U84/><E73/><V133/><F133/><W15/><G15/><T39/><D4/><U77/><AGARI ba="2,0" hai="74,77,79,80,82,84,89,91" m="48745,39019" machi="77" ten="30,6000,0" yaku="18,1,34,2" doraHai="30" who="1" fromWho="1" sc="225,-22,389,66,156,-22,230,-22" /><INIT seed="1,3,0,5,5,104" ten="203,455,134,208" oya="1" hai0="88,116,94,22,32,7,49,86,41,129,31,82,90" hai1="28,106,56,10,61,81,115,125,107,103,33,9,122" hai2="72,3,67,117,114,87,85,105,132,77,27,97,73" hai3="70,60,11,79,78,40,124,121,119,51,95,120,71"/><U93/><E115/><V84/><F3/><W21/><G95/><T47/><D116/><U68/><E122/><V58/><F117/><W91/><G119/><T19/><D129/><U111/><E111/><V134/><F114/><W16/><G11/><T83/><D7/><U110/><E110/><V23/><F105/><W102/><G102/><T26/><REACH who="0" step="1"/><D90/><REACH who="0" ten="193,455,134,208" step="2"/><U52/><E125/><V118/><F118/><W130/><G91/><T18/><D18/><U113/><E113/><V89/><F77/><W112/><G112/><T62/><D62/><U38/><E61/><N who="2" m="38327" /><F89/><W8/><G60/><T42/><D42/><U99/><E107/><V127/><F127/><W44/><G124/><T39/><D39/><U101/><E38/><V13/><F97/><W24/><G79/><T30/><D30/><U46/><E28/><N who="2" m="17535" /><F13/><AGARI ba="3,1" hai="13,19,22,26,31,32,41,47,49,82,83,86,88,94" machi="13" ten="30,7700,0" yaku="1,1,7,1,54,1,53,1" doraHai="104" doraHaiUra="15" who="0" fromWho="2" sc="193,96,455,0,134,-86,208,0" /><INIT seed="2,0,0,4,1,66" ten="289,455,48,208" oya="2" hai0="95,127,30,63,112,61,42,25,90,1,110,41,23" hai1="124,103,122,34,6,89,82,3,72,123,50,99,83" hai2="68,47,104,130,11,39,96,36,18,113,107,29,121" hai3="52,9,93,10,60,56,19,58,31,43,87,14,70"/><V51/><F121/><N who="1" m="46089" /><E34/><V128/><F113/><W54/><G31/><T75/><D75/><U86/><E6/><V114/><F114/><W44/><G9/><T105/><D105/><N who="2" m="40522" /><F96/><W102/><G70/><T73/><D73/><U74/><E50/><V111/><F29/><W116/><G116/><T67/><D1/><U118/><E3/><V79/><F79/><W12/><G12/><T94/><D23/><U65/><E65/><V91/><F91/><N who="3" m="53503" /><G102/><T129/><D67/><U55/><E55/><N who="3" m="21034" /><G60/><T132/><D61/><U134/><E134/><V106/><N who="2" m="40530" /><V59/><DORA hai="5" /><F59/><W71/><G71/><T57/><D132/><U64/><E118/><V126/><F68/><W85/><G85/><T0/><D57/><U33/><E33/><V26/><F126/><W125/><G125/><T7/><D63/><U38/><E38/><V32/><F32/><W8/><G8/><T49/><D127/><U37/><E37/><V84/><F84/><W92/><G92/><T4/><D94/><U2/><E74/><V101/><F101/><W46/><G46/><T76/><D95/><U120/><E120/><V117/><F117/><W78/><G78/><T81/><D76/><U88/><E72/><V28/><F111/><W69/><G69/><T40/><D110/><U108/><E108/><V133/><F133/><W109/><G109/><T100/><D100/><U98/><E103/><V16/><F11/><W135/><G135/><T131/><D112/><U48/><E124/><V13/><F39/><W53/><N who="3" m="21042" /><W62/><DORA hai="22" /><G62/><T27/><D30/><U21/><E86/><RYUUKYOKU ba="0,0" sc="289,-10,455,-10,48,-10,208,30" hai3="10,14,19,43,44,56,58" /><INIT seed="3,1,0,5,4,41" ten="279,445,38,238" oya="3" hai0="20,79,75,35,22,15,91,49,29,89,60,11,85" hai1="93,0,108,26,117,32,33,69,16,103,34,1,37" hai2="7,132,102,62,128,88,113,55,24,83,100,86,65" hai3="97,19,67,43,17,50,39,95,129,99,14,72,51"/><W31/><G72/><T106/><D106/><U135/><E69/><V18/><F113/><W5/><G31/><T101/><D101/><U28/><E37/><V47/><F128/><W38/><G67/><T94/><D75/><U54/><E54/><V23/><F132/><W105/><G105/><T109/><D79/><U81/><E81/><V80/><F7/><W130/><G5/><T110/><D60/><U57/><E57/><V84/><F65/><W9/><G43/><T90/><D35/><N who="1" m="20887" /><E103/><V25/><F25/><W6/><G6/><N who="0" m="3575" /><D22/><U3/><E93/><V45/><F62/><W124/><G124/><T120/><D120/><U59/><E59/><V131/><F131/><N who="3" m="50187" /><G19/><T52/><D20/><U123/><E123/><V134/><F134/><W63/><G63/><T36/><D29/><U116/><E135/><V104/><F55/><W61/><G61/><T4/><D4/><U53/><E53/><V126/><F126/><W40/><G99/><T114/><D36/><N who="3" m="13865" /><G40/><T98/><D98/><U122/><E16/><V42/><F42/><W119/><G119/><N who="1" m="45642" /><E122/><V70/><F70/><W73/><G73/><T2/><D2/><U44/><E108/><N who="0" m="41577" /><D114/><U76/><E76/><V96/><REACH who="2" step="1"/><F102/><AGARI ba="1,0" hai="9,14,17,50,51,95,97,102" m="13865,50187" machi="102" ten="30,1500,0" yaku="19,1" doraHai="41" who="3" fromWho="2" sc="279,0,445,0,38,-18,238,18" /><INIT seed="3,2,0,5,5,47" ten="279,445,20,256" oya="3" hai0="87,133,118,1,37,49,100,5,51,91,110,53,36" hai1="119,127,17,76,16,41,130,30,72,19,57,88,67" hai2="9,32,74,28,95,35,54,15,40,12,14,62,125" hai3="45,64,71,101,34,70,116,96,98,89,120,106,58"/><W83/><G116/><T66/><D118/><U8/><E119/><V39/><F54/><W134/><G120/><T46/><D133/><U75/><E130/><V23/><F62/><W33/><G134/><T26/><D110/><U86/><E41/><V60/><F60/><W115/><G115/><T73/><D73/><U122/><E30/><V80/><F95/><W43/><G58/><T107/><D66/><U90/><E122/><V56/><F56/><W105/><G64/><T24/><D5/><U65/><E8/><V69/><F69/><W13/><G13/><T6/><D6/><U99/><E75/><V44/><F80/><W55/><G55/><T31/><D1/><U104/><E127/><V11/><F74/><W117/><G117/><T129/><D129/><U29/><E29/><V59/><F59/><W114/><G114/><T25/><D31/><U124/><E124/><V103/><F103/><N who="3" m="62695" /><G89/><T111/><D111/><U121/><E121/><V78/><F125/><W132/><G83/><T2/><D2/><U52/><E72/><V109/><F78/><W20/><G20/><T4/><D4/><U84/><E104/><V21/><F44/><W93/><G93/><T131/><D131/><U22/><E22/><N who="2" m="8203" /><F40/><W97/><G97/><N who="0" m="61839" /><D51/><N who="1" m="30879" /><E76/><V79/><F79/><W112/><G112/><T77/><D77/><U85/><E99/><V3/><F39/><N who="3" m="21759" /><G132/><T10/><D10/><N who="2" m="3594" /><F109/><W48/><G48/><T27/><N who="0" m="6144" /><DORA hai="42" /><T81/><AGARI ba="2,0" hai="36,37,46,49,53,81,87,91" m="6144,61839" machi="81" ten="40,5200,0" yaku="4,1,52,2" doraHai="47,42" who="0" fromWho="0" sc="279,58,445,-15,20,-15,256,-28" owari="337,14.0,430,52.0,5,-49.0,228,-17.0" /></mjloggm>