<mjloggm ver="2.3"><GO type="97" lobby="0"/><UN n0="%E2%91%A6%E5%B1%8B%E6%95%B7" n1="%E5%BF%AB%E5%88%80%E4%B9%B1%E9%BA%BB" n2="%E3%82%A6%E3%83%AB%E3%83%88%E3%83%A9%E7%AB%8B%E7%9B%B4" n3="%28%2A%C2%B4%E3%83%BC%EF%BD%80%29" dan="14,15,15,16" rate="1942.11,2007.36,1973.87,2123.88" sx="M,M,M,M"/><TAIKYOKU oya="0"/><INIT seed="0,0,0,0,2,9" ten="250,250,250,250" oya="0" hai0="98,99,95,44,69,13,103,33,59,38,3,42,131" hai1="8,39,75,19,82,20,29,105,50,68,126,35,119" hai2="85,63,16,92,62,28,37,7,101,97,23,6,40" hai3="47,132,134,17,46,14,125,67,73,110,113,34,25"/><T133/><D131/><U93/><E119/><V2/><F28/><N who="3" m="19727" /><G113/><T43/><D133/><N who="3" m="51305" /><G73/><T123/><D123/><U107/><E39/><V61/><F2/><W84/><G110/><T128/><D128/><U48/><E68/><V77/><F37/><W78/><G67/><T65/><D3/><U135/><E135/><V91/><F40/><W71/><G71/><T102/><D33/><U90/><E75/><V4/><F77/><W53/><G53/><T111/><D111/><U112/><E35/><V109/><F109/><W122/><G125/><T80/><D69/><U124/><E112/><V1/><F1/><W114/><G114/><T115/><D115/><U72/><E72/><V32/><F32/><W96/><G96/><T26/><D26/><U79/><E124/><V57/><F57/><W15/><G122/><T21/><D43/><U10/><E126/><V117/><F117/><W118/><G118/><T41/><D41/><U52/><E107/><V94/><REACH who="2" step="1"/><F63/><REACH who="2" ten="250,250,240,250" step="2"/><W11/><G78/><T49/><D38/><U31/><E79/><V127/><F127/><W18/><G84/><T64/><D59/><U24/><E31/><V129/><F129/><W45/><G45/><T108/><D108/><U30/><E29/><V51/><F51/><W89/><G89/><T55/><D42/><U88/><E48/><V54/><F54/><W56/><G56/><T66/><D55/><U5/><E52/><V22/><F22/><AGARI ba="0,1" hai="11,14,15,17,18,22,46,47" m="51305,19727" machi="22" ten="30,3900,0" yaku="20,1,52,2" doraHai="9" who="3" fromWho="2" sc="250,0,250,0,240,-39,250,49" /><INIT seed="1,0,0,5,4,82" ten="250,250,201,299" oya="1" hai0="125,87,33,43,41,132,102,92,78,103,37,91,80" hai1="69,53,124,79,68,45,99,10,59,107,65,93,26" hai2="22,38,16,11,64,98,101,118,21,40,129,44,57" hai3="48,4,130,109,46,52,105,54,112,28,104,72,0"/><U34/><E107/><V13/><F129/><W6/><G112/><T70/><D33/><U56/><E124/><V60/><REACH who="2" step="1"/><F118/><REACH who="2" ten="250,250,191,299" step="2"/><W19/><G130/><T77/><D70/><U3/><E69/><V25/><F25/><W8/><G105/><AGARI ba="0,1" hai="11,13,16,21,22,38,40,44,57,60,64,98,101,105" machi="105" ten="30,7700,0" yaku="1,1,7,1,54,1,53,1" doraHai="82" doraHaiUra="96" who="2" fromWho="3" sc="250,0,250,0,191,87,299,-77" /><INIT seed="2,0,0,3,5,99" ten="250,250,278,222" oya="2" hai0="104,44,130,88,34,102,37,105,125,115,128,100,58" hai1="118,22,71,76,135,21,33,16,55,70,85,4,2" hai2="31,35,57,134,116,97,0,124,36,15,106,47,46" hai3="72,39,81,9,67,45,29,24,48,132,17,93,27"/><V74/><F116/><W25/><G39/><T62/><D115/><U92/><E118/><V65/><F15/><W108/><G108/><T12/><D34/><U111/><E33/><V5/><F47/><W126/><G132/><T91/><D125/><U19/><E111/><V26/><F57/><W68/><G126/><T42/><D12/><U78/><E135/><V122/><F65/><W8/><G29/><T83/><D105/><U109/><E109/><V114/><F134/><W20/><G93/><T96/><D102/><U89/><E2/><V28/><F28/><W64/><G72/><T56/><D56/><U79/><E4/><V6/><F6/><W10/><G81/><T123/><D123/><U59/><E70/><V80/><F124/><W23/><G68/><T133/><D133/><U13/><E71/><V84/><F122/><W61/><G61/><T98/><D98/><U53/><REACH who="1" step="1"/><E59/><REACH who="1" ten="250,240,278,222" step="2"/><V54/><F5/><W75/><G75/><T38/><D58/><U120/><E120/><V101/><F74/><W107/><G17/><T7/><D128/><U1/><E1/><V60/><F0/><W11/><G11/><T87/><D130/><U110/><E110/><V82/><F31/><W18/><G18/><T127/><D7/><U90/><E90/><N who="0" m="34345" /><D127/><U52/><E52/><V30/><F54/><W95/><G9/><T129/><D129/><U94/><E94/><V63/><F30/><W69/><G95/><T51/><D104/><U50/><E50/><V14/><F106/><W32/><G107/><N who="0" m="63879" /><D62/><U73/><E73/><V3/><F63/><W117/><G69/><RYUUKYOKU ba="0,1" sc="250,15,240,15,278,-15,222,-15" hai0="37,38,42,44,51,83,87" hai1="13,16,19,21,22,53,55,76,78,79,85,89,92" /><INIT seed="3,1,1,4,1,92" ten="265,255,263,207" oya="3" hai0="135,24,107,47,94,8,25,118,84,115,79,15,10" hai1="36,89,49,134,7,129,26,106,43,27,124,85,39" hai2="132,11,57,111,119,93,123,2,68,67,125,18,64" hai3="50,21,37,97,121,78,40,65,58,29,62,56,32"/><W96/><G121/><T81/><D107/><U99/><E129/><V77/><F68/><W44/><G32/><T5/><D118/><U108/><E108/><V127/><F119/><W103/><G78/><T63/><D135/><U102/><E134/><V41/><F132/><W88/><G37/><T105/><D105/><U14/><E124/><N who="2" m="47691" /><F111/><W130/><G130/><T19/><D115/><U53/><E43/><V133/><F133/><W70/><G88/><T31/><D31/><U75/><E75/><V22/><F41/><W112/><G112/><T117/><D117/><U91/><E91/><V80/><F57/><W113/><G113/><T122/><D122/><U23/><E14/><N who="2" m="9559" /><F93/><N who="3" m="58767" /><G70/><T0/><D63/><U109/><E7/><N who="2" m="1527" /><F123/><W52/><G58/><T13/><D0/><U74/><E74/><AGARI ba="1,1" hai="64,67,74,77,80" m="1527,9559,47691" machi="74" ten="30,1000,0" yaku="18,1" doraHai="92" who="2" fromWho="1" sc="265,0,255,-13,263,23,207,0" /><INIT seed="4,0,0,0,1,14" ten="265,242,286,207" oya="0" hai0="63,126,127,71,24,105,2,12,109,95,46,77,34" hai1="119,130,93,128,101,39,31,78,120,20,22,57,8" hai2="9,4,115,107,106,51,72,54,15,80,44,60,96" hai3="135,102,13,86,45,59,0,103,88,75,35,27,124"/><T113/><D2/><U48/><E120/><V53/><F115/><W85/><G0/><T58/><D105/><U132/><E119/><V68/><F96/><W134/><G75/><T83/><D71/><U36/><E132/><N who="3" m="50730" /><G124/><T23/><D113/><U38/><E78/><V131/><F131/><N who="1" m="50217" /><E31/><V52/><F107/><W21/><G85/><T55/><D109/><U67/><E8/><V98/><F106/><W25/><G45/><T10/><D34/><U129/><E129/><V116/><F116/><W123/><G123/><T42/><D95/><U87/><E48/><V133/><F133/><W6/><G59/><T73/><D23/><U117/><E117/><V26/><F72/><W118/><G118/><T69/><D24/><N who="3" m="9289" /><G35/><T90/><D90/><N who="1" m="53471" /><E101/><V41/><F26/><W33/><G33/><T121/><D69/><U50/><E50/><V122/><F122/><W97/><G97/><T70/><D70/><U64/><E64/><V47/><F98/><W65/><G65/><T49/><REACH who="0" step="1"/><D121/><REACH who="0" ten="255,242,286,207" step="2"/><U92/><E92/><V11/><F68/><W81/><G21/><T3/><D3/><U66/><E66/><V104/><F104/><W76/><G76/><T74/><D74/><U56/><E67/><V94/><F94/><W1/><G1/><T110/><D110/><U108/><E108/><V82/><F82/><W84/><G84/><T114/><D114/><U111/><E111/><V100/><F80/><W17/><G6/><AGARI ba="0,1" hai="6,10,12,42,46,49,55,58,63,73,77,83,126,127" machi="6" ten="40,2000,0" yaku="1,1,53,0" doraHai="14" doraHaiUra="28" who="0" fromWho="3" sc="255,30,242,0,286,0,207,-20" /><INIT seed="4,1,0,0,4,113" ten="285,242,286,187" oya="0" hai0="74,61,57,42,80,52,133,130,88,65,96,31,39" hai1="110,116,134,14,63,68,95,127,100,25,79,9,122" hai2="6,67,107,3,82,77,104,101,37,12,32,21,84" hai3="93,90,46,131,18,40,117,120,0,10,106,28,4"/><T7/><D133/><U27/><E110/><V97/><F32/><W49/><G131/><T89/><D130/><U62/><E122/><V64/><F37/><W38/><G120/><T86/><D74/><U2/><E2/><V92/><F3/><W70/><G106/><T69/><D7/><U129/><E116/><V76/><F104/><W123/><G123/><T54/><D31/><U24/><E129/><V41/><F41/><W29/><G70/><T103/><D103/><U124/><E134/><V36/><F36/><W81/><G117/><T51/><D96/><N who="1" m="59423" /><E79/><N who="2" m="46175" /><F107/><W35/><G35/><T73/><D73/><U75/><E75/><V58/><F67/><W109/><G109/><T13/><D13/><U91/><BYE who="0" /><E91/><V53/><F64/><W105/><G105/><T47/><D47/><U50/><E50/><N who="2" m="31031" /><F21/><W126/><G126/><N who="1" m="48170" /><E68/><V19/><F6/><AGARI ba="1,0" hai="6,9,14,24,25,27,62,63" m="48170,59423" machi="6" ten="30,1000,0" yaku="18,1" doraHai="113" who="1" fromWho="2" sc="285,0,242,13,286,-13,187,0" /><INIT seed="5,0,0,0,3,72" ten="285,255,273,187" oya="1" hai0="6,101,98,29,69,128,88,26,20,95,7,34,77" hai1="11,45,57,104,22,127,125,110,40,131,27,76,56" hai2="119,78,130,116,102,50,30,0,12,73,21,133,70" hai3="49,113,108,74,121,75,13,52,111,99,63,54,31"/><U129/><E104/><V67/><F0/><W120/><G113/><T97/><D97/><U36/><E110/><V115/><F102/><W10/><G99/><T32/><D32/><U59/><E11/><V100/><F100/><W85/><G31/><T39/><D39/><U43/><E43/><V55/><F130/><N who="1" m="49673" /><E76/><V86/><F133/><W107/><G107/><T89/><D89/><U23/><E27/><V9/><F73/><W25/><G25/><T92/><D92/><U84/><E84/><V91/><F115/><W65/><G85/><T132/><D132/><U3/><E3/><V4/><F70/><W17/><G75/><T60/><D60/><U18/><E18/><V62/><F62/><W109/><G74/><T93/><D93/><U37/><E37/><V53/><F67/><W117/><G117/><T80/><D80/><U96/><E96/><V112/><F112/><W1/><G1/><T51/><D51/><U58/><N who="1" m="14336" /><DORA hai="124" /><U134/><E134/><V122/><F50/><W83/><G83/><T16/><D16/><U90/><E90/><V64/><F91/><W68/><REACH who="3" step="1"/><G49/><REACH who="3" ten="285,255,273,177" step="2"/><T103/><D103/><U118/><E118/><V33/><F119/><W35/><G35/><T19/><D19/><U5/><E5/><V87/><F4/><W24/><G24/><T106/><D106/><U79/><E79/><V123/><F78/><W48/><G48/><T126/><D126/><AGARI ba="0,1" hai="22,23,36,40,45,125,126,127" m="14336,49673" machi="126" ten="50,12000,1" yaku="18,1,19,1,52,3" doraHai="72,124" who="1" fromWho="0" sc="285,-120,255,130,273,0,177,0" owari="165,-33.0,385,48.0,273,7.0,177,-22.0" /></mjloggm>