<mjloggm ver="2.3"><GO type="41" lobby="0"/><UN n0="%E3%82%A6%E3%83%AB%E3%83%88%E3%83%A9%E7%AB%8B%E7%9B%B4" n1="%E3%81%97%E3%82%83%E3%81%A8%E3%82%93" n2="%59%48%30%37" n3="%54%4F%4D%4A%41%4E" dan="15,14,15,13" rate="1992.23,1998.88,1906.91,1877.85" sx="M,M,M,M"/><TAIKYOKU oya="0"/><INIT seed="0,0,0,4,4,102" ten="250,250,250,250" oya="0" hai0="15,95,35,31,60,116,62,17,70,66,9,20,59" hai1="101,115,96,6,46,98,128,33,105,103,32,51,43" hai2="45,63,65,58,30,28,127,126,61,49,53,25,84" hai3="55,14,80,0,23,134,88,117,38,37,7,2,12"/><T75/><D75/><U113/><E6/><V19/><F63/><W64/><G117/><T5/><D116/><U11/><E11/><V120/><F120/><W71/><G134/><T34/><D62/><U87/><E87/><V41/><F127/><W91/><G71/><T81/><D81/><U26/><E128/><V132/><F126/><W44/><G64/><T83/><D83/><U114/><E26/><V40/><F132/><W97/><G2/><T90/><D70/><U121/><E121/><V8/><F84/><W118/><G0/><T77/><D77/><U125/><E125/><V24/><F8/><W92/><G118/><T22/><D31/><N who="2" m="11818" /><F19/><W131/><G131/><T122/><D122/><U67/><E67/><V3/><F3/><W68/><G68/><T107/><D107/><AGARI ba="0,0" hai="32,33,43,46,51,96,98,101,103,105,107,113,114,115" machi="107" ten="40,8000,1" yaku="9,1,11,1,52,2" doraHai="102" who="1" fromWho="0" sc="250,-80,250,80,250,0,250,0" /><INIT seed="1,0,0,1,2,4" ten="170,330,250,250" oya="1" hai0="94,125,10,98,110,85,31,65,47,34,103,86,20" hai1="29,17,92,11,132,43,81,127,21,80,111,107,19" hai2="129,66,57,2,26,36,69,23,59,123,79,63,109" hai3="48,93,124,49,64,130,128,41,101,72,90,8,84"/><U108/><E107/><V5/><F109/><N who="1" m="42057" /><E132/><V122/><F129/><N who="3" m="49771" /><G72/><T51/><D34/><U12/><E127/><V52/><F36/><W102/><G64/><T73/><D73/><U0/><E0/><V88/><F79/><W28/><G124/><T105/><D105/><U25/><E43/><V97/><F69/><W30/><G41/><T133/><D133/><U135/><E135/><V100/><F5/><W38/><G38/><T15/><D65/><U83/><E92/><V116/><F2/><W78/><G78/><T77/><D77/><U95/><E95/><V120/><F116/><W91/><G91/><T56/><D56/><U99/><E99/><V121/><F121/><W16/><G48/><T71/><D71/><U82/><E82/><V87/><F97/><W106/><G49/><T74/><D74/><U6/><AGARI ba="0,0" hai="6,11,12,17,19,21,25,29,80,81,83" m="42057" machi="6" ten="30,6000,0" yaku="14,1,10,1,52,1" doraHai="4" who="1" fromWho="1" sc="170,-20,330,60,250,-20,250,-20" /><INIT seed="1,1,0,1,4,68" ten="150,390,230,230" oya="1" hai0="43,17,102,60,42,23,40,16,81,110,28,124,37" hai1="88,59,108,18,122,66,129,36,112,127,53,13,5" hai2="96,41,125,99,80,58,0,126,72,44,84,105,64" hai3="134,46,12,73,121,1,130,33,32,128,30,52,63"/><U83/><E122/><V6/><F72/><W119/><G121/><T4/><D124/><N who="2" m="47722" /><F105/><W19/><G73/><T29/><D110/><U90/><E112/><V71/><F71/><W67/><G119/><T7/><D37/><U45/><E129/><V117/><F117/><W92/><G1/><T135/><D135/><U74/><E5/><N who="0" m="2121" /><D102/><U8/><E108/><V107/><F107/><W27/><G33/><T35/><D35/><U48/><E127/><V114/><F58/><W56/><G134/><T20/><D81/><U26/><E26/><V118/><F64/><W10/><G92/><T34/><D60/><U133/><E133/><V120/><F114/><W24/><G27/><T116/><D34/><U86/><E74/><V111/><F111/><W3/><G3/><T100/><D100/><U101/><E101/><V25/><F25/><W79/><G79/><T51/><D51/><U55/><E66/><V85/><F118/><W132/><G132/><T31/><D116/><U87/><E36/><N who="2" m="21543" /><F120/><W97/><G97/><N who="2" m="37449" /><F80/><W50/><AGARI ba="1,0" hai="10,12,19,24,30,32,46,50,52,56,63,67,128,130" machi="50" ten="30,2000,0" yaku="0,1,54,1" doraHai="68" who="3" fromWho="3" sc="150,-6,390,-11,230,-6,230,23" /><INIT seed="2,0,0,1,2,56" ten="144,379,224,253" oya="2" hai0="1,42,71,40,46,48,16,81,92,44,62,74,0" hai1="45,73,72,121,52,127,84,51,23,134,123,43,112" hai2="13,116,31,106,75,63,88,105,18,98,17,60,35" hai3="41,2,29,14,82,114,70,47,9,39,128,115,10"/><V19/><F116/><W5/><G70/><T87/><D74/><U61/><E112/><V33/><F75/><W83/><G128/><T57/><D71/><U3/><E3/><V69/><F69/><W20/><G29/><T15/><D92/><U24/><E84/><V80/><F13/><W101/><G101/><T120/><D120/><N who="1" m="46155" /><E134/><V65/><F65/><W85/><G20/><T77/><D44/><U27/><E127/><V108/><F108/><W28/><G28/><T95/><D95/><U49/><E27/><V8/><F8/><W89/><REACH who="3" step="1"/><G82/><REACH who="3" ten="144,379,224,243" step="2"/><T110/><D110/><U102/><E102/><V32/><F80/><W25/><G25/><T26/><D26/><U135/><E23/><V53/><F31/><W59/><G59/><T34/><D34/><U129/><E24/><V22/><F22/><W126/><G126/><T78/><D81/><U130/><E130/><V103/><F53/><W55/><G55/><T131/><D131/><U107/><E129/><V76/><F76/><W118/><G118/><T94/><D78/><U119/><E119/><V54/><F54/><W113/><G113/><T122/><D77/><U64/><E135/><V111/><F111/><W117/><G117/><T6/><D122/><U4/><E52/><V90/><REACH who="2" step="1"/><F106/><REACH who="2" ten="144,379,214,243" step="2"/><W30/><G30/><T96/><D57/><U97/><E107/><V58/><F58/><W124/><G124/><T86/><D42/><U38/><E43/><V109/><F109/><W67/><G67/><T125/><D40/><U7/><E64/><V21/><F21/><W99/><G99/><T68/><D96/><RYUUKYOKU ba="0,2" sc="144,-15,379,-15,214,15,243,15" hai2="17,18,19,32,33,35,60,63,88,90,98,103,105" hai3="2,5,9,10,14,39,41,47,83,85,89,114,115" /><INIT seed="2,1,2,1,4,65" ten="129,364,229,258" oya="2" hai0="43,64,57,41,117,37,68,24,91,94,52,20,8" hai1="73,129,19,28,115,62,126,23,53,26,75,118,119" hai2="93,87,15,89,70,116,7,21,22,131,102,56,122" hai3="86,51,100,31,74,2,46,106,47,103,60,95,63"/><V14/><F131/><W6/><G74/><T101/><D117/><U49/><E115/><V132/><F132/><W32/><G106/><T4/><D101/><U16/><E129/><V1/><F116/><W76/><G32/><T59/><D59/><U112/><E112/><V104/><F122/><W78/><G31/><T110/><D110/><U99/><E126/><V134/><F134/><W120/><G120/><T34/><D34/><U30/><E99/><V0/><F70/><W25/><G25/><T109/><D109/><U88/><E62/><V108/><F108/><W33/><G33/><T133/><D37/><U90/><E49/><V113/><F113/><W127/><G127/><T29/><D64/><U124/><E124/><V84/><F89/><W44/><G2/><T61/><D68/><U3/><E3/><V135/><F93/><W9/><G51/><T71/><D71/><U35/><E35/><V39/><F135/><W123/><G123/><T58/><D58/><U72/><E72/><V97/><F56/><W82/><G76/><T45/><D45/><U125/><E125/><V121/><F121/><W11/><G103/><T77/><D77/><U128/><E128/><V38/><F102/><W18/><G6/><T67/><D67/><U66/><E66/><V107/><F7/><W98/><REACH who="3" step="1"/><G18/><REACH who="3" ten="129,364,229,248" step="2"/><T12/><REACH who="0" step="1"/><D133/><REACH who="0" ten="119,364,229,248" step="2"/><U27/><E53/><V54/><F54/><W96/><G96/><AGARI ba="1,4" hai="4,8,12,20,24,29,41,43,52,57,61,91,94,96" machi="96" ten="30,8000,1" yaku="1,1,2,1,7,1,8,1,54,1,53,0" doraHai="65" doraHaiUra="42" who="0" fromWho="3" sc="119,123,364,0,229,0,248,-83" /><AGARI ba="1,0" hai="0,1,14,15,21,22,38,39,84,87,96,97,104,107" machi="96" ten="25,2400,0" yaku="22,2" doraHai="65" who="2" fromWho="3" sc="242,0,364,0,229,24,165,-24" /><INIT seed="2,2,0,3,0,76" ten="242,364,253,141" oya="2" hai0="62,128,12,81,117,113,52,14,16,131,120,0,34" hai1="127,109,119,17,102,121,31,48,116,124,85,36,30" hai2="89,115,98,114,88,23,125,91,40,72,21,67,38" hai3="20,110,103,65,101,77,71,57,84,132,10,106,8"/><V49/><F125/><N who="1" m="48201" /><E36/><V75/><F38/><W11/><G110/><T123/><D34/><U5/><E102/><V122/><F122/><W59/><G71/><T44/><D0/><U26/><E48/><V54/><F98/><W1/><G1/><T47/><D117/><N who="1" m="45131" /><E85/><V42/><F67/><W100/><G132/><T112/><D62/><U82/><E82/><V37/><F37/><W6/><G106/><T45/><D52/><U22/><E109/><V99/><F99/><W80/><G6/><T63/><D63/><U24/><E5/><V41/><F54/><W56/><REACH who="3" step="1"/><G20/><REACH who="3" ten="242,364,253,131" step="2"/><N who="2" m="7753" /><F49/><W105/><G105/><T129/><D123/><U96/><E121/><V39/><F39/><W25/><G25/><T130/><D120/><U90/><E24/><V66/><F66/><AGARI ba="2,1" hai="8,10,11,56,57,59,65,66,77,80,84,100,101,103" machi="66" ten="50,8000,1" yaku="1,1,29,2,8,1,52,1,53,0" doraHai="76" doraHaiUra="18" who="3" fromWho="2" sc="242,0,364,0,253,-86,131,96" /><INIT seed="3,0,0,3,0,71" ten="242,364,167,227" oya="3" hai0="42,52,87,69,6,121,58,3,26,17,88,89,79" hai1="94,123,29,10,47,102,23,25,41,90,21,95,59" hai2="103,14,112,75,99,131,27,32,43,73,57,13,105" hai3="68,38,33,85,81,101,74,22,20,31,65,45,82"/><W117/><G117/><T70/><D79/><U114/><E123/><V55/><F131/><W53/><G74/><T100/><D100/><U30/><E114/><V49/><F112/><W5/><G33/><T93/><D6/><U127/><E127/><V115/><F115/><W8/><G101/><T60/><D3/><U16/><E59/><V109/><F109/><W107/><G107/><T61/><D61/><U46/><E102/><V133/><F133/><W135/><G135/><T50/><D121/><U78/><E78/><V98/><F98/><W11/><G11/><T120/><D120/><U104/><E104/><V83/><F43/><W40/><G81/><T118/><D118/><U18/><E10/><V86/><F75/><W92/><G68/><T4/><D4/><U15/><E47/><V39/><F39/><W113/><G65/><T66/><D42/><U132/><E132/><V54/><F54/><W97/><G113/><T110/><D110/><U64/><E64/><V96/><F96/><W62/><G31/><T67/><D89/><U0/><E0/><V124/><F73/><W51/><G62/><T77/><D77/><U72/><E72/><V76/><REACH who="2" step="1"/><F124/><REACH who="2" ten="242,364,157,227" step="2"/><W128/><G128/><T44/><D67/><U56/><E41/><V126/><F126/><W35/><G97/><T119/><D119/><U19/><E30/><AGARI ba="0,1" hai="13,14,27,30,32,49,55,57,76,83,86,99,103,105" machi="30" ten="40,1300,0" yaku="1,1,53,0" doraHai="71" doraHaiUra="125" who="2" fromWho="1" sc="242,0,364,-13,157,23,227,0" /><INIT seed="4,0,0,0,5,14" ten="242,351,180,227" oya="0" hai0="73,79,111,76,64,65,38,81,98,17,71,36,82" hai1="91,37,8,104,55,77,6,75,119,123,44,110,132" hai2="115,117,5,131,125,58,93,113,85,45,28,51,103" hai3="68,88,105,97,32,86,59,72,49,34,62,126,42"/><T84/><D111/><U133/><E119/><V106/><F5/><W52/><G126/><T74/><D84/><U94/><E104/><V3/><F3/><W114/><G114/><N who="2" m="43529" /><F28/><W127/><G72/><T66/><D98/><U101/><E101/><V135/><F58/><W54/><G127/><T31/><D31/><U0/><E123/><V134/><F125/><W112/><G112/><T69/><D17/><U22/><E110/><V95/><F117/><W121/><G121/><T18/><D18/><U129/><E22/><V33/><F33/><W60/><G42/><T96/><D96/><N who="1" m="57439" /><E55/><V87/><F131/><W13/><G105/><T99/><D99/><U78/><E129/><V89/><F106/><W40/><G40/><T122/><D122/><U120/><E120/><V39/><F39/><AGARI ba="0,0" hai="36,38,39,64,65,66,69,71,73,74,76,79,81,82" machi="39" ten="40,2000,0" yaku="9,1" doraHai="14" who="0" fromWho="2" sc="242,20,351,0,180,-20,227,0" /><INIT seed="4,1,0,5,4,58" ten="262,351,160,227" oya="0" hai0="131,125,82,25,2,68,77,122,43,23,119,72,61" hai1="34,79,101,76,62,66,126,22,83,57,51,104,128" hai2="92,27,37,107,16,36,91,9,14,85,33,48,73" hai3="81,100,124,3,94,40,78,90,88,132,4,111,35"/><T84/><D122/><U97/><E126/><V45/><F107/><W112/><G111/><T99/><D119/><U102/><E128/><V105/><F105/><W13/><G3/><T41/><D131/><U10/><E102/><V15/><F73/><W50/><G112/><T29/><D2/><U12/><E34/><V5/><F33/><W38/><G38/><T87/><D125/><U46/><E22/><V67/><F27/><W0/><G0/><T114/><D114/><U96/><E97/><V26/><F26/><W19/><G124/><T21/><D21/><U95/><E83/><V75/><F75/><W20/><G35/><T7/><D7/><N who="1" m="3167" /><E104/><V127/><F127/><W116/><G116/><T64/><D99/><U42/><AGARI ba="1,0" hai="42,46,51,57,62,66,76,79,95,96,101" m="3167" machi="42" ten="30,2000,0" yaku="8,1,52,1" doraHai="58" who="1" fromWho="1" sc="262,-11,351,23,160,-6,227,-6" /><INIT seed="5,0,0,5,3,93" ten="251,374,154,221" oya="1" hai0="72,113,90,110,77,103,78,134,36,79,74,130,100" hai1="121,133,53,10,120,8,25,46,80,5,32,55,67" hai2="56,108,101,42,34,49,64,24,60,15,59,88,89" hai3="27,7,65,11,19,13,3,99,62,95,30,57,131"/><U20/><E133/><V68/><F108/><W127/><G131/><T23/><D23/><U41/><E32/><V111/><F111/><W9/><G127/><T96/><D36/><U107/><E67/><V102/><F68/><W135/><G135/><T4/><D4/><U12/><E107/><V1/><F1/><W54/><G54/><T28/><D28/><U61/><E8/><V66/><F34/><W87/><G87/><T70/><D70/><U123/><E80/><V98/><F24/><W22/><REACH who="3" step="1"/><G95/><REACH who="3" ten="251,374,154,211" step="2"/><N who="0" m="56439" /><D134/><U126/><E126/><V94/><F66/><W125/><G125/><T58/><D110/><U14/><E61/><V122/><F64/><W16/><G16/><T75/><D130/><U29/><REACH who="1" step="1"/><E14/><REACH who="1" ten="251,364,154,211" step="2"/><V6/><F15/><W69/><G69/><T71/><D71/><U50/><AGARI ba="0,2" hai="5,10,12,20,25,29,41,46,50,53,55,120,121,123" machi="50" ten="30,11700,0" yaku="1,1,2,1,0,1,53,1" doraHai="93" doraHaiUra="21" who="1" fromWho="1" sc="251,-39,364,137,154,-39,211,-39" /><INIT seed="5,1,0,0,3,37" ten="212,501,115,172" oya="1" hai0="128,15,38,78,82,49,51,117,20,124,17,95,46" hai1="111,126,50,130,21,120,118,42,30,110,72,73,106" hai2="36,119,62,34,1,44,28,10,133,57,40,5,74" hai3="24,135,6,4,84,47,85,65,129,83,112,93,18"/><U63/><E118/><V116/><F133/><W0/><G112/><T97/><D117/><U114/><E120/><V12/><F74/><W132/><G129/><T64/><D64/><U13/><E130/><V35/><F12/><W81/><G65/><T39/><D49/><U102/><E114/><V113/><F113/><W88/><G47/><T101/><D124/><U22/><E63/><V32/><REACH who="2" step="1"/><F28/><REACH who="2" ten="212,501,105,172" step="2"/><W27/><G0/><T33/><D128/><U19/><E73/><V127/><F127/><W115/><G115/><T45/><D15/><U67/><E72/><V11/><F11/><W16/><REACH who="3" step="1"/><G93/><REACH who="3" ten="212,501,105,162" step="2"/><T96/><D95/><U122/><E126/><V77/><F77/><W76/><G76/><T79/><D78/><U25/><E122/><V104/><F104/><W98/><G98/><T125/><D79/><U71/><E106/><V86/><F86/><W90/><AGARI ba="1,2" hai="4,6,16,18,24,27,81,83,84,85,88,90,132,135" machi="90" ten="25,12000,2" yaku="1,1,0,1,22,2,54,2,53,0" doraHai="37" doraHaiUra="105" who="3" fromWho="3" sc="212,-31,501,-61,105,-31,162,143" /><INIT seed="6,0,0,3,5,47" ten="181,440,74,305" oya="2" hai0="67,3,134,19,8,104,88,84,15,80,54,26,41" hai1="29,93,116,108,61,2,33,38,69,11,129,68,17" hai2="14,79,37,72,110,12,63,65,75,32,135,18,52" hai3="44,4,58,111,23,9,39,133,130,128,94,106,0"/><V91/><F135/><W113/><G106/><T35/><D104/><U78/><E108/><V49/><F110/><W121/><G121/><T53/><D134/><U60/><E116/><V101/><F37/><W71/><G133/><T83/><D67/><U97/><E38/><V90/><F32/><W55/><G71/><T124/><D124/><U125/><E78/><V76/><F75/><W99/><G111/><T127/><D127/><U45/><E129/><N who="3" m="49770" /><G39/><T57/><D41/><U103/><E45/><N who="2" m="27695" /><F72/><W5/><G5/><T105/><D105/><U89/><E69/><V46/><F46/><W48/><G23/><T28/><D3/><U34/><E33/><V86/><F101/><N who="3" m="60663" /><G113/><T31/><D31/><U119/><E29/><V95/><F90/><W27/><G27/><T43/><D43/><U50/><E89/><V82/><F82/><W20/><G20/><T51/><D54/><U123/><E103/><V77/><F18/><W13/><G44/><T98/><D98/><U6/><E17/><V96/><F96/><W107/><G107/><T120/><D120/><U42/><E97/><V25/><F25/><W21/><G21/><T118/><D118/><U87/><E68/><V85/><F85/><W131/><N who="3" m="49778" /><W30/><DORA hai="22" /><G30/><T59/><D59/><AGARI ba="0,0" hai="12,14,59,63,65,76,77,79,86,91,95" m="27695" machi="59" ten="30,5800,0" yaku="8,1,52,1,54,1" doraHai="47,22" who="2" fromWho="0" sc="181,-58,440,0,74,58,305,0" /><INIT seed="6,1,0,0,2,10" ten="123,440,132,305" oya="2" hai0="68,13,119,91,50,84,21,108,11,116,106,127,32" hai1="46,24,74,78,93,49,102,6,128,114,16,120,54" hai2="52,43,8,112,75,41,53,2,100,80,134,104,33" hai3="69,42,83,115,15,59,105,18,101,55,97,64,71"/><V118/><F118/><N who="0" m="45098" /><D32/><U89/><E128/><V63/><F33/><W72/><G42/><T95/><D68/><U12/><E74/><V31/><F31/><W110/><G110/><T135/><D106/><U40/><E114/><V67/><F43/><W126/><G126/><T61/><D108/><U27/><E6/><N who="2" m="1111" /><F112/><W22/><G115/><T34/><D34/><U131/><E131/><V48/><F48/><W51/><REACH who="3" step="1"/><G64/><REACH who="3" ten="123,440,132,295" step="2"/><T81/><D127/><U9/><E120/><V85/><F41/><W23/><G23/><T37/><D21/><U129/><E129/><V130/><F67/><W38/><G38/><T0/><D37/><U77/><E40/><V76/><F130/><W107/><G107/><T70/><D135/><U132/><E132/><V5/><F134/><W58/><G58/><T62/><D70/><U14/><E102/><V99/><F104/><W65/><G65/><T133/><D133/><U39/><E39/><V30/><F100/><W121/><G121/><T111/><D111/><U113/><E113/><V123/><F123/><W86/><G86/><T19/><D0/><U26/><E12/><V4/><F85/><AGARI ba="1,1" hai="9,14,16,24,26,27,46,49,54,77,78,85,89,93" machi="85" ten="40,5200,0" yaku="8,1,52,1,54,1" doraHai="10" who="1" fromWho="2" sc="123,0,440,65,132,-55,295,0" /><INIT seed="7,0,0,1,1,40" ten="123,505,77,295" oya="3" hai0="7,22,0,85,37,101,60,18,3,99,113,89,19" hai1="88,39,9,103,25,59,132,33,58,67,29,94,10" hai2="68,23,66,64,5,61,65,114,35,36,111,86,47" hai3="108,69,56,21,81,82,115,53,119,63,109,80,13"/><W27/><G119/><T46/><D19/><U54/><E39/><V100/><F35/><W134/><G69/><T116/><D7/><U43/><E43/><V71/><F5/><W77/><G115/><T70/><D116/><U98/><E132/><V110/><F23/><W117/><G117/><T112/><D60/><U96/><E58/><V104/><F86/><W17/><G134/><T95/><D70/><N who="2" m="26666" /><F100/><W73/><REACH who="3" step="1"/><G27/><REACH who="3" ten="123,505,77,285" step="2"/><T75/><D112/><U48/><E67/><N who="2" m="25675" /><F114/><W97/><G97/><T120/><D99/><U102/><E102/><V2/><F2/><W38/><G38/><T121/><D101/><U126/><E126/><V128/><F128/><W131/><G131/><T127/><D127/><U8/><E103/><V31/><F104/><W87/><G87/><T93/><D85/><U20/><E98/><V11/><F11/><W32/><G32/><T42/><D3/><U6/><E33/><V51/><F36/><W44/><G44/><T106/><D0/><AGARI ba="0,1" hai="0,6,8,9,10,20,25,29,48,54,59,88,94,96" machi="0" ten="30,2000,0" yaku="7,1,54,1" doraHai="40" who="1" fromWho="0" sc="123,-20,505,30,77,0,285,0" owari="103,-30.0,535,63.0,77,-42.0,285,9.0" /></mjloggm>