<mjloggm ver="2.3"><GO type="169" lobby="0"/><UN n0="%E3%82%A6%E3%83%AB%E3%83%88%E3%83%A9%E7%AB%8B%E7%9B%B4" n1="%52%6F%62%69%4E" n2="%E3%81%A1%E3%81%8F%E3%81%8D" n3="%E5%8D%97%E6%96%97%E3%83%AC%E3%82%A4%E2%99%AA" dan="16,16,18,18" rate="2028.65,2061.88,2262.88,2136.40" sx="M,M,M,M"/><TAIKYOKU oya="0"/><INIT seed="0,0,0,2,3,130" ten="250,250,250,250" oya="0" hai0="108,73,47,90,70,4,48,76,25,129,91,107,51" hai1="17,21,38,87,101,39,44,42,126,103,16,112,102" hai2="89,1,29,131,81,78,31,123,82,30,93,69,10" hai3="27,99,106,45,22,127,115,0,8,113,56,3,37"/><T32/><D129/><U53/><E112/><V67/><F131/><W5/><G3/><T132/><D90/><U86/><E126/><V58/><F123/><W20/><G127/><T116/><D76/><U15/><E39/><V96/><F69/><W94/><G106/><T49/><D73/><U83/><E53/><V55/><F67/><W46/><G22/><T110/><D107/><U117/><E117/><V128/><F128/><W109/><G109/><N who="0" m="42091" /><D116/><U88/><E87/><V133/><F133/><W11/><G37/><T12/><D70/><U134/><REACH who="1" step="1"/><E17/><REACH who="1" ten="250,240,250,250" step="2"/><V43/><F43/><W120/><G113/><T119/><D119/><U63/><E63/><V19/><F19/><W54/><G115/><T23/><D51/><U41/><E41/><V7/><REACH who="2" step="1"/><F78/><REACH who="2" ten="250,240,240,250" step="2"/><W64/><G120/><T74/><D4/><U65/><E65/><V9/><F9/><W60/><G11/><T118/><D118/><U95/><E95/><V124/><F124/><W135/><G64/><T77/><D77/><U13/><E13/><V24/><F24/><W92/><G92/><T6/><D12/><U26/><E26/><V68/><F68/><W61/><G94/><T66/><D6/><U28/><E28/><V52/><F52/><W18/><G54/><T57/><D66/><U98/><E98/><V104/><F104/><W111/><G111/><T72/><D25/><U105/><E105/><V121/><F121/><W80/><G27/><T2/><D2/><U100/><N who="1" m="25600" /><DORA hai="97" /><U59/><E59/><V62/><AGARI ba="0,2" hai="1,7,10,29,30,31,55,58,62,81,82,89,93,96" machi="62" ten="30,2000,0" yaku="1,1,0,1,53,0" doraHai="130,97" doraHaiUra="71,114" who="2" fromWho="2" sc="250,-10,240,-5,240,40,250,-5" /><INIT seed="1,0,0,5,0,28" ten="240,235,280,245" oya="1" hai0="20,126,22,97,23,62,58,10,36,25,130,132,72" hai1="134,96,80,60,44,1,52,74,47,135,117,16,4" hai2="33,105,127,94,6,107,115,3,84,24,118,102,123" hai3="78,63,104,32,57,54,42,12,41,53,55,122,133"/><U81/><E117/><V64/><F118/><W88/><G104/><T73/><D36/><U77/><E81/><V108/><F123/><W70/><G122/><T51/><D73/><U87/><E74/><V109/><F64/><W2/><G2/><T66/><D72/><U128/><E128/><V91/><F115/><W5/><G78/><T82/><D126/><U21/><E4/><V56/><F127/><W98/><G70/><T8/><D132/><N who="1" m="50731" /><E96/><V95/><F56/><W69/><G69/><T61/><D130/><U76/><E77/><V26/><F26/><W90/><G133/><T93/><D82/><U120/><E1/><V49/><F49/><W7/><G12/><T110/><D61/><U46/><E120/><V18/><F6/><W48/><G48/><T38/><D38/><U31/><E31/><N who="2" m="19687" /><F3/><W0/><G5/><T15/><D51/><N who="1" m="28799" /><E60/><V103/><F18/><W59/><G7/><T68/><D97/><U116/><E116/><V17/><F17/><W99/><G0/><T71/><D62/><U29/><E29/><V19/><F19/><W83/><G63/><T79/><D79/><U100/><E100/><N who="2" m="38443" /><F95/><W129/><G129/><T106/><D93/><U27/><AGARI ba="0,0" hai="16,21,27,44,46,76,80,87" m="28799,50731" machi="27" ten="30,6000,0" yaku="20,1,54,2" doraHai="28" who="1" fromWho="1" sc="240,-20,235,60,280,-20,245,-20" /><INIT seed="1,1,0,0,3,28" ten="220,295,260,225" oya="1" hai0="48,14,22,134,6,1,95,36,11,61,10,116,112" hai1="130,129,56,92,97,101,23,106,135,105,32,119,3" hai2="31,93,71,40,64,75,9,54,41,42,34,20,87" hai3="131,24,52,5,7,79,49,132,91,102,39,111,80"/><U85/><E3/><V89/><F75/><W113/><G39/><T37/><D112/><U21/><E119/><V19/><F9/><W133/><G113/><T126/><D116/><U16/><E23/><V115/><F115/><W38/><G38/><T127/><D61/><U84/><E32/><V83/><F64/><W43/><G43/><T81/><D22/><U68/><E68/><V63/><F71/><W73/><G102/><T88/><D81/><U82/><E56/><V53/><F63/><W76/><G76/><T107/><D107/><U27/><E135/><N who="3" m="51786" /><G131/><N who="1" m="50186" /><E85/><V103/><F31/><W51/><G51/><T57/><D134/><U46/><E46/><V15/><F34/><W120/><G49/><T47/><D57/><U108/><E108/><V94/><REACH who="2" step="1"/><F103/><REACH who="2" ten="220,295,250,225" step="2"/><W99/><G73/><T100/><D100/><U109/><E109/><V72/><F72/><W13/><G111/><T128/><D128/><U4/><E4/><V35/><F35/><W65/><G5/><T12/><D11/><U121/><E121/><V78/><F78/><AGARI ba="1,1" hai="16,21,27,78,82,84,92,97,101,105,106" m="50186" machi="78" ten="30,2900,0" yaku="19,1,54,1" doraHai="28" who="1" fromWho="2" sc="220,0,295,42,250,-32,225,0" /><INIT seed="1,2,0,0,3,39" ten="220,337,218,225" oya="1" hai0="53,32,93,124,13,61,54,9,26,24,18,69,44" hai1="2,125,81,83,131,106,33,50,42,75,115,78,43" hai2="89,14,77,119,68,108,20,57,86,67,12,35,112" hai3="37,45,19,104,135,73,94,1,4,48,40,111,134"/><U109/><E115/><V5/><F119/><W41/><G104/><T72/><D72/><U29/><E106/><V88/><F112/><W120/><G73/><T76/><D76/><U117/><E117/><V27/><F68/><W65/><G120/><T80/><D80/><U55/><E2/><V0/><F0/><W11/><G65/><T46/><D124/><U107/><E107/><V63/><F35/><W60/><G60/><T22/><D69/><U133/><E83/><N who="2" m="47471" /><F108/><W128/><G111/><T110/><D32/><U34/><E109/><V90/><F5/><W21/><G128/><T123/><D123/><U15/><E125/><V92/><F92/><W101/><G101/><T47/><D110/><U97/><E34/><V38/><F38/><W28/><G28/><AGARI ba="2,0" hai="12,14,20,27,28,57,63,67,88,89,90" m="47471" machi="28" ten="30,2000,0" yaku="8,1,54,1" doraHai="39" who="2" fromWho="3" sc="220,0,337,0,218,26,225,-26" /><INIT seed="2,0,0,0,3,120" ten="220,337,244,199" oya="2" hai0="3,33,29,77,106,8,1,84,54,41,50,126,88" hai1="4,65,93,114,80,105,35,36,20,31,28,91,0" hai2="107,39,113,132,48,100,62,64,81,63,115,104,87" hai3="92,98,2,89,68,18,82,49,86,129,122,95,6"/><V67/><F39/><W55/><G122/><T57/><D106/><U44/><E114/><V53/><F132/><W130/><G68/><T118/><D118/><U19/><E105/><V124/><F124/><W78/><G2/><T121/><D121/><U46/><E35/><V59/><F104/><W10/><G6/><T109/><D29/><U123/><E123/><V13/><F13/><W56/><G10/><T103/><D33/><U42/><E4/><V79/><F100/><W52/><G18/><T112/><D103/><U5/><E5/><V14/><F107/><W127/><G127/><T30/><D30/><U71/><E46/><V61/><REACH who="2" step="1"/><F14/><REACH who="2" ten="220,337,234,199" step="2"/><W51/><REACH who="3" step="1"/><G95/><REACH who="3" ten="220,337,234,189" step="2"/><N who="0" m="54663" /><D126/><U133/><E93/><V135/><F135/><W26/><G26/><T128/><D1/><U134/><E0/><V70/><F70/><W11/><G11/><T25/><D8/><U47/><E71/><V76/><F76/><W58/><AGARI ba="0,2" hai="49,51,52,55,56,58,78,82,86,89,92,98,129,130" machi="58" ten="30,7900,0" yaku="1,1,0,1,9,1,54,1,53,0" doraHai="120" doraHaiUra="101" who="3" fromWho="3" sc="220,-20,337,-20,234,-39,189,99" /><INIT seed="3,0,0,4,0,134" ten="200,317,195,288" oya="3" hai0="86,124,36,83,17,6,85,53,58,70,80,1,68" hai1="43,54,69,59,79,47,103,122,51,91,23,67,24" hai2="15,20,14,132,112,30,40,111,39,129,78,90,113" hai3="119,96,109,99,71,57,104,7,45,115,114,26,94"/><W110/><G71/><T108/><D36/><U33/><E33/><V105/><F105/><W44/><G7/><T101/><D6/><U22/><E122/><V97/><F132/><W9/><G9/><T121/><D1/><U102/><E79/><V120/><F120/><W35/><G104/><T34/><D34/><U135/><E23/><V65/><F78/><W100/><G119/><T5/><D5/><U84/><E67/><V18/><F30/><W32/><G57/><T2/><D2/><U63/><E69/><V87/><F97/><W3/><G3/><T52/><D101/><U62/><E62/><V41/><F65/><W28/><G99/><T81/><D81/><U116/><E116/><V88/><F111/><N who="3" m="42507" /><G32/><T131/><D108/><U95/><E135/><V76/><F76/><W13/><G13/><T49/><D121/><U11/><E11/><V38/><F20/><W74/><G74/><T12/><D12/><U93/><E93/><V66/><F66/><W48/><G45/><T25/><D49/><U16/><AGARI ba="0,0" hai="16,22,24,43,47,51,54,59,63,84,91,95,102,103" machi="16" ten="20,5200,0" yaku="0,1,7,1,8,1,54,1" doraHai="134" who="1" fromWho="1" sc="200,-13,317,52,195,-13,288,-26" /><INIT seed="4,0,0,0,1,15" ten="187,369,182,262" oya="0" hai0="41,37,42,135,34,1,9,33,100,113,85,53,0" hai1="26,128,19,129,49,28,5,111,2,16,29,55,75" hai2="52,116,123,110,109,48,114,31,39,87,104,98,18" hai3="27,25,11,101,62,73,133,107,81,68,44,13,97"/><T80/><D113/><U67/><E75/><V56/><F123/><W3/><G3/><T54/><D135/><U94/><E111/><V96/><F114/><W106/><G106/><T21/><D100/><U121/><E121/><V93/><F116/><W91/><G133/><T32/><D9/><N who="1" m="2231" /><E67/><V115/><F115/><W119/><G119/><T89/><D1/><U77/><E77/><V118/><F118/><W103/><G101/><T22/><D0/><U58/><E94/><V65/><F39/><W99/><G44/><T127/><D37/><U131/><E29/><V45/><F31/><W46/><G46/><T59/><D127/><U130/><E130/><V95/><F104/><W43/><G43/><T105/><D105/><U70/><E70/><V24/><F109/><W122/><G122/><T6/><D6/><U40/><E40/><V92/><F110/><W50/><G68/><T7/><D7/><U88/><E88/><N who="2" m="53279" /><F95/><W117/><G103/><T86/><D41/><U38/><E38/><V51/><F93/><W36/><G73/><T60/><D42/><U78/><E78/><V20/><F48/><W84/><G36/><T90/><D54/><U64/><E64/><V4/><F4/><W8/><G107/><T66/><D53/><U17/><E17/><V82/><F82/><AGARI ba="0,0" hai="21,22,32,33,34,59,60,66,80,82,85,86,89,90" machi="82" ten="40,2000,0" yaku="9,1" doraHai="15" who="0" fromWho="2" sc="187,20,369,0,182,-20,262,0" /><INIT seed="4,1,0,0,0,66" ten="207,369,162,262" oya="0" hai0="32,10,47,116,16,89,29,128,91,135,93,54,45" hai1="72,98,56,9,126,61,77,80,125,109,49,30,123" hai2="75,17,115,57,121,50,106,108,113,70,24,133,35" hai3="76,94,78,25,4,129,119,40,88,14,21,22,43"/><T73/><D73/><U19/><E109/><V105/><F108/><W41/><G119/><T2/><D116/><U7/><E30/><V44/><F121/><W96/><G129/><T79/><D79/><N who="3" m="30249" /><G25/><T101/><D128/><U36/><E36/><V67/><F75/><W51/><G51/><N who="0" m="29039" /><D2/><U1/><E49/><V99/><F57/><W71/><G71/><T34/><D34/><U131/><E131/><V26/><F26/><W82/><G82/><T68/><D68/><U87/><E123/><V11/><F11/><AGARI ba="1,0" hai="4,11,14,21,22,40,41,43,88,94,96" m="30249" machi="11" ten="30,2000,0" yaku="8,1,54,1" doraHai="66" who="3" fromWho="2" sc="207,0,369,0,162,-23,262,23" /><INIT seed="5,0,0,3,5,112" ten="207,369,139,285" oya="1" hai0="102,56,13,23,65,14,84,28,116,92,62,121,10" hai1="127,49,133,98,37,39,103,1,67,41,34,70,97" hai2="75,85,73,76,58,48,113,131,93,119,16,115,107" hai3="5,19,15,104,111,51,47,44,54,118,117,110,43"/><U72/><E72/><V12/><F107/><W27/><G5/><T100/><D121/><U66/><E1/><V59/><F131/><W74/><G27/><N who="0" m="16511" /><D116/><N who="3" m="44649" /><G104/><T6/><D13/><U123/><E34/><V88/><F119/><W128/><G74/><N who="2" m="28169" /><F76/><W79/><G79/><T134/><D134/><U114/><E133/><V7/><F7/><W89/><G89/><AGARI ba="0,0" hai="6,10,14,56,62,65,84,89,92,100,102" m="16511" machi="89" ten="30,1000,0" yaku="8,1" doraHai="112" who="0" fromWho="3" sc="207,10,369,0,139,0,285,-10" /><INIT seed="6,0,0,5,0,28" ten="217,369,139,275" oya="2" hai0="20,125,14,92,80,26,135,83,122,66,40,27,12" hai1="1,39,10,128,38,44,64,0,61,98,93,3,95" hai2="113,81,102,49,56,4,31,124,70,100,16,131,42" hai3="53,18,74,133,15,111,103,97,65,25,107,37,123"/><V59/><F70/><W29/><G74/><T55/><D122/><U119/><E119/><V63/><F131/><W114/><G37/><T79/><D125/><U118/><E118/><V21/><F124/><W87/><G123/><T51/><D135/><U84/><E128/><V109/><F109/><W5/><G5/><T2/><D2/><U126/><E10/><V89/><F4/><W105/><G105/><T60/><D40/><U99/><E84/><N who="2" m="50319" /><F31/><W130/><G130/><T115/><D115/><U58/><E44/><N who="2" m="25751" /><F113/><W57/><G114/><T116/><D116/><U54/><E64/><N who="2" m="39015" /><F59/><W52/><G133/><T117/><D117/><U110/><E110/><V22/><F22/><W121/><G111/><T9/><D60/><U129/><E129/><V47/><F47/><W19/><G121/><T30/><D66/><U33/><E33/><V62/><F62/><W34/><G65/><T88/><D55/><U32/><E32/><V86/><F86/><W48/><G53/><T108/><D51/><U104/><E104/><V132/><F132/><W101/><G87/><N who="0" m="52255" /><D108/><U67/><E67/><V73/><F73/><W94/><G107/><T6/><D6/><U134/><E134/><V75/><F75/><W35/><G35/><N who="0" m="20951" /><D9/><U120/><E120/><V11/><F11/><W46/><G46/><T13/><D79/><U127/><E127/><V112/><F112/><W43/><G43/><T23/><D23/><U69/><E69/><V50/><F50/><W41/><G41/><T82/><D20/><U24/><E126/><V17/><F21/><N who="3" m="11487" /><G19/><AGARI ba="0,0" hai="16,17,19,100,102" m="39015,25751,50319" machi="19" ten="30,2900,0" yaku="8,1,54,1" doraHai="28" who="2" fromWho="3" sc="217,0,369,0,139,29,275,-29" /><INIT seed="6,1,0,0,4,111" ten="217,369,168,246" oya="2" hai0="32,22,71,64,13,21,92,54,126,34,82,25,4" hai1="17,8,73,23,101,133,114,84,112,77,67,93,12" hai2="7,51,37,69,91,11,31,89,132,14,65,97,66" hai3="70,1,83,59,75,116,80,102,121,106,109,19,50"/><V57/><F37/><W68/><G1/><T5/><D64/><U123/><E73/><V127/><F132/><W6/><G6/><N who="0" m="2667" /><D71/><U18/><E133/><V78/><F127/><W134/><G70/><T33/><D54/><U29/><E29/><V88/><F69/><W42/><G68/><T20/><D92/><U45/><E67/><N who="2" m="25611" /><F78/><W90/><G42/><T110/><D82/><U3/><E3/><V61/><F31/><W131/><G83/><T95/><D95/><U44/><E123/><V85/><F97/><W24/><G106/><T122/><D122/><U103/><E77/><V100/><F100/><W120/><G102/><N who="1" m="38922" /><E93/><N who="2" m="54415" /><F61/><W125/><G134/><T79/><D79/><U43/><E84/><V96/><F96/><W55/><G121/><T128/><D126/><U35/><E35/><N who="0" m="13385" /><D110/><U40/><E40/><V104/><F104/><W124/><G109/><T27/><N who="0" m="13393" /><T16/><DORA hai="74" /><D128/><U58/><E43/><V62/><F62/><W49/><G131/><T115/><D25/><N who="1" m="14575" /><E58/><V60/><F60/><W118/><G59/><T98/><D98/><U2/><E2/><V56/><F56/><W99/><G125/><T36/><D36/><U76/><E76/><V30/><F30/><W81/><G124/><T105/><D27/><U119/><E45/><V10/><F57/><W87/><G120/><T53/><D105/><U107/><E107/><V46/><F11/><W113/><G75/><T26/><D26/><U39/><E39/><V41/><AGARI ba="1,0" hai="7,10,14,41,46,51,89,91" m="54415,25611" machi="41" ten="30,3000,0" yaku="8,1,54,1" doraHai="111,74" who="2" fromWho="2" sc="217,-11,369,-11,168,33,246,-11" /><INIT seed="6,2,0,1,5,5" ten="206,358,201,235" oya="2" hai0="90,61,103,31,125,131,13,94,75,100,37,67,0" hai1="47,51,128,115,11,87,3,59,8,126,19,7,116" hai2="133,66,93,27,53,120,99,44,57,82,35,62,46" hai3="85,74,135,124,97,23,52,88,134,10,14,60,55"/><V1/><F120/><W106/><G74/><T28/><D0/><U95/><E116/><V96/><F1/><W112/><G23/><T34/><D75/><U15/><E115/><V49/><F133/><N who="3" m="50699" /><G112/><T101/><D37/><U38/><E126/><V111/><F111/><W81/><G124/><T24/><D125/><U42/><E128/><V70/><F82/><W118/><G118/><T9/><D131/><U36/><E59/><V12/><F99/><W72/><G72/><T89/><D31/><U122/><E122/><V18/><F35/><W21/><G21/><T56/><REACH who="0" step="1"/><D94/><REACH who="0" ten="196,358,201,235" step="2"/><U79/><REACH who="1" step="1"/><E95/><REACH who="1" ten="196,348,201,235" step="2"/><V121/><F121/><W40/><G106/><T104/><D104/><U25/><E25/><V16/><F27/><W48/><G81/><AGARI ba="2,2" hai="3,7,8,11,15,19,36,38,42,47,51,79,81,87" machi="81" ten="40,5200,0" yaku="1,1,52,2,53,0" doraHai="5" doraHaiUra="26" who="1" fromWho="3" sc="196,0,348,78,201,0,235,-58" /><INIT seed="7,0,0,5,5,106" ten="196,426,201,177" oya="3" hai0="84,72,24,113,120,116,102,28,17,92,18,78,13" hai1="26,34,4,12,31,108,97,69,55,53,86,56,133" hai2="10,67,65,9,124,33,70,29,126,44,64,68,47" hai3="57,2,103,83,90,1,93,87,52,110,40,132,49"/><W46/><G132/><T0/><D0/><U131/><E108/><V104/><F104/><W3/><G110/><T109/><D116/><U14/><E69/><N who="2" m="26731" /><F29/><W23/><G23/><N who="0" m="15391" /><D72/><U76/><E55/><V135/><F33/><W16/><G16/><T127/><D109/><U54/><E56/><V128/><F135/><W63/><REACH who="3" step="1"/><G103/><REACH who="3" ten="196,426,201,167" step="2"/><T94/><D18/><U41/><E133/><V35/><F35/><W58/><G58/><T21/><D102/><U66/><E34/><V7/><F10/><W121/><G121/><T73/><D120/><U89/><E26/><V71/><F71/><W130/><G130/><T15/><D21/><U105/><E131/><V95/><F128/><W91/><G91/><T38/><D17/><U20/><E89/><V122/><F122/><W79/><G79/><T32/><D78/><U43/><E76/><V19/><F19/><W25/><G25/><T36/><D32/><U62/><E20/><V39/><F9/><W60/><G60/><T59/><D59/><U123/><E62/><V118/><F118/><W27/><G27/><T77/><D77/><U42/><E123/><V125/><F125/><W82/><AGARI ba="0,1" hai="1,2,3,40,46,49,52,57,63,82,83,87,90,93" machi="82" ten="40,7800,0" yaku="1,1,0,1,54,1,53,0" doraHai="106" doraHaiUra="134" who="3" fromWho="3" sc="196,-26,426,-26,201,-26,167,88" /><INIT seed="7,1,0,4,1,16" ten="170,400,175,255" oya="3" hai0="85,43,77,105,11,103,29,56,68,24,46,100,78" hai1="110,115,15,134,40,132,22,5,124,117,52,59,47" hai2="84,123,36,81,25,54,39,131,92,135,35,122,9" hai3="70,71,108,51,62,28,23,104,113,38,67,127,64"/><W73/><G104/><T58/><D68/><U95/><E110/><V93/><F131/><W106/><G106/><T65/><D11/><U3/><E3/><V63/><F135/><W49/><G73/><T80/><D78/><U19/><E5/><V55/><F9/><W119/><G38/><N who="2" m="14377" /><F25/><W6/><G6/><T116/><D116/><U75/><E124/><V61/><F35/><W107/><G107/><T118/><D118/><U53/><E115/><V88/><F55/><N who="1" m="21065" /><E75/><V79/><F54/><W57/><G119/><T112/><D65/><U31/><E31/><V111/><F111/><W1/><G67/><T91/><D112/><U7/><E59/><N who="0" m="22569" /><D105/><U21/><E7/><V69/><F69/><W129/><G113/><T60/><D60/><N who="2" m="23114" /><F79/><W89/><G71/><T120/><D77/><U50/><E117/><V4/><F4/><W82/><G70/><T74/><D74/><U98/><E132/><V30/><F30/><W10/><G28/><T45/><D120/><AGARI ba="1,0" hai="81,84,88,92,93,120,122,123" m="23114,14377" machi="120" ten="30,2000,0" yaku="13,1,54,1" doraHai="16" who="2" fromWho="0" sc="170,-23,400,0,175,23,255,0" owari="147,-35.0,400,49.0,198,-20.0,255,6.0" /></mjloggm>