<mjloggm ver="2.3"><GO type="225" lobby="0"/><UN n0="%E3%82%A6%E3%83%AB%E3%83%88%E3%83%A9%E7%AB%8B%E7%9B%B4" n1="%E5%8F%8B%47%46%49" n2="%70%61%77%61%66%75%31" n3="%40%E7%B4%94%E3%81%A1%E3%82%83%E3%82%93" dan="16,16,16,17" rate="2042.91,2077.99,2097.10,2192.15" sx="M,M,M,M"/><TAIKYOKU oya="0"/><INIT seed="0,0,0,4,4,33" ten="250,250,250,250" oya="0" hai0="89,88,109,0,27,85,114,71,58,42,4,125,64" hai1="130,11,6,97,34,75,111,12,41,18,15,2,66" hai2="35,123,102,57,112,1,16,49,23,40,50,61,20" hai3="53,17,46,110,73,131,120,3,19,128,132,90,105"/><T96/><D114/><U91/><E75/><V54/><F35/><W115/><G110/><T100/><D71/><U37/><E111/><V74/><F74/><W94/><G132/><T126/><D109/><U95/><E130/><N who="3" m="49706" /><G73/><T101/><D42/><U70/><E34/><V55/><F112/><W77/><G77/><T117/><D27/><U10/><E15/><V38/><F123/><W22/><G105/><T24/><D24/><U51/><E37/><V5/><F102/><W118/><G120/><T32/><D32/><U98/><E98/><V87/><F87/><N who="3" m="52575" /><G115/><T31/><D31/><U65/><REACH who="1" step="1"/><E70/><REACH who="1" ten="250,240,250,250" step="2"/><V78/><F38/><W14/><G118/><T67/><D96/><U7/><E7/><V80/><F5/><W28/><G3/><T25/><D4/><U26/><E26/><V39/><F1/><W122/><G122/><T104/><D25/><U9/><E9/><V124/><F39/><W52/><G28/><T56/><D117/><U63/><E63/><V62/><F62/><W86/><G19/><T45/><D0/><U21/><E21/><V107/><F23/><W106/><G86/><T47/><D85/><U68/><E68/><V59/><F61/><W121/><G121/><T103/><D103/><U8/><E8/><V84/><F20/><W113/><G113/><T108/><D108/><U83/><E83/><V134/><F16/><W129/><G129/><T92/><D92/><U127/><E127/><V36/><F84/><W13/><G13/><T76/><D104/><U119/><E119/><V48/><F124/><W133/><G106/><T116/><D116/><RYUUKYOKU ba="0,1" sc="250,15,240,15,250,-15,250,-15" hai0="45,47,56,58,64,67,76,88,89,100,101,125,126" hai1="2,6,10,11,12,18,41,51,65,66,91,95,97" /><INIT seed="0,1,1,0,5,57" ten="265,255,235,235" oya="0" hai0="45,52,128,98,19,79,114,71,26,32,31,135,81" hai1="51,21,103,17,70,9,86,2,20,130,93,104,80" hai2="127,119,94,5,117,63,96,34,36,3,90,59,82" hai3="12,73,108,77,67,106,129,74,133,18,121,91,39"/><T125/><D114/><U14/><E104/><V113/><F36/><W50/><G39/><T44/><D125/><U88/><E130/><V131/><F113/><W107/><G67/><T49/><D128/><U132/><E132/><V111/><F34/><W24/><G50/><T72/><D135/><U28/><E70/><V7/><F127/><W27/><G12/><T40/><D71/><U83/><E2/><V134/><F134/><W120/><G18/><T64/><D64/><U100/><E51/><V85/><F111/><W97/><G133/><T95/><D19/><U48/><E48/><V37/><F37/><W116/><G108/><T112/><D112/><U1/><E1/><V115/><F115/><W55/><G55/><T87/><D72/><N who="3" m="27753" /><G129/><T54/><REACH who="0" step="1"/><D45/><REACH who="0" ten="255,255,235,235" step="2"/><U105/><E28/><V75/><F131/><W102/><G121/><T22/><D22/><U124/><E124/><V84/><F75/><W65/><G120/><T123/><D123/><U61/><E20/><V60/><F59/><W23/><G65/><T76/><D76/><U109/><E21/><V56/><F56/><W66/><G66/><T6/><D6/><N who="2" m="2058" /><F3/><W41/><G77/><T68/><D68/><U92/><E17/><V43/><F119/><W122/><G116/><T15/><D15/><U69/><E69/><V29/><F117/><W99/><G122/><T33/><D33/><U35/><E35/><V16/><F29/><W0/><G0/><T25/><D25/><U89/><E109/><V110/><F110/><W11/><G24/><T38/><D38/><U4/><E14/><V58/><F58/><RYUUKYOKU ba="1,2" sc="255,30,255,-10,235,-10,235,-10" hai0="26,31,32,40,44,49,52,54,79,81,87,95,98" /><INIT seed="0,2,2,5,4,110" ten="285,245,225,225" oya="0" hai0="111,93,87,74,29,105,36,56,78,132,102,25,119" hai1="124,11,4,128,58,21,116,130,30,67,26,34,117" hai2="6,50,7,68,82,42,22,24,18,19,45,90,33" hai3="92,79,114,98,40,80,123,129,39,1,32,135,48"/><T75/><D36/><U62/><E124/><V103/><F68/><W60/><G1/><T115/><D56/><U73/><E73/><V122/><F122/><W46/><G32/><T28/><D29/><U70/><E70/><V47/><F103/><W77/><G129/><N who="1" m="49770" /><E34/><V44/><F33/><W133/><G123/><T69/><D25/><U112/><E112/><V52/><F19/><W2/><G2/><AGARI ba="2,2" hai="2,4,11,21,26,30,58,62,67,116,117" m="49770" machi="2" ten="30,1000,0" yaku="19,1" doraHai="110" who="1" fromWho="3" sc="285,0,245,36,225,0,225,-16" /><INIT seed="1,0,0,0,4,124" ten="285,281,225,209" oya="1" hai0="39,90,31,44,77,93,15,135,21,35,72,117,122" hai1="110,18,99,45,113,119,96,56,66,115,81,80,25" hai2="125,41,102,132,121,60,118,48,82,83,105,103,94" hai3="57,42,43,59,98,47,3,8,128,54,26,49,37"/><U100/><E119/><V71/><F121/><W30/><G128/><T134/><D122/><U27/><E45/><V69/><F118/><W40/><G59/><T13/><D35/><U20/><E56/><V76/><F132/><N who="0" m="50730" /><D117/><U19/><E66/><V114/><F114/><W85/><G85/><T73/><D44/><U5/><E5/><V112/><F105/><W64/><G98/><N who="0" m="57655" /><D39/><U10/><E10/><V70/><F112/><W116/><G116/><T6/><D77/><U87/><E110/><V50/><F76/><W16/><G64/><T58/><D58/><U0/><E0/><V52/><F125/><W91/><G91/><T78/><D78/><U129/><E87/><V28/><F71/><W51/><G37/><T7/><D7/><U36/><E36/><V133/><F70/><W108/><G108/><T104/><D104/><U107/><E107/><V12/><F69/><W1/><G1/><T97/><D15/><U75/><E75/><V34/><F12/><N who="3" m="7175" /><G3/><T14/><D14/><U101/><E20/><AGARI ba="0,0" hai="20,26,30,40,42,43,47,49,51,54,57" m="7175" machi="20" ten="30,2000,0" yaku="8,1,54,1" doraHai="124" who="3" fromWho="1" sc="285,0,281,-20,225,0,209,20" /><INIT seed="2,0,0,2,0,83" ten="285,261,225,229" oya="2" hai0="117,104,51,73,1,78,71,11,26,123,77,72,94" hai1="100,120,84,18,60,44,87,43,7,31,21,30,68" hai2="131,55,99,15,128,80,65,69,74,125,102,75,27" hai3="82,119,86,113,54,63,81,32,61,14,98,6,111"/><V89/><F125/><W109/><G119/><T93/><D71/><U106/><E7/><V41/><F41/><W127/><G127/><T23/><D104/><U49/><E120/><V107/><F15/><W122/><G32/><T13/><D1/><U118/><E118/><V103/><F55/><W42/><G42/><T114/><D114/><U33/><E106/><V17/><F65/><W124/><G124/><T67/><D67/><U22/><E33/><V3/><F3/><W76/><G82/><T126/><D73/><N who="2" m="27658" /><F69/><W25/><G122/><T46/><D72/><U29/><E100/><N who="2" m="62879" /><F17/><W101/><G113/><T40/><D117/><U110/><E110/><N who="3" m="41994" /><G25/><T37/><D37/><U9/><E68/><V85/><F27/><W20/><G54/><T35/><D35/><U132/><E132/><V53/><F53/><W108/><G108/><T5/><D123/><U50/><E60/><N who="3" m="23114" /><G20/><N who="1" m="7786" /><E49/><V52/><F52/><W91/><G14/><AGARI ba="0,0" hai="9,14,18,29,30,31,43,44,50,84,87" m="7786" machi="14" ten="30,3900,0" yaku="8,1,52,2" doraHai="83" who="1" fromWho="3" sc="285,0,261,39,225,0,229,-39" /><INIT seed="3,0,0,0,3,97" ten="285,300,225,190" oya="3" hai0="101,33,2,82,31,16,8,0,47,68,53,99,72" hai1="111,12,27,112,131,62,79,104,98,106,15,85,1" hai2="25,128,76,105,86,40,75,95,6,80,55,59,17" hai3="23,41,69,46,71,122,7,61,123,93,125,70,96"/><W100/><G125/><T34/><D68/><U78/><E1/><V30/><F105/><W64/><G7/><T54/><D31/><U102/><E112/><V57/><F128/><W114/><G114/><T24/><D33/><U67/><E106/><V52/><F6/><W9/><G9/><T26/><D34/><U130/><E27/><V35/><F40/><W135/><G135/><T92/><D26/><U39/><E39/><V115/><F115/><W126/><G23/><T63/><D54/><U103/><E103/><V60/><F17/><W94/><G94/><T21/><D8/><U132/><E132/><V74/><F95/><W51/><REACH who="3" step="1"/><G126/><REACH who="3" ten="285,300,225,180" step="2"/><T50/><D2/><U108/><E130/><V56/><REACH who="2" step="1"/><F56/><AGARI ba="0,1" hai="41,46,51,56,61,64,69,70,71,93,96,100,122,123" machi="56" ten="40,7700,0" yaku="1,1,2,1,52,1,53,0" doraHai="97" doraHaiUra="77" who="3" fromWho="2" sc="285,0,300,0,225,-77,180,87" /><INIT seed="3,1,0,3,4,76" ten="285,300,148,267" oya="3" hai0="6,106,72,97,59,87,112,100,57,26,110,31,14" hai1="43,58,30,47,61,21,127,70,132,102,7,55,122" hai2="129,123,115,8,134,23,114,36,17,37,35,88,52" hai3="38,90,9,73,65,41,69,45,60,51,119,15,11"/><W54/><G119/><T135/><D72/><U39/><E122/><V83/><F123/><W104/><G104/><T92/><D112/><U86/><E7/><V120/><F35/><W121/><G121/><T80/><D106/><U111/><E111/><V105/><F120/><W108/><G73/><T125/><D110/><U107/><E127/><V68/><F105/><W18/><G108/><T3/><D3/><U34/><E132/><V63/><F134/><W64/><G64/><T75/><D75/><U24/><E70/><V74/><F129/><W81/><G11/><N who="0" m="4471" /><D125/><U25/><E86/><V66/><F8/><W126/><G126/><T46/><D46/><U0/><E0/><V12/><F74/><W84/><G38/><T85/><D85/><U67/><E67/><V1/><F1/><W32/><G41/><T29/><D135/><U124/><E124/><V13/><F13/><W99/><G99/><T4/><D4/><U22/><REACH who="1" step="1"/><E24/><REACH who="1" ten="285,290,148,267" step="2"/><V91/><F83/><W40/><G40/><T71/><D71/><U20/><E20/><V28/><F28/><N who="0" m="10826" /><D26/><U101/><E101/><V130/><F130/><W116/><G116/><T49/><D49/><U113/><E113/><V56/><F114/><W19/><G19/><T93/><D93/><U89/><E89/><AGARI ba="1,1" hai="57,59,80,87,89,92,97,100" m="10826,4471" machi="89" ten="30,2000,0" yaku="8,1,52,1" doraHai="76" who="0" fromWho="1" sc="285,33,290,-23,148,0,267,0" owari="318,41.0,267,7.0,148,-35.0,267,-13.0" /></mjloggm>