<mjloggm ver="2.3"><GO type="97" lobby="0"/><UN n0="%E3%82%A6%E3%83%AB%E3%83%88%E3%83%A9%E7%AB%8B%E7%9B%B4" n1="%E8%B5%A4%E7%99%BD%E9%9D%92%E7%B4%AB%E9%BB%84%E7%B7%91" n2="%E5%8D%B5%E3%81%A8%E3%81%98" n3="%E3%81%BE%E3%81%99%E3%81%AE%E3%81%99%E3%81%97" dan="15,13,15,15" rate="1989.57,1843.51,1981.38,1994.71" sx="M,M,M,M"/><TAIKYOKU oya="0"/><INIT seed="0,0,0,0,4,45" ten="250,250,250,250" oya="0" hai0="74,46,100,114,102,89,0,69,105,104,6,56,14" hai1="61,54,85,87,118,117,126,39,9,109,58,64,124" hai2="67,48,38,19,72,75,112,51,23,34,116,8,86" hai3="130,133,95,62,47,37,82,131,25,3,50,76,119"/><T49/><D69/><N who="1" m="42127" /><E85/><V42/><F112/><W2/><G119/><N who="1" m="45578" /><E87/><V101/><F116/><W108/><G37/><T84/><D114/><U77/><E9/><V55/><F34/><W134/><G108/><T29/><D74/><U27/><E27/><V128/><F128/><N who="3" m="49195" /><G95/><T92/><D0/><U97/><E97/><V132/><F67/><W93/><G62/><T63/><D29/><U18/><E18/><V59/><F132/><N who="3" m="50795" /><G93/><T43/><D104/><U32/><E32/><V66/><F38/><W111/><G111/><T127/><D105/><U1/><E1/><V28/><F28/><W24/><G3/><T98/><D127/><N who="1" m="48683" /><E77/><V4/><F101/><W135/><G2/><T123/><D98/><U26/><E26/><V36/><F86/><N who="3" m="48455" /><G135/><T121/><D100/><U81/><E81/><V70/><F75/><W7/><G7/><T88/><D102/><U10/><E10/><V40/><F72/><W20/><G20/><T115/><D89/><U16/><E16/><V96/><F19/><W30/><G30/><T83/><D115/><U107/><E107/><V33/><F23/><W110/><G110/><T103/><D103/><U94/><E94/><V79/><F8/><W52/><AGARI ba="0,0" hai="24,25,47,50,52" m="48455,50795,49195" machi="52" ten="30,7900,0" yaku="19,1,20,1,52,1,54,1" doraHai="45" who="3" fromWho="3" sc="250,-39,250,-20,250,-20,250,79" /><INIT seed="1,0,0,4,3,97" ten="211,230,230,329" oya="1" hai0="29,61,75,27,26,36,118,86,52,37,135,68,110" hai1="62,123,77,85,63,87,133,59,24,46,18,7,40" hai2="31,64,44,102,127,13,12,58,120,21,16,49,56" hai3="112,76,88,11,45,98,54,57,50,108,42,0,105"/><U38/><E123/><V41/><F120/><W17/><G112/><T15/><D75/><U55/><E133/><V128/><F127/><W34/><G76/><T103/><D118/><U82/><E82/><V116/><F116/><W20/><G34/><T70/><D110/><U69/><E7/><V39/><F128/><W80/><G108/><T106/><D135/><U43/><E43/><V74/><F74/><W113/><G113/><T72/><D72/><U48/><E77/><V109/><F109/><W94/><G80/><T125/><D125/><U89/><E63/><V124/><F124/><W93/><G105/><T5/><D70/><U119/><E119/><V134/><F134/><W10/><G0/><T33/><D26/><U101/><E101/><V65/><F39/><W2/><G94/><T131/><D86/><U90/><E24/><N who="2" m="16783" /><F102/><W22/><G2/><T91/><D91/><N who="1" m="34827" /><E18/><V96/><F96/><W114/><G114/><T129/><D37/><U84/><E84/><V19/><F12/><W6/><G6/><T132/><D36/><U78/><E78/><V92/><F92/><W104/><G104/><T53/><D132/><U81/><E81/><V32/><F32/><W8/><REACH who="3" step="1"/><G17/><REACH who="3" ten="211,230,230,319" step="2"/><N who="2" m="6729" /><F13/><W30/><G30/><T115/><D115/><U130/><E130/><N who="0" m="49673" /><D15/><U79/><E79/><V3/><F3/><W14/><G14/><T35/><D35/><U122/><E122/><V1/><F1/><W100/><G100/><T25/><D5/><U117/><E117/><V83/><F83/><W4/><G4/><T107/><D25/><U28/><E28/><V95/><F95/><RYUUKYOKU ba="0,1" sc="211,-30,230,10,230,10,319,10" hai1="38,40,46,48,55,59,62,69,85,87" hai2="41,44,49,56,58,64,65" hai3="8,10,11,20,22,42,45,50,54,57,88,93,98" /><INIT seed="1,1,1,0,5,11" ten="181,240,240,329" oya="1" hai0="44,65,115,50,4,5,112,99,22,94,78,131,128" hai1="40,49,80,32,88,91,133,25,66,89,132,84,54" hai2="70,16,43,113,96,59,92,79,55,7,31,14,13" hai3="87,61,117,124,20,53,109,127,118,24,26,0,93"/><U76/><E66/><V10/><F70/><W119/><G0/><T86/><D65/><U21/><E32/><V63/><F113/><N who="0" m="43594" /><D86/><U72/><E40/><V58/><F43/><W98/><G109/><T95/><D78/><U36/><E36/><V85/><F31/><W129/><G129/><N who="0" m="49739" /><D22/><U38/><E38/><V3/><F3/><W108/><G108/><T48/><D44/><U104/><E104/><V41/><F41/><W107/><G107/><T47/><D47/><U121/><E121/><V33/><F33/><W68/><G87/><T97/><D95/><U75/><E75/><V77/><F85/><W64/><G53/><T125/><D125/><N who="3" m="48201" /><G20/><T57/><D57/><U69/><E69/><V123/><F58/><W120/><G120/><T18/><D18/><U23/><E72/><V134/><F123/><W135/><G135/><N who="1" m="51786" /><E25/><V60/><F60/><W81/><G81/><T2/><D2/><U71/><E71/><V110/><F110/><W8/><G8/><T37/><D37/><U62/><E62/><V106/><F106/><W6/><G6/><N who="0" m="2667" /><D94/><U30/><E30/><V74/><F74/><W19/><G19/><T12/><D12/><U83/><E83/><V105/><F105/><W34/><G34/><T67/><D67/><U35/><E35/><V51/><F134/><W130/><G130/><T46/><D46/><AGARI ba="1,1" hai="21,23,46,49,54,76,80,84,88,89,91" m="51786" machi="46" ten="30,2900,0" yaku="20,1,54,1" doraHai="11" who="1" fromWho="0" sc="181,-32,240,42,240,0,329,0" /><INIT seed="1,2,0,3,0,75" ten="149,282,240,329" oya="1" hai0="49,65,90,31,56,21,109,110,1,107,55,94,128" hai1="76,51,112,119,88,52,130,80,28,81,47,132,25" hai2="131,60,127,32,87,24,69,13,22,20,5,62,100" hai3="19,35,67,26,64,43,66,48,78,2,0,99,123"/><U53/><E119/><V71/><F131/><W73/><G123/><T33/><D107/><U41/><E112/><V106/><F127/><W113/><G113/><T10/><D33/><U44/><E130/><V17/><F32/><W63/><G63/><T85/><D128/><U37/><E132/><V89/><F106/><W8/><G8/><T29/><D65/><U4/><E4/><V125/><F100/><W111/><G111/><T82/><D1/><U129/><E129/><V42/><F42/><W120/><G120/><T15/><D110/><U104/><E104/><V12/><F125/><W7/><G7/><T27/><D109/><U135/><E135/><V124/><F124/><W86/><G73/><T72/><D72/><U16/><E28/><V50/><F50/><W117/><G99/><T54/><D54/><U134/><E134/><V97/><F97/><W45/><G117/><T122/><D122/><U108/><E108/><V84/><F24/><W23/><REACH who="3" step="1"/><G35/><REACH who="3" ten="149,282,240,319" step="2"/><T11/><D11/><U59/><E37/><V18/><F5/><W46/><G46/><T102/><D102/><U77/><E44/><V93/><F84/><W58/><G58/><T57/><D57/><U70/><E59/><V68/><AGARI ba="2,1" hai="12,13,17,18,20,22,60,62,68,69,71,87,89,93" machi="68" ten="30,2000,0" yaku="0,1,9,1" doraHai="75" who="2" fromWho="2" sc="149,-7,282,-12,240,36,319,-7" /><INIT seed="2,0,0,1,0,75" ten="142,270,276,312" oya="2" hai0="23,106,43,47,72,112,3,1,119,29,126,8,2" hai1="24,134,15,123,65,127,71,13,80,82,92,21,67" hai2="93,38,32,104,11,56,113,129,132,90,124,14,19" hai3="20,52,79,89,96,48,121,12,85,99,33,130,88"/><V103/><F38/><W74/><G121/><T97/><D112/><U114/><E71/><V87/><F113/><W22/><G33/><T83/><D119/><U34/><E34/><V69/><F69/><W64/><G64/><N who="1" m="24650" /><E114/><V133/><F32/><W101/><G130/><T102/><D23/><U35/><E35/><V91/><F124/><W105/><G74/><T28/><D126/><U0/><E0/><V10/><F129/><W109/><G109/><T50/><REACH who="0" step="1"/><D8/><REACH who="0" ten="132,270,276,312" step="2"/><U86/><E127/><V60/><F10/><W41/><G22/><T17/><D17/><N who="1" m="12335" /><E123/><V125/><F125/><W84/><G20/><T40/><D40/><U78/><E134/><V5/><F133/><W26/><G41/><T61/><D61/><U115/><E115/><V122/><F132/><W111/><G111/><T46/><D46/><U116/><E116/><V42/><F42/><W18/><G18/><T59/><D59/><U117/><E117/><V131/><F122/><W45/><G45/><T68/><D68/><U58/><E58/><V54/><F19/><W98/><G26/><T39/><D39/><U81/><E78/><AGARI ba="0,1" hai="1,2,3,28,29,43,47,50,72,78,83,97,102,106" machi="78" ten="40,2600,0" yaku="1,1,52,1,53,0" doraHai="75" doraHaiUra="53" who="0" fromWho="1" sc="132,36,270,-26,276,0,312,0" /><INIT seed="3,0,0,3,2,59" ten="168,244,276,312" oya="3" hai0="24,29,6,135,78,56,35,54,38,99,86,53,103" hai1="16,36,90,129,19,44,77,63,26,97,88,47,124" hai2="106,85,39,66,76,37,42,34,41,117,127,80,93" hai3="1,91,46,113,75,128,133,115,101,98,7,49,70"/><W30/><G70/><T62/><D135/><U23/><E36/><V114/><F117/><W122/><G122/><T109/><D109/><U14/><E129/><V83/><F106/><W12/><G75/><T94/><D38/><U27/><E77/><V25/><F114/><W33/><G1/><T13/><D54/><U51/><E124/><V50/><F127/><W3/><G3/><T4/><D78/><U92/><E90/><V84/><F93/><W119/><G119/><T11/><REACH who="0" step="1"/><D86/><REACH who="0" ten="158,244,276,312" step="2"/><U52/><E44/><V95/><F76/><W123/><G46/><T68/><D68/><U65/><E19/><AGARI ba="0,1" hai="4,6,11,13,19,24,29,35,53,56,62,94,99,103" machi="19" ten="30,8000,1" yaku="1,1,7,1,52,1,53,2" doraHai="59" doraHaiUra="2" who="0" fromWho="1" sc="158,90,244,-80,276,0,312,0" owari="248,-15.0,164,-34.0,276,8.0,312,41.0" /></mjloggm>