<mjloggm ver="2.3"><GO type="97" lobby="0"/><UN n0="%E3%82%A6%E3%83%AB%E3%83%88%E3%83%A9%E7%AB%8B%E7%9B%B4" n1="%E3%81%B1%E3%83%BC%E3%81%9D%E3%82%93" n2="%E6%A1%82%E3%83%92%E3%83%8A%E3%82%AE%E3%82%AF" n3="%41%53%55%4B%41%40%E8%A3%8F" dan="15,14,15,14" rate="1964.40,1942.33,2042.54,1865.02" sx="M,M,F,F"/><TAIKYOKU oya="0"/><INIT seed="0,0,0,3,4,105" ten="250,250,250,250" oya="0" hai0="55,129,107,86,6,135,78,93,117,106,50,108,103" hai1="128,130,45,84,63,125,120,72,119,40,35,43,67" hai2="47,16,131,46,97,5,90,114,91,41,66,80,51" hai3="133,23,89,71,2,74,11,17,81,24,13,59,70"/><T33/><D33/><U8/><E120/><V28/><F114/><W96/><G133/><T25/><D117/><U95/><E119/><V64/><F131/><N who="1" m="50217" /><E35/><V20/><F5/><W9/><G2/><T111/><D129/><U76/><E125/><V104/><F28/><W56/><G11/><T88/><D135/><U73/><E8/><V82/><F104/><W14/><G14/><T4/><D25/><U32/><E32/><V52/><F97/><W102/><G71/><T0/><D6/><U44/><E44/><V112/><F112/><W26/><G70/><T42/><D4/><U39/><E40/><V124/><F124/><W92/><G24/><T37/><D0/><U101/><E101/><V65/><F82/><W54/><G54/><T110/><D103/><U57/><E95/><V121/><F121/><W127/><G127/><T1/><D1/><U69/><E57/><V62/><F80/><AGARI ba="0,0" hai="39,43,45,63,67,69,72,73,76,80,84" m="50217" machi="80" ten="30,3900,0" yaku="19,1,52,2" doraHai="105" who="1" fromWho="2" sc="250,0,250,39,250,-39,250,0" /><INIT seed="1,0,0,1,1,79" ten="250,289,211,250" oya="1" hai0="42,36,102,78,57,73,21,132,40,119,2,58,53" hai1="113,49,76,89,41,114,52,70,1,69,24,46,93" hai2="0,50,84,65,19,28,32,8,81,130,27,71,85" hai3="10,18,133,61,12,80,31,44,67,39,92,34,13"/><U101/><E1/><V97/><F130/><W11/><G133/><T135/><D102/><U54/><E101/><V94/><F71/><W98/><G34/><T25/><D2/><U33/><E76/><V104/><F65/><W23/><G31/><T72/><D119/><U83/><E54/><V30/><F104/><W51/><G44/><T91/><D91/><U95/><E41/><V86/><F30/><W124/><G39/><T100/><D100/><U125/><E125/><V111/><F111/><W45/><G124/><T103/><D103/><U43/><E43/><V74/><F50/><W107/><G107/><T15/><D15/><U5/><E5/><V6/><F74/><W17/><G80/><N who="0" m="45127" /><D73/><U7/><E7/><V108/><F108/><W59/><G98/><T26/><D36/><U60/><E69/><V88/><REACH who="2" step="1"/><F19/><REACH who="2" ten="250,289,201,250" step="2"/><W16/><G18/><T87/><D132/><U9/><E114/><V47/><F47/><W55/><REACH who="3" step="1"/><G92/><REACH who="3" ten="250,289,201,240" step="2"/><T22/><D135/><U20/><E93/><V120/><F120/><W37/><G37/><T112/><D112/><U123/><E95/><V90/><AGARI ba="0,2" hai="0,6,8,27,28,32,81,84,85,86,88,90,94,97" machi="90" ten="20,8000,1" yaku="1,1,0,1,7,1,52,1,54,1,53,0" doraHai="79" doraHaiUra="96" who="2" fromWho="2" sc="250,-20,289,-40,201,100,240,-20" /><INIT seed="2,0,0,3,4,10" ten="230,249,301,220" oya="2" hai0="120,26,21,125,69,134,7,73,54,28,56,87,8" hai1="127,108,131,96,9,67,106,62,6,72,59,92,74" hai2="114,44,133,99,93,89,122,107,88,24,12,81,23" hai3="71,95,97,61,16,48,34,77,1,55,11,119,113"/><V52/><F122/><W65/><G119/><T60/><D73/><U36/><E127/><V31/><F107/><W53/><G113/><T63/><D134/><U105/><E131/><V75/><F133/><W82/><G34/><T40/><D125/><U50/><E108/><V4/><F114/><W22/><G1/><T58/><D120/><U68/><E36/><V98/><F75/><W110/><G11/><T15/><D69/><U38/><E38/><V25/><F81/><W104/><G104/><T3/><D40/><U101/><E106/><V70/><F70/><W45/><G110/><T135/><D135/><U123/><E123/><V91/><F4/><W115/><G115/><T49/><D3/><U0/><E105/><V85/><F85/><W78/><G55/><T27/><D27/><U30/><E30/><V35/><F12/><W14/><REACH who="3" step="1"/><G82/><REACH who="3" ten="230,249,301,210" step="2"/><T57/><REACH who="0" step="1"/><D87/><REACH who="0" ten="220,249,301,210" step="2"/><U121/><E121/><V90/><F99/><W79/><G79/><T130/><D130/><U102/><E74/><V112/><F112/><W2/><G2/><T33/><D33/><U117/><E72/><V17/><F35/><W111/><G111/><T29/><D29/><U83/><E117/><V32/><F32/><W64/><G64/><T76/><D76/><U46/><E83/><V118/><F31/><W116/><G116/><T126/><D126/><U129/><E129/><V100/><F118/><W124/><G124/><T20/><D20/><U47/><E0/><V80/><F80/><W5/><G5/><T43/><D43/><U86/><E6/><V109/><N who="2" m="22528" /><DORA hai="13" /><V39/><F109/><RYUUKYOKU ba="0,2" sc="220,15,249,-15,301,-15,210,15" hai0="7,8,15,21,26,28,49,54,56,57,58,60,63" hai3="14,16,22,45,48,53,61,65,71,77,78,95,97" /><INIT seed="3,1,2,0,4,0" ten="235,234,286,225" oya="3" hai0="87,103,64,60,118,55,35,48,29,58,14,3,131" hai1="82,72,93,88,91,127,102,120,53,92,108,90,107" hai2="105,129,15,42,52,133,100,24,50,51,115,34,134" hai3="20,61,45,135,46,2,121,32,33,13,43,73,110"/><W114/><G121/><T81/><D3/><U70/><E70/><V67/><F115/><W98/><G114/><T128/><D118/><U95/><E120/><V31/><F129/><N who="0" m="49738" /><D103/><U41/><E41/><V79/><F79/><W66/><G73/><T25/><D14/><U89/><E53/><V76/><F76/><W63/><G2/><T36/><D36/><U68/><E68/><V16/><F67/><W59/><G135/><N who="2" m="51721" /><F42/><W23/><G110/><T86/><D81/><U38/><E38/><V56/><F100/><W4/><G98/><T11/><D11/><U78/><E127/><V124/><F105/><W99/><G99/><T12/><D12/><U5/><E5/><V1/><F1/><W126/><G126/><T125/><D125/><U47/><E47/><AGARI ba="1,2" hai="25,29,35,47,48,55,58,60,64,86,87" m="49738" machi="47" ten="30,1000,0" yaku="19,1" doraHai="0" who="0" fromWho="1" sc="235,33,234,-13,286,0,225,0" /><INIT seed="4,0,0,5,2,99" ten="268,221,286,225" oya="0" hai0="66,132,122,97,103,109,65,5,76,88,4,40,87" hai1="125,101,81,75,129,23,45,50,102,22,69,114,30" hai2="41,0,63,27,62,8,58,31,74,53,14,52,116" hai3="71,25,79,21,24,73,118,127,38,70,120,10,108"/><T51/><D122/><U126/><E69/><V104/><F0/><W61/><G118/><T55/><D76/><N who="1" m="44191" /><E114/><V47/><F74/><W131/><G108/><T113/><D40/><N who="1" m="24871" /><E30/><V35/><F104/><W68/><G131/><T60/><D132/><U59/><E59/><V67/><F63/><W133/><G127/><N who="1" m="48650" /><E129/><V15/><F116/><W95/><G133/><T54/><D109/><U107/><E107/><V36/><F15/><W130/><G120/><T43/><D43/><U20/><AGARI ba="0,0" hai="20,22,23,101,102" m="48650,24871,44191" machi="20" ten="30,4000,0" yaku="18,1,52,2" doraHai="99" who="1" fromWho="1" sc="268,-20,221,40,286,-10,225,-10" /><INIT seed="5,0,0,0,3,44" ten="248,261,276,215" oya="1" hai0="113,85,129,72,132,42,19,14,73,13,8,50,0" hai1="1,2,9,89,125,76,122,74,83,119,118,4,43" hai2="111,52,114,71,117,35,120,7,37,70,104,17,56" hai3="105,11,135,97,92,90,63,112,94,6,133,33,28"/><U39/><E122/><V101/><F101/><W99/><G33/><T31/><D0/><U62/><E125/><V30/><F35/><W65/><G105/><T124/><D113/><U38/><E2/><V26/><F37/><W115/><G28/><T103/><D31/><U77/><E76/><V16/><F104/><W3/><G63/><T116/><D116/><U54/><E89/><V49/><F120/><W61/><G61/><T80/><D103/><U84/><E84/><V100/><F7/><W64/><G65/><T40/><D124/><U48/><E62/><V107/><F111/><W51/><G51/><T96/><D96/><U75/><E75/><V110/><F110/><W86/><G64/><T93/><D93/><U32/><E32/><V58/><F58/><W109/><G86/><T24/><D24/><U68/><E68/><V53/><F70/><W127/><G127/><T95/><D95/><U34/><E34/><N who="2" m="20823" /><F71/><W123/><G123/><T66/><D66/><U88/><E88/><V134/><F114/><N who="3" m="43563" /><G109/><T126/><D126/><U121/><E121/><V55/><F107/><W36/><G36/><T20/><D73/><U79/><E38/><V41/><F117/><W102/><AGARI ba="0,0" hai="3,6,11,90,92,94,97,99,102,133,135" m="43563" machi="102" ten="30,1100,0" yaku="15,1" doraHai="44" who="3" fromWho="3" sc="248,-3,261,-5,276,-3,215,11" /><INIT seed="6,0,0,5,0,127" ten="245,256,273,226" oya="2" hai0="43,7,35,48,54,89,16,84,19,52,98,104,25" hai1="93,114,42,72,39,6,12,87,44,22,62,50,126" hai2="115,59,9,4,32,117,113,46,107,80,118,64,45" hai3="60,96,20,56,106,10,15,119,110,90,135,61,66"/><V58/><F107/><W27/><G119/><N who="2" m="45577" /><F32/><W13/><G135/><T109/><D109/><U0/><E72/><V47/><F80/><W88/><G106/><T102/><D7/><U21/><E114/><N who="2" m="43531" /><F64/><W97/><G110/><T49/><D43/><U2/><E126/><V123/><F123/><W37/><G37/><T101/><D35/><U92/><E39/><V111/><F111/><W55/><G61/><T63/><D63/><U128/><E128/><V24/><F24/><W41/><G41/><T67/><D67/><U125/><E125/><V81/><F81/><W68/><G68/><T91/><D25/><U121/><E121/><V133/><F133/><W79/><G79/><T65/><D65/><U108/><E108/><V30/><F30/><N who="3" m="17767" /><G66/><T51/><D104/><U103/><E0/><AGARI ba="0,0" hai="0,4,9,45,46,47,58,59" m="43531,45577" machi="0" ten="40,2000,0" yaku="15,1" doraHai="127" who="2" fromWho="1" sc="245,0,256,-20,273,20,226,0" /><INIT seed="6,1,0,1,5,30" ten="245,236,293,226" oya="2" hai0="60,11,116,35,25,9,106,24,75,33,74,45,90" hai1="100,72,10,15,96,3,114,52,53,40,1,124,105" hai2="101,111,73,94,8,130,22,48,99,76,108,86,23" hai3="39,103,44,97,43,16,120,5,58,54,126,117,62"/><V78/><F73/><W119/><G120/><T66/><D106/><U128/><E124/><V69/><F69/><W27/><G126/><T83/><D45/><U71/><E128/><V4/><F48/><W31/><G5/><T21/><D116/><U115/><E72/><V29/><F130/><W18/><G117/><T19/><D90/><U85/><E71/><V92/><F92/><W93/><REACH who="3" step="1"/><G119/><REACH who="3" ten="245,236,293,216" step="2"/><T118/><D118/><U113/><E40/><V38/><F4/><W89/><G89/><T87/><D75/><U17/><REACH who="1" step="1"/><E85/><REACH who="1" ten="245,226,293,216" step="2"/><V127/><F86/><W2/><G2/><AGARI ba="1,2" hai="1,2,3,10,15,17,52,53,96,100,105,113,114,115" machi="2" ten="50,8000,1" yaku="1,1,2,1,15,1,54,1,53,0" doraHai="30" doraHaiUra="81" who="1" fromWho="3" sc="245,0,226,103,293,0,216,-83" owari="245,-15.0,329,43.0,293,9.0,133,-37.0" /></mjloggm>