<mjloggm ver="2.3"><GO type="169" lobby="0"/><UN n0="%73%68%61%6F" n1="%E3%82%A6%E3%83%AB%E3%83%88%E3%83%A9%E7%AB%8B%E7%9B%B4" n2="%6B%65%69%72%79%6F" n3="%EF%BC%8D%72%69%6D%75%EF%BC%8D" dan="16,17,16,16" rate="2064.96,2046.75,2051.06,2131.54" sx="M,M,F,M"/><TAIKYOKU oya="0"/><INIT seed="0,0,0,5,5,129" ten="250,250,250,250" oya="0" hai0="71,103,38,80,73,124,55,78,116,85,86,40,74" hai1="44,127,94,128,87,36,91,37,11,59,60,77,118" hai2="111,105,6,61,112,133,5,50,121,125,123,48,66" hai3="57,18,51,21,69,29,34,126,84,132,22,72,25"/><T32/><D116/><U58/><E118/><V20/><F105/><W30/><G69/><T130/><D32/><U93/><E128/><V92/><F112/><W52/><G72/><T8/><D130/><U79/><E37/><V31/><F111/><W46/><G126/><T56/><D71/><U7/><E127/><V102/><F125/><W89/><G34/><T54/><D124/><U76/><E44/><V90/><F102/><W15/><G132/><T41/><D103/><U16/><E36/><V4/><F133/><W82/><G46/><T117/><D117/><U24/><E93/><V17/><F31/><AGARI ba="0,0" hai="15,18,21,22,25,29,30,31,51,52,57,82,84,89" machi="31" ten="30,3900,0" yaku="7,1,8,1,54,1" doraHai="129" who="3" fromWho="2" sc="250,0,250,0,250,-39,250,39" /><INIT seed="1,0,0,2,2,76" ten="250,250,211,289" oya="1" hai0="30,77,67,73,19,86,17,96,129,113,106,120,22" hai1="16,109,39,20,127,44,48,59,78,41,46,18,8" hai2="134,83,37,51,71,15,2,117,88,43,84,65,10" hai3="92,6,32,40,36,1,110,72,126,115,33,90,108"/><U66/><E127/><V45/><F117/><W9/><G115/><T61/><D113/><U101/><E109/><N who="3" m="42090" /><G126/><T5/><D73/><U93/><E78/><V27/><F2/><W123/><G123/><T116/><D116/><U111/><E111/><V103/><F37/><W85/><G72/><T53/><D53/><U52/><E8/><V47/><F134/><W80/><G40/><T56/><D120/><U130/><E130/><V42/><F103/><W133/><G36/><T87/><D5/><U125/><E125/><V11/><F27/><W7/><G7/><T89/><D129/><U99/><REACH who="1" step="1"/><E20/><REACH who="1" ten="250,240,211,289" step="2"/><V12/><F11/><W128/><G128/><T131/><D22/><U0/><E0/><V64/><F10/><W68/><G133/><T29/><D77/><U79/><E79/><V38/><REACH who="2" step="1"/><F71/><REACH who="2" ten="250,240,201,289" step="2"/><W49/><G68/><T35/><D131/><U28/><E28/><V23/><F23/><W124/><G124/><T95/><D30/><U100/><E100/><V105/><F105/><W118/><G118/><T98/><D106/><U119/><E119/><V54/><F54/><W70/><G70/><T14/><D29/><U63/><AGARI ba="0,2" hai="16,18,39,41,44,46,48,52,59,63,66,93,99,101" machi="63" ten="30,11700,0" yaku="1,1,0,1,54,2,53,0" doraHai="76" doraHaiUra="34" who="1" fromWho="1" sc="250,-39,240,137,201,-39,289,-39" /><INIT seed="1,1,0,3,3,94" ten="211,377,162,250" oya="1" hai0="58,12,105,48,7,67,101,34,8,107,99,108,104" hai1="1,25,122,125,75,71,28,5,106,36,62,98,121" hai2="20,111,49,100,52,115,10,2,116,47,89,110,82" hai3="56,95,31,65,11,55,120,70,24,35,60,39,9"/><U91/><E91/><V18/><F116/><W43/><G120/><T118/><D118/><U73/><E125/><V6/><F115/><W66/><G66/><T97/><D34/><N who="1" m="20751" /><E36/><V13/><REACH who="2" step="1"/><F100/><REACH who="2" ten="211,377,152,250" step="2"/><W135/><G135/><T81/><D101/><N who="1" m="62775" /><E122/><V112/><F112/><W16/><G95/><T17/><D108/><U93/><E121/><V102/><F102/><W80/><G80/><T41/><D81/><U74/><E93/><V85/><AGARI ba="1,1" hai="2,6,10,13,18,20,47,49,52,82,85,89,110,111" machi="85" ten="30,4000,0" yaku="1,1,0,1,54,1,53,0" doraHai="94" doraHaiUra="117" who="2" fromWho="2" sc="211,-11,377,-21,152,53,250,-11" /><INIT seed="2,0,0,2,2,53" ten="200,356,205,239" oya="2" hai0="134,132,75,95,52,109,19,65,54,34,123,103,11" hai1="59,24,55,99,135,57,60,42,12,6,105,32,78" hai2="112,90,102,117,37,97,122,133,118,110,15,86,62" hai3="85,73,96,49,33,43,124,108,79,10,129,26,131"/><V98/><F37/><W17/><G73/><T50/><D34/><U18/><E135/><N who="0" m="51753" /><D75/><U69/><E78/><V36/><F36/><W100/><G124/><T83/><D123/><U121/><E121/><V130/><F133/><W35/><G108/><T64/><D83/><U106/><E42/><V115/><F122/><W2/><G79/><T51/><D109/><U44/><E44/><V92/><F110/><W58/><G85/><T22/><D11/><U76/><E76/><V0/><F0/><W45/><G2/><T41/><D41/><U114/><E114/><N who="2" m="43563" /><F15/><W80/><G80/><T104/><D95/><U88/><E105/><N who="2" m="63695" /><F62/><W25/><G25/><N who="0" m="14559" /><D103/><U74/><E106/><V61/><F61/><W1/><G1/><T23/><D23/><U30/><E74/><V116/><F130/><W107/><G131/><T48/><D104/><U3/><E3/><V8/><F8/><W126/><G129/><T38/><D38/><U5/><E69/><V4/><F4/><W66/><G126/><T87/><D87/><AGARI ba="0,0" hai="86,87,90,92,98,116,117,118" m="63695,43563" machi="87" ten="40,3900,0" yaku="34,2" doraHai="53" who="2" fromWho="0" sc="200,-39,356,0,205,39,239,0" /><INIT seed="2,1,0,1,4,100" ten="161,356,244,239" oya="2" hai0="82,98,74,48,131,87,5,114,128,132,65,95,47" hai1="134,2,78,43,109,26,121,92,23,64,126,11,135" hai2="10,40,97,52,55,111,33,6,61,124,80,118,9" hai3="101,107,94,125,117,62,8,44,14,103,21,53,73"/><V104/><F118/><W89/><G73/><T127/><D114/><U112/><E112/><V76/><F33/><W7/><G117/><T99/><D74/><U75/><E64/><V133/><F40/><W42/><G125/><T37/><D37/><U50/><E126/><V63/><F124/><W79/><G79/><T25/><D127/><U35/><E35/><V38/><F38/><W84/><G107/><T4/><D65/><U57/><E121/><V20/><F10/><W12/><G53/><N who="0" m="29855" /><D132/><U119/><E119/><V105/><F133/><W70/><G62/><T67/><D25/><U24/><E24/><V130/><F97/><N who="0" m="36874" /><D95/><U72/><E92/><V49/><F130/><N who="0" m="49706" /><D67/><U32/><E26/><V13/><F111/><W29/><G29/><T27/><D27/><U28/><E109/><V123/><F123/><W115/><G115/><T93/><D93/><U41/><E28/><V30/><F30/><W108/><G108/><T83/><D83/><U116/><E75/><V129/><F129/><W17/><REACH who="3" step="1"/><G70/><REACH who="3" ten="161,356,244,229" step="2"/><T0/><D0/><U31/><E72/><V110/><F110/><W122/><G122/><T90/><AGARI ba="1,1" hai="4,5,82,87,90" m="49706,36874,29855" machi="90" ten="30,1100,0" yaku="19,1" doraHai="100" who="0" fromWho="0" sc="161,24,356,-4,244,-6,229,-4" /><INIT seed="3,0,0,5,5,38" ten="185,352,238,225" oya="3" hai0="46,132,76,39,67,74,104,27,85,130,103,94,17" hai1="79,73,64,44,55,2,117,53,3,29,14,98,13" hai2="18,127,70,12,20,121,77,25,60,30,100,119,128" hai3="102,65,7,47,120,49,75,88,86,61,131,95,16"/><W124/><G120/><T133/><D130/><U37/><E64/><V21/><F119/><W96/><G131/><T35/><D67/><U134/><E29/><V122/><F128/><W43/><G75/><T15/><D104/><U8/><E3/><V116/><F116/><W28/><G124/><T106/><D106/><U101/><E14/><V97/><F127/><W22/><G7/><T129/><D74/><U113/><E13/><V24/><F77/><W69/><G28/><T4/><D129/><U36/><E36/><V63/><F70/><W66/><G66/><T87/><D4/><U45/><E45/><V107/><REACH who="2" step="1"/><F25/><REACH who="2" ten="185,352,228,225" step="2"/><W62/><G69/><T19/><D27/><U81/><E117/><V115/><F115/><W135/><G135/><T126/><D76/><U123/><E113/><V72/><F72/><W91/><G65/><T80/><D126/><U58/><E79/><V68/><F68/><W52/><G86/><T23/><D87/><U112/><E73/><V31/><F31/><W105/><G105/><T6/><D85/><U90/><E112/><V125/><F125/><W42/><G62/><AGARI ba="0,1" hai="12,18,20,21,24,30,60,62,63,97,100,107,121,122" machi="62" ten="40,2600,0" yaku="1,1,53,1" doraHai="38" doraHaiUra="11" who="2" fromWho="3" sc="185,0,352,0,228,36,225,-26" /><INIT seed="4,0,0,4,1,129" ten="185,352,264,199" oya="0" hai0="30,54,130,128,120,27,127,23,28,34,9,115,69" hai1="67,132,62,125,118,50,24,80,84,31,57,7,43" hai2="17,14,79,1,93,60,72,75,106,73,33,126,5" hai3="105,19,95,58,109,61,133,10,102,26,42,124,0"/><T110/><D69/><U103/><E118/><V32/><F106/><W117/><G105/><T68/><D68/><U86/><E125/><V98/><F79/><W13/><G124/><T83/><D127/><U40/><E86/><V44/><F126/><W48/><G117/><T6/><D120/><U85/><E85/><V64/><F44/><W121/><G121/><T94/><D83/><U55/><E7/><V107/><F107/><W52/><G109/><T41/><D41/><U91/><E103/><V37/><F37/><W59/><G0/><T4/><D110/><U11/><E11/><V123/><F123/><W47/><G59/><T65/><D65/><U78/><E91/><V82/><F82/><W97/><REACH who="3" step="1"/><G26/><REACH who="3" ten="185,352,264,189" step="2"/><T77/><D27/><U53/><E57/><V49/><F1/><W89/><G89/><T66/><D128/><U92/><E24/><V87/><F72/><W101/><G101/><T74/><D74/><U90/><E90/><V20/><F73/><W135/><AGARI ba="0,1" hai="10,13,19,42,47,48,52,58,61,95,97,102,133,135" machi="135" ten="30,8000,1" yaku="1,1,0,1,52,2,54,1,53,0" doraHai="129" doraHaiUra="70" who="3" fromWho="3" sc="185,-40,352,-20,264,-20,189,90" /><INIT seed="5,0,0,2,4,8" ten="145,332,244,279" oya="1" hai0="26,93,77,127,6,87,19,102,15,55,117,59,44" hai1="76,57,40,24,128,85,10,64,1,83,125,30,89" hai2="50,0,114,32,66,13,47,78,98,90,74,88,17" hai3="16,91,95,100,116,52,75,3,5,106,79,34,86"/><U123/><E123/><V25/><F0/><W56/><G34/><T94/><D117/><U18/><E125/><V111/><F111/><W54/><G116/><T2/><D127/><U82/><E128/><V73/><F73/><W31/><G31/><T113/><D113/><U37/><E40/><V9/><F74/><W81/><G5/><T103/><D2/><U96/><E37/><V53/><F32/><W84/><G3/><T23/><D44/><U121/><E121/><V105/><F105/><W109/><G86/><T97/><D77/><U92/><E83/><V45/><F66/><W7/><G7/><T42/><D42/><U43/><E43/><V29/><F78/><W49/><G109/><T39/><D39/><U41/><E41/><V27/><F114/><W130/><G130/><T101/><D6/><U119/><E119/><V35/><F47/><W110/><G54/><T62/><REACH who="0" step="1"/><D26/><REACH who="0" ten="135,332,244,279" step="2"/><U33/><E24/><V65/><F27/><W107/><G110/><T70/><D70/><U69/><E69/><V12/><F25/><W14/><REACH who="3" step="1"/><G100/><REACH who="3" ten="135,332,244,269" step="2"/><T63/><D63/><N who="1" m="37999" /><E33/><V122/><F35/><W133/><G133/><T118/><D118/><U48/><E1/><V21/><F29/><W120/><G120/><T134/><D134/><U51/><E30/><V126/><F122/><W131/><G131/><T38/><D38/><U4/><E4/><V58/><F126/><W68/><G68/><T80/><D80/><U60/><E60/><V20/><F65/><W129/><G129/><T22/><D22/><AGARI ba="0,2" hai="14,16,22,49,52,56,75,79,81,84,91,95,106,107" machi="22" ten="30,12000,2" yaku="1,1,7,1,25,2,52,1,54,2,53,0" doraHai="8" doraHaiUra="132" who="3" fromWho="0" sc="135,-120,332,0,244,0,269,140" /><INIT seed="6,0,0,3,5,44" ten="15,332,244,409" oya="2" hai0="15,20,74,18,42,26,86,121,19,47,122,22,100" hai1="17,0,133,89,41,21,127,48,103,3,43,70,14" hai2="73,84,114,52,119,39,31,28,29,110,75,7,124" hai3="99,58,104,125,64,13,24,11,56,61,130,105,129"/><V80/><F119/><W23/><G125/><T88/><D74/><U40/><E70/><V50/><F39/><W94/><G58/><T96/><D96/><U112/><E127/><V93/><F124/><W4/><G129/><T10/><D100/><U2/><E133/><V82/><F114/><W6/><G6/><T66/><D66/><U45/><E112/><V60/><F110/><W65/><G64/><T1/><D1/><U33/><E33/><V95/><F7/><W57/><G57/><T128/><D128/><U77/><E77/><V25/><F82/><W68/><G68/><T90/><D10/><U5/><E103/><V76/><F60/><W71/><G71/><T67/><D67/><U69/><E69/><V101/><F25/><W115/><G115/><T59/><D59/><U35/><E35/><V113/><F113/><W27/><G27/><T118/><D118/><U16/><E5/><V62/><F62/><W63/><G61/><T79/><D79/><U120/><E120/><V109/><F109/><W46/><G46/><T72/><D72/><U38/><E38/><V91/><F101/><W132/><G132/><T102/><D102/><U116/><E116/><V30/><N who="2" m="7680" /><DORA hai="49" /><V134/><F134/><W126/><G126/><T8/><D8/><U108/><E108/><V78/><F78/><W34/><G34/><T98/><D98/><U36/><E36/><V85/><F93/><W53/><G65/><T131/><D131/><U32/><E32/><V55/><F55/><W107/><G130/><T54/><D54/><N who="1" m="29967" /><E17/><V97/><F75/><W12/><G107/><RYUUKYOKU ba="0,0" sc="15,-15,332,15,244,15,409,-15" hai1="0,2,3,14,16,21,40,41,43,89" hai2="50,52,73,76,80,84,85,91,95,97" /><INIT seed="6,1,0,4,4,92" ten="0,347,259,394" oya="2" hai0="85,95,26,3,24,86,50,28,82,7,39,84,77" hai1="67,1,104,52,99,111,14,122,121,101,25,32,116" hai2="110,114,131,29,47,109,20,112,129,115,56,35,58" hai3="89,66,64,63,100,53,113,57,21,41,105,78,55"/><V43/><F35/><W51/><G105/><T98/><D39/><U31/><E1/><V69/><F69/><W124/><G124/><T16/><D7/><U106/><E106/><V108/><F29/><W34/><G34/><T62/><D3/><U65/><E116/><V130/><F20/><W44/><G100/><T19/><D62/><U11/><E111/><V133/><F133/><W17/><G78/><T96/><D50/><AGARI ba="1,0" hai="43,47,50,56,58,108,109,110,112,114,115,129,130,131" machi="50" ten="60,24000,3" yaku="29,2,10,1,15,1,19,1,34,3" doraHai="92" who="2" fromWho="0" sc="0,-243,347,0,259,243,394,0" owari="-243,-74.0,347,-5.0,502,60.0,394,19.0" /></mjloggm>