<mjloggm ver="2.3"><GO type="97" lobby="0"/><UN n0="%E3%82%A6%E3%83%AB%E3%83%88%E3%83%A9%E7%AB%8B%E7%9B%B4" n1="%E3%81%A1%E3%81%9F%E3%82%8A%E3%82%93%EF%BC%81" n2="%E5%BC%81%E5%A4%A9" n3="%43%61%70" dan="15,14,14,15" rate="2024.18,1938.87,1933.54,1959.03" sx="M,F,M,M"/><TAIKYOKU oya="0"/><INIT seed="0,0,0,1,0,81" ten="250,250,250,250" oya="0" hai0="33,50,60,40,91,13,77,55,82,3,64,26,108" hai1="42,103,41,2,29,104,5,6,19,130,37,125,15" hai2="75,7,44,80,121,4,23,61,34,135,93,67,53" hai3="86,59,45,111,133,12,128,110,18,10,101,88,115"/><T36/><D3/><U32/><E125/><V120/><F34/><W24/><G115/><T92/><D108/><N who="3" m="41513" /><G101/><T20/><D40/><U62/><E130/><V119/><F135/><W112/><G112/><T68/><D36/><U48/><E37/><V22/><F119/><W54/><G128/><T72/><D33/><U71/><E6/><V69/><F121/><W97/><G97/><T116/><D13/><U30/><E48/><V8/><F120/><W16/><G45/><T96/><D116/><U27/><E29/><V73/><F93/><N who="3" m="54423" /><G24/><T126/><D126/><U109/><E109/><V31/><F44/><W98/><G98/><T25/><D20/><N who="1" m="11391" /><E103/><V49/><F23/><W83/><G83/><T113/><D113/><U65/><E104/><V127/><F80/><W134/><G18/><T28/><D28/><U105/><E105/><V123/><F22/><W63/><AGARI ba="0,0" hai="10,12,16,54,59,63,133,134" m="54423,41513" machi="63" ten="30,7900,0" yaku="14,1,52,1,54,2" doraHai="81" who="3" fromWho="3" sc="250,-39,250,-20,250,-20,250,79" /><INIT seed="1,0,0,2,0,48" ten="211,230,230,329" oya="1" hai0="47,79,107,88,31,0,113,4,46,90,95,51,124" hai1="10,50,19,28,126,53,128,111,5,104,131,108,75" hai2="119,129,62,59,101,41,27,98,125,34,52,74,26" hai3="80,12,45,102,29,116,18,89,123,21,11,135,83"/><U14/><E104/><V71/><F119/><W16/><G123/><T72/><D107/><U112/><E75/><V64/><F74/><W37/><G29/><T117/><D117/><U106/><E106/><N who="2" m="63799" /><F125/><W9/><G102/><T8/><D113/><U25/><E126/><V82/><F82/><W127/><G135/><T73/><D124/><U3/><E112/><V56/><F129/><N who="1" m="49737" /><E50/><V40/><F26/><W22/><G116/><T69/><D69/><U134/><E134/><V87/><F87/><W54/><G37/><T76/><D73/><U49/><E49/><N who="2" m="30735" /><F59/><W42/><G83/><T63/><D72/><U1/><E53/><V55/><F55/><W109/><G54/><T20/><D76/><U132/><E132/><V24/><F24/><W78/><G127/><T43/><D79/><U84/><E84/><V133/><F133/><W30/><G78/><T32/><D47/><U7/><E7/><V96/><F96/><W118/><G45/><T100/><D51/><U115/><E115/><V130/><F130/><W15/><G118/><T97/><D46/><U86/><E86/><V33/><F33/><W23/><G80/><T38/><D32/><N who="1" m="20495" /><E5/><V94/><F94/><W85/><G85/><T68/><D43/><U122/><E122/><V120/><F120/><W57/><G42/><T121/><D121/><U13/><E13/><V35/><F35/><W99/><G99/><T66/><D38/><U61/><E61/><V60/><F60/><W91/><G15/><T114/><D114/><U39/><E39/><V103/><F103/><W17/><G12/><T110/><D63/><RYUUKYOKU ba="0,0" sc="211,-15,230,15,230,15,329,-15" hai1="1,3,10,14,19,108,111" hai2="27,34,40,41,62,64,71" /><INIT seed="1,1,0,3,2,78" ten="196,245,245,314" oya="1" hai0="88,95,134,108,102,72,124,116,129,107,36,20,85" hai1="132,17,114,22,118,130,54,117,79,49,93,42,66" hai2="64,28,1,65,19,86,62,97,58,131,127,2,8" hai3="33,10,77,7,106,39,100,0,30,52,35,113,125"/><U110/><E114/><V68/><F127/><W16/><G39/><T126/><D36/><U11/><E130/><V98/><F131/><W80/><G113/><T94/><D129/><U38/><E132/><V41/><F41/><W135/><G135/><T81/><D134/><U14/><E66/><V105/><F28/><W46/><G100/><T59/><D59/><U45/><E110/><V75/><F75/><W122/><G106/><T55/><D55/><U3/><E93/><N who="0" m="35337" /><D20/><U37/><E79/><V60/><F1/><W57/><G46/><T83/><D108/><U56/><E38/><V25/><F105/><W96/><G96/><N who="0" m="61895" /><D116/><U29/><REACH who="1" step="1"/><E29/><REACH who="1" ten="196,235,245,314" step="2"/><V112/><F112/><W32/><G30/><T23/><D23/><U48/><E48/><V73/><F64/><W128/><G128/><T121/><D121/><U104/><E104/><V51/><F65/><W82/><G122/><T133/><D133/><U103/><E103/><V123/><F51/><W99/><G77/><AGARI ba="1,1" hai="72,77,81,83,85,88,124,126" m="61895,35337" machi="77" ten="30,8000,1" yaku="34,2,52,2,54,1" doraHai="78" who="0" fromWho="3" sc="196,93,235,0,245,0,314,-83" /><INIT seed="2,0,0,0,1,0" ten="289,235,245,231" oya="2" hai0="131,47,92,134,46,129,70,74,2,86,27,105,8" hai1="23,77,64,18,42,34,9,126,55,91,56,75,48" hai2="94,40,106,127,104,123,12,96,62,5,83,87,20" hai3="58,24,3,43,79,90,113,53,67,135,84,52,88"/><V95/><F123/><W132/><G3/><T13/><D70/><U133/><E34/><V107/><F127/><W59/><G43/><T44/><D105/><U89/><E126/><V21/><F96/><W4/><G4/><N who="0" m="3207" /><D74/><U39/><E133/><N who="3" m="51274" /><G113/><T76/><D27/><U108/><E108/><V99/><F99/><W7/><G7/><T121/><D121/><U85/><E75/><V10/><F40/><W19/><G67/><T120/><D120/><U125/><E125/><V63/><F21/><N who="3" m="13375" /><G79/><T103/><D2/><U16/><E64/><V54/><F20/><W38/><G38/><T26/><D26/><N who="1" m="14695" /><E42/><V72/><F72/><W51/><G84/><T116/><D134/><U110/><E110/><V41/><F41/><W33/><G33/><T102/><D116/><U80/><E39/><V71/><F71/><W98/><G98/><T61/><D103/><U50/><E48/><AGARI ba="0,0" hai="48,51,52,53,58,59,88,90" m="13375,51274" machi="48" ten="30,3900,0" yaku="20,1,54,2" doraHai="0" who="3" fromWho="1" sc="289,0,235,-39,245,0,231,39" /><INIT seed="3,0,0,1,3,76" ten="289,196,245,270" oya="3" hai0="104,19,40,112,100,83,70,37,38,12,111,56,36" hai1="78,16,31,80,94,107,129,90,47,96,7,135,45" hai2="66,41,65,68,133,109,9,23,50,21,73,77,95" hai3="58,98,11,18,74,105,8,103,127,24,61,15,49"/><W119/><G74/><T134/><D70/><U3/><E129/><V132/><F109/><W20/><G119/><T89/><D134/><N who="2" m="51818" /><F9/><W117/><G117/><T29/><D29/><U118/><E135/><V63/><F65/><W108/><G108/><T102/><D111/><U128/><E128/><V124/><F124/><W62/><G127/><T30/><D30/><U32/><E118/><V42/><F95/><W0/><G0/><T55/><D40/><N who="2" m="15466" /><F50/><W5/><G49/><T43/><D43/><U67/><E107/><V125/><F125/><W52/><G62/><N who="0" m="36127" /><D104/><U71/><E67/><V106/><F106/><W48/><G61/><T46/><D46/><U26/><E71/><V13/><F13/><W34/><G34/><T2/><D2/><U60/><E60/><V120/><F120/><W130/><G130/><T54/><D38/><U91/><E90/><V122/><F122/><W44/><REACH who="3" step="1"/><G11/><REACH who="3" ten="289,196,245,260" step="2"/><N who="0" m="6559" /><D37/><U22/><E3/><V101/><F63/><W110/><G110/><T39/><D36/><U75/><REACH who="1" step="1"/><E7/><REACH who="1" ten="289,186,245,260" step="2"/><V82/><F68/><W97/><G97/><T14/><D39/><U93/><E93/><V113/><F113/><W6/><G6/><T28/><D112/><U114/><E114/><V116/><F116/><W121/><G121/><T33/><D33/><U79/><E79/><V51/><F77/><W27/><G27/><AGARI ba="0,2" hai="16,22,26,27,31,32,45,47,75,78,80,91,94,96" machi="27" ten="30,7700,0" yaku="1,1,7,1,52,1,54,1,53,0" doraHai="76" doraHaiUra="59" who="1" fromWho="3" sc="289,0,186,97,245,0,260,-77" /><INIT seed="4,0,0,4,2,124" ten="289,283,245,183" oya="0" hai0="90,59,121,96,14,12,33,107,48,104,95,5,3" hai1="32,74,122,118,47,20,8,61,39,55,105,106,63" hai2="29,38,109,81,80,135,6,87,126,83,50,45,101" hai3="120,68,134,51,75,103,84,129,9,58,133,24,123"/><T127/><D121/><N who="3" m="46665" /><G68/><T78/><D33/><U76/><E32/><V25/><F109/><W112/><G75/><T132/><D127/><U17/><E118/><V53/><F126/><W46/><G103/><T79/><D132/><N who="3" m="50793" /><G84/><T65/><D3/><U119/><E119/><V71/><F135/><W110/><G110/><T130/><D104/><U19/><E74/><V93/><F71/><W43/><G112/><T11/><D107/><U21/><E76/><N who="0" m="29225" /><D130/><U56/><E122/><V26/><F38/><W125/><G125/><T102/><D14/><U67/><E8/><V16/><F29/><W27/><G9/><T98/><D98/><U77/><E77/><V60/><F60/><W34/><G34/><T36/><D36/><U41/><E21/><N who="2" m="13479" /><F26/><N who="3" m="9771" /><G58/><T57/><D57/><U0/><E105/><V10/><F87/><W117/><G117/><T69/><D69/><U49/><E106/><V64/><F64/><W7/><G7/><T18/><D5/><U1/><E61/><V42/><F10/><W31/><G31/><T66/><D102/><U97/><E97/><N who="2" m="59567" /><F6/><W100/><G100/><T2/><D2/><U37/><E39/><V131/><F53/><AGARI ba="0,0" hai="11,12,18,48,53,59,65,66,90,95,96" m="29225" machi="53" ten="30,1500,0" yaku="8,1" doraHai="124" who="0" fromWho="2" sc="289,15,283,0,245,-15,183,0" owari="304,41.0,283,8.0,230,-17.0,183,-32.0" /></mjloggm>