<mjloggm ver="2.3"><GO type="169" lobby="0"/><UN n0="%EF%BC%88%2A%C2%B4%E3%83%BC%EF%BD%80%2A%EF%BC%89" n1="%51%42%E3%82%A2%E3%82%A4%E3%83%AA" n2="%E3%82%80%E3%83%BC%E3%82%80" n3="%E3%82%A6%E3%83%AB%E3%83%88%E3%83%A9%E7%AB%8B%E7%9B%B4" dan="16,16,16,16" rate="2113.68,2082.85,2023.60,2049.03" sx="F,F,M,M"/><TAIKYOKU oya="0"/><INIT seed="0,0,0,2,3,112" ten="250,250,250,250" oya="0" hai0="71,2,18,118,29,30,55,25,94,115,113,53,3" hai1="31,101,121,0,37,98,17,54,39,46,120,13,114" hai2="117,89,90,81,22,127,36,43,124,47,128,86,35" hai3="88,103,91,75,51,4,6,57,78,93,134,109,69"/><T129/><D71/><U59/><E0/><V1/><F35/><W28/><G69/><T58/><D129/><U131/><E131/><V12/><F1/><W15/><G103/><T96/><D18/><U126/><E114/><V135/><F128/><W106/><G106/><T99/><D94/><U73/><E73/><V107/><F107/><W7/><G78/><T79/><D58/><U110/><E31/><V32/><F32/><W104/><G75/><T40/><D25/><U125/><E98/><V66/><F135/><W62/><G28/><T10/><D10/><U64/><E101/><V44/><F66/><W82/><G104/><T9/><D9/><U108/><E13/><V122/><F122/><W45/><G134/><T33/><D33/><U60/><E17/><N who="2" m="10535" /><F47/><W11/><G109/><N who="1" m="42090" /><E121/><V116/><F90/><W24/><G24/><T133/><D133/><U14/><E120/><V20/><F20/><W27/><G27/><T50/><D79/><U52/><E14/><V63/><F63/><W87/><G91/><T74/><D74/><U100/><E100/><V38/><F38/><N who="1" m="14345" /><E64/><V132/><F132/><W77/><G77/><T16/><D3/><U67/><E67/><V42/><F42/><N who="3" m="25015" /><G93/><T83/><D2/><U105/><E105/><V61/><F61/><W97/><G97/><T111/><D99/><U68/><E68/><V92/><F92/><W41/><G41/><T34/><D96/><U21/><E21/><V5/><F5/><W56/><G62/><T76/><D111/><U72/><E72/><V49/><F36/><W84/><G84/><T23/><D113/><RYUUKYOKU ba="0,0" sc="250,-30,250,10,250,10,250,10" hai1="46,52,54,59,60,125,126" hai2="43,44,49,81,86,89,116,117,124,127" hai3="4,6,7,11,15,56,57,82,87,88" /><INIT seed="1,1,0,0,0,50" ten="220,260,260,260" oya="1" hai0="133,80,97,125,47,25,104,18,91,78,33,37,89" hai1="17,102,52,61,134,67,93,109,41,4,117,48,108" hai2="24,106,82,99,66,54,59,32,84,90,10,65,124" hai3="44,49,72,6,88,126,116,58,64,45,76,83,42"/><U29/><E134/><V53/><F124/><W127/><G116/><T39/><D125/><N who="3" m="47625" /><G6/><T103/><D133/><U26/><E41/><V2/><F106/><W16/><G64/><N who="2" m="24681" /><F2/><W114/><G114/><T28/><D39/><U9/><E17/><V38/><F32/><W62/><G62/><T69/><D69/><U119/><E102/><V19/><F38/><W79/><G58/><T87/><D37/><U118/><E93/><N who="2" m="56759" /><F59/><W60/><G60/><T5/><D5/><U105/><E105/><V75/><F75/><W20/><G45/><T112/><D112/><U95/><E61/><V21/><F10/><W131/><G131/><T27/><D47/><N who="1" m="27679" /><E67/><V123/><F123/><W101/><G101/><T55/><D18/><U121/><E121/><V86/><F86/><N who="3" m="50271" /><G72/><T31/><REACH who="0" step="1"/><D55/><REACH who="0" ten="210,260,260,260" step="2"/><U40/><E119/><V30/><F30/><W22/><G22/><AGARI ba="1,1" hai="22,25,27,28,31,33,78,80,87,89,91,97,103,104" machi="22" ten="30,3900,0" yaku="1,1,2,1,7,1,53,0" doraHai="50" doraHaiUra="130" who="0" fromWho="3" sc="210,52,260,0,260,0,260,-42" /><INIT seed="2,0,0,2,2,49" ten="262,260,260,218" oya="2" hai0="99,134,107,97,36,68,110,27,111,124,56,14,106" hai1="76,108,129,109,43,112,80,18,26,70,6,133,128" hai2="101,60,20,119,72,86,113,93,66,132,30,5,57" hai3="42,74,31,38,39,120,92,41,21,91,10,32,131"/><V84/><F119/><W63/><G32/><T17/><D68/><U33/><E112/><V127/><F72/><W48/><G74/><T103/><D36/><U1/><E43/><V90/><F113/><W28/><G120/><T130/><D27/><U37/><E37/><V61/><F132/><W7/><G131/><N who="1" m="50250" /><E70/><V53/><F127/><W114/><G114/><T78/><D124/><U52/><E133/><V19/><F5/><W46/><G41/><T2/><D130/><U24/><E1/><V118/><F118/><W29/><G21/><T104/><D2/><U82/><E6/><V64/><F30/><W12/><REACH who="3" step="1"/><G63/><REACH who="3" ten="262,260,260,208" step="2"/><T71/><D134/><U123/><E123/><V126/><F126/><W105/><G105/><T55/><D106/><U35/><E35/><V81/><F61/><W3/><G3/><T135/><D104/><U115/><E33/><V23/><F23/><W77/><G77/><T8/><D78/><U25/><E76/><N who="2" m="46119" /><F101/><W62/><G62/><N who="0" m="36127" /><D135/><U34/><E34/><V87/><F87/><AGARI ba="0,1" hai="7,10,12,28,29,31,38,39,42,46,48,87,91,92" machi="87" ten="40,2600,0" yaku="1,1,53,1" doraHai="49" doraHaiUra="40" who="3" fromWho="2" sc="262,0,260,0,260,-26,208,36" /><INIT seed="3,0,0,5,0,100" ten="262,260,234,244" oya="3" hai0="63,119,54,72,7,36,25,20,90,132,120,112,68" hai1="22,42,29,60,4,76,53,14,48,117,101,94,40" hai2="23,52,2,85,133,51,124,26,115,69,0,41,104" hai3="37,122,8,75,105,113,24,71,126,108,129,102,64"/><W95/><RYUUKYOKU type="yao9" ba="0,0" sc="262,0,260,0,234,0,244,0" hai3="8,24,37,64,71,75,95,102,105,108,113,122,126,129" /><INIT seed="3,1,0,5,3,43" ten="262,260,234,244" oya="3" hai0="39,132,33,3,112,86,109,45,65,94,32,80,126" hai1="125,131,17,104,77,1,83,21,49,113,97,115,31" hai2="4,130,58,90,84,111,87,99,107,62,119,46,36" hai3="54,56,19,12,37,108,5,57,135,60,47,70,103"/><W78/><G70/><T110/><D3/><U25/><E1/><V64/><F119/><W120/><G120/><T85/><D126/><U75/><E125/><V91/><F130/><W6/><G135/><T98/><D132/><U92/><E131/><V42/><F111/><N who="0" m="42506" /><D65/><U96/><E96/><V8/><F107/><W123/><G123/><T81/><D112/><U89/><E31/><V41/><F99/><W71/><G71/><T100/><D85/><U0/><E0/><V73/><F73/><W50/><G108/><T29/><D29/><U88/><E89/><V20/><F20/><W51/><G103/><T127/><D127/><U118/><E118/><V117/><F117/><W129/><G78/><N who="0" m="46359" /><D81/><U69/><E69/><V7/><F87/><W52/><G129/><T93/><D93/><U15/><E104/><V101/><F101/><W128/><G37/><T26/><D26/><U76/><E25/><V55/><F91/><W18/><G128/><T16/><D16/><N who="3" m="6185" /><G12/><T68/><D68/><U13/><E13/><V74/><F74/><W10/><G10/><T22/><D22/><U27/><E15/><V53/><F8/><W134/><G134/><T11/><D11/><U122/><E122/><V40/><F7/><W95/><G95/><T114/><D114/><U106/><E106/><V35/><F4/><W105/><G105/><T38/><D38/><U34/><E115/><V24/><F36/><W124/><G124/><T116/><D116/><U44/><E113/><V2/><F2/><W30/><G30/><T48/><D39/><U133/><E133/><V61/><F24/><RYUUKYOKU ba="1,0" sc="262,15,260,-15,234,-15,244,15" hai0="32,33,45,48,94,98,100" hai3="5,6,47,50,51,52,54,56,57,60" /><INIT seed="3,2,0,2,2,77" ten="277,245,219,259" oya="3" hai0="10,54,95,29,117,8,14,4,87,63,40,133,105" hai1="126,32,45,110,75,21,102,91,88,96,107,79,74" hai2="23,76,106,22,104,5,25,122,53,134,65,115,35" hai3="89,0,7,61,6,132,69,3,86,26,114,48,97"/><W28/><G114/><T99/><D105/><U120/><E32/><V13/><F115/><W81/><G132/><T64/><D133/><U118/><E120/><V2/><F122/><W47/><G3/><T90/><D54/><U85/><E45/><V38/><F38/><W113/><G113/><T11/><D40/><U1/><E1/><V66/><F2/><W44/><G44/><T100/><D29/><U135/><E135/><V83/><F134/><W56/><G69/><T127/><D127/><U55/><E126/><V93/><F35/><W57/><G97/><T84/><D84/><U42/><E42/><V49/><F93/><W70/><G70/><T9/><D117/><U73/><E21/><V31/><F106/><W111/><G111/><T20/><D20/><U72/><E55/><V46/><F104/><W121/><G121/><T129/><D129/><U108/><E118/><V43/><F53/><N who="3" m="29855" /><G0/><T17/><D4/><N who="3" m="1577" /><G61/><T130/><D130/><U109/><N who="1" m="18944" /><DORA hai="101" /><U37/><E37/><V94/><F23/><AGARI ba="2,0" hai="23,26,28,56,57,81,86,89" m="1577,29855" machi="23" ten="30,2900,0" yaku="8,1,52,1" doraHai="77,101" who="3" fromWho="2" sc="277,0,245,0,219,-35,259,35" /><INIT seed="3,3,0,4,0,68" ten="277,245,184,294" oya="3" hai0="12,81,128,92,17,118,70,133,53,26,94,22,88" hai1="110,60,35,38,123,132,78,129,104,25,76,16,40" hai2="1,42,3,50,6,29,49,102,117,46,58,91,59" hai3="109,5,130,101,64,108,97,80,131,36,41,73,74"/><W8/><G64/><T125/><D118/><U77/><E104/><V20/><F117/><W120/><G120/><T10/><D125/><U85/><E123/><V72/><F72/><W127/><G127/><T90/><D128/><N who="3" m="49193" /><G80/><T51/><D70/><U27/><E129/><V30/><F102/><W135/><G135/><T93/><D81/><U34/><E132/><V11/><F1/><W100/><G100/><T86/><D90/><U105/><E105/><V57/><F20/><W33/><G33/><T7/><REACH who="0" step="1"/><D133/><REACH who="0" ten="267,245,184,294" step="2"/><U126/><E126/><V98/><REACH who="2" step="1"/><F49/><REACH who="2" ten="267,245,174,294" step="2"/><W114/><G114/><T124/><D124/><U55/><E35/><V67/><F67/><W119/><G119/><T37/><D37/><U54/><E38/><V99/><F99/><W121/><G121/><T28/><D28/><U66/><E34/><V116/><F116/><W19/><G36/><T79/><D79/><U71/><E76/><V9/><F9/><W0/><G97/><T75/><D75/><U106/><E77/><V32/><F32/><W134/><G74/><T96/><D96/><U23/><E78/><V65/><F65/><W122/><G73/><T84/><D84/><U47/><E85/><V69/><F69/><W82/><G122/><T52/><D52/><U45/><E55/><V95/><AGARI ba="3,2" hai="3,6,11,29,30,42,46,50,57,58,59,91,95,98" machi="95" ten="30,2000,0" yaku="1,1,0,1,53,0" doraHai="68" doraHaiUra="21" who="2" fromWho="2" sc="267,-8,245,-8,174,49,294,-13" /><INIT seed="4,0,0,3,2,57" ten="259,237,223,281" oya="0" hai0="53,97,9,91,64,120,80,87,11,68,41,28,128" hai1="24,56,92,75,20,49,66,132,5,14,1,78,90" hai2="123,67,19,16,46,51,89,129,88,17,12,40,104" hai3="15,63,22,10,117,93,45,4,18,86,99,34,113"/><T79/><D120/><U50/><E1/><V121/><F104/><W33/><G117/><T130/><D28/><U29/><E75/><V73/><F73/><W42/><G86/><N who="0" m="48415" /><D97/><U39/><E78/><V70/><F129/><N who="0" m="49770" /><D41/><U127/><E39/><V82/><F12/><W35/><G113/><T48/><D64/><U0/><E0/><V114/><F114/><W105/><G105/><T111/><D68/><U60/><E132/><V81/><F121/><W3/><G99/><T44/><D111/><U77/><E29/><V124/><F124/><W110/><G93/><AGARI ba="0,0" hai="9,11,44,48,53,87,91,93" m="49770,48415" machi="93" ten="30,1500,0" yaku="19,1" doraHai="57" who="0" fromWho="3" sc="259,15,237,0,223,0,281,-15" /><INIT seed="4,1,0,4,4,102" ten="274,237,223,266" oya="0" hai0="93,28,122,79,23,64,52,45,77,9,42,37,51" hai1="35,127,46,126,73,63,19,106,67,119,18,134,71" hai2="8,14,65,13,22,123,10,57,121,7,58,109,5" hai3="56,72,83,59,113,2,100,24,12,76,96,49,43"/><T6/><D122/><U135/><E73/><V97/><F109/><W108/><G2/><T111/><D111/><U26/><E119/><V15/><F97/><W110/><G113/><T91/><D64/><U41/><E18/><N who="2" m="10591" /><F65/><W120/><G120/><N who="2" m="46153" /><F58/><W104/><G56/><T124/><D124/><N who="1" m="47659" /><E106/><V31/><F57/><W78/><G78/><T128/><D128/><U81/><E81/><V131/><F31/><W54/><G43/><T25/><D42/><U130/><E130/><AGARI ba="1,0" hai="5,7,8,10,13,14,130,131" m="46153,10591" machi="130" ten="30,2000,0" yaku="34,2" doraHai="102" who="2" fromWho="1" sc="274,0,237,-23,223,23,266,0" /><INIT seed="5,0,0,0,1,74" ten="274,214,246,266" oya="1" hai0="51,105,53,5,37,49,95,109,54,56,31,7,59" hai1="12,14,13,32,17,34,73,62,36,40,27,132,84" hai2="91,82,6,57,107,24,44,104,20,72,88,124,55" hai3="65,100,93,86,90,98,42,96,111,39,50,85,71"/><U120/><E73/><V69/><F69/><W23/><G39/><T130/><D37/><U83/><E120/><V129/><F6/><W18/><G65/><T114/><D105/><U15/><E132/><V80/><F124/><W43/><G71/><T134/><D134/><U8/><E62/><V117/><F129/><W2/><G2/><T89/><D109/><U1/><E40/><V127/><F127/><W133/><G133/><T131/><D31/><U68/><E68/><V25/><F117/><W97/><G111/><T16/><D114/><U113/><E113/><V81/><F44/><N who="3" m="25879" /><G43/><T76/><D16/><U106/><E106/><V0/><F0/><W46/><G46/><T11/><D11/><U61/><E61/><N who="2" m="36031" /><F72/><W87/><G100/><T108/><D108/><U110/><E110/><V19/><F107/><W128/><G128/><T9/><D9/><U29/><E36/><V38/><F104/><W75/><G75/><T102/><D102/><U41/><E41/><V66/><F66/><W125/><G125/><T122/><D122/><U52/><E1/><V4/><F4/><N who="0" m="1610" /><D131/><U126/><E126/><V79/><F38/><W10/><G10/><T103/><D103/><U58/><E34/><V26/><F79/><W135/><G135/><T119/><D130/><U22/><E32/><V35/><F35/><W115/><G115/><T30/><D119/><U67/><E67/><V123/><F123/><W47/><G47/><T92/><D76/><N who="1" m="46183" /><E58/><V112/><F112/><W48/><G48/><T77/><D56/><U70/><E70/><V121/><F121/><W21/><G21/><RYUUKYOKU ba="0,0" sc="274,-30,214,10,246,10,266,10" hai1="8,12,13,14,15,17,22,27,29,52" hai2="19,20,24,25,26,80,81,82,88,91" hai3="18,23,85,86,87,90,93,96,97,98" /><INIT seed="5,1,0,2,1,97" ten="244,224,256,276" oya="1" hai0="132,79,113,50,7,56,12,51,20,30,86,4,111" hai1="122,91,133,15,135,6,89,98,10,129,126,38,100" hai2="77,115,108,25,66,127,2,16,70,92,102,22,112" hai3="68,87,46,104,80,33,31,134,88,105,118,62,48"/><U131/><E38/><V57/><F70/><W67/><G118/><T29/><D111/><U0/><E122/><V99/><F108/><W106/><G134/><N who="1" m="51210" /><E0/><V128/><F128/><N who="1" m="49225" /><E126/><V27/><F127/><W42/><G31/><T28/><D132/><U26/><E26/><N who="2" m="14663" /><F2/><W17/><REACH who="3" step="1"/><G17/><REACH who="3" ten="244,224,256,266" step="2"/><N who="0" m="10279" /><D29/><U75/><E75/><V21/><F115/><W117/><G117/><T9/><D113/><U110/><E110/><V101/><F112/><W69/><G69/><T71/><D71/><U14/><E14/><V76/><F25/><W55/><G55/><N who="0" m="31863" /><D28/><U34/><E34/><AGARI ba="1,1" hai="33,34,42,46,48,62,67,68,80,87,88,104,105,106" machi="34" ten="40,5200,0" yaku="1,1,54,1,53,1" doraHai="97" doraHaiUra="65" who="3" fromWho="1" sc="244,0,224,-55,256,0,266,65" /><INIT seed="6,0,0,2,5,18" ten="244,169,256,331" oya="2" hai0="3,22,60,82,35,20,12,15,76,104,47,89,125" hai1="16,127,123,115,59,88,13,49,109,39,19,128,2" hai2="103,10,36,53,25,21,64,107,32,78,55,83,120" hai3="0,73,38,110,94,102,92,52,118,6,91,1,31"/><V34/><F120/><W133/><G73/><T33/><D3/><U74/><E2/><V85/><F36/><W132/><G38/><T134/><D104/><U67/><E74/><V62/><F10/><W44/><G6/><T70/><D47/><U48/><E39/><V40/><F40/><W97/><G31/><T90/><D60/><N who="1" m="38303" /><E109/><V108/><F108/><W116/><G110/><T26/><D70/><U130/><E123/><V112/><F112/><W95/><G95/><T61/><D61/><U29/><E29/><V111/><F111/><W46/><G46/><T98/><D125/><U93/><E127/><V121/><F121/><W57/><G44/><T72/><D134/><N who="3" m="51817" /><G0/><T4/><D33/><U79/><E19/><V119/><F119/><W7/><G7/><T45/><D45/><U84/><E79/><V43/><F43/><W114/><G1/><T69/><D35/><U30/><E30/><V87/><F34/><W124/><G114/><T14/><D69/><U58/><E115/><V65/><F32/><W96/><G124/><T11/><D4/><U9/><E58/><V23/><F107/><W131/><G131/><AGARI ba="0,0" hai="9,13,16,48,49,84,88,93,128,130,131" m="38303" machi="131" ten="30,3900,0" yaku="19,1,54,2" doraHai="18" who="1" fromWho="3" sc="244,0,169,39,256,0,331,-39" /><INIT seed="7,0,0,0,1,106" ten="244,208,256,292" oya="3" hai0="1,27,101,118,46,88,9,42,3,90,131,4,50" hai1="20,39,17,117,36,105,83,78,13,58,130,77,91" hai2="0,30,54,40,29,127,28,110,82,51,97,94,96" hai3="81,59,125,15,25,24,35,41,64,48,70,38,76"/><W116/><G116/><T55/><D118/><U8/><E105/><V128/><F110/><W104/><G104/><T34/><D131/><U14/><E130/><V85/><F128/><W92/><G35/><T111/><D101/><U100/><E100/><V56/><F127/><W43/><G70/><T52/><D3/><U93/><E117/><V112/><F112/><W62/><G38/><T37/><D111/><U84/><E78/><V2/><F40/><N who="3" m="15435" /><G48/><T87/><D37/><U109/><E109/><V108/><F108/><W22/><G92/><T107/><D107/><U16/><REACH who="1" step="1"/><E58/><REACH who="1" ten="244,198,256,292" step="2"/><V67/><F56/><W12/><G125/><T75/><D90/><U132/><E132/><V7/><F0/><W95/><G95/><T89/><D89/><U123/><E123/><V33/><F2/><W99/><G76/><T6/><D1/><U73/><AGARI ba="0,1" hai="8,13,14,16,17,20,36,39,73,77,83,84,91,93" machi="73" ten="20,8000,1" yaku="1,1,0,1,7,1,52,1,54,1,53,0" doraHai="106" doraHaiUra="122" who="1" fromWho="1" sc="244,-20,198,90,256,-20,292,-40" /><INIT seed="8,0,0,3,1,47" ten="224,288,236,252" oya="0" hai0="29,133,37,11,20,119,43,24,86,66,56,28,114" hai1="40,131,34,87,75,46,90,109,78,71,118,68,22" hai2="16,50,92,60,63,89,14,35,111,52,122,51,103" hai3="74,83,77,79,5,45,72,121,134,69,130,91,120"/><T64/><D114/><U27/><E109/><V36/><F36/><W125/><G69/><T49/><D119/><U31/><E118/><V10/><F122/><N who="3" m="47211" /><G5/><T132/><D28/><U9/><E9/><V62/><F111/><W126/><G45/><N who="0" m="25791" /><D37/><U107/><E107/><V61/><F35/><W113/><G113/><T38/><D38/><U101/><E101/><V4/><F103/><W129/><G134/><N who="0" m="51819" /><D56/><U97/><E68/><V57/><F4/><W82/><G91/><T117/><D117/><U112/><E71/><V55/><F55/><W8/><G8/><T7/><D86/><AGARI ba="0,0" hai="10,14,16,50,51,52,57,60,61,62,63,86,89,92" machi="86" ten="40,8000,1" yaku="8,1,52,2,54,2" doraHai="47" who="2" fromWho="0" sc="224,-80,288,0,236,80,252,0" owari="144,-36.0,288,9.0,316,42.0,252,-15.0" /></mjloggm>