<mjloggm ver="2.3"><GO type="169" lobby="0"/><UN n0="%E3%82%A6%E3%83%AB%E3%83%88%E3%83%A9%E7%AB%8B%E7%9B%B4" n1="%E7%89%9B%E4%B8%BC%E5%A4%A7%E9%AD%94%E7%A5%9E" n2="%6D%69%6E%32%64%61%68%61" n3="%E9%81%8A%E8%B5%B0" dan="17,16,16,16" rate="2066.57,2079.98,2096.01,2129.02" sx="M,M,M,F"/><TAIKYOKU oya="0"/><INIT seed="0,0,0,5,5,96" ten="250,250,250,250" oya="0" hai0="30,56,50,42,33,113,22,70,13,86,37,76,108" hai1="2,57,52,32,107,40,68,82,19,69,55,123,61" hai2="62,1,66,14,60,117,44,114,26,21,99,93,97" hai3="63,11,17,134,80,98,128,45,71,100,112,23,47"/><T79/><D113/><U0/><E123/><V9/><F114/><W20/><G112/><T116/><D116/><U5/><E107/><V83/><F1/><W7/><G134/><T77/><D70/><U84/><E40/><V46/><F117/><W110/><G110/><T75/><D75/><U8/><E0/><V35/><F35/><W74/><G128/><T105/><D108/><U85/><E32/><V118/><F83/><W41/><G74/><T130/><D130/><U48/><E19/><V39/><F99/><W103/><G80/><T92/><D105/><U36/><E36/><V120/><F39/><W15/><G98/><T16/><D30/><U132/><E132/><V90/><F120/><W51/><G47/><N who="2" m="17961" /><F66/><W25/><REACH who="3" step="1"/><G23/><REACH who="3" ten="250,250,250,240" step="2"/><T6/><D33/><U121/><E121/><V49/><F118/><W87/><G87/><T127/><D127/><U111/><E111/><V27/><F97/><W29/><G29/><T126/><D126/><U12/><E85/><V43/><F21/><W101/><G101/><T124/><D124/><U109/><E109/><V18/><F43/><W28/><G28/><T125/><D125/><U24/><E84/><V115/><F115/><W122/><G122/><T38/><D42/><U129/><E82/><V94/><F94/><W54/><G54/><N who="0" m="31831" /><D92/><U65/><E129/><V31/><F93/><W67/><AGARI ba="0,1" hai="7,11,15,17,20,25,41,45,51,63,67,71,100,103" machi="67" ten="30,7900,0" yaku="1,1,0,1,52,2,53,0" doraHai="96" doraHaiUra="88" who="3" fromWho="3" sc="250,-39,250,-20,250,-20,240,89" /><INIT seed="1,0,0,1,1,70" ten="211,230,230,329" oya="1" hai0="3,98,101,47,108,133,8,86,100,56,57,40,12" hai1="59,110,111,14,0,135,67,4,48,53,31,115,43" hai2="80,16,87,117,91,21,75,92,54,77,27,33,52" hai3="5,28,124,64,72,37,46,17,50,13,118,125,99"/><U113/><E135/><V96/><F117/><W38/><G72/><T121/><D3/><U81/><E0/><V30/><REACH who="2" step="1"/><F75/><REACH who="2" ten="211,230,220,329" step="2"/><W35/><G118/><T84/><D133/><U112/><E31/><V114/><F114/><W15/><G28/><T88/><D121/><U42/><E67/><V116/><F116/><W44/><G64/><T20/><D108/><N who="1" m="41515" /><E81/><V55/><F55/><W69/><G69/><T82/><D86/><U105/><E105/><V6/><F6/><W34/><G5/><T134/><D134/><U109/><E109/><V71/><F71/><W120/><G120/><T19/><D98/><U10/><AGARI ba="0,1" hai="4,10,14,42,43,48,53,59,112,113,115" m="41515" machi="10" ten="40,3900,0" yaku="14,1,10,1" doraHai="70" who="1" fromWho="1" sc="211,-13,230,49,220,-13,329,-13" /><INIT seed="1,1,0,5,2,103" ten="198,279,207,316" oya="1" hai0="37,84,106,123,76,130,105,108,50,91,45,107,134" hai1="98,80,23,83,41,61,82,17,92,71,1,88,90" hai2="97,44,125,2,66,120,0,99,56,53,8,12,95" hai3="116,21,38,3,131,111,127,126,65,109,128,132,27"/><U6/><E41/><V87/><F120/><W52/><G38/><T46/><D123/><U19/><E1/><V110/><F110/><N who="3" m="41995" /><G65/><T29/><D108/><U102/><E6/><V31/><F125/><N who="3" m="47627" /><G116/><T18/><D130/><N who="3" m="49705" /><G3/><T34/><D134/><U51/><E51/><V32/><F66/><W35/><G132/><T89/><D37/><U124/><E124/><V81/><F2/><W25/><G35/><T96/><D34/><U60/><E71/><V114/><F32/><W9/><G9/><T119/><D119/><U135/><E135/><V69/><F8/><W4/><G4/><T74/><D74/><U5/><E5/><V43/><F0/><W86/><G86/><T11/><D29/><U72/><E72/><V70/><F31/><W85/><G85/><T133/><D133/><U118/><E118/><V14/><F87/><W13/><G52/><T47/><D50/><U68/><E68/><V15/><F70/><W64/><G64/><T28/><D28/><U10/><E10/><V33/><F53/><W79/><G79/><T7/><D18/><AGARI ba="1,0" hai="13,18,21,25,27" m="49705,47627,41995" machi="18" ten="40,8000,1" yaku="14,1,18,1,19,1,34,2" doraHai="103" who="3" fromWho="0" sc="198,-83,279,0,207,0,316,83" /><INIT seed="2,0,0,2,1,94" ten="115,279,207,399" oya="2" hai0="100,27,0,55,84,127,69,41,64,109,96,75,42" hai1="90,70,51,2,67,118,117,43,119,106,5,130,34" hai2="48,78,71,14,83,12,76,113,32,102,108,73,116" hai3="77,49,131,20,18,87,89,85,92,58,129,74,104"/><V23/><F113/><W54/><G104/><T50/><D75/><U17/><E130/><N who="3" m="49674" /><G74/><T128/><D0/><U65/><E106/><V59/><F116/><W38/><G38/><T79/><D128/><U13/><E34/><V62/><F32/><W112/><G112/><T60/><D127/><U53/><E43/><V44/><F71/><W98/><G77/><T123/><D109/><U25/><E2/><V19/><F108/><W125/><G125/><T57/><D123/><U107/><E107/><V39/><F39/><W1/><G1/><T36/><D84/><U105/><E105/><V103/><F78/><W121/><G121/><T88/><D79/><U22/><E90/><V122/><F122/><W10/><G10/><T111/><D111/><U9/><REACH who="1" step="1"/><E70/><REACH who="1" ten="115,269,207,399" step="2"/><V6/><F76/><W93/><G93/><T97/><D36/><U30/><E30/><V29/><F73/><W26/><AGARI ba="0,1" hai="18,20,26,49,54,58,85,87,89,92,98" m="49674" machi="26" ten="30,2000,0" yaku="19,1,52,1" doraHai="94" who="3" fromWho="3" sc="115,-5,269,-5,207,-10,399,30" /><INIT seed="3,0,0,3,0,88" ten="110,264,197,429" oya="3" hai0="135,124,67,103,24,35,74,130,107,27,60,126,45" hai1="0,54,62,105,95,91,33,80,83,84,2,110,17" hai2="109,131,102,108,134,57,73,21,118,129,3,30,78" hai3="61,63,123,34,119,4,117,9,23,44,1,75,29"/><W14/><G123/><T96/><D74/><U19/><E105/><V79/><F3/><W90/><G75/><T77/><D77/><N who="2" m="29194" /><F73/><W99/><G44/><T18/><D130/><N who="2" m="49674" /><F118/><W20/><G99/><T39/><D135/><U133/><E33/><V36/><F36/><W15/><G90/><T32/><D18/><U46/><E0/><V81/><F134/><W125/><G63/><T122/><D122/><U49/><E2/><V120/><F120/><W28/><G61/><T128/><D128/><U115/><E115/><V101/><F57/><W31/><G34/><T98/><D98/><U10/><E110/><V7/><F7/><W69/><G69/><T104/><D104/><U93/><E83/><V94/><F21/><N who="3" m="8267" /><G125/><T76/><D76/><U72/><E72/><V43/><F81/><W71/><G71/><T53/><D53/><U66/><E133/><V42/><F94/><W55/><G55/><T116/><D116/><AGARI ba="0,0" hai="1,4,9,14,15,28,29,31,116,117,119" m="8267" machi="116" ten="30,2900,0" yaku="34,2" doraHai="88" who="3" fromWho="0" sc="110,-29,264,0,197,0,429,29" /><INIT seed="3,1,0,0,3,112" ten="81,264,197,458" oya="3" hai0="43,41,26,3,51,32,107,69,125,106,86,85,8" hai1="53,65,115,13,30,90,74,34,10,130,20,64,77" hai2="62,84,2,40,63,96,67,21,47,120,11,39,18" hai3="133,25,131,88,14,92,114,98,117,94,50,52,105"/><W97/><G117/><T75/><D75/><U28/><E115/><V56/><F120/><W19/><G114/><T82/><D69/><U128/><E34/><V124/><F124/><W73/><G105/><T61/><D125/><U102/><E102/><V110/><F110/><W59/><G133/><T72/><D61/><U33/><E33/><V108/><F108/><W135/><G135/><T121/><D121/><U38/><E38/><V99/><F84/><W80/><G131/><T17/><D72/><U101/><E101/><V24/><F2/><W123/><G123/><T35/><D85/><U5/><E53/><V66/><REACH who="2" step="1"/><F11/><REACH who="2" ten="81,264,187,458" step="2"/><W58/><G73/><T29/><D3/><U87/><E74/><V60/><F60/><W113/><G113/><T9/><D8/><U57/><E87/><V70/><AGARI ba="1,1" hai="18,21,24,39,40,47,56,62,63,66,67,70,96,99" machi="70" ten="20,5200,0" yaku="1,1,0,1,7,1,53,1" doraHai="112" doraHaiUra="15" who="2" fromWho="2" sc="81,-14,264,-14,187,65,458,-27" /><INIT seed="4,0,0,3,5,111" ten="67,250,252,431" oya="0" hai0="85,130,56,53,3,84,71,16,66,42,100,116,124" hai1="81,104,117,6,77,63,67,112,21,33,82,55,72" hai2="2,61,109,90,80,70,74,99,45,57,11,38,15" hai3="65,20,103,43,28,122,17,129,34,121,18,105,25"/><T75/><D116/><U40/><E33/><V123/><F109/><W62/><G129/><T69/><D75/><U92/><E104/><V127/><F70/><W7/><G43/><T36/><D3/><U96/><E117/><V135/><F123/><N who="3" m="47115" /><G7/><T98/><D71/><U46/><E81/><V0/><F11/><W64/><G64/><T106/><D124/><U102/><E6/><V37/><F57/><N who="3" m="37071" /><G34/><T83/><D130/><U114/><E21/><V88/><F2/><W107/><G103/><T23/><D66/><U4/><E4/><V48/><F0/><W19/><AGARI ba="0,0" hai="17,18,19,20,25,28,105,107" m="37071,47115" machi="19" ten="30,1100,0" yaku="13,1" doraHai="111" who="3" fromWho="3" sc="67,-5,250,-3,252,-3,431,11" /><INIT seed="5,0,0,3,4,22" ten="62,247,249,442" oya="1" hai0="96,106,15,112,77,19,58,52,57,20,3,8,118" hai1="27,43,75,72,6,130,65,28,61,29,131,33,102" hai2="81,38,62,100,23,123,50,41,24,97,66,99,109" hai3="70,71,4,116,90,127,95,59,79,13,16,45,54"/><U104/><E43/><V122/><F109/><W78/><G116/><T48/><D118/><U135/><E135/><V25/><F38/><W34/><G4/><T132/><D112/><U64/><E6/><V53/><F41/><W11/><G34/><T14/><D132/><U31/><E31/><V12/><F81/><W121/><G121/><T18/><D3/><U9/><E9/><V84/><F84/><W67/><G127/><T0/><D0/><U113/><E113/><V98/><F100/><W69/><G67/><T49/><D77/><U83/><E83/><V115/><F115/><W110/><G110/><T80/><D80/><U10/><E10/><V7/><F7/><W30/><G45/><T36/><D36/><U111/><E111/><V87/><F87/><W82/><G30/><T76/><D76/><U129/><E29/><N who="2" m="17567" /><F123/><W47/><G47/><T114/><D114/><U17/><E17/><V40/><F40/><W92/><G90/><T60/><D106/><U93/><E93/><V35/><F35/><W133/><G78/><T120/><D120/><U26/><E65/><V128/><F66/><W5/><G5/><T119/><D119/><U108/><E108/><V86/><F122/><W117/><G117/><T42/><D42/><U68/><E27/><V101/><F25/><W1/><G1/><T85/><D85/><U88/><E88/><V89/><F86/><N who="3" m="48479" /><G133/><T56/><REACH who="0" step="1"/><D96/><AGARI ba="0,0" hai="26,28,33,61,64,68,72,75,96,102,104,129,130,131" machi="96" ten="40,18000,2" yaku="25,2,19,1,23,2,52,1" doraHai="22" who="1" fromWho="0" sc="62,-180,247,180,249,0,442,0" owari="-118,-62.0,427,23.0,249,-15.0,442,54.0" /></mjloggm>