<mjloggm ver="2.3"><GO type="97" lobby="0"/><UN n0="%E3%82%A6%E3%83%AB%E3%83%88%E3%83%A9%E7%AB%8B%E7%9B%B4" n1="%E3%81%95%E3%82%80%E3%81%8A" n2="%43%53%32%35%32" n3="%74%61%6E%69%73%68%69%59" dan="15,16,13,13" rate="1983.89,2038.65,1832.67,1824.09" sx="M,M,M,M"/><TAIKYOKU oya="0"/><INIT seed="0,0,0,5,3,6" ten="250,250,250,250" oya="0" hai0="51,75,47,9,48,105,88,82,1,117,129,54,29" hai1="7,112,12,90,2,23,30,132,73,20,94,119,41" hai2="103,106,64,70,79,85,25,126,11,113,74,89,97" hai3="135,39,3,102,91,122,109,118,17,63,83,95,16"/><T104/><D129/><U58/><E73/><V35/><F113/><W84/><G39/><T93/><D117/><U121/><E119/><V128/><F126/><W127/><G109/><T86/><D29/><U33/><E121/><V78/><F128/><W53/><G135/><T46/><D75/><U111/><E41/><V114/><F114/><W28/><G122/><T131/><D131/><U60/><E112/><V21/><F35/><W96/><G3/><T100/><D100/><U107/><E107/><V124/><F124/><W50/><G127/><T62/><D62/><U5/><E2/><V45/><F45/><W15/><G28/><T123/><D123/><U27/><E111/><V81/><F78/><W66/><G15/><T44/><D93/><U101/><E132/><V110/><F110/><W26/><G26/><T134/><D134/><U76/><E76/><V59/><F59/><N who="3" m="37247" /><G118/><T77/><D77/><U31/><E33/><V68/><F11/><W115/><G115/><T125/><D125/><U0/><E0/><V116/><F64/><W108/><G108/><T65/><D65/><N who="1" m="39063" /><E101/><V56/><F56/><AGARI ba="0,0" hai="16,17,50,53,56,83,84,91,95,96,102" m="37247" machi="56" ten="30,2000,0" yaku="8,1,54,1" doraHai="6" who="3" fromWho="2" sc="250,0,250,0,250,-20,250,20" /><INIT seed="1,0,0,4,4,23" ten="250,250,230,270" oya="1" hai0="110,119,4,8,118,41,25,86,37,84,32,102,15" hai1="115,16,44,22,88,62,111,98,105,47,99,46,19" hai2="114,130,13,24,121,87,34,116,106,40,117,14,49" hai3="9,79,55,73,133,126,120,128,103,125,36,35,107"/><U29/><E115/><V50/><F106/><W7/><G35/><T108/><D102/><U52/><E105/><V64/><F121/><W6/><G120/><T69/><D69/><U45/><E111/><N who="0" m="42537" /><D86/><U80/><E29/><V124/><F114/><W101/><G36/><T5/><D84/><N who="1" m="50183" /><E19/><V100/><F130/><W65/><G133/><T81/><D81/><U39/><E39/><V38/><F124/><N who="3" m="47723" /><G65/><T51/><D51/><N who="1" m="28775" /><E62/><V75/><F38/><W68/><G107/><T95/><D41/><U20/><E20/><V94/><F34/><W43/><G68/><T61/><D37/><U132/><E132/><V83/><F75/><W30/><G43/><T59/><D61/><U76/><E76/><V48/><F40/><W72/><G30/><N who="0" m="19535" /><D59/><U92/><E92/><V10/><F94/><W58/><G79/><T66/><D95/><U70/><E70/><V85/><F117/><N who="0" m="44554" /><D66/><U77/><E77/><V56/><F64/><W129/><G7/><AGARI ba="0,0" hai="4,5,7,8,15" m="44554,19535,42537" machi="7" ten="30,7700,0" yaku="14,1,34,2,52,1" doraHai="23" who="0" fromWho="3" sc="250,77,250,0,230,0,270,-77" /><INIT seed="2,0,0,1,3,56" ten="327,250,230,193" oya="2" hai0="36,86,17,8,75,14,77,107,28,106,15,110,134" hai1="21,94,24,95,3,85,91,83,4,84,9,128,44" hai2="71,99,22,116,80,30,63,135,65,55,43,73,96" hai3="11,23,48,13,121,103,33,113,27,118,26,46,42"/><V82/><F116/><W67/><G103/><T31/><D75/><U39/><E128/><V2/><F135/><W122/><G118/><T51/><D36/><U59/><E39/><V130/><F2/><W18/><G113/><T45/><D134/><U89/><E44/><V47/><F130/><W74/><G74/><T41/><D110/><U120/><E120/><V123/><F123/><W5/><G67/><T126/><D106/><U97/><E59/><V1/><F1/><W10/><REACH who="3" step="1"/><G11/><REACH who="3" ten="327,250,230,183" step="2"/><T102/><D102/><U69/><E69/><V53/><F73/><W133/><G133/><T52/><D107/><U70/><E70/><V114/><F114/><W34/><G34/><T119/><D119/><U64/><E64/><V12/><F65/><W6/><G6/><T50/><D126/><U117/><E117/><V40/><F71/><W57/><G57/><T0/><D0/><U38/><E3/><V61/><F22/><W16/><G16/><T108/><D17/><U62/><E9/><V58/><F30/><AGARI ba="0,1" hai="5,10,13,18,23,26,27,30,33,42,46,48,121,122" machi="30" ten="40,1300,0" yaku="1,1,53,0" doraHai="56" doraHaiUra="81" who="3" fromWho="2" sc="327,0,250,0,230,-13,183,23" /><INIT seed="3,0,0,1,4,26" ten="327,250,217,206" oya="3" hai0="42,66,40,10,59,94,18,54,120,92,15,111,67" hai1="12,34,29,17,44,118,79,53,88,25,77,82,131" hai2="33,41,125,48,96,78,32,58,105,122,52,104,19" hai3="68,121,56,91,73,134,80,126,108,23,99,93,3"/><W60/><G3/><T43/><D111/><U128/><E118/><V115/><F125/><W83/><G134/><T103/><D120/><U98/><E44/><V84/><F115/><W85/><G108/><T63/><D103/><U127/><E127/><V11/><F122/><W86/><G68/><T50/><REACH who="0" step="1"/><D67/><REACH who="0" ten="317,250,217,206" step="2"/><U64/><E64/><V36/><F105/><W22/><G126/><T31/><D31/><U47/><E128/><V9/><F104/><W14/><G121/><T20/><D20/><U116/><E131/><V1/><F33/><W45/><G73/><T132/><D132/><U106/><E106/><V28/><F32/><W133/><G133/><T101/><D101/><U112/><E112/><V119/><F28/><W70/><G70/><AGARI ba="0,1" hai="10,15,18,40,42,43,50,54,59,63,66,70,92,94" machi="70" ten="40,1300,0" yaku="1,1,53,0" doraHai="26" doraHaiUra="76" who="0" fromWho="3" sc="317,23,250,0,217,0,206,-13" owari="340,44.0,250,5.0,217,-18.0,193,-31.0" /></mjloggm>