<mjloggm ver="2.3"><GO type="97" lobby="0"/><UN n0="%E9%BE%8D%E6%8B%B3" n1="%E3%82%A6%E3%83%AB%E3%83%88%E3%83%A9%E7%AB%8B%E7%9B%B4" n2="%34%39%36" n3="%31%38%36%37%33%36%35" dan="14,15,14,14" rate="1930.22,1963.40,1936.60,1917.24" sx="M,M,M,M"/><TAIKYOKU oya="0"/><INIT seed="0,0,0,0,1,95" ten="250,250,250,250" oya="0" hai0="117,58,65,97,62,118,107,68,86,15,51,28,88" hai1="12,127,113,59,79,83,49,132,109,56,130,94,133" hai2="3,24,14,30,19,103,21,46,39,93,63,120,20" hai3="73,33,108,119,57,101,52,36,122,53,123,98,104"/><T5/><D28/><U4/><E113/><V128/><F120/><N who="3" m="46123" /><G119/><T50/><D117/><U42/><E127/><V102/><F128/><W92/><G36/><T27/><D118/><U99/><E130/><V38/><F3/><W135/><G33/><T105/><D27/><U89/><E109/><V110/><F110/><W41/><G108/><T43/><D51/><U22/><E132/><V100/><F46/><W35/><G35/><T81/><D97/><U55/><E42/><V2/><F2/><W64/><G41/><T74/><D74/><U16/><E4/><V8/><F93/><W18/><G73/><T34/><D34/><U11/><E133/><V134/><F134/><W31/><G31/><T26/><D26/><U7/><E59/><V90/><F90/><W72/><G72/><T45/><REACH who="0" step="1"/><D68/><REACH who="0" ten="240,250,250,250" step="2"/><U124/><E124/><V32/><F39/><W61/><G135/><T116/><D116/><U85/><REACH who="1" step="1"/><E7/><REACH who="1" ten="240,240,250,250" step="2"/><V80/><F38/><W47/><G47/><T66/><D66/><U106/><E106/><V78/><REACH who="2" step="1"/><F63/><REACH who="2" ten="240,240,240,250" step="2"/><W75/><G61/><T84/><D84/><AGARI ba="0,3" hai="8,14,19,20,21,24,30,32,78,80,84,100,102,103" machi="84" ten="40,2600,0" yaku="1,1,2,1,53,0" doraHai="95" doraHaiUra="60" who="2" fromWho="0" sc="240,-26,240,0,240,56,250,0" /><INIT seed="1,0,0,2,1,123" ten="214,240,296,250" oya="1" hai0="24,61,113,65,25,97,129,87,133,103,16,104,45" hai1="1,115,73,42,51,63,107,19,86,54,37,27,114" hai2="9,131,70,52,6,60,98,81,85,59,92,62,127" hai3="64,21,28,41,76,102,4,100,5,84,116,31,0"/><U122/><E107/><V66/><F131/><W58/><G0/><T14/><D129/><U80/><E122/><V109/><F127/><W69/><G69/><T56/><D113/><U91/><E73/><V121/><F121/><W39/><G39/><T22/><D133/><U12/><E1/><V95/><F98/><W125/><G41/><T8/><D45/><U34/><E63/><V75/><F75/><W90/><G76/><T26/><REACH who="0" step="1"/><D87/><REACH who="0" ten="204,240,296,250" step="2"/><U94/><E115/><V50/><F109/><W47/><G84/><T83/><D83/><U79/><E114/><V111/><F111/><W74/><G47/><T77/><D77/><U48/><E79/><V112/><F112/><W38/><G74/><T32/><D32/><U44/><E80/><V30/><F85/><W67/><G125/><T72/><D72/><U2/><E37/><V17/><F81/><W128/><G128/><T71/><D71/><U108/><E108/><V101/><F70/><W119/><G119/><T20/><AGARI ba="0,1" hai="8,14,16,20,22,24,25,26,56,61,65,97,103,104" machi="20" ten="30,4000,0" yaku="1,1,0,1,54,1,53,0" doraHai="123" doraHaiUra="89" who="0" fromWho="0" sc="204,50,240,-20,296,-10,250,-10" /><INIT seed="2,0,0,2,1,61" ten="254,220,286,240" oya="2" hai0="110,7,69,127,100,64,132,36,88,12,70,56,126" hai1="40,119,105,135,29,130,58,54,93,114,103,63,131" hai2="102,76,121,3,23,96,80,78,92,65,28,87,17" hai3="106,90,1,60,5,84,99,35,37,4,9,67,109"/><V50/><F121/><W125/><G37/><T77/><D36/><U82/><E105/><V41/><F3/><W83/><G35/><T108/><D77/><U52/><E119/><V79/><F28/><W111/><G5/><T27/><D100/><U19/><E114/><V0/><F0/><W133/><G133/><T89/><D27/><U86/><E40/><V120/><F120/><W16/><G125/><N who="0" m="47627" /><D132/><U73/><E135/><V34/><F34/><W38/><G38/><T47/><D47/><U8/><E29/><V74/><F74/><W115/><G115/><T85/><D89/><U21/><E8/><V71/><F71/><W62/><G16/><T134/><D134/><U30/><E30/><V98/><F98/><W25/><G25/><T44/><D44/><U101/><E73/><V51/><F41/><W10/><G10/><N who="0" m="4191" /><D56/><U46/><E101/><V11/><F11/><W118/><G118/><T95/><D70/><U45/><E103/><V75/><F75/><W20/><G9/><T122/><D122/><U18/><E46/><V104/><F104/><W14/><G106/><T15/><D15/><U117/><E117/><V112/><F112/><W6/><G14/><T13/><D13/><U129/><E45/><V128/><F128/><W31/><G1/><T124/><N who="0" m="47635" /><T22/><DORA hai="113" /><D22/><U33/><E21/><V49/><F23/><W24/><G20/><T42/><D42/><U57/><E33/><V59/><F17/><W68/><G24/><T39/><D39/><U72/><E72/><V2/><F2/><W66/><G31/><T48/><D48/><RYUUKYOKU ba="0,0" sc="254,15,220,-15,286,15,240,-15" hai0="64,69,85,88,95,108,110" hai2="49,50,51,59,65,76,78,79,80,87,92,96,102" /><INIT seed="2,1,0,0,0,21" ten="269,205,301,225" oya="2" hai0="28,86,103,53,11,91,75,87,19,29,66,44,47" hai1="96,51,117,9,26,112,63,8,27,43,92,17,83" hai2="128,81,49,24,25,6,118,13,46,52,23,119,134" hai3="54,74,45,101,84,109,50,32,85,12,105,14,64"/><V82/><F134/><W18/><G74/><T93/><D75/><U20/><E117/><V33/><F128/><W94/><G105/><T39/><D103/><U7/><E112/><V120/><F120/><W3/><G3/><T37/><D66/><U107/><E107/><V0/><F119/><W88/><G32/><T62/><D39/><U58/><E83/><N who="2" m="31755" /><F33/><W108/><G64/><T71/><D71/><U90/><E7/><V10/><F0/><W110/><G101/><T125/><D125/><U76/><E76/><V97/><F118/><W57/><G45/><N who="0" m="17483" /><D86/><U95/><E51/><V55/><F23/><N who="3" m="11719" /><G14/><N who="0" m="7647" /><D37/><U34/><E43/><N who="2" m="24799" /><F97/><AGARI ba="1,0" hai="50,54,57,84,85,88,94,97,108,109,110" m="11719" machi="97" ten="30,2000,0" yaku="14,1,54,1" doraHai="21" who="3" fromWho="2" sc="269,0,205,0,301,-23,225,23" /><INIT seed="3,0,0,5,3,75" ten="269,205,278,248" oya="3" hai0="53,118,111,48,63,24,99,40,80,10,126,22,6" hai1="26,45,100,132,134,86,106,119,112,34,127,72,49" hai2="67,128,37,43,28,129,1,57,73,77,91,42,78" hai3="89,121,55,82,125,84,71,58,31,108,38,104,51"/><W109/><G121/><T18/><D111/><N who="3" m="42569" /><G71/><T25/><D118/><U29/><E72/><V70/><F73/><W94/><G38/><T47/><D126/><U15/><E112/><V69/><F1/><W33/><G104/><T14/><D99/><U56/><E127/><V36/><F28/><W110/><G125/><T65/><D80/><U90/><E119/><V11/><F11/><W66/><G66/><T98/><D98/><U107/><E56/><V113/><F113/><W16/><G110/><T74/><D74/><U95/><E100/><V76/><F91/><W79/><G31/><T59/><REACH who="0" step="1"/><D65/><REACH who="0" ten="259,205,278,248" step="2"/><U7/><E106/><V135/><F135/><W62/><G33/><T88/><D88/><U60/><E107/><V102/><F102/><W12/><G89/><T93/><D93/><U2/><E134/><V13/><F70/><W124/><G94/><T122/><D122/><U61/><E132/><V23/><F69/><W27/><G124/><T115/><D115/><U123/><E123/><V8/><F37/><W85/><G85/><T87/><D87/><U120/><E120/><V133/><F133/><W30/><G30/><T81/><D81/><U97/><E97/><V114/><F36/><W20/><G27/><AGARI ba="0,1" hai="6,10,14,18,22,24,25,27,40,47,48,53,59,63" machi="27" ten="30,3900,0" yaku="1,1,7,1,8,1,53,0" doraHai="75" doraHaiUra="68" who="0" fromWho="3" sc="259,49,205,0,278,0,248,-39" owari="308,40.0,205,-29.0,278,8.0,209,-19.0" /></mjloggm>