<mjloggm ver="2.3"><GO type="97" lobby="0"/><UN n0="%70%6F%73%74" n1="%6B%35%35%32%32%75" n2="%E3%83%97%E3%83%A9%E3%83%81%E3%83%8A%E3%83%A0" n3="%E3%82%A6%E3%83%AB%E3%83%88%E3%83%A9%E7%AB%8B%E7%9B%B4" dan="13,14,15,15" rate="1901.26,1865.29,1971.87,2024.40" sx="M,M,M,M"/><TAIKYOKU oya="0"/><INIT seed="0,0,0,1,0,18" ten="250,250,250,250" oya="0" hai0="3,59,74,102,70,49,92,112,114,126,54,78,64" hai1="34,89,39,16,24,52,116,4,98,69,50,121,17" hai2="103,26,132,128,97,62,113,86,0,81,36,41,1" hai3="20,108,29,47,23,110,51,111,33,131,88,105,109"/><T44/><D3/><U125/><E39/><V32/><F113/><W84/><G105/><T63/><D126/><U37/><E37/><V30/><F132/><W122/><G122/><T134/><D134/><U22/><E125/><V61/><F128/><W107/><G107/><T48/><D78/><U117/><E121/><V124/><F124/><W31/><G131/><T85/><D74/><U94/><E69/><V90/><F62/><W40/><G108/><T127/><D127/><U15/><E4/><V87/><F41/><W43/><G43/><T9/><D9/><U7/><E7/><V95/><F36/><W72/><G72/><T77/><D77/><U5/><E5/><V55/><F55/><W42/><G42/><N who="0" m="24599" /><D102/><U2/><E2/><V75/><F75/><W71/><G71/><T58/><D85/><U100/><E100/><V6/><F6/><W106/><G106/><T45/><D92/><U67/><E67/><V21/><F32/><W13/><G13/><T46/><D46/><U38/><E38/><V119/><F119/><W83/><G33/><T135/><D135/><U8/><E34/><V104/><REACH who="2" step="1"/><F61/><REACH who="2" ten="250,250,240,250" step="2"/><W101/><G101/><T35/><D35/><U57/><AGARI ba="0,1" hai="8,15,16,17,22,24,50,52,57,89,94,98,116,117" machi="57" ten="20,8000,1" yaku="0,1,7,1,52,1,54,2" doraHai="18" who="1" fromWho="1" sc="250,-40,250,90,240,-20,250,-20" /><INIT seed="1,0,0,4,2,135" ten="210,340,220,230" oya="1" hai0="78,110,83,96,126,93,128,67,59,4,77,70,75" hai1="0,120,62,125,13,98,107,63,14,32,84,88,118" hai2="49,7,22,123,94,131,108,106,6,104,34,82,18" hai3="61,53,55,64,100,27,134,87,132,26,38,46,71"/><U2/><E32/><V1/><F34/><W11/><G100/><T79/><D70/><U12/><E120/><V39/><F123/><W25/><G87/><T80/><D4/><U111/><E118/><V101/><F39/><W113/><G113/><T5/><D5/><U16/><E111/><V119/><F119/><W69/><G11/><T122/><D122/><U76/><E76/><N who="0" m="29289" /><D67/><U41/><E41/><V74/><F108/><W91/><G91/><N who="0" m="55359" /><D59/><U52/><E107/><V109/><F109/><W57/><G46/><T50/><D50/><U15/><E98/><V17/><F131/><W85/><G85/><T97/><D110/><U40/><E40/><V19/><F1/><W33/><G33/><T35/><D35/><U127/><E63/><V86/><F74/><W21/><G21/><T133/><D133/><N who="3" m="51305" /><G38/><T56/><D56/><N who="1" m="35079" /><E16/><N who="2" m="6251" /><F106/><W92/><G69/><T121/><D121/><U105/><N who="1" m="3584" /><DORA hai="36" /><U42/><E42/><V45/><F104/><W20/><G71/><T31/><D31/><U43/><E43/><N who="2" m="24767" /><F94/><W58/><G92/><T99/><D128/><U130/><E105/><V124/><F101/><W30/><G64/><T114/><D114/><U116/><E116/><V47/><F47/><W95/><G95/><T102/><D83/><N who="1" m="49183" /><E130/><V68/><F68/><W73/><G73/><T90/><D90/><U115/><E115/><V51/><F7/><W8/><G8/><T28/><D28/><U54/><E54/><V103/><F6/><W37/><G37/><T9/><D102/><U3/><E3/><V44/><F103/><W23/><G30/><T112/><D112/><RYUUKYOKU ba="0,0" sc="210,-15,340,15,220,-15,230,15" hai1="0,2,125,127" hai3="20,23,25,26,27,53,55,57,58,61" /><INIT seed="1,1,0,5,1,113" ten="195,355,205,245" oya="1" hai0="38,107,64,46,111,11,75,130,58,14,44,23,125" hai1="117,132,10,126,67,15,106,89,22,7,131,12,95" hai2="8,48,66,31,4,110,135,129,82,61,127,121,68" hai3="18,26,102,133,98,96,80,33,34,108,47,59,114"/><U123/><E106/><V97/><F121/><W77/><G114/><T57/><D130/><U35/><E131/><V16/><F129/><W52/><G108/><T30/><D111/><U92/><E35/><V115/><F135/><W74/><G133/><T25/><D125/><U103/><E132/><V17/><F110/><W0/><G0/><T13/><D107/><U49/><E126/><V119/><F119/><W87/><G74/><T73/><D13/><U62/><E117/><V39/><F127/><W21/><G47/><T36/><D36/><U70/><E123/><V83/><F39/><W24/><G24/><T104/><D104/><U50/><E103/><V40/><F115/><W45/><G45/><T81/><D81/><U27/><E15/><V63/><F31/><W43/><G43/><T65/><D75/><U72/><E72/><V41/><F97/><W79/><G79/><T60/><D38/><U100/><E100/><V42/><F48/><W19/><G19/><T37/><D37/><U109/><E109/><V78/><F63/><W101/><G101/><T51/><D73/><U76/><E76/><V94/><F94/><W120/><G120/><T128/><D128/><U88/><E95/><V134/><F134/><W29/><G29/><T54/><D65/><U91/><REACH who="1" step="1"/><E92/><REACH who="1" ten="195,345,205,245" step="2"/><V71/><F78/><W9/><G33/><T5/><AGARI ba="1,1" hai="5,11,14,23,25,30,44,46,51,54,57,58,60,64" machi="5" ten="20,2700,0" yaku="0,1,7,1,8,1" doraHai="113" who="0" fromWho="0" sc="195,40,345,-14,205,-8,245,-8" /><INIT seed="2,0,0,2,5,119" ten="235,331,197,237" oya="2" hai0="37,46,34,7,5,48,67,128,126,127,80,0,109" hai1="30,132,73,45,74,2,10,102,15,111,133,22,23" hai2="17,87,81,95,12,79,83,100,57,28,58,59,110" hai3="51,93,27,114,90,122,66,76,60,38,84,64,123"/><V20/><F110/><W62/><G38/><T97/><D109/><U6/><E111/><V52/><F28/><W75/><G114/><T8/><D128/><U130/><E130/><V44/><F100/><W11/><G76/><T89/><D34/><U70/><E70/><V24/><F95/><W96/><G75/><N who="1" m="28682" /><E2/><V14/><F83/><W86/><G51/><AGARI ba="0,0" hai="12,14,17,20,24,44,51,52,57,58,59,79,81,87" machi="51" ten="40,3900,0" yaku="8,1,54,1" doraHai="119" who="2" fromWho="3" sc="235,0,331,0,197,39,237,-39" /><INIT seed="2,1,0,5,3,37" ten="235,331,236,198" oya="2" hai0="32,29,126,78,118,127,24,122,45,86,95,57,38" hai1="62,89,1,91,104,74,21,56,114,2,117,55,34" hai2="30,76,5,22,112,72,40,97,20,27,134,100,128" hai3="121,85,36,102,80,70,68,129,75,84,64,47,41"/><V90/><F112/><W50/><G121/><T93/><D122/><U124/><E74/><V119/><F119/><W25/><G129/><T14/><D118/><U132/><E104/><V53/><F134/><W94/><G75/><T12/><D57/><U73/><E117/><V79/><F128/><W71/><G64/><T54/><D95/><U16/><E73/><V10/><F90/><W107/><G107/><T58/><D126/><U115/><E34/><V81/><F79/><W69/><N who="3" m="17408" /><DORA hai="35" /><W60/><G60/><T42/><D127/><U11/><E124/><V109/><F53/><W26/><G36/><T9/><D9/><U6/><E132/><V66/><F66/><W101/><G85/><T135/><D135/><U99/><E1/><V105/><F109/><W28/><G94/><T4/><D4/><U13/><REACH who="1" step="1"/><E99/><REACH who="1" ten="235,321,236,198" step="2"/><V125/><F125/><W23/><REACH who="3" step="1"/><G26/><REACH who="3" ten="235,321,236,188" step="2"/><T82/><REACH who="0" step="1"/><D93/><REACH who="0" ten="225,321,236,188" step="2"/><U108/><E108/><V110/><F110/><W123/><G123/><T67/><D67/><U44/><E44/><V43/><F20/><W8/><G8/><T46/><D46/><U131/><E131/><V113/><F113/><AGARI ba="1,3" hai="2,6,11,13,16,21,55,56,62,89,91,113,114,115" machi="113" ten="40,8000,1" yaku="1,1,52,1,54,1,53,1" doraHai="37,35" doraHaiUra="65,51" who="1" fromWho="2" sc="225,0,321,113,236,-83,188,0" /><INIT seed="3,0,0,4,2,90" ten="225,434,153,188" oya="3" hai0="91,128,10,46,125,30,43,79,115,35,108,110,3" hai1="103,29,117,49,98,88,11,16,101,37,0,74,97" hai2="24,58,124,52,22,113,15,86,120,44,51,31,73" hai3="134,68,62,25,33,131,70,14,82,81,17,36,116"/><W85/><G36/><T40/><D115/><U27/><E37/><V57/><F120/><W61/><G116/><T6/><D128/><U72/><E117/><V78/><F113/><W5/><G134/><T41/><D125/><U53/><E88/><V94/><F73/><W28/><G131/><T12/><D79/><U34/><E98/><V109/><F109/><N who="0" m="42090" /><D91/><U60/><E60/><V118/><F118/><W50/><G5/><T122/><D122/><U42/><E42/><V23/><F124/><W96/><G50/><T18/><D46/><U132/><E103/><V99/><F86/><W21/><G96/><T59/><D59/><U1/><E132/><V26/><F78/><W71/><REACH who="3" step="1"/><G85/><REACH who="3" ten="225,434,153,178" step="2"/><T77/><D77/><U13/><E74/><V47/><F15/><W127/><G127/><T93/><D93/><U55/><E49/><V80/><F80/><AGARI ba="0,1" hai="14,17,21,25,28,33,61,62,68,70,71,80,81,82" machi="80" ten="40,3900,0" yaku="1,1,53,1" doraHai="90" doraHaiUra="9" who="3" fromWho="2" sc="225,0,434,0,153,-39,178,49" /><INIT seed="3,1,0,1,1,29" ten="225,434,114,227" oya="3" hai0="98,64,14,70,103,90,59,41,95,42,134,55,39" hai1="57,127,75,30,66,111,46,102,26,36,79,108,78" hai2="56,101,129,20,92,128,69,33,104,13,38,130,68" hai3="49,61,125,62,109,23,3,11,107,27,76,132,87"/><W43/><G107/><T74/><D74/><U12/><E75/><V126/><F38/><W21/><G125/><T71/><D134/><U8/><E127/><V72/><F72/><W67/><G132/><T48/><D70/><U6/><E102/><V35/><F126/><W106/><G106/><T89/><D14/><U54/><E66/><V73/><F73/><W9/><G49/><T105/><D39/><U40/><E108/><V122/><F122/><W86/><G43/><T17/><D17/><U118/><E111/><V10/><F104/><W7/><G67/><T52/><D90/><U116/><E118/><V113/><F113/><W0/><G27/><T22/><D22/><U123/><E116/><V91/><F20/><W94/><G94/><T32/><D32/><N who="2" m="12362" /><F56/><W37/><G37/><T45/><D71/><U18/><E6/><N who="2" m="3287" /><F101/><W34/><G34/><T131/><D64/><U114/><E79/><V44/><F44/><W60/><G109/><T85/><REACH who="0" step="1"/><D131/><REACH who="0" ten="215,434,114,227" step="2"/><U24/><E36/><V119/><F119/><W58/><G58/><T115/><D115/><U77/><E57/><V84/><AGARI ba="1,1" hai="68,69,84,91,92,128,129,130" m="3287,12362" machi="84" ten="40,8000,1" yaku="19,1,52,3" doraHai="29" who="2" fromWho="2" sc="215,-21,434,-21,114,93,227,-41" owari="194,-21.0,413,51.0,207,1.0,186,-31.0" /></mjloggm>