<mjloggm ver="2.3"><GO type="97" lobby="0"/><UN n0="%E4%BF%BA%E3%82%82%E3%81%86%E3%83%80%E3%83%A1%E3%81%A0" n1="%E3%82%B4%E3%83%BC%E3%83%AB%E3%83%87%E3%83%B3%E3%81%B2%E3%82%88%E3%81%93" n2="%28%C2%B4%CF%89%EF%BD%80%2A%29%E4%B9%99" n3="%E3%82%A6%E3%83%AB%E3%83%88%E3%83%A9%E7%AB%8B%E7%9B%B4" dan="15,15,14,15" rate="2018.89,1942.67,1907.14,1978.03" sx="M,M,F,M"/><TAIKYOKU oya="0"/><INIT seed="0,0,0,0,4,47" ten="250,250,250,250" oya="0" hai0="92,103,43,29,77,84,26,0,135,86,117,88,118" hai1="87,125,129,23,53,131,113,122,4,44,71,39,65" hai2="60,52,12,42,68,21,82,96,40,74,62,48,9" hai3="119,27,120,109,95,56,24,37,83,49,10,38,115"/><T116/><D0/><U79/><E122/><V100/><F82/><W126/><G115/><T70/><D70/><U11/><E113/><V57/><F74/><W89/><G119/><T66/><D66/><U33/><E33/><V80/><F80/><W111/><G120/><T127/><D103/><U93/><E125/><V46/><F21/><W106/><G83/><T102/><D102/><U61/><E23/><V105/><F68/><W54/><G106/><T104/><D104/><U69/><E79/><V114/><F114/><W41/><G10/><T64/><D64/><U78/><E78/><V112/><F112/><W107/><G107/><T51/><D77/><U123/><E123/><V50/><REACH who="2" step="1"/><F42/><REACH who="2" ten="250,250,240,250" step="2"/><W32/><G41/><T90/><D127/><U130/><E69/><V2/><F2/><W110/><G126/><T31/><D135/><U91/><E39/><N who="3" m="14858" /><G32/><T94/><D26/><U75/><E75/><V30/><F30/><W128/><G128/><T7/><D7/><AGARI ba="0,1" hai="7,9,12,40,46,48,50,52,57,60,62,96,100,105" machi="7" ten="30,8000,1" yaku="1,1,7,1,52,2,54,1,53,0" doraHai="47" doraHaiUra="20" who="2" fromWho="0" sc="250,-80,250,0,240,90,250,0" /><INIT seed="1,0,0,2,2,18" ten="170,250,330,250" oya="1" hai0="52,91,97,95,37,82,12,134,75,10,93,65,1" hai1="63,94,104,41,99,34,115,78,131,69,54,80,28" hai2="26,11,113,128,48,22,96,90,42,15,40,60,61" hai3="14,120,98,13,126,36,121,51,67,73,4,6,125"/><U39/><E115/><V50/><F128/><W59/><G98/><T23/><D37/><U130/><E104/><V25/><F113/><W77/><G51/><N who="2" m="19497" /><F26/><W49/><G49/><T53/><D134/><U68/><E41/><N who="2" m="15979" /><F90/><W85/><G59/><T106/><D65/><U109/><E39/><V108/><F96/><W66/><G36/><T32/><D32/><U117/><E117/><V81/><F81/><W35/><G85/><T70/><D70/><U86/><E109/><V110/><F110/><W8/><G77/><T33/><D33/><U100/><E54/><V9/><F9/><W72/><G35/><T2/><D106/><U135/><E135/><V16/><F108/><W103/><REACH who="3" step="1"/><G8/><REACH who="3" ten="170,250,330,240" step="2"/><T118/><D118/><U133/><E133/><V31/><AGARI ba="0,1" hai="11,15,16,22,25,31,60,61" m="15979,19497" machi="31" ten="30,4000,0" yaku="8,1,52,1,54,1" doraHai="18" who="2" fromWho="2" sc="170,-10,250,-20,330,50,240,-10" /><INIT seed="2,0,0,3,3,68" ten="160,230,380,230" oya="2" hai0="104,57,17,93,55,92,97,15,40,103,16,14,3" hai1="113,77,128,101,49,37,61,34,82,32,13,9,24" hai2="18,116,112,59,106,125,131,94,33,1,83,111,130" hai3="45,88,85,21,48,22,65,118,20,64,50,73,19"/><V109/><F116/><W100/><G100/><T60/><D3/><U38/><E113/><V10/><F106/><W102/><G102/><T8/><REACH who="0" step="1"/><D40/><REACH who="0" ten="150,230,380,230" step="2"/><U98/><E128/><V84/><F130/><W89/><G118/><T44/><D44/><U75/><E49/><V31/><F131/><W76/><G50/><T63/><D63/><U5/><E61/><V42/><F42/><W51/><G51/><T78/><D78/><U47/><E47/><V96/><F1/><W108/><G76/><T134/><D134/><U27/><E34/><V56/><F33/><W120/><G48/><T39/><D39/><U91/><E32/><V121/><F111/><W133/><G45/><T135/><D135/><U129/><E129/><V126/><F109/><W119/><G108/><T80/><D80/><U36/><REACH who="1" step="1"/><E91/><REACH who="1" ten="150,220,380,230" step="2"/><V123/><F125/><W12/><G89/><T41/><D41/><U70/><E70/><V66/><F126/><W23/><G133/><T25/><D25/><U69/><E69/><V122/><F112/><W105/><G88/><T26/><D26/><U0/><E0/><V74/><F121/><W52/><G120/><T99/><D99/><U132/><E132/><V4/><F96/><W115/><G115/><T81/><D81/><U62/><E62/><V127/><F83/><W110/><G110/><T86/><D86/><U58/><E58/><V6/><F84/><W53/><G85/><T95/><D95/><AGARI ba="0,2" hai="5,9,13,24,27,36,37,38,75,77,82,95,98,101" machi="95" ten="40,8000,1" yaku="1,1,52,3,53,1" doraHai="68" doraHaiUra="2" who="1" fromWho="0" sc="150,-80,220,100,380,0,230,0" /><INIT seed="3,0,0,3,0,90" ten="70,320,380,230" oya="3" hai0="86,41,108,61,71,57,63,134,101,64,3,124,127" hai1="69,45,21,24,109,49,100,35,121,128,32,98,1" hai2="51,125,103,85,80,110,118,130,42,4,15,58,99" hai3="60,79,20,114,119,14,39,59,12,122,74,117,2"/><W135/><G2/><T70/><D3/><U53/><E109/><V0/><F110/><W30/><G39/><T116/><D101/><U112/><E128/><V10/><F118/><W19/><G30/><T9/><D86/><U34/><E112/><V94/><F130/><W133/><G114/><T5/><D9/><U52/><E121/><V26/><F125/><W28/><G28/><T129/><D5/><U33/><E69/><V87/><F0/><W8/><G122/><T82/><D82/><U46/><E1/><V77/><F26/><W95/><G79/><T50/><D108/><U22/><E24/><V92/><F92/><W40/><G74/><T67/><D129/><U16/><E16/><V88/><F88/><W56/><G119/><T7/><D7/><U96/><E96/><V102/><F85/><W54/><G117/><T11/><D11/><U13/><E13/><V29/><F29/><W72/><G72/><T89/><D89/><U83/><E83/><V23/><F23/><W126/><G14/><T84/><D84/><U62/><N who="1" m="8192" /><DORA hai="27" /><U55/><E62/><V76/><F76/><W97/><G20/><T107/><D107/><U91/><E91/><N who="2" m="55775" /><F58/><W66/><G97/><T37/><D116/><U106/><E55/><V44/><AGARI ba="0,0" hai="4,10,15,42,44,51,77,80,87,102,103" m="55775" machi="44" ten="30,4000,0" yaku="25,1,8,1,52,1" doraHai="90,27" who="2" fromWho="2" sc="70,-10,320,-10,380,40,230,-20" owari="60,-44.0,310,11.0,420,52.0,210,-19.0" /></mjloggm>