<mjloggm ver="2.3"><GO type="97" lobby="0"/><UN n0="%61%6B%69%6E%6F%62%75" n1="%6B%32%78" n2="%E3%81%B2%E3%83%BC%E3%82%89%E3%83%BC" n3="%E3%82%A6%E3%83%AB%E3%83%88%E3%83%A9%E7%AB%8B%E7%9B%B4" dan="13,15,14,15" rate="1854.78,2075.78,1890.96,1996.46" sx="M,M,M,M"/><TAIKYOKU oya="0"/><INIT seed="0,0,0,1,2,104" ten="250,250,250,250" oya="0" hai0="118,58,3,95,88,121,29,47,13,12,81,0,8" hai1="17,80,43,126,21,9,123,120,132,105,101,36,66" hai2="2,111,109,131,63,90,46,38,54,97,89,14,48" hai3="113,55,133,119,74,65,116,79,124,67,98,7,52"/><T59/><D121/><U93/><E105/><V61/><F2/><W69/><G98/><T10/><D29/><U129/><E66/><V35/><F35/><W15/><G15/><T25/><D47/><U100/><E80/><V92/><F131/><W53/><G7/><T134/><D81/><U56/><E9/><V115/><F115/><W11/><G11/><T84/><D134/><U62/><E129/><V114/><F114/><W68/><G79/><T64/><D25/><U128/><E128/><V32/><F32/><W50/><G113/><T4/><D118/><U85/><E132/><V31/><F31/><W16/><G16/><T27/><D27/><U106/><E106/><V107/><F107/><W86/><G86/><T82/><D58/><U5/><E5/><V40/><F14/><W33/><G33/><T41/><D41/><U24/><E43/><V18/><F18/><W60/><G133/><T102/><D102/><N who="1" m="39531" /><E36/><V117/><F117/><N who="3" m="45131" /><G74/><T57/><D82/><U26/><E26/><V91/><F40/><W110/><G110/><N who="2" m="41993" /><F38/><W77/><G77/><T87/><D95/><U37/><E37/><V70/><F70/><W44/><G124/><T23/><D4/><U28/><E126/><V135/><F135/><W76/><G76/><T6/><D6/><U30/><E123/><V103/><AGARI ba="0,0" hai="46,48,54,61,63,89,90,91,92,97,103" m="41993" machi="103" ten="30,1100,0" yaku="14,1" doraHai="104" who="2" fromWho="2" sc="250,-5,250,-3,250,11,250,-3" /><INIT seed="1,0,0,3,3,21" ten="245,247,261,247" oya="1" hai0="107,106,15,90,42,17,77,23,111,38,123,115,2" hai1="87,105,54,40,11,128,26,118,72,81,101,124,91" hai2="46,16,84,28,85,48,68,102,7,100,69,93,30" hai3="12,45,133,18,86,110,95,82,24,43,0,71,116"/><U117/><E40/><V56/><F7/><W34/><G0/><T36/><D115/><U49/><E11/><V57/><F68/><W78/><G71/><T65/><D123/><U73/><E128/><V67/><F69/><W58/><G116/><T127/><D77/><U108/><E124/><V103/><F67/><W66/><G110/><T75/><D65/><U120/><E120/><V88/><F85/><W32/><G133/><T20/><D75/><U125/><E125/><V80/><F80/><W3/><G3/><T112/><D112/><U96/><E108/><V109/><F109/><W50/><G95/><T19/><D127/><U129/><E129/><V76/><F76/><W122/><G122/><T134/><D134/><U114/><E114/><V1/><F1/><W41/><G41/><T126/><D126/><U29/><E72/><V130/><F130/><W64/><G34/><T97/><D2/><U4/><E4/><V27/><F30/><W8/><G58/><T119/><D119/><U132/><E132/><V35/><F16/><N who="3" m="8199" /><G32/><T39/><D42/><U79/><E49/><V47/><REACH who="2" step="1"/><F46/><REACH who="2" ten="245,247,251,247" step="2"/><W9/><G9/><T53/><D111/><U60/><E79/><V44/><F44/><W70/><G70/><T33/><D39/><U92/><E73/><V74/><F74/><W135/><G135/><T131/><D38/><U10/><E81/><V31/><F31/><W98/><G98/><T13/><D36/><U37/><E37/><V61/><F61/><W62/><G62/><T113/><D131/><U52/><E60/><V25/><F25/><W22/><AGARI ba="0,1" hai="18,22,24,43,45,50,64,66,78,82,86" m="8199" machi="22" ten="30,7900,0" yaku="5,1,8,1,52,1,54,1" doraHai="21" who="3" fromWho="3" sc="245,-20,247,-39,251,-20,247,89" /><INIT seed="2,0,0,5,0,41" ten="225,208,231,336" oya="2" hai0="114,29,13,73,79,77,49,25,48,46,93,119,58" hai1="68,116,2,21,12,65,27,125,17,63,86,37,120" hai2="85,98,36,42,16,72,19,78,129,108,6,94,38" hai3="9,66,97,61,113,5,45,74,81,39,102,127,62"/><V75/><F129/><W112/><G127/><T122/><D114/><N who="3" m="44137" /><G66/><T96/><D122/><U0/><E116/><V59/><F108/><W34/><G34/><T123/><D73/><U110/><E37/><V109/><F109/><W71/><G71/><T54/><D119/><U18/><E110/><V52/><F6/><W130/><G130/><T55/><D123/><U90/><E120/><V131/><F131/><W104/><G39/><T56/><D13/><U33/><E125/><V20/><F19/><W24/><G24/><T30/><D29/><U57/><E68/><V10/><F10/><W40/><G81/><T92/><D93/><U121/><E121/><V14/><F42/><W91/><G91/><T43/><D43/><U133/><E133/><V3/><F3/><W67/><G67/><T107/><D58/><U115/><E115/><V111/><F111/><W101/><G101/><T4/><D4/><U99/><E99/><V88/><F72/><W35/><G35/><T84/><D107/><U105/><E105/><V22/><F22/><W76/><G76/><T126/><D126/><U47/><E33/><V7/><F7/><W100/><G100/><T69/><D69/><U135/><E135/><V8/><F8/><W32/><G32/><T117/><D117/><U134/><E134/><V83/><F98/><W15/><G74/><T132/><D132/><U80/><E0/><V118/><F118/><W44/><G40/><T103/><D84/><U1/><E2/><V23/><F23/><AGARI ba="0,0" hai="23,25,30,46,48,49,54,55,56,77,79,92,96,103" machi="23" ten="30,3900,0" yaku="7,1,8,1,52,1" doraHai="41" who="0" fromWho="2" sc="225,39,208,0,231,-39,336,0" /><INIT seed="3,0,0,0,3,76" ten="264,208,192,336" oya="3" hai0="41,78,109,127,101,62,82,58,49,22,61,63,83" hai1="85,86,20,1,103,94,118,92,116,40,60,14,121" hai2="34,106,44,113,53,29,67,123,99,48,124,30,73" hai3="47,6,111,117,122,128,90,88,98,74,91,11,107"/><W2/><G74/><T75/><D127/><U27/><E121/><V133/><F124/><W84/><G117/><T19/><D101/><U50/><E1/><V129/><F123/><W57/><G122/><T134/><D134/><U9/><E118/><V104/><F133/><W42/><G111/><T8/><D8/><U3/><E3/><V96/><F73/><W43/><G43/><T108/><D78/><U13/><E116/><V126/><F126/><W87/><G128/><T120/><D75/><U105/><E105/><V81/><F67/><W46/><G57/><T64/><D120/><U56/><E50/><V115/><F129/><W51/><G46/><N who="0" m="25807" /><D64/><U45/><E45/><V70/><F70/><W114/><G114/><T10/><D10/><U33/><E33/><V28/><F34/><W110/><G110/><N who="0" m="42603" /><D58/><U15/><E40/><V130/><F130/><W31/><G11/><T54/><D54/><U112/><E9/><V100/><F81/><W35/><G42/><T16/><D22/><U69/><E69/><V125/><F125/><W59/><G59/><T4/><D4/><U39/><E39/><V135/><F135/><W0/><G6/><T71/><D71/><U23/><E23/><V52/><F53/><W24/><G47/><T68/><D68/><U89/><E112/><V102/><AGARI ba="0,0" hai="28,29,30,44,48,52,96,99,100,102,104,106,113,115" machi="102" ten="30,4000,0" yaku="0,1,9,1,54,1" doraHai="76" who="2" fromWho="2" sc="264,-10,208,-10,192,40,336,-20" owari="254,5.0,198,-30.0,232,-17.0,316,42.0" /></mjloggm>