<mjloggm ver="2.3"><GO type="97" lobby="0"/><UN n0="%E3%82%A6%E3%83%AB%E3%83%88%E3%83%A9%E7%AB%8B%E7%9B%B4" n1="%E3%82%AB%E3%83%9F%E3%82%B7%E3%83%8A%E3%83%BB%E3%82%B8%E3%83%B3" n2="%E3%81%8D%E3%81%A4%E3%81%AD%EF%BC%A0" n3="%E7%B7%91%E9%9D%92" dan="15,13,13,14" rate="1966.51,1823.34,1815.93,2002.77" sx="M,M,M,M"/><TAIKYOKU oya="0"/><INIT seed="0,0,0,1,3,83" ten="250,250,250,250" oya="0" hai0="30,86,3,17,100,12,38,78,71,48,18,111,70" hai1="65,63,22,99,54,120,104,34,79,57,4,103,122" hai2="1,76,7,101,134,61,28,44,6,108,82,125,31" hai3="59,9,93,112,15,62,92,46,40,127,73,25,35"/><T118/><D38/><U109/><E109/><V24/><F108/><W47/><G112/><T14/><D3/><U131/><E34/><V58/><F125/><W2/><G127/><T84/><D111/><U124/><E131/><V105/><F134/><W72/><G2/><T52/><D118/><U123/><E124/><V96/><F44/><W68/><G68/><T41/><D41/><U77/><E4/><V27/><F1/><W132/><G132/><T36/><D36/><U95/><E22/><V32/><F61/><W45/><G40/><T60/><D30/><U113/><E113/><V107/><F58/><W20/><G73/><T110/><D110/><U98/><REACH who="1" step="1"/><E65/><REACH who="1" ten="250,240,250,250" step="2"/><V102/><F7/><N who="3" m="3519" /><G35/><T50/><D70/><U135/><E135/><V13/><F6/><W129/><G72/><T121/><D71/><U21/><E21/><V11/><F11/><W115/><G129/><T69/><D69/><U37/><E37/><V67/><F67/><N who="3" m="39391" /><G115/><T29/><D29/><AGARI ba="0,1" hai="20,25,29,45,46,47,92,93" m="39391,3519" machi="29" ten="30,1000,0" yaku="8,1" doraHai="83" who="3" fromWho="0" sc="250,-10,240,0,250,0,250,20" /><INIT seed="1,0,0,5,1,100" ten="240,240,250,270" oya="1" hai0="125,50,25,6,67,43,1,76,101,65,36,104,110" hai1="17,26,47,115,28,55,46,49,40,117,8,22,134" hai2="90,18,27,62,9,95,80,69,0,33,23,32,106" hai3="63,48,64,105,21,130,58,73,97,93,128,86,123"/><U122/><E117/><V129/><F129/><N who="3" m="49771" /><G123/><T71/><D50/><U77/><E122/><V89/><F106/><W53/><G73/><T51/><D51/><U14/><E115/><V108/><F108/><W82/><G21/><T37/><D65/><U45/><E134/><V109/><F109/><W102/><G93/><T3/><D110/><U60/><E77/><V135/><F135/><W92/><G92/><T112/><D112/><U75/><E75/><V84/><F69/><W30/><G30/><T44/><D36/><U61/><REACH who="1" step="1"/><E45/><REACH who="1" ten="240,230,250,270" step="2"/><V68/><F68/><W29/><G82/><T39/><D76/><U57/><E57/><V116/><F116/><W13/><G86/><T83/><D83/><U41/><E41/><V56/><F80/><W66/><G29/><T119/><D119/><U54/><E54/><V52/><F89/><W98/><G66/><T85/><D67/><U12/><E12/><V42/><F42/><W131/><G131/><T96/><D85/><U2/><E2/><V120/><F120/><W114/><G114/><T5/><D71/><U24/><E24/><V91/><F91/><W127/><G13/><T113/><D25/><U126/><E126/><V15/><REACH who="2" step="1"/><F0/><REACH who="2" ten="240,230,240,270" step="2"/><N who="0" m="74" /><D113/><U70/><E70/><V4/><AGARI ba="0,2" hai="4,9,15,18,23,27,32,33,52,56,62,84,90,95" machi="4" ten="20,12000,2" yaku="1,1,0,1,7,1,54,1,53,2" doraHai="100" doraHaiUra="31" who="2" fromWho="2" sc="240,-30,230,-60,240,140,270,-30" /><INIT seed="2,0,0,1,2,113" ten="210,170,380,240" oya="2" hai0="72,46,2,67,69,18,95,111,25,92,14,117,13" hai1="118,89,130,61,128,115,63,133,105,123,0,68,87" hai2="56,101,36,11,54,110,22,99,35,119,4,114,44" hai3="20,7,41,71,29,39,64,52,1,70,30,76,109"/><V26/><F119/><W43/><G109/><T9/><D2/><U80/><E0/><V19/><F114/><W108/><G108/><T82/><D111/><U10/><E105/><V57/><F110/><W116/><G76/><T21/><D67/><U34/><E115/><V96/><F35/><W90/><G1/><T78/><D69/><U47/><E133/><V16/><F99/><W122/><G20/><T79/><D117/><U28/><E10/><V23/><F36/><W102/><G64/><T38/><D14/><U106/><E106/><V98/><F98/><W8/><G8/><T33/><D33/><U17/><E17/><V74/><F74/><W60/><G60/><T120/><D120/><U121/><E47/><V83/><F83/><W134/><G134/><T24/><D24/><N who="1" m="18695" /><E68/><V53/><F96/><W91/><G7/><T66/><D79/><U12/><E12/><N who="2" m="5223" /><F101/><W32/><G32/><T124/><D46/><U6/><E6/><V65/><F65/><W125/><G102/><T37/><D66/><U86/><E86/><V88/><F44/><W62/><G122/><N who="1" m="46602" /><E118/><V73/><F73/><W85/><G85/><T50/><D38/><U132/><E132/><V126/><F126/><W97/><G97/><T131/><D37/><U93/><E80/><V31/><F22/><W48/><G39/><T5/><D124/><U40/><E40/><V77/><F77/><W27/><G125/><T3/><D3/><U135/><E135/><V129/><F129/><AGARI ba="0,0" hai="61,63,87,89,93,128,129,130" m="46602,18695" machi="129" ten="30,2000,0" yaku="19,1,13,1" doraHai="113" who="1" fromWho="2" sc="210,0,170,20,380,-20,240,0" /><INIT seed="3,0,0,0,1,7" ten="210,190,360,240" oya="3" hai0="61,79,50,70,34,112,15,118,116,33,24,39,94" hai1="127,59,40,5,45,49,51,93,8,131,52,135,80" hai2="74,41,128,122,103,100,14,114,111,66,57,19,134" hai3="20,117,64,32,108,81,130,67,96,109,90,37,115"/><W2/><G115/><T63/><D39/><U125/><E131/><V89/><F114/><W102/><G117/><T98/><D112/><U3/><E135/><V105/><F111/><W106/><G37/><T82/><D33/><U10/><E127/><V126/><F134/><W55/><G32/><T30/><D63/><U16/><E125/><V31/><F128/><W120/><G2/><T92/><D94/><U107/><E107/><V91/><F126/><W58/><G120/><T133/><D133/><U18/><E10/><V53/><F105/><W9/><G9/><T22/><D50/><U129/><E129/><V85/><F74/><W38/><G38/><T46/><D46/><U97/><REACH who="1" step="1"/><E80/><REACH who="1" ten="210,180,360,240" step="2"/><V73/><F122/><W124/><G124/><T56/><D118/><U17/><E17/><V1/><F1/><W68/><G81/><T44/><D116/><U28/><E28/><V0/><F0/><W25/><G106/><T71/><D82/><U13/><E13/><V88/><F31/><W65/><G130/><T78/><D15/><U4/><E4/><V132/><F132/><W69/><G109/><T101/><D34/><U23/><E23/><V12/><F19/><W121/><G20/><T48/><D78/><U11/><E11/><V113/><F113/><W54/><G108/><T104/><D79/><U110/><E110/><V6/><F14/><W47/><G121/><T84/><D104/><U95/><E95/><V87/><F12/><W83/><G83/><T27/><D27/><U119/><E119/><V123/><F123/><W26/><G26/><T42/><D84/><RYUUKYOKU ba="0,1" sc="210,15,180,15,360,-15,240,-15" hai0="22,24,30,42,44,48,56,61,70,71,92,98,101" hai1="3,5,8,16,18,40,45,49,51,52,59,93,97" owari="225,3.0,195,-30.0,355,44.0,225,-17.0" /></mjloggm>