<mjloggm ver="2.3"><GO type="97" lobby="0"/><UN n0="%41%65%67%69%73%4B%47" n1="%E3%81%95%E3%81%BC%E3%82%8A" n2="%E3%81%8F%E3%82%89%E3%81%8F%E3%82%89" n3="%E3%82%A6%E3%83%AB%E3%83%88%E3%83%A9%E7%AB%8B%E7%9B%B4" dan="14,14,13,15" rate="2002.03,1972.97,1901.19,2026.66" sx="M,M,M,M"/><TAIKYOKU oya="0"/><INIT seed="0,0,0,3,0,33" ten="250,250,250,250" oya="0" hai0="82,58,121,63,97,19,17,60,11,112,86,117,107" hai1="52,91,94,57,100,125,46,5,76,115,43,72,26" hai2="116,104,108,118,55,48,21,40,131,34,44,96,47" hai3="53,102,27,120,0,83,89,7,87,98,2,78,29"/><T38/><D121/><U62/><E125/><V3/><F34/><W130/><G120/><T14/><D117/><N who="2" m="45162" /><F3/><W99/><G130/><T70/><D38/><U30/><E115/><V90/><F21/><W135/><G135/><T42/><D112/><U127/><E127/><V16/><F16/><W31/><G7/><T103/><D42/><U110/><E110/><V1/><F1/><W68/><G68/><T18/><D70/><U77/><E5/><V28/><F28/><W101/><G53/><T128/><D128/><U106/><E100/><V9/><F9/><W80/><G89/><T24/><D24/><U39/><E106/><V50/><F90/><W49/><G49/><T81/><D81/><U84/><REACH who="1" step="1"/><E72/><REACH who="1" ten="250,240,250,250" step="2"/><V129/><F104/><W12/><G78/><T92/><D107/><U4/><E4/><V23/><F108/><W65/><G101/><T59/><D63/><U93/><E93/><V105/><F131/><W122/><G102/><T13/><D11/><U61/><E61/><V124/><F129/><W79/><G122/><T69/><D69/><U95/><E95/><V36/><F124/><W20/><G79/><N who="0" m="46431" /><D60/><U132/><E132/><V74/><F74/><W15/><G83/><T64/><D64/><U25/><E25/><V6/><F105/><W37/><G65/><T45/><D103/><U51/><E51/><V88/><F6/><W113/><G27/><T133/><D92/><U32/><AGARI ba="0,1" hai="26,30,32,39,43,46,52,57,62,76,77,84,91,94" machi="32" ten="20,5200,0" yaku="1,1,0,1,7,1,54,1,53,0" doraHai="33" doraHaiUra="8" who="1" fromWho="1" sc="250,-26,240,62,250,-13,250,-13" /><INIT seed="1,0,0,2,5,116" ten="224,302,237,237" oya="1" hai0="75,117,10,59,76,83,132,110,30,69,19,34,124" hai1="82,92,1,88,20,5,3,33,58,55,35,71,129" hai2="21,85,29,122,97,72,134,44,79,46,62,99,90" hai3="112,107,78,14,4,61,109,6,42,93,57,56,102"/><U77/><E71/><V23/><F122/><W7/><G107/><T96/><D117/><U104/><E104/><V105/><F105/><W40/><G112/><T70/><D110/><U31/><E129/><V45/><F79/><W25/><G78/><T26/><D132/><U111/><E111/><V41/><F72/><W38/><G38/><T120/><D124/><U73/><E20/><V13/><F62/><W126/><G126/><T0/><D120/><U89/><E89/><V125/><F41/><W131/><G131/><T68/><D96/><U54/><E54/><V91/><F125/><W65/><G109/><T53/><D19/><U123/><E123/><V115/><F134/><W15/><G25/><T64/><D64/><U43/><E43/><N who="3" m="16426" /><G56/><T27/><D27/><U48/><E31/><V47/><F115/><W67/><G67/><T36/><D36/><U22/><E22/><V49/><F91/><W17/><G17/><T60/><D10/><U51/><E51/><V74/><F74/><W87/><G87/><T113/><D113/><U86/><REACH who="1" step="1"/><E5/><REACH who="1" ten="224,292,237,237" step="2"/><V8/><F29/><W119/><G119/><T50/><D50/><U52/><E52/><N who="2" m="29735" /><F23/><W16/><G16/><T121/><D121/><U103/><E103/><V94/><F21/><W80/><G6/><AGARI ba="0,1" hai="6,8,13,45,46,47,85,90,94,97,99" m="29735" machi="6" ten="30,2000,0" yaku="8,1,54,1" doraHai="116" who="2" fromWho="3" sc="224,0,292,0,237,30,237,-20" /><INIT seed="2,0,0,3,4,7" ten="224,292,267,217" oya="2" hai0="54,124,79,116,8,12,70,80,117,24,40,0,46" hai1="87,71,82,88,93,73,111,30,6,72,91,102,125" hai2="61,120,10,31,14,96,132,20,60,53,29,106,115" hai3="97,11,92,17,127,56,118,89,119,47,85,81,108"/><V84/><F120/><W134/><G127/><T55/><D124/><U36/><E71/><V48/><F115/><W2/><G134/><T62/><D24/><U98/><E36/><V107/><F132/><W51/><G108/><T133/><D133/><U13/><E125/><V44/><F106/><W41/><G56/><T15/><D70/><U4/><E111/><V95/><F107/><W90/><G118/><N who="0" m="45675" /><D62/><U27/><E73/><V52/><F84/><W114/><G119/><T94/><D94/><U69/><E69/><V26/><F31/><W123/><G123/><T59/><D59/><U128/><E72/><V104/><F53/><N who="0" m="19978" /><D8/><U45/><E45/><V75/><F75/><W35/><G35/><T74/><D0/><U58/><E58/><V28/><F28/><W67/><G114/><T76/><D76/><U57/><E57/><V42/><F104/><W109/><G109/><T112/><D112/><U121/><E121/><V19/><F42/><W34/><G34/><T83/><D83/><U110/><E110/><V39/><F39/><AGARI ba="0,0" hai="12,15,39,40,46,74,79,80" m="19978,45675" machi="39" ten="30,1000,0" yaku="12,1" doraHai="7" who="0" fromWho="2" sc="224,10,292,0,267,-10,217,0" /><INIT seed="3,0,0,4,5,49" ten="234,292,257,217" oya="3" hai0="93,102,134,55,131,16,4,106,81,50,35,88,18" hai1="24,83,69,6,119,82,132,107,78,109,120,53,100" hai2="76,80,45,86,72,2,110,40,112,21,79,7,68" hai3="14,31,70,108,125,104,118,39,73,22,26,75,51"/><W60/><G39/><T52/><D35/><U43/><E69/><V89/><F112/><W94/><G104/><T74/><D134/><U47/><E120/><V85/><F68/><W91/><G118/><T87/><D131/><U54/><E132/><V25/><F110/><W34/><G108/><T84/><D4/><U10/><E109/><V121/><F121/><W23/><G125/><T27/><D84/><U3/><E119/><V42/><F79/><W117/><G117/><T67/><D67/><U44/><E24/><V103/><F103/><W122/><G122/><T17/><D27/><U90/><E44/><V114/><F114/><W127/><G127/><T11/><D11/><U56/><E56/><V30/><F42/><W71/><G71/><T63/><D63/><U98/><E90/><V59/><F59/><W9/><G73/><T57/><D55/><U113/><E83/><V5/><F2/><W36/><G36/><T65/><D65/><U135/><E113/><V41/><F72/><W13/><G75/><T19/><D19/><U37/><E135/><V96/><F41/><W105/><G105/><T123/><D123/><U133/><E133/><V99/><F45/><W61/><G51/><T33/><D33/><U126/><E126/><V129/><F129/><W28/><G28/><T101/><REACH who="0" step="1"/><D106/><REACH who="0" ten="224,292,257,217" step="2"/><U15/><E3/><V8/><F8/><W12/><G9/><T48/><D48/><U97/><E97/><N who="2" m="37451" /><F40/><W64/><G61/><T58/><D58/><U95/><E107/><V38/><F38/><W77/><G77/><AGARI ba="0,1" hai="16,17,18,50,52,57,74,77,81,87,88,93,101,102" machi="77" ten="40,12000,2" yaku="1,1,52,1,54,3,53,1" doraHai="49" doraHaiUra="46" who="0" fromWho="3" sc="224,130,292,0,257,0,217,-120" owari="354,45.0,292,9.0,257,-14.0,97,-40.0" /></mjloggm>