<mjloggm ver="2.3"><GO type="97" lobby="0"/><UN n0="%E5%B9%BC%E5%A5%B3%E3%81%95%E3%82%93" n1="%E3%82%A6%E3%83%AB%E3%83%88%E3%83%A9%E7%AB%8B%E7%9B%B4" n2="%E3%82%AF%E3%83%AA%E3%83%BC%E3%83%B3%E5%B0%BE%E5%B4%8E" n3="%64%65%61%69%75%70%2E%63" dan="14,15,15,15" rate="1950.80,2009.60,1971.93,1998.29" sx="M,M,M,M"/><TAIKYOKU oya="0"/><INIT seed="0,0,0,4,0,101" ten="250,250,250,250" oya="0" hai0="88,107,95,117,8,129,28,36,90,120,5,75,58" hai1="113,124,14,133,121,125,1,42,7,131,45,63,33" hai2="83,104,44,43,49,59,24,86,50,29,114,93,70" hai3="65,6,41,12,103,96,64,71,16,38,69,26,118"/><T0/><D120/><U77/><E33/><V37/><F70/><W46/><G118/><T132/><D36/><U105/><E121/><V87/><F114/><W106/><G69/><T15/><D75/><U18/><E113/><V97/><F59/><W102/><G102/><T52/><D117/><U76/><E105/><V57/><F57/><W111/><G111/><T47/><D47/><U54/><E131/><V32/><F87/><W98/><G98/><T53/><D53/><U10/><E54/><V109/><F109/><W122/><G122/><T51/><D132/><U134/><E63/><V35/><F35/><W17/><G71/><T67/><D67/><U91/><E91/><V73/><F73/><W60/><G60/><T127/><D127/><N who="1" m="48715" /><E77/><V74/><F74/><W39/><G38/><T130/><D107/><U19/><E76/><V55/><F55/><W66/><REACH who="3" step="1"/><G26/><REACH who="3" ten="250,250,250,240" step="2"/><T40/><D130/><U115/><E115/><V81/><F104/><W128/><G128/><T80/><D129/><U11/><E45/><V99/><F99/><W84/><G84/><T9/><D90/><U13/><E42/><V72/><F72/><W30/><G30/><T126/><D40/><U94/><E94/><V89/><F83/><W85/><G85/><N who="0" m="50215" /><D95/><U62/><E62/><V68/><F68/><W135/><G135/><T23/><D126/><U116/><E116/><V100/><AGARI ba="0,1" hai="24,29,32,37,43,44,49,50,81,86,89,93,97,100" machi="100" ten="20,1500,0" yaku="0,1,7,1" doraHai="101" who="2" fromWho="2" sc="250,-7,250,-4,250,25,240,-4" /><INIT seed="1,0,0,4,1,122" ten="243,246,275,236" oya="1" hai0="116,53,84,15,85,31,76,44,13,3,71,125,133" hai1="34,131,124,41,109,87,54,105,90,24,129,1,61" hai2="42,110,35,75,6,82,74,5,2,72,8,118,50" hai3="100,33,59,83,20,69,55,101,111,46,36,45,25"/><U21/><E105/><V38/><F118/><W26/><G69/><T104/><D3/><U113/><E34/><V121/><F6/><W64/><G64/><T9/><D104/><U30/><E1/><V95/><F35/><W47/><G36/><T52/><D71/><U10/><E10/><V135/><F135/><W4/><G4/><T28/><D116/><U66/><E54/><V108/><F50/><W19/><G111/><N who="2" m="42537" /><F95/><W92/><G83/><T77/><D133/><U11/><E11/><V96/><F96/><W88/><G33/><T126/><D9/><U103/><E109/><V12/><F121/><W99/><REACH who="3" step="1"/><G26/><REACH who="3" ten="243,246,275,226" step="2"/><T128/><D128/><U23/><E24/><V7/><F7/><W70/><G70/><T89/><D126/><U68/><E124/><V65/><F65/><W93/><G93/><T94/><D94/><U14/><E68/><V106/><F106/><W57/><G57/><T40/><D125/><U130/><E66/><V97/><F97/><W32/><G32/><T63/><D44/><U48/><E130/><V39/><F82/><W98/><G98/><T127/><D127/><U86/><E131/><V114/><F114/><W16/><G16/><T29/><D29/><U119/><E30/><V107/><F107/><W0/><G0/><T120/><D120/><U91/><E129/><V49/><F2/><W79/><G79/><T60/><D31/><U117/><E113/><V56/><F56/><W81/><G81/><T67/><D28/><U112/><E112/><V62/><F39/><W22/><G22/><T37/><D67/><U58/><E21/><RYUUKYOKU ba="0,1" sc="243,-10,246,-10,275,-10,226,30" hai3="19,20,25,45,46,47,55,59,88,92,99,100,101" /><INIT seed="2,1,1,1,2,48" ten="233,236,265,256" oya="2" hai0="98,57,30,55,35,129,94,61,111,49,102,65,41" hai1="60,13,120,126,12,33,87,74,38,69,135,122,91" hai2="133,123,71,104,107,106,24,31,75,10,0,83,116" hai3="128,108,34,36,2,52,78,54,7,85,66,86,114"/><V72/><F123/><N who="1" m="47145" /><E74/><N who="2" m="28203" /><F133/><W40/><G34/><T21/><D35/><U100/><E135/><V70/><F116/><W97/><G66/><T112/><D112/><U28/><E38/><V50/><F50/><W17/><G97/><T101/><D101/><U5/><E5/><N who="2" m="1319" /><F83/><W103/><G103/><T43/><D129/><U63/><E126/><V37/><F37/><W1/><G128/><T115/><D115/><U81/><E100/><V105/><N who="2" m="27136" /><DORA hai="110" /><V77/><F77/><W26/><G114/><T119/><D119/><U42/><E42/><V124/><F124/><W47/><G17/><T109/><D109/><U67/><E60/><V3/><F3/><W58/><G58/><T20/><D111/><U59/><E59/><V39/><F39/><W64/><G108/><T121/><D121/><U16/><E16/><V29/><F29/><W46/><G46/><T6/><D6/><U68/><E68/><V51/><F51/><W56/><G2/><T27/><REACH who="0" step="1"/><D20/><REACH who="0" ten="223,236,265,256" step="2"/><U4/><E4/><V125/><F125/><W84/><G7/><T62/><D62/><U32/><E32/><AGARI ba="1,2" hai="24,31,32,70,71" m="27136,1319,28203" machi="32" ten="60,5800,0" yaku="33,2" doraHai="48,110" who="2" fromWho="1" sc="223,0,236,-61,265,81,256,0" /><INIT seed="2,2,0,1,2,134" ten="223,175,346,256" oya="2" hai0="80,60,40,87,19,64,48,32,131,111,62,23,130" hai1="85,101,81,118,56,135,8,103,92,30,35,75,117" hai2="42,5,84,45,26,31,115,77,113,70,43,53,74" hai3="52,7,132,57,125,0,91,67,11,93,50,89,68"/><V107/><F70/><W98/><G132/><T9/><D32/><U123/><E123/><V90/><F107/><W110/><G110/><T29/><D29/><U44/><E135/><V122/><F122/><W73/><G73/><T47/><D111/><U124/><E30/><V36/><F43/><W61/><REACH who="3" step="1"/><G125/><REACH who="3" ten="223,175,346,246" step="2"/><T82/><D131/><U39/><E75/><V102/><F74/><W65/><G65/><T106/><D130/><U100/><E118/><V86/><F113/><W58/><G58/><T4/><D64/><U51/><E117/><V78/><F115/><W71/><G71/><T17/><D106/><U59/><E59/><V127/><F127/><W120/><G120/><T3/><D82/><U126/><E56/><V99/><F45/><W54/><G54/><T18/><REACH who="0" step="1"/><D23/><REACH who="0" ten="213,175,346,246" step="2"/><U15/><E126/><V10/><F42/><W96/><G96/><T119/><D119/><U1/><E124/><V94/><F53/><W14/><G14/><T109/><D109/><U12/><E12/><V63/><F99/><W21/><G21/><T88/><AGARI ba="2,2" hai="3,4,9,17,18,19,40,47,48,60,62,80,87,88" machi="88" ten="30,4000,0" yaku="1,1,0,1,54,1,53,0" doraHai="134" doraHaiUra="116" who="0" fromWho="0" sc="213,66,175,-12,346,-22,246,-12" /><INIT seed="3,0,0,3,4,45" ten="279,163,324,234" oya="3" hai0="16,29,17,64,1,85,49,6,110,129,106,15,59" hai1="44,61,24,126,73,58,51,30,128,100,60,67,113" hai2="50,13,32,68,116,121,101,105,112,57,88,98,95" hai3="10,3,84,109,54,7,72,53,134,36,71,82,99"/><W122/><G122/><T125/><D106/><U41/><E73/><V12/><F68/><W47/><G71/><T135/><D1/><U22/><E126/><V107/><F121/><W91/><G134/><T111/><D125/><U37/><E128/><V26/><F116/><W74/><G109/><T81/><D129/><U25/><E113/><V48/><F107/><W117/><G117/><T40/><D135/><U132/><E132/><V46/><F112/><W2/><G2/><T62/><D29/><U79/><E79/><V69/><F69/><W39/><G74/><T120/><D120/><U78/><E78/><V27/><F57/><W5/><G5/><T14/><D14/><U87/><E87/><V114/><F50/><W102/><G72/><T55/><D40/><U52/><E67/><V28/><F27/><W56/><G47/><T86/><D86/><U90/><E90/><V103/><F114/><W63/><REACH who="3" step="1"/><G54/><REACH who="3" ten="279,163,324,224" step="2"/><T23/><D110/><U65/><E65/><V20/><F32/><W123/><G123/><T70/><D111/><U9/><E9/><V66/><F66/><W8/><G8/><T108/><D108/><U89/><E89/><V19/><F105/><AGARI ba="0,1" hai="3,7,10,36,39,53,56,63,82,84,91,99,102,105" machi="105" ten="30,5800,0" yaku="1,1,7,1,53,1" doraHai="45" doraHaiUra="92" who="3" fromWho="2" sc="279,0,163,0,324,-58,224,68" /><INIT seed="3,1,0,4,4,40" ten="279,163,266,292" oya="3" hai0="109,53,19,17,47,35,85,10,7,67,45,16,62" hai1="56,29,3,71,32,14,34,80,27,55,65,123,127" hai2="87,57,107,131,126,22,94,108,68,51,33,8,92" hai3="11,96,18,58,104,110,122,132,100,61,117,116,119"/><W42/><G122/><T36/><D35/><U69/><E3/><V60/><F33/><W31/><G31/><T105/><D105/><U50/><E123/><V24/><F107/><W25/><G132/><T73/><D73/><U115/><E115/><V52/><F131/><W112/><G112/><T125/><D125/><U2/><E2/><V124/><F108/><W90/><G110/><T111/><D111/><U121/><E121/><V6/><F68/><W103/><G42/><T130/><D109/><U48/><E127/><N who="2" m="48683" /><F87/><W9/><G103/><T5/><D130/><U13/><E34/><V0/><F60/><W78/><G78/><T102/><D102/><U113/><E113/><V44/><F57/><W26/><G90/><T106/><D106/><U1/><E1/><V38/><F38/><W134/><G134/><T39/><D39/><U129/><E129/><V64/><F64/><W30/><G18/><AGARI ba="1,0" hai="0,6,8,18,22,24,44,51,52,92,94" m="48683" machi="18" ten="30,3900,0" yaku="18,1,52,1,54,1" doraHai="40" who="2" fromWho="3" sc="279,0,163,0,266,42,292,-42" owari="279,8.0,163,-34.0,308,41.0,250,-15.0" /></mjloggm>