<mjloggm ver="2.3"><GO type="97" lobby="0"/><UN n0="%EF%BE%8F%EF%BE%82%EF%BD%B6%EF%BD%BE%EF%BE%9E" n1="%E3%83%95%E3%82%BF%E3%82%A8%E3%83%8E%E3%82%AD%E3%83%AF%E3%83%9F" n2="%E3%82%B9%E3%82%B3%E3%83%83%E3%83%86%E3%82%A3%E3%81%95%E3%82%93" n3="%E3%82%A6%E3%83%AB%E3%83%88%E3%83%A9%E7%AB%8B%E7%9B%B4" dan="14,15,14,15" rate="1972.65,2047.92,1931.96,2003.26" sx="M,M,M,M"/><TAIKYOKU oya="0"/><INIT seed="0,0,0,4,5,88" ten="250,250,250,250" oya="0" hai0="103,14,98,13,43,61,47,31,35,132,104,125,25" hai1="5,89,60,97,128,58,59,51,1,21,71,55,114" hai2="0,121,45,85,67,79,50,126,33,75,70,87,91" hai3="56,38,54,4,27,10,77,124,123,113,49,74,76"/><T20/><D125/><U84/><E71/><V109/><F121/><W105/><G105/><T39/><D132/><U119/><E128/><V9/><F126/><W115/><G124/><T29/><D29/><U101/><E114/><V41/><F109/><W130/><G123/><T23/><D23/><U90/><E119/><V37/><F50/><W95/><G130/><T72/><D72/><U62/><E5/><N who="2" m="1191" /><F91/><W57/><G38/><T53/><D20/><U17/><E1/><V12/><F12/><W16/><G74/><T127/><D127/><U36/><E36/><V15/><F15/><N who="3" m="7287" /><G4/><T135/><D135/><U68/><E68/><V106/><F106/><W28/><G113/><T34/><D34/><U78/><E51/><V133/><F133/><W32/><G32/><T82/><D82/><U7/><E7/><V107/><F107/><W44/><G27/><T100/><REACH who="0" step="1"/><D100/><REACH who="0" ten="240,250,250,250" step="2"/><U63/><E101/><V40/><F33/><W92/><G28/><T48/><D48/><U112/><E21/><V52/><F75/><W2/><G115/><T18/><D18/><U99/><E17/><V8/><F37/><W117/><G117/><T86/><D86/><U102/><E102/><V64/><F85/><W93/><G2/><T118/><D118/><U3/><E3/><V30/><F87/><W108/><G108/><T11/><D11/><U94/><E112/><V83/><F30/><W73/><G73/><T122/><D122/><U65/><E84/><V42/><F83/><W24/><G24/><T66/><D66/><U69/><E65/><V131/><F67/><W26/><G26/><RYUUKYOKU ba="0,1" sc="240,15,250,-15,250,-15,250,15" hai0="13,14,25,31,35,39,43,47,53,61,98,103,104" hai3="44,49,54,56,57,76,77,92,93,95" /><INIT seed="0,1,1,0,0,20" ten="255,235,235,265" oya="0" hai0="115,34,19,131,76,128,48,81,77,79,101,98,33" hai1="92,118,94,11,51,99,60,89,55,85,84,29,133" hai2="108,71,59,63,7,87,12,28,117,70,135,86,53" hai3="40,21,93,112,107,78,25,67,45,110,26,36,100"/><T96/><D115/><U126/><E118/><V9/><F108/><W61/><G112/><T23/><D81/><U82/><E133/><V75/><F75/><W66/><G107/><T43/><D98/><U30/><E126/><V83/><F135/><W104/><G104/><T114/><D114/><U17/><E60/><V0/><F117/><W56/><G110/><T8/><D8/><U91/><E11/><V32/><F0/><W22/><G78/><T120/><D120/><U41/><E41/><V5/><F5/><W97/><G22/><T4/><D4/><U125/><E17/><V44/><F87/><W127/><G127/><T37/><D37/><U69/><E69/><V54/><F54/><W38/><G38/><T58/><D58/><N who="1" m="33151" /><E125/><V39/><F28/><W103/><G103/><AGARI ba="1,1" hai="29,30,82,84,85,89,91,92,94,99,103" m="33151" machi="103" ten="30,1000,0" yaku="8,1" doraHai="20" who="1" fromWho="3" sc="255,0,235,23,235,0,265,-13" /><INIT seed="1,0,0,3,0,48" ten="255,258,235,252" oya="1" hai0="119,3,28,2,93,118,8,21,97,37,45,111,83" hai1="106,12,87,58,47,40,120,69,96,30,79,131,122" hai2="121,115,43,123,63,65,126,22,7,34,105,29,133" hai3="98,92,4,32,11,134,1,14,26,80,132,27,57"/><U72/><E69/><V67/><F34/><W94/><G1/><T95/><D111/><U77/><E72/><V81/><F133/><N who="3" m="51307" /><G32/><T56/><D95/><N who="3" m="36393" /><G98/><T91/><D3/><U82/><E77/><V101/><F126/><W41/><G41/><T74/><D56/><U125/><E30/><V90/><F115/><W85/><G57/><T135/><D135/><U73/><E96/><V24/><F43/><W13/><G13/><T0/><D0/><U88/><E106/><V39/><F39/><W53/><G53/><T128/><D128/><U117/><E131/><V35/><F7/><W114/><G114/><T52/><D37/><U62/><E125/><V109/><F109/><W129/><G129/><T89/><D28/><U55/><E12/><V71/><F67/><W10/><G10/><T112/><D112/><U68/><E68/><V38/><F38/><W31/><G31/><T127/><D127/><U17/><E17/><V99/><F22/><W75/><G75/><T6/><D21/><U5/><E5/><V33/><F33/><W51/><G51/><T19/><D19/><U23/><E23/><V100/><F100/><W107/><G107/><T102/><D102/><U49/><E117/><V54/><F54/><W59/><G59/><T50/><REACH who="0" step="1"/><D89/><AGARI ba="0,0" hai="4,11,14,26,27,80,85,89" m="36393,51307" machi="89" ten="30,1000,0" yaku="20,1" doraHai="48" who="3" fromWho="0" sc="255,-10,258,0,235,0,252,10" /><INIT seed="2,0,0,4,5,42" ten="245,258,235,262" oya="2" hai0="130,14,115,10,84,45,103,126,0,48,98,74,61" hai1="90,47,68,66,102,4,106,27,122,55,111,108,104" hai2="25,8,58,67,16,79,131,69,13,59,75,20,56" hai3="96,35,113,28,1,65,37,88,50,81,134,110,91"/><V18/><F131/><W76/><G37/><T36/><D130/><U31/><E4/><V135/><F135/><W63/><G1/><T86/><D126/><U100/><E122/><V60/><REACH who="2" step="1"/><F79/><REACH who="2" ten="245,258,225,262" step="2"/><W52/><G134/><T70/><D115/><U57/><E108/><V9/><F9/><W24/><G110/><T3/><D36/><U49/><E111/><V101/><F101/><W80/><G113/><T83/><D3/><U123/><E102/><V116/><F116/><W117/><G117/><T114/><D0/><U95/><E100/><V15/><F15/><W30/><G76/><T23/><D114/><U71/><E123/><V118/><F118/><W44/><G91/><T92/><D74/><AGARI ba="0,1" hai="8,13,16,18,20,25,56,58,59,60,67,69,74,75" machi="74" ten="40,3900,0" yaku="1,1,54,1,53,0" doraHai="42" doraHaiUra="97" who="2" fromWho="0" sc="245,-39,258,0,225,49,262,0" /><INIT seed="2,1,0,4,4,32" ten="206,258,274,262" oya="2" hai0="12,93,0,5,68,11,19,53,27,113,91,89,38" hai1="60,30,43,128,98,104,96,22,129,8,84,58,42" hai2="109,100,67,135,112,133,103,102,115,120,108,52,99" hai3="14,13,116,131,72,23,9,31,36,82,57,88,130"/><V62/><F120/><W66/><G36/><T15/><D113/><N who="2" m="43594" /><F99/><W34/><G116/><T81/><D68/><U101/><E98/><V76/><F76/><W65/><G34/><T124/><D124/><U78/><E78/><V126/><F126/><W28/><G72/><T7/><D38/><U33/><E33/><V16/><F16/><N who="3" m="10647" /><G57/><T97/><D7/><U49/><E84/><V47/><F47/><W37/><G37/><T123/><D123/><U18/><E30/><N who="3" m="11306" /><G131/><T111/><D111/><N who="2" m="42570" /><F52/><W74/><G74/><T2/><D27/><U40/><E128/><V79/><F79/><W71/><G71/><AGARI ba="1,0" hai="62,67,71,100,102,103,133,135" m="42570,43594" machi="71" ten="40,3900,0" yaku="14,1,10,1" doraHai="32" who="2" fromWho="3" sc="206,0,258,0,274,42,262,-42" /><INIT seed="2,2,0,3,2,43" ten="206,258,316,220" oya="2" hai0="122,17,13,59,14,67,26,55,71,70,121,96,60" hai1="53,75,54,18,35,74,32,19,47,41,56,97,91" hai2="130,2,3,9,7,92,115,81,86,111,28,6,58" hai3="15,126,12,27,87,105,22,39,134,127,25,44,109"/><V131/><F115/><W42/><G105/><T132/><D132/><U90/><E41/><V118/><F118/><W120/><G120/><T38/><D38/><U4/><E97/><V110/><F28/><W8/><G134/><T23/><D71/><U116/><E56/><V34/><F34/><W49/><G109/><N who="2" m="41481" /><F92/><W84/><G39/><T117/><D117/><U94/><E94/><V36/><F36/><W24/><G22/><T107/><D14/><U99/><E99/><V21/><F21/><W83/><G15/><T11/><D96/><U78/><E4/><N who="2" m="1579" /><F58/><W1/><G1/><N who="2" m="9" /><F9/><W104/><G104/><T124/><D124/><N who="3" m="47657" /><G83/><T112/><D107/><U119/><E32/><V129/><F81/><W95/><G95/><T123/><D112/><U106/><E35/><V89/><F86/><W10/><G10/><T57/><REACH who="0" step="1"/><D55/><REACH who="0" ten="196,258,316,220" step="2"/><U79/><E106/><V5/><N who="2" m="1587" /><AGARI ba="2,1" hai="5,8,12,24,25,27,42,44,49,84,87" m="47657" machi="5" ten="30,3900,0" yaku="3,1,18,1,52,1" doraHai="43" who="3" fromWho="2" sc="196,0,258,0,316,-45,220,55" /><AGARI ba="2,0" hai="5,11,13,17,23,26,57,59,60,67,70,121,122,123" machi="5" ten="40,5200,0" yaku="1,1,2,1,3,1,53,0" doraHai="43" doraHaiUra="51" who="0" fromWho="2" sc="196,52,258,0,271,-52,275,0" /><INIT seed="3,0,0,0,4,39" ten="248,258,219,275" oya="3" hai0="18,32,19,11,69,34,56,0,70,57,106,104,71" hai1="72,65,35,99,77,16,21,88,86,84,14,76,60" hai2="109,1,59,5,93,44,38,81,112,31,55,115,121" hai3="132,101,135,2,130,102,108,54,100,87,114,66,41"/><W36/><G2/><T40/><D40/><U27/><E35/><N who="0" m="13353" /><D11/><N who="1" m="6239" /><E72/><V90/><F109/><W30/><G66/><T110/><D110/><U4/><E4/><V45/><F121/><W53/><G30/><T61/><D0/><U134/><E134/><N who="3" m="51242" /><G108/><T25/><D61/><U24/><E24/><V17/><F31/><W128/><G87/><N who="1" m="33322" /><E60/><V42/><F45/><N who="3" m="23719" /><G114/><T73/><D25/><U85/><E99/><V124/><F81/><W96/><G96/><T79/><D79/><U107/><E107/><N who="0" m="41001" /><D73/><U129/><E65/><V12/><F5/><W63/><G53/><T74/><D74/><U111/><E111/><V133/><F1/><W33/><G33/><T29/><D29/><N who="1" m="17647" /><E129/><V83/><F133/><W80/><G80/><AGARI ba="0,0" hai="76,77,80,85,88" m="17647,33322,6239" machi="80" ten="30,3900,0" yaku="8,1,54,2" doraHai="39" who="1" fromWho="3" sc="248,0,258,39,219,0,275,-39" /><INIT seed="4,0,0,4,2,11" ten="248,297,219,236" oya="0" hai0="4,80,108,75,84,28,131,98,86,9,123,121,35" hai1="26,69,27,122,105,129,82,68,106,110,87,76,85" hai2="124,50,89,111,77,54,13,130,115,103,113,52,34" hai3="72,58,79,95,90,21,48,56,71,107,61,102,125"/><T17/><D131/><U5/><E110/><V134/><F111/><W47/><G125/><T135/><D108/><U109/><E109/><V127/><F130/><W23/><G71/><T133/><D17/><U63/><E122/><V120/><F120/><W70/><G70/><T67/><D67/><U25/><E129/><V42/><F34/><W43/><G79/><T93/><D28/><U2/><E87/><N who="0" m="33321" /><D9/><U10/><REACH who="1" step="1"/><E63/><REACH who="1" ten="248,287,219,236" step="2"/><V30/><F134/><N who="0" m="51210" /><D35/><U31/><E31/><V101/><F30/><W116/><G72/><T60/><D60/><U74/><E74/><V12/><F77/><W112/><G61/><T44/><D44/><U37/><E37/><V73/><F73/><W64/><G47/><T65/><D65/><U94/><E94/><V119/><F50/><W59/><G95/><T6/><D6/><U18/><E18/><V114/><F119/><W16/><G48/><T40/><D4/><U97/><E97/><V3/><F114/><W96/><G112/><T38/><D38/><U22/><E22/><V19/><F19/><W46/><G21/><T14/><D14/><U92/><E92/><V62/><F62/><W57/><G64/><T118/><D118/><U81/><E81/><V53/><F3/><W83/><G83/><T126/><D126/><U132/><E132/><V99/><F127/><W100/><G116/><T78/><D40/><U36/><E36/><V91/><F124/><W41/><G41/><T0/><D0/><U66/><E66/><V15/><F42/><W88/><N who="3" m="14336" /><DORA hai="45" /><W29/><G29/><T117/><D117/><U1/><E1/><RYUUKYOKU ba="0,1" sc="248,15,287,15,219,-15,236,-15" hai0="75,78,80,93,98,121,123" hai1="2,5,10,25,26,27,68,69,76,82,85,105,106" /><INIT seed="4,1,1,4,4,122" ten="263,302,204,221" oya="0" hai0="107,33,111,96,58,32,79,5,90,108,87,88,24" hai1="10,68,37,124,1,6,51,110,109,19,95,121,89" hai2="4,69,41,20,71,103,30,117,59,62,2,84,128" hai3="38,27,74,101,70,132,134,73,3,43,85,77,113"/><T66/><D5/><U115/><E37/><V93/><F128/><W48/><G3/><T100/><D24/><U25/><E121/><V102/><F41/><W112/><G70/><T13/><D13/><U125/><E68/><V63/><F117/><W86/><G38/><T119/><D119/><U39/><E39/><V28/><F20/><W42/><G27/><T26/><D26/><U91/><E115/><N who="3" m="44106" /><G101/><T92/><D90/><N who="1" m="34315" /><E51/><V114/><F114/><W45/><G43/><T97/><D66/><U57/><E57/><V31/><F84/><N who="3" m="32363" /><G77/><T40/><D58/><U64/><E95/><V83/><F83/><W14/><G14/><T94/><D40/><U82/><E82/><V16/><F16/><W53/><G42/><T80/><D32/><U105/><E105/><V9/><F63/><W52/><G53/><T75/><D33/><U65/><E65/><V47/><F47/><W130/><G130/><T12/><D12/><U0/><E64/><V21/><F21/><W127/><G127/><N who="1" m="48714" /><E1/><V36/><F36/><W98/><G98/><T116/><D116/><U76/><E76/><V106/><F106/><W54/><G54/><T15/><D15/><U78/><E78/><V120/><F120/><W61/><G61/><T99/><D94/><U22/><AGARI ba="1,1" hai="0,6,10,19,22,25,109,110" m="48714,34315" machi="22" ten="30,4000,0" yaku="18,1,52,2" doraHai="122" who="1" fromWho="1" sc="263,-21,302,53,204,-11,221,-11" owari="242,4.0,355,46.0,193,-31.0,210,-19.0" /></mjloggm>