<mjloggm ver="2.3"><GO type="97" lobby="0"/><UN n0="%E3%82%A6%E3%83%AB%E3%83%88%E3%83%A9%E7%AB%8B%E7%9B%B4" n1="%73%75%70%61%70%61%70%61" n2="%E9%81%8B%E5%91%BD%E3%81%AB%E6%8A%97%E3%81%86" n3="%E3%82%B7%E3%83%A5%E3%83%AB%E3%83%84" dan="15,13,15,14" rate="1938.63,1897.69,2066.34,1860.19" sx="M,M,M,M"/><TAIKYOKU oya="0"/><INIT seed="0,0,0,2,5,64" ten="250,250,250,250" oya="0" hai0="7,77,80,120,55,5,15,81,119,23,72,65,4" hai1="27,24,31,46,45,34,70,121,13,40,20,88,61" hai2="50,1,19,44,38,102,6,56,112,105,74,71,92" hai3="51,124,98,108,106,122,42,97,48,86,30,135,73"/><T96/><D120/><U117/><E117/><V101/><F112/><W113/><G113/><T59/><D119/><U67/><E121/><V29/><F105/><W127/><G122/><T128/><D128/><U14/><E88/><V39/><F74/><W126/><G73/><T91/><D65/><U3/><E3/><V36/><F71/><W129/><G129/><T0/><D0/><U49/><REACH who="1" step="1"/><E45/><REACH who="1" ten="250,240,250,250" step="2"/><V82/><F44/><W87/><G135/><T90/><D91/><U62/><E62/><V118/><F118/><W2/><G2/><T43/><D90/><U99/><E99/><V123/><F123/><W69/><G98/><T85/><D96/><U103/><E103/><V60/><F60/><W89/><G97/><T125/><D81/><U12/><E12/><V94/><F102/><W93/><G89/><T10/><D80/><U79/><E79/><V130/><F82/><W37/><G127/><T95/><D125/><U11/><E11/><V32/><F101/><W114/><G114/><T16/><D77/><U22/><E22/><V111/><F94/><W53/><G93/><T54/><D95/><U107/><E107/><V9/><F92/><W35/><G106/><T28/><D10/><U47/><E47/><V132/><F130/><W21/><G126/><T52/><D23/><U26/><E26/><V78/><F78/><W63/><G21/><T25/><D25/><U17/><AGARI ba="0,1" hai="13,14,17,20,24,27,31,34,40,46,49,61,67,70" machi="17" ten="20,5200,0" yaku="1,1,0,1,7,1,52,1,53,0" doraHai="64" doraHaiUra="116" who="1" fromWho="1" sc="250,-26,240,62,250,-13,250,-13" /><INIT seed="1,0,0,0,5,89" ten="224,302,237,237" oya="1" hai0="51,22,64,6,62,26,18,75,58,0,121,94,3" hai1="39,36,69,78,93,95,106,81,130,127,101,47,66" hai2="33,97,32,65,128,99,46,9,45,10,72,86,104" hai3="8,17,125,44,111,77,82,117,21,102,116,5,61"/><U59/><E69/><V35/><F72/><W133/><G102/><T38/><D38/><U42/><E127/><V71/><F128/><W118/><G125/><T52/><D75/><U91/><E39/><V85/><F65/><W57/><G44/><N who="2" m="17001" /><F71/><W129/><G129/><T34/><D121/><U114/><E114/><V115/><F104/><W79/><G82/><T23/><D34/><U120/><E120/><V84/><F115/><W20/><G133/><T76/><D76/><N who="3" m="29257" /><G111/><T124/><D124/><U83/><E130/><V49/><F49/><W40/><G40/><T87/><D6/><U60/><E91/><V134/><F134/><W28/><G28/><N who="0" m="17495" /><D3/><U29/><E29/><V123/><F123/><W63/><G17/><T43/><D43/><U126/><E126/><V73/><F73/><W53/><G63/><T96/><D87/><U88/><E88/><V55/><F55/><W113/><G113/><T16/><D23/><U108/><E108/><V4/><F4/><W103/><G103/><N who="0" m="60823" /><D0/><AGARI ba="0,0" hai="0,5,8,20,21,53,57,61,116,117,118" m="29257" machi="0" ten="30,1000,0" yaku="12,1" doraHai="89" who="3" fromWho="0" sc="224,-10,302,0,237,0,237,10" /><INIT seed="2,0,0,2,5,118" ten="214,302,237,247" oya="2" hai0="103,2,11,76,43,21,92,72,100,101,78,88,27" hai1="0,116,71,68,41,28,14,104,32,65,99,62,17" hai2="113,19,42,54,13,15,82,24,29,51,9,126,53" hai3="48,129,83,33,12,112,39,35,30,50,46,85,56"/><V91/><F113/><W89/><G112/><T57/><D72/><U59/><E116/><V86/><F126/><W8/><G129/><T7/><D43/><U135/><E135/><V122/><F122/><W66/><G39/><T60/><D21/><U97/><E0/><V125/><F125/><W84/><G30/><T31/><D27/><U117/><E117/><V134/><F134/><W106/><G106/><T130/><D31/><U115/><E115/><V96/><F15/><W44/><G85/><T75/><D75/><U26/><E41/><V133/><F133/><W114/><G114/><T40/><D40/><U110/><E110/><V111/><F111/><W55/><G66/><T74/><D74/><U132/><E132/><V107/><F107/><W61/><G61/><T22/><D22/><U49/><E49/><V10/><F10/><W18/><REACH who="3" step="1"/><G56/><REACH who="3" ten="214,302,237,237" step="2"/><T93/><D130/><U94/><E104/><V47/><REACH who="2" step="1"/><F96/><REACH who="2" ten="214,302,227,237" step="2"/><W121/><G121/><T64/><REACH who="0" step="1"/><D93/><REACH who="0" ten="204,302,227,237" step="2"/><U52/><E94/><V119/><F119/><W131/><G131/><T128/><D128/><U127/><E127/><V123/><F123/><W105/><G105/><T70/><D70/><U95/><E95/><V90/><F90/><W34/><G34/><AGARI ba="0,3" hai="9,13,19,24,29,34,42,47,51,53,54,82,86,91" machi="34" ten="30,5800,0" yaku="1,1,7,1,53,1" doraHai="118" doraHaiUra="79" who="2" fromWho="3" sc="204,0,302,0,227,88,237,-58" /><INIT seed="2,1,0,3,2,74" ten="204,302,315,179" oya="2" hai0="46,63,81,104,44,124,95,99,69,54,123,130,6" hai1="31,8,86,10,132,110,114,115,90,117,49,100,33" hai2="107,17,122,24,43,119,16,82,92,93,96,42,21" hai3="41,26,133,120,9,126,14,71,58,18,59,52,2"/><V57/><F122/><W29/><G120/><T4/><D104/><U60/><E117/><V25/><F119/><W36/><G71/><T67/><D123/><U38/><E38/><V112/><F112/><W19/><G126/><T87/><D124/><U53/><E110/><V61/><F107/><W50/><G133/><T66/><D130/><U127/><E127/><V116/><F116/><W40/><G2/><T78/><D67/><U20/><E33/><V121/><F121/><W13/><G36/><T7/><REACH who="0" step="1"/><D54/><REACH who="0" ten="194,302,315,179" step="2"/><U28/><E53/><N who="2" m="33967" /><F82/><W0/><G0/><T34/><D34/><U45/><E114/><V88/><F93/><W79/><G79/><T22/><D22/><AGARI ba="1,1" hai="16,17,21,22,24,25,42,43,88,92,96" m="33967" machi="22" ten="30,11600,0" yaku="25,1,8,1,54,2" doraHai="74" who="2" fromWho="0" sc="194,-119,302,0,315,129,179,0" /><INIT seed="2,2,0,5,1,27" ten="75,302,444,179" oya="2" hai0="91,119,58,52,46,92,51,104,49,83,60,84,130" hai1="47,4,123,7,122,43,120,30,54,98,24,105,61" hai2="63,124,97,34,76,103,135,74,29,6,96,85,108" hai3="16,70,32,90,131,20,21,71,116,101,117,115,86"/><V88/><F135/><W59/><G32/><T62/><D104/><U73/><E73/><V102/><F124/><W99/><G115/><T44/><D130/><U38/><E105/><V42/><F42/><W33/><G33/><T132/><D132/><U35/><E98/><V95/><F6/><W19/><G131/><T89/><D119/><U114/><E114/><V129/><F129/><W78/><G78/><T107/><D107/><U18/><E18/><V77/><F63/><W25/><G59/><AGARI ba="2,0" hai="4,7,24,30,35,38,43,47,54,59,61,120,122,123" machi="59" ten="40,2600,0" yaku="13,1,52,1" doraHai="27" who="1" fromWho="3" sc="75,0,302,32,444,0,179,-32" /><INIT seed="3,0,0,5,4,26" ten="75,334,444,147" oya="3" hai0="35,1,87,108,135,82,99,57,20,110,112,78,114" hai1="23,73,130,93,11,15,116,89,122,14,111,117,127" hai2="90,51,70,25,8,94,129,40,107,54,84,103,18" hai3="2,105,30,132,126,85,100,91,61,81,68,38,47"/><W60/><G2/><T5/><D20/><U49/><E122/><V39/><F70/><W62/><G126/><T41/><D57/><U43/><E127/><V24/><F129/><W72/><G132/><T109/><D41/><U128/><E111/><N who="0" m="28417" /><T34/><DORA hai="101" /><D5/><N who="1" m="3439" /><E73/><V120/><F120/><W77/><G38/><T75/><D1/><U50/><E15/><N who="2" m="7527" /><F107/><W58/><G47/><T118/><D34/><U46/><E23/><V13/><F39/><W80/><G30/><T113/><D35/><U102/><E102/><V66/><F66/><W55/><REACH who="3" step="1"/><G68/><REACH who="3" ten="75,334,444,137" step="2"/><T67/><D67/><U123/><E123/><V63/><F40/><W42/><G42/><T119/><D135/><U124/><E124/><V31/><F31/><W16/><G16/><T10/><D10/><U19/><E19/><V134/><F134/><W115/><G115/><N who="0" m="29443" /><T48/><DORA hai="44" /><D48/><U22/><E50/><V104/><F51/><W28/><G28/><T53/><D53/><U6/><E128/><V74/><F54/><W12/><G12/><T76/><D99/><AGARI ba="0,1" hai="55,58,60,61,62,72,77,80,81,85,91,99,100,105" machi="99" ten="40,12000,1" yaku="1,1,52,1,53,3" doraHai="26,101,44" doraHaiUra="65,131,59" who="3" fromWho="0" sc="75,-120,334,0,444,0,137,130" owari="-45,-55.0,334,13.0,444,55.0,267,-13.0" /></mjloggm>