<mjloggm ver="2.3"><GO type="41" lobby="0"/><UN n0="%E3%82%AC%E3%82%B8%E3%82%AC%E3%82%B8" n1="%E3%82%A6%E3%83%AB%E3%83%88%E3%83%A9%E7%AB%8B%E7%9B%B4" n2="%E2%86%91%E3%81%84%E3%81%A3%E3%81%9F%E3%82%93%E2%86%93" n3="%E6%B5%B7%E6%A3%A0" dan="16,16,15,14" rate="2055.53,2058.76,1933.84,1893.79" sx="M,M,F,M"/><TAIKYOKU oya="0"/><INIT seed="0,0,0,1,1,47" ten="250,250,250,250" oya="0" hai0="26,37,118,80,89,42,105,76,131,95,79,51,117" hai1="38,30,18,32,34,88,43,99,20,132,57,120,115" hai2="69,134,72,12,41,91,17,9,113,96,15,70,44" hai3="11,109,114,3,85,135,31,125,66,55,39,101,25"/><T84/><D37/><U111/><E120/><V7/><F113/><W98/><G114/><T86/><D26/><U4/><E115/><V130/><F72/><W81/><G109/><T92/><D42/><U64/><E111/><V61/><F61/><W83/><G135/><T29/><D29/><U112/><E112/><V73/><F73/><W36/><G125/><T14/><D14/><U68/><E68/><V24/><F24/><W104/><G66/><T21/><D21/><U97/><E132/><V40/><F134/><W124/><G124/><T46/><D131/><U53/><E64/><V13/><F41/><W108/><G108/><T87/><D46/><U0/><E43/><V107/><F130/><W74/><G74/><N who="0" m="43031" /><D51/><N who="1" m="30911" /><E38/><V128/><F128/><W52/><G39/><T27/><D27/><N who="1" m="14743" /><E32/><V94/><F70/><W50/><G3/><T6/><D6/><U56/><E34/><V23/><F69/><W65/><G65/><T93/><D105/><U48/><E30/><V63/><F107/><W22/><G36/><T123/><D123/><U19/><E4/><V82/><F7/><W54/><G31/><T2/><D2/><U45/><E0/><V62/><F40/><W103/><G104/><T1/><D1/><U58/><E19/><V110/><F17/><W127/><G127/><T129/><D129/><U5/><E5/><V102/><F110/><W77/><G22/><T106/><D106/><U71/><E71/><V75/><F23/><W16/><G16/><T133/><D133/><U78/><E45/><V8/><F44/><W49/><G25/><T122/><D122/><RYUUKYOKU ba="0,0" sc="250,0,250,0,250,0,250,0" /><INIT seed="1,1,0,5,4,113" ten="250,250,250,250" oya="1" hai0="15,99,68,61,32,63,7,100,97,114,131,22,33" hai1="107,70,77,47,85,18,129,23,96,19,13,65,59" hai2="41,64,12,24,92,98,16,54,102,81,10,73,55" hai3="109,3,25,67,39,37,31,6,128,80,28,123,35"/><U106/><E129/><V78/><F41/><W110/><G128/><T124/><D114/><U83/><E70/><V108/><F108/><N who="3" m="41579" /><G123/><T115/><D115/><U127/><E127/><V90/><F64/><W50/><G31/><T94/><D124/><U119/><E47/><V43/><F43/><W14/><G3/><T29/><D131/><U75/><E75/><V93/><REACH who="2" step="1"/><F24/><REACH who="2" ten="250,250,240,250" step="2"/><W101/><G25/><T42/><D42/><U130/><E130/><V9/><F9/><W38/><G67/><T56/><D68/><U71/><E71/><V11/><F11/><W133/><G39/><T45/><D29/><U88/><E19/><V20/><F20/><W26/><G26/><T58/><D22/><U60/><E107/><V66/><F66/><W125/><G38/><T40/><D40/><U27/><E27/><V89/><F89/><W8/><G8/><T86/><D33/><U52/><E65/><V112/><F112/><W95/><G28/><T49/><D32/><U134/><E134/><V132/><F132/><W34/><G34/><T79/><D100/><U111/><E111/><V105/><F105/><W117/><G101/><T104/><D104/><U74/><E106/><V2/><F2/><W30/><G30/><T36/><D36/><U103/><E103/><V57/><F57/><W84/><G133/><T5/><D56/><U1/><E1/><V91/><F91/><W51/><G37/><T82/><D58/><U4/><E4/><V126/><F126/><W69/><G6/><T121/><D7/><U135/><E135/><V21/><F21/><W118/><G125/><RYUUKYOKU ba="1,1" sc="250,-10,250,-10,240,30,250,-10" hai2="10,12,16,54,55,73,78,81,90,92,93,98,102" /><INIT seed="2,2,1,2,5,59" ten="240,240,270,240" oya="2" hai0="44,82,47,104,93,92,13,58,97,133,78,32,129" hai1="60,10,24,39,75,89,22,20,30,29,68,17,4" hai2="33,106,62,135,41,34,69,94,120,127,122,73,105" hai3="40,123,83,88,56,125,76,27,38,128,132,49,86"/><V1/><F1/><W116/><G116/><T16/><D32/><U77/><E39/><V126/><F135/><W91/><G123/><N who="2" m="47145" /><F73/><W98/><G132/><T67/><D133/><U90/><E77/><V130/><F41/><W7/><G128/><T45/><D104/><N who="2" m="40042" /><F94/><W50/><G40/><T52/><D67/><U124/><E75/><V57/><F69/><W72/><G72/><T63/><D129/><U18/><E68/><V3/><F3/><W81/><G38/><T117/><D117/><U64/><E90/><V70/><F130/><W118/><G91/><T46/><N who="0" m="11776" /><DORA hai="115" /><T108/><D108/><U119/><E89/><V102/><F102/><W113/><G118/><T99/><D93/><U5/><E119/><V8/><F8/><W114/><G114/><T25/><D25/><U100/><E100/><V87/><F87/><W51/><G27/><T96/><D92/><U95/><E95/><V66/><F57/><W37/><G56/><T0/><D0/><U35/><E24/><V121/><N who="2" m="47153" /><V65/><DORA hai="28" /><F65/><W48/><G113/><T6/><D6/><U103/><E103/><V112/><F112/><W80/><G7/><T107/><D107/><U84/><E10/><V131/><F131/><W21/><G86/><T36/><D36/><U101/><E84/><V53/><F53/><W71/><G37/><T111/><D111/><U79/><E101/><V109/><F109/><W43/><G43/><T26/><D26/><U23/><E64/><V54/><F54/><W2/><G2/><T31/><D31/><U12/><E30/><V9/><F9/><RYUUKYOKU ba="2,1" sc="240,-10,240,-10,270,30,240,-10" hai2="33,34,62,66,70,126,127" /><INIT seed="2,3,1,3,0,47" ten="230,230,300,230" oya="2" hai0="4,46,27,98,95,122,60,51,118,34,87,102,21" hai1="83,50,67,110,113,3,44,69,99,77,134,120,37" hai2="35,62,96,72,14,45,119,64,63,130,6,92,70" hai3="73,89,28,123,91,107,115,129,22,79,17,58,126"/><V86/><F72/><W61/><G123/><T78/><D122/><U101/><E113/><V42/><F119/><W116/><G116/><T75/><D34/><U90/><E120/><V124/><F35/><W97/><G115/><T94/><D118/><U23/><E134/><V38/><F124/><W29/><G126/><T24/><D4/><U68/><E110/><V20/><F130/><W33/><G129/><T10/><D10/><U132/><E132/><V2/><F63/><W13/><G33/><T1/><D1/><U59/><E3/><V104/><F104/><W8/><G91/><T43/><D75/><U80/><E37/><V84/><F2/><W53/><G8/><T71/><D21/><U128/><E128/><V12/><F12/><W5/><G5/><T106/><D106/><U88/><E69/><V31/><F6/><W15/><G15/><T100/><D78/><U125/><E68/><V103/><REACH who="2" step="1"/><F14/><REACH who="2" ten="230,230,290,230" step="2"/><W93/><G13/><T18/><D60/><N who="1" m="38303" /><E125/><V9/><F9/><W112/><G73/><T81/><D71/><U74/><E74/><V66/><F66/><W108/><G61/><T40/><D27/><AGARI ba="3,2" hai="20,27,31,38,42,45,62,64,70,84,86,92,96,103" machi="27" ten="40,2000,0" yaku="1,1,53,0" doraHai="47" doraHaiUra="109" who="2" fromWho="0" sc="230,-29,230,0,290,49,230,0" /><INIT seed="2,4,0,2,3,122" ten="201,230,339,230" oya="2" hai0="56,34,91,83,37,89,97,17,103,39,8,81,120" hai1="87,61,21,71,119,126,95,9,69,79,31,0,49" hai2="3,1,102,114,70,80,13,75,27,85,5,90,25" hai3="23,42,73,19,43,44,116,62,78,93,10,57,51"/><V14/><F114/><W48/><G116/><T40/><D34/><U32/><E119/><V53/><F70/><W54/><G10/><T99/><D120/><U38/><E38/><V84/><F75/><W105/><G105/><T2/><D8/><U107/><E126/><V82/><F102/><W12/><G93/><T74/><D74/><U4/><E107/><V123/><F123/><W92/><G92/><T113/><D113/><U100/><E49/><V101/><F101/><W60/><REACH who="3" step="1"/><G42/><REACH who="3" ten="201,230,339,220" step="2"/><T108/><D40/><U130/><E95/><V16/><F3/><W35/><G35/><T67/><D2/><U22/><E9/><V65/><F1/><W66/><G66/><T131/><D103/><U20/><E32/><V127/><F65/><W63/><G63/><T24/><D67/><U11/><E61/><V133/><F127/><W18/><G18/><T96/><D96/><U128/><E100/><V47/><F16/><W110/><G110/><T64/><D17/><U29/><E29/><V50/><F5/><W36/><G36/><T77/><D64/><U129/><REACH who="1" step="1"/><E31/><REACH who="1" ten="201,220,339,220" step="2"/><V7/><F7/><W132/><G132/><T111/><D39/><U72/><E72/><V30/><F133/><W106/><G106/><T98/><D37/><U88/><E88/><N who="2" m="51223" /><F30/><W125/><G125/><T118/><D118/><U104/><E104/><V52/><F90/><W26/><G26/><T15/><D24/><U59/><E59/><V58/><F27/><W115/><G115/><T68/><D68/><U135/><E135/><V94/><F25/><W109/><G109/><T55/><D111/><RYUUKYOKU ba="4,2" sc="201,-15,220,15,339,-15,220,15" hai1="0,4,11,20,21,22,69,71,79,87,128,129,130" hai3="12,19,23,43,44,48,51,54,57,60,62,73,78" /><INIT seed="3,5,2,4,4,77" ten="186,235,324,235" oya="3" hai0="9,54,134,28,81,2,34,37,1,49,108,32,93" hai1="10,5,76,29,115,71,48,63,8,84,18,112,96" hai2="65,7,22,89,75,87,103,111,33,69,11,122,100" hai3="104,92,14,17,36,110,86,51,73,43,131,133,118"/><W40/><G118/><T102/><D37/><U30/><E112/><V3/><F33/><W124/><G124/><T113/><D113/><U13/><E115/><V21/><F75/><W4/><G133/><T120/><D134/><U97/><E71/><V130/><F122/><W68/><G68/><T83/><D120/><U27/><E63/><V41/><F130/><W23/><G131/><T109/><D102/><U50/><E96/><V114/><F114/><W24/><G104/><T15/><D93/><U26/><E97/><V101/><F111/><N who="0" m="42570" /><D2/><U88/><E76/><V80/><F41/><W128/><G128/><T72/><D72/><U105/><E105/><V16/><F65/><W99/><G36/><T132/><D1/><U78/><E78/><V135/><F69/><W31/><G73/><T20/><D20/><U106/><E106/><V94/><F135/><W116/><G110/><T127/><D127/><U44/><E27/><V55/><F22/><W59/><G23/><T60/><D60/><U98/><E98/><V117/><F117/><W53/><G24/><N who="0" m="18439" /><D34/><U91/><E26/><V79/><F55/><W107/><G53/><T6/><D132/><U82/><E91/><V67/><F103/><W52/><G116/><T39/><D39/><U125/><E125/><V47/><F101/><W45/><G107/><T85/><D85/><U126/><E126/><V95/><F100/><W70/><G86/><T42/><D42/><N who="1" m="24599" /><E50/><V119/><F119/><W38/><G51/><T58/><AGARI ba="5,2" hai="6,9,15,49,54,58,81,83" m="18439,42570" machi="58" ten="30,4000,0" yaku="14,1,52,2" doraHai="77" who="0" fromWho="0" sc="186,75,235,-15,324,-15,235,-25" /><INIT seed="4,0,0,0,3,132" ten="261,220,309,210" oya="0" hai0="71,66,104,129,56,20,31,102,83,133,24,33,63" hai1="88,98,101,9,109,130,77,75,44,17,52,107,80" hai2="82,46,113,131,81,2,116,61,67,126,73,68,122" hai3="58,14,90,118,4,78,54,64,55,15,50,120,49"/><T84/><D133/><U65/><E109/><V34/><RYUUKYOKU type="yao9" ba="0,0" sc="261,0,220,0,309,0,210,0" hai2="2,34,46,61,67,68,73,81,82,113,116,122,126,131" /><INIT seed="4,1,0,4,2,106" ten="261,220,309,210" oya="0" hai0="99,83,47,107,105,94,103,127,121,39,17,18,37" hai1="78,16,75,116,133,124,88,62,72,59,91,92,108" hai2="19,30,40,85,98,82,35,25,70,113,96,109,2" hai3="119,27,64,45,80,112,100,13,110,48,122,32,102"/><T95/><D121/><U90/><E108/><V7/><F109/><W118/><G110/><T8/><D127/><U101/><E116/><V77/><F113/><W123/><G112/><T125/><D125/><U69/><E69/><V76/><F70/><W135/><G135/><T58/><D58/><U49/><E124/><V71/><F71/><W74/><G64/><T41/><D37/><U81/><E133/><V117/><F117/><W129/><G129/><T52/><D83/><U9/><E49/><V51/><F19/><W68/><G68/><T24/><D52/><U4/><E101/><V22/><F22/><W63/><G102/><T86/><D24/><U26/><E75/><V84/><F40/><W114/><G74/><T50/><D39/><U126/><E126/><V42/><F42/><W57/><G122/><T61/><D61/><U28/><E16/><V43/><F43/><W15/><G123/><T97/><D86/><U5/><E92/><V36/><F36/><W120/><G80/><T104/><REACH who="0" step="1"/><D8/><REACH who="0" ten="251,220,309,210" step="2"/><U54/><REACH who="1" step="1"/><E9/><REACH who="1" ten="251,210,309,210" step="2"/><N who="2" m="2295" /><F51/><W14/><G48/><T12/><D12/><U131/><E131/><V46/><F82/><W29/><G120/><T21/><D21/><AGARI ba="1,2" hai="4,5,21,26,28,54,59,62,72,78,81,88,90,91" machi="21" ten="40,5200,0" yaku="1,1,52,1,54,1,53,0" doraHai="106" doraHaiUra="34" who="1" fromWho="0" sc="251,-55,210,75,309,0,210,0" /><INIT seed="5,0,0,2,1,88" ten="196,285,309,210" oya="1" hai0="103,41,101,34,21,130,77,9,126,12,90,133,4" hai1="105,20,51,38,96,33,129,111,87,81,117,59,42" hai2="13,28,109,127,45,80,57,115,68,36,107,35,85" hai3="69,132,23,102,108,10,135,92,122,123,58,1,25"/><U82/><E33/><V84/><F109/><W70/><G108/><T29/><D34/><U78/><E117/><V46/><F68/><W32/><G32/><T73/><D133/><N who="3" m="51273" /><G58/><T120/><D120/><N who="3" m="46121" /><G1/><T118/><D118/><U16/><E129/><V63/><F107/><W131/><G131/><T83/><D130/><U89/><E111/><V114/><F127/><W52/><G10/><T128/><D128/><U98/><E105/><V124/><F124/><W8/><G8/><T31/><D126/><U18/><E38/><V65/><F84/><W40/><G40/><T86/><D41/><U106/><E106/><V76/><F36/><W134/><G134/><T14/><D31/><U47/><E59/><V37/><F13/><W93/><G52/><T17/><REACH who="0" step="1"/><D29/><REACH who="0" ten="186,285,309,210" step="2"/><U125/><E125/><V100/><F114/><W62/><G62/><T72/><D72/><U116/><E116/><V0/><F115/><W27/><G27/><T112/><D112/><U43/><E43/><V3/><F28/><W11/><G25/><T15/><D15/><U61/><E42/><V104/><F35/><W6/><G11/><T22/><D22/><U56/><E20/><V54/><F37/><W7/><G23/><T94/><AGARI ba="0,1" hai="4,9,12,14,17,21,73,77,83,86,90,94,101,103" machi="94" ten="20,5200,0" yaku="1,1,0,1,7,1,52,1,53,0" doraHai="88" doraHaiUra="39" who="0" fromWho="0" sc="186,62,285,-26,309,-13,210,-13" /><INIT seed="6,0,0,5,2,0" ten="248,259,296,197" oya="2" hai0="98,100,134,115,39,99,72,66,55,80,90,34,45" hai1="15,108,62,27,51,9,76,52,65,107,106,47,13" hai2="53,40,49,91,26,113,42,97,118,61,124,48,19" hai3="12,133,126,120,85,44,93,84,16,58,57,36,30"/><V21/><F118/><W95/><G120/><T110/><D34/><U17/><E108/><V64/><F113/><W87/><G126/><T35/><D35/><U88/><E76/><V112/><F112/><W28/><G133/><T69/><D110/><U67/><E27/><V29/><F124/><W102/><G36/><T18/><D134/><U11/><E88/><V122/><F122/><W132/><G132/><T123/><D123/><U75/><E75/><V1/><F1/><W71/><G71/><T77/><D115/><U83/><E83/><V117/><F29/><N who="3" m="11371" /><G44/><T125/><D125/><U86/><E86/><V111/><F111/><W59/><G102/><T4/><D4/><U78/><E78/><V38/><F38/><W135/><G135/><T32/><D32/><U114/><E114/><V41/><F117/><W101/><G101/><T94/><D66/><U127/><E127/><V23/><F23/><AGARI ba="0,0" hai="12,16,23,57,58,59,84,85,87,93,95" m="11371" machi="23" ten="30,2000,0" yaku="8,1,54,1" doraHai="0" who="3" fromWho="2" sc="248,0,259,0,296,-20,197,20" /><INIT seed="7,0,0,3,5,59" ten="248,259,276,217" oya="3" hai0="2,36,18,62,106,19,113,52,58,88,63,97,126" hai1="70,46,44,16,27,74,130,3,11,45,22,128,25" hai2="129,132,32,41,79,112,85,75,87,68,107,28,12" hai3="51,65,8,56,53,60,80,39,26,72,118,4,54"/><W100/><G118/><T104/><D2/><U29/><E74/><V57/><F68/><W66/><G39/><T120/><D36/><U1/><E70/><V124/><F107/><W71/><G100/><T48/><D120/><U14/><REACH who="1" step="1"/><E27/><REACH who="1" ten="248,249,276,217" step="2"/><N who="2" m="18463" /><F112/><W78/><G71/><T35/><D113/><U20/><E20/><V83/><F75/><W13/><G26/><T24/><D106/><U76/><E76/><V92/><F79/><W121/><G121/><T37/><D104/><U134/><E134/><V90/><F132/><W38/><G38/><T82/><D37/><U5/><E5/><V69/><F69/><W123/><G123/><T103/><D126/><U116/><E116/><V131/><F124/><W23/><REACH who="3" step="1"/><G23/><REACH who="3" ten="248,249,276,207" step="2"/><N who="0" m="13431" /><D35/><U34/><E34/><V17/><F131/><AGARI ba="0,2" hai="1,3,11,14,16,22,25,29,44,45,46,128,130,131" machi="131" ten="40,12000,2" yaku="1,1,19,1,54,1,53,3" doraHai="59" doraHaiUra="125" who="1" fromWho="2" sc="248,0,249,140,276,-120,207,0" owari="248,5.0,389,48.0,156,-34.0,207,-19.0" /></mjloggm>