<mjloggm ver="2.3"><GO type="169" lobby="0"/><UN n0="%61%6B%69%6E%61%72%69%30" n1="%E7%A5%AD%E4%BA%BA" n2="%EF%BC%88%E2%89%A7%E2%96%BD%E2%89%A6%EF%BC%89" n3="%E3%82%A8%E3%83%88%E3%81%BA%E3%83%B3" dan="18,17,19,17" rate="2145.26,2207.53,2337.61,2140.39" sx="F,M,M,F"/><TAIKYOKU oya="0"/><INIT seed="0,0,0,0,4,53" ten="250,250,250,250" oya="0" hai0="123,18,44,68,40,4,96,58,25,73,102,72,59" hai1="36,117,20,21,112,92,85,62,2,15,119,74,99" hai2="134,28,16,77,26,65,91,55,133,110,60,35,121" hai3="104,34,6,64,80,71,49,11,61,8,5,105,24"/><T45/><D68/><U30/><E2/><V29/><F121/><W63/><G49/><T41/><D123/><U31/><E74/><V23/><F77/><W38/><G80/><T83/><D4/><U56/><E36/><V50/><F110/><W135/><G135/><N who="2" m="51721" /><F91/><W108/><G108/><T52/><D83/><U97/><E112/><V116/><F116/><W103/><G38/><T14/><D25/><U1/><E1/><V82/><F82/><W132/><G132/><T66/><D66/><U122/><E85/><V47/><F35/><W111/><G111/><T33/><D33/><U46/><E99/><V90/><F90/><W114/><G114/><T84/><D84/><U81/><E81/><V48/><F48/><W100/><G64/><T126/><D126/><U22/><E122/><V75/><F75/><W51/><G51/><N who="0" m="28783" /><D72/><U78/><E78/><V88/><F88/><W131/><G34/><T43/><D44/><U106/><E46/><V89/><F89/><W13/><G24/><T76/><D76/><U113/><E113/><V7/><F7/><W37/><G37/><T87/><D87/><U57/><E117/><V42/><F55/><W12/><G71/><AGARI ba="0,0" hai="16,23,26,28,29,42,47,50,60,65,71" m="51721" machi="71" ten="30,2000,0" yaku="20,1,54,1" doraHai="53" who="2" fromWho="3" sc="250,0,250,0,250,20,250,-20" /><INIT seed="1,0,0,0,5,65" ten="250,250,270,230" oya="1" hai0="37,14,18,125,46,28,89,119,67,9,110,117,31" hai1="35,59,64,3,25,114,92,71,68,98,94,24,52" hai2="124,103,55,90,130,134,80,122,87,54,107,135,82" hai3="60,41,72,17,91,32,128,101,100,86,7,109,6"/><U42/><E114/><V78/><F122/><W23/><G32/><T10/><D125/><U27/><E3/><V45/><F45/><W34/><G34/><T96/><D110/><U48/><E35/><V33/><F33/><W102/><G72/><T111/><D111/><U66/><E42/><V8/><F8/><W50/><G128/><T40/><D67/><U127/><E127/><V133/><F124/><W38/><G38/><T19/><D96/><U106/><E66/><V36/><F36/><W57/><G109/><T61/><D61/><U84/><E106/><V75/><REACH who="2" step="1"/><F130/><REACH who="2" ten="250,250,260,230" step="2"/><W21/><G21/><T29/><REACH who="0" step="1"/><D89/><REACH who="0" ten="240,250,260,230" step="2"/><U74/><E74/><V70/><F70/><W56/><G91/><T95/><D95/><U116/><E92/><V108/><F108/><W49/><G101/><T93/><D93/><U43/><E71/><V73/><F73/><W69/><G102/><T15/><AGARI ba="0,2" hai="9,10,14,15,18,19,28,29,31,37,40,46,117,119" machi="15" ten="30,8000,1" yaku="1,1,0,1,9,1,53,2" doraHai="65" doraHaiUra="12" who="0" fromWho="0" sc="240,100,250,-40,260,-20,230,-20" /><INIT seed="2,0,0,1,3,14" ten="340,210,240,210" oya="2" hai0="39,101,8,25,47,17,36,5,87,18,53,38,54" hai1="92,69,70,110,114,62,52,78,113,59,63,112,84" hai2="95,105,27,1,96,79,50,93,23,133,49,42,30" hai3="91,26,102,35,68,77,135,99,64,134,107,20,13"/><V123/><F1/><W12/><G77/><T15/><D101/><U31/><E31/><V57/><F123/><W21/><G91/><T129/><D129/><U80/><E110/><V106/><F133/><N who="3" m="50699" /><G20/><T120/><D120/><U111/><E111/><V41/><F79/><W124/><G124/><T58/><D25/><U90/><REACH who="1" step="1"/><E63/><REACH who="1" ten="340,200,240,210" step="2"/><V66/><F30/><N who="3" m="17743" /><G35/><T119/><D119/><U126/><E126/><V40/><F50/><W71/><G71/><T65/><D38/><U76/><E76/><V103/><F49/><W55/><G55/><T4/><D39/><U67/><E67/><V81/><F66/><W11/><G11/><T109/><D36/><U51/><E51/><V19/><F23/><W0/><G0/><T121/><D65/><U33/><E33/><V28/><F28/><W125/><G125/><T131/><D121/><U108/><E108/><V61/><F41/><W88/><G64/><T34/><D34/><U16/><E16/><V22/><F40/><W115/><G68/><T83/><D109/><U98/><AGARI ba="0,1" hai="52,59,62,69,70,78,80,84,90,92,98,112,113,114" machi="98" ten="30,4000,0" yaku="1,1,0,1,54,1,53,0" doraHai="14" doraHaiUra="32" who="1" fromWho="1" sc="340,-10,200,50,240,-20,210,-10" /><INIT seed="3,0,0,4,3,114" ten="330,250,220,200" oya="3" hai0="12,118,94,112,5,123,29,135,17,58,19,92,11" hai1="6,54,50,91,126,88,71,10,8,72,106,116,51" hai2="9,105,97,22,62,115,130,21,68,67,57,73,30" hai3="110,13,96,79,87,89,83,56,44,111,69,65,61"/><W14/><G69/><T99/><D112/><U40/><E71/><V81/><F115/><W41/><G96/><T45/><D123/><U24/><E72/><V38/><F38/><W120/><G120/><T102/><D118/><U70/><E70/><V77/><F130/><W108/><REACH who="3" step="1"/><G79/><REACH who="3" ten="330,250,220,190" step="2"/><T78/><D78/><U53/><E106/><V49/><F97/><W48/><AGARI ba="0,1" hai="13,14,41,44,48,56,61,65,83,87,89,108,110,111" machi="48" ten="30,12000,1" yaku="1,1,2,1,0,1,14,1,10,1,53,0" doraHai="114" doraHaiUra="101" who="3" fromWho="3" sc="330,-40,250,-40,220,-40,190,130" /><INIT seed="3,1,0,0,1,65" ten="290,210,180,320" oya="3" hai0="113,107,67,3,35,105,131,117,19,123,76,68,63" hai1="110,132,36,103,18,49,93,4,120,28,128,8,126" hai2="80,89,70,60,33,84,74,127,54,5,56,45,109" hai3="85,47,118,133,11,101,82,64,69,90,115,72,58"/><W27/><G115/><T116/><D113/><U59/><E36/><V108/><F33/><W99/><G118/><T57/><D123/><U97/><E28/><V20/><F127/><W122/><G122/><T44/><D3/><U104/><E120/><V129/><F129/><W124/><G124/><T23/><D35/><U15/><E126/><V12/><F74/><W135/><G72/><T53/><D131/><U21/><E128/><V10/><F45/><W14/><G27/><T25/><D76/><U48/><E110/><V119/><F119/><W125/><G125/><T87/><D87/><U34/><E34/><V13/><F20/><W40/><G58/><T95/><D117/><U111/><E111/><N who="2" m="42571" /><F13/><W77/><G90/><T102/><D44/><U22/><E132/><N who="3" m="50762" /><G99/><T134/><D116/><U26/><E104/><V98/><F98/><W1/><G101/><T50/><D134/><U79/><E79/><V121/><F121/><W43/><G1/><T30/><D95/><U46/><E46/><V7/><F7/><N who="3" m="3455" /><G47/><T75/><D102/><U62/><REACH who="1" step="1"/><E22/><REACH who="1" ten="290,200,180,320" step="2"/><V16/><F5/><W100/><G100/><T9/><D105/><U52/><AGARI ba="1,1" hai="4,8,15,18,21,26,48,49,52,59,62,93,97,103" machi="52" ten="20,12000,2" yaku="1,1,2,1,0,1,7,1,8,1,54,1,53,0" doraHai="65" doraHaiUra="29" who="1" fromWho="1" sc="290,-31,200,133,180,-31,320,-61" /><INIT seed="4,0,0,4,3,96" ten="259,333,149,259" oya="0" hai0="17,108,122,100,112,113,111,43,88,1,46,123,5" hai1="76,57,114,131,80,21,67,26,42,18,34,127,6" hai2="56,126,55,47,103,64,97,36,45,72,58,86,69" hai3="128,31,12,102,20,51,85,70,104,121,24,60,91"/><T44/><D1/><U9/><E127/><V33/><F72/><W63/><G121/><N who="0" m="46091" /><D5/><U10/><E131/><V15/><F126/><W82/><G128/><T29/><D29/><U101/><E34/><V22/><F33/><W89/><G70/><T59/><D17/><U8/><E114/><N who="0" m="44137" /><D100/><U52/><E67/><V133/><F133/><W115/><G115/><T40/><D59/><U41/><E101/><V68/><F58/><W106/><G12/><T92/><D92/><U105/><E6/><V28/><F28/><W78/><G104/><T77/><D88/><U48/><REACH who="1" step="1"/><E105/><REACH who="1" ten="259,323,149,259" step="2"/><V94/><F103/><W119/><G102/><T93/><D77/><U109/><E109/><N who="0" m="42057" /><D93/><U19/><E19/><V129/><F94/><W49/><G106/><T14/><D14/><U83/><E83/><V25/><F15/><W98/><G78/><T3/><D3/><U37/><E37/><V125/><F36/><W35/><G82/><T61/><D61/><U65/><E65/><V2/><F64/><W71/><G63/><T117/><D117/><U39/><E39/><V62/><F62/><W11/><G60/><T87/><D87/><AGARI ba="0,1" hai="8,9,10,18,21,26,41,42,48,52,57,76,80,87" machi="87" ten="40,8000,1" yaku="1,1,8,1,54,1,53,1" doraHai="96" doraHaiUra="23" who="1" fromWho="0" sc="259,-80,323,90,149,0,259,0" /><INIT seed="5,0,0,2,4,47" ten="179,413,149,259" oya="1" hai0="56,102,107,76,81,24,84,134,58,59,54,108,123" hai1="104,17,114,23,63,13,51,122,99,65,19,34,14" hai2="3,66,118,39,91,116,67,92,93,129,0,53,97" hai3="113,8,128,112,130,132,26,31,48,121,89,12,115"/><U96/><E122/><V70/><F39/><W7/><G121/><T64/><D123/><U86/><E34/><V127/><F127/><W119/><G89/><T57/><D108/><U46/><E86/><V88/><F129/><W124/><G124/><T61/><D134/><U49/><E114/><V69/><F53/><W4/><G132/><T71/><D24/><U60/><E104/><V100/><F97/><N who="1" m="37449" /><E46/><V21/><F21/><N who="3" m="15823" /><G119/><T50/><D107/><U42/><E42/><V5/><REACH who="2" step="1"/><F5/><REACH who="2" ten="179,413,139,259" step="2"/><W74/><G4/><T2/><D2/><U6/><E6/><V20/><F20/><W22/><G22/><T110/><D110/><U25/><E65/><V133/><F133/><W36/><G36/><T87/><REACH who="0" step="1"/><D102/><AGARI ba="0,1" hai="0,3,66,67,69,70,88,91,92,93,100,102,116,118" machi="102" ten="25,6400,0" yaku="1,1,22,2,54,1,53,0" doraHai="47" doraHaiUra="40" who="2" fromWho="0" sc="179,-64,413,0,139,74,259,0" /><INIT seed="6,0,0,3,5,112" ten="115,413,213,259" oya="2" hai0="6,67,76,80,125,25,39,49,109,111,87,60,31" hai1="85,100,5,64,131,63,22,71,61,108,4,130,122" hai2="53,107,20,101,42,18,34,2,78,96,14,126,103" hai3="99,113,45,83,13,62,54,134,105,94,51,106,120"/><V129/><F2/><W28/><G120/><T40/><D39/><U15/><E108/><V72/><F129/><N who="1" m="49161" /><E122/><V93/><F34/><W12/><G113/><T81/><D125/><U21/><E100/><V104/><F126/><W11/><G134/><T10/><D80/><U44/><E44/><V16/><F42/><W29/><G105/><T70/><D25/><U30/><E85/><V121/><F121/><W84/><G106/><T97/><D97/><U41/><E41/><V50/><F101/><W102/><G62/><T118/><D31/><U23/><E30/><V55/><F55/><W19/><REACH who="3" step="1"/><G13/><REACH who="3" ten="115,413,213,249" step="2"/><T7/><D7/><N who="1" m="2635" /><E63/><V48/><F107/><W37/><G37/><T124/><D124/><U47/><E15/><V110/><F14/><W88/><AGARI ba="0,1" hai="11,12,19,28,29,45,51,54,83,84,88,94,99,102" machi="88" ten="20,12000,2" yaku="1,1,0,1,7,1,25,2,8,1,54,1,53,0" doraHai="112" doraHaiUra="32" who="3" fromWho="3" sc="115,-30,413,-30,213,-60,249,130" /><INIT seed="7,0,0,0,3,30" ten="85,383,153,379" oya="3" hai0="33,36,83,94,4,134,67,100,87,57,23,82,47" hai1="126,8,7,81,130,10,117,93,16,20,123,68,110" hai2="98,42,62,25,61,107,89,108,9,104,53,106,18" hai3="17,128,96,84,90,39,99,135,58,66,116,113,76"/><W52/><G116/><T95/><D134/><U97/><E110/><V122/><F108/><W29/><G39/><T49/><D36/><U2/><E123/><V26/><F122/><W1/><G1/><T50/><D4/><U120/><E120/><V24/><F42/><W109/><G109/><T64/><D33/><U129/><E126/><V37/><F37/><W111/><G111/><T11/><D11/><U27/><E117/><V60/><F53/><W31/><G135/><T59/><D100/><U65/><E81/><V121/><F121/><W63/><G128/><N who="1" m="49258" /><E10/><V21/><F9/><W41/><G41/><T38/><D38/><U55/><E55/><V19/><F21/><W91/><G113/><T88/><D23/><U102/><E65/><V3/><F3/><W72/><G72/><T124/><D124/><U71/><AGARI ba="0,0" hai="2,7,8,16,20,27,68,71,93,97,102" m="49258" machi="71" ten="30,2000,0" yaku="19,1,54,1" doraHai="30" who="1" fromWho="1" sc="85,-5,383,20,153,-5,379,-10" owari="80,-42.0,403,50.0,148,-25.0,369,17.0" /></mjloggm>