<mjloggm ver="2.3"><GO type="97" lobby="0"/><UN n0="%73%61%69%73%73%37%37%37" n1="%E3%82%8D%E3%81%8F%E3%81%95%E3%82%93" n2="%E3%82%8B%E3%81%84%E3%81%93%E3%81%99%E3%81%9F" n3="%E3%82%A6%E3%83%AB%E3%83%88%E3%83%A9%E7%AB%8B%E7%9B%B4" dan="15,14,13,15" rate="1979.20,1971.74,1815.18,1978.43" sx="M,M,M,M"/><TAIKYOKU oya="0"/><INIT seed="0,0,0,0,5,46" ten="250,250,250,250" oya="0" hai0="127,82,77,84,87,118,1,19,41,4,15,8,26" hai1="101,36,35,57,106,3,53,90,9,124,123,107,109" hai2="59,17,108,51,95,135,112,110,29,98,48,72,55" hai3="34,44,75,80,125,81,94,20,97,7,25,113,12"/><T64/><D118/><U120/><E35/><V67/><F72/><W85/><G113/><T22/><D127/><U18/><E36/><V61/><F112/><W73/><G34/><T31/><D64/><U28/><E28/><V104/><F104/><W40/><G81/><T105/><D41/><U39/><E39/><V96/><F96/><W47/><G47/><T70/><D105/><U38/><E38/><V49/><F135/><W50/><G125/><T2/><D70/><U45/><E45/><V5/><F29/><W69/><G69/><T23/><D87/><U99/><E107/><V114/><F17/><W6/><G75/><T71/><D71/><U103/><E103/><V100/><F114/><W56/><G56/><T10/><D8/><U115/><E115/><V92/><F5/><W88/><G12/><AGARI ba="0,0" hai="1,2,4,10,12,15,19,22,23,26,31,77,82,84" machi="12" ten="30,1500,0" yaku="7,1" doraHai="46" who="0" fromWho="3" sc="250,15,250,0,250,0,250,-15" /><INIT seed="0,1,0,5,0,5" ten="265,250,250,235" oya="0" hai0="16,111,100,67,11,77,31,91,99,40,36,66,15" hai1="29,102,65,1,18,74,23,42,71,78,54,76,96" hai2="118,135,6,105,47,115,43,119,45,84,133,106,27" hai3="58,124,68,101,62,126,112,2,61,121,134,21,94"/><T114/><D114/><U109/><E109/><V103/><F115/><W41/><G112/><T117/><D117/><N who="2" m="44554" /><F84/><W55/><G2/><T25/><D111/><U128/><E128/><V10/><F27/><W53/><G94/><T75/><D91/><U123/><E42/><V37/><F103/><W85/><G85/><T98/><D98/><U130/><E1/><N who="2" m="335" /><F47/><W83/><G83/><T72/><D72/><U14/><E74/><V26/><F26/><W95/><G95/><T89/><D89/><U129/><E123/><V120/><F120/><W122/><G101/><T80/><D40/><U30/><E54/><V97/><F97/><W131/><G21/><T59/><D59/><U35/><E76/><V107/><AGARI ba="1,0" hai="37,43,45,105,106,107,133,135" m="335,44554" machi="107" ten="40,5200,0" yaku="12,1,23,1,52,1" doraHai="5" who="2" fromWho="2" sc="265,-27,250,-14,250,55,235,-14" /><INIT seed="1,0,0,2,4,121" ten="238,236,305,221" oya="1" hai0="59,105,115,89,125,95,85,74,2,124,9,52,31" hai1="27,77,44,110,79,128,41,109,42,0,8,28,26" hai2="46,127,11,83,96,72,13,86,53,73,134,38,48" hai3="25,90,4,20,84,117,78,88,103,15,37,119,114"/><U10/><E128/><V126/><F38/><W104/><G37/><T49/><D115/><U106/><E106/><V39/><F39/><W122/><G114/><T107/><D74/><U33/><E0/><V135/><F96/><N who="3" m="61543" /><G122/><T51/><D31/><U43/><E44/><V99/><F99/><W21/><G78/><T93/><D93/><U94/><E26/><V92/><F92/><W62/><G62/><T61/><D61/><U131/><E94/><V111/><F111/><N who="1" m="42505" /><E131/><V36/><F36/><W22/><G25/><T63/><D105/><U68/><E68/><V7/><F73/><W133/><G84/><T67/><D107/><U17/><E17/><V24/><F72/><W45/><G45/><T47/><REACH who="0" step="1"/><D51/><REACH who="0" ten="228,236,305,221" step="2"/><U69/><E69/><V57/><F24/><W101/><G119/><T54/><D54/><U82/><E79/><N who="2" m="46463" /><F46/><W80/><G117/><T60/><D60/><U76/><E76/><V81/><F81/><W55/><G80/><T35/><D35/><U40/><N who="1" m="10752" /><DORA hai="18" /><U3/><E3/><V123/><F123/><W5/><G55/><T16/><D16/><U87/><AGARI ba="0,1" hai="8,10,27,28,33,77,82,87" m="10752,42505" machi="87" ten="50,12000,1" yaku="14,1,10,1,52,3" doraHai="121,18" who="1" fromWho="1" sc="228,-40,236,130,305,-40,221,-40" /><INIT seed="1,1,0,3,0,40" ten="188,366,265,181" oya="1" hai0="121,37,12,117,94,3,78,108,63,77,24,70,101" hai1="119,115,82,130,18,126,20,106,8,98,92,76,61" hai2="67,30,36,93,26,133,122,6,74,87,89,85,7" hai3="125,75,41,68,128,123,79,72,118,53,84,35,50"/><U10/><E119/><V129/><F74/><W45/><G123/><T103/><D117/><U43/><E115/><V0/><F122/><W64/><G118/><T111/><D3/><U102/><E126/><V112/><F0/><W44/><G35/><T81/><D37/><U65/><E43/><V54/><F112/><W25/><G125/><T38/><D38/><U62/><E106/><V99/><F36/><W47/><G128/><T22/><D12/><U114/><E130/><V132/><F129/><W39/><G47/><T46/><D46/><U29/><E29/><V107/><F67/><W23/><G79/><T52/><D70/><U5/><E5/><V42/><F42/><W131/><G131/><T113/><D113/><U124/><E124/><V19/><F54/><W13/><G13/><T80/><D121/><U4/><E4/><N who="2" m="1579" /><F19/><W33/><G33/><T105/><D105/><U97/><E97/><V110/><F110/><N who="0" m="42026" /><D94/><U100/><E114/><V57/><F57/><W9/><G9/><N who="1" m="3690" /><E65/><V51/><F107/><W60/><REACH who="3" step="1"/><G84/><REACH who="3" ten="188,366,265,171" step="2"/><N who="0" m="48143" /><D78/><U104/><E76/><V15/><F15/><W86/><G86/><T56/><D81/><U32/><E82/><V49/><F87/><W135/><G135/><N who="2" m="51785" /><F85/><W55/><G55/><T127/><D127/><U28/><E32/><AGARI ba="1,1" hai="26,30,32,49,51,89,93,99" m="51785,1579" machi="32" ten="30,1000,0" yaku="20,1" doraHai="40" who="2" fromWho="1" sc="188,0,366,-13,265,23,171,0" /><INIT seed="2,0,0,3,5,120" ten="188,353,288,171" oya="2" hai0="12,99,133,17,63,96,22,79,10,40,100,21,1" hai1="19,123,72,53,33,114,67,29,117,28,98,74,31" hai2="24,51,20,44,90,8,56,125,73,41,131,112,82" hai3="87,113,95,6,119,110,88,106,129,27,91,23,78"/><V134/><F112/><W62/><G106/><T49/><D133/><U66/><E114/><V97/><F134/><W47/><G113/><T92/><D1/><U39/><E39/><V38/><F131/><W122/><G122/><T42/><D79/><U48/><E123/><V108/><F125/><W4/><G119/><T18/><D10/><U55/><E117/><V121/><F121/><W116/><G116/><T135/><D63/><U52/><E33/><V102/><F73/><N who="1" m="28265" /><E48/><V76/><F90/><W130/><G78/><T93/><D49/><U103/><E19/><V83/><F76/><W54/><G91/><T115/><D115/><U107/><E98/><V75/><F75/><W124/><G124/><T81/><D81/><U60/><E60/><V80/><F38/><W35/><G35/><T43/><D135/><U109/><E103/><V105/><F56/><N who="3" m="35095" /><G47/><T34/><D34/><U37/><E107/><V26/><F8/><W127/><G6/><T64/><D64/><N who="1" m="24619" /><E37/><V50/><F50/><W69/><G4/><T5/><D5/><U46/><E46/><V86/><F86/><W2/><G2/><T36/><D36/><U32/><E32/><V11/><F11/><W84/><G84/><T128/><D128/><N who="3" m="49257" /><G69/><T57/><D57/><U0/><E0/><V118/><F118/><W77/><G77/><T15/><REACH who="0" step="1"/><D43/><REACH who="0" ten="178,353,288,171" step="2"/><U61/><E61/><V104/><F41/><W58/><G58/><T85/><D85/><U14/><E14/><V101/><F44/><W94/><G127/><T45/><D45/><U25/><E25/><V13/><F13/><W30/><G95/><RYUUKYOKU ba="0,1" sc="178,10,353,10,288,-30,171,10" hai0="12,15,17,18,21,22,40,42,92,93,96,99,100" hai1="28,29,31,52,53,55,109" hai3="23,27,30,87,88,94,110" /><INIT seed="3,1,1,2,5,28" ten="188,363,258,181" oya="3" hai0="120,29,40,132,21,32,96,67,86,72,81,5,131" hai1="100,106,104,11,93,57,34,105,118,117,36,18,52" hai2="23,91,54,112,3,85,47,77,19,51,33,16,125" hai3="41,49,58,88,126,64,113,10,2,99,69,6,9"/><W46/><G113/><T61/><D131/><U55/><E34/><V35/><F112/><W14/><G126/><T30/><D132/><U12/><E36/><V73/><F125/><W37/><G69/><T116/><D120/><U119/><E57/><V109/><F3/><W27/><G27/><T102/><D72/><U76/><E76/><V108/><F77/><W97/><G37/><T107/><D5/><U20/><E20/><V22/><F73/><W133/><G133/><T48/><D116/><U0/><E0/><V95/><F109/><W59/><G64/><T123/><D123/><U89/><E100/><V68/><F108/><W70/><G70/><T56/><D32/><U127/><E127/><V45/><F68/><W43/><G43/><T75/><D21/><U79/><E79/><V25/><F45/><W44/><G44/><T17/><D17/><U124/><E124/><V65/><REACH who="2" step="1"/><F65/><REACH who="2" ten="188,363,248,181" step="2"/><W15/><G2/><T24/><D75/><U63/><E63/><V8/><F8/><W103/><G59/><T39/><D56/><U13/><E119/><V129/><F129/><W92/><G58/><T26/><D61/><U60/><E60/><V53/><F53/><W78/><G78/><T82/><D67/><U115/><E118/><V111/><F111/><W4/><G103/><T135/><D102/><U80/><E115/><V7/><F7/><W38/><G38/><T114/><D39/><U62/><E62/><V90/><F90/><W128/><G128/><T98/><D114/><U1/><E117/><V94/><F94/><W122/><G122/><T121/><D121/><RYUUKYOKU ba="1,2" sc="188,-15,363,-15,248,15,181,15" hai2="16,19,22,23,25,33,35,47,51,54,85,91,95" hai3="4,6,9,10,14,15,41,46,49,88,92,97,99" /><INIT seed="3,2,2,5,2,120" ten="173,348,263,196" oya="3" hai0="39,107,104,48,61,59,110,18,47,79,94,42,34" hai1="5,7,67,109,46,77,111,122,133,52,81,30,113" hai2="95,63,68,16,13,100,90,86,87,82,99,14,124" hai3="4,128,93,19,24,25,55,118,6,105,27,58,40"/><W3/><G105/><T74/><D110/><N who="1" m="41995" /><E113/><V9/><F124/><W60/><G118/><T76/><D94/><U96/><E133/><V10/><F68/><W57/><G128/><T15/><D34/><U123/><E67/><V131/><F131/><W28/><G40/><T32/><D32/><U98/><E30/><V8/><F63/><N who="3" m="36287" /><G3/><T70/><D76/><U53/><E98/><V121/><F121/><W119/><G119/><T91/><D91/><U65/><E65/><V11/><REACH who="2" step="1"/><F87/><REACH who="2" ten="173,348,253,196" step="2"/><W2/><G2/><T41/><D70/><U31/><E123/><V45/><F45/><W71/><G71/><T12/><D12/><AGARI ba="2,3" hai="8,9,10,11,12,13,14,16,82,86,90,95,99,100" machi="12" ten="40,5200,0" yaku="1,1,8,1,54,1,53,0" doraHai="120" doraHaiUra="21" who="2" fromWho="0" sc="173,-58,348,0,253,88,196,0" owari="115,-38.0,348,44.0,341,14.0,196,-20.0" /></mjloggm>