<mjloggm ver="2.3"><GO type="97" lobby="0"/><UN n0="%74%61%6B%61%74%61%68%61" n1="%E3%82%A6%E3%83%AB%E3%83%88%E3%83%A9%E7%AB%8B%E7%9B%B4" n2="%73%69%6E%31%36%30" n3="%E5%9C%9F%E6%B5%A6%E5%BD%A9%E8%8F%9C" dan="15,15,14,14" rate="2003.51,1939.33,2008.42,1909.29" sx="M,M,M,F"/><TAIKYOKU oya="0"/><INIT seed="0,0,0,5,3,74" ten="250,250,250,250" oya="0" hai0="12,19,43,46,98,125,64,9,58,63,85,129,49" hai1="37,92,112,124,96,3,102,94,135,53,110,95,25" hai2="65,91,114,0,73,10,101,44,130,39,86,71,115" hai3="133,57,107,77,38,67,17,47,40,66,60,116,23"/><T122/><D122/><U118/><E3/><V56/><F71/><W83/><G116/><T97/><D125/><U7/><E37/><V113/><F130/><W89/><G133/><T20/><D129/><U6/><E110/><V119/><F119/><W100/><G89/><T27/><REACH who="0" step="1"/><D85/><REACH who="0" ten="240,250,250,250" step="2"/><U33/><E124/><V120/><F73/><W84/><G67/><T24/><D24/><U22/><E118/><V82/><F120/><W16/><REACH who="3" step="1"/><G23/><REACH who="3" ten="240,250,250,240" step="2"/><T18/><AGARI ba="0,2" hai="9,12,18,19,20,27,43,46,49,58,63,64,97,98" machi="18" ten="20,12000,1" yaku="1,1,0,1,7,1,8,1,53,1" doraHai="74" doraHaiUra="4" who="0" fromWho="0" sc="240,140,250,-40,250,-40,240,-40" /><INIT seed="0,1,0,5,2,101" ten="380,210,210,200" oya="0" hai0="76,132,87,4,103,32,2,121,111,13,65,74,125" hai1="50,99,56,120,131,49,21,29,108,105,23,14,24" hai2="130,28,30,70,47,22,15,81,38,41,106,113,57" hai3="53,127,19,44,12,55,118,61,92,122,126,26,129"/><T45/><D121/><U123/><E131/><V43/><F130/><W128/><G118/><T9/><D125/><N who="3" m="47625" /><G122/><T63/><D132/><U102/><E108/><V34/><F70/><W1/><G1/><T112/><D112/><U67/><E50/><V95/><F113/><W20/><G55/><T54/><D111/><U135/><E135/><V17/><F34/><W117/><G117/><T82/><D32/><U11/><E23/><V46/><F81/><W48/><G92/><T75/><D2/><U0/><E0/><V3/><F3/><W31/><G61/><T42/><D103/><U116/><E116/><V7/><F7/><W33/><AGARI ba="1,0" hai="12,19,20,26,31,33,44,48,53,128,129" m="47625" machi="33" ten="30,1100,0" yaku="18,1" doraHai="101" who="3" fromWho="3" sc="380,-6,210,-4,210,-4,200,14" /><INIT seed="1,0,0,3,4,24" ten="374,206,206,214" oya="1" hai0="105,55,130,66,82,80,115,112,38,108,7,30,73" hai1="40,119,133,20,5,63,117,106,4,116,107,31,51" hai2="10,84,113,83,2,21,46,103,78,135,86,99,102" hai3="90,123,22,27,129,58,100,26,127,96,6,13,12"/><U36/><E36/><V41/><F113/><W48/><G123/><T28/><D105/><U126/><E51/><V54/><F135/><W121/><G121/><T9/><D38/><U81/><E40/><V18/><F54/><N who="3" m="32071" /><G129/><T23/><D130/><U72/><E63/><V64/><F64/><W25/><G127/><T0/><D66/><U95/><E81/><V98/><F10/><N who="3" m="4183" /><G100/><N who="2" m="38441" /><F2/><W34/><G34/><T125/><D125/><U88/><E72/><V37/><F37/><W79/><G79/><T132/><D132/><U14/><E133/><V11/><F11/><W59/><G59/><T69/><D69/><U49/><E49/><N who="2" m="26831" /><F84/><W67/><G67/><T68/><D68/><U87/><E126/><V70/><F70/><W15/><G22/><T110/><D23/><U131/><E131/><V111/><F111/><N who="0" m="42538" /><D55/><U122/><E122/><V1/><F1/><W76/><G76/><N who="0" m="44047" /><D82/><U52/><E52/><V94/><F94/><AGARI ba="0,0" hai="13,15,25,26,27,90,94,96" m="4183,32071" machi="94" ten="30,1000,0" yaku="8,1" doraHai="24" who="3" fromWho="2" sc="374,0,206,0,206,-10,214,10" /><INIT seed="2,0,0,1,3,6" ten="374,206,196,224" oya="2" hai0="93,3,112,107,106,84,21,91,42,11,38,97,98" hai1="88,30,81,17,66,57,45,133,53,78,32,47,28" hai2="37,110,72,44,2,111,31,108,10,25,75,50,49" hai3="68,4,94,7,86,5,114,64,59,102,34,77,117"/><V35/><F49/><W95/><G117/><T124/><D112/><U27/><E133/><V51/><F50/><W119/><G119/><T52/><D124/><U63/><E30/><V90/><F90/><W69/><G114/><T99/><D21/><U73/><E17/><V26/><F26/><W103/><G34/><T127/><D127/><U23/><E32/><V83/><F83/><N who="3" m="47471" /><G69/><T120/><D120/><U46/><REACH who="1" step="1"/><E88/><REACH who="1" ten="374,196,196,224" step="2"/><V125/><F125/><W92/><G68/><T128/><D128/><U62/><E62/><AGARI ba="0,1" hai="4,5,7,59,62,64,92,94,95,102,103" m="47471" machi="62" ten="30,1000,0" yaku="8,1" doraHai="6" who="3" fromWho="1" sc="374,0,196,-10,196,0,224,20" /><INIT seed="3,0,0,0,2,108" ten="374,186,196,244" oya="3" hai0="116,109,78,23,90,103,89,114,13,104,38,6,73" hai1="68,66,17,70,107,135,64,115,98,94,112,0,100" hai2="129,82,48,35,47,15,121,74,60,26,43,2,63" hai3="9,92,75,81,33,59,4,34,69,19,84,18,41"/><W72/><G69/><N who="1" m="26730" /><E0/><V36/><F121/><W77/><G41/><T39/><D116/><U10/><E17/><V119/><F2/><W14/><G59/><T28/><D109/><U80/><E10/><V3/><F3/><W11/><G18/><T55/><D78/><U128/><E94/><V1/><F1/><W133/><G133/><T58/><D73/><U124/><E80/><V62/><F119/><W61/><G61/><T113/><D103/><U31/><E31/><V88/><F129/><W71/><G71/><T45/><D104/><U32/><E32/><V8/><F36/><W29/><G29/><T87/><D90/><U42/><E42/><V16/><F35/><W25/><G34/><T132/><D132/><U44/><E44/><V96/><F26/><W79/><G33/><T125/><D125/><U117/><E135/><V83/><REACH who="2" step="1"/><F74/><REACH who="2" ten="374,186,186,244" step="2"/><W111/><G25/><T76/><D38/><U118/><E118/><V120/><F120/><W106/><G75/><T51/><D39/><U93/><E117/><V7/><F7/><W52/><G4/><T12/><D6/><U134/><E134/><V46/><F46/><W50/><G72/><T130/><D45/><U123/><E123/><V54/><F54/><W67/><G52/><T95/><D55/><U105/><E128/><V5/><F5/><W102/><G111/><T53/><D130/><U99/><E124/><V86/><F86/><W20/><G84/><T97/><D87/><U21/><E21/><V101/><F101/><W126/><G102/><T127/><D23/><U49/><E100/><V27/><F27/><RYUUKYOKU ba="0,1" sc="374,-10,186,-10,186,30,244,-10" hai2="8,15,16,43,47,48,60,62,63,82,83,88,96" owari="374,47.0,176,-32.0,216,-18.0,234,3.0" /></mjloggm>