<mjloggm ver="2.3"><GO type="97" lobby="0"/><UN n0="%E3%82%A6%E3%83%AB%E3%83%88%E3%83%A9%E7%AB%8B%E7%9B%B4" n1="%E7%8C%AB%E4%BD%BF%E3%81%84" n2="%48%47%53%54" n3="%E3%82%8C%E3%81%8A%E3%81%97%E3%82%87%E3%81%86" dan="15,14,15,14" rate="2009.34,2008.64,2022.94,1922.39" sx="M,F,M,M"/><TAIKYOKU oya="0"/><INIT seed="0,0,0,2,2,12" ten="250,250,250,250" oya="0" hai0="131,83,19,8,61,21,126,113,36,14,78,16,98" hai1="90,22,117,53,56,71,85,77,48,68,5,52,2" hai2="121,31,10,109,86,24,105,74,75,100,35,63,15" hai3="88,132,59,128,106,57,4,127,91,96,122,81,67"/><T87/><D36/><U111/><E117/><V110/><F121/><W92/><G127/><T108/><D113/><U93/><E111/><N who="2" m="42507" /><F86/><W102/><G128/><T30/><D108/><U13/><E2/><V18/><F63/><W94/><G4/><T25/><D126/><U41/><E41/><V0/><F0/><W66/><G132/><T45/><D131/><U3/><E3/><V47/><F47/><W101/><G122/><T118/><D118/><U49/><E77/><V116/><F116/><W89/><G81/><T37/><D98/><AGARI ba="0,0" hai="10,15,18,24,31,35,74,75,98,100,105" m="42507" machi="98" ten="30,2000,0" yaku="14,1,52,1" doraHai="12" who="2" fromWho="0" sc="250,-20,250,0,250,20,250,0" /><INIT seed="1,0,0,4,5,35" ten="230,250,270,250" oya="1" hai0="101,19,116,95,65,58,44,41,57,54,39,100,115" hai1="75,70,78,17,123,68,91,24,50,55,33,6,43" hai2="3,53,106,132,42,98,38,87,94,118,63,126,8" hai3="130,16,10,129,111,20,66,83,85,67,96,93,127"/><U114/><E123/><V46/><F118/><W71/><G127/><T5/><D116/><U108/><E114/><V0/><F106/><W59/><G111/><T76/><D115/><U64/><E108/><V113/><F113/><W120/><G120/><T125/><D125/><U56/><E43/><V90/><F126/><W2/><G71/><T134/><D134/><U119/><E119/><V49/><F132/><W30/><G30/><T14/><D5/><U60/><E6/><V22/><F8/><W47/><G47/><T45/><D45/><U131/><E131/><V13/><F63/><W7/><G59/><T110/><D110/><U62/><E78/><V61/><F61/><W18/><G18/><T102/><D65/><U21/><E75/><V9/><F98/><W92/><G92/><T88/><D76/><U82/><E33/><V135/><F135/><W109/><G109/><T124/><D124/><U23/><E23/><V73/><F73/><W77/><G130/><T15/><D54/><U79/><E62/><V12/><F12/><W28/><G28/><T29/><D29/><U31/><E91/><V103/><F103/><W86/><G86/><T52/><D52/><U128/><E128/><V51/><F38/><W105/><G105/><T34/><D34/><U121/><E121/><V89/><F89/><W32/><G32/><T99/><REACH who="0" step="1"/><D15/><REACH who="0" ten="220,250,270,250" step="2"/><U27/><E31/><V107/><F53/><W104/><G129/><T84/><D84/><N who="1" m="48223" /><E70/><V4/><F46/><W48/><G77/><T81/><D81/><U26/><E68/><V72/><F72/><W122/><G83/><RYUUKYOKU ba="0,1" sc="220,15,250,15,270,-15,250,-15" hai0="14,19,39,41,44,57,58,88,95,99,100,101,102" hai1="17,21,24,26,27,50,55,56,60,64" /><INIT seed="1,1,1,3,1,125" ten="235,265,255,235" oya="1" hai0="108,135,8,51,41,101,121,99,60,123,29,38,73" hai1="65,32,63,33,61,131,9,47,55,118,129,97,106" hai2="130,76,66,23,64,126,6,56,103,100,95,133,48" hai3="11,128,0,59,120,86,1,85,15,90,70,26,10"/><U79/><E118/><V28/><F126/><W80/><G70/><T91/><D73/><U36/><E79/><V115/><F133/><W105/><G105/><T44/><D135/><U49/><E36/><V87/><F6/><W20/><G120/><N who="0" m="46155" /><D108/><U124/><E124/><V110/><F110/><W39/><G39/><T37/><D91/><U58/><E9/><V22/><F115/><W109/><G109/><T71/><D29/><U5/><E5/><V21/><F28/><W40/><G40/><T16/><D60/><U2/><E2/><V4/><F4/><W134/><G134/><T98/><D71/><U116/><E116/><V54/><F103/><W72/><G72/><T127/><D99/><U119/><E119/><V45/><F100/><W34/><G34/><T84/><D84/><U113/><E113/><V7/><F7/><W111/><G111/><T25/><D127/><U18/><E18/><V104/><F76/><W50/><G85/><T92/><D25/><U13/><E13/><AGARI ba="1,1" hai="8,13,16,37,38,41,44,51,92,98,101" m="46155" machi="13" ten="30,2000,0" yaku="13,1,54,1" doraHai="125" who="0" fromWho="1" sc="235,33,265,-23,255,0,235,0" /><INIT seed="2,0,0,2,1,67" ten="268,242,255,235" oya="2" hai0="131,29,87,15,19,58,42,60,107,47,74,26,38" hai1="65,28,111,126,69,78,6,125,91,52,71,118,99" hai2="37,10,30,88,13,8,41,119,45,64,22,56,23" hai3="66,40,62,85,116,68,128,51,79,48,32,122,70"/><V3/><F119/><W97/><G116/><T55/><D107/><U102/><E118/><V113/><F113/><W109/><G122/><T21/><D74/><U134/><E111/><V129/><F129/><W135/><G32/><T117/><D117/><U31/><E78/><V104/><F104/><W83/><G109/><T2/><D2/><U110/><E110/><V103/><F103/><W90/><G128/><T18/><D131/><U0/><E134/><V20/><F3/><W93/><G135/><T132/><D132/><U59/><E91/><V120/><F120/><W101/><G40/><T7/><D87/><U9/><E65/><V11/><F88/><W35/><G35/><T34/><D7/><U27/><E31/><V75/><F75/><W16/><G16/><T123/><D123/><U133/><E133/><V86/><F86/><W108/><G108/><T112/><REACH who="0" step="1"/><D18/><REACH who="0" ten="258,242,255,235" step="2"/><U53/><E99/><V54/><F30/><W61/><G79/><T98/><D98/><U39/><E102/><V49/><REACH who="2" step="1"/><F64/><AGARI ba="0,1" hai="48,51,61,62,64,66,68,70,83,85,90,93,97,101" machi="64" ten="40,5200,0" yaku="9,1,52,2" doraHai="67" who="3" fromWho="2" sc="258,0,242,0,255,-52,235,62" /><INIT seed="3,0,0,3,0,20" ten="258,242,203,297" oya="3" hai0="114,57,2,106,0,90,66,17,7,135,39,69,4" hai1="24,121,111,36,97,61,18,27,12,91,11,105,133" hai2="19,65,117,37,21,33,92,56,103,98,87,108,16" hai3="44,95,74,113,15,46,70,43,110,109,120,107,1"/><W130/><G120/><T3/><D39/><U72/><E121/><V6/><F117/><W71/><G113/><T116/><D116/><U58/><E36/><V13/><F37/><W64/><G1/><T76/><D69/><U67/><E72/><V99/><F33/><W104/><G74/><T35/><D106/><U31/><E111/><N who="3" m="42506" /><G130/><T131/><D76/><U80/><E133/><V118/><F118/><W115/><G115/><T54/><D114/><U83/><E105/><N who="3" m="40522" /><G95/><T32/><D131/><U9/><E9/><N who="2" m="4279" /><F108/><W82/><G82/><N who="1" m="31274" /><E31/><V126/><F126/><W73/><G73/><T38/><D135/><U40/><E40/><V85/><F98/><W51/><G64/><T41/><D66/><U119/><E119/><V100/><F100/><W68/><G15/><T93/><D93/><AGARI ba="0,0" hai="11,12,18,24,27,58,61,67,91,93,97" m="31274" machi="93" ten="30,3900,0" yaku="8,1,52,2" doraHai="20" who="1" fromWho="0" sc="258,-39,242,39,203,0,297,0" /><INIT seed="4,0,0,5,3,53" ten="219,281,203,297" oya="0" hai0="27,131,6,21,85,35,77,40,59,65,105,29,118" hai1="98,7,109,126,44,42,124,3,31,25,113,90,107" hai2="28,61,51,87,123,99,73,104,49,111,26,91,17" hai3="74,89,23,93,20,117,33,70,66,108,18,5,95"/><T16/><D105/><U125/><E109/><V114/><F111/><W19/><G108/><T120/><D120/><U68/><E113/><V13/><F73/><W92/><G117/><T54/><D118/><U75/><E68/><V69/><F114/><W24/><G5/><T8/><D131/><U30/><E75/><V71/><F123/><W84/><G74/><T0/><D40/><U64/><E64/><V43/><F43/><W115/><G115/><T100/><D100/><N who="1" m="62871" /><E90/><V48/><F61/><W62/><G33/><T4/><D4/><U22/><E7/><V80/><F99/><W96/><G96/><T46/><D65/><U103/><E103/><V83/><F83/><W45/><G45/><T101/><D101/><U36/><E3/><V82/><F82/><W55/><G55/><T128/><D46/><U121/><E31/><V116/><F104/><W86/><G84/><T106/><D106/><U130/><E130/><V2/><F2/><W88/><G89/><T11/><D128/><U76/><E121/><V47/><F116/><W1/><G1/><T133/><D11/><U134/><E134/><V110/><F110/><W79/><G79/><AGARI ba="0,0" hai="22,25,30,36,42,44,76,79,124,125,126" m="62871" machi="79" ten="30,1000,0" yaku="18,1" doraHai="53" who="1" fromWho="3" sc="219,0,281,10,203,0,297,-10" /><INIT seed="5,0,0,0,0,82" ten="219,291,203,287" oya="1" hai0="37,108,78,124,68,121,71,50,123,131,74,99,91" hai1="51,11,40,111,79,95,57,28,30,16,25,77,92" hai2="135,13,73,128,54,47,98,42,15,83,22,102,85" hai3="21,9,44,70,46,59,5,130,20,134,80,88,12"/><U132/><E132/><V17/><F135/><W122/><G134/><T41/><D78/><N who="1" m="29707" /><E111/><V76/><F128/><W67/><G122/><N who="0" m="46603" /><D74/><U60/><E40/><V86/><F54/><W39/><G130/><T113/><D99/><U61/><E51/><V64/><F64/><W48/><G39/><T115/><D91/><U129/><E129/><V81/><F15/><W75/><G75/><T126/><D131/><U107/><E107/><V43/><F47/><N who="3" m="17963" /><G70/><N who="0" m="26667" /><D50/><U14/><E61/><V2/><F2/><W7/><G5/><T0/><D0/><U31/><E25/><V96/><F73/><W63/><G48/><T62/><D62/><U32/><E32/><V24/><F24/><W4/><G4/><T103/><D103/><U1/><E1/><V117/><F117/><W127/><G127/><N who="0" m="48683" /><D108/><U90/><E90/><N who="2" m="51503" /><F102/><W72/><G72/><T6/><D6/><U84/><E84/><AGARI ba="0,0" hai="7,9,12,20,21,59,63,67,80,84,88" m="17963" machi="84" ten="30,3900,0" yaku="8,1,52,1,54,1" doraHai="82" who="3" fromWho="1" sc="219,0,291,-39,203,0,287,39" owari="219,-18.0,252,5.0,203,-30.0,326,43.0" /></mjloggm>