<mjloggm ver="2.3"><GO type="97" lobby="0"/><UN n0="%6D%61%79%75%31%36" n1="%E6%B2%B3%E7%94%B0%EF%BC%91%EF%BC%93%EF%BC%98" n2="%E3%82%A6%E3%83%AB%E3%83%88%E3%83%A9%E7%AB%8B%E7%9B%B4" n3="%41%4C%45%58%40%E9%AC%BC%E6%89%93%E3%81%A1" dan="13,13,16,14" rate="1904.82,1838.06,1994.82,1958.41" sx="F,M,M,M"/><TAIKYOKU oya="0"/><INIT seed="0,0,0,3,5,58" ten="250,250,250,250" oya="0" hai0="106,65,17,32,9,115,96,103,12,81,131,26,84" hai1="43,33,47,53,21,111,45,66,71,11,63,85,73" hai2="90,135,74,83,35,118,122,107,89,104,69,22,4" hai3="13,67,3,50,52,110,95,121,127,48,14,76,20"/><T130/><D115/><U55/><E33/><V49/><F35/><W36/><G36/><T134/><D134/><U129/><E73/><V40/><F69/><W51/><G3/><T116/><D116/><U94/><E11/><V108/><F122/><W125/><G110/><T98/><D32/><U86/><E94/><V109/><F49/><W1/><G1/><T62/><D96/><U15/><E15/><N who="3" m="5642" /><G121/><T25/><D25/><U87/><E21/><V59/><F59/><N who="3" m="33183" /><G76/><T91/><REACH who="0" step="1"/><D26/><REACH who="0" ten="240,250,250,250" step="2"/><U132/><E132/><V23/><F135/><W78/><G125/><T27/><D27/><U5/><E111/><V128/><F118/><W60/><G127/><T38/><D38/><U119/><E119/><V54/><F109/><W70/><G20/><T0/><D0/><U30/><E129/><V100/><F23/><W112/><G112/><T114/><D114/><U6/><E30/><V7/><F22/><W10/><G10/><T8/><D8/><U102/><E5/><V79/><F108/><W82/><G50/><T93/><D93/><U16/><E6/><V77/><F128/><W64/><G48/><T46/><D46/><U88/><E47/><V41/><F4/><W113/><G95/><T133/><D133/><U57/><E45/><V29/><F7/><W75/><G113/><T18/><D18/><U31/><E16/><V99/><F99/><W105/><G105/><T2/><D2/><U80/><E31/><V39/><F29/><W44/><G44/><T42/><D42/><N who="2" m="16490" /><F107/><W24/><G24/><T37/><D37/><U28/><E28/><V19/><F39/><RYUUKYOKU ba="0,1" sc="240,15,250,-15,250,-15,250,15" hai0="9,12,17,62,65,81,84,91,98,103,106,130,131" hai3="60,64,67,70,75,78,82" /><INIT seed="0,1,1,4,4,62" ten="255,235,235,265" oya="0" hai0="66,55,17,52,60,58,33,7,73,121,114,69,102" hai1="75,117,61,84,10,0,134,43,77,59,1,71,108" hai2="23,4,51,45,27,9,6,14,109,129,126,99,96" hai3="31,135,111,35,115,87,91,79,30,88,22,32,78"/><T116/><D121/><U46/><E84/><V24/><F109/><W80/><G115/><T56/><D114/><U50/><E59/><V124/><F129/><W3/><G3/><T95/><D116/><U82/><E50/><V132/><F132/><W74/><G135/><T13/><D33/><U41/><E41/><V122/><F122/><W18/><G111/><T110/><D110/><U112/><E134/><V130/><F130/><W100/><G100/><T133/><D133/><U34/><E108/><V25/><F23/><W5/><G5/><T106/><D73/><U83/><E82/><V48/><F6/><W123/><G123/><T29/><D7/><U104/><E117/><V8/><F8/><W26/><G35/><T28/><D106/><U37/><E112/><V128/><F128/><W11/><G32/><T97/><D69/><U49/><E49/><V63/><F63/><W65/><G65/><T119/><D55/><U101/><E34/><V86/><F86/><N who="3" m="50631" /><G74/><T107/><D107/><U89/><E10/><V90/><F45/><W94/><G30/><T47/><D47/><U113/><E89/><V21/><F90/><W12/><AGARI ba="1,1" hai="11,12,18,22,26,31,78,79,87,88,94" m="50631" machi="12" ten="30,2000,0" yaku="8,1,54,1" doraHai="62" who="3" fromWho="3" sc="255,-11,235,-6,235,-6,265,33" /><INIT seed="1,0,0,3,4,18" ten="244,229,229,298" oya="1" hai0="54,95,110,99,85,2,22,117,68,113,84,98,26" hai1="133,80,94,3,118,124,46,60,29,112,57,34,82" hai2="37,134,66,131,64,13,70,35,101,1,75,14,79" hai3="78,55,25,127,115,108,16,96,12,51,58,97,129"/><U100/><E118/><V116/><F14/><W4/><G108/><T10/><D110/><U48/><E112/><V27/><F13/><W45/><G127/><T30/><D113/><U56/><E124/><V61/><F66/><W121/><G121/><T89/><D117/><U32/><E3/><V7/><F101/><W87/><G129/><T73/><D73/><U132/><E29/><V86/><F86/><W38/><G38/><T43/><D43/><U135/><E56/><V128/><F116/><W123/><G115/><T69/><D68/><U106/><E106/><V52/><F52/><N who="3" m="29807" /><G123/><T120/><D69/><U31/><E100/><V39/><F134/><W126/><G25/><T0/><D120/><U20/><E94/><V105/><F105/><W42/><G42/><T81/><D54/><N who="1" m="29975" /><E80/><N who="2" m="45183" /><F131/><W23/><G4/><T119/><D119/><U93/><E82/><V63/><F128/><W76/><G126/><T6/><D0/><U72/><E93/><V41/><F41/><W5/><G5/><T88/><AGARI ba="0,0" hai="2,6,10,22,26,30,81,84,85,88,89,95,98,99" machi="88" ten="20,5200,0" yaku="0,1,7,1,52,1,54,1" doraHai="18" who="0" fromWho="0" sc="244,52,229,-26,229,-13,298,-13" /><INIT seed="2,0,0,5,2,133" ten="296,203,216,285" oya="2" hai0="18,116,135,6,52,48,63,80,86,15,54,68,76" hai1="99,79,93,105,4,134,109,123,103,22,122,30,10" hai2="3,9,111,108,119,53,130,13,71,43,132,46,114" hai3="112,81,69,58,102,97,38,44,49,27,34,33,45"/><V95/><F71/><W55/><G69/><T21/><D135/><U84/><E134/><V31/><F3/><W82/><G112/><T70/><D116/><U90/><E109/><N who="2" m="42059" /><F132/><W41/><G45/><T11/><D54/><U131/><E131/><V42/><F119/><W19/><G34/><T17/><D17/><U25/><REACH who="1" step="1"/><E79/><REACH who="1" ten="296,193,216,285" step="2"/><V113/><F130/><W14/><G33/><T110/><D110/><U73/><E73/><V28/><F113/><W88/><G97/><T61/><D70/><U39/><E39/><V106/><F114/><W35/><G38/><T101/><D68/><U26/><E26/><V83/><F42/><W16/><G35/><T60/><D101/><U75/><E75/><V117/><F43/><W100/><G41/><T121/><D121/><U5/><E5/><V56/><F117/><W87/><G100/><T74/><D74/><U91/><E91/><V120/><F120/><W24/><G24/><T115/><D115/><U12/><AGARI ba="0,1" hai="4,10,12,22,25,30,84,90,93,99,103,105,122,123" machi="12" ten="30,4000,0" yaku="1,1,0,1,53,1" doraHai="133" doraHaiUra="89" who="1" fromWho="1" sc="296,-10,193,50,216,-20,285,-10" /><INIT seed="3,0,0,3,2,40" ten="286,243,196,275" oya="3" hai0="70,0,87,129,127,9,12,89,119,65,100,58,16" hai1="63,19,94,80,15,126,95,75,85,26,35,131,115" hai2="112,49,13,61,28,20,97,54,103,1,2,109,50" hai3="37,114,42,93,5,134,90,3,84,68,43,133,56"/><W29/><G68/><T4/><D127/><U52/><E126/><V101/><F112/><W117/><G114/><T121/><D129/><U10/><E131/><V122/><F122/><W86/><G117/><T64/><D119/><U60/><E115/><V123/><F123/><W47/><G42/><T82/><D121/><U135/><E75/><V33/><F109/><W22/><G56/><T99/><D58/><N who="1" m="34887" /><E35/><V6/><F61/><W59/><G59/><T36/><D36/><U92/><E135/><N who="3" m="51722" /><G5/><T73/><D73/><U107/><E107/><V130/><F50/><W67/><G67/><T111/><D111/><U24/><E63/><V118/><F118/><W132/><G132/><T25/><D25/><U102/><E102/><V44/><F130/><W11/><G11/><T113/><D70/><U39/><E39/><V7/><F7/><W120/><G120/><T69/><D69/><U81/><E81/><V57/><F57/><W53/><G3/><T45/><D45/><U74/><E74/><V124/><F124/><W78/><G53/><T125/><D113/><U105/><E105/><V128/><F128/><W27/><G78/><AGARI ba="0,0" hai="10,15,19,24,26,78,80,85,92,94,95" m="34887" machi="78" ten="30,2000,0" yaku="8,1,54,1" doraHai="40" who="1" fromWho="3" sc="286,0,243,20,196,0,275,-20" /><INIT seed="4,0,0,1,5,14" ten="286,263,196,255" oya="0" hai0="131,11,66,9,5,42,64,122,127,37,32,30,121" hai1="82,34,83,101,104,2,0,33,65,118,133,44,126" hai2="58,23,78,112,129,80,68,86,6,16,62,96,107" hai3="134,45,13,132,120,110,103,109,67,93,19,15,18"/><T36/><D127/><U123/><E126/><V87/><F112/><W47/><G67/><T69/><D131/><U49/><E65/><V95/><F129/><W50/><G120/><T4/><D30/><U75/><E123/><V25/><F6/><W70/><G70/><T28/><D28/><U79/><E118/><V84/><F107/><W97/><G47/><T57/><D57/><U73/><E133/><N who="3" m="51306" /><G109/><T89/><D89/><U119/><E119/><V85/><F68/><W8/><G110/><T90/><D90/><U72/><E101/><N who="2" m="60575" /><F87/><W7/><G15/><T115/><D69/><U56/><E104/><V29/><F29/><W81/><G81/><T88/><D88/><U55/><E44/><V106/><F106/><W27/><G27/><T1/><D115/><U3/><E75/><V40/><F40/><AGARI ba="0,0" hai="7,8,13,18,19,40,45,50,93,97,103" m="51306" machi="40" ten="30,3900,0" yaku="20,1,52,2" doraHai="14" who="3" fromWho="2" sc="286,0,263,0,196,-39,255,39" /><INIT seed="5,0,0,3,0,82" ten="286,263,157,294" oya="1" hai0="3,112,43,94,124,110,131,68,127,123,103,45,107" hai1="47,83,70,58,33,54,53,74,19,16,51,6,93" hai2="129,111,133,96,32,39,73,101,90,50,13,135,21" hai3="46,89,105,15,31,44,65,64,55,9,7,77,24"/><U130/><E70/><V42/><F32/><W104/><G105/><T78/><D110/><U69/><E33/><V118/><F39/><W102/><G104/><T27/><D68/><U49/><E69/><V18/><F118/><W0/><G0/><T80/><D3/><U22/><E74/><V109/><F73/><W71/><G71/><T14/><D107/><U66/><E130/><V41/><F90/><W67/><G77/><T37/><D131/><U120/><E120/><V1/><F1/><W17/><G102/><T126/><D123/><U28/><E6/><V57/><F129/><W84/><G31/><T34/><D14/><U52/><E83/><V75/><F75/><W4/><G24/><T60/><D60/><N who="1" m="38167" /><E93/><N who="2" m="58511" /><F57/><W59/><G7/><T20/><D34/><U8/><E8/><V38/><F50/><N who="1" m="18953" /><E47/><N who="3" m="17962" /><G4/><T100/><D94/><U10/><E10/><V92/><F92/><N who="3" m="54311" /><G55/><T48/><D37/><U125/><E125/><N who="0" m="32001" /><T115/><DORA hai="36" /><D80/><U134/><E134/><N who="2" m="51211" /><F38/><W12/><G12/><T86/><D86/><U98/><E98/><V113/><F113/><N who="0" m="43594" /><D78/><U40/><E40/><AGARI ba="0,0" hai="13,18,21,40,41,42,109,111" m="51211,58511" machi="40" ten="30,7700,0" yaku="20,1,52,3" doraHai="82,36" who="2" fromWho="1" sc="286,0,263,-77,157,77,294,0" /><INIT seed="6,0,0,4,1,109" ten="286,186,234,294" oya="2" hai0="86,75,55,47,11,19,106,5,8,116,49,119,65" hai1="118,117,48,41,30,32,99,127,22,10,45,6,66" hai2="96,37,51,78,102,103,79,60,52,31,126,73,62" hai3="120,122,135,59,84,50,15,67,125,38,27,18,39"/><V97/><F37/><W35/><G35/><T68/><D75/><U130/><E32/><V26/><F126/><W80/><G27/><T82/><D106/><U89/><E127/><V24/><F73/><W58/><G125/><T7/><D65/><U107/><E130/><V76/><F31/><W112/><G135/><T113/><D113/><U43/><E118/><N who="0" m="45097" /><D68/><U70/><E117/><V98/><F51/><W23/><G112/><T108/><D108/><U92/><E107/><V83/><F83/><W53/><G39/><T88/><D19/><U129/><E129/><V57/><REACH who="2" step="1"/><F62/><REACH who="2" ten="286,186,224,294" step="2"/><N who="3" m="38367" /><G38/><T121/><D121/><U56/><E70/><V123/><F123/><W46/><G120/><T13/><D7/><U29/><E66/><V14/><F14/><W72/><G72/><T20/><D5/><U3/><E56/><V77/><N who="2" m="19456" /><DORA hai="87" /><V105/><F105/><W4/><G122/><T54/><D13/><U28/><REACH who="1" step="1"/><E41/><REACH who="1" ten="286,176,224,294" step="2"/><V44/><F44/><W40/><G40/><T1/><D1/><U17/><E17/><V93/><F93/><W128/><G128/><T69/><D69/><U115/><E115/><V132/><F132/><W16/><G18/><T101/><D47/><U134/><E134/><V34/><F34/><W61/><G4/><T124/><D124/><U12/><E12/><V111/><F111/><W2/><G2/><T63/><D11/><U0/><E0/><V104/><F104/><W110/><G110/><T33/><D8/><U95/><E95/><V71/><F71/><W25/><G46/><T42/><D42/><U114/><E114/><V9/><F9/><RYUUKYOKU ba="0,2" sc="286,-15,176,15,224,15,294,-15" hai1="3,6,10,22,28,29,30,43,45,48,89,92,99" hai2="24,26,52,57,60,96,97,98,102,103" /><INIT seed="6,1,2,4,4,0" ten="271,191,239,279" oya="2" hai0="14,59,66,48,35,24,80,61,107,2,101,63,28" hai1="93,18,133,97,15,16,60,88,86,131,71,43,58" hai2="78,62,51,96,40,56,113,99,130,70,21,29,123" hai3="25,55,53,52,115,23,38,9,91,3,102,92,57"/><V68/><F123/><W4/><G38/><T44/><D2/><U116/><E71/><V127/><F70/><W121/><G121/><T94/><D107/><U85/><E116/><V77/><F68/><W135/><G135/><T1/><D1/><U117/><E117/><V7/><F7/><W129/><G129/><T49/><D63/><U104/><E133/><V75/><F75/><W111/><G111/><T42/><D80/><N who="1" m="49191" /><E104/><V126/><F113/><W122/><G122/><T27/><D27/><U108/><E108/><V6/><F6/><W119/><G119/><T125/><D125/><U81/><E131/><V112/><F112/><W100/><G115/><T65/><D14/><U109/><E43/><V20/><F130/><W114/><G57/><T13/><D13/><U46/><E46/><N who="2" m="26055" /><F127/><W11/><G114/><T110/><D110/><U82/><E109/><V47/><F47/><W72/><G72/><T32/><D66/><N who="1" m="39191" /><E15/><V12/><F126/><W8/><G3/><T36/><D35/><U41/><E41/><V132/><F132/><W17/><G4/><T37/><D37/><U84/><E81/><V73/><F73/><W30/><G30/><T134/><D134/><U95/><E82/><V34/><F34/><W76/><G76/><N who="2" m="29289" /><F29/><W5/><G5/><T98/><AGARI ba="1,2" hai="24,28,32,36,42,44,48,49,59,61,65,94,98,101" machi="98" ten="30,1100,0" yaku="0,1" doraHai="0" who="0" fromWho="0" sc="271,34,191,-4,239,-6,279,-4" owari="305,40.0,187,-31.0,233,-17.0,275,8.0" /></mjloggm>