<mjloggm ver="2.3"><GO type="169" lobby="0"/><UN n0="%79%69%6E%6E%65%72%30%36" n1="%E3%82%A8%E3%83%88%E3%81%BA%E3%83%B3" n2="%EF%BC%88%E2%89%A7%E2%96%BD%E2%89%A6%EF%BC%89" n3="%E6%99%82%E5%9D%82%E7%A9%BA" dan="17,17,19,16" rate="2110.30,2103.82,2265.76,2074.34" sx="M,F,M,F"/><TAIKYOKU oya="0"/><INIT seed="0,0,0,1,5,99" ten="250,250,250,250" oya="0" hai0="77,115,125,11,106,111,107,81,44,3,134,100,68" hai1="126,24,83,65,0,113,102,124,92,45,123,29,7" hai2="93,33,109,26,94,61,105,35,74,19,112,108,131" hai3="9,129,50,27,64,6,79,5,118,2,72,38,71"/><T28/><D115/><U25/><E123/><V14/><F112/><W20/><G129/><T41/><D68/><U75/><E113/><V47/><F131/><W122/><G122/><T89/><D89/><U130/><E130/><V32/><F74/><W23/><G118/><T121/><D121/><U12/><E0/><V46/><F26/><W60/><G6/><T37/><D134/><U91/><E65/><V31/><F31/><W18/><G50/><T1/><D125/><U119/><E119/><V39/><F105/><W67/><G67/><T85/><D111/><N who="2" m="42570" /><F61/><W34/><G23/><T62/><D62/><U114/><E45/><N who="2" m="16907" /><F39/><W135/><G135/><T116/><D116/><U70/><E70/><V117/><F117/><W48/><G48/><T86/><D86/><U57/><E57/><V21/><AGARI ba="0,0" hai="14,19,21,32,33,35,93,94" m="16907,42570" machi="21" ten="40,1500,0" yaku="14,1" doraHai="99" who="2" fromWho="2" sc="250,-7,250,-4,250,15,250,-4" /><INIT seed="1,0,0,4,1,103" ten="243,246,265,246" oya="1" hai0="74,64,53,58,133,132,15,85,27,109,65,56,79" hai1="81,9,40,107,57,39,8,89,70,31,30,36,96" hai2="33,110,100,106,97,122,60,32,99,88,118,42,120" hai3="87,71,34,76,117,23,62,127,92,111,131,123,21"/><U130/><E70/><V78/><F118/><W0/><G123/><T66/><D74/><U49/><E130/><V67/><F78/><W55/><G117/><T28/><D109/><U50/><E81/><V61/><F42/><W63/><G111/><T7/><D7/><U69/><E69/><V16/><F110/><W26/><G131/><T94/><D15/><U95/><E107/><V11/><F61/><W12/><G127/><T10/><D10/><N who="1" m="4203" /><E39/><V83/><F122/><W125/><G125/><T17/><D17/><U116/><E36/><V101/><F120/><W91/><G0/><T98/><D85/><U4/><E4/><V3/><F3/><W119/><G119/><T75/><D79/><U82/><E116/><V128/><F128/><W129/><G129/><T73/><D98/><U47/><E82/><V90/><F83/><W134/><G134/><N who="0" m="51819" /><D94/><U5/><E5/><V102/><F99/><W6/><G76/><T46/><D46/><N who="1" m="25799" /><E57/><N who="0" m="22121" /><D53/><AGARI ba="0,0" hai="30,31,47,50,53,89,95,96" m="25799,4203" machi="53" ten="30,1500,0" yaku="8,1" doraHai="103" who="1" fromWho="0" sc="243,-15,246,15,265,0,246,0" /><INIT seed="1,1,0,4,2,31" ten="228,261,265,246" oya="1" hai0="87,39,99,128,76,73,110,72,90,109,124,135,55" hai1="111,104,42,59,84,80,94,116,69,20,102,123,119" hai2="50,12,40,131,35,36,53,133,130,54,14,18,98" hai3="101,86,120,77,117,78,92,113,75,56,62,118,9"/><U125/><E69/><V89/><F133/><W34/><G113/><T65/><D39/><U112/><E112/><V44/><F35/><W81/><G120/><T51/><D135/><U71/><E71/><V107/><F12/><W68/><G9/><T7/><D7/><U64/><E123/><V30/><F30/><W47/><G68/><T70/><D76/><U11/><E104/><V52/><F36/><W17/><G17/><T15/><D15/><U96/><E42/><V82/><F82/><N who="3" m="45375" /><G47/><T127/><D99/><U6/><E20/><V38/><F38/><W28/><G56/><N who="0" m="32895" /><D72/><U27/><E27/><V26/><F26/><N who="3" m="18711" /><G62/><N who="0" m="40247" /><D73/><U21/><E21/><V58/><F58/><W10/><G10/><T25/><D25/><U132/><E132/><V22/><REACH who="2" step="1"/><F89/><REACH who="2" ten="228,261,255,246" step="2"/><W3/><G3/><T100/><D100/><BYE who="0" /><AGARI ba="1,1" hai="14,18,22,40,44,50,52,53,54,98,100,107,130,131" machi="100" ten="40,5200,0" yaku="1,1,2,1,54,1,53,0" doraHai="31" doraHaiUra="1" who="2" fromWho="0" sc="228,-55,261,0,255,65,246,0" /><INIT seed="2,0,0,3,5,123" ten="173,261,320,246" oya="2" hai0="85,27,88,110,21,39,28,77,9,130,36,82,116" hai1="68,52,41,76,67,43,131,31,34,64,49,66,25" hai2="62,128,19,84,33,2,73,57,60,59,42,122,133" hai3="61,24,51,112,4,15,121,10,30,80,118,101,102"/><V91/><F73/><W13/><G121/><T58/><D58/><U29/><E131/><V90/><F2/><W3/><G112/><T55/><D55/><U79/><E68/><V17/><F122/><W86/><G118/><T65/><D65/><U14/><E14/><V0/><F0/><W38/><G38/><T96/><D96/><U134/><E134/><V108/><F33/><W98/><G61/><T74/><D74/><U113/><E113/><V95/><F42/><UN n0="%79%69%6E%6E%65%72%30%36" /><W93/><G51/><T129/><D116/><U100/><E100/><V92/><F128/><N who="0" m="49258" /><D110/><U35/><E43/><V22/><F133/><W94/><G94/><T97/><D9/><U81/><E41/><V8/><F8/><W78/><REACH who="3" step="1"/><G102/><REACH who="3" ten="173,261,320,236" step="2"/><T135/><D135/><U45/><E81/><V40/><F95/><AGARI ba="0,1" hai="21,27,28,36,39,77,82,85,88,95,97" m="49258" machi="95" ten="30,2000,0" yaku="19,1,54,1" doraHai="123" who="0" fromWho="2" sc="173,30,261,0,320,-20,236,0" /><INIT seed="3,0,0,2,3,31" ten="203,261,300,236" oya="3" hai0="84,44,114,64,48,68,9,72,63,40,38,85,1" hai1="124,46,100,8,111,107,57,92,97,74,99,39,59" hai2="109,58,56,106,32,52,132,102,5,90,93,120,18" hai3="80,24,131,76,78,12,14,67,69,47,113,125,2"/><W117/><G113/><T128/><D128/><U105/><E74/><V42/><F32/><W86/><G117/><T95/><D114/><U123/><E123/><V49/><F120/><W129/><G2/><T79/><D95/><U60/><E124/><V126/><F126/><W50/><G125/><T36/><D48/><U88/><E111/><V65/><F109/><W45/><G24/><T71/><D38/><U17/><E107/><V82/><F132/><W121/><G121/><T112/><D112/><U116/><E116/><V51/><F5/><W118/><G118/><T34/><D71/><U41/><E8/><V23/><F106/><W37/><G37/><T103/><D103/><U75/><E75/><V7/><F7/><W61/><G47/><T19/><D34/><U53/><E59/><N who="2" m="33167" /><F82/><W4/><G78/><T0/><D0/><U10/><E10/><V87/><F102/><W115/><G115/><T13/><REACH who="0" step="1"/><D1/><REACH who="0" ten="193,261,300,236" step="2"/><U28/><E100/><V70/><F70/><W66/><G66/><T77/><D77/><U35/><E105/><V83/><F93/><W11/><REACH who="3" step="1"/><G14/><REACH who="3" ten="193,261,300,226" step="2"/><T81/><AGARI ba="0,2" hai="9,13,19,36,40,44,63,64,68,72,79,81,84,85" machi="81" ten="30,2000,0" yaku="1,1,0,1,53,0" doraHai="31" doraHaiUra="110" who="0" fromWho="0" sc="193,40,261,-5,300,-5,226,-10" /><INIT seed="4,0,0,4,5,131" ten="233,256,295,216" oya="0" hai0="84,133,48,124,115,118,55,83,79,56,107,22,2" hai1="59,94,0,19,9,63,116,3,5,78,104,134,24" hai2="128,31,111,58,87,37,121,32,95,28,74,100,135" hai3="122,71,35,99,106,49,17,7,1,80,105,23,90"/><T64/><D118/><U10/><E104/><V73/><F37/><W93/><G71/><T36/><D2/><U39/><E39/><V101/><F121/><W129/><G35/><T50/><D36/><U120/><E120/><V52/><F111/><W29/><G122/><T41/><D107/><U38/><E38/><V16/><F128/><W119/><G129/><T81/><D124/><U26/><E116/><V15/><F73/><W125/><G29/><N who="2" m="11337" /><F74/><W21/><G125/><T11/><D115/><U88/><E78/><V67/><F67/><W44/><G21/><T86/><D64/><U110/><E110/><V97/><F87/><W8/><G80/><T60/><D133/><U132/><E19/><V62/><F32/><W68/><G68/><T27/><D11/><U103/><E103/><N who="2" m="60863" /><F135/><N who="1" m="51753" /><E9/><AGARI ba="0,0" hai="9,15,16,52,58,62,100,101" m="60863,11337" machi="9" ten="30,3900,0" yaku="8,1,54,2" doraHai="131" who="2" fromWho="1" sc="233,0,256,-39,295,39,216,0" /><INIT seed="5,0,0,1,2,83" ten="233,217,334,216" oya="1" hai0="28,11,95,125,128,68,30,99,43,74,91,20,63" hai1="57,47,67,52,135,76,18,124,33,109,96,66,64" hai2="35,107,65,4,127,15,31,0,84,27,14,115,105" hai3="77,59,42,22,61,79,121,25,44,90,60,62,37"/><U26/><E135/><V88/><F127/><W49/><G121/><T126/><D74/><U94/><E124/><N who="0" m="47721" /><D43/><U92/><E109/><V113/><F65/><W7/><G7/><T58/><D68/><U32/><E76/><N who="3" m="29258" /><G37/><T16/><D11/><U131/><E131/><V19/><F0/><W87/><G59/><T56/><D128/><U123/><E123/><V51/><F51/><W50/><G50/><T72/><D72/><U81/><E81/><N who="2" m="49167" /><F4/><W112/><G112/><N who="2" m="43081" /><F15/><W40/><G40/><T80/><D80/><U104/><E47/><V5/><F5/><W89/><G87/><T78/><D78/><U120/><E120/><V73/><F73/><W108/><G108/><T55/><D58/><U24/><E66/><V82/><F82/><W54/><G42/><T97/><D97/><U134/><E57/><V111/><F111/><W133/><G133/><T132/><D132/><U23/><E134/><V41/><F41/><W9/><G9/><AGARI ba="0,0" hai="9,14,19,27,31,35,105,107" m="43081,49167" machi="9" ten="30,7700,0" yaku="15,1,11,1,52,1,54,1" doraHai="83" who="2" fromWho="3" sc="233,0,217,0,334,77,216,-77" /><INIT seed="6,0,0,0,4,44" ten="233,217,411,139" oya="2" hai0="109,84,21,22,81,32,13,78,69,110,98,42,111" hai1="117,82,1,53,54,92,19,46,108,47,45,61,77" hai2="76,102,128,30,96,58,4,100,62,83,126,104,12" hai3="68,35,95,129,122,38,5,2,79,6,17,60,107"/><V0/><F0/><W89/><G122/><T70/><D32/><U26/><E108/><V40/><F100/><W52/><G107/><T33/><D33/><U121/><E117/><V43/><F30/><W87/><G35/><T114/><D42/><U72/><E1/><V93/><F104/><W105/><G129/><T56/><D114/><U50/><E121/><V131/><F126/><W28/><G105/><T37/><D37/><U10/><E61/><V55/><F128/><W97/><G38/><T74/><D56/><U86/><E72/><V51/><F131/><W65/><G28/><T130/><D130/><U11/><E92/><V103/><F103/><W73/><G2/><T94/><D74/><U101/><E101/><V31/><F31/><W8/><G73/><T39/><D39/><U41/><E41/><V133/><F133/><W9/><G17/><N who="0" m="10415" /><D22/><N who="1" m="13663" /><E54/><N who="2" m="34135" /><F4/><W127/><G127/><T14/><D14/><U66/><E66/><V75/><F12/><W16/><G16/><T132/><D132/><U106/><E106/><V34/><F34/><W29/><G29/><T115/><D115/><U3/><E3/><V59/><F75/><W7/><REACH who="3" step="1"/><G52/><REACH who="3" ten="233,217,411,129" step="2"/><T124/><D124/><U64/><E64/><V135/><F135/><W134/><G134/><T36/><D36/><U119/><E119/><V25/><F25/><W63/><G63/><T23/><D23/><U99/><E10/><V123/><F123/><W91/><G91/><N who="0" m="55647" /><D111/><U18/><E11/><V118/><F118/><W113/><G113/><T85/><D109/><U57/><E18/><V24/><F55/><W80/><AGARI ba="0,1" hai="5,6,7,8,9,60,65,68,79,80,87,89,95,97" machi="80" ten="30,7900,0" yaku="1,1,5,1,0,1,53,1" doraHai="44" doraHaiUra="88" who="3" fromWho="3" sc="233,-20,217,-20,411,-39,129,89" /><INIT seed="7,0,0,4,5,110" ten="213,197,372,218" oya="3" hai0="64,83,39,17,12,52,0,2,72,18,22,92,112" hai1="128,86,129,78,96,41,79,46,8,100,35,60,14" hai2="5,38,111,101,26,73,47,122,135,89,61,99,85" hai3="74,33,15,113,40,34,56,67,123,58,82,37,16"/><W28/><G123/><T63/><D39/><U133/><E35/><V59/><F73/><W25/><G113/><T3/><D112/><U77/><E60/><V90/><F111/><W30/><G67/><T98/><D17/><U115/><E133/><V131/><F131/><N who="1" m="50249" /><E86/><V24/><F135/><W127/><G127/><T36/><D36/><N who="1" m="21799" /><E96/><V4/><F47/><W114/><G114/><T43/><D43/><U23/><E115/><V66/><F38/><W121/><G121/><T88/><D52/><U76/><N who="1" m="19456" /><DORA hai="62" /><U106/><E23/><V27/><F122/><W48/><G82/><T84/><D72/><U117/><E117/><V80/><F90/><W109/><G74/><T120/><D120/><U31/><E31/><V68/><F68/><W21/><G109/><T49/><D49/><U45/><E45/><V65/><F65/><W71/><G37/><T57/><D0/><U108/><E108/><V107/><AGARI ba="0,0" hai="4,5,24,26,27,59,61,66,80,85,89,99,101,107" machi="107" ten="30,2000,0" yaku="0,1,52,1" doraHai="110,62" who="2" fromWho="2" sc="213,-5,197,-5,372,20,218,-10" owari="208,1.0,192,-31.0,392,49.0,208,-19.0" /></mjloggm>