<mjloggm ver="2.3"><GO type="169" lobby="0"/><UN n0="%E3%81%A1%E3%81%8F%E3%81%8D" n1="%E3%82%A6%E3%83%AB%E3%83%88%E3%83%A9%E7%AB%8B%E7%9B%B4" n2="%E3%81%A7%E3%81%93%E3%81%98" n3="%E9%BB%92%E7%8C%AB%40%6E%69%67%68%74" dan="18,16,17,16" rate="2241.09,2045.85,2196.95,2052.90" sx="M,M,M,M"/><TAIKYOKU oya="0"/><INIT seed="0,0,0,1,5,90" ten="250,250,250,250" oya="0" hai0="83,57,26,42,118,30,104,111,120,22,106,115,91" hai1="122,44,107,59,123,21,129,46,68,75,58,55,67" hai2="53,84,126,93,38,28,56,78,100,76,101,82,41" hai3="20,36,85,116,0,15,86,51,88,65,45,60,103"/><T40/><D120/><U31/><E107/><V119/><F126/><W19/><G36/><T17/><D118/><U128/><E75/><V66/><F119/><W8/><G116/><T35/><D115/><U131/><E21/><V112/><F112/><W10/><G103/><T89/><D111/><U110/><E31/><V134/><F134/><W99/><G99/><T113/><D113/><U73/><E73/><V3/><F3/><W79/><G79/><T105/><D57/><U48/><E68/><V80/><F66/><W24/><G85/><T5/><D5/><U29/><E29/><V37/><F28/><W133/><G133/><T74/><D89/><U47/><E110/><V12/><F12/><W114/><G114/><T25/><REACH who="0" step="1"/><D91/><REACH who="0" ten="240,250,250,250" step="2"/><U70/><E70/><V64/><F56/><W43/><G0/><T135/><D135/><U39/><E39/><V7/><F7/><W4/><G4/><T33/><D33/><U87/><E87/><V16/><F84/><W18/><G86/><T13/><D13/><U63/><AGARI ba="0,1" hai="44,46,47,48,55,58,59,63,67,122,123,128,129,131" machi="63" ten="40,8000,1" yaku="0,1,19,1,34,3" doraHai="90" who="1" fromWho="1" sc="240,-40,250,90,250,-20,250,-20" /><INIT seed="1,0,0,3,4,125" ten="200,340,230,230" oya="1" hai0="14,66,119,84,13,131,12,98,22,8,33,30,26" hai1="57,101,87,120,46,62,79,28,93,23,94,1,63" hai2="42,5,7,72,31,92,124,45,59,128,117,82,116" hai3="19,55,17,48,43,103,16,61,39,85,96,114,6"/><U90/><E1/><V104/><F104/><W41/><G114/><T58/><D119/><U29/><E120/><V71/><F71/><W32/><G32/><T91/><D98/><U83/><E62/><V54/><F124/><W52/><G39/><T89/><D131/><U130/><E130/><V56/><F128/><W64/><G6/><T15/><D33/><U34/><E34/><V106/><F106/><W134/><G134/><T118/><D118/><U36/><E36/><V24/><F92/><N who="3" m="58759" /><G64/><T69/><D69/><U100/><E46/><V88/><F72/><W110/><G110/><T132/><D132/><U3/><E3/><V25/><F116/><W80/><G61/><N who="0" m="38199" /><D84/><U9/><E9/><V67/><F117/><W38/><G38/><T108/><D108/><U126/><E126/><V37/><F67/><W27/><G27/><T40/><D40/><N who="3" m="15433" /><G48/><T133/><D133/><U135/><E135/><V129/><F129/><W65/><G65/><T60/><D60/><U70/><E70/><V21/><F25/><W76/><AGARI ba="0,0" hai="16,17,19,52,55,76,80,85" m="15433,58759" machi="76" ten="30,4000,0" yaku="8,1,54,2" doraHai="125" who="3" fromWho="3" sc="200,-10,340,-20,230,-10,230,40" /><INIT seed="2,0,0,5,3,69" ten="190,320,220,270" oya="2" hai0="127,98,30,51,93,106,34,76,52,79,75,13,32" hai1="38,126,86,31,117,70,1,14,130,129,131,91,134" hai2="112,115,88,42,19,45,80,135,25,97,122,113,85" hai3="8,20,11,26,105,46,68,119,83,61,133,12,100"/><V90/><F122/><W37/><G119/><T81/><D127/><U24/><E1/><V7/><F135/><W18/><G133/><T35/><D106/><U104/><E70/><V21/><F7/><W121/><G121/><T9/><D79/><U0/><E0/><V10/><F10/><W56/><G68/><T125/><D125/><U29/><E104/><V63/><F63/><W55/><G83/><T17/><D30/><U109/><E117/><V107/><F107/><W16/><G105/><T78/><D78/><U23/><E126/><V39/><REACH who="2" step="1"/><F97/><REACH who="2" ten="190,320,210,270" step="2"/><W5/><G8/><T2/><D2/><U64/><E134/><V128/><F128/><W89/><G100/><T132/><D132/><U110/><E131/><V44/><F44/><W96/><G96/><T101/><D35/><U36/><E129/><V118/><F118/><W53/><G89/><AGARI ba="0,1" hai="19,21,25,39,42,45,80,85,88,89,90,112,113,115" machi="89" ten="40,7700,0" yaku="1,1,52,1,54,1,53,0" doraHai="69" doraHaiUra="116" who="2" fromWho="3" sc="190,0,320,0,210,87,270,-77" /><INIT seed="2,1,0,2,3,100" ten="190,320,297,193" oya="2" hai0="111,88,94,44,134,53,123,71,117,107,130,33,65" hai1="17,55,103,39,127,30,35,110,91,16,13,47,43" hai2="72,15,90,20,84,8,129,31,86,73,18,26,32" hai3="48,104,27,66,83,23,0,80,114,102,51,98,61"/><V34/><F129/><W14/><G0/><T131/><D123/><U49/><E127/><V121/><F121/><W57/><G114/><T2/><D2/><U62/><E110/><V85/><F90/><W28/><G14/><T58/><D111/><U45/><E103/><V69/><F69/><W89/><G89/><T50/><D33/><U6/><E30/><V87/><N who="2" m="22016" /><DORA hai="76" /><V64/><F64/><W41/><REACH who="3" step="1"/><G41/><REACH who="3" ten="190,320,297,183" step="2"/><T63/><D130/><U29/><E91/><V77/><F77/><W125/><G125/><T132/><D131/><U54/><E43/><V112/><F112/><W52/><G52/><T95/><D117/><U116/><E55/><V11/><F34/><W22/><G22/><T96/><D94/><U108/><E54/><V75/><AGARI ba="1,1" hai="8,11,15,18,20,26,31,32,72,73,75" m="22016" machi="75" ten="50,2400,0" yaku="0,1" doraHai="100,76" who="2" fromWho="2" sc="190,-9,320,-9,297,37,183,-9" /><INIT seed="2,2,0,2,1,94" ten="181,311,334,174" oya="2" hai0="102,18,108,117,59,87,112,43,3,71,79,9,68" hai1="76,12,33,121,129,5,103,24,98,20,42,96,49" hai2="111,73,4,16,123,38,70,110,88,113,91,39,66" hai3="29,11,31,115,62,97,133,135,134,37,30,34,26"/><V75/><F113/><W101/><G37/><N who="2" m="13833" /><F4/><W127/><G115/><T51/><D112/><U55/><E121/><V124/><F123/><W60/><G11/><T54/><D117/><U100/><E33/><V44/><F44/><W106/><G127/><T105/><D43/><U83/><E42/><V21/><F124/><W36/><G36/><T64/><D64/><U25/><E129/><V125/><F125/><W13/><G13/><T126/><D126/><U89/><E89/><N who="2" m="34379" /><F66/><W65/><G60/><T104/><D104/><U86/><E25/><V58/><F58/><AGARI ba="2,0" hai="26,29,30,31,34,58,62,65,97,101,106,133,134,135" machi="58" ten="40,2600,0" yaku="20,1,52,1" doraHai="94" who="3" fromWho="2" sc="181,0,311,0,334,-32,174,32" /><INIT seed="3,0,0,3,2,41" ten="181,311,302,206" oya="3" hai0="26,25,33,85,86,95,75,27,113,74,17,57,106" hai1="43,42,65,115,3,36,62,54,20,97,80,126,10" hai2="45,8,124,68,28,51,103,21,31,18,70,88,64" hai3="56,7,32,67,99,66,100,122,118,37,16,6,55"/><W13/><G122/><T52/><D106/><U120/><E120/><V108/><F108/><W72/><G32/><T5/><D113/><U94/><E115/><V82/><F124/><W127/><G72/><T107/><D107/><U53/><E126/><V123/><F123/><W46/><G127/><T109/><D109/><U79/><E42/><V117/><F117/><W48/><G118/><T98/><D33/><U93/><E93/><V90/><F90/><W34/><G34/><T134/><D5/><N who="3" m="1545" /><G37/><T102/><D134/><U96/><E96/><V35/><F103/><W4/><N who="3" m="1553" /><W128/><DORA hai="14" /><G128/><T1/><D1/><U12/><E97/><V130/><F130/><W135/><G135/><T23/><D75/><U119/><E94/><V125/><F125/><W71/><G71/><T73/><D73/><U114/><E80/><V111/><F111/><W15/><G15/><N who="0" m="9663" /><D74/><U44/><E79/><V49/><F35/><W63/><G99/><T132/><D132/><U112/><E119/><V91/><F68/><W121/><G121/><T78/><D78/><U81/><E3/><V39/><F39/><W101/><G67/><T30/><D30/><U83/><E112/><V61/><F31/><W47/><G47/><T59/><D59/><U50/><E36/><V105/><F105/><W84/><G84/><T69/><D69/><U9/><E114/><V104/><F104/><W116/><G116/><T40/><D86/><U2/><E2/><V19/><F28/><W11/><AGARI ba="0,0" hai="11,13,16,46,48,55,56,63,66,100,101" m="1553" machi="11" ten="30,11700,0" yaku="8,1,52,2,54,1" doraHai="41,14" who="3" fromWho="3" sc="181,-39,311,-39,302,-39,206,117" /><INIT seed="3,1,0,3,4,18" ten="142,272,263,323" oya="3" hai0="44,103,52,62,59,114,97,129,86,28,117,53,72" hai1="64,99,116,5,102,23,61,128,33,119,135,50,13" hai2="84,110,25,42,101,126,82,89,49,106,11,112,19" hai3="35,15,30,111,109,69,74,14,95,46,124,8,98"/><W75/><G69/><T9/><D117/><N who="1" m="45131" /><E33/><V125/><F112/><W83/><G124/><N who="2" m="47721" /><F110/><N who="3" m="41995" /><G46/><T60/><D72/><N who="3" m="27689" /><G83/><T80/><D114/><U93/><E128/><V63/><F63/><W85/><G85/><T87/><D129/><U0/><E135/><V91/><F42/><W100/><G8/><T51/><D28/><U73/><E50/><V90/><F49/><W67/><G67/><T121/><D121/><U130/><E73/><V17/><F11/><W12/><G30/><T118/><D118/><U24/><E130/><V94/><F82/><W41/><G41/><T22/><D9/><N who="1" m="4271" /><E0/><V26/><F84/><W32/><AGARI ba="1,0" hai="12,14,15,32,35,95,98,100" m="27689,41995" machi="32" ten="40,3900,0" yaku="14,1,10,1" doraHai="18" who="3" fromWho="3" sc="142,-14,272,-14,263,-14,323,42" /><INIT seed="3,2,0,2,5,92" ten="128,258,249,365" oya="3" hai0="115,112,65,73,109,63,96,49,56,58,64,0,89" hai1="50,5,80,12,116,2,135,129,82,23,41,37,94" hai2="20,87,75,39,132,35,11,81,9,18,19,30,6" hai3="38,28,77,71,88,106,121,67,90,100,4,103,57"/><W85/><G121/><T17/><D0/><U16/><E37/><V130/><F75/><W118/><G71/><T24/><D73/><U43/><E116/><V113/><F113/><N who="0" m="43594" /><D109/><U14/><E2/><V122/><F39/><W93/><G38/><T69/><D64/><U52/><E129/><V55/><F130/><W15/><G106/><T33/><D49/><U47/><E135/><V134/><F55/><W42/><G77/><T99/><D89/><U66/><E66/><V107/><F107/><W126/><G126/><T70/><D58/><U76/><E94/><V86/><F122/><W27/><G90/><T45/><D45/><U117/><E117/><V53/><F53/><W44/><G57/><T59/><D59/><U111/><E111/><V31/><F81/><N who="1" m="31337" /><E76/><V105/><F105/><W102/><G67/><T128/><D128/><U34/><E34/><V13/><F35/><W32/><G118/><T114/><N who="0" m="43602" /><T98/><DORA hai="3" /><D33/><U72/><E72/><V83/><F83/><W119/><G119/><T91/><D91/><U97/><E97/><V95/><F95/><W48/><REACH who="3" step="1"/><G103/><REACH who="3" ten="128,258,249,355" step="2"/><T127/><D127/><U131/><E131/><V68/><F68/><W108/><G108/><T61/><D61/><U26/><E47/><V133/><F133/><W74/><G74/><T123/><D123/><U120/><E120/><V10/><F132/><W104/><G104/><T29/><D70/><U8/><E50/><V79/><F134/><W101/><G101/><T124/><D69/><U22/><E43/><V62/><F79/><W40/><G40/><T54/><D65/><RYUUKYOKU ba="2,1" sc="128,-10,258,-10,249,-10,355,30" hai3="4,15,27,28,32,42,44,48,85,88,93,100,102" /><INIT seed="3,3,1,1,4,126" ten="118,248,239,385" oya="3" hai0="3,100,17,22,116,120,4,23,74,130,57,88,122" hai1="112,79,67,121,64,2,73,54,107,45,106,20,55" hai2="51,94,95,66,50,84,92,18,85,46,72,24,132" hai3="35,93,12,133,68,48,105,91,59,98,11,108,15"/><W86/><G68/><T119/><D74/><U134/><E2/><V113/><F113/><W60/><G35/><T56/><D100/><U99/><E121/><V37/><F72/><W10/><G133/><T117/><D130/><U49/><E112/><V76/><F132/><W13/><G108/><T77/><D77/><U118/><E134/><V41/><F66/><N who="3" m="39199" /><G105/><T16/><D4/><U115/><E115/><V1/><F1/><W81/><G48/><T53/><D3/><U33/><E33/><V38/><F51/><W27/><G27/><T83/><D83/><U131/><E106/><V5/><F5/><W26/><G26/><T29/><D29/><U96/><E107/><V9/><F76/><AGARI ba="3,1" hai="10,11,12,13,15,76,81,86,91,93,98" m="39199" machi="76" ten="30,1500,0" yaku="8,1" doraHai="126" who="3" fromWho="2" sc="118,0,248,0,239,-24,385,34" /><INIT seed="3,4,0,2,3,109" ten="118,248,215,419" oya="3" hai0="55,20,131,71,15,10,46,116,99,102,49,119,115" hai1="19,79,69,35,83,38,60,74,13,11,80,7,75" hai2="110,8,101,9,62,42,28,129,135,64,32,117,93" hai3="22,118,73,126,37,24,43,66,98,2,52,127,59"/><W133/><G73/><T94/><D71/><U90/><E35/><V70/><F117/><W29/><G2/><T16/><D131/><U41/><E60/><V108/><F129/><W54/><G118/><T84/><D115/><U3/><E19/><V89/><F135/><W86/><G133/><T88/><REACH who="0" step="1"/><D20/><REACH who="0" ten="108,248,215,419" step="2"/><U18/><E69/><V103/><F108/><W100/><G22/><T30/><D30/><U50/><E74/><V58/><F110/><W61/><G29/><T130/><D130/><U107/><E107/><AGARI ba="4,1" hai="10,15,16,46,49,55,84,88,94,99,102,107,116,119" machi="107" ten="30,7700,0" yaku="1,1,7,1,54,2,53,0" doraHai="109" doraHaiUra="17" who="0" fromWho="1" sc="108,99,248,-89,215,0,419,0" /><INIT seed="4,0,0,5,4,28" ten="207,159,215,419" oya="0" hai0="106,123,92,62,96,69,36,0,97,41,42,18,1" hai1="39,40,125,57,109,4,103,119,132,121,49,73,59" hai2="118,88,7,47,54,64,116,14,38,35,27,61,46" hai3="128,95,63,53,90,93,67,44,58,26,30,22,105"/><T108/><D123/><U29/><E121/><V79/><F79/><W19/><G128/><T12/><D108/><U75/><E109/><V45/><F38/><W130/><G105/><T99/><D106/><U8/><E119/><N who="2" m="45611" /><F54/><W20/><G130/><T33/><D33/><U94/><E125/><V32/><F27/><N who="3" m="14751" /><G90/><T72/><D72/><U31/><E132/><V11/><F88/><W68/><G68/><AGARI ba="0,0" hai="7,11,14,32,35,45,46,47,61,64,68" m="45611" machi="68" ten="30,3900,0" yaku="12,1,52,2" doraHai="28" who="2" fromWho="3" sc="207,0,159,0,215,39,419,-39" /><INIT seed="5,0,0,3,0,133" ten="207,159,254,380" oya="1" hai0="20,45,131,50,2,110,100,17,103,4,73,22,31" hai1="120,125,21,116,82,0,51,92,119,52,114,87,29" hai2="98,134,53,57,109,46,101,59,56,24,65,90,13" hai3="79,130,95,106,23,49,107,27,93,26,37,78,112"/><U33/><E33/><V128/><F109/><W14/><G49/><T67/><D110/><U108/><E0/><V88/><F134/><W76/><G37/><T123/><D73/><U7/><E7/><V97/><F128/><W111/><G111/><T8/><D131/><U18/><E29/><V72/><F72/><W40/><G40/><T77/><D77/><U63/><E108/><V6/><F65/><W85/><G130/><T115/><D123/><U83/><E120/><V86/><F24/><W48/><G48/><T121/><D121/><U62/><E116/><V69/><F69/><W41/><G41/><T113/><D67/><U3/><E3/><V15/><F46/><W96/><G85/><T11/><D11/><U91/><E119/><V118/><F118/><W36/><G36/><T34/><D31/><U94/><E114/><N who="0" m="43529" /><D34/><U74/><E125/><V64/><F64/><W32/><G32/><T12/><D20/><U44/><E74/><V42/><F42/><AGARI ba="0,0" hai="2,4,8,12,17,22,42,45,50,100,103" m="43529" machi="42" ten="30,1000,0" yaku="15,1" doraHai="133" who="0" fromWho="2" sc="207,10,159,0,254,-10,380,0" /><INIT seed="6,0,0,2,3,80" ten="217,159,244,380" oya="2" hai0="43,24,57,16,25,27,117,28,33,108,89,2,106" hai1="129,55,0,75,104,11,5,67,65,50,119,54,21" hai2="63,62,22,135,12,3,81,17,123,34,86,131,64" hai3="103,68,38,10,9,70,19,4,107,120,6,85,36"/><V128/><F123/><W74/><G85/><T72/><D108/><U92/><E104/><V87/><F3/><W102/><G19/><T42/><D72/><U58/><E119/><V8/><F34/><W97/><G107/><T101/><D2/><U98/><E75/><V94/><F135/><W69/><G120/><T105/><D117/><U88/><E129/><N who="2" m="49739" /><F94/><W127/><G74/><T18/><D57/><U37/><E37/><N who="3" m="14442" /><G97/><T95/><D33/><U125/><E125/><V83/><F8/><N who="3" m="3179" /><G127/><T112/><D28/><U66/><E66/><V110/><F110/><W40/><G40/><T61/><D105/><U118/><E118/><V116/><F116/><W47/><G47/><T76/><D76/><U53/><E53/><V1/><F1/><W84/><G84/><N who="2" m="32297" /><F63/><W41/><G41/><T130/><D61/><U31/><E55/><V77/><F77/><W7/><AGARI ba="0,0" hai="4,6,7,68,69,70,102,103" m="3179,14442" machi="7" ten="40,2700,0" yaku="28,2" doraHai="80" who="3" fromWho="3" sc="217,-7,159,-7,244,-13,380,27" /><INIT seed="7,0,0,5,1,120" ten="210,152,231,407" oya="3" hai0="47,106,121,81,84,35,21,102,32,124,76,5,56" hai1="123,4,8,18,67,63,61,30,60,46,29,87,7" hai2="52,79,122,44,109,72,132,83,22,115,133,74,65" hai3="25,41,20,58,95,51,3,125,88,2,55,24,113"/><W82/><G125/><T66/><D121/><U107/><E107/><V78/><F122/><W64/><G82/><T96/><D124/><U94/><E123/><V36/><F109/><W119/><G113/><T26/><D5/><U42/><E67/><V14/><F115/><W89/><G89/><T126/><D126/><U127/><E127/><V54/><F65/><W31/><G25/><T90/><D47/><U33/><E33/><V103/><F103/><W99/><G119/><T28/><D66/><U110/><E18/><N who="2" m="10583" /><F78/><W50/><G64/><T12/><D56/><U91/><E110/><V13/><F13/><W57/><G41/><T6/><D6/><U93/><E7/><V43/><F74/><W37/><G37/><T71/><D71/><U128/><E128/><V100/><F100/><W75/><G75/><N who="0" m="43167" /><D12/><U9/><E93/><AGARI ba="0,0" hai="21,26,28,32,35,84,90,93,96,102,106" m="43167" machi="93" ten="30,1000,0" yaku="24,1" doraHai="120" who="0" fromWho="1" sc="210,10,152,-10,231,0,407,0" owari="220,-18.0,142,-36.0,231,3.0,407,51.0" /></mjloggm>