<mjloggm ver="2.3"><GO type="41" lobby="0"/><UN n0="%6D%61%73%61%39%35%30%31" n1="%E3%82%B5%E3%82%AF%E3%83%A9%E3%83%95%E3%83%96%E3%82%AD" n2="%E3%82%A6%E3%83%AB%E3%83%88%E3%83%A9%E7%AB%8B%E7%9B%B4" n3="%E3%83%89%E3%83%A9%E3%81%AE%E3%82%93%E3%81%AD%E3%81%87%EF%BD%9E" dan="14,15,16,13" rate="1884.07,2014.62,2063.43,1881.14" sx="M,M,M,M"/><TAIKYOKU oya="0"/><INIT seed="0,0,0,3,1,9" ten="250,250,250,250" oya="0" hai0="88,27,123,83,55,87,42,86,29,54,74,80,126" hai1="44,99,121,32,31,64,14,90,131,36,62,118,21" hai2="38,2,106,96,17,16,68,104,37,26,78,85,135" hai3="79,57,30,117,11,51,100,53,133,65,25,34,125"/><T24/><D42/><U127/><E121/><V8/><F68/><W94/><G117/><T66/><D74/><U69/><E118/><V82/><F135/><W3/><G133/><T81/><D123/><U45/><E127/><V61/><F61/><W7/><G125/><T108/><D126/><U50/><E36/><V52/><F52/><N who="0" m="20010" /><D108/><U48/><E32/><V91/><F106/><W13/><G79/><N who="0" m="46367" /><D66/><U70/><E69/><V56/><F56/><W113/><G113/><T134/><D134/><U63/><E62/><V120/><F120/><W12/><REACH who="3" step="1"/><G65/><REACH who="3" ten="250,250,250,240" step="2"/><T107/><D107/><U101/><E64/><V97/><F104/><W89/><G89/><N who="0" m="51439" /><D29/><U112/><E31/><V93/><F78/><W76/><G76/><T92/><D83/><U60/><E112/><V109/><F82/><W110/><G110/><T122/><D122/><U35/><E70/><V105/><F105/><W39/><G39/><T10/><D10/><U43/><E63/><V128/><F109/><W73/><G73/><T41/><D41/><U129/><E60/><V111/><F111/><W95/><G95/><T18/><D18/><U71/><E43/><V84/><F38/><W103/><G103/><T77/><D77/><U114/><E101/><V20/><F37/><W47/><G47/><T28/><D28/><U67/><E67/><V4/><F17/><W19/><G19/><T72/><D72/><U124/><E45/><V130/><F16/><W5/><G5/><T59/><D59/><U15/><E44/><V132/><F4/><W22/><G22/><T23/><D23/><U116/><E21/><RYUUKYOKU ba="0,1" sc="250,15,250,-15,250,-15,240,15" hai0="24,27,88,92" hai3="3,7,11,12,13,25,30,34,51,53,57,94,100" /><INIT seed="0,1,1,2,5,27" ten="265,235,235,255" oya="0" hai0="16,131,73,49,8,10,83,37,110,21,100,118,92" hai1="80,2,53,124,96,5,97,33,42,40,44,103,107" hai2="68,126,99,75,122,19,28,47,91,50,128,32,78" hai3="29,106,130,15,56,114,105,129,102,88,76,123,120"/><T46/><D37/><U95/><E33/><V77/><F68/><W48/><G114/><T134/><D118/><U82/><E5/><V74/><F122/><N who="3" m="46635" /><G15/><T117/><D117/><U57/><E2/><V104/><F126/><W23/><G76/><T24/><D134/><U31/><E31/><V115/><F128/><N who="3" m="49259" /><G102/><T79/><D131/><U84/><E124/><V89/><F115/><W109/><G109/><T4/><D110/><U116/><E42/><V61/><F104/><W85/><G56/><T98/><REACH who="0" step="1"/><D4/><REACH who="0" ten="255,235,235,255" step="2"/><U113/><E116/><V72/><F72/><W12/><G48/><T22/><D22/><U18/><E113/><V36/><F50/><W93/><G12/><T52/><AGARI ba="1,2" hai="8,10,16,21,24,46,49,52,73,79,83,92,98,100" machi="52" ten="20,18000,2" yaku="1,1,0,1,7,1,54,2,53,1" doraHai="27" doraHaiUra="20" who="0" fromWho="0" sc="255,203,235,-61,235,-61,255,-61" /><INIT seed="0,2,0,0,0,96" ten="458,174,174,194" oya="0" hai0="57,98,73,18,39,29,60,50,56,26,32,37,95" hai1="8,106,111,102,68,113,71,120,66,121,117,69,36" hai2="107,122,1,65,15,78,61,105,59,58,38,0,101" hai3="104,31,134,54,124,6,49,20,83,43,34,92,55"/><T128/><D73/><U14/><E36/><V12/><F78/><W22/><G34/><T110/><D128/><U9/><E117/><V21/><F38/><W118/><G104/><T33/><D33/><U100/><E106/><V85/><F85/><W7/><G118/><T86/><D86/><U75/><E75/><V4/><F4/><W79/><G124/><T24/><D56/><U87/><E111/><V25/><F21/><W112/><G43/><T108/><D50/><U30/><E30/><V84/><F25/><W47/><G112/><T46/><D46/><U5/><E66/><V77/><F84/><W89/><G134/><T129/><D129/><U48/><E48/><V19/><F19/><W40/><G6/><T97/><D98/><U115/><E9/><V82/><F82/><W133/><G7/><T74/><D74/><U2/><E87/><V116/><F77/><W127/><G127/><T103/><D18/><U119/><E119/><V63/><F116/><W135/><G83/><T23/><D26/><U130/><E130/><V10/><F10/><W126/><G79/><T53/><REACH who="0" step="1"/><D32/><REACH who="0" ten="448,174,174,194" step="2"/><U51/><E51/><V91/><F59/><N who="3" m="33231" /><G126/><T80/><D80/><U72/><E72/><V81/><F81/><W3/><G135/><T28/><D28/><U88/><E2/><V93/><F0/><W16/><G3/><T132/><D132/><U42/><E113/><V131/><F1/><W109/><G133/><T76/><D76/><U35/><E115/><V64/><F131/><W13/><G31/><T70/><D70/><U94/><E35/><V44/><F44/><RYUUKYOKU ba="2,1" sc="448,30,174,-10,174,-10,194,-10" hai0="23,24,29,37,39,53,57,60,95,97,103,108,110" /><INIT seed="0,3,1,4,1,37" ten="478,164,164,184" oya="0" hai0="19,20,131,97,92,32,119,116,51,87,105,25,7" hai1="9,57,107,66,82,128,28,40,75,54,110,94,127" hai2="117,4,86,33,91,16,69,108,38,118,81,73,56" hai3="93,0,79,43,71,11,98,135,22,23,101,50,61"/><T109/><D105/><U130/><E107/><V74/><F69/><W64/><G135/><T6/><D131/><N who="1" m="50219" /><E66/><V21/><F33/><W126/><G126/><T58/><D109/><U29/><E110/><V48/><F38/><W80/><G0/><T121/><D32/><U60/><E94/><V15/><F4/><W129/><G129/><T34/><D34/><U112/><E112/><V41/><F108/><W2/><G2/><T123/><D121/><U68/><E9/><V88/><F91/><W83/><G11/><T53/><D123/><U96/><E96/><V89/><F89/><W78/><G83/><T36/><D36/><U18/><E18/><V134/><F134/><W39/><G50/><T111/><D111/><U124/><E68/><V77/><F77/><W49/><G49/><T12/><D119/><U10/><E40/><V85/><F85/><W133/><G79/><T106/><D87/><U70/><E10/><V67/><F67/><W44/><G133/><T62/><D106/><U84/><E75/><AGARI ba="3,1" hai="22,23,39,43,44,61,64,71,75,78,80,93,98,101" machi="75" ten="30,2000,0" yaku="7,1,52,1" doraHai="37" who="3" fromWho="1" sc="478,0,164,-29,164,0,184,39" /><INIT seed="1,0,0,4,2,46" ten="478,135,164,223" oya="1" hai0="16,119,44,130,62,89,26,75,14,42,17,99,79" hai1="30,49,87,77,108,15,8,129,101,71,92,2,106" hai2="76,123,1,10,0,98,39,57,21,134,70,132,113" hai3="25,97,18,135,23,117,61,40,126,111,3,80,83"/><U100/><E71/><V116/><F57/><W55/><G135/><T82/><D62/><U128/><E2/><V107/><F98/><W84/><G126/><T127/><D130/><N who="1" m="50283" /><E30/><V33/><F76/><W13/><G3/><T29/><D119/><U32/><E32/><V35/><F21/><W121/><G121/><T41/><D41/><U65/><E65/><V118/><F107/><W7/><G117/><T4/><D127/><U48/><E106/><V5/><F39/><W88/><G40/><T34/><D14/><U124/><E124/><V105/><F105/><W109/><G97/><T53/><D4/><N who="1" m="3463" /><E108/><N who="3" m="41546" /><G83/><T115/><D115/><U74/><E74/><V96/><F70/><W36/><G36/><T52/><D17/><U93/><E92/><V114/><F96/><W11/><G61/><T20/><D34/><U58/><E58/><V125/><F125/><W60/><G60/><T28/><D29/><U120/><E120/><V133/><F133/><W131/><G55/><T90/><D28/><U6/><E6/><V68/><F68/><W81/><G131/><T104/><D104/><U12/><E12/><V63/><F63/><W19/><G80/><T122/><D122/><U24/><E24/><V56/><F56/><W85/><G84/><T38/><D99/><N who="1" m="59503" /><E101/><V37/><F123/><W22/><G22/><T59/><REACH who="0" step="1"/><D59/><REACH who="0" ten="468,135,164,223" step="2"/><U45/><E45/><V51/><F118/><W78/><G19/><T31/><D31/><U50/><E77/><AGARI ba="0,1" hai="7,11,13,18,23,25,77,78,81,85,88" m="41546" machi="77" ten="30,2000,0" yaku="14,1,54,1" doraHai="46" who="3" fromWho="1" sc="468,0,135,-20,164,0,223,30" /><INIT seed="2,0,0,1,1,110" ten="468,115,164,253" oya="2" hai0="80,40,27,14,98,29,31,118,94,112,69,122,11" hai1="60,34,121,51,81,1,101,97,79,100,106,48,76" hai2="47,18,105,61,99,68,28,130,50,64,73,83,55" hai3="54,95,59,13,124,89,127,67,102,56,84,9,109"/><V103/><F130/><W117/><G117/><T107/><D69/><U58/><E34/><V44/><F18/><W96/><G109/><T131/><D107/><U25/><E1/><V3/><F3/><W12/><G67/><T24/><D122/><U126/><E101/><V8/><F8/><W87/><G87/><T21/><D118/><U16/><E121/><V45/><F73/><W88/><G13/><T4/><D131/><U93/><E106/><V0/><F0/><W123/><G123/><T71/><D40/><U2/><E2/><V125/><F83/><W78/><G78/><N who="1" m="29738" /><E81/><V135/><F135/><W10/><G10/><T52/><D80/><U57/><E126/><N who="3" m="48170" /><G54/><T65/><D65/><N who="1" m="39055" /><E58/><N who="3" m="22058" /><G84/><T72/><D71/><U39/><E39/><V19/><F125/><W35/><G35/><T23/><D72/><U17/><E25/><V128/><F128/><W115/><G115/><T75/><D75/><U41/><E41/><V42/><F19/><AGARI ba="0,0" hai="9,12,19,88,89,95,96,102" m="22058,48170" machi="19" ten="30,2000,0" yaku="18,1,54,1" doraHai="110" who="3" fromWho="2" sc="468,0,115,0,164,-20,253,20" /><AGARI ba="0,0" hai="16,17,19,48,51,93,97,100" m="39055,29738" machi="19" ten="30,2000,0" yaku="8,1,54,1" doraHai="110" who="1" fromWho="2" sc="468,0,115,20,144,-20,273,0" /><INIT seed="3,0,0,5,2,51" ten="468,135,124,273" oya="3" hai0="84,69,2,33,106,127,79,117,0,125,70,6,135" hai1="121,83,124,7,52,23,32,91,97,72,29,126,22" hai2="63,94,112,65,130,24,13,46,103,128,75,39,74" hai3="15,44,120,53,38,43,67,122,56,134,10,87,12"/><W99/><G134/><T123/><D106/><U42/><E121/><V114/><F13/><W132/><G132/><T59/><D33/><U80/><E42/><V86/><F24/><W41/><G99/><T64/><D117/><U17/><E7/><V49/><F86/><W58/><G87/><T71/><D123/><U37/><E37/><V78/><F94/><W115/><G10/><T1/><D6/><U108/><E108/><V102/><F103/><W131/><G12/><T100/><D100/><U50/><E32/><V66/><F102/><W11/><G11/><T133/><D135/><U61/><E61/><V14/><F14/><W68/><G15/><T90/><D79/><N who="1" m="44135" /><E29/><V31/><F31/><W96/><G96/><T5/><D5/><U81/><E23/><V93/><F93/><W129/><G115/><T73/><D73/><U16/><E17/><V45/><F78/><W4/><G4/><T55/><D64/><U40/><E40/><V82/><F82/><W26/><G26/><T21/><D21/><U62/><E62/><V47/><F75/><W89/><G89/><T116/><D133/><U54/><E97/><V19/><F74/><W60/><G41/><T8/><D116/><U88/><E81/><V36/><F19/><W119/><G119/><T77/><D8/><U30/><E83/><V95/><F95/><W92/><G92/><N who="0" m="54343" /><D77/><U105/><E105/><V76/><F76/><W20/><G20/><T28/><D28/><U9/><E30/><V25/><F114/><W98/><G98/><T48/><D0/><U35/><E9/><V85/><F112/><RYUUKYOKU ba="0,0" sc="468,30,135,-10,124,-10,273,-10" hai0="1,2,48,55,59,69,70,71,125,127" /><INIT seed="4,1,0,0,4,112" ten="498,125,114,263" oya="0" hai0="33,81,42,109,56,95,9,22,18,10,134,74,2" hai1="114,7,135,122,131,85,27,94,63,126,61,13,79" hai2="73,58,115,89,26,41,96,75,105,5,118,23,70" hai3="92,107,121,88,36,84,66,17,37,19,30,77,34"/><T82/><D33/><U24/><E122/><V50/><F70/><W32/><G107/><T11/><D74/><U14/><E114/><V46/><F115/><W90/><G121/><T127/><D134/><U80/><E135/><V16/><F5/><W132/><G132/><T31/><D127/><U103/><E126/><V12/><F12/><N who="1" m="4713" /><E131/><V67/><F67/><W124/><G124/><T91/><D31/><U8/><E8/><V76/><F76/><W87/><G77/><T133/><D42/><U128/><E128/><V38/><F38/><W40/><G66/><T55/><D2/><U1/><E1/><V54/><F105/><W25/><G40/><T39/><D39/><U129/><E7/><V57/><F57/><W47/><G47/><T86/><D109/><U113/><E113/><V130/><F130/><W125/><G125/><T53/><D53/><U60/><E129/><V117/><F75/><W101/><G101/><T35/><D35/><U6/><E6/><V0/><F73/><W15/><G34/><T93/><D93/><U100/><E94/><N who="2" m="56399" /><F0/><W71/><G71/><T98/><D86/><U69/><E69/><V104/><F104/><W49/><G92/><T20/><D133/><U43/><E43/><V52/><F41/><W51/><G32/><T97/><D97/><U102/><AGARI ba="1,0" hai="24,27,60,61,63,79,80,85,100,102,103" m="4713" machi="102" ten="40,1500,0" yaku="8,1" doraHai="112" who="1" fromWho="1" sc="498,-8,125,18,114,-5,263,-5" /><INIT seed="5,0,0,4,3,135" ten="490,143,109,258" oya="1" hai0="72,5,12,17,134,44,124,61,80,108,28,14,4" hai1="0,59,118,11,7,83,92,100,53,24,95,85,127" hai2="90,60,15,87,122,75,51,76,21,31,66,116,98" hai3="9,47,42,35,55,16,58,56,91,69,45,26,18"/><U23/><E118/><V96/><F122/><W105/><G105/><T68/><D28/><U130/><E130/><V40/><F116/><W30/><G69/><T104/><D104/><U41/><E41/><V37/><F37/><W13/><G18/><T79/><D108/><U1/><E1/><V57/><F76/><W101/><G101/><T113/><D14/><U3/><E3/><V67/><F75/><W33/><G91/><T50/><D113/><U77/><E100/><V71/><F71/><W29/><G29/><T123/><D134/><U97/><E97/><V110/><F67/><W109/><G109/><T54/><D123/><U70/><E70/><V111/><F111/><W133/><G133/><T84/><D72/><U103/><E103/><V19/><F31/><W63/><G58/><T46/><D44/><U73/><E73/><V27/><F27/><W115/><G115/><T126/><D61/><U39/><E39/><V129/><F129/><W121/><G121/><T38/><D68/><U120/><E120/><V99/><F110/><W106/><G106/><T48/><D50/><N who="1" m="31159" /><E127/><N who="0" m="48681" /><D38/><U2/><E2/><V74/><F74/><W112/><G112/><T78/><D78/><U34/><E34/><V65/><F65/><W93/><G35/><T132/><D132/><U32/><E32/><V20/><F20/><AGARI ba="0,0" hai="4,5,12,17,20,46,48,54,79,80,84" m="48681" machi="20" ten="30,7700,0" yaku="18,1,52,3" doraHai="135" who="0" fromWho="2" sc="490,77,143,0,109,-77,258,0" /><INIT seed="6,0,0,1,5,68" ten="567,143,32,258" oya="2" hai0="13,36,34,52,55,108,78,11,4,89,109,14,49" hai1="76,91,22,100,101,61,3,21,99,48,90,127,81" hai2="134,41,27,118,96,42,58,51,19,75,30,88,86" hai3="57,23,8,105,2,10,17,131,121,107,15,71,60"/><V83/><F118/><W119/><G71/><T67/><D34/><U35/><E3/><V43/><F134/><W112/><G119/><T18/><D78/><U50/><E35/><V117/><F117/><W72/><G121/><T103/><D67/><U74/><E61/><V38/><F75/><W130/><G72/><T62/><D103/><U95/><E127/><V125/><F125/><W98/><G112/><T104/><D36/><U114/><E100/><V70/><F70/><W53/><G98/><T29/><D29/><U135/><E135/><V87/><F96/><W82/><G82/><T84/><D55/><U102/><E101/><V7/><F7/><W122/><G122/><T44/><D62/><U28/><E114/><V33/><F19/><W129/><REACH who="3" step="1"/><G2/><REACH who="3" ten="567,143,32,248" step="2"/><T24/><D108/><U31/><E81/><V0/><F0/><W92/><G92/><T116/><D109/><U85/><E99/><V115/><F115/><W80/><G80/><T63/><D104/><AGARI ba="0,1" hai="8,10,15,17,23,53,57,60,104,105,107,129,130,131" machi="104" ten="50,3200,0" yaku="1,1,19,1,53,0" doraHai="68" doraHaiUra="32" who="3" fromWho="0" sc="567,-32,143,0,32,0,248,42" /><INIT seed="7,0,0,2,2,81" ten="535,143,32,290" oya="3" hai0="131,37,86,103,12,4,100,134,28,40,75,133,24" hai1="11,18,2,35,49,98,93,92,70,6,53,30,39" hai2="45,5,48,23,132,3,8,109,115,126,87,54,128" hai3="60,9,68,129,123,116,97,27,62,124,51,96,0"/><W59/><G123/><T117/><D75/><U65/><E39/><V114/><F109/><W69/><G116/><T17/><D117/><U130/><E65/><V41/><F126/><W32/><G124/><T38/><D4/><U91/><E70/><V22/><F128/><W101/><G129/><T71/><D71/><U74/><E74/><V56/><F132/><N who="0" m="50794" /><D131/><U34/><E93/><V84/><F23/><W79/><G79/><T83/><D40/><U31/><E18/><V94/><F22/><W82/><G82/><T110/><D110/><U25/><E130/><V29/><F94/><W112/><G112/><T78/><D24/><U46/><E31/><V26/><F26/><W90/><G27/><T85/><D28/><U50/><E49/><V72/><F29/><W118/><G51/><T119/><D119/><U122/><E122/><V107/><F107/><W44/><G118/><T36/><D85/><N who="2" m="32842" /><F72/><W21/><G21/><AGARI ba="0,0" hai="12,17,21,36,37,38,78,83,86,100,103" m="50794" machi="21" ten="40,2600,0" yaku="20,1,52,1" doraHai="81" who="0" fromWho="3" sc="535,26,143,0,32,0,290,-26" /><AGARI ba="0,0" hai="2,6,11,21,25,30,34,35,46,50,53,91,92,98" machi="21" ten="30,1000,0" yaku="7,1" doraHai="81" who="1" fromWho="3" sc="561,0,143,10,32,0,264,-10" owari="561,67.0,153,-25.0,32,-47.0,254,5.0" /></mjloggm>