<mjloggm ver="2.3"><GO type="97" lobby="0"/><UN n0="%E3%82%A6%E3%83%AB%E3%83%88%E3%83%A9%E7%AB%8B%E7%9B%B4" n1="%66%65%6E%67%67%61%6E%67" n2="%E6%B0%B8%E4%B9%85%E5%B0%B1%E8%81%B7" n3="%65%74%61%6B%61%32%34" dan="15,15,13,13" rate="2006.00,1989.31,1866.10,1894.51" sx="M,M,M,M"/><TAIKYOKU oya="0"/><INIT seed="0,0,0,5,2,94" ten="250,250,250,250" oya="0" hai0="17,117,46,99,115,64,39,93,122,129,11,57,132" hai1="80,27,61,81,42,65,108,74,55,52,15,63,53" hai2="77,103,92,127,41,105,8,120,110,10,69,87,106" hai3="71,102,54,29,91,128,66,97,123,23,4,104,9"/><T16/><D122/><U72/><E108/><V96/><F69/><W7/><G123/><T26/><D117/><U60/><E42/><V49/><F120/><W2/><G128/><T44/><D115/><U114/><E114/><V130/><F110/><W14/><G71/><T47/><D39/><U109/><E109/><V0/><F130/><W24/><G66/><T125/><D129/><U85/><E27/><V62/><F62/><W34/><G54/><T6/><D125/><U30/><E65/><V59/><F127/><W40/><G40/><T67/><D132/><U118/><E30/><V56/><F0/><W111/><G111/><T68/><D68/><U75/><E15/><V83/><F106/><W43/><G43/><T13/><D26/><U50/><E118/><V19/><F105/><W78/><G78/><T20/><D57/><U121/><E121/><V32/><F32/><W124/><G124/><T37/><D37/><U38/><E38/><V36/><F36/><W112/><G112/><T12/><REACH who="0" step="1"/><D6/><REACH who="0" ten="240,250,250,250" step="2"/><U31/><E31/><V45/><F19/><N who="3" m="10743" /><G7/><T51/><D51/><U95/><E50/><V70/><F70/><W33/><G33/><T58/><D58/><AGARI ba="0,1" hai="8,10,41,45,49,56,58,59,77,83,87,92,96,103" machi="58" ten="40,2600,0" yaku="8,1,52,1" doraHai="94" who="2" fromWho="0" sc="240,-26,250,0,250,36,250,0" /><INIT seed="1,0,0,5,1,128" ten="214,250,286,250" oya="1" hai0="129,76,5,120,56,80,43,62,27,52,42,12,11" hai1="135,68,58,22,16,20,79,75,17,4,134,40,60" hai2="121,110,18,86,59,46,122,100,30,51,112,88,92" hai3="49,23,123,71,124,34,54,98,114,21,111,25,32"/><U3/><E68/><V131/><F112/><W105/><G123/><T13/><D129/><U104/><E104/><V97/><F131/><W66/><G114/><T31/><D13/><U19/><E40/><V45/><F30/><W78/><G111/><T109/><D109/><U126/><E79/><V133/><F110/><W65/><G124/><T119/><D119/><U44/><E75/><V38/><F133/><N who="1" m="50697" /><E126/><V61/><F38/><W7/><G78/><T64/><D120/><U108/><E108/><V101/><F122/><W1/><G23/><N who="1" m="8746" /><E44/><V115/><F18/><N who="1" m="4609" /><U103/><DORA hai="87" /><E103/><V89/><F121/><W107/><G107/><T99/><D43/><U116/><E116/><V57/><F115/><W33/><G71/><T67/><D42/><U81/><E81/><V39/><F39/><W36/><G36/><T63/><D80/><U82/><E82/><N who="2" m="49367" /><F46/><W130/><G130/><T91/><D76/><U41/><E41/><N who="2" m="25007" /><F59/><W28/><G66/><AGARI ba="0,0" hai="57,61,66,88,92,97,100,101" m="25007,49367" machi="66" ten="30,7700,0" yaku="8,1,52,2,54,1" doraHai="128,87" who="2" fromWho="3" sc="214,0,250,0,286,77,250,-77" /><INIT seed="2,0,0,5,5,67" ten="214,250,363,173" oya="2" hai0="119,109,2,69,74,112,60,92,102,9,53,14,131" hai1="61,107,49,1,83,23,34,94,17,103,46,82,51" hai2="108,58,28,4,116,54,37,81,56,89,52,113,36" hai3="59,26,16,68,91,42,127,86,72,104,106,10,35"/><V5/><F116/><W47/><G68/><T84/><D84/><U85/><E34/><V3/><F28/><W31/><G72/><T125/><D92/><U123/><E1/><V27/><F27/><W73/><G73/><T8/><D102/><U43/><E107/><V6/><F3/><W129/><G127/><T65/><D74/><U98/><E123/><V38/><F113/><W122/><G122/><T120/><D120/><U115/><E115/><V90/><F81/><W117/><G117/><T111/><D119/><U75/><E75/><V15/><F108/><N who="0" m="41546" /><D112/><U63/><E51/><V87/><F15/><W48/><G129/><T93/><D93/><U124/><E124/><V55/><F87/><W45/><G59/><AGARI ba="0,0" hai="4,5,6,36,37,38,52,54,55,56,58,59,89,90" machi="59" ten="50,12000,1" yaku="29,2,28,2,54,1" doraHai="67" who="2" fromWho="3" sc="214,0,250,0,363,120,173,-120" /><INIT seed="2,1,0,5,3,79" ten="214,250,483,53" oya="2" hai0="96,52,0,64,102,105,98,117,12,94,24,87,89" hai1="92,47,121,131,2,32,20,63,133,7,13,23,106" hai2="6,53,70,129,15,73,5,3,84,100,55,29,72" hai3="19,101,110,9,25,83,77,18,104,44,51,37,16"/><V30/><F70/><W58/><G110/><T71/><D0/><U109/><E106/><V43/><F129/><W27/><G37/><T66/><D117/><U61/><E47/><V59/><F43/><W17/><G58/><T40/><D40/><U112/><E92/><V95/><F59/><W67/><G67/><T88/><D71/><U65/><E65/><V122/><F3/><W107/><G101/><T31/><D12/><U119/><E61/><V1/><F1/><W97/><G97/><T38/><D38/><U41/><E63/><V90/><F100/><W57/><G57/><T128/><D128/><U45/><E45/><V115/><F122/><W22/><G107/><T8/><D8/><U33/><E41/><V60/><F73/><W130/><G104/><T54/><D66/><U85/><E85/><V118/><F72/><W127/><G127/><T108/><D64/><U50/><E109/><V81/><F115/><W4/><G130/><T82/><D108/><U14/><E131/><V123/><F60/><W111/><G111/><T120/><REACH who="0" step="1"/><D120/><REACH who="0" ten="204,250,483,53" step="2"/><U56/><E119/><V35/><F118/><W74/><G27/><T91/><D91/><U114/><E121/><V134/><F123/><W46/><REACH who="3" step="1"/><G51/><REACH who="3" ten="204,250,483,43" step="2"/><T76/><D76/><U34/><E50/><V99/><F90/><W103/><G103/><T28/><D28/><U11/><E112/><V62/><F30/><W125/><G125/><T113/><D113/><U68/><E114/><V132/><F29/><W86/><G86/><T49/><D49/><U93/><E68/><V21/><F84/><W26/><G26/><RYUUKYOKU ba="1,2" sc="204,15,250,-15,483,-15,43,15" hai0="24,31,52,54,82,87,88,89,94,96,98,102,105" hai3="4,9,16,17,18,19,22,25,44,46,74,77,83" /><INIT seed="3,2,2,0,2,98" ten="219,235,468,58" oya="3" hai0="106,32,88,110,52,36,111,58,53,107,9,101,60" hai1="124,27,46,95,105,48,93,109,7,55,125,104,130" hai2="37,70,38,6,102,119,132,18,90,62,3,61,113" hai3="24,13,17,97,72,19,30,108,11,134,82,131,83"/><W44/><G131/><T4/><D36/><U54/><E130/><V76/><F119/><W89/><G134/><T16/><D32/><U78/><E109/><N who="0" m="41481" /><D16/><U35/><E7/><V64/><F62/><W99/><G108/><T87/><D53/><U40/><E78/><V116/><F76/><W84/><G72/><T22/><D22/><U31/><E55/><V10/><F113/><W1/><G1/><N who="0" m="143" /><D101/><U112/><E112/><V129/><F129/><W45/><G19/><T5/><D5/><U57/><E95/><AGARI ba="2,2" hai="52,58,60,87,88,95,106,107" m="143,41481" machi="95" ten="30,3900,0" yaku="14,1,54,2" doraHai="98" who="0" fromWho="1" sc="219,65,235,-45,468,0,58,0" owari="284,8.0,190,-21.0,468,57.0,58,-44.0" /></mjloggm>