<mjloggm ver="2.3"><GO type="97" lobby="0"/><UN n0="%E3%82%A6%E3%83%AB%E3%83%88%E3%83%A9%E7%AB%8B%E7%9B%B4" n1="%E5%A6%82%E6%9C%88%E3%82%AB%E3%83%AB%E3%83%8A" n2="%73%68%69%7A%75%6F%6B%61" n3="%E3%83%9E%E3%82%AE%E5%AD%90" dan="15,15,14,14" rate="2014.93,1978.20,1996.41,1964.48" sx="M,F,M,M"/><TAIKYOKU oya="0"/><INIT seed="0,0,0,2,1,73" ten="250,250,250,250" oya="0" hai0="15,101,40,51,70,125,129,85,116,59,52,113,23" hai1="44,13,41,48,38,78,69,126,114,127,67,121,134" hai2="124,131,72,32,16,14,66,4,56,95,105,22,99" hai3="42,18,102,77,24,57,92,133,88,91,118,29,97"/><T71/><D113/><U93/><E93/><V75/><F105/><W80/><G118/><T89/><D116/><U74/><E13/><V5/><F131/><W94/><G133/><T62/><D129/><U17/><E17/><V108/><F32/><W2/><G2/><T43/><D125/><N who="1" m="47627" /><E121/><V30/><F108/><W82/><G42/><T122/><D122/><U119/><E119/><V26/><F124/><W53/><G18/><N who="0" m="10719" /><D71/><U112/><E78/><V111/><F111/><W6/><G6/><T34/><D34/><U9/><E74/><V7/><F75/><W123/><G123/><T68/><D68/><U86/><E86/><V130/><F72/><W35/><G92/><N who="0" m="54319" /><D101/><U3/><E9/><V103/><F130/><W28/><G28/><T10/><D10/><U76/><E3/><V31/><REACH who="2" step="1"/><F14/><REACH who="2" ten="250,250,240,250" step="2"/><W37/><G35/><T50/><D70/><U54/><E134/><V12/><F12/><W49/><G37/><T128/><D128/><U36/><E36/><V33/><F33/><W27/><G27/><T65/><D65/><U100/><E67/><V46/><F46/><W0/><G24/><T79/><D79/><U109/><E76/><V47/><F47/><W63/><G77/><T21/><D21/><U60/><E109/><V115/><F115/><W81/><G0/><T110/><D110/><U1/><E114/><V8/><F8/><W83/><N who="3" m="20992" /><DORA hai="39" /><W90/><G29/><T19/><D19/><U58/><E112/><V104/><F104/><W84/><G84/><T98/><D98/><U20/><E1/><V117/><F117/><W87/><G87/><RYUUKYOKU ba="0,1" sc="250,10,250,-30,240,10,250,10" hai0="40,43,50,51,52,59,62" hai2="4,5,7,16,22,26,30,31,56,66,95,99,103" hai3="49,53,57,63,88,90,91,94,97,102" /><INIT seed="0,1,1,3,4,122" ten="260,220,250,260" oya="0" hai0="113,62,53,116,19,18,14,75,0,26,46,117,134" hai1="41,51,38,9,31,107,3,6,22,58,106,66,49" hai2="121,1,42,100,97,23,17,16,13,115,54,71,61" hai3="101,110,96,83,47,118,4,12,60,120,102,108,55"/><T77/><D113/><U25/><E107/><V74/><F121/><W111/><G120/><T104/><D0/><U29/><E106/><V33/><F115/><W82/><G118/><T93/><D104/><U32/><E38/><V135/><F1/><W27/><G27/><T11/><D134/><U44/><E32/><V72/><F33/><W123/><G123/><T99/><D77/><U80/><E80/><N who="3" m="30762" /><G96/><T89/><D75/><U50/><E31/><V5/><F5/><W133/><G133/><T15/><D26/><U127/><E127/><V63/><F135/><W34/><G34/><T2/><D2/><U90/><E90/><V78/><F42/><W125/><G125/><T64/><D46/><U69/><E69/><V39/><F39/><W24/><G24/><T8/><REACH who="0" step="1"/><D53/><REACH who="0" ten="250,220,250,260" step="2"/><U126/><E126/><V20/><F78/><W52/><G47/><T95/><D95/><U56/><E66/><V92/><F54/><N who="3" m="20523" /><G60/><T132/><D132/><U131/><E44/><V124/><F124/><W68/><G68/><AGARI ba="1,2" hai="8,11,14,15,18,19,62,64,68,89,93,99,116,117" machi="68" ten="30,5800,0" yaku="1,1,7,1,9,1,53,0" doraHai="122" doraHaiUra="37" who="0" fromWho="3" sc="250,81,220,0,250,0,260,-61" /><INIT seed="0,2,0,3,3,23" ten="331,220,250,199" oya="0" hai0="40,49,80,117,36,25,27,75,107,103,18,66,16" hai1="94,43,116,51,95,89,81,32,72,10,87,42,44" hai2="0,84,54,20,78,30,119,102,91,123,76,34,120" hai3="67,15,5,112,13,86,83,104,61,19,58,68,124"/><T115/><D36/><U28/><E116/><V113/><F34/><W50/><G104/><T11/><D115/><U106/><E106/><V55/><F0/><W128/><G112/><T38/><D38/><U29/><E42/><V105/><F113/><W17/><G124/><T9/><D107/><U45/><E44/><V133/><F105/><W108/><G128/><T56/><D75/><U73/><E32/><V6/><F102/><W135/><G135/><T2/><D2/><U109/><E109/><V69/><F6/><W132/><G132/><T46/><D103/><U90/><E72/><V48/><F133/><W122/><G122/><T12/><D80/><U14/><E73/><V60/><F119/><W88/><G108/><T22/><D117/><U35/><E35/><V98/><F98/><W127/><G127/><T53/><D66/><U92/><REACH who="1" step="1"/><E90/><REACH who="1" ten="331,210,250,199" step="2"/><V99/><F123/><W21/><G68/><T126/><D126/><U97/><E97/><V57/><F99/><W64/><G88/><T125/><D125/><U85/><E85/><V39/><F69/><W100/><G86/><T8/><D40/><U114/><E114/><V41/><F120/><W7/><G100/><T26/><D46/><U121/><E121/><V96/><F96/><W31/><G83/><T70/><D70/><U33/><E33/><V65/><F41/><W93/><G93/><T118/><D118/><U130/><E130/><V4/><F91/><W131/><G131/><T134/><D134/><U110/><E110/><V62/><F84/><W77/><G77/><T74/><D74/><U129/><E129/><RYUUKYOKU ba="2,1" sc="331,15,210,15,250,-15,199,-15" hai0="8,9,11,12,16,18,22,25,26,27,49,53,56" hai1="10,14,28,29,43,45,51,81,87,89,92,94,95" /><INIT seed="0,3,1,3,4,17" ten="346,225,235,184" oya="0" hai0="81,72,113,37,87,123,93,59,71,34,100,65,85" hai1="77,103,62,128,48,134,26,88,12,70,35,125,28" hai2="124,86,120,52,31,38,129,54,130,56,94,108,117" hai3="24,104,74,57,13,68,6,19,15,126,51,8,44"/><T110/><D71/><U3/><E77/><V101/><F120/><W53/><G104/><T102/><D37/><U21/><E134/><V61/><F38/><W73/><G68/><T47/><D34/><U46/><E125/><V14/><F124/><W42/><G126/><T25/><D72/><U96/><E128/><N who="2" m="49259" /><F31/><W27/><G73/><T83/><D123/><U66/><E3/><V41/><F41/><W75/><G75/><T22/><D113/><U133/><E133/><V60/><F117/><W90/><G90/><N who="0" m="53471" /><D47/><U69/><E88/><N who="2" m="53527" /><F101/><W95/><G95/><T78/><D83/><U49/><E70/><V5/><F108/><W112/><G112/><T115/><D115/><U91/><E91/><V40/><F40/><W33/><G33/><T119/><D119/><U114/><E114/><V4/><F14/><W132/><G74/><T99/><D99/><U122/><E122/><V45/><F45/><W92/><G92/><T97/><D97/><U105/><E46/><V32/><F32/><W58/><G132/><T16/><D110/><U50/><E50/><V80/><F80/><W106/><G106/><T84/><D84/><U36/><E36/><V7/><F61/><AGARI ba="3,1" hai="16,22,25,59,61,65,78,81,85,100,102" m="53471" machi="61" ten="30,5800,0" yaku="8,1,52,1,54,1" doraHai="17" who="0" fromWho="2" sc="346,77,225,0,235,-67,184,0" /><INIT seed="0,4,0,0,2,35" ten="423,225,168,184" oya="0" hai0="105,1,60,102,49,2,13,7,100,107,104,129,41" hai1="33,6,86,26,111,126,87,85,98,28,89,70,31" hai2="134,79,88,58,22,14,130,110,8,114,91,115,128" hai3="53,95,52,25,27,0,16,92,9,63,99,39,112"/><T127/><D60/><U118/><E111/><V106/><F110/><W96/><G39/><T37/><D37/><U30/><E126/><V121/><F58/><W133/><G133/><T132/><D132/><U75/><E118/><V119/><F134/><W80/><G112/><N who="2" m="43049" /><F22/><W62/><G80/><T84/><D84/><U71/><E75/><V56/><F121/><W72/><G72/><T113/><D113/><U51/><E6/><V64/><F56/><W78/><G78/><T123/><D123/><U97/><E89/><N who="2" m="34379" /><F64/><W101/><G101/><N who="0" m="39019" /><D49/><U32/><E51/><V116/><F79/><W82/><G82/><T117/><D41/><U48/><E48/><V38/><F38/><W57/><G57/><T81/><D117/><N who="2" m="45130" /><F106/><W50/><G50/><T12/><D7/><AGARI ba="4,0" hai="7,8,14,128,130" m="45130,34379,43049" machi="7" ten="40,2600,0" yaku="12,1,54,1" doraHai="35" who="2" fromWho="0" sc="423,-38,225,0,168,38,184,0" /><INIT seed="1,0,0,0,1,115" ten="385,225,206,184" oya="1" hai0="40,102,4,14,116,10,0,128,64,75,77,3,117" hai1="114,29,39,11,49,69,56,74,133,60,98,127,89" hai2="25,42,50,83,105,94,20,18,109,52,46,95,35" hai3="84,90,119,1,57,44,38,31,5,51,33,81,125"/><U26/><E127/><V96/><F109/><W13/><G125/><T62/><D102/><U7/><E133/><V93/><F35/><W59/><G1/><T79/><D79/><U123/><E123/><V107/><F83/><W99/><G38/><T86/><D75/><U97/><E39/><V19/><F105/><W129/><G129/><T47/><D128/><U104/><E74/><V66/><F107/><W76/><G31/><T121/><D3/><U118/><E114/><V124/><F66/><W70/><G33/><T22/><D121/><U85/><E49/><V100/><F124/><W101/><G70/><T130/><D130/><U113/><E113/><V88/><F19/><W37/><G37/><T28/><D28/><U43/><E43/><V126/><F126/><W12/><G5/><T63/><D22/><U108/><E108/><V30/><F100/><W41/><G76/><T16/><D16/><U15/><E69/><V80/><F30/><W135/><G135/><T78/><D0/><U48/><E48/><V58/><REACH who="2" step="1"/><F80/><REACH who="2" ten="385,225,196,184" step="2"/><W91/><G81/><N who="0" m="47407" /><D78/><U21/><E104/><V36/><AGARI ba="0,1" hai="18,20,25,36,42,46,50,52,58,88,93,94,95,96" machi="36" ten="20,8000,1" yaku="1,1,0,1,7,1,54,2,53,0" doraHai="115" doraHaiUra="112" who="2" fromWho="2" sc="385,-20,225,-40,196,90,184,-20" /><INIT seed="2,0,0,1,0,134" ten="365,185,286,164" oya="2" hai0="113,4,105,129,48,45,131,124,19,110,94,7,32" hai1="117,66,125,57,12,59,34,27,114,61,30,96,91" hai2="53,109,58,132,98,84,18,23,65,24,81,52,16" hai3="116,74,115,86,135,38,5,62,68,80,108,92,69"/><V99/><F132/><W118/><G62/><T123/><D105/><U8/><E117/><V51/><F65/><W71/><G5/><N who="0" m="2123" /><D32/><U31/><E114/><V17/><F109/><W127/><G92/><T87/><D113/><U41/><E41/><V78/><REACH who="2" step="1"/><F53/><REACH who="2" ten="365,185,276,164" step="2"/><W60/><G108/><T120/><D110/><U10/><E66/><V119/><F119/><W73/><G135/><T89/><D123/><U49/><E34/><V107/><F107/><W54/><G54/><T39/><D120/><U82/><E61/><V75/><F75/><W9/><G60/><T85/><D129/><U104/><E104/><V83/><F83/><W22/><G80/><T97/><D131/><U64/><E82/><V128/><F128/><W126/><G74/><T93/><D93/><U90/><E64/><V133/><F133/><W111/><G73/><T42/><D39/><U0/><E0/><V55/><F55/><W14/><G38/><T76/><D94/><U101/><E49/><V25/><F25/><W36/><G36/><T15/><D48/><U100/><E27/><V88/><F88/><W103/><G111/><T29/><D89/><U13/><REACH who="1" step="1"/><E96/><AGARI ba="0,1" hai="16,17,18,23,24,51,52,58,78,81,84,96,98,99" machi="96" ten="40,12000,1" yaku="1,1,8,1,54,2,53,0" doraHai="134" doraHaiUra="3" who="2" fromWho="1" sc="365,0,185,-120,276,130,164,0" /><INIT seed="2,1,0,2,5,73" ten="365,65,406,164" oya="2" hai0="68,30,3,57,78,134,105,24,123,39,60,50,51" hai1="66,117,1,43,107,31,119,106,26,128,75,13,29" hai2="48,9,124,23,85,109,84,77,130,81,61,80,59" hai3="11,79,12,27,114,25,58,41,82,55,64,35,125"/><V110/><F9/><W53/><G35/><T115/><D3/><U120/><E66/><V2/><F2/><W122/><G122/><T103/><D39/><U65/><E43/><V32/><F32/><W93/><G41/><T15/><D123/><U91/><E65/><V71/><F71/><W18/><G125/><T87/><D115/><U52/><E75/><V86/><F48/><W38/><G38/><T127/><D127/><U135/><E91/><V6/><F6/><W44/><G64/><T99/><D134/><U19/><E52/><N who="2" m="34023" /><F124/><W101/><G114/><T132/><D132/><U118/><E106/><V116/><F116/><W47/><G55/><T7/><D51/><U89/><E89/><N who="2" m="51335" /><F23/><W74/><G93/><T98/><D50/><U70/><E107/><V69/><F69/><W10/><G10/><T34/><D68/><U88/><E88/><V67/><F67/><W72/><G101/><T94/><D57/><U95/><E70/><V17/><F17/><W121/><G121/><T8/><D60/><U131/><E120/><V126/><F126/><W14/><G72/><T49/><D49/><U133/><E1/><V56/><F56/><W129/><G58/><T104/><REACH who="0" step="1"/><D99/><REACH who="0" ten="355,65,406,164" step="2"/><U36/><E36/><V5/><F130/><N who="1" m="49705" /><E95/><V20/><F110/><W0/><G129/><T113/><D113/><U40/><E40/><V46/><F109/><W54/><G0/><T100/><D100/><U83/><E83/><AGARI ba="1,1" hai="7,8,15,24,30,34,78,83,87,94,98,103,104,105" machi="83" ten="40,5200,0" yaku="1,1,52,1,53,1" doraHai="73" doraHaiUra="96" who="0" fromWho="1" sc="355,65,65,-55,406,0,164,0" /><INIT seed="3,0,0,3,0,32" ten="420,10,406,164" oya="3" hai0="117,90,102,92,56,23,51,54,122,70,24,55,53" hai1="73,67,108,65,18,119,127,8,85,57,131,133,0" hai2="86,105,25,100,47,21,79,69,118,129,115,7,45" hai3="29,41,116,39,11,77,123,101,38,135,126,121,87"/><W89/><G29/><N who="0" m="17567" /><D70/><U120/><E85/><V33/><F115/><W64/><G11/><T113/><D122/><U71/><E71/><V132/><F118/><W124/><G64/><T14/><D117/><U110/><E57/><V66/><F129/><W48/><G116/><T75/><D75/><U134/><E18/><V12/><F132/><W95/><G48/><T4/><D102/><U43/><E8/><V3/><F79/><W27/><G27/><T84/><D113/><U19/><E19/><N who="2" m="10471" /><F86/><W83/><G41/><T98/><D84/><U2/><E43/><V37/><F37/><W78/><G39/><T10/><AGARI ba="0,0" hai="4,10,14,51,53,54,55,56,90,92,98" m="17567" machi="10" ten="30,1100,0" yaku="8,1" doraHai="32" who="0" fromWho="0" sc="420,11,10,-3,406,-3,164,-5" owari="431,53.0,7,-49.0,403,20.0,159,-24.0" /></mjloggm>