<mjloggm ver="2.3"><GO type="97" lobby="0"/><UN n0="%E3%82%A6%E3%83%AB%E3%83%88%E3%83%A9%E7%AB%8B%E7%9B%B4" n1="%E3%80%90%E7%90%86%E3%81%A1%E3%82%83%E3%82%93%E3%80%91" n2="%E7%96%BE%E9%A2%A8%E7%9F%A5%E5%8B%81%E8%8D%89" n3="%E3%83%8B%E3%82%B8%E3%83%B3%E3%82%B9%E3%82%AD%E3%82%A4" dan="15,14,15,14" rate="1969.13,1898.28,2018.35,1921.31" sx="M,M,F,M"/><TAIKYOKU oya="0"/><INIT seed="0,0,0,4,5,54" ten="250,250,250,250" oya="0" hai0="42,85,124,114,44,131,74,88,113,95,18,109,103" hai1="61,22,3,57,128,105,87,119,115,91,33,60,64" hai2="58,20,8,26,110,97,126,62,90,38,135,7,70" hai3="32,30,41,31,43,100,118,111,49,13,125,96,89"/><T36/><D74/><U14/><E3/><V63/><F38/><W55/><G118/><T81/><D124/><U71/><E119/><V66/><F126/><W25/><G125/><T108/><D131/><U93/><E115/><V51/><F110/><N who="0" m="42602" /><D18/><U5/><E33/><V127/><F127/><W17/><G111/><T68/><D68/><U86/><E105/><V11/><F135/><W53/><G89/><N who="0" m="51375" /><D103/><U132/><E132/><V121/><F51/><W24/><G53/><T50/><D36/><U6/><E128/><V92/><F121/><W80/><G80/><T48/><D48/><U123/><E123/><V94/><F7/><W35/><G49/><T99/><AGARI ba="0,0" hai="42,44,50,88,95,99,113,114" m="51375,42602" machi="99" ten="30,6000,0" yaku="14,1,10,1,54,1" doraHai="54" who="0" fromWho="0" sc="250,60,250,-20,250,-20,250,-20" /><INIT seed="0,1,0,4,0,82" ten="310,230,230,230" oya="0" hai0="88,20,106,8,90,98,23,96,121,125,66,135,6" hai1="77,18,97,11,55,124,78,85,132,43,112,52,31" hai2="49,126,29,28,107,76,79,61,73,39,105,81,38" hai3="48,22,127,104,17,3,123,33,9,103,134,4,5"/><T131/><D121/><U99/><E132/><V91/><F126/><W114/><G123/><T7/><D106/><U83/><E124/><V75/><F61/><W47/><G127/><T35/><D125/><U102/><E43/><V37/><F49/><W14/><G134/><T89/><D35/><U36/><E36/><V21/><F91/><W2/><G114/><T50/><D135/><U42/><E42/><V15/><F15/><W109/><G109/><T44/><D66/><U70/><E70/><V56/><F56/><W41/><G33/><T24/><D131/><U27/><E78/><V118/><F118/><W92/><G104/><T69/><D69/><U93/><E99/><N who="0" m="37929" /><D8/><U101/><E101/><V108/><F108/><W100/><G92/><T54/><D23/><N who="1" m="15871" /><E112/><V12/><F12/><AGARI ba="1,0" hai="11,12,18,52,55,77,83,85,93,97,102" m="15871" machi="12" ten="30,3900,0" yaku="8,1,52,1,54,1" doraHai="82" who="1" fromWho="2" sc="310,0,230,42,230,-42,230,0" /><INIT seed="1,0,0,0,1,57" ten="310,272,188,230" oya="1" hai0="11,91,63,33,62,28,22,110,27,124,77,7,36" hai1="61,69,5,96,56,84,2,25,37,80,55,103,82" hai2="12,24,15,98,130,50,118,59,131,86,58,88,89" hai3="20,3,16,53,39,85,9,111,87,6,31,121,35"/><U79/><E37/><V122/><F118/><W34/><G121/><T117/><D117/><U104/><E69/><V44/><F122/><W29/><G39/><T115/><D36/><U66/><E25/><V125/><F125/><W120/><G120/><T107/><D107/><U71/><E5/><V41/><F24/><W74/><G74/><T54/><D33/><U13/><E13/><N who="2" m="5195" /><F131/><W73/><G73/><T32/><D110/><U94/><E82/><N who="2" m="49239" /><F130/><W70/><G70/><T23/><D32/><U38/><E38/><V102/><F102/><W65/><G111/><T106/><D106/><U97/><E2/><V49/><F49/><W126/><G126/><T127/><D27/><U132/><E132/><V95/><AGARI ba="0,0" hai="41,44,50,58,59,89,95,98" m="49239,5195" machi="95" ten="30,2000,0" yaku="8,1,54,1" doraHai="57" who="2" fromWho="2" sc="310,-5,272,-10,188,20,230,-5" /><INIT seed="2,0,0,5,2,77" ten="305,262,208,225" oya="2" hai0="58,133,28,5,108,107,1,59,97,48,67,7,78" hai1="75,109,96,129,82,110,102,12,70,68,45,92,3" hai2="35,85,18,53,89,117,2,66,63,131,84,94,0" hai3="111,134,54,52,10,118,99,113,88,124,130,69,43"/><V87/><F117/><W65/><G43/><T125/><D1/><U71/><E3/><V39/><F35/><W112/><G118/><T61/><D125/><U51/><E129/><V26/><F39/><W23/><G124/><T127/><D127/><U62/><E62/><V106/><F106/><W114/><G134/><T30/><D133/><U20/><E20/><N who="2" m="13591" /><F131/><W115/><N who="3" m="29184" /><DORA hai="100" /><W8/><G130/><T74/><D108/><N who="1" m="41579" /><E12/><V80/><F66/><W98/><G111/><T79/><D61/><U55/><E71/><V47/><F80/><W126/><G126/><T104/><D67/><U50/><E51/><N who="2" m="28927" /><F0/><W119/><G119/><T13/><D48/><U81/><E75/><V37/><F37/><W123/><G123/><T36/><D36/><U22/><E70/><V122/><F2/><W121/><G121/><T132/><D132/><U19/><E68/><V93/><F122/><W16/><G69/><T101/><D74/><U31/><E19/><V116/><F116/><W15/><G65/><T6/><D13/><U29/><E22/><V57/><F89/><W42/><G42/><T21/><D21/><U90/><E102/><V9/><F9/><N who="3" m="3691" /><G99/><T105/><D97/><U83/><AGARI ba="0,0" hai="29,31,45,50,55,81,82,83,90,92,96" m="41579" machi="83" ten="30,7900,0" yaku="14,1,52,3" doraHai="77,100" who="1" fromWho="1" sc="305,-20,262,79,208,-39,225,-20" /><INIT seed="3,0,0,0,4,54" ten="285,341,169,205" oya="3" hai0="2,121,53,85,74,50,38,125,36,69,52,122,30" hai1="88,103,94,115,82,51,12,135,84,101,40,34,109" hai2="119,126,83,106,129,73,110,65,62,6,134,22,64" hai3="67,89,118,16,77,46,35,24,43,91,70,96,114"/><W71/><G118/><T42/><D74/><U41/><E34/><V21/><F119/><W66/><G114/><T37/><D85/><U68/><E109/><V113/><F113/><W78/><G35/><T29/><D2/><U15/><E68/><V102/><F110/><W107/><G107/><T124/><D29/><U128/><E115/><V131/><F134/><W76/><G71/><T86/><D86/><N who="1" m="52503" /><E128/><V39/><F39/><W75/><G70/><T111/><D30/><U63/><E63/><V116/><F116/><W127/><G75/><T99/><D99/><U47/><E41/><V45/><F126/><N who="0" m="48746" /><D111/><U18/><E12/><V133/><F133/><W90/><G127/><T20/><D20/><N who="1" m="11359" /><E135/><V11/><F106/><W8/><G96/><T23/><D23/><U28/><E28/><V19/><F102/><W105/><G105/><T132/><D69/><U92/><E92/><V26/><F45/><W49/><REACH who="3" step="1"/><G8/><REACH who="3" ten="285,341,169,195" step="2"/><T120/><D132/><U56/><E56/><V55/><F22/><AGARI ba="0,1" hai="16,22,24,43,46,49,66,67,76,77,78,89,90,91" machi="22" ten="40,12000,1" yaku="1,1,2,1,8,1,54,1,53,1" doraHai="54" doraHaiUra="17" who="3" fromWho="2" sc="285,0,341,0,169,-120,195,130" /><INIT seed="3,1,0,3,5,103" ten="285,341,49,325" oya="3" hai0="3,16,21,104,125,90,100,60,117,55,4,23,87" hai1="130,121,134,28,33,113,115,73,40,91,37,128,106" hai2="76,22,52,119,35,39,126,44,58,26,101,43,89" hai3="0,120,6,86,102,2,84,66,53,41,38,88,69"/><W82/><G120/><T135/><D117/><U124/><E91/><V17/><F126/><W62/><G102/><T42/><D125/><U1/><E28/><V15/><F119/><W74/><G53/><T81/><D135/><U12/><E128/><V108/><F108/><W72/><G84/><T30/><D42/><U70/><E12/><V78/><F101/><W105/><G105/><T116/><D116/><U14/><E14/><V5/><F35/><W32/><G32/><T96/><D4/><U132/><E132/><V49/><F5/><W133/><G133/><T97/><D3/><U131/><E131/><V99/><F15/><W110/><G110/><T24/><D96/><U65/><E40/><V68/><F68/><W34/><G34/><T80/><D80/><U36/><E65/><V122/><F122/><W77/><G74/><T107/><D60/><U56/><E56/><V25/><F25/><W111/><G111/><T11/><D55/><U71/><E71/><V48/><F39/><W29/><G29/><T57/><D57/><U75/><E75/><V64/><F64/><W67/><G67/><T18/><D11/><U47/><E47/><V129/><F129/><W61/><G61/><T123/><D123/><U51/><E51/><V114/><F114/><W54/><G54/><T31/><D107/><U118/><E37/><V112/><F112/><W10/><G41/><T7/><D7/><U45/><E45/><V79/><F79/><W83/><G38/><T63/><D63/><U8/><E8/><V9/><F9/><W92/><G83/><T13/><AGARI ba="1,0" hai="13,16,18,21,23,24,30,31,81,87,90,97,100,104" machi="13" ten="20,8000,1" yaku="5,1,0,1,7,1,52,1,54,1" doraHai="103" who="0" fromWho="0" sc="285,83,341,-21,49,-21,325,-41" owari="368,47.0,320,12.0,28,-47.0,284,-12.0" /></mjloggm>