<mjloggm ver="2.3"><GO type="97" lobby="0"/><UN n0="%E3%81%8F%E3%82%8D%E3%81%86%E3%82%81" n1="%E3%82%A6%E3%83%AB%E3%83%88%E3%83%A9%E7%AB%8B%E7%9B%B4" n2="%E7%B4%84%E6%9D%9F%E3%81%AE%E6%97%A5" n3="%76%62%61%73%73" dan="14,15,15,15" rate="1939.17,1940.71,1979.20,1937.37" sx="M,M,M,M"/><TAIKYOKU oya="0"/><INIT seed="0,0,0,3,4,85" ten="250,250,250,250" oya="0" hai0="69,72,75,133,121,16,79,8,45,70,98,90,105" hai1="39,77,125,9,94,38,3,123,64,110,87,25,104" hai2="101,46,44,83,30,57,86,36,74,78,81,128,119" hai3="23,48,63,1,37,0,20,29,73,82,47,112,95"/><T91/><D121/><U115/><E25/><V102/><F119/><W7/><G112/><T42/><D75/><U34/><E64/><V54/><F128/><W43/><G1/><T66/><D72/><U60/><E9/><V116/><F116/><W10/><G29/><T15/><D79/><U135/><E60/><V84/><F30/><W106/><G95/><T55/><D55/><U96/><E87/><V18/><F36/><W132/><G132/><T22/><D22/><U93/><E96/><V99/><F74/><W40/><G106/><T97/><D70/><U109/><E93/><V49/><F102/><W71/><G43/><T108/><D108/><U51/><E94/><N who="2" m="58615" /><F18/><W114/><G48/><N who="0" m="26679" /><D105/><U59/><E51/><V28/><F28/><W5/><G5/><T19/><D69/><U134/><E77/><AGARI ba="0,0" hai="44,46,49,54,57,77,78,81,83,84,86" m="58615" machi="77" ten="30,1000,0" yaku="8,1" doraHai="85" who="2" fromWho="1" sc="250,0,250,-10,250,10,250,0" /><INIT seed="1,0,0,2,1,15" ten="250,240,260,250" oya="1" hai0="104,79,112,76,11,8,28,10,60,42,77,91,107" hai1="103,134,67,80,125,51,46,29,109,66,27,129,63" hai2="127,73,113,13,4,21,70,84,82,44,19,40,25" hai3="88,57,69,97,17,16,90,126,110,87,78,130,128"/><U53/><E125/><V18/><F73/><W122/><G122/><T9/><D112/><U99/><E129/><N who="3" m="49770" /><G69/><T89/><D42/><U114/><E114/><V61/><F113/><W56/><G126/><T14/><D60/><U64/><E134/><V133/><F133/><W34/><G34/><T123/><D28/><U68/><E80/><V12/><F127/><W54/><G78/><T38/><D38/><U22/><REACH who="1" step="1"/><E109/><REACH who="1" ten="250,230,260,250" step="2"/><V58/><F70/><W120/><G110/><T115/><D123/><U86/><E86/><V65/><F4/><W26/><G120/><T94/><D115/><U43/><E43/><V49/><REACH who="2" step="1"/><F18/><REACH who="2" ten="250,230,250,250" step="2"/><W3/><G17/><T36/><D107/><AGARI ba="0,2" hai="22,27,29,46,51,53,63,64,66,67,68,99,103,107" machi="107" ten="30,2900,0" yaku="1,1,7,1,53,0" doraHai="15" doraHaiUra="30" who="1" fromWho="0" sc="250,-29,230,49,250,0,250,0" /><INIT seed="1,1,0,5,2,23" ten="221,279,250,250" oya="1" hai0="8,13,106,134,116,132,115,54,4,129,40,101,1" hai1="35,16,21,78,79,83,22,26,33,52,47,71,124" hai2="102,120,74,49,0,18,123,2,114,41,130,39,95" hai3="24,69,111,48,59,117,28,70,91,77,19,128,15"/><U96/><E71/><V97/><F74/><W90/><G128/><T25/><D116/><U17/><E124/><V89/><F130/><W29/><G111/><T10/><D115/><U58/><E47/><V107/><F114/><W85/><G117/><T135/><D40/><U131/><E131/><V121/><F39/><W98/><G69/><T125/><D129/><U105/><E105/><V119/><F119/><W133/><G70/><T55/><D125/><U108/><E96/><V127/><F127/><W104/><G29/><T84/><D84/><U75/><E79/><V20/><F41/><W81/><G133/><T43/><D43/><U62/><E108/><V100/><F49/><W5/><G5/><T44/><D44/><U110/><REACH who="1" step="1"/><E110/><REACH who="1" ten="221,269,250,250" step="2"/><V36/><F36/><W37/><G37/><T80/><D106/><U12/><AGARI ba="1,1" hai="12,16,17,21,22,26,33,35,52,58,62,75,78,83" machi="12" ten="20,18000,2" yaku="1,1,2,1,0,1,7,1,52,1,54,2,53,0" doraHai="23" doraHaiUra="113" who="1" fromWho="1" sc="221,-61,269,193,250,-61,250,-61" /><INIT seed="1,2,0,3,3,42" ten="160,462,189,189" oya="1" hai0="2,19,44,131,122,129,23,29,20,35,121,14,66" hai1="92,48,61,90,80,58,25,9,27,77,10,110,50" hai2="102,72,30,133,24,34,114,33,26,6,134,118,16" hai3="98,75,12,39,36,132,22,70,109,8,128,0,101"/><U113/><E110/><V71/><F72/><W76/><G12/><T31/><D66/><U130/><E130/><N who="0" m="49673" /><D2/><U86/><E113/><V64/><F118/><W68/><G22/><N who="0" m="11639" /><D35/><N who="2" m="13322" /><F64/><W51/><G51/><T107/><D107/><U112/><E112/><V87/><F87/><W55/><G55/><T104/><D104/><U74/><E10/><V18/><F71/><W125/><G128/><T78/><D78/><U65/><E9/><V119/><F102/><W100/><G100/><T106/><D106/><U54/><REACH who="1" step="1"/><E50/><REACH who="1" ten="160,452,189,189" step="2"/><V117/><F114/><W38/><G8/><T53/><D122/><U41/><E41/><V89/><F6/><W59/><G109/><T32/><D121/><U127/><E127/><V37/><F37/><W40/><G125/><T93/><D32/><U47/><AGARI ba="2,1" hai="25,27,47,48,54,58,61,65,74,77,80,86,90,92" machi="47" ten="20,12000,1" yaku="1,1,0,1,7,1,52,1,53,1" doraHai="42" doraHaiUra="83" who="1" fromWho="1" sc="160,-42,452,136,189,-42,189,-42" /><INIT seed="1,3,0,4,5,121" ten="118,588,147,147" oya="1" hai0="75,0,5,46,62,82,90,111,64,3,37,103,18" hai1="74,85,72,102,53,4,106,60,30,14,16,41,112" hai2="84,40,36,27,19,28,32,76,132,128,15,130,79" hai3="43,81,78,131,58,61,50,12,117,125,51,107,73"/><U124/><E102/><V35/><F132/><W20/><G117/><T134/><D103/><U89/><E106/><V66/><F35/><W80/><G131/><N who="2" m="50217" /><F40/><W133/><G125/><T119/><D119/><U54/><E112/><V6/><F36/><W120/><G133/><T57/><D134/><U118/><E118/><V33/><F33/><W29/><G81/><T22/><D5/><U1/><E1/><V135/><F135/><W38/><G120/><T65/><D65/><U23/><E4/><V39/><F39/><W97/><G38/><T25/><D111/><U108/><E108/><V87/><F66/><W123/><G43/><T113/><D113/><U21/><E41/><V69/><F6/><W99/><G99/><T26/><D46/><U98/><E72/><V47/><F47/><W34/><G34/><T7/><D37/><U9/><E74/><V56/><F56/><W8/><G123/><T115/><D7/><U2/><E2/><N who="0" m="553" /><D115/><U67/><E124/><V63/><F63/><W93/><G107/><T95/><D82/><U100/><E98/><V77/><F69/><W105/><G105/><T109/><D109/><U52/><E100/><V11/><AGARI ba="3,0" hai="11,15,19,27,28,32,76,77,79,84,87" m="50217" machi="11" ten="30,1100,0" yaku="19,1" doraHai="121" who="2" fromWho="2" sc="118,-6,588,-8,147,20,147,-6" /><INIT seed="2,0,0,3,4,78" ten="112,580,167,141" oya="2" hai0="99,40,103,39,109,92,20,75,110,8,59,15,93" hai1="13,125,22,10,7,69,14,133,87,25,48,95,90" hai2="60,31,18,70,111,42,80,67,131,81,130,27,23" hai3="98,116,35,132,79,38,64,45,36,94,97,118,86"/><V100/><F111/><N who="0" m="42506" /><D39/><U66/><E66/><V104/><F42/><W88/><G35/><T134/><D40/><U19/><E69/><V49/><F49/><W119/><G64/><T121/><D75/><U65/><E65/><V43/><F43/><W30/><G30/><T55/><D20/><U54/><E125/><V32/><F130/><W63/><G63/><T4/><D121/><U50/><E133/><V135/><F135/><W33/><G33/><T3/><D134/><U106/><E106/><V71/><F71/><W56/><G132/><T34/><D34/><U115/><E115/><V77/><F77/><W127/><G127/><T57/><D57/><U128/><E128/><V47/><F47/><W0/><G0/><BYE who="3" /><T21/><D21/><N who="1" m="11511" /><E54/><V101/><F131/><W96/><G96/><T105/><D15/><U126/><E126/><V123/><F123/><W61/><G61/><T91/><D91/><U83/><E83/><V85/><F85/><W2/><G2/><T5/><D5/><U37/><E37/><V11/><F11/><UN n3="%76%62%61%73%73" /><W16/><G36/><T53/><D59/><U112/><E112/><V9/><F9/><W124/><G56/><T6/><D6/><U113/><E113/><V76/><F76/><W114/><G124/><T120/><D120/><U108/><E108/><V117/><F117/><W58/><G114/><T107/><D107/><U29/><AGARI ba="0,0" hai="7,10,13,22,25,29,48,50,87,90,95" m="11511" machi="29" ten="30,1100,0" yaku="8,1" doraHai="78" who="1" fromWho="1" sc="112,-3,580,11,167,-5,141,-3" /><INIT seed="3,0,0,5,5,116" ten="109,591,162,138" oya="3" hai0="55,46,98,70,134,20,104,43,117,63,37,19,56" hai1="22,74,109,8,120,90,125,67,113,133,105,49,36" hai2="114,30,34,102,31,58,68,130,62,57,10,38,45" hai3="6,64,91,77,12,54,101,44,83,4,95,92,129"/><W23/><G129/><T126/><D117/><U85/><E49/><V1/><F114/><W41/><G64/><T110/><D110/><U111/><E8/><V78/><F68/><W26/><G54/><T81/><D134/><U50/><E85/><V128/><F34/><W112/><G101/><T73/><D126/><U71/><E50/><V39/><F102/><W135/><G112/><T97/><D104/><U66/><E90/><V14/><F78/><W61/><G135/><T82/><D82/><U17/><E17/><N who="2" m="8407" /><F1/><W40/><G61/><T89/><D70/><U24/><E24/><V21/><F39/><W42/><G44/><T86/><REACH who="0" step="1"/><D73/><REACH who="0" ten="99,591,162,138" step="2"/><U121/><E22/><V53/><F130/><W69/><G69/><T107/><D107/><U76/><E76/><V29/><F128/><W7/><G77/><T99/><D99/><U18/><E18/><V47/><F38/><W87/><G12/><AGARI ba="0,1" hai="12,19,20,37,43,46,55,56,63,81,86,89,97,98" machi="12" ten="30,2000,0" yaku="1,1,7,1,53,0" doraHai="116" doraHaiUra="65" who="0" fromWho="3" sc="99,30,591,0,162,0,138,-20" owari="129,-27.0,591,69.0,162,-4.0,118,-38.0" /></mjloggm>