<mjloggm ver="2.3"><GO type="97" lobby="0"/><UN n0="%E4%B9%83%E6%84%9B" n1="%E3%82%A6%E3%83%AB%E3%83%88%E3%83%A9%E7%AB%8B%E7%9B%B4" n2="%E5%BC%B1%E8%80%85%E3%81%AE%E5%BA%95%E8%BE%BA" n3="%E6%A2%81%E5%B1%B1%E6%B3%8A" dan="15,15,13,14" rate="1940.05,1986.99,2079.53,1837.61" sx="F,M,M,M"/><TAIKYOKU oya="0"/><INIT seed="0,0,0,5,2,39" ten="250,250,250,250" oya="0" hai0="49,3,55,70,8,126,130,97,134,109,0,115,88" hai1="67,102,20,33,119,68,31,62,51,13,53,11,38" hai2="92,9,2,5,99,129,105,50,80,74,17,103,15" hai3="4,44,60,82,58,123,40,14,85,84,66,100,83"/><T36/><D97/><U10/><E119/><V22/><F129/><W48/><G123/><T18/><D8/><U98/><E38/><V127/><F127/><W64/><G100/><T21/><D21/><U71/><E71/><V41/><F74/><W6/><G66/><T73/><D18/><U65/><E65/><V106/><REACH who="2" step="1"/><F80/><REACH who="2" ten="250,250,240,250" step="2"/><N who="3" m="30763" /><G14/><T63/><D73/><U118/><E13/><V42/><F42/><W133/><G133/><T23/><D134/><U37/><E118/><V101/><F101/><W107/><G107/><T61/><D126/><U121/><E121/><V110/><F110/><W112/><G112/><T132/><D109/><U29/><E102/><V94/><F94/><W91/><G84/><T79/><D132/><U16/><E98/><V43/><F43/><W128/><G128/><T111/><D111/><U59/><E68/><V47/><AGARI ba="0,1" hai="2,5,9,15,17,22,41,47,50,92,99,103,105,106" machi="47" ten="30,7900,0" yaku="1,1,0,1,52,1,53,1" doraHai="39" doraHaiUra="89" who="2" fromWho="2" sc="250,-39,250,-20,240,89,250,-20" /><INIT seed="1,0,0,1,0,43" ten="211,230,329,230" oya="1" hai0="110,2,31,15,24,9,107,60,57,118,55,12,46" hai1="35,115,81,29,7,125,70,6,99,100,91,97,92" hai2="89,10,98,68,30,80,27,104,74,75,17,47,22" hai3="65,123,87,77,16,96,56,129,42,38,19,18,82"/><U133/><E70/><V13/><F68/><W51/><G123/><T76/><D110/><U79/><E115/><V132/><F132/><W73/><G129/><T3/><D118/><U34/><E133/><V131/><F131/><W36/><G36/><T95/><D107/><U93/><E125/><V25/><F104/><W134/><G134/><T72/><D15/><U85/><E35/><V20/><F98/><W116/><G116/><T53/><D72/><U4/><E34/><V58/><F58/><W1/><G1/><T109/><D109/><U111/><E111/><V113/><F113/><W62/><G73/><T105/><D105/><U114/><E114/><V37/><F89/><W88/><G38/><T0/><D95/><U119/><E119/><V71/><F71/><W45/><G96/><T54/><D76/><AGARI ba="0,0" hai="16,18,19,42,45,51,56,62,65,76,77,82,87,88" machi="76" ten="40,8000,1" yaku="8,1,52,1,54,2" doraHai="43" who="3" fromWho="0" sc="211,-80,230,0,329,0,230,80" /><INIT seed="2,0,0,4,5,51" ten="131,230,329,310" oya="2" hai0="93,33,123,3,73,16,41,32,128,132,96,135,27" hai1="106,107,66,76,120,58,42,75,9,54,65,13,100" hai2="38,89,81,99,34,44,10,122,15,52,47,79,11" hai3="21,36,26,129,1,31,72,83,112,130,86,35,92"/><V121/><F34/><W6/><G112/><T25/><D73/><U78/><E120/><V126/><F38/><W29/><G36/><T104/><D104/><U67/><E42/><V53/><F122/><W85/><G72/><T39/><D123/><U134/><E134/><V4/><F126/><W60/><G60/><T77/><D77/><U55/><E75/><V48/><F121/><W62/><G62/><T17/><D128/><N who="3" m="49257" /><G92/><T117/><D117/><U94/><E106/><V2/><F2/><W69/><G69/><T37/><D41/><U88/><E100/><V49/><F11/><N who="3" m="2511" /><G83/><T98/><D3/><U5/><E107/><V125/><F125/><W82/><G82/><T87/><REACH who="0" step="1"/><D93/><REACH who="0" ten="121,230,329,310" step="2"/><U22/><E78/><V68/><F79/><W131/><G131/><T103/><D103/><U40/><E76/><V108/><F108/><W28/><G86/><AGARI ba="0,1" hai="16,17,25,27,32,33,37,39,86,87,96,98,132,135" machi="86" ten="25,6400,0" yaku="1,1,22,2,54,1,53,0" doraHai="51" doraHaiUra="113" who="0" fromWho="3" sc="121,74,230,0,329,0,310,-64" /><INIT seed="3,0,0,4,2,47" ten="195,230,329,246" oya="3" hai0="128,14,105,84,101,97,111,62,113,9,86,17,16" hai1="51,0,38,20,134,104,76,112,73,30,6,27,61" hai2="87,10,71,75,100,42,78,40,91,90,33,44,28" hai3="82,110,99,58,122,106,53,115,119,31,123,95,8"/><W79/><G31/><T63/><D111/><U127/><E104/><V43/><F75/><N who="3" m="43391" /><G58/><T109/><D109/><U114/><E38/><V2/><F71/><W12/><G110/><T23/><D113/><U50/><E114/><V7/><F100/><N who="3" m="62751" /><G12/><T117/><D128/><U57/><E112/><V49/><F33/><W72/><G53/><T121/><D117/><U21/><E127/><V108/><F28/><W13/><G13/><T26/><D121/><N who="3" m="46089" /><G8/><T55/><D63/><U25/><E6/><V4/><F108/><W24/><G24/><T94/><REACH who="0" step="1"/><D105/><REACH who="0" ten="185,230,329,246" step="2"/><U60/><E30/><V41/><F4/><W120/><G115/><T59/><AGARI ba="0,1" hai="9,14,16,17,23,26,55,59,62,84,86,94,97,101" machi="59" ten="30,12000,2" yaku="1,1,2,1,0,1,8,1,54,1,53,1" doraHai="47" doraHaiUra="52" who="0" fromWho="0" sc="185,130,230,-30,329,-30,246,-60" owari="315,41.0,200,-20.0,299,10.0,186,-31.0" /></mjloggm>