<mjloggm ver="2.3"><GO type="97" lobby="0"/><UN n0="%6B%69%79%6F%6E%61%72%69" n1="%E3%82%A6%E3%83%AB%E3%83%88%E3%83%A9%E7%AB%8B%E7%9B%B4" n2="%E3%83%8F%E3%82%B3%E5%89%B2%E3%82%8C%E6%AE%BF%E4%B8%8B" n3="%E3%83%8D%E3%82%B8%E3%82%AD" dan="14,15,14,14" rate="1947.32,1957.45,1941.78,1952.34" sx="M,M,M,M"/><TAIKYOKU oya="0"/><INIT seed="0,0,0,4,2,15" ten="250,250,250,250" oya="0" hai0="52,71,117,35,85,128,116,79,28,60,16,21,37" hai1="12,62,26,92,29,54,113,102,72,56,46,25,70" hai2="99,89,118,50,83,58,13,20,33,77,45,1,38" hai3="2,108,59,63,57,84,93,97,7,130,41,82,18"/><T131/><D37/><U103/><E72/><V80/><F33/><W11/><G108/><T76/><D71/><U125/><E70/><V49/><F1/><W100/><G41/><T122/><D122/><U115/><E125/><V90/><F38/><W87/><G130/><N who="0" m="49707" /><D28/><U48/><E12/><V81/><F77/><N who="0" m="29770" /><D85/><U133/><E133/><V75/><F75/><W134/><G134/><T78/><D35/><U96/><E103/><V3/><F3/><W119/><G119/><T17/><N who="0" m="29778" /><T66/><DORA hai="0" /><D66/><U19/><E115/><V114/><F118/><N who="0" m="45674" /><D21/><U101/><E113/><V121/><F114/><W42/><G84/><T9/><D9/><U94/><E29/><V44/><F121/><W74/><G87/><T10/><D10/><U112/><E112/><V31/><F45/><W124/><G11/><T104/><D104/><U51/><E46/><V27/><F13/><W111/><G74/><T64/><D64/><U36/><E36/><V69/><F69/><W68/><G68/><T132/><D132/><U73/><E26/><V55/><REACH who="2" step="1"/><F99/><REACH who="2" ten="250,250,240,250" step="2"/><W123/><G97/><T32/><D32/><U4/><E73/><V106/><F106/><W110/><G123/><T6/><D6/><U8/><E4/><V107/><F107/><W67/><G7/><T105/><D105/><U40/><E94/><V126/><F126/><W23/><G124/><T34/><D34/><U47/><E92/><V120/><F120/><W98/><G93/><T86/><D86/><U88/><E96/><V127/><F127/><W129/><G98/><T109/><D109/><U91/><E47/><RYUUKYOKU ba="0,1" sc="250,15,250,-15,240,15,250,-15" hai0="16,17,52,60" hai2="20,27,31,44,49,50,55,58,80,81,83,89,90" /><INIT seed="0,1,1,1,0,133" ten="265,235,255,235" oya="0" hai0="6,93,61,52,10,53,60,19,4,23,98,37,129" hai1="79,34,24,5,106,41,33,117,43,96,29,56,18" hai2="28,116,11,87,47,100,46,51,48,13,124,3,1" hai3="114,30,62,86,84,77,42,118,31,57,85,105,75"/><T70/><D37/><U21/><E117/><V80/><F100/><W15/><G114/><T58/><D129/><U134/><E134/><V102/><F102/><W44/><G105/><T109/><D109/><U112/><E112/><V103/><F103/><W20/><G118/><T54/><D10/><U90/><E106/><V66/><F116/><W32/><G32/><T82/><D82/><U95/><E34/><V81/><F66/><W115/><G115/><T92/><D61/><U7/><E79/><V131/><F131/><W108/><G108/><T68/><D70/><U122/><E122/><V128/><F128/><W83/><G15/><N who="0" m="9727" /><D68/><U107/><E107/><V76/><F28/><W101/><G101/><N who="0" m="60615" /><D93/><U55/><E33/><V126/><F76/><W40/><G20/><T17/><D17/><U0/><E29/><V94/><F94/><W88/><G75/><T67/><AGARI ba="1,1" hai="4,6,52,53,54,58,60,67" m="60615,9727" machi="67" ten="30,3000,0" yaku="8,1,54,1" doraHai="133" who="0" fromWho="0" sc="265,43,235,-11,255,-11,235,-11" /><INIT seed="0,2,0,4,4,134" ten="308,224,244,224" oya="0" hai0="114,44,45,109,1,110,18,54,131,88,52,50,121" hai1="104,35,33,7,117,61,81,72,34,130,95,91,71" hai2="2,0,64,119,5,84,66,133,55,73,3,8,12" hai3="70,57,77,56,4,118,13,20,38,49,135,113,107"/><T41/><D114/><U27/><E117/><V124/><F119/><W128/><G38/><T25/><D121/><U75/><E104/><V105/><F73/><W89/><G70/><T46/><D1/><U94/><E130/><V101/><F133/><W31/><G135/><T123/><D123/><U80/><E7/><V83/><F55/><N who="0" m="21034" /><D131/><U90/><E27/><V132/><F132/><W59/><G107/><T17/><D88/><N who="1" m="33835" /><E61/><V32/><F32/><W120/><G120/><T69/><D69/><U51/><E51/><V24/><F24/><N who="3" m="16775" /><G113/><T93/><D93/><N who="1" m="35339" /><E71/><V74/><F74/><AGARI ba="2,0" hai="33,34,35,72,74,75,80,81" m="35339,33835" machi="74" ten="40,5200,0" yaku="28,2,54,1" doraHai="134" who="1" fromWho="2" sc="308,0,224,58,244,-58,224,0" /><INIT seed="1,0,0,2,5,10" ten="308,282,186,224" oya="1" hai0="34,86,116,42,90,58,65,128,131,93,71,36,83" hai1="95,105,6,117,53,0,130,16,32,51,80,1,112" hai2="103,109,13,35,68,46,100,4,54,7,66,81,122" hai3="72,76,94,37,26,27,24,15,121,74,82,113,19"/><U23/><E105/><V8/><F35/><W25/><G113/><T43/><D116/><U56/><E32/><V115/><F109/><W88/><G37/><T38/><D71/><U49/><E117/><V11/><F115/><W127/><G127/><T111/><D111/><U120/><E112/><V39/><F122/><W114/><G114/><T91/><D34/><U79/><E120/><V9/><F39/><W123/><G74/><T70/><D70/><U3/><E130/><N who="0" m="49705" /><D38/><U134/><E134/><V21/><F68/><W2/><G2/><T125/><D36/><U40/><E95/><V61/><F66/><W50/><G50/><T77/><D125/><U129/><E129/><V110/><F110/><W106/><G106/><T132/><D132/><U96/><E96/><V84/><F21/><W126/><G126/><T67/><D91/><U135/><E135/><V5/><F13/><W59/><G59/><T75/><D58/><U87/><E40/><AGARI ba="0,0" hai="40,42,43,65,67,75,77,83,86,90,93" m="49705" machi="40" ten="30,1000,0" yaku="19,1" doraHai="10" who="0" fromWho="1" sc="308,10,282,-10,186,0,224,0" /><INIT seed="2,0,0,0,2,105" ten="318,272,186,224" oya="2" hai0="124,39,3,25,71,56,116,51,5,135,109,36,29" hai1="100,41,9,99,47,115,8,11,82,42,103,34,92" hai2="111,113,110,73,125,96,104,59,79,67,24,86,133" hai3="31,134,64,12,88,63,112,57,85,89,28,48,95"/><V122/><F24/><W65/><G134/><T26/><D71/><U10/><E34/><V127/><F67/><W114/><G64/><T6/><D135/><U84/><E115/><N who="3" m="44074" /><G48/><T74/><D74/><U17/><E103/><N who="2" m="62567" /><F59/><W27/><G27/><T18/><D3/><U32/><E32/><V91/><F113/><W4/><G89/><T93/><D39/><U87/><N who="1" m="2048" /><DORA hai="121" /><U107/><E107/><V94/><F133/><W37/><G37/><T76/><D36/><U120/><E120/><V118/><F122/><W0/><G0/><T20/><D76/><U50/><E42/><V131/><F131/><W126/><G126/><N who="2" m="48137" /><F118/><W46/><G4/><T69/><D69/><U123/><E123/><V60/><F60/><W44/><G12/><T49/><D6/><U14/><E14/><V21/><F21/><W106/><G106/><T128/><D5/><U97/><E17/><V52/><F52/><W62/><G63/><T72/><D116/><U58/><E58/><V130/><F130/><W102/><G102/><T129/><D56/><U132/><E132/><V75/><F79/><W19/><G19/><T55/><D18/><U38/><E50/><V7/><F7/><W90/><G31/><T77/><D29/><U45/><E38/><V33/><F33/><W81/><G28/><T119/><D119/><U70/><E45/><V101/><F101/><W15/><G15/><T83/><D124/><U68/><E47/><V78/><F78/><W1/><G1/><T61/><D129/><U22/><E100/><V66/><F66/><W13/><G13/><T40/><D128/><RYUUKYOKU ba="0,0" sc="318,-15,272,-15,186,15,224,15" hai2="73,75,86,91,94,110,111" hai3="44,46,57,62,65,81,85,88,90,95" /><INIT seed="2,1,0,1,4,39" ten="303,257,201,239" oya="2" hai0="99,94,64,118,91,128,65,19,0,11,58,124,74" hai1="123,119,44,115,45,89,96,52,16,78,30,8,24" hai2="135,101,43,121,125,1,87,51,88,21,36,75,35" hai3="17,12,66,102,100,133,5,83,63,127,111,71,113"/><V54/><F121/><W86/><G111/><T38/><D74/><U107/><E119/><V109/><F75/><W116/><G116/><T9/><D118/><U13/><E115/><V23/><F35/><W97/><G133/><T40/><D0/><U106/><E78/><V15/><F109/><W4/><G127/><T50/><D38/><U84/><E123/><V61/><F135/><W41/><G113/><T34/><D34/><U6/><E6/><V93/><F125/><W77/><G41/><T82/><D124/><U18/><E18/><N who="2" m="10463" /><F1/><W69/><G71/><T53/><D128/><U29/><E107/><V126/><F126/><W62/><G62/><T10/><D82/><N who="1" m="49303" /><E106/><V72/><F72/><W2/><G2/><T108/><D108/><U14/><E14/><V98/><F36/><W56/><G69/><T46/><REACH who="0" step="1"/><D19/><REACH who="0" ten="293,257,201,239" step="2"/><U3/><E3/><V73/><F73/><W122/><G122/><T26/><D26/><U25/><E24/><V114/><F114/><W42/><G5/><T22/><D22/><U28/><E25/><V32/><F23/><W57/><G4/><T81/><D81/><U95/><E30/><V110/><F32/><W103/><G17/><T67/><D67/><U131/><E29/><V31/><F31/><W120/><G120/><T105/><D105/><U33/><E28/><V60/><F110/><W104/><G12/><T90/><D90/><N who="1" m="55415" /><E33/><V27/><F27/><W79/><G104/><T49/><AGARI ba="1,1" hai="9,10,11,40,46,49,50,53,58,64,65,91,94,99" machi="49" ten="30,8000,1" yaku="1,1,0,1,8,1,52,1,53,1" doraHai="39" doraHaiUra="92" who="0" fromWho="0" sc="293,93,257,-21,201,-41,239,-21" /><INIT seed="3,0,0,3,5,126" ten="386,236,160,218" oya="3" hai0="28,25,24,129,91,27,78,17,38,63,89,122,101" hai1="37,45,20,71,21,58,35,40,108,26,13,50,80" hai2="73,84,110,104,82,47,131,6,107,3,116,111,61" hai3="112,95,90,41,15,48,23,92,120,66,75,49,106"/><W135/><G75/><T100/><D129/><U114/><E114/><V69/><F3/><W76/><G106/><T7/><D38/><U79/><E71/><V97/><F6/><W88/><G76/><T81/><D7/><U29/><E108/><N who="2" m="41515" /><F47/><W62/><G120/><T118/><D118/><U54/><E13/><V2/><F2/><W117/><G117/><T14/><D122/><U121/><E121/><V99/><F69/><W44/><G112/><T9/><D28/><U33/><E33/><V55/><F55/><W46/><G23/><T123/><D123/><U34/><E34/><V8/><F61/><W128/><G128/><T130/><D130/><U43/><E43/><V70/><F8/><W96/><G15/><T65/><D91/><U85/><AGARI ba="0,0" hai="20,21,26,29,35,37,40,45,50,54,58,79,80,85" machi="85" ten="20,1500,0" yaku="0,1,7,1" doraHai="126" who="1" fromWho="1" sc="386,-4,236,15,160,-4,218,-7" owari="382,48.0,251,5.0,156,-34.0,211,-19.0" /></mjloggm>