<mjloggm ver="2.3"><GO type="41" lobby="0"/><UN n0="%6D%38%33%32%31" n1="%E3%81%AA%E3%81%A4%E3%81%BF" n2="%48%79%70%65%72%69%6F%6E" n3="%E3%82%A6%E3%83%AB%E3%83%88%E3%83%A9%E7%AB%8B%E7%9B%B4" dan="15,14,14,16" rate="2015.93,1935.85,1862.55,2025.14" sx="M,F,M,M"/><TAIKYOKU oya="0"/><INIT seed="0,0,0,2,3,40" ten="250,250,250,250" oya="0" hai0="17,27,49,70,61,99,12,97,20,25,0,133,114" hai1="22,107,5,50,122,125,74,47,1,75,32,104,134" hai2="79,23,46,100,127,128,37,117,33,115,69,83,90" hai3="21,51,18,66,10,8,81,105,14,110,6,57,84"/><T87/><D114/><U52/><E122/><V86/><F115/><W103/><G110/><T98/><D0/><U16/><E32/><V95/><F33/><W77/><G105/><T129/><D129/><U53/><E1/><V55/><F69/><W71/><G71/><T123/><D123/><U39/><E5/><V58/><F128/><W35/><G35/><T102/><D133/><U91/><E39/><V9/><F9/><W120/><G120/><T38/><D38/><U59/><E134/><V93/><F127/><W118/><G118/><T31/><D87/><U82/><E75/><V88/><F117/><W26/><G103/><T89/><D89/><U130/><E130/><V132/><F132/><W94/><G94/><N who="2" m="35849" /><F37/><W116/><G116/><T45/><D102/><U124/><E74/><V126/><F100/><W24/><G10/><T72/><D72/><U7/><E7/><V65/><F126/><N who="1" m="48745" /><E91/><V85/><F23/><W56/><G66/><T54/><REACH who="0" step="1"/><D31/><REACH who="0" ten="240,250,250,250" step="2"/><U73/><E73/><V19/><F86/><W29/><G29/><T67/><AGARI ba="0,1" hai="12,17,20,25,27,45,49,54,61,67,70,97,98,99" machi="67" ten="30,11700,0" yaku="1,1,2,1,0,1,52,1,53,0" doraHai="40" doraHaiUra="96" who="0" fromWho="0" sc="240,127,250,-39,250,-39,250,-39" /><INIT seed="0,1,0,2,3,71" ten="367,211,211,211" oya="0" hai0="121,38,109,7,25,30,6,123,23,76,52,80,24" hai1="49,37,107,12,82,112,20,83,102,22,78,51,90" hai2="41,79,14,69,19,94,28,27,39,133,89,68,106" hai3="46,113,87,92,36,81,104,21,58,75,42,129,96"/><T70/><D70/><U35/><E35/><V29/><F106/><W11/><G113/><T40/><D109/><U43/><E112/><V61/><F133/><W67/><G129/><T16/><D52/><U62/><E107/><V64/><F79/><W131/><G131/><T45/><D121/><U10/><E102/><V26/><F69/><W17/><G104/><T0/><D0/><U110/><E110/><V99/><F41/><W32/><G32/><T4/><D123/><U3/><E49/><V97/><F39/><W127/><G75/><T31/><REACH who="0" step="1"/><D25/><REACH who="0" ten="357,211,211,211" step="2"/><U74/><E3/><V53/><F53/><W88/><G58/><T59/><D59/><U105/><E43/><V5/><F26/><W56/><G56/><T33/><D33/><U119/><E119/><V117/><F117/><W55/><G55/><T8/><D8/><U132/><E10/><V54/><F54/><W111/><G11/><T47/><D47/><U48/><E132/><V100/><F27/><W13/><G111/><T130/><D130/><U15/><E12/><V44/><F44/><W50/><G67/><T98/><D98/><U125/><E15/><V128/><F128/><W86/><G96/><T91/><D91/><U77/><E90/><V101/><F101/><W2/><G2/><T108/><D108/><U34/><E34/><V85/><F99/><W60/><G60/><T120/><D120/><U84/><E62/><V73/><F97/><W103/><G103/><T114/><D114/><U63/><E63/><V126/><F100/><W118/><G88/><T66/><D66/><U18/><E78/><RYUUKYOKU ba="1,1" sc="357,30,211,-10,211,-10,211,-10" hai0="4,6,7,16,23,24,30,31,38,40,45,76,80" /><INIT seed="0,2,1,2,5,38" ten="387,201,201,201" oya="0" hai0="32,54,88,101,81,109,57,3,36,131,28,76,90" hai1="135,59,133,69,1,97,110,72,92,30,80,21,18" hai2="108,7,121,119,93,82,20,51,34,35,31,71,46" hai3="25,99,15,84,19,134,9,98,33,56,104,124,102"/><T50/><D3/><U118/><E1/><V10/><F121/><W44/><G124/><T65/><D131/><U75/><E69/><V94/><F71/><W58/><G134/><T103/><D36/><U86/><E118/><V61/><F119/><W63/><G98/><T78/><D65/><U120/><E30/><V115/><F115/><W17/><G84/><T106/><D32/><U11/><E11/><V129/><F129/><W111/><G111/><T37/><D37/><U24/><E110/><V96/><F108/><W67/><G44/><T107/><D109/><U100/><E59/><V105/><F105/><W114/><G114/><T130/><D130/><U116/><E120/><V83/><F61/><W95/><G19/><T122/><D28/><U6/><E6/><V113/><F113/><W41/><G95/><T0/><D0/><U87/><E87/><V117/><F117/><W2/><G2/><T39/><D39/><U64/><E64/><V43/><F34/><W74/><G74/><T22/><D22/><U112/><E112/><V66/><F35/><W8/><G8/><T126/><D122/><U27/><E27/><N who="2" m="16871" /><F66/><W62/><G33/><T70/><D70/><U47/><E47/><V85/><F85/><W128/><G128/><T16/><D126/><U52/><E52/><V26/><F26/><W40/><REACH who="3" step="1"/><G25/><REACH who="3" ten="387,201,201,191" step="2"/><T12/><D107/><U4/><E116/><V42/><F94/><W127/><G127/><T123/><D106/><U125/><E125/><V55/><F93/><W73/><G73/><N who="1" m="28234" /><E4/><V29/><F96/><W132/><G132/><N who="1" m="50762" /><E86/><V14/><F29/><RYUUKYOKU ba="2,2" sc="387,-30,201,10,201,10,191,10" hai1="18,21,24,80,92,97,100" hai2="7,10,14,42,43,46,51,55,82,83" hai3="9,15,17,40,41,56,58,62,63,67,99,102,104" /><INIT seed="1,3,2,2,0,20" ten="357,211,211,201" oya="1" hai0="108,81,64,104,107,52,122,24,94,12,133,131,50" hai1="75,117,69,109,99,57,114,125,14,43,83,45,36" hai2="100,113,60,41,32,121,106,15,95,29,25,71,115" hai3="30,39,17,46,103,21,0,23,105,93,61,59,42"/><U130/><E69/><V2/><F121/><W35/><G0/><T119/><D119/><U40/><E117/><V127/><F2/><W87/><G105/><T53/><D122/><U38/><E114/><N who="2" m="43531" /><F127/><W33/><G23/><T91/><D133/><U74/><E125/><V73/><F73/><W97/><G87/><T85/><D131/><U124/><E130/><V44/><F15/><W18/><G18/><T118/><D118/><U55/><E124/><V28/><F28/><W9/><G9/><T135/><D135/><U7/><E109/><V101/><F95/><W92/><G92/><T76/><D108/><U112/><E99/><V56/><F106/><W111/><G111/><T16/><D64/><U66/><E66/><N who="2" m="39175" /><F71/><W47/><G47/><T89/><D89/><U110/><E112/><V34/><F34/><W78/><G78/><T96/><D53/><U49/><E110/><V5/><F5/><W67/><G17/><T10/><REACH who="0" step="1"/><D24/><AGARI ba="3,2" hai="21,24,30,33,35,39,42,46,59,61,67,93,97,103" machi="24" ten="40,5200,0" yaku="25,2,52,1" doraHai="20" who="3" fromWho="0" sc="357,-61,211,0,211,0,201,81" /><INIT seed="2,0,0,2,5,84" ten="296,211,211,282" oya="2" hai0="98,1,27,28,43,54,40,83,68,58,125,44,53" hai1="62,55,108,126,61,88,101,97,118,64,29,73,6" hai2="120,30,131,5,60,41,82,9,67,81,100,116,79" hai3="78,8,46,59,49,13,87,38,21,2,66,129,74"/><V113/><F120/><W18/><G74/><T110/><D1/><U45/><E118/><V15/><F116/><W52/><G129/><T71/><D98/><U86/><E73/><V80/><F113/><W92/><G2/><T47/><D83/><U22/><E6/><V89/><F131/><W123/><G123/><T42/><D28/><U65/><E126/><V119/><F119/><W19/><G38/><T11/><D11/><U0/><E108/><V132/><F132/><W104/><G104/><T7/><D7/><U63/><E0/><V135/><F135/><W12/><G66/><N who="1" m="25706" /><E97/><V93/><F100/><W37/><G37/><N who="0" m="21519" /><D27/><N who="1" m="16631" /><E101/><V99/><F41/><N who="0" m="15370" /><D125/><U106/><E106/><V117/><F30/><W76/><G46/><T31/><D31/><U10/><E10/><V24/><F24/><W69/><G69/><T56/><D110/><U75/><E75/><V111/><F111/><W107/><G107/><T121/><D121/><U134/><E45/><V122/><F122/><W17/><G17/><T50/><D47/><U34/><E34/><V91/><F117/><W102/><G102/><T32/><D32/><U95/><E134/><V3/><F3/><W25/><G25/><T112/><D112/><U96/><E96/><V90/><REACH who="2" step="1"/><F79/><REACH who="2" ten="296,211,201,282" step="2"/><W109/><G109/><T85/><D85/><U39/><E39/><V127/><F127/><W4/><G4/><T20/><D20/><U115/><E115/><V23/><F23/><W70/><G76/><T94/><D94/><U128/><E128/><V26/><F26/><W48/><G92/><T130/><D130/><U103/><E103/><RYUUKYOKU ba="0,1" sc="296,10,211,10,201,10,282,-30" hai0="50,53,54,56,58,68,71" hai1="55,61,62,63,86,88,95" hai2="5,9,15,60,67,80,81,82,89,90,91,93,99" /><INIT seed="2,1,1,0,3,22" ten="306,221,211,252" oya="2" hai0="85,56,129,8,83,109,94,71,92,105,118,10,90" hai1="80,20,64,49,59,77,47,2,32,34,120,100,53" hai2="50,61,36,116,58,96,87,27,134,55,107,75,44" hai3="99,127,54,98,39,91,1,40,69,18,84,48,115"/><V81/><F116/><W60/><G1/><T14/><D118/><U132/><E2/><V102/><F75/><W130/><G115/><T15/><D109/><U82/><E132/><V126/><F36/><W19/><G127/><T114/><D114/><U6/><E6/><V97/><F134/><W128/><G40/><T133/><D133/><U0/><E0/><V43/><F126/><W67/><G39/><T119/><D119/><U103/><E120/><V62/><F97/><W51/><G51/><T28/><D129/><N who="3" m="49769" /><G18/><T93/><D71/><U95/><E34/><V25/><REACH who="2" step="1"/><F61/><REACH who="2" ten="306,221,201,252" step="2"/><W113/><G113/><T45/><D105/><U65/><E65/><V5/><F5/><W122/><G122/><T3/><D3/><U121/><E64/><V23/><F23/><W111/><G98/><T38/><D38/><U125/><E32/><V11/><F11/><W41/><G99/><T66/><D10/><U7/><E20/><V33/><F33/><W4/><G4/><T117/><D117/><U108/><E7/><V89/><AGARI ba="1,2" hai="25,27,43,44,50,55,58,62,81,87,89,96,102,107" machi="89" ten="20,12000,1" yaku="1,1,0,1,7,1,52,2,53,0" doraHai="22" doraHaiUra="72" who="2" fromWho="2" sc="306,-41,221,-41,201,143,252,-41" /><INIT seed="2,2,0,0,3,121" ten="265,180,344,211" oya="2" hai0="83,103,40,57,9,74,107,64,15,80,56,47,93" hai1="26,76,41,46,79,62,39,45,92,127,25,125,44" hai2="86,116,108,110,129,38,71,97,117,12,48,21,37" hai3="63,43,115,36,4,7,8,75,42,30,130,91,73"/><V111/><F71/><W81/><G130/><T118/><D118/><N who="2" m="45674" /><F129/><W109/><G91/><T89/><D107/><U120/><E92/><V28/><F97/><W69/><G30/><T100/><D74/><U67/><E120/><V2/><F2/><W58/><G58/><T82/><D64/><U31/><E39/><V72/><F72/><W85/><G85/><T0/><D0/><U124/><E41/><V66/><F66/><W68/><G115/><T99/><D57/><U61/><E67/><V17/><F48/><W106/><G106/><T95/><D56/><U101/><E101/><V104/><F104/><W16/><G36/><N who="2" m="13929" /><F86/><W113/><G113/><T1/><D1/><U135/><E31/><AGARI ba="2,0" hai="12,17,21,28,31,108,110,111" m="13929,45674" machi="31" ten="40,12000,1" yaku="14,1,10,1,52,3" doraHai="121" who="2" fromWho="1" sc="265,0,180,-126,344,126,211,0" /><INIT seed="2,3,0,0,1,71" ten="265,54,470,211" oya="2" hai0="79,78,127,2,59,86,92,118,42,81,4,134,125" hai1="22,18,9,97,37,82,3,49,116,61,31,38,72" hai2="54,122,5,85,126,20,40,102,114,43,111,12,130" hai3="115,36,64,33,104,119,34,63,121,73,50,66,109"/><V1/><F122/><W95/><G95/><T96/><D59/><U112/><E116/><V117/><F117/><W25/><G50/><T99/><D42/><U67/><E112/><V53/><F1/><W24/><G63/><T105/><D4/><U87/><E31/><V58/><F114/><W131/><G25/><T13/><D13/><U32/><E32/><V77/><F126/><N who="0" m="48138" /><D2/><U74/><E97/><V10/><F130/><W27/><G27/><T0/><D0/><U26/><E49/><V17/><F111/><W29/><G64/><T110/><D118/><U84/><E84/><V75/><F75/><W6/><G66/><T15/><D15/><U83/><E83/><V70/><F70/><W124/><G6/><T47/><D47/><U30/><E74/><V89/><F102/><W135/><G24/><T132/><D110/><U101/><E101/><V44/><F77/><W14/><G14/><T106/><D78/><U23/><E72/><V108/><F108/><W16/><G16/><T69/><D69/><U65/><E65/><V80/><F44/><W120/><G29/><T56/><D56/><U113/><E113/><V28/><F28/><W55/><G55/><T39/><D39/><U93/><E93/><V62/><REACH who="2" step="1"/><F53/><REACH who="2" ten="265,54,460,211" step="2"/><W7/><G120/><T11/><D134/><U94/><E3/><V103/><F103/><W91/><G121/><T21/><D132/><U52/><E9/><V98/><F98/><N who="0" m="37418" /><D106/><U90/><E94/><V133/><F133/><W8/><G135/><T41/><D92/><U45/><E52/><V51/><F51/><W46/><G104/><RYUUKYOKU ba="3,1" sc="265,-10,54,-10,460,30,211,-10" hai2="5,10,12,17,20,40,43,54,58,62,80,85,89" /><INIT seed="2,4,1,2,5,59" ten="255,44,490,201" oya="2" hai0="109,13,38,65,125,91,87,94,30,23,90,32,119" hai1="92,29,14,19,39,76,18,7,130,15,31,3,64" hai2="27,89,122,116,50,83,100,63,107,46,88,10,53" hai3="112,43,93,80,2,111,96,105,68,104,129,118,77"/><V79/><F122/><W115/><G2/><T95/><D119/><U60/><E39/><V69/><F116/><W44/><G118/><T54/><D109/><U135/><E76/><V62/><F69/><W101/><G68/><T117/><D117/><U42/><E42/><V67/><F67/><W8/><G8/><T52/><D38/><U72/><E72/><V61/><F107/><W113/><G111/><T47/><D125/><U121/><E121/><V123/><F123/><W41/><G41/><T25/><D65/><U16/><E135/><V71/><F71/><W4/><G4/><T57/><D57/><U74/><E74/><V81/><F100/><W58/><G58/><T11/><D32/><U103/><E130/><V132/><F132/><W86/><REACH who="3" step="1"/><G129/><REACH who="3" ten="255,44,490,191" step="2"/><T51/><D51/><AGARI ba="4,2" hai="43,44,51,77,80,86,93,96,101,104,105,112,113,115" machi="51" ten="40,5200,0" yaku="1,1,2,1,11,1,53,0" doraHai="59" doraHaiUra="33" who="3" fromWho="0" sc="255,-64,44,0,490,0,191,84" /><INIT seed="3,0,0,2,1,78" ten="191,44,490,275" oya="3" hai0="122,113,103,64,133,110,47,43,95,31,60,25,100" hai1="45,69,42,41,108,55,75,8,128,66,126,124,37" hai2="21,118,129,79,3,33,112,131,101,57,62,114,121" hai3="24,39,88,109,48,102,5,127,14,98,81,20,70"/><W83/><G39/><T87/><D122/><U28/><E28/><V107/><F3/><W17/><G70/><T94/><D110/><U67/><E108/><V54/><F33/><W23/><G109/><T49/><D113/><U40/><E75/><V38/><F121/><W86/><G127/><N who="1" m="48682" /><E8/><V84/><F118/><W96/><G48/><T61/><D133/><U52/><E128/><N who="2" m="49227" /><F38/><W29/><G5/><T120/><D120/><U27/><E27/><V80/><F21/><W50/><G50/><T91/><D61/><N who="1" m="40143" /><E67/><V59/><F59/><W68/><G68/><T9/><D9/><U53/><AGARI ba="0,0" hai="37,40,41,42,45,52,53,55" m="40143,48682" machi="53" ten="30,7900,0" yaku="18,1,34,2,54,1" doraHai="78" who="1" fromWho="1" sc="191,-20,44,79,490,-20,275,-39" /><INIT seed="4,0,0,0,5,59" ten="171,123,470,236" oya="0" hai0="87,63,39,23,89,66,70,90,5,35,71,101,112" hai1="102,18,65,49,79,134,57,14,48,123,69,127,25" hai2="108,129,56,58,117,121,11,76,60,73,111,52,31" hai3="126,61,77,131,75,7,130,83,51,68,122,115,36"/><T13/><D35/><U44/><E123/><V124/><F121/><W82/><G36/><T104/><D39/><U2/><E69/><V34/><F124/><W53/><G122/><T113/><D71/><U16/><E2/><V88/><F129/><N who="3" m="49163" /><G126/><T116/><D116/><U32/><E134/><V3/><F117/><W15/><G115/><N who="0" m="44107" /><D87/><U86/><E102/><V10/><F88/><N who="0" m="33898" /><D101/><U27/><E32/><V0/><F58/><N who="3" m="33087" /><G82/><T33/><D33/><U128/><E128/><V84/><F73/><W92/><G92/><T97/><D97/><U114/><E114/><V91/><F76/><W17/><G7/><T67/><D67/><U20/><E127/><V9/><F0/><W95/><G95/><T98/><D98/><U118/><E27/><V105/><F3/><W85/><G85/><T62/><D104/><U38/><E38/><V93/><REACH who="2" step="1"/><F105/><REACH who="2" ten="171,123,460,236" step="2"/><W80/><G77/><T100/><D100/><U40/><E118/><V37/><F37/><W45/><G75/><T109/><D109/><U72/><E72/><V29/><F29/><W22/><G45/><T120/><D120/><U42/><E44/><V106/><F106/><W125/><G125/><T135/><D135/><U133/><E133/><V19/><F19/><W103/><G103/><T41/><D5/><U96/><E79/><V4/><F4/><W81/><G68/><T74/><D74/><U107/><E107/><V94/><F94/><W1/><G1/><T6/><D6/><U50/><E57/><V64/><F64/><W24/><G81/><T54/><D66/><U99/><E65/><V28/><F28/><RYUUKYOKU ba="0,1" sc="171,-10,123,-10,460,30,236,-10" hai2="9,10,11,31,34,52,56,60,84,91,93,108,111" /><INIT seed="5,1,1,3,4,19" ten="161,113,490,226" oya="1" hai0="20,15,51,80,114,63,102,118,31,83,32,100,14" hai1="135,126,66,125,2,1,60,10,4,6,34,93,72" hai2="92,43,21,98,48,76,23,29,95,106,116,65,131" hai3="61,70,74,89,69,57,91,96,41,25,11,58,26"/><U115/><E72/><V68/><F116/><W64/><G74/><T113/><D118/><U50/><E34/><V53/><F106/><W36/><G69/><T85/><D32/><U132/><E115/><N who="0" m="44041" /><D63/><U108/><E93/><V67/><F131/><W111/><G111/><T54/><D31/><U123/><E123/><V40/><F76/><W101/><G11/><T62/><D62/><U107/><E107/><V3/><F3/><N who="1" m="1033" /><E50/><V94/><F98/><W105/><G36/><T16/><D14/><N who="1" m="5447" /><E108/><V109/><F109/><W78/><G41/><N who="2" m="15945" /><F68/><W44/><G78/><N who="0" m="46231" /><D83/><U134/><E6/><V24/><F21/><W33/><G33/><T122/><D122/><U42/><E42/><V7/><F7/><W133/><G70/><AGARI ba="1,1" hai="60,66,70,125,126,132,134,135" m="5447,1033" machi="70" ten="40,2000,0" yaku="20,1" doraHai="19" who="1" fromWho="3" sc="161,0,113,33,490,0,226,-23" /><INIT seed="5,2,0,2,1,10" ten="161,146,490,203" oya="1" hai0="114,119,21,125,31,62,42,76,52,20,77,48,116" hai1="58,5,54,79,53,19,89,118,99,1,74,126,43" hai2="94,93,132,121,86,55,27,104,81,33,92,32,97" hai3="72,15,101,45,130,107,7,4,106,73,12,46,71"/><U26/><E118/><V30/><F121/><W35/><G101/><T25/><D114/><U28/><E43/><V117/><F117/><W110/><G71/><T120/><D120/><U87/><E126/><V17/><F132/><W40/><G40/><T69/><D125/><U38/><E38/><V2/><F2/><W70/><G70/><T41/><D119/><U131/><E131/><V100/><F55/><W108/><REACH who="3" step="1"/><G35/><REACH who="3" ten="161,146,490,193" step="2"/><T49/><D116/><U95/><E1/><V16/><REACH who="2" step="1"/><F32/><REACH who="2" ten="161,146,480,193" step="2"/><W14/><G14/><T80/><D69/><U90/><E54/><V133/><F133/><W112/><G112/><T85/><D41/><U82/><E53/><V29/><F29/><W3/><G3/><T18/><D42/><U83/><E28/><V98/><F98/><W44/><G44/><T102/><D102/><U109/><E58/><V39/><F39/><W96/><G96/><T47/><D47/><U128/><E128/><AGARI ba="2,2" hai="4,7,12,15,45,46,72,73,106,107,108,110,128,130" machi="128" ten="25,8000,1" yaku="1,1,22,2,52,2,53,0" doraHai="10" doraHaiUra="111" who="3" fromWho="1" sc="161,0,146,-86,480,0,193,106" /><INIT seed="6,0,0,1,0,127" ten="161,60,480,299" oya="2" hai0="76,64,114,133,9,110,96,80,128,24,15,60,49" hai1="44,121,131,107,3,5,48,87,89,101,125,10,66" hai2="102,69,103,119,12,74,109,14,58,55,17,27,73" hai3="132,16,98,90,46,84,22,115,59,21,33,38,29"/><V23/><F119/><W47/><G132/><T91/><D110/><U85/><E125/><V50/><F69/><W123/><G33/><T118/><D118/><U54/><E121/><V106/><F109/><W36/><G123/><T130/><D133/><U34/><E66/><V37/><F37/><W32/><G32/><T95/><D24/><U97/><E34/><V122/><F122/><W111/><G111/><T100/><D114/><U57/><E44/><V104/><F103/><W42/><G98/><T31/><D31/><U2/><E2/><V99/><REACH who="2" step="1"/><F106/><REACH who="2" ten="161,60,470,299" step="2"/><W1/><G38/><T0/><D100/><U65/><E65/><V56/><F56/><W28/><G59/><T7/><D49/><U112/><E112/><V11/><F11/><W71/><G71/><T52/><D0/><U83/><REACH who="1" step="1"/><E87/><REACH who="1" ten="161,50,470,299" step="2"/><V108/><F108/><W13/><G115/><T113/><D113/><U126/><E126/><V41/><F41/><W45/><G1/><T79/><D64/><U120/><E120/><V51/><F51/><W116/><G116/><T81/><D60/><U62/><E62/><V77/><F77/><W92/><G36/><T88/><D52/><U67/><E67/><V35/><F35/><W72/><G42/><T105/><D76/><U26/><E26/><V94/><F94/><W19/><G72/><AGARI ba="0,2" hai="12,14,17,23,27,50,55,58,72,73,74,99,102,104" machi="72" ten="40,2000,0" yaku="1,1,53,0" doraHai="127" doraHaiUra="30" who="2" fromWho="3" sc="161,0,50,0,470,40,299,-20" /><INIT seed="6,1,0,4,2,122" ten="161,50,510,279" oya="2" hai0="107,3,17,9,105,117,22,119,50,26,20,74,87" hai1="113,106,6,79,84,52,30,16,118,82,112,104,100" hai2="96,34,43,83,29,85,11,58,80,114,8,15,77" hai3="0,98,12,37,10,59,135,62,51,73,27,129,124"/><V70/><F70/><W4/><G37/><T88/><D74/><U23/><E30/><V66/><F114/><N who="1" m="44137" /><E6/><V32/><F43/><W103/><G73/><T133/><D133/><U61/><E100/><V109/><F109/><W2/><G124/><T65/><D65/><U21/><E21/><V42/><F42/><W41/><G129/><T46/><D22/><U126/><E118/><V5/><F96/><W13/><G135/><T78/><D78/><U44/><E126/><V14/><F29/><W94/><G2/><T102/><D102/><U35/><E35/><V92/><F92/><W76/><G76/><T130/><D130/><U81/><E82/><V120/><F120/><W75/><G75/><T55/><D9/><U123/><E123/><V33/><F66/><W53/><G27/><T24/><D24/><N who="1" m="14439" /><E61/><V45/><F45/><W108/><G0/><T90/><D90/><U60/><E60/><V40/><F40/><W69/><G13/><T93/><REACH who="0" step="1"/><D3/><REACH who="0" ten="151,50,510,279" step="2"/><U67/><E67/><V19/><F11/><W97/><G10/><T125/><D125/><U36/><E36/><V128/><F8/><W31/><G103/><T47/><D47/><U49/><AGARI ba="1,1" hai="44,49,52,79,81,84,104,106" m="14439,44137" machi="49" ten="30,4000,0" yaku="15,1,54,2" doraHai="122" who="1" fromWho="1" sc="151,-11,50,53,510,-21,279,-11" /><INIT seed="7,0,0,1,3,86" ten="140,103,489,268" oya="3" hai0="88,76,36,118,29,49,73,44,128,87,69,0,79" hai1="81,114,48,46,130,2,119,62,68,120,56,91,10" hai2="113,7,132,82,96,39,102,129,80,42,19,125,11" hai3="77,23,58,100,28,61,66,84,35,30,24,71,1"/><W13/><G1/><T41/><D118/><U16/><E120/><V98/><F129/><W133/><G133/><T106/><D128/><U43/><E130/><V105/><F125/><W47/><G47/><T97/><D69/><U45/><E114/><V124/><F124/><W9/><G30/><T103/><D29/><U4/><E68/><V6/><F132/><W109/><G109/><T134/><D134/><U126/><E126/><V17/><F113/><W59/><G23/><T95/><D0/><U75/><E46/><V72/><F98/><W60/><G60/><T107/><D107/><U78/><E119/><V116/><F116/><W50/><G50/><T51/><D79/><U85/><E75/><V52/><F42/><W37/><G37/><T127/><REACH who="0" step="1"/><D127/><REACH who="0" ten="130,103,489,268" step="2"/><U70/><E70/><V25/><F39/><W22/><G77/><T89/><D89/><U123/><E123/><V18/><F52/><W131/><G131/><T65/><D65/><U94/><E78/><V57/><F17/><W8/><G28/><T14/><D14/><U21/><E81/><AGARI ba="0,1" hai="36,41,44,49,51,73,76,81,87,88,95,97,103,106" machi="81" ten="40,8000,1" yaku="1,1,24,2,52,1,54,1,53,0" doraHai="86" doraHaiUra="20" who="0" fromWho="1" sc="130,90,103,-80,489,0,268,0" owari="220,-18.0,23,-48.0,489,59.0,268,7.0" /></mjloggm>