<mjloggm ver="2.3"><GO type="41" lobby="0"/><UN n0="%35%35%32%31" n1="%E7%88%B6%E3%81%A1%E3%82%83%E3%82%93" n2="%E3%82%A6%E3%83%AB%E3%83%88%E3%83%A9%E7%AB%8B%E7%9B%B4" n3="%E3%82%8A%E3%82%93%E3%81%94%E9%A3%B4" dan="14,14,16,13" rate="1852.82,1958.37,2066.95,1877.61" sx="M,M,M,M"/><TAIKYOKU oya="0"/><INIT seed="0,0,0,3,2,100" ten="250,250,250,250" oya="0" hai0="43,28,14,19,119,71,57,103,77,18,104,83,84" hai1="34,75,108,131,23,96,26,42,105,16,51,127,20" hai2="39,38,106,15,3,41,134,93,22,85,89,73,62" hai3="36,123,65,54,121,92,111,49,32,81,53,114,64"/><T94/><D71/><U24/><E75/><V118/><F38/><W29/><G29/><T132/><D119/><U40/><E34/><V109/><F118/><W135/><G32/><T5/><D28/><U46/><E108/><V12/><F12/><W35/><G35/><T25/><D104/><U9/><E9/><V125/><F109/><W68/><G92/><T0/><D0/><U91/><E131/><V31/><F125/><W45/><G81/><T8/><D132/><U129/><E127/><V4/><F134/><W126/><G135/><T112/><D112/><U10/><E129/><V87/><F87/><W21/><G21/><T69/><D69/><U88/><E10/><V99/><F73/><W133/><G133/><T44/><D57/><U97/><E97/><V113/><F113/><W17/><G17/><T79/><D79/><U6/><E6/><V27/><F62/><W70/><G111/><T13/><D25/><U2/><E2/><V56/><F56/><W130/><G130/><T124/><D124/><U76/><E76/><V107/><F3/><W63/><G126/><T67/><D67/><U47/><E105/><V86/><F86/><W101/><G101/><T37/><REACH who="0" step="1"/><D14/><REACH who="0" ten="240,250,250,250" step="2"/><U30/><REACH who="1" step="1"/><E96/><AGARI ba="0,1" hai="5,8,13,18,19,37,43,44,77,83,84,94,96,103" machi="96" ten="40,3900,0" yaku="1,1,2,1,53,0" doraHai="100" doraHaiUra="52" who="0" fromWho="1" sc="240,49,250,-39,250,0,250,0" /><INIT seed="0,1,0,5,5,84" ten="289,211,250,250" oya="0" hai0="82,73,34,89,105,15,93,129,127,20,50,86,99" hai1="102,110,119,128,51,95,37,58,79,27,100,8,96" hai2="115,90,13,106,64,77,132,16,35,62,120,1,55" hai3="10,83,26,113,30,94,14,126,92,54,2,116,81"/><T46/><D34/><U17/><E119/><V70/><F120/><W108/><G2/><T57/><D57/><U38/><E128/><V44/><F115/><W33/><G113/><T25/><D129/><U24/><E79/><V18/><F1/><W98/><G116/><T85/><D127/><U32/><E110/><V74/><F106/><W124/><G54/><T109/><D105/><U60/><E37/><V43/><F132/><W59/><G59/><T48/><D109/><U78/><E78/><V134/><F134/><W0/><G0/><T123/><D123/><U107/><E38/><V47/><F77/><W5/><G94/><T131/><D73/><U11/><E32/><V101/><F101/><W91/><G108/><T45/><D15/><U3/><E51/><V76/><F76/><W22/><REACH who="3" step="1"/><G33/><REACH who="3" ten="289,211,250,240" step="2"/><T133/><D133/><U52/><E95/><V80/><F74/><W103/><G103/><N who="0" m="60911" /><D131/><U87/><E102/><V56/><F35/><W71/><G71/><T9/><D46/><U28/><E3/><V7/><F47/><W121/><G121/><T122/><D122/><U68/><E68/><V66/><F70/><W49/><G49/><T53/><D50/><U130/><E130/><V111/><F111/><W118/><G118/><T67/><D67/><U12/><E100/><V39/><F64/><W69/><G69/><T6/><D48/><U135/><E135/><V63/><F66/><W41/><G41/><T72/><D53/><U4/><E52/><V114/><F114/><W112/><G112/><T36/><D45/><U104/><E104/><V65/><F65/><RYUUKYOKU ba="1,1" sc="289,-10,211,-10,250,-10,240,30" hai3="5,10,14,22,26,30,81,83,91,92,98,124,126" /><INIT seed="1,2,1,1,3,135" ten="279,201,240,270" oya="1" hai0="46,7,38,22,121,25,51,11,9,100,56,118,130" hai1="124,112,67,17,10,39,20,106,63,94,133,40,117" hai2="99,8,126,52,4,48,113,31,0,62,1,44,45" hai3="32,53,66,68,35,103,108,24,26,28,6,119,96"/><U36/><E117/><V110/><F1/><W59/><G6/><T69/><D118/><U33/><E106/><V77/><F113/><W55/><G59/><T95/><D69/><U15/><E133/><V114/><F114/><W16/><G119/><T65/><D38/><U27/><E112/><V84/><F110/><W131/><G108/><T134/><D7/><U128/><E128/><V81/><F62/><W101/><G131/><T90/><D134/><U2/><E124/><V111/><F111/><W109/><G109/><T89/><D90/><U70/><E94/><V57/><F126/><W47/><G47/><T54/><D121/><U105/><E105/><V76/><F31/><W71/><G96/><N who="0" m="59423" /><D89/><U75/><E40/><V85/><REACH who="2" step="1"/><F99/><REACH who="2" ten="279,201,230,270" step="2"/><W107/><G28/><N who="0" m="17463" /><D130/><U12/><E75/><V21/><F21/><W64/><G107/><T72/><D72/><U97/><E97/><V13/><F13/><W80/><G80/><AGARI ba="2,2" hai="0,4,8,44,45,48,52,57,76,77,80,81,84,85" machi="80" ten="40,5200,0" yaku="1,1,9,1,54,1,53,0" doraHai="135" doraHaiUra="91" who="2" fromWho="3" sc="279,0,201,0,230,78,270,-58" /><INIT seed="2,0,0,5,2,96" ten="279,201,308,212" oya="2" hai0="65,124,85,36,33,120,40,130,25,41,128,2,16" hai1="72,101,112,115,81,82,78,90,66,123,48,60,77" hai2="113,31,38,27,127,51,80,129,125,12,98,76,53" hai3="0,105,56,1,97,14,7,50,103,46,109,68,93"/><V22/><F38/><W71/><G56/><T15/><D120/><U5/><E123/><V84/><F113/><W28/><G28/><N who="0" m="19599" /><D2/><U118/><E118/><V13/><F129/><N who="0" m="49770" /><D36/><U39/><E39/><V54/><F54/><W20/><G105/><T34/><D34/><U47/><E5/><V87/><F87/><W32/><G32/><T23/><D124/><U89/><E48/><V64/><F64/><W44/><G109/><T99/><D65/><U17/><E17/><V11/><F98/><W132/><G46/><T107/><D85/><U61/><E47/><V43/><F43/><W52/><G132/><T95/><D107/><U134/><E134/><V45/><REACH who="2" step="1"/><F11/><REACH who="2" ten="279,201,298,212" step="2"/><W70/><REACH who="3" step="1"/><G20/><REACH who="3" ten="279,201,298,202" step="2"/><T131/><D131/><U92/><E66/><V67/><F67/><W73/><G73/><T69/><D69/><U26/><E115/><V117/><F117/><W21/><G21/><T29/><D40/><U119/><E112/><V55/><F55/><W126/><G126/><AGARI ba="0,2" hai="12,13,22,27,31,45,51,53,76,80,84,125,126,127" machi="126" ten="40,3900,0" yaku="1,1,18,1,53,0" doraHai="96" doraHaiUra="35" who="2" fromWho="3" sc="279,0,201,0,298,59,202,-39" /><INIT seed="2,1,0,1,3,73" ten="279,201,357,163" oya="2" hai0="102,64,3,109,113,116,88,41,38,107,103,15,93" hai1="68,117,122,1,16,76,34,99,101,129,21,72,36" hai2="134,133,84,114,50,61,110,91,111,49,86,94,39" hai3="17,123,135,47,43,97,108,52,130,121,54,65,83"/><V85/><F39/><N who="3" m="22015" /><G17/><T23/><D3/><U63/><E117/><V11/><F11/><W126/><G97/><T14/><D113/><U35/><E1/><V77/><F114/><W98/><G98/><T125/><D107/><U112/><E112/><V56/><F91/><W33/><G83/><T5/><D64/><U74/><E36/><V55/><F94/><W75/><G33/><T106/><D106/><U60/><E122/><N who="3" m="46602" /><G75/><T42/><D38/><U78/><E129/><V9/><F9/><W124/><G65/><T30/><D15/><U48/><E48/><V13/><F13/><W26/><G26/><T32/><D32/><U44/><E101/><V67/><F77/><W70/><G70/><T89/><D30/><U18/><E99/><V24/><F24/><W82/><G82/><T119/><D89/><U22/><E68/><V40/><F50/><W62/><G62/><T66/><D66/><U31/><E44/><V20/><F20/><W104/><G104/><T100/><D116/><U37/><E37/><V57/><REACH who="2" step="1"/><F40/><REACH who="2" ten="279,201,347,163" step="2"/><W132/><G130/><T2/><D119/><U27/><E31/><V87/><N who="2" m="22016" /><DORA hai="105" /><V53/><F53/><N who="3" m="20587" /><G108/><AGARI ba="1,1" hai="49,55,56,57,61,67,108,110,111,133,134" m="22016" machi="108" ten="60,18000,2" yaku="1,1,14,1,10,1,53,4" doraHai="73,105" doraHaiUra="19,80" who="2" fromWho="3" sc="279,0,201,0,347,193,163,-183" owari="279,8.0,201,-20.0,540,64.0,-20,-52.0" /></mjloggm>