<mjloggm ver="2.3"><GO type="41" lobby="0"/><UN n0="%E9%BA%BB%E9%9B%80%E4%B8%80%E7%95%AA%E8%A1%97" n1="%E3%81%84%E3%81%8A%E3%81%AA%E3%81%A1%E3%81%A1" n2="%E3%82%A6%E3%83%AB%E3%83%88%E3%83%A9%E7%AB%8B%E7%9B%B4" n3="%E6%B2%A2%E5%AE%AE%E3%82%A8%E3%83%AA%E3%83%8A" dan="15,14,16,15" rate="1986.63,1888.20,2063.10,1993.55" sx="M,M,M,F"/><TAIKYOKU oya="0"/><INIT seed="0,0,0,4,0,26" ten="250,250,250,250" oya="0" hai0="55,110,123,9,96,116,3,61,35,78,95,58,130" hai1="10,24,101,115,134,5,125,103,81,121,39,122,63" hai2="73,97,83,38,20,34,114,62,51,33,43,12,37" hai3="44,120,0,16,105,109,31,100,79,14,48,11,69"/><T85/><D116/><U129/><E134/><V46/><F114/><W2/><G69/><T19/><D123/><U102/><E129/><V70/><F20/><W80/><G120/><T131/><D35/><U40/><E125/><V82/><F12/><W29/><G109/><T32/><D32/><U18/><E63/><V56/><F82/><W47/><G47/><T86/><D110/><U93/><E93/><V111/><F111/><W45/><G45/><T104/><D104/><U128/><E128/><N who="0" m="49193" /><D78/><U127/><E127/><V17/><F38/><W50/><G50/><T6/><D19/><U66/><E66/><V57/><F17/><W119/><G119/><T89/><AGARI ba="0,0" hai="3,6,9,55,58,61,85,86,89,95,96" m="49193" machi="89" ten="30,1500,0" yaku="19,1" doraHai="26" who="0" fromWho="0" sc="250,15,250,-5,250,-5,250,-5" /><INIT seed="0,1,0,1,3,91" ten="265,245,245,245" oya="0" hai0="133,31,132,134,67,32,105,27,126,5,61,83,34" hai1="118,87,94,130,42,76,109,100,127,82,89,120,80" hai2="104,12,107,74,35,108,73,95,99,46,66,25,3" hai3="13,113,55,117,4,58,36,115,128,81,78,8,16"/><T28/><D105/><U37/><E120/><V75/><F3/><W57/><G36/><T56/><D126/><U15/><E118/><V63/><F108/><W122/><G117/><T69/><D5/><U29/><E109/><V52/><F12/><W39/><G39/><T9/><D9/><U14/><E127/><V26/><F26/><W86/><G122/><T11/><D11/><U49/><E37/><V88/><F25/><W40/><G40/><T10/><D10/><U62/><E62/><V59/><F35/><N who="0" m="13354" /><D27/><U116/><E116/><V45/><F107/><W111/><G111/><T6/><D6/><U98/><E130/><V101/><REACH who="2" step="1"/><F66/><REACH who="2" ten="265,245,235,245" step="2"/><W64/><G128/><T54/><D83/><U0/><E0/><V125/><F125/><W53/><G4/><T33/><D33/><U17/><E29/><V84/><AGARI ba="1,1" hai="45,46,52,59,63,73,74,75,84,88,95,99,101,104" machi="84" ten="30,8000,1" yaku="1,1,0,1,52,1,54,2,53,0" doraHai="91" doraHaiUra="65" who="2" fromWho="2" sc="265,-41,245,-21,235,93,245,-21" /><INIT seed="1,0,0,4,2,0" ten="224,224,328,224" oya="1" hai0="83,101,102,13,133,27,11,118,44,1,92,120,47" hai1="89,30,75,126,57,78,80,66,71,32,43,12,53" hai2="10,4,131,2,125,73,72,58,8,135,108,93,37" hai3="94,100,117,14,60,18,26,49,5,38,24,34,79"/><U52/><E126/><V9/><F125/><W15/><G38/><T63/><D118/><U41/><E89/><V6/><F131/><W105/><G105/><T25/><D120/><U111/><E111/><V77/><F108/><W122/><G34/><T33/><D1/><U50/><E12/><V39/><F135/><W109/><G109/><T119/><D119/><U82/><E80/><V55/><F10/><N who="3" m="4431" /><G79/><T97/><D133/><U56/><E66/><V45/><F93/><W81/><G81/><T16/><D101/><U129/><E129/><V22/><F22/><N who="3" m="11615" /><G60/><T116/><D116/><U130/><E71/><V132/><F132/><W95/><G95/><T88/><D63/><U114/><E114/><V76/><F2/><W59/><G122/><T3/><D3/><U31/><E130/><V46/><F58/><W84/><G84/><N who="0" m="50207" /><D33/><U98/><E98/><V86/><F86/><W127/><G127/><T20/><D25/><U35/><E35/><V91/><F91/><W64/><G64/><T134/><D134/><U124/><E124/><V65/><F65/><W96/><G117/><T17/><AGARI ba="0,0" hai="11,13,16,17,20,27,44,47,92,97,102" m="50207" machi="17" ten="30,4000,0" yaku="8,1,54,2" doraHai="0" who="0" fromWho="0" sc="224,40,224,-20,328,-10,224,-10" /><INIT seed="2,0,0,1,1,29" ten="264,204,318,214" oya="2" hai0="135,17,112,43,37,74,1,45,109,99,12,68,23" hai1="107,61,82,78,133,70,47,13,122,113,6,62,131" hai2="53,73,88,93,8,94,96,121,35,85,106,79,56" hai3="76,108,50,54,97,28,11,48,27,115,77,60,19"/><V72/><F121/><W9/><G115/><T24/><D109/><U75/><E113/><V2/><F35/><W80/><G108/><T125/><D112/><U123/><E133/><V92/><F8/><W89/><G60/><T95/><D1/><U51/><E107/><V114/><F2/><W84/><G97/><T124/><D135/><U20/><E131/><V39/><F39/><W129/><G129/><T128/><D74/><N who="2" m="28778" /><F53/><W104/><G104/><T58/><D68/><U22/><E70/><V102/><F56/><W134/><G134/><T101/><D128/><U98/><E98/><N who="2" m="61783" /><F114/><W86/><G76/><T30/><REACH who="0" step="1"/><D58/><REACH who="0" ten="254,204,318,214" step="2"/><U31/><E123/><V132/><F132/><W32/><G19/><T117/><D117/><U4/><E122/><V21/><F21/><AGARI ba="0,1" hai="12,17,21,23,24,30,37,43,45,95,99,101,124,125" machi="21" ten="40,1300,0" yaku="1,1,53,0" doraHai="29" doraHaiUra="44" who="0" fromWho="2" sc="254,23,204,0,318,-13,214,0" /><INIT seed="3,0,0,5,5,131" ten="277,204,305,214" oya="3" hai0="70,106,116,81,99,16,98,69,5,79,77,109,126" hai1="65,101,80,43,34,111,135,18,108,62,1,130,7" hai2="95,55,76,71,25,94,20,21,44,9,46,89,110" hai3="63,133,103,36,74,49,56,40,104,87,45,85,102"/><W78/><G133/><T32/><D109/><N who="1" m="42059" /><E130/><V35/><F35/><W113/><G113/><T112/><D116/><U22/><E34/><V128/><F71/><W31/><G31/><T47/><D112/><U120/><E43/><V84/><F128/><W53/><G74/><T117/><D98/><U29/><E101/><V3/><F76/><W107/><G102/><T73/><D47/><U123/><E29/><V92/><F110/><W88/><G103/><T96/><D81/><U17/><E80/><V37/><F46/><W8/><G8/><T4/><D73/><U121/><E62/><V132/><F132/><W26/><G26/><T30/><D30/><U10/><E65/><V24/><F9/><W100/><G100/><T72/><D72/><U86/><E86/><V93/><F3/><W68/><G85/><T90/><D32/><U12/><E18/><V13/><F37/><W6/><G6/><T134/><D134/><AGARI ba="0,0" hai="1,7,10,12,17,22,120,121,123,134,135" m="42059" machi="134" ten="40,8000,1" yaku="14,1,34,2,52,2" doraHai="131" who="1" fromWho="0" sc="277,-80,204,80,305,0,214,0" /><INIT seed="4,0,0,0,4,66" ten="197,284,305,214" oya="0" hai0="123,17,83,0,6,51,21,82,26,12,44,115,18" hai1="95,23,86,34,42,1,7,32,71,27,60,8,129" hai2="62,93,59,45,94,36,109,114,74,117,28,68,37" hai3="52,70,22,5,78,119,50,69,10,98,29,116,135"/><T54/><D115/><U43/><E129/><V72/><F109/><W108/><G108/><T106/><D123/><U47/><E43/><V64/><F114/><W24/><G78/><T88/><D106/><U124/><E124/><V102/><F117/><W131/><G131/><T125/><D125/><U79/><E95/><V130/><F130/><W127/><G127/><T31/><D17/><U35/><E79/><V87/><F94/><W97/><G135/><T81/><D6/><U11/><E11/><V39/><F28/><W63/><G63/><T30/><D0/><U121/><E86/><V126/><F126/><W58/><G119/><T84/><REACH who="0" step="1"/><D30/><REACH who="0" ten="187,284,305,214" step="2"/><U110/><E121/><V49/><F74/><W3/><REACH who="3" step="1"/><G116/><REACH who="3" ten="187,284,305,204" step="2"/><T91/><D91/><U19/><E110/><V100/><F72/><W96/><AGARI ba="0,2" hai="3,5,10,22,24,29,50,52,58,69,70,96,97,98" machi="96" ten="30,12000,2" yaku="1,1,2,1,0,1,52,2,54,1,53,0" doraHai="66" doraHaiUra="120" who="3" fromWho="3" sc="187,-60,284,-30,305,-30,204,140" /><INIT seed="5,0,0,0,2,32" ten="127,254,275,344" oya="1" hai0="59,128,44,105,88,103,16,81,55,17,53,9,102" hai1="31,58,97,51,38,48,45,78,57,2,33,56,112" hai2="80,52,50,46,12,73,1,21,107,28,126,115,127" hai3="64,95,83,123,62,29,101,24,67,18,49,134,39"/><U130/><E130/><V114/><F107/><W47/><G39/><T77/><D128/><U111/><E112/><N who="2" m="43051" /><F1/><W89/><G123/><T92/><D105/><U110/><E78/><N who="2" m="44111" /><F12/><W75/><G134/><T109/><D109/><N who="1" m="41483" /><E97/><V65/><F65/><W117/><G117/><T135/><D135/><U98/><E98/><V10/><F10/><W0/><G0/><T27/><D44/><U118/><E118/><V3/><F3/><W93/><G18/><T87/><D55/><N who="1" m="30095" /><E2/><V79/><F79/><W11/><G101/><T116/><D116/><U106/><E106/><V43/><F43/><W8/><G47/><T124/><D124/><N who="2" m="47658" /><F21/><W72/><G11/><T74/><D17/><U132/><E132/><V20/><F20/><W14/><G8/><T94/><D94/><U82/><E38/><V113/><F113/><W4/><G95/><T119/><D119/><U41/><E82/><V34/><F28/><W86/><G29/><T54/><D54/><N who="1" m="31839" /><E41/><V36/><F36/><W99/><G4/><T76/><D76/><U25/><AGARI ba="0,0" hai="25,31,33,57,58" m="31839,30095,41483" machi="25" ten="30,1500,0" yaku="10,1" doraHai="32" who="1" fromWho="1" sc="127,-5,254,15,275,-5,344,-5" /><INIT seed="5,1,0,5,1,124" ten="122,269,270,339" oya="1" hai0="33,22,101,25,100,90,96,36,66,31,54,102,133" hai1="82,48,94,64,55,51,40,35,24,92,88,83,44" hai2="65,6,76,120,56,70,129,3,17,114,9,68,77" hai3="19,21,121,119,81,128,112,42,80,115,45,134,39"/><U116/><E116/><V16/><F120/><W46/><G121/><T26/><D133/><U11/><E64/><V60/><F114/><N who="3" m="43563" /><G128/><T131/><D36/><U126/><E126/><V57/><F129/><W30/><G134/><T10/><D131/><U127/><E127/><V111/><F111/><W86/><G30/><T34/><D10/><U47/><E11/><V41/><F41/><N who="3" m="22719" /><G86/><T20/><D66/><U73/><E73/><V135/><F135/><W32/><G32/><T110/><D110/><U50/><E50/><V13/><F17/><W99/><G99/><T132/><D132/><U93/><E35/><V118/><F118/><W0/><G0/><T117/><D117/><U28/><E28/><V18/><F18/><W109/><G109/><T130/><D130/><U91/><E24/><V72/><F72/><W85/><G85/><T78/><D78/><U98/><E93/><V61/><F76/><W58/><G58/><T87/><D96/><AGARI ba="1,0" hai="40,44,47,48,51,55,82,83,88,91,92,94,96,98" machi="96" ten="30,11600,0" yaku="7,1,9,1,8,1,54,1" doraHai="124" who="1" fromWho="0" sc="122,-119,269,119,270,0,339,0" /><INIT seed="5,2,0,5,2,123" ten="3,388,270,339" oya="1" hai0="99,50,2,28,135,49,70,16,125,104,20,19,63" hai1="110,130,116,115,29,96,38,32,68,8,9,94,133" hai2="98,62,118,97,53,106,79,65,43,61,48,129,85" hai3="64,37,122,46,60,86,100,44,103,105,13,11,7"/><U66/><E116/><V124/><F118/><W59/><G122/><T0/><D125/><U36/><E130/><V14/><F129/><W40/><G105/><T24/><D135/><U83/><E115/><V128/><F128/><W57/><G86/><T75/><D75/><U26/><E133/><V112/><F112/><W58/><REACH who="3" step="1"/><G46/><REACH who="3" ten="3,388,270,329" step="2"/><T107/><D104/><U74/><E74/><V117/><F106/><W108/><G108/><T126/><D107/><U69/><E110/><V88/><F117/><W30/><G30/><T92/><D28/><U3/><E29/><V42/><F124/><W33/><G33/><T39/><D126/><U51/><E32/><V17/><F79/><W47/><G47/><T1/><D99/><U80/><E96/><V109/><F109/><W55/><G55/><T101/><D101/><AGARI ba="2,1" hai="7,11,13,37,40,44,57,58,59,60,64,100,101,103" machi="101" ten="40,1300,0" yaku="1,1,53,0" doraHai="123" doraHaiUra="67" who="3" fromWho="0" sc="3,-19,388,0,270,0,329,29" owari="-16,-52.0,388,49.0,270,-13.0,358,16.0" /></mjloggm>