<mjloggm ver="2.3"><GO type="97" lobby="0"/><UN n0="%E5%98%98%E3%81%AF%E7%BD%AA" n1="%42%4F%45" n2="%6F%67%61%31%30%38" n3="%E3%82%A6%E3%83%AB%E3%83%88%E3%83%A9%E7%AB%8B%E7%9B%B4" dan="14,13,14,15" rate="1985.42,1881.36,1935.43,1964.42" sx="M,M,M,M"/><TAIKYOKU oya="0"/><INIT seed="0,0,0,0,4,78" ten="250,250,250,250" oya="0" hai0="22,61,105,111,65,43,117,34,109,18,89,33,32" hai1="54,3,121,116,130,131,12,118,53,28,107,7,62" hai2="76,9,17,16,124,84,58,40,31,29,125,66,44" hai3="81,23,26,91,8,98,133,30,114,41,123,113,15"/><T104/><D117/><N who="1" m="45163" /><E107/><V73/><F73/><W88/><G133/><T39/><D89/><U24/><E3/><V27/><F66/><W75/><G123/><T35/><N who="0" m="8192" /><DORA hai="47" /><T71/><D43/><U106/><E106/><V134/><F134/><W77/><G41/><T94/><D94/><U92/><E121/><V83/><F58/><W100/><G113/><T56/><D39/><U46/><E24/><V135/><F135/><W74/><G74/><T21/><D21/><U20/><E92/><V57/><F57/><W80/><G114/><T132/><D132/><U49/><E28/><N who="2" m="10827" /><F27/><W10/><G10/><T85/><D85/><U25/><E25/><V86/><F86/><W13/><G13/><N who="0" m="9551" /><D71/><U1/><E1/><V59/><F59/><W2/><G2/><T60/><D60/><U72/><E72/><V96/><F96/><W37/><G37/><T120/><D120/><U112/><E112/><V67/><F67/><W128/><G75/><T99/><D99/><U95/><E95/><V14/><F17/><W101/><G98/><T129/><D129/><N who="1" m="49163" /><E20/><V93/><F93/><W6/><G128/><T122/><D122/><U115/><E115/><V51/><F125/><W82/><G77/><T103/><D103/><AGARI ba="0,0" hai="6,8,15,23,26,30,80,81,82,88,91,100,101,103" machi="103" ten="40,8000,1" yaku="8,1,52,3,54,1" doraHai="78,47" who="3" fromWho="0" sc="250,-80,250,0,250,0,250,80" /><INIT seed="1,0,0,0,1,77" ten="170,250,250,330" oya="1" hai0="106,51,124,126,118,62,58,27,49,23,69,29,68" hai1="133,30,123,130,13,20,108,14,8,18,93,46,87" hai2="70,99,109,65,53,47,57,84,125,112,3,100,26" hai3="92,32,31,120,40,117,135,6,98,72,76,127,64"/><U60/><E123/><V81/><F109/><W101/><G120/><T45/><D106/><U44/><E108/><V113/><F3/><W105/><G127/><N who="0" m="48683" /><D118/><U110/><E110/><V83/><F125/><W5/><G135/><T9/><D9/><U115/><E115/><N who="2" m="44107" /><F84/><W89/><G40/><N who="0" m="24743" /><D51/><U97/><E133/><V82/><F26/><W50/><G50/><T38/><D38/><U71/><E130/><V7/><F7/><W121/><G121/><T91/><D91/><U95/><E71/><V41/><F70/><W52/><G52/><AGARI ba="0,0" hai="23,27,29,52,58,62,68,69" m="24743,48683" machi="52" ten="30,2000,0" yaku="18,1,54,1" doraHai="77" who="0" fromWho="3" sc="170,20,250,0,250,0,330,-20" /><INIT seed="2,0,0,0,5,1" ten="190,250,250,310" oya="2" hai0="50,31,96,76,23,8,72,91,24,27,16,59,63" hai1="99,34,66,5,102,38,17,103,36,68,0,65,14" hai2="75,77,128,93,134,84,54,44,70,133,35,123,13" hai3="26,105,20,131,82,107,81,104,45,92,78,125,115"/><V7/><F128/><W41/><G125/><T71/><D71/><U86/><E34/><V3/><F123/><W118/><G118/><T94/><D72/><U97/><E86/><V22/><F70/><W79/><G131/><T33/><D76/><U117/><E17/><V83/><F35/><W121/><G121/><T9/><REACH who="0" step="1"/><D50/><REACH who="0" ten="180,250,250,310" step="2"/><U25/><E117/><V127/><F127/><W32/><G79/><T129/><D129/><U47/><E68/><V52/><F75/><W85/><G78/><T48/><D48/><U109/><E36/><V15/><F133/><W28/><G115/><T110/><D110/><U73/><E109/><V119/><F134/><W112/><G112/><T12/><D12/><U21/><E73/><V74/><F3/><W101/><G32/><T95/><D95/><U62/><E14/><V89/><F119/><W10/><G92/><T113/><D113/><U132/><E132/><V39/><F15/><W11/><G105/><T40/><D40/><U6/><E0/><V64/><F74/><W135/><G41/><T30/><D30/><U19/><E62/><V67/><F39/><W56/><G28/><T46/><D46/><U120/><E120/><V98/><F44/><W100/><G45/><T61/><D61/><U130/><E47/><V29/><F29/><W87/><G135/><T4/><D4/><N who="1" m="1643" /><E38/><V106/><F106/><W37/><G37/><T18/><D18/><U60/><E130/><V42/><F42/><W57/><G26/><T90/><D90/><U122/><E60/><V108/><F108/><W126/><G126/><T114/><D114/><RYUUKYOKU ba="0,1" sc="180,15,250,-15,250,-15,310,15" hai0="8,9,16,23,24,27,31,33,59,63,91,94,96" hai3="10,11,20,56,57,81,82,85,87,100,101,104,107" /><INIT seed="3,1,1,2,0,126" ten="195,235,235,325" oya="3" hai0="115,17,55,23,79,33,7,39,71,46,78,0,52" hai1="57,93,123,20,133,129,105,1,96,80,90,16,116" hai2="127,43,92,86,117,88,26,24,122,42,67,35,63" hai3="68,120,41,70,12,98,64,61,94,29,60,113,72"/><W28/><G72/><T118/><D118/><U95/><E123/><V62/><F117/><W48/><G120/><T40/><D71/><U8/><E116/><V114/><F114/><W2/><G2/><T85/><D115/><U131/><E105/><V75/><F75/><W97/><G97/><T124/><D124/><U37/><E37/><V99/><F127/><W15/><G15/><T132/><D132/><U49/><E133/><V82/><F122/><W74/><G74/><T6/><D33/><U103/><E80/><V119/><F119/><W21/><G48/><T83/><D79/><U34/><E34/><V69/><F63/><W27/><G41/><T104/><D104/><U25/><E8/><V91/><REACH who="2" step="1"/><F24/><REACH who="2" ten="195,235,225,325" step="2"/><N who="3" m="16399" /><G61/><T107/><D107/><U130/><E1/><V56/><F56/><W134/><G60/><T53/><REACH who="0" step="1"/><D0/><REACH who="0" ten="185,235,225,325" step="2"/><U10/><E57/><V13/><F13/><AGARI ba="1,3" hai="6,7,13,17,23,39,40,46,52,53,55,78,83,85" machi="13" ten="40,5200,0" yaku="1,1,2,1,54,1,53,0" doraHai="126" doraHaiUra="87" who="0" fromWho="2" sc="185,85,235,0,225,-55,325,0" owari="270,7.0,235,-16.0,170,-33.0,325,42.0" /></mjloggm>