<mjloggm ver="2.3"><GO type="97" lobby="0"/><UN n0="%E3%81%84%E3%81%BE%E3%82%A4%E3%83%81" n1="%E3%82%A6%E3%83%AB%E3%83%88%E3%83%A9%E7%AB%8B%E7%9B%B4" n2="%38%32%31%73%68%69%6E" n3="%62%69%63%79%63%6C%65%42" dan="15,15,14,14" rate="1993.51,1982.39,1940.47,1872.53" sx="M,M,M,M"/><TAIKYOKU oya="0"/><INIT seed="0,0,0,4,5,60" ten="250,250,250,250" oya="0" hai0="25,0,121,53,35,13,135,48,85,129,116,46,97" hai1="83,127,100,38,108,6,62,124,2,111,95,66,84" hai2="49,120,47,117,34,96,89,88,29,81,113,28,33" hai3="101,39,114,87,93,70,15,16,91,109,65,119,23"/><T26/><D0/><U67/><E38/><V71/><F71/><W126/><G119/><T107/><D116/><U22/><E6/><V99/><F117/><W73/><G114/><T102/><D121/><U42/><E42/><V52/><F120/><W105/><G39/><T103/><D129/><U4/><E4/><V10/><F113/><W27/><G126/><N who="1" m="48170" /><E2/><V118/><F118/><W61/><G109/><N who="1" m="42058" /><E62/><V5/><F34/><W92/><G73/><T57/><D135/><U41/><E41/><V130/><F130/><W21/><G105/><T55/><D35/><U104/><E104/><V72/><F33/><W14/><G101/><T82/><D103/><U9/><E9/><V19/><F72/><W112/><G112/><T20/><D13/><U69/><E69/><V8/><F8/><W86/><G23/><T30/><D25/><U40/><E40/><V123/><F123/><W63/><G63/><T78/><REACH who="0" step="1"/><D55/><REACH who="0" ten="240,250,250,250" step="2"/><U32/><E32/><V128/><F128/><W1/><REACH who="3" step="1"/><G1/><REACH who="3" ten="240,250,250,240" step="2"/><T7/><D7/><U79/><E22/><V44/><F5/><W131/><G131/><T37/><D37/><U36/><E36/><V24/><F10/><W94/><G94/><T98/><D98/><AGARI ba="0,2" hai="66,67,79,83,84,95,98,100" m="42058,48170" machi="98" ten="30,7700,0" yaku="18,1,14,1,52,2" doraHai="60" who="1" fromWho="0" sc="240,-77,250,97,250,0,240,0" /><INIT seed="1,0,0,1,4,71" ten="163,347,250,240" oya="1" hai0="90,72,88,126,101,66,110,104,33,70,8,7,117" hai1="96,41,25,64,35,0,16,11,80,79,81,5,17" hai2="127,1,82,76,9,93,65,112,106,50,67,135,123" hai3="58,118,132,69,48,34,44,20,46,99,102,18,15"/><U120/><E120/><V124/><F123/><W125/><G34/><T92/><D117/><U27/><E80/><V43/><F112/><W3/><G3/><T128/><D72/><U98/><E64/><V21/><F106/><W134/><G69/><T114/><D114/><U42/><E98/><V73/><F135/><W14/><G118/><T89/><D33/><U74/><E96/><V39/><F93/><W86/><G125/><N who="2" m="48201" /><F50/><W91/><G14/><T97/><D126/><U29/><E27/><V62/><F21/><W121/><G121/><T24/><D24/><U108/><E108/><V107/><F107/><W105/><G58/><T51/><D51/><U4/><E4/><N who="2" m="1167" /><F62/><W109/><G109/><T10/><D104/><U111/><E111/><V47/><AGARI ba="0,0" hai="39,43,47,65,67,73,76,82" m="1167,48201" machi="47" ten="30,4000,0" yaku="25,1,18,1,52,1" doraHai="71" who="2" fromWho="2" sc="163,-10,347,-20,250,40,240,-10" /><INIT seed="2,0,0,3,2,101" ten="153,327,290,230" oya="2" hai0="47,13,99,4,3,82,63,76,121,88,77,113,59" hai1="87,104,51,18,23,85,89,34,109,132,105,83,98" hai2="15,81,50,119,8,39,32,49,30,135,43,9,40" hai3="126,33,24,133,91,54,92,127,64,22,74,102,118"/><V0/><F135/><W12/><G74/><T67/><D113/><U79/><E34/><V122/><F119/><W86/><G118/><T20/><D3/><U11/><E132/><V72/><F122/><W31/><G133/><T36/><D121/><U53/><E11/><V26/><F0/><W57/><G64/><T71/><D71/><U70/><E98/><V58/><F9/><W28/><G102/><T90/><D99/><U131/><E70/><V66/><F39/><W68/><G68/><T117/><D117/><U35/><E35/><V115/><F115/><W56/><G56/><T19/><D4/><U6/><E6/><V108/><F108/><W62/><G31/><T21/><D76/><U14/><E131/><V65/><F72/><W120/><G120/><T17/><D47/><U123/><E109/><V1/><F1/><W84/><G84/><T2/><D36/><U41/><E41/><V106/><F106/><W55/><G55/><T100/><D100/><U61/><E61/><V52/><F49/><W44/><G44/><T37/><D37/><U107/><E123/><V93/><F81/><W95/><G95/><T112/><D2/><U38/><E38/><V116/><F93/><W16/><AGARI ba="0,0" hai="12,16,22,24,28,33,54,57,62,86,91,92,126,127" machi="16" ten="30,2000,0" yaku="0,1,54,1" doraHai="101" who="3" fromWho="3" sc="153,-5,327,-5,290,-10,230,20" /><INIT seed="3,0,0,2,2,114" ten="148,322,280,250" oya="3" hai0="63,41,91,39,37,134,123,55,133,90,78,13,69" hai1="3,26,108,135,130,5,33,109,71,76,21,15,105" hai2="104,121,16,50,23,54,52,61,106,85,120,96,107" hai3="89,116,87,31,125,32,88,81,53,8,132,82,124"/><W58/><G132/><N who="0" m="50795" /><D78/><U47/><E71/><V100/><F85/><N who="3" m="50223" /><G8/><T43/><D13/><U6/><E105/><V45/><F61/><N who="3" m="36047" /><G32/><T17/><D17/><U131/><E76/><V68/><F68/><W74/><G74/><T83/><D83/><U48/><E135/><V84/><F84/><W42/><G42/><N who="0" m="15883" /><D90/><U115/><E33/><V11/><F11/><W9/><G9/><T99/><D91/><U75/><E75/><V18/><F54/><W56/><G56/><T113/><D99/><U40/><E6/><V25/><REACH who="2" step="1"/><F18/><REACH who="2" ten="148,322,270,250" step="2"/><W59/><G31/><T112/><D123/><AGARI ba="0,1" hai="16,23,25,45,50,52,96,100,104,106,107,120,121,123" machi="123" ten="40,12000,2" yaku="1,1,2,1,13,1,54,2,53,1" doraHai="114" doraHaiUra="46" who="2" fromWho="0" sc="148,-120,322,0,270,130,250,0" owari="28,-47.0,322,12.0,400,50.0,250,-15.0" /></mjloggm>