<mjloggm ver="2.3"><GO type="169" lobby="0"/><UN n0="%E3%82%AB%E3%83%AA%E3%82%B9%E3%83%9E%E2%91%A8" n1="%E5%AD%90%E4%BE%9B%E4%BC%9A%E5%93%A1" n2="%E3%83%9A%E3%83%81%E3%83%A7%E3%83%BC%E3%83%AA%E3%83%B3" n3="%EF%BC%88%E2%89%A7%E2%96%BD%E2%89%A6%EF%BC%89" dan="16,16,17,19" rate="2060.33,2103.04,2154.81,2252.04" sx="F,M,M,M"/><TAIKYOKU oya="0"/><INIT seed="0,0,0,0,4,48" ten="250,250,250,250" oya="0" hai0="92,84,85,81,108,47,88,52,54,79,8,134,41" hai1="7,94,66,102,49,90,36,39,78,38,2,74,80" hai2="23,117,107,63,56,34,135,83,101,121,30,95,20" hai3="14,71,116,69,128,123,61,70,77,126,109,9,11"/><T57/><D134/><U73/><E102/><V104/><F121/><W100/><G116/><T44/><D108/><U119/><E119/><V21/><F117/><W99/><G123/><T55/><D41/><U15/><E66/><V82/><F135/><W133/><G133/><T26/><D26/><U58/><E2/><V18/><F107/><W5/><G109/><T130/><D130/><U33/><E33/><V59/><F104/><W24/><G77/><T76/><D76/><U35/><E35/><V124/><F124/><W75/><G75/><T110/><D110/><U6/><E74/><V53/><F34/><W27/><G126/><T51/><D8/><U72/><E72/><V1/><F1/><W46/><G128/><T50/><D55/><U129/><E129/><V118/><F118/><W86/><G86/><T60/><D60/><U42/><E15/><V120/><F120/><W64/><G9/><T10/><D10/><U89/><E89/><V106/><F106/><W98/><G46/><AGARI ba="0,0" hai="44,46,47,50,51,52,54,57,79,81,84,85,88,92" machi="46" ten="30,18000,2" yaku="7,1,8,1,52,2,54,2" doraHai="48" who="0" fromWho="3" sc="250,180,250,0,250,0,250,-180" /><INIT seed="0,1,0,0,1,65" ten="430,250,250,70" oya="0" hai0="96,132,60,83,82,27,121,6,58,51,35,17,43" hai1="33,104,61,32,56,55,38,31,94,57,79,72,28" hai2="9,44,49,41,21,13,7,86,14,76,73,130,111" hai3="47,26,135,93,71,77,50,68,16,23,116,75,11"/><T3/><D121/><U81/><E38/><V103/><F111/><W89/><G116/><T114/><D114/><U84/><E104/><V0/><F130/><W39/><G39/><T70/><D132/><U36/><E36/><V30/><F73/><W80/><G11/><T109/><D109/><U85/><E72/><V20/><F103/><W2/><G2/><T67/><D6/><U69/><E69/><V129/><F129/><W108/><G135/><T42/><D3/><U63/><E33/><V40/><F40/><W64/><G64/><T18/><D96/><U118/><E32/><V45/><F45/><W133/><G108/><T117/><D117/><U112/><E118/><V15/><F30/><W105/><G105/><T48/><D35/><U24/><E24/><V19/><F21/><W95/><G133/><T90/><D70/><U119/><E112/><V131/><F131/><W10/><G10/><T62/><D27/><U87/><E119/><V34/><F34/><W29/><G95/><T128/><D128/><U37/><E37/><V12/><F0/><W78/><G78/><T125/><D67/><N who="1" m="39335" /><E87/><V123/><F123/><W5/><G29/><T124/><D58/><U98/><E85/><V134/><F134/><W126/><G5/><T107/><D107/><U54/><E54/><V127/><F127/><W46/><G126/><T99/><D99/><U113/><E113/><V8/><F9/><W91/><G47/><T88/><AGARI ba="1,0" hai="17,18,42,43,48,51,60,62,82,83,88,90,124,125" machi="88" ten="25,9600,0" yaku="0,1,22,2,54,1" doraHai="65" who="0" fromWho="0" sc="430,99,250,-33,250,-33,70,-33" /><INIT seed="0,2,0,3,4,19" ten="529,217,217,37" oya="0" hai0="73,1,14,127,33,106,123,16,135,80,63,71,122" hai1="89,130,107,48,0,95,90,54,115,116,118,67,12" hai2="23,94,28,3,101,84,117,24,2,53,41,100,114" hai3="10,110,98,124,86,36,11,78,128,6,97,22,129"/><T43/><D106/><U134/><E0/><V60/><F114/><W15/><G36/><T13/><D33/><U8/><E107/><V68/><F117/><W35/><G35/><T131/><D1/><U133/><E67/><V5/><F41/><W57/><G124/><T18/><D43/><U26/><E26/><V21/><F3/><W34/><G34/><T92/><D92/><U4/><E130/><N who="3" m="50282" /><G110/><T87/><D131/><U126/><E126/><V75/><F75/><W56/><G10/><T93/><D73/><U52/><E115/><V39/><F39/><W27/><G78/><T47/><D93/><U108/><E108/><V25/><F5/><W125/><G86/><T112/><D87/><N who="1" m="52671" /><E90/><N who="2" m="53575" /><F68/><W64/><G125/><T70/><D70/><U111/><E111/><V120/><F120/><W109/><G109/><T65/><D71/><U79/><E79/><V30/><F2/><W105/><G105/><T42/><D122/><U121/><E121/><V74/><F74/><W50/><G64/><T7/><D65/><U61/><E118/><V55/><F60/><W72/><G72/><T20/><D123/><U132/><E116/><V88/><F88/><W46/><G98/><T119/><D127/><U91/><E91/><V62/><F62/><W103/><G97/><T96/><D96/><U104/><E104/><V81/><F81/><W66/><G66/><T40/><D112/><U99/><E99/><V83/><F83/><W37/><G37/><T45/><D80/><U9/><E61/><V85/><F85/><W17/><G103/><AGARI ba="2,0" hai="21,23,24,25,28,30,53,55,100,101,103" m="53575" machi="103" ten="30,3900,0" yaku="8,1,52,2" doraHai="19" who="2" fromWho="3" sc="529,0,217,0,217,45,37,-45" owari="529,63.0,217,-18.0,262,6.0,-8,-51.0" /></mjloggm>