<mjloggm ver="2.3"><GO type="169" lobby="0"/><UN n0="%E3%82%A6%E3%83%AB%E3%83%88%E3%83%A9%E7%AB%8B%E7%9B%B4" n1="%E6%9E%9D%E8%B1%86%E3%82%AB%E3%83%AC%E3%83%BC%E7%94%98%E5%8F%A3" n2="%73%65%61%73%75%69" n3="%79%69%6E%6E%65%72%30%36" dan="16,17,16,18" rate="2049.64,2178.97,2091.38,2200.76" sx="M,F,M,M"/><TAIKYOKU oya="0"/><INIT seed="0,0,0,0,2,27" ten="250,250,250,250" oya="0" hai0="0,40,23,84,92,11,13,61,88,37,97,35,80" hai1="131,66,124,129,91,54,6,28,74,5,8,39,24" hai2="132,20,120,16,105,9,133,51,79,71,81,111,94" hai3="99,127,109,73,75,118,69,98,82,60,41,46,121"/><T19/><D35/><U110/><E110/><V122/><F105/><W7/><G118/><T116/><D116/><U86/><E124/><V29/><F71/><W78/><G109/><T96/><D40/><U52/><E74/><V134/><F111/><W89/><G73/><T108/><D37/><U12/><E39/><V100/><F51/><W68/><G127/><T125/><D125/><U14/><E66/><V53/><F53/><W30/><G7/><T117/><D117/><U67/><E67/><V95/><F9/><W3/><G3/><T18/><D108/><U33/><E14/><N who="2" m="9239" /><F29/><W55/><G30/><T128/><D0/><U130/><REACH who="1" step="1"/><E5/><REACH who="1" ten="250,240,250,250" step="2"/><V77/><F134/><W32/><G75/><T17/><D128/><U36/><E36/><V34/><F133/><W62/><G121/><T103/><D11/><U93/><AGARI ba="0,1" hai="6,8,12,24,28,33,52,54,86,91,93,129,130,131" machi="93" ten="30,12000,2" yaku="1,1,0,1,19,1,52,1,54,1,53,2" doraHai="27" doraHaiUra="49" who="1" fromWho="1" sc="250,-60,240,130,250,-30,250,-30" /><INIT seed="1,0,0,4,4,44" ten="190,370,220,220" oya="1" hai0="26,51,87,128,115,81,102,93,4,88,28,96,54" hai1="11,41,17,5,84,33,116,79,130,94,62,121,134" hai2="57,39,67,43,99,98,89,50,14,32,37,80,125" hai3="135,12,24,66,18,131,105,109,91,95,110,103,122"/><U40/><E134/><V65/><F125/><W90/><G135/><T15/><D128/><U31/><E130/><V47/><F32/><W13/><G131/><T127/><D127/><U30/><E121/><V29/><F29/><W10/><G122/><T113/><D15/><U52/><E116/><V42/><F39/><W36/><G36/><T123/><D4/><U0/><E31/><V34/><F34/><W108/><G66/><N who="2" m="25097" /><F37/><W76/><G76/><T77/><D123/><U6/><E6/><V70/><F70/><W129/><G129/><T124/><D124/><U120/><E120/><V106/><F106/><W49/><G24/><T114/><D26/><U68/><E68/><V63/><F43/><W132/><G132/><T53/><D28/><U119/><E119/><V86/><F14/><W101/><G13/><T60/><D60/><U73/><E73/><V74/><F74/><W48/><G91/><T75/><REACH who="0" step="1"/><D51/><REACH who="0" ten="180,370,220,220" step="2"/><N who="3" m="19529" /><G105/><AGARI ba="0,1" hai="53,54,75,77,81,87,88,93,96,102,105,113,114,115" machi="105" ten="40,12000,2" yaku="1,1,24,2,54,1,53,3" doraHai="44" doraHaiUra="111" who="0" fromWho="3" sc="180,130,370,0,220,0,220,-120" /><INIT seed="2,0,0,5,5,23" ten="310,370,220,100" oya="2" hai0="43,8,22,116,114,46,30,51,26,129,120,97,81" hai1="95,92,84,73,89,111,15,58,69,65,115,29,78" hai2="11,75,98,21,117,2,132,87,24,103,4,123,44" hai3="131,82,119,53,124,33,94,67,76,37,83,104,105"/><V55/><F123/><W3/><G33/><T31/><D120/><U128/><E128/><V13/><F75/><W56/><G3/><T19/><D114/><U112/><E69/><V126/><F132/><W74/><G119/><T64/><D129/><U101/><E15/><V91/><F126/><W113/><G113/><T85/><D116/><U25/><E111/><V17/><F117/><W99/><G124/><T72/><D72/><U109/><E109/><V66/><F66/><W50/><G131/><T90/><D64/><U36/><E36/><V135/><F135/><W106/><G37/><T59/><D59/><U42/><E42/><V5/><F2/><W6/><G6/><T35/><D35/><U38/><E38/><V9/><F9/><W79/><G67/><T88/><D8/><U107/><E58/><V127/><F127/><W122/><G122/><T70/><D70/><U45/><E45/><V27/><F98/><W52/><G53/><T118/><D118/><U62/><E65/><V39/><F103/><W49/><G49/><T32/><D32/><N who="1" m="20527" /><E62/><V48/><F39/><W77/><REACH who="3" step="1"/><G74/><REACH who="3" ten="310,370,220,90" step="2"/><T0/><D0/><U20/><E73/><V121/><F121/><W133/><G133/><T125/><D125/><U61/><E115/><V80/><F21/><W96/><G96/><T14/><D97/><U71/><E20/><V16/><F5/><W54/><G54/><T28/><D14/><U40/><E112/><V10/><F10/><W12/><G12/><T130/><D130/><U68/><E61/><V18/><AGARI ba="0,1" hai="4,11,13,16,17,18,24,27,44,48,55,80,87,91" machi="18" ten="30,12000,1" yaku="0,1,8,1,52,2,54,1" doraHai="23" who="2" fromWho="2" sc="310,-40,370,-40,220,130,90,-40" /><INIT seed="2,1,0,4,0,46" ten="270,330,350,50" oya="2" hai0="104,126,20,102,96,114,110,105,94,34,55,48,1" hai1="121,51,39,25,127,6,7,91,106,84,54,36,90" hai2="72,57,35,71,68,124,107,47,5,97,120,117,93" hai3="38,8,113,11,4,18,17,125,2,74,65,62,131"/><V123/><F107/><W49/><G38/><T40/><D34/><U37/><E127/><V75/><F124/><W89/><G131/><T80/><D1/><U24/><E106/><V14/><F35/><W12/><G125/><T45/><D126/><U30/><E121/><V69/><F117/><W112/><G74/><T98/><D114/><N who="3" m="44137" /><G89/><T103/><D110/><U64/><E64/><V59/><F47/><W60/><G18/><T76/><D20/><U58/><E90/><V0/><F0/><W83/><G83/><T82/><D94/><U10/><E10/><V92/><F14/><W116/><G116/><T79/><D80/><U23/><REACH who="1" step="1"/><E25/><REACH who="1" ten="270,320,350,50" step="2"/><V122/><F5/><W128/><G128/><T85/><REACH who="0" step="1"/><D76/><REACH who="0" ten="260,320,350,50" step="2"/><U78/><E78/><V26/><F26/><W32/><G32/><T73/><D73/><U129/><E129/><V13/><F13/><W67/><G67/><T29/><D29/><U130/><E130/><V27/><F27/><W9/><G65/><T108/><D108/><U111/><E111/><V81/><F81/><AGARI ba="1,2" hai="6,7,23,24,30,36,37,39,51,54,58,81,84,91" machi="81" ten="40,8000,1" yaku="1,1,52,1,53,3" doraHai="46" doraHaiUra="70" who="1" fromWho="2" sc="260,0,320,103,350,-83,50,0" /><INIT seed="3,0,0,2,1,16" ten="260,423,267,50" oya="3" hai0="9,82,28,108,118,105,65,95,71,134,31,4,107" hai1="113,86,49,75,20,87,11,3,51,48,35,122,40" hai2="44,38,12,123,7,77,25,127,129,109,72,81,6" hai3="36,92,120,119,26,46,130,59,116,103,57,62,55"/><W68/><G103/><T37/><D37/><U66/><E35/><V23/><F109/><W22/><G120/><T90/><D118/><U74/><E113/><V94/><F123/><W115/><G115/><T128/><D65/><U45/><E66/><V41/><F129/><W117/><G130/><T53/><D71/><U56/><E56/><V14/><F127/><W0/><G0/><T91/><D9/><U111/><E111/><V39/><F39/><W84/><G68/><T131/><D4/><U97/><E97/><V104/><F104/><W73/><G73/><T106/><D53/><U133/><E133/><V50/><F38/><W33/><G33/><T52/><D106/><U13/><E3/><V112/><F112/><W19/><G59/><T8/><D8/><U43/><E11/><V30/><F7/><W64/><G36/><T34/><D34/><U69/><E69/><V100/><F6/><W114/><G114/><T15/><D108/><U58/><E58/><V2/><F2/><W32/><G32/><T47/><D107/><U101/><E51/><V5/><F5/><W10/><G10/><T85/><D105/><U125/><E122/><V67/><F67/><W42/><G42/><T76/><D134/><U54/><E43/><V80/><F80/><W79/><G46/><T60/><D47/><U110/><E45/><V102/><F100/><W61/><G61/><T89/><D60/><U121/><E101/><V1/><F1/><W124/><G124/><T98/><D128/><U99/><E125/><V17/><F30/><N who="0" m="11306" /><D131/><U27/><E110/><V132/><F132/><RYUUKYOKU ba="0,0" sc="260,-10,423,-10,267,30,50,-10" hai2="12,14,17,23,25,41,44,50,72,77,81,94,102" /><INIT seed="4,1,0,5,1,10" ten="250,413,297,40" oya="0" hai0="19,42,41,27,29,17,108,78,70,73,82,36,106" hai1="53,69,65,93,45,60,23,81,84,76,46,8,104" hai2="99,68,1,44,2,6,28,119,101,58,38,33,32" hai3="90,127,123,9,48,72,92,129,13,18,95,34,67"/><T30/><D70/><U64/><E104/><V74/><F74/><W134/><G134/><T71/><D71/><U52/><E65/><V43/><F68/><W54/><G129/><T16/><D106/><U25/><E45/><V122/><F122/><W107/><G107/><T31/><D108/><U132/><E132/><V0/><F119/><W87/><G127/><T40/><REACH who="0" step="1"/><D36/><REACH who="0" ten="240,413,297,40" step="2"/><U12/><E69/><V130/><F130/><W80/><G123/><T125/><D125/><U59/><E46/><V109/><F109/><W131/><G131/><T98/><D98/><U35/><E35/><AGARI ba="1,1" hai="16,17,19,27,29,30,31,35,40,41,42,73,78,82" machi="35" ten="40,3900,0" yaku="1,1,54,1,53,0" doraHai="10" doraHaiUra="57" who="0" fromWho="1" sc="240,52,413,-42,297,0,40,0" /><INIT seed="4,2,0,3,1,84" ten="292,371,297,40" oya="0" hai0="89,71,48,70,109,97,86,73,25,33,50,20,14" hai1="45,44,124,3,36,38,17,13,81,31,119,103,122" hai2="134,2,11,118,51,4,41,60,63,101,15,64,66" hai3="59,32,49,110,61,104,26,78,23,125,72,10,6"/><T85/><D73/><U30/><E3/><V135/><F118/><W91/><G104/><T111/><D14/><U18/><E81/><V105/><F101/><W126/><G110/><N who="0" m="41995" /><D97/><U8/><E103/><V76/><F76/><W98/><G32/><T22/><D33/><U62/><E62/><N who="2" m="23595" /><F105/><W37/><G37/><T80/><D86/><U107/><E124/><V7/><F41/><W82/><G49/><N who="0" m="19051" /><D22/><U96/><E96/><V67/><F51/><W116/><G116/><T47/><D47/><U58/><E18/><AGARI ba="2,0" hai="18,20,25,70,71,80,85,89" m="19051,41995" machi="18" ten="30,2900,0" yaku="10,1,52,1" doraHai="84" who="0" fromWho="1" sc="292,35,371,-35,297,0,40,0" /><INIT seed="4,3,0,3,1,55" ten="327,336,297,40" oya="0" hai0="85,48,111,135,27,0,5,37,14,129,49,20,86" hai1="4,50,80,23,127,51,130,17,33,96,109,117,81" hai2="72,107,29,59,113,3,120,8,97,18,98,134,128" hai3="92,84,75,21,69,39,132,126,25,26,9,68,76"/><T53/><D37/><U43/><E130/><V115/><F120/><W106/><G106/><T64/><D0/><U1/><E127/><V57/><F128/><W56/><G39/><T87/><D129/><U61/><E33/><V44/><F29/><W7/><G132/><T83/><D64/><U13/><E109/><V77/><F134/><W32/><G32/><T116/><D116/><U70/><E117/><V112/><F44/><W88/><G126/><T52/><D135/><U90/><E4/><V114/><F112/><W78/><G26/><T73/><D73/><U30/><E30/><V40/><F40/><W66/><G69/><T67/><D67/><U118/><E1/><V34/><F34/><W15/><G68/><T82/><D111/><U6/><E6/><V45/><F45/><W133/><G75/><T63/><D63/><U122/><E122/><V91/><F77/><W104/><G104/><T42/><D42/><U121/><E121/><V28/><F28/><N who="3" m="17455" /><G133/><T124/><D124/><U16/><E43/><V10/><F72/><W71/><G71/><T94/><D27/><U119/><E119/><V11/><F3/><W12/><G12/><T101/><D14/><U58/><E70/><V93/><F18/><W95/><G95/><T105/><D105/><U60/><E17/><V2/><F2/><W41/><G41/><T62/><D5/><U108/><E108/><V65/><F65/><W110/><G110/><T22/><D94/><N who="1" m="56407" /><E118/><V131/><F131/><W36/><G36/><T54/><D48/><N who="1" m="18475" /><E60/><AGARI ba="3,0" hai="7,9,15,56,60,66,76,78,84,88,92" m="17455" machi="60" ten="30,3900,0" yaku="8,1,52,1,54,1" doraHai="55" who="3" fromWho="1" sc="327,0,336,-48,297,0,40,48" /><INIT seed="5,0,0,4,1,107" ten="327,288,297,88" oya="1" hai0="132,78,92,128,122,114,94,99,35,93,127,72,54" hai1="12,55,5,45,64,130,77,131,125,60,51,84,58" hai2="16,103,52,109,73,41,76,47,27,115,79,17,106" hai3="88,67,101,50,119,26,100,112,32,7,121,9,116"/><U23/><E125/><V68/><F109/><W19/><G121/><T13/><D35/><U6/><E77/><V34/><F68/><W62/><G112/><T1/><D1/><U135/><E135/><V126/><F115/><W104/><G50/><T4/><D114/><U74/><E74/><V61/><F126/><W30/><G19/><T66/><D66/><U63/><E84/><V21/><F34/><W29/><G29/><T24/><D24/><U70/><E23/><V42/><F106/><W39/><G39/><T129/><D127/><U65/><REACH who="1" step="1"/><E12/><REACH who="1" ten="327,278,297,88" step="2"/><V83/><F79/><W56/><G119/><T46/><D72/><U97/><E97/><V43/><F73/><W81/><G116/><T22/><D78/><U71/><E71/><V20/><F76/><W89/><G104/><T69/><D69/><U18/><E18/><V10/><F21/><W98/><G98/><T15/><D132/><U86/><E86/><V28/><F17/><W0/><REACH who="3" step="1"/><G81/><REACH who="3" ten="327,278,297,78" step="2"/><T8/><D99/><U59/><E59/><V102/><F83/><W96/><G96/><T31/><D122/><U11/><E11/><V53/><F10/><W48/><G48/><T133/><D133/><U111/><E111/><V75/><F16/><W3/><G3/><T117/><D117/><U49/><E49/><V85/><F28/><W25/><G25/><N who="0" m="16823" /><D15/><U38/><E38/><V134/><F27/><W82/><G82/><T33/><D33/><U57/><E57/><V80/><F134/><W120/><G120/><T37/><D37/><U108/><E108/><V36/><F80/><W44/><G44/><RYUUKYOKU ba="0,2" sc="327,10,278,10,297,-30,78,10" hai0="4,8,13,46,54,92,93,94,128,129" hai1="5,6,45,51,55,58,60,63,64,65,70,130,131" hai3="0,7,9,26,30,32,56,62,67,88,89,100,101" /><INIT seed="5,1,2,4,2,115" ten="337,288,267,88" oya="1" hai0="0,89,72,122,65,73,33,15,63,17,52,84,44" hai1="55,4,64,16,123,111,45,119,129,78,54,39,77" hai2="48,126,100,23,26,3,59,18,116,85,70,88,57" hai3="1,128,109,131,35,30,132,5,87,118,37,99,112"/><U40/><E123/><V82/><F116/><W93/><G37/><T41/><D33/><U7/><E119/><V127/><F70/><W14/><G109/><T110/><D0/><U29/><E29/><V56/><F100/><W47/><G118/><T133/><D110/><U98/><E111/><V108/><F3/><W12/><G112/><T19/><D19/><U86/><E64/><V9/><F108/><W71/><G71/><T90/><D90/><U25/><E98/><V11/><REACH who="2" step="1"/><F48/><REACH who="2" ten="337,288,257,88" step="2"/><W76/><G128/><T46/><D122/><U134/><E129/><V114/><F114/><W2/><G1/><T66/><D133/><U106/><E134/><V91/><F91/><W61/><G2/><T92/><D73/><U125/><E106/><V94/><F94/><W43/><G131/><T50/><D72/><U130/><E130/><V22/><F22/><W135/><G135/><T53/><D89/><U38/><E39/><V107/><F107/><W24/><G132/><T96/><D92/><U21/><E77/><V124/><AGARI ba="1,3" hai="9,11,18,23,26,56,57,59,82,85,88,124,126,127" machi="124" ten="40,8000,1" yaku="1,1,0,1,18,1,54,1,53,0" doraHai="115" doraHaiUra="31" who="2" fromWho="2" sc="337,-21,288,-41,257,113,88,-21" /><INIT seed="6,0,0,1,4,117" ten="316,247,370,67" oya="2" hai0="27,122,32,120,102,9,93,67,124,21,60,64,37" hai1="116,8,100,125,17,107,36,63,20,133,30,53,7" hai2="88,134,1,25,29,49,80,90,24,69,96,10,55" hai3="79,131,11,112,5,68,121,3,57,33,72,109,39"/><V47/><F134/><W43/><G57/><T28/><D37/><U26/><E133/><V127/><F69/><W71/><G79/><T126/><D32/><U77/><E125/><N who="0" m="48233" /><D9/><U75/><E116/><V85/><F127/><W78/><G109/><T48/><D48/><U12/><E36/><V44/><F1/><W65/><G131/><T13/><D13/><U101/><E107/><V56/><F10/><W98/><G98/><N who="0" m="59727" /><D67/><U61/><E75/><V45/><F29/><W74/><G112/><T129/><D129/><U123/><E77/><V59/><REACH who="2" step="1"/><F56/><AGARI ba="0,0" hai="21,27,28,56,60,64,120,122" m="59727,48233" machi="56" ten="30,7700,0" yaku="25,1,18,1,52,2" doraHai="117" who="0" fromWho="2" sc="316,77,247,0,370,-77,67,0" /><INIT seed="7,0,0,5,4,69" ten="393,247,293,67" oya="3" hai0="87,88,110,3,120,54,62,44,1,104,83,127,109" hai1="90,116,9,25,5,41,47,32,12,8,39,73,66" hai2="132,74,59,2,10,133,135,49,122,82,23,97,106" hai3="30,13,38,48,77,125,113,70,130,124,43,28,34"/><W53/><G70/><T71/><D104/><U31/><E116/><V21/><F122/><W118/><G118/><T37/><D120/><U98/><E66/><V16/><F74/><W14/><G113/><T50/><D3/><U11/><E73/><V65/><F82/><W126/><G130/><T17/><D1/><U95/><E5/><N who="2" m="1335" /><F16/><W56/><G77/><T123/><D123/><U80/><E80/><V93/><F106/><W26/><REACH who="3" step="1"/><G30/><REACH who="3" ten="393,247,293,57" step="2"/><T103/><D71/><U72/><E31/><V134/><F134/><W105/><G105/><T63/><D110/><U52/><E72/><V67/><F135/><W27/><G27/><T45/><D109/><U96/><E25/><V29/><F29/><W119/><G119/><T61/><D127/><U115/><E115/><V24/><F24/><W102/><G102/><T85/><D103/><U100/><E100/><N who="2" m="60463" /><F133/><W42/><G42/><T7/><D88/><U91/><E91/><V51/><F132/><W108/><G108/><T131/><D131/><U68/><E68/><V58/><F23/><W86/><G86/><T112/><D87/><U19/><E98/><V128/><F21/><W40/><G40/><T57/><D85/><U114/><E114/><V64/><F128/><W81/><G81/><T22/><D83/><U60/><E32/><V6/><F6/><W15/><G15/><T92/><D7/><U84/><E96/><V89/><F89/><W76/><G76/><T33/><D33/><U101/><E101/><V78/><F78/><W4/><G4/><T20/><D112/><U46/><E90/><V117/><F117/><RYUUKYOKU ba="0,1" sc="393,-15,247,-15,293,15,57,15" hai2="49,51,58,59,64,65,67" hai3="13,14,26,28,34,38,43,48,53,56,124,125,126" /><INIT seed="7,1,1,0,3,79" ten="378,232,308,72" oya="3" hai0="113,68,129,31,110,101,45,39,46,104,56,83,0" hai1="2,58,106,59,29,41,37,119,57,107,62,130,38" hai2="5,63,40,51,122,90,92,105,69,84,67,10,75" hai3="114,35,133,52,80,123,134,93,20,30,71,9,36"/><W28/><G123/><T98/><D110/><U74/><E2/><V88/><F105/><W118/><G118/><T94/><D0/><U125/><E29/><N who="3" m="11370" /><G71/><T61/><D68/><U17/><E119/><V95/><F75/><W8/><G35/><T78/><D39/><U60/><E74/><V117/><F122/><W44/><G114/><T7/><D7/><U97/><E97/><V65/><F65/><W85/><G93/><T24/><D104/><U55/><E58/><V81/><F117/><W18/><G36/><T23/><D113/><U1/><E1/><V120/><F120/><W12/><G133/><T109/><D109/><U77/><E38/><V47/><REACH who="2" step="1"/><F90/><REACH who="2" ten="378,232,298,72" step="2"/><N who="3" m="51495" /><G134/><T135/><D135/><U111/><E111/><V26/><F26/><W33/><G33/><T32/><D32/><U86/><E107/><V64/><F64/><W100/><G100/><T115/><D115/><U103/><E37/><V13/><AGARI ba="1,2" hai="5,10,13,40,47,51,63,67,69,81,84,88,92,95" machi="13" ten="20,8000,1" yaku="1,1,0,1,7,1,52,1,54,1,53,0" doraHai="79" doraHaiUra="21" who="2" fromWho="2" sc="378,-21,232,-21,298,103,72,-41" owari="357,16.0,211,-19.0,401,50.0,31,-47.0" /></mjloggm>