<mjloggm ver="2.3"><GO type="97" lobby="0"/><UN n0="%E3%83%8D%E3%82%B8%E3%82%AD" n1="%E3%82%B9%E3%83%AA%E3%83%8E%E9%8A%80%E6%AC%A1" n2="%E3%82%A6%E3%83%AB%E3%83%88%E3%83%A9%E7%AB%8B%E7%9B%B4" n3="%E7%A5%9E%E9%BA%BB%E5%97%A3%E5%AD%90" dan="15,13,15,14" rate="1971.22,1940.91,2006.90,1934.38" sx="M,M,M,F"/><TAIKYOKU oya="0"/><INIT seed="0,0,0,1,2,64" ten="250,250,250,250" oya="0" hai0="28,86,13,52,16,125,120,131,80,113,94,99,45" hai1="63,106,27,95,19,7,82,124,103,46,11,81,119" hai2="85,68,41,100,130,59,121,126,43,74,83,53,114" hai3="97,9,135,117,108,54,70,75,18,20,42,61,2"/><T123/><D113/><U36/><E119/><V87/><F74/><W90/><G108/><T110/><D110/><U93/><E106/><V21/><F121/><W37/><G117/><T39/><D28/><U35/><E124/><V92/><F68/><W15/><G75/><T129/><D125/><U107/><E107/><V132/><F130/><N who="0" m="49674" /><D39/><U58/><E35/><V127/><F132/><W3/><G135/><T88/><D45/><U12/><E36/><V89/><F114/><W71/><G42/><T23/><D52/><N who="1" m="34247" /><E46/><V79/><F126/><W66/><G37/><T1/><D1/><U57/><E57/><V33/><F33/><W34/><G34/><T4/><D4/><U38/><E38/><V49/><F127/><W115/><G115/><T109/><D109/><U0/><E0/><V76/><F76/><AGARI ba="0,0" hai="13,16,23,76,80,86,88,94,99,120,123" m="49674" machi="76" ten="30,5800,0" yaku="19,1,54,2" doraHai="64" who="0" fromWho="2" sc="250,58,250,0,250,-58,250,0" /><INIT seed="0,1,0,0,1,131" ten="308,250,192,250" oya="0" hai0="42,36,41,57,122,17,114,26,61,70,23,75,127" hai1="83,44,134,13,63,20,108,45,74,40,128,132,9" hai2="34,87,110,113,121,19,96,107,62,32,29,39,95" hai3="14,117,35,125,33,60,48,27,53,92,10,2,102"/><T15/><D75/><U50/><E128/><V99/><F39/><W25/><G117/><T135/><D70/><U58/><E108/><V109/><F121/><W111/><G2/><T103/><D114/><U94/><E94/><V118/><F113/><W77/><G111/><N who="2" m="42505" /><F118/><W49/><G125/><T93/><D122/><U5/><E20/><V100/><F29/><W90/><G102/><T54/><D127/><U55/><REACH who="1" step="1"/><E45/><REACH who="1" ten="308,240,192,250" step="2"/><V98/><F32/><W119/><G92/><T82/><D93/><U24/><E24/><V115/><F34/><W106/><G25/><T21/><D21/><U4/><E4/><V7/><F7/><W85/><G27/><T112/><D23/><U56/><E56/><V68/><F115/><W18/><G33/><T31/><D112/><U38/><E38/><V6/><F6/><W3/><G35/><T22/><D36/><U78/><AGARI ba="1,1" hai="5,9,13,40,44,50,55,58,63,74,78,83,132,134" machi="78" ten="30,8000,1" yaku="1,1,0,1,52,2,53,1" doraHai="131" doraHaiUra="43" who="1" fromWho="1" sc="308,-41,240,93,192,-21,250,-21" /><INIT seed="1,0,0,0,0,50" ten="267,333,171,229" oya="1" hai0="126,61,59,110,129,112,118,12,85,97,32,42,74" hai1="95,123,25,98,22,17,7,55,47,56,135,111,24" hai2="39,113,132,94,71,15,38,68,64,67,115,77,33" hai3="2,19,76,125,134,60,44,45,35,120,66,58,18"/><U93/><E123/><V84/><F33/><W82/><G120/><T34/><D74/><U48/><E135/><V121/><F15/><W106/><G2/><T119/><D112/><N who="2" m="43082" /><F77/><W72/><G134/><T36/><D110/><U124/><E124/><V63/><F132/><W100/><G125/><T70/><D129/><U69/><E69/><N who="2" m="26699" /><F84/><W13/><G35/><T86/><D70/><U31/><E111/><V83/><F94/><W122/><G122/><T62/><D126/><U109/><E109/><V89/><F89/><W133/><G133/><T99/><D12/><U73/><E73/><V53/><F83/><W92/><G106/><T87/><D87/><U27/><E7/><V30/><F30/><W1/><G1/><T108/><D86/><U49/><E31/><V104/><F104/><W43/><G19/><T128/><D85/><U16/><E17/><V107/><F107/><W54/><G92/><N who="1" m="35402" /><E98/><V9/><F9/><W91/><G91/><T10/><D97/><U101/><E101/><V90/><F90/><W65/><G100/><T6/><D99/><U81/><E81/><V57/><F121/><W96/><G96/><T117/><D6/><U51/><E47/><V28/><F28/><W14/><G45/><T103/><D103/><U37/><E37/><AGARI ba="0,0" hai="37,38,39,53,57,63,64,67" m="26699,43082" machi="37" ten="40,8000,1" yaku="11,1,34,2,52,1" doraHai="50" who="2" fromWho="1" sc="267,0,333,-80,171,80,229,0" /><INIT seed="2,0,0,0,4,46" ten="267,253,251,229" oya="2" hai0="24,58,64,16,87,99,41,111,23,94,123,93,115" hai1="48,96,95,19,34,97,44,82,83,47,114,92,132" hai2="8,125,29,112,101,124,134,106,76,126,40,45,39" hai3="37,51,36,117,72,61,31,6,65,5,69,71,66"/><V9/><F134/><W119/><G31/><T62/><D115/><U121/><E132/><V127/><N who="2" m="31744" /><DORA hai="52" /><V0/><F112/><W3/><G72/><T59/><D111/><U13/><E121/><V84/><F29/><W49/><G3/><T120/><D41/><U11/><E34/><V56/><F0/><W116/><G5/><T2/><D2/><U80/><E114/><V88/><F76/><W81/><G81/><T63/><D87/><U20/><E20/><V30/><F30/><W91/><G91/><N who="0" m="55775" /><D93/><U128/><E128/><V27/><F27/><W14/><G14/><T15/><D15/><U104/><E104/><V42/><F42/><W22/><G22/><T102/><D102/><U75/><E75/><V86/><F86/><W60/><G6/><T131/><D131/><U113/><E113/><V100/><F56/><W89/><G89/><T90/><D90/><U4/><E4/><V54/><F54/><AGARI ba="0,0" hai="16,23,24,54,58,59,62,63,64,120,123" m="55775" machi="54" ten="30,7700,0" yaku="25,1,52,2,54,1" doraHai="46,52" who="0" fromWho="2" sc="267,77,253,0,251,-77,229,0" /><INIT seed="3,0,0,1,3,65" ten="344,253,174,229" oya="3" hai0="26,122,95,37,101,97,33,110,61,64,41,57,0" hai1="30,29,126,78,106,60,8,81,3,52,130,54,32" hai2="48,42,75,89,28,40,39,105,25,19,74,103,99" hai3="107,109,10,90,1,124,21,70,98,11,76,82,68"/><W114/><G114/><T56/><D110/><U6/><E126/><V116/><F116/><W47/><G124/><T83/><D0/><U79/><E130/><V20/><F75/><W12/><G109/><T38/><D41/><U69/><E106/><V91/><F74/><W117/><G117/><T36/><D57/><U45/><E79/><V87/><F39/><W72/><G21/><T119/><D122/><U31/><E32/><V5/><F5/><W129/><G129/><T35/><D26/><U85/><REACH who="1" step="1"/><E45/><REACH who="1" ten="344,243,174,229" step="2"/><V134/><F134/><W27/><G107/><N who="0" m="63919" /><D33/><U2/><E2/><V121/><F121/><W96/><G47/><T18/><D35/><U128/><E128/><V34/><F48/><W86/><G1/><T93/><D36/><U23/><E23/><V111/><F111/><W125/><G125/><T71/><D37/><U66/><AGARI ba="0,1" hai="3,6,8,29,30,31,52,54,60,66,69,78,81,85" machi="66" ten="30,7900,0" yaku="1,1,0,1,52,1,54,1,53,0" doraHai="65" doraHaiUra="88" who="1" fromWho="1" sc="344,-20,243,89,174,-20,229,-39" owari="324,12.0,332,44.0,154,-35.0,190,-21.0" /></mjloggm>