<mjloggm ver="2.3"><GO type="97" lobby="0"/><UN n0="%E3%82%A6%E3%83%AB%E3%83%88%E3%83%A9%E7%AB%8B%E7%9B%B4" n1="%E3%83%9E%E3%82%A4%E3%82%B1%E3%83%AB%E2%99%AA" n2="%E5%BB%A3%E6%B8%88%E5%A0%82%E6%9C%AC%E5%BA%97" n3="%E3%83%87%E3%82%B8" dan="15,14,14,13" rate="1978.80,1941.04,1962.86,1828.35" sx="M,M,M,M"/><TAIKYOKU oya="0"/><INIT seed="0,0,0,3,0,32" ten="250,250,250,250" oya="0" hai0="74,13,86,6,63,109,117,43,3,70,79,66,125" hai1="72,56,46,133,119,11,78,2,85,115,34,134,42" hai2="95,53,104,36,101,98,45,93,16,17,68,116,59" hai3="57,60,31,128,77,62,71,14,92,67,61,12,54"/><T44/><D117/><U20/><E119/><V1/><F116/><W89/><G128/><T100/><D125/><U124/><E124/><V118/><F118/><W76/><G31/><T82/><D109/><U122/><E122/><V51/><F68/><W114/><G114/><T33/><D33/><U49/><E115/><V102/><F1/><W81/><G81/><T24/><D24/><U18/><E34/><V48/><F36/><W65/><G77/><T132/><D100/><U99/><E72/><V120/><F120/><W88/><G89/><T26/><D26/><U8/><E56/><V4/><F4/><W90/><G90/><T112/><D112/><U0/><E99/><N who="2" m="59631" /><F104/><W135/><G76/><T10/><D132/><N who="1" m="50795" /><E78/><V110/><F110/><W83/><G83/><T69/><D69/><U23/><E85/><V37/><F37/><W84/><REACH who="3" step="1"/><G135/><REACH who="3" ten="250,250,250,240" step="2"/><T58/><D86/><U123/><E123/><V105/><F105/><W80/><G80/><T87/><D87/><U55/><E42/><AGARI ba="0,1" hai="16,17,42,45,48,51,53,59,95,98,102" m="59631" machi="42" ten="30,2000,0" yaku="8,1,54,1" doraHai="32" who="2" fromWho="1" sc="250,0,250,-20,250,30,240,0" /><INIT seed="1,0,0,3,4,79" ten="250,230,280,240" oya="1" hai0="132,23,109,91,4,14,98,124,32,74,20,1,38" hai1="30,8,76,19,24,61,77,35,88,101,13,97,115" hai2="56,129,11,123,22,2,114,16,131,43,41,128,82" hai3="95,40,87,130,119,9,105,29,25,72,125,63,36"/><U135/><E115/><V52/><F123/><W28/><G95/><T121/><D74/><U83/><E135/><V47/><F114/><W66/><G87/><T118/><D32/><U112/><E112/><V133/><F133/><W85/><G72/><T104/><D38/><U90/><E76/><V111/><F111/><W17/><G85/><T37/><D37/><U50/><E61/><N who="2" m="35975" /><F2/><W94/><G105/><T127/><D1/><U89/><E50/><V6/><F11/><W68/><G94/><N who="0" m="56671" /><D104/><U99/><REACH who="1" step="1"/><E101/><REACH who="1" ten="250,220,280,240" step="2"/><V80/><F43/><W49/><G40/><T71/><D132/><U54/><E54/><V65/><F65/><W3/><G49/><T86/><D121/><U44/><E44/><V116/><F116/><W33/><G66/><T5/><D124/><U62/><E62/><V53/><F53/><W81/><G63/><T100/><D127/><U120/><E120/><V10/><F41/><W73/><G119/><T107/><D100/><U46/><E46/><V113/><F113/><W58/><G125/><T117/><D118/><U12/><E12/><N who="2" m="5207" /><F47/><W102/><G102/><T92/><D117/><U55/><E55/><V126/><F126/><W42/><G36/><T69/><D69/><U60/><E60/><V108/><F108/><W67/><G68/><T18/><D71/><U70/><E70/><V7/><F7/><W15/><G67/><T93/><D109/><U31/><E31/><V27/><AGARI ba="0,1" hai="16,22,27,80,82,128,129,131" m="5207,35975" machi="27" ten="30,8000,1" yaku="19,1,52,2,54,2" doraHai="79" who="2" fromWho="2" sc="250,-20,220,-40,280,90,240,-20" /><INIT seed="2,0,0,1,1,83" ten="230,180,370,220" oya="2" hai0="119,65,3,4,64,36,134,28,41,23,121,86,31" hai1="76,99,88,21,92,110,17,127,60,34,74,102,71" hai2="124,50,79,40,78,112,63,2,132,18,104,14,91" hai3="129,131,46,45,130,25,116,33,9,122,84,10,73"/><V89/><F112/><W114/><G73/><T100/><D121/><U62/><E110/><V59/><F2/><W82/><G116/><T87/><D119/><U30/><E127/><V111/><F124/><W7/><G122/><T115/><D115/><U55/><E34/><V67/><F104/><W81/><G114/><T75/><D75/><U22/><E30/><N who="0" m="11305" /><D36/><U0/><E0/><V53/><F40/><W6/><G33/><T51/><D134/><U42/><E42/><V29/><F29/><W13/><G25/><T52/><D3/><U16/><E71/><V107/><F107/><W98/><G98/><T97/><D4/><U80/><E55/><V58/><F132/><W109/><G109/><T77/><D23/><U12/><REACH who="1" step="1"/><E102/><REACH who="1" ten="230,170,370,220" step="2"/><V11/><F111/><W123/><G123/><T47/><D41/><U95/><E95/><V57/><F57/><W101/><G101/><T5/><D65/><U93/><E93/><V27/><F27/><AGARI ba="0,1" hai="12,16,17,21,22,27,60,62,74,76,80,88,92,99" machi="27" ten="30,7700,0" yaku="1,1,7,1,54,2,53,0" doraHai="83" doraHaiUra="135" who="1" fromWho="2" sc="230,0,170,87,370,-77,220,0" /><INIT seed="3,0,0,2,1,88" ten="230,257,293,220" oya="3" hai0="25,50,113,65,109,29,83,92,20,23,87,45,117" hai1="10,9,131,99,132,40,129,119,21,56,17,27,54" hai2="90,1,111,31,24,93,108,43,12,85,79,75,0" hai3="36,126,66,128,94,114,135,3,125,19,104,101,32"/><W69/><RYUUKYOKU type="yao9" ba="0,0" sc="230,0,257,0,293,0,220,0" hai3="3,19,32,36,66,69,94,101,104,114,125,126,128,135" /><INIT seed="3,1,0,1,1,39" ten="230,257,293,220" oya="3" hai0="25,117,118,46,95,121,36,35,133,59,58,44,55" hai1="105,3,107,10,52,113,108,0,9,62,78,98,91" hai2="50,42,11,122,135,57,101,26,120,18,130,64,99" hai3="102,37,28,123,112,60,76,14,47,74,87,4,7"/><W124/><G112/><T8/><D35/><U30/><E113/><V69/><F69/><W68/><G124/><T5/><D25/><U49/><E108/><V129/><F135/><W41/><G123/><N who="2" m="47145" /><F64/><W27/><G102/><T65/><D95/><U48/><E62/><V75/><F75/><W82/><G14/><T31/><D31/><U34/><E34/><V93/><F57/><W61/><G74/><T70/><D70/><U1/><E30/><V83/><F83/><W21/><REACH who="3" step="1"/><G60/><REACH who="3" ten="230,257,293,210" step="2"/><N who="0" m="38047" /><D118/><U73/><E73/><V115/><F115/><W40/><G40/><T56/><D117/><U51/><E78/><V71/><F71/><W96/><G96/><T85/><D121/><U16/><E98/><V128/><F42/><W125/><G125/><T126/><D126/><U106/><E91/><V67/><F67/><AGARI ba="1,1" hai="4,7,21,27,28,37,41,47,61,67,68,76,82,87" machi="67" ten="40,7700,0" yaku="1,1,52,1,53,1" doraHai="39" doraHaiUra="77" who="3" fromWho="2" sc="230,0,257,0,293,-80,210,90" owari="230,-17.0,257,6.0,213,-29.0,300,40.0" /></mjloggm>