<mjloggm ver="2.3"><GO type="97" lobby="0"/><UN n0="%E3%82%A6%E3%83%AB%E3%83%88%E3%83%A9%E7%AB%8B%E7%9B%B4" n1="%E9%AF%89%E5%A4%AA%E9%83%8E" n2="%E8%8B%A5%E6%9C%AC%E8%A6%8F%E5%A4%AB" n3="%72%79%75%6B%61%70%79" dan="15,14,15,13" rate="1994.71,1994.10,2000.54,1874.79" sx="M,M,M,F"/><TAIKYOKU oya="0"/><INIT seed="0,0,0,0,2,55" ten="250,250,250,250" oya="0" hai0="35,77,53,12,26,107,127,57,108,24,130,36,23" hai1="2,19,7,133,100,80,99,62,54,121,89,134,15" hai2="59,90,87,96,0,72,81,65,20,75,82,60,112" hai3="95,106,30,104,31,103,71,74,70,14,5,25,105"/><T41/><D107/><U111/><E121/><V58/><F112/><W45/><G74/><T17/><D127/><U123/><E123/><V86/><F0/><W33/><G31/><T97/><D130/><U135/><E2/><V69/><F69/><W109/><G109/><T115/><D115/><U131/><E7/><V124/><F124/><W4/><G45/><T73/><D108/><U101/><E111/><V9/><F9/><W98/><REACH who="3" step="1"/><G14/><REACH who="3" ten="250,250,250,240" step="2"/><T67/><D12/><U125/><E131/><V78/><F72/><W8/><G8/><T117/><D73/><U27/><E125/><V44/><F75/><W129/><G129/><T39/><D35/><U122/><E122/><V63/><F44/><W16/><G16/><T119/><D17/><U126/><E126/><V83/><F96/><W37/><G37/><T64/><D39/><U114/><E114/><V40/><F40/><W66/><G66/><T93/><D64/><U22/><E27/><V68/><F68/><AGARI ba="0,1" hai="4,5,25,30,33,68,70,71,95,98,103,104,105,106" machi="68" ten="50,1600,0" yaku="1,1,53,0" doraHai="55" doraHaiUra="51" who="3" fromWho="2" sc="250,0,250,0,250,-16,240,26" /><INIT seed="1,0,0,2,4,28" ten="250,250,234,266" oya="1" hai0="119,33,77,95,84,30,98,114,48,130,57,132,63" hai1="78,59,50,70,86,129,44,71,24,110,106,112,21" hai2="1,111,36,133,85,56,37,8,91,19,83,109,55" hai3="131,46,34,23,65,15,81,92,124,128,101,89,7"/><U68/><E112/><V74/><F133/><W12/><G34/><T60/><D114/><U97/><E106/><V115/><F115/><W120/><G120/><T54/><D119/><U61/><E129/><V87/><F74/><W0/><G0/><T94/><D132/><U5/><E5/><N who="2" m="1071" /><F19/><W16/><G65/><T45/><D130/><N who="3" m="49705" /><G124/><T26/><D63/><U10/><E10/><V39/><F91/><W82/><G101/><T113/><D113/><U43/><E97/><V123/><F83/><W80/><G46/><T42/><REACH who="0" step="1"/><D98/><REACH who="0" ten="240,250,234,266" step="2"/><U122/><E122/><V53/><F123/><W73/><G73/><T62/><D62/><U121/><E121/><V88/><F56/><W116/><G116/><T9/><D9/><U41/><E71/><V64/><F64/><W107/><G7/><T72/><D72/><U22/><E70/><V31/><F87/><N who="3" m="52287" /><G107/><T40/><D40/><U6/><E68/><V49/><F49/><W100/><G100/><T11/><D11/><U105/><E50/><V2/><F2/><W20/><G15/><T67/><D67/><U38/><E41/><V103/><F103/><W35/><G12/><T51/><D51/><U25/><E43/><V75/><F75/><W96/><G96/><T125/><D125/><U18/><E38/><V13/><F13/><W4/><G4/><T79/><D79/><U66/><E6/><V127/><F127/><W17/><G17/><T126/><D126/><U3/><E18/><V104/><F104/><W99/><G99/><T108/><D108/><N who="2" m="41546" /><F31/><W32/><G16/><T69/><D69/><U14/><E66/><RYUUKYOKU ba="0,1" sc="240,10,250,-30,234,10,266,10" hai0="26,30,33,42,45,48,54,57,60,77,84,94,95" hai2="36,37,39,53,55,85,88" hai3="20,23,32,35,80,81,82" /><INIT seed="2,1,1,5,0,72" ten="250,220,244,276" oya="2" hai0="31,23,34,117,1,127,61,26,66,41,106,88,124" hai1="27,21,98,18,107,120,7,111,93,16,125,70,84" hai2="20,25,48,80,69,13,99,35,62,56,3,75,68" hai3="15,97,64,82,103,91,116,44,29,90,81,54,89"/><V2/><F35/><W100/><G116/><T74/><D1/><U95/><E70/><V85/><F75/><W123/><G123/><T78/><D117/><U96/><E107/><V65/><F69/><W87/><G64/><T108/><D41/><U79/><E120/><V11/><F68/><W118/><G118/><T121/><D121/><U101/><E125/><N who="0" m="48201" /><D106/><U57/><E111/><V24/><F3/><W32/><G32/><T47/><D47/><U46/><E7/><N who="2" m="3327" /><F2/><W40/><G29/><T112/><D112/><U94/><E46/><V73/><F73/><W58/><G15/><T12/><D108/><U131/><E131/><V49/><F99/><W9/><G9/><T6/><D6/><U129/><E129/><V0/><F0/><W4/><G4/><T10/><D10/><U63/><E18/><N who="2" m="12311" /><F25/><W14/><G14/><T76/><D74/><U130/><E130/><V39/><F39/><W53/><G40/><T109/><D109/><U36/><E36/><V133/><F133/><W126/><G126/><T110/><D110/><U92/><E98/><V86/><F86/><W135/><G135/><T50/><D12/><U122/><E122/><V128/><F128/><W52/><G97/><T83/><D34/><U55/><E95/><V114/><F114/><W30/><G87/><N who="0" m="50303" /><D50/><U77/><E92/><V22/><F22/><W60/><G30/><T45/><D45/><U132/><E132/><V37/><F37/><W5/><G44/><T115/><D115/><U102/><E102/><N who="3" m="38954" /><G5/><T105/><D105/><U42/><E42/><V51/><F51/><W28/><G28/><RYUUKYOKU ba="1,1" sc="250,0,220,0,244,0,276,0" hai0="23,26,31,61,66,76,78" hai1="16,21,27,55,57,63,77,79,84,93,94,96,101" hai2="48,49,56,62,65,80,85" hai3="52,53,54,58,60,81,82,89,90,91" /><INIT seed="2,2,1,3,5,75" ten="250,220,244,276" oya="2" hai0="80,78,9,58,113,55,47,5,61,36,72,131,65" hai1="79,51,108,94,117,106,43,57,26,60,107,125,64" hai2="120,116,73,8,59,89,1,90,23,112,38,119,15" hai3="109,96,39,37,92,41,74,114,45,105,21,82,66"/><V91/><F38/><W28/><G109/><T29/><D29/><U102/><E108/><V49/><F120/><W111/><G111/><T69/><D113/><U46/><E117/><V11/><F112/><W34/><G114/><T83/><D83/><U0/><E0/><V53/><F73/><W97/><G39/><T32/><D32/><U93/><E125/><V76/><F1/><W19/><G34/><T52/><D131/><U128/><E128/><V25/><F76/><W31/><G105/><T2/><D69/><U103/><E79/><V27/><F11/><W68/><G97/><T42/><AGARI ba="2,1" hai="2,5,9,36,42,47,52,55,58,61,65,72,78,80" machi="42" ten="30,8000,1" yaku="0,1,25,2,52,1,54,1" doraHai="75" who="0" fromWho="0" sc="250,96,220,-22,244,-42,276,-22" /><INIT seed="3,0,0,5,2,62" ten="346,198,202,254" oya="3" hai0="109,49,44,43,21,25,63,99,105,108,0,40,124" hai1="83,100,6,51,10,50,1,84,30,37,70,98,20" hai2="87,26,48,103,68,52,32,112,66,76,19,94,7" hai3="67,93,4,31,132,27,47,45,22,9,13,106,95"/><W34/><G106/><T127/><D0/><U39/><E70/><V123/><F112/><W59/><G132/><T110/><D43/><U38/><E30/><V16/><F123/><W61/><G34/><T29/><D63/><U72/><E20/><N who="2" m="13575" /><F32/><W3/><G3/><T115/><D115/><U8/><E8/><V12/><F7/><W128/><G128/><T129/><D129/><U78/><REACH who="1" step="1"/><E72/><REACH who="1" ten="346,188,202,254" step="2"/><V89/><F68/><W130/><G130/><T90/><D29/><U82/><E82/><N who="2" m="49399" /><F103/><W117/><G117/><T35/><D35/><U71/><E71/><V116/><F116/><W5/><G5/><T96/><D21/><U135/><E135/><V101/><F76/><W111/><G111/><T121/><D121/><U126/><E126/><V18/><F66/><W42/><REACH who="3" step="1"/><G47/><REACH who="3" ten="346,188,202,244" step="2"/><N who="0" m="25831" /><D127/><U104/><AGARI ba="0,2" hai="1,6,10,37,38,39,50,51,78,83,84,98,100,104" machi="104" ten="30,2000,0" yaku="1,1,0,1,53,0" doraHai="62" doraHaiUra="11" who="1" fromWho="1" sc="346,-5,188,40,202,-5,244,-10" owari="341,44.0,228,-17.0,197,-30.0,234,3.0" /></mjloggm>