<mjloggm ver="2.3"><GO type="169" lobby="0"/><UN n0="%63%69%73%63%69%73" n1="%E3%83%AF%E3%82%A4%E3%83%AB%E3%83%89" n2="%E9%B3%B3%E6%8B%B3" n3="%E3%82%A6%E3%83%AB%E3%83%88%E3%83%A9%E7%AB%8B%E7%9B%B4" dan="17,17,16,16" rate="2223.33,2135.24,2145.49,2042.11" sx="M,M,M,M"/><TAIKYOKU oya="0"/><INIT seed="0,0,0,0,0,89" ten="250,250,250,250" oya="0" hai0="82,118,1,107,16,126,87,135,78,45,106,72,81" hai1="35,75,3,64,29,38,127,105,47,52,96,122,79" hai2="50,76,39,60,66,133,40,134,84,116,5,51,21" hai3="58,6,67,44,33,117,48,30,74,101,19,24,100"/><T93/><D118/><U110/><E122/><V91/><F116/><W73/><G6/><T132/><D1/><U49/><E110/><V23/><F76/><W68/><G101/><T112/><D112/><U86/><E3/><V62/><F5/><W9/><G58/><T59/><D59/><U69/><E75/><V18/><F62/><W63/><G117/><T80/><D45/><U85/><E127/><V11/><F11/><W83/><G83/><N who="0" m="31819" /><D16/><U92/><E105/><N who="0" m="39945" /><D126/><U104/><E104/><V32/><F32/><W36/><G19/><T124/><D124/><U56/><E79/><V13/><F23/><W25/><G9/><T53/><D53/><U41/><E29/><V43/><F50/><W102/><G48/><T34/><D34/><U128/><E35/><V98/><F51/><W129/><G44/><T8/><D8/><U111/><E111/><V119/><F119/><W130/><G30/><T17/><D17/><U65/><E65/><V94/><F39/><W26/><G36/><T71/><D71/><U109/><E109/><V103/><F133/><N who="0" m="51274" /><D93/><U61/><REACH who="1" step="1"/><E128/><REACH who="1" ten="250,240,250,250" step="2"/><V99/><F134/><W121/><G33/><T125/><D125/><U120/><E120/><V97/><REACH who="2" step="1"/><F103/><AGARI ba="0,1" hai="38,41,47,49,52,56,61,64,69,85,86,92,96,103" machi="103" ten="30,12000,2" yaku="1,1,7,1,24,2,52,1,54,1,53,0" doraHai="89" doraHaiUra="22" who="1" fromWho="2" sc="250,0,240,130,250,-120,250,0" /><INIT seed="1,0,0,5,1,92" ten="250,370,130,250" oya="1" hai0="48,120,110,111,63,98,0,20,81,11,82,15,40" hai1="131,36,85,41,123,66,37,73,30,70,115,72,119" hai2="23,32,79,68,93,2,3,112,5,94,75,125,6" hai3="14,24,62,53,10,113,52,61,55,116,58,16,87"/><U46/><E123/><V89/><F32/><W4/><G113/><T21/><D0/><U102/><E119/><V78/><F112/><W100/><G116/><T59/><D120/><U124/><E115/><V17/><F68/><W22/><G100/><T50/><D11/><U60/><E131/><V13/><F125/><W44/><G44/><T35/><D35/><U76/><E124/><V77/><F75/><W95/><G62/><T106/><D40/><U118/><E118/><V64/><F64/><W65/><G95/><T69/><D69/><U107/><E37/><V114/><F114/><W103/><G103/><T126/><D126/><U127/><E127/><V19/><F3/><W1/><G87/><T74/><D63/><U67/><E67/><V84/><F2/><W49/><G49/><T18/><D59/><U133/><E133/><V90/><REACH who="2" step="1"/><F19/><REACH who="2" ten="250,370,120,250" step="2"/><W43/><G1/><T122/><D74/><U57/><E73/><V108/><F108/><W132/><G132/><T33/><D33/><U129/><E72/><V80/><F80/><W27/><G27/><T71/><D81/><U104/><E70/><V29/><F29/><W47/><G65/><T56/><D82/><U83/><E30/><V105/><F105/><W54/><G47/><T96/><D106/><U34/><E34/><V12/><F12/><W97/><G4/><T7/><D71/><U86/><E107/><V135/><F135/><W31/><G43/><T109/><D110/><U28/><E104/><V51/><F51/><W42/><G42/><T39/><D109/><U38/><E41/><V101/><F101/><RYUUKYOKU ba="0,1" sc="250,-15,370,-15,120,15,250,15" hai2="5,6,13,17,23,77,78,79,84,89,90,93,94" hai3="10,14,16,22,24,31,52,53,54,55,58,61,97" /><INIT seed="2,1,1,4,0,74" ten="235,355,135,265" oya="2" hai0="65,80,31,10,18,32,56,54,1,67,50,109,0" hai1="119,37,8,122,97,63,76,45,43,120,25,99,105" hai2="131,20,72,134,83,22,53,115,7,66,85,3,5" hai3="116,133,2,108,9,92,117,121,70,113,135,14,118"/><V104/><F115/><W61/><G2/><T59/><D109/><U12/><E119/><V11/><F131/><W125/><G70/><T49/><D31/><U89/><E25/><V28/><F134/><W79/><G61/><T30/><D30/><U132/><E132/><N who="3" m="50762" /><G92/><T123/><D32/><U129/><E129/><V21/><F104/><W19/><G121/><N who="1" m="46698" /><E105/><V77/><F5/><W88/><G88/><T128/><D123/><U24/><E24/><V96/><F96/><N who="1" m="36937" /><E89/><V60/><F53/><W90/><G90/><T51/><D128/><U124/><E63/><V86/><REACH who="2" step="1"/><F28/><REACH who="2" ten="235,355,125,265" step="2"/><W127/><G113/><T111/><D54/><U93/><E124/><N who="3" m="47690" /><G108/><T34/><D111/><U103/><E103/><V91/><F91/><W58/><G118/><T29/><D29/><U98/><E98/><V52/><F52/><W69/><G117/><T6/><D6/><N who="1" m="3095" /><E93/><V44/><F44/><W48/><G116/><T95/><D95/><U13/><E13/><V42/><F42/><W38/><G14/><T94/><D0/><U82/><E82/><V47/><F47/><W78/><G19/><T110/><D1/><U46/><E45/><V106/><F106/><W73/><G9/><T55/><D94/><U17/><E17/><V35/><F35/><W40/><G40/><T100/><D18/><U64/><E64/><V26/><F26/><W87/><G79/><AGARI ba="1,2" hai="37,43,46,76,79" m="3095,36937,46698" machi="79" ten="30,3900,0" yaku="13,1,52,2" doraHai="74" who="1" fromWho="3" sc="235,0,355,62,125,0,265,-42" /><INIT seed="3,0,0,0,1,93" ten="235,417,125,223" oya="3" hai0="72,128,45,90,112,102,108,58,88,64,20,16,52" hai1="41,89,70,83,126,73,27,60,0,5,106,68,97" hai2="118,117,86,33,78,114,22,92,62,59,3,77,96" hai3="23,38,17,55,6,121,44,99,130,105,11,15,131"/><W56/><G121/><T19/><D72/><U46/><E126/><V8/><F114/><W71/><G71/><T94/><D108/><U82/><E27/><V53/><F33/><W12/><G44/><T32/><D32/><U30/><E30/><V110/><F110/><W84/><G84/><T18/><D112/><U57/><E83/><V7/><F117/><W127/><G38/><T79/><D79/><U24/><E24/><V25/><F118/><W9/><G127/><T104/><D104/><U134/><E134/><V91/><REACH who="2" step="1"/><F86/><REACH who="2" ten="235,417,115,223" step="2"/><W123/><G123/><T111/><D111/><U67/><E73/><V63/><F63/><W81/><G130/><T51/><D128/><U40/><E60/><V85/><F85/><W14/><G131/><T54/><D64/><U31/><E67/><V125/><F125/><W124/><G124/><T49/><D20/><U113/><E113/><V116/><F116/><W21/><G21/><T36/><D36/><U26/><E82/><V129/><F129/><W120/><G120/><T122/><D122/><U50/><E50/><V133/><F133/><W76/><G81/><T48/><D51/><U2/><E70/><V100/><F100/><W98/><G76/><T37/><D37/><U80/><E68/><V42/><F42/><W109/><G109/><T103/><D90/><U132/><E80/><V61/><F61/><N who="3" m="35999" /><G105/><T69/><D69/><U135/><E41/><V74/><F74/><W115/><G115/><T1/><D1/><U101/><E135/><V119/><F119/><W4/><AGARI ba="0,1" hai="4,6,9,11,12,14,15,17,23,98,99" m="35999" machi="4" ten="30,6000,0" yaku="8,1,52,2" doraHai="93" who="3" fromWho="3" sc="235,-20,417,-20,115,-20,223,70" /><INIT seed="3,1,0,4,5,18" ten="215,397,95,293" oya="3" hai0="72,50,125,91,35,28,5,31,14,32,71,24,119" hai1="66,9,53,105,81,44,39,98,94,103,49,123,45" hai2="133,93,13,82,33,127,115,62,100,101,96,130,85" hai3="41,120,25,128,122,70,64,84,51,59,80,75,43"/><W38/><G75/><T52/><D119/><U113/><E123/><V78/><F115/><W87/><G70/><T129/><D71/><U79/><E113/><V57/><F127/><W63/><G128/><T34/><D72/><U65/><E39/><V3/><F3/><W27/><G38/><T107/><D107/><U134/><E134/><V97/><F130/><W108/><G108/><T40/><D40/><U21/><E45/><V126/><F133/><W37/><G37/><T117/><D117/><U109/><E109/><V86/><F126/><W124/><G124/><T30/><D125/><U47/><E47/><V42/><F33/><W19/><G87/><T111/><D111/><U23/><E9/><V104/><F42/><N who="3" m="15883" /><G51/><T22/><D91/><U29/><E105/><V83/><F13/><W15/><G120/><T16/><D129/><U131/><E131/><V88/><F62/><W118/><G118/><T36/><D36/><U10/><E10/><V74/><F57/><W56/><G56/><T102/><D102/><U112/><E112/><V92/><F92/><W4/><G4/><T54/><REACH who="0" step="1"/><D50/><REACH who="0" ten="205,397,95,293" step="2"/><U116/><E116/><V48/><F48/><W12/><G122/><T99/><D99/><U110/><E110/><V77/><F78/><W76/><G15/><T121/><D121/><U89/><E79/><V60/><F60/><W68/><G68/><T95/><D95/><U20/><E81/><V58/><F58/><W67/><G67/><N who="1" m="25610" /><E89/><V7/><F7/><W6/><G6/><T132/><D132/><U17/><E29/><V26/><F26/><AGARI ba="1,1" hai="17,20,21,23,26,44,49,53,94,98,103" m="25610" machi="26" ten="30,7700,0" yaku="8,1,52,3" doraHai="18" who="1" fromWho="2" sc="205,0,397,90,95,-80,293,0" /><INIT seed="4,0,0,1,3,99" ten="205,487,15,293" oya="0" hai0="66,131,118,28,82,57,89,35,33,16,56,91,42" hai1="30,122,111,5,71,53,92,85,129,124,102,135,110" hai2="104,106,43,114,14,96,93,100,13,26,36,60,32" hai3="73,2,24,94,65,81,46,130,1,115,21,119,4"/><T45/><D118/><U50/><E71/><V116/><F116/><W90/><G119/><T67/><D131/><U19/><E122/><V25/><F114/><W15/><G115/><T97/><D28/><U113/><E113/><V134/><F134/><W83/><G130/><T31/><D31/><U20/><E129/><V38/><F60/><W105/><G105/><T78/><D33/><U59/><E135/><V75/><F75/><W125/><G125/><T117/><D35/><U76/><E124/><V87/><F104/><W7/><G65/><T64/><D117/><U52/><E30/><V18/><F13/><W123/><G123/><T29/><D29/><U55/><E5/><V112/><F32/><W77/><G81/><T109/><D109/><N who="1" m="41483" /><E76/><V3/><F3/><W39/><G15/><T6/><D6/><U103/><E85/><V79/><F112/><W49/><G39/><T23/><D78/><U98/><E102/><V54/><F38/><W70/><G70/><T8/><D8/><U74/><E74/><V51/><F43/><W22/><G4/><T41/><D41/><U0/><E0/><V80/><F36/><W27/><G7/><T88/><D97/><U84/><E84/><V47/><F106/><W101/><G77/><T95/><D95/><U121/><E121/><V126/><F126/><W133/><G94/><T63/><D82/><U12/><E92/><V10/><AGARI ba="0,0" hai="10,14,18,25,26,47,51,54,79,80,87,93,96,100" machi="10" ten="20,5200,0" yaku="0,1,7,1,8,1,52,1" doraHai="99" who="2" fromWho="2" sc="205,-26,487,-13,15,52,293,-13" /><INIT seed="5,0,0,1,0,2" ten="179,474,67,280" oya="1" hai0="113,123,44,94,17,83,133,18,8,127,106,3,6" hai1="43,134,29,40,13,85,122,68,48,107,114,39,63" hai2="109,131,42,132,19,50,110,108,53,47,46,82,58" hai3="55,60,52,49,24,22,23,119,69,35,126,51,89"/><U129/><E107/><V120/><F120/><W111/><G35/><T79/><D106/><U33/><E122/><V28/><F28/><W9/><G111/><T38/><D123/><U10/><E114/><V45/><F82/><W121/><G121/><T11/><D113/><U115/><E115/><V84/><F84/><W4/><G119/><T100/><D133/><U92/><E39/><V90/><F90/><W32/><G32/><T5/><D127/><U78/><E134/><V31/><F31/><W93/><G69/><T95/><D95/><U125/><E125/><V57/><F19/><W77/><G77/><T103/><D94/><U36/><E36/><V64/><F132/><W15/><G126/><T37/><D37/><U76/><E129/><V88/><F88/><W104/><G104/><T71/><D71/><U16/><E29/><V101/><F101/><W56/><G55/><T25/><D25/><U41/><E33/><V67/><F131/><W112/><G112/><T20/><D20/><N who="3" m="7721" /><G24/><T81/><D103/><U21/><E68/><V97/><F97/><AGARI ba="0,0" hai="4,9,15,49,51,52,56,60,89,93,97" m="7721" machi="97" ten="30,3900,0" yaku="8,1,52,1,54,1" doraHai="2" who="3" fromWho="2" sc="179,0,474,0,67,-39,280,39" /><INIT seed="6,0,0,2,4,4" ten="179,474,28,319" oya="2" hai0="131,2,94,92,28,106,18,83,126,129,109,57,32" hai1="51,22,11,26,71,69,8,123,7,56,10,6,90" hai2="50,81,116,25,43,107,125,101,120,87,124,96,75" hai3="132,76,79,27,52,110,63,46,40,67,121,93,103"/><V130/><F120/><W19/><G110/><T133/><D106/><U74/><E74/><V64/><F116/><W117/><G117/><T84/><D2/><U30/><E123/><V0/><F130/><W100/><G121/><T34/><D18/><U82/><E71/><V97/><F97/><W45/><G132/><T91/><D57/><U102/><E69/><V12/><F0/><W61/><G93/><T113/><D109/><U3/><E102/><V99/><F99/><W135/><G19/><T68/><D68/><U55/><E3/><V88/><F64/><W17/><G17/><T36/><D36/><U15/><E6/><V86/><F25/><W72/><G72/><T66/><D66/><U33/><E33/><V118/><F118/><W54/><G67/><T95/><D113/><U41/><E41/><V14/><F86/><AGARI ba="0,0" hai="7,8,10,11,15,22,26,30,51,55,56,82,86,90" machi="86" ten="40,8000,1" yaku="8,1,52,3" doraHai="4" who="1" fromWho="2" sc="179,0,474,80,28,-80,319,0" owari="179,-22.0,554,65.0,-52,-55.0,319,12.0" /></mjloggm>