<mjloggm ver="2.3"><GO type="97" lobby="0"/><UN n0="%73%75%6D%32%32%35%35" n1="%E3%82%A6%E3%83%AB%E3%83%88%E3%83%A9%E7%AB%8B%E7%9B%B4" n2="%E8%BF%A6%E9%99%B5%E9%A0%BB%E4%BC%BD" n3="%E3%83%81%E3%82%AD%E3%83%B3" dan="13,15,14,15" rate="1827.26,2000.12,1895.88,1992.28" sx="M,M,F,M"/><TAIKYOKU oya="0"/><INIT seed="0,0,0,0,4,32" ten="250,250,250,250" oya="0" hai0="90,130,97,26,44,15,128,134,8,103,63,25,78" hai1="47,33,106,48,109,13,51,135,54,111,129,92,1" hai2="18,70,71,3,99,96,115,132,24,10,23,102,39" hai3="120,6,57,72,93,52,49,88,5,82,22,131,53"/><T45/><D45/><BYE who="0" /><U14/><E106/><V112/><F39/><W50/><G120/><T67/><D67/><U133/><E33/><V61/><F132/><N who="1" m="50761" /><E92/><V110/><F110/><N who="1" m="41993" /><E129/><V104/><F99/><N who="3" m="57767" /><G72/><T17/><D17/><U126/><E126/><V64/><REACH who="2" step="1"/><F71/><REACH who="2" ten="250,250,240,250" step="2"/><W58/><G131/><T7/><D7/><AGARI ba="0,1" hai="3,7,10,18,23,24,61,64,70,96,102,104,112,115" machi="7" ten="40,8000,1" yaku="1,1,2,1,52,1,53,1" doraHai="32" doraHaiUra="94" who="2" fromWho="0" sc="250,-80,250,0,240,90,250,0" /><INIT seed="1,0,0,2,0,24" ten="170,250,330,250" oya="1" hai0="80,101,127,65,113,110,56,79,128,59,60,121,39" hai1="61,116,83,41,133,129,66,14,92,18,85,46,11" hai2="97,29,52,43,105,117,70,108,78,16,7,100,93" hai3="44,50,104,15,135,72,122,58,98,89,34,53,62"/><U27/><E129/><V74/><F108/><W64/><G72/><UN n0="%73%75%6D%32%32%35%35" /><T4/><D113/><U132/><E92/><V134/><F117/><W76/><G122/><T48/><D121/><U99/><E99/><V131/><F131/><W32/><G135/><T3/><D128/><U10/><E10/><V90/><F70/><W96/><G76/><T126/><D101/><U118/><E27/><V84/><F134/><N who="1" m="51817" /><E85/><V36/><F36/><W42/><G104/><T106/><D106/><U55/><E55/><V19/><F43/><W23/><G34/><T1/><D4/><U30/><E83/><N who="2" m="45527" /><F7/><W8/><G32/><T6/><D6/><U38/><E30/><V12/><F29/><W111/><G111/><T20/><D110/><U120/><E120/><V75/><F75/><W115/><G115/><T49/><D20/><U17/><E17/><V86/><F86/><W123/><G123/><T51/><D80/><U109/><E109/><V73/><F73/><W71/><G71/><AGARI ba="0,0" hai="11,14,18,38,41,46,61,66,71,116,118" m="51817" machi="71" ten="30,1500,0" yaku="20,1" doraHai="24" who="1" fromWho="3" sc="170,0,250,15,330,0,250,-15" /><INIT seed="1,1,0,0,3,66" ten="170,265,330,235" oya="1" hai0="70,96,74,129,23,134,26,115,91,123,58,75,131" hai1="93,56,11,33,46,125,52,19,18,101,31,42,135" hai2="63,88,14,103,47,130,79,90,117,13,37,86,1" hai3="89,95,106,124,85,38,53,120,100,40,54,41,4"/><U64/><E125/><V34/><F117/><W24/><G120/><T65/><D115/><U107/><E107/><V114/><F34/><W111/><G111/><T27/><D123/><U122/><E122/><V132/><F1/><W133/><G124/><T68/><D134/><U51/><E135/><V61/><F103/><W44/><G133/><T84/><D96/><N who="1" m="59535" /><E33/><V105/><F86/><W98/><G4/><T72/><D58/><U102/><E31/><V16/><F79/><W8/><G8/><T60/><D27/><U71/><E102/><V6/><F47/><W50/><G41/><T12/><D12/><U17/><E71/><N who="0" m="27177" /><D65/><U82/><E64/><V77/><F77/><W104/><G104/><T30/><D60/><N who="1" m="35847" /><E82/><V15/><F105/><W118/><G118/><T112/><D112/><U59/><E59/><V108/><F6/><W5/><G5/><T20/><D20/><U25/><E25/><V110/><F114/><W126/><G126/><T49/><D49/><U81/><E81/><V92/><F132/><W22/><G38/><T0/><D0/><U29/><E29/><AGARI ba="1,0" hai="22,24,29,40,44,50,53,54,85,89,95,98,100,106" machi="29" ten="30,1000,0" yaku="7,1" doraHai="66" who="3" fromWho="1" sc="170,0,265,-13,330,0,235,13" /><INIT seed="2,0,0,0,0,62" ten="170,252,330,248" oya="2" hai0="71,126,10,37,58,91,44,102,114,83,120,99,135" hai1="52,116,46,49,35,50,24,2,94,73,61,54,69" hai2="3,128,42,51,74,38,17,20,113,98,70,31,131" hai3="68,119,95,89,100,93,11,55,87,13,59,104,40"/><V23/><F113/><W14/><G119/><T86/><D114/><U39/><E2/><V125/><F3/><W117/><G117/><T36/><D71/><U105/><E73/><V134/><F70/><W111/><G111/><T1/><D120/><U121/><E105/><V67/><F74/><W78/><G59/><T47/><D135/><U115/><E115/><V81/><F38/><W28/><G68/><T33/><D33/><U34/><E39/><V92/><F81/><W79/><G104/><T56/><D126/><U82/><E82/><V57/><F31/><W9/><G40/><T88/><D91/><U80/><E80/><V45/><F125/><W7/><G28/><T109/><D109/><U66/><E116/><V85/><F85/><W75/><G55/><T0/><D0/><U64/><E121/><V63/><F134/><W72/><G72/><T4/><D37/><U107/><E107/><V8/><F8/><W90/><G75/><T108/><D108/><U129/><E129/><N who="2" m="49739" /><F17/><W30/><G30/><T130/><D130/><U97/><E69/><V106/><F106/><W96/><REACH who="3" step="1"/><G89/><AGARI ba="0,0" hai="20,23,42,45,51,57,63,67,89,92,98" m="49739" machi="89" ten="30,2900,0" yaku="19,1,52,1" doraHai="62" who="2" fromWho="3" sc="170,0,252,0,330,29,248,-29" /><INIT seed="2,1,0,1,0,84" ten="170,252,359,219" oya="2" hai0="42,50,62,128,129,104,132,119,95,39,131,22,31" hai1="36,122,16,14,86,93,82,47,64,100,98,4,59" hai2="0,125,18,56,12,127,108,34,133,117,111,6,21" hai3="49,112,94,60,88,116,115,85,121,52,99,9,24"/><V38/><F38/><W67/><G121/><T101/><D104/><U107/><E4/><V20/><F117/><W66/><G116/><T65/><D119/><U92/><E122/><V51/><F34/><W71/><G67/><T7/><D7/><U19/><E19/><V96/><F96/><W1/><G24/><T2/><D2/><U28/><E28/><V5/><F133/><W55/><G1/><T3/><D3/><U29/><E29/><V97/><F97/><W90/><G9/><T15/><D132/><U32/><E32/><V135/><F135/><W73/><G73/><T123/><D39/><U58/><E36/><V44/><F56/><W83/><REACH who="3" step="1"/><G49/><REACH who="3" ten="170,252,359,209" step="2"/><T130/><D123/><U120/><E120/><V45/><F0/><W126/><G126/><T10/><D50/><U78/><E64/><V68/><F51/><W69/><G69/><T81/><D65/><U26/><E26/><V76/><F68/><W30/><G30/><T41/><D62/><U46/><E46/><V124/><F124/><W110/><G110/><T25/><N who="0" m="33280" /><DORA hai="109" /><T43/><D81/><U57/><E47/><V89/><F127/><W27/><G27/><T113/><D113/><AGARI ba="1,1" hai="52,55,60,66,71,83,85,88,90,94,99,112,113,115" machi="113" ten="40,16000,3" yaku="1,1,11,1,52,5,54,2,53,0" doraHai="84,109" doraHaiUra="23,72" who="3" fromWho="0" sc="170,-163,252,0,359,0,209,173" /><INIT seed="3,0,0,4,5,16" ten="7,252,359,382" oya="3" hai0="67,112,50,105,73,80,36,115,83,9,82,85,113" hai1="52,88,58,44,69,63,13,93,125,60,21,109,76" hai2="18,0,96,19,104,127,72,78,2,126,43,111,47" hai3="64,121,8,57,29,26,128,20,28,23,70,116,100"/><W75/><G121/><T11/><D36/><U55/><E109/><V101/><F111/><W6/><G116/><T119/><D67/><U39/><E125/><N who="2" m="47627" /><F78/><W132/><G70/><T14/><D50/><U37/><E76/><V41/><F72/><W27/><G75/><T35/><D35/><U108/><E108/><V94/><F104/><W129/><G132/><T34/><D34/><U77/><E77/><V1/><F43/><W15/><G100/><T84/><D14/><U53/><E69/><V86/><F86/><W42/><G42/><T62/><D73/><U33/><E33/><V22/><F22/><W61/><AGARI ba="0,0" hai="6,8,15,20,23,26,27,28,29,57,61,64,128,129" machi="61" ten="30,11700,0" yaku="0,1,9,1,52,2" doraHai="16" who="3" fromWho="3" sc="7,-39,252,-39,359,-39,382,117" owari="-32,-53.0,213,-19.0,320,12.0,499,60.0" /></mjloggm>