<mjloggm ver="2.3"><GO type="97" lobby="0"/><UN n0="%77%6F%6C%6C%61%77%73" n1="%E6%B0%97%E3%83%AC%E3%83%B3%E3%82%B8%E3%83%A3%E3%83%BC" n2="%E3%82%A6%E3%83%AB%E3%83%88%E3%83%A9%E7%AB%8B%E7%9B%B4" n3="%50%73%69%5F%70%65%6E" dan="14,15,15,13" rate="1911.72,1984.58,1987.14,1873.53" sx="M,M,M,M"/><TAIKYOKU oya="0"/><INIT seed="0,0,0,4,5,6" ten="250,250,250,250" oya="0" hai0="38,51,54,22,47,5,74,26,122,100,52,15,67" hai1="87,48,133,4,10,37,128,63,114,113,34,94,36" hai2="73,129,32,35,44,2,78,98,75,57,17,93,105" hai3="9,82,117,126,70,85,71,55,97,25,125,8,132"/><T65/><D122/><U116/><E34/><V30/><F105/><W115/><G117/><T95/><D74/><U61/><E116/><V21/><F129/><W39/><G39/><N who="1" m="14922" /><E48/><V3/><F44/><W120/><G120/><T27/><D38/><U62/><E128/><V91/><F73/><W131/><G115/><N who="1" m="44042" /><E133/><V33/><F30/><W23/><G131/><T108/><D108/><U7/><E94/><V19/><F57/><W20/><G97/><N who="0" m="59455" /><D54/><U123/><E123/><V102/><F33/><W18/><G132/><T60/><D60/><U99/><E99/><V72/><F32/><W90/><G55/><T11/><D26/><U106/><E106/><V53/><F35/><W31/><G70/><T119/><D119/><U83/><E10/><V79/><F53/><W45/><G45/><T1/><D1/><U16/><E16/><AGARI ba="0,0" hai="5,11,15,16,22,27,47,51,52,65,67" m="59455" machi="16" ten="30,11600,0" yaku="8,1,52,1,54,2" doraHai="6" who="0" fromWho="1" sc="250,116,250,-116,250,0,250,0" /><INIT seed="0,1,0,0,3,111" ten="366,134,250,250" oya="0" hai0="131,10,31,135,7,36,63,115,73,62,48,61,123" hai1="37,17,38,55,79,93,91,100,134,117,95,56,0" hai2="94,77,88,21,114,49,13,67,34,71,80,6,65" hai3="22,50,19,46,98,2,41,127,16,82,113,121,45"/><T29/><D123/><U125/><E117/><V1/><F34/><W54/><G121/><T87/><D73/><U124/><E0/><V20/><F1/><W30/><G2/><T103/><D36/><U118/><E118/><V43/><F71/><W97/><G127/><N who="1" m="48714" /><E134/><V15/><F114/><W66/><G66/><N who="2" m="25097" /><F80/><W104/><G104/><T9/><D135/><U59/><E79/><V110/><F77/><W40/><G113/><T8/><D115/><U14/><E100/><V42/><F110/><W53/><G82/><T133/><D133/><U81/><E81/><V99/><F49/><W105/><G105/><T68/><D68/><U132/><E132/><V102/><F102/><W25/><G41/><N who="2" m="15369" /><F13/><W23/><G45/><T129/><D7/><U92/><E91/><V4/><F15/><W74/><G74/><T12/><D12/><U78/><E78/><V11/><F11/><W26/><G30/><N who="0" m="11275" /><D103/><U33/><E33/><V75/><F75/><W5/><G5/><AGARI ba="1,0" hai="4,5,6,20,21,88,94,99" m="15369,25097" machi="5" ten="30,2000,0" yaku="8,1,54,1" doraHai="111" who="2" fromWho="3" sc="366,0,134,0,250,23,250,-23" /><INIT seed="1,0,0,0,0,2" ten="366,134,273,227" oya="1" hai0="135,80,95,74,40,46,7,104,105,19,39,111,61" hai1="125,29,87,45,83,17,119,44,76,129,51,117,12" hai2="126,96,108,97,106,25,107,49,72,52,82,34,77" hai3="22,3,64,35,103,132,62,94,23,88,118,54,84"/><U28/><E125/><V122/><F122/><W30/><G118/><T18/><D135/><U31/><E129/><V79/><F126/><W93/><G132/><T26/><D111/><U57/><E57/><V127/><F127/><W16/><G3/><T120/><D120/><U65/><E65/><V47/><F108/><W121/><G121/><T130/><D130/><U59/><E59/><V91/><F79/><W86/><G35/><T42/><D61/><U114/><E114/><V10/><F10/><W124/><G124/><T134/><D134/><U112/><E112/><V75/><F75/><W33/><G33/><T48/><D95/><U43/><REACH who="1" step="1"/><E44/><REACH who="1" ten="366,124,273,227" step="2"/><V66/><F66/><W71/><G54/><T90/><D46/><U68/><E68/><V13/><F52/><W110/><G110/><T100/><D40/><U27/><E27/><V92/><F25/><W78/><G30/><T4/><D26/><U6/><E6/><V55/><F55/><W85/><G78/><T131/><D42/><U128/><E128/><V73/><F77/><W24/><G23/><AGARI ba="0,1" hai="12,17,23,28,29,31,43,45,51,76,83,87,117,119" machi="23" ten="40,3900,0" yaku="1,1,53,1" doraHai="2" doraHaiUra="9" who="1" fromWho="3" sc="366,0,124,49,273,0,227,-39" /><INIT seed="1,1,0,5,2,79" ten="366,173,273,188" oya="1" hai0="63,64,15,10,47,107,112,129,110,30,50,75,98" hai1="26,99,71,78,131,118,33,11,77,130,93,72,127" hai2="105,7,16,103,83,27,94,0,87,66,65,102,119" hai3="59,17,113,128,97,125,60,61,46,86,36,58,115"/><U74/><E71/><V13/><F105/><W96/><G128/><N who="1" m="49194" /><E11/><V106/><F106/><W135/><G36/><T124/><D112/><N who="3" m="43081" /><G46/><T90/><D129/><U8/><E8/><N who="2" m="4255" /><F0/><W24/><G86/><T73/><D124/><U104/><E104/><V70/><F70/><W3/><G3/><T45/><D110/><U67/><E67/><N who="2" m="25611" /><F94/><W100/><G100/><T2/><D107/><U22/><E33/><V92/><F92/><W117/><G117/><T53/><D2/><U49/><E49/><V85/><F85/><W38/><G38/><T5/><D45/><U54/><E127/><V21/><F119/><W12/><G24/><T88/><D30/><N who="1" m="17751" /><E54/><V42/><F42/><W108/><G125/><T20/><D20/><U84/><E118/><V89/><AGARI ba="1,0" hai="16,21,27,83,87,89,102,103" m="25611,4255" machi="89" ten="30,4000,0" yaku="8,1,52,1,54,1" doraHai="79" who="2" fromWho="2" sc="366,-11,173,-21,273,43,188,-11" /><INIT seed="2,0,0,0,3,111" ten="355,152,316,177" oya="2" hai0="74,46,118,45,114,70,97,85,125,86,110,130,34" hai1="0,98,116,106,84,78,47,41,117,120,52,54,58" hai2="10,23,25,88,112,56,26,59,123,35,77,126,76" hai3="1,42,16,66,32,99,89,60,73,107,30,108,62"/><V64/><F112/><W95/><G108/><T22/><D110/><U20/><E0/><V57/><F123/><W13/><G1/><T7/><D74/><U80/><E120/><V39/><F39/><W19/><G73/><T93/><D34/><U51/><E54/><V67/><F10/><W121/><G107/><T113/><D118/><U27/><E98/><V17/><F35/><W28/><G121/><T101/><D70/><U3/><E106/><V61/><F126/><W71/><G62/><T134/><D125/><U132/><E132/><V29/><F29/><W109/><G109/><T105/><D134/><U115/><E115/><V82/><F26/><W91/><G42/><T2/><D86/><U36/><REACH who="1" step="1"/><E3/><REACH who="1" ten="355,142,316,177" step="2"/><V124/><F124/><W103/><G32/><T33/><D33/><U48/><E48/><V14/><F61/><W50/><G50/><T4/><D2/><U65/><E65/><V87/><F25/><W11/><REACH who="3" step="1"/><G19/><AGARI ba="0,1" hai="19,20,27,36,41,47,51,52,58,78,80,84,116,117" machi="19" ten="30,3900,0" yaku="1,1,7,1,54,1,53,0" doraHai="111" doraHaiUra="96" who="1" fromWho="3" sc="355,0,142,49,316,0,177,-39" /><INIT seed="3,0,0,0,2,34" ten="355,191,316,138" oya="3" hai0="111,83,77,97,62,20,55,73,39,6,66,33,68" hai1="95,0,50,12,43,128,59,98,37,22,13,80,130" hai2="29,18,127,75,56,65,31,36,3,106,35,125,81" hai3="114,74,121,26,63,28,5,2,124,104,71,42,118"/><W64/><G118/><T79/><D39/><U69/><E69/><V101/><F36/><W129/><G121/><T44/><D33/><U48/><E0/><V94/><F106/><W135/><G114/><T120/><D120/><U116/><E80/><V30/><F35/><N who="3" m="20887" /><G42/><T41/><D41/><U72/><E72/><V131/><F81/><W60/><G60/><T61/><D111/><U99/><E116/><V32/><F75/><W122/><G122/><T119/><D119/><U93/><E98/><V21/><F32/><W49/><G49/><N who="1" m="19050" /><E59/><V126/><F56/><W67/><G67/><T115/><D115/><U100/><E93/><V103/><F65/><W25/><G135/><T7/><D79/><U11/><E11/><V16/><F94/><W46/><G129/><N who="1" m="49770" /><E22/><V57/><F57/><W27/><G124/><T91/><D62/><U52/><E52/><V108/><F108/><W132/><G46/><AGARI ba="0,0" hai="12,13,37,43,46,95,99,100" m="49770,19050" machi="46" ten="30,1000,0" yaku="19,1" doraHai="34" who="1" fromWho="3" sc="355,0,191,10,316,0,138,-10" owari="355,45.0,201,-20.0,316,12.0,128,-37.0" /></mjloggm>