<mjloggm ver="2.3"><GO type="97" lobby="0"/><UN n0="%E2%99%AA%E3%82%A2%E3%83%AB%E3%83%95%E3%82%A9%E3%83%BC%E3%83%88%E2%99%AA" n1="%E3%83%9E%E3%83%A1%E3%83%9D%E3%82%B3" n2="%EF%BC%B0%EF%BC%AF%EF%BC%AB%EF%BC%AF" n3="%E3%82%A6%E3%83%AB%E3%83%88%E3%83%A9%E7%AB%8B%E7%9B%B4" dan="14,15,14,15" rate="1857.07,1983.33,1910.17,1979.74" sx="F,M,F,M"/><TAIKYOKU oya="0"/><INIT seed="0,0,0,2,0,133" ten="250,250,250,250" oya="0" hai0="76,74,50,115,31,105,45,49,42,34,82,90,61" hai1="121,73,124,102,3,123,119,0,56,17,86,78,23" hai2="28,71,135,103,75,5,126,112,37,57,99,48,12" hai3="19,110,38,32,96,21,88,1,33,67,44,24,6"/><T130/><D115/><U41/><E119/><V46/><F112/><W98/><G96/><T60/><D105/><U122/><E73/><V29/><F135/><W92/><G110/><T40/><D130/><U118/><E118/><V54/><F71/><W53/><G6/><T95/><D31/><U81/><E102/><V52/><F75/><W20/><G1/><T63/><D34/><U62/><E41/><V68/><F126/><W47/><G67/><T11/><D11/><U109/><E124/><V125/><F125/><W117/><G117/><T84/><D60/><U83/><E83/><V4/><F68/><W116/><G116/><T35/><D35/><U2/><E109/><V108/><F108/><W72/><G72/><T70/><D70/><U128/><E128/><V80/><F80/><W85/><G85/><T13/><D13/><U9/><E9/><V120/><F120/><W134/><G134/><T69/><D69/><U25/><REACH who="1" step="1"/><E2/><REACH who="1" ten="250,240,250,250" step="2"/><V55/><F103/><W107/><G107/><T7/><D7/><U127/><E127/><V129/><F4/><W58/><G21/><T14/><D42/><U26/><E26/><V79/><F5/><W94/><G32/><T101/><D101/><U132/><E132/><V106/><F129/><W87/><G33/><T113/><D113/><U131/><E131/><V22/><F106/><W111/><G111/><T30/><D14/><U16/><E16/><V64/><F12/><W114/><G114/><T97/><D30/><U77/><E77/><V8/><F28/><W65/><G19/><T15/><D15/><U36/><E36/><RYUUKYOKU ba="0,1" sc="250,-10,240,30,250,-10,250,-10" hai1="0,3,17,23,25,56,62,78,81,86,121,122,123" /><INIT seed="1,1,1,3,0,10" ten="240,270,240,240" oya="1" hai0="120,23,16,17,80,61,67,66,36,49,98,35,85" hai1="106,101,58,125,22,11,41,56,121,2,105,44,109" hai2="37,113,123,6,102,1,128,7,99,70,117,15,8" hai3="20,119,18,51,46,81,0,115,28,112,54,21,71"/><U40/><E121/><V38/><F117/><W30/><G71/><T50/><D36/><U5/><E125/><V59/><F123/><W31/><G0/><T126/><D126/><U55/><E109/><V127/><F70/><W92/><G119/><T48/><D35/><U12/><E101/><V87/><F127/><W110/><G110/><T97/><D120/><U116/><E116/><V134/><F113/><W77/><G92/><T129/><D129/><U29/><E56/><V34/><F134/><W111/><G111/><T32/><D32/><U19/><E29/><V33/><F128/><W62/><G62/><T4/><D4/><U104/><REACH who="1" step="1"/><E44/><REACH who="1" ten="240,260,240,240" step="2"/><V86/><F102/><W68/><G68/><T72/><D61/><AGARI ba="1,2" hai="2,5,11,12,19,22,40,41,55,58,61,104,105,106" machi="61" ten="40,7700,0" yaku="1,1,2,1,52,1,53,0" doraHai="10" doraHaiUra="76" who="1" fromWho="0" sc="240,-80,260,100,240,0,240,0" /><INIT seed="1,2,0,0,1,95" ten="160,360,240,240" oya="1" hai0="68,73,100,61,79,118,76,12,15,43,101,89,91" hai1="29,102,6,17,56,45,24,122,0,25,96,30,71" hai2="55,125,10,74,5,135,27,121,13,82,72,38,130" hai3="85,124,127,3,69,54,103,111,78,57,46,40,67"/><U88/><E71/><V49/><F121/><W51/><G3/><T35/><D68/><U70/><E70/><V107/><F135/><W134/><G85/><T113/><D113/><U21/><E122/><V41/><F130/><W75/><G78/><N who="0" m="29739" /><D35/><U106/><E45/><V47/><F125/><N who="3" m="48203" /><G103/><N who="0" m="39499" /><D118/><U90/><E56/><V128/><F128/><W44/><G75/><T94/><D94/><U31/><REACH who="1" step="1"/><E25/><REACH who="1" ten="160,350,240,240" step="2"/><V129/><F129/><W59/><G134/><T33/><D73/><U60/><E60/><V132/><F132/><W26/><G26/><T117/><D117/><U93/><E93/><V37/><F107/><W23/><G46/><T66/><D33/><U42/><E42/><V64/><F27/><W114/><G59/><N who="0" m="37183" /><D43/><U126/><E126/><V11/><F41/><W39/><G114/><T119/><D119/><U22/><E22/><V77/><F72/><W52/><G23/><T99/><D99/><U112/><E112/><V20/><F20/><W83/><G69/><T48/><D48/><U120/><E120/><V123/><F123/><W50/><G50/><T14/><AGARI ba="2,1" hai="12,14,15,89,91" m="37183,39499,29739" machi="14" ten="30,1100,0" yaku="8,1" doraHai="95" who="0" fromWho="0" sc="160,27,350,-7,240,-5,240,-5" /><INIT seed="2,0,0,2,3,99" ten="187,343,235,235" oya="2" hai0="14,34,42,17,80,41,16,1,77,127,47,79,124" hai1="115,35,82,28,100,84,78,123,64,2,70,50,131" hai2="66,56,110,83,74,10,88,44,57,32,27,48,105" hai3="119,54,111,101,43,33,0,21,40,113,31,59,36"/><V81/><F105/><W7/><G33/><T112/><D112/><U63/><E115/><V120/><F120/><W13/><G0/><T62/><D34/><U116/><E116/><V71/><F74/><W108/><G119/><T52/><D1/><U86/><E2/><V24/><F110/><N who="3" m="42027" /><G36/><T22/><D17/><U118/><E118/><V128/><F128/><W106/><G113/><T91/><D91/><U51/><E131/><V72/><F72/><W103/><G106/><T25/><D25/><N who="2" m="9802" /><F32/><W107/><G107/><T5/><D5/><U126/><E86/><N who="2" m="50255" /><F71/><W97/><G97/><T46/><D46/><U73/><E73/><V39/><F39/><W114/><G114/><T122/><D122/><U9/><E123/><V93/><F66/><W8/><G21/><T61/><D80/><U89/><E35/><V134/><F83/><W90/><G90/><T37/><D42/><N who="3" m="15913" /><G31/><T49/><D61/><AGARI ba="0,0" hai="7,8,13,54,59,61,101,103" m="15913,42027" machi="61" ten="30,3900,0" yaku="14,1,52,2" doraHai="99" who="3" fromWho="0" sc="187,-39,343,0,235,0,235,39" /><INIT seed="3,0,0,4,1,53" ten="148,343,235,274" oya="3" hai0="111,49,31,70,29,4,110,44,35,81,73,48,123" hai1="51,67,57,24,114,6,117,84,102,32,23,50,28" hai2="132,130,135,17,125,119,107,68,129,108,62,96,86" hai3="27,65,61,126,115,52,127,37,106,64,60,42,5"/><W97/><G5/><T80/><D70/><U43/><E114/><V131/><F119/><W134/><G115/><T22/><D123/><U72/><E72/><V99/><F17/><W101/><G134/><N who="2" m="51241" /><F108/><W87/><G87/><T38/><D38/><U2/><E117/><V40/><F40/><W18/><G18/><T47/><D73/><U14/><E43/><V113/><F113/><W122/><G27/><T54/><D4/><U100/><E2/><V109/><F109/><N who="0" m="41482" /><D54/><U120/><E32/><V91/><F62/><W95/><G122/><T3/><D22/><U75/><E75/><V89/><F68/><W121/><G121/><T66/><D66/><N who="3" m="25705" /><G37/><T76/><D76/><U74/><E74/><V21/><F21/><W12/><G42/><T56/><D3/><U103/><E120/><V78/><F78/><W10/><G10/><T90/><D90/><N who="2" m="34314" /><F86/><W9/><G9/><T83/><D35/><U104/><E84/><V0/><F0/><W55/><G61/><T58/><D47/><U19/><E104/><V34/><F34/><W71/><G106/><T88/><D88/><U36/><E36/><V69/><F69/><W77/><G77/><T116/><D116/><U39/><E39/><V16/><F16/><W133/><G133/><T98/><D98/><N who="2" m="37418" /><F107/><W13/><G71/><T79/><D79/><U15/><E6/><V26/><F26/><W41/><G41/><N who="0" m="24591" /><D49/><N who="1" m="18443" /><E19/><V105/><F105/><W25/><G25/><T63/><D63/><AGARI ba="0,0" hai="14,15,23,24,28,57,63,67,100,102,103" m="18443" machi="63" ten="30,2000,0" yaku="8,1,52,1" doraHai="53" who="1" fromWho="0" sc="148,-20,343,20,235,0,274,0" owari="128,-37.0,363,46.0,235,-16.0,274,7.0" /></mjloggm>