<mjloggm ver="2.3"><GO type="97" lobby="0"/><UN n0="%69%74%61%64%61%79" n1="%E3%82%A6%E3%83%AB%E3%83%88%E3%83%A9%E7%AB%8B%E7%9B%B4" n2="%7A%61%6B%6F%73%69%6E%65" n3="%E7%89%9B%E4%B9%B3%E4%B8%80%E6%B0%97%E9%A3%B2%E3%81%BF" dan="13,15,15,14" rate="1877.97,2009.72,1978.81,1925.82" sx="M,M,F,M"/><TAIKYOKU oya="0"/><INIT seed="0,0,0,0,3,65" ten="250,250,250,250" oya="0" hai0="45,127,80,38,1,123,135,119,13,30,55,2,61" hai1="105,100,121,63,103,130,44,107,8,104,70,89,79" hai2="126,52,34,133,6,37,22,88,78,50,3,64,42" hai3="120,108,46,128,21,77,125,11,57,93,87,0,19"/><T112/><D123/><U116/><E121/><V81/><F34/><W72/><G120/><T18/><D119/><U23/><E116/><V94/><F22/><W115/><G115/><T15/><D112/><U31/><E79/><V95/><F95/><W102/><G72/><T84/><D135/><U110/><E110/><V113/><F64/><W27/><G108/><T32/><D127/><U75/><E75/><N who="2" m="43231" /><F113/><W99/><G125/><T5/><D32/><U106/><E8/><N who="2" m="2143" /><F126/><W56/><G128/><T73/><D30/><U71/><E31/><V117/><F117/><W16/><G0/><T49/><D73/><U92/><E23/><V58/><F133/><W122/><G122/><T26/><D26/><U28/><E28/><V35/><F35/><W40/><G11/><T131/><D131/><U7/><E7/><V47/><F94/><W68/><G19/><T90/><D38/><U60/><E130/><V67/><F67/><W69/><G56/><T43/><D43/><U134/><E134/><V25/><F25/><W48/><REACH who="3" step="1"/><G57/><REACH who="3" ten="250,250,250,240" step="2"/><T12/><D61/><U129/><E129/><V124/><F124/><W53/><G53/><T76/><D76/><U118/><E63/><V101/><F101/><W54/><G54/><T132/><D132/><U9/><E100/><V96/><F96/><W85/><G85/><T86/><D86/><U111/><E103/><V10/><F10/><W114/><G114/><T59/><D59/><U91/><E9/><V109/><F109/><W20/><G20/><T39/><D39/><U17/><N who="1" m="26624" /><DORA hai="62" /><U29/><E60/><V97/><F97/><RYUUKYOKU ba="0,1" sc="250,-15,250,-15,250,15,240,15" hai2="37,42,47,50,52,58,88" hai3="16,21,27,40,46,48,68,69,77,87,93,99,102" /><INIT seed="1,1,1,2,0,47" ten="235,235,265,255" oya="1" hai0="82,17,32,18,118,93,50,101,133,16,111,104,27" hai1="33,60,52,13,64,90,70,21,30,91,102,74,126" hai2="75,110,67,43,15,6,109,79,23,84,129,105,66" hai3="100,42,119,8,107,48,61,103,9,31,114,78,37"/><U11/><E74/><V10/><F105/><W97/><G114/><T22/><D118/><U127/><E102/><V14/><F75/><W69/><G119/><T71/><D133/><U19/><E33/><V106/><F106/><W99/><G78/><T89/><D111/><N who="2" m="42506" /><F129/><W57/><G31/><T59/><D71/><U124/><E30/><V68/><F43/><W39/><G69/><T72/><D72/><U131/><E131/><V94/><F68/><W53/><G37/><T40/><D32/><U98/><E98/><V135/><F135/><W36/><G36/><T77/><D77/><U4/><REACH who="1" step="1"/><E52/><REACH who="1" ten="235,225,265,255" step="2"/><V29/><F29/><W125/><G39/><T108/><D108/><U117/><E117/><V35/><F35/><W55/><G42/><T38/><D38/><U3/><AGARI ba="1,2" hai="3,4,11,13,19,21,60,64,70,90,91,124,126,127" machi="3" ten="30,18000,2" yaku="1,1,0,1,18,1,53,3" doraHai="47" doraHaiUra="132" who="1" fromWho="1" sc="235,-61,225,203,265,-61,255,-61" /><INIT seed="1,2,0,4,5,127" ten="174,428,204,194" oya="1" hai0="90,6,2,79,80,68,35,84,46,103,25,60,121" hai1="3,29,17,66,58,62,132,105,38,99,89,26,41" hai2="49,133,97,54,32,76,87,8,21,24,5,106,94" hai3="134,73,129,16,36,27,55,111,11,37,45,48,9"/><U10/><E132/><V109/><F109/><W23/><G111/><T104/><D121/><U57/><E41/><V30/><F106/><W52/><G134/><T98/><D46/><U72/><E38/><V123/><F123/><W92/><G73/><T61/><D2/><U81/><E58/><V13/><F133/><W47/><G37/><T7/><D79/><U12/><E3/><V116/><F116/><W18/><G129/><T44/><D44/><U93/><E105/><V114/><F114/><W20/><G92/><T119/><D119/><U107/><E107/><V0/><F0/><W39/><G48/><T42/><D42/><U108/><E108/><V74/><F74/><W95/><G95/><T1/><D1/><U70/><E70/><V19/><F76/><W77/><G77/><T86/><D86/><U122/><E122/><V120/><F120/><W78/><G78/><T28/><D60/><U124/><E124/><V88/><F87/><W40/><G40/><T56/><REACH who="0" step="1"/><D56/><REACH who="0" ten="164,428,204,194" step="2"/><U85/><E72/><V67/><F67/><AGARI ba="2,1" hai="6,7,25,28,35,61,67,68,80,84,90,98,103,104" machi="67" ten="40,8000,1" yaku="1,1,2,1,25,2,53,0" doraHai="127" doraHaiUra="91" who="0" fromWho="2" sc="164,96,428,0,204,-86,194,0" /><INIT seed="2,0,0,3,4,76" ten="260,428,118,194" oya="2" hai0="94,15,125,53,134,50,105,33,106,131,92,91,27" hai1="114,67,48,124,88,77,6,120,29,4,62,115,57" hai2="54,47,87,30,86,99,66,89,46,40,21,38,35" hai3="55,130,42,121,109,39,49,64,71,7,52,36,44"/><V16/><F66/><W122/><G7/><T135/><D15/><U34/><E29/><V20/><F87/><W96/><G96/><T60/><D60/><U24/><E34/><V56/><F99/><W8/><G8/><T1/><D1/><U9/><E48/><V75/><F47/><W18/><G18/><T28/><D131/><U98/><E57/><V17/><F75/><W14/><G14/><T68/><D125/><U72/><E62/><V113/><F35/><W5/><G5/><T58/><D68/><U45/><E67/><V85/><F85/><W90/><G90/><T97/><REACH who="0" step="1"/><D94/><REACH who="0" ten="250,428,118,194" step="2"/><U112/><E124/><V101/><F113/><W107/><G130/><T126/><D126/><U132/><E115/><V31/><F101/><W116/><G107/><AGARI ba="0,1" hai="27,28,33,50,53,58,91,92,97,105,106,107,134,135" machi="107" ten="40,8000,1" yaku="1,1,53,3" doraHai="76" doraHaiUra="100" who="0" fromWho="3" sc="250,90,428,0,118,0,194,-80" /><INIT seed="3,0,0,3,2,60" ten="340,428,118,114" oya="3" hai0="15,104,1,56,92,42,89,41,51,54,21,81,25" hai1="94,32,38,90,47,12,110,78,14,6,27,30,112" hai2="8,44,34,20,50,130,102,70,103,100,76,19,91" hai3="98,96,10,5,33,74,26,29,71,45,135,127,85"/><W23/><G135/><T118/><D104/><U99/><E112/><V39/><F130/><W109/><G127/><T88/><D118/><U83/><E6/><V62/><F39/><W75/><G85/><T36/><D1/><U61/><E110/><V126/><F34/><W57/><G109/><T105/><D105/><U67/><E47/><V64/><F126/><W129/><G129/><T37/><D37/><U63/><E63/><V93/><F76/><W107/><G57/><T77/><D36/><U72/><E38/><V43/><F8/><W111/><G45/><T120/><D120/><U116/><E116/><V24/><REACH who="2" step="1"/><F103/><REACH who="2" ten="340,428,108,114" step="2"/><W123/><G111/><T121/><D121/><U124/><E124/><V79/><F79/><W119/><G119/><T84/><D15/><U115/><E115/><V95/><F95/><W66/><G123/><T11/><D11/><U53/><E53/><V68/><F68/><AGARI ba="0,1" hai="12,14,27,30,32,61,67,68,72,78,83,90,94,99" machi="68" ten="30,2000,0" yaku="7,1,52,1" doraHai="60" who="1" fromWho="2" sc="340,0,428,30,108,-20,114,0" owari="340,14.0,458,56.0,88,-41.0,114,-29.0" /></mjloggm>