<mjloggm ver="2.3"><GO type="97" lobby="0"/><UN n0="%E7%86%9F%E5%A5%B3%E5%A6%96%E7%B2%BE%6D%6B%6F%30" n1="%E4%BA%8C%E7%95%AA%E5%BA%95" n2="%6B%6F%2D%73%68%69%72%6F" n3="%E3%82%A6%E3%83%AB%E3%83%88%E3%83%A9%E7%AB%8B%E7%9B%B4" dan="14,15,14,15" rate="1869.08,1990.40,1966.50,2000.75" sx="F,M,M,M"/><TAIKYOKU oya="0"/><INIT seed="0,0,0,2,2,54" ten="250,250,250,250" oya="0" hai0="116,36,30,76,124,55,43,78,80,107,5,129,85" hai1="35,2,19,135,50,68,1,65,27,115,22,96,70" hai2="131,24,44,47,103,56,100,108,26,109,53,125,73" hai3="133,66,10,71,72,34,123,79,39,106,113,20,127"/><T17/><D116/><U117/><E117/><V105/><F73/><W31/><G20/><T118/><D118/><U18/><E35/><V99/><F103/><W88/><G10/><T87/><D107/><U119/><E119/><V58/><F53/><W14/><G14/><T128/><D5/><U130/><E68/><V28/><F131/><W89/><G31/><T102/><D102/><U121/><E121/><V69/><F69/><W7/><G7/><T48/><D30/><U82/><E130/><N who="0" m="50281" /><D17/><U46/><E115/><V25/><F125/><W77/><G106/><T12/><D12/><U33/><E33/><V86/><F86/><W122/><G34/><T13/><D13/><U37/><E19/><V8/><F8/><W75/><G127/><T111/><D124/><U81/><E37/><V4/><F4/><W93/><G113/><T42/><D36/><U98/><E2/><V92/><F105/><W64/><G39/><T126/><D126/><U59/><E70/><V45/><REACH who="2" step="1"/><F28/><REACH who="2" ten="250,250,240,250" step="2"/><W112/><G71/><T114/><D114/><U60/><E1/><V52/><F52/><W101/><G112/><T57/><D111/><AGARI ba="0,1" hai="24,25,26,44,45,47,56,58,92,99,100,108,109,111" machi="111" ten="50,8000,1" yaku="1,1,14,1,52,2,53,0" doraHai="54" doraHaiUra="51" who="2" fromWho="0" sc="250,-80,250,0,240,90,250,0" /><INIT seed="1,0,0,4,4,127" ten="170,250,330,250" oya="1" hai0="111,119,41,12,101,79,52,31,73,42,67,93,113" hai1="117,43,105,35,20,106,108,80,0,22,44,103,60" hai2="59,104,115,97,110,30,116,124,36,5,100,92,18" hai3="72,15,133,112,54,1,53,8,122,63,66,47,26"/><U91/><E117/><V25/><F116/><W3/><G72/><T27/><D113/><U64/><E35/><V4/><F115/><W32/><G122/><T95/><D119/><U33/><E33/><V118/><F118/><W24/><G112/><T125/><D125/><U126/><E126/><V21/><F124/><W90/><G133/><T45/><D111/><U70/><E0/><V85/><F36/><W132/><G132/><T62/><D73/><U82/><E108/><V19/><F110/><W86/><G3/><T78/><D41/><U68/><E68/><V46/><F46/><W49/><G53/><T55/><D78/><U40/><E40/><V77/><F59/><W10/><G10/><T28/><D79/><U56/><E70/><V17/><REACH who="2" step="1"/><F104/><REACH who="2" ten="170,250,320,250" step="2"/><W14/><G47/><T121/><D121/><U61/><E105/><V84/><F84/><W75/><G86/><T57/><D45/><U89/><E106/><V109/><F109/><W128/><G75/><T98/><D42/><U71/><E44/><V13/><F13/><W11/><G15/><T74/><D12/><U87/><E43/><V2/><F2/><W65/><G14/><T16/><D74/><U120/><E120/><V7/><F7/><W130/><G1/><T129/><D129/><U135/><E135/><V123/><F123/><W6/><G130/><T37/><D37/><U102/><E87/><V99/><F99/><W50/><G128/><T96/><D96/><U69/><E56/><V76/><F76/><W38/><G38/><T9/><D93/><U48/><E48/><V131/><F131/><RYUUKYOKU ba="0,1" sc="170,-15,250,15,320,15,250,-15" hai1="20,22,60,61,64,69,71,80,82,89,91,102,103" hai2="4,5,17,18,19,21,25,30,77,85,92,97,100" /><INIT seed="1,1,1,2,5,123" ten="155,265,335,235" oya="1" hai0="78,58,101,17,111,91,120,89,112,41,33,122,59" hai1="56,50,70,92,135,129,90,25,49,47,53,98,102" hai2="27,69,86,71,44,63,76,32,125,97,61,42,124" hai3="84,8,1,108,74,107,65,57,35,130,109,55,3"/><U114/><E114/><V29/><F97/><W6/><G74/><T93/><D33/><U22/><E70/><N who="2" m="26635" /><F86/><W81/><G65/><T2/><D2/><U18/><E135/><V24/><F76/><W66/><G66/><T79/><D112/><U30/><E129/><V100/><F100/><W45/><G45/><T36/><D36/><U52/><E30/><V72/><F72/><W5/><G35/><T20/><D41/><U116/><E116/><V75/><F75/><W43/><G43/><T87/><D101/><AGARI ba="1,1" hai="18,22,25,47,49,50,52,53,56,90,92,98,101,102" machi="101" ten="40,3900,0" yaku="8,1,54,1" doraHai="123" who="1" fromWho="0" sc="155,-42,265,52,335,0,235,0" /><INIT seed="1,2,0,2,2,85" ten="113,317,335,235" oya="1" hai0="81,77,109,27,108,48,14,92,114,118,37,132,95" hai1="61,64,103,124,3,45,25,60,102,16,91,58,31" hai2="78,54,51,76,15,82,19,99,120,74,50,70,38" hai3="57,115,26,89,72,11,104,53,22,65,71,30,43"/><U128/><E3/><V5/><F120/><W112/><G104/><T86/><D37/><U130/><E124/><V73/><F70/><W126/><G72/><T131/><D48/><U29/><E45/><V63/><F38/><W116/><G116/><T55/><D118/><U52/><E31/><V100/><F5/><W97/><G126/><T0/><D0/><U46/><E46/><V96/><F63/><W67/><G43/><T84/><D55/><U42/><E42/><V33/><F33/><W110/><G71/><T101/><D14/><U113/><E113/><V23/><F54/><W6/><G110/><N who="0" m="42603" /><D27/><U80/><E29/><V20/><F20/><W87/><G97/><N who="0" m="59559" /><D114/><U17/><E25/><V134/><F134/><W44/><G44/><T107/><D107/><U129/><E61/><V69/><F69/><W21/><G21/><T24/><D24/><U133/><E133/><V1/><F1/><W66/><G112/><T111/><N who="0" m="42611" /><T49/><DORA hai="121" /><D49/><U40/><E40/><V90/><F100/><N who="1" m="38441" /><E64/><V119/><F119/><W79/><G115/><T98/><D132/><U105/><E105/><V7/><F7/><W68/><G68/><T93/><D131/><U28/><E28/><V4/><F4/><W83/><G6/><T13/><D13/><U12/><E12/><V62/><F62/><N who="3" m="36143" /><G11/><T88/><D93/><U56/><E56/><V135/><F135/><W34/><G34/><T35/><D35/><U75/><E75/><AGARI ba="2,0" hai="75,77,81,84,86,88,95,98" m="59559,42611" machi="75" ten="40,16000,3" yaku="14,1,34,2,52,5,54,1" doraHai="85,121" who="0" fromWho="1" sc="113,166,317,-166,335,0,235,0" /><INIT seed="2,0,0,4,2,105" ten="279,151,335,235" oya="2" hai0="83,44,43,27,9,97,95,69,120,132,103,85,3" hai1="77,100,129,119,22,84,30,39,63,131,51,21,36" hai2="98,91,89,90,32,59,2,12,41,88,116,13,17" hai3="109,55,20,94,31,127,40,81,101,16,35,46,0"/><V73/><F116/><W6/><G127/><T14/><D120/><U18/><E119/><V60/><F2/><W68/><G68/><T48/><D69/><U23/><E100/><V78/><F32/><W67/><G67/><T71/><D71/><U125/><E125/><V80/><F41/><W52/><G109/><T62/><D132/><U96/><E96/><V107/><F17/><W92/><G31/><T28/><D62/><U25/><E63/><V117/><F117/><W49/><G35/><T74/><D3/><U128/><E51/><V104/><N who="2" m="23040" /><DORA hai="34" /><V70/><F70/><W114/><G114/><T113/><D113/><U64/><E64/><V11/><F11/><W4/><G81/><T118/><D118/><U75/><E84/><V8/><F8/><W50/><G40/><T66/><D66/><U33/><REACH who="1" step="1"/><E18/><REACH who="1" ten="279,141,335,235" step="2"/><V65/><REACH who="2" step="1"/><F98/><REACH who="2" ten="279,141,325,235" step="2"/><W26/><G101/><T10/><D97/><U106/><E106/><AGARI ba="0,2" hai="12,13,59,60,65,73,78,80,104,106,107" m="23040" machi="106" ten="50,12000,1" yaku="1,1,2,1,52,1,54,1,53,0" doraHai="105,34" doraHaiUra="134,93" who="2" fromWho="1" sc="279,0,141,-120,325,140,235,0" /><INIT seed="2,1,0,2,0,24" ten="279,21,465,235" oya="2" hai0="31,2,36,83,73,39,8,63,46,77,51,122,33" hai1="41,89,68,119,107,82,84,65,70,14,81,91,112" hai2="113,54,1,98,10,26,116,100,130,75,110,29,93" hai3="25,62,27,61,106,90,101,129,127,94,72,13,123"/><V132/><F116/><W79/><G123/><T120/><D51/><U134/><E41/><V95/><F113/><W22/><G101/><T58/><D58/><U21/><E65/><V7/><F75/><W99/><G106/><T49/><D49/><U60/><E60/><V76/><F132/><W117/><G117/><T133/><D63/><N who="3" m="24073" /><G72/><T121/><D46/><U18/><E119/><V34/><F130/><W12/><G129/><T66/><D66/><U19/><E112/><V88/><F110/><W103/><G127/><T17/><D17/><U53/><E134/><V45/><F76/><W48/><G79/><T56/><D56/><U135/><E135/><V69/><F69/><W97/><G25/><N who="0" m="18671" /><D133/><U105/><E53/><V42/><F54/><W71/><G71/><T3/><D8/><U96/><E96/><N who="3" m="36938" /><G103/><T11/><D11/><U23/><E105/><V40/><F45/><W128/><G128/><T92/><D92/><U43/><E43/><V16/><F16/><N who="3" m="12743" /><G48/><T86/><D86/><AGARI ba="1,0" hai="1,7,10,26,29,34,40,42,86,88,93,95,98,100" machi="86" ten="30,5800,0" yaku="7,1,52,1,54,1" doraHai="24" who="2" fromWho="0" sc="279,-61,21,0,465,61,235,0" /><AGARI ba="1,0" hai="12,13,86,90,94" m="12743,36938,24073" machi="86" ten="30,2000,0" yaku="8,1,54,1" doraHai="24" who="3" fromWho="0" sc="218,-20,21,0,526,0,235,20" /><INIT seed="2,2,0,4,4,38" ten="198,21,526,255" oya="2" hai0="119,4,25,117,120,39,33,112,109,108,84,15,63" hai1="80,13,27,30,111,70,64,61,10,16,76,37,129" hai2="50,133,114,31,127,26,85,93,79,95,115,66,19" hai3="35,23,0,51,75,134,73,14,52,32,132,62,78"/><V28/><F133/><N who="3" m="51307" /><G62/><T126/><D63/><U77/><E111/><N who="0" m="42569" /><D84/><U101/><E129/><V2/><F2/><W103/><G103/><T105/><D105/><U113/><E113/><V124/><F66/><W91/><G91/><T67/><D67/><U72/><E77/><V48/><F79/><W104/><G104/><T8/><D39/><U122/><E122/><V55/><F85/><W102/><G102/><T21/><D120/><U68/><E101/><V43/><F19/><N who="3" m="10743" /><G0/><T110/><D112/><N who="2" m="43050" /><F26/><W107/><G107/><T1/><D126/><N who="2" m="48170" /><F55/><W135/><G135/><T11/><N who="0" m="42577" /><T94/><DORA hai="9" /><D94/><N who="2" m="35850" /><F43/><W65/><G65/><T96/><D96/><U69/><REACH who="1" step="1"/><E37/><REACH who="1" ten="198,11,526,255" step="2"/><V125/><N who="2" m="48178" /><V3/><DORA hai="56" /><F3/><W24/><G78/><T88/><D119/><U130/><E130/><V59/><F59/><W128/><G128/><T98/><D117/><U90/><E90/><V121/><F121/><W41/><G75/><T100/><D100/><U99/><E99/><V36/><F36/><W58/><G73/><T123/><D98/><U86/><E86/><V82/><F82/><W106/><G106/><T49/><D88/><U116/><E116/><V45/><F45/><W6/><G58/><T12/><D123/><U71/><E71/><V60/><F60/><W40/><G51/><AGARI ba="2,1" hai="28,31,48,50,51" m="35850,48178,43050" machi="51" ten="50,9600,0" yaku="28,2,18,1" doraHai="38,9,56" who="2" fromWho="3" sc="198,0,11,0,526,112,255,-102" /><INIT seed="2,3,0,5,0,101" ten="198,11,638,153" oya="2" hai0="73,115,131,67,118,119,46,53,57,22,12,44,35" hai1="41,7,50,39,38,61,72,21,28,37,9,45,27" hai2="117,20,114,66,36,68,19,18,31,32,52,8,1" hai3="62,105,48,30,4,111,103,75,83,85,107,79,2"/><V102/><F117/><N who="0" m="44554" /><D73/><U134/><E72/><V108/><F114/><W42/><G111/><T96/><D35/><U112/><E112/><V127/><F108/><W95/><G30/><T90/><D115/><U128/><E134/><V43/><F127/><W40/><G62/><T14/><D131/><U123/><E123/><V23/><F102/><W122/><G122/><T125/><D125/><U109/><E109/><V135/><F135/><W63/><G63/><T13/><D22/><N who="2" m="8234" /><F52/><W64/><G64/><T15/><N who="0" m="3584" /><DORA hai="26" /><T51/><D67/><U87/><E128/><V76/><F43/><W81/><G48/><T99/><D90/><U132/><E132/><V69/><F36/><W130/><G4/><T10/><D10/><U126/><E126/><V33/><F66/><W71/><G2/><T88/><D99/><U0/><E61/><V106/><F76/><N who="3" m="44191" /><G42/><T11/><D11/><U89/><REACH who="1" step="1"/><E37/><REACH who="1" ten="198,1,638,153" step="2"/><V16/><F1/><W113/><G113/><T70/><D70/><N who="2" m="27242" /><F8/><W97/><G71/><T56/><D56/><U92/><AGARI ba="3,1" hai="0,7,9,21,27,28,38,39,41,45,50,87,89,92" machi="92" ten="20,5200,0" yaku="1,1,0,1,7,1,52,1,53,0" doraHai="101,26" doraHaiUra="78,104" who="1" fromWho="1" sc="198,-16,1,71,638,-29,153,-16" /><INIT seed="3,0,0,4,2,65" ten="182,72,609,137" oya="3" hai0="25,108,110,30,62,79,113,13,94,2,130,60,72" hai1="66,131,18,19,43,9,35,22,73,56,7,50,55" hai2="23,49,68,16,46,75,102,47,109,24,20,92,133" hai3="117,121,85,51,59,97,15,105,80,58,37,98,44"/><W31/><G37/><T0/><D130/><U112/><E35/><V57/><F109/><N who="0" m="42090" /><D113/><U12/><E112/><V122/><F122/><W135/><G135/><T118/><D118/><U3/><E73/><V84/><F133/><W91/><G117/><T114/><D114/><U67/><E131/><V27/><F75/><W11/><G31/><T48/><D72/><U54/><E43/><V125/><F125/><W29/><G29/><T10/><D79/><U42/><E42/><V100/><F68/><W36/><G36/><T95/><D48/><U38/><E38/><V111/><F111/><W103/><G98/><T123/><D123/><U93/><E93/><N who="0" m="35337" /><D62/><U32/><E32/><V39/><F39/><W89/><G89/><T120/><D60/><U96/><E96/><V87/><F92/><W106/><G106/><T81/><D81/><U104/><E104/><V26/><F49/><W127/><G127/><T99/><D99/><U128/><E128/><V53/><F57/><W78/><G121/><T76/><D76/><U52/><REACH who="1" step="1"/><E18/><REACH who="1" ten="182,62,609,137" step="2"/><V33/><F33/><W40/><G91/><T14/><D120/><U8/><E8/><V126/><F126/><W45/><G45/><N who="2" m="16905" /><F16/><AGARI ba="0,1" hai="11,15,16,40,44,51,58,59,78,80,85,97,103,105" machi="16" ten="30,2900,0" yaku="7,1,54,1" doraHai="65" who="3" fromWho="2" sc="182,0,62,0,609,-29,137,39" /><INIT seed="3,1,0,5,3,102" ten="182,62,580,176" oya="3" hai0="57,92,81,41,19,79,65,64,55,114,3,99,4" hai1="86,113,37,78,134,98,33,112,135,105,1,104,28" hai2="43,131,38,34,124,51,52,0,8,74,93,103,109" hai3="59,25,88,13,75,40,60,108,123,119,63,14,17"/><W116/><G75/><T2/><D114/><U39/><E1/><V20/><F109/><W120/><G25/><T73/><D2/><U9/><E9/><V83/><F131/><W6/><G40/><T100/><D41/><U44/><E98/><V29/><F124/><W50/><G50/><T72/><D72/><U32/><E86/><V18/><F38/><N who="1" m="14345" /><E44/><V71/><F71/><W91/><G59/><T58/><D58/><U121/><E78/><V130/><F130/><W122/><G6/><T24/><D3/><U21/><E21/><V80/><F43/><W10/><G10/><T47/><D47/><U87/><E87/><V118/><F118/><W89/><G17/><T133/><D133/><N who="1" m="50699" /><E28/><V54/><F74/><W69/><G69/><T67/><D4/><U90/><E90/><V48/><F34/><N who="1" m="13417" /><E121/><V84/><F0/><W106/><G108/><T56/><D55/><N who="2" m="21034" /><F8/><W12/><G116/><T132/><D132/><U70/><E70/><V117/><F29/><W35/><G35/><T49/><D49/><N who="2" m="19018" /><F117/><W27/><G27/><T94/><D94/><U95/><E95/><V85/><F103/><W77/><G77/><T128/><D92/><U111/><E111/><V76/><F93/><W46/><G46/><T66/><D100/><U42/><E42/><V110/><F110/><W101/><G119/><T23/><D99/><AGARI ba="1,0" hai="12,13,14,60,63,88,89,91,99,101,106,120,122,123" machi="99" ten="50,12000,1" yaku="29,2,52,1,54,1" doraHai="102" who="3" fromWho="0" sc="182,-123,62,0,580,0,176,123" /><INIT seed="3,2,0,1,3,122" ten="59,62,580,299" oya="3" hai0="19,43,3,94,13,46,93,73,63,14,2,40,44" hai1="83,107,124,120,5,134,75,86,51,27,57,96,55" hai2="20,132,52,54,66,95,21,47,62,60,113,130,67" hai3="29,103,102,133,77,12,65,76,24,119,30,81,38"/><W118/><G38/><T88/><D73/><U106/><E120/><V99/><F113/><W45/><G45/><T61/><D19/><U79/><E134/><V80/><F132/><W121/><G133/><T48/><D48/><U28/><E124/><V33/><F33/><W108/><G121/><T127/><D127/><U9/><E96/><V129/><F80/><W128/><G12/><T23/><D23/><N who="2" m="8778" /><F95/><W53/><G53/><N who="2" m="20585" /><F99/><W15/><G15/><T17/><D17/><U36/><E36/><V16/><F16/><W56/><G56/><T69/><D69/><U91/><E75/><V34/><F47/><W131/><G81/><T111/><D111/><U112/><E79/><V105/><F34/><W10/><G10/><T72/><D72/><U104/><E112/><V98/><F98/><W32/><G32/><T4/><D4/><U70/><E70/><V25/><F25/><W135/><G135/><T109/><D109/><U74/><E74/><V78/><F78/><W0/><G24/><T64/><D64/><N who="2" m="24618" /><F105/><W37/><G37/><T11/><D11/><U115/><E115/><V117/><F117/><W59/><G65/><T82/><D82/><U125/><E125/><V90/><F90/><AGARI ba="2,0" hai="2,3,13,14,40,43,44,46,61,63,88,90,93,94" machi="90" ten="25,3200,0" yaku="22,2,54,1" doraHai="122" who="0" fromWho="2" sc="59,38,62,0,580,-38,299,0" owari="97,-30.0,62,-44.0,542,64.0,299,10.0" /></mjloggm>