<mjloggm ver="2.3"><GO type="97" lobby="0"/><UN n0="%E3%81%BF%E3%81%A3%E3%81%9F%E3%82%93%EF%BC%81%EF%BC%81%EF%BC%81" n1="%E5%8D%83%E7%BE%BD%E5%A6%99%E8%A6%8B%E6%B5%81" n2="%E3%82%A6%E3%83%AB%E3%83%88%E3%83%A9%E7%AB%8B%E7%9B%B4" n3="%42%61%6B%75%73%61%6E%2B" dan="13,15,15,13" rate="1815.02,1884.89,1959.38,1921.97" sx="M,M,M,M"/><TAIKYOKU oya="0"/><INIT seed="0,0,0,4,0,96" ten="250,250,250,250" oya="0" hai0="13,112,23,109,134,97,61,50,55,123,0,11,30" hai1="19,27,36,111,120,39,57,58,73,115,130,45,37" hai2="24,51,22,114,76,67,107,87,48,103,59,69,54" hai3="92,34,121,4,117,8,52,88,110,75,10,12,78"/><T31/><D123/><U93/><E111/><V100/><F107/><W90/><G117/><T66/><D112/><U44/><E130/><V28/><F114/><W82/><G34/><T126/><D109/><U79/><E79/><V71/><F71/><W127/><G110/><T35/><D134/><U42/><E42/><V40/><F67/><W91/><G121/><T105/><D126/><U65/><E65/><V62/><F69/><W17/><G127/><T122/><D122/><U9/><E9/><V60/><F51/><W56/><G4/><T16/><D35/><U106/><E106/><V81/><F60/><W129/><G129/><T53/><D53/><U84/><E84/><V47/><AGARI ba="0,0" hai="22,24,28,40,47,48,54,59,62,76,81,87,100,103" machi="47" ten="30,7900,0" yaku="0,1,8,1,52,2" doraHai="96" who="2" fromWho="2" sc="250,-39,250,-20,250,79,250,-20" /><INIT seed="1,0,0,1,0,25" ten="211,230,329,230" oya="1" hai0="54,87,72,10,23,82,22,5,0,90,55,110,2" hai1="42,112,98,73,1,44,26,133,78,36,74,88,18" hai2="59,27,39,135,113,8,89,108,102,75,134,49,41" hai3="20,63,32,85,3,35,97,53,101,121,93,114,100"/><U60/><E133/><V128/><F75/><W80/><G121/><T67/><D67/><U30/><E112/><V122/><F122/><W12/><G3/><T13/><D110/><U71/><E88/><V104/><F108/><W17/><G114/><T126/><D126/><U61/><E61/><V105/><F113/><W62/><G101/><T124/><D124/><U115/><E115/><V34/><F39/><W117/><G117/><T15/><D72/><U47/><E47/><V76/><F76/><N who="3" m="46215" /><G32/><T64/><D64/><U125/><E18/><V66/><F102/><W96/><G35/><T109/><D109/><U127/><E26/><V116/><F116/><W77/><G77/><T48/><D54/><U120/><E30/><N who="2" m="19807" /><F89/><W131/><G131/><T57/><D23/><U7/><E60/><N who="3" m="23082" /><G96/><T43/><D43/><U107/><E44/><V37/><F37/><W69/><G69/><T19/><AGARI ba="0,0" hai="0,2,5,10,13,15,19,22,48,55,57,82,87,90" machi="19" ten="30,1100,0" yaku="0,1" doraHai="25" who="0" fromWho="0" sc="211,11,230,-5,329,-3,230,-3" /><INIT seed="2,0,0,4,5,1" ten="222,225,326,227" oya="2" hai0="104,45,100,108,65,83,87,22,37,47,7,131,72" hai1="46,77,66,19,11,23,109,126,38,9,64,16,57" hai2="117,124,70,59,8,128,20,31,111,116,17,101,129" hai3="0,25,60,6,68,99,67,26,134,21,91,58,54"/><V97/><F70/><W112/><G134/><T24/><D108/><U36/><E126/><V12/><F59/><W5/><G0/><T80/><D65/><U69/><E109/><V44/><F44/><W73/><G73/><T106/><D131/><N who="2" m="50250" /><F111/><W85/><G112/><T121/><D121/><U113/><E16/><V125/><F97/><W3/><G3/><T82/><D72/><U102/><E9/><V115/><F101/><W84/><G84/><T34/><D34/><U48/><E77/><V40/><F40/><W33/><G33/><T127/><D127/><N who="2" m="48714" /><F115/><W95/><G85/><T110/><D110/><U79/><E23/><V88/><F88/><W118/><G118/><T13/><D104/><U61/><E11/><V30/><F20/><W123/><G123/><T28/><D45/><U133/><E19/><V15/><F15/><W96/><G96/><T43/><D100/><U120/><E133/><V55/><F55/><W132/><G132/><T105/><D87/><U130/><E79/><V41/><F41/><W35/><G35/><T81/><N who="0" m="20992" /><DORA hai="63" /><T75/><D75/><U86/><E48/><V103/><F103/><W49/><REACH who="3" step="1"/><G21/><REACH who="3" ten="222,225,326,217" step="2"/><T78/><D78/><U89/><E66/><V92/><F117/><W94/><G94/><T90/><D90/><U2/><E57/><V52/><F92/><W98/><G98/><T32/><D32/><U119/><E61/><V76/><F116/><W107/><G107/><T10/><AGARI ba="0,1" hai="7,10,13,22,24,28,37,43,47,105,106" m="20992" machi="10" ten="40,2700,0" yaku="0,1,52,1" doraHai="1,63" who="0" fromWho="0" sc="222,37,225,-7,326,-13,217,-7" /><INIT seed="3,0,0,0,4,66" ten="259,218,313,210" oya="3" hai0="93,52,3,31,133,81,46,40,47,87,33,32,122" hai1="124,86,51,16,88,35,30,135,59,100,72,55,89" hai2="18,83,7,68,24,29,114,94,9,37,60,12,17" hai3="42,13,127,95,126,41,22,84,116,50,121,70,14"/><W106/><G106/><T19/><D122/><U77/><E135/><V85/><F37/><W56/><G121/><T63/><D3/><U99/><E124/><N who="3" m="47658" /><G116/><T44/><D133/><U82/><E16/><V10/><F94/><W2/><G2/><T71/><D19/><U134/><E88/><V101/><F101/><W4/><G4/><T109/><D109/><U26/><E134/><V58/><F68/><W97/><G84/><T117/><D117/><U128/><E128/><V21/><F10/><W75/><G75/><T102/><D31/><U45/><E45/><V123/><F123/><W73/><G73/><T96/><D40/><N who="3" m="15465" /><G22/><T132/><D132/><U25/><E26/><V112/><F112/><W0/><G0/><T91/><D71/><U20/><E30/><V98/><F98/><W103/><G70/><T48/><REACH who="0" step="1"/><D63/><REACH who="0" ten="249,218,313,210" step="2"/><U125/><E59/><AGARI ba="0,1" hai="32,33,44,46,47,48,52,59,81,87,91,93,96,102" machi="59" ten="40,8000,1" yaku="1,1,2,1,54,1,53,1" doraHai="66" doraHaiUra="53" who="0" fromWho="1" sc="249,90,218,-80,313,0,210,0" owari="339,44.0,138,-36.0,313,11.0,210,-19.0" /></mjloggm>