<mjloggm ver="2.3"><GO type="97" lobby="0"/><UN n0="%69%6A%69%67%65%6E" n1="%E5%A4%95%E5%AD%90%E2%99%AA" n2="%47%45%52%42%45%52" n3="%E3%82%A6%E3%83%AB%E3%83%88%E3%83%A9%E7%AB%8B%E7%9B%B4" dan="14,14,14,15" rate="1920.93,1835.89,1975.37,2022.93" sx="M,F,M,M"/><TAIKYOKU oya="0"/><INIT seed="0,0,0,4,1,98" ten="250,250,250,250" oya="0" hai0="55,80,119,4,50,68,133,36,70,9,114,78,22" hai1="52,45,85,112,76,102,99,58,88,73,16,132,125" hai2="106,71,95,75,97,101,89,35,123,82,72,96,84" hai3="126,13,32,127,65,57,8,18,113,122,67,53,134"/><T25/><D119/><U59/><E125/><N who="3" m="47626" /><G113/><T135/><D114/><U48/><E132/><N who="0" m="50761" /><D36/><U66/><E112/><V19/><F71/><W62/><G134/><T24/><D24/><U81/><E66/><N who="3" m="25098" /><G32/><T3/><D25/><U23/><E102/><N who="2" m="60703" /><F35/><W34/><G34/><T83/><D22/><U61/><E61/><V46/><F46/><W2/><G2/><T14/><D3/><U1/><E1/><V79/><F19/><W27/><G27/><T54/><D80/><U93/><E73/><N who="2" m="43375" /><F123/><AGARI ba="0,0" hai="8,13,18,53,57,62,122,123" m="25098,47626" machi="123" ten="30,1000,0" yaku="18,1" doraHai="98" who="3" fromWho="2" sc="250,0,250,0,250,-10,250,10" /><INIT seed="1,0,0,4,3,115" ten="250,250,240,260" oya="1" hai0="95,74,53,96,116,110,63,18,17,49,77,121,122" hai1="89,130,102,1,120,13,105,24,84,128,15,104,20" hai2="31,4,118,40,108,131,0,50,32,46,8,58,114" hai3="99,30,64,76,41,92,81,103,3,79,80,59,72"/><U14/><E1/><V127/><F108/><W85/><G3/><T101/><D110/><U134/><E120/><N who="0" m="46185" /><D63/><U62/><E134/><V129/><F114/><W34/><G41/><T69/><D69/><U33/><E33/><V29/><F58/><W9/><G9/><T66/><D66/><U106/><E62/><V113/><F113/><W19/><G19/><T61/><D61/><U91/><E102/><V60/><F60/><W43/><G43/><T51/><D51/><U36/><E36/><V11/><F11/><W7/><G7/><T71/><D71/><U44/><E44/><V27/><F31/><W135/><G59/><N who="0" m="33199" /><D116/><U82/><REACH who="1" step="1"/><E91/><REACH who="1" ten="250,240,240,260" step="2"/><V16/><F127/><W23/><G34/><T111/><D111/><U125/><E125/><V54/><F40/><W22/><G135/><T68/><D68/><U6/><E6/><V107/><F107/><W12/><G64/><T48/><D48/><U97/><E97/><V93/><F93/><W56/><G56/><T21/><D21/><U119/><E119/><V5/><F5/><W132/><G132/><T10/><D10/><U52/><E52/><V35/><F118/><W86/><G23/><T124/><D124/><U65/><E65/><V100/><F100/><W88/><G22/><T109/><D109/><U90/><E90/><V73/><F35/><W87/><G30/><AGARI ba="0,1" hai="13,14,15,20,24,30,82,84,89,104,105,106,128,130" machi="30" ten="50,2400,0" yaku="1,1,53,0" doraHai="115" doraHaiUra="94" who="1" fromWho="3" sc="250,0,240,34,240,0,260,-24" /><INIT seed="1,1,0,3,1,74" ten="250,274,240,236" oya="1" hai0="99,62,92,124,95,34,90,83,25,12,44,96,55" hai1="2,59,0,115,104,97,21,69,50,102,51,129,89" hai2="131,71,61,48,108,128,109,106,52,76,13,121,65" hai3="38,9,32,125,39,87,4,73,43,47,49,45,11"/><U70/><E115/><V22/><F106/><W64/><G32/><T46/><D124/><U80/><E129/><N who="2" m="49739" /><F22/><W132/><G125/><T79/><D34/><U8/><E70/><V58/><F13/><W72/><G132/><T66/><D25/><U85/><E69/><V24/><F24/><W19/><G64/><T122/><D122/><U78/><E2/><V110/><F76/><W10/><G4/><T113/><D113/><U28/><E0/><V15/><F15/><W53/><G19/><T20/><D95/><U75/><E8/><V54/><F54/><W100/><G100/><T84/><D99/><U98/><E98/><V26/><F26/><W116/><G116/><T63/><D63/><U119/><E119/><V120/><AGARI ba="1,0" hai="48,52,58,61,65,71,108,109,110,120,121" m="49739" machi="120" ten="40,8000,1" yaku="14,1,19,1,34,2,54,1" doraHai="74" who="2" fromWho="2" sc="250,-21,274,-41,240,83,236,-21" /><INIT seed="2,0,0,5,5,67" ten="229,233,323,215" oya="2" hai0="106,72,56,10,30,85,55,35,33,126,50,39,109" hai1="127,63,34,62,121,104,91,100,71,123,132,18,8" hai2="44,108,49,41,5,83,98,82,2,110,76,54,124" hai3="65,93,25,37,112,86,46,48,75,69,134,52,122"/><V68/><F124/><W115/><G75/><T36/><D126/><U81/><E34/><V97/><F83/><W45/><G86/><T80/><D106/><U130/><E127/><V120/><F120/><N who="1" m="46153" /><E132/><V27/><F27/><W32/><G93/><T113/><D113/><N who="3" m="43593" /><G134/><T84/><D109/><N who="2" m="42090" /><F41/><N who="3" m="22703" /><G122/><T78/><D10/><U24/><E130/><V135/><F135/><W38/><G25/><T128/><D128/><U43/><E43/><V17/><F17/><W53/><G32/><T14/><D35/><U133/><E133/><V107/><F5/><W31/><G31/><T61/><D14/><N who="1" m="7495" /><E24/><V95/><F2/><W3/><G3/><T105/><D33/><U129/><E129/><V94/><F107/><W4/><G4/><T13/><D30/><U0/><E0/><V92/><F68/><W6/><G6/><T22/><D105/><U90/><E81/><V7/><F7/><W73/><G73/><AGARI ba="0,0" hai="44,49,54,73,76,82,92,94,95,97,98" m="42090" machi="73" ten="30,2900,0" yaku="14,1,10,1" doraHai="67" who="2" fromWho="3" sc="229,0,233,0,323,29,215,-29" /><INIT seed="2,1,0,4,0,57" ten="229,233,352,186" oya="2" hai0="39,68,59,63,71,83,31,35,5,135,122,2,22" hai1="0,70,78,90,130,13,17,125,74,14,102,117,1" hai2="81,106,111,7,118,24,113,4,108,121,119,29,76" hai3="67,132,26,66,9,62,55,23,126,69,33,25,54"/><V75/><F106/><W47/><G126/><T12/><D39/><U43/><E117/><V134/><F134/><W58/><G132/><T129/><D122/><U49/><E70/><V110/><F121/><W104/><G104/><T28/><D135/><U112/><E112/><V97/><F97/><W131/><G131/><T115/><D115/><U80/><E130/><V27/><F113/><W60/><G47/><T64/><D129/><U65/><E125/><V128/><F128/><W89/><G9/><T34/><D31/><U109/><E109/><V105/><F105/><W3/><G3/><T124/><D124/><U61/><E102/><V45/><F45/><W73/><G73/><T6/><D6/><N who="2" m="2090" /><F27/><W93/><G33/><AGARI ba="1,0" hai="24,29,33,75,76,81,108,110,111,118,119" m="2090" machi="33" ten="30,2900,0" yaku="14,1,10,1" doraHai="57" who="2" fromWho="3" sc="229,0,233,0,352,32,186,-32" /><INIT seed="2,2,0,2,5,126" ten="229,233,384,154" oya="2" hai0="41,3,37,84,39,55,47,94,4,9,105,91,20" hai1="124,133,116,74,2,42,95,32,125,134,34,10,123" hai2="62,19,50,109,31,99,6,107,113,127,11,130,108" hai3="46,88,53,69,33,51,64,18,122,54,110,77,78"/><V15/><F113/><W27/><G110/><N who="2" m="42601" /><F127/><N who="1" m="48713" /><E74/><V26/><F62/><W59/><G122/><T12/><D105/><U58/><E116/><V29/><F50/><W100/><G100/><T48/><D55/><U57/><E42/><V90/><F90/><W117/><G117/><T66/><D66/><U75/><E75/><V128/><F99/><W5/><G5/><T68/><D68/><U92/><E123/><V80/><F80/><W1/><G1/><T30/><D30/><N who="2" m="11274" /><F107/><W96/><G33/><N who="1" m="12906" /><E10/><N who="2" m="6647" /><F26/><W23/><G64/><T102/><D102/><U24/><E2/><AGARI ba="2,0" hai="2,6,11,128,130" m="6647,11274,42601" machi="2" ten="30,18000,2" yaku="14,1,10,1,34,2,52,2" doraHai="126" who="2" fromWho="1" sc="229,0,233,-186,384,186,154,0" /><INIT seed="2,3,0,3,2,127" ten="229,47,570,154" oya="2" hai0="21,27,131,35,7,11,125,59,42,108,74,86,130" hai1="120,64,114,61,44,88,53,134,96,98,104,55,14" hai2="26,4,92,89,9,135,87,122,46,39,1,100,38" hai3="36,69,37,119,113,23,95,115,68,10,25,40,76"/><V12/><F122/><W8/><G76/><T60/><D74/><U132/><E114/><N who="3" m="43530" /><G95/><T19/><D125/><U20/><E104/><V126/><F126/><W85/><G85/><T62/><D108/><U82/><E120/><V106/><F135/><N who="1" m="51753" /><E98/><V45/><F1/><W67/><G119/><T48/><D35/><U73/><E73/><V123/><F123/><W72/><G72/><T22/><D22/><U79/><E79/><V103/><F106/><W51/><G51/><T71/><D71/><N who="3" m="27209" /><G67/><T118/><D118/><U63/><E64/><V93/><F26/><W109/><G109/><T105/><D105/><U2/><E2/><V129/><F129/><N who="0" m="49162" /><D86/><N who="1" m="50263" /><E96/><V29/><F29/><N who="3" m="17599" /><G40/><T13/><D42/><U107/><E107/><V15/><F15/><W112/><N who="3" m="43538" /><W47/><DORA hai="99" /><G47/><N who="2" m="17929" /><F39/><AGARI ba="3,0" hai="8,10,36,37,39" m="17599,27209,43538" machi="39" ten="50,1600,0" yaku="11,1" doraHai="127,99" who="3" fromWho="2" sc="229,0,47,0,570,-25,154,25" /><INIT seed="3,0,0,1,5,126" ten="229,47,545,179" oya="3" hai0="17,95,122,58,48,97,103,55,67,53,18,38,106" hai1="41,34,64,63,44,93,66,128,111,22,82,33,49" hai2="6,99,14,110,52,21,87,1,24,104,39,47,135" hai3="4,20,102,84,29,8,54,88,116,2,59,9,96"/><W94/><G116/><T109/><D122/><U23/><E111/><V100/><F110/><W7/><G20/><T37/><D109/><U12/><E34/><V57/><F135/><W31/><G54/><T56/><D67/><U107/><E107/><V42/><F1/><W101/><G59/><T30/><D30/><U115/><E115/><V80/><F14/><W11/><G101/><T129/><D129/><U117/><E117/><V76/><F6/><W127/><G127/><T130/><D130/><U83/><E33/><V10/><F10/><W5/><REACH who="3" step="1"/><G2/><REACH who="3" ten="229,47,545,169" step="2"/><T78/><D55/><U131/><E66/><V79/><F52/><W51/><G51/><T108/><D58/><N who="1" m="36983" /><E93/><AGARI ba="0,1" hai="4,5,7,8,9,11,29,31,84,88,93,94,96,102" machi="93" ten="40,12000,1" yaku="1,1,8,1,54,1,53,1" doraHai="126" doraHaiUra="86" who="3" fromWho="1" sc="229,0,47,-120,545,0,169,130" owari="229,-17.0,-73,-57.0,545,64.0,299,10.0" /></mjloggm>