<mjloggm ver="2.3"><GO type="97" lobby="0"/><UN n0="%E3%81%BE%E3%81%99%E3%81%AE%E3%81%99%E3%81%97" n1="%E6%9C%A8%E7%B6%BF%E8%B1%86%E8%85%90" n2="%66%6F%67%75%65%69%72%61" n3="%E3%82%A6%E3%83%AB%E3%83%88%E3%83%A9%E7%AB%8B%E7%9B%B4" dan="14,14,14,15" rate="1988.25,1862.09,1927.73,1980.63" sx="M,F,M,M"/><TAIKYOKU oya="0"/><INIT seed="0,0,0,3,3,85" ten="250,250,250,250" oya="0" hai0="95,131,58,106,96,77,108,123,118,113,7,27,93" hai1="0,20,107,88,55,63,45,92,30,75,21,89,90" hai2="33,109,10,134,52,2,51,38,116,84,100,128,6" hai3="13,44,125,72,39,105,87,1,9,41,83,82,70"/><T50/><D123/><U97/><E0/><V68/><F109/><W130/><G105/><T102/><D118/><U5/><E5/><V120/><F120/><W25/><G70/><T69/><D113/><U79/><E107/><V112/><F112/><W64/><G125/><T3/><D69/><U67/><E75/><V80/><F128/><W14/><G130/><T94/><D131/><U127/><E127/><V11/><F134/><W121/><G121/><T12/><D77/><U76/><E55/><V133/><F133/><W71/><G25/><T17/><D108/><U86/><E45/><V129/><F129/><W126/><G64/><T114/><D114/><U98/><E30/><V18/><F116/><W36/><G71/><T29/><D7/><U115/><E115/><V61/><F33/><W31/><G31/><T47/><D58/><N who="1" m="37367" /><E79/><V46/><F100/><W91/><G39/><T101/><D3/><U32/><E32/><V81/><F38/><W23/><G23/><N who="1" m="8778" /><E98/><V34/><F34/><W66/><G66/><T26/><D102/><N who="1" m="60711" /><E76/><V99/><F99/><W57/><G57/><T124/><D124/><U74/><E74/><V22/><F68/><W24/><G126/><T19/><D29/><U78/><E78/><V135/><F135/><W43/><G72/><T117/><D117/><U111/><E111/><V4/><F2/><W53/><G1/><T8/><REACH who="0" step="1"/><D17/><REACH who="0" ten="240,250,250,250" step="2"/><U122/><E122/><V59/><F4/><W42/><G44/><T60/><D60/><U65/><E65/><V48/><F6/><W37/><G37/><T62/><D62/><U132/><E132/><RYUUKYOKU ba="0,1" sc="240,15,250,15,250,-15,250,-15" hai0="8,12,19,26,27,47,50,93,94,95,96,101,106" hai1="86,88,89,90" /><INIT seed="0,1,1,0,4,27" ten="255,265,235,235" oya="0" hai0="68,115,6,65,20,36,127,130,9,16,55,11,5" hai1="74,105,132,89,106,39,31,57,83,40,94,53,23" hai2="18,118,14,48,3,98,96,64,67,80,58,112,114" hai3="109,62,4,8,84,13,32,10,19,91,43,126,1"/><T60/><D115/><U129/><E39/><V76/><F118/><W79/><G32/><T71/><D36/><U24/><E40/><V33/><F3/><W90/><G126/><T120/><D120/><U86/><E129/><V2/><F2/><W7/><G109/><T59/><D127/><U26/><E132/><V99/><F33/><W119/><G119/><T93/><D130/><U133/><E133/><V123/><F123/><W30/><G7/><T128/><D128/><U113/><E113/><V103/><F103/><W17/><G17/><T78/><D78/><U42/><E42/><V29/><F29/><W54/><G43/><T66/><D71/><U38/><E38/><V35/><F35/><W69/><G79/><T15/><D93/><U125/><E125/><V121/><F121/><W102/><G102/><T95/><D95/><U0/><E0/><V85/><F114/><W122/><G122/><T131/><D131/><U88/><E74/><V50/><F112/><W34/><G84/><T82/><D82/><U46/><E46/><V72/><F72/><W108/><G108/><T63/><REACH who="0" step="1"/><D66/><REACH who="0" ten="245,265,235,235" step="2"/><U134/><E134/><V12/><F67/><W37/><G37/><T44/><D44/><U110/><E110/><V87/><F64/><W117/><G69/><T21/><D21/><N who="1" m="15823" /><E105/><V135/><F135/><W73/><G117/><T124/><D124/><U51/><E106/><V70/><F70/><W97/><G34/><T116/><D116/><U111/><E111/><V104/><F104/><W22/><G22/><T92/><D92/><U61/><E94/><V45/><F45/><RYUUKYOKU ba="1,2" sc="245,30,265,-10,235,-10,235,-10" hai0="5,6,9,11,15,16,20,55,59,60,63,65,68" /><INIT seed="0,2,2,0,5,1" ten="275,255,225,225" oya="0" hai0="100,91,77,55,8,59,12,102,71,130,109,53,23" hai1="110,7,80,108,83,133,123,86,54,135,46,62,50" hai2="96,94,84,58,124,24,63,69,129,65,43,44,132" hai3="45,27,134,14,32,42,97,118,30,52,76,48,29"/><T78/><D71/><U37/><E123/><V120/><F120/><W19/><G118/><T87/><D130/><U22/><E37/><V39/><F24/><W74/><G134/><N who="1" m="51210" /><E62/><V81/><F132/><W113/><G113/><T60/><D55/><U125/><E125/><V57/><F124/><W93/><G30/><T40/><D40/><U112/><E112/><V127/><F127/><W115/><G115/><T121/><D121/><U114/><E114/><V72/><F129/><W79/><G74/><T68/><D68/><U73/><E22/><V98/><F72/><W131/><G131/><T9/><D109/><N who="1" m="42091" /><E73/><V36/><F36/><W18/><G42/><T51/><D60/><U107/><E107/><V49/><F94/><W47/><G47/><T111/><D111/><U28/><E28/><V2/><F2/><W33/><G33/><T61/><D61/><U3/><E86/><V128/><F128/><W35/><G35/><T34/><D34/><U92/><E92/><V89/><F58/><W13/><G32/><T6/><D9/><AGARI ba="2,2" hai="3,7,9,46,50,54,80,83" m="42091,51210" machi="9" ten="30,3900,0" yaku="20,1,14,1,52,1" doraHai="1" who="1" fromWho="0" sc="275,-45,255,65,225,0,225,0" /><INIT seed="1,0,0,1,4,68" ten="230,320,225,225" oya="1" hai0="6,51,23,110,59,49,40,21,122,1,24,61,74" hai1="70,26,56,57,96,107,35,54,81,48,133,29,131" hai2="71,101,8,116,123,67,73,30,22,25,58,13,77" hai3="95,63,72,90,2,128,38,109,86,92,27,47,85"/><U9/><E70/><V105/><F123/><W130/><G2/><T3/><D74/><U0/><E133/><V4/><F116/><W117/><G117/><T11/><D122/><U103/><E131/><N who="3" m="50218" /><G72/><T80/><D110/><U50/><E81/><V126/><F126/><W132/><G132/><T124/><D3/><U37/><E0/><V98/><F71/><W114/><G114/><T69/><D69/><U18/><E9/><V19/><F73/><W119/><G119/><T93/><D124/><U115/><E18/><V104/><F77/><W46/><G109/><T106/><D106/><U16/><E16/><V10/><F67/><W7/><G7/><T60/><D80/><U28/><E29/><V44/><F44/><W62/><G27/><T84/><D61/><N who="3" m="23049" /><G38/><T53/><D40/><U111/><E37/><V5/><F58/><W102/><G102/><T31/><REACH who="0" step="1"/><D23/><REACH who="0" ten="220,320,225,225" step="2"/><U14/><E111/><V97/><REACH who="2" step="1"/><F10/><REACH who="2" ten="220,320,215,225" step="2"/><W78/><G78/><T89/><AGARI ba="0,2" hai="1,6,11,21,24,31,49,51,53,59,60,84,89,93" machi="89" ten="30,7900,0" yaku="1,1,2,1,0,1,53,1" doraHai="68" doraHaiUra="91" who="0" fromWho="0" sc="220,99,320,-39,215,-20,225,-20" /><INIT seed="2,0,0,3,0,132" ten="319,281,195,205" oya="2" hai0="135,15,57,62,36,53,105,37,107,59,8,4,123" hai1="98,42,56,128,21,122,66,64,23,87,20,85,131" hai2="112,99,127,80,101,2,120,14,27,33,75,103,13" hai3="52,73,110,81,78,70,44,117,46,108,11,113,39"/><V104/><F120/><W29/><G70/><T9/><D123/><U49/><E122/><V84/><F112/><W72/><G117/><T3/><D135/><U6/><E6/><V28/><F2/><W31/><G113/><T97/><D107/><U17/><E98/><V93/><F75/><W118/><G118/><T16/><D105/><U10/><E42/><V58/><F58/><W114/><G114/><T48/><REACH who="0" step="1"/><D97/><REACH who="0" ten="309,281,195,205" step="2"/><U89/><E131/><V90/><F104/><W86/><G108/><T115/><D115/><U65/><E128/><V26/><F26/><W91/><G110/><T121/><D121/><U79/><E79/><V5/><F127/><W68/><G78/><T76/><D76/><U125/><E125/><V130/><F130/><W100/><G73/><T82/><D82/><U50/><E87/><V60/><F60/><W55/><G86/><T41/><D41/><U38/><E85/><V74/><F74/><W92/><G81/><T111/><D111/><U40/><E40/><V129/><F129/><W25/><G72/><T126/><D126/><U109/><E109/><V35/><F35/><W24/><G24/><T94/><D94/><U32/><E32/><V102/><REACH who="2" step="1"/><F5/><REACH who="2" ten="309,281,185,205" step="2"/><W61/><G25/><T95/><D95/><U47/><E56/><V124/><F124/><W77/><G92/><T88/><D88/><AGARI ba="0,2" hai="13,14,27,28,33,80,84,88,90,93,99,101,102,103" machi="88" ten="40,7700,0" yaku="1,1,54,1,53,1" doraHai="132" doraHaiUra="30" who="2" fromWho="0" sc="309,-77,281,0,185,97,205,0" /><INIT seed="2,1,0,0,2,92" ten="232,281,282,205" oya="2" hai0="120,117,41,18,42,51,36,9,45,21,95,11,23" hai1="82,84,48,81,54,132,40,109,124,125,96,64,10" hai2="31,106,98,75,57,15,50,127,89,121,1,129,133" hai3="28,123,46,55,72,86,68,6,104,52,79,126,130"/><V69/><F121/><W47/><G123/><T116/><D120/><U16/><E64/><V85/><F133/><W62/><G72/><T22/><D18/><U0/><E132/><V34/><F127/><N who="1" m="48713" /><E40/><V135/><F135/><W128/><G104/><T38/><D95/><U100/><E0/><V44/><F129/><N who="3" m="49771" /><G126/><T24/><D24/><U2/><E2/><V107/><F1/><W37/><G6/><T33/><D33/><U4/><E4/><V94/><F75/><W134/><G134/><T63/><D63/><U88/><E82/><V58/><F69/><W20/><G37/><T30/><D30/><U115/><E115/><V112/><F112/><W90/><G79/><T108/><D108/><U13/><E109/><V56/><F15/><W59/><G68/><T61/><D61/><U118/><E118/><N who="0" m="45673" /><D42/><U43/><E43/><V66/><F66/><W103/><G28/><T102/><D102/><U91/><E100/><V29/><F34/><W32/><G32/><T114/><D114/><U99/><E91/><V80/><F107/><W70/><G103/><T17/><D17/><U93/><E93/><V73/><F106/><W39/><G70/><T14/><D14/><U53/><E48/><V105/><F105/><W76/><G39/><AGARI ba="1,0" hai="9,11,21,22,23,36,38,39,41,45,51" m="45673" machi="39" ten="40,1300,0" yaku="12,1" doraHai="92" who="0" fromWho="3" sc="232,16,281,0,282,0,205,-16" /><INIT seed="3,0,0,0,0,45" ten="248,281,282,189" oya="3" hai0="58,123,126,97,60,30,109,135,11,47,79,18,96" hai1="81,23,1,13,124,0,62,66,51,27,113,56,3" hai2="85,14,35,32,64,5,42,104,63,25,70,130,36" hai3="6,117,111,102,88,84,67,83,50,107,41,73,57"/><W44/><G73/><T76/><D123/><U116/><E116/><V87/><F130/><W48/><G117/><T74/><D30/><U132/><E113/><V121/><F121/><W21/><G111/><T68/><D68/><U86/><E132/><V82/><F104/><W28/><G6/><T75/><D109/><U112/><E112/><V105/><F105/><W20/><G28/><T33/><D33/><U72/><E72/><V53/><F53/><N who="3" m="31927" /><G107/><T16/><D135/><U61/><E13/><V125/><F125/><W40/><G40/><T80/><D126/><U46/><E62/><V29/><F35/><W77/><G102/><T127/><D127/><U12/><E12/><V17/><F5/><W133/><G133/><T90/><D11/><U7/><E7/><V92/><F92/><W122/><G122/><T106/><D106/><U54/><E124/><V89/><F36/><W103/><G103/><T39/><D39/><U4/><E4/><V8/><F42/><W119/><G119/><T69/><D69/><U37/><E37/><V134/><F134/><W52/><G67/><T24/><D24/><U22/><REACH who="1" step="1"/><E27/><REACH who="1" ten="248,271,282,189" step="2"/><V55/><F55/><W26/><G26/><T19/><D75/><U9/><E9/><V108/><F108/><W91/><G52/><N who="0" m="33863" /><D74/><U43/><E43/><V34/><F34/><W115/><G115/><T65/><D65/><U128/><E128/><V15/><F14/><W98/><G98/><N who="0" m="37995" /><D47/><U118/><E118/><V94/><F82/><W93/><G93/><T2/><D2/><U49/><E49/><V110/><F110/><W120/><G120/><RYUUKYOKU ba="0,1" sc="248,0,271,0,282,0,189,0" hai0="16,18,19,76,79,80,90" hai1="0,1,3,22,23,46,51,54,56,61,66,81,86" hai2="8,15,17,25,29,32,63,64,70,85,87,89,94" hai3="20,21,41,44,48,77,83,84,88,91" /><INIT seed="3,1,1,3,3,0" ten="248,271,282,189" oya="3" hai0="74,122,95,127,109,13,87,18,130,79,89,121,70" hai1="56,46,113,126,8,86,66,103,75,98,77,135,124" hai2="104,84,10,111,36,1,92,110,30,114,7,58,2" hai3="47,71,85,16,105,78,4,29,102,11,20,125,116"/><W53/><G71/><T59/><D70/><U49/><E75/><V93/><F114/><W73/><G116/><T128/><D109/><N who="2" m="41482" /><F36/><W94/><G125/><N who="1" m="48234" /><E113/><V54/><F104/><W99/><G29/><T131/><D127/><U43/><E135/><V6/><F30/><W101/><G73/><T65/><D74/><U51/><E8/><N who="2" m="2127" /><F84/><W33/><G33/><T96/><D65/><U91/><E77/><V90/><F90/><N who="3" m="55767" /><G105/><T21/><D59/><U97/><E103/><V17/><F17/><W81/><G53/><T107/><D107/><U31/><E31/><V23/><F23/><W129/><G47/><T61/><D61/><AGARI ba="1,1" hai="2,7,10,54,58,61,92,93" m="2127,41482" machi="61" ten="30,3900,0" yaku="14,1,52,2" doraHai="0" who="2" fromWho="0" sc="248,-42,271,0,282,52,189,0" owari="206,-19.0,271,7.0,334,43.0,189,-31.0" /></mjloggm>