<mjloggm ver="2.3"><GO type="225" lobby="0"/><UN n0="%53%4C%42%EF%BC%A0" n1="%E3%82%A6%E3%83%AB%E3%83%88%E3%83%A9%E7%AB%8B%E7%9B%B4" n2="%E8%97%A4%E5%A0%82%E8%A6%81" n3="%E6%A1%9C%E8%8A%B1%E9%96%83%E3%80%85" dan="16,16,16,17" rate="2137.84,2011.71,2110.67,2174.84" sx="F,M,F,M"/><TAIKYOKU oya="0"/><INIT seed="0,0,0,3,4,84" ten="250,250,250,250" oya="0" hai0="23,32,106,61,82,15,69,36,1,41,26,80,9" hai1="107,101,25,115,95,75,91,29,125,129,108,99,7" hai2="98,85,3,34,93,103,112,50,96,132,88,130,134" hai3="102,109,14,123,54,94,45,30,81,20,87,12,113"/><T119/><D106/><U127/><E7/><V68/><F68/><W66/><G113/><T22/><D119/><U10/><E10/><V86/><F34/><W6/><G109/><T100/><D100/><U44/><E44/><V116/><F3/><W28/><G66/><T65/><D1/><U38/><E38/><V48/><F116/><W56/><G45/><T21/><D41/><U124/><E115/><V43/><F112/><W8/><G123/><T90/><D36/><U118/><E118/><V40/><F130/><W37/><G37/><T83/><D32/><U117/><E117/><V42/><F86/><W62/><G14/><T13/><D26/><U4/><E4/><V89/><F98/><N who="3" m="59735" /><G20/><T76/><D76/><AGARI ba="0,0" hai="6,8,12,28,30,54,56,62,76,81,87" m="59735" machi="76" ten="30,1000,0" yaku="8,1" doraHai="84" who="3" fromWho="0" sc="250,-10,250,0,250,0,250,10" /><INIT seed="1,0,0,0,1,65" ten="240,250,250,260" oya="1" hai0="80,48,117,73,114,20,4,21,39,19,22,18,24" hai1="81,131,29,88,118,31,7,128,8,10,85,107,129" hai2="11,42,94,111,53,3,28,134,79,124,52,90,99" hai3="113,116,84,104,101,49,32,70,62,51,112,26,126"/><U74/><E107/><V121/><F121/><W25/><G84/><T119/><D114/><U59/><E118/><V64/><F124/><W71/><G126/><T9/><D39/><U60/><E74/><V115/><F111/><W30/><G25/><T87/><D73/><U5/><E59/><V78/><F134/><W56/><G116/><T6/><D48/><N who="3" m="18505" /><G56/><T125/><D125/><U123/><E60/><V23/><F115/><W58/><G58/><T106/><D106/><U63/><E63/><V96/><F64/><N who="3" m="41239" /><G71/><T16/><D24/><U72/><E72/><V109/><F79/><W122/><G122/><T0/><REACH who="0" step="1"/><D4/><REACH who="0" ten="230,250,250,260" step="2"/><N who="1" m="1611" /><E123/><V35/><F3/><W110/><G110/><T67/><D67/><U40/><E40/><V133/><F42/><W27/><G27/><T33/><D33/><U45/><E45/><V46/><F35/><W43/><G43/><T12/><D12/><U69/><E69/><V76/><F46/><W100/><G104/><T75/><D75/><U37/><E37/><V97/><F109/><W103/><G113/><T13/><D13/><U50/><E50/><V38/><F38/><W105/><G105/><T15/><D15/><U135/><E135/><V127/><F133/><W66/><G66/><T95/><D95/><U1/><E1/><V86/><F94/><W57/><G112/><T61/><D61/><U54/><E54/><V2/><F53/><W130/><G57/><T89/><AGARI ba="0,1" hai="0,6,9,16,18,19,20,21,22,80,87,89,117,119" machi="89" ten="30,7900,0" yaku="1,1,0,1,54,1,53,1" doraHai="65" doraHaiUra="82" who="0" fromWho="0" sc="230,89,250,-39,250,-20,260,-20" /><INIT seed="2,0,0,5,2,11" ten="319,211,230,240" oya="2" hai0="81,77,126,43,61,44,1,62,113,26,135,19,116" hai1="5,105,125,64,12,110,102,118,90,122,82,37,52" hai2="130,57,95,3,45,6,115,97,13,74,85,119,117" hai3="78,63,17,60,9,83,88,103,109,54,75,100,73"/><V124/><F74/><W65/><G73/><T32/><D113/><U71/><E37/><V76/><F115/><W127/><G109/><T132/><D1/><U47/><E118/><V27/><F130/><W93/><G127/><T104/><D104/><U129/><E110/><V20/><F124/><W23/><G9/><T58/><D126/><U123/><E125/><V42/><F57/><W114/><G54/><T70/><D70/><U121/><E129/><V101/><F3/><W96/><G114/><T35/><D62/><N who="1" m="40343" /><E102/><V40/><F40/><W53/><G53/><T50/><D19/><U91/><E105/><V15/><F119/><W66/><G63/><T21/><D21/><U87/><E5/><V16/><F6/><W31/><G31/><T107/><D26/><U94/><E12/><V24/><F24/><W22/><G22/><T49/><D49/><N who="1" m="28735" /><E94/><V108/><F117/><W134/><G66/><N who="0" m="39223" /><D107/><U41/><E41/><V51/><F108/><W59/><REACH who="3" step="1"/><G134/><REACH who="3" ten="319,211,230,230" step="2"/><N who="0" m="51243" /><D116/><U120/><E120/><V28/><F28/><W25/><AGARI ba="0,1" hai="17,23,25,59,60,65,75,78,83,88,93,96,100,103" machi="25" ten="20,8000,1" yaku="1,1,0,1,7,1,54,1,53,1" doraHai="11" doraHaiUra="55" who="3" fromWho="3" sc="319,-20,211,-20,230,-40,230,90" /><INIT seed="3,0,0,4,0,107" ten="299,191,190,320" oya="3" hai0="40,85,0,134,95,66,75,30,9,37,121,106,135" hai1="82,87,115,49,131,44,100,22,122,63,18,32,130" hai2="57,71,19,24,8,34,29,15,4,20,99,83,51" hai3="94,59,103,98,46,26,108,84,77,48,123,92,78"/><W58/><G123/><T35/><D121/><U14/><E32/><V120/><F120/><W125/><G125/><T126/><D106/><U116/><E122/><V56/><F71/><W105/><G108/><T118/><D118/><U104/><E115/><V67/><F67/><W114/><G114/><T52/><D126/><U109/><E109/><V42/><F83/><W33/><G33/><T69/><D30/><U128/><E116/><V90/><F90/><N who="3" m="53319" /><G26/><T73/><D35/><U11/><E63/><V127/><F99/><W65/><G105/><T117/><D117/><U132/><E132/><N who="0" m="50729" /><D66/><U79/><E100/><V54/><F42/><N who="3" m="24663" /><G65/><T86/><D69/><U25/><E104/><V110/><F110/><W23/><G23/><T5/><D52/><N who="1" m="29735" /><E25/><V119/><F119/><W64/><G64/><T55/><D55/><U12/><E12/><V2/><F127/><W17/><G17/><T38/><D40/><U39/><E39/><N who="0" m="14857" /><D95/><U74/><E22/><V70/><F70/><W41/><G41/><T36/><D36/><U76/><E128/><V89/><F89/><W80/><G80/><T111/><D111/><U112/><E112/><V97/><F97/><W10/><G10/><T50/><D50/><U7/><E18/><V53/><F53/><W60/><G60/><T43/><D43/><U68/><E68/><V16/><F19/><W101/><G101/><T81/><D81/><N who="1" m="47551" /><E131/><V1/><F1/><W88/><G103/><T72/><AGARI ba="0,0" hai="0,5,9,72,73,75,85,86" m="14857,50729" machi="72" ten="40,8000,1" yaku="20,1,52,3" doraHai="107" who="0" fromWho="0" sc="299,80,191,-20,190,-20,320,-40" owari="379,48.0,171,-23.0,170,-33.0,280,8.0" /></mjloggm>