<mjloggm ver="2.3"><GO type="225" lobby="0"/><UN n0="%74%61%69%74%61%6B%65%37" n1="%E4%B8%8A%E5%AE%B6%E9%B3%B4%E3%81%8B%E3%81%9B%E3%82%8D" n2="%E3%82%A6%E3%83%AB%E3%83%88%E3%83%A9%E7%AB%8B%E7%9B%B4" n3="%EF%BC%88%E2%88%A9%EF%BC%BE%CF%89%EF%BC%BE%E2%88%A9%EF%BC%89" dan="16,16,16,17" rate="2167.39,2110.90,2043.15,2154.96" sx="M,M,M,M"/><TAIKYOKU oya="0"/><INIT seed="0,0,0,2,0,134" ten="250,250,250,250" oya="0" hai0="42,111,27,124,106,98,39,121,47,43,51,90,76" hai1="54,63,84,15,102,57,65,36,29,35,6,20,115" hai2="59,52,123,132,32,87,107,19,24,110,31,117,101" hai3="93,129,122,67,103,109,88,8,61,112,97,82,13"/><T58/><D121/><U56/><E36/><V26/><F101/><W21/><G112/><T69/><D76/><U125/><E125/><V28/><F107/><W46/><G122/><T126/><D69/><U60/><E35/><V96/><F123/><W40/><G109/><T118/><D27/><U83/><E115/><V12/><F96/><W86/><G21/><T23/><D23/><U77/><E102/><V89/><F110/><W78/><G129/><T53/><D111/><U48/><E29/><V4/><F4/><W120/><G120/><T68/><D118/><U99/><E99/><V130/><F130/><W105/><G61/><T119/><D119/><U37/><E37/><V81/><F132/><W33/><G67/><T16/><D68/><U34/><E34/><V116/><F26/><W75/><G33/><T30/><D30/><U10/><E20/><V45/><F31/><W2/><G2/><T66/><D66/><U3/><E3/><V92/><F45/><W11/><G13/><T49/><D16/><U38/><E38/><AGARI ba="0,0" hai="8,11,38,40,46,75,78,82,86,88,93,97,103,105" machi="38" ten="30,7700,0" yaku="7,1,24,2,54,1" doraHai="134" who="3" fromWho="1" sc="250,0,250,-77,250,0,250,77" /><INIT seed="1,0,0,1,0,117" ten="250,173,250,327" oya="1" hai0="58,59,1,57,102,115,121,46,63,6,18,134,47" hai1="9,28,48,7,124,62,42,75,107,88,109,96,103" hai2="92,13,44,106,24,30,11,43,114,94,108,90,32" hai3="111,31,29,74,113,125,95,4,119,89,91,101,16"/><U53/><E75/><V52/><F106/><W67/><G74/><T122/><D102/><U133/><E133/><V20/><F114/><W45/><G113/><T2/><D115/><U81/><E124/><V116/><F116/><W61/><G4/><T51/><D18/><U118/><E118/><V69/><F69/><W83/><G119/><T34/><D34/><U79/><E28/><V66/><F66/><W135/><G135/><T131/><D134/><U55/><E109/><V8/><F94/><W40/><G111/><T112/><D112/><U126/><E126/><V123/><F123/><N who="0" m="47114" /><D6/><U49/><E62/><V70/><F32/><W80/><G101/><T23/><D131/><U87/><E79/><V78/><F78/><W85/><G16/><T68/><D23/><U110/><E110/><V15/><F108/><W26/><G31/><T60/><D68/><U0/><REACH who="1" step="1"/><E42/><REACH who="1" ten="250,163,250,327" step="2"/><V129/><F43/><W73/><G73/><T86/><D63/><U120/><E120/><V65/><F129/><W98/><G98/><T71/><BYE who="3" /><D60/><U36/><E36/><V105/><F30/><W12/><G12/><T93/><D71/><U128/><E128/><V27/><F15/><W25/><G25/><T76/><D76/><U19/><E19/><V39/><F27/><W130/><G130/><T99/><D86/><U17/><E17/><V33/><F24/><W54/><G54/><AGARI ba="0,1" hai="0,7,9,48,49,53,54,55,81,87,88,96,103,107" machi="54" ten="40,7700,0" yaku="1,1,54,1,53,1" doraHai="117" doraHaiUra="77" who="1" fromWho="3" sc="250,0,163,87,250,0,327,-77" /><INIT seed="1,1,0,0,1,105" ten="250,250,250,250" oya="1" hai0="131,124,117,84,51,0,7,113,29,35,100,116,69" hai1="104,14,18,68,31,82,126,43,79,135,121,109,98" hai2="62,13,112,24,30,106,32,71,19,50,4,54,97" hai3="96,130,57,49,66,87,55,118,15,80,85,48,34"/><U46/><E68/><V10/><F112/><W103/><G103/><T33/><D51/><U60/><E121/><V5/><F54/><W11/><G11/><T58/><D58/><U70/><E126/><V128/><F50/><W99/><G99/><T134/><D84/><U81/><E31/><V132/><F132/><W115/><G115/><T133/><D100/><U73/><E82/><V123/><F123/><W41/><G41/><T94/><D94/><U20/><E135/><N who="0" m="51721" /><D69/><U6/><E6/><V2/><F128/><W76/><G76/><T37/><D37/><U120/><E120/><V108/><F108/><W40/><G40/><T47/><D47/><U25/><E109/><V93/><F93/><W77/><G77/><T61/><D61/><U56/><E70/><V21/><F5/><W75/><G75/><T63/><D63/><U16/><E98/><V38/><F38/><W90/><G90/><T52/><D113/><U129/><E129/><V92/><F106/><W65/><G65/><T3/><D131/><U74/><E104/><V89/><F62/><W22/><G22/><T91/><D91/><U101/><E101/><V36/><F71/><W122/><G122/><T72/><D124/><U102/><E102/><V86/><F36/><W17/><G17/><T26/><D72/><N who="1" m="43239" /><E46/><V114/><REACH who="2" step="1"/><F114/><REACH who="2" ten="250,250,240,250" step="2"/><W125/><G125/><T27/><D7/><U111/><E111/><V42/><F42/><W53/><G53/><T1/><D52/><N who="1" m="33799" /><E43/><V127/><F127/><W110/><G110/><T83/><D83/><U107/><E107/><V28/><F28/><AGARI ba="1,1" hai="0,1,3,26,27,28,29,33,35,116,117" m="51721" machi="28" ten="40,8000,1" yaku="20,1,23,1,34,2" doraHai="105" who="0" fromWho="2" sc="250,93,250,0,240,-83,250,0" /><INIT seed="2,0,0,0,5,104" ten="343,250,157,250" oya="2" hai0="54,26,32,96,135,87,110,9,72,46,49,56,90" hai1="43,76,33,121,27,37,85,1,7,98,116,118,126" hai2="119,109,133,88,41,67,0,101,123,22,35,3,14" hai3="38,2,134,24,106,95,5,105,44,92,129,112,30"/><V117/><F101/><W99/><G99/><T66/><D135/><U4/><E121/><V34/><F67/><W29/><G29/><T127/><D127/><U93/><E126/><V47/><F47/><W31/><G31/><T10/><D110/><U51/><E37/><V69/><F41/><W19/><G19/><T20/><D32/><U15/><E1/><N who="2" m="587" /><F69/><W113/><G113/><T61/><D72/><U131/><E131/><V100/><F88/><W13/><G13/><T75/><D75/><U103/><E118/><N who="2" m="45067" /><F100/><UN n3="%EF%BC%88%E2%88%A9%EF%BC%BE%CF%89%EF%BC%BE%E2%88%A9%EF%BC%89" /><W102/><G102/><T83/><D96/><U125/><E116/><V8/><F123/><W53/><G129/><T21/><D21/><U60/><E125/><V84/><F84/><W39/><G39/><T91/><D91/><U89/><E76/><V120/><F120/><W6/><G38/><T28/><AGARI ba="0,0" hai="9,10,20,26,28,46,49,54,56,61,66,83,87,90" machi="28" ten="20,2700,0" yaku="0,1,7,1,8,1" doraHai="104" who="0" fromWho="0" sc="343,27,250,-7,157,-13,250,-7" /><INIT seed="3,0,0,0,3,74" ten="370,243,144,243" oya="3" hai0="55,7,30,45,17,93,115,31,52,34,80,124,35" hai1="9,37,109,6,57,122,132,123,64,95,44,67,127" hai2="101,56,14,73,2,13,105,96,15,10,88,38,71" hai3="99,135,121,66,68,129,33,120,42,133,5,79,39"/><W18/><G33/><T69/><D69/><U125/><E109/><V131/><F71/><W114/><G5/><T128/><D7/><U100/><E132/><N who="3" m="50762" /><G114/><T36/><D93/><U47/><E100/><V126/><F131/><W26/><G99/><T11/><D128/><U98/><E98/><V117/><F126/><N who="1" m="48137" /><E95/><V41/><F117/><W116/><G116/><T78/><D124/><U94/><E94/><V102/><F41/><W19/><G129/><T48/><D115/><U110/><E110/><V113/><F38/><W32/><G42/><T20/><D36/><U12/><E37/><V70/><F70/><W4/><G4/><T72/><D35/><U0/><E0/><V43/><F113/><W23/><G39/><T118/><D34/><U81/><E81/><V40/><F2/><W97/><G97/><T92/><D118/><U28/><E28/><V65/><F96/><W84/><G32/><T103/><D11/><U51/><E57/><V111/><F10/><W77/><G18/><T82/><D103/><U86/><E86/><V83/><F102/><W134/><G84/><T3/><D3/><U89/><E89/><V108/><F101/><W1/><G1/><T58/><D31/><U46/><E51/><V22/><F108/><W63/><G134/><T29/><D29/><U25/><E25/><V62/><F111/><W24/><G24/><T75/><D30/><U61/><E61/><V87/><F87/><W112/><G112/><T16/><D17/><U85/><E85/><V49/><F62/><W8/><G8/><T106/><D16/><U21/><E21/><RYUUKYOKU ba="0,0" sc="370,-15,243,15,144,-15,243,15" hai1="6,9,12,44,46,47,64,67,122,123" hai3="19,23,26,63,66,68,77,79,120,121" /><INIT seed="3,1,0,4,5,0" ten="355,258,129,258" oya="3" hai0="49,10,110,114,106,131,130,62,57,38,92,135,20" hai1="15,123,120,89,68,75,101,50,64,17,47,78,96" hai2="54,7,119,24,42,113,105,52,133,126,41,3,55" hai3="115,36,18,35,40,12,23,34,32,8,86,29,98"/><W22/><G40/><T4/><D106/><U31/><E31/><V59/><F105/><W14/><G36/><T111/><D38/><U109/><E109/><N who="0" m="41481" /><D114/><U45/><E68/><V53/><F113/><W74/><G74/><T118/><D118/><U87/><E64/><V99/><F119/><W91/><G98/><T97/><D49/><U102/><E102/><V39/><F126/><W84/><G91/><N who="0" m="55455" /><D20/><U95/><E50/><V56/><F133/><W132/><G115/><T43/><D43/><U77/><E77/><V21/><N who="2" m="13312" /><DORA hai="82" /><V125/><F125/><W100/><G100/><T25/><D135/><U46/><E120/><V107/><F107/><W127/><G127/><T48/><D48/><U2/><E2/><V28/><F99/><W93/><G93/><T65/><D25/><U63/><E63/><V9/><REACH who="2" step="1"/><F42/><REACH who="2" ten="355,258,119,258" step="2"/><W124/><G124/><T103/><D103/><U60/><E101/><V79/><F79/><W51/><G132/><T104/><D104/><U37/><E96/><V121/><F121/><W83/><G34/><T88/><D88/><U129/><E123/><V128/><F128/><W13/><G35/><T122/><D122/><U44/><E129/><V108/><F108/><W94/><G32/><T26/><D131/><U134/><E134/><V66/><F66/><W80/><G29/><T67/><D67/><U72/><E78/><V76/><F76/><W71/><G71/><T27/><D130/><U58/><E37/><V85/><F85/><W81/><G86/><T5/><D65/><U112/><E112/><V70/><F70/><W16/><G84/><RYUUKYOKU ba="1,1" sc="355,-10,258,-10,119,30,258,-10" hai2="3,7,9,21,24,28,39,41,56,59" owari="355,45.0,248,5.0,149,-35.0,248,-15.0" /></mjloggm>