<mjloggm ver="2.3"><GO type="97" lobby="0"/><UN n0="%E3%82%A6%E3%83%AB%E3%83%88%E3%83%A9%E7%AB%8B%E7%9B%B4" n1="%E3%83%9A%E3%83%AD%E3%83%9A%E3%83%AD%E2%80%95%E3%83%AA%E3%83%B3" n2="%41%53%33" n3="%47%59%41%4E%35%35" dan="15,14,13,13" rate="1999.49,1902.86,1890.84,1848.82" sx="M,M,M,M"/><TAIKYOKU oya="0"/><INIT seed="0,0,0,2,3,21" ten="250,250,250,250" oya="0" hai0="126,129,51,55,92,86,27,85,10,57,91,23,36" hai1="11,119,113,69,123,31,76,66,117,37,43,24,77" hai2="100,105,41,18,64,84,12,67,93,112,9,8,118" hai3="127,54,83,72,61,32,46,103,115,89,79,97,96"/><T59/><D36/><U34/><E123/><V15/><F112/><W74/><G115/><T58/><D126/><U62/><E113/><V81/><F118/><W110/><G127/><T106/><D106/><U98/><E11/><V124/><F124/><W120/><G120/><T80/><D10/><U52/><E98/><V60/><F41/><W133/><G32/><T20/><D20/><U70/><E69/><V3/><F3/><W33/><G33/><T102/><D129/><U108/><E108/><V53/><F105/><W7/><G7/><T116/><D116/><U50/><E77/><V40/><F40/><W48/><G74/><T4/><D4/><U109/><E76/><V122/><F122/><W99/><G110/><T22/><D22/><U134/><E134/><V14/><F100/><W90/><G103/><T107/><D107/><U6/><E6/><V45/><F14/><W1/><G1/><T63/><D63/><U44/><E109/><V71/><F93/><W25/><G133/><T78/><REACH who="0" step="1"/><D102/><REACH who="0" ten="240,250,250,250" step="2"/><U56/><AGARI ba="0,1" hai="24,31,34,37,43,44,50,52,56,62,66,70,117,119" machi="56" ten="20,12000,2" yaku="0,1,7,1,24,2,52,1,54,1" doraHai="21" who="1" fromWho="1" sc="240,-60,250,130,250,-30,250,-30" /><INIT seed="1,0,0,4,1,45" ten="180,380,220,220" oya="1" hai0="134,120,67,11,1,44,122,50,94,71,104,85,131" hai1="32,118,80,133,73,26,6,129,69,93,111,28,41" hai2="130,109,42,86,16,19,18,4,87,24,116,107,128" hai3="10,25,31,17,61,108,65,12,123,88,48,60,62"/><U113/><E69/><V72/><F116/><W34/><G123/><N who="0" m="47147" /><D104/><U66/><E118/><V36/><F72/><W29/><G29/><T82/><D94/><U23/><E6/><V127/><F107/><W54/><G108/><T7/><D131/><N who="2" m="50218" /><F109/><W22/><G88/><N who="0" m="51255" /><D134/><U90/><E133/><V59/><F4/><W132/><G132/><T135/><D135/><U79/><E111/><V2/><F2/><W46/><REACH who="3" step="1"/><G34/><REACH who="3" ten="180,380,220,210" step="2"/><T102/><D102/><U5/><E32/><V96/><F96/><W70/><AGARI ba="0,1" hai="10,12,17,22,25,31,46,48,54,60,61,62,65,70" machi="70" ten="20,12000,2" yaku="1,1,2,1,0,1,7,1,52,1,53,1" doraHai="45" doraHaiUra="9" who="3" fromWho="3" sc="180,-30,380,-60,220,-30,210,130" /><INIT seed="2,0,0,0,1,110" ten="150,320,190,340" oya="2" hai0="39,40,108,79,47,126,94,92,60,73,89,13,41" hai1="57,22,98,53,74,72,84,91,34,121,90,2,71" hai2="16,37,33,114,135,67,9,132,107,12,26,3,119" hai3="38,10,103,115,83,64,96,18,109,63,77,1,87"/><V11/><F107/><W24/><G38/><T62/><D108/><U35/><E2/><V6/><F119/><W129/><G109/><T46/><D126/><U117/><E71/><V50/><F37/><W130/><G115/><T112/><D79/><U23/><E117/><V88/><F67/><W14/><G1/><T54/><D73/><U58/><E98/><V52/><F114/><W106/><REACH who="3" step="1"/><G24/><REACH who="3" ten="150,320,190,330" step="2"/><T95/><D112/><U5/><E121/><V118/><F118/><W32/><G32/><T127/><D39/><U69/><E35/><V100/><F26/><W66/><G66/><T122/><D122/><U36/><E34/><V86/><F33/><W28/><G28/><T120/><D120/><U116/><E36/><V101/><F132/><W80/><G80/><T61/><D127/><U70/><E116/><V49/><F135/><W68/><AGARI ba="0,1" hai="10,14,18,63,64,68,77,83,87,96,103,106,129,130" machi="68" ten="30,4000,0" yaku="1,1,0,1,53,1" doraHai="110" doraHaiUra="15" who="3" fromWho="3" sc="150,-10,320,-10,190,-20,330,50" /><INIT seed="3,0,0,2,5,6" ten="140,310,170,380" oya="3" hai0="55,78,39,127,123,54,134,5,112,92,51,1,80" hai1="91,135,124,53,103,82,37,61,18,77,38,104,64" hai2="105,62,43,8,71,84,40,102,32,116,81,11,45" hai3="89,20,35,107,23,67,42,131,121,2,132,113,65"/><W19/><G35/><T46/><D123/><U12/><E124/><V49/><F32/><W59/><G121/><T70/><D70/><U68/><E135/><V115/><F115/><W106/><G113/><T25/><D127/><U75/><E53/><V86/><F116/><W128/><G2/><T76/><D112/><U15/><E15/><V97/><F40/><W126/><G42/><T125/><D134/><U129/><E129/><N who="3" m="49738" /><G132/><T90/><D125/><U17/><E17/><V98/><F98/><W9/><G126/><T28/><D39/><U4/><E4/><V88/><F84/><W100/><G89/><T22/><D80/><U7/><E7/><V14/><F14/><N who="3" m="7631" /><G100/><T0/><D0/><U48/><E91/><V79/><F79/><W111/><G111/><T83/><D83/><U36/><E103/><V60/><F71/><W101/><G101/><T29/><D29/><U33/><E33/><V52/><REACH who="2" step="1"/><F43/><REACH who="2" ten="140,310,160,380" step="2"/><W74/><G74/><T47/><D1/><U66/><E75/><V57/><F57/><W72/><G72/><T13/><D13/><U85/><E12/><V95/><F95/><W96/><G59/><T133/><D133/><U34/><E34/><V117/><F117/><W41/><G41/><T114/><D114/><U69/><E38/><V21/><F21/><N who="3" m="8267" /><G96/><N who="0" m="57367" /><D5/><U122/><E37/><V130/><F130/><W93/><G93/><T73/><D73/><U110/><E36/><V108/><F108/><W27/><G107/><T10/><D10/><AGARI ba="0,1" hai="8,10,11,45,49,52,60,62,81,86,88,97,102,105" machi="10" ten="40,12000,2" yaku="1,1,52,3,54,2,53,0" doraHai="6" doraHaiUra="109" who="2" fromWho="0" sc="140,-120,310,0,160,130,380,0" owari="20,-48.0,310,11.0,290,-11.0,380,48.0" /></mjloggm>