<mjloggm ver="2.3"><GO type="169" lobby="0"/><UN n0="%E9%B7%B9%E6%AD%A3%E3%81%AE%E5%80%85%EF%BC%9D%E5%AF%8C%E7%8C%AB" n1="%EF%BC%88%E2%89%A7%E2%96%BD%E2%89%A6%EF%BC%89" n2="%70%65%72%6F%32" n3="%E5%AD%90%E4%BE%9B%E4%BC%9A%E5%93%A1" dan="17,19,17,16" rate="2138.05,2297.83,2135.12,2097.85" sx="M,M,M,M"/><TAIKYOKU oya="0"/><INIT seed="0,0,0,3,4,33" ten="250,250,250,250" oya="0" hai0="37,55,117,83,31,14,125,13,10,45,119,68,98" hai1="128,111,76,5,75,62,84,78,36,103,113,134,35" hai2="47,4,41,59,18,21,70,126,95,104,96,86,115" hai3="49,99,50,131,109,12,34,100,54,19,93,72,79"/><T122/><D122/><U90/><E36/><V3/><F70/><W58/><G34/><T88/><D68/><U73/><E35/><V82/><F115/><W52/><G109/><T121/><D121/><U69/><E5/><V9/><F104/><W29/><G29/><T11/><D31/><U46/><E46/><V25/><F126/><W61/><G131/><T74/><D125/><U28/><E28/><V39/><F59/><W51/><G79/><N who="1" m="30250" /><E62/><V129/><F129/><W92/><G72/><N who="1" m="27722" /><E69/><V16/><F86/><W40/><G92/><T124/><D74/><U27/><E27/><V133/><F82/><W38/><G38/><T67/><D67/><U127/><E127/><V89/><REACH who="2" step="1"/><F133/><REACH who="2" ten="250,250,240,250" step="2"/><W123/><G123/><T114/><D124/><U43/><E113/><V63/><F63/><W112/><G112/><T110/><D114/><U118/><E84/><V42/><F42/><W102/><G40/><T101/><D83/><U53/><E43/><V120/><F120/><W107/><G107/><T116/><D116/><U81/><E118/><V56/><F56/><W71/><G71/><T66/><D119/><U91/><E134/><V2/><F2/><W0/><G0/><T7/><D117/><U48/><E128/><V108/><F108/><W132/><G132/><T57/><D57/><N who="1" m="32935" /><E111/><V135/><F135/><W15/><G61/><T60/><D60/><U85/><E81/><V87/><F87/><W24/><G58/><T94/><D110/><U32/><E85/><V77/><F77/><W105/><G105/><T22/><D45/><U80/><E80/><V8/><F8/><RYUUKYOKU ba="0,1" sc="250,-10,250,-10,240,30,250,-10" hai2="3,4,9,16,18,21,25,39,41,47,89,95,96" /><INIT seed="1,1,1,2,3,81" ten="240,240,270,240" oya="1" hai0="73,64,55,21,102,88,106,69,38,74,113,129,98" hai1="33,91,23,30,52,68,75,28,41,135,118,109,13" hai2="126,65,115,107,61,4,49,130,103,44,133,9,105" hai3="132,0,54,84,76,128,11,66,80,32,125,47,70"/><U36/><E68/><V43/><F115/><W6/><G32/><T18/><D113/><U120/><E75/><V131/><F133/><W62/><G132/><T19/><D38/><U59/><E120/><V26/><F126/><W100/><G128/><N who="2" m="49193" /><F26/><W94/><G125/><T10/><D129/><U83/><E33/><V8/><F103/><W7/><G7/><T85/><D55/><U112/><E118/><V57/><F8/><W34/><G34/><T17/><D10/><U25/><E112/><V58/><F58/><W127/><G127/><T134/><D134/><U108/><E135/><V63/><F63/><W117/><G117/><T124/><D124/><U50/><E30/><V93/><F93/><W101/><REACH who="3" step="1"/><G94/><REACH who="3" ten="240,240,270,230" step="2"/><T90/><D106/><U12/><E108/><V53/><F107/><W60/><G60/><T3/><D3/><U51/><E109/><V119/><F105/><W97/><G97/><T14/><D98/><U40/><E36/><V48/><F119/><W110/><G110/><T2/><D2/><U35/><E35/><V37/><F65/><W111/><G111/><T27/><D64/><U46/><REACH who="1" step="1"/><E40/><REACH who="1" ten="240,230,270,230" step="2"/><V114/><F114/><W116/><G116/><T67/><D67/><U122/><E122/><V31/><F31/><W16/><G16/><T29/><D18/><U20/><E20/><V92/><F37/><W99/><G99/><T121/><D19/><U95/><E95/><V82/><F92/><W5/><G5/><T45/><D17/><U39/><E39/><V96/><F43/><W72/><G72/><T79/><D74/><U22/><E22/><RYUUKYOKU ba="1,3" sc="240,-15,230,15,270,-15,230,15" hai1="12,13,23,25,28,41,46,50,51,52,59,83,91" hai3="0,6,11,47,54,62,66,70,76,80,84,100,101" /><INIT seed="1,2,3,3,4,98" ten="225,245,255,245" oya="1" hai0="129,25,120,131,106,5,33,113,8,84,71,105,43" hai1="119,101,12,56,121,59,103,72,26,134,15,96,58" hai2="77,68,89,27,85,65,135,69,66,108,82,20,83" hai3="18,34,11,62,74,9,63,31,117,19,39,57,55"/><U6/><E72/><V111/><F135/><W41/><G74/><T133/><D113/><U42/><E121/><V29/><F66/><W45/><G117/><T112/><D112/><U70/><E70/><V1/><F1/><W81/><G81/><T30/><D133/><U97/><E119/><V87/><REACH who="2" step="1"/><F65/><REACH who="2" ten="225,245,245,245" step="2"/><W92/><G92/><T78/><D120/><U86/><E134/><V53/><F53/><W60/><G55/><T48/><D106/><U40/><E40/><V51/><F51/><W37/><G37/><T123/><D105/><U118/><E42/><V132/><F132/><W125/><G125/><T114/><D48/><U36/><E118/><V54/><F54/><W88/><G39/><T44/><D43/><U100/><E36/><V109/><AGARI ba="2,4" hai="20,27,29,68,69,77,82,83,85,87,89,108,109,111" machi="109" ten="30,7900,0" yaku="1,1,0,1,14,1,53,1" doraHai="98" doraHaiUra="17" who="2" fromWho="2" sc="225,-22,245,-41,245,125,245,-22" /><INIT seed="2,0,0,0,5,117" ten="203,204,370,223" oya="2" hai0="100,44,55,84,123,87,21,50,85,95,130,133,115" hai1="75,65,103,17,83,7,135,41,125,120,53,122,14" hai2="52,60,37,69,110,51,108,32,86,111,126,128,82" hai3="76,9,36,109,45,58,72,97,112,101,0,68,6"/><V134/><F32/><W74/><G109/><T71/><D71/><U24/><E103/><V119/><F119/><W40/><G112/><T99/><D115/><U80/><E65/><N who="2" m="41127" /><F37/><W113/><G113/><T54/><D133/><U61/><E41/><V121/><F121/><N who="1" m="46697" /><E125/><V25/><F134/><W98/><G58/><T13/><D130/><U39/><E39/><V3/><F3/><W93/><G68/><T11/><D21/><N who="1" m="13359" /><E75/><V106/><F25/><W62/><G74/><T90/><D123/><U78/><E78/><N who="2" m="46423" /><F128/><W64/><G76/><T104/><D100/><U129/><E129/><V23/><F23/><W114/><G72/><T63/><D11/><N who="1" m="4479" /><E135/><V35/><F35/><W38/><G38/><T15/><D104/><U18/><E18/><V4/><F106/><W34/><G36/><T47/><D90/><U26/><E26/><V96/><F126/><W48/><G40/><T77/><D77/><U16/><E16/><V131/><F131/><W12/><G114/><T31/><D31/><U19/><E19/><V73/><F73/><W116/><G64/><T124/><D124/><U33/><E33/><V27/><F27/><W66/><G101/><T92/><D47/><U57/><AGARI ba="0,0" hai="53,57,61,80,83" m="4479,13359,46697" machi="57" ten="30,7900,0" yaku="13,1,52,3" doraHai="117" who="1" fromWho="1" sc="203,-20,204,79,370,-39,223,-20" /><INIT seed="3,0,0,3,5,131" ten="183,283,331,203" oya="3" hai0="120,3,116,77,0,96,16,102,37,119,113,18,72" hai1="107,45,127,63,87,55,67,42,1,25,32,130,121" hai2="99,13,70,30,6,36,14,40,108,27,80,79,94" hai3="111,53,114,74,7,46,83,85,76,101,56,117,51"/><W58/><G117/><T132/><D120/><U5/><E121/><V126/><F70/><W43/><G114/><T64/><D37/><N who="1" m="21711" /><E87/><V71/><F108/><W73/><G111/><T22/><D113/><U2/><E55/><V19/><F126/><W133/><G133/><T57/><D132/><U33/><E130/><V11/><F71/><W92/><G56/><T20/><D77/><U47/><E47/><V69/><F69/><W90/><G101/><T122/><D72/><U68/><E127/><V28/><F40/><W91/><G7/><T39/><D39/><U106/><E5/><V134/><F36/><W17/><G17/><T8/><D122/><U110/><E110/><V129/><F134/><W38/><REACH who="3" step="1"/><G91/><REACH who="3" ten="183,283,331,193" step="2"/><T62/><D119/><U12/><E2/><V66/><F129/><W44/><G44/><T104/><D116/><U115/><E1/><V49/><F19/><W75/><AGARI ba="0,1" hai="38,43,46,51,53,58,73,74,75,76,83,85,90,92" machi="75" ten="20,3900,0" yaku="1,1,0,1,7,1,53,0" doraHai="131" doraHaiUra="109" who="3" fromWho="3" sc="183,-13,283,-13,331,-13,193,49" /><INIT seed="3,1,0,1,2,48" ten="170,270,318,242" oya="3" hai0="131,124,97,102,87,114,14,58,10,36,13,64,76" hai1="117,129,61,70,125,44,106,26,113,123,12,110,68" hai2="11,50,96,55,7,16,104,19,100,84,37,94,67" hai3="28,79,30,0,135,86,43,21,4,107,103,40,71"/><W116/><G116/><T15/><D36/><U34/><RYUUKYOKU type="yao9" ba="1,0" sc="170,0,270,0,318,0,242,0" hai1="12,26,34,44,61,68,70,106,110,113,117,123,125,129" /><INIT seed="3,2,0,3,3,131" ten="170,270,318,242" oya="3" hai0="6,103,65,87,69,128,121,51,62,18,118,72,124" hai1="116,3,29,52,56,106,17,19,75,15,42,134,30" hai2="36,26,109,70,9,129,10,7,38,43,61,13,27" hai3="59,107,78,133,47,81,90,41,49,35,39,132,105"/><W53/><G35/><T71/><D72/><U24/><E106/><V20/><F129/><W11/><G90/><T66/><D118/><U101/><E75/><V96/><F109/><W85/><REACH who="3" step="1"/><G11/><REACH who="3" ten="170,270,318,232" step="2"/><T34/><D34/><U2/><E116/><V77/><F9/><W122/><G122/><T104/><D121/><U32/><E32/><V28/><F10/><W117/><G117/><T111/><D128/><U76/><E76/><V25/><F77/><W89/><G89/><T33/><D33/><U79/><E79/><V126/><F20/><W83/><G83/><T40/><D103/><U55/><E101/><V46/><F126/><W82/><G82/><T37/><D124/><U102/><E102/><V0/><F0/><W22/><G22/><T58/><D111/><U95/><E3/><V12/><F7/><W114/><G114/><T127/><D6/><U99/><E2/><V63/><F28/><W84/><G84/><T93/><D87/><U14/><E29/><V44/><F96/><W23/><G23/><T135/><D127/><U57/><E30/><V50/><F70/><W80/><G80/><T68/><D68/><U94/><E99/><V119/><F119/><W98/><G98/><T97/><D71/><U100/><E100/><V115/><F115/><W16/><G16/><T67/><D69/><U74/><E74/><V110/><F110/><W91/><G91/><T123/><D97/><U48/><E19/><V1/><F1/><W64/><G64/><T31/><D18/><U120/><E17/><V108/><F108/><W92/><G92/><T112/><D93/><RYUUKYOKU ba="2,1" sc="170,-10,270,-10,318,-10,232,30" hai3="39,41,47,49,53,59,78,81,85,105,107,132,133" /><INIT seed="3,3,1,5,4,78" ten="160,260,308,262" oya="3" hai0="90,58,108,44,110,37,117,64,123,1,91,2,106" hai1="89,130,60,73,84,14,100,3,47,53,126,76,6" hai2="86,25,7,56,65,30,87,15,43,128,70,23,96" hai3="119,114,112,59,98,92,94,85,38,10,18,41,5"/><W22/><G119/><T111/><D117/><U83/><E3/><V115/><F115/><W21/><G59/><T4/><D106/><U133/><E133/><V31/><F70/><W55/><G55/><T50/><D123/><U116/><E116/><V97/><F128/><W125/><G125/><T51/><D37/><U129/><E126/><V46/><F31/><W122/><G122/><T32/><D32/><U113/><E100/><V39/><F15/><W69/><G69/><T54/><D64/><U26/><E26/><V132/><F7/><W20/><G41/><T74/><D74/><U36/><E113/><V75/><F132/><W118/><G38/><T134/><D134/><U88/><E60/><N who="2" m="38023" /><F75/><W103/><G18/><T68/><D68/><U28/><E28/><V13/><F13/><W49/><G49/><T80/><D4/><U135/><E135/><V34/><F34/><W131/><G131/><N who="1" m="50186" /><E73/><V120/><F120/><W121/><G121/><T72/><D2/><U40/><E53/><V45/><F39/><W24/><G24/><T124/><D1/><U107/><E107/><V17/><F30/><W101/><G118/><T57/><D124/><U77/><E77/><V79/><F79/><W71/><G71/><T12/><D12/><U9/><AGARI ba="3,1" hai="6,9,14,36,40,47,76,83,84,88,89" m="50186" machi="9" ten="30,4000,0" yaku="19,1,52,1,54,1" doraHai="78" who="1" fromWho="1" sc="160,-13,260,59,308,-13,262,-23" /><INIT seed="4,0,0,1,3,39" ten="147,319,295,239" oya="0" hai0="44,24,88,80,35,45,117,131,13,82,130,129,48" hai1="64,30,133,77,85,23,119,32,51,135,83,93,67" hai2="8,37,11,81,25,111,128,98,14,34,54,19,120" hai3="43,112,21,108,10,50,86,2,114,38,99,55,91"/><T71/><D71/><U33/><E119/><V94/><F120/><W42/><G108/><T27/><D117/><U92/><E23/><V40/><F111/><W97/><G21/><T75/><D13/><U118/><E118/><V102/><F128/><W95/><G10/><T79/><D35/><N who="1" m="13387" /><E51/><V90/><F54/><W5/><G5/><T134/><D134/><N who="1" m="51211" /><E30/><V66/><F66/><AGARI ba="0,0" hai="64,66,67,77,83,85,92,93" m="51211,13387" machi="66" ten="30,1000,0" yaku="20,1" doraHai="39" who="1" fromWho="2" sc="147,0,319,10,295,-10,239,0" /><INIT seed="5,0,0,3,0,58" ten="147,329,285,239" oya="1" hai0="76,63,24,33,72,132,40,46,45,105,102,124,34" hai1="123,0,71,4,50,110,130,122,107,88,36,54,134" hai2="106,51,74,127,93,56,125,70,75,96,2,12,52" hai3="67,60,28,13,32,69,43,19,29,61,112,104,117"/><U94/><E107/><V92/><F70/><W39/><G104/><T128/><D128/><U73/><E73/><V97/><F2/><W22/><G112/><T47/><D132/><U103/><E36/><V68/><F68/><W35/><G117/><T87/><D72/><N who="2" m="27690" /><F12/><W15/><G15/><T135/><D135/><U85/><E71/><V65/><F65/><W77/><G77/><T57/><D40/><U111/><E130/><V10/><F10/><W113/><G113/><T79/><D124/><N who="2" m="47690" /><F106/><W27/><G61/><T129/><D129/><U84/><E134/><V48/><F48/><W83/><G43/><T108/><D108/><U21/><E110/><V126/><F126/><W31/><G39/><T14/><D14/><U115/><E111/><V3/><F3/><W118/><G35/><T114/><D114/><U38/><E38/><V80/><F80/><W131/><G83/><T6/><D6/><U90/><E115/><V119/><F119/><W26/><G118/><T91/><D105/><U8/><E4/><V133/><F133/><W1/><G1/><T53/><D24/><U100/><E0/><V37/><F37/><W16/><REACH who="3" step="1"/><G131/><REACH who="3" ten="147,329,285,229" step="2"/><T121/><D34/><U64/><E50/><V20/><F51/><W7/><G7/><T5/><D5/><U95/><E95/><V116/><F93/><W78/><G78/><T42/><D42/><U18/><E94/><V62/><F92/><W30/><G30/><T17/><D33/><U41/><E41/><V55/><F116/><W81/><G81/><T49/><D49/><U99/><E100/><V86/><F62/><RYUUKYOKU ba="0,1" sc="147,-10,329,-10,285,-10,229,30" hai3="13,16,19,22,26,27,28,29,31,32,60,67,69" /><INIT seed="6,1,1,5,0,21" ten="137,319,275,259" oya="2" hai0="92,44,72,35,3,110,57,60,32,121,59,39,128" hai1="51,9,49,64,19,98,11,34,15,112,53,122,78" hai2="48,83,76,71,31,123,82,127,93,68,24,25,43" hai3="115,69,109,95,4,17,94,6,91,70,81,118,134"/><V67/><F123/><W18/><G109/><T61/><D110/><U130/><E34/><V86/><F127/><W120/><G120/><T40/><D3/><U0/><E122/><V79/><F93/><N who="3" m="35339" /><G70/><T89/><D72/><U124/><E130/><V126/><F126/><W45/><G69/><T106/><D106/><U101/><E64/><V80/><F31/><W7/><G118/><T90/><D128/><U133/><E78/><N who="2" m="29739" /><F68/><W41/><G134/><T99/><D90/><U85/><E133/><V131/><F67/><W102/><G102/><T22/><D121/><U23/><E0/><V113/><F113/><W14/><G115/><T8/><D8/><U12/><E112/><V2/><F2/><W107/><G107/><T117/><D117/><U46/><E124/><V114/><F114/><W38/><G38/><T16/><D59/><N who="1" m="33199" /><E85/><V42/><F71/><W63/><G63/><T27/><REACH who="0" step="1"/><D61/><REACH who="0" ten="127,319,275,259" step="2"/><U105/><E105/><V1/><F131/><W62/><G62/><T116/><D116/><U65/><E9/><V84/><F1/><W52/><G91/><T77/><D77/><U36/><E11/><V20/><F84/><W56/><G56/><T5/><D5/><U87/><E87/><V10/><F86/><W125/><G7/><T29/><D29/><U132/><E132/><V103/><F10/><W13/><G4/><T58/><D58/><U50/><E101/><V26/><F103/><W104/><G6/><T108/><D108/><U73/><E73/><V47/><F43/><W28/><G125/><T135/><D135/><U97/><E97/><V100/><F100/><RYUUKYOKU ba="1,2" sc="127,15,319,-15,275,15,259,-15" hai0="16,22,27,32,35,39,40,44,57,60,89,92,99" hai2="20,24,25,26,42,47,48,80,82,83" /><INIT seed="6,2,2,4,2,2" ten="142,304,290,244" oya="2" hai0="79,3,40,65,106,85,9,115,71,13,86,17,102" hai1="43,117,44,75,100,112,119,95,48,90,49,88,29" hai2="24,12,107,120,56,51,41,11,22,42,7,113,67" hai3="55,110,83,16,73,18,39,38,104,25,96,134,53"/><V64/><F107/><W1/><G1/><T21/><D115/><U93/><E75/><V19/><F120/><W109/><G104/><T33/><D79/><U10/><E112/><V80/><F113/><W35/><G96/><T23/><D33/><U84/><E100/><V32/><F32/><W26/><G83/><T76/><D76/><U78/><E78/><V97/><F80/><W126/><G35/><T128/><D128/><U121/><E29/><V129/><F97/><W99/><G99/><T50/><D102/><U135/><E135/><V57/><F129/><W20/><G20/><T69/><D23/><U118/><E121/><V122/><F122/><W63/><G63/><T28/><D106/><U72/><E10/><V59/><F51/><W30/><G30/><T66/><D69/><U46/><E72/><V108/><F108/><W62/><G62/><T132/><D132/><U31/><E31/><V81/><F81/><W27/><G27/><T101/><D101/><U14/><E14/><V125/><F125/><W105/><G105/><T36/><D36/><U77/><E77/><V4/><F4/><W111/><G111/><T82/><D71/><U70/><E70/><V68/><F68/><W103/><G103/><T98/><D98/><U94/><REACH who="1" step="1"/><E84/><REACH who="1" ten="142,294,290,244" step="2"/><N who="0" m="32361" /><D82/><U91/><E91/><V130/><F130/><W87/><G87/><T15/><D3/><U54/><AGARI ba="2,3" hai="43,44,46,48,49,54,88,90,93,94,95,117,118,119" machi="54" ten="40,12000,2" yaku="1,1,0,1,54,1,53,3" doraHai="2" doraHaiUra="89" who="1" fromWho="1" sc="142,-32,294,156,290,-62,244,-32" /><INIT seed="7,0,0,4,2,86" ten="110,450,228,212" oya="3" hai0="111,75,62,24,115,60,67,94,80,76,57,64,44" hai1="124,89,95,116,83,42,128,123,63,66,31,28,98" hai2="108,61,121,39,2,1,58,34,18,11,53,19,9" hai3="118,51,105,96,79,70,46,55,107,32,125,37,36"/><W38/><G118/><T110/><D115/><U40/><E123/><V132/><F34/><W6/><G70/><T16/><D44/><U5/><E128/><V120/><F132/><W88/><G125/><T14/><D24/><U33/><E33/><V102/><F108/><W117/><G117/><T135/><D135/><U113/><E113/><V27/><F102/><W104/><G79/><T99/><D62/><U21/><E5/><V4/><F39/><W50/><G32/><T87/><D75/><U35/><E35/><V69/><F69/><W22/><G22/><T15/><D15/><U131/><E131/><V48/><F27/><W41/><G6/><T23/><REACH who="0" step="1"/><D67/><REACH who="0" ten="100,450,228,212" step="2"/><U90/><E116/><V126/><F121/><W112/><G112/><T0/><D0/><U114/><E114/><V133/><F120/><W43/><G46/><T68/><D68/><U130/><E130/><V82/><F1/><W134/><G134/><T30/><D30/><U91/><E31/><V84/><F61/><W56/><G38/><T127/><D127/><U72/><E124/><V54/><F2/><W26/><G36/><T71/><D71/><U92/><E28/><V59/><F126/><W49/><G37/><T65/><D65/><U29/><E66/><V13/><F133/><W25/><G26/><T47/><D47/><U74/><E29/><V12/><F13/><W81/><G25/><T7/><D7/><U17/><E72/><V45/><F12/><W77/><G43/><T119/><D119/><U8/><E42/><V78/><F45/><W20/><G41/><T106/><D106/><RYUUKYOKU ba="0,1" sc="100,30,450,-10,228,-10,212,-10" hai0="14,16,23,57,60,64,76,80,87,94,99,110,111" owari="130,-37.0,450,55.0,218,2.0,202,-20.0" /></mjloggm>