<mjloggm ver="2.3"><GO type="97" lobby="0"/><UN n0="%E3%83%87%E3%83%8D%E3%83%9C%E3%83%A9" n1="%67%61%6B%75%63%68%6F" n2="%E3%82%A6%E3%83%AB%E3%83%88%E3%83%A9%E7%AB%8B%E7%9B%B4" n3="%E2%98%86%E3%83%8A%E3%83%80%E3%83%AB%E2%98%86" dan="15,13,15,14" rate="2043.13,1942.32,1975.17,1966.29" sx="M,M,M,M"/><TAIKYOKU oya="0"/><INIT seed="0,0,0,5,3,11" ten="250,250,250,250" oya="0" hai0="86,35,102,33,129,39,3,125,78,90,82,123,119" hai1="52,121,92,94,61,101,127,68,44,63,109,51,115" hai2="12,41,71,67,23,122,0,28,50,110,114,43,60" hai3="80,74,108,45,105,29,134,64,26,107,46,76,131"/><T75/><D123/><U4/><E121/><V38/><F122/><W98/><G108/><T56/><D119/><U7/><E115/><V16/><F0/><W1/><G1/><T100/><D3/><U18/><E109/><V54/><F114/><W31/><G134/><T118/><D118/><U37/><E127/><V89/><F110/><W104/><G131/><T49/><D39/><U126/><E126/><V88/><F28/><W120/><G120/><T15/><D129/><U48/><E37/><V112/><F112/><W17/><G98/><T42/><D125/><U85/><E68/><V111/><F111/><W34/><G29/><T30/><D30/><U135/><E135/><V72/><F72/><W24/><G24/><T117/><D117/><U116/><E116/><V103/><F103/><W124/><G124/><T62/><D100/><U13/><E101/><V47/><REACH who="2" step="1"/><F43/><REACH who="2" ten="250,250,240,250" step="2"/><W106/><N who="3" m="27136" /><DORA hai="96" /><W133/><G133/><T22/><D102/><U73/><E73/><V132/><F132/><W2/><G2/><T5/><D75/><U40/><E85/><V14/><F14/><W97/><G97/><T93/><D15/><U70/><E70/><V113/><F113/><W65/><REACH who="3" step="1"/><G17/><REACH who="3" ten="250,250,240,240" step="2"/><T59/><D5/><U20/><E4/><V21/><F21/><W69/><G69/><T25/><D22/><U36/><E7/><V55/><F55/><W27/><G27/><T95/><D25/><U32/><E32/><V87/><F87/><W84/><G84/><T10/><D35/><U128/><E128/><V53/><F53/><W83/><G83/><T6/><D33/><RYUUKYOKU ba="0,2" sc="250,-15,250,-15,240,15,240,15" hai2="12,16,23,38,41,47,50,54,60,67,71,88,89" hai3="26,31,34,45,46,64,65,74,76,80" /><INIT seed="1,1,2,3,4,1" ten="235,235,255,255" oya="1" hai0="8,2,22,124,100,119,9,128,72,36,57,105,98" hai1="7,61,48,5,129,10,47,54,97,99,13,15,79" hai2="32,21,12,51,78,25,103,59,113,6,95,75,132" hai3="73,20,120,34,106,66,17,92,4,83,67,60,62"/><U90/><E129/><V30/><F113/><W82/><G106/><T14/><D128/><U109/><E109/><V108/><F108/><W27/><G34/><T70/><D119/><U77/><E61/><N who="3" m="23658" /><G120/><T89/><D70/><U3/><E3/><V68/><F68/><W131/><G131/><T101/><D124/><U74/><E74/><V76/><F75/><W24/><G73/><T133/><D72/><U33/><E33/><V26/><F132/><W37/><G37/><T19/><D36/><U111/><E111/><V123/><F123/><W18/><G92/><T64/><D64/><N who="3" m="24617" /><G4/><T35/><D35/><U125/><E125/><V43/><F26/><N who="3" m="9771" /><G20/><T91/><D22/><U31/><E31/><V63/><F32/><W126/><G126/><T42/><D2/><U135/><E135/><V121/><F121/><W16/><AGARI ba="1,2" hai="16,17,18,82,83" m="9771,24617,23658" machi="16" ten="40,8000,1" yaku="28,2,8,1,54,1" doraHai="1" who="3" fromWho="3" sc="235,-21,235,-41,255,-21,255,103" /><INIT seed="2,0,0,3,4,28" ten="214,194,234,358" oya="2" hai0="86,111,116,112,9,74,107,67,54,57,62,98,114" hai1="26,47,87,113,53,51,56,33,124,135,79,133,30" hai2="119,64,19,63,59,24,2,13,123,70,102,14,73" hai3="89,45,78,131,117,122,35,17,6,38,126,49,15"/><V120/><F73/><W129/><G117/><T55/><D74/><U36/><E113/><V37/><F2/><W80/><G122/><T77/><D116/><U50/><E36/><V7/><F119/><W115/><G115/><T92/><D107/><U71/><E71/><V46/><F24/><W60/><G38/><T81/><D111/><U34/><E87/><V20/><F102/><W43/><G6/><T104/><D104/><U134/><E79/><V27/><F14/><W88/><G35/><N who="1" m="13322" /><E124/><V110/><F110/><W91/><G126/><T48/><D112/><U76/><E76/><V61/><F46/><W121/><G60/><T0/><D114/><U4/><E4/><V75/><F75/><W69/><G69/><T3/><D9/><U32/><E47/><V44/><F44/><W103/><G103/><T85/><D85/><U1/><E1/><V97/><F37/><W12/><G12/><T127/><D127/><U100/><E100/><V8/><F97/><W11/><G129/><T90/><D55/><AGARI ba="0,0" hai="7,8,13,19,20,27,55,59,61,63,64,70,120,123" machi="55" ten="30,1500,0" yaku="7,1" doraHai="28" who="2" fromWho="0" sc="214,-15,194,0,234,15,358,0" /><INIT seed="2,1,0,0,1,132" ten="199,194,249,358" oya="2" hai0="63,117,66,123,89,116,126,108,45,113,54,9,80" hai1="30,69,97,106,83,104,10,68,103,17,84,50,20" hai2="37,82,21,79,33,46,60,59,16,58,53,18,5" hai3="28,11,47,13,112,134,29,62,78,3,39,12,31"/><V40/><F33/><W90/><G78/><T135/><D113/><U114/><E114/><V92/><F92/><W26/><G112/><T70/><D123/><U99/><E50/><V95/><F95/><W124/><G90/><T51/><D135/><U86/><E30/><V72/><F21/><W7/><G62/><T76/><D108/><U52/><E10/><V55/><REACH who="2" step="1"/><F5/><REACH who="2" ten="199,194,239,358" step="2"/><N who="3" m="1471" /><G134/><T101/><D9/><U15/><E83/><V36/><F36/><W81/><G39/><T4/><D80/><U75/><E75/><V102/><F102/><W22/><G81/><T100/><D101/><U8/><E103/><V109/><F109/><W48/><G7/><T120/><D100/><U35/><E35/><V105/><F105/><W27/><G22/><T0/><D4/><U107/><E20/><V96/><F96/><W127/><G27/><T25/><D25/><U14/><E107/><V2/><F2/><W110/><G26/><T19/><D0/><U43/><E8/><V57/><F57/><W121/><G110/><T130/><D120/><U61/><E106/><V24/><F24/><W1/><G121/><T71/><D71/><U34/><E34/><V64/><F64/><W88/><G1/><T23/><D70/><U129/><E104/><V41/><F41/><W93/><G12/><T133/><D66/><U65/><E69/><V77/><F77/><W87/><G13/><T118/><D76/><U38/><E43/><V85/><F85/><W44/><G87/><N who="1" m="33322" /><E38/><V128/><F128/><W6/><G6/><T119/><D130/><U131/><E14/><V98/><F98/><RYUUKYOKU ba="1,1" sc="199,-10,194,-10,239,30,358,-10" hai2="16,18,37,40,46,53,55,58,59,60,72,79,82" /><INIT seed="2,2,1,1,4,41" ten="189,184,269,348" oya="2" hai0="98,95,47,94,36,121,62,54,109,2,18,131,106" hai1="80,87,28,3,6,100,23,43,17,77,103,105,88" hai2="108,49,53,73,85,101,38,104,76,11,70,60,127" hai3="92,7,34,112,91,65,119,26,72,115,14,135,84"/><V114/><F38/><W15/><G119/><T37/><D121/><U20/><E43/><V69/><F73/><W13/><G72/><T19/><D106/><U96/><E28/><V120/><F120/><W55/><G135/><T45/><D2/><U39/><E39/><V129/><F114/><N who="3" m="43563" /><G65/><T16/><D109/><U126/><E126/><V1/><F127/><W63/><G63/><T56/><D131/><U81/><E6/><N who="2" m="1487" /><F60/><W116/><G55/><T21/><D37/><U110/><E3/><V118/><F118/><W58/><G58/><T29/><D36/><U51/><E110/><V46/><F108/><W123/><G123/><T83/><D83/><U12/><E51/><V122/><F122/><W90/><G90/><N who="0" m="55639" /><D95/><U57/><E57/><V125/><F125/><W132/><G132/><T50/><D62/><U86/><E103/><V134/><F134/><W93/><G93/><T5/><D5/><U66/><E66/><V99/><F129/><W74/><G74/><T27/><AGARI ba="2,1" hai="16,18,19,21,27,29,45,47,50,54,56" m="55639" machi="27" ten="30,7900,0" yaku="8,1,52,2,54,1" doraHai="41" who="0" fromWho="0" sc="189,95,184,-22,269,-41,348,-22" /><INIT seed="3,0,0,5,2,50" ten="284,162,228,326" oya="3" hai0="46,21,93,41,59,31,133,69,82,78,14,2,56" hai1="84,12,116,10,54,66,52,118,92,68,111,64,120" hai2="76,55,81,106,30,25,27,42,134,17,26,130,83" hai3="37,119,44,40,57,75,108,65,15,117,98,63,7"/><W34/><G75/><T16/><D69/><U79/><E120/><V38/><F106/><W101/><G34/><T1/><D133/><U6/><E111/><V107/><F107/><W90/><G90/><T77/><D31/><U135/><E135/><V39/><F134/><W3/><G3/><T73/><D78/><U127/><E127/><V113/><F30/><W129/><G129/><T28/><D28/><U86/><E68/><V23/><F113/><W115/><G115/><T45/><D45/><U43/><E43/><V58/><F130/><W4/><G108/><T24/><D24/><U96/><E79/><V104/><F104/><W100/><G100/><T67/><D93/><U74/><E74/><V70/><F70/><W88/><G88/><T5/><D67/><N who="1" m="25643" /><E96/><V48/><F81/><W103/><G103/><T97/><D97/><U20/><E20/><V121/><F121/><W18/><G4/><T53/><D5/><U124/><E124/><V71/><F71/><W110/><G7/><T11/><D11/><U123/><E123/><V114/><F114/><W87/><G110/><T62/><REACH who="0" step="1"/><D59/><REACH who="0" ten="274,162,228,326" step="2"/><U94/><E118/><V132/><F132/><W8/><G87/><N who="1" m="33322" /><E116/><V22/><F76/><W91/><G91/><T9/><D9/><U85/><N who="1" m="33330" /><U29/><DORA hai="13" /><E29/><V72/><F72/><W99/><G99/><T32/><D32/><U109/><E109/><V49/><F26/><W35/><G35/><T0/><D0/><U19/><E6/><V89/><F27/><W51/><G117/><T131/><D131/><U33/><E33/><V60/><F25/><RYUUKYOKU ba="0,1" sc="274,15,162,15,228,-15,326,-15" hai0="1,2,14,16,21,41,46,53,56,62,73,77,82" hai1="10,12,19,52,54,92,94" owari="289,9.0,177,-32.0,213,-19.0,321,42.0" /></mjloggm>