<mjloggm ver="2.3"><GO type="41" lobby="0"/><UN n0="%E3%83%97%E3%83%BC%E3%83%AB%E3%82%AA%E3%83%A0%E5%B7%8C" n1="%E3%82%AA%E3%83%89" n2="%E5%8D%9A%E9%BA%97%E3%82%86%E3%81%8B%E3%82%8A" n3="%E3%82%A6%E3%83%AB%E3%83%88%E3%83%A9%E7%AB%8B%E7%9B%B4" dan="14,15,14,16" rate="1911.76,2132.14,1901.13,2056.92" sx="M,M,M,M"/><TAIKYOKU oya="0"/><INIT seed="0,0,0,1,4,32" ten="250,250,250,250" oya="0" hai0="63,113,95,60,4,13,106,3,46,11,87,127,9" hai1="56,38,0,5,35,57,86,19,92,62,112,131,2" hai2="128,40,72,70,83,17,125,44,48,88,66,1,80" hai3="30,54,28,90,98,45,65,33,75,116,120,25,36"/><T104/><D113/><U94/><E38/><V89/><F128/><W115/><G75/><T100/><D127/><U123/><E123/><V61/><F125/><W10/><G116/><T78/><D100/><U67/><E131/><V118/><F118/><W110/><G115/><T29/><D29/><U81/><E112/><V101/><F101/><W79/><G120/><T84/><D84/><U49/><E35/><V14/><F1/><W55/><G79/><T114/><D114/><U15/><E5/><V126/><F126/><W117/><G30/><T99/><D99/><U50/><E50/><V51/><F51/><W18/><G117/><T6/><D46/><U82/><E82/><V91/><REACH who="2" step="1"/><F72/><REACH who="2" ten="250,250,240,250" step="2"/><W20/><G36/><T47/><D3/><U121/><E121/><V58/><F58/><W93/><G45/><T31/><D47/><U130/><E130/><V12/><F12/><W16/><G110/><T102/><D13/><U22/><E57/><V129/><F129/><W135/><G135/><T23/><D102/><U77/><E49/><V108/><F108/><W105/><G105/><T134/><D134/><U41/><E41/><V43/><F43/><W42/><G42/><T27/><D106/><U103/><E103/><V59/><F59/><W53/><G25/><T68/><D104/><U109/><E109/><V21/><AGARI ba="0,1" hai="14,17,21,40,44,48,61,66,70,80,83,88,89,91" machi="21" ten="30,12000,2" yaku="1,1,0,1,54,1,53,3" doraHai="32" doraHaiUra="85" who="2" fromWho="2" sc="250,-60,250,-30,240,130,250,-30" /><INIT seed="1,0,0,1,3,58" ten="190,220,370,220" oya="1" hai0="135,121,46,117,112,6,68,60,30,114,53,88,39" hai1="2,47,113,9,82,104,96,13,45,111,128,105,28" hai2="99,79,34,125,77,25,130,93,76,35,24,17,108" hai3="91,110,27,124,98,107,85,16,36,103,73,41,0"/><U48/><E113/><N who="0" m="43625" /><D88/><U134/><E134/><V18/><F130/><W95/><G0/><T80/><D30/><U102/><E128/><V15/><F125/><W22/><G124/><T20/><D6/><U70/><E70/><V4/><F108/><W42/><G110/><T129/><D20/><U100/><E2/><V133/><F133/><W115/><G115/><T12/><D12/><U66/><E66/><V65/><F65/><W109/><G109/><T5/><D5/><U3/><E3/><V83/><F83/><W78/><G36/><T40/><D80/><AGARI ba="0,0" hai="16,22,27,41,42,73,78,80,85,91,95,98,103,107" machi="80" ten="40,5200,0" yaku="24,2,54,1" doraHai="58" who="3" fromWho="0" sc="190,-52,220,0,370,0,220,52" /><INIT seed="2,0,0,4,2,101" ten="138,220,370,272" oya="2" hai0="132,7,24,15,96,17,73,39,99,79,8,58,116" hai1="20,52,12,84,80,21,133,124,81,110,34,68,93" hai2="29,122,43,41,72,0,55,123,49,126,102,37,47" hai3="85,115,74,89,100,65,25,31,113,88,23,109,19"/><V9/><F72/><W57/><G74/><T51/><D39/><U28/><E110/><V69/><F126/><W76/><G109/><T129/><D129/><U87/><E124/><V61/><F29/><W46/><G76/><T66/><D132/><U111/><E111/><V45/><F102/><W97/><G46/><T1/><D116/><U33/><E68/><V118/><F9/><W44/><G44/><T42/><D79/><U36/><E36/><N who="2" m="21671" /><F0/><W94/><G89/><T64/><D42/><U104/><E133/><V112/><F112/><W128/><G128/><T11/><D73/><U114/><E28/><V117/><F117/><W26/><G26/><T91/><D24/><U22/><E12/><V53/><F118/><W62/><REACH who="3" step="1"/><G19/><REACH who="3" ten="138,220,370,262" step="2"/><T30/><D91/><U59/><E114/><V134/><F134/><W18/><G18/><T108/><D108/><U48/><E34/><V60/><F69/><W16/><G16/><T75/><D75/><U70/><E33/><V6/><F6/><W98/><G98/><T10/><D7/><U125/><E70/><V3/><F3/><W77/><G77/><T120/><D1/><U27/><E27/><V106/><F106/><AGARI ba="0,1" hai="23,25,31,57,62,65,85,88,94,97,100,106,113,115" machi="106" ten="40,5200,0" yaku="1,1,52,1,54,1,53,0" doraHai="101" doraHaiUra="121" who="3" fromWho="2" sc="138,0,220,0,370,-52,262,62" /><INIT seed="3,0,0,2,4,85" ten="138,220,318,324" oya="3" hai0="90,14,102,11,56,87,96,69,116,55,118,2,124" hai1="100,7,30,61,38,42,111,117,84,67,89,20,26" hai2="45,25,33,83,72,12,28,52,58,119,57,127,39" hai3="37,19,98,108,3,71,47,34,4,29,21,106,86"/><W79/><G108/><T134/><D124/><U6/><E111/><V128/><F127/><W95/><G71/><T66/><D134/><U109/><E109/><V43/><F119/><W88/><G29/><T122/><D122/><U63/><E117/><V70/><F70/><W50/><G34/><T114/><D114/><U133/><E133/><V5/><F128/><W123/><G37/><T135/><D135/><U94/><E63/><V17/><F5/><W73/><G123/><T76/><D76/><U110/><E110/><V24/><F24/><W15/><G4/><T0/><D69/><U130/><E130/><V22/><F83/><W9/><G3/><T91/><D66/><U125/><E125/><V36/><F58/><W113/><G113/><T107/><D116/><U49/><E38/><V23/><F33/><W40/><G73/><T104/><D118/><U16/><E100/><V35/><F35/><W80/><G106/><T99/><D107/><U65/><E30/><V51/><REACH who="2" step="1"/><F72/><REACH who="2" ten="138,220,308,324" step="2"/><W101/><G9/><T10/><D56/><U126/><E126/><V103/><F103/><AGARI ba="0,1" hai="15,19,21,40,47,50,79,80,86,88,95,98,101,103" machi="103" ten="40,7700,0" yaku="8,1,52,1,54,1" doraHai="85" who="3" fromWho="2" sc="138,0,220,0,308,-77,324,87" /><INIT seed="3,1,0,5,4,10" ten="138,220,231,411" oya="3" hai0="38,128,124,88,58,102,11,90,32,44,61,112,3" hai1="133,65,25,93,40,35,106,92,84,67,60,52,13" hai2="28,107,45,49,79,63,72,19,98,100,86,130,126" hai3="8,122,48,125,31,14,59,131,104,22,20,62,46"/><W33/><G104/><T129/><D32/><U111/><E111/><V29/><F130/><N who="0" m="50282" /><D124/><U23/><E133/><V7/><F126/><W96/><G122/><T83/><D112/><U57/><E106/><V37/><F72/><W110/><G125/><T101/><D38/><U15/><E40/><V76/><F37/><W55/><G110/><T127/><D127/><U91/><E93/><V73/><F63/><W6/><G131/><T78/><D44/><U115/><E35/><V42/><F73/><W118/><G118/><T117/><D117/><U50/><E115/><V134/><F134/><W2/><G96/><T94/><D3/><U9/><E9/><V109/><F109/><W123/><G123/><T87/><D11/><U43/><E43/><V82/><F79/><W71/><G71/><T0/><D0/><U66/><E60/><V5/><F29/><AGARI ba="1,0" hai="13,15,23,25,29,50,52,57,65,66,67,84,91,92" machi="29" ten="40,8000,1" yaku="8,1,52,2,54,1" doraHai="10" who="1" fromWho="2" sc="138,0,220,83,231,-83,411,0" /><INIT seed="4,0,0,0,0,53" ten="138,303,148,411" oya="0" hai0="75,113,90,131,26,77,85,62,43,112,52,92,107" hai1="71,65,30,124,7,103,109,49,116,23,74,21,2" hai2="84,47,34,122,63,114,125,99,9,67,41,88,120" hai3="126,80,134,55,118,108,97,105,42,100,64,111,22"/><T38/><D107/><U5/><E109/><V110/><F125/><W11/><G118/><T48/><D131/><U86/><E124/><V72/><F114/><N who="0" m="44138" /><D38/><U39/><E116/><V83/><F110/><W73/><G126/><T0/><D0/><U81/><E74/><V69/><F34/><W106/><G106/><T40/><D62/><U68/><E39/><V104/><F72/><W16/><G134/><T66/><D66/><U27/><E2/><V8/><F99/><W128/><G128/><T6/><D6/><U102/><E49/><V101/><F101/><W24/><G64/><T115/><N who="0" m="44146" /><T59/><DORA hai="78" /><D26/><U4/><E23/><V12/><F8/><W56/><G42/><T119/><D119/><U87/><E87/><V32/><F32/><W93/><G105/><T94/><D94/><U89/><E65/><V79/><F79/><W50/><G11/><T20/><D20/><U28/><REACH who="1" step="1"/><E30/><REACH who="1" ten="138,293,148,411" step="2"/><V45/><F104/><W95/><G108/><T36/><D36/><U133/><E133/><V130/><F130/><W123/><G111/><T54/><D54/><U35/><E35/><V51/><REACH who="2" step="1"/><F47/><REACH who="2" ten="138,293,138,411" step="2"/><W33/><G33/><T57/><D75/><U25/><E25/><V61/><F61/><W70/><G73/><T127/><D127/><U14/><E14/><V3/><F3/><W18/><G24/><T117/><D117/><U46/><E46/><V98/><F98/><W13/><G13/><T10/><D10/><U129/><E129/><V60/><F60/><W31/><G97/><T96/><D59/><U37/><E37/><V76/><F76/><RYUUKYOKU ba="0,2" sc="138,10,293,10,138,10,411,-30" hai0="40,43,48,52,57,77,85,90,92,96" hai1="4,5,7,21,27,28,68,71,81,86,89,102,103" hai2="9,12,41,45,51,63,67,69,83,84,88,120,122" /><INIT seed="4,1,2,2,4,83" ten="148,303,148,381" oya="0" hai0="18,31,69,125,98,84,13,62,72,22,61,93,2" hai1="100,5,79,127,7,105,57,78,107,104,21,56,53" hai2="130,32,95,122,16,4,52,101,26,110,88,68,120" hai3="42,103,113,30,97,8,1,51,131,135,14,119,28"/><T38/><D72/><U115/><E127/><V54/><F110/><W37/><G119/><T15/><D125/><U60/><E115/><V87/><F130/><W123/><G1/><T111/><D2/><U39/><E39/><V94/><F68/><W118/><G37/><T25/><D38/><U99/><E21/><V35/><F4/><W9/><G118/><T10/><D111/><U3/><E3/><V134/><F134/><W89/><G135/><T64/><D62/><U74/><E74/><V112/><F112/><W36/><G36/><T102/><D15/><U19/><E19/><V106/><F106/><W126/><G126/><T66/><REACH who="0" step="1"/><D64/><REACH who="0" ten="138,303,148,381" step="2"/><U129/><E129/><V44/><F122/><W114/><G123/><T70/><D70/><U75/><E75/><V73/><F73/><W58/><G131/><T109/><D109/><U50/><E60/><V81/><F120/><W29/><G14/><T46/><D46/><U17/><E57/><V27/><F44/><N who="3" m="26007" /><G58/><T76/><D76/><U45/><E45/><V33/><F101/><W11/><G113/><T55/><D55/><U116/><E78/><V96/><F96/><W92/><G114/><T117/><D117/><U34/><E79/><V0/><F0/><W59/><G59/><T12/><D12/><U71/><E116/><V48/><F54/><W128/><G128/><T82/><D82/><U80/><E80/><V124/><F124/><W86/><G103/><T47/><D47/><U77/><E77/><V49/><F52/><W133/><G97/><T6/><D6/><U85/><E71/><V91/><F81/><RYUUKYOKU ba="1,3" sc="138,15,303,-15,148,-15,381,15" hai0="10,13,18,22,25,31,61,66,69,84,93,98,102" hai3="8,9,11,28,29,30,86,89,92,133" /><INIT seed="4,2,3,0,5,82" ten="153,288,133,396" oya="0" hai0="108,96,88,125,95,129,104,5,74,50,92,67,49" hai1="79,76,56,103,47,75,2,127,105,10,106,53,117" hai2="133,110,40,37,90,46,60,87,30,112,122,69,84" hai3="131,77,20,85,66,6,111,16,97,86,100,120,54"/><T7/><D74/><U113/><E117/><V132/><F122/><W11/><G111/><T114/><D108/><U64/><E127/><V41/><F112/><W57/><G66/><T38/><D38/><U70/><E113/><V78/><F110/><W0/><G77/><T15/><D114/><U48/><E75/><V35/><F41/><W55/><G120/><T43/><D104/><U109/><E109/><V58/><F69/><W14/><G131/><T61/><D129/><U94/><E106/><V33/><F30/><W130/><G130/><T34/><D34/><U107/><E107/><V9/><F9/><W98/><G55/><T21/><D125/><U31/><E105/><V63/><F63/><W126/><G126/><T28/><D95/><U52/><E70/><V134/><F78/><W8/><G8/><N who="0" m="4495" /><D7/><U44/><E31/><V115/><F90/><W4/><G4/><T91/><D43/><U12/><E2/><V80/><F80/><W36/><G36/><T3/><D3/><U99/><E64/><V121/><F121/><W93/><G98/><T62/><D91/><U19/><E44/><V71/><F71/><W65/><G65/><T23/><D67/><U29/><E29/><V101/><F101/><W135/><G135/><T89/><D89/><U102/><E103/><V119/><F119/><W128/><G128/><T124/><D124/><U118/><E118/><V51/><F37/><W1/><G1/><T26/><D21/><U27/><E27/><V45/><F115/><W13/><G0/><T18/><D28/><U123/><E123/><V59/><F133/><RYUUKYOKU ba="2,3" sc="153,10,288,10,133,-30,396,10" hai0="18,23,26,49,50,61,62,88,92,96" hai1="10,12,19,47,48,52,53,56,76,79,94,99,102" hai3="6,11,13,14,16,20,54,57,85,86,93,97,100" /><INIT seed="4,3,3,2,3,109" ten="163,298,103,406" oya="0" hai0="78,67,123,1,72,11,14,15,39,70,71,80,0" hai1="56,50,102,20,112,4,84,129,6,92,2,76,43" hai2="53,47,37,46,101,3,68,117,88,134,122,90,121" hai3="51,96,131,54,132,115,21,30,124,114,29,7,100"/><T130/><D123/><U98/><E129/><V10/><F68/><W89/><G131/><T85/><D39/><U95/><E2/><V34/><F134/><W93/><G132/><T133/><D133/><U119/><E119/><V104/><F117/><W135/><G135/><T97/><D130/><U86/><E20/><V13/><F34/><W27/><G7/><T63/><D71/><U42/><E56/><V106/><F3/><W118/><G118/><T64/><D97/><U128/><E128/><V31/><F31/><W41/><G41/><T103/><D103/><U94/><E50/><V65/><F101/><W125/><G30/><T75/><D67/><U9/><E9/><V16/><F37/><W73/><G73/><T18/><D1/><U83/><E102/><V74/><F74/><W62/><G62/><T60/><D0/><U58/><E58/><V87/><F90/><W66/><G66/><T52/><D63/><U120/><E98/><V33/><F65/><W108/><G108/><T48/><D15/><U26/><E120/><V28/><F28/><W105/><G105/><T19/><D18/><U45/><E6/><V38/><F38/><W99/><G99/><T111/><D111/><U69/><E4/><V91/><F33/><W113/><G100/><T59/><AGARI ba="3,3" hai="11,14,19,48,52,59,60,64,70,72,75,78,80,85" machi="59" ten="20,3900,0" yaku="0,1,7,1,54,1" doraHai="109" who="0" fromWho="0" sc="163,78,298,-16,103,-16,406,-16" /><INIT seed="4,4,0,1,4,132" ten="241,282,87,390" oya="0" hai0="74,120,30,36,16,39,79,124,28,23,78,11,75" hai1="58,14,53,100,81,93,0,9,64,114,61,118,102" hai2="54,125,57,84,96,60,91,103,86,20,56,88,10" hai3="116,94,33,42,38,66,45,50,77,68,4,108,134"/><T113/><D120/><U51/><E118/><V27/><F10/><W97/><G33/><T101/><D101/><U133/><E0/><V48/><F125/><W65/><G108/><T105/><D105/><U3/><E3/><V119/><F119/><W121/><G116/><T117/><D117/><U8/><E133/><V106/><F91/><W6/><G134/><T21/><D124/><U104/><E104/><V126/><F126/><W47/><G68/><T95/><D11/><U80/><E8/><V69/><F69/><W98/><G77/><T35/><D35/><U85/><E80/><V70/><F70/><W1/><G1/><T49/><D113/><U112/><E93/><V111/><F111/><W22/><G22/><N who="0" m="8203" /><D16/><U71/><E71/><V110/><F110/><W19/><G19/><T40/><D95/><U63/><E112/><V107/><F103/><W128/><G94/><T44/><D28/><U25/><E25/><V17/><F84/><W87/><G87/><T72/><D30/><U92/><E92/><V89/><F89/><W99/><G121/><T82/><D79/><U24/><E24/><V26/><F26/><W31/><G31/><T7/><D7/><N who="1" m="3391" /><E114/><V12/><F27/><W2/><G2/><T73/><N who="0" m="18944" /><DORA hai="76" /><T59/><D59/><N who="1" m="33215" /><E63/><V43/><F43/><N who="3" m="24895" /><G6/><T5/><D5/><U67/><E64/><N who="3" m="24682" /><G4/><T130/><D82/><U55/><E67/><V18/><F18/><W115/><G115/><T13/><D78/><AGARI ba="4,0" hai="55,58,61,78,81,85,100,102" m="33215,3391" machi="78" ten="30,2000,0" yaku="8,1,52,1" doraHai="132,76" who="1" fromWho="0" sc="241,-32,282,32,87,0,390,0" /><INIT seed="5,0,0,3,3,53" ten="209,314,87,390" oya="1" hai0="86,40,4,29,71,47,127,56,31,57,83,44,15" hai1="91,2,63,10,106,7,25,123,39,98,35,104,67" hai2="52,65,59,134,11,51,74,32,17,117,78,0,75" hai3="20,68,9,38,27,132,96,129,34,45,122,133,116"/><U128/><E123/><V102/><F117/><W81/><G116/><T26/><D71/><U94/><E128/><V97/><F134/><W42/><G68/><T115/><D127/><U92/><E39/><V14/><F32/><W16/><G34/><T33/><D115/><U126/><E126/><V101/><F101/><W84/><G122/><T72/><D72/><U99/><E25/><V80/><F65/><W119/><G119/><T43/><D33/><U89/><REACH who="1" step="1"/><E35/><REACH who="1" ten="209,304,87,390" step="2"/><V76/><F0/><W19/><G129/><T130/><D26/><U28/><E28/><V6/><F6/><W95/><G132/><T30/><D130/><U46/><E46/><V69/><F69/><AGARI ba="0,1" hai="2,7,10,63,67,69,89,91,92,94,98,99,104,106" machi="69" ten="30,5800,0" yaku="1,1,7,1,9,1,53,0" doraHai="53" doraHaiUra="12" who="1" fromWho="2" sc="209,0,304,68,87,-58,390,0" /><INIT seed="5,1,0,2,5,28" ten="209,372,29,390" oya="1" hai0="1,87,4,29,112,66,89,23,31,42,7,5,117" hai1="25,122,56,69,100,132,135,59,52,104,124,3,134" hai2="63,71,110,60,94,22,103,30,79,115,84,53,76" hai3="98,20,99,19,57,67,90,85,130,77,120,108,38"/><U82/><E122/><V46/><F110/><W116/><G38/><T32/><D117/><U74/><E3/><V73/><F115/><W83/><G108/><T65/><D112/><U36/><E36/><V114/><F114/><W9/><G120/><T91/><D42/><U35/><E69/><V11/><F73/><W6/><G116/><T72/><D72/><U27/><E124/><V21/><F71/><W26/><G130/><T78/><D1/><U93/><E59/><V34/><F34/><W97/><G67/><N who="0" m="25611" /><D78/><N who="1" m="44375" /><E104/><V10/><F30/><N who="0" m="11274" /><D23/><U92/><E35/><V80/><F103/><W129/><G57/><T86/><D32/><U68/><E68/><V16/><F94/><N who="1" m="36457" /><E100/><V61/><F79/><W125/><G125/><T121/><D121/><U44/><E44/><V18/><F46/><W64/><G64/><T88/><AGARI ba="1,0" hai="4,5,7,86,87,88,89,91" m="11274,25611" machi="88" ten="40,8000,1" yaku="28,2,8,1,54,1" doraHai="28" who="0" fromWho="0" sc="209,83,372,-41,29,-21,390,-21" /><INIT seed="6,0,0,1,1,83" ten="292,331,8,369" oya="2" hai0="33,127,47,117,2,113,9,102,86,123,105,56,95" hai1="125,1,109,37,54,80,59,114,31,130,115,24,120" hai2="135,23,52,41,71,106,118,50,94,88,97,124,42" hai3="66,112,53,21,30,110,6,48,4,25,34,38,14"/><V128/><F124/><W101/><G38/><T10/><D123/><U43/><E109/><V27/><F118/><W104/><G110/><T99/><D127/><U81/><E125/><V62/><F135/><W65/><G104/><T40/><D113/><N who="1" m="43019" /><E1/><V64/><F128/><W5/><G101/><T13/><D33/><U77/><E130/><V51/><F51/><W132/><G132/><T93/><D117/><U3/><E3/><V22/><F22/><W55/><G112/><T79/><D2/><U133/><E133/><V121/><F106/><W11/><G34/><T87/><D56/><U18/><E18/><V28/><F121/><W72/><G72/><T45/><D79/><U7/><E7/><N who="3" m="2634" /><G53/><T103/><D105/><U12/><E12/><V36/><F36/><W32/><G32/><T29/><D29/><U78/><E43/><V68/><F71/><W96/><G96/><N who="0" m="59663" /><D40/><U0/><E37/><V107/><F107/><W69/><G69/><T119/><D119/><U35/><E0/><V82/><F82/><N who="1" m="31849" /><E120/><V70/><F68/><W8/><G8/><N who="0" m="3179" /><D13/><U46/><E46/><RYUUKYOKU type="ron3" ba="0,0" sc="292,0,331,0,8,0,369,0" hai0="45,47,86,87,95,99,103" hai2="23,27,28,41,42,50,52,62,64,70,88,94,97" hai3="6,11,14,21,25,30,48,55,65,66" /><INIT seed="6,1,0,5,5,7" ten="292,331,8,369" oya="2" hai0="55,85,79,44,104,67,23,110,49,59,134,98,107" hai1="75,125,15,132,95,29,56,93,80,33,27,123,131" hai2="26,25,30,126,115,31,63,101,94,73,9,100,130" hai3="4,77,70,8,45,128,69,76,36,118,61,106,38"/><V108/><F108/><W17/><G106/><T43/><D110/><U116/><E132/><V90/><F73/><W120/><G118/><T22/><D134/><U16/><E116/><V122/><F130/><W24/><G120/><T66/><D104/><U1/><E131/><V21/><F126/><W3/><G70/><T112/><D112/><U82/><E125/><V64/><F115/><W62/><G38/><T47/><D107/><U99/><E1/><V117/><F122/><W96/><G96/><T114/><D114/><U37/><E37/><V13/><F26/><W35/><G62/><N who="0" m="36223" /><D98/><U65/><E123/><V12/><F31/><N who="3" m="19943" /><G76/><T58/><D47/><U109/><E93/><V111/><F111/><W102/><G77/><T39/><D39/><U28/><E28/><V0/><F13/><W34/><G102/><T52/><D22/><U6/><E6/><V20/><F20/><W87/><G17/><T10/><D23/><U119/><E75/><V68/><F0/><W19/><G19/><T74/><D74/><U46/><E46/><V133/><F117/><W42/><G87/><T40/><D10/><U97/><E97/><V50/><F50/><W51/><G51/><N who="0" m="31007" /><D40/><U2/><E119/><V60/><F60/><W57/><G34/><T81/><AGARI ba="1,0" hai="43,44,49,66,67,79,81,85" m="31007,36223" machi="81" ten="30,2000,0" yaku="8,1,54,1" doraHai="7" who="0" fromWho="0" sc="292,23,331,-6,8,-11,369,-6" owari="315,-8.0,325,13.0,-3,-50.0,363,45.0" /></mjloggm>