<mjloggm ver="2.3"><GO type="169" lobby="0"/><UN n0="%E3%81%82%E3%81%8B%E3%81%B9%E3%81%87%E3%81%9D%E3%81%B5%E3%81%A8%32" n1="%E3%82%A6%E3%83%AB%E3%83%88%E3%83%A9%E7%AB%8B%E7%9B%B4" n2="%63%69%73%63%69%73" n3="%E9%8A%80%E3%81%B0%E3%81%95%E3%81%BF" dan="17,16,18,17" rate="2165.50,2053.19,2161.38,2207.62" sx="M,M,M,M"/><TAIKYOKU oya="0"/><INIT seed="0,0,0,5,5,87" ten="250,250,250,250" oya="0" hai0="59,94,3,28,31,36,106,26,133,74,124,56,12" hai1="52,93,101,25,9,72,13,98,6,69,128,81,71" hai2="46,118,108,100,22,120,7,67,83,53,44,38,70" hai3="88,47,40,132,45,58,134,50,115,103,107,111,21"/><T19/><D106/><U54/><E128/><V131/><F131/><W30/><G115/><T112/><D112/><U96/><E69/><V2/><F120/><W99/><G111/><T119/><D119/><U8/><E71/><V15/><F118/><W23/><G58/><T80/><D3/><U105/><E25/><V129/><F2/><W18/><G30/><T114/><D114/><U77/><REACH who="1" step="1"/><E9/><REACH who="1" ten="250,240,250,250" step="2"/><V43/><F70/><W41/><G134/><T110/><D133/><U27/><E27/><V62/><F108/><W76/><G132/><T57/><D110/><U102/><AGARI ba="0,1" hai="6,8,13,52,54,72,77,81,93,96,98,101,102,105" machi="102" ten="20,5200,0" yaku="1,1,0,1,7,1,54,1,53,0" doraHai="87" doraHaiUra="126" who="1" fromWho="1" sc="250,-26,240,62,250,-13,250,-13" /><INIT seed="1,0,0,0,0,106" ten="224,302,237,237" oya="1" hai0="70,41,75,69,130,80,7,77,14,22,123,122,103" hai1="126,20,50,23,35,116,128,52,0,40,105,39,85" hai2="133,34,18,67,59,11,73,58,101,26,64,127,95" hai3="36,94,119,100,29,78,113,124,38,30,21,98,135"/><U37/><E105/><V8/><F133/><W27/><G113/><T46/><D103/><U110/><E35/><V44/><F127/><W79/><G124/><T10/><D130/><U66/><E0/><V12/><F73/><W134/><G119/><T90/><D22/><U42/><E116/><V120/><F120/><N who="0" m="46122" /><D90/><U56/><E126/><V63/><F44/><W115/><G115/><T109/><D109/><U55/><E85/><V17/><F34/><W25/><G38/><AGARI ba="0,0" hai="7,10,14,38,41,46,69,70,75,77,80" m="46122" machi="38" ten="30,2000,0" yaku="13,1,52,1" doraHai="106" who="0" fromWho="3" sc="224,20,302,0,237,0,237,-20" /><INIT seed="2,0,0,0,0,96" ten="244,302,237,217" oya="2" hai0="45,68,117,74,85,118,80,52,112,15,21,49,20" hai1="57,113,83,65,11,50,133,6,8,78,29,127,108" hai2="38,99,93,115,90,33,71,107,23,101,124,34,54" hai3="130,40,25,123,77,60,132,67,76,1,87,116,37"/><V75/><F115/><W105/><G116/><N who="0" m="44651" /><D112/><U62/><E127/><V18/><F38/><W46/><G123/><T92/><D68/><U16/><E133/><V56/><F71/><W30/><G132/><T81/><D74/><U110/><E29/><V129/><F75/><W109/><G1/><T39/><D39/><U120/><E120/><V43/><F43/><W55/><G109/><T84/><D92/><U51/><E113/><V31/><F31/><W103/><G55/><T47/><D47/><U122/><E122/><V13/><F129/><W72/><G130/><T61/><D61/><U48/><E6/><V111/><F111/><N who="1" m="42537" /><E16/><V26/><F124/><W2/><G87/><AGARI ba="0,0" hai="8,11,48,50,51,57,62,65,78,83,87" m="42537" machi="87" ten="30,1000,0" yaku="14,1" doraHai="96" who="1" fromWho="3" sc="244,0,302,10,237,0,217,-10" /><INIT seed="3,0,0,1,1,84" ten="244,312,237,207" oya="3" hai0="9,38,56,78,106,74,71,10,53,114,112,48,28" hai1="52,60,27,63,124,26,79,62,30,8,39,0,42" hai2="66,34,21,88,50,87,127,105,95,133,125,121,91" hai3="3,94,2,20,59,12,15,45,55,51,119,40,132"/><W118/><G132/><T43/><D106/><U126/><E42/><V96/><F34/><W104/><G104/><T101/><D101/><U107/><E39/><V83/><F121/><W32/><G32/><T116/><D116/><U72/><E107/><V122/><F122/><W103/><G119/><T5/><D28/><U75/><E79/><V73/><F133/><W37/><G118/><T123/><D123/><U44/><E30/><V89/><F66/><W110/><G110/><T4/><D71/><U36/><E36/><V41/><F73/><W49/><G37/><T81/><D9/><U111/><E111/><V109/><F105/><W86/><G103/><T1/><REACH who="0" step="1"/><D4/><REACH who="0" ten="234,312,237,207" step="2"/><U64/><E8/><V80/><F109/><W90/><REACH who="3" step="1"/><G15/><REACH who="3" ten="234,312,237,197" step="2"/><T23/><D23/><U58/><E0/><V18/><F127/><W93/><G93/><T135/><D135/><U85/><E124/><V82/><F125/><W25/><G25/><T100/><D100/><U92/><E126/><V17/><F21/><W108/><G108/><T130/><D130/><U134/><E134/><V131/><F131/><W61/><G61/><T97/><D97/><U16/><E26/><V67/><F96/><W11/><G11/><T19/><D19/><AGARI ba="0,2" hai="2,3,12,19,20,40,45,49,51,55,59,86,90,94" machi="19" ten="40,18000,2" yaku="1,1,25,2,52,1,53,2" doraHai="84" doraHaiUra="35" who="3" fromWho="0" sc="234,-180,312,0,237,0,197,200" /><INIT seed="3,1,0,1,3,111" ten="54,312,237,397" oya="3" hai0="123,135,3,109,97,126,129,121,122,95,61,34,92" hai1="6,66,5,63,50,46,64,4,10,48,116,85,101" hai2="119,91,134,132,47,65,44,20,38,45,8,81,83" hai3="128,12,79,0,7,13,18,90,41,108,114,96,67"/><W89/><G108/><T55/><D109/><U23/><E116/><V32/><F32/><W24/><G128/><T113/><D34/><U1/><E101/><V76/><F119/><W15/><G114/><T75/><D3/><U25/><E1/><V98/><F65/><W54/><G67/><T19/><D129/><U17/><E10/><V106/><F38/><W88/><G0/><T115/><D75/><U30/><E30/><V125/><F125/><W29/><G79/><T40/><D40/><U37/><E37/><V84/><F8/><W33/><G41/><T70/><D126/><U9/><E9/><V58/><F58/><W117/><G117/><T103/><D135/><N who="2" m="51754" /><F20/><W127/><G127/><T73/><D73/><U82/><E63/><V60/><F60/><W124/><G124/><T131/><D131/><U130/><E130/><V42/><F42/><W49/><G7/><T27/><D92/><U21/><E21/><V100/><F45/><W87/><G96/><T77/><D77/><N who="1" m="46287" /><E50/><V28/><F28/><W26/><G26/><T86/><D86/><AGARI ba="1,0" hai="44,47,76,81,83,84,86,91,98,100,106" m="51754" machi="86" ten="30,1000,0" yaku="20,1" doraHai="111" who="2" fromWho="0" sc="54,-13,312,0,237,13,397,0" /><INIT seed="4,0,0,3,2,51" ten="41,312,250,397" oya="0" hai0="104,34,110,87,113,28,81,45,129,48,7,124,96" hai1="89,88,132,130,85,117,127,114,65,8,21,69,119" hai2="29,103,25,131,40,39,115,77,70,99,37,0,100" hai3="15,11,91,17,42,98,111,122,128,135,38,43,19"/><T80/><D113/><U64/><E69/><V46/><F115/><W56/><G111/><T125/><D110/><U101/><E114/><V75/><F131/><W106/><G38/><T60/><D129/><U58/><E130/><V52/><F70/><W92/><G128/><T105/><D7/><U90/><E127/><N who="0" m="48713" /><D60/><U50/><E132/><V120/><F120/><W82/><G135/><T57/><D57/><U55/><E101/><V126/><F0/><W14/><G122/><T67/><D67/><U62/><E119/><V33/><F37/><W76/><G106/><N who="0" m="41067" /><D96/><U22/><E117/><V112/><F112/><W102/><G102/><T20/><D34/><U27/><E64/><V16/><F126/><W78/><G56/><T59/><D59/><U61/><E65/><V24/><F99/><W47/><G47/><T108/><D108/><U10/><E61/><V83/><REACH who="2" step="1"/><F52/><REACH who="2" ten="41,312,240,397" step="2"/><W49/><G49/><T79/><D87/><U13/><E50/><V30/><F30/><W35/><G98/><T116/><D116/><U123/><E123/><V72/><F72/><W86/><G86/><T3/><D3/><U118/><E118/><V107/><F107/><W36/><G36/><T23/><D79/><U73/><E73/><V9/><F9/><W6/><G78/><T4/><D28/><N who="1" m="17519" /><E85/><V32/><F32/><W97/><G35/><T68/><D68/><U74/><E74/><V84/><F84/><W44/><G97/><T1/><D81/><U121/><E121/><V95/><F95/><W54/><G82/><T71/><D80/><U12/><E22/><AGARI ba="0,1" hai="16,22,24,25,29,33,39,40,46,75,77,83,100,103" machi="22" ten="40,2600,0" yaku="1,1,54,1,53,0" doraHai="51" doraHaiUra="53" who="2" fromWho="1" sc="41,0,312,-26,240,36,397,0" /><INIT seed="5,0,0,1,1,103" ten="41,286,276,397" oya="1" hai0="11,86,104,7,135,25,127,56,117,62,59,84,83" hai1="133,95,36,67,12,48,55,92,77,81,90,15,128" hai2="74,121,10,46,53,106,114,4,24,79,50,32,122" hai3="17,132,82,111,19,66,65,91,134,29,123,44,60"/><U125/><E36/><V76/><F106/><W34/><G123/><T68/><D117/><U22/><E125/><V28/><F114/><W45/><G111/><T71/><D127/><U113/><E113/><V35/><F35/><W30/><G91/><T1/><D135/><N who="3" m="51753" /><G82/><T73/><D73/><U0/><E0/><V88/><F76/><W40/><G45/><T100/><D25/><U21/><E133/><V23/><F32/><W94/><G94/><N who="1" m="35882" /><E67/><N who="3" m="25610" /><G60/><T124/><D124/><U87/><E77/><V16/><F28/><N who="3" m="10859" /><G34/><T47/><D47/><N who="1" m="28063" /><E128/><V101/><F101/><W93/><G93/><T20/><D20/><AGARI ba="0,0" hai="12,15,20,21,22,81,87,90" m="28063,35882" machi="20" ten="30,1500,0" yaku="8,1" doraHai="103" who="1" fromWho="0" sc="41,-15,286,15,276,0,397,0" /><INIT seed="5,1,0,5,2,30" ten="26,301,276,397" oya="1" hai0="1,110,107,71,75,94,50,126,130,59,51,11,43" hai1="31,127,131,13,82,17,108,47,132,23,45,72,32" hai2="28,135,53,119,44,58,133,109,27,85,97,70,54" hai3="83,10,91,0,73,121,56,123,99,98,101,93,25"/><U68/><E68/><V134/><F119/><W60/><G25/><T46/><D110/><U124/><E108/><V106/><F70/><W120/><G0/><T21/><D107/><U65/><E65/><V74/><F74/><W3/><G3/><T6/><D71/><U12/><E47/><V9/><F109/><W86/><G10/><T63/><D126/><N who="1" m="48171" /><E45/><V81/><F9/><W122/><G122/><T26/><D130/><U113/><E131/><V61/><F97/><W104/><G60/><T89/><D75/><U78/><E132/><V112/><F106/><W2/><G56/><T92/><D51/><U49/><E49/><V69/><F69/><W57/><G57/><T87/><D94/><U40/><E40/><V33/><F112/><W20/><G20/><T55/><D21/><U105/><E105/><V39/><F39/><W42/><G2/><T14/><D1/><U18/><E113/><V103/><F103/><N who="3" m="62583" /><G42/><T38/><D38/><U115/><E115/><V129/><F129/><W111/><G73/><T15/><D15/><N who="1" m="5707" /><E23/><V76/><F44/><W22/><G22/><T8/><D8/><U96/><E96/><V67/><AGARI ba="1,0" hai="27,28,33,53,54,58,61,67,76,81,85,133,134,135" machi="67" ten="30,4000,0" yaku="0,1,20,1,52,1" doraHai="30" who="2" fromWho="2" sc="26,-11,301,-21,276,43,397,-11" /><INIT seed="6,0,0,4,5,79" ten="15,280,319,386" oya="2" hai0="129,76,48,60,61,123,113,93,52,2,59,122,114" hai1="128,53,29,50,23,97,109,126,12,54,14,77,34" hai2="69,95,120,72,63,110,30,124,10,74,70,44,33" hai3="18,108,135,38,68,85,82,132,117,102,88,46,91"/><V133/><F120/><W84/><G117/><T96/><D2/><U35/><E109/><V55/><F110/><W28/><G108/><T8/><D76/><U98/><E34/><V118/><F118/><W104/><G68/><T39/><D8/><U78/><E35/><V103/><F133/><N who="3" m="51275" /><G28/><T86/><D86/><U107/><E107/><V111/><F111/><W92/><G18/><T3/><D3/><U56/><E126/><V131/><F124/><W42/><G102/><T51/><D93/><U37/><E37/><V112/><F112/><W127/><G127/><T73/><D96/><U1/><E1/><V75/><F131/><W7/><G7/><T16/><D73/><U101/><E128/><V80/><F10/><W43/><G43/><T67/><D16/><U125/><E125/><V21/><F33/><W24/><G24/><T89/><D89/><U105/><E98/><V41/><F69/><W6/><G6/><T36/><D129/><U32/><E32/><V17/><F30/><W62/><G62/><T64/><D59/><U40/><E40/><V90/><F103/><W121/><G104/><T116/><D116/><U115/><E115/><V100/><F100/><W25/><G25/><T13/><D13/><U27/><E14/><V20/><F70/><W22/><G22/><T11/><D11/><U58/><REACH who="1" step="1"/><E12/><REACH who="1" ten="15,270,319,386" step="2"/><V99/><F99/><W57/><G38/><T19/><REACH who="0" step="1"/><D19/><REACH who="0" ten="5,270,319,386" step="2"/><U130/><E130/><V94/><F17/><W106/><G106/><T26/><D26/><U4/><E4/><V45/><F72/><W71/><G71/><T15/><D15/><RYUUKYOKU ba="0,2" sc="5,15,270,15,319,-15,386,-15" hai0="36,39,48,51,52,60,61,64,67,113,114,122,123" hai1="23,27,29,50,53,54,56,58,77,78,97,101,105" /><INIT seed="7,1,2,4,4,27" ten="20,285,304,371" oya="3" hai0="76,115,61,44,23,40,53,104,97,38,30,85,79" hai1="108,134,78,17,66,62,123,99,46,8,88,14,103" hai2="84,122,18,35,94,74,98,114,24,126,125,32,128" hai3="81,43,131,120,133,55,90,118,80,75,106,69,58"/><W73/><G69/><T116/><D116/><U25/><E108/><V41/><F74/><W124/><G118/><T3/><D3/><U47/><E123/><V39/><F122/><W71/><G120/><T60/><D104/><U6/><E78/><V33/><F114/><W2/><G71/><T13/><D115/><U110/><E110/><V56/><F128/><W130/><G2/><T22/><D38/><U37/><E37/><V135/><F135/><W28/><G106/><T52/><D40/><U101/><E134/><V12/><F84/><W64/><G64/><T45/><D85/><U92/><E47/><N who="2" m="23999" /><F56/><W5/><G133/><T77/><D13/><U119/><E46/><V48/><F48/><W20/><G73/><T57/><D57/><N who="1" m="37199" /><E119/><V111/><F111/><W132/><G75/><T121/><D121/><U67/><E67/><V96/><F24/><W11/><G132/><T31/><REACH who="0" step="1"/><D79/><REACH who="0" ten="10,285,304,371" step="2"/><U15/><E25/><V129/><F12/><W113/><G113/><T36/><D36/><U117/><E117/><V107/><F107/><W29/><G43/><T19/><D19/><U72/><E72/><V87/><F18/><W68/><G68/><T4/><D4/><U10/><AGARI ba="1,3" hai="6,8,10,14,15,17,88,92,99,101,103" m="37199" machi="10" ten="30,2000,0" yaku="8,1,54,1" doraHai="27" who="1" fromWho="1" sc="10,-6,285,53,304,-6,371,-11" owari="4,-50.0,338,14.0,298,-10.0,360,46.0" /></mjloggm>