<mjloggm ver="2.3"><GO type="97" lobby="0"/><UN n0="%E3%83%A0%E3%83%A9%E3%83%9E%E3%82%B5%E3%81%95%E3%82%93" n1="%E5%85%88%E2%99%80%E7%94%9F" n2="%E3%82%A6%E3%83%AB%E3%83%88%E3%83%A9%E7%AB%8B%E7%9B%B4" n3="%6B%69%79%6F%6E%61%72%69" dan="13,15,15,14" rate="2038.73,1938.68,1980.30,1979.00" sx="F,F,M,M"/><TAIKYOKU oya="0"/><INIT seed="0,0,0,0,2,15" ten="250,250,250,250" oya="0" hai0="58,67,22,11,120,113,34,116,19,43,133,55,33" hai1="23,29,52,81,35,65,109,10,45,66,87,105,128" hai2="85,84,97,63,78,77,125,69,44,42,46,96,18" hai3="80,112,111,47,123,61,74,134,59,72,76,17,26"/><T135/><D120/><U107/><E35/><V41/><F63/><W88/><G112/><T71/><D116/><U83/><E109/><V54/><F54/><W110/><G123/><T108/><D108/><N who="3" m="41513" /><G134/><N who="0" m="51211" /><D113/><U132/><E132/><V119/><F125/><W75/><G47/><T24/><D43/><U30/><E128/><V101/><F101/><W86/><G76/><T25/><D11/><U70/><E70/><V49/><F49/><W126/><G126/><T117/><D117/><U100/><E100/><V103/><F103/><W12/><G26/><T51/><D25/><U124/><E124/><V8/><F119/><W1/><G1/><T95/><D95/><U92/><E105/><V13/><F8/><N who="3" m="6279" /><G72/><T27/><D27/><U79/><E107/><V60/><F13/><W39/><G39/><T82/><D82/><U127/><E83/><V6/><F42/><W37/><G37/><T5/><D5/><U28/><E127/><V21/><F6/><W9/><G9/><T0/><D0/><U94/><E10/><V99/><F41/><W129/><G129/><T62/><AGARI ba="0,0" hai="19,22,24,33,34,51,55,58,62,67,71" m="51211" machi="62" ten="30,3000,0" yaku="20,1,52,1" doraHai="15" who="0" fromWho="0" sc="250,30,250,-10,250,-10,250,-10" /><INIT seed="0,1,0,2,3,96" ten="280,240,240,240" oya="0" hai0="79,37,61,112,14,30,12,26,31,49,131,56,8" hai1="78,46,53,100,80,16,71,3,35,39,13,23,42" hai2="7,27,21,87,44,1,9,88,104,66,95,18,64" hai3="102,111,55,28,29,81,52,58,120,133,43,84,65"/><T115/><D37/><U75/><E35/><V92/><F104/><W122/><G111/><T62/><D131/><U91/><E71/><V34/><F34/><W33/><G133/><T116/><D116/><U59/><E3/><V47/><F95/><W130/><G130/><T85/><D115/><U25/><E91/><V132/><F132/><W113/><G113/><T63/><D112/><U94/><E13/><N who="0" m="5225" /><D8/><U129/><E129/><V11/><F11/><W128/><G128/><T67/><D67/><U51/><REACH who="1" step="1"/><E94/><REACH who="1" ten="280,230,240,240" step="2"/><V89/><F89/><W70/><G33/><T57/><D26/><U109/><E109/><V10/><F1/><W97/><G120/><T82/><D49/><U2/><E2/><V0/><F10/><W119/><G122/><T134/><D134/><U125/><E125/><V74/><F9/><W118/><G119/><T22/><D22/><U99/><E99/><V107/><F0/><W135/><G118/><T86/><D63/><U45/><E45/><V98/><F47/><W20/><G135/><T76/><D62/><U121/><E121/><V110/><F44/><W68/><G20/><T90/><D61/><U127/><E127/><V48/><F110/><W72/><G97/><T83/><D90/><U103/><AGARI ba="1,1" hai="16,23,25,39,42,46,51,53,59,75,78,80,100,103" machi="103" ten="30,12000,2" yaku="1,1,0,1,52,2,54,1,53,1" doraHai="96" doraHaiUra="54" who="1" fromWho="1" sc="280,-61,230,133,240,-31,240,-31" /><INIT seed="1,0,0,5,3,53" ten="219,363,209,209" oya="1" hai0="92,39,60,135,41,105,35,131,75,49,58,98,73" hai1="30,8,126,12,17,42,57,80,0,93,133,113,40" hai2="28,27,21,47,101,82,78,87,25,109,7,103,77" hai3="22,6,123,120,11,115,110,117,20,66,129,91,43"/><U29/><E113/><V16/><F109/><W112/><G43/><T83/><D131/><U44/><E126/><V99/><F7/><W94/><G66/><T32/><D135/><U85/><E133/><V90/><F47/><W119/><G94/><T88/><D39/><U114/><E114/><N who="3" m="43562" /><G91/><T2/><D2/><U104/><E104/><V69/><F69/><W84/><G84/><T9/><D9/><U124/><E124/><V10/><F103/><W26/><G129/><T122/><D122/><N who="3" m="46633" /><G26/><T15/><D15/><U95/><E95/><V121/><F121/><W31/><G31/><T107/><D35/><U38/><E93/><V127/><F127/><W74/><G74/><T62/><D32/><U36/><E29/><V132/><F132/><W52/><G52/><N who="0" m="32015" /><D73/><U108/><E36/><V4/><F27/><W5/><G11/><T102/><D75/><U65/><E8/><V106/><REACH who="2" step="1"/><F28/><REACH who="2" ten="219,363,199,209" step="2"/><W59/><G110/><T55/><D107/><U71/><E30/><V100/><F100/><W86/><G6/><T14/><D105/><U48/><E108/><V118/><F118/><W33/><G5/><T46/><D41/><U111/><E42/><V18/><F18/><W116/><G116/><T13/><D14/><AGARI ba="0,1" hai="4,10,14,16,21,25,77,78,82,87,90,99,101,106" machi="14" ten="30,3900,0" yaku="1,1,7,1,54,1,53,0" doraHai="53" doraHaiUra="68" who="2" fromWho="0" sc="219,-39,363,0,199,49,209,0" /><INIT seed="2,0,0,2,5,97" ten="180,363,248,209" oya="2" hai0="0,123,4,44,23,22,64,119,12,74,116,58,72" hai1="35,122,131,70,101,51,126,48,110,71,47,42,43" hai2="28,106,117,125,27,109,129,113,67,66,31,98,84" hai3="92,90,19,118,93,134,14,80,10,85,30,17,61"/><V68/><F117/><N who="0" m="45130" /><D123/><U21/><E35/><V76/><F28/><W91/><G118/><T7/><D44/><U55/><E122/><V104/><F67/><W111/><G111/><T121/><D121/><U108/><E131/><V52/><F113/><W60/><G134/><T120/><D120/><U75/><E75/><N who="0" m="28713" /><D0/><U49/><E126/><V102/><F125/><W37/><G37/><T13/><D58/><U32/><E32/><N who="2" m="20607" /><F129/><W100/><G30/><T94/><D94/><U45/><E21/><N who="0" m="7689" /><D64/><U81/><E81/><N who="2" m="47143" /><F52/><W135/><G135/><T9/><D9/><U128/><E128/><V29/><F29/><W18/><G100/><T2/><D2/><U77/><E77/><V15/><F15/><AGARI ba="0,0" hai="4,7,12,13,15" m="7689,28713,45130" machi="15" ten="40,5200,0" yaku="28,2,12,1" doraHai="97" who="0" fromWho="2" sc="180,52,363,0,248,-52,209,0" /><INIT seed="3,0,0,4,1,131" ten="232,363,196,209" oya="3" hai0="40,5,117,31,51,53,61,127,50,55,52,105,46" hai1="113,10,49,32,79,13,103,104,8,35,93,6,48" hai2="122,107,12,41,108,57,23,56,60,63,72,34,16" hai3="75,83,132,71,96,91,45,64,27,97,28,115,11"/><W124/><G115/><T33/><D105/><U14/><E104/><V114/><F107/><W88/><G124/><T135/><D33/><U87/><E113/><V112/><F34/><W120/><G120/><T101/><D101/><U67/><E67/><V123/><F72/><W20/><G132/><T110/><D5/><U0/><E0/><V95/><F41/><W25/><G45/><N who="0" m="25895" /><D31/><U118/><E118/><V42/><F42/><W125/><G125/><T29/><D29/><U2/><E2/><V7/><F7/><W21/><G11/><T44/><D127/><U109/><E79/><V39/><F39/><W99/><G75/><T128/><D117/><U38/><E38/><V92/><F108/><W78/><G78/><T74/><D74/><U84/><E109/><V3/><F3/><W26/><G83/><T66/><D110/><U134/><E103/><V73/><F73/><W58/><G71/><N who="0" m="42447" /><D128/><U94/><E6/><V24/><F12/><W69/><G69/><T43/><D135/><AGARI ba="0,0" hai="8,10,13,14,32,35,48,49,84,87,93,94,134,135" machi="135" ten="25,6400,0" yaku="22,2,52,2" doraHai="131" who="1" fromWho="0" sc="232,-64,363,64,196,0,209,0" owari="168,-33.0,427,52.0,196,-20.0,209,1.0" /></mjloggm>