<mjloggm ver="2.3"><GO type="97" lobby="0"/><UN n0="%74%61%6B%65%6F%32" n1="%E3%83%80%E3%82%A4%E3%83%8A%E3%83%A2%E3%83%B3" n2="%E3%83%9E%E3%83%A1%E3%83%9D%E3%82%B3" n3="%E3%82%A6%E3%83%AB%E3%83%88%E3%83%A9%E7%AB%8B%E7%9B%B4" dan="14,14,15,14" rate="1938.38,1992.72,2004.89,1859.85" sx="M,F,M,M"/><TAIKYOKU oya="0"/><INIT seed="0,0,0,5,2,109" ten="250,250,250,250" oya="0" hai0="50,116,22,39,72,26,129,41,123,13,20,61,37" hai1="106,84,74,14,42,12,132,96,5,6,94,52,89" hai2="23,11,18,82,27,118,110,65,121,16,28,70,98" hai3="43,45,30,76,57,31,92,95,66,1,81,53,127"/><T67/><D72/><U15/><E74/><V91/><F121/><W112/><G1/><T24/><D116/><U126/><E126/><V59/><F70/><W33/><G127/><T10/><D123/><U107/><E132/><V97/><F110/><W48/><G112/><T19/><D129/><U78/><E42/><V114/><F118/><W79/><G66/><T134/><D134/><U131/><E131/><V55/><F65/><W88/><G33/><T38/><D50/><U86/><E52/><V68/><F68/><W60/><G95/><T34/><D41/><U73/><E73/><V58/><F114/><W4/><G4/><T90/><D90/><U113/><E113/><V99/><F11/><W25/><G81/><T3/><D3/><U101/><REACH who="1" step="1"/><E106/><REACH who="1" ten="250,240,250,250" step="2"/><V71/><F71/><W0/><G0/><T117/><D117/><U87/><E87/><N who="2" m="50679" /><F59/><W51/><G60/><AGARI ba="0,1" hai="16,18,23,27,28,55,58,60,97,98,99" m="50679" machi="60" ten="30,2000,0" yaku="8,1,54,1" doraHai="109" who="2" fromWho="3" sc="250,0,240,0,250,30,250,-20" /><INIT seed="1,0,0,3,0,70" ten="250,240,280,230" oya="1" hai0="94,110,134,20,88,102,91,103,44,45,8,126,24" hai1="5,39,71,81,120,21,68,55,82,99,78,90,37" hai2="36,115,19,50,128,51,3,4,93,43,89,133,6" hai3="25,106,48,16,56,119,64,97,27,87,29,129,100"/><U105/><E120/><V85/><F128/><W111/><G129/><T1/><D110/><U2/><E55/><V86/><F133/><W63/><G111/><T132/><D126/><U76/><E21/><V23/><F115/><W62/><G119/><T123/><D123/><U54/><E54/><V75/><F75/><W131/><G131/><T17/><D1/><U30/><E30/><V60/><F3/><W9/><G87/><N who="2" m="33289" /><F36/><N who="1" m="13897" /><E5/><N who="2" m="2155" /><F60/><W57/><G48/><N who="2" m="18473" /><F43/><W14/><REACH who="3" step="1"/><G29/><REACH who="3" ten="250,240,280,220" step="2"/><T84/><D134/><U26/><E2/><V41/><F41/><W95/><G95/><T77/><D132/><U18/><E105/><V117/><F117/><W0/><G0/><T52/><D94/><U40/><E82/><V7/><F93/><W116/><G116/><T10/><D84/><U32/><E81/><V74/><F74/><W107/><G107/><T34/><D34/><U42/><E32/><V15/><F7/><W22/><G22/><T122/><D122/><U66/><E18/><V47/><F89/><W59/><G59/><T65/><D20/><U12/><E90/><V135/><F135/><W83/><G83/><T38/><D38/><U125/><E68/><V108/><F108/><W73/><G73/><T11/><D17/><U80/><E71/><V35/><F35/><W33/><G33/><T109/><D109/><U96/><E80/><V92/><F92/><W124/><G124/><T114/><D11/><U53/><E125/><V101/><F47/><W104/><G104/><T61/><D45/><U130/><E130/><V113/><F113/><W118/><G118/><T98/><D114/><RYUUKYOKU ba="0,1" sc="250,-15,240,-15,280,15,220,15" hai2="15,19,23,101" hai3="9,14,16,25,27,56,57,62,63,64,97,100,106" /><INIT seed="2,1,1,0,0,120" ten="235,225,295,235" oya="2" hai0="108,26,60,44,3,48,2,56,102,17,24,89,97" hai1="87,6,31,50,78,62,96,119,118,4,36,128,76" hai2="98,127,53,5,132,47,22,30,103,129,114,125,101" hai3="75,122,38,90,8,42,112,39,63,12,124,93,69"/><V131/><F5/><W27/><G75/><T116/><D89/><U77/><E36/><V81/><F114/><W43/><G122/><T34/><D116/><U104/><E31/><V110/><F81/><W37/><G112/><T25/><D34/><U111/><E128/><N who="2" m="49227" /><F30/><W130/><G130/><T80/><D80/><U14/><E111/><V134/><F22/><W88/><G27/><T55/><D17/><U0/><E0/><V67/><F110/><W33/><G33/><T13/><D13/><U29/><E29/><V11/><F11/><W135/><G135/><N who="2" m="51753" /><F67/><W61/><G124/><N who="2" m="47689" /><F98/><W107/><G8/><T84/><D108/><U133/><E96/><V23/><F23/><W41/><G12/><T51/><D2/><U58/><E14/><V1/><F1/><W54/><G37/><T79/><D3/><U40/><E133/><V15/><F15/><W18/><G38/><T91/><D97/><U85/><E4/><V123/><F123/><W74/><G39/><T46/><D25/><U10/><E6/><V64/><F64/><W92/><G18/><T126/><D24/><U94/><E10/><V73/><F73/><W68/><G74/><T82/><D26/><U71/><E119/><V121/><F121/><W117/><G117/><T45/><D126/><U100/><E118/><V28/><F28/><W109/><G109/><T35/><D35/><U32/><E32/><V106/><F106/><W59/><G107/><T7/><D7/><U20/><E104/><V70/><F70/><W66/><G68/><T72/><D72/><U86/><E71/><V52/><F47/><RYUUKYOKU ba="1,1" sc="235,-15,225,-15,295,15,235,15" hai2="52,53,101,103" hai3="41,42,43,54,59,61,63,66,69,88,90,92,93" /><INIT seed="2,2,1,0,4,34" ten="220,210,310,250" oya="2" hai0="1,101,74,52,108,6,11,42,20,3,69,126,82" hai1="127,121,13,90,134,119,41,53,92,115,105,91,98" hai2="78,104,96,95,31,57,19,25,2,88,132,38,135" hai3="110,86,84,24,59,107,63,23,106,75,116,10,130"/><V40/><F78/><W49/><G75/><T30/><D69/><U76/><E119/><V12/><F104/><W103/><G116/><T29/><D101/><U50/><E115/><V43/><F57/><W70/><G130/><T79/><D20/><U73/><E41/><V118/><F2/><W8/><G110/><T64/><D64/><U16/><E105/><V71/><F71/><W87/><G70/><T80/><D108/><U55/><E121/><V113/><F113/><W0/><G49/><T68/><D68/><U77/><E134/><N who="2" m="51243" /><F38/><W32/><G32/><T45/><D82/><U123/><E123/><V85/><F96/><W28/><G0/><T56/><D126/><U60/><E127/><V120/><F120/><W54/><REACH who="3" step="1"/><G107/><REACH who="3" ten="220,210,310,240" step="2"/><T35/><D35/><U48/><E73/><V15/><F118/><W22/><G22/><T14/><D1/><U18/><E50/><V47/><F47/><W125/><G125/><T128/><D128/><U109/><E109/><V102/><F102/><W62/><G62/><T97/><D3/><U117/><E117/><V72/><F72/><W36/><G36/><T37/><D97/><AGARI ba="2,2" hai="8,10,23,24,28,54,59,63,84,86,87,97,103,106" machi="97" ten="40,5200,0" yaku="1,1,53,2" doraHai="34" doraHaiUra="7" who="3" fromWho="0" sc="220,-58,210,0,310,0,240,78" /><INIT seed="3,0,0,4,3,77" ten="162,210,310,318" oya="3" hai0="10,104,109,107,133,33,58,64,41,82,7,23,132" hai1="26,15,70,94,19,21,99,32,83,74,88,8,120" hai2="130,45,71,124,91,42,101,2,43,116,49,62,96" hai3="65,59,118,67,29,31,17,108,55,90,112,39,30"/><W5/><G39/><T126/><D33/><U131/><E120/><V75/><F116/><W24/><G118/><T37/><D109/><U79/><E131/><V123/><F2/><W76/><G108/><T6/><D126/><U95/><E70/><V85/><F75/><W52/><G112/><T111/><D111/><U84/><E32/><V93/><F130/><W87/><G5/><T86/><D23/><U9/><REACH who="1" step="1"/><E26/><REACH who="1" ten="162,200,310,318" step="2"/><V113/><F123/><W38/><G24/><T44/><D58/><U40/><E40/><V117/><F117/><W97/><G59/><T129/><D64/><U135/><E135/><N who="0" m="51785" /><D129/><U60/><E60/><V66/><F113/><W35/><G65/><T28/><D28/><U11/><E11/><V36/><F124/><W16/><G67/><T114/><D114/><U121/><E121/><V34/><F34/><W127/><G127/><T22/><D22/><U125/><E125/><V56/><F71/><W89/><G31/><T27/><D27/><U119/><E119/><V53/><F36/><W68/><G35/><T72/><D72/><U50/><E50/><V48/><F49/><W51/><G51/><T103/><D103/><AGARI ba="0,1" hai="8,9,15,19,21,74,79,83,84,88,94,95,99,103" machi="103" ten="30,7700,0" yaku="1,1,7,1,52,1,54,1,53,0" doraHai="77" doraHaiUra="134" who="1" fromWho="0" sc="162,-77,200,87,310,0,318,0" owari="85,-41.0,287,-11.0,310,11.0,318,41.0" /></mjloggm>