<mjloggm ver="2.3"><GO type="97" lobby="0"/><UN n0="%E7%A5%9E%E4%BB%A3%E5%B0%8F%E8%92%94%E2%98%85" n1="%7A%69%6B%6B%65%33%34" n2="%E3%82%A6%E3%83%AB%E3%83%88%E3%83%A9%E7%AB%8B%E7%9B%B4" n3="%E3%81%88%E3%81%93" dan="14,13,15,13" rate="1998.63,1866.23,1987.46,1834.48" sx="F,M,M,M"/><TAIKYOKU oya="0"/><INIT seed="0,0,0,0,5,36" ten="250,250,250,250" oya="0" hai0="55,66,28,100,0,41,22,7,12,72,78,14,110" hai1="99,33,79,118,77,103,120,108,44,59,129,47,119" hai2="38,57,87,71,45,122,40,96,82,52,30,89,68" hai3="62,54,15,34,76,107,61,3,25,111,64,43,125"/><T63/><D0/><U50/><E120/><V130/><F130/><W73/><G111/><T91/><D72/><U115/><E33/><V102/><F30/><W135/><G125/><T131/><D78/><U121/><E121/><V13/><F13/><W32/><G135/><T21/><D100/><U90/><E108/><V86/><F86/><W19/><G107/><T112/><D112/><U37/><E129/><V23/><F23/><W8/><G3/><T1/><D1/><U123/><E123/><V128/><F128/><W81/><G25/><N who="0" m="16431" /><D131/><U53/><E115/><V56/><F56/><W60/><G64/><T46/><D66/><U106/><E119/><V39/><F39/><W133/><G133/><T27/><D7/><U70/><E118/><V10/><F10/><W132/><G132/><T94/><D110/><U127/><E70/><V101/><F122/><W29/><G29/><N who="0" m="17655" /><D41/><U69/><E69/><V97/><F102/><W113/><G113/><T24/><D24/><U93/><E127/><V16/><F71/><W126/><G126/><T85/><D46/><U48/><E37/><V35/><F68/><W80/><G80/><T104/><D104/><U75/><E75/><V124/><F124/><W26/><G26/><T88/><D91/><U49/><E49/><N who="2" m="30863" /><F35/><N who="3" m="13355" /><G54/><T74/><D74/><U83/><E47/><V9/><F101/><W114/><G114/><T6/><D6/><U92/><E106/><V51/><F38/><W84/><G73/><T117/><D117/><U109/><E109/><V95/><F82/><W58/><G58/><AGARI ba="0,0" hai="12,14,55,58,63,85,88,94" m="17655,16431" machi="58" ten="30,2900,0" yaku="8,1,54,1" doraHai="36" who="0" fromWho="3" sc="250,29,250,0,250,0,250,-29" /><INIT seed="0,1,0,1,5,119" ten="279,250,250,221" oya="0" hai0="51,46,127,58,76,49,125,70,106,82,77,64,44" hai1="0,111,18,39,121,30,47,92,29,26,75,15,7" hai2="16,74,59,53,81,38,3,20,80,5,10,57,6" hai3="73,100,11,117,84,9,37,1,129,68,97,123,98"/><T28/><D106/><U60/><E121/><V78/><F38/><W21/><G117/><T35/><D35/><U128/><E111/><V13/><F6/><W14/><G129/><T101/><D28/><U24/><E128/><V94/><F94/><W135/><G135/><T118/><D101/><U107/><E107/><V89/><F89/><W61/><G37/><T86/><D118/><U120/><E75/><V42/><F42/><W36/><G36/><T17/><D70/><U116/><E120/><V19/><F53/><W66/><G73/><T104/><D77/><U52/><E116/><V96/><F96/><W31/><G123/><T48/><D104/><U130/><E130/><V109/><F109/><W83/><G1/><T114/><D17/><U34/><E39/><V33/><F33/><W62/><G62/><N who="0" m="37975" /><D114/><U43/><E43/><V71/><F71/><W23/><G23/><T95/><D95/><U8/><E92/><V131/><F131/><W103/><G98/><T134/><D134/><U69/><E69/><V40/><F81/><W110/><G110/><T126/><AGARI ba="1,0" hai="44,46,48,49,51,76,82,86,125,126,127" m="37975" machi="126" ten="40,2100,0" yaku="18,1" doraHai="119" who="0" fromWho="0" sc="279,24,250,-8,250,-8,221,-8" /><INIT seed="0,2,0,0,2,24" ten="303,242,242,213" oya="0" hai0="123,105,104,76,57,126,15,63,56,59,108,53,100" hai1="131,22,51,17,29,112,77,85,132,46,83,121,66" hai2="11,134,45,28,120,88,78,14,82,26,12,92,97" hai3="73,87,109,71,18,106,72,107,86,55,4,10,38"/><T27/><D123/><U36/><E121/><V80/><F134/><W103/><G71/><T41/><D76/><U20/><E36/><V0/><F120/><W113/><G113/><T31/><D41/><U124/><E132/><V61/><F0/><W35/><G38/><T50/><D126/><U16/><E124/><V118/><F118/><W111/><G35/><T129/><D129/><U101/><E131/><V34/><F45/><W68/><G68/><T43/><D108/><N who="3" m="41545" /><G18/><T117/><D117/><U79/><E112/><V122/><F122/><W48/><G10/><T39/><D39/><U25/><E101/><V69/><F14/><W130/><G4/><T70/><D15/><U1/><E1/><V8/><F8/><W44/><G130/><T75/><D43/><U5/><E5/><V64/><REACH who="2" step="1"/><F78/><REACH who="2" ten="303,242,232,213" step="2"/><W98/><G107/><T81/><D105/><U32/><E77/><V49/><F49/><W33/><G33/><T58/><D50/><U102/><E32/><V67/><F67/><W133/><G133/><T3/><D3/><U119/><E119/><V21/><F21/><W110/><N who="3" m="41553" /><W91/><DORA hai="60" /><G87/><T9/><D104/><U47/><E47/><V116/><F116/><W96/><G96/><T23/><D9/><U19/><E66/><V52/><F52/><W6/><G6/><AGARI ba="2,1" hai="6,11,12,26,28,34,61,64,69,80,82,88,92,97" machi="6" ten="30,12000,2" yaku="1,1,7,1,52,2,54,1,53,1" doraHai="24,60" doraHaiUra="65,54" who="2" fromWho="3" sc="303,0,242,0,232,136,213,-126" /><INIT seed="1,0,0,2,2,121" ten="303,242,368,87" oya="1" hai0="55,42,88,124,122,67,18,37,61,101,38,12,71" hai1="3,1,39,46,70,13,7,123,114,118,106,78,126" hai2="14,76,22,93,8,58,74,127,48,134,10,34,113" hai3="44,49,2,75,47,33,36,41,83,91,62,97,85"/><U128/><RYUUKYOKU type="yao9" ba="0,0" sc="303,0,242,0,368,0,87,0" hai1="1,3,7,13,39,46,70,78,106,114,118,123,126,128" /><INIT seed="1,1,0,1,0,78" ten="303,242,368,87" oya="1" hai0="89,53,67,128,111,28,135,10,38,22,11,106,80" hai1="17,56,47,33,34,0,124,100,23,12,113,103,84" hai2="51,27,70,61,9,99,88,121,15,129,74,46,132" hai3="40,72,126,127,90,44,5,32,133,63,92,6,57"/><U1/><E113/><V116/><F116/><W3/><G72/><T25/><D106/><U83/><E124/><V125/><F121/><W86/><G133/><T79/><D135/><U49/><E34/><V59/><F70/><W42/><G32/><T19/><D38/><U105/><E33/><V50/><F74/><W20/><G42/><T109/><D128/><U69/><E69/><V14/><F132/><W4/><G3/><T118/><D118/><U119/><E119/><V18/><F129/><W7/><G20/><T48/><D67/><U102/><E105/><V77/><F77/><W65/><N who="3" m="1536" /><DORA hai="123" /><W39/><AGARI ba="1,0" hai="39,40,44,57,63,65,86,90,92,126,127" m="1536" machi="39" ten="40,2700,0" yaku="4,1,0,1" doraHai="78,123" who="3" fromWho="3" sc="303,-8,242,-14,368,-8,87,30" /><INIT seed="2,0,0,5,5,91" ten="295,228,360,117" oya="2" hai0="44,55,59,100,34,118,9,89,18,75,131,109,60" hai1="69,127,12,93,112,130,47,78,110,15,126,85,4" hai2="107,37,42,16,46,111,22,57,58,66,82,103,40" hai3="14,97,96,81,101,132,121,27,5,3,88,2,6"/><V13/><F111/><W102/><G121/><T30/><D109/><U39/><E69/><V74/><F66/><W1/><G132/><T133/><D133/><U94/><E110/><V51/><F107/><W72/><G27/><T84/><D75/><U79/><E112/><V124/><F124/><N who="1" m="47657" /><E130/><V32/><F32/><W105/><G14/><N who="1" m="5162" /><E4/><V54/><F103/><W17/><G17/><T68/><D100/><U61/><E61/><V80/><F74/><W92/><G72/><T26/><D68/><U56/><E56/><V106/><F106/><W35/><REACH who="3" step="1"/><G35/><REACH who="3" ten="295,228,360,107" step="2"/><T73/><D18/><U86/><E39/><V7/><F37/><W38/><G38/><T52/><D73/><U76/><E47/><V28/><F7/><W11/><G11/><T135/><D9/><U117/><E117/><V115/><F115/><W87/><AGARI ba="0,1" hai="1,2,3,5,6,81,87,88,92,96,97,101,102,105" machi="87" ten="40,8000,1" yaku="1,1,0,1,52,1,54,1,53,0" doraHai="91" doraHaiUra="122" who="3" fromWho="3" sc="295,-20,228,-20,360,-40,107,90" /><INIT seed="3,0,0,0,2,65" ten="275,208,320,197" oya="3" hai0="75,67,115,37,98,105,4,119,61,60,96,95,88" hai1="133,70,122,120,81,17,104,27,13,28,99,3,135" hai2="83,76,86,132,72,113,80,12,16,94,18,29,90" hai3="14,62,108,128,59,84,55,51,54,74,47,116,66"/><W34/><G116/><T58/><D75/><U134/><E81/><V101/><F113/><W42/><G74/><T25/><D37/><U38/><E38/><V123/><F132/><W53/><G34/><T126/><D115/><U109/><E109/><V117/><F117/><W41/><G14/><T93/><D119/><U77/><E77/><V36/><F36/><N who="3" m="21927" /><G84/><T57/><D105/><U100/><E3/><V23/><F123/><W48/><G128/><T43/><D43/><U79/><E79/><V71/><F71/><N who="3" m="42455" /><G108/><T118/><D126/><U82/><E82/><V15/><F29/><W30/><G30/><T63/><D118/><U64/><E17/><V9/><F101/><W50/><G42/><T127/><D127/><U31/><E13/><V6/><F83/><W32/><G32/><T39/><D39/><U130/><E130/><V87/><F72/><W91/><G91/><T69/><D4/><AGARI ba="0,0" hai="4,6,9,12,15,16,18,23,76,80,86,87,90,94" machi="4" ten="40,2600,0" yaku="8,1,54,1" doraHai="65" who="2" fromWho="0" sc="275,-26,208,0,320,26,197,0" owari="249,5.0,208,-19.0,346,44.0,197,-30.0" /></mjloggm>