<mjloggm ver="2.3"><GO type="169" lobby="0"/><UN n0="%E3%81%84%E3%81%AE%E3%81%91%E3%82%93" n1="%E3%82%A6%E3%83%AB%E3%83%88%E3%83%A9%E7%AB%8B%E7%9B%B4" n2="%E3%82%89%E6%8A%9C%E3%81%8D" n3="%E9%8A%80%E3%81%B0%E3%81%95%E3%81%BF" dan="17,16,17,17" rate="2162.76,2067.80,2172.26,2169.22" sx="F,M,M,M"/><TAIKYOKU oya="0"/><INIT seed="0,0,0,0,1,69" ten="250,250,250,250" oya="0" hai0="34,32,132,5,103,12,99,25,62,63,14,77,110" hai1="7,37,102,94,89,28,66,128,21,71,30,135,26" hai2="113,78,84,116,42,18,13,46,120,44,41,126,100" hai3="1,45,11,40,27,75,6,48,55,81,49,106,74"/><T60/><D132/><U117/><E117/><V33/><F113/><W29/><G106/><T53/><D110/><U22/><E135/><V133/><F120/><W96/><G96/><T3/><D3/><U10/><E102/><V73/><F33/><W79/><G74/><T64/><D64/><U107/><E107/><V91/><F116/><W56/><G49/><T111/><D111/><U124/><E66/><V39/><F100/><W125/><G125/><T20/><D77/><U108/><E71/><V130/><F130/><W83/><G83/><T38/><D53/><U72/><E37/><V36/><F126/><W57/><REACH who="3" step="1"/><G55/><REACH who="3" ten="250,250,250,240" step="2"/><T58/><D38/><U43/><E124/><V17/><F133/><W112/><G112/><T109/><D109/><U98/><E108/><V121/><F121/><W8/><G8/><T15/><D5/><U76/><E128/><V47/><F73/><W86/><G86/><T105/><REACH who="0" step="1"/><D58/><REACH who="0" ten="240,250,250,240" step="2"/><U97/><E7/><V61/><F39/><W123/><G123/><T115/><D115/><U31/><E76/><V0/><F78/><W59/><G59/><T70/><D70/><U54/><E54/><V2/><F36/><W23/><AGARI ba="0,2" hai="1,6,11,23,27,29,40,45,48,56,57,75,79,81" machi="23" ten="20,5200,0" yaku="1,1,0,1,7,1,53,1" doraHai="69" doraHaiUra="19" who="3" fromWho="3" sc="240,-26,250,-13,250,-13,240,72" /><INIT seed="1,0,0,0,5,48" ten="214,237,237,312" oya="1" hai0="109,107,115,96,73,113,135,60,15,116,37,47,31" hai1="54,69,52,26,40,110,126,5,84,11,9,100,82" hai2="120,93,122,56,119,64,79,32,77,35,49,118,45" hai3="50,7,3,43,42,4,16,98,103,67,55,124,25"/><U23/><E69/><V17/><F93/><N who="3" m="58831" /><G3/><T88/><D116/><N who="2" m="44586" /><F17/><W97/><G67/><T78/><D135/><U83/><E83/><V125/><F77/><W123/><G123/><N who="2" m="47145" /><F79/><W117/><G117/><T87/><D109/><U76/><E110/><V53/><F32/><W61/><G61/><T24/><D73/><U14/><E100/><V44/><F35/><W51/><G97/><T34/><D15/><N who="1" m="5551" /><E40/><N who="3" m="15402" /><G51/><T128/><D78/><U58/><E58/><N who="2" m="33071" /><F125/><W20/><G124/><T95/><D107/><U71/><E126/><V131/><F131/><W108/><G108/><T99/><D128/><U81/><E81/><V30/><F30/><W62/><G62/><AGARI ba="0,0" hai="44,45,56,62,64" m="33071,47145,44586" machi="62" ten="30,3900,0" yaku="34,2,52,1" doraHai="48" who="2" fromWho="3" sc="214,0,237,0,237,39,312,-39" /><INIT seed="2,0,0,4,0,134" ten="214,237,276,273" oya="2" hai0="102,118,99,30,125,36,14,54,51,75,37,29,124" hai1="97,68,71,89,40,115,130,106,82,42,10,49,16" hai2="128,6,3,18,47,0,46,57,55,110,31,61,85" hai3="120,113,66,65,126,107,79,73,34,63,135,84,13"/><V121/><F121/><W8/><G120/><T93/><D75/><U58/><E115/><V52/><F128/><W94/><G107/><T72/><D72/><U59/><E130/><V129/><F129/><W81/><G34/><T91/><D118/><U87/><E71/><V133/><F133/><W90/><G135/><T38/><D102/><U20/><E68/><V96/><F31/><W45/><G113/><T22/><D14/><U32/><E32/><V88/><F96/><W21/><G21/><T112/><D112/><U69/><E69/><V60/><F110/><W103/><G103/><T53/><D53/><U25/><E106/><V80/><F18/><W2/><G2/><T24/><REACH who="0" step="1"/><D30/><REACH who="0" ten="204,237,276,273" step="2"/><U12/><E42/><V122/><F122/><W105/><G73/><T74/><D74/><U15/><E15/><V114/><F114/><W48/><G13/><T44/><AGARI ba="0,1" hai="22,24,29,36,37,38,44,51,54,91,93,99,124,125" machi="44" ten="40,8000,1" yaku="1,1,0,1,52,2,53,1" doraHai="134" doraHaiUra="43" who="0" fromWho="0" sc="204,90,237,-20,276,-40,273,-20" /><INIT seed="3,0,0,4,2,24" ten="294,217,236,253" oya="3" hai0="72,1,107,76,18,67,128,70,81,43,87,26,112" hai1="46,54,117,74,4,17,75,0,122,131,126,22,47" hai2="123,21,85,113,102,69,73,129,99,96,29,3,104" hai3="97,9,89,103,111,124,12,98,31,55,71,23,133"/><W84/><G71/><T127/><D128/><U50/><E122/><V115/><F69/><W11/><G133/><T125/><D107/><U10/><E131/><V78/><F3/><W90/><G124/><T114/><D1/><U30/><E126/><N who="0" m="48137" /><D43/><U52/><E117/><V39/><F39/><W79/><G111/><T95/><D67/><U60/><E30/><V19/><F29/><W105/><G79/><T64/><D64/><U109/><E109/><V66/><F66/><W119/><G119/><T101/><D70/><U93/><E93/><V28/><F28/><W58/><G90/><N who="0" m="53727" /><D101/><U61/><E61/><V32/><F129/><W42/><G42/><T116/><D116/><U48/><REACH who="1" step="1"/><E60/><REACH who="1" ten="294,207,236,253" step="2"/><V118/><F123/><W134/><G105/><T83/><D83/><U6/><E6/><V49/><F104/><W53/><G134/><T88/><D81/><U130/><E130/><V36/><F118/><W37/><G103/><T135/><D135/><U92/><E92/><V51/><F102/><W16/><G98/><T110/><D110/><U56/><E56/><V38/><F99/><W45/><G97/><T106/><D106/><U2/><E2/><V120/><F96/><W100/><G100/><T68/><D68/><U77/><E77/><V40/><F78/><W57/><G57/><T35/><D76/><U33/><E33/><V41/><F32/><W82/><G58/><T14/><D35/><U108/><E108/><V8/><F120/><W63/><G63/><T15/><D72/><U132/><E132/><V27/><F73/><W94/><G94/><T121/><D121/><RYUUKYOKU ba="0,1" sc="294,-10,207,30,236,-10,253,-10" hai1="0,4,10,17,22,46,47,48,50,52,54,74,75" /><INIT seed="4,1,1,1,3,47" ten="284,237,226,243" oya="0" hai0="53,3,79,126,97,2,114,100,81,37,63,117,122" hai1="16,15,96,22,67,0,12,111,134,128,102,48,62" hai2="70,41,113,80,88,66,83,28,116,31,82,132,60" hai3="91,93,50,65,130,42,38,49,46,43,74,115,54"/><T104/><D114/><U56/><E0/><V36/><F113/><W51/><G115/><T32/><D117/><U103/><E111/><V59/><F132/><W40/><G74/><T86/><D122/><U77/><E134/><V78/><F116/><W61/><G130/><T123/><D123/><U129/><E77/><V92/><F78/><W64/><G91/><T73/><D37/><U21/><E129/><V34/><F34/><W98/><G93/><T121/><D121/><U4/><E128/><V120/><F120/><W24/><G98/><T112/><D112/><U68/><E4/><V71/><F36/><W109/><G24/><T127/><D32/><U7/><E7/><V18/><F41/><N who="3" m="15979" /><G109/><T90/><D63/><U5/><E5/><V87/><REACH who="2" step="1"/><F18/><REACH who="2" ten="284,237,216,243" step="2"/><W44/><G65/><T76/><D76/><U33/><E33/><V69/><AGARI ba="1,2" hai="28,31,59,60,66,69,70,71,80,82,83,87,88,92" machi="69" ten="40,8000,1" yaku="1,1,2,1,0,1,54,1,53,0" doraHai="47" doraHaiUra="13" who="2" fromWho="2" sc="284,-41,237,-21,216,103,243,-21" /><INIT seed="5,0,0,5,0,24" ten="243,216,319,222" oya="1" hai0="93,105,132,7,119,19,74,88,123,44,10,112,20" hai1="0,3,102,48,13,66,37,6,127,52,65,120,107" hai2="101,121,91,23,40,98,51,103,41,126,42,60,79" hai3="28,86,106,80,92,61,16,131,32,54,117,17,85"/><U84/><E37/><V64/><F121/><W128/><G106/><T4/><D119/><U96/><E120/><V73/><F126/><W57/><G117/><T59/><D123/><U76/><E127/><V27/><F51/><W8/><G92/><T55/><D105/><U95/><E13/><V31/><F73/><W69/><G69/><T87/><D74/><U134/><E134/><V118/><F118/><W108/><G108/><T26/><D132/><U89/><E76/><V49/><F49/><W97/><G97/><T63/><D112/><U114/><E114/><V2/><F2/><W18/><G8/><T58/><D44/><U9/><REACH who="1" step="1"/><E0/><REACH who="1" ten="243,206,319,222" step="2"/><V15/><F79/><W70/><G70/><T56/><D4/><U111/><E111/><V33/><F15/><AGARI ba="0,1" hai="7,10,15,19,20,26,55,56,58,59,63,87,88,93" machi="15" ten="30,3900,0" yaku="7,1,8,1,54,1" doraHai="24" who="0" fromWho="2" sc="243,49,206,0,319,-39,222,0" /><INIT seed="6,0,0,2,3,98" ten="292,206,280,222" oya="2" hai0="133,58,30,131,19,118,36,127,51,96,86,8,50" hai1="17,10,1,23,123,56,129,63,82,92,79,120,103" hai2="107,102,73,49,34,78,59,64,45,69,80,111,94" hai3="74,75,4,113,29,48,110,0,16,42,119,99,22"/><V31/><F111/><W60/><G119/><T126/><D118/><U35/><E35/><V116/><F116/><W106/><G110/><T114/><D114/><U15/><E129/><V11/><F11/><W134/><G134/><T90/><D133/><U12/><E1/><V44/><F94/><W115/><G29/><T32/><D131/><U101/><E92/><V128/><F59/><W130/><G130/><T14/><D36/><U87/><E123/><V55/><F44/><N who="3" m="25623" /><G60/><T93/><D30/><U81/><E81/><V38/><F38/><W112/><G4/><T53/><D32/><U100/><E120/><V33/><F128/><W6/><G6/><T95/><REACH who="0" step="1"/><D51/><REACH who="0" ten="282,206,280,222" step="2"/><U121/><E121/><V3/><F31/><W37/><G37/><T27/><D27/><N who="1" m="14831" /><E10/><V84/><F49/><W41/><G0/><T9/><D9/><U83/><E83/><V66/><F80/><W5/><G113/><T122/><D122/><U124/><E124/><V109/><F3/><W26/><G115/><T54/><D54/><AGARI ba="0,1" hai="12,15,54,56,63,79,82,87,100,101,103" m="14831" machi="54" ten="30,7700,0" yaku="8,1,52,3" doraHai="98" who="1" fromWho="0" sc="282,-77,206,87,280,0,222,0" /><INIT seed="7,0,0,2,3,97" ten="205,293,280,222" oya="3" hai0="80,76,62,51,56,6,36,43,39,42,68,22,102" hai1="12,66,69,77,132,99,10,2,65,25,24,103,13" hai2="46,116,53,17,71,123,52,26,60,131,1,47,92" hai3="3,127,90,73,87,11,28,120,59,8,7,15,19"/><W89/><G120/><T14/><D68/><U94/><E2/><V55/><F116/><W20/><G73/><T107/><D39/><U135/><E77/><V50/><F1/><W74/><G74/><T49/><D36/><U85/><E85/><V79/><F123/><W32/><G127/><T67/><D80/><U34/><E13/><V129/><F79/><W128/><G128/><N who="2" m="49225" /><F92/><W122/><G122/><T44/><D76/><U4/><E69/><V48/><F71/><W78/><G11/><T93/><D107/><U5/><E5/><V23/><F60/><W83/><REACH who="3" step="1"/><G59/><REACH who="3" ten="205,293,280,212" step="2"/><T9/><D22/><U86/><E10/><V112/><F112/><W41/><G41/><AGARI ba="0,1" hai="17,23,26,41,46,47,48,50,52,53,55" m="49225" machi="41" ten="30,2000,0" yaku="19,1,54,1" doraHai="97" who="2" fromWho="3" sc="205,0,293,0,280,30,212,-20" owari="205,-19.0,293,9.0,310,41.0,192,-31.0" /></mjloggm>