<mjloggm ver="2.3"><GO type="169" lobby="0"/><UN n0="%4E%4F%42%55%53%48%49" n1="%59%48%56%48" n2="%EF%BC%88%E2%89%A7%E2%96%BD%E2%89%A6%EF%BC%89" n3="%61%6B%69%6E%61%72%69%30" dan="16,16,19,18" rate="2038.89,2076.54,2245.93,2154.31" sx="M,F,M,F"/><TAIKYOKU oya="0"/><INIT seed="0,0,0,4,0,123" ten="250,250,250,250" oya="0" hai0="112,30,39,83,25,97,116,59,70,55,127,22,61" hai1="54,29,21,24,19,118,15,48,79,49,8,40,71" hai2="91,109,94,57,128,28,65,2,36,18,5,53,60" hai3="90,7,63,126,119,96,80,37,120,84,89,101,3"/><T38/><D116/><U42/><E118/><V1/><F36/><W45/><G120/><T107/><D112/><U11/><E71/><V75/><F75/><W103/><G119/><T47/><D127/><U41/><E79/><V31/><F128/><W122/><G122/><T113/><D113/><U108/><E108/><V12/><F109/><W129/><G126/><T132/><D132/><U87/><E87/><V32/><F5/><W35/><G35/><T26/><D70/><U46/><REACH who="1" step="1"/><E11/><REACH who="1" ten="250,240,250,250" step="2"/><V124/><F124/><W27/><G84/><T92/><D83/><U102/><E102/><V81/><F81/><W4/><G101/><T131/><D131/><U115/><E115/><V69/><F69/><W73/><G103/><T121/><D121/><U99/><E99/><V16/><F91/><W110/><G96/><T135/><D135/><U68/><E68/><V43/><F94/><W114/><G89/><T23/><D107/><U33/><E33/><V88/><F32/><W56/><G90/><T50/><D92/><U64/><E64/><V76/><F65/><W14/><G114/><T133/><D97/><U95/><E95/><V34/><F88/><W72/><G80/><T98/><D98/><U86/><E86/><V85/><F34/><W105/><G105/><T51/><D133/><U100/><E100/><V104/><F85/><W0/><G129/><T67/><REACH who="0" step="1"/><D51/><AGARI ba="0,1" hai="8,15,19,21,24,29,40,41,42,46,48,49,51,54" machi="51" ten="40,5200,0" yaku="1,1,8,1,53,1" doraHai="123" doraHaiUra="13" who="1" fromWho="0" sc="250,-52,240,62,250,0,250,0" /><INIT seed="1,0,0,4,0,24" ten="198,302,250,250" oya="1" hai0="43,81,65,128,130,108,11,86,56,9,19,116,117" hai1="35,29,123,27,1,89,75,34,3,118,4,25,98" hai2="54,40,129,32,5,82,105,121,101,77,51,12,46" hai3="62,42,131,49,68,69,127,17,115,61,44,60,112"/><U10/><E75/><V33/><F121/><W8/><G8/><T48/><D86/><U95/><E123/><V80/><F129/><N who="0" m="49770" /><D81/><U122/><E122/><V104/><F82/><W59/><G17/><T57/><D19/><U66/><E118/><N who="0" m="45673" /><D9/><U93/><E66/><V58/><F101/><W53/><G131/><T2/><D11/><U6/><E93/><V134/><F12/><W133/><G127/><T0/><D0/><U83/><E83/><V36/><F5/><W106/><G106/><T73/><D73/><U22/><E34/><V14/><F14/><W18/><G18/><T30/><D30/><U72/><E72/><V135/><F104/><W126/><G133/><N who="2" m="50697" /><F105/><W119/><G126/><T38/><D2/><U85/><E6/><V124/><F124/><W47/><G119/><T28/><D28/><U76/><E3/><V84/><AGARI ba="0,0" hai="32,33,36,40,46,51,54,58,77,80,84" m="50697" machi="84" ten="30,1100,0" yaku="20,1" doraHai="24" who="2" fromWho="2" sc="198,-3,302,-5,250,11,250,-3" /><INIT seed="2,0,0,5,3,65" ten="195,297,261,247" oya="2" hai0="4,135,61,47,118,40,86,114,81,0,71,45,19" hai1="79,67,97,7,119,113,128,29,41,25,27,116,102" hai2="82,34,106,48,44,109,75,73,10,63,24,130,39" hai3="12,17,127,56,101,134,13,43,83,42,112,36,64"/><V15/><F106/><W122/><G122/><T131/><D114/><U53/><E113/><V108/><F39/><W96/><G112/><T57/><D118/><U103/><E41/><V66/><F130/><W100/><G127/><T3/><D131/><U49/><E7/><V129/><F129/><W33/><G33/><T8/><D3/><U30/><E128/><V115/><F115/><W38/><G134/><T76/><D135/><U9/><E9/><V126/><F126/><W32/><G32/><T98/><D71/><U72/><E67/><V62/><F24/><W132/><G132/><T14/><D98/><U120/><E120/><V87/><F34/><W16/><G64/><T88/><D76/><U90/><E79/><N who="2" m="46559" /><F63/><W80/><G96/><T89/><D89/><U20/><E72/><V54/><F15/><W107/><G56/><T59/><D61/><U6/><E6/><V26/><F26/><W37/><G38/><T69/><D69/><U117/><E90/><V78/><F10/><W46/><G46/><T58/><REACH who="0" step="1"/><D40/><REACH who="0" ten="185,297,261,247" step="2"/><U55/><E97/><V121/><F78/><W1/><G107/><T68/><D68/><U91/><E91/><V94/><F121/><W92/><G92/><T99/><D99/><U85/><E116/><V60/><F94/><W50/><G50/><T2/><D2/><AGARI ba="0,1" hai="1,2,12,13,16,17,36,37,42,43,80,83,100,101" machi="2" ten="25,3200,0" yaku="22,2,54,1" doraHai="65" who="3" fromWho="0" sc="185,-32,297,0,261,0,247,42" /><INIT seed="3,0,0,3,0,60" ten="153,297,261,289" oya="3" hai0="74,31,9,133,97,118,117,86,106,107,134,72,53" hai1="81,91,46,47,120,41,131,66,12,79,14,45,3" hai2="83,121,119,132,78,26,0,108,40,37,13,112,24" hai3="105,19,58,51,28,135,93,67,104,111,50,21,6"/><W103/><G135/><N who="0" m="51723" /><D31/><U88/><E3/><V27/><F0/><W96/><G6/><T70/><D9/><U34/><E34/><V23/><F132/><W7/><G7/><T130/><D53/><U55/><E120/><V30/><F119/><N who="0" m="45578" /><D70/><U100/><E100/><V87/><F121/><W115/><G115/><T128/><D86/><N who="1" m="48447" /><E131/><N who="0" m="50217" /><D97/><U48/><E66/><V116/><F116/><W129/><G129/><T94/><D94/><U77/><E77/><V29/><F29/><W64/><G28/><T126/><D126/><U82/><E82/><V4/><F30/><W114/><G114/><T68/><D68/><U102/><E102/><V84/><F112/><W2/><G2/><T73/><AGARI ba="0,0" hai="72,73,74,106,107" m="50217,45578,51723" machi="73" ten="50,16000,3" yaku="28,2,20,1,19,1,31,2,34,2" doraHai="60" who="0" fromWho="0" sc="153,160,297,-40,261,-40,289,-80" /><INIT seed="4,0,0,0,2,76" ten="313,257,221,209" oya="0" hai0="95,41,114,77,75,68,134,47,103,111,28,98,88" hai1="109,70,45,91,50,38,104,22,57,86,20,131,3" hai2="66,99,116,59,112,14,97,58,52,118,80,17,23" hai3="36,32,100,1,35,92,31,10,108,81,124,73,15"/><T96/><D68/><U44/><E104/><V107/><F112/><W40/><G108/><T43/><D114/><U34/><E109/><V105/><F105/><W54/><G124/><T62/><D111/><U67/><E34/><V113/><F113/><W84/><G73/><T49/><D134/><U120/><E3/><V2/><F2/><W42/><G1/><T133/><D133/><U63/><E131/><V5/><F5/><W94/><G54/><T129/><D62/><U123/><E45/><V79/><F66/><W101/><G36/><T16/><D28/><U46/><E46/><V83/><F59/><W71/><G71/><T9/><D129/><U106/><E106/><V122/><F122/><W60/><G60/><T82/><D9/><U24/><E38/><V7/><F7/><W56/><G56/><T132/><D16/><U90/><E70/><V74/><F83/><W61/><G61/><T39/><D132/><U26/><E26/><V72/><F72/><W78/><G31/><T30/><D30/><U115/><E115/><V65/><F65/><W8/><G35/><T51/><D43/><N who="3" m="16425" /><G32/><T37/><D37/><U110/><E110/><V13/><F13/><W29/><G29/><T135/><D135/><U18/><E22/><V85/><F74/><W127/><G127/><T89/><D103/><N who="3" m="39497" /><G10/><T4/><D4/><AGARI ba="0,0" hai="4,8,15,78,81,84,92,94" m="39497,16425" machi="4" ten="30,2000,0" yaku="8,1,52,1" doraHai="76" who="3" fromWho="0" sc="313,-20,257,0,221,0,209,20" /><INIT seed="5,0,0,0,0,14" ten="293,257,221,229" oya="1" hai0="13,32,94,106,69,23,29,89,65,85,17,105,124" hai1="131,2,48,8,54,126,55,122,76,27,120,70,92" hai2="99,10,50,6,68,52,11,129,108,15,62,37,77" hai3="67,128,97,79,111,109,36,119,40,132,93,134,42"/><U20/><E70/><V130/><F108/><W116/><G79/><T5/><D124/><U26/><E126/><V60/><F37/><W83/><G83/><T64/><D5/><U104/><E104/><V113/><F113/><W98/><G67/><T100/><D100/><U118/><E118/><N who="3" m="45098" /><G36/><T3/><D3/><U45/><E131/><N who="2" m="50187" /><F68/><W28/><G28/><T86/><D69/><U72/><E92/><V53/><F77/><W135/><G128/><T75/><D75/><U88/><E76/><V35/><F35/><W112/><G112/><T38/><D38/><U9/><E72/><V12/><F99/><N who="3" m="37899" /><G93/><T95/><D105/><U110/><E110/><AGARI ba="0,0" hai="40,42,109,110,111,132,134,135" m="37899,45098" machi="110" ten="40,8000,1" yaku="28,2,20,1,12,1" doraHai="14" who="3" fromWho="1" sc="293,0,257,-80,221,0,229,80" /><INIT seed="6,0,0,1,0,13" ten="293,177,221,309" oya="2" hai0="9,41,83,7,131,14,3,78,66,57,38,5,64" hai1="70,29,58,44,15,121,73,62,59,115,35,71,105" hai2="119,32,112,120,110,126,68,98,42,96,55,75,26" hai3="8,37,116,124,36,28,67,54,4,114,48,104,111"/><V93/><F68/><W6/><G111/><T1/><D131/><U100/><E73/><V22/><F75/><W86/><G116/><T24/><D38/><U2/><E2/><V23/><F120/><W39/><G104/><T69/><D41/><U61/><E121/><V30/><F119/><W107/><G107/><T92/><D69/><U52/><E115/><V77/><F77/><W34/><G114/><T85/><D92/><U60/><E35/><V82/><F82/><W31/><G67/><T102/><D102/><U53/><E29/><V123/><F123/><W20/><G34/><T117/><D117/><U106/><E15/><V49/><F126/><W99/><G99/><T51/><D24/><U94/><E94/><V109/><F112/><W19/><G86/><T118/><D118/><U0/><E0/><V56/><F42/><W122/><G124/><T84/><D84/><U125/><E125/><V74/><F98/><W87/><G87/><T72/><D72/><U76/><E76/><V101/><REACH who="2" step="1"/><F74/><REACH who="2" ten="293,177,211,309" step="2"/><W130/><G122/><T103/><D83/><U91/><E91/><V88/><F88/><W25/><G130/><T18/><D78/><U90/><E90/><V95/><F95/><W80/><G80/><T45/><D103/><U11/><E100/><V97/><F97/><W10/><G36/><T79/><D79/><U33/><E106/><V16/><F16/><W89/><G37/><T129/><D18/><U108/><E105/><V135/><F135/><W133/><G39/><T50/><D129/><U12/><E71/><V128/><F128/><W113/><G133/><RYUUKYOKU ba="0,1" sc="293,-10,177,-10,211,30,309,-10" hai2="22,23,26,30,32,49,55,56,93,96,101,109,110" /><INIT seed="6,1,1,3,5,60" ten="283,167,241,299" oya="2" hai0="5,37,19,52,126,24,1,45,92,106,130,71,93" hai1="101,49,41,90,0,68,15,14,80,88,114,28,38" hai2="127,84,54,62,18,39,128,29,112,22,51,55,134" hai3="20,26,104,116,44,83,42,72,77,66,46,133,105"/><V124/><F39/><W131/><G116/><T9/><D106/><U13/><E0/><V125/><F112/><W65/><G46/><T98/><D71/><U70/><E38/><V67/><F134/><W118/><G118/><T108/><D108/><U23/><E114/><V96/><F128/><W99/><G133/><T56/><D130/><U76/><E101/><V122/><F122/><W21/><G131/><T30/><D126/><U32/><E32/><V111/><F111/><W73/><G73/><T121/><D121/><U8/><E8/><V4/><F29/><W129/><G129/><T7/><D7/><U103/><E103/><V97/><F84/><W132/><G132/><T27/><D19/><U109/><E109/><V48/><F4/><W61/><G61/><T17/><D17/><U115/><E115/><V69/><F51/><W64/><G99/><N who="2" m="37961" /><F48/><W91/><G91/><T87/><D87/><U107/><E107/><V120/><F120/><W43/><G43/><T34/><D98/><U10/><E10/><V135/><F135/><W74/><G74/><T117/><D117/><U94/><E76/><V3/><F3/><W33/><G105/><T50/><REACH who="0" step="1"/><D24/><AGARI ba="1,1" hai="18,22,24,54,55,62,67,69,124,125,127" m="37961" machi="24" ten="30,2900,0" yaku="18,1,52,1" doraHai="60" who="2" fromWho="0" sc="283,-32,167,0,241,42,299,0" /><INIT seed="6,2,0,1,0,78" ten="251,167,283,299" oya="2" hai0="70,86,61,62,23,84,85,134,109,7,44,16,10" hai1="119,120,118,101,73,103,91,58,35,92,26,12,89" hai2="126,124,115,36,67,29,45,99,30,5,46,121,105" hai3="98,111,37,110,130,83,106,79,15,66,60,57,88"/><V2/><F121/><W50/><G37/><T33/><D33/><U74/><E35/><V38/><F67/><W40/><G130/><T24/><D109/><U34/><E34/><V94/><F115/><W81/><G15/><T59/><D134/><U48/><E26/><V82/><F105/><W14/><G106/><T114/><D114/><U68/><E68/><V19/><F19/><W112/><G112/><T113/><D113/><U96/><E12/><V3/><F82/><W100/><G100/><T31/><D44/><N who="2" m="17002" /><F5/><W64/><G64/><T104/><D104/><U55/><E120/><V125/><F94/><N who="3" m="56647" /><G110/><T49/><D70/><U131/><E131/><V80/><F80/><N who="3" m="30795" /><G79/><T43/><D43/><U54/><E92/><V56/><F99/><W72/><G72/><T116/><D116/><U71/><E71/><V133/><F38/><W9/><G111/><T21/><D85/><U127/><E96/><V4/><F36/><W1/><G1/><T122/><D86/><U22/><E22/><V39/><F39/><W87/><G87/><T17/><D84/><U52/><E118/><V28/><F2/><W117/><G117/><T6/><D23/><U129/><E119/><V51/><F3/><W107/><G107/><T69/><D21/><U42/><E129/><V41/><F125/><W108/><G108/><T13/><D122/><U65/><E127/><V97/><F124/><W76/><G76/><T27/><D13/><U123/><E123/><V53/><F126/><W77/><G77/><T90/><D90/><U95/><E73/><V18/><F97/><W25/><G14/><RYUUKYOKU ba="2,0" sc="251,0,167,0,283,0,299,0" /><INIT seed="7,3,0,4,2,74" ten="251,167,283,299" oya="3" hai0="106,27,61,126,101,48,115,58,64,25,13,79,5" hai1="129,81,131,122,1,24,108,46,30,88,6,68,133" hai2="91,29,86,114,66,93,57,43,17,71,83,107,37" hai3="33,45,78,19,121,132,125,111,103,98,44,127,21"/><W96/><G33/><T63/><D106/><U54/><E68/><V28/><F107/><W95/><G121/><T40/><D101/><U42/><E54/><V2/><F71/><W8/><G111/><T55/><D126/><N who="3" m="48137" /><G132/><T52/><D115/><U118/><E108/><V120/><F2/><W80/><G96/><T97/><D97/><U100/><E100/><V119/><F119/><W89/><G8/><T35/><D35/><U3/><E122/><V75/><F120/><W104/><G103/><T31/><D31/><U102/><E102/><V26/><F114/><W109/><G104/><T85/><D40/><U76/><E118/><V36/><F43/><W60/><G60/><N who="0" m="23115" /><D55/><U113/><E113/><V22/><F66/><W70/><G70/><T77/><D85/><U69/><E69/><V128/><F37/><W18/><G109/><T41/><D41/><U99/><E133/><V130/><F36/><W53/><G53/><T110/><D64/><U62/><E62/><V15/><F57/><W16/><G21/><T116/><D116/><U135/><E135/><V73/><F29/><W94/><G94/><T59/><D59/><U134/><E134/><V82/><F93/><W105/><G105/><T11/><D110/><U72/><E99/><V112/><F112/><W50/><G50/><T39/><D39/><N who="1" m="21855" /><E88/><V56/><F56/><W84/><AGARI ba="3,0" hai="16,18,19,44,45,78,80,84,89,95,98" m="48137" machi="84" ten="30,6000,0" yaku="18,1,52,1,54,1" doraHai="74" who="3" fromWho="3" sc="251,-23,167,-23,283,-23,299,69" owari="228,-17.0,144,-36.0,260,6.0,368,47.0" /></mjloggm>