<mjloggm ver="2.3"><GO type="169" lobby="0"/><UN n0="%E3%81%8C%E3%81%A1%E3%82%85%E3%81%86" n1="%E3%82%A6%E3%83%AB%E3%83%88%E3%83%A9%E7%AB%8B%E7%9B%B4" n2="%7A%6B%75%72%74" n3="%EF%BC%88%63%72%6F%73%73%EF%BC%89" dan="16,17,17,16" rate="2055.32,2041.32,2166.42,2117.54" sx="M,M,M,M"/><TAIKYOKU oya="0"/><INIT seed="0,0,0,4,0,83" ten="250,250,250,250" oya="0" hai0="121,23,76,11,30,107,0,55,114,89,2,6,14" hai1="44,54,123,70,64,100,51,96,4,36,131,128,95" hai2="127,47,22,38,81,99,52,26,109,101,58,82,42" hai3="7,63,98,84,129,5,65,12,116,91,49,80,27"/><T45/><D107/><U62/><E123/><V67/><F109/><W29/><G116/><T88/><D121/><U10/><REACH who="1" step="1"/><E36/><REACH who="1" ten="250,240,250,250" step="2"/><V61/><F127/><W119/><G119/><T71/><D114/><U87/><E87/><V79/><F79/><W21/><G129/><T8/><D76/><U24/><E24/><V60/><F26/><W69/><G98/><T110/><D110/><U13/><AGARI ba="0,1" hai="4,10,13,44,51,54,62,64,70,95,96,100,128,131" machi="13" ten="30,2000,0" yaku="1,1,0,1,53,0" doraHai="83" doraHaiUra="77" who="1" fromWho="1" sc="250,-10,240,30,250,-5,250,-5" /><INIT seed="1,0,0,1,3,127" ten="240,270,245,245" oya="1" hai0="80,82,55,128,90,61,73,88,129,133,87,39,7" hai1="134,27,48,110,83,107,111,78,34,106,10,108,104" hai2="125,71,3,42,21,59,11,23,31,102,96,89,94" hai3="85,41,109,112,63,50,64,76,22,135,123,0,121"/><U15/><E134/><V132/><F71/><W122/><G0/><T118/><D39/><U86/><E48/><V35/><F125/><W5/><G5/><T32/><D32/><U1/><E1/><V65/><F132/><W54/><G135/><T75/><D133/><U36/><E36/><V43/><F35/><W2/><G2/><T9/><D118/><U119/><E119/><V26/><F23/><W130/><G112/><T45/><D90/><U6/><E34/><V77/><F77/><W20/><G41/><T105/><D105/><U91/><E27/><V113/><F113/><W98/><G98/><T37/><D37/><U51/><E51/><V53/><F89/><AGARI ba="0,0" hai="6,10,15,78,83,86,89,91,104,106,107,108,110,111" machi="89" ten="50,4800,0" yaku="14,1,10,1" doraHai="127" who="1" fromWho="2" sc="240,0,270,48,245,-48,245,0" /><INIT seed="1,1,0,3,2,43" ten="240,318,197,245" oya="1" hai0="61,59,62,51,107,12,40,7,119,14,49,30,16" hai1="95,42,103,39,68,53,0,112,13,48,8,85,78" hai2="80,47,89,3,10,97,2,57,69,121,73,29,11" hai3="46,15,17,106,91,111,99,90,66,63,28,122,6"/><U126/><E0/><V77/><F69/><W37/><G122/><T100/><D30/><U24/><E68/><V45/><F121/><W72/><G72/><T86/><D119/><U108/><E112/><V79/><F29/><W36/><G6/><T50/><D100/><U133/><E126/><V75/><F57/><W96/><G28/><T33/><D33/><U92/><E24/><V67/><F67/><W27/><G27/><T115/><D107/><U21/><E21/><V35/><F97/><W132/><G132/><T44/><D86/><U41/><E39/><V125/><F89/><W20/><G37/><T32/><D32/><U83/><E108/><V19/><F35/><W114/><G114/><T38/><D115/><U54/><E133/><V18/><REACH who="2" step="1"/><F80/><REACH who="2" ten="240,318,187,245" step="2"/><W84/><G91/><T101/><D101/><U104/><E104/><V117/><F117/><W26/><G106/><T71/><D71/><U109/><E95/><V9/><F9/><W110/><G111/><T31/><D31/><U129/><E109/><V123/><F123/><W120/><G120/><T65/><D59/><U130/><E92/><V4/><F4/><W64/><G64/><T87/><D65/><U76/><E103/><V22/><F22/><W98/><G110/><T55/><D7/><U25/><E83/><V94/><F94/><W124/><G66/><T116/><D116/><U128/><E8/><V127/><AGARI ba="1,1" hai="2,3,10,11,18,19,45,47,73,75,77,79,125,127" machi="127" ten="25,12000,2" yaku="1,1,0,1,22,2,52,2,53,0" doraHai="43" doraHaiUra="1" who="2" fromWho="2" sc="240,-31,318,-61,187,133,245,-31" /><INIT seed="2,0,0,5,3,119" ten="209,257,320,214" oya="2" hai0="91,57,10,53,41,37,38,97,84,130,92,56,52" hai1="100,40,72,24,110,31,131,123,27,95,96,21,47" hai2="82,75,122,11,128,120,3,6,129,7,15,134,1" hai3="115,50,23,112,55,121,35,81,26,105,78,69,83"/><V39/><F39/><W67/><G35/><T111/><D111/><U64/><E72/><V29/><F134/><W87/><G105/><T51/><D130/><N who="2" m="50282" /><F29/><W90/><G69/><T103/><D10/><U135/><E135/><V116/><F116/><W22/><G67/><T28/><D28/><U46/><E110/><V101/><F101/><W36/><G36/><T85/><D41/><U12/><E27/><V8/><F15/><W132/><G132/><T70/><D70/><U114/><E114/><N who="3" m="43562" /><G121/><T30/><D30/><U62/><E123/><V54/><F54/><W94/><G26/><T43/><D43/><U4/><E40/><V107/><F107/><W104/><G104/><T32/><D32/><U66/><E66/><V93/><F93/><W49/><G83/><T109/><D109/><U88/><E131/><V98/><F98/><N who="3" m="57687" /><G50/><T48/><REACH who="0" step="1"/><D85/><REACH who="0" ten="199,257,320,214" step="2"/><U44/><E31/><V20/><F20/><W118/><G118/><T25/><D25/><U16/><E24/><V117/><F117/><W61/><G22/><T68/><D68/><U33/><E33/><V124/><F124/><W65/><G23/><T102/><D102/><U74/><E100/><V86/><F75/><W42/><G42/><T127/><D127/><U14/><E74/><V9/><F11/><W18/><G18/><T0/><D0/><U133/><E133/><V34/><F34/><W63/><G87/><T126/><D126/><U76/><E21/><V17/><F17/><W13/><G13/><T58/><D58/><N who="1" m="36951" /><E16/><V19/><F19/><W5/><G5/><T77/><D77/><AGARI ba="0,1" hai="1,3,6,7,8,9,77,82,86,120,122" m="50282" machi="77" ten="30,5800,0" yaku="19,1,52,2" doraHai="119" who="2" fromWho="0" sc="199,-58,257,0,320,68,214,0" /><INIT seed="2,1,0,3,5,56" ten="141,257,388,214" oya="2" hai0="2,44,97,1,6,61,133,14,109,72,36,129,19" hai1="23,51,12,45,22,30,64,110,113,128,92,102,100" hai2="103,101,121,18,105,89,52,73,104,114,62,35,47" hai3="126,16,26,0,96,38,13,37,50,95,94,60,76"/><V69/><F121/><W66/><G0/><T31/><D72/><U53/><E113/><V74/><F114/><W5/><G126/><T40/><D109/><U132/><E110/><V58/><F35/><W3/><G76/><T83/><D133/><U49/><E132/><V124/><F124/><W123/><G123/><T107/><D129/><U67/><E128/><V54/><F69/><W84/><G50/><T21/><D83/><U25/><E100/><V59/><F47/><W71/><G26/><T28/><D2/><U39/><E39/><V127/><F127/><W48/><G5/><T90/><D6/><U108/><E108/><V7/><F7/><W85/><G3/><T88/><D1/><U34/><E34/><V70/><F70/><W4/><G4/><T120/><D120/><U24/><E12/><V125/><F125/><W118/><G118/><T55/><D107/><U135/><E135/><V10/><F89/><W29/><G29/><T11/><D11/><U130/><E130/><V112/><F112/><W106/><G38/><T32/><D32/><U87/><E51/><V27/><F27/><W134/><G37/><T99/><D99/><N who="1" m="59751" /><E87/><N who="3" m="33354" /><G48/><N who="0" m="26631" /><D97/><U81/><E81/><V9/><F18/><AGARI ba="1,0" hai="18,22,23,24,25,30,45,49,53,64,67" m="59751" machi="18" ten="30,1000,0" yaku="8,1" doraHai="56" who="1" fromWho="2" sc="141,0,257,13,388,-13,214,0" /><INIT seed="3,0,0,3,3,35" ten="141,270,375,214" oya="3" hai0="95,107,42,75,122,32,133,43,44,130,74,76,121" hai1="92,86,60,127,131,82,94,64,135,59,125,38,104" hai2="7,3,45,89,28,14,61,11,116,96,22,4,29" hai3="41,63,68,66,101,93,37,72,6,13,103,71,36"/><W77/><G71/><T70/><D107/><U56/><E104/><V16/><F116/><W58/><G68/><T120/><D95/><U25/><E38/><V46/><F7/><W15/><G15/><T115/><D133/><U1/><E135/><V30/><F61/><W73/><G37/><T10/><D70/><U24/><E131/><V129/><F129/><W2/><G13/><T69/><D69/><U19/><E1/><V31/><F31/><W21/><G21/><T114/><D130/><U111/><E111/><V50/><F50/><W118/><G118/><T20/><D20/><N who="1" m="13343" /><E25/><N who="2" m="14535" /><F3/><W85/><G85/><T5/><D32/><U110/><E110/><V0/><F0/><W26/><G93/><AGARI ba="0,0" hai="4,11,14,28,29,30,45,46,89,93,96" m="14535" machi="93" ten="30,2000,0" yaku="8,1,54,1" doraHai="35" who="2" fromWho="3" sc="141,0,270,0,375,20,214,-20" /><INIT seed="4,0,0,0,0,43" ten="141,270,395,194" oya="0" hai0="116,99,68,119,121,82,93,25,2,112,18,86,70" hai1="6,45,34,126,98,92,81,127,1,108,58,104,122" hai2="77,66,30,54,46,89,33,107,95,15,40,38,73" hai3="64,55,5,109,90,17,47,29,26,7,44,3,63"/><T59/><D121/><U16/><E104/><V52/><F107/><W128/><G109/><T74/><D2/><U102/><E34/><V94/><F66/><W13/><G3/><T36/><D36/><U8/><E108/><V96/><F33/><W10/><G128/><T132/><D74/><U110/><E110/><V60/><F30/><W120/><G120/><T24/><D59/><U31/><E31/><V62/><F77/><W28/><G28/><T65/><D132/><U56/><E81/><V50/><F73/><W101/><G101/><T19/><D112/><U115/><E122/><V80/><F80/><W125/><G125/><N who="1" m="47626" /><E115/><V100/><F15/><W135/><G135/><T117/><D65/><U76/><E76/><V78/><F78/><W131/><G131/><T75/><D75/><U84/><E84/><V85/><F54/><W97/><G55/><T67/><D67/><U9/><E45/><AGARI ba="0,0" hai="38,40,45,46,50,52,60,62,85,89,94,95,96,100" machi="45" ten="30,7700,0" yaku="7,1,52,2,54,1" doraHai="43" who="2" fromWho="1" sc="141,0,270,-77,395,77,194,0" /><INIT seed="5,0,0,4,1,15" ten="141,193,472,194" oya="1" hai0="120,2,31,95,18,54,21,39,79,49,65,14,37" hai1="43,96,41,134,70,99,68,124,133,27,12,131,115" hai2="1,81,103,127,85,55,60,74,4,67,53,29,113" hai3="45,50,114,109,57,105,11,72,86,58,87,10,35"/><U66/><E66/><V40/><F74/><W23/><G35/><T33/><D65/><U125/><E27/><V80/><F29/><W98/><G72/><T20/><D79/><U51/><E12/><V9/><F103/><W61/><G109/><T28/><D2/><U100/><E51/><V77/><F40/><N who="1" m="15433" /><E100/><V71/><F127/><N who="1" m="48713" /><E115/><V94/><F113/><W42/><G114/><T17/><D120/><U108/><E108/><V130/><F67/><N who="3" m="39343" /><G105/><T104/><D104/><U117/><E117/><V128/><F71/><N who="1" m="27177" /><E131/><V30/><F128/><W8/><G58/><T52/><D95/><U93/><E93/><V63/><F94/><W44/><G45/><T0/><D0/><U78/><E78/><V36/><F77/><W126/><G126/><T135/><D14/><U7/><E7/><V116/><F4/><W132/><G50/><T32/><REACH who="0" step="1"/><D49/><REACH who="0" ten="131,193,472,194" step="2"/><U64/><E64/><V84/><F130/><W97/><G44/><T121/><D121/><U123/><E123/><V106/><F1/><W82/><G82/><T22/><D22/><U118/><E118/><V102/><F116/><W56/><G23/><T69/><D69/><U46/><E46/><V91/><F81/><W76/><G56/><T107/><D107/><U83/><E83/><V88/><F106/><W48/><G76/><T110/><D110/><U112/><E112/><V62/><F80/><W25/><G48/><T47/><D47/><U6/><E6/><V89/><F9/><W3/><G3/><T129/><D129/><U122/><E122/><V26/><F26/><W90/><G25/><T16/><D16/><RYUUKYOKU ba="0,1" sc="131,15,193,15,472,-15,194,-15" hai0="17,18,20,21,28,31,32,33,37,39,52,54,135" hai1="96,99,133,134" /><INIT seed="5,1,1,2,4,123" ten="146,208,457,179" oya="1" hai0="55,4,22,8,115,3,131,81,67,54,19,26,66" hai1="101,64,89,42,109,102,12,48,128,87,65,100,99" hai2="35,57,129,114,2,76,105,113,23,98,86,36,83" hai3="61,38,11,127,91,34,72,27,92,119,73,97,37"/><U29/><E99/><V59/><F35/><W78/><G127/><T108/><D115/><N who="2" m="44042" /><F36/><W122/><G122/><T111/><D131/><U50/><E128/><V32/><F32/><W49/><G119/><T133/><D81/><U47/><E109/><V121/><F121/><W75/><G78/><T77/><D77/><U120/><E120/><V7/><F23/><W110/><G110/><T74/><D74/><U63/><E29/><V80/><F80/><W10/><G34/><T30/><D133/><U46/><E12/><V52/><F52/><W70/><G27/><T9/><D55/><N who="1" m="30103" /><E63/><V69/><F69/><W135/><G135/><T14/><REACH who="0" step="1"/><D54/><REACH who="0" ten="136,208,457,179" step="2"/><U51/><E51/><V126/><F129/><W112/><G112/><T28/><D28/><U53/><E53/><V6/><F126/><W0/><G49/><T68/><D68/><U33/><E33/><V1/><F83/><AGARI ba="1,2" hai="42,47,50,64,65,83,87,89,100,101,102" m="30103" machi="83" ten="30,1500,0" yaku="8,1" doraHai="123" who="1" fromWho="2" sc="136,0,208,38,457,-18,179,0" /><INIT seed="5,2,0,4,1,93" ten="136,246,439,179" oya="1" hai0="114,31,38,5,51,46,126,71,53,105,120,60,125" hai1="109,111,44,87,66,55,94,132,123,15,80,129,98" hai2="22,81,42,97,2,127,41,21,45,18,19,117,28" hai3="106,92,1,52,16,56,128,78,124,84,48,64,33"/><U121/><E66/><V40/><F2/><W73/><G1/><T134/><D105/><U63/><E15/><V14/><F117/><W85/><G106/><T30/><D5/><U108/><E63/><V113/><F127/><W61/><G33/><T10/><D10/><U83/><E55/><V4/><F28/><W3/><G3/><T12/><D12/><U6/><E44/><V35/><F35/><W37/><G37/><T27/><D31/><U58/><E58/><V101/><F81/><N who="1" m="31305" /><E6/><V103/><F4/><W62/><G124/><T79/><D120/><N who="1" m="46155" /><E87/><V112/><F45/><W100/><G62/><T67/><D126/><U34/><E34/><V70/><F70/><W23/><G64/><T75/><D125/><U39/><E39/><V115/><F19/><W91/><G61/><T116/><D116/><U13/><E13/><V135/><F22/><W107/><G84/><T57/><D30/><U26/><E26/><V29/><F29/><W77/><G23/><T99/><D27/><U9/><E9/><V122/><F122/><W82/><G16/><T68/><D68/><U43/><E43/><V89/><F42/><W110/><G56/><T8/><D8/><U88/><E129/><V7/><F7/><W86/><G128/><T32/><D32/><U24/><E24/><V25/><F25/><W0/><G0/><T20/><D20/><U74/><E74/><V131/><F131/><W47/><G47/><T90/><D38/><U130/><E130/><V50/><F21/><W11/><G11/><T104/><D71/><U118/><E118/><V49/><F18/><RYUUKYOKU ba="2,0" sc="136,-10,246,30,439,-10,179,-10" hai1="88,94,98,108,109,111,132" /><INIT seed="5,3,0,5,2,63" ten="126,276,429,169" oya="1" hai0="8,52,1,127,86,131,10,76,116,27,68,22,20" hai1="83,4,119,129,126,105,125,44,2,24,29,69,85" hai2="16,103,26,88,48,109,100,42,101,73,14,38,39" hai3="96,75,57,133,106,61,120,72,36,33,108,82,78"/><U45/><E105/><V122/><F73/><W55/><G120/><T58/><D116/><U6/><E119/><V104/><F109/><W90/><G36/><T102/><D131/><U35/><E69/><V18/><F104/><W99/><G108/><T135/><D135/><U47/><E129/><V134/><F134/><W124/><G124/><N who="1" m="47722" /><E2/><V40/><F122/><W59/><G133/><T37/><D37/><U62/><E62/><V128/><F128/><W110/><G33/><T41/><D41/><U66/><E66/><V77/><F77/><AGARI ba="3,0" hai="4,6,24,29,35,44,45,47,77,83,85" m="47722" machi="77" ten="30,1500,0" yaku="18,1" doraHai="63" who="1" fromWho="2" sc="126,0,276,24,429,-24,169,0" /><INIT seed="5,4,0,3,5,92" ten="126,300,405,169" oya="1" hai0="62,109,101,49,22,17,26,124,130,119,35,67,61" hai1="110,36,93,50,59,37,108,125,87,13,70,54,90" hai2="89,1,105,39,103,95,63,121,113,98,44,127,129" hai3="20,114,106,18,86,64,52,78,131,66,60,55,45"/><U94/><E70/><V115/><F121/><W99/><G114/><N who="2" m="43529" /><F1/><W33/><G33/><T111/><D119/><U100/><E125/><V82/><F127/><W41/><G131/><T15/><D124/><U30/><E30/><V0/><F0/><W25/><G106/><T96/><D130/><U71/><E71/><V135/><F129/><W23/><G99/><T80/><D80/><U16/><E100/><V6/><F6/><W83/><G23/><T134/><D134/><U79/><E94/><V72/><F63/><W21/><G20/><T68/><D49/><U91/><E79/><N who="2" m="44391" /><F135/><W28/><G28/><T24/><D61/><U42/><E91/><V14/><F14/><W126/><G126/><T84/><D84/><U97/><E87/><N who="2" m="52671" /><F44/><W46/><G45/><T3/><D3/><U32/><E32/><V11/><F11/><W2/><G2/><T77/><D77/><U76/><E76/><V29/><F29/><W9/><G9/><T48/><D48/><U43/><E37/><AGARI ba="4,0" hai="37,39,98,103,105" m="52671,44391,43529" machi="37" ten="30,7700,0" yaku="24,1,15,1,11,1,52,1" doraHai="92" who="2" fromWho="1" sc="126,0,300,-89,405,89,169,0" /><INIT seed="6,0,0,5,5,66" ten="126,211,494,169" oya="2" hai0="135,54,121,49,59,128,29,96,55,116,88,114,74" hai1="9,75,122,24,132,27,98,79,6,91,47,39,108" hai2="36,21,129,15,69,32,102,100,22,119,57,58,65" hai3="13,118,64,115,109,51,34,113,14,42,4,46,93"/><V68/><F32/><W53/><G118/><T11/><D121/><U126/><E108/><V77/><F36/><W45/><G34/><T103/><D114/><N who="3" m="43529" /><G109/><T73/><D135/><U101/><E91/><V90/><F77/><W94/><G64/><T5/><D128/><U30/><E27/><V16/><F119/><W10/><G14/><T61/><D29/><U76/><E76/><V20/><F129/><W105/><G105/><T7/><D116/><U38/><E47/><V35/><F35/><W92/><G93/><T17/><D74/><U62/><E30/><V81/><F65/><W60/><G60/><T3/><D73/><U83/><E62/><V50/><F102/><W2/><G2/><T127/><D127/><U80/><E24/><V133/><F100/><W40/><G42/><T131/><D131/><U48/><E132/><V85/><F133/><W104/><G104/><T8/><D17/><U87/><E126/><V12/><F12/><W71/><G71/><T1/><D103/><U84/><E101/><V97/><F97/><W123/><G123/><T28/><D28/><U117/><E98/><V125/><F125/><W0/><G0/><T70/><D70/><U89/><E122/><V67/><F67/><W43/><G43/><T111/><D111/><U52/><E117/><V26/><F69/><W41/><G41/><T106/><D106/><U19/><E6/><V95/><F68/><W110/><G110/><T56/><D96/><U82/><E84/><V31/><F85/><W37/><AGARI ba="0,0" hai="4,10,13,37,40,45,46,51,53,92,94" m="43529" machi="37" ten="30,2000,0" yaku="15,1,11,1" doraHai="66" who="3" fromWho="3" sc="126,-5,211,-5,494,-10,169,20" /><INIT seed="7,0,0,4,0,106" ten="121,206,484,189" oya="3" hai0="4,33,26,57,107,63,40,103,6,115,47,30,111" hai1="100,61,24,8,126,46,105,134,74,112,50,101,51" hai2="90,11,80,91,25,37,36,86,5,54,31,92,77" hai3="32,129,53,60,66,109,102,128,9,38,67,55,99"/><W94/><G38/><T104/><D111/><U132/><E105/><V0/><F54/><W76/><G109/><T21/><D115/><U10/><E74/><V12/><F0/><W35/><G76/><T59/><D59/><U29/><E112/><V81/><F91/><W120/><G120/><T27/><D104/><U108/><E61/><V93/><F93/><W121/><G9/><N who="1" m="3690" /><E51/><V113/><F81/><W127/><G127/><T43/><D43/><U19/><E19/><V75/><F113/><W17/><G17/><T65/><D103/><U114/><E114/><V45/><F45/><W83/><G83/><T130/><D130/><N who="3" m="50281" /><G121/><T124/><D124/><U44/><E44/><V125/><F125/><W3/><G3/><T34/><D107/><U62/><E62/><V2/><F2/><W14/><G14/><T87/><D87/><U52/><E108/><V133/><F133/><N who="1" m="51305" /><E126/><V18/><F18/><W28/><G28/><T88/><D47/><U70/><E70/><V73/><F73/><W82/><G82/><T131/><D131/><U123/><E123/><V97/><F75/><W23/><G67/><T48/><D48/><U41/><E41/><V79/><F77/><W71/><G23/><AGARI ba="0,0" hai="23,24,29,46,50,52,100,101" m="51305,3690" machi="23" ten="30,2000,0" yaku="20,1,54,1" doraHai="106" who="1" fromWho="3" sc="121,0,206,20,484,0,189,-20" /><AGARI ba="0,0" hai="5,11,12,23,25,31,36,37,79,80,86,90,92,97" machi="23" ten="30,1000,0" yaku="7,1" doraHai="106" who="2" fromWho="3" sc="121,0,226,0,484,10,169,-10" owari="121,-38.0,226,3.0,494,59.0,159,-24.0" /></mjloggm>