<mjloggm ver="2.3"><GO type="169" lobby="0"/><UN n0="%EF%BC%88%E2%89%A7%E2%96%BD%E2%89%A6%EF%BC%89" n1="%4B%E3%80%82" n2="%E3%83%8E%E3%83%B3%E3%83%A9%E3%82%B9%E6%89%93%E6%B3%95" n3="%E3%81%98%E3%82%83%E3%82%80%E2%99%AD" dan="19,16,16,16" rate="2291.34,2095.93,2100.96,2007.65" sx="M,M,M,M"/><TAIKYOKU oya="0"/><INIT seed="0,0,0,0,5,81" ten="250,250,250,250" oya="0" hai0="32,100,13,51,123,53,113,74,26,60,88,22,86" hai1="9,46,80,62,99,50,120,55,66,73,64,119,103" hai2="21,67,84,108,3,72,69,110,44,77,82,104,124" hai3="101,126,20,10,16,4,36,8,63,17,121,11,83"/><T45/><D74/><U116/><E120/><V2/><F104/><W114/><G121/><T115/><D123/><U130/><E130/><V25/><F124/><W132/><G114/><T24/><D100/><U94/><E9/><V76/><F69/><W31/><G36/><T122/><D122/><U48/><E48/><V65/><F44/><W68/><G126/><T61/><D32/><U92/><E64/><N who="2" m="24651" /><F76/><W97/><G68/><T41/><D115/><U56/><E73/><V106/><F106/><W78/><G63/><N who="0" m="24139" /><D113/><U109/><E109/><N who="2" m="42091" /><F72/><W117/><G117/><T30/><D26/><U0/><E0/><V134/><F134/><W135/><G4/><T12/><D41/><U131/><E131/><V70/><F70/><W102/><G132/><T42/><D42/><U107/><E119/><V85/><F85/><N who="3" m="48375" /><G135/><T91/><D91/><U23/><E116/><V95/><F95/><AGARI ba="0,0" hai="12,13,22,24,30,45,51,53,86,88,95" m="24139" machi="95" ten="30,5800,0" yaku="8,1,52,1,54,1" doraHai="81" who="0" fromWho="2" sc="250,58,250,0,250,-58,250,0" /><INIT seed="0,1,0,5,4,88" ten="308,250,192,250" oya="0" hai0="60,92,46,45,22,135,80,72,59,57,15,77,134" hai1="35,38,113,11,124,65,84,68,37,74,104,58,99" hai2="64,62,10,125,0,8,76,131,116,90,121,81,43" hai3="47,20,122,94,108,3,19,132,17,14,24,18,117"/><T55/><D59/><U69/><E74/><V13/><F121/><W114/><G117/><T52/><D92/><U66/><E124/><V103/><F116/><W48/><G114/><T91/><D91/><U93/><E113/><V127/><F131/><W6/><G122/><T33/><D33/><U119/><E119/><V54/><F103/><W85/><G132/><N who="0" m="50731" /><D55/><U130/><E35/><V41/><F54/><N who="3" m="29983" /><G3/><T7/><D22/><U71/><E130/><V12/><F90/><N who="3" m="53583" /><G108/><T100/><D100/><U79/><E104/><V67/><F0/><W53/><G53/><T106/><D106/><U4/><E58/><V30/><F62/><W86/><G86/><T75/><D75/><U42/><E84/><V51/><F51/><W63/><G63/><T123/><D123/><U44/><E79/><V111/><F111/><W39/><G39/><T2/><D2/><U31/><E38/><V97/><F76/><W112/><G112/><T98/><D98/><U29/><E66/><V49/><F97/><W107/><G107/><T89/><D89/><U128/><E65/><V25/><F49/><W101/><G101/><T70/><D70/><U61/><E128/><V16/><F67/><W36/><G36/><T126/><D126/><U27/><E61/><V5/><F64/><W96/><G96/><T110/><D110/><U32/><E99/><V40/><REACH who="2" step="1"/><F81/><REACH who="2" ten="308,250,182,250" step="2"/><W23/><G24/><T9/><AGARI ba="1,1" hai="7,9,15,45,46,52,57,60,72,77,80" m="50731" machi="9" ten="30,3000,0" yaku="20,1,54,1" doraHai="88" who="0" fromWho="0" sc="308,43,250,-11,182,-11,250,-11" /><INIT seed="0,2,0,3,0,3" ten="351,239,171,239" oya="0" hai0="13,23,87,77,82,84,50,92,19,108,120,79,11" hai1="133,46,25,118,95,65,18,128,36,24,58,57,45" hai2="72,130,34,75,68,98,40,112,104,32,124,74,89" hai3="12,0,10,102,62,85,54,60,134,81,41,90,94"/><T29/><D120/><U78/><E118/><V49/><F89/><W22/><G134/><T64/><D108/><U73/><E133/><V80/><F80/><W107/><G107/><T6/><D64/><U17/><E73/><V117/><F49/><W116/><G116/><T69/><D69/><U16/><E78/><V38/><F117/><W28/><G41/><T105/><D105/><U1/><E36/><V2/><F112/><W126/><G126/><T33/><D33/><U43/><E43/><V83/><F83/><W91/><G102/><T113/><D113/><U67/><E95/><V4/><F124/><W70/><G0/><T110/><D110/><U101/><E101/><V51/><F51/><W129/><G70/><T111/><D29/><U114/><E114/><V131/><F68/><W119/><G119/><T20/><D111/><U9/><E46/><N who="2" m="23831" /><F130/><W47/><G129/><T106/><D106/><U61/><E45/><V56/><F56/><W123/><G123/><T39/><D39/><U135/><E128/><V86/><F86/><W88/><G47/><T93/><D84/><U109/><E135/><V21/><F21/><N who="0" m="8266" /><D79/><U5/><E109/><V52/><F52/><W14/><G54/><T125/><D125/><U7/><E7/><V27/><F27/><W31/><G81/><T30/><D6/><U96/><E96/><V53/><F53/><W59/><G94/><T55/><D92/><U121/><E121/><V132/><F132/><W76/><G76/><T44/><D93/><U8/><E8/><N who="2" m="2071" /><F131/><W122/><G122/><T127/><D127/><U37/><E37/><RYUUKYOKU ba="2,0" sc="351,10,239,10,171,10,239,-30" hai0="11,13,19,30,44,50,55,77,82,87" hai1="1,5,9,16,17,18,24,25,57,58,61,65,67" hai2="32,34,72,74,75,98,104" /><INIT seed="0,3,0,4,1,97" ten="361,249,181,209" oya="0" hai0="16,95,11,47,71,63,44,113,2,123,85,69,55" hai1="4,70,42,107,110,100,9,67,41,102,46,6,94" hai2="32,117,73,13,81,52,3,101,115,77,26,15,36" hai3="28,64,27,29,92,34,125,121,57,38,116,66,48"/><T75/><D75/><U129/><E107/><V96/><F115/><W109/><G116/><T60/><D123/><U82/><E129/><V12/><F3/><W128/><G121/><T130/><D113/><U84/><E110/><V53/><F117/><W132/><G109/><T17/><D130/><U24/><E70/><V14/><N who="2" m="3072" /><DORA hai="135" /><V21/><F32/><W5/><G38/><T43/><D11/><U93/><E67/><V89/><F89/><W30/><G132/><T86/><D55/><U126/><E24/><V108/><F36/><W61/><G5/><N who="1" m="2154" /><E9/><V105/><REACH who="2" step="1"/><F108/><REACH who="2" ten="361,249,171,209" step="2"/><W111/><G111/><T25/><D2/><U20/><E20/><V33/><F33/><W1/><G1/><T58/><D25/><U88/><E126/><V124/><F124/><W23/><G125/><T50/><D71/><U83/><E83/><V51/><F51/><W37/><G37/><T120/><D50/><N who="1" m="26959" /><E42/><V49/><F49/><W87/><G48/><T98/><D43/><U39/><E39/><V62/><F62/><N who="3" m="37967" /><G128/><T65/><D69/><U104/><E104/><V40/><F40/><W56/><G34/><T91/><D63/><U59/><E59/><V45/><F45/><N who="0" m="17482" /><D120/><U68/><E68/><V7/><F7/><W122/><G122/><T106/><D106/><U131/><E131/><V112/><F112/><W74/><G61/><T76/><D60/><U118/><E118/><V127/><F127/><W114/><G114/><T99/><D58/><U19/><E82/><V8/><F8/><W79/><G56/><T18/><D65/><U35/><E35/><V72/><F72/><RYUUKYOKU ba="3,1" sc="361,15,249,-15,171,15,209,-15" hai0="16,17,18,76,85,86,91,95,98,99" hai2="21,26,52,53,73,77,81,96,101,105" /><INIT seed="0,4,1,4,0,36" ten="376,234,186,194" oya="0" hai0="62,109,96,20,125,2,120,121,127,57,103,65,130" hai1="11,15,55,51,71,45,5,86,89,135,63,41,70" hai2="59,64,21,107,92,13,4,100,72,126,110,38,46" hai3="18,31,87,104,105,3,56,84,95,34,134,39,99"/><T50/><D2/><U117/><E117/><V85/><F72/><W14/><G3/><T74/><D74/><U111/><E111/><V98/><F110/><W132/><G39/><T88/><D109/><U24/><E135/><N who="3" m="51754" /><G56/><T49/><D130/><U68/><E24/><V17/><F126/><N who="0" m="48138" /><D20/><U48/><E63/><V91/><F4/><W93/><G31/><T42/><D88/><U82/><REACH who="1" step="1"/><E71/><REACH who="1" ten="376,224,186,194" step="2"/><V40/><REACH who="2" step="1"/><F59/><AGARI ba="4,2" hai="5,11,15,41,45,48,51,55,59,68,70,82,86,89" machi="59" ten="30,7700,0" yaku="1,1,2,1,7,1,52,1,53,0" doraHai="36" doraHaiUra="101" who="1" fromWho="2" sc="376,0,224,109,186,-89,194,0" /><INIT seed="1,0,0,4,4,88" ten="376,333,97,194" oya="1" hai0="52,82,32,113,56,53,17,135,19,83,1,123,121" hai1="126,26,132,92,60,114,108,62,129,81,110,99,40" hai2="73,91,43,120,86,25,117,38,69,14,42,87,33" hai3="50,12,116,24,96,4,36,6,134,80,115,100,93"/><U68/><E114/><V16/><F117/><W98/><G115/><T10/><D32/><U89/><E132/><V46/><F120/><N who="0" m="46154" /><D135/><U107/><E129/><V22/><F73/><W13/><G36/><T34/><D34/><U30/><E126/><V31/><F69/><W84/><G134/><T111/><D111/><N who="1" m="42539" /><E68/><V2/><F2/><W54/><G98/><T5/><D53/><U47/><E107/><V48/><F87/><W51/><G24/><T112/><D112/><U105/><E81/><N who="0" m="30729" /><D113/><U94/><E105/><V79/><F79/><N who="3" m="46111" /><G116/><T63/><AGARI ba="0,0" hai="1,5,10,17,19,52,56,63" m="30729,46154" machi="63" ten="30,2000,0" yaku="13,1,54,1" doraHai="88" who="0" fromWho="0" sc="376,20,333,-10,97,-5,194,-5" /><INIT seed="2,0,0,0,2,119" ten="396,323,92,189" oya="2" hai0="18,37,90,63,130,38,23,111,123,108,60,129,10" hai1="42,107,15,88,84,61,86,68,32,7,65,92,44" hai2="70,117,127,51,26,21,11,53,47,6,114,36,31" hai3="106,67,46,110,13,103,115,76,29,72,75,2,81"/><V45/><F117/><W35/><G110/><N who="0" m="42027" /><D10/><U104/><E32/><V50/><F114/><W98/><G115/><T91/><D123/><U43/><E43/><V96/><F70/><W122/><G13/><N who="0" m="9679" /><D90/><U34/><E34/><V55/><F36/><N who="0" m="13930" /><D91/><U100/><E100/><V79/><F79/><W14/><G14/><T109/><D109/><U99/><E104/><V12/><REACH who="2" step="1"/><F96/><REACH who="2" ten="396,323,82,189" step="2"/><W3/><G76/><T66/><D63/><U80/><E99/><V121/><F121/><W124/><G122/><T56/><AGARI ba="0,1" hai="56,60,66,129,130" m="13930,9679,42027" machi="56" ten="40,1500,0" yaku="14,1" doraHai="119" who="0" fromWho="0" sc="396,25,323,-4,82,-7,189,-4" /><INIT seed="3,0,0,4,4,54" ten="421,319,75,185" oya="3" hai0="117,60,65,22,89,41,109,8,24,56,31,96,14" hai1="21,74,130,98,64,28,87,34,114,23,106,118,133" hai2="116,132,107,103,12,115,35,61,25,7,33,27,19" hai3="122,108,105,124,1,79,99,85,113,6,123,17,73"/><W50/><G113/><T131/><D109/><U30/><E114/><V92/><F107/><W86/><G108/><T46/><D131/><U102/><E74/><V81/><F115/><W43/><G124/><T67/><D117/><U15/><E118/><V68/><F116/><W101/><G17/><T77/><D77/><U75/><E130/><V76/><F132/><W69/><G69/><T47/><D67/><U20/><E133/><V90/><F7/><W52/><G43/><T121/><D121/><U127/><E127/><V63/><F103/><W5/><G73/><T83/><D41/><U42/><E75/><V66/><F63/><W57/><G86/><N who="0" m="50399" /><D96/><U32/><E42/><V120/><F120/><W94/><G122/><T9/><D9/><U10/><E64/><V91/><F81/><W37/><G37/><T88/><D88/><U93/><E106/><V134/><F76/><W51/><G123/><T4/><AGARI ba="0,0" hai="4,8,14,22,24,31,46,47,56,60,65" m="50399" machi="4" ten="30,2000,0" yaku="8,1,52,1" doraHai="54" who="0" fromWho="0" sc="421,20,319,-5,75,-5,185,-10" /><INIT seed="4,0,0,1,0,41" ten="441,314,70,175" oya="0" hai0="10,37,113,55,21,6,101,99,93,102,131,83,39" hai1="130,52,103,122,45,110,134,48,90,17,1,27,15" hai2="46,89,0,47,28,92,74,12,7,35,135,126,96" hai3="111,79,112,29,123,121,3,98,49,30,76,81,70"/><T4/><D113/><U58/><E122/><N who="3" m="46602" /><G111/><T129/><D83/><U34/><E110/><V9/><F74/><W33/><G70/><T50/><D21/><U67/><E134/><V61/><F135/><W66/><G66/><T31/><D31/><U2/><E130/><N who="0" m="49673" /><D102/><U106/><E106/><V25/><F126/><W43/><G3/><N who="0" m="287" /><D6/><U59/><E103/><V56/><REACH who="2" step="1"/><F0/><REACH who="2" ten="441,314,60,175" step="2"/><W88/><G112/><T75/><D75/><U20/><E2/><V94/><F94/><W36/><G33/><T64/><D64/><AGARI ba="0,1" hai="7,9,12,25,28,35,46,47,56,61,64,89,92,96" machi="64" ten="30,7700,0" yaku="1,1,7,1,52,2,53,0" doraHai="41" doraHaiUra="18" who="2" fromWho="0" sc="441,-77,314,0,60,87,175,0" /><INIT seed="5,0,0,2,2,39" ten="364,314,147,175" oya="1" hai0="80,126,63,134,8,3,100,5,131,94,17,11,6" hai1="121,54,92,68,55,42,117,22,46,24,25,98,97" hai2="20,31,122,82,104,116,28,103,10,49,61,76,113" hai3="135,70,9,99,71,64,85,110,43,114,66,14,81"/><U83/><E117/><V89/><F116/><W21/><G110/><T37/><D37/><U128/><E121/><V40/><F122/><W75/><G75/><T78/><D131/><U56/><E128/><V84/><F113/><W13/><G114/><T109/><D126/><U53/><E68/><V36/><F36/><W32/><G32/><T50/><D134/><U35/><E35/><V111/><F111/><W102/><G21/><T90/><D100/><U44/><E83/><V91/><F104/><W33/><G33/><T38/><D38/><U16/><E56/><V69/><F103/><W18/><G14/><T72/><D17/><U41/><E25/><V112/><F112/><W2/><G2/><T4/><D109/><U67/><E67/><V118/><F118/><W79/><G135/><T59/><D50/><U19/><E19/><V124/><F124/><W132/><G132/><T77/><D77/><U52/><E55/><V62/><F69/><W125/><G125/><T101/><D8/><U133/><E133/><V51/><F10/><W95/><G70/><T123/><D123/><U96/><E92/><V86/><F76/><W107/><G107/><T15/><D3/><U58/><E58/><V47/><F51/><W23/><G71/><T30/><D78/><U34/><E34/><V0/><F0/><W105/><G105/><T87/><D5/><U129/><E129/><V115/><F115/><W108/><G108/><T119/><D4/><U127/><E127/><V73/><F73/><W7/><G7/><T60/><D6/><U65/><E65/><N who="3" m="25194" /><G9/><T1/><D11/><RYUUKYOKU ba="0,0" sc="364,-15,314,15,147,-15,175,15" hai1="16,22,24,41,42,44,46,52,53,54,96,97,98" hai3="13,18,23,43,79,81,85,95,99,102" /><INIT seed="5,1,0,5,4,124" ten="349,329,132,190" oya="1" hai0="70,74,36,59,91,87,15,83,60,8,47,57,28" hai1="115,32,117,119,106,72,93,58,130,37,31,76,24" hai2="109,126,25,98,48,42,16,92,95,41,129,9,80" hai3="128,38,66,40,4,26,44,61,100,52,30,3,110"/><U64/><E37/><V53/><F126/><W23/><G128/><T6/><D74/><U5/><E106/><V86/><F109/><W55/><G110/><T132/><D132/><U1/><E130/><V103/><F95/><W82/><G100/><T97/><D28/><U89/><E115/><V116/><F116/><W34/><G82/><T111/><D111/><U17/><E72/><V21/><F9/><W105/><G105/><T20/><D20/><U104/><E76/><V88/><REACH who="2" step="1"/><F129/><REACH who="2" ten="349,329,122,190" step="2"/><W78/><G34/><T10/><D10/><N who="1" m="2351" /><E119/><V102/><F102/><W108/><G108/><T120/><D8/><U134/><E117/><V27/><F27/><W7/><G3/><T29/><D6/><U46/><E104/><V99/><F99/><W51/><G7/><T112/><D97/><U63/><E134/><V123/><F123/><W14/><G4/><T54/><D120/><U69/><E93/><V85/><F85/><W56/><G14/><T133/><D15/><U113/><E113/><V11/><F11/><W122/><G122/><T71/><D87/><U12/><E12/><V65/><F65/><W49/><G66/><T125/><D112/><U101/><E101/><V90/><F90/><W35/><G35/><T107/><D133/><U94/><E94/><V19/><F19/><W43/><G78/><T2/><D107/><U45/><E89/><V81/><F81/><W73/><G73/><T96/><D91/><U0/><E0/><V77/><F77/><W118/><G118/><T127/><D2/><U79/><E79/><V39/><F39/><W50/><G38/><RYUUKYOKU ba="1,1" sc="349,-15,329,-15,122,15,190,15" hai2="16,21,25,41,42,48,53,80,86,88,92,98,103" hai3="23,26,30,40,43,44,49,50,51,52,55,56,61" /><INIT seed="6,2,1,3,0,46" ten="334,314,137,205" oya="2" hai0="70,67,80,89,107,32,111,134,124,61,121,76,15" hai1="113,19,126,20,63,28,108,54,104,58,39,99,135" hai2="31,87,36,93,11,122,95,59,27,109,44,43,82" hai3="77,132,102,38,110,114,86,33,37,98,103,64,55"/><V118/><F122/><W73/><G110/><T62/><D121/><U18/><E108/><V51/><F118/><W90/><G33/><T42/><D32/><U8/><E39/><V6/><F109/><W5/><G132/><T56/><D107/><U105/><E135/><V24/><F36/><W52/><G5/><T16/><D42/><U96/><E113/><V119/><F59/><W17/><G114/><T72/><D124/><U133/><E133/><V71/><F71/><W14/><G64/><T88/><D111/><U78/><E126/><V123/><F123/><W0/><G0/><T9/><D134/><U13/><E78/><V128/><F128/><W25/><G25/><T79/><D79/><U115/><E115/><V120/><F120/><W23/><G38/><T100/><D100/><U21/><E104/><V83/><F119/><W10/><G10/><T26/><D26/><N who="1" m="16463" /><E105/><V112/><F112/><W60/><G37/><T29/><D29/><U69/><E69/><V50/><F50/><W129/><G129/><T85/><D72/><U127/><E127/><V94/><F31/><W101/><G73/><T116/><D116/><U22/><E8/><V75/><F75/><W3/><G3/><T97/><D97/><U92/><E92/><V12/><F83/><N who="3" m="47471" /><G60/><T4/><D4/><U106/><E106/><V74/><F74/><W7/><G7/><T130/><D130/><U125/><E125/><V53/><REACH who="2" step="1"/><F43/><REACH who="2" ten="334,314,127,205" step="2"/><W45/><G45/><T1/><D1/><U65/><E65/><AGARI ba="2,2" hai="9,15,16,56,61,62,65,67,70,76,80,85,88,89" machi="65" ten="30,3900,0" yaku="7,1,54,2" doraHai="46" who="0" fromWho="1" sc="334,65,314,-45,127,0,205,0" /><INIT seed="7,0,0,5,2,30" ten="399,269,127,205" oya="3" hai0="81,10,11,93,129,49,62,106,72,105,130,28,71" hai1="34,54,123,95,98,74,111,114,66,125,112,0,126" hai2="69,68,17,87,41,57,89,12,100,92,115,79,77" hai3="24,55,1,132,39,48,99,44,128,16,53,56,124"/><W22/><G1/><T78/><D28/><U18/><E0/><V120/><F115/><N who="1" m="44073" /><E111/><V104/><F120/><W65/><G128/><T32/><D32/><U122/><E74/><V101/><F69/><W127/><G132/><T134/><D93/><U4/><E4/><V97/><F68/><W59/><G65/><N who="0" m="41399" /><D49/><U85/><E34/><V27/><F41/><W26/><G39/><T58/><D58/><N who="3" m="22057" /><G99/><T94/><D78/><U36/><E36/><V21/><F101/><W67/><G67/><T2/><D11/><U13/><E66/><V3/><F3/><W33/><G33/><T7/><D134/><U29/><E29/><V121/><F121/><N who="1" m="46089" /><E85/><V117/><F117/><W116/><G116/><T9/><D72/><U103/><E54/><V86/><F86/><W14/><G55/><T131/><D131/><U96/><E96/><V42/><F42/><W60/><G60/><T73/><D73/><U110/><E110/><V63/><F104/><W23/><G23/><AGARI ba="0,0" hai="13,18,23,95,98,103,125,126" m="46089,44073" machi="23" ten="30,1000,0" yaku="15,1" doraHai="30" who="1" fromWho="3" sc="399,0,269,10,127,0,205,-10" owari="399,49.0,279,8.0,127,-37.0,195,-20.0" /></mjloggm>