<mjloggm ver="2.3"><GO type="97" lobby="0"/><UN n0="%E3%82%A6%E3%83%AB%E3%83%88%E3%83%A9%E7%AB%8B%E7%9B%B4" n1="%45%53%54%69" n2="%E3%81%9F%E3%81%84%E3%82%89%E3%81%9F%E3%81%84%E3%81%AF%E3%82%93" n3="%E3%81%A4%E3%81%AE%E3%81%A0%EF%BC%83%E3%81%B2%E3%82%8D" dan="14,15,13,15" rate="1911.94,1984.02,1898.96,1980.64" sx="M,M,M,M"/><TAIKYOKU oya="0"/><INIT seed="0,0,0,3,3,120" ten="250,250,250,250" oya="0" hai0="66,107,48,134,4,132,117,122,13,125,133,100,31" hai1="5,111,105,85,114,83,59,41,98,91,99,84,23" hai2="109,3,34,76,113,67,124,25,77,26,43,9,33" hai3="44,119,110,29,54,11,102,87,63,106,82,118,30"/><T35/><D122/><U123/><E123/><V126/><F113/><W74/><G74/><T0/><D117/><U36/><E114/><V6/><F43/><W38/><G11/><T55/><D66/><U57/><E5/><V49/><F49/><W56/><G118/><T93/><D125/><N who="2" m="48234" /><F67/><W40/><G119/><T88/><D0/><U108/><E41/><V94/><F94/><W130/><G130/><T95/><D31/><U21/><E36/><V90/><F90/><W97/><G110/><N who="1" m="42026" /><E85/><V47/><F109/><W69/><G69/><T135/><D135/><U58/><E105/><V62/><F62/><W131/><G131/><T72/><D107/><U42/><E42/><V60/><F60/><W103/><G103/><T115/><D115/><U51/><E51/><V81/><F47/><W64/><G64/><T22/><D72/><U121/><E121/><V61/><F61/><W73/><G73/><T75/><D75/><U92/><E99/><V24/><F81/><W50/><G38/><T71/><D48/><U112/><E112/><V1/><F3/><W86/><G86/><T127/><D133/><U14/><E14/><V39/><F39/><W70/><G70/><T65/><D13/><U16/><E98/><V68/><F68/><W27/><G27/><N who="2" m="6913" /><V17/><DORA hai="128" /><F17/><W80/><REACH who="3" step="1"/><G80/><REACH who="3" ten="250,250,250,240" step="2"/><T78/><D132/><U15/><E83/><V19/><F19/><W79/><AGARI ba="0,1" hai="29,30,40,44,50,54,56,63,79,82,87,97,102,106" machi="79" ten="20,8000,1" yaku="1,1,2,1,0,1,7,1,53,1" doraHai="120,128" doraHaiUra="46,129" who="3" fromWho="3" sc="250,-40,250,-20,250,-20,240,90" /><INIT seed="1,0,0,3,5,10" ten="210,230,230,330" oya="1" hai0="45,106,27,13,124,9,101,100,63,8,60,130,117" hai1="48,91,0,75,31,131,74,77,78,120,4,97,38" hai2="57,94,41,111,55,87,104,82,71,95,58,69,50" hai3="119,128,115,110,109,42,62,86,99,11,46,93,134"/><U114/><E114/><V132/><F104/><W47/><G115/><T68/><D117/><U1/><E120/><V6/><F132/><W113/><G113/><T39/><D124/><U7/><E31/><V80/><F111/><N who="3" m="42507" /><G134/><T14/><D130/><U23/><E23/><V44/><F6/><W118/><G128/><T105/><D27/><U108/><E131/><V121/><F121/><W88/><G11/><T19/><D45/><N who="3" m="16905" /><G42/><T2/><D2/><U96/><E108/><V123/><F123/><W3/><G3/><T40/><D40/><U35/><E35/><V51/><F71/><W20/><G20/><T70/><REACH who="0" step="1"/><D19/><REACH who="0" ten="200,230,230,330" step="2"/><U16/><E16/><V112/><F112/><W66/><G99/><T43/><D43/><U29/><E97/><V59/><F69/><AGARI ba="0,1" hai="62,66,69,86,88,93,118,119" m="16905,42507" machi="69" ten="30,2000,0" yaku="14,1,54,1" doraHai="10" who="3" fromWho="2" sc="200,0,230,0,230,-20,330,30" /><INIT seed="2,0,0,1,5,131" ten="200,230,210,360" oya="2" hai0="101,96,134,65,82,102,24,106,87,107,67,54,32" hai1="116,100,27,60,57,91,68,73,85,37,80,58,61" hai2="132,76,25,94,75,120,112,47,23,113,39,90,110" hai3="128,9,51,118,5,46,126,26,119,42,41,103,81"/><V83/><F120/><W8/><G128/><T20/><D32/><U114/><E114/><V28/><F132/><W70/><G126/><T109/><D109/><U64/><E116/><V71/><F71/><W16/><G70/><T62/><D134/><U97/><E37/><V11/><F110/><W1/><G103/><T129/><D129/><U105/><E73/><V29/><F29/><W10/><G42/><T130/><D130/><U45/><E45/><V35/><F11/><W79/><G9/><T53/><D102/><U12/><E12/><V108/><F108/><W95/><G95/><T22/><D107/><U44/><E44/><V69/><F69/><W34/><G34/><T49/><D62/><U78/><E78/><V66/><F66/><W86/><G10/><T19/><D22/><U13/><E13/><V2/><F2/><W0/><G0/><T88/><REACH who="0" step="1"/><D54/><REACH who="0" ten="190,230,210,360" step="2"/><U36/><E61/><V17/><F39/><W117/><G117/><T111/><D111/><U21/><E36/><V135/><F135/><W15/><G1/><T115/><D115/><U84/><E21/><AGARI ba="0,1" hai="5,8,15,16,21,26,41,46,51,79,81,86,118,119" machi="21" ten="40,5200,0" yaku="25,2,54,1" doraHai="131" who="3" fromWho="1" sc="190,0,230,-52,210,0,360,62" /><INIT seed="3,0,0,2,0,58" ten="190,178,210,422" oya="3" hai0="97,117,20,123,32,129,5,59,45,34,55,54,46" hai1="85,100,78,118,88,99,98,110,74,124,9,2,11" hai2="112,12,3,66,19,81,27,103,115,102,38,1,128" hai3="50,132,80,67,8,108,75,113,40,63,130,121,16"/><W83/><G113/><T33/><D123/><U14/><E2/><V24/><F38/><W96/><G121/><T106/><D117/><U36/><E36/><V89/><F66/><W35/><G35/><T4/><D20/><U73/><E118/><V49/><F49/><W53/><G40/><T28/><D28/><U69/><E69/><V119/><F119/><W101/><G130/><T42/><D42/><U109/><E124/><V0/><F128/><W72/><G132/><T10/><D129/><U120/><E120/><V25/><F81/><W29/><G29/><T23/><D23/><U43/><E43/><V56/><F56/><N who="3" m="37351" /><G72/><N who="1" m="27754" /><E78/><V61/><F61/><W41/><G41/><T90/><D55/><U127/><E127/><V31/><F89/><W94/><G75/><T21/><D21/><U86/><E86/><V60/><F60/><W68/><G68/><T13/><D4/><N who="1" m="3367" /><E11/><N who="2" m="6559" /><F102/><W105/><G105/><T17/><D5/><U135/><E135/><V26/><F103/><W93/><G93/><N who="0" m="56503" /><D106/><U47/><E100/><V30/><N who="2" m="6656" /><DORA hai="76" /><V84/><F84/><W125/><G125/><T62/><D46/><U7/><E47/><V18/><F18/><W133/><G133/><T114/><D45/><U92/><E7/><V82/><F82/><N who="3" m="31275" /><G108/><AGARI ba="0,0" hai="85,88,92,98,99,108,109,110" m="3367,27754" machi="108" ten="30,2000,0" yaku="14,1,54,1" doraHai="58,76" who="1" fromWho="3" sc="190,0,178,20,210,0,422,-20" owari="190,-31.0,198,-20.0,210,1.0,402,50.0" /></mjloggm>