<mjloggm ver="2.3"><GO type="97" lobby="0"/><UN n0="%E3%83%99%E3%83%81%E3%83%A7%E3%83%BC%E3%83%AA%E3%83%B3" n1="%6F%2D%6A%75%6E%67%6C%65" n2="%E3%82%A6%E3%83%AB%E3%83%88%E3%83%A9%E7%AB%8B%E7%9B%B4" n3="%E5%B1%B1%E7%94%B0%E3%81%AE%E3%83%90%E3%83%8A%E3%83%8A" dan="15,13,15,15" rate="2078.88,1833.20,1976.86,1938.53" sx="M,M,M,M"/><TAIKYOKU oya="0"/><INIT seed="0,0,0,2,0,95" ten="250,250,250,250" oya="0" hai0="97,53,25,46,92,103,132,28,135,112,76,66,88" hai1="5,116,80,102,12,108,70,48,110,105,58,83,43" hai2="50,94,63,118,129,101,120,20,68,6,9,128,52" hai3="32,33,111,113,106,26,57,71,124,131,1,30,73"/><T29/><D112/><U74/><E116/><V98/><F20/><W107/><RYUUKYOKU type="yao9" ba="0,0" sc="250,0,250,0,250,0,250,0" hai3="1,26,30,32,33,57,71,73,106,107,111,113,124,131" /><INIT seed="0,1,0,2,3,45" ten="250,250,250,250" oya="0" hai0="121,36,70,18,38,11,125,21,37,132,43,13,20" hai1="131,120,59,76,9,73,30,117,126,83,69,49,130" hai2="5,94,65,82,134,81,79,102,105,54,28,72,80" hai3="26,52,53,71,41,109,91,12,47,68,55,19,115"/><T34/><D121/><U58/><E69/><V50/><F134/><W128/><G115/><T114/><D114/><U129/><E117/><V78/><F65/><W74/><G109/><T96/><D132/><U77/><E30/><V3/><F105/><W48/><G128/><T67/><D125/><U95/><E120/><V33/><F33/><W40/><G40/><T85/><D34/><U106/><E106/><V8/><F28/><W35/><G74/><T14/><D85/><U0/><E126/><V107/><F107/><W127/><G127/><T123/><D123/><U44/><E95/><V57/><REACH who="2" step="1"/><F72/><REACH who="2" ten="250,250,240,250" step="2"/><W29/><REACH who="3" step="1"/><G91/><REACH who="3" ten="250,250,240,240" step="2"/><T56/><D70/><U22/><E77/><V103/><F103/><W2/><G2/><T118/><D118/><U112/><E112/><V6/><F6/><W16/><G16/><T124/><D18/><U39/><E0/><V31/><F31/><W23/><AGARI ba="1,2" hai="12,19,23,26,29,35,41,47,48,52,53,55,68,71" machi="23" ten="30,7900,0" yaku="1,1,0,1,52,1,54,1,53,0" doraHai="45" doraHaiUra="87" who="3" fromWho="3" sc="250,-40,250,-21,240,-21,240,102" /><INIT seed="1,0,0,3,5,23" ten="210,229,219,342" oya="1" hai0="79,111,114,29,96,124,107,117,61,84,24,37,18" hai1="134,46,110,2,58,41,5,54,11,88,22,57,125" hai2="112,91,47,44,49,130,116,69,66,102,33,75,105" hai3="40,97,133,132,129,83,59,8,52,9,48,80,3"/><U25/><E134/><N who="3" m="51818" /><G129/><T100/><D117/><U10/><E125/><V103/><F49/><N who="3" m="31119" /><G97/><T1/><D124/><U115/><E115/><V90/><F75/><W6/><G9/><T89/><D114/><U72/><E72/><V98/><F66/><W43/><G48/><T119/><D111/><U27/><E10/><V70/><F98/><W135/><N who="3" m="51826" /><W32/><DORA hai="19" /><G32/><T34/><D119/><U31/><E110/><V122/><F33/><W94/><G94/><T20/><D37/><U113/><E113/><V56/><F112/><W13/><G3/><T39/><D39/><U67/><E67/><V73/><F116/><W128/><G128/><T12/><D1/><U0/><E0/><V17/><F130/><W14/><G14/><T126/><D126/><U87/><E54/><V30/><F103/><W93/><G93/><T45/><D45/><U7/><E7/><V121/><F47/><W82/><AGARI ba="0,0" hai="6,8,13,40,43,80,82,83" m="31119,51826" machi="82" ten="50,3200,0" yaku="20,1,54,1" doraHai="23,19" who="3" fromWho="3" sc="210,-8,229,-16,219,-8,342,32" /><INIT seed="2,0,0,3,0,58" ten="202,213,211,374" oya="2" hai0="31,20,32,56,23,43,38,123,11,95,25,130,110" hai1="75,45,125,26,21,33,112,117,77,7,3,89,16" hai2="48,40,84,131,121,71,67,120,55,103,82,85,109" hai3="74,96,2,62,81,47,65,124,8,115,4,59,107"/><V24/><F40/><W94/><G124/><T97/><D123/><U79/><E112/><V92/><F67/><W50/><G115/><T127/><D130/><U116/><E89/><N who="2" m="53295" /><F71/><W111/><G111/><T100/><D127/><U87/><E125/><V102/><F131/><W76/><G107/><T90/><D110/><U132/><E87/><V118/><F109/><W126/><G126/><T39/><D11/><U129/><E129/><V37/><F37/><W63/><G59/><T134/><D134/><U106/><E106/><V78/><F118/><W133/><G65/><T113/><D113/><U28/><E45/><N who="2" m="28047" /><F120/><W9/><G9/><T34/><D34/><U54/><E54/><V60/><F121/><W66/><G66/><T1/><D1/><U12/><E132/><V122/><F122/><W6/><G6/><T51/><D32/><U104/><E104/><V93/><F93/><W83/><G83/><T98/><D39/><U13/><E13/><V19/><F60/><W101/><G133/><T61/><D38/><U46/><E46/><V5/><F5/><W27/><G27/><T80/><D43/><AGARI ba="0,0" hai="2,4,8,43,47,50,62,63,74,76,81,94,96,101" machi="43" ten="30,3900,0" yaku="7,1,52,2" doraHai="58" who="3" fromWho="0" sc="202,-39,213,0,211,0,374,39" /><INIT seed="3,0,0,3,1,34" ten="163,213,211,413" oya="3" hai0="21,42,50,48,121,46,71,53,41,28,37,27,8" hai1="126,17,59,33,127,132,60,125,57,123,66,104,77" hai2="90,67,24,69,35,54,78,4,105,61,10,108,52" hai3="89,1,86,55,98,58,112,47,119,91,6,102,75"/><W87/><G75/><T95/><D121/><U83/><E123/><V120/><F120/><W82/><G119/><T5/><D71/><U14/><E104/><V49/><F108/><W94/><G112/><T74/><D74/><N who="1" m="43447" /><E33/><V130/><F130/><W131/><G131/><T81/><D81/><U36/><E36/><V32/><F78/><W111/><G111/><T31/><D31/><U9/><E132/><V73/><F73/><W134/><G134/><T116/><D116/><U115/><E115/><V92/><F105/><W99/><G47/><T56/><D95/><U63/><E63/><V70/><F70/><AGARI ba="0,0" hai="9,14,17,57,59,60,66,70,125,126,127" m="43447" machi="70" ten="30,1000,0" yaku="18,1" doraHai="34" who="1" fromWho="2" sc="163,0,213,10,211,-10,413,0" owari="163,-34.0,223,2.0,201,-20.0,413,52.0" /></mjloggm>