<mjloggm ver="2.3"><GO type="97" lobby="0"/><UN n0="%E3%82%A6%E3%83%AB%E3%83%88%E3%83%A9%E7%AB%8B%E7%9B%B4" n1="%72%61%6D%6F%6E%33%32" n2="%35%31%32%31%39%35%31%35" n3="%64%69%65%6D" dan="15,13,16,15" rate="2067.27,1897.41,2019.20,2040.16" sx="M,M,M,M"/><TAIKYOKU oya="0"/><INIT seed="0,0,0,0,1,72" ten="250,250,250,250" oya="0" hai0="26,12,95,46,37,36,135,49,112,79,33,133,1" hai1="0,123,18,130,85,99,30,61,90,64,31,81,100" hai2="116,56,120,41,17,52,105,113,122,66,83,53,76" hai3="3,65,43,39,131,67,91,8,9,73,129,109,13"/><T134/><D1/><U108/><E0/><V23/><F105/><W54/><G3/><T94/><D112/><U68/><E130/><N who="3" m="49674" /><G73/><T40/><D12/><U111/><E123/><V29/><F113/><W55/><G91/><T42/><D79/><U119/><E119/><V97/><F97/><W71/><G13/><T107/><D107/><U6/><E6/><V132/><F116/><W15/><G15/><T98/><D42/><U102/><E18/><V89/><F41/><W87/><G87/><T32/><D95/><U7/><E7/><V92/><F132/><W24/><G24/><T51/><D51/><U47/><E47/><V21/><F122/><W126/><G9/><T38/><REACH who="0" step="1"/><D26/><REACH who="0" ten="240,250,250,250" step="2"/><U110/><REACH who="1" step="1"/><E100/><AGARI ba="0,1" hai="32,33,36,37,38,40,46,49,94,98,100,133,134,135" machi="100" ten="50,9600,0" yaku="1,1,2,1,20,1,53,0" doraHai="72" doraHaiUra="14" who="0" fromWho="1" sc="240,106,250,-96,250,0,250,0" /><INIT seed="0,1,0,3,2,51" ten="346,154,250,250" oya="0" hai0="6,26,24,75,127,55,118,94,126,97,80,53,98" hai1="107,20,71,62,7,130,48,83,31,57,25,72,4" hai2="66,112,70,0,79,44,129,61,105,100,15,13,69" hai3="87,18,78,106,113,52,103,68,47,19,23,59,131"/><T3/><D3/><U2/><E130/><V63/><F79/><W133/><G131/><T134/><D6/><U76/><E71/><V10/><F129/><W41/><G68/><T37/><D37/><U29/><E107/><V119/><F112/><W22/><G113/><T89/><D118/><U42/><E29/><V114/><F114/><W9/><G133/><T115/><D115/><U49/><E2/><V116/><F44/><W50/><G103/><T91/><D134/><U14/><E42/><V74/><F74/><W124/><G106/><T92/><D80/><U32/><E32/><V17/><F0/><W117/><G124/><T81/><D81/><U46/><E49/><V8/><F100/><W21/><G9/><T85/><D85/><U96/><E14/><V111/><F105/><W1/><G1/><T90/><D91/><U60/><E96/><V11/><F111/><W28/><G28/><T40/><D40/><U35/><E62/><V43/><F43/><W122/><G122/><T123/><D75/><U99/><E99/><V33/><F33/><W102/><G102/><T30/><D30/><U27/><E48/><V88/><F88/><W125/><G125/><T45/><D45/><U110/><E46/><V84/><F84/><W36/><G117/><N who="2" m="45129" /><F17/><W86/><G78/><T65/><D65/><AGARI ba="1,0" hai="8,10,11,13,15,61,63,65,66,69,70" m="45129" machi="65" ten="30,1000,0" yaku="12,1" doraHai="51" who="2" fromWho="0" sc="346,-13,154,0,250,13,250,0" /><INIT seed="1,0,0,0,3,6" ten="333,154,263,250" oya="1" hai0="37,95,66,94,12,7,40,8,46,21,131,102,10" hai1="27,88,121,5,126,38,15,128,105,31,111,119,129" hai2="59,34,125,92,73,44,61,80,97,1,9,99,49" hai3="134,43,28,106,133,26,35,36,86,70,90,57,68"/><U11/><E105/><V117/><F34/><W17/><G106/><T33/><D33/><U104/><E104/><V113/><F113/><W69/><G17/><T100/><D66/><U107/><E38/><V132/><F125/><W81/><G43/><T122/><D122/><U84/><E107/><V52/><F132/><W42/><G42/><T23/><D131/><N who="1" m="50251" /><E121/><V51/><F117/><W87/><G36/><T3/><D100/><U30/><E119/><V77/><F51/><W72/><G72/><T25/><D102/><U16/><E126/><V45/><F92/><W85/><G57/><T32/><D32/><U76/><E76/><V110/><F44/><W0/><G0/><T116/><D116/><U67/><E67/><V50/><F50/><W22/><G35/><T54/><D54/><U56/><E56/><V82/><F82/><W63/><G63/><T135/><D135/><AGARI ba="0,0" hai="22,26,28,68,69,70,81,85,86,87,90,133,134,135" machi="135" ten="50,1600,0" yaku="20,1" doraHai="6" who="3" fromWho="0" sc="333,-16,154,0,263,0,250,16" /><INIT seed="2,0,0,2,4,84" ten="317,154,263,266" oya="2" hai0="24,124,23,3,134,65,122,44,91,35,68,62,79" hai1="94,49,87,73,11,103,119,9,64,45,5,101,114" hai2="59,116,76,66,46,13,28,133,4,106,113,126,14" hai3="81,17,7,31,36,109,77,2,120,92,70,18,135"/><V69/><F106/><W100/><G120/><T37/><D122/><U115/><E73/><V86/><F69/><W21/><G70/><T80/><D35/><U110/><E64/><V30/><F113/><W22/><G135/><T131/><D3/><U16/><E119/><V102/><F116/><W125/><G125/><T48/><D37/><U128/><E128/><V1/><F1/><W33/><G36/><T47/><D131/><U51/><E110/><V123/><F133/><W29/><G109/><T55/><D124/><U112/><E112/><V97/><F126/><W40/><G40/><T71/><D71/><U127/><E127/><V38/><F38/><W10/><G100/><T108/><D108/><U39/><E39/><V130/><F130/><W42/><G42/><T90/><D47/><U89/><E51/><V95/><F46/><W12/><G92/><T58/><D68/><U117/><E117/><V43/><F43/><W104/><G104/><T63/><D63/><U32/><E32/><V53/><F66/><W52/><G52/><T88/><D134/><U121/><E121/><V118/><F118/><W98/><G98/><T78/><D80/><U57/><E57/><V34/><F34/><W54/><G54/><T83/><D83/><U99/><E115/><V26/><F123/><W75/><G33/><T20/><D20/><U61/><E61/><N who="2" m="36079" /><F26/><AGARI ba="0,0" hai="2,7,10,12,17,18,21,22,26,29,31,75,77,81" machi="26" ten="30,1000,0" yaku="7,1" doraHai="84" who="3" fromWho="2" sc="317,0,154,0,263,-10,266,10" /><INIT seed="3,0,0,0,4,76" ten="317,154,253,276" oya="3" hai0="75,78,61,21,126,55,10,65,9,128,123,41,132" hai1="112,16,119,129,52,64,26,99,62,20,106,108,101" hai2="42,44,57,125,116,134,66,24,70,49,29,80,104" hai3="68,122,13,102,117,120,121,35,130,94,0,53,69"/><W67/><G0/><T85/><D75/><U82/><E112/><V4/><F104/><W39/><G35/><T50/><D41/><U63/><E129/><V2/><F116/><W25/><G117/><T105/><D105/><U11/><E119/><V14/><F2/><W131/><G25/><T73/><D73/><U59/><E108/><V79/><F70/><W90/><G102/><T77/><D126/><U109/><E109/><V113/><F134/><W72/><G72/><T8/><D132/><U27/><E11/><N who="2" m="4455" /><F125/><W12/><G39/><T45/><D128/><N who="3" m="49193" /><G53/><T6/><D123/><N who="3" m="31489" /><W18/><DORA hai="5" /><G67/><T37/><D37/><U22/><E82/><V40/><F113/><W7/><G7/><T33/><D33/><U103/><E103/><V98/><F42/><W58/><G58/><N who="0" m="37047" /><D6/><U114/><E114/><V3/><F3/><W127/><G127/><T84/><D21/><U81/><E81/><V28/><F57/><W135/><G135/><T23/><D23/><U88/><E88/><V51/><F66/><W71/><G18/><T115/><D115/><U92/><E92/><V46/><F24/><W91/><G94/><T118/><D118/><U31/><REACH who="1" step="1"/><E64/><REACH who="1" ten="317,144,253,276" step="2"/><V32/><F80/><W86/><G86/><AGARI ba="0,1" hai="8,9,10,45,50,55,77,78,84,85,86" m="37047" machi="86" ten="30,7700,0" yaku="8,1,52,3" doraHai="76,5" who="0" fromWho="3" sc="317,87,144,0,253,0,276,-77" owari="404,51.0,144,-36.0,253,5.0,199,-20.0" /></mjloggm>