<mjloggm ver="2.3"><GO type="97" lobby="0"/><UN n0="%E3%83%8B%E3%82%B3%E5%A4%A7%E7%8E%8B" n1="%E3%82%A6%E3%83%AB%E3%83%88%E3%83%A9%E7%AB%8B%E7%9B%B4" n2="%42%31%34%41%46%36%30%32" n3="%E3%81%93%E3%81%AD%E3%81%8F%E3%81%A8" dan="14,15,14,13" rate="1960.97,1920.80,1957.38,1858.98" sx="M,M,M,M"/><TAIKYOKU oya="0"/><INIT seed="0,0,0,4,5,3" ten="250,250,250,250" oya="0" hai0="8,133,90,38,42,98,69,48,126,72,124,71,94" hai1="73,68,107,119,57,121,56,67,30,61,65,70,0" hai2="79,11,80,131,50,32,7,46,93,111,78,23,18" hai3="120,41,21,74,45,82,106,1,132,96,77,63,26"/><T55/><D72/><U83/><E107/><V122/><F122/><W10/><G120/><T44/><D133/><U49/><E121/><V114/><F114/><W16/><G132/><T92/><D92/><U75/><E119/><V89/><F32/><W60/><G106/><T14/><D126/><U20/><E0/><V105/><F105/><W43/><G96/><T6/><REACH who="0" step="1"/><D124/><REACH who="0" ten="240,250,250,250" step="2"/><U87/><E75/><V123/><F123/><W81/><G81/><T135/><D135/><U28/><E73/><V91/><F80/><W2/><G74/><T31/><D31/><U25/><E30/><V115/><F115/><W35/><G82/><T22/><D22/><U109/><E20/><V134/><F134/><W112/><G21/><T130/><D130/><U33/><E28/><V34/><F131/><W125/><G125/><T40/><D40/><U9/><E83/><V118/><F118/><W13/><G112/><T58/><AGARI ba="0,1" hai="6,8,14,38,42,44,48,55,58,69,71,90,94,98" machi="58" ten="20,12000,1" yaku="1,1,0,1,7,1,52,1,53,1" doraHai="3" doraHaiUra="85" who="0" fromWho="0" sc="240,130,250,-40,250,-40,250,-40" /><INIT seed="0,1,0,0,3,75" ten="370,210,210,210" oya="0" hai0="129,101,83,40,24,50,107,56,61,66,134,74,122" hai1="78,135,67,99,41,125,21,54,128,91,81,36,116" hai2="43,90,86,53,4,49,37,39,82,57,16,95,96" hai3="132,79,133,120,44,88,30,63,97,69,27,34,48"/><T119/><D119/><U19/><E116/><V80/><F43/><W55/><G120/><T68/><D122/><U60/><E125/><V118/><F118/><W109/><G109/><T17/><D134/><N who="3" m="51817" /><G69/><T73/><D129/><U100/><E91/><V103/><F4/><W51/><G63/><T64/><D64/><U14/><E128/><V114/><F82/><W13/><G13/><T23/><D83/><U12/><E54/><V8/><F114/><W26/><G26/><T87/><D87/><U32/><E32/><V3/><F3/><W28/><G28/><T93/><D107/><U10/><E135/><V70/><F70/><W89/><G51/><T7/><D7/><U45/><E60/><V131/><F131/><W94/><G79/><T25/><D25/><U84/><E67/><V72/><F72/><W1/><G1/><T115/><D115/><U11/><REACH who="1" step="1"/><E12/><REACH who="1" ten="370,200,210,210" step="2"/><V98/><F53/><W121/><G121/><T62/><D62/><U126/><E126/><V31/><F90/><AGARI ba="1,1" hai="27,30,34,44,48,55,88,89,90,94,97" m="51817" machi="90" ten="30,2000,0" yaku="20,1,54,1" doraHai="75" who="3" fromWho="2" sc="370,0,200,0,210,-23,210,33" /><INIT seed="1,0,0,2,5,65" ten="370,200,187,243" oya="1" hai0="102,71,48,88,84,90,11,120,129,99,112,28,56" hai1="23,44,24,66,50,59,9,76,18,33,96,110,52" hai2="130,89,132,10,8,39,67,36,26,108,93,107,25" hai3="134,37,116,104,124,19,69,87,21,86,43,79,63"/><U60/><E33/><V118/><F118/><W125/><G116/><T135/><D71/><U4/><E110/><V40/><F107/><W117/><G117/><T17/><D112/><U20/><E76/><V49/><F108/><W5/><G104/><T13/><D120/><U54/><E96/><V92/><F67/><N who="3" m="41215" /><G5/><T101/><D129/><U42/><REACH who="1" step="1"/><E23/><REACH who="1" ten="370,190,187,243" step="2"/><V3/><F130/><W64/><G134/><T32/><D135/><U109/><E109/><V68/><F132/><W22/><G22/><T74/><D32/><U30/><E30/><V77/><F77/><W38/><G21/><T127/><D28/><U103/><E103/><V1/><F89/><W126/><G126/><T55/><D90/><U114/><E114/><V82/><F82/><W128/><G125/><T27/><D127/><U7/><E7/><V98/><F98/><W81/><G128/><T97/><D97/><U113/><E113/><V57/><F8/><W115/><G115/><T2/><D102/><U91/><E91/><V94/><F10/><W51/><G124/><T45/><D99/><U41/><E41/><V123/><F40/><W14/><G79/><T105/><D101/><U62/><E62/><V6/><F6/><W15/><G81/><T95/><D105/><U72/><E72/><V75/><F75/><W53/><G87/><T78/><D74/><U73/><E73/><V100/><F100/><W119/><G43/><T0/><D78/><U85/><E85/><V35/><F35/><W47/><G86/><T83/><D83/><U80/><E80/><V16/><F94/><W46/><G119/><RYUUKYOKU ba="0,1" sc="370,-10,190,30,187,-10,243,-10" hai1="4,9,18,20,24,42,44,50,52,54,59,60,66" /><INIT seed="1,1,1,0,2,1" ten="360,220,177,233" oya="1" hai0="66,91,24,33,92,76,49,11,43,10,59,112,27" hai1="64,78,83,18,134,62,93,7,12,86,126,109,105" hai2="100,101,99,8,40,22,60,107,79,32,77,35,57" hai3="16,31,75,128,34,122,25,125,51,4,124,42,38"/><U50/><E105/><V5/><F100/><W127/><G75/><T115/><D112/><U131/><E126/><V73/><F40/><W133/><G38/><T56/><D115/><U118/><E118/><V111/><F22/><W82/><G82/><T123/><D76/><U108/><E131/><V70/><F70/><W117/><G117/><T69/><D69/><U19/><E50/><V84/><F84/><W3/><G51/><T114/><D123/><U13/><E93/><V23/><F23/><W14/><G42/><T130/><D130/><U9/><E134/><V102/><F102/><W41/><G41/><T58/><D66/><U0/><E0/><V17/><F17/><W89/><G89/><T28/><D27/><U72/><E72/><V116/><F116/><W21/><G128/><T15/><D114/><U87/><E87/><V96/><F96/><W119/><G119/><T103/><D103/><U39/><E39/><V20/><F20/><W63/><G63/><T29/><D29/><U97/><E97/><V52/><F111/><N who="1" m="42569" /><E13/><V61/><F61/><W2/><G133/><T98/><D15/><U30/><E30/><V37/><F37/><W6/><G122/><T53/><D43/><U80/><E80/><V45/><F45/><W46/><G46/><T36/><D36/><U132/><E132/><V104/><F104/><W120/><G120/><T54/><D54/><U44/><E44/><V81/><F79/><W129/><G129/><T67/><D67/><U113/><E113/><V110/><F110/><W121/><G121/><T85/><D98/><U47/><E47/><AGARI ba="1,1" hai="10,11,24,28,33,47,49,53,56,58,59,85,91,92" machi="47" ten="40,1300,0" yaku="6,1" doraHai="1" who="0" fromWho="1" sc="360,26,220,-16,177,0,233,0" /><INIT seed="2,0,0,5,5,30" ten="386,204,177,233" oya="2" hai0="20,41,127,45,119,25,116,83,132,75,64,63,113" hai1="38,88,47,112,34,17,53,66,60,99,77,35,58" hai2="4,55,8,73,21,24,78,110,13,26,22,111,121" hai3="97,61,28,115,86,40,94,95,118,133,67,124,103"/><V89/><F121/><W57/><G118/><T62/><D113/><U131/><E77/><V0/><F89/><W81/><G133/><T48/><D132/><U39/><E112/><V120/><F120/><W23/><G115/><T106/><D106/><U29/><E131/><V9/><F55/><W74/><G74/><T84/><D75/><U1/><E1/><V129/><F78/><W3/><G3/><T7/><D7/><U126/><E126/><V114/><F114/><W43/><G124/><T104/><D104/><U18/><E39/><V32/><F129/><W79/><REACH who="3" step="1"/><G94/><REACH who="3" ten="386,204,177,223" step="2"/><T98/><D127/><U101/><E101/><V59/><F73/><W82/><G82/><T33/><D119/><U31/><E38/><V65/><F65/><W76/><G76/><T14/><D116/><U134/><E134/><V100/><F100/><W128/><G128/><T108/><D108/><N who="2" m="41514" /><F59/><W125/><G125/><T11/><D64/><U10/><E66/><V37/><F37/><W19/><G19/><T117/><D117/><U51/><E17/><N who="2" m="8359" /><F24/><AGARI ba="0,1" hai="23,24,28,40,43,57,61,67,79,81,86,95,97,103" machi="24" ten="40,8000,1" yaku="1,1,25,2,8,1,53,1" doraHai="30" doraHaiUra="93" who="3" fromWho="2" sc="386,0,204,0,177,-80,223,90" /><INIT seed="3,0,0,0,4,64" ten="386,204,97,313" oya="3" hai0="47,34,15,12,6,68,11,75,42,40,49,46,97" hai1="51,52,25,20,129,33,32,117,61,50,62,119,131" hai2="19,4,115,79,98,30,126,88,43,105,60,113,36" hai3="116,56,102,28,112,38,101,109,123,78,96,9,86"/><W114/><G38/><T74/><D34/><U133/><E20/><V65/><F4/><W73/><G9/><T7/><D97/><U122/><E25/><V127/><F19/><W1/><G1/><T130/><D130/><U63/><E32/><V10/><F10/><W18/><G18/><T13/><D68/><U70/><E33/><V128/><F30/><W106/><G28/><T92/><D92/><U91/><E91/><V45/><F79/><W3/><G56/><T54/><D54/><U58/><E122/><V48/><F105/><W108/><G3/><T77/><D77/><U72/><E72/><V76/><F76/><W80/><G123/><T135/><D135/><U41/><E133/><V132/><F132/><W104/><G116/><N who="1" m="44618" /><E70/><N who="2" m="42279" /><F98/><N who="3" m="61495" /><G86/><T85/><D85/><U87/><E87/><V59/><F88/><W66/><G66/><T39/><D13/><U124/><E124/><N who="2" m="47659" /><F128/><W35/><G35/><T27/><D27/><U2/><E2/><V121/><F121/><W14/><G14/><T90/><D90/><U26/><E26/><V31/><F31/><W120/><G120/><T103/><D103/><U37/><E37/><V99/><F99/><W71/><G71/><T82/><D82/><U84/><E84/><V29/><F29/><W24/><G24/><T94/><D94/><U134/><E134/><V100/><F100/><W57/><G57/><T107/><D107/><U5/><E5/><V16/><F16/><W69/><G69/><T81/><D81/><U110/><E131/><V118/><F118/><W89/><G89/><T44/><D44/><N who="1" m="25871" /><E129/><V17/><F17/><RYUUKYOKU ba="0,0" sc="386,0,204,0,97,0,313,0" hai0="6,7,11,12,15,39,40,42,46,47,49,74,75" hai1="51,52,58,61,62,63,110" hai2="36,43,45,48,59,113,115" hai3="73,78,80,96,102,106,108,109,112,114" /><INIT seed="3,1,0,2,1,45" ten="386,204,97,313" oya="3" hai0="117,112,12,85,80,68,120,134,55,18,15,116,75" hai1="43,93,108,22,65,81,58,17,6,16,24,35,135" hai2="54,46,66,63,79,111,59,51,32,73,47,71,29" hai3="95,91,130,119,31,128,20,64,104,53,78,14,30"/><W72/><G119/><T67/><D120/><U113/><E35/><V37/><F32/><W39/><G104/><T129/><D75/><U99/><E113/><V40/><F29/><W96/><G39/><T21/><D112/><U26/><E135/><V100/><F100/><W56/><G64/><T61/><D134/><U42/><E6/><V110/><F79/><W36/><G36/><T62/><D129/><N who="3" m="49769" /><G78/><T5/><D5/><U86/><E108/><N who="2" m="41515" /><F73/><W82/><G82/><T9/><D55/><U48/><E86/><V84/><F84/><W77/><G77/><T123/><D62/><U60/><E81/><V103/><F103/><W25/><G14/><T115/><D123/><U124/><E124/><V101/><F101/><W118/><G72/><T94/><D94/><U11/><E93/><V70/><F46/><W133/><G133/><T125/><D115/><U0/><E99/><V13/><F13/><W97/><G118/><T98/><D98/><U131/><E131/><V52/><F70/><W92/><G97/><T114/><D114/><U69/><E0/><V38/><F38/><W132/><G132/><T121/><D121/><U126/><E69/><V107/><F107/><W106/><G106/><T33/><D33/><U8/><E8/><V127/><F54/><W88/><G95/><T7/><D125/><U57/><E126/><V28/><F28/><N who="3" m="17447" /><G91/><AGARI ba="1,0" hai="7,9,12,15,18,21,61,67,68,80,85,91,116,117" machi="91" ten="30,1000,0" yaku="7,1" doraHai="45" who="0" fromWho="3" sc="386,13,204,0,97,0,313,-13" owari="399,50.0,204,-20.0,97,-40.0,300,10.0" /></mjloggm>