<mjloggm ver="2.3"><GO type="97" lobby="0"/><UN n0="%E3%82%A6%E3%83%AB%E3%83%88%E3%83%A9%E7%AB%8B%E7%9B%B4" n1="%64%61%6E%70%69" n2="%E3%80%90%E3%81%A1%E3%82%85%E3%81%AE%E3%81%A0%E3%80%91" n3="%65%75%72%6F%73%74%61%72" dan="16,14,15,14" rate="1987.29,1907.74,2050.69,1905.19" sx="M,M,M,M"/><TAIKYOKU oya="0"/><INIT seed="0,0,0,4,4,74" ten="250,250,250,250" oya="0" hai0="63,124,60,131,11,57,52,31,121,25,54,53,104" hai1="103,36,123,27,38,7,120,69,51,18,48,3,97" hai2="17,46,44,33,32,81,12,8,88,35,21,132,82" hai3="24,77,42,23,19,102,100,106,128,22,61,39,78"/><T79/><D104/><U94/><E69/><V127/><F127/><W64/><G39/><T41/><D121/><U90/><E38/><V83/><F132/><W55/><G42/><T73/><D124/><U95/><E36/><V91/><REACH who="2" step="1"/><F8/><REACH who="2" ten="250,250,240,250" step="2"/><W68/><G128/><T89/><D131/><U56/><E123/><V16/><F16/><W108/><G108/><T70/><D11/><U87/><E120/><V117/><F117/><W129/><G129/><T133/><D133/><U26/><E7/><V75/><F75/><W62/><G106/><T99/><D73/><U76/><E3/><V49/><F49/><W2/><G62/><T110/><D110/><U71/><E18/><V13/><F13/><W98/><G2/><T80/><D31/><U9/><E9/><V122/><F122/><W47/><G19/><T65/><D25/><U118/><E51/><V125/><F125/><W86/><G24/><T28/><D28/><U59/><E48/><V85/><F85/><W130/><G61/><T15/><D15/><U96/><E27/><V112/><F112/><W113/><G86/><N who="0" m="48415" /><D70/><U50/><E50/><V14/><F14/><W45/><G113/><T114/><D114/><U92/><E71/><V66/><F66/><W6/><G68/><T93/><D63/><U67/><E26/><V20/><F20/><W4/><G64/><T1/><D1/><U116/><E67/><V58/><F58/><W30/><G130/><T84/><D84/><N who="1" m="52295" /><E118/><V34/><N who="2" m="8704" /><DORA hai="72" /><V105/><F105/><W5/><G30/><T10/><D10/><U115/><E116/><V107/><F107/><RYUUKYOKU ba="0,1" sc="250,15,250,-15,240,15,250,-15" hai0="41,52,53,54,57,60,65,89,93,99" hai2="12,17,21,44,46,81,82,83,88,91" /><INIT seed="0,1,1,2,3,86" ten="265,235,255,235" oya="0" hai0="73,33,95,128,101,113,2,61,82,98,24,60,10" hai1="55,120,71,56,8,34,114,100,64,126,119,58,106" hai2="107,66,80,135,59,127,38,4,22,51,50,25,97" hai3="117,5,115,134,125,39,36,79,3,37,31,12,72"/><T44/><D113/><U17/><E114/><V122/><F38/><W43/><G115/><T16/><D128/><U19/><E120/><V111/><F122/><W121/><G12/><T21/><D33/><U54/><E34/><V104/><F111/><W90/><G121/><T96/><D73/><U91/><E119/><V89/><F107/><W94/><G117/><T83/><D98/><U57/><E126/><V123/><F123/><W23/><G125/><T88/><D44/><U48/><E106/><V118/><F118/><W42/><G79/><T112/><D112/><U7/><E100/><V27/><F127/><W35/><G72/><T53/><D101/><U67/><E71/><V85/><F135/><W130/><G35/><T30/><D30/><U87/><E56/><V6/><F104/><W110/><G134/><T93/><D93/><U116/><E116/><V29/><F97/><W84/><G130/><T46/><D2/><U0/><E67/><V78/><F78/><W47/><G110/><T18/><D60/><U63/><E64/><V124/><F27/><W1/><G1/><T109/><D109/><U81/><AGARI ba="1,1" hai="0,7,8,17,19,48,54,55,57,58,63,81,87,91" machi="81" ten="20,2700,0" yaku="0,1,7,1,52,1" doraHai="86" who="1" fromWho="1" sc="265,-14,235,40,255,-8,235,-8" /><INIT seed="1,0,0,2,4,58" ten="251,275,247,227" oya="1" hai0="61,8,105,44,3,126,62,96,113,55,110,112,129" hai1="25,18,79,21,135,4,5,133,10,13,114,20,42" hai2="49,123,83,106,117,12,93,100,29,124,131,125,32" hai3="122,86,54,76,16,7,59,127,38,74,56,88,43"/><U63/><E114/><V27/><F117/><W40/><G122/><T37/><D96/><U51/><E79/><V66/><F123/><W119/><G7/><T67/><D105/><U108/><E108/><V46/><F106/><W22/><G119/><T90/><D90/><U69/><E51/><V130/><F66/><W9/><G127/><N who="2" m="48713" /><F83/><W107/><G107/><T78/><D78/><U34/><E42/><N who="2" m="24791" /><F12/><W85/><G74/><T1/><D1/><U26/><E34/><V57/><F57/><W45/><G59/><N who="0" m="35071" /><D3/><U41/><E41/><V75/><F75/><W68/><G40/><N who="0" m="22543" /><D126/><U17/><E5/><V92/><F100/><W115/><G115/><N who="0" m="44107" /><D8/><U73/><E73/><V80/><F80/><W65/><G9/><T111/><D129/><AGARI ba="0,0" hai="27,29,32,92,93,129,130,131" m="24791,48713" machi="129" ten="30,2000,0" yaku="19,1,18,1" doraHai="58" who="2" fromWho="0" sc="251,-20,275,0,247,20,227,0" /><INIT seed="2,0,0,4,2,66" ten="231,275,267,227" oya="2" hai0="27,114,105,48,111,99,84,121,39,69,8,60,23" hai1="104,127,1,89,74,93,19,134,101,135,81,56,118" hai2="46,57,73,108,117,31,51,106,129,128,12,37,28" hai3="38,133,94,24,35,63,119,103,15,92,65,90,88"/><V126/><F117/><W80/><G119/><T86/><D39/><U22/><E118/><V5/><F106/><W97/><G38/><T124/><D121/><U17/><E1/><V70/><F73/><W26/><G133/><T115/><D86/><U34/><E34/><V116/><F116/><W125/><G125/><T102/><D124/><U36/><E127/><V132/><F126/><W64/><G35/><T112/><D111/><U29/><E36/><V83/><F83/><W67/><G63/><T62/><D84/><N who="1" m="52391" /><E56/><V9/><F132/><N who="1" m="50729" /><E29/><V44/><F108/><W42/><G42/><T96/><D96/><N who="1" m="61479" /><E22/><V123/><F123/><W21/><G80/><T6/><D48/><U131/><E131/><N who="2" m="50251" /><F70/><W45/><G45/><N who="2" m="17513" /><F37/><W0/><G103/><T13/><REACH who="0" step="1"/><D69/><REACH who="0" ten="221,275,267,227" step="2"/><U120/><E120/><V18/><F51/><W113/><G113/><T32/><D32/><U11/><E11/><N who="2" m="6431" /><F57/><W49/><G49/><T75/><D75/><U7/><E7/><V85/><F85/><W30/><G97/><T110/><D110/><U78/><AGARI ba="0,1" hai="17,19,74,78,81" m="61479,50729,52391" machi="78" ten="30,2000,0" yaku="24,1,20,1" doraHai="66" who="1" fromWho="1" sc="221,-5,275,30,267,-10,227,-5" /><INIT seed="3,0,0,3,2,11" ten="216,305,257,222" oya="3" hai0="112,59,35,26,128,104,40,63,122,10,37,125,113" hai1="119,49,12,62,13,19,123,81,24,64,95,61,34" hai2="117,87,66,134,93,31,68,126,50,94,115,70,83" hai3="121,105,98,51,114,6,53,45,29,4,97,80,107"/><W41/><G114/><N who="0" m="44139" /><D104/><U67/><E123/><V78/><F115/><W27/><G121/><T92/><D122/><U17/><E119/><V16/><F117/><W20/><G105/><T52/><D125/><U89/><E81/><V79/><F31/><W86/><G107/><T132/><D128/><U42/><E42/><V90/><F126/><W135/><G135/><T72/><D72/><U110/><E49/><V55/><F134/><W76/><REACH who="3" step="1"/><G41/><REACH who="3" ten="216,305,257,212" step="2"/><T102/><D132/><U69/><E110/><V14/><F70/><W60/><G60/><T71/><D71/><U32/><E69/><V129/><F68/><W65/><G65/><T74/><D40/><U7/><E7/><AGARI ba="0,1" hai="4,6,7,20,27,29,45,51,53,76,80,86,97,98" machi="7" ten="40,3900,0" yaku="1,1,8,1,53,0" doraHai="11" doraHaiUra="88" who="3" fromWho="1" sc="216,0,305,-39,257,0,212,49" /><INIT seed="3,1,0,1,5,102" ten="216,266,257,261" oya="3" hai0="135,121,44,27,11,132,35,45,96,77,23,41,51" hai1="113,80,30,9,87,53,134,124,117,112,28,130,82" hai2="133,52,62,18,39,0,34,71,106,26,60,49,21" hai3="76,38,69,8,16,42,84,66,54,36,68,32,109"/><W125/><G32/><T114/><D35/><U5/><E117/><V25/><F39/><W97/><G42/><T31/><D121/><U89/><E134/><V105/><F0/><W40/><G40/><T56/><D114/><U57/><E130/><V1/><F1/><W103/><G54/><T73/><D77/><U78/><E124/><V90/><F133/><W17/><G66/><T86/><D73/><U7/><E7/><V119/><F119/><W91/><G76/><T67/><D86/><U2/><E113/><V43/><F43/><W83/><G125/><T111/><D111/><U14/><E112/><V92/><F34/><W4/><G109/><T72/><D72/><U94/><E2/><V13/><F71/><W123/><G4/><T115/><D45/><U10/><E10/><V64/><F64/><W6/><G6/><T126/><D126/><U81/><REACH who="1" step="1"/><E78/><REACH who="1" ten="216,256,257,261" step="2"/><V104/><F60/><AGARI ba="1,1" hai="5,9,14,28,30,53,57,60,80,81,82,87,89,94" machi="60" ten="40,5200,0" yaku="1,1,2,1,8,1,53,0" doraHai="102" doraHaiUra="118" who="1" fromWho="2" sc="216,0,256,65,257,-55,261,0" owari="216,-18.0,321,42.0,202,-30.0,261,6.0" /></mjloggm>