<mjloggm ver="2.3"><GO type="97" lobby="0"/><UN n0="%E3%82%A6%E3%83%AB%E3%83%88%E3%83%A9%E7%AB%8B%E7%9B%B4" n1="%79%6B%6B" n2="%EF%BC%97%EF%BC%94%EF%BC%92" n3="%E2%98%86%E3%82%B7%E3%83%A3%E3%83%81%E3%83%8F%E3%82%B2%E3%81%89%E2%98%86" dan="15,14,15,14" rate="2002.48,1891.11,1981.35,1963.13" sx="M,M,M,F"/><TAIKYOKU oya="0"/><INIT seed="0,0,0,5,1,32" ten="250,250,250,250" oya="0" hai0="108,21,18,13,59,76,46,86,112,43,3,81,91" hai1="129,73,128,95,38,107,93,127,109,80,90,122,79" hai2="16,28,40,92,54,89,45,15,126,135,105,26,124" hai3="102,113,27,6,44,10,114,84,131,37,42,119,34"/><T33/><D33/><U35/><E35/><V5/><F105/><W133/><G119/><T4/><D112/><U97/><E38/><V23/><F135/><W41/><G133/><T132/><D132/><U52/><E122/><V9/><F54/><W64/><G131/><N who="1" m="50250" /><E52/><V70/><F70/><W98/><G42/><T53/><D108/><U25/><E25/><V17/><F89/><W82/><G64/><T118/><D118/><U51/><E51/><N who="2" m="27047" /><F92/><W74/><G74/><T55/><D59/><U58/><E58/><V77/><F77/><W36/><G36/><T116/><D116/><U72/><E109/><V67/><F67/><W134/><G134/><T96/><D96/><N who="1" m="57399" /><E127/><AGARI ba="0,0" hai="5,9,15,16,17,23,26,28,124,126,127" m="27047" machi="127" ten="30,2000,0" yaku="18,1,54,1" doraHai="32" who="2" fromWho="1" sc="250,0,250,-20,250,20,250,0" /><INIT seed="1,0,0,3,4,70" ten="250,230,270,250" oya="1" hai0="71,113,122,11,97,135,125,59,12,117,124,87,0" hai1="2,106,126,72,74,82,105,28,61,103,7,76,8" hai2="51,115,39,14,116,118,130,24,101,48,84,119,90" hai3="30,123,111,60,18,20,83,47,128,33,5,85,46"/><U89/><E126/><V45/><F130/><W121/><G128/><T92/><D71/><U110/><E110/><V88/><F101/><W127/><G111/><T43/><D0/><U104/><E28/><V36/><F115/><W54/><G127/><T53/><D117/><U62/><E74/><V95/><F24/><W96/><G96/><T109/><D109/><U108/><E108/><V69/><F69/><W29/><G5/><T98/><D113/><U133/><E133/><V31/><F31/><W63/><G60/><T52/><D135/><U4/><E4/><V94/><F14/><W80/><G80/><T77/><D122/><U93/><REACH who="1" step="1"/><E103/><REACH who="1" ten="250,220,270,250" step="2"/><V3/><F118/><W114/><G30/><T34/><D125/><U134/><E134/><V26/><F119/><W68/><G29/><T27/><D124/><U107/><N who="1" m="27136" /><DORA hai="131" /><U79/><E79/><V6/><F116/><W35/><G123/><T132/><D77/><U129/><E129/><V120/><F120/><W13/><G121/><T91/><D132/><U38/><E38/><V81/><F6/><W49/><G33/><T99/><D34/><U75/><E75/><V41/><F36/><W64/><G35/><T56/><D91/><U100/><E100/><V15/><F90/><W9/><G114/><T21/><D98/><AGARI ba="0,1" hai="2,7,8,61,62,72,76,82,89,93,98" m="27136" machi="98" ten="70,6800,0" yaku="1,1,53,1" doraHai="70,131" doraHaiUra="17,73" who="1" fromWho="0" sc="250,-68,220,78,270,0,250,0" /><INIT seed="1,1,0,3,0,4" ten="182,298,270,250" oya="1" hai0="40,122,99,90,131,128,7,61,98,87,77,30,91" hai1="63,13,117,96,66,37,95,24,110,19,93,132,127" hai2="135,55,105,129,44,12,67,11,101,34,102,112,5" hai3="18,20,108,42,81,45,8,56,21,38,36,23,125"/><U111/><E37/><V80/><F34/><W9/><G36/><T72/><D40/><U46/><E117/><V6/><F112/><W68/><G68/><T22/><D61/><U69/><E127/><V47/><F129/><N who="0" m="49738" /><D22/><U50/><E132/><V83/><F135/><W114/><G114/><T29/><D7/><N who="2" m="2570" /><F105/><W124/><G18/><T82/><D30/><U89/><E93/><V2/><F2/><W113/><G113/><T28/><D28/><U71/><E71/><V43/><F67/><W79/><G56/><T84/><D29/><U134/><E134/><V115/><F115/><W103/><G103/><N who="2" m="39433" /><F43/><W1/><G108/><T15/><D15/><U0/><E0/><V25/><F25/><W78/><G78/><T51/><D51/><U97/><E97/><N who="0" m="36873" /><D122/><U59/><E69/><V62/><F62/><W39/><G39/><T27/><D27/><U17/><E24/><V41/><F41/><W16/><G1/><T10/><D10/><U48/><E19/><N who="2" m="8607" /><F47/><W116/><G116/><T109/><D109/><N who="1" m="41483" /><E46/><V3/><F3/><W119/><G119/><T14/><D14/><U74/><E74/><V73/><F73/><N who="3" m="43247" /><G16/><T123/><D123/><U33/><E33/><V52/><F44/><W54/><G54/><AGARI ba="1,0" hai="52,54,55,80,83" m="8607,39433,2570" machi="54" ten="30,3900,0" yaku="8,1,52,1,54,1" doraHai="4" who="2" fromWho="3" sc="182,0,298,0,270,42,250,-42" /><INIT seed="2,0,0,4,0,118" ten="182,298,312,208" oya="2" hai0="123,49,19,113,34,93,106,120,133,48,100,116,35" hai1="126,2,40,134,111,72,29,36,4,5,121,81,92" hai2="114,20,110,86,42,95,54,99,124,12,135,91,130" hai3="1,22,127,0,17,98,47,83,64,90,101,74,88"/><V21/><F114/><W125/><G64/><T53/><D113/><U103/><E40/><V27/><F130/><W14/><G47/><T3/><D3/><U43/><E29/><N who="2" m="17639" /><F124/><N who="3" m="47691" /><G74/><T62/><D106/><U57/><E126/><V97/><F135/><W15/><G15/><T32/><D133/><U131/><E43/><V79/><F110/><W13/><G13/><T78/><D78/><U28/><E28/><V9/><F42/><W24/><G24/><T50/><D19/><U80/><E57/><V66/><F66/><W117/><G117/><T56/><REACH who="0" step="1"/><D116/><REACH who="0" ten="172,298,312,208" step="2"/><U73/><E111/><V58/><F79/><W38/><G38/><T77/><D77/><U8/><E2/><N who="3" m="1130" /><G83/><T31/><D31/><U46/><E81/><V70/><F70/><W71/><G71/><T76/><D76/><U69/><E80/><V33/><F95/><AGARI ba="0,1" hai="14,17,22,88,90,95,98,101" m="1130,47691" machi="95" ten="30,2000,0" yaku="18,1,54,1" doraHai="118" who="3" fromWho="2" sc="172,0,298,0,312,-20,208,30" /><INIT seed="3,0,0,4,5,11" ten="172,298,292,238" oya="3" hai0="22,40,7,117,32,112,8,76,20,6,21,78,133" hai1="27,94,102,83,116,39,16,108,74,127,19,1,97" hai2="30,98,0,68,103,54,99,93,85,134,80,61,87" hai3="84,41,26,118,64,24,3,10,33,37,55,47,62"/><W45/><G118/><T128/><D117/><U69/><E1/><V44/><F0/><W53/><G26/><T104/><D104/><U123/><E123/><V14/><F134/><W79/><G47/><T88/><D32/><U105/><E116/><V12/><F68/><W73/><G84/><N who="2" m="32329" /><F80/><W46/><G46/><T129/><D133/><U132/><E132/><V17/><F30/><W109/><G109/><T51/><D88/><U15/><E39/><V34/><F34/><W114/><G114/><T72/><D72/><U50/><E69/><V70/><F70/><W66/><G66/><T90/><D90/><U75/><E127/><V125/><F125/><W59/><G24/><T81/><D81/><U95/><E105/><V28/><F28/><W82/><REACH who="3" step="1"/><G33/><REACH who="3" ten="172,298,292,228" step="2"/><T106/><D112/><U120/><E108/><V57/><F99/><W38/><G38/><T107/><D78/><U124/><E124/><V31/><F31/><W13/><G13/><T130/><D76/><U65/><E15/><V5/><F44/><W92/><G92/><T67/><D106/><U4/><E95/><V63/><F5/><AGARI ba="0,1" hai="3,5,10,37,41,45,53,55,59,62,64,73,79,82" machi="5" ten="40,12000,1" yaku="1,1,25,2,53,1" doraHai="11" doraHaiUra="2" who="3" fromWho="2" sc="172,0,298,0,292,-120,228,130" owari="172,-23.0,298,10.0,172,-33.0,358,46.0" /></mjloggm>