<mjloggm ver="2.3"><GO type="97" lobby="0"/><UN n0="%E3%82%8B%E3%81%84%E3%81%93%E3%81%99%E3%81%9F" n1="%E3%82%A6%E3%83%AB%E3%83%88%E3%83%A9%E7%AB%8B%E7%9B%B4" n2="%E9%89%84%E8%8A%AF" n3="%73%61%69%73%73%37%37%37" dan="13,15,14,14" rate="1846.75,1955.01,1989.14,1920.29" sx="M,M,M,M"/><TAIKYOKU oya="0"/><INIT seed="0,0,0,2,2,67" ten="250,250,250,250" oya="0" hai0="107,24,12,33,44,114,89,2,43,112,110,56,76" hai1="38,21,40,0,115,78,80,31,61,6,123,64,30" hai2="109,103,106,36,99,8,116,7,27,17,104,100,118" hai3="128,98,34,132,86,35,50,119,111,134,122,84,96"/><T37/><D107/><U11/><E115/><V91/><F109/><W59/><G119/><N who="2" m="45609" /><F36/><W71/><G111/><T124/><D110/><U63/><E123/><V18/><F91/><W53/><G71/><T83/><D124/><U73/><E21/><N who="2" m="13743" /><F18/><W41/><G128/><T55/><D89/><U74/><E74/><V28/><F28/><W113/><G41/><T133/><D133/><N who="3" m="51305" /><G113/><T45/><D45/><N who="1" m="23703" /><E63/><V120/><F120/><W14/><G14/><T95/><D2/><U131/><E131/><V46/><F46/><W16/><G16/><T82/><D112/><U105/><E105/><N who="2" m="40555" /><F99/><N who="3" m="37931" /><G122/><T42/><D114/><U94/><E94/><V85/><F85/><AGARI ba="0,0" hai="34,35,50,53,59,84,85,86" m="37931,51305" machi="85" ten="30,1000,0" yaku="20,1" doraHai="67" who="3" fromWho="2" sc="250,0,250,0,250,-10,250,10" /><INIT seed="1,0,0,2,4,54" ten="250,250,240,260" oya="1" hai0="32,51,6,86,69,19,81,45,113,96,62,10,40" hai1="83,125,31,112,119,77,12,60,50,74,47,42,88" hai2="122,34,38,95,3,109,76,17,121,18,106,55,66" hai3="33,115,110,120,61,114,90,23,105,57,28,87,132"/><U97/><E119/><V131/><F38/><W63/><G110/><T80/><D113/><U79/><E112/><V91/><F34/><W16/><G33/><T84/><D32/><U85/><E125/><V53/><F106/><W11/><G28/><T59/><D69/><U127/><E127/><V126/><F126/><W49/><G11/><T27/><D96/><U73/><E31/><V48/><F66/><W2/><G2/><T43/><D43/><U103/><E12/><V9/><F76/><W134/><G120/><T22/><D80/><U100/><E103/><V135/><F109/><W14/><G105/><T30/><D81/><U65/><E74/><V8/><F3/><W71/><G71/><T129/><D30/><U1/><E1/><V98/><F131/><W130/><G130/><T70/><D129/><U0/><E0/><V107/><F107/><W36/><G36/><T99/><D70/><U123/><E73/><V67/><F67/><N who="3" m="39343" /><G49/><T124/><D124/><U7/><E7/><V101/><F135/><N who="3" m="51755" /><G63/><T78/><D78/><U41/><E123/><V128/><F128/><W108/><G108/><T111/><D111/><U20/><E20/><V29/><F29/><W21/><G21/><T72/><D72/><U58/><E41/><V25/><F121/><W93/><AGARI ba="0,0" hai="14,16,23,87,90,93,114,115" m="51755,39343" machi="93" ten="30,4000,0" yaku="20,1,52,1,54,1" doraHai="54" who="3" fromWho="3" sc="250,-10,250,-20,240,-10,260,40" /><INIT seed="2,0,0,1,4,22" ten="240,230,230,300" oya="2" hai0="103,44,32,111,40,133,26,23,125,124,121,2,56" hai1="87,95,67,92,72,63,1,76,86,27,21,16,60" hai2="17,132,120,55,101,77,30,108,113,123,54,7,116" hai3="110,53,31,52,48,64,109,42,14,39,78,114,98"/><V115/><F101/><W118/><G118/><T6/><D121/><N who="2" m="46666" /><F77/><W3/><G3/><T65/><D103/><U57/><E1/><V93/><F93/><N who="1" m="35913" /><E72/><V37/><F116/><W81/><G64/><T49/><D32/><U0/><E0/><V96/><F96/><W89/><G39/><T84/><D84/><N who="1" m="32299" /><E63/><V43/><F7/><W35/><G14/><T51/><D6/><U106/><E106/><V11/><F30/><W91/><G31/><T10/><D2/><U38/><E38/><V119/><F17/><W82/><G35/><T25/><D10/><U58/><E58/><V90/><F11/><W28/><G28/><T73/><D73/><U19/><E19/><V100/><F90/><W112/><G98/><T68/><D23/><U12/><E76/><V122/><F100/><W134/><G78/><T117/><D117/><U70/><E70/><V4/><F4/><W9/><G9/><T105/><D68/><U131/><E131/><V33/><F33/><W29/><G29/><T34/><D105/><U74/><E74/><V130/><F119/><W128/><G128/><T69/><D69/><U94/><N who="1" m="35921" /><U129/><DORA hai="20" /><E129/><V8/><F8/><W59/><G91/><T24/><D34/><U61/><E61/><V80/><F130/><W79/><G89/><T83/><D65/><U50/><E50/><V15/><F80/><W75/><G79/><T104/><D83/><U135/><E135/><V66/><F122/><W102/><G134/><T41/><D133/><U71/><E71/><V88/><F132/><W97/><G81/><T47/><D104/><RYUUKYOKU ba="0,0" sc="240,-10,230,30,230,-10,300,-10" hai1="12,16,21,27,57,60,67" /><INIT seed="3,1,0,1,4,75" ten="230,260,220,290" oya="3" hai0="135,24,101,118,89,100,57,63,103,121,13,85,64" hai1="37,79,77,120,94,105,21,11,12,97,36,114,42" hai2="95,2,73,35,108,67,116,117,1,71,134,104,115" hai3="131,39,72,66,18,19,127,33,46,128,22,61,96"/><W81/><G127/><T38/><D121/><U107/><E120/><V87/><RYUUKYOKU type="yao9" ba="1,0" sc="230,0,260,0,220,0,290,0" hai2="1,2,35,67,71,73,87,95,104,108,115,116,117,134" /><INIT seed="3,2,0,2,2,37" ten="230,260,220,290" oya="3" hai0="3,47,50,49,68,116,110,102,44,127,33,62,94" hai1="30,13,85,114,56,97,111,51,8,45,117,2,108" hai2="87,103,133,109,83,64,57,6,24,0,16,66,58" hai3="67,63,71,59,41,89,32,29,61,118,65,96,76"/><W88/><G118/><T5/><D33/><U81/><E2/><V35/><F109/><N who="1" m="42057" /><E114/><V27/><F133/><W20/><G76/><T72/><D110/><U18/><E30/><V90/><F35/><W95/><G32/><T54/><D116/><U4/><E97/><V122/><F103/><W70/><G41/><T48/><D72/><U84/><E56/><N who="2" m="21611" /><F6/><W11/><G59/><N who="0" m="35191" /><D68/><U38/><E38/><V130/><F0/><W91/><G11/><T113/><D113/><U31/><E31/><V12/><F130/><W134/><REACH who="3" step="1"/><G134/><REACH who="3" ten="230,260,220,280" step="2"/><T119/><D119/><U82/><E117/><V124/><F122/><W40/><G40/><T34/><D34/><U129/><E129/><V77/><F77/><W123/><G123/><T28/><D5/><U106/><E4/><V60/><F124/><W14/><G14/><T7/><D127/><U121/><E121/><V43/><F43/><W128/><G128/><T92/><D7/><U55/><E106/><V105/><F105/><W135/><G135/><T107/><D3/><U10/><E10/><N who="2" m="6167" /><F60/><W125/><G125/><T126/><D126/><U23/><E8/><V112/><F112/><W80/><G80/><AGARI ba="2,1" hai="13,18,23,45,51,55,80,81,82,84,85" m="42057" machi="80" ten="30,1000,0" yaku="14,1" doraHai="37" who="1" fromWho="3" sc="230,0,260,26,220,0,280,-16" /><INIT seed="4,0,0,1,0,78" ten="230,286,220,264" oya="0" hai0="130,5,28,51,116,98,15,83,23,29,0,115,50" hai1="70,85,24,125,69,63,44,90,46,43,60,25,126" hai2="129,11,35,22,79,57,120,66,53,49,65,84,122" hai3="134,54,131,38,42,39,26,45,132,67,41,55,21"/><T73/><D116/><U30/><E69/><V6/><F129/><W110/><G110/><T64/><D130/><U96/><E96/><V94/><F35/><W16/><G131/><T111/><D111/><U106/><E106/><V74/><F74/><W113/><G113/><T4/><D115/><U19/><E19/><V27/><F122/><W81/><G81/><T99/><D0/><U75/><E75/><V32/><F32/><W1/><G1/><T119/><D119/><U14/><E14/><N who="2" m="5495" /><F120/><W2/><G2/><T12/><D83/><N who="1" m="49471" /><E70/><V9/><F9/><W104/><G67/><T80/><D80/><U10/><E10/><V95/><F79/><W102/><G102/><T82/><D82/><U87/><E87/><V93/><F84/><W123/><G104/><T88/><D73/><U103/><E103/><V8/><F8/><W47/><REACH who="3" step="1"/><G123/><REACH who="3" ten="230,286,220,254" step="2"/><T89/><D64/><U124/><E125/><V17/><AGARI ba="0,1" hai="17,22,27,49,53,57,65,66,93,94,95" m="5495" machi="17" ten="30,1100,0" yaku="8,1" doraHai="78" who="2" fromWho="2" sc="230,-5,286,-3,220,21,254,-3" /><INIT seed="5,0,0,0,4,34" ten="225,283,241,251" oya="1" hai0="83,100,66,27,126,107,14,31,91,87,71,97,36" hai1="59,41,0,20,49,89,4,85,88,26,57,40,3" hai2="133,53,17,120,113,86,61,2,73,94,63,6,78" hai3="51,37,46,95,18,5,56,82,58,16,9,112,130"/><U92/><E3/><V54/><F120/><W11/><G112/><T13/><D126/><U33/><E33/><V101/><F73/><W25/><G130/><T119/><D36/><U44/><E41/><V116/><F116/><W30/><G37/><T68/><D119/><U22/><E0/><V115/><F133/><W19/><G82/><T21/><REACH who="0" step="1"/><D66/><REACH who="0" ten="215,283,241,251" step="2"/><U122/><E122/><V32/><F115/><W8/><G95/><T28/><D28/><U110/><E110/><V98/><F113/><W123/><G123/><T35/><D35/><U80/><E4/><V131/><F32/><W108/><G108/><T81/><D81/><U105/><E105/><V52/><F131/><W93/><G93/><T67/><D67/><U62/><E92/><V39/><F39/><W129/><G129/><T134/><D134/><U117/><E117/><V74/><F74/><W65/><G65/><T111/><D111/><U103/><E80/><V50/><F78/><W132/><G132/><T125/><D125/><U43/><E89/><V76/><F76/><W118/><G5/><T10/><D10/><U121/><E88/><V114/><F114/><W69/><G118/><T90/><D90/><U84/><E121/><V23/><F86/><W64/><G64/><T7/><D7/><U104/><E84/><V45/><F6/><W24/><G30/><T127/><D127/><U12/><E85/><V124/><F124/><W15/><G8/><T29/><D29/><U77/><E104/><V109/><F109/><W72/><G9/><T1/><D1/><U48/><E77/><V38/><F2/><RYUUKYOKU ba="0,1" sc="215,30,283,-10,241,-10,251,-10" hai0="13,14,21,27,31,68,71,83,87,91,97,100,107" /><INIT seed="6,1,1,3,3,119" ten="245,273,231,241" oya="2" hai0="66,30,79,94,17,27,50,129,42,123,4,9,120" hai1="51,121,107,83,60,133,76,5,104,3,54,1,52" hai2="6,92,45,103,65,21,18,81,28,61,69,72,7" hai3="41,106,68,0,101,38,40,34,58,132,47,25,96"/><V14/><F28/><W74/><G132/><T130/><D66/><U13/><E133/><V89/><F103/><W93/><G58/><T22/><D79/><U77/><E13/><V116/><F116/><W56/><G56/><T35/><D94/><U23/><E23/><V67/><F67/><W36/><G93/><T26/><D50/><U109/><E5/><V114/><F114/><W20/><G20/><T37/><D37/><U98/><E51/><V125/><F125/><W57/><G57/><T15/><REACH who="0" step="1"/><D42/><REACH who="0" ten="235,273,231,241" step="2"/><U112/><E54/><V134/><F45/><N who="3" m="23687" /><G74/><T99/><D99/><U90/><E98/><V64/><F64/><W117/><G117/><T62/><D62/><U108/><E52/><V8/><F134/><W12/><G12/><T53/><D53/><U111/><E60/><V73/><F81/><W59/><G59/><T55/><D55/><U95/><E83/><V97/><REACH who="2" step="1"/><F7/><REACH who="2" ten="235,273,221,241" step="2"/><W131/><G131/><AGARI ba="1,3" hai="4,9,15,17,22,26,27,30,35,120,123,129,130,131" machi="131" ten="40,16000,3" yaku="1,1,19,1,34,3,52,2,53,1" doraHai="119" doraHaiUra="31" who="0" fromWho="3" sc="235,193,273,0,221,0,241,-163" owari="428,53.0,273,7.0,221,-18.0,78,-42.0" /></mjloggm>