<mjloggm ver="2.3"><GO type="97" lobby="0"/><UN n0="%E3%82%A6%E3%83%AB%E3%83%88%E3%83%A9%E7%AB%8B%E7%9B%B4" n1="%E9%80%A3%E5%8B%9D%E3%81%8A%E3%81%AA%E3%81%8B" n2="%67%61%68%61%6B%75" n3="%47%31%33%E3%83%88%E3%83%A9%E3%82%AF%E3%82%BF%E3%83%BC" dan="15,14,13,13" rate="2013.39,1987.52,1892.85,1873.66" sx="M,F,M,M"/><TAIKYOKU oya="0"/><INIT seed="0,0,0,3,4,14" ten="250,250,250,250" oya="0" hai0="96,54,100,36,86,128,38,125,85,34,92,35,113" hai1="12,75,26,29,11,129,33,109,112,28,51,57,52" hai2="127,66,111,124,30,48,122,88,101,81,80,46,13" hai3="20,22,84,93,40,24,16,64,135,126,104,17,115"/><T71/><D71/><U65/><E75/><V60/><F122/><W94/><G104/><T31/><D113/><U110/><E129/><V73/><F111/><W23/><G115/><T43/><D125/><N who="2" m="48202" /><F30/><W55/><G126/><T79/><D128/><U63/><E112/><V131/><F101/><W102/><G135/><T74/><D74/><U117/><E29/><V118/><F131/><W41/><G64/><T97/><D43/><N who="3" m="16457" /><G55/><T114/><D114/><U69/><REACH who="1" step="1"/><E117/><REACH who="1" ten="250,240,250,250" step="2"/><V53/><F118/><W4/><G4/><AGARI ba="0,1" hai="4,11,12,26,28,33,51,52,57,63,65,69,109,110" machi="4" ten="40,8000,1" yaku="1,1,2,1,54,1,53,1" doraHai="14" doraHaiUra="5" who="1" fromWho="3" sc="250,0,240,90,250,0,250,-80" /><INIT seed="1,0,0,4,4,49" ten="250,330,250,170" oya="1" hai0="0,118,54,65,37,2,53,106,102,132,130,57,24" hai1="14,135,97,61,90,17,44,121,11,3,29,60,116" hai2="73,39,110,101,63,80,64,13,83,19,134,74,119" hai3="75,82,59,131,22,48,122,109,123,79,56,69,12"/><U42/><E121/><V34/><F39/><W32/><G69/><T15/><D37/><U40/><E116/><V112/><F110/><W45/><G109/><T23/><D118/><U33/><E135/><V84/><F119/><W125/><G125/><T81/><D132/><U99/><E3/><V7/><F34/><W38/><G38/><T98/><D130/><U47/><E33/><V107/><F134/><W66/><G131/><T108/><D108/><U129/><E29/><V115/><F7/><W31/><G32/><T16/><D65/><U58/><E129/><V78/><F83/><W20/><G20/><T86/><D24/><U9/><E90/><V6/><F6/><W87/><G75/><T95/><D106/><U62/><E58/><V94/><F63/><W113/><G113/><N who="2" m="43593" /><F64/><W120/><G66/><T105/><D105/><U104/><E104/><V103/><F13/><W35/><G35/><T67/><D2/><U93/><E93/><V70/><F19/><W100/><G100/><N who="2" m="38473" /><F70/><W51/><G51/><T41/><D41/><N who="1" m="15979" /><E11/><V4/><F4/><W77/><G77/><N who="0" m="46383" /><D0/><U68/><E68/><V1/><F1/><W55/><REACH who="3" step="1"/><G12/><REACH who="3" ten="250,330,250,160" step="2"/><T127/><D127/><U91/><E91/><N who="2" m="53607" /><F107/><W25/><AGARI ba="0,1" hai="22,25,31,45,48,55,56,59,79,82,87,120,122,123" machi="25" ten="40,8000,1" yaku="1,1,0,1,52,1,53,2" doraHai="49" doraHaiUra="52" who="3" fromWho="3" sc="250,-20,330,-40,250,-20,160,90" /><INIT seed="2,0,0,2,3,74" ten="230,290,230,250" oya="2" hai0="9,15,129,29,125,3,6,66,61,126,128,98,91" hai1="80,56,4,43,37,115,36,53,113,42,105,20,97" hai2="8,94,38,25,70,86,65,114,90,1,30,132,118" hai3="63,39,73,57,131,109,100,44,99,62,75,34,32"/><V122/><F122/><W95/><G131/><N who="0" m="50251" /><D91/><U14/><E80/><V52/><F38/><W124/><G124/><N who="0" m="47723" /><D98/><U10/><E20/><V78/><F132/><W88/><G109/><T49/><D49/><U89/><E37/><V107/><F118/><W119/><G119/><T81/><D81/><U110/><E110/><V116/><F114/><W40/><G100/><T41/><D41/><U135/><E42/><V92/><F116/><W47/><G47/><T85/><D85/><U64/><E64/><V69/><F69/><W133/><G133/><T68/><D29/><U117/><E135/><V11/><F107/><W28/><G63/><T59/><D15/><U55/><E117/><V112/><F1/><W106/><G106/><T130/><N who="0" m="50259" /><T19/><DORA hai="48" /><D19/><U120/><E120/><V2/><F2/><W93/><G93/><T51/><D51/><U50/><E14/><V17/><F112/><W33/><REACH who="3" step="1"/><G28/><REACH who="3" ten="230,290,230,240" step="2"/><T102/><D102/><U71/><E115/><V54/><F94/><W60/><G60/><T45/><D45/><U83/><E113/><V123/><F123/><W12/><G12/><T134/><D134/><U0/><E105/><V18/><F70/><AGARI ba="0,1" hai="3,6,9,59,61,66,68,70" m="47723,50259" machi="70" ten="50,3200,0" yaku="19,1,18,1" doraHai="74,48" who="0" fromWho="2" sc="230,42,290,0,230,-32,240,0" /><INIT seed="3,0,0,2,4,52" ten="272,290,198,240" oya="3" hai0="46,75,61,114,102,77,28,2,39,49,38,65,27" hai1="78,21,87,60,24,113,15,100,104,90,74,80,11" hai2="56,57,23,9,116,76,45,123,121,8,111,82,101" hai3="4,20,34,10,47,81,44,126,86,83,96,50,115"/><W85/><G34/><T89/><D2/><U63/><E113/><V91/><F111/><W132/><G115/><T1/><D1/><U106/><E106/><V72/><F116/><W108/><G108/><T133/><D133/><U35/><E35/><V26/><F101/><W66/><G132/><T88/><D114/><U117/><E117/><V69/><F69/><W13/><G126/><T125/><D125/><U110/><E110/><V16/><F45/><N who="3" m="17483" /><G66/><T92/><D102/><U29/><E100/><V7/><F91/><W99/><G20/><T31/><D77/><U127/><E104/><V71/><F71/><W131/><G50/><T119/><D75/><U22/><E22/><V67/><F67/><W107/><G107/><T17/><D17/><U68/><E68/><V59/><REACH who="2" step="1"/><F7/><REACH who="2" ten="272,290,188,240" step="2"/><W48/><G131/><T30/><D119/><U129/><E127/><V6/><F6/><W42/><G42/><T58/><D89/><U130/><E130/><V3/><F3/><W19/><G4/><T73/><D39/><U32/><E129/><V128/><F128/><W79/><G48/><T40/><D38/><U37/><E37/><V43/><F43/><W12/><G12/><T53/><D40/><U118/><E118/><V93/><F93/><W55/><G55/><T62/><D88/><AGARI ba="0,1" hai="10,13,19,79,81,83,85,86,88,96,99" m="17483" machi="88" ten="30,2900,0" yaku="8,1,54,1" doraHai="52" who="3" fromWho="0" sc="272,-29,290,0,188,0,240,39" /><INIT seed="3,1,0,5,5,117" ten="243,290,188,279" oya="3" hai0="93,97,54,23,36,70,110,15,62,88,129,20,65" hai1="2,96,77,34,6,31,43,3,133,33,84,108,9" hai2="29,79,71,37,18,30,126,73,8,56,87,4,40" hai3="86,92,83,78,103,85,115,63,42,95,90,32,51"/><W98/><G32/><T120/><D36/><U81/><E108/><V14/><F126/><W48/><G115/><T127/><D127/><U135/><E43/><V68/><F87/><W124/><G124/><T13/><D110/><U107/><E3/><V49/><F71/><W60/><G48/><T99/><D129/><U114/><E114/><V82/><F68/><W112/><G112/><T80/><D120/><U72/><E84/><V21/><F56/><W76/><G76/><T50/><D80/><U91/><E91/><V122/><F49/><W52/><G42/><T64/><D64/><U17/><E17/><V38/><F38/><W111/><G111/><T16/><D97/><U94/><E31/><V69/><F122/><W134/><G134/><T39/><D39/><U109/><E109/><V35/><F35/><N who="1" m="13321" /><E94/><V102/><F102/><AGARI ba="1,0" hai="2,6,9,72,77,81,96,102,107,133,135" m="13321" machi="102" ten="30,1000,0" yaku="23,1" doraHai="117" who="1" fromWho="2" sc="243,0,290,13,188,-13,279,0" owari="243,-16.0,303,40.0,175,-32.0,279,8.0" /></mjloggm>