<mjloggm ver="2.3"><GO type="97" lobby="0"/><UN n0="%E3%83%91%E3%83%88%E3%83%AA" n1="%44%65%78%4D" n2="%E4%B8%8A%E9%87%8D%E6%BC%AB" n3="%E3%82%A6%E3%83%AB%E3%83%88%E3%83%A9%E7%AB%8B%E7%9B%B4" dan="13,14,15,15" rate="1845.77,1948.23,2007.09,1981.28" sx="M,M,F,M"/><TAIKYOKU oya="0"/><INIT seed="0,0,0,2,3,104" ten="250,250,250,250" oya="0" hai0="72,109,30,71,133,40,78,123,103,10,124,11,42" hai1="43,12,9,36,38,119,77,91,100,98,2,131,44" hai2="54,63,87,20,127,67,88,69,26,93,28,82,116" hai3="5,70,6,34,32,84,60,80,118,68,99,53,1"/><T46/><D123/><U121/><E121/><V76/><F127/><W114/><G68/><T27/><D124/><U39/><E119/><V21/><F116/><W110/><G6/><T134/><D71/><U89/><E131/><V120/><F120/><W29/><G29/><T126/><D126/><U132/><E132/><N who="0" m="50793" /><D103/><U129/><E129/><V45/><F45/><W18/><G5/><T31/><D109/><U86/><E2/><V56/><F54/><W8/><G70/><T13/><D11/><U111/><E111/><V94/><F94/><W105/><G8/><T66/><D66/><U22/><E22/><V48/><F48/><W14/><G34/><N who="0" m="20831" /><D31/><U4/><E77/><V112/><F112/><W7/><G32/><T92/><D92/><U16/><E4/><V15/><F69/><W57/><G7/><N who="0" m="3295" /><D46/><U79/><E79/><V37/><F37/><W47/><G47/><T0/><D0/><U51/><REACH who="1" step="1"/><E86/><REACH who="1" ten="250,240,250,250" step="2"/><N who="2" m="52375" /><F21/><N who="3" m="11479" /><G1/><T50/><D50/><U73/><E73/><V35/><F35/><W17/><G110/><T75/><D78/><U25/><E25/><V113/><F113/><W102/><G114/><T85/><D85/><U59/><E59/><V106/><F106/><AGARI ba="0,1" hai="9,12,16,36,38,39,43,44,51,89,91,98,100,106" machi="106" ten="40,2600,0" yaku="1,1,54,1,53,0" doraHai="104" doraHaiUra="74" who="1" fromWho="2" sc="250,0,240,36,250,-26,250,0" /><INIT seed="1,0,0,3,3,21" ten="250,276,224,250" oya="1" hai0="90,75,8,117,24,10,122,113,46,63,30,74,115" hai1="27,92,107,68,35,17,119,131,29,103,16,78,61" hai2="80,69,81,88,22,33,56,9,25,86,11,15,0" hai3="106,71,130,79,26,93,13,104,40,133,6,42,49"/><U120/><E120/><V52/><F69/><W126/><G71/><T23/><D117/><U28/><E119/><V123/><F123/><W98/><G126/><T77/><D122/><U48/><E131/><V76/><F33/><W59/><G79/><T20/><D46/><U97/><E78/><V7/><F0/><W44/><G133/><T108/><D108/><U38/><E38/><V99/><F9/><W72/><G72/><T5/><D10/><U19/><E48/><N who="2" m="30727" /><F99/><W111/><G111/><T58/><D23/><U57/><E29/><N who="2" m="17591" /><F76/><W129/><G104/><T134/><D134/><U121/><E121/><V18/><F81/><W64/><G106/><T1/><D90/><U100/><E100/><V96/><F96/><W128/><G98/><T66/><REACH who="0" step="1"/><D77/><REACH who="0" ten="240,276,224,250" step="2"/><U51/><E57/><V67/><F67/><W94/><G64/><T45/><D45/><U50/><E92/><V116/><F116/><W110/><G93/><T83/><D83/><U89/><E89/><V125/><F125/><W85/><G94/><T95/><D95/><U37/><E37/><V84/><F84/><W12/><G85/><T82/><D82/><U91/><E91/><V114/><F114/><AGARI ba="0,1" hai="1,5,8,20,24,30,58,63,66,74,75,113,114,115" machi="114" ten="40,2600,0" yaku="1,1,52,1,53,0" doraHai="21" doraHaiUra="70" who="0" fromWho="2" sc="240,36,276,0,224,-26,250,0" /><INIT seed="2,0,0,1,3,87" ten="276,276,198,250" oya="2" hai0="77,45,92,38,56,34,49,3,112,52,46,135,119" hai1="116,57,101,73,76,19,60,65,80,1,30,99,5" hai2="36,37,102,20,105,106,16,126,97,0,132,25,93" hai3="64,39,71,124,86,108,61,42,40,7,84,90,104"/><V118/><F0/><W2/><G104/><T9/><D112/><U4/><E116/><V88/><F118/><W47/><G124/><T109/><D119/><U26/><E19/><V29/><F126/><W31/><G108/><T59/><D109/><U91/><E1/><V67/><F132/><W51/><G7/><T10/><D135/><U133/><E133/><V55/><F67/><W110/><G2/><T35/><D38/><U96/><E96/><V95/><F55/><W66/><G110/><T23/><D77/><U48/><E48/><V131/><F131/><W114/><G114/><T94/><D3/><U21/><REACH who="1" step="1"/><E91/><REACH who="1" ten="276,266,198,250" step="2"/><V27/><F37/><W54/><G90/><T123/><D49/><U82/><E82/><V103/><F36/><W83/><G83/><T113/><D113/><U13/><E13/><V100/><REACH who="2" step="1"/><F95/><AGARI ba="0,1" hai="4,5,21,26,30,57,60,65,73,76,80,95,99,101" machi="95" ten="30,7700,0" yaku="1,1,7,1,25,2,53,0" doraHai="87" doraHaiUra="68" who="1" fromWho="2" sc="276,0,266,87,198,-77,250,0" /><INIT seed="3,0,0,2,2,38" ten="276,353,121,250" oya="3" hai0="129,113,43,35,60,18,21,89,6,55,52,3,74" hai1="80,82,85,23,40,31,134,95,96,130,119,49,91" hai2="37,126,125,123,103,17,114,106,100,107,50,4,124" hai3="104,56,83,133,77,24,70,2,79,32,71,8,72"/><W51/><G104/><T135/><D74/><U128/><E134/><V118/><F37/><W39/><G79/><T111/><D111/><U102/><E119/><V66/><F4/><W46/><G51/><T97/><D35/><U20/><E40/><V48/><F66/><W87/><G56/><T105/><D135/><U7/><E7/><V10/><F10/><W63/><G87/><T13/><D129/><N who="1" m="49771" /><E49/><V84/><F17/><W22/><G22/><N who="1" m="8234" /><E31/><V99/><F118/><W116/><G116/><T73/><D73/><U9/><E9/><V81/><F50/><W64/><G133/><T28/><D28/><U131/><E131/><V5/><F48/><W68/><G24/><T120/><D120/><U29/><E29/><V93/><F5/><N who="3" m="1079" /><G32/><T15/><D3/><U122/><E122/><V110/><F123/><W75/><G75/><T30/><D30/><U101/><E101/><V45/><F45/><W117/><G117/><T36/><D36/><U112/><E112/><V44/><F114/><W26/><G26/><T94/><D113/><U41/><E41/><AGARI ba="0,0" hai="39,41,46,63,64,68,70,71,72,77,83" m="1079" machi="41" ten="30,11600,0" yaku="25,1,33,2,52,1" doraHai="38" who="3" fromWho="1" sc="276,0,353,-116,121,0,250,116" owari="276,8.0,237,-16.0,121,-38.0,366,46.0" /></mjloggm>