<mjloggm ver="2.3"><GO type="97" lobby="0"/><UN n0="%79%61%73%61%62%75%72%6F" n1="%E3%82%A6%E3%83%AB%E3%83%88%E3%83%A9%E7%AB%8B%E7%9B%B4" n2="%E5%A4%A7%E7%8E%84%E7%A5%9E" n3="%E5%81%BD%E3%82%B9%E3%82%BA%E3%82%B1%E3%83%B3" dan="13,15,13,13" rate="1875.76,1971.91,1859.70,1924.47" sx="M,M,M,M"/><TAIKYOKU oya="0"/><INIT seed="0,0,0,2,2,29" ten="250,250,250,250" oya="0" hai0="76,50,4,99,57,12,43,104,40,49,10,34,38" hai1="117,73,35,30,69,53,85,51,128,59,37,122,127" hai2="107,77,101,80,106,112,8,94,33,25,86,88,64" hai3="98,71,72,89,78,70,24,15,135,44,6,67,74"/><T123/><D34/><U79/><E73/><V28/><F112/><W95/><G135/><T21/><D123/><U121/><E117/><V83/><F64/><W113/><G113/><T62/><D76/><U108/><E69/><V18/><F101/><W31/><G78/><T23/><D38/><U22/><E37/><V132/><F132/><W45/><G74/><T110/><D110/><U47/><E108/><V130/><F130/><W7/><G72/><T129/><D129/><U19/><E128/><V81/><REACH who="2" step="1"/><F77/><REACH who="2" ten="250,250,240,250" step="2"/><W84/><G67/><N who="0" m="39375" /><D104/><U91/><E79/><V55/><F55/><W5/><G70/><T42/><D99/><U16/><E121/><V52/><F52/><W111/><G71/><T133/><D133/><U54/><E122/><V97/><F97/><W58/><G111/><T32/><D32/><U116/><E35/><V100/><F100/><W0/><G98/><T17/><D23/><U9/><E54/><V75/><F75/><W96/><G96/><T87/><D87/><U102/><E53/><V90/><F90/><W27/><G84/><T26/><AGARI ba="0,1" hai="4,10,12,17,21,26,40,42,43,49,50" m="39375" machi="26" ten="30,1500,0" yaku="8,1" doraHai="29" who="0" fromWho="0" sc="250,25,250,-5,240,-5,250,-5" /><INIT seed="0,1,0,1,3,0" ten="275,245,235,245" oya="0" hai0="52,32,38,36,115,2,68,125,72,35,3,30,112" hai1="39,9,73,33,29,34,31,62,100,37,50,11,109" hai2="113,48,126,110,14,42,76,59,99,27,49,44,69" hai3="28,70,91,87,8,98,54,79,80,128,51,7,82"/><T46/><D68/><U103/><E50/><V120/><F113/><N who="0" m="43594" /><D30/><U106/><E73/><V97/><F120/><W53/><G70/><T89/><D89/><U43/><E106/><V56/><F69/><W71/><G71/><T26/><D125/><U92/><E92/><V133/><F126/><W135/><G128/><T57/><D26/><U47/><E47/><V16/><F110/><W122/><G135/><T4/><D4/><U131/><E109/><V121/><F121/><W86/><G122/><T17/><D46/><U41/><REACH who="1" step="1"/><E131/><REACH who="1" ten="275,235,235,245" step="2"/><V23/><F133/><W127/><G127/><T10/><D72/><U129/><E129/><V83/><F49/><W78/><G51/><T130/><D38/><U104/><E104/><V118/><F118/><W94/><REACH who="3" step="1"/><G28/><REACH who="3" ten="275,235,235,235" step="2"/><T67/><D130/><U132/><E132/><V55/><F27/><W101/><G101/><T20/><D36/><U63/><AGARI ba="1,2" hai="9,11,29,31,33,34,37,39,41,43,62,63,100,103" machi="63" ten="25,6400,0" yaku="1,1,0,1,22,2,53,0" doraHai="0" doraHaiUra="13" who="1" fromWho="1" sc="275,-33,235,87,235,-17,235,-17" /><INIT seed="1,0,0,5,4,73" ten="242,322,218,218" oya="1" hai0="1,108,63,45,43,120,9,95,128,13,115,79,27" hai1="86,72,40,80,67,23,74,24,102,55,112,19,56" hai2="119,14,66,57,22,110,76,111,51,17,130,39,106" hai3="26,91,101,75,47,35,41,105,65,132,25,62,28"/><U8/><E112/><V123/><F106/><W50/><G132/><T49/><D108/><N who="2" m="41514" /><F123/><W54/><G75/><T0/><D115/><U98/><E40/><V30/><F119/><W87/><G26/><T89/><D128/><U21/><E67/><V29/><F39/><W92/><G101/><T6/><D79/><U82/><E23/><V61/><F130/><W31/><G31/><N who="2" m="11785" /><F51/><W122/><G105/><T38/><D27/><U113/><E113/><V121/><F121/><W97/><G122/><T33/><D33/><U109/><E109/><V68/><F76/><W42/><REACH who="3" step="1"/><G97/><REACH who="3" ten="242,322,218,208" step="2"/><T135/><D120/><U70/><E74/><V104/><F104/><W59/><AGARI ba="0,1" hai="25,28,35,41,42,47,50,54,59,62,65,87,91,92" machi="59" ten="20,5200,0" yaku="1,1,2,1,0,1,7,1,53,0" doraHai="73" doraHaiUra="78" who="3" fromWho="3" sc="242,-13,322,-26,218,-13,208,62" /><INIT seed="2,0,0,1,1,111" ten="229,296,205,270" oya="2" hai0="42,43,9,67,50,80,117,90,25,74,4,16,39" hai1="103,40,57,17,116,92,27,69,20,121,112,113,97" hai2="108,55,134,81,18,58,46,72,83,63,62,91,128" hai3="21,127,124,119,0,115,59,26,7,102,106,44,38"/><V94/><F134/><W37/><G119/><T48/><D39/><U1/><E69/><V47/><F128/><W99/><G44/><T45/><D117/><U135/><E116/><V82/><F108/><W89/><G89/><T52/><D67/><U36/><E1/><V88/><F72/><W84/><G84/><T49/><D74/><U11/><E135/><V77/><F77/><W126/><G59/><T13/><D80/><U70/><E70/><V132/><F132/><W73/><G73/><T98/><D98/><U12/><E121/><V51/><F18/><N who="3" m="12599" /><G115/><T8/><D90/><N who="2" m="34346" /><F94/><W33/><G33/><T54/><D25/><U32/><E32/><V71/><F71/><W61/><G61/><AGARI ba="0,0" hai="46,47,51,55,58,61,62,63,81,82,83" m="34346" machi="61" ten="30,2900,0" yaku="8,1,54,1" doraHai="111" who="2" fromWho="3" sc="229,0,296,0,205,29,270,-29" /><INIT seed="2,1,0,1,0,49" ten="229,296,234,241" oya="2" hai0="0,64,43,119,27,103,84,56,33,96,31,74,111" hai1="18,61,127,124,63,13,38,121,14,24,52,39,2" hai2="60,113,29,120,69,37,117,45,88,20,133,86,41" hai3="130,83,9,4,71,35,28,21,54,57,6,106,112"/><V58/><F117/><W128/><G71/><T99/><D119/><U30/><E2/><V75/><F75/><W34/><G106/><T107/><D111/><U93/><E93/><V3/><F3/><N who="3" m="159" /><G6/><T12/><D0/><U5/><E5/><V82/><F113/><W25/><G112/><T81/><D74/><U36/><E121/><V79/><F120/><W126/><G83/><T132/><D132/><U40/><E40/><V48/><F133/><W97/><G97/><T26/><D43/><U108/><E108/><V110/><F110/><W89/><G89/><T134/><D134/><U66/><E18/><V98/><F69/><W73/><G126/><N who="1" m="48170" /><E66/><N who="2" m="39191" /><F37/><W47/><G47/><T76/><D99/><U109/><E109/><V65/><F65/><W46/><G46/><T85/><D85/><U19/><E63/><V10/><F10/><W91/><G91/><T94/><D107/><U104/><E104/><V1/><F1/><W125/><G125/><T92/><D92/><U68/><E68/><V42/><F29/><W55/><G73/><T115/><D115/><U116/><E116/><V118/><F118/><W17/><G57/><T80/><D80/><U122/><E122/><V78/><F20/><W129/><G35/><T32/><D32/><N who="1" m="20551" /><E19/><V100/><F41/><W102/><G102/><T23/><D33/><U15/><E61/><V16/><F16/><W114/><G114/><T50/><D31/><U105/><E105/><V53/><F42/><W62/><G62/><N who="0" m="37959" /><D50/><U123/><E123/><V70/><F70/><W72/><G72/><T11/><D11/><U44/><E38/><RYUUKYOKU ba="1,0" sc="229,0,296,0,234,0,241,0" hai0="12,23,26,27,76,81,84,94,96,103" hai1="13,14,15,36,39,44,52" hai2="45,48,53,78,79,82,86,88,98,100" hai3="17,21,25,28,34,54,55,128,129,130" /><INIT seed="2,2,0,5,1,63" ten="229,296,234,241" oya="2" hai0="93,38,12,73,105,35,96,125,124,69,20,66,112" hai1="100,117,74,118,94,121,98,43,55,7,115,131,91" hai2="4,53,8,134,50,47,109,27,107,85,127,78,21" hai3="67,72,80,104,101,13,40,59,24,87,64,95,22"/><V110/><F107/><W62/><G40/><T129/><D35/><U46/><E115/><V48/><F134/><W34/><G34/><T41/><D73/><U84/><E131/><V79/><F127/><N who="0" m="48714" /><D112/><U90/><E74/><V135/><F135/><W132/><G132/><T113/><D113/><U120/><E55/><V81/><F50/><W37/><G37/><T57/><D57/><U30/><E30/><V6/><F79/><N who="3" m="46495" /><G104/><T17/><D129/><U11/><E117/><V71/><F71/><W103/><G72/><T9/><D105/><U83/><E118/><V75/><F75/><W52/><G13/><T114/><D114/><U10/><E100/><N who="3" m="38474" /><G95/><T65/><D69/><U111/><E111/><N who="2" m="42507" /><F8/><W14/><G14/><T54/><D9/><U92/><E83/><V68/><F68/><W33/><G33/><T126/><N who="0" m="48722" /><T99/><DORA hai="18" /><D38/><U23/><E11/><V16/><AGARI ba="2,0" hai="4,6,16,21,27,47,48,53,78,81,85" m="42507" machi="16" ten="30,11700,0" yaku="14,1,10,1,52,1,54,1" doraHai="63,18" who="2" fromWho="2" sc="229,-41,296,-41,234,123,241,-41" /><INIT seed="2,3,0,4,1,111" ten="188,255,357,200" oya="2" hai0="50,44,45,46,62,114,78,99,71,39,91,23,33" hai1="29,125,38,43,74,116,119,109,30,0,53,134,48" hai2="90,9,67,1,57,81,60,118,83,13,130,120,8" hai3="24,49,89,103,32,6,135,124,112,5,58,63,86"/><V102/><F118/><W10/><G135/><T128/><D33/><U113/><E74/><V11/><F120/><W51/><G124/><T54/><D78/><U47/><E0/><V22/><F130/><W21/><G32/><T19/><D99/><U61/><E125/><V52/><F102/><W31/><G103/><T72/><D72/><U75/><E75/><V68/><F1/><W79/><G79/><T17/><D17/><U77/><E77/><V34/><F34/><W122/><G122/><T95/><D128/><U129/><E129/><V123/><F123/><W108/><G108/><T35/><D35/><U36/><E109/><V15/><F90/><W94/><G112/><T110/><D110/><U133/><E30/><V56/><F68/><W25/><G25/><T117/><D117/><N who="1" m="45131" /><E29/><V70/><F70/><W132/><G132/><N who="1" m="50794" /><E113/><V97/><F97/><W59/><G59/><AGARI ba="3,0" hai="36,38,43,47,48,53,59,61" m="50794,45131" machi="59" ten="30,3900,0" yaku="20,1,34,2" doraHai="111" who="1" fromWho="3" sc="188,0,255,48,357,0,200,-48" /><INIT seed="3,0,0,2,3,2" ten="188,303,357,152" oya="3" hai0="83,33,51,117,56,50,134,44,12,11,91,104,66" hai1="60,40,76,92,115,30,128,106,37,36,131,63,78" hai2="58,110,65,47,10,32,29,18,112,102,85,111,94" hai3="86,22,0,81,1,75,52,119,87,127,49,133,125"/><W80/><G119/><T71/><D33/><U73/><E30/><V107/><F112/><W9/><G133/><T39/><D134/><U97/><E106/><V77/><F107/><W121/><G121/><T98/><D117/><U90/><E115/><V96/><F47/><N who="3" m="27711" /><G22/><T103/><D39/><N who="1" m="14923" /><E40/><V130/><F130/><N who="1" m="49705" /><E73/><V135/><F135/><W34/><G34/><T57/><D71/><U124/><E124/><N who="3" m="47690" /><G75/><T54/><D83/><N who="3" m="31817" /><G9/><T61/><D91/><U82/><E82/><V48/><F32/><W55/><G55/><T79/><D79/><AGARI ba="0,0" hai="60,63,76,78,79,90,92,97" m="49705,14923" machi="79" ten="30,1000,0" yaku="19,1" doraHai="2" who="1" fromWho="0" sc="188,-10,303,10,357,0,152,0" owari="178,-22.0,313,11.0,357,46.0,152,-35.0" /></mjloggm>