<mjloggm ver="2.3"><GO type="41" lobby="0"/><UN n0="%6B%6D%74%35%33%39" n1="%E7%8C%AB%E7%94%BA" n2="%E3%83%9A%E3%83%86%E3%83%B3%E5%B8%AB" n3="%E3%82%A6%E3%83%AB%E3%83%88%E3%83%A9%E7%AB%8B%E7%9B%B4" dan="15,13,13,15" rate="2023.99,1867.89,1872.65,1996.33" sx="M,M,M,M"/><TAIKYOKU oya="0"/><INIT seed="0,0,0,2,3,99" ten="250,250,250,250" oya="0" hai0="40,16,5,73,115,39,51,4,26,48,13,23,89" hai1="64,88,46,97,53,20,28,130,2,31,98,94,78" hai2="42,52,100,44,15,114,75,76,24,7,63,50,0" hai3="109,129,95,72,132,65,33,14,35,120,8,86,38"/><T18/><D39/><U107/><E130/><V47/><F114/><W25/><G72/><T29/><D115/><U10/><E78/><V111/><F111/><W112/><G38/><T21/><D73/><U6/><E64/><V19/><F24/><W92/><G92/><T60/><D60/><U135/><BYE who="0" /><E135/><V22/><F63/><W96/><G65/><T32/><D32/><U121/><E121/><V71/><F71/><W1/><G1/><T90/><D90/><U104/><E104/><V41/><F0/><W62/><G62/><T102/><D102/><U128/><E128/><V80/><F7/><W93/><G25/><T77/><D77/><U126/><E126/><UN n0="%6B%6D%74%35%33%39" /><V81/><F81/><W134/><G109/><T103/><D103/><U55/><E46/><V37/><F37/><W119/><G129/><T85/><D18/><U123/><E123/><V30/><F30/><W131/><G131/><T122/><D122/><U110/><E110/><V66/><F66/><W116/><G120/><T106/><D106/><U34/><E34/><V11/><F11/><W127/><G127/><T27/><D27/><U87/><E31/><V59/><F100/><N who="3" m="60431" /><G112/><T124/><D124/><U58/><E107/><V45/><AGARI ba="0,0" hai="15,19,22,41,42,44,45,47,50,52,59,75,76,80" machi="45" ten="30,2000,0" yaku="0,1,54,1" doraHai="99" who="2" fromWho="2" sc="250,-10,250,-5,250,20,250,-5" /><INIT seed="1,0,0,2,1,20" ten="240,245,270,245" oya="1" hai0="120,66,109,6,98,67,80,45,97,31,33,42,107" hai1="94,73,71,30,83,10,126,63,95,44,79,88,57" hai2="26,62,101,105,7,22,104,23,103,24,121,53,118" hai3="68,13,3,132,49,112,29,8,72,39,60,14,131"/><U89/><E71/><V86/><F121/><W125/><G39/><T82/><D120/><U122/><E44/><V9/><F118/><W56/><G3/><T78/><D109/><U84/><E122/><V12/><F86/><W34/><G14/><T48/><D6/><U36/><E36/><V85/><F85/><W0/><G0/><T81/><D78/><U64/><E10/><V113/><F113/><W50/><G72/><T110/><D110/><U106/><E106/><V129/><F129/><W91/><G68/><T16/><D33/><U100/><E100/><N who="2" m="38475" /><F105/><W108/><G108/><T38/><D38/><U1/><E1/><V134/><F104/><W116/><G116/><T27/><D107/><U114/><E114/><V111/><F134/><W41/><G132/><T40/><D40/><U75/><E126/><V32/><F32/><W96/><G41/><T87/><D87/><U21/><E75/><V92/><F92/><N who="1" m="35369" /><E73/><V117/><F117/><W102/><G91/><T128/><D128/><U51/><E51/><V127/><F127/><W19/><G131/><T52/><D42/><U77/><E77/><V11/><F11/><W18/><G125/><T90/><D31/><U124/><E124/><V76/><F76/><W2/><G2/><T17/><D90/><U133/><E133/><V35/><F35/><W135/><G29/><T4/><D4/><U58/><E58/><N who="2" m="35151" /><F111/><W47/><G34/><T54/><D54/><U74/><E74/><V119/><F119/><W28/><G135/><T61/><D61/><U93/><N who="1" m="35377" /><U43/><DORA hai="15" /><E43/><V59/><F59/><RYUUKYOKU ba="0,0" sc="240,-15,245,15,270,15,245,-15" hai1="21,30,57,63,64,79,83,84,88,89" hai2="7,9,12,22,23,24,26" /><INIT seed="1,1,0,4,4,132" ten="225,260,285,230" oya="1" hai0="21,26,1,64,131,14,49,105,82,22,10,25,71" hai1="124,20,107,44,87,48,125,122,120,32,106,73,98" hai2="8,43,35,55,0,74,78,109,30,5,133,24,113" hai3="60,23,62,58,27,94,117,36,16,102,81,15,37"/><U110/><E32/><V121/><F121/><W69/><G117/><T70/><D105/><U119/><E73/><V46/><F55/><W6/><G69/><T34/><D131/><U85/><E119/><V4/><F4/><W95/><G60/><T56/><D1/><U51/><E20/><V11/><F11/><W128/><G128/><T97/><D34/><U45/><E98/><V112/><F133/><W90/><G81/><T108/><D108/><AGARI ba="1,0" hai="44,45,48,51,85,87,106,107,108,110,120,122,124,125" machi="108" ten="25,9600,0" yaku="22,2,52,2" doraHai="132" who="1" fromWho="0" sc="225,-99,260,99,285,0,230,0" /><INIT seed="1,2,0,4,1,128" ten="126,359,285,230" oya="1" hai0="10,107,117,115,2,70,29,41,34,67,74,104,26" hai1="56,102,66,15,30,129,11,38,108,100,60,94,55" hai2="125,99,96,111,90,36,133,8,72,103,32,0,113" hai3="46,20,134,45,135,12,124,25,97,121,16,76,132"/><U92/><E38/><V106/><RYUUKYOKU type="yao9" ba="2,0" sc="126,0,359,0,285,0,230,0" hai2="0,8,32,36,72,90,96,99,103,106,111,113,125,133" /><INIT seed="1,3,0,4,2,28" ten="126,359,285,230" oya="1" hai0="105,111,69,6,34,38,71,85,70,115,39,88,11" hai1="16,35,63,134,44,128,81,127,103,47,122,108,53" hai2="98,131,118,89,54,45,114,106,3,32,126,2,52" hai3="5,133,14,132,100,97,48,79,24,37,80,109,119"/><U20/><E127/><V104/><F118/><W107/><G37/><T129/><D115/><U86/><E122/><V123/><F123/><W29/><G48/><T68/><D105/><U43/><E128/><V82/><F114/><W99/><G14/><T67/><D129/><U21/><E134/><N who="3" m="51818" /><G5/><T112/><D112/><U51/><E103/><V65/><F131/><W49/><G49/><T57/><D111/><U117/><E117/><V18/><F126/><W25/><G109/><T83/><D57/><U84/><E108/><V95/><F65/><W55/><G55/><T4/><D4/><U0/><E0/><V15/><F32/><W23/><G99/><T96/><D96/><U91/><E63/><V73/><F3/><W90/><G25/><T135/><D135/><U75/><E75/><V9/><F2/><W26/><G26/><T30/><N who="0" m="17920" /><DORA hai="124" /><T60/><D60/><U10/><E35/><V19/><F45/><W22/><G90/><T121/><D67/><U125/><E125/><V58/><F19/><W102/><G102/><T78/><D78/><U72/><E72/><V76/><REACH who="2" step="1"/><F54/><REACH who="2" ten="126,359,275,230" step="2"/><W93/><G119/><T77/><D121/><U40/><E47/><V64/><F64/><W33/><G107/><T74/><D34/><U7/><E7/><V116/><F116/><W130/><G130/><T46/><D46/><U1/><E1/><V62/><AGARI ba="3,1" hai="9,15,18,52,58,62,73,76,82,89,95,98,104,106" machi="62" ten="20,12000,2" yaku="1,1,0,1,7,1,54,1,53,2" doraHai="28,124" doraHaiUra="59,50" who="2" fromWho="2" sc="126,-33,359,-63,275,139,230,-33" /><INIT seed="2,0,0,2,3,39" ten="93,296,414,197" oya="2" hai0="35,61,34,13,47,57,20,97,55,49,86,79,115" hai1="38,89,45,18,30,126,19,9,1,44,8,111,125" hai2="68,7,10,83,104,73,80,71,0,70,51,130,92" hai3="48,32,119,133,109,60,93,82,14,120,40,107,100"/><V24/><F104/><W76/><G119/><T108/><D115/><U102/><E38/><V106/><F106/><W94/><G120/><T110/><D97/><U118/><E102/><V65/><F130/><W23/><G32/><T62/><D79/><U37/><E37/><V105/><F105/><W132/><G107/><T66/><D86/><U131/><E30/><V122/><F122/><W33/><G33/><T11/><D34/><U4/><E118/><V129/><F129/><W22/><G60/><T69/><D35/><U26/><E131/><V81/><F73/><W134/><G109/><N who="0" m="42091" /><D20/><N who="3" m="7721" /><G14/><T64/><D13/><U6/><E111/><V78/><F78/><W95/><G100/><T42/><D11/><U36/><E36/><V116/><F116/><W128/><G128/><T90/><D90/><U77/><E89/><V87/><F65/><AGARI ba="0,0" hai="42,47,49,55,57,61,62,64,65,66,69" m="42091" machi="65" ten="30,7700,0" yaku="14,1,34,2,52,1" doraHai="39" who="0" fromWho="2" sc="93,77,296,0,414,-77,197,0" /><INIT seed="3,0,0,2,5,21" ten="170,296,337,197" oya="3" hai0="130,27,20,30,50,113,92,59,109,100,57,51,34" hai1="43,95,106,1,16,6,93,36,13,79,74,17,70" hai2="29,54,40,23,7,90,84,2,107,120,44,12,91" hai3="8,126,64,15,26,48,4,99,45,105,85,0,75"/><W18/><G75/><T56/><D109/><U32/><E106/><V108/><F107/><W81/><G64/><T28/><D113/><U124/><E70/><V128/><F108/><W53/><G126/><T121/><D121/><U134/><E124/><V73/><F73/><W97/><G105/><T61/><D130/><U80/><E32/><V77/><F128/><W63/><G63/><T24/><REACH who="0" step="1"/><D61/><REACH who="0" ten="160,296,337,197" step="2"/><U125/><E125/><V46/><F120/><W94/><G94/><T83/><D83/><U55/><E134/><V67/><F2/><W37/><G0/><T78/><D78/><U86/><E95/><V14/><F77/><W116/><G116/><T22/><D22/><U132/><E132/><V41/><F23/><N who="3" m="13687" /><G37/><T82/><D82/><U123/><E93/><V104/><F104/><W76/><AGARI ba="0,1" hai="4,8,15,45,48,53,76,81,85,97,99" m="13687" machi="76" ten="30,3000,0" yaku="8,1,52,1" doraHai="21" who="3" fromWho="3" sc="160,-10,296,-10,337,-10,197,40" /><INIT seed="3,1,0,5,2,92" ten="150,286,327,237" oya="3" hai0="82,81,105,78,127,109,118,102,125,22,112,67,32" hai1="19,133,14,7,23,43,110,50,120,129,59,5,108" hai2="34,36,11,39,4,30,132,88,6,100,104,91,33" hai3="57,0,94,26,29,130,24,113,42,90,35,17,73"/><W56/><G73/><T93/><D32/><U131/><E43/><V101/><F132/><W40/><G0/><T97/><D67/><U70/><E50/><V116/><F11/><W52/><G113/><T76/><D22/><U20/><E70/><V106/><REACH who="2" step="1"/><F30/><REACH who="2" ten="150,286,317,237" step="2"/><W79/><G29/><T65/><D112/><U84/><E133/><V115/><F115/><W45/><G130/><T1/><D1/><U77/><E131/><V60/><F60/><W69/><G17/><T128/><D128/><U61/><E129/><V117/><AGARI ba="1,1" hai="4,6,33,34,36,39,88,91,100,101,104,106,116,117" machi="117" ten="25,8000,1" yaku="1,1,0,1,22,2,54,1,53,0" doraHai="92" doraHaiUra="55" who="2" fromWho="2" sc="150,-21,286,-21,317,93,237,-41" /><INIT seed="4,0,0,1,0,120" ten="129,265,410,196" oya="0" hai0="69,60,8,34,66,76,64,110,121,10,81,26,83" hai1="9,6,33,19,108,80,92,132,39,51,105,93,94" hai2="113,125,89,123,62,45,40,100,111,38,88,59,133" hai3="23,35,11,61,77,4,106,27,2,112,87,102,99"/><T17/><D121/><U15/><E39/><V134/><F123/><W74/><G112/><T107/><D107/><U58/><E33/><V16/><F113/><W44/><G87/><T28/><D66/><U101/><E105/><V7/><F7/><W55/><G35/><T122/><D122/><U127/><E101/><V24/><F125/><W124/><G124/><T95/><D95/><U86/><E127/><V116/><F116/><W49/><G77/><T25/><D10/><U68/><E68/><V21/><F100/><W129/><G74/><T12/><D25/><U131/><E131/><V75/><F75/><W85/><G85/><T98/><D98/><U5/><E132/><N who="2" m="50795" /><F111/><W73/><G73/><T30/><D30/><U79/><E108/><V72/><F72/><W119/><G119/><T117/><D117/><U54/><AGARI ba="0,0" hai="5,6,9,15,19,51,54,58,79,80,86,92,93,94" machi="54" ten="30,2000,0" yaku="0,1,8,1" doraHai="120" who="1" fromWho="1" sc="129,-10,265,20,410,-5,196,-5" /><INIT seed="5,0,0,3,5,91" ten="119,285,405,191" oya="1" hai0="51,37,126,12,40,54,43,45,121,53,15,20,31" hai1="134,5,25,117,94,1,135,87,16,61,114,42,79" hai2="66,98,105,72,84,22,113,35,124,38,9,0,39" hai3="4,76,80,85,62,67,115,41,74,34,102,93,69"/><U95/><E117/><V90/><F35/><W49/><G34/><T127/><D31/><U11/><E42/><V107/><F72/><W27/><G27/><T55/><D20/><N who="1" m="13447" /><E61/><V56/><F124/><N who="0" m="47658" /><D15/><U73/><E73/><V3/><F113/><W13/><G115/><T58/><D12/><U46/><E46/><V29/><F56/><W89/><G13/><T21/><D21/><U120/><E114/><V110/><F66/><W108/><G4/><T86/><D86/><U106/><E106/><V2/><F9/><W26/><G26/><T112/><D112/><U59/><E59/><V6/><F6/><W131/><G108/><T33/><D33/><U133/><E120/><V44/><F110/><W104/><G131/><T7/><D7/><U129/><E129/><V36/><F44/><W71/><G71/><T81/><D81/><AGARI ba="0,0" hai="1,5,11,79,81,87,94,95,133,134,135" m="13447" machi="81" ten="30,11600,0" yaku="20,1,52,2,54,1" doraHai="91" who="1" fromWho="0" sc="119,-116,285,116,405,0,191,0" /><INIT seed="5,1,0,3,0,120" ten="3,401,405,191" oya="1" hai0="27,80,39,133,36,47,92,104,88,68,25,6,65" hai1="77,19,105,114,64,15,96,109,12,42,7,21,82" hai2="3,18,103,66,102,53,58,54,71,135,99,116,85" hai3="26,134,78,74,40,81,61,34,73,10,86,44,121"/><U57/><E114/><V28/><F116/><W129/><G121/><T56/><D104/><U51/><E105/><V115/><F3/><W72/><G129/><T4/><D133/><U89/><E7/><V29/><F135/><W70/><G86/><T122/><D122/><U93/><E109/><V52/><F71/><W113/><G113/><T97/><D68/><U131/><E131/><V126/><F115/><W37/><G134/><T38/><D47/><U17/><E64/><V13/><F126/><W106/><G106/><T48/><D80/><U101/><E101/><N who="2" m="38411" /><F99/><W41/><G41/><T87/><D97/><U8/><E42/><V94/><F85/><W32/><G32/><T43/><D43/><U112/><E112/><V0/><F94/><W31/><G10/><T108/><D65/><U127/><E127/><V67/><F0/><W128/><G128/><T130/><D130/><U60/><E60/><N who="2" m="38167" /><F67/><AGARI ba="1,0" hai="26,31,34,37,40,44,61,67,70,72,73,74,78,81" machi="67" ten="40,5200,0" yaku="33,3" doraHai="120" who="3" fromWho="2" sc="3,0,401,0,405,-55,191,55" /><INIT seed="6,0,0,2,0,49" ten="3,401,350,246" oya="2" hai0="79,75,135,55,63,3,109,114,66,117,9,110,129" hai1="123,119,0,67,68,84,32,71,108,45,74,132,35" hai2="87,92,59,116,100,105,120,39,126,5,124,122,8" hai3="25,23,19,115,42,24,43,61,91,41,76,69,27"/><V11/><F39/><W86/><G76/><T62/><D9/><U4/><E84/><V89/><F59/><W88/><G69/><T118/><D79/><U16/><E16/><V54/><F11/><W102/><G102/><T14/><D14/><U90/><E90/><N who="3" m="34346" /><G86/><T82/><D82/><U130/><E67/><V72/><F8/><W128/><G128/><T22/><D22/><U65/><E45/><V111/><F5/><W18/><G115/><T112/><D3/><U103/><E65/><V31/><F54/><W15/><G61/><N who="0" m="23051" /><D75/><U83/><E4/><V70/><F31/><W99/><G99/><T77/><D77/><U104/><E71/><V60/><F60/><W13/><G23/><T47/><D66/><U106/><E35/><V36/><F70/><W125/><G125/><N who="2" m="48233" /><F36/><W133/><G133/><T37/><D129/><U30/><E30/><V48/><F48/><W81/><G81/><T28/><D28/><U113/><E83/><V1/><F1/><W7/><G7/><T64/><D64/><U38/><E103/><V127/><F127/><AGARI ba="0,0" hai="0,32,38,68,74,104,106,108,113,119,123,127,130,132" machi="127" ten="0,32000,5" yakuman="47" doraHai="49" who="1" fromWho="2" sc="3,0,401,320,350,-320,246,0" /><INIT seed="7,0,0,3,1,77" ten="3,721,30,246" oya="3" hai0="9,116,87,0,11,64,20,129,47,71,113,92,22" hai1="15,3,30,117,19,83,127,125,124,134,67,68,104" hai2="130,7,60,76,56,66,17,57,5,82,43,8,85" hai3="90,50,65,69,31,55,119,128,131,74,46,6,115"/><W32/><G74/><T34/><D64/><U58/><E104/><V1/><F130/><W42/><G31/><T40/><D71/><U70/><E3/><V121/><F121/><W36/><G6/><T112/><D92/><U109/><E109/><V126/><F126/><W21/><G21/><N who="0" m="8299" /><D34/><U44/><E30/><V79/><F1/><W27/><G27/><T106/><D106/><U132/><E44/><V86/><F43/><W48/><G32/><T101/><D101/><U14/><E117/><V105/><F105/><W135/><G90/><T89/><D116/><U122/><E122/><V88/><F79/><W63/><G119/><T25/><D25/><U118/><E118/><V111/><F111/><W54/><G135/><N who="1" m="51754" /><E58/><V103/><F103/><W96/><G96/><T18/><D129/><U75/><E67/><V95/><F57/><W123/><G123/><T102/><D102/><U13/><E19/><V114/><F114/><N who="0" m="44138" /><D18/><U16/><E16/><V73/><F73/><W100/><G100/><T91/><D0/><U35/><E35/><V10/><F17/><W4/><G115/><T33/><D33/><U49/><E49/><V41/><F41/><W38/><G38/><T24/><D24/><U78/><AGARI ba="0,0" hai="13,14,15,68,70,75,78,83,124,125,127" m="51754" machi="78" ten="40,5200,0" yaku="18,1,20,1,52,1" doraHai="77" who="1" fromWho="1" sc="3,-13,721,52,30,-13,246,-26" owari="-10,-51.0,773,87.0,17,-38.0,220,2.0" /></mjloggm>