<mjloggm ver="2.3"><GO type="97" lobby="0"/><UN n0="%4F%69%6B%61%77%61" n1="%68%6F%6E%65%73%74%6C%79" n2="%53%68%6F%53" n3="%E3%82%A6%E3%83%AB%E3%83%88%E3%83%A9%E7%AB%8B%E7%9B%B4" dan="13,15,13,15" rate="1877.23,1976.41,1910.40,2034.66" sx="M,M,M,M"/><TAIKYOKU oya="0"/><INIT seed="0,0,0,5,0,85" ten="250,250,250,250" oya="0" hai0="58,4,80,1,135,125,87,78,82,104,90,24,127" hai1="113,31,6,7,29,106,107,116,88,22,131,15,23" hai2="94,134,73,97,96,65,9,98,119,109,68,25,21" hai3="117,70,128,114,111,61,83,46,64,13,76,118,79"/><T120/><D120/><U60/><E116/><V124/><F73/><W101/><G114/><T26/><D104/><U132/><E113/><V72/><F119/><W8/><G111/><T12/><D1/><U62/><E132/><V35/><F72/><W77/><G128/><T52/><D135/><U0/><E0/><V27/><F134/><W48/><G101/><T123/><D4/><U3/><E3/><V108/><F124/><N who="0" m="47690" /><D12/><U30/><E131/><V103/><F9/><W34/><G34/><T36/><D36/><U59/><E15/><V40/><F40/><W49/><G49/><N who="0" m="30991" /><D123/><U47/><E47/><V74/><F74/><AGARI ba="0,0" hai="24,26,74,78,80,82,87,90" m="30991,47690" machi="74" ten="30,5800,0" yaku="18,1,52,1,54,1" doraHai="85" who="0" fromWho="2" sc="250,58,250,0,250,-58,250,0" /><INIT seed="0,1,0,3,1,40" ten="308,250,192,250" oya="0" hai0="125,101,61,37,121,76,2,94,6,57,135,12,86" hai1="120,41,126,46,73,58,128,82,87,108,69,84,48" hai2="17,67,20,44,104,122,7,72,81,49,111,39,129" hai3="66,42,11,36,10,119,24,102,75,31,53,22,100"/><T131/><D121/><U105/><E69/><V45/><F104/><W65/><G42/><T70/><D37/><U56/><E120/><V109/><F122/><W19/><G75/><T34/><D34/><U123/><E123/><V25/><F67/><N who="3" m="25611" /><G36/><T83/><D70/><U35/><E35/><V99/><F7/><W32/><G32/><T115/><D115/><U79/><E126/><V91/><F129/><W27/><G119/><T80/><D125/><U68/><E68/><V50/><F39/><W89/><G89/><T93/><D131/><U77/><E128/><V47/><F72/><W3/><G3/><T95/><D2/><U110/><E105/><V62/><F62/><W4/><G4/><T117/><D117/><U124/><E124/><V1/><F1/><W8/><G27/><T133/><D83/><N who="1" m="47231" /><E73/><V9/><F9/><N who="3" m="2307" /><W33/><DORA hai="60" /><G33/><T13/><D6/><U59/><E110/><N who="2" m="41995" /><F81/><W23/><G53/><T55/><REACH who="0" step="1"/><D101/><REACH who="0" ten="298,250,192,250" step="2"/><N who="3" m="39017" /><G23/><T97/><D97/><U43/><E108/><V52/><F50/><W63/><G63/><T74/><D74/><U106/><E106/><V29/><F29/><AGARI ba="1,1" hai="19,22,24,29,31" m="39017,2307,25611" machi="29" ten="40,8000,1" yaku="8,1,52,3" doraHai="40,60" who="3" fromWho="2" sc="298,0,250,0,192,-83,250,93" /><INIT seed="1,0,0,4,4,123" ten="298,250,109,343" oya="1" hai0="6,2,91,125,88,13,7,117,65,57,41,52,124" hai1="43,18,61,106,71,35,11,48,53,23,119,29,42" hai2="36,132,89,54,112,51,0,129,50,98,47,21,44" hai3="131,55,76,95,79,114,120,127,15,37,72,86,67"/><U68/><E119/><V40/><F112/><W19/><G120/><T110/><D117/><U27/><E106/><V133/><F0/><W31/><G114/><T69/><D41/><U121/><E121/><V5/><F5/><W97/><G72/><T16/><D65/><U26/><E11/><V78/><F78/><W75/><G75/><T135/><D69/><U45/><E68/><V32/><F32/><W96/><G37/><T66/><D66/><U22/><E71/><V9/><F9/><W109/><G31/><T20/><D135/><N who="2" m="51786" /><F21/><W4/><G67/><T64/><D64/><U17/><REACH who="1" step="1"/><E61/><REACH who="1" ten="298,240,109,343" step="2"/><V104/><F104/><W30/><G4/><T111/><D6/><U28/><E28/><V59/><F98/><W113/><G30/><T62/><D7/><U116/><E116/><V33/><F33/><W39/><G96/><T83/><D2/><U126/><E126/><N who="0" m="48745" /><D83/><U25/><AGARI ba="0,1" hai="17,18,22,23,25,26,27,29,35,42,43,45,48,53" machi="25" ten="20,7800,0" yaku="1,1,0,1,7,1,9,1,53,0" doraHai="123" doraHaiUra="80" who="1" fromWho="1" sc="298,-26,240,88,109,-26,343,-26" /><INIT seed="1,1,0,3,0,65" ten="272,328,83,317" oya="1" hai0="105,53,8,74,127,86,59,63,80,81,89,119,56" hai1="61,52,82,37,134,30,107,87,60,128,118,9,6" hai2="12,123,49,47,100,14,75,129,92,28,25,19,126" hai3="38,94,20,23,58,5,135,90,29,76,62,26,111"/><U71/><E118/><V115/><F123/><W24/><G38/><T77/><D119/><U13/><E37/><V102/><F115/><W121/><G121/><T70/><D105/><U44/><E107/><V117/><F75/><W98/><G111/><T99/><D127/><U32/><E134/><V35/><F117/><W112/><G112/><T66/><D8/><U10/><E128/><V50/><F126/><W0/><G76/><T84/><D99/><U64/><E10/><V85/><F129/><W124/><G124/><T4/><D4/><U17/><E32/><V11/><F92/><W103/><G135/><T42/><D42/><U51/><E30/><V114/><F114/><W41/><G41/><T113/><D113/><U68/><E6/><V125/><F125/><W18/><G5/><T97/><D97/><U101/><E101/><V120/><F120/><W36/><G36/><T55/><D74/><U21/><E21/><V106/><F106/><W2/><REACH who="3" step="1"/><G103/><REACH who="3" ten="272,328,83,307" step="2"/><T130/><D130/><U91/><E61/><V43/><F102/><W133/><G133/><T39/><D39/><U34/><E34/><V88/><F100/><W15/><G15/><T69/><D66/><AGARI ba="1,1" hai="0,2,18,20,23,24,26,29,58,62,66,90,94,98" machi="66" ten="30,2000,0" yaku="1,1,7,1,53,0" doraHai="65" doraHaiUra="1" who="3" fromWho="0" sc="272,-23,328,0,83,0,307,33" /><INIT seed="2,0,0,3,5,40" ten="249,328,83,340" oya="2" hai0="116,128,81,107,104,10,117,118,31,93,17,111,84" hai1="123,20,5,34,100,132,16,134,39,12,68,67,73" hai2="86,97,88,59,37,101,53,90,85,130,126,24,57" hai3="71,133,94,87,3,38,99,61,66,18,102,51,49"/><V32/><F37/><W60/><G3/><T6/><D31/><U22/><E34/><V79/><F126/><W129/><G38/><T74/><D17/><U121/><E39/><V114/><F114/><W30/><G30/><T106/><D10/><U77/><E100/><V65/><F32/><W89/><G129/><T50/><D6/><U119/><E119/><V103/><F130/><W13/><G133/><N who="1" m="51306" /><E5/><V54/><F24/><W19/><G61/><T9/><D50/><U1/><E1/><V8/><F8/><W42/><G42/><T98/><D9/><U131/><E131/><V11/><F11/><W75/><G75/><T25/><D25/><U43/><E43/><V46/><F97/><W48/><REACH who="3" step="1"/><G13/><REACH who="3" ten="249,328,83,330" step="2"/><T7/><D128/><U70/><E22/><V58/><F65/><W83/><AGARI ba="0,1" hai="18,19,48,49,51,60,66,71,83,87,89,94,99,102" machi="83" ten="30,4000,0" yaku="1,1,2,1,0,1,53,0" doraHai="40" doraHaiUra="52" who="3" fromWho="3" sc="249,-10,328,-10,83,-20,330,50" /><INIT seed="3,0,0,3,3,24" ten="239,318,63,380" oya="3" hai0="115,127,45,82,113,74,116,94,129,99,100,131,33" hai1="86,112,62,134,9,22,121,84,117,58,0,120,107" hai2="60,1,47,118,25,41,35,53,65,59,91,110,105" hai3="34,28,20,102,31,13,104,88,63,124,130,2,126"/><W66/><G2/><T11/><D33/><U23/><E112/><N who="0" m="43081" /><D11/><U71/><E71/><V73/><F105/><W109/><G88/><T106/><D45/><U92/><E107/><V72/><F1/><W49/><G130/><N who="0" m="49675" /><D116/><U5/><E117/><V16/><F118/><W89/><G13/><T27/><D27/><U96/><E134/><V51/><F110/><W108/><G49/><T85/><D127/><U18/><E84/><V37/><F91/><W55/><G89/><N who="0" m="51383" /><D74/><U10/><E120/><V3/><F3/><W32/><G20/><T6/><D6/><U29/><E121/><V114/><F114/><W46/><G46/><T14/><D14/><U19/><E10/><V123/><F123/><W128/><G128/><T39/><D39/><U56/><E56/><V64/><F64/><W125/><G66/><T87/><D87/><U111/><E86/><V95/><F95/><W69/><G34/><T97/><D94/><U98/><E29/><N who="3" m="11338" /><G32/><T21/><D21/><U133/><E22/><V103/><F103/><W30/><G30/><T15/><D15/><U8/><E23/><N who="2" m="13543" /><F35/><W4/><G4/><T57/><D57/><U132/><E132/><V17/><F17/><W76/><G125/><T77/><D99/><U61/><E96/><V70/><F73/><W90/><G124/><T78/><AGARI ba="0,0" hai="77,78,97,100,106" m="51383,49675,43081" machi="78" ten="40,8000,1" yaku="11,1,19,1,34,2" doraHai="24" who="0" fromWho="0" sc="239,80,318,-20,63,-20,380,-40" owari="319,12.0,298,-10.0,43,-46.0,340,44.0" /></mjloggm>