<mjloggm ver="2.3"><GO type="41" lobby="0"/><UN n0="%67%61%72%75%63%69%61" n1="%E3%81%9F%E3%81%8D%E3%81%8A" n2="%E3%82%A6%E3%83%AB%E3%83%88%E3%83%A9%E7%AB%8B%E7%9B%B4" n3="%E3%81%8F%E3%81%AB%E3%81%B2%E3%81%93%E3%81%BE%E3%82%8B" dan="15,13,16,15" rate="1936.45,1974.58,2073.53,2049.47" sx="M,M,M,M"/><TAIKYOKU oya="0"/><INIT seed="0,0,0,2,0,80" ten="250,250,250,250" oya="0" hai0="73,36,39,29,62,99,1,118,41,66,19,38,129" hai1="35,128,25,40,24,88,103,98,63,0,101,37,3" hai2="34,132,87,33,60,7,67,2,89,76,53,119,106" hai3="114,111,133,116,125,27,18,107,15,124,45,51,130"/><T105/><D19/><U96/><E35/><V97/><F119/><W112/><G107/><T26/><D118/><U32/><E32/><V90/><F132/><W74/><G74/><T77/><D129/><U127/><E127/><N who="3" m="48714" /><G133/><T20/><D1/><U12/><E128/><V69/><F76/><W21/><G130/><T115/><D115/><U9/><E63/><V46/><F7/><W109/><G116/><T49/><D49/><U50/><E37/><V108/><F2/><W4/><G51/><T131/><D131/><U102/><E0/><V61/><F108/><N who="3" m="41547" /><G45/><T120/><D120/><U91/><E3/><V64/><F106/><W6/><G27/><N who="1" m="10314" /><E40/><V81/><F46/><W11/><G11/><T92/><D105/><U55/><E55/><V59/><F53/><W5/><AGARI ba="0,0" hai="4,5,6,15,18,21,112,114" m="41547,48714" machi="5" ten="40,8000,1" yaku="18,1,14,1,34,2" doraHai="80" who="3" fromWho="3" sc="250,-40,250,-20,250,-20,250,80" /><INIT seed="1,0,0,1,5,72" ten="210,230,230,330" oya="1" hai0="78,74,28,7,103,51,73,46,100,133,61,32,67" hai1="58,128,47,59,91,16,79,1,94,26,124,69,80" hai2="116,31,127,33,23,65,96,99,19,119,11,49,5" hai3="41,68,130,25,90,114,50,135,98,81,57,83,104"/><U95/><E1/><V30/><F96/><W66/><G114/><T122/><D7/><U29/><E69/><V53/><F65/><W120/><G120/><T134/><D122/><U36/><E128/><V93/><F127/><W48/><G130/><T45/><D28/><U8/><E124/><V0/><F31/><W105/><G135/><N who="0" m="51723" /><D32/><U89/><E36/><V18/><F18/><W21/><G68/><N who="0" m="42095" /><D45/><U85/><E47/><V82/><F30/><W24/><G105/><T107/><D107/><U132/><E132/><V76/><F33/><W75/><G104/><T40/><D73/><U42/><E29/><V110/><F5/><W34/><G34/><T22/><D22/><U113/><E113/><V4/><F23/><W10/><G21/><T87/><D74/><U123/><E123/><V15/><F19/><W55/><G75/><T60/><D60/><U111/><E111/><V62/><F110/><W54/><G10/><T44/><D44/><U52/><E8/><V12/><F62/><W13/><G48/><T3/><D3/><U101/><E101/><V63/><F63/><W77/><G50/><T27/><D27/><U64/><E64/><V84/><F0/><W125/><G125/><T39/><D39/><U43/><E16/><V9/><F9/><W109/><G25/><T121/><D121/><U38/><E26/><V106/><F106/><W2/><G24/><T108/><D108/><U102/><E38/><V97/><F11/><W20/><G109/><T35/><D35/><U88/><E102/><V71/><F4/><W118/><G2/><T117/><D117/><RYUUKYOKU ba="0,0" sc="210,30,230,-10,230,-10,330,-10" hai0="40,46,51,78,87,100,103" /><INIT seed="2,1,0,4,5,111" ten="240,220,220,320" oya="2" hai0="119,113,16,123,41,26,130,46,79,22,72,31,66" hai1="30,86,55,81,100,52,87,109,4,34,35,122,38" hai2="80,42,10,43,134,89,91,85,67,32,14,133,94" hai3="90,39,104,37,58,78,5,74,99,71,105,64,82"/><V3/><F3/><W101/><G58/><T70/><D123/><U57/><E122/><V106/><F106/><N who="3" m="63807" /><G90/><T62/><D119/><U115/><E38/><N who="3" m="14346" /><G5/><T117/><D117/><U47/><E109/><V92/><F67/><W0/><G0/><T120/><D120/><U25/><E35/><V59/><F59/><W7/><G7/><T54/><D54/><U96/><E4/><V118/><F118/><W13/><G13/><T36/><D130/><U76/><E87/><V24/><F80/><W83/><G83/><T132/><D132/><U97/><E96/><V102/><F102/><W84/><G84/><T8/><D79/><U18/><E18/><V1/><F1/><W48/><G48/><T29/><D72/><U127/><E57/><V88/><F89/><W60/><AGARI ba="1,0" hai="60,64,71,74,78,82,104,105" m="14346,63807" machi="60" ten="30,2000,0" yaku="33,2" doraHai="111" who="3" fromWho="3" sc="240,-6,220,-6,220,-11,320,23" /><INIT seed="3,0,0,5,5,110" ten="234,214,209,343" oya="3" hai0="84,115,62,134,68,124,57,29,75,38,54,81,86" hai1="76,64,89,53,123,93,42,45,78,79,28,34,107" hai2="2,122,3,5,130,55,88,73,114,50,133,60,108" hai3="61,48,83,25,104,85,22,77,21,46,120,32,111"/><W67/><G120/><T49/><D75/><U47/><E123/><V27/><F73/><W112/><G111/><T100/><D100/><U126/><E107/><V82/><F108/><W44/><G104/><T99/><D99/><U18/><E126/><V1/><F122/><W43/><G112/><T117/><D86/><U56/><E64/><V26/><F114/><W70/><G32/><T35/><D38/><U92/><E34/><V8/><F60/><W101/><G101/><T39/><D39/><U95/><E28/><V80/><F130/><W121/><G121/><T30/><D124/><U16/><E42/><V72/><F133/><W125/><G125/><T106/><D106/><U36/><E36/><V74/><F8/><W131/><G131/><T97/><D97/><U41/><E41/><V13/><F13/><W7/><G7/><T91/><D115/><U132/><E89/><V33/><F5/><W59/><G25/><T96/><D96/><U24/><E132/><V66/><F66/><W94/><G94/><T129/><D134/><U119/><E119/><V9/><F9/><W40/><G70/><T51/><D117/><U105/><E105/><V90/><F33/><W135/><G135/><T116/><D116/><U14/><E24/><N who="2" m="9259" /><F50/><AGARI ba="0,0" hai="21,22,40,43,44,46,48,50,59,61,67,77,83,85" machi="50" ten="30,5800,0" yaku="7,1,9,1,8,1" doraHai="110" who="3" fromWho="2" sc="234,0,214,0,209,-58,343,58" /><INIT seed="3,1,0,4,2,114" ten="234,214,151,401" oya="3" hai0="119,17,24,122,76,66,47,100,124,96,110,29,89" hai1="75,21,88,38,81,14,20,99,123,50,32,2,25" hai2="92,60,12,116,62,23,131,112,58,115,70,54,40" hai3="61,8,111,86,11,134,15,106,102,35,65,83,3"/><W10/><G35/><T107/><D122/><U118/><E38/><V57/><F23/><W90/><G134/><T51/><D110/><U4/><E123/><V104/><F12/><W49/><G3/><T28/><D76/><U37/><E37/><V120/><F92/><W71/><G111/><T33/><D66/><U30/><E21/><V63/><F104/><W133/><G133/><T105/><D105/><U52/><E75/><V129/><F120/><W85/><G49/><T84/><D29/><U41/><E41/><V94/><F94/><W6/><REACH who="3" step="1"/><G85/><REACH who="3" ten="234,214,151,391" step="2"/><T55/><D124/><U91/><E2/><V26/><F112/><W132/><G132/><T98/><D98/><AGARI ba="1,1" hai="6,8,10,11,15,61,65,71,83,86,90,98,102,106" machi="98" ten="40,2000,0" yaku="1,1,53,0" doraHai="114" doraHaiUra="34" who="3" fromWho="0" sc="234,-23,214,0,151,0,391,33" /><INIT seed="3,2,0,2,0,26" ten="211,214,151,424" oya="3" hai0="38,82,46,120,90,60,99,70,19,81,61,98,5" hai1="127,11,106,79,130,134,23,49,40,85,97,135,16" hai2="84,7,56,44,74,64,110,3,48,100,57,129,125" hai3="59,117,17,28,25,47,114,65,45,50,12,13,1"/><W41/><G117/><T108/><D120/><U55/><E40/><V4/><F74/><W20/><G114/><T119/><D119/><U21/><E127/><V29/><F125/><W27/><G1/><T24/><D5/><U83/><E130/><V132/><F129/><W107/><G107/><T39/><D108/><U67/><E67/><V80/><F110/><W66/><G47/><T111/><D111/><U94/><E106/><V95/><F3/><W6/><G59/><T15/><D24/><U131/><E131/><V102/><F132/><N who="1" m="50729" /><E11/><V93/><F64/><W37/><G37/><T51/><D39/><U101/><E16/><V34/><F34/><W118/><G118/><T123/><D38/><U105/><E105/><V22/><F48/><W78/><G78/><T104/><D123/><U72/><E72/><V30/><F44/><AGARI ba="2,0" hai="21,23,44,49,55,79,83,85,94,97,101" m="50729" machi="44" ten="30,1000,0" yaku="20,1" doraHai="26" who="1" fromWho="2" sc="211,0,214,16,151,-16,424,0" /><INIT seed="4,0,0,4,0,52" ten="211,230,135,424" oya="0" hai0="100,125,3,101,64,98,8,90,14,74,72,91,1" hai1="130,66,53,78,28,26,68,29,111,115,5,104,10" hai2="18,21,85,83,117,131,121,132,86,15,17,112,34" hai3="97,38,57,95,13,108,79,27,45,67,128,123,50"/><T65/><D125/><U55/><E111/><V36/><F34/><W75/><G108/><T48/><D48/><U25/><E104/><V122/><F117/><W114/><G123/><T81/><D81/><U11/><E130/><V59/><F36/><W124/><G124/><T40/><D40/><U30/><E78/><V54/><F131/><W44/><G128/><T94/><D14/><U116/><E116/><V102/><F132/><W42/><G114/><T24/><D8/><U80/><E80/><V106/><F112/><W89/><G27/><T120/><D24/><U73/><E73/><V56/><F102/><W20/><G79/><T96/><REACH who="0" step="1"/><D94/><REACH who="0" ten="201,230,135,424" step="2"/><U93/><E93/><V58/><F121/><AGARI ba="0,1" hai="1,3,64,65,72,74,90,91,96,98,100,101,120,121" machi="121" ten="25,9600,0" yaku="1,1,2,1,22,2,53,0" doraHai="52" doraHaiUra="47" who="0" fromWho="2" sc="201,106,230,0,135,-96,424,0" /><INIT seed="4,1,0,3,4,132" ten="307,230,39,424" oya="0" hai0="23,121,115,62,118,90,38,30,109,78,83,43,26" hai1="40,130,68,42,7,104,101,27,8,67,82,124,123" hai2="72,29,97,18,119,4,19,98,44,80,25,47,15" hai3="56,81,6,46,95,37,36,39,75,33,108,34,55"/><T65/><D118/><U53/><E123/><V93/><F119/><W28/><G108/><T89/><D121/><U74/><E130/><V66/><F4/><W126/><G126/><T32/><D109/><U127/><E53/><V129/><F129/><W59/><G6/><T69/><D115/><U2/><E27/><V88/><F66/><W113/><G113/><T48/><D38/><U10/><E8/><V54/><F80/><W58/><G95/><T128/><D128/><U106/><E42/><V125/><F72/><W45/><G55/><T24/><D48/><U61/><E40/><V111/><F111/><W51/><G51/><T116/><D116/><U22/><E22/><V20/><F125/><N who="1" m="48201" /><E101/><V85/><F19/><W1/><G28/><T12/><D12/><U73/><E82/><V64/><F64/><W50/><G50/><T117/><D43/><U91/><E91/><V63/><F63/><W134/><G37/><T57/><D69/><U94/><E94/><V41/><F54/><W77/><G36/><T52/><D65/><U120/><E120/><V31/><F31/><W70/><G39/><T112/><D112/><U96/><E96/><V35/><REACH who="2" step="1"/><F41/><REACH who="2" ten="307,230,29,424" step="2"/><W60/><G60/><T0/><D117/><U103/><E103/><V11/><F11/><W86/><G81/><T14/><D52/><U71/><E71/><V87/><F87/><W102/><G70/><T92/><D83/><U100/><E100/><V3/><F3/><W135/><G1/><T17/><D17/><U107/><AGARI ba="1,1" hai="2,7,10,61,67,68,73,74,104,106,107" m="48201" machi="107" ten="40,8000,1" yaku="18,1,23,1,52,3" doraHai="132" who="1" fromWho="1" sc="307,-41,230,93,29,-21,424,-21" /><INIT seed="5,0,0,0,2,134" ten="266,323,8,403" oya="1" hai0="84,104,135,71,34,31,119,63,36,82,48,56,77" hai1="67,97,11,85,93,1,38,23,72,8,39,103,92" hai2="109,0,54,111,89,102,57,115,100,43,32,42,126" hai3="86,6,37,83,106,53,58,30,49,45,47,60,81"/><U12/><E72/><V50/><F32/><W3/><G106/><T78/><D36/><U94/><E1/><V70/><F0/><W65/><G30/><T55/><D119/><U52/><E39/><V112/><F89/><W14/><G3/><T9/><D104/><U5/><E38/><V99/><F99/><W96/><G96/><T51/><D135/><U117/><E117/><V21/><F21/><W130/><G130/><T33/><D71/><U131/><E131/><V76/><F76/><W26/><G26/><T79/><D34/><U75/><E75/><V116/><F116/><W25/><G25/><T62/><D33/><U68/><E68/><V133/><F70/><W4/><G81/><T28/><D51/><U121/><E121/><V123/><F102/><W113/><G113/><N who="2" m="43593" /><F100/><W20/><G47/><T114/><D114/><U74/><E74/><V41/><F133/><W90/><G37/><T17/><D31/><U27/><E11/><V18/><F18/><AGARI ba="0,0" hai="4,6,14,18,20,45,49,53,58,60,65,83,86,90" machi="18" ten="40,1300,0" yaku="8,1" doraHai="134" who="3" fromWho="2" sc="266,0,323,0,8,-13,403,13" owari="266,-13.0,323,12.0,-5,-51.0,416,52.0" /></mjloggm>