<mjloggm ver="2.3"><GO type="169" lobby="0"/><UN n0="%E3%81%A1%E3%81%8F%E3%81%8D" n1="%E3%81%99%E3%81%9F%E3%81%A1%E3%81%AA%2E" n2="%E3%82%B9%E3%83%86%E3%83%AB%E3%82%B9%6B%69%6E%6F" n3="%EF%BC%88%E2%89%A7%E2%96%BD%E2%89%A6%EF%BC%89" dan="18,16,17,19" rate="2195.43,2103.91,2118.27,2248.80" sx="M,M,F,M"/><TAIKYOKU oya="0"/><INIT seed="0,0,0,2,4,57" ten="250,250,250,250" oya="0" hai0="133,116,96,37,117,70,100,19,119,128,49,6,75" hai1="115,95,83,12,47,74,69,9,65,44,21,60,2" hai2="105,53,31,68,55,15,120,38,99,91,114,46,30" hai3="32,101,22,43,92,89,82,29,121,130,77,40,62"/><T7/><D37/><U110/><E110/><V33/><F114/><W71/><G121/><T98/><D75/><U48/><E115/><V118/><F120/><W129/><G32/><T112/><D112/><U18/><E95/><V79/><F79/><W10/><G101/><T86/><D128/><N who="3" m="49257" /><G10/><T52/><D133/><U104/><E104/><V34/><F15/><W64/><G22/><T36/><D36/><U81/><E74/><V93/><F105/><W42/><G29/><T123/><D123/><U85/><E48/><V4/><F4/><W84/><G40/><T0/><D70/><U103/><E103/><V111/><F30/><W78/><G78/><T125/><D125/><U56/><E69/><V54/><F68/><W51/><G51/><T25/><D86/><AGARI ba="0,0" hai="42,43,62,64,71,77,82,84,86,89,92" m="49257" machi="86" ten="30,2000,0" yaku="19,1,52,1" doraHai="57" who="3" fromWho="0" sc="250,-20,250,0,250,0,250,20" /><INIT seed="1,0,0,4,0,60" ten="230,250,250,270" oya="1" hai0="98,131,91,85,122,81,48,19,29,115,31,12,127" hai1="121,126,37,128,26,46,27,36,56,38,111,16,30" hai2="2,75,14,118,39,24,33,74,100,23,53,55,66" hai3="32,42,129,84,134,4,97,8,116,90,101,35,59"/><U43/><E121/><V109/><F118/><W120/><G120/><T72/><D122/><U112/><E112/><V11/><F39/><W40/><G134/><T86/><D115/><U133/><E133/><V63/><F109/><W20/><G116/><T44/><D72/><U57/><E128/><V132/><F132/><W64/><G129/><T5/><D131/><U83/><E126/><V6/><F100/><W93/><G20/><T95/><D127/><U107/><E107/><V49/><F33/><W41/><G59/><T15/><D86/><U9/><E83/><V50/><F2/><W123/><G123/><T103/><D12/><U0/><E111/><V104/><F104/><W22/><G22/><N who="0" m="11647" /><D5/><U119/><E119/><V47/><F50/><W10/><G10/><T18/><D18/><U70/><E70/><V13/><F13/><W17/><G17/><T110/><D110/><U105/><E0/><V65/><F55/><AGARI ba="0,0" hai="29,31,44,48,55,81,85,91,95,98,103" m="11647" machi="55" ten="30,1000,0" yaku="8,1" doraHai="60" who="0" fromWho="2" sc="230,10,250,0,250,-10,270,0" /><INIT seed="2,0,0,1,0,57" ten="240,250,240,270" oya="2" hai0="107,88,15,38,1,73,105,21,80,44,43,109,108" hai1="122,13,23,19,10,6,130,85,51,5,52,0,34" hai2="41,36,42,121,112,106,31,11,119,99,40,91,3" hai3="111,124,28,61,16,54,129,9,134,126,8,55,92"/><V127/><F119/><W60/><G28/><T94/><D1/><U133/><E130/><V49/><F121/><W63/><G129/><T101/><D101/><U79/><E133/><V98/><F112/><W87/><G134/><T123/><D123/><U46/><E34/><V18/><F36/><W12/><G111/><N who="0" m="42571" /><D73/><U110/><E110/><V24/><F127/><N who="3" m="48683" /><G8/><T96/><D80/><N who="1" m="47263" /><E0/><V25/><F106/><W65/><G65/><T93/><D94/><U118/><E118/><V74/><F74/><W68/><G68/><T103/><D103/><U26/><E122/><V75/><F75/><W20/><G9/><T83/><D83/><U17/><AGARI ba="0,0" hai="5,6,10,13,17,19,23,26,46,51,52" m="47263" machi="17" ten="30,2000,0" yaku="8,1,54,1" doraHai="57" who="1" fromWho="1" sc="240,-5,250,20,240,-10,270,-5" /><INIT seed="3,0,0,4,3,36" ten="235,270,230,265" oya="3" hai0="27,37,128,10,43,93,77,34,61,114,57,74,96" hai1="105,48,60,11,78,1,25,117,21,109,97,103,73" hai2="119,0,111,135,30,104,26,5,18,102,121,68,35" hai3="24,14,91,23,44,122,3,115,12,39,31,87,82"/><W76/><G122/><T22/><D128/><U107/><E107/><V33/><F119/><W65/><G115/><T126/><D114/><U40/><E109/><V133/><F68/><W116/><G116/><T84/><D74/><U20/><E117/><V51/><F111/><W50/><G3/><T49/><D37/><U66/><E78/><V85/><F121/><W113/><G113/><T129/><D34/><U88/><E73/><V71/><F71/><W41/><G65/><T89/><D129/><U112/><E112/><V98/><F85/><W134/><G134/><N who="2" m="51209" /><F18/><W7/><G7/><T90/><D10/><U9/><E1/><V58/><F5/><W75/><REACH who="3" step="1"/><G39/><REACH who="3" ten="235,270,230,255" step="2"/><T64/><D126/><U101/><E66/><V95/><F0/><W123/><G123/><T55/><D64/><U106/><E106/><V99/><F104/><W16/><G16/><N who="0" m="12743" /><D77/><U118/><E105/><V38/><F38/><W86/><G86/><T130/><D130/><U15/><E118/><V6/><F6/><W2/><G2/><T46/><D84/><U59/><E97/><V45/><F99/><W4/><G4/><T28/><D28/><U108/><E108/><V79/><F79/><W72/><G72/><T127/><D127/><U83/><E83/><AGARI ba="0,1" hai="12,14,23,24,31,41,44,50,75,76,82,83,87,91" machi="83" ten="30,5800,0" yaku="1,1,7,1,52,1,53,0" doraHai="36" doraHaiUra="69" who="3" fromWho="1" sc="235,0,270,-58,230,0,255,68" /><INIT seed="3,1,0,0,4,71" ten="235,212,230,323" oya="3" hai0="15,118,5,132,87,128,91,70,36,102,40,94,49" hai1="119,97,104,77,54,17,31,122,9,24,98,92,68" hai2="44,81,8,30,33,6,22,69,111,86,72,113,64" hai3="75,57,39,35,23,20,103,26,47,114,121,116,34"/><W14/><G75/><T1/><D118/><U37/><E122/><V73/><F113/><W11/><G114/><T42/><D70/><U85/><E68/><V89/><F33/><N who="3" m="12299" /><G57/><T88/><D1/><U55/><E119/><V25/><F111/><W48/><G39/><T96/><D128/><U124/><E124/><V80/><F80/><W63/><G63/><T105/><D132/><U109/><E109/><V76/><F89/><W110/><G48/><T131/><D131/><U125/><E125/><V59/><F69/><W10/><G47/><T13/><D5/><U43/><E104/><V60/><F44/><W100/><G100/><T83/><D49/><U112/><E112/><V32/><REACH who="2" step="1"/><F32/><REACH who="2" ten="235,212,220,323" step="2"/><W67/><G110/><T82/><D82/><U61/><E77/><V84/><F84/><W74/><G116/><T123/><D123/><U7/><E85/><V108/><F108/><W101/><G121/><T130/><D130/><U46/><E46/><V19/><F19/><W120/><G120/><T27/><D91/><U21/><E17/><V51/><F51/><W135/><G74/><T99/><D88/><U50/><E50/><V52/><F52/><W95/><G103/><T133/><D102/><U107/><E43/><V93/><F93/><W56/><G101/><T29/><D42/><U53/><E92/><V65/><F65/><W90/><G95/><T78/><D40/><U79/><E107/><V16/><F16/><W126/><G90/><T41/><D41/><U38/><E79/><V134/><F134/><W106/><G135/><T66/><D133/><U45/><E45/><RYUUKYOKU ba="1,1" sc="235,-10,212,-10,220,30,323,-10" hai2="6,8,22,25,30,59,60,64,72,73,76,81,86" /><INIT seed="4,2,1,0,0,42" ten="225,202,250,313" oya="0" hai0="51,103,97,33,30,3,106,86,27,115,102,71,121" hai1="118,54,28,14,40,77,60,24,18,52,135,72,1" hai2="64,105,87,98,23,107,39,25,70,37,45,96,119" hai3="76,47,123,128,4,130,82,41,59,66,134,7,5"/><T80/><D121/><U69/><E118/><V109/><F109/><W104/><G104/><T93/><D3/><U48/><E1/><V22/><F119/><W19/><G134/><T101/><D115/><U81/><E135/><V58/><F58/><W35/><G35/><T16/><D71/><U8/><E69/><V74/><F87/><N who="3" m="48583" /><G19/><T53/><D106/><U50/><E60/><V9/><F70/><W88/><G88/><N who="0" m="51271" /><D30/><U75/><E75/><V61/><F61/><N who="3" m="38207" /><G123/><T43/><D43/><U95/><E95/><V65/><F74/><W79/><G79/><T21/><D33/><U84/><E72/><V2/><F2/><W38/><G38/><T112/><D112/><U29/><E40/><V62/><F62/><W63/><G63/><T10/><D10/><U120/><E120/><V124/><F9/><W129/><G41/><T34/><D34/><U68/><E68/><V133/><F133/><W49/><G49/><T36/><D36/><U108/><E108/><V90/><F90/><W78/><G78/><T117/><D117/><U91/><E77/><V125/><REACH who="2" step="1"/><F25/><REACH who="2" ten="225,202,240,313" step="2"/><W44/><AGARI ba="2,2" hai="4,5,7,44,47,128,129,130" m="38207,48583" machi="44" ten="40,5200,0" yaku="19,1,52,2" doraHai="42" who="3" fromWho="3" sc="225,-28,202,-15,240,-15,313,78" /><INIT seed="5,0,0,2,0,17" ten="197,187,225,391" oya="1" hai0="15,52,98,27,132,92,2,74,88,111,66,79,22" hai1="36,91,125,117,96,3,44,133,16,102,65,21,71" hai2="32,101,115,93,45,19,69,126,26,34,116,100,122" hai3="134,94,64,105,85,119,25,5,72,106,29,30,7"/><U31/><E117/><V83/><F116/><W76/><G119/><T18/><D111/><U35/><E3/><V38/><F122/><W121/><G121/><T73/><D2/><U82/><E36/><V131/><F69/><W47/><G72/><T20/><D66/><U60/><E44/><V49/><F38/><W6/><G134/><T108/><D108/><U95/><E133/><V50/><F131/><W48/><G64/><T77/><D132/><U75/><E125/><V51/><F126/><W42/><G30/><N who="0" m="17767" /><D74/><U28/><E35/><V24/><F45/><W62/><G62/><T37/><D73/><U84/><REACH who="1" step="1"/><E75/><REACH who="1" ten="197,177,225,391" step="2"/><V1/><F34/><W129/><G47/><T109/><D37/><U120/><E120/><V11/><F32/><W12/><G129/><T33/><D109/><U97/><E97/><V104/><F1/><W112/><G42/><T57/><D33/><U13/><AGARI ba="0,1" hai="13,16,21,28,31,60,65,71,82,84,91,95,96,102" machi="13" ten="20,18000,2" yaku="1,1,0,1,7,1,52,1,54,1,53,1" doraHai="17" doraHaiUra="9" who="1" fromWho="1" sc="197,-60,177,190,225,-60,391,-60" /><INIT seed="5,1,0,2,0,128" ten="137,367,165,331" oya="1" hai0="8,39,37,20,113,25,42,125,28,17,132,109,60" hai1="59,127,31,94,88,67,53,46,48,18,4,108,43" hai2="98,118,0,78,6,93,47,87,85,29,112,89,92" hai3="111,86,15,49,44,26,84,95,22,9,123,77,122"/><U36/><E127/><V64/><F118/><W66/><G111/><T23/><D109/><U19/><E108/><V133/><F133/><W57/><G122/><T81/><D125/><U134/><E134/><V103/><F64/><W119/><G123/><T5/><D132/><U55/><E4/><V58/><F58/><W33/><G33/><T7/><D113/><U27/><E67/><V115/><F29/><W40/><G77/><T116/><D116/><U65/><E65/><V51/><F0/><W11/><G95/><T2/><D60/><U75/><E75/><V90/><F6/><N who="3" m="3511" /><G11/><T79/><D7/><U38/><E55/><V16/><F16/><N who="3" m="12615" /><G119/><T61/><D61/><AGARI ba="1,0" hai="40,44,49,57,61,66,84,86" m="12615,3511" machi="61" ten="30,2000,0" yaku="8,1,54,1" doraHai="128" who="3" fromWho="0" sc="137,-23,367,0,165,0,331,23" /><INIT seed="6,0,0,3,0,84" ten="114,367,165,354" oya="2" hai0="99,108,66,119,93,109,86,128,116,51,114,41,0" hai1="60,31,54,22,32,48,106,8,30,113,124,77,67" hai2="72,110,10,28,94,59,37,82,34,101,123,5,14" hai3="111,102,115,96,73,2,107,74,78,122,90,69,13"/><V112/><F123/><W47/><G122/><T75/><D0/><U88/><E106/><V61/><F37/><W97/><G111/><T57/><D66/><U26/><E77/><V55/><F110/><N who="0" m="42602" /><D57/><U44/><E124/><V79/><F112/><W70/><G2/><T63/><D63/><U16/><E8/><V33/><REACH who="2" step="1"/><F28/><REACH who="2" ten="114,367,155,354" step="2"/><W121/><G121/><T64/><D114/><U52/><E113/><V40/><F40/><W81/><G115/><T95/><D41/><U23/><E30/><V36/><F36/><W120/><G120/><T133/><D116/><U7/><E31/><V104/><F104/><W100/><G107/><T17/><D119/><U134/><E134/><V92/><F92/><W117/><G117/><T87/><D95/><U19/><E32/><V68/><F68/><W125/><G69/><T18/><D93/><U1/><E67/><V89/><F89/><W91/><G91/><T6/><D64/><U132/><E88/><V71/><F71/><W129/><G90/><T126/><D133/><U58/><E132/><V20/><F20/><W83/><G70/><T80/><D126/><U76/><E23/><V56/><F56/><W9/><G125/><T39/><D39/><U3/><E22/><V105/><F105/><W24/><G102/><T131/><D131/><U11/><E58/><V98/><AGARI ba="0,1" hai="5,10,14,33,34,55,59,61,72,79,82,94,98,101" machi="98" ten="30,3000,0" yaku="1,1,0,1,53,0" doraHai="84" doraHaiUra="27" who="2" fromWho="2" sc="114,-10,367,-10,155,40,354,-10" /><INIT seed="6,1,0,5,5,32" ten="104,357,195,344" oya="2" hai0="53,25,12,99,120,64,8,117,119,100,102,110,86" hai1="23,113,55,60,39,121,103,67,4,101,44,24,98" hai2="76,95,29,85,38,105,5,66,10,74,20,112,7" hai3="90,40,52,109,124,132,129,50,69,134,97,89,71"/><V68/><F105/><W118/><G109/><T62/><D110/><U122/><E113/><V106/><F106/><W18/><G118/><N who="0" m="45067" /><D120/><N who="1" m="46187" /><E4/><V78/><F112/><W127/><G40/><T61/><D86/><U26/><E39/><V79/><F74/><W35/><G18/><N who="0" m="8455" /><D99/><U73/><E73/><V96/><F38/><W93/><G35/><T81/><D81/><U54/><E44/><V36/><F36/><W130/><G90/><T1/><D1/><U70/><E24/><N who="2" m="16519" /><F68/><N who="3" m="26187" /><G50/><T111/><D111/><U91/><E91/><N who="2" m="55423" /><F66/><W45/><G45/><T57/><D25/><U77/><E77/><N who="2" m="29803" /><F10/><W94/><G94/><T33/><D33/><U30/><E103/><V114/><F114/><W27/><G27/><T65/><D65/><U59/><E70/><AGARI ba="1,0" hai="53,57,61,62,64,70,100,102" m="8455,45067" machi="70" ten="30,1000,0" yaku="12,1" doraHai="32" who="0" fromWho="1" sc="104,13,357,-13,195,0,344,0" /><INIT seed="7,0,0,5,1,6" ten="117,344,195,344" oya="3" hai0="130,63,65,22,129,83,46,73,108,23,35,79,85" hai1="40,38,104,71,105,84,74,42,115,53,121,41,70" hai2="112,128,59,113,103,111,114,86,118,26,2,44,8" hai3="4,75,43,10,17,33,21,32,95,34,61,110,98"/><W68/><G75/><T126/><D108/><U60/><E121/><V55/><F111/><W107/><G107/><T39/><D126/><U19/><E74/><V123/><F128/><W18/><G43/><T14/><D35/><U120/><E120/><V30/><F118/><W51/><G51/><T56/><D73/><U37/><E115/><V93/><F44/><W50/><G50/><T99/><D99/><U87/><E53/><V77/><F123/><W54/><G110/><T88/><D79/><U89/><E19/><V67/><F67/><W119/><G119/><T134/><D134/><U109/><E109/><V49/><F103/><W57/><G68/><N who="1" m="26154" /><E60/><V69/><F69/><W94/><G21/><T31/><D31/><U47/><E89/><N who="2" m="53431" /><F77/><W97/><G97/><T72/><D72/><U80/><E80/><V52/><F55/><W0/><REACH who="3" step="1"/><G95/><REACH who="3" ten="117,344,195,334" step="2"/><T81/><D81/><U91/><E47/><V132/><F49/><W25/><G25/><T116/><D116/><U48/><E48/><V127/><F26/><W45/><G45/><T29/><D29/><U27/><E27/><V64/><F30/><W24/><G24/><T96/><D96/><U13/><E13/><V100/><F114/><W62/><G62/><T16/><REACH who="0" step="1"/><D23/><REACH who="0" ten="107,344,195,334" step="2"/><U9/><E9/><V1/><F8/><W3/><G3/><N who="2" m="1033" /><F113/><W124/><G124/><T66/><D66/><U12/><E12/><V82/><F64/><W101/><AGARI ba="0,2" hai="0,4,10,17,18,32,33,34,54,57,61,94,98,101" machi="101" ten="30,6000,0" yaku="1,1,0,1,52,1,53,0" doraHai="6" doraHaiUra="78" who="3" fromWho="3" sc="107,-20,344,-20,195,-20,334,80" owari="87,-41.0,324,12.0,175,-22.0,414,51.0" /></mjloggm>