<mjloggm ver="2.3"><GO type="97" lobby="0"/><UN n0="%6D%61%72%75%63%6F%72%6F" n1="%E8%84%B3%E5%A4%A9%E7%86%8A" n2="%E3%81%A1%E3%82%85%E3%81%86%E3%81%9F%E3%81%A4" n3="%E3%82%A6%E3%83%AB%E3%83%88%E3%83%A9%E7%AB%8B%E7%9B%B4" dan="13,13,13,15" rate="1865.32,2050.08,2069.65,1972.87" sx="M,M,M,M"/><TAIKYOKU oya="0"/><INIT seed="0,0,0,2,1,56" ten="250,250,250,250" oya="0" hai0="57,50,1,110,126,59,98,116,30,70,89,21,113" hai1="123,130,134,124,10,101,86,82,53,125,27,81,107" hai2="60,79,66,64,6,105,106,76,91,17,132,114,32" hai3="115,100,39,97,3,43,38,109,52,58,8,133,13"/><T122/><D116/><U112/><E123/><V15/><F32/><W48/><G115/><T2/><D122/><U9/><E112/><V44/><F132/><W49/><G3/><T28/><D113/><U95/><E134/><V18/><F6/><W4/><G109/><T23/><D70/><U120/><E120/><V88/><F114/><W94/><G133/><T40/><D126/><N who="1" m="48747" /><E27/><V75/><F44/><W19/><G4/><T108/><D40/><U37/><E37/><V35/><F35/><W128/><G128/><T72/><D72/><U24/><E24/><V69/><F69/><W7/><G7/><T90/><D98/><N who="1" m="61879" /><E130/><V74/><F15/><W61/><REACH who="3" step="1"/><G43/><REACH who="3" ten="250,250,250,240" step="2"/><T54/><D1/><U33/><E33/><V63/><AGARI ba="0,1" hai="17,18,60,63,64,66,74,75,76,79,88,91,105,106" machi="63" ten="25,12000,2" yaku="0,1,22,2,52,2,54,1" doraHai="56" who="2" fromWho="2" sc="250,-60,250,-30,250,130,240,-30" /><INIT seed="1,0,0,2,5,60" ten="190,220,380,210" oya="1" hai0="89,107,49,127,25,133,62,22,84,52,128,125,35" hai1="135,26,106,83,41,20,64,56,92,110,108,39,15" hai2="85,4,130,100,45,14,113,18,65,80,103,19,132" hai3="48,43,134,76,57,31,8,121,114,109,63,23,51"/><U117/><E106/><V70/><F132/><W119/><G114/><T27/><D107/><U58/><E135/><V13/><F130/><W72/><G134/><T129/><D133/><U1/><E1/><V75/><F75/><W6/><G121/><T74/><D74/><U93/><E117/><V118/><F118/><W88/><G109/><N who="1" m="42090" /><E15/><V94/><F4/><W82/><G119/><T38/><D38/><U96/><E83/><V34/><F34/><W10/><G43/><T99/><D99/><U28/><E64/><V97/><F45/><W21/><G76/><T69/><D35/><U122/><E122/><V0/><F0/><W68/><G72/><T131/><D69/><U5/><E5/><V104/><F70/><W112/><G68/><T53/><D62/><U120/><E120/><V77/><F65/><N who="3" m="39151" /><G112/><T30/><D27/><U33/><E33/><V95/><F113/><W40/><G6/><T115/><D115/><U47/><E93/><V123/><F123/><W66/><G66/><T61/><D61/><U101/><AGARI ba="0,0" hai="20,26,28,39,41,47,56,58,92,96,101" m="42090" machi="101" ten="30,3000,0" yaku="14,1,10,1" doraHai="60" who="1" fromWho="1" sc="190,-10,220,30,380,-10,210,-10" /><INIT seed="1,1,0,0,3,58" ten="180,250,370,200" oya="1" hai0="113,35,89,51,132,124,116,130,134,121,5,135,82" hai1="117,13,32,15,49,112,44,126,27,77,45,85,10" hai2="36,41,25,94,86,75,50,115,33,21,64,118,18" hai3="90,103,30,78,84,68,59,107,105,66,67,0,20"/><U65/><E117/><V43/><F36/><W29/><G0/><T46/><D35/><U128/><E112/><V4/><F4/><W91/><G78/><T81/><D5/><U110/><E128/><V127/><F127/><W76/><G76/><T3/><D3/><U122/><E122/><V72/><F33/><W60/><G103/><T56/><D113/><U69/><E126/><V111/><F111/><W95/><G20/><T1/><D1/><U74/><E74/><V133/><F133/><W53/><G91/><T83/><D124/><U98/><E98/><V38/><F38/><W9/><G9/><T48/><D116/><U123/><E123/><V12/><F118/><W11/><G11/><T129/><D121/><U39/><E39/><V80/><F25/><W7/><G7/><T19/><D19/><U31/><E110/><V102/><F115/><W125/><G125/><T57/><D89/><U40/><E45/><V63/><F72/><W104/><REACH who="3" step="1"/><G67/><REACH who="3" ten="180,250,370,190" step="2"/><T34/><D34/><U109/><E109/><V93/><F102/><W101/><G101/><T28/><D28/><U26/><E10/><V24/><F21/><W131/><G131/><N who="0" m="50187" /><D46/><U92/><E27/><V100/><F24/><W119/><G119/><T62/><D57/><U23/><E32/><V106/><F100/><W42/><G42/><T17/><D17/><U2/><E2/><V70/><F41/><W61/><AGARI ba="1,1" hai="29,30,53,59,60,61,66,68,84,90,95,104,105,107" machi="61" ten="40,8000,1" yaku="1,1,0,1,52,2,53,0" doraHai="58" doraHaiUra="14" who="3" fromWho="3" sc="180,-21,250,-41,370,-21,190,93" /><INIT seed="2,0,0,5,2,2" ten="159,209,349,283" oya="2" hai0="36,73,122,34,90,59,106,4,44,113,35,118,110" hai1="28,10,47,79,7,125,135,29,95,94,0,53,67" hai2="45,41,66,32,65,91,80,12,100,87,11,101,17" hai3="62,96,51,58,104,52,129,132,71,128,119,109,131"/><V105/><F32/><W112/><G104/><T24/><D113/><U22/><E79/><V114/><F114/><W57/><G112/><T39/><D122/><U124/><E67/><V86/><F105/><W103/><G103/><T75/><D106/><U40/><E53/><V26/><F26/><W61/><G96/><T23/><D59/><N who="3" m="22537" /><G119/><T56/><D56/><U14/><E135/><V108/><F108/><W63/><G132/><T120/><D120/><U1/><E1/><V38/><F65/><N who="3" m="41391" /><G109/><T5/><D110/><U19/><E29/><V68/><F66/><W15/><G15/><T16/><D118/><U102/><E28/><V64/><F64/><W121/><G121/><T18/><D90/><U84/><E84/><V3/><F68/><W116/><G116/><T74/><D18/><U21/><E21/><V54/><F3/><W83/><G83/><T78/><D78/><U60/><E60/><V123/><F123/><W20/><G20/><T89/><D89/><U88/><E88/><V98/><F98/><W107/><G107/><T13/><D24/><U97/><REACH who="1" step="1"/><E95/><REACH who="1" ten="159,199,349,283" step="2"/><V49/><REACH who="2" step="1"/><F87/><REACH who="2" ten="159,199,339,283" step="2"/><W93/><G93/><T8/><D35/><U81/><E81/><V43/><F43/><W6/><G63/><T76/><D34/><U33/><E33/><V37/><F37/><AGARI ba="0,2" hai="0,7,10,14,19,22,37,40,47,94,97,102,124,125" machi="37" ten="40,2600,0" yaku="1,1,52,1,53,0" doraHai="2" doraHaiUra="111" who="1" fromWho="2" sc="159,0,199,46,339,-26,283,0" /><INIT seed="3,0,0,3,4,10" ten="159,245,313,283" oya="3" hai0="92,104,107,56,37,124,91,44,102,74,65,128,12" hai1="71,115,66,85,36,105,62,108,13,11,119,118,98" hai2="117,19,49,58,9,90,72,133,17,77,42,103,78" hai3="88,3,87,69,46,23,20,8,129,4,114,2,76"/><W135/><G69/><T134/><D74/><U81/><E115/><V86/><F72/><W109/><G114/><T94/><D124/><U95/><E36/><V41/><F117/><W99/><G3/><T29/><D29/><U75/><E105/><V53/><F103/><W83/><G129/><T54/><D128/><U16/><E75/><V39/><F133/><W111/><G135/><T7/><D134/><U93/><E108/><N who="3" m="41546" /><G46/><T28/><D28/><U48/><E48/><V84/><F39/><W30/><G30/><T5/><D102/><U80/><E80/><N who="2" m="49415" /><F86/><W110/><G110/><T126/><D126/><U52/><E52/><V57/><F58/><W15/><G2/><T38/><D65/><U73/><E73/><V0/><F0/><W70/><G70/><T122/><D122/><U55/><E55/><V130/><F130/><W59/><G59/><T89/><D54/><U68/><E68/><V112/><F112/><W132/><G132/><T116/><D56/><U106/><E106/><V22/><F9/><W113/><G113/><T50/><D116/><N who="1" m="44587" /><E98/><V100/><F100/><W26/><G26/><T27/><D27/><U64/><E66/><V24/><F17/><W121/><G121/><T67/><D67/><U82/><E82/><V1/><F1/><W21/><G99/><T34/><D34/><U97/><E97/><V101/><F101/><W123/><G123/><T96/><D96/><U61/><E62/><V14/><F24/><W35/><G35/><T125/><D125/><U31/><E31/><V47/><F57/><W40/><G40/><AGARI ba="0,0" hai="14,19,22,40,41,42,47,49,53,77,78" m="49415" machi="40" ten="30,2000,0" yaku="8,1,52,1" doraHai="10" who="2" fromWho="3" sc="159,0,245,0,313,20,283,-20" owari="159,-34.0,245,-15.0,333,43.0,263,6.0" /></mjloggm>