<mjloggm ver="2.3"><GO type="97" lobby="0"/><UN n0="%E3%82%A6%E3%83%AB%E3%83%88%E3%83%A9%E7%AB%8B%E7%9B%B4" n1="%5A%41%4B%4B%35%31" n2="%E3%83%92%E3%83%95%E3%83%9F" n3="%41%71%75%CE%B1%72%69%75%73" dan="15,14,13,15" rate="1987.28,1970.35,1835.19,1966.02" sx="M,M,M,M"/><TAIKYOKU oya="0"/><INIT seed="0,0,0,4,3,135" ten="250,250,250,250" oya="0" hai0="75,52,128,122,74,25,37,38,66,46,125,7,112" hai1="12,86,73,18,23,4,99,76,127,27,13,120,57" hai2="85,113,6,121,29,114,89,16,80,53,97,28,93" hai3="101,33,45,60,126,90,104,48,54,77,63,65,49"/><T8/><D112/><U35/><E73/><V9/><F121/><W64/><G33/><T115/><D115/><U51/><E120/><V123/><F123/><W109/><G77/><T119/><D122/><U124/><E35/><V58/><F114/><W39/><G90/><T131/><D119/><U11/><E99/><V110/><F113/><W111/><G101/><T79/><D66/><N who="3" m="25705" /><G104/><T129/><D25/><U72/><E72/><N who="0" m="27689" /><D79/><U56/><E51/><V95/><F110/><N who="3" m="41995" /><G126/><N who="1" m="48170" /><E27/><V15/><F6/><W69/><G39/><T81/><D125/><U71/><E71/><V108/><F108/><W70/><G48/><N who="0" m="28695" /><D81/><AGARI ba="0,0" hai="4,11,12,13,18,23,56,57,76,81,86" m="48170" machi="81" ten="30,7700,0" yaku="18,1,52,3" doraHai="135" who="1" fromWho="0" sc="250,-77,250,77,250,0,250,0" /><INIT seed="1,0,0,3,5,46" ten="173,327,250,250" oya="1" hai0="75,62,128,115,50,68,14,33,57,131,18,80,105" hai1="42,107,26,110,35,106,113,118,3,47,7,43,23" hai2="28,67,109,87,79,132,31,94,126,65,73,71,95" hai3="12,41,59,96,16,24,116,85,15,58,4,86,99"/><U51/><E35/><V69/><F73/><W1/><G1/><T97/><D33/><U89/><E113/><V45/><F109/><W66/><G41/><T39/><D39/><U125/><E118/><V54/><F126/><W83/><G116/><T91/><D115/><U114/><E114/><V10/><F132/><W22/><G86/><T112/><D112/><U82/><E7/><V93/><F71/><W78/><G4/><T63/><D68/><U48/><E3/><V64/><F69/><W6/><G6/><T122/><D122/><U120/><E120/><V32/><F10/><W17/><G24/><T38/><D38/><U49/><E106/><V52/><F32/><W9/><REACH who="3" step="1"/><G66/><REACH who="3" ten="173,327,250,240" step="2"/><T134/><D134/><U30/><E43/><V29/><F45/><W92/><G92/><N who="0" m="56479" /><D105/><U8/><E107/><V13/><F13/><W130/><G130/><N who="0" m="49707" /><D75/><U81/><E110/><V127/><F127/><W108/><G108/><T25/><D25/><U90/><E125/><V53/><F87/><W2/><G2/><T36/><D80/><N who="1" m="30827" /><E8/><V0/><F0/><W74/><G74/><T135/><D135/><U98/><E89/><V37/><F37/><W11/><G11/><T60/><D36/><U129/><E129/><V117/><F117/><W103/><G103/><T119/><D119/><U88/><E90/><V111/><F111/><W21/><G21/><T44/><D14/><U77/><E77/><AGARI ba="0,1" hai="28,29,31,52,53,54,64,65,67,77,79,93,94,95" machi="77" ten="50,32000,5" yakuman="41" doraHai="46" who="2" fromWho="1" sc="173,0,327,-320,250,330,240,0" /><INIT seed="2,0,0,4,5,82" ten="173,7,580,240" oya="2" hai0="79,56,105,45,75,112,22,130,36,87,95,25,3" hai1="32,120,128,41,54,127,108,90,37,30,110,70,64" hai2="71,9,100,115,80,44,83,53,113,74,8,62,46" hai3="103,18,31,47,20,97,98,73,26,77,17,123,118"/><V33/><F33/><W126/><G123/><T57/><D3/><U72/><E30/><V63/><F100/><W107/><G118/><T84/><D105/><U14/><E14/><V92/><F92/><W59/><G126/><T132/><D112/><U19/><E19/><V69/><F53/><W85/><G73/><AGARI ba="0,0" hai="8,9,44,46,62,63,69,71,73,74,80,83,113,115" machi="73" ten="25,2400,0" yaku="22,2" doraHai="82" who="2" fromWho="3" sc="173,0,7,0,580,24,240,-24" /><INIT seed="2,1,0,1,1,45" ten="173,7,604,216" oya="2" hai0="0,5,60,21,84,97,57,104,27,24,19,71,135" hai1="43,65,105,41,99,67,39,15,96,26,59,38,47" hai2="100,7,37,61,95,72,63,53,10,112,122,117,56" hai3="83,75,82,12,73,81,120,94,33,31,48,55,121"/><V87/><F122/><W32/><G12/><T36/><D36/><U52/><E15/><V124/><F117/><W40/><G40/><N who="1" m="15434" /><E26/><V103/><F37/><N who="1" m="13833" /><E105/><V127/><F72/><N who="3" m="27723" /><G55/><T93/><D104/><U42/><E96/><V130/><F112/><W102/><G48/><T131/><D19/><U77/><E77/><V1/><F63/><W80/><N who="3" m="20992" /><DORA hai="34" /><W64/><G64/><N who="1" m="24650" /><E99/><V92/><F87/><W13/><G13/><T62/><D84/><U90/><E90/><V68/><F103/><W20/><G20/><T118/><D21/><U9/><N who="1" m="15442" /><U51/><DORA hai="35" /><E9/><V126/><F100/><W17/><G32/><T66/><D24/><U85/><E85/><V109/><F95/><W91/><G33/><T134/><D93/><U50/><E47/><V106/><F92/><W70/><G31/><T115/><D97/><U28/><E28/><V18/><F106/><W14/><G17/><T58/><D27/><U107/><E107/><V23/><F23/><W49/><G14/><T44/><D44/><U129/><E129/><V11/><F130/><W16/><G16/><T114/><D131/><U132/><E132/><V116/><F18/><W54/><G91/><T98/><D98/><U128/><E128/><V78/><F10/><W30/><G94/><T89/><D89/><U74/><E74/><V22/><F22/><W69/><G102/><T119/><D134/><U4/><E4/><V46/><F78/><W125/><G30/><T2/><D135/><U8/><E8/><V111/><F46/><W29/><G29/><T101/><D5/><U3/><E3/><RYUUKYOKU ba="1,0" sc="173,-10,7,30,604,-10,216,-10" hai1="50,51,52,59" /><INIT seed="3,2,0,4,1,112" ten="163,37,594,206" oya="3" hai0="48,110,7,70,20,123,34,33,71,125,121,128,118" hai1="5,99,106,89,79,103,26,45,67,49,101,9,42" hai2="107,94,80,35,56,82,21,122,117,61,102,62,15" hai3="66,135,109,73,69,8,46,113,58,75,6,19,4"/><W84/><G113/><T10/><D20/><U76/><E67/><V133/><F35/><N who="0" m="13322" /><D48/><U16/><E26/><V3/><F3/><W24/><G69/><N who="0" m="26123" /><D110/><U27/><E101/><V77/><F122/><N who="0" m="46602" /><D125/><U127/><E127/><V86/><F133/><W131/><G135/><T92/><D92/><U108/><E108/><V95/><F107/><W111/><G109/><T28/><D28/><U130/><E130/><V44/><F117/><W37/><G111/><T39/><D128/><U0/><E89/><V68/><F68/><W114/><G114/><T63/><D63/><U64/><E64/><V98/><F44/><W43/><G131/><T81/><D81/><U23/><E0/><V59/><F82/><W74/><G84/><T119/><D39/><U129/><E129/><V29/><F95/><W57/><G66/><T87/><D87/><U38/><E38/><V90/><F77/><W52/><G58/><N who="2" m="22057" /><F29/><W126/><G126/><T104/><D104/><U18/><E18/><AGARI ba="2,0" hai="15,18,21,61,62,80,86,90,94,98,102" m="22057" machi="18" ten="30,1000,0" yaku="8,1" doraHai="112" who="2" fromWho="1" sc="163,0,37,-16,594,16,206,0" owari="163,-24.0,21,-48.0,610,71.0,206,1.0" /></mjloggm>