<mjloggm ver="2.3"><GO type="97" lobby="0"/><UN n0="%45%6C%67%69%6E%31%32%33" n1="%E3%82%A6%E3%83%AB%E3%83%88%E3%83%A9%E7%AB%8B%E7%9B%B4" n2="%E5%B5%8C%E5%BC%B5%E3%81%AE%E4%B8%8B%E6%9D%91" n3="%79%75%53%50" dan="14,15,13,14" rate="1966.64,1919.99,2007.86,1947.07" sx="M,M,M,M"/><TAIKYOKU oya="0"/><INIT seed="0,0,0,4,1,122" ten="250,250,250,250" oya="0" hai0="87,77,104,36,44,91,110,55,106,78,109,26,129" hai1="29,6,64,42,103,18,11,112,83,114,37,107,15" hai2="66,57,71,121,34,123,17,1,81,52,60,97,7" hai3="31,98,24,45,119,130,134,39,20,41,54,21,75"/><T61/><D129/><U23/><E103/><V50/><F34/><W84/><G119/><T108/><D26/><U67/><E107/><N who="0" m="41001" /><D61/><U47/><E67/><V0/><F97/><W105/><G75/><T82/><D55/><U2/><E64/><V19/><F1/><W38/><G130/><T79/><D44/><U53/><E53/><V135/><F135/><W126/><G126/><T73/><D36/><U76/><REACH who="1" step="1"/><E29/><REACH who="1" ten="250,240,250,250" step="2"/><V48/><F121/><W49/><G134/><T120/><D120/><U96/><E96/><V56/><F123/><W95/><G105/><T10/><D10/><U100/><E100/><V131/><F52/><W13/><G84/><AGARI ba="0,1" hai="2,6,11,15,18,23,37,42,47,76,83,84,112,114" machi="84" ten="40,1300,0" yaku="1,1,53,0" doraHai="122" doraHaiUra="117" who="1" fromWho="3" sc="250,0,240,23,250,0,250,-13" /><INIT seed="1,0,0,5,0,26" ten="250,263,250,237" oya="1" hai0="76,134,128,105,18,114,79,80,82,49,60,97,23" hai1="111,98,74,133,68,56,73,0,38,135,33,20,22" hai2="19,64,43,93,72,100,107,3,84,1,103,53,4" hai3="87,108,132,44,31,9,17,37,50,2,129,67,21"/><U106/><E68/><V109/><F72/><N who="1" m="27753" /><E33/><V123/><F123/><W7/><G37/><T71/><D114/><U125/><E0/><V110/><F64/><W70/><G129/><T94/><D105/><U27/><E38/><V65/><F65/><W75/><G75/><T39/><D128/><U5/><E5/><V59/><F43/><W119/><G119/><T58/><D39/><U83/><E56/><V86/><F107/><W120/><G120/><T40/><D71/><U28/><E83/><N who="0" m="31785" /><D134/><N who="1" m="51211" /><E125/><V91/><F4/><W66/><G66/><N who="0" m="39191" /><D49/><U117/><E117/><V118/><F118/><W131/><G131/><T34/><D34/><N who="1" m="20767" /><E111/><N who="2" m="42507" /><F3/><W48/><G108/><T115/><D115/><U62/><E62/><V54/><F1/><W35/><G132/><T30/><D40/><U78/><E78/><V41/><F41/><W8/><G67/><T122/><D122/><U85/><E85/><N who="2" m="52463" /><F59/><W99/><G70/><T45/><D45/><U116/><E116/><V42/><F42/><W96/><G44/><T113/><D113/><U95/><E106/><V11/><F11/><W55/><G9/><T101/><D18/><U10/><E10/><V47/><F19/><W36/><G36/><T16/><D30/><U77/><E77/><V57/><F57/><N who="3" m="32999" /><G50/><T13/><AGARI ba="0,0" hai="13,16,23,76,79,94,97,101" m="39191,31785" machi="13" ten="30,2000,0" yaku="8,1,54,1" doraHai="26" who="0" fromWho="0" sc="250,20,263,-10,250,-5,237,-5" /><INIT seed="2,0,0,1,2,64" ten="270,253,245,232" oya="2" hai0="132,66,38,114,3,65,105,73,82,62,18,135,88" hai1="37,24,71,52,98,6,53,87,91,7,60,125,31" hai2="4,21,11,128,69,14,78,107,44,2,41,81,22" hai3="72,112,89,115,133,130,61,40,76,15,131,9,85"/><V68/><F128/><N who="3" m="49195" /><G40/><T0/><D114/><N who="3" m="43561" /><G61/><T42/><D105/><U75/><E125/><V100/><F107/><W17/><G72/><T95/><D62/><U83/><E37/><N who="2" m="21551" /><F100/><W59/><G76/><N who="0" m="44303" /><D18/><U51/><E75/><N who="2" m="43231" /><F14/><W110/><G59/><T86/><D38/><U29/><E98/><V102/><F102/><W104/><G104/><T103/><D103/><U19/><E53/><V45/><F45/><W108/><G133/><N who="0" m="51275" /><D42/><U101/><E101/><V92/><F92/><AGARI ba="0,0" hai="9,15,17,85,89,92,108,110" m="43561,49195" machi="92" ten="30,2000,0" yaku="19,1,11,1" doraHai="64" who="3" fromWho="2" sc="270,0,253,0,245,-20,232,20" /><INIT seed="3,0,0,3,3,31" ten="270,253,225,252" oya="3" hai0="109,50,21,117,74,66,72,69,120,63,49,10,42" hai1="103,110,51,127,24,38,114,41,111,4,35,73,89" hai2="118,71,1,96,112,14,65,81,94,130,23,119,59" hai3="134,54,52,131,43,32,8,107,58,12,5,0,98"/><W30/><G131/><T79/><D117/><U28/><E114/><V129/><F71/><W122/><G43/><T97/><D120/><U133/><E103/><V88/><F1/><W91/><G122/><T113/><D113/><U85/><E73/><V7/><F112/><W61/><G134/><T15/><D109/><N who="1" m="41483" /><E38/><V16/><F7/><W60/><G12/><T55/><D79/><U45/><E4/><V128/><F81/><W33/><G33/><T57/><D42/><U27/><E27/><V99/><F99/><W87/><G98/><T3/><D49/><U104/><E104/><V83/><F83/><W18/><G107/><T116/><D116/><U13/><E13/><V11/><F11/><W64/><G18/><T106/><D3/><U25/><E25/><V46/><F46/><W37/><G60/><AGARI ba="0,0" hai="14,16,23,59,60,65,88,94,96,118,119,128,129,130" machi="60" ten="40,5200,0" yaku="19,1,54,2" doraHai="31" who="2" fromWho="3" sc="270,0,253,0,225,52,252,-52" /><INIT seed="4,0,0,1,5,73" ten="270,253,277,200" oya="0" hai0="41,128,101,129,34,118,94,81,30,2,17,90,35" hai1="1,51,20,132,121,38,39,110,53,71,124,105,98" hai2="7,92,4,14,72,79,49,86,54,62,84,9,57" hai3="5,125,43,76,99,114,108,12,123,59,135,58,97"/><T23/><D118/><U29/><E20/><V42/><F72/><W91/><G108/><T3/><D101/><U24/><E29/><V48/><F42/><W117/><G117/><T37/><D81/><U103/><E24/><V115/><F115/><W47/><G123/><T63/><D63/><U82/><E51/><N who="2" m="19531" /><F86/><W116/><G116/><T130/><D41/><U64/><E53/><V102/><F102/><W8/><G125/><T67/><D37/><U40/><E40/><V46/><F46/><W112/><G135/><T36/><D36/><U106/><E106/><V26/><F26/><W107/><G97/><N who="0" m="57559" /><D67/><U75/><E110/><V11/><F11/><W52/><G91/><T15/><D30/><U65/><E65/><V127/><F127/><W6/><G99/><T68/><D68/><U45/><E132/><V50/><N who="2" m="19539" /><V100/><DORA hai="13" /><F100/><W69/><G107/><T85/><D85/><U95/><E45/><V134/><F134/><W120/><G69/><T44/><D44/><U113/><E124/><V21/><F21/><W74/><G120/><T55/><D55/><U109/><E109/><V27/><F27/><W83/><G47/><T133/><D133/><U18/><E121/><V32/><F32/><AGARI ba="0,0" hai="2,3,15,17,23,32,34,35,128,129,130" m="57559" machi="32" ten="40,3900,0" yaku="19,1,52,1" doraHai="73,13" who="0" fromWho="2" sc="270,39,253,0,277,-39,200,0" owari="309,41.0,253,5.0,238,-16.0,200,-30.0" /></mjloggm>