<mjloggm ver="2.3"><GO type="97" lobby="0"/><UN n0="%4C%53%E9%99%BD" n1="%71%75%69%6C%74%65" n2="%E7%81%98%E2%98%86%E9%BA%BB%E5%A4%AA%E9%83%8E" n3="%E3%82%A6%E3%83%AB%E3%83%88%E3%83%A9%E7%AB%8B%E7%9B%B4" dan="14,14,15,15" rate="1892.99,1936.91,1926.06,1983.50" sx="M,F,M,M"/><TAIKYOKU oya="0"/><INIT seed="0,0,0,5,3,17" ten="250,250,250,250" oya="0" hai0="25,52,64,30,36,135,97,7,16,120,87,114,55" hai1="44,8,103,22,80,51,74,126,20,117,113,107,50" hai2="85,133,31,45,105,39,14,42,95,48,23,40,79" hai3="58,60,88,125,32,43,4,18,109,11,108,57,122"/><T53/><D120/><U121/><E121/><V102/><F133/><W119/><G32/><T118/><D118/><U78/><E117/><V123/><F105/><W19/><G122/><T67/><D114/><U129/><E113/><V41/><F123/><W99/><G43/><T61/><D36/><U0/><E50/><V75/><F75/><W130/><G119/><T91/><D7/><U127/><E129/><V27/><F39/><W94/><G130/><T24/><D135/><U1/><E103/><V2/><F2/><N who="1" m="1129" /><E107/><V3/><F3/><N who="3" m="415" /><G58/><T106/><D106/><U13/><E13/><V68/><F68/><W70/><G70/><T66/><D97/><U96/><E96/><N who="2" m="59679" /><F14/><W63/><G63/><T10/><D61/><U98/><E98/><V89/><F79/><W84/><G84/><T12/><D30/><U65/><E8/><V59/><F59/><W26/><G19/><T49/><D49/><U110/><E110/><V46/><F46/><W104/><G104/><T29/><D29/><U82/><E82/><AGARI ba="0,0" hai="23,27,31,40,41,42,45,48,82,85,89" m="59679" machi="82" ten="30,2000,0" yaku="8,1,52,1" doraHai="17" who="2" fromWho="1" sc="250,0,250,-20,250,20,250,0" /><AGARI ba="0,0" hai="10,12,16,24,25,52,53,55,64,66,67,82,87,91" machi="82" ten="40,7700,0" yaku="8,1,54,2" doraHai="17" who="0" fromWho="1" sc="250,77,230,-77,270,0,250,0" /><INIT seed="0,1,0,3,4,65" ten="327,153,270,250" oya="0" hai0="79,62,71,0,105,63,130,102,24,57,47,129,30" hai1="50,60,125,14,58,122,28,87,126,88,76,46,17" hai2="82,77,11,74,84,13,52,119,97,134,106,101,92" hai3="81,36,45,91,96,94,100,78,64,4,109,5,114"/><T111/><D0/><U21/><E122/><V40/><F134/><W12/><G109/><T23/><D79/><U68/><E28/><V85/><F40/><W19/><G114/><T35/><D111/><U90/><E76/><V98/><F119/><W124/><G124/><T3/><D3/><U135/><E135/><V59/><F13/><W86/><G36/><T37/><D37/><U32/><E32/><V128/><F11/><W56/><G45/><T44/><D23/><U29/><E29/><V18/><F18/><W9/><G64/><N who="0" m="41375" /><D102/><U22/><E22/><V39/><F39/><W131/><G131/><N who="0" m="50187" /><D105/><U48/><E90/><V10/><F10/><W54/><REACH who="3" step="1"/><G100/><REACH who="3" ten="327,153,270,240" step="2"/><T121/><D121/><U80/><E68/><V25/><F128/><W67/><G67/><AGARI ba="1,1" hai="24,30,35,44,47,57,62,67" m="50187,41375" machi="67" ten="30,2900,0" yaku="19,1,52,1" doraHai="65" who="0" fromWho="3" sc="327,42,153,0,270,0,240,-32" /><INIT seed="0,2,0,0,0,6" ten="369,153,270,208" oya="0" hai0="37,66,119,55,126,74,8,121,20,89,125,61,91" hai1="41,135,107,42,40,24,32,95,94,114,113,5,96" hai2="80,64,17,78,111,69,45,134,90,21,1,110,105" hai3="28,122,100,118,43,4,123,18,56,82,62,103,36"/><T116/><D121/><U33/><E107/><V14/><F134/><W59/><G118/><T46/><D74/><U77/><E24/><V13/><F105/><W102/><G43/><N who="1" m="11010" /><U85/><DORA hai="98" /><E5/><V50/><F1/><W23/><G36/><T15/><D20/><U86/><E77/><V52/><F90/><N who="0" m="34314" /><D55/><U26/><E26/><V60/><REACH who="2" step="1"/><F13/><REACH who="2" ten="369,153,260,208" step="2"/><N who="3" m="9679" /><G28/><T22/><D15/><U129/><E96/><V65/><F65/><W48/><G122/><T71/><D66/><U35/><E129/><V133/><F133/><W72/><G123/><T104/><D104/><U19/><E19/><V75/><AGARI ba="2,1" hai="14,17,21,45,50,52,60,64,69,75,78,80,110,111" machi="75" ten="30,4000,0" yaku="1,1,0,1,54,1,53,0" doraHai="6,98" doraHaiUra="0,87" who="2" fromWho="2" sc="369,-22,153,-12,260,56,208,-12" /><INIT seed="1,0,0,4,2,111" ten="347,141,316,196" oya="1" hai0="126,127,7,130,57,46,65,106,124,86,37,114,116" hai1="53,30,120,102,60,81,87,133,107,0,17,135,91" hai2="97,3,21,34,132,73,123,103,39,68,61,42,108" hai3="88,43,62,11,113,115,51,83,59,36,22,76,56"/><U66/><E120/><V9/><F108/><W71/><G22/><T48/><D106/><U10/><E30/><V95/><F132/><N who="1" m="50761" /><E53/><V82/><F123/><W72/><G11/><T117/><D7/><N who="1" m="1383" /><E17/><V118/><F34/><W122/><G88/><T58/><D86/><U45/><E45/><V125/><F125/><W35/><G35/><T27/><D27/><U8/><E8/><V121/><F118/><N who="0" m="45674" /><D37/><U19/><E19/><V18/><F121/><W52/><G122/><T131/><D114/><U38/><E38/><V2/><F42/><W105/><G105/><T25/><D25/><U100/><E107/><V5/><F39/><W84/><G72/><T79/><D79/><U94/><E81/><V93/><F3/><W110/><G110/><T63/><D58/><AGARI ba="0,0" hai="58,60,66,87,91,94,100,102" m="1383,50761" machi="58" ten="30,1500,0" yaku="20,1" doraHai="111" who="1" fromWho="0" sc="347,-15,141,15,316,0,196,0" /><INIT seed="1,1,0,3,1,86" ten="332,156,316,196" oya="1" hai0="64,71,91,85,46,101,94,61,9,117,42,99,134" hai1="133,100,126,82,109,78,68,104,38,74,102,73,83" hai2="40,125,118,96,69,113,107,35,4,44,14,24,54" hai3="33,132,21,30,62,80,114,110,106,48,92,6,57"/><U43/><E38/><V95/><F125/><W128/><G33/><T72/><D72/><U97/><E43/><V81/><F118/><W45/><G106/><T76/><D134/><U5/><E126/><V32/><F107/><W103/><G128/><T22/><D117/><U93/><E5/><V135/><F135/><W31/><G110/><T63/><D76/><N who="1" m="44303" /><E68/><V0/><F0/><W66/><G132/><T88/><D61/><U115/><E115/><V89/><F69/><W13/><G114/><T60/><D60/><U98/><E133/><V84/><F54/><W56/><G56/><T50/><D22/><U34/><E34/><V49/><F24/><W19/><G6/><T17/><D17/><U70/><E70/><V129/><F129/><W90/><G103/><T123/><D123/><U108/><AGARI ba="1,0" hai="74,78,83,93,97,98,100,102,104,108,109" m="44303" machi="108" ten="30,3000,0" yaku="34,2" doraHai="86" who="1" fromWho="1" sc="332,-11,156,33,316,-11,196,-11" /><INIT seed="1,2,0,4,0,18" ten="321,189,305,185" oya="1" hai0="1,111,77,73,100,125,52,120,69,87,46,92,103" hai1="17,20,132,124,23,2,58,35,54,110,129,99,91" hai2="12,44,84,30,81,14,56,10,43,25,59,115,98" hai3="5,13,65,76,121,21,114,26,55,33,57,41,123"/><U62/><E35/><V127/><F127/><W118/><G114/><T95/><D125/><U82/><E2/><V113/><F98/><W78/><G33/><T96/><D120/><U70/><E70/><V94/><F94/><W79/><G118/><T126/><D126/><U40/><E40/><V50/><F25/><W112/><G112/><N who="2" m="43081" /><F30/><W89/><G65/><T74/><D69/><U19/><E124/><V80/><F80/><W75/><G75/><T6/><D6/><U53/><E17/><N who="2" m="8343" /><F14/><W134/><G134/><T38/><D1/><U90/><E19/><V36/><F36/><W16/><G41/><T97/><D38/><U24/><E24/><V85/><F85/><W11/><REACH who="3" step="1"/><G89/><AGARI ba="2,0" hai="43,44,50,56,59,81,84,89" m="8343,43081" machi="89" ten="30,1000,0" yaku="11,1" doraHai="18" who="2" fromWho="3" sc="321,0,189,0,305,16,185,-16" /><INIT seed="2,0,0,1,2,36" ten="321,189,321,169" oya="2" hai0="111,117,51,21,23,16,93,54,38,35,43,55,65" hai1="126,84,121,41,61,120,57,125,47,131,114,66,28" hai2="7,22,63,99,116,79,82,0,122,95,77,68,94" hai3="115,83,6,17,98,69,42,12,102,50,119,73,128"/><V45/><F116/><W53/><G69/><T4/><D35/><U87/><E28/><V15/><F122/><N who="1" m="47209" /><E114/><V14/><F0/><W104/><G119/><T88/><D4/><U130/><E84/><V74/><F79/><W133/><G115/><T112/><D112/><U72/><E87/><V86/><F74/><W85/><G73/><T62/><D117/><U26/><E26/><V29/><F95/><W107/><G6/><T13/><D111/><U134/><E72/><V34/><F34/><W71/><G71/><T124/><D124/><N who="1" m="47723" /><E134/><V10/><F45/><W135/><G128/><T92/><D38/><AGARI ba="0,0" hai="38,41,47,57,61,66,130,131" m="47723,47209" machi="38" ten="30,8000,1" yaku="13,1,18,1,34,2,52,1" doraHai="36" who="1" fromWho="0" sc="321,-80,189,80,321,0,169,0" /><INIT seed="3,0,0,5,0,3" ten="241,269,321,169" oya="3" hai0="43,86,67,79,122,28,30,55,50,23,46,83,100" hai1="9,84,56,10,44,132,69,87,78,64,70,99,0" hai2="41,22,119,106,33,110,19,92,60,91,53,20,42" hai3="12,38,40,59,51,96,108,72,103,89,21,32,113"/><W123/><G32/><T115/><D122/><U125/><E125/><V39/><F110/><W104/><G123/><T126/><D126/><U76/><E132/><V114/><F114/><W135/><G113/><T102/><D115/><U36/><E99/><V68/><F119/><W52/><G135/><T107/><D67/><U95/><E95/><V97/><F106/><W121/><G121/><T88/><D107/><U73/><E56/><N who="2" m="34831" /><F33/><W129/><G108/><T90/><D79/><U127/><E127/><V49/><F68/><N who="1" m="26217" /><E10/><V54/><F39/><W130/><G72/><T15/><D90/><U82/><E64/><V133/><F133/><W25/><G89/><T26/><D43/><N who="2" m="16394" /><F19/><W6/><G40/><T118/><D118/><U37/><E73/><V31/><F31/><N who="0" m="11818" /><D15/><U34/><E0/><V48/><F48/><W17/><REACH who="3" step="1"/><G38/><REACH who="3" ten="241,269,321,159" step="2"/><T63/><D63/><U62/><E36/><V4/><F4/><W109/><G109/><T117/><D117/><U24/><E62/><V1/><F1/><W112/><G112/><T8/><D8/><AGARI ba="0,1" hai="6,8,12,17,21,25,51,52,59,96,103,104,129,130" machi="8" ten="40,7700,0" yaku="1,1,52,1,54,1,53,0" doraHai="3" doraHaiUra="65" who="3" fromWho="0" sc="241,-77,269,0,321,0,159,87" /><INIT seed="3,1,0,4,1,82" ten="164,269,321,246" oya="3" hai0="32,101,7,133,59,108,20,1,72,85,102,100,79" hai1="2,14,9,92,0,8,61,111,126,48,18,70,115" hai2="86,53,131,120,76,91,134,22,93,95,119,50,67" hai3="49,33,109,36,23,52,107,74,5,29,78,87,98"/><W39/><G33/><T11/><D32/><U16/><E115/><V65/><F119/><W40/><G40/><T96/><D133/><U129/><E111/><V128/><F134/><W47/><G74/><T19/><D108/><U43/><E126/><V46/><F120/><W118/><G118/><T12/><D72/><U135/><E129/><N who="2" m="49739" /><F76/><W73/><G5/><T31/><D59/><U99/><E135/><V3/><F3/><W88/><G23/><T45/><D45/><N who="1" m="25663" /><E70/><V77/><F77/><W83/><G29/><T80/><REACH who="0" step="1"/><D31/><REACH who="0" ten="154,269,321,246" step="2"/><U4/><E0/><V60/><F46/><W17/><G109/><T125/><D125/><U110/><E2/><V97/><F65/><W21/><G73/><T112/><D112/><U27/><E110/><V63/><F67/><W35/><G35/><T42/><D42/><U6/><E6/><V117/><F117/><W15/><G39/><T55/><D55/><U41/><E41/><V44/><F22/><W123/><G36/><T94/><AGARI ba="1,1" hai="1,7,11,12,19,20,79,80,85,94,96,100,101,102" machi="94" ten="20,5200,0" yaku="1,1,0,1,7,1,52,1,53,0" doraHai="82" doraHaiUra="57" who="0" fromWho="0" sc="154,65,269,-14,321,-14,246,-27" owari="219,-18.0,255,6.0,307,40.0,219,-28.0" /></mjloggm>