<mjloggm ver="2.3"><GO type="97" lobby="0"/><UN n0="%E3%82%B6%E3%82%AC%E3%83%AD" n1="%E5%B2%A9%E6%89%8B%E3%81%AE" n2="%E3%82%A6%E3%83%AB%E3%83%88%E3%83%A9%E7%AB%8B%E7%9B%B4" n3="%4D%4F%2D%46%55" dan="13,14,15,13" rate="1887.35,1903.61,1999.37,1859.92" sx="M,M,M,M"/><TAIKYOKU oya="0"/><INIT seed="0,0,0,4,3,123" ten="250,250,250,250" oya="0" hai0="53,45,108,96,83,81,106,93,48,82,49,6,118" hai1="15,72,67,55,110,89,129,1,115,18,42,79,94" hai2="41,30,61,134,29,40,20,7,128,125,57,11,37" hai3="62,124,84,107,60,10,112,35,127,8,133,101,92"/><T117/><D106/><U98/><E1/><V109/><F37/><W24/><G107/><T33/><D33/><U27/><E67/><V44/><F44/><W85/><G112/><T130/><D130/><U2/><E129/><V16/><F128/><W46/><G35/><T0/><D0/><U56/><E2/><V4/><F11/><W71/><G71/><T58/><D6/><N who="2" m="2090" /><F125/><N who="3" m="48203" /><G46/><T65/><D65/><U74/><E42/><N who="2" m="16491" /><F134/><W114/><G24/><T70/><D70/><U54/><E115/><V135/><F135/><W17/><G133/><T100/><REACH who="0" step="1"/><D108/><REACH who="0" ten="240,250,250,250" step="2"/><U32/><E110/><V121/><F109/><W131/><G131/><T12/><D12/><U132/><E132/><V87/><F121/><W22/><G114/><T113/><D113/><U95/><E32/><V64/><F87/><W28/><G85/><T111/><D111/><U34/><E74/><V126/><F126/><W19/><G84/><T88/><D88/><U9/><E34/><V86/><F86/><W105/><G105/><T43/><AGARI ba="0,1" hai="43,45,48,49,53,58,81,82,83,93,96,100,117,118" machi="43" ten="30,3000,0" yaku="1,1,0,1,53,0" doraHai="123" doraHaiUra="69" who="0" fromWho="0" sc="240,40,250,-10,250,-10,250,-10" /><INIT seed="0,1,0,2,5,112" ten="280,240,240,240" oya="0" hai0="49,115,94,6,11,16,48,96,63,12,129,134,81" hai1="39,120,132,73,35,52,58,41,1,71,78,36,54" hai2="7,84,88,40,83,2,0,55,70,108,99,38,9" hai3="14,131,105,79,98,86,121,22,69,29,59,133,51"/><T34/><D115/><U80/><E35/><V82/><F70/><W116/><G69/><T45/><D34/><U18/><E120/><V62/><F108/><W47/><G121/><T15/><D134/><U90/><E132/><V101/><F83/><W111/><G133/><T44/><D129/><U61/><E71/><V135/><F135/><W110/><G131/><T30/><D30/><U56/><E1/><V124/><F124/><W33/><G33/><T20/><D63/><U113/><E113/><V57/><F40/><W64/><G29/><T114/><D81/><U28/><E28/><V19/><F19/><W89/><G111/><T60/><D60/><U24/><E90/><V67/><F38/><W27/><G110/><T87/><D87/><U43/><E39/><V95/><F67/><W74/><G86/><T119/><D119/><U5/><E5/><V109/><F109/><W127/><G116/><T125/><D125/><U92/><E92/><V75/><F75/><W126/><G74/><T23/><D23/><U117/><E117/><V77/><REACH who="2" step="1"/><F2/><REACH who="2" ten="280,240,230,240" step="2"/><W8/><G127/><T97/><D114/><U4/><E36/><V46/><F46/><W122/><G47/><T103/><D45/><U42/><E42/><V10/><F10/><W21/><G126/><T93/><D44/><U91/><E41/><V66/><F66/><W26/><G64/><T53/><D53/><U25/><E43/><V128/><F128/><W123/><G8/><T130/><D130/><U68/><E68/><V31/><F31/><W32/><G123/><T118/><D118/><U107/><E73/><RYUUKYOKU ba="1,1" sc="280,15,240,-15,230,15,240,-15" hai0="6,11,12,15,16,20,48,49,93,94,96,97,103" hai2="0,7,9,55,57,62,77,82,84,88,95,99,101" /><INIT seed="0,2,1,0,2,51" ten="295,225,245,225" oya="0" hai0="41,12,83,46,68,15,26,90,3,20,39,31,43" hai1="56,105,100,103,102,122,67,93,61,58,108,50,14" hai2="27,1,53,98,22,78,131,115,81,89,95,64,52" hai3="119,57,11,84,71,77,48,23,24,113,75,10,92"/><T111/><D3/><U130/><E122/><V38/><F1/><W13/><G71/><T86/><D68/><U96/><E130/><V70/><F38/><W128/><G128/><T37/><REACH who="0" step="1"/><D111/><REACH who="0" ten="285,225,245,225" step="2"/><U32/><E108/><V118/><F131/><W80/><G119/><T106/><D106/><U25/><E105/><V59/><F118/><W101/><G113/><T60/><D60/><U47/><E32/><V104/><F104/><W63/><G63/><T19/><D19/><U36/><E36/><V116/><F70/><W73/><G75/><T30/><D30/><U120/><E120/><V54/><F116/><W34/><G73/><T126/><D126/><U69/><E69/><V2/><F2/><W5/><G34/><T35/><D35/><U45/><E25/><V66/><F115/><W124/><G124/><T135/><D135/><U29/><E14/><V123/><F123/><W7/><G24/><T88/><D88/><N who="1" m="55335" /><E29/><N who="2" m="17655" /><F59/><W40/><G57/><T4/><D4/><U99/><E58/><V33/><F33/><W91/><G5/><T132/><D132/><U76/><E47/><AGARI ba="2,2" hai="12,15,20,26,31,37,39,41,43,46,47,83,86,90" machi="47" ten="40,3900,0" yaku="1,1,9,1,53,0" doraHai="51" doraHaiUra="133" who="0" fromWho="1" sc="285,65,225,-45,245,0,225,0" /><INIT seed="0,3,0,5,2,31" ten="350,180,245,225" oya="0" hai0="125,72,7,2,41,135,29,114,24,17,52,6,37" hai1="12,62,5,74,105,43,32,20,75,109,64,45,110" hai2="23,13,124,61,11,128,134,96,132,4,115,26,46" hai3="65,73,77,100,98,39,91,8,80,55,83,50,34"/><T94/><D114/><U131/><E105/><V86/><F115/><W42/><G34/><T9/><D72/><U117/><E117/><V95/><F124/><W82/><G65/><T53/><D125/><U14/><E131/><V66/><F128/><W47/><G91/><T58/><D135/><U108/><E5/><V87/><F46/><W57/><REACH who="3" step="1"/><G8/><REACH who="3" ten="350,180,245,215" step="2"/><T130/><D9/><U70/><E32/><V106/><F134/><W3/><G3/><T71/><D2/><U60/><E20/><V0/><F132/><W107/><AGARI ba="3,1" hai="39,42,47,50,55,57,73,77,80,82,83,98,100,107" machi="107" ten="20,2700,0" yaku="1,1,0,1,7,1,53,0" doraHai="31" doraHaiUra="25" who="3" fromWho="3" sc="350,-16,180,-10,245,-10,215,46" /><INIT seed="1,0,0,1,2,69" ten="334,170,235,261" oya="1" hai0="13,25,27,22,66,5,123,105,50,42,19,35,125" hai1="85,31,18,6,48,132,100,101,41,133,122,120,90" hai2="109,37,45,23,33,84,38,117,92,36,20,75,102" hai3="83,40,12,4,129,88,135,7,43,63,24,97,29"/><U74/><E74/><V99/><F75/><W2/><G2/><T62/><D105/><U87/><E31/><V39/><F33/><W47/><G129/><T82/><D125/><U72/><E6/><V28/><F117/><W21/><G135/><N who="1" m="51786" /><E48/><V44/><N who="2" m="9216" /><DORA hai="104" /><V81/><F109/><W114/><G63/><T106/><D106/><U15/><E41/><N who="3" m="15946" /><G114/><T110/><D110/><U112/><E72/><V26/><REACH who="2" step="1"/><F23/><REACH who="2" ten="334,170,225,261" step="2"/><W34/><G34/><T94/><D22/><N who="1" m="11615" /><E112/><V46/><F46/><W131/><G47/><T126/><D35/><U9/><E9/><V53/><F53/><W14/><G21/><T0/><D126/><U58/><E122/><V11/><F11/><W16/><G29/><T51/><D123/><U98/><E120/><V118/><F118/><W55/><G55/><T3/><D42/><U64/><E64/><V78/><AGARI ba="0,1" hai="20,26,28,44,45,78,81,84,92,99,102" m="9216" machi="78" ten="60,12000,2" yaku="1,1,0,1,52,4,53,0" doraHai="69,104" doraHaiUra="59,128" who="2" fromWho="2" sc="334,-30,170,-60,225,130,261,-30" /><INIT seed="2,0,0,3,5,30" ten="304,110,355,231" oya="2" hai0="126,93,53,85,17,95,73,128,65,127,1,47,22" hai1="49,19,25,102,62,18,70,100,71,12,81,31,89" hai2="51,118,105,43,119,83,21,24,34,99,40,11,39" hai3="80,78,88,0,112,15,55,4,104,16,14,38,63"/><V46/><F11/><W74/><G38/><T64/><D73/><U77/><E71/><V29/><F83/><W59/><G112/><T108/><D1/><U87/><E70/><V48/><F39/><W90/><G104/><T8/><D8/><U86/><E62/><V2/><F2/><W36/><G36/><T130/><D108/><U110/><E110/><V124/><F124/><N who="0" m="47658" /><D47/><U76/><E19/><V92/><F105/><W75/><G75/><T9/><D9/><U122/><E122/><V23/><F119/><W13/><G0/><T3/><D53/><U28/><E49/><V132/><F132/><W72/><G72/><T69/><D3/><U123/><E123/><V66/><F66/><N who="0" m="25706" /><D69/><U120/><E120/><V117/><F117/><W54/><G4/><T135/><D85/><U61/><E61/><V26/><F118/><W56/><REACH who="3" step="1"/><G16/><REACH who="3" ten="304,110,355,221" step="2"/><T27/><D135/><U109/><E109/><V107/><F107/><W6/><G6/><T5/><D5/><U50/><E28/><V60/><F29/><W20/><G20/><T35/><D35/><U101/><E31/><V44/><F34/><W42/><G42/><T82/><D82/><U121/><E25/><V96/><F92/><AGARI ba="0,1" hai="17,22,27,92,93,95,128,130" m="25706,47658" machi="92" ten="30,1000,0" yaku="18,1" doraHai="30" who="0" fromWho="2" sc="304,20,110,0,355,-10,221,0" /><INIT seed="3,0,0,2,0,2" ten="324,110,345,221" oya="3" hai0="79,94,5,90,103,60,110,30,61,28,46,64,97" hai1="57,132,10,68,34,50,81,21,18,45,52,0,31" hai2="63,25,47,56,3,102,122,109,116,125,35,26,7" hai3="95,87,89,129,11,72,70,127,128,1,48,135,12"/><W32/><G1/><T105/><D110/><U58/><E68/><V99/><F116/><W55/><G32/><T92/><D79/><U8/><E132/><V38/><F35/><W44/><G70/><T84/><D105/><U24/><E10/><V133/><F109/><W19/><G72/><T51/><D5/><U108/><E108/><V9/><F133/><W4/><G135/><T76/><D76/><U114/><E114/><V16/><F125/><W134/><G127/><T107/><D107/><U36/><E36/><V113/><F113/><W62/><G134/><T112/><D112/><U6/><REACH who="1" step="1"/><E81/><REACH who="1" ten="324,100,345,221" step="2"/><V14/><F38/><W39/><G39/><T65/><D65/><U17/><E17/><V118/><F16/><W88/><G129/><T15/><D15/><AGARI ba="0,1" hai="0,6,8,15,18,21,24,31,34,45,50,52,57,58" machi="15" ten="30,12000,2" yaku="1,1,7,1,24,2,52,1,54,1,53,1" doraHai="2" doraHaiUra="27" who="1" fromWho="0" sc="324,-120,100,130,345,0,221,0" owari="204,-30.0,230,3.0,345,45.0,221,-18.0" /></mjloggm>