<mjloggm ver="2.3"><GO type="169" lobby="0"/><UN n0="%69%6F%64%69%6E%65" n1="%E7%A5%AD%E4%BA%BA" n2="%E3%82%A6%E3%83%AB%E3%83%88%E3%83%A9%E7%AB%8B%E7%9B%B4" n3="%70%70%67%75%6E" dan="16,17,17,16" rate="2081.64,2127.35,2063.64,2114.20" sx="M,M,M,M"/><TAIKYOKU oya="0"/><INIT seed="0,0,0,1,4,104" ten="250,250,250,250" oya="0" hai0="131,41,9,105,115,32,21,69,77,134,40,97,53" hai1="106,101,23,57,6,34,43,30,96,111,85,119,4" hai2="62,103,68,86,72,58,98,7,61,27,114,117,83" hai3="89,63,35,124,26,55,95,10,65,60,94,67,88"/><T0/><D115/><U125/><E119/><V52/><F114/><W24/><G124/><T51/><D32/><U91/><E125/><V110/><F117/><W81/><G35/><T2/><D69/><U90/><E34/><V42/><F110/><W8/><REACH who="3" step="1"/><G55/><REACH who="3" ten="250,250,250,240" step="2"/><T17/><D53/><U100/><E111/><V87/><F52/><W132/><G132/><T38/><D134/><U79/><E43/><V39/><F42/><W66/><G66/><T56/><D40/><U127/><E127/><V18/><F62/><W129/><G129/><T64/><D131/><U82/><E100/><V48/><F61/><W59/><G59/><T22/><D64/><U130/><E130/><V78/><F58/><W31/><G31/><T75/><D56/><U102/><E101/><V36/><F103/><W74/><G74/><T20/><D75/><U1/><E102/><V50/><F72/><W123/><G123/><T33/><D33/><U44/><E57/><V28/><F68/><W80/><AGARI ba="0,1" hai="8,10,24,26,60,63,65,67,80,81,88,89,94,95" machi="80" ten="25,12000,2" yaku="1,1,0,1,22,2,8,1,54,1,53,0" doraHai="104" doraHaiUra="121" who="3" fromWho="3" sc="250,-60,250,-30,250,-30,240,130" /><INIT seed="1,0,0,0,0,131" ten="190,220,220,370" oya="1" hai0="93,48,110,78,99,122,63,17,41,107,127,4,50" hai1="45,35,19,58,61,29,87,34,80,130,12,111,117" hai2="18,31,53,125,37,22,7,97,23,72,105,86,104" hai3="28,81,101,95,94,8,64,51,56,21,60,134,98"/><U54/><E117/><V46/><F125/><W24/><G134/><T89/><D127/><U55/><E130/><V62/><F72/><W79/><G8/><T73/><D110/><U65/><E111/><V115/><F115/><W9/><G9/><T103/><D122/><U2/><E2/><V121/><F121/><W40/><G94/><T82/><D4/><U96/><E96/><V102/><F7/><W16/><G40/><T76/><D76/><U15/><E34/><V106/><F31/><W36/><G36/><T92/><D92/><U27/><E45/><V133/><F23/><W57/><G51/><T124/><D124/><U113/><E113/><V39/><F39/><W10/><G10/><T38/><D63/><U112/><E112/><V52/><F53/><W30/><REACH who="3" step="1"/><G57/><REACH who="3" ten="190,220,220,360" step="2"/><T90/><D38/><U3/><E3/><V118/><F37/><W42/><G42/><T59/><D41/><U126/><E126/><V132/><F118/><W11/><G11/><T75/><D59/><U88/><REACH who="1" step="1"/><E12/><REACH who="1" ten="190,210,220,360" step="2"/><V33/><F46/><W114/><G114/><T26/><D99/><U70/><E70/><V1/><F1/><W91/><G91/><T13/><D90/><U25/><E25/><V20/><F97/><W66/><G66/><T47/><D13/><U5/><E5/><V6/><F6/><W119/><G119/><T32/><D89/><U108/><E108/><V109/><F109/><W100/><G100/><T85/><D103/><U44/><E44/><V68/><F102/><W123/><G123/><T49/><D47/><U135/><E135/><V128/><F133/><RYUUKYOKU ba="0,2" sc="190,-15,210,15,220,-15,360,15" hai1="15,19,27,29,35,54,55,58,61,65,80,87,88" hai3="16,21,24,28,30,56,60,64,79,81,95,98,101" /><INIT seed="1,1,2,2,0,24" ten="175,225,205,375" oya="1" hai0="2,91,120,50,21,77,76,84,13,80,106,100,51" hai1="61,69,107,48,57,22,82,126,102,65,54,41,87" hai2="86,29,109,47,119,38,46,27,12,75,66,134,99" hai3="116,115,72,63,8,4,94,0,52,9,131,36,67"/><U133/><E133/><V114/><F75/><W56/><G115/><T78/><D2/><U105/><E126/><V89/><F119/><W60/><G116/><T113/><D113/><U93/><E41/><V25/><F134/><W55/><G131/><T31/><D120/><U101/><E22/><V83/><F38/><W10/><G36/><T16/><REACH who="0" step="1"/><D31/><REACH who="0" ten="165,225,205,375" step="2"/><U135/><E135/><V127/><F114/><W37/><G0/><T35/><D35/><U81/><E81/><V90/><F127/><W7/><G4/><T112/><D112/><U111/><E111/><V124/><F124/><W18/><G7/><T122/><D122/><U74/><E74/><V64/><F109/><W96/><G18/><T97/><AGARI ba="1,3" hai="13,16,21,50,51,76,77,78,80,84,91,97,100,106" machi="97" ten="30,4000,0" yaku="1,1,0,1,54,1,53,0" doraHai="24" doraHaiUra="104" who="0" fromWho="0" sc="165,73,225,-21,205,-11,375,-11" /><INIT seed="2,0,0,0,5,94" ten="238,204,194,364" oya="2" hai0="82,91,69,77,14,127,85,30,73,29,22,83,71" hai1="42,68,132,56,1,57,123,117,27,65,61,103,66" hai2="112,104,51,134,59,70,87,18,92,50,13,131,38" hai3="25,106,100,9,113,128,21,89,8,15,86,72,53"/><V133/><F104/><W17/><G72/><T75/><D127/><U32/><E1/><V98/><F70/><W23/><G128/><T3/><D3/><U20/><E117/><V35/><F35/><W60/><G113/><T4/><D75/><U54/><E32/><V63/><F38/><W96/><G53/><T110/><D110/><U48/><E132/><V40/><F87/><W26/><G60/><T107/><D107/><U78/><E123/><V6/><F6/><W43/><G43/><T12/><D12/><U45/><E78/><V5/><F5/><W44/><G44/><T95/><D82/><U121/><E121/><V80/><F80/><W109/><G109/><T111/><D111/><U120/><E120/><V37/><F37/><W10/><REACH who="3" step="1"/><G23/><REACH who="3" ten="238,204,194,354" step="2"/><T11/><D22/><U93/><E65/><N who="2" m="39167" /><F40/><W0/><G0/><T55/><D55/><U124/><E42/><V122/><F112/><W81/><AGARI ba="0,1" hai="8,9,10,15,17,21,25,26,81,86,89,96,100,106" machi="81" ten="30,7900,0" yaku="1,1,0,1,52,1,53,1" doraHai="94" doraHaiUra="19" who="3" fromWho="3" sc="238,-20,204,-20,194,-39,354,89" /><INIT seed="3,0,0,5,5,75" ten="218,184,155,443" oya="3" hai0="100,129,12,38,73,1,120,123,131,42,7,121,30" hai1="45,29,132,47,81,127,99,80,9,34,124,109,53" hai2="77,35,64,26,112,119,44,52,114,82,63,62,113" hai3="59,97,65,28,20,71,8,40,108,126,2,110,134"/><W25/><G71/><T133/><D133/><U86/><E132/><V118/><F26/><W79/><G134/><T55/><D100/><U68/><E68/><V41/><F35/><W50/><G126/><T51/><D30/><U102/><E109/><N who="3" m="42090" /><G97/><T88/><D1/><U89/><E80/><V69/><F62/><N who="3" m="38111" /><G2/><T27/><D129/><U70/><E70/><V106/><F106/><W4/><G4/><T128/><D7/><U78/><E9/><V43/><F43/><W115/><G8/><T16/><D42/><U90/><E99/><V101/><F101/><W85/><G115/><T111/><D111/><U60/><E102/><V21/><F21/><W67/><G67/><T83/><D128/><U19/><E124/><V6/><F6/><W105/><G105/><T61/><D131/><U87/><E34/><V31/><F52/><W23/><G20/><T104/><D55/><U74/><E53/><V11/><F11/><W56/><G56/><T36/><D104/><U107/><E107/><V76/><F31/><W24/><G25/><T91/><D27/><U103/><E127/><V84/><REACH who="2" step="1"/><F77/><REACH who="2" ten="218,184,145,443" step="2"/><W72/><G79/><N who="0" m="44527" /><D123/><U15/><E103/><V49/><AGARI ba="0,1" hai="41,44,49,63,64,69,76,82,84,112,113,114,118,119" machi="49" ten="30,7900,0" yaku="1,1,0,1,52,1,53,1" doraHai="75" doraHaiUra="57" who="2" fromWho="2" sc="218,-20,184,-20,145,89,443,-39" /><INIT seed="4,0,0,0,3,115" ten="198,164,234,404" oya="0" hai0="73,72,32,128,111,125,21,121,70,99,63,81,48" hai1="133,40,35,87,91,90,65,36,29,95,113,41,2" hai2="28,110,69,94,47,75,102,77,124,11,24,46,16" hai3="44,119,123,31,67,26,84,83,68,61,132,33,66"/><T38/><D121/><U114/><E2/><V4/><F69/><W71/><G123/><T12/><D32/><U1/><E1/><V134/><F110/><W76/><G132/><T62/><D38/><U97/><E133/><V25/><F134/><W22/><G119/><T122/><D122/><U55/><E65/><V43/><F124/><W7/><G7/><T6/><D125/><U117/><E117/><V100/><F77/><W56/><G66/><T0/><D0/><U34/><E55/><V59/><F75/><W57/><G56/><T27/><D111/><U54/><E54/><V107/><F107/><W51/><G33/><N who="1" m="12298" /><E29/><V120/><F28/><W118/><G118/><T10/><D73/><U60/><E60/><V104/><F104/><W15/><G15/><T85/><D72/><U3/><E36/><V49/><F4/><W82/><G83/><T96/><D48/><U116/><E3/><V89/><F120/><W13/><G13/><T5/><D5/><U19/><E19/><V30/><F30/><W127/><G127/><T130/><D63/><U53/><E53/><AGARI ba="0,0" hai="22,26,31,44,51,53,57,61,67,68,71,76,82,84" machi="53" ten="30,1000,0" yaku="7,1" doraHai="115" who="3" fromWho="1" sc="198,0,164,-10,234,0,404,10" /><INIT seed="5,0,0,5,3,114" ten="198,154,234,414" oya="1" hai0="22,91,15,74,82,130,111,123,45,26,43,105,113" hai1="20,85,37,81,51,55,8,2,23,84,4,128,118" hai2="127,125,98,107,72,31,108,122,32,131,28,69,7" hai3="61,24,99,33,12,97,119,132,36,19,56,64,3"/><U38/><E128/><V102/><F31/><W90/><G3/><T10/><D111/><U66/><E66/><V47/><F47/><W83/><G36/><T39/><D105/><U16/><E23/><V1/><F7/><W104/><G132/><T73/><D130/><U52/><E118/><V58/><F58/><W60/><G119/><T100/><D100/><U57/><E55/><V27/><F98/><W126/><G126/><T17/><D113/><U129/><E129/><V6/><F102/><W79/><G104/><T133/><D133/><U63/><E63/><V110/><F27/><W96/><G33/><T94/><D82/><U9/><E9/><V116/><F6/><W35/><G61/><T54/><D54/><U92/><E84/><V106/><F28/><W93/><G24/><T40/><D40/><U18/><E18/><V71/><F71/><W48/><G48/><T115/><D123/><U89/><E81/><V50/><F50/><W62/><G35/><T112/><D115/><U80/><E80/><V86/><F86/><N who="3" m="48511" /><G62/><T5/><REACH who="0" step="1"/><D112/><REACH who="0" ten="188,154,234,414" step="2"/><U78/><REACH who="1" step="1"/><E78/><REACH who="1" ten="188,144,234,414" step="2"/><V75/><F131/><W77/><G77/><T13/><D13/><AGARI ba="0,2" hai="2,4,8,13,16,20,37,38,51,52,57,85,89,92" machi="13" ten="30,18000,2" yaku="1,1,2,1,7,1,25,2,54,2,53,0" doraHai="114" doraHaiUra="21" who="1" fromWho="0" sc="188,-180,144,200,234,0,414,0" /><INIT seed="5,1,0,3,1,77" ten="8,344,234,414" oya="1" hai0="19,0,46,130,89,32,120,38,49,104,85,125,15" hai1="126,82,113,135,105,53,116,5,112,66,22,45,69" hai2="83,1,11,26,37,124,121,33,17,78,127,67,50" hai3="110,107,87,58,115,43,31,118,42,18,2,12,108"/><U35/><E35/><V60/><F121/><W97/><G118/><T8/><D120/><U80/><E116/><V56/><F37/><W29/><G2/><T84/><D32/><U122/><E122/><V7/><F50/><W76/><G115/><N who="1" m="44106" /><E135/><V59/><F59/><W75/><G75/><T101/><D38/><U51/><E126/><V123/><F123/><W99/><G107/><T74/><D74/><U21/><E105/><V96/><F96/><N who="3" m="36939" /><G108/><T81/><D125/><N who="2" m="48202" /><F33/><W72/><G72/><T64/><D130/><U41/><E5/><V109/><F109/><W92/><G58/><T3/><D104/><U30/><E41/><N who="3" m="15370" /><G110/><T13/><D101/><U57/><E69/><V129/><F129/><W132/><G132/><T128/><D128/><U71/><E71/><V106/><F106/><W94/><G76/><T6/><D64/><U55/><E66/><V100/><F100/><W91/><G92/><T16/><D84/><U40/><E55/><V65/><F65/><W111/><G111/><T47/><D47/><U63/><E22/><AGARI ba="1,0" hai="12,18,22,29,31,87,91,94" m="15370,36939" machi="22" ten="30,1000,0" yaku="8,1" doraHai="77" who="3" fromWho="1" sc="8,0,344,-13,234,0,414,13" /><INIT seed="6,0,0,2,5,52" ten="8,331,234,427" oya="2" hai0="22,25,11,72,49,13,33,86,46,74,39,68,131" hai1="94,32,48,23,26,18,14,8,114,135,36,84,100" hai2="28,77,71,115,103,110,9,125,76,122,101,109,5" hai3="88,45,55,63,4,58,108,79,3,78,97,15,119"/><V102/><F71/><W27/><G108/><N who="2" m="41577" /><F122/><W70/><G3/><T24/><D39/><U35/><E36/><V96/><F28/><W21/><G70/><T112/><D68/><U80/><E114/><V111/><N who="2" m="41585" /><V6/><DORA hai="60" /><F115/><W133/><G133/><T118/><D118/><U20/><E20/><V90/><F125/><W12/><G45/><T89/><D112/><U40/><E135/><V2/><F96/><W123/><G123/><T44/><D131/><U7/><E94/><V62/><F90/><W17/><G119/><T50/><D33/><U93/><E93/><V116/><F116/><W37/><G37/><T34/><D34/><U120/><E100/><N who="2" m="25603" /><V64/><DORA hai="1" /><F6/><W134/><G134/><T104/><D104/><U106/><E106/><V124/><F124/><W82/><G97/><T117/><D117/><U75/><E120/><V92/><F92/><W54/><G4/><T91/><D22/><U107/><E107/><V130/><F130/><W83/><G82/><T0/><D0/><U127/><E127/><V105/><F105/><W61/><G88/><T38/><D38/><U10/><E32/><V98/><F98/><W67/><G83/><N who="0" m="49375" /><D91/><N who="1" m="51591" /><E35/><V51/><F51/><N who="0" m="19466" /><D25/><U129/><E129/><V16/><F16/><W56/><G17/><N who="0" m="8383" /><D24/><U132/><E132/><V121/><F121/><W126/><G126/><T113/><D113/><U42/><E48/><V29/><F29/><W99/><G99/><T41/><D44/><U95/><E95/><V73/><F73/><W47/><G47/><T65/><D65/><U30/><E75/><N who="0" m="28713" /><D46/><U43/><E7/><RYUUKYOKU ba="0,0" sc="8,10,331,10,234,10,427,-30" hai0="41" hai1="8,10,14,18,23,26,30,40,42,43" hai2="2,5,9,62,64,76,77" /><INIT seed="6,1,0,0,2,108" ten="18,341,244,397" oya="2" hai0="83,110,95,73,89,57,13,132,16,78,71,120,8" hai1="35,122,63,66,85,39,118,46,117,30,96,52,34" hai2="55,29,26,0,37,106,64,24,75,67,77,127,125" hai3="60,135,70,82,48,56,20,31,116,58,21,33,104"/><V61/><F0/><W25/><G116/><T124/><D110/><U38/><E122/><V22/><F106/><W3/><G3/><T27/><D120/><U93/><E85/><V23/><F37/><W90/><G104/><T128/><D71/><U130/><E130/><V12/><F12/><W99/><G135/><T103/><D128/><U107/><E107/><V114/><F77/><W45/><G70/><T131/><D131/><U113/><E39/><V11/><F11/><W84/><G99/><T102/><D132/><U36/><E36/><V41/><F41/><W28/><G33/><T88/><D124/><U87/><E87/><V133/><F75/><W44/><G45/><T86/><D57/><U5/><E5/><V100/><F100/><W129/><G129/><T119/><D119/><U123/><E123/><V4/><F4/><W112/><G112/><T126/><D126/><N who="2" m="48138" /><F133/><W50/><G44/><T10/><D10/><U74/><E74/><V72/><F72/><W121/><G121/><T43/><D43/><U19/><E38/><V9/><F9/><W94/><G82/><T115/><D115/><U40/><E40/><V68/><F67/><N who="3" m="39319" /><G56/><T14/><D14/><U69/><E66/><V65/><F65/><W1/><G1/><T2/><D2/><U6/><E69/><V59/><F114/><W91/><G90/><T81/><REACH who="0" step="1"/><D27/><AGARI ba="1,0" hai="20,21,25,27,28,31,48,50,84,91,94" m="39319" machi="27" ten="30,1000,0" yaku="8,1" doraHai="108" who="3" fromWho="0" sc="18,-13,341,0,244,0,397,13" /><INIT seed="7,0,0,0,1,49" ten="5,341,244,410" oya="3" hai0="14,78,29,68,117,3,97,99,91,16,135,15,129" hai1="47,46,39,41,21,94,43,83,36,84,76,92,24" hai2="23,63,5,17,122,125,26,114,57,134,50,48,2" hai3="89,71,115,93,4,69,98,25,75,11,104,28,73"/><W42/><G104/><T34/><D78/><U8/><REACH who="1" step="1"/><E8/><REACH who="1" ten="5,331,244,410" step="2"/><V130/><F5/><W119/><G119/><T64/><D64/><U54/><E54/><N who="2" m="34231" /><F2/><W1/><G115/><T82/><D82/><U87/><E87/><V45/><F122/><W9/><G11/><T40/><D97/><U108/><E108/><V70/><F70/><W107/><G69/><T22/><D99/><U116/><E116/><V61/><F114/><W100/><G71/><T56/><D40/><U124/><E124/><V72/><F72/><W60/><G42/><T7/><D56/><U51/><E51/><V131/><F125/><W86/><G60/><T66/><D66/><U20/><E20/><AGARI ba="0,1" hai="1,4,9,20,25,28,73,75,86,89,93,98,100,107" machi="20" ten="30,1500,0" yaku="7,1" doraHai="49" who="3" fromWho="1" sc="5,0,331,-15,244,0,410,25" owari="5,-49.0,316,12.0,244,-16.0,435,53.0" /></mjloggm>