<mjloggm ver="2.3"><GO type="97" lobby="0"/><UN n0="%7A%75%79%75%6B%69" n1="%42%42%51" n2="%E6%82%B2%E3%81%97%E3%81%BF%E3%81%AE%EF%BC%97%EF%BD%90" n3="%E3%82%A6%E3%83%AB%E3%83%88%E3%83%A9%E7%AB%8B%E7%9B%B4" dan="14,13,14,15" rate="1975.00,1872.22,1923.09,2006.49" sx="M,M,F,M"/><TAIKYOKU oya="0"/><INIT seed="0,0,0,3,1,104" ten="250,250,250,250" oya="0" hai0="32,54,51,11,128,16,119,59,87,7,96,39,73" hai1="2,130,82,114,75,77,60,123,88,102,14,116,100" hai2="31,126,38,66,12,5,43,89,65,57,125,25,1" hai3="106,41,122,26,74,6,23,29,56,93,129,8,81"/><T10/><D73/><U45/><E2/><V55/><F1/><W94/><G106/><T92/><D39/><U46/><E116/><V76/><F76/><N who="3" m="44183" /><G56/><T91/><D119/><U52/><E123/><V47/><F89/><W101/><G101/><N who="0" m="60551" /><D128/><U24/><E130/><V53/><F5/><W83/><G83/><N who="0" m="49663" /><D32/><U79/><E114/><V4/><F4/><W121/><G41/><T58/><D7/><U37/><E79/><V27/><F12/><N who="3" m="5143" /><G129/><T124/><D124/><U62/><E62/><V78/><F125/><W49/><G49/><T19/><D10/><U98/><E37/><V120/><F126/><W17/><G29/><T84/><D84/><U109/><E24/><V33/><F27/><W22/><G22/><T132/><D132/><U40/><E14/><V36/><F36/><W71/><G71/><T135/><D135/><U67/><E40/><V61/><F120/><AGARI ba="0,0" hai="17,23,26,93,94,120,121,122" m="5143,44183" machi="120" ten="30,2000,0" yaku="13,1,52,1" doraHai="104" who="3" fromWho="2" sc="250,0,250,0,250,-20,250,20" /><INIT seed="1,0,0,1,4,122" ten="250,250,230,270" oya="1" hai0="18,70,40,50,79,65,24,135,38,62,39,93,52" hai1="119,121,98,73,4,82,2,27,133,61,60,37,44" hai2="99,5,112,103,120,105,116,22,104,118,68,43,130" hai3="9,67,13,66,28,11,101,47,88,90,84,15,107"/><U124/><E121/><V110/><F120/><W113/><G113/><T36/><D79/><U76/><E119/><V91/><F105/><W115/><G115/><T83/><D83/><U10/><E133/><V31/><F68/><W100/><G28/><T55/><D93/><U7/><E124/><V131/><F112/><W1/><G47/><N who="0" m="25959" /><D18/><U32/><E7/><V127/><F127/><W92/><G1/><T45/><D24/><U132/><E132/><V53/><F43/><W95/><G84/><T111/><D111/><U81/><E81/><V48/><F5/><W128/><G107/><T86/><D86/><U56/><E56/><N who="2" m="32807" /><F110/><W106/><REACH who="3" step="1"/><G106/><REACH who="3" ten="250,250,230,260" step="2"/><T126/><D135/><U80/><E98/><V51/><F104/><W63/><G63/><T25/><D126/><U108/><E108/><V74/><F118/><W16/><G16/><T69/><D25/><U71/><E71/><N who="0" m="27145" /><D45/><U97/><E97/><V3/><F99/><W35/><G35/><T125/><D125/><U33/><E33/><V87/><F116/><W77/><G77/><T134/><D134/><U123/><E123/><V20/><F31/><W72/><G72/><T129/><D129/><AGARI ba="0,1" hai="9,11,13,15,66,67,88,90,92,95,100,101,128,129" machi="129" ten="25,6400,0" yaku="1,1,22,2,54,1,53,0" doraHai="122" doraHaiUra="19" who="3" fromWho="0" sc="250,-64,250,0,230,0,260,74" /><INIT seed="2,0,0,5,0,92" ten="186,250,230,334" oya="2" hai0="8,5,28,66,87,80,103,74,106,81,90,132,113" hai1="73,6,15,108,109,56,128,88,13,91,14,36,55" hai2="21,86,68,96,51,45,54,101,85,99,30,133,58" hai3="89,12,41,69,23,42,59,124,129,62,10,131,72"/><V60/><F133/><W26/><G72/><T122/><D66/><U16/><E6/><V53/><F68/><W44/><G69/><T78/><D28/><U61/><E128/><N who="3" m="49226" /><G89/><N who="1" m="34378" /><E73/><V77/><F77/><W35/><G35/><T130/><D130/><U100/><E100/><V105/><REACH who="2" step="1"/><F99/><REACH who="2" ten="186,250,220,334" step="2"/><W1/><G124/><T0/><D132/><U82/><E36/><V94/><F94/><W20/><G1/><T63/><D122/><U57/><E82/><V118/><F118/><W114/><G114/><T120/><D120/><U84/><E84/><V83/><F83/><W39/><G26/><AGARI ba="0,1" hai="21,26,30,45,51,53,54,58,60,85,86,96,101,105" machi="26" ten="40,7700,0" yaku="1,1,52,1,53,1" doraHai="92" doraHaiUra="52" who="2" fromWho="3" sc="186,0,250,0,220,87,334,-77" /><INIT seed="2,1,0,1,0,29" ten="186,250,307,257" oya="2" hai0="100,118,110,19,135,27,88,105,18,42,31,121,112" hai1="99,96,70,26,131,2,109,30,55,11,21,65,69" hai2="80,130,66,6,86,3,125,58,76,20,98,82,104" hai3="75,123,50,77,97,45,35,87,41,132,16,113,67"/><V117/><F117/><W102/><G75/><T37/><D118/><U72/><E72/><V15/><F125/><W129/><G123/><T128/><D121/><U93/><E131/><V38/><F38/><W60/><G129/><T62/><D128/><U90/><E109/><V126/><F130/><W56/><G113/><T33/><D112/><U134/><E134/><V61/><F126/><W14/><G35/><T108/><D135/><U73/><E73/><V51/><F3/><W59/><G132/><T39/><D100/><U68/><E55/><V53/><F82/><W79/><G87/><T116/><D105/><U63/><E2/><V36/><F36/><N who="0" m="13898" /><D116/><U57/><E11/><V71/><F6/><W114/><G59/><T89/><D62/><U23/><E23/><V4/><F4/><W95/><REACH who="3" step="1"/><G114/><REACH who="3" ten="186,250,307,247" step="2"/><T43/><D43/><U46/><E46/><V94/><F58/><W83/><G83/><T9/><D42/><U8/><E70/><V111/><F71/><W74/><G74/><T48/><D48/><U25/><E68/><V12/><F80/><W1/><G1/><T52/><D9/><AGARI ba="1,1" hai="9,14,16,41,45,50,56,60,67,77,79,95,97,102" machi="9" ten="30,7700,0" yaku="1,1,7,1,8,1,54,1,53,0" doraHai="29" doraHaiUra="124" who="3" fromWho="0" sc="186,-80,250,0,307,0,247,90" /><INIT seed="3,0,0,0,4,64" ten="106,250,307,337" oya="3" hai0="120,108,47,90,51,97,15,130,114,33,92,18,46" hai1="31,135,61,74,105,48,75,6,76,8,104,84,4" hai2="41,58,121,67,69,126,56,109,60,111,79,133,9" hai3="128,29,13,71,66,10,98,88,3,81,50,28,40"/><W37/><G37/><T87/><D33/><U99/><E135/><V12/><F121/><W100/><G3/><T116/><D130/><U82/><E31/><V55/><F133/><W1/><G1/><T94/><D120/><U103/><E105/><V96/><F126/><W78/><G88/><T73/><D116/><U43/><E6/><V62/><F79/><W23/><G23/><T118/><D108/><N who="2" m="41546" /><F96/><W20/><G20/><T11/><D114/><U122/><E122/><V115/><F115/><W39/><G39/><T68/><D118/><U44/><E61/><V101/><F101/><W123/><G123/><T119/><D119/><U112/><REACH who="1" step="1"/><E112/><REACH who="1" ten="106,240,307,337" step="2"/><V7/><F41/><W27/><G40/><T52/><D73/><U22/><E22/><V53/><F67/><W2/><G66/><T110/><D110/><U125/><E125/><V131/><F131/><W16/><G128/><T83/><D68/><AGARI ba="0,1" hai="7,9,12,53,55,56,58,60,62,68,69" m="41546" machi="68" ten="30,3900,0" yaku="14,1,52,2" doraHai="64" who="2" fromWho="0" sc="106,-39,240,0,307,49,337,0" owari="67,-43.0,240,-16.0,356,45.0,337,14.0" /></mjloggm>