<mjloggm ver="2.3"><GO type="97" lobby="0"/><UN n0="%E3%82%A6%E3%83%AB%E3%83%88%E3%83%A9%E7%AB%8B%E7%9B%B4" n1="%E7%9B%AE%E6%A8%99%E3%81%AF%E5%B9%B3%E5%9D%87%52%E6%9D%B1%E9%A2%A8" n2="%E3%82%86%E3%83%BC%E3%81%AF%E3%82%B7%E3%83%A7%E3%83%83%E3%82%AF" n3="%53%3E%48%50%6D%61%74%73" dan="15,13,14,14" rate="1971.26,1883.46,1939.96,1989.69" sx="M,M,M,F"/><TAIKYOKU oya="0"/><INIT seed="0,0,0,3,5,79" ten="250,250,250,250" oya="0" hai0="26,14,108,127,20,106,28,70,119,94,19,55,8" hai1="86,4,109,120,34,98,29,129,131,37,41,105,52" hai2="74,81,62,18,92,116,103,0,133,111,44,42,84" hai3="6,71,15,83,117,63,12,87,22,65,67,33,21"/><T1/><D106/><U89/><E120/><V56/><F116/><W36/><G117/><T76/><D70/><U10/><E109/><V78/><F0/><W93/><G33/><T57/><D119/><U104/><E98/><V126/><F111/><W75/><G36/><T31/><D108/><U50/><E41/><V13/><F133/><W27/><G67/><T53/><D127/><U96/><E96/><V72/><F126/><W115/><G115/><T125/><D125/><U23/><E34/><V46/><F103/><W123/><G123/><T9/><D94/><N who="1" m="54583" /><E37/><V61/><F92/><W11/><G93/><T38/><D38/><U132/><E132/><V48/><F46/><W35/><G75/><T85/><D55/><U17/><E29/><V43/><F43/><W5/><G35/><T91/><D1/><N who="1" m="271" /><E23/><V134/><F134/><W124/><G124/><T110/><D110/><U40/><E17/><V112/><F112/><W101/><G101/><T69/><D69/><U3/><E40/><V97/><F97/><W45/><G45/><T135/><D135/><U80/><E80/><V24/><F24/><W102/><G102/><T73/><D73/><U16/><E16/><V82/><F82/><W7/><G12/><T66/><D66/><U118/><E3/><V58/><F62/><W47/><G47/><T113/><D113/><U30/><E30/><N who="0" m="11305" /><D14/><U130/><E118/><V114/><F114/><W107/><G107/><T90/><D76/><U100/><E100/><V25/><F25/><W39/><G39/><T77/><D77/><U2/><E2/><V64/><F56/><AGARI ba="0,0" hai="50,52,56,104,105,129,130,131" m="271,54583" machi="56" ten="30,3900,0" yaku="6,1,19,1,54,1" doraHai="79" who="1" fromWho="2" sc="250,0,250,39,250,-39,250,0" /><INIT seed="1,0,0,1,0,43" ten="250,289,211,250" oya="1" hai0="88,118,135,37,86,68,132,32,90,131,41,77,98" hai1="84,76,81,9,80,5,29,48,25,17,91,133,27" hai2="103,128,59,71,111,125,116,92,66,129,45,61,69" hai3="44,28,30,130,109,74,23,120,38,57,6,126,87"/><U72/><E133/><N who="0" m="51273" /><D68/><N who="2" m="26186" /><F103/><W1/><G74/><T49/><D32/><U121/><E121/><V65/><F92/><W83/><G120/><T42/><D37/><U47/><E17/><V96/><F96/><W123/><G123/><T19/><D118/><U107/><E29/><V35/><F35/><W115/><G115/><T2/><D2/><U124/><E107/><V89/><F89/><N who="0" m="34410" /><D98/><U0/><REACH who="1" step="1"/><E124/><REACH who="1" ten="250,279,211,250" step="2"/><V100/><F116/><W113/><G126/><T85/><D19/><U36/><E36/><V101/><F125/><W122/><G38/><T112/><D112/><U67/><E67/><V108/><F66/><W54/><G30/><T73/><D131/><U82/><E82/><V13/><F129/><W117/><G130/><T62/><D73/><U26/><E26/><V127/><F127/><W46/><G28/><T56/><D86/><U51/><E51/><V70/><F128/><W105/><G87/><T78/><D49/><U99/><E99/><V16/><F16/><W40/><G113/><T50/><D50/><U63/><E63/><V10/><F61/><W34/><G105/><T79/><D85/><U20/><E20/><V97/><F97/><W11/><G117/><T110/><D110/><U18/><E18/><V55/><F65/><AGARI ba="0,1" hai="41,42,56,62,65,77,78,79" m="34410,51273" machi="65" ten="30,2000,0" yaku="20,1,54,1" doraHai="43" who="0" fromWho="2" sc="250,30,279,0,211,-20,250,0" /><INIT seed="2,0,0,3,0,97" ten="280,279,191,250" oya="2" hai0="74,122,119,23,7,104,66,58,135,28,52,94,53" hai1="86,79,38,124,56,48,106,114,83,91,101,3,46" hai2="21,19,123,51,88,24,98,72,80,105,95,71,22" hai3="2,118,99,73,27,6,126,35,10,32,61,34,43"/><V87/><F71/><W18/><G118/><T16/><D104/><U75/><E114/><V110/><F123/><W115/><G73/><T78/><D122/><U55/><E3/><V57/><F72/><W41/><G115/><T107/><D107/><U93/><E124/><V133/><F105/><W50/><G126/><T67/><D119/><U76/><E76/><N who="2" m="46471" /><F133/><W117/><G117/><T47/><D135/><U113/><E113/><V134/><F134/><W11/><G61/><T20/><D7/><U89/><E89/><V39/><F39/><W120/><G120/><T111/><D78/><U25/><E25/><N who="2" m="14527" /><F110/><W63/><G35/><T30/><D74/><U65/><E38/><V1/><F1/><W54/><G34/><T77/><D77/><U92/><E92/><V37/><F37/><W100/><G32/><T129/><D111/><U96/><E65/><V132/><F132/><W127/><G127/><T125/><D125/><U82/><E82/><V121/><F121/><W116/><G116/><T109/><D109/><U8/><E8/><V69/><F69/><W4/><G11/><T130/><D94/><U17/><E17/><N who="2" m="12367" /><F51/><W68/><G50/><N who="0" m="28767" /><D67/><U45/><AGARI ba="0,0" hai="45,46,48,55,56,75,79,83,86,91,93,96,101,106" machi="45" ten="30,7900,0" yaku="0,1,24,2,52,1" doraHai="97" who="1" fromWho="1" sc="280,-20,279,79,191,-39,250,-20" /><INIT seed="3,0,0,0,4,58" ten="260,358,152,230" oya="3" hai0="38,110,69,27,129,75,20,82,57,122,70,35,134" hai1="48,42,105,59,4,0,18,95,3,60,132,7,31" hai2="1,68,32,6,86,102,92,120,45,23,123,74,80" hai3="78,109,112,63,108,5,2,46,131,89,15,106,17"/><W67/><G112/><T28/><D122/><U37/><E105/><V94/><F32/><W19/><G106/><T51/><D38/><U81/><E37/><V52/><F74/><W85/><G78/><T124/><D129/><U49/><E132/><V88/><F68/><W66/><G66/><T33/><D134/><U47/><E31/><V130/><F130/><W16/><G131/><T36/><D36/><U77/><E0/><V22/><F1/><W71/><G46/><T55/><D124/><U133/><E133/><V117/><F6/><W121/><G121/><N who="2" m="46665" /><F117/><W50/><G50/><T91/><D110/><N who="3" m="42601" /><G2/><T73/><D70/><U43/><E3/><V29/><F29/><W11/><G5/><T34/><D69/><U93/><E18/><V135/><F135/><W98/><G98/><T101/><D75/><U41/><E4/><V126/><F126/><W12/><G12/><T65/><D73/><U62/><E7/><V24/><F24/><W53/><G53/><T10/><D27/><U44/><E42/><V111/><F111/><W13/><G13/><T72/><D55/><N who="1" m="33919" /><E62/><V56/><F45/><W100/><G100/><T25/><D101/><U8/><E8/><V39/><F39/><W114/><G114/><T79/><D10/><U30/><E30/><V96/><F80/><AGARI ba="0,0" hai="11,15,16,17,19,63,67,71,80,85,89" m="42601" machi="80" ten="30,11600,0" yaku="14,1,10,1,52,1,54,1" doraHai="58" who="3" fromWho="2" sc="260,0,358,0,152,-116,230,116" /><INIT seed="3,1,0,1,4,52" ten="260,358,36,346" oya="3" hai0="45,131,77,121,26,117,22,2,44,14,67,36,79" hai1="111,109,119,127,110,112,96,113,135,132,86,24,115" hai2="97,122,27,99,56,39,106,71,114,6,103,21,12" hai3="47,130,84,116,93,83,15,49,91,61,89,95,23"/><W30/><G116/><T102/><D2/><U18/><E119/><V19/><F71/><W9/><G130/><T43/><D121/><U50/><E127/><V28/><F39/><W133/><G133/><N who="1" m="51274" /><E96/><V38/><F38/><W123/><G123/><T7/><D117/><U80/><E50/><V4/><F122/><W94/><G61/><T3/><D131/><U82/><E86/><V48/><F114/><W37/><G37/><T10/><D102/><U126/><E126/><V33/><F97/><N who="3" m="57519" /><G23/><AGARI ba="1,0" hai="18,23,24,80,82,109,110,111,112,113,115" m="51274" machi="23" ten="50,3200,0" yaku="14,1,20,1" doraHai="52" who="1" fromWho="3" sc="260,0,358,35,36,0,346,-35" owari="260,-14.0,393,49.0,36,-46.0,311,11.0" /></mjloggm>