<mjloggm ver="2.3"><GO type="97" lobby="0"/><UN n0="%E6%9D%B1%E5%96%B0%E8%B5%A4%E9%80%9F%E7%94%A8" n1="%E3%82%A6%E3%83%AB%E3%83%88%E3%83%A9%E7%AB%8B%E7%9B%B4" n2="%E3%83%AA%E3%83%A9%E3%82%AF%E3%83%9E" n3="%62%61%6B%61%62%6F%6E%31" dan="13,15,15,14" rate="1847.82,1973.80,1946.97,1909.55" sx="F,M,M,M"/><TAIKYOKU oya="0"/><INIT seed="0,0,0,0,2,57" ten="250,250,250,250" oya="0" hai0="53,21,30,10,44,65,27,105,63,118,14,52,33" hai1="91,39,75,55,84,45,29,129,78,32,127,24,11" hai2="114,12,59,46,25,99,9,116,134,130,112,122,31" hai3="69,71,48,104,123,36,108,49,47,89,66,121,20"/><T15/><D105/><U86/><E127/><V92/><F122/><N who="3" m="46603" /><G104/><T7/><D118/><U58/><E129/><V126/><F116/><W56/><G89/><T4/><D33/><U26/><E75/><V102/><F130/><W62/><G20/><T22/><D44/><U81/><E11/><V74/><F126/><W87/><G87/><T124/><D21/><U68/><E68/><N who="3" m="26186" /><G108/><T37/><D37/><U115/><E115/><V1/><F1/><W13/><G13/><T5/><D124/><U135/><E26/><V38/><F74/><W97/><G97/><T43/><D43/><AGARI ba="0,0" hai="36,43,47,48,49,56,62,66" m="26186,46603" machi="43" ten="30,7700,0" yaku="13,1,34,2,52,1" doraHai="57" who="3" fromWho="0" sc="250,-77,250,0,250,0,250,77" /><INIT seed="1,0,0,2,3,67" ten="173,250,250,327" oya="1" hai0="134,80,40,22,65,72,98,110,89,51,78,36,96" hai1="84,119,3,0,94,107,81,95,12,42,9,18,33" hai2="32,59,66,45,113,17,93,47,77,11,118,73,79" hai3="133,97,124,26,90,28,44,1,82,31,91,99,56"/><U106/><E33/><V114/><F32/><W69/><G1/><T120/><D110/><U71/><E119/><V126/><F118/><W103/><G124/><T10/><D134/><U57/><E42/><V83/><F126/><W112/><G133/><T111/><D120/><U85/><E57/><V108/><F77/><W76/><G112/><N who="2" m="43113" /><F93/><W116/><G116/><T88/><D36/><U122/><E81/><V2/><F108/><W24/><G69/><T46/><D111/><U20/><E122/><V105/><F105/><W39/><G39/><T68/><D10/><U23/><E9/><V49/><F17/><W123/><G123/><T70/><D22/><U55/><E18/><V132/><F132/><W86/><G44/><T54/><D40/><U25/><E12/><V109/><F109/><W29/><G56/><T131/><D131/><U100/><E100/><V16/><F2/><W5/><G5/><T135/><D135/><U6/><E6/><V58/><F66/><W63/><G63/><T129/><D129/><U53/><E25/><N who="3" m="9834" /><G103/><T117/><D117/><U35/><E35/><V38/><F38/><W62/><G62/><T27/><D65/><U43/><E43/><N who="2" m="24767" /><F47/><W48/><G48/><T14/><D14/><AGARI ba="0,0" hai="11,14,16,58,59,73,79,83" m="24767,43113" machi="14" ten="30,2000,0" yaku="11,1,54,1" doraHai="67" who="2" fromWho="0" sc="173,-20,250,0,250,20,327,0" /><INIT seed="2,0,0,1,3,28" ten="153,250,270,327" oya="2" hai0="65,55,2,132,69,0,4,60,35,83,57,40,102" hai1="128,53,64,134,67,76,101,51,54,90,13,110,38" hai2="117,7,68,39,19,104,70,75,42,100,33,1,44" hai3="14,85,115,43,91,99,17,105,10,129,74,122,47"/><V22/><F75/><W5/><G122/><T86/><D132/><U78/><E38/><V127/><F117/><W45/><G74/><T63/><D102/><U3/><E3/><V123/><F123/><W81/><G129/><T119/><D4/><U97/><E128/><V16/><F127/><W94/><G115/><T120/><D119/><U62/><E110/><V66/><F19/><W31/><G105/><T112/><D40/><U48/><E101/><V25/><F33/><W125/><G125/><T50/><D112/><U103/><E103/><V87/><F87/><W131/><G131/><T21/><D21/><U135/><E13/><V124/><F124/><W95/><G31/><T80/><D120/><U133/><E97/><V56/><F56/><W116/><G116/><T77/><D83/><U41/><E90/><V27/><F27/><W49/><G47/><T79/><D79/><N who="1" m="30251" /><E62/><V71/><F7/><W61/><G61/><T52/><REACH who="0" step="1"/><D35/><REACH who="0" ten="143,250,270,327" step="2"/><U34/><E34/><V20/><F22/><W26/><G99/><T73/><D73/><U37/><E41/><V46/><F42/><W108/><G108/><T126/><D126/><U111/><E111/><V130/><F100/><W121/><G121/><T9/><D9/><U109/><E109/><V113/><F130/><W96/><G96/><T30/><D30/><U82/><E82/><V84/><F113/><W24/><G24/><T93/><D93/><U12/><E12/><V58/><F25/><W59/><G26/><T29/><D29/><U36/><E134/><V6/><F1/><W8/><G59/><AGARI ba="0,1" hai="0,2,50,52,55,57,59,60,63,65,69,77,80,86" machi="59" ten="30,3900,0" yaku="1,1,7,1,54,1,53,0" doraHai="28" doraHaiUra="88" who="0" fromWho="3" sc="143,49,250,0,270,0,327,-39" /><INIT seed="3,0,0,5,0,77" ten="192,250,270,288" oya="3" hai0="11,23,122,21,96,13,126,43,32,67,88,56,25" hai1="66,128,120,108,64,116,1,57,87,9,58,90,5" hai2="75,131,71,40,12,26,54,69,60,124,14,33,114" hai3="44,68,109,51,0,34,16,17,37,73,110,119,65"/><W93/><G37/><T104/><D126/><U52/><E120/><V49/><F75/><W113/><G34/><T99/><D122/><U133/><E116/><V48/><F114/><W94/><G73/><T115/><D115/><U76/><E128/><V31/><F124/><W106/><G0/><T117/><D117/><U78/><E133/><V6/><F131/><W3/><G106/><T118/><D118/><U84/><E108/><N who="3" m="41578" /><G3/><T63/><D43/><U103/><E103/><V41/><F69/><W18/><G119/><T130/><D130/><U70/><E70/><V27/><F27/><W129/><G113/><T98/><D32/><U4/><E1/><V20/><F33/><W80/><G129/><T135/><D104/><U81/><E76/><V127/><F127/><W55/><G80/><T62/><D135/><U102/><E102/><V7/><F71/><W92/><G65/><N who="1" m="25194" /><E9/><V24/><F24/><W28/><G68/><T132/><D62/><N who="1" m="36135" /><E58/><N who="2" m="34903" /><F41/><W35/><G35/><T46/><D132/><U10/><E10/><N who="2" m="4183" /><F40/><W134/><G134/><T112/><D112/><U86/><E78/><V91/><F91/><W111/><G111/><T97/><N who="0" m="25088" /><DORA hai="79" /><T100/><D100/><U59/><E59/><V107/><F107/><W38/><G38/><T123/><D123/><U72/><E72/><V22/><F22/><W2/><G2/><T42/><D23/><U29/><E29/><AGARI ba="0,0" hai="16,17,18,28,29,44,51,55,92,93,94" m="41578" machi="29" ten="40,7700,0" yaku="14,1,10,1,54,1" doraHai="77,79" who="3" fromWho="1" sc="192,0,250,-77,270,0,288,77" owari="192,-21.0,173,-33.0,270,7.0,365,47.0" /></mjloggm>