<mjloggm ver="2.3"><GO type="97" lobby="0"/><UN n0="%74%30%38%32%38%33%6B%6B" n1="%E5%90%BE%E4%BA%A6%E7%B4%85%31%35%37%38" n2="%E3%82%A6%E3%83%AB%E3%83%88%E3%83%A9%E7%AB%8B%E7%9B%B4" n3="%E3%81%AE%E3%81%81" dan="13,13,15,13" rate="1830.84,1819.03,2011.86,1909.87" sx="M,M,M,M"/><TAIKYOKU oya="0"/><INIT seed="0,0,0,4,4,15" ten="250,250,250,250" oya="0" hai0="91,102,86,1,30,73,117,114,63,58,22,88,72" hai1="8,49,103,130,96,115,124,77,4,55,48,45,27" hai2="127,110,41,40,34,78,33,25,121,132,90,2,64" hai3="105,38,24,107,13,70,0,81,84,21,29,112,11"/><T85/><D117/><U118/><E118/><V20/><F78/><W135/><G70/><T125/><D114/><U19/><E115/><V126/><F64/><W89/><G135/><T14/><D125/><N who="2" m="47626" /><F121/><W128/><G112/><T6/><D102/><U51/><E124/><V82/><F2/><W42/><G128/><T39/><D1/><U120/><E120/><V100/><F100/><W93/><G0/><T123/><D39/><U12/><E130/><V129/><F129/><W74/><G74/><T67/><D123/><U111/><E111/><V54/><F54/><W94/><G42/><N who="2" m="16489" /><F110/><W79/><G38/><T76/><D76/><U36/><E36/><V52/><F52/><W113/><G113/><T32/><D32/><U26/><E77/><V133/><F90/><W17/><REACH who="3" step="1"/><G94/><REACH who="3" ten="250,250,250,240" step="2"/><T65/><D72/><U59/><E45/><V9/><F132/><W66/><G66/><T5/><D73/><U98/><E4/><V116/><F133/><W87/><AGARI ba="0,1" hai="11,13,17,21,24,29,79,81,84,87,89,93,105,107" machi="87" ten="20,5200,0" yaku="1,1,0,1,7,1,52,1,53,0" doraHai="15" doraHaiUra="97" who="3" fromWho="3" sc="250,-26,250,-13,250,-13,240,62" /><INIT seed="1,0,0,3,0,94" ten="224,237,237,302" oya="1" hai0="13,34,33,60,93,16,129,74,1,58,65,12,97" hai1="57,6,53,96,46,62,14,10,23,63,110,80,69" hai2="55,99,87,22,18,104,115,121,37,120,114,125,130" hai3="134,68,90,126,54,122,117,49,101,47,79,82,44"/><U11/><E69/><V128/><F37/><W48/><G122/><T61/><D74/><U51/><E110/><V7/><F7/><W42/><G117/><T32/><D32/><U118/><E118/><V38/><F38/><W28/><G134/><T103/><D129/><N who="2" m="49770" /><F55/><W19/><G126/><T30/><D1/><U95/><E80/><V98/><F87/><W116/><G68/><T15/><D30/><U17/><E63/><V0/><F0/><W72/><G116/><T45/><D45/><U81/><E81/><V77/><F77/><W4/><G4/><T127/><D127/><U112/><E112/><N who="2" m="43051" /><F104/><W100/><G90/><T36/><D36/><U43/><REACH who="1" step="1"/><E6/><REACH who="1" ten="224,227,237,302" step="2"/><V133/><F125/><W20/><REACH who="3" step="1"/><G28/><REACH who="3" ten="224,227,237,292" step="2"/><T29/><D29/><U106/><E106/><V84/><F133/><W135/><G135/><T66/><D34/><U21/><E21/><V41/><F121/><W107/><G107/><T109/><D33/><U73/><E73/><V9/><F120/><W8/><G8/><T124/><D124/><U83/><E83/><V39/><F9/><W71/><G71/><T102/><D16/><U91/><AGARI ba="0,2" hai="10,11,14,17,23,43,46,51,53,57,62,91,95,96" machi="91" ten="20,18000,2" yaku="1,1,0,1,7,1,8,1,52,1,53,1" doraHai="94" doraHaiUra="50" who="1" fromWho="1" sc="224,-60,227,200,237,-60,292,-60" /><INIT seed="1,1,0,3,5,132" ten="164,427,177,232" oya="1" hai0="127,17,58,63,95,7,22,48,51,32,69,11,33" hai1="26,25,16,50,0,21,66,28,126,39,123,23,78" hai2="41,102,34,30,3,109,98,120,6,27,92,112,97" hai3="131,1,37,73,106,42,24,55,29,46,101,96,8"/><U67/><E123/><V93/><F112/><W104/><G131/><T134/><D69/><U5/><E39/><V83/><F109/><W45/><G55/><T14/><D134/><U89/><E126/><V105/><F120/><W117/><G117/><T91/><D127/><U20/><E78/><V122/><F122/><W99/><G46/><T64/><D33/><U44/><E23/><V74/><F41/><W9/><G9/><T65/><D32/><U100/><E100/><V116/><F116/><W130/><G130/><T60/><D60/><U108/><E108/><V114/><F114/><W10/><G10/><T121/><D65/><U115/><E115/><V15/><F3/><W80/><G24/><T47/><D47/><U77/><E77/><V43/><F43/><W68/><G29/><T124/><D124/><U31/><E0/><V110/><F110/><W53/><G53/><T88/><D121/><U75/><E75/><V61/><F74/><W94/><G94/><T57/><D57/><U36/><E36/><V13/><F6/><N who="3" m="1103" /><G99/><T79/><D79/><U81/><E5/><V86/><F61/><W133/><G133/><T103/><D103/><U35/><E89/><N who="0" m="34377" /><D95/><N who="2" m="36426" /><F98/><W19/><G19/><T56/><D56/><U38/><E81/><V111/><F111/><W85/><G85/><T118/><D118/><U72/><E72/><V70/><F70/><W12/><G12/><AGARI ba="1,0" hai="7,11,12,14,17,22,48,51,58,63,64" m="34377" machi="12" ten="30,2000,0" yaku="8,1,54,1" doraHai="132" who="0" fromWho="3" sc="164,23,427,0,177,0,232,-23" /><INIT seed="2,0,0,1,2,61" ten="187,427,177,209" oya="2" hai0="130,10,62,87,71,47,15,77,78,97,135,125,113" hai1="82,55,9,28,60,31,133,118,48,68,12,81,100" hai2="46,123,85,8,73,39,44,19,32,21,95,49,45" hai3="122,94,76,128,70,89,17,40,67,2,64,121,14"/><V3/><F32/><W93/><G2/><T4/><D113/><U54/><E118/><V112/><F73/><W120/><G70/><T66/><D130/><U27/><E133/><V110/><F123/><W111/><G111/><T24/><D135/><U92/><E68/><V50/><F39/><W41/><G76/><T18/><D125/><U52/><E60/><V107/><F107/><W36/><G36/><T98/><D47/><U69/><E69/><V29/><F112/><W103/><G128/><T117/><D117/><U1/><E1/><V115/><F115/><W124/><G124/><T22/><REACH who="0" step="1"/><D87/><REACH who="0" ten="177,427,177,209" step="2"/><U80/><E80/><V108/><F108/><W119/><G119/><T99/><D99/><U5/><E48/><V105/><F110/><W51/><G51/><T134/><D134/><U109/><E109/><V11/><F50/><W132/><G132/><T102/><D102/><U101/><E100/><V131/><F49/><W7/><G103/><T114/><D114/><U91/><E101/><V37/><F131/><W75/><G75/><T13/><D13/><U23/><E31/><V104/><F29/><W6/><G122/><T90/><D90/><U116/><E116/><V42/><F3/><W127/><G127/><T126/><D126/><U26/><E26/><N who="2" m="14655" /><F37/><W25/><G121/><T106/><D106/><N who="2" m="41066" /><F42/><N who="3" m="16491" /><G120/><T86/><D86/><AGARI ba="0,1" hai="5,9,12,23,27,28,52,54,55,81,82,86,91,92" machi="86" ten="40,2600,0" yaku="8,1,54,1" doraHai="61" who="1" fromWho="0" sc="177,-26,427,36,177,0,209,0" /><INIT seed="3,0,0,4,0,102" ten="151,463,177,209" oya="3" hai0="45,85,16,18,111,90,3,79,88,112,66,44,0" hai1="9,84,64,34,33,121,135,1,69,89,81,20,93" hai2="71,59,82,56,52,123,77,54,5,23,39,57,108" hai3="119,87,116,12,92,49,70,131,27,17,126,68,61"/><W25/><G126/><T42/><D112/><U113/><E113/><V50/><F39/><W94/><G131/><T120/><D120/><U99/><E121/><V24/><F71/><N who="3" m="27179" /><G87/><T19/><D111/><U4/><E135/><V74/><F108/><W128/><G128/><T38/><D79/><U11/><E20/><V109/><F109/><W76/><G76/><T2/><D66/><U62/><REACH who="1" step="1"/><E9/><REACH who="1" ten="151,453,177,209" step="2"/><V31/><F123/><W106/><G119/><T124/><D124/><U37/><E37/><V36/><F36/><W134/><G116/><T80/><REACH who="0" step="1"/><D45/><REACH who="0" ten="141,453,177,209" step="2"/><U104/><E104/><V98/><F54/><W118/><G106/><T75/><D75/><U86/><E86/><V107/><F107/><W48/><G118/><T65/><D65/><U55/><E55/><V72/><F72/><W127/><G134/><T30/><D30/><U129/><E129/><V91/><F74/><W22/><G127/><T101/><D101/><AGARI ba="0,2" hai="1,4,11,33,34,62,64,69,81,84,89,93,99,101" machi="101" ten="30,7700,0" yaku="1,1,7,1,53,2" doraHai="102" doraHaiUra="28" who="1" fromWho="0" sc="141,-77,453,97,177,0,209,0" owari="64,-44.0,550,65.0,177,-22.0,209,1.0" /></mjloggm>