<mjloggm ver="2.3"><GO type="97" lobby="0"/><UN n0="%E5%8D%B0%E5%BA%A6%E7%84%A1%E5%8F%8C" n1="%E3%82%8B%E3%81%AD" n2="%6B%75%73%6F%6A%69%6A%69" n3="%E3%82%A6%E3%83%AB%E3%83%88%E3%83%A9%E7%AB%8B%E7%9B%B4" dan="13,13,15,15" rate="1873.10,1904.36,2010.55,1916.92" sx="M,M,M,M"/><TAIKYOKU oya="0"/><INIT seed="0,0,0,0,3,80" ten="250,250,250,250" oya="0" hai0="133,66,76,24,54,117,90,44,14,95,96,123,99" hai1="84,83,126,60,34,69,33,4,35,12,128,32,43" hai2="18,88,28,13,114,78,85,104,129,130,8,115,103" hai3="71,46,39,118,86,75,106,49,127,11,57,77,1"/><T10/><D123/><U64/><E128/><N who="2" m="49259" /><F28/><W73/><G71/><T108/><D117/><U113/><E113/><N who="2" m="43019" /><F78/><W21/><G106/><T17/><D108/><U87/><E126/><V55/><F55/><N who="3" m="31983" /><G21/><T94/><D76/><U120/><E120/><V74/><F74/><W58/><G75/><T3/><D66/><U6/><E43/><V42/><F42/><N who="3" m="22879" /><G58/><T125/><D3/><U110/><E110/><V5/><F103/><W51/><G51/><T9/><D125/><U97/><E97/><V98/><F98/><W0/><G0/><T100/><D9/><U68/><E68/><V30/><F30/><W61/><G61/><T92/><D24/><U91/><N who="1" m="8704" /><DORA hai="16" /><U132/><E132/><V53/><F53/><W89/><G127/><T36/><D36/><U41/><E41/><V119/><F104/><W29/><G29/><T135/><D133/><U50/><E50/><V82/><F119/><W48/><G48/><N who="0" m="28935" /><D135/><U112/><E112/><V131/><N who="2" m="49267" /><V134/><DORA hai="67" /><F134/><W121/><G121/><T31/><D31/><U22/><REACH who="1" step="1"/><E84/><REACH who="1" ten="250,240,250,250" step="2"/><V124/><F124/><W23/><G86/><T63/><D63/><U122/><E122/><V107/><F107/><W56/><G118/><T26/><D99/><U109/><E109/><V101/><F101/><W72/><G72/><T7/><D100/><U2/><E2/><V62/><F62/><W45/><G73/><T116/><D116/><U65/><E65/><V111/><F111/><W19/><G1/><T102/><D102/><U81/><E81/><V52/><F52/><W25/><G45/><T105/><D105/><RYUUKYOKU ba="0,1" sc="250,10,240,10,250,10,250,-30" hai0="7,10,14,17,26,90,92,94,95,96" hai1="4,6,12,22,60,64,69,83,87,91" hai2="5,8,13,18,82,85,88" /><INIT seed="0,1,1,5,0,113" ten="260,250,260,220" oya="0" hai0="135,23,51,77,118,11,8,62,108,48,18,74,24" hai1="100,37,71,81,46,85,9,0,122,117,65,106,90" hai2="4,119,91,49,86,29,132,101,22,109,45,35,30" hai3="102,25,95,27,104,41,44,7,52,16,99,123,72"/><T43/><D118/><U78/><E122/><V94/><F35/><W80/><G123/><T20/><D108/><U66/><E85/><V31/><F109/><W125/><G125/><T116/><D116/><U110/><E110/><V15/><F119/><W34/><G7/><T47/><D62/><U115/><E90/><V56/><F132/><W17/><G104/><T6/><D51/><U111/><E111/><V19/><F101/><W5/><G5/><T33/><D33/><U89/><E89/><V73/><F73/><W134/><G134/><T42/><D42/><U103/><E103/><V58/><REACH who="2" step="1"/><F4/><REACH who="2" ten="260,250,250,220" step="2"/><W13/><G34/><T26/><D6/><U64/><E117/><V105/><F105/><W75/><G75/><T93/><D135/><U1/><E115/><V107/><F107/><W83/><G72/><T121/><D121/><U69/><E100/><V82/><F82/><W114/><G114/><T3/><D93/><U28/><E106/><V59/><F59/><W126/><G83/><T68/><D68/><U21/><E71/><V67/><F67/><W50/><G80/><T133/><D74/><N who="1" m="43223" /><E69/><V12/><F12/><W70/><G70/><T32/><D32/><U63/><E65/><V14/><F14/><W88/><G102/><T96/><D133/><U92/><E66/><V124/><F124/><W127/><G127/><T60/><D3/><U53/><E0/><V54/><AGARI ba="1,2" hai="15,19,22,29,30,31,45,49,54,56,58,86,91,94" machi="54" ten="30,4000,0" yaku="1,1,0,1,8,1,53,0" doraHai="113" doraHaiUra="2" who="2" fromWho="2" sc="260,-21,250,-11,250,63,220,-11" /><INIT seed="1,0,0,4,4,113" ten="239,239,313,209" oya="1" hai0="79,66,35,77,6,60,116,51,4,34,128,110,115" hai1="80,64,93,114,107,48,61,97,54,83,39,105,29" hai2="47,19,89,43,102,87,9,74,125,70,99,31,15" hai3="14,124,50,132,103,86,118,133,85,53,52,11,25"/><U104/><E114/><V57/><F125/><W33/><G124/><T59/><D116/><U95/><E39/><V75/><F70/><W134/><G103/><T90/><D115/><U41/><E41/><V46/><F31/><N who="3" m="19695" /><G118/><T101/><D128/><U71/><E29/><V13/><F57/><N who="3" m="32919" /><G53/><T108/><D51/><U22/><E22/><V122/><F15/><W1/><G1/><T5/><D101/><U27/><E27/><V45/><F43/><W20/><G20/><T68/><D68/><U117/><E117/><V135/><F135/><N who="3" m="34563" /><W10/><DORA hai="91" /><G10/><T121/><D90/><U42/><E42/><V76/><F76/><W62/><G62/><T8/><D8/><U82/><REACH who="1" step="1"/><E97/><REACH who="1" ten="239,229,313,209" step="2"/><V126/><F126/><W73/><G73/><T36/><D36/><U17/><E17/><AGARI ba="0,1" hai="11,14,17,85,86" m="34563,32919,19695" machi="17" ten="40,2600,0" yaku="20,1,54,1" doraHai="113,91" who="3" fromWho="1" sc="239,0,229,-26,313,0,209,36" /><INIT seed="2,0,0,2,2,68" ten="239,203,313,245" oya="2" hai0="4,48,130,86,3,43,93,64,49,135,114,34,102" hai1="113,46,70,55,105,5,60,66,57,92,121,80,111" hai2="12,112,18,100,7,106,41,78,42,13,39,127,110" hai3="97,72,124,10,125,123,23,9,65,19,8,35,99"/><V79/><F112/><W88/><G72/><T52/><D114/><U26/><E113/><V58/><F127/><N who="3" m="48715" /><G35/><T73/><D73/><U132/><E105/><V1/><F110/><W0/><G65/><T16/><D34/><U17/><E111/><V25/><F1/><W131/><G123/><T27/><D64/><U115/><E115/><V118/><F118/><W129/><G0/><T67/><D67/><U116/><E116/><V96/><F58/><W109/><G109/><T62/><D135/><U22/><E121/><V37/><F25/><N who="3" m="14591" /><G97/><T29/><D3/><U133/><E5/><V15/><F7/><W128/><G99/><T98/><D4/><U11/><E11/><V47/><F18/><W2/><G2/><T71/><D48/><U14/><E133/><V31/><F31/><W53/><G53/><T44/><D86/><U84/><E132/><V74/><F74/><W59/><G59/><T87/><D71/><U28/><E46/><AGARI ba="0,0" hai="12,13,15,37,39,41,42,46,47,78,79,96,100,106" machi="46" ten="40,7700,0" yaku="9,1,52,2" doraHai="68" who="2" fromWho="1" sc="239,0,203,-77,313,77,245,0" /><INIT seed="2,1,0,5,2,10" ten="239,126,390,245" oya="2" hai0="88,134,76,101,50,79,93,68,14,126,47,38,67" hai1="32,86,23,31,2,124,106,72,107,0,59,103,26" hai2="34,56,100,25,61,121,131,70,135,95,48,114,122" hai3="102,65,63,82,58,9,40,3,45,64,75,21,8"/><V44/><F114/><W24/><G102/><T15/><D38/><U112/><E112/><V1/><F1/><W69/><G64/><T29/><D101/><U7/><E124/><V92/><F70/><W74/><G58/><T99/><D126/><U125/><E125/><V16/><F135/><W89/><G89/><T83/><D29/><U113/><E113/><V28/><F131/><W85/><G85/><T128/><D128/><U17/><E59/><V19/><F122/><W108/><G108/><T117/><D117/><U116/><E116/><V115/><F115/><W80/><G80/><T127/><D127/><U39/><E39/><V109/><F109/><W94/><G94/><T96/><D99/><U60/><E60/><V132/><F132/><W33/><G33/><T87/><D79/><U133/><E133/><V81/><F121/><W27/><G21/><T130/><D130/><U105/><E72/><V42/><F81/><W84/><G9/><T90/><D76/><U22/><E86/><V57/><F57/><W20/><G20/><T37/><D37/><U73/><E73/><V11/><F100/><W43/><G45/><T30/><D30/><U55/><E55/><V6/><F95/><W35/><G35/><T78/><D78/><U120/><E120/><V97/><F92/><W49/><G74/><T71/><D71/><U62/><E62/><V4/><F97/><W110/><G75/><T77/><D77/><U18/><E103/><V52/><REACH who="2" step="1"/><F6/><REACH who="2" ten="239,126,380,245" step="2"/><N who="3" m="1119" /><G69/><T111/><D111/><U54/><E7/><V91/><F91/><N who="3" m="51607" /><G110/><T123/><D123/><U12/><E54/><RYUUKYOKU ba="1,1" sc="239,-15,126,15,380,15,245,-15" hai1="0,2,12,17,18,22,23,26,31,32,105,106,107" hai2="4,11,16,19,25,28,34,42,44,48,52,56,61" /><INIT seed="2,2,1,0,0,34" ten="224,141,395,230" oya="2" hai0="99,47,32,121,128,76,37,82,62,92,64,100,112" hai1="125,110,38,50,5,122,61,104,135,14,21,48,124" hai2="126,101,71,131,15,8,91,95,87,118,45,127,129" hai3="0,98,116,63,105,19,36,53,75,33,20,35,4"/><V41/><F71/><W111/><G36/><T72/><D121/><U83/><E104/><V108/><F118/><W90/><G75/><T58/><D112/><U23/><E83/><V39/><F101/><W93/><G105/><T16/><D32/><U31/><E31/><V65/><F65/><W40/><G40/><T26/><D37/><U29/><E29/><V114/><F108/><W9/><G116/><T96/><D99/><U102/><E38/><V79/><F79/><W74/><G74/><T69/><D47/><U18/><E110/><V44/><F44/><W10/><G10/><T42/><D42/><U132/><E102/><V57/><F57/><N who="3" m="35247" /><G111/><T77/><D76/><U119/><E61/><V1/><F114/><W49/><G49/><N who="1" m="19050" /><E5/><N who="2" m="1071" /><F15/><W97/><G97/><T52/><D26/><AGARI ba="2,1" hai="0,4,9,19,20,26,33,35,90,93,98" m="35247" machi="26" ten="30,2000,0" yaku="25,1,52,1" doraHai="34" who="3" fromWho="0" sc="224,-26,141,0,395,0,230,36" /><INIT seed="3,0,0,3,5,75" ten="198,141,395,266" oya="3" hai0="24,132,43,122,97,98,34,18,82,125,76,83,35" hai1="67,79,11,95,54,114,39,17,126,8,47,25,121" hai2="63,37,74,109,41,134,123,119,105,72,89,50,42" hai3="22,28,80,73,56,20,14,13,87,124,110,4,21"/><W71/><G71/><T94/><D122/><U100/><E114/><V53/><F105/><W78/><G124/><T52/><D125/><U130/><E126/><V32/><F123/><W92/><G110/><T23/><D43/><U7/><E130/><V46/><F109/><W116/><G116/><T128/><D128/><U96/><E39/><V111/><F119/><W61/><G28/><T127/><D127/><U90/><E67/><V9/><F111/><W36/><G36/><T51/><D83/><U120/><E120/><V48/><F32/><W104/><G104/><T55/><D55/><U103/><E121/><V5/><F134/><W69/><G69/><T49/><D49/><U81/><E47/><V57/><F42/><W58/><G58/><T65/><D65/><U27/><E54/><V3/><F37/><W60/><G60/><T30/><D34/><U135/><E135/><V102/><F102/><W118/><G118/><T59/><D94/><U129/><E129/><V99/><F99/><W44/><G44/><T10/><D10/><U16/><E25/><V77/><F63/><W62/><G62/><T15/><REACH who="0" step="1"/><D132/><REACH who="0" ten="188,141,395,266" step="2"/><U93/><E27/><V107/><F107/><W33/><G33/><T88/><D88/><U12/><E100/><V117/><F117/><W64/><G92/><T40/><D40/><U38/><E38/><V45/><F41/><W6/><G73/><AGARI ba="0,1" hai="15,18,23,24,30,35,51,52,59,73,76,82,97,98" machi="73" ten="30,8000,1" yaku="1,1,7,1,52,1,54,1,53,1" doraHai="75" doraHaiUra="29" who="0" fromWho="3" sc="188,90,141,0,395,0,266,-80" owari="278,8.0,141,-36.0,395,49.0,186,-21.0" /></mjloggm>