<mjloggm ver="2.3"><GO type="97" lobby="0"/><UN n0="%E3%82%A6%E3%83%AB%E3%83%88%E3%83%A9%E7%AB%8B%E7%9B%B4" n1="%E3%83%81%E3%83%BC%E3%82%AF%E3%83%81%E3%83%83%E3%82%AF" n2="%E4%B8%89%E6%9C%AC%E7%B7%9A" n3="%E7%BE%BD%E7%94%B0%E5%B0%8F%E9%B3%A9%2E" dan="15,14,14,14" rate="1989.39,1944.36,1873.85,1910.97" sx="M,F,M,F"/><TAIKYOKU oya="0"/><INIT seed="0,0,0,0,5,31" ten="250,250,250,250" oya="0" hai0="62,64,71,49,105,29,27,55,66,125,30,34,121" hai1="63,100,0,52,80,98,99,110,67,124,17,14,104" hai2="89,120,3,74,61,50,41,36,25,22,48,111,19" hai3="115,1,108,32,10,133,107,82,130,95,21,37,69"/><T15/><D121/><U96/><E0/><V102/><F120/><W92/><RYUUKYOKU type="yao9" ba="0,0" sc="250,0,250,0,250,0,250,0" hai3="1,10,21,32,37,69,82,92,95,107,108,115,130,133" /><INIT seed="0,1,0,4,4,26" ten="250,250,250,250" oya="0" hai0="122,114,22,123,60,12,66,17,116,36,131,28,48" hai1="62,41,71,98,89,0,126,113,13,120,57,90,19" hai2="3,63,121,6,50,95,27,81,115,78,117,2,102" hai3="25,99,93,79,109,110,10,96,67,72,88,14,4"/><T104/><D36/><U92/><E120/><V69/><F121/><W58/><G72/><T76/><D116/><U47/><E0/><V74/><F117/><W56/><G79/><T105/><D114/><U35/><E71/><V52/><F115/><W118/><G118/><T100/><D131/><U68/><E68/><V133/><F133/><W65/><G99/><T18/><D104/><U9/><E35/><V84/><F6/><W85/><G85/><T16/><D105/><U86/><E113/><V80/><F95/><W55/><G25/><N who="0" m="16439" /><D123/><U33/><E33/><V45/><F102/><W91/><G91/><T59/><D122/><U135/><E135/><V108/><F108/><N who="3" m="41579" /><G58/><T112/><D112/><U129/><E129/><V23/><F63/><AGARI ba="1,0" hai="4,10,14,55,56,63,65,67,88,93,96" m="41579" machi="63" ten="30,2000,0" yaku="14,1,54,1" doraHai="26" who="3" fromWho="2" sc="250,0,250,0,250,-23,250,23" /><INIT seed="1,0,0,0,2,94" ten="250,250,227,273" oya="1" hai0="116,82,22,3,51,61,72,46,83,16,75,43,92" hai1="49,11,57,56,132,4,0,113,24,127,32,50,109" hai2="103,76,40,79,12,23,121,27,71,63,26,74,101" hai3="58,131,55,104,114,34,20,124,25,98,28,69,65"/><U107/><E113/><V120/><F40/><W64/><G114/><T85/><D3/><U135/><E107/><V45/><F45/><W8/><G131/><T100/><D116/><U44/><E127/><V29/><F12/><W96/><G124/><T10/><D10/><U87/><E50/><V81/><F76/><W6/><G34/><T130/><D130/><U128/><E128/><V84/><F74/><W91/><G69/><T89/><D61/><U54/><E87/><V30/><F120/><W86/><G104/><T41/><D41/><U99/><E109/><V97/><F121/><W5/><G65/><T106/><D106/><U77/><E77/><V13/><F13/><N who="3" m="5263" /><G64/><T78/><D100/><U19/><E99/><N who="3" m="37930" /><G6/><T48/><D75/><U112/><E112/><V129/><F129/><W66/><G66/><T60/><D78/><U15/><E132/><V88/><F71/><W110/><G110/><T68/><D72/><U102/><E102/><V80/><F101/><W47/><G47/><T18/><D68/><U21/><E135/><V14/><F103/><W134/><G134/><T9/><D46/><U123/><E123/><V70/><F70/><W118/><G118/><T36/><D36/><U117/><E117/><V37/><F37/><W53/><G58/><T52/><D43/><U133/><E133/><V126/><F126/><W93/><AGARI ba="0,0" hai="20,25,28,53,55,86,91,93" m="37930,5263" machi="93" ten="30,7900,0" yaku="8,1,52,3" doraHai="94" who="3" fromWho="3" sc="250,-20,250,-39,227,-20,273,79" /><INIT seed="2,0,0,3,0,116" ten="230,211,207,352" oya="2" hai0="93,11,8,68,83,28,53,132,3,38,112,20,26" hai1="91,104,135,55,44,133,103,77,51,58,102,37,21" hai2="73,134,42,45,50,118,108,34,10,64,24,46,96" hai3="4,122,25,16,67,18,90,114,85,61,94,105,86"/><V80/><F118/><W88/><G105/><T1/><D68/><U101/><E104/><V12/><F134/><N who="1" m="51209" /><E77/><V33/><F108/><W124/><G124/><T17/><D38/><U59/><E91/><V52/><F64/><W107/><G107/><T48/><D112/><U41/><E21/><V57/><F46/><AGARI ba="0,0" hai="37,41,44,46,51,55,58,59,101,102,103" m="51209" machi="46" ten="30,1000,0" yaku="20,1" doraHai="116" who="1" fromWho="2" sc="230,0,211,10,207,-10,352,0" /><INIT seed="3,0,0,5,3,63" ten="230,221,197,352" oya="3" hai0="0,110,105,52,60,2,59,98,97,24,120,69,74" hai1="92,117,58,48,93,39,118,49,128,25,108,64,130" hai2="1,131,76,119,115,4,66,21,89,9,34,55,29" hai3="65,104,70,112,3,113,132,96,135,80,111,46,68"/><W125/><G3/><T62/><D74/><U122/><E25/><V6/><F119/><N who="1" m="45577" /><E122/><V10/><F115/><W116/><G116/><T124/><D120/><U129/><E108/><V78/><F34/><W16/><G111/><T121/><D121/><U81/><E81/><V91/><F131/><W85/><G125/><T5/><D124/><U17/><E17/><V7/><F55/><W19/><G46/><T40/><D40/><U45/><E92/><V47/><F47/><W87/><G96/><T99/><D105/><U73/><E93/><V109/><F109/><W51/><G51/><N who="1" m="19530" /><E73/><V22/><F6/><W8/><G104/><T30/><D5/><U90/><E90/><V28/><F1/><W11/><G80/><T71/><D110/><U84/><E84/><V95/><F66/><AGARI ba="0,0" hai="8,11,16,19,65,66,68,70,85,87,112,113,132,135" machi="66" ten="25,12000,1" yaku="22,2,52,2,54,1" doraHai="63" who="3" fromWho="2" sc="230,0,221,0,197,-120,352,120" owari="230,3.0,221,-18.0,77,-42.0,472,57.0" /></mjloggm>