<mjloggm ver="2.3"><GO type="97" lobby="0"/><UN n0="%E2%98%85%E7%B5%B6%E5%AF%BE%E9%A0%98%E5%9F%9F%E2%98%85" n1="%E3%82%A6%E3%83%AB%E3%83%88%E3%83%A9%E7%AB%8B%E7%9B%B4" n2="%6C%69%62%72%61%72%79" n3="%E3%82%86%E3%83%BC%E3%81%AF%E3%82%B7%E3%83%A7%E3%83%83%E3%82%AF" dan="13,15,15,13" rate="1923.11,1975.98,1937.41,1889.31" sx="F,M,M,M"/><TAIKYOKU oya="0"/><INIT seed="0,0,0,3,5,120" ten="250,250,250,250" oya="0" hai0="68,112,127,60,5,4,29,8,1,3,76,94,128" hai1="102,77,16,64,87,56,97,80,62,82,28,38,42" hai2="91,81,114,117,66,52,100,39,34,105,51,48,59" hai3="104,84,123,63,116,83,90,70,20,57,37,0,21"/><T12/><D112/><U33/><E42/><V113/><F39/><W17/><G70/><T99/><D128/><U35/><E38/><V31/><F117/><W118/><G37/><T22/><D127/><U122/><E122/><V93/><F66/><W88/><G123/><T69/><D76/><U6/><E6/><V36/><F36/><W47/><G104/><T86/><D86/><U44/><E44/><V135/><F135/><W78/><G0/><T13/><D60/><U95/><E28/><V14/><F14/><W2/><G2/><T18/><D29/><U7/><E7/><V85/><F105/><W103/><G103/><T132/><D132/><U106/><E106/><V129/><F129/><W98/><G47/><T11/><REACH who="0" step="1"/><D12/><REACH who="0" ten="240,250,250,250" step="2"/><U74/><E87/><V107/><F113/><W58/><G118/><T9/><D9/><U26/><E80/><V110/><F114/><W53/><G116/><T133/><D133/><U121/><E121/><V50/><F81/><W67/><G78/><T40/><D40/><U125/><E125/><V89/><F31/><W134/><G134/><T124/><D124/><U96/><E97/><V30/><F30/><W115/><G115/><T15/><D15/><U25/><E25/><V41/><F85/><W61/><REACH who="3" step="1"/><G17/><REACH who="3" ten="240,250,250,240" step="2"/><T55/><D55/><U32/><E16/><V126/><F52/><W27/><G27/><T49/><D49/><U73/><E26/><V45/><F50/><W92/><AGARI ba="0,2" hai="20,21,53,57,58,61,63,67,83,84,88,90,92,98" machi="92" ten="30,7900,0" yaku="1,1,0,1,8,1,54,1,53,0" doraHai="120" doraHaiUra="75" who="3" fromWho="3" sc="240,-39,250,-20,250,-20,240,99" /><INIT seed="1,0,0,2,2,79" ten="201,230,230,339" oya="1" hai0="86,131,66,115,99,19,134,62,44,16,41,69,43" hai1="51,32,10,105,38,130,71,104,94,111,112,13,59" hai2="81,39,70,98,90,3,126,5,123,84,4,65,125" hai3="106,49,27,121,64,100,122,6,56,21,109,40,23"/><U12/><E112/><V107/><F123/><W53/><G109/><T117/><D115/><U83/><E32/><V92/><F107/><W55/><G6/><T37/><D117/><U26/><E38/><V124/><F3/><W73/><G40/><T97/><D131/><U68/><E26/><V11/><F11/><W50/><G64/><T22/><D134/><U52/><E130/><V2/><F2/><W61/><G61/><T93/><D43/><U101/><E111/><V18/><F18/><W89/><G89/><T74/><D74/><U78/><E104/><V114/><F39/><W85/><G73/><T135/><D135/><U128/><E105/><V132/><F132/><W54/><G54/><T102/><D86/><U46/><E128/><V91/><F114/><W17/><G85/><T9/><D9/><U76/><E76/><V45/><F45/><W127/><G127/><T133/><D133/><U30/><E30/><V116/><F116/><W82/><G23/><T118/><D118/><U60/><E68/><V110/><F110/><W36/><G36/><T48/><D37/><U103/><E71/><V119/><F119/><W20/><G20/><T75/><D75/><U95/><E13/><V31/><F31/><W113/><G113/><T77/><D77/><U15/><E15/><V0/><F0/><W1/><G1/><T80/><D80/><U47/><E47/><V7/><F70/><W120/><G82/><T25/><D99/><U67/><E95/><V87/><F65/><W58/><G122/><T14/><D14/><U88/><E12/><V108/><F108/><RYUUKYOKU ba="0,0" sc="201,10,230,-30,230,10,339,10" hai0="16,19,22,25,41,44,48,62,66,69,93,97,102" hai2="4,5,7,81,84,87,90,91,92,98,124,125,126" hai3="17,21,27,49,50,53,55,56,58,100,106,120,121" /><INIT seed="2,1,0,5,0,109" ten="211,200,240,349" oya="2" hai0="126,50,21,45,16,102,132,89,69,48,110,81,62" hai1="128,92,114,95,73,100,72,94,135,115,18,2,118" hai2="32,77,7,55,30,131,80,35,93,107,133,42,1" hai3="67,76,57,51,36,34,41,87,11,27,71,28,127"/><V49/><F107/><W74/><G74/><N who="1" m="28778" /><E18/><V83/><F83/><W96/><G127/><T6/><D110/><U78/><E2/><V24/><F42/><W33/><G96/><T75/><D126/><U66/><E66/><V124/><F124/><W47/><G11/><T79/><D132/><U88/><E135/><V129/><F133/><W3/><G3/><T43/><D102/><U37/><E37/><V46/><F93/><N who="1" m="35945" /><E118/><V91/><F91/><W112/><G34/><T63/><D6/><U40/><E40/><V90/><F90/><W9/><G9/><T99/><D99/><N who="1" m="57831" /><E128/><N who="2" m="49227" /><F1/><W12/><G12/><T111/><D111/><U85/><E100/><V130/><F7/><W10/><G41/><T22/><D22/><U53/><E53/><V15/><F15/><W123/><G33/><T39/><D69/><U120/><E120/><V29/><F130/><W103/><G123/><T58/><D89/><U26/><E26/><V44/><F44/><W97/><G27/><T54/><D63/><U56/><E56/><V116/><F116/><W101/><G57/><T84/><D75/><U104/><E104/><V134/><F134/><W106/><G47/><T23/><D23/><U0/><E0/><V64/><F64/><W119/><G106/><T25/><AGARI ba="1,0" hai="16,21,25,39,43,45,48,50,54,58,62,79,81,84" machi="25" ten="20,2700,0" yaku="0,1,7,1,54,1" doraHai="109" who="0" fromWho="0" sc="211,30,200,-8,240,-14,349,-8" /><INIT seed="3,0,0,4,2,102" ten="241,192,226,341" oya="3" hai0="133,90,49,103,44,50,34,134,101,135,85,29,32" hai1="13,62,112,123,15,109,104,119,94,51,131,71,31" hai2="67,60,68,12,115,128,111,48,118,38,84,52,37" hai3="61,96,39,17,77,59,6,56,45,74,83,106,95"/><W63/><G106/><T35/><D29/><U20/><E123/><V30/><F30/><W22/><G6/><T23/><D23/><U79/><E112/><V53/><F84/><W82/><G82/><N who="0" m="49463" /><D50/><U127/><E119/><V64/><F12/><W76/><G76/><T36/><D36/><U2/><E2/><V117/><F115/><W1/><G1/><T107/><D107/><U116/><E116/><N who="2" m="44651" /><F111/><W120/><G120/><T58/><D58/><U7/><E127/><V100/><F100/><W124/><G124/><T8/><D8/><U72/><E109/><V66/><F128/><W55/><G39/><N who="2" m="14857" /><F53/><AGARI ba="0,0" hai="32,34,35,44,49,53,101,103,133,134,135" m="49463" machi="53" ten="40,1300,0" yaku="20,1" doraHai="102" who="0" fromWho="2" sc="241,13,192,0,226,-13,341,0" owari="254,5.0,192,-31.0,213,-19.0,341,45.0" /></mjloggm>