<mjloggm ver="2.3"><GO type="97" lobby="0"/><UN n0="%E3%82%A6%E3%83%AB%E3%83%88%E3%83%A9%E7%AB%8B%E7%9B%B4" n1="%67%61%6B%75%63%68%6F" n2="%E3%82%86%E3%81%86%E3%81%B1" n3="%E9%AC%BC%E7%95%9C%E6%88%A6%E5%A3%AB" dan="15,13,13,14" rate="1975.05,1848.20,1851.97,1922.94" sx="M,M,M,M"/><TAIKYOKU oya="0"/><INIT seed="0,0,0,4,2,89" ten="250,250,250,250" oya="0" hai0="126,131,115,66,50,134,25,65,16,32,106,86,26" hai1="67,98,59,125,92,13,48,39,3,117,114,94,77" hai2="111,108,56,100,107,23,31,90,75,130,96,24,105" hai3="110,45,12,21,8,79,46,44,5,133,40,123,81"/><T93/><D106/><U124/><E3/><V132/><F75/><W95/><G110/><N who="2" m="42025" /><F130/><W85/><G133/><T88/><D115/><U52/><E39/><V9/><F132/><W2/><G123/><T101/><D134/><U27/><E117/><V63/><F90/><W38/><REACH who="3" step="1"/><G95/><REACH who="3" ten="250,250,250,240" step="2"/><N who="1" m="36394" /><E114/><V74/><F107/><W42/><G42/><T83/><D131/><U41/><E41/><V30/><F74/><W54/><G54/><T49/><D126/><N who="1" m="48747" /><E67/><N who="0" m="25609" /><D32/><U29/><E77/><V113/><F113/><W71/><G71/><T70/><D70/><U4/><E98/><V34/><F34/><W28/><G28/><T33/><D33/><U112/><E112/><V119/><F31/><W78/><G78/><T121/><D121/><U6/><E13/><V20/><F119/><W0/><G0/><T51/><D16/><AGARI ba="0,1" hai="2,5,8,12,16,21,38,40,44,45,46,79,81,85" machi="16" ten="40,2600,0" yaku="1,1,54,1,53,0" doraHai="89" doraHaiUra="84" who="3" fromWho="0" sc="250,-26,250,0,250,0,240,36" /><INIT seed="1,0,0,1,2,28" ten="224,250,250,276" oya="1" hai0="73,71,21,23,26,70,33,84,125,52,4,54,25" hai1="123,15,122,81,99,3,46,1,64,92,37,0,100" hai2="16,103,110,49,83,68,87,31,97,131,115,34,106" hai3="82,127,13,30,12,69,14,130,132,47,79,124,116"/><U109/><E64/><V93/><F110/><W128/><G116/><T104/><D84/><U2/><N who="1" m="512" /><DORA hai="133" /><U19/><E81/><V24/><F68/><W108/><G69/><T9/><D9/><U119/><E119/><V6/><F6/><W7/><G108/><T96/><D4/><U75/><E75/><V60/><F131/><N who="3" m="50219" /><G132/><T78/><D96/><U90/><E100/><V43/><F115/><W105/><G105/><T86/><D86/><U94/><E94/><V126/><F60/><W102/><G102/><T95/><D95/><U59/><E59/><V53/><F43/><W113/><G113/><T56/><D56/><U91/><E91/><V41/><F41/><W66/><G66/><T118/><D118/><U61/><E61/><V42/><F42/><W40/><G30/><T107/><D78/><U27/><E109/><V48/><F106/><W44/><G7/><T8/><D8/><U98/><E46/><N who="3" m="17450" /><G40/><T29/><D29/><U67/><E37/><V35/><F53/><W58/><G58/><T134/><D134/><U62/><E27/><V74/><F74/><AGARI ba="0,0" hai="12,13,14,74,79,82,124,127" m="17450,50219" machi="74" ten="40,5200,0" yaku="19,1,52,2" doraHai="28,133" who="3" fromWho="2" sc="224,0,250,0,250,-52,276,52" /><INIT seed="2,0,0,2,2,127" ten="224,250,198,328" oya="2" hai0="122,86,131,3,109,126,51,37,68,45,4,133,103" hai1="132,57,123,35,44,28,81,12,83,117,134,6,17" hai2="63,92,32,0,49,16,69,31,9,121,73,106,112" hai3="33,13,115,105,21,96,60,80,52,20,29,98,125"/><V93/><F112/><W101/><G101/><T55/><D86/><U100/><E117/><V85/><F121/><W94/><G115/><T116/><D103/><U79/><E6/><V64/><F73/><W54/><G105/><T41/><D4/><U11/><E44/><V36/><F36/><W111/><G111/><T70/><D3/><U46/><E57/><V66/><F66/><W89/><G33/><T124/><D122/><U108/><E100/><V53/><F106/><W34/><G34/><T39/><D116/><U47/><E108/><V56/><F85/><N who="3" m="50343" /><G125/><N who="0" m="48235" /><D109/><U130/><E28/><V87/><F87/><W61/><G21/><T50/><D133/><N who="1" m="51307" /><E35/><V76/><F76/><W97/><G94/><T59/><D131/><U2/><E2/><V7/><REACH who="2" step="1"/><F16/><REACH who="2" ten="224,250,188,328" step="2"/><N who="3" m="10255" /><G29/><T23/><D23/><U107/><E107/><V38/><F38/><AGARI ba="0,1" hai="37,38,39,41,45,50,51,55,59,68,70" m="48235" machi="38" ten="30,3900,0" yaku="18,1,34,2" doraHai="127" who="0" fromWho="2" sc="224,49,250,0,188,-39,328,0" /><INIT seed="3,0,0,0,3,54" ten="273,250,149,328" oya="3" hai0="81,9,42,22,126,3,15,91,5,7,1,70,115" hai1="31,87,134,108,107,111,120,36,114,20,69,63,21" hai2="6,116,75,61,56,23,123,106,47,84,29,18,98" hai3="128,34,12,49,27,45,127,35,117,55,86,74,32"/><W112/><G117/><T82/><D70/><U58/><E107/><V102/><F116/><W132/><G112/><T122/><D122/><U104/><E104/><V72/><F123/><W68/><G74/><T129/><D115/><U39/><E120/><V4/><F29/><W101/><G127/><T95/><D126/><U46/><E114/><V90/><F47/><W103/><G128/><T64/><D64/><U38/><E69/><V135/><F135/><W51/><G68/><T99/><D42/><U121/><E121/><V125/><F125/><W76/><G132/><T10/><D129/><U52/><E134/><V41/><F41/><W124/><G124/><T113/><D113/><U26/><E87/><V30/><F75/><W83/><G12/><T80/><D15/><U71/><E71/><V94/><F72/><W110/><G110/><T33/><D22/><U11/><E11/><V118/><F118/><W105/><G105/><T60/><D60/><U44/><REACH who="1" step="1"/><E20/><REACH who="1" ten="273,240,149,328" step="2"/><V57/><F30/><W73/><G86/><T85/><REACH who="0" step="1"/><D33/><REACH who="0" ten="263,240,149,328" step="2"/><U28/><E28/><V66/><REACH who="2" step="1"/><F57/><REACH who="2" ten="263,240,139,328" step="2"/><N who="3" m="33007" /><G35/><T78/><AGARI ba="0,3" hai="1,3,5,7,9,10,78,80,81,82,85,91,95,99" machi="78" ten="20,5200,0" yaku="1,1,0,1,7,1,9,1,53,0" doraHai="54" doraHaiUra="24" who="0" fromWho="0" sc="263,82,240,-13,139,-13,328,-26" owari="345,44.0,227,-17.0,126,-37.0,302,10.0" /></mjloggm>