<mjloggm ver="2.3"><GO type="41" lobby="0"/><UN n0="%E7%8A%AC%E3%82%82%E6%AD%A9%E3%81%91%E3%81%B0%E3%83%BB%E3%83%BB%E3%83%BB" n1="%4D%72%2E%6E%69%6B%75%39" n2="%E3%82%A6%E3%83%AB%E3%83%88%E3%83%A9%E7%AB%8B%E7%9B%B4" n3="%70%69%74%61%6B%6B%63" dan="13,15,16,15" rate="1868.14,1973.94,2012.05,1925.52" sx="M,M,M,M"/><TAIKYOKU oya="0"/><INIT seed="0,0,0,1,1,78" ten="250,250,250,250" oya="0" hai0="120,88,33,11,69,131,55,73,22,21,46,109,44" hai1="27,83,122,0,38,95,93,80,26,81,117,130,98" hai2="62,20,53,87,126,116,23,45,19,84,96,54,76" hai3="111,107,123,132,1,37,67,39,65,7,40,114,74"/><T121/><D73/><U90/><E0/><V59/><F126/><W112/><G107/><T35/><D69/><U36/><E122/><V43/><F116/><W113/><G74/><T119/><D119/><U32/><E117/><V75/><F23/><W79/><G123/><T134/><D134/><U103/><E130/><V8/><F8/><W72/><G132/><T17/><D131/><U104/><E95/><V68/><F68/><W100/><G37/><T25/><D120/><U12/><E12/><V5/><F5/><W9/><G111/><T15/><D109/><U48/><E48/><V125/><F96/><W47/><G100/><T135/><D135/><U82/><N who="1" m="20992" /><DORA hai="34" /><U108/><E108/><V2/><F2/><W51/><G79/><T70/><D70/><U61/><E61/><V24/><F76/><W97/><G97/><T63/><D121/><U58/><E58/><V56/><F125/><W28/><G72/><T60/><D63/><U105/><E105/><V127/><F75/><W57/><G57/><N who="0" m="34879" /><D33/><U91/><E91/><V99/><F127/><W86/><G51/><T6/><D35/><U133/><E133/><V4/><F56/><W42/><G114/><T71/><D71/><U124/><E124/><V13/><F59/><W18/><G113/><T10/><D88/><U129/><E129/><V66/><F62/><W49/><G49/><T77/><D77/><U92/><E104/><V89/><F89/><W101/><G112/><T3/><D10/><U85/><REACH who="1" step="1"/><E32/><REACH who="1" ten="250,240,250,250" step="2"/><V41/><F13/><W102/><G1/><T50/><D50/><U14/><E14/><RYUUKYOKU ba="0,1" sc="250,15,240,15,250,-15,250,-15" hai0="3,6,11,15,17,21,22,25,44,46" hai1="26,27,36,38,85,90,92,93,98,103" /><INIT seed="0,1,1,2,3,20" ten="265,255,235,235" oya="0" hai0="50,41,133,0,40,10,106,54,17,7,127,86,39" hai1="8,97,92,101,87,4,38,59,122,23,81,119,73" hai2="134,90,123,71,14,24,110,9,31,68,58,116,28" hai3="6,52,35,89,60,55,30,131,72,70,37,91,22"/><T83/><D106/><U42/><E122/><V130/><F123/><W32/><G72/><T11/><D133/><U65/><E119/><V26/><F134/><W103/><G37/><T19/><D127/><U76/><E23/><V105/><F105/><W29/><G131/><T1/><D39/><U128/><E128/><V63/><F116/><W115/><G115/><T99/><D99/><U53/><E65/><V67/><F130/><W85/><G103/><T27/><D1/><U117/><E117/><V95/><F110/><W25/><G6/><T120/><D11/><U79/><E79/><V104/><F104/><W100/><G100/><T129/><D129/><U107/><E38/><V124/><F124/><W33/><G30/><N who="2" m="11305" /><F68/><W113/><G113/><T108/><D108/><U36/><E36/><V118/><F71/><W126/><G126/><T13/><D0/><U45/><E42/><V12/><F118/><W64/><REACH who="3" step="1"/><G91/><REACH who="3" ten="265,255,235,225" step="2"/><N who="0" m="51679" /><D120/><U48/><E107/><V78/><F78/><W49/><G49/><T98/><D98/><U112/><E112/><V125/><F125/><W77/><G77/><T93/><D93/><AGARI ba="1,2" hai="22,25,29,32,33,35,52,55,60,64,70,85,89,93" machi="93" ten="40,5200,0" yaku="1,1,52,1,54,1,53,0" doraHai="20" doraHaiUra="43" who="3" fromWho="0" sc="265,-55,255,0,235,0,225,75" /><INIT seed="1,0,0,2,2,87" ten="210,255,235,300" oya="1" hai0="85,83,81,122,14,69,123,130,13,39,115,6,48" hai1="99,19,4,52,41,50,36,100,59,1,134,133,28" hai2="51,31,92,121,49,7,120,68,5,108,78,11,103" hai3="72,117,98,112,107,104,54,97,8,94,125,105,57"/><U71/><E71/><V25/><F68/><W70/><G70/><T29/><D39/><U38/><E28/><V24/><F108/><W42/><G112/><T20/><D69/><U62/><E19/><V95/><F78/><W93/><G72/><T114/><D130/><U74/><E74/><V35/><F31/><W22/><G42/><T12/><D6/><U132/><E4/><V76/><F76/><W88/><G117/><T65/><D65/><N who="1" m="39135" /><E1/><V129/><F103/><W116/><G116/><T58/><D58/><N who="1" m="33047" /><E41/><V128/><REACH who="2" step="1"/><F11/><REACH who="2" ten="210,255,225,300" step="2"/><W16/><G8/><T18/><D115/><U135/><E135/><V56/><F56/><W102/><G125/><T30/><D114/><U67/><E67/><V44/><F44/><W9/><G9/><T45/><D122/><U89/><E100/><V64/><F64/><W61/><REACH who="3" step="1"/><G107/><REACH who="3" ten="210,255,225,290" step="2"/><T2/><D2/><U32/><E134/><V96/><F96/><W17/><G17/><T79/><D123/><U80/><E99/><V0/><F0/><W82/><G82/><T119/><D119/><U75/><E133/><V66/><F66/><W3/><G3/><T131/><D81/><U26/><E132/><V46/><F46/><W127/><G127/><T47/><D45/><U91/><E80/><V63/><F63/><W101/><G101/><T84/><D29/><N who="1" m="19511" /><E75/><V15/><F15/><AGARI ba="0,2" hai="15,16,22,54,57,61,88,93,94,97,98,102,104,105" machi="15" ten="30,8000,1" yaku="1,1,7,1,52,1,54,2,53,0" doraHai="87" doraHaiUra="40" who="3" fromWho="2" sc="210,0,255,0,225,-80,290,100" /><INIT seed="2,0,0,1,4,97" ten="210,255,145,390" oya="2" hai0="66,34,67,53,38,41,111,120,115,8,25,32,14" hai1="50,10,61,18,3,7,130,123,71,84,51,9,64" hai2="29,27,58,93,116,134,74,88,36,21,77,91,30" hai3="103,94,55,133,86,63,118,11,16,37,119,124,125"/><V70/><F70/><W62/><G37/><T106/><D120/><U99/><E123/><V69/><F69/><W114/><G133/><T122/><D122/><U83/><E130/><V72/><F36/><W24/><G114/><T100/><D115/><U39/><E39/><V49/><F134/><W57/><G63/><T101/><D111/><U26/><E99/><V96/><F116/><W98/><G86/><T104/><D53/><U92/><E92/><V110/><F110/><W127/><G11/><T59/><D59/><U20/><REACH who="1" step="1"/><E9/><REACH who="1" ten="210,245,145,390" step="2"/><V82/><F72/><W1/><G118/><T107/><D38/><U65/><E65/><N who="0" m="24585" /><D41/><U112/><E112/><V75/><F75/><W45/><G119/><T13/><D8/><U117/><E117/><V126/><F126/><W28/><G127/><T40/><D40/><U4/><E4/><V76/><F74/><W42/><G94/><T109/><D109/><U23/><E23/><V73/><F73/><W0/><G98/><T22/><D22/><U121/><E121/><V131/><F131/><W43/><G125/><T135/><D135/><U44/><E44/><V46/><F58/><W19/><G57/><T85/><D85/><U128/><E128/><V95/><F82/><W79/><G45/><T87/><D87/><U68/><E68/><V56/><F56/><W2/><G43/><T17/><D34/><U108/><E108/><V60/><F60/><W31/><G62/><T35/><D32/><U102/><E102/><N who="0" m="39529" /><D35/><U54/><E54/><N who="2" m="30007" /><F30/><W132/><G31/><T5/><D5/><U129/><E129/><V105/><F105/><RYUUKYOKU ba="0,1" sc="210,10,245,10,145,10,390,-30" hai0="13,14,17,25,104,106,107" hai1="3,7,10,18,20,26,50,51,61,64,71,83,84" hai2="21,27,29,76,77,88,91,93,95,96" /><INIT seed="2,1,1,4,3,12" ten="220,255,155,360" oya="2" hai0="76,22,123,51,20,128,100,135,125,6,32,118,101" hai1="126,109,33,79,30,5,78,4,28,110,72,75,46" hai2="27,24,0,26,69,55,31,117,107,47,86,91,106" hai3="39,80,119,60,3,121,87,114,2,58,68,9,50"/><V104/><F69/><W85/><G119/><T133/><D118/><U13/><E46/><V48/><F0/><W111/><G121/><T113/><D113/><U102/><E13/><V59/><F117/><W134/><G39/><T38/><D123/><U132/><E102/><V25/><N who="2" m="6144" /><DORA hai="84" /><V96/><F31/><W35/><G35/><T97/><D32/><U21/><E33/><V45/><REACH who="2" step="1"/><F96/><REACH who="2" ten="220,255,145,360" step="2"/><W64/><G2/><T43/><D125/><U1/><E1/><V62/><F62/><W124/><G3/><T42/><D128/><U92/><E28/><V77/><F77/><W23/><G60/><T40/><D76/><U54/><E79/><V103/><F103/><N who="0" m="39498" /><D38/><U10/><E78/><V19/><F19/><W18/><G68/><T122/><D122/><U56/><E30/><V70/><F70/><W61/><G61/><T11/><D97/><U67/><E126/><V82/><AGARI ba="1,2" hai="45,47,48,55,59,82,86,91,104,106,107" m="6144" machi="82" ten="50,12000,1" yaku="1,1,0,1,52,1,53,1" doraHai="12,84" doraHaiUra="37,83" who="2" fromWho="2" sc="220,-41,255,-41,145,143,360,-41" /><INIT seed="2,2,0,1,3,75" ten="179,214,288,319" oya="2" hai0="110,27,0,10,61,5,46,8,97,71,74,127,105" hai1="115,16,83,73,120,69,88,65,100,41,37,128,9" hai2="86,76,116,78,109,108,40,21,107,87,84,20,93" hai3="135,132,14,11,130,62,23,36,45,52,3,85,32"/><V48/><F107/><W89/><G32/><T77/><D110/><N who="2" m="42602" /><F116/><W119/><G119/><T91/><D8/><U131/><E115/><V24/><F93/><W59/><G130/><N who="1" m="49706" /><E120/><V50/><F21/><W118/><G118/><T44/><D127/><U104/><E104/><V35/><F35/><W112/><G112/><T12/><D12/><N who="1" m="7183" /><E100/><V113/><F113/><W43/><G23/><T18/><D74/><U13/><E13/><V2/><F2/><W42/><G42/><T68/><D77/><N who="2" m="29802" /><F40/><W49/><G3/><T1/><D0/><U7/><E41/><V60/><F60/><W31/><G62/><T126/><D1/><U33/><E33/><V47/><F47/><W58/><G45/><T103/><D126/><U63/><E63/><V6/><F6/><W106/><G43/><T53/><D46/><U111/><E7/><V26/><F26/><W39/><G106/><T94/><D5/><U122/><E111/><V124/><F124/><W70/><G135/><T57/><D44/><U22/><E22/><V129/><F129/><W17/><G132/><T67/><D10/><U55/><E73/><V4/><F4/><W64/><G11/><T81/><D81/><U79/><E83/><V51/><F51/><W90/><G49/><T125/><D125/><U15/><E122/><V82/><F82/><W95/><G95/><T98/><D67/><U30/><E65/><V19/><AGARI ba="2,0" hai="19,20,24,48,50,84,86,87" m="29802,42602" machi="19" ten="40,12000,1" yaku="14,1,10,1,52,3" doraHai="75" who="2" fromWho="2" sc="179,-42,214,-42,288,126,319,-42" /><INIT seed="2,3,0,4,4,89" ten="137,172,414,277" oya="2" hai0="5,58,61,128,110,116,64,131,57,99,65,67,60" hai1="26,97,80,12,19,72,36,127,86,28,111,114,100" hai2="118,20,69,77,74,39,62,79,71,75,49,132,82" hai3="14,135,46,47,85,120,87,133,122,11,27,45,6"/><V84/><F39/><W17/><G27/><T126/><D116/><U119/><E114/><V134/><F118/><W113/><G6/><T109/><D5/><U115/><E115/><V15/><F49/><W76/><G113/><T37/><D126/><U90/><E119/><V24/><F15/><W98/><G98/><T38/><D99/><U121/><E127/><V32/><F32/><W30/><G30/><T106/><D106/><U1/><E1/><V93/><F62/><N who="0" m="24170" /><D58/><U108/><E36/><N who="0" m="13929" /><D57/><U129/><E72/><V105/><F105/><W78/><G87/><T50/><D50/><U44/><E44/><V16/><F75/><W91/><G120/><T54/><D54/><U31/><E121/><V43/><F79/><W13/><G13/><T70/><D70/><U42/><E42/><V96/><F74/><W4/><G4/><T48/><D48/><U124/><E124/><V123/><F123/><W3/><G3/><T94/><D94/><N who="1" m="58423" /><E129/><AGARI ba="3,0" hai="64,65,67,109,110,128,129,131" m="13929,24170" machi="129" ten="40,8000,1" yaku="28,2,19,1,34,2" doraHai="89" who="0" fromWho="1" sc="137,89,172,-89,414,0,277,0" /><INIT seed="3,0,0,3,2,71" ten="226,83,414,277" oya="3" hai0="33,41,24,57,104,101,68,28,66,72,85,53,31" hai1="75,113,42,38,134,60,56,95,63,73,67,65,5" hai2="91,0,22,18,52,123,7,64,121,78,105,76,115" hai3="45,122,11,87,112,25,109,37,9,127,55,10,93"/><W61/><G112/><T96/><D31/><U132/><E5/><V119/><F105/><W54/><G122/><N who="2" m="46601" /><F119/><W2/><G127/><T50/><D41/><U84/><E113/><V70/><F64/><W40/><G109/><T126/><D126/><U107/><E107/><V16/><F70/><W48/><G25/><T135/><D85/><U15/><E15/><V26/><F91/><W117/><G117/><T124/><D124/><U19/><E19/><V116/><F116/><W30/><G30/><T128/><D128/><U100/><E100/><V120/><F120/><W51/><G2/><T111/><D135/><N who="1" m="51755" /><E95/><V108/><F108/><W80/><G93/><T103/><D103/><U1/><E84/><V131/><F131/><W77/><REACH who="3" step="1"/><G61/><REACH who="3" ten="226,83,414,267" step="2"/><T90/><D111/><U14/><E1/><V92/><F92/><W74/><G74/><T82/><D72/><U125/><E125/><V27/><F115/><W3/><G3/><T59/><D68/><N who="1" m="42023" /><E14/><V106/><F0/><W4/><G4/><T133/><D133/><U102/><E73/><V44/><F7/><W13/><G13/><T129/><D129/><U20/><E75/><V8/><F106/><W118/><G118/><T6/><D6/><U32/><E63/><V94/><F94/><W62/><G62/><N who="0" m="38223" /><D82/><U49/><E102/><V21/><F27/><W39/><G39/><T35/><D35/><U23/><E32/><V98/><F26/><W58/><G58/><T88/><D33/><U83/><E83/><V12/><F12/><W114/><G114/><T86/><D86/><U79/><E38/><V99/><F18/><RYUUKYOKU ba="0,1" sc="226,15,83,-15,414,-15,267,15" hai0="24,28,50,53,59,88,90,96,101,104" hai3="9,10,11,37,40,45,48,51,54,55,77,80,87" /><INIT seed="3,1,1,4,0,61" ten="241,68,399,282" oya="3" hai0="129,132,120,112,48,66,17,57,8,85,93,52,54" hai1="92,24,30,89,56,4,113,60,77,10,62,58,118" hai2="33,3,38,107,84,47,73,63,25,45,98,122,32" hai3="74,70,125,41,27,86,23,0,115,90,18,1,128"/><W119/><G115/><T53/><D112/><U116/><E113/><V78/><F73/><W135/><G119/><N who="1" m="45610" /><E77/><V133/><F3/><W46/><G74/><T49/><D120/><U20/><E60/><V69/><F133/><W104/><G135/><T2/><D132/><U31/><E31/><V40/><F47/><W11/><G104/><T95/><D129/><U72/><E72/><V83/><F25/><W81/><G128/><T80/><D2/><N who="1" m="279" /><E62/><V124/><F124/><W13/><G125/><T71/><D71/><U134/><E134/><V51/><F122/><W100/><G100/><T108/><D108/><U109/><E109/><V103/><F51/><N who="0" m="19530" /><D8/><U91/><E91/><V87/><F87/><AGARI ba="1,1" hai="20,24,30,56,58,87,89,92" m="279,45610" machi="87" ten="30,1000,0" yaku="12,1" doraHai="61" who="1" fromWho="2" sc="241,0,68,23,399,-13,282,0" /><INIT seed="4,0,0,0,3,51" ten="241,91,386,282" oya="0" hai0="19,75,13,81,93,77,76,125,11,128,121,123,12" hai1="6,59,112,84,8,20,33,14,114,36,83,127,71" hai2="101,69,85,66,87,108,17,37,103,34,55,120,113" hai3="91,49,95,22,65,88,98,126,48,79,80,74,111"/><T58/><D125/><U124/><E71/><V90/><F37/><W62/><G111/><T96/><D128/><U40/><E59/><V132/><F34/><W5/><G126/><N who="1" m="48170" /><E33/><V67/><F69/><W68/><G5/><T118/><D118/><U60/><E60/><V73/><F73/><W10/><G10/><T78/><D121/><U109/><E109/><V82/><F108/><W35/><G35/><T72/><D72/><U27/><E40/><V1/><F1/><W104/><G104/><T130/><D130/><U24/><E36/><V89/><F17/><W57/><G22/><N who="0" m="11623" /><D75/><U7/><E7/><V21/><F21/><W115/><G115/><N who="1" m="44074" /><E20/><V46/><F120/><W61/><REACH who="3" step="1"/><G91/><AGARI ba="0,0" hai="6,8,14,24,27,83,84,91" m="44074,48170" machi="91" ten="30,3900,0" yaku="18,1,15,1,11,1" doraHai="51" who="1" fromWho="3" sc="241,0,91,39,386,0,282,-39" /><INIT seed="5,0,0,1,0,34" ten="241,130,386,243" oya="1" hai0="130,116,100,64,60,22,63,21,88,51,113,98,132" hai1="106,59,87,105,37,58,83,46,30,33,76,16,0" hai2="129,11,96,117,94,80,122,15,89,99,90,66,9" hai3="124,56,103,101,54,128,47,6,4,10,97,114,36"/><U71/><E71/><V35/><F35/><W53/><G114/><T8/><D113/><U1/><E33/><V5/><F122/><W112/><G112/><T125/><D116/><U12/><E30/><V134/><F117/><W18/><G128/><T73/><D73/><U45/><E106/><V123/><F123/><W127/><G36/><T26/><D130/><U119/><E105/><V93/><F129/><W92/><G47/><T85/><D132/><U67/><E119/><V65/><F134/><W61/><G18/><T104/><D125/><N who="3" m="48201" /><G103/><T82/><D8/><U72/><E72/><V86/><REACH who="2" step="1"/><F9/><REACH who="2" ten="241,130,376,243" step="2"/><W102/><G10/><T120/><D120/><U110/><E110/><V50/><F50/><W107/><G107/><T29/><D51/><U40/><E46/><V32/><F32/><W28/><G61/><T108/><D108/><U2/><REACH who="1" step="1"/><E67/><REACH who="1" ten="241,120,376,243" step="2"/><V19/><F19/><W115/><G115/><T39/><D39/><U77/><E77/><AGARI ba="0,2" hai="5,11,15,65,66,77,80,86,89,90,93,94,96,99" machi="77" ten="30,7700,0" yaku="1,1,7,1,9,1,8,1,53,0" doraHai="34" doraHaiUra="68" who="2" fromWho="1" sc="241,0,120,-77,376,97,243,0" /><INIT seed="6,0,0,5,5,52" ten="241,43,473,243" oya="2" hai0="1,60,86,106,102,121,72,36,125,13,31,126,53" hai1="88,131,124,59,79,128,47,7,107,116,4,81,122" hai2="55,14,34,25,108,21,38,77,15,110,133,113,92" hai3="112,6,18,117,70,105,44,33,12,42,64,111,17"/><V104/><F104/><W48/><G117/><T20/><D121/><U78/><E116/><V5/><F38/><W67/><G111/><N who="2" m="42537" /><F34/><W32/><G105/><T65/><D36/><U94/><E47/><V2/><F77/><N who="1" m="29193" /><E59/><V26/><F92/><W49/><G112/><T129/><D72/><U43/><E43/><V68/><F68/><W75/><G75/><T85/><D1/><U123/><E7/><V69/><F69/><W10/><G70/><T132/><D129/><N who="1" m="49739" /><E4/><V27/><F55/><W103/><G103/><T11/><D53/><U71/><E71/><V58/><F58/><W54/><G32/><T39/><D39/><U135/><E107/><V118/><F118/><W61/><G33/><T23/><D132/><U93/><E135/><V41/><F41/><W89/><G89/><T130/><D130/><U80/><E124/><N who="0" m="47721" /><D106/><U109/><E109/><V76/><F76/><W95/><G95/><N who="1" m="36362" /><E88/><V46/><F46/><N who="3" m="27927" /><G61/><T62/><D60/><U0/><E0/><V57/><F57/><W90/><G90/><T97/><D62/><U8/><E8/><N who="2" m="2103" /><F133/><W24/><G24/><N who="2" m="9321" /><F113/><W134/><G134/><T98/><D31/><AGARI ba="0,0" hai="14,15,21,27,31" m="9321,2103,42537" machi="31" ten="30,5800,0" yaku="10,1,34,2" doraHai="52" who="2" fromWho="0" sc="241,-58,43,0,473,58,243,0" /><INIT seed="6,1,0,1,1,96" ten="183,43,531,243" oya="2" hai0="48,30,73,54,46,1,62,81,26,92,112,80,2" hai1="44,84,5,38,43,63,119,87,133,15,42,74,135" hai2="3,77,64,113,110,95,130,76,105,23,19,28,111" hai3="106,36,103,75,14,24,85,108,8,11,104,60,100"/><V117/><F105/><W47/><G108/><N who="2" m="41513" /><F3/><W88/><G75/><T13/><D112/><U45/><E74/><V50/><F113/><W52/><G24/><T131/><D131/><U39/><E15/><V67/><F117/><W93/><G8/><T6/><D62/><U4/><REACH who="1" step="1"/><E63/><REACH who="1" ten="183,33,531,243" step="2"/><V116/><F116/><AGARI ba="1,1" hai="4,5,38,39,42,43,44,45,84,87,116,119,133,135" machi="116" ten="25,12000,2" yaku="1,1,2,1,22,2,53,2" doraHai="96" doraHaiUra="71" who="1" fromWho="2" sc="183,0,33,133,531,-123,243,0" /><INIT seed="7,0,0,0,0,118" ten="183,166,408,243" oya="3" hai0="96,28,102,75,85,67,126,45,98,54,76,115,134" hai1="116,31,35,23,121,0,48,68,66,43,107,33,55" hai2="38,123,9,97,117,44,29,80,81,113,11,42,19" hai3="125,65,53,24,51,20,131,106,52,15,36,69,120"/><W32/><G36/><T50/><D75/><U41/><E0/><V47/><F117/><W122/><G106/><T89/><D134/><U18/><E116/><V127/><F123/><W34/><G125/><T57/><D126/><U82/><E121/><V88/><F127/><W74/><G74/><T119/><D119/><U93/><E107/><V25/><F47/><W111/><G111/><T46/><D115/><U129/><E129/><V2/><F113/><W63/><G131/><T26/><D67/><U86/><E93/><V13/><F9/><W27/><G15/><T105/><D76/><U112/><E112/><V109/><F2/><W100/><G100/><T61/><D98/><U92/><E68/><V12/><F12/><W90/><G90/><T104/><D105/><U5/><E66/><V79/><F79/><W101/><G101/><T40/><D45/><U59/><E5/><V10/><F10/><W110/><G110/><T84/><D89/><U6/><E6/><V70/><F70/><W56/><G53/><T103/><REACH who="0" step="1"/><D102/><REACH who="0" ten="173,166,408,243" step="2"/><U72/><E72/><V16/><F109/><W83/><G122/><T124/><D124/><U60/><E92/><V22/><F19/><W77/><G120/><T135/><D135/><U17/><E17/><V37/><F37/><W14/><G65/><T133/><D133/><U62/><E31/><V108/><F108/><W3/><G77/><T39/><D39/><U21/><E21/><AGARI ba="0,1" hai="21,26,28,40,46,50,54,57,61,84,85,96,103,104" machi="21" ten="30,3900,0" yaku="1,1,7,1,53,1" doraHai="118" doraHaiUra="94" who="0" fromWho="1" sc="173,49,166,-39,408,0,243,0" owari="222,-18.0,127,-37.0,408,51.0,243,4.0" /></mjloggm>