<mjloggm ver="2.3"><GO type="169" lobby="0"/><UN n0="%E3%82%A6%E3%83%AB%E3%83%88%E3%83%A9%E7%AB%8B%E7%9B%B4" n1="%E3%81%97%E3%81%BE%E3%81%9F%E3%82%8D%E3%81%86%EF%BC%A0" n2="%52%6F%62%69%4E" n3="%E5%B0%8F%E6%97%A9%E5%B7%9D%E3%82%86%E3%81%9F%E3%81%8B" dan="16,16,17,16" rate="2025.63,2187.33,2116.08,2045.46" sx="M,M,M,F"/><TAIKYOKU oya="0"/><INIT seed="0,0,0,3,0,70" ten="250,250,250,250" oya="0" hai0="131,133,88,95,25,110,126,44,92,50,4,96,59" hai1="7,86,76,52,66,33,10,119,124,82,42,64,111" hai2="99,23,17,91,49,79,125,102,39,105,106,75,134" hai3="81,129,80,130,47,11,112,54,37,30,67,85,28"/><T122/><D122/><U22/><E111/><V16/><F16/><W93/><G112/><T26/><D126/><U40/><E33/><V35/><F17/><W32/><G67/><T8/><D131/><U0/><E119/><V1/><F125/><W63/><G11/><T100/><D59/><U77/><E124/><V103/><F49/><W123/><G123/><T14/><D133/><U115/><E115/><V116/><F39/><W57/><G93/><T51/><D110/><U83/><E22/><V107/><F23/><W9/><G9/><T132/><D132/><U62/><E52/><V29/><F75/><W71/><G71/><T74/><D74/><U68/><E66/><V12/><F79/><W89/><G80/><T117/><D117/><U120/><E120/><V31/><F1/><W55/><G32/><T97/><REACH who="0" step="1"/><D51/><REACH who="0" ten="240,250,250,250" step="2"/><U127/><E127/><V108/><F108/><W118/><G118/><T18/><D18/><U13/><E0/><V34/><F116/><W19/><G19/><T6/><D6/><U3/><E3/><V87/><F134/><W45/><G129/><T101/><D101/><U58/><E68/><V43/><F102/><W84/><G130/><T73/><D73/><AGARI ba="0,1" hai="7,10,13,40,42,58,62,64,73,76,77,82,83,86" machi="73" ten="30,1000,0" yaku="7,1" doraHai="70" who="1" fromWho="0" sc="240,-10,250,20,250,0,250,0" /><INIT seed="1,0,0,5,4,56" ten="230,270,250,250" oya="1" hai0="5,65,36,27,64,9,94,125,34,129,85,2,58" hai1="100,71,116,46,3,43,49,81,112,16,21,76,6" hai2="11,99,124,38,110,7,86,41,126,57,1,90,66" hai3="118,53,13,62,23,87,31,123,82,25,84,63,89"/><U79/><E116/><V132/><F57/><W10/><G123/><T75/><D125/><N who="2" m="48234" /><F99/><W48/><G87/><T22/><D34/><U80/><E112/><V88/><F66/><W115/><G115/><T52/><D36/><U40/><E71/><V120/><F120/><W26/><G26/><T128/><D75/><U73/><E100/><V17/><F132/><W78/><G78/><T92/><D64/><U39/><E6/><V95/><F110/><W113/><G113/><T68/><D65/><U35/><E3/><V42/><F38/><W122/><G122/><T121/><D68/><U60/><E35/><V135/><F135/><W32/><G32/><T98/><D85/><U105/><E105/><V15/><F90/><W106/><G106/><T70/><D70/><U51/><E60/><N who="3" m="23082" /><G118/><T101/><D94/><U114/><E43/><V55/><F55/><W104/><G104/><T28/><D121/><U91/><E91/><V54/><F54/><W18/><G53/><T77/><D77/><U30/><E30/><V117/><F117/><W44/><G48/><T119/><D119/><U20/><E114/><V14/><F1/><W103/><G44/><T72/><D72/><U131/><E49/><V109/><F109/><W107/><G107/><T4/><D2/><U19/><E51/><V134/><F134/><W29/><G103/><T133/><D133/><U127/><E127/><V96/><F86/><W47/><G47/><T8/><D52/><U130/><E79/><V111/><F111/><W33/><G33/><T50/><D101/><U83/><E76/><V12/><F7/><AGARI ba="0,0" hai="7,10,13,18,23,25,29,31,82,84,89" m="23082" machi="7" ten="30,8000,1" yaku="6,1,8,1,52,3" doraHai="56" who="3" fromWho="2" sc="230,0,270,0,250,-80,250,80" /><INIT seed="2,0,0,2,1,129" ten="230,270,170,330" oya="2" hai0="113,81,31,79,43,52,18,106,69,26,93,46,84" hai1="102,11,30,99,65,121,27,83,77,110,21,123,56" hai2="60,125,24,73,4,34,22,54,33,92,122,12,100" hai3="58,29,19,66,119,131,63,82,124,8,68,62,40"/><V23/><F73/><W44/><G119/><T14/><D106/><U37/><E110/><V95/><F122/><W120/><G120/><T39/><D69/><U98/><E37/><V103/><F125/><W114/><G131/><T35/><D113/><U48/><E121/><V74/><F74/><W71/><G114/><T107/><D107/><U134/><E123/><V85/><F34/><W75/><G124/><T133/><D133/><U57/><E134/><V32/><F32/><W90/><G29/><T17/><D14/><U9/><E57/><N who="2" m="34871" /><F33/><W61/><G75/><T116/><D116/><U118/><E118/><V126/><F126/><W7/><G19/><T105/><D105/><U59/><E59/><V53/><F53/><W112/><G112/><T2/><D2/><U1/><E1/><V3/><F3/><W0/><G62/><T47/><REACH who="0" step="1"/><D93/><REACH who="0" ten="220,270,170,330" step="2"/><N who="2" m="35914" /><F85/><N who="3" m="50487" /><G71/><T10/><D10/><U42/><E11/><N who="2" m="4199" /><F22/><W128/><G68/><T94/><D94/><U87/><E9/><V80/><F80/><W70/><G128/><T5/><D5/><U49/><E102/><V76/><F23/><W20/><G20/><T130/><D130/><U6/><E6/><V89/><F100/><W96/><G70/><T25/><D25/><U50/><E42/><V104/><F24/><W88/><G0/><T91/><D91/><U108/><E108/><V64/><F89/><W111/><G88/><T109/><D109/><U55/><E65/><V13/><F64/><W117/><G66/><T28/><D28/><U38/><E30/><V36/><F104/><W115/><G111/><T45/><D45/><RYUUKYOKU ba="0,1" sc="220,30,270,-10,170,-10,330,-10" hai0="17,18,26,31,35,39,43,46,47,52,79,81,84" /><INIT seed="3,1,1,4,3,132" ten="250,260,160,320" oya="3" hai0="111,126,107,63,58,52,6,64,2,108,25,8,23" hai1="80,41,56,120,104,51,133,10,128,81,34,100,106" hai2="28,90,83,49,122,16,13,33,127,91,35,125,88" hai3="55,82,7,37,134,14,36,3,129,29,121,27,22"/><W123/><G82/><T87/><D107/><U42/><E133/><V86/><F122/><N who="3" m="46603" /><G55/><T114/><D114/><U11/><E128/><V50/><F28/><W69/><G69/><T0/><D0/><U32/><E120/><V19/><F83/><W4/><G37/><T105/><D105/><U102/><E56/><V66/><F86/><W131/><G36/><T24/><D87/><U71/><REACH who="1" step="1"/><E51/><REACH who="1" ten="250,250,160,320" step="2"/><V44/><F50/><W115/><G134/><T76/><D58/><U39/><E39/><V15/><F66/><W78/><G115/><T59/><D64/><U53/><E53/><V61/><F49/><W74/><G129/><T38/><D38/><U68/><AGARI ba="1,2" hai="10,11,32,34,41,42,68,71,80,81,100,102,104,106" machi="68" ten="25,6400,0" yaku="1,1,0,1,22,2,53,0" doraHai="132" doraHaiUra="113" who="1" fromWho="1" sc="250,-17,250,87,160,-17,320,-33" /><INIT seed="4,0,0,1,4,134" ten="233,337,143,287" oya="0" hai0="39,77,32,22,106,28,41,44,91,92,18,82,109" hai1="53,23,14,98,113,60,71,94,88,50,33,4,43" hai2="104,110,58,128,99,102,1,86,126,85,131,54,30" hai3="107,57,46,133,105,100,24,97,70,52,111,0,79"/><T34/><D106/><U123/><E123/><V63/><F1/><W2/><G133/><T49/><D39/><U124/><E124/><V62/><F110/><W108/><G107/><T96/><D28/><U101/><E33/><V45/><F30/><W81/><G70/><T121/><D121/><U129/><E129/><V90/><F45/><W3/><G46/><T48/><D48/><U51/><E113/><V89/><F58/><W84/><REACH who="3" step="1"/><G24/><REACH who="3" ten="233,337,143,277" step="2"/><T20/><D109/><U8/><E71/><V38/><F104/><W135/><G135/><T10/><D32/><U78/><E43/><V13/><F128/><W122/><G122/><T127/><D34/><U64/><E78/><V114/><F131/><W11/><G11/><T26/><D26/><U117/><E117/><V16/><F114/><W76/><G76/><T83/><D10/><U93/><E23/><V7/><F7/><W112/><G112/><T120/><D20/><U35/><E35/><V74/><F13/><W69/><G69/><T21/><D21/><U72/><E72/><V132/><F74/><W65/><G65/><T5/><D5/><U95/><E64/><V17/><F132/><W42/><G42/><T67/><D67/><U27/><E27/><V12/><F12/><W115/><G115/><T80/><D120/><U6/><E6/><V66/><F66/><W47/><G47/><T37/><D77/><U75/><E75/><V9/><F9/><W61/><AGARI ba="0,1" hai="0,2,3,52,57,61,79,81,84,97,100,105,108,111" machi="61" ten="30,4000,0" yaku="1,1,0,1,54,1,53,0" doraHai="134" doraHaiUra="119" who="3" fromWho="3" sc="233,-20,337,-10,143,-10,277,50" /><INIT seed="5,0,0,5,0,59" ten="213,327,133,327" oya="1" hai0="67,85,43,60,34,47,21,36,81,108,93,27,77" hai1="70,64,79,3,132,112,30,19,6,22,73,135,72" hai2="50,4,18,41,51,58,100,126,80,7,45,94,104" hai3="14,111,125,2,55,121,98,120,53,33,99,89,113"/><U39/><E112/><V65/><F104/><W117/><G2/><T129/><D34/><U61/><E39/><V78/><F126/><W122/><G33/><T116/><D108/><U96/><E30/><V1/><F18/><W87/><G14/><T133/><D116/><U109/><E109/><V16/><F1/><W26/><G26/><T103/><D129/><U0/><E96/><N who="3" m="36906" /><G55/><T86/><D133/><N who="1" m="51275" /><E79/><V48/><F100/><W56/><G111/><T52/><D103/><U106/><E106/><V123/><F94/><N who="3" m="54591" /><G53/><T105/><D105/><U23/><E23/><V49/><F123/><W91/><G56/><T128/><D128/><U83/><E83/><V15/><F65/><W62/><G62/><T102/><D67/><U24/><E3/><V8/><REACH who="2" step="1"/><F58/><REACH who="2" ten="213,327,123,327" step="2"/><W118/><G125/><T10/><D102/><U71/><E71/><V74/><AGARI ba="0,1" hai="4,7,8,15,16,41,45,48,49,50,51,74,78,80" machi="74" ten="30,7900,0" yaku="1,1,2,1,0,1,54,1,53,0" doraHai="59" doraHaiUra="54" who="2" fromWho="2" sc="213,-20,327,-39,123,89,327,-20" /><INIT seed="6,0,0,1,0,114" ten="193,288,212,307" oya="2" hai0="101,80,95,6,56,52,131,73,22,13,53,82,11" hai1="105,36,85,88,106,34,32,30,5,37,41,26,132" hai2="23,19,65,134,128,8,25,39,109,111,70,115,4" hai3="29,98,99,67,120,121,59,89,126,57,3,96,61"/><V103/><F115/><W124/><G3/><T31/><D131/><U86/><E132/><V66/><F128/><W43/><G29/><T77/><D53/><U62/><E5/><V54/><F39/><W135/><G43/><T110/><D110/><N who="2" m="41994" /><F134/><W129/><G135/><T112/><D112/><U44/><E37/><V55/><F103/><W94/><G129/><T93/><D101/><U78/><E34/><V72/><F72/><W127/><REACH who="3" step="1"/><G59/><REACH who="3" ten="193,288,212,297" step="2"/><T75/><D31/><U83/><E62/><N who="2" m="40247" /><F66/><W12/><G12/><AGARI ba="0,1" hai="4,8,12,19,23,25,54,55" m="40247,41994" machi="12" ten="30,1500,0" yaku="10,1" doraHai="114" who="2" fromWho="3" sc="193,0,288,0,212,25,297,-15" /><INIT seed="6,1,0,3,2,120" ten="193,288,237,282" oya="2" hai0="62,31,38,58,87,91,51,113,109,63,79,126,129" hai1="106,27,111,92,16,14,124,127,26,96,84,123,88" hai2="33,125,29,36,107,68,13,24,133,77,19,85,44" hai3="17,65,45,37,112,134,75,9,122,73,56,30,6"/><V40/><F107/><W60/><G122/><T105/><D105/><U103/><E111/><V41/><F125/><N who="1" m="48201" /><E123/><V55/><F133/><W97/><G134/><T8/><D126/><U0/><E0/><V69/><F41/><W15/><G30/><T61/><D79/><U116/><E116/><V76/><F55/><W7/><G97/><T21/><D38/><U132/><E132/><V108/><F108/><W89/><G89/><T118/><D118/><U34/><E34/><V2/><F2/><W43/><REACH who="3" step="1"/><G112/><REACH who="3" ten="193,288,237,272" step="2"/><T18/><D113/><U42/><E42/><V78/><REACH who="2" step="1"/><F85/><REACH who="2" ten="193,288,227,272" step="2"/><W32/><G32/><T93/><D87/><U131/><E131/><V128/><F128/><W135/><G135/><T130/><D129/><U12/><E12/><V67/><F67/><W59/><G59/><T52/><D130/><U10/><AGARI ba="1,2" hai="10,14,16,26,27,84,88,92,96,103,106" m="48201" machi="10" ten="30,4000,0" yaku="18,1,54,2" doraHai="120" who="1" fromWho="1" sc="193,-11,288,63,227,-21,272,-11" /><INIT seed="7,0,0,4,4,53" ten="182,351,206,261" oya="3" hai0="18,102,84,3,35,43,62,54,46,11,83,95,109" hai1="111,41,121,80,128,99,101,6,33,120,110,22,114" hai2="25,57,61,92,77,113,125,19,15,49,59,66,23" hai3="2,130,69,32,63,134,44,104,112,133,26,56,68"/><W91/><G2/><T58/><D35/><U76/><E33/><V74/><F113/><W38/><G104/><T94/><D109/><U12/><E41/><V126/><F92/><W48/><G91/><T71/><D71/><N who="3" m="27209" /><G26/><T36/><D102/><U47/><E47/><V20/><F77/><W16/><G16/><T50/><D36/><U4/><E22/><V86/><F86/><W81/><G81/><T96/><D96/><U31/><E31/><V75/><F74/><W89/><G89/><N who="0" m="51359" /><D3/><U34/><E12/><V88/><F88/><W8/><G8/><T39/><D39/><U30/><E30/><V14/><F75/><W117/><G32/><T0/><D0/><U28/><E28/><V90/><F90/><W131/><G117/><T40/><D40/><U98/><E34/><V60/><F49/><W55/><G38/><T87/><D87/><U115/><E80/><V70/><F70/><W45/><G112/><T135/><D135/><N who="3" m="51721" /><G44/><T122/><D122/><U37/><E37/><V132/><F132/><W52/><AGARI ba="0,0" hai="45,48,52,55,56,63,130,131" m="51721,27209" machi="52" ten="40,12000,1" yaku="20,1,34,2,52,1,54,1" doraHai="53" who="3" fromWho="3" sc="182,-40,351,-40,206,-40,261,120" owari="142,-36.0,311,11.0,166,-23.0,381,48.0" /></mjloggm>