<mjloggm ver="2.3"><GO type="97" lobby="0"/><UN n0="%E3%81%9F%E3%81%8F%E3%82%8D%E3%83%BC" n1="%E3%82%B9%E3%83%97%E3%83%A2%E3%83%BC%E3%83%8B" n2="%E3%82%A6%E3%83%AB%E3%83%88%E3%83%A9%E7%AB%8B%E7%9B%B4" n3="%6B%6F%75%2D%79" dan="14,13,15,14" rate="1972.08,1925.76,1985.38,1900.30" sx="M,F,M,M"/><TAIKYOKU oya="0"/><INIT seed="0,0,0,0,5,8" ten="250,250,250,250" oya="0" hai0="97,93,59,27,78,20,37,100,70,58,57,74,85" hai1="46,130,41,34,131,55,30,16,50,125,86,3,72" hai2="87,105,66,101,79,19,23,51,10,4,103,95,71" hai3="33,104,67,83,109,76,65,2,15,25,112,99,61"/><T54/><D70/><U14/><E72/><V118/><F105/><W119/><G112/><T75/><D37/><U17/><E3/><V49/><F66/><W43/><G67/><T44/><D75/><U84/><E125/><V11/><F71/><W69/><G119/><T120/><D74/><U88/><E17/><V53/><F49/><W64/><G64/><T92/><D120/><U47/><E30/><V122/><F122/><W40/><G109/><T5/><D5/><U22/><E34/><V52/><F53/><W81/><G81/><T108/><D108/><U113/><E113/><V107/><F107/><W1/><G43/><T91/><D78/><U29/><E29/><V132/><F132/><W62/><G62/><T56/><D44/><U60/><E60/><V35/><F35/><W124/><G40/><T134/><D134/><U96/><E96/><V24/><F10/><W36/><G36/><T0/><D0/><U73/><E73/><V13/><F118/><W98/><G98/><T127/><D127/><U7/><E7/><V90/><F79/><W106/><G106/><T18/><REACH who="0" step="1"/><D57/><AGARI ba="0,0" hai="4,11,13,19,23,24,51,52,57,87,90,95,101,103" machi="57" ten="30,7700,0" yaku="7,1,8,1,52,1,54,1" doraHai="8" who="2" fromWho="0" sc="250,-77,250,0,250,77,250,0" /><INIT seed="1,0,0,0,5,48" ten="173,250,327,250" oya="1" hai0="110,88,105,135,98,17,20,119,10,43,65,120,54" hai1="50,53,128,1,103,22,97,47,18,127,26,124,73" hai2="3,111,112,19,25,51,70,6,27,37,78,121,85" hai3="61,100,64,116,39,71,2,109,12,123,29,89,107"/><U79/><E1/><V35/><F70/><W16/><G123/><T11/><D119/><U66/><E128/><V55/><F37/><W126/><G2/><T9/><D120/><U132/><E132/><V45/><F121/><W24/><G39/><T87/><D135/><U74/><E66/><V118/><F118/><W108/><G116/><T102/><D110/><U60/><E60/><V125/><F35/><W96/><G89/><T68/><D43/><U33/><E33/><V15/><F6/><W0/><G0/><T30/><D30/><U14/><E26/><V7/><F7/><W133/><G126/><N who="1" m="48170" /><E79/><V13/><F3/><W34/><G133/><T114/><D114/><U57/><E47/><V69/><F69/><W82/><REACH who="3" step="1"/><G82/><REACH who="3" ten="173,250,327,240" step="2"/><T44/><D68/><U59/><E59/><V38/><F125/><W4/><G4/><T94/><D65/><U113/><E113/><V122/><F112/><W36/><G36/><T77/><D77/><U23/><E23/><AGARI ba="0,1" hai="12,16,23,24,29,34,61,64,71,96,100,107,108,109" machi="23" ten="40,8000,1" yaku="1,1,25,2,54,1,53,1" doraHai="48" doraHaiUra="67" who="3" fromWho="1" sc="173,0,250,-80,327,0,240,90" /><INIT seed="2,0,0,4,0,10" ten="173,170,327,330" oya="2" hai0="109,108,5,101,6,82,114,111,32,66,14,67,0" hai1="106,37,55,19,100,2,131,119,27,96,28,49,77" hai2="58,84,94,46,21,116,65,79,69,132,25,15,127" hai3="60,4,7,1,59,83,43,51,80,123,122,30,52"/><V117/><F69/><W29/><G1/><T16/><D114/><U44/><E119/><V112/><F112/><W110/><G43/><T87/><D101/><U20/><E2/><V53/><F117/><W103/><G103/><T75/><D32/><U104/><E131/><V68/><F68/><W99/><G99/><T24/><D24/><U9/><E77/><V12/><F127/><W133/><G133/><T71/><D75/><U130/><E130/><V128/><F128/><W17/><G17/><T50/><D50/><U86/><E37/><V57/><F132/><W107/><G107/><T126/><D126/><U23/><E86/><V22/><F46/><W48/><G60/><N who="0" m="40391" /><D67/><U113/><E113/><V26/><F65/><W92/><G92/><T76/><D0/><U89/><E89/><N who="2" m="53543" /><F79/><W91/><G91/><T78/><D78/><U8/><REACH who="1" step="1"/><E106/><REACH who="1" ten="173,160,327,330" step="2"/><V33/><F116/><W93/><G123/><T18/><D18/><U38/><E38/><V47/><F33/><W102/><G122/><T115/><D115/><U34/><E34/><V31/><F47/><W40/><G29/><T90/><D76/><U39/><E39/><V97/><F97/><W73/><G30/><T74/><D74/><U35/><E35/><V95/><F95/><W129/><G73/><T120/><D120/><U124/><E124/><V13/><F53/><W11/><G129/><T88/><D90/><U98/><E98/><V56/><F31/><W41/><G93/><T105/><D105/><U64/><E64/><V134/><F134/><W70/><G52/><T118/><D118/><U135/><E135/><RYUUKYOKU ba="0,1" sc="173,10,160,10,327,10,330,-30" hai0="5,6,14,16,82,87,88,108,109,111" hai1="8,9,19,20,23,27,28,44,49,55,96,100,104" hai2="12,13,15,21,22,25,26,56,57,58" /><INIT seed="2,1,1,3,2,45" ten="183,170,337,300" oya="2" hai0="89,104,50,20,132,65,77,109,82,114,124,57,41" hai1="113,119,55,100,115,49,106,28,110,32,26,19,34" hai2="13,98,52,79,91,62,76,69,71,86,10,85,108" hai3="14,84,74,107,54,90,0,96,93,15,116,61,81"/><V4/><F108/><W21/><G116/><T117/><D114/><U118/><E110/><V130/><F130/><W120/><G0/><T123/><D123/><U83/><E32/><V72/><F72/><W40/><G120/><T92/><D109/><U33/><E33/><V64/><F71/><W97/><G40/><T111/><D111/><U16/><E83/><V39/><F39/><W102/><G21/><T56/><D117/><U78/><E78/><V133/><F133/><W48/><G61/><N who="0" m="38055" /><D104/><U22/><E118/><V44/><F98/><W25/><G25/><T75/><D20/><U67/><E119/><V70/><F70/><W24/><G24/><T12/><D12/><U31/><E67/><V121/><F121/><W68/><G68/><T94/><D132/><U42/><E42/><V73/><F73/><W127/><G127/><T122/><D122/><U11/><E31/><V1/><F1/><W5/><G5/><T30/><D30/><U131/><E131/><V134/><F134/><W126/><G126/><T38/><D38/><U59/><E11/><V29/><F29/><W6/><G6/><T125/><D94/><U129/><E129/><V27/><F27/><W99/><G99/><N who="0" m="57743" /><D41/><U37/><E37/><V8/><F8/><W53/><G53/><N who="0" m="31927" /><D125/><U135/><E135/><V128/><F128/><W105/><G105/><T23/><D23/><U87/><E34/><V18/><F4/><W101/><G74/><T43/><D43/><U2/><E2/><V66/><F69/><W46/><AGARI ba="1,1" hai="14,15,46,48,54,81,84,90,93,96,97,101,102,107" machi="46" ten="20,2700,0" yaku="0,1,7,1,52,1" doraHai="45" who="3" fromWho="3" sc="183,-8,170,-8,337,-14,300,40" /><INIT seed="3,0,0,0,2,44" ten="175,162,323,340" oya="3" hai0="39,31,25,121,105,22,101,50,3,24,37,106,8" hai1="96,127,97,135,77,84,68,69,2,107,74,93,134" hai2="73,86,67,88,13,42,52,83,85,48,27,64,38" hai3="28,6,53,110,36,108,117,89,91,133,109,76,29"/><W5/><G117/><T131/><D121/><U32/><E2/><V60/><F73/><W111/><G111/><T17/><D101/><U115/><E32/><V65/><F38/><W10/><G36/><T43/><D50/><U59/><E115/><V58/><F27/><W0/><G133/><N who="1" m="50698" /><E74/><V130/><F130/><W118/><G118/><T4/><D131/><U125/><E107/><V55/><F42/><W87/><G6/><T102/><D39/><U26/><E26/><V16/><F86/><W81/><G53/><N who="2" m="20553" /><F48/><W104/><G104/><T94/><D94/><U21/><E21/><AGARI ba="0,0" hai="13,16,21,58,60,64,65,67,83,85,88" m="20553" machi="21" ten="30,7700,0" yaku="8,1,54,3" doraHai="44" who="2" fromWho="1" sc="175,0,162,-77,323,77,340,0" owari="175,-22.0,85,-41.0,400,49.0,340,14.0" /></mjloggm>