<mjloggm ver="2.3"><GO type="41" lobby="0"/><UN n0="%79%6F%74%75%6B%65%6E%32" n1="%30%35%72%63%30%33%36" n2="%E5%B7%A6%E8%84%9A" n3="%E3%82%A6%E3%83%AB%E3%83%88%E3%83%A9%E7%AB%8B%E7%9B%B4" dan="15,14,14,15" rate="2020.89,2028.24,1946.04,1993.85" sx="M,M,M,M"/><TAIKYOKU oya="0"/><INIT seed="0,0,0,2,2,127" ten="250,250,250,250" oya="0" hai0="28,121,116,103,98,79,64,68,86,7,62,100,69" hai1="119,6,95,109,33,0,8,19,63,31,88,48,76" hai2="82,106,60,110,50,21,131,12,5,73,36,77,38" hai3="42,128,113,99,4,120,61,115,72,57,27,1,13"/><T114/><BYE who="3" /><D114/><U32/><E109/><V54/><F106/><W105/><G105/><T132/><D116/><U56/><E119/><V51/><F110/><W118/><G118/><T94/><D121/><U17/><E76/><V85/><F60/><W66/><G66/><UN n3="%E3%82%A6%E3%83%AB%E3%83%88%E3%83%A9%E7%AB%8B%E7%9B%B4" /><T26/><D132/><U67/><E48/><V46/><F73/><W75/><G42/><T130/><D130/><U65/><E65/><V16/><F131/><W53/><G1/><T29/><D7/><U125/><E125/><V74/><F5/><W83/><G128/><T96/><D69/><U2/><E2/><V101/><F101/><W39/><G39/><T45/><D45/><U126/><E126/><V70/><F70/><W58/><G75/><T124/><D124/><U47/><E47/><V111/><F111/><W25/><G72/><T37/><D37/><U23/><E31/><V20/><F74/><W129/><G129/><T134/><D134/><U78/><E78/><V34/><F34/><W71/><G71/><T87/><D79/><U11/><E11/><V44/><REACH who="2" step="1"/><F21/><REACH who="2" ten="250,250,240,250" step="2"/><W97/><G61/><T123/><D123/><U84/><REACH who="1" step="1"/><E19/><REACH who="1" ten="250,240,240,250" step="2"/><V9/><F9/><W18/><G18/><T112/><D112/><U135/><E135/><V40/><AGARI ba="0,2" hai="12,16,20,36,38,40,44,46,50,51,54,77,82,85" machi="40" ten="20,5200,0" yaku="1,1,0,1,7,1,54,1,53,0" doraHai="127" doraHaiUra="122" who="2" fromWho="2" sc="250,-26,240,-13,240,72,250,-13" /><INIT seed="1,0,0,3,4,16" ten="224,227,312,237" oya="1" hai0="133,47,44,13,28,110,38,65,53,27,21,85,114" hai1="30,93,100,59,6,73,123,82,68,78,108,70,26" hai2="31,63,42,77,25,45,43,20,60,51,69,107,29" hai3="104,3,76,12,46,57,126,125,40,81,58,66,102"/><U49/><E123/><V74/><F107/><W99/><G3/><T55/><D114/><U101/><E108/><V113/><F113/><W135/><G12/><T96/><D110/><U79/><E6/><V36/><F69/><W98/><G98/><T92/><D133/><U134/><E134/><V11/><F74/><W89/><G89/><T9/><D65/><U117/><E117/><V22/><F77/><W32/><G32/><T109/><D109/><U105/><E105/><V87/><F36/><N who="3" m="21767" /><G66/><T94/><D85/><U56/><E78/><V124/><F124/><N who="3" m="47723" /><G135/><T88/><D38/><U120/><E120/><V116/><F116/><W90/><G90/><T106/><D106/><U54/><E59/><V111/><F111/><W115/><G115/><T83/><D83/><U67/><E93/><V61/><F87/><AGARI ba="0,0" hai="57,58,76,81,87,99,102,104" m="47723,21767" machi="87" ten="30,1000,0" yaku="18,1" doraHai="16" who="3" fromWho="2" sc="224,0,227,0,312,-10,237,10" /><INIT seed="2,0,0,1,4,3" ten="224,227,302,247" oya="2" hai0="9,110,112,108,115,89,120,30,50,19,33,1,58" hai1="52,2,47,81,123,26,104,40,22,14,72,34,54" hai2="11,111,48,83,13,102,69,86,16,119,87,56,113" hai3="73,116,53,7,46,133,103,61,27,41,66,20,49"/><V0/><F119/><W70/><G73/><T29/><D89/><U122/><E104/><V92/><F113/><N who="0" m="43594" /><D58/><U67/><E2/><V118/><F69/><W43/><G116/><T39/><D39/><U90/><E67/><V68/><F68/><W21/><G133/><T17/><D50/><U88/><E34/><V24/><F118/><W99/><G21/><T6/><D120/><N who="1" m="46123" /><E14/><V31/><F0/><W126/><G126/><T130/><D130/><U10/><E10/><V64/><F111/><N who="0" m="42538" /><D33/><U78/><E40/><V12/><F12/><W44/><G53/><N who="1" m="20586" /><E47/><V76/><F48/><W8/><G46/><T94/><D94/><U117/><E117/><V131/><F131/><W124/><G124/><T97/><D97/><U121/><N who="1" m="46131" /><U32/><DORA hai="57" /><E32/><V45/><F45/><W128/><G128/><T85/><D85/><U65/><E65/><V100/><F87/><W114/><G114/><T4/><D4/><U95/><E95/><V134/><F92/><W82/><G49/><T74/><D74/><U107/><E107/><V77/><F77/><W106/><G44/><T129/><D129/><U101/><E101/><V84/><F84/><W93/><G106/><T96/><D96/><U80/><E80/><V55/><F134/><W36/><G82/><T25/><D25/><U35/><E35/><V75/><F75/><W98/><G98/><T23/><D23/><U79/><E79/><V105/><F105/><W59/><G70/><T37/><D37/><U63/><E63/><N who="2" m="36255" /><F64/><W132/><G36/><T109/><D109/><U127/><E127/><V42/><F42/><RYUUKYOKU ba="0,0" sc="224,10,227,10,302,10,247,-30" hai0="1,6,9,17,19,29,30" hai1="22,26,72,78,81,88,90" hai2="11,13,16,24,31,76,83,86,100,102" /><INIT seed="2,1,0,0,5,89" ten="234,237,312,217" oya="2" hai0="122,55,103,88,2,71,125,120,48,86,107,38,39" hai1="79,130,70,91,42,74,59,81,27,64,75,132,60" hai2="128,28,126,65,34,131,80,23,105,67,124,99,84" hai3="35,58,45,133,110,14,8,49,3,15,44,78,10"/><V96/><F34/><W54/><G35/><T24/><D125/><N who="2" m="48234" /><F28/><W26/><G133/><T52/><D2/><U40/><E132/><V41/><F23/><W22/><G110/><T18/><D71/><U94/><E130/><N who="2" m="49707" /><F41/><W21/><G78/><T51/><D103/><U93/><E74/><V30/><F30/><N who="3" m="17743" /><G3/><T68/><D107/><U37/><E70/><V4/><F4/><N who="3" m="3335" /><G22/><T29/><D68/><U108/><E108/><V111/><F111/><W43/><G43/><T76/><D18/><AGARI ba="1,0" hai="10,15,18,44,45,49,54,58" m="3335,17743" machi="18" ten="30,1000,0" yaku="8,1" doraHai="89" who="3" fromWho="0" sc="234,-13,237,0,312,0,217,13" /><INIT seed="3,0,0,0,0,124" ten="221,237,312,230" oya="3" hai0="30,120,107,36,38,31,118,94,65,90,42,79,72" hai1="110,74,15,53,41,116,80,98,27,19,44,105,127" hai2="83,109,17,59,61,131,16,85,24,70,34,49,126" hai3="28,20,130,67,26,54,56,29,76,91,25,129,8"/><W23/><G76/><T18/><D118/><U102/><E110/><V21/><F126/><W43/><G43/><T64/><D120/><U132/><E116/><V39/><F39/><W100/><G100/><T50/><D107/><U68/><E127/><V52/><F34/><W9/><G91/><T101/><D101/><U10/><E132/><V134/><F134/><W111/><G67/><T92/><D72/><U119/><E119/><V78/><F109/><W62/><G111/><T5/><D79/><U14/><E68/><V48/><F131/><AGARI ba="0,0" hai="8,9,20,23,25,26,28,29,54,56,62,129,130,131" machi="131" ten="40,12000,1" yaku="9,1,19,1,52,3" doraHai="124" who="3" fromWho="2" sc="221,0,237,0,312,-120,230,120" /><INIT seed="3,1,0,2,4,6" ten="221,237,192,350" oya="3" hai0="23,68,65,104,102,132,69,47,114,74,127,27,9" hai1="125,46,130,37,133,67,90,62,77,78,10,76,8" hai2="1,63,135,70,96,95,66,21,105,94,112,126,13" hai3="38,28,92,75,134,64,99,60,128,35,131,36,20"/><W15/><G75/><T121/><D121/><U4/><E133/><V107/><F1/><W109/><G134/><T113/><D74/><U123/><E123/><V115/><F135/><W53/><G53/><T87/><D132/><U103/><E130/><N who="3" m="49706" /><G35/><T101/><D127/><U110/><E125/><V86/><F126/><W91/><G109/><T118/><D118/><U0/><E110/><V85/><F115/><N who="0" m="44042" /><D47/><U33/><E33/><V56/><F70/><N who="0" m="27242" /><D65/><U100/><E90/><V26/><F112/><W19/><G28/><N who="0" m="17535" /><D104/><U79/><N who="1" m="19968" /><DORA hai="89" /><U50/><E37/><V82/><F107/><W32/><G32/><T83/><D9/><N who="1" m="3691" /><E0/><V31/><F105/><W97/><G38/><T30/><D30/><U24/><E24/><V40/><F13/><W42/><G36/><T5/><D5/><U119/><E119/><V61/><F82/><W34/><G34/><T72/><D72/><U16/><E16/><V55/><F40/><W80/><G42/><T111/><D111/><U124/><E124/><V7/><F7/><W129/><G80/><T2/><D2/><U73/><E73/><V98/><F66/><W71/><G129/><T117/><D117/><U93/><E4/><V108/><F108/><W106/><G106/><T17/><D17/><U3/><E3/><V120/><F120/><W88/><G91/><AGARI ba="1,0" hai="83,87,91,101,102" m="17535,27242,44042" machi="91" ten="30,1000,0" yaku="11,1" doraHai="6,89" who="0" fromWho="3" sc="221,13,237,0,192,0,350,-13" /><INIT seed="4,0,0,3,0,13" ten="234,237,192,337" oya="0" hai0="9,120,94,115,73,101,33,100,112,57,97,27,132" hai1="131,22,110,71,5,116,62,111,80,134,4,54,91" hai2="41,124,44,103,66,64,88,77,90,50,2,32,11" hai3="107,109,117,48,75,67,81,25,21,108,1,102,118"/><T19/><D120/><U121/><E116/><V105/><F32/><W52/><G1/><T72/><D132/><U86/><E121/><V78/><F124/><W59/><G118/><T84/><D57/><U129/><E134/><V14/><F2/><W123/><G117/><T122/><D122/><U125/><E125/><V7/><F105/><W69/><G123/><T51/><D51/><U10/><E22/><V8/><F103/><W0/><G0/><T60/><D60/><U85/><E71/><V16/><F11/><W37/><G37/><T87/><D33/><U82/><E62/><V29/><F29/><W23/><G23/><N who="0" m="13823" /><D9/><U128/><E54/><V61/><F7/><N who="1" m="2633" /><E10/><V28/><F28/><W30/><G69/><T119/><D119/><U106/><E106/><V65/><F61/><W40/><G67/><T20/><D20/><U95/><E95/><V126/><F126/><W104/><G40/><T68/><D101/><U55/><E55/><V34/><F34/><W39/><G39/><T12/><D12/><U36/><E36/><V38/><F38/><W49/><G49/><T113/><D68/><U98/><E98/><V18/><F18/><W15/><G15/><T76/><D76/><AGARI ba="0,0" hai="76,80,82,85,86,91,110,111,128,129,131" m="2633" machi="76" ten="30,1000,0" yaku="19,1" doraHai="13" who="1" fromWho="0" sc="234,-10,237,10,192,0,337,0" /><AGARI ba="0,0" hai="8,14,16,41,44,50,64,65,66,76,77,78,88,90" machi="76" ten="40,8000,1" yaku="8,1,52,1,54,2" doraHai="13" who="2" fromWho="0" sc="224,-80,247,0,192,80,337,0" /><INIT seed="5,0,0,4,0,93" ten="144,247,272,337" oya="1" hai0="64,14,78,76,47,24,10,40,50,67,22,86,20" hai1="31,5,21,51,18,46,36,102,134,96,118,106,19" hai2="69,33,61,52,101,115,3,92,98,29,16,42,97" hai3="73,7,85,6,32,127,135,49,27,124,8,108,91"/><U15/><E118/><V4/><F115/><W13/><G73/><T37/><D37/><U0/><E134/><V38/><F38/><W25/><G108/><T87/><D20/><U17/><E36/><V34/><F42/><W68/><G68/><T83/><D76/><U63/><E63/><V82/><F82/><W1/><G135/><T62/><D87/><U74/><E74/><V26/><F34/><W41/><G32/><T35/><D35/><U129/><E129/><V59/><F69/><W28/><G28/><T12/><D12/><U72/><E72/><V71/><F71/><W112/><G112/><T130/><D62/><U111/><E111/><V66/><F66/><W60/><G60/><T103/><D103/><U122/><E122/><V94/><F4/><W117/><G7/><T81/><D81/><U54/><REACH who="1" step="1"/><E31/><REACH who="1" ten="144,237,272,337" step="2"/><V105/><F3/><W65/><G1/><T100/><D130/><U128/><E128/><V80/><F80/><W55/><G117/><T75/><D75/><U48/><E48/><V119/><F119/><W113/><G113/><T56/><D100/><U11/><AGARI ba="0,1" hai="0,5,11,15,17,18,19,21,46,51,54,96,102,106" machi="11" ten="30,6000,0" yaku="1,1,0,1,52,1,53,0" doraHai="93" doraHaiUra="109" who="1" fromWho="1" sc="144,-20,237,70,272,-20,337,-20" /><INIT seed="5,1,0,0,3,98" ten="124,307,252,317" oya="1" hai0="14,71,130,101,0,43,6,57,24,25,79,96,4" hai1="102,75,123,112,52,48,125,119,51,11,50,30,7" hai2="53,80,64,23,78,103,13,36,12,55,117,84,22" hai3="27,19,133,113,31,74,114,32,94,21,72,63,93"/><U69/><E119/><V76/><F36/><W56/><G133/><T115/><D71/><U97/><E123/><V3/><F3/><W26/><G74/><T95/><D130/><U41/><E75/><V15/><F117/><W39/><G39/><T83/><D115/><N who="3" m="44041" /><G72/><T122/><D122/><U131/><E112/><V127/><F127/><W126/><G126/><T111/><D111/><U134/><E125/><V61/><F76/><W2/><G2/><T42/><D0/><U108/><E131/><V16/><F23/><W20/><G20/><T99/><D57/><U81/><E134/><V62/><F62/><W49/><G49/><T37/><D37/><U120/><E120/><V18/><F18/><W110/><G110/><T109/><D109/><U118/><E118/><V135/><F135/><W46/><G46/><T9/><D4/><U5/><E69/><V66/><F66/><AGARI ba="1,0" hai="19,21,26,27,31,32,56,63,66,93,94" m="44041" machi="66" ten="30,1000,0" yaku="15,1" doraHai="98" who="3" fromWho="2" sc="124,0,307,0,252,-13,317,13" /><INIT seed="6,0,0,5,2,83" ten="124,307,239,330" oya="2" hai0="108,29,49,25,84,115,135,74,66,69,79,51,22" hai1="123,65,11,52,91,19,61,42,64,9,111,80,33" hai2="87,121,44,3,109,71,54,2,58,67,26,37,88" hai3="55,78,62,117,6,46,48,38,125,18,100,10,90"/><V96/><F121/><W118/><G125/><T93/><D108/><U47/><E111/><V40/><F109/><W94/><G38/><T99/><D135/><U1/><E123/><V72/><F72/><W106/><G78/><T76/><D115/><U130/><E33/><V126/><F126/><W129/><G129/><T77/><D74/><U59/><E130/><V89/><F26/><W13/><G100/><T107/><D107/><U45/><E1/><V95/><F67/><N who="1" m="25673" /><E42/><V5/><F71/><W112/><G106/><T31/><D69/><U39/><E39/><V7/><F3/><W133/><G133/><T23/><D66/><U119/><E119/><V53/><F2/><W57/><G112/><T85/><D31/><U102/><E102/><V114/><F114/><W15/><G62/><T127/><D22/><U128/><E128/><V116/><F116/><W12/><G46/><N who="1" m="17418" /><E19/><V41/><F41/><W124/><G124/><T0/><D0/><U86/><AGARI ba="0,0" hai="9,11,52,59,61,80,86,91" m="17418,25673" machi="86" ten="30,4000,0" yaku="8,1,52,1,54,1" doraHai="83" who="1" fromWho="1" sc="124,-10,307,40,239,-20,330,-10" /><INIT seed="7,0,0,2,2,58" ten="114,347,219,320" oya="3" hai0="72,105,30,86,55,14,96,24,89,18,17,34,39" hai1="114,83,127,6,93,23,42,44,66,20,29,126,3" hai2="115,110,60,92,133,27,123,113,19,88,26,52,125" hai3="101,84,117,4,67,85,90,108,2,22,71,56,122"/><W98/><G71/><T100/><D39/><U41/><E114/><N who="2" m="43531" /><F110/><W103/><G122/><T134/><D72/><U11/><E66/><V51/><F123/><W40/><G117/><T80/><D134/><U78/><E93/><V102/><F133/><W91/><G40/><N who="1" m="15466" /><E44/><N who="2" m="27751" /><F102/><N who="3" m="38923" /><G4/><T107/><D107/><U59/><E59/><V76/><F76/><W104/><G2/><T47/><D14/><U118/><E118/><V9/><F125/><N who="1" m="47625" /><E29/><V68/><F9/><W63/><G104/><T15/><D15/><U61/><E61/><V16/><F27/><W135/><G135/><T129/><D129/><U13/><E3/><V62/><F68/><W57/><G108/><T5/><D5/><U31/><E31/><V38/><F38/><W65/><G22/><T131/><D131/><U120/><E120/><V119/><F119/><W70/><G70/><T0/><D0/><U121/><E121/><V82/><F82/><W33/><G33/><T10/><D10/><U45/><E45/><V73/><F73/><AGARI ba="0,0" hai="6,11,13,20,23,73,78,83" m="47625,15466" machi="73" ten="30,1000,0" yaku="18,1" doraHai="58" who="1" fromWho="2" sc="114,0,347,10,219,-10,320,0" owari="114,-39.0,357,46.0,209,-19.0,320,12.0" /></mjloggm>