<mjloggm ver="2.3"><GO type="97" lobby="0"/><UN n0="%E3%83%98%E3%83%AA%E3%82%B3%E3%83%90%E3%82%AF%E3%82%BF%E3%83%BC%50" n1="%73%61%72%61%73%6F%75%6A" n2="%E3%82%A6%E3%83%AB%E3%83%88%E3%83%A9%E7%AB%8B%E7%9B%B4" n3="%31%73%E3%81%A7%E3%81%84%E3%81%84%E3%81%9D%E3%81%86" dan="13,14,15,13" rate="1887.89,1918.86,1944.24,2022.28" sx="M,M,M,M"/><TAIKYOKU oya="0"/><INIT seed="0,0,0,4,2,82" ten="250,250,250,250" oya="0" hai0="56,71,129,127,58,79,25,122,128,78,51,66,98" hai1="61,99,55,18,126,57,36,28,35,2,4,42,130" hai2="52,84,6,69,70,133,116,96,26,23,40,50,3" hai3="62,80,1,120,89,87,38,21,20,105,131,97,39"/><T104/><D122/><U124/><E130/><N who="0" m="50281" /><D127/><N who="1" m="48683" /><E99/><V73/><F73/><W90/><G131/><T0/><D0/><U41/><E18/><V134/><F40/><W44/><G1/><T47/><D58/><U33/><E36/><V93/><F6/><W125/><G120/><T54/><D71/><U102/><E102/><V113/><F3/><W117/><G117/><T114/><D114/><U53/><E55/><V115/><F69/><W48/><G62/><N who="0" m="38215" /><D25/><N who="1" m="18575" /><E35/><V43/><F70/><W34/><G125/><T108/><D108/><U13/><E2/><V123/><F123/><W16/><G34/><T7/><D7/><U45/><E45/><V119/><F115/><W74/><G39/><T83/><D83/><U110/><E110/><V27/><F113/><W92/><G38/><T49/><D49/><U132/><E132/><V91/><F134/><W77/><G48/><T75/><D75/><U85/><E85/><V29/><F133/><W31/><G44/><T121/><D121/><U19/><E4/><V76/><F27/><N who="3" m="16879" /><G74/><T9/><D9/><AGARI ba="0,0" hai="9,13,19,41,42,53,57,61" m="18575,48683" machi="9" ten="30,1000,0" yaku="18,1" doraHai="82" who="1" fromWho="0" sc="250,-10,250,10,250,0,250,0" /><INIT seed="1,0,0,1,2,67" ten="240,260,250,250" oya="1" hai0="107,29,130,88,117,126,14,81,28,73,35,33,24" hai1="84,49,5,17,45,2,105,64,52,125,55,114,133" hai2="92,53,135,123,129,124,50,62,131,12,54,38,19" hai3="109,6,11,108,58,32,66,36,7,82,40,60,59"/><U99/><E114/><V4/><F4/><W41/><G32/><T13/><D107/><U111/><E133/><V80/><F38/><W85/><G59/><T22/><D117/><U121/><E121/><V21/><F135/><W72/><G72/><T103/><D103/><U37/><E37/><V0/><F0/><W118/><G118/><T68/><D73/><U71/><E125/><V95/><F123/><W26/><G26/><T20/><D126/><U119/><E119/><V30/><F30/><W65/><G65/><T113/><D113/><U25/><E84/><V97/><F80/><W16/><G16/><N who="0" m="10255" /><D88/><U48/><E5/><N who="3" m="1546" /><G11/><T9/><D68/><U44/><E2/><V132/><F132/><W3/><G36/><T128/><D81/><U27/><E111/><N who="3" m="42570" /><G3/><T69/><D69/><U76/><E76/><AGARI ba="0,0" hai="40,41,58,60,66,76,82,85" m="42570,1546" machi="76" ten="30,1000,0" yaku="14,1" doraHai="67" who="3" fromWho="1" sc="240,0,260,-10,250,0,250,10" /><INIT seed="2,0,0,0,5,27" ten="240,250,250,260" oya="2" hai0="58,23,24,28,38,101,114,111,110,8,65,15,46" hai1="52,103,10,84,16,98,130,59,115,68,109,85,33" hai2="74,54,127,25,9,99,41,94,13,3,102,56,21" hai3="47,35,50,37,36,63,2,20,82,66,11,77,134"/><V12/><F74/><W80/><G35/><T132/><D114/><U43/><E115/><V113/><F113/><W90/><G134/><T108/><D132/><U69/><E43/><V34/><F34/><W129/><G129/><T61/><D101/><U14/><E33/><V93/><F41/><W96/><G20/><T89/><D46/><U128/><E109/><V126/><F3/><W73/><G2/><T32/><D38/><U49/><E69/><V133/><F133/><W17/><G11/><T117/><D32/><U64/><E64/><V95/><F9/><W83/><G17/><T67/><D89/><U97/><E98/><V123/><F123/><W135/><G135/><T116/><REACH who="0" step="1"/><D67/><REACH who="0" ten="230,250,250,260" step="2"/><U124/><E68/><V75/><F102/><W53/><G36/><T44/><D44/><U55/><E124/><V104/><F126/><W30/><G37/><T70/><D70/><U19/><E55/><V0/><F54/><W6/><G53/><T57/><D57/><U121/><E121/><V51/><F56/><W119/><G66/><T81/><D81/><U5/><E128/><V79/><F127/><W118/><G82/><T105/><D105/><U120/><E130/><V86/><F104/><W87/><G83/><T60/><D60/><U72/><E120/><V125/><F125/><W29/><G63/><T42/><D42/><U62/><E62/><V91/><F91/><W107/><G107/><T106/><D106/><U122/><E122/><V31/><F94/><W45/><G90/><T100/><D100/><U76/><E76/><V18/><F79/><W78/><G77/><RYUUKYOKU ba="0,1" sc="230,30,250,-10,250,-10,260,-10" hai0="8,15,23,24,28,58,61,65,108,110,111,116,117" /><INIT seed="3,1,1,2,4,111" ten="260,240,240,250" oya="3" hai0="68,51,34,36,122,18,132,2,67,80,3,4,107" hai1="108,131,64,78,24,47,104,74,9,40,8,60,22" hai2="97,37,33,98,70,42,114,61,63,15,12,46,113" hai3="93,126,119,85,130,91,27,21,19,121,11,112,133"/><W127/><G119/><T17/><D36/><U28/><E108/><V44/><F37/><W134/><G121/><T115/><D122/><U55/><E104/><V49/><F49/><W6/><G112/><T106/><D34/><U41/><E131/><V77/><F33/><W50/><G50/><T125/><D68/><U96/><E78/><V73/><F77/><W25/><G25/><T103/><D67/><U29/><E74/><V1/><F73/><W43/><G43/><T102/><D51/><N who="1" m="29183" /><E29/><V10/><F70/><W82/><G82/><T100/><D80/><U62/><E96/><V118/><F118/><W65/><G65/><T39/><D39/><U0/><E0/><V87/><F1/><W90/><G90/><T53/><D102/><U35/><E35/><V69/><F69/><W101/><G101/><T120/><D120/><U76/><E76/><V30/><F30/><W31/><G31/><T16/><D17/><U5/><E60/><V116/><F116/><W94/><G94/><T26/><D26/><U54/><E64/><V71/><F71/><W105/><G105/><T57/><D53/><U135/><E135/><N who="3" m="51722" /><G130/><T89/><D132/><U109/><E109/><V38/><F38/><W72/><G72/><T123/><D123/><U92/><E92/><V58/><F42/><N who="1" m="16489" /><E5/><V86/><F58/><AGARI ba="1,1" hai="8,9,22,24,28,54,58,62" m="16489,29183" machi="58" ten="30,1000,0" yaku="8,1" doraHai="111" who="1" fromWho="2" sc="260,0,240,23,240,-13,250,0" /><INIT seed="4,0,0,4,4,54" ten="260,263,227,250" oya="0" hai0="8,101,110,16,84,67,60,4,46,19,53,38,79" hai1="1,115,31,112,124,96,97,28,83,76,37,80,49" hai2="24,36,0,23,128,108,102,18,100,123,58,63,11" hai3="87,15,113,131,17,77,103,20,89,91,130,12,21"/><T120/><D120/><U104/><E37/><V98/><F36/><W10/><G113/><N who="1" m="43594" /><E1/><V69/><F69/><W2/><G2/><T47/><D101/><N who="1" m="62503" /><E124/><V86/><F123/><W3/><G3/><T127/><D127/><U74/><E83/><V62/><F108/><W43/><G103/><T41/><D110/><U59/><E97/><V55/><F128/><N who="3" m="49195" /><G43/><T133/><D133/><U61/><E49/><N who="2" m="31087" /><F0/><W88/><G15/><T118/><D118/><U119/><E119/><V111/><F111/><W114/><G114/><T99/><D99/><U106/><E106/><V5/><F86/><W72/><G72/><T26/><D84/><U116/><E116/><V109/><F109/><W34/><G34/><T65/><D79/><U56/><E56/><V105/><F102/><W52/><G77/><T93/><D93/><U75/><E75/><V40/><F105/><W50/><G87/><T95/><D95/><U66/><AGARI ba="0,0" hai="28,31,59,61,66,74,76,80" m="62503,43594" machi="66" ten="30,4000,0" yaku="15,1,11,1,52,1" doraHai="54" who="1" fromWho="1" sc="260,-20,263,40,227,-10,250,-10" owari="240,4.0,303,40.0,217,-28.0,240,-16.0" /></mjloggm>