<mjloggm ver="2.3"><GO type="97" lobby="0"/><UN n0="%E3%81%BE%E3%81%99%E3%81%AE%E3%81%99%E3%81%97" n1="%E3%82%A6%E3%83%AB%E3%83%88%E3%83%A9%E7%AB%8B%E7%9B%B4" n2="%74%61%6E%61%38%38%32%33" n3="%74%65%6E%67%6F%6B%75" dan="15,15,14,14" rate="1987.24,2017.62,1926.29,1849.72" sx="M,M,M,M"/><TAIKYOKU oya="0"/><INIT seed="0,0,0,1,0,27" ten="250,250,250,250" oya="0" hai0="113,48,91,55,42,35,23,63,97,77,74,127,115" hai1="38,79,121,114,131,19,93,70,21,110,64,7,31" hai2="84,92,58,71,0,30,129,126,107,16,6,1,14" hai3="62,111,9,95,128,109,76,73,105,112,25,51,66"/><T122/><D122/><U89/><E38/><V124/><F71/><W22/><G105/><T94/><D35/><U39/><E39/><V123/><F107/><W83/><G112/><T96/><D96/><U2/><E110/><N who="3" m="41994" /><G128/><T3/><D3/><N who="2" m="1098" /><F58/><N who="3" m="37207" /><G9/><T90/><D77/><U99/><E121/><V86/><F92/><W61/><G61/><T10/><D74/><U87/><E131/><V100/><F100/><W5/><G5/><T44/><D10/><U12/><E114/><V28/><F123/><W49/><G95/><T56/><D127/><N who="2" m="48682" /><F129/><W72/><G72/><T4/><D4/><U46/><E7/><V132/><F6/><W120/><G120/><T41/><D41/><U60/><E2/><V102/><F102/><W104/><G104/><T130/><D130/><U47/><E99/><V18/><F132/><W8/><G8/><T36/><D36/><U34/><REACH who="1" step="1"/><E79/><REACH who="1" ten="250,240,250,250" step="2"/><V50/><F18/><AGARI ba="0,1" hai="18,22,25,49,51,73,76,83" m="37207,41994" machi="18" ten="30,1000,0" yaku="14,1" doraHai="27" who="3" fromWho="2" sc="250,0,240,0,250,-10,250,20" /><INIT seed="1,0,0,5,3,126" ten="250,240,240,270" oya="1" hai0="128,18,122,89,85,108,113,66,2,63,118,21,91" hai1="49,71,10,116,123,47,7,103,97,84,51,9,30" hai2="35,106,53,40,131,78,54,52,92,15,58,119,94" hai3="132,96,5,37,107,69,60,117,38,14,67,104,127"/><U41/><E123/><V133/><F106/><W64/><G127/><T73/><D118/><U124/><E124/><V23/><F35/><W105/><G117/><T13/><D113/><U83/><E71/><V19/><F119/><W17/><G5/><T22/><D73/><U93/><E116/><V114/><F133/><W86/><G132/><T77/><D122/><U1/><E30/><V27/><F114/><W115/><G115/><T24/><D2/><U125/><E125/><V65/><F131/><W120/><G120/><T62/><D108/><U110/><E110/><V16/><F78/><W109/><G109/><T34/><D34/><U59/><E59/><V4/><F4/><W50/><G67/><T20/><D20/><U57/><E57/><V74/><F74/><W80/><G96/><T88/><D128/><U102/><E10/><N who="2" m="6263" /><F40/><W25/><G25/><T82/><REACH who="0" step="1"/><D66/><REACH who="0" ten="240,240,240,270" step="2"/><U11/><E11/><V56/><F65/><W121/><G64/><T72/><D72/><U112/><E112/><V0/><F0/><W36/><G121/><T28/><AGARI ba="0,1" hai="13,18,21,22,24,28,62,63,77,82,85,88,89,91" machi="28" ten="30,7900,0" yaku="1,1,0,1,8,1,54,1,53,0" doraHai="126" doraHaiUra="90" who="0" fromWho="0" sc="240,89,240,-39,240,-20,270,-20" /><INIT seed="2,0,0,2,2,42" ten="329,201,220,250" oya="2" hai0="127,39,81,6,112,40,27,37,14,115,109,50,16" hai1="22,46,65,4,117,120,69,53,29,100,68,44,97" hai2="64,110,75,130,84,43,125,19,48,104,106,123,113" hai3="24,45,63,62,51,30,54,3,13,101,134,12,107"/><V10/><F123/><W71/><G3/><T26/><D6/><U31/><E117/><V49/><F113/><W105/><G134/><T92/><D109/><U88/><E120/><V98/><F75/><W124/><G124/><T103/><D127/><U78/><E78/><V1/><F125/><W131/><G131/><T47/><D81/><U119/><E119/><V74/><F130/><W116/><G116/><T77/><D77/><U83/><E65/><V56/><F74/><W108/><G108/><T2/><D2/><U61/><E68/><V128/><F110/><W33/><G63/><T15/><D15/><U95/><E69/><V129/><F1/><W25/><G25/><T91/><D103/><U82/><E4/><V5/><F104/><W67/><G107/><T8/><D27/><N who="1" m="16631" /><E31/><V52/><F106/><W66/><G66/><T28/><D115/><U55/><E100/><V23/><F128/><W111/><G111/><T85/><REACH who="0" step="1"/><D112/><REACH who="0" ten="319,201,220,250" step="2"/><U21/><E82/><V94/><F129/><W11/><G13/><T0/><D0/><U9/><E83/><V86/><F5/><W76/><G76/><T20/><AGARI ba="0,1" hai="8,14,16,20,26,28,37,39,40,47,50,85,91,92" machi="20" ten="20,8000,1" yaku="1,1,0,1,7,1,52,1,54,1,53,0" doraHai="42" doraHaiUra="99" who="0" fromWho="0" sc="319,90,201,-20,220,-40,250,-20" /><INIT seed="3,0,0,0,5,35" ten="409,181,180,230" oya="3" hai0="61,37,43,69,39,18,132,22,49,99,96,58,75" hai1="100,131,116,26,55,66,52,51,115,89,2,87,1" hai2="123,46,134,56,30,77,97,88,41,95,73,111,80" hai3="135,4,83,114,11,27,129,14,20,91,40,72,106"/><W8/><G114/><T127/><D75/><U79/><E115/><V118/><F118/><W78/><G106/><T25/><D69/><U102/><E131/><V60/><F111/><W54/><G129/><T117/><D117/><U128/><E128/><V67/><F134/><W48/><G40/><T71/><D71/><U47/><E79/><V12/><F123/><W122/><G122/><T84/><D132/><U74/><E74/><V5/><F30/><W6/><G135/><T108/><D108/><U13/><E66/><V15/><REACH who="2" step="1"/><F5/><REACH who="2" ten="409,181,170,230" step="2"/><W104/><G6/><T125/><D84/><U112/><E116/><V65/><F65/><W59/><G4/><T62/><D62/><U57/><E112/><V70/><F70/><W29/><G104/><T45/><D99/><U34/><E13/><V92/><F92/><W16/><G91/><T103/><D103/><U101/><E26/><V50/><AGARI ba="0,1" hai="12,15,41,46,50,56,60,67,73,77,80,88,95,97" machi="50" ten="20,5200,0" yaku="1,1,0,1,7,1,54,1,53,0" doraHai="35" doraHaiUra="81" who="2" fromWho="2" sc="409,-13,181,-13,170,62,230,-26" owari="396,50.0,168,-33.0,232,3.0,204,-20.0" /></mjloggm>