<mjloggm ver="2.3"><GO type="97" lobby="0"/><UN n0="%E3%82%A6%E3%83%AB%E3%83%88%E3%83%A9%E7%AB%8B%E7%9B%B4" n1="%E8%92%B8%E7%95%99%E9%85%92%E9%A1%9E" n2="%E2%80%BB%34%33%33%E2%80%BB" n3="%E3%82%B7%E3%83%AB%E3%83%90%E3%83%BC%2F%E9%8A%80" dan="15,14,14,14" rate="2008.32,1953.62,1846.62,1953.70" sx="M,M,M,M"/><TAIKYOKU oya="0"/><INIT seed="0,0,0,1,3,28" ten="250,250,250,250" oya="0" hai0="59,11,88,99,81,69,47,109,65,18,118,127,133" hai1="131,130,78,29,25,32,106,112,85,50,71,124,114" hai2="16,48,52,31,44,3,51,96,62,57,91,27,132" hai3="75,111,26,73,64,61,101,20,125,129,77,107,113"/><T1/><D69/><U98/><E71/><V115/><F3/><W74/><G113/><N who="1" m="43626" /><E124/><V36/><F36/><W13/><G125/><T14/><D127/><U55/><E106/><V72/><F72/><W9/><G129/><N who="1" m="49162" /><E98/><V54/><F115/><W34/><G111/><T122/><D122/><U66/><E66/><V83/><F132/><W22/><G77/><T108/><D118/><U94/><E94/><N who="2" m="56415" /><F31/><W79/><G79/><T33/><D133/><U84/><E78/><V17/><F27/><W68/><G101/><T56/><D1/><U60/><E60/><V58/><F83/><W23/><G107/><T128/><D128/><U15/><E15/><V39/><F39/><W100/><G100/><T8/><D65/><AGARI ba="0,0" hai="16,17,44,48,51,52,54,57,58,62,65" m="56415" machi="65" ten="30,3900,0" yaku="8,1,54,2" doraHai="28" who="2" fromWho="0" sc="250,-39,250,0,250,39,250,0" /><INIT seed="1,0,0,2,1,125" ten="211,250,289,250" oya="1" hai0="10,87,109,71,9,61,33,91,59,128,133,100,104" hai1="67,76,77,126,26,17,85,115,29,119,18,16,93" hai2="54,0,81,75,103,2,4,34,113,72,124,11,78" hai3="99,45,24,55,6,42,80,37,43,20,7,60,35"/><U57/><E119/><V114/><F124/><W36/><G35/><T41/><D133/><U123/><E123/><V3/><F34/><W14/><G80/><T63/><D109/><U74/><E74/><N who="2" m="43223" /><F103/><W111/><G111/><T95/><D33/><U38/><E38/><V58/><F54/><W108/><G108/><T51/><D71/><U22/><E115/><N who="2" m="44043" /><F58/><W50/><G99/><T68/><D68/><U70/><E70/><V25/><F25/><W94/><G94/><T48/><D104/><U105/><E105/><V28/><F28/><W21/><G60/><T13/><D100/><U121/><E126/><V47/><F47/><W135/><G14/><AGARI ba="0,0" hai="0,2,3,4,11,14,72,75" m="44043,43223" machi="14" ten="40,1300,0" yaku="11,1" doraHai="125" who="2" fromWho="3" sc="211,0,250,0,289,13,250,-13" /><INIT seed="2,0,0,5,5,120" ten="211,250,302,237" oya="2" hai0="108,73,28,81,78,48,117,52,12,122,111,21,49" hai1="69,35,123,14,105,59,113,116,8,82,13,95,131" hai2="25,135,45,66,127,91,61,44,42,129,5,99,124" hai3="6,10,55,86,1,64,34,128,134,4,119,75,36"/><V63/><F5/><W31/><G75/><T19/><D122/><U30/><E116/><V15/><F15/><W46/><G119/><T23/><D117/><U43/><E105/><V102/><F91/><W62/><G128/><T71/><D71/><U65/><E69/><V90/><F90/><W11/><G134/><T37/><D37/><U53/><E43/><V132/><F25/><W18/><G34/><T51/><D28/><U72/><E65/><V79/><F79/><W110/><G31/><T112/><D112/><U106/><E106/><V60/><F66/><W20/><G36/><T89/><D23/><U83/><E113/><V125/><F42/><W47/><G55/><T33/><D33/><U97/><E131/><V7/><F7/><W27/><G86/><T92/><REACH who="0" step="1"/><D52/><REACH who="0" ten="201,250,302,237" step="2"/><U121/><E30/><V50/><F129/><W114/><G114/><T39/><D39/><U2/><E35/><V84/><F50/><W41/><G20/><T101/><D101/><U96/><E121/><V56/><F56/><W32/><G32/><T115/><D115/><U109/><E123/><V103/><F45/><W40/><G47/><T77/><D77/><U9/><E59/><V26/><F44/><W118/><G46/><T3/><D3/><U98/><E53/><V24/><F103/><W126/><G41/><T58/><D58/><U68/><E68/><V94/><F135/><W100/><G40/><T133/><D133/><U38/><E38/><V76/><F132/><W0/><G118/><T93/><D93/><U88/><E95/><V29/><F29/><W67/><G100/><RYUUKYOKU ba="0,1" sc="201,15,250,-15,302,15,237,-15" hai0="12,19,21,48,49,51,73,78,81,89,92,108,111" hai2="24,26,60,61,63,76,84,94,99,102,124,125,127" /><INIT seed="2,1,1,1,4,29" ten="216,235,317,222" oya="2" hai0="27,63,16,115,75,100,41,101,7,6,12,64,93" hai1="19,113,43,56,102,0,97,74,59,13,58,57,42" hai2="40,81,54,37,73,76,99,34,98,94,78,30,120" hai3="90,104,132,31,60,1,67,129,11,35,61,39,116"/><V5/><F120/><W52/><G116/><T127/><D75/><U83/><E113/><V4/><F78/><W62/><G129/><T2/><D2/><U21/><E0/><V70/><F70/><W118/><G118/><T48/><D115/><U25/><N who="1" m="14848" /><DORA hai="36" /><U8/><E83/><V44/><F54/><W15/><G1/><T46/><D127/><U65/><E65/><V95/><F30/><W85/><G132/><T14/><D64/><U130/><E74/><V23/><F23/><W51/><G104/><T26/><D63/><U50/><E50/><V9/><F34/><W86/><G39/><T108/><D108/><U134/><E134/><V92/><F4/><N who="0" m="1578" /><D14/><U38/><E38/><V82/><REACH who="2" step="1"/><F81/><REACH who="2" ten="216,235,307,222" step="2"/><W119/><G31/><T87/><D26/><U111/><E130/><V125/><F125/><W53/><G35/><T112/><D27/><U105/><REACH who="1" step="1"/><E111/><REACH who="1" ten="216,225,307,222" step="2"/><V103/><F103/><W123/><G119/><T66/><D112/><U77/><E77/><V71/><F71/><W20/><G67/><T3/><D66/><U24/><E24/><V45/><F45/><W33/><G62/><T89/><D3/><AGARI ba="1,3" hai="3,5,9,37,40,44,73,76,82,92,94,95,98,99" machi="3" ten="40,12000,1" yaku="1,1,25,2,52,1,53,1" doraHai="29,36" doraHaiUra="122,68" who="2" fromWho="0" sc="216,-123,225,0,307,153,222,0" /><INIT seed="2,2,0,0,4,106" ten="93,225,460,222" oya="2" hai0="91,134,72,70,85,17,52,98,14,75,82,41,127" hai1="36,66,65,4,80,33,1,122,96,107,15,40,9" hai2="49,128,48,77,115,78,30,86,121,104,31,90,44" hai3="69,112,45,56,37,131,102,47,84,7,43,100,0"/><V124/><F104/><W133/><G69/><T101/><D70/><U119/><E119/><V123/><F115/><W108/><G112/><T23/><D127/><U109/><E109/><V2/><F2/><W58/><G108/><T42/><D134/><U35/><E122/><V53/><F124/><W32/><G32/><T118/><D118/><U59/><E59/><V25/><F128/><W74/><G131/><T55/><D41/><U95/><E107/><V110/><F110/><W16/><G133/><T21/><D42/><U89/><E15/><V54/><F123/><W57/><G74/><T6/><D6/><U27/><E80/><V63/><F63/><W132/><G132/><T34/><D34/><U94/><E33/><V50/><F121/><W3/><G84/><T97/><D97/><U83/><E83/><V105/><F105/><W20/><G45/><T13/><D98/><U103/><E27/><V68/><F68/><W135/><G135/><T60/><D101/><U51/><E36/><V126/><F126/><W120/><G120/><T22/><D22/><U125/><E35/><V81/><F50/><W26/><G7/><T92/><D60/><U18/><E18/><V88/><F78/><W64/><G64/><T8/><D8/><U62/><E62/><V79/><F79/><W76/><G76/><T24/><D24/><U67/><E125/><V12/><F12/><W39/><G37/><T71/><D71/><U130/><E130/><V5/><F5/><W111/><G111/><T61/><D61/><U29/><E4/><V10/><F77/><W11/><G0/><RYUUKYOKU ba="2,0" sc="93,-10,225,-10,460,-10,222,30" hai3="3,11,16,20,26,39,43,47,56,57,58,100,102" /><INIT seed="3,3,0,4,5,118" ten="83,215,450,252" oya="3" hai0="125,109,48,40,37,131,22,52,112,0,80,10,114" hai1="76,101,84,78,39,23,38,116,88,85,56,49,44" hai2="42,65,7,53,82,25,9,77,103,69,18,75,91" hai3="127,31,130,16,68,13,41,66,117,28,6,124,71"/><W35/><G117/><T135/><D22/><U129/><E116/><V126/><F126/><N who="3" m="48171" /><G41/><T110/><D125/><U97/><E129/><V111/><F53/><W47/><G47/><N who="0" m="23951" /><D80/><U67/><E39/><V5/><F111/><N who="0" m="42506" /><D10/><U121/><E38/><V21/><F69/><N who="3" m="26699" /><G66/><T14/><D14/><U133/><E56/><V50/><F65/><W74/><G74/><T96/><D96/><U104/><E67/><V90/><F50/><W19/><G130/><T86/><D86/><U43/><E23/><V81/><F42/><W29/><G35/><T115/><D0/><U108/><E108/><V105/><F82/><W1/><G1/><T51/><D131/><U27/><E27/><V94/><F81/><W45/><G45/><N who="0" m="27663" /><D51/><U3/><E3/><V57/><F25/><W63/><G6/><T98/><D98/><U107/><E97/><V58/><F7/><W12/><G63/><T60/><D135/><U32/><E133/><V59/><F5/><W87/><G87/><T128/><D128/><U89/><E32/><V2/><F2/><W134/><G134/><T70/><D70/><U73/><E73/><V8/><F75/><W61/><G61/><AGARI ba="3,0" hai="60,61,112,114,115" m="27663,42506,23951" machi="61" ten="40,8000,1" yaku="11,1,14,1,34,2,54,1" doraHai="118" who="0" fromWho="3" sc="83,89,215,0,450,0,252,-89" owari="172,-23.0,215,2.0,450,55.0,163,-34.0" /></mjloggm>