<mjloggm ver="2.3"><GO type="225" lobby="0"/><UN n0="%E3%83%A2%E3%83%B3%E3%83%88%E3%83%AA%E3%83%BC%E3%83%B4%E3%82%A9" n1="%35%35%35%35%35" n2="%E3%83%8D%E3%82%B8%E3%82%AD" n3="%E3%82%A6%E3%83%AB%E3%83%88%E3%83%A9%E7%AB%8B%E7%9B%B4" dan="16,17,16,16" rate="2144.52,2082.32,2096.48,2044.40" sx="M,M,M,M"/><TAIKYOKU oya="0"/><INIT seed="0,0,0,5,3,127" ten="250,250,250,250" oya="0" hai0="63,33,118,48,79,103,102,0,42,13,95,16,49" hai1="87,9,91,20,44,59,90,128,46,39,76,38,104" hai2="121,101,21,69,43,113,8,77,34,86,108,36,94" hai3="1,122,31,41,17,98,125,116,119,75,14,45,3"/><T12/><D33/><U83/><E104/><V110/><F34/><W100/><G75/><T109/><D0/><U52/><E9/><V117/><F113/><W134/><G122/><T7/><D118/><U11/><E128/><V115/><F115/><W130/><G31/><T126/><D126/><U4/><E20/><V60/><F121/><W129/><G125/><T82/><D109/><U10/><E10/><V80/><F117/><N who="3" m="45131" /><G17/><T74/><D63/><U54/><E54/><V93/><F8/><W135/><G14/><T53/><D42/><U24/><E24/><V23/><F43/><W19/><G19/><T78/><D49/><U97/><E39/><V47/><F36/><N who="3" m="21671" /><G1/><T66/><D66/><U62/><E38/><V27/><F21/><W85/><G85/><N who="0" m="48343" /><D7/><U32/><E32/><V96/><F94/><N who="3" m="58455" /><G3/><T124/><D124/><U68/><E4/><V28/><F47/><W92/><G92/><T99/><D79/><U132/><E76/><V84/><F60/><W111/><G111/><N who="2" m="42537" /><F69/><W51/><G51/><T37/><D37/><U61/><E68/><V50/><F50/><W131/><AGARI ba="0,0" hai="129,130,131,134,135" m="58455,21671,45131" machi="131" ten="40,8000,1" yaku="19,1,52,3" doraHai="127" who="3" fromWho="3" sc="250,-40,250,-20,250,-20,250,80" /><INIT seed="1,0,0,1,4,120" ten="210,230,230,330" oya="1" hai0="54,82,43,11,60,42,129,74,66,21,110,5,123" hai1="112,53,83,4,90,48,107,109,22,130,127,6,52" hai2="72,73,81,34,18,111,115,13,97,47,0,122,46" hai3="12,56,114,68,57,33,92,106,50,89,71,79,8"/><U19/><E112/><V9/><F122/><W76/><G106/><T36/><D123/><U20/><E107/><V134/><F34/><W45/><G33/><T77/><D129/><U16/><E130/><V49/><F115/><W91/><G71/><N who="0" m="42439" /><D21/><U55/><E109/><V125/><F111/><W95/><G68/><T85/><D54/><U41/><E127/><V98/><F134/><W70/><G70/><T24/><D24/><N who="1" m="14343" /><E83/><V63/><F125/><W132/><G132/><T93/><D43/><U3/><E3/><V44/><F0/><W80/><G80/><T64/><D64/><U15/><E90/><V117/><F117/><W32/><G32/><T88/><D110/><U23/><E23/><V31/><F31/><W99/><G79/><T116/><D116/><U126/><E126/><V2/><F2/><W108/><G76/><T113/><D113/><U119/><E119/><V67/><F72/><W94/><G114/><T29/><D29/><U69/><E69/><V104/><F73/><W7/><G108/><T37/><D42/><U75/><E75/><V78/><F104/><W101/><G91/><T58/><D37/><U25/><E25/><V61/><F81/><W100/><G100/><T35/><D35/><U135/><E135/><V65/><F78/><W17/><G7/><N who="1" m="2602" /><E41/><N who="2" m="24719" /><F67/><W26/><G26/><T27/><D36/><U103/><E103/><V40/><F65/><W59/><G101/><T131/><D27/><U62/><E62/><N who="2" m="23563" /><F40/><AGARI ba="0,0" hai="8,12,17,40,45,50,56,57,59,89,92,94,95,99" machi="40" ten="40,1300,0" yaku="8,1" doraHai="120" who="3" fromWho="2" sc="210,0,230,0,230,-13,330,13" /><INIT seed="2,0,0,4,2,48" ten="210,230,217,343" oya="2" hai0="113,23,80,8,117,71,70,55,45,111,110,96,60" hai1="108,79,9,58,109,115,14,7,65,15,10,134,91" hai2="22,18,103,53,61,112,57,107,67,3,1,76,120" hai3="124,104,118,84,6,102,13,75,121,25,20,0,24"/><V128/><F112/><W52/><G102/><T92/><D113/><U98/><E115/><V35/><F120/><W42/><G104/><T39/><D117/><U126/><E126/><V11/><F35/><W44/><G75/><T46/><D80/><U125/><E125/><V123/><F123/><W29/><G0/><T72/><D72/><U114/><E114/><V69/><F128/><W5/><G42/><N who="0" m="22751" /><D8/><U47/><E134/><V127/><F127/><W88/><G25/><T81/><D81/><U87/><E47/><V85/><F85/><W43/><G43/><T2/><D2/><U99/><E79/><V41/><F76/><W31/><G31/><T40/><D23/><U21/><E21/><V51/><F41/><W73/><G73/><T27/><D27/><U36/><E36/><V66/><F11/><W119/><G119/><T32/><D32/><U12/><E65/><V68/><F67/><W56/><G118/><T116/><D116/><U77/><E58/><V82/><F69/><N who="0" m="26122" /><D92/><N who="1" m="54399" /><E77/><V38/><F82/><W78/><G78/><T59/><D96/><N who="1" m="36907" /><E7/><V101/><F107/><W19/><G5/><T50/><AGARI ba="0,0" hai="40,46,50,55,59,60,110,111" m="26122,22751" machi="50" ten="30,4000,0" yaku="34,2,52,1" doraHai="48" who="0" fromWho="0" sc="210,40,230,-10,217,-20,343,-10" /><INIT seed="3,0,0,3,3,21" ten="250,220,197,333" oya="3" hai0="127,86,28,113,112,87,134,16,1,104,63,125,70" hai1="111,90,120,11,119,54,106,44,57,82,12,5,117" hai2="97,133,95,9,84,65,2,96,69,88,14,48,66" hai3="31,30,115,99,56,40,13,68,81,110,128,4,29"/><W20/><G56/><T36/><D104/><U35/><E120/><V118/><F133/><W18/><G81/><T132/><D36/><U55/><E111/><V103/><F118/><N who="1" m="45065" /><E106/><V46/><F2/><W121/><G99/><T50/><D1/><U24/><E44/><V74/><F74/><W61/><G61/><T47/><D28/><N who="1" m="19847" /><E57/><V101/><F69/><W102/><G30/><T100/><D100/><N who="2" m="38474" /><F97/><W45/><G31/><T8/><D8/><U51/><E51/><V75/><F96/><W116/><G29/><T79/><D63/><U52/><E55/><N who="2" m="30103" /><F75/><W123/><G68/><T129/><D70/><U130/><E130/><V85/><F84/><AGARI ba="0,0" hai="5,11,12,52,54,82,84,90" m="19847,45065" machi="84" ten="30,3900,0" yaku="12,1,52,1,54,1" doraHai="21" who="1" fromWho="2" sc="250,0,220,39,197,-39,333,0" owari="250,-15.0,259,6.0,158,-34.0,333,43.0" /></mjloggm>