<mjloggm ver="2.3"><GO type="97" lobby="0"/><UN n0="%67%6F%6D%75%7A%6F%75" n1="%E7%BE%BD%E7%94%9F%E6%B0%B8%E4%B8%96%E5%90%8D%E4%BA%BA" n2="%E3%82%B4%E3%83%BC%E3%83%AB%E3%83%87%E3%83%B3%E3%81%B2%E3%82%88%E3%81%93" n3="%E3%82%A6%E3%83%AB%E3%83%88%E3%83%A9%E7%AB%8B%E7%9B%B4" dan="14,13,14,15" rate="1941.21,1910.22,1908.44,2002.62" sx="M,M,M,M"/><TAIKYOKU oya="0"/><INIT seed="0,0,0,2,0,88" ten="250,250,250,250" oya="0" hai0="46,42,99,91,132,108,94,40,62,8,92,38,71" hai1="102,43,13,33,131,34,73,4,105,51,28,97,120" hai2="47,65,83,9,31,123,106,36,67,64,58,124,35" hai3="113,52,22,127,100,70,44,86,69,119,121,0,18"/><T84/><D132/><U78/><E120/><V90/><F123/><W80/><G0/><T134/><D134/><U60/><E131/><V21/><F35/><W20/><G119/><T126/><D126/><U117/><E117/><V7/><F106/><W16/><G113/><T87/><D108/><U82/><E60/><V68/><F68/><W77/><G121/><T107/><D71/><U111/><E111/><V79/><F124/><W1/><G1/><T39/><D62/><U45/><E28/><V66/><F36/><W56/><G44/><T5/><D107/><U54/><E54/><V93/><F47/><W96/><G127/><T133/><D133/><U118/><E118/><V85/><F31/><W2/><G2/><T59/><D59/><U41/><E43/><V24/><F24/><W104/><G20/><T115/><D115/><U55/><E55/><V25/><F25/><W3/><G18/><T81/><D42/><U129/><E129/><V112/><F21/><W49/><REACH who="3" step="1"/><G3/><REACH who="3" ten="250,250,250,240" step="2"/><T48/><D39/><U27/><REACH who="1" step="1"/><E27/><AGARI ba="0,1" hai="16,22,27,49,52,56,69,70,77,80,86,96,100,104" machi="27" ten="30,8000,1" yaku="1,1,2,1,7,1,54,2,53,0" doraHai="88" doraHaiUra="125" who="3" fromWho="1" sc="250,0,250,-80,250,0,240,90" /><INIT seed="1,0,0,5,1,49" ten="250,170,250,330" oya="1" hai0="114,119,104,40,115,73,58,92,66,53,132,4,60" hai1="17,124,96,130,14,99,20,68,2,81,91,126,111" hai2="106,38,0,72,45,39,23,44,77,26,37,46,67" hai3="6,80,5,22,42,61,78,79,88,135,28,36,7"/><U19/><E2/><V51/><F106/><W110/><G135/><T82/><D104/><U15/><E68/><V8/><F67/><W121/><G121/><T3/><D119/><U109/><E81/><V70/><F70/><W113/><G113/><T86/><D132/><U9/><E91/><V95/><F72/><W30/><G42/><T63/><D40/><U100/><E130/><V116/><F77/><W117/><G36/><T125/><D125/><N who="1" m="48235" /><E100/><V101/><F116/><W56/><G117/><T59/><D3/><U83/><E83/><V32/><F32/><W112/><G112/><T122/><D4/><U35/><E35/><V21/><F0/><W41/><G41/><T127/><D127/><U55/><E55/><V18/><F8/><W34/><G34/><T57/><D122/><U64/><E64/><V102/><F51/><W134/><G134/><T105/><D105/><U62/><E62/><V11/><F11/><W71/><G71/><T25/><D25/><U29/><E29/><V94/><REACH who="2" step="1"/><F23/><REACH who="2" ten="250,170,240,330" step="2"/><W65/><G22/><T103/><D115/><U50/><E50/><V43/><F43/><W52/><G65/><T129/><D114/><U27/><E99/><V33/><F33/><W48/><G48/><T84/><D129/><U97/><E97/><V90/><F90/><W128/><G128/><T133/><D133/><U1/><E96/><V107/><F107/><W74/><G79/><T12/><D66/><U76/><E76/><V87/><F87/><N who="3" m="50279" /><G78/><T118/><D118/><U93/><E1/><V123/><F123/><W47/><G74/><T10/><D10/><RYUUKYOKU ba="0,1" sc="250,-10,170,-10,240,30,330,-10" hai2="18,21,26,37,38,39,44,45,46,94,95,101,102" /><INIT seed="2,1,1,1,3,107" ten="240,160,270,320" oya="2" hai0="4,110,56,61,71,20,97,103,81,43,116,52,72" hai1="54,3,35,92,60,57,27,85,115,59,19,86,23" hai2="93,34,42,67,68,131,50,100,105,69,49,66,102" hai3="11,31,134,96,118,78,55,98,130,88,121,135,79"/><V109/><F105/><W119/><G31/><T89/><D116/><U17/><E35/><V53/><F34/><W12/><G55/><T46/><D110/><U95/><E115/><V37/><F93/><N who="3" m="56359" /><G121/><T62/><D4/><U7/><E3/><V117/><F117/><W127/><G98/><T133/><D133/><N who="3" m="50697" /><G127/><T124/><D124/><U104/><E104/><V90/><F90/><W8/><G8/><T9/><D9/><U63/><E7/><V51/><F109/><W47/><G47/><T24/><D71/><N who="2" m="27210" /><F100/><W40/><G40/><T129/><D129/><U132/><E132/><V33/><F102/><W112/><G130/><T123/><D123/><U65/><E95/><V21/><F21/><W87/><G112/><T114/><D114/><U38/><E38/><V29/><F29/><W28/><G28/><T120/><D120/><U45/><E45/><N who="2" m="23759" /><F33/><W91/><G79/><T73/><D103/><U113/><E113/><V84/><F84/><W26/><G78/><T18/><D62/><U83/><E83/><V41/><F131/><W101/><G101/><T80/><D80/><U6/><E6/><V30/><F30/><W22/><G87/><T128/><D128/><U76/><E76/><V13/><F13/><W0/><G22/><T122/><D122/><U77/><E77/><V36/><F53/><W126/><G126/><T111/><D111/><U75/><E75/><V2/><F2/><W16/><G0/><T14/><D14/><N who="1" m="9655" /><E92/><V10/><F10/><W94/><G26/><T44/><D44/><AGARI ba="1,1" hai="36,41,44,49,50,51,66,67" m="23759,27210" machi="44" ten="30,12000,1" yaku="35,5" doraHai="107" who="2" fromWho="0" sc="240,-123,160,0,270,133,320,0" /><INIT seed="2,2,0,5,1,47" ten="117,160,403,320" oya="2" hai0="97,114,74,128,55,75,135,40,14,127,84,131,10" hai1="126,109,82,76,94,122,27,133,87,13,52,46,89" hai2="29,1,111,79,34,17,38,8,93,39,59,4,7" hai3="108,117,20,16,85,31,37,130,110,98,104,12,21"/><V90/><F7/><W99/><G37/><T116/><D40/><U28/><E122/><V54/><F79/><W43/><G117/><T92/><D55/><U56/><E126/><V134/><F134/><W96/><G43/><T70/><D14/><U9/><E133/><V107/><F107/><W22/><G104/><T112/><D10/><U88/><E109/><N who="3" m="42090" /><G31/><T91/><D70/><U125/><E46/><V106/><F106/><W72/><G72/><T73/><D135/><U119/><E125/><V5/><F5/><W113/><G113/><T86/><D127/><U78/><E119/><V83/><F83/><W132/><G132/><T25/><D25/><U35/><E78/><V80/><F80/><W30/><G30/><T33/><D33/><U36/><E36/><V120/><F120/><W42/><G42/><T100/><D116/><U129/><E129/><V3/><F3/><W115/><G115/><T49/><D49/><U61/><E94/><V68/><F68/><W103/><G130/><N who="0" m="49707" /><D86/><U77/><REACH who="1" step="1"/><E77/><REACH who="1" ten="117,150,403,320" step="2"/><V53/><F111/><W58/><G85/><T2/><D2/><U19/><AGARI ba="2,1" hai="9,13,19,27,28,35,52,56,61,76,82,87,88,89" machi="19" ten="20,12000,2" yaku="1,1,2,1,0,1,7,1,54,2,53,0" doraHai="47" doraHaiUra="69" who="1" fromWho="1" sc="117,-32,150,136,403,-62,320,-32" /><INIT seed="3,0,0,5,4,63" ten="85,286,341,288" oya="3" hai0="27,7,57,135,84,96,116,58,34,55,29,109,111" hai1="74,68,85,12,88,108,97,75,21,94,126,83,48" hai2="134,98,87,100,54,0,131,1,43,59,110,119,95" hai3="14,8,23,122,77,38,79,107,125,120,25,133,4"/><W39/><G107/><T91/><D116/><U49/><E68/><V18/><F119/><W16/><G125/><T44/><D135/><U105/><E126/><V65/><F134/><W28/><G133/><T47/><D96/><U73/><E108/><V102/><F110/><W82/><G77/><T67/><D111/><U10/><E21/><V31/><F65/><W3/><G39/><T53/><D109/><U60/><E105/><V33/><F131/><W89/><G89/><T113/><D7/><U26/><E26/><V37/><F102/><W132/><G38/><T2/><D2/><U93/><E60/><V52/><F54/><W42/><G42/><T115/><D113/><U127/><E127/><V13/><F31/><W117/><G117/><T6/><D6/><U101/><REACH who="1" step="1"/><E93/><REACH who="1" ten="85,276,341,288" step="2"/><V64/><F33/><N who="3" m="20623" /><G132/><T17/><D115/><U78/><E78/><V86/><F95/><W123/><G123/><T11/><D34/><U20/><E20/><V103/><F37/><W41/><G41/><T36/><D29/><U62/><E62/><V51/><F43/><W50/><G50/><T15/><D36/><U69/><E69/><V45/><F51/><W124/><G124/><T104/><D104/><U71/><E71/><V24/><F24/><W72/><AGARI ba="0,1" hai="3,4,8,14,16,23,72,79,82,120,122" m="20623" machi="72" ten="30,3000,0" yaku="24,1,54,1" doraHai="63" who="3" fromWho="3" sc="85,-10,276,-10,341,-10,288,40" /><INIT seed="3,1,0,4,0,48" ten="75,266,331,328" oya="3" hai0="22,79,29,19,98,4,39,64,92,61,71,31,7" hai1="85,123,37,15,73,99,97,51,124,111,104,56,109" hai2="114,41,127,76,77,40,23,75,134,100,126,107,9" hai3="122,55,82,78,59,81,69,36,35,132,133,58,84"/><W45/><G69/><T90/><D39/><U8/><E37/><V57/><F114/><W88/><G35/><T94/><D79/><U63/><E73/><V25/><F134/><N who="3" m="51819" /><G122/><T14/><D71/><U30/><E123/><V86/><F75/><N who="3" m="43231" /><G55/><T89/><D31/><U105/><E30/><N who="2" m="17727" /><F9/><W113/><G113/><T125/><D125/><N who="2" m="47626" /><F57/><W68/><G68/><T38/><D38/><U66/><E124/><V50/><F77/><W53/><G53/><T121/><D121/><U27/><E27/><V24/><F24/><W95/><G95/><T103/><D29/><U43/><E104/><V80/><F50/><W130/><G130/><T106/><D106/><U96/><E105/><V11/><F11/><W52/><G52/><T13/><D103/><U3/><E3/><V67/><F67/><W129/><G129/><T47/><D47/><U135/><E135/><V110/><F110/><W117/><G117/><T91/><D14/><U32/><E32/><V1/><F1/><W16/><G16/><T93/><D64/><U60/><E60/><V34/><F34/><W116/><G116/><T20/><D61/><U6/><REACH who="1" step="1"/><E85/><REACH who="1" ten="75,256,331,328" step="2"/><V72/><F72/><W49/><G49/><T42/><D42/><AGARI ba="1,1" hai="36,42,45,58,59,82,84,88" m="43231,51819" machi="42" ten="30,2900,0" yaku="20,1,54,1" doraHai="48" who="3" fromWho="0" sc="75,-32,256,0,331,0,328,42" owari="43,-46.0,256,-14.0,331,13.0,370,47.0" /></mjloggm>