<mjloggm ver="2.3"><GO type="169" lobby="0"/><UN n0="%6B%65%6D%75" n1="%73%65%61%73%75%69" n2="%E3%82%A6%E3%83%AB%E3%83%88%E3%83%A9%E7%AB%8B%E7%9B%B4" n3="%63%69%73%63%69%73" dan="16,16,16,18" rate="2055.78,2062.07,2052.56,2159.05" sx="M,M,M,M"/><TAIKYOKU oya="0"/><INIT seed="0,0,0,2,4,69" ten="250,250,250,250" oya="0" hai0="107,8,109,93,21,1,44,41,124,98,53,2,96" hai1="9,80,110,72,19,59,129,68,101,87,25,11,116" hai2="118,113,38,127,132,7,47,50,61,88,120,57,78" hai3="52,10,39,119,27,37,48,30,22,46,75,102,14"/><T63/><D124/><U15/><E116/><V51/><F78/><W28/><G119/><T86/><D107/><U115/><E68/><V108/><F118/><W16/><G75/><T36/><D109/><U77/><E115/><V74/><F74/><W0/><G102/><T90/><D21/><U45/><E110/><V95/><F108/><W135/><G135/><T62/><D62/><U104/><E129/><V84/><F132/><W99/><G99/><T122/><D122/><U49/><E72/><V133/><F113/><W64/><G64/><T24/><D24/><U82/><E82/><V18/><F133/><W3/><REACH who="3" step="1"/><G28/><REACH who="3" ten="250,250,250,240" step="2"/><T65/><D65/><U13/><E101/><V23/><F120/><W73/><G73/><T83/><D96/><U58/><E104/><V126/><F126/><W35/><G35/><T123/><D123/><U4/><REACH who="1" step="1"/><E25/><REACH who="1" ten="250,240,250,240" step="2"/><V71/><F127/><W111/><G111/><T128/><D128/><U81/><E81/><V55/><F71/><W67/><G67/><T34/><D83/><U114/><E114/><V66/><F66/><W112/><G112/><T17/><D34/><U85/><E85/><V79/><F84/><W125/><G125/><T60/><D86/><U92/><E92/><V100/><F95/><W134/><G134/><T91/><D93/><U97/><E97/><V26/><F100/><W121/><G121/><T103/><D98/><U40/><AGARI ba="0,2" hai="4,9,11,13,15,19,40,45,49,58,59,77,80,87" machi="40" ten="20,12000,2" yaku="1,1,0,1,7,1,25,2,8,1,53,0" doraHai="69" doraHaiUra="105" who="1" fromWho="1" sc="250,-60,240,140,250,-30,240,-30" /><INIT seed="1,0,0,5,4,1" ten="190,380,220,210" oya="1" hai0="123,14,74,105,95,27,117,124,50,120,81,127,69" hai1="3,5,110,91,31,72,94,42,41,122,16,30,2" hai2="53,130,113,22,35,13,7,15,4,99,87,112,44" hai3="38,36,34,104,37,89,67,51,65,58,24,118,90"/><U32/><E72/><V114/><F35/><W134/><G104/><T125/><D69/><U46/><E122/><N who="0" m="46633" /><D27/><U71/><E71/><V133/><F130/><W43/><G134/><T59/><D59/><U128/><E128/><V126/><F133/><W84/><G118/><T85/><D50/><U92/><E110/><V40/><F40/><W25/><G34/><T93/><D14/><N who="2" m="5130" /><F99/><W97/><G97/><T49/><D49/><U78/><E78/><V96/><F96/><W75/><G75/><T116/><D105/><U101/><E101/><V56/><F44/><W52/><G43/><T131/><D74/><U26/><E31/><V119/><F119/><N who="0" m="45642" /><D131/><U12/><E92/><V86/><F22/><W11/><G11/><T39/><D39/><U57/><E57/><V121/><F121/><W17/><G90/><AGARI ba="0,0" hai="81,85,90,93,95,124,125,127" m="45642,46633" machi="90" ten="40,8000,1" yaku="18,1,13,1,34,2" doraHai="1" who="0" fromWho="3" sc="190,80,380,0,220,0,210,-80" /><INIT seed="2,0,0,0,3,131" ten="270,380,220,130" oya="2" hai0="37,77,117,86,6,26,35,15,99,32,102,50,22" hai1="17,21,66,126,20,98,71,87,30,12,70,69,134" hai2="82,14,9,53,44,109,49,116,57,13,84,31,85" hai3="63,75,64,128,127,113,47,78,96,8,60,48,40"/><V114/><F114/><W65/><G128/><T80/><D37/><U45/><E126/><V25/><F116/><W100/><G113/><T123/><D123/><U10/><E134/><V129/><F129/><W61/><G127/><T39/><D39/><U55/><E66/><V46/><F109/><W34/><G34/><T41/><D117/><U111/><E111/><V56/><F44/><W3/><G78/><T93/><D22/><U2/><E2/><V5/><F13/><W122/><G75/><T79/><D26/><U119/><E119/><V58/><REACH who="2" step="1"/><F82/><REACH who="2" ten="270,380,210,130" step="2"/><W125/><G122/><T62/><D15/><N who="1" m="9279" /><E45/><V103/><F103/><W110/><G125/><T94/><D102/><U132/><E12/><V88/><F88/><W7/><REACH who="3" step="1"/><G110/><REACH who="3" ten="270,380,210,120" step="2"/><T19/><D80/><U83/><E83/><V92/><F92/><AGARI ba="0,2" hai="3,7,8,40,47,48,60,61,63,64,65,92,96,100" machi="92" ten="40,5200,0" yaku="1,1,2,1,53,1" doraHai="131" doraHaiUra="43" who="3" fromWho="2" sc="270,0,380,0,210,-52,120,72" /><INIT seed="3,0,0,1,4,40" ten="270,380,158,192" oya="3" hai0="67,89,47,118,79,62,13,126,27,52,111,12,28" hai1="11,123,113,46,29,83,87,132,107,43,97,18,73" hai2="17,121,84,134,41,93,48,32,35,80,7,104,109" hai3="69,82,33,57,23,56,101,88,54,70,112,94,39"/><W37/><G33/><T66/><D118/><U22/><E123/><V30/><F104/><W65/><G112/><T129/><D111/><U1/><E113/><V63/><F109/><W78/><G101/><T2/><D2/><U91/><E132/><V81/><F134/><W127/><G127/><T0/><D0/><U133/><E133/><V36/><F36/><W45/><G23/><N who="0" m="15487" /><D126/><U51/><E73/><V114/><F114/><W15/><G15/><N who="0" m="5707" /><D129/><U60/><E29/><V25/><F32/><W9/><G9/><T24/><D79/><U44/><E60/><V86/><F7/><W130/><G130/><T77/><D77/><U85/><E1/><V42/><F63/><W34/><G34/><T4/><D4/><U20/><E11/><V124/><F30/><W6/><G6/><T38/><D38/><U59/><E22/><V98/><F35/><W5/><G5/><T72/><D72/><U50/><E59/><V19/><F121/><W10/><G10/><T90/><D24/><N who="1" m="14359" /><E107/><V58/><F25/><W119/><G119/><T16/><D16/><U61/><E61/><V31/><F31/><W49/><G37/><T14/><D14/><U135/><E135/><V64/><F17/><W110/><G110/><T105/><D105/><U125/><E125/><V68/><F19/><W108/><G108/><T100/><D62/><U95/><E83/><V8/><F68/><N who="3" m="26219" /><G39/><T3/><D3/><U21/><E21/><V116/><F8/><W103/><G103/><T53/><D100/><U117/><E117/><V74/><F116/><W75/><G65/><N who="0" m="24587" /><D53/><AGARI ba="0,0" hai="43,44,46,50,51,53,85,87,91,95,97" m="14359" machi="53" ten="30,3900,0" yaku="8,1,52,2" doraHai="40" who="1" fromWho="0" sc="270,-39,380,39,158,0,192,0" /><INIT seed="4,0,0,0,1,14" ten="231,419,158,192" oya="0" hai0="34,134,28,92,72,113,118,62,89,109,86,67,128" hai1="25,29,36,101,82,46,66,97,53,71,56,79,61" hai2="30,111,88,65,127,116,78,75,5,110,102,4,58" hai3="18,64,42,98,57,41,1,104,125,70,115,51,69"/><T93/><D118/><U37/><E46/><V132/><F116/><W45/><G1/><T80/><D113/><U39/><E53/><V105/><F102/><W108/><G108/><T124/><D109/><U96/><E56/><V16/><F105/><W112/><G125/><T123/><D123/><U87/><REACH who="1" step="1"/><E101/><REACH who="1" ten="231,409,158,192" step="2"/><V23/><F111/><W27/><G57/><T32/><D124/><U135/><E135/><V43/><F110/><W83/><G115/><T120/><D134/><U7/><E7/><V59/><F127/><W52/><G112/><T94/><D120/><U0/><E0/><V20/><F132/><W81/><G52/><T26/><D128/><U133/><E133/><V47/><F59/><W9/><G69/><T33/><REACH who="0" step="1"/><D72/><REACH who="0" ten="221,409,158,192" step="2"/><U60/><E60/><V107/><F75/><W35/><G70/><AGARI ba="0,2" hai="26,28,32,33,34,62,67,70,80,86,89,92,93,94" machi="70" ten="40,7700,0" yaku="1,1,2,1,53,1" doraHai="14" doraHaiUra="24" who="0" fromWho="3" sc="221,97,409,0,158,0,192,-77" /><INIT seed="4,1,0,0,2,24" ten="318,409,158,115" oya="0" hai0="25,130,20,45,110,106,66,70,132,11,89,32,65" hai1="56,134,83,10,67,53,42,14,73,69,47,91,107" hai2="33,131,120,27,86,17,50,18,60,15,82,61,93" hai3="85,77,125,99,57,100,81,68,9,127,2,104,133"/><T46/><D106/><U128/><E107/><V43/><F120/><W23/><G68/><T94/><D32/><U111/><E111/><V54/><F43/><W38/><G38/><T37/><D110/><U0/><E0/><V3/><F3/><W97/><G23/><T135/><D130/><U1/><E1/><V112/><F131/><W79/><G57/><T109/><D11/><U30/><E128/><V8/><F93/><W12/><G2/><T129/><D129/><U51/><E134/><N who="0" m="51241" /><D109/><U74/><E30/><V13/><F112/><W96/><G133/><T63/><D37/><N who="1" m="21967" /><E91/><V49/><F49/><W124/><REACH who="3" step="1"/><G77/><REACH who="3" ten="318,409,158,105" step="2"/><T62/><D20/><U7/><E69/><V123/><F123/><W78/><G78/><T71/><D25/><U118/><E56/><N who="2" m="32855" /><F27/><W52/><G52/><T16/><D71/><U41/><E53/><V29/><F33/><W116/><G116/><T87/><D70/><U22/><E118/><V36/><F36/><W31/><G31/><T4/><D66/><U75/><E67/><V126/><F29/><W121/><G121/><T122/><D65/><U102/><E22/><N who="2" m="11567" /><F126/><W48/><G48/><T40/><D122/><U103/><E51/><V80/><F61/><W113/><G113/><T6/><D62/><U34/><E34/><V35/><F60/><W26/><G26/><T64/><D63/><U95/><E41/><V19/><F35/><W84/><G84/><T44/><D64/><U114/><E114/><V115/><F115/><W119/><G119/><T117/><D117/><U21/><E75/><V58/><F86/><W92/><G92/><RYUUKYOKU ba="1,1" sc="318,-10,409,-10,158,-10,105,30" hai3="9,12,79,81,85,96,97,99,100,104,124,125,127" /><INIT seed="5,2,1,4,0,62" ten="308,399,148,135" oya="1" hai0="129,8,19,115,10,86,72,112,69,43,32,121,111" hai1="132,63,18,13,71,0,7,2,108,16,17,1,36" hai2="65,74,131,122,88,99,49,119,30,33,14,117,91" hai3="92,55,44,81,95,66,20,31,68,113,60,29,75"/><U47/><E132/><V123/><F74/><W77/><G113/><T124/><D72/><U56/><E71/><V61/><F30/><W100/><G100/><T85/><D69/><U54/><E108/><V12/><F33/><W24/><REACH who="3" step="1"/><G31/><REACH who="3" ten="308,399,148,125" step="2"/><T73/><D115/><U58/><E7/><V106/><F123/><W46/><G46/><T93/><D112/><U57/><E13/><V59/><F122/><W4/><G4/><T135/><D121/><U126/><E126/><V48/><F119/><W3/><G3/><T103/><D124/><U118/><E118/><V130/><F117/><W90/><G90/><T6/><D103/><U80/><E47/><V87/><F12/><W53/><G53/><T26/><D6/><U105/><E105/><V96/><F14/><W79/><G79/><T101/><D101/><U110/><E110/><V38/><F91/><W89/><G89/><T70/><D111/><U78/><REACH who="1" step="1"/><E36/><REACH who="1" ten="308,389,148,125" step="2"/><V34/><F38/><W127/><G127/><T116/><D135/><U109/><E109/><V83/><F106/><W84/><G84/><AGARI ba="2,3" hai="0,1,2,16,17,18,54,56,57,58,63,78,80,84" machi="84" ten="50,4800,0" yaku="1,1,54,1,53,0" doraHai="62" doraHaiUra="107" who="1" fromWho="3" sc="308,0,389,84,148,0,125,-54" /><INIT seed="5,3,0,1,0,113" ten="308,473,148,71" oya="1" hai0="34,70,120,86,81,3,68,31,8,49,98,76,36" hai1="75,78,97,25,59,93,103,7,66,127,20,60,53" hai2="57,35,71,32,13,88,67,121,64,85,109,45,0" hai3="115,73,77,125,126,106,19,116,72,69,104,43,135"/><U89/><E127/><N who="3" m="48650" /><G43/><T51/><D36/><U122/><E7/><V2/><F2/><W47/><G47/><T87/><D120/><U39/><E39/><V11/><F0/><W108/><G108/><T129/><D129/><U131/><E131/><V84/><F71/><W90/><G19/><T26/><D68/><U118/><E118/><V132/><F35/><W112/><G69/><T15/><D70/><U42/><E42/><V134/><F32/><W82/><G135/><T24/><D3/><U110/><E110/><V10/><F45/><W117/><G90/><T29/><D98/><U4/><E4/><V46/><F46/><W22/><G22/><T9/><D87/><U38/><E38/><V79/><F109/><W58/><G58/><T107/><D107/><N who="3" m="41001" /><G73/><T56/><D56/><N who="1" m="37127" /><E122/><V74/><F121/><W95/><G95/><T91/><D91/><U111/><E111/><V27/><F74/><W99/><G99/><T23/><D8/><U114/><E75/><V92/><F11/><W100/><G100/><T5/><AGARI ba="3,0" hai="5,9,15,23,24,26,29,31,34,49,51,76,81,86" machi="5" ten="20,1500,0" yaku="0,1,7,1" doraHai="113" who="0" fromWho="0" sc="308,24,473,-10,148,-7,71,-7" /><INIT seed="6,0,0,5,5,87" ten="332,463,141,64" oya="2" hai0="3,40,60,35,69,0,97,95,123,44,43,5,104" hai1="134,112,30,133,119,39,49,24,94,120,50,86,127" hai2="85,117,128,34,64,67,75,131,19,20,27,8,46" hai3="37,77,89,29,93,38,121,83,10,31,135,103,71"/><V101/><F75/><W48/><G121/><T100/><D123/><U109/><E119/><V78/><F117/><W80/><G71/><T88/><D35/><U15/><E120/><V23/><F34/><W17/><G135/><T74/><D74/><U114/><E39/><V61/><F101/><W45/><G103/><T4/><D4/><U73/><E73/><V54/><F8/><W6/><G17/><T28/><D28/><N who="3" m="10825" /><G38/><T122/><D122/><U36/><E15/><V58/><F23/><W132/><G37/><T16/><D5/><U25/><E36/><V81/><REACH who="2" step="1"/><F46/><REACH who="2" ten="332,463,131,64" step="2"/><W22/><G22/><T7/><D44/><U129/><E134/><V33/><F33/><W47/><G132/><T105/><D100/><U26/><E133/><V52/><F52/><N who="3" m="29711" /><G77/><T57/><D43/><U106/><E114/><V110/><F110/><W11/><G47/><T99/><D40/><U107/><E112/><V82/><F82/><N who="3" m="31275" /><G6/><T124/><D7/><U111/><E111/><V108/><F108/><W126/><G126/><T130/><D124/><U125/><E109/><V92/><F92/><W66/><G66/><AGARI ba="0,1" hai="19,20,27,54,58,61,64,66,67,78,81,85,128,131" machi="66" ten="40,2000,0" yaku="1,1,53,0" doraHai="87" doraHaiUra="96" who="2" fromWho="3" sc="332,0,463,0,131,30,64,-20" /><INIT seed="6,1,0,4,3,89" ten="332,463,161,44" oya="2" hai0="85,55,11,29,100,26,41,81,18,3,79,24,4" hai1="36,60,122,113,77,15,106,0,101,98,30,83,91" hai2="127,87,61,34,28,66,10,53,17,56,12,111,74" hai3="69,104,35,97,67,105,14,64,42,78,121,32,33"/><V73/><F127/><W117/><G117/><T118/><D118/><U9/><E0/><V49/><F111/><W123/><G42/><T48/><D41/><U112/><E36/><V31/><F34/><W62/><G78/><T76/><D100/><U65/><E30/><V52/><F74/><W27/><G27/><T114/><D114/><N who="1" m="44139" /><E91/><V58/><F73/><W21/><G67/><T125/><D125/><U25/><E25/><V96/><F96/><W47/><G47/><T72/><D72/><U120/><E83/><V108/><F108/><W80/><G80/><T20/><D79/><U6/><E77/><V70/><REACH who="2" step="1"/><F87/><REACH who="2" ten="332,463,151,44" step="2"/><W84/><G84/><T54/><D85/><U63/><E120/><V92/><F92/><W110/><G110/><T94/><D94/><U13/><E122/><V131/><F131/><W16/><REACH who="3" step="1"/><G105/><REACH who="3" ten="332,463,151,34" step="2"/><T103/><D81/><U102/><E106/><V7/><F7/><W5/><G5/><T129/><D4/><U132/><E6/><V45/><F45/><W44/><G44/><T59/><D129/><U116/><E116/><V124/><F124/><W57/><G57/><T23/><D59/><U109/><E109/><V75/><F75/><W95/><G95/><T51/><D3/><U99/><E99/><V46/><F46/><W90/><G90/><T22/><D103/><AGARI ba="1,2" hai="14,16,21,32,33,35,62,64,69,97,103,104,121,123" machi="103" ten="40,2600,0" yaku="1,1,54,1,53,0" doraHai="89" doraHaiUra="2" who="3" fromWho="0" sc="332,-29,463,0,151,0,34,49" /><INIT seed="7,0,0,2,2,26" ten="303,463,151,83" oya="3" hai0="72,133,12,10,0,82,50,114,80,34,91,38,130" hai1="106,27,45,104,89,29,97,128,66,16,76,101,35" hai2="79,49,8,9,54,110,19,20,61,62,30,88,87" hai3="40,100,120,22,78,23,65,93,18,28,115,67,117"/><W15/><G120/><T68/><D114/><U13/><E128/><V39/><F79/><W74/><G117/><T98/><D130/><U25/><E25/><N who="2" m="16679" /><F110/><W86/><G115/><T125/><D38/><U96/><E76/><V33/><F33/><W44/><G74/><T32/><D68/><U42/><E66/><V124/><F124/><W81/><G100/><T126/><D0/><U83/><E83/><N who="2" m="49279" /><F39/><W55/><G93/><T75/><D133/><U94/><E106/><V131/><F131/><W135/><G135/><T21/><D21/><U123/><E123/><V73/><F73/><W132/><G132/><T116/><D116/><U129/><E45/><N who="2" m="27951" /><F9/><W84/><G84/><T112/><D10/><U119/><E13/><AGARI ba="0,0" hai="8,13,19,61,62" m="27951,49279,16679" machi="13" ten="30,7700,0" yaku="25,1,8,1,52,1,54,1" doraHai="26" who="2" fromWho="1" sc="303,0,463,-77,151,77,83,0" owari="303,10.0,386,49.0,228,-17.0,83,-42.0" /></mjloggm>