<mjloggm ver="2.3"><GO type="97" lobby="0"/><UN n0="%E6%A3%AE%E7%94%B7" n1="%E3%82%A6%E3%83%AB%E3%83%88%E3%83%A9%E7%AB%8B%E7%9B%B4" n2="%6D%6F%2D%6A%69" n3="%72%6F%79%6B%68%61%6E" dan="13,15,15,13" rate="1811.28,1964.94,2010.92,1986.70" sx="M,M,M,M"/><TAIKYOKU oya="0"/><INIT seed="0,0,0,0,2,64" ten="250,250,250,250" oya="0" hai0="93,27,129,132,18,13,4,60,52,63,134,37,91" hai1="105,121,59,8,87,2,122,94,41,104,113,70,98" hai2="12,7,99,88,75,15,85,111,79,36,103,73,61" hai3="48,50,76,72,117,100,11,22,77,40,62,106,114"/><T102/><D37/><U126/><E41/><V97/><F36/><W96/><G114/><T56/><D102/><U3/><E59/><V20/><F111/><W118/><G11/><T31/><D4/><U57/><E57/><V133/><F133/><N who="0" m="51306" /><D129/><U86/><E8/><V44/><F15/><W38/><G38/><T34/><D18/><U47/><E94/><V68/><F79/><W10/><G10/><T9/><D13/><U53/><E98/><V66/><F44/><W115/><G115/><T78/><D78/><U90/><E47/><V58/><F58/><W95/><G106/><T49/><D9/><U116/><E113/><V65/><F65/><W43/><G72/><T25/><D25/><U67/><E67/><V19/><F7/><W107/><G107/><T17/><D17/><U14/><E14/><V74/><REACH who="2" step="1"/><F103/><REACH who="2" ten="250,250,240,250" step="2"/><W123/><G100/><T29/><D29/><U119/><E122/><V110/><F110/><W127/><G123/><T135/><N who="0" m="51314" /><T30/><DORA hai="109" /><D30/><U54/><E121/><V124/><F124/><W69/><G127/><T131/><D131/><U128/><E126/><V55/><F55/><W84/><G76/><T101/><D101/><U80/><E128/><V45/><F45/><W130/><G77/><T71/><D71/><U112/><E112/><V89/><F89/><W16/><G69/><T24/><D24/><U5/><E70/><V28/><F28/><W51/><G130/><T0/><D0/><U35/><E5/><V32/><F32/><W21/><G117/><T82/><D82/><AGARI ba="0,1" hai="12,19,20,61,66,68,73,74,75,82,85,88,97,99" machi="82" ten="40,8000,1" yaku="1,1,52,1,54,1,53,1" doraHai="64,109" doraHaiUra="6,81" who="2" fromWho="0" sc="250,-80,250,0,240,90,250,0" /><INIT seed="1,0,0,5,1,40" ten="170,250,330,250" oya="1" hai0="48,72,104,57,97,128,41,89,67,82,130,122,51" hai1="96,36,134,98,35,5,17,102,74,123,1,78,125" hai2="13,60,10,70,22,75,135,31,77,124,18,25,86" hai3="105,81,45,42,47,113,8,71,27,118,62,79,117"/><U91/><E123/><V101/><F124/><W58/><G105/><T49/><D122/><U39/><E17/><V20/><F135/><W19/><G71/><T100/><D67/><U88/><E35/><V56/><F70/><W92/><G92/><T54/><D41/><U28/><E28/><V99/><F75/><W32/><G42/><T114/><D114/><U83/><E125/><V90/><F77/><W52/><G113/><T46/><D57/><U2/><E134/><V68/><F99/><W111/><G111/><T129/><D89/><U34/><E34/><V59/><F101/><W131/><G131/><T106/><REACH who="0" step="1"/><D106/><REACH who="0" ten="160,250,330,250" step="2"/><U69/><E91/><V3/><F59/><W43/><G43/><T119/><D119/><N who="3" m="45577" /><G8/><T87/><D87/><U84/><E69/><V64/><F68/><W15/><G15/><T61/><D61/><U95/><E98/><V38/><F60/><W12/><G12/><T53/><D53/><U133/><E133/><V30/><F64/><W120/><G120/><T103/><D103/><U107/><E1/><V4/><F86/><N who="3" m="48447" /><G19/><T29/><D29/><AGARI ba="0,1" hai="27,29,32,45,47,52,58,62" m="48447,45577" machi="29" ten="30,7700,0" yaku="12,1,52,2,54,1" doraHai="40" who="3" fromWho="0" sc="160,-77,250,0,330,0,250,87" /><INIT seed="2,0,0,1,3,88" ten="83,250,330,337" oya="2" hai0="116,6,113,133,10,131,45,121,2,70,67,18,14" hai1="112,125,56,100,49,95,36,128,111,58,66,16,103" hai2="61,44,119,123,74,7,118,42,26,80,97,89,53" hai3="51,134,12,96,28,62,75,102,91,54,50,5,98"/><V33/><F123/><W106/><G75/><T108/><D45/><U105/><E36/><V77/><F7/><W21/><G134/><T82/><D82/><U124/><E105/><V41/><F33/><W4/><G62/><T110/><D67/><U92/><E112/><V9/><F9/><W83/><G51/><T52/><D70/><U114/><E114/><V109/><F26/><W31/><G31/><T40/><D113/><U29/><E29/><V85/><F97/><W68/><G68/><T122/><D40/><U132/><E66/><V48/><F109/><N who="0" m="42090" /><D133/><U104/><E104/><V84/><F74/><W115/><G115/><T22/><D52/><U15/><E111/><V127/><F127/><N who="1" m="48713" /><E132/><V1/><F1/><W32/><G32/><T39/><D39/><U17/><E128/><V86/><F84/><W99/><G106/><T120/><D116/><U117/><E117/><V27/><F119/><W93/><G83/><T19/><D19/><N who="1" m="7243" /><E15/><V43/><F118/><W8/><G4/><T90/><D90/><U69/><E69/><V81/><F27/><N who="3" m="16495" /><G91/><T78/><D78/><U47/><E56/><AGARI ba="0,0" hai="41,42,43,44,48,53,56,61,77,80,81,85,86,89" machi="56" ten="40,2000,0" yaku="8,1" doraHai="88" who="2" fromWho="1" sc="83,0,250,-20,330,20,337,0" /><AGARI ba="0,0" hai="5,8,12,50,54,56,93,96,98,99,102" m="16495" machi="56" ten="30,2000,0" yaku="8,1,52,1" doraHai="88" who="3" fromWho="1" sc="83,0,230,-20,350,0,337,20" /><INIT seed="2,1,0,0,5,71" ten="83,210,350,357" oya="2" hai0="86,125,42,79,1,109,121,94,108,31,97,12,36" hai1="68,10,113,25,134,60,82,66,104,19,56,132,120" hai2="75,39,30,52,128,34,20,50,3,33,85,110,17" hai3="64,37,28,89,29,35,112,103,21,8,123,73,116"/><V114/><F114/><W57/><G112/><T115/><D1/><U40/><E113/><V46/><F75/><W77/><G123/><T74/><D115/><U98/><E120/><V101/><F3/><W90/><G116/><T49/><D121/><U4/><E56/><V5/><F5/><W96/><G35/><T67/><D31/><U102/><E19/><V61/><F128/><W95/><G73/><T131/><D74/><U65/><E82/><V106/><F30/><W135/><G77/><T118/><D36/><U55/><E55/><V9/><F9/><W2/><G135/><T93/><D86/><U70/><E25/><V43/><F110/><N who="0" m="42602" /><D125/><U62/><REACH who="1" step="1"/><E40/><REACH who="1" ten="83,200,350,357" step="2"/><V117/><F52/><W14/><G28/><T81/><D118/><U119/><E119/><V99/><F43/><W69/><G57/><T87/><D42/><U11/><E11/><V105/><F117/><W22/><G29/><T54/><D81/><U13/><AGARI ba="1,1" hai="4,10,13,60,62,65,66,68,70,98,102,104,132,134" machi="13" ten="30,4000,0" yaku="1,1,0,1,9,1,53,0" doraHai="71" doraHaiUra="122" who="1" fromWho="1" sc="83,-11,200,53,350,-21,357,-11" /><INIT seed="3,0,0,3,3,108" ten="72,253,329,346" oya="3" hai0="82,113,12,80,26,7,46,101,105,129,133,51,130" hai1="41,114,77,122,97,94,9,79,84,23,76,98,100" hai2="92,61,56,1,3,87,11,99,116,131,132,102,127" hai3="29,19,48,40,118,0,39,121,120,60,54,38,24"/><W58/><G0/><T64/><D64/><U34/><E23/><V66/><F116/><W69/><G118/><T15/><D26/><U111/><E9/><V112/><F112/><W8/><G39/><T78/><D101/><N who="1" m="60599" /><E41/><V30/><F127/><W125/><G125/><T27/><D27/><U49/><E49/><V35/><F131/><W59/><G69/><T33/><D105/><N who="1" m="63639" /><E34/><V10/><F132/><W104/><G104/><T85/><D33/><U68/><E68/><V37/><F37/><W119/><G119/><T2/><D133/><U96/><E122/><V25/><REACH who="2" step="1"/><F87/><REACH who="2" ten="72,253,319,346" step="2"/><W17/><G38/><T83/><D2/><AGARI ba="0,1" hai="1,2,3,10,11,25,30,35,56,61,66,92,99,102" machi="2" ten="40,2600,0" yaku="1,1,2,1,53,0" doraHai="108" doraHaiUra="50" who="2" fromWho="0" sc="72,-26,253,0,319,36,346,0" owari="46,-45.0,253,-15.0,355,45.0,346,15.0" /></mjloggm>