<mjloggm ver="2.3"><GO type="169" lobby="0"/><UN n0="%E2%98%85%E7%8E%89%E9%9F%BF%E2%98%85" n1="%EF%BC%88%E2%89%A7%E2%96%BD%E2%89%A6%EF%BC%89" n2="%E3%81%8B%E3%82%8A%E3%82%93%E3%81%95%E3%82%93" n3="%E3%81%92%E3%82%93%E3%81%9F%E3%82%8D" dan="16,19,17,16" rate="2140.39,2311.16,2184.09,2127.47" sx="F,M,F,M"/><TAIKYOKU oya="0"/><INIT seed="0,0,0,0,4,35" ten="250,250,250,250" oya="0" hai0="123,2,128,64,0,26,59,69,71,80,43,20,68" hai1="90,130,111,88,106,102,58,83,79,53,52,27,17" hai2="122,108,63,120,86,97,84,50,113,4,66,48,125" hai3="51,56,3,77,67,119,46,70,12,104,94,117,13"/><T110/><D123/><U45/><E111/><V76/><F113/><W6/><G104/><T5/><D128/><U54/><E130/><V89/><F108/><W115/><G70/><T127/><D110/><U24/><E58/><V61/><F125/><W129/><G115/><T96/><D5/><U40/><E102/><V107/><F76/><W57/><G129/><T10/><D10/><U42/><E106/><V15/><F97/><W103/><G77/><T109/><D109/><U101/><E101/><V135/><F107/><W116/><G3/><T62/><D96/><U38/><E42/><V1/><F15/><W21/><G6/><T78/><D43/><U75/><REACH who="1" step="1"/><E17/><REACH who="1" ten="250,240,250,250" step="2"/><V33/><F120/><W49/><G57/><T99/><D127/><U8/><E8/><V118/><F122/><W7/><G56/><T95/><D69/><U87/><E87/><V105/><F105/><W126/><G103/><T133/><D68/><U31/><E31/><V25/><F84/><W36/><G126/><T32/><D71/><U82/><E82/><V112/><F86/><W37/><G119/><T47/><D59/><U44/><E44/><V60/><F118/><W114/><G46/><T134/><D47/><U9/><E9/><V11/><F112/><W30/><G114/><T39/><D80/><U74/><E74/><V81/><F81/><W29/><G117/><T98/><D78/><U28/><E28/><V73/><F73/><W22/><G30/><T72/><D72/><U131/><E131/><V92/><F11/><W14/><G116/><T132/><D132/><U121/><E121/><RYUUKYOKU ba="0,1" sc="250,-10,240,30,250,-10,250,-10" hai1="24,27,38,40,45,52,53,54,75,79,83,88,90" /><INIT seed="1,1,1,0,5,63" ten="240,270,240,240" oya="1" hai0="60,16,15,106,71,26,48,115,74,78,55,73,118" hai1="66,120,8,4,2,100,49,99,122,81,132,116,40" hai2="58,13,35,69,11,44,53,77,90,117,84,91,38" hai3="83,111,9,86,113,89,70,25,110,6,41,31,33"/><U124/><E116/><V23/><F117/><W36/><G70/><T76/><D118/><U42/><E132/><V30/><F69/><W68/><G68/><T3/><D3/><U80/><E124/><V127/><F127/><W18/><G113/><T20/><D115/><U47/><E42/><V102/><F35/><W10/><G36/><T61/><D106/><U128/><E128/><V93/><F38/><W34/><G41/><T130/><D130/><U57/><E120/><V114/><F114/><W101/><G101/><T22/><D74/><U0/><E0/><V129/><F44/><W65/><G65/><T123/><D123/><U19/><E19/><V112/><F112/><W94/><G18/><N who="0" m="12631" /><D73/><U85/><E85/><V131/><F102/><W97/><G33/><T59/><D71/><U133/><E133/><V37/><F37/><W88/><REACH who="3" step="1"/><G10/><REACH who="3" ten="240,270,240,230" step="2"/><T52/><D61/><U87/><E122/><V14/><F11/><W109/><G109/><T92/><D92/><U82/><E66/><V105/><F93/><W28/><G28/><T46/><AGARI ba="1,2" hai="15,16,20,46,48,52,55,59,60,76,78" m="12631" machi="46" ten="30,4000,0" yaku="8,1,54,2" doraHai="63" who="0" fromWho="0" sc="240,63,270,-21,240,-11,230,-11" /><INIT seed="2,0,0,2,1,72" ten="303,249,229,219" oya="2" hai0="19,64,128,129,117,98,3,10,20,65,33,14,15" hai1="82,68,86,127,102,51,32,42,49,76,2,125,52" hai2="113,130,28,63,103,124,123,99,67,56,60,4,23" hai3="91,88,84,31,94,71,79,40,96,119,59,126,30"/><V122/><F113/><W74/><G71/><T106/><D117/><U24/><E68/><V77/><F124/><N who="1" m="47689" /><E2/><V8/><F130/><N who="0" m="50282" /><D33/><U25/><E32/><V105/><F63/><W89/><G119/><T109/><D3/><U41/><E102/><V111/><F111/><W104/><G40/><N who="1" m="15466" /><E49/><V107/><F107/><W39/><G39/><T43/><D43/><U48/><E48/><V55/><F55/><W83/><G126/><T35/><D35/><U90/><E90/><N who="3" m="34922" /><G59/><AGARI ba="0,0" hai="24,25,51,52,59,76,82,86" m="15466,47689" machi="59" ten="30,3900,0" yaku="18,1,52,1,54,1" doraHai="72" who="1" fromWho="3" sc="303,0,249,39,229,0,219,-39" /><INIT seed="3,0,0,3,4,40" ten="303,288,229,180" oya="3" hai0="12,77,49,118,98,30,48,113,16,44,131,31,0" hai1="55,58,79,106,82,115,52,15,107,50,70,22,47" hai2="130,18,128,46,27,62,38,132,114,124,95,86,28" hai3="6,29,120,14,11,112,123,122,68,43,19,60,104"/><W32/><G104/><T90/><D0/><U66/><E115/><V101/><F114/><W64/><G112/><T35/><D118/><U25/><E15/><V102/><F124/><W10/><G43/><T81/><D131/><N who="2" m="50218" /><F18/><W73/><G73/><T103/><D35/><U53/><E70/><V85/><F62/><W34/><REACH who="3" step="1"/><G29/><REACH who="3" ten="303,288,229,170" step="2"/><T96/><D113/><U69/><E107/><V41/><F132/><W109/><G109/><T42/><D30/><U23/><E106/><V92/><F95/><W45/><G45/><T87/><D31/><U36/><E47/><V117/><F117/><W54/><G54/><T56/><D44/><U76/><E53/><V51/><F38/><W93/><G93/><T91/><D42/><U71/><E36/><V100/><F92/><W83/><G83/><T129/><D129/><U121/><E82/><V26/><F28/><W110/><G110/><T63/><D81/><U135/><E55/><V119/><F119/><W13/><AGARI ba="0,1" hai="6,10,11,13,14,19,32,34,60,64,68,120,122,123" machi="13" ten="40,3900,0" yaku="1,1,0,1,53,0" doraHai="40" doraHaiUra="72" who="3" fromWho="3" sc="303,-13,288,-13,229,-13,170,49" /><INIT seed="3,1,0,5,5,59" ten="290,275,216,219" oya="3" hai0="110,9,37,35,56,76,16,25,45,133,47,114,55" hai1="117,43,1,122,36,106,8,109,4,10,75,88,120" hai2="67,85,95,104,57,65,33,124,130,101,3,34,15" hai3="86,87,127,108,26,111,6,44,129,128,5,79,40"/><W71/><G71/><T29/><D133/><U102/><E117/><V27/><F3/><W132/><G26/><T99/><D110/><N who="3" m="42025" /><G132/><T19/><D114/><U77/><E88/><V113/><F113/><W2/><G127/><T96/><D76/><U78/><E10/><V63/><F104/><W97/><G97/><T125/><D125/><U23/><E23/><V0/><F0/><W14/><G2/><T22/><D37/><U131/><E78/><V126/><F130/><N who="3" m="50283" /><G14/><N who="0" m="7247" /><D35/><U54/><E131/><V94/><F15/><W70/><G70/><T12/><D12/><U50/><E109/><V100/><F27/><W39/><G79/><T21/><D29/><U74/><E77/><V42/><F126/><W28/><G28/><T115/><D22/><U64/><E1/><V31/><F31/><W82/><G82/><T13/><D13/><U24/><E24/><V11/><F124/><W18/><G18/><T68/><D68/><U30/><E30/><V119/><F34/><W7/><AGARI ba="1,0" hai="5,6,7,39,40,44,86,87" m="50283,42025" machi="7" ten="40,7800,0" yaku="14,1,10,1,19,1" doraHai="59" who="3" fromWho="3" sc="290,-27,275,-27,216,-27,219,81" /><INIT seed="3,2,0,5,1,43" ten="263,248,189,300" oya="3" hai0="34,52,45,42,129,10,9,28,99,79,98,14,86" hai1="77,103,51,78,113,90,23,88,120,22,4,106,105" hai2="112,0,76,30,75,26,127,2,5,100,64,104,68" hai3="13,16,53,44,125,91,20,17,95,37,107,27,116"/><W8/><G107/><T48/><D129/><U89/><E4/><V59/><F59/><W55/><G116/><T7/><D34/><U93/><E120/><V62/><F112/><W123/><G123/><T46/><D28/><U72/><E113/><V19/><F19/><W73/><G73/><T24/><D24/><U29/><E29/><V102/><F102/><W101/><G125/><T109/><D109/><U118/><E118/><V124/><F5/><W33/><G33/><T87/><D10/><U126/><E126/><N who="2" m="48171" /><F76/><N who="1" m="29289" /><E22/><V69/><F75/><W66/><G101/><T121/><D121/><U70/><E23/><N who="2" m="15711" /><F68/><W80/><G66/><T122/><D122/><U12/><E70/><V135/><F135/><W6/><G80/><N who="0" m="47391" /><D87/><U61/><E72/><V132/><F132/><W85/><REACH who="3" step="1"/><G6/><REACH who="3" ten="263,248,189,290" step="2"/><T47/><D42/><AGARI ba="2,1" hai="8,13,16,17,20,27,37,42,44,53,55,85,91,95" machi="42" ten="40,12000,1" yaku="1,1,2,1,52,1,54,1,53,1" doraHai="43" doraHaiUra="71" who="3" fromWho="0" sc="263,-126,248,0,189,0,290,136" /><INIT seed="3,3,0,4,1,46" ten="137,248,189,426" oya="3" hai0="127,6,92,60,24,117,84,25,115,81,118,132,48" hai1="129,41,54,22,32,95,120,12,73,74,102,100,98" hai2="126,10,7,97,33,31,114,18,58,82,49,87,19" hai3="3,105,70,101,13,52,104,79,56,36,116,68,109"/><W23/><G3/><T111/><D115/><U21/><E32/><V75/><F75/><W122/><G36/><T134/><D60/><U47/><E120/><V108/><F108/><W17/><G116/><T128/><D111/><U61/><E129/><V44/><F114/><W124/><G109/><T38/><D38/><U4/><E102/><V67/><F126/><W45/><G122/><T8/><D127/><U28/><E74/><V135/><F135/><N who="0" m="51754" /><D128/><U14/><E73/><V119/><F119/><N who="0" m="45578" /><D92/><U99/><E95/><V106/><F106/><W65/><G124/><T86/><D86/><U16/><E61/><N who="2" m="38327" /><F31/><W110/><G105/><T121/><D48/><U64/><E28/><V11/><F33/><W34/><G34/><T96/><D96/><U59/><E99/><V131/><F97/><W77/><G110/><T94/><D94/><U71/><E98/><V63/><F63/><W2/><G104/><T83/><D83/><U15/><E100/><V133/><F131/><W113/><G101/><T69/><D121/><U0/><E64/><V125/><F125/><W85/><G65/><T123/><D123/><U43/><E71/><V88/><F133/><W76/><G70/><T39/><D69/><U42/><E42/><N who="2" m="24727" /><F7/><W5/><G5/><T107/><D107/><U72/><E4/><V90/><F90/><W89/><G89/><N who="0" m="51343" /><D39/><U35/><E72/><V51/><F51/><W78/><G113/><T27/><D6/><U130/><E130/><V93/><F93/><W50/><G68/><T29/><D29/><U91/><E91/><V112/><F112/><W80/><G56/><RYUUKYOKU ba="3,0" sc="137,10,248,-30,189,10,426,10" hai0="8,24,25,27" hai2="10,11,18,19,82,87,88" hai3="2,13,17,23,45,50,52,76,77,78,79,80,85" /><INIT seed="3,4,0,3,2,11" ten="147,218,199,436" oya="3" hai0="130,99,68,15,35,46,67,10,43,49,5,105,92" hai1="78,118,44,31,76,107,18,128,8,119,45,6,71" hai2="132,86,53,73,39,21,66,41,126,7,57,17,96" hai3="28,103,13,30,27,36,61,127,16,50,111,4,34"/><W1/><G36/><T125/><D105/><U93/><E107/><V63/><F73/><W101/><G127/><T121/><D125/><U9/><E71/><V20/><F126/><W0/><G30/><T117/><D121/><U100/><E31/><V58/><F7/><W38/><G38/><T12/><D130/><U129/><E18/><V106/><F132/><W26/><G26/><T104/><D35/><U131/><E93/><V116/><F116/><N who="1" m="44585" /><E100/><V29/><F29/><W42/><G111/><T84/><D117/><U133/><E133/><V24/><F86/><W124/><G124/><T3/><D104/><U120/><E120/><V122/><F21/><W112/><G112/><T90/><REACH who="0" step="1"/><D99/><REACH who="0" ten="137,218,199,436" step="2"/><U54/><E131/><V52/><F122/><W89/><G34/><T72/><D72/><U83/><E129/><V135/><F135/><W37/><G37/><T47/><D47/><U59/><E45/><V77/><F106/><W85/><G85/><T80/><D80/><U108/><E44/><V70/><F96/><W62/><G42/><T95/><D95/><U94/><E94/><V69/><F39/><W79/><G103/><T82/><D82/><U114/><E83/><V123/><F41/><W134/><G101/><T81/><D81/><U115/><E128/><V113/><F123/><W56/><G134/><T109/><D109/><U14/><E108/><V51/><F77/><W19/><G79/><T60/><AGARI ba="4,1" hai="3,5,10,12,15,43,46,49,60,67,68,84,90,92" machi="60" ten="30,8000,1" yaku="1,1,0,1,52,2,53,1" doraHai="11" doraHaiUra="64" who="0" fromWho="0" sc="137,102,218,-24,199,-24,436,-44" /><INIT seed="4,0,0,1,5,10" ten="239,194,175,392" oya="0" hai0="57,109,78,63,127,87,82,130,95,80,32,54,107" hai1="46,44,60,105,45,93,65,31,108,42,5,123,98" hai2="84,50,99,70,121,96,67,36,75,85,81,76,83" hai3="110,39,68,119,19,41,77,91,22,88,4,61,132"/><T21/><D32/><U28/><E123/><V126/><F36/><W133/><G119/><T102/><D109/><U14/><E105/><V40/><F121/><W135/><G77/><T125/><D107/><U29/><E108/><V62/><F126/><W86/><G4/><T8/><D130/><U118/><E118/><V23/><F75/><W111/><G39/><T38/><D38/><U103/><E42/><V2/><F2/><W72/><G41/><T129/><D129/><U52/><E52/><V25/><F50/><W20/><G72/><T90/><D21/><N who="3" m="8297" /><G19/><T89/><D102/><U9/><REACH who="1" step="1"/><E31/><REACH who="1" ten="239,184,175,392" step="2"/><V104/><F40/><W116/><G116/><T74/><D125/><U97/><E97/><V37/><F104/><W34/><G111/><T115/><D127/><U27/><E27/><V17/><REACH who="2" step="1"/><F37/><REACH who="2" ten="239,184,165,392" step="2"/><W7/><G110/><T128/><D128/><U26/><E26/><V6/><F6/><W66/><G7/><T122/><D122/><U56/><AGARI ba="0,2" hai="5,9,14,28,29,44,45,46,56,60,65,93,98,103" machi="56" ten="30,7900,0" yaku="1,1,0,1,8,1,52,1,53,0" doraHai="10" doraHaiUra="112" who="1" fromWho="1" sc="239,-39,184,99,165,-20,392,-20" /><INIT seed="5,0,0,0,0,132" ten="200,283,145,372" oya="1" hai0="113,48,76,66,131,126,84,135,25,103,17,88,61" hai1="116,111,127,57,42,18,43,28,77,95,44,20,128" hai2="11,47,26,60,58,27,12,1,37,93,62,53,52" hai3="112,23,134,105,34,101,45,54,109,108,4,59,49"/><U79/><E116/><V14/><F1/><W118/><G34/><T33/><D135/><U119/><E119/><V30/><F37/><W75/><G75/><T51/><D103/><U6/><E128/><V69/><F69/><W133/><G4/><T63/><D131/><U67/><E28/><V104/><F104/><W15/><G15/><T9/><D76/><U82/><E6/><V70/><F70/><W124/><G23/><T24/><D113/><U5/><E5/><V73/><F73/><W83/><G83/><T115/><D115/><U46/><E111/><V107/><F107/><W29/><G105/><T13/><D33/><U68/><E68/><V96/><F11/><W7/><G29/><T71/><D63/><U117/><E67/><V110/><F110/><W35/><G35/><T65/><D65/><U125/><E57/><V55/><F47/><W81/><G45/><T114/><D114/><U122/><E20/><N who="2" m="15687" /><F27/><W121/><G109/><T38/><D38/><U8/><E8/><V97/><F97/><W106/><G108/><T74/><D74/><U16/><E117/><V120/><F120/><W21/><G106/><T22/><D25/><U72/><E72/><V78/><F78/><W64/><G118/><T102/><D102/><U89/><E122/><V123/><F123/><W129/><G112/><T91/><D91/><U36/><E36/><V10/><F10/><W2/><G129/><T99/><D99/><U0/><E89/><N who="2" m="55343" /><F62/><W80/><G134/><T85/><D88/><U31/><E77/><V130/><F130/><W100/><G133/><T50/><D61/><RYUUKYOKU ba="0,0" sc="200,-10,283,-10,145,30,372,-10" hai2="12,14,52,53,55,58,60" /><INIT seed="6,1,0,3,4,112" ten="190,273,175,362" oya="2" hai0="51,108,40,81,10,93,34,74,79,133,46,55,21" hai1="37,50,54,132,72,80,86,65,135,83,115,99,89" hai2="68,1,23,127,128,134,125,123,38,59,121,27,102" hai3="69,19,82,12,90,29,95,109,120,58,52,32,43"/><V70/><F1/><W61/><G120/><N who="2" m="46153" /><F102/><W36/><G109/><T117/><D34/><U62/><E37/><V39/><F23/><W16/><G69/><N who="2" m="26729" /><F27/><W6/><G43/><T73/><D133/><N who="1" m="51275" /><E99/><V96/><F96/><W114/><G36/><N who="2" m="13865" /><F134/><W76/><G32/><T124/><D108/><U118/><E72/><V7/><F7/><W11/><G29/><T25/><D74/><U9/><E83/><V104/><F104/><W5/><G5/><T103/><D10/><U49/><E9/><V48/><F128/><W105/><G105/><T3/><D3/><U22/><E22/><V87/><F87/><N who="3" m="48583" /><G114/><T33/><D33/><U91/><E115/><V100/><F100/><W122/><G122/><T110/><D110/><U111/><E111/><V13/><F13/><W84/><AGARI ba="1,0" hai="6,11,12,16,19,52,58,61,84,90,95" m="48583" machi="84" ten="30,4000,0" yaku="8,1,54,2" doraHai="112" who="3" fromWho="3" sc="190,-11,273,-11,175,-21,362,43" /><INIT seed="7,0,0,3,1,56" ten="179,262,154,405" oya="3" hai0="81,55,127,87,46,18,96,41,54,113,38,43,34" hai1="51,112,3,83,133,16,76,93,25,39,78,53,9" hai2="48,42,0,84,89,130,85,114,22,72,45,100,90" hai3="80,8,115,103,64,70,59,121,102,97,116,21,79"/><W71/><G116/><T105/><D34/><U107/><E39/><V36/><F72/><W119/><G121/><T94/><D105/><U47/><E107/><V126/><F0/><W24/><G119/><T128/><D43/><U95/><E133/><V134/><F134/><W35/><G35/><T5/><D5/><U50/><E112/><V62/><F114/><W110/><G110/><T125/><D113/><U40/><E3/><V108/><F108/><W101/><G8/><T91/><D128/><U75/><E78/><V118/><F118/><W73/><G115/><T86/><D18/><U65/><E65/><V60/><F130/><W49/><G97/><T82/><D87/><N who="2" m="33354" /><F36/><W6/><G6/><T15/><D15/><U98/><E98/><V29/><F100/><W74/><G74/><T19/><D19/><U7/><E7/><V58/><F126/><N who="0" m="48138" /><D82/><U13/><E25/><N who="2" m="16567" /><F58/><AGARI ba="0,0" hai="9,13,16,40,47,50,51,53,58,75,76,83,93,95" machi="58" ten="30,2000,0" yaku="7,1,54,1" doraHai="56" who="1" fromWho="2" sc="179,0,262,20,154,-20,405,0" owari="179,-22.0,282,8.0,134,-37.0,405,51.0" /></mjloggm>