<mjloggm ver="2.3"><GO type="41" lobby="0"/><UN n0="%E3%82%A6%E3%83%AB%E3%83%88%E3%83%A9%E7%AB%8B%E7%9B%B4" n1="%79%61%77%61%72%61%67%69" n2="%73%68%75%6E%61%6B%65" n3="%E3%81%AB%E3%81%8C%E3%83%88%E3%83%9E%E3%83%88" dan="15,14,13,13" rate="1972.38,1894.44,1894.88,1801.51" sx="M,M,M,M"/><TAIKYOKU oya="0"/><INIT seed="0,0,0,2,1,33" ten="250,250,250,250" oya="0" hai0="65,27,61,25,81,99,122,62,102,54,12,32,69" hai1="10,94,88,41,126,100,29,51,76,114,53,84,109" hai2="59,107,31,30,48,38,77,55,121,127,49,129,44" hai3="60,124,0,78,15,103,93,111,101,21,91,2,58"/><T86/><D122/><U57/><E126/><V19/><F107/><W70/><G124/><T18/><D32/><U22/><E109/><V3/><F127/><W75/><G111/><T9/><D61/><U134/><E134/><V17/><F3/><W98/><G70/><T85/><D54/><U118/><E118/><V90/><F121/><W73/><G73/><T34/><D85/><U79/><E10/><V87/><F38/><W108/><G108/><T63/><D63/><U26/><E114/><V123/><F77/><W71/><G71/><T95/><D34/><U1/><E1/><V125/><F129/><W74/><G74/><T104/><REACH who="0" step="1"/><D104/><REACH who="0" ten="240,250,250,250" step="2"/><U92/><E41/><V80/><F125/><W113/><G60/><T96/><D96/><AGARI ba="0,1" hai="22,26,29,51,53,57,76,79,84,88,92,94,96,100" machi="96" ten="40,2600,0" yaku="8,1,54,1" doraHai="33" who="1" fromWho="0" sc="240,-26,250,36,250,0,250,0" /><INIT seed="1,0,0,2,4,127" ten="214,286,250,250" oya="1" hai0="12,116,36,20,10,46,111,72,106,84,17,13,49" hai1="117,115,42,62,21,2,75,120,128,92,103,16,28" hai2="47,114,3,33,41,38,26,119,50,8,135,65,87" hai3="130,85,132,1,81,124,122,37,61,18,64,52,110"/><U6/><E117/><V43/><F119/><W56/><G122/><T15/><D72/><U93/><E120/><V29/><F114/><W23/><G1/><T112/><D106/><U51/><E115/><V44/><F135/><W9/><G124/><T25/><D36/><U71/><E75/><V95/><F65/><W0/><G37/><T54/><D116/><U80/><E80/><V63/><F63/><W68/><G110/><T58/><D111/><U133/><E28/><V78/><F8/><W30/><G132/><T109/><D109/><U126/><E126/><V77/><F3/><W98/><G98/><T113/><D113/><U101/><E133/><V89/><AGARI ba="0,0" hai="26,29,33,38,41,43,44,47,50,77,78,87,89,95" machi="89" ten="30,1100,0" yaku="0,1" doraHai="127" who="2" fromWho="2" sc="214,-3,286,-5,250,11,250,-3" /><INIT seed="2,0,0,3,4,42" ten="211,281,261,247" oya="2" hai0="135,17,5,19,134,74,77,103,98,28,52,130,25" hai1="132,60,91,106,102,78,27,29,111,95,108,51,126" hai2="39,99,45,48,84,35,30,33,11,116,41,8,97" hai3="73,86,104,63,65,101,32,81,56,0,34,93,70"/><V105/><F116/><W57/><G0/><T107/><D5/><U87/><E132/><N who="0" m="50729" /><D77/><U82/><E126/><V37/><F84/><W47/><G73/><T40/><D74/><N who="1" m="43351" /><E60/><V115/><F115/><W110/><G110/><N who="1" m="42026" /><E51/><V66/><F66/><W22/><G104/><T109/><D109/><U4/><E4/><V7/><F11/><W76/><G70/><T128/><D40/><U88/><E27/><V2/><F105/><W117/><G117/><T90/><D19/><U26/><E29/><V13/><F30/><W127/><G127/><T124/><D17/><U3/><E26/><V125/><F125/><W119/><G119/><T20/><D124/><U62/><E3/><V131/><F131/><W38/><G22/><T50/><D90/><N who="1" m="53727" /><E62/><V24/><F24/><W69/><G56/><AGARI ba="0,0" hai="20,25,28,50,52,56,98,103,107,128,130" m="50729" machi="56" ten="30,2000,0" yaku="20,1,54,1" doraHai="42" who="0" fromWho="3" sc="211,20,281,0,261,0,247,-20" /><INIT seed="3,0,0,2,2,12" ten="231,281,261,227" oya="3" hai0="43,5,133,8,53,99,56,116,19,129,13,84,105" hai1="132,9,125,64,31,107,81,96,49,78,58,11,36" hai2="106,83,48,29,74,25,54,103,117,3,23,2,130" hai3="22,4,57,30,40,0,65,61,98,60,91,110,47"/><W109/><G0/><T28/><D116/><U108/><E36/><V123/><F117/><W120/><G120/><T89/><D43/><U33/><E132/><V80/><F123/><W121/><G121/><T75/><D75/><U68/><E68/><V71/><F71/><W69/><G4/><T16/><D133/><U41/><E125/><V134/><F134/><W38/><G98/><T114/><D114/><U104/><E108/><N who="3" m="41578" /><G91/><T77/><D28/><U15/><E107/><V17/><F130/><W97/><G97/><T18/><D77/><U39/><E104/><V37/><F37/><W59/><G30/><T122/><D129/><U26/><E39/><V44/><F74/><W66/><G22/><T7/><D122/><U70/><E96/><V63/><F106/><W45/><G45/><T124/><D5/><U87/><E70/><AGARI ba="0,0" hai="38,40,47,57,59,60,61,65,66,69,70" m="41578" machi="70" ten="30,11600,0" yaku="14,1,10,1,34,2" doraHai="12" who="3" fromWho="1" sc="231,0,281,-116,261,0,227,116" /><INIT seed="3,1,0,2,5,45" ten="231,165,261,343" oya="3" hai0="24,88,8,58,133,39,80,103,37,29,129,97,130" hai1="43,85,11,38,6,125,128,56,78,74,59,14,7" hai2="79,118,105,108,17,100,23,42,62,61,107,95,0" hai3="32,66,22,13,16,112,3,96,41,102,28,25,51"/><W47/><G112/><T49/><D8/><U116/><E128/><N who="0" m="49257" /><D39/><U86/><E125/><V77/><F0/><W91/><G66/><T119/><D37/><U89/><E116/><V122/><F118/><W63/><G63/><T98/><D98/><U94/><E6/><V134/><F108/><W120/><G120/><T135/><D119/><U30/><E30/><V64/><F42/><W87/><G3/><T15/><D15/><U52/><E38/><V75/><F122/><W114/><G114/><T5/><D5/><U99/><E43/><V82/><F134/><W84/><G91/><T48/><D58/><U69/><E69/><V124/><F62/><W113/><G113/><T104/><D88/><U90/><E59/><V54/><F77/><W81/><G81/><T60/><D80/><U12/><E12/><V53/><F124/><W65/><G65/><T33/><D60/><N who="1" m="35847" /><E74/><V26/><F107/><AGARI ba="1,0" hai="13,16,22,25,28,32,41,47,51,84,87,96,102,107" machi="107" ten="30,5800,0" yaku="7,1,52,1,54,1" doraHai="45" who="3" fromWho="2" sc="231,0,165,0,261,-61,343,61" /><INIT seed="3,2,0,5,2,57" ten="231,165,200,404" oya="3" hai0="12,33,58,101,32,85,52,112,115,135,110,97,129" hai1="40,73,68,87,18,13,98,31,67,125,70,20,88" hai2="107,5,8,30,94,24,7,127,64,62,130,92,19" hai3="74,119,66,59,25,56,91,133,103,36,86,93,77"/><W100/><G119/><T121/><D121/><U9/><E73/><V80/><F107/><W105/><G36/><T42/><D42/><U17/><E125/><V104/><F127/><W61/><G133/><T28/><D28/><U27/><E40/><V22/><F104/><W47/><G103/><T46/><D46/><U38/><E38/><V41/><F130/><W0/><G0/><T124/><D124/><U81/><E98/><V132/><F41/><W21/><G47/><T63/><D129/><U44/><E44/><V48/><F48/><W114/><G114/><N who="0" m="43563" /><D135/><U1/><E1/><V10/><F132/><W117/><G117/><T34/><D85/><U49/><E49/><V2/><F80/><W60/><G105/><N who="0" m="63663" /><D12/><U65/><REACH who="1" step="1"/><E31/><REACH who="1" ten="231,155,200,404" step="2"/><V106/><F106/><W26/><G74/><T78/><D110/><U37/><E37/><V123/><F123/><W50/><G50/><T69/><D78/><U89/><E89/><V108/><F30/><W16/><G77/><T39/><D39/><U29/><E29/><V55/><F108/><W95/><G100/><T134/><D134/><U3/><E3/><V51/><F51/><W6/><G6/><T96/><D96/><U14/><E14/><V120/><F120/><W109/><G109/><T4/><D4/><U131/><E131/><V11/><F64/><AGARI ba="2,1" hai="9,13,17,18,20,27,64,65,67,68,70,81,87,88" machi="64" ten="40,2600,0" yaku="1,1,54,1,53,0" doraHai="57" doraHaiUra="118" who="1" fromWho="2" sc="231,0,155,42,200,-32,404,0" /><INIT seed="4,0,0,2,0,120" ten="231,197,168,404" oya="0" hai0="48,125,67,127,28,33,107,112,128,76,12,8,97" hai1="60,65,35,74,69,102,130,5,115,108,55,1,34" hai2="116,114,118,31,91,92,66,131,109,93,38,53,88" hai3="10,78,11,123,113,18,63,84,43,79,71,44,90"/><T126/><D76/><U134/><E74/><V14/><F38/><W46/><G123/><T83/><D83/><U99/><E55/><V49/><F66/><W98/><G113/><T62/><D112/><U19/><E19/><V0/><F0/><W121/><G121/><T129/><D48/><U22/><E22/><V110/><F114/><W24/><G63/><T26/><D97/><U85/><E85/><V117/><F31/><W52/><G71/><T77/><D77/><U94/><E115/><V119/><F14/><W51/><G98/><T23/><D107/><N who="1" m="63967" /><E134/><V75/><F75/><W59/><G79/><T13/><D62/><U64/><E94/><N who="2" m="36459" /><F131/><N who="0" m="50250" /><D67/><U54/><E65/><V21/><F21/><N who="3" m="13367" /><G78/><T56/><D56/><U100/><E54/><V103/><N who="2" m="30208" /><DORA hai="41" /><V135/><F103/><W40/><G40/><T7/><D23/><U87/><E100/><V122/><F135/><W37/><G37/><T132/><D132/><U70/><E130/><V30/><F30/><W81/><G43/><T50/><D50/><U124/><E70/><V101/><F101/><W80/><G80/><T25/><D25/><U36/><E36/><V45/><F122/><W89/><G89/><AGARI ba="0,0" hai="45,49,53,88,89,91,109,110" m="30208,36459" machi="89" ten="60,8000,1" yaku="12,1,52,3,54,1" doraHai="120,41" who="2" fromWho="3" sc="231,0,197,0,168,80,404,-80" /><INIT seed="5,0,0,4,2,102" ten="231,197,248,324" oya="1" hai0="104,38,36,24,1,3,85,61,75,101,31,64,89" hai1="56,106,132,23,29,76,15,16,97,51,30,91,17" hai2="113,134,135,100,20,88,114,48,65,90,78,0,72" hai3="84,63,118,130,43,94,109,83,59,40,128,22,79"/><U57/><E132/><N who="2" m="50731" /><F0/><W123/><G109/><T71/><D75/><U21/><E76/><V12/><F65/><W66/><G123/><T11/><D89/><U6/><E6/><V54/><F100/><W25/><G94/><T74/><D85/><U32/><E32/><V86/><F72/><W111/><G111/><T127/><D74/><U80/><E80/><N who="2" m="47383" /><F20/><W92/><G92/><T73/><D73/><U45/><E106/><V126/><F12/><W129/><REACH who="3" step="1"/><G118/><REACH who="3" ten="231,197,248,314" step="2"/><T14/><D127/><U95/><E30/><AGARI ba="0,1" hai="22,25,30,40,43,59,63,66,79,83,84,128,129,130" machi="30" ten="40,8000,1" yaku="1,1,2,1,19,1,53,1" doraHai="102" doraHaiUra="58" who="3" fromWho="1" sc="231,0,197,-80,248,0,314,90" /><INIT seed="6,0,0,2,5,100" ten="231,117,248,404" oya="2" hai0="25,81,4,94,89,37,73,38,50,119,44,12,76" hai1="132,70,98,83,3,35,127,41,104,114,0,131,74" hai2="67,6,112,69,102,130,97,115,88,95,109,61,22" hai3="17,40,49,55,62,110,91,45,121,111,71,31,85"/><V51/><F6/><W79/><G121/><T47/><D47/><U8/><RYUUKYOKU type="yao9" ba="0,0" sc="231,0,117,0,248,0,404,0" hai1="0,3,8,35,41,70,74,83,98,104,114,127,131,132" /><INIT seed="6,1,0,1,0,59" ten="231,117,248,404" oya="2" hai0="79,47,71,99,95,93,61,86,126,66,48,42,105" hai1="57,39,129,23,75,84,45,44,94,107,50,102,27" hai2="34,135,3,6,116,68,30,35,73,0,132,111,40" hai3="97,41,4,120,104,133,131,89,103,31,7,63,127"/><V8/><F68/><W15/><G120/><T9/><D126/><U43/><E129/><V21/><F40/><W46/><G131/><T90/><D105/><U29/><E75/><V20/><F73/><W26/><G133/><N who="2" m="51273" /><F116/><W109/><G109/><T58/><D9/><U121/><E121/><V13/><F111/><W125/><G15/><T77/><REACH who="0" step="1"/><D71/><REACH who="0" ten="221,117,248,404" step="2"/><U134/><E134/><V49/><F49/><W112/><G127/><T67/><D67/><U130/><E130/><V36/><F36/><W53/><G125/><T88/><AGARI ba="1,1" hai="42,47,48,58,61,66,77,79,86,88,90,93,95,99" machi="88" ten="20,12000,2" yaku="1,1,0,1,7,1,8,1,52,1,54,1,53,0" doraHai="59" doraHaiUra="115" who="0" fromWho="0" sc="221,133,117,-31,248,-61,404,-31" /><INIT seed="7,0,0,3,2,36" ten="354,86,187,373" oya="3" hai0="51,115,97,124,59,12,134,85,4,100,112,77,76" hai1="110,93,92,6,32,103,131,117,39,21,130,94,87" hai2="9,68,109,13,15,64,88,55,123,22,101,122,114" hai3="62,3,108,65,121,52,40,33,24,38,129,66,48"/><W126/><G3/><T30/><D30/><U63/><E32/><V61/><F109/><W118/><G121/><T46/><D59/><U14/><E39/><V113/><F101/><W45/><G118/><T127/><D134/><U116/><E63/><V72/><F72/><W27/><G108/><T5/><D85/><U70/><E21/><V128/><F55/><W104/><G104/><T74/><D74/><U79/><E14/><V86/><F128/><N who="1" m="49193" /><E6/><V107/><F107/><W95/><G129/><T102/><D12/><U132/><E70/><V41/><F22/><W125/><G66/><T58/><D58/><U53/><E53/><V71/><F71/><N who="3" m="42423" /><G95/><N who="1" m="24322" /><U8/><DORA hai="81" /><E8/><V16/><F13/><W98/><G98/><T56/><D56/><U135/><E110/><V105/><F105/><W78/><G78/><T84/><D97/><U69/><E69/><V89/><F122/><W25/><G33/><T34/><D34/><U2/><E2/><V49/><F123/><W111/><G111/><T90/><D84/><U67/><E67/><V80/><F49/><W28/><G28/><T96/><D96/><U1/><E1/><V11/><F11/><W50/><G50/><T0/><D0/><U37/><E37/><V29/><F29/><W47/><G27/><T60/><D51/><U54/><E54/><V133/><F133/><N who="1" m="51273" /><E103/><V7/><F7/><W73/><G73/><T75/><D75/><U35/><E35/><V18/><F18/><W106/><G106/><T82/><D60/><U23/><E23/><V42/><F89/><W99/><G99/><T10/><D90/><RYUUKYOKU ba="0,0" sc="354,-30,86,10,187,10,373,10" hai1="79,87,116,117" hai2="9,15,16,41,42,61,64,68,80,86,88,113,114" hai3="24,25,38,40,45,47,48,52,125,126" owari="324,12.0,96,-40.0,197,-20.0,383,48.0" /></mjloggm>