<mjloggm ver="2.3"><GO type="97" lobby="0"/><UN n0="%E5%B7%9D%E3%83%BB%CF%89%E3%83%BB" n1="%E4%B8%8A%E5%8D%93%E3%82%B9%E3%83%AC%E5%85%8E%E3%81%A1%E3%82%83%E3%82%93" n2="%E3%82%A6%E3%83%AB%E3%83%88%E3%83%A9%E7%AB%8B%E7%9B%B4" n3="%E3%83%95%E3%83%AA%E3%83%BC%E3%82%AC%E3%83%BC" dan="15,13,15,15" rate="1914.97,1842.50,2009.16,2030.97" sx="F,F,M,M"/><TAIKYOKU oya="0"/><INIT seed="0,0,0,5,3,56" ten="250,250,250,250" oya="0" hai0="85,107,93,25,15,132,40,110,128,103,111,109,118" hai1="119,68,16,60,49,67,61,24,34,99,35,73,23" hai2="80,125,83,120,117,133,71,57,6,78,102,70,113" hai3="47,126,43,108,89,66,127,46,69,87,129,81,75"/><T4/><D118/><U29/><E119/><V8/><F120/><W31/><G75/><T10/><D132/><U50/><E73/><V65/><F113/><W28/><G108/><T115/><D115/><U124/><E124/><N who="3" m="47658" /><G129/><T11/><D40/><U37/><E37/><V18/><F133/><W36/><G47/><T77/><D25/><U74/><E74/><V55/><F117/><W48/><G36/><T2/><D107/><U82/><E82/><V64/><F71/><W30/><G30/><T45/><D45/><U12/><E35/><V101/><F70/><W22/><G22/><T17/><D128/><U105/><REACH who="1" step="1"/><E61/><AGARI ba="0,0" hai="28,31,43,46,48,61,66,69,81,87,89" m="47658" machi="61" ten="30,2000,0" yaku="18,1,52,1" doraHai="56" who="3" fromWho="1" sc="250,0,250,-20,250,0,250,20" /><INIT seed="1,0,0,5,1,53" ten="250,230,250,270" oya="1" hai0="108,113,11,115,56,114,1,107,42,109,36,135,15" hai1="27,68,94,40,47,38,116,79,63,70,23,86,18" hai2="78,21,66,89,104,134,133,2,81,87,71,93,17" hai3="67,35,85,77,24,124,14,6,95,103,88,34,55"/><U122/><E116/><V9/><F104/><W127/><G67/><T106/><D1/><U58/><E122/><V39/><F39/><W30/><G77/><T19/><D135/><N who="2" m="51722" /><F66/><W129/><G129/><T25/><D25/><U49/><E79/><V105/><F105/><W130/><G130/><T4/><D4/><U110/><E110/><N who="0" m="42601" /><D42/><U74/><E74/><N who="2" m="43223" /><F71/><W45/><G103/><T96/><D36/><U112/><E112/><V22/><F17/><W41/><G35/><T59/><D106/><U100/><E38/><V12/><F12/><W46/><G55/><T117/><D117/><U82/><E82/><V69/><F69/><W65/><G65/><T43/><D43/><U120/><E120/><V83/><F93/><W62/><G62/><T123/><D123/><U131/><E131/><V31/><F31/><W52/><G52/><T118/><D118/><U3/><E3/><V121/><F121/><W73/><G73/><T48/><D48/><U60/><E60/><V16/><F16/><W125/><G41/><T26/><D26/><U97/><REACH who="1" step="1"/><E86/><REACH who="1" ten="250,220,250,270" step="2"/><V92/><F83/><W8/><AGARI ba="0,1" hai="6,8,14,24,30,34,45,46,85,88,95,124,125,127" machi="8" ten="40,5200,0" yaku="0,1,18,1,54,1" doraHai="53" who="3" fromWho="3" sc="250,-13,220,-26,250,-13,270,62" /><INIT seed="2,0,0,1,0,51" ten="237,194,237,332" oya="2" hai0="78,128,95,30,119,70,89,129,66,117,20,84,7" hai1="17,12,77,63,106,59,15,74,35,28,37,91,10" hai2="22,34,45,69,53,112,80,122,31,46,16,71,0" hai3="5,44,58,13,99,47,57,41,3,125,26,68,82"/><V92/><F0/><W40/><G68/><T101/><D7/><U88/><E106/><V50/><F122/><W11/><G125/><T2/><D2/><U38/><E15/><V104/><F104/><W21/><G3/><T87/><D66/><U86/><E74/><V24/><F112/><W118/><G118/><N who="0" m="45067" /><D70/><U4/><E4/><V75/><F92/><W115/><G115/><T55/><D101/><U108/><E108/><V62/><F62/><W32/><G32/><T52/><D78/><U76/><E38/><V33/><F46/><W19/><G99/><N who="0" m="57839" /><D30/><U27/><E37/><V97/><F97/><W100/><G100/><T23/><D128/><U116/><E116/><V98/><F98/><W96/><G96/><T64/><D64/><U120/><E120/><V79/><REACH who="2" step="1"/><F34/><REACH who="2" ten="237,194,227,332" step="2"/><W105/><G105/><T132/><D129/><U6/><E35/><V60/><F60/><W113/><G113/><T107/><D107/><U36/><E63/><V73/><F73/><W110/><G82/><T61/><D61/><U42/><E36/><V90/><F90/><W131/><G131/><T127/><D127/><U18/><E91/><V9/><F9/><W48/><G110/><T49/><D49/><AGARI ba="0,1" hai="5,11,13,19,21,26,40,41,44,47,48,49,57,58" machi="49" ten="30,3900,0" yaku="7,1,9,1,8,1" doraHai="51" who="3" fromWho="0" sc="237,-39,194,0,227,0,332,49" /><INIT seed="3,0,0,5,2,5" ten="198,194,227,381" oya="3" hai0="90,116,2,132,52,122,11,63,17,107,77,48,60" hai1="96,54,65,114,108,15,91,26,72,118,103,80,112" hai2="99,3,34,109,93,16,4,100,9,104,8,135,46" hai3="59,117,123,30,88,45,58,42,37,69,119,95,71"/><W125/><G30/><T0/><D116/><N who="3" m="44617" /><G88/><T68/><D132/><U33/><E118/><V101/><F109/><W110/><G95/><T57/><D107/><U44/><E108/><V120/><F120/><W20/><G110/><T76/><D68/><N who="3" m="26185" /><G20/><T129/><D129/><U43/><E65/><V128/><F135/><W86/><G86/><T35/><D35/><U36/><E54/><V70/><F128/><W115/><G123/><T124/><D2/><U133/><E133/><V89/><F70/><W62/><G115/><T49/><D0/><U25/><E25/><V85/><F34/><W27/><G27/><T19/><D90/><U29/><E15/><V84/><F84/><W21/><G21/><T81/><D77/><U83/><E83/><V130/><F130/><W127/><G59/><T111/><D81/><U13/><E13/><V41/><F101/><W64/><AGARI ba="0,0" hai="37,42,45,58,62,64,125,127" m="26185,44617" machi="64" ten="40,3900,0" yaku="34,2" doraHai="5" who="3" fromWho="3" sc="198,-13,194,-13,227,-13,381,39" owari="185,-21.0,181,-32.0,214,1.0,420,52.0" /></mjloggm>