<mjloggm ver="2.3"><GO type="225" lobby="0"/><UN n0="%70%61%77%61%66%75%31" n1="%E3%83%9A%E3%83%81%E3%83%A7%E3%83%BC%E3%83%AA%E3%83%B3" n2="%E8%97%A4%E5%A0%82%E8%A6%81" n3="%E3%82%A6%E3%83%AB%E3%83%88%E3%83%A9%E7%AB%8B%E7%9B%B4" dan="16,16,16,16" rate="2084.63,2094.30,2113.20,2028.94" sx="M,M,F,M"/><TAIKYOKU oya="0"/><INIT seed="0,0,0,1,2,108" ten="250,250,250,250" oya="0" hai0="68,94,47,59,109,110,83,37,51,119,69,135,101" hai1="132,114,45,58,92,41,12,124,10,65,53,27,42" hai2="33,2,30,122,34,16,23,67,120,98,86,66,55" hai3="61,104,63,80,133,111,31,40,38,90,130,50,76"/><T106/><D119/><U6/><E124/><V99/><F2/><W134/><G104/><T3/><D3/><U71/><E132/><V73/><F73/><W82/><G38/><T1/><D1/><U46/><E71/><V85/><F23/><W17/><G31/><T25/><D106/><U96/><E27/><V87/><F87/><N who="3" m="50551" /><G17/><T26/><D83/><U127/><E127/><V32/><F32/><W121/><G121/><T52/><D135/><N who="3" m="51721" /><G111/><N who="0" m="42507" /><D25/><U84/><E84/><V79/><F30/><W36/><G36/><T81/><D81/><U35/><E35/><V116/><F79/><W43/><G130/><T22/><D94/><U93/><E93/><V49/><F116/><W19/><G19/><N who="0" m="12639" /><D101/><U129/><E129/><V74/><F120/><W117/><G117/><T60/><D37/><U118/><E118/><V112/><F122/><W126/><G126/><T5/><D5/><U21/><E6/><V125/><F125/><W62/><G50/><T57/><D57/><U72/><E58/><V95/><F74/><AGARI ba="0,0" hai="40,43,61,62,63,74,76,80" m="51721,50551" machi="74" ten="30,1000,0" yaku="20,1" doraHai="108" who="3" fromWho="2" sc="250,0,250,0,250,-10,250,10" /><INIT seed="1,0,0,5,4,24" ten="250,250,240,260" oya="1" hai0="32,127,96,28,134,48,78,61,47,81,95,120,34" hai1="63,93,77,102,98,80,43,3,11,87,84,23,71" hai2="12,57,58,37,52,85,35,18,90,91,31,124,133" hai3="56,79,13,104,73,27,1,123,70,107,22,17,14"/><U75/><E43/><V33/><F37/><W112/><G70/><T26/><D134/><U74/><E23/><V130/><F124/><W88/><G1/><T9/><D127/><U7/><REACH who="1" step="1"/><E74/><REACH who="1" ten="250,240,240,260" step="2"/><V54/><F130/><W67/><G73/><T69/><D120/><U29/><E29/><V119/><F133/><W19/><G22/><T5/><D32/><U25/><E25/><V4/><F119/><W128/><G27/><T72/><D9/><U55/><E55/><V53/><F4/><W125/><G125/><T66/><D5/><U36/><E36/><V0/><F33/><W39/><G39/><T76/><D72/><U51/><E51/><V50/><F31/><W100/><G123/><T20/><D34/><U92/><E92/><V111/><F35/><W44/><G19/><T6/><D6/><U113/><E113/><V122/><F122/><W86/><G17/><T110/><D81/><U131/><E131/><V45/><F0/><W68/><G128/><T129/><D129/><U115/><E115/><V42/><F54/><W10/><G10/><T135/><D135/><U132/><E132/><V62/><F53/><W15/><G112/><T103/><REACH who="0" step="1"/><D110/><REACH who="0" ten="240,240,240,260" step="2"/><U106/><E106/><V105/><F111/><W8/><G104/><T2/><D2/><U97/><E97/><V64/><F105/><W41/><G107/><T108/><D108/><U40/><E40/><AGARI ba="0,2" hai="20,26,28,40,47,48,61,66,69,76,78,95,96,103" machi="40" ten="30,3900,0" yaku="1,1,7,1,52,1,53,0" doraHai="24" doraHaiUra="117" who="0" fromWho="1" sc="240,59,240,-39,240,0,260,0" /><INIT seed="2,0,0,1,2,123" ten="299,201,240,260" oya="2" hai0="42,23,113,88,97,45,38,49,47,131,68,33,99" hai1="35,34,83,132,10,91,61,22,121,60,65,5,59" hai2="92,118,93,52,89,130,63,57,18,105,134,58,29" hai3="80,100,24,27,53,19,56,37,39,8,14,0,40"/><V11/><F118/><W15/><G0/><T54/><D33/><U96/><E132/><V16/><F134/><W46/><G39/><T106/><D113/><U77/><E121/><V36/><F105/><W71/><G71/><T44/><D131/><U9/><E22/><V109/><F36/><W75/><G100/><T32/><D32/><U64/><E96/><N who="2" m="57359" /><F130/><W115/><G115/><T135/><D68/><U1/><E91/><V28/><F109/><W116/><G116/><T114/><D114/><U94/><E94/><V25/><F93/><W67/><G80/><T87/><D135/><U120/><E10/><V101/><F101/><W51/><G75/><T3/><D3/><U98/><E98/><V66/><F25/><W103/><G103/><T78/><D78/><U43/><E43/><V13/><F18/><W4/><G67/><T110/><D110/><U119/><E119/><V82/><F82/><W90/><G90/><T111/><D111/><U125/><E125/><V108/><F108/><W95/><G95/><N who="0" m="54687" /><D106/><U127/><E127/><V50/><AGARI ba="0,0" hai="11,13,16,28,29,50,52,57,58,63,66" m="57359" machi="50" ten="30,6000,0" yaku="8,1,54,2" doraHai="123" who="2" fromWho="2" sc="299,-20,201,-20,240,60,260,-20" /><INIT seed="2,1,0,3,1,87" ten="279,181,300,240" oya="2" hai0="77,46,0,14,84,119,118,98,63,30,35,113,53" hai1="128,3,51,5,48,57,62,50,86,126,64,56,17" hai2="55,123,68,59,101,54,67,7,129,34,80,97,65" hai3="66,27,104,79,28,111,76,4,88,26,8,81,2"/><V21/><F34/><W6/><G104/><T132/><D0/><U125/><E17/><V71/><F123/><W52/><G66/><T100/><D113/><U135/><E5/><N who="3" m="2154" /><G111/><T85/><D14/><U109/><E3/><V106/><F7/><W103/><G103/><T96/><D132/><U69/><E86/><N who="0" m="33385" /><D77/><U105/><E105/><V93/><F80/><W102/><G102/><T127/><D100/><U25/><E25/><V10/><F101/><W107/><G8/><T24/><D127/><N who="1" m="48651" /><E135/><V16/><F106/><W60/><G28/><T19/><D19/><U89/><E89/><V9/><F71/><W114/><G2/><T116/><D46/><U58/><E109/><V40/><F68/><W49/><G107/><T78/><D78/><U82/><E82/><V61/><F16/><W38/><G81/><T22/><D35/><U130/><AGARI ba="1,0" hai="48,50,51,56,57,58,62,64,69,128,130" m="48651" machi="130" ten="40,5200,0" yaku="18,1,34,2" doraHai="87" who="1" fromWho="1" sc="279,-14,181,55,300,-27,240,-14" /><INIT seed="3,0,0,1,0,4" ten="265,236,273,226" oya="3" hai0="32,132,37,38,115,15,96,13,12,9,135,66,62" hai1="114,125,65,102,50,49,117,17,39,36,72,83,112" hai2="130,59,28,128,45,123,22,60,26,100,107,25,127" hai3="46,76,75,99,35,10,104,94,33,74,79,92,129"/><W109/><G46/><T20/><D32/><U88/><E102/><V8/><F127/><W11/><G99/><T56/><D115/><U81/><E65/><V30/><F123/><W118/><G104/><T48/><D96/><U126/><E17/><V121/><F121/><W21/><G21/><T19/><D48/><N who="1" m="18539" /><E72/><V91/><F45/><W93/><G109/><T55/><D66/><U85/><E117/><V5/><F91/><W70/><G94/><T87/><D87/><U69/><E69/><V111/><F100/><W120/><G120/><T67/><D67/><U23/><E23/><V122/><F107/><W119/><G129/><N who="2" m="49769" /><F111/><W80/><G80/><N who="1" m="30794" /><E88/><V40/><F122/><W47/><G47/><T98/><D98/><U105/><E85/><V31/><F40/><W29/><G29/><T113/><D113/><N who="1" m="43627" /><E105/><V51/><F51/><W57/><G57/><T103/><D103/><U53/><E53/><N who="2" m="33903" /><F26/><W82/><G82/><T77/><D77/><U34/><E34/><V124/><F124/><AGARI ba="0,0" hai="36,39,124,125,126" m="43627,30794,18539" machi="124" ten="40,5200,0" yaku="28,2,18,1" doraHai="4" who="1" fromWho="2" sc="265,0,236,52,273,-52,226,0" /><INIT seed="4,0,0,0,5,107" ten="265,288,221,226" oya="0" hai0="70,45,55,53,133,106,17,51,94,121,69,6,78" hai1="82,29,135,13,47,134,59,41,34,25,52,105,54" hai2="40,68,91,108,130,127,128,42,20,24,123,15,4" hai3="118,124,37,0,8,115,62,28,97,66,95,131,88"/><T77/><D106/><U67/><E105/><V102/><F123/><W21/><G37/><T12/><D121/><U80/><E67/><V71/><F108/><W122/><G118/><T116/><D116/><U79/><E13/><V39/><F102/><W93/><G122/><T18/><D133/><N who="1" m="50699" /><E59/><V49/><F91/><W60/><G124/><T109/><D109/><U85/><E82/><V5/><F127/><W96/><G131/><N who="2" m="50217" /><F39/><AGARI ba="0,0" hai="25,29,34,39,41,47,52,54,79,80,85" m="50699" machi="39" ten="30,2000,0" yaku="20,1,54,1" doraHai="107" who="1" fromWho="2" sc="265,0,288,20,221,-20,226,0" owari="265,7.0,308,40.0,201,-30.0,226,-17.0" /></mjloggm>