<mjloggm ver="2.3"><GO type="97" lobby="0"/><UN n0="%E3%83%AA%E3%83%A9%E3%82%AF%E3%83%9E%E3%83%92%E3%83%88" n1="%E8%9B%87%E3%81%AB%E8%A6%8B%E3%81%88%E3%81%9F%E3%81%8B%EF%BC%9F" n2="%E3%81%93%E3%82%8D%E3%81%A3%E3%81%A1" n3="%E3%82%A6%E3%83%AB%E3%83%88%E3%83%A9%E7%AB%8B%E7%9B%B4" dan="14,15,14,15" rate="1888.04,2012.31,1943.75,2023.97" sx="M,F,F,M"/><TAIKYOKU oya="0"/><INIT seed="0,0,0,1,2,27" ten="250,250,250,250" oya="0" hai0="30,69,119,46,111,18,1,19,16,22,71,64,106" hai1="29,102,41,73,130,7,127,48,133,86,54,25,39" hai2="74,122,103,6,94,21,5,80,52,82,34,79,81" hai3="72,62,85,2,35,50,32,117,125,134,26,88,96"/><T108/><D119/><U36/><E73/><V128/><F128/><W120/><G72/><T77/><D106/><U132/><E130/><V135/><F135/><N who="1" m="51785" /><E7/><V87/><F122/><W15/><G2/><T12/><D1/><U91/><E41/><V65/><F34/><W93/><G134/><T116/><D116/><U59/><E102/><V61/><F52/><W76/><G117/><T47/><D77/><U129/><E129/><V55/><F55/><W0/><G0/><T60/><D69/><U89/><E127/><V97/><F74/><W115/><G125/><T121/><D121/><U110/><E110/><N who="0" m="42025" /><D30/><U31/><E25/><V20/><F20/><W10/><G120/><T53/><D47/><U37/><E91/><V9/><F21/><W68/><G115/><T113/><D113/><U11/><E11/><V112/><F112/><W131/><G131/><T107/><D107/><U114/><E114/><V70/><REACH who="2" step="1"/><F6/><REACH who="2" ten="250,250,240,250" step="2"/><W104/><G35/><T4/><D4/><U84/><E84/><V99/><F99/><W8/><G96/><T95/><D95/><AGARI ba="0,1" hai="29,31,36,37,39,48,54,59,86,89,95" m="51785" machi="95" ten="40,5200,0" yaku="20,1,52,2" doraHai="27" who="1" fromWho="0" sc="250,-52,250,62,240,0,250,0" /><INIT seed="1,0,0,1,0,35" ten="198,312,240,250" oya="1" hai0="108,90,109,24,21,106,95,20,116,22,27,87,46" hai1="112,59,36,70,82,52,105,119,4,54,113,85,51" hai2="71,23,8,29,13,94,89,10,80,128,123,7,56" hai3="75,6,2,30,129,50,92,81,72,57,121,99,111"/><U124/><E119/><V55/><F128/><W68/><G68/><T65/><D106/><U34/><E105/><V14/><F123/><W64/><G121/><T74/><D74/><U44/><E34/><V98/><F71/><W26/><G129/><T101/><D116/><U130/><E130/><V60/><F80/><W102/><G111/><T42/><D101/><U43/><E4/><V104/><F104/><W122/><G122/><T107/><D65/><U115/><E124/><V33/><F33/><W38/><G38/><T15/><D107/><U114/><E114/><V16/><F29/><W88/><G50/><T117/><D117/><U32/><E32/><V40/><F40/><W25/><G25/><T41/><D15/><U131/><E131/><V28/><F28/><W100/><G75/><T79/><D79/><U132/><E132/><V1/><REACH who="2" step="1"/><F10/><REACH who="2" ten="198,312,230,250" step="2"/><W67/><G81/><T78/><D78/><U96/><E70/><V69/><F69/><W63/><G72/><T127/><D127/><U17/><E82/><V93/><F93/><W77/><G77/><T134/><D134/><U19/><E113/><V125/><F125/><W62/><G30/><T53/><D42/><U76/><E115/><V103/><F103/><W133/><G133/><T110/><REACH who="0" step="1"/><D53/><REACH who="0" ten="188,312,230,250" step="2"/><U31/><E54/><V91/><F91/><W126/><G126/><T97/><D97/><U48/><E96/><V84/><F84/><W135/><G102/><T83/><D83/><U73/><E112/><V18/><F18/><W61/><G100/><T86/><D86/><U47/><E85/><V58/><F58/><RYUUKYOKU ba="0,2" sc="188,15,312,-15,230,15,250,-15" hai0="20,21,22,24,27,41,46,87,90,95,108,109,110" hai2="1,7,8,13,14,16,23,55,56,60,89,94,98" /><INIT seed="2,1,2,1,1,51" ten="203,297,245,235" oya="2" hai0="38,33,129,46,1,61,12,37,111,15,118,20,99" hai1="3,41,89,102,110,56,122,85,23,125,72,98,82" hai2="108,63,66,55,16,84,47,32,104,43,83,53,26" hai3="19,36,106,27,91,77,70,29,80,116,126,24,105"/><V115/><F115/><W71/><G36/><T107/><D33/><U13/><E3/><V40/><F108/><W113/><G116/><T8/><D1/><U7/><E110/><V112/><F112/><W6/><G113/><T101/><D111/><U4/><E72/><V68/><F104/><W134/><G6/><T5/><D118/><U117/><E117/><V135/><F135/><W87/><G134/><T59/><D46/><U114/><E114/><V45/><F45/><W0/><G0/><T30/><D129/><U81/><E41/><V11/><F32/><W131/><G105/><T133/><D133/><U76/><E125/><V28/><F28/><W10/><G106/><T96/><D96/><U75/><E56/><V128/><F128/><W14/><G131/><T124/><D124/><U121/><E23/><V95/><F95/><W2/><G2/><T103/><D103/><U97/><E97/><V60/><F60/><W25/><G126/><T48/><D48/><U88/><E89/><V120/><F120/><N who="1" m="46185" /><E13/><V94/><F94/><AGARI ba="1,2" hai="4,7,75,76,81,82,85,88,94,98,102" m="46185" machi="94" ten="30,2000,0" yaku="13,1,54,1" doraHai="51" who="1" fromWho="2" sc="203,0,297,43,245,-23,235,0" /><INIT seed="3,0,0,5,2,78" ten="203,340,222,235" oya="3" hai0="134,28,27,39,41,94,122,32,20,103,118,7,55" hai1="70,72,11,23,44,113,5,100,14,46,49,61,104" hai2="22,110,36,29,69,16,56,83,111,115,95,126,116" hai3="99,80,68,106,125,128,96,45,133,108,88,33,132"/><W17/><G68/><T53/><D118/><U24/><E72/><V37/><F115/><W102/><G33/><T54/><D122/><U77/><E77/><V18/><F126/><W10/><G45/><T63/><D7/><U0/><E0/><V79/><F116/><W127/><G17/><T57/><D134/><N who="3" m="51817" /><G10/><T43/><D39/><U42/><E46/><V90/><F69/><W98/><G128/><T59/><D32/><U131/><E131/><V107/><F107/><W81/><G108/><N who="2" m="41513" /><F29/><W15/><G15/><T123/><D123/><U30/><E113/><V40/><F56/><W75/><G75/><T121/><D121/><U93/><E104/><V97/><F40/><W84/><G80/><T38/><D38/><N who="2" m="14954" /><F22/><W117/><G117/><T58/><REACH who="0" step="1"/><D63/><REACH who="0" ten="193,340,222,235" step="2"/><U119/><E61/><V64/><F64/><W86/><G125/><T48/><D48/><U12/><E49/><V92/><F95/><N who="3" m="54679" /><G127/><T66/><D66/><U105/><E119/><V13/><F13/><W34/><G34/><T112/><D112/><U87/><E14/><V9/><F9/><W62/><G62/><T35/><D35/><U52/><E12/><V51/><F51/><W85/><G81/><T91/><D91/><U19/><E5/><V6/><F6/><W71/><G71/><T65/><D65/><U31/><E70/><V25/><F25/><W73/><G73/><AGARI ba="0,1" hai="16,18,73,79,83,90,92,97" m="14954,41513" machi="73" ten="30,3900,0" yaku="14,1,52,1,54,1" doraHai="78" who="2" fromWho="3" sc="193,0,340,0,222,49,235,-39" owari="193,-31.0,340,44.0,271,7.0,196,-20.0" /></mjloggm>