<mjloggm ver="2.3"><GO type="97" lobby="0"/><UN n0="%E3%83%AA%E3%83%92%E3%83%A3" n1="%E3%82%A6%E3%83%AB%E3%83%88%E3%83%A9%E7%AB%8B%E7%9B%B4" n2="%EF%BC%8A%E5%81%BD%E5%B0%86%E8%BB%8D%EF%BC%8A" n3="%E6%96%B0%E6%B2%A2%E9%9D%96%E8%87%A3" dan="14,15,15,15" rate="1950.04,2004.93,2001.54,2051.54" sx="M,M,M,M"/><TAIKYOKU oya="0"/><INIT seed="0,0,0,4,0,123" ten="250,250,250,250" oya="0" hai0="85,82,71,68,35,84,94,125,45,111,97,65,0" hai1="67,78,30,7,38,130,114,19,21,32,107,24,60" hai2="109,108,46,104,131,88,75,87,128,25,129,12,52" hai3="120,47,119,102,95,18,76,90,126,133,112,69,64"/><T31/><D0/><U135/><E38/><V34/><F104/><W56/><G112/><T10/><D125/><U105/><E114/><V26/><F75/><W14/><G119/><T86/><D45/><U92/><E130/><V121/><F121/><W99/><G120/><T91/><D10/><U28/><E28/><N who="2" m="19727" /><F26/><W72/><G133/><T22/><D35/><U58/><E135/><V4/><F4/><W29/><G126/><T15/><D71/><U23/><E7/><V122/><F12/><W33/><G14/><T132/><D132/><U73/><E32/><V44/><F122/><W110/><G18/><T116/><D116/><U48/><E48/><N who="2" m="28679" /><F46/><W81/><G47/><T124/><D124/><U54/><E105/><V101/><F101/><W115/><G115/><T9/><D65/><U2/><E107/><V20/><F20/><W93/><G56/><T40/><D68/><U36/><E23/><V113/><F113/><W61/><G29/><T1/><D40/><U66/><E30/><V53/><F53/><W118/><G118/><T106/><D106/><U55/><E55/><V79/><F79/><W49/><G49/><T27/><D1/><U8/><E36/><V89/><F89/><W127/><G33/><T3/><D82/><AGARI ba="0,0" hai="82,87,88,108,109,128,129,131" m="28679,19727" machi="82" ten="30,8000,1" yaku="19,1,52,2,54,2" doraHai="123" who="2" fromWho="0" sc="250,-80,250,0,250,80,250,0" /><INIT seed="1,0,0,0,4,103" ten="170,250,330,250" oya="1" hai0="49,34,115,24,6,11,46,73,40,65,116,92,124" hai1="55,106,98,22,95,42,50,134,8,66,60,54,100" hai2="23,63,104,30,64,38,89,28,19,27,75,94,76" hai3="86,25,58,123,112,32,118,48,29,26,70,10,114"/><U72/><E72/><V109/><F38/><W80/><G70/><T15/><D116/><U87/><E134/><V57/><F109/><W105/><G118/><T125/><D73/><U96/><E87/><V121/><F121/><W120/><G114/><T101/><D115/><U135/><E135/><V4/><F4/><W126/><G112/><T111/><D111/><U16/><E16/><V51/><F76/><W97/><G10/><T35/><D65/><U20/><E8/><V5/><F5/><W122/><G25/><T21/><D101/><U99/><E42/><V130/><F104/><W88/><G126/><T102/><D102/><U129/><E129/><V3/><F3/><W17/><G17/><T0/><D92/><U2/><E2/><V31/><F130/><W127/><G127/><N who="0" m="48715" /><D0/><U113/><E113/><V9/><F75/><W71/><G71/><T1/><D1/><U14/><E14/><V84/><F51/><W41/><G41/><T91/><D91/><U47/><E55/><V33/><REACH who="2" step="1"/><F9/><REACH who="2" ten="170,250,320,250" step="2"/><W18/><G48/><T128/><D128/><U12/><E106/><V67/><F67/><W74/><G74/><T36/><D36/><U53/><E66/><V68/><F68/><W117/><G117/><T37/><D37/><U107/><E107/><V85/><F85/><W39/><G39/><T78/><D78/><U13/><E99/><V44/><F44/><W132/><G132/><T61/><D61/><U45/><E98/><V52/><F52/><W110/><G110/><T81/><D81/><U56/><E45/><V59/><F59/><W43/><G105/><RYUUKYOKU ba="0,1" sc="170,10,250,10,320,10,250,-30" hai0="6,11,15,21,24,34,35,40,46,49" hai1="12,13,20,22,47,50,53,54,56,60,95,96,100" hai2="19,23,27,28,30,31,33,57,63,64,84,89,94" /><INIT seed="1,1,1,1,4,128" ten="180,260,330,220" oya="1" hai0="4,91,86,47,39,27,0,88,98,67,43,95,126" hai1="64,33,14,116,40,111,100,15,54,63,56,36,122" hai2="46,121,108,7,35,105,107,57,73,109,45,118,23" hai3="66,103,44,22,102,37,113,31,124,97,106,61,59"/><U2/><E2/><V6/><F73/><W5/><G113/><T80/><D126/><U28/><E122/><V12/><F35/><W68/><G124/><T83/><D67/><U74/><E74/><V49/><F121/><W76/><G76/><T79/><D27/><U16/><E116/><V114/><F114/><W10/><G103/><T62/><D62/><U13/><E111/><N who="2" m="42571" /><F118/><W132/><G59/><T18/><D18/><U60/><E100/><V41/><F57/><W81/><G81/><T48/><D39/><U21/><E28/><V96/><F45/><W135/><G22/><T24/><D24/><U101/><E101/><N who="2" m="62631" /><F107/><W133/><G31/><T85/><D0/><U3/><E3/><V125/><F125/><W87/><G87/><T17/><D17/><AGARI ba="1,1" hai="6,7,12,17,23,41,46,49" m="62631,42571" machi="17" ten="30,1000,0" yaku="14,1" doraHai="128" who="2" fromWho="0" sc="180,-13,260,0,330,23,220,0" /><INIT seed="2,0,0,1,5,111" ten="167,260,353,220" oya="2" hai0="7,60,108,101,131,10,64,16,25,125,66,24,85" hai1="94,134,120,112,53,21,135,41,80,119,20,93,77" hai2="110,109,11,63,78,69,19,91,106,43,50,6,129" hai3="15,84,4,90,27,88,8,55,127,76,13,68,32"/><V42/><F106/><W17/><G68/><T130/><D108/><N who="2" m="41578" /><F78/><W105/><G105/><T86/><D125/><U121/><E41/><N who="2" m="15371" /><F129/><N who="0" m="49162" /><D101/><U92/><E53/><V79/><F79/><W74/><G127/><T14/><D7/><U38/><E38/><V113/><F113/><W23/><G74/><T47/><D47/><U103/><E112/><V18/><F91/><N who="3" m="34859" /><G32/><T70/><D66/><U31/><E119/><V100/><F100/><W52/><G27/><AGARI ba="0,0" hai="10,14,16,24,25,27,60,64,70,85,86" m="49162" machi="27" ten="30,2000,0" yaku="19,1,54,1" doraHai="111" who="0" fromWho="3" sc="167,20,260,0,353,0,220,-20" /><INIT seed="3,0,0,1,4,128" ten="187,260,353,200" oya="3" hai0="56,5,68,42,125,49,135,85,59,48,69,83,116" hai1="111,122,33,39,87,44,79,10,104,13,1,100,74" hai2="105,132,77,25,57,45,9,107,129,52,19,97,99" hai3="23,75,66,4,98,89,84,40,12,54,108,112,51"/><W46/><G112/><T36/><D5/><N who="1" m="1327" /><E13/><V81/><F129/><W131/><G108/><T102/><D102/><U117/><E87/><V17/><F45/><W14/><G131/><T106/><D106/><U76/><E76/><V103/><F9/><N who="3" m="4135" /><G75/><T43/><D85/><U101/><E104/><V24/><F103/><W110/><G110/><T26/><D26/><U32/><E111/><V120/><F77/><W0/><G0/><T78/><D83/><N who="1" m="45559" /><E122/><V80/><F120/><W20/><G66/><T16/><D16/><U21/><E117/><V121/><F121/><W134/><G134/><T130/><D78/><U127/><E127/><V82/><F132/><W31/><G98/><T71/><D135/><U109/><E109/><V3/><F3/><W7/><G31/><T61/><D130/><U34/><E21/><N who="3" m="8266" /><G7/><T18/><D18/><U37/><E37/><V93/><F17/><W28/><G28/><T47/><D125/><U95/><E95/><V118/><F19/><W63/><G14/><T70/><D116/><U119/><E119/><V65/><F65/><W133/><G133/><T90/><D90/><U86/><E86/><V72/><F72/><W96/><G96/><T38/><D71/><U29/><E29/><V88/><F105/><W50/><G50/><N who="0" m="19563" /><D61/><U62/><E62/><N who="2" m="36135" /><F118/><W27/><G27/><T11/><D11/><U53/><E100/><V58/><F107/><W91/><G84/><T73/><D73/><U115/><E101/><V60/><F99/><W22/><G22/><T35/><D35/><U92/><E33/><V15/><F15/><W6/><G6/><RYUUKYOKU ba="0,0" sc="187,10,260,-30,353,10,200,10" hai0="36,38,42,43,47,56,59,68,69,70" hai2="24,25,58,60,80,81,82,88,93,97" hai3="40,46,51,54,63,89,91" /><INIT seed="3,1,0,2,1,106" ten="197,230,363,210" oya="3" hai0="82,23,72,94,87,18,131,19,134,127,12,79,110" hai1="39,68,104,130,17,93,102,80,61,27,47,69,85" hai2="9,89,8,35,100,71,84,60,54,86,3,66,28" hai3="30,95,123,32,2,53,29,45,74,76,119,25,57"/><W70/><G70/><T20/><D110/><U90/><E104/><V52/><F100/><W41/><G123/><T62/><D131/><U36/><E36/><V115/><F115/><W129/><G119/><T133/><D127/><U114/><E114/><V96/><F96/><W49/><G129/><T81/><D62/><U4/><E4/><V101/><F101/><W109/><G2/><T58/><D58/><U55/><E39/><V132/><F132/><N who="0" m="50794" /><D94/><U50/><E130/><V107/><F107/><W98/><G109/><T117/><D117/><U6/><E61/><V75/><F75/><W26/><G74/><T77/><D18/><U108/><E6/><V59/><F35/><W46/><G76/><T42/><D42/><U122/><E108/><V116/><F9/><AGARI ba="1,0" hai="9,12,19,20,23,72,77,79,81,82,87" m="50794" machi="9" ten="30,2000,0" yaku="20,1,52,1" doraHai="106" who="0" fromWho="2" sc="197,23,230,0,363,-23,210,0" owari="220,-18.0,230,3.0,340,44.0,210,-29.0" /></mjloggm>