<mjloggm ver="2.3"><GO type="97" lobby="0"/><UN n0="%61%69%6E%61%6D%61" n1="%62%61%6B%61%62%6F%6E%31" n2="%E3%82%A6%E3%83%AB%E3%83%88%E3%83%A9%E7%AB%8B%E7%9B%B4" n3="%40%E7%B4%94%E3%81%A1%E3%82%83%E3%82%93" dan="14,14,15,14" rate="1941.82,1904.61,2003.06,1936.85" sx="F,M,M,M"/><TAIKYOKU oya="0"/><INIT seed="0,0,0,5,5,127" ten="250,250,250,250" oya="0" hai0="123,27,82,103,116,7,5,88,109,62,110,8,104" hai1="80,36,51,128,44,50,95,30,15,97,84,6,71" hai2="59,130,21,91,112,13,125,66,23,126,43,77,47" hai3="34,14,121,135,73,122,42,90,26,38,99,70,86"/><T55/><D116/><U60/><E71/><V1/><F1/><W29/><G70/><T18/><D123/><N who="3" m="47113" /><G135/><T105/><D103/><N who="1" m="60863" /><E128/><V64/><F77/><W12/><G73/><T45/><D5/><U115/><E36/><V120/><F91/><W74/><G74/><T119/><D119/><U67/><E30/><V131/><F120/><W76/><G76/><T111/><D27/><U56/><E115/><V102/><F102/><W61/><G61/><T124/><D124/><N who="2" m="47722" /><F112/><W49/><G99/><T93/><D18/><U134/><E134/><V9/><F23/><W33/><G33/><T129/><D82/><U0/><E0/><V37/><F21/><W35/><G35/><T133/><D129/><N who="2" m="49162" /><F59/><W100/><G100/><T19/><D133/><U87/><E51/><V48/><F37/><W20/><G38/><T25/><D19/><AGARI ba="0,0" hai="9,13,19,43,47,48,64,66" m="49162,47722" machi="19" ten="30,8000,1" yaku="18,1,19,1,52,3" doraHai="127" who="2" fromWho="0" sc="250,-80,250,0,250,80,250,0" /><INIT seed="1,0,0,0,2,3" ten="170,250,330,250" oya="1" hai0="0,12,63,66,126,18,14,114,35,100,36,62,33" hai1="80,55,133,86,125,24,69,124,48,47,41,70,1" hai2="32,87,58,11,65,96,13,53,9,107,93,19,30" hai3="128,123,91,99,76,31,38,2,120,52,79,111,88"/><U81/><E1/><V97/><F65/><W8/><G38/><T117/><D114/><U51/><E24/><V27/><F107/><W134/><G123/><T78/><D117/><U85/><E133/><V29/><F29/><W45/><G120/><T23/><D0/><U54/><E47/><V90/><F11/><W25/><G2/><T43/><D126/><U6/><E6/><V59/><F59/><W82/><G8/><T132/><D132/><U89/><E41/><V67/><F67/><W104/><G134/><T26/><D100/><U131/><E89/><V7/><REACH who="2" step="1"/><F19/><REACH who="2" ten="170,250,320,250" step="2"/><W98/><G104/><T112/><D112/><U37/><REACH who="1" step="1"/><E37/><REACH who="1" ten="170,240,320,250" step="2"/><V60/><AGARI ba="0,2" hai="7,9,13,27,30,32,53,58,60,87,90,93,96,97" machi="60" ten="20,8000,1" yaku="1,1,2,1,0,1,7,1,52,1,53,0" doraHai="3" doraHaiUra="113" who="2" fromWho="2" sc="170,-20,240,-40,320,100,250,-20" /><INIT seed="2,0,0,5,4,6" ten="150,200,420,230" oya="2" hai0="88,61,115,95,90,106,18,21,59,64,28,2,27" hai1="96,80,83,29,129,127,68,38,128,114,109,20,5" hai2="14,11,36,23,123,78,1,131,47,126,103,110,4" hai3="77,22,104,32,9,56,3,39,101,112,69,125,51"/><V116/><F123/><W67/><G39/><T58/><D115/><U132/><E68/><V111/><F116/><W0/><G112/><T26/><D106/><U35/><E38/><V82/><F103/><W66/><G32/><T52/><D2/><U50/><E35/><V62/><F62/><W93/><G104/><T55/><D64/><U118/><E114/><V71/><F71/><W75/><G69/><T15/><D27/><U25/><E118/><V10/><F23/><W43/><G3/><T42/><D42/><U98/><E109/><N who="2" m="41483" /><F126/><W84/><G75/><T30/><D95/><U24/><E127/><V97/><F97/><N who="3" m="59567" /><G0/><T121/><D121/><U49/><E132/><V133/><F133/><W105/><G105/><T16/><D18/><U85/><E5/><N who="2" m="3407" /><F131/><W94/><G9/><N who="0" m="6255" /><D30/><U41/><E29/><V44/><F36/><W81/><G22/><T91/><D91/><U124/><E41/><V92/><F92/><W37/><G125/><T99/><D99/><U19/><E124/><V65/><F65/><N who="3" m="24587" /><G94/><T7/><D7/><U70/><E70/><V57/><F57/><W113/><G113/><T87/><D87/><AGARI ba="0,0" hai="1,4,11,44,47,78,82,87" m="3407,41483" machi="87" ten="30,11600,0" yaku="14,1,10,1,52,2" doraHai="6" who="2" fromWho="0" sc="150,-116,200,0,420,116,230,0" /><INIT seed="2,1,0,0,3,36" ten="34,200,536,230" oya="2" hai0="7,73,106,102,100,42,87,107,1,31,116,113,43" hai1="97,58,98,127,37,30,129,54,44,21,28,11,60" hai2="105,99,35,24,84,47,117,93,48,91,108,34,104" hai3="112,32,23,85,62,68,61,80,59,135,29,118,45"/><V55/><F117/><W5/><G32/><T9/><D113/><U111/><E129/><V114/><F114/><W3/><G118/><T8/><D116/><U69/><E127/><V10/><F108/><W22/><G68/><T122/><D122/><U120/><E111/><V64/><F64/><W20/><G3/><T40/><D73/><U19/><E120/><V49/><F24/><W4/><G112/><T51/><D51/><N who="1" m="29031" /><E69/><V96/><F35/><W12/><G29/><N who="1" m="11370" /><E37/><V78/><F34/><W94/><G5/><T41/><N who="0" m="10752" /><DORA hai="56" /><T66/><D31/><U27/><E11/><V121/><F49/><W77/><G4/><T15/><D66/><AGARI ba="1,0" hai="19,21,27,58,60,66,97,98" m="11370,29031" machi="66" ten="30,2000,0" yaku="8,1,52,1" doraHai="36,56" who="1" fromWho="0" sc="34,-23,200,23,536,0,230,0" /><INIT seed="3,0,0,2,1,79" ten="11,223,536,230" oya="3" hai0="76,57,7,125,105,63,10,116,21,41,29,26,3" hai1="20,56,129,122,31,32,87,104,77,71,118,42,60" hai2="91,13,93,131,109,65,94,46,73,30,120,52,121" hai3="22,18,48,89,75,59,34,119,113,44,82,85,112"/><W96/><G119/><T33/><D105/><U23/><E71/><V115/><F65/><W68/><G68/><T135/><D41/><U27/><E104/><V28/><F73/><W101/><G34/><T111/><D57/><U81/><E118/><V43/><F94/><W36/><G36/><T66/><D63/><U80/><E122/><V38/><F115/><W6/><G6/><T0/><D66/><U19/><E129/><V53/><F13/><W74/><G59/><T69/><D69/><U15/><E42/><V97/><F131/><W106/><G75/><T67/><D67/><N who="1" m="39303" /><E32/><V98/><F98/><W37/><G37/><T90/><D90/><U62/><E62/><V50/><F109/><W134/><G74/><T132/><D76/><U130/><E130/><V117/><F117/><W72/><G72/><T133/><D116/><U24/><E81/><V14/><F14/><AGARI ba="0,0" hai="14,15,19,20,23,24,27,31,77,80,87" m="39303" machi="14" ten="30,2000,0" yaku="8,1,52,1" doraHai="79" who="1" fromWho="2" sc="11,0,223,20,536,-20,230,0" owari="11,-49.0,243,4.0,516,62.0,230,-17.0" /></mjloggm>