<mjloggm ver="2.3"><GO type="97" lobby="0"/><UN n0="%43%48%41%53%45%52%2C%39" n1="%E3%81%8D%E3%82%80%E3%81%AB%E3%83%BC%32%30%30%39" n2="%E3%82%A6%E3%83%AB%E3%83%88%E3%83%A9%E7%AB%8B%E7%9B%B4" n3="%E7%89%9B%E4%B9%B3%E4%B8%80%E6%B0%97%E9%A3%B2%E3%81%BF" dan="15,14,15,14" rate="1978.52,1946.28,2034.90,1909.83" sx="M,M,M,M"/><TAIKYOKU oya="0"/><INIT seed="0,0,0,5,0,39" ten="250,250,250,250" oya="0" hai0="13,71,48,127,112,96,103,129,67,64,10,29,62" hai1="128,46,59,89,33,24,23,66,25,42,43,34,100" hai2="109,18,126,56,97,85,58,28,17,81,14,40,80" hai3="130,20,63,61,11,72,3,118,120,36,134,77,115"/><T87/><D112/><U113/><E113/><V50/><F109/><W9/><G115/><T131/><D127/><U65/><E128/><V70/><F70/><W75/><G130/><T135/><D135/><U47/><E100/><V88/><F28/><W31/><G134/><T35/><D67/><U90/><E23/><V44/><F126/><W15/><G36/><T7/><D48/><U12/><E12/><V55/><F97/><W123/><G3/><T94/><REACH who="0" step="1"/><D87/><REACH who="0" ten="240,250,250,250" step="2"/><U114/><E114/><V49/><F81/><W105/><G118/><T107/><D107/><U1/><E1/><V6/><F56/><AGARI ba="0,1" hai="24,25,33,34,42,43,46,47,56,59,65,66,89,90" machi="56" ten="25,6400,0" yaku="22,2,52,2" doraHai="39" who="1" fromWho="2" sc="240,0,250,74,250,-64,250,0" /><INIT seed="1,0,0,1,5,26" ten="240,324,186,250" oya="1" hai0="5,52,133,82,135,8,132,99,101,134,56,96,69" hai1="115,11,92,4,16,112,62,106,57,49,25,125,85" hai2="1,55,100,84,97,14,81,28,70,18,35,61,34" hai3="33,59,36,120,13,122,53,23,76,74,123,109,113"/><U126/><E106/><V37/><F37/><W15/><G36/><T91/><D69/><U89/><E49/><V63/><F1/><W71/><G71/><T119/><D119/><U31/><E4/><V42/><F42/><W130/><G33/><T50/><N who="0" m="34304" /><DORA hai="46" /><T94/><D82/><U88/><E89/><V65/><F61/><W95/><G113/><T128/><D128/><U108/><E108/><V105/><F55/><W6/><G130/><T45/><D45/><U127/><E11/><V7/><F7/><W29/><G109/><T121/><D121/><U22/><E31/><V87/><F87/><W72/><G95/><T41/><D41/><U40/><E40/><V0/><F0/><W110/><G110/><T19/><D19/><U68/><E68/><V27/><F35/><W80/><G74/><T32/><D32/><U124/><N who="1" m="32256" /><DORA hai="131" /><U20/><E20/><V83/><REACH who="2" step="1"/><F84/><REACH who="2" ten="240,324,176,250" step="2"/><W93/><G6/><T47/><D47/><U24/><E24/><V107/><F107/><W78/><G123/><T77/><D77/><U58/><E57/><V117/><F117/><W111/><G111/><T48/><D5/><U90/><E90/><V102/><F102/><W51/><G78/><T38/><D38/><U86/><E86/><V114/><F114/><W66/><G122/><T104/><D8/><AGARI ba="0,1" hai="8,14,18,27,28,34,63,65,70,81,83,97,100,105" machi="8" ten="30,12000,2" yaku="1,1,7,1,25,2,52,1,53,2" doraHai="26,46,131" doraHaiUra="9,67,3" who="2" fromWho="0" sc="240,-120,324,0,176,130,250,0" /><INIT seed="2,0,0,3,1,123" ten="120,324,306,250" oya="2" hai0="66,31,135,20,46,29,117,57,127,13,11,22,25" hai1="7,61,19,125,132,82,112,72,65,14,98,15,81" hai2="38,103,113,108,71,10,49,5,26,129,17,115,134" hai3="12,77,101,27,76,78,80,130,83,48,42,104,18"/><V55/><F71/><W114/><G114/><T85/><D117/><U70/><E112/><V88/><F38/><W68/><G68/><T47/><D135/><U43/><E132/><V92/><F134/><W93/><G27/><T64/><D127/><U89/><E125/><V73/><F73/><W40/><G104/><T122/><D122/><U32/><E32/><V128/><F103/><W102/><G48/><T62/><D85/><U16/><E43/><V131/><F17/><W120/><G120/><T116/><D116/><U30/><E30/><V24/><F26/><W96/><G102/><T110/><D110/><U28/><E28/><V9/><F24/><W100/><G100/><T67/><D31/><U8/><E72/><V86/><F108/><W63/><G63/><T53/><REACH who="0" step="1"/><D22/><REACH who="0" ten="110,324,306,250" step="2"/><U41/><E98/><V59/><F115/><W90/><G130/><T1/><D1/><U35/><E35/><V84/><F113/><W34/><G34/><T106/><D106/><U119/><E119/><V94/><F86/><N who="3" m="50503" /><G83/><T99/><D99/><U6/><E82/><N who="2" m="49175" /><F10/><AGARI ba="0,1" hai="10,12,18,40,42,76,77,78,93,96,101" m="50503" machi="10" ten="30,1000,0" yaku="8,1" doraHai="123" who="3" fromWho="2" sc="110,0,324,0,306,-10,250,20" /><INIT seed="3,0,0,4,3,117" ten="110,324,296,270" oya="3" hai0="133,68,126,102,90,78,75,64,124,107,112,85,41" hai1="113,74,58,46,18,130,104,79,2,106,29,128,82" hai2="20,53,116,101,67,12,120,13,49,69,51,66,57" hai3="111,132,6,23,98,76,62,88,35,65,50,123,99"/><W127/><G35/><T83/><D68/><U31/><E113/><V81/><F116/><W39/><G39/><T125/><D64/><N who="2" m="24618" /><F69/><W109/><G76/><T54/><D41/><U25/><E2/><V43/><F101/><W9/><G132/><T55/><D54/><U77/><E46/><N who="2" m="25823" /><F120/><W114/><G114/><T61/><D55/><U0/><E0/><V8/><F81/><W71/><G127/><T37/><D61/><U38/><E38/><V33/><F33/><W42/><G23/><T27/><D37/><U56/><E18/><V103/><F103/><W96/><G123/><T86/><D27/><U4/><E4/><V129/><F129/><N who="1" m="49769" /><E79/><V118/><F118/><W21/><G21/><T87/><D112/><U131/><N who="1" m="49777" /><U10/><DORA hai="91" /><E10/><V11/><F20/><W73/><G73/><T16/><D16/><U15/><E15/><AGARI ba="0,0" hai="8,11,12,13,15,51,53,57" m="25823,24618" machi="15" ten="30,1000,0" yaku="8,1" doraHai="117,91" who="2" fromWho="1" sc="110,0,324,-10,296,10,270,0" owari="110,-39.0,314,41.0,306,11.0,270,-13.0" /></mjloggm>