<mjloggm ver="2.3"><GO type="97" lobby="0"/><UN n0="%E3%81%B6%E3%81%A9%E3%83%BC%E3%81%A1%E3%82%83%E3%82%93" n1="%E5%AF%BE%E5%AD%90%E7%8E%8B%E5%A5%B3" n2="%E3%82%A6%E3%83%AB%E3%83%88%E3%83%A9%E7%AB%8B%E7%9B%B4" n3="%E3%83%A1%E3%83%AA%E3%83%BC%EF%BC%AB" dan="14,13,15,13" rate="1907.01,1979.16,2063.35,1845.70" sx="F,F,M,F"/><TAIKYOKU oya="0"/><INIT seed="0,0,0,3,4,0" ten="250,250,250,250" oya="0" hai0="107,48,115,47,118,6,40,121,23,43,59,17,122" hai1="130,50,62,89,49,75,127,132,51,65,103,106,27" hai2="135,24,84,32,63,97,30,4,108,16,26,131,95" hai3="102,55,7,123,14,92,82,61,80,104,76,99,56"/><T125/><D118/><U113/><E75/><V13/><F108/><W19/><G123/><T128/><D115/><U120/><E120/><V93/><F131/><W77/><G104/><T129/><D107/><U116/><E116/><V66/><F135/><W74/><G7/><T72/><D125/><U60/><E132/><V2/><F84/><W44/><G44/><T71/><D71/><U57/><E130/><N who="0" m="50281" /><D72/><U11/><E127/><V46/><F46/><W81/><REACH who="3" step="1"/><G74/><REACH who="3" ten="250,250,250,240" step="2"/><T22/><D6/><U20/><E113/><V88/><F4/><W78/><G78/><T100/><D47/><U133/><E133/><V8/><F2/><W33/><G33/><T3/><D3/><U126/><E126/><V31/><F32/><W12/><G12/><T67/><D122/><U25/><E106/><V73/><F73/><W15/><G15/><T28/><D121/><U52/><E27/><V5/><F26/><W38/><G38/><T39/><D39/><U105/><E105/><V18/><F24/><W70/><G70/><T9/><D43/><U134/><E134/><V10/><F5/><W34/><G34/><T54/><D40/><U112/><E112/><V94/><F13/><W98/><G98/><T90/><D22/><AGARI ba="0,1" hai="14,19,22,55,56,61,76,77,80,81,82,92,99,102" machi="22" ten="40,2600,0" yaku="1,1,8,1,53,0" doraHai="0" doraHaiUra="1" who="3" fromWho="0" sc="250,-26,250,0,250,0,240,36" /><INIT seed="1,0,0,2,0,24" ten="224,250,250,276" oya="1" hai0="29,118,81,121,129,32,58,84,63,17,45,50,135" hai1="52,27,123,41,51,89,82,44,43,30,39,61,75" hai2="42,72,8,128,0,28,60,2,101,110,67,94,133" hai3="122,117,103,55,23,13,26,107,48,100,73,96,112"/><U34/><E123/><V78/><F110/><W71/><G112/><T80/><D118/><U22/><E41/><V77/><F128/><W131/><G122/><T37/><D121/><U119/><E119/><V92/><F133/><W7/><G117/><T134/><D37/><U31/><E34/><V1/><F42/><W87/><G71/><T4/><D129/><U109/><E61/><V111/><F8/><W16/><G131/><T97/><D4/><U86/><E75/><V76/><F111/><W91/><G73/><T113/><D113/><U35/><E109/><V25/><F101/><W19/><G7/><T11/><D97/><U125/><E35/><V85/><F85/><W64/><G64/><T98/><D98/><U120/><E120/><V10/><F10/><N who="3" m="6199" /><G96/><T99/><D99/><U69/><E69/><V105/><F105/><W88/><G107/><T102/><D102/><N who="3" m="38953" /><G87/><T53/><D84/><U6/><E6/><V79/><N who="2" m="19456" /><DORA hai="68" /><V130/><F72/><W132/><G132/><T40/><D135/><U74/><E74/><V5/><F5/><W115/><G115/><T21/><D134/><U12/><E12/><V124/><F130/><W9/><G9/><T108/><D11/><U93/><E125/><V15/><F15/><W56/><AGARI ba="0,0" hai="19,23,26,48,55,56,88,91" m="38953,6199" machi="56" ten="30,4000,0" yaku="8,1,54,2" doraHai="24,68" who="3" fromWho="3" sc="224,-10,250,-20,250,-10,276,40" /><INIT seed="2,0,0,5,5,49" ten="214,230,240,316" oya="2" hai0="75,92,123,20,70,88,132,78,96,62,10,64,124" hai1="126,24,101,79,47,90,128,83,36,6,15,121,97" hai2="81,59,82,86,87,107,8,45,71,46,111,32,133" hai3="130,57,68,72,29,1,93,104,105,106,22,110,19"/><V43/><F107/><W30/><G130/><T80/><D123/><U26/><E128/><V100/><F71/><W28/><G110/><T13/><D132/><U120/><E126/><V131/><F32/><W42/><G72/><T7/><D124/><U39/><E90/><V9/><F131/><W112/><G1/><T17/><REACH who="0" step="1"/><D7/><REACH who="0" ten="204,230,240,316" step="2"/><U113/><E6/><V5/><F5/><W61/><G112/><T89/><D89/><U4/><E4/><V77/><F133/><W33/><G33/><T41/><D41/><U56/><E121/><V109/><F100/><W58/><G42/><T119/><D119/><U27/><E101/><V99/><F43/><W98/><G68/><T25/><D25/><U69/><E26/><V16/><F77/><W103/><REACH who="3" step="1"/><G61/><REACH who="3" ten="204,230,240,306" step="2"/><T54/><D54/><U67/><E69/><V37/><F111/><W2/><G2/><T60/><D60/><U117/><E113/><V91/><F109/><W84/><G84/><T51/><D51/><U115/><E115/><V95/><F87/><W122/><G122/><T66/><D66/><U53/><E67/><V116/><F86/><W21/><G21/><AGARI ba="0,2" hai="10,13,17,20,21,62,64,70,75,78,80,88,92,96" machi="21" ten="40,2600,0" yaku="1,1,54,1,53,0" doraHai="49" doraHaiUra="34" who="0" fromWho="3" sc="204,46,230,0,240,0,306,-26" /><INIT seed="3,0,0,4,2,91" ten="250,230,240,280" oya="3" hai0="9,133,90,7,125,15,17,1,113,2,69,86,19" hai1="106,115,35,6,89,44,55,49,98,107,52,99,61" hai2="95,58,16,93,12,126,116,42,101,59,70,34,32" hai3="121,14,77,72,22,124,57,29,96,110,80,54,63"/><W102/><G121/><T67/><D67/><U119/><E115/><V3/><F3/><N who="0" m="1034" /><D69/><U123/><E123/><V27/><F70/><W71/><G71/><T94/><D113/><U76/><E35/><V132/><F116/><W46/><G124/><T50/><D50/><N who="1" m="28743" /><E107/><V83/><F34/><W64/><G110/><T43/><D43/><U74/><E106/><V37/><F37/><W56/><G46/><T79/><D79/><U128/><E74/><V28/><F42/><W120/><G120/><T26/><D26/><U135/><E119/><V38/><F38/><W97/><G102/><T10/><D125/><U109/><E109/><V112/><F126/><W84/><G72/><T111/><D111/><U48/><E76/><V65/><F112/><W82/><G82/><T105/><D105/><U51/><E6/><V11/><F101/><W127/><G127/><T18/><D133/><U60/><E135/><V88/><F132/><W78/><G78/><T33/><D33/><U45/><E128/><V129/><F129/><W47/><G47/><T87/><D87/><U118/><E118/><V73/><F32/><W4/><G4/><T104/><D104/><U23/><E23/><N who="2" m="15487" /><F73/><W41/><G41/><T85/><D85/><U114/><E114/><V36/><F36/><W40/><G40/><T31/><D31/><U20/><E20/><V100/><F100/><W39/><G39/><T24/><D24/><U130/><E130/><V8/><F8/><W103/><G103/><T117/><D117/><U75/><E75/><V134/><F134/><W25/><G14/><T108/><D108/><RYUUKYOKU ba="0,0" sc="250,15,230,-15,240,-15,280,15" hai0="7,9,10,15,17,18,19,86,90,94" hai3="22,25,29,54,56,57,63,64,77,80,84,96,97" /><INIT seed="3,1,0,4,1,117" ten="265,215,225,295" oya="3" hai0="114,57,1,80,19,84,79,127,92,46,23,2,105" hai1="10,31,61,20,91,48,51,101,108,71,119,133,49" hai2="7,16,121,85,34,27,75,69,78,50,44,47,134" hai3="8,52,30,13,25,12,41,38,120,42,106,58,81"/><W22/><G120/><T72/><D105/><U104/><E104/><V126/><F69/><W54/><G106/><T107/><D107/><U135/><E119/><V29/><F75/><W87/><G38/><T83/><D127/><U5/><E108/><V74/><F74/><W118/><G118/><T93/><D114/><U35/><E35/><V116/><F116/><W33/><G33/><T132/><D132/><N who="1" m="50763" /><E101/><V89/><F78/><N who="3" m="46519" /><G54/><T90/><D46/><U63/><E71/><V18/><F126/><W112/><G112/><T0/><REACH who="0" step="1"/><D57/><REACH who="0" ten="255,215,225,295" step="2"/><U86/><E31/><V123/><F134/><W14/><G8/><T45/><D45/><U88/><E20/><V110/><F47/><W6/><G6/><T36/><D36/><U37/><E37/><V64/><F7/><W98/><G98/><T111/><D111/><U100/><E100/><V43/><F110/><W56/><G56/><T65/><D65/><U4/><E4/><V39/><F64/><W17/><G17/><T21/><D21/><U76/><E76/><V95/><F39/><W77/><G77/><T62/><D62/><AGARI ba="1,1" hai="12,13,14,22,25,30,41,42,52,58,62" m="46519" machi="62" ten="30,2900,0" yaku="8,1,54,1" doraHai="117" who="3" fromWho="0" sc="255,-32,215,0,225,0,295,42" owari="223,-18.0,215,-28.0,225,3.0,337,43.0" /></mjloggm>