<mjloggm ver="2.3"><GO type="97" lobby="0"/><UN n0="%6E%61%6F%6B%69%39%31" n1="%6B%61%6E%61%6D%65" n2="%E3%83%AD%E3%83%90%E3%83%B3%E3%82%BD%E3%83%B3%32" n3="%E3%82%A6%E3%83%AB%E3%83%88%E3%83%A9%E7%AB%8B%E7%9B%B4" dan="14,13,14,15" rate="1843.64,1800.16,1940.45,2015.05" sx="M,M,M,M"/><TAIKYOKU oya="0"/><INIT seed="0,0,0,2,3,66" ten="250,250,250,250" oya="0" hai0="9,124,58,47,10,61,54,93,40,71,62,122,69" hai1="109,103,21,6,121,65,130,43,13,50,3,72,67" hai2="0,108,128,35,30,91,88,86,49,11,135,118,81" hai3="131,19,68,48,87,95,123,15,98,51,70,125,14"/><T85/><D122/><U113/><E121/><V129/><F118/><W104/><G123/><T80/><D124/><U53/><E72/><V127/><F108/><W92/><G104/><T23/><D93/><U107/><E109/><V84/><F127/><W94/><G125/><T16/><D61/><U73/><E3/><V75/><F75/><W55/><G98/><T63/><D63/><U22/><E73/><V77/><F135/><W33/><G33/><T8/><D85/><U110/><E110/><V32/><F77/><W76/><G131/><N who="2" m="50249" /><F30/><W56/><G51/><T39/><REACH who="0" step="1"/><D80/><REACH who="0" ten="240,250,250,250" step="2"/><U45/><E130/><V117/><F117/><W37/><G87/><T112/><D112/><U17/><E113/><V64/><F64/><W41/><G94/><T25/><AGARI ba="0,1" hai="8,9,10,16,23,25,39,40,47,54,58,62,69,71" machi="25" ten="30,12000,1" yaku="1,1,0,1,52,2,54,1,53,0" doraHai="66" doraHaiUra="106" who="0" fromWho="0" sc="240,130,250,-40,250,-40,250,-40" /><INIT seed="0,1,0,0,4,18" ten="370,210,210,210" oya="0" hai0="133,61,76,100,82,132,84,65,109,115,45,88,69" hai1="44,35,16,130,63,34,11,39,7,118,29,54,48" hai2="116,17,50,127,20,40,117,107,0,53,103,85,5" hai3="98,112,128,110,46,51,37,12,73,64,102,80,124"/><T119/><D119/><N who="2" m="45642" /><F40/><W60/><G37/><T6/><D115/><U93/><E118/><V49/><F127/><W33/><G33/><T15/><D109/><U56/><E130/><V68/><F68/><W43/><G112/><T27/><D100/><U121/><E121/><V111/><F111/><W8/><G110/><T96/><D96/><U70/><E93/><V92/><F107/><W134/><G134/><N who="0" m="51819" /><D45/><U114/><E114/><V108/><F108/><W101/><G124/><T104/><D104/><U28/><E28/><V2/><F5/><W42/><G128/><T21/><D6/><U22/><E29/><V52/><F50/><W126/><G126/><T113/><D15/><U99/><E99/><N who="2" m="59879" /><F85/><W19/><G43/><T87/><D113/><U38/><E38/><V3/><F49/><W105/><G105/><T59/><D69/><U125/><E125/><V1/><N who="2" m="0" /><DORA hai="26" /><V129/><F129/><W47/><G98/><T25/><D25/><AGARI ba="1,0" hai="17,20,25,52,53" m="0,59879,45642" machi="25" ten="60,7700,0" yaku="12,1,52,1,54,1" doraHai="18,26" who="2" fromWho="0" sc="370,-80,210,0,210,80,210,0" /><INIT seed="1,0,0,0,0,63" ten="290,210,290,210" oya="1" hai0="27,122,37,22,109,50,46,125,92,99,28,117,42" hai1="47,104,110,66,80,71,20,98,32,89,130,70,72" hai2="111,38,79,94,123,118,1,15,61,55,44,83,93" hai3="75,95,56,8,48,86,77,82,88,69,101,134,53"/><U64/><E130/><V36/><F1/><W9/><G69/><T103/><D117/><U41/><E32/><V76/><F118/><W115/><G115/><T67/><D109/><U25/><E110/><V106/><F106/><W18/><G134/><T40/><D125/><U57/><BYE who="0" /><E71/><V12/><F123/><W33/><G33/><T73/><D73/><U31/><E70/><V105/><F105/><W127/><G127/><T133/><D133/><U131/><E131/><V0/><F0/><W39/><G39/><T14/><D14/><U68/><E68/><UN n0="%6E%61%6F%6B%69%39%31" /><V78/><F111/><W3/><G3/><T34/><D122/><U85/><E57/><V97/><F83/><W65/><G65/><T91/><D67/><U21/><E21/><V60/><F55/><W112/><G112/><T129/><D129/><U74/><E74/><V120/><F120/><W29/><G29/><T11/><D11/><U13/><E13/><N who="2" m="5195" /><F44/><W108/><G108/><T30/><D30/><U10/><E10/><V6/><F6/><W5/><G5/><T119/><D119/><U19/><E19/><V126/><F97/><W59/><G18/><T135/><D135/><U17/><E17/><V128/><F128/><W16/><G16/><T49/><D42/><U113/><E113/><V107/><F107/><W124/><G124/><T90/><D34/><U100/><E72/><V2/><F2/><W7/><G7/><T81/><D103/><U87/><REACH who="1" step="1"/><E87/><REACH who="1" ten="290,200,290,210" step="2"/><V4/><F126/><W132/><G132/><T52/><D52/><U54/><E54/><V43/><F4/><W23/><G53/><RYUUKYOKU ba="0,1" sc="290,15,200,15,290,-15,210,-15" hai0="22,27,28,37,40,46,49,50,81,90,91,92,99" hai1="20,25,31,41,47,64,66,80,85,89,98,100,104" /><INIT seed="1,1,1,3,2,130" ten="305,215,275,195" oya="1" hai0="116,2,103,95,47,12,8,13,121,37,9,11,77" hai1="131,53,79,84,85,109,64,57,94,81,7,30,15" hai2="86,60,74,99,0,21,24,39,120,29,73,14,41" hai3="111,69,44,23,114,25,93,3,115,45,36,132,5"/><U49/><E131/><V65/><F0/><W133/><G69/><T48/><D2/><U38/><E38/><V22/><F120/><W105/><G105/><T100/><D116/><U63/><E30/><V72/><F99/><W127/><G5/><T101/><D37/><U28/><E28/><V112/><F112/><N who="3" m="43051" /><G3/><T4/><D121/><U46/><E109/><V26/><F14/><W16/><G36/><T91/><D77/><U107/><E107/><V98/><F98/><W75/><G75/><T17/><D11/><N who="1" m="4607" /><E85/><V90/><F41/><W66/><G66/><T92/><D91/><U113/><E113/><V32/><F26/><W18/><G93/><AGARI ba="1,1" hai="46,49,53,57,63,64,79,81,84,93,94" m="4607" machi="93" ten="30,1500,0" yaku="8,1" doraHai="130" who="1" fromWho="3" sc="305,0,215,28,275,0,195,-18" /><INIT seed="1,2,0,3,2,52" ten="305,243,275,177" oya="1" hai0="67,74,78,39,132,70,106,29,56,44,21,124,7" hai1="54,79,72,135,20,10,53,45,100,33,131,99,82" hai2="83,118,49,81,92,95,127,25,41,120,134,15,30" hai3="3,107,35,117,88,47,23,38,50,129,12,9,18"/><U61/><E33/><V110/><F120/><W17/><G107/><T75/><D124/><U91/><E135/><V102/><F118/><W109/><G38/><T76/><D132/><U80/><E131/><V108/><F127/><W121/><G35/><T28/><D7/><U32/><E32/><V36/><F36/><W37/><G121/><T4/><D4/><U14/><E80/><V43/><F15/><W42/><G117/><T31/><D21/><U86/><E45/><V101/><F25/><W85/><G129/><T5/><D5/><U19/><E72/><V2/><F134/><W84/><G109/><T48/><D39/><U51/><E51/><V73/><F49/><W27/><G3/><T97/><D70/><U89/><E54/><V133/><F133/><W34/><G34/><T63/><D75/><U57/><REACH who="1" step="1"/><E10/><REACH who="1" ten="305,233,275,177" step="2"/><V24/><F73/><W128/><G128/><T64/><D74/><U59/><E59/><V87/><F108/><W11/><G11/><T60/><D48/><U123/><E123/><V103/><F110/><W115/><G37/><T105/><D44/><U104/><AGARI ba="2,1" hai="14,19,20,53,57,61,79,82,86,89,91,99,100,104" machi="104" ten="20,12000,1" yaku="1,1,0,1,7,1,52,1,53,1" doraHai="52" doraHaiUra="55" who="1" fromWho="1" sc="305,-42,233,136,275,-42,177,-42" /><INIT seed="1,3,0,0,0,14" ten="263,369,233,135" oya="1" hai0="131,84,47,3,59,115,62,100,15,19,101,9,46" hai1="125,64,26,96,83,23,8,27,97,99,126,117,31" hai2="130,36,95,132,106,60,90,18,113,76,40,53,35" hai3="102,48,124,24,25,66,71,109,121,1,77,57,17"/><U34/><E117/><V44/><F35/><W13/><G1/><T37/><D131/><U120/><E120/><V78/><F106/><W69/><G121/><T67/><D115/><U5/><E64/><V28/><F28/><W49/><G124/><N who="1" m="47722" /><E83/><V4/><F4/><W72/><G109/><T20/><D37/><U87/><E87/><V85/><F130/><W43/><G102/><T38/><D38/><U10/><E5/><V134/><F113/><W122/><G122/><T22/><D84/><U16/><AGARI ba="3,0" hai="8,10,16,23,26,27,31,34,96,97,99" m="47722" machi="16" ten="30,6000,0" yaku="18,1,52,1,54,1" doraHai="14" who="1" fromWho="1" sc="263,-23,369,69,233,-23,135,-23" /><INIT seed="1,4,0,1,3,32" ten="240,438,210,112" oya="1" hai0="70,129,51,58,115,54,108,28,116,66,44,120,109" hai1="22,102,33,110,78,46,11,75,118,0,68,23,77" hai2="5,98,59,91,112,34,61,17,24,106,18,56,127" hai3="89,125,81,107,1,135,84,10,117,7,65,114,52"/><U27/><E118/><V69/><F127/><W94/><G114/><T101/><D28/><U87/><E68/><V111/><F111/><N who="0" m="42570" /><D101/><U50/><E33/><V121/><F5/><W97/><G125/><T133/><D115/><U105/><E110/><V113/><F121/><W53/><G117/><T21/><D116/><U42/><E75/><V85/><F112/><W60/><G107/><T104/><D21/><U124/><E124/><V131/><F131/><W2/><G135/><T15/><D104/><U95/><E105/><V45/><F45/><W62/><G1/><T100/><D15/><U63/><E63/><V82/><F18/><W128/><G128/><T80/><D100/><U83/><E102/><N who="2" m="62807" /><F17/><W122/><G122/><T14/><D14/><U92/><E78/><V132/><F132/><W134/><G134/><T99/><D80/><U19/><REACH who="1" step="1"/><E23/><REACH who="1" ten="240,428,210,112" step="2"/><V25/><F113/><W16/><G62/><T6/><D133/><U35/><E35/><V90/><F34/><W8/><G60/><T37/><D129/><U79/><E79/><V76/><F76/><W119/><G119/><T103/><D120/><U74/><E74/><V93/><F91/><W12/><G65/><T88/><D70/><U47/><E47/><V49/><F69/><W57/><G57/><T43/><D66/><U48/><E48/><V67/><F49/><W73/><G73/><T64/><D64/><U126/><E126/><V123/><F59/><W26/><G26/><N who="2" m="10345" /><F123/><W4/><G4/><AGARI ba="4,1" hai="0,4,11,19,22,27,42,46,50,77,83,87,92,95" machi="4" ten="40,3900,0" yaku="1,1,52,1,53,0" doraHai="32" doraHaiUra="71" who="1" fromWho="3" sc="240,0,428,61,210,0,112,-51" /><INIT seed="1,5,0,4,0,84" ten="240,489,210,61" oya="1" hai0="133,110,86,80,69,28,117,24,25,103,83,51,8" hai1="65,129,5,29,107,92,0,108,118,115,45,105,81" hai2="27,120,19,34,93,122,114,73,17,102,135,132,44" hai3="67,4,56,130,32,121,35,21,31,91,94,100,63"/><U77/><E118/><V96/><F73/><W106/><G121/><T74/><D117/><U72/><E115/><V119/><F119/><W68/><G130/><T128/><D69/><U75/><E129/><V42/><F114/><W6/><G35/><T15/><D128/><U112/><E112/><V82/><F82/><W89/><G32/><T78/><D110/><U57/><E108/><V40/><F40/><W97/><G68/><T101/><D133/><N who="2" m="51274" /><F34/><W41/><G41/><T111/><D111/><U9/><E75/><V88/><F102/><W20/><G106/><T11/><D51/><U47/><E29/><V48/><F27/><N who="3" m="16871" /><G21/><T61/><D61/><U71/><E71/><V64/><F64/><W3/><G3/><T116/><D116/><U55/><E65/><V26/><F26/><W127/><G127/><T13/><D13/><U7/><E7/><AGARI ba="5,0" hai="4,6,7,56,63,67,89,91,94,97,100" m="16871" machi="7" ten="30,7700,0" yaku="25,1,8,1,52,2" doraHai="84" who="3" fromWho="1" sc="240,0,489,-92,210,0,61,92" /><INIT seed="2,0,0,4,2,121" ten="240,397,210,153" oya="2" hai0="103,122,99,102,75,19,111,36,30,22,21,20,108" hai1="53,119,37,49,27,128,126,47,73,9,115,29,11" hai2="98,101,44,55,14,77,12,105,69,91,42,25,82" hai3="87,81,3,28,26,94,6,118,110,112,123,65,5"/><V79/><F69/><W10/><G123/><T92/><D36/><U1/><E115/><V34/><F91/><W8/><G118/><T71/><D122/><U78/><E119/><V90/><F90/><W133/><G112/><T57/><D71/><U114/><E114/><V83/><F55/><W16/><G133/><T95/><D75/><U32/><E128/><V46/><F25/><W68/><G94/><T39/><D39/><U67/><E126/><V59/><F59/><W18/><G65/><T96/><D57/><U23/><E67/><V61/><F61/><W124/><G68/><T100/><D30/><U109/><E37/><V88/><F34/><W0/><G124/><T64/><D64/><U84/><E84/><V125/><F125/><W104/><G104/><T89/><D19/><U76/><E73/><V35/><F35/><W117/><G117/><T116/><D116/><U2/><E2/><V107/><F88/><AGARI ba="0,0" hai="20,21,22,88,89,92,95,96,99,100,102,103,108,111" machi="88" ten="40,8000,1" yaku="9,1,52,2,54,1" doraHai="121" who="0" fromWho="2" sc="240,80,397,0,210,-80,153,0" /><INIT seed="3,0,0,4,3,14" ten="320,397,130,153" oya="3" hai0="102,83,59,84,5,61,115,22,80,56,36,132,89" hai1="51,27,6,68,127,124,39,3,16,71,120,125,11" hai2="113,23,47,78,135,54,79,70,41,87,8,90,37" hai3="25,21,53,85,74,42,1,95,129,64,106,91,63"/><W99/><G1/><T96/><D36/><U72/><E120/><V88/><F70/><N who="1" m="26665" /><E72/><V43/><F113/><W19/><G74/><T104/><D132/><U76/><E76/><V13/><F135/><W92/><G106/><T32/><D32/><U111/><E39/><V69/><F69/><W94/><G42/><T134/><D134/><U58/><E111/><V112/><F112/><W65/><G129/><T0/><D115/><U117/><E117/><V17/><F43/><W133/><G133/><T75/><D22/><N who="1" m="13767" /><E51/><V24/><F54/><W100/><G94/><T108/><D108/><U29/><E58/><AGARI ba="0,0" hai="19,21,25,53,58,63,64,65,85,91,92,95,99,100" machi="58" ten="40,3900,0" yaku="8,1,52,1" doraHai="14" who="3" fromWho="1" sc="320,0,397,-39,130,0,153,39" /><INIT seed="3,1,0,5,1,134" ten="320,358,130,192" oya="3" hai0="42,110,55,101,129,31,72,17,5,27,77,59,113" hai1="68,86,120,6,3,115,36,135,98,132,56,62,16" hai2="23,19,127,69,112,109,126,13,105,35,34,10,4" hai3="114,79,73,41,91,102,67,60,20,63,74,1,80"/><W18/><G1/><T106/><D129/><U92/><E120/><V131/><F69/><W70/><G114/><T83/><D113/><U107/><E115/><V128/><F105/><W76/><G102/><T53/><D110/><U33/><E36/><V51/><F51/><W85/><G41/><T75/><D75/><U82/><E33/><N who="2" m="12299" /><F109/><W90/><G63/><T118/><D118/><U38/><E107/><V28/><F28/><W45/><G45/><T99/><D5/><U65/><E38/><V111/><F111/><W58/><G70/><T39/><D17/><U61/><E16/><V125/><F112/><W0/><G0/><AGARI ba="1,0" hai="0,4,10,13,19,23,125,126,127,128,131" m="12299" machi="0" ten="40,12000,2" yaku="18,1,34,2,52,3" doraHai="134" who="2" fromWho="3" sc="320,0,358,0,130,123,192,-123" owari="320,12.0,358,46.0,253,-15.0,69,-43.0" /></mjloggm>