<mjloggm ver="2.3"><GO type="41" lobby="0"/><UN n0="%6D%38%33%32%31" n1="%E3%81%91%E3%82%93%E3%81%9F%E3%83%A9%E3%83%96" n2="%E3%82%A6%E3%83%AB%E3%83%88%E3%83%A9%E7%AB%8B%E7%9B%B4" n3="%E9%A3%9B%E3%81%B9%E3%81%AA%E3%81%84%E9%AD%9A%EF%BC%93" dan="15,14,15,15" rate="2022.26,1838.10,1982.71,2010.79" sx="M,M,M,M"/><TAIKYOKU oya="0"/><INIT seed="0,0,0,2,5,98" ten="250,250,250,250" oya="0" hai0="2,60,36,53,117,130,5,58,23,91,102,56,24" hai1="127,54,10,40,126,27,114,6,37,4,15,134,51" hai2="75,132,16,116,46,44,85,0,57,43,129,12,21" hai3="29,59,73,7,48,83,25,92,26,94,64,108,13"/><T86/><D117/><U96/><E134/><V65/><F75/><W133/><G133/><T69/><D36/><U122/><E122/><V100/><F0/><W20/><G108/><T9/><D130/><U109/><E109/><V50/><F132/><W70/><G70/><T47/><D69/><U82/><E114/><V119/><F129/><W19/><G73/><T68/><D68/><U101/><E27/><V30/><F30/><W81/><G7/><T31/><D47/><U74/><E40/><V107/><F85/><W95/><G26/><T105/><D58/><U99/><E37/><V110/><F110/><W90/><G90/><T41/><D41/><U88/><E4/><V32/><F32/><W33/><G64/><T52/><D105/><U111/><E111/><V112/><F112/><W79/><G79/><T49/><D49/><U89/><E74/><V93/><F46/><W120/><G120/><T67/><REACH who="0" step="1"/><D102/><REACH who="0" ten="240,250,250,250" step="2"/><U42/><E42/><V22/><F107/><W39/><G39/><T87/><D87/><N who="1" m="50295" /><E101/><V71/><F71/><W77/><G59/><T45/><D45/><N who="1" m="28015" /><E89/><V35/><F100/><W63/><G48/><T14/><D14/><U18/><E126/><V61/><F12/><W113/><G113/><T106/><D106/><U11/><E127/><V72/><F43/><W78/><G63/><T118/><D118/><U17/><E11/><V135/><F135/><W123/><G123/><T8/><D8/><U62/><E62/><V84/><F61/><W131/><G131/><T76/><D76/><U34/><E34/><V97/><F119/><W125/><G125/><RYUUKYOKU ba="0,1" sc="240,10,250,10,250,-30,250,10" hai0="2,5,9,23,24,31,52,53,56,60,67,86,91" hai1="6,10,15,17,18,96,99" hai3="13,19,20,25,29,33,77,78,81,83,92,94,95" /><INIT seed="0,1,1,0,4,54" ten="250,260,220,260" oya="0" hai0="68,97,46,89,82,134,12,71,53,30,74,42,135" hai1="115,23,80,76,52,70,125,103,83,34,8,61,2" hai2="49,40,111,108,64,66,78,60,130,81,107,28,1" hai3="98,11,86,126,109,110,41,10,51,87,127,27,72"/><T105/><D30/><U92/><E34/><V93/><F107/><W14/><G72/><T4/><D53/><U112/><E125/><N who="3" m="47626" /><G98/><T77/><D89/><U56/><E70/><V22/><F1/><W122/><G122/><T33/><D12/><U43/><E43/><V20/><F130/><W59/><G27/><T84/><D84/><N who="3" m="32297" /><G41/><T101/><D4/><N who="1" m="1047" /><E23/><V124/><F124/><W95/><G95/><T88/><D88/><U128/><E128/><V7/><F7/><W58/><G51/><T48/><REACH who="0" step="1"/><D33/><REACH who="0" ten="240,260,220,260" step="2"/><U38/><E38/><V104/><F28/><W21/><G21/><T69/><AGARI ba="1,2" hai="42,46,48,68,69,71,74,77,82,97,101,105,134,135" machi="69" ten="40,7800,0" yaku="1,1,2,1,0,1,53,0" doraHai="54" doraHaiUra="24" who="0" fromWho="0" sc="240,101,260,-27,220,-27,260,-27" /><INIT seed="0,2,0,4,2,28" ten="341,233,193,233" oya="0" hai0="12,6,31,133,69,42,23,135,97,14,0,120,72" hai1="47,19,116,21,18,29,88,39,71,82,1,15,41" hai2="24,44,43,101,22,57,40,125,52,37,83,129,5" hai3="68,58,46,62,53,25,104,3,30,35,89,98,131"/><T103/><D72/><U33/><E116/><V7/><F125/><W34/><G131/><T36/><D69/><U122/><E122/><V49/><F129/><W90/><G3/><T85/><D120/><U70/><E1/><V60/><F101/><W96/><G68/><T127/><D127/><U48/><E39/><V4/><F83/><W119/><G119/><T10/><D85/><U66/><E66/><V106/><F106/><W64/><G64/><T76/><D76/><U16/><E71/><V87/><F87/><W115/><G115/><T55/><D55/><U20/><E70/><V2/><F2/><W54/><G46/><N who="0" m="23879" /><D31/><U111/><E111/><V84/><F84/><W100/><G54/><T74/><D23/><U93/><E82/><V117/><F117/><W51/><G62/><T94/><D74/><U95/><E95/><V11/><F37/><W45/><G45/><T134/><AGARI ba="2,0" hai="0,6,10,12,14,94,97,103,133,134,135" m="23879" machi="134" ten="30,1500,0" yaku="20,1" doraHai="28" who="0" fromWho="0" sc="341,21,233,-7,193,-7,233,-7" /><INIT seed="0,3,0,2,3,58" ten="362,226,186,226" oya="0" hai0="32,129,93,35,89,109,6,76,59,10,9,48,115" hai1="98,123,81,108,111,11,82,33,97,13,40,87,5" hai2="112,26,132,12,121,124,24,119,52,131,102,70,54" hai3="105,27,57,74,103,94,78,25,61,14,101,22,134"/><T51/><D115/><U64/><E123/><V85/><F121/><W44/><G134/><T127/><D127/><U37/><E33/><V34/><F132/><W125/><G125/><T95/><D129/><U80/><E64/><V55/><F124/><W126/><G126/><T42/><D76/><U99/><E40/><V29/><F112/><W31/><G105/><T107/><D107/><U110/><REACH who="1" step="1"/><E37/><REACH who="1" ten="362,216,186,226" step="2"/><V114/><F114/><W104/><G104/><T122/><D122/><U16/><E16/><V8/><F131/><W41/><G94/><T96/><D42/><U46/><E46/><V100/><F119/><W92/><G92/><T60/><D95/><U62/><E62/><V69/><F34/><W116/><G44/><T113/><D113/><U3/><E3/><V53/><F29/><W63/><G41/><T43/><D43/><U47/><E47/><V0/><F0/><W17/><G31/><T4/><D35/><U68/><E68/><V133/><F133/><W45/><G45/><T15/><D32/><U1/><E1/><V120/><F120/><W75/><G63/><T117/><D117/><U18/><E18/><V67/><F67/><W135/><G135/><T19/><D19/><U66/><E66/><V38/><F38/><W118/><G17/><T79/><D4/><U2/><E2/><V83/><F70/><W72/><G61/><T56/><D60/><U65/><E65/><V91/><F69/><W130/><G118/><T73/><D56/><U7/><E7/><N who="2" m="3103" /><F55/><W20/><G116/><T84/><D59/><U30/><E30/><V28/><F28/><RYUUKYOKU ba="3,1" sc="362,-15,216,15,186,15,226,-15" hai1="5,11,13,80,81,82,87,97,98,99,108,110,111" hai2="24,26,52,53,54,83,85,91,100,102" /><INIT seed="1,4,1,4,4,61" ten="347,231,201,211" oya="1" hai0="47,93,106,53,77,27,107,119,124,4,7,3,103" hai1="19,64,82,122,35,63,24,21,56,112,55,33,34" hai2="68,38,101,62,17,42,91,88,44,32,59,102,128" hai3="15,131,127,20,60,28,18,111,69,71,109,123,89"/><U98/><E122/><V80/><F32/><W90/><G123/><T108/><D119/><U100/><E112/><V26/><F128/><W99/><G131/><T5/><D3/><U96/><E82/><V110/><F110/><N who="3" m="41995" /><G127/><T25/><D108/><U115/><E115/><V118/><F118/><W130/><G130/><T81/><D124/><U135/><E135/><V97/><F68/><W72/><G72/><T13/><D13/><U74/><E74/><V134/><F134/><W67/><G71/><T12/><D12/><U22/><E22/><V104/><F101/><W66/><G28/><T51/><D107/><U86/><E86/><V70/><F70/><N who="3" m="42311" /><G99/><T126/><D106/><U9/><E9/><V125/><F125/><W52/><G52/><T79/><D81/><U16/><E19/><V114/><F114/><W105/><G105/><T58/><D126/><U1/><E1/><V120/><F120/><W113/><G113/><T76/><D47/><U78/><E78/><V43/><F43/><W36/><G36/><T57/><D57/><U65/><REACH who="1" step="1"/><E98/><AGARI ba="4,1" hai="4,5,7,25,27,51,53,58,76,77,79,93,98,103" machi="98" ten="40,1300,0" yaku="8,1" doraHai="61" who="0" fromWho="1" sc="347,35,231,-25,201,0,211,0" /><INIT seed="2,0,0,2,4,134" ten="382,206,201,211" oya="2" hai0="76,15,126,108,38,84,114,7,129,55,82,103,130" hai1="123,24,112,9,44,2,3,60,25,90,57,97,133" hai2="33,36,32,87,46,72,53,22,17,35,120,6,43" hai3="91,41,65,19,118,59,117,27,86,69,79,113,119"/><V132/><F120/><W66/><G113/><T70/><D70/><U47/><E133/><V61/><F132/><W81/><G69/><T63/><D114/><U121/><E112/><V71/><F72/><W105/><G105/><T88/><D38/><U5/><E97/><V49/><F6/><W18/><G41/><T20/><D103/><U52/><E90/><V83/><F61/><W58/><G79/><T64/><D55/><U23/><E3/><V116/><F71/><W48/><G48/><T62/><D108/><U128/><E128/><N who="0" m="49257" /><D64/><U14/><E2/><V101/><F101/><W93/><G81/><N who="0" m="49167" /><D126/><U100/><E100/><V16/><F116/><W68/><G68/><T95/><D95/><U34/><E34/><V94/><F94/><W8/><G65/><T131/><N who="0" m="49265" /><T73/><DORA hai="135" /><D7/><U102/><E102/><V4/><F4/><W50/><G66/><T56/><D56/><U39/><E39/><V92/><F92/><W1/><G59/><T12/><D20/><U122/><REACH who="1" step="1"/><E25/><REACH who="1" ten="382,196,201,211" step="2"/><V28/><F33/><W45/><G27/><T42/><D15/><U31/><AGARI ba="0,1" hai="5,9,14,23,24,31,44,47,52,57,60,121,122,123" machi="31" ten="30,12000,2" yaku="1,1,2,1,0,1,13,1,54,1,53,2" doraHai="134,135" doraHaiUra="127,40" who="1" fromWho="1" sc="382,-30,196,130,201,-60,211,-30" /><INIT seed="3,0,0,2,0,77" ten="352,326,141,181" oya="3" hai0="135,11,63,43,24,17,72,44,119,27,80,115,112" hai1="126,32,70,116,78,123,107,60,29,20,75,90,53" hai2="61,99,95,18,37,110,41,64,109,102,111,92,62" hai3="114,100,10,3,113,124,38,59,16,36,106,131,65"/><W132/><G132/><T68/><D119/><U39/><E116/><V56/><F41/><W30/><G131/><T5/><D17/><U84/><E123/><V13/><F37/><W93/><G124/><T48/><D68/><U83/><E107/><V8/><REACH who="2" step="1"/><F62/><REACH who="2" ten="352,326,131,181" step="2"/><W118/><G36/><T15/><D63/><U40/><E126/><V128/><F128/><W101/><G38/><T33/><D135/><U54/><E60/><V57/><F57/><W129/><G59/><T117/><D117/><U98/><E70/><V122/><F122/><W82/><G129/><T87/><D33/><U74/><E32/><V66/><F66/><W81/><G65/><T121/><D121/><U103/><E40/><V76/><F76/><W42/><G118/><T1/><D1/><U6/><E78/><V97/><F97/><W91/><G3/><T130/><D130/><U49/><E39/><V58/><F58/><W12/><G42/><T25/><REACH who="0" step="1"/><D72/><REACH who="0" ten="342,326,131,181" step="2"/><U94/><E75/><V45/><F45/><W35/><G35/><T127/><D127/><U69/><E74/><V133/><F133/><W125/><G125/><T7/><D7/><U19/><E6/><V79/><F79/><AGARI ba="0,2" hai="5,11,15,24,25,27,43,44,48,79,80,87,112,115" machi="79" ten="40,8000,1" yaku="1,1,25,2,52,1,53,0" doraHai="77" doraHaiUra="52" who="0" fromWho="2" sc="342,100,326,0,131,-80,181,0" /><INIT seed="4,0,0,3,4,80" ten="442,326,51,181" oya="0" hai0="24,114,28,39,69,119,8,25,100,44,99,103,87" hai1="91,122,36,90,27,95,22,85,110,78,64,17,72" hai2="117,123,57,115,133,46,55,49,32,38,30,19,54" hai3="130,121,62,126,3,124,52,127,26,73,83,94,106"/><T108/><D119/><U77/><E122/><V35/><F123/><W128/><G3/><T66/><D108/><U7/><E110/><V53/><F117/><W9/><G121/><T82/><D114/><U47/><E7/><V96/><F115/><W48/><G106/><T74/><D74/><U40/><E64/><V56/><F133/><W61/><G9/><T97/><D8/><U116/><E116/><V51/><F30/><W16/><G94/><T101/><D39/><U41/><E41/><N who="2" m="22839" /><F19/><W59/><G73/><T79/><D44/><U135/><E135/><V11/><F11/><W84/><G16/><T6/><D6/><U129/><E129/><N who="3" m="49770" /><G26/><T104/><D24/><U111/><E111/><V71/><F96/><W45/><G45/><T65/><D65/><U134/><E134/><V132/><F32/><W68/><G68/><T20/><REACH who="0" step="1"/><D104/><REACH who="0" ten="432,326,51,181" step="2"/><U12/><E72/><V13/><F132/><W4/><G4/><T31/><D31/><U125/><E125/><V1/><F1/><W92/><G92/><T50/><D50/><U60/><E60/><AGARI ba="0,1" hai="20,25,28,60,66,69,79,82,87,97,99,100,101,103" machi="60" ten="40,7700,0" yaku="1,1,52,1,53,1" doraHai="80" doraHaiUra="18" who="0" fromWho="1" sc="432,87,326,-77,51,0,181,0" /><INIT seed="4,1,0,3,2,40" ten="519,249,51,181" oya="0" hai0="60,59,87,18,33,43,126,39,29,117,122,48,110" hai1="130,74,66,90,26,4,56,84,14,101,36,124,64" hai2="25,94,45,41,116,132,50,118,23,125,99,129,103" hai3="127,34,108,63,95,123,75,98,71,80,134,28,21"/><T78/><D122/><U54/><E74/><V133/><F125/><W77/><G123/><T105/><D117/><U81/><E124/><V106/><F129/><W12/><G127/><T114/><D126/><U46/><E130/><V79/><F79/><W102/><G108/><T3/><D3/><U93/><E26/><V120/><F120/><W104/><G134/><T44/><D114/><U67/><E36/><V111/><F111/><W55/><G95/><T112/><D110/><U70/><E70/><V83/><F83/><W113/><G113/><T10/><D105/><U131/><E131/><V17/><REACH who="2" step="1"/><F106/><REACH who="2" ten="519,249,41,181" step="2"/><W1/><G104/><T62/><D112/><U51/><E81/><V57/><F57/><W82/><G80/><T121/><D121/><U49/><E101/><V65/><F65/><W37/><G102/><T58/><D78/><U47/><E51/><V89/><F89/><W73/><G82/><T86/><D39/><U6/><REACH who="1" step="1"/><E14/><REACH who="1" ten="519,239,41,181" step="2"/><V5/><F5/><AGARI ba="1,2" hai="4,5,6,46,47,49,54,56,64,66,67,84,90,93" machi="5" ten="40,8000,1" yaku="1,1,2,1,8,1,52,2,53,0" doraHai="40" doraHaiUra="69" who="1" fromWho="2" sc="519,0,239,103,41,-83,181,0" owari="519,62.0,342,14.0,-42,-54.0,181,-22.0" /></mjloggm>