<mjloggm ver="2.3"><GO type="41" lobby="0"/><UN n0="%E3%83%90%E3%83%83%E3%83%86" n1="%E3%82%A6%E3%83%AB%E3%83%88%E3%83%A9%E7%AB%8B%E7%9B%B4" n2="%E3%81%8F%E3%82%8D%E3%81%99%E3%81%A1%E3%82%83%E3%82%93%E3%81%AD%E3%82%8B" n3="%E3%81%89%E3%81%9D%E3%82%89" dan="16,16,13,14" rate="2049.81,2058.18,1916.72,1979.57" sx="M,M,M,M"/><TAIKYOKU oya="0"/><INIT seed="0,0,0,3,4,65" ten="250,250,250,250" oya="0" hai0="125,73,13,23,135,79,63,104,5,43,134,76,1" hai1="128,21,25,93,121,77,39,78,99,30,20,16,67" hai2="110,11,88,113,116,80,42,34,122,109,68,54,27" hai3="101,17,115,69,31,64,94,49,40,9,83,15,32"/><T66/><D104/><U89/><E39/><V112/><F42/><W132/><G115/><T120/><D120/><U74/><E121/><V133/><F122/><W102/><G132/><N who="0" m="50731" /><D73/><U46/><E128/><V29/><F116/><W36/><G94/><T92/><D125/><U37/><E74/><V10/><F54/><W91/><G36/><T70/><D43/><U100/><E37/><V52/><F133/><W19/><G91/><T90/><D1/><U103/><E46/><V28/><F28/><W87/><G87/><N who="0" m="52319" /><D23/><U118/><E118/><V84/><F113/><W56/><G83/><T14/><D5/><U107/><E67/><V130/><F130/><W85/><G85/><T45/><D45/><U129/><E129/><V75/><F75/><W24/><G101/><T44/><D44/><U61/><E107/><V12/><F112/><W106/><G40/><T48/><D48/><U58/><E100/><V8/><F110/><W108/><G49/><T50/><D50/><U124/><E103/><V96/><F109/><W127/><G108/><T3/><D3/><U51/><E51/><V38/><F38/><W82/><G82/><T72/><D72/><U117/><E117/><V81/><F80/><W55/><G127/><T35/><D35/><U98/><E124/><V4/><F34/><W114/><G32/><T60/><D60/><U86/><E61/><V33/><F33/><W0/><G114/><T59/><D59/><U41/><E58/><V62/><F62/><W53/><G56/><T97/><D97/><N who="1" m="36875" /><E41/><V131/><F131/><W2/><G2/><T119/><D119/><RYUUKYOKU ba="0,0" sc="250,15,250,15,250,-15,250,-15" hai0="13,14,63,66,70,76,79" hai1="16,20,21,25,30,77,78,86,89,93" /><INIT seed="0,1,0,3,5,54" ten="265,265,235,235" oya="0" hai0="37,0,13,89,10,100,84,6,91,60,8,135,114" hai1="14,73,53,36,128,52,25,86,111,104,92,116,109" hai2="40,5,99,18,55,78,120,68,12,113,35,48,88" hai3="24,122,63,26,32,134,21,69,70,7,110,58,133"/><T33/><D114/><U29/><E104/><V94/><F68/><W98/><G110/><T31/><D37/><U67/><E73/><V131/><F113/><W106/><G7/><T66/><D135/><N who="3" m="51721" /><G32/><T118/><D118/><U23/><E116/><V129/><F35/><W1/><G1/><T105/><D84/><U28/><E36/><V115/><F5/><W96/><G122/><T61/><D61/><U127/><E127/><V9/><F115/><W59/><G106/><T42/><D42/><U64/><E14/><V103/><F120/><W15/><G15/><T62/><D62/><U27/><E86/><V4/><F78/><W17/><G26/><N who="0" m="18679" /><D10/><U95/><REACH who="1" step="1"/><E23/><REACH who="1" ten="265,255,235,235" step="2"/><V56/><F131/><AGARI ba="1,1" hai="25,27,28,29,52,53,64,67,92,95,109,111,128,131" machi="131" ten="25,8000,1" yaku="1,1,2,1,22,2,54,1,53,0" doraHai="54" doraHaiUra="107" who="1" fromWho="2" sc="265,0,255,93,235,-83,235,0" /><INIT seed="1,0,0,3,1,22" ten="265,348,152,235" oya="1" hai0="4,29,35,61,83,30,13,24,19,20,55,97,103" hai1="101,71,31,99,73,56,74,70,44,93,8,18,59" hai2="37,46,106,104,49,85,124,63,119,58,68,41,127" hai3="2,43,42,82,52,90,121,16,80,21,135,111,28"/><U122/><E122/><V116/><F85/><N who="3" m="50471" /><G2/><T110/><D110/><U89/><E71/><V123/><F106/><W88/><G121/><T51/><D61/><U120/><E70/><V34/><F104/><W96/><G28/><T66/><D66/><U125/><E120/><V113/><F34/><W75/><G75/><T92/><D83/><U81/><E125/><N who="2" m="48203" /><F123/><W133/><G111/><T132/><D132/><N who="3" m="50761" /><G52/><T105/><D105/><U26/><E44/><V60/><F113/><W117/><G117/><N who="2" m="45129" /><F68/><W23/><G23/><T0/><D0/><U126/><E126/><V64/><F60/><W94/><G82/><T77/><D77/><U102/><E74/><V45/><F45/><W78/><G78/><T115/><D115/><U53/><E73/><V11/><F11/><W6/><G6/><T84/><D84/><U14/><E81/><V91/><F91/><W17/><G17/><T38/><D38/><AGARI ba="0,0" hai="37,38,41,46,49,58,63,64" m="45129,48203" machi="38" ten="30,3900,0" yaku="18,1,34,2" doraHai="22" who="2" fromWho="0" sc="265,-39,348,0,152,39,235,0" /><INIT seed="2,0,0,0,2,129" ten="226,348,191,235" oya="2" hai0="68,84,2,35,66,13,59,105,23,12,124,24,14" hai1="121,64,40,115,100,58,96,102,26,6,44,32,73" hai2="119,101,67,57,125,77,37,118,87,97,41,111,85" hai3="93,76,9,99,19,123,107,134,18,131,132,25,72"/><V8/><F111/><W109/><G109/><T0/><D105/><U55/><E73/><V47/><F125/><W42/><G123/><T60/><D124/><U29/><E115/><V112/><F112/><W126/><G107/><T34/><D68/><U89/><E64/><V65/><F8/><W91/><G126/><T116/><D116/><U127/><E127/><V10/><F10/><W82/><G131/><T92/><D92/><U20/><E6/><V15/><F15/><N who="3" m="7535" /><G42/><T5/><D84/><U83/><E32/><V3/><F3/><W130/><G19/><T113/><D113/><U117/><E117/><V49/><F67/><W22/><G22/><T45/><D45/><U54/><E54/><V94/><F85/><N who="3" m="52463" /><G25/><T53/><D66/><U98/><E121/><V33/><F33/><N who="0" m="12298" /><D53/><U108/><E108/><V90/><F77/><W81/><G81/><T74/><D74/><U114/><E114/><V38/><F119/><W7/><G7/><T62/><D59/><U75/><E75/><V63/><REACH who="2" step="1"/><F118/><REACH who="2" ten="226,348,181,235" step="2"/><W71/><G130/><T104/><D2/><U61/><E96/><V103/><F103/><W88/><G99/><T17/><D0/><U56/><E98/><V4/><F4/><W122/><G122/><T52/><D5/><U11/><E102/><V1/><F1/><W70/><G88/><T51/><D13/><U43/><E100/><V39/><F39/><W133/><AGARI ba="0,1" hai="70,71,72,76,82,132,133,134" m="52463,7535" machi="133" ten="30,7900,0" yaku="20,1,52,3" doraHai="129" who="3" fromWho="3" sc="226,-20,348,-20,181,-39,235,89" /><INIT seed="3,0,0,2,2,131" ten="206,328,142,324" oya="3" hai0="100,37,35,132,10,24,39,1,11,68,23,38,111" hai1="127,88,74,51,116,9,78,99,15,75,72,77,109" hai2="104,92,119,18,22,58,96,110,124,30,126,90,70" hai3="122,67,49,84,54,41,27,80,118,102,91,108,36"/><W44/><G118/><T66/><D111/><U95/><E109/><V31/><F70/><W83/><G108/><T28/><D100/><U19/><E116/><V14/><F119/><W107/><G122/><T12/><D23/><U120/><E120/><V13/><F110/><W2/><G2/><T56/><D11/><U97/><E127/><N who="2" m="48683" /><F104/><W79/><G67/><T128/><D56/><U64/><E64/><V5/><F58/><W53/><G27/><T82/><D82/><U25/><E97/><V94/><F94/><W50/><G36/><T69/><D12/><U33/><REACH who="1" step="1"/><E51/><REACH who="1" ten="206,318,142,324" step="2"/><V135/><F96/><W63/><G50/><T133/><D128/><U6/><E6/><V115/><F5/><W105/><G63/><N who="0" m="40031" /><D69/><U7/><E7/><AGARI ba="0,1" hai="1,7,10,24,28,35,37,38,39,132,133" m="40031" machi="7" ten="40,5200,0" yaku="23,1,52,2" doraHai="131" who="0" fromWho="1" sc="206,62,318,-52,142,0,324,0" /><INIT seed="4,0,0,5,4,21" ten="268,266,142,324" oya="0" hai0="65,25,57,106,131,93,45,84,10,97,86,94,122" hai1="64,17,23,79,108,85,35,0,130,30,101,83,111" hai2="24,16,33,112,72,18,104,49,36,59,114,91,26" hai3="29,102,9,42,133,48,63,6,8,124,123,117,55"/><T87/><D122/><U127/><E127/><V75/><F36/><W39/><G9/><T98/><D131/><U11/><E130/><V34/><F104/><W62/><G117/><T43/><D106/><U61/><E101/><V115/><F91/><W47/><G123/><T54/><D65/><U125/><E125/><V74/><F59/><W82/><G102/><T92/><D10/><U19/><E19/><N who="2" m="7211" /><F49/><W5/><G5/><T126/><D126/><U51/><E51/><V53/><F53/><W77/><G29/><T71/><D71/><U37/><E37/><V109/><F109/><W60/><G124/><T28/><D45/><U67/><E67/><V100/><F100/><W3/><G133/><T27/><D43/><U132/><E132/><V13/><F13/><W69/><G69/><T107/><D28/><U120/><E120/><V80/><F80/><W14/><G3/><T46/><D46/><U44/><E44/><V41/><F41/><W2/><G2/><T4/><D4/><U96/><E0/><V7/><F7/><W128/><G128/><T119/><D119/><U66/><E108/><V68/><F68/><W31/><G39/><T70/><D70/><U90/><E66/><V105/><F105/><W78/><G55/><T50/><D107/><U52/><E64/><V15/><F15/><W118/><G118/><T32/><D32/><AGARI ba="0,0" hai="24,26,32,33,34,72,74,75,112,114,115" m="7211" machi="32" ten="50,12000,2" yaku="28,2,15,1,52,2,54,1" doraHai="21" who="2" fromWho="0" sc="268,-120,266,0,142,120,324,0" /><INIT seed="5,0,0,0,2,27" ten="148,266,262,324" oya="1" hai0="102,95,122,58,118,50,19,48,62,64,85,51,36" hai1="3,110,2,14,127,60,115,24,34,9,30,75,104" hai2="40,91,81,97,29,84,72,33,80,8,68,111,133" hai3="89,98,32,22,23,73,11,46,31,132,105,0,61"/><U35/><E75/><V96/><F111/><W117/><G46/><T10/><D118/><U1/><E104/><V57/><F68/><W106/><G73/><T77/><D36/><U47/><E47/><V18/><F40/><W69/><G117/><T125/><D125/><U63/><E127/><V100/><F96/><W56/><G69/><T108/><D108/><U55/><E110/><V83/><F72/><W134/><G0/><T126/><D126/><U112/><E55/><V74/><F57/><W103/><G11/><T59/><D59/><U66/><E60/><V116/><F116/><W78/><G89/><N who="0" m="53679" /><D122/><U120/><E120/><V53/><F53/><W49/><G78/><T129/><D129/><U71/><REACH who="1" step="1"/><E35/><REACH who="1" ten="148,256,262,324" step="2"/><V20/><F33/><W128/><G105/><T54/><D54/><U92/><E92/><V131/><F74/><W87/><G128/><T44/><D44/><U130/><E130/><V4/><F131/><W52/><G61/><T38/><D62/><U119/><E119/><V26/><F133/><W45/><G45/><T25/><D64/><U90/><E90/><V114/><F91/><W121/><G121/><T99/><D77/><U135/><E135/><N who="3" m="51754" /><G87/><T17/><D102/><U39/><E39/><V37/><F84/><W88/><G88/><T5/><D38/><U93/><E93/><V15/><F37/><W76/><G76/><T109/><D109/><U13/><E13/><V82/><F15/><W67/><G67/><T12/><D12/><U107/><E107/><V6/><F82/><W94/><G106/><T41/><D41/><U123/><E123/><RYUUKYOKU ba="0,1" sc="148,-15,256,15,262,-15,324,15" hai1="1,2,3,9,14,24,30,34,63,66,71,112,115" hai3="22,23,31,32,49,52,56,94,98,103" /><INIT seed="5,1,1,1,3,8" ten="133,271,247,339" oya="1" hai0="1,102,77,6,130,9,93,110,120,20,5,67,80" hai1="25,35,23,61,15,40,81,83,46,58,22,48,42" hai2="53,36,123,122,2,34,50,11,105,26,94,18,44" hai3="116,54,127,49,79,82,31,33,43,89,86,69,70"/><U125/><E35/><V41/><F105/><W27/><G116/><T57/><D110/><U87/><E125/><V88/><F34/><W24/><G127/><T47/><D130/><U30/><E42/><V129/><F129/><W112/><G43/><T126/><D126/><U85/><E85/><V29/><F29/><W21/><G112/><T103/><D120/><U76/><E83/><V78/><F78/><W68/><G79/><T56/><D6/><U7/><E22/><V37/><F37/><W10/><G10/><T52/><D67/><U32/><E32/><V59/><F2/><W75/><G75/><T65/><D20/><U134/><E134/><V106/><F106/><W115/><G115/><T97/><D103/><U16/><E7/><V107/><F107/><W84/><G84/><T95/><D95/><U111/><E111/><V71/><F71/><W132/><G132/><T90/><D102/><U99/><E99/><V114/><F114/><W13/><G24/><T92/><D92/><U101/><E101/><V19/><F26/><W128/><G128/><T60/><D47/><U118/><E118/><V63/><F36/><W91/><G91/><T113/><D113/><U96/><E96/><V72/><F72/><W135/><G135/><T45/><D45/><U109/><E109/><V117/><F117/><W3/><G3/><T66/><REACH who="0" step="1"/><D57/><REACH who="0" ten="123,271,247,339" step="2"/><U131/><E131/><V39/><F123/><W4/><G68/><T124/><D124/><U17/><E58/><V51/><F122/><W133/><G133/><T108/><D108/><U98/><E46/><V119/><F119/><RYUUKYOKU ba="1,2" sc="123,30,271,-10,247,-10,339,-10" hai0="1,5,9,52,56,60,65,66,77,80,90,93,97" /><INIT seed="6,2,2,4,4,23" ten="153,261,237,329" oya="2" hai0="75,73,16,11,3,88,4,43,117,118,113,60,32" hai1="70,110,44,99,69,50,9,15,116,21,103,106,81" hai2="98,62,87,107,71,14,17,40,128,100,36,112,120" hai3="28,48,82,66,67,126,104,34,5,33,130,132,83"/><V115/><F120/><W111/><G104/><T56/><D43/><U105/><E105/><V102/><F102/><W109/><G5/><T8/><D113/><N who="2" m="43594" /><F128/><W131/><G48/><T121/><D121/><U92/><E110/><V49/><F36/><W134/><G28/><T37/><D37/><U12/><E116/><N who="0" m="44649" /><D32/><U64/><E64/><N who="2" m="41367" /><F87/><W46/><G46/><T68/><D68/><U85/><E106/><V54/><F40/><W13/><G13/><N who="0" m="7207" /><D75/><U7/><E70/><V77/><F77/><W94/><G126/><T84/><D73/><U6/><E69/><V127/><F127/><W122/><G94/><N who="0" m="54535" /><D60/><U101/><E101/><V57/><F14/><W74/><G74/><T0/><D56/><U45/><E50/><V108/><F17/><W89/><G122/><T27/><D27/><U59/><E59/><V63/><F63/><W58/><G58/><T86/><D86/><U1/><E1/><AGARI ba="2,2" hai="0,1,3,4,11" m="54535,7207,44649" machi="1" ten="30,3900,0" yaku="12,1,54,2" doraHai="23" who="0" fromWho="1" sc="153,65,261,-45,237,0,329,0" /><INIT seed="7,0,0,5,3,78" ten="218,216,237,329" oya="3" hai0="71,99,56,115,129,108,41,49,100,69,60,106,97" hai1="134,103,81,31,6,118,76,63,116,15,28,89,37" hai2="3,47,88,8,10,32,68,13,51,24,98,123,16" hai3="67,112,87,105,125,96,122,1,130,84,40,110,95"/><W45/><G67/><T11/><D108/><U7/><E37/><V38/><F38/><W9/><G87/><T2/><D129/><U42/><E103/><V120/><F68/><W93/><G84/><T65/><D99/><U117/><E42/><V135/><F135/><W54/><G93/><T74/><D74/><N who="1" m="43159" /><E134/><V86/><F98/><W12/><G95/><T4/><D115/><U20/><E89/><V111/><F111/><W64/><G110/><T107/><D107/><U50/><E50/><V72/><F72/><W70/><G64/><T133/><D133/><U73/><E73/><V39/><F39/><W102/><G70/><T91/><D91/><U119/><N who="1" m="30208" /><DORA hai="77" /><U131/><E131/><V109/><F109/><W14/><G130/><T21/><D21/><U52/><E20/><N who="2" m="11279" /><F3/><W33/><G1/><T34/><D34/><U5/><E15/><V80/><F32/><W132/><G14/><T101/><D101/><U124/><E124/><V128/><F24/><W22/><G12/><T62/><D62/><U17/><E17/><V36/><F36/><W25/><G25/><T82/><D82/><U55/><E63/><V30/><F30/><AGARI ba="0,0" hai="5,6,7,28,30,31,52,55" m="30208,43159" machi="30" ten="60,8000,1" yaku="12,1,52,2,54,1" doraHai="78,77" who="1" fromWho="2" sc="218,0,216,80,237,-80,329,0" owari="218,-18.0,296,10.0,157,-34.0,329,42.0" /></mjloggm>