<mjloggm ver="2.3"><GO type="41" lobby="0"/><UN n0="%E9%BE%8D%E6%B6%8E%E9%A6%99" n1="%E6%B5%A6%E5%B6%8B%E5%AD%90" n2="%E3%82%A6%E3%83%AB%E3%83%88%E3%83%A9%E7%AB%8B%E7%9B%B4" n3="%E3%83%AC%E3%83%B3%E3%83%95%E3%82%A1" dan="14,14,16,13" rate="1873.80,1896.08,2058.22,1811.79" sx="M,M,M,M"/><TAIKYOKU oya="0"/><INIT seed="0,0,0,4,4,78" ten="250,250,250,250" oya="0" hai0="51,2,43,131,104,127,41,111,100,19,91,107,75" hai1="26,86,1,93,135,73,79,130,17,65,116,103,98" hai2="21,129,134,15,81,126,52,97,67,33,87,80,5" hai3="44,25,89,77,56,20,8,45,13,96,14,83,113"/><T69/><D69/><U55/><E73/><V71/><F33/><W62/><G113/><T59/><D2/><U40/><E1/><V85/><F67/><W70/><G70/><T27/><D131/><U102/><E40/><V34/><F71/><W106/><G106/><T125/><D111/><U114/><E114/><V35/><F129/><W39/><G39/><T66/><D91/><U82/><E130/><V46/><F35/><W42/><G42/><T112/><D75/><U4/><E4/><V16/><F34/><W49/><G49/><T64/><D112/><U84/><E65/><V95/><F5/><W7/><G14/><T0/><D0/><U54/><E102/><V110/><F110/><W11/><G11/><T117/><D100/><U50/><E116/><V22/><F22/><W124/><G124/><N who="0" m="47691" /><D117/><U109/><E109/><V31/><F31/><W122/><G122/><T115/><D115/><U105/><E84/><N who="2" m="32331" /><F126/><W63/><G77/><T72/><D72/><U90/><E79/><V12/><F12/><W132/><G132/><T10/><D66/><U53/><E105/><N who="0" m="40521" /><D64/><U60/><E60/><V118/><F134/><W108/><G63/><T57/><D43/><U61/><E61/><V30/><F118/><W28/><G108/><T18/><D19/><U119/><E119/><V32/><F32/><W29/><G29/><T123/><D123/><U120/><E120/><V133/><F30/><W48/><G62/><T68/><D68/><U76/><E135/><V38/><F133/><W3/><G28/><T37/><D37/><U58/><E76/><V128/><F38/><RYUUKYOKU ba="0,0" sc="250,-10,250,30,250,-10,250,-10" hai1="17,26,50,53,54,55,58,82,86,90,93,98,103" /><INIT seed="1,1,0,1,2,27" ten="240,280,240,240" oya="1" hai0="12,31,114,107,83,51,59,90,132,36,10,18,81" hai1="104,63,3,91,60,73,43,7,21,52,25,129,124" hai2="79,58,102,54,24,96,53,64,85,92,4,32,68" hai3="121,105,134,108,9,112,72,42,120,13,15,16,33"/><U38/><E73/><V67/><F68/><W74/><G105/><T6/><D107/><U69/><E104/><V111/><F111/><W17/><G112/><T135/><D114/><U0/><E43/><V97/><F4/><W88/><G108/><T89/><D36/><U35/><E35/><V103/><F85/><W106/><G106/><T39/><D6/><U100/><E100/><V23/><F79/><W77/><G134/><N who="0" m="51243" /><D39/><U127/><E38/><V80/><F80/><N who="0" m="30794" /><D31/><U101/><E7/><V8/><F32/><W75/><G77/><T125/><D125/><N who="1" m="48203" /><E69/><V47/><F8/><W57/><G42/><T19/><D18/><U5/><E5/><V48/><F102/><W26/><G57/><T115/><D115/><U46/><E101/><V1/><F1/><W37/><G37/><T93/><D93/><U117/><E0/><V65/><F97/><W55/><G55/><AGARI ba="1,0" hai="10,12,19,51,55,59,89,90" m="30794,51243" machi="55" ten="30,1000,0" yaku="20,1" doraHai="27" who="0" fromWho="3" sc="240,13,280,0,240,0,240,-13" /><INIT seed="2,0,0,0,0,71" ten="253,280,240,227" oya="2" hai0="54,38,127,32,130,51,6,19,98,39,129,116,26" hai1="77,122,21,118,120,10,121,95,11,113,15,101,41" hai2="24,100,3,59,80,60,69,25,7,117,1,87,126" hai3="105,102,78,93,67,110,48,14,18,20,119,114,68"/><V103/><F69/><W106/><G119/><T56/><D116/><U27/><E77/><V64/><F117/><W47/><G110/><T132/><D132/><U62/><E118/><V81/><F126/><W90/><G114/><T83/><D127/><U8/><E41/><V44/><F3/><W50/><G102/><T66/><D6/><U94/><E62/><V31/><F7/><W131/><G131/><N who="0" m="50187" /><D66/><U112/><E101/><V128/><F1/><W36/><G78/><T0/><D0/><U74/><E74/><V125/><F128/><W45/><G67/><T17/><D98/><U134/><E134/><V108/><F125/><W96/><G68/><T124/><D83/><U84/><E94/><V28/><F108/><W91/><G91/><T70/><D70/><U40/><E40/><V37/><F81/><W123/><G123/><T53/><D53/><U46/><E112/><V111/><F111/><W76/><G76/><T34/><D124/><U35/><E113/><V42/><F87/><W30/><G30/><N who="0" m="19543" /><D34/><U33/><E46/><V16/><F80/><W9/><G106/><T57/><D56/><U29/><E84/><V49/><F49/><W58/><G105/><T85/><D85/><U107/><E95/><V89/><F89/><W61/><G48/><T135/><D135/><U88/><E88/><V109/><F109/><W92/><G50/><T115/><D115/><U104/><E104/><V5/><F5/><W22/><G93/><T13/><D19/><U82/><E107/><V55/><F16/><W73/><G73/><T75/><D75/><U133/><E133/><RYUUKYOKU ba="0,0" sc="253,30,280,-10,240,-10,227,-10" hai0="13,17,38,39,51,54,57" /><INIT seed="3,1,0,2,1,133" ten="283,270,230,217" oya="3" hai0="2,10,86,34,127,13,125,115,56,72,9,67,91" hai1="100,108,22,105,123,19,131,92,120,42,128,89,51" hai2="38,69,33,45,53,50,101,3,5,18,90,73,112" hai3="118,54,1,94,31,70,132,55,49,11,24,43,93"/><W62/><G132/><T6/><D72/><U7/><E7/><V76/><F112/><W113/><G118/><T124/><D34/><U107/><E108/><V35/><F69/><W98/><G113/><T21/><D21/><U130/><E100/><V59/><F101/><W28/><G43/><T119/><D119/><U48/><E42/><N who="2" m="22743" /><F18/><W52/><G49/><N who="1" m="19018" /><E105/><V44/><F90/><W29/><G24/><T75/><D75/><U36/><E36/><V135/><F59/><W99/><G1/><T87/><D115/><U134/><E107/><V104/><F104/><W122/><G122/><T121/><D121/><U71/><E71/><V109/><F109/><W68/><G11/><T23/><D23/><U95/><E95/><N who="3" m="36362" /><G62/><N who="0" m="38343" /><D91/><U41/><E41/><V80/><F135/><W102/><G102/><T96/><D96/><AGARI ba="1,0" hai="28,29,31,52,54,55,68,70,96,98,99" m="36362" machi="96" ten="40,7700,0" yaku="28,2,54,1" doraHai="133" who="3" fromWho="0" sc="283,-80,270,0,230,0,217,80" /><INIT seed="3,2,0,3,2,6" ten="203,270,230,297" oya="3" hai0="131,100,123,109,61,66,114,95,67,125,82,74,104" hai1="2,79,62,78,133,5,127,14,86,20,59,92,72" hai2="15,48,99,32,130,134,1,101,56,19,35,24,81" hai3="38,120,126,89,47,85,36,16,39,44,4,116,94"/><W49/><G120/><T119/><D123/><U107/><E107/><V110/><F1/><W21/><G116/><T30/><D119/><U115/><E2/><V87/><F130/><W26/><G126/><T29/><D104/><U43/><E43/><V128/><F128/><W11/><REACH who="3" step="1"/><G49/><REACH who="3" ten="203,270,230,287" step="2"/><T55/><D125/><U132/><E127/><V7/><F48/><W28/><G28/><T53/><D30/><U112/><E115/><V124/><F124/><W90/><G90/><T23/><D29/><U45/><E112/><V93/><F134/><W77/><G77/><T65/><D114/><U9/><E79/><V34/><F34/><W13/><AGARI ba="2,1" hai="4,11,13,16,21,26,36,38,39,44,47,85,89,94" machi="13" ten="30,11700,0" yaku="1,1,0,1,52,1,54,1,53,0" doraHai="6" doraHaiUra="57" who="3" fromWho="3" sc="203,-41,270,-41,230,-41,287,133" /><INIT seed="3,3,0,2,4,94" ten="162,229,189,420" oya="3" hai0="40,118,114,84,68,6,57,53,36,29,101,23,31" hai1="116,120,74,54,47,108,16,89,76,14,117,11,81" hai2="96,1,25,125,21,27,124,30,110,62,7,73,71" hai3="126,129,24,128,43,26,132,78,102,64,69,107,109"/><W18/><G78/><T52/><D68/><U97/><E120/><V133/><F73/><W70/><G43/><T85/><D118/><N who="1" m="45675" /><E108/><V49/><F62/><W79/><G79/><T44/><D114/><U13/><E13/><V75/><F49/><W50/><G50/><T80/><D6/><U59/><E47/><V112/><F71/><W39/><G39/><T48/><D53/><U32/><E32/><V98/><F75/><W91/><G91/><T87/><D101/><U66/><E66/><V12/><F112/><W127/><G109/><T15/><D80/><U135/><E135/><V3/><F110/><W92/><G107/><T60/><D36/><U88/><E97/><N who="2" m="37483" /><F133/><W17/><G92/><T122/><D122/><U61/><AGARI ba="3,0" hai="11,14,16,54,59,61,74,76,81,88,89" m="45675" machi="61" ten="30,4000,0" yaku="12,1,54,2" doraHai="94" who="1" fromWho="1" sc="162,-13,229,49,189,-13,420,-23" /><INIT seed="4,0,0,0,4,49" ten="149,278,176,397" oya="0" hai0="67,133,27,37,0,75,55,94,76,7,119,69,62" hai1="122,101,109,16,81,111,74,78,80,64,104,4,128" hai2="66,13,71,3,115,129,23,107,58,91,60,52,59" hai3="88,100,54,6,132,5,68,65,99,48,38,135,120"/><T96/><D37/><U12/><E4/><V39/><F3/><W131/><G38/><T28/><D119/><U83/><E64/><V85/><F107/><W18/><G100/><T57/><D133/><N who="3" m="51273" /><G131/><T113/><D113/><U24/><E24/><V51/><F129/><W33/><G33/><T21/><D7/><U123/><E128/><V106/><F106/><W82/><G120/><N who="1" m="46122" /><E16/><N who="2" m="10639" /><F39/><W8/><G65/><T127/><D127/><U1/><E12/><V44/><F115/><W110/><G68/><T9/><D9/><U40/><E40/><V25/><F71/><W97/><G110/><N who="1" m="41994" /><E1/><V42/><F25/><W36/><G36/><T114/><D114/><U26/><E26/><V56/><F42/><W43/><G43/><T124/><D124/><U134/><E134/><V77/><F77/><W73/><G18/><T103/><D0/><U70/><E70/><V95/><AGARI ba="0,0" hai="44,51,52,56,58,59,60,66,85,91,95" m="10639" machi="95" ten="30,7900,0" yaku="8,1,52,1,54,2" doraHai="49" who="2" fromWho="2" sc="149,-39,278,-20,176,79,397,-20" /><INIT seed="5,0,0,0,1,86" ten="110,258,255,377" oya="1" hai0="121,81,35,96,66,91,22,135,124,14,80,42,17" hai1="101,72,99,103,94,63,48,20,128,127,78,111,13" hai2="131,106,76,31,119,133,32,4,116,53,71,75,120" hai3="36,100,44,130,29,113,47,54,55,43,2,84,90"/><U51/><E111/><V21/><F53/><W58/><G2/><T52/><D121/><U98/><E127/><V61/><F21/><W105/><G29/><T1/><D1/><U7/><E128/><V95/><F95/><W59/><G130/><T122/><D124/><U77/><E63/><V49/><F49/><W12/><G47/><T34/><D122/><U10/><E72/><V30/><F30/><W93/><G113/><T114/><D135/><U125/><E125/><V108/><F4/><W0/><G0/><T112/><D66/><U38/><E38/><V26/><F120/><W74/><G74/><T50/><D42/><U19/><E48/><V79/><F79/><W68/><G68/><T3/><D3/><U33/><E51/><V129/><F108/><W107/><G12/><T110/><D110/><U67/><E67/><V88/><F133/><W117/><G117/><T60/><D60/><U73/><E73/><V102/><F88/><W18/><G18/><T115/><D80/><U8/><E33/><V46/><F46/><W5/><G5/><T24/><D24/><U9/><REACH who="1" step="1"/><E7/><REACH who="1" ten="110,248,255,377" step="2"/><V6/><F6/><W92/><G36/><T118/><D118/><N who="2" m="45098" /><F129/><W97/><G43/><T56/><REACH who="0" step="1"/><D81/><REACH who="0" ten="100,248,255,377" step="2"/><U70/><E70/><V85/><F71/><W28/><G44/><T15/><D15/><U27/><E27/><V65/><F26/><W109/><G109/><T69/><D69/><U39/><E39/><V40/><F61/><W37/><G37/><T23/><D23/><U104/><AGARI ba="0,2" hai="8,9,10,13,19,20,77,78,94,98,99,101,103,104" machi="104" ten="30,3000,0" yaku="1,1,0,1,53,0" doraHai="86" doraHaiUra="87" who="1" fromWho="1" sc="100,-10,248,50,255,-10,377,-10" /><INIT seed="5,1,0,2,2,13" ten="90,298,245,367" oya="1" hai0="30,115,55,22,95,3,25,96,8,15,122,54,20" hai1="92,99,85,37,73,77,127,106,10,97,135,74,130" hai2="40,51,39,86,70,126,81,76,87,112,35,120,45" hai3="93,94,107,100,104,78,50,5,129,43,82,79,113"/><U28/><E37/><V67/><F120/><W83/><G5/><T16/><D122/><U123/><E123/><V80/><F35/><W59/><G43/><T27/><D115/><U91/><E28/><V9/><F112/><W58/><G50/><T29/><D3/><U98/><E10/><V19/><F126/><W121/><G121/><T103/><AGARI ba="1,0" hai="8,15,16,20,22,25,27,29,30,54,55,95,96,103" machi="103" ten="20,12000,2" yaku="0,1,7,1,9,1,8,1,52,1,54,1" doraHai="13" who="0" fromWho="0" sc="90,123,298,-61,245,-31,367,-31" /><INIT seed="6,0,0,5,1,80" ten="213,237,214,336" oya="2" hai0="12,77,64,34,9,118,87,100,42,17,49,111,51" hai1="120,14,69,101,18,56,91,10,116,50,70,57,90" hai2="4,20,125,84,60,36,107,43,65,131,7,45,81" hai3="26,102,130,85,31,11,105,35,121,123,63,93,32"/><V52/><F107/><W5/><G130/><T135/><D111/><U66/><E116/><V39/><F39/><W74/><G74/><T128/><D128/><U88/><E120/><V92/><F131/><W44/><G35/><T67/><D34/><U129/><E101/><V59/><F125/><W94/><G105/><T98/><D118/><U134/><E129/><V115/><F115/><W46/><G63/><T106/><D135/><U108/><E134/><V23/><F92/><W71/><G71/><T76/><D76/><U124/><E124/><V62/><F7/><W0/><G102/><T24/><D24/><U25/><E25/><V89/><REACH who="2" step="1"/><F4/><REACH who="2" ten="213,237,204,336" step="2"/><W79/><G94/><T33/><D33/><U119/><E119/><V99/><F99/><W133/><G93/><N who="0" m="58447" /><D42/><U37/><E37/><V21/><F21/><W75/><G133/><T29/><D106/><U13/><E108/><V97/><F97/><W30/><G123/><T22/><D22/><U117/><E117/><V53/><F53/><W122/><G121/><T103/><D103/><U3/><E66/><N who="0" m="25129" /><D29/><U95/><E95/><V78/><F78/><W16/><G79/><T68/><D68/><AGARI ba="0,1" hai="20,23,36,43,45,52,59,60,62,65,68,81,84,89" machi="68" ten="30,12000,1" yaku="1,1,7,1,52,1,54,1,53,1" doraHai="80" doraHaiUra="55" who="2" fromWho="0" sc="213,-120,237,0,204,130,336,0" /><INIT seed="6,1,0,0,4,97" ten="93,237,334,336" oya="2" hai0="0,109,41,59,115,84,113,125,110,54,112,32,85" hai1="130,95,90,87,43,68,61,65,15,92,73,60,93" hai2="116,72,129,81,6,33,119,83,122,46,117,55,4" hai3="20,40,105,36,91,102,19,66,106,28,42,101,45"/><V126/><F33/><W35/><G66/><T53/><D32/><U16/><E73/><V44/><F72/><W23/><G35/><T114/><N who="0" m="28672" /><DORA hai="27" /><T1/><D41/><U51/><E61/><V71/><F122/><W38/><G91/><T78/><D125/><U132/><E130/><V47/><F126/><W50/><G50/><T127/><D127/><U108/><E108/><N who="0" m="41577" /><D78/><U3/><E3/><N who="0" m="1097" /><D59/><N who="1" m="37023" /><E132/><V56/><F129/><W121/><G121/><T107/><D107/><U7/><E68/><V14/><F71/><W57/><G57/><T82/><D82/><U135/><E135/><V39/><F56/><W64/><G64/><T124/><D124/><U22/><E7/><V96/><F46/><AGARI ba="1,0" hai="15,16,22,43,46,51,87,90,92,93,95" m="37023" machi="46" ten="30,2000,0" yaku="8,1,54,1" doraHai="97,27" who="1" fromWho="2" sc="93,0,237,23,334,-23,336,0" /><INIT seed="7,0,0,2,3,69" ten="93,260,311,336" oya="3" hai0="29,82,105,65,6,78,101,132,10,99,120,21,109" hai1="67,86,116,129,85,53,92,13,73,91,63,77,25" hai2="97,75,84,106,18,27,119,104,66,96,103,93,83" hai3="70,37,54,102,26,111,19,51,115,131,128,60,11"/><W74/><G37/><T100/><D120/><U94/><E116/><V45/><F66/><N who="3" m="41287" /><G74/><T125/><D125/><U39/><E129/><N who="3" m="49738" /><G102/><T56/><D105/><N who="2" m="40554" /><F45/><N who="3" m="28015" /><G115/><T8/><D109/><U17/><E39/><V52/><F52/><W118/><G118/><T20/><D101/><U114/><E114/><V1/><F1/><W41/><G41/><T16/><D100/><U47/><E53/><V108/><F18/><W0/><G0/><T117/><D99/><N who="2" m="37962" /><F27/><W127/><G127/><T46/><D117/><U79/><E25/><V9/><F9/><W72/><G72/><T135/><D46/><U28/><E73/><V59/><F59/><W58/><G58/><T23/><D56/><U126/><E47/><V2/><F2/><W62/><G62/><T33/><D65/><U49/><E126/><V48/><F48/><W30/><G111/><T14/><D82/><U123/><E49/><V122/><F119/><W71/><G71/><T36/><D78/><U87/><E67/><V15/><F15/><N who="3" m="7679" /><G26/><T44/><D44/><U38/><E38/><V112/><F108/><W43/><G43/><T3/><REACH who="0" step="1"/><D36/><REACH who="0" ten="83,260,311,336" step="2"/><U4/><E63/><V88/><F112/><W57/><G57/><T113/><D113/><U61/><E61/><V50/><F50/><W80/><G80/><T22/><N who="0" m="5120" /><DORA hai="7" /><T121/><D121/><U12/><E123/><V68/><F122/><W133/><G30/><T24/><AGARI ba="0,1" hai="3,6,8,10,14,16,24,29,33,132,135" m="5120" machi="24" ten="50,16000,3" yaku="1,1,0,1,34,3,52,2,54,1,53,0" doraHai="69,7" doraHaiUra="89,76" who="0" fromWho="0" sc="83,170,260,-40,311,-40,336,-80" /><INIT seed="8,0,0,3,2,15" ten="253,220,271,256" oya="0" hai0="73,48,30,97,95,5,16,87,64,63,51,18,76" hai1="129,96,84,124,34,126,106,128,118,57,50,101,0" hai2="90,100,39,14,17,82,70,9,46,10,45,123,133" hai3="125,19,121,49,91,104,93,41,135,98,35,62,108"/><T54/><D5/><U120/><E34/><V80/><F70/><W79/><G35/><T58/><D30/><U88/><E0/><V103/><F39/><W78/><G108/><T115/><D115/><U56/><E120/><V131/><F123/><W2/><G2/><T59/><D73/><U134/><E118/><V99/><F131/><N who="1" m="50249" /><E50/><V66/><F66/><W26/><G121/><T110/><D110/><U31/><E31/><V42/><F42/><W86/><G104/><T85/><D48/><U52/><E134/><V53/><F133/><W8/><G135/><T22/><D76/><U114/><E114/><V12/><F99/><W102/><G125/><N who="1" m="48234" /><E52/><V67/><F67/><W89/><G62/><T83/><D83/><AGARI ba="0,0" hai="56,57,83,84,88,96,101,106" m="48234,50249" machi="83" ten="30,3900,0" yaku="19,1,18,1,54,1" doraHai="15" who="1" fromWho="0" sc="253,-39,220,39,271,0,256,0" /><INIT seed="9,0,0,2,5,31" ten="214,259,271,256" oya="1" hai0="47,33,11,7,16,41,62,122,36,99,110,116,104" hai1="51,0,134,73,77,49,109,1,115,119,43,96,89" hai2="3,27,135,111,124,46,64,37,133,127,66,88,30" hai3="13,74,6,18,8,70,120,29,34,101,75,83,52"/><U65/><E115/><V60/><F3/><W25/><G120/><T58/><D33/><U32/><E65/><V50/><F37/><W108/><G70/><T90/><D110/><U85/><E96/><V55/><F111/><W56/><G108/><T92/><D122/><U42/><E109/><V17/><F17/><W130/><G130/><T69/><D69/><U54/><E77/><V95/><F60/><W59/><G101/><T78/><D78/><U20/><E73/><V23/><F64/><W76/><G59/><T86/><D104/><U84/><E20/><V38/><F38/><W57/><G57/><T81/><D116/><U4/><E4/><V9/><F9/><W19/><REACH who="3" step="1"/><G75/><REACH who="3" ten="214,259,271,246" step="2"/><T126/><D126/><N who="2" m="48170" /><F66/><W102/><G102/><T123/><D123/><U98/><E119/><V113/><F113/><W15/><G15/><T131/><D131/><U82/><E0/><V14/><F14/><W105/><G105/><T12/><D58/><U100/><E1/><V132/><F132/><W40/><G40/><T112/><D62/><AGARI ba="0,1" hai="6,8,13,18,19,25,29,34,52,56,62,74,76,83" machi="62" ten="30,7700,0" yaku="1,1,7,1,52,1,54,1,53,0" doraHai="31" doraHaiUra="121" who="3" fromWho="0" sc="214,-77,259,0,271,0,246,87" owari="137,-36.0,259,-14.0,271,7.0,333,43.0" /></mjloggm>