<mjloggm ver="2.3"><GO type="97" lobby="0"/><UN n0="%E4%BC%8A%E4%BA%88%E3%81%8B%E3%82%82%E3%82%81" n1="%E3%83%8D%E3%82%AA%E3%83%BB%E3%83%95%E3%82%AA%E3%83%B3" n2="%E6%A1%83%E6%AC%A1%E9%83%8E" n3="%E3%82%A6%E3%83%AB%E3%83%88%E3%83%A9%E7%AB%8B%E7%9B%B4" dan="14,15,14,15" rate="1914.09,2000.87,1897.09,1994.50" sx="M,F,M,M"/><TAIKYOKU oya="0"/><INIT seed="0,0,0,0,4,59" ten="250,250,250,250" oya="0" hai0="116,127,113,83,18,123,64,46,65,119,129,4,130" hai1="41,66,131,14,67,71,122,38,7,90,114,44,135" hai2="2,105,10,37,109,15,133,23,22,12,16,57,69" hai3="93,95,107,132,58,30,5,96,108,82,51,117,0"/><T115/><D4/><U36/><E90/><V1/><F69/><W62/><G117/><N who="0" m="45131" /><D83/><U88/><E88/><V32/><F105/><W54/><G107/><T11/><D11/><U68/><E14/><N who="2" m="9495" /><F57/><W111/><G5/><T74/><D74/><U118/><E7/><N who="2" m="3167" /><F37/><W9/><G9/><T27/><D18/><U35/><E35/><V125/><F109/><N who="3" m="42059" /><G0/><N who="2" m="105" /><F125/><W97/><G82/><T50/><D27/><U33/><E33/><V40/><F40/><W80/><G80/><T77/><D77/><U99/><E99/><V86/><F86/><W121/><G97/><T85/><D85/><U110/><E110/><V124/><F124/><W8/><G95/><T78/><D78/><U26/><E41/><V89/><F89/><W128/><G93/><T56/><D127/><U126/><E44/><V13/><F32/><W25/><G121/><T39/><D123/><U112/><E122/><V47/><F47/><W31/><G96/><T100/><D100/><U84/><E126/><V45/><F45/><W87/><G87/><T91/><D91/><U92/><E84/><V79/><F79/><W120/><G120/><T53/><D39/><U76/><E92/><V52/><F52/><W28/><G54/><T6/><D46/><U73/><E76/><V103/><F103/><W48/><G58/><T106/><D106/><U49/><E38/><V102/><F102/><W34/><G34/><T104/><D104/><U101/><E36/><V55/><F133/><W20/><G132/><T29/><D29/><U94/><E118/><V19/><F55/><W24/><G31/><T60/><D6/><RYUUKYOKU ba="0,0" sc="250,-10,250,-10,250,30,250,-10" hai2="13,15,19,23" /><INIT seed="1,1,0,1,3,20" ten="240,240,280,240" oya="1" hai0="91,67,86,100,62,13,80,126,120,51,114,121,56" hai1="95,17,30,135,64,128,25,3,96,33,15,70,109" hai2="83,63,40,85,68,32,119,133,106,110,14,122,84" hai3="65,73,82,130,4,41,61,88,11,92,76,77,74"/><U39/><E39/><V134/><F119/><W103/><G103/><T49/><D126/><U28/><E128/><V79/><F122/><N who="0" m="47210" /><D114/><U71/><E135/><N who="2" m="51723" /><F106/><W9/><G41/><T115/><D115/><U6/><E109/><V78/><F32/><W27/><G130/><T111/><D111/><U124/><E124/><V93/><F40/><W52/><G11/><T1/><D1/><U47/><E47/><V98/><F14/><W127/><G127/><T57/><D100/><U48/><E48/><N who="0" m="18505" /><D13/><U18/><E64/><N who="2" m="40991" /><F110/><W23/><G65/><T5/><D5/><U34/><E71/><AGARI ba="1,0" hai="56,57,62,67,71,80,86,91" m="18505,47210" machi="71" ten="30,1000,0" yaku="13,1" doraHai="20" who="0" fromWho="1" sc="240,13,240,-13,280,0,240,0" /><INIT seed="2,0,0,1,4,1" ten="253,227,280,240" oya="2" hai0="119,60,110,112,118,79,23,44,95,36,81,10,90" hai1="84,104,129,76,83,16,34,15,68,109,80,86,94" hai2="122,92,33,93,46,71,67,21,100,69,14,108,27" hai3="38,115,135,19,3,61,103,70,65,9,22,66,20"/><V73/><F33/><W11/><G135/><T42/><D112/><U24/><E68/><V74/><F122/><W52/><G38/><T58/><D23/><U134/><E104/><V17/><F74/><W62/><G115/><T125/><D125/><U7/><E129/><V111/><F73/><W26/><G103/><T53/><D110/><N who="2" m="42026" /><F46/><W113/><G113/><T28/><D28/><U64/><E134/><V106/><F106/><W48/><G22/><T116/><D10/><N who="3" m="3593" /><G70/><N who="2" m="26633" /><F67/><N who="3" m="25611" /><G3/><T39/><D36/><U75/><E64/><V37/><F37/><W128/><G128/><T127/><D127/><U101/><E75/><V96/><F93/><W8/><N who="3" m="3601" /><W82/><DORA hai="107" /><G82/><T124/><D124/><U55/><E109/><V54/><F54/><W35/><G35/><T72/><REACH who="0" step="1"/><D119/><REACH who="0" ten="243,227,280,240" step="2"/><U32/><E32/><V18/><F18/><W133/><G133/><T88/><D88/><N who="1" m="51231" /><E34/><V50/><F17/><W5/><G5/><T41/><D41/><U59/><E7/><V102/><F102/><W98/><G19/><T56/><D56/><U89/><E24/><V29/><F27/><W45/><G26/><T117/><D117/><U13/><E16/><V99/><F100/><W120/><G20/><T57/><D57/><U131/><E101/><V49/><F21/><W4/><G4/><T123/><D123/><U31/><E31/><V126/><F29/><W51/><G120/><T63/><D63/><N who="1" m="36351" /><E131/><V40/><F126/><W130/><G130/><T132/><D132/><U87/><AGARI ba="0,1" hai="13,15,76,80,86,87,89,94" m="36351,51231" machi="87" ten="30,2000,0" yaku="8,1,54,1" doraHai="1,107" who="1" fromWho="1" sc="243,-5,227,30,280,-10,240,-5" /><INIT seed="3,0,0,0,0,45" ten="238,257,270,235" oya="3" hai0="50,27,73,31,37,2,127,36,72,98,24,84,112" hai1="110,6,101,102,10,68,17,61,26,43,40,93,105" hai2="134,86,78,38,106,111,60,132,76,123,108,48,59" hai3="135,19,114,121,0,87,131,35,55,124,74,133,51"/><W96/><G74/><T128/><D127/><U119/><E105/><V46/><F38/><W97/><G121/><T16/><D128/><U54/><E119/><V99/><F123/><W109/><G114/><T67/><D112/><U22/><E110/><N who="2" m="42027" /><F99/><W118/><G118/><T63/><D2/><U83/><E83/><V4/><F4/><W14/><G0/><T52/><D72/><U44/><E40/><N who="2" m="24647" /><F106/><W117/><G117/><T64/><D73/><U9/><E68/><V85/><F85/><W75/><G75/><T39/><D98/><N who="3" m="37993" /><G35/><T107/><D107/><U79/><E43/><V42/><F42/><W3/><G3/><T8/><D63/><U77/><E6/><V28/><F28/><W69/><G69/><T80/><D8/><U47/><E9/><V33/><F33/><W53/><G109/><T100/><D31/><U7/><E10/><V23/><F23/><N who="3" m="11767" /><G87/><T95/><D95/><U21/><E102/><V41/><F86/><W11/><G11/><T81/><D100/><U56/><E101/><V34/><F34/><W103/><G103/><T1/><D1/><U65/><E93/><V32/><F32/><W30/><G30/><T49/><D84/><U57/><E7/><V91/><F41/><W5/><G5/><T25/><D16/><N who="1" m="12583" /><E79/><N who="2" m="30251" /><F91/><W113/><G113/><T130/><D52/><AGARI ba="0,0" hai="52,59,60,132,134" m="30251,24647,42027" machi="52" ten="30,3900,0" yaku="14,1,52,1,54,1" doraHai="45" who="2" fromWho="0" sc="238,-39,257,0,270,39,235,0" owari="199,-30.0,257,6.0,309,40.0,235,-16.0" /></mjloggm>