<mjloggm ver="2.3"><GO type="97" lobby="0"/><UN n0="%E3%82%A6%E3%83%AB%E3%83%88%E3%83%A9%E7%AB%8B%E7%9B%B4" n1="%64%61%72%75%75" n2="%74%65%6E%6E%69" n3="%73%74%65%6E" dan="15,14,14,15" rate="1978.35,1962.85,1924.89,2045.95" sx="M,M,M,M"/><TAIKYOKU oya="0"/><INIT seed="0,0,0,1,5,31" ten="250,250,250,250" oya="0" hai0="125,126,128,70,19,65,61,110,133,114,77,21,127" hai1="118,37,53,119,120,60,64,59,17,81,74,132,24" hai2="71,73,121,56,26,29,4,95,1,46,90,33,117" hai3="84,12,22,27,107,116,130,83,67,44,86,20,105"/><T11/><D114/><U100/><E37/><V40/><F71/><W109/><G116/><T50/><D77/><U25/><E132/><V68/><F68/><W13/><G109/><T122/><D122/><U28/><E100/><V36/><F56/><W87/><G130/><T14/><D133/><U78/><E120/><V48/><F117/><W129/><G129/><T3/><D128/><U108/><E108/><V101/><F101/><W76/><G67/><T103/><D110/><U55/><E55/><V134/><F48/><W0/><G0/><T66/><D66/><U131/><E131/><V124/><F124/><W43/><G107/><T111/><D111/><U104/><E104/><V5/><F121/><W45/><G105/><T23/><D103/><U57/><E17/><V30/><F73/><W10/><G76/><T58/><D3/><U47/><E47/><N who="3" m="17994" /><G83/><T94/><D94/><U54/><E64/><V49/><F134/><W62/><G62/><T39/><D39/><U89/><E89/><V52/><F30/><N who="3" m="17767" /><G43/><T41/><D41/><U63/><E25/><V75/><F75/><W6/><G13/><T16/><D50/><U80/><E80/><V8/><F4/><W92/><G22/><AGARI ba="0,0" hai="22,24,28,53,54,57,59,60,63,74,78,81,118,119" machi="22" ten="30,2000,0" yaku="7,1,9,1" doraHai="31" who="1" fromWho="3" sc="250,0,250,20,250,0,250,-20" /><INIT seed="1,0,0,1,3,55" ten="250,270,250,230" oya="1" hai0="75,60,45,74,95,121,90,8,73,11,50,53,12" hai1="103,126,65,134,109,29,6,64,30,56,114,46,35" hai2="22,105,83,42,91,108,116,81,48,57,71,17,28" hai3="68,110,59,94,89,82,25,96,117,115,120,87,99"/><U106/><E114/><V23/><F71/><W93/><G68/><T88/><D121/><U123/><E123/><V97/><F108/><W15/><G120/><T38/><D38/><U112/><E112/><V47/><F116/><W54/><G115/><T84/><D12/><U98/><E6/><V31/><F105/><W3/><G3/><T16/><D16/><U72/><E72/><V128/><F128/><W0/><G0/><T10/><D60/><U86/><E109/><V52/><F81/><W67/><G110/><T125/><D125/><U37/><E126/><V130/><F130/><W32/><G117/><T5/><D5/><U85/><E64/><V18/><F83/><W133/><G133/><T49/><D75/><U19/><E134/><V7/><F7/><W101/><G67/><T69/><D69/><U34/><E34/><V70/><F70/><W2/><G2/><T78/><D78/><U27/><E30/><V20/><F91/><W51/><G15/><T13/><D13/><U118/><E19/><N who="2" m="7179" /><F97/><W111/><G111/><T66/><D66/><U135/><E135/><V107/><F107/><W76/><G32/><T33/><D33/><U4/><E4/><V62/><AGARI ba="0,0" hai="20,22,23,28,31,42,47,48,52,57,62" m="7179" machi="62" ten="30,4000,0" yaku="8,1,52,1,54,1" doraHai="55" who="2" fromWho="2" sc="250,-10,270,-20,250,40,230,-10" /><INIT seed="2,0,0,1,2,88" ten="240,250,290,220" oya="2" hai0="39,13,26,121,131,69,38,18,79,76,78,11,96" hai1="103,7,98,81,30,59,28,118,32,108,65,91,95" hai2="51,90,43,116,23,83,68,120,126,97,42,127,40" hai3="33,34,87,61,74,19,135,22,101,24,8,134,122"/><V49/><F68/><W53/><G122/><T21/><D121/><U109/><E118/><V29/><F120/><W119/><G119/><T124/><D69/><U82/><E7/><V110/><F116/><W73/><G101/><T1/><D1/><U111/><E32/><N who="3" m="12394" /><G8/><T5/><D124/><N who="2" m="47658" /><F110/><W4/><G4/><T112/><D112/><U20/><E91/><V132/><F132/><N who="3" m="50731" /><G87/><T25/><D131/><U36/><E36/><V102/><F83/><N who="1" m="31753" /><E20/><V3/><F3/><W75/><G61/><AGARI ba="0,0" hai="28,30,59,61,65,95,98,103,108,109,111" m="31753" machi="61" ten="40,2600,0" yaku="14,1,52,1" doraHai="88" who="1" fromWho="3" sc="240,0,250,26,290,0,220,-26" /><INIT seed="3,0,0,1,0,9" ten="240,276,290,194" oya="3" hai0="131,35,6,123,59,69,49,2,45,52,107,33,50" hai1="23,30,115,37,12,111,81,117,42,56,62,101,57" hai2="113,89,83,129,60,21,22,15,32,64,85,100,51" hai3="25,118,98,3,93,87,128,127,36,71,134,1,132"/><W120/><G71/><T109/><D69/><U74/><E115/><V39/><F32/><W47/><G118/><T43/><D107/><U103/><E117/><V116/><F39/><W16/><G120/><T38/><D123/><U28/><E37/><V31/><F113/><W10/><G127/><T63/><D131/><U0/><E0/><V78/><F100/><W92/><G128/><T48/><D109/><U82/><E42/><V68/><F51/><W97/><G87/><T27/><REACH who="0" step="1"/><D27/><REACH who="0" ten="230,276,290,194" step="2"/><U66/><E111/><V34/><F116/><W133/><G25/><T79/><D79/><U91/><E74/><V114/><F129/><W121/><G121/><T119/><D119/><U105/><E105/><V41/><F78/><W73/><G73/><T17/><D17/><U46/><E30/><V104/><F104/><W99/><G36/><T54/><D54/><U8/><E28/><V108/><F114/><W70/><G70/><T77/><D77/><U84/><E66/><V86/><F31/><W122/><G122/><T80/><D80/><U102/><E82/><V18/><F83/><W135/><G135/><T124/><D124/><U26/><E26/><V65/><F64/><W72/><G72/><T24/><D24/><U4/><E81/><V11/><F65/><W96/><G47/><T5/><D5/><U61/><E46/><V7/><F7/><W94/><N who="3" m="25088" /><DORA hai="44" /><W112/><G112/><T126/><D126/><U29/><E4/><V53/><F108/><W67/><G67/><T125/><D125/><U130/><E29/><V88/><F68/><W13/><AGARI ba="0,1" hai="1,3,10,13,16,92,93,94,132,133,134" m="25088" machi="13" ten="60,18000,2" yaku="5,1,0,1,29,2,20,1,52,1,54,1" doraHai="9,44" who="3" fromWho="3" sc="230,-60,276,-60,290,-60,194,190" owari="170,-33.0,216,-18.0,230,3.0,384,48.0" /></mjloggm>