<mjloggm ver="2.3"><GO type="97" lobby="0"/><UN n0="%E5%BC%B1%E8%80%85%E3%81%AE%E5%BA%95%E8%BE%BA" n1="%E3%82%88%E3%83%BC%E3%81%A1%E3%82%83%E3%82%93" n2="%E3%82%A6%E3%83%AB%E3%83%88%E3%83%A9%E7%AB%8B%E7%9B%B4" n3="%E3%81%98%E3%82%85%E3%81%AA%E3%81%B0%E3%81%B0%E3%81%B0" dan="14,14,15,14" rate="2069.52,1911.34,1975.86,1993.96" sx="M,M,M,M"/><TAIKYOKU oya="0"/><INIT seed="0,0,0,2,3,120" ten="250,250,250,250" oya="0" hai0="77,97,47,85,56,35,129,63,126,89,13,80,24" hai1="73,91,96,69,1,82,100,123,50,117,109,62,110" hai2="60,108,46,114,42,130,88,134,18,95,44,68,53" hai3="23,111,64,67,10,74,125,43,132,124,75,5,94"/><T105/><D129/><U3/><E123/><V52/><F114/><W61/><G111/><N who="1" m="42506" /><E117/><V87/><F134/><W37/><G132/><T104/><D126/><N who="3" m="48745" /><G94/><T30/><D47/><U33/><E33/><V93/><F130/><W36/><G23/><T102/><D13/><U55/><E69/><V106/><F106/><W127/><N who="3" m="48753" /><W71/><DORA hai="7" /><G67/><T49/><D49/><U54/><E62/><V4/><F108/><W26/><G26/><T15/><D15/><U59/><E54/><V40/><F60/><W65/><G65/><T12/><D12/><U131/><E131/><V20/><F68/><W98/><G98/><T57/><D105/><N who="1" m="63623" /><E91/><V6/><F88/><W58/><G58/><T79/><D57/><U2/><E2/><V90/><F53/><AGARI ba="0,0" hai="24,30,35,53,56,63,77,79,80,85,89,97,102,104" machi="53" ten="30,1500,0" yaku="7,1" doraHai="120,7" who="0" fromWho="2" sc="250,15,250,0,250,-15,250,0" /><INIT seed="0,1,0,0,1,28" ten="265,250,235,250" oya="0" hai0="97,114,109,18,123,127,79,15,93,58,128,33,87" hai1="65,130,32,37,16,106,51,94,26,103,2,3,77" hai2="72,48,67,75,41,119,96,88,132,17,47,55,101" hai3="8,131,25,105,38,12,4,99,90,69,78,59,92"/><T71/><D71/><U6/><E37/><V10/><F119/><W121/><G69/><T64/><D123/><U22/><E130/><V56/><F132/><W80/><G38/><T23/><D114/><U129/><E129/><V14/><F67/><W135/><G131/><T126/><D128/><U9/><E77/><V60/><F75/><W111/><G111/><T49/><D109/><U118/><E118/><V20/><F72/><W11/><G135/><T110/><D110/><U30/><E106/><V19/><F101/><W70/><G70/><T50/><D33/><U112/><E65/><V68/><F68/><W122/><G105/><T108/><D108/><U134/><E112/><V63/><F63/><W107/><G107/><T21/><D127/><U82/><E82/><V85/><F96/><W1/><G59/><T86/><D126/><U124/><E124/><V76/><F76/><W74/><REACH who="3" step="1"/><G25/><REACH who="3" ten="265,250,235,240" step="2"/><T27/><D58/><U66/><E134/><V89/><F85/><W31/><G31/><T117/><D86/><U102/><E66/><V40/><F40/><W45/><G45/><T113/><D64/><U125/><E125/><V24/><AGARI ba="1,1" hai="10,14,17,19,20,24,41,47,48,55,56,60,88,89" machi="24" ten="20,5200,0" yaku="0,1,7,1,8,1,54,1" doraHai="28" who="2" fromWho="2" sc="265,-27,250,-14,235,65,240,-14" /><INIT seed="1,0,0,5,2,108" ten="238,236,300,226" oya="1" hai0="33,69,17,109,41,86,15,30,103,120,28,4,31" hai1="54,8,93,10,11,121,92,98,81,26,133,0,124" hai2="117,45,48,94,111,106,76,18,85,112,97,101,53" hai3="118,64,12,113,55,2,1,20,49,80,59,24,131"/><U3/><E121/><V91/><F117/><W119/><G113/><T102/><D69/><U25/><E133/><V116/><F116/><N who="3" m="44587" /><G131/><T89/><D33/><U39/><E39/><V70/><F70/><W60/><G80/><T132/><D120/><U27/><E124/><V66/><F111/><W123/><G123/><T14/><D109/><U99/><E81/><V104/><F66/><W84/><G84/><T13/><D132/><U58/><E0/><V63/><F63/><W68/><G12/><T43/><D4/><U135/><E3/><V35/><F35/><W52/><G55/><T67/><D17/><AGARI ba="0,0" hai="1,2,17,20,24,49,52,59,60,64,68" m="44587" machi="17" ten="30,2000,0" yaku="12,1,54,1" doraHai="108" who="3" fromWho="0" sc="238,-20,236,0,300,0,226,20" /><INIT seed="2,0,0,5,1,123" ten="218,236,300,246" oya="2" hai0="47,72,38,12,116,133,71,68,4,104,99,91,73" hai1="8,45,90,63,67,111,78,42,76,24,93,110,96" hai2="105,1,16,40,23,113,64,75,134,58,106,31,11" hai3="81,120,114,108,13,56,54,79,61,107,49,102,125"/><V36/><F75/><W128/><G108/><N who="1" m="41514" /><E8/><V51/><F51/><W132/><G128/><T0/><D116/><U80/><E24/><V27/><F113/><W85/><G132/><T57/><D133/><U33/><E80/><V86/><F86/><W69/><G125/><T39/><D12/><U101/><E33/><V92/><F92/><W124/><G114/><T46/><D91/><U48/><E90/><V100/><F100/><W19/><G124/><T95/><D95/><U32/><E32/><V135/><F105/><W15/><G120/><T65/><D104/><U70/><AGARI ba="0,0" hai="42,45,48,63,67,70,76,78,93,96,101" m="41514" machi="70" ten="30,7900,0" yaku="14,1,52,3" doraHai="123" who="1" fromWho="1" sc="218,-20,236,79,300,-39,246,-20" /><INIT seed="3,0,0,0,2,100" ten="198,315,261,226" oya="3" hai0="30,84,64,94,32,43,113,28,123,72,74,6,15" hai1="90,109,62,26,86,76,59,130,67,40,1,57,34" hai2="133,104,37,91,114,36,53,79,122,68,121,93,25" hai3="24,16,13,63,127,60,135,42,47,38,87,33,56"/><W128/><G128/><T52/><D123/><N who="2" m="47114" /><F114/><W108/><G135/><T10/><D113/><U7/><E130/><V39/><F79/><W11/><G127/><T99/><D64/><U3/><E76/><V105/><F133/><W112/><G112/><T48/><D43/><U22/><E34/><V66/><F53/><W118/><G118/><T14/><D84/><U49/><E109/><V132/><F132/><W83/><G108/><T95/><D95/><U20/><E7/><V50/><F50/><W85/><G56/><T27/><D15/><U23/><E3/><V106/><F25/><W65/><G65/><T0/><D30/><U110/><E110/><V70/><F66/><W2/><G2/><T75/><D0/><U119/><E1/><V80/><F80/><W101/><G101/><T21/><D32/><U8/><E8/><V115/><F115/><W102/><G102/><T92/><REACH who="0" step="1"/><D99/><AGARI ba="0,0" hai="36,37,39,68,70,91,93,99,104,105,106" m="47114" machi="99" ten="40,8000,1" yaku="13,1,52,3" doraHai="100" who="2" fromWho="0" sc="198,-80,315,0,261,80,226,0" owari="118,-38.0,315,12.0,341,43.0,226,-17.0" /></mjloggm>