<mjloggm ver="2.3"><GO type="97" lobby="0"/><UN n0="%E9%AE%AB%E5%B3%B6" n1="%E8%B5%A4%E7%99%BD%E9%9D%92%E7%B4%AB%E9%BB%84%E7%B7%91" n2="%E3%82%A2%E3%83%AC%E4%BB%81" n3="%E3%82%A6%E3%83%AB%E3%83%88%E3%83%A9%E7%AB%8B%E7%9B%B4" dan="14,13,13,15" rate="1918.25,1838.06,1889.74,1987.39" sx="M,M,M,M"/><TAIKYOKU oya="0"/><INIT seed="0,0,0,1,5,0" ten="250,250,250,250" oya="0" hai0="73,14,109,102,55,81,1,69,114,106,30,85,25" hai1="84,103,75,71,92,53,93,24,132,35,117,105,110" hai2="33,68,70,115,76,47,120,57,91,135,67,42,54" hai3="52,87,94,44,88,7,134,131,40,72,122,34,125"/><T62/><D114/><U65/><E117/><V107/><F115/><W37/><G122/><T58/><D1/><U12/><E75/><V43/><F120/><W22/><G125/><T26/><D73/><U3/><E3/><V5/><F33/><W80/><G131/><T95/><D106/><U49/><E132/><V16/><F135/><W82/><G34/><T56/><D109/><U99/><E110/><V133/><F107/><W46/><G134/><T116/><D69/><U15/><E84/><V111/><F111/><W9/><G22/><T17/><D58/><U63/><E92/><V10/><F133/><W78/><G82/><T123/><D123/><U124/><E93/><V48/><F43/><W2/><G46/><T118/><D118/><U101/><E101/><V11/><F67/><W79/><G79/><N who="0" m="46271" /><D30/><U77/><E77/><V127/><F76/><W6/><G6/><T36/><D36/><U89/><E89/><V21/><F127/><W129/><G129/><T29/><D29/><N who="1" m="19879" /><E124/><V128/><F91/><W4/><G4/><T41/><D41/><U121/><E121/><V130/><F70/><W19/><G19/><T61/><D61/><U8/><E8/><V108/><F68/><W31/><G31/><T39/><D39/><U66/><E66/><V97/><F108/><W64/><G64/><T100/><D116/><U104/><E104/><V20/><F128/><W51/><G51/><T59/><D59/><AGARI ba="0,0" hai="12,15,49,53,59,63,65,71,99,103,105" m="19879" machi="59" ten="30,1000,0" yaku="25,1" doraHai="0" who="1" fromWho="0" sc="250,-10,250,10,250,0,250,0" /><INIT seed="1,0,0,1,5,111" ten="240,260,250,250" oya="1" hai0="15,115,93,103,28,31,91,29,1,18,59,14,35" hai1="129,4,26,85,37,19,100,86,84,5,114,54,46" hai2="87,74,38,92,47,55,80,109,132,62,24,25,113" hai3="17,13,49,61,51,121,68,43,88,90,127,23,11"/><U33/><E114/><V134/><F109/><W97/><G127/><T67/><D103/><U58/><E129/><V56/><F74/><W70/><G121/><T95/><D115/><U73/><E73/><V34/><F113/><W40/><G68/><T16/><D1/><U131/><E131/><V79/><F34/><W71/><G71/><T44/><D35/><U52/><E100/><V0/><F0/><W125/><G125/><T116/><D116/><U81/><E33/><V12/><F12/><N who="0" m="4650" /><D44/><U72/><E72/><V75/><F47/><W126/><G126/><T50/><D95/><U123/><E123/><V120/><F38/><W124/><G124/><T106/><D106/><U27/><E37/><V39/><F39/><W89/><G97/><N who="0" m="57535" /><D50/><N who="1" m="28759" /><E81/><V102/><F120/><W53/><G11/><T94/><D94/><U77/><E77/><V32/><F32/><W66/><REACH who="3" step="1"/><G51/><REACH who="3" ten="240,260,250,240" step="2"/><T112/><D112/><U22/><E27/><V8/><F8/><W122/><G122/><T133/><D133/><N who="2" m="51306" /><F102/><W30/><G30/><T20/><D20/><U99/><E99/><V45/><F45/><AGARI ba="0,1" hai="13,17,23,40,43,45,49,53,61,66,70,88,89,90" machi="45" ten="40,2600,0" yaku="1,1,54,1,53,0" doraHai="111" doraHaiUra="76" who="3" fromWho="2" sc="240,0,260,0,250,-26,240,36" /><INIT seed="2,0,0,0,0,121" ten="240,260,224,276" oya="2" hai0="68,126,8,81,29,130,96,104,101,11,28,74,46" hai1="26,103,5,9,83,30,91,14,78,84,56,62,70" hai2="6,63,120,133,124,92,33,13,47,108,18,17,116" hai3="106,24,67,36,93,128,76,20,60,114,98,89,21"/><V51/><F116/><W77/><G128/><T1/><D130/><U122/><E122/><V16/><F120/><W82/><G36/><T23/><D68/><U39/><E39/><V132/><F33/><W19/><G114/><T117/><D117/><U123/><E123/><V45/><F6/><W35/><G35/><T38/><D126/><U118/><E118/><V113/><F113/><W66/><G106/><T102/><D102/><U27/><E70/><V52/><F124/><W2/><G2/><T65/><D65/><N who="3" m="24585" /><G60/><T61/><D61/><U111/><E103/><V79/><F63/><W3/><G3/><T44/><D44/><U4/><E4/><V115/><F115/><W73/><G73/><T43/><D23/><U12/><E12/><V7/><F47/><W107/><G107/><T40/><D40/><U37/><E37/><V64/><F64/><W10/><G10/><T25/><D25/><U48/><E62/><V94/><F79/><N who="3" m="30283" /><G21/><T69/><D69/><U119/><E119/><V85/><F7/><W131/><G131/><T31/><D1/><U15/><E15/><V95/><F13/><W53/><G53/><T127/><D127/><U100/><E100/><V110/><F85/><W58/><G58/><T75/><D75/><U0/><E0/><V41/><F41/><W57/><G57/><T99/><D99/><U49/><E78/><V80/><F80/><AGARI ba="0,0" hai="19,20,24,80,82,89,93,98" m="30283,24585" machi="80" ten="30,1000,0" yaku="8,1" doraHai="121" who="3" fromWho="2" sc="240,0,260,0,224,-10,276,10" /><INIT seed="3,0,0,5,0,130" ten="240,260,214,286" oya="3" hai0="22,105,45,11,91,86,122,79,5,73,134,17,77" hai1="89,50,78,92,18,104,20,46,27,31,37,32,128" hai2="52,115,131,64,127,95,34,58,25,98,102,0,126" hai3="112,42,28,67,44,85,53,101,125,70,43,62,51"/><W55/><G112/><T61/><D122/><U96/><E128/><V88/><F115/><W48/><G125/><N who="2" m="47625" /><F131/><W111/><G111/><T113/><D113/><U12/><E104/><V36/><F36/><W9/><G101/><T66/><D105/><U94/><E78/><V103/><F0/><W107/><G107/><T110/><D110/><U4/><E37/><V3/><F64/><W29/><G85/><T30/><D30/><U109/><E109/><V123/><F3/><W68/><G28/><T10/><D45/><U47/><E4/><V97/><F123/><W19/><G29/><T100/><D100/><N who="2" m="38442" /><F25/><W80/><G80/><T99/><D99/><U15/><E94/><V116/><F116/><W1/><G68/><T23/><D66/><U39/><E39/><V135/><F34/><W6/><G19/><T21/><D17/><U56/><E12/><V59/><F98/><W24/><G24/><T83/><D5/><U114/><E114/><V82/><F82/><W65/><G65/><T35/><D35/><U69/><E69/><V132/><F59/><AGARI ba="0,0" hai="1,6,9,42,43,44,48,51,53,55,59,62,67,70" machi="59" ten="30,1500,0" yaku="7,1" doraHai="130" who="3" fromWho="2" sc="240,0,260,0,214,-15,286,15" owari="240,-16.0,260,6.0,199,-30.0,301,40.0" /></mjloggm>