<mjloggm ver="2.3"><GO type="97" lobby="0"/><UN n0="%EF%BC%BC%E3%82%A2%E3%83%AA%E3%81%A0%E3%83%BC%EF%BC%81%EF%BC%81%EF%BC%8F" n1="%CF%83%E9%8F%A1" n2="%E3%82%A6%E3%83%AB%E3%83%88%E3%83%A9%E7%AB%8B%E7%9B%B4" n3="%73%69%6E%6E%62%61" dan="13,14,15,14" rate="1880.35,1924.67,2035.07,1991.53" sx="M,M,M,M"/><TAIKYOKU oya="0"/><INIT seed="0,0,0,2,3,119" ten="250,250,250,250" oya="0" hai0="109,74,123,135,126,6,9,117,106,69,62,130,5" hai1="31,128,85,118,57,71,99,91,55,26,52,51,88" hai2="53,49,101,50,54,11,18,110,16,83,79,56,121" hai3="127,36,19,30,61,120,38,116,12,115,65,97,47"/><T82/><RYUUKYOKU type="yao9" ba="0,0" sc="250,0,250,0,250,0,250,0" hai0="5,6,9,62,69,74,82,106,109,117,123,126,130,135" /><INIT seed="0,1,0,3,5,86" ten="250,250,250,250" oya="0" hai0="76,81,126,28,85,114,47,121,22,69,132,18,134" hai1="57,54,78,40,124,19,64,34,91,62,95,96,74" hai2="125,24,133,46,58,70,60,14,53,99,36,90,1" hai3="65,128,10,41,16,33,88,50,120,135,104,30,39"/><T38/><D121/><U66/><E124/><V129/><F1/><W21/><G104/><T2/><D114/><U7/><E34/><V8/><F125/><W93/><G39/><T102/><D126/><U118/><E118/><V131/><F133/><N who="0" m="51306" /><D69/><U27/><E40/><V110/><F110/><W5/><G135/><T113/><D113/><U43/><E43/><V103/><F24/><N who="3" m="14375" /><G128/><N who="2" m="49225" /><F70/><W3/><G3/><T79/><D2/><U89/><E7/><N who="2" m="3359" /><F46/><N who="3" m="25935" /><G33/><T67/><D67/><U4/><E4/><V45/><F45/><W13/><G120/><T116/><D116/><U35/><E35/><V63/><F63/><W87/><G30/><T75/><D102/><U109/><E109/><V31/><F31/><W105/><G105/><T68/><D68/><U71/><E71/><V37/><F103/><W48/><G48/><T49/><D38/><U107/><E78/><V59/><F59/><W77/><G77/><N who="0" m="46255" /><D28/><U12/><E74/><V32/><F32/><W11/><G11/><T52/><D75/><U97/><E12/><AGARI ba="1,0" hai="12,18,22,47,49,52,76,79" m="46255,51306" machi="12" ten="30,2900,0" yaku="20,1,54,1" doraHai="86" who="0" fromWho="1" sc="250,32,250,-32,250,0,250,0" /><INIT seed="0,2,0,1,0,108" ten="282,218,250,250" oya="0" hai0="134,83,118,5,38,54,17,31,131,48,80,129,72" hai1="30,100,62,33,95,3,37,43,13,119,46,127,11" hai2="126,1,102,20,113,42,28,2,112,92,53,99,52" hai3="82,36,41,104,50,63,6,65,135,29,120,87,24"/><T103/><D118/><U71/><E119/><V75/><F75/><W14/><G104/><T130/><D38/><U122/><E122/><V44/><F2/><W101/><G36/><T81/><D134/><U74/><E127/><V27/><F1/><W25/><G120/><T123/><D123/><U76/><E95/><V94/><F126/><W125/><G101/><T51/><D72/><U91/><E91/><V88/><F53/><W116/><G116/><T68/><D68/><U45/><E45/><V106/><F106/><W90/><G135/><T111/><D111/><U73/><E100/><V49/><F42/><W66/><G125/><T77/><D103/><U8/><E13/><V132/><F132/><W55/><G41/><T98/><D98/><AGARI ba="2,0" hai="20,27,28,44,49,52,88,92,94,98,99,102,112,113" machi="98" ten="30,8000,1" yaku="7,1,52,2,54,2" doraHai="108" who="2" fromWho="0" sc="282,-86,218,0,250,86,250,0" /><INIT seed="1,0,0,1,3,112" ten="196,218,336,250" oya="1" hai0="39,56,85,124,75,132,59,123,134,74,119,47,50" hai1="7,63,113,28,94,5,125,61,97,78,129,98,67" hai2="65,117,87,68,52,22,30,96,3,133,42,84,130" hai3="88,126,90,57,12,26,1,114,29,27,33,38,110"/><U60/><E113/><V16/><F3/><W53/><G114/><T0/><D0/><U82/><E125/><V9/><F65/><W116/><G126/><T108/><D124/><U128/><E28/><V13/><F68/><W73/><G73/><T95/><D39/><U107/><E67/><V25/><F117/><W19/><G38/><T64/><D108/><U111/><E107/><V17/><F130/><N who="1" m="50281" /><E94/><V37/><F42/><W34/><G110/><T2/><D2/><U135/><E111/><V92/><F37/><W55/><G1/><T122/><D85/><N who="2" m="32842" /><F133/><N who="0" m="51306" /><D95/><U32/><E135/><V6/><F52/><W58/><G12/><T131/><D131/><U104/><E104/><V121/><F121/><N who="0" m="46090" /><D119/><U18/><E18/><V106/><F106/><W71/><G19/><T91/><D91/><AGARI ba="0,0" hai="6,9,13,16,17,22,25,30,91,92,96" m="32842" machi="91" ten="30,2000,0" yaku="8,1,54,1" doraHai="112" who="2" fromWho="0" sc="196,-20,218,0,336,20,250,0" /><INIT seed="2,0,0,1,0,58" ten="176,218,356,250" oya="2" hai0="77,79,115,35,2,50,59,130,6,121,37,105,70" hai1="65,33,49,117,39,96,122,9,68,80,75,74,114" hai2="3,47,69,97,101,78,94,100,53,44,7,32,76" hai3="109,0,123,90,133,104,110,34,98,31,41,88,42"/><V11/><F32/><W124/><G0/><T102/><D37/><U120/><E49/><V63/><F100/><W99/><G123/><T87/><D70/><U127/><E96/><N who="3" m="36906" /><G31/><T38/><D38/><U52/><E52/><V111/><F111/><N who="3" m="42507" /><G34/><T103/><D35/><U116/><E80/><V14/><F3/><W51/><G124/><T1/><D105/><U106/><E9/><V85/><F69/><W118/><G118/><T57/><D121/><U8/><E8/><V112/><F112/><W113/><G113/><T91/><D115/><U5/><E5/><V62/><F53/><W67/><G67/><T107/><D107/><U26/><E26/><V27/><F27/><W92/><G104/><T60/><D130/><U45/><E45/><N who="2" m="17483" /><F85/><N who="3" m="52239" /><G133/><T81/><D2/><U46/><E46/><V16/><F7/><W129/><G129/><T71/><D6/><U72/><E65/><V126/><F126/><W30/><G30/><T95/><D1/><U18/><E18/><V108/><F108/><W131/><G131/><T15/><D71/><U86/><E116/><V40/><F40/><W43/><G90/><N who="0" m="51567" /><D15/><U24/><E117/><V128/><F128/><W61/><G51/><T21/><D50/><U93/><E127/><V23/><F11/><W64/><G42/><T10/><D59/><AGARI ba="0,0" hai="41,43,59,61,64" m="52239,42507,36906" machi="59" ten="30,3900,0" yaku="14,1,52,1,54,1" doraHai="58" who="3" fromWho="0" sc="176,-39,218,0,356,0,250,39" /><INIT seed="3,0,0,5,3,35" ten="137,218,356,289" oya="3" hai0="0,58,15,116,46,100,20,63,83,119,106,17,44" hai1="27,10,84,24,112,90,77,79,109,1,123,34,40" hai2="16,66,78,93,25,70,29,9,76,110,118,37,47" hai3="92,11,99,126,38,75,73,36,6,87,121,14,103"/><W111/><G121/><T131/><D131/><U39/><E123/><V86/><F66/><W26/><G126/><T48/><D116/><U95/><E112/><V71/><F78/><W21/><G111/><T69/><D119/><U67/><E109/><V22/><F118/><W62/><G62/><T80/><D69/><U85/><E67/><V13/><F110/><W33/><G33/><T28/><D106/><U53/><E53/><V129/><F129/><W120/><G120/><T56/><D100/><U57/><E57/><V117/><F117/><W115/><G115/><T52/><D0/><U91/><E40/><V134/><F134/><W122/><G122/><T65/><REACH who="0" step="1"/><D28/><REACH who="0" ten="127,218,356,289" step="2"/><U4/><E39/><V19/><F37/><W41/><G38/><T101/><D101/><U64/><E64/><V8/><F70/><W135/><G135/><T128/><D128/><U107/><E107/><V96/><F29/><W61/><G36/><T127/><D127/><U49/><E49/><V51/><F71/><W98/><G41/><T94/><D94/><U68/><E68/><V60/><F51/><W45/><G61/><T132/><D132/><U31/><REACH who="1" step="1"/><E27/><REACH who="1" ten="127,208,356,289" step="2"/><V89/><F25/><W3/><G26/><T102/><D102/><U30/><E30/><V59/><F60/><W42/><G103/><T105/><D105/><U104/><E104/><V5/><F59/><W23/><G42/><T113/><D113/><U7/><E7/><V50/><F5/><W81/><G6/><T12/><D12/><U18/><E18/><V54/><F19/><W55/><G14/><T114/><D114/><RYUUKYOKU ba="0,2" sc="127,10,208,10,356,10,289,-30" hai0="15,17,20,44,46,48,52,56,58,63,65,80,83" hai1="1,4,10,24,31,34,77,79,84,85,90,91,95" hai2="8,9,13,16,22,47,50,54,76,86,89,93,96" owari="137,-36.0,218,-18.0,386,48.0,259,6.0" /></mjloggm>