<mjloggm ver="2.3"><GO type="41" lobby="0"/><UN n0="%62%75%7A%7A%77%69%7A" n1="%E6%99%82%E9%9B%A8%E5%BA%B5" n2="%E3%81%B2%E3%81%A7%E3%81%8D" n3="%E3%82%A6%E3%83%AB%E3%83%88%E3%83%A9%E7%AB%8B%E7%9B%B4" dan="15,13,13,16" rate="2032.63,1961.16,1866.57,2077.91" sx="M,M,M,M"/><TAIKYOKU oya="0"/><INIT seed="0,0,0,1,5,53" ten="250,250,250,250" oya="0" hai0="100,29,32,13,39,10,73,41,117,17,65,2,101" hai1="131,115,42,33,59,122,12,94,52,18,49,124,40" hai2="133,106,118,127,112,6,71,25,121,107,120,128,38" hai3="62,109,93,9,90,58,129,132,125,98,82,27,26"/><T89/><D73/><U16/><E33/><V48/><F6/><W81/><G125/><T116/><D65/><U96/><E122/><V4/><F120/><W8/><G129/><T66/><D66/><U76/><E131/><V47/><F4/><W75/><G132/><T28/><D2/><U103/><E124/><V104/><F104/><W85/><G109/><T78/><D78/><U1/><E1/><V35/><F25/><W97/><G97/><T5/><D5/><U80/><E115/><V55/><F55/><W108/><G108/><T77/><D77/><U30/><E30/><V110/><F47/><W68/><G68/><T79/><D79/><U123/><E123/><V61/><F61/><W114/><G81/><T113/><D113/><U91/><E18/><V67/><F67/><W7/><G75/><T14/><D14/><U0/><E103/><V95/><F95/><W34/><G114/><T31/><D32/><U83/><E0/><V87/><F87/><W45/><G45/><T15/><D15/><U69/><E69/><V102/><F102/><W72/><G72/><T20/><D10/><N who="1" m="6167" /><E76/><V37/><F48/><W22/><G34/><T43/><D39/><U21/><E21/><V64/><F64/><W134/><G134/><T36/><D36/><U57/><E57/><V50/><F50/><W111/><G111/><T84/><D116/><U11/><E11/><V99/><F99/><W60/><G8/><T23/><D23/><U130/><E130/><V88/><F38/><W51/><G9/><T44/><D117/><U119/><E119/><V19/><F127/><RYUUKYOKU ba="0,0" sc="250,-10,250,30,250,-10,250,-10" hai1="40,42,49,52,59,80,83,91,94,96" /><INIT seed="1,1,0,2,3,56" ten="240,280,240,240" oya="1" hai0="54,9,5,43,41,101,126,134,3,48,100,118,35" hai1="89,20,60,81,33,55,86,95,8,38,18,44,59" hai2="79,110,58,80,76,121,104,11,4,109,22,16,129" hai3="52,93,32,127,45,135,6,10,70,92,69,113,122"/><U63/><E33/><V67/><F121/><W83/><G32/><T99/><D118/><U131/><E131/><V123/><F123/><W31/><G122/><T74/><D74/><U133/><E133/><V85/><F104/><W53/><G135/><T82/><D134/><U61/><E8/><V88/><F129/><W68/><G113/><T97/><D82/><U30/><E30/><V47/><F47/><W24/><G127/><T96/><D35/><U72/><E72/><V98/><F98/><W1/><G24/><T14/><D3/><U39/><E39/><V103/><F103/><N who="0" m="39498" /><D126/><U40/><E81/><V78/><F11/><W73/><G31/><T75/><D75/><U105/><E105/><V28/><F28/><W50/><REACH who="3" step="1"/><G53/><REACH who="3" ten="240,280,240,230" step="2"/><T46/><AGARI ba="1,1" hai="5,9,14,41,43,46,48,54,96,97,99" m="39498" machi="46" ten="30,1100,0" yaku="8,1" doraHai="56" who="0" fromWho="0" sc="240,24,280,-6,240,-4,230,-4" /><INIT seed="2,0,0,0,1,122" ten="264,274,236,226" oya="2" hai0="81,114,120,77,91,50,73,68,80,20,7,135,4" hai1="119,64,26,12,92,131,87,113,61,78,126,49,115" hai2="27,8,101,100,127,30,38,17,44,58,107,19,40" hai3="32,128,111,70,28,57,75,129,99,54,25,110,14"/><V134/><F134/><W22/><G70/><T105/><D68/><U36/><E36/><V89/><F127/><W74/><G99/><T124/><D105/><U23/><E126/><V55/><F107/><W9/><G75/><T33/><D33/><U121/><E121/><V2/><F19/><W10/><G74/><T21/><D124/><U35/><E35/><V94/><F2/><W15/><G32/><T76/><D120/><U104/><E104/><V102/><F8/><W83/><G83/><T117/><D117/><U130/><E119/><V97/><F17/><N who="3" m="8399" /><G54/><T16/><D91/><N who="1" m="53375" /><E49/><V63/><REACH who="2" step="1"/><F102/><REACH who="2" ten="264,274,226,226" step="2"/><W13/><G13/><T11/><D135/><U59/><E12/><V72/><F72/><W39/><G39/><T48/><D73/><U52/><E113/><V95/><F95/><W34/><G34/><AGARI ba="0,1" hai="27,30,34,38,40,44,55,58,63,89,94,97,100,101" machi="34" ten="30,2900,0" yaku="1,1,7,1,53,0" doraHai="122" doraHaiUra="106" who="2" fromWho="3" sc="264,0,274,0,226,39,226,-29" /><INIT seed="2,1,0,3,2,46" ten="264,274,265,197" oya="2" hai0="91,38,108,63,56,8,66,116,0,80,21,134,106" hai1="131,20,40,12,4,79,129,42,81,110,57,115,93" hai2="105,99,17,37,71,69,53,49,122,96,62,31,34" hai3="48,103,52,104,33,11,92,126,95,130,72,120,119"/><V78/><F37/><W112/><G72/><T98/><D38/><U27/><E115/><V23/><F122/><W90/><G120/><T68/><D116/><U97/><E110/><V45/><F78/><W18/><G119/><T61/><D108/><U6/><E57/><V44/><F34/><W127/><G112/><T118/><D118/><U19/><E6/><V113/><F31/><W22/><G33/><T5/><D106/><U74/><E4/><V65/><F113/><W59/><G11/><T100/><D100/><U107/><E107/><V36/><F71/><W1/><G1/><T114/><D114/><U14/><E14/><V86/><F105/><W128/><G103/><T121/><D121/><U15/><E12/><V10/><F10/><W84/><G95/><T55/><D21/><U58/><E58/><V102/><F102/><W87/><G87/><T67/><D134/><U50/><E27/><V26/><REACH who="2" step="1"/><F86/><REACH who="2" ten="264,274,255,197" step="2"/><W125/><REACH who="3" step="1"/><G104/><REACH who="3" ten="264,274,255,187" step="2"/><T133/><D133/><U83/><E74/><V54/><F54/><W7/><G7/><T24/><D8/><U109/><E109/><V2/><F2/><W29/><G29/><T76/><D0/><U28/><E28/><V123/><F123/><W132/><G132/><T88/><D5/><U51/><E97/><V25/><F25/><AGARI ba="1,2" hai="18,22,25,48,52,59,84,90,92,125,126,127,128,130" machi="25" ten="40,8000,1" yaku="1,1,18,1,52,1,54,1,53,0" doraHai="46" doraHaiUra="94" who="3" fromWho="2" sc="264,0,274,0,255,-83,187,103" /><INIT seed="3,0,0,1,1,11" ten="264,274,172,290" oya="3" hai0="10,20,61,25,38,104,37,8,87,32,30,54,51" hai1="63,93,13,74,79,128,78,15,134,68,69,28,81" hai2="6,27,16,0,36,4,116,44,117,40,58,66,92" hai3="2,5,90,95,77,119,132,75,62,120,112,118,72"/><W113/><G5/><T14/><D104/><U41/><E78/><V70/><F70/><W88/><G2/><T26/><D61/><U18/><E28/><V85/><F6/><W24/><G62/><T17/><D87/><U96/><E41/><V84/><F84/><W31/><G24/><T65/><D8/><U89/><E134/><V121/><F121/><W127/><G31/><T46/><REACH who="0" step="1"/><D65/><REACH who="0" ten="254,274,172,290" step="2"/><U56/><E63/><V22/><F66/><W135/><G77/><T71/><D71/><U114/><E69/><V103/><F85/><W131/><G95/><T52/><D52/><U99/><E68/><V21/><F117/><W29/><G29/><AGARI ba="0,1" hai="10,14,17,20,25,26,29,30,32,37,38,46,51,54" machi="29" ten="30,7700,0" yaku="1,1,7,1,52,1,53,1" doraHai="11" doraHaiUra="43" who="0" fromWho="3" sc="254,87,274,0,172,0,290,-77" /><INIT seed="4,0,0,3,1,25" ten="341,274,172,213" oya="0" hai0="58,88,100,2,95,89,12,60,117,24,14,99,55" hai1="111,84,66,123,130,90,48,128,82,41,91,70,80" hai2="52,101,77,35,135,42,18,68,6,54,115,38,20" hai3="121,104,64,63,87,134,76,7,73,106,74,45,67"/><T97/><D2/><U120/><E111/><V36/><F35/><W19/><G121/><T107/><D117/><U46/><E66/><V50/><F68/><W109/><G109/><T79/><D79/><U27/><E70/><V83/><F6/><W126/><G126/><T116/><D116/><U21/><E82/><V129/><F38/><W28/><G134/><T103/><D12/><U59/><E59/><V133/><F36/><W31/><G87/><T72/><D72/><U114/><E91/><V112/><F42/><W119/><G19/><T92/><D107/><U118/><E114/><N who="2" m="43563" /><F101/><W122/><G7/><T110/><D110/><U22/><E22/><V17/><F129/><N who="1" m="49769" /><E118/><V125/><F125/><W49/><G119/><T16/><D24/><U0/><E0/><V37/><F37/><W40/><G122/><T39/><D39/><U47/><E46/><V132/><F50/><W5/><G5/><T81/><D81/><U23/><E23/><AGARI ba="0,0" hai="14,16,23,55,58,60,88,89,92,95,97,99,100,103" machi="23" ten="30,12000,1" yaku="7,1,9,1,8,1,54,2" doraHai="25" who="0" fromWho="1" sc="341,120,274,-120,172,0,213,0" /><INIT seed="4,1,0,1,2,81" ten="461,154,172,213" oya="0" hai0="13,1,18,70,52,42,63,23,89,4,43,39,101" hai1="121,69,77,128,116,97,28,50,53,109,3,135,48" hai2="6,15,66,65,134,68,122,102,44,108,95,27,41" hai3="75,83,105,40,86,78,22,5,33,32,106,115,112"/><T99/><D39/><U118/><E3/><V103/><F122/><W73/><G5/><T92/><D1/><U110/><E97/><V46/><F108/><W76/><G22/><T7/><D7/><U71/><E77/><V100/><F134/><W91/><G40/><T119/><D119/><U11/><E11/><V123/><F123/><W93/><G33/><T88/><D4/><U20/><E20/><V126/><F126/><W72/><G32/><T60/><D70/><U114/><E28/><V35/><F68/><W131/><G131/><T16/><D18/><U24/><E24/><V80/><F35/><W25/><G25/><T26/><D13/><U21/><E21/><V57/><F27/><W14/><G14/><T0/><D0/><U29/><E29/><V67/><F80/><W130/><G130/><T133/><D133/><U87/><E87/><V90/><F57/><W94/><G115/><T2/><D2/><U82/><E82/><V54/><F41/><N who="0" m="15370" /><D63/><U127/><E128/><V107/><F107/><W64/><G64/><T45/><D60/><U58/><E114/><V96/><REACH who="2" step="1"/><F54/><REACH who="2" ten="461,154,162,213" step="2"/><W61/><G112/><T34/><D34/><U129/><E121/><V8/><AGARI ba="1,1" hai="6,8,15,44,46,65,66,67,90,95,96,100,102,103" machi="8" ten="40,8000,1" yaku="1,1,2,1,0,1,8,1,53,0" doraHai="81" doraHaiUra="125" who="2" fromWho="2" sc="461,-41,154,-21,162,93,213,-21" /><INIT seed="5,0,0,1,2,103" ten="420,133,255,192" oya="1" hai0="32,66,17,94,69,25,99,51,39,6,73,55,12" hai1="9,72,102,112,41,107,110,50,119,14,132,108,16" hai2="24,61,90,7,60,40,131,100,81,133,127,75,29" hai3="87,125,101,96,36,31,11,111,79,27,26,124,19"/><U67/><E119/><V93/><F127/><N who="3" m="48715" /><G36/><T42/><D73/><U30/><E72/><V98/><F131/><W95/><G111/><N who="1" m="42538" /><E112/><V134/><F40/><W129/><G129/><T45/><D6/><U33/><E67/><V49/><F7/><W48/><G48/><T68/><D32/><U52/><E41/><V59/><F49/><W34/><G79/><T105/><D25/><N who="1" m="18639" /><E132/><V117/><F117/><W58/><G58/><T92/><D66/><U77/><E77/><V130/><F130/><W54/><G54/><T8/><D68/><U3/><E3/><V15/><F15/><N who="3" m="7679" /><G87/><T83/><D69/><U28/><E28/><V57/><F75/><W76/><G76/><T89/><D42/><U5/><E5/><V113/><F113/><W53/><G53/><T10/><D39/><U35/><E35/><V118/><F118/><W23/><G27/><T128/><D128/><U80/><E80/><V0/><F0/><W63/><G63/><T44/><D44/><N who="1" m="27719" /><E102/><V43/><F43/><W20/><AGARI ba="0,0" hai="20,23,26,31,34,95,96,101" m="7679,48715" machi="20" ten="30,1100,0" yaku="18,1" doraHai="103" who="3" fromWho="3" sc="420,-3,133,-5,255,-3,192,11" /><INIT seed="6,0,0,5,4,117" ten="417,128,252,203" oya="2" hai0="30,42,1,86,99,22,69,35,109,97,110,133,84" hai1="101,56,40,106,100,128,31,92,33,124,50,132,126" hai2="83,113,52,20,45,24,90,51,122,57,28,130,82" hai3="34,11,26,29,68,6,62,71,93,89,80,85,134"/><V44/><F113/><W102/><G134/><T131/><D35/><U19/><E106/><V127/><F127/><W53/><G102/><T9/><D69/><U38/><E38/><V60/><F130/><W76/><G53/><T59/><D42/><U21/><E128/><V39/><F122/><W37/><G62/><T116/><D131/><U64/><E33/><V54/><F39/><W7/><G6/><T47/><D47/><U16/><E132/><V135/><F135/><W98/><REACH who="3" step="1"/><G37/><REACH who="3" ten="417,128,252,193" step="2"/><T129/><D133/><U46/><E126/><V94/><REACH who="2" step="1"/><F44/><REACH who="2" ten="417,128,242,193" step="2"/><W121/><G121/><T25/><D129/><U114/><E124/><V49/><F49/><W67/><G67/><T2/><D116/><U27/><E50/><V66/><F66/><W81/><G81/><T61/><D110/><U108/><E64/><V23/><F23/><W119/><G119/><T70/><D109/><U3/><E108/><V95/><F95/><W104/><G104/><T77/><D22/><U36/><E92/><V63/><F63/><W73/><G73/><T111/><D111/><U75/><E75/><V105/><F105/><W123/><G123/><T103/><D61/><U96/><E21/><V120/><F120/><W12/><AGARI ba="0,2" hai="7,11,12,26,29,34,68,71,76,80,85,89,93,98" machi="12" ten="20,2700,0" yaku="1,1,0,1,7,1,53,0" doraHai="117" doraHaiUra="41" who="3" fromWho="3" sc="417,-7,128,-7,242,-13,193,47" /><INIT seed="7,0,0,3,5,48" ten="410,121,229,240" oya="3" hai0="17,13,94,89,120,34,50,80,35,68,12,83,124" hai1="101,40,82,39,44,70,23,32,46,59,1,66,112" hai2="95,43,51,81,97,103,129,132,57,6,130,45,96" hai3="53,111,7,127,73,3,84,38,117,75,11,20,114"/><W25/><G117/><T8/><D68/><U9/><E32/><V85/><F6/><W126/><G38/><T135/><D120/><U41/><E101/><V16/><F132/><W102/><G102/><T98/><D135/><U30/><E82/><V27/><F57/><W28/><G111/><T21/><D34/><U0/><E0/><V49/><F49/><W15/><G84/><T14/><D35/><U26/><E112/><V121/><F121/><W78/><G114/><T106/><D106/><U10/><E1/><V67/><F67/><W128/><G128/><N who="2" m="49257" /><F103/><W33/><G78/><T125/><D50/><U29/><E29/><V72/><F72/><W131/><G131/><T19/><D13/><U116/><E116/><V100/><F97/><W37/><G37/><T123/><D123/><U133/><E133/><V31/><F31/><W74/><G53/><T77/><D83/><U93/><E70/><V115/><F115/><W92/><G92/><T42/><D42/><U36/><E93/><V22/><F85/><W91/><G91/><T63/><D63/><U54/><REACH who="1" step="1"/><E66/><REACH who="1" ten="410,111,229,240" step="2"/><V61/><F81/><W64/><G64/><T24/><D24/><U99/><E99/><V107/><F107/><W71/><G71/><T134/><D134/><U65/><E65/><V118/><F118/><W109/><G109/><T52/><D98/><U105/><E105/><V86/><F86/><W69/><G69/><T47/><D80/><U4/><E4/><V119/><F119/><W110/><G110/><T108/><D108/><U2/><E2/><V104/><F104/><W55/><G3/><RYUUKYOKU ba="0,1" sc="410,-15,111,15,229,15,240,-15" hai1="9,10,23,26,30,36,39,40,41,44,46,54,59" hai2="16,22,27,43,45,51,61,95,96,100" owari="405,50.0,126,-37.0,244,4.0,225,-17.0" /></mjloggm>