<mjloggm ver="2.3"><GO type="97" lobby="0"/><UN n0="%E3%82%A6%E3%83%AB%E3%83%88%E3%83%A9%E7%AB%8B%E7%9B%B4" n1="%E3%81%A6%E3%82%93%E3%81%BB%E3%81%86%EF%BC%88%E7%AC%91%EF%BC%89" n2="%4F%53%43%37%37%37" n3="%E3%81%88%E3%81%B3%42%4F%58%45%52" dan="15,17,15,15" rate="1935.44,2025.44,1994.41,1939.32" sx="M,M,M,M"/><TAIKYOKU oya="0"/><INIT seed="0,0,0,4,2,89" ten="250,250,250,250" oya="0" hai0="44,132,65,61,53,125,106,119,42,123,57,70,5" hai1="97,76,100,60,6,14,79,21,38,118,105,116,126" hai2="85,11,80,95,107,122,103,18,127,134,2,72,52" hai3="58,16,104,27,128,115,124,121,131,56,29,47,96"/><T0/><D106/><U10/><E126/><V114/><F122/><W39/><G115/><T31/><D31/><U87/><E38/><V30/><F114/><W34/><G124/><T117/><D125/><U19/><E60/><V93/><F127/><W55/><G121/><T81/><D123/><U77/><REACH who="1" step="1"/><E87/><REACH who="1" ten="250,240,250,250" step="2"/><V51/><F72/><W43/><G131/><T23/><D119/><U71/><E71/><V28/><F134/><W109/><G128/><T94/><D117/><U83/><E83/><V12/><F2/><AGARI ba="0,1" hai="2,6,10,14,19,21,76,77,79,97,100,105,116,118" machi="2" ten="40,1300,0" yaku="1,1,53,0" doraHai="89" doraHaiUra="120" who="1" fromWho="2" sc="250,0,240,23,250,-13,250,0" /><INIT seed="1,0,0,1,1,76" ten="250,263,237,250" oya="1" hai0="91,95,114,13,57,98,102,42,69,71,3,126,83" hai1="51,4,38,99,55,60,79,49,82,30,119,92,70" hai2="33,22,12,120,86,85,29,63,47,73,77,106,52" hai3="84,125,101,2,61,54,45,27,48,40,46,127,20"/><U112/><E112/><V6/><F106/><W36/><G2/><T31/><D3/><U74/><E119/><V37/><F120/><W116/><G101/><T109/><D114/><U96/><E38/><V15/><F33/><W130/><G116/><T50/><D126/><U134/><E134/><V53/><F73/><W100/><G100/><T108/><D31/><U111/><E111/><N who="0" m="42569" /><D13/><N who="2" m="5194" /><F37/><W80/><G61/><T9/><D9/><U19/><E4/><V14/><F63/><W81/><G130/><T118/><D118/><U44/><E19/><N who="2" m="10615" /><F6/><W59/><G84/><N who="2" m="32361" /><F77/><W1/><G1/><T132/><D132/><U93/><E30/><V24/><F47/><W103/><G46/><N who="0" m="25943" /><D57/><U104/><E104/><V133/><F133/><W21/><G21/><T43/><D43/><U39/><E39/><V28/><F24/><W89/><G103/><T105/><D105/><U0/><E0/><V122/><F122/><W90/><G90/><T129/><D129/><U62/><E51/><V117/><F117/><W41/><G89/><T18/><D18/><U131/><E131/><V107/><F107/><W115/><G115/><T78/><D91/><U113/><E113/><V8/><F8/><W17/><G41/><T11/><D11/><U7/><E7/><V121/><F121/><W64/><REACH who="3" step="1"/><G64/><REACH who="3" ten="250,263,237,240" step="2"/><T66/><D66/><N who="1" m="41287" /><E62/><V58/><F53/><W56/><G56/><T123/><D123/><U10/><E10/><V16/><F58/><W97/><G97/><N who="1" m="37450" /><E55/><V110/><F110/><W88/><G88/><T94/><D94/><N who="1" m="36459" /><E44/><V87/><F52/><W32/><G32/><T5/><D5/><RYUUKYOKU ba="0,1" sc="250,10,263,10,237,-30,240,10" hai0="69,71,78,83,95,98,102" hai1="49,74,79,82" hai3="17,20,27,36,40,45,48,54,59,80,81,125,127" /><INIT seed="1,1,1,1,3,70" ten="260,273,207,250" oya="1" hai0="35,71,110,102,106,65,41,58,74,51,17,16,103" hai1="114,67,19,6,123,27,54,122,131,91,24,134,92" hai2="4,34,43,78,129,23,75,52,73,10,55,62,36" hai3="63,93,119,98,12,30,104,118,116,117,108,31,50"/><U25/><E114/><V15/><F34/><W20/><G104/><T42/><D74/><U40/><E134/><V59/><F129/><W37/><G37/><T96/><D110/><U46/><E131/><V45/><F78/><W2/><G2/><T48/><D35/><U29/><E29/><V124/><F124/><W69/><G50/><N who="0" m="18987" /><D71/><U82/><E54/><V125/><F125/><W128/><G128/><T44/><D106/><U121/><E67/><V130/><F130/><W1/><G1/><T84/><D84/><U99/><E6/><V88/><F55/><W76/><G76/><T72/><D72/><U11/><E82/><V53/><F53/><W113/><G108/><T81/><D81/><U97/><E99/><V101/><F101/><N who="0" m="38410" /><D96/><U100/><E100/><V87/><REACH who="2" step="1"/><F23/><REACH who="2" ten="260,273,197,250" step="2"/><W95/><G113/><T18/><D44/><U132/><E46/><V120/><F120/><W38/><G119/><T0/><D0/><U66/><E122/><V49/><F49/><W32/><G32/><T112/><D112/><U8/><E121/><V3/><F3/><W90/><G20/><T33/><D33/><U26/><E123/><V83/><AGARI ba="1,2" hai="4,10,15,36,43,45,52,59,62,73,75,83,87,88" machi="83" ten="20,12000,2" yaku="1,1,0,1,7,1,52,1,54,2,53,0" doraHai="70" doraHaiUra="61" who="2" fromWho="2" sc="260,-31,273,-61,197,143,250,-31" /><INIT seed="2,0,0,1,0,74" ten="229,212,340,219" oya="2" hai0="126,91,19,0,4,45,71,127,63,81,67,130,124" hai1="37,49,101,83,20,6,22,73,30,48,24,28,59" hai2="34,54,9,86,109,123,112,85,68,58,98,43,110" hai3="90,11,35,21,60,115,100,5,36,70,97,23,29"/><V78/><F123/><W65/><G36/><T104/><D104/><U26/><E37/><V125/><F68/><W64/><G64/><T76/><D91/><U13/><E101/><V41/><F34/><W66/><G66/><T15/><D45/><U2/><E2/><V106/><F112/><W102/><G102/><T39/><D39/><U134/><E134/><V53/><F125/><W47/><G47/><T46/><D46/><U38/><E38/><V8/><F106/><W119/><G119/><T108/><D4/><U1/><E1/><V44/><F98/><W87/><G115/><T17/><D0/><U50/><E6/><V32/><F32/><W55/><G55/><T105/><D105/><U129/><E129/><V82/><F86/><W128/><G128/><T114/><D114/><U89/><E13/><V107/><F107/><W40/><G40/><N who="2" m="15433" /><F44/><W57/><G70/><T111/><D130/><U84/><REACH who="1" step="1"/><E73/><REACH who="1" ten="229,202,340,219" step="2"/><V12/><F12/><W42/><G100/><T33/><D15/><U80/><E80/><V52/><F58/><AGARI ba="0,1" hai="20,22,24,26,28,30,48,49,50,58,59,83,84,89" machi="58" ten="40,5200,0" yaku="1,1,9,1,8,1,53,0" doraHai="74" doraHaiUra="7" who="1" fromWho="2" sc="229,0,202,62,340,-52,219,0" /><INIT seed="3,0,0,2,4,113" ten="229,264,288,219" oya="3" hai0="28,14,85,24,27,102,86,39,23,81,1,112,4" hai1="77,43,100,67,21,52,110,62,92,36,131,74,121" hai2="13,120,15,104,5,126,115,105,134,38,44,71,50" hai3="80,10,95,117,45,99,33,32,72,12,87,132,8"/><W58/><G132/><T6/><D39/><U60/><E121/><V11/><F120/><W109/><G72/><T94/><D1/><U122/><E122/><V106/><F115/><W9/><G117/><T29/><D112/><U53/><E74/><V26/><F71/><W25/><G45/><T114/><D114/><U70/><E77/><V17/><F134/><W68/><G68/><T41/><D41/><U63/><E21/><V127/><F38/><W0/><G0/><T129/><D129/><U84/><E100/><V20/><REACH who="2" step="1"/><F26/><REACH who="2" ten="229,264,278,219" step="2"/><W76/><G109/><T123/><D123/><U2/><E36/><V111/><F111/><W37/><G37/><T119/><D27/><U124/><E70/><V118/><F118/><W59/><G12/><T66/><D24/><U135/><E135/><V51/><F51/><W73/><G73/><T54/><D14/><U78/><E110/><V57/><F57/><W130/><G130/><T48/><D48/><U133/><E133/><V19/><F19/><W91/><REACH who="3" step="1"/><G25/><REACH who="3" ten="229,264,278,209" step="2"/><T31/><D119/><U82/><E131/><V128/><F128/><W16/><G16/><T22/><D6/><U97/><E2/><V98/><F98/><W107/><G107/><T93/><D4/><U90/><E97/><V61/><F61/><W125/><G125/><T55/><D31/><U116/><E124/><V65/><F65/><W3/><G3/><T103/><D66/><U79/><E116/><V88/><F88/><W89/><G89/><T69/><D69/><U83/><E67/><V46/><F46/><W18/><G18/><T101/><D101/><RYUUKYOKU ba="0,2" sc="229,10,264,-30,278,10,209,10" hai0="22,23,28,29,54,55,81,85,86,93,94,102,103" hai2="5,11,13,15,17,20,44,50,104,105,106,126,127" hai3="8,9,10,32,33,58,59,76,80,87,91,95,99" /><INIT seed="3,1,2,2,0,27" ten="239,234,288,219" oya="3" hai0="66,129,102,134,19,44,0,64,61,60,47,77,71" hai1="116,75,23,86,31,120,135,133,54,107,20,92,76" hai2="5,112,18,110,122,123,42,8,100,62,17,80,41" hai3="111,25,69,46,50,15,59,2,96,52,93,83,26"/><W58/><G69/><T105/><D0/><U114/><E114/><V82/><F112/><W6/><G2/><T95/><D105/><U51/><E107/><V13/><F110/><W84/><G111/><T11/><D77/><U124/><E120/><N who="2" m="46123" /><F62/><W57/><G6/><T125/><D125/><U22/><E116/><V37/><F100/><N who="3" m="60431" /><G15/><T70/><D129/><U4/><E4/><V97/><F97/><W115/><G115/><T79/><D79/><AGARI ba="1,2" hai="25,26,46,50,52,57,58,59,79,83,84" m="60431" machi="79" ten="30,2900,0" yaku="8,1,54,1" doraHai="27" who="3" fromWho="0" sc="239,-32,234,0,288,0,219,52" /><INIT seed="3,2,0,1,4,39" ten="207,234,288,271" oya="3" hai0="99,122,6,98,70,103,56,95,53,22,36,63,31" hai1="82,129,96,59,75,80,112,12,54,14,83,81,91" hai2="85,79,125,126,9,110,57,51,127,2,68,86,1" hai3="94,10,84,102,72,42,116,121,30,71,117,20,58"/><W11/><G121/><T61/><D36/><U48/><E112/><V50/><F110/><W123/><G71/><T16/><D122/><U35/><E35/><V18/><F68/><W43/><G72/><T107/><D6/><U45/><E129/><V124/><F124/><W97/><G123/><T77/><D77/><U105/><E105/><V4/><F1/><W132/><G132/><T60/><D31/><U104/><E104/><V13/><F79/><W120/><G120/><T90/><REACH who="0" step="1"/><D70/><REACH who="0" ten="197,234,288,271" step="2"/><U37/><E75/><V55/><F51/><W3/><G117/><T115/><D115/><U28/><E28/><V87/><F2/><W100/><G3/><T26/><AGARI ba="2,1" hai="16,22,26,53,56,60,61,63,90,95,98,99,103,107" machi="26" ten="20,12000,2" yaku="1,1,0,1,7,1,25,2,54,1,53,0" doraHai="39" doraHaiUra="76" who="0" fromWho="0" sc="197,136,234,-32,288,-32,271,-62" owari="333,43.0,202,-30.0,256,6.0,209,-19.0" /></mjloggm>