<mjloggm ver="2.3"><GO type="97" lobby="0"/><UN n0="%E3%82%A6%E3%83%AB%E3%83%88%E3%83%A9%E7%AB%8B%E7%9B%B4" n1="%E7%BE%8E%E9%B3%A5%E3%81%AE%E6%97%A5%E3%80%85" n2="%74%61%6B%61%74%61%68%61" n3="%74%6F%73%69" dan="15,14,15,14" rate="1994.10,1973.44,2026.52,1890.87" sx="M,M,M,M"/><TAIKYOKU oya="0"/><INIT seed="0,0,0,1,1,6" ten="250,250,250,250" oya="0" hai0="69,21,127,91,46,133,87,73,86,92,77,13,101" hai1="93,83,23,9,89,41,30,8,100,48,40,98,67" hai2="129,32,123,97,61,118,62,22,12,72,1,74,42" hai3="134,85,102,58,57,10,121,122,78,105,18,36,84"/><T124/><D69/><U17/><E30/><V4/><F123/><N who="3" m="47115" /><G36/><T28/><D133/><U119/><E119/><V34/><F129/><W31/><G134/><T112/><D112/><U20/><E67/><V11/><F118/><W64/><G31/><T49/><D101/><U80/><E48/><V116/><F116/><W117/><G117/><T130/><D130/><U110/><E110/><V16/><F42/><N who="1" m="16489" /><E20/><V81/><F97/><N who="3" m="61647" /><G78/><T126/><D73/><U7/><E7/><V88/><F74/><W50/><G58/><T94/><D77/><U19/><E19/><V113/><F113/><W115/><G115/><T99/><D94/><U3/><E3/><V29/><F34/><W103/><G103/><T95/><D95/><U107/><E107/><V65/><F65/><W71/><G71/><T52/><REACH who="0" step="1"/><D13/><REACH who="0" ten="240,250,250,250" step="2"/><N who="1" m="9647" /><E100/><V111/><F72/><W25/><G85/><T0/><D0/><U47/><E47/><V82/><F111/><W68/><G68/><T15/><D15/><U59/><E59/><V56/><F56/><W38/><G57/><T114/><D114/><U132/><E132/><V44/><F44/><W135/><G84/><T39/><D39/><U35/><E35/><V96/><F96/><W106/><G106/><T14/><D14/><U2/><E2/><V108/><F108/><W53/><G38/><T45/><D45/><U131/><E131/><V128/><F128/><W27/><G135/><T51/><D51/><U76/><E76/><V60/><F88/><W104/><G104/><T43/><D43/><U90/><E90/><V55/><F55/><W24/><G50/><RYUUKYOKU ba="0,1" sc="240,10,250,10,250,10,250,-30" hai0="21,28,46,49,52,86,87,91,92,99,124,126,127" hai1="8,9,80,83,89,93,98" hai2="1,4,11,12,16,22,29,32,60,61,62,81,82" /><INIT seed="0,1,1,4,0,82" ten="250,260,260,220" oya="0" hai0="7,31,26,69,108,81,50,51,52,106,90,10,17" hai1="58,85,25,1,14,63,111,21,93,99,38,70,117" hai2="76,133,95,46,118,74,130,56,73,35,18,75,135" hai3="11,6,96,29,80,92,27,121,61,32,110,86,68"/><T20/><D106/><U24/><E1/><V60/><F35/><W119/><G110/><T127/><D69/><U8/><E38/><V109/><F109/><W131/><G119/><T13/><D108/><U128/><E117/><V47/><F118/><W107/><G121/><T83/><D127/><U120/><E70/><V72/><F130/><W104/><G131/><T114/><D114/><U88/><E120/><V57/><F95/><W116/><G116/><T71/><D71/><U129/><E111/><V126/><F126/><W49/><G49/><T54/><D90/><U102/><E129/><V65/><F57/><W12/><G61/><T30/><D51/><U22/><E128/><V34/><F34/><W89/><REACH who="3" step="1"/><G68/><REACH who="3" ten="250,260,260,210" step="2"/><T5/><D54/><N who="1" m="34263" /><E25/><V101/><F133/><W103/><AGARI ba="1,2" hai="6,11,12,27,29,32,80,86,89,92,96,103,104,107" machi="103" ten="20,5200,0" yaku="1,1,0,1,7,1,52,1,53,0" doraHai="82" doraHaiUra="113" who="3" fromWho="3" sc="250,-27,260,-14,260,-14,210,75" /><INIT seed="1,0,0,2,5,108" ten="223,246,246,285" oya="1" hai0="48,87,70,40,93,96,109,107,18,90,127,121,130" hai1="76,55,62,36,102,33,134,101,124,125,2,24,131" hai2="135,41,10,9,63,117,133,78,22,100,104,32,25" hai3="43,42,95,26,81,75,72,74,80,129,69,5,1"/><U84/><E2/><V21/><F117/><W123/><G123/><T59/><D70/><U91/><E36/><V39/><F78/><W50/><G129/><T65/><D109/><U15/><E131/><V11/><F63/><W31/><G69/><T46/><D130/><U54/><E134/><N who="2" m="51211" /><F41/><W128/><G128/><T28/><D127/><N who="1" m="48715" /><E76/><V20/><F39/><W0/><G95/><T51/><D121/><U106/><E106/><V57/><F57/><W16/><G16/><T64/><D28/><N who="1" m="19591" /><E15/><V118/><F118/><W105/><G105/><T56/><D107/><U85/><E85/><V29/><F100/><N who="1" m="38505" /><E62/><V114/><F104/><W111/><G111/><T66/><D87/><U4/><E4/><V13/><F13/><W37/><G37/><T53/><D51/><U38/><E38/><V77/><F77/><W86/><G50/><T97/><D97/><U115/><E115/><AGARI ba="0,0" hai="9,10,11,20,21,22,25,29,32,114,115" m="51211" machi="115" ten="40,8000,1" yaku="20,1,34,2,52,2" doraHai="108" who="2" fromWho="1" sc="223,0,246,-80,246,80,285,0" /><INIT seed="2,0,0,2,3,51" ten="223,166,326,285" oya="2" hai0="111,134,96,59,34,117,84,53,13,100,74,69,112" hai1="128,82,97,91,14,55,67,116,101,30,3,38,71" hai2="6,15,61,9,106,60,98,90,70,72,124,118,93" hai3="56,75,130,19,11,25,24,35,127,41,54,20,44"/><V78/><F118/><W109/><G130/><T47/><D74/><U21/><E38/><V40/><F124/><W80/><G127/><T5/><D112/><U27/><E3/><V81/><F70/><W33/><G109/><T16/><D69/><U64/><E116/><V50/><F106/><W7/><G25/><T95/><D34/><U57/><E128/><V89/><F89/><W26/><G26/><T63/><D117/><U131/><E131/><V92/><F92/><W133/><G133/><T86/><D134/><U32/><E71/><V2/><F2/><W88/><G88/><T12/><D111/><U108/><E108/><V120/><F120/><W85/><G85/><T66/><D12/><U68/><E68/><V58/><F40/><W122/><G122/><T135/><D5/><U110/><E110/><V48/><F61/><W22/><G22/><T79/><D79/><U129/><E129/><V42/><F42/><W0/><G54/><AGARI ba="0,0" hai="6,9,15,48,50,54,58,60,72,78,81,90,93,98" machi="54" ten="30,2900,0" yaku="7,1,52,1" doraHai="51" who="2" fromWho="3" sc="223,0,166,0,326,29,285,-29" /><INIT seed="2,1,0,3,3,113" ten="223,166,355,256" oya="2" hai0="17,46,102,117,55,62,43,84,20,5,35,69,70" hai1="51,38,21,110,72,65,128,100,61,10,132,134,60" hai2="31,115,11,12,54,42,68,57,101,66,120,77,80" hai3="9,53,37,47,28,98,67,76,34,27,119,93,2"/><V52/><F120/><W15/><G119/><T124/><D35/><U63/><E72/><V36/><F115/><W88/><G67/><T81/><D5/><U50/><E100/><V16/><F101/><W82/><G53/><T94/><D124/><U91/><E91/><V41/><F36/><W78/><G2/><T30/><D30/><U26/><E10/><V130/><F130/><W4/><REACH who="3" step="1"/><G82/><REACH who="3" ten="223,166,355,246" step="2"/><T112/><D55/><U8/><E128/><V24/><F54/><W97/><G97/><T86/><D112/><U133/><E110/><V116/><F116/><W95/><G95/><T105/><D117/><U0/><E65/><V127/><F66/><W48/><G48/><T87/><D94/><U58/><E38/><V99/><F99/><W49/><G49/><T71/><D81/><U3/><E58/><V13/><F68/><W121/><G121/><T109/><D71/><U32/><E32/><V33/><F127/><W44/><G44/><T135/><D70/><U79/><E79/><V7/><F57/><W118/><G118/><T75/><D46/><U56/><E56/><V18/><F52/><W1/><G1/><N who="1" m="586" /><E8/><V45/><F45/><W6/><G6/><T22/><D69/><U90/><E90/><V40/><F40/><AGARI ba="1,1" hai="4,9,15,27,28,34,37,40,47,76,78,88,93,98" machi="40" ten="40,2600,0" yaku="1,1,54,1,53,0" doraHai="113" doraHaiUra="106" who="3" fromWho="2" sc="223,0,166,0,355,-29,246,39" /><INIT seed="3,0,0,5,5,90" ten="223,166,326,285" oya="3" hai0="52,6,51,120,105,14,115,80,61,63,88,110,4" hai1="5,74,2,40,117,102,77,58,123,108,60,62,35" hai2="53,68,28,45,42,106,72,69,87,15,118,47,13" hai3="71,26,48,79,128,76,83,66,81,17,39,132,101"/><W92/><G39/><T67/><D105/><U31/><E123/><V0/><F72/><W16/><G48/><T97/><D110/><U98/><E117/><V33/><F0/><W107/><G107/><T94/><D120/><U129/><E108/><V1/><F1/><W91/><G132/><T21/><D80/><N who="3" m="30793" /><G128/><T89/><D89/><U131/><E40/><V99/><F118/><W78/><G71/><T10/><D21/><U82/><E31/><V125/><F125/><W8/><G66/><T113/><D6/><U34/><E60/><V114/><F114/><N who="0" m="43530" /><D67/><U59/><E59/><AGARI ba="0,0" hai="4,10,14,51,52,59,61,63,88,94,97" m="43530" machi="59" ten="30,7700,0" yaku="11,1,52,1,54,2" doraHai="90" who="0" fromWho="1" sc="223,77,166,-77,326,0,285,0" owari="300,10.0,89,-41.0,326,42.0,285,-11.0" /></mjloggm>