<mjloggm ver="2.3"><GO type="169" lobby="0"/><UN n0="%57%49%4E%E7%A5%9E" n1="%E3%81%97%E3%82%85%E3%81%86%E3%83%BC%E3%80%82" n2="%70%69%79%6F%65%6D%6F%6E" n3="%EF%BC%88%E2%89%A7%E2%96%BD%E2%89%A6%EF%BC%89" dan="16,17,16,19" rate="2052.85,2131.26,2106.66,2308.42" sx="M,M,M,M"/><TAIKYOKU oya="0"/><INIT seed="0,0,0,1,2,79" ten="250,250,250,250" oya="0" hai0="71,13,82,29,76,38,113,89,67,129,134,92,4" hai1="84,64,109,32,60,59,63,44,114,101,97,48,42" hai2="43,90,86,91,95,33,25,120,127,54,94,123,100" hai3="62,12,52,102,46,118,61,20,73,37,108,31,77"/><T23/><D113/><U70/><E32/><V96/><F43/><W103/><G118/><T24/><D38/><U14/><E114/><V8/><F8/><W22/><G108/><T34/><D134/><U116/><E109/><V10/><F10/><W28/><G37/><T115/><D115/><U57/><E116/><V132/><F132/><W99/><G73/><T72/><D129/><U133/><E133/><V88/><F54/><W83/><G12/><T47/><D47/><U128/><E128/><V58/><F58/><W135/><G135/><T87/><D4/><U80/><E14/><V53/><F53/><W107/><G103/><T131/><D131/><U27/><E27/><V119/><F119/><W74/><G22/><T110/><D110/><U98/><E63/><V2/><F2/><W111/><G111/><T21/><REACH who="0" step="1"/><D13/><REACH who="0" ten="240,250,250,250" step="2"/><U68/><E68/><V30/><F127/><W93/><G46/><T40/><D40/><U17/><E70/><V106/><REACH who="2" step="1"/><F91/><REACH who="2" ten="240,250,240,250" step="2"/><W117/><G117/><T16/><D16/><U85/><E17/><V0/><F0/><W3/><G3/><T35/><D35/><U122/><E42/><V105/><F105/><W65/><G107/><T50/><D50/><U6/><E48/><V19/><F19/><W125/><G125/><T112/><D112/><U7/><E44/><V66/><F66/><W26/><G65/><T49/><D49/><U39/><E64/><V121/><F121/><W5/><G5/><T9/><D9/><U15/><E122/><V36/><F36/><W126/><G126/><T78/><D78/><U124/><E7/><RYUUKYOKU ba="0,2" sc="240,15,250,-15,240,15,250,-15" hai0="21,23,24,29,34,67,71,72,76,82,87,89,92" hai2="25,30,33,86,88,90,94,95,96,100,106,120,123" /><INIT seed="0,1,2,1,4,130" ten="255,235,255,235" oya="0" hai0="62,134,1,80,79,104,43,15,121,3,124,117,26" hai1="103,12,84,34,109,50,92,56,30,114,123,2,31" hai2="70,19,7,73,113,35,108,67,58,17,135,129,90" hai3="93,48,98,40,37,126,68,21,96,54,18,102,9"/><T95/><D121/><U82/><E2/><V105/><F35/><W125/><G68/><T88/><D117/><U24/><E123/><V78/><F19/><W99/><G9/><T45/><D104/><U115/><E109/><V120/><F78/><W127/><G40/><T76/><D134/><U36/><E36/><V38/><F90/><W32/><G32/><T77/><D124/><U116/><E31/><V69/><F58/><N who="3" m="33095" /><G37/><T13/><D62/><U51/><E116/><V8/><F67/><W55/><G55/><T106/><D106/><U59/><E12/><AGARI ba="1,2" hai="12,18,21,93,96,98,99,102,125,126,127" m="33095" machi="12" ten="30,1000,0" yaku="18,1" doraHai="130" who="3" fromWho="1" sc="255,0,235,-13,255,0,235,33" /><INIT seed="1,0,0,5,2,62" ten="255,222,255,268" oya="1" hai0="106,108,54,115,130,52,9,11,55,127,43,119,88" hai1="18,111,102,29,110,78,94,67,126,15,59,103,46" hai2="53,34,71,125,98,32,56,19,22,73,5,50,39" hai3="81,12,123,48,41,118,30,40,117,0,134,13,7"/><U74/><E29/><V109/><F73/><W84/><G30/><T114/><D119/><N who="3" m="45577" /><G134/><T69/><D108/><N who="1" m="41515" /><E126/><V86/><F109/><W124/><G123/><T70/><D127/><U42/><E94/><V93/><F125/><W128/><G128/><T27/><D130/><U96/><E96/><V25/><F39/><W58/><G0/><T51/><D106/><U120/><E120/><V10/><F71/><N who="0" m="27146" /><D27/><U133/><E133/><V44/><F86/><W2/><G2/><T92/><D92/><U77/><E74/><V76/><F76/><N who="1" m="29289" /><E46/><V37/><F37/><W83/><G124/><T101/><D101/><U3/><E42/><V57/><F44/><N who="3" m="25607" /><G41/><T21/><D43/><U68/><E68/><V131/><F131/><W113/><G84/><T129/><D129/><U122/><E3/><V20/><F34/><W82/><G82/><T16/><D51/><U99/><E99/><V85/><F32/><W91/><G83/><T121/><D121/><U65/><E122/><V4/><F85/><W61/><G81/><T31/><D31/><U49/><E103/><V107/><F107/><W1/><G91/><T23/><D88/><U90/><E102/><V28/><F98/><W135/><G135/><T105/><D105/><U87/><E90/><V75/><F75/><W97/><G97/><T89/><D89/><U63/><E87/><V60/><F93/><W95/><G95/><T116/><D116/><U79/><E79/><V36/><F36/><W104/><G104/><T17/><D115/><U45/><E49/><V8/><F50/><W24/><G113/><T38/><D114/><RYUUKYOKU ba="0,0" sc="255,0,222,0,255,0,268,0" /><INIT seed="2,1,0,0,0,4" ten="255,222,255,268" oya="2" hai0="21,76,87,127,29,43,92,17,66,31,37,62,80" hai1="10,119,122,11,82,44,105,30,110,131,68,25,100" hai2="126,49,121,54,77,58,103,73,20,64,13,89,99" hai3="95,56,90,24,42,79,67,59,109,55,48,112,70"/><V108/><F121/><W53/><G112/><T114/><D114/><U16/><E119/><V32/><F32/><W6/><G109/><T133/><D133/><U130/><E110/><V98/><F108/><W107/><G107/><T15/><D127/><U2/><E122/><V132/><F126/><W101/><G101/><T74/><D37/><U23/><E68/><V117/><F117/><W116/><G79/><T86/><D43/><U57/><E44/><V106/><F132/><W134/><G42/><T9/><D21/><U135/><E135/><V7/><F73/><W115/><G115/><T72/><D72/><U111/><E111/><V60/><F77/><W125/><G125/><T35/><D35/><U12/><E82/><V39/><F39/><W1/><G116/><T14/><D15/><U102/><E57/><V84/><F98/><W5/><G1/><T93/><D74/><U71/><E71/><V40/><F40/><W75/><G75/><T34/><D34/><U18/><E105/><V120/><F120/><W26/><G67/><T113/><D113/><U78/><E78/><V123/><F123/><W50/><G70/><T81/><D93/><U69/><E69/><V97/><F97/><N who="3" m="57591" /><G134/><T52/><D92/><U128/><E2/><V47/><F7/><AGARI ba="1,0" hai="5,6,7,24,26,48,50,53,55,56,59" m="57591" machi="7" ten="30,1000,0" yaku="8,1" doraHai="4" who="3" fromWho="2" sc="255,0,222,0,255,-13,268,13" /><INIT seed="3,0,0,0,2,57" ten="255,222,242,281" oya="3" hai0="55,107,120,67,82,7,76,6,46,59,127,77,14" hai1="125,42,111,63,64,85,126,90,53,36,16,48,87" hai2="40,13,106,35,25,102,52,101,114,115,30,69,38" hai3="78,131,98,68,23,104,109,60,34,132,108,112,129"/><W31/><G112/><T83/><D120/><U4/><E4/><V113/><F69/><W94/><G78/><T41/><D107/><U5/><E5/><V1/><F1/><W123/><G132/><T2/><D127/><U70/><E111/><N who="3" m="42570" /><G123/><T130/><D130/><N who="3" m="49673" /><G104/><T79/><D2/><U54/><E87/><V62/><F106/><W11/><G11/><T28/><D28/><U17/><E42/><V133/><F133/><W96/><G34/><T21/><D67/><U0/><E36/><V29/><F29/><W100/><G96/><T72/><D79/><U66/><E66/><V124/><F124/><N who="1" m="47721" /><E0/><V116/><F114/><W93/><G93/><T97/><D97/><U118/><E118/><V47/><F116/><W50/><G50/><T61/><D21/><U75/><E75/><V10/><F115/><W65/><G31/><T135/><D14/><U39/><E39/><V43/><F113/><W84/><G23/><T8/><D8/><U9/><E9/><V33/><F33/><W22/><G22/><T24/><D24/><U58/><E54/><V110/><F110/><W3/><G3/><T128/><D135/><U37/><E37/><V26/><F26/><W91/><G84/><T51/><D128/><U121/><E121/><V49/><F40/><W27/><G27/><T80/><D72/><U95/><AGARI ba="0,0" hai="16,17,48,53,58,63,64,70,85,90,95" m="47721" machi="95" ten="30,4000,0" yaku="18,1,52,1,54,1" doraHai="57" who="1" fromWho="1" sc="255,-10,222,40,242,-10,281,-20" /><INIT seed="4,0,0,3,3,54" ten="245,262,232,261" oya="0" hai0="38,25,71,99,68,127,37,60,128,89,59,69,94" hai1="58,102,104,36,27,23,106,118,3,28,63,53,96" hai2="34,2,75,123,84,52,98,51,134,113,87,13,41" hai3="35,81,44,88,9,125,78,32,107,93,10,114,76"/><T30/><D128/><U49/><E36/><V117/><F123/><W80/><G107/><T73/><D73/><U14/><E3/><V50/><F2/><W1/><G125/><T5/><D5/><U111/><E111/><V108/><F108/><W21/><G114/><T65/><REACH who="0" step="1"/><D127/><REACH who="0" ten="235,262,232,261" step="2"/><U119/><E119/><V95/><F75/><W130/><G130/><T124/><D124/><U61/><E118/><V70/><F117/><W56/><G1/><T17/><D17/><U19/><REACH who="1" step="1"/><E106/><REACH who="1" ten="235,252,232,261" step="2"/><V24/><F113/><W7/><G7/><T122/><D122/><U31/><E31/><V110/><F110/><W126/><G126/><T4/><D4/><U43/><E43/><V90/><F41/><W116/><G116/><T83/><D83/><U20/><AGARI ba="0,2" hai="14,19,20,23,27,28,49,53,58,61,63,96,102,104" machi="20" ten="20,5200,0" yaku="1,1,0,1,7,1,52,1,53,0" doraHai="54" doraHaiUra="39" who="1" fromWho="1" sc="235,-26,252,72,232,-13,261,-13" /><INIT seed="5,0,0,2,4,7" ten="209,324,219,248" oya="1" hai0="79,29,70,32,72,5,67,117,78,85,17,92,125" hai1="44,63,25,93,34,76,48,80,57,60,36,58,10" hai2="134,19,49,103,53,122,69,82,51,123,18,128,96" hai3="104,62,77,55,81,31,73,24,111,56,12,16,20"/><U26/><E36/><V38/><F38/><W110/><REACH who="3" step="1"/><G104/><REACH who="3" ten="209,324,219,238" step="2"/><T75/><D75/><U99/><E34/><AGARI ba="0,1" hai="12,16,20,24,31,34,55,56,62,73,77,81,110,111" machi="34" ten="30,8000,1" yaku="21,2,2,1,7,1,54,1,53,0" doraHai="7" doraHaiUra="71" who="3" fromWho="1" sc="209,0,324,-80,219,0,238,90" /><INIT seed="6,0,0,0,1,8" ten="209,244,219,328" oya="2" hai0="45,2,9,74,72,108,47,37,10,64,69,29,75" hai1="16,61,92,91,95,28,73,62,21,90,123,121,112" hai2="38,36,35,17,126,82,101,89,133,34,46,84,71" hai3="102,19,111,1,106,93,76,97,120,135,96,33,59"/><V11/><F71/><W13/><G1/><T103/><D108/><U80/><E28/><V127/><F133/><W40/><G33/><N who="2" m="12297" /><F101/><W119/><G120/><N who="1" m="46154" /><E112/><V128/><F46/><W7/><G7/><T5/><D29/><U20/><E20/><V15/><F128/><W56/><G40/><T51/><D103/><U94/><E73/><V83/><F82/><W3/><G3/><T104/><D104/><U0/><E0/><V23/><F23/><W114/><G135/><T31/><D31/><U54/><E54/><V122/><F122/><W125/><G106/><T116/><D10/><U70/><E70/><V55/><F55/><W49/><G102/><T12/><D2/><U113/><E113/><V99/><F99/><W134/><G97/><T79/><D116/><U85/><E91/><V30/><F30/><W118/><G119/><T87/><D37/><U42/><E42/><V105/><F105/><W4/><G118/><T107/><D107/><U48/><E48/><V32/><F32/><W57/><G49/><T22/><D51/><U6/><E6/><V117/><F117/><W131/><G4/><T60/><REACH who="0" step="1"/><D22/><REACH who="0" ten="199,244,219,328" step="2"/><U98/><E98/><V78/><F38/><W14/><G96/><T110/><D110/><U63/><E63/><V66/><F36/><W24/><G111/><T100/><D100/><U132/><E132/><V18/><F11/><N who="3" m="6591" /><G134/><T88/><D88/><U26/><AGARI ba="0,1" hai="16,21,26,61,62,80,85,90,92,94,95" m="46154" machi="26" ten="30,2000,0" yaku="13,1,54,1" doraHai="8" who="1" fromWho="1" sc="199,-5,244,30,219,-10,328,-5" /><INIT seed="7,0,0,2,1,107" ten="194,274,209,323" oya="3" hai0="65,104,55,66,70,59,68,102,28,4,56,0,61" hai1="50,85,131,13,34,20,90,11,108,97,135,32,27" hai2="24,132,67,60,7,2,3,115,129,37,124,78,127" hai3="88,44,80,87,113,53,9,116,75,62,73,16,15"/><W98/><G113/><T12/><D0/><N who="2" m="42" /><F37/><W125/><G125/><N who="2" m="48201" /><F115/><W10/><G116/><T25/><D4/><U100/><E108/><V118/><F118/><W41/><G9/><T51/><D12/><U93/><E131/><V95/><F129/><W8/><G8/><T133/><D133/><U110/><E110/><V40/><F132/><W45/><G98/><T58/><D102/><U105/><E135/><V119/><F119/><W82/><G82/><T57/><D104/><U64/><E64/><N who="0" m="24681" /><D25/><U30/><REACH who="1" step="1"/><E50/><REACH who="1" ten="194,264,209,323" step="2"/><V91/><F67/><W123/><G123/><T71/><D28/><U36/><E36/><V84/><F60/><AGARI ba="0,1" hai="51,55,56,57,58,59,60,61,68,70,71" m="24681" machi="60" ten="40,8000,1" yaku="35,5" doraHai="107" who="0" fromWho="2" sc="194,90,264,0,209,-80,323,0" owari="284,8.0,264,-14.0,129,-37.0,323,43.0" /></mjloggm>