<mjloggm ver="2.3"><GO type="97" lobby="0"/><UN n0="%41%72%63%61%64%69%61" n1="%35%31%32%31%39%35%31%35" n2="%E5%AE%B5%E9%97%87%E5%B0%86%E8%BB%8D" n3="%E3%82%A6%E3%83%AB%E3%83%88%E3%83%A9%E7%AB%8B%E7%9B%B4" dan="15,15,14,15" rate="1966.80,1933.52,1928.29,1998.09" sx="F,M,M,M"/><TAIKYOKU oya="0"/><INIT seed="0,0,0,0,2,96" ten="250,250,250,250" oya="0" hai0="128,53,11,62,120,5,118,133,103,57,10,20,115" hai1="36,60,38,101,42,51,25,54,14,23,92,91,113" hai2="105,121,43,45,58,89,110,41,116,108,82,65,28" hai3="79,122,35,87,93,126,100,127,75,39,48,46,76"/><T21/><D115/><U70/><E113/><V3/><F121/><W85/><G35/><T119/><D120/><U86/><E42/><V98/><F116/><W37/><G122/><T30/><D128/><U15/><E38/><V114/><F114/><W132/><G75/><T72/><D72/><U49/><E36/><V94/><F3/><W69/><G69/><T97/><D133/><U90/><E70/><V24/><F82/><W106/><G106/><T31/><D21/><U59/><E91/><V88/><F89/><W44/><G93/><T34/><D34/><U40/><E101/><N who="2" m="62647" /><F45/><W26/><G48/><N who="1" m="18506" /><E40/><V80/><F80/><W0/><G0/><T33/><D33/><U66/><E66/><V77/><F77/><W112/><G112/><T135/><D135/><U78/><E78/><V84/><F58/><W2/><G2/><T47/><D47/><U67/><E67/><V130/><F65/><W111/><G132/><T13/><D119/><U4/><E4/><V73/><F73/><W16/><G26/><T123/><D118/><U29/><AGARI ba="0,0" hai="14,15,23,25,29,54,59,60,86,90,92" m="18506" machi="29" ten="30,1100,0" yaku="8,1" doraHai="96" who="1" fromWho="1" sc="250,-5,250,11,250,-3,250,-3" /><INIT seed="1,0,0,1,4,44" ten="245,261,247,247" oya="1" hai0="36,32,9,21,29,58,62,42,128,68,66,10,121" hai1="37,49,119,35,116,104,101,25,85,122,20,131,57" hai2="30,84,94,103,120,6,17,12,105,39,83,124,81" hai3="111,125,88,51,52,40,46,89,31,126,75,1,72"/><U127/><E35/><V55/><F120/><W99/><G1/><T106/><D121/><U115/><E37/><V110/><F39/><W73/><G111/><T129/><D32/><U87/><E122/><V61/><F105/><W65/><G65/><T11/><D106/><U109/><E115/><V90/><F110/><W82/><G31/><T8/><N who="0" m="2560" /><DORA hai="107" /><T97/><D97/><U48/><E109/><V113/><F6/><W108/><G108/><T26/><REACH who="0" step="1"/><D58/><REACH who="0" ten="235,261,247,247" step="2"/><U41/><E104/><V63/><F113/><W74/><G99/><T135/><D135/><U50/><E57/><V43/><F30/><W91/><G40/><T47/><AGARI ba="0,1" hai="21,26,29,36,42,47,62,66,68,128,129" m="2560" machi="47" ten="50,6400,0" yaku="1,1,0,1,53,1" doraHai="44,107" doraHaiUra="69,77" who="0" fromWho="0" sc="235,74,261,-32,247,-16,247,-16" /><INIT seed="2,0,0,1,0,14" ten="309,229,231,231" oya="2" hai0="115,64,16,74,80,23,44,59,116,106,9,101,40" hai1="130,36,134,42,55,94,110,18,5,49,71,90,113" hai2="27,127,24,131,29,91,93,32,69,98,28,89,6" hai3="45,47,103,79,56,97,105,70,107,120,7,30,67"/><V84/><F69/><W135/><G120/><T117/><D115/><U57/><E113/><V83/><F127/><W99/><G135/><T66/><D9/><U87/><E5/><V111/><F131/><W11/><G79/><N who="0" m="44151" /><D59/><U75/><E75/><V121/><F121/><W109/><G109/><T3/><D3/><U72/><E72/><V15/><F111/><W100/><G30/><T12/><D101/><U85/><E134/><V1/><F1/><W104/><G104/><T108/><D106/><U54/><E71/><V41/><F41/><W35/><G35/><T78/><D78/><U95/><E36/><V123/><F123/><W20/><G70/><T82/><D82/><U77/><E110/><V58/><F58/><W22/><G56/><T17/><D17/><U133/><E130/><V102/><F102/><W81/><G81/><T26/><D26/><U48/><E77/><V50/><F50/><W128/><G128/><T31/><D31/><U132/><E42/><V21/><F15/><W86/><G86/><T4/><D108/><U38/><E38/><V19/><REACH who="2" step="1"/><F6/><REACH who="2" ten="309,229,221,231" step="2"/><W39/><G39/><N who="0" m="21535" /><D4/><U96/><E133/><V37/><F37/><W10/><G7/><T8/><D12/><U73/><E73/><V92/><F92/><W0/><G0/><T63/><D117/><U119/><E119/><V118/><F118/><W34/><G103/><T61/><D116/><U43/><E132/><V68/><F68/><W125/><G100/><T129/><D129/><U52/><E95/><V25/><F25/><W46/><G107/><T124/><D124/><U33/><E33/><RYUUKYOKU ba="0,1" sc="309,-10,229,-10,221,30,231,-10" hai2="19,21,24,27,28,29,32,83,84,89,91,93,98" /><INIT seed="2,1,1,3,5,89" ten="299,219,251,221" oya="2" hai0="94,45,82,126,56,121,74,101,28,85,24,41,20" hai1="21,23,54,117,95,114,33,40,75,4,123,106,125" hai2="77,100,15,99,84,129,76,36,13,43,32,97,52" hai3="48,134,3,27,6,39,132,116,96,26,61,135,112"/><V65/><F32/><W51/><G39/><T42/><D121/><U107/><E33/><V133/><F129/><W91/><G116/><T93/><D126/><U49/><E75/><V63/><F133/><W67/><G112/><T18/><D74/><U108/><E117/><V12/><F36/><W80/><G6/><T109/><D109/><U81/><E114/><V90/><F43/><N who="0" m="16394" /><D45/><U98/><E40/><V115/><F115/><W47/><G3/><T58/><D18/><U1/><E108/><V10/><F10/><W72/><G47/><T130/><D130/><U131/><E125/><V34/><F34/><W88/><G72/><T11/><D11/><U128/><E123/><V62/><F62/><W8/><G8/><T59/><D101/><U22/><E81/><V60/><F60/><W25/><G80/><T102/><D102/><U50/><E131/><V16/><F16/><W53/><G53/><T92/><D82/><U7/><E128/><V127/><F127/><W124/><G124/><T55/><D85/><U57/><E1/><V66/><F66/><W83/><G83/><T0/><D0/><U64/><E64/><V104/><F99/><W35/><G35/><T5/><D5/><N who="1" m="2123" /><E107/><V30/><F30/><W119/><G119/><T19/><D28/><U17/><E106/><V46/><F65/><W103/><G67/><T87/><D87/><U14/><E49/><AGARI ba="1,1" hai="19,20,24,49,55,56,58,59,92,93,94" m="16394" machi="49" ten="30,7700,0" yaku="8,1,52,3" doraHai="89" who="0" fromWho="1" sc="299,90,219,-80,251,0,221,0" /><INIT seed="3,0,0,0,0,6" ten="389,139,251,221" oya="3" hai0="79,39,75,80,54,23,29,30,77,124,90,98,22" hai1="108,78,94,133,74,66,42,43,17,130,123,128,131" hai2="116,117,132,68,26,88,112,73,31,2,100,32,126" hai3="11,15,82,72,92,89,85,50,125,38,119,101,104"/><W122/><G38/><T37/><D124/><U76/><E74/><V13/><F73/><W111/><G122/><T60/><D75/><U135/><E123/><V18/><F2/><W21/><G119/><T102/><D102/><U48/><E108/><V84/><F112/><W52/><G125/><T1/><D1/><U121/><E121/><V64/><F126/><W35/><G35/><T63/><D90/><U0/><E0/><V115/><F115/><W10/><G104/><T36/><D36/><U58/><E94/><V95/><F100/><W120/><G120/><T19/><D54/><U25/><E17/><V47/><F47/><N who="3" m="27743" /><G72/><T27/><D27/><U70/><E25/><V44/><F44/><W53/><G53/><T83/><D98/><U107/><E107/><V93/><F93/><W8/><G111/><T3/><D3/><U96/><E96/><V91/><F91/><W9/><G21/><T97/><D97/><U41/><E48/><V109/><F109/><W110/><G110/><T118/><D19/><U28/><E28/><V105/><F132/><W12/><N who="3" m="2048" /><DORA hai="55" /><W86/><G101/><T59/><D118/><U57/><E70/><V134/><F134/><N who="1" m="51209" /><E66/><V20/><REACH who="2" step="1"/><F105/><REACH who="2" ten="389,139,241,221" step="2"/><W24/><G24/><T4/><D39/><U65/><E65/><V49/><F49/><W67/><G67/><T7/><D37/><U40/><N who="1" m="10752" /><DORA hai="46" /><U45/><E45/><V5/><F5/><W71/><G71/><T61/><D4/><U106/><E106/><V127/><F127/><W113/><G113/><T129/><D7/><U14/><E14/><V114/><F114/><RYUUKYOKU ba="0,1" sc="389,-30,139,10,241,10,221,10" hai1="57,58,76,78,128,130,131" hai2="13,18,20,26,31,32,64,68,84,88,95,116,117" hai3="12,15,82,85,86,89,92" /><INIT seed="3,1,1,0,0,53" ten="359,149,251,231" oya="3" hai0="5,94,34,19,1,99,46,4,76,128,112,96,12" hai1="95,80,65,30,118,131,106,47,60,126,43,67,7" hai2="49,93,35,24,41,129,72,14,123,70,48,130,75" hai3="36,92,6,64,85,73,10,121,87,22,17,21,81"/><W74/><G36/><T23/><D34/><U77/><E106/><V114/><F114/><W15/><G121/><T109/><D112/><U125/><E7/><N who="0" m="2633" /><D1/><U116/><E30/><V91/><F70/><W102/><G22/><T62/><D109/><U115/><E95/><V68/><F68/><W86/><G64/><N who="1" m="24650" /><E80/><V111/><F123/><W27/><G74/><T33/><D46/><U98/><E98/><V79/><F111/><W108/><G108/><T13/><D33/><U119/><E115/><V89/><F35/><W42/><G42/><T105/><D105/><U124/><E77/><V69/><F69/><W18/><G73/><T110/><D110/><U120/><E120/><V29/><F24/><W3/><G3/><T0/><D0/><U82/><E82/><V101/><F29/><W52/><G6/><T97/><D76/><U28/><E28/><V127/><F79/><W16/><G18/><N who="0" m="10695" /><D62/><U104/><E104/><V103/><F14/><W90/><G102/><N who="0" m="60695" /><D128/><U88/><E88/><V71/><F71/><W40/><G40/><T20/><AGARI ba="1,1" hai="13,19,20,97,99" m="60695,10695,2633" machi="20" ten="30,1100,0" yaku="8,1" doraHai="53" who="0" fromWho="0" sc="359,24,149,-4,251,-4,231,-6" owari="383,47.0,145,-35.0,247,5.0,225,-17.0" /></mjloggm>