<mjloggm ver="2.3"><GO type="41" lobby="0"/><UN n0="%E3%81%8A%E3%81%A3%E3%81%A1%E3%81%A3%E3%81%A1" n1="%E3%82%A6%E3%83%AB%E3%83%88%E3%83%A9%E7%AB%8B%E7%9B%B4" n2="%E3%81%9F%E3%81%AC%E3%81%95%E3%82%93" n3="%67%6F%6C%64%65%6E%62%61" dan="14,16,17,14" rate="1968.75,2059.90,2115.67,1965.88" sx="M,M,M,M"/><TAIKYOKU oya="0"/><INIT seed="0,0,0,2,2,106" ten="250,250,250,250" oya="0" hai0="63,45,29,103,126,26,117,11,75,59,120,87,54" hai1="13,23,53,100,32,114,64,86,24,51,20,71,58" hai2="3,30,82,18,1,34,28,101,90,73,37,22,16" hai3="65,66,77,123,95,43,19,6,112,15,98,55,130"/><T27/><D75/><U41/><E114/><V60/><F37/><W105/><G112/><T7/><D120/><U47/><E100/><V110/><F101/><W109/><G105/><T38/><D117/><U125/><E125/><V92/><F60/><W96/><G109/><T108/><D126/><U36/><E86/><V124/><F124/><W72/><G6/><T129/><D108/><U56/><E56/><V81/><F110/><W127/><G127/><T17/><D129/><U62/><REACH who="1" step="1"/><E13/><REACH who="1" ten="250,240,250,250" step="2"/><V116/><F116/><W2/><G130/><T69/><D103/><U133/><E133/><V40/><F3/><W52/><G123/><T102/><D87/><U8/><E8/><V5/><F1/><W121/><G2/><T107/><D102/><U50/><E50/><V97/><F97/><W131/><G131/><T80/><D107/><U57/><E57/><V132/><F132/><W4/><G121/><T89/><D59/><U48/><E48/><V42/><F5/><W93/><G4/><T44/><D7/><U68/><E68/><V76/><F40/><W78/><G15/><T12/><D69/><U115/><E115/><V9/><F9/><W10/><G10/><T31/><D11/><U99/><E99/><V49/><F49/><W67/><G43/><T122/><D12/><U128/><E128/><V88/><F42/><W25/><G96/><T104/><D122/><U21/><E21/><V83/><F22/><W46/><G98/><T119/><D104/><U0/><E0/><V111/><F111/><W113/><G113/><T35/><D119/><U84/><E84/><RYUUKYOKU ba="0,1" sc="250,-10,240,30,250,-10,250,-10" hai1="20,23,24,32,36,41,47,51,53,58,62,64,71" /><INIT seed="1,1,1,0,2,74" ten="240,270,240,240" oya="1" hai0="113,93,70,7,64,97,117,3,86,16,11,24,13" hai1="114,73,29,112,12,33,1,25,4,123,9,44,111" hai2="65,122,35,133,40,100,130,31,0,107,103,127,76" hai3="99,23,61,98,34,30,78,38,37,54,53,60,106"/><U83/><E123/><V95/><F40/><W89/><G34/><T48/><D113/><U96/><E96/><V63/><F95/><W57/><G30/><T120/><D120/><U101/><E101/><V18/><F18/><W32/><G23/><T80/><D117/><U135/><E12/><V128/><F100/><W105/><G32/><T108/><D108/><U8/><E8/><V62/><F62/><W132/><G89/><T15/><D24/><U46/><E111/><V10/><F10/><W47/><G132/><T28/><D28/><U81/><E135/><V84/><F133/><W92/><G92/><T134/><D134/><U72/><E83/><V58/><F122/><W51/><G47/><T94/><D3/><U42/><E46/><V17/><F0/><W6/><G6/><T21/><D70/><U68/><E68/><V22/><F103/><W119/><G51/><T45/><D64/><U41/><E41/><V5/><F5/><W36/><G36/><T104/><D97/><U118/><E118/><V88/><F65/><W2/><G2/><T43/><REACH who="0" step="1"/><D104/><REACH who="0" ten="230,270,240,240" step="2"/><U115/><REACH who="1" step="1"/><E81/><REACH who="1" ten="230,260,240,240" step="2"/><V124/><F107/><W91/><G119/><T50/><D50/><AGARI ba="1,3" hai="1,4,9,25,29,33,42,44,50,72,73,112,114,115" machi="50" ten="40,3900,0" yaku="1,1,2,1,53,0" doraHai="74" doraHaiUra="85" who="1" fromWho="0" sc="230,-42,260,72,240,0,240,0" /><INIT seed="1,2,0,4,0,110" ten="188,332,240,240" oya="1" hai0="29,102,133,78,117,67,76,45,57,87,20,118,75" hai1="5,24,61,56,128,79,96,132,101,130,134,71,4" hai2="126,62,103,85,74,88,104,47,111,98,13,46,83" hai3="122,69,48,35,80,31,93,23,53,112,125,38,1"/><U120/><E71/><V11/><F111/><W58/><G38/><T82/><D75/><U77/><E24/><V59/><F126/><W42/><G42/><T92/><D133/><U100/><E56/><V64/><REACH who="2" step="1"/><F74/><REACH who="2" ten="188,332,230,240" step="2"/><W95/><G125/><T22/><D117/><U17/><E120/><V109/><F109/><W8/><G122/><T50/><D118/><U25/><E132/><V94/><F94/><W32/><G95/><T89/><D92/><U21/><E134/><V43/><F43/><W0/><G93/><T54/><D102/><U34/><E101/><V70/><F70/><W16/><G69/><T49/><D29/><U51/><E100/><V68/><F68/><W9/><G80/><T2/><D2/><U65/><E96/><V90/><F90/><W26/><G1/><T129/><D129/><U36/><E130/><V123/><F123/><W113/><G0/><T105/><D105/><U115/><E128/><V28/><F28/><W7/><G31/><T14/><D67/><U41/><E65/><V107/><F107/><W18/><G35/><T131/><D131/><U60/><E34/><V12/><F12/><W19/><G32/><T3/><D14/><U81/><E41/><V44/><F44/><W52/><G26/><T124/><D124/><U73/><E25/><V135/><F135/><W106/><G106/><T15/><D3/><U121/><E121/><V97/><F97/><W66/><G66/><T10/><D15/><U40/><E40/><V119/><F119/><W108/><G108/><T99/><D99/><U37/><E73/><V72/><F72/><RYUUKYOKU ba="2,1" sc="188,-10,332,-10,230,30,240,-10" hai2="11,13,46,47,59,62,64,83,85,88,98,103,104" /><INIT seed="2,3,1,4,4,3" ten="178,322,260,230" oya="2" hai0="52,47,30,102,29,39,121,26,10,67,105,27,127" hai1="54,118,69,57,76,84,77,33,50,16,104,24,21" hai2="113,88,37,90,2,40,32,28,81,11,61,9,114" hai3="65,89,91,87,79,85,120,49,93,132,103,45,83"/><V75/><F61/><W112/><G132/><T53/><D121/><U125/><E118/><V63/><F63/><W135/><G65/><T12/><D127/><U109/><E69/><V15/><F11/><W99/><G135/><T46/><D105/><U95/><E104/><V55/><F55/><N who="0" m="21066" /><D102/><U43/><E125/><V5/><F15/><W74/><G49/><T119/><D39/><U101/><E109/><V48/><F48/><W7/><G45/><N who="0" m="16907" /><D119/><U97/><E33/><V22/><F32/><W59/><G59/><T129/><D67/><U86/><REACH who="1" step="1"/><E43/><REACH who="1" ten="178,312,260,230" step="2"/><V51/><F40/><W73/><G120/><T94/><D129/><U60/><E60/><V107/><F107/><W110/><G110/><T19/><D94/><U66/><E66/><V34/><F34/><W133/><G133/><T130/><D130/><U111/><E111/><V35/><F35/><W80/><G93/><T131/><D131/><U108/><E108/><V96/><F113/><W42/><G112/><T98/><D98/><U134/><E134/><V4/><F96/><W8/><G42/><T124/><D124/><U82/><E82/><V41/><F81/><W25/><G99/><T31/><AGARI ba="3,2" hai="10,12,19,26,27,29,30,31" m="16907,21066" machi="31" ten="30,2000,0" yaku="8,1,54,1" doraHai="3" who="0" fromWho="0" sc="178,49,312,-8,260,-13,230,-8" /><INIT seed="3,0,0,0,0,22" ten="227,304,247,222" oya="3" hai0="75,3,103,1,84,26,48,43,47,113,12,120,131" hai1="89,81,79,114,126,112,57,9,97,42,34,56,31" hai2="68,124,63,18,83,130,134,10,119,5,91,13,76" hai3="39,98,105,122,110,85,125,45,67,77,7,15,69"/><W86/><G122/><T74/><D120/><U94/><E126/><V70/><F119/><W107/><G125/><T33/><D131/><U27/><E42/><V78/><F130/><W65/><G69/><T95/><D113/><U90/><E90/><V24/><F134/><W115/><G115/><T38/><D74/><U127/><E127/><V96/><F124/><W11/><G110/><T52/><D75/><U53/><E9/><V116/><F116/><W59/><G39/><T32/><D12/><U111/><E111/><V101/><F70/><W64/><G45/><T62/><D62/><U88/><E89/><V55/><F83/><W30/><G107/><T44/><D32/><U92/><E92/><V6/><F91/><W106/><G106/><T21/><D33/><U135/><E135/><V46/><F6/><W29/><G105/><T129/><D84/><N who="3" m="32361" /><G98/><T17/><REACH who="0" step="1"/><D129/><REACH who="0" ten="217,304,247,222" step="2"/><U4/><E114/><V72/><F72/><W25/><G77/><T2/><D2/><U58/><E112/><V49/><F78/><W109/><G109/><T87/><D87/><U37/><E79/><V20/><F76/><W0/><G0/><T61/><D61/><U82/><E82/><V66/><F96/><AGARI ba="0,1" hai="1,3,17,21,26,38,43,44,47,48,52,95,96,103" machi="96" ten="40,5200,0" yaku="1,1,52,1,54,1,53,0" doraHai="22" doraHaiUra="121" who="0" fromWho="2" sc="217,62,304,0,247,-52,222,0" /><INIT seed="4,0,0,2,0,3" ten="279,304,195,222" oya="0" hai0="104,29,10,128,111,48,62,74,33,84,123,57,39" hai1="50,101,34,91,67,22,69,41,59,92,83,35,88" hai2="54,0,108,120,55,27,51,89,1,125,75,100,8" hai3="121,25,30,24,6,9,63,15,43,135,132,107,61"/><T85/><D123/><U46/><E101/><V94/><F108/><W32/><G107/><T60/><D74/><U78/><E69/><V44/><F120/><W72/><G72/><T73/><D39/><U96/><E91/><V98/><F75/><W122/><G43/><T109/><D73/><U16/><E83/><V17/><F125/><W5/><G30/><T36/><D36/><U47/><E78/><V103/><F55/><W70/><G15/><T53/><D104/><U37/><E59/><V97/><F1/><W77/><G77/><T93/><D128/><U4/><E67/><V95/><F89/><W7/><G9/><T133/><D133/><U115/><E115/><V114/><F114/><W112/><G112/><T65/><D10/><U23/><E23/><V64/><F64/><W86/><G7/><T14/><D14/><U105/><E4/><V126/><F126/><W127/><G86/><T49/><D29/><U38/><E105/><V80/><F80/><W40/><G40/><T124/><D33/><U68/><E68/><V118/><F118/><W113/><G113/><T66/><D124/><U76/><E76/><V116/><F116/><W28/><G28/><T129/><D93/><U71/><E71/><V81/><F81/><W134/><G127/><T82/><D82/><U79/><E79/><V117/><F117/><W26/><G26/><T106/><D106/><U42/><E50/><V119/><F119/><W18/><G135/><T102/><D84/><U58/><E58/><V19/><F27/><AGARI ba="0,0" hai="16,22,27,34,35,37,38,41,42,46,47,88,92,96" machi="27" ten="30,7700,0" yaku="7,1,9,1,54,2" doraHai="3" who="1" fromWho="2" sc="279,0,304,77,195,-77,222,0" /><INIT seed="5,0,0,3,2,106" ten="279,381,118,222" oya="1" hai0="65,25,107,78,34,122,130,19,125,99,47,112,50" hai1="42,132,55,131,82,60,24,35,44,102,133,3,8" hai2="68,119,94,114,113,32,90,104,51,79,53,72,76" hai3="103,56,31,21,116,126,86,98,15,37,91,2,30"/><U11/><E131/><V20/><F68/><W127/><G2/><T111/><D111/><U5/><E102/><V7/><F32/><W108/><G37/><T117/><D125/><N who="3" m="47625" /><G108/><T27/><D112/><N who="2" m="43114" /><F119/><W81/><G116/><T4/><D130/><U110/><E110/><V120/><F120/><W41/><G41/><T33/><D65/><U95/><E95/><V12/><F104/><N who="3" m="63607" /><G56/><T16/><D4/><U134/><E55/><V17/><F7/><W26/><G26/><T97/><D27/><U83/><E60/><V13/><F13/><W93/><G93/><T14/><D25/><U84/><E24/><V0/><F0/><W64/><G64/><T101/><D34/><U71/><E35/><V88/><F94/><W89/><G89/><N who="2" m="34409" /><F72/><W92/><G92/><T57/><D33/><U29/><E71/><V85/><F85/><W75/><G75/><T80/><D122/><U109/><E109/><V69/><F69/><W63/><G63/><T135/><D117/><U62/><E62/><V73/><F73/><W61/><G61/><T54/><D14/><U9/><E3/><V123/><F123/><W121/><G121/><T49/><D101/><U39/><E5/><V48/><F48/><W43/><G43/><T52/><D107/><U58/><E84/><V96/><F96/><N who="0" m="36938" /><D135/><U87/><E87/><AGARI ba="0,0" hai="16,19,47,49,50,52,54,57,78,80,87" m="36938" machi="87" ten="30,3900,0" yaku="8,1,54,2" doraHai="106" who="0" fromWho="1" sc="279,39,381,-39,118,0,222,0" /><INIT seed="6,0,0,1,2,54" ten="318,342,118,222" oya="2" hai0="63,9,3,56,107,62,45,12,124,94,133,130,87" hai1="41,129,93,1,122,101,37,90,19,67,89,66,43" hai2="40,70,30,120,108,10,57,64,32,34,42,76,27" hai3="123,75,33,69,46,74,97,52,121,73,125,61,118"/><V59/><F120/><W71/><G118/><T48/><D3/><U96/><E1/><V81/><F34/><W104/><G33/><T53/><D107/><U102/><E37/><V65/><F108/><W106/><G125/><T44/><D124/><U109/><E109/><V47/><F40/><W91/><G91/><N who="0" m="53631" /><D133/><U14/><E129/><V80/><F80/><W100/><G104/><T24/><D130/><U55/><E55/><V58/><F10/><W111/><G111/><T21/><D24/><U79/><E79/><V83/><F83/><W20/><G20/><T98/><D21/><U117/><E117/><V39/><REACH who="2" step="1"/><F70/><REACH who="2" ten="318,342,108,222" step="2"/><W113/><G123/><T82/><D82/><U38/><E122/><V103/><F103/><W99/><G121/><T23/><D23/><U68/><E68/><V110/><F110/><W11/><G71/><T25/><D25/><U72/><E102/><V84/><AGARI ba="0,1" hai="27,30,32,39,42,47,57,58,59,64,65,76,81,84" machi="84" ten="30,12000,1" yaku="1,1,0,1,52,3,53,0" doraHai="54" doraHaiUra="86" who="2" fromWho="2" sc="318,-40,342,-40,108,130,222,-40" /><INIT seed="6,1,0,4,0,67" ten="278,302,238,182" oya="2" hai0="108,79,88,46,84,132,4,81,95,77,57,114,119" hai1="54,121,12,98,51,43,9,92,24,48,94,30,131" hai2="96,106,61,130,104,125,63,93,39,86,87,83,2" hai3="3,65,0,50,78,38,80,76,10,64,118,62,117"/><V74/><F2/><W116/><G38/><T91/><D114/><U17/><E121/><V33/><F33/><W133/><G50/><T53/><D108/><U68/><E68/><V49/><F39/><W27/><G27/><T99/><D119/><U70/><E70/><V21/><F74/><W109/><G64/><T120/><D120/><U15/><E15/><V101/><F86/><W31/><G31/><T23/><D4/><U58/><E131/><V85/><F85/><W14/><G109/><T128/><D132/><U134/><E134/><V5/><F130/><W19/><G78/><T16/><D46/><U42/><E51/><V124/><F21/><W22/><G22/><T56/><D128/><U28/><E94/><V127/><F5/><W18/><G18/><T126/><D126/><U35/><E28/><V135/><F49/><W105/><G105/><N who="2" m="40553" /><F135/><W13/><G13/><N who="0" m="9615" /><D57/><U45/><E58/><V6/><F6/><W100/><G100/><AGARI ba="1,0" hai="9,12,17,24,30,35,42,43,45,48,54,92,98,100" machi="100" ten="30,1000,0" yaku="7,1" doraHai="67" who="1" fromWho="3" sc="278,0,302,13,238,0,182,-13" /><INIT seed="7,0,0,2,0,87" ten="278,315,238,169" oya="3" hai0="74,132,37,3,101,94,96,57,124,126,45,18,105" hai1="134,110,52,24,115,131,64,79,32,116,15,4,114" hai2="60,97,90,117,6,67,56,35,129,75,44,72,12" hai3="1,107,100,62,59,68,86,82,119,27,8,17,20"/><W71/><G119/><T39/><D74/><U42/><E110/><V5/><F117/><W61/><G61/><T95/><D3/><U122/><E122/><V69/><F35/><W26/><G100/><T102/><D132/><U40/><E116/><V51/><F129/><W125/><G107/><T43/><D57/><U31/><E64/><V28/><F28/><W83/><G83/><T106/><D18/><U36/><E36/><V73/><F69/><W33/><G125/><T23/><D23/><U47/><E79/><V58/><F58/><W113/><G113/><T76/><D76/><U127/><E127/><N who="0" m="48681" /><D39/><U38/><E134/><V99/><F99/><AGARI ba="0,0" hai="37,43,45,94,95,96,99,101,102,105,106" m="48681" machi="99" ten="30,1000,0" yaku="18,1" doraHai="87" who="0" fromWho="2" sc="278,10,315,0,238,-10,169,0" owari="288,9.0,315,41.0,228,-17.0,169,-33.0" /></mjloggm>