<mjloggm ver="2.3"><GO type="97" lobby="0"/><UN n0="%E3%82%A6%E3%83%AB%E3%83%88%E3%83%A9%E7%AB%8B%E7%9B%B4" n1="%E3%82%84%E3%82%8F%E3%82%89%E3%81%8B%E3%81%82%E3%82%8A%E3%81%99" n2="%79%61%6D%61%61%70%71" n3="%6E%65%70%6F%72%69%68" dan="15,13,14,15" rate="1996.31,1865.39,1973.17,2040.08" sx="M,M,M,M"/><TAIKYOKU oya="0"/><INIT seed="0,0,0,1,0,7" ten="250,250,250,250" oya="0" hai0="31,110,99,116,39,42,18,0,103,81,43,87,36" hai1="70,132,124,82,84,51,104,114,14,91,98,16,88" hai2="113,133,8,86,2,69,80,44,95,74,54,56,57" hai3="35,90,29,101,64,45,102,47,40,77,24,34,62"/><T100/><D116/><U71/><E124/><V22/><F69/><W9/><G35/><T85/><D31/><U55/><E132/><V37/><F113/><W65/><G65/><T61/><D61/><U33/><E33/><V123/><F123/><W15/><G77/><T1/><D99/><U26/><E114/><V111/><F133/><W50/><G47/><T134/><D134/><U106/><E26/><V105/><F105/><W112/><G112/><T66/><D81/><U109/><E109/><V58/><F111/><W4/><REACH who="3" step="1"/><G90/><REACH who="3" ten="250,250,250,240" step="2"/><T121/><D66/><U38/><E88/><V118/><F44/><W94/><G94/><T20/><D110/><U27/><E91/><V17/><F95/><W120/><G120/><T46/><D121/><U21/><E106/><V76/><F76/><W96/><G96/><T128/><D46/><U60/><E98/><V97/><F97/><W48/><G48/><T79/><D79/><U41/><E51/><V126/><F126/><W11/><G11/><T59/><D59/><AGARI ba="0,1" hai="4,9,15,24,29,34,40,45,50,59,62,64,101,102" machi="59" ten="30,3900,0" yaku="1,1,7,1,52,1,53,0" doraHai="7" doraHaiUra="135" who="3" fromWho="0" sc="250,-39,250,0,250,0,240,49" /><INIT seed="1,0,0,0,4,105" ten="211,250,250,289" oya="1" hai0="59,111,35,124,41,18,113,24,34,104,123,108,134" hai1="29,107,66,120,101,98,20,135,65,100,5,22,39" hai2="4,78,53,61,73,57,114,99,72,102,70,14,55" hai3="88,92,54,43,21,94,1,112,115,119,27,42,60"/><U80/><E120/><V109/><F70/><W69/><G1/><T64/><D104/><U49/><E39/><V52/><F109/><N who="0" m="42058" /><D113/><U93/><E135/><V117/><F117/><W2/><G2/><T33/><D41/><N who="3" m="15369" /><G69/><T58/><D134/><U95/><E5/><V9/><F114/><W30/><G119/><T131/><D123/><U7/><E107/><V74/><REACH who="2" step="1"/><F78/><REACH who="2" ten="211,250,240,289" step="2"/><W40/><G112/><T121/><D121/><U8/><E66/><V87/><F87/><W106/><G115/><T36/><D64/><U16/><E65/><V6/><F6/><W125/><G125/><T84/><D84/><U56/><E7/><V12/><F12/><W126/><G126/><T51/><D124/><U75/><E75/><V46/><F46/><W91/><G27/><T83/><D59/><U129/><E56/><V37/><F37/><W118/><G118/><T62/><D36/><U122/><E122/><V96/><F96/><W132/><G132/><T47/><D58/><U71/><E98/><V38/><F38/><W23/><G60/><T10/><D62/><U13/><E71/><V130/><F130/><W0/><G0/><T97/><D131/><U17/><E129/><V90/><F90/><W25/><G88/><T79/><D97/><U15/><E15/><V44/><F44/><W45/><G91/><T127/><D127/><U110/><E13/><V116/><F116/><W32/><G45/><T67/><D47/><U19/><E110/><V81/><F81/><W11/><G25/><T77/><D24/><U89/><E80/><V48/><F48/><W82/><G82/><RYUUKYOKU ba="0,1" sc="211,-10,250,-10,240,30,289,-10" hai2="4,9,14,52,53,55,57,61,72,73,74,99,102" /><INIT seed="2,1,1,2,3,98" ten="201,240,270,279" oya="2" hai0="73,48,12,31,71,28,32,104,40,8,64,55,74" hai1="14,56,23,101,37,29,11,96,59,39,47,30,67" hai2="89,112,116,41,3,50,60,63,66,20,42,54,88" hai3="94,84,126,13,51,69,5,93,100,108,81,65,38"/><V62/><F116/><W24/><G38/><T7/><D40/><N who="2" m="15466" /><F3/><W15/><G126/><T118/><D118/><U121/><E121/><V0/><F0/><W95/><G108/><T135/><D135/><U49/><E37/><V77/><F112/><W1/><G1/><T52/><D104/><U80/><E39/><V72/><F72/><W117/><G117/><T125/><D125/><U53/><E80/><V122/><F122/><W120/><G120/><T79/><D32/><U106/><E23/><V2/><F2/><W75/><G75/><T33/><D33/><U57/><REACH who="1" step="1"/><E67/><REACH who="1" ten="201,230,270,279" step="2"/><V19/><F66/><W102/><G65/><T97/><D64/><U113/><E113/><V110/><F110/><W26/><G69/><T82/><D71/><U124/><E124/><V92/><F92/><W91/><G51/><T34/><D34/><U131/><E131/><V133/><F133/><W85/><G94/><T109/><D109/><U78/><E78/><V68/><F77/><N who="3" m="46127" /><G93/><T119/><D119/><U36/><E36/><V6/><F68/><W128/><G128/><T58/><D74/><U87/><E87/><V130/><F130/><W127/><G127/><T105/><REACH who="0" step="1"/><D55/><REACH who="0" ten="191,230,270,279" step="2"/><U27/><E27/><V9/><F54/><W70/><G70/><T46/><D46/><U4/><AGARI ba="1,3" hai="4,11,14,29,30,47,49,53,56,57,59,96,101,106" machi="4" ten="30,4000,0" yaku="1,1,0,1,52,1,53,0" doraHai="98" doraHaiUra="18" who="1" fromWho="1" sc="191,-11,230,73,270,-21,279,-11" /><INIT seed="3,0,0,5,0,128" ten="180,303,249,268" oya="3" hai0="21,104,61,69,116,121,2,107,25,99,113,14,73" hai1="44,34,53,17,135,119,110,74,35,67,28,26,103" hai2="36,52,13,33,60,40,47,4,83,89,105,70,102" hai3="11,95,106,82,62,29,93,129,37,88,117,7,38"/><W122/><G122/><T46/><D73/><U68/><E74/><V97/><F33/><W111/><G117/><T48/><D2/><U92/><E68/><V65/><F83/><W49/><G106/><T41/><D121/><U86/><E67/><V23/><F89/><W76/><G129/><T1/><D1/><U125/><E119/><V130/><F130/><W118/><G118/><T134/><D116/><U80/><E17/><V87/><F87/><W90/><G111/><T24/><D113/><U96/><E110/><V127/><F127/><W42/><G29/><T18/><D104/><U50/><E125/><V133/><F133/><W45/><G62/><T98/><D107/><U72/><E72/><V71/><F71/><W85/><G37/><T132/><D69/><U31/><E31/><V5/><F23/><W0/><G38/><T55/><D41/><U64/><E64/><V114/><F114/><W84/><G76/><T59/><D46/><U8/><E8/><V94/><F105/><W51/><G51/><T109/><D48/><U108/><E135/><N who="0" m="51753" /><D109/><U22/><E108/><V58/><F13/><W56/><G56/><T101/><D101/><U115/><E115/><V123/><F123/><W3/><G3/><T15/><D15/><U81/><E81/><AGARI ba="0,0" hai="0,7,11,42,45,49,81,82,84,85,88,90,93,95" machi="81" ten="30,5800,0" yaku="7,1,9,1,54,1" doraHai="128" who="3" fromWho="1" sc="180,0,303,-58,249,0,268,58" owari="180,-32.0,245,-15.0,249,5.0,326,42.0" /></mjloggm>