<mjloggm ver="2.3"><GO type="225" lobby="0"/><UN n0="%E3%82%A6%E3%83%AB%E3%83%88%E3%83%A9%E7%AB%8B%E7%9B%B4" n1="%E5%B7%B7%E3%81%AE%E6%89%93%E3%81%A1%E6%89%8B" n2="%E9%A3%9B%E7%BE%BD%E6%84%9B%E6%AD%8C" n3="%40%E7%B4%94%E3%81%A1%E3%82%83%E3%82%93" dan="16,17,16,17" rate="2014.80,2183.85,2103.01,2214.39" sx="M,M,M,M"/><TAIKYOKU oya="0"/><INIT seed="0,0,0,2,0,0" ten="250,250,250,250" oya="0" hai0="4,91,99,82,25,40,52,128,6,74,67,19,116" hai1="124,107,12,63,117,100,69,97,46,119,118,92,114" hai2="127,123,89,22,33,135,109,73,61,28,30,65,5" hai3="130,2,31,45,55,58,16,78,1,29,26,27,101"/><T18/><D116/><U23/><E124/><V113/><F113/><W24/><G78/><T39/><D39/><U86/><E114/><V37/><F37/><W96/><G130/><T132/><D74/><U126/><E126/><V129/><F123/><W21/><G45/><T20/><D40/><U131/><E131/><V112/><F112/><W98/><G2/><T44/><D67/><U51/><E63/><V111/><F73/><W17/><G1/><T10/><D132/><U104/><E69/><V34/><F127/><W122/><G122/><T105/><D105/><U42/><E23/><V120/><F120/><W75/><G75/><T54/><D128/><U85/><E12/><V15/><F129/><W76/><G76/><T56/><D44/><U64/><E64/><V41/><F41/><W36/><G36/><T32/><D32/><N who="2" m="12394" /><F89/><W133/><G133/><T49/><D54/><U60/><E60/><V83/><F83/><W9/><G9/><T47/><D56/><U94/><REACH who="1" step="1"/><E92/><REACH who="1" ten="250,240,250,250" step="2"/><V93/><F22/><W50/><G21/><N who="0" m="13495" /><D10/><U72/><E72/><V14/><F93/><N who="3" m="58511" /><G31/><T70/><D70/><U59/><E59/><V57/><F28/><W102/><G29/><T77/><D77/><U95/><E95/><AGARI ba="0,1" hai="16,17,24,26,27,50,55,58,95,98,102" m="58511" machi="95" ten="30,2000,0" yaku="8,1,54,1" doraHai="0" who="3" fromWho="1" sc="250,0,240,-20,250,0,250,30" /><INIT seed="1,0,0,5,3,71" ten="250,220,250,280" oya="1" hai0="61,102,62,36,133,119,60,37,64,38,118,45,65" hai1="73,76,126,89,106,15,29,94,131,98,122,23,39" hai2="24,17,103,47,56,35,26,129,66,114,116,124,101" hai3="86,46,115,112,52,43,10,67,33,34,132,5,104"/><U22/><E122/><V128/><F116/><N who="0" m="44586" /><D102/><U18/><E131/><N who="2" m="50251" /><F124/><W3/><G132/><T55/><D133/><U19/><E126/><V125/><F125/><W99/><G67/><N who="0" m="25675" /><D55/><U95/><E106/><V28/><F114/><W6/><G6/><T4/><D4/><U31/><E39/><V130/><F101/><N who="3" m="62527" /><G86/><T81/><D81/><U84/><E73/><V51/><F103/><W8/><G8/><T108/><D108/><U0/><E0/><V123/><F123/><W87/><G52/><T79/><D79/><U44/><E44/><AGARI ba="0,0" hai="36,37,38,44,45,60,61,62" m="25675,44586" machi="44" ten="40,12000,2" yaku="28,2,34,2,52,3" doraHai="71" who="0" fromWho="1" sc="250,120,220,-120,250,0,280,0" /><INIT seed="2,0,0,4,3,46" ten="370,100,250,280" oya="2" hai0="61,111,43,39,103,55,38,44,120,64,57,3,68" hai1="118,7,114,132,87,93,129,82,123,74,16,36,2" hai2="102,33,99,51,35,128,49,113,45,14,69,117,5" hai3="109,107,24,6,83,18,90,134,125,94,77,13,126"/><V108/><F113/><W91/><G109/><T59/><D3/><U28/><E36/><V89/><F69/><W30/><G134/><T75/><D75/><U66/><E132/><V105/><F117/><W29/><G6/><T92/><D92/><U76/><E118/><V65/><F128/><W84/><G107/><T62/><D103/><U19/><E114/><V133/><F133/><W124/><G24/><T20/><D20/><U48/><E129/><V32/><F108/><W1/><G1/><T130/><D130/><U4/><E123/><V40/><F65/><W79/><G91/><T81/><D81/><U37/><E37/><N who="0" m="13833" /><D111/><U54/><E66/><V0/><F89/><W135/><G135/><T119/><D119/><U110/><E28/><V70/><F70/><W63/><G63/><T47/><D120/><U41/><E41/><V101/><F101/><W95/><G95/><T8/><D8/><U42/><E42/><V115/><F115/><W22/><REACH who="3" step="1"/><G79/><REACH who="3" ten="370,100,250,270" step="2"/><T34/><D34/><U17/><E110/><V97/><F32/><W15/><G15/><T53/><D68/><U121/><E2/><V56/><F0/><W100/><G100/><T98/><D62/><U10/><E121/><V72/><F33/><W21/><G21/><T67/><D61/><U58/><REACH who="1" step="1"/><E10/><REACH who="1" ten="370,90,250,270" step="2"/><N who="2" m="4431" /><F35/><W73/><AGARI ba="0,2" hai="13,18,22,29,30,73,77,83,84,90,94,124,125,126" machi="73" ten="30,4000,0" yaku="1,1,0,1,18,1,53,0" doraHai="46" doraHaiUra="122" who="3" fromWho="3" sc="370,-10,90,-10,250,-20,270,60" /><INIT seed="3,0,0,2,1,40" ten="360,80,230,330" oya="3" hai0="44,82,111,72,1,29,13,32,87,94,34,51,23" hai1="73,49,110,80,129,56,31,131,81,115,101,134,133" hai2="100,92,0,78,128,112,75,45,11,2,89,85,126" hai3="116,96,88,95,106,99,57,67,41,60,6,50,16"/><W122/><G116/><T59/><D1/><U35/><E31/><V69/><F69/><W42/><G122/><T91/><D111/><U3/><E3/><V4/><F112/><W119/><G119/><T9/><D59/><U86/><E35/><V18/><F128/><W36/><G36/><T52/><D72/><U63/><E63/><V61/><F126/><W68/><G6/><T65/><D65/><U14/><E14/><V104/><F61/><W20/><G99/><T38/><D38/><U15/><E15/><V24/><F0/><W114/><G114/><T37/><D37/><U66/><E115/><V48/><F24/><W123/><G106/><T17/><D94/><U135/><E66/><V8/><F8/><W77/><G77/><T97/><D97/><U90/><E56/><V79/><F18/><W53/><G123/><T130/><D130/><N who="1" m="49675" /><E49/><V118/><F118/><W10/><G10/><T46/><D46/><U124/><E110/><V117/><F117/><W21/><G21/><T54/><D54/><U102/><E73/><V74/><F75/><W76/><G76/><T108/><D108/><U12/><E12/><AGARI ba="0,0" hai="12,16,20,41,42,50,53,57,60,67,68,88,95,96" machi="12" ten="30,5800,0" yaku="7,1,54,2" doraHai="40" who="3" fromWho="1" sc="360,0,80,-58,230,0,330,58" owari="360,16.0,22,-48.0,230,-17.0,388,49.0" /></mjloggm>