<mjloggm ver="2.3"><GO type="97" lobby="0"/><UN n0="%E3%82%A6%E3%83%AB%E3%83%88%E3%83%A9%E7%AB%8B%E7%9B%B4" n1="%6D%61%2D%6B%79%61%6F" n2="%E3%81%8F%E3%81%BE%43" n3="%6C%78%6C%E7%BE%8E%E5%BD%B1%6C%78%6C" dan="15,13,14,14" rate="2004.53,1999.84,1889.44,1978.50" sx="M,M,M,F"/><TAIKYOKU oya="0"/><INIT seed="0,0,0,0,5,79" ten="250,250,250,250" oya="0" hai0="13,129,0,27,135,30,128,120,8,74,72,131,73" hai1="17,54,105,122,94,62,32,44,51,106,31,68,7" hai2="61,81,133,124,126,52,9,99,65,64,18,119,67" hai3="26,114,40,11,39,86,78,95,83,88,89,93,57"/><T42/><D42/><U49/><E122/><V19/><F133/><W121/><G114/><T46/><D46/><U125/><E125/><N who="2" m="48235" /><F119/><W48/><G39/><T91/><D120/><U55/><E7/><V104/><F104/><W1/><G121/><T100/><D100/><U132/><E132/><V15/><F99/><W35/><G35/><T113/><D113/><U43/><E43/><V90/><F19/><W75/><G26/><T66/><D66/><U60/><E68/><V20/><F20/><W96/><G1/><T33/><D135/><U4/><E4/><V14/><F14/><W84/><G11/><T111/><D0/><U109/><E109/><V103/><F103/><W102/><G40/><T45/><D111/><U16/><E32/><V22/><F22/><W36/><G36/><T127/><D127/><U71/><E71/><N who="2" m="42383" /><F52/><N who="3" m="31879" /><G75/><T58/><D45/><U12/><E31/><V53/><F53/><W82/><G82/><T117/><D117/><U2/><E44/><V110/><F110/><W97/><G97/><T112/><D112/><U101/><E2/><V63/><F63/><W23/><G23/><T59/><REACH who="0" step="1"/><D91/><AGARI ba="0,0" hai="78,83,84,86,88,89,91,93,95,96,102" m="31879" machi="91" ten="30,7700,0" yaku="8,1,52,1,54,2" doraHai="79" who="3" fromWho="0" sc="250,-77,250,0,250,0,250,77" /><INIT seed="1,0,0,4,0,110" ten="173,250,250,327" oya="1" hai0="21,100,69,98,67,4,57,74,35,134,8,7,117" hai1="28,131,63,34,5,91,78,97,83,102,125,53,135" hai2="113,54,25,128,96,44,17,103,89,133,80,84,55" hai3="87,92,108,118,19,94,81,31,116,72,66,39,10"/><U120/><E120/><V61/><F133/><W0/><G39/><T122/><D117/><N who="3" m="45161" /><G31/><T106/><D7/><U111/><E135/><V33/><F128/><W27/><G72/><T23/><D134/><U71/><E131/><V37/><F37/><W46/><G66/><T132/><D132/><U75/><E111/><V90/><F90/><W121/><G121/><T70/><D122/><U130/><E130/><V42/><F42/><W62/><G62/><T38/><D38/><U2/><E125/><V59/><F44/><W13/><G46/><T3/><D74/><U50/><E91/><V119/><F119/><W112/><G112/><T127/><D127/><U64/><E2/><V40/><F40/><W58/><G58/><T73/><D73/><U1/><E1/><V77/><F113/><W101/><G101/><T104/><D104/><U124/><E5/><V123/><F123/><W76/><G108/><T45/><D45/><U107/><E124/><V15/><F77/><W109/><G109/><T43/><D43/><U99/><E99/><V86/><F84/><W51/><G51/><T24/><D57/><U85/><E75/><V60/><F25/><W12/><G27/><T18/><D35/><U115/><E115/><V93/><F33/><W29/><G0/><T68/><REACH who="0" step="1"/><D23/><REACH who="0" ten="163,250,250,327" step="2"/><U9/><E34/><V126/><F126/><W114/><G114/><T30/><D30/><U14/><E28/><V20/><REACH who="2" step="1"/><F59/><REACH who="2" ten="163,250,240,327" step="2"/><W82/><G29/><T88/><D88/><U56/><E9/><V47/><F47/><W32/><G10/><T41/><D41/><U16/><E16/><RYUUKYOKU ba="0,2" sc="163,10,250,10,240,10,327,-30" hai0="3,4,8,18,21,24,67,68,69,70,98,100,106" hai1="14,50,53,56,63,64,71,78,83,85,97,102,107" hai2="15,17,20,54,55,60,61,80,86,89,93,96,103" /><INIT seed="1,1,2,2,1,124" ten="173,260,250,297" oya="1" hai0="49,133,118,27,4,41,101,3,35,85,130,117,20" hai1="66,56,100,114,57,52,1,38,102,29,9,95,16" hai2="132,111,58,128,84,8,77,134,64,43,80,24,82" hai3="81,34,103,107,129,45,53,98,33,13,50,87,72"/><U48/><E38/><V123/><F123/><W119/><G72/><T46/><D35/><U126/><E126/><V86/><F111/><W61/><G119/><T69/><D69/><U135/><E114/><V15/><F43/><W25/><G25/><T88/><D133/><N who="2" m="51306" /><F24/><W63/><G34/><T105/><D130/><U74/><E74/><V94/><F64/><W7/><G33/><T116/><D101/><U125/><E135/><V93/><F58/><W75/><G75/><T40/><D105/><U83/><E125/><V113/><F113/><W65/><G65/><T36/><D4/><U47/><E29/><V37/><F37/><W6/><G129/><T67/><D3/><U60/><E1/><V18/><F128/><W5/><REACH who="3" step="1"/><G13/><REACH who="3" ten="173,260,250,287" step="2"/><T73/><D73/><U62/><E83/><V42/><F82/><W96/><G96/><T109/><D67/><N who="1" m="39303" /><E95/><V11/><F80/><W59/><G59/><T71/><D71/><U112/><E112/><V0/><F93/><W17/><G17/><T89/><D109/><U39/><E39/><V28/><F94/><W120/><G120/><T19/><REACH who="0" step="1"/><D85/><REACH who="0" ten="163,260,250,287" step="2"/><U12/><AGARI ba="1,4" hai="9,12,16,47,48,52,57,62,66,100,102" m="39303" machi="12" ten="30,6000,0" yaku="8,1,54,2" doraHai="124" who="1" fromWho="1" sc="163,-21,260,103,250,-21,287,-21" /><INIT seed="1,2,0,3,4,34" ten="142,363,229,266" oya="1" hai0="16,94,49,103,55,124,122,112,68,108,119,76,23" hai1="11,104,40,30,79,87,129,77,115,29,5,89,21" hai2="135,109,54,72,56,90,64,70,45,127,130,102,88" hai3="106,117,66,110,101,38,114,9,74,100,50,121,46"/><U22/><E115/><V13/><F72/><W65/><G74/><T73/><D68/><U32/><E104/><V92/><F109/><W7/><G38/><T71/><D71/><U67/><E129/><V52/><F130/><W35/><G114/><T20/><D112/><U132/><E132/><V0/><F135/><W48/><G35/><T86/><D108/><U42/><E67/><V26/><F0/><W61/><G121/><T1/><D119/><U125/><E125/><V3/><F3/><W24/><G24/><T58/><D124/><U93/><E32/><V31/><F127/><W116/><G110/><T62/><D122/><U19/><E30/><V47/><F13/><N who="3" m="5311" /><G106/><T51/><D1/><U84/><E29/><V99/><F64/><N who="3" m="24683" /><G61/><T37/><D37/><U133/><E133/><V57/><F70/><W85/><G85/><T80/><D23/><U18/><E22/><N who="2" m="15831" /><F47/><W81/><G81/><T134/><D134/><U4/><E19/><V75/><F45/><W131/><G131/><T2/><D2/><U41/><E5/><V78/><F78/><N who="1" m="29705" /><E84/><V36/><F36/><W12/><G12/><T14/><REACH who="0" step="1"/><D73/><REACH who="0" ten="132,363,229,266" step="2"/><U111/><E111/><V15/><F75/><W10/><G117/><T44/><D44/><U43/><E21/><V95/><F15/><W63/><G116/><T28/><D28/><U60/><E11/><V82/><F82/><W123/><G10/><T27/><D27/><U98/><N who="1" m="10752" /><DORA hai="6" /><U118/><E118/><V69/><F69/><W17/><G46/><T91/><D91/><N who="2" m="34858" /><F92/><W96/><G123/><T25/><D25/><U126/><E93/><RYUUKYOKU ba="2,1" sc="132,15,363,-15,229,15,266,-15" hai0="14,16,20,49,51,55,58,62,76,80,86,94,103" hai2="52,54,56,57,95,99,102" /><INIT seed="2,3,1,1,0,117" ten="147,348,244,251" oya="2" hai0="39,74,102,111,76,10,24,92,54,4,51,15,64" hai1="118,83,55,86,107,62,26,105,37,97,131,40,29" hai2="5,23,115,122,104,73,57,95,67,65,27,30,88" hai3="109,114,91,101,50,49,35,19,60,69,127,28,68"/><V84/><F115/><W89/><G114/><T106/><D39/><U53/><E118/><V99/><F73/><W85/><G101/><T133/><D111/><U2/><E2/><V47/><F122/><W121/><G121/><T100/><D133/><U70/><E131/><V66/><F5/><W0/><G0/><T110/><D110/><U79/><E37/><V113/><F113/><W132/><G109/><T103/><D106/><U123/><E40/><V126/><F126/><W98/><G35/><T33/><D33/><N who="1" m="20663" /><E123/><V82/><F47/><W71/><G28/><T119/><D119/><U38/><E107/><V112/><F104/><W72/><G72/><T58/><D74/><U31/><E31/><V78/><F112/><W43/><G43/><T87/><D24/><U11/><E11/><V8/><F8/><W7/><G7/><T90/><D76/><U46/><E46/><V6/><REACH who="2" step="1"/><F6/><REACH who="2" ten="147,348,234,251" step="2"/><W3/><G127/><T9/><D9/><U130/><E130/><V36/><F36/><W1/><G1/><T13/><D13/><U21/><E38/><V116/><F116/><W44/><G3/><T17/><D4/><U18/><E105/><V61/><AGARI ba="3,2" hai="23,27,30,57,61,65,66,67,78,82,84,88,95,99" machi="61" ten="30,11700,0" yaku="1,1,0,1,8,1,54,1,53,0" doraHai="117" doraHaiUra="129" who="2" fromWho="2" sc="147,-42,348,-42,234,146,251,-42" /><INIT seed="2,4,0,2,0,95" ten="105,306,380,209" oya="2" hai0="2,36,103,92,69,127,8,124,111,83,117,123,97" hai1="48,80,24,39,101,19,134,108,99,59,118,98,128" hai2="115,46,81,110,70,17,62,30,6,121,87,135,41" hai3="113,12,104,93,100,65,131,125,102,85,10,43,64"/><V114/><F121/><W52/><G43/><T45/><D123/><U116/><E39/><V5/><F30/><W47/><G125/><T129/><D69/><U54/><E134/><V42/><F135/><W16/><G104/><T9/><D117/><U26/><E128/><V50/><F42/><W28/><G28/><T120/><D120/><U3/><E3/><V109/><F17/><W29/><G29/><T51/><D36/><U11/><E108/><N who="2" m="41579" /><F62/><W63/><G113/><N who="2" m="43017" /><F70/><W94/><G131/><T21/><D111/><U25/><E101/><N who="3" m="39018" /><G93/><T107/><D107/><U31/><E31/><V79/><AGARI ba="4,0" hai="5,6,41,46,50,79,81,87" m="43017,41579" machi="79" ten="30,3000,0" yaku="14,1,10,1" doraHai="95" who="2" fromWho="2" sc="105,-14,306,-14,380,42,209,-14" /><INIT seed="2,5,0,4,0,33" ten="91,292,422,195" oya="2" hai0="127,98,31,2,128,95,13,81,122,114,79,130,90" hai1="30,49,65,66,43,22,75,40,10,15,35,124,104" hai2="111,52,19,80,25,41,83,77,126,9,17,57,91" hai3="44,51,110,27,71,8,86,32,109,38,59,16,96"/><V11/><F126/><W118/><G71/><T113/><D31/><U6/><E124/><V67/><F41/><W134/><G118/><T94/><D13/><U62/><E104/><V12/><F67/><W42/><G134/><T101/><D127/><U55/><E75/><V20/><F111/><N who="3" m="42507" /><G32/><T92/><D2/><U69/><E35/><V34/><F34/><W37/><G96/><T120/><D90/><U4/><E4/><V72/><F91/><W85/><G59/><T106/><D122/><U117/><E117/><V97/><F97/><W123/><G123/><T89/><D89/><U64/><E62/><V48/><F83/><W45/><G37/><T3/><D3/><U102/><E102/><V70/><F70/><W88/><G86/><T36/><D36/><U76/><E76/><V39/><REACH who="2" step="1"/><F39/><REACH who="2" ten="91,292,412,195" step="2"/><W82/><G38/><T53/><D120/><U68/><E69/><V14/><F14/><N who="3" m="7239" /><G42/><T24/><D24/><N who="1" m="16663" /><E68/><V100/><F100/><W112/><G112/><T23/><D53/><U93/><E93/><N who="0" m="23809" /><T131/><DORA hai="47" /><D23/><AGARI ba="5,1" hai="9,11,12,17,19,20,23,25,48,52,57,72,77,80" machi="23" ten="30,11600,0" yaku="1,1,7,1,52,1,54,1,53,0" doraHai="33,47" doraHaiUra="87,60" who="2" fromWho="0" sc="91,-131,292,0,412,141,195,0" owari="-40,-54.0,292,9.0,553,65.0,195,-20.0" /></mjloggm>