<mjloggm ver="2.3"><GO type="97" lobby="0"/><UN n0="%E3%81%B6%E3%81%9F%EF%BC%A0%E3%81%A1%E3%82%85%E3%81%86" n1="%E3%82%A2%E3%83%B3%E3%83%88%E3%83%97%E3%83%AC%E3%83%88%E3%80%82" n2="%E3%82%A6%E3%83%AB%E3%83%88%E3%83%A9%E7%AB%8B%E7%9B%B4" n3="%E3%83%94%E3%82%AD%E3%83%AA%E3%83%88%E3%83%B3%E3%82%AD%E3%83%B3" dan="15,14,15,13" rate="1936.75,1878.26,1942.54,1862.64" sx="M,M,M,M"/><TAIKYOKU oya="0"/><INIT seed="0,0,0,2,5,91" ten="250,250,250,250" oya="0" hai0="83,131,128,97,52,107,90,94,129,61,118,22,40" hai1="19,12,57,50,81,18,59,123,31,56,132,70,92" hai2="4,28,121,58,87,39,85,125,110,10,3,135,29" hai3="6,114,80,96,103,88,99,68,64,86,72,117,16"/><T14/><D118/><U101/><E123/><V98/><F39/><W82/><G6/><T51/><D107/><U38/><E70/><V122/><F87/><W108/><G117/><T76/><D61/><U112/><E38/><V100/><F85/><W78/><G114/><T73/><D40/><U115/><E132/><V24/><F58/><W69/><G108/><T47/><D22/><U37/><E37/><V63/><F63/><W111/><G111/><T42/><D42/><U43/><E31/><V27/><F110/><W54/><G54/><T41/><D41/><U79/><E12/><AGARI ba="0,0" hai="12,14,47,51,52,73,76,83,90,94,97,128,129,131" machi="12" ten="40,7700,0" yaku="19,1,52,1,54,1" doraHai="91" who="0" fromWho="1" sc="250,77,250,-77,250,0,250,0" /><INIT seed="0,1,0,2,4,128" ten="327,173,250,250" oya="0" hai0="88,64,79,70,10,50,72,59,71,106,9,15,98" hai1="14,1,51,85,95,55,121,73,11,3,135,27,65" hai2="92,89,133,81,134,43,52,116,96,46,109,19,22" hai3="90,108,26,47,40,102,110,38,53,119,20,34,68"/><T120/><D120/><U114/><E121/><V37/><F116/><W115/><G119/><T111/><D111/><N who="3" m="42537" /><G68/><T63/><D10/><U130/><E130/><V77/><F109/><W99/><G115/><T126/><D126/><U86/><E73/><V62/><F81/><W29/><G90/><T118/><D118/><U74/><E74/><V83/><F83/><W25/><G53/><T56/><D79/><U24/><E65/><V54/><F77/><W0/><G0/><T8/><D72/><U124/><E124/><V61/><F61/><W17/><G99/><T30/><D9/><U39/><E39/><V4/><F4/><W44/><G44/><T94/><D106/><U2/><E114/><V127/><F127/><W97/><G97/><T12/><D71/><U117/><E117/><V101/><F101/><AGARI ba="1,0" hai="17,20,25,26,29,34,38,40,47,101,102" m="42537" machi="101" ten="30,1000,0" yaku="14,1" doraHai="128" who="3" fromWho="2" sc="327,0,173,0,250,-13,250,13" /><INIT seed="1,0,0,5,2,28" ten="327,173,237,263" oya="1" hai0="122,84,8,14,133,32,110,106,76,99,114,95,101" hai1="107,52,36,63,30,74,49,104,55,12,79,58,16" hai2="72,68,66,105,37,124,56,89,112,86,128,78,90" hai3="69,39,87,71,113,121,44,21,7,83,115,131,75"/><U130/><E36/><V6/><F56/><W135/><G75/><T77/><D114/><U93/><E130/><V120/><F66/><W25/><G121/><T117/><D117/><U51/><E30/><V118/><F6/><W91/><G131/><T61/><D110/><U26/><E63/><V18/><F89/><W88/><G7/><T82/><D32/><U126/><E126/><V80/><F90/><W3/><G3/><T19/><D133/><U67/><E67/><V54/><F86/><W31/><G135/><T125/><D125/><U5/><E93/><V64/><F54/><W13/><G13/><T94/><D122/><U53/><E53/><V100/><F18/><W34/><G34/><T38/><D38/><U109/><E109/><V47/><F64/><W96/><G69/><T132/><D132/><U42/><E42/><V134/><F47/><W33/><G71/><T50/><D61/><U116/><E116/><V46/><F46/><W129/><G21/><T22/><D77/><U17/><E5/><V60/><F78/><W102/><G129/><T0/><D0/><U97/><E97/><V9/><F9/><W65/><G65/><T57/><D8/><N who="1" m="6151" /><E74/><V27/><F80/><W73/><G73/><T41/><D41/><U4/><E4/><V62/><F62/><W98/><G113/><T29/><D29/><U111/><E111/><V24/><F60/><W11/><G115/><T1/><D1/><U123/><E123/><V85/><F120/><W103/><G98/><T15/><D99/><U35/><E79/><V92/><F112/><W23/><G33/><RYUUKYOKU ba="0,0" sc="327,0,173,0,237,0,263,0" /><INIT seed="2,1,0,5,2,1" ten="327,173,237,263" oya="2" hai0="7,63,119,97,81,47,52,111,74,89,75,114,112" hai1="127,13,95,70,32,64,121,101,84,65,11,9,87" hai2="67,66,3,132,4,37,94,39,29,57,104,115,56" hai3="93,19,35,73,16,90,8,68,103,6,61,42,134"/><V99/><F104/><W10/><G73/><T49/><D111/><U131/><E32/><V100/><F115/><W83/><G35/><T130/><D130/><U30/><E131/><V79/><F132/><W31/><G103/><T21/><D119/><U71/><E30/><V48/><F79/><W34/><G134/><T88/><D7/><U77/><E127/><V54/><F29/><W15/><G42/><T18/><D63/><U125/><E125/><V96/><F96/><W51/><G51/><T14/><D89/><U133/><E133/><V123/><F123/><W2/><G83/><T92/><REACH who="0" step="1"/><D81/><REACH who="0" ten="317,173,237,263" step="2"/><U28/><E121/><V26/><F4/><W5/><G90/><T22/><D22/><U135/><E135/><V24/><F3/><W129/><G129/><T12/><D12/><U45/><E13/><V25/><F25/><W91/><G91/><T78/><D78/><U55/><E77/><V27/><F27/><W106/><G61/><T128/><D128/><U72/><E11/><V40/><F26/><W36/><G10/><T38/><D38/><U60/><E9/><V62/><F24/><W98/><G36/><T50/><D50/><U82/><E82/><V107/><F37/><W17/><G15/><T33/><D33/><U0/><E0/><V109/><F109/><W76/><G76/><T20/><D20/><U58/><E60/><V110/><F110/><W116/><G116/><T108/><D108/><U120/><E120/><V43/><F39/><W80/><G31/><T124/><D124/><U46/><E28/><V85/><F67/><W122/><G2/><RYUUKYOKU ba="1,1" sc="317,15,173,-15,237,15,263,-15" hai0="14,18,21,47,49,52,74,75,88,92,97,112,114" hai2="40,43,48,54,56,57,62,66,85,94,99,100,107" /><INIT seed="2,2,1,2,0,75" ten="332,158,252,248" oya="2" hai0="69,31,3,58,55,71,13,19,33,15,38,66,121" hai1="62,114,22,41,126,46,118,25,20,132,0,17,65" hai2="92,100,40,125,124,108,63,47,111,60,6,36,76" hai3="32,64,52,24,109,37,59,50,122,35,16,97,9"/><V106/><F106/><W39/><G122/><T28/><D3/><U11/><E118/><V44/><F6/><W61/><G109/><N who="2" m="42057" /><F92/><W23/><G9/><T98/><D38/><U85/><E114/><V43/><F100/><W34/><REACH who="3" step="1"/><G97/><REACH who="3" ten="332,158,252,238" step="2"/><T130/><D98/><U27/><E132/><V101/><F101/><W29/><G29/><T87/><D31/><U135/><E135/><V18/><F18/><W80/><G80/><T134/><D28/><U7/><E126/><N who="2" m="48747" /><F76/><W1/><G1/><T88/><D19/><U14/><E0/><V30/><F30/><W103/><G103/><T104/><D134/><U78/><E17/><V90/><F90/><W127/><G127/><T67/><D88/><U120/><E120/><V93/><F93/><W74/><G74/><T49/><D121/><U21/><E78/><V84/><F84/><W81/><G81/><T117/><D87/><U56/><E85/><V99/><F99/><W53/><G53/><T110/><D55/><U91/><E91/><V42/><F42/><W131/><G131/><T51/><D130/><U68/><E41/><V107/><F107/><W89/><G89/><T123/><D104/><U115/><E7/><V54/><F54/><W95/><G95/><T73/><D110/><U129/><E129/><V133/><F133/><W119/><G119/><T94/><D94/><U5/><E5/><V112/><F112/><W113/><G113/><T128/><D128/><U82/><E115/><V2/><F2/><W77/><G77/><T96/><D123/><U4/><E82/><V57/><F57/><AGARI ba="2,2" hai="16,23,24,32,34,35,37,39,50,52,57,59,61,64" machi="57" ten="40,5200,0" yaku="1,1,54,2,53,0" doraHai="75" doraHaiUra="83" who="3" fromWho="2" sc="332,0,158,0,252,-58,238,78" /><INIT seed="3,0,0,2,2,85" ten="332,158,194,316" oya="3" hai0="133,131,5,78,12,22,91,97,2,47,60,42,31" hai1="29,61,52,23,107,105,37,38,89,28,36,79,26" hai2="72,41,100,81,39,102,64,94,101,63,20,48,9" hai3="27,53,93,73,6,0,51,19,13,8,113,121,14"/><W88/><G73/><T71/><D133/><U58/><E79/><V59/><F39/><W96/><G121/><T66/><D131/><U1/><E1/><V106/><F106/><W127/><G127/><T24/><D78/><U32/><E32/><V3/><F72/><W17/><G113/><T111/><D111/><U49/><E29/><V35/><F35/><W68/><G68/><T98/><D2/><U84/><REACH who="1" step="1"/><E61/><REACH who="1" ten="332,148,194,316" step="2"/><N who="2" m="37951" /><F3/><W77/><G77/><T7/><D60/><U120/><E120/><V67/><F63/><W10/><G27/><T21/><D31/><U109/><E109/><V54/><F67/><W74/><G74/><T129/><D66/><U134/><E134/><V46/><F9/><W4/><REACH who="3" step="1"/><G0/><REACH who="3" ten="332,148,194,306" step="2"/><T56/><D24/><U92/><AGARI ba="0,2" hai="23,26,28,36,37,38,49,52,58,84,89,92,105,107" machi="92" ten="30,7900,0" yaku="1,1,0,1,52,1,54,1,53,0" doraHai="85" doraHaiUra="40" who="1" fromWho="1" sc="332,-20,148,99,194,-20,306,-39" owari="312,41.0,247,-15.0,174,-33.0,267,7.0" /></mjloggm>