<mjloggm ver="2.3"><GO type="97" lobby="0"/><UN n0="%E3%82%A6%E3%83%AB%E3%83%88%E3%83%A9%E7%AB%8B%E7%9B%B4" n1="%79%77%33%32%33" n2="%E9%88%B4%E6%9C%A8%E6%84%9B%E7%90%86" n3="%6D%69%73%61%6B%69" dan="15,13,14,14" rate="1980.14,1847.05,1906.94,1887.82" sx="M,M,F,F"/><TAIKYOKU oya="0"/><INIT seed="0,0,0,2,3,122" ten="250,250,250,250" oya="0" hai0="134,115,18,129,56,83,39,107,34,14,112,75,67" hai1="15,79,33,117,28,135,124,90,20,46,48,70,101" hai2="9,61,81,47,71,22,64,92,72,36,110,111,57" hai3="42,58,12,37,114,109,91,49,74,66,11,29,32"/><T16/><D107/><U1/><E117/><V26/><F9/><W116/><G114/><T4/><D34/><U73/><E70/><V121/><F121/><W27/><G116/><T53/><D39/><U63/><E1/><V50/><F36/><W3/><G74/><T100/><D115/><U59/><E33/><V77/><F92/><W43/><G3/><T40/><D112/><U99/><E124/><V62/><F62/><W30/><G37/><T119/><D119/><U113/><E135/><V17/><REACH who="2" step="1"/><F57/><REACH who="2" ten="250,250,240,250" step="2"/><W44/><G58/><T38/><D56/><U35/><E113/><V85/><F85/><W130/><G130/><T105/><D38/><U93/><E63/><V123/><F123/><W103/><G11/><T86/><D129/><U54/><E59/><V51/><F51/><W6/><G49/><T95/><D86/><U69/><E73/><V106/><F106/><W78/><G66/><T65/><D75/><U108/><E69/><V60/><F60/><W45/><G45/><T80/><D67/><U97/><E48/><V23/><F23/><W132/><G44/><T13/><D65/><U133/><E20/><V21/><F21/><W82/><G32/><T55/><D105/><U125/><E35/><V19/><F19/><W87/><G87/><T7/><D95/><U52/><E46/><V128/><F128/><W127/><G127/><T104/><D104/><U76/><E125/><V10/><F10/><W5/><G132/><T84/><D84/><U25/><E133/><V68/><F68/><W8/><G8/><T24/><D134/><U2/><E93/><RYUUKYOKU ba="0,1" sc="250,-10,250,-10,240,30,250,-10" hai2="17,22,26,47,50,61,64,71,72,77,81,110,111" /><INIT seed="1,1,1,0,5,6" ten="240,240,270,240" oya="1" hai0="134,63,78,22,35,59,105,18,37,103,133,16,77" hai1="1,25,44,132,126,122,62,101,84,130,114,65,33" hai2="85,29,98,67,128,120,112,17,42,110,48,131,86" hai3="87,45,125,115,90,54,34,57,93,36,95,76,88"/><U30/><E122/><V107/><F120/><W38/><G115/><T23/><D37/><U71/><E114/><V7/><F112/><W10/><G34/><T135/><D35/><U3/><E126/><V97/><F29/><W32/><G32/><T46/><D46/><U27/><E130/><N who="2" m="49707" /><F110/><W39/><G125/><T20/><D103/><U41/><E132/><V9/><F17/><N who="0" m="6762" /><D105/><U14/><E84/><N who="2" m="32363" /><F107/><W81/><G45/><T66/><AGARI ba="1,1" hai="20,22,23,59,63,66,77,78,133,134,135" m="6762" machi="66" ten="40,2700,0" yaku="20,1,54,1" doraHai="6" who="0" fromWho="0" sc="240,40,240,-14,270,-8,240,-8" /><INIT seed="2,0,0,5,2,127" ten="280,226,262,232" oya="2" hai0="118,0,80,42,68,103,60,53,56,122,46,19,82" hai1="128,66,14,73,94,17,36,9,134,70,101,74,23" hai2="30,54,108,92,40,121,129,120,110,130,100,64,39" hai3="119,6,114,32,58,86,132,91,109,41,117,34,59"/><V20/><F64/><W112/><G132/><T90/><D0/><U35/><E36/><V52/><F40/><W89/><G109/><N who="2" m="42089" /><F39/><W27/><G6/><T21/><D68/><U44/><E35/><V97/><F30/><W3/><G3/><T111/><D111/><U15/><E134/><V126/><F20/><W4/><G4/><T51/><D122/><N who="2" m="47210" /><F126/><W28/><G41/><T78/><D118/><U96/><E44/><V135/><F135/><W77/><G77/><T1/><D1/><U131/><E66/><V13/><F13/><W99/><G99/><T124/><D124/><U105/><E70/><V24/><F24/><W62/><G34/><T65/><D65/><U116/><E116/><N who="3" m="44618" /><G91/><T48/><D78/><U2/><E105/><V125/><F125/><W50/><G50/><T29/><D90/><U31/><E31/><V7/><F7/><W75/><G75/><T71/><D51/><U85/><E85/><V61/><F61/><W69/><G69/><T115/><D71/><U67/><E67/><V16/><F16/><W33/><G33/><T107/><D19/><N who="1" m="8655" /><E2/><V47/><F47/><W5/><G5/><T79/><D46/><U22/><E22/><V72/><F72/><W10/><G10/><T45/><D21/><U113/><E113/><N who="3" m="43626" /><G62/><T83/><D115/><U12/><E12/><V88/><F100/><W57/><G57/><T102/><D102/><U11/><E11/><V38/><F38/><W106/><G106/><T37/><D37/><U81/><E81/><AGARI ba="0,0" hai="27,28,32,58,59,81,86,89" m="43626,44618" machi="81" ten="30,1000,0" yaku="11,1" doraHai="127" who="3" fromWho="1" sc="280,0,226,-10,262,0,232,10" /><INIT seed="3,0,0,4,1,26" ten="280,216,262,242" oya="3" hai0="64,58,86,96,35,79,55,48,76,99,38,83,23" hai1="41,19,28,116,81,0,103,112,132,89,126,29,5" hai2="77,130,21,11,94,120,107,63,84,128,7,2,50" hai3="18,34,82,25,53,17,66,51,110,90,61,1,57"/><W49/><G1/><T109/><D35/><U104/><E112/><V20/><F107/><W91/><G110/><T121/><D38/><U67/><E116/><V8/><F120/><W39/><G39/><T108/><D121/><U27/><E126/><V15/><F63/><W70/><G34/><T118/><D118/><U129/><E129/><N who="2" m="49771" /><F50/><W134/><G134/><T78/><D64/><U72/><E132/><V105/><F105/><W52/><G25/><T123/><D123/><U43/><E5/><N who="2" m="3567" /><F77/><W36/><G36/><T80/><D79/><U69/><E0/><V124/><F124/><W68/><G68/><T102/><D109/><U46/><E67/><V47/><F47/><W45/><G82/><T131/><D131/><U16/><E69/><V22/><F84/><W100/><G100/><T122/><D122/><U3/><E3/><V32/><F32/><W42/><G42/><T33/><D33/><U59/><E103/><V92/><AGARI ba="0,0" hai="2,7,8,20,21,22,92,94" m="3567,49771" machi="92" ten="40,1500,0" yaku="19,1" doraHai="26" who="2" fromWho="2" sc="280,-4,216,-4,262,15,242,-7" /><INIT seed="4,0,0,0,4,133" ten="276,212,277,235" oya="0" hai0="3,52,1,33,63,51,0,57,76,123,97,58,40" hai1="11,130,27,124,69,9,6,21,5,42,66,70,121" hai2="96,77,71,108,30,24,114,118,53,104,60,127,4" hai3="111,26,107,94,93,92,85,112,99,135,90,48,68"/><T25/><D123/><U109/><E130/><V91/><F114/><W129/><G68/><T83/><D97/><U120/><E109/><V17/><F108/><W38/><G38/><T18/><D40/><U74/><E66/><V29/><F4/><W59/><G111/><T102/><D102/><U78/><E42/><V41/><F41/><W113/><G26/><T22/><D33/><U95/><E95/><N who="3" m="36426" /><G48/><T115/><D115/><N who="3" m="44105" /><G59/><T28/><D28/><N who="1" m="17519" /><E78/><V126/><F118/><W32/><G32/><T101/><D101/><U56/><E74/><V20/><F77/><W16/><G16/><T46/><REACH who="0" step="1"/><D63/><REACH who="0" ten="266,212,277,235" step="2"/><U55/><E69/><V67/><F104/><W88/><G129/><T15/><D15/><U119/><E70/><V110/><F110/><W64/><G135/><T106/><D106/><U134/><E120/><V62/><F96/><W31/><G64/><T54/><D54/><U61/><E121/><V131/><F131/><W35/><G35/><T87/><AGARI ba="0,1" hai="0,1,3,18,22,25,46,51,52,57,58,76,83,87" machi="87" ten="30,6000,0" yaku="1,1,0,1,54,1,53,0" doraHai="133" doraHaiUra="8" who="0" fromWho="0" sc="266,70,212,-20,277,-20,235,-20" owari="336,43.0,192,-31.0,257,6.0,215,-18.0" /></mjloggm>