<mjloggm ver="2.3"><GO type="41" lobby="0"/><UN n0="%E3%82%A6%E3%83%AB%E3%83%88%E3%83%A9%E7%AB%8B%E7%9B%B4" n1="%E3%82%BC%E3%83%AA%E3%83%BC%E3%81%AE%E7%9B%AE%E6%BD%B0%E3%81%97" n2="%43%61%72%75%6C%6C%69" n3="%E8%AC%8E%E3%81%AE%E7%94%B7" dan="15,14,15,14" rate="1964.09,1958.51,1975.13,1931.27" sx="M,M,M,M"/><TAIKYOKU oya="0"/><INIT seed="0,0,0,2,1,135" ten="250,250,250,250" oya="0" hai0="16,95,47,110,70,111,123,34,124,54,43,120,40" hai1="33,128,73,108,96,72,89,107,65,79,62,130,112" hai2="52,118,22,84,114,77,125,60,63,117,28,37,48" hai3="38,14,51,74,80,102,6,105,75,71,115,98,12"/><T76/><D34/><U4/><E33/><V90/><F37/><W27/><G115/><T3/><D3/><U61/><E112/><V122/><F122/><W30/><G38/><T94/><D76/><U0/><E108/><N who="0" m="41513" /><D70/><U57/><E0/><V129/><F114/><W35/><G71/><T5/><D5/><U39/><E4/><V10/><F129/><N who="1" m="49769" /><E39/><V41/><F41/><N who="0" m="15946" /><D47/><U127/><E62/><V93/><F77/><W103/><G6/><T113/><D113/><U85/><E96/><V29/><F10/><W133/><G98/><T49/><D49/><U91/><E107/><V78/><F78/><W20/><G105/><T109/><D109/><U126/><E79/><V82/><F63/><W97/><G97/><T45/><D45/><U36/><E36/><V1/><F60/><W2/><G51/><T19/><D54/><U42/><E42/><V8/><F1/><W83/><G2/><T56/><D56/><U88/><E85/><V32/><F32/><W134/><G35/><T13/><D13/><U18/><E18/><N who="0" m="6697" /><D124/><AGARI ba="0,0" hai="57,61,65,72,73,88,89,91,124,126,127" m="49769" machi="124" ten="40,12000,2" yaku="18,1,19,1,52,3,54,1" doraHai="135" who="1" fromWho="0" sc="250,-120,250,120,250,0,250,0" /><INIT seed="1,0,0,0,4,28" ten="130,370,250,250" oya="1" hai0="14,22,15,50,67,84,74,18,24,113,114,133,25" hai1="59,52,44,38,45,80,68,99,51,21,77,11,89" hai2="70,87,48,135,40,58,129,41,56,55,46,36,119" hai3="4,26,93,61,121,128,23,20,73,39,120,91,107"/><U35/><E68/><V42/><F87/><W79/><G128/><T47/><D74/><U76/><E35/><V53/><F119/><W10/><G39/><T8/><D114/><U103/><E11/><V110/><F129/><W94/><G107/><T122/><D113/><U108/><E108/><V97/><F97/><W65/><G23/><T3/><D3/><U124/><E124/><V81/><F81/><W13/><G79/><T100/><D100/><U33/><E33/><V96/><F96/><W90/><G73/><T88/><D67/><U0/><E0/><V63/><F110/><W86/><G91/><T116/><D116/><U17/><E89/><V27/><F27/><W60/><G94/><T126/><D126/><U82/><E38/><V127/><F135/><W32/><G61/><T43/><D133/><U2/><E2/><V112/><F112/><W30/><REACH who="3" step="1"/><G20/><REACH who="3" ten="130,370,250,240" step="2"/><T111/><D111/><U31/><E77/><V12/><F127/><W115/><G115/><T29/><D122/><U117/><E76/><V104/><F104/><W37/><G37/><T92/><REACH who="0" step="1"/><D29/><REACH who="0" ten="120,370,250,240" step="2"/><U102/><E31/><V130/><F130/><W19/><G19/><AGARI ba="0,2" hai="8,14,15,18,19,22,24,25,43,47,50,84,88,92" machi="19" ten="30,12000,2" yaku="1,1,2,1,7,1,8,1,54,1,53,1" doraHai="28" doraHaiUra="85" who="0" fromWho="3" sc="120,140,370,0,250,0,240,-120" /><INIT seed="2,0,0,2,4,72" ten="260,370,250,120" oya="2" hai0="94,100,90,80,53,104,108,42,63,93,60,83,66" hai1="19,51,67,84,45,114,50,107,133,49,102,57,127" hai2="37,129,25,69,65,48,92,82,24,79,20,78,61" hai3="47,27,68,131,58,132,110,44,16,31,41,112,64"/><V15/><F37/><W3/><G3/><T34/><D42/><U7/><E114/><V99/><F129/><W125/><G131/><T17/><D104/><U29/><E127/><V14/><F48/><N who="3" m="26639" /><G68/><T101/><D34/><U38/><E133/><V1/><F1/><W35/><G125/><T12/><D53/><U23/><E29/><V89/><F25/><W26/><G47/><T113/><D113/><U71/><E71/><V6/><F82/><W74/><G74/><T75/><D108/><U88/><E7/><V33/><F33/><W73/><G73/><T77/><D83/><U0/><E0/><V117/><F117/><W95/><G112/><T120/><D120/><U54/><E38/><V40/><F40/><W86/><G110/><T111/><D111/><U2/><E2/><V43/><F43/><W97/><G132/><T11/><D94/><U119/><E119/><V62/><F61/><N who="3" m="37943" /><G35/><T91/><D63/><N who="1" m="38383" /><E102/><V130/><F130/><W55/><G31/><T59/><REACH who="0" step="1"/><D91/><REACH who="0" ten="250,370,250,120" step="2"/><U126/><E107/><V85/><F99/><AGARI ba="0,1" hai="11,12,17,59,60,66,75,77,80,90,93,99,100,101" machi="99" ten="30,7700,0" yaku="1,1,2,1,7,1,52,1,53,0" doraHai="72" doraHaiUra="134" who="0" fromWho="2" sc="250,87,370,0,250,-77,120,0" /><INIT seed="3,0,0,0,4,75" ten="337,370,173,120" oya="3" hai0="57,43,117,89,119,98,134,105,50,61,83,24,34" hai1="101,55,121,96,28,7,0,32,130,14,79,78,108" hai2="16,84,128,60,64,37,80,81,13,72,76,100,97" hai3="4,104,113,94,103,5,74,124,33,56,17,21,114"/><W1/><G104/><T22/><D34/><U29/><E121/><V102/><F128/><W110/><G33/><T27/><D27/><U36/><E130/><V86/><F37/><W15/><G124/><T11/><D11/><U77/><E36/><V63/><F72/><W54/><G74/><T26/><D26/><U70/><E70/><V106/><F102/><W10/><G110/><T93/><D105/><U90/><E108/><V135/><F135/><W123/><G123/><T118/><D134/><U40/><E40/><V62/><F64/><W59/><G59/><T111/><D111/><U88/><E0/><V53/><F53/><W3/><G103/><T116/><D116/><U49/><E32/><V122/><F122/><W46/><G46/><T52/><D83/><U44/><E7/><V73/><REACH who="2" step="1"/><F81/><REACH who="2" ten="337,370,163,120" step="2"/><W38/><G38/><T20/><D117/><U18/><E29/><V66/><F66/><W82/><G82/><T8/><D118/><U45/><E28/><V120/><F120/><W9/><REACH who="3" step="1"/><G94/><REACH who="3" ten="337,370,163,110" step="2"/><T107/><D107/><U126/><E126/><V42/><F42/><W51/><AGARI ba="0,2" hai="1,3,4,5,9,10,15,17,21,51,54,56,113,114" machi="51" ten="20,18000,2" yaku="1,1,2,1,0,1,7,1,9,1,53,1" doraHai="75" doraHaiUra="19" who="3" fromWho="3" sc="337,-60,370,-60,163,-60,110,200" /><INIT seed="3,1,0,2,3,93" ten="277,310,103,310" oya="3" hai0="98,52,61,103,27,6,79,2,75,128,33,135,123" hai1="29,130,37,41,23,63,50,97,80,67,126,58,60" hai2="78,64,38,107,13,7,36,84,59,134,24,86,88" hai3="10,92,57,102,72,113,22,114,0,87,131,71,83"/><W28/><G71/><T91/><D79/><U40/><E37/><V46/><F134/><W124/><G131/><T34/><D75/><U48/><E130/><V42/><F107/><W1/><G72/><T125/><D6/><U120/><E120/><V32/><F32/><W17/><G28/><T132/><D2/><U5/><E126/><V16/><F7/><W12/><G124/><T4/><D4/><U100/><E5/><V15/><F36/><W31/><G1/><T11/><D11/><U112/><E112/><V127/><F127/><W70/><G70/><T89/><D123/><U121/><E121/><V129/><F129/><W39/><G39/><T106/><D125/><U108/><E108/><V19/><F24/><W3/><G3/><T117/><D117/><U95/><E80/><V115/><F115/><W116/><G116/><T118/><D118/><U44/><E60/><V101/><F101/><W109/><G0/><T9/><D9/><U111/><E111/><V56/><F64/><W18/><G31/><N who="0" m="19711" /><D34/><U21/><E29/><V51/><F78/><W74/><G74/><T90/><D128/><U133/><E133/><N who="0" m="51273" /><D91/><U55/><REACH who="1" step="1"/><E41/><REACH who="1" ten="277,300,103,310" step="2"/><V69/><F38/><W104/><G109/><T47/><D61/><U43/><E43/><V76/><F76/><W14/><G113/><T25/><D25/><U54/><E54/><V53/><F42/><W105/><G114/><T62/><D62/><U26/><E26/><V68/><F53/><W81/><G81/><T8/><D52/><U82/><E82/><V20/><F51/><W96/><G83/><T85/><D47/><AGARI ba="1,1" hai="21,23,40,44,47,48,50,55,58,63,67,95,97,100" machi="47" ten="30,8000,1" yaku="1,1,6,1,7,1,8,1,52,1,53,0" doraHai="93" doraHaiUra="119" who="1" fromWho="0" sc="277,-83,300,93,103,0,310,0" /><INIT seed="4,0,0,4,3,24" ten="194,393,103,310" oya="0" hai0="48,66,133,16,129,73,54,25,7,125,43,39,92" hai1="61,79,80,117,33,21,90,112,120,10,8,53,17" hai2="103,78,115,105,23,88,63,22,28,108,32,93,49" hai3="58,65,38,121,57,19,9,75,131,74,34,107,85"/><T1/><D73/><U106/><E117/><V60/><F108/><W26/><G38/><T77/><D77/><U95/><E33/><V132/><F132/><W67/><G107/><T82/><D82/><U97/><E120/><V135/><F135/><W55/><G121/><T122/><D7/><U101/><E112/><V44/><F115/><W42/><G42/><T94/><D1/><U109/><E109/><V35/><F78/><W99/><G58/><T91/><D94/><U3/><E3/><V20/><F105/><W36/><G36/><T69/><D43/><U27/><E61/><V118/><F118/><W124/><G65/><T0/><D39/><U116/><E53/><V89/><F35/><W70/><G67/><T87/><D0/><U30/><E17/><V68/><F68/><W56/><G56/><T110/><D122/><U41/><E41/><V31/><F32/><W96/><G96/><T13/><D133/><U76/><E76/><V2/><F2/><W29/><G70/><T128/><D110/><U11/><E116/><V71/><F71/><W64/><G64/><T51/><D25/><U113/><E113/><V52/><F103/><W123/><G123/><T5/><D5/><U86/><E8/><V134/><F134/><W83/><G9/><T119/><D119/><U18/><E18/><V4/><F4/><W6/><G6/><T84/><D66/><U50/><E50/><V62/><F93/><W47/><G75/><AGARI ba="0,0" hai="10,11,21,27,30,75,79,80,86,90,95,97,101,106" machi="75" ten="30,7700,0" yaku="7,1,24,2,52,1" doraHai="24" who="1" fromWho="3" sc="194,0,393,77,103,0,310,-77" /><INIT seed="5,0,0,3,1,26" ten="194,470,103,233" oya="1" hai0="51,82,88,36,99,78,129,120,73,29,81,131,49" hai1="37,4,55,0,80,85,106,8,61,68,32,111,33" hai2="100,45,66,102,133,74,15,27,94,127,64,71,31" hai3="118,124,128,46,12,1,21,2,97,39,70,10,98"/><U43/><E106/><V9/><F74/><W34/><G70/><T95/><D36/><U53/><E53/><V113/><F71/><W6/><G34/><T17/><D17/><U56/><E68/><V93/><F133/><W89/><G118/><T11/><D11/><U35/><E111/><V86/><F127/><W22/><G124/><T44/><D120/><U5/><E5/><V108/><F108/><W19/><G128/><T7/><D7/><U57/><E57/><V101/><F45/><W116/><G116/><T62/><D62/><U91/><E35/><V20/><F113/><W122/><G122/><T3/><D3/><U28/><E28/><V117/><F117/><W112/><G112/><T24/><D82/><U60/><E60/><V67/><REACH who="2" step="1"/><F86/><REACH who="2" ten="194,470,93,233" step="2"/><W123/><G46/><T87/><D73/><U96/><E85/><V83/><F83/><W90/><G123/><T30/><D44/><U13/><E80/><V105/><F105/><W75/><G75/><T58/><D129/><U48/><E56/><V42/><F42/><W18/><G39/><T79/><D131/><U114/><E43/><V115/><F115/><W134/><G134/><T135/><D135/><U40/><E37/><V23/><F23/><W63/><G22/><N who="0" m="15511" /><D58/><U110/><E114/><V65/><N who="2" m="16896" /><DORA hai="52" /><V77/><F77/><W107/><G107/><T109/><D109/><U76/><E110/><V50/><F50/><N who="0" m="18954" /><D79/><U59/><E76/><V132/><F132/><W54/><G21/><T126/><D126/><U41/><E32/><V125/><F125/><W14/><G10/><T16/><D78/><RYUUKYOKU ba="0,1" sc="194,-10,470,-10,93,30,233,-10" hai2="9,15,20,27,31,93,94,100,101,102" /><INIT seed="6,1,1,2,2,92" ten="184,460,123,223" oya="2" hai0="4,17,3,15,84,33,41,121,87,37,36,81,26" hai1="32,34,56,8,47,48,24,135,90,40,11,102,101" hai2="110,43,73,14,57,39,89,97,63,59,28,133,30" hai3="75,77,71,64,130,9,103,82,83,112,10,119,88"/><V105/><F73/><W70/><G119/><T55/><D33/><U5/><E135/><V79/><F133/><W20/><G130/><T74/><D26/><U45/><E32/><V52/><F79/><W131/><G131/><T12/><D3/><U0/><E11/><V65/><F110/><W2/><G103/><T99/><D41/><U122/><E122/><V123/><F123/><W6/><G112/><T21/><D37/><U68/><E68/><V127/><F127/><W23/><G10/><T25/><D36/><U100/><E100/><V80/><F105/><W67/><G71/><T16/><D4/><U29/><E56/><V13/><F43/><W98/><G83/><T44/><D84/><U113/><E113/><V117/><F117/><W54/><G54/><T129/><D74/><U96/><E96/><V126/><F126/><W35/><G35/><T134/><D134/><U53/><E90/><V95/><F80/><W49/><G49/><AGARI ba="1,1" hai="0,5,8,24,29,34,40,45,47,48,49,53,101,102" machi="49" ten="30,1000,0" yaku="7,1" doraHai="92" who="1" fromWho="3" sc="184,0,460,23,123,0,223,-13" /><INIT seed="7,0,0,0,3,101" ten="184,483,123,210" oya="3" hai0="119,62,8,37,103,7,131,121,2,52,112,45,135" hai1="126,6,75,128,22,88,92,66,118,109,23,19,3" hai2="15,20,64,69,110,70,99,132,123,83,85,46,30" hai3="44,65,111,115,48,114,130,38,9,71,34,11,21"/><W86/><G34/><T5/><D121/><U84/><E109/><V35/><F110/><W100/><G111/><T61/><D119/><U87/><E118/><V107/><F123/><W4/><G38/><T91/><D103/><U120/><E120/><V51/><F132/><W31/><G130/><T41/><D131/><U39/><E39/><V25/><F70/><W56/><G71/><T14/><D135/><U79/><E75/><V93/><F15/><W95/><G31/><T60/><D112/><N who="3" m="43049" /><G21/><T76/><D91/><U53/><E126/><V63/><F20/><W104/><G65/><T124/><D124/><U106/><E66/><V127/><F127/><W89/><G56/><T113/><D113/><U59/><E106/><V105/><F93/><W96/><G4/><T97/><D97/><U42/><E42/><AGARI ba="0,0" hai="9,11,42,44,48,86,89,95,96,100,104" m="43049" machi="42" ten="30,2900,0" yaku="15,1,52,1" doraHai="101" who="3" fromWho="1" sc="184,0,483,-29,123,0,210,29" /><INIT seed="7,1,0,4,2,84" ten="184,454,123,239" oya="3" hai0="12,31,25,98,27,10,71,76,77,109,78,74,125" hai1="57,108,80,3,61,111,14,92,20,129,135,87,1" hai2="65,121,6,13,132,101,104,18,97,21,131,37,105" hai3="128,46,89,117,102,119,134,35,88,39,123,34,96"/><W52/><G123/><T58/><D71/><U26/><E3/><V103/><F121/><W30/><G35/><T15/><D109/><U68/><E1/><V62/><F37/><W67/><G67/><T32/><D125/><U110/><E129/><V41/><F131/><W120/><G128/><T126/><D126/><U2/><E135/><V54/><F132/><W17/><G134/><T11/><D74/><U8/><E2/><V48/><F41/><W40/><G120/><T36/><D36/><U83/><E68/><V24/><F6/><W112/><G112/><T49/><D49/><U115/><E92/><V69/><F13/><N who="0" m="5194" /><D58/><U51/><E51/><V90/><F48/><W19/><G117/><T79/><N who="0" m="19456" /><DORA hai="133" /><T85/><D85/><U23/><E23/><V116/><F54/><W99/><G119/><T44/><D44/><U82/><E87/><V70/><F116/><W45/><G34/><T124/><D31/><U4/><E115/><V81/><F70/><W73/><G73/><T93/><D32/><U50/><E50/><V5/><F5/><W86/><G30/><T100/><D124/><U72/><E72/><V118/><F118/><W107/><G46/><T75/><D75/><U91/><E111/><V95/><REACH who="2" step="1"/><F81/><REACH who="2" ten="184,454,113,239" step="2"/><W43/><G43/><T63/><D63/><U22/><E61/><V38/><F38/><W0/><G52/><T47/><D47/><U29/><E29/><V127/><F127/><W42/><G40/><T114/><D114/><U28/><E110/><V56/><F56/><W64/><G39/><T33/><D27/><U53/><E108/><RYUUKYOKU ba="1,1" sc="184,15,454,-15,113,15,239,-15" hai0="10,11,25,33,93,98,100" hai2="18,21,24,62,65,69,90,95,97,101,103,104,105" owari="199,-20.0,449,55.0,128,-37.0,224,2.0" /></mjloggm>