<mjloggm ver="2.3"><GO type="97" lobby="0"/><UN n0="%E4%B8%AD%E6%B5%81" n1="%4F%7A%61%6B%69%5F%4B%54" n2="%6E%61%6B%61%68%61%72%61" n3="%E3%82%A6%E3%83%AB%E3%83%88%E3%83%A9%E7%AB%8B%E7%9B%B4" dan="14,14,14,15" rate="1903.04,1993.51,1945.67,2005.44" sx="M,F,M,M"/><TAIKYOKU oya="0"/><INIT seed="0,0,0,5,4,70" ten="250,250,250,250" oya="0" hai0="134,54,117,72,120,85,123,36,27,115,29,50,23" hai1="38,77,37,82,125,113,61,86,124,132,26,1,135" hai2="80,102,108,18,15,6,2,110,81,87,89,43,78" hai3="66,63,64,95,53,105,30,59,90,3,118,98,91"/><T100/><D117/><U47/><E1/><V57/><F102/><W99/><G3/><T133/><D115/><U83/><E47/><V7/><F2/><W88/><G118/><T131/><D72/><U112/><E26/><V62/><F43/><W127/><G127/><N who="1" m="48714" /><E61/><V11/><F110/><W104/><G30/><T8/><D8/><U103/><E103/><V106/><F106/><W67/><REACH who="3" step="1"/><G95/><REACH who="3" ten="250,250,250,240" step="2"/><T25/><D29/><U42/><E42/><V128/><F108/><W40/><G40/><T71/><D123/><U35/><E35/><V44/><F128/><W97/><AGARI ba="0,1" hai="53,59,63,64,66,67,88,90,91,97,98,99,104,105" machi="97" ten="40,8000,1" yaku="1,1,0,1,29,2,54,1,53,0" doraHai="70" doraHaiUra="14" who="3" fromWho="3" sc="250,-40,250,-20,250,-20,240,90" /><INIT seed="1,0,0,3,0,72" ten="210,230,230,330" oya="1" hai0="1,5,39,0,19,60,94,50,67,37,122,17,47" hai1="55,61,69,11,100,85,51,66,102,23,63,97,116" hai2="65,103,92,62,104,26,32,3,30,95,123,36,28" hai3="118,132,107,43,7,106,79,2,15,130,128,98,81"/><U87/><E116/><V35/><F123/><W4/><G118/><T114/><D114/><U56/><E11/><V108/><F108/><W24/><G2/><T54/><D122/><U80/><E23/><V59/><F36/><W112/><G43/><T70/><D94/><U127/><E127/><V8/><F8/><W18/><G24/><T135/><D135/><U105/><E102/><V57/><F3/><W117/><G132/><T25/><D5/><N who="3" m="2121" /><G98/><T49/><D50/><U31/><E31/><V6/><F6/><W82/><G82/><T44/><D47/><U27/><E27/><V76/><F76/><W110/><G110/><T52/><D54/><U73/><REACH who="1" step="1"/><E51/><REACH who="1" ten="210,220,230,330" step="2"/><V77/><F30/><W14/><G112/><T48/><D49/><U53/><E53/><V96/><F32/><W75/><G117/><T33/><D1/><U64/><E64/><V93/><REACH who="2" step="1"/><F77/><AGARI ba="0,1" hai="55,56,61,63,66,69,73,77,80,85,87,97,100,105" machi="77" ten="40,3900,0" yaku="1,1,52,1,53,0" doraHai="72" doraHaiUra="109" who="1" fromWho="2" sc="210,0,220,49,230,-39,330,0" /><INIT seed="1,1,0,5,5,62" ten="210,269,191,330" oya="1" hai0="44,131,98,47,28,114,0,27,31,65,57,122,96" hai1="16,40,104,23,52,83,108,45,79,48,119,21,60" hai2="125,2,89,55,43,8,113,73,56,102,118,29,22" hai3="3,101,128,58,67,46,71,49,32,70,124,80,9"/><U76/><E119/><V127/><F118/><W110/><G32/><T121/><D114/><U135/><E135/><V77/><F113/><W12/><G3/><T42/><D0/><U95/><E104/><V10/><F43/><W106/><G124/><N who="2" m="47689" /><F102/><W18/><G110/><T112/><D112/><U6/><E6/><V74/><F89/><W134/><G134/><T133/><D133/><U94/><E108/><V99/><F99/><N who="0" m="37930" /><D131/><U14/><E23/><V107/><F107/><W120/><G80/><T105/><D105/><U66/><E40/><V109/><F109/><W54/><G101/><T68/><D68/><U50/><E50/><V26/><F77/><N who="1" m="29769" /><E83/><V129/><F129/><W92/><G71/><T1/><D1/><U88/><E88/><V111/><F111/><W85/><G70/><T15/><D15/><U100/><E100/><V91/><F91/><N who="3" m="53359" /><G128/><T35/><D31/><U116/><E116/><V87/><F87/><W38/><G106/><T132/><D42/><U30/><E30/><V13/><F2/><W34/><G34/><T82/><D82/><U117/><E117/><V53/><F53/><W75/><G75/><N who="2" m="28681" /><F13/><W115/><G115/><T25/><D132/><U11/><E11/><V39/><F39/><W37/><G38/><T4/><D4/><U64/><E60/><AGARI ba="1,0" hai="8,10,22,26,29,55,56,60" m="28681,47689" machi="60" ten="30,1000,0" yaku="18,1" doraHai="62" who="2" fromWho="1" sc="210,0,269,-13,191,13,330,0" /><INIT seed="2,0,0,3,1,89" ten="210,256,204,330" oya="2" hai0="33,62,46,94,29,7,82,53,133,57,61,105,5" hai1="59,75,37,88,58,4,120,83,48,40,125,76,11" hai2="17,87,27,131,2,64,25,47,43,14,86,44,78" hai3="55,103,113,68,18,123,132,69,108,130,34,24,71"/><V101/><F2/><W106/><G123/><T51/><D105/><U67/><E120/><V74/><F74/><W115/><G130/><T20/><D33/><U60/><E125/><V128/><F64/><W96/><G108/><T93/><D82/><U81/><E37/><V104/><F101/><W31/><G132/><T112/><D112/><N who="3" m="43081" /><G55/><N who="0" m="30199" /><D62/><U72/><E40/><V92/><F104/><W39/><G18/><T126/><D126/><U91/><E75/><V100/><F100/><W15/><G15/><T23/><D133/><U45/><E81/><V63/><F63/><W85/><G85/><N who="2" m="32265" /><F78/><W129/><G129/><N who="2" m="49737" /><F43/><W16/><G16/><T119/><D119/><U42/><REACH who="1" step="1"/><E59/><REACH who="1" ten="210,246,204,330" step="2"/><V73/><F73/><W127/><G127/><T3/><D3/><AGARI ba="0,1" hai="3,4,11,42,45,48,58,60,67,72,76,83,88,91" machi="3" ten="30,7700,0" yaku="1,1,2,1,7,1,54,1,53,0" doraHai="89" doraHaiUra="70" who="1" fromWho="0" sc="210,-77,246,87,204,0,330,0" /><INIT seed="3,0,0,1,0,127" ten="133,333,204,330" oya="3" hai0="6,15,63,123,110,98,31,94,70,60,74,122,53" hai1="65,19,68,28,0,73,24,88,104,124,83,71,51" hai2="48,7,44,41,67,21,115,18,120,5,119,106,52" hai3="26,114,80,40,126,92,54,103,86,34,59,101,72"/><W3/><G3/><T121/><D74/><U56/><E104/><V85/><F106/><W118/><G118/><T22/><D110/><U46/><E0/><V89/><F120/><W69/><G69/><T117/><D117/><U57/><E19/><V32/><F32/><W109/><G114/><T130/><D70/><U135/><E124/><V66/><F119/><W55/><G126/><T112/><D112/><U14/><E14/><V116/><F116/><W39/><G40/><T16/><D31/><U107/><E107/><V29/><F29/><W87/><G39/><T78/><D78/><U1/><E1/><V102/><F102/><N who="3" m="38923" /><G72/><T129/><D6/><U50/><E71/><V91/><F115/><W43/><G43/><T75/><D75/><U96/><E68/><V27/><F41/><W30/><G109/><T13/><D13/><U62/><E73/><V133/><F133/><W81/><G34/><T25/><D15/><U42/><E135/><V132/><F132/><W17/><G17/><T37/><D37/><U97/><E24/><V79/><F79/><N who="3" m="46367" /><G92/><T4/><D4/><U38/><E28/><V93/><REACH who="2" step="1"/><F91/><REACH who="2" ten="133,333,194,330" step="2"/><W10/><G30/><T20/><D20/><U77/><E77/><V125/><F125/><W23/><G10/><T99/><D98/><U8/><E96/><V113/><F113/><W84/><G23/><T90/><D63/><U2/><E97/><V134/><F134/><W64/><G26/><T11/><D11/><U128/><E38/><V35/><F35/><W58/><G87/><T100/><D100/><U76/><E8/><V49/><F49/><RYUUKYOKU ba="0,1" sc="133,15,333,-15,194,15,330,-15" hai0="16,22,25,53,60,90,94,99,121,122,123,129,130" hai2="5,7,18,21,27,44,48,52,66,67,85,89,93" owari="148,-35.0,328,42.0,209,-19.0,315,12.0" /></mjloggm>