<mjloggm ver="2.3"><GO type="97" lobby="0"/><UN n0="%E3%81%A1%E3%82%83%E3%81%A3%E3%81%B4%E3%81%83%E2%98%86" n1="%E7%8C%AB%E5%8F%89%4D%61%73%74%65%72" n2="%E3%82%A6%E3%83%AB%E3%83%88%E3%83%A9%E7%AB%8B%E7%9B%B4" n3="%E3%83%94%E3%83%AB%E3%82%AF%E3%83%AB" dan="14,14,15,13" rate="1888.34,1936.30,2029.50,1932.40" sx="M,M,M,M"/><TAIKYOKU oya="0"/><INIT seed="0,0,0,4,2,116" ten="250,250,250,250" oya="0" hai0="84,2,59,96,134,69,117,93,94,118,75,44,112" hai1="91,53,115,36,35,19,40,123,48,28,8,61,121" hai2="110,23,89,70,83,104,10,114,55,64,73,60,16" hai3="33,85,74,56,100,11,111,79,92,127,34,31,98"/><T76/><D112/><U20/><E115/><V106/><F114/><W109/><G74/><T57/><D69/><U131/><E131/><V120/><F110/><N who="3" m="41995" /><G127/><T0/><D75/><U82/><E8/><V37/><F120/><W80/><G31/><T54/><D44/><U1/><E1/><V133/><F133/><W130/><G130/><T38/><D134/><U90/><E61/><V105/><F37/><W135/><G135/><T41/><D38/><U122/><E82/><V5/><F55/><W32/><G11/><T68/><D41/><U132/><E132/><V126/><F126/><W119/><G56/><T81/><D68/><U9/><E9/><V27/><F89/><W14/><G14/><T67/><D67/><U47/><E28/><V43/><F43/><W30/><G30/><T7/><D94/><U15/><REACH who="1" step="1"/><E35/><REACH who="1" ten="250,240,250,250" step="2"/><V97/><F83/><W52/><G119/><T102/><D118/><U62/><E62/><V39/><F73/><W13/><G13/><T46/><D117/><U22/><E22/><V45/><F10/><W24/><G34/><T51/><D7/><U49/><E49/><V108/><F5/><W86/><G33/><T113/><REACH who="0" step="1"/><D113/><REACH who="0" ten="240,240,250,250" step="2"/><U3/><E3/><AGARI ba="0,2" hai="0,2,3,46,51,54,57,59,76,81,84,93,96,102" machi="3" ten="40,3900,0" yaku="1,1,2,1,53,0" doraHai="116" doraHaiUra="63" who="0" fromWho="1" sc="240,59,240,-39,250,0,250,0" /><INIT seed="0,1,0,0,3,130" ten="299,201,250,250" oya="0" hai0="102,62,32,84,47,53,100,133,10,113,29,115,127" hai1="38,66,74,21,72,91,69,33,18,105,56,118,6" hai2="90,103,81,80,52,14,45,108,126,8,98,11,93" hai3="85,134,111,117,70,44,112,129,28,96,13,63,57"/><T24/><D127/><U89/><E118/><V77/><F126/><W4/><G117/><T43/><D113/><U20/><E33/><V5/><F108/><W55/><G112/><T71/><D115/><U125/><E38/><V19/><F77/><W78/><G111/><T99/><D102/><U135/><E125/><V9/><F5/><W50/><G129/><T92/><D84/><U35/><E69/><V88/><F90/><W128/><G128/><T101/><D10/><U30/><E35/><V116/><F116/><W25/><G70/><T83/><D83/><U54/><E105/><V17/><F17/><W12/><G4/><T110/><D100/><U86/><E66/><V61/><F81/><W109/><G96/><T94/><D110/><U122/><E6/><V31/><F31/><W106/><G106/><T114/><D114/><U42/><E42/><V120/><F120/><W119/><G119/><T104/><D53/><U26/><E89/><V64/><F64/><W107/><G107/><T39/><D133/><U132/><E122/><V37/><F37/><W46/><G109/><T121/><REACH who="0" step="1"/><D121/><REACH who="0" ten="289,201,250,250" step="2"/><U2/><E2/><V97/><F80/><N who="3" m="47255" /><G134/><N who="1" m="51242" /><E86/><V40/><F103/><W76/><G76/><T23/><D23/><U48/><E91/><V34/><F34/><W27/><G55/><T49/><D49/><U131/><E131/><V124/><F124/><W58/><G50/><T60/><D60/><U3/><E3/><V82/><F61/><W95/><G63/><T36/><D36/><U87/><E87/><N who="2" m="52383" /><F40/><W1/><G1/><T51/><D51/><U79/><E79/><RYUUKYOKU ba="1,1" sc="289,15,201,15,250,-15,250,-15" hai0="24,29,32,39,43,47,62,71,92,94,99,101,104" hai1="18,20,21,26,30,48,54,56,72,74" /><INIT seed="0,2,1,5,2,48" ten="304,216,235,235" oya="0" hai0="72,50,1,128,100,19,14,22,6,11,32,83,116" hai1="2,13,95,63,107,96,5,120,37,33,47,77,74" hai2="121,108,79,78,38,66,60,75,43,59,106,31,4" hai3="7,132,67,135,8,64,93,91,104,85,130,111,35"/><T26/><D116/><U25/><E120/><V82/><F121/><W90/><G104/><T0/><D100/><U127/><E107/><V80/><F106/><W101/><G35/><T118/><D118/><U53/><E127/><V29/><F108/><W117/><G111/><T94/><D94/><U92/><E2/><V105/><F105/><W129/><G117/><T125/><D125/><U112/><E112/><V23/><F4/><W110/><G110/><T10/><D128/><N who="3" m="49257" /><G90/><T126/><D50/><U51/><E37/><V55/><F23/><W89/><G89/><T103/><D103/><U16/><E5/><V131/><F131/><W115/><G101/><T18/><D83/><U58/><E96/><V124/><F124/><W113/><G64/><T114/><D72/><U49/><E49/><V34/><F34/><W39/><G67/><T65/><D65/><U15/><E77/><V133/><F133/><N who="3" m="51275" /><G39/><T24/><D126/><U71/><E71/><V88/><F66/><W9/><G9/><T87/><D87/><U86/><E74/><V30/><F88/><W119/><G119/><T44/><D44/><U17/><E86/><V21/><F38/><W134/><N who="3" m="51283" /><W42/><DORA hai="52" /><G42/><T40/><D40/><N who="1" m="25063" /><E33/><V54/><F43/><W12/><AGARI ba="2,1" hai="7,8,12,85,91,93,113,115" m="51283,49257" machi="12" ten="50,3200,0" yaku="19,1,20,1" doraHai="48,52" who="3" fromWho="3" sc="304,-18,216,-10,235,-10,235,48" /><INIT seed="1,0,0,5,5,4" ten="286,206,225,283" oya="1" hai0="81,123,8,84,135,74,129,52,64,14,111,109,46" hai1="119,71,130,118,102,51,6,72,127,60,92,126,22" hai2="120,73,43,105,132,112,91,94,101,82,103,78,41" hai3="62,106,13,54,67,37,87,25,117,85,28,116,77"/><U5/><E72/><V63/><F120/><W18/><G106/><T42/><D74/><U114/><E114/><V15/><F132/><W107/><G107/><T34/><D135/><U124/><E22/><V7/><F112/><W9/><G37/><T90/><D34/><U2/><E51/><V68/><F103/><W59/><G67/><T56/><D123/><U24/><E24/><V36/><F36/><W11/><G11/><T134/><D64/><N who="1" m="41351" /><E130/><V86/><F63/><W29/><G29/><T131/><D134/><U104/><E92/><V100/><F68/><W20/><REACH who="3" step="1"/><G77/><REACH who="3" ten="286,206,225,273" step="2"/><T57/><D131/><U70/><E70/><V69/><F69/><W26/><G26/><T1/><D129/><U115/><E115/><V40/><F105/><W95/><G95/><T58/><D1/><U76/><E76/><V55/><F78/><W21/><G21/><T10/><D8/><N who="1" m="2103" /><E6/><V38/><F94/><W23/><G23/><T45/><D42/><U61/><E61/><V66/><F66/><W98/><G98/><AGARI ba="0,1" hai="98,102,104,118,119,124,126,127" m="2103,41351" machi="98" ten="30,5800,0" yaku="18,1,23,1,52,1" doraHai="4" who="1" fromWho="3" sc="286,0,206,68,225,0,273,-58" /><INIT seed="1,1,0,4,1,121" ten="286,274,225,215" oya="1" hai0="105,103,81,61,32,50,34,76,117,132,100,85,55" hai1="78,90,5,64,110,63,68,86,19,80,131,40,43" hai2="27,39,57,106,13,17,66,88,120,24,101,83,135" hai3="52,60,124,21,33,11,54,89,102,28,119,49,2"/><U71/><E131/><V69/><F39/><W73/><G33/><T36/><D117/><U109/><E5/><V41/><F135/><W127/><G119/><T94/><D36/><U35/><E35/><V75/><F120/><W70/><G73/><T9/><D105/><U107/><E107/><V6/><F69/><W29/><G102/><T15/><D132/><U116/><E116/><V22/><F41/><W16/><G89/><T62/><D61/><U12/><E71/><V95/><F106/><W123/><G123/><T48/><D34/><U99/><E99/><V113/><F113/><W38/><G38/><T56/><D32/><U126/><E78/><V18/><F101/><W65/><G11/><T26/><D26/><U58/><E68/><V98/><F6/><W111/><G111/><N who="1" m="42506" /><E126/><N who="3" m="48170" /><G2/><T45/><D94/><U14/><E14/><V104/><F104/><W23/><G23/><AGARI ba="1,0" hai="12,19,23,40,43,58,63,64,80,86,90" m="42506" machi="23" ten="30,12000,1" yaku="14,1,10,1,52,3" doraHai="121" who="1" fromWho="3" sc="286,0,274,123,225,0,215,-123" /><INIT seed="1,2,0,4,5,19" ten="286,397,225,92" oya="1" hai0="103,3,78,38,25,91,59,101,9,110,129,1,11" hai1="67,4,30,61,27,42,16,20,18,68,127,65,33" hai2="72,7,114,64,107,80,12,73,48,50,5,63,128" hai3="131,17,71,132,39,74,66,70,99,122,34,49,56"/><U123/><E123/><V32/><F32/><W89/><G74/><T102/><D38/><U117/><E117/><V10/><F107/><W121/><G34/><T0/><D78/><U26/><E127/><V90/><F114/><W54/><G17/><T105/><D105/><U28/><E42/><V58/><F128/><W85/><G99/><T47/><D129/><U118/><E118/><V36/><F36/><W2/><G2/><T29/><D47/><U87/><E4/><V82/><F73/><W81/><G131/><T21/><D110/><U31/><E31/><V96/><F72/><W55/><G39/><T77/><D77/><U97/><E67/><V8/><F82/><W15/><G15/><T6/><D11/><U53/><E53/><V52/><F64/><W106/><G106/><T109/><D109/><U23/><E33/><V112/><F112/><W51/><G132/><T83/><D59/><U57/><E68/><V45/><F45/><W130/><G130/><T125/><D125/><U40/><E40/><V100/><F100/><W24/><G24/><T69/><D69/><U37/><E37/><V22/><F22/><W88/><G89/><T62/><D62/><U126/><E126/><V44/><F44/><W98/><G98/><T108/><D108/><U135/><E135/><V84/><REACH who="2" step="1"/><F96/><REACH who="2" ten="286,397,215,92" step="2"/><W94/><G66/><T119/><D119/><U41/><E97/><V120/><F120/><N who="3" m="46187" /><G70/><T133/><D133/><U13/><E41/><V43/><F43/><W35/><G71/><T46/><D46/><U134/><E134/><V124/><F124/><W76/><G35/><RYUUKYOKU ba="2,1" sc="286,15,397,-15,215,15,92,-15" hai0="0,1,3,6,9,21,25,29,83,91,101,102,103" hai2="5,7,8,10,12,48,50,52,58,63,80,84,90" /><INIT seed="2,3,1,2,5,96" ten="301,382,230,77" oya="2" hai0="85,17,24,98,28,26,14,72,39,128,22,34,38" hai1="68,40,77,48,76,123,122,73,111,88,90,21,84" hai2="129,101,100,105,16,92,47,65,44,106,114,8,70" hai3="52,104,79,116,11,46,113,99,62,103,109,36,18"/><V69/><F114/><W117/><G113/><T0/><D72/><U135/><E68/><N who="2" m="26219" /><F92/><W132/><G109/><T5/><D85/><U107/><E111/><V82/><F82/><W64/><G132/><T13/><D98/><U4/><E135/><V108/><F108/><W29/><G29/><N who="0" m="19751" /><D39/><U31/><E4/><V71/><F71/><W89/><G79/><N who="1" m="30282" /><E73/><V58/><F58/><W130/><G130/><T115/><D38/><U43/><E107/><N who="2" m="40971" /><F65/><W15/><G89/><N who="1" m="34410" /><E84/><V80/><F80/><W51/><REACH who="3" step="1"/><G36/><REACH who="3" ten="301,382,230,67" step="2"/><T102/><D128/><U125/><E122/><V35/><F129/><W124/><G124/><T55/><D115/><U2/><E125/><V133/><F133/><W6/><G6/><T42/><D5/><U37/><E37/><V87/><F35/><W78/><G78/><T93/><D28/><U10/><E31/><V7/><F7/><W57/><AGARI ba="3,2" hai="11,15,18,46,51,52,57,62,64,99,103,104,116,117" machi="57" ten="20,12000,2" yaku="1,1,0,1,7,1,52,1,54,1,53,1" doraHai="96" doraHaiUra="53" who="3" fromWho="3" sc="301,-33,382,-33,230,-63,67,149" /><INIT seed="3,0,0,2,4,33" ten="268,349,167,216" oya="3" hai0="135,30,107,54,129,112,118,51,130,41,119,92,84" hai1="9,104,123,66,105,46,50,102,42,3,53,25,96" hai2="63,7,35,116,17,59,55,14,5,10,34,45,86" hai3="62,56,16,90,74,11,94,67,85,115,52,91,79"/><W31/><G115/><T20/><D107/><U27/><E123/><V18/><F116/><W101/><G74/><T68/><D68/><U65/><E105/><V93/><F34/><W49/><G31/><T6/><D41/><U95/><E104/><V100/><F35/><W125/><G125/><T19/><D112/><U38/><E3/><V133/><F133/><W83/><G101/><T37/><D135/><U120/><E120/><V57/><F45/><W72/><G72/><T76/><D37/><U121/><E121/><V109/><F109/><W40/><G40/><T134/><D30/><U78/><E78/><V82/><F100/><W114/><G94/><T26/><D6/><U126/><E9/><V0/><F93/><W99/><G99/><T128/><D134/><U80/><E80/><V47/><F0/><W103/><G103/><T127/><D127/><U1/><E1/><V21/><F57/><N who="3" m="32911" /><G114/><T122/><D122/><U64/><E126/><V110/><F110/><W48/><G48/><T69/><D69/><U39/><REACH who="1" step="1"/><E38/><REACH who="1" ten="268,339,167,216" step="2"/><V60/><F60/><W12/><AGARI ba="0,1" hai="11,12,16,56,62,67,79,83,85,90,91" m="32911" machi="12" ten="30,6000,0" yaku="8,1,54,2" doraHai="33" who="3" fromWho="3" sc="268,-20,339,-20,167,-20,216,70" /><INIT seed="3,1,0,0,5,22" ten="248,319,147,286" oya="3" hai0="125,91,95,116,9,84,24,77,58,38,126,110,61" hai1="105,46,1,65,73,75,94,119,44,32,71,18,59" hai2="80,92,5,101,41,52,69,123,30,2,102,4,86" hai3="82,120,99,127,79,62,60,35,89,34,118,107,43"/><W88/><G118/><T57/><D38/><U106/><E119/><V47/><F69/><W14/><G120/><T78/><D9/><U49/><E1/><V8/><F123/><W129/><G35/><T7/><D7/><U40/><E32/><V115/><F115/><W130/><G34/><T66/><D116/><U68/><E68/><V21/><F5/><W103/><G43/><T90/><D110/><U87/><E71/><V19/><F30/><W27/><G27/><T33/><D58/><U96/><E87/><V20/><F92/><W54/><G14/><T56/><D57/><U135/><E135/><V81/><F21/><W6/><G6/><T132/><D132/><U104/><E18/><V13/><F41/><W0/><G127/><N who="0" m="48651" /><D91/><N who="3" m="34889" /><G54/><T124/><N who="0" m="48659" /><T108/><DORA hai="112" /><D108/><U121/><E121/><V122/><F122/><W72/><G0/><T10/><D10/><U97/><E73/><V51/><REACH who="2" step="1"/><F81/><REACH who="2" ten="248,319,137,286" step="2"/><W48/><G48/><T93/><D95/><U26/><E94/><V85/><F85/><W42/><G42/><T17/><D17/><U109/><E75/><V50/><F50/><W83/><G82/><T45/><D45/><U63/><E46/><V111/><F111/><W133/><G133/><T117/><D117/><U31/><E109/><V67/><F67/><W98/><G98/><T12/><D12/><U64/><E64/><V53/><F53/><W28/><G28/><AGARI ba="1,1" hai="24,28,33,56,61,66,77,78,84,90,93" m="48659" machi="28" ten="40,2600,0" yaku="18,1,52,1" doraHai="22,112" who="0" fromWho="3" sc="248,39,319,0,137,0,286,-29" owari="287,9.0,319,41.0,137,-36.0,257,-14.0" /></mjloggm>