<mjloggm ver="2.3"><GO type="225" lobby="0"/><UN n0="%EF%BD%A2%EF%BD%A3%41" n1="%E3%82%B3%E3%83%BC%E3%83%B3%E3%83%9D%E3%82%BF%E3%83%BC%E3%82%B8%E3%83%A5" n2="%E3%81%98%E3%82%83%E3%81%8C%E3%81%84%E3%82%82%E5%89%A3%E5%A3%AB" n3="%E3%82%A6%E3%83%AB%E3%83%88%E3%83%A9%E7%AB%8B%E7%9B%B4" dan="16,16,17,16" rate="2134.06,2108.56,2203.88,2016.42" sx="F,M,M,M"/><TAIKYOKU oya="0"/><INIT seed="0,0,0,1,4,49" ten="250,250,250,250" oya="0" hai0="0,120,57,55,100,101,117,92,9,7,122,102,3" hai1="44,2,54,26,80,19,127,112,34,115,40,70,18" hai2="47,99,87,16,5,21,133,79,132,13,76,24,41" hai3="88,74,17,58,95,29,48,111,103,42,116,72,130"/><T67/><D117/><U134/><E70/><V46/><F99/><W36/><G116/><T53/><D3/><U25/><E2/><V38/><F47/><W68/><G68/><T119/><D119/><U89/><E127/><V10/><REACH who="2" step="1"/><F87/><REACH who="2" ten="250,250,240,250" step="2"/><N who="3" m="52639" /><G36/><T71/><D71/><U66/><E44/><V60/><F60/><W62/><G74/><T135/><D135/><AGARI ba="0,1" hai="5,10,13,16,21,24,38,41,46,76,79,132,133,135" machi="135" ten="40,5200,0" yaku="1,1,20,1,54,1,53,0" doraHai="49" doraHaiUra="35" who="2" fromWho="0" sc="250,-52,250,0,240,62,250,0" /><INIT seed="1,0,0,4,4,19" ten="198,250,302,250" oya="1" hai0="33,116,61,58,40,68,121,111,28,110,107,80,3" hai1="45,6,14,134,48,109,119,99,12,78,8,91,122" hai2="132,130,35,83,41,135,71,98,65,106,54,31,117" hai3="60,101,118,26,62,81,0,50,131,105,17,133,127"/><U82/><E119/><V15/><F117/><W2/><G101/><T34/><D116/><U73/><E122/><V4/><F41/><W49/><G105/><T21/><D121/><U63/><E134/><N who="2" m="51243" /><F130/><W88/><G133/><T100/><D3/><U129/><E129/><V32/><F31/><W85/><G118/><T37/><D68/><U47/><E109/><N who="0" m="41481" /><D80/><U66/><E14/><V77/><F54/><W9/><G131/><T25/><D40/><U123/><E123/><V43/><F43/><W120/><G120/><T5/><D5/><U84/><E48/><N who="3" m="18538" /><G127/><T124/><D37/><U18/><E6/><V39/><F39/><W27/><G2/><T126/><D100/><U67/><E99/><V70/><F98/><W52/><G0/><T7/><D7/><U74/><E66/><V93/><F106/><W103/><G103/><T113/><D107/><U57/><REACH who="1" step="1"/><E73/><REACH who="1" ten="198,240,302,250" step="2"/><V64/><F65/><W11/><G62/><T86/><D113/><U51/><E51/><V108/><F64/><W44/><G44/><T55/><D86/><U94/><AGARI ba="0,1" hai="8,12,18,45,47,57,63,67,74,78,82,84,91,94" machi="94" ten="20,3900,0" yaku="1,1,0,1,7,1,53,0" doraHai="19" doraHaiUra="16" who="1" fromWho="1" sc="198,-13,240,49,302,-13,250,-13" /><INIT seed="1,1,0,3,2,42" ten="185,289,289,237" oya="1" hai0="103,29,0,82,52,34,121,15,47,111,99,74,7" hai1="14,33,8,98,19,44,90,10,59,80,73,30,23" hai2="127,72,91,83,128,66,116,9,3,63,133,97,75" hai3="84,53,87,89,25,135,11,117,18,131,24,12,134"/><U85/><E73/><V86/><F116/><W50/><G131/><T70/><D70/><U101/><E59/><V45/><F128/><W110/><G110/><T62/><D111/><U1/><E1/><V22/><F127/><W40/><G40/><T69/><D121/><U16/><E33/><V102/><F133/><N who="3" m="50699" /><G117/><T37/><D0/><U130/><E130/><V106/><F22/><W61/><G61/><T81/><D74/><U49/><E30/><V4/><REACH who="2" step="1"/><F45/><REACH who="2" ten="185,289,279,237" step="2"/><N who="3" m="27855" /><G87/><T113/><D113/><U125/><E125/><V119/><F119/><W79/><G79/><T109/><D109/><U120/><E120/><V68/><AGARI ba="1,1" hai="3,4,9,63,66,68,72,75,83,86,91,97,102,106" machi="68" ten="20,2700,0" yaku="1,1,0,1,7,1,53,0" doraHai="42" doraHaiUra="39" who="2" fromWho="2" sc="185,-8,289,-14,279,40,237,-8" /><INIT seed="2,0,0,0,0,121" ten="177,275,319,229" oya="2" hai0="98,47,0,37,3,51,124,48,6,7,105,65,75" hai1="30,126,58,67,78,79,106,60,122,95,93,102,86" hai2="91,12,89,52,92,70,33,41,1,99,35,23,34" hai3="38,116,117,127,131,18,5,128,109,134,46,94,14"/><V27/><F1/><W8/><G46/><T21/><D75/><U24/><E122/><V130/><F70/><W2/><G38/><T40/><D65/><U32/><E126/><V72/><F72/><W80/><G94/><T19/><D124/><U108/><E108/><V129/><F41/><W113/><G80/><T15/><D0/><U56/><E56/><V42/><F42/><W66/><G66/><T135/><D135/><U103/><E103/><V82/><F12/><W39/><G39/><T115/><D115/><U20/><E32/><V96/><F52/><W53/><G53/><T125/><D125/><U29/><E29/><V16/><F82/><W28/><G113/><T22/><D22/><U83/><E106/><V110/><F110/><W26/><G127/><T59/><D59/><U88/><E95/><AGARI ba="0,0" hai="16,23,27,33,34,35,89,91,92,95,96,99,129,130" machi="95" ten="50,4800,0" yaku="9,1,54,1" doraHai="121" who="2" fromWho="1" sc="177,0,275,-48,319,48,229,0" /><INIT seed="2,1,0,0,1,50" ten="177,227,367,229" oya="2" hai0="6,1,8,2,68,66,119,82,93,76,99,9,107" hai1="15,28,62,37,51,89,130,19,75,20,33,79,92" hai2="30,131,55,111,12,64,123,27,3,105,88,18,74" hai3="45,43,120,65,23,112,61,124,98,14,77,53,40"/><V39/><F105/><W46/><G120/><T102/><D119/><U129/><E37/><V7/><F74/><W126/><G77/><T95/><D66/><U80/><E62/><V84/><F39/><N who="3" m="21663" /><G98/><T104/><D95/><U87/><E33/><V100/><F123/><W32/><G14/><T47/><D47/><U133/><E28/><V116/><F100/><W25/><G23/><T108/><D108/><U24/><E24/><V59/><F116/><W44/><G25/><T85/><REACH who="0" step="1"/><D68/><REACH who="0" ten="167,227,367,229" step="2"/><U132/><E92/><N who="2" m="54279" /><F64/><W128/><G46/><T41/><D41/><U135/><E135/><V83/><F111/><W26/><G43/><T73/><D73/><U11/><E133/><V67/><F67/><W16/><G65/><T117/><D117/><U69/><E132/><V96/><F59/><W54/><G44/><T122/><D122/><U48/><E69/><V57/><F57/><W13/><G32/><T118/><D118/><U114/><E129/><V91/><F131/><W113/><G128/><T97/><D97/><U17/><E130/><V31/><F96/><W36/><G36/><T127/><D127/><U125/><E125/><V72/><F72/><W90/><G124/><T109/><D109/><U29/><E75/><V63/><F83/><W94/><G126/><T35/><D35/><U121/><E121/><V52/><F55/><W49/><G54/><T70/><D70/><U101/><E80/><V134/><F52/><W71/><G71/><T106/><D106/><U22/><E101/><V110/><F110/><W38/><G53/><T21/><D21/><U5/><E20/><RYUUKYOKU ba="1,1" sc="167,30,227,-10,367,-10,229,-10" hai0="1,2,6,8,9,76,82,85,93,99,102,104,107" /><INIT seed="3,2,1,1,4,61" ten="197,217,357,219" oya="3" hai0="106,72,76,14,41,110,4,105,115,112,118,33,120" hai1="67,114,10,90,99,43,51,49,134,64,60,103,83" hai2="11,27,133,116,132,128,7,74,84,0,135,86,68" hai3="23,48,70,24,36,92,122,93,66,58,124,17,13"/><W39/><G122/><T63/><D120/><U65/><E114/><N who="0" m="43561" /><D118/><U8/><E134/><V42/><F116/><W95/><G124/><T3/><D110/><U35/><E35/><V119/><F119/><W20/><G70/><T85/><D33/><U21/><E60/><V82/><F68/><W107/><G107/><N who="0" m="40971" /><D63/><U40/><E21/><V80/><F74/><W111/><G111/><T2/><D41/><N who="1" m="15947" /><E103/><V56/><F42/><W108/><G108/><T22/><D72/><U127/><E127/><V50/><F80/><W73/><G73/><T19/><D4/><U126/><E126/><V46/><F82/><AGARI ba="2,1" hai="2,3,14,19,22,76,82,85" m="40971,43561" machi="82" ten="30,1000,0" yaku="11,1" doraHai="61" who="0" fromWho="2" sc="197,26,217,0,357,-16,219,0" owari="223,2.0,217,-28.0,341,44.0,219,-18.0" /></mjloggm>