<mjloggm ver="2.3"><GO type="41" lobby="0"/><UN n0="%73%6B%6D%64%79" n1="%E3%82%A6%E3%83%AB%E3%83%88%E3%83%A9%E7%AB%8B%E7%9B%B4" n2="%6F%66%63%6F%75%72%73%65" n3="%E5%8D%97%E3%82%A2%E7%94%B7" dan="14,16,14,13" rate="1977.36,2059.88,1890.46,1818.61" sx="M,M,M,M"/><TAIKYOKU oya="0"/><INIT seed="0,0,0,3,3,128" ten="250,250,250,250" oya="0" hai0="31,45,79,107,37,118,87,93,4,116,67,47,91" hai1="101,105,10,5,51,57,120,106,40,85,77,23,63" hai2="69,135,98,22,46,8,72,25,28,52,71,121,53" hai3="86,81,83,115,132,17,64,117,11,0,129,99,20"/><T34/><D107/><U102/><E120/><V7/><F121/><W35/><G117/><T44/><D67/><U62/><E105/><V111/><F111/><W54/><G115/><T9/><D37/><U104/><E62/><V114/><F114/><W78/><G35/><T6/><D79/><U113/><E113/><V131/><F131/><W14/><G129/><T108/><D108/><U43/><E43/><V49/><F72/><W56/><G64/><T59/><D59/><U42/><E42/><V58/><F98/><W89/><G99/><T126/><D126/><U66/><E23/><V100/><F100/><W133/><G0/><T110/><D110/><U55/><E104/><V97/><F97/><W19/><G19/><T127/><D127/><U119/><E119/><V68/><F135/><W75/><REACH who="3" step="1"/><G11/><REACH who="3" ten="250,250,250,240" step="2"/><T90/><D6/><U74/><E66/><V15/><REACH who="2" step="1"/><F71/><REACH who="2" ten="250,250,240,240" step="2"/><W32/><G32/><T18/><D116/><U65/><E106/><V29/><F29/><W134/><G134/><T109/><D109/><U48/><E102/><V95/><F95/><W70/><G70/><T123/><D31/><U60/><E101/><V13/><F13/><W92/><G92/><T124/><D118/><U88/><E74/><V76/><F76/><W12/><G12/><T39/><D124/><U80/><E77/><V3/><F3/><W103/><G103/><T130/><D130/><U82/><E82/><V112/><F112/><W2/><G2/><T125/><D125/><U61/><E80/><V50/><AGARI ba="0,2" hai="7,8,15,22,25,28,46,49,50,52,53,58,68,69" machi="50" ten="20,8000,1" yaku="1,1,0,1,7,1,54,1,53,1" doraHai="128" doraHaiUra="1" who="2" fromWho="2" sc="250,-40,250,-20,240,100,240,-20" /><INIT seed="1,0,0,0,1,74" ten="210,230,340,220" oya="1" hai0="24,20,100,70,40,134,123,3,43,72,4,27,92" hai1="33,30,110,5,132,42,105,80,51,18,61,37,52" hai2="36,76,12,17,88,29,60,87,69,66,64,120,121" hai3="54,117,53,133,102,135,38,126,10,9,103,57,116"/><U81/><E105/><V94/><F36/><W68/><G57/><T90/><D70/><U113/><E113/><V7/><F7/><W59/><G59/><T111/><D111/><U98/><E110/><V46/><F66/><W21/><G21/><T22/><D134/><U99/><E37/><V112/><F112/><W62/><G62/><T89/><D123/><U77/><E132/><V119/><F119/><W84/><G38/><T13/><D3/><U32/><E80/><V16/><F17/><W48/><G48/><T122/><D122/><U34/><E30/><V107/><F107/><W19/><G19/><T47/><D72/><U82/><E82/><V67/><F67/><W45/><G45/><T1/><D1/><U58/><E5/><V115/><F115/><W11/><G11/><T41/><D100/><U83/><E83/><V31/><F76/><W28/><G28/><T108/><D108/><U0/><E0/><V104/><F104/><W128/><G128/><T86/><D47/><U26/><E26/><N who="0" m="9769" /><D89/><U95/><E18/><V65/><F65/><W8/><G8/><AGARI ba="0,0" hai="4,8,13,20,22,40,41,43,86,90,92" m="9769" machi="8" ten="30,1000,0" yaku="8,1" doraHai="74" who="0" fromWho="3" sc="210,10,230,0,340,0,220,-10" /><INIT seed="2,0,0,0,1,2" ten="220,230,340,210" oya="2" hai0="9,84,65,71,105,36,72,26,87,99,10,49,103" hai1="130,128,29,121,119,3,8,68,106,25,93,38,67" hai2="133,69,88,20,27,76,30,124,44,61,43,18,129" hai3="92,70,89,104,35,114,117,34,115,79,98,17,108"/><V12/><F124/><W78/><G70/><T100/><D72/><U131/><E93/><V97/><F129/><W7/><G117/><T111/><D111/><U50/><E50/><V86/><F133/><W75/><G108/><T90/><D36/><U13/><E38/><V62/><F76/><W32/><G104/><T116/><D116/><U33/><E106/><V22/><F69/><W56/><G75/><T110/><D110/><U74/><E74/><V94/><REACH who="2" step="1"/><F97/><REACH who="2" ten="220,230,330,210" step="2"/><W95/><G79/><T135/><D135/><U85/><E119/><V122/><F122/><W127/><G78/><T47/><D100/><U41/><E121/><V118/><F118/><W55/><G127/><T21/><D71/><U66/><E68/><V107/><F107/><W59/><G115/><T23/><D65/><U53/><E67/><V4/><F4/><W48/><G7/><T51/><D105/><U109/><E66/><V82/><F82/><W46/><G114/><T57/><D99/><U42/><E109/><V5/><F5/><W39/><G92/><T60/><D103/><U123/><E123/><V15/><F15/><W81/><G81/><T31/><D26/><U134/><E134/><V14/><F14/><W37/><G98/><T28/><D90/><U126/><E126/><V73/><F73/><W24/><G95/><T58/><D47/><U0/><E85/><V11/><F11/><W77/><G89/><T91/><D91/><U125/><E125/><V64/><F64/><W52/><G77/><T102/><D102/><U112/><E112/><V80/><F80/><W45/><G46/><RYUUKYOKU ba="0,1" sc="220,15,230,-15,330,15,210,-15" hai0="9,10,21,23,28,31,49,51,57,58,60,84,87" hai2="12,18,20,22,27,30,43,44,61,62,86,88,94" /><INIT seed="2,1,1,3,3,14" ten="235,215,345,195" oya="2" hai0="0,96,17,68,122,48,103,80,91,22,23,115,34" hai1="8,30,1,89,66,27,94,40,4,105,39,131,119" hai2="93,5,78,77,60,71,64,38,124,87,49,92,88" hai3="36,9,33,73,13,3,58,43,26,99,55,133,11"/><V53/><F124/><W37/><G73/><T32/><D122/><U100/><E119/><V69/><F38/><W121/><G121/><T51/><D68/><U84/><E131/><V59/><F71/><W28/><G133/><T83/><D0/><U70/><E40/><V61/><F5/><W120/><G120/><T125/><D125/><U108/><E39/><V76/><REACH who="2" step="1"/><F60/><REACH who="2" ten="235,215,335,195" step="2"/><W72/><G37/><T47/><D115/><U56/><E70/><V104/><F104/><W132/><G36/><T6/><D48/><U45/><E105/><V42/><F42/><W63/><G43/><T110/><D110/><U7/><E108/><V82/><AGARI ba="1,2" hai="49,53,59,61,64,69,76,77,78,82,87,88,92,93" machi="82" ten="30,6000,0" yaku="1,1,0,1,54,1,53,0" doraHai="14" doraHaiUra="2" who="2" fromWho="2" sc="235,-21,215,-21,335,83,195,-21" /><INIT seed="2,2,0,2,2,43" ten="214,194,418,174" oya="2" hai0="128,30,81,86,98,13,23,119,76,36,12,38,99" hai1="93,45,63,67,79,46,88,114,92,3,71,11,110" hai2="94,0,1,6,102,90,17,65,53,24,39,118,4" hai3="73,61,85,70,96,47,127,89,19,75,115,60,16"/><V82/><F118/><W105/><G127/><T18/><D119/><U40/><E114/><V66/><F39/><W58/><G70/><T120/><D120/><U56/><E110/><V84/><F0/><W35/><G35/><T41/><D128/><U124/><E124/><V104/><F104/><W69/><G69/><T64/><D64/><N who="2" m="24682" /><F1/><W37/><G115/><T112/><D112/><U28/><E71/><V25/><F53/><W2/><G2/><T95/><D30/><U10/><E3/><V133/><F133/><W5/><G5/><N who="2" m="2153" /><F17/><W116/><G116/><T20/><D41/><U109/><E40/><V72/><F72/><W132/><G132/><T106/><D106/><U121/><E28/><V97/><AGARI ba="2,0" hai="24,25,82,84,90,94,97,102" m="2153,24682" machi="97" ten="30,1500,0" yaku="8,1" doraHai="43" who="2" fromWho="2" sc="214,-7,194,-7,418,21,174,-7" /><INIT seed="2,3,0,3,1,118" ten="207,187,439,167" oya="2" hai0="12,135,3,131,63,44,120,58,72,119,121,81,57" hai1="70,24,100,60,103,45,62,22,98,55,107,2,5" hai2="106,4,112,8,52,73,46,101,37,41,82,78,48" hai3="88,56,64,27,16,83,110,25,89,95,47,113,11"/><V132/><F132/><W79/><G110/><T108/><D108/><U49/><E70/><V59/><F112/><W0/><G113/><T26/><D119/><U93/><E107/><V134/><F134/><W61/><G0/><T10/><D135/><U102/><E5/><V51/><F101/><N who="1" m="39017" /><E2/><V104/><REACH who="2" step="1"/><F48/><REACH who="2" ten="207,187,429,167" step="2"/><W123/><G47/><T99/><D44/><U54/><E54/><V31/><F31/><AGARI ba="3,1" hai="22,24,31,45,49,55,60,62,93,98,103" m="39017" machi="31" ten="30,1000,0" yaku="8,1" doraHai="118" who="1" fromWho="2" sc="207,0,187,29,429,-19,167,0" /><INIT seed="3,0,0,5,2,35" ten="207,216,410,167" oya="3" hai0="41,100,65,99,40,9,17,37,103,110,30,5,25" hai1="134,90,126,118,28,39,122,43,1,62,71,101,27" hai2="109,128,54,105,93,38,22,13,88,83,102,106,18" hai3="75,81,120,70,96,117,47,23,114,42,15,3,19"/><W52/><G117/><T7/><D110/><U119/><E122/><V20/><F109/><W131/><G120/><T91/><D65/><N who="1" m="41399" /><E90/><V63/><F128/><W36/><G114/><T8/><D17/><U50/><E50/><V116/><F116/><N who="1" m="44585" /><E126/><V49/><F38/><W123/><G131/><T130/><D130/><U61/><E61/><V127/><F127/><W124/><G123/><T45/><D40/><U104/><E134/><V55/><F22/><W51/><G124/><T132/><D132/><U113/><E113/><V111/><F111/><W57/><G70/><T44/><D44/><U129/><E129/><V89/><F89/><W135/><G135/><T24/><D91/><U79/><E79/><V69/><F69/><W84/><G75/><T14/><D99/><N who="1" m="61503" /><E43/><V108/><F108/><W12/><G96/><T94/><D94/><U80/><E80/><V86/><F63/><W95/><G95/><T2/><REACH who="0" step="1"/><D25/><REACH who="0" ten="197,216,410,167" step="2"/><U82/><E39/><V33/><F93/><W85/><G81/><T74/><D74/><U46/><E46/><V72/><F72/><W4/><REACH who="3" step="1"/><G15/><REACH who="3" ten="197,216,410,157" step="2"/><T11/><D11/><AGARI ba="0,2" hai="3,4,11,12,19,23,36,42,47,51,52,57,84,85" machi="11" ten="40,12000,1" yaku="1,1,2,1,52,1,54,1,53,0" doraHai="35" doraHaiUra="26" who="3" fromWho="0" sc="197,-120,216,0,410,0,157,140" /><INIT seed="3,1,0,0,5,45" ten="77,216,410,297" oya="3" hai0="89,71,79,22,14,122,44,94,92,96,70,97,119" hai1="124,37,53,76,5,58,132,41,113,12,48,118,39" hai2="49,35,11,69,91,130,3,83,67,34,103,63,1" hai3="27,86,65,38,13,28,32,75,112,116,100,74,85"/><W59/><G116/><T26/><D119/><U4/><E113/><V84/><F130/><W54/><G112/><T101/><D122/><U123/><E123/><V0/><F11/><W21/><G38/><T33/><D33/><U120/><E120/><V42/><REACH who="2" step="1"/><F103/><REACH who="2" ten="77,216,400,297" step="2"/><W66/><G100/><T8/><D79/><U7/><E118/><V52/><F52/><W104/><G66/><T134/><D134/><U93/><E132/><V82/><F82/><W29/><G65/><T72/><D72/><U114/><E114/><V55/><F55/><W73/><G74/><T43/><D8/><U61/><E76/><V108/><F108/><W121/><G73/><T47/><D14/><U50/><E124/><V111/><F111/><W46/><G75/><T135/><D135/><U98/><E12/><V78/><F78/><W107/><G121/><T51/><REACH who="0" step="1"/><D44/><AGARI ba="1,1" hai="0,1,3,34,35,42,44,49,63,67,69,83,84,91" machi="44" ten="40,2600,0" yaku="1,1,52,1,53,0" doraHai="45" doraHaiUra="131" who="2" fromWho="0" sc="77,-29,216,0,400,39,297,0" /><INIT seed="4,0,0,4,2,119" ten="48,216,439,297" oya="0" hai0="55,9,43,4,112,30,32,58,6,130,5,40,122" hai1="41,42,84,3,17,38,87,60,44,2,66,36,24" hai2="99,106,104,82,78,49,53,111,45,34,62,16,125" hai3="121,105,18,93,7,77,127,22,70,79,23,46,54"/><T57/><D112/><U90/><E84/><V37/><F111/><W26/><G105/><T25/><D130/><U134/><E134/><V50/><F125/><W71/><G127/><T47/><D122/><U131/><E131/><V92/><F37/><W94/><G121/><T67/><D67/><U65/><E65/><V123/><F34/><W19/><G7/><T80/><D80/><U120/><E120/><V13/><F123/><W101/><G101/><T35/><D35/><U132/><E132/><V85/><F50/><W69/><G54/><T97/><D97/><U115/><E115/><V133/><F62/><W89/><G46/><T14/><D43/><U31/><E17/><V107/><F133/><W61/><G61/><T74/><D74/><U102/><E102/><V1/><F1/><W96/><REACH who="3" step="1"/><G94/><REACH who="3" ten="48,216,439,287" step="2"/><T116/><D116/><U59/><E42/><V63/><F63/><W117/><G117/><T56/><REACH who="0" step="1"/><D55/><REACH who="0" ten="38,216,439,287" step="2"/><U73/><E41/><V108/><F108/><W109/><G109/><T15/><D15/><AGARI ba="0,2" hai="15,18,19,22,23,26,69,70,71,77,79,89,93,96" machi="15" ten="40,1300,0" yaku="1,1,53,0" doraHai="119" doraHaiUra="27" who="3" fromWho="0" sc="38,-13,216,0,439,0,287,33" /><INIT seed="5,0,0,3,0,47" ten="25,216,439,320" oya="1" hai0="97,61,63,134,43,121,87,57,115,60,126,83,135" hai1="10,100,74,95,72,125,26,28,53,24,8,86,127" hai2="20,105,112,80,71,99,98,117,91,78,54,35,22" hai3="132,81,120,42,129,113,12,85,65,123,58,128,66"/><U102/><E86/><V7/><F117/><W37/><G113/><T69/><D97/><U114/><E95/><V79/><F71/><W88/><G132/><N who="0" m="50731" /><D87/><U50/><E114/><V96/><F105/><W51/><G37/><T29/><D29/><U119/><E28/><V109/><F109/><W92/><G12/><T4/><D4/><U5/><E5/><V75/><F35/><W133/><G133/><T55/><D83/><U118/><REACH who="1" step="1"/><E53/><REACH who="1" ten="25,206,439,320" step="2"/><V106/><F112/><W56/><G92/><T19/><D115/><U52/><E52/><V107/><F54/><N who="3" m="31839" /><G42/><T16/><D43/><U2/><E2/><V77/><F7/><W9/><G123/><T45/><D45/><U13/><E13/><V103/><F75/><W21/><G120/><T32/><D121/><U46/><E46/><V64/><F64/><W82/><G129/><T90/><D32/><U68/><E68/><V93/><F80/><W101/><G128/><T59/><D69/><U76/><E76/><V25/><F25/><W44/><G44/><T38/><D90/><U48/><AGARI ba="0,1" hai="8,10,24,26,48,50,72,74,100,102,118,119,125,127" machi="48" ten="25,18000,2" yaku="1,1,0,1,22,2,52,2,53,0" doraHai="47" doraHaiUra="116" who="1" fromWho="1" sc="25,-60,206,190,439,-60,320,-60" owari="-35,-54.0,396,50.0,379,18.0,260,-14.0" /></mjloggm>