<mjloggm ver="2.3"><GO type="97" lobby="0"/><UN n0="%43%79%2F%43%62" n1="%E3%82%A6%E3%83%AB%E3%83%88%E3%83%A9%E7%AB%8B%E7%9B%B4" n2="%E2%99%AA%74%68%79%6D%65%EF%BC%8C" n3="%73%69%72%6F%61%6E%61" dan="15,15,13,14" rate="1966.65,1978.63,1912.33,1956.07" sx="M,M,F,M"/><TAIKYOKU oya="0"/><INIT seed="0,0,0,5,2,109" ten="250,250,250,250" oya="0" hai0="68,91,114,20,118,48,66,71,23,46,111,104,11" hai1="10,133,88,100,135,73,27,2,3,19,7,37,16" hai2="76,97,105,49,82,81,43,102,6,134,9,33,70" hai3="79,95,18,87,55,47,125,99,0,62,32,83,101"/><T51/><D118/><U80/><E100/><V94/><F70/><W123/><G123/><T53/><D104/><U30/><E37/><V58/><F33/><W50/><G0/><T122/><D122/><U84/><E73/><V75/><F134/><N who="1" m="51209" /><E2/><V113/><F113/><W1/><G1/><T56/><D111/><U21/><AGARI ba="0,0" hai="3,7,10,16,19,21,27,30,80,84,88" m="51209" machi="21" ten="30,4000,0" yaku="20,1,54,2" doraHai="109" who="1" fromWho="1" sc="250,-20,250,40,250,-10,250,-10" /><INIT seed="1,0,0,3,5,22" ten="230,290,240,240" oya="1" hai0="52,74,50,68,98,122,65,117,116,89,110,11,7" hai1="95,32,79,96,26,73,17,16,0,85,121,54,44" hai2="35,92,19,5,114,59,51,90,81,14,37,55,131" hai3="120,29,82,105,75,83,104,125,30,93,27,103,6"/><U36/><E0/><V64/><F35/><W109/><G120/><T45/><D74/><U70/><E70/><V133/><F133/><W106/><G6/><T71/><D122/><U86/><E121/><V111/><F111/><W34/><G109/><T108/><D108/><U58/><E73/><V87/><F37/><W69/><G125/><T41/><D110/><U97/><E32/><V84/><F131/><W4/><G4/><T99/><D41/><U28/><E44/><V24/><F114/><W100/><G69/><T129/><D129/><U94/><E36/><V77/><F64/><W72/><G93/><T21/><D21/><N who="1" m="13607" /><E17/><V31/><F5/><W23/><G34/><T118/><D65/><U56/><E28/><V13/><REACH who="2" step="1"/><F31/><REACH who="2" ten="230,290,230,240" step="2"/><W112/><G112/><T66/><D66/><U101/><E79/><V10/><F10/><W130/><G130/><T9/><D11/><U49/><E58/><V3/><F3/><W8/><G8/><T18/><D7/><U2/><E2/><V40/><F40/><W48/><G30/><T60/><D117/><U1/><E1/><V134/><F134/><W78/><REACH who="3" step="1"/><G48/><REACH who="3" ten="230,290,230,230" step="2"/><T25/><D116/><U42/><E42/><V47/><F47/><W127/><G127/><T124/><D118/><U39/><E39/><V38/><F38/><W132/><G132/><T62/><D9/><U43/><E43/><V119/><F119/><W57/><G57/><T91/><D124/><U102/><AGARI ba="0,2" hai="49,54,56,85,86,94,95,96,97,101,102" m="13607" machi="102" ten="30,6000,0" yaku="8,1,52,1,54,1" doraHai="22" who="1" fromWho="1" sc="230,-20,290,80,230,-20,230,-20" /><INIT seed="1,1,0,3,2,83" ten="210,370,210,210" oya="1" hai0="27,122,79,80,38,62,105,98,50,13,102,5,39" hai1="128,47,118,19,130,40,4,76,70,49,0,29,55" hai2="86,90,120,109,81,17,107,68,91,9,14,43,84" hai3="7,54,97,31,132,22,127,96,61,58,46,123,82"/><U124/><E4/><V8/><F120/><W87/><G123/><T63/><D122/><U21/><E0/><V106/><F109/><W66/><G127/><T117/><D117/><U94/><E29/><V36/><F68/><W134/><G7/><T101/><D101/><U69/><E76/><V45/><REACH who="2" step="1"/><F9/><REACH who="2" ten="210,370,200,210" step="2"/><W99/><G134/><T116/><D116/><U133/><E118/><V112/><F112/><W78/><G132/><T65/><D39/><U111/><E133/><V125/><F125/><W30/><G22/><T110/><D38/><U89/><E124/><V73/><F73/><W92/><REACH who="3" step="1"/><G92/><AGARI ba="1,1" hai="8,14,17,36,43,45,81,84,86,90,91,92,106,107" machi="92" ten="30,7700,0" yaku="1,1,7,1,52,2,53,0" doraHai="83" doraHaiUra="108" who="2" fromWho="3" sc="210,0,370,0,200,90,210,-80" /><INIT seed="2,0,0,1,0,66" ten="210,370,290,130" oya="2" hai0="31,16,19,110,74,112,124,94,21,6,68,27,90" hai1="35,8,120,102,32,125,122,75,48,130,98,105,28" hai2="11,134,87,89,108,113,25,47,96,73,56,2,129" hai3="114,57,127,77,115,103,118,29,101,72,55,86,41"/><V18/><F113/><N who="3" m="43019" /><G41/><T0/><D112/><U106/><E75/><V46/><F73/><W23/><G118/><T37/><D37/><U10/><E125/><V9/><F2/><W14/><G127/><T80/><D124/><U71/><E71/><V128/><F134/><W22/><G72/><T39/><D39/><U64/><E64/><V4/><F96/><W12/><G29/><T76/><D68/><U107/><E48/><V91/><F56/><W50/><G86/><T42/><D42/><U117/><E117/><V85/><F4/><W3/><G77/><T26/><D110/><U133/><E133/><V67/><F67/><W97/><G3/><T30/><D6/><U17/><E130/><V15/><F25/><W54/><G97/><T7/><D7/><U100/><E28/><V34/><F34/><W61/><G22/><T52/><D0/><U69/><E69/><V5/><F5/><W53/><G23/><T119/><D119/><U51/><E51/><V132/><F132/><W63/><G50/><T58/><D27/><U38/><E38/><V78/><F78/><W81/><G81/><T13/><D13/><N who="3" m="5225" /><G57/><T20/><D20/><U121/><E17/><V93/><F108/><W109/><G109/><T95/><D19/><U116/><E116/><V83/><REACH who="2" step="1"/><F9/><REACH who="2" ten="210,370,280,130" step="2"/><N who="1" m="3689" /><E98/><V65/><F65/><W84/><G84/><T24/><D26/><U36/><E35/><V40/><F40/><W104/><G104/><T70/><D70/><U131/><E32/><V88/><F88/><W33/><G33/><T135/><D135/><U82/><E107/><V99/><F99/><RYUUKYOKU ba="0,1" sc="210,-15,370,-15,280,15,130,15" hai2="11,15,18,46,47,83,85,87,89,91,93,128,129" hai3="53,54,55,61,63,101,103" /><INIT seed="2,1,1,3,0,3" ten="195,355,295,145" oya="2" hai0="77,75,33,37,115,122,31,21,67,76,79,70,116" hai1="100,98,51,92,107,2,106,47,96,132,87,20,34" hai2="110,49,73,1,59,50,52,65,89,130,99,101,35" hai3="74,133,40,53,119,41,91,69,94,46,131,54,84"/><V88/><F35/><W44/><G69/><T80/><D115/><U29/><E34/><V117/><F117/><W135/><G74/><T19/><D116/><U121/><E2/><V71/><F73/><W113/><G119/><T62/><D37/><U8/><E8/><V36/><F36/><W126/><G113/><T11/><D122/><U10/><E10/><V86/><F1/><W5/><G131/><T97/><D97/><U85/><E132/><V32/><F32/><W18/><G18/><T60/><D60/><U114/><E114/><V125/><F125/><W105/><G105/><T28/><D11/><U42/><E121/><V72/><F72/><W90/><G126/><T55/><D55/><U81/><E81/><N who="2" m="49231" /><F71/><W102/><G102/><T118/><D118/><U9/><E106/><V56/><F130/><W58/><G58/><T0/><D0/><U103/><E9/><V27/><F101/><W4/><G84/><T104/><D104/><U64/><E64/><V13/><F27/><W83/><G83/><T48/><D48/><U93/><E107/><V109/><F13/><W61/><G94/><T66/><D66/><U123/><E123/><V68/><F68/><W43/><G40/><T95/><D33/><U24/><AGARI ba="1,1" hai="20,24,29,42,47,51,85,87,92,93,96,98,100,103" machi="24" ten="30,4000,0" yaku="0,1,9,1,8,1" doraHai="3" who="1" fromWho="1" sc="195,-11,355,53,295,-21,145,-11" /><INIT seed="3,0,0,4,1,60" ten="184,408,274,134" oya="3" hai0="114,101,10,104,84,58,56,108,1,61,36,40,25" hai1="22,134,41,35,93,30,6,46,54,102,130,68,47" hai2="55,0,103,63,23,57,116,86,11,65,38,73,91" hai3="122,127,34,17,14,24,76,82,31,119,50,85,49"/><W20/><G122/><T79/><D108/><U98/><E54/><V9/><F73/><W29/><G119/><T42/><D114/><U113/><E93/><V131/><F38/><W100/><G127/><T95/><D104/><U39/><E35/><V45/><F0/><W53/><G100/><T44/><D25/><U121/><E130/><V117/><F117/><W33/><REACH who="3" step="1"/><G53/><REACH who="3" ten="184,408,274,124" step="2"/><T83/><D42/><U120/><E102/><V19/><F103/><W69/><G69/><T87/><D101/><U66/><E68/><V64/><F131/><W3/><G3/><T80/><D1/><U74/><E41/><V28/><F116/><W13/><G13/><T67/><D40/><U105/><E120/><V115/><F115/><W26/><AGARI ba="0,1" hai="14,17,20,24,26,29,31,33,34,49,50,76,82,85" machi="26" ten="30,6000,0" yaku="1,1,0,1,9,1,53,0" doraHai="60" doraHaiUra="99" who="3" fromWho="3" sc="184,-20,408,-20,274,-20,124,70" /><INIT seed="3,1,0,0,2,0" ten="164,388,254,194" oya="3" hai0="70,132,84,56,48,115,54,128,86,29,45,50,124" hai1="81,23,30,13,52,120,34,135,53,103,133,131,114" hai2="5,80,69,130,101,16,97,42,27,38,1,57,19" hai3="15,104,10,71,111,95,75,119,68,49,94,55,82"/><W41/><G104/><T47/><D29/><U31/><E31/><V17/><F69/><W28/><G28/><T20/><D20/><U33/><E120/><V127/><F130/><W83/><G119/><T73/><D73/><U77/><E103/><V102/><F127/><W51/><G75/><T126/><D128/><U6/><E131/><V14/><F57/><W134/><G41/><T62/><D84/><N who="1" m="48175" /><E114/><V89/><F27/><W87/><G134/><T116/><D86/><U66/><E66/><V108/><F108/><W40/><G40/><T2/><D2/><U36/><E36/><V112/><F112/><W25/><G25/><T72/><D72/><U37/><E37/><V22/><F38/><W121/><G121/><T118/><D115/><U61/><E61/><V106/><F42/><W4/><G111/><T63/><D132/><U78/><E78/><V88/><F1/><W11/><G87/><T85/><D85/><U46/><E23/><V35/><F35/><W113/><G113/><T105/><D105/><U122/><E122/><V96/><F80/><W9/><G11/><T65/><D118/><U8/><E34/><V76/><F76/><W58/><G49/><T26/><D26/><U117/><E117/><V12/><F22/><W43/><G9/><T92/><D92/><N who="3" m="35369" /><G43/><T91/><D91/><N who="2" m="34890" /><F106/><W129/><G129/><T93/><D93/><U7/><E133/><V123/><F123/><W21/><G71/><T32/><D32/><U59/><E135/><V90/><N who="2" m="34898" /><V44/><DORA hai="60" /><F44/><N who="0" m="16970" /><D116/><U110/><E33/><V74/><F74/><W39/><G68/><RYUUKYOKU ba="1,0" sc="164,30,388,-10,254,-10,194,-10" hai0="48,50,54,56,62,63,65,70,124,126" owari="194,-21.0,378,49.0,244,4.0,184,-32.0" /></mjloggm>