<mjloggm ver="2.3"><GO type="97" lobby="0"/><UN n0="%75%6E%6B%6F%6F" n1="%E5%AE%87%E5%AE%99%E3%81%8B%E3%82%89%E3%81%AE%E4%BD%BF%E8%80%85" n2="%E3%82%A6%E3%83%AB%E3%83%88%E3%83%A9%E7%AB%8B%E7%9B%B4" n3="%4D%61%6D%65%2D%79%61" dan="14,14,14,15" rate="1883.80,1875.40,1879.62,2007.04" sx="M,M,M,M"/><TAIKYOKU oya="0"/><INIT seed="0,0,0,0,4,121" ten="250,250,250,250" oya="0" hai0="80,9,44,41,120,25,39,93,15,134,26,92,19" hai1="18,32,91,62,70,36,116,101,98,16,59,29,83" hai2="42,37,133,24,86,47,68,99,10,118,123,0,65" hai3="127,31,53,117,38,89,27,130,128,79,84,105,81"/><T28/><D120/><U132/><E132/><V122/><F86/><W67/><G38/><T2/><D134/><U72/><E116/><V88/><F88/><W126/><G67/><T76/><D2/><U22/><E36/><V73/><F133/><W66/><G66/><T63/><D63/><U131/><E131/><N who="3" m="50218" /><G53/><T48/><D39/><U45/><E70/><V35/><F99/><W113/><G117/><T5/><D19/><U71/><E71/><V8/><F8/><W11/><G11/><T104/><D104/><U4/><E45/><V34/><F118/><W61/><G61/><T135/><D26/><U40/><E40/><V14/><F14/><W3/><G3/><T95/><D95/><U108/><E59/><V30/><F35/><N who="3" m="20991" /><G105/><T97/><D135/><U50/><E62/><V57/><F57/><W49/><G49/><T13/><D13/><U110/><E50/><V58/><F58/><W124/><G113/><T43/><D41/><U107/><E4/><V7/><F65/><W56/><G56/><T55/><D55/><U111/><E32/><V1/><F68/><W85/><G89/><T78/><D76/><N who="1" m="44423" /><E91/><V64/><F64/><W125/><N who="3" m="32256" /><DORA hai="74" /><W103/><G103/><T96/><D78/><U46/><E46/><V60/><F0/><W77/><G77/><T33/><REACH who="0" step="1"/><D80/><REACH who="0" ten="240,250,250,250" step="2"/><U51/><E51/><V94/><F60/><W106/><G106/><T23/><D23/><U52/><E52/><V6/><F123/><W100/><G100/><T115/><D115/><U90/><E90/><V129/><F122/><W82/><G82/><T17/><D17/><RYUUKYOKU ba="0,1" sc="240,10,250,10,250,-30,250,10" hai0="5,9,15,25,28,33,43,44,48,92,93,96,97" hai1="16,18,22,29,98,101,107,108,110,111" hai3="79,81,84,85" /><INIT seed="0,1,1,1,3,59" ten="250,260,220,260" oya="0" hai0="98,43,15,133,118,62,52,54,23,88,124,12,56" hai1="66,60,72,2,91,121,73,130,74,69,37,31,81" hai2="84,112,134,1,68,70,26,99,40,32,79,125,8" hai3="4,96,5,51,103,104,55,38,127,75,129,29,50"/><T49/><D118/><U95/><E121/><V114/><F112/><W76/><G38/><T41/><D133/><U108/><E37/><V13/><F114/><W87/><G75/><T128/><D128/><U0/><E130/><V61/><F134/><W77/><G129/><T18/><D124/><U17/><E108/><V80/><F125/><W71/><G127/><T46/><D12/><U89/><E31/><V110/><F1/><W11/><G71/><T101/><REACH who="0" step="1"/><D88/><REACH who="0" ten="240,260,220,260" step="2"/><U30/><E91/><V57/><F110/><W64/><G96/><T7/><D7/><U90/><E90/><V119/><F119/><W27/><G4/><T48/><D48/><U115/><E115/><V33/><F99/><W44/><G50/><T42/><D42/><U83/><E2/><V82/><F40/><W132/><G132/><T63/><D63/><U10/><E0/><V53/><F82/><W34/><G5/><T116/><D116/><U16/><E83/><V9/><F13/><W86/><G51/><T111/><D111/><U122/><E81/><V105/><F80/><W123/><G123/><T117/><D117/><U6/><E122/><V65/><F61/><W126/><G126/><T47/><D47/><U19/><E6/><V85/><F85/><W93/><G87/><T45/><D45/><U97/><E10/><V22/><F84/><W120/><G11/><T67/><D67/><U3/><E3/><V20/><F65/><W102/><G64/><T36/><D36/><U107/><E89/><V92/><F9/><W78/><G120/><T14/><D14/><U35/><E35/><RYUUKYOKU ba="1,2" sc="240,30,260,-10,220,-10,260,-10" hai0="15,18,23,41,43,46,49,52,54,56,62,98,101" /><INIT seed="0,2,2,3,4,48" ten="270,250,210,250" oya="0" hai0="111,29,5,94,84,27,50,10,23,13,26,25,120" hai1="21,104,38,60,52,76,123,96,129,81,68,63,79" hai2="114,67,97,101,116,90,71,59,87,131,17,112,121" hai3="74,93,40,73,42,54,117,19,130,102,8,77,124"/><T106/><D106/><U66/><E123/><V75/><F71/><W46/><G117/><T83/><D120/><U35/><E35/><V128/><F121/><W72/><G77/><T127/><D127/><U1/><E1/><V28/><F28/><W37/><G40/><T109/><D94/><U125/><E125/><V92/><F17/><W88/><G124/><T98/><D98/><U89/><E38/><V12/><F12/><W133/><G102/><T11/><D11/><U39/><E39/><V132/><F67/><W113/><G113/><N who="2" m="43625" /><F59/><W57/><G133/><T80/><D83/><U32/><E32/><V122/><F122/><W14/><G130/><N who="2" m="49705" /><F75/><W58/><REACH who="3" step="1"/><G54/><REACH who="3" ten="270,250,210,240" step="2"/><T85/><D85/><AGARI ba="2,3" hai="8,14,19,37,42,46,57,58,72,73,74,85,88,93" machi="85" ten="40,5200,0" yaku="1,1,2,1,54,1,53,0" doraHai="48" doraHaiUra="95" who="3" fromWho="0" sc="270,-58,250,0,210,0,240,88" /><INIT seed="1,0,0,0,3,94" ten="212,250,210,328" oya="1" hai0="103,54,99,89,29,105,122,28,53,56,80,40,92" hai1="82,74,63,121,49,77,13,68,118,90,30,52,67" hai2="91,100,4,36,86,84,66,133,129,51,60,12,27" hai3="58,9,57,10,117,85,34,41,21,26,42,135,112"/><U39/><E118/><V70/><F36/><W47/><G117/><T95/><D122/><U111/><E121/><V107/><F129/><W102/><G34/><T114/><D114/><U46/><E111/><V18/><F133/><W98/><G135/><T5/><D5/><U110/><E110/><V19/><F4/><W125/><G112/><T43/><D105/><U23/><E39/><V59/><F86/><W81/><G125/><T17/><D80/><U87/><E30/><N who="0" m="11881" /><D17/><U109/><E109/><V75/><F75/><W2/><G58/><T20/><D20/><U115/><E115/><V93/><F27/><W64/><G64/><T119/><D119/><U7/><E23/><V33/><F33/><W69/><G69/><T24/><D24/><U35/><E35/><V124/><F124/><W83/><G57/><T25/><D25/><U44/><E13/><V48/><F70/><W101/><G2/><T123/><D123/><U62/><E62/><V127/><F127/><W1/><G1/><T37/><D37/><U0/><E0/><V126/><F126/><W96/><G26/><T113/><D113/><U106/><E106/><V73/><F73/><W32/><G21/><T132/><D132/><U38/><E38/><V31/><F31/><W116/><G32/><T88/><D103/><U104/><E104/><V65/><F100/><W71/><G116/><T8/><D8/><U134/><E134/><V16/><F107/><W97/><G71/><T79/><D79/><U130/><E7/><V55/><F12/><W128/><G102/><T11/><D11/><U78/><E78/><RYUUKYOKU ba="0,0" sc="212,-10,250,-10,210,30,328,-10" hai2="16,18,19,48,51,55,59,60,65,66,84,91,93" /><INIT seed="2,1,0,0,1,117" ten="202,240,240,318" oya="2" hai0="39,32,130,72,38,50,62,110,96,128,106,129,20" hai1="19,64,53,124,69,14,116,1,60,109,46,90,63" hai2="132,122,119,55,87,56,59,113,7,77,104,133,37" hai3="120,86,11,126,85,18,2,80,31,115,30,23,29"/><V91/><F119/><W84/><G120/><T101/><D32/><U123/><E116/><V100/><F113/><W42/><G115/><T24/><D72/><U67/><E1/><V111/><F77/><W76/><G126/><T81/><D110/><U79/><E124/><V5/><F37/><W75/><G42/><T16/><D81/><U35/><E35/><V94/><F122/><W99/><G99/><T15/><D62/><U48/><E109/><V125/><F125/><W61/><G61/><T22/><REACH who="0" step="1"/><D50/><REACH who="0" ten="192,240,240,318" step="2"/><U57/><E123/><V17/><F111/><W49/><G49/><T40/><D40/><U88/><E79/><V65/><F133/><W74/><G74/><T13/><D13/><U103/><E14/><V21/><F132/><W41/><G41/><T135/><D135/><U43/><E43/><V83/><F104/><W9/><REACH who="3" step="1"/><G2/><REACH who="3" ten="192,240,240,308" step="2"/><T51/><D51/><U47/><E48/><N who="2" m="30823" /><F65/><W112/><G112/><T10/><D10/><U92/><E67/><V0/><F0/><W58/><G58/><T68/><D68/><U36/><E57/><V71/><F71/><W28/><N who="3" m="7680" /><DORA hai="114" /><W73/><G73/><T78/><D78/><U107/><E69/><V6/><F59/><W82/><G82/><T52/><D52/><U93/><E53/><V127/><F127/><W95/><G95/><T97/><D97/><U44/><E93/><V89/><F83/><W105/><G105/><T66/><D66/><U34/><E107/><V33/><F33/><W118/><G118/><T12/><D12/><AGARI ba="1,2" hai="9,11,12,18,23,75,76,80,84,85,86" m="7680" machi="12" ten="50,8000,1" yaku="1,1,53,4" doraHai="117,114" doraHaiUra="3,27" who="3" fromWho="0" sc="192,-83,240,0,240,0,308,103" /><INIT seed="3,0,0,5,4,95" ten="109,240,240,411" oya="3" hai0="53,127,44,89,131,81,72,112,77,97,45,132,101" hai1="10,92,117,7,58,26,118,19,128,65,106,110,130" hai2="31,71,15,62,38,42,91,28,37,100,123,16,80" hai3="50,55,116,76,14,56,103,13,126,135,67,54,18"/><W68/><G116/><N who="1" m="44650" /><E106/><V121/><F100/><W25/><G68/><T66/><D53/><U94/><E58/><V88/><F28/><W60/><G135/><T105/><D44/><U134/><E65/><N who="2" m="41399" /><F31/><W125/><G103/><T87/><D45/><U96/><E134/><V70/><F70/><W74/><G74/><T12/><D66/><U2/><E110/><V129/><F129/><N who="1" m="49769" /><E26/><V0/><F0/><W36/><G76/><T86/><D12/><N who="3" m="4713" /><G36/><T64/><D64/><U51/><E51/><V17/><F17/><W133/><G133/><T104/><D132/><U82/><E19/><V5/><F5/><W40/><G40/><T34/><D34/><U93/><E82/><V29/><F29/><W57/><G25/><T98/><D131/><U1/><E1/><V111/><F111/><W83/><G18/><T107/><D112/><U63/><E63/><V32/><F32/><W41/><G83/><T115/><D115/><U84/><E84/><N who="0" m="32297" /><D127/><U30/><E30/><V9/><F80/><W120/><G126/><T22/><D22/><U119/><E119/><V90/><F42/><W35/><G41/><T124/><D124/><U4/><E4/><V61/><F61/><N who="3" m="38311" /><G35/><T49/><D49/><U99/><AGARI ba="0,0" hai="2,7,10,92,93,94,96,99" m="49769,44650" machi="99" ten="40,8000,1" yaku="12,1,19,1,52,2" doraHai="95" who="1" fromWho="1" sc="109,-20,240,80,240,-20,411,-40" owari="89,-41.0,320,12.0,220,-18.0,371,47.0" /></mjloggm>