<mjloggm ver="2.3"><GO type="97" lobby="0"/><UN n0="%E3%83%91%E3%83%94%E3%83%A8%E3%83%B3%E3%83%8F%E3%83%BC%E3%83%88" n1="%54%41%4B%55%53%4F%4E" n2="%E3%82%A6%E3%83%AB%E3%83%88%E3%83%A9%E7%AB%8B%E7%9B%B4" n3="%65%69%73%61%6E" dan="13,13,15,14" rate="1954.53,1937.37,1982.79,1975.34" sx="F,M,M,M"/><TAIKYOKU oya="0"/><INIT seed="0,0,0,2,0,32" ten="250,250,250,250" oya="0" hai0="59,76,96,44,81,41,134,125,64,34,51,118,108" hai1="128,3,74,115,7,13,53,12,89,47,83,31,11" hai2="102,130,116,28,106,36,91,79,71,26,8,122,87" hai3="107,68,60,129,127,57,104,10,19,114,52,45,132"/><T49/><D118/><U56/><E128/><V88/><F122/><W4/><G129/><T84/><D34/><U109/><E109/><V111/><F36/><W80/><G114/><T14/><D108/><U33/><E47/><V93/><F111/><W40/><G19/><T126/><D134/><U113/><E89/><N who="2" m="34379" /><F71/><W6/><G6/><T1/><D96/><U17/><E74/><V37/><F37/><W124/><G132/><T117/><D117/><U0/><E83/><N who="2" m="47615" /><F130/><W58/><G80/><T69/><D69/><U24/><E53/><V21/><F106/><W90/><G68/><T105/><D105/><U62/><E56/><V30/><F116/><W35/><G35/><T112/><D112/><N who="1" m="43083" /><E62/><V55/><F8/><AGARI ba="0,0" hai="0,3,7,8,11,12,13,17,24,31,33" m="43083" machi="8" ten="30,8000,1" yaku="11,1,34,2,52,2" doraHai="32" who="1" fromWho="2" sc="250,0,250,80,250,-80,250,0" /><INIT seed="1,0,0,2,1,40" ten="250,330,170,250" oya="1" hai0="115,13,112,9,3,98,64,93,75,26,11,102,70" hai1="130,92,85,50,78,72,18,109,1,38,100,110,49" hai2="81,51,116,56,35,8,134,24,95,96,124,4,71" hai3="106,55,114,29,61,43,125,6,54,108,111,66,97"/><U104/><E130/><V122/><F71/><W20/><G6/><T47/><D75/><U34/><E38/><V52/><F124/><W121/><G121/><T120/><D120/><U62/><E1/><V113/><F134/><W17/><G29/><T12/><D3/><U126/><E126/><V90/><F122/><W22/><G125/><T37/><D26/><U129/><E129/><V15/><F116/><W127/><G127/><T88/><D64/><U41/><E34/><V79/><F113/><W84/><G84/><T7/><D70/><U133/><E133/><V23/><F35/><W57/><G114/><T16/><REACH who="0" step="1"/><D102/><REACH who="0" ten="240,330,170,250" step="2"/><U21/><E109/><V14/><F14/><W94/><G111/><T44/><D44/><U2/><E110/><V32/><F32/><W73/><G108/><T103/><D103/><U107/><E2/><V5/><F15/><W48/><G43/><AGARI ba="0,1" hai="7,9,11,12,13,16,37,43,47,88,93,98,112,115" machi="43" ten="40,8000,1" yaku="1,1,52,1,54,2,53,0" doraHai="40" doraHaiUra="101" who="0" fromWho="3" sc="240,90,330,0,170,0,250,-80" /><INIT seed="2,0,0,4,1,91" ten="330,330,170,170" oya="2" hai0="39,78,95,24,76,71,20,49,94,40,79,83,2" hai1="81,57,53,72,68,104,48,92,56,124,27,58,112" hai2="70,90,50,109,13,116,16,18,98,15,84,30,132" hai3="75,35,12,28,6,69,101,33,130,17,134,34,93"/><V114/><F70/><W127/><G75/><T8/><D39/><U60/><E112/><V86/><F132/><W65/><G134/><T110/><D71/><U129/><E104/><V87/><F116/><W52/><G69/><T54/><D110/><U46/><E124/><V23/><F114/><W5/><G127/><T122/><D122/><U111/><E111/><V21/><F109/><W62/><G28/><T82/><D40/><U108/><E108/><V3/><F3/><W80/><G80/><N who="0" m="30763" /><D8/><U14/><E129/><V44/><F30/><W106/><G106/><T120/><D2/><U63/><E27/><V135/><F135/><W55/><G130/><T61/><D61/><U4/><E68/><V41/><F98/><W19/><G62/><N who="1" m="23594" /><E72/><V131/><F131/><W66/><G35/><T43/><D43/><N who="1" m="24671" /><E81/><AGARI ba="0,0" hai="13,15,16,18,21,23,41,44,50,81,84,86,87,90" machi="81" ten="30,11600,0" yaku="7,1,9,1,8,1,54,1" doraHai="91" who="2" fromWho="1" sc="330,0,330,-116,170,116,170,0" /><INIT seed="2,1,0,3,0,46" ten="330,214,286,170" oya="2" hai0="109,9,84,50,107,104,75,82,3,51,99,90,44" hai1="58,130,66,19,115,59,13,1,28,18,29,7,68" hai2="2,42,105,25,43,6,85,54,86,122,22,94,117" hai3="103,76,123,15,135,80,92,133,26,56,14,57,36"/><V70/><F105/><W124/><G36/><T112/><D112/><U79/><E115/><V47/><F70/><W33/><G123/><T89/><D75/><U5/><E130/><V16/><F122/><W131/><G33/><T132/><D132/><U30/><E1/><V127/><F127/><W69/><G69/><T12/><D109/><U45/><E79/><V120/><F117/><W53/><G124/><T116/><D3/><U95/><E95/><V23/><F120/><W34/><G34/><T48/><D44/><U119/><E119/><V126/><F126/><W73/><G131/><T88/><D116/><U118/><E118/><V125/><F125/><W93/><G133/><T55/><D55/><U60/><E45/><V77/><F6/><N who="1" m="2057" /><E13/><N who="2" m="9487" /><F2/><W40/><G135/><T67/><D67/><U62/><E68/><V11/><F11/><W31/><G73/><T110/><D110/><U121/><E121/><V111/><F111/><W49/><G76/><T71/><D71/><U108/><E108/><V113/><F113/><W106/><G106/><T27/><D107/><U91/><E91/><N who="2" m="53615" /><F86/><W114/><G114/><T128/><D128/><U37/><E37/><V74/><F77/><W10/><G80/><T39/><D39/><U61/><E66/><V17/><F74/><W78/><G78/><T63/><D104/><U64/><E64/><V52/><F43/><W97/><G40/><T38/><D38/><U100/><E100/><V24/><F24/><W20/><G10/><T81/><D9/><U102/><E102/><V0/><F0/><W21/><G26/><T4/><D27/><RYUUKYOKU ba="1,0" sc="330,-15,214,15,286,15,170,-15" hai1="18,19,28,29,30,58,59,60,61,62" hai2="17,23,25,42,47,52,54" /><INIT seed="2,2,0,1,0,116" ten="315,229,301,155" oya="2" hai0="113,124,39,103,46,77,85,125,20,19,12,79,36" hai1="106,98,101,14,66,111,50,72,95,110,76,7,28" hai2="54,96,120,23,114,40,75,62,49,108,27,41,83" hai3="13,37,48,57,129,55,127,84,87,42,134,0,29"/><V105/><F114/><W6/><G0/><T21/><D113/><U47/><E66/><V68/><F120/><W22/><G127/><N who="0" m="48715" /><D103/><U9/><E28/><V123/><F123/><W71/><G71/><T70/><D70/><U51/><E95/><V61/><F108/><W59/><G37/><N who="0" m="14411" /><D46/><U35/><E35/><V2/><F2/><W122/><G122/><T5/><D5/><U102/><E102/><V52/><F105/><W10/><G134/><T119/><D119/><U58/><E58/><N who="2" m="35015" /><F75/><W31/><G59/><T109/><D109/><N who="1" m="41483" /><E47/><N who="2" m="27967" /><F68/><W91/><G87/><T133/><D133/><U38/><E38/><V118/><F118/><W24/><G42/><T1/><D1/><U115/><E115/><V93/><F62/><W78/><G78/><N who="0" m="29707" /><D85/><U44/><E44/><V130/><F83/><AGARI ba="2,0" hai="7,9,14,50,51,72,76,83,98,101,106" m="41483" machi="83" ten="30,1000,0" yaku="14,1" doraHai="116" who="1" fromWho="2" sc="315,0,229,16,301,-16,155,0" /><INIT seed="3,0,0,0,0,85" ten="315,245,285,155" oya="3" hai0="101,108,60,57,126,86,59,123,22,112,12,121,76" hai1="91,37,90,64,7,96,62,129,128,118,74,83,39" hai2="15,21,92,119,29,81,109,8,132,51,40,107,14" hai3="117,9,134,102,88,23,94,127,13,28,18,45,133"/><W103/><G117/><T135/><D108/><U42/><E118/><V43/><F107/><W20/><G127/><T70/><D70/><U65/><E7/><V125/><F132/><N who="3" m="50795" /><G45/><T48/><D135/><U68/><E42/><V105/><F105/><W61/><G61/><T98/><D126/><U16/><E16/><N who="2" m="10399" /><F109/><W99/><G28/><T78/><D112/><U6/><E6/><N who="2" m="3351" /><F119/><W120/><G120/><T73/><D73/><U3/><E3/><V80/><F125/><W44/><G44/><T24/><D123/><U58/><E74/><V100/><F29/><W19/><G9/><T10/><D10/><U113/><E113/><V67/><F67/><N who="1" m="25673" /><E68/><V4/><F4/><W124/><G124/><T52/><D121/><U84/><E96/><N who="2" m="59399" /><F51/><W63/><G63/><T72/><D48/><U69/><E69/><V50/><F50/><W1/><G1/><T41/><D60/><U95/><E37/><V38/><F38/><W130/><G130/><N who="1" m="50282" /><E39/><V66/><F66/><W122/><G122/><T55/><D72/><U26/><E26/><AGARI ba="0,0" hai="13,18,19,20,23,26,88,94,99,102,103" m="50795" machi="26" ten="30,5800,0" yaku="20,1,52,1,54,1" doraHai="85" who="3" fromWho="1" sc="315,0,245,-58,285,0,155,58" /><INIT seed="3,1,0,1,5,90" ten="315,187,285,213" oya="3" hai0="31,65,14,87,10,42,124,38,95,11,103,129,36" hai1="48,118,57,13,131,56,29,111,22,53,26,62,106" hai2="119,130,70,19,72,3,113,88,54,122,24,108,2" hai3="71,99,67,60,33,76,37,43,84,83,27,69,41"/><W92/><G69/><T79/><D129/><U0/><E131/><V101/><F101/><W16/><G37/><T98/><D124/><U21/><E111/><V115/><F72/><W109/><G109/><T50/><D65/><U9/><E0/><V34/><F70/><W96/><G96/><T39/><D31/><U15/><E106/><V112/><F54/><W17/><G33/><T23/><D23/><U46/><E118/><V51/><F51/><W86/><G86/><T77/><D11/><U59/><E21/><N who="2" m="13375" /><F108/><W73/><G73/><T100/><D100/><U5/><REACH who="1" step="1"/><E15/><REACH who="1" ten="315,177,285,213" step="2"/><V30/><F130/><W64/><G27/><T49/><D14/><U116/><E116/><V12/><F119/><W132/><G132/><T125/><D125/><U80/><E80/><V55/><F12/><W40/><REACH who="3" step="1"/><G64/><AGARI ba="1,1" hai="5,9,13,22,26,29,46,48,53,56,57,59,62,64" machi="64" ten="30,3900,0" yaku="1,1,7,1,8,1,53,0" doraHai="90" doraHaiUra="82" who="1" fromWho="3" sc="315,0,177,52,285,0,213,-42" owari="315,41.0,229,-17.0,285,9.0,171,-33.0" /></mjloggm>