<mjloggm ver="2.3"><GO type="97" lobby="0"/><UN n0="%E3%82%82%E3%81%86%E8%B5%A6%E3%81%97%E3%81%A6%E3%81%8F%E3%82%8C" n1="%E3%81%84%E3%82%93%E3%81%B1%E3%82%89" n2="%E3%82%A6%E3%83%AB%E3%83%88%E3%83%A9%E7%AB%8B%E7%9B%B4" n3="%E3%83%9E%E3%82%AD%E3%82%B7%E3%83%9E%E3%83%A0" dan="13,14,15,15" rate="1922.39,1946.96,2001.66,1941.24" sx="M,M,M,M"/><TAIKYOKU oya="0"/><INIT seed="0,0,0,1,3,64" ten="250,250,250,250" oya="0" hai0="37,38,96,14,95,50,6,27,100,42,127,52,83" hai1="101,29,108,112,8,88,48,16,41,89,34,115,102" hai2="54,56,124,59,49,113,130,25,74,90,86,79,12" hai3="20,3,75,121,2,28,99,40,63,71,7,55,116"/><T73/><D127/><U58/><E108/><V0/><F0/><W24/><G75/><T35/><D42/><U1/><E1/><V57/><F113/><N who="1" m="43593" /><E34/><V128/><F124/><W62/><G116/><T91/><D35/><U61/><E29/><V126/><F126/><W72/><G72/><T47/><D27/><U39/><E39/><V134/><F25/><W123/><G40/><T98/><D6/><U114/><N who="1" m="43601" /><U65/><DORA hai="93" /><E41/><V15/><F79/><W69/><G2/><T21/><D73/><U19/><E48/><V87/><F74/><W131/><G131/><N who="2" m="50217" /><F134/><W107/><G3/><T23/><D83/><U129/><E129/><V33/><F33/><W85/><G7/><T122/><D122/><N who="3" m="46601" /><G85/><N who="2" m="32265" /><F90/><N who="1" m="34921" /><E8/><V103/><F103/><AGARI ba="0,0" hai="16,19,58,61,65,101,102,103" m="34921,43601" machi="103" ten="40,5200,0" yaku="11,1,54,2" doraHai="64,93" who="1" fromWho="2" sc="250,0,250,52,250,-52,250,0" /><INIT seed="1,0,0,5,0,3" ten="250,302,198,250" oya="1" hai0="105,74,32,104,60,25,30,120,55,7,1,45,16" hai1="29,90,92,38,112,36,9,128,85,13,80,11,125" hai2="71,14,73,17,72,88,10,53,27,66,110,26,49" hai3="0,101,135,124,107,79,97,2,103,91,64,42,134"/><U5/><E112/><V12/><F110/><W99/><G42/><T67/><D74/><U123/><E123/><V65/><F71/><W93/><G64/><T68/><D120/><U100/><E128/><V35/><F73/><W28/><G0/><T87/><D87/><U94/><E125/><V82/><F72/><W47/><G28/><T116/><D116/><U20/><E11/><V78/><F78/><W6/><G47/><T43/><D55/><U50/><E50/><V76/><F76/><W132/><G2/><T46/><D46/><U31/><E31/><V59/><F35/><W22/><G6/><T84/><D84/><U121/><E121/><V44/><F14/><W119/><G119/><T54/><D54/><U130/><E130/><V15/><F15/><W118/><G22/><T19/><D104/><U111/><E111/><V39/><F39/><W83/><G124/><T48/><REACH who="0" step="1"/><D105/><REACH who="0" ten="240,302,198,250" step="2"/><U131/><E85/><N who="2" m="50231" /><F66/><W34/><G118/><T21/><D21/><U63/><E20/><V81/><F81/><W33/><G34/><T58/><D58/><U98/><E80/><V69/><F69/><W115/><G33/><T113/><D113/><U89/><E98/><V40/><F40/><W86/><G115/><T102/><D102/><AGARI ba="0,1" hai="79,83,86,91,93,97,99,101,102,103,107,132,134,135" machi="102" ten="40,8000,1" yaku="20,1,34,3" doraHai="3" who="3" fromWho="0" sc="240,-80,302,0,198,0,250,90" /><INIT seed="2,0,0,5,0,11" ten="160,302,198,340" oya="2" hai0="49,79,75,59,56,7,88,98,54,58,118,126,61" hai1="4,129,70,44,29,18,114,16,76,121,62,92,133" hai2="21,60,108,31,82,39,57,131,125,104,68,100,123" hai3="78,38,30,32,80,65,43,45,40,107,55,111,35"/><V130/><F39/><W19/><G107/><T67/><D7/><U1/><E114/><V14/><F68/><W127/><G65/><T134/><D134/><U109/><E133/><V64/><F123/><W2/><G2/><T42/><D126/><U106/><E106/><V51/><F125/><W105/><G127/><T95/><D118/><U96/><E121/><V97/><F108/><W26/><G105/><T53/><D42/><U20/><E109/><V36/><F36/><W99/><G111/><T63/><D75/><U0/><E76/><AGARI ba="0,0" hai="49,53,54,56,58,59,61,63,67,76,79,88,95,98" machi="76" ten="40,2600,0" yaku="8,1,54,1" doraHai="11" who="0" fromWho="1" sc="160,26,302,-26,198,0,340,0" /><INIT seed="3,0,0,3,1,72" ten="186,276,198,340" oya="3" hai0="21,8,52,34,106,96,2,80,61,83,45,5,59" hai1="66,62,122,129,97,39,78,43,110,69,115,103,56" hai2="134,98,12,79,26,73,9,92,18,6,47,25,113" hai3="33,51,121,17,108,27,30,76,11,89,114,58,91"/><W130/><G114/><T104/><D34/><U124/><E115/><V60/><F113/><W3/><G121/><T119/><D119/><U117/><E122/><V107/><F107/><W36/><G36/><T101/><D106/><U49/><E117/><V95/><F134/><W68/><G68/><T15/><REACH who="0" step="1"/><D45/><REACH who="0" ten="176,276,198,340" step="2"/><U135/><E135/><V40/><F60/><W88/><G130/><T0/><D0/><U71/><E129/><V44/><F44/><W74/><G108/><T13/><D13/><U100/><E62/><V118/><F118/><W19/><G3/><T86/><D86/><U57/><E110/><V70/><F70/><W54/><REACH who="3" step="1"/><G11/><REACH who="3" ten="176,276,198,330" step="2"/><T1/><D1/><U42/><E71/><V94/><F9/><W90/><N who="3" m="23040" /><DORA hai="84" /><W63/><G63/><T125/><D125/><U131/><E69/><V81/><F98/><W29/><G29/><T35/><D35/><U10/><E97/><V32/><F32/><W37/><G37/><T14/><D14/><U77/><E39/><V127/><F127/><W7/><G7/><T24/><D24/><U64/><E124/><V105/><F6/><W116/><G116/><T102/><D102/><U120/><E131/><V55/><F26/><W48/><G48/><T128/><D128/><U38/><E49/><V23/><F25/><W133/><G133/><T28/><D28/><U93/><E38/><V85/><F73/><W75/><G75/><T41/><D41/><U126/><E43/><V111/><F40/><W16/><G16/><AGARI ba="0,2" hai="2,5,8,15,16,21,52,59,61,80,83,96,101,104" machi="16" ten="40,5200,0" yaku="1,1,54,2,53,0" doraHai="72,84" doraHaiUra="20,46" who="0" fromWho="3" sc="176,72,276,0,198,0,330,-52" /><INIT seed="4,0,0,4,3,85" ten="248,276,198,278" oya="0" hai0="125,32,130,87,42,131,24,103,55,82,120,53,117" hai1="61,3,65,4,20,29,67,133,113,101,19,70,115" hai2="119,77,5,57,58,10,66,41,8,118,52,43,89" hai3="134,95,11,25,72,124,37,96,92,102,54,30,27"/><T104/><D120/><U47/><E133/><V112/><F77/><W15/><G37/><T83/><D117/><N who="2" m="44554" /><F112/><N who="1" m="43081" /><E29/><V63/><F10/><W51/><G72/><T74/><D125/><U114/><E114/><V128/><F128/><N who="0" m="49194" /><D42/><N who="2" m="15882" /><F8/><W84/><G124/><T90/><D32/><U14/><E65/><V97/><F5/><W21/><G134/><T99/><D24/><U105/><E47/><V17/><F17/><W0/><G25/><T62/><D62/><U81/><E81/><N who="0" m="30729" /><D74/><U33/><E33/><V76/><F76/><W34/><G0/><T109/><D109/><U18/><E18/><V129/><F129/><W73/><G34/><T6/><D6/><U106/><E101/><V116/><N who="2" m="44562" /><V94/><DORA hai="108" /><F58/><W16/><G73/><T28/><D28/><U12/><E3/><V111/><F111/><W9/><G9/><AGARI ba="0,0" hai="4,9,12,14,19,20,61,67,70,105,106" m="43081" machi="9" ten="30,8000,1" yaku="15,1,11,1,52,3" doraHai="85,108" who="1" fromWho="3" sc="248,0,276,80,198,0,278,-80" owari="248,5.0,356,45.0,198,-20.0,198,-30.0" /></mjloggm>