<mjloggm ver="2.3"><GO type="97" lobby="0"/><UN n0="%E3%82%A6%E3%83%AB%E3%83%88%E3%83%A9%E7%AB%8B%E7%9B%B4" n1="%6B%69%6B%6F%38%34%39%32" n2="%70%6F%73%74" n3="%E5%85%AC%E5%9C%92%E5%AF%BA" dan="15,13,13,14" rate="2016.39,1831.14,1915.85,1941.68" sx="M,M,M,M"/><TAIKYOKU oya="0"/><INIT seed="0,0,0,1,3,106" ten="250,250,250,250" oya="0" hai0="38,5,42,131,26,35,45,60,7,80,34,37,93" hai1="96,88,29,27,114,122,33,25,91,134,89,78,46" hai2="74,97,9,104,22,51,30,83,20,102,79,32,76" hai3="65,116,64,107,10,62,84,49,133,68,36,110,0"/><T72/><D131/><U105/><E122/><V17/><F32/><W23/><G36/><T40/><D93/><U125/><E134/><V101/><F101/><W87/><G107/><T61/><D26/><U81/><E125/><V95/><F30/><W92/><G133/><T99/><D99/><U82/><E114/><V127/><F127/><W67/><G110/><T19/><D45/><U77/><E46/><V50/><F9/><W86/><G116/><T6/><D80/><U39/><E39/><V126/><F126/><W108/><G108/><T8/><D6/><U16/><E105/><V4/><F4/><W18/><G49/><T115/><D8/><U57/><E96/><V117/><F117/><W71/><G92/><T120/><D19/><U14/><E27/><V41/><F41/><W123/><G123/><T48/><D48/><U69/><E69/><V119/><F119/><W47/><G47/><T59/><D59/><U98/><E98/><V111/><F111/><W121/><G121/><T28/><D120/><U113/><E57/><V66/><F66/><W135/><G135/><T128/><D28/><U132/><E132/><V56/><F56/><W13/><REACH who="3" step="1"/><G71/><REACH who="3" ten="250,250,250,240" step="2"/><T54/><D128/><U85/><E113/><V112/><F112/><W70/><G70/><T21/><D115/><U12/><REACH who="1" step="1"/><E16/><REACH who="1" ten="250,240,250,240" step="2"/><V124/><F124/><W53/><G53/><T52/><D38/><U1/><E1/><V11/><F104/><W129/><G129/><T109/><D37/><U55/><E55/><V44/><F95/><W94/><G94/><T58/><D54/><U15/><E15/><RYUUKYOKU ba="0,2" sc="250,-15,240,15,250,-15,240,15" hai1="12,14,25,29,33,77,78,81,82,85,88,89,91" hai3="0,10,13,18,23,62,64,65,67,68,84,86,87" /><INIT seed="1,1,2,1,3,8" ten="235,255,235,255" oya="1" hai0="14,112,125,113,50,1,131,65,107,135,83,43,117" hai1="15,88,57,81,3,39,11,100,62,7,127,79,134" hai2="104,22,78,35,67,129,42,91,132,133,109,23,31" hai3="29,77,106,0,98,19,44,84,63,51,123,20,108"/><U4/><E134/><N who="2" m="51819" /><F129/><W55/><G123/><T90/><D1/><U56/><E127/><V30/><F109/><W103/><G108/><T80/><D107/><U26/><E100/><V121/><F121/><W2/><G29/><T17/><D117/><U119/><E119/><V25/><F104/><W53/><G63/><T54/><D135/><U102/><E102/><V73/><F42/><W118/><G118/><T10/><D43/><U74/><E7/><V89/><F67/><W87/><G55/><T13/><D65/><U71/><E26/><N who="2" m="18903" /><F23/><W120/><G120/><T124/><D131/><U28/><E28/><V52/><F52/><W58/><G44/><N who="0" m="27975" /><D125/><U92/><E39/><V41/><F41/><W36/><G36/><T16/><D124/><U32/><E32/><V96/><F96/><W94/><G84/><N who="0" m="50439" /><D83/><AGARI ba="1,2" hai="22,25,31,73,78,83,89,91" m="18903,51819" machi="83" ten="30,1000,0" yaku="20,1" doraHai="8" who="2" fromWho="0" sc="235,-13,255,0,235,33,255,0" /><INIT seed="2,0,0,1,1,27" ten="222,255,268,255" oya="2" hai0="18,111,4,77,26,78,21,108,40,134,45,28,1" hai1="82,17,131,10,85,72,61,0,119,120,86,92,46" hai2="23,115,11,93,106,31,79,14,54,2,47,121,98" hai3="15,99,110,126,44,84,103,129,58,5,19,43,52"/><V100/><F121/><W42/><G110/><N who="0" m="42027" /><D134/><U67/><E119/><V135/><F115/><W118/><G118/><T109/><N who="0" m="42035" /><T36/><DORA hai="105" /><D4/><U25/><E131/><V133/><F2/><W81/><G129/><T90/><D1/><U65/><E120/><V113/><F113/><W116/><G116/><T34/><D90/><U97/><E46/><V75/><F106/><W127/><G5/><T96/><D96/><U6/><E67/><V39/><F79/><N who="0" m="30218" /><D34/><U53/><E53/><V95/><F95/><N who="3" m="58879" /><G84/><T76/><N who="0" m="30226" /><T69/><DORA hai="80" /><D69/><U8/><E82/><V22/><F75/><W60/><G81/><T62/><D62/><U74/><E25/><V24/><F23/><N who="3" m="11775" /><G44/><T37/><D18/><U68/><E17/><V94/><F94/><W33/><G33/><T30/><D30/><U7/><E74/><V41/><REACH who="2" step="1"/><F54/><REACH who="2" ten="222,255,258,255" step="2"/><W123/><G123/><T125/><D125/><AGARI ba="0,1" hai="42,43,52,58,60,125,126,127" m="11775,58879" machi="125" ten="30,2000,0" yaku="18,1,54,1" doraHai="27,105,80" who="3" fromWho="0" sc="222,-20,255,0,258,0,255,30" /><INIT seed="3,0,0,5,0,70" ten="202,255,258,285" oya="3" hai0="52,128,75,81,113,19,43,10,60,95,13,24,90" hai1="135,85,25,108,4,12,125,66,72,61,116,97,62" hai2="48,129,51,23,96,45,121,30,0,56,11,71,86" hai3="17,92,31,110,26,89,42,78,44,20,124,8,77"/><W21/><G124/><T132/><D128/><U15/><E72/><V107/><F71/><W114/><G114/><T36/><D132/><U69/><E108/><V83/><F129/><W1/><G110/><T82/><D113/><U58/><E125/><V123/><F56/><W118/><G118/><T99/><D75/><U14/><E135/><V32/><F32/><W53/><G53/><T41/><D24/><U63/><E116/><V115/><F115/><W73/><G73/><T131/><D131/><U74/><E74/><V91/><F45/><W7/><G31/><T103/><D36/><U87/><E97/><V27/><F11/><W120/><G21/><T16/><D19/><U106/><E106/><V28/><F28/><W59/><G59/><N who="0" m="34919" /><D90/><U122/><E62/><V94/><F107/><W134/><G120/><N who="2" m="46153" /><F0/><W2/><G2/><T50/><D50/><U5/><E122/><V133/><F133/><W18/><G18/><T46/><D46/><U34/><E34/><V3/><F3/><W119/><G119/><T104/><D104/><U55/><REACH who="1" step="1"/><E25/><REACH who="1" ten="202,245,258,285" step="2"/><V29/><F29/><W80/><G134/><T102/><D102/><AGARI ba="0,1" hai="23,27,30,48,51,83,86,91,94,96,102" m="46153" machi="102" ten="30,1000,0" yaku="13,1" doraHai="70" who="2" fromWho="0" sc="202,-10,245,0,258,20,285,0" /><INIT seed="4,0,0,2,5,17" ten="192,245,278,285" oya="0" hai0="75,126,48,30,99,60,67,13,56,77,112,47,33" hai1="4,109,96,58,2,46,110,26,74,118,122,134,20" hai2="0,95,8,121,51,39,41,135,104,40,50,6,25" hai3="115,102,54,11,68,108,76,32,133,34,129,27,100"/><T117/><D117/><U23/><E118/><V1/><F121/><W22/><G108/><T72/><D126/><U70/><E122/><V5/><F104/><W35/><G68/><T44/><D112/><U29/><E70/><V63/><F135/><W116/><G133/><T90/><D30/><U93/><E74/><V64/><F25/><W120/><G115/><T61/><D33/><U92/><E134/><V87/><F39/><W97/><G116/><T105/><D77/><U106/><E106/><V103/><F51/><W114/><G114/><T19/><D61/><U111/><E46/><V16/><F16/><W86/><G120/><T21/><D47/><U31/><E58/><V69/><F50/><W113/><G113/><T37/><D37/><U127/><E127/><V28/><F28/><W53/><G129/><T101/><REACH who="0" step="1"/><D90/><REACH who="0" ten="182,245,278,285" step="2"/><U119/><E119/><V42/><F103/><W78/><G102/><T107/><D107/><U62/><E62/><V84/><F95/><W12/><G78/><T45/><D45/><U81/><E93/><V131/><REACH who="2" step="1"/><F131/><REACH who="2" ten="182,245,268,285" step="2"/><W49/><G100/><T82/><D82/><U88/><E81/><V59/><F59/><W125/><G125/><T123/><D123/><U24/><E110/><V15/><F15/><W91/><G12/><T71/><D71/><U83/><E83/><V124/><F124/><W43/><G34/><T128/><D128/><U89/><E89/><V79/><F79/><W9/><G91/><T80/><D80/><U57/><E57/><V85/><F85/><W55/><G86/><T98/><D98/><U14/><E14/><RYUUKYOKU ba="0,2" sc="182,10,245,10,268,10,285,-30" hai0="13,19,21,44,48,56,60,67,72,75,99,101,105" hai1="2,4,20,23,24,26,29,31,88,92,96,109,111" hai2="0,1,5,6,8,40,41,42,63,64,69,84,87" /><INIT seed="4,1,2,2,0,125" ten="192,255,278,255" oya="0" hai0="25,98,102,100,92,82,56,124,38,101,36,35,11" hai1="78,60,22,105,20,7,19,119,126,88,81,95,103" hai2="115,10,122,67,90,6,134,58,131,135,33,89,37" hai3="113,5,68,12,59,87,80,39,30,133,61,110,72"/><T16/><D124/><U3/><E119/><V31/><F122/><W106/><G39/><T129/><D129/><U63/><E126/><V127/><F127/><W21/><G110/><T13/><D38/><U128/><E22/><V27/><F37/><W83/><G68/><T34/><D36/><U17/><E17/><V43/><F43/><W84/><G106/><T40/><D40/><U54/><E54/><V116/><F115/><W64/><G113/><T26/><D82/><U112/><E112/><V53/><F67/><W118/><G118/><T117/><D117/><U46/><E46/><V55/><F55/><W91/><G72/><T99/><D56/><U114/><E114/><V15/><F131/><W9/><G133/><N who="2" m="50697" /><F116/><W121/><G121/><T24/><REACH who="0" step="1"/><D101/><REACH who="0" ten="182,255,278,255" step="2"/><U8/><E128/><V18/><F6/><W45/><G45/><T104/><AGARI ba="1,3" hai="11,13,16,24,25,26,34,35,92,98,99,100,102,104" machi="104" ten="30,11700,0" yaku="1,1,2,1,0,1,54,1,53,0" doraHai="125" doraHaiUra="51" who="0" fromWho="0" sc="182,150,255,-40,278,-40,255,-40" owari="332,42.0,215,-18.0,238,4.0,215,-28.0" /></mjloggm>