<mjloggm ver="2.3"><GO type="97" lobby="0"/><UN n0="%E3%82%A2%E3%82%B7%E3%83%A5%E3%83%AA%E3%83%BC" n1="%69%6B%75%72" n2="%73%61%6E%6D%61%74%73%75" n3="%E3%82%A6%E3%83%AB%E3%83%88%E3%83%A9%E7%AB%8B%E7%9B%B4" dan="15,13,14,15" rate="2002.85,1899.54,1850.49,2035.74" sx="F,M,M,M"/><TAIKYOKU oya="0"/><INIT seed="0,0,0,3,2,97" ten="250,250,250,250" oya="0" hai0="111,36,117,37,9,38,74,8,34,3,130,99,119" hai1="76,52,17,20,134,27,49,46,28,110,91,11,135" hai2="31,120,64,10,65,39,50,100,73,116,129,121,75" hai3="42,22,40,80,125,98,12,118,109,131,33,60,95"/><T44/><D130/><U14/><E110/><V127/><F127/><W55/><G33/><T68/><D74/><U0/><E76/><V66/><F129/><W2/><G2/><T7/><D34/><U126/><E126/><V53/><F39/><W30/><G118/><T107/><D111/><U78/><E78/><V128/><F116/><N who="0" m="44618" /><D9/><U15/><E0/><V83/><F128/><W85/><G109/><T93/><D93/><U32/><REACH who="1" step="1"/><E91/><REACH who="1" ten="250,240,250,250" step="2"/><V24/><F121/><W18/><G125/><T82/><D82/><U21/><E21/><V25/><F120/><W57/><G131/><T59/><D38/><U105/><E105/><V23/><F83/><W81/><G81/><T77/><D77/><U84/><E84/><V29/><F75/><W41/><G85/><T62/><D37/><U69/><E69/><V86/><F73/><W123/><G80/><T63/><D68/><U133/><E133/><V35/><F86/><W16/><G123/><T103/><D36/><U94/><E94/><V115/><F10/><W113/><G113/><T54/><D107/><U92/><E92/><V88/><F115/><W58/><G95/><T4/><D3/><U67/><E67/><V43/><F43/><W26/><G42/><T132/><D54/><U47/><E47/><V104/><F88/><W79/><G41/><T1/><D44/><U87/><E87/><V70/><F70/><W51/><G40/><T108/><D132/><U114/><E114/><V19/><F104/><W89/><G79/><T102/><D108/><U5/><AGARI ba="0,1" hai="5,11,14,15,17,20,27,28,32,46,49,52,134,135" machi="5" ten="30,4000,0" yaku="1,1,0,1,54,1,53,0" doraHai="97" doraHaiUra="106" who="1" fromWho="1" sc="250,-20,240,50,250,-10,250,-10" /><INIT seed="1,0,0,4,3,21" ten="230,290,240,240" oya="1" hai0="116,81,135,121,112,2,30,75,60,65,51,23,110" hai1="88,115,47,117,111,97,54,84,9,124,119,68,41" hai2="32,94,78,5,108,102,93,95,36,104,59,134,130" hai3="8,25,46,70,14,109,62,12,127,96,19,35,126"/><U45/><E115/><V17/><F108/><W4/><G46/><T79/><D2/><U31/><E68/><V122/><F130/><W63/><G96/><T129/><D116/><U56/><E111/><V85/><F122/><W0/><G70/><T87/><D110/><U106/><E124/><N who="3" m="47658" /><G63/><T6/><D112/><U82/><E31/><V113/><F134/><W105/><G62/><T1/><D135/><U43/><E9/><V86/><F113/><W16/><G105/><T58/><D121/><U131/><E131/><V3/><F104/><W128/><G128/><T34/><D129/><U101/><E41/><V99/><F36/><W37/><G37/><T132/><D132/><U28/><E28/><V83/><F32/><W39/><G39/><T69/><D69/><U67/><E67/><V33/><F3/><W57/><G57/><T114/><D114/><U38/><REACH who="1" step="1"/><E47/><REACH who="1" ten="230,280,240,240" step="2"/><V50/><F33/><W73/><G109/><T49/><D34/><U64/><E64/><V11/><F5/><W107/><G4/><T123/><D123/><U53/><E53/><V44/><F11/><W13/><G8/><T26/><D6/><U89/><E89/><V24/><F17/><W18/><G0/><T72/><D1/><U125/><E125/><V80/><F44/><W48/><G19/><T22/><D22/><U20/><E20/><V74/><F59/><W10/><G18/><T55/><D65/><U66/><E66/><V29/><F50/><AGARI ba="0,1" hai="38,43,45,50,54,56,82,84,88,97,101,106,117,119" machi="50" ten="30,11600,0" yaku="1,1,7,1,54,1,53,1" doraHai="21" doraHaiUra="103" who="1" fromWho="2" sc="230,0,280,126,240,-116,240,0" /><INIT seed="1,1,0,0,0,15" ten="230,406,124,240" oya="1" hai0="118,16,116,109,56,117,127,105,65,134,99,63,120" hai1="108,57,64,27,34,48,1,100,7,121,132,59,122" hai2="93,28,18,126,73,86,90,84,111,92,38,89,22" hai3="96,52,54,72,107,68,101,66,61,67,83,103,31"/><U110/><E132/><V80/><F38/><W131/><G131/><T33/><D33/><U115/><E115/><V17/><F28/><W70/><G103/><T71/><D134/><U91/><E100/><V40/><F111/><N who="1" m="42537" /><E1/><V43/><F126/><W37/><G37/><T47/><D109/><U21/><E34/><V8/><F73/><W69/><G69/><T53/><D127/><U135/><E135/><V77/><F80/><W24/><G67/><T75/><D75/><U26/><E7/><V106/><F106/><W85/><G70/><T5/><D5/><U55/><E91/><V125/><F77/><W13/><G13/><T9/><D120/><N who="1" m="46187" /><E21/><V19/><F125/><W42/><G72/><T119/><D119/><U95/><E95/><V32/><F32/><N who="3" m="20583" /><G42/><T74/><D74/><U124/><E124/><V98/><F98/><W133/><G133/><T12/><D47/><U102/><E102/><V44/><F44/><W104/><G104/><T41/><D41/><U87/><E87/><V82/><F82/><W51/><G85/><T11/><D105/><U49/><E64/><V62/><F62/><W76/><G83/><T45/><D99/><U112/><E112/><V35/><F35/><W50/><G76/><T39/><D39/><U60/><E60/><V2/><F22/><W128/><G61/><N who="0" m="35983" /><D117/><U23/><E23/><V20/><F20/><W25/><G107/><T114/><D114/><U14/><E14/><V94/><F94/><W130/><G101/><T88/><D88/><U113/><E113/><V58/><F58/><N who="1" m="22025" /><E55/><V4/><AGARI ba="1,0" hai="2,4,8,17,18,19,40,43,84,86,89,90,92,93" machi="4" ten="30,8000,1" yaku="0,1,9,1,52,3" doraHai="15" who="2" fromWho="2" sc="230,-21,406,-41,124,83,240,-21" /><INIT seed="2,0,0,3,4,19" ten="209,365,207,219" oya="2" hai0="74,34,88,70,90,36,91,109,21,114,127,52,45" hai1="79,86,14,84,135,18,0,11,85,64,50,12,25" hai2="82,111,44,43,113,124,2,131,16,92,81,23,125" hai3="73,26,28,17,66,110,47,71,6,63,65,121,104"/><V77/><F113/><W107/><G121/><T40/><D74/><U24/><E135/><V8/><F131/><W119/><G119/><T27/><D34/><U115/><E0/><V93/><F111/><W42/><G110/><T75/><D75/><U22/><E115/><V130/><F130/><W35/><G17/><T13/><D114/><U80/><E64/><V101/><F101/><W49/><G66/><T10/><D70/><U108/><E108/><V9/><F82/><W112/><G112/><T56/><D109/><U62/><E62/><V98/><F93/><W1/><G73/><T53/><D127/><N who="2" m="48714" /><F2/><W83/><G83/><T105/><D56/><U20/><E50/><N who="2" m="26911" /><F92/><W55/><G1/><T122/><D105/><U100/><E100/><V95/><F81/><W31/><G6/><T129/><D129/><U54/><E54/><V60/><F60/><W69/><G69/><T30/><REACH who="0" step="1"/><D122/><REACH who="0" ten="199,365,207,219" step="2"/><U99/><E99/><V67/><F67/><W134/><G71/><T117/><D117/><U59/><E59/><V46/><F46/><W37/><G65/><T123/><D123/><U128/><E128/><V76/><F98/><W51/><G47/><T133/><D133/><U87/><REACH who="1" step="1"/><E14/><REACH who="1" ten="199,355,207,219" step="2"/><N who="2" m="9623" /><F95/><W39/><G104/><T5/><AGARI ba="0,2" hai="5,10,13,21,27,30,36,40,45,52,53,88,90,91" machi="5" ten="30,8000,1" yaku="1,1,0,1,52,1,54,2,53,0" doraHai="19" doraHaiUra="72" who="0" fromWho="0" sc="199,100,355,-20,207,-40,219,-20" /><INIT seed="3,0,0,2,0,78" ten="299,335,167,199" oya="3" hai0="125,40,119,128,1,60,65,114,30,80,16,72,56" hai1="134,96,117,18,12,68,70,31,13,50,35,111,75" hai2="25,3,5,27,59,121,107,106,52,2,36,88,87" hai3="126,10,43,42,89,62,38,101,63,44,109,66,86"/><W22/><G126/><T46/><D125/><U97/><E75/><V83/><F36/><W113/><G113/><T92/><D1/><U115/><E115/><V124/><F124/><W99/><G109/><T85/><D114/><U15/><E35/><V104/><F121/><W123/><G123/><T48/><D72/><U102/><E111/><V47/><F47/><W112/><G112/><T116/><D128/><U132/><E31/><V82/><F3/><W118/><G118/><T98/><D30/><U71/><E117/><V129/><F129/><W20/><G43/><T108/><D108/><U0/><E0/><V103/><F103/><W122/><G122/><T74/><D74/><U37/><E37/><V21/><F2/><W6/><G99/><N who="1" m="37962" /><E102/><V41/><F5/><W110/><G101/><T79/><D116/><U32/><E32/><V127/><F41/><W28/><G28/><T57/><D119/><U17/><E50/><V69/><F69/><N who="1" m="17665" /><U135/><AGARI ba="0,0" hai="12,13,15,17,18,132,134,135" m="17665,37962" machi="135" ten="60,8000,1" yaku="4,1,28,2,20,1" doraHai="78" who="1" fromWho="1" sc="299,-20,335,80,167,-20,199,-40" owari="279,8.0,415,51.0,147,-35.0,159,-24.0" /></mjloggm>