<mjloggm ver="2.3"><GO type="97" lobby="0"/><UN n0="%E3%83%A6%E3%83%AA%E3%82%B9" n1="%E3%82%A6%E3%83%AB%E3%83%88%E3%83%A9%E7%AB%8B%E7%9B%B4" n2="%D0%B7%D1%80%D0%B9%D1%82%D0%B5%D0%BB%D1%8C" n3="%6D%61%73%61%64%6F%63" dan="15,15,14,14" rate="2007.97,2025.25,1940.58,1842.88" sx="M,M,M,M"/><TAIKYOKU oya="0"/><INIT seed="0,0,0,4,3,44" ten="250,250,250,250" oya="0" hai0="126,19,14,53,65,55,57,24,89,39,117,21,108" hai1="84,71,45,69,36,74,103,132,110,13,32,128,91" hai2="114,94,5,82,66,52,27,2,130,31,113,70,37" hai3="125,18,78,51,67,8,1,121,72,87,98,76,6"/><T99/><D39/><U64/><E32/><V116/><F37/><W28/><G121/><T61/><D117/><U26/><E74/><V49/><F116/><W124/><G28/><T42/><D126/><N who="3" m="48745" /><G72/><T47/><D108/><U34/><E103/><V102/><F70/><W109/><G67/><T0/><D0/><U11/><E64/><V16/><F66/><W59/><G109/><T96/><D42/><U111/><E69/><V29/><F82/><W62/><G62/><T56/><D47/><U68/><E68/><V9/><F130/><W90/><G98/><T17/><D89/><U107/><E71/><V46/><F114/><W106/><G18/><T33/><D33/><U80/><E107/><V30/><F113/><W63/><G63/><T10/><REACH who="0" step="1"/><D65/><REACH who="0" ten="240,250,250,250" step="2"/><U112/><E111/><V4/><F102/><W92/><G1/><T3/><D3/><U79/><E110/><V40/><F40/><W73/><G90/><T133/><D133/><U35/><E132/><V50/><F2/><W123/><G76/><T23/><D23/><U105/><E91/><V97/><F9/><W22/><G22/><T134/><D134/><U54/><E35/><V85/><F5/><W101/><G78/><T38/><D38/><U15/><E36/><V129/><F4/><W12/><G8/><T20/><D20/><U86/><E34/><V75/><F129/><W41/><G6/><T7/><D7/><U43/><E128/><V115/><F115/><W60/><G41/><T100/><D100/><U135/><E112/><V95/><F31/><W104/><G123/><T120/><D120/><RYUUKYOKU ba="0,1" sc="240,30,250,-10,250,-10,250,-10" hai0="10,14,17,19,21,24,53,55,56,57,61,96,99" /><INIT seed="0,1,1,4,0,95" ten="270,240,240,240" oya="0" hai0="21,107,31,130,101,87,5,131,92,64,24,13,0" hai1="96,135,72,84,60,23,28,133,49,132,42,121,4" hai2="129,41,74,94,11,40,108,88,57,17,62,15,81" hai3="6,1,77,38,35,100,48,55,114,67,123,70,122"/><T47/><D64/><U113/><E72/><V50/><F129/><N who="0" m="49162" /><D107/><U16/><E121/><V20/><F108/><W44/><G100/><T25/><D47/><N who="1" m="25847" /><E113/><V117/><F117/><W26/><G77/><T125/><D87/><U124/><E124/><V71/><F71/><W32/><G114/><T29/><D92/><U66/><E84/><V80/><F74/><W9/><G38/><T93/><D93/><U10/><E28/><V110/><F11/><W56/><G70/><T102/><D125/><U69/><E4/><V46/><F41/><W73/><G73/><T14/><D102/><U45/><E45/><V22/><F22/><W68/><G68/><T126/><D101/><U105/><E10/><V128/><F128/><W39/><G26/><T78/><D78/><U2/><E2/><V43/><F43/><N who="3" m="22655" /><G67/><T75/><D75/><U58/><E105/><V115/><F110/><W103/><G103/><T19/><D126/><U106/><E69/><V12/><F12/><N who="0" m="4714" /><D25/><N who="1" m="14567" /><E106/><V33/><F33/><W111/><G111/><T59/><D59/><U82/><E82/><V30/><F30/><W85/><G85/><T79/><D79/><U112/><E112/><V98/><F115/><W51/><G35/><T89/><D89/><U119/><E119/><V118/><F118/><W83/><G32/><T52/><D52/><AGARI ba="1,1" hai="15,17,20,40,46,50,52,57,62,80,81,88,94,98" machi="52" ten="30,8000,1" yaku="7,1,8,1,52,1,54,2" doraHai="95" who="2" fromWho="0" sc="270,-83,240,0,240,93,240,0" /><INIT seed="1,0,0,0,3,74" ten="187,240,333,240" oya="1" hai0="102,18,4,56,60,109,81,73,119,67,80,127,94" hai1="106,35,64,17,96,22,52,75,57,97,126,92,68" hai2="53,87,133,69,110,93,34,76,95,135,37,38,59" hai3="85,89,63,44,50,134,9,28,11,108,118,41,30"/><U49/><E35/><V31/><F69/><W66/><G118/><T123/><D119/><U36/><E36/><V43/><F34/><W40/><G108/><T19/><D109/><U116/><E116/><V27/><F110/><W90/><G134/><T55/><D127/><U82/><E126/><V128/><F43/><W117/><G41/><T15/><D123/><U24/><E106/><V3/><F3/><W131/><G117/><T71/><D4/><U7/><E7/><V78/><F38/><W111/><G111/><T13/><D102/><U77/><REACH who="1" step="1"/><E92/><REACH who="1" ten="187,230,333,240" step="2"/><N who="2" m="35403" /><F37/><W23/><G131/><T54/><D94/><U130/><E130/><V113/><F128/><W101/><G101/><T125/><D125/><U65/><E65/><V84/><F113/><W33/><G33/><T72/><D67/><U121/><E121/><V105/><F105/><W0/><G66/><T5/><D5/><U12/><E12/><V100/><F135/><W99/><G0/><T103/><D103/><U115/><E115/><V21/><F100/><W48/><G99/><T79/><D71/><U88/><E88/><V62/><F133/><W1/><G90/><T124/><D124/><U107/><E107/><V10/><F10/><W51/><G9/><T26/><D26/><U2/><E2/><V32/><F32/><W47/><G11/><T98/><D98/><U83/><E83/><V86/><AGARI ba="0,1" hai="21,27,31,53,59,62,76,78,84,86,87" m="35403" machi="86" ten="30,4000,0" yaku="8,1,52,2" doraHai="74" who="2" fromWho="2" sc="187,-10,230,-20,333,50,240,-10" /><INIT seed="2,0,0,3,4,7" ten="177,210,383,230" oya="2" hai0="23,108,123,71,87,66,91,44,88,17,76,101,114" hai1="57,52,36,9,81,58,6,56,130,22,35,19,132" hai2="11,93,68,8,51,125,2,50,62,134,5,28,131" hai3="20,41,106,48,72,103,82,73,38,18,13,95,25"/><V115/><F115/><W43/><G106/><T14/><D114/><U12/><E36/><V89/><F134/><W47/><G73/><T92/><D123/><U104/><E104/><V69/><F131/><W100/><G43/><T84/><D108/><U10/><E35/><V67/><F69/><W0/><G0/><T98/><D71/><U124/><E130/><V29/><F28/><W55/><G72/><T78/><D66/><U97/><E132/><V102/><F102/><W80/><G25/><T60/><D60/><U116/><E116/><V54/><F29/><W46/><REACH who="3" step="1"/><G95/><REACH who="3" ten="177,210,383,220" step="2"/><T109/><D109/><U75/><E75/><V127/><F127/><W32/><G32/><T129/><D129/><U119/><E124/><V77/><F125/><W30/><G30/><T3/><D3/><U70/><E119/><V4/><F93/><W27/><G27/><T90/><REACH who="0" step="1"/><D44/><REACH who="0" ten="167,210,383,220" step="2"/><U53/><E70/><V24/><F68/><W99/><G99/><T34/><D34/><U65/><E97/><V121/><F2/><W107/><G107/><T126/><D126/><U40/><E65/><V33/><F67/><W21/><G21/><T59/><D59/><U135/><E135/><V39/><F121/><W110/><G110/><T31/><D31/><U111/><E111/><V42/><F33/><W79/><G79/><AGARI ba="0,2" hai="14,17,23,76,78,79,84,87,88,90,91,92,98,101" machi="79" ten="40,5200,0" yaku="1,1,8,1,54,1,53,0" doraHai="7" doraHaiUra="120" who="0" fromWho="3" sc="167,72,210,0,383,0,220,-52" /><INIT seed="3,0,0,5,4,127" ten="239,210,383,168" oya="3" hai0="5,20,72,101,128,7,93,120,78,55,97,49,32" hai1="104,98,24,70,102,132,10,89,25,54,68,116,94" hai2="11,57,53,62,88,103,73,69,134,80,37,71,111" hai3="26,58,90,14,12,50,3,51,113,100,60,23,21"/><W67/><G113/><T99/><D32/><U27/><E132/><V34/><F134/><W118/><G3/><T43/><D120/><U0/><E116/><V63/><F37/><W124/><G118/><T59/><D43/><U125/><E125/><V86/><F73/><W38/><G38/><T28/><D78/><U110/><E110/><V76/><F34/><W4/><G124/><T52/><D72/><U2/><E2/><V114/><F111/><W131/><G100/><T48/><D28/><U42/><E42/><V91/><F103/><W35/><G35/><T64/><D64/><U82/><E54/><V77/><F11/><N who="3" m="4199" /><G131/><T8/><D20/><N who="3" m="7753" /><G26/><T13/><D99/><U40/><E40/><V105/><F105/><W122/><G122/><T36/><D36/><U115/><E115/><V15/><F114/><W6/><G90/><T79/><D79/><U31/><E31/><V81/><F15/><W112/><G112/><T117/><D117/><U65/><E0/><V41/><F41/><W56/><G58/><T96/><D96/><U83/><E10/><AGARI ba="0,0" hai="6,10,14,50,51,56,60,67" m="7753,4199" machi="10" ten="30,1500,0" yaku="8,1" doraHai="127" who="3" fromWho="1" sc="239,0,210,-15,383,0,168,15" /><INIT seed="3,1,0,0,2,93" ten="239,195,383,183" oya="3" hai0="5,34,26,103,132,47,123,10,76,95,120,87,58" hai1="83,25,128,126,73,102,67,46,69,127,72,78,106" hai2="121,29,81,97,45,85,24,0,61,75,21,74,32" hai3="42,54,119,115,43,37,1,7,35,38,59,86,50"/><W82/><G119/><T44/><D132/><U91/><E67/><V111/><F121/><W117/><G115/><T99/><D123/><U33/><E69/><V131/><F0/><W110/><G117/><T105/><D120/><U65/><E65/><V52/><F32/><W40/><G35/><T28/><D58/><U53/><E53/><V55/><F55/><W18/><G110/><T48/><D48/><U14/><E25/><V114/><F111/><W122/><G122/><T133/><D133/><U98/><E14/><V62/><F75/><N who="1" m="28745" /><E46/><V71/><F74/><W129/><G129/><T19/><D19/><U77/><E33/><V30/><F71/><W31/><G31/><T41/><D41/><U51/><E51/><V2/><F30/><W92/><G92/><T116/><D116/><U88/><E128/><V109/><F131/><W49/><G18/><T17/><D17/><U63/><E63/><V27/><F2/><W130/><G130/><T57/><D57/><U118/><E118/><V134/><F134/><W79/><REACH who="3" step="1"/><G50/><REACH who="3" ten="239,195,383,173" step="2"/><T4/><D28/><U84/><E126/><V22/><F114/><W11/><AGARI ba="1,1" hai="1,7,11,37,38,40,42,43,49,54,59,79,82,86" machi="11" ten="30,6000,0" yaku="1,1,2,1,0,1,53,0" doraHai="93" doraHaiUra="113" who="3" fromWho="3" sc="239,-21,195,-21,383,-21,173,73" /><INIT seed="3,2,0,5,5,9" ten="218,174,362,246" oya="3" hai0="20,82,92,1,34,89,133,38,72,51,41,119,0" hai1="125,95,83,28,80,68,59,4,30,107,93,54,96" hai2="46,99,70,113,97,103,127,64,57,90,129,44,23" hai3="100,37,112,111,22,33,122,120,14,87,91,105,47"/><W27/><G112/><T12/><D119/><U115/><E68/><V101/><F70/><W124/><G124/><T50/><D34/><U74/><E115/><V131/><F127/><W18/><G111/><T117/><D117/><U10/><E125/><V78/><F78/><W16/><G105/><T48/><D133/><U126/><E126/><V71/><F71/><W118/><G100/><N who="2" m="38473" /><F113/><W11/><G118/><T66/><D66/><U69/><E69/><V116/><F116/><W35/><G37/><T85/><D38/><U49/><E107/><V81/><F23/><W8/><G47/><N who="2" m="17961" /><F57/><W84/><G84/><T15/><D41/><U61/><E61/><V3/><F64/><W135/><G135/><T40/><D40/><U42/><E42/><V2/><F81/><W75/><G75/><T63/><D63/><U5/><E74/><V17/><F90/><W110/><G110/><T21/><D21/><U7/><E10/><V67/><F17/><W104/><G104/><T123/><D20/><U65/><E65/><V31/><F67/><W24/><G87/><T73/><D73/><U32/><E32/><N who="3" m="12362" /><G91/><T88/><D123/><N who="3" m="47145" /><G8/><T53/><D53/><U26/><E95/><V79/><F79/><W29/><G27/><T130/><D130/><N who="2" m="49674" /><F31/><AGARI ba="2,0" hai="11,14,16,18,22,24,29,31" m="47145,12362" machi="31" ten="30,11600,0" yaku="34,2,52,1,54,1" doraHai="9" who="3" fromWho="2" sc="218,0,174,0,362,-122,246,122" owari="218,-18.0,174,-33.0,240,4.0,368,47.0" /></mjloggm>