<mjloggm ver="2.3"><GO type="97" lobby="0"/><UN n0="%6D%6D%73" n1="%E8%91%89%E6%9C%88%E8%81%96" n2="%E7%81%98%E2%98%86%E9%BA%BB%E5%A4%AA%E9%83%8E" n3="%E3%82%A6%E3%83%AB%E3%83%88%E3%83%A9%E7%AB%8B%E7%9B%B4" dan="13,14,15,15" rate="1848.36,1975.71,1975.39,1979.16" sx="M,M,M,M"/><TAIKYOKU oya="0"/><INIT seed="0,0,0,2,5,80" ten="250,250,250,250" oya="0" hai0="50,81,61,13,103,28,88,109,102,74,106,72,90" hai1="44,45,122,46,10,23,54,94,128,96,120,59,111" hai2="56,98,14,92,63,69,2,41,52,66,43,82,75" hai3="133,12,19,22,126,27,30,35,1,24,110,3,15"/><T18/><D28/><U124/><E111/><V115/><F115/><W47/><G47/><T105/><D61/><U108/><E108/><V79/><F14/><N who="3" m="5163" /><G110/><T5/><D50/><U32/><E32/><V11/><F11/><W84/><G84/><N who="0" m="50191" /><D18/><U65/><E10/><V58/><F2/><N who="3" m="523" /><G126/><T114/><D13/><U29/><E65/><V113/><F69/><W31/><G133/><T16/><D5/><U71/><E124/><V130/><F130/><W83/><G83/><T64/><D16/><AGARI ba="0,0" hai="16,19,22,24,27,30,31,35" m="523,5163" machi="16" ten="30,12000,2" yaku="35,5,54,1" doraHai="80" who="3" fromWho="0" sc="250,-120,250,0,250,0,250,120" /><INIT seed="1,0,0,4,5,116" ten="130,250,250,370" oya="1" hai0="84,80,23,77,100,31,63,17,62,76,25,106,19" hai1="85,56,70,33,53,94,29,64,75,97,103,52,87" hai2="46,15,112,99,30,57,2,42,61,124,66,12,28" hai3="93,32,118,18,47,130,20,50,3,34,105,102,131"/><U59/><E75/><V109/><F109/><W51/><G105/><T121/><D121/><U134/><E134/><V37/><F124/><W54/><G3/><T89/><D106/><U39/><E39/><V5/><F2/><W72/><G72/><T83/><D100/><U36/><E36/><V88/><F112/><W38/><G38/><T127/><D127/><U26/><E70/><V110/><F110/><W128/><G118/><T27/><D27/><U10/><E64/><V96/><F96/><N who="3" m="59663" /><G51/><T0/><D0/><U73/><E73/><V21/><F15/><AGARI ba="0,0" hai="15,18,20,32,34,47,50,54,128,130,131" m="59663" machi="15" ten="30,1000,0" yaku="19,1" doraHai="116" who="3" fromWho="2" sc="130,0,250,0,250,-10,370,10" /><INIT seed="2,0,0,5,2,128" ten="130,250,240,380" oya="2" hai0="79,72,21,63,110,35,62,65,111,19,60,33,133" hai1="20,121,25,32,74,58,61,76,130,132,71,14,23" hai2="90,91,9,108,97,12,78,126,50,94,27,10,16" hai3="2,103,44,104,15,26,86,95,3,134,119,68,115"/><V6/><F126/><W52/><G68/><T129/><D129/><U59/><E130/><V53/><F108/><N who="0" m="41514" /><D65/><U18/><E121/><V11/><F78/><W40/><G86/><T116/><D116/><U69/><E32/><V87/><F27/><W88/><G88/><T89/><D89/><U5/><E58/><N who="2" m="33079" /><F6/><W93/><G15/><N who="0" m="9471" /><D79/><U99/><E99/><V106/><F106/><W109/><G3/><T96/><D96/><U100/><E100/><V84/><F97/><W123/><G95/><AGARI ba="0,0" hai="9,10,11,12,16,84,87,90,91,94,95" m="33079" machi="95" ten="30,2900,0" yaku="8,1,54,1" doraHai="128" who="2" fromWho="3" sc="130,0,250,0,240,29,380,-29" /><INIT seed="2,1,0,0,0,98" ten="130,250,269,351" oya="2" hai0="100,129,79,34,102,119,84,115,124,15,121,103,60" hai1="130,50,26,110,51,30,91,127,5,4,62,37,82" hai2="106,6,40,70,25,3,111,39,93,0,55,61,28" hai3="99,78,63,117,72,41,48,7,31,87,131,18,38"/><V16/><F106/><W105/><G31/><T114/><D34/><U86/><E37/><V53/><F28/><W35/><G48/><T88/><D60/><U45/><E110/><V56/><F111/><W29/><G18/><T12/><D15/><U9/><E130/><V89/><F70/><W58/><G87/><T132/><D121/><U54/><E127/><V97/><F6/><W101/><G99/><T69/><D69/><U135/><E135/><V126/><F126/><W112/><G58/><T116/><D12/><U13/><E62/><V104/><F104/><W67/><G101/><T120/><D124/><U59/><E50/><V10/><F10/><W44/><G117/><N who="0" m="45131" /><D120/><U92/><E59/><V64/><F40/><W1/><G44/><T23/><D23/><N who="1" m="15711" /><E92/><V122/><F122/><W108/><G105/><T49/><D49/><U75/><E75/><V125/><F125/><W123/><G29/><T21/><D21/><U14/><E14/><V71/><F39/><W20/><G72/><T27/><D27/><U57/><E57/><V46/><F55/><W85/><G85/><T94/><D132/><U47/><E47/><V81/><F81/><W77/><G41/><T52/><D52/><U65/><E65/><V109/><F46/><W43/><G67/><T74/><D129/><U32/><E32/><V33/><F109/><W107/><G43/><T36/><D36/><U80/><E80/><AGARI ba="1,0" hai="74,79,80,84,88,94,100,102,103,114,115" m="45131" machi="80" ten="30,12000,2" yaku="12,1,34,2,52,3,54,1" doraHai="98" who="0" fromWho="1" sc="130,123,250,-123,269,0,351,0" /><INIT seed="3,0,0,1,0,97" ten="253,127,269,351" oya="3" hai0="29,134,87,101,31,110,125,88,33,64,100,26,109" hai1="115,114,75,71,4,1,61,93,52,98,2,6,57" hai2="96,127,76,135,17,62,122,19,132,49,79,8,129" hai3="47,67,35,86,78,121,12,27,34,63,111,59,77"/><W15/><G86/><T69/><D125/><U24/><E75/><V22/><F62/><W16/><G59/><T99/><D134/><N who="2" m="51242" /><F49/><W5/><G16/><T91/><D31/><U116/><E116/><V3/><F96/><W130/><G27/><T32/><D32/><U80/><E80/><V123/><F79/><W73/><G34/><T46/><D46/><U107/><E107/><V11/><F76/><W104/><G35/><T105/><D100/><U103/><E71/><V85/><F85/><W119/><G12/><T51/><D51/><U28/><E4/><N who="2" m="1055" /><F127/><W50/><G63/><N who="0" m="40095" /><D87/><U0/><REACH who="1" step="1"/><E6/><REACH who="1" ten="253,117,269,351" step="2"/><V56/><F129/><W65/><G73/><T108/><AGARI ba="0,1" hai="26,29,33,88,91,99,101,105,108,109,110" m="40095" machi="108" ten="30,7900,0" yaku="25,1,14,1,52,1,54,1" doraHai="97" who="0" fromWho="0" sc="253,89,117,-20,269,-20,351,-39" owari="342,44.0,97,-40.0,249,-15.0,312,11.0" /></mjloggm>