<mjloggm ver="2.3"><GO type="97" lobby="0"/><UN n0="%E3%82%A6%E3%83%AB%E3%83%88%E3%83%A9%E7%AB%8B%E7%9B%B4" n1="%E6%B1%90%E8%A6%8B" n2="%63%61%63%61%6F" n3="%E3%82%AB%E3%83%BC%E3%83%AB" dan="15,14,14,14" rate="1969.61,1923.17,1936.21,1976.92" sx="M,M,M,M"/><TAIKYOKU oya="0"/><INIT seed="0,0,0,3,4,97" ten="250,250,250,250" oya="0" hai0="104,126,71,9,54,31,38,127,116,111,125,63,26" hai1="78,18,110,17,12,56,112,120,92,15,90,19,75" hai2="21,35,65,51,98,0,13,57,55,101,61,2,40" hai3="53,41,52,96,134,119,103,50,25,20,8,86,70"/><T23/><D38/><U39/><E120/><V89/><F35/><W33/><G119/><T76/><D116/><U133/><E39/><V49/><F40/><W68/><G134/><T117/><D117/><U108/><E133/><V11/><F21/><W123/><G123/><T69/><D104/><U66/><E78/><V30/><F30/><W105/><G33/><T128/><D128/><U43/><E75/><V77/><F77/><W67/><G8/><T87/><D111/><N who="1" m="42539" /><E43/><V129/><F129/><W124/><G124/><T99/><D9/><U106/><E106/><V84/><F2/><W115/><G115/><T59/><REACH who="0" step="1"/><D99/><REACH who="0" ten="240,250,250,250" step="2"/><N who="1" m="57751" /><E112/><V32/><F0/><W46/><G86/><T122/><D122/><U85/><E85/><V36/><F36/><W24/><G96/><T130/><D130/><U102/><E102/><V94/><F32/><W135/><G103/><T131/><D131/><U114/><E114/><V93/><REACH who="2" step="1"/><F65/><REACH who="2" ten="240,250,240,250" step="2"/><W95/><G67/><T42/><D42/><U45/><E66/><V58/><F58/><W44/><G41/><T27/><D27/><U6/><E56/><V7/><AGARI ba="0,2" hai="7,11,13,49,51,55,57,61,84,89,93,94,98,101" machi="7" ten="20,8000,1" yaku="1,1,0,1,7,1,8,1,52,1,53,0" doraHai="97" doraHaiUra="29" who="2" fromWho="2" sc="240,-40,250,-20,240,100,250,-20" /><INIT seed="1,0,0,3,2,117" ten="200,230,340,230" oya="1" hai0="64,127,45,75,100,65,73,113,2,101,96,59,51" hai1="112,33,53,121,85,129,86,39,9,135,133,111,48" hai2="58,124,13,28,19,46,54,21,50,93,34,81,95" hai3="94,83,56,66,29,36,118,84,49,22,71,7,4"/><U130/><E33/><V99/><F124/><W44/><G118/><T61/><D2/><U80/><E39/><V14/><F81/><W38/><G71/><T105/><D127/><U62/><E112/><V132/><F132/><N who="1" m="50761" /><E9/><V31/><F34/><W52/><G94/><N who="2" m="35849" /><F99/><W116/><G116/><T123/><D113/><U63/><E121/><V98/><F98/><W35/><G35/><T89/><D101/><U68/><E86/><V108/><F108/><W32/><G32/><T20/><D89/><N who="1" m="51367" /><E68/><V12/><F46/><W17/><G29/><AGARI ba="0,0" hai="12,13,14,19,21,28,29,31,50,54,58" m="35849" machi="29" ten="30,1000,0" yaku="8,1" doraHai="117" who="2" fromWho="3" sc="200,0,230,0,340,10,230,-10" /><INIT seed="2,0,0,1,4,106" ten="200,230,350,220" oya="2" hai0="38,132,45,71,27,135,13,98,57,51,86,107,16" hai1="6,77,50,39,34,47,32,81,117,124,60,4,18" hai2="49,131,55,134,105,91,66,23,64,36,95,80,1" hai3="59,69,92,102,111,37,9,43,87,122,108,21,127"/><V85/><F1/><W112/><G69/><T30/><D71/><U110/><E117/><V119/><F36/><W83/><G122/><T41/><D86/><U133/><E39/><V89/><F119/><W62/><G127/><T44/><D57/><U65/><E124/><V76/><F105/><W8/><G112/><T15/><D15/><U2/><E133/><V103/><F134/><W100/><G43/><T25/><D25/><U128/><E110/><N who="3" m="42026" /><G21/><T97/><D107/><U24/><E128/><V28/><F131/><W67/><G37/><T120/><D120/><U58/><E2/><V68/><F68/><W109/><N who="3" m="42034" /><W88/><DORA hai="5" /><G100/><T14/><D14/><U52/><E34/><V125/><F125/><W35/><G35/><T12/><D12/><U82/><E82/><V53/><F103/><W29/><G29/><T115/><D115/><U73/><REACH who="1" step="1"/><E18/><REACH who="1" ten="200,220,350,220" step="2"/><V101/><F80/><W26/><G26/><T99/><D132/><U70/><E70/><V114/><F114/><W63/><G62/><T79/><D135/><U93/><E93/><V130/><F130/><W0/><G0/><T72/><D27/><U94/><E94/><V40/><F95/><W3/><G3/><T84/><D38/><U78/><E78/><V75/><F28/><AGARI ba="0,1" hai="4,6,24,28,32,47,50,52,58,60,65,73,77,81" machi="28" ten="40,8000,1" yaku="1,1,52,1,54,1,53,1" doraHai="106,5" doraHaiUra="96,61" who="1" fromWho="2" sc="200,0,220,90,350,-80,220,0" /><INIT seed="3,0,0,2,4,12" ten="200,310,270,220" oya="3" hai0="70,117,123,36,67,23,80,82,45,11,66,27,90" hai1="128,130,95,113,107,43,2,122,13,96,108,57,126" hai2="30,131,61,25,56,49,6,104,58,31,17,26,89" hai3="65,32,73,52,87,75,133,81,74,35,120,39,34"/><W78/><G120/><T38/><D123/><U53/><E113/><V40/><F104/><W114/><G114/><T111/><D117/><U24/><E122/><V100/><F6/><W64/><G133/><T129/><D129/><N who="1" m="49771" /><E108/><V71/><F131/><W60/><REACH who="3" step="1"/><G39/><REACH who="3" ten="200,310,270,210" step="2"/><T3/><D111/><U112/><E112/><V132/><F132/><W94/><G94/><T115/><D115/><U50/><E107/><V127/><F127/><W46/><G46/><T22/><D38/><U20/><E126/><V121/><F121/><W72/><N who="3" m="18432" /><DORA hai="99" /><W14/><G14/><T101/><D45/><U77/><E13/><V85/><F40/><W105/><G105/><T4/><D36/><U103/><E2/><V18/><F71/><W135/><G135/><T62/><D82/><U37/><E37/><V93/><F31/><W44/><G44/><T19/><D80/><U8/><E43/><V5/><F30/><W109/><G109/><T15/><D15/><U91/><E8/><V124/><F124/><W98/><G98/><T68/><D68/><U83/><E103/><V47/><F100/><W1/><G1/><T42/><D101/><U33/><E95/><V84/><F93/><W88/><G88/><T0/><D90/><U92/><E83/><V10/><F89/><W48/><G48/><T9/><D42/><U69/><E77/><V51/><F47/><W79/><G79/><T102/><D102/><U59/><E69/><V63/><F10/><W7/><G7/><N who="0" m="1255" /><D70/><U21/><E59/><AGARI ba="0,1" hai="32,34,35,52,59,60,64,65,78,81,87" m="18432" machi="59" ten="80,12000,1" yaku="1,1,54,1,53,1" doraHai="12,99" doraHaiUra="54,16" who="3" fromWho="1" sc="200,0,310,-120,270,0,210,130" owari="200,-20.0,190,-31.0,270,7.0,340,44.0" /></mjloggm>