<mjloggm ver="2.3"><GO type="97" lobby="0"/><UN n0="%48%49%4D%49%4D%49" n1="%E3%81%99%E3%81%84%E3%81%A6%E3%81%8D%E5%AE%88" n2="%E3%82%A6%E3%83%AB%E3%83%88%E3%83%A9%E7%AB%8B%E7%9B%B4" n3="%E6%B0%B4%E3%81%AE%E3%81%BE%E3%81%A9%E3%82%8D%E3%81%BF" dan="14,14,15,13" rate="1936.36,1889.04,1955.35,1854.35" sx="M,F,M,M"/><TAIKYOKU oya="0"/><BYE who="3" /><INIT seed="0,0,0,5,3,42" ten="250,250,250,250" oya="0" hai0="14,81,60,128,10,6,94,3,111,38,51,79,82" hai1="133,28,92,121,116,86,105,108,131,21,57,67,50" hai2="31,85,61,7,0,26,125,101,71,32,99,96,90" hai3="62,1,27,75,13,40,5,64,104,87,98,91,35"/><T74/><D128/><UN n3="%E6%B0%B4%E3%81%AE%E3%81%BE%E3%81%A9%E3%82%8D%E3%81%BF" /><U109/><BYE who="3" /><E121/><V19/><F125/><W47/><G47/><T78/><D38/><U15/><E131/><V135/><F19/><W119/><G119/><T69/><D111/><N who="1" m="42571" /><E105/><UN n3="%E6%B0%B4%E3%81%AE%E3%81%BE%E3%81%A9%E3%82%8D%E3%81%BF" /><V33/><F135/><W134/><G75/><T130/><D130/><U59/><E133/><V123/><F99/><W117/><G1/><T48/><D94/><U39/><E39/><V126/><F126/><W43/><G117/><T114/><D114/><U4/><E116/><V112/><F112/><W100/><G134/><T127/><D127/><U72/><E72/><V65/><F123/><W22/><G5/><T8/><D60/><N who="1" m="38287" /><E59/><V77/><F77/><W103/><G103/><T17/><D69/><U70/><E70/><V2/><F33/><W113/><G113/><T73/><AGARI ba="0,0" hai="3,6,8,10,14,17,48,51,73,74,78,79,81,82" machi="73" ten="20,3900,0" yaku="0,1,7,1,9,1" doraHai="42" who="0" fromWho="0" sc="250,39,250,-13,250,-13,250,-13" /><INIT seed="0,1,0,5,2,99" ten="289,237,237,237" oya="0" hai0="56,10,67,60,102,49,18,72,100,115,133,84,27" hai1="134,59,122,126,53,82,38,6,131,109,135,88,55" hai2="41,26,80,104,108,117,77,81,35,5,107,83,24" hai3="69,120,74,96,95,22,28,25,45,32,2,87,123"/><T57/><D115/><U21/><E122/><V47/><F108/><W71/><G74/><T30/><D72/><U37/><E109/><V8/><F117/><W42/><G2/><T3/><D133/><N who="1" m="50699" /><E131/><V0/><F26/><W110/><G110/><T127/><D127/><U66/><E126/><V63/><F63/><W61/><G87/><T119/><D119/><U93/><E6/><V125/><F125/><W128/><G128/><T34/><D84/><N who="1" m="52359" /><E82/><V48/><REACH who="2" step="1"/><F77/><REACH who="2" ten="289,237,227,237" step="2"/><W12/><G61/><T54/><REACH who="0" step="1"/><D18/><REACH who="0" ten="279,237,227,237" step="2"/><U4/><E4/><AGARI ba="1,2" hai="3,4,10,27,30,34,49,54,56,57,60,67,100,102" machi="4" ten="40,12000,1" yaku="1,1,2,1,52,2,53,0" doraHai="99" doraHaiUra="132" who="0" fromWho="1" sc="279,143,237,-123,227,0,237,0" /><INIT seed="0,2,0,2,0,13" ten="422,114,227,237" oya="0" hai0="134,26,14,20,108,117,35,86,64,2,30,96,97" hai1="126,116,39,69,103,27,101,90,129,60,81,38,62" hai2="113,118,44,131,124,10,24,91,52,7,15,0,80" hai3="99,25,102,127,77,61,40,82,65,98,58,84,85"/><T112/><D112/><U32/><E116/><V42/><F113/><W8/><G127/><T135/><D117/><U59/><E126/><V75/><F124/><W89/><G40/><T9/><D108/><U119/><E119/><V72/><F118/><W133/><G133/><N who="0" m="50699" /><D64/><U71/><E129/><V16/><F131/><W21/><G8/><T73/><D73/><U123/><E123/><V109/><F24/><W17/><REACH who="3" step="1"/><G102/><REACH who="3" ten="422,114,227,227" step="2"/><T74/><D74/><U83/><E103/><V100/><F100/><W105/><G105/><T66/><D66/><U87/><E101/><V70/><F75/><W68/><G68/><T121/><D121/><U18/><E71/><V111/><F70/><W132/><G132/><T28/><D2/><U47/><E69/><V41/><F109/><W5/><G5/><N who="0" m="3375" /><D86/><U6/><E87/><N who="2" m="50663" /><F72/><W95/><AGARI ba="2,1" hai="17,21,25,58,61,65,77,82,84,85,89,95,98,99" machi="95" ten="20,8000,1" yaku="1,1,0,1,7,1,8,1,52,1,53,0" doraHai="13" doraHaiUra="49" who="3" fromWho="3" sc="422,-42,114,-22,227,-22,227,96" /><INIT seed="1,0,0,2,2,68" ten="380,92,205,323" oya="1" hai0="88,12,106,64,118,72,29,38,116,42,62,34,16" hai1="19,46,127,110,82,130,5,65,119,99,49,70,11" hai2="123,107,84,47,14,90,93,52,24,43,87,133,92" hai3="25,67,30,15,124,126,96,108,58,51,56,0,50"/><U48/><E119/><V21/><F107/><W86/><G0/><T59/><D72/><U101/><E130/><V131/><F133/><W57/><G108/><T32/><D106/><U9/><E110/><V4/><F131/><W37/><G67/><T81/><D34/><U35/><E35/><V66/><F66/><W105/><G15/><T100/><D100/><U74/><E127/><N who="3" m="48682" /><G37/><T125/><D125/><U114/><E114/><V20/><F123/><W95/><G86/><T94/><D81/><U45/><E70/><V122/><F122/><W102/><G105/><T40/><D32/><AGARI ba="0,0" hai="25,30,32,50,51,56,57,58,95,96,102" m="48682" machi="32" ten="30,1000,0" yaku="18,1" doraHai="68" who="3" fromWho="0" sc="380,-10,92,0,205,0,323,10" /><INIT seed="2,0,0,1,2,27" ten="370,92,205,333" oya="2" hai0="91,127,78,42,114,22,62,124,126,86,132,44,76" hai1="73,48,32,74,72,123,128,51,106,104,118,82,100" hai2="94,1,68,53,24,19,103,63,131,115,81,110,14" hai3="26,89,34,4,35,7,119,77,117,55,79,11,9"/><V130/><F1/><W122/><G55/><T3/><D114/><U15/><E32/><V64/><F115/><W83/><G83/><N who="0" m="49631" /><D3/><U80/><E51/><V50/><F110/><W54/><G54/><T59/><D132/><U84/><E48/><V88/><F103/><W113/><G113/><T133/><D133/><U18/><E18/><V85/><F24/><W25/><REACH who="3" step="1"/><G89/><REACH who="3" ten="370,92,205,323" step="2"/><T46/><D22/><U102/><E15/><V8/><REACH who="2" step="1"/><F94/><REACH who="2" ten="370,92,195,323" step="2"/><W66/><G66/><N who="0" m="39263" /><D46/><AGARI ba="0,2" hai="8,14,19,46,50,53,63,64,68,81,85,88,130,131" machi="46" ten="40,12000,1" yaku="1,1,25,2,54,1,53,0" doraHai="27" doraHaiUra="75" who="2" fromWho="0" sc="370,-120,92,0,195,140,323,0" /><INIT seed="2,1,0,5,0,40" ten="250,92,335,323" oya="2" hai0="36,69,100,27,78,105,124,59,130,65,96,95,115" hai1="98,39,76,122,106,57,93,121,37,135,87,29,43" hai2="110,71,41,1,72,118,56,68,21,117,53,126,58" hai3="14,104,16,81,52,38,128,119,17,62,20,2,127"/><V44/><F72/><W92/><G104/><T63/><D115/><U4/><E135/><V33/><F1/><W74/><G2/><T80/><D130/><U47/><E4/><V88/><F33/><W25/><G119/><N who="2" m="45577" /><F88/><W91/><G38/><T116/><D116/><U3/><E3/><V79/><F21/><W101/><G128/><T73/><D124/><U49/><E106/><V11/><F11/><W50/><G127/><T97/><D36/><U86/><E29/><V19/><F19/><W8/><G62/><T89/><REACH who="0" step="1"/><D27/><REACH who="0" ten="240,92,335,323" step="2"/><U46/><E39/><N who="2" m="21567" /><F126/><W84/><G74/><T13/><D13/><U107/><E107/><V45/><F79/><W35/><G35/><T111/><D111/><U109/><E109/><V120/><F110/><W10/><G10/><T60/><D60/><U82/><E86/><V83/><F120/><W18/><G101/><T15/><D15/><U66/><E66/><V64/><F64/><W34/><G34/><T0/><D0/><U48/><E57/><AGARI ba="1,1" hai="57,59,63,65,69,73,78,80,89,95,96,97,100,105" machi="57" ten="40,1300,0" yaku="1,1,53,0" doraHai="40" doraHaiUra="5" who="0" fromWho="1" sc="240,26,92,-16,335,0,323,0" /><INIT seed="3,0,0,3,0,62" ten="266,76,335,323" oya="3" hai0="27,106,99,14,87,114,128,68,109,69,111,19,74" hai1="122,59,117,9,5,39,26,88,4,15,42,120,28" hai2="51,130,38,127,3,50,57,43,89,85,52,73,32" hai3="17,133,71,24,113,129,103,116,110,97,36,93,8"/><W40/><G116/><T0/><D0/><N who="1" m="135" /><E42/><V33/><F3/><W41/><G113/><T121/><D121/><U25/><E39/><V119/><F73/><W54/><G36/><T78/><D74/><U104/><E59/><V126/><F119/><W95/><G71/><T53/><D114/><U31/><E88/><V90/><F130/><W132/><G129/><T123/><D123/><U124/><E104/><V44/><F51/><W115/><G115/><T37/><D37/><U1/><E117/><V82/><F89/><W72/><G72/><T46/><D128/><U77/><E77/><V12/><REACH who="2" step="1"/><F12/><REACH who="2" ten="266,76,325,323" step="2"/><N who="3" m="7303" /><G110/><N who="0" m="41995" /><D106/><U22/><E122/><V67/><F67/><W112/><G112/><T20/><D99/><U18/><E120/><V134/><F134/><N who="3" m="51819" /><G24/><N who="1" m="9322" /><E124/><AGARI ba="0,1" hai="32,33,38,43,44,50,52,57,82,85,90,124,126,127" machi="124" ten="40,5200,0" yaku="1,1,18,1,54,1,53,0" doraHai="62" doraHaiUra="102" who="2" fromWho="1" sc="266,0,76,-52,325,62,323,0" owari="266,-13.0,24,-48.0,387,49.0,323,12.0" /></mjloggm>