<mjloggm ver="2.3"><GO type="169" lobby="0"/><UN n0="%E9%9B%B2%E3%81%AE%E3%82%B8%E3%83%A5%E3%82%A6%E3%82%B6" n1="%EF%BC%88%E2%89%A7%E2%96%BD%E2%89%A6%EF%BC%89" n2="%E3%83%96%E3%83%83%E3%83%91%E7%A5%9E" n3="%E3%81%8B%E3%82%89%E3%81%8F%E3%82%8A%E5%B1%8B%E6%95%B7" dan="16,19,17,16" rate="2143.69,2332.17,2219.97,2060.19" sx="M,M,M,M"/><TAIKYOKU oya="0"/><INIT seed="0,0,0,0,3,66" ten="250,250,250,250" oya="0" hai0="46,120,63,60,74,75,58,61,20,5,12,22,69" hai1="132,81,123,49,68,42,6,65,95,11,26,90,33" hai2="54,78,30,76,104,1,18,86,133,106,128,64,71" hai3="59,45,23,129,117,109,87,52,3,16,121,112,38"/><T10/><D120/><U111/><E123/><V0/><F128/><W105/><G112/><T56/><D46/><U32/><E132/><V24/><F133/><W36/><G117/><T57/><REACH who="0" step="1"/><D69/><REACH who="0" ten="240,250,250,250" step="2"/><U70/><E68/><V118/><F71/><W82/><G45/><T39/><D39/><U126/><E70/><V62/><F118/><W34/><G38/><T47/><D47/><U130/><E130/><V131/><F131/><W48/><G36/><T94/><D94/><U19/><E95/><V85/><F106/><W89/><G121/><T51/><D51/><U2/><E49/><V4/><F104/><W9/><G129/><T107/><D107/><U79/><E42/><V96/><F62/><W98/><G105/><T134/><D134/><U102/><E81/><V135/><F135/><W25/><G48/><T28/><D28/><U91/><E126/><V80/><F30/><W14/><G82/><T44/><D44/><U72/><E33/><V27/><F80/><W53/><G34/><T125/><D125/><U122/><E32/><V17/><F64/><W55/><G55/><T110/><D110/><U92/><E65/><V29/><F54/><W7/><G109/><T124/><D124/><U103/><E111/><V114/><F29/><W73/><G53/><T50/><D50/><U41/><E122/><V83/><F83/><W99/><G52/><T77/><D77/><U115/><E79/><V40/><F76/><W119/><G119/><T35/><D35/><U113/><E41/><V100/><F78/><W84/><G59/><T43/><D43/><U93/><E93/><RYUUKYOKU ba="0,1" sc="240,30,250,-10,250,-10,250,-10" hai0="5,10,12,20,22,56,57,58,60,61,63,74,75" /><INIT seed="0,1,1,4,4,4" ten="270,240,240,240" oya="0" hai0="127,23,65,70,118,3,47,93,62,37,97,66,60" hai1="2,83,90,30,71,29,107,82,43,10,130,98,115" hai2="11,41,21,126,73,91,35,61,5,88,75,34,22" hai3="114,7,15,16,26,94,113,59,101,17,123,131,85"/><T42/><D118/><U36/><E71/><V121/><F121/><W110/><G131/><T135/><D127/><U133/><E130/><V80/><F126/><W84/><G110/><T76/><D135/><U64/><E64/><V12/><F41/><W44/><G123/><T58/><D3/><U125/><E125/><V79/><F75/><W56/><G44/><T72/><D23/><U6/><E133/><V8/><F22/><W1/><G1/><T0/><D0/><U54/><E115/><V33/><F21/><W95/><G26/><T24/><D24/><U86/><E54/><V124/><F124/><W49/><G49/><T122/><D122/><U19/><E19/><V108/><F108/><W102/><G15/><T129/><D129/><U134/><E134/><V78/><F78/><W63/><G7/><T105/><D105/><U13/><E2/><V87/><F73/><W40/><G40/><T103/><D76/><U18/><E6/><V74/><F74/><W38/><REACH who="3" step="1"/><G63/><REACH who="3" ten="270,240,240,230" step="2"/><T81/><D62/><U55/><E43/><V39/><F61/><W132/><G132/><T112/><D60/><U77/><E36/><AGARI ba="1,2" hai="16,17,36,38,56,59,84,85,94,95,101,102,113,114" machi="36" ten="25,6400,0" yaku="1,1,22,2,54,1,53,0" doraHai="4" doraHaiUra="46" who="3" fromWho="1" sc="270,0,240,-67,240,0,230,87" /><INIT seed="1,0,0,2,1,61" ten="270,173,240,317" oya="1" hai0="123,27,7,46,99,40,112,42,12,97,64,116,38" hai1="98,131,1,82,121,73,33,125,83,26,72,134,11" hai2="5,81,107,132,85,88,23,34,60,54,52,43,22" hai3="8,32,74,71,95,130,113,80,30,110,84,106,21"/><U133/><E33/><V111/><F34/><W120/><G106/><T129/><D116/><U122/><E26/><V135/><F107/><W58/><G32/><T87/><D112/><U124/><E11/><V13/><F111/><W128/><G71/><T115/><D115/><U39/><E39/><V37/><F43/><W68/><G110/><T55/><D42/><U102/><E1/><V105/><F37/><W18/><G68/><T35/><D123/><U4/><E4/><V76/><F105/><W62/><G120/><T77/><D129/><U20/><E20/><N who="2" m="7723" /><F60/><W79/><G74/><N who="1" m="28778" /><E131/><V49/><F76/><W50/><G113/><T48/><D27/><U119/><E119/><V90/><F90/><W126/><G30/><T17/><D35/><U69/><E69/><V2/><F2/><W93/><G8/><T10/><D7/><U89/><E121/><V24/><F24/><W118/><G118/><T53/><D38/><U0/><E0/><V114/><F114/><W45/><G21/><T59/><D40/><U31/><E122/><V109/><F109/><W14/><G130/><T56/><D59/><U127/><E31/><V117/><F117/><W41/><G58/><T75/><D55/><N who="2" m="21034" /><F49/><W19/><G62/><T9/><D56/><U44/><E89/><V63/><F63/><W104/><G128/><T47/><D46/><U3/><E44/><V103/><F103/><W57/><G104/><T96/><D47/><U67/><E3/><V51/><F51/><W78/><G45/><T25/><D48/><U100/><E125/><V28/><F28/><W15/><G41/><RYUUKYOKU ba="0,0" sc="270,-10,173,-10,240,30,317,-10" hai2="5,13,81,85,88,132,135" /><INIT seed="2,1,0,1,5,37" ten="260,163,270,307" oya="2" hai0="87,38,2,131,49,102,113,76,23,28,68,65,132" hai1="119,88,118,3,127,100,66,44,78,130,112,9,50" hai2="0,96,48,63,90,109,39,129,103,55,123,42,27" hai3="25,81,105,29,21,106,75,36,83,71,89,133,53"/><V95/><F123/><W92/><G133/><T14/><D2/><U74/><E112/><V98/><F0/><W10/><G71/><T125/><D38/><U94/><E130/><V5/><F5/><W30/><G36/><T72/><D72/><U82/><E127/><V77/><F129/><W120/><G120/><T35/><D35/><U135/><E135/><V107/><F109/><W52/><G10/><T34/><D34/><U110/><E110/><V93/><F77/><W99/><G106/><T101/><D102/><U47/><E66/><V41/><F39/><W59/><G105/><T18/><D101/><U62/><E62/><V117/><F117/><W91/><G75/><T121/><D121/><U73/><E100/><V97/><F63/><N who="3" m="36327" /><G30/><T16/><D28/><U20/><E74/><V115/><F115/><W56/><G91/><T40/><D76/><U124/><E124/><V79/><F79/><W7/><G7/><T84/><D125/><U114/><E114/><V8/><F8/><W12/><G12/><T116/><D14/><U70/><E70/><V11/><F11/><W86/><G86/><T57/><D84/><N who="1" m="52487" /><E9/><V104/><F27/><W22/><G22/><T54/><D23/><U32/><E20/><V1/><F1/><W111/><G111/><T122/><D113/><U80/><E3/><V43/><REACH who="2" step="1"/><F97/><REACH who="2" ten="260,163,260,307" step="2"/><W51/><AGARI ba="1,1" hai="21,25,29,51,53,56,81,83,89,92,99" m="36327" machi="51" ten="30,2000,0" yaku="8,1,54,1" doraHai="37" who="3" fromWho="3" sc="260,-6,163,-6,260,-11,307,33" /><INIT seed="3,0,0,5,3,38" ten="254,157,249,340" oya="3" hai0="41,13,20,117,69,102,79,83,94,118,63,48,0" hai1="26,132,104,29,2,133,51,5,15,12,98,100,78" hai2="84,21,121,108,39,61,127,58,7,123,87,122,59" hai3="74,68,77,126,25,96,70,62,115,3,131,67,91"/><W24/><G115/><T128/><D0/><U60/><E78/><V1/><F39/><W111/><G131/><T35/><D35/><U93/><E2/><V120/><N who="2" m="30720" /><DORA hai="18" /><V30/><F108/><W92/><G3/><T34/><D34/><U106/><E60/><V76/><F127/><W23/><G126/><T11/><D128/><U130/><E130/><V112/><F112/><W90/><G70/><T10/><D69/><U33/><E51/><V17/><F30/><W109/><G25/><T82/><D63/><U36/><E36/><V80/><F1/><W47/><G47/><T54/><D94/><U105/><REACH who="1" step="1"/><E5/><REACH who="1" ten="254,147,249,340" step="2"/><V49/><F7/><W88/><G77/><T16/><D79/><U103/><E103/><V113/><F113/><W8/><G74/><T119/><D102/><U32/><E32/><V22/><F49/><W19/><G8/><T14/><D119/><U95/><E95/><V81/><F61/><W27/><G27/><T43/><D118/><U73/><E73/><V40/><F76/><W85/><G85/><T86/><D117/><U28/><E28/><V4/><F4/><W114/><REACH who="3" step="1"/><G114/><REACH who="3" ten="254,147,249,330" step="2"/><T56/><D11/><U46/><E46/><V97/><F87/><W50/><G50/><T53/><D86/><U6/><E6/><V64/><F84/><W9/><G9/><T42/><D83/><U45/><E45/><V55/><F81/><W66/><G66/><T134/><D82/><U72/><E72/><V75/><F80/><W125/><G125/><T31/><D48/><U129/><E129/><V116/><F75/><W52/><G52/><RYUUKYOKU ba="0,2" sc="254,-15,147,15,249,-15,330,15" hai1="12,15,26,29,33,93,98,100,104,105,106,132,133" hai3="19,23,24,62,67,68,88,90,91,92,96,109,111" /><INIT seed="3,1,2,1,0,56" ten="239,162,234,345" oya="3" hai0="127,48,60,77,99,26,133,17,78,54,87,86,130" hai1="106,126,55,12,16,59,10,102,116,75,14,38,111" hai2="112,101,39,93,2,51,119,4,44,66,97,104,89" hai3="105,88,15,40,70,121,5,90,41,23,134,123,108"/><W25/><G70/><T115/><D115/><U21/><E75/><V8/><F112/><W100/><G134/><T63/><D133/><U9/><E38/><V76/><F119/><W62/><G105/><T52/><D130/><U24/><E116/><V91/><F39/><W94/><G123/><T28/><D127/><U124/><E111/><V20/><F76/><N who="0" m="29290" /><D99/><U46/><E46/><V129/><F129/><W122/><G122/><T61/><D28/><U85/><E85/><N who="0" m="32265" /><D48/><U37/><E37/><V125/><F125/><N who="1" m="48233" /><E102/><V18/><F66/><W83/><G108/><T11/><D26/><U33/><E106/><V114/><F114/><W118/><G83/><T117/><D117/><U69/><E69/><V31/><F31/><W64/><G100/><T45/><D45/><U120/><E120/><V13/><REACH who="2" step="1"/><F104/><REACH who="2" ten="239,162,224,345" step="2"/><W107/><G118/><T1/><D1/><U103/><E33/><V47/><F47/><W65/><G107/><T79/><D79/><U72/><E72/><V135/><F135/><W22/><G121/><T67/><D67/><U3/><E3/><V29/><F29/><W42/><G65/><T80/><D80/><U50/><E103/><V43/><AGARI ba="1,3" hai="2,4,8,13,18,20,43,44,51,89,91,93,97,101" machi="43" ten="20,5200,0" yaku="1,1,0,1,7,1,53,1" doraHai="56" doraHaiUra="92" who="2" fromWho="2" sc="239,-14,162,-14,224,85,345,-27" /><INIT seed="4,0,0,1,2,114" ten="225,148,309,318" oya="0" hai0="123,46,109,26,65,126,108,35,93,89,63,68,3" hai1="95,13,127,122,55,110,74,80,20,69,19,98,17" hai2="48,133,125,36,28,25,83,92,100,56,33,78,96" hai3="132,64,38,32,12,21,16,76,27,116,119,73,91"/><T79/><D123/><U103/><E122/><V31/><F36/><W115/><G38/><T72/><D3/><U134/><E110/><N who="0" m="42601" /><D126/><U44/><E127/><V75/><F125/><W29/><G115/><T94/><D46/><U113/><E113/><V11/><F133/><W99/><G132/><T102/><D102/><U124/><E124/><V112/><F112/><W82/><G91/><T106/><D106/><U61/><E134/><V15/><F31/><W40/><G40/><T2/><D2/><U6/><E6/><V129/><F129/><W30/><G99/><T10/><D10/><U87/><E74/><V37/><F37/><W105/><G105/><T23/><D35/><U131/><E131/><V45/><F56/><W90/><G90/><T49/><D49/><U67/><E19/><V77/><F83/><W104/><G104/><T39/><D39/><U14/><E44/><V5/><REACH who="2" step="1"/><F75/><REACH who="2" ten="225,148,299,318" step="2"/><W101/><G82/><N who="0" m="45415" /><D89/><U22/><E80/><V52/><AGARI ba="0,1" hai="5,11,15,25,28,33,45,48,52,77,78,92,96,100" machi="52" ten="20,5200,0" yaku="1,1,0,1,7,1,54,1,53,0" doraHai="114" doraHaiUra="70" who="2" fromWho="2" sc="225,-26,148,-13,299,62,318,-13" /><INIT seed="5,0,0,3,5,4" ten="199,135,361,305" oya="1" hai0="20,45,113,122,2,59,87,5,29,131,14,23,54" hai1="79,26,66,124,61,40,74,9,95,69,134,49,65" hai2="30,85,96,24,0,64,114,93,25,3,97,115,132" hai3="100,92,15,1,63,112,50,44,6,126,133,120,98"/><U36/><E124/><V53/><F132/><W22/><G120/><T57/><D122/><U80/><E134/><V37/><F37/><W17/><G126/><T71/><D71/><U48/><E66/><V33/><F64/><W13/><G133/><T67/><D113/><N who="2" m="43018" /><F25/><W28/><G112/><T118/><D131/><U135/><E135/><V41/><F41/><W47/><G28/><T82/><D118/><U70/><E70/><V56/><F85/><W84/><G63/><T39/><D39/><U8/><E95/><V119/><F119/><W76/><G1/><N who="2" m="585" /><F93/><W110/><G110/><T62/><D2/><U27/><E36/><V101/><F101/><W31/><G31/><T86/><D86/><U35/><E35/><V43/><F43/><W125/><G125/><T83/><D83/><U21/><E27/><V12/><F12/><W77/><G84/><T107/><D107/><U46/><REACH who="1" step="1"/><E49/><AGARI ba="0,0" hai="24,30,33,49,53,56,96,97" m="585,43018" machi="49" ten="30,2000,0" yaku="15,1,11,1" doraHai="4" who="2" fromWho="1" sc="199,0,135,-20,361,20,305,0" /><INIT seed="6,0,0,0,0,60" ten="199,115,381,305" oya="2" hai0="78,21,65,123,96,67,55,104,32,93,95,112,33" hai1="0,122,37,17,42,128,70,111,52,44,94,16,97" hai2="101,63,83,6,85,72,39,29,91,54,114,57,110" hai3="58,24,31,108,107,66,84,69,125,12,106,36,34"/><V35/><F39/><W43/><G108/><T119/><D78/><U68/><E111/><V8/><F110/><W41/><G125/><T45/><D119/><U75/><E122/><V131/><F131/><W77/><G69/><T115/><D123/><U47/><E75/><V53/><F114/><W89/><G77/><T133/><D21/><U74/><E74/><V135/><F135/><W30/><G30/><T116/><D116/><U22/><E0/><V5/><F101/><W2/><G2/><T127/><D127/><U61/><E128/><V14/><F72/><W9/><G107/><T105/><D96/><U134/><E134/><V50/><F35/><W4/><G106/><T88/><D45/><U51/><E61/><V80/><F29/><W13/><G36/><T113/><D113/><U28/><E28/><V15/><F83/><W132/><G132/><T118/><D118/><U79/><E79/><V99/><F99/><W46/><G46/><T100/><D133/><U102/><REACH who="1" step="1"/><E17/><REACH who="1" ten="199,105,381,305" step="2"/><V76/><F76/><W103/><G31/><T90/><D115/><U117/><E117/><V10/><REACH who="2" step="1"/><F50/><REACH who="2" ten="199,105,371,305" step="2"/><W40/><G34/><T59/><D112/><U87/><E87/><V121/><F121/><W1/><G84/><T130/><D130/><U3/><E3/><V25/><F25/><AGARI ba="0,2" hai="16,22,25,37,42,44,47,51,52,68,70,94,97,102" machi="25" ten="30,8000,1" yaku="1,1,7,1,54,2,53,1" doraHai="60" doraHaiUra="92" who="1" fromWho="2" sc="199,0,105,100,371,-80,305,0" /><INIT seed="7,0,0,0,0,120" ten="199,205,291,305" oya="3" hai0="108,99,38,69,82,25,101,66,118,7,83,122,10" hai1="67,12,56,129,115,23,8,48,44,54,52,109,64" hai2="1,29,43,130,45,40,89,18,47,131,80,21,60" hai3="62,116,63,57,16,78,111,104,0,85,49,135,31"/><W46/><G116/><T106/><D118/><U73/><E109/><V9/><F29/><W14/><G135/><T121/><D38/><U100/><E73/><V5/><F60/><W123/><G111/><T30/><D108/><U26/><E100/><V72/><F47/><W81/><G123/><T110/><D110/><U58/><E115/><V95/><F80/><W75/><G104/><T76/><D122/><U11/><E129/><N who="2" m="49163" /><F72/><W50/><G0/><T3/><D76/><U34/><E34/><V84/><F45/><W70/><G75/><T126/><D121/><U51/><E44/><V98/><F98/><W17/><G31/><T61/><REACH who="0" step="1"/><D126/><REACH who="0" ten="189,205,291,305" step="2"/><U32/><E32/><AGARI ba="0,1" hai="3,7,10,25,30,32,61,66,69,82,83,99,101,106" machi="32" ten="30,12000,2" yaku="1,1,2,1,7,1,25,2,53,1" doraHai="120" doraHaiUra="94" who="0" fromWho="1" sc="189,130,205,-120,291,0,305,0" owari="319,41.0,85,-41.0,291,-11.0,305,11.0" /></mjloggm>