<mjloggm ver="2.3"><GO type="97" lobby="0"/><UN n0="%66%61%74%62%6F%79%73" n1="%54%41%4B%55%53%4F%4E" n2="%E5%80%B6%E6%9D%8E" n3="%E3%82%A6%E3%83%AB%E3%83%88%E3%83%A9%E7%AB%8B%E7%9B%B4" dan="14,13,14,16" rate="1921.39,1875.31,1908.82,1998.02" sx="M,M,M,M"/><TAIKYOKU oya="0"/><INIT seed="0,0,0,2,5,9" ten="250,250,250,250" oya="0" hai0="100,3,115,78,77,116,76,21,22,32,42,2,134" hai1="90,130,133,8,55,97,108,81,82,40,39,36,131" hai2="121,72,119,27,4,10,127,117,104,28,94,113,102" hai3="112,48,34,123,53,103,105,95,107,66,135,63,64"/><T18/><D32/><U35/><E108/><V44/><F113/><W45/><G34/><T125/><D115/><U68/><E68/><V6/><F121/><W101/><G112/><T70/><D70/><U50/><E133/><V49/><F127/><W67/><G135/><T79/><D134/><U31/><E40/><V20/><F72/><W69/><G123/><T58/><D125/><U29/><E35/><V128/><F104/><W25/><G95/><T98/><D116/><U106/><E8/><V84/><F128/><N who="1" m="49193" /><E106/><V30/><F30/><N who="1" m="11273" /><E97/><V124/><F124/><W38/><G38/><N who="1" m="14378" /><E90/><N who="2" m="53575" /><F102/><W80/><G107/><T5/><D42/><U46/><AGARI ba="0,0" hai="46,50,55,81,82" m="14378,11273,49193" machi="46" ten="40,1500,0" yaku="19,1" doraHai="9" who="1" fromWho="1" sc="250,-7,250,15,250,-4,250,-4" /><INIT seed="1,0,0,0,1,123" ten="243,265,246,246" oya="1" hai0="89,22,51,95,119,28,104,94,56,75,73,4,122" hai1="69,33,27,55,102,0,101,116,52,87,9,45,13" hai2="58,59,54,2,12,80,50,131,111,88,49,96,113" hai3="25,11,72,26,23,57,34,48,21,38,110,7,8"/><U31/><E116/><V17/><F2/><W81/><G48/><T63/><D119/><U127/><E0/><V61/><F131/><W47/><G57/><T18/><D122/><U107/><E127/><V90/><F111/><W78/><G11/><T99/><D4/><U129/><E129/><V24/><F113/><W46/><G110/><T74/><D104/><U39/><E69/><V35/><F35/><W66/><G66/><T53/><D28/><U20/><E107/><V100/><F24/><W1/><G47/><T105/><D105/><U98/><E87/><V85/><F90/><W106/><G106/><T60/><REACH who="0" step="1"/><D95/><REACH who="0" ten="233,265,246,246" step="2"/><U115/><E115/><V42/><F42/><W29/><REACH who="3" step="1"/><G26/><AGARI ba="0,1" hai="18,22,26,51,53,56,60,63,73,74,75,89,94,99" machi="26" ten="40,2600,0" yaku="1,1,2,1,53,0" doraHai="123" doraHaiUra="117" who="0" fromWho="3" sc="233,36,265,0,246,0,246,-26" /><INIT seed="2,0,0,3,4,40" ten="269,265,246,220" oya="2" hai0="62,67,87,28,23,117,119,99,61,103,75,0,68" hai1="93,3,11,51,104,22,57,50,88,129,133,60,30" hai2="52,132,105,89,98,107,116,90,102,48,127,47,76" hai3="71,49,78,45,15,70,35,126,64,124,17,121,18"/><V8/><F116/><W41/><G35/><T118/><D75/><U112/><E112/><V77/><F127/><N who="3" m="48683" /><G121/><T135/><D0/><U110/><E110/><V109/><F107/><W66/><G78/><T33/><D135/><U14/><E133/><V120/><F120/><W24/><G24/><N who="0" m="18567" /><D23/><U43/><E104/><V44/><F132/><W122/><G18/><T56/><D87/><U97/><E129/><V16/><F109/><W29/><G29/><T72/><D72/><U53/><E3/><V27/><F47/><N who="3" m="25839" /><G122/><T86/><D86/><U12/><E43/><V81/><F77/><W5/><G5/><T92/><D62/><U59/><E11/><V19/><F19/><W85/><G85/><T130/><D130/><U83/><E83/><V108/><F108/><W65/><G15/><N who="1" m="5674" /><E59/><AGARI ba="0,0" hai="56,59,61,67,68,92,99,103,117,118,119" m="18567" machi="59" ten="30,1000,0" yaku="12,1" doraHai="40" who="0" fromWho="1" sc="269,10,265,-10,246,0,220,0" /><INIT seed="3,0,0,0,3,21" ten="279,255,246,220" oya="3" hai0="13,133,105,88,54,121,28,77,99,123,110,106,72" hai1="125,10,26,52,3,87,131,57,59,15,66,118,18" hai2="89,93,86,42,30,76,109,114,1,74,32,104,17" hai3="61,5,65,98,124,19,63,6,9,78,113,11,4"/><W130/><G113/><T79/><D133/><U127/><E131/><V67/><F1/><W55/><G130/><T24/><D72/><U56/><E118/><V33/><F104/><W29/><G124/><N who="1" m="47690" /><E3/><V112/><F67/><W50/><G29/><T94/><D106/><U119/><E119/><V27/><F109/><W40/><G40/><T16/><D110/><U31/><E66/><V47/><F33/><W92/><G78/><T73/><D105/><U83/><E31/><V64/><F64/><W0/><G0/><T103/><D103/><U62/><E87/><V107/><F107/><W100/><G19/><T96/><D96/><U48/><E83/><V97/><F74/><W101/><G101/><T117/><D117/><U2/><E2/><V135/><F135/><W60/><REACH who="3" step="1"/><G65/><REACH who="3" ten="279,255,246,210" step="2"/><T85/><D77/><U134/><E134/><V25/><F76/><W51/><G51/><T14/><D79/><U41/><E26/><V115/><F115/><W39/><G39/><T69/><D24/><U90/><E90/><V84/><F114/><W35/><G35/><T111/><D88/><U37/><E37/><V23/><REACH who="2" step="1"/><F112/><REACH who="2" ten="279,255,236,210" step="2"/><W53/><G53/><T116/><D54/><U122/><E122/><V91/><F91/><W45/><AGARI ba="0,2" hai="4,5,6,9,11,45,50,55,60,61,63,92,98,100" machi="45" ten="30,6000,0" yaku="1,1,0,1,8,1,53,0" doraHai="21" doraHaiUra="80" who="3" fromWho="3" sc="279,-20,255,-20,236,-20,210,80" /><INIT seed="3,1,0,3,5,46" ten="259,235,216,290" oya="3" hai0="70,122,8,115,132,73,36,59,66,129,135,26,71" hai1="74,16,64,37,3,101,50,76,117,103,127,17,29" hai2="11,52,111,99,49,113,31,41,18,23,43,65,72" hai3="27,1,22,42,5,112,62,88,82,84,2,25,130"/><W121/><G121/><T55/><D122/><U40/><E37/><V13/><F72/><W106/><G106/><T20/><D73/><U39/><E39/><V7/><F111/><W94/><G112/><T86/><D36/><U91/><E127/><V107/><F65/><W118/><G118/><T123/><D123/><U12/><E3/><V15/><F113/><W33/><G42/><T60/><D115/><U79/><E117/><V4/><F4/><W45/><G5/><T110/><D110/><U53/><E64/><V125/><F125/><W68/><G45/><T134/><D8/><U10/><E29/><V63/><F63/><W78/><G130/><T34/><D129/><U93/><E74/><V109/><F109/><W98/><G68/><N who="0" m="26155" /><D34/><U51/><E40/><V128/><F128/><W89/><G33/><T54/><D86/><N who="1" m="52471" /><E17/><AGARI ba="1,0" hai="17,20,26,54,55,59,60,66,132,134,135" m="26155" machi="17" ten="40,1300,0" yaku="20,1" doraHai="46" who="0" fromWho="1" sc="259,16,235,-16,216,0,290,0" /><INIT seed="4,0,0,5,1,87" ten="275,219,216,290" oya="0" hai0="111,119,117,44,100,13,70,5,27,112,85,89,15" hai1="61,52,12,86,102,104,33,123,65,122,35,127,93" hai2="106,68,92,8,69,109,105,57,7,40,83,0,94" hai3="72,56,128,132,113,37,101,77,10,118,26,82,2"/><T54/><D112/><U30/><E127/><V20/><F109/><W47/><G118/><T96/><D111/><U76/><E12/><V25/><F83/><W59/><G113/><T73/><D73/><U75/><E30/><V107/><F40/><N who="3" m="22927" /><G128/><T120/><D120/><U78/><E78/><V18/><REACH who="2" step="1"/><F57/><REACH who="2" ten="275,219,206,290" step="2"/><W74/><G74/><T50/><D119/><U29/><E123/><V79/><F79/><W38/><G38/><T71/><D117/><U19/><E122/><V36/><F36/><W95/><G132/><T67/><D67/><U1/><E76/><V124/><F124/><W110/><G59/><T17/><D71/><AGARI ba="0,1" hai="0,7,8,18,20,25,68,69,71,92,94,105,106,107" machi="71" ten="50,1600,0" yaku="1,1,53,0" doraHai="87" doraHaiUra="48" who="2" fromWho="0" sc="275,-16,219,0,206,26,290,0" /><INIT seed="5,0,0,0,2,93" ten="259,219,232,290" oya="1" hai0="114,100,43,121,50,1,3,73,27,105,26,101,32" hai1="51,99,135,12,21,42,97,24,20,58,15,63,85" hai2="33,37,46,91,112,48,2,29,74,6,9,134,4" hai3="80,61,131,127,125,41,132,120,31,47,128,56,57"/><U0/><E0/><V36/><F134/><W52/><G120/><T72/><D43/><U89/><E135/><V44/><F74/><N who="0" m="28778" /><D50/><U87/><E42/><V25/><F6/><W88/><G132/><T34/><D121/><U103/><E51/><V54/><F112/><W53/><G31/><T60/><D60/><U17/><E103/><N who="0" m="39497" /><D114/><U30/><E12/><V22/><F91/><W79/><G88/><T14/><D14/><U78/><E78/><V77/><F77/><W13/><G80/><T40/><D40/><U38/><E38/><V66/><F66/><W35/><G79/><T28/><D28/><U64/><E87/><V96/><F96/><W8/><G35/><N who="0" m="13355" /><D105/><U67/><E67/><V104/><F104/><W111/><G13/><T19/><D19/><U115/><E115/><V7/><F7/><W94/><G94/><AGARI ba="0,0" hai="15,17,20,21,24,30,58,63,64,85,89,94,97,99" machi="94" ten="30,11600,0" yaku="7,1,8,1,52,2" doraHai="93" who="1" fromWho="3" sc="259,0,219,116,232,0,290,-116" owari="259,6.0,335,44.0,232,-17.0,174,-33.0" /></mjloggm>