<mjloggm ver="2.3"><GO type="225" lobby="0"/><UN n0="%53%4C%42%EF%BC%A0" n1="%E3%82%A6%E3%83%AB%E3%83%88%E3%83%A9%E7%AB%8B%E7%9B%B4" n2="%E6%94%AF%E5%80%89%E6%9B%9C%E5%AD%90" n3="%E8%97%8D%E5%B7%9D%E7%B5%86" dan="16,16,17,17" rate="2123.08,2022.00,2145.18,2112.99" sx="F,M,F,F"/><TAIKYOKU oya="0"/><INIT seed="0,0,0,0,0,9" ten="250,250,250,250" oya="0" hai0="28,109,87,53,41,49,91,64,47,73,110,130,114" hai1="83,19,51,5,86,2,68,20,77,1,27,52,76" hai2="26,117,72,15,129,78,6,10,92,135,8,118,44" hai3="55,45,93,22,32,18,48,97,57,50,25,11,128"/><T133/><D114/><U82/><E68/><V29/><F129/><W40/><G128/><T112/><D130/><U102/><E102/><V3/><F92/><W56/><G32/><T21/><D112/><U89/><E5/><N who="2" m="1087" /><F44/><N who="3" m="25607" /><G11/><T31/><D73/><U69/><E69/><V80/><F135/><W98/><G98/><T116/><D133/><U100/><E100/><AGARI ba="0,0" hai="18,22,25,45,50,55,56,57,93,97,100" m="25607" machi="100" ten="30,1000,0" yaku="8,1" doraHai="9" who="3" fromWho="1" sc="250,0,250,-10,250,0,250,10" /><INIT seed="1,0,0,0,1,71" ten="250,240,250,260" oya="1" hai0="101,115,40,59,96,102,69,127,135,73,58,94,107" hai1="121,27,61,129,65,114,72,13,78,109,106,85,45" hai2="49,100,55,119,38,89,8,104,126,37,29,110,25" hai3="88,66,124,134,76,22,10,132,123,80,2,7,67"/><U130/><E106/><V98/><F119/><W112/><G123/><T108/><D115/><U64/><E121/><V56/><F126/><W36/><G112/><T15/><D69/><U46/><E72/><V86/><F8/><W28/><G124/><T99/><D127/><U79/><E13/><V47/><F47/><N who="1" m="17929" /><E114/><V54/><F54/><W32/><G32/><T87/><D73/><U4/><E4/><V117/><F110/><W74/><G36/><T0/><D0/><U23/><E109/><V20/><REACH who="2" step="1"/><F117/><REACH who="2" ten="250,240,240,260" step="2"/><W92/><G67/><T133/><D108/><U111/><E111/><V1/><F1/><W118/><G66/><T84/><D135/><U3/><E3/><V48/><F48/><W62/><G118/><T44/><D133/><U103/><E65/><V95/><AGARI ba="0,1" hai="20,25,29,37,38,49,55,56,86,89,95,98,100,104" machi="95" ten="20,8000,1" yaku="1,1,0,1,7,1,52,2,53,0" doraHai="71" doraHaiUra="63" who="2" fromWho="2" sc="250,-20,240,-40,240,90,260,-20" /><INIT seed="2,0,0,0,3,43" ten="230,200,330,240" oya="2" hai0="33,86,44,101,46,108,59,12,88,25,26,15,95" hai1="8,49,100,45,77,63,5,14,55,22,122,75,68" hai2="48,21,125,97,83,76,56,42,7,92,24,87,74" hai3="13,117,28,67,17,94,119,16,124,103,118,85,53"/><V65/><F7/><W29/><G124/><T121/><D121/><U51/><E122/><V0/><F0/><W93/><G67/><T109/><D101/><U72/><E100/><N who="2" m="60455" /><F74/><W35/><G17/><T34/><D59/><U102/><E102/><V114/><F114/><W40/><G40/><T107/><D107/><U71/><E77/><V106/><F106/><W98/><G35/><T104/><D104/><U127/><E127/><V105/><F105/><W70/><G70/><T82/><D95/><U80/><E80/><V27/><F125/><W50/><G85/><T60/><D60/><U120/><E120/><V73/><F73/><W61/><G61/><T130/><D130/><U66/><E68/><V126/><F126/><W23/><REACH who="3" step="1"/><G94/><REACH who="3" ten="230,200,330,230" step="2"/><T3/><D86/><U2/><E75/><V116/><F116/><W110/><G110/><T39/><D82/><U36/><E72/><V129/><F129/><W1/><G1/><T84/><D84/><U9/><E2/><V19/><F42/><W131/><G131/><T115/><D3/><U123/><E123/><V113/><F65/><W32/><G32/><T58/><D115/><U64/><E64/><V96/><F113/><W79/><G79/><T41/><D41/><U78/><E78/><V52/><F96/><W30/><G30/><T57/><D39/><U20/><E36/><V112/><F112/><W54/><G54/><T18/><D18/><N who="1" m="8527" /><E51/><V91/><F76/><W111/><G111/><T99/><D99/><U47/><E49/><V90/><F48/><W4/><G4/><T6/><D6/><U132/><E5/><RYUUKYOKU ba="0,1" sc="230,15,200,-15,330,-15,230,15" hai0="12,15,25,26,33,34,44,46,57,58,88,108,109" hai3="13,16,23,28,29,50,53,93,98,103,117,118,119" /><INIT seed="3,1,1,4,4,134" ten="245,185,315,245" oya="3" hai0="25,73,37,47,18,24,107,32,110,62,29,106,87" hai1="38,117,135,19,67,78,8,66,13,119,48,15,72" hai2="64,42,26,21,122,71,118,128,56,0,51,31,108" hai3="109,1,77,81,35,59,104,103,20,69,70,43,114"/><W100/><G114/><T85/><D73/><U116/><E38/><V60/><F118/><W126/><G35/><T12/><D25/><U82/><E135/><V63/><F0/><W99/><G1/><T10/><D110/><U3/><E3/><V52/><F108/><W39/><G109/><T105/><REACH who="0" step="1"/><D62/><REACH who="0" ten="235,185,315,245" step="2"/><U89/><E48/><N who="2" m="30727" /><F26/><W30/><G39/><T16/><D16/><U111/><E111/><V11/><F60/><W41/><G30/><T46/><D46/><U131/><E131/><V17/><F63/><W84/><G70/><T121/><D121/><U130/><E130/><V115/><F17/><W88/><G69/><T94/><D94/><U40/><E40/><AGARI ba="1,2" hai="10,12,18,24,29,32,37,40,47,85,87,105,106,107" machi="40" ten="40,1300,0" yaku="1,1,53,0" doraHai="134" doraHaiUra="95" who="0" fromWho="1" sc="235,36,185,-16,315,0,245,0" owari="271,7.0,169,-33.0,315,41.0,245,-15.0" /></mjloggm>