<mjloggm ver="2.3"><GO type="225" lobby="0"/><UN n0="%E3%82%A6%E3%83%AB%E3%83%88%E3%83%A9%E7%AB%8B%E7%9B%B4" n1="%EF%BC%AE%EF%BD%99%EF%BD%8F%EF%BD%95%EF%BD%99%EF%BD%81" n2="%E8%B6%85%E7%8D%A3%EF%BC%A7%EF%BC%A9%EF%BC%A7%EF%BC%A1" n3="%6D%61%62%6F%6F%6F" dan="16,16,16,16" rate="2049.97,2095.53,2064.14,2151.84" sx="M,M,M,M"/><TAIKYOKU oya="0"/><INIT seed="0,0,0,4,5,133" ten="250,250,250,250" oya="0" hai0="68,21,83,31,42,15,128,28,45,38,104,102,110" hai1="95,16,35,121,101,103,129,131,49,54,11,107,93" hai2="78,9,123,108,70,72,65,84,132,99,29,39,8" hai3="117,105,40,127,66,47,115,2,12,124,1,116,113"/><T112/><D68/><U126/><E35/><V43/><F123/><W46/><G12/><T81/><D128/><N who="1" m="49227" /><E121/><V91/><F72/><W56/><G66/><T63/><D102/><N who="1" m="38923" /><E126/><N who="3" m="48170" /><G56/><T71/><D104/><U119/><E107/><V94/><F9/><W88/><G88/><T89/><D89/><U76/><E76/><V114/><F8/><W14/><G14/><T33/><D15/><N who="1" m="7295" /><E119/><N who="3" m="45642" /><G105/><T74/><D71/><U73/><E73/><V64/><F70/><W52/><G52/><T97/><D74/><U37/><E37/><V7/><F39/><N who="3" m="21791" /><G47/><AGARI ba="0,0" hai="47,49,54,93,95" m="7295,38923,49227" machi="47" ten="30,2000,0" yaku="19,1,54,1" doraHai="133" who="1" fromWho="3" sc="250,0,250,20,250,0,250,-20" /><INIT seed="1,0,0,1,1,6" ten="250,270,250,230" oya="1" hai0="94,119,39,93,48,85,31,98,132,13,22,44,126" hai1="37,84,16,4,67,81,7,30,89,118,95,109,104" hai2="60,83,41,108,2,33,105,88,64,54,20,76,106" hai3="112,71,38,29,25,121,53,65,69,35,110,14,79"/><U62/><E37/><V28/><F33/><W96/><G121/><T86/><D39/><U12/><E104/><V102/><F41/><W61/><G112/><T63/><D119/><U90/><E118/><V92/><F2/><W19/><G110/><T56/><D126/><U59/><E30/><V133/><F108/><W21/><G38/><T57/><D94/><U3/><E3/><V49/><F133/><W51/><G79/><T103/><D132/><U70/><E70/><V113/><F102/><W55/><G71/><T114/><D57/><U80/><E80/><V46/><F113/><W23/><G55/><T9/><D114/><U5/><E109/><V66/><F106/><W10/><REACH who="3" step="1"/><G96/><REACH who="3" ten="250,270,250,220" step="2"/><T125/><D125/><U8/><E4/><V47/><F76/><W135/><G135/><T122/><D122/><U42/><E42/><V128/><F66/><W130/><G130/><T74/><D74/><U99/><AGARI ba="0,1" hai="5,7,8,12,16,59,62,67,81,84,89,90,95,99" machi="99" ten="20,12000,1" yaku="0,1,7,1,8,1,52,1,54,1" doraHai="6" who="1" fromWho="1" sc="250,-40,270,130,250,-40,220,-40" /><INIT seed="1,1,0,1,4,46" ten="210,400,210,180" oya="1" hai0="15,17,14,40,123,37,13,12,59,41,88,24,36" hai1="47,49,118,60,93,25,70,21,124,10,4,7,114" hai2="100,129,11,127,26,27,130,84,35,126,6,128,85" hai3="75,42,125,122,103,0,69,109,67,133,43,106,81"/><U73/><E73/><V19/><F100/><W64/><G122/><T33/><D123/><U38/><E38/><V5/><F35/><W34/><G34/><T16/><D33/><U52/><E118/><V65/><F65/><W32/><G32/><T105/><D105/><U102/><E124/><N who="2" m="47659" /><F19/><W74/><G125/><T68/><D68/><U95/><E114/><V90/><F90/><W111/><G0/><T98/><D37/><U61/><E70/><V9/><F85/><W115/><G69/><T120/><D36/><U57/><E7/><N who="2" m="2571" /><F84/><W54/><G115/><T121/><D121/><U66/><E60/><V56/><F56/><W80/><G103/><T20/><D59/><U51/><E102/><V58/><F58/><W82/><G54/><T77/><D77/><U23/><E23/><V44/><F44/><W132/><REACH who="3" step="1"/><G81/><REACH who="3" ten="210,400,210,170" step="2"/><T104/><D120/><U48/><E95/><V112/><F112/><W78/><G78/><T31/><D104/><AGARI ba="1,1" hai="42,43,64,67,74,75,80,82,104,106,109,111,132,133" machi="104" ten="25,3200,0" yaku="1,1,22,2,53,0" doraHai="46" doraHaiUra="117" who="3" fromWho="0" sc="210,-35,400,0,210,0,170,45" /><INIT seed="2,0,0,3,2,19" ten="175,400,210,215" oya="2" hai0="16,50,134,42,72,14,44,100,115,108,65,97,39" hai1="116,106,18,80,10,12,119,130,67,48,78,113,59" hai2="4,31,13,6,96,133,28,77,46,25,94,23,66" hai3="126,102,29,63,32,90,37,81,87,15,1,45,95"/><V76/><F133/><W128/><G1/><T131/><D72/><U68/><E113/><V49/><F31/><W33/><G128/><T70/><D115/><U24/><E130/><V41/><F66/><W7/><G126/><T71/><D131/><U120/><E106/><V98/><F98/><W83/><G83/><T85/><D108/><U43/><E120/><V26/><F26/><W34/><G63/><T20/><D134/><U105/><E105/><V109/><F109/><W27/><G7/><N who="2" m="2601" /><F13/><W56/><G15/><T58/><D85/><U54/><E43/><V88/><AGARI ba="0,0" hai="23,25,28,41,46,49,76,77,88,94,96" m="2601" machi="88" ten="30,6000,0" yaku="8,1,52,1,54,1" doraHai="19" who="2" fromWho="2" sc="175,-20,400,-20,210,60,215,-20" /><INIT seed="2,1,0,1,5,45" ten="155,380,270,195" oya="2" hai0="110,116,39,27,8,6,37,134,63,35,81,54,90" hai1="32,128,67,119,82,71,85,5,79,97,30,98,52" hai2="108,12,104,66,68,24,36,74,21,26,46,42,131" hai3="69,88,112,15,7,115,107,117,122,64,56,102,40"/><V23/><F74/><W70/><G117/><T92/><D116/><U123/><E119/><V75/><F75/><W57/><G122/><T16/><D110/><U73/><E5/><V44/><F104/><W55/><G107/><T109/><D81/><U113/><E113/><N who="3" m="43594" /><G102/><T31/><D134/><U103/><E128/><V133/><F131/><W60/><G40/><T120/><D120/><U28/><E98/><V76/><F76/><W1/><G1/><T105/><D105/><U43/><E43/><V61/><F133/><W91/><G7/><T127/><D127/><U93/><E32/><V49/><F108/><W3/><G15/><T13/><D109/><U125/><E125/><V95/><F12/><W4/><G4/><T62/><D6/><U84/><E123/><V53/><REACH who="2" step="1"/><F95/><REACH who="2" ten="155,380,260,195" step="2"/><W100/><G3/><T18/><D13/><U22/><E73/><V94/><F94/><W20/><G100/><T48/><D92/><U129/><E129/><V96/><F96/><W41/><G41/><T59/><D90/><N who="3" m="34345" /><G20/><AGARI ba="1,1" hai="20,21,23,24,26,36,42,44,46,49,53,61,66,68" machi="20" ten="40,3900,0" yaku="1,1,52,1,53,0" doraHai="45" doraHaiUra="0" who="2" fromWho="3" sc="155,0,380,0,260,52,195,-42" /><INIT seed="2,2,0,3,1,91" ten="155,380,312,153" oya="2" hai0="73,20,8,33,90,46,40,129,109,123,22,124,1" hai1="6,107,29,134,133,112,5,25,35,93,56,102,119" hai2="52,84,23,118,80,126,12,55,4,117,42,10,127" hai3="97,2,120,130,49,19,104,103,132,67,77,21,27"/><V69/><F69/><W17/><G120/><T62/><D33/><U92/><E119/><V116/><F42/><W36/><G36/><T60/><D123/><U98/><E56/><V61/><F23/><W88/><G2/><T3/><D46/><U131/><E131/><V105/><F105/><W135/><G130/><T43/><D90/><U16/><E16/><N who="3" m="6218" /><G77/><T89/><D89/><U86/><E86/><V34/><F34/><W96/><G67/><T63/><D73/><U115/><E6/><V39/><F39/><W82/><G49/><T14/><D129/><U45/><E5/><V68/><F68/><W47/><G47/><T48/><D48/><U18/><E18/><V7/><F7/><W51/><G51/><T70/><D70/><U100/><E45/><V71/><F55/><W83/><G27/><T50/><D50/><U75/><E75/><V128/><F128/><W13/><G13/><T114/><D14/><U58/><E58/><V41/><F41/><W110/><G21/><T76/><D76/><U121/><E121/><V74/><F74/><W31/><G31/><T81/><D62/><U64/><E64/><V37/><F37/><W108/><G82/><T87/><D81/><U94/><REACH who="1" step="1"/><E100/><REACH who="1" ten="155,370,312,153" step="2"/><V72/><F72/><W101/><G101/><T111/><D8/><U53/><E53/><V125/><F71/><W32/><G32/><T113/><D87/><U30/><E30/><V28/><F28/><W57/><G57/><T0/><D0/><U95/><N who="1" m="23552" /><DORA hai="85" /><U54/><E54/><V24/><F52/><W66/><G66/><T79/><D79/><RYUUKYOKU ba="2,1" sc="155,15,370,15,312,-15,153,-15" hai0="1,3,20,22,40,43,60,63,109,111,113,114,124" hai1="25,29,35,98,102,107,112,115,133,134" /><INIT seed="3,3,1,0,2,125" ten="170,385,297,138" oya="3" hai0="67,72,71,89,7,48,57,127,102,9,128,77,103" hai1="38,34,47,32,112,13,108,10,101,63,62,113,3" hai2="91,100,12,27,79,95,120,74,29,24,1,99,18" hai3="75,82,28,97,2,134,8,49,92,86,76,54,42"/><W122/><G122/><T130/><D77/><U50/><E38/><V14/><F1/><W60/><G28/><T35/><D72/><U129/><E3/><V114/><F114/><W96/><G134/><T43/><D35/><U31/><E108/><V109/><F109/><W4/><G42/><T26/><D26/><U105/><E62/><V90/><F120/><W118/><G118/><T5/><D71/><U44/><E44/><V131/><F131/><N who="0" m="50218" /><D127/><U58/><E31/><V41/><F41/><W66/><G75/><T93/><D67/><U17/><E129/><V40/><F40/><W46/><REACH who="3" step="1"/><G92/><REACH who="3" ten="170,385,297,128" step="2"/><T69/><D69/><AGARI ba="3,2" hai="2,4,8,46,49,54,60,66,69,76,82,86,96,97" machi="69" ten="30,5800,0" yaku="1,1,2,1,7,1,53,0" doraHai="125" doraHaiUra="132" who="3" fromWho="0" sc="170,-67,385,0,297,0,128,87" /><INIT seed="3,4,0,2,5,37" ten="103,385,297,215" oya="3" hai0="3,78,101,57,84,114,112,50,2,47,106,133,11" hai1="118,108,104,32,97,94,126,99,134,1,51,15,92" hai2="59,120,73,76,125,14,58,36,40,103,43,116,123" hai3="110,39,100,91,64,38,124,4,5,12,24,17,119"/><W55/><G119/><T130/><D101/><U72/><E1/><V135/><F36/><W105/><G124/><T26/><D106/><U20/><E32/><V85/><F73/><W46/><G64/><T27/><D84/><U68/><E68/><V9/><F116/><W8/><G110/><T19/><D78/><U10/><E72/><V102/><F135/><W66/><G66/><T107/><D57/><N who="2" m="21514" /><F125/><W42/><G105/><T87/><D87/><U56/><E104/><V132/><F132/><W82/><G100/><N who="2" m="38441" /><F123/><W122/><G122/><T61/><D61/><U54/><E108/><V109/><F109/><W7/><G82/><T80/><D80/><U34/><E34/><V44/><F44/><W74/><G74/><T69/><D107/><U90/><E118/><V60/><F60/><W113/><G113/><T81/><D81/><U83/><E83/><N who="2" m="47335" /><F120/><W62/><G91/><T127/><D69/><U95/><E99/><V128/><F128/><W86/><G86/><T33/><D47/><U16/><E126/><V52/><F52/><W96/><G96/><T45/><D45/><U65/><E65/><V22/><F22/><N who="3" m="13391" /><G62/><T79/><D127/><U0/><E134/><V98/><F98/><W75/><G75/><T115/><D133/><U49/><E0/><V48/><F48/><N who="1" m="18505" /><E10/><V121/><F121/><W31/><G31/><T18/><D50/><AGARI ba="4,0" hai="15,16,20,50,54,56,90,92,94,95,97" m="18505" machi="50" ten="30,2000,0" yaku="8,1,54,1" doraHai="37" who="1" fromWho="0" sc="103,-32,385,32,297,0,215,0" owari="71,-43.0,417,51.0,297,10.0,215,-18.0" /></mjloggm>