<mjloggm ver="2.3"><GO type="97" lobby="0"/><UN n0="%E4%BF%BA%E3%81%AF%E5%BE%85%E3%81%A3%E3%81%A6%E3%82%8B%E3%81%9C" n1="%E3%83%92%E3%82%B7%E3%83%A3%E3%83%BC%E3%83%A0" n2="%61%61%33%31%39%33" n3="%E3%82%A6%E3%83%AB%E3%83%88%E3%83%A9%E7%AB%8B%E7%9B%B4" dan="15,15,15,15" rate="2003.01,1996.29,2021.15,1977.20" sx="F,M,M,M"/><TAIKYOKU oya="0"/><INIT seed="0,0,0,5,1,58" ten="250,250,250,250" oya="0" hai0="66,84,129,22,11,55,0,131,19,98,7,70,108" hai1="28,110,133,116,5,97,20,73,112,8,31,43,44" hai2="4,120,89,135,78,63,64,134,46,121,26,76,18" hai3="117,14,95,49,91,39,59,52,41,99,113,128,77"/><T29/><D98/><U67/><E116/><V69/><F4/><W32/><G32/><T80/><D29/><U3/><E112/><V127/><F89/><W81/><G117/><T71/><D55/><U54/><E133/><N who="2" m="50699" /><F127/><W82/><G128/><N who="0" m="49227" /><D108/><U9/><E110/><V53/><F18/><W68/><G113/><T130/><N who="0" m="49235" /><T122/><DORA hai="24" /><D122/><N who="2" m="47210" /><F26/><W17/><G68/><T50/><D50/><AGARI ba="0,0" hai="46,50,53,63,64,69,76,78" m="47210,50699" machi="50" ten="30,2000,0" yaku="20,1,52,1" doraHai="58,24" who="2" fromWho="0" sc="250,-20,250,0,250,20,250,0" /><INIT seed="1,0,0,0,5,117" ten="230,250,270,250" oya="1" hai0="2,3,80,114,24,36,88,11,109,47,77,118,10" hai1="108,119,95,122,6,25,56,84,124,112,59,28,67" hai2="133,23,5,99,64,123,86,79,105,54,130,57,68" hai3="92,125,65,98,94,72,43,45,4,126,61,31,70"/><U74/><E112/><V89/><F123/><W7/><G31/><T50/><D114/><U34/><E119/><V15/><F133/><W129/><G72/><T106/><D106/><U1/><E74/><V128/><F64/><W22/><G22/><T32/><D118/><U58/><E124/><N who="3" m="47722" /><G129/><N who="2" m="49769" /><F68/><W46/><G94/><T134/><D134/><U132/><E132/><V53/><F57/><W85/><G85/><T91/><D36/><U17/><E108/><V38/><F38/><N who="3" m="21751" /><G46/><T60/><D109/><U110/><E110/><V87/><F105/><W93/><G93/><T103/><D103/><AGARI ba="0,0" hai="4,7,61,65,70,92,98,103" m="21751,47722" machi="103" ten="30,1000,0" yaku="18,1" doraHai="117" who="3" fromWho="0" sc="230,-10,250,0,270,0,250,10" /><INIT seed="2,0,0,5,5,11" ten="220,250,270,260" oya="2" hai0="2,130,40,13,53,107,114,119,85,62,129,17,79" hai1="0,81,18,74,7,109,24,89,84,52,125,104,88" hai2="8,3,6,112,70,35,127,23,51,47,94,22,59" hai3="56,99,38,54,102,19,50,32,68,48,108,117,77"/><V135/><F70/><W91/><G38/><T92/><D107/><U113/><E113/><V98/><F112/><W131/><G68/><T46/><D114/><U25/><E74/><V5/><F35/><W93/><G117/><T27/><D2/><U115/><E115/><V12/><F135/><W122/><G131/><N who="0" m="50187" /><D27/><U75/><E104/><V39/><F127/><W30/><G108/><T72/><D72/><U95/><E75/><V58/><F39/><W80/><G30/><T83/><D92/><U9/><E125/><V101/><F5/><W43/><G32/><T21/><D119/><U66/><E66/><V118/><F118/><W116/><G122/><T15/><D62/><U106/><E106/><V96/><F96/><W60/><G116/><T45/><D53/><U120/><E120/><V128/><F128/><W31/><G31/><T29/><D29/><U64/><E64/><V126/><F3/><W57/><G102/><T37/><D46/><U65/><E65/><V82/><F82/><W16/><G43/><T61/><D61/><U1/><E109/><V105/><F105/><W36/><G36/><T33/><D33/><U49/><E18/><N who="3" m="6698" /><G56/><N who="2" m="21545" /><F126/><W103/><G103/><T124/><D124/><U78/><E1/><V121/><F121/><W26/><G26/><T28/><D28/><U10/><E10/><V4/><F4/><W20/><G20/><T90/><D79/><U87/><E78/><V76/><F76/><W67/><G67/><T41/><D40/><AGARI ba="0,0" hai="6,8,12,22,23,40,47,51,94,98,101" m="21545" machi="40" ten="30,2900,0" yaku="8,1,52,1" doraHai="11" who="2" fromWho="0" sc="220,-29,250,0,270,29,260,0" /><INIT seed="2,1,0,0,2,78" ten="191,250,299,260" oya="2" hai0="75,51,22,69,65,118,124,117,1,108,123,79,109" hai1="19,131,120,134,130,121,63,76,122,73,87,133,42" hai2="21,17,57,115,92,31,71,90,110,5,126,15,34" hai3="49,99,26,47,88,105,94,59,93,23,38,48,36"/><V106/><F115/><W40/><G105/><T54/><D1/><U80/><E42/><V10/><F106/><W77/><G77/><T85/><D75/><U84/><E19/><V20/><F71/><W81/><G81/><N who="0" m="47295" /><D123/><U11/><E11/><V128/><F90/><W67/><G94/><T25/><D65/><U27/><E27/><N who="2" m="18815" /><F57/><W116/><G116/><N who="0" m="44651" /><D69/><U7/><E7/><N who="2" m="3551" /><F92/><W100/><G100/><T0/><D0/><U32/><E32/><V33/><F128/><N who="1" m="49193" /><E63/><V18/><F110/><N who="0" m="42602" /><D124/><U56/><E56/><V13/><F126/><W74/><G74/><T35/><D35/><U97/><E97/><V113/><F33/><W86/><G99/><T64/><D64/><U24/><E24/><N who="2" m="14351" /><F5/><W70/><G70/><T103/><D103/><U127/><E127/><V39/><F39/><W125/><G125/><T30/><D51/><U111/><E111/><V3/><F113/><W60/><G38/><T2/><D2/><AGARI ba="1,0" hai="2,3,13,18,21" m="14351,3551,18815" machi="2" ten="30,12000,1" yaku="35,5" doraHai="78" who="2" fromWho="0" sc="191,-123,250,0,299,123,260,0" /><INIT seed="2,2,0,4,0,132" ten="68,250,422,260" oya="2" hai0="114,124,95,49,38,50,1,27,105,51,76,97,116" hai1="11,125,52,115,130,31,111,131,120,123,33,133,104" hai2="18,70,134,71,57,110,30,68,42,98,34,109,41" hai3="10,96,44,81,93,21,77,85,100,58,12,117,54"/><V48/><F98/><W15/><G117/><T91/><D116/><U6/><E104/><V17/><F134/><W62/><G10/><T127/><D114/><U25/><E133/><V63/><F34/><W84/><G84/><T36/><D1/><U112/><E111/><N who="2" m="42507" /><F30/><W46/><G21/><T89/><D76/><U102/><E102/><V64/><F18/><W66/><G46/><T37/><D105/><U86/><E86/><V121/><F17/><W20/><G20/><T118/><D118/><U23/><E23/><V43/><F121/><N who="1" m="46665" /><E125/><N who="0" m="48201" /><D27/><U83/><E52/><AGARI ba="2,0" hai="41,42,43,48,52,57,63,64,68,70,71" m="42507" machi="52" ten="30,12000,1" yaku="14,1,10,1,34,2,54,1" doraHai="132" who="2" fromWho="1" sc="68,0,250,-126,422,126,260,0" /><INIT seed="2,3,0,2,4,70" ten="68,124,548,260" oya="2" hai0="16,64,122,12,17,96,45,0,1,61,128,59,112" hai1="21,101,102,18,106,50,62,86,10,116,8,90,15" hai2="107,95,30,85,3,63,76,124,135,69,9,65,48" hai3="56,134,7,39,120,104,25,38,121,94,92,49,52"/><V75/><F135/><W46/><G104/><T83/><D112/><U130/><E116/><V80/><F124/><W111/><G134/><T33/><D33/><U87/><E130/><V84/><F107/><W31/><G111/><T22/><D128/><U115/><E115/><V14/><F3/><W44/><G7/><T19/><D96/><U100/><E106/><V58/><F30/><W60/><G92/><T40/><D83/><U20/><E62/><V6/><F95/><W37/><G94/><T91/><D91/><U81/><E87/><V43/><F43/><N who="3" m="22655" /><G25/><T109/><D122/><N who="3" m="47209" /><G31/><T126/><D126/><U27/><REACH who="1" step="1"/><E50/><REACH who="1" ten="68,114,548,260" step="2"/><V55/><AGARI ba="3,1" hai="6,9,14,48,55,58,63,65,69,75,76,80,84,85" machi="55" ten="30,1500,0" yaku="0,1" doraHai="70" who="2" fromWho="2" sc="68,-8,114,-8,548,34,260,-8" /><INIT seed="2,4,0,1,1,130" ten="60,106,582,252" oya="2" hai0="14,85,38,18,72,83,63,34,106,91,25,68,33" hai1="111,52,108,23,9,114,43,82,3,80,27,46,127" hai2="75,126,100,32,56,98,125,133,70,87,61,57,94" hai3="62,66,51,24,89,132,1,53,97,135,120,36,122"/><V119/><F32/><W101/><G1/><T128/><D38/><U58/><E114/><V76/><F70/><N who="3" m="42327" /><G89/><T69/><D128/><U59/><E127/><N who="2" m="48651" /><F119/><W124/><G124/><T0/><D0/><U6/><E59/><N who="2" m="22603" /><F61/><W39/><G53/><T13/><D106/><U112/><E112/><V19/><F19/><W116/><G51/><T99/><D34/><U35/><E35/><V84/><F75/><W90/><G90/><T26/><D33/><U118/><E118/><V102/><F102/><W96/><G24/><T79/><D26/><U11/><E11/><V55/><F55/><W54/><G54/><T71/><D63/><N who="1" m="36295" /><E23/><V121/><F121/><W17/><G17/><T93/><D71/><U73/><E27/><V131/><F131/><W37/><G116/><T44/><D69/><U60/><E60/><V49/><F49/><W8/><G8/><T65/><D68/><U95/><E95/><V115/><F115/><W110/><G120/><T21/><D93/><U30/><E30/><V42/><F42/><W113/><G113/><T81/><D72/><U48/><E73/><V123/><F123/><W29/><G122/><T2/><D18/><U117/><E117/><V92/><F92/><W7/><G29/><T41/><D41/><U109/><AGARI ba="4,0" hai="3,6,9,43,46,48,80,82,108,109,111" m="36295" machi="109" ten="30,2000,0" yaku="14,1,54,1" doraHai="130" who="1" fromWho="1" sc="60,-9,106,32,582,-14,252,-9" /><INIT seed="3,0,0,5,3,23" ten="51,138,568,243" oya="3" hai0="86,53,130,54,106,6,1,49,18,132,39,67,63" hai1="0,76,45,43,22,32,70,107,131,125,82,79,10" hai2="56,87,46,81,78,103,96,65,9,83,30,90,66" hai3="3,12,7,20,29,16,38,2,11,94,64,122,60"/><W57/><G38/><T42/><D106/><U36/><E131/><V95/><F46/><W15/><G122/><T48/><D130/><U99/><E79/><V24/><F9/><W59/><G29/><T31/><D31/><U37/><E125/><V14/><F14/><W19/><G7/><T101/><D101/><U116/><E116/><V74/><F56/><W97/><G59/><T105/><D105/><U71/><E22/><AGARI ba="0,0" hai="22,24,30,65,66,74,78,81,83,87,90,95,96,103" machi="22" ten="30,2000,0" yaku="7,1,52,1" doraHai="23" who="2" fromWho="1" sc="51,0,138,-20,568,20,243,0" owari="51,-45.0,118,-28.0,588,69.0,243,4.0" /></mjloggm>