<mjloggm ver="2.3"><GO type="225" lobby="0"/><UN n0="%66%78%78%6B%69%6E" n1="%E3%81%BF%E3%81%A3%E3%81%A4%E3%81%83%EF%BD%9E" n2="%E4%B8%80%E6%B0%97%E8%B2%AB%E5%BE%B9" n3="%E3%82%A6%E3%83%AB%E3%83%88%E3%83%A9%E7%AB%8B%E7%9B%B4" dan="16,16,16,16" rate="2071.02,2097.11,2115.26,2020.17" sx="M,F,M,M"/><TAIKYOKU oya="0"/><INIT seed="0,0,0,5,5,123" ten="250,250,250,250" oya="0" hai0="68,29,85,47,104,24,134,83,78,122,121,7,10" hai1="130,133,84,77,13,50,53,67,38,58,114,34,23" hai2="31,9,63,35,102,97,82,44,0,131,57,30,116" hai3="103,6,19,45,16,17,74,111,27,108,32,117,126"/><T79/><D104/><U110/><E34/><V37/><F131/><W65/><G74/><T49/><D68/><U109/><E38/><V60/><F116/><W129/><G117/><T5/><D134/><U59/><E130/><V70/><F70/><W92/><G129/><T14/><D7/><U80/><E133/><V48/><F37/><W3/><G65/><T127/><D79/><U107/><E107/><V112/><F112/><W43/><G6/><T42/><REACH who="0" step="1"/><D127/><REACH who="0" ten="240,250,250,250" step="2"/><U101/><E114/><V115/><F115/><W26/><G126/><T22/><AGARI ba="0,1" hai="5,10,14,22,24,29,42,47,49,78,83,85,121,122" machi="22" ten="20,18000,2" yaku="1,1,2,1,0,1,7,1,25,2,53,1" doraHai="123" doraHaiUra="21" who="0" fromWho="0" sc="240,190,250,-60,250,-60,250,-60" /><INIT seed="0,1,0,0,5,106" ten="430,190,190,190" oya="0" hai0="26,118,62,20,38,102,110,56,100,125,30,39,1" hai1="9,130,48,58,49,35,3,113,51,64,116,27,78" hai2="75,33,129,63,115,132,41,104,124,117,16,122,31" hai3="37,131,5,2,61,77,105,90,94,112,127,85,8"/><T67/><D118/><U84/><E116/><V0/><F41/><W23/><G105/><T74/><D125/><U21/><E35/><V114/><F63/><W45/><G127/><T87/><D1/><U133/><E3/><V86/><F31/><W82/><G131/><T50/><D74/><U72/><E130/><V11/><F86/><W73/><G23/><T34/><D34/><U13/><E72/><V60/><F60/><W109/><G109/><T71/><D110/><U14/><E113/><V121/><F16/><W96/><G61/><T40/><D87/><U123/><E123/><V92/><F92/><W111/><G111/><T7/><D7/><U44/><E133/><V32/><F11/><W68/><G68/><T25/><D25/><U88/><E78/><V79/><F79/><W107/><G112/><T52/><D39/><U70/><E70/><V98/><F98/><W54/><G54/><T128/><D128/><U83/><E44/><AGARI ba="1,0" hai="20,26,30,38,40,44,50,52,56,62,67,71,100,102" machi="44" ten="40,7700,0" yaku="24,2,54,1" doraHai="106" who="0" fromWho="1" sc="430,80,190,-80,190,0,190,0" /><INIT seed="0,2,0,1,2,125" ten="510,110,190,190" oya="0" hai0="76,135,56,75,121,46,33,101,124,61,89,86,104" hai1="29,28,21,60,102,90,80,114,52,110,71,41,44" hai2="105,42,132,130,87,112,65,40,31,107,16,74,25" hai3="0,118,57,93,64,70,36,109,11,48,58,98,66"/><T82/><D33/><U54/><E114/><V45/><F112/><W116/><G11/><T96/><D121/><U12/><E102/><V53/><F132/><W15/><G15/><T27/><D124/><U79/><E110/><V8/><F130/><W22/><G22/><T14/><D27/><U68/><E90/><V62/><F74/><W88/><G0/><T13/><D46/><U9/><E68/><V72/><F72/><W78/><G78/><T120/><D135/><U30/><E21/><V129/><F129/><W6/><G6/><T77/><D77/><U103/><E103/><V3/><F53/><W94/><G48/><T10/><D10/><U5/><E71/><V38/><F42/><W131/><G70/><T133/><D120/><U43/><E60/><V17/><F87/><W108/><G36/><T59/><D133/><U123/><E123/><V95/><F95/><W126/><G131/><T83/><D56/><U34/><E34/><V73/><F73/><W19/><G126/><T49/><D49/><N who="1" m="26783" /><E41/><V39/><F39/><W20/><G20/><T84/><D75/><U100/><E100/><V122/><F122/><W1/><G1/><T128/><D128/><U127/><E127/><V51/><F51/><W2/><G2/><T111/><D111/><U26/><E26/><V117/><F117/><W85/><G109/><T67/><AGARI ba="2,0" hai="13,14,59,61,67,76,82,83,84,86,89,96,101,104" machi="67" ten="20,2100,0" yaku="0,1,7,1" doraHai="125" who="0" fromWho="0" sc="510,27,110,-9,190,-9,190,-9" /><INIT seed="0,3,0,2,5,9" ten="537,101,181,181" oya="0" hai0="7,125,91,16,23,103,81,106,43,46,30,44,53" hai1="105,75,93,52,127,130,63,129,14,64,102,27,123" hai2="12,26,69,51,72,121,120,118,19,4,90,82,6" hai3="133,24,85,47,41,74,99,56,104,31,84,100,88"/><T15/><D125/><U67/><E75/><V35/><F69/><W126/><G74/><T66/><D66/><U28/><E123/><V98/><F72/><W65/><G126/><T94/><D81/><U13/><E105/><V49/><F98/><W1/><G1/><T109/><D109/><U108/><E127/><V107/><F107/><W5/><G5/><N who="2" m="2153" /><F90/><W59/><G133/><T62/><D106/><U117/><E117/><V95/><F82/><W78/><G65/><T32/><D103/><U61/><E108/><V87/><F95/><W114/><G84/><T119/><D119/><U124/><E124/><V8/><F87/><W73/><G114/><T50/><D7/><U77/><E77/><V29/><F51/><W131/><G78/><T79/><D79/><U40/><E40/><V86/><F49/><W3/><G73/><T18/><D32/><N who="1" m="20511" /><E102/><V128/><F86/><W96/><G96/><N who="0" m="57439" /><D30/><U10/><E10/><N who="2" m="6551" /><F118/><W22/><G99/><T112/><D112/><U134/><E93/><V132/><F132/><W97/><G97/><T54/><D62/><U89/><E89/><V92/><F92/><W45/><G100/><T111/><D111/><U83/><E134/><V2/><F128/><N who="1" m="49257" /><E83/><V42/><F42/><W38/><G131/><T113/><D113/><U0/><E0/><V101/><F101/><W11/><G104/><T57/><D46/><U110/><E110/><V20/><F35/><W115/><G47/><T25/><D57/><N who="1" m="34983" /><E67/><V70/><F70/><AGARI ba="3,0" hai="13,14,63,64,70" m="34983,49257,20511" machi="70" ten="30,7700,0" yaku="19,1,52,2,54,1" doraHai="9" who="1" fromWho="2" sc="537,0,101,86,181,-86,181,0" /><INIT seed="1,0,0,3,3,41" ten="537,187,95,181" oya="1" hai0="29,31,109,67,124,23,125,100,75,86,135,61,58" hai1="123,42,105,74,9,93,16,18,47,84,50,36,68" hai2="1,94,107,25,57,15,81,134,12,95,44,22,76" hai3="63,30,126,89,114,45,33,8,10,71,104,122,82"/><U131/><E123/><V28/><F107/><W133/><G114/><T87/><D75/><U38/><E74/><V46/><F1/><W80/><G122/><T35/><D109/><U62/><E105/><V92/><F134/><W132/><G104/><T49/><D35/><U14/><E131/><V32/><F57/><W103/><G103/><T43/><D135/><U120/><E120/><V27/><F15/><W83/><G83/><T17/><D100/><U3/><E3/><V91/><F12/><W26/><G26/><T102/><D102/><U88/><REACH who="1" step="1"/><E18/><REACH who="1" ten="537,177,95,181" step="2"/><V78/><F91/><W90/><G90/><T72/><D72/><U24/><E24/><V79/><REACH who="2" step="1"/><F81/><REACH who="2" ten="537,177,85,181" step="2"/><W129/><G89/><T7/><D17/><AGARI ba="0,2" hai="17,22,25,27,28,32,44,46,76,78,79,92,94,95" machi="17" ten="40,8000,1" yaku="1,1,2,1,52,2,53,0" doraHai="41" doraHaiUra="34" who="2" fromWho="0" sc="537,-80,177,0,85,100,181,0" /><INIT seed="2,0,0,1,2,68" ten="457,177,185,181" oya="2" hai0="52,23,109,12,97,22,30,27,88,4,96,41,124" hai1="13,0,80,119,36,110,127,89,5,43,108,115,37" hai2="19,15,72,128,131,113,120,11,54,117,134,49,21" hai3="135,78,114,55,47,33,99,62,51,107,100,57,101"/><V63/><F72/><W76/><G33/><T70/><D70/><U86/><E115/><V129/><F117/><W26/><G135/><T24/><D109/><N who="1" m="42091" /><E119/><V14/><F120/><W93/><G114/><T95/><D41/><U92/><E127/><V132/><F113/><W103/><G26/><T18/><D124/><U84/><E43/><V83/><F63/><W122/><G122/><T46/><D96/><U56/><E56/><N who="2" m="32847" /><F83/><W42/><REACH who="3" step="1"/><G107/><REACH who="3" ten="457,177,185,171" step="2"/><T25/><D4/><AGARI ba="0,1" hai="4,11,14,15,19,21,128,129,131,132,134" m="32847" machi="4" ten="30,1500,0" yaku="19,1" doraHai="68" who="2" fromWho="0" sc="457,-15,177,0,185,25,171,0" /><INIT seed="2,1,0,2,4,123" ten="442,177,210,171" oya="2" hai0="85,4,125,57,60,84,27,26,38,89,77,44,36" hai1="2,14,18,28,135,15,31,132,118,114,0,95,96" hai2="21,98,35,62,58,70,124,61,52,78,75,3,10" hai3="33,134,34,127,64,110,122,1,67,6,51,103,48"/><V42/><F124/><W72/><G72/><T24/><D125/><U13/><E96/><V54/><F35/><W113/><G103/><T111/><D4/><U87/><E87/><V99/><F42/><W20/><G127/><T116/><D111/><U112/><E118/><V17/><F75/><W47/><G6/><T29/><D29/><N who="1" m="11339" /><E18/><V56/><F78/><W43/><G20/><T92/><D44/><U23/><E23/><V81/><F70/><W82/><G82/><T83/><REACH who="0" step="1"/><D116/><REACH who="0" ten="432,177,210,171" step="2"/><U22/><E22/><V39/><F39/><W106/><G47/><T73/><D73/><U97/><E2/><V71/><F71/><W65/><G1/><T109/><D109/><U63/><E0/><V117/><F117/><W79/><G110/><T80/><D80/><U86/><E112/><V45/><F45/><W41/><G113/><T49/><D49/><U76/><E114/><V9/><F81/><W133/><G34/><T7/><D7/><U32/><E32/><V30/><F30/><W5/><G33/><T25/><D25/><U90/><E63/><V19/><F3/><W121/><G5/><T46/><D46/><U11/><E11/><V105/><F21/><W107/><G67/><AGARI ba="1,1" hai="24,26,27,36,38,57,60,67,77,83,84,85,89,92" machi="67" ten="40,1300,0" yaku="1,1,53,0" doraHai="123" doraHaiUra="37" who="0" fromWho="3" sc="432,26,177,0,210,0,171,-16" /><INIT seed="3,0,0,5,3,64" ten="458,177,210,155" oya="3" hai0="7,5,118,71,39,9,10,48,50,12,130,115,99" hai1="45,32,96,77,57,42,54,101,93,55,97,105,113" hai2="72,11,28,66,41,119,51,63,67,22,3,106,37" hai3="43,73,47,88,35,100,18,120,108,87,129,1,31"/><W46/><G73/><T126/><D71/><U132/><E113/><V4/><F119/><W80/><G120/><T86/><D118/><U123/><E123/><V74/><F106/><W70/><G1/><T6/><D39/><U26/><E132/><V85/><F67/><W98/><G129/><T84/><D130/><U83/><E32/><V53/><F85/><W107/><G108/><T65/><D65/><U61/><E26/><V14/><F28/><W25/><G70/><T44/><D126/><U29/><E29/><V94/><F94/><W2/><G2/><T8/><D115/><U117/><E55/><V125/><F22/><W114/><G114/><T20/><D99/><U92/><E97/><V127/><F14/><W121/><G121/><T131/><D131/><U116/><E116/><V16/><F16/><W110/><G110/><T24/><D12/><U59/><E59/><N who="2" m="37247" /><F41/><W40/><REACH who="3" step="1"/><G18/><REACH who="3" ten="458,177,210,145" step="2"/><T58/><D7/><U95/><E117/><V122/><F122/><W109/><G109/><T135/><D6/><U104/><E104/><V102/><F74/><W91/><G91/><T21/><D5/><U68/><E68/><V30/><F72/><W112/><G112/><T62/><D135/><U27/><E105/><V34/><F3/><W81/><G81/><T79/><D79/><U124/><E83/><V13/><F4/><W0/><G0/><T49/><D44/><AGARI ba="0,1" hai="25,31,35,40,43,44,46,47,80,87,88,98,100,107" machi="44" ten="40,7700,0" yaku="1,1,54,1,53,1" doraHai="64" doraHaiUra="82" who="3" fromWho="0" sc="458,-77,177,0,210,0,145,87" /><INIT seed="3,1,0,5,1,8" ten="381,177,210,232" oya="3" hai0="81,28,98,95,97,101,68,15,37,23,4,63,123" hai1="22,58,78,96,94,19,24,112,135,69,110,40,85" hai2="122,7,72,105,87,32,73,34,18,45,75,41,39" hai3="109,77,35,88,33,127,53,42,27,64,130,30,44"/><W5/><G64/><T43/><D123/><U3/><E69/><V6/><F122/><W16/><G77/><T104/><D37/><U2/><E112/><V76/><F105/><W29/><G5/><T13/><D43/><U9/><E110/><V62/><F62/><W80/><G53/><T114/><D114/><U60/><E135/><V107/><F107/><W90/><G109/><T71/><D4/><U54/><E40/><V132/><F132/><W74/><G127/><T17/><D28/><U14/><E78/><V121/><F121/><W93/><G74/><T124/><D13/><U103/><REACH who="1" step="1"/><E85/><REACH who="1" ten="381,167,210,232" step="2"/><V50/><F87/><N who="3" m="50279" /><G35/><T36/><D124/><U113/><E113/><V89/><F76/><W84/><G33/><T134/><D68/><U120/><E120/><V108/><F108/><W92/><G42/><T91/><D71/><U12/><E12/><V106/><F39/><W131/><G84/><T10/><D134/><U48/><E48/><V133/><F133/><W102/><G131/><T115/><D36/><U51/><E51/><V56/><F34/><W126/><G130/><T66/><D115/><U0/><E0/><V117/><F32/><W26/><G126/><T111/><D111/><U82/><E82/><V52/><F50/><W67/><G27/><T65/><D81/><U86/><E86/><V47/><F41/><W46/><G26/><N who="0" m="14703" /><D63/><U119/><E119/><V83/><F117/><W21/><G93/><N who="0" m="56511" /><D104/><U128/><E128/><V129/><F106/><W125/><G92/><T61/><D61/><U79/><E79/><V55/><F129/><W11/><G125/><RYUUKYOKU ba="1,1" sc="381,15,167,15,210,-15,232,-15" hai0="10,15,65,66,95,98,101" hai1="2,3,9,14,19,22,24,54,58,60,94,96,103" owari="406,50.0,182,-32.0,195,-20.0,217,2.0" /></mjloggm>