<mjloggm ver="2.3"><GO type="225" lobby="0"/><UN n0="%E3%82%A6%E3%83%AB%E3%83%88%E3%83%A9%E7%AB%8B%E7%9B%B4" n1="%E8%B1%86%E8%85%90%E3%81%9F%E3%82%93%E3%83%8F%E3%82%A1%E3%83%8F%E3%82%A1" n2="%E3%81%97%E3%81%A3%E3%81%BD%E3%81%A1%E3%82%83%E3%82%93" n3="%E8%97%A4%E5%A0%82%E8%A6%81" dan="16,17,16,16" rate="2013.56,2226.66,2066.34,2110.81" sx="M,M,M,F"/><TAIKYOKU oya="0"/><INIT seed="0,0,0,4,0,52" ten="250,250,250,250" oya="0" hai0="12,42,70,135,79,130,108,33,122,34,134,25,31" hai1="73,75,94,120,102,54,30,112,48,14,16,83,98" hai2="8,55,4,59,105,6,81,15,103,37,91,29,87" hai3="71,23,126,60,18,68,11,45,74,123,96,44,66"/><T99/><D70/><U0/><E0/><V67/><F37/><W39/><G74/><T114/><D79/><U7/><E120/><V65/><F29/><W107/><G126/><T128/><D42/><U133/><E133/><N who="0" m="50697" /><D99/><U72/><E112/><V97/><REACH who="2" step="1"/><F6/><REACH who="2" ten="250,250,240,250" step="2"/><W43/><G39/><T63/><D114/><U26/><E7/><V132/><F132/><W106/><G123/><T22/><D122/><U53/><E72/><V129/><F129/><W13/><G107/><T17/><D108/><U69/><E75/><V41/><F41/><W93/><G43/><T127/><D127/><U100/><E73/><V35/><F35/><W38/><G106/><T21/><D63/><AGARI ba="0,1" hai="4,8,15,55,59,63,65,67,81,87,91,97,103,105" machi="63" ten="30,3900,0" yaku="1,1,7,1,52,1,53,0" doraHai="52" doraHaiUra="110" who="2" fromWho="0" sc="250,-39,250,0,240,49,250,0" /><INIT seed="1,0,0,4,5,34" ten="211,250,289,250" oya="1" hai0="113,66,119,47,126,37,30,31,20,50,58,61,94" hai1="43,73,123,57,9,17,80,133,89,77,92,72,4" hai2="11,82,114,42,36,62,56,55,41,121,84,67,85" hai3="15,69,81,96,3,63,14,105,130,28,53,101,93"/><U83/><E123/><V44/><F121/><W16/><G130/><T19/><D37/><U122/><E122/><V32/><F32/><W135/><G135/><T78/><D126/><U116/><E116/><V18/><F114/><W45/><G28/><T98/><D78/><U125/><E133/><V118/><F118/><W91/><G81/><T13/><D113/><U52/><E125/><V60/><F42/><W59/><G69/><T35/><D35/><U103/><E43/><V112/><F112/><W106/><G15/><T87/><D87/><U23/><E103/><V70/><F85/><W8/><G45/><T86/><D86/><U64/><E64/><V1/><F18/><W7/><REACH who="3" step="1"/><G101/><REACH who="3" ten="211,250,289,240" step="2"/><N who="0" m="60631" /><D119/><U76/><E73/><V25/><F70/><W108/><G108/><T120/><D120/><U33/><E72/><V5/><F25/><W65/><G65/><T117/><D117/><U100/><E100/><V38/><F67/><W90/><G90/><T104/><D104/><U124/><E124/><V102/><F102/><W131/><G131/><T107/><D107/><U115/><E115/><V54/><F36/><W127/><G127/><T132/><D132/><U129/><E129/><V27/><F27/><W29/><G29/><T24/><D13/><N who="1" m="5287" /><E76/><V12/><F12/><W97/><G97/><T21/><D21/><AGARI ba="0,1" hai="3,7,8,14,16,21,53,59,63,91,93,96,105,106" machi="21" ten="30,7700,0" yaku="1,1,7,1,52,1,54,1,53,0" doraHai="34" doraHaiUra="71" who="3" fromWho="0" sc="211,-77,250,0,289,0,240,87" /><INIT seed="2,0,0,1,5,62" ten="134,250,289,327" oya="2" hai0="127,66,23,123,26,48,110,37,51,19,72,73,119" hai1="69,105,91,18,104,90,97,92,24,12,85,8,22" hai2="120,117,55,109,52,94,95,93,10,103,41,50,86" hai3="133,121,113,25,107,108,125,80,89,98,114,3,76"/><V131/><F131/><W106/><G3/><T53/><D37/><U21/><E69/><V31/><F120/><W6/><G6/><T111/><D123/><U128/><E128/><V28/><F117/><W34/><G25/><T47/><D127/><U96/><E22/><V13/><F109/><W116/><G34/><T57/><D119/><U46/><E46/><N who="2" m="25935" /><F86/><N who="3" m="48391" /><G116/><T15/><D73/><U20/><E20/><V38/><F38/><W43/><G43/><T58/><D72/><U126/><E126/><V17/><F103/><W64/><G64/><T135/><D135/><U11/><E11/><V129/><F129/><W9/><G121/><T32/><D32/><U5/><REACH who="1" step="1"/><E97/><REACH who="1" ten="134,240,289,327" step="2"/><V1/><F1/><W39/><G125/><T54/><D110/><U44/><E44/><V102/><F102/><W67/><G108/><T134/><D111/><U49/><E49/><V79/><F79/><W75/><G113/><T0/><D134/><U59/><E59/><V122/><F122/><W87/><G98/><T56/><D0/><U33/><E33/><V99/><F99/><W40/><G114/><T77/><D77/><U68/><E68/><V2/><F2/><W63/><G133/><T81/><D81/><AGARI ba="0,1" hai="5,8,12,18,21,24,81,85,90,91,92,96,104,105" machi="81" ten="30,3900,0" yaku="1,1,7,1,53,1" doraHai="62" doraHaiUra="16" who="1" fromWho="0" sc="134,-39,240,49,289,0,327,0" /><INIT seed="3,0,0,0,4,61" ten="95,289,289,327" oya="3" hai0="130,47,74,79,23,116,59,7,110,35,25,134,20" hai1="32,118,63,125,94,103,124,52,68,109,113,86,5" hai2="132,65,135,112,91,119,34,53,40,101,44,24,39" hai3="55,17,22,75,38,43,106,82,105,18,90,133,19"/><W11/><G133/><T15/><D79/><U127/><E113/><V50/><F112/><W122/><G122/><T89/><D74/><U56/><E109/><V36/><F101/><W81/><G11/><T78/><D78/><U114/><E114/><V60/><F91/><W126/><G126/><T99/><D47/><U12/><E32/><V107/><F107/><W13/><G105/><T4/><D59/><U70/><E118/><V117/><F24/><W71/><G106/><T10/><D89/><N who="1" m="53559" /><E103/><V14/><F14/><W77/><G71/><T57/><D99/><U45/><E45/><N who="2" m="27855" /><F34/><W3/><G3/><T6/><D57/><U31/><E31/><V27/><F27/><W121/><G121/><T58/><D58/><U128/><E128/><V98/><F98/><W111/><G111/><T100/><D100/><U84/><E84/><V95/><F95/><W73/><G43/><T51/><D110/><U85/><E85/><V96/><F96/><W76/><G38/><T28/><D51/><U83/><E83/><V30/><F30/><W26/><G26/><N who="0" m="18839" /><D116/><N who="2" m="44618" /><F39/><W41/><G41/><T92/><D92/><U115/><E115/><V42/><F42/><W0/><G0/><N who="0" m="263" /><D134/><U67/><E52/><V69/><AGARI ba="0,0" hai="36,40,44,60,65,69,132,135" m="44618,27855" machi="69" ten="30,4000,0" yaku="34,2,52,1" doraHai="61" who="2" fromWho="2" sc="95,-10,289,-10,289,40,327,-20" owari="85,-41.0,279,-12.0,329,42.0,307,11.0" /></mjloggm>