<mjloggm ver="2.3"><GO type="97" lobby="0"/><UN n0="%61%61%61%73" n1="%E4%BA%8C%E7%95%AA%E5%BA%95" n2="%E3%82%A6%E3%83%AB%E3%83%88%E3%83%A9%E7%AB%8B%E7%9B%B4" n3="%E3%81%8A%E3%81%BE%E3%81%84%E3%82%89%E3%83%98%E3%83%9C%E9%81%8E%E3%81%8E" dan="14,15,15,14" rate="1935.16,2077.27,1989.74,1879.93" sx="M,M,M,M"/><TAIKYOKU oya="0"/><INIT seed="0,0,0,0,4,85" ten="250,250,250,250" oya="0" hai0="92,50,42,55,31,25,120,59,118,109,97,113,22" hai1="91,7,83,60,53,94,84,8,114,90,105,47,79" hai2="29,76,107,34,74,119,26,57,98,115,127,75,104" hai3="36,16,129,1,122,108,3,49,40,134,33,87,52"/><T11/><D118/><U20/><E105/><V62/><F119/><W6/><G33/><T111/><D113/><U99/><E114/><V67/><F115/><W128/><G122/><T28/><D120/><U45/><E20/><V131/><F127/><W66/><G66/><T82/><D28/><U54/><E79/><V101/><F131/><N who="3" m="50251" /><G6/><T15/><D82/><U69/><E69/><V103/><F76/><W48/><G134/><T51/><D42/><U37/><E37/><V5/><F5/><W86/><G36/><T121/><D121/><U78/><E78/><V12/><F12/><W132/><G49/><T64/><D64/><U61/><E61/><V46/><F46/><N who="3" m="27671" /><G40/><T14/><D51/><U96/><E96/><AGARI ba="0,0" hai="26,29,34,57,62,67,74,75,96,98,101,103,104,107" machi="96" ten="40,1300,0" yaku="9,1" doraHai="85" who="2" fromWho="1" sc="250,0,250,-13,250,13,250,0" /><INIT seed="1,0,0,2,2,126" ten="250,237,263,250" oya="1" hai0="1,102,33,125,49,123,98,36,47,35,127,14,17" hai1="90,26,72,106,64,131,57,94,68,103,0,9,100" hai2="4,71,78,39,81,93,107,20,116,66,8,109,77" hai3="28,120,42,70,79,92,89,54,73,87,67,27,3"/><U58/><E72/><V133/><F107/><W11/><G120/><T134/><D1/><U84/><E68/><V53/><F116/><W114/><G114/><T23/><D123/><U5/><E26/><V69/><F39/><W118/><G118/><T50/><D134/><U130/><E64/><V122/><F122/><W60/><G42/><T7/><D7/><U16/><E16/><V91/><F133/><W76/><G73/><T6/><D6/><U55/><E57/><V61/><F109/><W85/><G3/><T45/><D36/><U83/><E106/><V56/><F20/><W115/><G115/><T104/><D125/><U15/><E0/><V21/><F21/><W113/><G113/><T41/><REACH who="0" step="1"/><D127/><REACH who="0" ten="240,237,263,250" step="2"/><U108/><E108/><V10/><F4/><W105/><G105/><T80/><D80/><U74/><E83/><V119/><F81/><W86/><G79/><T40/><AGARI ba="0,1" hai="14,17,23,33,35,40,41,45,47,49,50,98,102,104" machi="40" ten="20,12000,2" yaku="1,1,0,1,7,1,9,1,53,2" doraHai="126" doraHaiUra="31" who="0" fromWho="0" sc="240,130,237,-60,263,-30,250,-30" /><INIT seed="2,0,0,5,2,74" ten="370,177,233,220" oya="2" hai0="100,66,81,45,101,1,111,27,16,95,92,6,75" hai1="54,18,26,13,128,133,113,40,32,60,90,72,112" hai2="64,48,79,85,57,119,89,131,117,130,98,4,46" hai3="0,78,22,30,10,31,47,99,62,93,124,103,108"/><V25/><F4/><W105/><G124/><T28/><D66/><U106/><E106/><V56/><F25/><W67/><G108/><T70/><D70/><U120/><E72/><V2/><F2/><W76/><G31/><T109/><D45/><U12/><E40/><V116/><F98/><W87/><G47/><T114/><D114/><U125/><E90/><V55/><F89/><W86/><G86/><T34/><D6/><U52/><E26/><V8/><F8/><W118/><G118/><T88/><D1/><U107/><E107/><V69/><F85/><W49/><G49/><T97/><D75/><U9/><E32/><V19/><F19/><W126/><G126/><T14/><D81/><U61/><E9/><V41/><F79/><W63/><G63/><T68/><D95/><U104/><E104/><V71/><F57/><W134/><G134/><T129/><D68/><N who="2" m="26186" /><F64/><W53/><G105/><T123/><D129/><N who="2" m="49162" /><F119/><W102/><G103/><T77/><D77/><U110/><E128/><V33/><F33/><W29/><G87/><T50/><D123/><U17/><E125/><V43/><F43/><W91/><G102/><T94/><D100/><U20/><E20/><V3/><F3/><W44/><G0/><T80/><D101/><U38/><E120/><V59/><F59/><W73/><G73/><T35/><D35/><U132/><REACH who="1" step="1"/><E110/><REACH who="1" ten="370,167,233,220" step="2"/><V83/><F83/><W127/><G10/><T96/><D80/><U65/><E65/><V11/><F11/><W36/><G127/><T39/><D109/><U5/><E5/><V115/><F115/><W135/><G22/><RYUUKYOKU ba="0,1" sc="370,-15,167,15,233,15,220,-15" hai1="12,13,17,18,38,52,54,60,61,112,113,132,133" hai2="41,46,48,55,56,116,117" /><INIT seed="2,1,1,3,2,106" ten="355,182,248,205" oya="2" hai0="7,1,45,99,103,100,85,31,108,115,21,75,9" hai1="49,127,58,62,90,38,126,37,130,0,124,129,72" hai2="57,23,119,79,51,67,98,15,74,69,73,40,80" hai3="47,46,87,36,112,32,70,35,18,33,128,42,10"/><V122/><F122/><W56/><G70/><T113/><D108/><U132/><E0/><V105/><F119/><W2/><G112/><T78/><D100/><U4/><E4/><V26/><F69/><W71/><G71/><T48/><D21/><U93/><E49/><V52/><F67/><W107/><G107/><T83/><D31/><U114/><E114/><V34/><F34/><W24/><G128/><N who="1" m="49258" /><E90/><V14/><F40/><W5/><G47/><T20/><D85/><U59/><E93/><V109/><F109/><W121/><G121/><T53/><D20/><U96/><E96/><V91/><F74/><W102/><G102/><T16/><D16/><U135/><E72/><V95/><F105/><AGARI ba="1,1" hai="1,7,9,45,48,53,75,78,83,99,103,105,113,115" machi="105" ten="30,2000,0" yaku="7,1,52,1" doraHai="106" who="0" fromWho="2" sc="355,33,182,0,248,-23,205,0" /><INIT seed="3,0,0,3,1,77" ten="388,182,225,205" oya="3" hai0="127,129,6,3,7,117,85,109,27,50,54,83,102" hai1="25,10,36,53,68,98,52,64,40,32,92,59,97" hai2="96,131,119,41,66,44,86,0,23,116,99,128,12" hai3="1,17,133,121,75,46,103,130,89,45,106,5,48"/><W73/><G121/><T37/><D109/><U2/><E97/><N who="2" m="37451" /><F66/><W78/><G106/><T82/><D37/><U19/><E36/><N who="2" m="21543" /><F0/><W126/><G103/><T60/><D102/><U4/><E40/><V123/><F123/><W24/><G78/><T22/><D60/><U94/><E94/><V107/><F107/><W95/><G133/><T33/><D127/><U80/><E68/><V34/><F34/><W15/><G126/><T49/><D49/><U29/><E64/><V9/><F23/><W93/><G93/><T124/><D124/><U30/><E30/><V61/><F86/><W90/><G90/><T84/><D129/><N who="2" m="49738" /><F61/><W76/><G76/><T134/><D33/><U56/><E80/><V65/><F65/><W13/><G130/><T105/><D134/><U57/><REACH who="1" step="1"/><E19/><AGARI ba="0,0" hai="9,12,19,116,119" m="49738,21543,37451" machi="19" ten="30,1000,0" yaku="19,1" doraHai="77" who="2" fromWho="1" sc="388,0,182,-10,225,10,205,0" owari="388,48.0,172,-33.0,235,4.0,205,-19.0" /></mjloggm>