<mjloggm ver="2.3"><GO type="97" lobby="0"/><UN n0="%68%69%79%6F%74%6F%61%65" n1="%E3%82%A6%E3%83%AB%E3%83%88%E3%83%A9%E7%AB%8B%E7%9B%B4" n2="%E3%83%96%E3%83%B3%E3%82%AC%E3%82%AF" n3="%43%41%44" dan="14,15,15,13" rate="1962.20,2003.20,2020.10,1841.83" sx="M,M,M,M"/><TAIKYOKU oya="0"/><INIT seed="0,0,0,3,4,78" ten="250,250,250,250" oya="0" hai0="107,122,19,11,76,23,47,13,2,130,14,37,77" hai1="18,127,128,89,53,25,28,38,60,106,126,121,105" hai2="3,99,124,57,46,48,85,98,129,71,64,4,90" hai3="104,32,43,61,134,132,131,5,10,62,41,67,6"/><T118/><D118/><U81/><E38/><V22/><F71/><W125/><G104/><T20/><D122/><U115/><E18/><V55/><F3/><W49/><G32/><T15/><D107/><U79/><E89/><V29/><F129/><W88/><G131/><T59/><D37/><U24/><E24/><N who="2" m="16535" /><F4/><W74/><G74/><T9/><D47/><U21/><E121/><V102/><F102/><W66/><G125/><N who="1" m="47626" /><E128/><V116/><F124/><W31/><G31/><T68/><D68/><U34/><E21/><N who="0" m="8265" /><D59/><N who="1" m="34927" /><E115/><V51/><F116/><W69/><G5/><N who="0" m="1207" /><D77/><U33/><E33/><V96/><F64/><W65/><G67/><T100/><D100/><U86/><AGARI ba="0,0" hai="25,28,34,79,81,86,105,106" m="34927,47626" machi="86" ten="30,2000,0" yaku="18,1,52,1" doraHai="78" who="1" fromWho="1" sc="250,-10,250,20,250,-5,250,-5" /><INIT seed="1,0,0,4,1,32" ten="240,270,245,245" oya="1" hai0="5,8,131,59,113,102,33,18,91,0,78,63,48" hai1="132,9,122,21,54,130,42,110,126,79,38,51,37" hai2="84,50,41,111,47,134,116,64,82,119,22,56,98" hai3="135,80,124,81,40,99,6,114,127,104,16,44,117"/><U13/><E122/><V86/><F111/><W43/><G114/><T115/><D33/><U17/><E42/><V4/><F134/><W36/><G135/><T120/><D120/><U109/><E132/><V87/><F4/><W26/><G43/><T68/><D131/><U28/><E130/><V39/><F98/><W67/><G67/><T12/><D68/><U3/><E79/><V24/><F82/><W30/><G117/><T66/><D78/><U90/><E90/><V74/><F74/><W89/><G6/><T85/><D48/><U77/><E77/><V31/><REACH who="2" step="1"/><F50/><REACH who="2" ten="240,270,235,245" step="2"/><W76/><G104/><T101/><D115/><U128/><E128/><V69/><F69/><W71/><G71/><T14/><D0/><U52/><E51/><V58/><F58/><W93/><G80/><N who="0" m="49575" /><D113/><U29/><E109/><V15/><F15/><W133/><G133/><T108/><D108/><U1/><E110/><V125/><F125/><W97/><G127/><T100/><D14/><U23/><E126/><V105/><F105/><W96/><G96/><T129/><D129/><U57/><E13/><V7/><F7/><AGARI ba="0,1" hai="5,7,8,12,18,59,63,66,100,101,102" m="49575" machi="7" ten="30,1000,0" yaku="8,1" doraHai="32" who="0" fromWho="2" sc="240,20,270,0,235,-10,245,0" /><INIT seed="2,0,0,2,0,112" ten="260,270,225,245" oya="2" hai0="19,53,61,78,108,123,13,101,106,50,44,6,82" hai1="20,11,84,55,97,16,83,65,100,42,75,87,79" hai2="105,68,116,33,80,46,52,109,2,124,57,135,125" hai3="5,37,15,113,86,39,96,48,62,130,104,54,60"/><V134/><F2/><W98/><G113/><T38/><D123/><U117/><E117/><V28/><F68/><W17/><G5/><T4/><D108/><U121/><E121/><V45/><F105/><W129/><G39/><T88/><D38/><U7/><E65/><V77/><F109/><W63/><G37/><T23/><D106/><U25/><E42/><V94/><F94/><W1/><G1/><T43/><D101/><U70/><E55/><V29/><F116/><W69/><G86/><N who="0" m="50263" /><D78/><U26/><E26/><V41/><F80/><W128/><G69/><T85/><D85/><U91/><E91/><V18/><F18/><W133/><G133/><N who="2" m="50697" /><F77/><W127/><G127/><N who="2" m="48713" /><F41/><W3/><G3/><T67/><D67/><U0/><E70/><V126/><F126/><W31/><G31/><N who="2" m="11849" /><F33/><W49/><G104/><AGARI ba="0,0" hai="0,7,11,16,20,25,75,79,83,84,87,97,100,104" machi="104" ten="30,2000,0" yaku="7,1,54,1" doraHai="112" who="1" fromWho="3" sc="260,0,270,20,225,0,245,-20" /><INIT seed="3,0,0,1,3,18" ten="260,290,225,225" oya="3" hai0="67,59,13,114,121,116,91,35,33,72,115,34,117" hai1="25,42,100,81,84,46,125,8,20,39,4,76,14" hai2="124,57,126,71,73,110,30,36,129,9,111,78,50" hai3="52,15,123,1,128,105,6,134,80,58,68,108,86"/><W66/><G105/><T132/><D72/><U55/><E125/><N who="2" m="48235" /><F71/><W107/><G107/><T49/><D121/><U119/><E119/><V11/><F36/><W40/><G1/><T53/><D67/><U22/><E100/><V43/><F129/><W96/><G128/><T47/><D132/><U94/><E94/><V19/><F30/><W102/><G134/><T23/><D47/><U61/><E25/><V48/><F78/><W45/><G66/><T65/><D65/><U41/><E41/><V21/><F73/><W118/><G68/><T89/><D117/><U62/><E62/><V17/><F43/><W101/><G118/><T92/><D116/><U28/><E28/><V3/><F3/><W16/><G6/><T135/><D135/><U95/><E95/><V54/><F48/><N who="3" m="26663" /><G123/><T75/><D75/><U10/><E10/><N who="2" m="3595" /><F19/><W44/><G96/><T69/><D69/><U26/><E26/><AGARI ba="0,0" hai="17,21,26,50,54,57,110,111" m="3595,48235" machi="26" ten="30,2000,0" yaku="18,1,52,1" doraHai="18" who="2" fromWho="1" sc="260,0,290,-20,225,20,225,0" /><INIT seed="4,0,0,3,2,122" ten="260,270,245,225" oya="0" hai0="127,24,0,106,101,33,26,25,71,103,86,73,17" hai1="100,60,14,102,120,99,96,7,31,92,62,125,59" hai2="105,19,15,37,91,34,38,52,21,89,81,63,47" hai3="3,87,75,55,27,84,123,69,110,48,128,32,13"/><T112/><D73/><U88/><E120/><V131/><F105/><W118/><G123/><T16/><D71/><U6/><E125/><V90/><F34/><W115/><G115/><T70/><D70/><U76/><E76/><V124/><F131/><W80/><G118/><T57/><D106/><U72/><E72/><V129/><F129/><W43/><G128/><T8/><D112/><U53/><E31/><V130/><F130/><W132/><G3/><T77/><D127/><U18/><E62/><V111/><F124/><W51/><G69/><T107/><D107/><U10/><E100/><N who="0" m="38473" /><D33/><U36/><E36/><V11/><F111/><W85/><G110/><T93/><D0/><U116/><E116/><V74/><F74/><W28/><G75/><T4/><D4/><U1/><E1/><V35/><F35/><W109/><G109/><T108/><D108/><U83/><E83/><V65/><F81/><W95/><G95/><AGARI ba="0,0" hai="6,7,10,14,18,53,59,60,88,92,95,96,99,102" machi="95" ten="30,3900,0" yaku="7,1,8,1,54,1" doraHai="122" who="1" fromWho="3" sc="260,0,270,39,245,0,225,-39" owari="260,6.0,309,40.0,245,-15.0,186,-31.0" /></mjloggm>