<mjloggm ver="2.3"><GO type="169" lobby="0"/><UN n0="%EF%BC%88%E2%89%A7%E2%96%BD%E2%89%A6%EF%BC%89" n1="%E3%82%B9%E3%82%A7%E3%83%B3%E3%83%80%E3%83%BC" n2="%2D%72%6F%6E%2D" n3="%E3%81%B6%E3%82%8B%E3%81%AF%E3%81%A4" dan="19,16,16,16" rate="2249.21,2086.64,2145.77,2088.13" sx="M,M,M,M"/><TAIKYOKU oya="0"/><INIT seed="0,0,0,4,0,16" ten="250,250,250,250" oya="0" hai0="69,47,48,33,56,132,53,114,30,133,98,50,9" hai1="40,83,72,61,88,17,29,27,99,78,96,10,71" hai2="87,124,90,44,123,18,37,76,62,119,106,31,112" hai3="12,89,36,41,126,21,28,94,70,103,64,77,13"/><T0/><D69/><U65/><E40/><V81/><F112/><W115/><G115/><T34/><D114/><U24/><E24/><V102/><F123/><W39/><G77/><T54/><D98/><U79/><E79/><V22/><F31/><W113/><G103/><T116/><D116/><U3/><E99/><V82/><F119/><W26/><G113/><T125/><D125/><U60/><E60/><V32/><F32/><W52/><G64/><T105/><D105/><U134/><E134/><N who="0" m="51817" /><D30/><U97/><E97/><V80/><F102/><W19/><G70/><T85/><D85/><U68/><E68/><V95/><F106/><W66/><G66/><T107/><D107/><U45/><E45/><V75/><F124/><W131/><G131/><T91/><D91/><U55/><E55/><V117/><F117/><W120/><G120/><T74/><D74/><U129/><E129/><V63/><F63/><W109/><G109/><T101/><D101/><U51/><E51/><V128/><F128/><W1/><G126/><T100/><D100/><U2/><E96/><V92/><F62/><W111/><G111/><T73/><D73/><U7/><E88/><V122/><F122/><W93/><G89/><T15/><D0/><N who="1" m="359" /><E17/><AGARI ba="0,0" hai="9,15,17,33,34,47,48,50,53,54,56" m="51817" machi="17" ten="30,1500,0" yaku="20,1" doraHai="16" who="0" fromWho="1" sc="250,15,250,-15,250,0,250,0" /><INIT seed="0,1,0,2,3,128" ten="265,235,250,250" oya="0" hai0="95,78,101,126,108,26,49,107,102,63,77,37,92" hai1="33,111,103,29,54,52,89,64,124,53,86,18,60" hai2="91,43,113,99,83,30,62,68,17,90,39,85,42" hai3="97,130,122,105,93,76,75,36,3,6,79,127,67"/><T7/><D37/><U88/><E111/><V56/><F68/><W71/><G130/><T118/><D118/><U2/><E124/><V23/><F113/><W59/><G127/><T41/><D126/><U66/><E2/><V12/><F30/><W117/><G117/><T13/><D108/><U0/><E0/><V110/><F39/><W80/><G76/><T22/><D63/><U100/><E64/><V44/><F44/><W106/><G122/><T46/><D107/><U16/><E89/><V82/><F110/><W87/><G71/><T65/><D65/><U131/><E131/><V48/><F48/><W96/><G6/><T120/><D120/><U31/><E33/><V50/><F50/><W19/><G3/><T9/><D95/><N who="1" m="54679" /><E66/><V27/><F12/><W109/><G109/><T119/><D119/><U4/><E4/><V70/><F70/><W104/><G67/><T15/><D15/><U35/><E35/><V116/><F116/><W58/><G36/><T24/><D24/><U81/><E60/><V10/><F10/><W125/><G125/><T132/><D101/><N who="1" m="38987" /><E81/><V94/><F82/><W5/><G5/><T1/><D1/><U61/><E61/><V69/><F69/><W45/><G106/><T115/><D7/><U25/><E25/><V129/><F129/><W51/><G105/><T32/><D26/><U28/><AGARI ba="1,0" hai="16,18,28,29,31,52,53,54" m="38987,54679" machi="28" ten="40,8000,1" yaku="8,1,54,3" doraHai="128" who="1" fromWho="1" sc="265,-41,235,83,250,-21,250,-21" /><INIT seed="1,0,0,4,2,75" ten="224,318,229,229" oya="1" hai0="98,127,117,93,6,50,81,99,124,20,123,72,29" hai1="14,110,80,55,9,89,18,78,40,54,52,36,126" hai2="90,76,118,3,51,114,119,63,95,13,106,41,130" hai3="62,21,26,27,34,47,102,74,16,92,87,125,131"/><U49/><E36/><V31/><F3/><W68/><G74/><T86/><D117/><U129/><E129/><V108/><F106/><W69/><G131/><T88/><D123/><U70/><E70/><V66/><F130/><W83/><G125/><N who="0" m="48203" /><D6/><U17/><E126/><V48/><F108/><W71/><G34/><T73/><D50/><U64/><E64/><V96/><F31/><W77/><G47/><T23/><D23/><U25/><E110/><V128/><F128/><W4/><G4/><T38/><D38/><U56/><E89/><V2/><F2/><W85/><G85/><N who="0" m="52367" /><D20/><N who="1" m="13455" /><E40/><V122/><F122/><W101/><G92/><T12/><D12/><U100/><E100/><V10/><F41/><W60/><REACH who="3" step="1"/><G27/><REACH who="3" ten="224,318,229,219" step="2"/><T65/><D72/><U7/><E7/><N who="2" m="3295" /><F118/><W44/><G44/><T103/><D73/><U45/><E45/><V22/><F119/><W84/><G84/><AGARI ba="0,1" hai="9,14,18,49,52,54,55,56,78,80,84" m="13455" machi="84" ten="30,5800,0" yaku="8,1,52,1,54,1" doraHai="75" who="1" fromWho="3" sc="224,0,318,68,229,0,219,-58" /><INIT seed="1,1,0,0,0,14" ten="224,386,229,161" oya="1" hai0="135,122,57,21,75,49,123,111,108,69,87,68,33" hai1="41,36,72,73,76,48,34,99,97,19,106,103,16" hai2="1,23,25,22,62,70,24,63,12,8,17,71,13" hai3="42,58,112,131,110,98,117,91,3,129,15,94,120"/><U107/><E36/><V4/><F70/><N who="0" m="27242" /><D33/><U124/><E34/><V44/><F44/><W35/><G3/><T121/><D75/><U79/><E48/><V66/><REACH who="2" step="1"/><F63/><REACH who="2" ten="224,386,219,161" step="2"/><W64/><G129/><T127/><D122/><U77/><E124/><V32/><F32/><W86/><G35/><T134/><D127/><U29/><E41/><V96/><F96/><W53/><G42/><T31/><D123/><U37/><E99/><V118/><F118/><W55/><G131/><T10/><D121/><U126/><E97/><V92/><F92/><W78/><G117/><T59/><D111/><U82/><E126/><V114/><F114/><W47/><G110/><T65/><D108/><U95/><E95/><V7/><F7/><W93/><G112/><T27/><D135/><U133/><E133/><V28/><AGARI ba="1,1" hai="1,4,8,12,13,17,22,23,24,25,28,62,66,71" machi="28" ten="20,5200,0" yaku="1,1,0,1,7,1,52,1,53,0" doraHai="14" doraHaiUra="50" who="2" fromWho="2" sc="224,-14,386,-27,219,65,161,-14" /><INIT seed="2,0,0,0,4,65" ten="210,359,284,147" oya="2" hai0="43,67,68,57,127,86,116,34,36,101,42,2,4" hai1="71,46,1,81,11,109,80,84,54,19,37,15,112" hai2="118,75,44,122,59,99,128,113,72,6,132,69,27" hai3="66,76,79,77,115,10,85,133,35,129,108,17,135"/><V83/><F118/><W28/><G115/><T25/><D116/><U16/><E112/><V20/><F113/><W9/><G108/><T70/><D127/><U91/><E109/><V126/><F126/><W114/><G114/><T47/><D57/><U41/><E1/><V121/><F6/><W92/><G129/><T120/><D86/><U106/><E106/><V48/><F128/><W51/><G66/><T26/><D120/><U30/><E30/><V31/><F69/><N who="0" m="26730" /><D26/><U102/><E71/><V96/><F59/><W40/><G28/><N who="0" m="19727" /><D67/><U125/><E125/><V18/><F18/><W97/><G35/><T64/><D64/><U21/><E102/><V52/><F72/><W29/><G85/><T88/><D88/><U100/><E100/><V63/><F63/><W58/><G58/><T90/><D90/><U73/><E54/><V111/><F111/><W131/><G131/><T49/><D101/><U12/><E73/><V55/><F55/><W56/><G56/><T107/><D43/><U14/><E14/><V78/><REACH who="2" step="1"/><F132/><REACH who="2" ten="210,359,274,147" step="2"/><W13/><G133/><T95/><D4/><U23/><REACH who="1" step="1"/><E11/><REACH who="1" ten="210,349,274,147" step="2"/><V0/><F0/><W82/><G9/><T7/><D2/><U60/><E60/><V117/><F117/><W74/><G10/><T123/><D123/><AGARI ba="0,2" hai="20,27,31,44,48,52,75,78,83,96,99,121,122,123" machi="123" ten="40,12000,1" yaku="1,1,54,1,53,2" doraHai="65" doraHaiUra="94" who="2" fromWho="0" sc="210,-120,349,0,274,140,147,0" /><INIT seed="2,1,0,3,0,111" ten="90,349,414,147" oya="2" hai0="27,87,108,0,21,134,6,43,53,31,123,99,91" hai1="36,41,114,59,104,95,1,124,117,118,49,129,14" hai2="34,115,22,56,58,94,79,10,72,44,4,26,119" hai3="113,70,81,9,120,51,89,40,96,20,12,52,74"/><V24/><F119/><W109/><G70/><T46/><D123/><U63/><E104/><V60/><F34/><W48/><G120/><T127/><D108/><U93/><E1/><V130/><F130/><W78/><G109/><T68/><D134/><U57/><E129/><V88/><F79/><W18/><G40/><T25/><D127/><U121/><E36/><V38/><F72/><W64/><G64/><T125/><D125/><U33/><E124/><V107/><F107/><W92/><G51/><T116/><D68/><U42/><E33/><V66/><F44/><W76/><G76/><T82/><D116/><U67/><E14/><V39/><F39/><W7/><G113/><T30/><D53/><U61/><E49/><V84/><F38/><W29/><G29/><T15/><D0/><U135/><E67/><V3/><F58/><W55/><REACH who="3" step="1"/><G48/><REACH who="3" ten="90,349,414,137" step="2"/><T101/><D43/><U23/><E114/><V28/><F115/><W77/><G77/><T37/><D37/><U62/><E62/><V16/><REACH who="2" step="1"/><F28/><REACH who="2" ten="90,349,404,137" step="2"/><W35/><G35/><T103/><D30/><U32/><E32/><V5/><F5/><W110/><G110/><T2/><D6/><U13/><E118/><V97/><F97/><W8/><G8/><T85/><D99/><U75/><E117/><V54/><F54/><W17/><G17/><T69/><D31/><U90/><E75/><V112/><F112/><W11/><G11/><T50/><D69/><U86/><E86/><V47/><F47/><W19/><G19/><T100/><D85/><U98/><E98/><V83/><F83/><W105/><G105/><RYUUKYOKU ba="1,2" sc="90,-15,349,-15,404,15,137,15" hai2="3,4,10,16,22,24,26,56,60,66,84,88,94" hai3="7,9,12,18,20,52,55,74,78,81,89,92,96" /><INIT seed="2,2,2,0,4,48" ten="75,334,419,152" oya="2" hai0="49,74,44,57,93,121,103,50,68,94,54,8,104" hai1="58,13,75,3,39,21,118,108,80,40,17,127,76" hai2="131,12,105,95,16,43,112,98,37,28,52,6,46" hai3="30,9,119,122,106,22,55,4,20,15,5,66,96"/><V92/><F112/><W31/><G122/><T71/><D74/><U70/><E118/><V84/><F105/><W18/><G66/><T0/><D121/><U85/><E70/><V27/><F6/><W69/><G69/><T11/><D104/><U2/><E127/><V79/><F131/><W89/><G119/><T10/><D0/><U128/><E128/><V33/><F98/><W129/><G129/><T67/><D93/><U47/><E108/><V32/><F32/><W65/><G65/><T97/><REACH who="0" step="1"/><D67/><REACH who="0" ten="65,334,419,152" step="2"/><U126/><E126/><V14/><F92/><W88/><G106/><T123/><D123/><U73/><E75/><V25/><F95/><W111/><G111/><T133/><D133/><U87/><E73/><V120/><F120/><W59/><G96/><T130/><D130/><U117/><E117/><V77/><F84/><W51/><G4/><T90/><D90/><N who="3" m="34921" /><G5/><T100/><D100/><U82/><E87/><V45/><F77/><W72/><G72/><T83/><D83/><U34/><E82/><V1/><F79/><W110/><G110/><T60/><D60/><U101/><E101/><V53/><F1/><W102/><G102/><T64/><D64/><U109/><E109/><V132/><F132/><W19/><G9/><T29/><D29/><U115/><E3/><V24/><F28/><W42/><G31/><T86/><D86/><U36/><E2/><V61/><F61/><N who="3" m="36095" /><G30/><T135/><D135/><U113/><E34/><V38/><F33/><W23/><G15/><T107/><D107/><U134/><E134/><V78/><F12/><W116/><G116/><RYUUKYOKU ba="2,3" sc="65,15,334,-15,419,-15,152,15" hai0="8,10,11,44,49,50,54,57,68,71,94,97,103" hai3="18,19,20,22,23,42,51" /><INIT seed="3,3,3,1,1,93" ten="80,319,404,167" oya="3" hai0="114,25,70,100,48,109,106,2,77,97,8,49,135" hai1="129,99,59,113,5,115,128,12,63,29,134,44,103" hai2="7,90,3,67,40,118,54,1,111,21,17,81,68" hai3="24,14,96,75,30,45,122,31,28,72,60,95,79"/><W98/><G122/><T132/><D70/><U56/><E134/><N who="0" m="51241" /><D109/><U65/><E44/><V50/><F111/><W57/><G45/><T4/><D114/><N who="1" m="43531" /><E29/><V27/><F40/><W107/><G95/><T62/><D62/><U110/><E110/><V53/><F118/><W121/><G107/><T94/><D77/><U105/><E12/><V131/><F68/><W86/><G75/><T55/><D25/><U6/><E59/><V16/><F27/><W47/><G72/><T71/><D71/><U26/><E26/><V124/><F67/><W119/><G119/><T9/><D9/><U73/><E73/><V76/><F3/><W120/><G24/><T101/><D55/><U35/><E35/><V61/><F53/><W43/><G121/><T39/><D39/><U133/><E133/><V11/><F54/><W13/><G120/><T10/><D10/><U33/><E33/><V80/><F61/><W23/><G86/><T126/><D126/><U92/><E105/><V19/><F50/><N who="0" m="19562" /><D106/><U36/><E36/><V69/><F69/><W52/><G79/><T38/><D38/><U127/><E127/><V117/><F11/><W84/><G84/><T87/><D87/><U112/><E112/><V22/><F76/><W104/><G104/><T116/><D116/><U125/><E125/><V15/><F117/><W130/><G30/><T78/><D78/><U82/><E82/><V123/><F124/><W37/><G28/><T102/><AGARI ba="3,3" hai="2,4,8,94,97,100,101,102" m="19562,51241" machi="102" ten="30,2000,0" yaku="20,1,52,1" doraHai="93" who="0" fromWho="0" sc="80,59,319,-8,404,-8,167,-13" /><INIT seed="4,0,0,5,4,17" ten="139,311,396,154" oya="0" hai0="13,2,16,30,114,106,29,24,64,97,39,42,96" hai1="44,57,50,116,23,68,65,35,54,113,12,109,98" hai2="67,46,95,7,133,55,103,135,63,48,19,112,128" hai3="107,130,84,131,61,14,66,15,18,80,26,134,22"/><T51/><D2/><U94/><E109/><V101/><F112/><W77/><G107/><T90/><D39/><U78/><E116/><V9/><F128/><N who="3" m="49195" /><G134/><N who="2" m="51209" /><F95/><W40/><G40/><T28/><D114/><U60/><E113/><V124/><F124/><W79/><G79/><T41/><D106/><U1/><E35/><V56/><F19/><W52/><G52/><T71/><D71/><AGARI ba="0,0" hai="14,15,18,22,26,61,66,71,77,80,84" m="49195" machi="71" ten="30,2000,0" yaku="19,1,52,1" doraHai="17" who="3" fromWho="0" sc="139,-20,311,0,396,0,154,20" /><INIT seed="5,0,0,4,1,55" ten="119,311,396,174" oya="1" hai0="98,108,27,132,97,110,106,11,63,3,122,73,2" hai1="135,112,16,65,104,99,78,103,118,102,92,117,95" hai2="17,93,111,131,51,134,69,25,123,88,24,19,60" hai3="71,125,64,76,26,8,40,10,119,56,28,81,43"/><U100/><E65/><V86/><F111/><W116/><G71/><T121/><D63/><U91/><E16/><V89/><F123/><N who="0" m="47114" /><D73/><U66/><E66/><V18/><F69/><W49/><G125/><T12/><D106/><U129/><E112/><V22/><F134/><W107/><G107/><T105/><D105/><U72/><E129/><V13/><F131/><W20/><G43/><T82/><D82/><N who="1" m="45383" /><E135/><V1/><F1/><N who="0" m="10" /><D98/><N who="1" m="61463" /><E95/><N who="2" m="54679" /><F60/><W133/><G133/><T35/><D97/><U42/><E42/><V9/><F51/><W70/><G70/><T67/><D67/><U46/><E46/><V21/><F9/><W32/><G40/><T45/><D45/><U68/><E68/><V84/><F13/><W85/><G49/><T128/><D132/><U52/><E52/><V90/><F17/><W61/><REACH who="3" step="1"/><G32/><REACH who="3" ten="119,311,396,164" step="2"/><T87/><D128/><U50/><E50/><V38/><F38/><W29/><G29/><N who="0" m="19903" /><D87/><U74/><E74/><V62/><F84/><W59/><G59/><T57/><D57/><U113/><E113/><V34/><F34/><W36/><G36/><T31/><D31/><U7/><E7/><AGARI ba="0,1" hai="7,11,12,108,110" m="19903,10,47114" machi="7" ten="30,3900,0" yaku="13,1,34,2" doraHai="55" who="0" fromWho="1" sc="119,49,311,-39,396,0,164,0" /><INIT seed="6,0,0,3,3,129" ten="168,272,396,164" oya="2" hai0="100,77,71,25,6,127,114,105,75,110,17,30,106" hai1="42,49,60,99,126,13,11,72,130,62,59,83,50" hai2="45,67,1,68,61,96,35,124,47,39,12,29,109" hai3="51,23,128,120,55,117,101,94,116,21,44,108,134"/><V0/><F109/><W27/><G108/><T82/><D110/><U84/><E130/><V79/><F12/><W65/><G120/><T133/><D127/><U14/><E126/><V53/><F124/><W118/><G128/><T5/><D114/><U7/><E72/><V102/><F47/><W24/><G65/><T22/><D71/><U18/><E99/><V89/><F89/><W46/><G101/><T64/><D64/><U123/><E123/><V36/><F79/><W38/><G94/><T131/><D131/><U19/><E7/><V135/><F53/><W66/><G66/><T112/><D112/><U93/><E93/><V37/><F45/><W40/><REACH who="3" step="1"/><G134/><REACH who="3" ten="168,272,396,154" step="2"/><T52/><D133/><U3/><E3/><V20/><F135/><W54/><G54/><T103/><D103/><U48/><E42/><V88/><F0/><W121/><G121/><T74/><D100/><U41/><E41/><V33/><F1/><W10/><G10/><T107/><D52/><U70/><E70/><V113/><F102/><W4/><G4/><T43/><D43/><U98/><E59/><V9/><F9/><W58/><G58/><T97/><D5/><U63/><E11/><V32/><F113/><W80/><G80/><T16/><D6/><U69/><E69/><V92/><REACH who="2" step="1"/><F20/><AGARI ba="0,1" hai="20,21,23,24,27,38,40,44,46,51,55,116,117,118" machi="20" ten="40,1300,0" yaku="1,1,53,0" doraHai="129" doraHaiUra="15" who="3" fromWho="2" sc="168,0,272,0,396,-13,154,23" /><INIT seed="7,0,0,4,4,18" ten="168,272,383,177" oya="3" hai0="27,102,97,100,127,11,98,13,125,21,26,41,59" hai1="131,95,113,54,15,104,112,123,12,47,23,38,17" hai2="1,114,30,132,88,24,72,105,49,56,66,87,50" hai3="63,20,6,116,36,2,99,40,69,106,9,119,120"/><W86/><G20/><T8/><D41/><N who="1" m="22967" /><E104/><V45/><F105/><W93/><G86/><T43/><D43/><U10/><E123/><V34/><F72/><W111/><G93/><N who="0" m="58415" /><D59/><U64/><E131/><V78/><F114/><N who="1" m="44137" /><E64/><V82/><F132/><W60/><G120/><T65/><D65/><U109/><E109/><V108/><F1/><W61/><G111/><T51/><D51/><U16/><E95/><V68/><F49/><W31/><G31/><N who="0" m="17871" /><D27/><U73/><E54/><V5/><F34/><W85/><G85/><T121/><D121/><U83/><E83/><V4/><F108/><W133/><G133/><T58/><D58/><U52/><E52/><V96/><F96/><W126/><G69/><T3/><D3/><U107/><E107/><V135/><F135/><W29/><G29/><T0/><D0/><U46/><E46/><V42/><F87/><W67/><G67/><T7/><D11/><U124/><E124/><N who="0" m="47689" /><D98/><U122/><E122/><V134/><F66/><W74/><G126/><T103/><AGARI ba="0,0" hai="7,8,13,102,103" m="47689,17871,58415" machi="103" ten="30,2000,0" yaku="18,1,52,1" doraHai="18" who="0" fromWho="0" sc="168,20,272,-5,383,-5,177,-10" owari="188,-21.0,267,7.0,378,47.0,167,-33.0" /></mjloggm>