<mjloggm ver="2.3"><GO type="41" lobby="0"/><UN n0="%E3%81%A8%E3%82%8A%EF%BC%A0%E6%9D%B1%E9%A2%A8" n1="%E3%82%A6%E3%83%AB%E3%83%88%E3%83%A9%E7%AB%8B%E7%9B%B4" n2="%6D%6F%67%75%73%61%33%63" n3="%6D%61%74%62%6B%6B%72%69" dan="15,15,14,13" rate="1975.64,1985.97,1886.22,1853.51" sx="M,M,M,M"/><TAIKYOKU oya="0"/><INIT seed="0,0,0,2,1,116" ten="250,250,250,250" oya="0" hai0="102,70,61,68,32,126,77,18,84,135,6,134,59" hai1="82,20,3,55,29,46,25,125,86,71,51,27,128" hai2="111,133,98,39,56,75,79,47,129,108,54,41,35" hai3="99,114,69,97,9,67,122,81,94,105,62,63,16"/><T42/><D32/><U89/><E71/><V64/><F35/><W13/><G114/><T101/><D42/><U117/><E3/><V7/><F7/><W1/><G1/><T65/><D126/><U76/><E117/><V34/><F34/><W11/><G62/><T127/><D127/><U44/><E125/><V93/><F75/><W74/><G105/><T58/><D6/><U30/><E128/><V43/><F79/><W0/><G0/><T87/><D18/><U90/><REACH who="1" step="1"/><E46/><REACH who="1" ten="250,240,250,250" step="2"/><N who="2" m="23871" /><F129/><W130/><G130/><T31/><D70/><U132/><E132/><V92/><F133/><W38/><G38/><T72/><D134/><U78/><E78/><V100/><F93/><W121/><G94/><T60/><D135/><U96/><E96/><V106/><F106/><W123/><G9/><T113/><D68/><U21/><AGARI ba="0,1" hai="20,21,25,27,29,30,44,51,55,76,82,86,89,90" machi="21" ten="20,8000,1" yaku="1,1,0,1,7,1,9,1,8,1,53,0" doraHai="116" doraHaiUra="12" who="1" fromWho="1" sc="250,-40,240,90,250,-20,250,-20" /><INIT seed="1,0,0,5,5,125" ten="210,330,230,230" oya="1" hai0="103,7,29,18,135,41,122,60,49,8,124,129,62" hai1="22,89,96,100,108,5,74,26,117,25,40,53,75" hai2="105,14,106,104,4,56,131,23,16,113,59,107,84" hai3="67,126,92,36,38,79,39,58,93,20,52,1,132"/><U82/><E117/><V68/><F68/><W133/><G126/><T112/><D112/><U44/><E108/><V94/><F113/><W76/><G1/><T21/><D124/><U24/><E53/><V37/><F37/><W54/><G67/><T10/><D10/><U19/><BYE who="0" /><E5/><V88/><F131/><W13/><G20/><T99/><D99/><U128/><E75/><V65/><F65/><W3/><G13/><T30/><D30/><U32/><E32/><V70/><F70/><W43/><G3/><T119/><D119/><U83/><E128/><V127/><F127/><W102/><G58/><T114/><D114/><U123/><E123/><V2/><N who="2" m="27136" /><DORA hai="120" /><V111/><REACH who="2" step="1"/><F111/><REACH who="2" ten="210,330,220,230" step="2"/><W72/><G43/><T121/><D121/><U51/><E74/><V9/><AGARI ba="0,1" hai="2,4,9,14,16,23,56,59,84,88,94" m="27136" machi="9" ten="60,12000,2" yaku="1,1,2,1,0,1,54,2,53,1" doraHai="125,120" doraHaiUra="97,86" who="2" fromWho="2" sc="210,-30,330,-60,220,130,230,-30" /><INIT seed="2,0,0,3,1,82" ten="180,270,350,200" oya="2" hai0="117,30,63,20,99,72,10,87,0,92,55,98,11" hai1="91,67,121,88,2,7,47,49,38,23,57,16,64" hai2="29,5,135,46,131,93,130,31,44,14,65,26,76" hai3="133,94,110,66,95,37,129,17,97,21,70,51,78"/><V102/><F76/><W52/><G37/><T9/><D9/><U12/><E38/><V24/><F65/><W39/><G39/><T106/><D106/><U105/><E105/><V56/><F5/><W96/><G110/><T101/><D101/><U13/><E121/><V90/><F102/><W84/><G133/><T89/><D89/><U85/><E2/><V80/><F80/><W81/><G129/><N who="2" m="49161" /><F135/><W103/><G70/><T15/><D15/><U125/><E91/><V71/><F71/><W25/><G66/><T100/><D100/><U109/><E109/><V45/><F56/><W120/><G120/><T112/><D112/><U42/><E125/><V34/><F14/><W43/><G43/><T74/><D74/><U108/><E108/><V73/><F73/><W40/><G40/><T111/><D111/><U122/><E122/><V124/><F124/><W86/><G97/><T68/><D68/><U107/><E107/><V59/><F59/><W36/><G36/><T116/><D116/><U33/><E57/><V69/><F69/><W79/><G79/><T115/><D115/><U119/><E119/><V113/><F113/><W61/><G61/><T123/><D123/><U60/><E60/><V58/><F58/><N who="3" m="33055" /><G95/><T75/><D75/><U118/><E118/><V62/><F62/><W134/><G134/><T35/><D35/><U126/><E126/><V114/><F114/><W1/><G1/><T19/><D19/><U48/><E33/><N who="2" m="20647" /><F44/><W41/><G41/><T3/><D3/><U128/><E128/><V27/><F27/><W32/><G32/><T50/><D50/><RYUUKYOKU ba="0,0" sc="180,-15,270,-15,350,15,200,15" hai2="26,31,34,45,46,90,93" hai3="17,21,25,78,81,84,86,94,96,103" /><INIT seed="2,1,0,0,3,72" ten="165,255,365,215" oya="2" hai0="9,54,16,29,24,39,117,14,127,26,18,17,65" hai1="60,99,107,50,118,71,56,35,90,126,79,129,109" hai2="53,2,8,7,96,74,58,122,66,31,100,112,110" hai3="40,119,116,13,124,15,89,104,93,36,108,70,57"/><V10/><F122/><W30/><G104/><T41/><D41/><U135/><E118/><V68/><F112/><W85/><G70/><T111/><D111/><U32/><E109/><V67/><F74/><W51/><G108/><T130/><D130/><U6/><E129/><V131/><F110/><W46/><G124/><T19/><D19/><U5/><E126/><V82/><F131/><W94/><G36/><T0/><D0/><U64/><E135/><V106/><F31/><W42/><G30/><T105/><D105/><U102/><E90/><V84/><F68/><W12/><G57/><T97/><D97/><U76/><E6/><V81/><F10/><W34/><G34/><T38/><D38/><U21/><E5/><V27/><F82/><W37/><G37/><T44/><D44/><U47/><E71/><V78/><REACH who="2" step="1"/><F27/><REACH who="2" ten="165,255,355,215" step="2"/><W125/><G125/><T91/><D91/><U114/><E114/><V80/><F80/><N who="3" m="49319" /><G116/><T11/><D11/><U101/><E101/><V25/><F25/><W121/><G119/><T77/><D77/><U83/><E83/><V20/><F20/><W69/><G69/><T88/><D88/><U23/><E35/><V87/><F87/><W128/><G121/><T45/><D45/><U113/><E32/><V98/><F98/><W86/><G128/><T48/><D48/><AGARI ba="1,1" hai="2,7,8,48,53,58,66,67,78,81,84,96,100,106" machi="48" ten="30,11600,0" yaku="1,1,7,1,52,1,53,1" doraHai="72" doraHaiUra="3" who="2" fromWho="0" sc="165,-119,255,0,355,129,215,0" /><INIT seed="2,2,0,1,2,19" ten="46,255,484,215" oya="2" hai0="36,128,29,17,27,63,69,45,85,130,118,12,32" hai1="47,37,90,61,132,54,38,28,112,101,13,125,131" hai2="59,31,135,88,92,64,102,77,6,103,52,129,23" hai3="33,120,109,115,99,44,89,50,107,2,78,22,68"/><V83/><F129/><W71/><G33/><T3/><D3/><U76/><E101/><V122/><F122/><W65/><G120/><T7/><D7/><U74/><E76/><V60/><F135/><W95/><G2/><T0/><D0/><U48/><E74/><V10/><F31/><W46/><G115/><T94/><D94/><U58/><E90/><V21/><F103/><W100/><G109/><T11/><D11/><U41/><E13/><V39/><F39/><W123/><G123/><T30/><D30/><U9/><E9/><V117/><F102/><W73/><G46/><T114/><D114/><U53/><E28/><V121/><F121/><W126/><G126/><T75/><D75/><U24/><E24/><V18/><F18/><W70/><G22/><N who="2" m="8201" /><F6/><W133/><G133/><T105/><D105/><U14/><E112/><V87/><F10/><W56/><G56/><T35/><D35/><U91/><E38/><V42/><F42/><W106/><G106/><T97/><D97/><U57/><E41/><V51/><F117/><W8/><G8/><T25/><D25/><U15/><E37/><V111/><F111/><W124/><G124/><T82/><D82/><U5/><E125/><V84/><F51/><W43/><G107/><T1/><D1/><U72/><E5/><V62/><F62/><N who="3" m="39991" /><G100/><T119/><D119/><U134/><E131/><V81/><F81/><W116/><G116/><T16/><D16/><U98/><E134/><V113/><F113/><W34/><G34/><T104/><D104/><U127/><E132/><V66/><AGARI ba="2,0" hai="52,59,60,64,66,77,83,84,87,88,92" m="8201" machi="66" ten="30,18000,2" yaku="8,1,52,3,54,2" doraHai="19" who="2" fromWho="2" sc="46,-62,255,-62,484,186,215,-62" owari="-16,-52.0,193,-1.0,670,78.0,153,-25.0" /></mjloggm>