<mjloggm ver="2.3"><GO type="169" lobby="0"/><UN n0="%E3%83%8E%E3%83%B3%E3%83%A9%E3%82%B9%E6%89%93%E6%B3%95" n1="%E3%81%AF%E3%82%89%E3%81%BA%E3%81%93%E3%83%AA%E3%82%B0%E3%83%AB" n2="%E3%82%A6%E3%83%AB%E3%83%88%E3%83%A9%E7%AB%8B%E7%9B%B4" n3="%E3%83%87%E3%82%B8%E3%82%BF%E3%83%AB%E4%BB%99%E4%BA%BA" dan="17,16,17,18" rate="2101.74,2071.87,2084.32,2144.11" sx="M,F,M,F"/><TAIKYOKU oya="0"/><INIT seed="0,0,0,4,5,90" ten="250,250,250,250" oya="0" hai0="83,128,15,133,41,27,24,116,77,65,131,75,35" hai1="123,76,100,30,5,45,84,50,68,86,1,22,91" hai2="85,88,44,70,129,11,3,31,87,38,34,135,42" hai3="96,43,28,99,33,49,6,48,105,80,93,115,23"/><T92/><D116/><U111/><E111/><V132/><F70/><W95/><G105/><T113/><D113/><U108/><E108/><V10/><F87/><W109/><G33/><T82/><D133/><N who="2" m="51274" /><F3/><W121/><G109/><T79/><D41/><U26/><E123/><V103/><F103/><W112/><G6/><T104/><D104/><U81/><E68/><V56/><F56/><W118/><G118/><T0/><D0/><U47/><E100/><V72/><F72/><W102/><G121/><T78/><D65/><U2/><E5/><V59/><F59/><W9/><G9/><T18/><D35/><U134/><E134/><V37/><F37/><W94/><G112/><T89/><D75/><U101/><E47/><V25/><F129/><N who="0" m="49738" /><D83/><AGARI ba="0,0" hai="10,11,25,31,34,38,42,44,83,85,88" m="51274" machi="83" ten="30,2000,0" yaku="20,1,54,1" doraHai="90" who="2" fromWho="0" sc="250,-20,250,0,250,20,250,0" /><INIT seed="1,0,0,2,5,119" ten="230,250,270,250" oya="1" hai0="17,131,18,108,42,86,52,95,6,114,98,35,50" hai1="70,92,105,55,94,80,29,54,79,101,14,12,89" hai2="128,82,13,60,41,23,127,22,31,76,69,88,53" hai3="48,75,32,113,93,21,66,56,0,46,16,61,121"/><U90/><E70/><V115/><F127/><W58/><G113/><T134/><D114/><U64/><E64/><V62/><F128/><W36/><G32/><T125/><D35/><U85/><E29/><V96/><F41/><W38/><G0/><T123/><D125/><U106/><E106/><V87/><F69/><W40/><G75/><T124/><D124/><U15/><E105/><V126/><F126/><W74/><G74/><T77/><D131/><U8/><E101/><V5/><F115/><W30/><G30/><T59/><D108/><U24/><E24/><V39/><F39/><W102/><G121/><T7/><D134/><U33/><E33/><V68/><F68/><W130/><G58/><T25/><D42/><U67/><E67/><V103/><F76/><W112/><G112/><T135/><D135/><U99/><REACH who="1" step="1"/><E8/><REACH who="1" ten="230,240,270,250" step="2"/><V104/><F31/><W122/><G130/><T118/><D25/><U49/><E49/><V81/><F104/><W47/><G36/><T83/><D50/><U44/><E44/><V110/><F103/><W111/><G47/><T2/><D59/><U63/><E63/><V97/><F62/><W51/><G51/><T11/><D11/><U43/><E43/><V28/><F60/><W73/><G38/><T129/><D129/><U132/><E132/><V133/><F133/><W1/><G48/><T4/><D52/><U27/><E27/><V9/><F53/><W10/><G40/><T117/><D118/><U57/><E57/><V120/><F28/><W65/><G56/><T34/><D117/><U19/><E19/><V37/><F37/><RYUUKYOKU ba="0,1" sc="230,-10,240,30,270,-10,250,-10" hai1="12,14,15,54,55,79,80,85,89,90,92,94,99" /><INIT seed="1,1,1,1,0,30" ten="220,270,260,240" oya="1" hai0="52,36,47,110,6,66,13,84,2,23,114,106,68" hai1="121,129,54,90,39,43,91,27,9,65,99,75,88" hai2="119,56,79,55,94,73,72,100,19,20,93,116,40" hai3="62,101,122,18,135,67,5,71,87,74,125,63,133"/><U97/><E121/><V107/><F107/><W89/><G74/><T35/><D106/><U24/><E75/><V10/><F72/><W31/><G122/><T85/><D114/><U4/><E129/><V98/><F73/><W69/><G101/><T83/><D110/><U126/><E126/><V105/><F79/><W78/><G78/><T48/><D2/><U28/><E65/><V127/><F127/><W115/><G115/><T51/><D36/><U134/><E134/><N who="3" m="51210" /><G18/><T117/><D117/><U70/><E70/><V49/><F105/><W108/><G108/><T11/><D35/><U118/><E118/><V132/><F132/><W53/><G5/><T25/><D68/><U45/><E54/><V29/><F40/><W50/><G63/><T77/><D66/><U120/><E120/><V34/><F10/><W86/><G69/><T81/><D51/><U61/><E61/><V21/><F21/><W26/><G89/><T46/><D23/><U32/><REACH who="1" step="1"/><E27/><REACH who="1" ten="220,260,260,240" step="2"/><V124/><F124/><W8/><G125/><T60/><D25/><U95/><E95/><V15/><F94/><W104/><G104/><T92/><D92/><U7/><E7/><V12/><F119/><W112/><G112/><T44/><D60/><U80/><E80/><V103/><F116/><W76/><G62/><T64/><D64/><U41/><E41/><V14/><F103/><W130/><G67/><T102/><D102/><U0/><AGARI ba="1,2" hai="0,4,9,24,28,32,39,43,45,88,90,91,97,99" machi="0" ten="30,11700,0" yaku="1,1,0,1,52,1,54,1,53,0" doraHai="30" doraHaiUra="57" who="1" fromWho="1" sc="220,-40,260,140,260,-40,240,-40" /><INIT seed="1,2,0,3,4,3" ten="180,400,220,200" oya="1" hai0="73,103,60,109,117,120,92,95,128,14,85,121,0" hai1="132,80,112,99,26,37,100,135,68,19,7,41,107" hai2="1,56,106,65,122,129,22,53,36,102,12,34,79" hai3="94,28,125,74,81,93,15,18,123,87,133,76,113"/><U71/><E112/><V9/><F122/><N who="0" m="47210" /><D0/><U66/><E80/><V134/><F36/><W17/><G123/><T116/><D73/><U35/><E7/><V111/><F65/><W49/><G113/><T78/><D60/><N who="1" m="40007" /><E19/><V27/><F102/><W105/><G105/><T54/><D54/><U39/><E71/><V62/><F106/><W114/><G114/><T58/><D58/><U31/><E41/><V77/><F34/><W45/><G28/><T75/><D75/><U21/><E21/><V70/><F1/><W10/><G74/><T25/><D25/><U90/><E90/><V51/><F70/><W55/><G18/><T67/><D14/><U72/><E72/><V124/><F12/><W119/><G119/><T101/><D103/><U63/><E63/><V69/><F62/><W89/><G76/><T127/><D78/><U40/><E40/><V44/><F79/><W115/><G115/><T57/><D116/><U91/><E91/><V50/><F77/><W47/><G89/><T59/><D117/><U32/><E32/><V126/><F69/><W131/><G15/><T84/><D101/><U61/><E61/><V8/><F22/><W24/><G17/><T96/><D95/><U30/><E30/><V20/><F20/><W6/><G93/><T16/><D92/><U46/><E46/><V2/><F44/><W29/><G47/><T33/><D16/><U5/><E5/><V4/><F4/><W104/><G6/><T98/><D33/><U110/><E110/><V13/><F111/><W42/><G45/><T130/><D109/><U43/><E43/><RYUUKYOKU ba="2,0" sc="180,-10,400,30,220,-10,200,-10" hai1="26,31,35,37,39,99,100,107,132,135" /><INIT seed="1,3,0,3,1,81" ten="170,430,210,190" oya="1" hai0="129,25,36,58,104,68,91,20,116,75,34,44,43" hai1="10,6,65,24,87,125,106,130,124,22,72,62,105" hai2="66,126,13,18,40,83,12,60,49,8,101,39,46" hai3="86,32,108,92,120,38,67,16,135,95,17,94,4"/><U53/><E72/><V79/><F126/><N who="1" m="48745" /><E53/><V7/><F101/><W19/><G120/><T123/><D116/><U29/><E130/><V132/><F132/><W85/><G135/><T54/><D123/><U97/><E97/><V59/><F18/><W127/><G127/><T41/><D129/><U114/><E87/><N who="3" m="33290" /><G32/><T90/><D34/><U82/><E82/><V0/><REACH who="2" step="1"/><F49/><REACH who="2" ten="170,430,200,190" step="2"/><W103/><G103/><T76/><D36/><U133/><E133/><V70/><F70/><W64/><G38/><T45/><D68/><N who="1" m="42039" /><E114/><V33/><F33/><W3/><G108/><T115/><D115/><U63/><E63/><V48/><F48/><W31/><G31/><T35/><D35/><U11/><E11/><V107/><F107/><W28/><G28/><T96/><D104/><U84/><E106/><V52/><F52/><W42/><G42/><T57/><D54/><U110/><E10/><V1/><F1/><W27/><G3/><T61/><D43/><U74/><E105/><V56/><F56/><W47/><G47/><T55/><D57/><U9/><E29/><V131/><F131/><W119/><G119/><T15/><D45/><U88/><E9/><V26/><F26/><W23/><G4/><T21/><D44/><U50/><E6/><V2/><F2/><W89/><G27/><T109/><D25/><U128/><E24/><V111/><F111/><W77/><G23/><T121/><D109/><U73/><E22/><V100/><F100/><W51/><G51/><T102/><D21/><U30/><E50/><V80/><F80/><W112/><G112/><T71/><D20/><RYUUKYOKU ba="3,1" sc="170,-10,430,-10,200,30,190,-10" hai2="0,7,8,12,13,39,40,46,59,60,66,79,83" /><INIT seed="2,4,1,5,2,6" ten="160,420,230,180" oya="2" hai0="39,99,94,26,41,81,53,30,69,134,114,48,7" hai1="85,130,123,32,24,97,71,80,124,66,79,13,17" hai2="63,67,18,112,49,90,40,100,10,120,23,11,19" hai3="9,77,103,37,20,43,25,117,0,29,60,82,15"/><V102/><F120/><W16/><G117/><T36/><D114/><U46/><E124/><V1/><F112/><W27/><G103/><T45/><D69/><U56/><E71/><V91/><F1/><W107/><G107/><T3/><D134/><U44/><E130/><V119/><F119/><W62/><G0/><T42/><D81/><U28/><E123/><V33/><F33/><W105/><G105/><T110/><D110/><U86/><E97/><V2/><F2/><W47/><REACH who="3" step="1"/><G27/><REACH who="3" ten="160,420,230,170" step="2"/><T118/><D118/><U104/><E104/><V98/><F102/><W31/><G31/><T34/><D26/><U106/><E106/><V113/><F113/><W83/><G83/><T70/><D30/><U92/><E92/><V55/><F100/><W132/><G132/><T125/><D94/><U93/><E93/><V50/><F98/><W73/><AGARI ba="4,2" hai="9,15,16,20,25,29,37,43,47,60,62,73,77,82" machi="73" ten="20,12000,2" yaku="1,1,0,1,7,1,52,1,54,1,53,1" doraHai="6" doraHaiUra="12" who="3" fromWho="3" sc="160,-34,420,-34,230,-64,170,152" /><INIT seed="3,0,0,4,5,45" ten="126,386,166,322" oya="3" hai0="81,120,32,131,47,69,51,127,125,118,7,25,35" hai1="49,115,33,90,104,8,126,56,71,18,122,77,66" hai2="102,21,110,52,92,44,123,72,61,30,46,93,43" hai3="9,84,26,67,100,119,40,79,14,76,3,86,54"/><W70/><G3/><T12/><D118/><U129/><E126/><N who="0" m="48137" /><D69/><U5/><E129/><V24/><F72/><W73/><G119/><T36/><D36/><U107/><E122/><V117/><F117/><W62/><G100/><T88/><D120/><U4/><E33/><V97/><F123/><W63/><G40/><N who="0" m="25063" /><D25/><U114/><E71/><V108/><F93/><W121/><G26/><T17/><D7/><U83/><E4/><V111/><F43/><W106/><G106/><T60/><D60/><U10/><E5/><V16/><F30/><W68/><G121/><T96/><D131/><U57/><E115/><V50/><F46/><W38/><G38/><T130/><D130/><U28/><E57/><V134/><F134/><W105/><G105/><T128/><D128/><U22/><E56/><V34/><F61/><W29/><G29/><T55/><D55/><U15/><E28/><V98/><F98/><W41/><G41/><T11/><D96/><U103/><E114/><V133/><F133/><W87/><G73/><T64/><D64/><U132/><E66/><V78/><F78/><W23/><G54/><T74/><D74/><U99/><E77/><V95/><F95/><W112/><G112/><T94/><D94/><N who="1" m="58871" /><E132/><V1/><F1/><W85/><G63/><T91/><D81/><U101/><E107/><V31/><F31/><W2/><G68/><T124/><N who="0" m="48145" /><T65/><DORA hai="48" /><D65/><U58/><E104/><V37/><F37/><W59/><G70/><T113/><D113/><U80/><E83/><V27/><F34/><AGARI ba="0,0" hai="11,12,17,32,34,35,88,91" m="25063,48145" machi="34" ten="40,5200,0" yaku="18,1,52,1,54,1" doraHai="45,48" who="0" fromWho="2" sc="126,52,386,0,166,-52,322,0" /><INIT seed="4,0,0,2,2,67" ten="178,386,114,322" oya="0" hai0="125,41,133,90,46,24,111,9,14,4,134,55,57" hai1="88,128,22,93,3,7,124,12,66,73,96,104,40" hai2="43,82,1,23,94,112,105,120,97,16,11,91,126" hai3="36,92,110,51,109,114,130,102,78,84,42,47,15"/><T18/><D125/><U70/><E128/><V19/><F120/><W100/><G130/><T29/><D111/><U113/><E124/><V85/><F126/><W56/><G114/><T107/><D107/><U26/><E3/><V59/><F112/><W72/><G72/><T17/><D90/><U122/><E73/><V21/><F105/><W38/><G100/><T50/><D133/><U44/><E122/><V39/><F43/><W65/><G102/><T63/><REACH who="0" step="1"/><D134/><REACH who="0" ten="168,386,114,322" step="2"/><U20/><E104/><V62/><F39/><W60/><G36/><T10/><D10/><U0/><E88/><N who="2" m="51255" /><F1/><W31/><G38/><T5/><D5/><U28/><E0/><V52/><F11/><W106/><G106/><T95/><D95/><U81/><E93/><V117/><F117/><W77/><G110/><T2/><D2/><U135/><E7/><V49/><F23/><AGARI ba="0,1" hai="4,9,14,17,18,23,24,29,41,46,50,55,57,63" machi="23" ten="30,5800,0" yaku="1,1,7,1,8,1,53,0" doraHai="67" doraHaiUra="132" who="0" fromWho="2" sc="168,68,386,0,114,-58,322,0" /><INIT seed="4,1,0,4,0,134" ten="236,386,56,322" oya="0" hai0="72,101,95,40,116,5,74,84,105,35,93,127,13" hai1="73,133,120,49,121,30,17,16,7,19,37,62,86" hai2="1,112,119,15,54,79,68,51,103,117,128,50,36" hai3="0,24,88,21,98,12,57,122,97,102,123,67,6"/><T64/><D35/><U34/><E73/><V66/><F1/><W110/><G110/><T31/><D31/><U48/><E37/><V109/><F15/><W20/><G0/><T113/><D40/><U107/><E107/><V61/><F103/><W125/><G125/><T135/><D64/><U65/><E133/><V124/><F79/><W118/><G118/><N who="2" m="45065" /><F109/><W27/><G12/><T39/><D39/><U58/><E7/><V41/><F128/><W52/><G6/><T60/><D60/><U10/><E10/><V9/><F9/><W104/><G67/><T126/><D13/><U77/><E34/><V75/><F75/><N who="0" m="28714" /><D5/><U18/><E30/><V69/><F112/><W80/><G24/><T26/><D26/><U44/><E49/><N who="2" m="18443" /><F54/><W87/><G98/><N who="0" m="61623" /><D113/><U53/><N who="1" m="4096" /><DORA hai="78" /><U131/><REACH who="1" step="1"/><E131/><REACH who="1" ten="236,376,56,322" step="2"/><V100/><F36/><W55/><G27/><T14/><D116/><U46/><E46/><V71/><F41/><W91/><G21/><T130/><D130/><U11/><E11/><V108/><F108/><W90/><G20/><T45/><D45/><U42/><E42/><V47/><F47/><W33/><G33/><T32/><D32/><U82/><AGARI ba="1,1" hai="44,48,53,58,62,65,77,82,86,120,121" m="4096" machi="82" ten="40,8000,1" yaku="1,1,0,1,52,1,54,1,53,1" doraHai="134,78" doraHaiUra="114,63" who="1" fromWho="1" sc="236,-41,376,93,56,-21,322,-21" /><INIT seed="5,0,0,4,2,58" ten="195,469,35,301" oya="1" hai0="11,115,65,63,7,78,51,99,85,46,73,107,116" hai1="22,61,28,40,90,21,92,32,2,97,36,101,50" hai2="17,59,6,29,47,43,80,54,19,129,109,34,4" hai3="76,57,114,42,108,74,126,133,66,127,70,102,128"/><U79/><E2/><V105/><F109/><W68/><G108/><T26/><D116/><U18/><E36/><V95/><F105/><W35/><G35/><T134/><D115/><U100/><E79/><V12/><F129/><W84/><G74/><T48/><D134/><U111/><E111/><V131/><F131/><W33/><G33/><T117/><D117/><U39/><E39/><V16/><F29/><W24/><G128/><T25/><D73/><U120/><E120/><V1/><F34/><W91/><G76/><T81/><D99/><U88/><E61/><V119/><F119/><W27/><G42/><T60/><D107/><U55/><E40/><V20/><F80/><W13/><G102/><T67/><D67/><U82/><E32/><V8/><F95/><W62/><G133/><T122/><D122/><U56/><E28/><V113/><F6/><W93/><G114/><T64/><D64/><U86/><E22/><V52/><F113/><W125/><G13/><AGARI ba="0,0" hai="13,18,21,50,55,56,82,86,88,90,92,97,100,101" machi="13" ten="30,5800,0" yaku="7,1,8,1,54,1" doraHai="58" who="1" fromWho="3" sc="195,0,469,58,35,0,301,-58" /><INIT seed="5,1,0,4,3,108" ten="195,527,35,243" oya="1" hai0="21,34,132,45,63,31,79,81,87,90,56,112,94" hai1="24,44,2,68,47,103,104,117,11,40,74,5,33" hai2="70,50,77,75,57,4,80,7,23,82,17,86,125" hai3="135,13,16,96,43,102,120,28,30,10,119,101,6"/><U95/><E95/><V60/><F70/><W106/><G119/><T3/><D3/><U118/><E47/><V131/><F125/><W62/><G120/><T89/><D132/><U51/><E74/><V66/><F131/><W59/><G135/><T69/><D69/><U72/><E72/><V84/><F50/><W128/><G128/><T19/><D34/><U42/><E42/><V65/><F75/><W52/><G43/><T134/><D31/><U25/><E25/><V53/><F65/><W113/><G113/><T49/><D112/><U126/><E126/><V35/><F66/><W76/><G76/><T116/><D116/><U20/><E20/><V105/><F105/><W99/><G6/><T61/><D134/><U46/><E46/><V15/><REACH who="2" step="1"/><F35/><REACH who="2" ten="195,527,25,243" step="2"/><W9/><G10/><T107/><D107/><AGARI ba="1,1" hai="9,13,16,28,30,52,59,62,96,99,101,102,106,107" machi="107" ten="30,7700,0" yaku="7,1,9,1,54,2" doraHai="108" who="3" fromWho="0" sc="195,-80,527,0,25,0,243,90" /><INIT seed="6,0,0,0,1,58" ten="115,527,25,333" oya="2" hai0="115,105,8,124,133,1,119,50,102,37,48,81,16" hai1="107,61,130,125,3,60,106,75,43,30,128,21,103" hai2="35,56,135,101,92,63,64,111,85,112,54,13,59" hai3="67,104,91,134,96,46,94,87,110,88,93,95,89"/><V41/><F35/><W86/><G110/><T114/><D37/><U84/><E75/><V109/><F135/><W22/><G134/><T38/><D38/><U12/><E3/><V100/><F41/><W79/><G67/><T77/><D133/><U69/><E69/><V28/><F28/><W118/><G22/><T74/><D119/><U82/><E43/><V29/><F29/><W17/><G17/><T65/><D65/><U80/><E125/><V131/><F131/><N who="1" m="50217" /><E82/><V23/><F112/><N who="0" m="43050" /><D124/><U78/><E103/><V122/><F122/><W15/><G15/><N who="0" m="7271" /><D1/><U40/><E40/><V25/><F111/><W62/><G118/><T36/><D36/><U0/><E0/><V90/><F109/><W49/><G104/><T55/><D55/><U72/><E72/><V97/><F97/><AGARI ba="0,0" hai="48,50,74,77,81,97,102,105" m="7271,43050" machi="97" ten="30,2000,0" yaku="15,1,54,1" doraHai="58" who="0" fromWho="2" sc="115,20,527,0,25,-20,333,0" /><INIT seed="7,0,0,2,4,75" ten="135,527,5,333" oya="3" hai0="45,122,120,31,127,4,124,14,72,112,100,90,23" hai1="83,94,42,10,48,32,13,65,46,41,113,87,76" hai2="64,81,105,11,44,19,130,34,66,30,78,125,77" hai3="20,107,129,93,102,40,35,118,106,0,33,7,25"/><W6/><G118/><T80/><D23/><U49/><E32/><V98/><F34/><W63/><G129/><T128/><D31/><U56/><E113/><V39/><F30/><W69/><G40/><N who="1" m="15466" /><E94/><V92/><F105/><W17/><G35/><T82/><D45/><U29/><E29/><V86/><F39/><W131/><G33/><T21/><D21/><U57/><E65/><V53/><F125/><W88/><G131/><T126/><D14/><U37/><E37/><V121/><F121/><W58/><G69/><T111/><D4/><N who="1" m="3271" /><E49/><N who="2" m="28839" /><F130/><W117/><G117/><T38/><D38/><U74/><E74/><V97/><F97/><W47/><G47/><T8/><D72/><U54/><AGARI ba="0,0" hai="46,48,54,56,57,76,83,87" m="3271,15466" machi="54" ten="30,2000,0" yaku="8,1,52,1" doraHai="75" who="1" fromWho="1" sc="135,-5,527,20,5,-5,333,-10" owari="130,-27.0,547,65.0,0,-50.0,323,12.0" /></mjloggm>