<mjloggm ver="2.3"><GO type="97" lobby="0"/><UN n0="%E3%83%A4%E3%82%AE" n1="%E8%8B%A5%E6%9C%AC%E8%A6%8F%E5%A4%AB" n2="%E3%81%9F%E3%83%BC%E3%81%9F" n3="%E3%82%A6%E3%83%AB%E3%83%88%E3%83%A9%E7%AB%8B%E7%9B%B4" dan="13,14,13,15" rate="1992.77,1977.04,1805.04,2012.95" sx="M,M,M,M"/><TAIKYOKU oya="0"/><INIT seed="0,0,0,5,1,135" ten="250,250,250,250" oya="0" hai0="92,3,110,130,82,105,106,132,2,24,45,99,65" hai1="81,102,119,29,94,74,7,51,108,0,39,97,13" hai2="56,117,16,93,109,28,133,113,59,52,122,85,55" hai3="116,68,86,8,42,127,47,131,44,58,126,118,67"/><T41/><D132/><U88/><E119/><V89/><F133/><W91/><G8/><T75/><D65/><U84/><E39/><V64/><F113/><W17/><G17/><T5/><D130/><U1/><E108/><V35/><F122/><W103/><G103/><T57/><D110/><U21/><E74/><V79/><F109/><W19/><G19/><T37/><D57/><U12/><E1/><V111/><F111/><W15/><G15/><T27/><D105/><U31/><E0/><V40/><F117/><N who="3" m="45163" /><G91/><N who="0" m="55711" /><D106/><U78/><E51/><V80/><F35/><W30/><G86/><T100/><D100/><U20/><E102/><V34/><F34/><W129/><G30/><N who="1" m="11274" /><E12/><V124/><F28/><W120/><G68/><T22/><D22/><N who="1" m="8811" /><E13/><V115/><F115/><W46/><G120/><T4/><D4/><AGARI ba="0,0" hai="4,7,78,81,84,88,94,97" m="8811,11274" machi="4" ten="30,2000,0" yaku="8,1,54,1" doraHai="135" who="1" fromWho="0" sc="250,-20,250,20,250,0,250,0" /><INIT seed="1,0,0,3,1,113" ten="230,270,250,250" oya="1" hai0="103,96,25,43,92,20,6,82,57,107,4,123,47" hai1="76,72,17,51,116,2,98,83,66,14,29,133,99" hai2="74,117,59,77,41,28,19,16,125,21,110,90,7" hai3="78,53,5,27,3,23,75,134,34,42,62,129,1"/><U24/><E2/><V102/><F102/><W61/><G78/><T112/><D112/><U91/><E133/><V46/><F77/><W54/><G75/><T104/><D123/><U22/><E116/><V88/><F74/><W101/><G34/><T73/><D57/><U94/><E51/><V86/><F59/><W95/><G42/><T64/><D64/><U115/><E115/><V85/><F7/><W55/><G5/><T63/><D63/><U65/><REACH who="1" step="1"/><E98/><REACH who="1" ten="230,260,250,250" step="2"/><V69/><F41/><W35/><G3/><T12/><D43/><U130/><E130/><V45/><F125/><W135/><G1/><T71/><D96/><U44/><E44/><V84/><F117/><W108/><G129/><T119/><D47/><U40/><E40/><V52/><F46/><W32/><G134/><T127/><D119/><U33/><AGARI ba="0,1" hai="14,17,22,24,29,33,65,66,72,76,83,91,94,99" machi="33" ten="20,3900,0" yaku="1,1,0,1,7,1,53,0" doraHai="113" doraHaiUra="56" who="1" fromWho="1" sc="230,-13,260,49,250,-13,250,-13" /><INIT seed="1,1,0,3,3,88" ten="217,309,237,237" oya="1" hai0="74,9,126,102,6,37,120,124,101,31,77,75,28" hai1="15,105,65,68,82,26,103,128,113,0,71,134,27" hai2="54,72,51,24,94,8,90,23,12,25,79,39,98" hai3="34,4,122,13,5,48,36,17,38,133,111,67,118"/><U61/><E113/><V93/><F39/><W110/><G34/><T76/><D9/><U33/><E0/><V73/><F72/><N who="0" m="27690" /><D37/><N who="3" m="14441" /><G67/><T55/><D55/><U83/><E71/><V19/><F73/><W85/><G48/><T32/><D32/><U92/><E105/><V80/><F79/><N who="0" m="30282" /><D6/><U11/><E27/><V35/><F35/><W47/><G17/><T43/><D43/><U95/><E26/><V20/><F25/><W7/><G47/><T29/><D120/><U129/><E33/><V46/><F98/><W18/><G122/><T107/><D107/><U112/><E112/><V135/><F23/><W63/><G63/><T64/><D64/><U81/><E103/><AGARI ba="1,0" hai="28,29,31,101,102,103,124,126" m="30282,27690" machi="103" ten="40,2600,0" yaku="28,2" doraHai="88" who="0" fromWho="1" sc="217,29,309,-29,237,0,237,0" /><INIT seed="2,0,0,4,1,19" ten="246,280,237,237" oya="2" hai0="69,44,117,7,121,99,57,81,11,60,77,129,100" hai1="87,82,74,16,10,106,113,3,91,83,73,102,26" hai2="76,25,123,34,0,27,88,72,55,31,51,75,112" hai3="21,8,32,36,12,59,90,49,71,115,61,50,28"/><V13/><F123/><W125/><G36/><T17/><D121/><U22/><E113/><V95/><F112/><W133/><G32/><T116/><D69/><U109/><E109/><V135/><F0/><W124/><G71/><T103/><D129/><U29/><E83/><V23/><F135/><W45/><G90/><T48/><D17/><U56/><E56/><V15/><F75/><W42/><G50/><T58/><D58/><U108/><E108/><V120/><F120/><W70/><G70/><T41/><D57/><U63/><E63/><V18/><F72/><W104/><G104/><T78/><D60/><U53/><E53/><V97/><F76/><W110/><G110/><T93/><D100/><U24/><E102/><V89/><F89/><W52/><G133/><T47/><D47/><AGARI ba="0,0" hai="13,15,18,23,25,27,31,34,47,51,55,88,95,97" machi="47" ten="30,5800,0" yaku="7,1,52,1,54,1" doraHai="19" who="2" fromWho="0" sc="246,-58,280,0,237,58,237,0" /><INIT seed="2,1,0,0,5,16" ten="188,280,295,237" oya="2" hai0="119,61,13,23,106,95,108,59,63,18,11,72,70" hai1="12,74,4,124,20,32,84,78,0,22,128,66,37" hai2="15,44,34,5,40,62,52,8,60,75,69,127,3" hai3="53,93,58,99,56,98,79,117,89,6,118,101,126"/><V45/><F75/><W31/><G126/><T103/><D106/><U19/><E32/><V94/><F34/><W134/><G134/><T88/><D72/><U65/><E74/><V49/><F127/><W33/><G79/><T25/><D108/><U129/><E37/><V87/><F3/><W29/><G6/><T48/><D119/><U114/><E114/><V113/><F69/><W135/><G135/><T17/><D103/><U7/><E124/><V83/><F94/><W42/><G42/><T43/><D70/><U1/><E78/><V39/><F113/><W50/><G33/><T26/><D26/><U67/><E84/><V9/><F9/><W130/><G130/><N who="1" m="50282" /><E20/><V109/><F109/><W10/><G10/><T104/><D104/><U47/><E47/><V91/><AGARI ba="1,0" hai="5,8,15,39,40,44,45,49,52,60,62,83,87,91" machi="91" ten="20,3900,0" yaku="0,1,7,1,54,1" doraHai="16" who="2" fromWho="2" sc="188,-14,280,-14,295,42,237,-14" /><INIT seed="2,2,0,0,2,53" ten="174,266,337,223" oya="2" hai0="113,49,32,134,37,33,74,18,87,0,124,15,80" hai1="11,131,133,90,4,108,88,96,8,67,129,75,16" hai2="44,7,98,86,99,126,132,65,2,20,64,59,60" hai3="118,120,31,102,38,50,58,29,135,39,24,110,71"/><V72/><F72/><W48/><G71/><T116/><D113/><U84/><E75/><V68/><F2/><W21/><G120/><T5/><D37/><U66/><E96/><N who="2" m="36907" /><F68/><W10/><G118/><T122/><D122/><U107/><E107/><V123/><F123/><W54/><G102/><T101/><D74/><U112/><E112/><V100/><F132/><W17/><G135/><T83/><D101/><U69/><E133/><V121/><F126/><W3/><G110/><T81/><D134/><U42/><E42/><V28/><F121/><W89/><G89/><N who="1" m="34410" /><E84/><V106/><F100/><W119/><G119/><T127/><D87/><U78/><E78/><V51/><F106/><W55/><G3/><T82/><D116/><U125/><E125/><N who="0" m="48201" /><D49/><U109/><E69/><V40/><F86/><W76/><G76/><T46/><N who="0" m="20480" /><DORA hai="117" /><T104/><D104/><U114/><E114/><V26/><F7/><W61/><G61/><T41/><D41/><U95/><E95/><V30/><F65/><N who="1" m="24585" /><E16/><AGARI ba="2,0" hai="16,20,26,28,30,40,44,51,59,60,64" m="36907" machi="16" ten="30,5800,0" yaku="8,1,52,1,54,1" doraHai="53,117" who="2" fromWho="1" sc="174,0,266,-64,337,64,223,0" /><INIT seed="2,3,0,0,5,31" ten="174,202,401,223" oya="2" hai0="43,86,62,132,42,106,107,96,80,123,91,99,93" hai1="3,114,47,78,131,120,89,71,109,25,1,36,19" hai2="110,104,51,95,113,26,69,121,54,117,22,128,41" hai3="30,6,130,81,100,13,79,67,50,8,73,119,40"/><V68/><F121/><W14/><G119/><T49/><D62/><U126/><E114/><V16/><F117/><W28/><G130/><T46/><D123/><U11/><E71/><V53/><F113/><W44/><G100/><T98/><D132/><U12/><E131/><V23/><F128/><W105/><G105/><T27/><D42/><U38/><E109/><V118/><F118/><W48/><G67/><T122/><D122/><U111/><E111/><V7/><F110/><W75/><G75/><T52/><D80/><U2/><E126/><V33/><F104/><W10/><G50/><T35/><REACH who="0" step="1"/><D43/><REACH who="0" ten="164,202,401,223" step="2"/><U0/><E120/><V58/><F41/><W134/><G134/><T83/><D83/><U88/><E78/><V55/><F69/><W101/><G81/><T115/><D115/><U70/><E70/><V82/><F68/><W39/><G79/><T66/><D66/><U64/><E64/><V72/><F82/><W84/><G40/><T5/><D5/><U116/><E116/><V76/><F7/><W65/><G6/><T45/><D45/><U102/><E47/><V85/><F76/><W133/><G44/><T135/><D135/><U24/><E1/><V97/><F72/><W129/><G73/><T4/><D4/><U57/><E57/><V92/><F58/><W15/><G65/><T108/><D108/><U112/><E112/><V63/><F63/><W18/><G133/><T29/><AGARI ba="3,1" hai="27,29,35,46,49,52,86,91,93,96,98,99,106,107" machi="29" ten="30,7900,0" yaku="1,1,0,1,52,1,54,1,53,0" doraHai="31" doraHaiUra="125" who="0" fromWho="0" sc="164,98,202,-23,401,-42,223,-23" /><INIT seed="3,0,0,0,5,29" ten="262,179,359,200" oya="3" hai0="36,15,11,38,76,14,72,58,75,62,4,118,123" hai1="53,131,107,74,82,130,98,85,55,87,93,73,115" hai2="78,66,117,40,39,3,43,8,46,106,19,44,9" hai3="60,32,48,108,132,5,34,128,47,37,133,114,35"/><W61/><G37/><T79/><D123/><U21/><E21/><V135/><F117/><W96/><G114/><T70/><D70/><U17/><E17/><V31/><F135/><N who="3" m="51787" /><G128/><N who="1" m="49194" /><E55/><V0/><F106/><W122/><G122/><T41/><D118/><U103/><E53/><V28/><F66/><W101/><G5/><T89/><D89/><N who="1" m="53439" /><E115/><V99/><F99/><W83/><G83/><T7/><D79/><AGARI ba="0,0" hai="73,74,79,82,85,98,103,107" m="53439,49194" machi="79" ten="30,3900,0" yaku="19,1,34,2" doraHai="29" who="1" fromWho="0" sc="262,-39,179,39,359,0,200,0" owari="223,2.0,218,-18.0,359,46.0,200,-30.0" /></mjloggm>