<mjloggm ver="2.3"><GO type="169" lobby="0"/><UN n0="%E2%98%85%E3%82%86%E3%83%BC%E2%98%86" n1="%E3%83%99%E3%82%BF%E3%82%AA%E3%83%AA%E3%82%B9%E3%82%AF" n2="%E4%B8%83%E3%83%84%E7%9B%AE%E7%8E%89" n3="%EF%BC%88%E2%89%A7%E2%96%BD%E2%89%A6%EF%BC%89" dan="17,16,17,19" rate="2125.45,2110.90,2151.55,2330.30" sx="M,M,M,M"/><TAIKYOKU oya="0"/><INIT seed="0,0,0,3,5,16" ten="250,250,250,250" oya="0" hai0="126,1,14,54,6,134,60,133,125,89,129,57,80" hai1="64,131,69,112,88,97,7,13,0,27,82,73,127" hai2="106,67,8,34,109,28,115,56,86,12,76,79,62" hai3="117,87,33,29,24,100,43,37,68,72,110,135,23"/><T83/><D1/><U77/><E0/><V94/><F106/><W32/><G72/><T90/><D6/><U40/><E127/><N who="0" m="48649" /><D14/><U108/><E108/><V25/><F109/><W51/><G37/><T63/><D63/><U123/><E123/><V3/><F3/><W105/><G68/><T130/><D89/><U61/><E131/><N who="0" m="50185" /><D90/><U116/><E116/><V118/><F118/><W92/><G117/><T70/><D70/><U5/><E112/><V45/><F115/><W104/><G110/><T101/><D101/><U99/><E40/><V107/><F12/><W49/><G43/><T85/><D85/><U20/><E13/><V35/><F86/><W132/><G87/><T71/><D71/><U91/><E91/><V50/><F62/><W30/><G100/><T128/><N who="0" m="50193" /><T36/><DORA hai="96" /><D36/><U10/><E10/><V39/><F39/><W114/><G114/><T93/><D93/><U111/><E111/><V74/><F94/><W22/><G92/><T38/><D38/><U66/><E88/><V78/><F8/><W75/><G75/><T59/><D59/><U81/><E81/><AGARI ba="0,0" hai="54,57,60,80,81,83,133,134" m="50193,48649" machi="81" ten="50,12000,1" yaku="30,2,18,1,19,1" doraHai="16,96" who="0" fromWho="1" sc="250,120,250,-120,250,0,250,0" /><INIT seed="0,1,0,3,1,118" ten="370,130,250,250" oya="0" hai0="29,56,25,12,52,129,19,9,68,76,87,20,18" hai1="84,90,83,63,107,57,32,34,88,3,6,108,48" hai2="67,15,77,43,81,49,54,104,60,109,47,17,8" hai3="74,14,66,119,22,112,21,130,95,0,134,4,41"/><T35/><D68/><U135/><E107/><V51/><F109/><W98/><G74/><T53/><D129/><U121/><E108/><V2/><F104/><W44/><G119/><T61/><D53/><U101/><E135/><V73/><F2/><W124/><G124/><T92/><D35/><U38/><E38/><V79/><F79/><W110/><G0/><T103/><D76/><U78/><E101/><V122/><F122/><W26/><G66/><T123/><D123/><U126/><E126/><V105/><F105/><W75/><G75/><T132/><D132/><U116/><E116/><V13/><F13/><W89/><G112/><T99/><REACH who="0" step="1"/><D87/><REACH who="0" ten="360,130,250,250" step="2"/><U30/><E121/><V120/><F120/><W37/><G134/><T1/><D1/><U71/><E71/><V36/><F54/><W59/><G130/><T23/><D23/><U58/><E32/><V96/><F96/><W131/><G22/><T85/><D85/><U117/><E117/><V93/><F77/><W40/><G131/><T82/><D82/><U16/><E34/><V46/><F81/><W125/><G125/><T28/><AGARI ba="1,1" hai="9,12,18,19,20,25,28,29,52,56,61,92,99,103" machi="28" ten="30,12000,1" yaku="1,1,0,1,8,1,54,1,53,1" doraHai="118" doraHaiUra="10" who="0" fromWho="0" sc="360,133,130,-41,250,-41,250,-41" /><INIT seed="0,2,0,1,5,79" ten="493,89,209,209" oya="0" hai0="28,16,134,118,72,41,47,54,121,68,64,115,80" hai1="126,92,22,10,109,91,27,135,42,89,32,24,23" hai2="31,4,117,124,111,14,90,8,66,36,1,75,129" hai3="57,13,84,67,70,107,120,103,15,60,95,59,83"/><T38/><D121/><U106/><E106/><V25/><F36/><W51/><G120/><T29/><D118/><U122/><E122/><V40/><F75/><W125/><G107/><T48/><D115/><U114/><E32/><V76/><F40/><W97/><G125/><T86/><D72/><U17/><E135/><V77/><F124/><W101/><G101/><T61/><D16/><U127/><E109/><V49/><F111/><W108/><G108/><T69/><D69/><U94/><E42/><V3/><F66/><W78/><REACH who="3" step="1"/><G70/><REACH who="3" ten="493,89,209,199" step="2"/><T82/><D134/><U7/><E114/><V2/><F117/><W71/><G71/><T96/><D96/><U88/><E127/><V55/><F129/><W74/><G74/><T63/><D86/><U52/><E126/><V131/><F131/><W58/><G58/><N who="0" m="33095" /><D63/><U5/><E52/><AGARI ba="2,1" hai="13,15,51,52,57,59,60,67,78,83,84,95,97,103" machi="52" ten="40,8000,1" yaku="1,1,8,1,52,1,54,1,53,1" doraHai="79" doraHaiUra="50" who="3" fromWho="1" sc="493,0,89,-86,209,0,199,96" /><INIT seed="1,0,0,3,3,45" ten="493,3,209,295" oya="1" hai0="94,33,72,113,41,48,43,25,49,91,106,87,10" hai1="27,110,77,129,54,109,15,97,107,50,19,122,51" hai2="83,116,80,86,101,60,73,124,16,57,117,24,58" hai3="9,108,135,76,133,14,81,118,89,59,1,130,90"/><U3/><E3/><V82/><F73/><N who="3" m="43151" /><G118/><T65/><D106/><U85/><E122/><V125/><F101/><W111/><G1/><T35/><D72/><U63/><E27/><V44/><F44/><W61/><G130/><T134/><D113/><U75/><E75/><V119/><F86/><W29/><G29/><T39/><D39/><U105/><E129/><V131/><F131/><W98/><G98/><T42/><D134/><N who="3" m="51209" /><G108/><N who="1" m="41578" /><E97/><V71/><F71/><W0/><G0/><T84/><D25/><U32/><E32/><V37/><F37/><W78/><G78/><T127/><D35/><U68/><E77/><V96/><F96/><W2/><G2/><T12/><D33/><U23/><E85/><V21/><REACH who="2" step="1"/><F60/><REACH who="2" ten="493,3,199,295" step="2"/><W104/><G111/><T13/><D87/><U88/><E88/><V132/><F132/><W99/><G99/><T67/><D84/><U4/><E4/><V30/><F30/><W120/><G120/><T79/><D91/><U31/><E31/><V52/><F52/><N who="3" m="34023" /><G104/><N who="1" m="40010" /><E68/><V34/><F34/><W121/><G121/><T53/><D79/><U6/><E6/><AGARI ba="0,1" hai="6,9,14,89,90" m="34023,51209,43151" machi="6" ten="30,2000,0" yaku="20,1,54,1" doraHai="45" who="3" fromWho="1" sc="493,0,3,-20,199,0,295,30" owari="493,59.0,-17,-52.0,199,-20.0,325,13.0" /></mjloggm>