<mjloggm ver="2.3"><GO type="97" lobby="0"/><UN n0="%EF%BC%AB%EF%BC%92" n1="%E3%82%A6%E3%83%AB%E3%83%88%E3%83%A9%E7%AB%8B%E7%9B%B4" n2="%E3%83%89%E3%82%A2%E3%83%A9%E3%83%B3%E3%82%BA" n3="%E7%B7%91%E9%BE%8D%E8%99%8E" dan="16,15,15,14" rate="2075.08,1960.55,2118.32,1875.08" sx="M,M,M,M"/><TAIKYOKU oya="0"/><INIT seed="0,0,0,3,1,30" ten="250,250,250,250" oya="0" hai0="5,62,112,82,38,134,6,17,40,57,106,89,131" hai1="23,115,4,104,118,109,111,29,25,24,73,114,1" hai2="127,27,96,81,93,71,76,54,59,132,16,87,103" hai3="31,51,68,48,52,70,20,124,122,88,22,19,78"/><T117/><D117/><U63/><E63/><V121/><F121/><W26/><G78/><T120/><D112/><N who="1" m="43051" /><E104/><V55/><F71/><W123/><G48/><T107/><D120/><N who="3" m="46121" /><G124/><T37/><D134/><U58/><E58/><V79/><F132/><W15/><G88/><T34/><D131/><U28/><E73/><V64/><F127/><W18/><G18/><T8/><D17/><U39/><E39/><V46/><F46/><AGARI ba="0,0" hai="15,19,20,22,26,31,46,51,52,68,70" m="46121" machi="46" ten="30,2000,0" yaku="13,1,54,1" doraHai="30" who="3" fromWho="2" sc="250,0,250,0,250,-20,250,20" /><INIT seed="1,0,0,2,4,128" ten="250,250,230,270" oya="1" hai0="133,78,52,59,4,47,108,29,73,68,103,104,57" hai1="19,30,20,114,27,31,100,79,117,25,8,28,135" hai2="51,111,115,101,125,107,74,0,88,26,126,97,9" hai3="84,71,94,58,121,99,80,54,61,50,22,82,10"/><U64/><E117/><V96/><F26/><W56/><G71/><T2/><D68/><U33/><E114/><V45/><F115/><W49/><G10/><T106/><D29/><N who="1" m="11371" /><E64/><V24/><F24/><W39/><G39/><T14/><D2/><U92/><E79/><V131/><F131/><W81/><G121/><T53/><D47/><U130/><E92/><N who="2" m="56327" /><F74/><W48/><G22/><T38/><D38/><U77/><E100/><V72/><F72/><W42/><G84/><T21/><D73/><U102/><E102/><V15/><F0/><W129/><G129/><T85/><D103/><U87/><E87/><V11/><F15/><W44/><G58/><T110/><D85/><U105/><E77/><V36/><F36/><W95/><G95/><T65/><D65/><U124/><E105/><V43/><F111/><W93/><G93/><T63/><D78/><U122/><E130/><V13/><F13/><W55/><G42/><T37/><D37/><U91/><E91/><AGARI ba="0,0" hai="44,48,49,50,54,55,56,61,80,81,82,91,94,99" machi="91" ten="40,1300,0" yaku="8,1" doraHai="128" who="3" fromWho="1" sc="250,0,250,-13,230,0,270,13" /><INIT seed="2,0,0,2,0,78" ten="250,237,230,283" oya="2" hai0="55,40,96,23,30,4,66,39,131,119,45,38,17" hai1="121,103,10,87,24,110,129,93,12,22,75,33,117" hai2="95,82,20,64,86,115,90,60,44,59,9,126,100" hai3="26,46,106,62,107,53,120,118,94,72,3,7,108"/><V31/><F115/><W70/><G26/><T48/><D131/><U112/><E33/><V52/><F126/><W42/><G108/><T35/><D119/><U0/><E75/><V21/><F9/><W27/><G120/><T97/><D4/><N who="1" m="3143" /><E0/><V89/><F100/><W51/><G94/><T68/><D35/><U71/><E71/><V99/><F31/><W6/><G27/><T114/><D30/><N who="1" m="17687" /><E112/><V113/><F113/><W28/><G28/><T14/><D114/><U8/><E117/><V73/><F73/><W135/><G135/><T56/><REACH who="0" step="1"/><D38/><REACH who="0" ten="240,237,230,283" step="2"/><U134/><E129/><V105/><F105/><W88/><G107/><T104/><D104/><U19/><E134/><V41/><F64/><W65/><G106/><T128/><D128/><U84/><E110/><V102/><F102/><W36/><G72/><T15/><D15/><N who="1" m="7655" /><E121/><V25/><F25/><W57/><G3/><T47/><D47/><U43/><E43/><V98/><F98/><AGARI ba="0,1" hai="84,87,93,98,103" m="7655,17687,3143" machi="98" ten="30,1000,0" yaku="8,1" doraHai="78" who="1" fromWho="2" sc="240,0,237,20,230,-10,283,0" /><INIT seed="3,0,0,1,4,123" ten="240,257,220,283" oya="3" hai0="119,126,75,108,3,86,19,6,54,112,29,118,78" hai1="89,18,105,97,92,115,41,43,0,39,53,61,103" hai2="11,110,130,87,68,25,42,31,69,28,106,128,122" hai3="100,5,129,91,116,38,132,79,94,72,44,15,7"/><W131/><G100/><T34/><D75/><U50/><E0/><V48/><F122/><W1/><G116/><T47/><D126/><U84/><E115/><V80/><F106/><W134/><G15/><T81/><D112/><U59/><E39/><V26/><F11/><W107/><G107/><T9/><D108/><U20/><REACH who="1" step="1"/><E61/><REACH who="1" ten="240,247,220,283" step="2"/><V70/><F110/><W88/><G1/><T65/><D119/><U127/><E127/><V114/><F114/><W24/><G24/><AGARI ba="0,1" hai="18,20,24,41,43,50,53,59,84,89,92,97,103,105" machi="24" ten="30,3900,0" yaku="1,1,7,1,53,1" doraHai="123" doraHaiUra="14" who="1" fromWho="3" sc="240,0,247,49,220,0,283,-39" /><INIT seed="4,0,0,0,5,23" ten="240,296,220,244" oya="0" hai0="127,83,41,104,44,64,62,71,0,122,20,15,16" hai1="129,126,100,81,102,42,80,73,82,99,46,75,115" hai2="55,121,94,18,5,95,68,39,84,60,97,27,101" hai3="54,6,109,26,111,93,1,76,124,69,70,32,63"/><T91/><D122/><U116/><E116/><V87/><F39/><W131/><G6/><T74/><D127/><U30/><E30/><V25/><F121/><W132/><G1/><T106/><D0/><U85/><E126/><V31/><F5/><W78/><G124/><T57/><D71/><U7/><E75/><V86/><F94/><W98/><G132/><T123/><D123/><U51/><E73/><V118/><F118/><W113/><G113/><T79/><REACH who="0" step="1"/><D91/><REACH who="0" ten="230,296,220,244" step="2"/><N who="1" m="51623" /><E115/><V120/><F120/><W59/><G69/><T128/><D128/><U133/><E129/><V119/><F119/><W66/><G70/><T112/><D112/><U24/><E133/><V56/><F68/><W38/><G131/><T89/><D89/><U77/><E77/><V130/><F130/><W8/><G78/><T49/><AGARI ba="0,1" hai="15,16,20,41,44,49,57,62,64,74,79,83,104,106" machi="49" ten="20,12000,1" yaku="1,1,0,1,7,1,54,1,53,1" doraHai="23" doraHaiUra="36" who="0" fromWho="0" sc="230,130,296,-40,220,-40,244,-40" owari="360,46.0,256,6.0,180,-32.0,204,-20.0" /></mjloggm>