<mjloggm ver="2.3"><GO type="97" lobby="0"/><UN n0="%43%48%41%53%45%52%2C%39" n1="%64%75%66%66%62%65%65%72" n2="%6A%6F%6B%62%31%32%33%34" n3="%E3%82%A6%E3%83%AB%E3%83%88%E3%83%A9%E7%AB%8B%E7%9B%B4" dan="15,16,14,15" rate="1972.47,2022.36,1952.10,2036.57" sx="M,M,M,M"/><TAIKYOKU oya="0"/><INIT seed="0,0,0,0,5,10" ten="250,250,250,250" oya="0" hai0="40,7,110,68,54,71,80,48,46,51,103,130,20" hai1="60,24,119,19,50,79,84,27,93,61,94,98,87" hai2="78,66,38,44,122,65,0,64,43,127,56,69,35" hai3="28,21,134,99,67,58,91,132,85,115,107,129,108"/><T97/><D130/><U33/><E119/><V101/><F35/><W73/><G73/><T1/><D110/><U59/><E33/><V3/><F122/><W92/><G115/><T123/><D123/><U133/><E133/><V83/><F101/><N who="3" m="62911" /><G58/><T52/><D40/><U5/><E5/><V34/><F127/><W26/><G67/><T30/><D80/><U111/><E111/><V53/><F34/><W2/><G2/><T131/><D131/><U63/><E98/><V89/><F3/><W128/><G108/><T6/><D1/><U114/><E114/><V106/><F0/><W32/><G32/><T121/><D121/><U100/><E100/><V16/><F106/><W4/><G4/><T88/><D71/><U81/><E87/><V90/><F16/><W86/><G86/><T105/><D68/><U12/><E93/><V47/><F47/><W109/><G109/><T11/><D88/><N who="1" m="53511" /><E81/><V22/><F69/><W95/><G95/><T82/><D82/><U126/><E79/><V23/><F90/><W124/><G124/><T113/><D113/><U17/><E17/><V77/><F89/><W135/><AGARI ba="0,0" hai="21,26,28,85,91,92,128,129,132,134,135" m="62911" machi="135" ten="40,1500,0" yaku="20,1" doraHai="10" who="3" fromWho="3" sc="250,-7,250,-4,250,-4,250,15" /><INIT seed="1,0,0,0,0,0" ten="243,246,246,265" oya="1" hai0="109,86,83,45,113,54,74,12,135,108,20,126,114" hai1="2,63,123,29,98,49,46,70,13,99,71,53,34" hai2="94,103,35,85,116,48,8,117,42,96,3,69,6" hai3="51,133,95,125,80,75,67,91,27,43,129,21,36"/><U105/><E2/><V106/><F69/><W50/><G36/><T37/><D74/><U132/><E123/><V66/><F35/><W38/><G38/><T57/><D135/><U23/><E132/><V52/><F66/><W119/><G67/><T104/><D104/><U115/><E115/><V111/><F42/><W5/><G43/><T9/><D126/><U134/><E134/><V33/><F111/><N who="0" m="42570" /><D20/><U41/><E71/><V30/><F106/><W28/><G133/><T25/><D45/><U131/><E131/><V97/><F85/><W122/><G122/><T107/><D25/><U1/><E1/><V128/><F128/><W93/><G93/><T121/><D107/><U79/><E34/><V24/><REACH who="2" step="1"/><F97/><REACH who="2" ten="243,246,236,265" step="2"/><W87/><G129/><T15/><D121/><U59/><E105/><V47/><AGARI ba="0,1" hai="3,6,8,24,30,33,47,48,52,94,96,103,116,117" machi="47" ten="20,16000,3" yaku="1,1,2,1,0,1,7,1,52,1,54,1,53,2" doraHai="0" doraHaiUra="112" who="2" fromWho="2" sc="243,-40,246,-80,236,170,265,-40" /><INIT seed="2,0,0,5,1,72" ten="203,166,406,225" oya="2" hai0="1,7,92,128,5,53,61,130,127,105,73,60,4" hai1="18,75,135,45,31,42,86,116,2,122,99,54,104" hai2="106,27,8,129,98,83,48,133,14,23,65,59,36" hai3="84,20,63,91,102,69,13,15,80,44,32,43,123"/><V35/><F36/><W93/><G32/><T66/><D105/><U68/><E75/><V62/><F133/><W34/><G34/><T134/><D73/><U28/><E122/><V22/><F35/><W131/><G131/><N who="0" m="50219" /><D134/><U100/><E2/><V9/><F106/><W56/><G69/><N who="0" m="42183" /><D127/><U78/><E116/><V47/><F98/><W74/><G20/><N who="2" m="7721" /><F27/><W97/><G74/><T0/><D92/><U6/><E68/><V25/><F25/><W119/><G119/><T3/><D61/><U117/><E117/><V41/><F14/><W109/><G109/><T51/><D4/><U85/><E6/><V124/><F124/><W120/><G120/><T118/><D118/><U12/><E135/><V37/><F129/><W64/><REACH who="3" step="1"/><G123/><REACH who="3" ten="203,166,406,215" step="2"/><T111/><D111/><U11/><E31/><V103/><F37/><AGARI ba="0,1" hai="13,15,37,43,44,56,63,64,80,84,91,93,97,102" machi="37" ten="30,7700,0" yaku="1,1,2,1,7,1,53,1" doraHai="72" doraHaiUra="70" who="3" fromWho="2" sc="203,0,166,0,406,-77,215,87" /><INIT seed="3,0,0,0,2,0" ten="203,166,329,302" oya="3" hai0="61,14,32,65,90,34,119,111,10,124,11,129,12" hai1="9,3,7,88,94,5,106,118,30,17,113,85,45" hai2="19,84,133,38,56,50,132,96,103,93,37,48,66" hai3="131,114,115,76,117,80,27,59,91,87,100,108,25"/><W36/><G36/><N who="2" m="13929" /><F84/><W123/><G123/><T92/><D119/><U95/><E113/><V126/><F19/><W46/><G131/><T122/><D129/><U104/><E118/><V13/><F13/><W28/><G117/><T110/><D122/><U102/><E106/><V125/><F48/><W16/><G108/><N who="0" m="41515" /><D124/><N who="2" m="47722" /><F50/><W20/><G100/><T42/><D42/><U22/><E104/><V41/><F41/><W73/><G46/><T33/><D14/><N who="1" m="7375" /><E3/><V116/><F116/><W21/><G59/><N who="0" m="37055" /><D12/><U57/><E45/><V24/><F24/><W79/><G79/><T40/><D40/><U89/><E102/><V53/><F53/><W47/><G47/><T121/><D121/><U128/><E128/><V71/><F71/><W135/><G135/><N who="2" m="51785" /><F56/><W68/><G68/><T120/><D120/><U15/><E57/><V26/><F26/><W31/><G16/><T75/><D75/><U63/><E63/><V72/><F66/><W64/><G64/><T81/><D81/><AGARI ba="0,0" hai="20,21,25,27,28,31,73,76,80,81,87,91,114,115" machi="81" ten="30,2900,0" yaku="7,1,9,1" doraHai="0" who="3" fromWho="0" sc="203,-29,166,0,329,0,302,29" owari="174,-23.0,166,-33.0,329,13.0,331,43.0" /></mjloggm>