<mjloggm ver="2.3"><GO type="97" lobby="0"/><UN n0="%E3%82%A6%E3%83%AB%E3%83%88%E3%83%A9%E7%AB%8B%E7%9B%B4" n1="%79%75%6E" n2="%E7%A5%9E%E7%94%B0%E5%85%88%E7%94%9F" n3="%E3%83%8F%E3%83%A2%E5%B8%AB%E5%8C%A0" dan="15,14,14,14" rate="1981.09,1953.71,1950.43,1929.07" sx="M,M,M,M"/><TAIKYOKU oya="0"/><INIT seed="0,0,0,5,5,97" ten="250,250,250,250" oya="0" hai0="30,42,76,22,115,61,119,93,120,32,71,60,130" hai1="73,13,21,8,28,124,2,102,123,0,133,78,12" hai2="40,116,14,108,47,15,37,41,53,121,92,105,125" hai3="89,23,58,1,70,29,64,44,83,18,50,55,113"/><T96/><D120/><U33/><E123/><V19/><F121/><W91/><G113/><T9/><D119/><U43/><E124/><V131/><F105/><W7/><G70/><T65/><D65/><U27/><E133/><V111/><F125/><W94/><G29/><T54/><D32/><U128/><E43/><V95/><F116/><W110/><G110/><N who="2" m="42025" /><F131/><W67/><G83/><T51/><D42/><U68/><E68/><V100/><F41/><W49/><G7/><T10/><D76/><U132/><E132/><V80/><F80/><W38/><G1/><N who="1" m="618" /><E102/><V127/><F127/><W17/><G17/><T74/><D74/><U126/><E126/><V106/><F53/><N who="3" m="29863" /><G89/><T117/><D115/><U134/><E134/><V46/><F46/><W90/><G90/><T25/><D130/><U112/><E78/><V62/><F62/><N who="0" m="24170" /><D71/><U75/><E112/><V99/><F15/><N who="3" m="9695" /><G38/><T101/><D117/><U36/><E36/><V39/><F39/><W3/><G3/><T52/><D54/><U98/><E128/><V34/><F34/><W82/><G82/><T20/><D20/><AGARI ba="0,0" hai="14,19,20,37,40,47,92,95,99,100,106" m="42025" machi="20" ten="30,2000,0" yaku="14,1,52,1" doraHai="97" who="2" fromWho="0" sc="250,-20,250,0,250,20,250,0" /><INIT seed="1,0,0,0,3,117" ten="230,250,270,250" oya="1" hai0="14,133,47,122,64,84,25,38,29,110,87,17,22" hai1="2,31,40,74,42,1,130,51,39,10,112,55,71" hai2="77,135,60,70,73,121,46,36,125,62,105,41,114" hai3="103,107,66,78,81,7,54,79,88,86,115,56,53"/><U131/><E74/><V89/><F121/><W111/><G115/><T90/><D110/><U69/><E112/><V113/><F125/><W44/><G111/><T109/><D109/><U24/><E10/><V83/><F89/><W76/><G7/><T8/><D133/><U28/><E39/><V57/><F135/><W61/><REACH who="3" step="1"/><G44/><REACH who="3" ten="230,250,270,240" step="2"/><T48/><D38/><U104/><E1/><V52/><F114/><W13/><G13/><T67/><D122/><U23/><E2/><V97/><F113/><W132/><G132/><T30/><D30/><U124/><E28/><V33/><F46/><W106/><G106/><T72/><D72/><U16/><E31/><V94/><F105/><W20/><G20/><T119/><D119/><U129/><E124/><V96/><F36/><W101/><G101/><T4/><D4/><U59/><E104/><V3/><F3/><W120/><G120/><T15/><D15/><U63/><REACH who="1" step="1"/><E63/><REACH who="1" ten="230,240,270,240" step="2"/><V99/><F62/><W19/><G19/><T18/><D18/><U9/><E9/><V50/><F60/><W49/><G49/><T43/><D87/><U85/><E85/><V108/><F50/><W123/><G123/><T80/><AGARI ba="0,2" hai="8,14,17,22,25,29,43,47,48,64,67,80,84,90" machi="80" ten="20,2700,0" yaku="0,1,7,1,8,1" doraHai="117" who="0" fromWho="0" sc="230,47,240,-13,270,-7,240,-7" /><INIT seed="2,0,0,0,5,60" ten="277,227,263,233" oya="2" hai0="54,31,120,33,58,23,79,55,65,19,87,130,69" hai1="82,63,37,26,83,62,80,22,36,90,24,10,123" hai2="134,64,2,132,106,131,48,70,95,21,15,68,3" hai3="128,39,78,88,34,101,76,111,135,27,85,61,84"/><V29/><F106/><W32/><G39/><T38/><D38/><U35/><E123/><V56/><F131/><W119/><G128/><T47/><D130/><U25/><E35/><V7/><F7/><W112/><G111/><T77/><D120/><U91/><E10/><V1/><F95/><W98/><G119/><T121/><D31/><U81/><E22/><V115/><F115/><W57/><G112/><T105/><D33/><U125/><E125/><V114/><F114/><W113/><G113/><T127/><D105/><U100/><E100/><V126/><F126/><W133/><G101/><T43/><D69/><U18/><E18/><N who="2" m="10463" /><F29/><N who="3" m="19519" /><G34/><T71/><D71/><U93/><E93/><V103/><F103/><W107/><G107/><T129/><D127/><U51/><E51/><V41/><F41/><W116/><G98/><T109/><D129/><U12/><E12/><V46/><F46/><W74/><G74/><T8/><D47/><U4/><E4/><V86/><F86/><W89/><G116/><T14/><D43/><U13/><E13/><V52/><F64/><N who="3" m="38959" /><G76/><T20/><D121/><U118/><E118/><V50/><F50/><W28/><G78/><T44/><D44/><U11/><N who="1" m="20480" /><DORA hai="30" /><U59/><E37/><V75/><F75/><W110/><G110/><T104/><D109/><U6/><E36/><V16/><F16/><W67/><G28/><T40/><D104/><U5/><E59/><V42/><F42/><W17/><G17/><T124/><D40/><U94/><E94/><V66/><F66/><W73/><G67/><T9/><D65/><U0/><E0/><RYUUKYOKU ba="0,0" sc="277,-10,227,-10,263,30,233,-10" hai2="1,2,3,48,52,56,68,70,132,134" /><INIT seed="2,1,0,1,5,125" ten="267,217,293,223" oya="2" hai0="118,41,79,88,45,53,68,77,87,94,24,98,117" hai1="129,47,84,54,74,7,75,116,32,36,126,113,97" hai2="72,120,8,135,57,109,33,0,111,62,78,39,48" hai3="9,5,50,49,23,6,132,46,21,112,10,64,37"/><V80/><F120/><W55/><G132/><T30/><D53/><U12/><E116/><N who="0" m="44649" /><D68/><U91/><E113/><V58/><F135/><W134/><G112/><T106/><D106/><U115/><E115/><V51/><F39/><W96/><G37/><N who="0" m="21679" /><D87/><U107/><E129/><V101/><F101/><W35/><G35/><AGARI ba="1,0" hai="24,30,35,77,79,88,94,98" m="21679,44649" machi="35" ten="30,2000,0" yaku="12,1,54,1" doraHai="125" who="0" fromWho="3" sc="267,23,217,0,293,0,223,-23" /><INIT seed="3,0,0,1,2,25" ten="290,217,293,200" oya="3" hai0="127,132,106,13,72,57,107,8,50,66,7,81,112" hai1="130,70,94,115,95,116,77,105,122,96,54,104,117" hai2="74,89,36,61,126,31,30,43,3,129,62,22,87" hai3="131,35,16,76,14,109,23,83,64,110,97,59,125"/><W6/><G125/><T12/><D127/><U86/><E70/><V65/><F74/><W60/><G35/><T92/><D132/><U85/><E54/><V118/><F118/><N who="1" m="45673" /><E122/><V32/><F126/><W47/><G131/><T0/><D0/><U82/><E115/><V20/><F3/><W71/><G47/><T15/><D106/><N who="1" m="41067" /><E130/><V103/><F129/><W58/><G97/><T73/><D107/><U53/><E53/><V19/><F103/><W38/><G6/><T102/><D73/><N who="1" m="43311" /><E94/><N who="2" m="54591" /><F32/><W5/><G5/><T28/><D72/><U124/><E124/><V68/><F68/><W27/><G27/><T42/><D112/><U48/><E48/><V90/><F43/><W41/><G41/><T40/><D81/><U134/><E134/><V26/><F36/><W49/><G38/><T10/><D7/><U17/><E17/><V79/><F20/><W80/><G80/><T2/><D2/><U111/><E111/><N who="3" m="42506" /><G49/><T114/><D50/><U121/><E121/><V44/><F44/><W52/><G52/><T45/><D45/><U69/><E69/><V39/><F39/><W67/><G64/><T123/><D42/><U93/><E93/><V33/><F33/><W1/><G1/><T55/><D40/><U84/><E84/><AGARI ba="0,0" hai="14,16,23,58,59,60,67,71,76,83,84" m="42506" machi="84" ten="30,5800,0" yaku="14,1,10,1,54,1" doraHai="25" who="3" fromWho="1" sc="290,0,217,-58,293,0,200,58" /><INIT seed="3,1,0,4,2,72" ten="290,159,293,258" oya="3" hai0="75,123,24,0,79,62,18,121,118,61,60,44,29" hai1="6,93,65,55,76,108,119,78,58,11,129,40,77" hai2="69,14,21,102,52,34,111,133,67,45,49,16,25" hai3="128,125,66,132,98,88,96,28,80,124,106,27,19"/><W1/><G1/><T73/><D0/><U31/><E119/><V85/><F111/><W7/><G7/><T9/><D118/><U110/><E129/><V117/><F117/><W38/><G128/><T114/><D114/><U10/><E31/><V47/><F133/><W30/><G38/><T37/><D37/><U91/><E40/><V92/><F69/><W131/><G131/><T104/><D104/><U50/><E65/><V112/><F112/><W86/><G132/><T35/><D44/><U94/><E94/><V8/><F34/><W103/><G98/><T84/><D84/><U32/><E32/><V107/><F107/><W36/><G66/><T46/><D46/><U99/><REACH who="1" step="1"/><E11/><REACH who="1" ten="290,149,293,258" step="2"/><V113/><F67/><W41/><G41/><T81/><D29/><N who="3" m="11369" /><G36/><T120/><D35/><U97/><E97/><N who="2" m="59687" /><F113/><W33/><G33/><T89/><D121/><U39/><E39/><V53/><F85/><W23/><G96/><T63/><D123/><U116/><E116/><V105/><F105/><W4/><G106/><T48/><D120/><U90/><E90/><V70/><F70/><W17/><G103/><T68/><D89/><U134/><E134/><V83/><F83/><W5/><G80/><T71/><D75/><U2/><AGARI ba="1,1" hai="2,6,10,50,55,58,76,77,78,91,93,99,108,110" machi="2" ten="30,16000,3" yaku="1,1,0,1,52,3,53,3" doraHai="72" doraHaiUra="74" who="1" fromWho="1" sc="290,-41,149,173,293,-41,258,-81" owari="249,-15.0,322,42.0,252,5.0,177,-32.0" /></mjloggm>