<mjloggm ver="2.3"><GO type="97" lobby="0"/><UN n0="%E3%80%93%73%74%6F%76%65%72%E3%80%93" n1="%E3%82%A6%E3%83%AB%E3%83%88%E3%83%A9%E7%AB%8B%E7%9B%B4" n2="%EF%BC%8A%E3%81%A9%E3%82%89%E3%81%BF%EF%BC%8A" n3="%35%31%32%31%39%35%31%35" dan="14,15,14,15" rate="1925.75,2001.81,2087.01,1983.14" sx="M,M,M,M"/><TAIKYOKU oya="0"/><INIT seed="0,0,0,5,0,32" ten="250,250,250,250" oya="0" hai0="57,53,15,111,126,78,130,73,134,135,74,123,67" hai1="94,49,38,39,47,89,50,125,63,51,95,10,21" hai2="110,1,108,76,129,2,104,52,79,77,30,40,28" hai3="34,42,69,102,101,58,133,124,41,66,97,23,12"/><T80/><D123/><U113/><E113/><V91/><F104/><W71/><G34/><T54/><D130/><U13/><E125/><V86/><F40/><W48/><G71/><T33/><D33/><U7/><E39/><V118/><F129/><W131/><G69/><T16/><D126/><U59/><E38/><V120/><F120/><W117/><G117/><T26/><D74/><U25/><E47/><V106/><F106/><W35/><G35/><T96/><D111/><N who="2" m="42538" /><F52/><N who="0" m="20074" /><D96/><U29/><REACH who="1" step="1"/><E89/><REACH who="1" ten="250,240,250,250" step="2"/><V127/><F127/><W19/><G124/><T45/><D45/><U122/><E122/><V43/><F118/><W72/><G131/><T37/><D37/><U105/><E105/><V93/><F43/><W119/><G42/><T8/><D135/><U103/><E103/><V99/><F99/><W27/><G133/><T5/><D134/><U17/><E17/><V55/><F55/><AGARI ba="0,1" hai="7,10,13,21,25,29,49,50,51,55,59,63,94,95" machi="55" ten="40,5200,0" yaku="1,1,8,1,53,1" doraHai="32" doraHaiUra="0" who="1" fromWho="2" sc="250,0,240,62,250,-52,250,0" /><INIT seed="1,0,0,5,1,20" ten="250,302,198,250" oya="1" hai0="35,121,12,128,46,71,75,54,84,93,87,2,76" hai1="4,50,83,116,95,125,40,134,21,120,33,133,28" hai2="130,85,108,43,94,124,65,24,13,129,110,11,131" hai3="70,109,18,101,112,51,9,61,79,77,96,36,26"/><U30/><E120/><V117/><F43/><W49/><G109/><N who="2" m="42089" /><F65/><W27/><G36/><T81/><D2/><U31/><E116/><V10/><F85/><W16/><G70/><T66/><D35/><U32/><E83/><V6/><F94/><N who="3" m="58519" /><G61/><T0/><D0/><U39/><E39/><V113/><F117/><W37/><G37/><T1/><D1/><U73/><E50/><N who="3" m="18954" /><G112/><T25/><D25/><N who="3" m="9225" /><G9/><T115/><D71/><U123/><E73/><V44/><F44/><W119/><G119/><T14/><D75/><U48/><E123/><V45/><F45/><W29/><G29/><T55/><D46/><U102/><E31/><V34/><F11/><W56/><G56/><T104/><D121/><U111/><E30/><N who="2" m="19783" /><F124/><W63/><G63/><T103/><D115/><AGARI ba="0,0" hai="6,10,13,113,115,129,130,131" m="19783,42089" machi="115" ten="40,8000,1" yaku="19,1,14,1,34,2,52,1" doraHai="20" who="2" fromWho="0" sc="250,-80,302,0,198,80,250,0" /><INIT seed="2,0,0,1,0,110" ten="170,302,278,250" oya="2" hai0="44,39,83,99,20,75,73,111,135,21,52,49,62" hai1="50,96,4,97,100,25,2,106,92,61,91,55,77" hai2="88,101,115,103,121,35,131,19,80,26,130,64,117" hai3="14,5,40,37,72,119,129,16,105,68,12,86,53"/><V11/><F117/><W13/><G72/><T54/><D111/><U127/><E127/><V29/><F121/><W133/><G105/><T48/><D135/><U18/><E77/><V78/><F64/><W114/><G68/><T124/><D124/><U132/><E132/><V93/><F115/><W65/><G133/><T24/><D39/><U28/><E4/><V38/><F38/><W23/><G119/><T87/><D99/><U30/><E2/><V17/><F101/><W58/><G114/><T94/><D94/><U79/><E79/><V125/><F103/><W66/><G40/><T32/><D32/><U98/><E98/><N who="2" m="57639" /><F11/><W31/><G37/><T10/><D10/><U41/><E41/><V70/><F70/><W84/><G129/><N who="2" m="49161" /><F125/><W33/><G33/><T95/><D95/><U59/><E50/><V112/><F112/><W81/><G31/><T108/><D62/><U0/><E0/><V109/><F109/><W27/><G86/><AGARI ba="0,0" hai="17,19,26,29,35,78,80,86" m="49161,57639" machi="86" ten="30,2900,0" yaku="19,1,54,1" doraHai="110" who="2" fromWho="3" sc="170,0,302,0,278,29,250,-29" /><INIT seed="2,1,0,1,2,113" ten="170,302,307,221" oya="2" hai0="127,54,67,102,68,5,75,98,47,124,19,108,87" hai1="94,135,78,105,101,38,40,45,131,17,132,1,26" hai2="21,6,109,100,103,53,130,14,63,133,71,48,74" hai3="110,79,92,28,59,128,2,118,7,96,10,116,93"/><V13/><F74/><W35/><G79/><T41/><D75/><U125/><E125/><V18/><F133/><W119/><G110/><T129/><D108/><U4/><E131/><V107/><F130/><W50/><G128/><T16/><D129/><U62/><E94/><V90/><F109/><W34/><G93/><T20/><D5/><U115/><E17/><V9/><F107/><W86/><G86/><T97/><D87/><U121/><E115/><V32/><F32/><W88/><REACH who="3" step="1"/><G28/><REACH who="3" ten="170,302,307,211" step="2"/><T61/><D54/><AGARI ba="1,1" hai="2,7,10,34,35,50,54,59,88,92,96,116,118,119" machi="54" ten="40,12000,2" yaku="1,1,2,1,52,3,54,1,53,0" doraHai="113" doraHaiUra="122" who="3" fromWho="0" sc="170,-123,302,0,307,0,211,133" /><INIT seed="3,0,0,4,2,1" ten="47,302,307,344" oya="3" hai0="83,52,59,105,31,107,125,91,51,118,54,25,23" hai1="17,13,71,26,98,41,116,76,100,130,108,133,89" hai2="39,84,122,87,24,106,96,109,35,78,48,66,124" hai3="75,77,112,123,57,56,11,103,110,132,33,93,95"/><W21/><G123/><T115/><D115/><U16/><E71/><V80/><F39/><W99/><G33/><T44/><D125/><U18/><E130/><V64/><F124/><W94/><G112/><T73/><D118/><U131/><E131/><V135/><F122/><W34/><G34/><T85/><D73/><U74/><E133/><V60/><F135/><W10/><G75/><T82/><D107/><U61/><E116/><V0/><F0/><W50/><G77/><T79/><D105/><U40/><E108/><V88/><F109/><W30/><G110/><T58/><D44/><U97/><E76/><V120/><F120/><W7/><G7/><T86/><D86/><U36/><E74/><V117/><F117/><W119/><G119/><T121/><D121/><U15/><E26/><V37/><F37/><W55/><G57/><T63/><REACH who="0" step="1"/><D79/><REACH who="0" ten="37,302,307,344" step="2"/><U19/><N who="1" m="4096" /><DORA hai="49" /><U128/><E128/><V47/><F84/><W20/><G132/><T46/><D46/><U8/><E36/><V2/><F106/><W27/><G21/><T68/><D68/><U90/><E8/><AGARI ba="0,1" hai="8,10,11,20,27,30,50,55,56,93,94,95,99,103" machi="8" ten="40,3900,0" yaku="8,1,52,1" doraHai="1,49" who="3" fromWho="1" sc="37,0,302,-39,307,0,344,49" owari="37,-46.0,263,-14.0,307,11.0,393,49.0" /></mjloggm>