<mjloggm ver="2.3"><GO type="97" lobby="0"/><UN n0="%E3%82%AB%E3%83%A9%E3%82%B9%E3%81%AE%E5%AD%90" n1="%E3%82%A6%E3%83%AB%E3%83%88%E3%83%A9%E7%AB%8B%E7%9B%B4" n2="%E3%82%B8%E3%83%A7%E3%83%B3%E3%83%9C%E3%82%A4%E3%83%B3" n3="%E3%82%B6%E3%83%83%E3%82%AF%E3%81%A8%E3%81%9F%E3%82%81" dan="15,15,15,14" rate="1989.20,1974.21,2029.22,1837.36" sx="M,M,M,M"/><TAIKYOKU oya="0"/><INIT seed="0,0,0,0,1,9" ten="250,250,250,250" oya="0" hai0="62,112,92,21,58,10,72,104,61,35,64,82,37" hai1="24,0,53,56,25,16,22,121,14,108,41,91,126" hai2="49,11,101,127,130,42,125,68,80,132,26,75,118" hai3="48,33,70,115,71,45,31,55,36,81,123,100,52"/><T119/><D112/><U19/><E0/><V23/><F68/><W89/><G100/><T40/><D119/><U66/><E108/><V102/><F118/><W44/><G31/><T117/><D117/><U15/><E126/><N who="2" m="48139" /><F130/><W93/><G81/><T3/><D35/><U133/><E133/><V69/><F69/><N who="3" m="26123" /><G89/><T57/><D104/><U4/><E121/><V2/><F132/><W76/><G76/><T116/><D116/><U131/><E131/><V120/><F120/><W88/><G88/><T98/><D72/><U39/><E66/><V84/><F75/><W103/><G93/><T20/><D82/><U78/><E78/><N who="2" m="46103" /><F2/><W99/><G103/><T110/><D110/><U6/><E91/><V134/><F11/><W12/><G99/><T17/><D3/><U27/><E41/><V43/><F134/><W7/><G33/><T111/><D37/><U30/><E39/><V96/><F49/><N who="3" m="28711" /><G7/><T107/><D40/><N who="2" m="15402" /><F96/><W32/><G32/><T124/><D124/><U122/><E122/><V1/><F1/><W73/><G73/><T46/><D111/><U63/><E30/><AGARI ba="0,0" hai="23,26,30,101,102" m="15402,46103,48139" machi="30" ten="30,1000,0" yaku="18,1" doraHai="9" who="2" fromWho="1" sc="250,0,250,-10,250,10,250,0" /><INIT seed="1,0,0,2,0,18" ten="250,240,260,250" oya="1" hai0="5,106,51,123,112,23,84,82,117,19,14,108,64" hai1="90,60,2,124,4,85,110,131,71,25,87,27,92" hai2="105,42,77,33,75,102,113,13,47,103,94,35,134" hai3="99,22,107,24,74,116,125,120,122,55,16,8,119"/><U115/><E115/><V9/><F113/><W88/><G74/><T30/><D112/><U101/><E124/><V69/><F69/><W32/><G107/><T98/><D117/><N who="3" m="45129" /><G55/><T38/><D108/><U48/><E131/><V56/><F105/><W44/><G44/><T68/><D38/><U20/><E110/><V118/><F103/><W11/><G99/><T95/><D123/><N who="3" m="47145" /><G88/><N who="0" m="55655" /><D106/><U39/><E39/><V129/><F129/><W57/><G57/><T91/><D68/><U72/><E72/><V41/><F56/><W37/><G37/><T10/><D64/><U73/><E73/><V61/><F42/><W128/><G128/><T17/><D51/><U1/><E48/><V0/><F75/><W97/><G97/><T36/><D36/><U46/><E101/><V28/><F102/><W59/><G59/><T104/><D104/><U86/><E46/><V100/><F47/><W54/><G54/><T63/><D63/><U26/><E60/><V53/><F61/><W31/><G125/><T111/><D111/><U49/><E49/><V43/><F43/><W45/><G45/><T12/><D91/><U70/><E70/><V121/><F41/><W96/><G96/><T66/><D66/><U109/><E71/><V65/><F65/><W50/><G50/><T58/><D58/><U15/><E109/><V7/><F118/><W79/><G79/><T67/><D67/><U133/><E90/><V89/><F89/><W135/><G135/><T132/><D132/><U80/><E133/><V62/><F134/><W126/><G126/><T6/><D84/><U127/><E86/><RYUUKYOKU ba="0,0" sc="250,-10,240,-10,260,-10,250,30" hai3="8,11,16,22,24,31,32" /><INIT seed="2,1,0,2,5,70" ten="240,230,250,280" oya="2" hai0="5,7,23,14,58,75,26,69,91,30,124,97,22" hai1="117,62,38,15,72,39,77,96,79,17,10,105,13" hai2="85,73,16,130,122,128,31,115,4,42,59,43,107" hai3="84,112,98,45,131,18,118,127,68,88,125,1,126"/><V63/><F115/><W25/><G68/><T108/><D69/><U93/><E105/><V48/><F73/><W6/><G118/><T120/><D120/><U37/><E117/><V92/><F122/><W12/><G112/><T53/><D75/><U54/><E72/><V74/><F74/><W110/><G110/><T83/><D108/><U135/><E135/><V109/><F107/><W11/><G131/><N who="2" m="50217" /><F31/><W65/><G65/><T35/><D124/><U61/><E15/><V0/><F48/><W40/><G98/><T80/><D35/><U32/><E32/><V95/><F4/><N who="0" m="1610" /><D14/><U67/><E54/><N who="2" m="34295" /><F0/><W104/><G104/><T52/><D22/><U81/><E67/><V41/><F109/><W87/><G25/><T49/><D53/><U56/><E56/><V46/><F85/><W101/><G101/><T82/><D97/><U132/><E132/><V134/><F46/><W44/><G84/><AGARI ba="1,0" hai="23,26,30,49,52,58,80,82,83,84,91" m="1610" machi="84" ten="30,2000,0" yaku="8,1,54,1" doraHai="70" who="0" fromWho="3" sc="240,23,230,0,250,0,280,-23" /><INIT seed="3,0,0,3,5,78" ten="263,230,250,257" oya="3" hai0="125,52,133,75,26,20,79,11,51,132,126,37,2" hai1="116,16,43,115,68,21,13,66,46,27,23,91,40" hai2="86,98,67,70,112,63,64,9,94,5,85,59,131" hai3="128,49,53,7,48,105,38,124,81,135,109,35,101"/><W97/><G38/><T113/><D37/><U122/><E115/><V74/><F74/><W95/><G124/><N who="0" m="47723" /><D113/><U39/><E122/><V60/><F131/><W24/><G135/><N who="0" m="51787" /><D2/><U29/><E116/><V32/><F32/><W120/><G128/><T73/><D11/><U83/><E43/><V62/><F62/><W54/><G120/><T80/><D20/><U17/><E66/><V100/><F112/><W108/><G7/><T117/><D117/><U103/><E103/><V42/><F42/><W110/><G81/><T92/><D92/><U90/><E68/><V4/><F4/><W25/><G105/><T0/><D0/><AGARI ba="0,0" hai="0,5,9,59,60,63,64,67,70,85,86,94,98,100" machi="0" ten="30,1000,0" yaku="7,1" doraHai="78" who="2" fromWho="0" sc="263,-10,230,0,250,10,257,0" /><INIT seed="4,0,0,2,4,133" ten="253,230,260,257" oya="0" hai0="18,108,60,127,121,33,4,52,0,120,93,57,73" hai1="50,135,63,34,31,85,124,36,20,32,90,104,115" hai2="55,98,56,67,42,119,72,10,102,75,89,38,19" hai3="25,64,94,30,37,82,39,68,105,21,79,66,28"/><T92/><D73/><U78/><E36/><V70/><F89/><W51/><G105/><T131/><D131/><U7/><E104/><V12/><F119/><W11/><G11/><T76/><D76/><U40/><E78/><V103/><F103/><W22/><G94/><T9/><D108/><U17/><E7/><V44/><F67/><W95/><G95/><T1/><D1/><U45/><E135/><V134/><F70/><W114/><G114/><T2/><D2/><U128/><E31/><V86/><F86/><W106/><G106/><T116/><D116/><U59/><E128/><V41/><F42/><W101/><G101/><T130/><D130/><U109/><E109/><V71/><F71/><W16/><G51/><T77/><D77/><U126/><E115/><V46/><F46/><W80/><G68/><T69/><D33/><U13/><E34/><V14/><F12/><W26/><G79/><T96/><D69/><U58/><E32/><V24/><F24/><W84/><G84/><T27/><D92/><U6/><E6/><V65/><F65/><W122/><G122/><T125/><D121/><U15/><E15/><V88/><F134/><W8/><G8/><T54/><D54/><U97/><E97/><V5/><F5/><W129/><G129/><T91/><D120/><U48/><E48/><N who="2" m="30823" /><F102/><W87/><G87/><T47/><D47/><U81/><REACH who="1" step="1"/><E59/><REACH who="1" ten="253,220,260,257" step="2"/><V49/><F38/><W62/><G62/><T74/><D74/><U111/><E111/><V3/><F3/><W61/><G61/><T118/><D118/><U43/><E43/><V53/><F41/><RYUUKYOKU ba="0,1" sc="253,0,220,0,260,0,257,0" hai0="0,4,9,18,27,52,57,60,91,93,96,125,127" hai1="13,17,20,40,45,50,58,63,81,85,90,124,126" hai2="10,14,19,44,49,53,72,75,88,98" hai3="16,21,22,25,26,28,30,37,39,64,66,80,82" /><INIT seed="4,1,1,1,4,127" ten="253,220,260,257" oya="0" hai0="28,33,130,30,19,16,123,92,20,91,12,10,37" hai1="102,36,15,69,67,75,62,111,109,116,94,56,88" hai2="118,64,6,17,79,128,14,82,21,45,1,84,106" hai3="108,72,63,132,47,32,95,68,135,93,126,100,65"/><T43/><D123/><U3/><E3/><V89/><F106/><W105/><G108/><T98/><D130/><U81/><E116/><V85/><F118/><W129/><G72/><T83/><D33/><U74/><E36/><V80/><F128/><W101/><G32/><T99/><D99/><U117/><E117/><V39/><F64/><W78/><G129/><T131/><D131/><U58/><E102/><V48/><F39/><W73/><G126/><T96/><D96/><U97/><E15/><V77/><F1/><W115/><G115/><T53/><D37/><U9/><E9/><V87/><F6/><W22/><G47/><T114/><D114/><U76/><REACH who="1" step="1"/><E74/><REACH who="1" ten="253,210,260,257" step="2"/><V11/><F11/><W23/><G105/><T61/><D10/><U7/><E7/><V51/><F45/><W133/><G78/><T49/><D12/><U35/><E35/><V41/><F41/><W40/><G40/><T54/><D43/><U46/><E46/><V44/><F44/><W38/><G73/><T5/><D5/><U25/><E25/><V71/><F71/><W13/><G38/><T90/><D20/><N who="3" m="7721" /><G13/><T121/><D121/><U119/><E119/><V57/><F57/><AGARI ba="1,2" hai="56,57,58,62,67,69,75,76,81,88,94,97,109,111" machi="57" ten="40,2600,0" yaku="1,1,54,1,53,0" doraHai="127" doraHaiUra="42" who="1" fromWho="2" sc="253,0,210,49,260,-29,257,0" /><INIT seed="5,0,0,1,2,73" ten="253,259,231,257" oya="1" hai0="93,22,67,127,130,126,27,18,97,41,80,128,105" hai1="89,23,13,42,83,24,12,81,84,108,47,0,114" hai2="60,40,9,49,106,4,50,46,104,122,62,117,113" hai3="109,58,116,51,79,76,68,25,10,39,56,135,71"/><U103/><E0/><V86/><F117/><W29/><G109/><T8/><D105/><U55/><E114/><V15/><F122/><W3/><G39/><T121/><D121/><U78/><E108/><V32/><F32/><W90/><G135/><T125/><D41/><U115/><E103/><V54/><F113/><W64/><G116/><T99/><D67/><U1/><E55/><V123/><F123/><W5/><G71/><T48/><D48/><N who="1" m="26743" /><E1/><V112/><F112/><W95/><G68/><T45/><D45/><U107/><E107/><V96/><F104/><W129/><G129/><N who="0" m="49771" /><D8/><U102/><E102/><V30/><F30/><W131/><G131/><T66/><D66/><U77/><E115/><V119/><F96/><N who="0" m="36938" /><D93/><U91/><E83/><AGARI ba="0,0" hai="18,22,27,80,83,125,126,127" m="36938,49771" machi="83" ten="40,2600,0" yaku="18,1,19,1" doraHai="73" who="0" fromWho="1" sc="253,26,259,-26,231,0,257,0" /><INIT seed="6,0,0,5,4,83" ten="279,233,231,257" oya="2" hai0="127,109,68,14,56,55,59,84,32,126,2,34,88" hai1="3,60,24,118,76,86,1,64,67,133,125,38,101" hai2="106,104,116,110,53,73,18,111,94,124,115,13,61" hai3="41,35,77,17,99,50,57,20,79,70,134,123,119"/><V27/><F116/><W102/><G123/><T5/><D109/><N who="2" m="41482" /><F115/><W128/><G119/><T117/><D68/><U37/><E118/><V30/><F124/><N who="0" m="47658" /><D117/><U22/><E133/><V122/><F73/><W114/><G128/><T82/><D2/><U54/><E1/><V130/><F130/><W95/><G134/><T85/><D85/><U9/><E38/><V39/><F39/><W71/><G114/><T51/><D59/><U75/><E37/><V8/><F122/><W29/><G35/><N who="0" m="13355" /><D14/><U43/><E75/><V45/><F94/><W97/><G29/><T21/><D5/><U19/><E3/><V6/><F6/><W121/><G121/><T81/><D21/><U80/><E125/><V10/><F10/><W63/><G71/><T26/><D82/><U74/><E9/><V65/><F53/><N who="3" m="34223" /><G97/><T87/><D87/><U90/><E74/><V66/><F45/><N who="3" m="25903" /><G70/><T47/><D47/><U46/><E46/><V48/><F48/><W52/><G52/><T28/><D28/><U40/><E54/><V7/><F7/><W132/><G132/><T92/><D81/><U62/><E76/><V120/><F120/><W107/><G107/><N who="2" m="41001" /><F61/><W72/><G72/><T113/><D113/><U98/><E62/><V89/><F89/><W96/><G96/><T44/><D44/><U108/><E108/><V135/><F135/><W0/><G0/><T105/><D105/><N who="1" m="63671" /><E60/><V33/><AGARI ba="0,0" hai="8,13,18,27,30,33,65,66" m="41001,41482" machi="33" ten="30,1500,0" yaku="10,1" doraHai="83" who="2" fromWho="2" sc="279,-5,233,-5,231,15,257,-5" /><INIT seed="6,1,0,4,5,7" ten="274,228,246,252" oya="2" hai0="105,114,36,50,71,125,31,79,55,39,117,8,41" hai1="25,124,113,86,13,83,92,46,134,38,102,54,21" hai2="11,94,43,10,63,42,88,68,100,56,78,109,61" hai3="106,81,89,101,107,75,60,22,121,80,29,111,133"/><V20/><F109/><W67/><G111/><T59/><D105/><U76/><E124/><V77/><F100/><W45/><G121/><T5/><D125/><U44/><E113/><V33/><F33/><W32/><G133/><T120/><D120/><U95/><E134/><V16/><F68/><W103/><G45/><T98/><D71/><U90/><E38/><V12/><F43/><W110/><G110/><T72/><D114/><U15/><E102/><V49/><F42/><W127/><G127/><T2/><D117/><U123/><E123/><V85/><F49/><W19/><G81/><N who="0" m="45287" /><D36/><U70/><E70/><V18/><F61/><W64/><G64/><T1/><D1/><U51/><E46/><V115/><F115/><W47/><G47/><N who="0" m="23999" /><D31/><U112/><E112/><V40/><F40/><W84/><G75/><T118/><D118/><U93/><REACH who="1" step="1"/><E90/><REACH who="1" ten="274,218,246,252" step="2"/><V58/><F58/><N who="3" m="37271" /><G103/><T82/><D59/><U0/><E0/><V37/><F37/><W108/><G101/><T65/><D2/><U57/><E57/><V122/><F122/><W27/><G108/><T87/><D65/><U48/><E48/><V9/><F18/><AGARI ba="1,1" hai="13,15,18,21,25,44,51,54,76,83,86,92,93,95" machi="18" ten="40,2600,0" yaku="1,1,8,1,53,0" doraHai="7" doraHaiUra="131" who="1" fromWho="2" sc="274,0,218,39,246,-29,252,0" /><INIT seed="7,0,0,3,4,25" ten="274,257,217,252" oya="3" hai0="55,115,59,19,17,68,13,42,75,67,119,21,91" hai1="1,92,51,100,52,118,36,64,129,128,120,125,30" hai2="133,97,53,6,3,5,61,62,132,99,113,28,7" hai3="39,34,104,9,58,11,49,69,108,8,111,31,76"/><W29/><G39/><T32/><D75/><U114/><E1/><V57/><F3/><W130/><G69/><T86/><D32/><U63/><E36/><V46/><F46/><W14/><G34/><T121/><D119/><U40/><E40/><V98/><F113/><W81/><G104/><T33/><D33/><U89/><E30/><V65/><REACH who="2" step="1"/><F28/><REACH who="2" ten="274,257,207,252" step="2"/><N who="3" m="10827" /><G130/><T22/><D115/><U107/><E114/><V24/><F24/><W127/><G127/><T106/><D121/><U66/><E120/><V71/><AGARI ba="0,1" hai="5,6,7,53,57,61,62,65,71,97,98,99,132,133" machi="71" ten="40,2700,0" yaku="1,1,0,1,53,0" doraHai="25" doraHaiUra="16" who="2" fromWho="2" sc="274,-7,257,-7,207,37,252,-13" owari="267,37.0,250,5.0,244,-16.0,239,-26.0" /></mjloggm>