<mjloggm ver="2.3"><GO type="97" lobby="0"/><UN n0="%E3%82%A6%E3%83%AB%E3%83%88%E3%83%A9%E7%AB%8B%E7%9B%B4" n1="%E3%81%B5%E3%83%BC%E7%88%BA" n2="%61%61%61%73" n3="%74%6F%6D%6F%63%68%61%6E" dan="15,14,14,14" rate="1976.37,1983.19,1935.40,1957.32" sx="M,M,M,M"/><TAIKYOKU oya="0"/><INIT seed="0,0,0,1,5,33" ten="250,250,250,250" oya="0" hai0="17,9,79,5,71,38,101,37,116,95,128,123,42" hai1="97,98,15,75,58,21,100,14,135,1,133,84,132" hai2="57,113,76,24,91,7,43,115,26,102,52,87,118" hai3="11,66,40,60,96,106,80,29,20,4,107,110,111"/><T92/><D123/><U16/><E75/><V82/><F102/><W45/><G80/><T126/><D116/><U120/><E120/><V49/><F7/><W10/><G20/><T81/><D126/><U121/><E121/><V85/><F118/><W59/><G29/><T90/><D128/><U89/><E1/><V78/><F43/><W68/><G59/><T70/><D17/><N who="1" m="10423" /><E58/><V27/><REACH who="2" step="1"/><F76/><REACH who="2" ten="250,250,240,250" step="2"/><W36/><G11/><T117/><D117/><U104/><E100/><V65/><F65/><W103/><REACH who="3" step="1"/><G106/><REACH who="3" ten="250,250,240,240" step="2"/><T99/><D70/><U64/><E104/><V18/><F18/><W130/><G130/><T56/><D71/><U134/><E134/><V105/><F105/><W74/><G74/><T12/><D56/><U127/><E132/><V30/><F30/><W119/><G119/><T53/><D53/><U2/><E16/><V61/><F61/><W25/><G25/><T8/><D8/><U6/><E135/><V62/><F62/><W112/><G112/><T13/><D13/><AGARI ba="0,2" hai="4,10,13,36,40,45,60,66,68,96,103,107,110,111" machi="13" ten="40,1300,0" yaku="1,1,53,0" doraHai="33" doraHaiUra="19" who="3" fromWho="0" sc="250,-13,250,0,240,0,240,33" /><INIT seed="1,0,0,0,5,53" ten="237,250,240,273" oya="1" hai0="108,78,37,109,87,73,77,41,79,107,92,94,126" hai1="48,50,68,39,69,81,120,65,46,18,14,84,67" hai2="110,32,23,21,31,118,93,0,95,91,121,22,12" hai3="24,70,40,54,3,8,29,122,49,103,43,11,106"/><U88/><E120/><V102/><F110/><N who="0" m="42602" /><D41/><U30/><E39/><V1/><F118/><W71/><G122/><T131/><D37/><U55/><E30/><V63/><F121/><W42/><G106/><T89/><D107/><U104/><E104/><V124/><F124/><W61/><G103/><T33/><D33/><U105/><E105/><V119/><F119/><W75/><G75/><T28/><D28/><U101/><E101/><V10/><F63/><W17/><G17/><T35/><D35/><U44/><E69/><V112/><F112/><W130/><G130/><T98/><D126/><U5/><E5/><V47/><F47/><W114/><G114/><T13/><D13/><U2/><E2/><V125/><F125/><W25/><G25/><T7/><D7/><U116/><E68/><V123/><F123/><W26/><G26/><T85/><D131/><U34/><E34/><V6/><F32/><W128/><G128/><T36/><D36/><U58/><E116/><V111/><F31/><W51/><G3/><T66/><D66/><N who="1" m="25099" /><E50/><V72/><F72/><W60/><G71/><T64/><D64/><U16/><E18/><V113/><F113/><W9/><G70/><T52/><D73/><U82/><E82/><V133/><F111/><W127/><G127/><T80/><D52/><U19/><E19/><V135/><F102/><AGARI ba="0,0" hai="77,78,79,80,85,87,89,92,94,98,102" m="42602" machi="102" ten="30,3900,0" yaku="14,1,34,2" doraHai="53" who="0" fromWho="2" sc="237,39,250,0,240,-39,273,0" /><INIT seed="2,0,0,5,3,2" ten="276,250,201,273" oya="2" hai0="60,97,109,1,120,103,115,131,80,31,49,54,77" hai1="44,14,6,123,129,23,74,102,16,38,132,20,48" hai2="87,130,42,52,86,5,27,90,67,41,66,33,135" hai3="78,134,76,105,34,29,69,72,124,125,92,46,11"/><V56/><F33/><W58/><G69/><T3/><D120/><U104/><E123/><V94/><F130/><W75/><G105/><T98/><D109/><U110/><E110/><V13/><F135/><W51/><G134/><T37/><D37/><U24/><E132/><V8/><F86/><W100/><G58/><T84/><D131/><U114/><E129/><V89/><F89/><W111/><G11/><T65/><D115/><U26/><E114/><V64/><F27/><W50/><G111/><T68/><D97/><U57/><E74/><V133/><F133/><W116/><G116/><T28/><D28/><U81/><E38/><V0/><F0/><W43/><G29/><T99/><D99/><U30/><E104/><V95/><F95/><W22/><G34/><T40/><D40/><U70/><E70/><V73/><F73/><W18/><G100/><T9/><D9/><N who="1" m="4407" /><E102/><V47/><F47/><W106/><G92/><T119/><D119/><U62/><E81/><V79/><F79/><W108/><G106/><T88/><D77/><N who="3" m="29801" /><G75/><T61/><D3/><U63/><E57/><V12/><F12/><N who="3" m="9543" /><G72/><T39/><D1/><U122/><E122/><V112/><F112/><W4/><G108/><T82/><D39/><U113/><E113/><V118/><F118/><W59/><G4/><T117/><D117/><U25/><E25/><V128/><F128/><W53/><G43/><AGARI ba="0,0" hai="16,20,23,24,26,30,43,44,48,62,63" m="4407" machi="43" ten="30,3900,0" yaku="8,1,52,1,54,1" doraHai="2" who="1" fromWho="3" sc="276,0,250,39,201,0,273,-39" /><INIT seed="3,0,0,5,3,64" ten="276,289,201,234" oya="3" hai0="110,80,102,81,24,10,89,29,20,97,0,45,112" hai1="67,117,100,133,36,52,74,104,87,1,86,25,21" hai2="30,57,88,19,90,46,15,56,65,16,79,122,9" hai3="61,49,118,55,130,43,11,70,77,105,47,134,27"/><W85/><G118/><T40/><D110/><U68/><E117/><V28/><F122/><W114/><G105/><T101/><D112/><U50/><E36/><V69/><F69/><W128/><G114/><T35/><D35/><U22/><E74/><V82/><F65/><N who="3" m="41263" /><G134/><T14/><D0/><U92/><E104/><V33/><F33/><W72/><G72/><T44/><D89/><N who="2" m="34410" /><F46/><N who="0" m="18026" /><D40/><U108/><E108/><V129/><F19/><W31/><G11/><T123/><D123/><U76/><E133/><V121/><F121/><W51/><G85/><T98/><D98/><U94/><E1/><V132/><F132/><W93/><G77/><T37/><D37/><U127/><E127/><V32/><F32/><W41/><G93/><N who="0" m="58543" /><D102/><U26/><E100/><V63/><F129/><N who="3" m="49771" /><G51/><T96/><D96/><U113/><E113/><V13/><F13/><W99/><G99/><T95/><D95/><U135/><E135/><V119/><F119/><W8/><G8/><T58/><D14/><U66/><E94/><V7/><F7/><W5/><G5/><T12/><D12/><U23/><E92/><V17/><F17/><W59/><G47/><T131/><D10/><U84/><E76/><V54/><F57/><W126/><G126/><T125/><D125/><U53/><E50/><V34/><F34/><AGARI ba="0,0" hai="27,31,34,41,43,49,55,59" m="49771,41263" machi="34" ten="30,2900,0" yaku="19,1,52,1" doraHai="64" who="3" fromWho="2" sc="276,0,289,0,201,-29,234,29" /><INIT seed="3,1,0,2,3,129" ten="276,289,172,263" oya="3" hai0="75,123,81,28,77,106,105,107,12,11,76,31,52" hai1="69,50,91,58,14,84,101,62,60,80,98,132,49" hai2="48,65,103,119,63,29,115,121,94,104,128,37,92" hai3="8,125,16,9,24,35,73,88,19,110,97,44,126"/><W21/><G73/><T82/><D123/><U134/><E69/><V18/><F104/><W47/><G110/><T42/><D42/><U33/><E33/><V135/><F119/><W64/><G64/><T111/><D111/><U114/><E114/><V66/><F115/><W59/><G35/><T72/><REACH who="0" step="1"/><D52/><REACH who="0" ten="266,289,172,263" step="2"/><U68/><E62/><V22/><F121/><W26/><G125/><T51/><D51/><U53/><E50/><V108/><F108/><W43/><G126/><T124/><D124/><U13/><E49/><V39/><F128/><W10/><G43/><T15/><D15/><U87/><E13/><V120/><F120/><W78/><G59/><T45/><D45/><U90/><E14/><V102/><F48/><W40/><G40/><T6/><AGARI ba="1,1" hai="6,11,12,28,31,72,75,76,77,81,82,105,106,107" machi="6" ten="30,7900,0" yaku="1,1,0,1,9,1,53,1" doraHai="129" doraHaiUra="5" who="0" fromWho="0" sc="266,92,289,-21,172,-21,263,-40" owari="358,46.0,268,7.0,151,-35.0,223,-18.0" /></mjloggm>