<mjloggm ver="2.3"><GO type="169" lobby="0"/><UN n0="%E9%B7%B9%E6%AD%A3%E3%81%AE%E5%80%85%EF%BC%9D%E5%AF%8C%E7%8C%AB" n1="%6D%65%24%6F" n2="%EF%BC%88%E2%89%A7%E2%96%BD%E2%89%A6%EF%BC%89" n3="%E3%83%AA%E3%83%95%E3%83%AC%E3%82%AF%E3%83%86%E3%82%A3%E3%82%A2" dan="17,17,19,17" rate="2147.09,2232.83,2318.20,2130.94" sx="M,M,M,F"/><TAIKYOKU oya="0"/><INIT seed="0,0,0,0,1,35" ten="250,250,250,250" oya="0" hai0="2,36,44,103,125,113,85,71,129,58,88,0,52" hai1="15,100,46,26,73,34,135,122,12,21,68,6,98" hai2="25,123,4,119,90,96,39,11,31,74,94,19,86" hai3="22,33,109,24,43,72,104,57,92,102,128,93,20"/><T64/><D113/><U37/><E122/><V32/><F74/><W17/><G72/><T1/><D103/><U131/><E73/><V16/><F119/><W84/><G33/><T76/><D76/><U112/><E112/><V61/><F123/><W130/><G43/><T67/><D71/><U28/><E131/><N who="3" m="50218" /><G109/><T30/><D30/><U38/><E68/><V127/><F127/><W118/><G118/><T49/><D125/><U13/><E135/><V132/><F132/><W10/><G10/><T41/><REACH who="0" step="1"/><D129/><REACH who="0" ten="240,250,250,250" step="2"/><U91/><E100/><V40/><F31/><W108/><G102/><T81/><AGARI ba="0,1" hai="0,1,2,36,41,44,49,52,58,64,67,81,85,88" machi="81" ten="30,24000,3" yaku="1,1,2,1,0,1,52,3,54,2,53,1" doraHai="35" doraHaiUra="45" who="0" fromWho="0" sc="240,250,250,-80,250,-80,250,-80" /><INIT seed="0,1,0,3,4,99" ten="490,170,170,170" oya="0" hai0="71,45,23,55,7,83,75,69,95,15,96,117,24" hai1="86,128,44,17,6,131,109,64,4,41,102,135,107" hai2="61,105,49,104,46,72,67,53,66,56,125,94,113" hai3="123,114,103,62,121,90,110,85,60,29,76,36,3"/><T119/><D71/><U79/><E135/><V1/><F113/><W37/><G114/><T118/><D69/><U84/><E109/><V130/><F1/><W70/><G3/><T47/><D55/><U120/><E120/><V8/><F72/><W132/><G76/><T82/><D7/><U18/><E64/><V134/><F134/><W88/><G132/><T19/><D15/><U65/><E65/><V124/><F8/><W35/><G70/><T32/><D32/><U40/><E79/><V122/><F122/><W13/><G13/><T74/><D75/><U100/><E44/><V30/><F130/><W81/><G35/><T52/><D47/><U101/><E101/><V21/><F94/><W59/><G110/><T116/><D74/><U133/><E133/><V50/><F67/><W51/><G103/><T106/><D106/><AGARI ba="1,0" hai="4,6,17,18,40,41,84,86,100,102,106,107,128,131" machi="106" ten="25,6400,0" yaku="22,2,52,2" doraHai="99" who="1" fromWho="0" sc="490,-67,170,67,170,0,170,0" /><INIT seed="1,0,0,1,1,7" ten="423,237,170,170" oya="1" hai0="77,59,115,130,56,12,121,11,74,109,86,88,119" hai1="60,64,90,1,85,62,92,36,6,41,73,46,116" hai2="31,55,8,107,32,54,0,120,127,70,112,17,24" hai3="84,26,125,97,47,29,104,110,114,105,9,87,16"/><U58/><E116/><V122/><F70/><W72/><G72/><T63/><D119/><U98/><E73/><V33/><F127/><W94/><G114/><T19/><D115/><U117/><E117/><V45/><F112/><W34/><G125/><T91/><D109/><U111/><E111/><V51/><F33/><W113/><G113/><T5/><D130/><U25/><E25/><V75/><F107/><W69/><G110/><T133/><D133/><U95/><E60/><V22/><F75/><W79/><G69/><T135/><D135/><U132/><E132/><V83/><F83/><W15/><G47/><T10/><D74/><U118/><E118/><V106/><F54/><W96/><G96/><T71/><D71/><U101/><E6/><N who="2" m="1095" /><F106/><W13/><G104/><T128/><D128/><U93/><REACH who="1" step="1"/><E1/><REACH who="1" ten="423,227,170,170" step="2"/><V35/><F35/><W52/><G34/><T102/><D63/><U65/><E65/><V18/><F32/><W129/><G129/><T39/><D5/><U124/><E124/><V100/><F122/><W53/><G26/><T4/><D4/><U28/><E28/><V42/><F120/><W89/><G29/><T131/><D121/><U23/><E23/><V66/><F66/><W81/><REACH who="3" step="1"/><G15/><REACH who="3" ten="423,227,170,160" step="2"/><T3/><D12/><U134/><E134/><V30/><F30/><W49/><G49/><T38/><D3/><U123/><E123/><V99/><F31/><W40/><G40/><T126/><D126/><U57/><E57/><V82/><F42/><W67/><G67/><T68/><D131/><U103/><E103/><AGARI ba="0,2" hai="9,13,16,52,53,79,81,84,87,89,94,97,103,105" machi="103" ten="40,8000,1" yaku="1,1,52,1,54,2,53,0" doraHai="7" doraHaiUra="37" who="3" fromWho="1" sc="423,0,227,-80,170,0,160,100" /><INIT seed="2,0,0,4,2,36" ten="423,147,170,260" oya="2" hai0="114,39,57,122,58,92,118,54,44,33,76,24,64" hai1="43,111,61,18,87,16,79,106,96,3,8,2,130" hai2="21,12,31,132,10,82,14,5,133,72,1,110,91" hai3="23,37,108,45,28,15,83,69,35,48,51,120,32"/><V125/><F125/><W77/><G69/><T29/><D114/><U6/><E130/><V115/><F115/><W74/><G120/><T95/><D122/><U98/><E111/><V90/><F110/><W103/><G108/><T17/><D76/><U80/><E3/><V66/><F66/><W46/><G103/><T105/><D105/><U94/><E106/><V112/><F112/><W34/><G15/><N who="2" m="5673" /><F72/><W109/><G109/><T117/><D17/><U86/><E61/><V4/><F82/><W131/><G131/><T49/><D64/><U127/><E127/><V134/><F4/><W41/><REACH who="3" step="1"/><G45/><REACH who="3" ten="423,147,170,250" step="2"/><T85/><D44/><U53/><E2/><V88/><F31/><W121/><G121/><T124/><D29/><U135/><E135/><V113/><F113/><W20/><G20/><AGARI ba="0,1" hai="1,5,10,20,21,88,90,91,132,133,134" m="5673" machi="20" ten="40,3900,0" yaku="20,1,54,1" doraHai="36" who="2" fromWho="3" sc="423,0,147,0,170,49,250,-39" /><INIT seed="2,1,0,0,4,76" ten="423,147,219,211" oya="2" hai0="73,15,127,93,106,27,19,22,29,31,34,57,12" hai1="79,135,18,46,112,78,75,108,61,96,109,123,10" hai2="60,120,55,2,89,67,114,14,0,103,81,118,16" hai3="52,41,94,71,130,26,13,84,59,77,65,33,3"/><V119/><F120/><W54/><G3/><T44/><D106/><U63/><E112/><V4/><F114/><W99/><G130/><T28/><D73/><U64/><E123/><V48/><F103/><W21/><G33/><T40/><D127/><U1/><E96/><V128/><F128/><W105/><G41/><T5/><D5/><U87/><E75/><V80/><F0/><W111/><G13/><T20/><D34/><U107/><E107/><V134/><F134/><W102/><G71/><T17/><D57/><U122/><E122/><V129/><F129/><W117/><G111/><N who="1" m="42570" /><E46/><N who="2" m="28055" /><F2/><W69/><G69/><T24/><REACH who="0" step="1"/><D93/><REACH who="0" ten="413,147,219,211" step="2"/><U39/><E135/><V92/><F4/><W66/><G105/><T124/><D124/><U43/><E1/><V133/><F133/><W104/><G104/><T37/><AGARI ba="1,1" hai="12,15,17,19,20,22,24,27,28,29,31,37,40,44" machi="37" ten="30,12000,2" yaku="1,1,0,1,9,1,53,3" doraHai="76" doraHaiUra="25" who="0" fromWho="0" sc="413,133,147,-31,219,-61,211,-31" /><INIT seed="3,0,0,3,2,110" ten="546,116,158,180" oya="3" hai0="79,61,74,57,11,39,56,22,91,127,70,73,32" hai1="5,117,84,89,54,113,128,107,132,116,105,76,43" hai2="69,100,88,55,134,92,35,3,30,2,106,29,41" hai3="83,119,12,75,25,31,118,65,18,17,72,130,94"/><W114/><G65/><T131/><D32/><U48/><E43/><V66/><F134/><W129/><G83/><T40/><D70/><U77/><E5/><V9/><F41/><W99/><G75/><T1/><D40/><U15/><E15/><V44/><F35/><W37/><G37/><T103/><D39/><U111/><E111/><V115/><F106/><N who="1" m="40457" /><E54/><V46/><F3/><W126/><G72/><T21/><D103/><U0/><E48/><V95/><F100/><W81/><G81/><T19/><D1/><U36/><E0/><V112/><F95/><W104/><G104/><T87/><D73/><U85/><E36/><V27/><F69/><W6/><G6/><T8/><D74/><U52/><E52/><V59/><F66/><W4/><G4/><T16/><D61/><U58/><E58/><V96/><F9/><W120/><G120/><T135/><D135/><U82/><E132/><V123/><F123/><W86/><G86/><N who="1" m="33386" /><E128/><V67/><F67/><W133/><G133/><T71/><D71/><U23/><E23/><N who="2" m="15615" /><F30/><W124/><G31/><T63/><D63/><U42/><E42/><V33/><F33/><W10/><G10/><T34/><D34/><U121/><E121/><V60/><F2/><W90/><G25/><T93/><D131/><U80/><E89/><V122/><F122/><W53/><G53/><T97/><D91/><U24/><E24/><V98/><F46/><W108/><G108/><T125/><D11/><U38/><E38/><V28/><F28/><W101/><G90/><T14/><D8/><U50/><E50/><N who="2" m="29127" /><F96/><W13/><G130/><RYUUKYOKU ba="0,0" sc="546,-10,116,-10,158,30,180,-10" hai2="59,60,88,92,98,112,115" /><INIT seed="4,1,0,5,1,65" ten="536,106,188,170" oya="0" hai0="131,89,44,21,112,75,42,3,56,116,43,15,20" hai1="106,54,104,117,91,1,132,24,90,113,57,119,12" hai2="59,4,98,97,125,40,18,82,129,76,102,7,16" hai3="52,94,55,130,38,25,36,100,33,128,122,63,13"/><T70/><D3/><U50/><E1/><V126/><F40/><W135/><G122/><T92/><D75/><U31/><E132/><V134/><F129/><N who="3" m="49771" /><G135/><T111/><D116/><U109/><E109/><V8/><F59/><N who="3" m="35303" /><G13/><T9/><D111/><U81/><E104/><N who="2" m="63567" /><F98/><N who="3" m="59479" /><G55/><T120/><D120/><U115/><E106/><V105/><F105/><W19/><G19/><N who="2" m="7209" /><F8/><W61/><G61/><T68/><D131/><U23/><E12/><V51/><F134/><W83/><G83/><T77/><D77/><U110/><E110/><V17/><F17/><W127/><G127/><N who="2" m="48649" /><F51/><W73/><G73/><AGARI ba="1,0" hai="4,7,73,76,82" m="48649,7209,63567" machi="73" ten="30,2000,0" yaku="18,1,54,1" doraHai="65" who="2" fromWho="3" sc="536,0,106,0,188,23,170,-23" /><INIT seed="5,0,0,5,0,126" ten="536,106,211,147" oya="1" hai0="19,110,135,8,51,67,111,37,122,48,109,81,6" hai1="112,39,30,33,10,65,41,56,12,103,128,1,130" hai2="102,26,127,131,42,118,50,58,91,57,52,89,129" hai3="55,62,64,17,24,121,98,49,83,9,117,105,95"/><U133/><E1/><V101/><F118/><W11/><G121/><T88/><D37/><U124/><E124/><V78/><F78/><W125/><G125/><T68/><D122/><U63/><E103/><N who="2" m="39435" /><F127/><W132/><G117/><T82/><D135/><U35/><E133/><V77/><F77/><W36/><G36/><T80/><D19/><U28/><E112/><V5/><F5/><W108/><G105/><T20/><D20/><U73/><E73/><V13/><F13/><W22/><G108/><T31/><D31/><U104/><E104/><V106/><F42/><W60/><G83/><T116/><D116/><U18/><E41/><V119/><F106/><W40/><G40/><T115/><D115/><U32/><REACH who="1" step="1"/><E39/><REACH who="1" ten="536,96,211,147" step="2"/><V99/><F119/><W59/><G132/><T3/><D111/><U76/><E76/><V114/><F114/><W53/><G53/><T96/><D110/><U4/><E4/><V123/><F52/><W120/><G120/><T113/><D113/><U34/><N who="1" m="8192" /><DORA hai="21" /><U47/><E47/><V70/><F123/><W74/><G74/><T107/><D6/><U86/><E86/><V97/><F91/><N who="3" m="55679" /><G62/><T46/><D88/><U90/><E90/><V100/><F89/><W69/><G69/><T75/><D3/><U134/><E134/><V66/><F70/><W29/><G60/><T27/><D75/><U0/><E0/><V45/><F100/><W72/><G72/><T14/><D68/><U84/><E84/><V54/><F54/><W85/><G85/><T16/><D107/><U79/><E79/><V44/><F44/><W7/><G7/><RYUUKYOKU ba="0,1" sc="536,-10,96,30,211,-10,147,-10" hai1="10,12,18,28,30,56,63,65,128,130" /><INIT seed="5,1,1,1,4,84" ten="526,126,201,137" oya="1" hai0="73,63,67,49,36,4,41,129,61,20,87,85,13" hai1="117,9,32,0,108,21,50,131,100,128,64,62,114" hai2="19,1,88,48,80,42,28,121,115,59,96,37,79" hai3="31,60,127,74,7,12,2,10,6,118,5,51,135"/><U98/><E117/><V99/><F1/><W110/><G110/><T75/><D36/><U130/><E32/><V16/><F37/><W11/><G118/><T40/><D129/><U57/><E108/><V111/><F121/><W70/><G74/><T124/><D124/><U97/><E114/><V133/><F133/><W119/><G119/><T55/><D75/><U38/><E38/><V65/><F28/><W101/><G135/><T106/><D106/><U77/><E77/><V39/><F39/><W95/><G127/><T86/><D73/><U8/><E0/><V3/><F3/><W104/><G104/><T26/><D13/><U105/><E97/><N who="2" m="37451" /><F79/><W109/><G109/><T53/><D4/><U29/><REACH who="1" step="1"/><E50/><REACH who="1" ten="526,116,201,137" step="2"/><V58/><F115/><W71/><G51/><T33/><D33/><U122/><E122/><V35/><F35/><W126/><G2/><T56/><D49/><U107/><E107/><V18/><F111/><W120/><G120/><T52/><D63/><U123/><E123/><V93/><F48/><W90/><G126/><T92/><D61/><U116/><E116/><V66/><F42/><W69/><G60/><T102/><D41/><U76/><E76/><V24/><F66/><W23/><G101/><T54/><D40/><U89/><E89/><V82/><F65/><W94/><G90/><T17/><D67/><U15/><E15/><V78/><F78/><W113/><G113/><T112/><D112/><U34/><E34/><V45/><F88/><W46/><G12/><T72/><D102/><U27/><AGARI ba="1,2" hai="8,9,21,27,29,57,62,64,98,100,105,128,130,131" machi="27" ten="40,7800,0" yaku="1,1,0,1,19,1,53,0" doraHai="84" doraHaiUra="47" who="1" fromWho="1" sc="526,-27,116,101,201,-27,137,-27" /><INIT seed="5,2,0,1,1,96" ten="499,217,174,110" oya="1" hai0="26,121,123,18,88,53,15,10,52,127,1,65,92" hai1="13,97,49,93,84,27,69,72,108,106,94,45,115" hai2="11,86,17,109,16,130,7,68,117,85,103,0,81" hai3="76,38,112,75,90,28,66,40,107,47,111,87,46"/><U2/><E72/><V58/><F68/><W35/><G111/><T95/><D127/><U44/><E2/><V59/><F117/><W34/><G112/><T133/><D133/><U114/><E69/><V98/><F109/><W105/><G47/><T82/><D65/><U125/><E125/><V119/><F119/><W22/><G66/><T12/><D1/><U37/><E108/><V33/><F33/><W132/><G132/><T110/><D26/><U78/><E37/><V120/><F120/><N who="0" m="46154" /><D82/><U131/><E131/><V41/><F41/><W43/><G43/><T24/><D24/><U122/><E122/><V25/><F130/><W104/><G22/><N who="0" m="11615" /><D92/><U101/><E27/><V83/><F83/><W113/><G113/><N who="1" m="43018" /><E13/><V73/><F25/><W126/><G126/><T99/><D110/><U14/><E14/><V23/><F73/><W80/><G28/><T89/><D89/><N who="1" m="53415" /><E78/><V118/><F118/><W63/><G35/><T77/><D77/><U4/><E4/><AGARI ba="2,0" hai="4,10,12,52,53,88,95,99" m="11615,46154" machi="4" ten="30,3900,0" yaku="13,1,54,2" doraHai="96" who="0" fromWho="1" sc="499,45,217,-45,174,0,110,0" /><INIT seed="6,0,0,0,3,13" ten="544,172,174,110" oya="2" hai0="89,37,9,118,36,98,46,6,88,24,104,81,105" hai1="72,49,124,33,134,48,102,99,59,86,130,60,113" hai2="43,27,15,20,135,70,58,0,122,126,29,74,47" hai3="106,51,125,31,78,5,119,91,90,133,34,8,4"/><V16/><F70/><W19/><G106/><T128/><D128/><U83/><E72/><V28/><F74/><W77/><G119/><T84/><D118/><U61/><E33/><V22/><F0/><W67/><G67/><T63/><D63/><U95/><E130/><V85/><F122/><W66/><G66/><T54/><D24/><U79/><E124/><V1/><F1/><W117/><G117/><T39/><D46/><U23/><E134/><V107/><F107/><W17/><G125/><T129/><D54/><U127/><E113/><V116/><F116/><W96/><G133/><T87/><D98/><U80/><E61/><V132/><F126/><W68/><G68/><T56/><D56/><U53/><E83/><V111/><F111/><W93/><G34/><T76/><D76/><N who="3" m="29289" /><G31/><T120/><D120/><U75/><E75/><V108/><F108/><W21/><G21/><T25/><D25/><U109/><E109/><V73/><F73/><W64/><G64/><T10/><D129/><U55/><E127/><V45/><F29/><W123/><G123/><T18/><D6/><N who="3" m="2665" /><G8/><T41/><D41/><U131/><E131/><V2/><F132/><W42/><G91/><T112/><D112/><U110/><E110/><V30/><F135/><W100/><G100/><T103/><D103/><U26/><E55/><V52/><F30/><AGARI ba="0,0" hai="23,26,30,48,49,53,59,60,79,80,86,95,99,102" machi="30" ten="30,2000,0" yaku="7,1,8,1" doraHai="13" who="1" fromWho="2" sc="544,0,172,20,174,-20,110,0" /><INIT seed="7,0,0,0,5,5" ten="544,192,154,110" oya="3" hai0="3,35,130,58,122,51,9,10,132,63,98,36,23" hai1="18,77,2,49,111,25,85,56,87,50,97,84,17" hai2="110,53,96,124,0,1,102,112,79,134,109,131,60" hai3="64,21,90,32,37,65,119,68,33,123,40,108,80"/><W127/><G123/><T34/><D36/><U91/><E2/><N who="2" m="1131" /><F79/><W133/><G119/><T114/><D122/><U116/><E111/><V101/><F101/><W104/><G104/><T14/><D114/><U105/><E116/><V113/><F124/><W24/><G108/><T7/><D130/><U117/><E117/><V66/><F53/><W38/><G127/><T44/><D23/><N who="1" m="13551" /><E105/><N who="2" m="63687" /><F134/><W29/><G133/><T67/><D98/><U59/><E77/><V93/><F93/><W8/><G8/><T89/><D89/><U99/><E18/><V27/><F27/><W26/><G68/><T135/><D132/><U83/><E97/><V126/><F131/><W30/><G21/><T47/><D135/><U71/><E71/><N who="2" m="42439" /><F126/><W128/><G128/><T100/><D100/><U55/><E99/><V31/><F31/><W13/><G13/><T11/><D11/><U129/><E129/><V73/><F73/><W42/><G80/><T16/><D47/><U120/><E120/><V76/><F76/><W45/><REACH who="3" step="1"/><G90/><REACH who="3" ten="544,192,154,100" step="2"/><T115/><D115/><AGARI ba="0,1" hai="109,110,112,113,115" m="42439,63687,1131" machi="115" ten="30,2000,0" yaku="15,1,23,1" doraHai="5" who="2" fromWho="0" sc="544,-20,192,0,154,30,100,0" owari="524,63.0,192,-1.0,184,-22.0,100,-40.0" /></mjloggm>