<mjloggm ver="2.3"><GO type="97" lobby="0"/><UN n0="%E3%82%AA%E3%83%8A%E7%A6%81" n1="%74%6F%6D%6F%64%69%6E%61" n2="%E3%82%A6%E3%83%AB%E3%83%88%E3%83%A9%E7%AB%8B%E7%9B%B4" n3="%E2%98%85%E9%BA%BB%E5%B0%86%E7%AB%B6%E6%8A%80%E6%84%9B%E5%A5%BD%E8%80%85" dan="13,14,15,14" rate="1936.11,1914.67,2002.95,1956.63" sx="M,M,M,M"/><TAIKYOKU oya="0"/><INIT seed="0,0,0,4,3,132" ten="250,250,250,250" oya="0" hai0="107,12,11,106,73,44,5,4,82,9,130,119,101" hai1="86,53,133,43,104,56,42,2,37,38,90,116,24" hai2="41,67,88,45,78,79,100,123,55,77,131,109,30" hai3="31,124,33,48,122,35,111,29,64,89,22,36,92"/><T19/><D119/><U13/><E116/><V68/><F123/><W91/><G36/><T75/><D130/><U17/><E2/><V85/><F131/><W7/><G7/><T83/><D44/><U57/><E104/><V81/><F109/><W80/><G111/><T59/><D12/><U62/><E133/><V1/><F1/><W127/><G64/><T20/><D20/><U14/><E24/><V27/><F100/><W121/><G92/><T10/><D101/><U128/><E128/><V28/><F67/><W70/><G48/><T58/><REACH who="0" step="1"/><D11/><REACH who="0" ten="240,250,250,250" step="2"/><U134/><E13/><V135/><F135/><W47/><G22/><T8/><D8/><U103/><E134/><V96/><F27/><W39/><G39/><T54/><D54/><N who="1" m="34071" /><E103/><V129/><F129/><W72/><G47/><T25/><D25/><U108/><E38/><V49/><F55/><W51/><G51/><T112/><D112/><U46/><E46/><V69/><F69/><W61/><G70/><T21/><D21/><N who="1" m="11447" /><E37/><V95/><F68/><W99/><G61/><T125/><D125/><U66/><E108/><V15/><F15/><W113/><G113/><T105/><D105/><U65/><E65/><V50/><F50/><W71/><G71/><T40/><D40/><U23/><E66/><V102/><AGARI ba="0,1" hai="28,30,41,45,49,77,78,79,81,85,88,95,96,102" machi="102" ten="30,4000,0" yaku="0,1,8,1,54,1" doraHai="132" who="2" fromWho="2" sc="240,-20,250,-10,250,50,250,-10" /><INIT seed="1,0,0,4,5,31" ten="220,240,300,240" oya="1" hai0="84,52,8,72,106,98,63,66,100,57,108,32,95" hai1="10,39,33,103,99,9,64,130,124,35,122,28,109" hai2="27,127,118,115,97,20,135,30,75,71,93,94,112" hai3="5,61,49,7,133,43,51,36,17,107,60,86,96"/><U129/><E122/><V2/><F75/><W4/><G133/><T1/><D72/><U54/><E39/><V119/><F71/><W102/><G86/><T85/><D108/><U92/><E64/><V45/><F2/><W110/><G110/><T47/><D106/><U68/><E109/><V125/><F45/><W123/><G123/><T134/><D134/><U56/><E68/><V83/><F83/><W40/><G17/><T11/><D32/><U113/><E113/><N who="2" m="43595" /><F94/><W46/><REACH who="3" step="1"/><G43/><REACH who="3" ten="220,240,300,230" step="2"/><T69/><D1/><U120/><E120/><V3/><F3/><W90/><G90/><T25/><D100/><U12/><E28/><V19/><F30/><W38/><G38/><T44/><D85/><U70/><E70/><V14/><F135/><W53/><G53/><T76/><D84/><U16/><E124/><V26/><F125/><W132/><G132/><T67/><D76/><U37/><E37/><V42/><F42/><W0/><G0/><T13/><D69/><U55/><E54/><V116/><F127/><W128/><G128/><N who="1" m="49258" /><E10/><V82/><F82/><W21/><G21/><T74/><D11/><U15/><E12/><V79/><F79/><W88/><G88/><AGARI ba="0,1" hai="14,19,20,26,27,88,93,97,116,118,119" m="43595" machi="88" ten="40,2600,0" yaku="11,1,54,1" doraHai="31" who="2" fromWho="3" sc="220,0,240,0,300,36,230,-26" /><INIT seed="2,0,0,0,3,97" ten="220,240,336,204" oya="2" hai0="24,50,111,11,53,72,110,108,64,23,95,117,35" hai1="31,109,61,94,37,9,59,1,121,19,132,14,87" hai2="75,80,88,131,86,65,98,41,128,91,17,68,25" hai3="71,42,30,125,47,113,78,76,54,99,85,39,79"/><V74/><F41/><W101/><G125/><T34/><D72/><U82/><E37/><V16/><F65/><W124/><G124/><T123/><D123/><U122/><E1/><V69/><F98/><W126/><G126/><T56/><D117/><U33/><E31/><V134/><F134/><W67/><G113/><T104/><D104/><U48/><E33/><V43/><F43/><W107/><G54/><T66/><D11/><U21/><E132/><V13/><F13/><W51/><G51/><T2/><D95/><U29/><E48/><V84/><F25/><W60/><G85/><T102/><D102/><U7/><E94/><V112/><F80/><W119/><REACH who="3" step="1"/><G30/><REACH who="3" ten="220,240,336,194" step="2"/><N who="0" m="17695" /><D2/><U44/><E29/><V89/><F112/><W115/><G115/><T93/><D93/><U100/><E122/><V130/><F86/><W45/><G45/><T0/><D0/><U114/><E44/><V32/><F84/><W6/><G6/><T105/><D105/><U10/><E121/><V26/><F75/><W129/><G129/><T15/><D66/><U49/><E114/><V83/><F74/><W28/><G28/><T57/><D64/><U120/><E120/><V92/><F128/><W58/><G58/><T38/><D57/><U96/><E49/><V106/><F130/><W135/><G135/><T18/><D38/><U118/><E7/><V70/><F131/><W116/><AGARI ba="0,1" hai="39,42,47,60,67,71,76,78,79,99,101,107,116,119" machi="116" ten="30,4000,0" yaku="1,1,0,1,52,1,53,0" doraHai="97" doraHaiUra="127" who="3" fromWho="3" sc="220,-10,240,-10,336,-20,194,50" /><INIT seed="3,0,0,2,5,50" ten="210,230,316,244" oya="3" hai0="28,6,42,2,36,106,41,65,3,21,124,19,31" hai1="45,56,32,98,52,22,82,88,100,117,121,120,108" hai2="91,4,67,84,69,57,7,35,115,102,129,20,63" hai3="78,72,10,104,0,60,73,116,16,76,54,107,126"/><W109/><G116/><T38/><D106/><U85/><E32/><V24/><F115/><W99/><G0/><T90/><D65/><U59/><E117/><V130/><F35/><W118/><G118/><T51/><D124/><U71/><E71/><V105/><F102/><W64/><G126/><T89/><D51/><U134/><E134/><V29/><F105/><W95/><G107/><T79/><D19/><U92/><E108/><V133/><F133/><W47/><G104/><T128/><D21/><U70/><E70/><V25/><F25/><W131/><G131/><N who="2" m="50185" /><F57/><N who="3" m="36879" /><G72/><T61/><D61/><U77/><E22/><V86/><F86/><W83/><G83/><AGARI ba="0,0" hai="4,7,20,24,29,63,67,69,83,84,91" m="50185" machi="83" ten="30,1000,0" yaku="19,1" doraHai="50" who="2" fromWho="3" sc="210,0,230,0,316,10,244,-10" owari="210,-29.0,230,-17.0,326,43.0,234,3.0" /></mjloggm>