<mjloggm ver="2.3"><GO type="97" lobby="0"/><UN n0="%E7%8C%AB%E7%9B%AE%E5%B0%8F%E5%83%A7" n1="%E3%83%90%E3%83%83%E3%82%BF%E7%B7%91%E4%B8%80%E8%89%B2" n2="%69%2E%6E%2E%67%6F%64%76" n3="%E3%82%A6%E3%83%AB%E3%83%88%E3%83%A9%E7%AB%8B%E7%9B%B4" dan="13,13,13,15" rate="1917.96,1907.06,1836.02,1980.49" sx="M,M,M,M"/><TAIKYOKU oya="0"/><INIT seed="0,0,0,5,0,74" ten="250,250,250,250" oya="0" hai0="117,62,72,64,21,12,41,43,54,111,75,127,32" hai1="79,106,1,104,65,105,28,135,40,17,103,121,134" hai2="89,94,82,53,23,78,109,44,51,15,13,37,26" hai3="5,70,116,33,63,14,69,24,132,85,71,34,45"/><T93/><D117/><U0/><E121/><V22/><F109/><W90/><G116/><T83/><D32/><U102/><E28/><V112/><F37/><W124/><G124/><T4/><D75/><U114/><E65/><V61/><F112/><W11/><G132/><N who="1" m="50730" /><E114/><V77/><F82/><W67/><G45/><T118/><D118/><U30/><E30/><N who="2" m="17751" /><F61/><W59/><REACH who="3" step="1"/><G24/><REACH who="3" ten="250,250,250,240" step="2"/><T68/><D127/><U97/><E40/><V16/><F13/><W19/><G19/><T110/><D4/><U87/><E17/><V115/><F115/><W101/><G101/><N who="1" m="38410" /><E97/><AGARI ba="0,1" hai="15,16,23,44,51,53,77,78,89,94,97" m="17751" machi="97" ten="30,7700,0" yaku="8,1,52,2,54,1" doraHai="74" who="2" fromWho="1" sc="250,0,250,-77,250,87,240,0" /><INIT seed="1,0,0,4,0,58" ten="250,173,337,240" oya="1" hai0="78,54,19,41,96,29,31,28,119,64,114,134,93" hai1="83,14,9,113,33,79,68,132,51,50,98,55,133" hai2="99,3,40,26,15,97,91,67,72,122,32,4,95" hai3="18,105,42,84,104,52,86,39,103,77,62,106,53"/><U88/><E113/><V129/><F122/><W11/><G103/><T21/><D114/><U92/><E33/><V49/><F129/><W44/><G77/><T121/><D134/><N who="1" m="51819" /><E68/><V48/><F72/><W66/><G86/><T110/><D121/><U101/><E101/><V27/><F3/><W70/><G84/><T12/><D110/><U60/><E79/><V13/><F32/><W34/><G34/><T20/><D119/><U38/><E38/><V61/><F40/><W35/><G35/><T120/><D120/><U126/><E83/><V7/><F67/><W47/><G47/><T23/><D64/><U8/><E126/><V43/><F43/><W131/><G131/><T2/><D78/><U107/><E107/><V112/><F112/><W111/><G111/><T123/><D41/><U6/><E9/><V57/><F57/><AGARI ba="0,0" hai="6,8,14,50,51,55,57,60,88,92,98" m="51819" machi="57" ten="30,5800,0" yaku="20,1,52,1,54,1" doraHai="58" who="1" fromWho="2" sc="250,0,173,58,337,-58,240,0" /><INIT seed="1,1,0,4,1,48" ten="250,231,279,240" oya="1" hai0="45,27,59,34,20,62,119,135,9,132,92,68,4" hai1="67,120,32,111,23,102,26,51,84,81,1,16,94" hai2="83,130,19,87,80,85,133,54,69,86,49,40,75" hai3="41,36,76,126,17,65,104,35,7,70,52,43,31"/><U108/><E120/><V95/><F69/><W46/><G104/><T22/><D119/><U89/><E1/><V124/><F124/><W118/><G7/><T60/><D68/><U131/><E67/><V113/><F130/><W0/><G0/><T37/><D34/><U72/><E131/><V33/><F133/><N who="0" m="51274" /><D60/><U78/><E32/><V8/><F33/><W5/><G5/><T11/><D92/><U42/><E42/><V115/><F75/><W14/><G126/><T134/><D9/><U13/><E26/><V3/><F40/><W110/><G110/><N who="1" m="42026" /><E51/><V6/><F95/><W47/><G118/><T96/><D27/><U97/><E102/><V127/><F19/><W71/><G65/><N who="0" m="39135" /><D96/><AGARI ba="1,0" hai="13,16,23,72,78,81,84,89,94,96,97" m="42026" machi="96" ten="30,5800,0" yaku="14,1,10,1,54,1" doraHai="48" who="1" fromWho="0" sc="250,-61,231,61,279,0,240,0" /><INIT seed="1,2,0,3,2,101" ten="189,292,279,240" oya="1" hai0="67,106,130,70,124,125,2,105,65,98,63,37,77" hai1="102,38,73,3,20,93,121,94,72,33,30,16,56" hai2="62,55,7,9,24,17,19,39,69,42,135,22,44" hai3="53,12,134,14,84,64,127,115,54,92,120,75,118"/><U41/><E3/><V48/><F135/><W21/><G75/><T45/><D2/><U95/><E121/><V128/><F128/><W96/><G120/><T112/><D112/><U74/><E33/><V11/><F17/><W59/><G115/><T86/><D77/><U91/><E102/><V99/><F7/><W8/><G118/><T131/><D86/><U133/><E133/><V108/><F108/><W109/><G109/><T15/><D98/><U51/><E30/><V88/><F69/><W13/><G134/><T85/><D85/><N who="1" m="52463" /><E38/><V52/><F39/><W117/><G127/><N who="0" m="48715" /><D15/><N who="1" m="9247" /><E41/><V76/><F76/><W18/><G117/><T119/><D67/><U66/><E66/><V103/><F103/><N who="3" m="60807" /><G84/><T80/><D80/><U25/><E25/><V4/><F4/><N who="3" m="3079" /><G14/><T34/><D34/><U60/><E60/><AGARI ba="2,0" hai="13,18,21,53,54,59,60,64" m="3079,60807" machi="60" ten="30,1000,0" yaku="8,1" doraHai="101" who="3" fromWho="1" sc="189,0,292,-16,279,0,240,16" /><INIT seed="2,0,0,2,0,109" ten="189,276,279,256" oya="2" hai0="107,21,129,111,14,104,45,101,115,53,122,87,96" hai1="41,79,35,66,28,91,120,56,42,9,64,34,11" hai2="20,110,89,134,113,70,80,116,68,72,46,44,12" hai3="98,63,84,93,39,97,19,73,32,50,7,88,18"/><V26/><F113/><W1/><G39/><T106/><D111/><U0/><E28/><V37/><F116/><W49/><G73/><T43/><D122/><U85/><E120/><V90/><F134/><W48/><G32/><T23/><D129/><U131/><E131/><V30/><F110/><W6/><G63/><T52/><D115/><U75/><E91/><V67/><F70/><W54/><G54/><T38/><D87/><U128/><E128/><V4/><F37/><W74/><G74/><T57/><D53/><U133/><E75/><V117/><F117/><W22/><G1/><T69/><D69/><U27/><E133/><V123/><F123/><W114/><G114/><T102/><D102/><U118/><E118/><V112/><F112/><W58/><G58/><T17/><REACH who="0" step="1"/><D21/><REACH who="0" ten="179,276,279,256" step="2"/><U95/><E85/><N who="2" m="50343" /><F72/><W33/><G33/><T100/><D100/><U92/><E79/><V24/><F68/><W29/><G84/><T78/><D78/><U130/><E130/><V124/><F124/><W2/><G22/><T8/><D8/><U86/><E86/><V10/><F67/><W51/><G97/><T60/><AGARI ba="0,1" hai="14,17,23,38,43,45,52,57,60,96,101,104,106,107" machi="60" ten="20,5200,0" yaku="1,1,0,1,7,1,54,1,53,0" doraHai="109" doraHaiUra="25" who="0" fromWho="0" sc="179,62,276,-13,279,-26,256,-13" /><INIT seed="3,0,0,1,3,101" ten="241,263,253,243" oya="3" hai0="24,42,109,70,54,134,99,16,8,83,18,29,80" hai1="75,6,88,61,62,86,66,43,84,102,23,116,100" hai2="21,64,37,45,129,51,19,114,9,93,94,81,20" hai3="48,112,17,38,26,65,11,121,5,69,123,92,119"/><W41/><G119/><T25/><D70/><U50/><E75/><V33/><F114/><W128/><G112/><T63/><D134/><U32/><E32/><V40/><F129/><W95/><G38/><T12/><D109/><U36/><E36/><V106/><F33/><W74/><G74/><T15/><D42/><U108/><E108/><V47/><F106/><W103/><G128/><T68/><D25/><U107/><E116/><V35/><F35/><W71/><G71/><T57/><D99/><U3/><E23/><V34/><F34/><W49/><G69/><T1/><D1/><U46/><E86/><V87/><F64/><W72/><G72/><T44/><D68/><U39/><E39/><V53/><F21/><N who="3" m="13615" /><G65/><T85/><D44/><U27/><E27/><V105/><F105/><W55/><G103/><N who="1" m="39466" /><E107/><V76/><F9/><W28/><G123/><T79/><D29/><U0/><E66/><V113/><REACH who="2" step="1"/><F113/><REACH who="2" ten="241,263,243,243" step="2"/><W115/><G115/><T120/><D120/><U127/><E3/><V104/><F104/><W122/><G122/><T67/><D67/><U31/><E0/><V125/><F125/><W96/><G121/><T60/><D24/><AGARI ba="0,1" hai="19,20,24,37,40,45,47,51,53,76,81,87,93,94" machi="24" ten="30,3900,0" yaku="1,1,7,1,53,1" doraHai="101" doraHaiUra="14" who="2" fromWho="0" sc="241,-39,263,0,243,49,243,0" /><INIT seed="4,0,0,3,1,40" ten="202,263,292,243" oya="0" hai0="9,29,130,10,57,87,26,129,12,82,69,92,109" hai1="78,42,67,132,59,98,64,121,84,72,117,51,71" hai2="15,65,2,27,73,32,95,8,105,127,63,45,81" hai3="107,79,16,1,124,25,13,46,56,75,55,54,123"/><T48/><D69/><U33/><E117/><V3/><F127/><W135/><G107/><T103/><D109/><U108/><E121/><V37/><F105/><W52/><G1/><T97/><D10/><U19/><E108/><V7/><F95/><W89/><G124/><T122/><D122/><U21/><E33/><V119/><F15/><W99/><G135/><T35/><D48/><U61/><E72/><V20/><F20/><N who="3" m="13447" /><G75/><T66/><D57/><U31/><E132/><V24/><F119/><W110/><G110/><T34/><D66/><U60/><E98/><V4/><F4/><W94/><G79/><T128/><D35/><U22/><E31/><N who="2" m="19559" /><F2/><W5/><G123/><T17/><D87/><U90/><E78/><N who="2" m="44239" /><F27/><W18/><G5/><T68/><D68/><U11/><E11/><V77/><F77/><W74/><G74/><T115/><REACH who="0" step="1"/><D82/><REACH who="0" ten="192,263,292,243" step="2"/><U50/><E51/><V114/><F114/><AGARI ba="0,1" hai="9,12,17,26,29,34,92,97,103,114,115,128,129,130" machi="114" ten="50,9600,0" yaku="1,1,2,1,19,1,53,0" doraHai="40" doraHaiUra="43" who="0" fromWho="2" sc="192,106,263,0,292,-96,243,0" /><INIT seed="4,1,0,3,4,91" ten="298,263,196,243" oya="0" hai0="112,109,43,5,56,97,119,132,111,114,38,2,100" hai1="45,27,85,29,108,104,44,125,36,84,1,123,48" hai2="18,57,79,95,35,59,14,89,19,42,8,116,93" hai3="117,98,128,31,66,92,9,47,12,107,106,64,76"/><T60/><D119/><U74/><E74/><V122/><F122/><W129/><G117/><T131/><D131/><N who="3" m="50249" /><G76/><T135/><D38/><U26/><E123/><V68/><F68/><W0/><G47/><T72/><D72/><U121/><E121/><V105/><F105/><N who="3" m="39947" /><G31/><T126/><D126/><U6/><E108/><N who="0" m="41545" /><D43/><U28/><E104/><V22/><F116/><W25/><G25/><T71/><D71/><U102/><E36/><V124/><F124/><W11/><G0/><T23/><D23/><U62/><E125/><V103/><F35/><W73/><G73/><T87/><D87/><U81/><E1/><V50/><F79/><W37/><G37/><T34/><D34/><U41/><E85/><N who="2" m="52399" /><F42/><W101/><G11/><N who="0" m="2487" /><D97/><U65/><E6/><AGARI ba="1,0" hai="6,9,12,64,66,92,98,101" m="39947,50249" machi="6" ten="30,2000,0" yaku="19,1,52,1" doraHai="91" who="3" fromWho="1" sc="298,0,263,-23,196,0,243,23" /><INIT seed="5,0,0,1,2,111" ten="298,240,196,266" oya="1" hai0="120,81,13,18,113,119,6,46,69,87,64,72,94" hai1="16,8,122,86,56,70,124,2,85,29,71,53,63" hai2="31,123,121,42,92,20,118,65,60,76,7,107,110" hai3="103,131,48,74,80,55,40,125,11,129,82,58,91"/><U44/><E122/><V127/><F76/><W115/><G103/><T88/><D119/><U50/><E29/><V54/><F7/><W114/><G125/><T99/><D120/><U5/><E124/><V59/><F107/><W30/><G30/><T89/><D113/><N who="3" m="43017" /><G40/><T3/><D3/><U17/><E86/><V135/><F127/><W105/><G105/><T93/><D72/><U37/><E37/><V36/><F135/><W35/><G35/><T51/><D6/><U126/><E126/><V39/><F110/><W32/><G32/><T21/><D64/><U1/><E1/><V19/><F118/><W47/><G47/><T130/><D69/><U9/><E85/><V106/><F106/><W4/><G91/><T79/><D130/><N who="3" m="49673" /><G74/><T73/><D46/><U61/><E71/><N who="2" m="42407" /><F31/><W97/><G97/><N who="0" m="57511" /><D73/><U26/><E70/><V41/><F92/><W90/><G90/><T128/><D128/><U62/><E44/><N who="2" m="23591" /><F19/><W100/><G100/><T83/><D83/><U23/><E17/><V133/><F20/><W104/><G104/><T38/><D38/><U45/><E9/><V116/><F116/><W27/><G27/><T96/><D96/><U132/><E132/><V33/><F133/><W22/><G22/><T25/><D25/><U66/><AGARI ba="0,0" hai="2,5,8,16,23,26,45,50,53,56,61,62,63,66" machi="66" ten="20,3900,0" yaku="0,1,7,1,54,1" doraHai="111" who="1" fromWho="1" sc="298,-13,240,39,196,-13,266,-13" /><INIT seed="5,1,0,4,3,1" ten="285,279,183,253" oya="1" hai0="110,76,98,70,61,3,73,46,87,88,43,89,45" hai1="5,35,105,125,44,93,118,119,111,100,53,67,39" hai2="56,2,28,36,62,109,9,33,126,59,92,64,69" hai3="32,102,131,41,107,40,132,81,117,12,48,129,101"/><U116/><E35/><V60/><F109/><W79/><G32/><T14/><D110/><U86/><E111/><V42/><F126/><W96/><G132/><T20/><D3/><U23/><E125/><V63/><F92/><W47/><G117/><T25/><D70/><U26/><E105/><V13/><F2/><W11/><G102/><T106/><D61/><N who="2" m="23658" /><F33/><W104/><G41/><T130/><D130/><U115/><E67/><N who="2" m="41215" /><F28/><W10/><G10/><T121/><D121/><U0/><E115/><V49/><F13/><W84/><REACH who="3" step="1"/><G107/><REACH who="3" ten="285,279,183,243" step="2"/><T103/><D43/><U120/><E120/><V22/><F9/><W80/><G80/><N who="0" m="45071" /><D14/><U6/><E0/><V27/><F22/><W128/><G128/><T135/><D135/><U24/><E100/><V72/><F27/><W21/><G21/><T7/><D7/><AGARI ba="1,1" hai="7,11,12,40,47,48,79,81,84,96,101,104,129,131" machi="7" ten="40,8000,1" yaku="1,1,25,2,52,1,53,0" doraHai="1" doraHaiUra="18" who="3" fromWho="0" sc="285,-83,279,0,183,0,243,93" owari="202,-20.0,279,8.0,183,-32.0,336,44.0" /></mjloggm>