<mjloggm ver="2.3"><GO type="169" lobby="0"/><UN n0="%E3%81%8D%E3%81%BE%E3%81%99" n1="%47%33%E9%BE%8D%E9%96%80" n2="%E3%81%94%E3%81%98%E3%82%83%E3%82%8B" n3="%EF%BC%88%E2%89%A7%E2%96%BD%E2%89%A6%EF%BC%89" dan="16,16,18,19" rate="2099.62,2133.24,2186.29,2321.98" sx="M,M,M,M"/><TAIKYOKU oya="0"/><INIT seed="0,0,0,0,1,17" ten="250,250,250,250" oya="0" hai0="33,26,80,35,43,95,28,66,85,89,45,50,65" hai1="91,48,79,123,111,18,23,25,113,56,41,110,94" hai2="81,122,31,119,83,69,104,21,130,125,131,90,46" hai3="30,24,29,44,114,67,58,60,53,135,99,127,70"/><T61/><D35/><U87/><E123/><V1/><F69/><W76/><G127/><T96/><REACH who="0" step="1"/><D61/><REACH who="0" ten="240,250,250,250" step="2"/><U55/><E113/><V102/><F122/><W32/><G60/><T100/><AGARI ba="0,1" hai="26,28,33,43,45,50,65,66,80,85,89,95,96,100" machi="100" ten="20,12000,1" yaku="1,1,2,1,0,1,7,1,53,1" doraHai="17" doraHaiUra="47" who="0" fromWho="0" sc="240,130,250,-40,250,-40,250,-40" /><INIT seed="0,1,0,3,0,58" ten="370,210,210,210" oya="0" hai0="6,112,45,117,32,107,88,33,75,37,20,3,110" hai1="39,109,27,74,21,25,119,50,28,64,116,47,15" hai2="125,129,36,115,34,83,54,26,76,114,132,91,108" hai3="56,126,101,68,59,70,38,53,31,97,111,10,46"/><T9/><D117/><U7/><E109/><V0/><F108/><W22/><G126/><T80/><D110/><U29/><E74/><V98/><F125/><W78/><G111/><T86/><D107/><U40/><E64/><V49/><F36/><W100/><G78/><T134/><D112/><U103/><E103/><V1/><F132/><W61/><G101/><T127/><D127/><U94/><E94/><V82/><F129/><W106/><G10/><T93/><D134/><U24/><E39/><V79/><F98/><W95/><G106/><T124/><D124/><U130/><E130/><V30/><F91/><W13/><G59/><T128/><D128/><U19/><REACH who="1" step="1"/><E7/><REACH who="1" ten="370,200,210,210" step="2"/><V23/><F115/><W2/><G38/><T113/><D37/><U121/><E121/><V62/><F114/><W55/><G70/><T118/><D75/><U43/><E43/><V92/><F92/><W84/><G68/><T48/><D113/><U44/><E44/><V5/><F5/><W72/><G72/><T122/><D93/><U123/><E123/><V60/><F83/><W41/><G41/><T120/><D122/><U65/><E65/><V12/><F82/><W8/><G46/><T89/><D120/><U57/><E57/><V16/><F54/><W71/><G53/><T133/><D133/><U67/><E67/><V81/><F81/><W4/><G71/><T63/><D6/><U77/><E77/><V42/><F79/><W35/><G4/><T96/><D45/><U85/><E85/><V17/><F76/><W104/><G84/><T52/><D86/><U14/><E14/><RYUUKYOKU ba="1,1" sc="370,-10,200,30,210,-10,210,-10" hai1="15,19,21,24,25,27,28,29,40,47,50,116,119" /><INIT seed="1,2,1,3,2,24" ten="360,230,200,200" oya="1" hai0="44,98,92,14,36,93,27,39,67,6,15,84,118" hai1="25,134,66,4,114,126,41,28,54,34,110,97,50" hai2="11,63,131,17,12,10,2,57,133,43,87,7,124" hai3="61,16,8,46,1,83,64,76,85,94,104,56,71"/><U74/><E114/><V103/><F133/><W35/><G104/><T88/><D118/><U3/><E134/><V30/><F131/><W48/><G35/><T47/><D67/><U19/><E126/><V117/><F117/><W128/><G128/><T122/><D122/><U86/><E74/><V100/><F43/><W127/><G127/><T20/><D36/><U55/><E97/><V0/><F0/><W96/><G71/><T38/><D38/><U70/><E110/><V123/><F123/><W121/><G121/><T22/><D22/><U32/><E32/><V135/><F135/><W95/><G96/><T109/><D39/><U132/><E132/><V81/><F124/><W29/><G29/><N who="0" m="17639" /><D15/><U102/><E102/><V42/><F42/><N who="3" m="24663" /><G1/><T89/><D109/><U5/><E70/><V130/><F30/><W37/><G37/><T82/><D82/><U73/><E73/><V115/><F115/><W60/><G60/><T90/><D90/><U105/><E105/><V31/><F31/><W53/><G64/><T77/><D77/><U91/><E66/><V59/><F130/><W129/><G129/><T120/><D120/><U111/><E111/><V106/><F106/><W18/><G8/><AGARI ba="2,1" hai="6,8,14,44,47,84,88,89,92,93,98" m="17639" machi="8" ten="30,3900,0" yaku="8,1,52,1,54,1" doraHai="24" who="0" fromWho="3" sc="360,55,230,0,200,0,200,-45" /><INIT seed="2,0,0,0,4,71" ten="415,230,200,155" oya="2" hai0="117,119,13,55,40,78,46,27,19,64,113,25,66" hai1="52,106,14,8,126,60,82,130,125,97,50,33,115" hai2="85,26,32,59,28,84,133,127,95,92,93,105,15" hai3="102,42,1,62,123,76,108,120,124,41,29,43,69"/><V20/><F105/><W73/><G1/><T24/><D55/><U49/><E115/><V96/><F127/><N who="1" m="48649" /><E33/><V51/><F133/><W114/><G114/><T45/><D45/><U53/><E130/><V54/><F96/><W107/><G124/><T135/><D135/><U47/><E60/><V2/><F2/><W74/><G108/><T44/><D44/><N who="1" m="27687" /><E82/><V0/><F0/><W132/><G132/><T129/><D78/><U61/><E61/><V56/><F56/><W31/><G62/><T9/><D113/><U87/><E87/><V128/><F128/><W36/><G73/><T7/><D129/><U99/><E106/><V39/><F39/><W75/><G36/><N who="0" m="21767" /><D7/><AGARI ba="0,0" hai="7,8,14,47,50,53,97,99" m="27687,48649" machi="7" ten="30,2000,0" yaku="18,1,54,1" doraHai="71" who="1" fromWho="0" sc="415,-20,230,20,200,0,155,0" /><INIT seed="3,0,0,4,2,11" ten="395,250,200,155" oya="3" hai0="23,96,80,90,25,130,35,77,75,73,110,62,58" hai1="67,82,85,6,131,53,47,109,119,120,38,111,13" hai2="91,32,113,70,49,17,29,56,52,79,114,21,46" hai3="66,43,87,36,104,108,112,81,69,59,124,10,103"/><W115/><G69/><T44/><D75/><U64/><E120/><V128/><F70/><W45/><G124/><T98/><D110/><N who="1" m="41995" /><E131/><V126/><F79/><W132/><G108/><T30/><D90/><U0/><E0/><V55/><F128/><W42/><G132/><T118/><D130/><U95/><E95/><V9/><F126/><W89/><G43/><T93/><D93/><U51/><E38/><V123/><F123/><W74/><G74/><T2/><D2/><U133/><E133/><V88/><F32/><W39/><G39/><T24/><D118/><U61/><E119/><V14/><F114/><W12/><G59/><T68/><D44/><U37/><E37/><V116/><F113/><W97/><REACH who="3" step="1"/><G66/><REACH who="3" ten="395,250,200,145" step="2"/><T1/><D68/><U7/><E64/><V117/><F117/><W127/><G127/><T86/><D73/><U20/><E67/><V101/><F116/><W15/><G15/><T28/><D1/><U31/><E13/><V22/><F56/><W83/><G83/><T40/><D40/><U27/><E61/><V34/><F14/><W60/><G60/><T54/><AGARI ba="0,1" hai="23,24,25,28,30,35,54,58,62,77,80,86,96,98" machi="54" ten="20,1500,0" yaku="0,1,7,1" doraHai="11" who="0" fromWho="0" sc="395,25,250,-4,200,-4,145,-7" /><INIT seed="4,0,0,4,4,9" ten="420,246,196,138" oya="0" hai0="68,54,72,114,17,81,32,22,94,103,11,39,126" hai1="29,26,107,129,90,92,80,0,13,2,91,117,93" hai2="6,60,127,115,83,43,101,28,34,135,40,48,130" hai3="108,37,97,65,96,113,45,112,78,24,134,66,111"/><T5/><D68/><U84/><E117/><V100/><F115/><N who="3" m="44107" /><G24/><T75/><D32/><U47/><E107/><V35/><F6/><W85/><G78/><T71/><D39/><U69/><E129/><V104/><F104/><W42/><G85/><T53/><D71/><U16/><E69/><V63/><F28/><W124/><G96/><T33/><D126/><U118/><E118/><V3/><F3/><W12/><G97/><T30/><D30/><U110/><E110/><N who="3" m="42026" /><G124/><T102/><D33/><U106/><E106/><V76/><F127/><W132/><G12/><T99/><D103/><U95/><E47/><V77/><F83/><W4/><G4/><T62/><D81/><U73/><E73/><V8/><F8/><W21/><G21/><T119/><D11/><N who="1" m="6207" /><E0/><V38/><F34/><W27/><G27/><T58/><D75/><U25/><E2/><V89/><F35/><W74/><G74/><T55/><D5/><U14/><E14/><V121/><F101/><W86/><G86/><T120/><D72/><U61/><E29/><V10/><F100/><W44/><G44/><T49/><D102/><U98/><E25/><V116/><F10/><W31/><G31/><T1/><D1/><U125/><E26/><V79/><F79/><W109/><N who="3" m="42034" /><W82/><DORA hai="131" /><G82/><T15/><D114/><U23/><E125/><V133/><F77/><W59/><G59/><T50/><D58/><U122/><E23/><V67/><F76/><W7/><G7/><T56/><D22/><U19/><E80/><V20/><F20/><W70/><G70/><T128/><D56/><RYUUKYOKU ba="0,0" sc="420,-10,246,-10,196,-10,138,30" hai3="37,42,45,65,66,132,134" /><INIT seed="5,1,0,2,4,29" ten="410,236,186,168" oya="1" hai0="128,113,86,104,33,72,126,89,20,9,79,34,51" hai1="68,118,124,7,98,32,6,122,77,30,48,41,105" hai2="12,8,10,31,52,64,16,99,117,28,106,55,132" hai3="36,76,67,94,84,27,127,92,21,26,115,58,100"/><U121/><E118/><V81/><F117/><W15/><G36/><T40/><D113/><U60/><E124/><V75/><F132/><W102/><G127/><T4/><D104/><U90/><E77/><V83/><F64/><W111/><G111/><T82/><D20/><U57/><E32/><V42/><F42/><W110/><G115/><T47/><D128/><U62/><E30/><N who="2" m="11307" /><F106/><W87/><G110/><T50/><D50/><U134/><E134/><V133/><F75/><W0/><G0/><T11/><D11/><N who="2" m="4138" /><F99/><W14/><G21/><T3/><D126/><U37/><E37/><V44/><F133/><W69/><G69/><T59/><D59/><U66/><E121/><V114/><F114/><W95/><G76/><T120/><D120/><U109/><E109/><V35/><F35/><W63/><G26/><T46/><D46/><N who="1" m="25679" /><E122/><V23/><F44/><W101/><REACH who="3" step="1"/><G27/><REACH who="3" ten="410,236,186,158" step="2"/><T130/><D130/><U74/><E68/><V38/><F38/><W129/><G129/><T43/><D79/><U73/><E73/><V119/><F119/><W22/><G22/><T65/><D72/><U91/><E74/><V53/><AGARI ba="1,1" hai="12,16,23,52,53,55,81,83" m="4138,11307" machi="53" ten="30,4000,0" yaku="8,1,54,2" doraHai="29" who="2" fromWho="2" sc="410,-11,236,-21,186,53,158,-11" /><INIT seed="6,0,0,2,1,67" ten="399,215,239,147" oya="2" hai0="52,125,107,84,41,122,19,48,127,27,133,25,117" hai1="110,100,2,5,8,64,1,37,101,126,4,94,11" hai2="16,35,26,130,79,75,87,3,38,47,98,49,29" hai3="15,129,12,124,6,93,131,123,112,120,33,73,69"/><V86/><F38/><W55/><G73/><T103/><D41/><U36/><E110/><V104/><F3/><W40/><G40/><T28/><D122/><N who="3" m="46633" /><G55/><T42/><D133/><U46/><E126/><V81/><F130/><N who="3" m="49675" /><G93/><T66/><D42/><U71/><E94/><V97/><F104/><W89/><G89/><T23/><D66/><U106/><E106/><V32/><F75/><W53/><G53/><T7/><D117/><U99/><E46/><V128/><F128/><W39/><G39/><T68/><D68/><U78/><E78/><V77/><F47/><W31/><G69/><T10/><D52/><U14/><E14/><N who="3" m="5162" /><G124/><T9/><D48/><U51/><E51/><V76/><F49/><W61/><G61/><T111/><D84/><U96/><E64/><V92/><F92/><W74/><G74/><T43/><D103/><U17/><E71/><V30/><F79/><W44/><G44/><T57/><D43/><U118/><E36/><V90/><F90/><W82/><G82/><T88/><D57/><U70/><E37/><V34/><F86/><W102/><G102/><T63/><D88/><U45/><E70/><V24/><F77/><W50/><G50/><T62/><D63/><U72/><E72/><V114/><F87/><W108/><G108/><T60/><D60/><U65/><E45/><V135/><F81/><W21/><G112/><T83/><D62/><U115/><E65/><V105/><F114/><W18/><G6/><T119/><D83/><U58/><E115/><V54/><F54/><W13/><G33/><T80/><D111/><U113/><E113/><RYUUKYOKU ba="0,0" sc="399,-10,215,-10,239,-10,147,30" hai3="13,18,21,31" /><INIT seed="7,1,0,2,0,64" ten="389,205,229,177" oya="3" hai0="32,103,11,48,54,110,51,81,122,23,66,83,63" hai1="55,79,84,26,68,52,25,38,89,43,119,42,98" hai2="67,1,2,10,130,102,71,73,75,37,4,108,47" hai3="29,86,77,132,65,99,101,90,95,124,131,69,126"/><W133/><G29/><T46/><D32/><U53/><E68/><V19/><F1/><W85/><G131/><T104/><D110/><U24/><E38/><V70/><F108/><W80/><G65/><T76/><D48/><U20/><E119/><V34/><F19/><W106/><G69/><N who="2" m="26121" /><F67/><W50/><G50/><T40/><D11/><U57/><E57/><V112/><F130/><W33/><G33/><T16/><D122/><U114/><E114/><V61/><F61/><W3/><G3/><T14/><D76/><U44/><E44/><V96/><F34/><W15/><G15/><T21/><D21/><U0/><E0/><V92/><F92/><W109/><G109/><T94/><D104/><U78/><E20/><V35/><F35/><W127/><AGARI ba="1,0" hai="77,80,85,86,90,95,99,101,106,124,126,127,132,133" machi="127" ten="40,12000,1" yaku="0,1,18,1,34,3" doraHai="64" who="3" fromWho="3" sc="389,-41,205,-41,229,-41,177,123" /><INIT seed="7,2,0,0,5,131" ten="348,164,188,300" oya="3" hai0="23,64,4,61,69,127,28,14,63,17,101,74,115" hai1="109,133,52,42,113,67,66,55,12,35,128,124,62" hai2="102,6,83,81,33,16,82,34,120,37,68,106,65" hai3="112,111,45,51,134,86,117,118,41,20,31,54,58"/><W103/><G103/><T93/><D74/><U13/><E109/><V56/><F37/><W53/><G111/><T7/><D127/><U78/><E124/><V89/><F6/><W105/><G105/><T25/><D115/><U10/><E113/><V104/><F68/><W49/><G112/><T26/><D26/><U60/><E128/><V122/><F89/><W29/><G134/><T39/><D63/><N who="1" m="24107" /><E133/><V36/><F36/><W129/><G129/><T2/><D2/><U100/><E35/><N who="2" m="13323" /><F16/><W96/><G96/><T21/><D39/><U50/><E100/><V126/><F126/><W3/><G3/><T95/><D95/><U92/><E92/><V40/><F40/><W85/><G41/><T130/><D130/><U11/><E78/><V18/><F18/><W97/><G97/><T77/><D77/><U116/><E116/><V94/><F94/><W9/><G9/><N who="1" m="3082" /><E42/><V46/><F102/><W8/><G8/><T79/><D79/><U108/><E108/><V5/><F5/><W43/><G43/><T22/><D101/><U32/><E32/><V47/><F106/><W87/><REACH who="3" step="1"/><G20/><REACH who="3" ten="348,164,188,290" step="2"/><T114/><D23/><U91/><E91/><V48/><F104/><W107/><G107/><T80/><D22/><U132/><E132/><V24/><F24/><W121/><G121/><N who="2" m="46697" /><F65/><N who="1" m="24585" /><E55/><AGARI ba="2,1" hai="46,47,48,55,56,81,82,83" m="46697,13323" machi="55" ten="40,1300,0" yaku="13,1" doraHai="131" who="2" fromWho="1" sc="348,0,164,-19,188,29,290,0" owari="348,44.0,145,-35.0,217,-18.0,290,9.0" /></mjloggm>