<mjloggm ver="2.3"><GO type="225" lobby="0"/><UN n0="%E3%83%8D%E3%82%B8%E3%82%AD" n1="%E3%82%A6%E3%83%AB%E3%83%88%E3%83%A9%E7%AB%8B%E7%9B%B4" n2="%6D%61%62%6F%6F%6F" n3="%E3%81%A6%E3%82%93%E3%81%BD%E3%81%84%E3%82%93%E3%81%A8" dan="16,16,16,17" rate="2093.38,2027.00,2126.60,2137.68" sx="M,M,M,M"/><TAIKYOKU oya="0"/><INIT seed="0,0,0,3,4,66" ten="250,250,250,250" oya="0" hai0="103,68,17,50,117,57,104,130,2,0,36,3,41" hai1="33,77,65,133,14,81,119,118,21,38,11,44,108" hai2="22,25,48,51,47,128,24,43,112,95,79,53,52" hai3="63,99,114,42,27,94,124,135,55,35,70,60,127"/><T97/><D117/><U107/><E107/><V78/><F112/><W80/><G114/><T134/><D134/><U87/><E33/><V76/><F128/><W98/><G42/><T110/><D130/><U8/><E108/><V61/><F95/><W32/><G135/><T67/><D110/><U64/><E133/><V101/><F101/><W111/><G111/><T85/><D17/><U13/><E21/><V131/><F131/><W93/><G80/><T115/><D115/><U116/><E14/><V102/><F102/><W5/><G5/><T9/><D85/><U109/><E109/><V56/><REACH who="2" step="1"/><F22/><REACH who="2" ten="250,250,240,250" step="2"/><W59/><G94/><T34/><D34/><U15/><E118/><V100/><F100/><W92/><G92/><T54/><D103/><U45/><E116/><V31/><F31/><N who="3" m="19583" /><G93/><T121/><D104/><U37/><E119/><V49/><F49/><W83/><G35/><T40/><D97/><U19/><E38/><V1/><F1/><W29/><G29/><T105/><D105/><U123/><E37/><V10/><F10/><W26/><G98/><T6/><D36/><U89/><E11/><V46/><AGARI ba="0,1" hai="24,25,43,46,47,48,51,52,53,56,61,76,78,79" machi="46" ten="30,7900,0" yaku="1,1,0,1,8,1,54,1,53,0" doraHai="66" doraHaiUra="113" who="2" fromWho="2" sc="250,-39,250,-20,240,89,250,-20" /><INIT seed="1,0,0,4,2,100" ten="211,230,329,230" oya="1" hai0="55,104,113,59,75,53,43,62,80,107,108,21,12" hai1="46,135,89,40,61,66,131,81,91,28,25,86,13" hai2="34,51,56,26,52,82,33,30,42,63,111,48,92" hai3="105,41,121,39,95,73,87,37,23,14,44,116,19"/><U129/><E135/><V31/><F111/><W96/><G121/><T130/><D113/><U74/><E13/><V65/><F92/><W6/><G73/><T120/><D108/><U132/><E74/><V70/><F82/><W22/><G116/><T90/><D130/><U124/><E132/><V117/><F117/><W10/><G39/><T103/><D120/><U69/><E124/><V128/><F128/><W15/><G87/><T17/><D43/><U67/><E67/><V102/><F102/><W54/><G54/><T47/><D103/><U97/><E89/><V16/><F42/><W126/><G126/><T38/><D38/><U8/><E8/><V3/><F3/><W57/><G57/><T71/><D71/><U24/><E24/><V35/><REACH who="2" step="1"/><F48/><REACH who="2" ten="211,230,319,230" step="2"/><W50/><G37/><T127/><D127/><U118/><E118/><V78/><F78/><W115/><G115/><T119/><D119/><U7/><E129/><V88/><F88/><N who="3" m="55399" /><G105/><T106/><D90/><U20/><E131/><V93/><F93/><W101/><G101/><T72/><REACH who="0" step="1"/><D80/><REACH who="0" ten="201,230,319,230" step="2"/><U125/><E125/><V36/><F36/><W0/><G41/><T76/><D76/><U110/><E97/><V2/><F2/><W77/><G77/><T112/><D112/><U58/><E81/><V133/><F133/><W98/><G0/><T29/><D29/><U99/><E28/><V84/><F84/><W134/><G134/><T5/><D5/><U94/><E86/><V60/><F60/><W122/><G122/><T64/><D64/><U27/><E7/><V68/><F68/><W18/><G98/><RYUUKYOKU ba="0,2" sc="201,15,230,-15,319,15,230,-15" hai0="12,17,21,47,53,55,59,62,72,75,104,106,107" hai2="16,26,30,31,33,34,35,51,52,56,63,65,70" /><INIT seed="2,1,2,0,0,72" ten="216,215,334,215" oya="2" hai0="114,87,117,28,27,134,22,4,133,84,66,64,2" hai1="108,24,13,29,9,118,67,101,3,0,96,45,7" hai2="44,39,107,41,120,21,14,52,34,86,81,50,49" hai3="37,53,8,121,58,78,6,65,119,1,88,11,123"/><V95/><F107/><W31/><G119/><T35/><D114/><U111/><E67/><N who="0" m="25641" /><D117/><U15/><E45/><V105/><F105/><W16/><G37/><T10/><D35/><N who="1" m="20903" /><E118/><V85/><F120/><W62/><G31/><T77/><D77/><U79/><E79/><N who="2" m="46271" /><F34/><W25/><G78/><T5/><D5/><U68/><E68/><V38/><F38/><W106/><G106/><T70/><D70/><U100/><E100/><V30/><F39/><W42/><G42/><T80/><D80/><U129/><E96/><V122/><F122/><W135/><G135/><AGARI ba="1,2" hai="2,4,10,22,27,28,84,87,133,134,135" m="25641" machi="135" ten="30,1000,0" yaku="20,1" doraHai="72" who="0" fromWho="3" sc="216,33,215,0,334,0,215,-13" /><INIT seed="3,0,0,4,5,73" ten="249,215,334,202" oya="3" hai0="2,40,116,104,93,61,26,124,63,20,99,41,90" hai1="16,82,122,110,120,96,92,85,89,83,29,48,39" hai2="77,91,45,43,54,42,47,58,102,3,105,35,88" hai3="52,115,31,53,132,108,17,79,84,22,8,118,21"/><W49/><G115/><T95/><D2/><U13/><E39/><V62/><F35/><W129/><G118/><T121/><D104/><U4/><E110/><V19/><F3/><W30/><G108/><T5/><D5/><U135/><E135/><V123/><F105/><W34/><G34/><T100/><D124/><U38/><E38/><V69/><F102/><W72/><G72/><T128/><D128/><U59/><E29/><N who="3" m="10762" /><G132/><T114/><D114/><U14/><E14/><V1/><F69/><W87/><G129/><T56/><D116/><U12/><E12/><V94/><F1/><W134/><G134/><T101/><D101/><U37/><E4/><V23/><F43/><N who="0" m="16458" /><D56/><U24/><E24/><V10/><F42/><W0/><G0/><T78/><D78/><N who="1" m="46295" /><E37/><V15/><F123/><W64/><G64/><T68/><D68/><U111/><E111/><V103/><F103/><W57/><G53/><T131/><D131/><U113/><E113/><V27/><F94/><W55/><G55/><T51/><D121/><U46/><E120/><V65/><F65/><W75/><G75/><T11/><D95/><U70/><E70/><V106/><F106/><W81/><G87/><T44/><D100/><U25/><E122/><V109/><F109/><W36/><G36/><T127/><D127/><U66/><E66/><V80/><F47/><W97/><G97/><T28/><D11/><N who="1" m="6207" /><E46/><V119/><F45/><W112/><G112/><T71/><D71/><U60/><E83/><V107/><F107/><W98/><G98/><T32/><D32/><U7/><E96/><V18/><F119/><RYUUKYOKU ba="0,0" sc="249,10,215,-30,334,10,202,10" hai0="20,26,28,44,51,61,63,90,93,99" hai2="10,15,18,19,23,27,54,58,62,77,80,88,91" hai3="8,17,21,22,49,52,57,79,81,84" /><INIT seed="3,1,0,5,0,64" ten="259,185,344,212" oya="3" hai0="27,98,132,36,3,111,65,9,84,40,126,121,86" hai1="116,22,68,122,53,127,1,58,33,96,19,39,105" hai2="23,15,128,26,59,11,42,5,103,100,13,51,44" hai3="134,20,101,32,74,125,112,2,57,81,102,60,35"/><W115/><G2/><T85/><D121/><U55/><E122/><V118/><F128/><W135/><G20/><T72/><D72/><U61/><E1/><V30/><F118/><W130/><G130/><T75/><D75/><U131/><E39/><V119/><F119/><W67/><G125/><T17/><D132/><N who="3" m="50729" /><G74/><T73/><D73/><U56/><E131/><V7/><F59/><W82/><G82/><T94/><D126/><U31/><E127/><V34/><F34/><N who="3" m="12843" /><G81/><T37/><D3/><U76/><E116/><V21/><F21/><W0/><G0/><T48/><D27/><U108/><E76/><V106/><F106/><W6/><G6/><T92/><D9/><AGARI ba="1,0" hai="5,7,9,11,13,15,23,26,30,42,44,51,100,103" machi="9" ten="40,2600,0" yaku="9,1,8,1" doraHai="64" who="2" fromWho="0" sc="259,-29,185,0,344,29,212,0" owari="230,3.0,185,-31.0,373,47.0,212,-19.0" /></mjloggm>