<mjloggm ver="2.3"><GO type="41" lobby="0"/><UN n0="%E3%83%80%E3%83%A1%E9%9B%80%E5%A3%AB" n1="%E7%A9%BA%E8%89%B2%E9%80%9A%E4%BF%A1" n2="%26%73%70%31%31" n3="%E3%82%A6%E3%83%AB%E3%83%88%E3%83%A9%E7%AB%8B%E7%9B%B4" dan="14,15,14,15" rate="1943.28,1949.29,1970.47,1966.13" sx="M,M,M,M"/><TAIKYOKU oya="0"/><INIT seed="0,0,0,4,2,88" ten="250,250,250,250" oya="0" hai0="109,123,75,100,81,60,31,97,32,26,128,113,55" hai1="40,105,62,132,19,111,37,133,68,91,96,82,14" hai2="41,86,34,0,9,65,21,39,71,84,115,127,63" hai3="29,20,106,22,18,44,94,12,50,83,131,10,13"/><T124/><D123/><U51/><E37/><V120/><F120/><W129/><G106/><T93/><D113/><U23/><E111/><V118/><F115/><W61/><G61/><T42/><D109/><U36/><E36/><V76/><F127/><W66/><G66/><T58/><D124/><U2/><E2/><V77/><F118/><W38/><G38/><T104/><D128/><U11/><E62/><V45/><F34/><W80/><G22/><T49/><D104/><U116/><E68/><V119/><F119/><W73/><G73/><T78/><REACH who="0" step="1"/><D42/><REACH who="0" ten="240,250,250,250" step="2"/><U24/><E116/><V85/><REACH who="2" step="1"/><F21/><REACH who="2" ten="240,250,240,250" step="2"/><W125/><G125/><T99/><D99/><U35/><E23/><V54/><F54/><W53/><G131/><T98/><D98/><U103/><E96/><V101/><F101/><W126/><G126/><T43/><D43/><U135/><E103/><V4/><AGARI ba="0,2" hai="0,4,9,39,41,45,63,65,71,76,77,84,85,86" machi="4" ten="30,2000,0" yaku="1,1,0,1,53,0" doraHai="88" doraHaiUra="90" who="2" fromWho="2" sc="240,-10,250,-5,240,40,250,-5" /><INIT seed="1,0,0,5,0,99" ten="230,245,280,245" oya="1" hai0="91,59,85,103,47,63,54,81,58,19,112,26,125" hai1="75,45,104,23,61,83,123,33,50,94,57,34,6" hai2="5,129,128,86,106,31,72,134,131,120,12,116,11" hai3="98,32,73,133,105,122,102,68,28,15,135,2,77"/><U67/><E104/><V93/><F72/><W114/><G15/><T101/><D112/><U117/><E117/><V113/><F116/><W24/><G114/><T74/><D74/><U84/><E123/><V46/><F113/><W130/><G122/><T18/><D125/><U27/><E6/><V60/><F120/><W80/><G130/><T127/><D127/><U4/><E4/><V20/><F106/><W119/><G119/><T69/><D69/><U36/><E36/><V10/><F46/><W51/><G51/><N who="0" m="29055" /><D26/><U25/><E75/><V65/><F134/><W97/><G97/><T29/><D29/><U3/><E3/><V53/><F53/><W39/><G39/><T41/><D41/><U38/><E38/><V37/><F37/><W42/><G42/><T78/><D78/><U17/><E94/><V115/><F115/><W108/><G108/><T0/><D0/><U100/><E100/><N who="0" m="38473" /><D59/><U71/><E27/><N who="2" m="16871" /><F5/><W89/><G2/><T14/><D14/><U21/><E71/><N who="2" m="42407" /><F12/><W79/><G79/><T16/><D19/><U40/><REACH who="1" step="1"/><E21/><REACH who="1" ten="230,235,280,245" step="2"/><V96/><F86/><W66/><G89/><AGARI ba="0,1" hai="17,23,25,33,34,40,45,50,57,61,67,83,84,89" machi="89" ten="30,11600,0" yaku="1,1,2,1,7,1,53,1" doraHai="99" doraHaiUra="13" who="1" fromWho="3" sc="230,0,235,126,280,0,245,-116" /><AGARI ba="0,0" hai="10,11,89,93,96,128,129,131" m="42407,16871" machi="89" ten="30,1000,0" yaku="19,1" doraHai="99" who="2" fromWho="3" sc="230,0,361,0,280,10,129,-10" /><INIT seed="1,1,0,0,5,13" ten="230,361,290,119" oya="1" hai0="99,84,120,127,96,42,121,59,106,83,29,129,22" hai1="12,26,113,64,24,2,103,36,82,46,76,41,75" hai2="4,80,23,31,40,8,122,86,94,11,56,45,54" hai3="89,131,70,3,91,1,17,33,39,21,133,69,14"/><U62/><E2/><V97/><F122/><N who="0" m="47210" /><D127/><U134/><E113/><V77/><F4/><W119/><G33/><T92/><D129/><U35/><E134/><V90/><F23/><W55/><G39/><T125/><D125/><U116/><E116/><V105/><F31/><W118/><G55/><T9/><D42/><U100/><E12/><V32/><F32/><W71/><G131/><T16/><D29/><U74/><E74/><V102/><F56/><W20/><G133/><T126/><D126/><U130/><E130/><V73/><REACH who="2" step="1"/><F54/><REACH who="2" ten="230,361,280,119" step="2"/><W60/><G60/><T95/><D9/><U37/><E35/><V25/><F25/><W88/><REACH who="3" step="1"/><G21/><REACH who="3" ten="230,361,280,109" step="2"/><T43/><D22/><U34/><E34/><V61/><F61/><W117/><AGARI ba="1,2" hai="1,3,14,17,20,69,70,71,88,89,91,117,118,119" machi="117" ten="50,16000,3" yaku="1,1,2,1,0,1,29,2,12,1,52,1,54,1,53,0" doraHai="13" doraHaiUra="38" who="3" fromWho="3" sc="230,-41,361,-81,280,-41,109,183" /><INIT seed="2,0,0,4,4,54" ten="189,280,239,292" oya="2" hai0="7,56,37,79,33,17,2,27,96,135,10,71,20" hai1="11,58,38,12,128,69,125,98,19,32,103,6,86" hai2="34,78,43,99,14,51,36,59,53,91,119,46,106" hai3="73,60,28,113,117,92,112,94,109,105,61,108,62"/><V16/><F34/><W89/><G105/><T40/><D71/><U122/><E69/><V42/><F119/><W97/><G73/><T84/><D135/><U90/><E38/><V25/><F43/><W93/><G117/><T47/><D96/><U133/><E133/><V80/><F25/><W29/><G89/><T74/><D74/><U22/><E32/><V8/><F78/><W70/><G97/><T81/><D33/><U13/><E125/><V49/><F106/><W39/><G39/><T132/><D132/><U31/><E31/><N who="3" m="11850" /><G70/><T72/><D84/><U5/><E122/><V124/><F124/><W100/><G100/><T118/><D118/><U9/><E128/><V75/><F75/><W102/><G102/><T52/><D27/><U3/><E98/><V85/><F36/><W35/><G35/><T50/><D20/><U83/><E103/><V116/><F99/><W107/><G107/><T41/><D41/><U131/><E131/><V1/><F116/><W0/><G0/><T66/><D17/><U126/><E126/><V114/><REACH who="2" step="1"/><F1/><REACH who="2" ten="189,280,229,292" step="2"/><W95/><N who="3" m="23552" /><DORA hai="104" /><W134/><G134/><T26/><D26/><U82/><E3/><V111/><F111/><AGARI ba="0,1" hai="60,61,62,108,109,111,112,113" m="23552,11850" machi="111" ten="50,6400,0" yaku="28,2,14,1" doraHai="54,104" who="3" fromWho="2" sc="189,0,280,0,229,-64,292,74" /><INIT seed="3,0,0,0,0,53" ten="189,280,165,366" oya="3" hai0="133,60,17,23,49,113,24,125,120,70,131,59,14" hai1="2,51,0,47,94,50,11,72,100,112,115,106,52" hai2="74,6,122,57,39,38,134,90,7,34,13,33,27" hai3="67,99,29,32,68,84,96,55,3,102,114,118,128"/><W21/><G3/><T132/><D120/><U44/><E106/><V109/><F134/><N who="0" m="51818" /><D70/><U40/><E72/><V97/><F122/><W123/><G123/><T127/><D113/><U129/><E129/><V62/><F109/><W71/><G118/><T45/><D24/><U77/><E77/><V30/><F74/><W89/><G99/><T130/><D49/><U91/><E100/><V8/><F6/><W15/><G114/><T103/><D103/><U98/><E2/><V25/><F34/><W87/><G68/><T46/><D46/><U35/><E35/><V73/><F73/><W121/><G121/><T101/><D45/><U20/><E20/><V1/><F1/><W79/><G21/><T111/><D101/><U42/><E0/><V86/><F97/><W22/><G22/><T69/><D69/><U10/><E112/><V63/><F25/><W61/><G15/><T5/><D5/><U16/><E115/><V124/><F124/><N who="0" m="47690" /><D111/><U31/><E44/><V54/><REACH who="2" step="1"/><F63/><REACH who="2" ten="189,280,155,366" step="2"/><W76/><G61/><T48/><D48/><U83/><E50/><V105/><F105/><W12/><G12/><T36/><D36/><U93/><E51/><V92/><AGARI ba="0,1" hai="7,8,13,27,30,33,38,39,54,57,62,86,90,92" machi="92" ten="20,5200,0" yaku="1,1,0,1,7,1,52,1,53,0" doraHai="53" doraHaiUra="65" who="2" fromWho="2" sc="189,-13,280,-13,155,62,366,-26" /><INIT seed="4,0,0,0,3,31" ten="176,267,217,340" oya="0" hai0="57,61,131,38,47,70,122,77,88,35,32,56,21" hai1="26,94,6,23,51,50,130,14,117,115,55,16,52" hai2="3,28,108,19,114,100,109,72,129,120,54,134,42" hai3="91,53,111,98,97,133,135,40,22,59,102,20,106"/><T4/><D122/><U58/><E130/><V2/><F100/><W118/><G40/><T104/><D104/><U24/><E117/><V103/><F103/><W9/><G9/><T11/><D131/><U119/><E119/><V12/><F109/><W7/><G7/><T123/><D77/><U67/><E67/><V90/><F90/><W39/><G39/><T105/><D105/><U71/><E71/><V46/><F28/><W99/><G111/><T36/><D70/><U75/><E75/><V112/><F19/><W34/><G34/><T101/><D101/><U80/><E80/><V73/><F12/><W83/><G118/><T81/><D21/><U128/><E128/><V116/><F54/><W85/><G20/><T74/><D74/><U82/><E82/><V78/><F78/><W86/><G22/><T126/><D126/><U49/><E6/><V10/><F10/><W127/><G127/><T113/><D113/><U96/><E115/><V65/><F46/><W68/><G68/><T121/><D121/><U93/><E51/><V69/><F42/><W30/><G86/><N who="0" m="50255" /><D123/><U13/><E26/><V44/><F65/><W5/><G102/><T33/><D47/><N who="1" m="27711" /><E96/><V79/><F44/><W63/><G99/><T8/><D8/><U89/><E89/><V124/><F114/><W48/><G98/><T43/><D43/><U29/><E29/><V60/><F79/><W110/><G97/><T27/><D27/><U15/><AGARI ba="0,0" hai="13,14,15,16,23,24,50,55,58,93,94" m="27711" machi="15" ten="30,4000,0" yaku="8,1,54,2" doraHai="31" who="1" fromWho="1" sc="176,-20,267,40,217,-10,340,-10" /><INIT seed="5,0,0,0,2,5" ten="156,307,207,330" oya="1" hai0="41,39,124,73,31,49,82,42,44,59,48,40,43" hai1="119,28,24,85,91,55,14,126,134,36,109,98,12" hai2="72,105,8,117,102,77,125,0,76,2,101,96,89" hai3="68,63,95,108,90,64,118,121,127,47,57,106,94"/><U103/><E119/><V34/><F117/><W110/><G118/><T133/><D31/><U6/><E36/><V99/><F125/><W112/><G106/><T16/><D73/><U45/><E126/><V69/><F89/><W115/><G121/><T93/><D124/><U18/><E134/><V62/><F77/><W111/><G127/><T74/><D133/><U107/><E6/><N who="2" m="1095" /><F2/><W84/><G47/><T54/><D93/><U26/><E109/><V9/><F9/><W135/><G135/><T27/><D74/><U7/><E7/><V21/><F21/><W75/><G75/><T97/><D82/><U87/><E87/><V52/><F52/><W19/><G68/><T50/><REACH who="0" step="1"/><D97/><REACH who="0" ten="146,307,207,330" step="2"/><U61/><E98/><V92/><F92/><W30/><G30/><T15/><D15/><U17/><E14/><V88/><F96/><W80/><G95/><T128/><D128/><U25/><E12/><V1/><F99/><W58/><G94/><T65/><D65/><U130/><E28/><V38/><F105/><W56/><G108/><T104/><D104/><U120/><E107/><V66/><F66/><W132/><G132/><T37/><D37/><U35/><E130/><V23/><F38/><W11/><G110/><T116/><D116/><U51/><E35/><V46/><F34/><W123/><G111/><T78/><D78/><U67/><E67/><V86/><F76/><W20/><G64/><T29/><D29/><U3/><E3/><V71/><F1/><W100/><G80/><T4/><D4/><U13/><E13/><V79/><F72/><W113/><G113/><RYUUKYOKU ba="0,1" sc="146,30,307,-10,207,-10,330,-10" hai0="16,27,39,40,41,42,43,44,48,49,50,54,59" /><INIT seed="6,1,1,4,1,9" ten="176,297,197,320" oya="2" hai0="98,85,102,48,54,106,30,96,74,132,55,126,6" hai1="35,93,95,18,20,11,15,10,80,131,46,115,116" hai2="51,90,28,111,94,123,67,22,135,24,79,128,43" hai3="87,1,50,61,59,27,47,99,13,21,36,65,8"/><V4/><F123/><W57/><G1/><T117/><D74/><U84/><E116/><V76/><F111/><W109/><G36/><T107/><D117/><U97/><E131/><V0/><F128/><W130/><G130/><T42/><D132/><U40/><E35/><V88/><F135/><W70/><G99/><T52/><D126/><U125/><E115/><V124/><F124/><W14/><G70/><T39/><D39/><U69/><E69/><V17/><F67/><W89/><G57/><T72/><D72/><U121/><E121/><V16/><F0/><W64/><G8/><T41/><D30/><U92/><E97/><N who="2" m="57543" /><F4/><W71/><G65/><T103/><D6/><U23/><E10/><V122/><F122/><W62/><G62/><T5/><D5/><U73/><E73/><V53/><F43/><W34/><G34/><T49/><D85/><U82/><E125/><V100/><F100/><W45/><G71/><T32/><D32/><U2/><E2/><V68/><F68/><W19/><G109/><T118/><D118/><U120/><E120/><V37/><F37/><W133/><G133/><T58/><D55/><U86/><E86/><V77/><F90/><W91/><G91/><T105/><D106/><U60/><E84/><V29/><F29/><W3/><G3/><T110/><D110/><U26/><E82/><V31/><F31/><W108/><G108/><T113/><D113/><U112/><E80/><V129/><F129/><W12/><G50/><T56/><AGARI ba="1,1" hai="41,42,48,49,52,54,56,58,96,98,102,103,105,107" machi="56" ten="20,12000,2" yaku="0,1,7,1,32,3,54,1" doraHai="9" who="0" fromWho="0" sc="176,133,297,-31,197,-61,320,-31" /><INIT seed="7,0,0,3,1,116" ten="309,266,136,289" oya="3" hai0="97,32,110,107,134,30,50,15,36,111,57,27,105" hai1="21,112,14,70,71,12,98,16,81,26,73,56,22" hai2="91,24,60,68,55,85,82,84,63,3,2,78,122" hai3="46,76,58,59,69,11,8,13,100,115,6,79,41"/><W51/><G69/><T103/><D134/><U39/><E39/><V113/><F68/><W106/><G100/><T53/><D36/><U104/><E112/><V131/><F131/><W133/><G106/><T25/><D107/><U99/><E104/><V89/><F113/><W132/><G115/><T44/><D27/><U18/><E81/><V124/><F24/><W114/><G114/><T1/><D1/><U35/><E26/><V10/><F55/><W31/><G31/><T101/><D101/><U37/><E37/><V117/><F82/><W19/><G132/><T130/><D130/><U66/><E56/><V109/><F78/><W33/><G33/><T64/><D15/><U123/><E73/><V65/><F10/><W34/><G34/><T38/><D38/><U72/><E72/><V61/><F61/><W49/><G133/><T127/><D127/><U125/><E35/><V23/><F23/><W29/><G29/><T87/><D87/><U93/><E93/><V102/><F102/><W43/><G58/><T40/><D40/><U120/><E66/><V88/><F91/><W4/><G4/><T108/><D64/><U94/><E94/><V62/><F62/><W126/><G126/><AGARI ba="0,0" hai="12,14,16,18,21,22,70,71,98,99,120,123,125,126" machi="126" ten="25,8000,1" yaku="22,2,52,2,54,1" doraHai="116" who="1" fromWho="3" sc="309,0,266,80,136,0,289,-80" owari="309,11.0,346,44.0,136,-36.0,209,-19.0" /></mjloggm>