<mjloggm ver="2.3"><GO type="97" lobby="0"/><UN n0="%6D%61%72%75%68%69%64%65" n1="%75%6A%75%6C" n2="%E6%84%9A%E6%B0%91%E7%8E%8B" n3="%E3%82%A6%E3%83%AB%E3%83%88%E3%83%A9%E7%AB%8B%E7%9B%B4" dan="14,14,13,15" rate="1946.94,1959.07,1819.34,1978.27" sx="M,M,F,M"/><TAIKYOKU oya="0"/><INIT seed="0,0,0,0,4,58" ten="250,250,250,250" oya="0" hai0="53,45,21,51,71,90,41,111,68,133,30,57,43" hai1="61,44,13,125,7,5,0,66,112,29,124,82,126" hai2="76,1,20,131,118,9,79,117,32,15,12,37,67" hai3="59,74,129,85,14,65,64,84,40,31,34,17,25"/><T110/><D133/><U19/><E29/><V104/><F104/><W83/><G129/><T113/><D113/><U73/><E112/><V122/><F122/><W16/><G74/><T100/><D100/><U128/><E44/><V55/><F37/><W63/><G40/><N who="0" m="24999" /><D90/><U77/><E128/><V33/><F1/><W101/><G101/><T18/><D30/><U11/><REACH who="1" step="1"/><E0/><REACH who="1" ten="250,240,250,250" step="2"/><V42/><F131/><W56/><G83/><T52/><D21/><U23/><E23/><V10/><F118/><W39/><G39/><T2/><D2/><U132/><E132/><V3/><F117/><W130/><G130/><T93/><D93/><U50/><E50/><V69/><F3/><W27/><G34/><T86/><D86/><U88/><E88/><V119/><F20/><W54/><G31/><T95/><D95/><U99/><E99/><V72/><F119/><W22/><G27/><T35/><D35/><U108/><E108/><N who="0" m="41513" /><D18/><U98/><E98/><V6/><F33/><W62/><G62/><N who="0" m="36135" /><D53/><U91/><E91/><V78/><F32/><W8/><G85/><T89/><D89/><U102/><E102/><V75/><F55/><W87/><G84/><T81/><D81/><U4/><E4/><V109/><F109/><W92/><G87/><T80/><D80/><U49/><E49/><V135/><F135/><W120/><G92/><T116/><D116/><U28/><E28/><V94/><F94/><W106/><G17/><T114/><D114/><U107/><E107/><V48/><F6/><W123/><G106/><T46/><D46/><U121/><E121/><V96/><F96/><RYUUKYOKU ba="0,1" sc="250,15,240,15,250,-15,250,-15" hai0="41,43,68,71" hai1="5,7,11,13,19,61,66,73,77,82,124,125,126" /><INIT seed="0,1,1,4,1,115" ten="265,255,235,235" oya="0" hai0="23,63,51,86,109,73,77,71,37,27,134,48,42" hai1="126,41,3,68,74,103,34,83,47,11,44,117,132" hai2="104,28,56,125,120,39,5,35,97,98,29,40,135" hai3="25,36,106,20,114,88,58,0,108,15,30,19,1"/><T7/><D73/><U53/><E34/><V118/><F120/><W38/><G106/><T92/><D37/><U95/><E68/><V66/><F35/><W81/><G114/><T130/><D7/><U45/><E117/><V121/><F121/><W129/><G38/><T85/><D130/><U18/><E3/><V133/><F5/><W90/><G36/><T89/><D134/><N who="2" m="51210" /><F125/><W131/><G58/><T8/><D8/><U123/><E132/><V101/><F98/><W17/><G90/><T79/><D109/><U65/><E123/><V24/><F24/><W119/><G88/><N who="0" m="53263" /><D71/><U87/><E74/><V102/><F102/><W113/><G81/><N who="0" m="49359" /><D63/><U69/><E69/><V14/><F66/><W91/><G91/><T21/><D42/><U111/><E41/><V13/><F56/><W54/><G54/><T122/><D122/><U70/><E70/><V99/><F99/><W93/><G129/><T100/><D100/><U59/><E65/><V57/><F57/><W62/><G131/><T2/><D2/><U22/><E103/><V80/><F80/><W10/><G1/><T26/><D51/><U107/><E83/><V94/><F104/><W127/><G0/><T31/><D48/><U16/><E107/><V72/><F72/><W84/><G62/><T61/><D61/><U50/><E11/><V6/><F40/><W82/><G10/><T49/><D49/><U12/><E111/><V33/><F39/><W110/><G108/><T128/><D128/><U60/><E60/><V9/><F14/><W55/><G110/><T96/><D96/><U67/><E67/><RYUUKYOKU ba="1,1" sc="265,30,255,-10,235,-10,235,-10" hai0="21,23,26,27,31,77,79" /><INIT seed="0,2,1,4,1,14" ten="295,245,225,225" oya="0" hai0="78,46,9,55,124,77,94,43,107,117,6,112,1" hai1="130,72,22,121,95,76,81,47,28,119,110,125,35" hai2="114,45,101,64,56,60,3,71,18,91,54,88,25" hai3="120,19,53,96,16,37,20,7,99,30,127,98,111"/><T116/><D112/><U97/><E121/><V29/><F3/><W89/><G37/><T105/><D124/><U31/><E119/><V38/><F114/><W26/><G120/><T65/><D65/><U69/><E69/><V24/><F101/><W82/><G127/><T48/><D107/><U118/><E125/><V0/><F0/><W51/><G7/><T66/><D66/><U80/><E118/><V68/><F68/><W135/><G135/><T123/><D105/><U115/><E115/><V58/><F25/><W106/><G106/><T87/><D123/><U44/><E35/><V49/><F58/><N who="3" m="33087" /><G111/><T50/><D117/><U63/><E110/><V17/><F29/><W42/><G42/><T40/><D116/><U21/><E63/><V103/><F103/><W122/><G122/><T32/><D32/><U15/><E130/><V2/><F2/><W33/><G33/><T23/><D23/><U83/><E72/><V70/><F70/><W57/><G57/><T39/><D39/><U13/><E76/><V93/><F24/><W79/><G79/><T8/><D8/><U134/><E134/><V84/><F91/><W86/><AGARI ba="2,1" hai="16,19,20,26,30,82,86,89,96,98,99" m="33087" machi="86" ten="30,7900,0" yaku="8,1,52,2,54,1" doraHai="14" who="3" fromWho="3" sc="295,-41,245,-22,225,-22,225,95" /><INIT seed="1,0,0,5,5,88" ten="254,223,203,320" oya="1" hai0="33,72,29,133,92,60,113,121,27,108,87,61,16" hai1="85,43,128,47,82,30,119,116,62,32,51,26,93" hai2="7,45,5,111,84,6,123,48,46,107,3,86,44" hai3="66,71,12,59,40,127,38,122,118,39,49,115,0"/><U83/><E128/><V57/><F107/><W19/><G0/><T89/><D72/><U17/><E62/><V55/><F123/><W31/><G31/><T103/><D113/><U36/><E36/><V23/><F3/><W65/><G115/><T15/><D108/><U53/><E43/><V25/><REACH who="2" step="1"/><F111/><REACH who="2" ten="254,223,193,320" step="2"/><W79/><G122/><T97/><D121/><U81/><E17/><AGARI ba="0,1" hai="5,6,7,17,23,25,44,45,46,48,55,57,84,86" machi="17" ten="40,5200,0" yaku="1,1,2,1,8,1,53,0" doraHai="88" doraHaiUra="69" who="2" fromWho="1" sc="254,0,223,-52,193,62,320,0" /><INIT seed="2,0,0,1,2,19" ten="254,171,255,320" oya="2" hai0="40,126,81,63,8,27,60,127,69,16,6,115,20" hai1="83,64,101,88,114,86,100,119,48,35,95,39,4" hai2="7,57,41,110,42,117,124,99,47,53,106,44,96" hai3="31,2,111,61,135,76,23,130,131,78,49,94,79"/><V59/><F117/><W93/><G2/><T21/><D115/><U13/><E39/><V122/><F122/><W26/><G135/><T92/><D40/><U74/><E119/><V58/><F106/><W15/><G111/><T66/><D81/><U121/><E35/><V102/><F110/><W11/><G49/><T56/><D92/><U1/><E64/><V45/><F124/><N who="0" m="47658" /><D6/><U108/><E1/><V37/><F7/><N who="3" m="3583" /><G61/><N who="0" m="38183" /><D8/><U32/><E32/><V77/><F77/><W113/><G113/><T5/><D5/><U129/><E108/><V67/><F102/><W125/><G125/><T87/><D87/><U75/><E114/><V68/><F99/><W24/><G24/><N who="0" m="14343" /><D69/><U54/><E121/><V0/><F0/><W38/><G38/><T103/><D103/><U89/><E13/><V10/><F10/><W3/><G3/><T97/><D97/><U33/><E33/><V34/><F34/><W30/><G94/><T73/><D73/><N who="1" m="27659" /><E4/><V133/><F133/><W9/><G93/><T55/><D55/><U12/><E12/><V85/><F85/><W128/><G9/><T46/><D46/><N who="2" m="18026" /><F96/><W105/><G105/><T82/><D82/><U43/><E43/><N who="2" m="23023" /><F53/><W109/><G109/><T71/><D71/><U90/><E54/><V132/><F132/><W134/><G134/><T91/><D91/><N who="1" m="51679" /><E48/><V104/><F104/><W17/><AGARI ba="0,0" hai="17,23,26,30,31,76,78,79,128,130,131" m="3583" machi="17" ten="40,2700,0" yaku="19,1,52,1" doraHai="19" who="3" fromWho="3" sc="254,-7,171,-7,255,-13,320,27" /><INIT seed="3,0,0,4,1,37" ten="247,164,242,347" oya="3" hai0="88,112,43,46,44,101,48,115,122,5,11,39,73" hai1="100,116,49,94,89,47,92,76,34,25,56,14,51" hai2="19,26,78,130,96,107,55,58,82,2,91,30,68" hai3="10,67,131,20,90,4,6,129,57,95,134,28,128"/><W13/><G134/><T81/><D122/><U86/><E76/><V38/><F68/><W22/><G28/><T105/><D105/><U69/><E69/><V98/><F130/><W125/><G125/><T118/><D101/><U33/><E116/><V93/><F2/><W1/><G1/><T9/><D118/><U71/><E71/><V31/><F107/><W72/><G6/><T27/><D27/><U45/><E56/><V77/><F38/><W8/><G8/><T36/><D36/><U124/><E124/><V15/><F98/><N who="3" m="57719" /><G72/><T109/><D109/><U117/><E117/><V65/><F65/><W61/><AGARI ba="0,0" hai="4,10,13,20,22,57,61,67,128,129,131" m="57719" machi="61" ten="40,2100,0" yaku="19,1" doraHai="37" who="3" fromWho="3" sc="247,-7,164,-7,242,-7,347,21" owari="240,4.0,157,-34.0,235,-16.0,368,46.0" /></mjloggm>