<mjloggm ver="2.3"><GO type="97" lobby="0"/><UN n0="%6A%75%6E%2E%49" n1="%E7%B7%91%E9%BE%8D%E8%99%8E" n2="%43%4C%45%41%52%45%44" n3="%E3%82%A6%E3%83%AB%E3%83%88%E3%83%A9%E7%AB%8B%E7%9B%B4" dan="13,13,15,15" rate="1856.21,1833.74,2038.14,2035.98" sx="M,M,M,M"/><TAIKYOKU oya="0"/><INIT seed="0,0,0,4,0,121" ten="250,250,250,250" oya="0" hai0="107,2,81,9,116,110,87,93,30,77,18,96,21" hai1="37,19,99,67,100,3,115,88,56,34,112,52,78" hai2="86,40,103,130,131,13,54,12,124,75,91,23,79" hai3="11,8,1,10,122,24,63,51,85,113,59,105,45"/><T49/><D116/><U50/><E37/><V84/><F40/><W132/><G105/><T104/><D49/><U61/><E34/><V109/><F54/><W106/><G106/><T74/><D30/><U0/><E78/><V118/><F118/><W41/><G113/><N who="1" m="43594" /><E100/><V44/><F44/><W5/><G132/><T117/><D117/><U15/><E19/><V89/><F23/><W71/><G71/><T134/><D134/><U39/><E39/><V64/><F64/><W14/><G122/><T114/><D114/><U68/><E15/><V53/><F103/><W97/><G97/><T55/><D55/><U80/><E80/><V38/><F53/><W33/><G1/><T66/><D66/><U6/><E6/><V58/><F38/><W127/><G11/><T73/><D73/><U7/><E7/><V128/><F79/><W46/><G10/><T65/><D65/><U76/><E76/><V31/><F75/><W70/><G14/><T120/><D120/><U111/><E111/><V126/><F109/><W32/><G8/><T94/><D110/><U135/><E135/><V83/><F31/><W48/><G5/><N who="0" m="1207" /><D74/><U26/><E26/><V16/><F16/><W133/><G24/><N who="0" m="14391" /><D96/><U29/><E29/><V72/><F72/><W35/><G133/><T60/><D60/><U123/><E123/><V22/><F22/><W4/><G85/><T102/><D107/><U17/><E17/><V129/><F129/><W62/><G62/><T36/><D36/><U57/><E68/><V69/><F69/><W98/><G70/><T119/><D119/><U125/><E3/><RYUUKYOKU ba="0,0" sc="250,30,250,-10,250,-10,250,-10" hai0="77,81,87,93,94,102,104" /><INIT seed="0,1,0,5,0,22" ten="280,240,240,240" oya="0" hai0="84,125,46,36,83,79,43,73,41,8,69,74,21" hai1="13,76,114,112,99,59,11,95,71,51,78,26,113" hai2="98,30,20,19,110,94,25,128,135,92,42,24,14" hai3="50,58,29,23,134,109,122,111,10,130,66,47,131"/><T3/><D69/><U31/><E71/><V38/><F110/><N who="3" m="41995" /><G10/><T104/><D125/><U100/><E51/><V96/><F128/><N who="3" m="49195" /><G23/><T35/><D35/><N who="1" m="20983" /><E59/><V67/><F135/><W17/><G17/><AGARI ba="1,0" hai="11,13,17,76,78,95,99,100,112,113,114" m="20983" machi="17" ten="30,2000,0" yaku="11,1,52,1" doraHai="22" who="1" fromWho="3" sc="280,0,240,23,240,0,240,-23" /><INIT seed="1,0,0,1,3,22" ten="280,263,240,217" oya="1" hai0="2,42,105,109,21,51,63,3,81,79,65,85,1" hai1="91,28,133,110,74,129,29,31,124,6,52,23,118" hai2="93,120,82,71,90,20,44,113,61,80,112,106,86" hai3="134,14,68,54,24,117,107,87,97,135,119,57,50"/><U27/><E74/><V69/><F44/><W62/><G87/><T94/><D105/><U116/><E91/><V48/><F48/><W72/><G14/><T13/><D109/><U115/><E115/><N who="2" m="44107" /><F120/><W5/><G5/><T17/><D94/><U59/><E133/><N who="3" m="50698" /><G72/><T88/><D79/><U56/><E129/><V25/><F106/><W43/><G97/><T125/><D125/><U108/><E124/><V127/><F127/><W12/><G12/><T114/><D114/><U126/><E126/><V132/><F132/><W84/><G84/><T45/><REACH who="0" step="1"/><D2/><REACH who="0" ten="270,263,240,217" step="2"/><U39/><E118/><V7/><F82/><W47/><G107/><T100/><D100/><U83/><E116/><V130/><F80/><W131/><G119/><T16/><D16/><U89/><E6/><V34/><F7/><W37/><G117/><T101/><D101/><U111/><E89/><V99/><F93/><W66/><G131/><T70/><AGARI ba="0,1" hai="1,3,13,17,21,42,45,51,63,65,70,81,85,88" machi="70" ten="20,5200,0" yaku="1,1,0,1,7,1,54,1,53,0" doraHai="22" doraHaiUra="4" who="0" fromWho="0" sc="270,62,263,-26,240,-13,217,-13" /><INIT seed="2,0,0,0,3,49" ten="332,237,227,204" oya="2" hai0="2,124,85,65,125,12,19,80,45,34,3,13,77" hai1="118,63,56,39,38,55,17,78,61,0,52,33,105" hai2="90,62,101,127,47,16,130,134,32,135,104,110,26" hai3="40,116,43,123,54,91,106,35,81,128,71,92,70"/><V11/><F130/><W129/><G106/><T131/><D34/><U20/><E105/><V82/><F127/><N who="0" m="48714" /><D65/><U114/><E33/><V99/><F110/><W64/><G35/><T22/><D131/><N who="3" m="50249" /><G81/><T6/><D45/><U14/><E0/><N who="0" m="41" /><D6/><U95/><E114/><V46/><F62/><N who="3" m="40215" /><G71/><T18/><D18/><U28/><E118/><V112/><F112/><W72/><G72/><T4/><D4/><U73/><E73/><V121/><F121/><W107/><G107/><T41/><D41/><N who="3" m="15945" /><G123/><T109/><D109/><U36/><E78/><V66/><F66/><W75/><G75/><T100/><D100/><U9/><E95/><V69/><F69/><W103/><G103/><T30/><D30/><U84/><E84/><V93/><F32/><W27/><G27/><AGARI ba="0,0" hai="12,13,19,22,27,77,80,85" m="41,48714" machi="27" ten="30,1000,0" yaku="18,1" doraHai="49" who="0" fromWho="3" sc="332,10,237,0,227,0,204,-10" /><INIT seed="3,0,0,4,1,31" ten="342,237,227,194" oya="3" hai0="113,4,93,92,49,62,85,45,10,105,46,89,82" hai1="29,109,2,32,43,79,111,12,115,23,129,63,22" hai2="78,119,126,50,11,33,61,24,65,28,97,53,81" hai3="72,135,128,30,60,40,104,125,77,121,14,73,3"/><W67/><G3/><T66/><D105/><U18/><E43/><V71/><F126/><W36/><G121/><T13/><D113/><U94/><E94/><V99/><F119/><W118/><G118/><T21/><D21/><N who="1" m="11463" /><E63/><V134/><F11/><W15/><G104/><T51/><D46/><U52/><E79/><V75/><F134/><W59/><G30/><T80/><D92/><U0/><E115/><V20/><F20/><N who="1" m="7721" /><E52/><V56/><AGARI ba="0,0" hai="24,28,33,50,53,56,61,65,71,75,78,81,97,99" machi="56" ten="20,2700,0" yaku="0,1,7,1,52,1" doraHai="31" who="2" fromWho="2" sc="342,-7,237,-7,227,27,194,-13" owari="335,44.0,230,-17.0,254,5.0,181,-32.0" /></mjloggm>