<mjloggm ver="2.3"><GO type="97" lobby="0"/><UN n0="%6B%6F%6E%65%6B%6F" n1="%E3%82%A6%E3%83%AB%E3%83%88%E3%83%A9%E7%AB%8B%E7%9B%B4" n2="%69%6E%6F%75%65%30%35" n3="%E3%83%AA%E3%83%B3%E3%82%AC%E3%83%B3%E3%82%BF%E3%83%AB%E3%83%91%E3%82%BA" dan="14,15,15,15" rate="1961.36,1982.56,2014.59,1986.64" sx="M,M,M,M"/><TAIKYOKU oya="0"/><INIT seed="0,0,0,1,4,49" ten="250,250,250,250" oya="0" hai0="24,41,32,46,38,81,115,99,112,8,3,62,39" hai1="71,5,106,134,16,53,108,135,57,100,117,42,1" hai2="45,116,66,88,70,50,0,29,15,77,22,21,131" hai3="19,55,34,103,76,63,96,124,75,40,47,17,4"/><T129/><D32/><U27/><E71/><V113/><F113/><W60/><G124/><T102/><D129/><U36/><E117/><V33/><F131/><W97/><G34/><T95/><D39/><U67/><E67/><V119/><F0/><W56/><G4/><T121/><D121/><U58/><E58/><V72/><F33/><W118/><G118/><N who="2" m="45097" /><F29/><W85/><G75/><T73/><D62/><N who="1" m="36143" /><E108/><V68/><F72/><W23/><G60/><T132/><D24/><U130/><E130/><V54/><F77/><W31/><G31/><T109/><D109/><U92/><E106/><V82/><F66/><W86/><G19/><T30/><D30/><U7/><E1/><V101/><F101/><W94/><G97/><T37/><D37/><U6/><E36/><V26/><F15/><N who="3" m="9663" /><G76/><N who="0" m="44175" /><D132/><N who="1" m="50731" /><E42/><V28/><F21/><W111/><G111/><T20/><D20/><N who="1" m="13703" /><E5/><AGARI ba="0,0" hai="3,5,8,38,41,46,95,99,102,112,115" m="44175" machi="5" ten="30,1500,0" yaku="25,1" doraHai="49" who="0" fromWho="1" sc="250,15,250,-15,250,0,250,0" /><INIT seed="0,1,0,3,3,127" ten="265,235,250,250" oya="0" hai0="2,78,131,17,72,80,108,79,1,102,52,129,85" hai1="68,46,55,71,83,40,125,121,35,12,73,64,49" hai2="47,67,98,19,54,93,130,123,45,15,70,50,59" hai3="9,57,91,31,87,7,96,126,112,94,105,5,44"/><T115/><D115/><U101/><E35/><V66/><F123/><W25/><G112/><T62/><D102/><U86/><E121/><V120/><F130/><N who="0" m="49674" /><D108/><U32/><E73/><V13/><F120/><W124/><G44/><T51/><D62/><U48/><E125/><N who="3" m="48234" /><G57/><N who="0" m="32927" /><D17/><U81/><E101/><N who="2" m="60623" /><F70/><W58/><G58/><T26/><D26/><U14/><E68/><V134/><F134/><W69/><G69/><T61/><D61/><U75/><E71/><V23/><F13/><N who="3" m="5295" /><G7/><T90/><D79/><U118/><E64/><AGARI ba="1,0" hai="15,19,23,45,47,50,54,59,64,66,67" m="60623" machi="64" ten="30,1000,0" yaku="8,1" doraHai="127" who="2" fromWho="1" sc="265,0,235,-13,250,13,250,0" /><INIT seed="1,0,0,4,4,11" ten="265,222,263,250" oya="1" hai0="89,99,69,73,12,5,8,130,45,58,37,49,70" hai1="83,88,115,25,56,44,54,6,27,113,116,51,35" hai2="98,41,111,20,57,23,61,42,126,66,19,59,38" hai3="112,53,81,78,67,74,15,0,60,124,121,77,1"/><U102/><E116/><V17/><F126/><W48/><G124/><T30/><D73/><U64/><E102/><V2/><F2/><W107/><G121/><T134/><D37/><U32/><E6/><V125/><F125/><W4/><G112/><T18/><D134/><U52/><E64/><V82/><F82/><W7/><G107/><T114/><D114/><U129/><E129/><V22/><F111/><W46/><G78/><T109/><D109/><U24/><E113/><V86/><F86/><W29/><G29/><T94/><D30/><U118/><E118/><V96/><F38/><W9/><REACH who="3" step="1"/><G7/><REACH who="3" ten="265,222,263,240" step="2"/><T84/><D5/><U10/><E115/><V36/><F17/><W127/><G127/><T95/><D130/><U65/><E32/><V135/><F19/><W105/><G105/><T26/><D70/><AGARI ba="0,1" hai="0,1,4,9,15,46,48,53,60,67,70,74,77,81" machi="70" ten="30,3900,0" yaku="1,1,7,1,52,1,53,0" doraHai="11" doraHaiUra="21" who="3" fromWho="0" sc="265,-39,222,0,263,0,240,49" /><INIT seed="2,0,0,5,1,3" ten="226,222,263,289" oya="2" hai0="116,93,0,68,4,46,122,127,94,99,22,61,63" hai1="70,11,26,87,82,2,16,71,124,74,115,41,105" hai2="15,31,67,12,58,8,102,91,30,14,135,57,134" hai3="123,96,43,5,37,103,76,97,1,6,89,114,133"/><V106/><F91/><W78/><G123/><T24/><D122/><U52/><E115/><V77/><F77/><W32/><G114/><T80/><D68/><U98/><E124/><V38/><F38/><W101/><G37/><T56/><D127/><U55/><E41/><V45/><F45/><W120/><G120/><T34/><D63/><U132/><E74/><V73/><F73/><W69/><G43/><T40/><D116/><U119/><E119/><V113/><F113/><W117/><G89/><T121/><D121/><U66/><E132/><N who="2" m="50731" /><F106/><W107/><G133/><T13/><D0/><U21/><E71/><V128/><F102/><W49/><G1/><T20/><D34/><U65/><E105/><V53/><F128/><W95/><G117/><T54/><D80/><U19/><E98/><V86/><F86/><W39/><G39/><T118/><D118/><U126/><E126/><V48/><F8/><W131/><G69/><T130/><D130/><U50/><E70/><V47/><F67/><W36/><G36/><T59/><D59/><AGARI ba="0,0" hai="12,14,15,30,31,47,48,53,57,58,59" m="50731" machi="59" ten="30,1500,0" yaku="20,1" doraHai="3" who="2" fromWho="0" sc="226,-15,222,0,263,15,289,0" /><INIT seed="2,1,0,4,3,108" ten="211,222,278,289" oya="2" hai0="89,37,110,101,62,92,120,51,109,4,94,54,56" hai1="83,8,50,27,35,6,10,28,57,129,124,111,71" hai2="73,119,130,85,114,30,84,26,131,13,115,121,74" hai3="90,49,36,44,118,58,77,34,105,82,69,40,102"/><V39/><F121/><W32/><G69/><T104/><D104/><U107/><E111/><V126/><F119/><W87/><G118/><T98/><D37/><U19/><E71/><V75/><F39/><W3/><G3/><T55/><D120/><U95/><E107/><V24/><F13/><W15/><G15/><T14/><D110/><U46/><E124/><V43/><F43/><W16/><G16/><T52/><D109/><U38/><E129/><N who="2" m="49163" /><F126/><W93/><G102/><T96/><REACH who="0" step="1"/><D62/><REACH who="0" ten="201,222,278,289" step="2"/><U76/><E38/><V123/><F123/><W45/><G105/><T22/><D22/><U78/><E35/><N who="2" m="20935" /><F26/><W0/><G34/><T68/><D68/><U41/><E27/><V61/><F61/><W65/><G32/><T5/><D5/><U23/><E6/><V67/><F67/><W7/><G65/><T80/><D80/><U33/><E83/><V100/><F100/><W31/><G82/><T21/><D21/><U134/><E23/><V106/><F106/><W64/><G64/><T103/><D103/><U1/><E33/><V86/><AGARI ba="1,1" hai="73,74,75,84,85,86,114,115" m="20935,49163" machi="86" ten="40,7800,0" yaku="19,1,52,2" doraHai="108" who="2" fromWho="2" sc="201,-27,222,-27,278,91,289,-27" /><INIT seed="2,2,0,4,2,133" ten="174,195,369,262" oya="2" hai0="111,124,126,25,121,41,117,85,16,53,20,10,104" hai1="49,107,91,94,96,42,51,73,29,23,36,135,78" hai2="102,47,80,97,12,70,84,35,60,62,101,86,8" hai3="93,17,38,75,118,89,15,130,82,22,122,132,74"/><V109/><F70/><W103/><G132/><T134/><D104/><U65/><E135/><V2/><F102/><W4/><G118/><T3/><D134/><U88/><E107/><V31/><F2/><W71/><G122/><T1/><D41/><U123/><E123/><V61/><F47/><W66/><G38/><T128/><D117/><U119/><E119/><V67/><F67/><W59/><G71/><T9/><D85/><U7/><E36/><V125/><F125/><N who="0" m="48234" /><D121/><U95/><E42/><V100/><F86/><W37/><G37/><T108/><D53/><U106/><E106/><V40/><F40/><W46/><G46/><T43/><D43/><U112/><E112/><V99/><F84/><W33/><G33/><T44/><D44/><U87/><E65/><V115/><F80/><W56/><G82/><T90/><D90/><U14/><E73/><V63/><F97/><W79/><G103/><T45/><D45/><U98/><E87/><V110/><F99/><W11/><G74/><T129/><D10/><N who="1" m="4447" /><E78/><V6/><F115/><W18/><G79/><T26/><D26/><AGARI ba="2,0" hai="23,26,29,49,51,88,91,94,95,96,98" m="4447" machi="26" ten="30,2000,0" yaku="8,1,54,1" doraHai="133" who="1" fromWho="0" sc="174,-26,195,26,369,0,262,0" /><INIT seed="3,0,0,4,0,56" ten="148,221,369,262" oya="3" hai0="135,62,94,27,121,73,122,16,2,89,47,84,0" hai1="66,92,108,114,15,3,54,80,113,21,32,93,46" hai2="95,134,30,101,33,99,17,6,50,123,19,37,18" hai3="117,118,103,79,91,88,4,49,85,61,1,83,5"/><W86/><G103/><T7/><D73/><U64/><E32/><V24/><F37/><W40/><G79/><T44/><D135/><U59/><E3/><V14/><F134/><W55/><G40/><T53/><D7/><U120/><E108/><V65/><F65/><W127/><G127/><T71/><D122/><U38/><E120/><V45/><F123/><W74/><G74/><T13/><D121/><U29/><E80/><V72/><F72/><W10/><G5/><T76/><D76/><U82/><E82/><V132/><F6/><W67/><G86/><T81/><D27/><U112/><E46/><V133/><REACH who="2" step="1"/><F14/><REACH who="2" ten="148,221,359,262" step="2"/><W63/><G67/><T104/><D104/><U39/><E64/><V52/><AGARI ba="0,1" hai="17,18,19,24,30,33,45,50,52,95,99,101,132,133" machi="52" ten="30,7900,0" yaku="1,1,2,1,0,1,54,1,53,0" doraHai="56" doraHaiUra="11" who="2" fromWho="2" sc="148,-20,221,-20,359,89,262,-39" owari="128,-37.0,201,-20.0,448,55.0,223,2.0" /></mjloggm>