<mjloggm ver="2.3"><GO type="97" lobby="0"/><UN n0="%E3%81%99%E3%81%84%E3%81%A6%E3%81%8D%E5%AE%88" n1="%E9%A3%9B%E3%81%B9%E3%81%AA%E3%81%84%E9%AD%9A%EF%BC%93" n2="%E3%82%A6%E3%83%AB%E3%83%88%E3%83%A9%E7%AB%8B%E7%9B%B4" n3="%E6%A3%8B%E8%81%96%E9%9B%80%E5%A3%AB" dan="14,15,15,14" rate="1950.64,2004.38,1985.79,1996.97" sx="F,M,M,M"/><TAIKYOKU oya="0"/><INIT seed="0,0,0,2,2,109" ten="250,250,250,250" oya="0" hai0="71,4,41,32,96,112,94,133,121,66,108,130,10" hai1="122,106,29,11,100,111,120,62,0,61,45,59,84" hai2="124,20,79,74,44,64,35,83,50,69,105,57,70" hai3="58,129,40,80,8,68,9,39,65,92,114,16,43"/><T77/><D32/><U113/><E111/><V76/><F35/><W107/><G107/><T52/><D121/><U26/><E100/><V89/><F105/><W75/><G68/><T95/><D108/><U91/><E106/><V115/><F115/><W72/><G39/><T36/><D95/><U82/><E45/><V21/><F124/><W46/><G65/><T123/><D123/><U1/><E113/><V18/><F74/><W56/><G46/><T104/><D104/><U47/><E47/><V78/><F69/><W55/><G92/><T98/><D98/><U13/><E122/><V67/><F70/><W101/><G101/><T127/><D127/><U73/><E73/><V125/><F125/><W63/><G80/><T126/><D126/><U33/><E120/><V53/><F57/><W19/><G63/><T86/><D112/><U81/><E81/><V97/><F20/><W117/><G114/><T131/><D133/><U116/><E116/><V17/><F17/><W38/><G38/><T134/><D134/><U27/><E27/><V128/><F128/><N who="0" m="49194" /><D66/><U3/><REACH who="1" step="1"/><E59/><REACH who="1" ten="250,240,250,250" step="2"/><V51/><F83/><W93/><G129/><T14/><D36/><U90/><E90/><V60/><F89/><W85/><G58/><T7/><D77/><U103/><E103/><V135/><F79/><W37/><G37/><T6/><D71/><U110/><E110/><V42/><F78/><W88/><G72/><T31/><D86/><U87/><E87/><V23/><F76/><W132/><G75/><T24/><D24/><U5/><AGARI ba="0,1" hai="0,1,3,5,11,13,26,29,33,61,62,82,84,91" machi="5" ten="30,2000,0" yaku="1,1,0,1,53,0" doraHai="109" doraHaiUra="118" who="1" fromWho="1" sc="250,-10,240,30,250,-5,250,-5" /><INIT seed="1,0,0,1,5,106" ten="240,270,245,245" oya="1" hai0="35,96,125,2,98,52,44,53,48,97,103,133,22" hai1="65,75,8,94,81,95,43,111,90,123,126,67,23" hai2="42,116,99,15,121,36,132,107,82,113,29,77,56" hai3="120,61,102,62,87,17,91,131,20,27,105,45,1"/><U135/><E123/><V110/><F121/><W26/><G120/><T130/><D35/><U14/><E135/><V64/><F116/><W7/><G131/><T74/><D2/><U38/><E126/><V9/><F110/><W83/><G27/><T59/><D130/><U0/><E0/><V122/><F122/><W108/><G108/><T66/><D125/><U46/><E111/><V55/><F64/><W118/><G118/><T57/><D133/><U63/><E23/><V68/><F68/><W69/><G69/><T49/><D22/><U89/><E89/><V100/><F29/><W93/><G105/><T117/><D117/><U10/><E10/><V47/><F113/><W70/><G70/><T60/><REACH who="0" step="1"/><D74/><REACH who="0" ten="230,270,245,245" step="2"/><U124/><E124/><V104/><F132/><W50/><G1/><T54/><D54/><U24/><E75/><V134/><F134/><W39/><G39/><T41/><D41/><U40/><E40/><V51/><F36/><W11/><G11/><T114/><D114/><U4/><E8/><V101/><F42/><N who="3" m="24887" /><G7/><T25/><D25/><U112/><E24/><V31/><F9/><W119/><G119/><T115/><D115/><U58/><E4/><V12/><F12/><W33/><G33/><T13/><D13/><U28/><E14/><V3/><F15/><W73/><G73/><T109/><D109/><U34/><E112/><V5/><F3/><W80/><G26/><T85/><D85/><U84/><E67/><V37/><F5/><W19/><G20/><T32/><D32/><U88/><E34/><V127/><F127/><W72/><G72/><RYUUKYOKU ba="0,1" sc="230,30,270,-10,245,-10,245,-10" hai0="44,48,49,52,53,57,59,60,66,96,97,98,103" /><INIT seed="2,1,1,0,2,7" ten="260,260,235,235" oya="2" hai0="2,117,18,37,0,61,80,29,120,74,55,95,59" hai1="131,83,31,90,33,99,93,50,105,36,68,92,27" hai2="30,43,129,21,1,94,51,13,101,81,15,63,109" hai3="85,58,96,125,46,84,4,48,42,88,54,47,11"/><V107/><F107/><W70/><G70/><T25/><D37/><U116/><E116/><V45/><F1/><W14/><G125/><T17/><D120/><U89/><E36/><V113/><F113/><W19/><G96/><T41/><D41/><U91/><E131/><V60/><F129/><W100/><G100/><T3/><D117/><U38/><E38/><V98/><F109/><W114/><G114/><T104/><D104/><U130/><E130/><V122/><F122/><W87/><G4/><T40/><D40/><U22/><E68/><V127/><F127/><W65/><G65/><T12/><D12/><N who="2" m="4682" /><F81/><W44/><REACH who="3" step="1"/><G42/><REACH who="3" ten="260,260,235,225" step="2"/><T86/><D74/><U118/><E118/><V112/><F112/><W106/><G106/><T10/><D0/><U67/><E105/><V66/><F66/><W124/><G124/><T135/><D2/><U23/><E67/><V75/><F75/><W35/><G35/><T49/><D3/><U78/><E33/><V34/><F34/><W69/><G69/><T121/><D121/><U132/><E99/><V128/><F128/><W123/><G123/><T79/><D86/><U53/><E132/><V24/><AGARI ba="1,2" hai="21,24,30,43,45,51,60,63,94,98,101" m="4682" machi="24" ten="30,1500,0" yaku="8,1" doraHai="7" who="2" fromWho="2" sc="260,-6,260,-6,235,38,225,-6" /><INIT seed="2,2,0,3,0,73" ten="254,254,273,219" oya="2" hai0="77,74,126,134,109,72,89,5,19,99,7,114,11" hai1="69,98,68,18,6,92,41,86,125,79,27,47,13" hai2="124,38,120,115,14,100,94,30,43,24,56,123,81" hai3="32,60,105,50,46,48,84,44,83,51,106,66,131"/><V0/><F0/><W82/><G32/><T129/><D114/><U113/><E125/><V117/><F115/><W53/><G131/><T58/><D126/><U116/><E113/><V91/><F117/><W71/><G83/><T54/><D109/><U4/><E116/><V40/><F124/><W76/><REACH who="3" step="1"/><G51/><REACH who="3" ten="254,254,273,209" step="2"/><T118/><D129/><U97/><E69/><V121/><F81/><W128/><G128/><T1/><D118/><U22/><E68/><V25/><F121/><W20/><G20/><T26/><D74/><U64/><E22/><V78/><F120/><W57/><G57/><T127/><D58/><U133/><E47/><V33/><F56/><W130/><G130/><T61/><D72/><U110/><E110/><V9/><F33/><W103/><G103/><T28/><D11/><U80/><E80/><V108/><F9/><W15/><G15/><T63/><D1/><U119/><E13/><V102/><F14/><W111/><G111/><T96/><D127/><U62/><E119/><V85/><F102/><W16/><G16/><T21/><D19/><U95/><E18/><V42/><F100/><W37/><G37/><T87/><D28/><U75/><E75/><V70/><F70/><W34/><G34/><T93/><D7/><U45/><E6/><V2/><F2/><W132/><G132/><T10/><D5/><U39/><E4/><V8/><F38/><W122/><G122/><T31/><D31/><U135/><E39/><V35/><F108/><W90/><G90/><T36/><D89/><U59/><E135/><V3/><F123/><W29/><G29/><RYUUKYOKU ba="2,1" sc="254,-10,254,-10,273,-10,209,30" hai3="44,46,48,50,53,60,66,71,76,82,84,105,106" /><INIT seed="3,3,1,4,2,2" ten="244,244,263,239" oya="3" hai0="37,133,11,132,112,123,22,27,32,15,42,127,111" hai1="121,6,73,130,51,86,21,55,106,72,108,66,87" hai2="110,116,99,43,28,105,96,50,16,101,82,102,49" hai3="52,24,13,134,5,54,44,67,119,104,25,93,97"/><W41/><G119/><T34/><D111/><U29/><E106/><V69/><F69/><W53/><G104/><T85/><D123/><U78/><E108/><V31/><F110/><W35/><G35/><T129/><D127/><U81/><E121/><V10/><F105/><W18/><G67/><T100/><D129/><U57/><E130/><V115/><F82/><W92/><G134/><N who="0" m="51819" /><D100/><U128/><E128/><V64/><F64/><W103/><G92/><T84/><D42/><U56/><E72/><V40/><F10/><N who="3" m="4303" /><G18/><N who="0" m="8575" /><D37/><U117/><E117/><V83/><F83/><W122/><G122/><T114/><D85/><U12/><E29/><V68/><F116/><W76/><G76/><T36/><D84/><U4/><E86/><V94/><F16/><W90/><G103/><T46/><D46/><U71/><E73/><V23/><F102/><W131/><G131/><T9/><D9/><U77/><E71/><V120/><F68/><W33/><G33/><N who="0" m="12907" /><D36/><U63/><E78/><V47/><F120/><W14/><G14/><T65/><D65/><U58/><E58/><V91/><F101/><W107/><G107/><T39/><D39/><U113/><E113/><V3/><F94/><W70/><G70/><T75/><D75/><U109/><E109/><V17/><F99/><W89/><G89/><T30/><AGARI ba="3,1" hai="22,27,30,112,114" m="12907,8575,51819" machi="30" ten="40,5200,0" yaku="20,1,34,2" doraHai="2" who="0" fromWho="0" sc="244,71,244,-16,263,-16,239,-29" owari="315,41.0,228,-17.0,247,5.0,210,-29.0" /></mjloggm>