<mjloggm ver="2.3"><GO type="169" lobby="0"/><UN n0="%E3%81%AF%E3%82%86%E3%81%86" n1="%E6%9E%9D%E8%B1%86%E3%82%AB%E3%83%AC%E3%83%BC%E7%94%98%E5%8F%A3" n2="%77%61%73%68%69%73%65%6E" n3="%E3%82%A6%E3%83%AB%E3%83%88%E3%83%A9%E7%AB%8B%E7%9B%B4" dan="16,16,16,16" rate="2079.81,2109.37,2064.36,2019.49" sx="M,F,M,M"/><TAIKYOKU oya="0"/><INIT seed="0,0,0,4,2,106" ten="250,250,250,250" oya="0" hai0="28,14,49,5,44,16,122,95,89,88,27,90,11" hai1="51,78,9,105,56,61,24,80,129,39,134,104,114" hai2="91,18,43,87,19,58,40,57,0,20,3,131,2" hai3="25,22,66,97,118,34,72,31,127,133,119,120,86"/><T125/><D125/><U92/><E134/><V113/><F113/><W101/><G86/><T32/><D122/><U23/><E114/><V70/><F70/><W85/><G85/><T98/><REACH who="0" step="1"/><D5/><REACH who="0" ten="240,250,250,250" step="2"/><U21/><E129/><V6/><F131/><W71/><G127/><T10/><D10/><U42/><E9/><V35/><F6/><W7/><G7/><T109/><D109/><U108/><E108/><V50/><F35/><W132/><G22/><T1/><D1/><U130/><E23/><V38/><F38/><W4/><G4/><T96/><D96/><U94/><E130/><V121/><F121/><W77/><G120/><T29/><D29/><U48/><E21/><V54/><F58/><W126/><G126/><T115/><D115/><U47/><E56/><V26/><REACH who="2" step="1"/><F19/><REACH who="2" ten="240,250,240,250" step="2"/><W110/><G110/><T107/><D107/><U69/><E104/><V73/><F73/><W117/><G132/><T75/><D75/><U135/><E105/><V46/><F46/><W102/><G133/><T93/><D93/><AGARI ba="0,2" hai="0,2,3,18,20,26,40,43,50,54,57,87,91,93" machi="93" ten="40,1300,0" yaku="1,1,53,0" doraHai="106" doraHaiUra="68" who="2" fromWho="0" sc="240,-13,250,0,240,33,250,0" /><INIT seed="1,0,0,1,5,35" ten="227,250,273,250" oya="1" hai0="60,122,56,17,20,132,57,131,41,125,5,90,33" hai1="102,48,3,127,45,26,61,51,66,87,29,54,116" hai2="13,124,6,63,7,94,12,68,22,93,14,4,52" hai3="46,79,110,9,82,64,120,25,111,72,44,103,43"/><U80/><E116/><V99/><F124/><W77/><G120/><T37/><D33/><U85/><E127/><V38/><F68/><W75/><G103/><T2/><D125/><U10/><E102/><V28/><F38/><W31/><G64/><T58/><D131/><U67/><E61/><V65/><F65/><W49/><G44/><T134/><D90/><U104/><E104/><V39/><F39/><W84/><G9/><N who="0" m="2231" /><D60/><U133/><E133/><N who="0" m="51305" /><D122/><U89/><E85/><V59/><REACH who="2" step="1"/><F99/><REACH who="2" ten="227,250,263,250" step="2"/><W1/><G75/><T96/><D96/><U18/><E66/><V76/><F76/><W113/><G77/><T91/><D37/><U42/><E67/><V88/><F88/><W16/><G72/><T71/><D91/><U62/><E89/><V11/><F11/><W70/><G70/><T55/><D71/><U135/><E10/><V74/><F74/><W50/><G79/><T101/><D101/><U106/><E135/><V21/><F21/><W23/><G23/><T8/><D8/><U0/><E106/><V47/><F47/><W34/><G46/><T128/><D128/><U95/><E45/><V108/><F108/><W19/><G111/><T130/><D130/><U53/><E42/><V118/><F118/><W105/><G43/><T81/><D41/><U73/><E73/><V86/><F86/><W117/><G84/><T69/><D69/><U15/><E87/><V126/><F126/><W40/><G117/><T24/><D81/><U112/><E80/><V30/><F30/><W32/><G31/><T107/><D107/><U83/><E29/><V27/><AGARI ba="0,1" hai="4,6,7,12,13,14,22,27,28,52,59,63,93,94" machi="27" ten="40,8000,1" yaku="1,1,5,1,0,1,8,1,54,1,53,0" doraHai="35" doraHaiUra="98" who="2" fromWho="2" sc="227,-20,250,-40,263,90,250,-20" /><INIT seed="2,0,0,1,2,75" ten="207,210,353,230" oya="2" hai0="56,115,21,109,129,113,5,93,100,88,15,26,80" hai1="60,134,7,11,20,82,91,85,22,130,39,71,77" hai2="96,87,12,133,8,45,111,13,98,52,73,131,14" hai3="89,1,2,128,117,35,54,6,53,63,29,24,49"/><V90/><F73/><W58/><G117/><T43/><D109/><U38/><E134/><V118/><F133/><W102/><G6/><T76/><D129/><U4/><E130/><V18/><F118/><W65/><G128/><T108/><D100/><U99/><E4/><V9/><F131/><W16/><G54/><T125/><D108/><U42/><E39/><V25/><F111/><W122/><G122/><T19/><D125/><U28/><E28/><V17/><F25/><W69/><G89/><T106/><D106/><U119/><E119/><V92/><F13/><W66/><G66/><T107/><D107/><U105/><E42/><V62/><F62/><W110/><G110/><T72/><D43/><U95/><E38/><V41/><F41/><W30/><G30/><T104/><D104/><U83/><E83/><V61/><F61/><W0/><G102/><T51/><D5/><U47/><E47/><V33/><F33/><W57/><REACH who="3" step="1"/><G16/><REACH who="3" ten="207,210,353,220" step="2"/><T78/><D26/><U124/><E7/><V86/><F86/><W132/><G132/><T70/><D70/><AGARI ba="0,1" hai="0,1,2,24,29,35,49,53,57,58,63,65,69,70" machi="70" ten="40,2600,0" yaku="1,1,53,1" doraHai="75" doraHaiUra="50" who="3" fromWho="0" sc="207,-26,210,0,353,0,220,36" /><INIT seed="3,0,0,4,1,34" ten="181,210,353,256" oya="3" hai0="129,102,8,110,21,67,59,98,35,119,113,31,55" hai1="71,97,5,85,46,37,61,109,126,66,28,62,73" hai2="48,68,75,117,26,132,127,104,64,101,82,92,74" hai3="20,54,81,95,87,106,134,0,52,56,118,105,114"/><W7/><G118/><T33/><D119/><U86/><E73/><V116/><F48/><W1/><G114/><T77/><D113/><U133/><E133/><V24/><F82/><W65/><G65/><T10/><D110/><U108/><E126/><V50/><F50/><W79/><G134/><T14/><D67/><U122/><E122/><V30/><F132/><W96/><G54/><T99/><D129/><U3/><E28/><V51/><F51/><W76/><G76/><T70/><D70/><U18/><E18/><V80/><F26/><W40/><G40/><T57/><D77/><U13/><E13/><V53/><F53/><W32/><G32/><T12/><D35/><U128/><E128/><V90/><F127/><W44/><G44/><T19/><D33/><U125/><E61/><V78/><F74/><W36/><G36/><T120/><D120/><U123/><E123/><V25/><F25/><W58/><G20/><T39/><D39/><U29/><E29/><V91/><F90/><N who="3" m="55415" /><G7/><T111/><D111/><N who="1" m="42571" /><E125/><V45/><F24/><W42/><G42/><T69/><D69/><U89/><E46/><V15/><F45/><W115/><G115/><T27/><D59/><U72/><E37/><V16/><F30/><W112/><G58/><T2/><D2/><N who="3" m="1129" /><G112/><T135/><D135/><U60/><E72/><V47/><F64/><W38/><G38/><T84/><D84/><N who="1" m="32363" /><E66/><V49/><F68/><W83/><G83/><T107/><D107/><U11/><E71/><V93/><F104/><W88/><G79/><T94/><D57/><U63/><E63/><V41/><F116/><RYUUKYOKU ba="0,0" sc="181,-15,210,15,353,-15,256,15" hai1="3,5,11,60,62,89,97" hai3="52,56,81,87,88,105,106" /><INIT seed="3,1,0,2,2,121" ten="166,225,338,271" oya="3" hai0="78,33,14,108,44,2,117,87,22,116,130,5,8" hai1="88,41,39,3,69,64,46,85,61,4,54,47,28" hai2="128,38,102,15,129,11,131,49,21,35,109,107,80" hai3="30,90,110,75,106,81,76,126,114,118,68,96,43"/><W79/><G68/><T62/><D130/><U9/><E28/><V92/><F107/><W20/><G43/><T6/><D33/><U0/><E47/><V97/><F35/><W132/><G20/><T101/><D101/><U63/><E63/><V52/><F38/><W16/><G16/><T50/><D62/><U135/><E135/><V1/><F80/><N who="3" m="45087" /><G30/><T24/><D2/><U91/><E54/><V120/><F120/><W93/><G114/><T73/><D5/><U12/><E91/><V25/><F1/><W99/><G132/><T29/><D73/><U17/><E17/><V48/><F109/><W19/><G19/><T122/><D108/><U27/><REACH who="1" step="1"/><E27/><REACH who="1" ten="166,215,338,271" step="2"/><V56/><F21/><W57/><G57/><T86/><D122/><U77/><E77/><V40/><F25/><W105/><G110/><T124/><D78/><U37/><E37/><V34/><F34/><W103/><G126/><T113/><D124/><U67/><E67/><V7/><F40/><W70/><G70/><T125/><D125/><U66/><E66/><V58/><F56/><W94/><G118/><T59/><D117/><U72/><E72/><AGARI ba="1,1" hai="72,79,81,90,93,94,96,99,103,105,106" m="45087" machi="72" ten="30,12000,1" yaku="35,5" doraHai="121" who="3" fromWho="1" sc="166,0,215,-123,338,0,271,133" /><INIT seed="3,2,0,5,5,127" ten="166,92,338,404" oya="3" hai0="48,113,97,104,54,98,46,135,37,34,5,50,91" hai1="79,19,101,60,17,51,130,100,0,2,28,125,107" hai2="124,64,114,65,15,120,80,42,92,111,84,49,1" hai3="131,10,26,68,62,16,24,6,31,96,53,119,41"/><W52/><G119/><T63/><D135/><U25/><E125/><V8/><F1/><W3/><G41/><T71/><D113/><U22/><E130/><V78/><F111/><W110/><G131/><T33/><D5/><U55/><E79/><V88/><F124/><W61/><G110/><T45/><D37/><U83/><E83/><V66/><F120/><W82/><G82/><T117/><D117/><U93/><E107/><V95/><F114/><W103/><G24/><T30/><D91/><U14/><E60/><V69/><F69/><W109/><G109/><T128/><D128/><U115/><E115/><V90/><F90/><W72/><G72/><T89/><D89/><U81/><E81/><V70/><F70/><W85/><G85/><T56/><D71/><U18/><E2/><V40/><F49/><W13/><G62/><T58/><D30/><U121/><E0/><V87/><REACH who="2" step="1"/><F92/><REACH who="2" ten="166,92,328,404" step="2"/><W67/><G3/><T12/><D50/><U21/><E121/><V27/><F27/><W47/><G47/><T38/><D45/><N who="1" m="28143" /><E101/><V73/><F73/><W122/><G122/><T43/><D48/><U102/><E100/><V126/><F126/><W29/><G103/><T20/><D46/><U86/><E86/><V23/><F23/><W132/><G96/><AGARI ba="2,1" hai="14,17,18,19,21,22,25,28,93,96,102" m="28143" machi="96" ten="30,1000,0" yaku="8,1" doraHai="127" who="1" fromWho="3" sc="166,0,92,26,328,0,404,-16" /><INIT seed="4,0,0,4,4,63" ten="166,118,328,388" oya="0" hai0="46,41,4,39,125,11,19,0,131,112,57,40,134" hai1="83,15,61,73,67,17,34,12,116,99,124,37,28" hai2="92,70,48,9,74,132,21,128,3,114,103,22,16" hai3="55,123,96,84,18,43,95,109,56,133,101,118,87"/><T36/><D112/><U108/><E116/><V23/><F70/><W33/><G33/><T86/><D134/><U50/><E37/><V105/><F105/><W111/><G118/><T47/><D131/><U97/><E124/><V54/><F128/><W89/><G133/><T122/><D125/><U2/><E108/><V10/><F74/><W88/><G123/><T85/><D122/><U91/><E2/><V60/><F114/><W126/><G43/><T78/><D78/><U20/><E34/><V90/><F132/><W93/><G18/><T81/><D81/><U75/><E28/><V62/><F103/><W53/><G126/><T76/><D76/><U45/><E15/><N who="2" m="7287" /><F9/><W8/><G8/><T104/><D104/><U102/><E97/><N who="2" m="57495" /><F3/><W129/><G129/><T7/><D7/><U27/><E102/><V117/><F117/><W51/><REACH who="3" step="1"/><G53/><REACH who="3" ten="166,118,328,378" step="2"/><T24/><REACH who="0" step="1"/><D57/><AGARI ba="0,1" hai="21,22,23,48,54,57,60,62" m="57495,7287" machi="57" ten="30,2000,0" yaku="8,1,54,1" doraHai="63" who="2" fromWho="0" sc="166,-20,118,0,328,30,378,0" /><INIT seed="5,0,0,1,1,107" ten="146,118,358,378" oya="1" hai0="77,122,16,35,57,132,12,62,79,37,89,51,33" hai1="100,31,128,2,17,61,74,60,76,92,11,115,126" hai2="111,94,127,30,124,47,48,101,93,105,70,65,66" hai3="72,1,133,42,18,56,54,53,34,69,21,86,96"/><U15/><E115/><V78/><F78/><W84/><G69/><T135/><D37/><U26/><E128/><V29/><F111/><W130/><G34/><N who="0" m="12811" /><D51/><U58/><E126/><N who="2" m="48171" /><F105/><W63/><G1/><T44/><D44/><U3/><E61/><N who="2" m="40239" /><F66/><W90/><G96/><T8/><D89/><U41/><E41/><N who="2" m="24687" /><F94/><W75/><G84/><T85/><D85/><U55/><E92/><V73/><F73/><W95/><G130/><T103/><D103/><U87/><E100/><V71/><F71/><W0/><G0/><T14/><D14/><U81/><REACH who="1" step="1"/><E87/><REACH who="1" ten="146,108,358,378" step="2"/><V27/><F93/><W7/><G86/><T125/><D125/><U25/><E25/><V129/><F101/><W109/><G42/><T28/><D122/><U50/><E50/><V46/><F129/><W68/><G63/><T117/><D117/><U45/><E45/><V36/><F27/><W52/><G95/><T4/><D62/><U99/><E99/><V83/><F83/><W88/><G109/><T20/><D79/><U43/><E43/><AGARI ba="0,1" hai="29,30,36,43,46" m="24687,40239,48171" machi="43" ten="30,1000,0" yaku="18,1" doraHai="107" who="2" fromWho="1" sc="146,0,108,-10,358,20,378,0" /><INIT seed="6,0,0,0,5,13" ten="146,98,378,378" oya="2" hai0="96,79,87,6,36,12,112,24,73,51,93,11,78" hai1="122,42,43,133,16,131,119,28,86,7,68,18,117" hai2="97,98,127,114,52,60,123,62,90,116,21,15,57" hai3="39,5,40,20,128,53,67,37,94,35,27,38,45"/><V34/><F34/><W69/><G35/><T2/><D112/><U26/><E122/><V77/><F123/><W66/><G5/><T58/><D36/><U121/><E68/><V82/><F114/><W32/><G32/><T50/><D73/><U59/><E121/><V65/><F116/><W47/><G94/><T25/><D2/><U124/><E7/><V70/><F127/><W22/><G22/><T76/><D87/><U10/><E124/><V95/><F98/><W56/><G128/><T8/><D8/><U48/><E131/><V102/><F102/><W0/><G0/><T113/><D113/><U83/><E133/><V31/><F31/><W61/><G67/><T88/><REACH who="0" step="1"/><D58/><REACH who="0" ten="136,98,378,378" step="2"/><U4/><E119/><V104/><F104/><W99/><G39/><T129/><D129/><U71/><E117/><V101/><F101/><W108/><G38/><T89/><D89/><N who="1" m="51423" /><E71/><V85/><F21/><W134/><G134/><T72/><D72/><U100/><E100/><V103/><F103/><W115/><G115/><T29/><D29/><U54/><E10/><V75/><F75/><W126/><G126/><T74/><D74/><U19/><E4/><V81/><F82/><W106/><G37/><T64/><D64/><U125/><E125/><V46/><REACH who="2" step="1"/><F15/><REACH who="2" ten="136,98,368,378" step="2"/><W91/><G20/><AGARI ba="0,2" hai="16,18,19,20,26,28,42,43,48,54,59" m="51423" machi="20" ten="30,8000,1" yaku="8,1,52,3,54,1" doraHai="13" who="1" fromWho="3" sc="136,0,98,100,368,0,378,-80" /><INIT seed="7,0,0,1,2,30" ten="136,198,368,298" oya="3" hai0="68,38,110,134,75,69,123,77,2,23,133,6,27" hai1="41,118,21,85,31,120,94,70,62,29,17,24,15" hai2="76,74,125,97,103,82,73,83,131,18,104,87,34" hai3="25,95,10,11,5,71,122,63,100,135,52,19,130"/><W33/><G122/><T86/><D123/><U26/><E118/><V114/><F114/><W44/><G130/><T22/><D38/><U37/><E37/><V111/><F131/><W88/><G135/><T42/><D110/><U0/><E0/><V61/><F111/><W40/><G100/><T92/><D42/><U106/><E106/><V43/><F125/><W107/><G107/><T109/><D109/><U91/><E41/><V51/><F61/><W117/><G117/><T50/><D75/><U67/><E120/><V16/><F34/><W66/><G40/><T36/><D36/><U115/><E115/><V55/><F43/><W132/><G132/><T99/><D50/><U12/><E17/><V28/><F28/><W78/><G78/><T89/><D6/><U128/><E128/><V4/><F4/><W72/><G72/><T101/><D2/><U129/><E129/><V9/><F9/><W56/><G5/><T124/><D77/><U90/><E90/><V1/><F1/><W96/><G71/><T32/><D124/><U54/><E54/><V3/><F3/><W60/><G33/><AGARI ba="0,0" hai="12,15,21,24,26,29,31,33,62,67,70,85,91,94" machi="33" ten="30,2000,0" yaku="7,1,52,1" doraHai="30" who="1" fromWho="3" sc="136,0,198,20,368,0,298,-20" owari="136,-36.0,218,-18.0,368,46.0,278,8.0" /></mjloggm>