<mjloggm ver="2.3"><GO type="97" lobby="0"/><UN n0="%67%61%72%75%63%69%61" n1="%E3%82%A6%E3%83%AB%E3%83%88%E3%83%A9%E7%AB%8B%E7%9B%B4" n2="%73%65%61%2D%6D%61%6E%32" n3="%E9%99%8D%E3%82%8A%E6%89%93%E3%81%A1%E3%82%AF%E3%83%B3" dan="13,15,14,15" rate="1891.13,1966.49,1949.93,1977.38" sx="M,M,M,M"/><TAIKYOKU oya="0"/><INIT seed="0,0,0,2,5,129" ten="250,250,250,250" oya="0" hai0="109,38,75,33,26,25,51,44,15,55,23,131,103" hai1="27,50,114,66,64,63,105,13,10,99,39,115,43" hai2="98,92,34,3,70,95,9,126,28,30,62,74,110" hai3="4,37,96,21,111,17,8,56,81,22,69,45,122"/><T124/><D75/><U127/><E39/><V79/><F110/><W29/><G69/><T47/><D131/><U87/><E127/><V104/><F126/><W76/><G111/><T14/><D124/><U120/><E120/><V57/><F70/><W16/><G122/><T118/><D109/><U119/><E63/><V19/><F34/><W82/><G96/><T91/><D103/><N who="1" m="62719" /><E27/><V5/><F104/><W121/><G121/><T80/><D118/><U65/><E87/><V46/><F46/><W117/><G117/><T67/><D67/><U40/><E50/><V52/><F79/><W0/><G56/><T100/><D100/><U61/><E61/><V102/><F74/><N who="3" m="43159" /><G82/><T11/><D33/><U35/><E35/><V88/><REACH who="2" step="1"/><F19/><REACH who="2" ten="250,250,240,250" step="2"/><W123/><G123/><T132/><D47/><U31/><E119/><V135/><F135/><W36/><G36/><T89/><D132/><U71/><E71/><V84/><AGARI ba="0,1" hai="3,5,9,28,30,52,57,62,84,88,92,95,98,102" machi="84" ten="20,8000,1" yaku="1,1,0,1,7,1,54,2,53,0" doraHai="129" doraHaiUra="125" who="2" fromWho="2" sc="250,-40,250,-20,240,90,250,-20" /><INIT seed="1,0,0,0,0,88" ten="210,230,330,230" oya="1" hai0="67,86,102,18,12,94,80,7,120,65,26,62,9" hai1="128,54,57,117,118,41,47,121,71,39,19,50,25" hai2="129,3,33,20,49,95,60,36,31,0,52,56,10" hai3="124,115,84,24,45,109,4,105,66,58,63,101,82"/><U34/><E34/><V29/><F129/><W133/><G115/><T85/><D120/><U103/><E121/><V97/><F36/><W113/><G113/><T27/><D67/><U112/><E112/><V130/><F130/><W32/><G109/><T6/><D6/><U23/><E128/><V76/><F76/><W111/><G111/><T21/><D27/><U2/><E2/><V30/><F33/><W15/><G124/><T108/><D108/><U35/><E35/><V22/><F3/><W40/><G133/><T77/><D102/><U98/><REACH who="1" step="1"/><E71/><REACH who="1" ten="210,220,330,230" step="2"/><V126/><F0/><W106/><G32/><T8/><D8/><U93/><AGARI ba="0,1" hai="19,23,25,39,41,47,50,54,57,93,98,103,117,118" machi="93" ten="20,12000,1" yaku="1,1,2,1,0,1,7,1,52,1,53,0" doraHai="88" doraHaiUra="87" who="1" fromWho="1" sc="210,-40,220,130,330,-40,230,-40" /><INIT seed="1,1,0,1,4,28" ten="170,350,290,190" oya="1" hai0="101,105,16,108,98,0,35,130,73,52,120,50,104" hai1="99,71,47,46,66,58,22,3,38,77,126,121,88" hai2="117,87,56,55,118,25,86,41,89,32,107,59,36" hai3="102,17,65,9,64,116,84,37,61,4,70,90,81"/><U131/><E71/><V111/><F107/><W74/><G37/><T82/><D0/><U14/><E3/><V113/><F36/><W20/><G116/><T29/><D108/><U23/><E77/><V13/><F41/><W92/><G64/><T67/><D67/><U97/><E38/><V106/><F106/><W49/><G49/><T24/><D120/><U94/><E121/><V12/><F111/><W91/><G74/><T43/><D43/><U34/><E34/><V57/><F113/><W62/><G62/><T68/><D68/><U80/><E80/><V27/><F55/><W72/><G72/><T15/><D130/><U110/><E131/><V21/><F32/><W11/><G102/><T45/><D82/><U115/><E115/><V63/><F63/><W5/><G5/><T112/><D73/><U1/><E66/><V42/><F42/><W39/><G39/><T109/><D109/><U40/><E40/><V100/><F100/><W135/><G4/><T53/><D112/><U96/><E47/><V127/><F127/><W51/><G51/><T6/><D6/><U123/><E46/><V76/><F76/><W18/><G135/><T114/><D114/><U54/><E126/><V93/><F86/><W95/><G81/><T69/><D69/><U132/><E132/><V79/><F79/><W19/><REACH who="3" step="1"/><G20/><REACH who="3" ten="170,350,290,180" step="2"/><T124/><D124/><U30/><E23/><V103/><F103/><W48/><G48/><T134/><D134/><U2/><E22/><V129/><F129/><W7/><G7/><T78/><D78/><U44/><E110/><V8/><F8/><RYUUKYOKU ba="1,1" sc="170,-10,350,-10,290,-10,180,30" hai3="9,11,17,18,19,61,65,70,84,90,91,92,95" /><INIT seed="2,2,1,1,3,13" ten="160,340,280,210" oya="2" hai0="50,63,131,73,57,98,36,116,22,123,90,129,53" hai1="51,101,54,31,108,119,64,58,61,66,11,68,127" hai2="32,79,43,59,47,92,105,99,62,72,6,48,23" hai3="0,115,85,12,52,112,42,107,26,128,111,19,25"/><V7/><F32/><W35/><G107/><T4/><D36/><U117/><E31/><V45/><F105/><W76/><G0/><T134/><D123/><U5/><E101/><V113/><F113/><N who="3" m="43595" /><G42/><T118/><D73/><U89/><E127/><V103/><F79/><W56/><G111/><T94/><D4/><U132/><E108/><V104/><F72/><W71/><G71/><T21/><D134/><U87/><E66/><V70/><F70/><W1/><G1/><T84/><D98/><U122/><E122/><V41/><F104/><W27/><G128/><N who="0" m="49227" /><D63/><U109/><E132/><V114/><F114/><W78/><G35/><T34/><D34/><U10/><E109/><V55/><F23/><AGARI ba="2,1" hai="21,22,23,50,53,57,84,90,94,116,118" m="49227" machi="23" ten="30,1000,0" yaku="19,1" doraHai="13" who="0" fromWho="2" sc="160,26,340,0,280,-16,210,0" /><INIT seed="3,0,0,1,5,107" ten="186,340,264,210" oya="3" hai0="37,90,103,4,46,56,119,112,134,70,64,7,82" hai1="19,126,78,13,68,114,127,60,131,34,95,59,122" hai2="2,79,121,57,45,77,1,40,0,61,58,51,31" hai3="75,17,25,85,93,28,16,33,125,3,43,12,106"/><W72/><G106/><T42/><D119/><U117/><E34/><V54/><F121/><W124/><G3/><T115/><D103/><U130/><E68/><V23/><F31/><W38/><G38/><T65/><D134/><U88/><E78/><V18/><REACH who="2" step="1"/><F58/><REACH who="2" ten="186,340,254,210" step="2"/><W100/><G124/><T69/><D56/><U94/><E122/><V97/><F97/><W83/><G125/><T55/><D7/><U63/><E117/><V71/><F71/><N who="0" m="27146" /><D4/><U5/><E114/><N who="0" m="43561" /><D90/><U110/><E59/><V101/><F101/><W32/><G100/><T118/><D82/><U39/><E88/><V129/><F129/><W104/><G83/><T11/><D11/><U14/><E5/><V49/><F49/><W22/><G104/><T73/><D73/><U120/><E120/><V20/><F20/><W50/><G72/><T89/><D118/><U109/><E39/><V9/><F9/><W10/><G75/><T41/><D89/><U62/><E62/><V8/><F8/><W24/><G50/><N who="0" m="29143" /><D37/><U6/><E6/><V44/><F44/><W36/><G36/><T80/><D80/><U87/><E19/><V91/><F91/><N who="3" m="53487" /><G43/><AGARI ba="0,1" hai="41,42,43,64,65" m="29143,43561,27146" machi="43" ten="30,3900,0" yaku="11,1,34,2" doraHai="107" who="0" fromWho="3" sc="186,49,340,0,254,0,210,-39" owari="235,-16.0,340,44.0,254,5.0,171,-33.0" /></mjloggm>