<mjloggm ver="2.3"><GO type="97" lobby="0"/><UN n0="%63%68%69%62%61%30" n1="%E3%83%AA%E3%83%AA%E3%82%A2" n2="%E3%81%BF%E3%82%84%E3%81%AA%E3%81%8C%E2%98%86%E3%81%95%E3%81%8D" n3="%E3%82%A6%E3%83%AB%E3%83%88%E3%83%A9%E7%AB%8B%E7%9B%B4" dan="13,14,15,15" rate="1814.71,1901.42,2034.26,2008.03" sx="M,M,M,M"/><TAIKYOKU oya="0"/><INIT seed="0,0,0,0,2,7" ten="250,250,250,250" oya="0" hai0="48,73,8,49,15,118,28,63,107,34,40,74,43" hai1="109,72,33,21,44,27,82,112,36,69,58,19,22" hai2="113,50,1,38,132,83,102,131,81,13,47,66,31" hai3="75,92,57,89,4,3,106,62,84,30,133,86,71"/><T95/><D107/><U0/><E69/><V10/><F113/><W79/><G106/><T105/><D105/><U24/><E33/><V94/><F38/><W53/><G71/><T114/><D114/><U99/><E112/><V116/><F1/><W115/><G115/><T100/><D118/><U23/><E99/><V12/><F131/><W80/><G133/><T130/><D130/><U2/><E109/><V98/><F132/><W5/><G3/><T55/><D74/><U111/><E58/><V46/><F31/><W41/><G75/><T129/><D73/><U87/><E111/><V67/><F116/><W39/><G39/><T90/><D100/><U76/><E72/><V68/><F13/><W14/><G41/><N who="0" m="15947" /><D28/><U135/><E135/><V37/><F37/><W29/><G5/><N who="0" m="3471" /><D34/><U123/><E123/><V108/><F108/><W77/><G77/><T78/><D78/><U117/><E117/><V42/><F47/><W124/><G124/><T35/><D35/><U17/><E36/><V45/><F45/><W122/><G122/><T6/><D6/><U32/><E44/><V64/><REACH who="2" step="1"/><F68/><REACH who="2" ten="250,250,240,250" step="2"/><W60/><G30/><T52/><D129/><U91/><E32/><V70/><F70/><W25/><G29/><T59/><D55/><U126/><E126/><V103/><F103/><W104/><G14/><T101/><D101/><U96/><E22/><V18/><AGARI ba="0,1" hai="10,12,18,42,46,50,64,66,67,81,83,94,98,102" machi="18" ten="30,7900,0" yaku="1,1,0,1,8,1,52,1,53,0" doraHai="7" doraHaiUra="121" who="2" fromWho="2" sc="250,-39,250,-20,240,89,250,-20" /><INIT seed="1,0,0,2,1,57" ten="211,230,329,230" oya="1" hai0="38,126,102,133,106,96,35,31,16,110,29,125,4" hai1="73,71,47,46,52,115,81,127,53,103,10,20,56" hai2="92,131,12,41,85,105,122,48,116,1,43,22,80" hai3="61,23,132,100,93,18,101,108,87,55,67,50,27"/><U2/><E71/><V69/><F105/><W78/><G132/><T5/><D133/><U28/><E115/><V112/><F116/><W120/><G120/><T39/><D110/><U54/><E127/><N who="0" m="48649" /><D16/><U74/><E103/><V82/><F122/><W79/><G108/><T118/><D118/><U33/><E33/><V90/><F131/><W77/><G87/><T9/><D35/><U62/><E2/><V128/><F128/><W94/><G100/><T119/><D119/><U121/><E121/><V109/><F109/><W49/><G101/><T58/><D58/><U24/><E10/><V70/><F112/><W15/><G15/><N who="0" m="5543" /><D5/><U104/><E104/><V45/><F1/><W14/><G14/><T134/><D134/><U19/><E28/><AGARI ba="0,0" hai="28,29,31,38,39,96,102,106" m="5543,48649" machi="28" ten="30,1000,0" yaku="18,1" doraHai="57" who="0" fromWho="1" sc="211,10,230,-10,329,0,230,0" /><INIT seed="2,0,0,4,2,31" ten="221,220,329,230" oya="2" hai0="1,50,21,44,119,60,108,37,10,13,45,18,89" hai1="93,16,73,97,67,70,113,53,57,72,87,42,20" hai2="19,75,111,25,7,68,63,5,122,127,54,76,129" hai3="82,39,104,59,96,116,81,33,58,133,77,0,130"/><V123/><F127/><W84/><G39/><T128/><D108/><U69/><E113/><V11/><F75/><W43/><G0/><T120/><D120/><U131/><E42/><V124/><F76/><W15/><G116/><T94/><D119/><U121/><E131/><V32/><F124/><W27/><G130/><T125/><D125/><U118/><E121/><V114/><F129/><W12/><G133/><T80/><D80/><U46/><E118/><V105/><F114/><W52/><G43/><T78/><D78/><U56/><E46/><V62/><F105/><W8/><G59/><T135/><D128/><U102/><E73/><V55/><F11/><W134/><G82/><T98/><D135/><U126/><E72/><V83/><F83/><W4/><G134/><T6/><D37/><U36/><E36/><V51/><F19/><W49/><G15/><T95/><D60/><U101/><E126/><V17/><F17/><W92/><G104/><T2/><D2/><U74/><E74/><V22/><F25/><W106/><G106/><T9/><D9/><U30/><E30/><V61/><F51/><W71/><G71/><T107/><D107/><U85/><E70/><V14/><F68/><W99/><REACH who="3" step="1"/><G92/><REACH who="3" ten="221,220,329,220" step="2"/><T41/><D95/><U88/><E69/><V66/><F14/><W48/><G48/><T64/><D50/><N who="1" m="30775" /><E57/><V47/><F122/><W90/><G90/><T23/><D13/><N who="1" m="9231" /><E67/><V29/><F66/><W38/><G38/><T86/><D64/><U110/><E110/><V28/><F111/><W100/><G100/><AGARI ba="0,1" hai="85,87,88,93,97,100,101,102" m="9231,30775" machi="100" ten="30,3900,0" yaku="8,1,54,2" doraHai="31" who="1" fromWho="3" sc="221,0,220,49,329,0,220,-39" /><INIT seed="3,0,0,3,5,131" ten="221,269,329,181" oya="3" hai0="62,50,42,135,107,45,95,30,58,134,33,91,73" hai1="116,80,108,43,77,85,97,109,52,51,105,101,86" hai2="3,98,121,47,31,124,4,13,25,0,49,88,66" hai3="82,39,9,17,60,117,63,76,67,133,6,100,72"/><W22/><G117/><T83/><D107/><U110/><E43/><V5/><F66/><W15/><G133/><N who="0" m="50699" /><D30/><U28/><E28/><V46/><F13/><W129/><G129/><T102/><D33/><U125/><E125/><V92/><F124/><W84/><G39/><T64/><D102/><U36/><E36/><V115/><F115/><W127/><G127/><T103/><D103/><U34/><E34/><V41/><F47/><W16/><G100/><T59/><D59/><U14/><E14/><V53/><F31/><W106/><G106/><T132/><D132/><U96/><E96/><V78/><F98/><W112/><G112/><T44/><D44/><U99/><E99/><V130/><F46/><W26/><G72/><T94/><D91/><U69/><E69/><V1/><F88/><W71/><REACH who="3" step="1"/><G63/><REACH who="3" ten="221,269,329,171" step="2"/><T61/><D61/><U87/><REACH who="1" step="1"/><E116/><REACH who="1" ten="221,259,329,171" step="2"/><V74/><F130/><W8/><G8/><T120/><D120/><U104/><E104/><V18/><F121/><W32/><G32/><T29/><D29/><AGARI ba="0,2" hai="6,9,15,16,17,22,26,29,60,67,71,76,82,84" machi="29" ten="30,5800,0" yaku="1,1,7,1,54,1,53,0" doraHai="131" doraHaiUra="126" who="3" fromWho="0" sc="221,-58,259,0,329,0,171,78" /><INIT seed="3,1,0,5,2,59" ten="163,259,329,249" oya="3" hai0="23,87,74,37,29,128,124,24,106,80,41,84,110" hai1="115,18,43,50,46,95,58,102,60,3,117,25,26" hai2="114,44,5,32,57,21,78,38,130,116,105,67,94" hai3="73,134,30,82,127,27,51,70,81,16,0,96,91"/><W88/><G0/><T48/><D106/><U49/><E115/><V104/><F32/><W75/><G70/><T89/><D110/><U86/><E117/><V107/><F114/><W71/><G71/><T119/><D119/><U108/><E3/><V113/><F113/><W65/><G65/><T133/><D124/><U13/><E108/><V68/><F68/><W69/><G69/><T99/><D128/><U103/><E50/><V83/><F116/><W98/><G51/><T6/><D133/><U66/><E103/><V45/><F94/><W61/><G30/><T12/><D37/><U39/><E39/><V20/><F5/><W79/><G27/><T111/><D111/><U42/><E42/><V15/><F130/><W1/><G1/><T85/><D74/><U131/><E131/><V7/><F7/><W97/><G16/><T36/><D36/><U109/><E109/><V55/><F67/><W77/><G61/><T118/><D118/><U90/><REACH who="1" step="1"/><E102/><REACH who="1" ten="163,249,329,249" step="2"/><V52/><F38/><W120/><G134/><T40/><D40/><U112/><E112/><V101/><F101/><W35/><G35/><T47/><REACH who="0" step="1"/><D99/><REACH who="0" ten="153,249,329,249" step="2"/><U62/><E62/><N who="2" m="36135" /><F104/><W64/><G127/><T72/><D72/><U126/><E126/><V132/><F107/><W34/><G97/><T92/><D92/><U2/><E2/><V63/><F105/><W76/><G98/><T31/><D31/><U33/><E33/><V11/><F63/><W28/><G96/><T10/><AGARI ba="1,2" hai="6,10,12,23,24,29,41,47,48,80,84,85,87,89" machi="10" ten="30,7900,0" yaku="1,1,0,1,8,1,53,1" doraHai="59" doraHaiUra="17" who="0" fromWho="0" sc="153,102,249,-21,329,-21,249,-40" owari="255,6.0,228,-17.0,308,40.0,209,-29.0" /></mjloggm>