<mjloggm ver="2.3"><GO type="97" lobby="0"/><UN n0="%E7%89%9B%E4%B9%B3%E4%B8%80%E6%B0%97%E9%A3%B2%E3%81%BF" n1="%E8%B6%85%E7%B5%B6%E3%81%9C%E3%82%93%E3%81%A4" n2="%E5%AE%B5%E9%97%87%E5%B0%86%E8%BB%8D" n3="%E3%82%A6%E3%83%AB%E3%83%88%E3%83%A9%E7%AB%8B%E7%9B%B4" dan="15,14,14,15" rate="1973.45,1989.46,1902.82,1988.68" sx="M,M,M,M"/><TAIKYOKU oya="0"/><INIT seed="0,0,0,2,4,92" ten="250,250,250,250" oya="0" hai0="126,62,113,44,97,4,1,41,100,7,116,80,79" hai1="50,78,122,25,52,60,76,87,47,46,36,112,19" hai2="65,128,68,120,123,130,109,74,118,61,30,27,35" hai3="71,37,132,49,5,82,26,135,2,67,91,103,127"/><T70/><D113/><U84/><E122/><V119/><F74/><W129/><G37/><T15/><D116/><N who="2" m="44586" /><F109/><W102/><G5/><T48/><D126/><U32/><E112/><V9/><F9/><W12/><G2/><T29/><D1/><U53/><E32/><V18/><F18/><W58/><G12/><T104/><D29/><U6/><E6/><V56/><F56/><W54/><G26/><T106/><D106/><U13/><E25/><V0/><F0/><W95/><G127/><T121/><D121/><AGARI ba="0,0" hai="27,30,35,61,65,68,120,121,123,128,130" m="44586" machi="121" ten="30,2000,0" yaku="12,1,23,1" doraHai="92" who="2" fromWho="0" sc="250,-20,250,0,250,20,250,0" /><INIT seed="1,0,0,2,3,105" ten="230,250,270,250" oya="1" hai0="115,106,110,75,48,95,119,126,68,128,121,87,7" hai1="56,81,108,61,130,30,55,27,36,103,43,0,62" hai2="1,86,117,44,63,3,94,125,50,26,49,90,8" hai3="21,38,92,39,42,98,124,72,78,45,33,24,35"/><U97/><E0/><V40/><F117/><W99/><G124/><T77/><RYUUKYOKU type="yao9" ba="0,0" sc="230,0,250,0,270,0,250,0" hai0="7,48,68,75,77,87,95,106,110,115,119,121,126,128" /><INIT seed="1,1,0,2,5,133" ten="230,250,270,250" oya="1" hai0="26,66,17,135,114,30,81,43,21,3,101,45,19" hai1="93,20,125,85,23,131,40,76,117,96,105,7,70" hai2="67,50,25,53,77,91,22,109,65,44,110,42,33" hai3="124,39,115,95,1,132,123,112,28,16,54,102,24"/><U90/><E117/><V46/><F33/><W98/><G123/><T111/><D114/><U119/><E119/><V38/><F77/><W86/><G1/><T103/><D135/><U108/><E70/><V107/><F107/><W82/><G39/><T116/><D116/><U120/><E120/><V51/><F91/><W11/><G132/><T41/><D3/><U18/><E7/><V134/><F134/><W27/><G54/><T99/><D111/><N who="2" m="42506" /><F22/><W118/><G124/><T89/><D66/><N who="2" m="25098" /><F25/><W49/><G49/><AGARI ba="1,0" hai="38,42,44,46,49,50,51,53" m="25098,42506" machi="49" ten="30,3900,0" yaku="14,1,34,2" doraHai="133" who="2" fromWho="3" sc="230,0,250,0,270,42,250,-42" /><INIT seed="2,0,0,4,3,71" ten="230,250,312,208" oya="2" hai0="109,65,69,103,59,17,5,84,72,74,90,25,41" hai1="105,7,73,37,68,85,23,11,60,77,99,92,19" hai2="20,95,83,13,96,94,110,127,32,88,64,82,36" hai3="34,100,29,107,108,91,3,66,116,21,4,1,102"/><V15/><F32/><W62/><G108/><T45/><D109/><U119/><E119/><V53/><F110/><W122/><G122/><T6/><D69/><U43/><E73/><V28/><F127/><W8/><G116/><T93/><D72/><U101/><E68/><V10/><F64/><W52/><G3/><T111/><D74/><U89/><E60/><V54/><F36/><W134/><G134/><T135/><D135/><U42/><E77/><V131/><F131/><W18/><G107/><T24/><D111/><U121/><E121/><V112/><F112/><W113/><G66/><T14/><D103/><U133/><E133/><V81/><F28/><W56/><G91/><T75/><D75/><U130/><E37/><V123/><F123/><W44/><G44/><T63/><D5/><U46/><E46/><V76/><F95/><W57/><G57/><T98/><D6/><U114/><E130/><V9/><F76/><W27/><REACH who="3" step="1"/><G113/><REACH who="3" ten="230,250,312,198" step="2"/><T120/><D120/><U51/><E114/><V31/><F31/><W47/><G47/><T0/><D0/><U97/><E43/><V67/><F67/><W128/><G128/><T35/><D35/><U117/><E117/><V33/><F33/><W125/><G125/><T129/><D129/><U106/><E106/><V50/><F20/><W2/><G2/><T80/><D45/><U78/><E105/><V38/><F38/><W48/><G48/><T132/><D41/><U12/><E51/><V22/><F22/><W126/><G126/><T118/><D118/><U86/><E42/><V124/><F124/><W30/><G30/><RYUUKYOKU ba="0,1" sc="230,-10,250,-10,312,-10,198,30" hai3="1,4,8,18,21,27,29,34,52,56,62,100,102" /><INIT seed="3,1,1,2,0,78" ten="220,240,302,228" oya="3" hai0="65,85,48,94,56,84,111,102,104,9,23,17,15" hai1="59,8,49,90,19,44,118,4,87,73,68,74,35" hai2="115,55,37,24,126,2,95,18,97,131,36,63,5" hai3="107,134,106,53,7,29,101,32,116,43,105,130,46"/><W33/><G116/><T110/><D104/><U64/><E68/><V54/><F115/><W122/><G122/><T108/><D102/><U34/><E118/><V82/><F131/><W98/><G130/><T31/><D94/><U88/><E19/><V10/><F126/><W123/><G123/><T80/><D85/><U38/><E38/><V51/><F63/><W60/><G134/><T30/><D23/><U0/><E73/><V41/><F41/><W42/><G42/><T79/><D48/><U28/><E74/><V75/><F55/><W127/><G127/><T112/><D112/><U135/><E135/><V67/><F67/><W61/><G7/><T83/><REACH who="0" step="1"/><D80/><REACH who="0" ten="210,240,302,228" step="2"/><U109/><E49/><V72/><F37/><N who="3" m="21871" /><G61/><AGARI ba="1,2" hai="9,15,17,30,31,56,61,65,79,83,84,108,110,111" machi="61" ten="40,5200,0" yaku="1,1,14,1,52,1,53,0" doraHai="78" doraHaiUra="113" who="0" fromWho="3" sc="210,75,240,0,302,0,228,-55" owari="285,9.0,240,-16.0,302,40.0,173,-33.0" /></mjloggm>