<mjloggm ver="2.3"><GO type="97" lobby="0"/><UN n0="%E3%82%A6%E3%83%AB%E3%83%88%E3%83%A9%E7%AB%8B%E7%9B%B4" n1="%E5%BE%8C%E6%82%94" n2="%52%75%44%2D%41" n3="%50%2E%4B%61%70%61%73" dan="15,13,15,15" rate="1976.19,1975.69,1908.39,1977.67" sx="M,M,F,F"/><TAIKYOKU oya="0"/><INIT seed="0,0,0,5,0,59" ten="250,250,250,250" oya="0" hai0="132,12,16,82,80,24,105,14,6,37,52,21,117" hai1="39,26,119,23,58,129,103,68,89,71,7,77,18" hai2="112,17,47,124,36,128,48,38,98,78,123,55,15" hai3="121,100,108,35,28,118,2,54,126,63,67,76,133"/><T53/><D105/><U40/><E119/><V97/><F123/><W134/><G118/><T22/><D37/><U8/><E103/><V43/><F112/><W99/><G121/><T74/><D132/><N who="3" m="50793" /><G108/><T42/><D42/><U33/><E33/><V106/><F124/><W41/><G126/><T50/><D74/><U90/><E77/><V83/><F128/><W51/><G2/><T95/><D95/><U1/><E58/><V29/><F29/><W11/><G76/><T79/><D117/><U115/><E129/><V84/><F106/><N who="3" m="63775" /><G11/><N who="0" m="4215" /><D79/><U116/><E116/><V102/><F102/><W62/><G41/><T4/><D4/><U49/><E49/><V73/><F73/><W19/><G19/><N who="0" m="10487" /><D53/><U85/><E115/><V93/><F93/><W101/><G101/><T44/><AGARI ba="0,0" hai="16,22,24,44,50,52,80,82" m="10487,4215" machi="44" ten="30,6000,0" yaku="8,1,54,2" doraHai="59" who="0" fromWho="0" sc="250,60,250,-20,250,-20,250,-20" /><INIT seed="0,1,0,4,4,132" ten="310,230,230,230" oya="0" hai0="133,117,38,24,116,19,90,98,114,13,20,102,46" hai1="17,112,108,34,109,62,131,129,118,49,41,18,21" hai2="82,52,83,66,39,75,29,48,99,130,43,134,72" hai3="1,76,96,3,50,16,0,115,44,7,70,89,88"/><T69/><D69/><U78/><E78/><V60/><F134/><W106/><G115/><T28/><D133/><U45/><E34/><V51/><F130/><N who="1" m="49673" /><E118/><V128/><F128/><W124/><G70/><T84/><D114/><U111/><E112/><V33/><F33/><W22/><G76/><T54/><D38/><U67/><E21/><V30/><F99/><W65/><G7/><T27/><D27/><U36/><E36/><V105/><F105/><W8/><G8/><T94/><D46/><U87/><E87/><V63/><F39/><W125/><G65/><T97/><D54/><U59/><AGARI ba="1,0" hai="17,18,41,45,49,59,62,67,108,109,111" m="49673" machi="59" ten="40,2700,0" yaku="14,1,19,1" doraHai="132" who="1" fromWho="1" sc="310,-14,230,30,230,-8,230,-8" /><INIT seed="1,0,0,5,2,17" ten="296,260,222,222" oya="1" hai0="67,29,15,66,82,42,113,64,87,49,47,72,22" hai1="6,25,3,73,26,74,52,134,24,81,131,31,11" hai2="118,114,124,105,115,30,96,122,79,32,41,135,38" hai3="35,62,95,19,48,9,2,88,54,75,76,0,57"/><U16/><E131/><V109/><RYUUKYOKU type="yao9" ba="0,0" sc="296,0,260,0,222,0,222,0" hai2="30,32,38,41,79,96,105,109,114,115,118,122,124,135" /><INIT seed="1,1,0,0,5,101" ten="296,260,222,222" oya="1" hai0="129,105,110,67,71,69,45,50,91,3,127,19,38" hai1="2,17,26,23,121,55,30,96,76,24,87,16,35" hai2="82,37,15,39,65,75,80,123,7,20,56,108,66" hai3="131,73,74,115,125,14,84,64,93,5,109,107,78"/><U116/><E116/><V42/><F123/><W8/><G115/><T90/><D3/><U99/><E2/><V92/><F108/><W47/><G109/><T1/><D1/><U88/><E76/><V111/><F111/><W46/><G131/><T10/><D38/><U100/><E121/><V128/><F128/><W68/><G125/><T113/><D113/><U44/><E17/><N who="2" m="10303" /><F39/><W118/><G118/><T134/><D105/><U97/><E55/><V36/><F36/><W25/><G107/><T104/><D104/><U130/><E44/><V106/><F106/><W6/><G73/><T133/><D69/><U102/><REACH who="1" step="1"/><E130/><REACH who="1" ten="296,250,222,222" step="2"/><V59/><F42/><W11/><G46/><T54/><D129/><U79/><E79/><V48/><F37/><W103/><G47/><T29/><D110/><U12/><E12/><V0/><F0/><W43/><G78/><T60/><D127/><U63/><E63/><V32/><F65/><W85/><G14/><N who="0" m="7639" /><D29/><U9/><E9/><V4/><F66/><W70/><G11/><T124/><D124/><U117/><E117/><V119/><F119/><W58/><G8/><T114/><D114/><U61/><E61/><V13/><F13/><W120/><G64/><T112/><D112/><U21/><E21/><V94/><F7/><W72/><G5/><T33/><D33/><U77/><E77/><V40/><F4/><W95/><G6/><T81/><D81/><AGARI ba="1,1" hai="16,23,24,26,30,35,81,87,88,96,97,99,100,102" machi="81" ten="40,7700,0" yaku="1,1,54,2,53,0" doraHai="101" doraHaiUra="53" who="1" fromWho="0" sc="296,-80,250,90,222,0,222,0" /><INIT seed="1,2,0,4,5,18" ten="216,340,222,222" oya="1" hai0="35,105,0,113,13,119,103,31,71,1,96,106,123" hai1="42,48,114,91,116,40,134,90,45,74,60,37,17" hai2="128,47,122,28,77,9,131,133,124,43,115,57,11" hai3="132,50,36,73,126,81,10,65,88,30,44,102,38"/><U23/><E116/><V80/><F122/><W5/><G132/><T70/><D13/><U41/><E134/><V125/><F133/><W15/><G126/><N who="2" m="48745" /><F28/><W69/><G102/><T68/><D119/><U58/><E74/><N who="2" m="43063" /><F57/><W19/><G30/><T7/><D113/><U56/><E37/><N who="2" m="21999" /><F115/><W101/><G101/><T66/><D123/><U92/><E58/><V27/><F27/><W34/><G34/><T93/><D93/><U75/><E75/><V108/><F108/><W8/><G69/><T14/><D14/><N who="1" m="9655" /><E114/><V6/><F11/><W98/><G65/><T107/><D66/><N who="1" m="39175" /><E90/><V59/><F59/><W94/><G73/><T24/><REACH who="0" step="1"/><D1/><AGARI ba="2,0" hai="1,6,9,128,131" m="21999,43063,48745" machi="1" ten="30,3900,0" yaku="25,1,18,1,23,1" doraHai="18" who="2" fromWho="0" sc="216,-45,340,0,222,45,222,0" /><INIT seed="2,0,0,1,0,28" ten="171,340,267,222" oya="2" hai0="133,3,67,56,11,90,7,122,12,82,46,84,43" hai1="71,83,37,63,61,17,34,91,13,78,15,23,100" hai2="128,96,74,5,77,44,93,92,89,119,53,132,121" hai3="66,32,131,70,69,130,76,54,123,2,125,33,41"/><V27/><F119/><W124/><G123/><T115/><D133/><U99/><E37/><V108/><F121/><W40/><G2/><T42/><D115/><U75/><E34/><N who="3" m="13418" /><G76/><T127/><D122/><U107/><E71/><N who="3" m="27146" /><G54/><T55/><D127/><N who="3" m="48713" /><G66/><T52/><D3/><U114/><E114/><V29/><F53/><W4/><G4/><T59/><D67/><U110/><E110/><V58/><F108/><W24/><G24/><T87/><D87/><U14/><REACH who="1" step="1"/><E91/><REACH who="1" ten="171,330,267,222" step="2"/><V102/><F89/><W51/><G51/><T57/><REACH who="0" step="1"/><D43/><AGARI ba="0,1" hai="40,41,43,130,131" m="48713,27146,13418" machi="43" ten="40,12000,2" yaku="28,2,18,1,52,3" doraHai="28" who="3" fromWho="0" sc="171,-120,330,0,267,0,222,130" /><INIT seed="3,0,0,2,3,107" ten="51,330,267,352" oya="3" hai0="115,73,44,84,34,125,42,108,62,3,104,57,8" hai1="96,68,67,9,74,59,95,120,52,135,103,83,13" hai2="69,14,79,87,18,70,58,49,122,127,45,111,23" hai3="38,101,97,61,92,50,46,114,98,88,85,130,100"/><W105/><G114/><T22/><D34/><U1/><E1/><V30/><F111/><W129/><G38/><T94/><D104/><U33/><E33/><V26/><F127/><W93/><REACH who="3" step="1"/><G61/><REACH who="3" ten="51,330,267,342" step="2"/><T72/><D108/><U134/><E120/><V75/><F122/><W40/><AGARI ba="0,1" hai="40,46,50,85,88,92,93,97,98,100,101,105,129,130" machi="40" ten="30,11700,0" yaku="1,1,2,1,0,1,54,1,53,0" doraHai="107" doraHaiUra="77" who="3" fromWho="3" sc="51,-39,330,-39,267,-39,342,127" owari="12,-49.0,291,9.0,228,-17.0,469,57.0" /></mjloggm>