<mjloggm ver="2.3"><GO type="225" lobby="0"/><UN n0="%56%76%56%76%56" n1="%E3%82%A6%E3%83%AB%E3%83%88%E3%83%A9%E7%AB%8B%E7%9B%B4" n2="%E3%81%BE%E3%81%8A%E3%82%89%E3%82%93" n3="%E3%81%98%E3%82%83%E3%81%8C%E3%81%84%E3%82%82%E5%89%A3%E5%A3%AB" dan="16,16,17,17" rate="2045.19,2017.97,2164.59,2202.35" sx="M,M,F,M"/><TAIKYOKU oya="0"/><INIT seed="0,0,0,1,4,114" ten="250,250,250,250" oya="0" hai0="29,130,86,39,52,126,135,70,25,125,34,124,44" hai1="59,119,91,79,40,103,92,8,2,77,21,128,123" hai2="134,49,17,133,16,38,95,74,87,10,36,50,73" hai3="51,64,46,72,100,26,96,20,15,68,19,111,32"/><T99/><D70/><U9/><E123/><V11/><F95/><W106/><G72/><T97/><D135/><U30/><E40/><V62/><F87/><W0/><G0/><T22/><D130/><U90/><E2/><V81/><F62/><W67/><G111/><T94/><D39/><U27/><E128/><V48/><REACH who="2" step="1"/><F50/><REACH who="2" ten="250,250,240,250" step="2"/><W60/><G60/><T65/><D65/><U116/><E79/><V84/><F84/><W93/><G68/><T55/><D86/><U37/><E77/><V3/><F3/><W102/><G102/><T115/><D99/><U112/><E37/><V13/><F13/><W85/><G85/><T82/><D82/><AGARI ba="0,1" hai="10,11,16,17,36,38,48,49,73,74,81,82,133,134" machi="82" ten="25,6400,0" yaku="1,1,22,2,54,1,53,0" doraHai="114" doraHaiUra="75" who="2" fromWho="0" sc="250,-64,250,0,240,74,250,0" /><INIT seed="1,0,0,3,5,29" ten="186,250,314,250" oya="1" hai0="10,86,46,47,70,105,123,72,66,38,26,63,88" hai1="60,92,116,4,100,22,84,74,56,104,113,52,93" hai2="97,98,121,28,0,110,85,87,12,27,69,133,41" hai3="67,8,3,81,54,53,7,14,49,109,132,102,129"/><U18/><E74/><V106/><F0/><W36/><G36/><T55/><D72/><U134/><E116/><V127/><F69/><W77/><G109/><T95/><D123/><U1/><E113/><V51/><F121/><W65/><G129/><T16/><D105/><U89/><E134/><V79/><F106/><W107/><G132/><T99/><D38/><U59/><E104/><V71/><F71/><W17/><G102/><T83/><D55/><U33/><E33/><V112/><F110/><W50/><G50/><T75/><D75/><U11/><E100/><V120/><F51/><W119/><G119/><T76/><D10/><U135/><E135/><V13/><F41/><W61/><G61/><T101/><REACH who="0" step="1"/><D101/><REACH who="0" ten="176,250,314,250" step="2"/><U25/><REACH who="1" step="1"/><E59/><REACH who="1" ten="176,240,314,250" step="2"/><V73/><F73/><W96/><G107/><T130/><D130/><U15/><E15/><V23/><F13/><W40/><G14/><T82/><D82/><AGARI ba="0,2" hai="1,4,11,18,22,25,52,56,60,82,84,89,92,93" machi="82" ten="30,5800,0" yaku="1,1,7,1,54,1,53,0" doraHai="29" doraHaiUra="117" who="1" fromWho="0" sc="176,-58,240,78,314,0,250,0" /><INIT seed="1,1,0,1,3,28" ten="118,318,314,250" oya="1" hai0="1,67,12,40,70,97,111,36,10,99,79,45,114" hai1="128,101,64,3,117,44,62,27,132,118,122,72,35" hai2="90,32,74,46,77,105,73,42,41,86,127,116,94" hai3="120,23,87,21,83,20,7,123,39,76,103,125,30"/><U85/><E72/><V34/><F116/><W84/><G39/><T102/><D114/><U108/><E3/><V19/><F74/><W51/><G125/><T0/><D97/><U25/><E122/><V113/><F127/><W68/><G68/><T82/><D67/><U63/><E44/><V2/><F2/><W13/><G103/><T53/><D53/><U54/><E85/><V88/><F105/><W110/><G110/><T96/><D96/><U49/><E101/><V37/><F42/><W24/><G87/><T98/><D70/><U43/><E43/><V61/><F90/><W6/><G51/><T18/><D99/><U121/><E54/><V130/><F130/><W22/><REACH who="3" step="1"/><G13/><REACH who="3" ten="118,318,314,240" step="2"/><T115/><D111/><U15/><E49/><V69/><F113/><W65/><G65/><T59/><D115/><U14/><E64/><V80/><F69/><W16/><G16/><T109/><D109/><U133/><E108/><V33/><F61/><W129/><G129/><T81/><D102/><U89/><E121/><AGARI ba="1,1" hai="6,7,20,21,22,23,24,30,76,83,84,120,121,123" machi="121" ten="40,1300,0" yaku="1,1,53,0" doraHai="28" doraHaiUra="104" who="3" fromWho="1" sc="118,0,318,-16,314,0,240,26" /><INIT seed="2,0,0,5,1,37" ten="118,302,314,266" oya="2" hai0="14,90,64,113,58,95,103,118,29,59,35,25,17" hai1="77,134,87,109,33,131,122,63,78,82,15,67,8" hai2="80,130,97,6,26,45,60,128,39,93,125,102,120" hai3="16,0,108,132,111,46,13,105,24,31,42,85,126"/><V114/><F114/><W4/><G105/><T10/><D113/><U38/><E33/><V54/><F120/><W28/><G126/><T5/><D118/><U62/><E109/><N who="3" m="42058" /><G132/><T65/><D103/><U18/><E131/><N who="2" m="50219" /><F6/><W1/><G85/><T36/><D36/><U7/><E134/><V9/><F9/><N who="3" m="6191" /><G4/><T99/><D65/><U81/><E38/><V30/><F80/><W22/><G31/><T56/><D64/><U21/><E67/><V69/><F69/><W48/><AGARI ba="0,0" hai="0,1,22,24,28,42,46,48" m="6191,42058" machi="48" ten="30,4000,0" yaku="14,1,52,1,54,1" doraHai="37" who="3" fromWho="3" sc="118,-10,302,-10,314,-20,266,40" /><INIT seed="3,0,0,3,3,8" ten="108,292,294,306" oya="3" hai0="112,105,128,71,14,54,99,74,48,129,50,86,101" hai1="5,7,82,75,127,111,106,22,80,60,38,91,118" hai2="12,13,61,119,83,32,9,53,109,114,113,30,55" hai3="56,10,41,110,70,121,66,85,68,24,4,89,122"/><W124/><G41/><T134/><D74/><U33/><E33/><V102/><F119/><W0/><G124/><T19/><D71/><U23/><E106/><V39/><F39/><W59/><G70/><T18/><D18/><U31/><E38/><V120/><F102/><W96/><G96/><T100/><D112/><U34/><E34/><V72/><F32/><W2/><G2/><T21/><D101/><U98/><E75/><V65/><F30/><W88/><G89/><T126/><D126/><U43/><E43/><V78/><F120/><W69/><G69/><T95/><D50/><U108/><E127/><V28/><F28/><W131/><G24/><T25/><D25/><N who="1" m="16823" /><E60/><V47/><F55/><W15/><G0/><T116/><D116/><U51/><E51/><V52/><F53/><W36/><G36/><T97/><D97/><U27/><E118/><V16/><F52/><W35/><G35/><T84/><D84/><N who="1" m="50567" /><E98/><V115/><F47/><W132/><G68/><T104/><D104/><U125/><E125/><V58/><REACH who="2" step="1"/><F13/><REACH who="2" ten="108,292,284,306" step="2"/><W44/><G15/><T26/><D26/><U90/><E108/><AGARI ba="0,1" hai="9,12,16,58,61,65,72,78,83,108,109,113,114,115" machi="108" ten="50,8000,1" yaku="1,1,2,1,52,1,54,1,53,0" doraHai="8" doraHaiUra="64" who="2" fromWho="1" sc="108,0,292,-80,284,90,306,0" owari="108,-39.0,212,-19.0,374,47.0,306,11.0" /></mjloggm>