<mjloggm ver="2.3"><GO type="169" lobby="0"/><UN n0="%E9%9D%9E%E5%8A%B9%E7%8E%87%E6%89%93%E6%B3%95" n1="%EF%BC%88%E2%89%A7%E2%96%BD%E2%89%A6%EF%BC%89" n2="%E3%82%B9%E3%83%BC%E3%83%91%E3%83%BC%E3%82%A2%E3%83%8B%E3%82%AD" n3="%6E%69%6B%71%75%65" dan="17,19,16,16" rate="2187.40,2260.34,2079.42,2047.29" sx="M,M,F,M"/><TAIKYOKU oya="0"/><INIT seed="0,0,0,2,3,12" ten="250,250,250,250" oya="0" hai0="102,18,85,89,124,83,25,98,88,37,114,112,94" hai1="128,30,29,32,70,66,56,23,133,13,91,126,109" hai2="69,117,74,19,7,62,52,20,26,111,104,77,45" hai3="134,122,100,17,78,103,51,115,131,39,129,14,125"/><T9/><D37/><U4/><E32/><V82/><F111/><W58/><G39/><T123/><D123/><U73/><E70/><V43/><F104/><W113/><G122/><T61/><D124/><U86/><E73/><V0/><F117/><W24/><G125/><T110/><D110/><U106/><E106/><V81/><F81/><W63/><G134/><T65/><D102/><U127/><E128/><N who="3" m="49226" /><G78/><T130/><D130/><U97/><E97/><V54/><F69/><W76/><G76/><T71/><REACH who="0" step="1"/><D9/><REACH who="0" ten="240,250,250,250" step="2"/><N who="1" m="4263" /><E127/><V67/><F67/><W135/><G103/><T57/><D57/><U10/><E10/><N who="2" m="2407" /><F62/><W5/><G63/><T72/><D72/><U21/><E66/><V80/><F80/><W75/><G58/><T59/><D59/><U27/><E56/><V108/><F108/><W41/><G100/><T36/><D36/><AGARI ba="0,1" hai="19,20,26,36,43,45,52,54,74,77,82" m="2407" machi="36" ten="30,3900,0" yaku="25,1,52,1,54,1" doraHai="12" who="2" fromWho="0" sc="240,-39,250,0,250,49,250,0" /><INIT seed="1,0,0,2,4,124" ten="201,250,299,250" oya="1" hai0="108,55,17,20,79,107,93,46,70,95,41,110,135" hai1="57,61,64,37,132,123,23,75,44,8,102,14,34" hai2="130,84,115,117,35,56,89,78,111,106,92,53,65" hai3="60,71,67,104,25,42,38,97,39,47,10,32,90"/><U13/><E123/><V82/><F35/><W5/><G39/><T87/><D107/><U120/><E120/><V7/><F106/><W131/><G25/><T9/><D70/><U113/><E34/><V83/><F117/><W100/><G90/><T30/><D55/><U50/><E75/><V0/><F111/><N who="0" m="42538" /><D30/><U77/><E113/><V31/><F31/><W116/><G32/><T68/><D9/><U63/><E37/><V3/><F65/><W59/><G59/><T73/><D73/><U74/><E102/><V26/><F115/><W58/><G58/><T43/><D68/><U112/><E112/><V36/><F36/><W88/><G88/><T16/><D17/><U125/><E63/><V45/><F45/><W122/><G122/><T101/><D46/><U49/><E44/><V91/><F7/><W33/><G33/><T54/><D54/><U1/><E64/><V66/><F66/><W109/><G116/><T85/><D135/><U105/><E132/><V24/><F3/><N who="3" m="319" /><G109/><T52/><D52/><U19/><E57/><V62/><F0/><W94/><G94/><N who="0" m="35851" /><D101/><U129/><E105/><V80/><F26/><W48/><G48/><T22/><D79/><U40/><E50/><V114/><F24/><W128/><AGARI ba="0,0" hai="38,42,47,60,67,71,97,100,104,128,131" m="319" machi="128" ten="30,4000,0" yaku="23,1,52,2" doraHai="124" who="3" fromWho="3" sc="201,-10,250,-20,299,-10,250,40" /><INIT seed="2,0,0,3,3,120" ten="191,230,289,290" oya="2" hai0="87,31,50,1,35,15,68,20,115,51,17,93,114" hai1="61,18,45,36,40,135,9,99,89,97,113,82,70" hai2="106,109,56,122,85,92,123,26,59,29,14,117,62" hai3="37,98,111,101,78,64,44,100,33,71,41,67,25"/><V129/><F106/><W126/><G126/><T104/><D68/><U65/><E113/><V90/><F117/><W63/><G78/><T69/><D104/><U32/><E32/><V81/><F129/><W13/><G67/><T55/><D69/><U77/><E135/><V132/><F132/><W58/><G13/><T79/><D1/><U42/><E42/><V22/><F56/><W60/><G60/><T21/><D35/><U53/><E89/><V48/><F48/><W30/><G58/><T121/><D51/><U19/><E53/><V57/><F57/><W131/><G131/><T116/><D121/><U2/><E19/><V107/><F107/><N who="3" m="63895" /><G101/><T125/><D125/><U133/><E133/><V28/><F28/><W91/><G91/><N who="0" m="53503" /><D79/><U16/><E18/><V80/><F122/><W76/><G76/><T103/><D103/><U66/><E66/><V94/><F123/><W105/><G105/><T3/><D3/><U47/><E47/><V73/><F73/><W24/><G24/><N who="0" m="16775" /><D116/><U119/><E119/><V34/><F80/><W74/><G74/><T11/><D115/><U46/><E46/><V23/><F34/><W86/><G86/><T83/><D83/><U124/><E124/><V134/><F134/><W7/><G7/><T6/><D114/><U72/><REACH who="1" step="1"/><E16/><REACH who="1" ten="191,220,289,290" step="2"/><N who="2" m="10519" /><F90/><W128/><G128/><T108/><D17/><U12/><E12/><V127/><F127/><W130/><G130/><T4/><D21/><U27/><E27/><V102/><F26/><W0/><G0/><T84/><D15/><U118/><E118/><V52/><F23/><W49/><G37/><RYUUKYOKU ba="0,1" sc="191,-15,220,15,289,-15,290,15" hai1="2,9,36,40,45,61,65,70,72,77,82,97,99" hai3="25,30,33,41,44,49,63,64,71,111" /><INIT seed="3,1,1,5,0,101" ten="176,235,274,305" oya="3" hai0="104,129,1,33,32,17,56,125,5,60,7,55,121" hai1="71,123,94,61,92,41,93,115,97,54,83,64,110" hai2="84,57,117,11,81,15,70,12,108,24,79,113,69" hai3="73,59,37,87,91,128,22,130,114,10,28,103,122"/><W6/><G73/><T78/><D121/><U16/><E123/><V8/><F113/><W34/><G122/><T127/><D78/><U36/><E115/><V67/><F117/><W58/><G114/><T65/><D104/><U96/><E110/><V19/><F108/><W75/><G75/><T4/><D1/><U90/><E83/><V47/><F24/><N who="3" m="16407" /><G37/><T45/><D17/><U86/><E86/><V63/><REACH who="2" step="1"/><F47/><REACH who="2" ten="176,235,264,305" step="2"/><W50/><G130/><T30/><D129/><U40/><E36/><V52/><F52/><W85/><G128/><T134/><D134/><U21/><E54/><V20/><F20/><W98/><G34/><T76/><D45/><U132/><E132/><V119/><F119/><W3/><G10/><T51/><D33/><U53/><E53/><V100/><F100/><W44/><G103/><T105/><D32/><U13/><E93/><V31/><F31/><W120/><G44/><T106/><D30/><U48/><E48/><V29/><F29/><W43/><G50/><T112/><D112/><U124/><REACH who="1" step="1"/><E124/><REACH who="1" ten="176,225,264,305" step="2"/><V109/><F109/><W38/><G38/><T131/><D131/><U88/><AGARI ba="1,3" hai="13,16,21,40,41,61,64,71,88,90,92,94,96,97" machi="88" ten="20,16000,3" yaku="1,1,2,1,0,1,7,1,9,1,54,2,53,2" doraHai="101" doraHaiUra="95" who="1" fromWho="1" sc="176,-41,225,193,264,-41,305,-81" /><INIT seed="4,0,0,1,4,117" ten="135,418,223,224" oya="0" hai0="52,9,90,129,30,121,14,13,23,59,11,79,75" hai1="40,104,18,91,68,7,108,135,109,56,87,17,29" hai2="65,113,115,21,46,43,83,116,76,44,60,134,106" hai3="10,98,85,119,74,32,19,92,66,64,94,130,100"/><T80/><D129/><U96/><E68/><V89/><F106/><W42/><G74/><T33/><D33/><U20/><E135/><V25/><F116/><W58/><G119/><T37/><D37/><U93/><E40/><V73/><F134/><W62/><G32/><T71/><D71/><U122/><E122/><V78/><F89/><N who="3" m="53295" /><G130/><T72/><D72/><U54/><E7/><V112/><F78/><W48/><G66/><T51/><D121/><U101/><E29/><N who="2" m="17583" /><F43/><W132/><G132/><T24/><REACH who="0" step="1"/><D90/><REACH who="0" ten="125,418,223,224" step="2"/><U5/><E91/><V111/><F111/><W118/><G118/><T124/><D124/><U123/><E108/><V103/><F103/><W1/><G100/><T27/><D27/><U0/><E101/><V12/><F12/><AGARI ba="0,1" hai="9,11,12,13,14,23,24,30,51,52,59,75,79,80" machi="12" ten="40,3900,0" yaku="1,1,54,1,53,0" doraHai="117" doraHaiUra="15" who="0" fromWho="2" sc="125,49,418,0,223,-39,224,0" /><INIT seed="4,1,0,1,2,10" ten="174,418,184,224" oya="0" hai0="26,0,20,57,91,68,84,33,130,87,66,32,15" hai1="120,50,71,125,53,112,131,115,27,25,122,13,132" hai2="19,31,16,4,1,99,21,89,78,97,106,70,28" hai3="30,75,64,93,58,69,52,116,23,117,98,14,128"/><T22/><D0/><U40/><E71/><V36/><F70/><W2/><G2/><T94/><D68/><U73/><E73/><V35/><F36/><W107/><G75/><T133/><D133/><U8/><E131/><V55/><F78/><W49/><G107/><T5/><D130/><U51/><E40/><V48/><F106/><W103/><G128/><T60/><D84/><U77/><E77/><V34/><F89/><W135/><G135/><T12/><D5/><N who="1" m="3215" /><E51/><V6/><F99/><W127/><G127/><T37/><D37/><U104/><E104/><V67/><F97/><W74/><G74/><T92/><D92/><U109/><E109/><V118/><F48/><W7/><G69/><T63/><D63/><U129/><E129/><V47/><F55/><W124/><G124/><T72/><D72/><U100/><E100/><V24/><F67/><W88/><G64/><T65/><D65/><U90/><E90/><V29/><F47/><W11/><REACH who="3" step="1"/><G103/><REACH who="3" ten="174,418,184,214" step="2"/><T121/><D121/><U101/><E101/><V9/><F118/><W42/><G42/><T82/><D66/><U114/><E125/><V38/><F38/><W126/><G126/><T85/><D94/><U46/><E132/><V17/><F6/><W96/><G96/><T83/><D83/><U119/><E119/><V102/><F102/><W134/><G134/><T108/><D82/><U43/><E43/><V54/><F54/><W79/><G79/><T18/><D108/><U80/><E80/><V59/><F59/><W105/><G105/><T86/><D91/><U56/><E56/><V45/><F45/><RYUUKYOKU ba="1,1" sc="174,-30,418,10,184,10,214,10" hai1="25,27,46,50,53,112,114,115,120,122" hai2="1,4,9,16,17,19,21,24,28,29,31,34,35" hai3="7,11,14,23,30,49,52,58,88,93,98,116,117" /><INIT seed="5,2,1,5,5,58" ten="144,428,194,224" oya="1" hai0="91,113,39,24,4,81,100,37,55,6,40,65,99" hai1="68,49,103,96,88,70,48,116,66,69,92,27,122" hai2="75,119,90,23,53,43,8,114,102,115,50,120,19" hai3="124,11,14,51,108,22,46,129,134,20,62,126,101"/><U56/><E122/><V130/><F120/><W29/><G108/><T52/><D65/><U112/><E116/><V33/><F33/><W76/><G134/><T1/><D113/><N who="2" m="43018" /><F119/><W60/><G129/><T32/><D32/><U71/><E71/><V123/><F123/><W35/><G101/><T131/><D131/><U118/><E118/><V135/><F130/><W72/><G35/><T125/><D24/><U78/><E78/><V26/><F135/><W28/><G72/><T15/><D1/><U111/><E111/><V0/><F75/><W34/><G76/><T97/><D15/><U104/><E112/><V84/><F102/><W85/><G85/><T133/><D100/><U45/><E27/><V95/><F43/><N who="3" m="25055" /><G34/><T106/><D40/><U21/><E103/><V5/><F50/><W107/><G107/><T31/><D106/><U109/><E49/><V89/><F89/><W2/><G2/><T47/><D91/><U38/><E104/><V16/><F53/><W73/><G73/><T74/><D74/><U17/><E48/><V82/><F82/><W7/><G126/><T57/><D125/><U105/><E105/><V132/><F132/><W12/><G124/><T127/><D127/><U61/><E109/><V42/><F42/><W77/><G77/><T79/><D79/><U63/><E88/><V121/><F121/><W93/><G93/><T41/><D133/><U110/><E92/><V44/><F44/><W80/><G80/><T3/><D81/><U98/><E110/><V36/><F36/><W59/><G59/><T10/><D39/><U64/><E38/><RYUUKYOKU ba="2,1" sc="144,-10,428,-10,194,30,224,-10" hai2="0,5,8,16,19,23,26,84,90,95" /><INIT seed="6,3,1,2,4,10" ten="134,418,224,214" oya="2" hai0="48,70,69,111,100,87,77,14,97,113,74,83,8" hai1="34,13,33,80,89,6,95,29,79,20,130,59,90" hai2="16,64,104,119,44,107,1,116,36,31,50,78,2" hai3="96,41,15,63,26,117,121,17,105,5,88,86,101"/><V54/><F64/><W115/><G121/><T94/><D113/><U102/><E130/><V49/><F36/><W127/><G117/><T114/><D114/><U45/><E45/><V37/><F37/><W106/><G127/><T129/><D129/><U71/><E71/><V52/><F31/><W9/><G115/><T51/><D111/><U60/><E34/><V53/><F78/><W35/><G41/><T92/><D51/><N who="2" m="19466" /><F16/><W24/><G106/><N who="2" m="40489" /><F44/><W99/><G99/><T21/><D21/><U0/><E20/><V131/><F131/><W66/><G35/><T7/><REACH who="0" step="1"/><D48/><REACH who="0" ten="124,418,224,214" step="2"/><U27/><E33/><V93/><F93/><W46/><G46/><T126/><D126/><U73/><E95/><V120/><F120/><W133/><G133/><T4/><D4/><U132/><E6/><V82/><F82/><W38/><G5/><T91/><AGARI ba="3,2" hai="7,8,14,69,70,74,77,83,87,91,92,94,97,100" machi="91" ten="30,4000,0" yaku="1,1,0,1,52,1,53,0" doraHai="10" doraHaiUra="55" who="0" fromWho="0" sc="124,69,418,-13,224,-23,214,-13" /><INIT seed="7,0,0,0,1,95" ten="193,405,201,201" oya="3" hai0="1,51,59,45,69,88,67,89,20,34,131,111,82" hai1="96,35,53,117,81,92,64,118,17,58,23,74,86" hai2="75,56,134,42,24,8,15,87,9,4,70,122,18" hai3="57,121,46,66,37,124,113,30,98,48,49,91,60"/><W99/><G121/><T105/><D111/><U115/><E74/><V78/><F122/><W28/><G113/><T26/><D1/><U62/><E35/><V11/><F70/><W6/><G124/><T125/><D105/><U83/><E64/><V85/><F134/><W22/><G6/><T41/><D34/><U119/><E86/><N who="2" m="32779" /><F75/><W68/><G37/><T133/><D125/><U80/><E115/><V79/><F42/><N who="3" m="24663" /><G68/><T2/><D2/><U36/><E36/><V52/><F9/><W5/><G5/><T104/><D104/><U32/><E32/><V25/><F11/><W100/><G100/><T54/><D133/><U116/><E116/><V3/><F3/><W44/><G91/><T55/><D69/><U127/><E127/><V13/><F13/><W33/><G33/><T110/><D110/><U120/><E120/><V73/><F73/><W72/><G72/><T112/><D112/><U43/><E43/><V76/><F4/><W114/><G114/><T97/><D89/><N who="1" m="55311" /><E81/><V128/><F128/><W77/><G77/><T106/><D131/><U21/><E21/><V71/><F71/><W38/><G38/><T123/><D123/><U0/><E0/><V27/><F76/><W65/><G65/><T10/><D82/><U50/><E83/><V102/><F102/><W47/><G22/><T84/><D84/><U135/><E135/><V108/><F108/><W29/><G47/><T130/><D130/><U126/><E126/><V94/><F94/><W14/><G14/><T16/><D10/><U40/><E23/><V61/><AGARI ba="0,0" hai="8,15,18,24,25,27,52,56,61,78,79" m="32779" machi="61" ten="30,2000,0" yaku="8,1,54,1" doraHai="95" who="2" fromWho="2" sc="193,-5,405,-5,201,20,201,-10" owari="188,-31.0,400,50.0,221,2.0,191,-21.0" /></mjloggm>