<mjloggm ver="2.3"><GO type="97" lobby="0"/><UN n0="%E3%82%86%E3%81%86%E3%81%8F%E3%82%93%CE%A9" n1="%4C%45%42%52%4F%4E" n2="%E3%82%A6%E3%83%AB%E3%83%88%E3%83%A9%E7%AB%8B%E7%9B%B4" n3="%E3%81%B7%E3%82%8B%E9%B4%A8" dan="13,14,15,13" rate="1871.85,1952.91,2035.98,1832.00" sx="M,M,M,M"/><TAIKYOKU oya="0"/><INIT seed="0,0,0,5,2,101" ten="250,250,250,250" oya="0" hai0="66,98,57,91,49,80,58,109,100,69,75,112,102" hai1="39,88,115,53,73,135,116,119,38,4,27,60,129" hai2="132,23,13,12,10,31,123,81,34,40,63,79,6" hai3="5,86,89,99,111,55,48,19,42,50,103,134,92"/><T54/><D112/><U114/><E73/><V35/><F123/><W56/><G111/><T36/><D69/><U0/><E0/><V113/><F113/><N who="1" m="43017" /><E4/><V37/><F132/><W122/><G122/><T77/><D36/><N who="1" m="13867" /><E27/><V20/><F37/><W97/><G134/><T78/><D78/><U65/><E135/><V94/><F40/><W118/><G118/><N who="1" m="45098" /><E88/><V106/><F6/><W41/><G5/><T74/><D74/><U33/><E33/><V2/><F35/><W120/><G120/><T43/><D109/><U28/><E28/><V52/><F31/><W133/><G133/><T93/><REACH who="0" step="1"/><D43/><REACH who="0" ten="240,250,250,250" step="2"/><U47/><E129/><V72/><F79/><W17/><G42/><T46/><D46/><U61/><E65/><V8/><F72/><W110/><G110/><T29/><D29/><U95/><E47/><V84/><F34/><W51/><G41/><T45/><D45/><U85/><E53/><V90/><F52/><W68/><G68/><T59/><D59/><U117/><E117/><V22/><F2/><W131/><G131/><T105/><D105/><U108/><E108/><V104/><F104/><W16/><REACH who="3" step="1"/><G99/><REACH who="3" ten="240,250,250,240" step="2"/><T25/><D25/><U7/><E7/><V64/><F13/><W26/><G26/><T130/><D130/><U126/><E85/><V21/><F12/><W11/><G11/><T3/><D3/><U15/><E15/><V127/><F8/><W121/><G121/><T1/><D1/><U70/><E70/><V32/><F10/><W82/><AGARI ba="0,2" hai="16,17,19,48,50,51,55,56,82,86,89,92,97,103" machi="82" ten="30,7900,0" yaku="1,1,0,1,8,1,54,1,53,0" doraHai="101" doraHaiUra="125" who="3" fromWho="3" sc="240,-39,250,-20,250,-20,240,99" /><INIT seed="1,0,0,4,5,101" ten="201,230,230,339" oya="1" hai0="118,27,90,9,60,54,65,44,103,110,61,12,1" hai1="17,55,39,109,112,46,121,49,51,132,96,130,5" hai2="59,63,102,97,36,128,50,2,92,29,127,89,114" hai3="75,53,73,48,115,23,80,3,126,30,70,41,37"/><U120/><E112/><V83/><F36/><W117/><G115/><T99/><D1/><U35/><E35/><V134/><F114/><W52/><G3/><T47/><D118/><U32/><E32/><V93/><F2/><W104/><G70/><T22/><D110/><U122/><E5/><V79/><F127/><W42/><G126/><T33/><D90/><U64/><E17/><V131/><F50/><W129/><G129/><N who="2" m="49737" /><F29/><W20/><G117/><T107/><D60/><U69/><E130/><V66/><F134/><W68/><G68/><T81/><D81/><U58/><E96/><N who="2" m="57359" /><F83/><W7/><G7/><T6/><D54/><N who="1" m="32079" /><E109/><V38/><F38/><W135/><G37/><T100/><D100/><U56/><E39/><V0/><F0/><W14/><G135/><T108/><D108/><U84/><E84/><V116/><F79/><W124/><G124/><T4/><D4/><U78/><E78/><V8/><F8/><W43/><G30/><T10/><D10/><U76/><E76/><V77/><F77/><W26/><G80/><T91/><D91/><U98/><E98/><V72/><F116/><W106/><G14/><T19/><REACH who="0" step="1"/><D33/><REACH who="0" ten="191,230,230,339" step="2"/><U40/><E132/><V123/><F72/><W16/><G53/><T111/><D111/><U71/><E55/><V133/><F133/><W67/><G73/><T15/><D15/><U105/><E121/><AGARI ba="0,1" hai="59,63,66,93,97,102,121,123" m="57359,49737" machi="121" ten="30,1000,0" yaku="19,1" doraHai="101" who="2" fromWho="1" sc="191,0,230,-10,230,20,339,0" /><INIT seed="2,0,0,1,5,130" ten="191,220,250,339" oya="2" hai0="1,51,66,118,36,4,101,52,5,24,34,42,49" hai1="121,23,100,102,9,60,93,135,111,86,96,21,113" hai2="120,106,6,31,116,112,12,91,47,48,29,64,95" hai3="74,0,126,107,27,132,105,11,3,110,81,68,39"/><V125/><F106/><W134/><G11/><T84/><D118/><U104/><E113/><V128/><F116/><W92/><G92/><T18/><D66/><U76/><E111/><V37/><F37/><W80/><G110/><T82/><D101/><U69/><E121/><V33/><F33/><W50/><G27/><T75/><D49/><U99/><E135/><N who="3" m="51754" /><G126/><T98/><D98/><U117/><E117/><V65/><F112/><W55/><G39/><T87/><D87/><U70/><E9/><N who="2" m="4151" /><F128/><W40/><G40/><T16/><D1/><N who="3" m="585" /><G68/><T58/><D75/><U78/><E93/><V129/><F129/><W44/><G74/><T17/><D34/><U90/><E104/><AGARI ba="0,0" hai="44,50,55,80,81,104,105,107" m="585,51754" machi="104" ten="40,8000,1" yaku="20,1,52,3" doraHai="130" who="3" fromWho="1" sc="191,0,220,-80,250,0,339,80" /><INIT seed="3,0,0,4,5,33" ten="191,140,250,419" oya="3" hai0="40,79,97,41,108,54,11,18,85,111,37,124,84" hai1="63,118,102,116,69,125,5,19,119,99,57,55,92" hai2="10,67,0,80,113,42,3,39,76,50,49,114,126" hai3="28,16,59,106,58,74,44,34,135,1,23,122,53"/><W6/><G122/><T130/><D37/><U109/><E109/><N who="0" m="42057" /><D97/><U129/><E129/><V48/><F67/><W46/><G106/><T94/><D130/><U73/><E73/><V104/><F104/><W82/><G59/><T105/><D105/><U38/><E38/><V29/><F29/><W66/><G66/><T65/><D65/><U2/><E125/><V25/><F25/><W62/><G135/><T21/><D11/><U71/><E69/><V77/><F10/><N who="3" m="2383" /><G82/><N who="0" m="47199" /><D54/><U101/><E71/><V103/><F80/><W86/><G86/><T75/><D75/><U83/><E83/><V100/><F39/><W8/><G8/><T93/><D124/><U15/><E5/><V17/><F126/><W51/><G62/><T9/><D9/><U12/><E12/><V4/><F4/><W7/><G7/><T22/><D22/><U134/><E134/><V90/><F49/><W128/><G128/><T30/><D30/><U131/><E131/><V64/><F50/><W95/><G95/><N who="0" m="36363" /><D85/><U61/><E61/><V27/><F64/><W91/><G91/><T20/><D20/><U60/><E60/><V36/><F36/><W35/><G74/><T43/><D43/><U120/><E120/><V117/><F42/><W88/><G88/><T112/><D112/><U78/><E78/><V26/><F90/><W70/><G70/><T98/><D98/><U133/><E133/><V89/><F89/><W115/><G115/><T107/><D107/><U14/><E102/><V87/><F103/><W24/><G34/><T47/><D47/><U81/><E101/><V32/><F100/><RYUUKYOKU ba="0,0" sc="191,15,140,-15,250,-15,419,15" hai0="18,21,40,41" hai3="16,23,24,28,35,44,46,51,53,58" owari="206,-19.0,125,-37.0,235,4.0,434,52.0" /></mjloggm>