<mjloggm ver="2.3"><GO type="41" lobby="0"/><UN n0="%E3%81%AB%E3%81%AE%E3%81%9F%E3%82%93%E2%99%AA" n1="%E3%83%9D%E3%83%B3%E3%82%BB%E3%81%8F%E3%82%93" n2="%E3%82%A6%E3%83%AB%E3%83%88%E3%83%A9%E7%AB%8B%E7%9B%B4" n3="%E3%81%98%E3%82%93%E3%82%8D%E3%83%BC" dan="14,17,16,14" rate="2030.60,2094.86,2048.71,1971.94" sx="M,M,M,M"/><TAIKYOKU oya="0"/><INIT seed="0,0,0,0,3,96" ten="250,250,250,250" oya="0" hai0="73,135,19,15,120,117,109,0,115,34,82,6,122" hai1="50,83,33,4,95,23,29,98,1,129,38,101,60" hai2="62,7,130,81,35,104,107,114,89,65,40,78,36" hai3="121,72,123,58,106,30,119,85,97,17,86,48,103"/><T128/><RYUUKYOKU type="yao9" ba="0,0" sc="250,0,250,0,250,0,250,0" hai0="0,6,15,19,34,73,82,109,115,117,120,122,128,135" /><INIT seed="0,1,0,4,2,113" ten="250,250,250,250" oya="0" hai0="4,70,11,21,57,28,32,133,135,44,116,128,73" hai1="27,37,40,129,5,93,72,103,102,121,46,67,34" hai2="126,18,107,90,62,12,114,117,82,58,74,35,31" hai3="127,17,43,80,15,26,50,0,115,23,55,120,108"/><T71/><D73/><U68/><E121/><V24/><F107/><W14/><G115/><T54/><D128/><U89/><E72/><V10/><F114/><W8/><G108/><T111/><D111/><U63/><E129/><V119/><F126/><W2/><G43/><T64/><D44/><U1/><E1/><V104/><F104/><W87/><G120/><T3/><D32/><U69/><E5/><V105/><F105/><W36/><G36/><T95/><D95/><U51/><E69/><V33/><F33/><W49/><G49/><T13/><D116/><N who="2" m="44618" /><F74/><W22/><G22/><T59/><D64/><U92/><E92/><V6/><F6/><W94/><G94/><T106/><D106/><U101/><E34/><V75/><F75/><W47/><G15/><T112/><D112/><U100/><E27/><V48/><F48/><W81/><G81/><T132/><D13/><U125/><E125/><V96/><F82/><W86/><G86/><T56/><REACH who="0" step="1"/><D54/><REACH who="0" ten="240,250,250,250" step="2"/><U123/><E123/><V110/><F110/><W7/><G127/><T65/><D65/><U19/><E67/><N who="2" m="39383" /><F96/><W61/><G61/><T53/><D53/><U130/><E130/><V98/><F98/><W122/><G122/><T91/><D91/><AGARI ba="1,1" hai="10,12,18,24,31,35,90,91" m="39383,44618" machi="91" ten="30,7700,0" yaku="12,1,52,3" doraHai="113" who="2" fromWho="0" sc="240,-80,250,0,250,90,250,0" /><AGARI ba="1,0" hai="0,2,7,8,14,17,23,26,47,50,55,80,87,91" machi="91" ten="30,1000,0" yaku="7,1" doraHai="113" who="3" fromWho="0" sc="160,-10,250,0,340,0,250,10" /><INIT seed="1,0,0,2,1,123" ten="150,250,340,260" oya="1" hai0="121,53,115,90,31,26,108,81,64,127,54,10,57" hai1="78,122,22,75,12,112,23,65,32,5,66,92,39" hai2="91,56,73,125,15,86,77,36,2,89,104,88,13" hai3="35,118,43,8,58,52,3,28,60,62,6,44,68"/><U61/><E112/><V128/><F2/><W30/><G118/><T116/><D115/><U51/><E32/><V132/><F36/><W24/><G30/><T21/><D116/><U99/><E39/><V45/><F45/><W120/><G120/><T82/><D121/><U96/><E122/><V124/><F56/><W29/><G29/><T130/><D130/><U42/><E75/><V98/><F13/><W114/><G114/><T55/><D127/><N who="2" m="48714" /><F15/><W105/><G105/><T97/><D108/><U101/><E78/><V17/><F17/><W11/><G11/><T33/><D33/><U71/><E65/><V70/><F70/><W50/><REACH who="3" step="1"/><G68/><REACH who="3" ten="150,250,340,250" step="2"/><T49/><D10/><U37/><E71/><V41/><F128/><W27/><G27/><T16/><D31/><U38/><E38/><AGARI ba="0,1" hai="3,6,8,24,28,35,38,43,44,50,52,58,60,62" machi="38" ten="30,3900,0" yaku="1,1,7,1,54,1,53,0" doraHai="123" doraHaiUra="95" who="3" fromWho="1" sc="150,0,250,-39,340,0,250,49" /><INIT seed="2,0,0,0,5,9" ten="150,211,340,299" oya="2" hai0="114,43,58,102,52,54,79,18,83,98,104,108,128" hai1="46,135,81,50,34,27,122,61,24,1,32,40,133" hai2="67,45,110,123,59,21,42,41,91,56,4,28,23" hai3="14,72,111,84,57,38,115,71,5,19,131,2,130"/><V16/><F123/><W106/><G38/><T85/><D114/><U89/><E1/><V15/><F110/><W96/><G71/><T10/><D108/><U68/><E122/><V132/><F4/><W105/><G72/><T37/><D128/><U39/><E24/><V80/><F132/><N who="1" m="50761" /><E27/><N who="2" m="16495" /><F45/><W127/><G111/><T33/><D33/><U88/><E39/><V73/><F73/><W101/><G115/><T49/><D37/><U51/><E51/><V121/><F121/><W36/><G36/><T97/><D97/><U100/><E100/><V94/><F80/><W63/><G127/><T109/><D109/><U12/><E12/><V64/><F64/><W117/><G117/><T107/><D43/><N who="2" m="16394" /><F67/><W129/><G84/><AGARI ba="0,0" hai="15,16,23,56,59,84,91,94" m="16394,16495" machi="84" ten="30,5800,0" yaku="8,1,52,1,54,1" doraHai="9" who="2" fromWho="3" sc="150,0,211,0,340,58,299,-58" /><INIT seed="2,1,0,5,0,69" ten="150,211,398,241" oya="2" hai0="24,107,71,5,30,98,123,34,118,66,25,94,37" hai1="95,120,81,83,7,67,1,115,109,54,132,12,100" hai2="85,53,103,111,64,116,72,65,129,131,16,31,47" hai3="82,101,112,125,28,119,15,135,130,48,117,84,60"/><V77/><F72/><W73/><G112/><T59/><D123/><U23/><E1/><V86/><F116/><W74/><G130/><T99/><D5/><U78/><E115/><V42/><F31/><W8/><G60/><T46/><D59/><U56/><E120/><V134/><F134/><W49/><G125/><T92/><D25/><U97/><E109/><V41/><F103/><W127/><G127/><T0/><D0/><U22/><E132/><V62/><F77/><W4/><G28/><T51/><D118/><U113/><E113/><V40/><F86/><W14/><G101/><T55/><D107/><U75/><E83/><V43/><F85/><W106/><G106/><T96/><D66/><U38/><E67/><V9/><F16/><W57/><G84/><T105/><D71/><U20/><E38/><N who="2" m="21911" /><F9/><W50/><G82/><T13/><D13/><U91/><E7/><V6/><F6/><W104/><G104/><T3/><D3/><U18/><E100/><V17/><F17/><W52/><G135/><T26/><D26/><U36/><E36/><V68/><F65/><W39/><G39/><T11/><D11/><U122/><E122/><V102/><F102/><W126/><G126/><T2/><D2/><U61/><AGARI ba="1,0" hai="12,18,20,22,23,54,56,61,75,78,81,91,95,97" machi="61" ten="20,1500,0" yaku="0,1,7,1" doraHai="69" who="1" fromWho="1" sc="150,-5,211,18,398,-8,241,-5" /><INIT seed="3,0,0,2,0,129" ten="145,229,390,236" oya="3" hai0="95,97,25,125,87,120,48,60,81,79,75,77,17" hai1="61,121,78,19,96,46,29,13,76,26,86,66,39" hai2="42,83,126,59,35,24,105,118,113,80,22,58,21" hai3="55,103,11,102,91,20,88,8,135,117,63,15,47"/><W52/><G117/><T3/><D120/><U2/><E2/><V57/><F105/><W107/><G135/><T49/><D3/><U124/><E121/><V16/><F35/><W1/><G1/><T6/><D6/><U73/><E73/><V134/><F113/><W9/><G107/><T40/><D125/><U4/><E4/><V131/><F131/><W128/><G128/><T5/><D5/><U122/><E122/><V14/><F126/><W27/><G15/><T54/><D40/><U106/><E124/><V111/><F134/><W84/><G63/><T123/><D123/><U53/><E86/><V0/><F0/><W92/><G91/><T101/><D77/><U67/><E67/><V85/><F111/><W23/><G47/><T98/><D75/><U32/><E53/><N who="3" m="20554" /><G23/><N who="0" m="13551" /><D98/><U28/><E28/><AGARI ba="0,0" hai="8,9,11,20,27,28,84,88,92,102,103" m="20554" machi="28" ten="30,5800,0" yaku="8,1,54,2" doraHai="129" who="3" fromWho="1" sc="145,0,229,-58,390,0,236,58" /><INIT seed="3,1,0,3,4,102" ten="145,171,390,294" oya="3" hai0="108,113,22,126,21,27,75,74,101,58,42,128,47" hai1="99,68,121,34,13,85,61,10,82,1,60,43,15" hai2="8,2,23,105,77,41,33,48,134,109,49,31,4" hai3="84,117,90,50,6,73,122,17,7,83,114,5,106"/><W52/><G117/><T28/><D108/><U69/><E34/><V71/><F109/><W133/><G122/><T9/><D128/><U36/><E1/><V59/><F48/><W24/><G73/><T119/><D119/><U112/><E112/><V19/><F71/><W111/><G114/><T131/><D126/><U130/><E121/><V94/><F77/><W125/><G125/><T120/><D120/><U92/><E130/><V32/><F32/><W95/><G111/><T66/><D131/><U72/><E72/><V100/><F94/><W89/><G106/><T86/><D9/><U56/><E61/><V14/><F134/><W40/><G40/><T78/><D101/><U135/><E135/><V93/><F93/><W25/><G17/><T79/><D113/><U16/><E43/><V88/><F88/><N who="3" m="53639" /><G133/><T51/><D22/><U45/><E45/><V107/><F100/><W127/><G127/><T54/><D66/><U20/><E36/><V65/><F65/><W39/><G39/><T18/><D18/><U124/><E124/><V30/><F30/><W98/><G98/><T76/><REACH who="0" step="1"/><D86/><REACH who="0" ten="135,171,390,294" step="2"/><U12/><E99/><V46/><F31/><W123/><G123/><T96/><D96/><U118/><E118/><V81/><F33/><W87/><G90/><T132/><D132/><U64/><E10/><V104/><F8/><W11/><G11/><T115/><D115/><U55/><E64/><V38/><F19/><W63/><G63/><AGARI ba="1,1" hai="21,27,28,42,47,51,54,58,63,74,75,76,78,79" machi="63" ten="40,2600,0" yaku="1,1,53,1" doraHai="102" doraHaiUra="37" who="0" fromWho="3" sc="135,39,171,0,390,0,294,-29" /><INIT seed="4,0,0,5,4,90" ten="174,171,390,265" oya="0" hai0="128,85,112,82,55,133,58,132,92,83,35,25,46" hai1="60,39,57,88,89,67,123,134,127,16,52,50,38" hai2="18,5,0,131,33,122,96,44,106,129,54,65,14" hai3="63,26,61,114,121,104,68,40,64,70,42,21,93"/><T101/><D112/><U12/><E123/><V71/><F122/><W11/><G121/><T108/><D46/><U124/><E134/><N who="0" m="51817" /><D128/><U76/><E76/><V62/><F5/><W34/><G114/><T49/><D108/><U87/><E89/><V9/><F0/><W32/><G11/><T78/><D83/><U66/><E127/><V43/><F54/><W4/><G4/><T24/><D35/><U102/><E102/><V3/><F33/><W100/><G104/><T47/><D58/><U77/><E77/><V1/><F1/><W109/><G109/><T79/><D79/><U111/><E111/><V113/><F3/><W117/><G117/><T30/><D30/><U99/><E99/><AGARI ba="0,0" hai="24,25,47,49,55,78,82,85,92,99,101" m="51817" machi="99" ten="30,2900,0" yaku="20,1,52,1" doraHai="90" who="0" fromWho="1" sc="174,29,171,-29,390,0,265,0" /><INIT seed="4,1,0,3,3,20" ten="203,142,390,265" oya="0" hai0="83,118,107,60,111,4,1,67,75,32,2,61,25" hai1="76,49,11,22,16,65,73,3,62,119,84,18,92" hai2="106,127,58,131,114,41,0,48,29,37,55,108,7" hai3="39,34,36,115,68,19,105,44,63,122,38,100,24"/><T71/><D118/><U46/><E73/><V15/><F106/><W50/><G122/><T89/><D61/><U56/><E119/><V8/><F108/><W45/><G115/><T96/><D4/><U103/><E3/><V35/><F114/><W28/><G19/><T87/><D111/><U82/><E11/><V17/><F127/><W129/><G129/><T110/><D110/><U14/><E18/><V66/><F66/><N who="3" m="41055" /><G50/><T77/><D89/><U112/><E112/><V135/><F135/><W128/><G128/><T97/><D87/><U12/><E103/><V81/><F41/><N who="3" m="22567" /><G45/><T9/><D9/><U126/><E126/><V94/><F37/><W93/><G93/><T51/><D51/><U79/><E92/><V33/><F81/><W98/><AGARI ba="1,0" hai="24,28,34,38,39,98,100,105" m="22567,41055" machi="98" ten="30,7900,0" yaku="25,1,33,2,52,1" doraHai="20" who="3" fromWho="3" sc="203,-40,142,-21,390,-21,265,82" /><INIT seed="5,0,0,0,2,37" ten="163,121,369,347" oya="1" hai0="16,9,22,65,127,106,78,95,28,84,75,51,68" hai1="41,82,61,32,87,11,103,67,56,55,107,66,132" hai2="57,63,98,60,10,46,12,38,124,0,79,20,26" hai3="94,100,128,96,135,1,74,130,105,104,24,5,83"/><U118/><E118/><V31/><F0/><W54/><G135/><T91/><D106/><U2/><E32/><V92/><F124/><W80/><G54/><T122/><D127/><U30/><E30/><V47/><F79/><N who="3" m="44151" /><G24/><T15/><D122/><U90/><E132/><V88/><F60/><W125/><G125/><T64/><D68/><U117/><E117/><V89/><F38/><W129/><G83/><T119/><D119/><U19/><E107/><N who="3" m="41034" /><G5/><T134/><D134/><U52/><E103/><V131/><F131/><N who="3" m="33539" /><W133/><DORA hai="4" /><G1/><T39/><D39/><U44/><E55/><N who="2" m="34239" /><F89/><W35/><G35/><T99/><D65/><U73/><E73/><V21/><F21/><W85/><G133/><T58/><D75/><U120/><E120/><V113/><F113/><W93/><G85/><T14/><D64/><U25/><E2/><V29/><F29/><W70/><G70/><T8/><D28/><U45/><E45/><V33/><F33/><W109/><G93/><T126/><D22/><U42/><E25/><V114/><F114/><W121/><G121/><T71/><D71/><U76/><E90/><V97/><F47/><W49/><G49/><T110/><D126/><U23/><E23/><V18/><F46/><W123/><G123/><T111/><D51/><N who="1" m="28775" /><E67/><V86/><AGARI ba="0,0" hai="10,12,18,20,26,31,86,88,92,97,98" m="34239" machi="86" ten="30,4000,0" yaku="8,1,52,1,54,1" doraHai="37,4" who="2" fromWho="2" sc="163,-10,121,-20,369,40,347,-10" /><INIT seed="6,0,0,2,5,63" ten="153,101,409,337" oya="2" hai0="31,50,66,87,94,51,32,54,12,81,84,61,14" hai1="112,11,108,46,28,45,67,4,5,7,60,115,39" hai2="85,75,26,123,30,130,117,44,95,3,96,59,121" hai3="23,70,34,125,27,64,33,13,57,86,15,113,21"/><V99/><F75/><W52/><G125/><T132/><D132/><U102/><E102/><V100/><F3/><W18/><G86/><T0/><D0/><U110/><E28/><V98/><F117/><W76/><G76/><T72/><D72/><U40/><E45/><V48/><F130/><W38/><G38/><T120/><D120/><U133/><E11/><V114/><F114/><N who="1" m="43561" /><E133/><V90/><F59/><AGARI ba="0,0" hai="4,5,7,39,40,46,59,60,67,108,110" m="43561" machi="59" ten="30,2000,0" yaku="15,1,52,1" doraHai="63" who="1" fromWho="2" sc="153,0,101,20,409,-20,337,0" /><INIT seed="7,0,0,3,4,87" ten="153,121,389,337" oya="3" hai0="66,85,133,118,14,64,100,37,27,91,135,83,13" hai1="111,108,110,97,46,42,16,106,86,20,30,48,2" hai2="120,76,15,33,22,32,132,81,18,62,36,78,129" hai3="127,38,90,99,3,10,24,122,128,69,114,92,23"/><W35/><G38/><T94/><D118/><U105/><E2/><V101/><F36/><W104/><G69/><T98/><D37/><U107/><E30/><V7/><F76/><W6/><G122/><T65/><D27/><U134/><E134/><AGARI ba="0,0" hai="13,14,64,65,66,83,85,91,94,98,100,133,134,135" machi="134" ten="40,2600,0" yaku="20,1,52,1" doraHai="87" who="0" fromWho="1" sc="153,26,121,-26,389,0,337,0" owari="179,-22.0,95,-40.0,389,48.0,337,14.0" /></mjloggm>