<mjloggm ver="2.3"><GO type="97" lobby="0"/><UN n0="%E3%82%86%E3%81%86%E3%81%8F%E3%82%93%CE%A9" n1="%E3%82%A6%E3%83%AB%E3%83%88%E3%83%A9%E7%AB%8B%E7%9B%B4" n2="%E5%BC%B1%E3%82%81" n3="%E8%85%B8%E8%A9%B0%E3%82%AB%E3%83%AC%E3%83%BC" dan="13,15,13,14" rate="1869.63,2000.45,1871.87,1983.86" sx="M,M,M,F"/><TAIKYOKU oya="0"/><INIT seed="0,0,0,1,2,53" ten="250,250,250,250" oya="0" hai0="133,106,5,23,64,2,103,123,135,27,51,16,128" hai1="44,18,86,81,54,126,30,111,65,36,119,13,55" hai2="72,20,91,29,116,118,12,4,19,99,109,3,97" hai3="112,59,43,61,102,31,95,92,120,98,34,74,94"/><T1/><D123/><U25/><E119/><N who="2" m="45611" /><F109/><W35/><G120/><T57/><D106/><U39/><E126/><V0/><F72/><W60/><G112/><T115/><D115/><U50/><E111/><V113/><F113/><W32/><G43/><T82/><D128/><U48/><E65/><V6/><F91/><W110/><G110/><T73/><D103/><U129/><E129/><V124/><F124/><W52/><G31/><T130/><D130/><U75/><E75/><V41/><F41/><W63/><REACH who="3" step="1"/><G74/><REACH who="3" ten="250,250,250,240" step="2"/><T101/><D73/><U121/><E121/><V89/><F29/><W33/><N who="3" m="8192" /><DORA hai="76" /><W84/><G84/><T14/><D133/><U105/><E30/><V93/><F99/><W125/><G125/><T78/><D135/><U7/><E86/><V46/><F97/><W104/><AGARI ba="0,1" hai="52,59,60,61,63,92,94,95,98,102,104" m="8192" machi="104" ten="60,8000,1" yaku="1,1,0,1,52,1,54,1,53,0" doraHai="53,76" doraHaiUra="117,22" who="3" fromWho="3" sc="250,-40,250,-20,250,-20,240,90" /><INIT seed="1,0,0,4,4,17" ten="210,230,230,330" oya="1" hai0="37,35,97,95,133,62,73,88,93,125,132,85,9" hai1="13,32,58,77,98,80,48,11,53,126,30,44,116" hai2="55,52,94,39,45,63,76,15,20,34,16,1,120" hai3="47,79,84,101,2,115,123,108,46,67,68,127,66"/><U75/><E126/><V41/><F120/><W33/><G127/><T78/><D35/><U65/><E116/><V111/><F111/><W23/><G33/><T61/><D37/><U89/><E32/><V21/><F34/><W59/><G2/><T106/><D125/><U0/><E30/><V27/><F1/><W56/><G79/><T129/><D129/><U4/><E13/><V131/><F131/><W102/><G84/><T43/><D43/><U74/><E74/><V72/><F63/><W38/><G38/><T57/><D9/><U128/><E128/><V6/><F6/><W54/><G54/><T25/><D25/><U86/><E98/><V99/><F76/><W12/><G12/><T87/><D78/><U26/><E26/><V118/><F72/><W114/><G68/><T10/><D10/><U122/><E122/><V8/><F118/><W134/><G123/><T112/><D73/><U31/><E31/><V105/><F105/><W82/><G82/><T24/><D24/><U83/><REACH who="1" step="1"/><E65/><REACH who="1" ten="210,220,230,330" step="2"/><V96/><F96/><W117/><G117/><T70/><D97/><U14/><E14/><V100/><F8/><W3/><G3/><T121/><D121/><U91/><E91/><V113/><F113/><W90/><G90/><T109/><D112/><U81/><E81/><V19/><AGARI ba="0,1" hai="15,16,19,20,21,27,39,41,45,52,55,94,99,100" machi="19" ten="20,12000,2" yaku="0,1,7,1,52,2,54,2" doraHai="17" who="2" fromWho="2" sc="210,-30,220,-60,230,130,330,-30" /><INIT seed="2,0,0,5,4,32" ten="180,160,360,300" oya="2" hai0="130,22,27,60,126,37,128,104,84,135,51,92,99" hai1="46,55,113,40,78,8,94,67,15,115,20,64,50" hai2="103,57,95,63,86,28,81,119,29,49,25,91,122" hai3="105,87,125,69,97,79,121,90,10,83,56,4,59"/><V108/><F122/><W129/><G121/><T73/><D73/><U31/><E113/><V88/><F119/><W89/><G69/><T120/><D120/><U12/><E115/><V62/><F103/><W70/><G70/><T45/><D37/><U96/><E78/><V116/><F116/><W109/><G109/><T54/><D126/><U18/><E55/><N who="2" m="31983" /><F108/><W132/><G129/><N who="0" m="49771" /><D135/><U2/><E2/><V48/><F48/><W61/><G125/><T127/><D127/><U34/><E34/><V7/><F7/><W19/><G19/><N who="0" m="12767" /><D84/><U98/><E98/><N who="2" m="57703" /><F25/><W80/><G132/><T65/><D104/><U41/><E41/><V38/><F38/><W9/><G4/><T77/><D77/><U85/><E85/><V111/><F111/><W44/><G79/><T26/><D26/><N who="1" m="16839" /><E15/><V82/><F82/><W68/><G83/><T131/><D131/><U5/><E5/><V123/><F123/><W101/><G80/><T3/><D99/><U58/><E96/><V1/><F28/><W0/><BYE who="0" /><G97/><T16/><D16/><U134/><E134/><V100/><F29/><W114/><G101/><UN n0="%E3%82%86%E3%81%86%E3%81%8F%E3%82%93%CE%A9" /><T102/><D102/><U75/><E75/><V23/><F100/><W43/><G105/><T74/><D74/><U42/><E94/><V24/><F24/><W30/><G87/><T72/><D72/><U35/><E35/><V133/><F133/><W52/><G30/><T118/><D118/><U47/><E18/><V66/><F86/><W117/><G117/><T14/><D92/><U53/><E42/><V36/><F36/><N who="3" m="21607" /><G114/><T21/><D45/><N who="1" m="16907" /><E40/><V33/><F33/><RYUUKYOKU ba="0,0" sc="180,-10,160,30,360,-10,300,-10" hai1="8,12,50,53,58,64,67" /><INIT seed="3,1,0,5,3,28" ten="170,190,350,290" oya="3" hai0="132,113,125,87,41,0,123,2,6,116,31,19,119" hai1="108,22,71,81,126,79,32,10,131,53,55,93,76" hai2="78,103,104,135,118,85,98,30,17,90,12,18,25" hai3="47,97,101,121,50,21,64,54,34,62,42,72,46"/><W120/><G72/><T26/><D41/><U88/><E71/><V92/><F135/><W11/><G11/><N who="0" m="2503" /><D87/><U106/><E106/><V39/><F39/><W112/><G21/><N who="0" m="13631" /><D132/><U68/><E68/><V23/><F118/><N who="0" m="45098" /><D123/><U82/><E22/><V84/><F78/><W36/><G112/><T86/><D86/><U49/><E10/><V35/><F84/><W94/><G120/><T89/><D89/><U115/><E88/><V7/><F7/><W111/><G121/><T129/><D129/><U38/><E131/><V44/><F44/><W77/><G111/><T56/><D56/><U58/><E108/><V40/><F40/><W133/><G77/><T100/><D100/><U91/><E91/><V73/><F73/><W124/><G133/><T130/><D130/><U20/><E58/><V43/><F43/><W48/><G36/><T59/><D59/><U99/><E38/><V16/><AGARI ba="1,0" hai="12,16,17,18,23,25,30,35,85,90,92,98,103,104" machi="16" ten="30,4000,0" yaku="0,1,52,1,54,1" doraHai="28" who="2" fromWho="2" sc="170,-11,190,-11,350,43,290,-21" owari="159,-34.0,179,-22.0,393,49.0,269,7.0" /></mjloggm>