<mjloggm ver="2.3"><GO type="97" lobby="0"/><UN n0="%E3%82%A6%E3%83%AB%E3%83%88%E3%83%A9%E7%AB%8B%E7%9B%B4" n1="%E3%81%BE%E3%81%8F%E3%82%8A%E3%83%81%E3%83%A3%E3%83%B3%E3%83%97" n2="%43%61%6C%6B%61%6E" n3="%E6%AC%A1%E5%9B%9E%E3%81%AB%E7%B6%9A%E3%81%8F%EF%BC%81" dan="15,14,14,13" rate="2006.54,1987.23,1882.31,1897.28" sx="M,F,M,F"/><TAIKYOKU oya="0"/><INIT seed="0,0,0,4,1,60" ten="250,250,250,250" oya="0" hai0="109,98,45,30,0,21,122,80,77,15,106,89,37" hai1="59,119,88,33,35,115,17,25,79,23,19,102,55" hai2="20,114,3,27,94,24,91,113,4,56,5,131,69" hai3="64,117,26,110,81,135,54,1,40,76,121,61,82"/><T28/><D122/><U29/><E119/><V10/><F69/><W93/><G117/><T127/><D0/><U62/><E115/><V73/><F73/><W65/><G1/><T14/><D127/><U134/><E134/><V70/><F70/><W58/><G135/><T83/><D109/><U130/><E130/><V9/><F131/><W132/><G132/><T90/><D106/><U22/><E102/><V57/><F113/><W96/><G110/><T34/><D34/><U39/><E39/><V97/><F114/><W78/><G121/><T44/><D37/><U67/><E79/><N who="3" m="30250" /><G40/><T32/><D77/><U18/><E55/><V53/><F57/><W101/><G26/><T126/><D32/><U124/><E124/><V74/><F74/><W52/><G54/><T118/><D126/><U8/><E8/><V99/><F99/><W85/><G85/><T43/><D118/><U71/><E71/><V48/><REACH who="2" step="1"/><F20/><REACH who="2" ten="250,250,240,250" step="2"/><W123/><G123/><T12/><D21/><U125/><E125/><V86/><F86/><W104/><G104/><T120/><D120/><U38/><E35/><V92/><F92/><W11/><G11/><T128/><D128/><U36/><E36/><V108/><F108/><W6/><G6/><T7/><D7/><U50/><E38/><V84/><F84/><W116/><G116/><T112/><D112/><U47/><E47/><V2/><AGARI ba="0,1" hai="2,3,4,5,9,10,24,27,48,53,56,91,94,97" machi="2" ten="20,5200,0" yaku="1,1,0,1,7,1,9,1,53,0" doraHai="60" doraHaiUra="105" who="2" fromWho="2" sc="250,-26,250,-13,240,62,250,-13" /><INIT seed="1,0,0,0,2,124" ten="224,237,302,237" oya="1" hai0="24,135,108,70,126,30,0,69,5,79,61,51,13" hai1="76,7,22,131,10,12,104,63,44,121,130,54,35" hai2="18,66,27,16,25,28,45,31,74,100,83,15,97" hai3="56,59,47,93,115,117,87,55,86,53,38,21,75"/><U113/><E35/><V17/><F66/><W71/><G115/><T88/><D0/><U118/><E121/><V125/><F125/><W39/><G75/><T52/><D126/><U49/><E118/><V103/><F45/><W127/><G127/><T40/><D79/><U20/><E104/><V72/><F15/><W106/><G106/><T67/><D40/><U81/><E63/><V64/><F64/><W120/><G120/><T34/><D135/><U96/><E96/><V134/><F134/><W62/><G71/><T102/><D102/><N who="2" m="38954" /><F83/><W116/><G21/><T122/><D122/><U98/><E98/><V43/><F97/><W80/><G93/><T57/><D108/><U99/><E99/><V84/><F84/><W85/><G80/><T4/><D88/><U46/><E46/><V36/><F36/><W32/><G32/><T94/><D94/><U92/><E92/><V26/><F43/><W6/><G6/><T91/><D91/><U78/><E113/><V111/><F111/><W42/><REACH who="3" step="1"/><G39/><REACH who="3" ten="224,237,302,227" step="2"/><T128/><D69/><U73/><REACH who="1" step="1"/><E78/><REACH who="1" ten="224,227,302,227" step="2"/><V29/><AGARI ba="0,2" hai="16,17,18,25,26,27,28,29,31,72,74" m="38954" machi="29" ten="40,8000,1" yaku="29,2,28,2,54,1" doraHai="124" who="2" fromWho="2" sc="224,-20,227,-40,302,100,227,-20" /><INIT seed="2,0,0,2,0,95" ten="204,187,402,207" oya="2" hai0="135,4,103,36,111,112,59,106,11,31,131,123,9" hai1="19,66,68,15,44,75,58,77,6,35,67,128,57" hai2="92,45,70,129,28,37,50,80,21,107,74,85,33" hai3="78,24,46,14,89,61,10,49,101,51,91,63,124"/><V34/><F107/><W114/><G114/><T0/><D59/><U120/><E35/><V125/><F70/><W47/><G124/><T76/><D76/><U132/><E6/><V105/><F105/><W43/><G78/><T32/><D11/><U26/><E26/><V22/><F125/><W126/><G126/><T108/><D31/><U18/><E132/><V13/><F37/><W1/><G1/><T27/><D27/><U52/><E128/><V118/><F118/><W104/><G24/><T87/><D87/><U53/><E120/><V93/><F129/><W2/><G2/><T98/><D131/><U82/><E44/><V5/><F74/><W69/><G101/><T83/><D32/><U12/><E68/><V48/><F33/><W16/><G104/><T110/><D83/><U109/><E109/><V86/><F34/><W94/><G69/><T102/><D102/><U134/><E134/><V23/><F28/><W62/><REACH who="3" step="1"/><G94/><REACH who="3" ten="204,187,402,197" step="2"/><N who="2" m="36457" /><F5/><W38/><G38/><T42/><D135/><U130/><E130/><V73/><F73/><W56/><G56/><T121/><D112/><U127/><E127/><V115/><F115/><W113/><G113/><T54/><D54/><AGARI ba="0,1" hai="10,14,16,43,46,47,49,51,54,61,62,63,89,91" machi="54" ten="40,5200,0" yaku="1,1,8,1,54,1,53,0" doraHai="95" doraHaiUra="3" who="3" fromWho="0" sc="204,-52,187,0,402,0,197,62" /><INIT seed="3,0,0,2,0,63" ten="152,187,402,259" oya="3" hai0="47,132,54,107,19,81,45,15,78,118,65,31,20" hai1="34,119,50,33,49,112,16,48,12,104,86,117,9" hai2="113,125,126,61,21,134,1,100,114,75,93,74,43" hai3="94,52,58,85,7,38,105,69,23,53,133,62,103"/><W71/><G38/><T88/><D107/><U84/><E104/><V102/><F1/><W99/><G133/><T6/><D118/><N who="1" m="45067" /><E112/><V14/><F43/><W101/><G7/><T76/><D132/><U91/><E86/><V130/><F134/><W66/><G23/><T106/><D106/><U129/><E129/><V89/><F130/><W77/><G105/><T5/><D31/><U110/><E110/><V121/><F121/><W17/><G17/><T44/><D6/><U92/><AGARI ba="0,0" hai="9,12,16,33,34,48,49,50,84,91,92" m="45067" machi="92" ten="30,2000,0" yaku="12,1,54,1" doraHai="63" who="1" fromWho="1" sc="152,-5,187,20,402,-5,259,-10" owari="147,-35.0,207,-19.0,397,49.0,249,5.0" /></mjloggm>