<mjloggm ver="2.3"><GO type="97" lobby="0"/><UN n0="%E3%82%A6%E3%83%AB%E3%83%88%E3%83%A9%E7%AB%8B%E7%9B%B4" n1="%E5%B0%81%E7%A5%9E%E2%98%85%E3%81%99%E3%81%9A" n2="%E4%BA%8C%E4%BB%A3%E7%9B%AE%E3%82%A2%E3%83%A1%E3%83%96%E3%83%A9" n3="%E5%86%AC%E9%BA%BB" dan="15,14,15,14" rate="1977.14,2017.41,2029.69,2002.18" sx="M,F,M,F"/><TAIKYOKU oya="0"/><INIT seed="0,0,0,3,0,21" ten="250,250,250,250" oya="0" hai0="31,56,50,41,99,79,70,39,24,93,35,97,94" hai1="118,96,82,4,90,25,128,127,109,105,36,87,33" hai2="111,43,5,18,85,73,69,20,61,133,74,30,83" hai3="65,15,126,101,122,46,28,19,77,45,106,17,113"/><T9/><D70/><U32/><E118/><V114/><F114/><W27/><G113/><T63/><D39/><U88/><E36/><V76/><F43/><W48/><G122/><T78/><D9/><U125/><E128/><V72/><F5/><W54/><G126/><N who="1" m="48138" /><E109/><V52/><F111/><W1/><G1/><T80/><D50/><U14/><E4/><V58/><F69/><W92/><G106/><T42/><D79/><U86/><E14/><V95/><F30/><W131/><G131/><T134/><D134/><U130/><E130/><V112/><F112/><W11/><G77/><T59/><D56/><U60/><E60/><V75/><F133/><W62/><G46/><T120/><D120/><U123/><E123/><V40/><F40/><W22/><G101/><T102/><D59/><U129/><E129/><V117/><F117/><W121/><G92/><T103/><REACH who="0" step="1"/><D63/><REACH who="0" ten="240,250,250,250" step="2"/><U29/><E105/><V12/><REACH who="2" step="1"/><F73/><AGARI ba="0,1" hai="24,31,35,41,42,73,78,80,93,94,97,99,102,103" machi="73" ten="30,12000,1" yaku="1,1,2,1,7,1,9,1,52,1,53,0" doraHai="21" doraHaiUra="119" who="0" fromWho="2" sc="240,130,250,0,250,-120,250,0" /><INIT seed="0,1,0,1,3,106" ten="370,250,130,250" oya="0" hai0="87,10,115,72,120,98,91,51,31,53,126,82,102" hai1="109,17,112,50,92,15,24,22,68,38,129,66,4" hai2="110,83,60,2,7,45,114,130,67,14,35,100,59" hai3="40,104,34,20,13,84,123,122,41,99,5,124,16"/><T9/><D120/><N who="3" m="46121" /><G34/><T78/><D115/><U43/><E112/><V62/><F114/><W28/><G124/><T54/><D31/><U39/><E109/><V77/><F35/><W80/><G28/><T128/><D126/><U86/><E129/><V69/><F130/><W81/><G5/><T25/><D25/><U127/><E127/><V118/><F110/><W26/><G26/><T70/><D70/><U97/><E68/><V23/><F118/><W30/><G30/><T71/><D71/><U85/><E66/><V111/><F111/><W125/><G125/><T12/><D12/><U131/><E131/><V3/><F100/><N who="3" m="62495" /><G81/><T73/><D128/><U49/><E39/><V27/><F45/><W65/><G65/><T108/><D108/><U32/><E38/><V42/><F42/><W52/><G52/><T132/><D54/><U19/><E4/><V61/><F14/><W47/><G47/><T11/><D53/><U74/><E32/><V75/><F69/><W64/><G64/><T113/><D113/><U1/><E1/><V0/><REACH who="2" step="1"/><F7/><REACH who="2" ten="370,250,120,250" step="2"/><W63/><G41/><T21/><D102/><U101/><E43/><V95/><F95/><W116/><G40/><T48/><D132/><U88/><E101/><V121/><F121/><W133/><G133/><T90/><D82/><U96/><E15/><V89/><F89/><W119/><G80/><T58/><D90/><U94/><E88/><V93/><F93/><W36/><G119/><T117/><D91/><U44/><E44/><V105/><F105/><W135/><G116/><T76/><D117/><U57/><E94/><RYUUKYOKU ba="1,1" sc="370,-10,250,-10,120,30,250,-10" hai2="0,2,3,23,27,59,60,61,62,67,75,77,83" /><INIT seed="1,2,1,4,5,106" ten="360,240,150,240" oya="1" hai0="129,118,24,121,135,111,53,29,131,134,20,30,92" hai1="116,23,47,25,41,107,48,102,91,113,6,123,82" hai2="78,86,34,122,110,128,46,15,26,65,7,85,35" hai3="73,5,68,32,27,117,36,77,52,132,90,64,14"/><U2/><E123/><V9/><F122/><W42/><G132/><N who="0" m="50731" /><D121/><U0/><E116/><V12/><F110/><W17/><G117/><T76/><D118/><U3/><E113/><V63/><F128/><N who="0" m="49226" /><D111/><U126/><E126/><V101/><F101/><W119/><G119/><T104/><D104/><U61/><E6/><V95/><F46/><W124/><G5/><T74/><D92/><U56/><E102/><V80/><F26/><W45/><G45/><T39/><D39/><U51/><E107/><V4/><F95/><W69/><G36/><T130/><D130/><U75/><E51/><V13/><F85/><W59/><G42/><T125/><D53/><U55/><E91/><V49/><F49/><W8/><G52/><T120/><D120/><U72/><REACH who="1" step="1"/><E82/><REACH who="1" ten="360,230,150,240" step="2"/><V98/><F4/><W71/><G90/><T62/><D125/><U11/><E11/><V100/><F100/><W70/><G124/><T114/><D114/><U1/><N who="1" m="0" /><DORA hai="10" /><U60/><E60/><V83/><F83/><W33/><G8/><T43/><D62/><U103/><E103/><V38/><F38/><W50/><G50/><T94/><D94/><U57/><E57/><N who="2" m="37103" /><F98/><W37/><G70/><T112/><D112/><U96/><E96/><V87/><F7/><W108/><G69/><T127/><D127/><U54/><E54/><V22/><F9/><W93/><G71/><T109/><D109/><U44/><E44/><V88/><F88/><W67/><G68/><T58/><D58/><U79/><E79/><V81/><F81/><W40/><G77/><T133/><D133/><U21/><E21/><RYUUKYOKU ba="2,2" sc="360,-10,230,30,150,-10,240,-10" hai1="23,25,41,47,48,55,56,61,72,75" /><INIT seed="1,3,2,3,3,94" ten="350,260,140,230" oya="1" hai0="6,82,65,12,5,16,50,49,21,126,131,97,122" hai1="96,45,92,15,33,42,84,93,79,39,86,55,36" hai2="52,57,106,75,91,105,53,132,60,73,8,62,124" hai3="19,7,76,22,41,130,59,26,128,123,83,120,34"/><U31/><E33/><V125/><F8/><W14/><G41/><T72/><D65/><U27/><E31/><V18/><F18/><N who="3" m="12631" /><G59/><T56/><D126/><N who="2" m="48746" /><F132/><W74/><G7/><T110/><D110/><U11/><E27/><V134/><F134/><W63/><G34/><T107/><D131/><N who="3" m="50217" /><G63/><N who="2" m="24105" /><F91/><W87/><G74/><N who="2" m="28169" /><F57/><W29/><G29/><T129/><D129/><U9/><E42/><V48/><F48/><W88/><G76/><T80/><D72/><U81/><E79/><V113/><F113/><W51/><G51/><T4/><D56/><U127/><E127/><V24/><F24/><W119/><G119/><T46/><D50/><U69/><E11/><AGARI ba="3,2" hai="11,14,19,83,87,88,120,123" m="50217,12631" machi="11" ten="30,2000,0" yaku="19,1,54,1" doraHai="94" who="3" fromWho="1" sc="350,0,260,-29,140,0,230,49" /><INIT seed="2,0,0,1,3,47" ten="350,231,140,279" oya="2" hai0="92,48,18,57,28,111,123,36,132,67,104,33,88" hai1="54,77,8,84,40,89,42,0,66,63,12,46,41" hai2="131,15,124,93,2,95,70,14,45,4,129,24,108" hai3="75,5,127,19,65,116,21,6,101,20,76,112,72"/><V79/><F70/><W110/><G116/><T69/><D104/><U125/><E0/><V71/><F71/><W50/><G110/><T130/><D36/><U29/><E29/><V83/><F108/><W52/><G112/><T73/><D73/><U16/><E77/><V96/><F2/><W105/><G127/><T102/><D111/><U11/><E125/><V30/><F45/><W120/><G120/><T97/><D123/><U114/><E114/><V27/><F124/><W126/><G126/><T90/><D130/><N who="2" m="49674" /><F24/><W118/><G118/><T94/><D132/><U44/><E8/><N who="2" m="4359" /><F15/><W106/><G65/><T39/><D39/><U80/><REACH who="1" step="1"/><E54/><REACH who="1" ten="350,221,140,279" step="2"/><V3/><F3/><W133/><G76/><T7/><D28/><U91/><E91/><V68/><F96/><W60/><G133/><T82/><D90/><U38/><E38/><V32/><F68/><AGARI ba="0,1" hai="11,12,16,40,41,42,44,46,63,66,68,80,84,89" machi="68" ten="40,2600,0" yaku="1,1,54,1,53,0" doraHai="47" doraHaiUra="103" who="1" fromWho="2" sc="350,0,221,36,140,-26,279,0" /><INIT seed="3,0,0,0,2,103" ten="350,257,114,279" oya="3" hai0="100,95,20,74,87,44,117,32,42,106,97,116,17" hai1="59,68,18,75,73,7,71,60,35,86,38,76,107" hai2="21,84,65,93,66,15,85,8,53,119,130,122,133" hai3="67,23,39,92,114,121,25,134,112,57,118,28,123"/><W105/><G105/><T24/><D74/><U51/><E38/><V34/><F119/><W55/><G39/><T41/><D32/><U77/><E35/><V37/><F34/><W31/><G118/><T91/><D42/><U47/><E7/><V82/><F37/><AGARI ba="0,0" hai="17,20,24,37,41,44,87,91,95,97,100,106,116,117" machi="37" ten="30,2000,0" yaku="7,1,52,1" doraHai="103" who="0" fromWho="2" sc="350,20,257,0,114,-20,279,0" owari="370,47.0,257,-14.0,94,-41.0,279,8.0" /></mjloggm>