<mjloggm ver="2.3"><GO type="97" lobby="0"/><UN n0="%E3%81%AE%E3%81%81" n1="%41%4B%42%2D%34%38" n2="%E3%82%A6%E3%83%AB%E3%83%88%E3%83%A9%E7%AB%8B%E7%9B%B4" n3="%E3%81%AD%E3%81%93%E3%81%BE%E3%82%8B%EF%BC%92%EF%BC%94" dan="14,14,15,13" rate="1889.48,1935.40,1976.56,1914.15" sx="M,M,M,M"/><TAIKYOKU oya="0"/><INIT seed="0,0,0,0,1,13" ten="250,250,250,250" oya="0" hai0="83,46,43,38,34,92,27,79,82,97,88,111,110" hai1="76,11,15,102,133,0,17,51,35,23,48,58,135" hai2="113,25,134,65,10,132,96,70,45,47,117,14,62" hai3="118,127,93,53,60,106,121,66,99,1,28,116,33"/><T24/><D34/><U115/><E102/><V63/><F113/><W81/><G1/><T3/><D3/><U49/><E35/><V109/><F109/><N who="0" m="41482" /><D83/><U77/><E115/><V114/><F114/><W6/><G121/><T19/><D19/><N who="1" m="8703" /><E0/><V105/><F117/><W126/><G6/><T119/><D119/><U37/><E37/><V84/><F25/><W31/><G53/><T21/><D21/><U26/><E58/><V67/><F84/><AGARI ba="0,0" hai="24,27,38,43,46,79,82,84,88,92,97" m="41482" machi="84" ten="30,5800,0" yaku="14,1,10,1,54,1" doraHai="13" who="0" fromWho="2" sc="250,58,250,0,250,-58,250,0" /><INIT seed="0,1,0,2,4,33" ten="308,250,192,250" oya="0" hai0="109,89,9,97,72,13,38,55,30,111,133,25,110" hai1="50,42,128,135,16,3,126,75,115,130,119,102,18" hai2="26,46,36,53,60,103,105,57,66,11,0,70,85" hai3="80,79,22,6,40,113,112,132,86,71,5,93,17"/><T63/><D72/><U52/><E119/><V41/><F85/><W47/><G71/><T58/><D38/><U104/><E75/><V125/><F103/><W31/><G31/><T124/><D124/><U120/><E120/><V129/><F105/><W20/><G132/><T49/><D133/><U108/><E42/><V12/><F26/><W62/><G62/><T83/><D83/><U117/><E117/><V35/><F35/><W96/><G112/><T74/><D74/><U73/><E73/><V67/><F125/><W23/><G113/><T34/><D97/><N who="1" m="61519" /><E135/><V127/><F127/><W19/><G5/><T2/><D89/><U131/><E126/><V44/><F129/><W116/><G6/><N who="0" m="1239" /><D13/><U28/><E28/><V32/><F32/><W56/><G56/><T14/><D14/><U100/><E100/><V39/><F12/><W88/><REACH who="3" step="1"/><G116/><REACH who="3" ten="308,250,192,240" step="2"/><T91/><D91/><U107/><E115/><V1/><F11/><W64/><G64/><N who="2" m="24617" /><F1/><W99/><G99/><T122/><D122/><U59/><E3/><V68/><F0/><W51/><AGARI ba="1,1" hai="17,19,20,22,23,40,47,51,79,80,86,88,93,96" machi="51" ten="30,7900,0" yaku="1,1,0,1,8,1,54,1,53,0" doraHai="33" doraHaiUra="121" who="3" fromWho="3" sc="308,-40,250,-21,192,-21,240,92" /><INIT seed="1,0,0,4,5,16" ten="268,229,171,332" oya="1" hai0="44,106,116,51,130,68,105,101,89,92,99,125,32" hai1="97,75,18,76,4,91,7,56,24,64,5,128,54" hai2="41,15,119,30,93,120,8,19,6,132,86,55,69" hai3="117,9,10,78,131,83,39,62,13,23,112,127,81"/><U123/><E123/><V22/><F69/><W50/><G112/><T14/><D68/><U73/><E128/><V94/><F132/><W43/><G39/><T48/><D116/><U100/><E64/><V65/><F120/><W3/><G131/><T31/><D125/><U38/><E38/><V88/><F119/><W111/><G117/><T103/><D130/><U84/><E76/><V1/><F65/><W118/><G118/><T27/><D51/><U17/><E17/><V82/><F41/><W61/><G3/><T133/><D133/><U60/><E84/><V33/><F55/><W21/><G127/><T47/><D47/><U66/><E66/><V108/><F108/><W113/><G113/><T40/><REACH who="0" step="1"/><D14/><REACH who="0" ten="258,229,171,332" step="2"/><U72/><E91/><V28/><F28/><W85/><G50/><T49/><D49/><U80/><E80/><V109/><F109/><W20/><G81/><T42/><D42/><U52/><E54/><V11/><F11/><W26/><G111/><T59/><D59/><U114/><E114/><V37/><F37/><W104/><G43/><T45/><D45/><U124/><E124/><V35/><F35/><W71/><G71/><T115/><D115/><U107/><REACH who="1" step="1"/><E72/><REACH who="1" ten="258,219,171,332" step="2"/><V95/><F82/><W2/><G83/><T58/><D58/><U87/><E87/><V57/><F57/><W102/><G85/><T63/><D63/><U135/><E135/><V53/><F53/><W25/><G62/><T110/><D110/><U129/><E129/><V46/><F46/><W79/><G61/><T122/><D122/><U36/><E36/><V29/><F29/><RYUUKYOKU ba="0,2" sc="258,10,219,10,171,10,332,-30" hai0="27,31,32,40,44,48,89,92,99,101,103,105,106" hai1="4,5,7,18,24,52,56,60,73,75,97,100,107" hai2="1,6,8,15,19,22,30,33,86,88,93,94,95" /><INIT seed="1,1,2,4,2,60" ten="268,229,181,302" oya="1" hai0="9,23,35,122,43,25,8,6,84,29,71,79,83" hai1="90,17,123,32,132,19,34,28,77,53,121,109,37" hai2="58,101,14,7,11,85,95,51,91,94,3,52,99" hai3="92,87,135,2,38,59,86,46,65,22,105,134,128"/><U129/><E37/><V81/><REACH who="2" step="1"/><F3/><REACH who="2" ten="268,229,171,302" step="2"/><W116/><G2/><T78/><D122/><U76/><E123/><V30/><F30/><W119/><G116/><T15/><D71/><U42/><E121/><V130/><F130/><W97/><G119/><T104/><D104/><AGARI ba="1,3" hai="7,11,14,51,52,58,81,85,91,94,95,99,101,104" machi="104" ten="30,7700,0" yaku="21,2,7,1,54,1,53,0" doraHai="60" doraHaiUra="113" who="2" fromWho="0" sc="268,-80,229,0,171,110,302,0" /><INIT seed="2,0,0,2,2,108" ten="188,229,281,302" oya="2" hai0="128,0,99,26,132,14,129,89,73,135,110,112,123" hai1="72,6,66,91,97,95,70,102,68,76,58,40,13" hai2="30,92,10,19,126,130,79,105,17,116,65,111,56" hai3="125,27,124,98,74,55,20,96,45,60,86,119,28"/><V121/><F105/><W104/><G74/><T118/><D0/><U133/><E133/><N who="0" m="51273" /><D26/><U53/><E40/><V11/><F116/><W44/><G119/><T42/><D42/><U122/><E122/><V50/><F121/><W24/><G86/><T32/><D32/><U37/><E37/><V7/><F111/><W77/><G77/><T47/><D47/><U57/><E57/><V80/><F126/><N who="3" m="48747" /><G27/><T100/><D14/><U78/><E66/><V18/><F130/><N who="0" m="50282" /><D118/><U15/><E6/><V9/><F30/><W51/><G60/><T29/><D29/><U12/><E102/><V23/><F7/><W35/><G35/><T39/><D39/><U64/><E64/><V106/><F65/><W54/><G104/><N who="0" m="63519" /><D110/><U2/><E2/><V5/><F5/><W52/><G44/><T22/><D22/><U33/><E33/><V48/><F23/><W134/><G134/><T87/><D123/><U94/><E70/><V101/><F56/><W113/><G113/><T84/><D73/><U90/><E58/><V120/><F120/><W21/><G21/><T31/><D31/><U4/><E68/><V82/><F48/><W43/><AGARI ba="0,0" hai="20,24,28,43,45,51,52,54,55,96,98" m="48747" machi="43" ten="30,2000,0" yaku="18,1,54,1" doraHai="108" who="3" fromWho="3" sc="188,-5,229,-5,281,-10,302,20" /><INIT seed="3,0,0,4,0,11" ten="183,224,271,322" oya="3" hai0="123,43,69,9,8,135,55,29,70,33,75,92,93" hai1="42,59,130,115,110,19,37,52,53,76,120,101,66" hai2="47,6,113,23,57,24,86,14,2,22,125,62,119" hai3="116,44,10,105,46,131,134,96,50,99,51,80,63"/><W45/><G116/><T124/><D123/><U109/><E120/><V31/><F113/><W41/><G131/><T122/><D75/><U71/><E101/><V7/><F2/><W48/><G134/><T60/><D122/><U38/><E76/><V30/><F125/><W21/><G80/><T91/><D124/><U117/><E19/><N who="2" m="10615" /><F119/><W118/><G118/><T17/><D135/><U12/><E12/><V128/><F128/><W65/><G21/><T127/><D127/><U81/><E81/><V133/><F133/><W102/><G10/><T0/><D0/><U129/><E117/><V67/><F47/><W83/><G83/><T49/><D43/><U85/><E85/><V94/><F31/><W112/><G96/><T1/><D1/><U27/><E27/><V35/><F35/><W132/><G112/><T20/><D33/><U3/><E3/><V103/><F86/><W104/><G104/><T15/><D29/><U106/><E106/><V73/><F73/><W82/><G82/><T58/><D70/><U100/><E100/><V25/><F25/><W89/><G89/><T13/><D20/><U88/><E115/><V90/><F90/><W98/><G98/><AGARI ba="0,0" hai="6,7,23,24,30,57,62,67,94,98,103" m="10615" machi="98" ten="30,3900,0" yaku="25,1,8,1,52,1" doraHai="11" who="2" fromWho="3" sc="183,0,224,0,271,39,322,-39" owari="183,-32.0,224,-18.0,310,42.0,283,8.0" /></mjloggm>