<mjloggm ver="2.3"><GO type="97" lobby="0"/><UN n0="%E6%96%B0%E5%BA%84%E9%A6%99%E9%82%A3" n1="%E3%82%A6%E3%83%AB%E3%83%88%E3%83%A9%E7%AB%8B%E7%9B%B4" n2="%E3%81%99%E3%83%BC%E3%81%B1%E3%83%BC%E3%81%BE%E3%81%BB%E3%81%A3%E3%81%A1" n3="%E5%96%AB%E7%85%99%E8%80%85" dan="13,15,13,16" rate="1848.44,1998.93,1900.36,2113.76" sx="F,M,F,F"/><TAIKYOKU oya="0"/><INIT seed="0,0,0,5,5,77" ten="250,250,250,250" oya="0" hai0="40,58,125,123,88,20,68,59,43,49,111,104,135" hai1="53,52,118,65,84,60,74,51,16,95,105,78,46" hai2="69,56,113,54,7,61,72,55,76,26,103,114,92" hai3="19,93,121,115,29,129,39,132,127,57,24,96,134"/><T81/><D104/><U120/><E105/><V80/><F7/><W33/><G39/><T87/><D123/><U90/><E118/><V44/><F69/><W85/><G115/><T110/><D68/><U89/><E120/><V117/><F117/><W2/><G121/><T25/><D135/><N who="3" m="51753" /><G2/><T6/><D6/><U27/><E74/><V34/><F34/><W70/><G70/><T75/><D75/><U13/><E27/><V32/><F32/><W5/><G5/><T67/><D67/><U107/><E107/><V102/><F26/><W73/><G73/><T94/><D94/><U4/><E4/><V18/><F18/><W91/><G127/><T63/><D63/><U21/><E78/><V109/><F109/><N who="0" m="41482" /><D125/><U82/><E60/><V45/><F92/><W97/><G129/><T128/><D128/><U108/><E108/><V79/><F113/><W116/><G116/><T126/><D126/><U31/><E65/><V23/><F114/><W101/><G101/><T8/><D8/><U71/><E71/><V106/><F106/><W30/><G30/><N who="0" m="17703" /><D43/><N who="1" m="25055" /><E31/><V66/><F103/><W41/><G41/><T133/><D133/><U15/><E13/><V12/><F102/><W36/><G36/><T100/><D100/><U38/><E38/><V62/><F72/><W11/><G57/><T35/><D35/><U37/><E37/><V124/><F56/><W122/><G122/><T119/><D119/><U86/><AGARI ba="0,0" hai="15,16,21,52,53,82,84,86,89,90,95" m="25055" machi="86" ten="30,7900,0" yaku="8,1,52,1,54,2" doraHai="77" who="1" fromWho="1" sc="250,-39,250,79,250,-20,250,-20" /><INIT seed="1,0,0,3,4,89" ten="211,329,230,230" oya="1" hai0="80,115,39,0,47,95,2,112,22,123,120,20,130" hai1="93,106,44,3,103,82,4,87,94,128,12,122,67" hai2="46,113,36,21,70,57,69,100,63,127,18,16,88" hai3="54,135,30,50,8,62,6,51,64,101,133,33,77"/><U111/><E3/><N who="0" m="1065" /><D80/><U85/><E122/><N who="0" m="46633" /><D130/><U121/><E111/><V10/><F127/><W126/><G126/><T124/><D124/><U117/><E117/><V98/><F113/><N who="0" m="43594" /><D95/><N who="1" m="36363" /><E106/><V13/><F46/><W92/><G92/><T97/><D97/><U45/><E128/><V91/><F36/><W1/><G1/><T17/><D17/><U42/><E121/><V107/><F69/><W23/><G77/><T76/><D76/><N who="1" m="46279" /><E42/><AGARI ba="0,0" hai="20,22,39,42,47" m="43594,46633,1065" machi="42" ten="40,1300,0" yaku="13,1" doraHai="89" who="0" fromWho="1" sc="211,13,329,-13,230,0,230,0" /><INIT seed="2,0,0,4,3,83" ten="224,316,230,230" oya="2" hai0="82,45,24,65,119,94,58,99,81,13,127,22,48" hai1="4,122,101,29,108,73,20,85,118,123,7,86,55" hai2="130,66,131,64,103,80,75,100,105,26,128,12,79" hai3="132,19,25,121,124,23,106,93,16,111,68,50,120"/><V8/><F26/><W37/><G106/><T109/><D119/><U3/><E73/><V49/><F49/><W90/><G37/><T116/><D116/><U15/><E118/><V71/><F71/><W40/><G68/><T21/><D109/><U38/><E38/><V18/><REACH who="2" step="1"/><F105/><REACH who="2" ten="224,316,220,230" step="2"/><W135/><G111/><T134/><D134/><U133/><E133/><V57/><F57/><W11/><G132/><T98/><D127/><U87/><E108/><V42/><F42/><W56/><G135/><T46/><D48/><U59/><E123/><V67/><AGARI ba="0,1" hai="8,12,18,64,66,67,75,79,80,100,103,128,130,131" machi="67" ten="40,12000,1" yaku="1,1,0,1,19,1,53,1" doraHai="83" doraHaiUra="14" who="2" fromWho="2" sc="224,-40,316,-40,220,130,230,-40" /><INIT seed="2,1,0,0,2,135" ten="184,276,350,190" oya="2" hai0="128,118,132,93,46,15,62,85,28,45,112,8,66" hai1="68,27,114,2,5,104,134,22,83,124,14,80,116" hai2="44,72,98,105,19,51,107,82,60,31,131,75,39" hai3="47,87,115,108,55,16,0,127,123,89,95,65,59"/><V125/><F131/><W25/><G123/><T13/><D128/><U121/><E83/><V57/><F39/><W92/><G0/><T10/><D112/><U97/><E80/><V11/><F31/><W34/><G115/><T69/><D118/><U109/><E97/><V91/><F75/><W122/><G122/><T37/><D28/><U73/><E14/><V24/><F72/><W42/><G108/><T38/><D132/><U76/><E27/><V23/><F11/><W33/><G65/><T17/><D38/><U58/><E58/><V126/><F82/><W43/><G95/><T100/><D37/><U74/><E22/><V26/><F26/><W106/><G106/><T96/><REACH who="0" step="1"/><D85/><REACH who="0" ten="174,276,350,190" step="2"/><U64/><E74/><V53/><F98/><W67/><G87/><T110/><D110/><U129/><E76/><V88/><F105/><W30/><G30/><T81/><D81/><U94/><E94/><V56/><F107/><W90/><G92/><T9/><D9/><U6/><E116/><V70/><F70/><W21/><G34/><T18/><AGARI ba="1,1" hai="8,10,13,15,17,18,45,46,62,66,69,93,96,100" machi="18" ten="20,5200,0" yaku="1,1,0,1,7,1,9,1,53,0" doraHai="135" doraHaiUra="36" who="0" fromWho="0" sc="174,65,276,-14,350,-27,190,-14" /><INIT seed="3,0,0,4,0,63" ten="239,262,323,176" oya="3" hai0="28,70,31,8,47,3,19,25,79,102,93,72,7" hai1="84,85,110,27,13,48,76,115,133,61,52,6,53" hai2="90,129,42,88,56,64,77,82,14,21,17,125,49" hai3="120,126,119,81,57,5,62,118,30,18,39,29,40"/><W96/><G120/><T92/><D70/><U108/><E115/><V20/><F129/><W32/><G5/><T95/><D47/><N who="1" m="27679" /><E27/><V87/><F125/><W67/><G126/><T66/><D19/><U4/><E133/><V128/><F128/><W24/><G30/><T99/><D31/><U35/><E35/><V116/><F116/><W100/><G39/><T71/><D79/><U23/><E76/><V33/><F33/><W89/><G40/><T75/><D72/><U50/><E61/><N who="2" m="37927" /><F21/><W36/><G36/><T59/><D71/><U114/><E114/><V74/><F74/><W55/><G18/><T98/><D75/><U68/><E68/><V26/><F26/><W37/><G37/><T83/><D83/><U104/><E104/><V78/><F78/><W16/><G16/><T97/><D59/><N who="1" m="33207" /><E6/><V54/><F42/><W46/><G46/><AGARI ba="0,0" hai="14,17,20,46,49,54,77,82,87,88,90" m="37927" machi="46" ten="30,3900,0" yaku="8,1,52,1,54,1" doraHai="63" who="2" fromWho="3" sc="239,0,262,0,323,39,176,-39" owari="239,-16.0,262,6.0,362,46.0,137,-36.0" /></mjloggm>