<mjloggm ver="2.3"><GO type="97" lobby="0"/><UN n0="%74%68%75%6E%64%65%72%39" n1="%E3%82%A6%E3%83%AB%E3%83%88%E3%83%A9%E7%AB%8B%E7%9B%B4" n2="%E4%BB%8B%E5%AD%90%E9%8C%90%E3%81%95%E3%82%93" n3="%41%4B%42%2D%34%38" dan="14,15,15,14" rate="1932.34,1982.71,1929.23,1898.57" sx="M,M,M,M"/><TAIKYOKU oya="0"/><INIT seed="0,0,0,5,3,64" ten="250,250,250,250" oya="0" hai0="78,13,12,76,121,5,97,47,56,92,11,35,53" hai1="123,23,0,18,72,99,52,29,74,90,1,19,66" hai2="32,10,115,22,40,2,3,33,116,46,86,6,135" hai3="84,104,63,54,42,81,89,62,58,93,44,102,79"/><T7/><D35/><N who="2" m="13386" /><F86/><W30/><G30/><T67/><D121/><U98/><E29/><V15/><F46/><W95/><G95/><T131/><D131/><U49/><E66/><V21/><F40/><W60/><G104/><T118/><D118/><U26/><E49/><V41/><F41/><W59/><G59/><T108/><D108/><U28/><E28/><V43/><F43/><W14/><G14/><T83/><D67/><U45/><E45/><V122/><F116/><W73/><G102/><T77/><D47/><U70/><E90/><V128/><F122/><W82/><G82/><T25/><D25/><U91/><E91/><V100/><F100/><W129/><REACH who="3" step="1"/><G129/><REACH who="3" ten="250,250,250,240" step="2"/><T75/><D12/><U4/><E123/><V9/><F128/><W117/><G117/><T24/><D24/><U94/><E94/><V132/><F2/><W85/><G85/><T120/><D120/><U68/><E1/><V48/><F3/><W61/><G61/><T16/><D77/><U109/><E0/><V124/><F15/><W134/><G134/><T112/><D78/><U101/><E101/><V39/><F135/><W57/><G57/><T71/><D71/><U103/><E103/><V88/><F132/><W17/><G17/><T31/><D31/><U105/><E68/><V37/><F88/><W106/><G106/><T65/><D112/><U111/><E70/><V69/><F115/><W50/><AGARI ba="0,1" hai="42,44,50,54,58,60,62,63,73,79,81,84,89,93" machi="50" ten="20,5200,0" yaku="1,1,0,1,7,1,53,1" doraHai="64" doraHaiUra="38" who="3" fromWho="3" sc="250,-26,250,-13,250,-13,240,62" /><INIT seed="1,0,0,2,4,1" ten="224,237,237,302" oya="1" hai0="28,15,81,58,23,98,75,104,103,100,19,60,116" hai1="115,49,79,26,32,71,16,36,63,50,109,132,47" hai2="14,56,34,134,113,89,72,87,94,124,43,110,133" hai3="88,99,69,17,9,7,128,78,45,37,123,108,114"/><U67/><E115/><V135/><F72/><W59/><G114/><T27/><D116/><U18/><E132/><V92/><F113/><W77/><G123/><T111/><D111/><U8/><E109/><V82/><F110/><W96/><G69/><T40/><D40/><U93/><E36/><V13/><F34/><W10/><G108/><T68/><D68/><U64/><E79/><V44/><F56/><W57/><G128/><T106/><D103/><U31/><E67/><V22/><F124/><W74/><G99/><T83/><D75/><U66/><E66/><V24/><F13/><W122/><G122/><T21/><REACH who="0" step="1"/><D104/><REACH who="0" ten="214,237,237,302" step="2"/><U2/><E71/><V120/><F120/><W97/><G74/><T105/><D105/><U90/><E64/><AGARI ba="0,1" hai="15,19,21,23,27,28,58,60,64,81,83,98,100,106" machi="64" ten="30,2000,0" yaku="1,1,7,1,53,0" doraHai="1" doraHaiUra="6" who="0" fromWho="1" sc="214,30,237,-20,237,0,302,0" /><INIT seed="2,0,0,4,3,44" ten="244,217,237,302" oya="2" hai0="67,23,22,64,9,24,93,132,46,71,131,27,127" hai1="72,58,80,49,114,134,118,28,130,19,124,10,7" hai2="65,21,0,112,115,104,90,101,98,8,11,17,88" hai3="109,5,100,116,83,37,34,45,96,78,59,56,75"/><V123/><F123/><W16/><G116/><T12/><D131/><U113/><E118/><V99/><F65/><W50/><G34/><T36/><D71/><U89/><E130/><V79/><F79/><W92/><G37/><T32/><D32/><U15/><E124/><V42/><F42/><W122/><G109/><T126/><D132/><U25/><E134/><V26/><F99/><W1/><G122/><T39/><D46/><U117/><E117/><V68/><F68/><W81/><G81/><T2/><D93/><U61/><E7/><V110/><F110/><W18/><G5/><T108/><D108/><U87/><E72/><V48/><F48/><W106/><G1/><T120/><D120/><U74/><E74/><V53/><F53/><W57/><REACH who="3" step="1"/><G106/><REACH who="3" ten="244,217,237,292" step="2"/><T60/><D2/><U20/><E114/><V133/><F133/><W41/><AGARI ba="0,1" hai="16,18,41,45,50,56,57,59,75,78,83,92,96,100" machi="41" ten="30,12000,2" yaku="1,1,2,1,0,1,52,1,54,1,53,1" doraHai="44" doraHaiUra="107" who="3" fromWho="3" sc="244,-30,217,-30,237,-60,292,130" /><INIT seed="3,0,0,4,3,123" ten="214,187,177,422" oya="3" hai0="78,1,84,132,86,2,72,48,114,64,109,52,22" hai1="92,121,56,65,30,118,27,117,101,126,51,46,119" hai2="120,113,103,26,97,135,96,128,9,110,3,104,80" hai3="75,122,43,13,14,85,20,24,35,95,29,73,6"/><W57/><G122/><T34/><D34/><U42/><E121/><V74/><F120/><W108/><G43/><T19/><D64/><U58/><E126/><V127/><F26/><W93/><G57/><T32/><D32/><N who="1" m="20575" /><E65/><V67/><F67/><W15/><G6/><T60/><D132/><U133/><E133/><V47/><F135/><W102/><G35/><T98/><D114/><U107/><E107/><V61/><F61/><W79/><G95/><T21/><D109/><U106/><E106/><V94/><F110/><W59/><G108/><T16/><D60/><U31/><E31/><V112/><F127/><W100/><G100/><T69/><D69/><U89/><E101/><N who="2" m="62511" /><F47/><W39/><G39/><T10/><D98/><AGARI ba="0,0" hai="42,46,51,56,58,89,92,98,117,118,119" m="20575" machi="98" ten="30,1000,0" yaku="12,1" doraHai="123" who="1" fromWho="0" sc="214,-10,187,10,177,0,422,0" owari="204,0.0,197,-20.0,177,-32.0,422,52.0" /></mjloggm>