<mjloggm ver="2.3"><GO type="41" lobby="0"/><UN n0="%6B%61%6D%65%31%39%37%32" n1="%E3%83%9E%E3%83%BC%E3%83%86%E3%82%A3%E3%83%BC%E5%85%88%E7%94%9F" n2="%E7%B5%A6%E6%B0%B4%E5%A1%94" n3="%E3%82%A6%E3%83%AB%E3%83%88%E3%83%A9%E7%AB%8B%E7%9B%B4" dan="14,13,13,16" rate="1815.20,2014.80,1912.10,2069.66" sx="M,M,M,M"/><TAIKYOKU oya="0"/><INIT seed="0,0,0,4,1,27" ten="250,250,250,250" oya="0" hai0="1,82,79,119,3,59,39,90,56,101,47,52,113" hai1="4,69,106,60,31,15,134,23,112,36,72,80,67" hai2="105,99,77,45,64,122,83,88,63,133,42,115,102" hai3="28,21,50,37,57,125,33,85,54,22,12,14,84"/><T94/><D113/><U81/><E134/><V68/><F115/><W43/><G125/><T109/><D119/><U41/><E112/><V9/><F133/><W111/><G111/><T120/><D109/><U17/><E106/><V49/><F122/><W135/><G135/><T35/><D120/><U34/><E72/><V108/><F108/><W107/><G107/><T11/><D35/><U93/><E93/><V32/><F32/><W131/><G131/><T129/><D129/><U124/><E124/><V130/><F130/><W100/><G100/><T16/><D3/><U92/><E92/><V76/><REACH who="2" step="1"/><F9/><REACH who="2" ten="250,250,240,250" step="2"/><W29/><G33/><T5/><D101/><U65/><E34/><V18/><F18/><W2/><G2/><T96/><D16/><U116/><E17/><V61/><F61/><W20/><G12/><T75/><REACH who="0" step="1"/><D52/><REACH who="0" ten="240,250,240,250" step="2"/><U51/><E116/><V78/><F78/><W26/><G14/><T38/><D38/><U127/><E15/><V128/><F128/><W48/><G37/><T95/><D95/><U126/><E36/><V40/><F40/><AGARI ba="0,2" hai="1,5,11,39,40,47,56,59,75,79,82,90,94,96" machi="40" ten="40,7700,0" yaku="1,1,25,2,53,0" doraHai="27" doraHaiUra="25" who="0" fromWho="2" sc="240,97,250,0,240,-77,250,0" /><INIT seed="0,1,0,3,2,39" ten="337,250,163,250" oya="0" hai0="110,80,123,100,9,46,20,12,6,130,53,90,84" hai1="5,52,29,124,127,57,10,71,38,109,77,133,61" hai2="13,34,28,108,104,87,97,132,65,48,113,24,40" hai3="31,16,27,49,64,60,58,41,106,33,111,81,126"/><T115/><D123/><U25/><E109/><V95/><F113/><W72/><G111/><T42/><D110/><U18/><E133/><V103/><F108/><W114/><G106/><T7/><D115/><U116/><E116/><V129/><F129/><W62/><G114/><T15/><D130/><U83/><E71/><V96/><F132/><W51/><G126/><T79/><D100/><U1/><E38/><V14/><F65/><W54/><G81/><T0/><D53/><U119/><E18/><V131/><F131/><W35/><G72/><T3/><D90/><U66/><E119/><V47/><F87/><W8/><G35/><T45/><D45/><U135/><E135/><V55/><F55/><W121/><G121/><T63/><D63/><U76/><E66/><V11/><F11/><W105/><G105/><T107/><D107/><U93/><E93/><V91/><AGARI ba="1,0" hai="13,14,24,28,34,40,47,48,91,95,96,97,103,104" machi="91" ten="20,2700,0" yaku="0,1,7,1,52,1" doraHai="39" who="2" fromWho="2" sc="337,-14,250,-8,163,30,250,-8" /><INIT seed="1,0,0,0,3,130" ten="323,242,193,242" oya="1" hai0="69,56,25,29,93,83,18,50,60,43,134,90,110" hai1="31,84,89,115,102,13,42,38,3,46,67,6,107" hai2="7,21,88,2,45,74,32,108,30,109,75,99,24" hai3="39,48,27,122,135,52,92,41,22,113,66,17,103"/><U133/><E115/><V20/><F45/><W98/><G113/><T129/><D110/><N who="2" m="42602" /><F7/><W121/><G66/><T111/><D129/><U71/><E3/><V87/><F99/><W28/><G135/><T125/><D111/><U132/><E102/><V118/><F2/><W14/><G41/><T119/><D119/><U49/><E107/><V82/><F118/><W114/><G39/><T64/><D125/><U96/><E96/><V51/><F51/><W78/><G78/><T101/><D18/><U91/><E31/><V85/><F85/><W120/><G114/><T15/><D15/><U77/><E49/><V16/><F20/><W4/><G4/><T44/><D83/><N who="1" m="47215" /><E13/><AGARI ba="0,0" hai="13,16,21,24,30,32,74,75,82,87,88" m="42602" machi="13" ten="30,3900,0" yaku="14,1,54,2" doraHai="130" who="2" fromWho="1" sc="323,0,242,-39,193,39,242,0" /><INIT seed="2,0,0,2,1,25" ten="323,203,232,242" oya="2" hai0="83,24,79,56,42,71,39,16,97,7,81,10,122" hai1="53,13,33,73,52,65,88,69,114,60,1,29,126" hai2="59,37,93,107,5,127,109,26,3,18,32,102,23" hai3="38,85,95,72,111,41,116,119,44,70,130,11,43"/><V75/><F75/><W64/><G85/><T34/><D122/><U27/><E114/><V94/><F37/><W20/><G95/><T90/><D71/><U17/><E1/><V51/><F127/><W19/><G19/><T134/><D134/><U55/><E126/><V0/><F0/><W89/><G20/><T30/><D56/><U40/><E73/><V124/><F124/><W91/><G89/><T8/><D42/><U87/><E40/><V63/><F109/><W78/><G91/><T118/><D118/><U28/><E28/><V21/><F21/><W84/><G84/><T99/><D39/><U47/><E47/><V113/><F113/><W132/><G43/><T86/><D10/><U103/><E103/><V15/><F51/><W12/><G12/><T6/><D6/><U108/><E108/><V92/><F107/><W100/><G111/><T110/><D110/><U36/><E36/><V98/><F63/><W35/><G132/><T125/><D125/><U66/><E66/><V49/><F49/><W128/><G100/><T54/><D54/><U61/><E60/><V131/><F131/><W22/><G22/><T4/><D4/><U68/><E68/><V123/><F59/><W62/><G11/><T135/><D135/><U120/><E120/><V104/><F123/><W14/><G14/><T101/><D101/><U48/><E48/><V82/><F82/><N who="3" m="45383" /><G35/><T117/><D117/><AGARI ba="0,0" hai="38,41,44,62,64,70,116,117,119,128,130" m="45383" machi="117" ten="30,1000,0" yaku="23,1" doraHai="25" who="3" fromWho="0" sc="323,-10,203,0,232,0,242,10" /><INIT seed="3,0,0,4,4,94" ten="313,203,232,252" oya="3" hai0="64,22,122,126,11,133,2,106,1,39,15,4,79" hai1="101,88,40,134,123,99,51,125,50,75,37,32,53" hai2="73,90,119,120,70,83,35,48,87,49,109,60,30" hai3="114,55,10,82,81,84,12,47,41,57,36,19,130"/><W43/><G130/><T91/><D122/><U0/><E123/><V33/><F119/><W104/><G114/><T27/><D106/><U103/><E0/><N who="0" m="105" /><D39/><U29/><E75/><V18/><F18/><W111/><G104/><T80/><D91/><U59/><E125/><V34/><F34/><W13/><G111/><T131/><D64/><U71/><E134/><V113/><F113/><W45/><G13/><T54/><D54/><U28/><E32/><V58/><F58/><W52/><G57/><T26/><D80/><U46/><E71/><V89/><F89/><W86/><G82/><T17/><D79/><U121/><E121/><V42/><F42/><W117/><G117/><T6/><D126/><U95/><E37/><V24/><F24/><N who="0" m="9258" /><D131/><U100/><AGARI ba="0,0" hai="28,29,40,46,50,51,53,59,88,95,99,100,101,103" machi="100" ten="30,7900,0" yaku="0,1,8,1,52,1,54,1" doraHai="94" who="1" fromWho="1" sc="313,-20,203,79,232,-20,252,-39" /><INIT seed="4,0,0,0,3,107" ten="293,282,212,213" oya="0" hai0="117,76,15,37,2,43,89,65,131,113,84,90,122" hai1="104,58,46,59,48,98,32,51,12,21,7,105,110" hai2="5,119,60,25,94,44,39,93,75,86,42,74,120" hai3="80,134,79,50,20,10,19,29,35,135,47,77,17"/><T40/><D122/><U91/><E110/><V111/><F111/><W66/><G66/><T36/><D117/><U81/><E32/><V115/><F115/><W16/><G79/><T106/><D113/><U85/><E48/><V9/><F9/><W52/><G35/><T28/><D131/><U24/><E105/><V130/><F130/><W88/><G10/><T103/><D2/><U70/><E70/><V108/><F108/><W31/><G20/><T38/><D28/><N who="1" m="17423" /><E104/><V133/><F133/><N who="3" m="50699" /><G88/><T26/><D26/><U126/><E126/><V67/><F67/><W92/><G92/><T101/><D65/><U56/><E98/><V53/><F53/><W99/><G99/><T95/><D15/><U45/><E51/><V128/><F128/><W22/><G22/><T96/><D103/><U82/><E82/><V49/><F49/><W33/><G33/><T118/><D118/><U78/><E78/><V116/><F116/><W100/><G100/><T129/><D129/><U8/><AGARI ba="0,0" hai="7,8,12,45,46,56,58,59,81,85,91" m="17423" machi="8" ten="30,1100,0" yaku="8,1" doraHai="107" who="1" fromWho="1" sc="293,-5,282,11,212,-3,213,-3" /><INIT seed="5,0,0,0,5,41" ten="288,293,209,210" oya="1" hai0="19,77,58,71,45,24,119,84,95,12,26,124,90" hai1="9,62,98,97,28,133,125,100,73,96,22,87,50" hai2="86,29,129,121,75,64,0,20,63,79,85,52,126" hai3="102,44,80,120,56,114,112,110,103,81,54,51,14"/><U122/><E122/><V91/><F91/><W67/><G120/><T78/><D119/><U57/><E73/><V108/><F108/><W69/><G110/><T117/><D117/><U25/><E125/><V135/><F135/><W115/><G69/><T1/><D1/><U116/><E133/><V13/><F13/><W76/><G14/><T105/><D105/><U49/><E116/><V65/><F65/><W61/><REACH who="3" step="1"/><G81/><REACH who="3" ten="288,293,209,200" step="2"/><T47/><D124/><U132/><E132/><V7/><F7/><W53/><G53/><T72/><D71/><U8/><E100/><V17/><F17/><W93/><G93/><T18/><D72/><AGARI ba="0,1" hai="44,51,54,56,61,67,72,76,80,102,103,112,114,115" machi="72" ten="40,5200,0" yaku="1,1,15,1,52,1,53,0" doraHai="41" doraHaiUra="88" who="3" fromWho="0" sc="288,-52,293,0,209,0,200,62" /><INIT seed="6,0,0,3,1,114" ten="236,293,209,262" oya="2" hai0="85,10,33,22,50,86,68,5,94,37,28,7,45" hai1="67,116,55,32,119,101,11,54,132,124,19,120,16" hai2="31,40,48,23,79,105,24,103,41,58,104,13,76" hai3="80,72,17,30,15,83,49,9,73,115,121,125,53"/><V106/><F106/><W63/><G121/><T84/><D68/><U27/><E67/><V56/><F56/><W100/><G125/><T61/><D37/><U4/><E101/><V26/><F26/><W92/><G115/><T44/><D33/><U123/><E132/><V66/><F66/><W122/><G122/><N who="1" m="46634" /><E124/><V35/><F35/><W62/><G30/><T75/><D75/><U2/><E32/><V6/><F6/><W3/><G3/><T69/><D69/><U134/><E134/><V42/><F42/><W108/><G108/><T102/><D61/><U91/><E91/><V111/><F111/><W43/><G73/><T107/><D107/><U52/><E27/><V51/><F104/><W29/><G72/><T113/><D113/><U65/><E65/><V12/><F105/><W71/><G71/><T135/><D135/><U90/><E90/><V70/><F70/><W34/><G34/><T93/><D102/><U133/><E133/><V59/><F103/><W87/><G63/><T131/><D131/><U36/><E36/><V89/><F89/><W126/><G126/><T82/><D82/><U127/><E127/><V57/><F24/><W88/><G100/><T130/><D130/><U117/><AGARI ba="0,0" hai="2,4,11,16,19,52,54,55,116,117,119" m="46634" machi="117" ten="40,12000,2" yaku="13,1,52,3,54,2" doraHai="114" who="1" fromWho="1" sc="236,-30,293,120,209,-60,262,-30" /><INIT seed="7,0,0,2,1,89" ten="206,413,149,232" oya="3" hai0="48,90,13,9,50,105,33,86,104,117,53,108,102" hai1="21,47,32,36,97,92,58,91,121,56,10,124,14" hai2="95,44,35,110,115,1,103,98,66,125,0,82,114" hai3="135,119,133,15,34,87,100,106,132,7,83,88,59"/><W49/><G34/><T52/><D117/><U63/><E32/><V127/><F110/><W76/><G119/><T40/><D108/><U17/><E121/><V60/><F44/><W118/><G118/><T79/><D33/><U43/><E124/><V38/><F38/><W85/><G15/><T107/><D79/><U61/><E58/><V77/><F35/><W28/><G7/><T6/><D40/><U55/><E10/><V84/><F125/><W64/><G28/><T69/><D69/><U99/><E99/><V4/><F4/><W116/><G116/><T57/><D102/><U3/><E3/><V41/><F41/><W80/><G64/><T112/><D112/><U78/><REACH who="1" step="1"/><E78/><REACH who="1" ten="206,403,149,232" step="2"/><V12/><F127/><W81/><G59/><T93/><REACH who="0" step="1"/><D107/><REACH who="0" ten="196,403,149,232" step="2"/><U68/><E68/><V20/><F114/><W37/><G106/><T75/><D75/><U74/><E74/><V129/><F115/><W31/><G133/><T71/><D71/><U130/><E130/><V122/><F129/><W67/><G135/><T46/><AGARI ba="0,2" hai="6,9,13,46,48,50,52,53,57,86,90,93,104,105" machi="46" ten="20,8000,1" yaku="1,1,0,1,7,1,52,1,54,1,53,0" doraHai="89" doraHaiUra="62" who="0" fromWho="0" sc="196,100,403,-20,149,-20,232,-40" owari="296,10.0,383,48.0,129,-37.0,192,-21.0" /></mjloggm>