<mjloggm ver="2.3"><GO type="97" lobby="0"/><UN n0="%E3%82%AB%E3%83%A9%E3%82%B9%E3%81%AE%E5%AD%90" n1="%E6%B1%90%E9%AF%89%E3%83%9E%E3%83%9E" n2="%E3%82%A6%E3%83%AB%E3%83%88%E3%83%A9%E7%AB%8B%E7%9B%B4" n3="%E8%A3%8F%E8%BF%94%E3%82%8A" dan="15,13,15,14" rate="2023.48,1840.47,1992.01,1895.87" sx="M,F,M,M"/><TAIKYOKU oya="0"/><INIT seed="0,0,0,1,3,34" ten="250,250,250,250" oya="0" hai0="78,59,131,89,7,107,22,73,99,85,20,28,103" hai1="17,53,21,64,0,48,2,122,31,100,101,97,118" hai2="40,77,95,113,74,35,93,13,41,112,102,60,126" hai3="114,8,133,16,29,90,80,57,119,88,33,6,115"/><T5/><D131/><U86/><E122/><V79/><F35/><W116/><G133/><T96/><D96/><U38/><E118/><V47/><F126/><W109/><G109/><T25/><D22/><U106/><E38/><V134/><F134/><W69/><G69/><T51/><D51/><U128/><E31/><V66/><F13/><W58/><G80/><T98/><D98/><U37/><E37/><V46/><F60/><W121/><G121/><T75/><D59/><N who="3" m="22537" /><G29/><T27/><D27/><U124/><E64/><V120/><F120/><W32/><G88/><T117/><D117/><N who="3" m="45129" /><G90/><T26/><D26/><U11/><E11/><V111/><F111/><W36/><G36/><T123/><D123/><U39/><E39/><V52/><F102/><W44/><G44/><T91/><D91/><U76/><E101/><V68/><F68/><W10/><G6/><T1/><D1/><U61/><E128/><V42/><F66/><W54/><G115/><T72/><REACH who="0" step="1"/><D78/><REACH who="0" ten="240,250,250,250" step="2"/><U104/><E61/><V12/><F79/><W55/><G114/><T92/><AGARI ba="0,1" hai="5,7,20,25,28,72,73,75,85,89,92,99,103,107" machi="92" ten="30,6000,0" yaku="1,1,2,1,0,1,53,0" doraHai="34" doraHaiUra="132" who="0" fromWho="0" sc="240,70,250,-20,250,-20,250,-20" /><INIT seed="0,1,0,3,1,4" ten="310,230,230,230" oya="0" hai0="37,57,40,68,99,88,89,54,1,131,51,2,42" hai1="34,38,90,105,32,27,127,15,46,75,134,81,6" hai2="29,83,106,91,107,67,20,74,108,133,82,41,10" hai3="64,66,36,128,59,120,52,55,135,125,103,21,35"/><T73/><D68/><U100/><E134/><V50/><F133/><W132/><G35/><T13/><D73/><U11/><E127/><V121/><F121/><W76/><G76/><T43/><D37/><U72/><E34/><V45/><F108/><W28/><G103/><T116/><D116/><U19/><E105/><V95/><F67/><W22/><G36/><T48/><D131/><U25/><E100/><V49/><F106/><W23/><G28/><T65/><D65/><U129/><E129/><V92/><F107/><W112/><G128/><T47/><D2/><U110/><E110/><V109/><F74/><W9/><G112/><T114/><D1/><N who="1" m="463" /><E72/><V60/><F60/><W117/><G125/><T119/><D119/><U78/><E90/><N who="0" m="34921" /><D114/><U98/><E98/><V124/><F124/><W96/><G96/><T118/><D118/><U0/><E0/><V70/><F70/><W126/><G117/><T26/><D99/><U5/><E5/><V86/><F109/><W18/><G126/><T31/><D13/><U130/><E32/><V14/><F92/><W80/><G120/><T62/><D62/><U122/><E130/><V71/><F71/><W44/><G135/><T33/><D33/><U77/><E77/><V104/><F104/><W123/><G132/><T84/><D84/><U7/><E7/><N who="2" m="3423" /><F50/><N who="3" m="28743" /><G123/><T113/><D113/><U79/><E79/><V53/><F41/><N who="0" m="15978" /><D31/><U39/><E122/><V97/><F97/><W16/><G66/><T69/><D69/><U87/><E87/><V3/><F3/><W30/><G64/><T115/><D115/><U58/><E38/><RYUUKYOKU ba="1,0" sc="310,15,230,-15,230,15,230,-15" hai0="26,43,47,48,51,54,57" hai2="20,29,45,49,53,82,83,86,91,95" /><INIT seed="0,2,0,5,2,134" ten="325,215,245,215" oya="0" hai0="124,37,0,118,103,86,129,54,88,132,125,72,33" hai1="28,96,31,63,34,74,57,113,82,120,85,68,50" hai2="35,12,95,104,55,77,52,114,51,97,91,112,2" hai3="47,67,61,127,26,7,121,30,78,5,93,17,14"/><T109/><D118/><U122/><E113/><V89/><F2/><W21/><G121/><T130/><D132/><U64/><E74/><V49/><F35/><W117/><G117/><T108/><D37/><U75/><E75/><V53/><F104/><W65/><G78/><T87/><D72/><U116/><E116/><V32/><F32/><W36/><G36/><T39/><D39/><U71/><E96/><V3/><F3/><W13/><G47/><T18/><D33/><U70/><E50/><V60/><F77/><W24/><G13/><T11/><D103/><U22/><E34/><V123/><F123/><W128/><G128/><N who="0" m="49259" /><D86/><U38/><E38/><V44/><F114/><W58/><G65/><T19/><D54/><U81/><E81/><V9/><F112/><W66/><G66/><T8/><D0/><U105/><E105/><V126/><F60/><W48/><G67/><T135/><D135/><U107/><E107/><V10/><F55/><N who="3" m="32103" /><G61/><T98/><D98/><U111/><E111/><N who="0" m="42569" /><D11/><U6/><E122/><V42/><F10/><W80/><G7/><T84/><D84/><U92/><E120/><V4/><F53/><W83/><G5/><T56/><D56/><U46/><E6/><V40/><F52/><W41/><G41/><T101/><D101/><U29/><E46/><V133/><F133/><W131/><G131/><T100/><D100/><U62/><E62/><V45/><F91/><W79/><G79/><T25/><D8/><U69/><N who="1" m="17920" /><DORA hai="94" /><U23/><E82/><V119/><F119/><W1/><G83/><N who="0" m="49279" /><D25/><U90/><AGARI ba="2,0" hai="22,23,28,29,31,57,63,64,85,90,92" m="17920" machi="90" ten="60,2000,0" yaku="0,1" doraHai="134,94" who="1" fromWho="1" sc="325,-12,215,26,245,-7,215,-7" /><INIT seed="1,0,0,5,4,88" ten="313,241,238,208" oya="1" hai0="114,9,18,43,124,11,50,87,25,72,91,80,86" hai1="47,103,84,74,68,62,28,38,30,119,20,96,35" hai2="4,113,49,81,135,63,61,36,107,34,78,14,16" hai3="44,54,95,117,131,76,51,93,108,64,42,102,109"/><U105/><E119/><V77/><F34/><W94/><G117/><T75/><D114/><U60/><E84/><V134/><F36/><W104/><G131/><T26/><D124/><U79/><E20/><N who="2" m="11287" /><F107/><W120/><G120/><T15/><D75/><U65/><E28/><V82/><F4/><W39/><G76/><N who="2" m="29289" /><F49/><W27/><G27/><N who="0" m="10251" /><D72/><U122/><E60/><N who="2" m="23115" /><F113/><W90/><G64/><T12/><D87/><U58/><E58/><V67/><F67/><W132/><G132/><AGARI ba="0,0" hai="81,82,132,134,135" m="23115,29289,11287" machi="132" ten="30,2000,0" yaku="20,1,54,1" doraHai="88" who="2" fromWho="3" sc="313,0,241,0,238,20,208,-20" /><INIT seed="2,0,0,1,0,37" ten="313,241,258,188" oya="2" hai0="57,123,27,122,50,90,103,124,116,102,7,55,70" hai1="21,97,101,51,84,34,91,135,105,2,59,92,11" hai2="119,107,66,31,82,52,61,118,48,79,28,14,43" hai3="0,127,45,20,108,26,12,120,83,117,39,125,80"/><V19/><F107/><W128/><G0/><T126/><D70/><U58/><E135/><V18/><F18/><W99/><G120/><N who="0" m="46123" /><D116/><U134/><E134/><V17/><F17/><W63/><G117/><T133/><D7/><U10/><E34/><V3/><F3/><W96/><G128/><T36/><D36/><U72/><E72/><V32/><F32/><W68/><G108/><T53/><D133/><U129/><E129/><V93/><F93/><W24/><G68/><T85/><D27/><U44/><E11/><V54/><F118/><W131/><G131/><T4/><D55/><N who="2" m="21034" /><F119/><W33/><G33/><T111/><D4/><U130/><E130/><V56/><F82/><W78/><G83/><N who="0" m="49471" /><D111/><U13/><E21/><N who="2" m="11511" /><F79/><W30/><G78/><T35/><D35/><U100/><E100/><V60/><F60/><W110/><G63/><T114/><D114/><U94/><E105/><V47/><AGARI ba="0,0" hai="28,31,43,47,48,56,61,66" m="11511,21034" machi="47" ten="30,6000,0" yaku="8,1,52,1,54,1" doraHai="37" who="2" fromWho="2" sc="313,-20,241,-20,258,60,188,-20" /><INIT seed="2,1,0,2,0,84" ten="293,221,318,168" oya="2" hai0="5,93,40,29,70,18,91,118,100,61,122,6,128" hai1="72,36,90,26,41,114,94,129,49,60,83,71,124" hai2="48,8,127,107,2,51,97,47,52,34,58,131,96" hai3="105,65,67,116,43,101,62,109,7,69,85,0,121"/><V42/><F34/><W59/><G121/><T133/><D122/><U14/><E114/><V56/><F107/><W55/><G116/><T21/><D118/><U17/><E124/><V111/><F127/><W132/><G109/><T25/><D133/><U89/><E36/><V35/><F35/><W50/><G132/><T23/><D128/><U68/><E129/><V22/><F131/><W119/><G119/><T1/><D1/><U66/><E71/><V92/><F111/><W134/><G134/><T103/><D70/><U73/><E26/><V11/><F2/><W108/><G108/><T113/><D113/><U24/><E24/><V37/><F97/><W13/><G101/><N who="0" m="38987" /><D61/><U27/><E27/><V82/><F82/><W79/><G105/><T95/><D95/><U31/><E31/><V135/><F135/><W30/><G0/><T28/><D40/><U125/><E125/><V87/><F96/><W63/><G69/><T104/><D104/><U45/><E94/><V64/><F22/><W4/><G30/><N who="0" m="11883" /><D21/><U20/><REACH who="1" step="1"/><E83/><REACH who="1" ten="293,211,318,168" step="2"/><V3/><F37/><W106/><G106/><T102/><D102/><U19/><E19/><V9/><F3/><W123/><G123/><T76/><D6/><U78/><E78/><V16/><F16/><W39/><G79/><T10/><D76/><U86/><E86/><V81/><F92/><W110/><G85/><N who="0" m="52463" /><D5/><U46/><E46/><N who="2" m="27767" /><F64/><W38/><G67/><T74/><D74/><AGARI ba="1,1" hai="14,17,20,41,45,49,60,66,68,72,73,74,89,90" machi="74" ten="40,5200,0" yaku="1,1,52,2,53,0" doraHai="84" doraHaiUra="33" who="1" fromWho="0" sc="293,-55,211,65,318,0,168,0" /><INIT seed="3,0,0,4,1,118" ten="238,276,318,168" oya="3" hai0="129,16,107,102,55,21,108,92,8,121,45,105,26" hai1="31,34,125,41,135,79,23,113,39,28,70,54,19" hai2="1,9,46,0,111,98,127,38,110,50,104,116,49" hai3="12,17,122,126,89,59,2,24,88,6,74,103,43"/><W11/><G74/><T69/><D108/><N who="2" m="41514" /><F116/><W78/><G78/><T62/><D129/><U75/><E113/><V83/><F127/><W27/><G126/><T67/><D121/><U101/><E125/><V112/><F112/><W40/><G122/><T114/><D114/><U95/><E70/><V124/><F124/><W52/><G103/><T37/><D102/><U77/><E135/><V51/><F83/><W72/><G72/><T36/><D92/><U25/><E54/><V91/><F9/><N who="3" m="6287" /><G2/><T73/><D73/><U85/><E75/><V61/><F61/><N who="3" m="36071" /><G11/><T100/><D100/><U30/><E34/><V48/><F38/><W66/><G6/><T133/><D133/><U68/><E68/><V99/><F104/><W76/><G76/><N who="1" m="29258" /><E41/><N who="3" m="15946" /><G66/><T44/><D37/><U42/><E42/><N who="2" m="24663" /><F91/><AGARI ba="0,0" hai="24,27,88,89,91" m="15946,36071,6287" machi="91" ten="30,5800,0" yaku="8,1,54,2" doraHai="118" who="3" fromWho="2" sc="238,0,276,0,318,-58,168,58" /><INIT seed="3,1,0,4,1,35" ten="238,276,260,226" oya="3" hai0="85,74,126,123,28,109,75,73,103,76,92,48,79" hai1="7,72,96,68,18,111,25,57,39,128,81,114,61" hai2="12,71,131,105,58,66,117,101,106,56,65,26,116" hai3="27,5,3,113,121,108,22,129,4,120,37,91,49"/><W110/><G37/><T11/><D109/><N who="3" m="42089" /><G113/><T29/><D123/><N who="3" m="47177" /><G129/><T14/><D126/><U135/><E114/><V50/><F12/><W107/><G107/><T41/><D79/><U33/><E68/><V8/><F8/><W19/><G3/><T52/><D41/><U119/><E39/><V15/><F15/><W127/><G127/><T100/><D76/><U115/><E115/><V86/><F71/><W54/><G91/><T87/><D85/><U97/><E128/><V53/><F131/><W45/><AGARI ba="1,0" hai="4,5,19,22,27,45,49,54" m="47177,42089" machi="45" ten="30,3000,0" yaku="14,1,10,1" doraHai="35" who="3" fromWho="3" sc="238,-11,276,-11,260,-11,226,33" /><INIT seed="3,2,0,5,3,67" ten="227,265,249,259" oya="3" hai0="121,70,20,129,42,15,112,81,75,99,9,108,80" hai1="40,56,91,133,48,96,114,45,59,49,89,2,58" hai2="41,4,125,106,115,84,101,64,118,85,7,11,90" hai3="17,12,65,69,92,22,78,60,1,30,100,25,18"/><W130/><G1/><T73/><D121/><U35/><E35/><V93/><F125/><W29/><G130/><T77/><D129/><U68/><E2/><V21/><F118/><W113/><G78/><T26/><D108/><U135/><E114/><V82/><F115/><W131/><G131/><T104/><D112/><U95/><E68/><V71/><F41/><W88/><G100/><T128/><D128/><U110/><E110/><V6/><F21/><W63/><G63/><T36/><D36/><U79/><E79/><V98/><F64/><W66/><G66/><T10/><D10/><U14/><E14/><V57/><F57/><W116/><G116/><T132/><D132/><N who="1" m="50763" /><E91/><V61/><F61/><W8/><G113/><T23/><D70/><U105/><E105/><V38/><F38/><AGARI ba="2,0" hai="38,40,45,48,49,56,58,59,89,95,96" m="50763" machi="38" ten="30,1000,0" yaku="20,1" doraHai="67" who="1" fromWho="2" sc="227,0,265,16,249,-16,259,0" /><INIT seed="4,0,0,3,2,25" ten="227,281,233,259" oya="0" hai0="108,52,47,86,46,44,90,0,120,134,91,31,22" hai1="98,35,71,54,100,13,38,129,10,12,82,79,57" hai2="78,2,127,63,41,32,114,116,102,89,64,67,59" hai3="27,130,131,39,132,81,24,77,105,70,21,92,9"/><T1/><D120/><U5/><E38/><V118/><F2/><W85/><G105/><T93/><D1/><U65/><E129/><N who="3" m="49162" /><G70/><T125/><D0/><U33/><E13/><V23/><F32/><W97/><G39/><T34/><D34/><U3/><E12/><V122/><F122/><W56/><G132/><T17/><D134/><U115/><E115/><V45/><F102/><W36/><G36/><T6/><D125/><U109/><E109/><V72/><F127/><W88/><G21/><T20/><D108/><U62/><E54/><N who="2" m="34295" /><F23/><N who="0" m="8746" /><D6/><U104/><E57/><V119/><F89/><W76/><G9/><T124/><D124/><U55/><E55/><V19/><F19/><W42/><G42/><T16/><D31/><U48/><E48/><N who="2" m="26671" /><F114/><W80/><G56/><T99/><D52/><U110/><E110/><V83/><AGARI ba="0,0" hai="64,67,72,78,83,116,118,119" m="26671,34295" machi="83" ten="40,1500,0" yaku="12,1" doraHai="25" who="2" fromWho="2" sc="227,-7,281,-4,233,15,259,-4" /><INIT seed="5,0,0,5,3,114" ten="220,277,248,255" oya="1" hai0="37,19,7,3,76,52,11,35,104,108,41,70,6" hai1="113,84,128,79,117,89,57,96,90,103,111,68,40" hai2="38,133,129,121,135,65,26,43,130,20,17,16,54" hai3="102,72,50,64,67,107,77,131,5,33,87,81,85"/><U91/><E68/><V22/><F121/><W112/><G33/><T122/><D122/><U97/><E40/><V58/><F65/><W66/><G112/><T134/><D108/><U69/><E57/><V98/><F98/><W78/><G131/><N who="2" m="50185" /><F43/><W80/><G72/><T93/><D134/><N who="2" m="51210" /><F38/><W119/><G119/><T126/><D126/><U24/><E24/><N who="2" m="14343" /><F58/><W2/><G2/><T27/><D41/><U63/><E63/><V132/><N who="2" m="51218" /><V13/><DORA hai="120" /><F54/><W48/><G5/><T1/><D37/><U86/><E69/><V4/><F4/><W51/><G102/><T9/><D70/><U127/><E117/><V28/><F13/><W32/><G107/><T73/><D104/><N who="1" m="63591" /><E113/><V125/><F125/><W61/><REACH who="3" step="1"/><G32/><REACH who="3" ten="220,277,248,245" step="2"/><T101/><D35/><U10/><E128/><V45/><F45/><W56/><AGARI ba="0,1" hai="48,50,51,56,61,64,66,67,77,78,80,81,85,87" machi="56" ten="30,8000,1" yaku="1,1,2,1,0,1,9,1,8,1,53,0" doraHai="114,120" doraHaiUra="109,21" who="3" fromWho="3" sc="220,-20,277,-40,248,-20,245,90" owari="200,-30.0,237,4.0,228,-17.0,335,43.0" /></mjloggm>