<mjloggm ver="2.3"><GO type="97" lobby="0"/><UN n0="%E2%98%85%54%49%46%41%E2%98%85" n1="%6E%7A%6B%74%6B%74" n2="%E8%89%B2%E3%81%AF%E5%8C%82%E3%81%B8%E3%81%A9%E6%95%A3%E3%82%8A" n3="%E3%82%A6%E3%83%AB%E3%83%88%E3%83%A9%E7%AB%8B%E7%9B%B4" dan="15,13,13,15" rate="1933.13,2026.57,1876.60,2043.51" sx="F,M,M,M"/><TAIKYOKU oya="0"/><INIT seed="0,0,0,5,5,110" ten="250,250,250,250" oya="0" hai0="114,102,81,73,55,94,135,127,69,75,31,19,27" hai1="9,14,116,48,118,18,82,42,86,47,40,33,26" hai2="8,99,17,45,3,68,123,84,79,72,105,128,115" hai3="36,24,111,67,54,93,43,85,50,61,74,46,21"/><T107/><D69/><U92/><E40/><V100/><F123/><W131/><G74/><T57/><D107/><U49/><E49/><V35/><F17/><W13/><G111/><T20/><D135/><U1/><E1/><V108/><F108/><W95/><G131/><T52/><D114/><U62/><E62/><V28/><F84/><W11/><G85/><T126/><D31/><U23/><E33/><V109/><F109/><W25/><G25/><T10/><D10/><U124/><E92/><V83/><F128/><W44/><G21/><T104/><D104/><U113/><E124/><N who="0" m="47657" /><D81/><U34/><E34/><V7/><F45/><W90/><G24/><T60/><D55/><U117/><E113/><V51/><F51/><W22/><G22/><T76/><D76/><U12/><E12/><V58/><F58/><W133/><G133/><T2/><D2/><U53/><E42/><V87/><F87/><W70/><G90/><T98/><AGARI ba="0,0" hai="19,20,27,52,57,60,73,75,94,98,102" m="47657" machi="98" ten="30,3000,0" yaku="18,1,54,1" doraHai="110" who="0" fromWho="0" sc="250,30,250,-10,250,-10,250,-10" /><INIT seed="0,1,0,1,0,2" ten="280,240,240,240" oya="0" hai0="135,113,26,61,119,21,50,134,75,87,78,6,96" hai1="130,51,30,72,107,53,27,37,132,77,82,35,76" hai2="12,19,52,79,126,41,92,68,54,33,129,97,98" hai3="11,85,20,34,131,120,38,100,104,63,59,83,65"/><T4/><D113/><U73/><E37/><V112/><F112/><W60/><G34/><T88/><D119/><U95/><E107/><V115/><F115/><W106/><G38/><T103/><D61/><U102/><E130/><V8/><F68/><W44/><G131/><T80/><D50/><U118/><E118/><V114/><F114/><W23/><G120/><T31/><D78/><U125/><E132/><N who="0" m="50729" /><D75/><U0/><E0/><V74/><F33/><W43/><G106/><AGARI ba="1,0" hai="4,6,21,26,31,80,87,88,96,103,106" m="50729" machi="106" ten="30,11600,0" yaku="20,1,52,2,54,1" doraHai="2" who="0" fromWho="3" sc="280,119,240,0,240,0,240,-119" /><INIT seed="0,2,0,2,3,105" ten="399,240,240,121" oya="0" hai0="21,108,92,94,32,81,24,26,27,87,14,42,78" hai1="51,106,79,3,0,112,44,127,131,120,75,38,31" hai2="9,95,18,82,25,90,84,61,109,118,45,58,128" hai3="48,65,39,59,124,13,91,132,23,103,129,52,66"/><T30/><D108/><U49/><E31/><V16/><F109/><W70/><G39/><T96/><D42/><U98/><E44/><V121/><F121/><W97/><G124/><T41/><D41/><U133/><E51/><V34/><F128/><W19/><G129/><T69/><D69/><U62/><E49/><V60/><F118/><W67/><G132/><T35/><D35/><U135/><E62/><V2/><F45/><W63/><REACH who="3" step="1"/><G91/><REACH who="3" ten="399,240,240,111" step="2"/><N who="0" m="55327" /><D32/><U76/><E135/><V12/><F34/><W126/><G126/><T102/><D30/><U72/><E133/><V88/><F90/><W22/><G22/><T33/><D33/><U50/><E127/><V53/><F2/><W122/><G122/><T85/><D21/><U115/><E38/><V11/><F9/><W74/><G74/><T5/><D102/><U119/><E120/><V80/><F60/><W47/><G47/><T83/><D5/><U104/><E131/><V37/><F37/><W55/><G55/><T56/><D56/><U134/><E134/><V54/><F53/><W20/><G20/><AGARI ba="2,1" hai="11,12,16,18,20,25,54,58,61,80,82,84,88,95" machi="20" ten="40,5200,0" yaku="8,1,54,2" doraHai="105" who="2" fromWho="3" sc="399,0,240,0,240,68,111,-58" /><INIT seed="1,0,0,3,0,28" ten="399,240,308,53" oya="1" hai0="14,42,130,8,19,133,81,26,75,109,83,36,50" hai1="38,85,80,121,114,37,131,66,29,126,88,68,25" hai2="21,103,53,35,128,48,101,99,104,2,62,33,61" hai3="45,127,57,76,67,135,51,54,20,91,69,129,23"/><U59/><E121/><V124/><F2/><W39/><G127/><T98/><D36/><U6/><E126/><V3/><F3/><W113/><G129/><T16/><D130/><U87/><E131/><V47/><F124/><W79/><G135/><T55/><D42/><U94/><E6/><V18/><F128/><W43/><G91/><T74/><D133/><U106/><E106/><V32/><REACH who="2" step="1"/><F103/><REACH who="2" ten="399,240,298,53" step="2"/><W70/><G113/><T71/><D109/><U46/><E114/><V65/><F65/><W58/><G76/><T12/><D74/><U78/><E68/><V118/><F118/><W123/><G79/><T9/><D71/><N who="3" m="27145" /><G20/><T0/><D75/><U24/><E46/><V125/><F125/><W72/><G23/><T132/><D0/><U30/><E66/><V13/><AGARI ba="0,1" hai="13,18,21,32,33,35,47,48,53,61,62,99,101,104" machi="13" ten="30,8000,1" yaku="1,1,0,1,52,3,53,0" doraHai="28" doraHaiUra="82" who="2" fromWho="2" sc="399,-20,240,-40,298,90,53,-20" /><INIT seed="2,0,0,2,2,41" ten="379,200,388,33" oya="2" hai0="74,91,119,15,114,77,128,102,31,57,35,72,67" hai1="0,99,127,90,14,79,121,118,124,48,17,29,83" hai2="24,39,26,130,133,44,53,40,80,37,87,68,54" hai3="64,89,59,101,103,94,111,2,108,36,110,47,52"/><V65/><F133/><W45/><G2/><T60/><D114/><U18/><E0/><V84/><F130/><W9/><G9/><T122/><D122/><U1/><E1/><V33/><F37/><W86/><G64/><T5/><D77/><U23/><E118/><V7/><F7/><W135/><G135/><T131/><D102/><N who="3" m="38921" /><G36/><T88/><D119/><U22/><E121/><V8/><F8/><W62/><AGARI ba="0,0" hai="45,47,52,59,62,86,89,94,108,110,111" m="38921" machi="62" ten="40,8000,1" yaku="14,1,52,2,54,1" doraHai="41" who="3" fromWho="3" sc="379,-20,200,-20,388,-40,33,80" /><INIT seed="3,0,0,5,2,127" ten="359,180,348,113" oya="3" hai0="25,19,63,92,44,108,39,6,118,13,95,84,33" hai1="135,78,94,26,109,14,111,24,91,45,119,11,132" hai2="98,62,5,102,34,70,54,43,69,97,123,131,64" hai3="15,38,1,73,80,89,58,56,90,115,22,27,85"/><W83/><G1/><T101/><D118/><U36/><E78/><V76/><F34/><W28/><G38/><T50/><D39/><U42/><E119/><V113/><F113/><W66/><G115/><T106/><D106/><U134/><E91/><V40/><F131/><W112/><G112/><T86/><D108/><N who="1" m="41547" /><E94/><V10/><F123/><W4/><G66/><T74/><D63/><U100/><E100/><V35/><F35/><W104/><G104/><T103/><D33/><U82/><E82/><V75/><F69/><W32/><G73/><T49/><D49/><U31/><E31/><V87/><F75/><W121/><G121/><T47/><D47/><U81/><E81/><V88/><F76/><W57/><G32/><T2/><D25/><U105/><E105/><V110/><F110/><W96/><G96/><T125/><D6/><AGARI ba="0,0" hai="6,11,14,24,26,36,42,45,132,134,135" m="41547" machi="6" ten="40,2600,0" yaku="20,1,14,1" doraHai="127" who="1" fromWho="0" sc="359,-26,180,26,348,0,113,0" owari="333,13.0,206,-19.0,348,45.0,113,-39.0" /></mjloggm>