<mjloggm ver="2.3"><GO type="97" lobby="0"/><UN n0="%E5%90%B9%E9%9B%AA%E3%82%A2%E3%83%84%E3%83%A4" n1="%52%6F%6D%6F%39%39%39%39" n2="%E3%82%A6%E3%83%AB%E3%83%88%E3%83%A9%E7%AB%8B%E7%9B%B4" n3="%67%75%70%70%79%39%38" dan="15,14,15,14" rate="1996.53,1887.52,2041.06,1982.25" sx="M,M,M,M"/><TAIKYOKU oya="0"/><INIT seed="0,0,0,5,5,10" ten="250,250,250,250" oya="0" hai0="20,9,128,80,100,112,104,3,79,98,117,83,132" hai1="39,51,53,90,115,119,133,13,34,55,113,22,111" hai2="17,42,78,59,14,135,84,105,26,109,27,41,122" hai3="70,121,89,125,130,69,33,19,72,45,107,15,61"/><T118/><D112/><U67/><E39/><V126/><F105/><W2/><G15/><T47/><D132/><U12/><E119/><V43/><F135/><W32/><G19/><T21/><D83/><U6/><E133/><V99/><F109/><W28/><G28/><T131/><D21/><U31/><E111/><V106/><F126/><W68/><G89/><T123/><D123/><U96/><E67/><V5/><F5/><W85/><G85/><T73/><D20/><U64/><E64/><V94/><F59/><W38/><G45/><T25/><D25/><N who="1" m="16823" /><E34/><V86/><F106/><W24/><G24/><N who="2" m="9257" /><F122/><W110/><G61/><T23/><D23/><U1/><E1/><V40/><N who="2" m="10240" /><DORA hai="57" /><V36/><F36/><W120/><G32/><T108/><D47/><N who="1" m="27903" /><E55/><V56/><F56/><W95/><G68/><T50/><D50/><U102/><E90/><N who="2" m="55767" /><F78/><W60/><G70/><T75/><D108/><U82/><E82/><V30/><F30/><W66/><G120/><T35/><D35/><U18/><E18/><V134/><F134/><W92/><G121/><T88/><D3/><U124/><E6/><V63/><F63/><W71/><G110/><T81/><D81/><U29/><E29/><V46/><F46/><W8/><G71/><T97/><D80/><U58/><E58/><V101/><F101/><W44/><G44/><T114/><D100/><U49/><E49/><V76/><F76/><W87/><G69/><T103/><D79/><U74/><E74/><V7/><F7/><W65/><G38/><T116/><D75/><U0/><E124/><V129/><F129/><RYUUKYOKU ba="0,0" sc="250,-10,250,-10,250,30,250,-10" hai2="14,17,84,86" /><INIT seed="1,1,0,2,0,20" ten="240,240,280,240" oya="1" hai0="83,121,52,63,110,95,13,39,117,116,42,122,6" hai1="75,80,77,90,115,130,103,57,99,26,19,123,43" hai2="16,7,8,119,133,48,89,120,84,35,25,105,113" hai3="5,1,91,56,31,28,112,96,92,24,2,11,21"/><U33/><E123/><N who="0" m="47113" /><D110/><U131/><E115/><V129/><F105/><W71/><G112/><T61/><D39/><U29/><E43/><V114/><F129/><N who="1" m="49161" /><E57/><V27/><F133/><W22/><G71/><T4/><D42/><U60/><E60/><V70/><F70/><W10/><G56/><T36/><D36/><U45/><E45/><V68/><F68/><W82/><G82/><T102/><D83/><U93/><E19/><V37/><F37/><W135/><G135/><T81/><D81/><U18/><E18/><V72/><F48/><W124/><G124/><T46/><D13/><U127/><E90/><V69/><F69/><W85/><G96/><N who="0" m="59679" /><D63/><U55/><E55/><V59/><F120/><W98/><G98/><T0/><D0/><U65/><E65/><V109/><F114/><W73/><G73/><T62/><D62/><U64/><E64/><V34/><F72/><W128/><G128/><T106/><D106/><U38/><E38/><V49/><F113/><W41/><G41/><T15/><D61/><U14/><E14/><V76/><F49/><W40/><G40/><T23/><D15/><U107/><E93/><V51/><F51/><W30/><REACH who="3" step="1"/><G22/><REACH who="3" ten="240,240,280,230" step="2"/><T132/><D23/><U100/><E100/><V66/><F59/><W108/><G108/><T88/><D132/><U58/><E58/><V79/><F109/><W12/><G12/><T17/><D46/><U47/><E47/><V118/><F66/><W94/><G94/><T125/><D125/><AGARI ba="1,1" hai="26,29,33,75,77,80,99,103,107,125,127" m="49161" machi="125" ten="30,5800,0" yaku="19,1,23,1,52,1" doraHai="20" who="1" fromWho="0" sc="240,-61,240,71,280,0,230,0" /><INIT seed="1,2,0,1,3,49" ten="179,311,280,230" oya="1" hai0="4,9,68,40,21,58,111,114,93,117,63,102,29" hai1="57,65,98,97,39,119,14,77,90,78,47,34,101" hai2="0,96,71,33,5,73,118,26,45,43,80,15,36" hai3="16,85,32,92,30,52,41,67,61,8,120,108,59"/><U87/><E34/><V72/><F15/><N who="3" m="7271" /><G108/><T104/><D114/><U35/><E35/><V10/><F118/><W56/><G120/><T11/><D68/><U133/><E133/><V95/><F71/><W110/><G110/><T55/><D111/><U109/><E119/><V42/><F42/><W22/><G32/><T105/><D117/><U3/><E3/><V48/><F48/><N who="3" m="30727" /><G41/><T86/><D40/><U129/><E129/><V46/><F46/><W62/><G62/><T127/><D127/><U103/><E47/><V128/><F128/><W94/><G85/><T1/><D105/><U113/><E113/><V115/><F115/><W106/><G106/><T7/><D104/><U89/><E109/><V51/><F51/><W12/><G12/><T28/><D21/><U134/><E14/><V44/><F44/><W74/><G74/><T60/><D60/><U2/><E134/><V135/><F135/><W88/><G88/><T20/><D20/><U100/><E2/><V64/><F73/><W79/><G79/><T70/><D70/><U81/><E39/><V91/><F33/><W18/><G18/><T132/><D132/><U50/><E50/><V13/><F13/><W130/><G130/><T82/><D1/><U121/><E121/><V38/><F38/><W125/><G125/><T37/><D37/><U69/><E69/><V107/><F107/><W116/><G116/><T24/><D63/><N who="1" m="38127" /><E89/><V66/><F72/><W122/><G122/><T124/><D124/><U54/><E54/><V123/><F123/><W112/><G112/><T83/><D55/><U84/><E77/><RYUUKYOKU ba="2,0" sc="179,-15,311,15,280,-15,230,15" hai1="78,81,84,87,90,97,98,100,101,103" hai3="22,30,59,61,67,92,94" /><INIT seed="1,3,0,5,4,131" ten="164,326,265,245" oya="1" hai0="8,76,42,103,118,100,10,5,0,135,24,102,93" hai1="48,1,7,58,4,113,70,59,121,88,14,82,89" hai2="114,23,2,81,55,98,52,85,99,90,17,84,123" hai3="119,57,108,104,111,127,62,107,117,77,3,9,105"/><U45/><E113/><V41/><F2/><W126/><G9/><T39/><D118/><N who="3" m="45065" /><G3/><T72/><D10/><U47/><E121/><V130/><F123/><W69/><G77/><T129/><D129/><U80/><E70/><V95/><F130/><W12/><G12/><T106/><D106/><N who="3" m="27137" /><W115/><DORA hai="56" /><G115/><T22/><D93/><U32/><E32/><V96/><F114/><W30/><G30/><T6/><D6/><N who="1" m="2091" /><E1/><V110/><F110/><N who="3" m="42027" /><G69/><T120/><D120/><U134/><E134/><V66/><F23/><W19/><G19/><T51/><D76/><U49/><E14/><V25/><F17/><W16/><G16/><T132/><D72/><U40/><E82/><V83/><F25/><W74/><G74/><T79/><D79/><U34/><E34/><V46/><F83/><W27/><G27/><T125/><D39/><U73/><E73/><V109/><F109/><W13/><G13/><T44/><REACH who="0" step="1"/><D125/><REACH who="0" ten="154,326,265,245" step="2"/><U75/><E75/><V11/><F11/><W63/><G57/><N who="1" m="21514" /><E80/><V31/><F81/><W112/><G112/><T18/><AGARI ba="3,1" hai="0,5,8,18,22,24,42,44,51,100,102,103,132,135" machi="18" ten="30,7900,0" yaku="1,1,0,1,52,2,53,0" doraHai="131,56" doraHaiUra="64,124" who="0" fromWho="0" sc="154,98,326,-42,265,-23,245,-23" /><INIT seed="2,0,0,1,1,131" ten="252,284,242,222" oya="2" hai0="48,50,118,102,95,121,0,114,54,112,68,101,135" hai1="117,28,18,64,9,41,36,21,56,73,97,34,58" hai2="90,75,63,119,92,115,25,29,6,79,15,1,17" hai3="45,10,46,85,86,59,116,55,128,125,61,60,132"/><V113/><F119/><W44/><G116/><T53/><D68/><U91/><E73/><V94/><F75/><W51/><G128/><T24/><D118/><U122/><E117/><V32/><F79/><W100/><G100/><T52/><D0/><U14/><E34/><V13/><F63/><W87/><G125/><T82/><D121/><U3/><E36/><V38/><F92/><W103/><G103/><T2/><D2/><U108/><E41/><V89/><F38/><W123/><G123/><T49/><D82/><U47/><E47/><V134/><F90/><W109/><G109/><T78/><D95/><U93/><E108/><V5/><F89/><W42/><G132/><T31/><D78/><U4/><E122/><V99/><F94/><W133/><G133/><T111/><D111/><U104/><E104/><V96/><F99/><W23/><G42/><T65/><D135/><U107/><E107/><V110/><F96/><W27/><REACH who="3" step="1"/><G10/><REACH who="3" ten="252,284,242,212" step="2"/><T126/><D126/><U124/><E124/><V77/><F134/><W127/><G127/><T37/><D102/><U26/><E64/><V80/><F110/><W20/><G20/><T39/><D65/><U33/><AGARI ba="0,1" hai="3,4,9,14,18,21,26,28,33,56,58,91,93,97" machi="33" ten="20,5200,0" yaku="0,1,7,1,24,2" doraHai="131" who="1" fromWho="1" sc="252,-13,284,62,242,-26,212,-13" /><INIT seed="3,0,0,5,5,89" ten="239,346,216,199" oya="3" hai0="133,60,58,99,35,107,55,115,46,12,128,75,94" hai1="10,82,24,123,124,3,30,68,90,0,129,21,125" hai2="4,103,7,16,15,96,18,119,131,27,52,8,132" hai3="76,116,23,50,41,118,57,28,81,6,45,34,113"/><W40/><G113/><T49/><D35/><U48/><E68/><V59/><F119/><W134/><G134/><T54/><D75/><U92/><E82/><V37/><F37/><W13/><G34/><T121/><D107/><U63/><E129/><V91/><F91/><W39/><G41/><T127/><D127/><N who="1" m="48715" /><E123/><V25/><F131/><W88/><G39/><T110/><D121/><U61/><E48/><N who="2" m="31111" /><F132/><W66/><G118/><T106/><D55/><U65/><E10/><V120/><F120/><W64/><G116/><T42/><D12/><U100/><E100/><V93/><F18/><N who="3" m="10703" /><G6/><AGARI ba="0,0" hai="4,6,7,8,15,16,25,27,93,96,103" m="31111" machi="6" ten="30,7700,0" yaku="8,1,52,1,54,2" doraHai="89" who="2" fromWho="3" sc="239,0,346,0,216,77,199,-77" owari="239,-16.0,346,45.0,293,9.0,122,-38.0" /></mjloggm>