<mjloggm ver="2.3"><GO type="97" lobby="0"/><UN n0="%E3%81%8F%E3%81%88%E3%82%93%E3%81%9D%E3%81%86" n1="%E3%81%A9%E3%82%89%E3%81%81%E3%81%BD%E3%82%93" n2="%E3%82%A6%E3%83%AB%E3%83%88%E3%83%A9%E7%AB%8B%E7%9B%B4" n3="%E3%82%A4%E3%82%B5%E3%82%AD" dan="13,15,14,15" rate="1879.98,1996.02,1919.54,1993.78" sx="M,M,M,M"/><TAIKYOKU oya="0"/><INIT seed="0,0,0,1,3,52" ten="250,250,250,250" oya="0" hai0="118,81,27,69,26,37,45,112,29,8,84,64,42" hai1="106,54,132,9,17,71,20,123,85,36,35,75,13" hai2="5,74,25,115,41,32,61,43,0,79,98,76,51" hai3="128,72,120,93,53,111,89,97,134,28,86,31,130"/><T55/><D112/><U30/><E75/><V92/><F115/><W66/><G66/><T107/><D118/><U65/><E132/><V83/><F76/><W80/><G134/><T12/><D107/><U56/><E36/><V127/><F127/><W63/><G111/><T59/><D29/><U94/><E106/><V49/><F5/><W121/><G72/><T102/><D102/><U129/><E129/><N who="3" m="49770" /><G53/><T40/><D42/><U78/><E35/><V57/><F0/><W117/><G63/><N who="0" m="40095" /><D12/><U126/><E126/><V95/><F43/><W119/><G28/><T15/><D15/><U1/><E1/><V18/><F41/><W10/><G31/><T87/><D8/><U2/><E2/><V99/><F32/><W125/><G10/><T68/><D68/><U14/><E30/><V110/><F110/><W88/><G125/><T46/><D46/><U70/><E65/><V11/><F11/><W67/><G67/><T21/><D21/><U82/><E123/><AGARI ba="0,0" hai="80,86,88,89,93,97,117,119,120,121,123" m="49770" machi="123" ten="30,8000,1" yaku="13,1,19,1,34,2,54,1" doraHai="52" who="3" fromWho="1" sc="250,0,250,-80,250,0,250,80" /><INIT seed="1,0,0,2,1,129" ten="250,170,250,330" oya="1" hai0="27,98,90,62,63,47,79,67,105,29,17,32,33" hai1="86,127,104,5,14,7,114,77,22,109,26,34,123" hai2="23,59,25,21,69,74,111,44,78,58,84,3,36" hai3="61,56,48,50,132,70,53,4,82,80,55,64,100"/><U41/><E123/><V71/><F74/><W117/><G117/><T131/><D79/><U52/><E127/><V119/><F119/><W88/><G132/><T15/><D47/><U93/><E104/><V49/><F36/><W134/><G134/><T121/><D121/><U31/><E114/><V135/><F3/><W103/><G4/><N who="1" m="1610" /><E34/><V97/><F71/><W110/><G110/><T38/><D38/><U8/><E109/><V57/><F69/><W30/><G30/><T81/><D131/><U2/><E2/><V124/><F124/><W75/><G75/><T66/><D33/><U94/><E41/><V101/><F135/><W107/><G107/><T28/><D29/><U10/><E52/><V43/><F111/><W120/><G120/><T12/><D12/><U128/><E128/><V95/><REACH who="2" step="1"/><F25/><REACH who="2" ten="250,170,240,330" step="2"/><W51/><G70/><N who="0" m="42327" /><D63/><U76/><E14/><V106/><F106/><W112/><G61/><T91/><D67/><U113/><E113/><V116/><F116/><W60/><G60/><T19/><D81/><AGARI ba="0,1" hai="21,23,43,44,49,57,58,59,78,81,84,95,97,101" machi="81" ten="40,2600,0" yaku="1,1,8,1,53,0" doraHai="129" doraHaiUra="122" who="2" fromWho="0" sc="250,-26,170,0,240,36,330,0" /><INIT seed="2,0,0,4,1,28" ten="224,170,276,330" oya="2" hai0="86,3,4,27,62,74,93,72,34,80,134,135,14" hai1="76,109,121,89,70,6,58,68,131,60,22,19,71" hai2="79,59,37,113,44,120,132,18,23,91,63,112,64" hai3="2,16,103,123,35,124,1,36,81,77,45,133,56"/><V49/><F120/><W106/><G123/><T96/><D3/><U87/><E109/><V98/><F132/><N who="0" m="50730" /><D4/><U128/><E121/><V111/><F111/><W108/><G124/><T57/><D14/><U83/><E6/><V95/><F79/><W84/><G56/><T78/><D27/><U85/><E76/><V8/><F37/><W67/><G84/><T104/><D104/><U65/><REACH who="1" step="1"/><E87/><REACH who="1" ten="224,160,276,330" step="2"/><V10/><F112/><W24/><G77/><T31/><D74/><U53/><E53/><V11/><F113/><W69/><G108/><T105/><D72/><U94/><E94/><V115/><F115/><W0/><G133/><T26/><D105/><U21/><E21/><V90/><F95/><W118/><G106/><T17/><D17/><U41/><E41/><N who="2" m="24719" /><F98/><W130/><G16/><T75/><D75/><U43/><E43/><V9/><F9/><W46/><G81/><T92/><D96/><U38/><E38/><V117/><F117/><W47/><G36/><T33/><D33/><U88/><E88/><V73/><F73/><W13/><G35/><T119/><D119/><U122/><E122/><V99/><F99/><W61/><G118/><T20/><D20/><U82/><E82/><V127/><F127/><W125/><G125/><T110/><D110/><U5/><E5/><V50/><F23/><W40/><G40/><T55/><AGARI ba="0,1" hai="26,31,34,55,57,62,78,80,86,92,93" m="50730" machi="55" ten="30,2000,0" yaku="20,1,52,1" doraHai="28" who="0" fromWho="0" sc="224,30,160,-5,276,-10,330,-5" /><INIT seed="3,0,0,2,3,18" ten="254,155,266,325" oya="3" hai0="117,121,118,97,82,69,67,130,45,33,5,81,28" hai1="53,101,84,20,93,46,71,7,62,14,96,115,128" hai2="34,87,100,48,72,50,15,91,55,11,16,8,80" hai3="19,44,103,54,4,22,58,66,88,30,41,21,70"/><W29/><G103/><T110/><D121/><U123/><E115/><V32/><F72/><W65/><G4/><T113/><D113/><U135/><E123/><V126/><F126/><W63/><G66/><T12/><D110/><U114/><E114/><V38/><F38/><W78/><G78/><T107/><D130/><U26/><E128/><V116/><F116/><W111/><G88/><T36/><D12/><U76/><E135/><V31/><F100/><W0/><G0/><T68/><D5/><U43/><E71/><V127/><F127/><W74/><G74/><T1/><D1/><U64/><E64/><V106/><F106/><W108/><G22/><T79/><D82/><U47/><E43/><V83/><F31/><W109/><G65/><T85/><D67/><U105/><E105/><V59/><F83/><W132/><G70/><T23/><D33/><U90/><E76/><V27/><F27/><N who="3" m="14783" /><G132/><T3/><D3/><U99/><E62/><V120/><F120/><W125/><G125/><T131/><D131/><U17/><E53/><V57/><F11/><W122/><G122/><T119/><D97/><U134/><E134/><V92/><F92/><W89/><G89/><T104/><D69/><U51/><E51/><AGARI ba="0,0" hai="29,30,41,44,51,54,58,63,108,109,111" m="14783" machi="51" ten="30,5800,0" yaku="14,1,10,1,52,1" doraHai="18" who="3" fromWho="1" sc="254,0,155,-58,266,0,325,58" owari="254,-15.0,97,-40.0,266,7.0,383,48.0" /></mjloggm>