<mjloggm ver="2.3"><GO type="169" lobby="0"/><UN n0="%E6%AF%94%E5%98%89%E7%A7%80%E4%BB%81" n1="%E3%83%95%E3%83%AA%E3%83%86%E3%83%B3" n2="%E3%82%A6%E3%83%AB%E3%83%88%E3%83%A9%E7%AB%8B%E7%9B%B4" n3="%E3%82%B6%E3%83%96%E3%83%B3%E3%82%B0%E3%83%AB" dan="16,16,16,17" rate="2114.00,2107.25,2022.59,2099.45" sx="M,M,M,F"/><TAIKYOKU oya="0"/><INIT seed="0,0,0,0,3,42" ten="250,250,250,250" oya="0" hai0="102,80,105,132,51,127,84,79,109,64,45,9,121" hai1="113,12,20,129,25,76,131,22,49,92,46,118,30" hai2="103,73,15,59,78,32,5,68,115,56,19,23,0" hai3="4,66,72,37,38,27,100,14,93,44,48,34,119"/><T117/><D121/><U122/><E122/><V47/><F68/><W10/><G72/><T124/><D117/><U62/><E118/><V21/><F115/><W71/><G119/><T83/><D132/><U74/><E113/><V1/><F32/><W3/><G3/><T120/><D120/><U8/><E22/><V87/><F1/><W31/><G66/><T91/><D109/><U90/><E62/><V13/><F73/><W39/><G71/><T110/><D64/><U114/><E76/><V36/><F103/><W135/><G135/><T61/><D61/><U134/><E74/><V85/><F0/><W75/><G75/><T99/><D9/><U89/><E134/><V53/><F36/><W52/><G100/><T67/><D67/><U41/><E114/><V77/><F5/><W95/><AGARI ba="0,0" hai="4,10,14,27,31,34,37,38,39,44,48,52,93,95" machi="95" ten="40,5200,0" yaku="0,1,52,1,54,1" doraHai="42" who="3" fromWho="3" sc="250,-26,250,-13,250,-13,250,52" /><INIT seed="1,0,0,0,5,80" ten="224,237,237,302" oya="1" hai0="5,11,78,83,76,38,130,50,96,131,119,91,73" hai1="40,13,23,7,108,28,126,113,124,19,24,81,4" hai2="75,116,20,27,123,117,87,94,89,106,84,2,52" hai3="85,56,133,45,74,47,18,10,109,104,67,63,103"/><U114/><E40/><V51/><F106/><W100/><G74/><T53/><D38/><U35/><E81/><V82/><F2/><W132/><G109/><T101/><D119/><U129/><E108/><V95/><F75/><W54/><G104/><T134/><D91/><U12/><E129/><V115/><F115/><N who="1" m="44041" /><E13/><V122/><F117/><W62/><G85/><T46/><D78/><U65/><E65/><V8/><F8/><W118/><G118/><T86/><D73/><U32/><E35/><V79/><F95/><W111/><G111/><T44/><D44/><U68/><E68/><V59/><F116/><W93/><G10/><T121/><D134/><N who="3" m="51817" /><G18/><AGARI ba="0,0" hai="18,20,27,51,52,59,79,82,84,87,89,94,122,123" machi="18" ten="30,7700,0" yaku="7,1,52,2,54,1" doraHai="80" who="2" fromWho="3" sc="224,0,237,0,237,77,302,-77" /><INIT seed="2,0,0,0,3,81" ten="224,237,314,225" oya="2" hai0="20,128,64,74,21,68,131,27,16,37,53,11,5" hai1="28,77,15,116,54,32,127,84,18,113,60,98,108" hai2="69,26,80,85,102,103,10,48,104,6,117,82,93" hai3="86,29,92,40,67,126,123,95,121,130,2,45,135"/><V118/><F69/><W76/><G2/><T129/><D37/><U94/><E113/><V100/><F104/><W89/><G76/><T35/><D74/><U7/><E116/><V46/><F26/><W110/><G67/><T83/><D35/><U91/><E108/><V58/><F58/><W25/><G110/><T119/><D119/><U112/><E112/><V13/><F82/><W8/><G8/><T23/><D53/><U38/><E38/><V79/><REACH who="2" step="1"/><F93/><REACH who="2" ten="224,237,304,225" step="2"/><W97/><G123/><T34/><D83/><U124/><E94/><V24/><F24/><W56/><G56/><T115/><D115/><U0/><E124/><V44/><F44/><W17/><G126/><T90/><D68/><U22/><E127/><V96/><F96/><W36/><G121/><T1/><D131/><U41/><E98/><V75/><F75/><W70/><G70/><T101/><D129/><U49/><E84/><V30/><F30/><W62/><G130/><T65/><D128/><U105/><E28/><V107/><F107/><W12/><G25/><T51/><D27/><U120/><E105/><V114/><F114/><W106/><G29/><T47/><D47/><U133/><E120/><V42/><AGARI ba="0,1" hai="6,10,13,42,46,48,79,80,85,100,102,103,117,118" machi="42" ten="30,12000,1" yaku="1,1,0,1,25,2,52,1,53,0" doraHai="81" doraHaiUra="66" who="2" fromWho="2" sc="224,-40,237,-40,304,130,225,-40" /><INIT seed="2,1,0,5,2,127" ten="184,197,434,185" oya="2" hai0="88,3,20,65,130,134,32,28,75,8,9,83,23" hai1="63,116,53,51,95,99,52,47,108,70,58,133,71" hai2="67,19,17,30,123,42,125,93,128,79,61,21,81" hai3="57,14,117,48,66,110,36,131,94,77,118,34,45"/><V129/><F123/><W13/><G34/><T121/><D121/><U104/><E104/><V98/><F42/><W97/><G110/><T78/><D134/><U46/><E116/><V126/><F30/><W38/><G77/><T25/><D65/><U40/><E108/><V109/><F109/><W15/><G118/><T0/><D130/><N who="2" m="50282" /><F93/><W120/><G117/><T96/><D0/><U24/><E24/><N who="2" m="14383" /><F98/><W27/><G120/><T69/><D96/><U89/><REACH who="1" step="1"/><E133/><REACH who="1" ten="184,187,434,185" step="2"/><V43/><F19/><W68/><G131/><T82/><D28/><U112/><E112/><V135/><F135/><W7/><G7/><T113/><D113/><U10/><E10/><V107/><F107/><W31/><G31/><T92/><D9/><U41/><E41/><V86/><F43/><W124/><G124/><T100/><D8/><U122/><E122/><V54/><F54/><W37/><G37/><AGARI ba="1,1" hai="37,40,46,47,51,52,53,58,63,70,71,89,95,99" machi="37" ten="30,3900,0" yaku="1,1,7,1,54,1,53,0" doraHai="127" doraHaiUra="35" who="1" fromWho="3" sc="184,0,187,52,434,0,185,-42" /><INIT seed="3,0,0,3,1,39" ten="184,239,434,143" oya="3" hai0="69,106,40,12,109,117,95,91,108,133,57,72,99" hai1="58,32,130,29,73,31,35,84,23,66,10,62,70" hai2="121,85,19,28,119,14,100,50,21,114,51,37,34" hai3="134,9,102,13,52,128,125,86,46,41,26,90,11"/><W15/><G125/><T129/><D117/><U105/><E73/><V75/><F37/><W118/><G118/><T43/><D69/><U44/><E105/><V93/><F75/><W68/><G68/><T71/><D71/><U76/><E130/><V67/><F119/><W89/><G102/><T42/><D129/><U59/><E10/><V6/><F114/><W94/><G128/><T56/><D72/><U17/><E35/><V60/><F6/><W53/><G26/><T110/><D133/><U0/><E32/><V103/><F34/><W47/><G134/><T115/><D115/><U101/><E0/><V127/><F28/><W3/><G3/><T38/><D38/><U7/><E7/><V122/><F127/><W36/><G90/><T80/><D80/><N who="1" m="47111" /><E101/><V79/><F103/><W132/><G132/><T83/><D83/><U81/><E81/><N who="2" m="47295" /><F93/><W65/><G65/><T97/><D106/><U5/><E5/><V112/><F100/><W33/><G33/><T74/><D74/><U18/><E44/><V1/><F1/><W92/><G92/><T27/><D99/><U22/><E59/><N who="0" m="22601" /><D27/><N who="1" m="14807" /><E70/><N who="2" m="42343" /><F112/><W48/><REACH who="3" step="1"/><G53/><REACH who="3" ten="184,239,434,133" step="2"/><T111/><D111/><U30/><E30/><V4/><F122/><W131/><G131/><T77/><D77/><U87/><E87/><V113/><F121/><W78/><G78/><T98/><D98/><U96/><E96/><V49/><F113/><W64/><G64/><T82/><D82/><U63/><E63/><V61/><F61/><W120/><G120/><T88/><D91/><U8/><E62/><V135/><F135/><W104/><G104/><RYUUKYOKU ba="0,1" sc="184,10,239,-30,434,10,133,10" hai0="12,40,42,43,88,95,97,108,109,110" hai2="4,14,19,21,49,50,51" hai3="9,11,13,15,36,41,46,47,48,52,86,89,94" /><INIT seed="3,1,1,3,1,118" ten="194,209,444,143" oya="3" hai0="50,28,126,132,83,103,127,90,108,45,63,62,43" hai1="40,32,124,130,115,120,7,113,5,87,60,61,104" hai2="98,76,8,24,80,27,121,112,74,135,78,16,53" hai3="75,133,3,68,47,131,82,30,21,92,88,79,125"/><W66/><G3/><T0/><D108/><U38/><E104/><V6/><F112/><W97/><G125/><T1/><D132/><U26/><E87/><V84/><F135/><W107/><G133/><T56/><D103/><U71/><E124/><N who="0" m="47657" /><D28/><U106/><E106/><V77/><F98/><W102/><G131/><T95/><D83/><U22/><E32/><V13/><F53/><W116/><G116/><T72/><D72/><U51/><E38/><V2/><F121/><W4/><G4/><T25/><D25/><U35/><E35/><V129/><F129/><W39/><G66/><N who="0" m="39239" /><D63/><U23/><E26/><V109/><F109/><W17/><G68/><T70/><D70/><U29/><E29/><V96/><F74/><W105/><G30/><T134/><D134/><U41/><E71/><V44/><F27/><W18/><G21/><T64/><D64/><U33/><E33/><V37/><F24/><W54/><G107/><T58/><D58/><U14/><E130/><V59/><F59/><W123/><G123/><T89/><D89/><U101/><E101/><V81/><F81/><W117/><G117/><T119/><D119/><U42/><E120/><V52/><F6/><W100/><G100/><T11/><D11/><U86/><E5/><V122/><F122/><W55/><G18/><T73/><D73/><U99/><E7/><V67/><F8/><W93/><G17/><T91/><D91/><U85/><E22/><V111/><F16/><W31/><G31/><T48/><D1/><U12/><E23/><V49/><F2/><W57/><G57/><T15/><D0/><RYUUKYOKU ba="1,1" sc="194,0,209,0,444,0,143,0" /><INIT seed="4,2,1,2,2,118" ten="194,209,444,143" oya="0" hai0="22,115,44,36,130,31,106,69,58,125,90,83,93" hai1="25,60,43,96,35,30,103,41,105,75,54,80,85" hai2="104,122,101,97,76,88,46,19,14,55,48,92,24" hai3="64,33,49,127,23,62,38,77,124,78,65,71,120"/><T108/><D106/><U9/><E75/><V26/><F76/><W72/><G33/><T135/><D69/><U27/><E27/><V39/><F39/><W5/><G38/><T20/><D115/><U86/><E9/><V37/><F37/><W15/><G65/><T132/><D125/><N who="3" m="48201" /><G49/><T12/><D130/><U56/><REACH who="1" step="1"/><E86/><REACH who="1" ten="194,199,444,143" step="2"/><V34/><F24/><W133/><G72/><T8/><D8/><U98/><E98/><V119/><F26/><W74/><G74/><T79/><D135/><U89/><AGARI ba="2,2" hai="25,30,35,41,43,54,56,60,80,85,89,96,103,105" machi="89" ten="20,2700,0" yaku="1,1,0,1,7,1,53,0" doraHai="118" doraHaiUra="70" who="1" fromWho="1" sc="194,-15,199,53,444,-9,143,-9" /><INIT seed="5,0,0,5,2,53" ten="179,252,435,134" oya="1" hai0="123,128,116,74,21,50,76,47,99,115,95,51,83" hai1="59,109,32,93,122,43,26,125,77,6,30,8,38" hai2="48,20,2,105,42,108,98,44,55,61,35,86,31" hai3="24,39,69,124,7,112,97,60,78,17,102,101,131"/><U79/><E122/><V85/><F2/><W106/><G131/><T4/><D116/><U67/><E125/><V114/><F35/><W11/><G39/><T73/><D128/><U36/><E109/><V62/><F105/><W119/><G124/><T133/><D123/><U56/><E67/><V68/><F68/><W40/><G40/><T15/><D115/><U118/><E118/><V33/><F33/><W130/><G130/><T121/><D133/><U45/><E36/><V135/><F62/><W49/><G49/><T25/><D74/><U22/><E32/><V28/><F98/><W88/><G78/><T132/><D132/><U37/><E37/><V90/><F135/><W107/><G102/><T104/><D104/><U94/><E79/><V126/><F86/><W81/><G88/><T82/><D121/><U91/><E77/><V89/><F89/><W0/><G81/><T87/><D83/><U134/><E134/><V54/><F108/><W96/><G96/><T100/><D73/><U120/><E120/><V72/><F72/><W19/><G107/><T80/><D80/><U13/><E94/><V41/><F114/><W18/><G112/><T46/><D46/><U129/><E129/><V57/><F126/><W5/><G5/><T29/><REACH who="0" step="1"/><D47/><REACH who="0" ten="169,252,435,134" step="2"/><U52/><REACH who="1" step="1"/><E52/><REACH who="1" ten="169,242,435,134" step="2"/><V110/><F110/><W3/><G119/><T70/><D70/><U75/><E75/><V103/><F55/><W12/><G24/><T127/><D127/><U10/><E10/><AGARI ba="0,2" hai="4,10,15,21,25,29,50,51,76,82,87,95,99,100" machi="10" ten="40,2600,0" yaku="1,1,8,1,53,0" doraHai="53" doraHaiUra="111" who="0" fromWho="1" sc="169,46,242,-26,435,0,134,0" /><INIT seed="6,0,0,5,4,5" ten="215,216,435,134" oya="2" hai0="46,29,133,85,59,89,43,120,107,106,15,25,27" hai1="12,126,113,26,63,1,118,91,127,92,132,34,114" hai2="96,40,33,94,78,86,97,88,22,125,104,62,24" hai3="49,55,77,54,122,16,93,129,28,71,30,72,130"/><V135/><F33/><W116/><G71/><T10/><D120/><U67/><E1/><V18/><F125/><N who="1" m="47625" /><E12/><V70/><F135/><W47/><G122/><T23/><D133/><U32/><E118/><V37/><F37/><W74/><G116/><T17/><D27/><U98/><E132/><V13/><F40/><W101/><G93/><T83/><REACH who="0" step="1"/><D59/><REACH who="0" ten="205,216,435,134" step="2"/><N who="1" m="37375" /><E26/><V41/><F24/><W111/><G111/><T14/><D14/><U9/><E9/><V3/><F13/><W36/><G129/><T19/><D19/><U90/><E90/><V73/><F18/><W0/><G16/><T134/><D134/><U64/><E64/><V44/><F88/><W81/><G130/><T80/><D80/><U61/><E61/><V100/><F62/><W102/><G0/><T103/><D103/><U58/><E58/><V69/><F100/><W112/><G102/><T53/><D53/><U42/><E42/><V115/><F41/><W8/><G8/><T57/><D57/><U48/><E48/><AGARI ba="0,1" hai="10,15,17,23,25,29,43,46,48,83,85,89,106,107" machi="48" ten="30,3900,0" yaku="1,1,7,1,52,1,53,0" doraHai="5" doraHaiUra="56" who="0" fromWho="1" sc="205,49,216,-39,435,0,134,0" /><INIT seed="7,0,0,1,4,48" ten="254,177,435,134" oya="3" hai0="73,33,42,93,120,0,63,126,35,27,91,108,50" hai1="113,122,130,131,82,17,47,32,99,98,20,14,97" hai2="85,15,112,69,45,75,4,70,104,52,68,77,22" hai3="23,8,133,134,78,128,101,72,114,12,88,29,3"/><W31/><G101/><T118/><D108/><U26/><E122/><V121/><F104/><W76/><G3/><T103/><D73/><U11/><E113/><V51/><F75/><W124/><G114/><T49/><D0/><U9/><E82/><V84/><F112/><W39/><G39/><T16/><D120/><U30/><E47/><V100/><F100/><W67/><G67/><T38/><D103/><U59/><E59/><V24/><F121/><W116/><G116/><T64/><D118/><U54/><E54/><V83/><F85/><W62/><G62/><T7/><D7/><U111/><E111/><V96/><F96/><W36/><G36/><T80/><D80/><U89/><E89/><V94/><F94/><W44/><G44/><T40/><D38/><U53/><E53/><V132/><F132/><N who="3" m="50795" /><G124/><T46/><D126/><U41/><E41/><V19/><F70/><W107/><G107/><T127/><D50/><U58/><E58/><V125/><F125/><W79/><G128/><AGARI ba="0,0" hai="9,11,14,17,20,26,30,32,97,98,99,128,130,131" machi="128" ten="40,1300,0" yaku="19,1" doraHai="48" who="1" fromWho="3" sc="254,0,177,13,435,0,134,-13" owari="254,5.0,190,-21.0,435,54.0,121,-38.0" /></mjloggm>