<mjloggm ver="2.3"><GO type="97" lobby="0"/><UN n0="%6E%72" n1="%E3%82%A6%E3%83%AB%E3%83%88%E3%83%A9%E7%AB%8B%E7%9B%B4" n2="%E5%B2%A9%E6%89%8B%E3%81%AE" n3="%6D%72%2E%6D%6F%6F" dan="14,15,14,13" rate="1970.19,1980.68,1882.73,1977.92" sx="M,M,M,M"/><TAIKYOKU oya="0"/><INIT seed="0,0,0,4,0,79" ten="250,250,250,250" oya="0" hai0="69,20,15,128,55,127,16,68,4,0,112,54,13" hai1="117,93,49,67,99,76,38,108,77,36,73,103,32" hai2="105,72,71,27,47,109,134,106,84,90,53,10,65" hai3="125,97,30,39,63,33,5,116,17,114,42,23,34"/><T26/><D112/><U86/><E117/><V50/><F72/><W11/><G116/><T87/><D128/><U122/><E122/><V100/><F134/><W35/><G114/><T88/><D127/><U61/><E108/><V115/><F109/><W118/><G118/><T70/><D0/><U124/><E124/><V119/><F115/><W1/><G125/><T43/><D43/><U101/><E32/><V57/><F119/><W52/><G97/><T24/><D4/><U123/><E123/><V59/><F71/><W21/><G21/><T82/><REACH who="0" step="1"/><D13/><REACH who="0" ten="240,250,250,250" step="2"/><U91/><E38/><V135/><F135/><W133/><G42/><T98/><D98/><U110/><E36/><V75/><F27/><AGARI ba="0,1" hai="15,16,20,24,26,27,54,55,68,69,70,82,87,88" machi="27" ten="40,12000,1" yaku="1,1,52,1,54,2,53,1" doraHai="79" doraHaiUra="80" who="0" fromWho="2" sc="240,130,250,0,250,-120,250,0" /><INIT seed="0,1,0,3,5,101" ten="370,250,130,250" oya="0" hai0="76,35,43,92,105,32,83,97,71,98,39,66,37" hai1="109,60,26,22,108,135,99,93,48,134,85,12,54" hai2="56,11,0,7,102,44,104,75,133,120,8,103,123" hai3="122,15,110,106,128,124,65,36,5,25,10,34,114"/><T17/><D17/><U62/><E85/><V86/><F75/><W91/><G114/><T53/><D53/><U20/><E12/><V18/><F133/><N who="1" m="50697" /><E93/><V74/><F74/><W67/><G36/><N who="0" m="13899" /><D43/><U89/><E89/><V24/><F44/><W126/><G122/><T23/><D92/><U42/><E99/><V79/><F56/><W111/><G91/><T41/><D23/><N who="1" m="8747" /><E42/><V125/><F24/><W94/><G94/><T113/><D97/><U90/><E90/><V30/><F102/><W46/><G46/><T95/><D41/><U131/><E26/><V61/><F103/><W81/><G81/><T77/><D95/><U112/><E112/><V52/><F86/><W64/><G128/><T6/><D77/><U84/><E84/><V130/><F79/><W38/><G38/><T70/><D76/><U55/><E131/><V72/><F130/><W129/><G129/><T117/><D83/><U16/><E16/><V57/><F72/><W47/><G47/><T14/><D98/><U73/><E73/><V100/><F120/><W4/><G4/><T19/><D6/><U121/><E121/><V68/><F123/><W87/><G87/><T80/><D80/><U116/><E48/><V82/><F18/><W33/><G33/><T132/><D19/><U29/><E29/><V50/><F30/><W9/><G9/><T27/><D117/><U13/><E116/><V88/><F8/><W59/><G34/><T31/><D32/><U45/><E45/><V3/><F11/><W58/><G25/><T2/><D27/><U21/><N who="1" m="8755" /><U40/><DORA hai="78" /><E40/><RYUUKYOKU ba="1,0" sc="370,0,250,0,130,0,250,0" /><INIT seed="1,2,0,1,3,16" ten="370,250,130,250" oya="1" hai0="120,1,12,0,32,125,128,75,3,38,11,48,63" hai1="121,59,118,88,49,102,90,8,101,68,23,107,111" hai2="15,84,106,44,110,10,35,13,67,87,33,57,134" hai3="64,92,19,97,93,26,126,99,72,6,39,47,116"/><U25/><E68/><V129/><F106/><W109/><G126/><T85/><D38/><U108/><E121/><V89/><F129/><W80/><G116/><T95/><D75/><U41/><E118/><V86/><F134/><W34/><G109/><N who="1" m="42058" /><E8/><V117/><F110/><W113/><G113/><T27/><D128/><U70/><E70/><V9/><F117/><W76/><G6/><T36/><D36/><U56/><E56/><V62/><F44/><W132/><G132/><T71/><D125/><U2/><E2/><V79/><F79/><W130/><G130/><T114/><D114/><U58/><E58/><V17/><REACH who="2" step="1"/><F89/><REACH who="2" ten="370,250,120,250" step="2"/><N who="1" m="34409" /><E107/><V20/><F20/><W104/><G104/><T100/><D120/><U74/><E74/><V5/><AGARI ba="2,1" hai="5,9,10,13,15,17,33,35,57,62,67,84,86,87" machi="5" ten="30,7900,0" yaku="1,1,0,1,53,2" doraHai="16" doraHaiUra="29" who="2" fromWho="2" sc="370,-22,250,-41,120,95,250,-22" /><INIT seed="2,0,0,1,1,65" ten="348,209,215,228" oya="2" hai0="112,92,81,135,39,2,41,59,124,89,38,36,110" hai1="95,111,99,133,134,100,30,80,7,114,3,57,13" hai2="83,31,60,33,68,108,66,94,23,106,116,54,71" hai3="8,130,62,75,5,10,104,84,79,97,35,69,101"/><V63/><F116/><W77/><G35/><T70/><D112/><U9/><E114/><V22/><F106/><W119/><G119/><T115/><D115/><U78/><E111/><V24/><F108/><W53/><G130/><T113/><D113/><U127/><E127/><V125/><F125/><W121/><G121/><T122/><D110/><U51/><E30/><V21/><F83/><W120/><G120/><T56/><D124/><U61/><E3/><V117/><F117/><W25/><G25/><T102/><D122/><U73/><REACH who="1" step="1"/><E51/><REACH who="1" ten="348,199,215,228" step="2"/><V26/><F94/><W29/><G29/><T64/><D2/><U52/><AGARI ba="0,1" hai="7,9,13,52,57,61,73,78,80,95,99,100,133,134" machi="52" ten="30,8000,1" yaku="1,1,2,1,0,1,54,1,53,1" doraHai="65" doraHaiUra="48" who="1" fromWho="1" sc="348,-20,199,90,215,-40,228,-20" /><INIT seed="3,0,0,1,0,98" ten="328,289,175,208" oya="3" hai0="90,80,10,78,19,91,23,96,27,34,32,84,97" hai1="129,110,39,104,116,111,121,15,73,102,25,20,125" hai2="122,124,105,83,101,130,28,62,9,13,1,120,69" hai3="115,131,6,43,134,37,49,103,81,93,52,38,74"/><W3/><G3/><T33/><D10/><U92/><E104/><V41/><F1/><W63/><G115/><T100/><REACH who="0" step="1"/><D96/><REACH who="0" ten="318,289,175,208" step="2"/><N who="1" m="59655" /><E121/><V114/><F114/><W109/><G131/><T68/><D68/><U40/><E116/><V57/><F130/><W128/><G128/><T54/><D54/><U108/><E129/><V86/><F124/><W87/><G134/><T71/><D71/><U22/><E125/><V36/><F69/><W8/><G109/><T53/><D53/><U4/><E73/><V76/><F28/><W11/><G74/><T55/><D55/><U95/><E95/><AGARI ba="0,1" hai="19,23,27,32,33,34,78,80,84,90,91,95,97,100" machi="95" ten="40,5200,0" yaku="1,1,52,1,53,1" doraHai="98" doraHaiUra="77" who="0" fromWho="1" sc="318,62,289,-52,175,0,208,0" owari="380,47.0,237,4.0,175,-32.0,208,-19.0" /></mjloggm>