<mjloggm ver="2.3"><GO type="97" lobby="0"/><UN n0="%E3%82%A6%E3%83%AB%E3%83%88%E3%83%A9%E7%AB%8B%E7%9B%B4" n1="%6E%65%6B%6F%33%31" n2="%E6%98%8E%E7%A5%9E" n3="%E3%82%A2%E3%82%A4%E3%82%B8%E3%83%A3%E3%82%B0" dan="15,15,14,15" rate="1970.10,2001.16,1924.88,1981.49" sx="M,F,M,M"/><TAIKYOKU oya="0"/><INIT seed="0,0,0,0,5,18" ten="250,250,250,250" oya="0" hai0="13,23,66,83,11,109,36,33,91,134,32,35,54" hai1="31,39,63,49,41,55,110,78,67,52,88,116,123" hai2="120,4,64,119,126,76,97,27,44,24,135,8,16" hai3="40,79,62,103,87,81,127,98,102,2,124,46,10"/><T122/><D36/><U56/><E116/><V131/><F120/><W3/><G62/><T130/><D122/><U72/><E123/><V80/><F119/><W26/><G103/><T99/><D66/><U60/><E31/><V9/><F126/><N who="3" m="48171" /><G26/><T48/><D130/><U42/><E78/><V45/><F131/><W69/><G10/><T17/><D134/><U5/><E5/><V12/><F135/><W71/><G71/><T89/><D109/><U74/><E110/><V105/><F64/><W14/><G14/><T20/><D99/><U85/><E74/><V21/><F105/><N who="3" m="63703" /><G69/><T19/><D83/><N who="1" m="49215" /><E72/><V133/><F133/><W118/><G118/><T84/><D84/><U100/><E100/><V15/><F97/><W58/><G58/><T111/><D111/><U34/><E39/><AGARI ba="0,0" hai="2,3,39,40,46,79,81,87" m="63703,48171" machi="39" ten="30,1000,0" yaku="18,1" doraHai="18" who="3" fromWho="1" sc="250,0,250,-10,250,0,250,10" /><INIT seed="1,0,0,2,5,78" ten="250,240,250,260" oya="1" hai0="7,116,66,88,104,34,131,56,82,122,65,113,94" hai1="73,125,115,38,84,55,21,2,57,13,86,110,129" hai2="35,5,132,62,76,59,114,17,70,15,52,40,50" hai3="69,83,42,96,3,98,8,1,68,43,124,18,71"/><U29/><E115/><V133/><F114/><W118/><G118/><T0/><D34/><U58/><E2/><V26/><F5/><W6/><G124/><T106/><D116/><U30/><E125/><V19/><F76/><W4/><G18/><T107/><D107/><U67/><E38/><V12/><F35/><W48/><G48/><T54/><D106/><U63/><E73/><V60/><F26/><W31/><G31/><N who="1" m="11786" /><E129/><V37/><F37/><W74/><G71/><T41/><D104/><U99/><E99/><V47/><F62/><W112/><G8/><T120/><D41/><U91/><E110/><V64/><F64/><N who="0" m="24682" /><D7/><U108/><E108/><V80/><F70/><W20/><G74/><T90/><D0/><U33/><E33/><V24/><F24/><W25/><G25/><T101/><D101/><U81/><E84/><V45/><F80/><W93/><G112/><T79/><D113/><U97/><E97/><V105/><F47/><W109/><G109/><T14/><D14/><N who="2" m="5162" /><F105/><W10/><G10/><T95/><D131/><U27/><E13/><V23/><F23/><W22/><G93/><N who="0" m="35339" /><D120/><U77/><E27/><V89/><F89/><N who="0" m="34410" /><D122/><U117/><E117/><V130/><F130/><W11/><REACH who="3" step="1"/><G11/><REACH who="3" ten="250,240,250,250" step="2"/><T75/><D75/><U49/><E21/><V53/><F17/><W123/><G123/><T46/><D46/><U135/><E49/><V103/><F19/><W85/><G85/><N who="0" m="48351" /><D56/><U32/><E32/><V44/><F44/><W119/><G119/><T127/><D127/><U87/><E57/><V9/><F59/><W61/><G61/><T51/><D51/><RYUUKYOKU ba="0,1" sc="250,15,240,-15,250,-15,250,15" hai0="54" hai3="1,3,4,6,20,22,42,43,68,69,83,96,98" /><INIT seed="2,1,1,3,4,24" ten="265,225,235,265" oya="2" hai0="0,109,41,69,21,80,134,94,96,52,99,93,2" hai1="111,63,79,22,71,128,39,108,36,117,64,107,133" hai2="3,32,65,91,29,55,105,6,10,125,120,60,62" hai3="34,103,23,17,38,57,102,31,127,74,81,100,88"/><V51/><F120/><W1/><G38/><N who="1" m="14378" /><E79/><V46/><F105/><W18/><G1/><T67/><D41/><U54/><E107/><V78/><F125/><W85/><G74/><T42/><D42/><U131/><E22/><V106/><F106/><W82/><G34/><T129/><D67/><U104/><E104/><V68/><F62/><W124/><G81/><T47/><D69/><U13/><E13/><V20/><F32/><W84/><G84/><T126/><D2/><U4/><E4/><V70/><F78/><W89/><G89/><N who="0" m="55343" /><D0/><U59/><E133/><V118/><F118/><W58/><G124/><T115/><D115/><U122/><E117/><V8/><F8/><W114/><G114/><T130/><D126/><U92/><E92/><V90/><REACH who="2" step="1"/><F68/><REACH who="2" ten="265,225,225,265" step="2"/><W50/><G127/><T48/><D134/><U9/><E9/><V66/><F66/><W110/><G110/><N who="1" m="42026" /><E122/><V53/><F53/><W16/><REACH who="3" step="1"/><G50/><AGARI ba="1,2" hai="50,54,59,63,64,71,128,131" m="42026,14378" machi="50" ten="30,3900,0" yaku="14,1,34,2" doraHai="24" who="1" fromWho="3" sc="265,0,225,62,225,0,265,-42" /><INIT seed="3,0,0,2,0,16" ten="265,287,225,223" oya="3" hai0="112,107,109,90,75,42,113,93,34,22,20,60,50" hai1="55,122,1,105,14,36,84,23,94,127,101,123,10" hai2="124,9,41,69,49,30,0,7,51,62,97,80,87" hai3="89,27,56,12,83,92,44,35,66,133,24,63,88"/><W125/><G35/><T132/><D107/><U45/><E1/><V2/><F30/><W129/><G133/><T102/><D102/><U6/><E127/><V61/><F124/><W86/><G125/><T108/><D75/><U37/><E23/><N who="0" m="8745" /><D34/><U85/><E105/><V130/><F130/><W98/><G129/><T18/><D18/><U78/><E36/><V5/><F97/><W77/><G12/><T31/><D31/><U4/><E4/><V96/><F96/><W95/><G44/><N who="0" m="25879" /><D60/><U104/><E104/><V110/><F62/><W99/><AGARI ba="0,0" hai="24,27,56,63,66,77,83,86,88,89,92,95,98,99" machi="99" ten="20,12000,1" yaku="0,1,7,1,9,1,8,1,54,1" doraHai="16" who="3" fromWho="3" sc="265,-40,287,-40,225,-40,223,120" owari="225,-17.0,247,5.0,185,-31.0,343,43.0" /></mjloggm>