<mjloggm ver="2.3"><GO type="97" lobby="0"/><UN n0="%40%74%6F%72%61" n1="%E3%82%A6%E3%83%AB%E3%83%88%E3%83%A9%E7%AB%8B%E7%9B%B4" n2="%28%23%EF%BC%9E%CF%89%EF%BC%9C%29" n3="%6F%6E%69%72%6F%6B%75" dan="15,15,14,14" rate="2031.23,1969.89,2012.63,1946.53" sx="M,M,M,M"/><TAIKYOKU oya="0"/><INIT seed="0,0,0,3,0,65" ten="250,250,250,250" oya="0" hai0="119,3,120,40,78,45,123,126,125,0,11,53,99" hai1="47,81,85,27,57,135,4,24,10,1,38,14,100" hai2="130,84,121,56,59,109,128,7,72,104,102,114,49" hai3="18,6,112,34,111,70,23,122,9,88,46,134,131"/><T86/><D53/><U15/><E135/><V50/><F121/><W129/><G70/><T19/><D119/><U17/><E100/><V30/><F72/><W54/><G46/><T32/><D32/><U117/><E1/><V73/><F73/><W98/><G54/><T25/><D99/><U58/><E117/><V110/><F114/><W69/><G69/><T2/><D86/><U62/><E38/><V105/><F7/><W5/><G98/><T97/><D97/><U118/><E47/><V94/><F84/><W22/><G88/><T93/><D93/><U113/><E113/><V133/><F133/><W61/><G61/><T74/><D78/><N who="1" m="46263" /><E118/><V39/><F94/><W106/><G106/><N who="2" m="41065" /><F30/><W127/><G112/><T68/><D74/><U96/><E96/><V90/><F90/><W63/><G63/><T26/><D68/><U77/><E77/><V12/><F12/><W33/><G134/><T37/><D123/><U76/><E76/><V13/><F13/><W92/><G92/><T43/><D120/><U95/><E95/><V42/><F102/><W55/><G55/><T35/><D43/><U28/><E28/><V103/><F103/><W116/><G122/><T51/><D37/><U29/><E29/><V132/><F132/><W8/><G116/><T60/><D40/><U48/><E62/><V16/><F16/><W87/><G87/><T82/><D60/><U115/><E115/><V83/><F83/><W124/><G18/><T64/><D82/><U101/><E101/><V44/><F39/><W91/><G91/><T107/><D19/><U41/><E17/><RYUUKYOKU ba="0,0" sc="250,-10,250,-10,250,-10,250,30" hai3="5,6,8,9,22,23,33,34,111,124,127,129,131" /><INIT seed="1,1,0,3,2,111" ten="240,240,240,280" oya="1" hai0="20,60,98,90,21,107,99,34,132,3,67,44,53" hai1="82,15,69,112,7,6,117,58,113,92,31,25,28" hai2="26,57,35,12,84,95,102,63,19,38,74,76,13" hai3="9,127,48,66,94,46,101,88,70,121,89,124,11"/><U126/><E69/><V105/><F38/><W39/><G70/><T103/><D3/><U80/><E58/><V47/><F74/><W29/><G66/><T8/><D34/><U125/><E92/><V30/><F105/><W64/><G64/><T79/><D79/><U10/><E117/><V115/><F115/><N who="1" m="44105" /><E28/><V23/><F47/><W59/><G29/><T65/><D8/><N who="1" m="4503" /><E82/><V24/><F76/><W86/><G59/><T128/><D67/><U43/><E80/><V118/><F118/><W135/><G39/><T42/><D65/><U73/><E43/><V134/><F134/><W72/><G72/><T93/><D132/><U36/><E36/><V52/><REACH who="2" step="1"/><F84/><REACH who="2" ten="240,240,230,280" step="2"/><W100/><G135/><T85/><D85/><U37/><E37/><V104/><F104/><W50/><G121/><T129/><D44/><U83/><E73/><V62/><F62/><W55/><G46/><T130/><D42/><U51/><E51/><V32/><F32/><W96/><G50/><T0/><D60/><U1/><E83/><V18/><F18/><W133/><G133/><T108/><D128/><U61/><E61/><V97/><AGARI ba="1,1" hai="12,13,19,23,24,26,30,35,52,57,63,95,97,102" machi="97" ten="30,4000,0" yaku="1,1,0,1,54,1,53,0" doraHai="111" doraHaiUra="122" who="2" fromWho="2" sc="240,-11,240,-21,230,53,280,-11" /><INIT seed="2,0,0,2,5,36" ten="229,219,283,269" oya="2" hai0="118,66,4,46,0,81,51,106,63,77,25,126,84" hai1="112,102,88,24,105,124,56,96,45,40,61,70,90" hai2="125,111,94,121,2,123,93,9,127,116,10,134,67" hai3="7,101,18,19,131,130,119,53,28,99,108,98,74"/><V104/><F104/><W64/><G74/><T20/><D106/><U42/><E112/><V37/><F116/><W13/><G64/><T85/><D118/><U47/><E124/><N who="2" m="47691" /><F67/><W129/><G28/><T115/><D4/><U117/><E70/><V33/><F33/><W1/><G1/><T21/><D0/><U14/><E117/><V83/><F37/><W122/><G122/><N who="2" m="46601" /><F134/><W86/><G86/><T82/><D25/><U35/><E35/><V97/><F111/><W31/><G31/><T30/><D30/><U109/><E109/><V26/><F26/><W59/><G108/><T120/><D126/><U29/><E24/><V65/><F65/><W113/><G113/><T87/><D115/><U23/><E105/><V79/><F2/><W52/><G119/><T76/><D85/><U6/><E29/><V73/><F94/><N who="3" m="58583" /><G99/><T80/><D80/><U107/><E107/><V89/><AGARI ba="0,0" hai="9,10,73,79,83,89,93,97" m="46601,47691" machi="89" ten="30,1500,0" yaku="18,1" doraHai="36" who="2" fromWho="2" sc="229,-5,219,-5,283,15,269,-5" /><INIT seed="2,1,0,4,3,119" ten="224,214,298,264" oya="2" hai0="131,87,102,67,36,116,109,38,104,16,100,17,118" hai1="127,113,120,43,99,108,48,50,30,24,81,106,121" hai2="132,53,123,25,21,2,37,9,75,89,78,27,134" hai3="110,74,19,58,98,93,107,28,11,41,13,3,6"/><V77/><F37/><N who="0" m="14442" /><D109/><U34/><E113/><V40/><F123/><N who="1" m="47177" /><E108/><V18/><F40/><W114/><G74/><T124/><D67/><U125/><E81/><N who="2" m="45247" /><F78/><W122/><G107/><T31/><D31/><U97/><E50/><V91/><F53/><W105/><G105/><T52/><D104/><U59/><E106/><V55/><F55/><W22/><G114/><T88/><D131/><U10/><E10/><V4/><F27/><W103/><G110/><T82/><D52/><N who="1" m="32135" /><E43/><V63/><F63/><W7/><G41/><T60/><D124/><AGARI ba="1,0" hai="24,30,34,97,99,124,125,127" m="32135,47177" machi="124" ten="30,12000,2" yaku="18,1,13,1,52,3,54,1" doraHai="119" who="1" fromWho="0" sc="224,-123,214,123,298,0,264,0" /><INIT seed="3,0,0,5,4,76" ten="101,337,298,264" oya="3" hai0="50,60,40,135,85,124,43,64,70,83,46,1,25" hai1="100,30,2,65,108,130,47,129,63,21,15,48,11" hai2="79,114,62,4,104,38,106,126,23,24,133,74,113" hai3="103,10,33,29,6,36,120,61,44,3,26,75,90"/><W88/><G75/><T101/><D1/><U17/><E100/><V9/><F38/><W109/><G120/><T58/><D135/><U97/><E97/><V7/><F133/><W20/><G103/><T45/><D101/><U84/><E84/><V16/><F126/><W81/><G109/><T19/><D19/><U131/><E108/><V99/><F4/><W32/><G61/><T51/><D25/><U125/><E125/><V86/><F74/><W134/><G134/><T28/><D28/><U18/><E30/><V8/><F8/><W67/><G67/><T132/><D132/><U95/><E95/><V0/><F62/><W77/><G90/><T37/><D124/><U5/><E21/><V59/><F59/><W94/><G44/><T27/><D27/><U54/><E2/><V112/><REACH who="2" step="1"/><F99/><REACH who="2" ten="101,337,288,264" step="2"/><W116/><G36/><T31/><D31/><U92/><E92/><V39/><F39/><W80/><G116/><T42/><D85/><U34/><E34/><V128/><F128/><W87/><REACH who="3" step="1"/><G77/><REACH who="3" ten="101,337,288,254" step="2"/><T12/><D12/><U56/><AGARI ba="0,2" hai="5,11,15,17,18,47,48,54,56,63,65,129,130,131" machi="56" ten="30,2000,0" yaku="0,1,19,1" doraHai="76" who="1" fromWho="1" sc="101,-5,337,40,288,-5,254,-10" owari="96,-40.0,377,48.0,283,8.0,244,-16.0" /></mjloggm>