<mjloggm ver="2.3"><GO type="97" lobby="0"/><UN n0="%4B%69%6C%6D%69%73%74%65" n1="%73%69%72%6F%6B%61%6D%69" n2="%E3%82%A6%E3%83%AB%E3%83%88%E3%83%A9%E7%AB%8B%E7%9B%B4" n3="%E6%A5%93%E9%9B%AA%E2%99%AA" dan="14,13,15,13" rate="1992.53,1821.31,1997.35,2032.84" sx="M,M,M,F"/><TAIKYOKU oya="0"/><INIT seed="0,0,0,1,0,29" ten="250,250,250,250" oya="0" hai0="44,75,15,63,4,133,30,73,28,71,114,109,19" hai1="24,2,56,45,101,120,95,66,76,88,91,7,18" hai2="55,9,113,33,115,72,130,53,86,37,46,34,65" hai3="93,128,60,12,84,129,121,96,42,102,127,74,94"/><T83/><D114/><U100/><E120/><V51/><F37/><W117/><G42/><T108/><D133/><U8/><E76/><V43/><F43/><W131/><G60/><T110/><D4/><U36/><E66/><V59/><F65/><W21/><G21/><N who="0" m="11519" /><D44/><U81/><E56/><V62/><F72/><N who="0" m="27722" /><D83/><U39/><E45/><V6/><F130/><W49/><G49/><T85/><D85/><U70/><E70/><V112/><REACH who="2" step="1"/><F86/><REACH who="2" ten="250,250,240,250" step="2"/><W90/><G74/><T3/><D3/><AGARI ba="0,1" hai="3,6,9,33,34,46,51,53,55,59,62,112,113,115" machi="3" ten="40,8000,1" yaku="1,1,2,1,52,2,53,0" doraHai="29" doraHaiUra="10" who="2" fromWho="0" sc="250,-80,250,0,240,90,250,0" /><INIT seed="1,0,0,2,0,34" ten="170,250,330,250" oya="1" hai0="49,118,133,130,39,20,2,84,62,42,83,122,97" hai1="6,29,56,94,127,46,74,108,66,135,91,126,18" hai2="60,1,80,98,99,132,81,26,111,50,115,11,16" hai3="104,21,112,116,109,101,36,110,68,13,105,9,71"/><U96/><E74/><V134/><F111/><W37/><G21/><T28/><D118/><U55/><E108/><N who="3" m="41578" /><G112/><T73/><D122/><U125/><E135/><V5/><F115/><W59/><G59/><T3/><D133/><N who="2" m="51306" /><F50/><W57/><G57/><T120/><D120/><U27/><E6/><V123/><F60/><W100/><G116/><T65/><D130/><U30/><E66/><V117/><F117/><W15/><G9/><T63/><D39/><N who="3" m="14921" /><G101/><T45/><D73/><U78/><E46/><V12/><F26/><W75/><G75/><T52/><D97/><N who="2" m="36874" /><F123/><W102/><G102/><T124/><D124/><U128/><E128/><V92/><F92/><W31/><G100/><T51/><D28/><U79/><E29/><V17/><F17/><W24/><G24/><T103/><D20/><AGARI ba="0,0" hai="1,5,11,12,16,20,80,81" m="36874,51306" machi="20" ten="30,3900,0" yaku="20,1,52,1,54,1" doraHai="34" who="2" fromWho="0" sc="170,-39,250,0,330,39,250,0" /><INIT seed="2,0,0,0,0,129" ten="131,250,369,250" oya="2" hai0="65,132,9,123,46,128,13,27,100,34,108,57,113" hai1="116,43,26,111,95,131,25,135,84,97,112,133,50" hai2="23,122,119,70,126,82,102,45,77,99,7,88,62" hai3="54,30,104,87,107,58,14,4,91,115,0,37,51"/><V71/><F122/><W72/><G72/><T33/><D123/><U48/><E131/><V74/><F119/><W94/><G115/><T40/><D113/><U56/><E116/><V79/><F79/><W98/><G37/><T118/><D128/><U17/><E112/><V114/><F126/><W53/><G30/><T6/><D118/><U35/><E111/><V24/><F7/><W66/><G66/><T117/><D117/><U103/><E84/><V52/><F88/><W124/><G124/><T121/><D121/><U41/><E35/><V55/><F55/><W130/><G0/><T29/><D108/><U96/><E17/><V22/><F22/><W69/><G69/><T83/><D83/><U92/><E56/><V109/><F109/><W38/><G38/><T5/><D34/><U67/><E67/><V73/><F73/><W20/><G130/><T12/><D100/><AGARI ba="0,0" hai="25,26,41,43,48,50,92,95,96,97,100,103,133,135" machi="100" ten="25,6400,0" yaku="22,2,52,2" doraHai="129" who="1" fromWho="0" sc="131,-64,250,64,369,0,250,0" /><INIT seed="3,0,0,0,5,99" ten="67,314,369,250" oya="3" hai0="135,24,17,84,49,16,41,21,40,51,5,70,123" hai1="92,94,114,78,107,110,14,11,77,62,111,33,76" hai2="128,13,6,115,66,47,106,1,23,71,104,74,39" hai3="65,48,52,67,44,113,89,61,15,2,72,59,64"/><W82/><G2/><T45/><D123/><U101/><E33/><V20/><F13/><W34/><G34/><T18/><D70/><U93/><E62/><N who="2" m="40407" /><F23/><W96/><G113/><T22/><D135/><U35/><E35/><V124/><F20/><W69/><G72/><T3/><D3/><U127/><E114/><V68/><F68/><W10/><G69/><T119/><D119/><U108/><E11/><V57/><F57/><W97/><G97/><T54/><D5/><U98/><E14/><V95/><F95/><W91/><G91/><T118/><D118/><U0/><E0/><V134/><F134/><W7/><REACH who="3" step="1"/><G96/><REACH who="3" ten="67,314,369,240" step="2"/><T122/><D122/><U90/><E90/><V112/><F74/><W121/><G121/><T36/><D36/><U25/><E25/><V38/><F38/><W42/><G42/><T83/><D54/><U87/><E87/><AGARI ba="0,1" hai="7,10,15,44,48,52,59,61,64,65,67,82,87,89" machi="87" ten="40,7700,0" yaku="1,1,8,1,54,1,53,0" doraHai="99" doraHaiUra="129" who="3" fromWho="1" sc="67,0,314,-77,369,0,240,87" /><INIT seed="3,1,0,4,2,66" ten="67,237,369,327" oya="3" hai0="64,11,118,43,67,60,97,90,133,120,29,83,94" hai1="125,34,12,42,73,18,6,135,24,57,59,76,52" hai2="117,96,100,5,116,98,110,122,95,111,35,108,28" hai3="41,48,33,80,105,74,91,14,101,58,113,36,89"/><W123/><G123/><T102/><D120/><U134/><E125/><V127/><F122/><W19/><G113/><T124/><D118/><U112/><E112/><V2/><F127/><W71/><G33/><T63/><D124/><U128/><E128/><V56/><F28/><W51/><G36/><T7/><D133/><U44/><E6/><V121/><F35/><W79/><G71/><T126/><D126/><U23/><E73/><V119/><F121/><W53/><G105/><T45/><D29/><U86/><E34/><V103/><F5/><W92/><G101/><T37/><D63/><U131/><E131/><V93/><F56/><W15/><G15/><T8/><D8/><U77/><E57/><V68/><F68/><W104/><G104/><T0/><D67/><U25/><E135/><V61/><F61/><W38/><G38/><T130/><D130/><U106/><E106/><V54/><F54/><W114/><G114/><T55/><D55/><U129/><E129/><V32/><F32/><W30/><G30/><T75/><D102/><U84/><E134/><V62/><F62/><W78/><G78/><T72/><D72/><U70/><E70/><V82/><F82/><W17/><G14/><T26/><D26/><U85/><E77/><V46/><F46/><N who="3" m="25679" /><G92/><T21/><D21/><U115/><E76/><V87/><F2/><W20/><G20/><T88/><D90/><U69/><E69/><V10/><F10/><W22/><G22/><T31/><D31/><U40/><E115/><V50/><F50/><W27/><G27/><N who="1" m="10314" /><E44/><V65/><F65/><W13/><G13/><RYUUKYOKU ba="1,0" sc="67,-30,237,10,369,10,327,10" hai1="12,18,23,40,42,52,59,84,85,86" hai2="87,93,95,96,98,100,103,108,110,111,116,117,119" hai3="17,19,51,53,58,74,79,80,89,91" /><INIT seed="3,2,0,4,1,80" ten="37,247,379,337" oya="3" hai0="126,64,44,104,66,71,92,123,8,19,42,67,97" hai1="118,84,108,9,74,68,24,0,101,107,11,15,60" hai2="52,90,76,62,87,26,109,98,18,128,17,29,69" hai3="54,95,129,37,114,38,35,134,49,36,102,130,122"/><W65/><G35/><T2/><D123/><U117/><E108/><V127/><F109/><W75/><G75/><T51/><D104/><U131/><E74/><V13/><F127/><W32/><G32/><T105/><D105/><U4/><E131/><N who="3" m="50186" /><G122/><T25/><D25/><U119/><E24/><V121/><F121/><W100/><G114/><T45/><D19/><U55/><E107/><V16/><F128/><W99/><G134/><T111/><D8/><U14/><E101/><V57/><F69/><W89/><G65/><T103/><D2/><U40/><E40/><V135/><F135/><W43/><G43/><T41/><D92/><U78/><E11/><V6/><F98/><W112/><G112/><T7/><D97/><U28/><E28/><V34/><F76/><W132/><G132/><T46/><D103/><U72/><E72/><V63/><F6/><W79/><G79/><T30/><D7/><U91/><E78/><V113/><F113/><W39/><N who="3" m="9728" /><DORA hai="116" /><W115/><G115/><T73/><D30/><U33/><E33/><V5/><F5/><W27/><G27/><T120/><D73/><U22/><E22/><V96/><F96/><W83/><G83/><T106/><D106/><U110/><E110/><V10/><F34/><W59/><AGARI ba="2,0" hai="49,54,59,89,95,99,100,102" m="9728,50186" machi="59" ten="60,3000,0" yaku="19,1" doraHai="80,116" who="3" fromWho="3" sc="37,-12,247,-12,379,-12,337,36" owari="25,-47.0,235,-16.0,367,17.0,373,46.0" /></mjloggm>