<mjloggm ver="2.3"><GO type="97" lobby="0"/><UN n0="%43%53%31%32%32%35" n1="%E3%82%A6%E3%83%AB%E3%83%88%E3%83%A9%E7%AB%8B%E7%9B%B4" n2="%61%61%61%73" n3="%6B%69%6E%74%61%72%6F%31" dan="13,15,14,14" rate="1875.38,1946.71,1930.78,1965.00" sx="M,M,M,M"/><TAIKYOKU oya="0"/><INIT seed="0,0,0,2,2,29" ten="250,250,250,250" oya="0" hai0="133,62,44,9,73,10,7,69,37,86,122,34,63" hai1="65,77,108,49,57,83,19,53,28,90,75,111,132" hai2="67,103,81,6,68,45,102,109,79,55,14,51,35" hai3="99,97,33,101,15,32,38,27,16,125,95,84,110"/><T47/><D122/><U31/><E132/><V92/><F109/><N who="1" m="42057" /><E65/><V100/><F67/><W128/><G110/><T36/><D133/><U124/><E124/><V41/><F68/><W40/><G125/><T26/><D73/><U126/><E126/><V96/><F35/><W114/><G114/><T48/><D86/><U80/><E19/><V113/><F113/><W134/><G134/><T118/><D34/><U25/><E25/><V98/><F55/><W0/><G0/><T24/><D48/><U115/><E115/><V22/><F96/><W72/><G72/><T104/><D7/><U39/><E39/><V131/><F131/><W135/><G135/><T117/><REACH who="0" step="1"/><D104/><REACH who="0" ten="240,250,250,250" step="2"/><U54/><E49/><V116/><F116/><W120/><G120/><T129/><D129/><U89/><E75/><V123/><F123/><W13/><G128/><T2/><D2/><U56/><E80/><V121/><F121/><W18/><G84/><T71/><AGARI ba="0,1" hai="9,10,24,26,36,37,44,47,62,63,69,71,117,118" machi="71" ten="25,18000,2" yaku="1,1,0,1,22,2,53,2" doraHai="29" doraHaiUra="59" who="0" fromWho="0" sc="240,190,250,-60,250,-60,250,-60" /><INIT seed="0,1,0,2,3,49" ten="430,190,190,190" oya="0" hai0="21,1,12,29,119,6,127,57,85,93,27,79,8" hai1="117,46,72,101,73,134,2,133,17,18,112,41,55" hai2="121,0,106,116,95,10,110,104,113,118,56,88,74" hai3="125,114,40,69,38,60,123,5,54,78,48,82,59"/><T91/><D119/><N who="2" m="45610" /><F0/><W103/><G103/><T22/><D127/><U68/><E2/><V51/><F10/><W14/><G123/><T71/><D71/><U87/><E68/><V43/><F43/><W20/><G114/><T83/><D57/><U36/><E87/><N who="2" m="52639" /><F113/><W37/><G125/><T105/><D105/><N who="2" m="40554" /><F121/><W45/><G20/><T23/><REACH who="0" step="1"/><D1/><REACH who="0" ten="420,190,190,190" step="2"/><U42/><E112/><V64/><F110/><W135/><G69/><T96/><AGARI ba="1,1" hai="6,8,12,21,22,23,27,29,79,83,85,91,93,96" machi="96" ten="20,12000,1" yaku="1,1,2,1,0,1,7,1,8,1,53,0" doraHai="49" doraHaiUra="13" who="0" fromWho="0" sc="420,133,190,-41,190,-41,190,-41" /><INIT seed="0,2,0,2,4,129" ten="553,149,149,149" oya="0" hai0="62,117,3,64,131,21,81,79,2,91,124,104,68" hai1="41,72,86,115,16,36,11,76,48,82,98,58,113" hai2="102,46,40,75,38,52,73,135,94,126,88,9,97" hai3="55,29,122,106,65,116,56,1,4,49,80,45,123"/><T10/><D117/><U32/><E32/><V30/><F126/><W0/><G106/><T18/><D131/><U103/><E36/><V95/><F30/><W22/><G116/><T47/><D104/><U15/><E72/><V108/><F108/><W69/><G4/><T57/><D124/><U110/><E110/><V111/><F111/><W19/><G29/><T28/><D28/><U6/><E58/><V74/><F9/><W24/><G69/><T78/><D78/><U105/><REACH who="1" step="1"/><E16/><REACH who="1" ten="553,139,149,149" step="2"/><V130/><F130/><W60/><REACH who="3" step="1"/><G80/><REACH who="3" ten="553,139,149,139" step="2"/><T34/><D81/><U5/><E5/><V54/><REACH who="2" step="1"/><F135/><REACH who="2" ten="553,139,139,139" step="2"/><W53/><G53/><T66/><D66/><U83/><E83/><V125/><F125/><W109/><G109/><T13/><D64/><U92/><E92/><V25/><F25/><W100/><G100/><T26/><D26/><U87/><E87/><AGARI ba="2,3" hai="38,40,46,52,54,73,74,75,87,88,94,95,97,102" machi="87" ten="40,5200,0" yaku="1,1,54,2,53,0" doraHai="129" doraHaiUra="8" who="2" fromWho="1" sc="553,0,139,-58,139,88,139,0" /><INIT seed="1,0,0,2,2,58" ten="553,81,227,139" oya="1" hai0="80,115,134,110,133,10,4,49,81,131,82,104,12" hai1="118,107,11,42,56,53,85,135,3,66,114,108,34" hai2="0,75,47,97,117,95,100,129,23,78,16,19,101" hai3="30,102,77,52,86,8,92,33,65,67,51,37,79"/><U71/><E34/><V46/><F117/><W50/><G37/><T41/><D104/><U35/><E107/><V18/><F129/><W119/><G119/><T57/><D131/><U113/><E35/><V44/><F0/><W123/><G123/><T15/><D115/><N who="1" m="44043" /><E85/><V61/><F75/><W31/><G51/><T22/><D110/><U14/><E14/><V17/><F78/><N who="3" m="29707" /><G33/><T69/><D69/><U72/><E11/><V68/><F61/><W99/><G8/><T25/><D15/><U124/><E3/><V121/><F68/><W54/><G54/><T105/><D105/><U32/><E32/><V1/><F1/><W132/><G132/><N who="0" m="50795" /><D57/><U70/><E72/><V59/><F59/><N who="3" m="33175" /><G86/><T96/><D49/><N who="1" m="30767" /><E135/><V27/><F121/><W26/><G26/><T39/><D96/><U120/><E118/><V24/><F24/><W126/><G126/><T38/><D41/><U76/><E120/><V84/><F84/><W87/><G87/><T2/><D2/><U93/><E93/><V45/><N who="2" m="11776" /><DORA hai="28" /><V64/><F64/><AGARI ba="0,0" hai="30,31,64,65,67,92,99,102" m="33175,29707" machi="64" ten="30,2000,0" yaku="8,1,54,1" doraHai="58,28" who="3" fromWho="2" sc="553,0,81,0,227,-20,139,20" /><INIT seed="2,0,0,0,4,87" ten="553,81,207,159" oya="2" hai0="115,94,132,89,131,122,41,70,48,10,60,58,5" hai1="121,69,102,39,93,3,26,116,77,85,34,112,110" hai2="4,51,130,50,119,45,42,114,54,107,127,84,96" hai3="133,135,53,66,47,73,101,1,20,29,55,74,56"/><V16/><F114/><W82/><G1/><T111/><D115/><U97/><E39/><V43/><F119/><W126/><G101/><T125/><D122/><U65/><E3/><V30/><F30/><W31/><G20/><T129/><D111/><U7/><E7/><V90/><F4/><W17/><G17/><T12/><D70/><U22/><E121/><V134/><F134/><N who="3" m="51211" /><G82/><T67/><D125/><U104/><E110/><V68/><F68/><W11/><G11/><T13/><D132/><U62/><E112/><V38/><F130/><N who="0" m="49674" /><D48/><U108/><E108/><V103/><F127/><W120/><G126/><T37/><D41/><U9/><E9/><V28/><F28/><N who="3" m="10827" /><G47/><T98/><D13/><U118/><E77/><V78/><F78/><W35/><G35/><T8/><D8/><U106/><E34/><V113/><F113/><W105/><G105/><T117/><D117/><U33/><E33/><V92/><F38/><AGARI ba="0,0" hai="5,10,12,37,38,58,60,67,89,94,98" m="49674" machi="38" ten="30,2000,0" yaku="19,1,52,1" doraHai="87" who="0" fromWho="2" sc="553,20,81,0,207,-20,159,0" /><INIT seed="3,0,0,0,4,77" ten="573,81,187,159" oya="3" hai0="105,78,58,117,30,21,85,93,84,120,36,10,50" hai1="127,100,54,81,133,39,48,89,53,25,87,44,132" hai2="23,8,71,129,79,20,5,101,88,14,62,34,65" hai3="56,128,106,26,90,116,95,82,37,74,92,124,102"/><W60/><G37/><T16/><D105/><U130/><E130/><V19/><F129/><W97/><G116/><T94/><D36/><U119/><E127/><V42/><F42/><W2/><G128/><T46/><D120/><U72/><E119/><V4/><F101/><W15/><G124/><T7/><D117/><U73/><E39/><V35/><F79/><W111/><G2/><T96/><D30/><U57/><E100/><V13/><F88/><W108/><G26/><T0/><D58/><U64/><E64/><V107/><F107/><W27/><G27/><T43/><D78/><U24/><E24/><V68/><F68/><W134/><G15/><N who="0" m="5599" /><D93/><U113/><E113/><V114/><F114/><W135/><G56/><T83/><D83/><U121/><E121/><V47/><F47/><W103/><G60/><T75/><D0/><U22/><E133/><N who="3" m="50698" /><G74/><T40/><D75/><U11/><E11/><V112/><F112/><W32/><G32/><T3/><D3/><U33/><E33/><V17/><F5/><W104/><G82/><T80/><D80/><U12/><E132/><V67/><F67/><W70/><G70/><T61/><D61/><U115/><E115/><V59/><F71/><W41/><G41/><T29/><D43/><U118/><E118/><V109/><F109/><N who="3" m="42059" /><G95/><T91/><D29/><U6/><E12/><AGARI ba="0,0" hai="4,8,12,13,14,17,19,20,23,34,35,59,62,65" machi="12" ten="30,2000,0" yaku="7,1,9,1" doraHai="77" who="2" fromWho="1" sc="573,0,81,-20,187,20,159,0" /><AGARI ba="0,0" hai="12,16,21,40,46,50,84,85,91,94,96" m="5599" machi="12" ten="30,2000,0" yaku="8,1,54,1" doraHai="77" who="0" fromWho="1" sc="573,20,61,-20,207,0,159,0" owari="593,69.0,41,-46.0,207,1.0,159,-24.0" /></mjloggm>