<mjloggm ver="2.3"><GO type="97" lobby="0"/><UN n0="%6B%69%72%69%6E%6F%2E%63" n1="%6A%61%6B%61" n2="%6C%65%61%6B%69%6E%67" n3="%E3%82%A6%E3%83%AB%E3%83%88%E3%83%A9%E7%AB%8B%E7%9B%B4" dan="14,14,15,14" rate="1803.90,1899.90,2007.48,1861.69" sx="M,M,M,M"/><TAIKYOKU oya="0"/><INIT seed="0,0,0,1,1,124" ten="250,250,250,250" oya="0" hai0="64,126,8,68,44,71,119,60,63,100,6,55,105" hai1="40,110,1,129,106,102,18,91,29,127,66,121,98" hai2="49,122,90,79,25,27,50,94,7,53,3,86,13" hai3="70,96,77,73,22,131,5,58,104,87,56,52,10"/><T69/><D126/><U130/><E127/><V24/><F122/><W72/><G70/><T85/><D119/><U9/><E121/><V39/><F39/><W61/><G131/><N who="1" m="50186" /><E110/><V134/><F134/><W114/><G114/><T17/><D17/><U59/><E40/><V74/><F3/><W111/><G111/><T16/><D85/><U11/><E91/><V30/><F30/><W89/><G22/><T36/><D105/><U47/><E47/><V117/><F117/><W92/><G58/><T32/><D100/><U34/><E18/><V76/><F74/><W135/><G135/><T107/><D32/><U83/><E83/><V46/><F50/><W48/><G48/><T2/><D107/><U67/><E1/><V108/><F108/><W81/><REACH who="3" step="1"/><G104/><REACH who="3" ten="250,250,250,240" step="2"/><T62/><D68/><U57/><E59/><V42/><F49/><W80/><G80/><T45/><D69/><U12/><E57/><V125/><F125/><W41/><G41/><T26/><D36/><U88/><E9/><V54/><F42/><W99/><G99/><T118/><D71/><U128/><E128/><V37/><F37/><W31/><G31/><T21/><D118/><U15/><E29/><V113/><F113/><W78/><G78/><T65/><REACH who="0" step="1"/><D55/><REACH who="0" ten="240,250,250,240" step="2"/><U38/><E38/><V93/><F54/><W0/><AGARI ba="0,2" hai="0,5,10,52,56,61,72,73,77,81,87,89,92,96" machi="0" ten="20,8000,1" yaku="1,1,0,1,7,1,54,1,53,1" doraHai="124" doraHaiUra="35" who="3" fromWho="3" sc="240,-40,250,-20,250,-20,240,100" /><INIT seed="1,0,0,3,4,98" ten="200,230,230,340" oya="1" hai0="65,81,4,47,108,124,16,89,21,112,120,0,49" hai1="22,18,46,2,25,58,113,117,125,20,130,128,50" hai2="83,79,6,38,15,101,59,40,62,92,63,12,32" hai3="78,76,17,99,35,52,7,23,77,5,1,43,116"/><U70/><E117/><V122/><F32/><W96/><G35/><T110/><D112/><U90/><E125/><V11/><F122/><W31/><G116/><T84/><D124/><U14/><E113/><V44/><F15/><W105/><G31/><T36/><D120/><U57/><E70/><V111/><F111/><N who="0" m="42538" /><D36/><U115/><E115/><V34/><F34/><W127/><G43/><N who="0" m="24831" /><D65/><U107/><E107/><V54/><F63/><W82/><G96/><T87/><D0/><U42/><E2/><V3/><F12/><W104/><G82/><T85/><D4/><U69/><E69/><V71/><F71/><W61/><G17/><T88/><D89/><U9/><E90/><V100/><F92/><W24/><G99/><T131/><D131/><N who="1" m="50219" /><E22/><V67/><F67/><W56/><G127/><T26/><AGARI ba="0,0" hai="16,21,26,81,84,85,87,88" m="24831,42538" machi="26" ten="30,4000,0" yaku="14,1,54,2" doraHai="98" who="0" fromWho="0" sc="200,40,230,-20,230,-10,340,-10" /><INIT seed="2,0,0,1,3,117" ten="240,210,220,330" oya="2" hai0="108,2,23,35,49,80,76,68,124,48,120,111,67" hai1="125,31,92,77,61,18,13,88,44,118,131,93,130" hai2="99,38,82,105,104,3,53,5,51,121,71,100,65" hai3="70,102,97,28,37,1,60,110,30,81,47,0,96"/><V24/><F38/><W78/><G97/><T86/><D35/><U129/><E118/><V132/><F132/><W27/><G30/><T7/><D2/><U19/><E125/><V36/><F36/><W4/><G4/><T15/><D7/><U50/><E77/><V59/><F121/><W90/><G90/><T62/><D124/><U17/><E61/><V11/><F82/><W115/><G110/><T6/><D120/><U55/><E31/><V52/><F24/><W109/><G109/><N who="0" m="42059" /><D6/><U46/><E46/><V101/><F71/><W32/><G115/><T134/><D134/><U58/><E58/><V79/><F79/><W107/><G47/><T127/><D127/><U91/><REACH who="1" step="1"/><E13/><REACH who="1" ten="240,200,220,330" step="2"/><V87/><F3/><W89/><G37/><T21/><D15/><U45/><E45/><V63/><F105/><W34/><G34/><T16/><D62/><U26/><E26/><V103/><F87/><N who="3" m="50415" /><G78/><T75/><D76/><U135/><E135/><V69/><F69/><W39/><G39/><T56/><D68/><U25/><E25/><V133/><F133/><W113/><G113/><T22/><D75/><U72/><E72/><V66/><F63/><W57/><G57/><T95/><D56/><U73/><E73/><V85/><F85/><W106/><G106/><T122/><D86/><U54/><E54/><V83/><F53/><W42/><G42/><T119/><D119/><U20/><E20/><V94/><F104/><W98/><G98/><T41/><D23/><U10/><E10/><V33/><F11/><W128/><G0/><T9/><D22/><U43/><E43/><RYUUKYOKU ba="0,1" sc="240,-10,200,30,220,-10,330,-10" hai1="17,18,19,44,50,55,88,91,92,93,129,130,131" /><INIT seed="3,1,1,4,1,50" ten="230,230,210,320" oya="3" hai0="28,95,74,39,119,63,122,73,112,27,34,36,38" hai1="48,3,41,67,11,132,68,121,117,107,75,79,33" hai2="64,1,4,46,7,24,19,37,130,96,5,83,87" hai3="86,127,21,120,111,88,116,92,76,91,13,113,109"/><W31/><G120/><T18/><D122/><U135/><E117/><V108/><F108/><N who="3" m="41547" /><G127/><T56/><D119/><U62/><E121/><V69/><F130/><W40/><G76/><T125/><D125/><U106/><E33/><V115/><F115/><W47/><G116/><T85/><D18/><U43/><E48/><V90/><F1/><W65/><G65/><T45/><D112/><U53/><E53/><V59/><F69/><W80/><G113/><T22/><D22/><U55/><E55/><V57/><F96/><W30/><G13/><T118/><D118/><U110/><E110/><V20/><F64/><W84/><G21/><T60/><D45/><U103/><E103/><V8/><F8/><W2/><G2/><T6/><D6/><N who="1" m="1503" /><E41/><V66/><REACH who="2" step="1"/><F66/><REACH who="2" ten="230,230,200,320" step="2"/><W42/><G42/><AGARI ba="1,2" hai="4,5,7,19,20,24,37,42,46,57,59,83,87,90" machi="42" ten="40,5200,0" yaku="1,1,2,1,53,1" doraHai="50" doraHaiUra="14" who="2" fromWho="3" sc="230,0,230,0,200,75,320,-55" /><INIT seed="4,0,0,2,4,0" ten="230,230,275,265" oya="0" hai0="76,89,1,43,84,132,39,111,30,32,100,113,48" hai1="31,7,41,72,46,68,12,75,64,121,56,115,62" hai2="112,63,66,107,109,28,5,16,29,34,26,33,13" hai3="49,99,79,35,97,23,106,58,88,54,108,114,38"/><T102/><D1/><U82/><E121/><V51/><F107/><W130/><G35/><T25/><D39/><U74/><E115/><V55/><F109/><W44/><G114/><T52/><D113/><U87/><E31/><V2/><F112/><W36/><G108/><T124/><D124/><U40/><E68/><V85/><F85/><W6/><G130/><T116/><D116/><U17/><E7/><V125/><F125/><W9/><G79/><T42/><D132/><U22/><REACH who="1" step="1"/><E46/><REACH who="1" ten="230,220,275,265" step="2"/><V101/><F5/><W11/><G6/><T27/><D111/><U118/><E118/><V3/><F29/><W98/><G44/><N who="0" m="27655" /><D30/><U60/><E60/><V65/><F63/><W10/><G36/><T69/><D32/><U71/><E71/><V93/><F34/><W103/><G38/><T57/><D69/><U50/><E50/><V110/><F110/><W123/><G123/><T122/><D122/><U4/><E4/><V135/><F2/><W8/><N who="3" m="2048" /><DORA hai="117" /><W129/><G129/><T94/><D57/><U83/><E83/><V104/><F3/><W80/><G80/><T14/><D76/><AGARI ba="0,1" hai="12,17,22,40,41,56,62,64,72,74,75,76,82,87" machi="76" ten="40,8000,1" yaku="1,1,53,4" doraHai="0,117" doraHaiUra="105,59" who="1" fromWho="0" sc="230,-80,220,90,275,0,265,0" owari="150,-35.0,310,40.0,275,8.0,265,-13.0" /></mjloggm>