<mjloggm ver="2.3"><GO type="97" lobby="0"/><UN n0="%E3%82%A6%E3%83%AB%E3%83%88%E3%83%A9%E7%AB%8B%E7%9B%B4" n1="%46%53" n2="%6B%6E%6F%72%72" n3="%E8%B5%A4%E3%81%9A%E3%81%8D%E3%82%93" dan="15,13,13,13" rate="1987.97,1819.42,1826.59,1955.91" sx="M,M,M,M"/><TAIKYOKU oya="0"/><INIT seed="0,0,0,0,3,108" ten="250,250,250,250" oya="0" hai0="64,97,133,88,124,18,17,2,52,115,6,113,81" hai1="69,44,68,78,104,43,112,130,86,20,39,24,128" hai2="90,116,77,36,107,42,123,72,84,40,74,1,93" hai3="99,132,101,96,119,122,110,106,121,8,30,58,63"/><T13/><D64/><U33/><E112/><N who="0" m="43081" /><D2/><U92/><E104/><V103/><F1/><W109/><G119/><T37/><D37/><U56/><E56/><V4/><F4/><W127/><G30/><T85/><D6/><U71/><E33/><V62/><F116/><W120/><G96/><T76/><D18/><U134/><E134/><V57/><F36/><W0/><G132/><T94/><D52/><U95/><E78/><V10/><F40/><W91/><G127/><T51/><D51/><U135/><E135/><V79/><F42/><W70/><G70/><T55/><D55/><U16/><REACH who="1" step="1"/><E86/><REACH who="1" ten="250,240,250,250" step="2"/><V11/><F57/><W117/><G117/><T46/><D133/><U66/><E66/><V80/><F123/><W98/><G109/><T22/><D46/><U61/><E61/><V111/><F62/><W125/><G110/><T53/><D124/><U102/><E102/><V54/><F111/><W12/><G125/><T26/><D76/><N who="2" m="29258" /><F54/><N who="3" m="34263" /><G0/><T60/><D85/><U25/><E25/><V49/><F107/><W28/><G101/><T9/><D13/><U35/><E35/><V87/><F103/><W65/><G106/><T34/><D34/><U114/><E114/><V82/><F74/><W41/><G65/><T19/><D60/><U48/><E48/><V83/><F72/><W47/><G120/><T31/><D26/><U32/><E32/><V14/><F14/><W29/><G121/><T15/><D53/><U59/><E59/><V129/><F49/><W23/><G12/><N who="0" m="9575" /><D31/><U131/><AGARI ba="0,1" hai="16,20,24,39,43,44,68,69,71,92,95,128,130,131" machi="131" ten="40,8000,1" yaku="1,1,0,1,19,1,54,1,53,0" doraHai="108" doraHaiUra="75" who="1" fromWho="1" sc="250,-40,240,90,250,-20,250,-20" /><INIT seed="1,0,0,0,3,58" ten="210,330,230,230" oya="1" hai0="18,10,103,31,23,29,80,55,74,99,60,3,12" hai1="5,127,50,87,22,124,91,6,21,131,4,56,83" hai2="30,25,64,20,95,45,24,96,9,49,33,19,38" hai3="106,62,48,107,0,121,130,108,72,53,32,104,114"/><U122/><E122/><V59/><F38/><W44/><G72/><T112/><D112/><U125/><E131/><V116/><F64/><W11/><G121/><T110/><D110/><U117/><E117/><V8/><F59/><W66/><G114/><T34/><D34/><U132/><E132/><V120/><F120/><W109/><G32/><T75/><D75/><U126/><N who="1" m="32256" /><DORA hai="100" /><U67/><E50/><V94/><F116/><W89/><G130/><T119/><D119/><U73/><E73/><V76/><F76/><W51/><G0/><T134/><D134/><U82/><E83/><V81/><F81/><W1/><G1/><T90/><D3/><U93/><E82/><V68/><F68/><N who="3" m="42071" /><G11/><T113/><D113/><U86/><E87/><V13/><F9/><W111/><G51/><T47/><D10/><U26/><E26/><V71/><F71/><W36/><G89/><T27/><D27/><U16/><REACH who="1" step="1"/><E16/><REACH who="1" ten="210,320,230,230" step="2"/><V37/><F37/><AGARI ba="0,1" hai="36,37,44,48,53,104,106,107,108,109,111" m="42071" machi="37" ten="40,8000,1" yaku="14,1,52,4" doraHai="58,100" who="3" fromWho="2" sc="210,0,320,0,230,-80,230,90" /><INIT seed="2,0,0,2,4,78" ten="210,320,150,320" oya="2" hai0="81,46,114,66,75,12,134,1,17,47,79,26,6" hai1="33,53,25,3,28,80,8,97,128,27,31,48,73" hai2="20,84,86,64,77,108,95,83,39,4,96,7,22" hai3="42,125,11,35,65,74,111,70,23,37,116,32,56"/><V98/><F39/><W123/><G70/><T59/><D114/><U113/><E113/><V87/><F64/><W101/><G74/><T9/><D134/><U49/><E128/><V88/><F7/><W52/><G101/><T112/><D112/><U69/><E97/><N who="2" m="57575" /><F4/><W19/><G123/><T43/><D26/><U104/><E69/><V54/><F54/><W14/><G116/><T105/><D105/><U15/><E104/><V85/><F22/><W2/><G2/><T126/><D126/><U10/><E3/><V129/><F20/><W50/><G65/><T93/><D93/><U44/><E49/><V60/><F60/><W133/><G42/><T115/><D115/><U130/><E15/><V71/><F71/><W94/><G37/><T24/><D24/><U72/><E72/><V106/><F129/><W21/><G125/><T30/><D30/><U58/><E44/><V41/><F41/><W107/><G107/><T89/><D89/><U122/><E130/><V29/><F29/><W131/><G32/><T82/><D47/><U91/><E122/><V100/><F98/><W127/><G35/><T92/><D59/><U110/><E110/><AGARI ba="0,0" hai="77,83,84,85,86,87,96,100,106,108,110" m="57575" machi="110" ten="30,11600,0" yaku="34,2,52,1,54,1" doraHai="78" who="2" fromWho="1" sc="210,0,320,-116,150,116,320,0" /><INIT seed="2,1,0,0,4,77" ten="210,204,266,320" oya="2" hai0="125,16,0,104,39,62,60,97,95,64,69,89,68" hai1="15,75,25,40,21,73,130,56,24,129,116,63,122" hai2="126,2,61,66,11,72,1,5,120,58,33,70,17" hai3="134,30,81,46,133,119,53,13,19,35,121,31,23"/><V124/><F120/><W9/><G121/><T84/><D0/><U92/><E116/><V32/><F72/><W43/><G119/><T20/><D39/><U123/><E40/><V3/><F33/><W14/><G53/><T50/><D125/><N who="2" m="48234" /><F32/><W113/><G113/><T49/><D104/><U67/><E92/><V48/><F17/><W82/><G35/><T91/><D62/><U52/><E67/><V101/><F101/><W18/><G46/><T79/><D79/><U41/><E41/><V71/><F48/><W28/><REACH who="3" step="1"/><G43/><REACH who="3" ten="210,204,266,310" step="2"/><T45/><D45/><U127/><E127/><V98/><F71/><W6/><G6/><T103/><D69/><U110/><E110/><V85/><F70/><W44/><G44/><T12/><REACH who="0" step="1"/><D103/><REACH who="0" ten="200,204,266,310" step="2"/><U80/><E123/><V88/><F98/><W117/><G117/><T51/><D51/><U65/><E122/><V111/><F111/><W90/><G90/><T99/><D99/><U100/><E100/><V26/><F26/><W38/><G38/><T76/><D76/><N who="1" m="44047" /><E25/><V57/><F58/><W29/><N who="3" m="7168" /><DORA hai="36" /><W59/><G59/><T87/><D87/><U115/><E115/><V96/><F96/><W109/><G109/><T8/><D8/><U4/><E75/><V105/><F105/><W135/><AGARI ba="1,2" hai="9,13,14,18,19,23,81,82,133,134,135" m="7168" machi="135" ten="50,12000,2" yaku="1,1,0,1,20,1,52,2,53,2" doraHai="77,36" doraHaiUra="78,42" who="3" fromWho="3" sc="200,-31,204,-31,266,-61,310,143" /><INIT seed="3,0,0,2,1,13" ten="169,173,205,453" oya="3" hai0="135,40,71,127,21,132,68,38,69,29,77,130,0" hai1="110,117,10,2,19,106,44,63,73,6,3,34,125" hai2="45,107,96,122,129,123,93,26,84,64,57,128,16" hai3="42,80,116,1,90,27,94,59,112,82,76,53,60"/><W95/><G116/><T23/><D0/><U86/><E117/><V74/><F74/><W24/><G1/><T56/><D77/><U14/><E110/><V108/><F108/><W25/><G42/><T67/><D29/><U22/><E106/><V103/><F45/><W65/><G112/><T17/><D23/><U5/><E73/><V7/><F7/><N who="1" m="2569" /><E44/><V75/><F75/><W72/><G72/><T61/><D127/><U119/><E63/><V9/><F64/><W78/><G65/><T18/><D130/><N who="2" m="50282" /><F57/><W87/><G90/><T109/><D109/><U39/><E86/><V85/><F84/><N who="3" m="48135" /><G94/><T58/><D58/><U11/><E39/><V118/><F118/><W62/><G95/><T33/><D33/><U115/><E125/><V134/><F134/><N who="0" m="51242" /><D21/><N who="1" m="11511" /><E119/><V114/><F114/><W100/><G100/><T79/><D79/><U121/><E121/><V54/><F54/><W124/><G124/><T8/><D8/><N who="1" m="3115" /><E115/><V131/><F131/><W99/><G99/><T30/><D30/><U47/><E47/><AGARI ba="0,0" hai="17,18,38,40,47,56,61,67,68,69,71" m="51242" machi="47" ten="40,5200,0" yaku="20,1,52,2" doraHai="13" who="0" fromWho="1" sc="169,52,173,-52,205,0,453,0" owari="221,2.0,121,-38.0,205,-19.0,453,55.0" /></mjloggm>