<mjloggm ver="2.3"><GO type="97" lobby="0"/><UN n0="%54%65%72%61" n1="%E3%82%A6%E3%83%AB%E3%83%88%E3%83%A9%E7%AB%8B%E7%9B%B4" n2="%3D%CE%95%54%3D" n3="%EF%BC%A0%E4%B8%80%E8%89%B2" dan="14,15,13,13" rate="1962.64,1994.12,1870.61,1805.72" sx="M,M,M,F"/><TAIKYOKU oya="0"/><INIT seed="0,0,0,1,1,77" ten="250,250,250,250" oya="0" hai0="83,121,31,60,105,94,25,20,81,41,43,70,88" hai1="4,135,115,76,15,35,45,85,79,118,50,89,23" hai2="16,114,55,117,122,72,36,44,95,28,67,92,108" hai3="126,48,97,107,80,17,128,27,29,65,8,99,104"/><T93/><D105/><U101/><E35/><V24/><F122/><W73/><G126/><T91/><D121/><U42/><E118/><V69/><F114/><W12/><G65/><T38/><D38/><U111/><E135/><V110/><F117/><W63/><G63/><T22/><D70/><U61/><E115/><V119/><F119/><W125/><G125/><T57/><D22/><U3/><E111/><N who="2" m="42539" /><F72/><W51/><G104/><T96/><D41/><U5/><E101/><V74/><F74/><W59/><G128/><T6/><D6/><N who="1" m="2667" /><E3/><V86/><F36/><W46/><G59/><T9/><D43/><U18/><E61/><N who="2" m="40175" /><F86/><W109/><G107/><T124/><D124/><U123/><E123/><V82/><F82/><AGARI ba="0,0" hai="15,18,23,42,45,50,76,79,82,85,89" m="2667" machi="82" ten="30,2000,0" yaku="8,1,52,1" doraHai="77" who="1" fromWho="2" sc="250,0,250,20,250,-20,250,0" /><INIT seed="1,0,0,1,3,132" ten="250,270,230,250" oya="1" hai0="87,37,110,123,18,12,67,71,42,115,35,135,75" hai1="103,89,22,28,56,120,82,55,107,31,79,77,51" hai2="104,40,19,36,94,68,29,125,48,83,66,46,111" hai3="39,85,99,0,61,15,7,53,65,76,2,122,130"/><U81/><E120/><V50/><F104/><W80/><G122/><T86/><D42/><U126/><E103/><V44/><F111/><W134/><G39/><T4/><D4/><U13/><E107/><V72/><F125/><W8/><G134/><T23/><D67/><U33/><E33/><V91/><F29/><W5/><G130/><T43/><D43/><U54/><E89/><V84/><F19/><W70/><G99/><T1/><D1/><U124/><E13/><V93/><F36/><W116/><G116/><T26/><D37/><U17/><E17/><V62/><REACH who="2" step="1"/><F72/><REACH who="2" ten="250,270,220,250" step="2"/><W105/><G105/><T117/><D75/><U69/><E22/><V58/><F58/><W74/><G74/><T24/><D110/><U30/><E69/><V14/><F14/><W98/><G5/><T59/><D59/><U108/><E108/><V128/><F128/><W119/><G119/><T118/><D117/><U100/><E31/><V114/><F114/><W102/><G15/><T129/><D12/><U88/><E56/><V63/><F63/><W90/><G2/><T45/><D118/><U10/><E51/><V133/><F133/><W64/><G61/><T109/><D115/><U11/><E100/><V78/><F78/><W32/><G70/><T47/><D135/><U20/><E20/><V97/><F97/><W60/><G98/><T112/><D112/><U96/><E88/><V9/><F9/><W49/><G90/><T6/><D109/><U101/><E101/><V106/><F106/><W34/><G102/><T121/><D129/><U131/><E96/><V113/><F113/><RYUUKYOKU ba="0,1" sc="250,-15,270,15,220,15,250,-15" hai1="10,11,28,30,54,55,77,79,81,82,124,126,131" hai2="40,44,46,48,50,62,66,68,83,84,91,93,94" /><INIT seed="1,1,1,3,4,102" ten="235,285,235,235" oya="1" hai0="101,112,25,45,89,73,0,72,121,124,74,49,61" hai1="126,133,105,28,59,84,128,107,40,55,5,114,27" hai2="99,35,118,117,116,66,39,115,14,68,63,3,123" hai3="75,42,30,71,15,67,127,54,98,53,11,104,32"/><U12/><E114/><V76/><F123/><W65/><G75/><T93/><D121/><U20/><E126/><V86/><F3/><W97/><G42/><T83/><D0/><U1/><E128/><V111/><F35/><W130/><G127/><T4/><D124/><U24/><E133/><V58/><F39/><W85/><G130/><T64/><D112/><U52/><E1/><V38/><F38/><W79/><G79/><T109/><D109/><U18/><E40/><V103/><F115/><W132/><G85/><T13/><D25/><U95/><E55/><V113/><F113/><W23/><G23/><T60/><D101/><U56/><E56/><V41/><F111/><W46/><G46/><T19/><D4/><U36/><E36/><V125/><F125/><W22/><G22/><T17/><D83/><U69/><E69/><V37/><F37/><W134/><G67/><T119/><D119/><U100/><E5/><V82/><F41/><W80/><G80/><T91/><D61/><U48/><E27/><V44/><F44/><W70/><G70/><T51/><D51/><U6/><E6/><V29/><F29/><W129/><G129/><T92/><D13/><U31/><E31/><V26/><F26/><N who="3" m="18519" /><G65/><T135/><D135/><N who="3" m="51753" /><G71/><T81/><D81/><U96/><E84/><V34/><F34/><AGARI ba="1,1" hai="12,18,20,24,28,34,48,52,59,95,96,100,105,107" machi="34" ten="30,11600,0" yaku="7,1,52,2,54,1" doraHai="102" who="1" fromWho="2" sc="235,0,285,129,235,-119,235,0" /><INIT seed="1,2,0,1,3,11" ten="235,414,116,235" oya="1" hai0="19,66,21,104,6,20,98,29,54,60,78,76,28" hai1="100,132,85,46,18,107,102,26,71,113,34,37,119" hai2="92,14,125,118,112,52,48,16,83,41,49,59,105" hai3="89,12,75,115,134,35,33,79,36,101,42,87,67"/><U94/><E119/><V135/><F118/><W121/><G115/><T117/><D117/><U53/><E113/><V45/><F105/><W3/><G121/><T43/><D43/><U57/><E71/><V0/><F0/><W129/><G3/><T110/><D110/><U13/><E107/><V47/><F112/><W127/><G101/><T74/><D74/><U8/><E132/><V109/><F109/><W38/><G134/><T24/><D6/><U90/><E37/><V88/><F135/><W55/><G67/><T62/><D104/><U93/><E46/><N who="2" m="25679" /><F125/><W39/><G127/><T111/><D111/><U69/><E69/><V63/><F83/><W80/><G129/><T61/><D66/><U82/><E34/><V131/><F63/><W124/><G124/><T44/><D98/><U108/><E108/><V30/><F30/><W96/><G96/><T58/><D44/><U81/><E26/><V51/><F51/><W7/><G39/><T84/><D84/><U2/><E2/><V50/><F131/><W97/><G38/><T1/><D1/><U15/><E82/><V114/><F49/><W31/><G36/><T68/><D68/><U86/><E94/><V4/><F4/><W27/><G35/><T95/><D95/><U65/><E93/><V73/><F73/><W122/><G75/><T17/><D76/><U56/><E86/><N who="2" m="52247" /><F114/><W91/><G122/><T126/><D126/><U106/><E106/><V23/><AGARI ba="2,0" hai="14,16,23,45,47,50,52,59" m="52247,25679" machi="23" ten="30,12000,2" yaku="25,1,8,1,52,1,54,3" doraHai="11" who="2" fromWho="2" sc="235,-32,414,-62,116,126,235,-32" /><INIT seed="2,0,0,0,0,132" ten="203,352,242,203" oya="2" hai0="2,93,65,131,45,123,56,76,68,29,33,96,39" hai1="54,46,42,107,57,8,40,122,120,121,128,101,11" hai2="5,118,109,10,38,108,14,115,79,66,28,74,95" hai3="21,75,30,111,64,89,100,27,116,119,22,52,110"/><V31/><F115/><W59/><G75/><T102/><D2/><U61/><E128/><V43/><F118/><W67/><G100/><T50/><D123/><U20/><E107/><V92/><F66/><N who="3" m="25131" /><G89/><T17/><D76/><U94/><E20/><V47/><F79/><W98/><G98/><T105/><D131/><U87/><E42/><V63/><F63/><N who="3" m="36327" /><G22/><T97/><D68/><U34/><E34/><V106/><F106/><W78/><G78/><T16/><D39/><N who="1" m="21791" /><E87/><V71/><F71/><W99/><G99/><AGARI ba="0,0" hai="8,11,54,57,61,94,99,101,120,121,122" m="21791" machi="99" ten="30,1000,0" yaku="13,1" doraHai="132" who="1" fromWho="3" sc="203,0,352,10,242,0,203,-10" /><INIT seed="3,0,0,5,3,91" ten="203,362,242,193" oya="3" hai0="66,0,122,101,31,41,23,65,39,93,55,70,13" hai1="88,53,67,87,17,112,36,129,103,135,40,104,38" hai2="115,49,54,18,71,21,32,111,48,56,107,105,37" hai3="33,82,10,35,109,98,126,60,72,77,1,85,63"/><W29/><G126/><T47/><D0/><U62/><E129/><V110/><F71/><W44/><G44/><T43/><D122/><U8/><E135/><V5/><F32/><W90/><G98/><T74/><D74/><U100/><E40/><V45/><F37/><W131/><G131/><T114/><D114/><U94/><E112/><V2/><F115/><W42/><G42/><T24/><D70/><U102/><E104/><V76/><F76/><W80/><G109/><N who="2" m="41481" /><F5/><W58/><G29/><T125/><D125/><U27/><E53/><N who="2" m="29839" /><F2/><W79/><G77/><T92/><D101/><U96/><E38/><V28/><F28/><W69/><G69/><T89/><D39/><U14/><E36/><V46/><F46/><W34/><REACH who="3" step="1"/><G58/><REACH who="3" ten="203,362,242,183" step="2"/><T61/><D47/><U81/><E27/><AGARI ba="0,1" hai="18,21,27,49,54,56,105,107" m="29839,41481" machi="27" ten="30,1000,0" yaku="14,1" doraHai="91" who="2" fromWho="1" sc="203,0,362,-10,242,20,183,0" owari="203,-20.0,352,46.0,262,6.0,183,-32.0" /></mjloggm>