<mjloggm ver="2.3"><GO type="97" lobby="0"/><UN n0="%E3%82%A6%E3%83%AB%E3%83%88%E3%83%A9%E7%AB%8B%E7%9B%B4" n1="%E5%B0%8F%E5%B6%8B%E9%99%BD%E8%8F%9C" n2="%E2%98%86%E2%98%86%E2%98%86%E2%98%86%E2%98%86%E2%98%86%E2%98%86" n3="%E3%83%A9%E3%83%83%E3%82%AD%E3%83%BC%E3%83%89%E3%83%83%E3%82%B0" dan="15,13,14,15" rate="1982.39,1821.40,1880.55,1960.28" sx="M,F,M,M"/><TAIKYOKU oya="0"/><INIT seed="0,0,0,2,2,115" ten="250,250,250,250" oya="0" hai0="9,25,31,52,123,43,132,91,16,102,14,98,4" hai1="2,57,103,80,82,65,134,88,15,70,11,135,117" hai2="77,61,129,112,75,44,56,22,125,13,36,45,116" hai3="46,60,6,71,27,100,90,69,93,10,85,121,106"/><T49/><D132/><N who="1" m="50731" /><E70/><V107/><F112/><W5/><G121/><T19/><D43/><U41/><E2/><V72/><F107/><W40/><G6/><T0/><D91/><U114/><E114/><V86/><F129/><W95/><G106/><T130/><D130/><U78/><E103/><V119/><F125/><W20/><G60/><T37/><D37/><U113/><E113/><V110/><F110/><W66/><G66/><T8/><D123/><U131/><E131/><V28/><F36/><W50/><G95/><T23/><D19/><U127/><E41/><V12/><F75/><W62/><G62/><T118/><D118/><N who="2" m="45098" /><F72/><W7/><G100/><T53/><D49/><U92/><E117/><V89/><F77/><W96/><G96/><T30/><D30/><U18/><E78/><V105/><F105/><AGARI ba="0,0" hai="0,4,8,9,14,16,23,25,31,52,53,98,102,105" machi="105" ten="30,5800,0" yaku="7,1,54,2" doraHai="115" who="0" fromWho="2" sc="250,58,250,0,250,-58,250,0" /><INIT seed="0,1,0,3,4,131" ten="308,250,192,250" oya="0" hai0="115,107,97,37,134,105,126,35,91,44,12,7,83" hai1="62,50,24,57,67,45,41,77,99,73,124,78,118" hai2="56,79,19,13,111,36,5,52,121,129,32,30,26" hai3="87,4,89,23,18,48,40,113,65,72,114,39,31"/><T60/><D35/><U74/><E118/><V86/><F129/><W34/><G72/><T92/><D115/><U71/><E124/><V61/><F111/><W29/><G4/><T90/><D60/><U0/><E0/><V93/><F36/><W110/><G39/><T128/><D128/><U88/><E74/><V76/><F121/><W11/><G11/><T15/><D44/><U84/><E73/><V100/><F5/><W132/><G110/><T98/><D37/><U116/><E116/><V95/><F95/><W127/><G127/><T103/><D7/><U22/><E99/><V135/><F135/><W54/><G65/><T51/><D51/><U21/><E21/><V122/><F122/><W9/><G9/><T16/><D16/><U38/><E38/><V101/><F101/><W68/><G68/><T80/><D126/><U43/><E41/><V25/><F25/><W119/><G119/><T69/><D69/><U112/><E112/><V104/><F104/><W70/><G70/><T102/><D92/><U108/><E108/><V82/><F100/><W6/><G6/><T120/><D120/><U3/><E3/><V58/><F93/><W42/><G114/><T109/><D109/><U10/><E10/><V85/><F58/><W75/><G113/><T63/><D63/><U123/><E123/><V47/><F47/><W2/><G34/><T53/><D53/><U49/><E71/><V14/><F19/><W33/><G33/><T1/><D1/><U17/><E50/><V27/><F27/><W28/><G2/><T20/><D20/><U117/><E117/><RYUUKYOKU ba="1,0" sc="308,10,250,10,192,10,250,-30" hai0="12,15,80,83,90,91,97,98,102,103,105,107,134" hai1="17,22,24,43,45,49,57,62,67,77,78,84,88" hai2="13,14,26,30,32,52,56,61,76,79,82,85,86" /><INIT seed="0,2,0,1,4,33" ten="318,260,202,220" oya="0" hai0="104,135,98,55,10,25,102,134,64,40,16,15,31" hai1="61,131,116,43,88,4,100,106,71,94,5,22,32" hai2="113,26,13,114,76,112,27,2,1,8,129,48,46" hai3="6,58,38,47,130,24,49,109,57,52,54,14,70"/><T60/><D55/><U73/><E131/><V75/><F129/><W110/><G130/><T19/><D40/><U93/><E32/><V118/><F118/><W72/><G72/><T28/><D19/><U79/><E73/><V132/><F132/><N who="0" m="50730" /><D25/><U115/><E79/><V121/><F121/><W7/><G70/><AGARI ba="2,0" hai="10,15,16,28,31,60,64,70,98,102,104" m="50730" machi="70" ten="30,2900,0" yaku="20,1,54,1" doraHai="33" who="0" fromWho="3" sc="318,35,260,0,202,0,220,-35" /><INIT seed="0,3,0,4,0,21" ten="353,260,202,185" oya="0" hai0="99,37,33,121,42,89,25,90,3,1,93,8,56" hai1="120,13,57,128,123,76,133,31,62,17,77,24,115" hai2="91,68,55,48,86,6,135,130,103,65,45,98,28" hai3="16,38,2,119,74,104,113,126,106,92,78,80,9"/><T127/><D121/><U19/><E133/><V29/><F130/><W0/><G119/><T47/><D127/><U51/><E115/><V109/><F135/><W100/><G126/><T85/><D56/><U69/><E128/><V114/><F6/><W27/><G38/><T20/><D33/><U12/><E69/><V60/><F109/><W97/><G113/><T79/><D79/><U30/><E51/><V43/><F43/><W131/><G131/><T35/><D35/><U11/><E123/><V112/><F114/><W49/><G49/><T54/><D54/><U15/><E120/><V23/><F23/><W22/><REACH who="3" step="1"/><G9/><REACH who="3" ten="353,260,202,175" step="2"/><T71/><D8/><U39/><E39/><V64/><F112/><W26/><G26/><T82/><D71/><U73/><E24/><V5/><F68/><W101/><G101/><T134/><D134/><U36/><E36/><V41/><F103/><W105/><AGARI ba="3,1" hai="0,2,16,22,27,74,78,80,92,97,100,104,105,106" machi="105" ten="30,7900,0" yaku="1,1,0,1,52,1,54,1,53,0" doraHai="21" doraHaiUra="116" who="3" fromWho="3" sc="353,-42,260,-23,202,-23,175,98" /><INIT seed="1,0,0,5,5,4" ten="311,237,179,273" oya="1" hai0="87,108,80,54,5,93,39,70,104,100,34,51,21" hai1="77,0,132,131,12,67,83,29,9,91,35,97,13" hai2="37,15,128,27,82,133,114,25,44,120,41,112,135" hai3="38,11,111,17,127,117,7,134,26,22,123,57,129"/><U64/><E132/><N who="2" m="50763" /><F120/><W102/><G123/><T96/><D34/><U49/><E131/><V3/><F3/><W56/><G129/><T18/><D70/><U85/><E0/><V40/><F40/><W2/><G111/><T61/><D39/><U43/><E13/><V105/><F105/><W75/><G75/><T130/><D130/><U122/><E122/><V84/><F15/><W62/><G38/><T50/><D5/><U115/><E115/><N who="2" m="44075" /><F128/><W125/><G117/><T90/><D104/><U76/><E77/><AGARI ba="0,0" hai="25,27,37,41,44,77,82,84" m="44075,50763" machi="77" ten="30,2000,0" yaku="20,1,11,1" doraHai="4" who="2" fromWho="1" sc="311,0,237,-20,179,20,273,0" /><INIT seed="2,0,0,2,2,128" ten="311,217,199,273" oya="2" hai0="2,133,130,92,69,39,22,84,111,82,29,75,96" hai1="17,48,127,89,13,103,87,123,50,94,134,18,32" hai2="3,107,115,135,86,102,91,41,77,15,5,47,80" hai3="95,112,66,51,63,53,125,119,117,55,57,24,97"/><V6/><F135/><W131/><G131/><T31/><D2/><U73/><E73/><V21/><F115/><W45/><G125/><T68/><D39/><U90/><E123/><V108/><F108/><W70/><G112/><T85/><D75/><U42/><E32/><V81/><F3/><W93/><G93/><T99/><D130/><U43/><E127/><V35/><F35/><W100/><G24/><T126/><D126/><U76/><E76/><V14/><F102/><W61/><AGARI ba="0,0" hai="45,51,53,55,57,61,63,66,70,95,97,100,117,119" machi="61" ten="20,1500,0" yaku="0,1,7,1" doraHai="128" who="3" fromWho="3" sc="311,-4,217,-4,199,-7,273,15" /><INIT seed="3,0,0,2,1,63" ten="307,213,192,288" oya="3" hai0="119,132,73,41,21,123,79,120,37,1,27,69,24" hai1="60,133,131,106,110,82,88,47,13,101,62,70,126" hai2="30,42,43,17,45,122,83,134,118,16,10,107,72" hai3="52,71,5,32,46,68,14,20,50,78,44,7,111"/><W34/><G78/><T93/><D27/><U92/><E13/><V6/><F107/><W91/><G111/><T12/><D93/><U113/><E113/><V102/><F118/><W54/><G91/><T51/><D51/><U23/><E23/><V85/><F102/><W100/><G100/><T121/><D12/><U74/><E126/><V112/><F134/><W95/><G95/><T67/><D21/><U80/><E131/><V129/><F112/><W35/><G20/><T127/><D24/><U128/><E128/><V84/><F122/><W0/><G14/><T40/><D40/><U57/><E133/><V86/><F30/><W11/><G5/><T76/><D76/><U116/><E74/><V58/><F58/><W103/><G103/><T81/><D132/><U124/><E124/><V38/><F42/><W59/><REACH who="3" step="1"/><G44/><REACH who="3" ten="307,213,192,278" step="2"/><N who="0" m="23599" /><D127/><U108/><E47/><V26/><F26/><W3/><G3/><T15/><D15/><U105/><E101/><V28/><F28/><W64/><G64/><T53/><D1/><U130/><E130/><V49/><F129/><W98/><G98/><T33/><D33/><U109/><E106/><V66/><F66/><W56/><G56/><T39/><D119/><U125/><E105/><V48/><F72/><W18/><G18/><T8/><D79/><U31/><E125/><V94/><F94/><W55/><G55/><T90/><D121/><U114/><E116/><V22/><F83/><W87/><G87/><T61/><D123/><U99/><E114/><V4/><F17/><W29/><G29/><T9/><D120/><U115/><E115/><RYUUKYOKU ba="0,1" sc="307,-10,213,-10,192,-10,278,30" hai3="0,7,11,32,34,35,46,50,52,54,59,68,71" owari="297,10.0,203,-20.0,182,-32.0,318,42.0" /></mjloggm>