<mjloggm ver="2.3"><GO type="97" lobby="0"/><UN n0="%E3%82%86%E3%81%86%E3%81%8F%E3%82%93%CE%A9" n1="%58%43%39%35%33%36%58%4C" n2="%E3%82%B3%E3%83%B3%E3%83%81%E3%83%8D%E3%83%B3%E3%82%BF%E3%83%AB%E2%85%A2" n3="%E3%82%A6%E3%83%AB%E3%83%88%E3%83%A9%E7%AB%8B%E7%9B%B4" dan="13,13,15,15" rate="1868.94,1834.21,2012.70,2009.27" sx="M,M,M,M"/><TAIKYOKU oya="0"/><INIT seed="0,0,0,5,1,108" ten="250,250,250,250" oya="0" hai0="21,87,16,20,9,100,56,39,53,33,52,122,110" hai1="88,22,2,76,107,57,32,67,123,25,31,42,102" hai2="126,59,84,113,69,49,78,6,43,36,23,125,128" hai3="104,63,82,135,18,92,111,40,97,51,117,29,55"/><T86/><D39/><U3/><E123/><V37/><F23/><W10/><G111/><T11/><D33/><U94/><E42/><V24/><F24/><W96/><G135/><T133/><D110/><U26/><E76/><V19/><F19/><W4/><G117/><T116/><D122/><U105/><E102/><V50/><F6/><W30/><G104/><T64/><D116/><U101/><E101/><V65/><F84/><N who="0" m="32298" /><D100/><U93/><E94/><V5/><F5/><W115/><G4/><T34/><D34/><U28/><E2/><V14/><F14/><W85/><G115/><T75/><D75/><U61/><REACH who="1" step="1"/><E3/><REACH who="1" ten="250,240,250,250" step="2"/><V83/><F78/><W71/><G92/><T66/><D133/><U62/><E62/><N who="2" m="40119" /><F83/><W134/><G82/><T46/><D9/><U54/><E54/><N who="0" m="21097" /><D46/><U48/><E48/><V130/><F49/><W120/><G51/><T60/><D66/><U47/><E47/><N who="2" m="25983" /><F59/><W1/><G1/><T12/><AGARI ba="0,1" hai="11,12,16,20,21,56,60,64" m="21097,32298" machi="12" ten="30,6000,0" yaku="8,1,54,2" doraHai="108" who="0" fromWho="0" sc="250,70,240,-20,250,-20,250,-20" /><INIT seed="0,1,0,3,4,122" ten="320,220,230,230" oya="0" hai0="128,99,77,130,71,16,65,64,111,104,61,125,89" hai1="31,34,58,55,21,66,49,112,39,127,32,93,118" hai2="33,4,13,63,0,10,68,70,83,50,17,8,60" hai3="73,101,15,24,35,115,91,79,29,57,119,42,22"/><T38/><D38/><U114/><E118/><V121/><F33/><W1/><G115/><N who="1" m="44074" /><E39/><V25/><F121/><W134/><G119/><T135/><D65/><U14/><E93/><V113/><F113/><W82/><G134/><T2/><D2/><U6/><E66/><V44/><F25/><W9/><G101/><N who="0" m="62527" /><D135/><U74/><E74/><V23/><F23/><W45/><G57/><T95/><D77/><U53/><E127/><V30/><F30/><W19/><G91/><T90/><D125/><U84/><E84/><V110/><F110/><W97/><G97/><T124/><D124/><U87/><E87/><V80/><F63/><W107/><G107/><T69/><D69/><U85/><E85/><V5/><F5/><W12/><G12/><T117/><D117/><U78/><E78/><V37/><F37/><W3/><REACH who="3" step="1"/><G35/><REACH who="3" ten="320,220,230,220" step="2"/><T92/><D111/><U18/><E34/><V36/><F70/><W98/><G98/><T131/><D90/><U47/><E32/><V11/><F68/><W59/><G59/><T72/><D89/><U116/><E116/><V88/><F0/><W106/><G106/><T132/><D132/><U133/><E133/><V46/><F88/><W103/><G103/><T94/><D72/><U126/><E58/><V100/><F100/><W81/><G81/><T20/><D94/><U123/><E126/><V48/><F83/><W51/><AGARI ba="1,1" hai="1,3,9,15,19,22,24,29,42,45,51,73,79,82" machi="51" ten="20,2700,0" yaku="1,1,0,1,7,1,53,0" doraHai="122" doraHaiUra="109" who="3" fromWho="3" sc="320,-14,220,-8,230,-8,220,40" /><INIT seed="1,0,0,3,1,61" ten="306,212,222,260" oya="1" hai0="33,125,19,32,50,102,98,24,132,9,10,106,120" hai1="89,55,22,4,133,105,11,58,28,26,48,113,1" hai2="134,35,104,82,29,72,68,43,94,101,65,81,99" hai3="42,112,111,109,130,108,70,13,119,123,75,3,0"/><U127/><E105/><V15/><F134/><W73/><G42/><T38/><D120/><U128/><E133/><V21/><F43/><W14/><G70/><T96/><D132/><U90/><E113/><V124/><F124/><W17/><G123/><T83/><D38/><U135/><E135/><V23/><F72/><N who="3" m="27723" /><G112/><T116/><D125/><U52/><E127/><V78/><F78/><W60/><G119/><T2/><D116/><U41/><E41/><V84/><F23/><W57/><G130/><T62/><D62/><U59/><REACH who="1" step="1"/><E128/><REACH who="1" ten="306,202,222,260" step="2"/><V122/><F104/><W100/><G109/><T88/><D106/><U66/><E66/><V85/><F122/><W25/><G108/><T7/><D33/><U86/><E86/><V118/><F35/><W6/><G111/><T34/><D32/><U31/><E31/><V121/><F121/><W129/><G129/><T36/><D34/><U5/><E5/><V87/><F118/><W115/><G6/><T107/><D7/><U56/><E56/><V93/><F29/><W79/><G57/><T30/><D107/><U71/><E71/><V64/><F68/><W74/><G115/><T12/><D96/><U47/><E47/><V67/><F93/><W51/><G74/><T95/><D98/><U20/><E20/><V76/><F82/><W91/><G17/><AGARI ba="0,1" hai="15,17,21,64,65,67,76,81,84,85,87,94,99,101" machi="17" ten="40,8000,1" yaku="8,1,52,3" doraHai="61" who="2" fromWho="3" sc="306,0,202,0,222,90,260,-80" /><INIT seed="2,0,0,2,1,64" ten="306,202,312,180" oya="2" hai0="85,132,68,19,16,17,103,92,77,106,118,50,101" hai1="27,80,33,107,71,28,72,18,63,40,131,81,25" hai2="42,108,94,11,36,10,24,65,117,22,4,91,34" hai3="90,76,46,133,51,105,115,15,70,57,128,88,30"/><V119/><F34/><W21/><G105/><T74/><D68/><U121/><E40/><V126/><F42/><W54/><G128/><T96/><D103/><U78/><E131/><V100/><F100/><W29/><G133/><T97/><D132/><U83/><E121/><V69/><F36/><W60/><G115/><T7/><D118/><U58/><E71/><V44/><F44/><W109/><G109/><T12/><D96/><U62/><E107/><V45/><F45/><W120/><G120/><T122/><D122/><U14/><E27/><V38/><F38/><W47/><G76/><T84/><D84/><U130/><E130/><V26/><F108/><W0/><G0/><T13/><D106/><U61/><REACH who="1" step="1"/><E58/><REACH who="1" ten="306,192,312,180" step="2"/><V37/><F117/><W79/><G70/><T67/><D74/><U104/><E104/><V31/><F119/><W124/><G47/><T87/><D77/><U99/><E99/><V49/><F26/><W134/><G79/><T56/><D85/><U43/><E43/><V59/><F69/><W110/><G134/><T125/><D87/><U111/><E111/><V5/><F37/><W112/><G110/><T113/><D113/><U53/><E53/><V86/><F65/><N who="3" m="39055" /><G112/><T3/><D67/><U123/><E123/><V55/><REACH who="2" step="1"/><F126/><REACH who="2" ten="306,192,302,180" step="2"/><W39/><G39/><T127/><D125/><U114/><E114/><V116/><F116/><W2/><G124/><T9/><D127/><U73/><E73/><V48/><F48/><W135/><G135/><T66/><REACH who="0" step="1"/><D50/><REACH who="0" ten="296,192,302,180" step="2"/><U82/><E82/><V41/><F41/><W129/><G51/><T89/><D89/><RYUUKYOKU ba="0,3" sc="296,10,192,10,302,10,180,-30" hai0="3,7,9,12,13,16,17,19,56,66,92,97,101" hai1="14,18,25,28,33,61,62,63,72,78,80,81,83" hai2="4,5,10,11,22,24,31,49,55,59,86,91,94" /><INIT seed="2,1,3,4,4,57" ten="306,202,312,150" oya="2" hai0="68,78,92,77,39,133,65,51,63,55,107,95,25" hai1="99,11,33,128,56,50,22,132,109,36,130,67,90" hai2="15,20,29,91,1,105,0,126,134,117,38,9,30" hai3="10,48,34,102,49,35,98,82,47,45,32,73,13"/><V24/><F38/><W3/><G3/><N who="2" m="1097" /><F105/><W129/><G129/><T86/><D107/><U46/><E33/><V112/><F91/><W111/><G111/><T23/><D39/><U100/><E36/><V18/><F117/><W127/><G127/><T54/><D133/><U96/><E109/><V79/><F79/><W104/><G82/><T27/><D27/><U81/><E132/><V84/><F84/><W94/><G73/><T42/><D42/><U40/><E96/><V72/><F72/><W103/><G103/><T124/><D124/><U89/><E81/><V106/><F106/><W87/><G87/><T52/><D78/><U85/><E85/><V14/><F134/><W61/><G104/><T60/><D60/><U123/><E123/><V17/><F126/><W88/><G102/><T97/><D86/><U53/><E67/><V113/><F113/><W58/><G49/><T74/><D77/><U69/><E69/><V119/><F119/><W122/><G122/><T116/><D74/><U12/><E22/><N who="2" m="11583" /><F112/><W80/><G80/><T19/><D95/><U115/><E115/><V7/><AGARI ba="1,3" hai="7,9,14,18,20,24,29,30" m="11583,1097" machi="7" ten="30,12000,1" yaku="35,5" doraHai="57" who="2" fromWho="2" sc="306,-41,202,-41,312,153,150,-41" /><INIT seed="2,2,0,3,0,116" ten="265,161,465,109" oya="2" hai0="101,133,43,112,13,26,48,108,64,134,113,84,44" hai1="42,96,18,40,11,37,107,78,63,3,100,33,73" hai2="38,15,91,110,27,46,131,67,95,77,56,75,10" hai3="49,50,70,2,97,39,111,129,65,126,80,28,4"/><V72/><F77/><W128/><G4/><T106/><D106/><U68/><E33/><V85/><F27/><W6/><G6/><T52/><D101/><U123/><E123/><V58/><F131/><N who="3" m="50251" /><G28/><T35/><D35/><U21/><E37/><V60/><F110/><W127/><G2/><T93/><D26/><U132/><E132/><N who="0" m="50793" /><D13/><U135/><E135/><V121/><F121/><W0/><G0/><T57/><D93/><U14/><E78/><V119/><F119/><W59/><G97/><T32/><D84/><U17/><E3/><V115/><F115/><N who="0" m="44106" /><D32/><U36/><E36/><V90/><F90/><W54/><G80/><T71/><D71/><U61/><E73/><V8/><F8/><W104/><G104/><T51/><D108/><U1/><E1/><V5/><F58/><W55/><G39/><N who="0" m="21631" /><D64/><U45/><E68/><V25/><F25/><W86/><G86/><T120/><D48/><N who="3" m="18537" /><G111/><T74/><D74/><U24/><E107/><V31/><F31/><W62/><G70/><T98/><D98/><U94/><E94/><V29/><F29/><W16/><G16/><T109/><D109/><U69/><E69/><V87/><F87/><W118/><G118/><T41/><D41/><U20/><E18/><V7/><F7/><W83/><G83/><T22/><D22/><U82/><E40/><V47/><F38/><W81/><G81/><T88/><D88/><U53/><E21/><V30/><F30/><W66/><G66/><T117/><D117/><U125/><E100/><V76/><F76/><W12/><G12/><T23/><D23/><U89/><E82/><RYUUKYOKU ba="2,0" sc="265,10,161,-30,465,10,109,10" hai0="51,52,57,120" hai2="5,10,15,46,47,56,60,67,72,75,85,91,95" hai3="54,55,59,62,65,126,127" /><INIT seed="2,3,0,3,2,3" ten="275,131,475,119" oya="2" hai0="10,85,132,31,91,103,67,71,49,125,4,117,44" hai1="112,47,64,109,5,74,102,92,95,57,101,23,133" hai2="93,119,128,123,0,129,111,105,88,37,121,59,13" hai3="104,108,42,14,26,97,106,22,107,113,126,86,110"/><V41/><F105/><W78/><G42/><T70/><D117/><U56/><E112/><V46/><F0/><W34/><G34/><T28/><D125/><U48/><E74/><V24/><F119/><W45/><G45/><T2/><D132/><U69/><E133/><V79/><F79/><W36/><G36/><T90/><D103/><U135/><E135/><V39/><F39/><W73/><G14/><T83/><D90/><U77/><E69/><V68/><F68/><W16/><G126/><T6/><D6/><U55/><E77/><V11/><F24/><W50/><G50/><T27/><D67/><U81/><E81/><V43/><F59/><W76/><G113/><T52/><D28/><U127/><E23/><AGARI ba="3,0" hai="2,4,10,23,27,31,44,49,52,70,71,83,85,91" machi="23" ten="30,3900,0" yaku="7,1,52,1,54,1" doraHai="3" who="0" fromWho="1" sc="275,48,131,-48,475,0,119,0" /><INIT seed="3,0,0,0,1,41" ten="323,83,475,119" oya="3" hai0="93,23,131,0,72,58,42,82,33,71,2,61,64" hai1="102,47,113,120,37,76,31,85,100,88,87,92,128" hai2="74,49,78,69,108,94,27,68,8,55,45,40,130" hai3="52,90,21,98,95,117,44,99,5,96,110,51,122"/><W59/><G122/><T123/><D33/><U22/><E120/><V3/><F108/><W105/><G117/><T24/><D123/><U13/><E113/><V48/><F130/><W15/><G110/><T1/><D42/><U60/><E60/><V25/><F69/><W101/><G105/><T80/><D72/><U103/><E128/><V112/><F68/><W19/><G101/><T118/><D118/><U53/><E37/><V10/><F78/><W50/><G5/><T28/><D131/><U124/><E124/><V89/><F74/><W79/><G79/><T62/><REACH who="0" step="1"/><D93/><REACH who="0" ten="313,83,475,119" step="2"/><U65/><E65/><AGARI ba="0,1" hai="0,1,2,23,24,28,58,61,62,64,65,71,80,82" machi="65" ten="40,2600,0" yaku="1,1,2,1,53,0" doraHai="41" doraHaiUra="38" who="0" fromWho="1" sc="313,36,83,-26,475,0,119,0" owari="349,15.0,57,-44.0,475,57.0,119,-28.0" /></mjloggm>