<mjloggm ver="2.3"><GO type="169" lobby="0"/><UN n0="%57%65%68%65%72%7A%6F%67" n1="%E3%81%BE%E3%82%86%E3%81%BE%E3%82%86%37%37" n2="%6E%69%6A%69" n3="%EF%BC%88%E2%89%A7%E2%96%BD%E2%89%A6%EF%BC%89" dan="16,18,16,19" rate="2033.39,2178.93,2079.70,2270.34" sx="M,F,M,M"/><TAIKYOKU oya="0"/><INIT seed="0,0,0,1,5,5" ten="250,250,250,250" oya="0" hai0="16,60,71,67,33,69,76,124,49,84,75,115,36" hai1="62,17,26,0,1,95,23,58,6,65,68,130,133" hai2="28,122,81,132,34,15,85,57,129,64,89,38,128" hai3="77,12,102,45,116,42,4,27,131,3,96,40,20"/><T19/><D36/><U72/><E72/><V108/><F38/><W104/><G116/><T121/><D121/><U99/><E133/><V44/><F122/><W50/><G131/><T24/><D115/><U8/><E130/><N who="2" m="50283" /><F132/><W109/><G109/><T92/><D75/><U48/><E68/><V98/><F108/><W80/><G3/><T66/><D124/><U114/><E114/><V13/><F44/><W43/><G4/><T59/><D69/><U86/><E1/><V120/><F120/><W110/><G12/><T51/><D67/><U90/><E48/><N who="0" m="18505" /><D33/><U55/><REACH who="1" step="1"/><E86/><REACH who="1" ten="250,240,250,250" step="2"/><V82/><F85/><W61/><G110/><T126/><D71/><U52/><AGARI ba="0,1" hai="0,6,8,17,23,26,52,55,58,62,65,90,95,99" machi="52" ten="30,8000,1" yaku="1,1,2,1,0,1,52,1,54,1,53,0" doraHai="5" doraHaiUra="25" who="1" fromWho="1" sc="250,-40,240,90,250,-20,250,-20" /><INIT seed="1,0,0,0,3,27" ten="210,330,230,230" oya="1" hai0="73,37,116,103,122,67,102,15,93,55,33,41,126" hai1="109,81,61,66,124,59,113,123,1,125,101,11,72" hai2="69,53,106,2,43,7,132,134,87,110,121,100,78" hai3="52,96,135,79,70,58,8,120,118,25,128,6,64"/><U42/><E113/><V50/><F69/><W98/><G120/><T108/><D67/><U32/><E123/><V104/><F121/><W86/><G128/><T28/><D55/><U24/><E101/><V36/><F43/><W129/><G129/><T23/><D122/><U5/><E109/><V90/><F36/><W82/><G135/><N who="2" m="51753" /><F78/><W45/><G118/><T22/><D73/><U9/><E9/><N who="2" m="2295" /><F100/><W65/><G45/><T16/><D93/><U107/><E107/><V115/><F115/><W3/><G70/><T133/><D41/><U46/><E32/><V48/><F110/><W105/><G105/><N who="2" m="40553" /><F53/><W83/><G83/><AGARI ba="0,0" hai="48,50,83,87,90" m="40553,2295,51753" machi="83" ten="30,1000,0" yaku="20,1" doraHai="27" who="2" fromWho="3" sc="210,0,330,0,230,10,230,-10" /><INIT seed="2,0,0,5,1,124" ten="210,330,240,220" oya="2" hai0="118,90,77,38,62,91,123,35,53,42,121,41,49" hai1="81,127,67,34,131,108,129,102,12,79,16,59,60" hai2="47,22,96,11,52,26,82,99,125,85,57,54,36" hai3="78,70,68,23,71,122,109,29,76,94,17,0,63"/><V24/><F125/><W114/><G0/><T28/><D77/><U51/><E127/><V98/><F11/><W33/><G122/><T45/><D118/><U44/><E102/><V61/><F22/><W104/><G104/><T132/><D42/><U88/><E34/><V30/><F30/><W2/><G2/><T83/><D132/><U4/><E4/><V110/><F110/><W25/><G114/><T64/><D28/><U43/><E88/><N who="2" m="51255" /><F36/><W101/><G109/><T20/><D20/><U15/><E108/><V106/><F106/><W3/><G3/><T115/><D35/><U27/><E27/><N who="2" m="10283" /><F47/><W50/><G29/><T116/><D116/><U111/><E111/><V86/><F86/><W93/><G33/><T126/><D126/><U84/><REACH who="1" step="1"/><E15/><REACH who="1" ten="210,320,240,220" step="2"/><V105/><F105/><W87/><G25/><T119/><D119/><U107/><E107/><V7/><F7/><W65/><G101/><T39/><D115/><U74/><E74/><V58/><F98/><W128/><G87/><T31/><D83/><U97/><E97/><V10/><F10/><AGARI ba="0,1" hai="10,12,16,43,44,51,59,60,67,79,81,84,129,131" machi="10" ten="40,8000,1" yaku="1,1,52,2,54,1,53,1" doraHai="124" doraHaiUra="9" who="1" fromWho="2" sc="210,0,320,90,240,-80,220,0" /><INIT seed="3,0,0,1,4,108" ten="210,410,160,220" oya="3" hai0="57,37,84,1,124,118,7,35,45,44,26,116,43" hai1="39,90,47,87,66,128,29,111,22,58,38,94,59" hai2="69,71,82,15,102,34,36,129,131,86,121,98,132" hai3="18,11,56,16,93,23,4,125,96,120,0,2,133"/><W9/><G120/><T113/><D124/><U73/><E73/><V65/><F36/><W104/><G104/><T88/><D45/><U8/><E111/><V115/><F34/><W70/><G70/><T52/><D7/><U130/><E39/><V77/><F121/><W64/><G125/><T89/><D1/><U40/><E66/><V62/><F132/><W48/><G133/><T21/><D35/><U27/><REACH who="1" step="1"/><E8/><REACH who="1" ten="210,400,160,220" step="2"/><V105/><F65/><W33/><G64/><T55/><D113/><U12/><E12/><V78/><F15/><W10/><G0/><T112/><D112/><U76/><E76/><V42/><F77/><W127/><G127/><T54/><D57/><AGARI ba="0,1" hai="22,27,29,38,40,47,57,58,59,87,90,94,128,130" machi="57" ten="40,1300,0" yaku="1,1,53,0" doraHai="108" doraHaiUra="49" who="1" fromWho="0" sc="210,-13,400,23,160,0,220,0" /><INIT seed="4,0,0,3,5,127" ten="197,423,160,220" oya="0" hai0="15,60,74,79,71,57,64,78,80,107,84,1,14" hai1="36,49,61,51,18,50,121,5,22,103,46,96,126" hai2="13,130,132,24,37,56,76,9,100,43,131,16,38" hai3="35,95,99,87,3,112,116,66,70,23,62,48,120"/><T108/><D1/><U4/><E121/><V34/><F132/><W20/><G116/><T89/><D107/><U104/><E126/><V26/><F100/><W101/><G35/><T63/><D108/><U106/><E104/><V110/><F110/><W91/><G3/><T31/><D31/><U123/><E123/><V52/><F76/><W40/><G112/><T124/><D124/><U129/><E61/><V73/><F73/><W30/><G30/><T75/><D75/><U44/><E129/><N who="2" m="49163" /><F34/><W54/><G40/><T128/><D128/><U135/><E135/><V65/><F65/><W88/><G120/><T21/><D21/><U109/><E109/><V97/><F97/><W85/><G101/><T2/><D2/><U118/><E118/><V0/><F0/><W33/><G33/><T111/><D111/><U11/><E11/><V102/><F102/><W59/><G99/><T32/><D32/><U68/><E96/><V122/><F122/><W25/><G25/><N who="2" m="9833" /><F43/><W105/><G105/><T55/><D78/><U113/><E103/><V134/><F134/><W12/><G12/><T94/><AGARI ba="0,0" hai="14,15,55,57,60,63,64,71,74,79,80,84,89,94" machi="94" ten="20,2100,0" yaku="0,1,7,1" doraHai="127" who="0" fromWho="0" sc="197,21,423,-7,160,-7,220,-7" /><INIT seed="4,1,0,2,2,91" ten="218,416,153,213" oya="0" hai0="4,73,68,41,94,23,83,57,113,127,55,61,125" hai1="93,44,77,22,49,37,24,78,7,31,26,131,43" hai2="108,96,14,119,130,20,110,40,86,101,90,36,27" hai3="126,3,28,129,76,29,11,34,81,2,62,60,71"/><T18/><D4/><U25/><E131/><V70/><F70/><W80/><G129/><T104/><D104/><U88/><E37/><V16/><F130/><W6/><G126/><N who="0" m="48139" /><D68/><U123/><E7/><V66/><F66/><W132/><G132/><T12/><D41/><U112/><E123/><V122/><F122/><W67/><G2/><T135/><D135/><U32/><E112/><V121/><F121/><W117/><G117/><T120/><D120/><U116/><E116/><V30/><F119/><W64/><G34/><T8/><D113/><U82/><E32/><V115/><F115/><W102/><G102/><T47/><D47/><U15/><E82/><V105/><F40/><W17/><G17/><T0/><D0/><U63/><E63/><V87/><F36/><W103/><G103/><T50/><D94/><U38/><E38/><V118/><F118/><W95/><G95/><T58/><D8/><U21/><E31/><V128/><F128/><W13/><G80/><T69/><D69/><U53/><E43/><V98/><F98/><W9/><G9/><T84/><D73/><U111/><E22/><V89/><F89/><W42/><G3/><T52/><D83/><U56/><E44/><V114/><F114/><W109/><G42/><T19/><D19/><N who="1" m="10495" /><E111/><V35/><F87/><AGARI ba="1,0" hai="12,18,23,50,52,55,57,58,61,84,87" m="48139" machi="87" ten="30,2900,0" yaku="18,1,54,1" doraHai="91" who="0" fromWho="2" sc="218,32,416,0,153,-32,213,0" /><INIT seed="4,2,0,5,0,41" ten="250,416,121,213" oya="0" hai0="55,49,46,109,25,17,74,105,7,134,115,9,8" hai1="133,126,123,131,70,76,69,92,128,129,127,53,97" hai2="117,32,94,84,107,89,110,16,19,61,29,125,108" hai3="106,3,27,99,77,65,79,48,101,2,0,43,73"/><T124/><D109/><U96/><E123/><V64/><F107/><W121/><G121/><T111/><D111/><U100/><E76/><V57/><F117/><W103/><G73/><T91/><D105/><U120/><E120/><V5/><F125/><N who="1" m="47625" /><E53/><V59/><F5/><W75/><G75/><T21/><D124/><U56/><E56/><V66/><F108/><W102/><G65/><T26/><D74/><U4/><E4/><V67/><F110/><W20/><G99/><T30/><D134/><U12/><E12/><V72/><F72/><W1/><G106/><T35/><D115/><U33/><E33/><V95/><F66/><W40/><G2/><T78/><D78/><U51/><E51/><V63/><REACH who="2" step="1"/><F94/><REACH who="2" ten="250,416,111,213" step="2"/><W6/><G6/><T10/><REACH who="0" step="1"/><D91/><REACH who="0" ten="240,416,111,213" step="2"/><N who="1" m="55327" /><E131/><V23/><F23/><W104/><G104/><T31/><D31/><U13/><E128/><V54/><F54/><W34/><G20/><T47/><D47/><U18/><E129/><V114/><F114/><W22/><G22/><T24/><D24/><AGARI ba="2,2" hai="16,19,24,29,32,57,59,61,63,64,67,84,89,95" machi="24" ten="40,5200,0" yaku="1,1,9,1,54,1,53,0" doraHai="41" doraHaiUra="50" who="2" fromWho="0" sc="240,-58,416,0,111,78,213,0" /><INIT seed="5,0,0,3,1,104" ten="182,416,189,213" oya="1" hai0="114,70,17,10,56,112,62,128,12,15,81,101,107" hai1="111,7,72,6,22,89,0,46,13,126,77,59,55" hai2="34,49,79,28,19,127,125,106,94,4,8,92,45" hai3="120,63,78,119,37,76,11,85,51,88,38,73,102"/><U66/><E0/><V20/><F106/><W82/><G120/><T31/><D70/><U91/><E111/><V30/><F79/><W26/><G119/><T121/><D121/><U32/><E32/><V60/><F60/><W25/><G102/><T97/><D128/><U116/><E72/><V75/><F75/><W90/><G38/><T50/><D81/><U43/><E77/><V74/><F74/><W42/><G37/><T40/><D31/><U80/><E126/><N who="2" m="48139" /><F92/><W47/><G63/><T100/><D100/><U110/><E110/><V61/><F94/><W14/><G76/><T99/><D99/><U23/><E66/><V18/><F61/><W115/><G115/><T58/><D15/><U67/><E13/><N who="2" m="9327" /><F18/><N who="3" m="8543" /><G73/><T16/><D17/><U2/><E67/><V1/><F34/><W133/><G133/><T3/><D3/><U54/><E2/><V105/><F105/><W69/><G69/><T52/><REACH who="0" step="1"/><D40/><AGARI ba="0,0" hai="1,4,8,28,30,40,45,49" m="9327,48139" machi="40" ten="30,1000,0" yaku="18,1" doraHai="104" who="2" fromWho="0" sc="182,-10,416,0,189,10,213,0" /><INIT seed="6,0,0,3,1,23" ten="172,416,199,213" oya="2" hai0="119,41,27,42,29,128,91,57,114,134,28,30,43" hai1="52,117,122,127,68,110,77,129,74,26,4,130,111" hai2="94,113,108,35,98,93,112,6,95,40,76,86,120" hai3="89,118,39,21,18,5,32,36,101,85,103,79,54"/><V69/><F69/><W62/><G32/><T102/><D114/><N who="2" m="44138" /><F35/><W47/><G118/><T100/><D119/><U34/><E4/><V45/><F6/><W92/><G5/><T10/><D128/><N who="1" m="49259" /><E127/><V60/><F60/><W48/><G79/><T44/><D134/><U65/><E122/><V64/><F64/><W53/><G39/><T1/><D1/><U2/><E117/><V84/><F120/><W19/><G36/><T97/><D10/><U13/><E13/><V81/><F108/><W115/><G19/><T67/><D44/><U3/><E65/><V51/><F86/><W15/><G115/><T12/><D12/><U125/><E68/><V25/><F25/><W7/><G7/><T38/><D38/><U104/><E3/><V87/><F87/><W37/><G37/><T109/><D109/><U135/><E2/><V121/><F121/><W17/><G17/><T133/><D133/><U66/><E135/><V9/><F9/><W78/><G78/><T31/><D67/><U131/><E66/><V58/><F58/><AGARI ba="0,0" hai="15,18,21,47,48,53,54,58,62,85,89,92,101,103" machi="58" ten="40,1300,0" yaku="8,1" doraHai="23" who="3" fromWho="2" sc="172,0,416,0,199,-13,213,13" /><INIT seed="7,0,0,5,4,3" ten="172,416,186,226" oya="3" hai0="113,0,135,111,128,33,10,14,39,67,100,24,5" hai1="130,86,52,55,77,48,122,101,83,72,9,87,62" hai2="43,68,120,18,124,76,16,57,20,99,36,97,102" hai3="44,13,71,56,69,103,92,126,6,93,31,30,22"/><W129/><G103/><T15/><D111/><U70/><E122/><V127/><F68/><W104/><G44/><T84/><D39/><U96/><E130/><V19/><F120/><W119/><G104/><T131/><D100/><U82/><E72/><V91/><F76/><W109/><G56/><T59/><D84/><U47/><E70/><V123/><F123/><W50/><G50/><T73/><D73/><U63/><E55/><V116/><F116/><W53/><G53/><T46/><D46/><U12/><E96/><V25/><F91/><W41/><G41/><T133/><D59/><U106/><E106/><V42/><F97/><W114/><G126/><N who="2" m="48169" /><F57/><W7/><G119/><T38/><D38/><U29/><E29/><N who="2" m="17575" /><F36/><W112/><G93/><AGARI ba="0,0" hai="16,18,19,42,43,93,99,102" m="17575,48169" machi="93" ten="30,2000,0" yaku="18,1,54,1" doraHai="3" who="2" fromWho="3" sc="172,0,416,0,186,20,226,-20" owari="172,-33.0,416,51.0,206,1.0,206,-19.0" /></mjloggm>