<mjloggm ver="2.3"><GO type="41" lobby="0"/><UN n0="%E6%9F%93%E4%BA%94%E9%83%8E" n1="%72%65%6E%6B%69%6E%33" n2="%E3%82%A6%E3%83%AB%E3%83%88%E3%83%A9%E7%AB%8B%E7%9B%B4" n3="%66%75%65%6C%E3%82%8F%E3%81%8B%E3%82%81" dan="14,13,15,14" rate="1890.49,1910.13,1969.56,1862.90" sx="M,M,M,M"/><TAIKYOKU oya="0"/><INIT seed="0,0,0,4,5,21" ten="250,250,250,250" oya="0" hai0="123,107,100,130,131,121,17,110,33,39,122,19,89" hai1="63,118,133,35,124,67,91,1,11,128,12,24,79" hai2="108,26,111,103,54,7,59,96,40,97,75,117,112" hai3="51,134,20,5,3,34,120,116,70,18,55,72,45"/><T135/><D39/><U10/><E118/><V87/><F75/><W46/><G116/><T81/><D33/><U32/><E79/><V126/><F97/><W93/><G70/><T86/><D19/><U99/><E133/><V102/><F102/><W9/><G72/><T83/><D17/><U68/><E124/><V115/><F40/><W52/><G120/><T78/><D135/><U132/><E132/><V109/><F87/><W14/><G134/><T106/><D110/><U2/><E99/><V13/><F13/><W114/><G114/><T25/><D25/><U44/><E91/><V62/><F7/><W90/><G34/><T101/><D101/><U92/><E92/><N who="2" m="58759" /><F117/><W38/><G38/><T60/><D60/><U69/><E69/><V88/><F88/><W58/><REACH who="3" step="1"/><G55/><REACH who="3" ten="250,250,250,240" step="2"/><T47/><D100/><U37/><E128/><N who="0" m="49193" /><D47/><U31/><E44/><V41/><F115/><W23/><G23/><T43/><D43/><U113/><E37/><V8/><F41/><W22/><G22/><T50/><D50/><U36/><E36/><V42/><F42/><W65/><G65/><T125/><D125/><U4/><E113/><V105/><F112/><W76/><G76/><T94/><D83/><U57/><E68/><V119/><F126/><W85/><AGARI ba="0,1" hai="3,5,9,14,18,20,45,46,51,52,58,85,90,93" machi="85" ten="20,12000,2" yaku="1,1,0,1,7,1,25,2,54,1,53,0" doraHai="21" doraHaiUra="77" who="3" fromWho="3" sc="250,-60,250,-30,250,-30,240,130" /><INIT seed="1,0,0,4,2,54" ten="190,220,220,370" oya="1" hai0="41,92,53,59,116,102,94,114,11,127,130,15,122" hai1="87,79,36,32,91,105,29,83,31,101,52,76,49" hai2="60,33,135,134,85,75,131,107,120,69,121,4,39" hai3="129,9,104,100,62,78,73,17,70,80,23,0,119"/><U57/><E36/><V72/><F85/><W40/><G129/><T58/><D116/><U86/><E101/><V8/><F60/><W16/><G119/><T42/><D114/><U77/><E105/><V7/><F8/><W117/><G117/><T22/><D130/><U25/><E31/><V10/><F10/><W6/><G70/><T96/><D122/><U44/><REACH who="1" step="1"/><E44/><REACH who="1" ten="190,210,220,370" step="2"/><V34/><F39/><W35/><G104/><T97/><D127/><U24/><E24/><V125/><F107/><W65/><G100/><N who="0" m="60423" /><D53/><U2/><E2/><V20/><F125/><W38/><G35/><T14/><D14/><U74/><E74/><V81/><F75/><W51/><G65/><T133/><D133/><U43/><E43/><N who="0" m="16393" /><D22/><U18/><E18/><AGARI ba="0,1" hai="11,15,18,58,59,94,97,102" m="16393,60423" machi="18" ten="30,3900,0" yaku="8,1,52,2" doraHai="54" who="0" fromWho="1" sc="190,49,210,-39,220,0,370,0" /><INIT seed="2,0,0,2,1,71" ten="239,171,220,370" oya="2" hai0="42,94,5,76,8,100,120,91,85,127,65,57,60" hai1="37,38,93,1,118,48,80,35,106,134,49,113,105" hai2="133,4,126,55,122,63,72,23,24,6,16,14,41" hai3="95,43,116,62,47,50,54,115,107,29,125,78,102"/><V111/><F72/><W70/><G116/><T135/><D120/><U67/><E93/><V103/><F122/><W74/><G125/><T45/><D127/><U12/><E80/><V87/><F126/><W51/><G29/><T97/><D135/><U82/><E82/><V25/><F133/><W128/><G128/><T123/><D123/><U131/><E12/><V13/><F41/><W20/><G107/><N who="1" m="40970" /><E134/><V56/><F111/><W30/><G74/><T79/><D100/><U86/><E86/><V11/><F103/><W27/><G78/><T112/><D97/><U104/><E67/><V21/><F87/><W58/><G115/><T114/><D114/><U73/><E113/><V98/><F98/><N who="3" m="59743" /><G70/><T130/><D130/><U53/><E53/><V36/><F36/><N who="1" m="13929" /><E104/><V3/><REACH who="2" step="1"/><F6/><REACH who="2" ten="239,171,210,370" step="2"/><W132/><G132/><T101/><D101/><U124/><E73/><V84/><F84/><W34/><G43/><T17/><D112/><U99/><E99/><V81/><F81/><W68/><G51/><N who="1" m="19530" /><E124/><V46/><F46/><W10/><G50/><T19/><D45/><U15/><E131/><V26/><F26/><W75/><G47/><T109/><D42/><U22/><E15/><V89/><F89/><W64/><G75/><T61/><D91/><U0/><E118/><V44/><F44/><W69/><G27/><T92/><D85/><U33/><E22/><V66/><F66/><W77/><G20/><T83/><D65/><U52/><E52/><V110/><F110/><W129/><G54/><T39/><D109/><U59/><E59/><V90/><F90/><W119/><G58/><RYUUKYOKU ba="0,1" sc="239,-15,171,15,210,15,370,-15" hai1="0,1,33,35" hai2="3,4,11,13,14,16,21,23,24,25,55,56,63" /><INIT seed="2,1,1,2,1,23" ten="224,186,225,355" oya="2" hai0="114,6,90,92,18,87,109,131,103,38,122,96,53" hai1="107,63,110,94,118,77,135,47,128,60,111,71,48" hai2="78,74,119,127,33,3,31,68,54,133,120,27,40" hai3="21,36,116,85,132,83,99,100,4,79,89,97,113"/><V2/><F54/><W9/><G36/><T8/><D38/><U25/><E107/><V45/><F120/><W115/><G116/><T76/><D122/><U101/><E118/><V70/><F119/><W80/><G132/><T84/><D114/><U108/><E135/><V29/><F29/><W95/><G21/><T65/><D131/><U12/><E77/><V81/><F133/><W1/><G1/><N who="2" m="9" /><F127/><W34/><G34/><T105/><D65/><U123/><E123/><V91/><F91/><W43/><G43/><T44/><D18/><U62/><E12/><V117/><F117/><W56/><G56/><T86/><D53/><U51/><E101/><V49/><F49/><N who="1" m="19017" /><E47/><V7/><F7/><W32/><G32/><T26/><D44/><U88/><E128/><V15/><F15/><W102/><G9/><T0/><D76/><U13/><E13/><V20/><F20/><W11/><G11/><T58/><D58/><U19/><E19/><V106/><F106/><W125/><G4/><T61/><D61/><U72/><E72/><V52/><F52/><W50/><G50/><T129/><D129/><U22/><E22/><V42/><F42/><W37/><G37/><T124/><D124/><U121/><E121/><V112/><F112/><W134/><G134/><T75/><D75/><U30/><E30/><V14/><F14/><W16/><G125/><T39/><D39/><U24/><E71/><N who="2" m="27179" /><F45/><W55/><G115/><T28/><D0/><U82/><E82/><V46/><F46/><W126/><G113/><T98/><D6/><U104/><E104/><V73/><F40/><RYUUKYOKU ba="1,1" sc="224,-15,186,15,225,15,355,-15" hai1="24,25,60,62,63,88,94,108,110,111" hai2="27,31,33,73,74,78,81" /><INIT seed="2,2,1,5,0,124" ten="209,201,240,340" oya="2" hai0="106,128,30,102,129,71,59,61,46,107,127,109,72" hai1="85,116,2,104,1,84,55,86,38,12,33,47,88" hai2="123,0,83,35,120,52,63,73,50,96,62,75,4" hai3="32,93,115,8,82,19,80,77,113,21,65,111,119"/><V53/><F35/><W103/><G32/><T34/><D72/><U5/><E104/><V74/><F83/><W98/><G119/><T60/><D127/><U20/><E33/><V99/><F4/><W18/><G111/><T37/><D109/><U14/><E38/><V23/><F23/><W9/><G65/><N who="0" m="41383" /><D59/><U15/><E116/><V17/><F17/><W135/><G135/><T70/><D70/><U29/><E2/><V92/><F0/><W11/><G77/><T24/><D61/><N who="2" m="23050" /><F92/><W28/><G28/><T121/><D121/><N who="2" m="46666" /><F50/><W26/><REACH who="3" step="1"/><G19/><REACH who="3" ten="209,201,240,330" step="2"/><T79/><D79/><U3/><E5/><V68/><F68/><W125/><G125/><T16/><D16/><U40/><E1/><V64/><F64/><W48/><G48/><T58/><D58/><U36/><E3/><V7/><F7/><W81/><AGARI ba="2,2" hai="8,9,11,18,21,26,80,81,82,93,98,103,113,115" machi="81" ten="40,2700,0" yaku="1,1,0,1,53,0" doraHai="124" doraHaiUra="130" who="3" fromWho="3" sc="209,-9,201,-9,240,-15,330,53" /><INIT seed="3,0,0,1,3,42" ten="200,192,225,383" oya="3" hai0="87,6,76,94,103,52,116,135,84,16,97,115,38" hai1="39,124,81,72,95,30,126,131,58,19,40,133,27" hai2="46,86,22,69,15,12,99,20,114,71,101,102,80" hai3="56,92,34,47,61,128,43,121,28,107,25,82,3"/><W96/><G121/><T119/><D38/><U45/><E133/><V8/><F99/><W104/><G128/><T130/><D6/><U31/><E131/><V127/><F127/><N who="1" m="48681" /><E81/><V77/><F71/><W55/><G3/><T118/><D130/><U74/><E19/><V59/><F59/><W62/><G61/><T85/><D135/><U91/><E58/><V21/><F69/><W123/><G82/><T70/><D70/><U113/><E113/><V37/><F114/><W48/><REACH who="3" step="1"/><G123/><REACH who="3" ten="200,192,225,373" step="2"/><T23/><D115/><U129/><E129/><V134/><F134/><W98/><G98/><T83/><REACH who="0" step="1"/><D52/><REACH who="0" ten="190,192,225,373" step="2"/><U35/><E30/><V65/><F65/><W29/><G29/><T68/><D68/><U33/><E33/><V100/><F37/><W88/><AGARI ba="0,2" hai="25,28,34,43,47,48,55,56,62,88,92,96,104,107" machi="88" ten="20,18000,2" yaku="1,1,0,1,7,1,52,1,54,1,53,1" doraHai="42" doraHaiUra="49" who="3" fromWho="3" sc="190,-60,192,-60,225,-60,373,200" /><INIT seed="3,1,0,5,1,6" ten="130,132,165,573" oya="3" hai0="134,63,130,128,124,85,69,41,76,120,57,68,106" hai1="99,77,90,60,15,122,126,110,83,9,20,52,108" hai2="94,129,19,89,2,132,36,92,117,78,91,48,107" hai3="30,14,118,119,62,58,21,23,10,18,16,35,88"/><W28/><G118/><T7/><D106/><U3/><E3/><V56/><F36/><W32/><G119/><T17/><D17/><U104/><E122/><V11/><F107/><W25/><G58/><T75/><D75/><U96/><E104/><V82/><F117/><W81/><G62/><T73/><D73/><U43/><E43/><V97/><F129/><N who="0" m="49770" /><D7/><U74/><E90/><V71/><F71/><W4/><G88/><T95/><D95/><U65/><E20/><V123/><F123/><W61/><G61/><T80/><D120/><U121/><E65/><V70/><F70/><W27/><G81/><T1/><D1/><U51/><E60/><V33/><F2/><W93/><G93/><T31/><D31/><AGARI ba="1,0" hai="4,10,14,16,18,21,23,25,27,28,30,31,32,35" machi="31" ten="40,24000,3" yaku="9,1,35,6,52,1,54,1" doraHai="6" who="3" fromWho="0" sc="130,-243,132,0,165,0,573,243" owari="-113,-61.0,132,-27.0,165,-3.0,816,91.0" /></mjloggm>