<mjloggm ver="2.3"><GO type="97" lobby="0"/><UN n0="%EF%BD%97%EF%BD%97%EF%BD%97%E3%81%A3%E3%81%86%E3%81%87%EF%BD%97%EF%BD%97" n1="%E3%82%A6%E3%83%AB%E3%83%88%E3%83%A9%E7%AB%8B%E7%9B%B4" n2="%E5%B1%B1%E7%94%B0%E6%95%8F%E8%A1%8C" n3="%70%75%72%75%33%38%35" dan="13,15,15,14" rate="1805.77,1976.05,1972.32,1916.34" sx="M,M,M,M"/><TAIKYOKU oya="0"/><INIT seed="0,0,0,2,4,105" ten="250,250,250,250" oya="0" hai0="81,121,17,86,67,126,23,51,54,35,69,24,110" hai1="134,48,101,44,11,15,7,49,28,91,8,79,89" hai2="116,61,82,103,55,47,118,107,71,128,56,58,74" hai3="115,2,64,108,113,38,52,75,16,127,72,42,87"/><T26/><D121/><U102/><E134/><V29/><F128/><W41/><G2/><T94/><D126/><U90/><E28/><V80/><F71/><W31/><G31/><T14/><D35/><U132/><E132/><V3/><F3/><W0/><G0/><T25/><D110/><U18/><E79/><N who="2" m="44151" /><F82/><W20/><G127/><T5/><D69/><U96/><E96/><N who="2" m="61927" /><F29/><W109/><G64/><T43/><D67/><U125/><E125/><V12/><F12/><W19/><G87/><T114/><D43/><N who="3" m="16393" /><G38/><T135/><D135/><U6/><E44/><V124/><F124/><W83/><G83/><T60/><D114/><N who="3" m="43529" /><G20/><T100/><D23/><U123/><E123/><V111/><F47/><W66/><G66/><T98/><D5/><U112/><E112/><V22/><F22/><W40/><G52/><T78/><D54/><U13/><REACH who="1" step="1"/><E18/><REACH who="1" ten="250,240,250,250" step="2"/><N who="3" m="6698" /><G40/><T9/><D17/><U129/><E129/><V119/><F58/><W63/><G63/><T84/><D60/><U27/><E27/><V37/><F37/><W73/><AGARI ba="0,1" hai="72,73,75,108,109" m="6698,43529,16393" machi="73" ten="40,12000,2" yaku="28,2,52,3,54,1" doraHai="105" who="3" fromWho="3" sc="250,-60,240,-30,250,-30,250,130" /><INIT seed="1,0,0,0,2,67" ten="190,210,220,380" oya="1" hai0="6,5,69,122,49,128,56,1,23,104,117,20,107" hai1="65,36,129,45,42,93,60,3,120,27,92,91,119" hai2="40,34,71,43,12,116,17,108,85,82,30,22,51" hai3="97,19,80,25,46,100,16,88,58,86,18,13,133"/><U134/><E120/><V124/><F116/><W103/><G133/><T81/><D117/><U59/><E119/><V33/><F124/><W29/><G46/><T79/><D122/><U2/><E134/><V48/><F34/><W57/><G13/><T101/><D128/><U110/><E129/><V115/><F115/><W62/><G97/><T50/><D101/><U121/><E121/><V38/><F71/><W106/><G106/><T14/><D1/><U26/><E110/><V41/><F108/><W7/><G7/><T68/><D14/><U35/><E92/><V95/><F95/><W74/><G74/><T4/><D81/><U28/><REACH who="1" step="1"/><E26/><REACH who="1" ten="190,200,220,380" step="2"/><V112/><F112/><W89/><G25/><T21/><D104/><U32/><E32/><V55/><F33/><W15/><G80/><T37/><D107/><U31/><E31/><V61/><F30/><W98/><G29/><T94/><D94/><U131/><E131/><V84/><F38/><W127/><G127/><T111/><D37/><U87/><AGARI ba="0,1" hai="2,3,27,28,35,36,42,45,59,60,65,87,91,93" machi="87" ten="20,3900,0" yaku="1,1,0,1,7,1,53,0" doraHai="67" doraHaiUra="132" who="1" fromWho="1" sc="190,-13,200,49,220,-13,380,-13" /><INIT seed="1,1,0,5,2,108" ten="177,249,207,367" oya="1" hai0="69,65,121,131,133,9,28,49,76,109,93,97,126" hai1="66,56,132,64,29,74,92,27,10,73,135,55,20" hai2="43,67,16,81,4,52,14,117,21,89,116,60,59" hai3="95,34,85,2,105,115,90,36,113,44,103,124,46"/><U45/><E45/><V12/><F43/><W130/><G34/><T100/><D28/><U110/><E10/><V5/><F67/><N who="1" m="25641" /><E92/><V38/><F38/><W54/><G2/><T15/><D9/><U79/><E79/><V63/><F63/><W96/><G130/><T22/><D76/><U13/><E13/><V114/><F114/><W134/><G134/><N who="1" m="51242" /><E110/><V53/><F53/><W33/><G33/><T127/><D15/><U19/><E19/><V58/><F14/><W86/><G86/><T62/><D93/><U83/><E83/><V94/><F81/><W75/><G124/><T80/><D80/><U35/><E35/><V87/><REACH who="2" step="1"/><F59/><REACH who="2" ten="177,249,197,367" step="2"/><W61/><G36/><T88/><D109/><U8/><E8/><V99/><F99/><W1/><G61/><AGARI ba="1,1" hai="20,27,29,55,56,61,73,74" m="51242,25641" machi="61" ten="30,1500,0" yaku="20,1" doraHai="108" who="1" fromWho="3" sc="177,0,249,28,197,0,367,-18" /><INIT seed="1,2,0,1,5,52" ten="177,277,197,349" oya="1" hai0="11,117,17,13,123,100,106,29,18,32,108,48,56" hai1="39,73,68,62,109,81,71,0,115,67,31,112,89" hai2="23,78,129,5,44,116,98,119,42,58,96,114,75" hai3="118,33,64,51,99,105,120,20,38,7,47,125,70"/><U22/><E0/><V43/><F129/><W88/><G120/><T9/><D117/><U113/><E22/><V93/><F114/><W2/><G118/><T24/><D123/><U41/><E31/><V59/><F43/><W14/><G33/><T131/><D131/><U79/><E89/><V134/><F119/><W76/><G125/><T8/><D108/><U133/><E109/><V46/><F116/><W84/><G38/><T60/><D48/><U104/><E104/><V90/><F134/><W4/><G2/><T40/><D40/><U16/><E16/><V101/><F44/><W77/><G105/><T45/><D45/><N who="1" m="23743" /><E68/><V72/><F23/><W37/><G37/><T92/><D18/><U57/><E57/><V28/><F5/><W66/><G70/><T61/><D106/><U91/><E91/><V80/><F72/><W35/><G35/><T54/><REACH who="0" step="1"/><D61/><REACH who="0" ten="167,277,197,349" step="2"/><U12/><E115/><V107/><REACH who="2" step="1"/><F28/><REACH who="2" ten="167,277,187,349" step="2"/><W130/><G130/><T94/><D94/><U95/><E95/><V63/><F63/><W128/><G128/><T110/><D110/><U122/><E113/><V1/><F1/><W103/><G47/><T86/><D86/><U30/><E112/><V87/><F87/><W10/><G84/><T121/><D121/><U25/><E122/><V50/><AGARI ba="2,2" hai="42,46,50,58,59,75,78,80,90,93,96,98,101,107" machi="50" ten="20,8000,1" yaku="1,1,0,1,7,1,52,2,53,0" doraHai="52" doraHaiUra="21" who="2" fromWho="2" sc="167,-22,277,-42,187,106,349,-22" /><INIT seed="2,0,0,4,0,28" ten="145,235,293,327" oya="2" hai0="85,105,4,21,78,107,23,74,133,14,101,49,76" hai1="82,36,92,58,73,90,102,40,54,69,53,39,13" hai2="1,64,47,2,68,15,46,59,66,41,83,115,84" hai3="88,116,34,75,52,29,93,56,62,98,112,79,25"/><V122/><F122/><W17/><G116/><T12/><D74/><U87/><E69/><V71/><F115/><W119/><G119/><T111/><D133/><U9/><E73/><V24/><F71/><W44/><G112/><T134/><D134/><U35/><E40/><V130/><F68/><W60/><G60/><T8/><D111/><U108/><E108/><V118/><F118/><W38/><G79/><T19/><D49/><U45/><E39/><V80/><F130/><W127/><G75/><T114/><D114/><U65/><E36/><V31/><F46/><W124/><G17/><T129/><D129/><U72/><E72/><V48/><F15/><W57/><G57/><T110/><D110/><U33/><E65/><V135/><F135/><W32/><G32/><T91/><D101/><U5/><E45/><V0/><F59/><W20/><G34/><T3/><D23/><U104/><E104/><V131/><F131/><W18/><G29/><T125/><D14/><U97/><REACH who="1" step="1"/><E54/><REACH who="1" ten="145,225,293,327" step="2"/><V120/><F120/><W95/><G38/><T126/><D105/><U106/><E106/><V123/><F123/><W22/><G44/><T11/><D107/><U37/><E37/><V128/><F128/><W55/><G55/><T10/><D78/><U26/><E26/><V30/><F24/><W16/><G52/><T67/><D67/><N who="2" m="25642" /><F83/><W132/><G132/><T27/><D76/><U77/><E77/><V7/><F7/><W109/><G109/><T94/><D27/><U89/><E89/><N who="2" m="51335" /><F41/><W70/><G70/><T42/><D42/><U51/><AGARI ba="0,1" hai="5,9,13,33,35,51,53,58,82,87,90,92,97,102" machi="51" ten="20,8000,1" yaku="1,1,0,1,7,1,52,2,53,0" doraHai="28" doraHaiUra="63" who="1" fromWho="1" sc="145,-20,225,90,293,-40,327,-20" /><BYE who="2" /><INIT seed="3,0,0,2,0,78" ten="125,315,253,307" oya="3" hai0="45,95,8,58,83,2,129,31,43,62,70,132,56" hai1="108,134,112,3,42,37,55,74,111,9,105,90,6" hai2="18,93,40,51,113,27,131,104,1,71,85,61,117" hai3="118,67,4,80,84,115,128,97,72,47,11,65,75"/><W57/><G118/><T116/><D116/><U23/><E112/><V24/><F24/><W106/><G115/><T20/><D70/><U36/><E105/><V64/><F64/><W96/><G128/><T81/><D129/><UN n2="%E5%B1%B1%E7%94%B0%E6%95%8F%E8%A1%8C" /><U0/><E0/><V10/><F1/><W29/><G29/><T26/><D132/><U50/><E134/><V28/><F104/><W86/><G106/><T100/><D56/><N who="1" m="32887" /><E42/><V44/><F131/><W99/><G47/><T66/><D8/><U35/><E35/><V21/><F71/><W41/><G41/><T32/><D2/><U135/><E135/><V14/><F113/><W16/><G86/><T34/><D32/><U133/><E133/><V30/><F117/><W79/><G16/><T76/><D76/><U25/><E90/><N who="2" m="53455" /><F61/><W33/><G33/><T68/><D34/><U91/><E91/><V87/><F87/><W120/><G120/><T98/><REACH who="0" step="1"/><D68/><REACH who="0" ten="115,315,253,307" step="2"/><U12/><E3/><V63/><F10/><W94/><G57/><T13/><D13/><U48/><E12/><V92/><F14/><W127/><G11/><T49/><AGARI ba="0,1" hai="20,26,31,43,45,49,58,62,66,81,83,95,98,100" machi="49" ten="20,16000,3" yaku="1,1,0,1,7,1,25,2,8,1,52,2,53,1" doraHai="78" doraHaiUra="19" who="0" fromWho="0" sc="115,170,315,-40,253,-40,307,-80" /><BYE who="2" /><INIT seed="4,0,0,5,0,55" ten="285,275,213,227" oya="0" hai0="118,96,101,90,43,86,60,87,15,77,21,114,84" hai1="112,132,83,51,113,127,4,42,6,3,81,23,109" hai2="121,119,7,33,58,5,105,102,9,12,107,79,66" hai3="31,38,34,32,18,92,85,22,2,134,120,76,74"/><T27/><D118/><UN n2="%E5%B1%B1%E7%94%B0%E6%95%8F%E8%A1%8C" /><U16/><E109/><V53/><F121/><W52/><G120/><T97/><D43/><U20/><E20/><V57/><F119/><W98/><G38/><T30/><D114/><N who="1" m="44139" /><E127/><V125/><F33/><W68/><G68/><T103/><D60/><U62/><E62/><V88/><F125/><W116/><G116/><T44/><D44/><N who="1" m="26007" /><E132/><V29/><F29/><W17/><G2/><T73/><D15/><N who="1" m="9631" /><E6/><V135/><F5/><W39/><G39/><T72/><D77/><U104/><E104/><V25/><F79/><W67/><G67/><T14/><D14/><U1/><E1/><V24/><F135/><W75/><G134/><T100/><REACH who="0" step="1"/><D90/><REACH who="0" ten="275,275,213,227" step="2"/><U11/><AGARI ba="0,1" hai="3,4,11,81,83" m="9631,26007,44139" machi="11" ten="30,4000,0" yaku="15,1,11,1,54,1" doraHai="55" who="1" fromWho="1" sc="275,-20,275,50,213,-10,227,-10" owari="255,6.0,325,42.0,203,-30.0,217,-18.0" /></mjloggm>