<mjloggm ver="2.3"><GO type="97" lobby="0"/><UN n0="%E3%82%A6%E3%83%AB%E3%83%88%E3%83%A9%E7%AB%8B%E7%9B%B4" n1="%E3%83%A4%E3%82%AE" n2="%E3%81%82%E3%82%8A%E3%81%88%E3%81%AA%E3%81%99" n3="%76%66%72%6E%6F%72%69" dan="15,14,14,15" rate="1986.20,2104.96,1961.94,1986.39" sx="M,M,M,M"/><TAIKYOKU oya="0"/><INIT seed="0,0,0,0,5,6" ten="250,250,250,250" oya="0" hai0="57,83,39,64,108,65,135,31,47,56,15,34,71" hai1="122,79,42,98,41,9,134,13,12,110,48,22,55" hai2="43,70,51,103,75,38,26,132,33,67,16,116,24" hai3="21,14,63,78,121,124,77,86,102,25,4,97,92"/><T109/><D31/><U53/><E122/><V44/><F75/><W49/><G121/><T101/><D34/><U117/><E117/><V93/><F116/><W115/><G115/><T113/><D101/><U89/><E110/><N who="0" m="42601" /><D113/><U32/><E32/><V61/><F132/><W66/><G124/><T127/><D127/><U76/><E134/><V74/><F74/><W2/><G2/><T50/><D135/><U100/><E89/><V133/><F133/><W85/><G78/><N who="1" m="29738" /><E22/><V120/><F120/><W11/><G77/><T131/><D83/><U7/><E13/><V114/><F114/><W28/><REACH who="3" step="1"/><G49/><REACH who="3" ten="250,250,250,240" step="2"/><T68/><D39/><U87/><E48/><V58/><F33/><W128/><G128/><T8/><D131/><U129/><E129/><V107/><F107/><W95/><G95/><T81/><D81/><U72/><E72/><V62/><F93/><W19/><G19/><N who="0" m="8679" /><D71/><AGARI ba="0,1" hai="4,11,14,21,25,28,63,66,71,85,86,92,97,102" machi="71" ten="30,3900,0" yaku="1,1,7,1,52,1,53,0" doraHai="6" doraHaiUra="125" who="3" fromWho="0" sc="250,-39,250,0,250,0,240,49" /><INIT seed="1,0,0,4,1,0" ten="211,250,250,289" oya="1" hai0="134,130,35,126,27,10,84,98,121,70,114,36,26" hai1="61,20,34,111,95,62,82,25,132,117,92,86,99" hai2="116,75,105,103,2,22,100,78,90,43,53,129,135" hai3="118,120,18,74,46,88,97,44,109,6,3,24,112"/><U31/><E117/><V108/><F116/><W89/><G74/><T5/><D84/><U122/><E122/><V81/><F2/><W47/><G112/><T23/><D98/><U39/><E39/><V128/><F43/><W9/><G120/><T17/><D70/><U32/><E132/><V49/><F49/><W52/><G118/><T45/><D45/><U87/><E111/><V33/><F33/><W63/><G109/><T124/><D36/><U93/><E99/><N who="2" m="61599" /><F53/><W12/><G3/><N who="0" m="319" /><D121/><U113/><E113/><V123/><F22/><N who="3" m="13399" /><G97/><T115/><D134/><U102/><E102/><V11/><F11/><W40/><G40/><T29/><D130/><N who="2" m="50282" /><F123/><W69/><G69/><T80/><D80/><U91/><E87/><V28/><F28/><W16/><G16/><N who="0" m="12647" /><D115/><U56/><REACH who="1" step="1"/><E62/><REACH who="1" ten="211,240,250,289" step="2"/><V54/><F135/><W119/><G119/><T83/><D114/><U104/><E104/><V71/><F108/><W106/><G106/><T41/><D83/><U73/><E73/><V42/><F103/><W101/><G101/><T72/><D72/><U77/><E77/><V60/><F60/><W125/><G125/><T1/><D124/><U107/><E107/><V8/><F78/><W37/><G37/><T110/><D126/><U58/><E58/><AGARI ba="0,1" hai="6,9,12,44,46,47,52,58,63,88,89" m="13399" machi="58" ten="30,7700,0" yaku="8,1,52,1,54,2" doraHai="0" who="3" fromWho="1" sc="211,0,240,-77,250,0,289,87" /><INIT seed="2,0,0,2,3,54" ten="211,163,250,376" oya="2" hai0="30,109,24,75,135,60,27,42,43,114,107,25,102" hai1="51,112,92,50,62,126,33,34,23,131,11,4,36" hai2="1,56,48,71,83,7,97,73,100,37,14,95,32" hai3="130,38,101,46,128,6,70,21,18,63,69,5,20"/><V76/><F1/><W124/><G101/><T15/><D75/><U28/><E112/><V133/><F32/><W125/><G38/><T22/><D114/><U77/><E36/><V122/><F71/><N who="3" m="27147" /><G63/><T129/><D102/><U9/><E77/><V66/><F37/><W134/><G46/><T121/><D107/><U82/><E82/><V16/><F7/><N who="3" m="2571" /><G134/><T45/><D121/><U86/><E34/><V44/><F122/><W59/><G59/><T123/><D123/><U94/><E33/><V13/><F13/><W98/><G98/><T105/><D105/><U3/><E11/><V47/><F133/><W41/><G41/><T31/><D135/><U40/><E62/><V111/><F111/><W88/><G88/><T93/><D45/><U72/><E72/><V104/><F104/><W110/><G110/><T118/><D60/><U119/><E40/><V99/><F97/><W49/><G49/><T127/><D43/><U29/><E51/><V106/><F106/><W81/><G81/><T12/><D42/><U35/><E50/><V2/><F2/><W53/><G53/><T17/><D27/><U80/><E35/><V108/><F108/><W96/><G96/><T132/><D109/><U67/><E67/><V61/><REACH who="2" step="1"/><F48/><REACH who="2" ten="211,163,240,376" step="2"/><W8/><G8/><AGARI ba="0,1" hai="8,14,16,44,47,56,61,66,73,76,83,95,99,100" machi="8" ten="30,12000,1" yaku="1,1,2,1,7,1,52,1,54,1,53,0" doraHai="54" doraHaiUra="39" who="2" fromWho="3" sc="211,0,163,0,240,130,376,-120" /><INIT seed="2,1,0,2,0,100" ten="211,163,370,256" oya="2" hai0="58,34,28,9,96,121,119,70,68,55,88,64,16" hai1="45,116,69,13,56,110,67,59,104,0,52,94,43" hai2="57,92,112,11,107,71,49,115,24,42,66,122,10" hai3="109,120,90,50,82,135,132,36,38,12,89,91,97"/><V118/><F107/><W7/><G120/><T128/><D121/><U62/><E0/><V63/><F122/><W106/><G109/><T74/><D74/><U133/><E116/><V30/><F118/><W86/><G50/><T78/><D78/><U15/><E110/><V31/><F71/><W47/><G47/><T8/><D64/><U25/><E133/><N who="3" m="51274" /><G7/><T105/><D28/><U40/><E104/><V51/><F112/><W33/><G33/><T46/><D34/><U114/><E114/><V73/><F73/><W53/><G53/><T23/><D46/><U108/><E108/><V113/><F113/><W21/><G12/><T72/><D72/><U3/><E3/><V130/><F130/><W35/><G21/><T48/><D128/><U81/><E81/><V99/><F42/><N who="1" m="15913" /><E69/><V131/><F131/><W103/><G35/><T125/><D119/><U60/><E45/><V84/><F84/><W83/><G83/><T77/><D70/><U79/><E79/><AGARI ba="1,0" hai="36,38,79,82,86,89,90,91,97,103,106" m="51274" machi="79" ten="30,2000,0" yaku="20,1,52,1" doraHai="100" who="3" fromWho="1" sc="211,0,163,-23,370,0,256,23" /><INIT seed="3,0,0,1,4,53" ten="211,140,370,279" oya="3" hai0="135,40,95,101,94,111,134,30,36,116,8,15,7" hai1="57,108,112,20,130,73,84,93,6,91,121,110,50" hai2="118,104,17,2,34,103,64,114,27,56,54,10,63" hai3="76,66,85,122,126,28,100,106,128,32,109,86,13"/><W125/><G122/><T41/><D116/><U51/><E121/><V83/><F114/><W31/><G66/><T26/><D111/><U77/><E112/><V132/><F118/><W82/><G128/><T107/><D107/><U58/><E130/><V96/><F83/><W3/><G3/><T38/><D101/><U43/><E6/><V79/><F79/><W25/><G31/><T72/><D72/><U113/><E113/><V19/><F132/><N who="0" m="50730" /><D41/><U59/><E43/><V14/><F2/><W129/><G129/><T29/><D29/><U88/><E91/><V80/><F80/><W69/><G69/><T42/><D42/><U48/><E73/><V46/><F46/><W68/><G68/><T44/><D38/><U49/><N who="1" m="12288" /><DORA hai="102" /><U60/><E77/><V133/><F133/><W99/><G109/><N who="1" m="42090" /><E20/><AGARI ba="0,0" hai="7,8,15,20,26,30,36,40,44,94,95" m="50730" machi="20" ten="30,1000,0" yaku="20,1" doraHai="53,102" who="0" fromWho="1" sc="211,10,140,-10,370,0,279,0" owari="221,-18.0,130,-37.0,370,47.0,279,8.0" /></mjloggm>