<mjloggm ver="2.3"><GO type="41" lobby="0"/><UN n0="%E3%82%A6%E3%83%AB%E3%83%88%E3%83%A9%E7%AB%8B%E7%9B%B4" n1="%70%70%61%61%6F%6F" n2="%74%61%74%73%75%31%36%30" n3="%73%66%68%6E%36%30" dan="16,16,14,13" rate="2045.15,2057.01,1889.41,1869.04" sx="M,M,M,M"/><TAIKYOKU oya="0"/><INIT seed="0,0,0,4,2,37" ten="250,250,250,250" oya="0" hai0="29,9,58,34,67,81,31,23,71,62,50,2,76" hai1="120,117,10,133,66,119,16,80,30,118,104,122,25" hai2="83,108,68,99,72,130,127,94,84,77,12,22,49" hai3="21,86,0,38,54,102,55,27,39,89,51,11,87"/><T100/><D100/><U43/><E104/><V135/><F68/><W64/><G64/><T98/><D34/><U82/><E66/><V78/><F108/><W129/><G102/><T48/><D98/><U92/><E92/><V116/><F116/><W126/><G129/><T42/><D71/><U132/><E43/><V107/><F130/><W114/><G126/><T6/><D23/><N who="1" m="15679" /><E82/><N who="2" m="45351" /><F49/><W40/><G114/><T52/><D50/><U13/><E80/><V41/><F41/><W14/><G0/><T112/><D112/><U88/><E88/><N who="2" m="53511" /><F22/><W53/><G39/><T28/><D67/><U123/><AGARI ba="0,0" hai="10,13,16,117,118,119,120,122,123,132,133" m="15679" machi="123" ten="40,5200,0" yaku="34,2,54,1" doraHai="37" who="1" fromWho="1" sc="250,-26,250,52,250,-13,250,-13" /><INIT seed="1,0,0,0,1,72" ten="224,302,237,237" oya="1" hai0="25,8,82,11,90,62,57,68,58,117,129,52,102" hai1="89,121,96,86,63,92,120,79,134,56,94,130,126" hai2="103,4,22,131,67,104,83,50,7,34,128,27,91" hai3="21,113,23,135,71,133,98,111,46,31,30,55,100"/><U45/><E134/><N who="3" m="51210" /><G71/><T88/><D68/><U43/><E130/><N who="2" m="49707" /><F34/><W2/><G2/><T107/><D117/><U87/><E126/><V41/><F67/><W13/><G113/><T26/><D102/><U39/><E86/><N who="2" m="50655" /><F103/><W49/><G111/><T20/><D107/><U101/><REACH who="1" step="1"/><E79/><REACH who="1" ten="224,292,237,237" step="2"/><V122/><F122/><W3/><G3/><T16/><D129/><U1/><E1/><V109/><F109/><W0/><G0/><T84/><D90/><U24/><E24/><V48/><F104/><N who="3" m="63511" /><G13/><T47/><D26/><U12/><E12/><V95/><F95/><W64/><G64/><AGARI ba="0,1" hai="39,43,45,56,63,64,87,89,92,94,96,101,120,121" machi="64" ten="30,5800,0" yaku="1,1,7,1,53,1" doraHai="72" doraHaiUra="61" who="1" fromWho="3" sc="224,0,292,68,237,0,237,-58" /><INIT seed="1,1,0,1,1,95" ten="224,360,237,179" oya="1" hai0="114,43,25,84,117,103,14,16,124,30,0,50,49" hai1="39,88,65,82,96,61,98,52,79,18,32,127,33" hai2="119,12,27,69,93,86,78,62,118,83,106,60,41" hai3="110,9,100,132,26,20,130,70,35,115,77,76,87"/><U23/><E39/><V99/><F106/><W113/><G70/><T134/><D0/><U17/><E127/><V73/><F41/><W121/><G35/><T4/><D4/><U53/><E32/><V105/><F62/><W111/><G9/><T51/><D117/><U15/><E33/><V101/><F12/><W37/><G37/><T7/><D7/><U64/><E79/><N who="3" m="30282" /><G20/><T66/><D114/><N who="3" m="43529" /><G26/><T3/><D3/><U38/><E38/><V68/><F27/><W67/><G67/><N who="1" m="25674" /><E18/><V92/><F93/><W125/><G121/><T112/><D112/><U6/><E6/><V107/><F107/><W74/><G74/><T29/><D124/><U42/><E42/><V85/><F60/><W45/><G45/><T8/><D66/><U13/><E13/><V24/><F24/><W31/><G31/><T116/><D116/><N who="2" m="44586" /><F68/><W22/><G22/><T89/><D43/><U11/><E11/><V63/><F63/><W129/><G125/><T123/><D123/><U128/><E128/><N who="3" m="49258" /><G132/><T57/><D134/><U36/><E36/><V19/><F19/><W2/><G2/><T1/><D1/><U80/><E61/><V126/><F126/><W72/><G72/><T97/><D57/><U102/><E53/><V131/><F69/><W40/><G40/><T94/><REACH who="0" step="1"/><D25/><REACH who="0" ten="214,360,237,179" step="2"/><U48/><E52/><V122/><F122/><W5/><G5/><T47/><D47/><U109/><E15/><V34/><F34/><W71/><G71/><T21/><D21/><U46/><E23/><V90/><F73/><W54/><G54/><T133/><D133/><U120/><E46/><RYUUKYOKU ba="1,1" sc="214,15,360,-15,237,15,179,-15" hai0="8,14,16,29,30,49,50,51,84,89,94,97,103" hai2="78,83,85,86,90,92,99,101,105,131" /><INIT seed="2,2,1,5,5,17" ten="229,345,252,164" oya="2" hai0="74,35,24,80,36,135,76,68,95,50,93,0,3" hai1="64,51,91,67,114,96,10,39,58,110,31,70,100" hai2="84,79,46,26,102,52,113,134,132,11,99,20,4" hai3="16,117,18,6,7,13,65,57,9,92,104,97,105"/><V109/><F113/><W37/><G37/><T8/><D95/><U119/><E39/><V124/><F124/><W30/><G117/><T125/><D93/><U118/><E114/><V69/><F69/><W14/><G30/><T73/><D50/><U122/><E110/><V25/><F25/><W48/><G105/><T28/><D125/><U55/><E91/><V32/><F32/><W21/><G104/><T53/><D53/><U98/><E122/><V127/><F127/><W120/><G120/><T63/><D135/><N who="2" m="51754" /><F109/><W106/><G106/><T75/><D36/><U133/><E31/><N who="2" m="17863" /><F99/><W87/><G87/><T33/><D33/><U123/><E96/><V15/><F102/><W71/><G71/><T90/><D90/><U62/><E98/><V43/><F84/><W2/><G2/><T42/><D3/><U111/><E100/><V101/><F101/><W5/><G5/><T108/><D108/><U19/><E70/><V40/><F79/><W41/><G41/><T12/><D42/><U66/><E111/><V103/><F103/><N who="3" m="60839" /><G65/><N who="0" m="41023" /><D12/><N who="1" m="7575" /><E133/><V44/><F44/><W47/><G47/><T89/><D89/><U126/><E123/><V49/><AGARI ba="2,1" hai="4,11,15,40,43,46,49,52" m="17863,51754" machi="49" ten="30,6000,0" yaku="20,1,52,1,54,1" doraHai="17" who="2" fromWho="2" sc="229,-22,345,-22,252,76,164,-22" /><INIT seed="2,3,0,5,1,118" ten="207,323,328,142" oya="2" hai0="5,101,71,80,125,68,127,31,4,108,14,16,133" hai1="42,91,0,98,106,32,111,65,28,45,63,25,97" hai2="47,17,120,114,113,46,39,92,134,60,53,61,126" hai3="58,43,128,35,83,82,69,48,89,23,96,11,54"/><V44/><F120/><W13/><G69/><T123/><D71/><N who="1" m="42431" /><E91/><V26/><F126/><W22/><G128/><T10/><D68/><U93/><E93/><V56/><F134/><W55/><G35/><T107/><D101/><N who="1" m="62767" /><E98/><V19/><F39/><W18/><G43/><T20/><D107/><U76/><E76/><V70/><F92/><N who="3" m="56335" /><G55/><T57/><D57/><U84/><E84/><V110/><F110/><W66/><G66/><T109/><D80/><AGARI ba="3,0" hai="11,13,18,22,23,48,54,58,80,82,83" m="56335" machi="80" ten="30,1000,0" yaku="8,1" doraHai="118" who="3" fromWho="0" sc="207,-19,323,0,328,0,142,19" /><INIT seed="3,0,0,4,2,129" ten="188,323,328,161" oya="3" hai0="83,86,10,111,106,20,122,32,36,133,132,87,91" hai1="8,11,66,49,88,54,121,65,35,131,134,110,28" hai2="50,43,0,107,17,89,6,92,46,59,76,61,114" hai3="55,34,1,19,81,57,71,102,124,70,21,51,30"/><W13/><G1/><T56/><D32/><U82/><E121/><V44/><F107/><W101/><G124/><T95/><D106/><U14/><E131/><V23/><F114/><W27/><REACH who="3" step="1"/><G81/><REACH who="3" ten="188,323,328,151" step="2"/><T69/><D122/><U77/><E82/><V67/><F76/><W99/><G99/><T48/><D83/><U72/><E72/><V26/><F6/><W74/><G74/><T60/><D87/><U128/><E77/><V41/><F0/><W24/><G24/><T120/><D120/><U2/><E128/><V9/><F9/><W7/><G7/><T80/><D10/><U68/><E2/><V18/><F18/><W12/><G12/><T97/><D97/><U37/><E14/><V64/><F64/><W75/><G75/><T105/><D80/><U117/><E66/><V104/><F104/><W25/><G25/><T116/><D105/><U100/><E65/><V40/><REACH who="2" step="1"/><F44/><REACH who="2" ten="188,323,318,151" step="2"/><W62/><G62/><T115/><D60/><U103/><E11/><V22/><F22/><W85/><G85/><AGARI ba="0,2" hai="17,23,26,40,41,43,46,50,59,61,67,85,89,92" machi="85" ten="30,3900,0" yaku="1,1,7,1,8,1,53,0" doraHai="129" doraHaiUra="109" who="2" fromWho="3" sc="188,0,323,0,318,59,151,-39" /><INIT seed="4,0,0,2,3,31" ten="188,323,377,112" oya="0" hai0="106,124,33,41,86,29,47,19,88,2,109,127,9" hai1="51,62,42,90,132,25,16,130,71,103,74,49,45" hai2="73,77,111,37,79,3,117,82,99,68,110,78,28" hai3="53,121,133,35,118,95,32,46,123,44,60,113,64"/><T21/><D106/><U5/><E74/><V83/><F117/><W26/><G118/><T24/><D109/><U1/><E132/><V102/><F28/><W14/><G113/><T55/><D55/><U104/><E130/><V96/><F68/><W67/><G133/><T36/><D9/><U115/><E115/><V72/><F37/><W43/><G95/><T13/><REACH who="0" step="1"/><D2/><REACH who="0" ten="178,323,377,112" step="2"/><U89/><E104/><N who="2" m="63559" /><F3/><W119/><G119/><T7/><D7/><U52/><E5/><V4/><F4/><W6/><G53/><T120/><D120/><N who="3" m="46153" /><G67/><T129/><D129/><U38/><E52/><V66/><F66/><W17/><G6/><T54/><D54/><U40/><E1/><V56/><F110/><W126/><G126/><T65/><D65/><U122/><E122/><V39/><F111/><W18/><G18/><T97/><D97/><U125/><E16/><V105/><F99/><W116/><G116/><T48/><D48/><U76/><E49/><V61/><F105/><W0/><G0/><T10/><D10/><U20/><E51/><V101/><F39/><N who="3" m="21631" /><G46/><T108/><D108/><U58/><E45/><V87/><F61/><W98/><G98/><T30/><D30/><U23/><E62/><V92/><F56/><N who="3" m="36871" /><G26/><T34/><D34/><U8/><E25/><V22/><F22/><AGARI ba="0,1" hai="14,17,22,32,35" m="36871,21631,46153" machi="22" ten="30,3900,0" yaku="13,1,52,2" doraHai="31" who="3" fromWho="2" sc="178,0,323,0,377,-39,112,49" /><INIT seed="5,0,0,5,1,134" ten="178,323,338,161" oya="1" hai0="75,55,10,11,19,72,64,58,99,27,34,73,29" hai1="45,23,120,80,105,37,90,38,122,77,15,70,22" hai2="49,102,48,7,30,113,100,133,56,95,69,94,108" hai3="74,76,40,124,28,50,43,116,65,131,109,89,53"/><U123/><E105/><V21/><F69/><W97/><G28/><T98/><D64/><U63/><E90/><V107/><F108/><W86/><G65/><T57/><D19/><U31/><E63/><V81/><F107/><W127/><G109/><T42/><D42/><U59/><E59/><V4/><F133/><W83/><G116/><T0/><D0/><U104/><E70/><V16/><F30/><W93/><G131/><T84/><D84/><U79/><E104/><V82/><F113/><W24/><G24/><T13/><D13/><U33/><E15/><V87/><F56/><W117/><G117/><T128/><D128/><U25/><E77/><V17/><F87/><W115/><G115/><T14/><D57/><U88/><E88/><V111/><F21/><W112/><G112/><T118/><D118/><U125/><E45/><V9/><F111/><W126/><G74/><T39/><D39/><U132/><E37/><V101/><F101/><W96/><G96/><T85/><D85/><U54/><E38/><V8/><AGARI ba="0,0" hai="4,7,8,9,16,17,48,49,81,82,94,95,100,102" machi="8" ten="25,8000,1" yaku="0,1,22,2,8,1,54,1" doraHai="134" who="2" fromWho="2" sc="178,-20,323,-40,338,80,161,-20" /><INIT seed="6,0,0,2,1,109" ten="158,283,418,141" oya="2" hai0="43,72,60,3,53,20,31,36,16,57,68,8,102" hai1="81,10,131,77,135,122,42,66,17,54,11,9,48" hai2="91,21,94,18,95,56,88,134,22,46,26,128,5" hai3="126,92,67,83,33,133,119,62,35,24,113,112,103"/><V41/><F128/><W0/><G0/><T124/><D124/><U58/><E131/><V87/><F134/><W6/><G126/><T79/><D31/><U63/><E135/><V105/><F105/><W115/><G133/><T123/><D123/><U129/><E129/><V80/><F5/><W74/><G119/><T61/><D102/><U37/><E122/><V52/><F80/><W55/><G6/><T78/><D61/><U125/><E125/><V97/><F22/><W19/><G55/><T96/><D68/><U130/><E42/><V111/><F111/><W100/><G92/><T47/><D96/><U110/><E37/><V23/><F23/><N who="3" m="13439" /><G83/><T75/><D8/><U14/><E110/><V27/><F46/><W71/><G74/><T98/><D3/><U38/><E38/><V114/><F41/><W15/><G15/><T117/><D117/><U65/><E130/><V69/><F69/><W51/><G51/><T99/><D99/><U127/><E127/><V86/><F27/><W73/><G73/><T30/><D98/><U4/><E4/><V76/><F76/><W85/><G85/><T89/><D75/><U28/><E48/><V29/><F29/><W40/><G40/><T118/><D30/><U116/><E28/><V50/><F97/><W13/><G13/><T7/><D7/><U107/><E107/><V39/><F39/><W106/><G106/><T44/><D72/><N who="1" m="43175" /><E116/><V12/><F26/><W70/><G70/><T64/><D118/><U34/><E34/><AGARI ba="0,0" hai="33,34,35,62,67,71,100,103,112,113,115" m="13439" machi="34" ten="40,8000,1" yaku="15,1,11,1,52,3" doraHai="109" who="3" fromWho="1" sc="158,0,283,-80,418,0,141,80" /><INIT seed="7,0,0,0,5,35" ten="158,203,418,221" oya="3" hai0="39,4,32,102,2,90,100,117,58,60,31,82,23" hai1="67,106,75,63,112,65,84,55,17,83,131,10,41" hai2="48,114,27,68,132,128,104,96,44,61,66,98,13" hai3="110,76,121,103,113,122,46,26,0,80,62,107,108"/><W97/><G26/><T125/><D32/><U71/><E75/><V36/><F114/><W74/><G62/><T24/><D117/><U28/><E112/><V129/><F132/><W130/><G46/><T22/><D39/><U38/><E106/><V133/><F36/><W1/><G113/><T86/><D125/><U29/><E41/><V99/><F104/><W87/><G87/><T53/><REACH who="0" step="1"/><D23/><REACH who="0" ten="148,203,418,221" step="2"/><U123/><E38/><V47/><F133/><W126/><G126/><T3/><D3/><N who="3" m="1097" /><G130/><T54/><D54/><U7/><E131/><V135/><F135/><W51/><G51/><T57/><D57/><N who="1" m="35263" /><E71/><V64/><F129/><W16/><G16/><T134/><D134/><U42/><E17/><V127/><F68/><W8/><G8/><AGARI ba="0,1" hai="2,4,8,22,24,31,53,58,60,82,86,90,100,102" machi="8" ten="40,2600,0" yaku="1,1,52,1,53,0" doraHai="35" doraHaiUra="92" who="0" fromWho="3" sc="148,36,203,0,418,0,221,-26" owari="184,-32.0,203,0.0,418,52.0,195,-20.0" /></mjloggm>