<mjloggm ver="2.3"><GO type="169" lobby="0"/><UN n0="%E3%81%BF%E3%82%84%E3%81%93%E3%82%93%EF%BC%99%E6%AD%B3" n1="%52%6F%62%69%4E" n2="%E3%82%A8%E3%83%88%E3%81%BA%E3%83%B3" n3="%E3%82%A6%E3%83%AB%E3%83%88%E3%83%A9%E7%AB%8B%E7%9B%B4" dan="17,16,17,16" rate="2184.36,2087.74,2206.09,2049.23" sx="F,M,F,M"/><TAIKYOKU oya="0"/><INIT seed="0,0,0,0,1,127" ten="250,250,250,250" oya="0" hai0="28,124,71,54,41,29,111,128,49,94,89,126,19" hai1="62,38,6,34,131,45,87,18,59,22,9,72,98" hai2="16,60,107,66,47,56,20,46,39,81,88,116,134" hai3="7,114,93,68,91,100,76,96,119,97,12,74,57"/><T2/><D71/><U133/><E72/><V86/><F107/><W104/><G68/><T117/><D117/><U13/><E34/><V106/><F106/><W15/><G114/><T122/><D122/><U125/><E125/><N who="0" m="48233" /><D41/><U55/><E133/><V102/><F134/><W90/><G119/><T84/><D2/><U37/><E45/><V35/><F35/><W0/><G0/><T99/><D111/><U105/><E105/><V70/><F116/><W64/><G7/><T31/><D128/><U78/><E131/><V24/><F102/><W3/><G3/><T82/><D19/><U65/><E65/><V69/><REACH who="2" step="1"/><F47/><REACH who="2" ten="250,250,240,250" step="2"/><W5/><G100/><N who="0" m="60535" /><D29/><U58/><E98/><V50/><F50/><W75/><G97/><T14/><D14/><U25/><E38/><V33/><F33/><W135/><G96/><T1/><D1/><U80/><E37/><V8/><F8/><W83/><G12/><T26/><D26/><U27/><E27/><V73/><F73/><W40/><G15/><T95/><D95/><U132/><E132/><V4/><F4/><W67/><G93/><T92/><D92/><U11/><E11/><V63/><F63/><W108/><G104/><T52/><D54/><U23/><E25/><V123/><F123/><W130/><G135/><T113/><D113/><U112/><E112/><V79/><F79/><W85/><G76/><T21/><D21/><U110/><E23/><V53/><F53/><W30/><G5/><T121/><D121/><U61/><E22/><V44/><F44/><AGARI ba="0,1" hai="28,31,44,49,52,82,84,89" m="60535,48233" machi="44" ten="30,2900,0" yaku="18,1,54,1" doraHai="127" who="0" fromWho="2" sc="250,39,250,0,240,-29,250,0" /><INIT seed="0,1,0,2,0,49" ten="289,250,211,250" oya="0" hai0="69,23,14,5,108,29,30,13,47,121,114,110,6" hai1="65,46,78,63,19,25,119,101,76,115,9,127,82" hai2="95,128,87,57,44,77,64,52,111,126,62,109,72" hai3="132,81,16,7,67,100,8,80,2,93,123,18,32"/><T113/><D69/><U15/><E119/><V105/><F105/><W90/><G32/><T48/><D48/><U34/><E115/><N who="0" m="44041" /><D47/><U73/><E78/><V89/><F128/><W107/><G123/><T86/><D86/><U56/><E46/><V39/><F126/><W43/><G107/><T51/><D51/><U28/><REACH who="1" step="1"/><E101/><REACH who="1" ten="289,240,211,250" step="2"/><V1/><F77/><W92/><G100/><T98/><D121/><U129/><E129/><V37/><F72/><W120/><G120/><T118/><D118/><U99/><E99/><V42/><F37/><W125/><G125/><AGARI ba="1,1" hai="9,15,19,25,28,34,56,63,65,73,76,82,125,127" machi="125" ten="40,2600,0" yaku="1,1,53,1" doraHai="49" doraHaiUra="106" who="1" fromWho="3" sc="289,0,240,39,211,0,250,-29" /><INIT seed="1,0,0,1,4,99" ten="289,279,211,221" oya="1" hai0="87,18,46,97,6,98,92,67,73,86,94,119,16" hai1="77,102,71,12,49,116,78,81,38,32,5,132,57" hai2="76,62,24,19,54,33,8,89,7,127,28,47,126" hai3="134,56,90,108,34,84,88,83,100,55,130,50,25"/><U64/><E71/><V20/><F76/><W21/><G34/><T117/><D67/><U63/><E38/><V0/><F89/><W72/><G72/><T96/><D6/><U129/><E32/><V60/><F47/><W37/><G37/><T133/><D73/><U80/><E116/><N who="0" m="44617" /><D46/><U59/><E102/><V30/><F54/><W75/><G75/><T69/><D69/><U15/><E129/><V85/><F85/><N who="0" m="32266" /><D133/><U111/><E132/><V31/><F60/><W115/><G130/><T39/><D39/><U26/><E64/><V121/><F62/><W105/><G134/><T109/><D109/><U82/><E63/><V93/><F93/><AGARI ba="0,0" hai="16,18,92,93,94,96,97,98" m="32266,44617" machi="93" ten="40,5200,0" yaku="28,2,54,1" doraHai="99" who="0" fromWho="2" sc="289,52,279,0,211,-52,221,0" /><INIT seed="2,0,0,4,5,98" ten="341,279,159,221" oya="2" hai0="38,28,22,0,78,19,66,43,5,8,87,11,73" hai1="62,68,31,129,124,53,95,72,121,111,123,85,46" hai2="45,49,116,25,23,57,2,86,125,24,32,35,97" hai3="88,117,79,134,34,81,14,92,1,104,64,119,133"/><V21/><F116/><W41/><G34/><T40/><D66/><U42/><E72/><V90/><F2/><W82/><G1/><T36/><D28/><U61/><E111/><V101/><F125/><W112/><G64/><T47/><D11/><U84/><E124/><V12/><F57/><W69/><G41/><T130/><D130/><U55/><E31/><V102/><F97/><N who="3" m="57479" /><G14/><T91/><D43/><U48/><E42/><N who="2" m="24759" /><F32/><W10/><G10/><T51/><D78/><U106/><E106/><V75/><F75/><N who="3" m="43263" /><G69/><T65/><D73/><U80/><E68/><V58/><F35/><W135/><G112/><T6/><D65/><U44/><E48/><V127/><F127/><W60/><G60/><T126/><D6/><U118/><E62/><V54/><F58/><W50/><G50/><T56/><D56/><U120/><E61/><V76/><F76/><W74/><G104/><T128/><D126/><U109/><E120/><V4/><F54/><W30/><G30/><T93/><D128/><U20/><E129/><V122/><F122/><W16/><G16/><T17/><D17/><U63/><E55/><V132/><F4/><W59/><G59/><T114/><D114/><U13/><E53/><V71/><F71/><W9/><G9/><T15/><AGARI ba="0,0" hai="0,5,8,15,19,22,36,38,40,47,51,87,91,93" machi="15" ten="20,1500,0" yaku="0,1,7,1" doraHai="98" who="0" fromWho="0" sc="341,15,279,-4,159,-7,221,-4" /><INIT seed="3,0,0,5,1,21" ten="356,275,152,217" oya="3" hai0="74,86,135,30,33,111,109,114,122,85,46,103,82" hai1="123,23,79,8,129,11,53,39,71,52,1,100,87" hai2="89,42,29,31,5,81,102,32,77,25,131,40,57" hai3="113,2,38,6,24,88,78,84,66,19,70,76,45"/><W50/><G38/><T121/><D46/><U44/><E71/><V73/><F131/><W15/><G113/><T72/><D30/><U120/><E100/><V116/><F116/><W80/><G2/><T92/><D33/><U17/><E129/><V56/><F5/><W126/><G126/><T37/><D37/><U62/><E1/><V63/><F102/><W117/><G117/><T124/><D124/><U90/><E79/><V4/><F4/><W34/><G6/><T51/><D51/><U65/><E120/><V108/><F108/><N who="0" m="41546" /><D135/><U16/><E123/><N who="0" m="47113" /><D114/><U9/><E39/><V27/><F89/><W55/><G70/><T58/><D58/><N who="1" m="37079" /><E44/><V91/><F91/><W101/><G66/><T69/><D69/><U68/><E68/><V10/><F10/><N who="3" m="6647" /><G101/><T130/><D130/><U98/><E98/><V60/><F57/><W127/><G127/><T97/><D82/><N who="1" m="49527" /><E17/><V20/><REACH who="2" step="1"/><F60/><REACH who="2" ten="356,275,142,217" step="2"/><W115/><G115/><T133/><D133/><U104/><E104/><V83/><F83/><W22/><G34/><T93/><D93/><U7/><E7/><V14/><F14/><AGARI ba="0,1" hai="8,9,11,14,16,23,52,53" m="49527,37079" machi="14" ten="30,3900,0" yaku="8,1,54,2" doraHai="21" who="1" fromWho="2" sc="356,0,275,49,142,-39,217,0" /><INIT seed="4,0,0,4,3,109" ten="356,324,103,217" oya="0" hai0="63,99,1,28,62,56,108,46,66,82,27,92,36" hai1="55,54,14,37,44,26,88,9,75,79,10,72,3" hai2="74,91,112,132,50,51,60,121,129,58,29,116,104" hai3="13,68,111,126,103,86,84,106,93,127,19,35,76"/><T89/><D1/><U94/><E26/><V21/><F74/><W53/><G35/><T118/><D118/><U32/><E32/><V115/><F104/><W39/><G68/><T33/><D108/><U6/><E72/><V67/><F121/><W43/><G39/><T120/><D120/><U7/><E55/><V124/><F116/><W130/><G43/><T85/><D63/><U0/><E79/><V18/><F29/><W5/><G5/><T4/><D4/><U98/><E75/><V135/><F129/><W20/><G111/><T97/><REACH who="0" step="1"/><D92/><REACH who="0" ten="346,324,103,217" step="2"/><U77/><E3/><V30/><F124/><W105/><G93/><T8/><D8/><U107/><E10/><V73/><F73/><W125/><G125/><T22/><D22/><U59/><E9/><V128/><F128/><W83/><G130/><T25/><D25/><U122/><E7/><V95/><F30/><W23/><G23/><T17/><D17/><U49/><E6/><V12/><F135/><W81/><G20/><T45/><D45/><U78/><E44/><V47/><F132/><W41/><G19/><T90/><D90/><U113/><E0/><V117/><F117/><W134/><G134/><T31/><D31/><U71/><E122/><V119/><F119/><W133/><G133/><T80/><D80/><U100/><E94/><V38/><F38/><W64/><G83/><T16/><D16/><U69/><E37/><V11/><F11/><W87/><G81/><T110/><D110/><U131/><E131/><V34/><F34/><W61/><G126/><T114/><D114/><N who="2" m="43562" /><F47/><W96/><G127/><RYUUKYOKU ba="0,1" sc="346,15,324,-15,103,15,217,-15" hai0="27,28,33,36,46,56,62,66,82,85,89,97,99" hai2="12,18,21,50,51,58,60,67,91,95" /><INIT seed="4,1,1,4,4,111" ten="361,309,118,202" oya="0" hai0="133,18,1,22,40,77,52,14,55,108,35,60,109" hai1="85,50,63,119,98,9,48,17,65,62,19,47,6" hai2="24,132,121,49,56,7,68,36,11,41,58,87,125" hai3="57,23,72,30,13,2,25,105,5,76,102,101,94"/><T117/><D117/><U92/><E119/><V93/><F121/><W20/><G105/><T115/><D133/><U64/><E85/><V114/><F68/><W135/><G76/><T71/><D1/><U129/><E129/><V123/><F123/><W26/><G72/><T67/><D35/><U38/><E38/><V81/><F36/><W104/><G104/><T45/><D77/><U89/><E50/><V100/><F132/><W15/><G135/><T74/><D74/><U95/><E95/><V66/><F125/><W59/><G2/><T10/><D10/><U116/><E63/><V73/><F73/><W29/><G5/><T69/><D71/><U43/><E116/><V33/><F33/><W83/><G83/><T131/><D131/><U34/><E34/><V12/><F24/><W99/><G101/><T106/><D106/><U21/><E62/><V53/><F66/><N who="1" m="25705" /><E21/><V97/><F114/><W88/><G102/><T79/><D79/><U124/><E124/><V39/><F39/><W78/><G78/><T31/><D31/><U28/><E28/><V86/><F41/><W80/><G80/><T91/><D91/><U61/><E61/><V113/><F113/><W110/><G110/><N who="0" m="42603" /><D115/><U75/><E75/><V27/><F81/><W16/><G30/><T126/><D126/><U112/><E112/><V84/><REACH who="2" step="1"/><F27/><REACH who="2" ten="361,309,108,202" step="2"/><W107/><G25/><T37/><AGARI ba="1,2" hai="14,18,22,37,40,45,52,55,60,67,69" m="42603" machi="37" ten="30,3000,0" yaku="10,1,54,1" doraHai="111" who="0" fromWho="0" sc="361,53,309,-11,108,-11,202,-11" /><INIT seed="4,2,0,2,0,69" ten="414,298,97,191" oya="0" hai0="97,71,94,92,50,26,114,16,14,55,56,10,44" hai1="48,43,38,130,53,104,129,100,90,102,46,80,42" hai2="93,122,79,25,57,6,112,4,107,58,135,99,109" hai3="29,21,134,0,61,84,74,95,126,75,31,65,113"/><T127/><D71/><U5/><E5/><V40/><F122/><W24/><G0/><T128/><D128/><N who="1" m="49259" /><E104/><V51/><F109/><W63/><G75/><T118/><D118/><U33/><E33/><V83/><F107/><W67/><G74/><T22/><D127/><U30/><E30/><V96/><F135/><W8/><G134/><T78/><D114/><U47/><E53/><V19/><F112/><W2/><G113/><T11/><D78/><U60/><E60/><V72/><F96/><W98/><G31/><T117/><D117/><U87/><AGARI ba="2,0" hai="38,42,43,46,47,48,80,87,90,100,102" m="49259" machi="87" ten="30,2000,0" yaku="19,1,52,1" doraHai="69" who="1" fromWho="1" sc="414,-12,298,26,97,-7,191,-7" /><INIT seed="5,0,0,3,5,27" ten="402,324,90,184" oya="1" hai0="24,2,90,82,74,36,63,22,21,53,108,38,52" hai1="51,34,111,69,50,8,32,126,92,58,84,1,5" hai2="3,68,7,47,17,102,4,116,37,97,31,79,83" hai3="127,64,88,120,104,29,94,91,66,56,100,118,35"/><U67/><E69/><V70/><F17/><W12/><G104/><T122/><D108/><U86/><E111/><V48/><F7/><W9/><G120/><T112/><D2/><U60/><E126/><V26/><F116/><W71/><G71/><T6/><D6/><U125/><E125/><V72/><F48/><W73/><G73/><T113/><D122/><U85/><REACH who="1" step="1"/><E92/><REACH who="1" ten="402,314,90,184" step="2"/><V20/><F102/><W121/><G100/><T14/><D113/><U134/><E134/><V40/><REACH who="2" step="1"/><F97/><REACH who="2" ten="402,314,80,184" step="2"/><W23/><G127/><T124/><D124/><U114/><E114/><V105/><F105/><W10/><G121/><T132/><D112/><U61/><E61/><V25/><F25/><W107/><G107/><T110/><D24/><U65/><E65/><V106/><F106/><W76/><G66/><T123/><D63/><U11/><E11/><AGARI ba="0,2" hai="3,4,11,20,26,31,37,40,47,68,70,72,79,83" machi="11" ten="40,8000,1" yaku="1,1,25,2,52,1,53,0" doraHai="27" doraHaiUra="109" who="2" fromWho="1" sc="402,0,314,-80,80,100,184,0" /><INIT seed="6,0,0,0,5,10" ten="402,234,180,184" oya="2" hai0="99,67,33,126,135,27,117,46,70,80,18,120,20" hai1="88,77,128,39,72,131,55,29,118,26,53,25,6" hai2="107,122,63,91,103,36,30,41,37,112,31,40,61" hai3="32,15,83,75,89,106,7,48,102,74,93,85,2"/><V60/><F122/><W35/><G2/><T38/><D120/><U101/><E118/><V11/><F103/><W95/><G74/><T56/><D56/><U69/><E101/><V124/><F112/><W73/><G73/><T81/><D99/><U17/><E69/><V79/><F79/><W121/><G121/><T111/><D81/><U49/><E39/><V65/><F65/><W86/><G106/><T42/><D80/><U100/><E100/><V58/><F58/><W78/><G75/><T23/><D33/><U82/><E6/><V28/><F107/><W66/><G66/><T68/><D23/><N who="1" m="13551" /><E88/><V50/><F50/><W130/><G32/><T9/><D9/><U14/><E14/><V5/><F91/><W114/><G35/><T87/><D135/><U43/><E43/><N who="2" m="16459" /><F11/><N who="3" m="4607" /><G114/><T110/><D67/><U119/><E119/><V84/><F5/><W92/><G102/><T57/><D57/><U34/><E49/><V52/><F84/><W133/><G133/><T134/><D87/><U8/><E8/><V12/><F12/><W22/><G22/><T116/><D134/><U51/><E51/><V96/><F96/><W64/><G64/><T129/><D117/><U0/><E0/><V108/><F108/><W44/><G93/><T24/><D116/><U125/><E72/><V98/><F98/><W71/><G95/><T54/><D111/><U47/><E77/><V113/><F113/><W123/><G123/><T4/><D110/><U19/><E82/><V3/><F3/><W94/><G94/><T16/><D4/><U115/><E115/><V59/><F124/><RYUUKYOKU ba="0,0" sc="402,-10,234,-10,180,30,184,-10" hai2="28,30,31,36,37,52,59,60,61,63" /><INIT seed="6,1,0,5,5,24" ten="392,224,210,174" oya="2" hai0="20,0,71,129,11,21,9,62,74,7,124,8,29" hai1="45,90,68,67,12,109,130,98,89,50,14,99,135" hai2="84,15,123,72,19,97,49,110,28,113,91,27,77" hai3="3,107,127,133,70,121,34,23,94,83,54,112,122"/><V59/><F123/><W85/><G54/><T61/><D74/><U73/><E109/><V120/><F120/><W104/><G23/><N who="0" m="8779" /><D62/><U88/><E73/><V31/><F110/><W105/><G105/><T78/><D61/><U95/><E67/><V134/><F27/><W106/><G106/><T4/><D71/><U79/><E79/><V41/><F134/><W37/><G94/><T16/><D78/><U64/><E64/><V128/><F128/><W93/><G93/><T65/><D65/><U82/><E68/><V48/><F77/><W52/><G83/><T117/><D129/><U36/><E36/><V6/><F72/><W87/><G52/><T51/><D51/><U116/><E116/><V18/><F97/><W25/><G87/><T38/><D38/><U102/><E82/><V100/><F100/><W10/><G85/><T80/><D80/><U66/><E66/><V5/><F113/><W47/><G107/><T1/><D124/><U46/><E130/><V13/><F84/><W53/><G104/><T118/><D29/><U111/><E111/><V30/><F91/><W35/><G127/><T63/><D63/><U75/><E75/><V17/><F48/><W92/><G37/><T76/><D76/><U115/><E115/><V131/><F131/><W39/><G112/><T114/><D114/><U58/><E99/><V60/><F60/><W57/><G122/><T108/><D108/><U44/><E135/><V125/><F125/><W96/><G121/><T40/><D40/><U119/><E119/><V2/><F41/><N who="3" m="22975" /><G133/><T55/><D55/><AGARI ba="1,0" hai="12,14,44,45,46,50,55,58,88,89,90,95,98,102" machi="55" ten="40,2600,0" yaku="8,1,54,1" doraHai="24" who="1" fromWho="0" sc="392,-29,224,29,210,0,174,0" /><INIT seed="7,0,0,0,5,43" ten="363,253,210,174" oya="3" hai0="115,102,35,80,55,127,118,135,99,82,69,11,66" hai1="4,42,18,90,7,26,129,57,10,60,36,93,62" hai2="52,109,78,15,34,111,106,117,101,14,98,45,123" hai3="107,39,100,84,77,58,48,19,83,87,22,92,94"/><W40/><G39/><T13/><D35/><U133/><E133/><V23/><F34/><W79/><G107/><T124/><D118/><U85/><E129/><V116/><F78/><W63/><G100/><T30/><D30/><U29/><E62/><V31/><F116/><W112/><G112/><T44/><D115/><U86/><E86/><V51/><F117/><W65/><G40/><T70/><D135/><U128/><E42/><V113/><F113/><W24/><REACH who="3" step="1"/><G48/><REACH who="3" ten="363,253,210,164" step="2"/><N who="0" m="29063" /><D102/><U41/><E41/><V130/><F130/><W126/><G126/><T20/><D127/><U74/><E36/><V67/><F123/><W119/><G119/><T56/><D124/><U5/><E128/><V50/><F50/><W46/><G46/><T28/><D70/><U21/><E74/><V64/><F111/><W2/><G2/><T27/><D69/><U75/><E75/><V81/><F109/><W108/><G108/><T17/><D99/><U38/><E38/><V1/><F106/><W104/><G104/><T32/><D32/><U59/><E60/><AGARI ba="0,1" hai="11,13,17,20,27,28,56,60,66,80,82" m="29063" machi="60" ten="30,2000,0" yaku="8,1,52,1" doraHai="43" who="0" fromWho="1" sc="363,30,253,-20,210,0,164,0" owari="393,50.0,233,3.0,210,-19.0,164,-34.0" /></mjloggm>