<mjloggm ver="2.3"><GO type="41" lobby="0"/><UN n0="%E3%83%9D%E3%82%A4%E6%8D%A8%E3%81%A6%E7%A6%81%E6%AD%A2" n1="%E6%A0%B9%E5%B2%B8%E5%92%8C%E7%BE%8E" n2="%E3%81%AE%E3%81%B3%E3%81%9F%E3%82%93" n3="%E3%82%A6%E3%83%AB%E3%83%88%E3%83%A9%E7%AB%8B%E7%9B%B4" dan="14,14,14,16" rate="1936.19,1884.89,2006.31,2082.81" sx="M,F,M,M"/><TAIKYOKU oya="0"/><INIT seed="0,0,0,4,0,54" ten="250,250,250,250" oya="0" hai0="52,59,135,2,111,101,133,61,64,117,55,41,36" hai1="102,50,93,6,114,42,89,48,21,31,51,79,77" hai2="109,47,57,56,72,87,5,126,23,122,30,8,15" hai3="58,115,73,118,84,38,37,22,63,68,26,100,12"/><T127/><D117/><U83/><E114/><V105/><F122/><W119/><G73/><T69/><D2/><U3/><E102/><V103/><F72/><W19/><G115/><T97/><D127/><U78/><E6/><V35/><F47/><W121/><G121/><T71/><D111/><U90/><E3/><V40/><F40/><W104/><G38/><T113/><D113/><U116/><E116/><V49/><F35/><W34/><G37/><T124/><D124/><U125/><E42/><V45/><F126/><W96/><G84/><T7/><D7/><U33/><E33/><V107/><F109/><W25/><G25/><T1/><D1/><U134/><E125/><V28/><F105/><W82/><G82/><T112/><D112/><U65/><E65/><V62/><F62/><W120/><G120/><T130/><D130/><U14/><E134/><N who="0" m="51209" /><D41/><U4/><E83/><V132/><F132/><W91/><G91/><N who="1" m="34826" /><E93/><V24/><F30/><W75/><G75/><T106/><D36/><U17/><E4/><V10/><F87/><W29/><REACH who="3" step="1"/><G68/><AGARI ba="0,0" hai="52,55,59,61,64,68,69,71,97,101,106" m="51209" machi="68" ten="30,5800,0" yaku="20,1,52,1,54,1" doraHai="54" who="0" fromWho="3" sc="250,58,250,0,250,0,250,-58" /><INIT seed="0,1,0,5,3,31" ten="308,250,250,192" oya="0" hai0="6,82,69,66,129,77,19,95,103,53,70,132,40" hai1="14,29,73,54,93,13,89,74,109,98,108,84,11" hai2="117,135,41,126,106,110,122,50,37,75,67,133,16" hai3="52,58,25,125,111,48,99,102,92,128,12,21,68"/><T78/><D129/><U0/><E29/><V61/><F75/><N who="1" m="28681" /><E54/><V94/><F106/><W97/><G68/><T124/><D19/><U91/><E0/><V22/><F122/><W71/><G128/><T56/><D66/><U116/><E11/><V62/><F37/><W65/><G125/><T18/><D18/><U123/><E13/><V17/><F126/><W60/><G111/><N who="1" m="42570" /><E14/><V47/><F110/><W119/><G119/><T5/><D53/><U2/><E2/><V131/><F117/><W20/><G12/><T34/><D40/><U27/><E27/><V57/><F131/><W83/><G83/><T35/><D56/><U55/><E55/><V90/><F61/><W51/><G51/><T114/><D124/><U104/><E116/><V88/><F22/><W59/><G71/><T85/><D70/><U9/><E9/><V86/><REACH who="2" step="1"/><F90/><REACH who="2" ten="308,250,240,192" step="2"/><N who="1" m="34313" /><E104/><V8/><F8/><W15/><G20/><T127/><D127/><U10/><E10/><V43/><F43/><W49/><G21/><T112/><D6/><U101/><E123/><V26/><F26/><W120/><G25/><T3/><D5/><U81/><E81/><V46/><F46/><W121/><G15/><T96/><D3/><U63/><E63/><V79/><F79/><W23/><G23/><T45/><D45/><U72/><N who="1" m="28689" /><U38/><DORA hai="42" /><E38/><V107/><F107/><W64/><G121/><T4/><D4/><U105/><E105/><V80/><F80/><W7/><G120/><T36/><D82/><U44/><E44/><V87/><F87/><AGARI ba="1,1" hai="84,87,93,98,101" m="34313,42570,28689" machi="87" ten="50,6400,0" yaku="14,1,34,2" doraHai="31,42" who="1" fromWho="2" sc="308,0,250,77,240,-67,192,0" /><INIT seed="1,0,0,0,1,127" ten="308,327,173,192" oya="1" hai0="67,94,116,85,100,58,59,80,133,18,99,46,112" hai1="102,71,109,48,76,66,33,8,87,1,41,55,104" hai2="47,118,29,50,95,32,113,86,20,121,124,110,82" hai3="114,70,91,5,81,84,13,93,6,51,35,78,63"/><U49/><E33/><V111/><F121/><W62/><G35/><T83/><D133/><U0/><E109/><V19/><F118/><W25/><G25/><T37/><D116/><U131/><E8/><V68/><F68/><W4/><G114/><T44/><D112/><U12/><E12/><V125/><F113/><W75/><G70/><T107/><D107/><U97/><E41/><V26/><F95/><W98/><G13/><T126/><D37/><U96/><E66/><V123/><F123/><W3/><G3/><T56/><D67/><U17/><E71/><V57/><F57/><W101/><REACH who="3" step="1"/><G51/><REACH who="3" ten="308,327,173,182" step="2"/><T134/><D134/><U7/><E49/><V36/><F32/><W122/><G122/><T15/><D126/><N who="2" m="48746" /><F29/><W119/><G119/><T38/><D38/><U115/><E48/><V30/><F30/><W39/><G39/><T135/><D135/><U74/><E0/><V64/><F36/><W28/><G28/><T128/><D15/><U21/><E1/><V108/><F50/><W79/><G79/><T130/><D46/><U103/><E76/><N who="2" m="46407" /><F64/><W27/><G27/><T53/><D44/><AGARI ba="0,1" hai="19,20,26,44,47,108,110,111" m="46407,48746" machi="44" ten="40,2600,0" yaku="14,1,18,1" doraHai="127" who="2" fromWho="0" sc="308,-26,327,0,173,36,182,0" /><INIT seed="2,0,0,2,0,8" ten="282,327,209,182" oya="2" hai0="107,51,0,12,130,16,121,21,13,37,54,32,28" hai1="88,87,85,119,67,109,47,98,125,44,4,128,80" hai2="24,77,82,97,95,40,113,134,11,52,103,50,26" hai3="15,100,114,120,10,1,61,75,31,117,69,102,23"/><V63/><BYE who="3" /><F113/><W79/><G79/><T38/><D107/><UN n3="%E3%82%A6%E3%83%AB%E3%83%88%E3%83%A9%E7%AB%8B%E7%9B%B4" /><U132/><E119/><V42/><F134/><W55/><G55/><T106/><BYE who="3" /><D121/><U70/><E98/><V43/><F63/><W110/><G110/><T39/><D106/><UN n3="%E3%82%A6%E3%83%AB%E3%83%88%E3%83%A9%E7%AB%8B%E7%9B%B4" /><U118/><E4/><V83/><F83/><W27/><G75/><T3/><D130/><U7/><E7/><V60/><F60/><W115/><G117/><T64/><D64/><U25/><E118/><V30/><F30/><W65/><G1/><T116/><D116/><U112/><E80/><V89/><F103/><W33/><G23/><T9/><D32/><U36/><E67/><V76/><F11/><W90/><G90/><T94/><D94/><U74/><E88/><V68/><F68/><W53/><G53/><T105/><D105/><U71/><E74/><V93/><F95/><W86/><G86/><T123/><D123/><U73/><E73/><V48/><F48/><W17/><REACH who="3" step="1"/><G120/><REACH who="3" ten="282,327,209,172" step="2"/><T6/><REACH who="0" step="1"/><D28/><REACH who="0" ten="272,327,209,172" step="2"/><U58/><E128/><V20/><F82/><W45/><G45/><AGARI ba="0,2" hai="0,3,6,9,12,13,16,21,37,38,39,45,51,54" machi="45" ten="40,8000,1" yaku="1,1,2,1,52,2,54,1,53,0" doraHai="8" doraHaiUra="29" who="0" fromWho="3" sc="272,100,327,0,209,0,172,-80" /><INIT seed="3,0,0,3,4,29" ten="372,327,209,92" oya="3" hai0="101,110,6,88,33,123,112,98,94,22,75,67,82" hai1="130,104,80,44,26,24,40,71,28,66,116,127,62" hai2="47,111,108,72,46,9,118,124,10,31,14,50,36" hai3="128,129,25,87,109,11,114,125,19,113,52,95,16"/><W86/><G95/><T43/><D33/><N who="1" m="20615" /><E26/><V18/><F72/><W132/><G25/><T117/><D123/><U77/><E127/><V99/><F118/><W106/><G106/><T3/><D110/><U54/><E54/><V85/><F31/><W73/><G73/><T4/><D67/><U92/><E92/><V56/><F124/><W134/><G125/><T96/><D43/><U55/><E55/><V49/><F9/><W89/><G52/><T61/><D61/><U27/><E27/><V93/><F56/><W103/><G89/><T107/><D117/><U48/><E48/><V133/><F133/><W60/><G60/><T41/><D41/><U131/><E104/><V5/><F85/><W69/><G11/><T68/><D68/><U90/><E90/><V23/><F36/><W78/><G69/><T119/><D119/><U42/><E116/><V122/><F122/><W17/><G103/><T76/><D112/><U12/><E12/><V84/><F84/><N who="3" m="32299" /><G78/><T91/><D3/><U83/><E83/><V45/><F108/><W13/><G13/><T74/><D75/><N who="1" m="43071" /><E44/><V81/><F81/><W100/><G100/><T1/><D1/><U126/><E126/><V8/><F111/><W79/><G79/><T53/><D53/><U115/><E115/><N who="3" m="44042" /><G109/><T39/><D39/><U58/><E71/><V37/><F37/><W59/><G59/><T64/><D64/><U102/><E102/><N who="2" m="60783" /><F10/><W15/><G15/><AGARI ba="0,0" hai="5,8,14,15,18,23,45,46,47,49,50" m="60783" machi="15" ten="30,1000,0" yaku="8,1" doraHai="29" who="2" fromWho="3" sc="372,0,327,0,209,10,92,-10" /><INIT seed="4,0,0,4,4,67" ten="372,327,219,82" oya="0" hai0="19,88,4,82,79,90,58,60,42,132,3,83,95" hai1="119,75,8,44,122,33,24,28,38,1,78,25,2" hai2="91,17,68,62,87,15,123,57,96,107,127,124,111" hai3="94,70,26,125,59,80,10,16,101,18,106,128,77"/><T84/><D132/><U135/><E25/><V14/><F111/><W109/><G109/><T126/><D126/><U63/><E135/><V116/><F123/><W56/><G125/><N who="2" m="48201" /><F116/><W51/><G106/><T45/><D19/><U53/><E122/><V40/><F40/><W5/><G128/><T11/><D83/><N who="1" m="45535" /><E1/><V32/><F32/><W30/><G70/><T108/><D108/><U27/><E27/><V43/><F43/><W98/><G59/><T81/><D81/><U93/><E53/><V65/><F57/><W35/><G51/><T48/><REACH who="0" step="1"/><D95/><REACH who="0" ten="362,327,219,82" step="2"/><U133/><E93/><N who="2" m="54527" /><F17/><W114/><G114/><T66/><AGARI ba="0,1" hai="3,4,11,42,45,48,58,60,66,79,82,84,88,90" machi="66" ten="20,7800,0" yaku="1,1,0,1,7,1,54,1,53,0" doraHai="67" doraHaiUra="117" who="0" fromWho="0" sc="362,88,327,-26,219,-26,82,-26" /><INIT seed="4,1,0,0,3,127" ten="450,301,193,56" oya="0" hai0="19,122,51,110,1,118,109,112,89,72,130,31,115" hai1="102,29,75,88,74,129,101,62,78,47,44,22,133" hai2="38,48,77,2,68,120,49,126,58,114,92,8,13" hai3="98,85,70,76,111,36,117,26,123,119,33,43,23"/><T46/><D19/><U63/><E78/><V14/><F126/><W17/><G111/><N who="0" m="42507" /><D31/><U82/><E82/><V20/><F68/><W132/><G70/><T53/><D1/><U10/><E10/><V55/><F38/><W11/><G132/><T83/><D118/><U79/><E79/><V30/><F120/><W93/><G123/><T121/><D72/><U4/><E22/><V18/><F114/><N who="0" m="43562" /><D89/><U28/><E4/><V21/><F77/><W6/><G33/><T81/><D83/><U64/><E88/><V99/><F2/><W105/><G119/><T5/><D5/><U91/><E91/><N who="2" m="55711" /><F30/><W42/><G117/><T7/><D81/><U65/><REACH who="1" step="1"/><E133/><REACH who="1" ten="450,291,193,56" step="2"/><V12/><F8/><W100/><G11/><T134/><D7/><U61/><E61/><N who="2" m="36063" /><F20/><W135/><G23/><T50/><D134/><U95/><E95/><V73/><F73/><W67/><G93/><T24/><D122/><U96/><E96/><V15/><AGARI ba="1,1" hai="12,13,14,15,18,21,48,49" m="36063,55711" machi="15" ten="30,1100,0" yaku="8,1" doraHai="127" who="2" fromWho="2" sc="450,-6,291,-4,193,24,56,-4" /><INIT seed="5,0,0,0,5,50" ten="444,287,217,52" oya="1" hai0="116,111,24,49,16,36,28,92,85,68,83,108,101" hai1="65,15,46,114,67,1,11,134,41,75,103,132,98" hai2="125,72,3,58,12,77,56,97,106,90,118,119,37" hai3="66,135,89,102,6,105,121,31,43,107,59,45,29"/><U131/><E75/><V42/><F3/><W130/><G121/><T112/><D68/><U2/><E114/><V78/><F125/><W95/><G130/><T54/><D36/><U81/><E81/><V110/><F110/><W17/><G135/><N who="1" m="51754" /><E131/><V79/><F72/><W9/><G107/><T104/><D104/><N who="1" m="63607" /><E15/><V94/><F12/><W126/><G126/><T74/><D116/><U8/><E11/><V48/><F37/><W5/><G102/><T39/><D39/><N who="1" m="21823" /><E2/><V63/><F106/><W61/><G105/><T52/><D112/><U35/><E35/><V86/><F118/><W73/><G73/><T69/><D111/><U64/><E8/><V7/><F119/><W14/><G5/><T133/><D108/><U124/><E1/><V33/><F33/><W91/><G6/><T47/><D133/><U57/><E124/><V19/><F7/><W99/><G91/><T34/><D74/><U25/><E25/><V62/><F86/><W93/><G93/><T44/><D85/><U53/><E67/><V127/><F127/><W128/><G128/><T30/><D83/><U117/><E117/><V55/><F19/><W122/><G122/><T70/><D16/><U129/><E129/><V87/><F87/><W80/><G80/><T123/><D24/><U115/><E115/><V96/><F96/><W88/><REACH who="3" step="1"/><G89/><REACH who="3" ten="444,287,217,42" step="2"/><T26/><D101/><U113/><E113/><V0/><F0/><W40/><G40/><T23/><D123/><U32/><E32/><V82/><F42/><W84/><G84/><T4/><D4/><U100/><E100/><V27/><F82/><RYUUKYOKU ba="0,1" sc="444,-15,287,15,217,-15,42,15" hai1="53,57,64,65" hai3="9,14,17,29,31,43,45,59,61,66,88,95,99" /><INIT seed="5,1,1,2,0,86" ten="429,302,202,57" oya="1" hai0="83,88,68,92,132,0,105,37,119,134,103,12,60" hai1="9,122,82,14,61,8,46,107,6,115,135,108,99" hai2="48,95,4,7,80,1,44,131,109,78,96,100,26" hai3="17,94,63,121,123,116,114,24,62,23,39,31,111"/><U117/><E122/><V16/><F109/><W32/><G111/><T15/><D119/><U19/><E108/><V52/><F1/><W91/><G39/><T128/><D37/><U98/><E117/><V90/><F131/><W35/><G116/><T74/><D128/><U126/><E107/><V38/><F38/><W42/><G42/><T65/><D0/><U87/><E135/><N who="0" m="51753" /><D103/><U129/><E126/><V29/><F100/><W69/><G114/><T53/><D105/><U33/><E115/><V101/><F101/><W49/><G35/><T81/><D53/><U54/><E33/><V50/><F50/><W113/><G113/><T127/><D127/><U64/><E129/><V47/><F47/><W93/><G93/><T58/><D68/><U133/><E64/><V110/><F110/><W36/><G36/><T51/><D51/><N who="1" m="29047" /><E61/><V25/><F25/><W72/><G49/><T75/><D83/><U112/><E112/><V79/><F80/><W66/><G63/><T125/><D81/><U34/><E34/><V40/><F40/><W13/><REACH who="3" step="1"/><G72/><REACH who="3" ten="429,302,202,47" step="2"/><N who="0" m="27691" /><D125/><U43/><E43/><V73/><F73/><W10/><G10/><T27/><D27/><U41/><E41/><V70/><F48/><W71/><G71/><T67/><D67/><U84/><E133/><V85/><F70/><W56/><G56/><T20/><D20/><U5/><E8/><V21/><F44/><W106/><G106/><T55/><D65/><U3/><E9/><V76/><F21/><W77/><G77/><T18/><D18/><U118/><E19/><V102/><F16/><W57/><G57/><RYUUKYOKU ba="1,2" sc="429,15,302,-15,202,-15,47,15" hai0="12,15,55,58,60,88,92" hai3="13,17,23,24,31,32,62,66,69,91,94,121,123" /><INIT seed="6,2,2,2,2,55" ten="444,287,187,62" oya="2" hai0="0,42,135,107,58,91,18,118,126,54,101,13,23" hai1="52,97,48,131,75,22,19,60,14,65,94,62,128" hai2="78,108,4,37,130,20,8,119,63,56,114,3,57" hai3="16,122,9,32,51,72,92,74,25,124,47,120,30"/><V2/><F119/><W112/><G124/><T49/><D126/><U68/><E62/><V29/><F37/><W86/><G112/><T96/><D118/><U80/><E80/><V7/><F114/><W129/><G129/><N who="1" m="49738" /><E75/><V125/><F125/><W84/><G74/><T77/><D77/><U93/><E97/><V106/><F106/><W53/><G72/><T105/><D135/><U123/><E123/><V6/><F130/><W11/><G86/><T41/><D0/><U38/><E38/><V26/><F108/><W89/><REACH who="3" step="1"/><G16/><REACH who="3" ten="444,287,187,52" step="2"/><T69/><D18/><U50/><E50/><V39/><F39/><W98/><G98/><T134/><D96/><U17/><E17/><V59/><F63/><W28/><G28/><T90/><D134/><U45/><AGARI ba="2,3" hai="14,19,22,45,48,52,60,65,68,93,94" m="49738" machi="45" ten="30,2000,0" yaku="19,1,54,1" doraHai="55" who="1" fromWho="1" sc="444,-7,287,56,187,-12,52,-7" /><INIT seed="7,0,0,3,2,65" ten="437,343,175,45" oya="3" hai0="76,87,82,39,4,26,14,17,70,101,103,35,81" hai1="18,126,89,8,109,130,128,123,28,94,10,116,6" hai2="42,117,45,3,74,19,90,2,135,86,60,71,129" hai3="133,93,44,62,63,121,79,50,1,69,30,97,78"/><W67/><G1/><T98/><D70/><U91/><E94/><V107/><F107/><W55/><G121/><T108/><D108/><U34/><E91/><V23/><F117/><W64/><G30/><T61/><D39/><U104/><E89/><V75/><F75/><W57/><REACH who="3" step="1"/><G133/><REACH who="3" ten="437,343,175,35" step="2"/><T12/><D76/><U118/><E28/><V33/><F135/><W15/><G15/><T95/><D14/><U127/><E104/><V56/><F3/><W52/><G52/><T102/><D12/><N who="1" m="7431" /><E123/><V16/><F2/><W9/><G9/><T37/><D4/><U100/><E100/><AGARI ba="0,1" hai="44,50,55,57,62,63,64,67,69,78,79,93,97,100" machi="100" ten="30,5800,0" yaku="1,1,7,1,52,1,53,0" doraHai="65" doraHaiUra="68" who="3" fromWho="1" sc="437,0,343,-58,175,0,35,68" /><INIT seed="7,1,0,0,2,46" ten="437,285,175,103" oya="3" hai0="59,38,5,48,55,89,114,22,57,32,26,64,107" hai1="75,7,49,12,82,121,98,125,78,28,122,113,30" hai2="81,76,96,15,91,115,85,14,6,40,41,20,45" hai3="90,135,68,127,24,50,80,95,60,97,1,0,56"/><W71/><G127/><T13/><D38/><U79/><E125/><V134/><F115/><W9/><G135/><T110/><D114/><U73/><E113/><V129/><F134/><W119/><G119/><T130/><D32/><U39/><E49/><N who="2" m="26791" /><F129/><W31/><G68/><T126/><D130/><U16/><E39/><V100/><F41/><W120/><G120/><T37/><D107/><U86/><E7/><V35/><F35/><W123/><G123/><T36/><D126/><U23/><E98/><V67/><F67/><W101/><G9/><T58/><D64/><U29/><E86/><V19/><F100/><W33/><G71/><T63/><D37/><U44/><E44/><V42/><F42/><W52/><G60/><T61/><D36/><U4/><E4/><V8/><F96/><W103/><REACH who="3" step="1"/><G80/><AGARI ba="1,0" hai="12,16,23,28,29,30,73,75,78,79,80,82,121,122" machi="80" ten="40,2600,0" yaku="9,1,54,1" doraHai="46" who="1" fromWho="3" sc="437,0,285,29,175,0,103,-29" owari="437,54.0,314,11.0,175,-22.0,74,-43.0" /></mjloggm>