<mjloggm ver="2.3"><GO type="97" lobby="0"/><UN n0="%E3%82%A6%E3%83%AB%E3%83%88%E3%83%A9%E7%AB%8B%E7%9B%B4" n1="%E3%82%B8%E3%83%A5%E3%83%96" n2="%E3%83%90%E3%83%88%E3%83%AB%E3%83%92%E3%83%BC%E3%83%AD%E3%83%BC" n3="%E3%82%BF%E3%82%A4%E3%82%AD%E3%82%B7%E3%83%A3%E3%83%88%E3%83%AB" dan="15,13,15,14" rate="2027.36,1848.39,2032.66,1989.15" sx="M,M,M,M"/><TAIKYOKU oya="0"/><INIT seed="0,0,0,5,2,40" ten="250,250,250,250" oya="0" hai0="1,103,114,70,36,74,65,33,81,54,121,98,30" hai1="108,96,94,12,57,119,84,7,58,115,14,88,9" hai2="118,101,78,66,39,93,105,15,5,10,49,61,59" hai3="35,131,51,85,82,117,99,122,109,89,37,120,63"/><T110/><D121/><N who="3" m="46697" /><G37/><T31/><D114/><U104/><E108/><V47/><F39/><W21/><G35/><T50/><D36/><U11/><E119/><V2/><F2/><W92/><G109/><T34/><D1/><U13/><E115/><V97/><F118/><W8/><G117/><T38/><D38/><U26/><E26/><V106/><REACH who="2" step="1"/><F78/><REACH who="2" ten="250,250,240,250" step="2"/><W135/><G131/><T28/><D110/><U48/><E12/><V79/><F79/><W111/><G111/><T123/><D123/><U132/><E132/><V56/><F56/><W67/><G135/><T16/><D70/><U22/><E57/><V20/><F20/><W42/><G21/><T124/><D34/><U45/><E22/><V19/><F19/><W23/><G23/><T52/><D33/><U60/><E58/><V95/><F95/><W53/><G8/><T0/><D16/><U90/><E104/><V25/><F25/><W68/><G82/><T127/><D0/><U46/><E9/><V91/><F91/><W41/><G85/><T62/><D81/><U6/><E13/><V100/><F100/><W43/><G89/><T18/><D18/><U44/><E6/><V64/><F64/><W17/><G17/><T69/><D74/><U86/><E90/><V130/><F130/><W133/><G133/><T3/><D3/><U129/><E129/><V71/><F71/><W76/><G76/><T24/><D24/><U87/><E60/><V32/><F32/><W107/><G107/><N who="0" m="63991" /><D50/><AGARI ba="0,1" hai="7,11,14,44,45,46,48,50,84,86,87,88,94,96" machi="50" ten="40,8000,1" yaku="8,1,52,3,54,1" doraHai="40" who="1" fromWho="0" sc="250,-80,250,90,240,0,250,0" /><INIT seed="1,0,0,3,0,106" ten="170,340,240,250" oya="1" hai0="77,73,134,62,101,37,35,38,89,8,115,118,19" hai1="53,54,127,130,27,20,41,5,21,102,44,22,66" hai2="92,135,86,95,133,2,110,80,99,82,83,18,120" hai3="116,12,28,81,52,10,30,49,67,109,45,39,93"/><U72/><E72/><V94/><F2/><W46/><G109/><T7/><D118/><U100/><E130/><V36/><F18/><W114/><G114/><T76/><D115/><U13/><E127/><V103/><F36/><W51/><G116/><T84/><D35/><U71/><E71/><V57/><F57/><W50/><G39/><T56/><D38/><U129/><E129/><V26/><F26/><W113/><G113/><T132/><D37/><U29/><E66/><V128/><F120/><W91/><G67/><T65/><D101/><N who="1" m="39019" /><E41/><V88/><F128/><W43/><G51/><T11/><D73/><U78/><E78/><V61/><F61/><W74/><G74/><T17/><D77/><U98/><E98/><V3/><F3/><W14/><G14/><T47/><D76/><U63/><E63/><V23/><F23/><N who="1" m="8777" /><E44/><V126/><F126/><W68/><G68/><T24/><D47/><U87/><E87/><V1/><F1/><W64/><G64/><T90/><D24/><U124/><E124/><V58/><F58/><W16/><G81/><N who="2" m="31337" /><F110/><W48/><G48/><T75/><D56/><U31/><E31/><V6/><F6/><W69/><G69/><T122/><D62/><U97/><E97/><AGARI ba="0,0" hai="10,12,16,28,30,43,45,46,49,50,52,91,93,97" machi="97" ten="30,7700,0" yaku="7,1,8,1,54,2" doraHai="106" who="3" fromWho="1" sc="170,0,340,-77,240,0,250,77" /><INIT seed="2,0,0,5,5,28" ten="170,263,240,327" oya="2" hai0="121,38,103,27,44,129,59,4,131,130,22,77,102" hai1="82,71,51,111,56,60,40,17,47,25,26,9,75" hai2="68,123,19,101,7,61,86,41,42,3,20,37,72" hai3="46,83,70,132,112,49,92,84,107,127,11,32,109"/><V13/><F72/><W43/><G107/><T62/><D121/><U90/><E111/><V8/><F123/><W12/><G70/><T69/><D69/><U81/><E71/><V118/><F118/><W33/><G109/><T91/><D77/><U57/><E75/><V14/><F37/><W66/><G66/><T30/><D4/><U125/><E125/><V135/><F135/><W16/><G127/><T99/><D38/><U58/><E60/><V15/><F101/><W89/><G132/><T74/><D74/><U6/><E17/><V65/><REACH who="2" step="1"/><F86/><REACH who="2" ten="170,263,230,327" step="2"/><W34/><REACH who="3" step="1"/><G83/><REACH who="3" ten="170,263,230,317" step="2"/><T113/><D130/><U67/><E81/><V63/><F63/><W50/><G50/><T126/><D131/><U53/><E82/><V116/><F116/><W79/><G79/><T64/><D129/><U0/><E51/><V21/><F21/><W100/><G100/><T114/><D126/><U108/><E108/><V104/><F104/><W97/><G97/><T98/><D91/><U87/><E90/><V55/><F55/><W5/><G5/><T2/><D99/><U36/><E53/><V134/><F134/><W117/><G117/><T119/><D103/><U73/><E36/><V78/><F78/><W1/><G1/><T23/><D2/><U39/><E0/><V54/><F54/><W133/><G133/><T85/><D119/><U96/><E39/><V52/><F52/><W110/><G110/><T106/><D85/><U18/><E87/><V120/><F120/><W24/><G24/><AGARI ba="0,2" hai="3,7,8,13,14,15,19,20,24,41,42,61,65,68" machi="24" ten="40,2000,0" yaku="1,1,53,0" doraHai="28" doraHaiUra="122" who="2" fromWho="3" sc="170,0,263,0,230,40,317,-20" /><INIT seed="2,1,0,5,1,89" ten="170,263,270,297" oya="2" hai0="119,4,111,103,96,126,132,41,97,45,50,62,80" hai1="104,94,37,133,71,100,101,128,54,31,98,75,99" hai2="15,134,125,95,56,88,51,68,40,14,57,127,129" hai3="116,121,131,6,18,82,118,7,60,46,5,43,9"/><V117/><F117/><W65/><G121/><T33/><D33/><U87/><E133/><V28/><F68/><W47/><G131/><T0/><D132/><U85/><E128/><V107/><F107/><W69/><G82/><T49/><D119/><U3/><E3/><V2/><F2/><W72/><G72/><T64/><D126/><N who="2" m="48138" /><F134/><W90/><G90/><T26/><D111/><U83/><E71/><V61/><F129/><W109/><G109/><T102/><D80/><U53/><E37/><V79/><F79/><W91/><G91/><T122/><D122/><U130/><E130/><V120/><F120/><W16/><G46/><T44/><D26/><U39/><E39/><V20/><F40/><W113/><G113/><T67/><D0/><U52/><REACH who="1" step="1"/><E31/><REACH who="1" ten="170,253,270,297" step="2"/><V70/><F70/><W11/><G118/><T48/><D41/><U55/><N who="1" m="13824" /><DORA hai="42" /><U27/><E27/><N who="2" m="16487" /><F51/><W76/><G116/><T25/><D25/><U17/><E17/><V135/><F135/><W63/><G18/><T13/><D13/><N who="2" m="4618" /><F61/><W36/><G63/><T29/><D29/><U86/><E86/><AGARI ba="1,1" hai="56,57,86,88,95" m="4618,16487,48138" machi="86" ten="30,5800,0" yaku="18,1,52,1,54,1" doraHai="89,42" who="2" fromWho="1" sc="170,0,253,-61,270,71,297,0" /><INIT seed="2,2,0,1,5,101" ten="170,192,341,297" oya="2" hai0="36,77,134,58,103,106,69,15,126,110,43,135,98" hai1="33,39,61,125,65,68,10,111,80,48,41,78,107" hai2="52,21,118,47,85,62,7,75,92,79,90,53,54" hai3="122,93,91,49,131,99,82,17,96,19,109,114,38"/><V66/><F118/><W67/><G122/><T57/><D69/><U14/><E33/><V45/><F7/><W13/><G38/><T108/><D77/><U2/><E2/><V40/><F75/><W102/><G109/><N who="0" m="42091" /><D43/><U70/><E111/><V26/><F79/><W117/><G117/><T130/><D36/><U72/><E125/><V115/><F115/><W32/><G32/><T25/><D126/><U29/><E39/><V56/><REACH who="2" step="1"/><F40/><REACH who="2" ten="170,192,331,297" step="2"/><W59/><G114/><T104/><D134/><U60/><E41/><V123/><F123/><W46/><G131/><T50/><D130/><U71/><E72/><V3/><F3/><W64/><G67/><T22/><D135/><U12/><E78/><V18/><AGARI ba="2,1" hai="18,21,26,45,47,52,53,54,56,62,66,85,90,92" machi="18" ten="30,11700,0" yaku="1,1,0,1,8,1,54,1,53,0" doraHai="101" doraHaiUra="28" who="2" fromWho="2" sc="170,-41,192,-41,331,133,297,-41" /><INIT seed="2,3,0,3,2,42" ten="129,151,464,256" oya="2" hai0="74,77,55,128,94,59,92,17,45,72,125,133,135" hai1="95,63,80,69,115,29,16,82,34,119,41,71,132" hai2="32,112,124,108,51,109,5,88,83,98,8,60,1" hai3="86,107,121,18,84,116,64,70,23,24,65,30,4"/><V14/><F32/><W58/><G116/><T78/><D17/><U20/><E119/><V76/><F112/><W49/><G121/><T127/><D59/><U89/><E115/><V79/><F124/><N who="0" m="47690" /><D55/><U67/><E132/><V130/><F60/><W3/><G107/><T38/><D38/><U54/><E54/><V100/><F51/><W50/><G70/><T111/><D45/><U122/><E122/><V2/><F130/><W21/><G3/><T126/><N who="0" m="47698" /><T0/><DORA hai="46" /><D0/><U114/><E114/><V66/><F66/><N who="3" m="25707" /><G4/><T120/><D120/><U7/><E7/><V103/><F1/><W43/><G43/><T97/><D128/><U11/><E41/><V56/><F56/><W39/><G39/><T105/><D105/><U90/><E34/><V6/><F6/><W44/><G44/><T62/><D62/><U22/><E63/><V102/><F2/><W26/><G58/><T134/><D111/><N who="2" m="42570" /><F98/><W15/><G26/><T68/><D68/><U10/><E69/><V106/><F106/><W91/><G86/><AGARI ba="3,0" hai="5,8,14,76,79,83,86,88,100,102,103" m="42570" machi="86" ten="30,5800,0" yaku="14,1,10,1,54,1" doraHai="42,46" who="2" fromWho="3" sc="129,0,151,0,464,67,256,-67" /><INIT seed="2,4,0,5,0,94" ten="129,151,531,189" oya="2" hai0="15,64,11,1,35,87,2,23,40,55,93,57,90" hai1="109,104,63,7,124,118,101,16,6,110,43,60,126" hai2="9,41,107,28,17,68,95,114,131,4,31,97,10" hai3="47,103,54,13,125,88,78,44,20,122,100,45,84"/><V37/><F68/><W99/><G122/><T65/><D35/><U96/><E118/><V52/><F114/><W59/><G125/><N who="1" m="48234" /><E43/><V32/><F107/><W42/><G78/><T8/><D2/><U106/><E106/><V81/><F131/><W36/><G36/><T0/><D0/><U75/><E75/><V51/><F37/><W27/><G13/><T89/><D40/><U76/><E76/><V5/><F41/><W3/><G3/><T72/><D72/><U67/><E16/><V105/><F105/><W113/><G42/><T58/><D1/><U123/><E123/><V117/><F81/><N who="3" m="49167" /><G113/><T50/><D8/><N who="2" m="3178" /><F17/><N who="3" m="12687" /><G99/><T12/><D12/><U133/><E133/><V56/><F32/><W111/><G111/><N who="1" m="42506" /><E63/><AGARI ba="4,0" hai="44,45,47,54,59,63,100,103" m="12687,49167" machi="63" ten="30,2000,0" yaku="8,1,54,1" doraHai="94" who="3" fromWho="1" sc="129,0,151,-32,531,0,189,32" /><INIT seed="3,0,0,4,3,44" ten="129,119,531,221" oya="3" hai0="67,131,111,23,109,18,81,52,99,125,37,76,42" hai1="48,46,40,39,17,78,89,71,82,12,7,93,122" hai2="74,91,135,36,105,65,60,133,16,1,94,87,13" hai3="57,84,61,54,68,26,62,106,25,80,31,132,24"/><W130/><G106/><T63/><D42/><U85/><E122/><V97/><F36/><W4/><G4/><T5/><D5/><U27/><E71/><V110/><F1/><W108/><G130/><T124/><D37/><U83/><E39/><V101/><F110/><N who="0" m="41994" /><D99/><U14/><E7/><V9/><REACH who="2" step="1"/><F74/><REACH who="2" ten="129,119,521,221" step="2"/><W47/><G108/><T104/><D131/><U120/><E120/><V8/><F8/><W45/><G132/><T86/><D104/><U114/><E114/><V33/><F33/><W15/><G15/><N who="1" m="5674" /><E78/><V113/><F113/><W35/><G35/><T59/><D124/><U90/><E90/><V10/><F10/><W32/><G32/><T75/><D125/><U98/><E98/><V79/><F79/><W127/><G127/><T55/><D75/><U53/><E40/><V116/><F116/><W117/><G31/><T51/><D23/><AGARI ba="0,1" hai="17,23,27,46,48,53,82,83,85,89,93" m="5674" machi="23" ten="30,2000,0" yaku="8,1,52,1" doraHai="44" who="1" fromWho="0" sc="129,-20,119,30,521,0,221,0" owari="109,-39.0,149,-25.0,521,62.0,221,2.0" /></mjloggm>