<mjloggm ver="2.3"><GO type="97" lobby="0"/><UN n0="%4E%4B" n1="%62%65%6C%6F%76%65%64" n2="%E3%82%A6%E3%83%AB%E3%83%88%E3%83%A9%E7%AB%8B%E7%9B%B4" n3="%73%6B%69%70%62%65%61%74" dan="13,14,16,15" rate="1850.13,1895.97,2005.27,1967.68" sx="M,F,M,F"/><TAIKYOKU oya="0"/><INIT seed="0,0,0,2,4,117" ten="250,250,250,250" oya="0" hai0="57,23,22,119,33,60,44,63,82,133,41,91,128" hai1="1,102,115,0,103,34,54,104,37,105,61,47,89" hai2="85,12,70,112,97,42,79,67,56,40,124,93,3" hai3="36,123,30,122,80,76,84,55,62,27,52,2,108"/><T75/><D119/><U20/><E34/><V110/><F3/><W88/><G108/><T13/><D33/><U109/><E109/><V15/><F70/><W69/><G2/><T94/><D133/><U7/><E115/><V92/><F112/><W45/><G36/><T126/><D126/><U101/><E37/><V77/><F124/><W17/><G17/><T96/><D128/><U31/><E7/><V24/><F24/><W59/><G69/><T98/><D63/><U5/><E5/><V21/><F110/><W121/><G45/><T125/><D125/><U8/><E8/><V19/><F15/><W25/><G55/><T120/><D120/><U11/><E11/><V81/><F77/><W18/><G18/><T6/><D75/><U111/><E111/><V113/><F113/><W9/><G9/><T66/><D82/><U90/><E31/><V86/><F86/><N who="3" m="48391" /><G30/><T53/><D98/><U65/><E20/><V73/><F73/><W39/><G39/><T106/><D106/><U49/><E0/><V58/><F93/><AGARI ba="0,0" hai="25,27,52,59,62,84,88,93,121,122,123" m="48391" machi="93" ten="30,12000,2" yaku="13,1,52,3,54,2" doraHai="117" who="3" fromWho="2" sc="250,0,250,0,250,-120,250,120" /><INIT seed="1,0,0,1,2,94" ten="250,250,130,370" oya="1" hai0="91,38,5,67,105,1,64,80,62,124,99,74,100" hai1="2,33,135,83,73,27,63,54,58,79,120,44,85" hai2="43,24,108,93,126,7,25,68,119,78,22,114,59" hai3="123,102,103,117,46,6,37,42,89,14,133,12,60"/><U101/><E2/><V92/><F68/><W77/><G123/><T45/><D124/><U61/><E120/><V3/><F119/><W49/><G117/><T53/><D91/><U84/><E135/><V70/><F70/><W32/><G32/><T132/><D132/><U0/><E0/><V86/><F114/><W31/><G31/><T112/><D112/><U113/><E113/><V28/><F126/><W134/><G77/><N who="0" m="44087" /><D53/><U104/><E61/><V76/><F108/><W50/><G89/><T88/><D62/><U69/><E69/><V118/><F118/><W29/><G29/><T21/><D88/><U13/><E33/><V47/><F7/><W26/><G26/><T40/><D21/><U98/><E27/><V51/><F3/><W82/><G60/><T115/><D115/><U16/><REACH who="1" step="1"/><E44/><REACH who="1" ten="250,240,130,370" step="2"/><V96/><F25/><W75/><G134/><T8/><AGARI ba="0,1" hai="1,5,8,38,40,45,64,67,99,100,105" m="44087" machi="8" ten="30,2000,0" yaku="25,1,52,1" doraHai="94" who="0" fromWho="0" sc="250,30,240,-10,130,-5,370,-5" /><INIT seed="2,0,0,3,1,47" ten="280,230,125,365" oya="2" hai0="16,90,91,2,82,17,38,118,110,23,105,101,83" hai1="58,69,27,74,41,88,49,70,125,61,99,18,26" hai2="28,40,68,51,112,15,0,85,115,128,130,126,111" hai3="86,79,46,43,117,135,13,42,84,92,134,35,36"/><V87/><F0/><W127/><G35/><T96/><D118/><U65/><E74/><V94/><F68/><W54/><G117/><T129/><D38/><U119/><E119/><V9/><F28/><W52/><G127/><T113/><D2/><U67/><E125/><V75/><F75/><W103/><G42/><T21/><D113/><U12/><E67/><V106/><F106/><W5/><G86/><N who="2" m="32777" /><F94/><W77/><G79/><T6/><D6/><U30/><E70/><V24/><F24/><W132/><G103/><T108/><D129/><N who="2" m="49770" /><F126/><W72/><G72/><T71/><D71/><U29/><E69/><V60/><F60/><W93/><G92/><T133/><D133/><U10/><E30/><V48/><F111/><N who="0" m="42538" /><D83/><U53/><E29/><V4/><F40/><W59/><G93/><T102/><D82/><U73/><E73/><V45/><F45/><W76/><G84/><T19/><D102/><U7/><E41/><V78/><F78/><W109/><G77/><T104/><D104/><U44/><E99/><V62/><F62/><N who="3" m="36199" /><G76/><T37/><D37/><U131/><E131/><V98/><F98/><W39/><G109/><T57/><D57/><U34/><E34/><V89/><F89/><AGARI ba="0,0" hai="16,17,19,21,23,89,90,91,96,101,105" m="42538" machi="89" ten="30,2000,0" yaku="14,1,54,1" doraHai="47" who="0" fromWho="2" sc="280,20,230,0,125,-20,365,0" /><INIT seed="3,0,0,0,0,0" ten="300,230,105,365" oya="3" hai0="118,58,29,125,95,13,18,59,104,47,101,52,109" hai1="82,102,21,76,123,99,40,70,121,115,80,35,111" hai2="73,56,132,106,31,67,65,85,42,105,71,133,63" hai3="94,19,78,41,6,51,39,3,38,37,25,9,77"/><W60/><G60/><T46/><D118/><U64/><E35/><V135/><F73/><W44/><G94/><T12/><D104/><U55/><E40/><V50/><F31/><W61/><G61/><T81/><D125/><U34/><E34/><V117/><F85/><W91/><G91/><T8/><D109/><U4/><E64/><V2/><F2/><W1/><G3/><T122/><D122/><U96/><E70/><V98/><F98/><W43/><G41/><T75/><D29/><U84/><E115/><V127/><F106/><W100/><G100/><T131/><D131/><U114/><E114/><V112/><F105/><W79/><G25/><T120/><D120/><U24/><E111/><V7/><F112/><W16/><AGARI ba="0,0" hai="1,6,9,16,19,37,38,39,43,44,51,77,78,79" machi="16" ten="40,7800,0" yaku="0,1,52,1,54,1" doraHai="0" who="3" fromWho="3" sc="300,-26,230,-26,105,-26,365,78" owari="274,7.0,204,-20.0,79,-42.0,443,55.0" /></mjloggm>