<mjloggm ver="2.3"><GO type="225" lobby="0"/><UN n0="%E3%83%9E%E3%83%88%E3%83%AA%E3%83%83%E3%82%AF%E3%82%B9" n1="%E3%80%90%E7%BD%AA%E6%AD%8C%E3%80%91" n2="%E3%83%AD%E3%83%AA%E3%83%BC%E3%82%BF%E3%81%AA%E7%84%BC%E8%82%89" n3="%E3%82%A6%E3%83%AB%E3%83%88%E3%83%A9%E7%AB%8B%E7%9B%B4" dan="16,17,17,16" rate="2071.19,2192.56,2222.99,2035.44" sx="M,F,F,M"/><TAIKYOKU oya="0"/><INIT seed="0,0,0,5,2,7" ten="250,250,250,250" oya="0" hai0="57,41,66,123,63,29,62,39,43,53,113,81,18" hai1="69,48,14,90,128,0,60,26,107,32,16,98,73" hai2="36,110,44,78,101,49,9,122,116,35,85,80,47" hai3="74,5,54,27,91,40,71,120,11,59,111,115,52"/><T124/><D123/><U17/><E73/><V51/><F35/><W84/><G74/><T100/><D113/><U31/><E0/><V34/><F34/><W55/><G71/><T24/><D124/><U50/><E128/><V86/><F122/><W95/><G120/><T127/><D127/><U64/><E90/><V112/><F112/><W45/><G111/><T79/><D18/><U65/><E65/><V21/><F21/><W131/><G27/><T130/><D39/><U58/><E58/><V106/><F36/><W109/><G109/><T10/><D130/><U30/><E31/><V132/><F110/><W121/><G131/><T20/><D10/><N who="1" m="6231" /><E17/><V25/><F9/><W89/><G89/><T75/><REACH who="0" step="1"/><D100/><AGARI ba="0,0" hai="26,30,32,48,50,60,64,69,98,100,107" m="6231" machi="100" ten="30,3900,0" yaku="25,1,52,1,54,1" doraHai="7" who="1" fromWho="0" sc="250,-39,250,39,250,0,250,0" /><INIT seed="1,0,0,0,3,62" ten="211,289,250,250" oya="1" hai0="31,36,1,125,17,64,45,118,130,49,95,69,73" hai1="59,18,78,3,81,32,96,123,19,35,86,11,72" hai2="98,4,76,7,29,106,28,126,100,20,112,109,135" hai3="114,67,108,8,13,71,12,48,122,57,43,9,41"/><U5/><E123/><V132/><F109/><W80/><G122/><T93/><D73/><U68/><E68/><V129/><F126/><W27/><G71/><T16/><D118/><U56/><E96/><V124/><F124/><W127/><G127/><T65/><D125/><U99/><E99/><V88/><F76/><W6/><G108/><T131/><D69/><U97/><E97/><V53/><F129/><N who="0" m="49162" /><D36/><U102/><E102/><V74/><F74/><W110/><G110/><T22/><D1/><U117/><E117/><V23/><F112/><W51/><G114/><T2/><D2/><U14/><E19/><N who="0" m="7241" /><D95/><U119/><E119/><V115/><F115/><W15/><G27/><N who="0" m="16887" /><D93/><U30/><E72/><V26/><F100/><W54/><G80/><T21/><D21/><N who="1" m="11479" /><E35/><V133/><F106/><W38/><G38/><T52/><AGARI ba="0,0" hai="45,49,52,64,65" m="16887,7241,49162" machi="52" ten="30,8000,1" yaku="19,1,52,2,54,2" doraHai="62" who="0" fromWho="0" sc="211,80,289,-40,250,-20,250,-20" /><INIT seed="2,0,0,1,5,53" ten="291,249,230,230" oya="2" hai0="116,21,111,51,84,118,96,89,95,31,41,134,62" hai1="68,99,48,79,4,3,19,6,131,37,8,54,47" hai2="76,26,101,126,61,12,66,98,16,65,18,64,88" hai3="87,70,92,13,108,119,97,1,130,72,135,20,78"/><V22/><F76/><W71/><G20/><T94/><D134/><U58/><E68/><V122/><F122/><W128/><G13/><T75/><D75/><U27/><E131/><V110/><F110/><W60/><G60/><T105/><D105/><U106/><E79/><V52/><F126/><W24/><G24/><N who="0" m="16783" /><D111/><U45/><E37/><V34/><F34/><W129/><G1/><T90/><D62/><U124/><E124/><V63/><F52/><W77/><G70/><T55/><D41/><U17/><E4/><V109/><F109/><W133/><G71/><T91/><D118/><U81/><E81/><V59/><F63/><W2/><G2/><T121/><D121/><U123/><E123/><V73/><F73/><W38/><G38/><T14/><D14/><U40/><E27/><V117/><F117/><W125/><G108/><T115/><D115/><U56/><E19/><V15/><F101/><N who="3" m="60583" /><G119/><T35/><D35/><U80/><E17/><V85/><F98/><W49/><G49/><T28/><D28/><U100/><E80/><N who="2" m="49191" /><F12/><W25/><G125/><T120/><D120/><U32/><E32/><V104/><F104/><W102/><G102/><N who="0" m="60695" /><D116/><U113/><E113/><V57/><F61/><W36/><G36/><T44/><AGARI ba="0,0" hai="44,51,55,84,89,90,91,95" m="60695,16783" machi="44" ten="30,1100,0" yaku="8,1" doraHai="53" who="0" fromWho="0" sc="291,11,249,-3,230,-5,230,-3" /><INIT seed="3,0,0,4,0,79" ten="302,246,225,227" oya="3" hai0="65,52,90,25,75,45,23,66,86,61,19,70,124" hai1="3,10,105,129,83,110,101,26,62,81,80,64,91" hai2="132,38,42,29,68,6,121,88,43,22,112,89,118" hai3="60,76,122,2,69,55,20,56,27,82,1,125,119"/><W126/><G69/><T35/><D75/><U71/><E129/><V40/><F38/><W53/><G122/><T11/><D124/><N who="3" m="47721" /><G55/><T128/><D128/><U9/><E110/><V5/><F68/><W46/><G46/><T84/><D35/><U0/><E91/><N who="2" m="34891" /><F118/><W73/><G119/><T47/><D86/><U100/><E26/><N who="2" m="16599" /><F112/><W59/><G59/><N who="0" m="35047" /><D70/><U78/><E78/><V99/><F132/><W94/><G94/><N who="0" m="54599" /><D11/><U12/><E105/><V32/><F32/><W131/><G131/><T116/><D116/><U93/><E9/><V33/><F33/><W103/><G103/><T13/><D25/><U34/><E34/><V4/><F121/><W48/><G60/><T63/><D63/><U49/><E49/><V72/><F72/><W104/><G104/><T95/><D95/><U98/><REACH who="1" step="1"/><E101/><REACH who="1" ten="302,236,225,227" step="2"/><V85/><F85/><W77/><G77/><T117/><D117/><U123/><E123/><V16/><F99/><W18/><AGARI ba="0,1" hai="1,2,18,20,27,48,53,56,73,76,82" m="47721" machi="18" ten="30,3000,0" yaku="18,1,52,1" doraHai="79" who="3" fromWho="3" sc="302,-10,236,-10,225,-10,227,40" /><INIT seed="3,1,0,5,3,53" ten="292,226,215,267" oya="3" hai0="56,69,101,119,73,38,41,127,89,99,98,20,40" hai1="74,86,29,95,11,72,71,113,55,57,84,0,123" hai2="58,18,78,42,35,21,66,128,2,97,133,79,135" hai3="115,9,16,126,24,36,109,116,80,7,22,91,105"/><W92/><G105/><T48/><D69/><U132/><E113/><V10/><F35/><W114/><G36/><T121/><D119/><U108/><E123/><V63/><F42/><N who="0" m="16490" /><D38/><U104/><E71/><V103/><F128/><W122/><G122/><T17/><D121/><U61/><E104/><V62/><F62/><W81/><G116/><T47/><D73/><U32/><E132/><N who="2" m="50763" /><F10/><W129/><G114/><T82/><D127/><U93/><E108/><V5/><F5/><W87/><G115/><T43/><D101/><U28/><E32/><V31/><F31/><N who="1" m="11849" /><E74/><V4/><F4/><W75/><G126/><T6/><D6/><U15/><E72/><V23/><F2/><W45/><G75/><T107/><D107/><U117/><E0/><V110/><F110/><W77/><G129/><T94/><D82/><U37/><E37/><V1/><F1/><W8/><G109/><T118/><D118/><U19/><E117/><V64/><F64/><W12/><G77/><N who="2" m="29193" /><F18/><W125/><G125/><T54/><D99/><U51/><E61/><V83/><F83/><W60/><G60/><N who="0" m="35863" /><D17/><U88/><E95/><AGARI ba="1,0" hai="21,23,58,63,66,95,97,103" m="29193,50763" machi="95" ten="30,2000,0" yaku="20,1,52,1" doraHai="53" who="2" fromWho="1" sc="292,0,226,-23,215,23,267,0" /><INIT seed="4,0,0,2,3,82" ten="292,203,238,267" oya="0" hai0="45,111,67,122,129,96,119,38,48,15,98,68,16" hai1="79,78,102,107,81,51,83,76,35,70,94,10,89" hai2="6,1,17,37,75,127,57,85,61,40,4,84,59" hai3="0,60,22,116,12,64,55,124,90,87,24,63,99"/><T101/><D119/><U130/><E70/><V46/><F75/><W86/><G0/><T74/><D122/><U19/><E35/><V128/><F128/><W121/><G116/><T58/><D74/><U135/><E130/><V29/><F29/><W123/><G124/><T72/><D72/><U69/><E69/><V133/><F133/><W47/><G12/><T54/><D129/><U32/><E32/><V62/><F127/><W31/><G99/><T106/><D111/><U30/><E30/><V71/><F71/><N who="3" m="42375" /><G90/><T88/><D68/><U110/><E110/><V73/><F73/><W27/><G27/><T34/><D34/><U14/><E135/><V125/><F125/><W56/><G47/><T26/><D26/><U41/><E102/><V66/><F17/><W49/><G63/><N who="0" m="38391" /><D106/><U23/><E107/><V25/><F25/><W91/><G91/><T3/><D3/><U131/><E131/><V132/><F132/><W117/><G117/><T9/><D101/><U100/><E100/><V18/><F18/><W53/><G53/><T118/><D118/><U5/><E41/><V42/><F40/><W21/><G21/><T39/><D98/><N who="1" m="57679" /><E51/><N who="2" m="27095" /><F1/><W11/><G11/><T13/><D13/><U44/><E44/><V80/><F37/><W33/><G33/><T97/><D97/><U126/><E126/><V104/><F104/><W28/><G28/><T134/><D134/><U105/><E105/><V2/><F2/><W93/><G93/><N who="0" m="56359" /><D39/><U108/><E108/><V65/><F80/><W7/><G7/><AGARI ba="0,0" hai="4,6,7,57,59,61,62,65,66,84,85" m="27095" machi="7" ten="30,3900,0" yaku="8,1,52,2" doraHai="82" who="2" fromWho="3" sc="292,0,203,0,238,39,267,-39" /><INIT seed="5,0,0,5,3,58" ten="292,203,277,228" oya="1" hai0="40,50,120,47,102,121,113,124,69,125,135,130,20" hai1="55,116,133,56,72,131,81,90,65,110,9,21,82" hai2="33,85,3,101,53,105,37,98,23,59,103,32,49" hai3="84,100,10,80,132,91,7,112,62,30,95,77,107"/><U22/><E116/><V1/><F37/><W16/><G132/><T34/><D34/><U38/><E38/><V64/><F64/><W54/><G30/><T108/><D108/><U29/><E110/><V93/><F32/><W76/><G112/><T94/><D135/><U115/><E133/><V89/><F33/><W126/><G126/><N who="0" m="48747" /><D113/><U78/><E115/><V43/><F43/><W42/><G42/><T14/><D69/><U73/><E131/><V61/><F103/><W36/><G36/><T57/><D130/><U31/><E65/><V24/><F49/><W15/><G7/><T70/><D70/><U86/><E9/><V0/><F0/><W18/><G18/><AGARI ba="0,0" hai="1,3,18,23,24,53,59,61,85,89,93,98,101,105" machi="18" ten="30,2000,0" yaku="7,1,52,1" doraHai="58" who="2" fromWho="3" sc="292,0,203,0,277,20,228,-20" /><INIT seed="6,0,0,5,5,53" ten="292,203,297,208" oya="2" hai0="34,7,86,99,26,124,98,112,115,11,94,58,107" hai1="119,24,16,33,130,12,95,28,79,97,19,60,126" hai2="46,15,40,82,104,84,54,37,93,1,64,69,8" hai3="120,72,87,41,91,44,131,43,62,17,67,3,118"/><V88/><F104/><W132/><G72/><T55/><D124/><U56/><E119/><V38/><F1/><W29/><G3/><T76/><D107/><U42/><E126/><V103/><F64/><W65/><G118/><T68/><D68/><U63/><E130/><V5/><F69/><W35/><G131/><T89/><D34/><U111/><E111/><V135/><F135/><W50/><G132/><T80/><D26/><U59/><E42/><V108/><F108/><W102/><G102/><T71/><D71/><U116/><E79/><V74/><F54/><W14/><G120/><T134/><D134/><U32/><E32/><V52/><F52/><N who="3" m="29767" /><G29/><T9/><D99/><U20/><E116/><V6/><F6/><W129/><G35/><T57/><D11/><N who="1" m="6175" /><E33/><V81/><F74/><W4/><G4/><T2/><REACH who="0" step="1"/><D58/><REACH who="0" ten="282,203,297,208" step="2"/><N who="1" m="22059" /><E28/><V22/><F40/><W30/><G30/><T114/><D114/><U45/><E45/><V77/><F46/><W90/><G129/><T10/><D10/><U23/><E23/><V122/><F22/><N who="3" m="11575" /><G43/><T39/><D39/><U123/><E123/><V0/><F122/><W121/><G41/><T96/><D96/><U73/><E73/><N who="2" m="43183" /><F0/><W18/><G121/><T85/><D85/><U113/><E113/><V92/><F38/><W109/><G109/><T36/><D36/><U66/><E66/><N who="3" m="25098" /><G87/><T70/><D70/><U75/><E75/><V127/><F37/><W83/><G62/><AGARI ba="0,1" hai="2,7,9,55,57,62,76,80,86,89,94,98,112,115" machi="62" ten="40,2600,0" yaku="1,1,52,1,53,0" doraHai="53" doraHaiUra="61" who="0" fromWho="3" sc="282,36,203,0,297,0,208,-26" owari="318,42.0,203,-20.0,297,10.0,182,-32.0" /></mjloggm>