<mjloggm ver="2.3"><GO type="97" lobby="0"/><UN n0="%E3%81%A8%E3%82%82%E3%81%AE%E3%82%8A" n1="%E7%BE%BD%E3%81%A3%E3%81%A1%E3%82%83%E3%82%93" n2="%E3%82%A6%E3%83%AB%E3%83%88%E3%83%A9%E7%AB%8B%E7%9B%B4" n3="%70%69%6E%65%68%69%6C%6C" dan="13,14,15,13" rate="1854.73,1882.43,1984.66,1821.05" sx="M,M,M,M"/><TAIKYOKU oya="0"/><INIT seed="0,0,0,0,3,24" ten="250,250,250,250" oya="0" hai0="67,101,112,110,17,115,127,62,79,87,126,98,46" hai1="80,5,95,119,90,33,45,53,58,114,48,100,89" hai2="88,130,26,117,21,28,63,104,6,51,27,131,106" hai3="23,47,15,125,123,49,77,76,97,7,37,93,84"/><T8/><D46/><U65/><E33/><V118/><F6/><W12/><G37/><T103/><D8/><U134/><E119/><N who="2" m="45579" /><F51/><W50/><G125/><N who="0" m="47627" /><D17/><U69/><E134/><V73/><F73/><W55/><G123/><T19/><D19/><U22/><E69/><V91/><F63/><W86/><G50/><T113/><D62/><N who="1" m="38103" /><E5/><V108/><F108/><W121/><G121/><T85/><D67/><U74/><E74/><V31/><F104/><W120/><G120/><T59/><D59/><U61/><E61/><V105/><F105/><W18/><G7/><T29/><D29/><U122/><E122/><V39/><F106/><W34/><G34/><T75/><D110/><U124/><E114/><N who="0" m="29185" /><T41/><DORA hai="82" /><D41/><U40/><E40/><V71/><F71/><W42/><G42/><T83/><D103/><U20/><E124/><V60/><F60/><W132/><G12/><T81/><D81/><U3/><E3/><V68/><F68/><W14/><G14/><T36/><D36/><U96/><E89/><N who="2" m="34379" /><F39/><W102/><G132/><T135/><D135/><U129/><E129/><V107/><F107/><AGARI ba="0,0" hai="75,79,83,85,87,98,101,107" m="29185,47627" machi="107" ten="40,12000,1" yaku="18,1,34,2,52,2" doraHai="24,82" who="0" fromWho="2" sc="250,120,250,0,250,-120,250,0" /><INIT seed="0,1,0,1,5,31" ten="370,250,130,250" oya="0" hai0="79,32,111,95,57,2,71,104,9,90,12,52,64" hai1="116,38,120,8,13,121,70,94,34,49,43,86,118" hai2="128,33,22,127,107,88,96,69,83,55,108,119,92" hai3="112,65,124,4,100,85,109,93,114,133,25,1,68"/><T82/><D32/><U37/><E70/><V15/><F69/><W110/><G124/><T129/><D2/><U101/><E101/><V19/><F107/><W5/><G133/><T51/><D104/><U26/><E94/><V54/><F127/><W7/><G1/><T134/><D134/><U30/><E86/><V58/><F108/><N who="3" m="41579" /><G65/><T74/><D111/><U46/><E38/><V44/><F128/><W3/><G3/><T21/><D129/><U10/><E10/><V84/><F119/><W67/><G67/><T78/><D78/><U87/><E87/><V0/><F0/><W132/><G68/><T72/><D72/><U53/><E118/><V73/><F73/><W42/><G132/><T81/><D81/><U18/><REACH who="1" step="1"/><E116/><REACH who="1" ten="370,240,130,250" step="2"/><V131/><F131/><W125/><G125/><T45/><D21/><U35/><E35/><V80/><F33/><W50/><G100/><T23/><D23/><U117/><E117/><V41/><F96/><W17/><G93/><T60/><D60/><U122/><E122/><V48/><REACH who="2" step="1"/><F55/><REACH who="2" ten="370,240,120,250" step="2"/><W105/><G105/><T59/><D71/><U113/><E113/><V66/><F66/><W62/><G114/><T106/><D64/><U89/><E89/><V47/><F47/><AGARI ba="1,2" hai="8,13,18,26,30,34,37,43,46,47,49,53,120,121" machi="47" ten="30,3900,0" yaku="1,1,7,1,52,1,53,0" doraHai="31" doraHaiUra="16" who="1" fromWho="2" sc="370,0,240,62,120,-42,250,0" /><INIT seed="1,0,0,3,0,15" ten="370,302,78,250" oya="1" hai0="4,40,65,54,90,101,98,102,10,118,77,25,123" hai1="113,21,104,48,26,81,33,79,72,23,18,89,47" hai2="99,30,73,86,135,130,1,68,84,119,134,37,20" hai3="56,96,51,92,94,19,43,85,78,17,80,8,24"/><U125/><E113/><V36/><F99/><W12/><G24/><T44/><D118/><U128/><E33/><V109/><F20/><W131/><G131/><T27/><D123/><U129/><E104/><V120/><F30/><W59/><G92/><T9/><D65/><U124/><E89/><V70/><F86/><W97/><G97/><T57/><D77/><U2/><E23/><V60/><F84/><W114/><G114/><T61/><D4/><U103/><E103/><V41/><F41/><W75/><G75/><T0/><D0/><U64/><E64/><V91/><F91/><W55/><G43/><T107/><D101/><U132/><E132/><V7/><F7/><N who="3" m="3103" /><G59/><T112/><D112/><U13/><E26/><V38/><F60/><W93/><G93/><T62/><D90/><AGARI ba="0,0" hai="17,19,51,55,56,78,80,85,90,94,96" m="3103" machi="90" ten="30,3900,0" yaku="8,1,52,2" doraHai="15" who="3" fromWho="0" sc="370,-39,302,0,78,0,250,39" /><INIT seed="2,0,0,3,2,96" ten="331,302,78,289" oya="2" hai0="4,17,46,32,121,118,64,19,15,111,1,93,73" hai1="114,60,31,86,71,88,132,0,74,100,27,39,10" hai2="98,5,115,20,127,122,125,3,117,92,101,29,52" hai3="128,133,108,47,58,129,12,134,112,9,49,50,2"/><V44/><F122/><W53/><G2/><T120/><D73/><U55/><E114/><V95/><F117/><W54/><G12/><T34/><D46/><U11/><E74/><V84/><F115/><W97/><G97/><T63/><D118/><U21/><E39/><V40/><F5/><W83/><G83/><T56/><D56/><N who="1" m="34847" /><E71/><V30/><F3/><W28/><G28/><T81/><D111/><U110/><E0/><V69/><F69/><W116/><G9/><N who="1" m="3082" /><E132/><N who="3" m="50794" /><G108/><T123/><D123/><U113/><E113/><V26/><F30/><W62/><G112/><T25/><D25/><U18/><E31/><V105/><F52/><N who="3" m="29759" /><G116/><T130/><D130/><U61/><E61/><V82/><F82/><W131/><G54/><T89/><D89/><U91/><E110/><V103/><F84/><W37/><G37/><T87/><D87/><U51/><E51/><AGARI ba="0,0" hai="50,51,53,58,62,128,129,131" m="29759,50794" machi="51" ten="40,8000,1" yaku="19,1,20,1,34,2,54,1" doraHai="96" who="3" fromWho="1" sc="331,0,302,-80,78,0,289,80" /><INIT seed="3,0,0,1,0,69" ten="331,222,78,369" oya="3" hai0="33,115,134,2,10,73,71,22,19,110,6,88,34" hai1="133,15,81,86,105,58,35,51,99,63,125,37,118" hai2="45,129,114,27,100,135,9,77,109,85,32,74,39" hai3="14,1,91,107,93,25,117,120,62,40,76,70,50"/><W20/><G117/><T97/><D97/><U82/><E35/><V16/><F85/><W11/><G1/><T80/><D80/><U53/><E133/><V66/><F66/><W98/><G107/><T41/><D41/><U44/><E125/><V123/><F100/><W52/><G40/><T101/><D101/><U55/><E118/><V8/><F45/><N who="3" m="27727" /><G70/><T30/><D30/><U12/><E81/><V48/><F48/><W28/><G62/><T102/><D102/><U112/><E112/><V36/><F77/><W92/><G92/><T72/><D72/><U17/><E105/><V131/><F27/><W132/><G132/><T104/><D104/><U29/><E99/><V54/><F54/><W38/><G38/><T47/><D47/><U111/><E111/><V18/><F32/><W13/><G120/><T106/><D106/><U56/><E29/><V95/><F95/><W24/><G24/><T67/><D67/><U84/><E84/><V113/><F135/><W68/><G68/><T126/><D126/><U21/><E15/><N who="3" m="5642" /><G76/><T59/><D59/><U43/><REACH who="1" step="1"/><E86/><REACH who="1" ten="331,212,78,369" step="2"/><V78/><F78/><W31/><G31/><T116/><D116/><U103/><E103/><V122/><REACH who="2" step="1"/><F109/><REACH who="2" ten="331,212,68,369" step="2"/><W65/><G65/><T42/><D42/><U75/><E75/><AGARI ba="0,2" hai="8,9,16,18,36,39,74,75,113,114,122,123,129,131" machi="75" ten="25,12000,2" yaku="1,1,2,1,22,2,52,2,54,1,53,0" doraHai="69" doraHaiUra="49" who="2" fromWho="1" sc="331,0,212,-120,68,140,369,0" owari="331,13.0,92,-41.0,208,-19.0,369,47.0" /></mjloggm>