<mjloggm ver="2.3"><GO type="41" lobby="0"/><UN n0="%62%75%68%69%33%33" n1="%77%76%61%72%75%6B%61%6E" n2="%E4%BC%B8%E3%81%B3%E6%82%A9%E3%81%BF" n3="%E3%82%A6%E3%83%AB%E3%83%88%E3%83%A9%E7%AB%8B%E7%9B%B4" dan="15,15,14,15" rate="1945.76,1965.49,1884.84,1973.98" sx="M,M,M,M"/><TAIKYOKU oya="0"/><INIT seed="0,0,0,1,2,101" ten="250,250,250,250" oya="0" hai0="88,81,97,53,61,42,54,69,122,98,68,91,32" hai1="114,18,117,58,25,78,120,45,60,129,135,15,29" hai2="12,131,127,102,104,126,89,36,20,31,52,7,116" hai3="1,19,35,72,3,63,14,11,92,93,95,26,21"/><T134/><D32/><U6/><E120/><V4/><F116/><W40/><G72/><T124/><D122/><U67/><E117/><V85/><F36/><W22/><G40/><T84/><D42/><U96/><E129/><V86/><F131/><W119/><G119/><T13/><D134/><U33/><E135/><V55/><F31/><W59/><G35/><T132/><D132/><U30/><E78/><V16/><F102/><W70/><G70/><T44/><D124/><N who="2" m="47658" /><F104/><W130/><G130/><T100/><D91/><U115/><E6/><N who="2" m="2091" /><F86/><W94/><N who="3" m="23552" /><DORA hai="74" /><W2/><REACH who="3" step="1"/><G26/><REACH who="3" ten="250,250,250,240" step="2"/><T99/><D100/><U46/><E33/><V27/><F27/><W108/><G108/><T107/><D107/><U83/><E25/><V64/><F64/><AGARI ba="0,1" hai="1,2,3,11,14,19,21,22,59,63,64" m="23552" machi="64" ten="60,7700,0" yaku="1,1,53,2" doraHai="101,74" doraHaiUra="75,17" who="3" fromWho="2" sc="250,0,250,0,250,-77,240,87" /><INIT seed="1,0,0,3,5,122" ten="250,250,173,327" oya="1" hai0="86,74,0,60,55,125,15,5,29,91,16,87,96" hai1="115,20,101,65,51,67,70,28,82,59,26,117,23" hai2="92,77,47,33,94,63,73,52,71,53,99,128,21" hai3="83,109,13,90,119,76,10,126,72,78,121,8,4"/><U93/><E117/><V38/><F33/><W103/><G121/><T56/><D74/><U108/><E115/><V112/><F112/><W89/><G78/><T75/><D75/><U85/><E70/><V131/><F73/><W44/><G103/><T134/><D134/><U135/><E135/><V97/><F77/><W98/><G98/><N who="2" m="37385" /><F21/><W12/><G90/><T106/><D125/><U118/><E118/><V66/><F38/><W9/><G89/><T61/><D29/><U34/><E93/><N who="2" m="35947" /><F47/><W123/><G44/><T24/><D0/><U32/><E101/><V49/><F49/><W79/><G79/><T14/><D5/><U132/><E132/><V3/><F3/><W64/><G76/><T46/><D46/><U31/><E51/><V1/><F1/><W116/><G72/><T113/><D113/><U124/><E124/><V30/><F30/><W40/><G126/><T19/><D106/><U45/><E45/><V43/><F43/><W104/><G40/><T42/><D42/><U58/><E26/><V35/><F35/><W84/><G123/><T114/><D114/><U129/><E129/><AGARI ba="0,0" hai="52,53,63,66,71,128,129,131" m="35947,37385" machi="129" ten="30,2000,0" yaku="19,1,54,1" doraHai="122" who="2" fromWho="1" sc="250,0,250,-20,173,20,327,0" /><INIT seed="2,0,0,0,1,105" ten="250,230,193,327" oya="2" hai0="129,24,87,116,110,1,64,22,83,33,49,30,14" hai1="92,43,117,5,16,82,123,45,74,99,47,84,66" hai2="120,107,27,58,80,94,96,97,44,4,71,69,17" hai3="3,60,100,36,109,59,132,114,18,19,79,41,2"/><V121/><F4/><W51/><G36/><T52/><D116/><U53/><E117/><V8/><F80/><W12/><G3/><T75/><D1/><U73/><E66/><V29/><F107/><W15/><G2/><T86/><D64/><U89/><E123/><V118/><F118/><W54/><G114/><T72/><D87/><U62/><E5/><V9/><F44/><W126/><G100/><T135/><D135/><U111/><E111/><V106/><F106/><W115/><G109/><T88/><D110/><U63/><E16/><V10/><F17/><W26/><G26/><T0/><D0/><U40/><E63/><V93/><F58/><W34/><G18/><T134/><D134/><U128/><E128/><V65/><F65/><W131/><G19/><T35/><D14/><U108/><E108/><V25/><REACH who="2" step="1"/><F10/><REACH who="2" ten="250,230,183,327" step="2"/><W77/><G59/><T23/><D129/><U6/><E6/><V127/><F127/><W56/><G126/><T130/><D130/><U55/><E45/><V85/><F85/><W31/><G56/><T95/><D83/><U21/><E47/><V37/><F37/><W46/><G46/><T98/><D86/><U68/><E68/><V67/><F67/><W103/><G131/><T28/><D75/><U104/><E104/><V125/><F125/><W119/><G119/><T50/><D72/><U57/><E74/><V122/><F122/><W13/><G132/><T32/><D52/><U101/><E73/><V39/><F39/><W81/><G54/><T48/><D30/><AGARI ba="0,1" hai="8,9,25,27,29,30,69,71,93,94,96,97,120,121" machi="30" ten="25,12000,1" yaku="1,1,22,2,53,2" doraHai="105" doraHaiUra="20" who="2" fromWho="0" sc="250,-120,230,0,183,130,327,0" /><INIT seed="2,1,0,5,2,29" ten="130,230,313,327" oya="2" hai0="64,81,95,5,17,13,54,24,103,62,33,4,97" hai1="116,102,132,49,92,2,48,111,63,59,18,79,38" hai2="84,112,14,12,34,119,109,53,44,120,26,98,69" hai3="27,10,107,123,16,1,88,134,73,30,106,66,70"/><V126/><F112/><W82/><G66/><T0/><D0/><U35/><E38/><V105/><F119/><W58/><G70/><T20/><D81/><U75/><E116/><V56/><F120/><W127/><G123/><T8/><D54/><U50/><E2/><V104/><F44/><W125/><G58/><T39/><D39/><U9/><E111/><V78/><F109/><W60/><G60/><T25/><D33/><U51/><E51/><V68/><F126/><W61/><G61/><T108/><D108/><U41/><E41/><V15/><F78/><W28/><G28/><T115/><D115/><U43/><E43/><V3/><F3/><W74/><G106/><T130/><D130/><U96/><E132/><V32/><F84/><N who="3" m="50199" /><G107/><N who="2" m="41033" /><F98/><W101/><G101/><T94/><D94/><U40/><E40/><V133/><F133/><W124/><G134/><T23/><D25/><U87/><E75/><V37/><F37/><W52/><G52/><T118/><D118/><U55/><E79/><V31/><F26/><W83/><G83/><T121/><D121/><U90/><E48/><N who="2" m="30759" /><F31/><W71/><G71/><N who="2" m="27209" /><F12/><N who="3" m="7191" /><G1/><T80/><D80/><U11/><E96/><V67/><F67/><W135/><G135/><T36/><D36/><U110/><E110/><V72/><F72/><W93/><G93/><T65/><D65/><U100/><E92/><V114/><F114/><W113/><G113/><T6/><D24/><U99/><E99/><V91/><F91/><W128/><G74/><T86/><D86/><U21/><E87/><V19/><F19/><W42/><G73/><T45/><D45/><RYUUKYOKU ba="1,0" sc="130,15,230,-15,313,15,327,-15" hai0="4,5,6,8,13,17,20,23,62,64,95,97,103" hai2="14,15,32,34" /><INIT seed="2,2,0,4,1,117" ten="145,215,328,312" oya="2" hai0="65,108,26,58,56,33,24,88,129,49,72,20,15" hai1="109,38,47,122,5,34,114,81,105,8,50,1,70" hai2="61,16,135,80,131,79,132,9,45,3,95,101,127" hai3="57,18,2,74,128,10,77,103,91,102,115,42,51"/><V130/><F45/><W59/><G77/><T46/><D72/><U35/><E109/><V28/><F28/><W32/><G74/><T36/><D108/><U92/><E114/><V55/><F61/><W0/><G32/><T126/><D36/><U53/><E105/><V31/><F55/><W73/><G73/><T25/><D129/><N who="2" m="49162" /><F31/><W19/><G51/><T64/><D126/><U121/><E70/><V67/><F67/><N who="0" m="25674" /><D33/><U75/><E92/><V118/><F118/><W82/><G42/><T17/><D88/><U87/><E75/><N who="2" m="43135" /><F101/><W43/><G102/><T13/><D13/><U27/><E38/><V119/><F119/><W54/><G103/><T113/><D113/><U62/><E62/><V68/><F95/><W89/><G115/><T22/><D22/><U85/><E27/><N who="0" m="6913" /><T120/><DORA hai="116" /><D120/><N who="1" m="46187" /><E87/><V93/><F93/><W106/><G106/><T44/><D44/><U66/><E66/><V29/><F68/><W104/><G104/><T69/><D69/><U133/><E133/><N who="2" m="51275" /><F29/><W125/><G128/><T94/><D94/><U60/><E60/><V23/><F3/><W37/><G2/><T111/><D111/><U21/><E21/><V41/><F41/><AGARI ba="2,0" hai="15,17,20,41,46,49,56,58" m="6913,25674" machi="41" ten="30,1000,0" yaku="8,1" doraHai="117,116" who="0" fromWho="2" sc="145,16,215,0,328,-16,312,0" /><INIT seed="3,0,0,0,0,120" ten="161,215,312,312" oya="3" hai0="6,82,70,85,79,80,52,16,116,74,102,76,42" hai1="40,13,87,101,20,109,133,56,9,18,123,92,36" hai2="65,22,24,51,122,37,7,72,54,78,96,83,66" hai3="125,31,49,30,2,28,25,57,81,64,3,53,95"/><W110/><G64/><T50/><D116/><U48/><E123/><V124/><F122/><W46/><G3/><T126/><D70/><U103/><E36/><V58/><F37/><W129/><G2/><T118/><D118/><U86/><E133/><V94/><F124/><W114/><G125/><T0/><D126/><U91/><E86/><V59/><F7/><W61/><G129/><T84/><D102/><U105/><E105/><V115/><F115/><W34/><G114/><T19/><D42/><U132/><E132/><V45/><F66/><W38/><G38/><T41/><D41/><U71/><E71/><V135/><F135/><W29/><G81/><T119/><D119/><U108/><E9/><V47/><F47/><W107/><G107/><T15/><D0/><U35/><E35/><V8/><F8/><W43/><REACH who="3" step="1"/><G95/><REACH who="3" ten="161,215,312,302" step="2"/><T99/><D74/><U121/><E121/><V68/><F65/><W17/><G17/><T55/><D6/><U97/><E103/><V88/><F68/><W21/><G21/><T33/><D33/><U73/><E101/><V67/><F67/><W44/><G44/><T112/><D112/><U93/><E92/><V75/><F75/><W63/><G63/><T104/><D104/><U89/><E20/><V27/><F27/><W127/><G127/><T14/><D50/><U134/><E18/><AGARI ba="0,1" hai="18,22,24,45,51,54,58,59,72,78,83,88,94,96" machi="18" ten="30,2000,0" yaku="7,1,54,1" doraHai="120" who="2" fromWho="1" sc="161,0,215,-20,312,30,302,0" /><INIT seed="4,0,0,1,4,84" ten="161,195,342,302" oya="0" hai0="106,55,50,98,29,69,37,17,58,12,62,96,66" hai1="0,132,4,42,118,93,6,123,32,28,73,33,102" hai2="77,24,8,70,97,72,74,53,101,112,27,78,20" hai3="119,65,124,121,41,116,79,94,57,2,11,86,133"/><T14/><D29/><U122/><E73/><V76/><F70/><W23/><G57/><T34/><D34/><U26/><E42/><V125/><F112/><W56/><G56/><T80/><D106/><U83/><E83/><V107/><F125/><W40/><G65/><T120/><D120/><U51/><E118/><V3/><F3/><W36/><G23/><T127/><D127/><U105/><E132/><V13/><F53/><W44/><G41/><T134/><D134/><U126/><E126/><V131/><F131/><W1/><G1/><T59/><D14/><U16/><E51/><V61/><F61/><W7/><G121/><N who="1" m="46090" /><E93/><V38/><F38/><W85/><G124/><T68/><D37/><U52/><E52/><V31/><REACH who="2" step="1"/><F27/><REACH who="2" ten="161,195,332,302" step="2"/><W22/><G133/><T30/><D68/><U71/><E71/><V46/><F46/><W111/><G44/><T104/><D69/><U19/><E0/><V99/><F99/><W129/><G36/><T49/><D49/><U48/><E48/><V88/><F88/><W35/><G2/><T89/><D104/><U130/><E105/><V110/><F110/><W54/><G111/><T128/><D128/><U90/><E90/><V95/><F95/><W18/><G94/><T67/><D67/><U92/><E92/><V25/><F25/><W15/><G129/><T47/><D47/><U64/><E130/><V103/><F103/><W82/><G54/><T60/><D50/><U75/><E102/><V21/><F21/><W117/><G117/><T5/><D89/><U43/><E64/><V100/><F100/><W63/><G119/><RYUUKYOKU ba="0,1" sc="161,-10,195,-10,332,30,302,-10" hai2="8,13,20,24,31,72,74,76,77,78,97,101,107" /><INIT seed="5,1,1,3,4,86" ten="151,185,362,292" oya="1" hai0="71,67,106,111,72,84,101,41,61,108,104,77,58" hai1="26,37,57,113,35,109,45,116,117,69,80,105,1" hai2="107,125,82,44,87,17,65,91,16,89,70,114,25" hai3="54,46,9,112,130,20,122,110,134,73,50,18,120"/><U5/><E113/><V29/><F114/><W62/><G73/><T76/><D76/><U93/><E69/><V81/><F107/><W64/><G110/><T74/><D58/><U92/><E105/><V43/><F125/><W51/><G112/><T22/><D41/><U90/><E93/><V30/><F70/><W127/><G9/><T21/><D21/><U115/><E115/><V126/><F126/><W13/><G127/><T123/><D123/><U4/><E57/><V68/><F68/><W119/><G119/><T118/><D118/><U75/><E5/><V131/><F131/><W38/><G38/><T96/><D106/><U23/><E35/><V14/><F65/><W33/><G33/><T88/><D22/><U98/><E109/><V55/><F55/><W7/><G7/><T6/><D6/><U32/><E32/><V135/><F135/><W56/><G134/><T40/><D40/><N who="1" m="22671" /><E23/><N who="2" m="13543" /><F43/><W133/><G133/><T15/><D15/><U3/><E26/><V0/><F44/><W10/><G122/><T99/><D99/><U78/><E1/><V28/><F0/><W47/><G120/><T31/><D31/><U79/><E79/><N who="2" m="46527" /><F82/><W103/><G47/><T60/><D60/><U42/><E42/><V66/><F66/><W2/><G46/><T100/><D100/><U12/><E12/><V63/><F63/><W24/><G103/><T124/><D124/><U48/><E48/><N who="3" m="18474" /><G2/><T49/><D49/><U132/><E132/><V102/><F102/><W97/><G64/><T128/><D67/><U27/><E27/><V39/><F39/><W94/><G24/><RYUUKYOKU ba="1,1" sc="151,-15,185,15,362,15,292,-15" hai1="3,4,75,78,80,90,92,98,116,117" hai2="14,17,28,29,30,89,91" /><INIT seed="5,2,1,1,1,7" ten="136,200,377,277" oya="1" hai0="95,43,112,45,110,101,8,54,120,129,92,55,65" hai1="16,89,73,62,29,87,90,11,22,94,60,132,57" hai2="86,69,77,68,133,48,46,114,107,97,41,84,24" hai3="122,23,71,82,72,12,78,58,74,49,39,21,100"/><U126/><E73/><V127/><F133/><W125/><G71/><T130/><D110/><U131/><E132/><V10/><F127/><W79/><G39/><T33/><D33/><U47/><E126/><V61/><F114/><W53/><G122/><T121/><D112/><U13/><E131/><N who="0" m="50185" /><D65/><U96/><E47/><V81/><F86/><W19/><G100/><T0/><D95/><U4/><E29/><V2/><F24/><W36/><G36/><N who="0" m="21735" /><D92/><U103/><E57/><V119/><F119/><W1/><G125/><T40/><D40/><U18/><E18/><V109/><F109/><W5/><G5/><N who="0" m="1063" /><D101/><U52/><E52/><AGARI ba="2,1" hai="52,54,55,120,121" m="1063,21735,50185" machi="52" ten="30,3900,0" yaku="19,1,52,1,54,1" doraHai="7" who="0" fromWho="1" sc="136,55,200,-45,377,0,277,0" /><INIT seed="6,0,0,1,5,22" ten="191,155,377,277" oya="2" hai0="6,74,30,37,88,77,84,59,1,26,94,63,21" hai1="116,119,93,62,97,27,16,17,114,18,46,87,56" hai2="29,107,80,113,103,44,51,127,121,9,89,130,23" hai3="43,3,71,95,126,86,106,45,24,33,0,79,49"/><V100/><F121/><W61/><G126/><T39/><D1/><U41/><E114/><V76/><F127/><W72/><G72/><T92/><D6/><U133/><E133/><V78/><F113/><W69/><G69/><T36/><D74/><U10/><E87/><V67/><F67/><W104/><G95/><T112/><D77/><U57/><E57/><V40/><F130/><W120/><G86/><T105/><D105/><U60/><E60/><V20/><F9/><W85/><G85/><T131/><D112/><U31/><E10/><V129/><F129/><W132/><G49/><T2/><D2/><U68/><E68/><V122/><F122/><W75/><G132/><T134/><D134/><U52/><E46/><V108/><F108/><W19/><G3/><T55/><REACH who="0" step="1"/><D131/><REACH who="0" ten="181,155,377,277" step="2"/><U53/><E116/><V14/><F78/><W99/><G0/><T35/><D35/><U90/><E119/><V81/><F107/><W34/><G104/><T25/><D25/><U96/><E41/><V5/><F40/><W70/><G43/><T83/><AGARI ba="0,1" hai="21,26,30,36,37,39,55,59,63,83,84,88,92,94" machi="83" ten="30,7900,0" yaku="1,1,0,1,52,1,54,1,53,0" doraHai="22" doraHaiUra="15" who="0" fromWho="0" sc="181,89,155,-20,377,-39,277,-20" /><INIT seed="7,0,0,0,2,87" ten="270,135,338,257" oya="3" hai0="75,98,41,92,130,35,111,64,7,33,14,132,25" hai1="31,106,127,16,20,69,93,65,122,126,115,124,86" hai2="103,90,107,42,52,131,108,21,71,66,9,95,55" hai3="77,129,128,109,17,5,24,80,11,99,1,0,19"/><W73/><G109/><T18/><D111/><U50/><E106/><V134/><F108/><W116/><G116/><T56/><D75/><U117/><E122/><V61/><F131/><N who="3" m="50251" /><G1/><T22/><D130/><U10/><E65/><V51/><F134/><W120/><G120/><T36/><D132/><U59/><E69/><V125/><F125/><W70/><G70/><T8/><D41/><U72/><E72/><V135/><F135/><W60/><G60/><T57/><D36/><U43/><E10/><V110/><F110/><W78/><G78/><T38/><D38/><U67/><E31/><V47/><F107/><W45/><G45/><T26/><D26/><U29/><E29/><V23/><F103/><W89/><G24/><T6/><D6/><U96/><E86/><V119/><F119/><W63/><G63/><T30/><D64/><U76/><E76/><V32/><F32/><W88/><G99/><T58/><REACH who="0" step="1"/><D30/><REACH who="0" ten="260,135,338,257" step="2"/><U101/><E117/><V113/><F113/><W44/><G44/><T13/><D13/><U54/><E115/><V15/><F15/><W46/><G46/><T68/><D68/><U49/><E67/><V39/><F39/><W100/><G100/><AGARI ba="0,1" hai="7,8,14,18,22,25,33,35,56,57,58,92,98,100" machi="100" ten="40,1300,0" yaku="1,1,53,0" doraHai="87" doraHaiUra="105" who="0" fromWho="3" sc="260,23,135,0,338,0,257,-13" owari="283,8.0,135,-36.0,338,44.0,244,-16.0" /></mjloggm>