<mjloggm ver="2.3"><GO type="97" lobby="0"/><UN n0="%59%4F%55%21" n1="%E3%82%A6%E3%83%AB%E3%83%88%E3%83%A9%E7%AB%8B%E7%9B%B4" n2="%E4%B8%80%E6%B0%97%E8%B2%AB%E5%BE%B9" n3="%69%74%61%63%68%61%69" dan="14,15,15,13" rate="1927.61,2023.17,2054.46,1842.20" sx="M,M,M,M"/><TAIKYOKU oya="0"/><INIT seed="0,0,0,4,2,121" ten="250,250,250,250" oya="0" hai0="92,89,9,2,97,51,4,5,71,85,8,31,120" hai1="15,29,96,41,74,59,36,78,46,135,104,39,129" hai2="99,102,33,14,45,42,55,106,113,60,122,32,13" hai3="107,100,131,87,73,49,7,65,69,37,10,20,133"/><T108/><D71/><U91/><E129/><V105/><F113/><W125/><G73/><T83/><D120/><U22/><E135/><V57/><F122/><W86/><G37/><T64/><D64/><U18/><E78/><V11/><F106/><W56/><G131/><T110/><D31/><U19/><E74/><V6/><REACH who="2" step="1"/><F14/><REACH who="2" ten="250,250,240,250" step="2"/><N who="3" m="5471" /><G107/><T28/><D28/><U63/><E29/><V30/><F30/><W27/><G133/><T116/><D116/><U72/><E104/><V40/><F40/><W111/><G125/><T94/><D51/><AGARI ba="0,1" hai="6,11,13,32,33,42,45,51,55,57,60,99,102,105" machi="51" ten="30,2000,0" yaku="1,1,7,1,53,0" doraHai="121" doraHaiUra="90" who="2" fromWho="0" sc="250,-20,250,0,240,30,250,0" /><INIT seed="1,0,0,1,4,24" ten="230,250,270,250" oya="1" hai0="12,62,69,39,59,58,108,114,123,55,67,126,3" hai1="28,23,97,57,93,121,35,75,16,84,15,31,7" hai2="120,48,6,2,107,83,40,43,128,56,4,47,54" hai3="96,50,103,133,125,52,127,77,124,106,36,111,49"/><U89/><E75/><V74/><F120/><W119/><G111/><T13/><D3/><U38/><E38/><V14/><F107/><W21/><G133/><T0/><D0/><U90/><E35/><V5/><F128/><W91/><G36/><T79/><D108/><U80/><E121/><V130/><F130/><W102/><G103/><T71/><D123/><U45/><E45/><V81/><F43/><W92/><G119/><T61/><D114/><U73/><E73/><V37/><F14/><W95/><G77/><T110/><D110/><U51/><E7/><V104/><F104/><W100/><G100/><T94/><D39/><U101/><E90/><V33/><F33/><W18/><G91/><T9/><D79/><U1/><E1/><V29/><F29/><W27/><REACH who="3" step="1"/><G50/><REACH who="3" ten="230,250,270,240" step="2"/><T78/><D78/><U116/><E116/><V42/><F74/><W60/><G60/><T68/><D69/><U87/><E87/><V41/><F2/><W86/><G86/><T132/><D132/><U25/><E25/><V70/><F70/><W117/><G117/><T8/><D71/><U46/><REACH who="1" step="1"/><E57/><AGARI ba="0,1" hai="18,21,27,49,52,57,92,95,96,102,106,124,125,127" machi="57" ten="40,5200,0" yaku="1,1,18,1,54,1,53,0" doraHai="24" doraHaiUra="65" who="3" fromWho="1" sc="230,0,250,-52,270,0,240,62" /><INIT seed="2,0,0,4,3,88" ten="230,198,270,302" oya="2" hai0="77,8,86,93,79,62,59,90,76,119,2,56,121" hai1="9,115,99,100,1,69,116,64,53,12,35,91,6" hai2="133,51,20,47,0,111,33,24,85,87,83,49,28" hai3="66,7,82,11,73,96,14,122,89,102,95,25,117"/><V22/><F133/><W78/><G122/><T120/><D119/><U129/><E115/><V38/><F111/><W103/><G117/><T101/><D2/><U104/><E116/><V37/><F0/><W32/><REACH who="3" step="1"/><G66/><REACH who="3" ten="230,198,270,292" step="2"/><T23/><D121/><U46/><E129/><V70/><F70/><W134/><G134/><T81/><D120/><U3/><E64/><V54/><F37/><W30/><AGARI ba="0,1" hai="7,11,14,25,30,32,73,78,82,89,95,96,102,103" machi="30" ten="30,4000,0" yaku="1,1,0,1,52,1,53,0" doraHai="88" doraHaiUra="34" who="3" fromWho="3" sc="230,-10,198,-10,270,-20,292,50" /><INIT seed="3,0,0,3,5,46" ten="220,188,250,342" oya="3" hai0="6,130,14,129,39,75,57,114,89,49,73,103,112" hai1="25,90,117,133,16,3,66,28,61,134,38,11,107" hai2="41,43,4,50,111,7,59,116,56,69,124,35,87" hai3="58,91,74,33,79,126,135,9,60,119,105,97,62"/><W65/><G119/><T120/><D39/><U77/><E38/><V99/><F116/><W108/><G33/><T8/><D103/><U36/><E36/><V21/><F111/><W19/><G108/><T48/><D120/><U17/><E107/><V27/><F35/><W132/><G126/><T47/><D89/><U123/><E123/><V67/><F69/><W64/><G9/><T55/><D75/><U100/><E100/><V80/><F124/><W110/><G19/><N who="1" m="7242" /><E77/><V83/><F99/><W94/><G105/><T113/><REACH who="0" step="1"/><D73/><REACH who="0" ten="210,188,250,342" step="2"/><U13/><E117/><V96/><F96/><W127/><G74/><T5/><D5/><N who="1" m="3311" /><E90/><V70/><F87/><W12/><G110/><T53/><AGARI ba="0,1" hai="6,8,14,47,48,49,53,55,57,112,113,114,129,130" machi="53" ten="40,12000,2" yaku="1,1,0,1,11,1,52,2,53,2" doraHai="46" doraHaiUra="44" who="0" fromWho="0" sc="210,130,188,-30,250,-30,342,-60" owari="340,44.0,158,-34.0,220,-18.0,282,8.0" /></mjloggm>