<mjloggm ver="2.3"><GO type="97" lobby="0"/><UN n0="%E3%82%A6%E3%83%AB%E3%83%88%E3%83%A9%E7%AB%8B%E7%9B%B4" n1="%E3%81%AF%E3%81%84%E5%BD%B9%E6%BA%80%E3%81%8D%E3%81%9F" n2="%E6%9D%BE%E6%9C%AC%E5%B1%B1%E9%9B%85" n3="%52%69%75" dan="15,13,14,13" rate="1984.69,1919.68,1933.70,1844.24" sx="M,M,M,M"/><TAIKYOKU oya="0"/><INIT seed="0,0,0,0,5,31" ten="250,250,250,250" oya="0" hai0="119,92,113,116,83,44,26,48,126,110,57,88,62" hai1="61,100,121,87,10,11,52,73,101,1,23,65,107" hai2="76,49,30,64,47,82,3,15,103,38,111,58,123" hai3="18,46,37,94,99,80,72,60,112,91,90,4,131"/><T22/><D126/><U50/><E121/><V71/><F38/><W8/><G112/><T109/><D83/><U40/><E73/><V7/><F71/><W77/><G131/><T95/><D113/><U75/><E75/><V55/><F3/><W98/><G60/><T59/><D92/><U97/><E40/><V21/><F123/><W34/><G18/><N who="0" m="12631" /><D48/><U45/><E1/><V120/><F120/><W56/><G56/><T81/><D81/><U130/><E130/><V134/><F134/><W35/><G91/><T96/><D44/><U66/><E87/><V102/><F111/><N who="0" m="42506" /><D59/><U41/><E23/><V105/><F105/><W67/><G67/><AGARI ba="0,0" hai="57,62,67,88,95,96,116,119" m="42506,12631" machi="67" ten="30,5800,0" yaku="14,1,10,1,54,1" doraHai="31" who="0" fromWho="3" sc="250,58,250,0,250,0,250,-58" /><INIT seed="0,1,0,2,5,56" ten="308,250,250,192" oya="0" hai0="11,115,88,14,59,134,67,103,19,74,79,90,97" hai1="44,13,109,10,49,123,37,89,108,16,32,36,95" hai2="85,51,69,34,100,76,72,110,43,113,135,114,29" hai3="12,124,60,117,65,22,94,24,70,64,61,35,106"/><T48/><D134/><U68/><E68/><V7/><F69/><W119/><G124/><T130/><D130/><U75/><E32/><V40/><F135/><W125/><G125/><T4/><D115/><U3/><E75/><V105/><F110/><N who="1" m="42601" /><E3/><V33/><F72/><W129/><G129/><T98/><D74/><U122/><E37/><V54/><F105/><W118/><G106/><T46/><D79/><U104/><E36/><V87/><F100/><W53/><G35/><T73/><D73/><U121/><E104/><V18/><F7/><W42/><G12/><T101/><D4/><U132/><E132/><V84/><F76/><W5/><G5/><T71/><D71/><U82/><E82/><V112/><F18/><W107/><G107/><T17/><D17/><U92/><E89/><N who="0" m="34409" /><D103/><U55/><AGARI ba="1,0" hai="10,13,16,44,49,55,92,95,121,122,123" m="42601" machi="55" ten="40,2700,0" yaku="14,1,54,1" doraHai="56" who="1" fromWho="1" sc="308,-14,250,30,250,-8,192,-8" /><INIT seed="1,0,0,4,3,47" ten="294,280,242,184" oya="1" hai0="107,123,17,23,124,68,85,58,56,11,18,19,12" hai1="89,62,14,67,133,100,101,39,82,104,73,60,8" hai2="35,31,96,83,128,113,15,80,46,4,105,54,125" hai3="114,0,119,57,26,72,79,53,51,110,108,97,13"/><U91/><E39/><V22/><F128/><W34/><G119/><T127/><D68/><U49/><E133/><V33/><F125/><N who="0" m="48202" /><D107/><U7/><E73/><V95/><F105/><W99/><G114/><T2/><D85/><U103/><E104/><V115/><F35/><W74/><G0/><T3/><D58/><U129/><E129/><V106/><F106/><W135/><G135/><T63/><D123/><U78/><E67/><V112/><F33/><W24/><G13/><N who="0" m="7359" /><D19/><U45/><E78/><V70/><F70/><W30/><G24/><T28/><D28/><U64/><E64/><AGARI ba="0,0" hai="2,3,12,18,23,56,63,64" m="7359,48202" machi="64" ten="30,1000,0" yaku="18,1" doraHai="47" who="0" fromWho="1" sc="294,10,280,-10,242,0,184,0" /><INIT seed="2,0,0,4,1,39" ten="304,270,242,184" oya="2" hai0="33,59,98,43,104,26,45,14,119,95,0,97,88" hai1="112,120,99,4,102,131,27,38,56,105,70,71,78" hai2="130,52,109,15,55,65,125,117,5,7,46,79,77" hai3="103,81,58,89,96,74,9,101,23,76,90,75,50"/><V49/><F117/><W133/><G9/><T91/><D0/><U41/><E112/><V69/><F130/><W24/><G50/><N who="0" m="26943" /><D104/><U127/><E120/><V20/><F125/><W80/><G58/><T129/><D33/><U10/><E131/><V19/><F109/><W44/><G44/><T53/><D119/><U92/><E127/><V64/><F69/><W93/><G23/><T62/><D129/><U114/><E114/><V63/><F55/><W61/><G61/><T121/><D121/><U113/><E113/><V35/><F35/><W115/><G24/><T60/><D26/><U84/><E27/><V126/><F126/><W94/><G115/><T18/><D62/><U8/><E56/><V82/><F63/><W3/><G3/><T31/><D31/><U123/><E123/><V34/><F34/><W25/><G25/><T37/><D37/><U72/><E92/><V1/><F1/><W21/><G21/><N who="0" m="11479" /><D95/><U111/><E84/><N who="2" m="48207" /><F79/><N who="3" m="44151" /><G133/><T128/><D128/><U40/><E111/><V12/><F12/><W87/><AGARI ba="0,0" hai="75,76,81,87,89,90,93,94,96,101,103" m="44151" machi="87" ten="30,8000,1" yaku="35,5" doraHai="39" who="3" fromWho="3" sc="304,-20,270,-20,242,-40,184,80" /><INIT seed="3,0,0,4,1,53" ten="284,250,202,264" oya="3" hai0="71,28,34,22,20,61,107,68,59,86,39,65,29" hai1="90,105,43,12,32,36,131,117,84,15,80,8,106" hai2="70,82,87,13,55,5,127,24,30,97,17,81,57" hai3="7,74,122,116,91,63,93,100,18,9,41,130,78"/><W75/><G122/><T112/><D39/><U92/><E32/><V51/><F70/><W115/><G115/><T66/><D112/><U110/><E131/><V44/><F5/><W67/><G130/><T35/><D86/><U27/><E117/><V77/><F127/><W121/><G121/><T37/><D37/><U42/><E110/><V124/><F124/><W95/><G116/><T125/><D125/><U11/><E27/><V14/><F97/><N who="3" m="59439" /><G74/><T0/><D61/><U52/><E36/><V69/><F69/><W108/><G75/><T19/><D59/><U109/><E109/><V33/><F17/><W49/><G108/><T40/><D19/><U85/><E52/><V6/><F6/><W31/><G31/><T102/><D102/><U47/><E47/><V120/><F120/><W113/><G113/><T79/><D40/><U62/><E62/><V26/><F26/><W119/><G119/><T38/><D38/><U135/><E135/><V73/><REACH who="2" step="1"/><F44/><REACH who="2" ten="284,250,192,264" step="2"/><N who="3" m="25743" /><G7/><T1/><D107/><U123/><E123/><V10/><F10/><W54/><G9/><T103/><D103/><U134/><E134/><V101/><F101/><W96/><G18/><T126/><D126/><U16/><E106/><V88/><AGARI ba="0,1" hai="13,14,24,30,33,51,55,57,73,77,81,82,87,88" machi="88" ten="20,8000,1" yaku="1,1,0,1,7,1,52,1,54,1,53,0" doraHai="53" doraHaiUra="60" who="2" fromWho="2" sc="284,-20,250,-20,192,90,264,-40" /><INIT seed="4,0,0,0,1,62" ten="264,230,282,224" oya="0" hai0="106,22,117,128,109,104,90,68,100,63,95,11,134" hai1="101,64,81,30,6,123,75,71,12,77,74,120,103" hai2="17,124,87,122,16,27,96,86,94,58,118,111,41" hai3="56,40,132,76,1,70,129,20,55,73,107,66,125"/><T9/><D117/><U61/><E30/><V91/><F111/><W50/><G1/><T32/><D32/><U18/><E6/><V112/><F112/><W44/><G107/><T24/><D128/><U42/><E42/><V67/><F122/><W102/><G102/><T8/><D134/><U26/><E26/><V47/><F124/><W60/><G20/><T38/><D38/><U13/><E74/><V92/><F118/><W93/><G93/><T29/><D109/><U14/><REACH who="1" step="1"/><E18/><REACH who="1" ten="264,220,282,224" step="2"/><V113/><F113/><W119/><G119/><T48/><D29/><U126/><E126/><V131/><F131/><W3/><G125/><T35/><D24/><U133/><E133/><V59/><F17/><W39/><G132/><T57/><D35/><U89/><E89/><V98/><F27/><W105/><G3/><T53/><D90/><U84/><E84/><V45/><F16/><W21/><G129/><T115/><D115/><U116/><E116/><V108/><F108/><W19/><G105/><T33/><D33/><U135/><E135/><V114/><F114/><W80/><G19/><T85/><D104/><U78/><E78/><V31/><F31/><W28/><G28/><T99/><D85/><N who="2" m="32266" /><F41/><W23/><AGARI ba="0,1" hai="21,23,39,40,44,50,55,56,60,66,70,73,76,80" machi="23" ten="30,7900,0" yaku="0,1,24,2,52,1" doraHai="62" who="3" fromWho="3" sc="264,-39,220,-20,282,-20,224,89" owari="225,-17.0,200,-30.0,262,6.0,313,41.0" /></mjloggm>