<mjloggm ver="2.3"><GO type="97" lobby="0"/><UN n0="%6A%6F%6B%62%31%32%33%34" n1="%E3%83%A0%E3%83%A9%E3%83%9E%E3%82%B5%E3%81%95%E3%82%93" n2="%73%61%69%73%73%37%37%37" n3="%E3%82%A6%E3%83%AB%E3%83%88%E3%83%A9%E7%AB%8B%E7%9B%B4" dan="13,14,14,15" rate="1848.09,1939.62,1932.50,2013.46" sx="M,M,M,M"/><TAIKYOKU oya="0"/><INIT seed="0,0,0,5,4,76" ten="250,250,250,250" oya="0" hai0="110,8,40,92,59,84,22,113,62,56,7,121,69" hai1="78,37,12,94,39,16,42,48,72,53,109,44,106" hai2="107,119,14,125,20,9,61,102,66,34,19,120,133" hai3="6,131,35,60,117,5,77,135,51,45,88,15,81"/><T82/><D121/><U101/><E109/><V71/><F120/><W27/><G117/><T57/><D113/><U105/><E94/><V91/><F119/><W100/><G100/><T127/><D127/><U83/><E101/><V123/><F125/><W17/><G131/><T65/><D110/><U116/><E116/><V68/><F133/><W97/><G135/><T93/><D40/><U10/><REACH who="1" step="1"/><E39/><REACH who="1" ten="250,240,250,250" step="2"/><V114/><F123/><W21/><G60/><T13/><REACH who="0" step="1"/><D22/><REACH who="0" ten="240,240,250,250" step="2"/><U26/><E26/><V0/><F20/><W129/><G27/><T132/><D132/><U87/><E87/><V31/><F114/><W79/><G35/><T36/><D36/><U11/><E11/><V32/><F34/><W1/><G129/><T96/><D96/><U85/><E85/><V104/><F32/><W18/><G97/><T118/><D118/><U24/><E24/><V126/><F9/><W63/><G21/><T29/><D29/><U130/><E130/><V64/><F31/><W33/><G33/><T80/><D80/><U23/><E23/><V122/><F122/><W70/><G81/><T52/><D52/><U115/><E115/><V73/><F126/><W75/><G75/><T111/><D111/><U3/><E3/><V95/><F73/><W30/><G30/><T38/><D38/><U103/><E103/><V41/><F0/><W99/><G1/><T47/><D47/><AGARI ba="0,2" hai="10,12,16,37,42,44,47,48,53,72,78,83,105,106" machi="47" ten="30,8000,1" yaku="1,1,7,1,52,1,54,1,53,1" doraHai="76" doraHaiUra="4" who="1" fromWho="0" sc="240,-80,240,100,250,0,250,0" /><INIT seed="1,0,0,1,2,128" ten="160,340,250,250" oya="1" hai0="20,17,13,113,123,89,24,125,8,4,29,111,85" hai1="105,92,98,30,130,103,107,104,53,61,86,106,55" hai2="34,127,124,37,100,2,59,19,135,66,25,28,9" hai3="115,65,58,52,47,67,74,108,102,87,76,132,62"/><U114/><E114/><V36/><F100/><W129/><G74/><T10/><D113/><U117/><E117/><V72/><F135/><W80/><G115/><T26/><D89/><U78/><E130/><V41/><F72/><W16/><G129/><T18/><D85/><U112/><E112/><V71/><F19/><W95/><G108/><T49/><D111/><U51/><E30/><V6/><F59/><W121/><G132/><T64/><D64/><U42/><E42/><V33/><F34/><W90/><G121/><T118/><D49/><U21/><E21/><V38/><F41/><W116/><G116/><T70/><D70/><U0/><E0/><V84/><F84/><N who="3" m="48135" /><G102/><T77/><D77/><U83/><E61/><AGARI ba="0,0" hai="2,6,9,25,28,33,36,37,38,61,66,71,124,127" machi="61" ten="50,3200,0" yaku="23,2" doraHai="128" who="2" fromWho="1" sc="160,0,340,-32,250,32,250,0" /><INIT seed="2,0,0,0,5,29" ten="160,308,282,250" oya="2" hai0="73,19,135,16,14,42,49,10,83,128,98,82,0" hai1="127,48,47,104,2,123,7,68,120,11,115,24,60" hai2="41,119,26,66,121,101,126,35,32,5,118,39,4" hai3="93,125,86,57,21,70,61,64,69,56,25,113,76"/><V110/><F121/><N who="1" m="46665" /><E115/><V55/><F101/><W106/><G106/><T102/><D73/><U71/><E127/><V89/><F26/><W33/><G125/><T67/><D135/><U105/><E24/><V52/><F126/><W77/><G113/><T95/><D128/><U74/><E74/><V8/><F89/><W96/><G69/><N who="1" m="26698" /><E60/><V131/><F66/><W3/><G3/><T18/><D0/><U124/><E124/><V15/><F131/><W75/><G75/><T13/><D67/><U122/><E122/><V38/><F41/><AGARI ba="0,0" hai="2,7,11,41,47,48,104,105" m="26698,46665" machi="41" ten="30,1000,0" yaku="13,1" doraHai="29" who="1" fromWho="2" sc="160,0,308,10,282,-10,250,0" /><INIT seed="3,0,0,0,0,96" ten="160,318,272,250" oya="3" hai0="17,128,61,12,1,27,23,130,51,46,64,56,4" hai1="18,68,25,30,45,65,84,106,100,63,105,5,40" hai2="97,80,55,60,118,15,19,36,83,8,76,58,86" hai3="20,77,109,11,101,69,117,53,43,34,132,31,59"/><W71/><G34/><T72/><D72/><U114/><E114/><V33/><F118/><W74/><G43/><T78/><D1/><U38/><E5/><V16/><F33/><W6/><G77/><T104/><D104/><U110/><E110/><V127/><F127/><W131/><G117/><T47/><D78/><U2/><E2/><V122/><F36/><W108/><G74/><T129/><D4/><U22/><E100/><V95/><F122/><W37/><G37/><T115/><D115/><U0/><E0/><V13/><F86/><W48/><G131/><T111/><D111/><N who="3" m="42569" /><G132/><T99/><D51/><U70/><E70/><V88/><F76/><W125/><G125/><T29/><REACH who="0" step="1"/><D99/><REACH who="0" ten="150,318,272,250" step="2"/><U67/><E106/><V66/><REACH who="2" step="1"/><F66/><REACH who="2" ten="150,318,262,250" step="2"/><W81/><G6/><T73/><D73/><U50/><E67/><V3/><F3/><W52/><G48/><T42/><D42/><U28/><E50/><V26/><F26/><W79/><G79/><T14/><D14/><U134/><E25/><V135/><F135/><W93/><G53/><T112/><D112/><U91/><E134/><V89/><F89/><W103/><G52/><T85/><D85/><U82/><E84/><V57/><F57/><W24/><G59/><T35/><AGARI ba="0,2" hai="12,17,23,27,29,35,46,47,56,61,64,128,129,130" machi="35" ten="30,4000,0" yaku="1,1,0,1,19,1,53,0" doraHai="96" doraHaiUra="113" who="0" fromWho="0" sc="150,60,318,-10,262,-10,250,-20" owari="210,-29.0,308,41.0,252,5.0,230,-17.0" /></mjloggm>