<mjloggm ver="2.3"><GO type="97" lobby="0"/><UN n0="%E3%82%A6%E3%83%AB%E3%83%88%E3%83%A9%E7%AB%8B%E7%9B%B4" n1="%64%65%61%69%75%70%2E%63" n2="%6F%74%6F%74%79%61%6E" n3="%E3%83%86%E3%83%88%E3%83%A9" dan="15,15,13,15" rate="1999.71,2052.06,1892.32,2042.00" sx="M,M,M,F"/><TAIKYOKU oya="0"/><INIT seed="0,0,0,1,1,46" ten="250,250,250,250" oya="0" hai0="44,101,53,91,47,98,21,23,123,30,64,4,71" hai1="36,61,108,105,22,120,86,94,25,69,6,124,58" hai2="41,107,52,96,117,93,121,50,79,20,130,26,92" hai3="32,56,18,102,55,43,42,113,134,78,38,65,114"/><T77/><D123/><U17/><E105/><V0/><F121/><W76/><G134/><T81/><D91/><U70/><E36/><V35/><F35/><W27/><G65/><T29/><D4/><U51/><E120/><V90/><F107/><W87/><G102/><T7/><D7/><U66/><E108/><V1/><F41/><W48/><G32/><T14/><D64/><U80/><E124/><V126/><F126/><W10/><G38/><T49/><D71/><U15/><E94/><V13/><F117/><W122/><G122/><T115/><D115/><U45/><E25/><V37/><F37/><W110/><G110/><T97/><D47/><U31/><E31/><V40/><F40/><W75/><G75/><T85/><D97/><U34/><E34/><V33/><F33/><W68/><G68/><T103/><D103/><U9/><E22/><N who="0" m="8201" /><D14/><U63/><E61/><V133/><F133/><W24/><G76/><T127/><D127/><U100/><E100/><V59/><F79/><W104/><G104/><T95/><AGARI ba="0,0" hai="29,30,44,49,53,77,81,85,95,98,101" m="8201" machi="95" ten="30,3000,0" yaku="8,1,52,1" doraHai="46" who="0" fromWho="0" sc="250,30,250,-10,250,-10,250,-10" /><INIT seed="0,1,0,2,1,48" ten="280,240,240,240" oya="0" hai0="101,125,16,35,128,123,2,109,0,77,56,90,71" hai1="34,84,127,98,47,102,108,20,39,87,103,74,111" hai2="46,68,117,72,50,97,30,14,59,86,88,6,19" hai3="60,32,7,55,13,49,8,75,133,124,67,61,82"/><T119/><D101/><U18/><E34/><V21/><F68/><W65/><G32/><T104/><D77/><U94/><E74/><V4/><F72/><W100/><G133/><T81/><D90/><U112/><E127/><V54/><F117/><W79/><G124/><T40/><D81/><U91/><E103/><V62/><F30/><W120/><G100/><T12/><D40/><U135/><E135/><V44/><F97/><W53/><G49/><T129/><D56/><U114/><E39/><V130/><F130/><W96/><G96/><T76/><D76/><U69/><E69/><V95/><F46/><W70/><G120/><T106/><D35/><U93/><E47/><V66/><AGARI ba="1,0" hai="4,6,14,19,21,44,50,54,59,62,66,86,88,95" machi="66" ten="20,8000,1" yaku="0,1,7,1,8,1,52,1,54,1" doraHai="48" who="2" fromWho="2" sc="280,-41,240,-21,240,83,240,-21" /><INIT seed="1,0,0,1,3,5" ten="239,219,323,219" oya="1" hai0="129,125,45,31,109,60,6,88,96,4,33,94,53" hai1="18,103,111,61,34,25,72,126,55,15,2,114,87" hai2="7,130,79,95,110,97,78,71,47,42,14,85,48" hai3="73,101,50,99,1,54,63,40,89,24,98,108,56"/><U64/><E72/><V46/><F71/><W65/><G73/><T26/><D125/><U112/><E126/><V74/><F74/><W104/><G1/><T116/><D129/><U93/><E2/><V133/><F130/><W59/><G40/><T3/><D116/><U121/><E121/><V58/><F133/><W29/><G89/><T13/><D109/><U83/><E55/><V117/><F110/><W118/><G118/><T100/><D3/><U0/><E0/><V57/><F47/><W52/><G98/><T68/><D13/><U30/><E111/><V127/><F127/><W19/><G19/><T11/><D11/><U122/><E122/><V115/><F115/><W32/><G108/><T17/><D17/><U106/><E93/><V10/><F79/><W39/><G39/><T91/><D91/><U70/><E106/><V35/><F35/><W92/><G92/><T90/><D90/><U38/><E38/><V8/><F8/><W132/><G132/><T69/><D69/><U81/><E103/><N who="2" m="60863" /><F117/><W23/><G23/><T28/><D28/><U124/><E124/><V27/><F27/><W76/><G76/><T37/><D100/><U86/><E81/><AGARI ba="0,0" hai="7,10,14,42,46,48,57,58,78,81,85" m="60863" machi="81" ten="30,3900,0" yaku="25,1,8,1,52,1" doraHai="5" who="2" fromWho="1" sc="239,0,219,-39,323,39,219,0" /><INIT seed="2,0,0,2,0,16" ten="239,180,362,219" oya="2" hai0="13,94,11,58,126,70,44,22,61,105,55,62,127" hai1="18,49,92,4,52,67,40,97,14,73,48,129,119" hai2="35,107,103,32,46,60,76,116,64,69,2,10,117" hai3="120,12,86,78,3,75,71,125,118,132,106,7,88"/><V89/><F89/><W80/><G120/><T21/><D105/><U82/><E119/><N who="2" m="45643" /><F76/><W95/><G118/><T102/><D44/><U104/><E104/><V27/><F46/><W19/><G132/><T43/><D43/><U54/><E40/><V74/><F74/><W51/><G125/><N who="0" m="47627" /><D102/><U38/><E38/><V83/><F83/><W65/><G106/><T109/><D94/><U84/><E73/><V135/><F135/><W128/><G128/><T133/><D133/><U123/><E67/><V57/><F57/><W79/><G51/><T101/><D101/><U15/><E123/><V134/><F134/><W98/><G65/><N who="0" m="41271" /><D109/><U121/><E121/><V115/><F115/><W93/><G71/><T6/><AGARI ba="0,0" hai="6,11,13,21,22,55,58,61" m="41271,47627" machi="6" ten="30,4000,0" yaku="18,1,52,2" doraHai="16" who="0" fromWho="0" sc="239,40,180,-10,362,-20,219,-10" /><INIT seed="3,0,0,4,0,117" ten="279,170,342,209" oya="3" hai0="75,131,11,18,42,62,70,135,37,79,57,3,126" hai1="119,81,73,20,128,82,53,102,67,80,78,17,61" hai2="4,22,68,124,108,26,64,87,55,38,74,105,15" hai3="23,2,103,14,52,6,19,110,101,84,100,98,111"/><W99/><G84/><T8/><D8/><U40/><E119/><V116/><F38/><W134/><G134/><T48/><D18/><U29/><E128/><V34/><F116/><W95/><G2/><T56/><D48/><U30/><E40/><V13/><F74/><W47/><G6/><N who="0" m="1503" /><D57/><U21/><E102/><V60/><F105/><W66/><G66/><T1/><D56/><U76/><E53/><V96/><F96/><W28/><G28/><T107/><D107/><U9/><E9/><V36/><F36/><W122/><G122/><T16/><D16/><U88/><E21/><V44/><F34/><W132/><G132/><T41/><D41/><U51/><E51/><V49/><F4/><W10/><G10/><T92/><D92/><U58/><E81/><V54/><F87/><W91/><G99/><T27/><D27/><U89/><E30/><V123/><F123/><W114/><G114/><T94/><D94/><U106/><E29/><V86/><F86/><W77/><G77/><T130/><D1/><U45/><E45/><V71/><F71/><W59/><REACH who="3" step="1"/><G47/><REACH who="3" ten="279,170,342,199" step="2"/><N who="0" m="24015" /><D135/><U83/><E106/><V133/><F133/><W33/><G33/><T65/><D126/><U5/><E5/><V50/><F64/><W90/><G90/><N who="1" m="34922" /><E73/><V32/><F44/><W12/><G12/><AGARI ba="0,1" hai="12,17,20,58,61,67,76,78,80,82,83" m="34922" machi="12" ten="30,2000,0" yaku="8,1,54,1" doraHai="117" who="1" fromWho="3" sc="279,0,170,30,342,0,199,-20" owari="279,8.0,200,-20.0,342,44.0,179,-32.0" /></mjloggm>