<mjloggm ver="2.3"><GO type="97" lobby="0"/><UN n0="%E3%82%A6%E3%83%AB%E3%83%88%E3%83%A9%E7%AB%8B%E7%9B%B4" n1="%E3%81%8D%E3%82%80%E3%81%AB%E3%83%BC%32%30%30%39" n2="%65%74%61%6B%61%32%34" n3="%69%2E%6E%2E%67%6F%64%76" dan="15,13,13,13" rate="2004.94,1866.66,1854.52,1861.60" sx="M,M,M,M"/><TAIKYOKU oya="0"/><INIT seed="0,0,0,5,1,9" ten="250,250,250,250" oya="0" hai0="8,97,76,31,17,131,43,15,64,35,14,82,58" hai1="79,126,130,90,115,16,7,44,114,41,12,128,71" hai2="47,39,95,84,50,121,32,18,57,113,67,30,91" hai3="78,69,110,21,10,48,53,101,34,124,81,99,74"/><T49/><D131/><N who="1" m="50219" /><E71/><V120/><F113/><N who="1" m="43017" /><E79/><V62/><F39/><W102/><G110/><T100/><D31/><U75/><E75/><V92/><F32/><W4/><G124/><T70/><D70/><U24/><E7/><V37/><F30/><W22/><G34/><T111/><D35/><U6/><E90/><V0/><F0/><W68/><G102/><T28/><D28/><U104/><E104/><V134/><F37/><W23/><G10/><T33/><D33/><U118/><E41/><V20/><F134/><W89/><G89/><T27/><D111/><U19/><E44/><V77/><F77/><W106/><REACH who="3" step="1"/><G4/><REACH who="3" ten="250,250,250,240" step="2"/><T132/><D132/><U109/><E109/><V25/><REACH who="2" step="1"/><F95/><REACH who="2" ten="250,250,240,240" step="2"/><W83/><G83/><T88/><D76/><U45/><E126/><V125/><F125/><W123/><G123/><T65/><D82/><U98/><E6/><V116/><F116/><W85/><G85/><T93/><D93/><U38/><E98/><V66/><F66/><W5/><G5/><T107/><D65/><U26/><E118/><V73/><F73/><W3/><G3/><T52/><D64/><U61/><E38/><V63/><F63/><W46/><AGARI ba="0,2" hai="21,22,23,46,48,53,68,69,74,78,81,99,101,106" machi="46" ten="30,2000,0" yaku="1,1,0,1,53,0" doraHai="9" doraHaiUra="54" who="3" fromWho="3" sc="250,-10,250,-5,240,-5,240,40" /><INIT seed="1,0,0,2,3,102" ten="240,245,235,280" oya="1" hai0="106,68,50,131,41,66,42,76,109,117,37,99,87" hai1="133,130,3,25,120,132,46,115,94,69,125,29,38" hai2="18,90,77,64,12,6,34,26,126,0,2,92,48" hai3="60,111,39,14,79,124,65,103,10,22,105,51,8"/><U11/><E69/><V67/><F126/><W89/><G111/><T43/><D37/><U134/><E115/><V108/><F77/><W49/><G124/><T13/><D117/><U59/><E125/><V21/><F108/><W121/><G121/><T127/><D109/><U19/><E120/><V83/><F34/><W86/><G39/><T113/><D113/><U71/><E71/><V91/><F2/><W40/><G79/><T112/><D112/><U114/><E114/><V24/><F0/><W4/><G8/><T129/><D127/><U74/><E74/><V116/><F116/><W35/><G40/><T56/><D13/><U44/><E38/><V17/><F6/><W20/><G35/><T33/><D33/><U135/><N who="1" m="34304" /><DORA hai="80" /><U95/><E130/><N who="0" m="49673" /><D68/><U5/><E59/><V84/><F48/><W70/><G51/><T101/><D66/><N who="2" m="25130" /><F18/><W123/><G49/><T27/><D27/><U75/><E75/><V52/><F52/><W47/><G47/><N who="1" m="17962" /><E19/><V100/><F100/><W31/><G31/><T107/><D56/><U9/><E9/><V7/><F7/><W54/><G123/><T30/><D50/><U110/><E110/><V28/><F28/><W97/><G54/><T98/><D30/><U104/><E104/><N who="0" m="39977" /><D101/><U78/><E78/><V85/><AGARI ba="0,0" hai="12,17,21,24,26,83,84,85,90,91,92" m="25130" machi="85" ten="30,4000,0" yaku="8,1,52,2" doraHai="102,80" who="2" fromWho="2" sc="240,-10,245,-20,235,40,280,-10" /><INIT seed="2,0,0,0,5,111" ten="230,225,275,270" oya="2" hai0="103,106,1,67,0,12,64,44,91,126,128,123,38" hai1="98,97,124,68,120,66,75,65,49,100,25,21,35" hai2="87,119,26,101,71,57,61,72,107,16,7,84,116" hai3="41,30,58,27,29,32,118,92,89,94,83,15,13"/><V108/><F71/><W122/><G118/><T23/><D123/><U104/><E75/><V85/><F7/><W110/><G110/><T96/><D126/><U127/><E120/><V10/><F72/><W135/><G122/><T24/><D128/><U59/><E97/><V9/><F108/><W133/><G41/><T125/><D125/><N who="1" m="48203" /><E49/><V45/><F101/><W2/><G2/><T88/><D0/><U132/><E132/><N who="3" m="50762" /><G58/><T60/><D1/><U78/><E78/><V105/><F45/><W51/><G51/><T37/><D12/><N who="3" m="4681" /><G30/><T54/><D64/><U33/><E59/><V77/><F119/><W55/><G55/><T130/><D130/><U43/><E43/><V48/><F116/><W31/><G31/><T34/><D54/><U99/><E99/><V17/><F48/><W22/><G32/><N who="1" m="12362" /><E68/><V112/><F105/><W69/><G69/><T5/><D34/><U82/><E82/><V131/><F107/><W8/><G8/><T90/><D44/><U19/><AGARI ba="0,0" hai="19,21,25,65,66,98,100,104" m="12362,48203" machi="19" ten="30,1100,0" yaku="18,1" doraHai="111" who="1" fromWho="1" sc="230,-3,225,11,275,-5,270,-3" /><INIT seed="3,0,0,1,3,128" ten="227,236,270,267" oya="3" hai0="12,60,121,84,105,85,103,101,82,86,6,68,124" hai1="24,66,53,31,106,46,18,104,109,64,51,0,22" hai2="30,29,71,81,133,65,79,55,57,10,38,107,120" hai3="100,20,94,3,54,7,75,62,87,49,88,69,23"/><W74/><G100/><N who="0" m="38475" /><D68/><U80/><E109/><V98/><F107/><W17/><G69/><T72/><D105/><U117/><E117/><V36/><F98/><W19/><G62/><T73/><D60/><U15/><E0/><V16/><F120/><W39/><G3/><T35/><D35/><U27/><E106/><V95/><F71/><W58/><G7/><T125/><D12/><U1/><E27/><V118/><F95/><W25/><G39/><T41/><D41/><U110/><E104/><V43/><F118/><W97/><G97/><T28/><D28/><U119/><E119/><V93/><F65/><W45/><G45/><T50/><D50/><U131/><E131/><V114/><F93/><W33/><G33/><T34/><D34/><U92/><E110/><V99/><F114/><W108/><G108/><T113/><D6/><U52/><E1/><V129/><F99/><W111/><G111/><T135/><D113/><U76/><E92/><V40/><F129/><W14/><AGARI ba="0,0" hai="14,17,19,20,23,25,49,54,58,74,75,87,88,94" machi="14" ten="20,12000,1" yaku="0,1,7,1,25,2,54,1" doraHai="128" who="3" fromWho="3" sc="227,-40,236,-40,270,-40,267,120" owari="187,-31.0,196,-20.0,230,3.0,387,48.0" /></mjloggm>