<mjloggm ver="2.3"><GO type="97" lobby="0"/><UN n0="%E3%82%A6%E3%83%AB%E3%83%88%E3%83%A9%E7%AB%8B%E7%9B%B4" n1="%E3%81%A8%E3%81%A3%E3%81%B7%E3%82%8D%E3%83%BC%E3%81%A9" n2="%E7%BF%A0%E3%81%AE%E7%8B%B8" n3="%E5%BF%AB%E5%88%80%E4%B9%B1%E9%BA%BB" dan="15,14,13,15" rate="2043.66,1963.95,1915.89,1977.19" sx="M,M,M,M"/><TAIKYOKU oya="0"/><INIT seed="0,0,0,5,4,36" ten="250,250,250,250" oya="0" hai0="68,37,55,110,62,83,78,103,9,64,18,45,91" hai1="89,2,108,11,13,7,117,35,71,134,47,19,51" hai2="56,86,107,49,96,63,20,77,23,40,132,69,75" hai3="92,10,101,125,76,93,121,100,44,79,88,105,6"/><T28/><D110/><U22/><E108/><V80/><F69/><W27/><G121/><T102/><D91/><U115/><E115/><V17/><F132/><W42/><G125/><T53/><D28/><U60/><E134/><V116/><F116/><W114/><G114/><T26/><D55/><U120/><E117/><V124/><F124/><W97/><G27/><T34/><D34/><U32/><E120/><V131/><F131/><W70/><G70/><T12/><D26/><U74/><E74/><V14/><F75/><W1/><G105/><T38/><D38/><U30/><E89/><V52/><F107/><W58/><G58/><T24/><D24/><U129/><E129/><V57/><F96/><W5/><G5/><T15/><D15/><U127/><E127/><V43/><F20/><W50/><REACH who="3" step="1"/><G101/><REACH who="3" ten="250,250,250,240" step="2"/><T118/><D118/><U65/><REACH who="1" step="1"/><E30/><REACH who="1" ten="250,240,250,240" step="2"/><V25/><REACH who="2" step="1"/><F25/><REACH who="2" ten="250,240,240,240" step="2"/><W85/><AGARI ba="0,3" hai="1,6,10,42,44,50,76,79,85,88,92,93,97,100" machi="85" ten="20,12000,2" yaku="1,1,2,1,0,1,7,1,52,1,54,1,53,1" doraHai="36" doraHaiUra="87" who="3" fromWho="3" sc="250,-60,240,-30,240,-30,240,150" /><INIT seed="1,0,0,4,1,81" ten="190,210,210,390" oya="1" hai0="71,12,110,46,55,75,116,37,18,23,44,119,30" hai1="32,10,63,36,69,96,98,118,99,126,83,58,29" hai2="67,125,49,120,86,5,97,103,31,15,68,80,66" hai3="25,130,79,109,100,50,124,43,61,77,40,93,106"/><U7/><E36/><V45/><F120/><W22/><G106/><T60/><D75/><U20/><E118/><V122/><F122/><W94/><G109/><T14/><D110/><U19/><E69/><V90/><F68/><W42/><G130/><T95/><D30/><U35/><E126/><V104/><F125/><W21/><G124/><T87/><D46/><U132/><E132/><V121/><F121/><W48/><G61/><T72/><D72/><U92/><E83/><V111/><F111/><W78/><G100/><T102/><D102/><U70/><E70/><V82/><F31/><N who="3" m="17839" /><G22/><T9/><D71/><U13/><E29/><V65/><F5/><W113/><G113/><T52/><D37/><U51/><E51/><AGARI ba="0,0" hai="40,42,43,48,50,51,77,78,79,93,94" m="17839" machi="51" ten="30,1000,0" yaku="8,1" doraHai="81" who="3" fromWho="1" sc="190,0,210,-10,210,0,390,10" /><INIT seed="2,0,0,3,1,77" ten="190,200,210,400" oya="2" hai0="49,63,66,55,48,76,2,103,7,96,131,122,82" hai1="67,14,74,52,17,132,53,34,89,94,85,134,135" hai2="27,110,5,126,30,9,84,117,3,120,133,128,78" hai3="23,72,71,80,105,92,75,114,79,36,47,10,15"/><V124/><F117/><W97/><G105/><T58/><D122/><U59/><E34/><N who="2" m="20831" /><F120/><W116/><G71/><T39/><D39/><U88/><E74/><V104/><F104/><W100/><G116/><T60/><D131/><U40/><E40/><V81/><F128/><W26/><G114/><T19/><D19/><U43/><E43/><V86/><F133/><W61/><G61/><T115/><D115/><U57/><E67/><V1/><F1/><W50/><G36/><T108/><D108/><U4/><E4/><V31/><F31/><W13/><G10/><T95/><D7/><U118/><E118/><V121/><F121/><W130/><G75/><T64/><D2/><U35/><E35/><V62/><F62/><W44/><G130/><T12/><D12/><U107/><E107/><V46/><F46/><W28/><G47/><T93/><D93/><N who="1" m="54415" /><E57/><V21/><F110/><W69/><G69/><T41/><D41/><AGARI ba="0,0" hai="13,15,23,26,28,41,44,50,72,79,80,92,97,100" machi="41" ten="30,2000,0" yaku="7,1,52,1" doraHai="77" who="3" fromWho="0" sc="190,-20,200,0,210,0,400,20" /><INIT seed="3,0,0,4,5,92" ten="170,200,210,420" oya="3" hai0="64,25,82,94,84,87,80,133,126,51,47,10,124" hai1="41,22,30,96,72,15,19,132,112,38,67,59,131" hai2="63,35,24,23,130,3,89,109,27,129,2,83,49" hai3="65,8,127,46,53,85,7,11,101,119,9,73,128"/><W86/><G73/><T43/><D133/><U71/><E112/><V26/><F109/><W12/><G119/><T105/><D105/><U61/><E72/><V20/><F35/><W28/><G128/><N who="2" m="49257" /><F49/><W113/><G113/><T45/><D64/><U68/><E131/><V58/><F89/><W134/><G134/><T81/><D25/><U33/><E132/><V57/><F83/><W91/><G127/><T54/><D10/><U122/><E122/><V104/><F104/><W121/><G121/><T118/><D118/><U40/><E96/><V17/><F57/><W36/><G36/><T78/><D78/><U31/><E31/><N who="2" m="17799" /><F26/><W88/><G101/><T60/><D94/><U79/><E30/><V107/><F107/><W44/><G28/><T117/><D117/><U16/><E33/><V106/><F106/><W50/><G65/><AGARI ba="0,0" hai="2,3,17,23,27,58,63,65" m="17799,49257" machi="65" ten="30,1000,0" yaku="19,1" doraHai="92" who="2" fromWho="3" sc="170,0,200,0,210,10,420,-10" owari="170,-33.0,200,-20.0,220,2.0,410,51.0" /></mjloggm>