<mjloggm ver="2.3"><GO type="97" lobby="0"/><UN n0="%E3%81%98%E3%82%85%E3%81%AA%E3%81%B0%E3%81%B0%E3%81%B0" n1="%E3%83%9E%E3%83%9C" n2="%67%75%70%70%79%39%38" n3="%E3%82%A6%E3%83%AB%E3%83%88%E3%83%A9%E7%AB%8B%E7%9B%B4" dan="14,13,14,15" rate="1918.84,1914.01,1932.14,1970.58" sx="M,M,M,M"/><TAIKYOKU oya="0"/><INIT seed="0,0,0,1,0,128" ten="250,250,250,250" oya="0" hai0="97,14,83,16,40,107,118,111,57,73,35,74,18" hai1="119,66,115,60,75,4,37,10,50,30,114,106,28" hai2="31,47,90,48,78,113,103,121,12,71,105,131,134" hai3="117,108,32,76,42,85,11,2,135,130,25,64,55"/><T125/><D118/><U81/><E119/><V38/><F131/><W58/><G117/><T79/><D35/><U41/><E106/><V9/><F121/><W1/><G130/><T26/><D125/><U36/><E75/><V67/><F113/><N who="1" m="43017" /><E81/><V8/><F134/><W56/><G108/><T116/><D116/><U39/><E50/><V22/><F38/><W69/><G69/><T63/><D111/><U24/><E41/><V6/><F78/><W70/><G70/><T5/><D40/><U21/><E21/><V124/><F124/><W87/><G32/><T133/><D133/><U91/><E91/><V89/><F9/><W44/><G135/><T49/><D49/><U62/><E24/><N who="2" m="16791" /><F105/><W15/><G76/><T100/><D74/><U51/><E51/><V82/><F71/><W72/><G72/><T96/><D96/><U123/><E123/><V29/><F29/><N who="1" m="11369" /><E66/><V7/><F103/><W92/><G25/><T19/><D26/><U101/><E101/><V98/><F67/><W3/><G64/><T132/><D132/><U27/><E27/><V102/><F6/><W65/><G65/><T68/><D68/><U110/><E110/><V122/><F122/><W104/><G104/><T59/><REACH who="0" step="1"/><D63/><REACH who="0" ten="240,250,250,250" step="2"/><U46/><E46/><V45/><F45/><W80/><G42/><T112/><D112/><U52/><E52/><N who="2" m="29727" /><F82/><W126/><G44/><T13/><D13/><AGARI ba="0,1" hai="4,10,13,36,37,39,60,62" m="11369,43017" machi="13" ten="40,1300,0" yaku="11,1" doraHai="128" who="1" fromWho="0" sc="240,-13,250,23,250,0,250,0" /><INIT seed="1,0,0,3,3,39" ten="227,273,250,250" oya="1" hai0="112,104,18,25,88,111,10,32,2,73,127,84,125" hai1="52,15,48,19,87,12,26,21,7,60,46,37,33" hai2="131,55,22,54,58,24,62,11,102,95,80,107,17" hai3="5,97,16,121,20,134,66,78,120,76,14,90,113"/><U3/><E37/><V123/><F123/><W40/><G113/><T61/><D73/><U59/><E33/><V83/><F131/><W122/><G134/><T74/><D74/><U94/><E7/><V1/><F107/><W98/><G66/><T69/><D112/><U35/><E35/><V13/><F1/><W44/><G5/><T108/><D104/><U45/><E45/><V70/><F70/><W135/><G135/><T79/><D79/><U28/><E3/><V106/><F106/><W105/><G98/><T77/><D77/><U91/><REACH who="1" step="1"/><E28/><REACH who="1" ten="227,263,250,250" step="2"/><V99/><REACH who="2" step="1"/><F55/><AGARI ba="0,1" hai="12,15,19,21,26,46,48,52,55,59,60,87,91,94" machi="55" ten="30,18000,2" yaku="1,1,2,1,7,1,8,1,54,1,53,1" doraHai="39" doraHaiUra="43" who="1" fromWho="2" sc="227,0,263,190,250,-180,250,0" /><INIT seed="1,1,0,4,5,50" ten="227,453,70,250" oya="1" hai0="60,29,130,2,89,55,44,42,132,94,81,9,113" hai1="71,88,77,7,98,99,122,63,20,109,47,134,78" hai2="111,84,51,21,97,16,92,117,114,14,22,15,19" hai3="53,31,91,108,116,36,8,118,13,123,119,100,67"/><U30/><E122/><V85/><F114/><W33/><G36/><T62/><D113/><U90/><E134/><V52/><F111/><W74/><G74/><T120/><D120/><U45/><E7/><V24/><F24/><W83/><G123/><T25/><D132/><U26/><E71/><V70/><F70/><W66/><G100/><T39/><D130/><U58/><E109/><V12/><F12/><W101/><G101/><T106/><D106/><U104/><E104/><V107/><F107/><W103/><G103/><T41/><D41/><U27/><E20/><V35/><F35/><W72/><G108/><T64/><D81/><U82/><E82/><V1/><F1/><W95/><G31/><T115/><D115/><U49/><E49/><V0/><F0/><W46/><G33/><T28/><D28/><U79/><E30/><V37/><F37/><W76/><G13/><T87/><D2/><U133/><E133/><V68/><F68/><W102/><G102/><T18/><D18/><U135/><E135/><V129/><F129/><W125/><G8/><T80/><D9/><U127/><E127/><V34/><F34/><W86/><G125/><T93/><D55/><U96/><E58/><N who="2" m="33055" /><F117/><W40/><G40/><T73/><D73/><U121/><E63/><N who="0" m="24105" /><D64/><U32/><E32/><V110/><F110/><W23/><G23/><T65/><D65/><U112/><E112/><V17/><F17/><W3/><G3/><T75/><D75/><U11/><E11/><V5/><F5/><W10/><G10/><T4/><D4/><U128/><E121/><V38/><F38/><RYUUKYOKU ba="1,0" sc="227,10,453,-30,70,10,250,10" hai0="25,29,39,42,44,80,87,89,93,94" hai2="14,15,16,19,21,22,84,85,92,97" hai3="46,53,66,67,72,76,83,86,91,95,116,118,119" /><INIT seed="2,2,0,2,4,92" ten="237,423,80,260" oya="2" hai0="93,96,125,73,22,117,69,121,133,40,30,55,60" hai1="124,91,71,43,0,84,42,37,89,80,127,1,122" hai2="18,134,135,119,70,114,123,105,52,16,34,45,7" hai3="113,66,83,128,72,8,58,100,35,126,131,77,68"/><V28/><F123/><W99/><G113/><T46/><D121/><U129/><E71/><V116/><F114/><W110/><G126/><N who="1" m="48170" /><E122/><V31/><F105/><N who="3" m="63647" /><G58/><T9/><D125/><U79/><E129/><N who="3" m="49738" /><G35/><T95/><D73/><U65/><E65/><V47/><F70/><W111/><G8/><T78/><D133/><N who="2" m="50698" /><F7/><W5/><G5/><T36/><D78/><U25/><E25/><V106/><F106/><W24/><G24/><T74/><D74/><U13/><E13/><V62/><F34/><W10/><G10/><T88/><D117/><N who="2" m="45130" /><F62/><AGARI ba="2,0" hai="62,66,68,72,77,83,110,111" m="49738,63647" machi="62" ten="30,3900,0" yaku="19,1,23,1,52,1" doraHai="92" who="3" fromWho="2" sc="237,0,423,0,80,-45,260,45" /><INIT seed="3,0,0,3,5,95" ten="237,423,35,305" oya="3" hai0="66,54,11,36,93,63,32,26,74,76,25,71,38" hai1="96,58,13,29,122,20,82,23,14,132,27,73,15" hai2="130,126,102,42,104,52,35,33,118,111,39,87,8" hai3="67,65,43,51,16,44,12,103,19,109,7,97,98"/><W9/><G109/><T129/><D129/><U49/><E122/><V69/><F126/><W128/><G128/><T61/><D38/><U117/><E117/><V91/><F118/><W77/><G77/><T112/><D36/><U105/><E132/><V121/><F130/><W85/><G85/><T79/><D112/><U2/><E2/><V127/><F121/><W68/><G68/><T62/><D11/><U84/><E73/><V57/><F127/><W1/><G1/><T101/><D32/><U30/><E105/><V92/><F111/><W21/><G7/><T72/><D72/><U81/><E96/><N who="3" m="36970" /><G103/><T86/><D74/><U37/><E37/><V131/><F52/><W133/><G133/><T123/><D123/><U22/><E84/><V34/><F57/><W18/><G18/><T6/><D6/><U120/><E120/><V75/><F8/><W45/><G45/><T119/><D119/><U50/><E58/><V28/><F92/><W107/><G107/><T124/><D124/><U40/><E40/><V48/><F42/><W70/><G70/><T31/><D31/><N who="1" m="11787" /><E27/><AGARI ba="0,0" hai="9,12,16,19,21,27,43,44,51,65,67" m="36970" machi="27" ten="30,12000,1" yaku="8,1,52,3,54,1" doraHai="95" who="3" fromWho="1" sc="237,0,423,-120,35,0,305,120" owari="237,-16.0,303,10.0,35,-46.0,425,52.0" /></mjloggm>