<mjloggm ver="2.3"><GO type="97" lobby="0"/><UN n0="%43%48%41%53%45%52%2C%39" n1="%74%61%6D%61%5F%74%61%6D" n2="%E3%82%A6%E3%83%AB%E3%83%88%E3%83%A9%E7%AB%8B%E7%9B%B4" n3="%E3%81%8A%E3%82%84%E3%82%93%E3%81%9F" dan="15,13,15,14" rate="1973.29,1890.41,2041.54,1880.44" sx="M,M,M,M"/><TAIKYOKU oya="0"/><INIT seed="0,0,0,1,4,38" ten="250,250,250,250" oya="0" hai0="117,116,27,48,80,108,102,91,47,17,12,15,59" hai1="130,87,115,32,133,41,24,3,20,112,10,4,60" hai2="45,100,28,43,135,11,86,113,125,97,93,51,79" hai3="22,8,31,73,110,5,37,14,62,131,53,69,94"/><T111/><D102/><U42/><E87/><V21/><F113/><N who="1" m="43593" /><E133/><V13/><F125/><W25/><G73/><T36/><D36/><U129/><E32/><V90/><F135/><W132/><G37/><T56/><D80/><U29/><E60/><V106/><F79/><W71/><G132/><T64/><D91/><U88/><E88/><V30/><REACH who="2" step="1"/><F21/><REACH who="2" ten="250,250,240,250" step="2"/><N who="3" m="15791" /><G131/><AGARI ba="0,1" hai="3,4,10,20,24,29,41,42,129,130,131" m="43593" machi="131" ten="30,7700,0" yaku="19,1,11,1,52,2" doraHai="38" who="1" fromWho="3" sc="250,0,250,87,240,0,250,-77" /><INIT seed="1,0,0,2,0,105" ten="250,337,240,173" oya="1" hai0="29,135,55,70,21,89,71,90,52,62,82,39,59" hai1="97,68,17,26,7,41,108,115,2,57,134,87,43" hai2="65,120,79,104,1,12,91,14,99,98,56,83,81" hai3="106,118,130,66,61,95,129,40,50,51,73,25,6"/><U18/><E68/><V110/><F1/><W19/><G106/><T88/><D39/><U132/><E115/><V109/><F56/><W74/><G118/><T93/><D135/><N who="1" m="51755" /><E2/><V24/><F24/><W23/><G6/><T119/><D119/><U101/><E7/><V36/><F36/><W124/><G95/><T121/><D121/><U27/><E87/><V128/><F65/><W49/><G40/><N who="1" m="15434" /><E57/><V45/><F45/><W37/><G37/><T22/><D82/><U58/><E58/><V47/><F47/><W100/><G100/><T96/><D71/><U9/><E108/><V10/><F110/><W4/><G4/><T76/><D70/><U53/><E53/><V16/><F109/><W46/><G46/><T8/><D8/><U63/><E63/><V94/><F120/><W32/><G32/><T86/><D55/><U69/><E69/><V112/><F112/><W33/><G33/><T31/><D76/><U67/><E67/><V116/><F79/><W84/><G84/><T60/><D86/><U13/><E18/><V28/><F116/><W20/><G61/><T122/><D62/><U111/><E111/><V38/><F16/><N who="3" m="12423" /><G66/><T5/><D5/><U126/><E126/><V85/><F85/><W107/><G124/><T0/><D0/><U103/><E97/><V123/><F99/><W131/><G107/><T44/><D44/><U72/><E72/><V127/><F104/><W15/><AGARI ba="0,0" hai="15,19,23,49,50,51,73,74,129,130,131" m="12423" machi="15" ten="40,8000,1" yaku="19,1,52,2,54,1" doraHai="105" who="3" fromWho="3" sc="250,-20,337,-40,240,-20,173,80" /><INIT seed="2,0,0,0,0,69" ten="230,297,220,253" oya="2" hai0="131,132,130,37,7,135,64,73,8,10,87,67,89" hai1="101,38,119,81,13,121,76,70,128,92,117,4,23" hai2="59,35,127,134,122,14,18,17,25,118,19,1,88" hai3="77,83,72,39,50,49,78,97,66,129,55,63,0"/><V52/><F1/><W124/><G124/><T120/><D73/><U29/><E70/><V6/><F122/><W95/><G129/><N who="0" m="49163" /><D120/><U15/><E128/><V53/><F118/><W22/><G77/><T99/><D99/><N who="1" m="59623" /><E121/><V32/><F127/><W45/><G0/><N who="0" m="103" /><D10/><N who="1" m="4295" /><E38/><V42/><F134/><N who="0" m="51242" /><D37/><U5/><E119/><V114/><F114/><W21/><G50/><T125/><D125/><U62/><E62/><V61/><F42/><W91/><G39/><T94/><AGARI ba="0,0" hai="64,67,87,89,94" m="51242,103,49163" machi="94" ten="30,2000,0" yaku="19,1,20,1" doraHai="69" who="0" fromWho="0" sc="230,20,297,-5,220,-10,253,-5" /><INIT seed="3,0,0,5,5,21" ten="250,292,210,248" oya="3" hai0="115,31,134,73,111,107,124,60,23,43,102,14,94" hai1="80,96,54,100,127,130,44,93,51,40,123,29,120" hai2="38,108,85,39,68,82,10,58,106,114,118,17,12" hai3="66,74,88,25,4,99,76,110,132,55,24,18,125"/><W109/><G4/><T9/><D111/><N who="3" m="42505" /><G66/><T5/><D134/><U22/><E127/><V7/><F68/><W129/><G132/><T78/><D115/><U113/><E113/><V11/><F106/><W117/><G117/><T28/><D124/><U46/><E130/><V101/><F108/><W79/><G125/><T33/><D33/><U36/><E80/><V131/><F131/><W62/><G129/><T83/><D107/><U26/><AGARI ba="0,0" hai="22,26,29,36,40,44,46,51,54,93,96,100,120,123" machi="26" ten="30,2000,0" yaku="0,1,52,1" doraHai="21" who="1" fromWho="1" sc="250,-5,292,20,210,-5,248,-10" owari="245,5.0,312,40.0,205,-29.0,238,-16.0" /></mjloggm>