<mjloggm ver="2.3"><GO type="97" lobby="0"/><UN n0="%E3%83%AD%E3%83%90%E3%83%B3%E3%82%BD%E3%83%B3%32" n1="%E3%82%A6%E3%83%AB%E3%83%88%E3%83%A9%E7%AB%8B%E7%9B%B4" n2="%E9%82%A6%E6%9D%91%E9%95%B7" n3="%65%73%75%61%6E%6F%72%65" dan="14,15,13,13" rate="1933.97,2001.27,1858.16,1857.37" sx="M,M,M,M"/><TAIKYOKU oya="0"/><INIT seed="0,0,0,0,1,79" ten="250,250,250,250" oya="0" hai0="129,131,74,17,58,10,29,123,39,85,6,111,119" hai1="62,24,120,101,92,46,27,98,30,64,76,50,15" hai2="71,56,75,52,54,66,130,19,43,102,134,2,21" hai3="81,82,95,116,40,7,122,4,23,26,18,117,59"/><T36/><D119/><U97/><E120/><V135/><F2/><W28/><G122/><T133/><D74/><U37/><E37/><N who="0" m="14409" /><D123/><U104/><E15/><V51/><F102/><W11/><G40/><T132/><D111/><U91/><E76/><V80/><F130/><N who="0" m="49674" /><D29/><U63/><E63/><N who="2" m="38247" /><F71/><W109/><G109/><T88/><D58/><U61/><E27/><N who="2" m="14783" /><F43/><W0/><G59/><T113/><D17/><U110/><E110/><V78/><F51/><W67/><G67/><T48/><D48/><U77/><E77/><V108/><F108/><W107/><G107/><T49/><D49/><U53/><REACH who="1" step="1"/><E64/><REACH who="1" ten="250,240,250,250" step="2"/><V94/><F94/><W124/><G117/><T87/><D113/><U68/><E68/><V5/><F5/><W42/><G116/><T125/><D125/><U60/><E60/><V20/><F20/><AGARI ba="0,1" hai="20,24,30,46,50,53,61,62,91,92,97,98,101,104" machi="20" ten="30,3900,0" yaku="1,1,7,1,53,1" doraHai="79" doraHaiUra="89" who="1" fromWho="2" sc="250,0,240,49,250,-39,250,0" /><INIT seed="1,0,0,4,4,81" ten="250,289,211,250" oya="1" hai0="103,91,79,47,18,2,23,57,122,22,82,13,7" hai1="75,130,39,35,89,31,0,43,38,41,100,95,132" hai2="84,93,62,71,3,9,21,61,124,113,78,99,45" hai3="65,19,48,118,125,53,49,40,87,120,33,17,98"/><U80/><E0/><V134/><F124/><W44/><G120/><T36/><D122/><U117/><E117/><V109/><F134/><W92/><G125/><T68/><D68/><U83/><E31/><V90/><F109/><W135/><G33/><T10/><D103/><U85/><E35/><V131/><F131/><W72/><G72/><T88/><D57/><U50/><E130/><V107/><F113/><W114/><G114/><T64/><D64/><U60/><E60/><V102/><F71/><W112/><G112/><T97/><D97/><U51/><E100/><V54/><F21/><W77/><G135/><T76/><D76/><U108/><E132/><V42/><F54/><W67/><G118/><T66/><D22/><U34/><E34/><V37/><F3/><W116/><G116/><T115/><D66/><U69/><E69/><V59/><F9/><W5/><G5/><T24/><D24/><U121/><E121/><V12/><F12/><W73/><G73/><N who="0" m="43375" /><D115/><U11/><E11/><V58/><REACH who="2" step="1"/><F78/><REACH who="2" ten="250,289,201,250" step="2"/><W111/><G111/><T46/><D46/><N who="1" m="25951" /><E108/><V96/><F96/><W94/><G65/><T29/><D29/><U110/><E110/><V56/><AGARI ba="0,1" hai="37,42,45,56,58,59,61,62,84,90,93,99,102,107" machi="56" ten="30,4000,0" yaku="1,1,0,1,52,1,53,0" doraHai="81" doraHaiUra="26" who="2" fromWho="2" sc="250,-10,289,-20,201,50,250,-10" /><INIT seed="2,0,0,5,4,2" ten="240,269,251,240" oya="2" hai0="97,44,104,43,6,50,28,16,89,87,39,121,30" hai1="122,21,12,31,52,7,0,27,46,111,55,133,88" hai2="17,83,85,108,5,102,127,82,125,132,9,84,35" hai3="40,129,130,123,73,135,15,38,51,25,59,78,18"/><V41/><F132/><W79/><G135/><T13/><D121/><U101/><E0/><V26/><F41/><W131/><G123/><T36/><D39/><U20/><E133/><V65/><F102/><W68/><G68/><T80/><D36/><U124/><E122/><V93/><F65/><W117/><G117/><T24/><D24/><U109/><E101/><V95/><F108/><N who="1" m="41545" /><E124/><N who="2" m="47691" /><F17/><W14/><G73/><T71/><D71/><U58/><E46/><V4/><F9/><W67/><G38/><T106/><D6/><N who="2" m="2666" /><F26/><W69/><G69/><T49/><D49/><U56/><E7/><V37/><F35/><W57/><G67/><T86/><D106/><U118/><E118/><V32/><F32/><W103/><G103/><T47/><D104/><U45/><E12/><N who="3" m="4650" /><G18/><T77/><D97/><U22/><E22/><V81/><F37/><W10/><G25/><T99/><D99/><U29/><E21/><V19/><F19/><W60/><G10/><N who="0" m="6199" /><D47/><U61/><E45/><V134/><F134/><W64/><G40/><T42/><D42/><U120/><E120/><V91/><F91/><W75/><G75/><T112/><D112/><U90/><E31/><V11/><F11/><W92/><G92/><AGARI ba="0,0" hai="28,30,43,44,50,77,80,86,87,89,92" m="6199" machi="92" ten="30,2000,0" yaku="8,1,54,1" doraHai="2" who="0" fromWho="3" sc="240,20,269,0,251,0,240,-20" /><AGARI ba="0,0" hai="81,82,83,84,85,92,93,95" m="2666,47691" machi="92" ten="40,18000,2" yaku="28,2,18,1,52,3" doraHai="2" who="2" fromWho="3" sc="260,0,269,0,251,180,220,-180" /><INIT seed="2,1,0,1,1,12" ten="260,269,431,40" oya="2" hai0="0,42,97,55,20,48,18,103,29,120,81,126,122" hai1="93,88,49,134,101,83,106,46,76,23,3,45,70" hai2="60,40,14,84,132,47,111,27,53,135,121,131,22" hai3="114,87,85,67,128,102,78,51,59,9,117,33,74"/><V90/><F121/><W39/><G39/><T112/><D112/><U86/><E70/><V95/><F131/><W100/><G114/><T4/><D42/><U68/><E68/><V61/><F111/><W73/><G33/><T79/><D29/><U41/><E3/><V52/><F14/><W96/><G9/><T124/><D4/><U58/><E134/><N who="2" m="51243" /><F61/><W34/><G34/><T129/><D0/><U71/><E71/><V94/><F94/><W99/><G67/><T116/><D116/><U91/><E106/><V28/><F60/><W75/><G51/><AGARI ba="1,0" hai="22,27,28,40,47,51,52,53,84,90,95" m="51243" machi="51" ten="30,2900,0" yaku="20,1,54,1" doraHai="12" who="2" fromWho="3" sc="260,0,269,0,431,32,40,-32" /><INIT seed="2,2,0,1,0,100" ten="260,269,463,8" oya="2" hai0="113,28,108,88,61,22,110,15,103,75,57,53,47" hai1="67,80,19,124,96,10,7,105,79,70,104,127,56" hai2="9,42,0,89,17,133,71,14,26,50,73,43,44" hai3="39,109,132,117,13,111,45,5,87,72,54,4,102"/><V60/><F73/><W125/><G117/><T12/><D75/><N who="1" m="43135" /><E19/><V68/><F133/><W58/><G72/><T8/><D113/><U107/><E56/><V59/><F42/><N who="3" m="22751" /><G132/><T129/><D129/><U116/><E116/><V27/><F0/><W66/><G66/><T78/><D78/><U1/><E96/><V51/><F51/><N who="3" m="31071" /><G102/><T82/><D103/><U3/><E3/><V121/><F121/><W25/><G25/><N who="2" m="9225" /><F71/><W46/><G46/><T115/><D115/><U2/><E2/><V32/><F68/><W112/><G112/><T52/><D28/><U106/><N who="1" m="26624" /><DORA hai="91" /><U65/><E65/><N who="2" m="39071" /><F32/><W128/><G125/><N who="1" m="48202" /><E67/><V83/><F83/><W20/><G87/><N who="0" m="50295" /><D22/><U35/><E70/><V55/><F89/><W31/><G128/><T122/><D122/><U92/><E92/><V40/><AGARI ba="2,0" hai="9,14,17,40,43,44,50,55" m="39071,9225" machi="40" ten="30,1500,0" yaku="8,1" doraHai="100,91" who="2" fromWho="2" sc="260,-7,269,-7,463,21,8,-7" /><INIT seed="2,3,0,4,5,63" ten="253,262,484,1" oya="2" hai0="56,78,49,87,112,74,53,33,108,40,23,131,71" hai1="17,7,102,66,3,64,24,88,96,76,8,91,12" hai2="27,42,30,2,18,15,79,115,132,22,6,113,89" hai3="32,16,128,134,85,98,81,93,116,26,83,55,119"/><V106/><F106/><W51/><G128/><T77/><D33/><U84/><E76/><V99/><F79/><W107/><G134/><T58/><D112/><N who="2" m="43082" /><F42/><W5/><G5/><T101/><D74/><U47/><E47/><V9/><F99/><W48/><G107/><T34/><D34/><U117/><E117/><V65/><F89/><W90/><G81/><T73/><D73/><U86/><E86/><V60/><F60/><W100/><G48/><T44/><D71/><U127/><E127/><V54/><F65/><N who="1" m="25193" /><E3/><V46/><F54/><W29/><G16/><T129/><D131/><U43/><E43/><V50/><F50/><W126/><G126/><T28/><D129/><U35/><E35/><N who="2" m="20959" /><F46/><AGARI ba="3,0" hai="26,29,32,46,51,55,83,85,90,93,98,100,116,119" machi="46" ten="30,1000,0" yaku="7,1" doraHai="63" who="3" fromWho="2" sc="253,0,262,0,484,-19,1,19" /><INIT seed="3,0,0,3,3,16" ten="253,262,465,20" oya="3" hai0="120,85,112,40,0,32,14,125,67,37,91,82,61" hai1="74,97,86,107,45,106,78,34,103,30,124,9,114" hai2="49,18,70,130,81,15,89,60,54,7,26,116,122" hai3="59,94,44,80,73,4,110,131,96,5,57,55,19"/><W71/><G71/><T117/><D0/><U36/><E86/><V43/><F116/><W134/><G134/><T64/><D32/><U102/><E114/><V118/><F118/><W127/><G127/><T76/><D117/><U6/><E124/><V126/><F126/><W27/><G131/><T46/><D125/><U56/><E56/><V121/><F130/><W132/><G132/><T39/><D120/><N who="2" m="46186" /><F7/><W28/><G110/><T23/><D112/><U77/><E77/><V41/><F26/><W90/><G44/><T93/><D39/><U113/><E113/><V104/><F104/><W75/><G59/><T25/><D14/><U13/><E13/><V52/><F89/><W29/><G29/><T135/><D61/><U42/><E30/><V115/><F81/><W100/><G73/><T22/><D135/><U1/><E103/><V69/><F115/><W53/><G55/><T109/><D109/><U33/><E106/><V92/><F92/><W20/><G28/><T58/><D58/><U101/><E101/><V83/><F83/><AGARI ba="0,0" hai="1,6,9,33,34,36,42,45,74,78,83,97,102,107" machi="83" ten="40,8000,1" yaku="25,2,33,3" doraHai="16" who="1" fromWho="2" sc="253,0,262,80,465,-80,20,0" owari="253,-15.0,342,14.0,385,49.0,20,-48.0" /></mjloggm>