<mjloggm ver="2.3"><GO type="97" lobby="0"/><UN n0="%E3%82%A6%E3%83%AB%E3%83%88%E3%83%A9%E7%AB%8B%E7%9B%B4" n1="%E6%9C%AC%E6%B0%97%E3%81%8F%E3%82%93" n2="%E2%86%91%E3%81%84%E3%81%A3%E3%81%9F%E3%82%93%E2%86%93" n3="%E3%81%86%E3%81%95%E3%81%8E%E3%81%BE%E3%81%8D" dan="15,14,15,15" rate="1992.81,1905.60,1980.37,1932.85" sx="M,F,F,M"/><TAIKYOKU oya="0"/><INIT seed="0,0,0,0,3,81" ten="250,250,250,250" oya="0" hai0="97,46,87,112,124,34,126,129,9,131,7,35,10" hai1="56,67,104,102,51,43,111,30,89,80,127,83,3" hai2="16,98,61,26,74,42,60,96,40,72,59,52,99" hai3="17,6,128,48,106,82,125,105,49,79,100,54,28"/><T29/><D97/><U135/><E3/><V37/><F61/><W95/><G128/><N who="0" m="49227" /><D46/><U50/><E30/><V121/><F121/><W13/><G125/><N who="0" m="48235" /><D112/><U91/><E127/><V94/><F94/><W24/><G105/><T133/><D87/><U31/><E31/><V65/><F65/><W107/><G106/><T36/><D36/><U23/><E102/><V118/><F37/><W1/><G49/><T93/><D93/><U58/><E104/><V132/><F96/><W5/><G107/><T78/><D78/><U18/><E43/><V114/><F98/><W101/><G95/><T63/><D63/><U8/><E80/><V15/><F99/><W57/><G82/><T39/><D39/><U44/><E83/><V69/><F60/><W86/><G79/><T90/><D90/><U92/><E89/><V45/><F45/><W33/><G86/><T38/><D38/><U76/><E91/><V64/><F42/><W85/><G85/><T19/><D29/><U4/><E76/><V108/><F40/><W62/><G101/><T70/><D70/><U2/><E92/><V103/><F69/><W55/><G100/><T32/><D19/><U41/><E44/><V0/><F16/><W122/><G48/><T73/><D73/><U66/><E50/><V75/><F74/><W109/><G62/><T14/><D10/><U22/><E8/><V120/><F75/><W27/><G57/><T77/><D77/><U11/><E58/><V25/><F72/><W21/><G55/><T53/><D53/><U116/><E56/><V88/><F59/><W119/><G54/><RYUUKYOKU ba="0,0" sc="250,30,250,-10,250,-10,250,-10" hai0="7,9,14,32,34,35,133" /><INIT seed="0,1,0,0,3,121" ten="280,240,240,240" oya="0" hai0="50,87,1,95,56,116,25,110,102,35,63,16,20" hai1="84,114,109,6,10,45,112,89,49,21,42,100,67" hai2="52,5,122,39,118,126,135,119,43,105,88,34,15" hai3="134,12,96,60,32,2,111,57,53,128,83,24,28"/><T48/><D1/><U37/><E109/><V129/><F122/><W79/><G128/><T41/><D35/><U38/><E100/><V86/><F129/><W103/><G134/><T46/><D110/><U82/><E21/><V0/><F0/><W101/><G2/><T17/><D116/><N who="2" m="44586" /><F105/><W98/><G12/><T18/><D50/><U26/><E26/><V55/><F126/><W13/><G13/><T36/><D36/><U58/><E67/><V130/><F135/><W23/><G32/><T71/><D71/><U78/><E78/><V31/><F130/><W92/><G83/><T3/><D3/><N who="1" m="351" /><E58/><V62/><F62/><W133/><G133/><T81/><D95/><U44/><E44/><N who="2" m="23679" /><F31/><W104/><REACH who="3" step="1"/><G79/><REACH who="3" ten="280,240,240,230" step="2"/><T94/><D81/><U69/><E112/><V74/><F34/><W80/><G80/><T7/><D7/><U132/><E114/><V108/><F15/><W33/><G33/><T40/><D25/><U11/><E132/><V14/><F5/><W76/><G76/><T123/><D123/><U113/><E113/><V59/><F14/><W107/><G107/><T66/><D20/><U65/><E11/><V91/><F74/><W125/><G125/><T47/><D94/><U117/><E82/><V99/><F91/><W68/><G68/><T120/><D120/><U64/><E117/><V127/><F127/><W97/><G97/><T73/><D73/><U70/><E70/><V115/><F99/><W61/><G61/><T9/><D87/><U75/><E69/><V85/><F86/><W124/><G124/><T8/><D102/><U29/><E75/><RYUUKYOKU ba="1,1" sc="280,15,240,-15,240,-15,230,15" hai0="8,9,16,17,18,40,41,46,47,48,56,63,66" hai3="23,24,28,53,57,60,92,96,98,101,103,104,111" /><INIT seed="0,2,1,5,3,132" ten="295,225,225,245" oya="0" hai0="24,115,78,48,49,69,86,67,64,16,107,10,5" hai1="66,71,110,45,100,12,127,106,82,77,55,121,73" hai2="112,56,70,96,98,99,35,119,3,29,95,80,114" hai3="88,9,33,21,19,57,65,116,122,68,22,28,108"/><T133/><D107/><U111/><E121/><V51/><F70/><W61/><G122/><T43/><D69/><U124/><E71/><V60/><F119/><W62/><G116/><T81/><D115/><U30/><E66/><V7/><F3/><W85/><G108/><N who="1" m="41514" /><E30/><V79/><F7/><W59/><G33/><T17/><D133/><U87/><E73/><V75/><F51/><W92/><G28/><T105/><D105/><U20/><E100/><V25/><REACH who="2" step="1"/><F95/><REACH who="2" ten="295,225,215,245" step="2"/><W2/><G68/><T0/><D49/><N who="1" m="29103" /><E106/><V113/><F113/><W40/><G2/><T134/><D134/><U52/><E52/><AGARI ba="2,2" hai="25,29,35,52,56,60,75,79,80,96,98,99,112,114" machi="52" ten="40,2600,0" yaku="1,1,54,1,53,0" doraHai="132" doraHaiUra="44" who="2" fromWho="1" sc="295,0,225,-32,215,52,245,0" /><INIT seed="1,0,0,5,5,63" ten="295,193,267,245" oya="1" hai0="28,43,36,29,130,0,15,27,37,22,88,57,20" hai1="17,52,23,78,122,97,120,105,30,12,77,112,18" hai2="102,101,85,61,125,46,56,32,116,115,13,80,54" hai3="44,76,109,111,33,58,81,75,19,72,114,107,39"/><U35/><E105/><V104/><F116/><W134/><G33/><T133/><D0/><U99/><E35/><V94/><F125/><W123/><G123/><T50/><D130/><U24/><E112/><V70/><F104/><W95/><G114/><T59/><D133/><U132/><E132/><V47/><F32/><W8/><G107/><T10/><D37/><U41/><E41/><V6/><F70/><W126/><G126/><T49/><D36/><U121/><E30/><V2/><F2/><W25/><G134/><T83/><D49/><U113/><E113/><V82/><F82/><W90/><G58/><T64/><D57/><U84/><E52/><V118/><F118/><W108/><G39/><T68/><D68/><U135/><E135/><V60/><F60/><W66/><G66/><T119/><D119/><U131/><E131/><V7/><F115/><W96/><G44/><N who="2" m="16937" /><F94/><W69/><G69/><T34/><D34/><U67/><E67/><V127/><F127/><W62/><G62/><N who="0" m="37983" /><D50/><U51/><E51/><V11/><F7/><W124/><G124/><T128/><D43/><U65/><E65/><V53/><F54/><W14/><G25/><T45/><D45/><U4/><E4/><V106/><F106/><W89/><G90/><AGARI ba="0,0" hai="6,11,13,53,56,61,80,85,90,101,102" m="16937" machi="90" ten="30,1000,0" yaku="8,1" doraHai="63" who="2" fromWho="3" sc="295,0,193,0,267,10,245,-10" /><INIT seed="2,0,0,5,5,82" ten="295,193,277,235" oya="2" hai0="133,101,24,15,50,42,90,48,9,98,67,55,76" hai1="89,4,123,126,65,59,64,134,54,18,86,75,122" hai2="79,110,94,33,71,58,41,106,92,0,108,120,124" hai3="26,1,130,132,27,93,34,117,40,114,125,66,87"/><V99/><F71/><W32/><G117/><T51/><D76/><U60/><E75/><V25/><F120/><N who="1" m="46121" /><E134/><V80/><F0/><W45/><G114/><T28/><D42/><U129/><E126/><V3/><F3/><W47/><G132/><T105/><D67/><U88/><E129/><V131/><F131/><W118/><G118/><T107/><D107/><U74/><E74/><V6/><F6/><W127/><G1/><T85/><D133/><U103/><E103/><N who="2" m="62847" /><F41/><W29/><G130/><T2/><D2/><U10/><E18/><V53/><F124/><N who="3" m="47691" /><G66/><T21/><D55/><U38/><E89/><V100/><F100/><W20/><G93/><T104/><D104/><U22/><E22/><V11/><F11/><W39/><G47/><T97/><D101/><U119/><E38/><V12/><F33/><N who="3" m="12907" /><G27/><T7/><D105/><U72/><E119/><V62/><F25/><W77/><G77/><T16/><D98/><U52/><E65/><V23/><F23/><W116/><G116/><T8/><D97/><U13/><E72/><V35/><F35/><W84/><AGARI ba="0,0" hai="20,26,29,39,40,45,84,87" m="12907,47691" machi="84" ten="40,5200,0" yaku="18,1,52,2" doraHai="82" who="3" fromWho="3" sc="295,-13,193,-13,277,-26,235,52" /><INIT seed="3,0,0,2,3,81" ten="282,180,251,287" oya="3" hai0="74,68,87,64,14,113,71,54,124,109,33,4,23" hai1="95,20,49,34,72,85,39,24,100,117,51,37,18" hai2="9,103,96,73,97,55,123,107,47,102,135,86,121" hai3="82,16,36,45,46,65,53,105,13,61,22,130,98"/><W40/><G130/><T15/><D33/><U35/><E72/><V101/><F9/><W122/><G122/><N who="2" m="46601" /><F47/><W12/><G82/><T80/><D74/><U1/><E1/><V111/><F55/><W38/><G13/><T17/><D64/><U78/><E117/><V7/><F7/><W60/><G105/><T131/><D131/><U43/><E35/><V108/><F73/><W126/><G126/><T11/><D124/><U66/><E100/><N who="2" m="38507" /><F135/><W62/><G98/><T75/><D75/><U67/><E34/><V104/><F104/><W112/><G112/><T76/><D113/><U6/><E6/><V115/><F115/><W89/><G89/><T116/><D116/><U28/><E18/><V42/><F42/><W29/><G29/><T84/><D109/><N who="2" m="42058" /><F97/><W63/><G63/><T127/><D127/><U90/><E43/><V52/><F52/><W120/><G120/><T5/><D54/><U2/><E2/><V59/><F59/><W110/><G110/><T57/><D57/><U21/><E66/><V119/><F119/><W48/><G38/><T32/><D32/><U27/><E67/><V129/><F129/><W3/><G3/><T99/><D99/><U125/><E125/><V70/><F70/><AGARI ba="0,0" hai="12,16,22,36,40,45,46,48,53,60,61,62,65,70" machi="70" ten="30,2900,0" yaku="7,1,54,1" doraHai="81" who="3" fromWho="2" sc="282,0,180,0,251,-29,287,29" owari="282,8.0,180,-32.0,222,-18.0,316,42.0" /></mjloggm>