<mjloggm ver="2.3"><GO type="97" lobby="0"/><UN n0="%4B%45%52%4F%47%47" n1="%70%6F%6E%2D%65%6E" n2="%E3%82%A6%E3%83%AB%E3%83%88%E3%83%A9%E7%AB%8B%E7%9B%B4" n3="%E5%B2%A1%CF%80" dan="15,13,15,14" rate="2027.70,1876.16,1989.74,1982.01" sx="M,M,M,F"/><TAIKYOKU oya="0"/><INIT seed="0,0,0,3,1,108" ten="250,250,250,250" oya="0" hai0="77,128,24,87,37,46,72,74,30,101,102,105,53" hai1="25,81,21,95,55,116,73,58,39,86,5,122,34" hai2="57,19,29,69,27,65,11,43,75,100,54,90,17" hai3="22,120,109,33,32,1,0,16,130,85,99,56,82"/><T93/><D128/><U118/><E122/><V47/><F75/><W18/><G130/><T40/><D105/><U106/><E39/><V97/><F90/><W129/><G129/><T63/><D74/><U125/><E106/><V89/><F89/><W8/><G120/><T31/><D72/><U113/><E34/><V36/><F11/><W91/><G109/><T112/><D112/><U26/><E26/><V15/><F15/><W6/><G0/><T83/><D30/><U98/><E73/><V103/><F103/><W80/><G18/><T66/><D93/><U84/><E125/><V127/><F127/><W71/><G71/><T79/><D53/><U50/><E5/><V44/><F44/><W123/><G123/><T88/><D101/><U64/><E113/><V62/><F97/><W28/><G80/><T9/><D9/><U67/><E118/><V104/><F100/><W111/><G111/><T133/><D133/><U20/><E116/><V60/><F104/><W10/><G10/><T12/><D12/><U96/><E21/><V68/><F68/><W135/><G135/><T61/><D102/><N who="1" m="60703" /><E98/><V131/><F131/><W49/><G99/><T42/><D42/><U110/><E110/><V78/><F78/><N who="0" m="29706" /><D66/><N who="1" m="25131" /><E81/><V35/><AGARI ba="0,0" hai="17,19,27,29,35,36,43,47,54,57,60,62,65,69" machi="35" ten="20,1500,0" yaku="0,1,7,1" doraHai="108" who="2" fromWho="2" sc="250,-7,250,-4,250,15,250,-4" /><INIT seed="1,0,0,0,4,115" ten="243,246,265,246" oya="1" hai0="121,118,2,123,19,95,35,60,112,40,59,52,46" hai1="51,128,69,20,113,107,3,100,15,104,23,127,96" hai2="61,111,80,5,92,58,103,31,17,73,97,77,90" hai3="119,98,8,74,22,82,68,130,105,24,106,131,72"/><U39/><E39/><V120/><F120/><N who="0" m="46154" /><D2/><U89/><E107/><V86/><F111/><W126/><G68/><T37/><D35/><U83/><E3/><V85/><F5/><W27/><G8/><T108/><D108/><U16/><E113/><V76/><F76/><W88/><G22/><T42/><D112/><U75/><E69/><V0/><F0/><W109/><G109/><T45/><D95/><U13/><E127/><V91/><F17/><W14/><G14/><T41/><D19/><U84/><E128/><V4/><F4/><W64/><G64/><T133/><D133/><U7/><E75/><V81/><F31/><W71/><G71/><T125/><D125/><U43/><E7/><V9/><F9/><W29/><G126/><T6/><D6/><U50/><E43/><N who="0" m="16457" /><D46/><U67/><E67/><V12/><F12/><W18/><G18/><AGARI ba="0,0" hai="13,15,16,18,20,23,50,51,83,84,89,96,100,104" machi="18" ten="40,3900,0" yaku="9,1,54,1" doraHai="115" who="1" fromWho="3" sc="243,0,246,39,265,0,246,-39" /><INIT seed="1,1,0,4,5,107" ten="243,285,265,207" oya="1" hai0="56,95,96,83,89,42,60,113,55,115,16,38,10" hai1="118,103,85,121,104,25,132,120,4,35,114,109,71" hai2="62,47,92,76,135,127,59,108,52,81,86,128,11" hai3="80,65,110,67,24,50,39,7,44,37,82,29,106"/><U12/><E71/><V41/><F127/><W99/><G110/><T66/><D66/><U122/><E85/><V70/><F70/><W78/><G39/><T45/><REACH who="0" step="1"/><D83/><REACH who="0" ten="233,285,265,207" step="2"/><U21/><E121/><V58/><F128/><W79/><G80/><T102/><D102/><U100/><E103/><V3/><F135/><W23/><G67/><T90/><D90/><U48/><E100/><V68/><F108/><W126/><G65/><T77/><D77/><U61/><E132/><V0/><F68/><W51/><G78/><T20/><D20/><U93/><E21/><V112/><F112/><W57/><G79/><T32/><D32/><U8/><E35/><V31/><F11/><W75/><G82/><T84/><D84/><U124/><E8/><V53/><F92/><W74/><G23/><T72/><D72/><U64/><E93/><V88/><F76/><W1/><G74/><T116/><D116/><U43/><E64/><V133/><F133/><W49/><G75/><T94/><D94/><U101/><E101/><V6/><F88/><W123/><G106/><T129/><D129/><U69/><E104/><V22/><F86/><W111/><G111/><T34/><D34/><U14/><E118/><V97/><F81/><W28/><G99/><T119/><D119/><U9/><E114/><V87/><F87/><W98/><G98/><T105/><D105/><U73/><E120/><V2/><F97/><W131/><G123/><T5/><D5/><U33/><E73/><V30/><F6/><W18/><G131/><T15/><AGARI ba="1,1" hai="10,15,16,38,42,45,55,56,60,89,95,96,113,115" machi="15" ten="30,4000,0" yaku="1,1,0,1,54,1,53,0" doraHai="107" doraHaiUra="26" who="0" fromWho="0" sc="233,53,285,-21,265,-11,207,-11" /><INIT seed="2,0,0,5,2,39" ten="286,264,254,196" oya="2" hai0="11,114,110,22,91,121,2,19,62,21,111,120,15" hai1="86,53,71,41,106,90,94,113,57,31,46,81,125" hai2="99,135,50,77,73,16,28,55,107,49,128,132,87" hai3="108,127,29,85,82,109,79,13,80,97,75,130,84"/><V98/><F28/><W34/><G34/><T118/><D62/><N who="1" m="36143" /><E71/><V122/><F73/><W67/><G29/><T68/><D68/><U116/><E106/><V93/><F122/><N who="0" m="47210" /><D91/><N who="1" m="51663" /><E113/><V35/><F35/><W3/><G3/><T95/><D95/><U129/><E116/><V33/><F33/><W38/><G38/><T14/><D114/><U12/><E125/><V5/><F99/><W69/><G69/><T119/><D2/><U101/><E129/><V102/><F128/><W45/><G130/><T89/><D89/><U32/><E32/><V17/><F107/><W72/><G72/><T63/><D63/><U23/><E101/><V20/><F87/><W134/><G97/><T56/><D56/><U78/><E78/><V131/><F77/><W133/><G67/><T24/><D21/><U123/><E23/><V100/><F131/><W126/><G13/><N who="0" m="4619" /><D11/><U7/><E12/><V105/><F105/><W26/><G26/><T0/><D0/><U65/><E31/><V42/><F20/><W83/><G45/><T10/><D10/><U51/><E46/><V40/><F98/><W43/><G82/><T76/><D76/><U117/><E94/><V4/><F55/><W64/><G79/><T48/><D48/><U44/><E65/><V59/><F59/><W1/><G1/><T115/><D115/><U112/><E112/><V30/><F30/><W124/><G75/><T47/><D47/><U88/><E44/><V27/><F93/><W74/><G74/><T25/><D25/><AGARI ba="0,0" hai="4,5,16,17,25,27,40,42,49,50,100,102,132,135" machi="25" ten="25,12000,1" yaku="22,2,52,2,54,1" doraHai="39" who="2" fromWho="0" sc="286,-120,264,0,254,120,196,0" /><INIT seed="2,1,0,4,0,42" ten="166,264,374,196" oya="2" hai0="34,15,108,43,9,30,63,50,0,125,81,56,37" hai1="104,109,26,124,122,134,14,90,85,91,94,105,25" hai2="8,2,61,77,46,87,29,48,13,115,118,49,59" hai3="80,112,100,68,10,82,99,69,27,102,86,23,76"/><V64/><F2/><W32/><G32/><T58/><D0/><U57/><E109/><V12/><F49/><W123/><G123/><T111/><D37/><U20/><E124/><V84/><F118/><W7/><G112/><T71/><D71/><U41/><E134/><V135/><F135/><W130/><G130/><T97/><D125/><U92/><E122/><V73/><F73/><W51/><G80/><T128/><D128/><U119/><E119/><V121/><F121/><W54/><G100/><T62/><D97/><U93/><E41/><V120/><F120/><W3/><G27/><N who="1" m="10250" /><E105/><V132/><F29/><W117/><G23/><T70/><D70/><U28/><E104/><V18/><F132/><W6/><G6/><N who="0" m="3511" /><D34/><U88/><E57/><N who="0" m="22121" /><D30/><U16/><E28/><V114/><F114/><W103/><G117/><T4/><D4/><U17/><E17/><V24/><F24/><W65/><G65/><T11/><D11/><U79/><E79/><V52/><F115/><W72/><G72/><T36/><D36/><U106/><E106/><V107/><F107/><W74/><G74/><T131/><D131/><U110/><E110/><N who="0" m="42025" /><D81/><AGARI ba="1,0" hai="14,16,20,81,85,88,90,91,92,93,94" m="10250" machi="81" ten="30,3900,0" yaku="8,1,54,2" doraHai="42" who="1" fromWho="0" sc="166,-42,264,42,374,0,196,0" /><INIT seed="3,0,0,1,3,55" ten="124,306,374,196" oya="3" hai0="0,68,46,93,23,135,53,25,75,119,43,65,90" hai1="105,64,91,99,123,78,76,120,38,29,63,52,22" hai2="3,126,45,133,116,26,104,114,5,128,40,103,42" hai3="66,102,32,117,111,48,28,124,49,54,101,20,44"/><W56/><G117/><T83/><D119/><U36/><E29/><V6/><F42/><W59/><G32/><T58/><D135/><U81/><E22/><V30/><F5/><W130/><G130/><T92/><D0/><U71/><E78/><V107/><F103/><W34/><G34/><T108/><D108/><U1/><E1/><V37/><F116/><W88/><G111/><T125/><D125/><U10/><E10/><N who="2" m="2399" /><F114/><W134/><G124/><T106/><D106/><U69/><E69/><V62/><F126/><W19/><G28/><T77/><D65/><U132/><E132/><V39/><F133/><W86/><G134/><T84/><D68/><U80/><E80/><V72/><F62/><N who="3" m="38215" /><G44/><T17/><D43/><U18/><E105/><V89/><F72/><W41/><G41/><T110/><D110/><U47/><E38/><V95/><F39/><W98/><G98/><T2/><D2/><U122/><E36/><V31/><F128/><W24/><G48/><T60/><REACH who="0" step="1"/><D46/><REACH who="0" ten="114,306,374,196" step="2"/><U27/><E47/><V11/><F45/><W112/><G112/><T61/><D61/><U85/><E71/><V96/><F40/><W70/><G70/><T21/><D21/><N who="1" m="13751" /><E64/><V35/><F37/><W67/><G67/><T13/><D13/><U113/><E113/><V100/><F107/><W15/><G15/><T57/><D57/><N who="1" m="35239" /><E123/><V74/><F104/><W51/><G51/><T12/><D12/><U9/><E9/><V16/><F11/><W73/><G73/><T14/><D14/><U127/><E127/><V94/><F74/><W115/><G115/><T121/><D121/><RYUUKYOKU ba="0,1" sc="114,10,306,10,374,-30,196,10" hai0="17,23,25,53,58,60,75,77,83,84,90,92,93" hai1="76,81,85,91,99,120,122" hai3="19,20,24,49,54,59,86,88,101,102" /><INIT seed="3,1,1,4,3,10" ten="124,316,344,206" oya="3" hai0="20,133,59,65,100,56,31,132,122,23,66,58,34" hai1="48,99,119,117,63,127,71,53,78,12,98,102,106" hai2="128,76,6,105,28,38,25,96,125,113,85,37,72" hai3="112,88,115,123,97,13,134,108,4,80,9,130,83"/><W14/><G123/><T62/><D100/><U44/><E127/><V60/><F113/><W101/><G134/><T24/><D122/><U116/><E78/><V131/><F6/><W32/><G32/><T43/><D43/><U64/><E99/><V118/><F118/><W61/><G130/><N who="2" m="49705" /><F72/><W81/><G61/><T94/><D94/><U77/><E77/><V18/><F18/><W91/><G108/><T93/><D93/><U82/><E82/><N who="2" m="47303" /><F60/><W8/><G112/><T79/><D79/><U55/><E119/><V42/><F42/><W51/><G51/><T45/><D45/><U21/><REACH who="1" step="1"/><E55/><REACH who="1" ten="124,306,344,206" step="2"/><V84/><F125/><W52/><G52/><T86/><D86/><U46/><E46/><V120/><F84/><W111/><G111/><T67/><REACH who="0" step="1"/><D62/><REACH who="0" ten="114,306,344,206" step="2"/><U0/><E0/><V126/><F126/><W54/><G115/><T3/><D3/><U107/><E107/><V109/><F109/><W57/><G101/><T15/><D15/><U26/><E26/><V19/><F120/><W27/><G27/><T73/><D73/><U36/><E36/><V103/><F38/><W68/><G97/><T22/><AGARI ba="1,3" hai="20,22,23,24,31,34,56,58,59,65,66,67,132,133" machi="22" ten="40,8000,1" yaku="1,1,0,1,29,2,53,0" doraHai="10" doraHaiUra="69" who="0" fromWho="0" sc="114,113,306,-21,344,-21,206,-41" owari="227,-17.0,285,9.0,323,41.0,165,-33.0" /></mjloggm>