<mjloggm ver="2.3"><GO type="41" lobby="0"/><UN n0="%E4%BC%9A%E7%A8%BD%E3%81%AE%E6%81%A5" n1="%E3%81%97%E3%81%A3%E3%81%B7" n2="%E3%82%A6%E3%83%AB%E3%83%88%E3%83%A9%E7%AB%8B%E7%9B%B4" n3="%EF%BC%91%EF%BC%90%E5%86%86%E3%83%8F%E3%82%B2" dan="14,13,16,14" rate="1814.22,1819.86,2070.39,1895.71" sx="M,M,M,M"/><TAIKYOKU oya="0"/><INIT seed="0,0,0,0,3,101" ten="250,250,250,250" oya="0" hai0="20,108,1,52,91,63,96,102,57,85,100,16,99" hai1="21,74,92,61,119,40,8,87,122,130,111,110,2" hai2="84,97,43,67,60,65,19,118,128,125,34,0,104" hai3="79,13,14,105,69,134,36,30,51,82,64,80,106"/><T135/><D135/><U22/><E122/><V44/><F67/><W66/><G36/><T31/><D31/><U10/><E119/><V81/><F118/><W131/><G30/><T32/><D32/><U26/><E74/><V58/><F34/><W54/><G131/><T116/><D1/><U123/><E123/><V89/><F0/><W6/><G80/><T68/><D68/><U76/><E130/><V109/><F128/><W88/><G134/><T86/><D116/><U83/><E40/><V24/><F125/><W121/><G121/><T133/><D133/><U126/><E126/><V129/><F129/><W72/><G64/><T70/><D70/><U39/><E39/><V55/><F65/><W41/><G41/><T47/><D47/><U3/><E61/><V114/><F114/><W49/><G51/><T17/><D108/><N who="1" m="41515" /><E92/><V33/><F33/><W120/><G120/><T46/><D46/><U37/><E37/><V132/><F132/><W113/><G113/><T73/><D73/><U28/><E87/><N who="0" m="33289" /><D91/><U27/><E83/><V5/><F109/><W18/><G88/><T62/><D62/><U71/><E71/><V115/><F115/><W4/><G66/><T95/><D20/><U127/><E76/><V107/><F44/><W11/><G69/><T23/><D23/><U12/><E127/><V94/><F43/><W7/><REACH who="3" step="1"/><G14/><REACH who="3" ten="250,250,250,240" step="2"/><T25/><D25/><U117/><E117/><V98/><F81/><W48/><G48/><T56/><D56/><AGARI ba="0,1" hai="4,6,7,11,13,18,49,54,56,72,79,82,105,106" machi="56" ten="40,8000,1" yaku="1,1,52,2,53,1" doraHai="101" doraHaiUra="50" who="3" fromWho="0" sc="250,-80,250,0,250,0,240,90" /><INIT seed="1,0,0,1,2,134" ten="170,250,250,330" oya="1" hai0="47,53,69,55,103,28,8,65,19,90,122,115,76" hai1="83,116,113,11,2,77,98,37,72,58,23,25,40" hai2="30,121,51,135,130,89,100,129,63,39,78,45,12" hai3="105,91,67,107,13,43,93,75,101,62,9,34,79"/><U82/><E116/><V35/><F121/><W119/><G34/><T14/><D115/><U74/><E113/><V71/><F78/><W10/><G119/><T64/><D122/><U92/><E37/><V132/><F30/><W46/><G10/><T128/><D76/><U111/><E111/><V7/><F100/><W54/><G54/><T84/><D103/><U81/><E40/><V73/><F73/><W87/><G75/><T112/><D112/><U5/><E74/><V50/><F89/><W38/><G79/><T1/><D1/><U6/><E6/><V86/><F86/><W15/><G15/><T117/><D117/><U118/><E58/><V44/><F12/><W56/><REACH who="3" step="1"/><G101/><REACH who="3" ten="170,250,250,320" step="2"/><T61/><D53/><U42/><E118/><V52/><F35/><W110/><G110/><T26/><D65/><U22/><E42/><V21/><F21/><W94/><G94/><T126/><D55/><U0/><E23/><V133/><F7/><AGARI ba="0,1" hai="7,9,13,38,43,46,56,62,67,87,91,93,105,107" machi="7" ten="30,2000,0" yaku="1,1,7,1,53,0" doraHai="134" doraHaiUra="31" who="3" fromWho="2" sc="170,0,250,0,250,-20,320,30" /><INIT seed="2,0,0,0,0,8" ten="170,250,230,350" oya="2" hai0="10,56,44,48,12,37,95,58,118,40,88,131,64" hai1="27,21,115,92,102,28,90,72,74,22,6,17,42" hai2="78,106,2,107,80,83,46,61,29,7,32,13,76" hai3="86,62,38,99,109,59,47,0,36,4,5,113,31"/><V101/><F2/><W126/><G109/><T134/><D118/><U104/><E115/><V79/><F29/><W23/><G113/><T51/><D134/><U119/><E119/><V120/><F32/><W77/><G126/><T68/><D131/><U103/><E6/><V91/><F120/><W25/><G99/><T85/><D68/><U129/><E129/><V133/><F133/><W55/><G4/><T114/><D114/><U130/><E130/><V65/><F46/><W127/><G127/><T96/><D96/><U54/><E42/><V33/><F33/><W41/><G77/><T20/><D20/><U16/><E17/><V112/><F112/><W122/><G122/><T67/><D37/><U100/><E104/><V123/><F123/><W111/><G111/><T75/><D75/><U63/><E74/><V11/><F101/><W124/><G124/><T24/><D24/><U60/><E72/><V26/><F26/><W117/><G117/><T69/><D69/><U45/><E45/><V57/><REACH who="2" step="1"/><F91/><REACH who="2" ten="170,250,220,350" step="2"/><W121/><G121/><T110/><D110/><U39/><E39/><V34/><F34/><W116/><G116/><T98/><D98/><U52/><E103/><V49/><F49/><W73/><G0/><T18/><D51/><U93/><E102/><V14/><F14/><W105/><G25/><T84/><D48/><U9/><E100/><V50/><F50/><W82/><G31/><T30/><D44/><U43/><E90/><V89/><F89/><W135/><G47/><T94/><D30/><U66/><E28/><V128/><F128/><W108/><G135/><RYUUKYOKU ba="0,1" sc="170,-10,250,-10,220,30,350,-10" hai2="7,11,13,57,61,65,76,78,79,80,83,106,107" /><INIT seed="2,1,1,5,2,51" ten="160,240,250,340" oya="2" hai0="38,110,106,3,15,127,25,27,28,85,90,104,67" hai1="56,95,134,6,73,60,46,55,7,21,129,20,72" hai2="69,30,101,79,42,14,54,84,41,93,100,10,57" hai3="83,89,76,112,103,65,109,37,35,77,52,122,64"/><V62/><F69/><W29/><G109/><T125/><D38/><U36/><E134/><V13/><F30/><W115/><G122/><T82/><D3/><U63/><E129/><V53/><F14/><W24/><G37/><T118/><D118/><U128/><E128/><V45/><F79/><W22/><G103/><T114/><D114/><N who="3" m="43561" /><G35/><T50/><D110/><U43/><E63/><V16/><F101/><W2/><G2/><T9/><D27/><U58/><E95/><V124/><F124/><W48/><G89/><T121/><D50/><U49/><E73/><V66/><F42/><W0/><G0/><T105/><D105/><U44/><BYE who="0" /><E72/><UN n0="%E4%BC%9A%E7%A8%BD%E3%81%AE%E6%81%A5" /><V74/><F74/><N who="3" m="43415" /><G77/><T17/><D67/><U99/><E99/><N who="2" m="59503" /><F84/><W81/><G81/><T70/><D70/><U133/><E133/><V75/><F75/><W19/><G29/><T61/><D61/><U97/><E97/><V113/><F113/><W91/><G91/><T33/><REACH who="0" step="1"/><D121/><REACH who="0" ten="150,240,250,340" step="2"/><U34/><E36/><V23/><F10/><W87/><G87/><T123/><D123/><U130/><E130/><V116/><F116/><W126/><G126/><T86/><D86/><U8/><E43/><V4/><F4/><W71/><G71/><T32/><D32/><U135/><E34/><V5/><F5/><W102/><G102/><T94/><D94/><U119/><E135/><V1/><F1/><W40/><G40/><T131/><D131/><U120/><E120/><V96/><F96/><W26/><G24/><T92/><D92/><U39/><E119/><V11/><F11/><W47/><AGARI ba="1,2" hai="19,22,26,47,48,52,64,65" m="43415,43561" machi="47" ten="30,4000,0" yaku="11,1,52,1,54,1" doraHai="51" who="3" fromWho="3" sc="150,-11,240,-11,250,-21,340,63" /><INIT seed="3,0,0,3,4,95" ten="139,229,229,403" oya="3" hai0="113,27,22,50,19,61,13,23,64,16,87,97,8" hai1="62,124,94,125,126,69,68,79,128,24,60,35,18" hai2="98,37,57,48,43,112,118,110,74,88,134,78,59" hai3="129,120,135,96,3,92,63,100,25,55,80,26,101"/><W105/><G120/><T109/><D109/><U84/><E128/><V127/><F110/><W108/><G129/><T65/><D113/><U34/><E18/><V17/><F112/><W123/><G108/><T82/><D50/><U12/><E12/><V53/><F118/><W36/><G36/><T11/><D65/><U46/><E94/><N who="2" m="56647" /><F74/><W41/><G41/><T45/><D45/><U130/><E24/><V54/><F127/><N who="1" m="48713" /><E130/><V111/><F111/><W121/><G135/><T58/><REACH who="0" step="1"/><D97/><REACH who="0" ten="129,229,229,403" step="2"/><U99/><E99/><V122/><F134/><W107/><G121/><T85/><D85/><U103/><E46/><V91/><F122/><W131/><G123/><T21/><D21/><U1/><E84/><V106/><F37/><W51/><G131/><T119/><D119/><U32/><E1/><V9/><F43/><W86/><G63/><N who="1" m="24106" /><E126/><V42/><F42/><W72/><G3/><T49/><D49/><U47/><E47/><V89/><F48/><W75/><G72/><T104/><D104/><U102/><E79/><AGARI ba="0,1" hai="8,11,13,16,19,22,23,27,58,61,64,79,82,87" machi="79" ten="30,7700,0" yaku="1,1,7,1,8,1,54,1,53,0" doraHai="95" doraHaiUra="67" who="0" fromWho="1" sc="129,87,229,-77,229,0,403,0" /><INIT seed="4,0,0,0,0,27" ten="216,152,229,403" oya="0" hai0="67,108,87,104,81,46,126,60,50,68,127,80,77" hai1="86,63,111,55,43,29,90,125,130,30,31,106,129" hai2="49,24,97,19,124,79,83,118,1,117,2,45,5" hai3="94,85,13,115,132,122,100,23,84,99,35,76,128"/><T107/><D108/><U8/><E111/><V96/><F124/><N who="0" m="47658" /><D81/><N who="1" m="49487" /><E125/><V61/><F61/><W51/><G35/><T66/><D66/><U134/><E106/><V59/><F59/><W9/><G115/><T44/><D44/><U7/><E43/><AGARI ba="0,0" hai="43,46,50,60,67,68,77,80,87,104,107" m="47658" machi="43" ten="30,1500,0" yaku="18,1" doraHai="27" who="0" fromWho="1" sc="216,15,152,-15,229,0,403,0" /><INIT seed="4,1,0,5,0,121" ten="231,137,229,403" oya="0" hai0="39,1,87,16,124,65,46,115,30,113,118,69,28" hai1="133,96,60,44,35,120,98,34,9,58,77,63,105" hai2="131,95,32,5,82,22,13,99,8,106,14,116,33" hai3="67,12,36,68,88,123,56,62,59,47,7,89,23"/><T66/><D118/><U76/><E120/><V10/><F106/><W84/><G123/><T86/><D1/><U127/><E9/><V26/><F82/><W29/><G89/><T119/><D119/><U93/><E93/><V126/><F95/><W132/><G132/><T97/><D97/><U21/><E21/><V117/><F99/><W75/><G75/><T6/><D6/><U52/><E44/><V92/><F92/><W71/><G71/><T110/><D124/><U101/><E127/><V49/><F49/><W37/><G47/><T102/><D102/><U94/><E133/><V55/><F55/><W3/><G3/><T129/><D46/><U24/><E24/><V91/><F91/><W43/><G43/><T4/><D4/><U109/><E94/><V112/><F126/><W20/><G20/><T40/><D39/><U57/><E101/><V11/><F11/><W31/><G31/><T130/><D69/><U83/><E83/><V85/><F85/><W48/><G48/><T25/><D25/><U64/><E64/><V74/><F74/><W128/><G37/><T42/><REACH who="0" step="1"/><D16/><REACH who="0" ten="221,137,229,403" step="2"/><U114/><E114/><V15/><F117/><W2/><G36/><T70/><D70/><U45/><E45/><V50/><F116/><W19/><G68/><T111/><AGARI ba="1,1" hai="28,30,40,42,65,66,86,87,110,111,113,115,129,130" machi="111" ten="25,18000,2" yaku="1,1,0,1,22,2,52,2,53,0" doraHai="121" doraHaiUra="73" who="0" fromWho="0" sc="221,193,137,-61,229,-61,403,-61" /><INIT seed="4,2,0,2,4,55" ten="414,76,168,342" oya="0" hai0="13,11,107,83,19,65,41,109,70,24,78,21,5" hai1="17,131,59,45,96,114,128,94,38,23,53,10,49" hai2="103,112,93,118,7,32,134,68,101,102,26,91,89" hai3="34,31,130,122,113,71,28,60,97,100,27,58,44"/><T47/><D107/><U86/><E10/><V117/><F68/><W82/><G113/><T120/><D120/><U35/><E35/><V61/><F26/><W77/><G122/><T75/><D109/><U54/><E38/><V50/><F7/><W121/><G121/><T9/><D9/><U12/><E86/><V48/><F61/><W123/><G123/><T8/><D8/><U116/><E116/><V66/><F66/><W125/><G125/><T42/><D70/><U129/><E114/><V30/><F30/><W132/><G130/><T108/><D108/><U14/><E54/><V98/><F32/><W110/><G110/><T63/><D63/><BYE who="0" /><U105/><E105/><V0/><F0/><W92/><G132/><T88/><D88/><N who="2" m="33866" /><F112/><W57/><G71/><T80/><D80/><U135/><E135/><V104/><F134/><W40/><G31/><T43/><D43/><U56/><REACH who="1" step="1"/><E12/><REACH who="1" ten="414,66,168,342" step="2"/><V133/><F133/><W39/><REACH who="3" step="1"/><G60/><REACH who="3" ten="414,66,168,332" step="2"/><T20/><D20/><U99/><E99/><N who="2" m="61503" /><F50/><W90/><G90/><AGARI ba="2,2" hai="14,17,23,45,49,53,56,59,90,94,96,128,129,131" machi="90" ten="40,12000,2" yaku="1,1,19,1,52,2,53,2" doraHai="55" doraHaiUra="52" who="1" fromWho="3" sc="414,0,66,146,168,0,332,-126" /><INIT seed="5,0,0,1,2,98" ten="414,212,168,206" oya="1" hai0="24,91,134,4,74,66,45,107,80,8,90,42,68" hai1="103,130,104,122,20,92,101,135,34,56,14,126,112" hai2="5,71,6,110,79,132,85,133,47,15,127,114,55" hai3="10,46,117,43,109,89,119,41,30,129,86,94,123"/><U7/><E122/><V106/><F71/><W100/><G109/><T0/><D0/><U12/><E34/><V54/><F110/><W37/><G123/><T52/><D52/><N who="2" m="20010" /><F47/><W67/><G43/><T3/><D3/><U50/><E112/><V33/><F33/><W87/><G129/><T115/><D115/><U82/><E130/><V57/><F57/><W97/><G30/><T16/><D16/><U131/><E131/><V18/><F114/><W95/><G10/><T99/><D99/><U118/><E118/><N who="3" m="45066" /><G67/><T17/><D17/><U60/><E104/><V44/><F106/><W59/><G59/><T61/><D61/><U69/><E135/><N who="2" m="51787" /><F44/><W77/><G77/><T62/><D62/><U105/><E105/><V35/><F35/><W64/><G64/><T121/><D121/><U1/><E1/><V65/><F65/><W26/><G26/><T102/><D102/><N who="1" m="38923" /><E126/><V21/><F127/><W76/><G76/><T58/><D58/><U124/><E124/><V38/><F38/><W2/><G2/><T116/><D116/><U13/><E69/><V113/><F113/><W28/><G28/><T128/><D128/><U111/><E111/><V39/><F39/><W70/><G70/><T125/><D125/><U31/><E82/><AGARI ba="0,0" hai="5,6,15,18,21,79,82,85" m="51787,20010" machi="82" ten="30,2000,0" yaku="20,1,54,1" doraHai="98" who="2" fromWho="1" sc="414,0,212,-20,168,20,206,0" /><INIT seed="6,0,0,5,4,74" ten="414,192,188,206" oya="2" hai0="126,26,91,21,66,130,15,113,132,50,84,9,90" hai1="56,82,116,62,115,7,77,106,88,112,41,70,117" hai2="71,102,27,109,0,45,75,89,95,61,5,28,33" hai3="94,53,25,13,67,20,92,120,1,6,39,103,49"/><V29/><F109/><W46/><G120/><T24/><D24/><U55/><E70/><V99/><F75/><W134/><G1/><T122/><D122/><U85/><E106/><V114/><F114/><N who="1" m="43561" /><E41/><V93/><F28/><W125/><G134/><T12/><D12/><U119/><E7/><V80/><F80/><W98/><G125/><T58/><D58/><U51/><E51/><V2/><F5/><W3/><G39/><T22/><D22/><U97/><E97/><V96/><REACH who="2" step="1"/><F45/><REACH who="2" ten="414,192,178,206" step="2"/><W131/><G131/><T73/><D73/><U118/><N who="1" m="30208" /><DORA hai="32" /><U87/><E87/><V124/><F124/><W63/><G6/><T86/><D86/><U30/><E30/><V101/><F101/><W48/><G103/><T68/><D68/><U105/><E105/><V14/><F14/><W8/><G13/><T40/><D40/><U69/><E69/><V79/><F79/><AGARI ba="0,1" hai="55,56,62,77,79,82,85,88" m="30208,43561" machi="79" ten="60,8000,1" yaku="15,1,52,2,54,1" doraHai="74,32" who="1" fromWho="2" sc="414,0,192,90,178,-80,206,0" /><INIT seed="7,0,0,2,0,48" ten="414,282,98,206" oya="3" hai0="8,23,78,34,86,59,61,93,33,51,104,92,113" hai1="98,53,44,3,94,0,28,12,24,106,133,99,128" hai2="1,102,50,84,109,35,38,25,60,100,115,54,85" hai3="7,47,110,80,116,39,56,13,117,107,69,49,11"/><W103/><G110/><T90/><D90/><U17/><E133/><V79/><F38/><W88/><G69/><T118/><D118/><U21/><E128/><V124/><F1/><W75/><G39/><T32/><D32/><U5/><E106/><V67/><F109/><W64/><G64/><T97/><D97/><U87/><E87/><V77/><F124/><W108/><G108/><T91/><D91/><U83/><E83/><V65/><F115/><W121/><G121/><UN n0="%E4%BC%9A%E7%A8%BD%E3%81%AE%E6%81%A5" /><T9/><D104/><U76/><E76/><V89/><F35/><W96/><G75/><T42/><D51/><U62/><E99/><V63/><F50/><W112/><G112/><T111/><D23/><U70/><E5/><V16/><F89/><W71/><G71/><T52/><D42/><U72/><E72/><V114/><F114/><W15/><G15/><T105/><D105/><U14/><E14/><V19/><F25/><W119/><G56/><T37/><D37/><U2/><E70/><V30/><F30/><W73/><G73/><T41/><D113/><U10/><E0/><V43/><F43/><W126/><G126/><T20/><D41/><U131/><E131/><V27/><F27/><W22/><G22/><T132/><D20/><U82/><E82/><V123/><F123/><W130/><G130/><T134/><D111/><U4/><E2/><V36/><F36/><W57/><G57/><T127/><D134/><U26/><E26/><V66/><F66/><W58/><G58/><T40/><D132/><U81/><E28/><V120/><F120/><W18/><G119/><T125/><D127/><RYUUKYOKU ba="0,0" sc="414,-10,282,-10,98,30,206,-10" hai2="16,19,54,60,63,65,67,77,79,84,85,100,102" owari="404,50.0,272,7.0,128,-37.0,196,-20.0" /></mjloggm>