<mjloggm ver="2.3"><GO type="97" lobby="0"/><UN n0="%6F%2E%74%2E%33" n1="%E3%82%A6%E3%83%AB%E3%83%88%E3%83%A9%E7%AB%8B%E7%9B%B4" n2="%7A%79%64%65" n3="%73%61%74%65" dan="14,15,14,15" rate="1903.18,1988.25,1965.82,1981.92" sx="M,M,M,M"/><TAIKYOKU oya="0"/><INIT seed="0,0,0,1,1,121" ten="250,250,250,250" oya="0" hai0="50,5,108,119,109,101,49,38,128,99,60,56,22" hai1="135,78,131,20,67,102,86,64,97,89,30,100,80" hai2="39,71,134,120,28,105,27,111,44,132,87,29,129" hai3="116,93,75,16,61,85,46,77,24,130,41,47,124"/><T42/><D119/><U37/><E37/><V25/><F87/><W82/><G75/><T125/><D125/><U122/><E122/><V118/><F25/><W34/><G116/><T79/><D128/><U33/><E33/><V10/><F10/><W133/><G124/><T66/><D79/><U51/><E135/><V55/><F55/><W36/><G133/><T112/><D112/><U113/><E113/><V115/><F27/><W8/><G130/><T32/><D32/><U117/><E117/><V26/><F26/><W70/><G93/><N who="0" m="58607" /><D5/><U0/><E0/><V7/><F7/><W91/><G47/><N who="0" m="24023" /><D22/><U76/><E131/><V84/><F44/><W62/><G70/><T96/><D96/><U74/><E20/><V90/><F84/><W40/><G40/><T95/><D95/><U35/><E35/><V1/><F90/><W57/><G57/><T2/><D2/><U58/><E58/><V31/><F29/><W83/><G83/><T81/><D81/><N who="1" m="47399" /><E30/><V54/><F31/><N who="3" m="19815" /><G77/><T92/><D92/><N who="1" m="56463" /><E51/><V59/><F28/><W98/><G8/><T88/><D88/><U18/><E18/><V103/><F59/><W127/><G91/><T43/><D43/><U14/><E14/><V126/><F103/><N who="1" m="39465" /><E64/><V72/><F54/><W104/><G41/><T17/><D17/><U53/><E67/><V69/><F134/><W107/><G16/><T12/><D12/><U65/><E65/><V3/><F71/><W123/><G36/><T9/><D9/><U48/><E53/><V110/><F1/><W23/><G123/><T45/><D49/><U73/><E48/><RYUUKYOKU ba="0,0" sc="250,10,250,10,250,10,250,-30" hai0="45,50,56,60,66,108,109" hai1="73,74,78,80" hai2="3,39,69,72,105,110,111,115,118,120,126,129,132" /><INIT seed="0,1,0,1,2,80" ten="260,260,260,220" oya="0" hai0="58,69,77,121,78,65,82,89,108,90,128,15,133" hai1="64,132,74,94,21,25,105,20,30,9,109,4,111" hai2="17,107,47,61,3,115,87,14,60,7,68,24,91" hai3="53,76,96,43,118,55,130,110,35,6,44,97,88"/><T125/><D121/><U99/><E74/><V11/><F107/><W129/><G118/><T98/><D69/><U113/><E105/><V42/><F115/><W33/><G76/><T10/><D125/><U102/><E132/><V66/><F24/><W23/><G110/><N who="1" m="41994" /><E64/><V38/><F61/><W31/><G6/><T29/><D108/><U2/><E113/><V84/><REACH who="2" step="1"/><F91/><REACH who="2" ten="260,260,250,220" step="2"/><W72/><G88/><T67/><D89/><U1/><E1/><V79/><F79/><W8/><G129/><T45/><D90/><U127/><E127/><V73/><F73/><W49/><G72/><T36/><D77/><U40/><E40/><V122/><F122/><W134/><G130/><T50/><D78/><U59/><E59/><V114/><F114/><W86/><G43/><T52/><D58/><U120/><E120/><V81/><F81/><W116/><G116/><T5/><D82/><U0/><E0/><V54/><F54/><W100/><G55/><T135/><D128/><U34/><AGARI ba="1,1" hai="2,4,9,20,21,25,30,34,94,99,102" m="41994" machi="34" ten="30,1100,0" yaku="14,1" doraHai="80" who="1" fromWho="1" sc="260,-6,260,24,250,-4,220,-4" /><INIT seed="1,0,0,4,2,24" ten="254,284,246,216" oya="1" hai0="70,35,129,114,99,127,56,92,47,1,96,121,74" hai1="3,108,18,131,106,67,119,100,68,90,112,54,109" hai2="8,123,0,55,2,78,64,61,53,107,28,65,48" hai3="113,135,115,37,43,23,12,71,82,80,58,21,91"/><U103/><E3/><V36/><F107/><W84/><G71/><T51/><D70/><U13/><E119/><V62/><F123/><W11/><G135/><T20/><D114/><U44/><E106/><V98/><F78/><W31/><G23/><T133/><D35/><U104/><E104/><V110/><F98/><W134/><G134/><T77/><D133/><U89/><E67/><V40/><F36/><W4/><G80/><T50/><D129/><U126/><E68/><V52/><F2/><W76/><G76/><T27/><D121/><U29/><E29/><V120/><F120/><W132/><G132/><T85/><D127/><U34/><E34/><V111/><F28/><W116/><G116/><T26/><D1/><U69/><E69/><V46/><F8/><W25/><REACH who="3" step="1"/><G58/><REACH who="3" ten="254,284,246,206" step="2"/><T49/><D77/><U128/><E112/><V93/><F0/><W30/><G30/><T60/><D56/><U5/><E131/><V73/><F73/><W97/><G97/><T41/><D96/><U86/><E128/><V6/><F65/><W42/><G42/><T83/><D74/><U38/><E86/><V117/><F64/><W14/><G14/><T122/><D122/><U72/><E13/><V125/><F117/><W124/><G124/><T59/><D85/><U7/><E72/><V88/><F125/><W17/><G17/><N who="0" m="12559" /><D83/><U75/><E75/><V118/><F118/><W19/><G19/><T87/><D87/><U105/><E18/><V95/><F6/><W33/><G33/><T39/><D99/><N who="1" m="61599" /><E5/><V66/><F40/><W16/><G16/><T32/><D41/><RYUUKYOKU ba="0,1" sc="254,-10,284,-10,246,-10,206,30" hai3="4,11,12,21,25,31,37,43,82,84,91,113,115" /><INIT seed="2,1,1,1,2,69" ten="244,274,236,236" oya="2" hai0="109,112,4,101,102,122,30,31,108,9,45,119,80" hai1="39,18,125,92,75,63,21,0,84,70,11,129,58" hai2="123,65,7,72,52,22,51,27,55,113,132,5,124" hai3="93,19,49,110,79,90,115,62,24,64,53,17,94"/><V25/><F72/><W50/><G79/><T91/><D112/><U16/><E70/><V99/><F123/><W40/><G115/><T106/><D122/><U23/><E75/><V32/><F113/><W96/><G110/><N who="0" m="42603" /><D119/><U28/><E39/><V44/><F132/><W71/><G24/><T12/><D45/><U76/><E125/><V77/><F124/><W60/><G94/><T59/><D59/><U3/><E129/><V2/><F77/><W97/><G97/><N who="0" m="61743" /><D102/><U111/><E111/><V42/><F2/><W6/><G6/><N who="2" m="2057" /><F65/><W82/><G82/><T118/><D118/><U34/><E34/><V85/><F32/><W43/><G60/><T67/><D67/><U95/><E3/><V130/><F130/><W57/><REACH who="3" step="1"/><G50/><REACH who="3" ten="244,274,236,226" step="2"/><T81/><D81/><U86/><E76/><V103/><F85/><AGARI ba="1,2" hai="4,9,12,30,31,80,85,91" m="61743,42603" machi="85" ten="30,1000,0" yaku="14,1" doraHai="69" who="0" fromWho="2" sc="244,33,274,0,236,-13,226,0" /><INIT seed="3,0,0,2,3,19" ten="277,274,223,226" oya="3" hai0="129,35,50,33,29,74,100,104,84,37,120,5,80" hai1="30,47,96,12,15,95,135,49,75,11,4,39,57" hai2="62,70,106,56,6,9,76,102,28,121,27,111,10" hai3="65,127,31,60,23,32,26,55,16,88,87,125,38"/><W21/><G38/><T1/><D37/><U110/><E75/><V86/><F121/><W40/><G40/><T119/><D74/><U109/><E135/><V99/><F111/><N who="1" m="42505" /><E57/><V82/><F6/><W58/><G32/><T90/><D119/><U112/><E112/><V61/><F61/><W34/><G34/><T52/><D129/><U133/><E133/><V59/><F59/><W18/><G65/><T92/><D104/><U118/><E39/><V25/><F25/><W20/><G127/><T83/><D83/><U46/><E30/><V73/><F73/><W126/><G125/><T45/><D29/><U66/><E66/><V64/><REACH who="2" step="1"/><F56/><REACH who="2" ten="277,274,213,226" step="2"/><W81/><G126/><T17/><D120/><U36/><E118/><V108/><F108/><W0/><G0/><T71/><D1/><U69/><E69/><V54/><F54/><W8/><G26/><T105/><D5/><U101/><E4/><V98/><F98/><W63/><G63/><T79/><D71/><U14/><E14/><V77/><F77/><W103/><G31/><T128/><D128/><U43/><E11/><V68/><F68/><W51/><G8/><T132/><D132/><U93/><E15/><V78/><F78/><W116/><G116/><T117/><D117/><U94/><E12/><V115/><F115/><W2/><G2/><T53/><D53/><AGARI ba="0,1" hai="36,43,46,47,49,53,93,94,95,96,101" m="42505" machi="53" ten="30,1000,0" yaku="14,1" doraHai="19" who="1" fromWho="0" sc="277,-10,274,20,213,0,226,0" /><INIT seed="4,0,0,5,5,10" ten="267,294,213,226" oya="0" hai0="33,110,5,42,30,96,41,119,11,63,74,127,90" hai1="105,86,56,20,77,6,107,38,2,55,46,95,45" hai2="118,78,81,8,23,24,111,85,124,104,3,52,120" hai3="132,100,125,61,19,28,115,102,49,66,53,116,17"/><T87/><D74/><U59/><E6/><V91/><F120/><W16/><G115/><T32/><D119/><U79/><E2/><V112/><F118/><W80/><G116/><T51/><D127/><U25/><E38/><V40/><F104/><W128/><G125/><T57/><D96/><U121/><E121/><V103/><F111/><W126/><G126/><T117/><D117/><U75/><E75/><V0/><F124/><W135/><G28/><T70/><D70/><U97/><E59/><V44/><F112/><W39/><G39/><T82/><D110/><U50/><E105/><V9/><F103/><W4/><G4/><T48/><D32/><U13/><E13/><V18/><F78/><N who="1" m="29705" /><E86/><V43/><F3/><W109/><G80/><T27/><D48/><U71/><E71/><V130/><F130/><W26/><G26/><T114/><D51/><U29/><E107/><V123/><F123/><W129/><G109/><T72/><D72/><U93/><E93/><V76/><F76/><W133/><G53/><T36/><D36/><U60/><E50/><N who="2" m="28743" /><F0/><W84/><G49/><T35/><D35/><U94/><E94/><V88/><F91/><AGARI ba="0,0" hai="20,25,29,45,46,55,56,60,91,95,97" m="29705" machi="91" ten="30,1000,0" yaku="8,1" doraHai="10" who="1" fromWho="2" sc="267,0,294,10,213,-10,226,0" owari="267,7.0,304,40.0,203,-30.0,226,-17.0" /></mjloggm>