<mjloggm ver="2.3"><GO type="97" lobby="0"/><UN n0="%E3%82%A6%E3%83%AB%E3%83%88%E3%83%A9%E7%AB%8B%E7%9B%B4" n1="%33%75%72%41" n2="%E5%8B%87%E5%88%A9%E3%81%8C%E6%9C%89%E5%88%A9" n3="%E5%8C%97%E6%B0%B7" dan="15,14,14,14" rate="1921.62,1994.48,1872.24,1926.01" sx="M,M,M,M"/><TAIKYOKU oya="0"/><INIT seed="0,0,0,0,1,118" ten="250,250,250,250" oya="0" hai0="96,102,20,97,13,14,42,94,16,130,68,72,81" hai1="57,53,117,78,121,17,125,132,29,80,3,5,1" hai2="109,12,31,89,54,127,48,73,122,36,101,59,70" hai3="60,77,26,91,0,9,32,69,61,34,27,76,44"/><T39/><D68/><U6/><E121/><V79/><F101/><W116/><G116/><T134/><D130/><U55/><E117/><V90/><F31/><W131/><G44/><T65/><D134/><U108/><E29/><V99/><F36/><W18/><G131/><T88/><D65/><U38/><E38/><V120/><F70/><W103/><G103/><T10/><D42/><U75/><E132/><V40/><F40/><W107/><G107/><T37/><D72/><U23/><E125/><V95/><F127/><W110/><G110/><T56/><D56/><U66/><E66/><V126/><F126/><W87/><G69/><T47/><D47/><U100/><E100/><V124/><F124/><W52/><G0/><T98/><D98/><U33/><E33/><V74/><F109/><W28/><G60/><T24/><D14/><U129/><E108/><V43/><F43/><W133/><G133/><T30/><REACH who="0" step="1"/><D81/><REACH who="0" ten="240,250,250,250" step="2"/><U8/><E57/><V128/><F74/><W15/><G26/><T135/><D135/><U19/><E129/><V49/><F128/><W113/><G113/><T62/><D62/><U71/><E71/><V21/><F73/><W2/><G2/><T93/><AGARI ba="0,1" hai="10,13,16,20,24,30,37,39,88,93,94,96,97,102" machi="93" ten="20,12000,1" yaku="1,1,0,1,7,1,54,2,53,0" doraHai="118" doraHaiUra="63" who="0" fromWho="0" sc="240,130,250,-40,250,-40,250,-40" /><INIT seed="0,1,0,4,4,54" ten="370,210,210,210" oya="0" hai0="91,122,55,41,20,2,72,76,22,121,88,29,42" hai1="61,51,70,107,52,1,65,84,110,106,19,103,15" hai2="93,101,127,59,109,12,90,45,43,115,39,77,6" hai3="128,133,95,113,11,132,13,60,50,114,97,126,100"/><T74/><D29/><U40/><E1/><V92/><F115/><W23/><G128/><T25/><D25/><U118/><E118/><V24/><F109/><W18/><G126/><T4/><D55/><U62/><E110/><V3/><F127/><W105/><G50/><T58/><D2/><U134/><E134/><N who="3" m="51818" /><G60/><T67/><D76/><U87/><E62/><V16/><F3/><W14/><G105/><T35/><D4/><AGARI ba="1,0" hai="4,11,13,14,18,23,95,97,100,113,114" m="51818" machi="4" ten="30,1000,0" yaku="20,1" doraHai="54" who="3" fromWho="0" sc="370,-13,210,0,210,0,210,13" /><INIT seed="1,0,0,2,2,126" ten="357,210,210,223" oya="1" hai0="89,93,24,15,98,32,51,73,36,11,33,109,66" hai1="114,60,85,10,124,25,108,76,134,110,97,21,52" hai2="64,74,55,40,116,9,79,38,129,101,23,83,106" hai3="87,7,43,47,58,4,99,115,133,12,1,57,39"/><U120/><E120/><V46/><F116/><W70/><G115/><T5/><D36/><U122/><E122/><V8/><F64/><W6/><G70/><T2/><D73/><U37/><E37/><V104/><F101/><W71/><G71/><T80/><D109/><N who="1" m="42091" /><E114/><V131/><F23/><W107/><G1/><T53/><D66/><U17/><E124/><V81/><F55/><W125/><G125/><T61/><D61/><U132/><E97/><V3/><F81/><W117/><G117/><T62/><D62/><U128/><E10/><V72/><F72/><W82/><G133/><N who="1" m="51306" /><E85/><V34/><F34/><W86/><G87/><T105/><D98/><U31/><E76/><V20/><F20/><W54/><G99/><T102/><D11/><N who="2" m="4170" /><F3/><W100/><G107/><T59/><D105/><U35/><E128/><N who="2" m="49227" /><F106/><W67/><G100/><T103/><D103/><U75/><E75/><N who="2" m="43519" /><F104/><W18/><G86/><T42/><D102/><U88/><E88/><V94/><F74/><W91/><G91/><T113/><D89/><U50/><E60/><V135/><F135/><W119/><G119/><T16/><D113/><U68/><E68/><V26/><F26/><W28/><G67/><T44/><D24/><N who="1" m="18919" /><E52/><V69/><F69/><W90/><G54/><T77/><D53/><U0/><E0/><V112/><F112/><W13/><G13/><T49/><D15/><U27/><E27/><V48/><F94/><W95/><G95/><T45/><D93/><U56/><E56/><V30/><F38/><W111/><G58/><T123/><D59/><U92/><E92/><V118/><F118/><RYUUKYOKU ba="0,0" sc="357,-15,210,15,210,15,223,-15" hai1="17,21,25,50" hai2="30,40,46,48" /><INIT seed="1,1,0,2,1,84" ten="342,225,225,208" oya="1" hai0="95,125,48,134,78,66,89,5,131,7,109,19,57" hai1="27,90,129,20,36,15,50,35,103,96,21,75,113" hai2="77,2,98,71,4,41,118,8,108,23,70,102,59" hai3="117,81,111,88,22,105,85,40,104,69,97,93,114"/><U73/><E36/><V133/><F118/><W63/><G114/><T17/><D109/><U99/><E113/><V11/><F108/><W58/><G111/><T1/><D1/><U33/><E129/><V68/><F133/><W116/><G69/><T123/><D125/><U122/><E122/><V56/><F77/><W30/><G40/><T83/><D134/><U130/><E130/><V28/><F41/><W24/><G117/><T62/><D131/><U37/><E37/><V132/><F132/><W110/><G110/><T31/><D31/><U101/><E50/><V55/><F11/><W79/><REACH who="3" step="1"/><G116/><REACH who="3" ten="342,225,225,198" step="2"/><T38/><D123/><U9/><E35/><V107/><F70/><W112/><G112/><T52/><D38/><U76/><E33/><V86/><F71/><W126/><G126/><T44/><D5/><U135/><E135/><V65/><F4/><W12/><G12/><T25/><D7/><U64/><E15/><V61/><F68/><W32/><G32/><T18/><D25/><U43/><E27/><V14/><F14/><W26/><G26/><T119/><D119/><U124/><E43/><V3/><F3/><W29/><G29/><T87/><D17/><U100/><E124/><V127/><F28/><W74/><G74/><AGARI ba="1,1" hai="18,19,44,48,52,57,62,66,74,78,83,87,89,95" machi="74" ten="30,3900,0" yaku="7,1,52,1,54,1" doraHai="84" who="0" fromWho="3" sc="342,52,225,0,225,0,198,-42" /><INIT seed="2,0,0,5,0,54" ten="394,225,225,156" oya="2" hai0="4,49,127,38,99,111,133,10,78,31,83,47,12" hai1="2,25,109,13,77,89,34,105,79,93,115,92,107" hai2="74,126,43,103,128,55,119,76,28,22,6,9,130" hai3="32,135,96,71,56,97,33,90,60,51,124,26,68"/><V39/><F119/><W123/><G123/><T104/><D38/><U58/><E2/><N who="2" m="215" /><F103/><W64/><G124/><T37/><D37/><U41/><E115/><V86/><F126/><W61/><G135/><T132/><D127/><U95/><E109/><V19/><F28/><W101/><G71/><T102/><D31/><U63/><E41/><V87/><F55/><W1/><G1/><T129/><D129/><N who="2" m="49770" /><F74/><W62/><G51/><T30/><D30/><U100/><E13/><N who="2" m="9583" /><F76/><W11/><G11/><T112/><D112/><U114/><E114/><V116/><F116/><W5/><G5/><T120/><D120/><U46/><E46/><AGARI ba="0,0" hai="39,43,46,86,87" m="9583,49770,215" machi="46" ten="30,1500,0" yaku="19,1" doraHai="54" who="2" fromWho="1" sc="394,0,225,-15,225,15,156,0" /><INIT seed="2,1,0,1,0,61" ten="394,210,240,156" oya="2" hai0="107,16,31,133,64,99,109,79,59,125,72,127,36" hai1="51,34,44,119,86,81,102,39,27,134,23,78,87" hai2="122,45,130,21,124,24,69,42,128,93,50,19,46" hai3="25,33,38,6,106,58,1,47,114,111,113,95,67"/><V82/><F122/><W117/><G117/><T131/><D36/><U84/><E39/><V75/><F69/><W70/><G106/><T40/><D40/><U20/><E34/><V13/><F124/><N who="0" m="47690" /><D31/><U88/><E119/><V100/><F46/><W55/><G111/><T14/><D79/><U68/><E68/><V17/><F82/><W132/><G132/><T96/><D72/><U118/><E118/><V85/><F75/><W76/><G76/><T126/><D126/><U49/><E134/><V30/><F100/><W83/><G83/><T116/><D133/><U110/><E110/><V101/><F101/><W18/><G95/><T80/><D80/><U112/><E112/><N who="3" m="43114" /><G70/><T52/><D116/><U129/><E102/><V54/><F42/><N who="3" m="22999" /><G1/><T74/><D74/><U43/><E129/><N who="2" m="49771" /><F13/><W94/><G94/><T115/><D107/><U56/><E78/><V4/><F4/><W11/><G6/><T121/><D109/><U9/><E9/><V12/><F12/><N who="3" m="7455" /><G33/><T103/><D103/><U29/><REACH who="1" step="1"/><E23/><REACH who="1" ten="394,200,240,156" step="2"/><V57/><F21/><W108/><G108/><T63/><D115/><U22/><E22/><V15/><F93/><W60/><G25/><T120/><D131/><U89/><E89/><V41/><F24/><W104/><G104/><T26/><D121/><U32/><E32/><V35/><F35/><W8/><G8/><N who="0" m="6215" /><D120/><U123/><E123/><V2/><F2/><W0/><G0/><T7/><D26/><U71/><E71/><V91/><F15/><W62/><G62/><T10/><D10/><U65/><E65/><AGARI ba="1,1" hai="55,58,60,65,67" m="7455,22999,43114" machi="65" ten="30,3900,0" yaku="11,1,52,2" doraHai="61" who="3" fromWho="1" sc="394,0,200,-42,240,0,156,52" /><INIT seed="3,0,0,2,3,6" ten="394,158,240,208" oya="3" hai0="71,36,42,10,12,16,101,38,43,121,103,127,56" hai1="94,19,106,82,3,100,44,20,39,69,87,111,99" hai2="29,17,55,125,92,0,46,83,75,14,66,91,128" hai3="97,65,22,120,104,4,27,59,32,26,40,18,109"/><W53/><G120/><T117/><D71/><U80/><E69/><V61/><F0/><W63/><G109/><T30/><D117/><U88/><E111/><V31/><F125/><W37/><G4/><T60/><D121/><U48/><E39/><V13/><F128/><W102/><G32/><T73/><D73/><U11/><E3/><V132/><F132/><W34/><G34/><T76/><D76/><U52/><REACH who="1" step="1"/><E11/><REACH who="1" ten="394,148,240,208" step="2"/><N who="2" m="6335" /><F14/><AGARI ba="0,1" hai="14,19,20,44,48,52,80,82,87,88,94,99,100,106" machi="14" ten="30,7700,0" yaku="1,1,7,1,54,2,53,0" doraHai="6" doraHaiUra="131" who="1" fromWho="2" sc="394,0,148,87,240,-77,208,0" owari="394,49.0,235,4.0,163,-34.0,208,-19.0" /></mjloggm>