<mjloggm ver="2.3"><GO type="97" lobby="0"/><UN n0="%E3%81%94%E3%82%8A%E3%82%93" n1="%61%69%72%33%33%33%72%65" n2="%E5%A4%A7%E6%8E%88" n3="%E3%82%A6%E3%83%AB%E3%83%88%E3%83%A9%E7%AB%8B%E7%9B%B4" dan="14,13,13,15" rate="1976.81,1879.74,1861.83,1977.64" sx="M,M,M,M"/><TAIKYOKU oya="0"/><INIT seed="0,0,0,3,1,10" ten="250,250,250,250" oya="0" hai0="120,78,23,72,108,29,130,111,105,66,8,99,125" hai1="42,4,110,51,35,85,34,74,27,45,53,48,50" hai2="90,135,81,2,118,39,11,12,21,9,5,114,33" hai3="62,56,0,3,112,46,63,41,88,75,107,47,17"/><T121/><D66/><U95/><E74/><V59/><F39/><W126/><G107/><T77/><D130/><U24/><E110/><N who="0" m="42025" /><D125/><U54/><E35/><V119/><F114/><W1/><G75/><T6/><D72/><U83/><E34/><V65/><F90/><W58/><G112/><T82/><D82/><U64/><E64/><V43/><F43/><W79/><G79/><T32/><D32/><U18/><E4/><N who="2" m="1175" /><F65/><W80/><G126/><T44/><D44/><N who="1" m="27783" /><E95/><V129/><F81/><W132/><G47/><T19/><D29/><U20/><E27/><V31/><F59/><W26/><G46/><T113/><D113/><U91/><E51/><V16/><F129/><W15/><G26/><N who="0" m="14719" /><D77/><U98/><E98/><V25/><F135/><W70/><G132/><T69/><D78/><U133/><E133/><V37/><F37/><W116/><G41/><AGARI ba="0,0" hai="18,20,24,41,42,45,50,54,83,85,91" m="27783" machi="41" ten="30,1000,0" yaku="8,1" doraHai="10" who="1" fromWho="3" sc="250,0,250,10,250,0,250,-10" /><INIT seed="1,0,0,0,0,8" ten="250,260,250,240" oya="1" hai0="83,117,50,23,131,107,13,92,123,71,130,74,22" hai1="41,87,2,11,3,77,29,58,54,98,26,27,108" hai2="78,64,5,89,12,51,132,99,84,31,20,100,126" hai3="70,104,46,69,25,14,19,95,52,135,9,111,134"/><U43/><E108/><V7/><F132/><N who="3" m="50731" /><G104/><T44/><D71/><N who="3" m="27145" /><G111/><T10/><D107/><U114/><E114/><V24/><F126/><W125/><G125/><T63/><D117/><U17/><E2/><V61/><F78/><W79/><G79/><N who="0" m="44535" /><D63/><N who="1" m="36311" /><E3/><V80/><F51/><N who="3" m="28791" /><G95/><T97/><D123/><U18/><E98/><V49/><F49/><W48/><G48/><T21/><D92/><U91/><E77/><V81/><F81/><W127/><G127/><T47/><D50/><U73/><E73/><V65/><F65/><W129/><G25/><N who="1" m="9226" /><E29/><V55/><F55/><W120/><G129/><N who="0" m="49163" /><D97/><U37/><E37/><V4/><F61/><W105/><G105/><T88/><D88/><U32/><E32/><V33/><F64/><W124/><G124/><T122/><D122/><AGARI ba="0,0" hai="9,14,19,120,122" m="28791,27145,50731" machi="122" ten="30,3900,0" yaku="20,1,52,1,54,1" doraHai="8" who="3" fromWho="0" sc="250,-39,260,0,250,0,240,39" /><INIT seed="2,0,0,2,5,0" ten="211,260,250,279" oya="2" hai0="33,65,54,129,132,37,29,88,7,74,18,75,68" hai1="82,48,101,114,86,46,9,36,126,56,69,76,77" hai2="107,67,51,118,83,50,49,41,17,97,38,23,62" hai3="20,4,15,44,124,95,21,39,135,57,3,47,53"/><V25/><F118/><W90/><G3/><T5/><D37/><U120/><E69/><V31/><F38/><W10/><G124/><T131/><D65/><U40/><E114/><V34/><F83/><W113/><G135/><T2/><D68/><U16/><E126/><V96/><F41/><W100/><G100/><T27/><D2/><U78/><E120/><V116/><F116/><W110/><G110/><T87/><D54/><U66/><E36/><V93/><F93/><W81/><G81/><N who="0" m="49263" /><D18/><U98/><E66/><V117/><F117/><W79/><G79/><T92/><D92/><N who="1" m="58567" /><E56/><V35/><F35/><W60/><G113/><T133/><D75/><U1/><E1/><V11/><F11/><W104/><G104/><T22/><D33/><U121/><E121/><V108/><F108/><W14/><G39/><T52/><D74/><U58/><E58/><V125/><F125/><W13/><G13/><AGARI ba="0,0" hai="9,13,16,40,46,48,76,77,78,82,86" m="58567" machi="13" ten="30,2000,0" yaku="8,1,54,1" doraHai="0" who="1" fromWho="3" sc="211,0,260,20,250,0,279,-20" /><INIT seed="3,0,0,3,0,77" ten="211,280,250,259" oya="3" hai0="81,64,8,135,89,25,13,88,19,14,63,82,6" hai1="22,17,108,5,105,109,71,1,4,79,3,52,27" hai2="30,104,102,51,58,61,130,32,33,132,106,119,0" hai3="120,97,78,98,86,62,103,95,67,74,11,15,47"/><W40/><G74/><T60/><D25/><U38/><E38/><V16/><F119/><W9/><G120/><T66/><D135/><U68/><E105/><V117/><F132/><W23/><G23/><N who="0" m="11759" /><D60/><U24/><E79/><V87/><F130/><W50/><G98/><T65/><D63/><U107/><E107/><V116/><F117/><W115/><G115/><T91/><AGARI ba="0,0" hai="6,8,14,64,65,66,81,82,88,89,91" m="11759" machi="91" ten="30,7900,0" yaku="8,1,52,2,54,1" doraHai="77" who="0" fromWho="0" sc="211,79,280,-20,250,-20,259,-39" /><INIT seed="4,0,0,0,5,105" ten="290,260,230,220" oya="0" hai0="39,13,27,99,56,68,125,51,59,108,28,120,84" hai1="71,65,50,32,118,63,47,134,67,7,91,24,2" hai2="25,17,35,12,21,53,114,70,55,19,18,86,131" hai3="97,94,30,133,37,1,62,88,121,8,111,15,72"/><T49/><D39/><U33/><E118/><V23/><F70/><W107/><G111/><T79/><D68/><U44/><E134/><V46/><F131/><W90/><G133/><T93/><D120/><U128/><E128/><V75/><F114/><W80/><G1/><T34/><D108/><U101/><E67/><V92/><F75/><W14/><G107/><T60/><D125/><U102/><E2/><V85/><F35/><W42/><G121/><T109/><D109/><U126/><E7/><V76/><F76/><W31/><G37/><T82/><D13/><U54/><E126/><V77/><F77/><W96/><G42/><T66/><D59/><U57/><E33/><V43/><F19/><N who="3" m="8647" /><G72/><T5/><D5/><U61/><E61/><V45/><F92/><N who="3" m="56327" /><G15/><T29/><D28/><N who="3" m="10793" /><G62/><T10/><D10/><U74/><E32/><V78/><F78/><W58/><G58/><T22/><D34/><U0/><E74/><V112/><F112/><W124/><G124/><T3/><D3/><U40/><E0/><V16/><F18/><W122/><G122/><T110/><D110/><U20/><E47/><N who="2" m="17931" /><F43/><W36/><G36/><T95/><D95/><U48/><REACH who="1" step="1"/><E91/><AGARI ba="0,0" hai="22,27,29,49,51,56,60,66,79,82,84,91,93,99" machi="91" ten="30,2900,0" yaku="7,1,8,1" doraHai="105" who="0" fromWho="1" sc="290,29,260,-29,230,0,220,0" owari="319,42.0,231,3.0,230,-17.0,220,-28.0" /></mjloggm>