<mjloggm ver="2.3"><GO type="97" lobby="0"/><UN n0="%E7%8C%AB%E3%81%97%E3%82%83%E3%82%93%E3%81%BA%E3%82%8D%E3%81%BA%E3%82%8D" n1="%E3%81%97%E3%82%8D%E3%81%9F%E3%81%95%E3%82%93" n2="%74%61%6B%65%6F%32" n3="%E3%82%A6%E3%83%AB%E3%83%88%E3%83%A9%E7%AB%8B%E7%9B%B4" dan="14,14,15,15" rate="1893.01,2031.64,1976.14,1948.47" sx="M,M,M,M"/><TAIKYOKU oya="0"/><INIT seed="0,0,0,0,5,22" ten="250,250,250,250" oya="0" hai0="8,99,54,81,118,47,132,122,39,109,45,57,101" hai1="95,65,14,113,117,24,68,60,78,110,35,93,73" hai2="62,125,9,123,92,87,16,75,77,53,4,29,21" hai3="36,104,27,133,52,89,84,86,106,115,82,51,96"/><T105/><D122/><U18/><E117/><V55/><F123/><W42/><G115/><T44/><D118/><U120/><E120/><V37/><F125/><W13/><G133/><T5/><D132/><U67/><E113/><V46/><F29/><W126/><G126/><T134/><D134/><U26/><E65/><V112/><F112/><W128/><G128/><T127/><D127/><U15/><E110/><V25/><F75/><W1/><G1/><T80/><D39/><U91/><E35/><V3/><F62/><W71/><G71/><T85/><D85/><U94/><E91/><V30/><F30/><W32/><G13/><T34/><D34/><U79/><E73/><V23/><F23/><W114/><G42/><T2/><REACH who="0" step="1"/><D109/><REACH who="0" ten="240,250,250,250" step="2"/><U88/><E79/><V131/><F77/><W10/><G86/><T76/><D76/><U129/><E78/><V33/><F33/><W19/><G36/><T130/><D130/><U41/><E129/><V124/><F131/><W61/><G32/><T70/><D70/><U31/><E68/><V43/><F124/><W11/><G114/><T69/><D69/><U135/><E135/><V38/><F38/><W116/><G116/><T49/><AGARI ba="0,1" hai="2,5,8,44,45,47,49,54,57,80,81,99,101,105" machi="49" ten="30,6000,0" yaku="1,1,0,1,53,1" doraHai="22" doraHaiUra="0" who="0" fromWho="0" sc="240,70,250,-20,250,-20,250,-20" /><INIT seed="0,1,0,1,1,98" ten="310,230,230,230" oya="0" hai0="93,76,63,62,91,124,79,56,37,2,119,68,33" hai1="112,116,22,9,57,4,125,16,100,86,40,59,44" hai2="18,74,24,108,106,126,29,134,87,78,72,103,19" hai3="118,94,60,135,58,26,89,117,122,85,67,90,23"/><T104/><D119/><U88/><E116/><V83/><F108/><W17/><G122/><T11/><D33/><U51/><E112/><V28/><F134/><W114/><G114/><T97/><D37/><U102/><E125/><V70/><F126/><W54/><G135/><T75/><D124/><U10/><E57/><V21/><F70/><W109/><G109/><T43/><D43/><U82/><E59/><V49/><F49/><W15/><G90/><T111/><D111/><U41/><E41/><V80/><F72/><W120/><G120/><T6/><D75/><U55/><E40/><V81/><F81/><W133/><G133/><T113/><D113/><U64/><E64/><V71/><F71/><W38/><G38/><T35/><D35/><U92/><E82/><V46/><F46/><W129/><G129/><T3/><D3/><U95/><E95/><V121/><F121/><W36/><G36/><T7/><D7/><U8/><E4/><V25/><F106/><W1/><G1/><T14/><D2/><U42/><E42/><V12/><F103/><W30/><G67/><T20/><D104/><U66/><E66/><V127/><F127/><W32/><AGARI ba="1,0" hai="15,17,23,26,30,32,54,58,60,85,89,94,117,118" machi="32" ten="20,1500,0" yaku="0,1,7,1" doraHai="98" who="3" fromWho="3" sc="310,-8,230,-5,230,-5,230,18" /><INIT seed="1,0,0,0,2,119" ten="302,225,225,248" oya="1" hai0="132,80,10,63,85,88,126,118,66,112,23,109,84" hai1="121,75,61,22,131,129,33,98,24,125,90,39,17" hai2="107,0,55,92,103,44,51,101,94,73,71,2,36" hai3="91,116,12,15,100,79,104,7,32,64,123,37,43"/><U13/><E75/><V53/><F73/><W42/><G79/><T135/><D118/><U117/><E39/><V87/><F71/><W70/><G116/><T8/><D112/><U86/><E117/><V96/><F36/><W120/><G91/><N who="0" m="51591" /><D23/><U19/><E125/><V108/><F108/><W62/><G12/><T4/><D4/><U122/><E98/><V45/><F87/><W124/><G15/><T57/><D126/><U49/><E61/><V58/><F45/><N who="3" m="23759" /><G43/><T52/><D66/><U26/><E49/><V28/><F28/><W30/><G7/><T115/><D109/><U81/><E33/><V3/><REACH who="2" step="1"/><F103/><REACH who="2" ten="302,225,215,248" step="2"/><W47/><G47/><T69/><D69/><U130/><REACH who="1" step="1"/><E26/><REACH who="1" ten="302,215,215,248" step="2"/><V113/><F113/><W67/><G124/><T18/><D115/><U59/><E59/><V134/><F134/><W95/><G70/><T25/><D132/><U1/><E1/><V97/><F97/><W14/><G32/><T5/><D135/><U35/><E35/><V89/><F89/><W20/><G100/><T72/><D72/><U31/><E31/><V76/><F76/><W34/><G30/><T74/><D74/><U106/><E106/><V68/><F68/><W110/><G34/><T56/><D57/><U27/><E27/><V83/><F83/><W29/><G104/><T16/><D25/><U21/><AGARI ba="0,2" hai="13,17,19,21,22,24,81,86,90,121,122,129,130,131" machi="21" ten="40,12000,1" yaku="1,1,0,1,19,1,52,2,53,0" doraHai="119" doraHaiUra="48" who="1" fromWho="1" sc="302,-40,215,140,215,-40,248,-40" /><INIT seed="1,1,0,2,2,10" ten="262,355,175,208" oya="1" hai0="70,124,125,90,67,66,80,20,65,25,40,110,52" hai1="14,86,107,64,41,24,19,59,1,13,114,55,85" hai2="76,37,112,3,123,135,133,46,131,102,75,22,77" hai3="68,44,5,106,74,57,117,87,92,0,93,34,32"/><U128/><E107/><V61/><F123/><W129/><G74/><T81/><D40/><U9/><E1/><V36/><F131/><W50/><G68/><T96/><D110/><U30/><E114/><V47/><F112/><W130/><G106/><T8/><D70/><U42/><E128/><N who="3" m="49258" /><G57/><T100/><D90/><U120/><E120/><V48/><F3/><W60/><G60/><T122/><D122/><U88/><E64/><V58/><F102/><W132/><G132/><N who="2" m="50761" /><F22/><W31/><G117/><T105/><D8/><N who="1" m="6567" /><E24/><V91/><F91/><N who="3" m="53375" /><G93/><T4/><D4/><N who="1" m="3367" /><E30/><V62/><F75/><W2/><G31/><T71/><D71/><U28/><E28/><V127/><F127/><W134/><G134/><T35/><D35/><N who="3" m="13353" /><G5/><T82/><D124/><U101/><E101/><V113/><F113/><W73/><G73/><T119/><D125/><U26/><E26/><V54/><F77/><W108/><G108/><T116/><D119/><U78/><E78/><V49/><F76/><W18/><G18/><T109/><D116/><U33/><E33/><V39/><F62/><W69/><G69/><T89/><D109/><U99/><E99/><V23/><F23/><W38/><G38/><N who="2" m="9729" /><V12/><DORA hai="29" /><F12/><W111/><G111/><T15/><D15/><U72/><E72/><V21/><F21/><W79/><G79/><T17/><D20/><U84/><E88/><V95/><F95/><W97/><G97/><T103/><D89/><U56/><E86/><V7/><F7/><W11/><G11/><T53/><D103/><U94/><E85/><V104/><F104/><W115/><G115/><RYUUKYOKU ba="1,0" sc="262,10,355,-30,175,10,208,10" hai0="17,25,52,53,65,66,67,80,81,82,96,100,105" hai2="46,47,48,49,54,58,61" hai3="0,2,44,50" /><INIT seed="2,2,0,4,1,56" ten="272,325,185,218" oya="2" hai0="104,117,97,101,25,91,63,9,40,72,13,37,74" hai1="7,58,100,32,8,60,92,36,27,94,20,106,112" hai2="47,44,21,110,87,121,12,33,83,113,126,0,78" hai3="118,11,38,23,86,55,52,84,128,34,49,99,98"/><V59/><F113/><W28/><G34/><T17/><D117/><U120/><E32/><V16/><F121/><W51/><G38/><T89/><D25/><U19/><E36/><V124/><F110/><W24/><G11/><T133/><D133/><U50/><E112/><V115/><F115/><W53/><G118/><T6/><D6/><U45/><E106/><V46/><F33/><W95/><G128/><T39/><D40/><U4/><E100/><V71/><F71/><W65/><G65/><T2/><D2/><U108/><E108/><V132/><F132/><W43/><G98/><T10/><D10/><U5/><E8/><V57/><F0/><W1/><G1/><T135/><D135/><U127/><E127/><AGARI ba="2,0" hai="12,16,21,44,46,47,57,59,78,83,87,124,126,127" machi="127" ten="40,3900,0" yaku="18,1,54,1" doraHai="56" who="2" fromWho="1" sc="272,0,325,-45,185,45,218,0" /><INIT seed="2,3,0,1,3,30" ten="272,280,230,218" oya="2" hai0="55,67,121,49,96,13,106,52,98,86,8,120,27" hai1="97,77,38,28,51,132,125,15,4,24,18,89,41" hai2="14,53,17,73,81,105,117,66,16,19,114,115,123" hai3="76,46,59,44,32,87,131,29,7,0,57,109,58"/><V72/><F117/><W6/><G131/><T9/><D67/><U134/><E38/><V88/><F123/><W91/><G76/><T84/><D13/><U5/><E77/><V33/><F33/><W95/><G109/><T31/><D106/><U108/><E108/><V126/><F126/><W101/><G101/><T103/><D103/><U102/><E89/><V3/><F3/><W63/><G63/><T113/><D31/><U43/><E125/><V92/><F105/><W37/><G37/><T74/><D49/><U94/><E51/><V69/><F14/><W118/><G118/><T135/><D135/><N who="1" m="51755" /><E41/><V64/><F53/><W48/><G0/><T36/><D36/><U127/><E43/><V25/><F25/><W42/><REACH who="3" step="1"/><G46/><REACH who="3" ten="272,280,230,208" step="2"/><T21/><D120/><U133/><E133/><V93/><F115/><W62/><G62/><T26/><D121/><U56/><E127/><V68/><F114/><W61/><G61/><T65/><D113/><U119/><E119/><V107/><F107/><W12/><G12/><T85/><D65/><U54/><E15/><V20/><F66/><W82/><G82/><T110/><D110/><U22/><E5/><V70/><F64/><W112/><G112/><T50/><D27/><AGARI ba="3,1" hai="6,7,27,29,32,42,44,48,57,58,59,87,91,95" machi="27" ten="40,2600,0" yaku="1,1,52,1,53,0" doraHai="30" doraHaiUra="10" who="3" fromWho="0" sc="272,-35,280,0,230,0,208,45" /><INIT seed="3,0,0,5,2,125" ten="237,280,230,253" oya="3" hai0="43,18,75,50,69,102,111,59,84,83,33,126,77" hai1="113,93,92,85,16,27,128,37,91,71,96,54,32" hai2="42,3,13,10,78,122,22,40,19,70,119,41,132" hai3="63,67,95,108,124,90,30,109,121,0,57,130,134"/><W116/><G0/><T17/><D33/><U94/><E113/><V5/><F119/><W81/><G121/><T80/><D69/><U2/><E71/><V47/><F132/><W52/><G116/><T58/><D126/><U34/><E37/><V60/><F122/><W115/><G115/><T62/><D111/><N who="3" m="42569" /><G124/><T66/><D102/><U133/><E2/><V76/><F47/><W68/><G134/><T82/><D82/><U64/><E64/><V56/><REACH who="2" step="1"/><F70/><REACH who="2" ten="237,280,220,253" step="2"/><W127/><G127/><T14/><D14/><U38/><E133/><V51/><F51/><N who="3" m="30879" /><G30/><T123/><D123/><U49/><E49/><V25/><F25/><W118/><G118/><T106/><D50/><U35/><E27/><V120/><F120/><W99/><G81/><T6/><D83/><U114/><E114/><V9/><F9/><W24/><G24/><T31/><D31/><U15/><E38/><V79/><F79/><W53/><G53/><AGARI ba="0,1" hai="3,5,10,13,19,22,40,41,42,53,56,60,76,78" machi="53" ten="40,1300,0" yaku="1,1,53,0" doraHai="125" doraHaiUra="21" who="2" fromWho="3" sc="237,0,280,0,220,23,253,-13" /><INIT seed="4,0,0,5,1,3" ten="237,280,243,240" oya="0" hai0="23,53,21,118,59,9,22,65,49,96,6,18,4" hai1="95,69,109,116,131,73,1,45,121,82,67,97,28" hai2="39,115,66,128,94,104,88,61,64,17,106,132,52" hai3="24,26,32,112,57,76,13,101,85,107,5,79,81"/><T25/><D118/><U123/><E1/><V30/><F115/><W125/><G112/><T98/><D65/><U117/><E28/><V44/><F132/><W60/><G125/><T134/><D134/><U99/><E45/><V90/><F128/><W43/><G43/><T111/><D111/><U120/><E67/><V51/><F39/><W70/><G70/><T34/><D34/><U46/><E46/><V102/><F30/><W10/><G32/><T19/><D25/><U11/><E11/><V7/><F7/><N who="0" m="2602" /><D9/><U113/><E69/><V92/><F66/><N who="3" m="39183" /><G107/><T135/><D135/><U124/><E113/><V122/><F106/><W133/><G133/><T42/><D42/><U93/><E109/><V77/><F104/><W105/><G105/><T2/><D2/><U114/><E114/><V87/><F122/><W126/><G126/><T37/><D37/><U72/><E124/><V86/><F17/><AGARI ba="0,0" hai="17,18,19,21,22,23,49,53,59,96,98" m="2602" machi="17" ten="30,11600,0" yaku="8,1,52,3" doraHai="3" who="0" fromWho="2" sc="237,116,280,0,243,-116,240,0" owari="353,45.0,280,8.0,127,-37.0,240,-16.0" /></mjloggm>