<mjloggm ver="2.3"><GO type="97" lobby="0"/><UN n0="%E3%82%A6%E3%83%AB%E3%83%88%E3%83%A9%E7%AB%8B%E7%9B%B4" n1="%E3%83%81%E3%82%AD%E3%83%B3" n2="%54%41%44" n3="%44%65%65%70%2D%4F%6E%65" dan="15,14,14,14" rate="1953.95,1974.19,1954.29,1946.93" sx="M,M,M,M"/><TAIKYOKU oya="0"/><INIT seed="0,0,0,5,4,119" ten="250,250,250,250" oya="0" hai0="93,133,118,26,111,23,68,90,49,48,74,98,36" hai1="16,96,79,66,76,60,24,88,63,51,53,8,99" hai2="110,19,106,61,54,57,77,71,33,69,10,105,102" hai3="78,130,132,89,100,82,40,117,121,125,21,123,11"/><T35/><D118/><U7/><E99/><V114/><F33/><W95/><G117/><T25/><D133/><U50/><E50/><V1/><F114/><W116/><G116/><T47/><D111/><U42/><E42/><V31/><F110/><W73/><G132/><T12/><D74/><U70/><E63/><V43/><F77/><W81/><G125/><T85/><D36/><U58/><E7/><V135/><F135/><W27/><G130/><T92/><D68/><U108/><E108/><V103/><F43/><W52/><G40/><T112/><D112/><U83/><E83/><V104/><F31/><W56/><G82/><T128/><D35/><U37/><E37/><V45/><F45/><W120/><G100/><N who="0" m="60487" /><D128/><U62/><E51/><N who="0" m="19529" /><D47/><U122/><E122/><V97/><F19/><AGARI ba="0,0" hai="12,19,23,25,26,85,90,93" m="19529,60487" machi="19" ten="30,1500,0" yaku="8,1" doraHai="119" who="0" fromWho="2" sc="250,15,250,0,250,-15,250,0" /><INIT seed="0,1,0,3,2,45" ten="265,250,235,250" oya="0" hai0="92,34,11,118,46,72,95,14,36,75,119,76,67" hai1="66,127,9,15,3,57,51,129,65,5,13,4,99" hai2="73,60,71,87,94,26,19,21,7,121,48,107,61" hai3="55,78,74,114,98,31,27,28,0,115,17,79,124"/><T29/><D67/><U96/><E127/><V38/><F107/><W25/><G0/><T88/><D92/><U20/><E129/><V132/><F71/><W30/><G124/><T101/><D101/><U16/><E3/><V83/><F73/><W44/><G98/><N who="1" m="37418" /><E4/><V82/><F38/><W103/><G103/><T59/><D75/><U80/><E80/><V40/><F121/><W130/><G130/><T12/><D72/><U133/><E133/><V81/><F7/><W123/><G123/><T113/><D76/><U42/><E42/><V104/><F104/><W120/><G120/><T53/><D113/><U109/><E109/><V70/><F70/><W63/><G74/><T18/><D34/><U24/><E24/><V2/><F2/><W91/><G91/><T41/><D29/><U117/><E117/><V85/><F132/><W108/><G108/><T35/><D14/><U43/><E43/><V37/><F37/><W1/><G1/><T69/><D69/><U134/><E134/><V128/><F128/><W100/><G100/><T50/><D35/><U23/><E23/><V33/><F33/><W122/><G122/><T22/><D11/><U90/><E90/><N who="2" m="53599" /><F85/><AGARI ba="1,0" hai="12,18,22,36,41,46,50,53,59,85,88,95,118,119" machi="85" ten="30,12000,1" yaku="7,1,25,2,52,1,54,1" doraHai="45" who="0" fromWho="2" sc="265,123,250,0,235,-123,250,0" /><INIT seed="0,2,0,0,0,102" ten="388,250,112,250" oya="0" hai0="39,2,132,36,92,9,83,33,133,35,53,98,71" hai1="66,41,95,104,69,100,97,42,124,16,1,88,55" hai2="22,46,30,111,4,58,84,123,73,29,120,25,72" hai3="67,13,96,68,47,15,108,76,78,26,130,14,64"/><T103/><D53/><U56/><E1/><V127/><F127/><W59/><G108/><T125/><D83/><U3/><E3/><V57/><F46/><W118/><G130/><T109/><D71/><U12/><E124/><V23/><F84/><W81/><G118/><T5/><D125/><U63/><E69/><V117/><F111/><W122/><G122/><T6/><D6/><U28/><E28/><V62/><F62/><W112/><G112/><T20/><D20/><U17/><E66/><V43/><F4/><W106/><G68/><T90/><D90/><U113/><E113/><V121/><F121/><W101/><G47/><T54/><D54/><U82/><E17/><V135/><F43/><W85/><G76/><T38/><D109/><U110/><E110/><V70/><F70/><W21/><REACH who="3" step="1"/><G59/><REACH who="3" ten="388,250,112,240" step="2"/><T50/><D39/><U52/><E82/><V79/><F79/><W107/><G107/><T34/><D38/><U93/><E104/><V77/><F77/><W61/><G61/><T24/><D36/><U74/><E74/><V32/><F117/><W87/><G87/><T75/><D75/><U51/><E55/><V105/><F105/><W0/><G0/><T99/><D50/><U49/><E49/><V8/><F135/><W131/><G131/><T91/><D133/><U128/><E128/><V119/><F119/><W126/><G126/><T18/><D132/><U45/><E45/><V129/><F129/><W65/><G65/><T115/><D115/><U44/><E44/><V89/><F72/><W116/><G116/><T11/><D2/><U134/><E134/><RYUUKYOKU ba="2,1" sc="388,-10,250,-10,112,-10,240,30" hai3="13,14,15,21,26,64,67,78,81,85,96,101,106" /><INIT seed="1,3,1,0,1,91" ten="378,240,102,270" oya="1" hai0="12,36,33,63,0,57,102,58,112,131,6,43,129" hai1="60,22,95,9,56,130,78,71,77,104,127,128,67" hai2="16,90,85,93,39,35,100,50,101,122,44,24,114" hai3="68,2,115,119,76,34,3,125,41,88,66,7,80"/><U49/><E104/><V74/><F122/><W18/><G34/><T79/><D33/><U23/><E9/><V31/><F39/><W5/><G115/><T10/><D112/><U19/><E127/><V103/><F74/><W70/><G119/><T72/><D12/><U4/><E4/><V59/><F59/><W105/><G105/><T135/><D102/><U1/><E1/><V89/><F114/><W109/><G109/><T97/><D97/><U110/><E110/><V32/><F32/><W11/><G125/><T28/><D28/><U113/><E113/><V84/><F16/><W48/><G66/><N who="0" m="39279" /><D58/><U83/><E23/><V25/><F25/><W45/><G18/><T64/><D64/><U99/><E71/><V17/><F17/><W51/><G51/><T8/><D135/><U106/><E106/><V30/><F30/><W111/><G111/><T20/><D20/><U108/><E108/><V65/><F65/><W42/><G42/><T52/><D10/><U98/><E98/><V75/><F75/><W21/><G21/><T26/><D52/><U92/><E99/><V120/><F120/><W62/><G62/><T69/><D69/><U29/><E29/><V38/><F38/><W134/><G134/><T94/><D26/><N who="1" m="14687" /><E49/><V132/><F132/><W133/><G133/><T73/><D0/><U107/><E107/><V61/><F61/><W116/><G70/><T82/><D6/><U55/><E67/><V54/><F103/><W126/><G68/><T81/><D8/><U40/><E40/><V46/><F46/><W123/><G126/><T14/><D43/><RYUUKYOKU ba="3,1" sc="378,-10,240,-10,102,30,270,-10" hai2="24,31,35,44,50,54,84,85,89,90,93,100,101" /><INIT seed="2,4,1,2,0,77" ten="368,230,132,260" oya="2" hai0="12,117,92,88,20,93,10,37,17,104,129,91,96" hai1="16,135,108,95,74,128,98,111,101,106,83,71,62" hai2="58,22,39,41,13,114,90,5,45,25,4,7,6" hai3="18,109,52,1,40,133,119,110,67,122,73,38,118"/><V47/><F114/><W61/><G133/><T24/><D104/><U120/><E135/><V121/><F121/><W57/><G122/><T66/><D37/><U76/><E120/><V8/><F47/><N who="3" m="23959" /><G1/><T116/><D66/><U34/><E34/><V53/><F90/><W100/><G18/><T134/><D134/><U42/><E42/><V2/><F2/><W127/><G100/><T69/><D69/><U56/><E71/><V23/><REACH who="2" step="1"/><F25/><REACH who="2" ten="368,230,122,260" step="2"/><W123/><G123/><T132/><D132/><U60/><E128/><V59/><F59/><N who="3" m="37311" /><G127/><T32/><D129/><U125/><E125/><V36/><F36/><W126/><G126/><T50/><D91/><U44/><E44/><V80/><F80/><W82/><G82/><T75/><D88/><U15/><E106/><V94/><F94/><W35/><G73/><T85/><D75/><U86/><E74/><V68/><F68/><W70/><G70/><T31/><D93/><U87/><E87/><V51/><AGARI ba="4,2" hai="4,5,6,7,8,13,22,23,39,41,45,51,53,58" machi="51" ten="30,3000,0" yaku="1,1,0,1,53,0" doraHai="77" doraHaiUra="105" who="2" fromWho="2" sc="368,-14,230,-14,122,62,260,-14" /><INIT seed="2,5,0,0,2,44" ten="354,216,184,246" oya="2" hai0="25,32,57,59,125,91,130,133,22,51,9,34,15" hai1="41,104,4,58,64,39,17,65,99,56,126,6,76" hai2="20,97,75,13,42,53,85,112,135,68,84,0,27" hai3="72,16,18,113,66,121,1,128,36,47,111,73,90"/><V95/><F75/><W52/><G111/><T134/><D91/><U48/><E126/><V40/><F68/><W98/><G128/><T86/><D86/><U82/><E39/><V108/><F0/><W28/><G113/><T37/><D37/><U105/><E17/><V38/><F112/><W19/><G121/><T21/><D125/><U31/><E31/><V102/><F38/><W11/><G66/><T100/><D100/><U70/><E70/><V103/><F108/><W5/><G28/><T96/><D96/><U87/><E105/><V117/><F117/><W78/><G78/><T109/><D109/><U123/><E123/><V101/><F135/><W118/><G118/><T131/><D15/><U23/><E104/><V77/><F13/><W24/><G24/><T110/><D25/><U89/><E23/><V92/><F53/><W63/><G36/><T43/><D110/><U124/><E124/><V29/><F92/><W79/><G79/><T3/><D3/><U30/><E30/><V2/><F2/><W62/><G62/><T74/><D74/><U88/><E64/><V69/><F69/><W83/><G83/><T106/><D106/><U127/><E127/><V93/><F93/><W132/><G132/><T54/><D133/><U45/><E99/><V107/><F107/><W80/><G98/><T10/><D134/><U46/><E46/><V35/><F35/><W8/><G8/><T49/><D54/><U7/><E65/><V26/><F26/><W71/><G71/><T115/><D115/><U67/><E67/><V114/><F114/><W119/><G119/><RYUUKYOKU ba="5,0" sc="354,15,216,15,184,-15,246,-15" hai0="9,10,21,22,32,34,43,49,51,57,59,130,131" hai1="4,6,7,41,45,48,56,58,76,82,87,88,89" /><INIT seed="3,6,0,5,2,106" ten="369,231,169,231" oya="3" hai0="113,91,121,2,40,80,66,72,63,7,19,97,29" hai1="130,98,51,125,134,118,71,20,13,70,84,87,78" hai2="104,41,102,74,26,16,126,1,95,45,64,27,24" hai3="38,12,82,22,36,48,49,3,105,8,123,131,46"/><W11/><G131/><T34/><D19/><U90/><E78/><V14/><F1/><W132/><G123/><T56/><D91/><U108/><E108/><V37/><F104/><W9/><G132/><T44/><D97/><U47/><E134/><V31/><F126/><W30/><G105/><T75/><D75/><U59/><E125/><V10/><F64/><W112/><G112/><T119/><D56/><U6/><E130/><V15/><F15/><W127/><G127/><T62/><D62/><U109/><E109/><V39/><F39/><W33/><G33/><T92/><D92/><U28/><E118/><V128/><F128/><W77/><G3/><T5/><D5/><U57/><E71/><V100/><F31/><W42/><G36/><N who="0" m="21511" /><D119/><U101/><E70/><V115/><F115/><W18/><REACH who="3" step="1"/><G30/><REACH who="3" ten="369,231,169,221" step="2"/><T21/><D34/><U35/><E35/><V79/><REACH who="2" step="1"/><F95/><REACH who="2" ten="369,231,159,221" step="2"/><W117/><G117/><T89/><D113/><U81/><E28/><V93/><F93/><W65/><G65/><T32/><D32/><U0/><E0/><V58/><F58/><W129/><G129/><T17/><D29/><U67/><E59/><V83/><AGARI ba="6,2" hai="10,14,16,24,26,27,37,41,45,74,79,83,100,102" machi="83" ten="30,7900,0" yaku="1,1,0,1,52,1,54,1,53,0" doraHai="106" doraHaiUra="61" who="2" fromWho="2" sc="369,-26,231,-26,159,117,221,-45" owari="343,43.0,205,-19.0,276,8.0,176,-32.0" /></mjloggm>