<mjloggm ver="2.3"><GO type="97" lobby="0"/><UN n0="%48%61%69%6C%32%55%21" n1="%E3%83%8F%E3%82%B2%E5%B1%B1" n2="%E3%82%A6%E3%83%AB%E3%83%88%E3%83%A9%E7%AB%8B%E7%9B%B4" n3="%4B%49%59%4F%53%48%49" dan="13,13,15,14" rate="1970.44,1951.11,2022.41,1844.54" sx="M,M,M,M"/><TAIKYOKU oya="0"/><INIT seed="0,0,0,2,0,124" ten="250,250,250,250" oya="0" hai0="52,19,95,108,23,96,88,70,119,10,122,112,68" hai1="25,102,18,6,135,79,55,3,4,34,83,15,77" hai2="29,116,13,64,59,75,133,58,51,107,72,127,48" hai3="80,44,110,121,82,61,120,30,131,35,81,100,109"/><T92/><D112/><U41/><E135/><V11/><F107/><W43/><G100/><T22/><D119/><U105/><E41/><V125/><F29/><W17/><G61/><T60/><D122/><N who="3" m="47209" /><G17/><T47/><D108/><N who="3" m="41577" /><G30/><T111/><D111/><U46/><E79/><V90/><F133/><W20/><G20/><T1/><D1/><U94/><E105/><V93/><F116/><W12/><G12/><N who="0" m="7575" /><D70/><U123/><E123/><V24/><F13/><W76/><G35/><T134/><D68/><U9/><E34/><V106/><F106/><W49/><G131/><T56/><D134/><U50/><E25/><V89/><F24/><W0/><G0/><T37/><D37/><U54/><E3/><V86/><F11/><W115/><G115/><T39/><D39/><U69/><E69/><V2/><F2/><W26/><G26/><T132/><D132/><U97/><REACH who="1" step="1"/><E55/><REACH who="1" ten="250,240,250,250" step="2"/><V118/><F118/><W53/><G43/><T8/><D8/><U45/><E45/><V38/><F127/><W67/><G67/><T14/><D47/><U5/><E5/><V99/><F64/><W42/><G42/><T7/><D7/><U40/><E40/><V62/><F125/><W113/><G113/><T85/><D14/><U31/><E31/><V128/><F59/><W117/><G117/><T73/><D73/><AGARI ba="0,1" hai="4,6,9,15,18,46,50,54,73,77,83,94,97,102" machi="73" ten="30,2000,0" yaku="1,1,7,1,53,0" doraHai="124" doraHaiUra="84" who="1" fromWho="0" sc="250,-20,240,30,250,0,250,0" /><AGARI ba="0,0" hai="44,49,53,73,76,80,81,82" m="41577,47209" machi="73" ten="30,2000,0" yaku="13,1,14,1" doraHai="124" who="3" fromWho="0" sc="230,-20,270,0,250,0,250,20" /><INIT seed="1,0,0,4,2,108" ten="210,270,250,270" oya="1" hai0="15,29,19,21,32,83,25,110,99,18,101,76,5" hai1="44,105,61,57,35,4,75,40,59,6,11,124,85" hai2="103,72,97,117,96,78,128,109,90,100,66,41,131" hai3="118,91,14,120,129,102,50,39,31,65,133,132,70"/><U47/><E75/><V77/><F66/><W34/><G120/><T82/><D110/><U115/><E105/><N who="2" m="63623" /><F41/><W38/><G118/><T63/><D76/><U27/><E124/><V52/><F52/><W122/><G122/><T106/><D18/><U111/><E111/><V51/><F51/><W45/><G102/><T135/><D135/><N who="3" m="51785" /><G14/><T67/><REACH who="0" step="1"/><D5/><REACH who="0" ten="200,270,250,270" step="2"/><U0/><E4/><V112/><F109/><W8/><G31/><T104/><D104/><U98/><E6/><V13/><F78/><W3/><G8/><T26/><D26/><U113/><E27/><V58/><F77/><W17/><G17/><T42/><D42/><U10/><E40/><V74/><F117/><W121/><G121/><T79/><D79/><U60/><E11/><V93/><F13/><W43/><G3/><T89/><D89/><U116/><E10/><V37/><F90/><W87/><G91/><T107/><D107/><U73/><E116/><V64/><F72/><W95/><G34/><T30/><D30/><U125/><E0/><V92/><F74/><W33/><G33/><T20/><D20/><U88/><E73/><V54/><F103/><W119/><G119/><T28/><D28/><U49/><E88/><V123/><F123/><W134/><G134/><T81/><D81/><U48/><E35/><V71/><F93/><W68/><G95/><T62/><D62/><U130/><E61/><V16/><F92/><W86/><G86/><T7/><D7/><U1/><E60/><V127/><F97/><W55/><G87/><T56/><AGARI ba="0,1" hai="15,19,21,25,29,32,56,63,67,82,83,99,101,106" machi="56" ten="20,2700,0" yaku="1,1,0,1,7,1,53,0" doraHai="108" doraHaiUra="36" who="0" fromWho="0" sc="200,37,270,-13,250,-7,270,-7" /><INIT seed="2,0,0,3,3,14" ten="237,257,243,263" oya="2" hai0="86,85,8,37,18,6,54,64,87,56,106,46,134" hai1="45,114,90,118,89,130,62,124,127,7,81,66,93" hai2="97,113,30,75,67,72,77,123,133,110,70,71,31" hai3="98,27,59,73,23,63,74,40,65,102,111,0,24"/><V103/><F123/><W36/><G0/><T26/><D106/><U43/><E114/><V80/><F113/><W55/><G27/><T39/><D134/><U21/><E118/><V52/><F133/><W91/><G111/><T47/><D64/><U69/><E130/><V10/><F110/><W94/><G36/><T5/><D39/><U109/><E109/><V34/><F72/><W128/><G40/><T53/><D37/><U15/><E81/><V119/><F119/><W12/><G128/><T61/><D46/><U122/><E122/><V17/><F31/><W92/><G12/><N who="0" m="7431" /><D26/><U135/><E135/><V99/><F99/><W104/><G104/><T131/><D131/><U51/><E90/><V95/><F67/><W38/><G38/><T116/><D116/><U32/><E32/><V84/><F75/><W132/><G132/><T107/><D107/><U76/><E76/><V16/><F70/><W11/><G11/><T120/><D120/><U3/><E3/><V13/><F71/><W101/><G101/><T83/><D83/><U42/><E42/><V88/><F34/><W25/><G25/><T29/><D29/><U2/><E2/><V68/><F30/><N who="3" m="17695" /><G55/><N who="0" m="33951" /><D47/><U35/><E35/><V20/><F68/><W1/><G1/><T4/><AGARI ba="0,0" hai="4,5,6,53,54,85,86,87" m="33951,7431" machi="4" ten="30,2000,0" yaku="8,1,52,1" doraHai="14" who="0" fromWho="0" sc="237,20,257,-5,243,-10,263,-5" /><INIT seed="3,0,0,3,5,49" ten="257,252,233,258" oya="3" hai0="124,39,1,92,76,93,113,70,82,32,31,119,21" hai1="117,65,106,29,123,91,17,47,72,62,78,58,19" hai2="25,122,9,5,116,18,38,131,115,114,24,2,94" hai3="3,8,108,34,63,61,16,53,52,118,111,22,130"/><W97/><G118/><T42/><D119/><U98/><E117/><V11/><F38/><W14/><G34/><T68/><D32/><U133/><E123/><V64/><F116/><W89/><G130/><T102/><D1/><U57/><E133/><V73/><F73/><W46/><G46/><T30/><D68/><U67/><E29/><V105/><F105/><W77/><G77/><T71/><D71/><U129/><E129/><V121/><F64/><W55/><G89/><T59/><D70/><U6/><E6/><V75/><F94/><W26/><G3/><T43/><D93/><U101/><E47/><V60/><F60/><W127/><G97/><T54/><D39/><U128/><E128/><V56/><F56/><W69/><G127/><T12/><D31/><U37/><E37/><V66/><F66/><W0/><G0/><T83/><D124/><U20/><E67/><V45/><F45/><W107/><G107/><T33/><D33/><U86/><E58/><V126/><F75/><W28/><G69/><T40/><D76/><U51/><E78/><V134/><F131/><W100/><G100/><T81/><D113/><N who="2" m="43018" /><F126/><W15/><G15/><T41/><D12/><N who="1" m="9255" /><E72/><V79/><F79/><W95/><G95/><T84/><D102/><U85/><E101/><V35/><F134/><W48/><G48/><N who="0" m="31175" /><D92/><N who="1" m="56607" /><E106/><V135/><F135/><W112/><G112/><T103/><D103/><U7/><E51/><V4/><F4/><W109/><AGARI ba="0,0" hai="8,14,16,22,26,28,52,53,55,61,63,108,109,111" machi="109" ten="40,24000,3" yaku="0,1,14,1,10,1,52,3,54,2" doraHai="49" who="3" fromWho="3" sc="257,-80,252,-80,233,-80,258,240" owari="177,-2.0,172,-23.0,153,-35.0,498,60.0" /></mjloggm>