<mjloggm ver="2.3"><GO type="97" lobby="0"/><UN n0="%E3%82%A6%E3%83%A9%E3%83%A0%E3%81%AE%E8%9E%BA%E6%97%8B" n1="%E3%82%A2%E3%82%BA%E3%83%BC" n2="%E7%8E%8B%E9%9B%80%E5%AD%AB" n3="%E3%82%A6%E3%83%AB%E3%83%88%E3%83%A9%E7%AB%8B%E7%9B%B4" dan="13,13,15,15" rate="1822.88,1938.90,2023.97,1962.84" sx="M,M,M,M"/><TAIKYOKU oya="0"/><INIT seed="0,0,0,5,5,33" ten="250,250,250,250" oya="0" hai0="120,41,75,31,85,53,78,30,132,19,112,49,94" hai1="20,16,17,114,7,109,76,3,2,42,67,111,46" hai2="79,12,59,50,34,84,126,68,64,35,107,117,32" hai3="71,58,100,133,80,8,18,15,47,129,95,110,14"/><T37/><D120/><U127/><E76/><V36/><F36/><W113/><G71/><T98/><D112/><U118/><E67/><V51/><F107/><W0/><G113/><T28/><D75/><U134/><E114/><V40/><F68/><W131/><G47/><T77/><D132/><U26/><E118/><V9/><F117/><W128/><G80/><T54/><D37/><U5/><E134/><V70/><F70/><W83/><G83/><N who="0" m="47343" /><D78/><U48/><E127/><V93/><F126/><W73/><G73/><T125/><D19/><U56/><E56/><V44/><F51/><W102/><G133/><T105/><D105/><U39/><E48/><V24/><F59/><W82/><G82/><T106/><D106/><U1/><REACH who="1" step="1"/><E17/><REACH who="1" ten="250,240,250,250" step="2"/><V135/><F64/><W65/><G58/><T11/><D125/><U57/><E57/><V90/><F79/><W86/><G65/><T116/><D116/><U72/><E72/><V23/><F135/><W38/><G18/><T115/><D115/><U92/><E92/><V52/><F40/><W89/><G38/><T61/><D61/><U97/><E97/><V91/><F93/><W101/><G110/><AGARI ba="0,1" hai="1,2,3,5,7,16,20,26,39,42,46,109,110,111" machi="110" ten="50,12000,2" yaku="1,1,14,1,52,3,54,1,53,0" doraHai="33" doraHaiUra="104" who="1" fromWho="3" sc="250,0,240,130,250,0,250,-120" /><INIT seed="1,0,0,0,5,80" ten="250,370,250,130" oya="1" hai0="91,4,28,92,130,129,58,46,60,134,93,113,33" hai1="131,25,11,81,16,119,90,62,96,14,52,34,20" hai2="86,77,85,48,123,3,114,40,105,41,63,50,70" hai3="102,89,29,57,23,12,122,55,26,118,24,30,76"/><U45/><E119/><V78/><F123/><W87/><G122/><T39/><D113/><U72/><E34/><V67/><F3/><W21/><G118/><T6/><D134/><U82/><E72/><V101/><F114/><W35/><G35/><T65/><D93/><N who="1" m="56375" /><E131/><N who="0" m="50185" /><D28/><U61/><E61/><V22/><F105/><W66/><G12/><T126/><D33/><U42/><E42/><V71/><F63/><W100/><G66/><T110/><D110/><U111/><E111/><V54/><F67/><W44/><G76/><T18/><D126/><U17/><E62/><V120/><F120/><W74/><G74/><T94/><D94/><U36/><E36/><V53/><F22/><W97/><G97/><N who="0" m="57503" /><D18/><U99/><E99/><V106/><F106/><W56/><G100/><AGARI ba="0,0" hai="40,41,48,50,53,54,70,71,77,78,85,86,100,101" machi="100" ten="25,6400,0" yaku="22,2,52,2" doraHai="80" who="2" fromWho="3" sc="250,0,370,0,250,64,130,-64" /><INIT seed="2,0,0,1,0,119" ten="250,370,314,66" oya="2" hai0="74,108,94,100,13,111,65,116,21,124,12,62,60" hai1="107,81,52,121,86,20,106,131,82,30,63,118,127" hai2="4,44,33,19,110,97,117,35,28,3,70,69,103" hai3="9,46,120,112,32,101,25,43,84,98,41,51,134"/><V11/><F117/><W125/><G112/><T29/><D116/><U47/><E118/><V23/><F44/><W27/><G125/><T68/><D74/><U113/><E113/><V16/><F19/><W53/><G134/><T128/><D128/><U56/><E127/><V126/><F126/><W57/><G32/><T129/><D129/><U2/><E2/><V93/><F110/><N who="0" m="42026" /><D62/><U91/><E131/><V109/><F109/><W67/><G120/><T40/><D40/><U90/><E47/><V89/><F35/><W77/><G9/><T8/><D8/><U80/><E107/><V14/><F89/><W88/><G77/><T50/><D50/><U42/><E42/><V37/><F37/><W87/><G87/><T96/><D124/><U78/><E106/><V102/><REACH who="2" step="1"/><F103/><REACH who="2" ten="250,370,304,66" step="2"/><W6/><G6/><T85/><D100/><U79/><E91/><V104/><F104/><W133/><G133/><T10/><D10/><U24/><E121/><V22/><F22/><W0/><G101/><T105/><D21/><U72/><E72/><V132/><F132/><W36/><G36/><T26/><D105/><U61/><E78/><V95/><F95/><W114/><G88/><T58/><D94/><N who="1" m="54615" /><E79/><V31/><F31/><W122/><G46/><T99/><D29/><U73/><E73/><V130/><F130/><W49/><G114/><T66/><D96/><U75/><E75/><V5/><F5/><W83/><G98/><T7/><D99/><U76/><E76/><V55/><F55/><W15/><G53/><T59/><D7/><U17/><E30/><V45/><F45/><RYUUKYOKU ba="0,1" sc="250,-15,370,15,304,15,66,-15" hai1="17,20,24,52,56,61,63,80,81,82" hai2="3,4,11,14,16,23,28,33,69,70,93,97,102" /><INIT seed="2,1,1,4,3,118" ten="235,385,319,51" oya="2" hai0="134,32,76,105,108,130,80,11,113,95,106,112,63" hai1="29,28,102,27,131,19,43,52,119,84,98,8,73" hai2="2,124,92,45,24,109,66,62,88,93,78,36,86" hai3="23,90,35,85,82,100,53,50,55,44,31,10,17"/><V1/><F124/><W114/><G35/><T15/><D108/><U96/><E119/><V67/><F109/><W94/><G114/><T56/><D130/><U121/><E73/><V81/><F92/><W18/><G31/><T60/><D32/><U30/><E43/><V5/><F24/><W0/><G0/><T65/><D134/><U64/><E64/><V58/><F66/><W104/><G104/><T38/><D38/><U79/><E131/><V33/><F33/><W101/><G55/><T87/><D112/><U107/><E98/><V68/><F5/><W61/><G61/><T20/><D20/><U7/><E79/><V117/><F68/><W91/><G18/><T75/><D63/><U123/><E84/><V22/><F22/><W21/><G21/><T70/><D70/><U128/><E128/><V110/><F117/><W49/><G49/><T9/><D9/><U111/><E52/><V40/><REACH who="2" step="1"/><F110/><REACH who="2" ten="235,385,309,51" step="2"/><W39/><G23/><T42/><D113/><U48/><E111/><V41/><F41/><W14/><REACH who="3" step="1"/><G39/><REACH who="3" ten="235,385,309,41" step="2"/><T135/><D42/><U77/><E7/><V25/><F25/><W26/><G26/><T46/><D135/><U4/><E4/><V89/><F89/><W83/><G83/><T99/><D80/><U51/><E27/><V97/><AGARI ba="1,3" hai="1,2,36,40,45,58,62,67,78,81,86,88,93,97" machi="97" ten="20,7800,0" yaku="1,1,0,1,7,1,54,1,53,0" doraHai="118" doraHaiUra="103" who="2" fromWho="2" sc="235,-27,385,-27,309,111,41,-27" /><INIT seed="2,2,0,4,0,46" ten="208,358,420,14" oya="2" hai0="114,120,35,6,91,41,18,14,122,56,123,129,76" hai1="7,27,2,1,64,127,9,60,89,3,45,47,26" hai2="49,126,40,109,86,99,71,17,65,12,8,106,57" hai3="63,85,108,37,105,21,44,131,66,88,135,77,20"/><V101/><F71/><W96/><G131/><T11/><D76/><U29/><E127/><V59/><F126/><W73/><G135/><T125/><D125/><U28/><E89/><V107/><F109/><W90/><G108/><T70/><D70/><U117/><E117/><V87/><F107/><W119/><G119/><T62/><D114/><U24/><E64/><V83/><F65/><W19/><G73/><T115/><D115/><U16/><E60/><V5/><F17/><W84/><G77/><T112/><D112/><U36/><E36/><V68/><F68/><W100/><G37/><T121/><N who="0" m="31232" /><DORA hai="95" /><T98/><D129/><U50/><E47/><N who="2" m="25831" /><F86/><W25/><G44/><T132/><D41/><U32/><E50/><V58/><F58/><W39/><G39/><T33/><D132/><U31/><E45/><V94/><F106/><W15/><G85/><T110/><D110/><U81/><E81/><V128/><F128/><W10/><G84/><T61/><D61/><U72/><E72/><V82/><F82/><W0/><G0/><N who="1" m="106" /><E32/><V13/><F12/><W92/><G105/><T42/><D42/><U134/><E134/><V69/><F69/><W52/><G66/><T113/><D113/><U55/><E55/><V38/><F38/><W75/><G75/><T34/><D34/><U118/><E118/><V54/><F54/><W130/><G130/><T103/><D91/><AGARI ba="2,0" hai="5,8,13,57,59,83,87,91,94,99,101" m="25831" machi="91" ten="30,5800,0" yaku="8,1,52,2" doraHai="46,95" who="2" fromWho="0" sc="208,-64,358,0,420,64,14,0" /><INIT seed="2,3,0,3,1,113" ten="144,358,484,14" oya="2" hai0="8,48,11,121,42,32,80,38,89,84,74,101,83" hai1="92,77,85,5,116,70,14,47,133,26,91,52,53" hai2="1,123,76,119,106,86,88,37,33,68,34,69,16" hai3="67,129,98,134,20,108,60,35,107,94,19,43,13"/><V125/><F123/><W127/><G127/><T10/><D32/><U58/><E70/><V56/><F37/><W75/><G129/><T36/><D121/><U44/><E77/><V45/><F106/><W39/><G134/><T102/><D38/><U111/><E133/><V7/><F76/><W96/><G108/><T87/><D36/><U130/><E111/><V71/><F45/><W59/><G75/><T12/><D74/><U46/><E130/><V65/><F7/><W93/><G35/><T78/><D101/><U50/><E26/><V126/><F1/><W73/><G73/><T6/><REACH who="0" step="1"/><D102/><REACH who="0" ten="134,358,484,14" step="2"/><U90/><E5/><V114/><F33/><W29/><G39/><T120/><D120/><U41/><E14/><V117/><F34/><W115/><G115/><T2/><D2/><U22/><E22/><V110/><F114/><W23/><G107/><T131/><D131/><U15/><E15/><V97/><F110/><W82/><G23/><T72/><D72/><U105/><E105/><V63/><F126/><W122/><G122/><T57/><D57/><U49/><E58/><V99/><F125/><W118/><G20/><T135/><D135/><U28/><E41/><V25/><F69/><W27/><G43/><T104/><D104/><U66/><E44/><AGARI ba="3,1" hai="6,8,10,11,12,42,44,48,78,80,83,84,87,89" machi="44" ten="40,8000,1" yaku="1,1,25,2,8,1,53,0" doraHai="113" doraHaiUra="18" who="0" fromWho="1" sc="134,99,358,-89,484,0,14,0" /><INIT seed="3,0,0,5,2,92" ten="233,269,484,14" oya="3" hai0="7,133,110,0,61,13,65,27,75,125,45,62,34" hai1="10,28,101,59,47,85,24,57,82,2,46,36,37" hai2="3,96,117,84,134,66,53,39,108,89,43,97,81" hai3="48,90,98,80,105,17,77,112,63,116,25,120,69"/><W104/><G120/><T88/><D110/><U131/><E101/><V76/><F108/><W26/><G116/><T107/><D75/><U8/><E2/><V23/><F3/><W114/><G104/><T49/><D0/><U109/><E109/><V73/><F66/><W106/><G105/><T32/><D133/><U60/><E36/><V29/><F117/><W55/><G25/><T126/><D107/><U44/><E37/><V127/><F134/><W130/><G130/><T67/><D7/><U15/><E131/><V21/><F43/><W9/><G69/><T74/><D74/><U95/><E95/><V68/><F39/><W41/><G41/><T40/><D13/><U72/><E72/><V12/><F68/><W119/><G119/><T91/><D27/><U20/><E57/><V33/><F33/><W50/><G50/><T118/><D118/><U99/><E99/><V111/><F73/><W6/><G6/><T14/><D14/><U71/><E71/><V102/><F12/><N who="3" m="7311" /><G26/><T113/><D113/><U51/><E51/><V38/><F38/><W124/><G63/><N who="0" m="24075" /><D34/><U79/><E15/><V56/><F111/><W103/><G124/><N who="0" m="47723" /><D32/><U86/><E86/><V58/><F127/><W70/><G70/><T54/><D40/><U1/><E1/><V18/><F29/><W121/><G121/><T52/><D54/><AGARI ba="0,0" hai="8,10,20,24,28,44,46,47,54,59,60,79,82,85" machi="54" ten="40,1300,0" yaku="8,1" doraHai="92" who="1" fromWho="0" sc="233,-13,269,13,484,0,14,0" owari="220,-18.0,282,8.0,484,59.0,14,-49.0" /></mjloggm>