<mjloggm ver="2.3"><GO type="97" lobby="0"/><UN n0="%E3%82%B3%E3%82%AF%E3%83%B3%E3%82%BE" n1="%E3%82%A6%E3%83%AB%E3%83%88%E3%83%A9%E7%AB%8B%E7%9B%B4" n2="%70%6F%6B%6F" n3="%43%41%4E%44%49%45%53" dan="15,15,14,15" rate="1985.79,1972.28,1885.36,1970.51" sx="M,M,M,M"/><TAIKYOKU oya="0"/><INIT seed="0,0,0,5,1,24" ten="250,250,250,250" oya="0" hai0="30,98,87,48,35,40,53,41,55,96,10,18,94" hai1="126,47,74,110,75,23,46,113,60,33,115,93,20" hai2="45,68,90,95,106,105,102,31,124,70,38,120,66" hai3="16,22,0,107,5,130,89,57,114,73,133,44,12"/><T63/><D35/><U125/><E60/><V3/><F120/><W11/><G73/><T36/><D36/><U82/><E33/><V109/><F3/><W111/><G107/><T54/><D63/><U43/><E93/><V72/><F72/><W50/><G111/><T67/><D67/><U51/><E51/><V132/><F109/><W121/><G114/><T64/><D64/><U17/><E17/><V108/><F124/><W26/><G130/><T134/><D30/><U88/><E110/><V28/><F108/><W7/><G133/><T32/><D32/><U84/><E84/><V135/><F38/><W6/><G121/><T129/><D129/><U116/><E82/><V4/><F4/><W104/><G104/><T85/><D98/><U99/><E99/><V8/><F8/><W119/><G119/><T65/><D65/><U81/><E81/><V118/><F66/><W19/><G57/><T122/><D134/><U78/><E116/><V131/><F131/><W91/><REACH who="3" step="1"/><G0/><REACH who="3" ten="250,250,250,240" step="2"/><T56/><D122/><U13/><E115/><V21/><F118/><W71/><G71/><T37/><D56/><U77/><E113/><V14/><F70/><W127/><G127/><T25/><D37/><U2/><E2/><V92/><F68/><W86/><G86/><T49/><D87/><U34/><E126/><V1/><F105/><W29/><G29/><T128/><D85/><U61/><E125/><V58/><F1/><W52/><AGARI ba="0,1" hai="5,6,7,11,12,16,19,22,26,44,50,52,89,91" machi="52" ten="30,8000,1" yaku="1,1,0,1,8,1,54,2,53,0" doraHai="24" doraHaiUra="76" who="3" fromWho="3" sc="250,-40,250,-20,250,-20,240,90" /><INIT seed="1,0,0,1,3,123" ten="210,230,230,330" oya="1" hai0="74,26,106,71,95,135,116,1,44,126,99,51,60" hai1="43,48,46,131,6,84,100,39,68,11,30,115,29" hai2="58,134,85,110,120,19,93,127,17,80,23,66,114" hai3="104,90,34,42,125,98,129,13,133,12,15,97,69"/><U121/><E115/><V108/><F120/><W35/><G133/><T41/><D116/><U70/><E121/><V25/><F134/><W32/><G125/><T57/><D135/><U55/><E131/><V28/><F127/><W87/><G69/><T89/><D126/><U122/><E122/><V37/><F37/><W62/><G129/><T0/><D74/><U130/><E130/><V72/><F72/><W78/><G78/><T36/><D106/><U82/><E100/><V77/><F114/><W67/><G42/><T2/><D26/><U92/><E92/><V3/><F3/><W63/><G104/><T31/><D31/><U27/><E27/><V20/><F93/><W49/><G49/><T54/><REACH who="0" step="1"/><D0/><REACH who="0" ten="200,230,230,330" step="2"/><U4/><E30/><V103/><F28/><W105/><G105/><T128/><D128/><U33/><E29/><V94/><F23/><W24/><G24/><T107/><D107/><U119/><E33/><V50/><F25/><W5/><G5/><T7/><D7/><U79/><E119/><V117/><F20/><W109/><G109/><N who="2" m="42089" /><F117/><W81/><REACH who="3" step="1"/><G67/><AGARI ba="0,1" hai="1,2,36,41,44,51,54,57,60,67,71,89,95,99" machi="67" ten="40,5200,0" yaku="1,1,24,2,53,0" doraHai="123" doraHaiUra="16" who="0" fromWho="3" sc="200,62,230,0,230,0,330,-52" /><INIT seed="2,0,0,4,1,83" ten="262,230,230,278" oya="2" hai0="73,27,95,81,85,4,130,106,49,82,18,90,111" hai1="21,104,93,126,13,31,34,101,51,39,62,116,66" hai2="37,8,67,38,114,12,102,127,96,54,112,47,65" hai3="134,99,30,87,86,56,109,133,115,74,103,59,98"/><V120/><F120/><W23/><G74/><T14/><D111/><U6/><E39/><V80/><F127/><W26/><G109/><T129/><D106/><U135/><E126/><V75/><F38/><W131/><G131/><N who="0" m="50187" /><D73/><U16/><E135/><N who="3" m="51722" /><G115/><T79/><D49/><U11/><E116/><V52/><F112/><W107/><G99/><T91/><D4/><U5/><E104/><V122/><F122/><W124/><G124/><T108/><D108/><U117/><E117/><V48/><F114/><W7/><G7/><T64/><D64/><U92/><E51/><V41/><F54/><W55/><G59/><T119/><D27/><U29/><E6/><V61/><F67/><W88/><G88/><N who="0" m="33835" /><D95/><U22/><E93/><V1/><F1/><W57/><G57/><T70/><D70/><U28/><E92/><V68/><F75/><W36/><G36/><T19/><D119/><U132/><E132/><V2/><F2/><W45/><G45/><T77/><D14/><U33/><E101/><V17/><F37/><W78/><G78/><T32/><D81/><U100/><E100/><V63/><F80/><W69/><G69/><T97/><D32/><N who="1" m="12395" /><E66/><V46/><F68/><W42/><G42/><T123/><D123/><U40/><E40/><V44/><F65/><W9/><G9/><T110/><D110/><U94/><E94/><N who="2" m="58647" /><F41/><W3/><G3/><T121/><D121/><U0/><E62/><AGARI ba="0,0" hai="8,12,17,44,46,47,48,52,61,62,63" m="58647" machi="62" ten="30,2900,0" yaku="8,1,54,1" doraHai="83" who="2" fromWho="1" sc="262,0,230,-29,230,29,278,0" /><AGARI ba="0,0" hai="23,26,30,55,56,62,86,87,98,103,107" m="51722" machi="62" ten="30,3900,0" yaku="20,1,52,2" doraHai="83" who="3" fromWho="1" sc="262,0,201,-39,259,0,278,39" /><INIT seed="2,1,0,2,1,38" ten="262,162,259,317" oya="2" hai0="80,90,61,26,92,82,58,6,50,22,106,121,31" hai1="67,54,96,135,77,95,124,7,11,66,8,75,86" hai2="65,2,19,94,33,123,34,105,28,36,103,14,113" hai3="55,12,57,53,51,76,119,79,128,87,81,13,4"/><V60/><F105/><W85/><G119/><T24/><D121/><U120/><E75/><V83/><F2/><W84/><G128/><T40/><D106/><U16/><E120/><V125/><F36/><W118/><G118/><T59/><D6/><U41/><E124/><V74/><F125/><W9/><G76/><T39/><D39/><U100/><E135/><V72/><F123/><W101/><G101/><T99/><D26/><U104/><E104/><V78/><F113/><W129/><G129/><T108/><D108/><U93/><E54/><V132/><F132/><W70/><G70/><T30/><D30/><U49/><E7/><V88/><F72/><W73/><G73/><T97/><D97/><U130/><E130/><V68/><F103/><W20/><G20/><T45/><D59/><U56/><E56/><V48/><F48/><W32/><G32/><T25/><D25/><U21/><E66/><AGARI ba="1,0" hai="22,24,31,40,45,50,58,61,66,80,82,90,92,99" machi="66" ten="30,3900,0" yaku="7,1,8,1,52,1" doraHai="38" who="0" fromWho="1" sc="262,42,162,-42,259,0,317,0" /><INIT seed="3,0,0,1,2,114" ten="304,120,259,317" oya="3" hai0="29,23,10,6,98,63,107,88,56,118,44,94,60" hai1="77,38,37,90,119,24,91,100,135,40,95,108,86" hai2="25,53,21,80,0,79,66,76,122,121,22,124,99" hai3="15,34,83,82,26,128,111,11,2,48,35,116,49"/><W46/><G116/><T78/><D118/><U72/><E119/><V84/><F0/><W103/><G2/><T27/><D107/><U61/><E108/><V57/><F66/><W32/><G103/><T9/><D78/><U42/><E135/><V1/><F1/><W51/><G128/><T93/><D93/><U33/><E100/><V134/><F134/><W65/><G26/><T4/><D44/><U112/><E77/><V64/><F64/><W62/><G111/><T69/><D69/><U129/><E72/><V106/><F124/><W59/><REACH who="3" step="1"/><G46/><REACH who="3" ten="304,120,259,307" step="2"/><T89/><D56/><U39/><E112/><V104/><F121/><W101/><G101/><T70/><D70/><U8/><E129/><V3/><F122/><W13/><G13/><T97/><D97/><U109/><E109/><V110/><F99/><W31/><G31/><T126/><D126/><U52/><E33/><V132/><F3/><W71/><G71/><T17/><D29/><U20/><E8/><N who="0" m="3177" /><D89/><U130/><E130/><V54/><F132/><W113/><G113/><T133/><D133/><U73/><E73/><V16/><F110/><W30/><G30/><T117/><D117/><U67/><E91/><V58/><F106/><W50/><N who="3" m="12800" /><DORA hai="120" /><W68/><G68/><T102/><D102/><U92/><E92/><V45/><F104/><W75/><G75/><T96/><D96/><U127/><E127/><V47/><F45/><W115/><G115/><T105/><D105/><U7/><E7/><AGARI ba="0,1" hai="7,11,15,32,34,35,59,62,65,82,83" m="12800" machi="7" ten="60,2900,0" yaku="1,1,53,0" doraHai="114,120" doraHaiUra="18,125" who="3" fromWho="1" sc="304,0,120,-29,259,0,307,39" /><AGARI ba="0,0" hai="4,6,7,17,23,27,60,63,88,94,98" m="3177" machi="7" ten="30,2000,0" yaku="8,1,54,1" doraHai="114,120" who="0" fromWho="1" sc="304,20,91,-20,259,0,346,0" owari="324,12.0,71,-43.0,259,-14.0,346,45.0" /></mjloggm>