<mjloggm ver="2.3"><GO type="97" lobby="0"/><UN n0="%E9%9B%80%E9%81%94" n1="%75%72%6F%63%68%69%74%61" n2="%E3%82%A6%E3%83%AB%E3%83%88%E3%83%A9%E7%AB%8B%E7%9B%B4" n3="%79%75%6B%69%61%31%37" dan="15,14,15,14" rate="2028.32,1924.65,1932.18,1886.83" sx="M,M,M,M"/><TAIKYOKU oya="0"/><INIT seed="0,0,0,4,0,61" ten="250,250,250,250" oya="0" hai0="97,79,35,69,83,90,23,9,64,129,124,38,15" hai1="32,57,45,67,58,89,73,91,63,40,78,19,127" hai2="86,21,74,125,44,135,96,52,17,16,10,134,82" hai3="31,131,75,133,106,20,121,114,14,93,34,77,2"/><T76/><D38/><U59/><E32/><V49/><F74/><W117/><RYUUKYOKU type="yao9" ba="0,0" sc="250,0,250,0,250,0,250,0" hai3="2,14,20,31,34,75,77,93,106,114,117,121,131,133" /><INIT seed="0,1,0,4,3,86" ten="250,250,250,250" oya="0" hai0="107,97,129,63,0,46,75,96,11,109,101,41,33" hai1="84,44,102,133,77,42,27,40,104,79,49,59,3" hai2="62,48,66,115,123,16,121,128,72,29,117,15,103" hai3="89,94,35,108,38,8,70,135,37,24,95,88,100"/><T83/><D33/><U51/><E3/><V10/><F72/><W90/><G70/><T43/><D129/><U68/><E68/><V106/><F115/><W20/><G35/><T52/><D109/><U45/><E133/><V120/><F128/><W113/><G113/><T32/><D32/><U19/><E104/><V87/><F117/><W50/><G108/><T22/><D22/><U67/><E102/><V112/><F112/><W53/><G135/><T14/><D0/><U54/><E67/><V60/><F29/><W6/><G100/><T64/><D97/><U124/><E124/><V126/><F126/><W78/><G78/><T25/><D25/><U98/><E98/><V91/><F66/><W134/><G134/><T47/><D47/><U36/><E84/><V130/><F130/><W131/><G131/><T105/><D105/><U5/><E5/><V2/><F2/><W23/><G6/><T31/><D31/><U17/><E27/><V82/><F103/><W73/><G73/><T58/><D75/><U74/><REACH who="1" step="1"/><E79/><REACH who="1" ten="250,240,250,250" step="2"/><V110/><F106/><W132/><G132/><T65/><D65/><U69/><E69/><V30/><F110/><W18/><G8/><T57/><D83/><AGARI ba="1,1" hai="17,19,36,40,42,44,45,49,51,54,59,74,77,83" machi="83" ten="40,1300,0" yaku="1,1,53,0" doraHai="86" doraHaiUra="99" who="1" fromWho="0" sc="250,-16,240,26,250,0,250,0" /><INIT seed="1,0,0,1,5,35" ten="234,266,250,250" oya="1" hai0="85,111,122,9,8,102,19,127,52,106,67,31,57" hai1="133,15,16,68,126,60,134,41,104,72,0,23,66" hai2="120,6,10,21,33,43,14,26,101,30,86,53,70" hai3="64,96,83,45,1,89,50,49,20,124,12,63,112"/><U71/><E104/><V39/><F70/><W7/><G112/><T56/><D111/><U44/><E72/><V128/><F43/><W75/><G124/><T36/><D36/><U99/><E71/><V129/><F39/><W107/><G107/><T69/><D127/><U32/><E32/><V123/><F101/><W132/><G96/><T91/><D122/><U22/><E126/><V61/><F86/><W98/><G98/><T5/><D106/><U113/><E113/><V88/><F53/><W13/><G75/><T11/><D102/><U93/><E22/><V76/><F88/><W135/><G20/><T4/><D31/><U74/><E74/><V81/><F61/><W73/><G73/><T87/><D69/><U55/><E55/><V118/><F81/><W116/><G116/><T24/><D67/><U114/><E114/><V34/><F76/><W29/><G29/><T82/><D87/><U109/><E0/><N who="2" m="327" /><F118/><W47/><G64/><T25/><D57/><U17/><E17/><N who="2" m="10423" /><F33/><W115/><G115/><T77/><D77/><U90/><REACH who="1" step="1"/><E109/><REACH who="1" ten="234,256,250,250" step="2"/><V37/><F123/><W62/><G83/><T3/><D3/><U131/><E131/><V58/><F120/><W103/><G1/><T80/><D80/><U78/><E78/><V59/><F128/><W54/><G54/><T84/><D19/><U27/><E27/><N who="0" m="10313" /><D85/><U46/><E46/><V110/><F129/><W105/><G105/><T130/><D130/><U100/><E100/><V95/><F110/><W121/><G121/><T48/><AGARI ba="0,1" hai="4,5,8,9,11,48,52,56,82,84,91" m="10313" machi="48" ten="30,2000,0" yaku="8,1,54,1" doraHai="35" who="0" fromWho="0" sc="234,30,256,-10,250,-5,250,-5" /><INIT seed="2,0,0,0,3,39" ten="264,246,245,245" oya="2" hai0="63,112,102,41,15,20,111,97,77,104,7,10,45" hai1="120,50,31,82,84,22,131,119,123,83,49,69,34" hai2="23,29,66,5,52,70,88,55,89,54,116,110,75" hai3="51,76,135,35,24,115,79,130,38,103,98,78,43"/><V14/><F75/><W109/><G38/><T21/><D111/><U87/><E69/><V118/><F110/><W91/><G109/><T53/><D112/><U62/><E34/><V90/><F66/><W19/><G35/><T17/><D77/><U122/><E119/><V134/><F70/><W58/><G115/><T81/><D81/><U114/><E114/><V26/><REACH who="2" step="1"/><F134/><REACH who="2" ten="264,246,235,245" step="2"/><W2/><G135/><T106/><D106/><U64/><E131/><V11/><AGARI ba="0,1" hai="5,11,14,23,26,29,52,54,55,88,89,90,116,118" machi="11" ten="40,18000,2" yaku="1,1,2,1,0,1,54,2,53,1" doraHai="39" doraHaiUra="3" who="2" fromWho="2" sc="264,-60,246,-60,235,190,245,-60" /><INIT seed="2,1,0,3,2,0" ten="204,186,425,185" oya="2" hai0="124,95,30,51,134,94,117,91,118,116,111,128,121" hai1="101,126,87,125,110,79,42,44,78,11,98,56,52" hai2="97,36,113,20,34,50,89,3,57,18,100,25,104" hai3="24,76,86,64,32,93,70,107,83,29,99,43,48"/><V12/><F36/><W19/><G107/><T33/><D121/><U16/><E110/><V109/><F3/><W49/><G43/><T71/><D71/><U74/><E74/><V119/><F119/><W2/><G2/><T6/><D111/><U23/><E11/><V7/><F89/><W5/><G70/><T72/><D72/><U27/><E87/><V130/><F130/><W14/><G64/><T132/><D128/><U15/><E27/><V40/><F113/><W65/><G65/><T59/><D124/><U46/><E79/><V135/><F135/><N who="0" m="51754" /><D30/><U106/><E78/><V35/><F109/><W85/><G85/><T58/><D33/><U69/><E69/><V47/><F57/><N who="0" m="21514" /><D51/><U54/><E46/><V103/><F35/><W127/><G127/><N who="1" m="48650" /><E56/><V63/><F34/><W131/><G131/><T61/><D61/><U45/><E45/><V129/><F63/><W77/><G77/><T133/><N who="0" m="51762" /><T80/><DORA hai="53" /><D80/><U26/><E26/><V62/><F62/><W108/><G108/><T13/><D91/><U39/><AGARI ba="1,0" hai="15,16,23,39,42,44,52,54,98,101,106" m="48650" machi="39" ten="30,4000,0" yaku="18,1,54,2" doraHai="0,53" who="1" fromWho="1" sc="204,-11,186,43,425,-21,185,-11" /><INIT seed="3,0,0,1,5,41" ten="193,229,404,174" oya="3" hai0="7,108,109,69,26,33,135,105,3,89,10,2,74" hai1="97,118,79,57,27,71,93,13,68,36,58,114,117" hai2="38,56,37,76,63,91,59,44,90,131,87,12,28" hai3="125,29,20,32,111,129,0,106,64,61,96,116,9"/><W62/><G116/><N who="1" m="44650" /><E36/><V126/><F76/><W82/><G129/><T1/><D69/><N who="1" m="26699" /><E114/><V133/><F12/><W75/><G125/><T77/><D105/><U48/><E79/><V60/><F87/><W17/><G75/><T121/><D77/><U102/><E48/><V127/><F28/><W70/><G62/><T4/><D74/><U15/><E27/><V78/><F78/><W22/><G82/><T112/><D89/><U86/><E86/><V132/><F131/><W99/><G99/><T42/><D42/><U31/><E31/><V45/><AGARI ba="0,0" hai="37,38,44,45,56,59,60,63,90,91,126,127,132,133" machi="45" ten="25,8000,1" yaku="0,1,22,2,52,2" doraHai="41" who="2" fromWho="2" sc="193,-20,229,-20,404,80,174,-40" owari="173,-23.0,209,1.0,484,59.0,134,-37.0" /></mjloggm>