<mjloggm ver="2.3"><GO type="97" lobby="0"/><UN n0="%E3%81%82%E3%82%93%E3%81%A7%E3%81%83" n1="%EF%BC%9D%E6%B0%B4%E8%89%B2%E6%A7%98%EF%BC%9D" n2="%E3%82%A6%E3%83%AB%E3%83%88%E3%83%A9%E7%AB%8B%E7%9B%B4" n3="%E3%82%86%E3%81%86%E3%81%8D%E3%83%91%E3%83%91" dan="15,14,15,13" rate="1946.72,1994.55,2025.15,1801.85" sx="M,M,M,M"/><TAIKYOKU oya="0"/><INIT seed="0,0,0,3,5,74" ten="250,250,250,250" oya="0" hai0="126,2,135,80,71,131,28,105,99,53,11,0,67" hai1="94,78,24,17,76,93,21,13,118,120,48,62,36" hai2="117,63,23,114,43,1,31,90,75,26,98,12,65" hai3="22,124,30,56,127,106,7,86,59,52,109,110,82"/><T122/><D122/><U72/><E36/><V5/><F114/><W119/><G106/><T44/><D80/><U64/><E118/><V60/><F75/><W32/><G119/><T77/><D77/><N who="1" m="29803" /><E72/><V79/><F79/><N who="3" m="46431" /><G7/><T121/><D121/><U108/><E120/><V91/><F1/><W10/><G10/><T83/><D83/><U134/><E108/><N who="3" m="41578" /><G32/><T41/><D53/><U42/><E134/><V107/><F107/><W9/><G9/><T104/><D11/><N who="1" m="6335" /><E62/><V57/><F63/><N who="3" m="36231" /><G59/><T37/><D135/><U6/><E6/><V4/><F57/><W133/><G133/><T116/><D116/><U47/><E64/><V132/><F65/><W25/><AGARI ba="0,0" hai="22,25,30,124,127" m="36231,41578,46431" machi="25" ten="30,4000,0" yaku="14,1,52,1,54,1" doraHai="74" who="3" fromWho="3" sc="250,-20,250,-10,250,-10,250,40" /><INIT seed="1,0,0,0,1,34" ten="230,240,240,290" oya="1" hai0="27,33,58,17,29,37,105,30,25,68,130,83,123" hai1="93,106,26,35,89,118,24,14,134,107,92,19,108" hai2="110,2,117,71,50,61,28,54,104,94,7,48,36" hai3="49,90,74,84,16,11,87,62,116,0,76,72,9"/><U77/><E118/><V56/><F104/><W124/><G116/><T47/><D68/><U5/><E134/><V119/><F110/><W101/><G101/><T129/><D105/><U13/><E77/><V4/><F4/><W120/><G120/><T55/><D123/><U126/><E108/><V113/><F113/><W91/><G124/><T22/><D83/><U67/><E126/><V70/><F28/><W86/><G62/><T81/><D81/><U96/><E67/><V115/><F94/><W125/><G125/><T57/><D17/><U114/><E114/><V1/><F7/><W78/><G49/><T97/><D97/><U102/><E5/><V79/><F79/><N who="3" m="30251" /><G16/><T41/><REACH who="0" step="1"/><D57/><REACH who="0" ten="220,240,240,290" step="2"/><U52/><E106/><V135/><F56/><W98/><G0/><T32/><D32/><U66/><E107/><V23/><F2/><W122/><G122/><T51/><AGARI ba="0,1" hai="22,25,27,29,30,33,37,41,47,51,55,58,129,130" machi="51" ten="30,2000,0" yaku="1,1,0,1,53,0" doraHai="34" doraHaiUra="103" who="0" fromWho="0" sc="220,30,240,-10,240,-5,290,-5" /><INIT seed="2,0,0,2,0,125" ten="250,230,235,285" oya="2" hai0="32,64,60,99,5,135,123,129,1,62,25,72,34" hai1="44,85,57,79,69,100,105,63,3,131,120,128,55" hai2="134,97,77,86,19,43,51,35,108,10,101,14,73" hai3="88,53,6,89,54,102,31,122,56,0,18,59,29"/><V81/><F35/><W22/><G122/><T124/><D62/><U70/><E3/><V11/><F134/><W113/><G113/><T95/><D123/><U94/><E120/><V116/><F116/><W103/><G0/><T50/><D50/><N who="1" m="29127" /><E105/><V107/><F108/><W75/><G75/><T78/><D135/><U48/><E100/><N who="3" m="38442" /><G6/><T68/><D124/><U42/><E94/><V92/><F51/><W49/><G18/><T96/><D25/><U112/><E85/><V127/><F43/><W52/><G22/><T93/><D93/><U26/><E26/><V121/><F121/><W23/><G23/><T45/><D96/><U114/><E79/><V20/><REACH who="2" step="1"/><F127/><REACH who="2" ten="250,230,225,285" step="2"/><W33/><G49/><T17/><D34/><U13/><E48/><V87/><F87/><W126/><G33/><T38/><D32/><U132/><E42/><V40/><F40/><W4/><G126/><T9/><D72/><U130/><E132/><V67/><F67/><W110/><G110/><T133/><D64/><N who="1" m="39023" /><E13/><V46/><F46/><W15/><G56/><T76/><D45/><U104/><E104/><V12/><F12/><W7/><G59/><T71/><D133/><U80/><E80/><V27/><F27/><W24/><G24/><T111/><D111/><U2/><E2/><V39/><F39/><W118/><G118/><T16/><D38/><U28/><E28/><N who="3" m="10826" /><G15/><T8/><D1/><U37/><E37/><V65/><F65/><W41/><G41/><T61/><D99/><U36/><E36/><V74/><F74/><W82/><G82/><T21/><D95/><U66/><E66/><RYUUKYOKU ba="0,1" sc="250,-30,230,10,225,10,285,10" hai1="69,70,112,114,128,130,131" hai2="10,11,14,19,20,73,77,81,86,92,97,101,107" hai3="4,7,52,53,54,88,89" /><INIT seed="2,1,1,1,2,20" ten="220,240,235,295" oya="2" hai0="30,39,77,19,79,41,38,117,99,78,27,22,36" hai1="88,106,128,105,25,29,2,15,12,95,124,64,131" hai2="10,59,90,66,112,102,67,69,35,5,121,49,24" hai3="28,6,94,135,14,107,110,83,58,122,85,11,57"/><V132/><F121/><W45/><G107/><N who="1" m="40970" /><E2/><V4/><F112/><W60/><G122/><T37/><D117/><U109/><E64/><N who="2" m="24619" /><F35/><W73/><G135/><T43/><N who="0" m="9728" /><DORA hai="98" /><T18/><REACH who="0" step="1"/><D99/><REACH who="0" ten="210,240,235,295" step="2"/><N who="1" m="57831" /><E109/><V127/><F132/><W40/><G110/><T51/><D51/><U81/><E124/><V61/><F127/><W65/><G73/><T86/><D86/><U48/><E48/><V103/><F49/><W84/><G84/><T75/><D75/><U91/><E81/><V46/><F69/><W133/><G133/><T97/><D97/><U23/><E91/><V50/><F90/><W113/><G113/><T68/><D68/><U93/><E93/><V126/><F126/><W80/><G80/><T9/><D9/><U101/><E101/><N who="2" m="38411" /><F10/><W114/><G114/><T118/><D118/><U7/><E7/><V21/><F50/><W125/><G125/><T31/><D31/><U96/><E96/><V52/><F46/><W8/><G94/><T120/><D120/><U89/><E89/><V116/><F116/><W26/><G45/><T70/><D70/><U42/><E42/><AGARI ba="1,2" hai="18,19,22,27,30,41,42,43,77,78,79" m="9728" machi="42" ten="70,4500,0" yaku="1,1,52,1,53,0" doraHai="20,98" doraHaiUra="55,76" who="0" fromWho="1" sc="210,68,240,-48,235,0,295,0" /><INIT seed="3,0,0,4,1,128" ten="278,192,235,295" oya="3" hai0="2,50,100,114,47,115,43,105,44,11,111,74,53" hai1="72,99,7,16,97,94,134,33,90,14,0,48,70" hai2="80,46,41,39,106,95,127,102,56,123,77,31,32" hai3="78,104,85,5,59,57,76,107,112,37,4,133,45"/><W25/><G112/><N who="0" m="43051" /><D74/><U124/><E72/><N who="2" m="43047" /><F56/><W68/><G68/><T71/><D71/><U8/><E70/><V19/><F95/><W91/><G25/><T82/><D82/><U60/><E33/><V61/><F19/><W64/><G37/><T113/><N who="0" m="43059" /><T96/><DORA hai="3" /><D111/><U12/><E124/><V52/><F52/><W81/><G45/><N who="0" m="27855" /><D43/><U66/><E134/><V27/><F61/><W9/><G133/><T73/><D73/><U24/><E48/><V119/><F127/><W23/><G23/><T75/><D75/><U98/><E24/><V65/><F65/><W103/><G103/><T92/><D105/><U108/><E108/><V116/><F123/><W22/><G22/><T40/><D40/><U54/><E0/><V58/><F58/><W55/><G64/><T131/><D131/><U120/><E120/><V87/><F87/><W35/><G35/><T117/><D117/><N who="2" m="45130" /><F102/><W118/><G118/><T93/><D93/><U122/><E122/><V38/><F106/><W79/><G57/><T42/><D42/><U121/><E121/><V126/><F126/><W109/><G109/><T129/><D129/><U63/><E54/><V130/><F130/><W30/><G30/><T20/><D20/><N who="1" m="11271" /><E66/><V84/><F84/><AGARI ba="0,0" hai="7,8,14,60,63,84,90,94,97,98,99" m="11271" machi="84" ten="30,3900,0" yaku="8,1,52,1,54,1" doraHai="128,3" who="1" fromWho="2" sc="278,0,192,39,235,-39,295,0" /><INIT seed="4,0,0,5,1,4" ten="278,231,196,295" oya="0" hai0="125,50,102,119,41,73,115,49,63,85,5,37,36" hai1="54,70,80,31,108,44,95,133,51,92,13,98,66" hai2="126,64,83,93,78,0,86,26,117,122,79,82,77" hai3="46,114,84,25,28,123,65,17,87,22,47,2,121"/><T11/><D119/><U10/><E133/><V124/><F0/><W89/><G65/><T27/><D73/><U131/><E108/><V97/><F64/><W32/><G2/><T101/><D27/><U38/><E131/><V8/><F26/><W9/><G9/><T34/><D34/><U112/><E112/><V90/><F8/><W107/><G107/><T29/><D29/><U127/><E127/><N who="2" m="48683" /><F122/><N who="3" m="46603" /><G114/><T76/><D125/><U43/><E31/><V130/><F130/><W62/><G62/><T60/><D37/><U113/><E113/><V134/><F134/><W69/><G69/><T111/><D36/><U52/><E54/><V20/><F20/><W6/><G6/><T42/><D111/><U12/><E66/><V72/><F117/><W24/><G87/><T58/><D60/><U45/><E70/><V94/><F94/><AGARI ba="0,0" hai="17,22,24,25,28,32,46,47,84,89,94" m="46603" machi="94" ten="30,1000,0" yaku="13,1" doraHai="4" who="3" fromWho="2" sc="278,0,231,0,196,-10,295,10" owari="278,8.0,231,-17.0,186,-31.0,305,40.0" /></mjloggm>