<mjloggm ver="2.3"><GO type="41" lobby="0"/><UN n0="%39%39%39" n1="%E3%81%99%E3%81%BE%E3%81%9F" n2="%E5%90%8D%E4%BA%BA%E6%9C%AC%E5%9B%A0%E5%9D%8A" n3="%E3%82%A6%E3%83%AB%E3%83%88%E3%83%A9%E7%AB%8B%E7%9B%B4" dan="15,14,14,16" rate="2007.70,1908.32,1939.46,2076.29" sx="F,M,M,M"/><TAIKYOKU oya="0"/><INIT seed="0,0,0,1,2,113" ten="250,250,250,250" oya="0" hai0="52,8,75,111,33,107,109,110,68,119,42,89,14" hai1="100,60,57,44,25,79,99,30,21,38,72,32,77" hai2="51,70,37,124,114,131,50,82,35,108,59,101,11" hai3="84,18,67,122,105,53,0,23,96,15,2,63,83"/><T39/><D75/><U54/><E72/><V117/><F114/><W126/><G126/><T115/><D115/><U12/><E38/><V13/><F37/><W16/><G122/><T9/><D107/><U55/><E32/><V71/><F35/><W98/><G2/><T103/><D33/><U69/><E69/><V132/><F124/><W65/><G0/><T87/><D103/><U120/><E120/><V27/><F101/><W43/><G43/><T135/><D68/><U46/><E12/><V90/><F71/><W134/><G134/><T41/><D135/><U92/><REACH who="1" step="1"/><E55/><REACH who="1" ten="250,240,250,250" step="2"/><V97/><F70/><W61/><G53/><T5/><D52/><U36/><E36/><V64/><F132/><W76/><G15/><N who="0" m="5519" /><D39/><U3/><E3/><V24/><F13/><W26/><G67/><T73/><D73/><U45/><AGARI ba="0,1" hai="21,25,30,44,45,46,54,57,60,77,79,92,99,100" machi="45" ten="30,4000,0" yaku="1,1,0,1,8,1,53,0" doraHai="113" doraHaiUra="28" who="1" fromWho="1" sc="250,-20,240,50,250,-10,250,-10" /><INIT seed="1,0,0,5,4,5" ten="230,290,240,240" oya="1" hai0="67,103,70,64,58,54,55,12,62,124,132,50,135" hai1="25,51,33,129,95,21,98,131,39,101,4,66,32" hai2="27,46,7,37,86,133,2,35,6,88,13,109,14" hai3="34,125,117,22,65,110,3,19,111,82,121,76,83"/><U43/><E39/><V56/><F133/><N who="0" m="51274" /><D103/><U53/><E43/><V92/><F109/><W10/><G83/><T40/><D12/><U23/><E66/><N who="0" m="25129" /><D124/><U8/><E32/><V59/><F2/><W45/><G125/><T81/><D81/><U116/><E116/><V120/><F120/><W99/><G121/><T118/><D118/><U96/><E96/><V75/><F75/><W49/><G117/><T61/><D70/><U112/><E112/><V114/><F114/><W89/><G34/><T73/><D73/><U69/><E69/><V128/><F35/><W91/><G99/><T102/><D102/><U63/><E33/><V108/><F27/><W41/><G91/><T100/><D100/><U52/><E25/><V94/><F108/><W28/><G89/><T29/><D29/><U42/><E23/><V74/><F74/><W80/><G28/><T85/><D85/><U134/><E21/><V107/><F107/><W18/><G76/><T38/><D38/><U106/><E134/><V24/><F24/><W11/><G3/><T90/><D90/><U79/><E79/><V130/><F37/><W15/><G111/><T1/><D1/><U127/><E106/><V36/><F88/><W122/><G122/><T123/><D123/><U9/><E127/><V119/><F119/><W17/><G110/><T126/><D126/><U30/><E30/><V68/><F68/><W72/><G72/><T44/><D55/><U78/><E53/><V47/><F36/><W93/><G65/><T104/><D104/><U16/><E78/><V115/><F115/><W0/><G0/><RYUUKYOKU ba="0,0" sc="230,15,290,-15,240,15,240,-15" hai0="40,44,50,54,58,61,62" hai2="6,7,13,14,46,47,56,59,86,92,94,128,130" /><INIT seed="2,1,0,4,3,22" ten="245,275,255,225" oya="2" hai0="122,88,121,37,81,131,47,23,3,59,95,76,19" hai1="26,43,110,64,28,52,72,65,106,75,93,90,79" hai2="60,133,96,101,125,115,63,34,31,104,48,77,10" hai3="49,89,46,51,62,130,69,111,50,112,68,30,54"/><V58/><F115/><W40/><G112/><T53/><D3/><U100/><E110/><V129/><F129/><W0/><G0/><T9/><D9/><U57/><E43/><V2/><F133/><W102/><G102/><T8/><D8/><U39/><E39/><V118/><F77/><W12/><G89/><T70/><D70/><U135/><E135/><V13/><F125/><W114/><G114/><T116/><D116/><U83/><E72/><V108/><F108/><W74/><G74/><T126/><D126/><U44/><E44/><V45/><F2/><W27/><G12/><T24/><D47/><U80/><E80/><V17/><F58/><N who="3" m="35159" /><G27/><T61/><D37/><U32/><E106/><V86/><F118/><W56/><G30/><T84/><REACH who="0" step="1"/><D131/><REACH who="0" ten="235,275,255,225" step="2"/><U67/><E67/><V73/><F73/><AGARI ba="1,1" hai="19,23,24,53,59,61,73,76,81,84,88,95,121,122" machi="73" ten="30,8000,1" yaku="1,1,2,1,7,1,52,1,54,1,53,0" doraHai="22" doraHaiUra="113" who="0" fromWho="2" sc="235,93,275,0,255,-83,225,0" /><INIT seed="3,0,0,2,5,125" ten="328,275,172,225" oya="3" hai0="21,124,41,129,79,27,84,105,34,77,104,30,76" hai1="7,83,53,89,18,107,31,62,9,61,112,91,71" hai2="8,101,78,58,111,97,37,131,0,28,123,14,130" hai3="47,135,73,15,126,25,133,55,127,119,64,60,87"/><W63/><G73/><T81/><D129/><N who="2" m="49162" /><F37/><W69/><G87/><T13/><D124/><N who="3" m="47657" /><G15/><T46/><D34/><U68/><E107/><N who="2" m="63919" /><F0/><W90/><G90/><T10/><D105/><U74/><E112/><V6/><F123/><W65/><G25/><T19/><REACH who="0" step="1"/><D104/><REACH who="0" ten="318,275,172,225" step="2"/><U106/><E106/><V51/><F111/><W85/><G119/><T32/><D32/><U16/><E31/><V116/><F28/><W23/><G23/><T118/><D118/><U40/><E9/><V75/><F116/><W56/><G85/><T54/><D54/><U26/><E53/><N who="2" m="32063" /><F75/><W38/><G55/><T95/><D95/><U114/><E74/><V99/><F99/><W20/><G20/><T22/><D22/><U12/><E114/><V57/><F57/><W96/><G96/><T1/><D1/><U11/><E11/><V43/><F43/><AGARI ba="0,1" hai="38,43,47,56,60,63,64,65,69,133,135" m="47657" machi="43" ten="30,5800,0" yaku="18,1,34,2" doraHai="125" who="3" fromWho="2" sc="318,0,275,0,172,-58,225,68" /><INIT seed="3,1,0,4,0,4" ten="318,275,114,293" oya="3" hai0="128,47,114,13,121,54,58,131,55,101,124,89,46" hai1="84,106,134,74,49,52,99,94,41,66,116,14,61" hai2="57,36,79,93,90,70,19,115,9,25,0,120,2" hai3="22,92,67,42,107,40,3,123,5,10,27,119,38"/><W80/><G107/><T81/><D121/><U126/><E74/><V53/><F70/><W11/><G119/><T132/><D114/><U6/><E116/><V60/><F36/><W102/><G123/><T64/><D124/><U63/><E126/><V82/><F120/><W105/><G105/><T35/><D35/><U133/><E41/><V1/><F115/><W31/><G38/><T44/><D132/><N who="1" m="50795" /><E106/><V83/><F79/><W7/><G67/><T12/><D101/><N who="1" m="60663" /><E84/><V96/><REACH who="2" step="1"/><F9/><REACH who="2" ten="318,275,104,293" step="2"/><W72/><G72/><T122/><D122/><U65/><E65/><V110/><F110/><W18/><G11/><T17/><D64/><U87/><E66/><V32/><F32/><W113/><G113/><T100/><D128/><U97/><E63/><V103/><F103/><W129/><G129/><T85/><D100/><U77/><E61/><V23/><AGARI ba="1,1" hai="0,1,2,19,23,25,53,57,60,82,83,90,93,96" machi="23" ten="40,8000,1" yaku="1,1,0,1,25,2,53,0" doraHai="4" doraHaiUra="109" who="2" fromWho="2" sc="318,-21,275,-21,104,93,293,-41" /><INIT seed="4,0,0,0,0,70" ten="297,254,197,252" oya="0" hai0="111,33,17,12,65,37,95,50,130,46,85,102,28" hai1="124,19,134,58,11,78,8,77,52,120,114,69,76" hai2="55,92,41,79,34,13,16,96,38,122,39,88,62" hai3="24,129,51,100,109,133,135,18,3,25,94,74,90"/><T44/><D130/><U89/><E69/><V103/><F122/><W15/><G74/><T26/><D111/><U42/><E120/><V93/><F34/><W35/><G100/><T30/><D30/><U105/><E105/><V0/><F79/><W2/><G109/><T43/><D65/><U5/><E134/><V20/><F41/><W132/><G51/><T47/><D50/><U127/><E42/><V116/><F0/><W10/><G90/><T80/><D95/><U81/><E114/><V40/><F40/><W112/><G94/><T72/><D72/><U91/><E19/><V1/><F1/><N who="3" m="11" /><G35/><T71/><D71/><U126/><E5/><V6/><F6/><W36/><G36/><T63/><D63/><N who="1" m="36295" /><E81/><V118/><F118/><W98/><G98/><T45/><D102/><U4/><E4/><V23/><F23/><W59/><G59/><T121/><D121/><U99/><E99/><V22/><F22/><W101/><G101/><T14/><REACH who="0" step="1"/><D17/><REACH who="0" ten="287,254,197,252" step="2"/><U82/><E82/><V56/><REACH who="2" step="1"/><F116/><REACH who="2" ten="287,254,187,252" step="2"/><W83/><G132/><T60/><D60/><U57/><E127/><V123/><F123/><W29/><G135/><T104/><D104/><U64/><E126/><V53/><F53/><W86/><G133/><T68/><D68/><U7/><E124/><V108/><F108/><W67/><G67/><T84/><D84/><AGARI ba="0,2" hai="13,16,20,38,39,55,56,62,84,88,92,93,96,103" machi="84" ten="30,12000,2" yaku="1,1,7,1,52,2,54,2,53,0" doraHai="70" doraHaiUra="32" who="2" fromWho="0" sc="287,-120,254,0,187,140,252,0" /><INIT seed="5,0,0,3,4,19" ten="167,254,327,252" oya="1" hai0="121,102,122,106,116,14,56,90,48,16,63,108,96" hai1="55,36,52,91,79,50,103,127,13,8,88,115,20" hai2="85,93,60,134,81,0,92,107,32,57,120,95,22" hai3="132,39,76,2,10,113,111,53,110,33,59,65,17"/><U4/><E36/><V69/><F32/><W42/><G33/><T35/><D108/><U75/><E115/><V37/><F37/><W40/><G113/><T18/><D35/><U129/><E129/><V15/><F0/><W25/><G132/><T45/><D116/><U6/><E127/><V38/><F38/><W77/><G65/><T24/><D90/><U46/><E103/><V26/><F134/><W73/><G42/><T89/><D89/><U71/><E71/><V114/><F69/><W54/><G77/><T23/><D48/><U61/><E6/><V5/><F107/><W28/><G54/><T11/><REACH who="0" step="1"/><D45/><REACH who="0" ten="157,254,327,252" step="2"/><U12/><E91/><N who="2" m="51631" /><F114/><W51/><G111/><T130/><D130/><U47/><E88/><V124/><F124/><W27/><G110/><T66/><AGARI ba="0,1" hai="11,14,16,18,23,24,56,63,66,96,102,106,121,122" machi="66" ten="30,7900,0" yaku="1,1,0,1,52,1,54,1,53,0" doraHai="19" doraHaiUra="125" who="0" fromWho="0" sc="157,89,254,-39,327,-20,252,-20" /><INIT seed="6,0,0,1,2,81" ten="246,215,307,232" oya="2" hai0="94,104,102,78,33,63,36,19,68,3,120,20,57" hai1="135,101,82,84,96,51,17,87,123,126,50,132,54" hai2="31,86,106,128,30,125,112,70,14,18,46,95,124" hai3="16,115,23,11,117,92,118,39,26,7,9,108,35"/><V98/><F70/><W130/><G39/><T80/><D68/><U13/><E126/><N who="2" m="48747" /><F128/><W58/><G130/><T113/><D36/><U22/><E123/><V105/><F112/><W64/><G108/><T90/><D33/><U114/><E114/><V76/><F46/><W99/><G115/><T69/><D69/><U56/><E82/><N who="2" m="47431" /><F106/><W53/><G35/><T116/><D3/><U103/><E103/><N who="2" m="60895" /><F105/><W100/><G117/><T45/><D113/><U55/><E135/><V10/><AGARI ba="0,0" hai="10,14,18,30,31" m="60895,47431,48747" machi="10" ten="30,3000,0" yaku="18,1,52,1" doraHai="81" who="2" fromWho="2" sc="246,-10,215,-10,307,30,232,-10" /><INIT seed="6,1,0,5,2,79" ten="236,205,337,222" oya="2" hai0="24,109,70,75,21,31,124,30,49,57,28,47,65" hai1="56,66,73,58,50,128,69,77,117,42,131,114,126" hai2="22,27,99,0,85,41,17,38,15,25,61,46,83" hai3="68,88,18,44,35,89,94,122,76,98,54,36,63"/><V110/><F0/><W134/><G122/><T100/><D109/><U39/><E73/><V29/><F110/><W16/><G35/><T55/><D124/><U116/><E77/><V93/><F61/><W103/><G134/><T92/><D75/><U130/><E126/><V96/><F93/><W3/><G3/><T129/><D129/><U10/><E10/><V132/><F132/><W80/><G36/><T9/><D9/><U48/><E114/><V133/><F133/><W37/><G37/><T97/><D70/><U12/><E12/><V91/><REACH who="2" step="1"/><F25/><REACH who="2" ten="236,205,327,222" step="2"/><W60/><G60/><AGARI ba="1,1" hai="21,24,28,30,31,47,49,55,57,60,65,92,97,100" machi="60" ten="40,5200,0" yaku="25,2,8,1" doraHai="79" who="0" fromWho="3" sc="236,65,205,0,327,0,222,-55" /><INIT seed="7,0,0,1,4,27" ten="301,205,327,167" oya="3" hai0="26,130,55,30,89,35,14,129,23,62,112,69,50" hai1="37,4,60,73,115,71,7,88,51,131,39,8,12" hai2="104,99,34,47,119,5,125,3,90,59,120,84,72" hai3="33,24,79,25,109,28,58,6,75,80,134,135,127"/><W11/><G109/><T97/><D112/><U18/><E73/><V124/><F72/><W22/><G58/><T38/><D38/><U93/><E115/><V95/><F34/><W83/><G83/><T87/><D97/><U116/><E131/><N who="0" m="50185" /><D14/><U48/><E116/><V66/><F119/><W91/><G127/><N who="2" m="48713" /><F47/><W9/><G91/><T77/><D77/><U61/><E39/><V0/><F5/><W44/><G44/><T56/><D69/><U46/><E37/><V49/><F120/><W64/><G64/><T85/><D85/><U114/><E114/><V21/><F21/><W15/><REACH who="3" step="1"/><G9/><REACH who="3" ten="301,205,327,157" step="2"/><T122/><D122/><U32/><E46/><V121/><F121/><W103/><G103/><T133/><D89/><U20/><E88/><N who="2" m="55783" /><F104/><W74/><G74/><T31/><D133/><U101/><E101/><V41/><F66/><W70/><G70/><T76/><D76/><U108/><E71/><V110/><F110/><W117/><G117/><T126/><D126/><U53/><E108/><V102/><F102/><W107/><G107/><T57/><D57/><U54/><E8/><V36/><F59/><W63/><G63/><T98/><D56/><U10/><E61/><V106/><F106/><W128/><G128/><T43/><D62/><U65/><E60/><V67/><F67/><W132/><G132/><T92/><D87/><U105/><E65/><V81/><F36/><W94/><G94/><T40/><D92/><U52/><E93/><V96/><F96/><W68/><G68/><T86/><D86/><U82/><E105/><V13/><F84/><W17/><AGARI ba="0,1" hai="6,11,15,17,22,24,25,28,33,75,79,80,134,135" machi="17" ten="30,12000,1" yaku="1,1,5,1,0,1,52,1,53,1" doraHai="27" doraHaiUra="29" who="3" fromWho="3" sc="301,-40,205,-40,327,-40,157,130" /><INIT seed="7,1,0,4,1,36" ten="261,165,287,287" oya="3" hai0="32,68,117,55,35,62,124,41,90,29,93,53,112" hai1="49,26,13,99,37,135,14,104,78,54,6,59,128" hai2="110,63,47,132,2,1,9,51,0,133,83,74,97" hai3="38,22,122,134,109,5,61,31,131,30,121,96,66"/><W21/><G122/><T28/><D117/><U89/><E78/><N who="2" m="44503" /><F63/><W57/><G121/><T3/><D124/><U79/><E79/><V115/><F97/><W16/><G109/><T72/><D72/><U100/><E128/><V64/><F110/><W65/><G131/><T98/><D3/><U34/><E135/><N who="2" m="51787" /><F64/><W25/><G134/><T69/><D112/><U67/><E37/><V40/><F115/><W23/><G38/><T39/><D29/><N who="3" m="10761" /><G5/><AGARI ba="1,0" hai="0,1,2,5,9,40,47,51" m="51787,44503" machi="5" ten="30,2000,0" yaku="20,1,52,1" doraHai="36" who="2" fromWho="3" sc="261,0,165,0,287,23,287,-23" owari="261,-14.0,165,-33.0,310,41.0,264,6.0" /></mjloggm>