<mjloggm ver="2.3"><GO type="169" lobby="0"/><UN n0="%E5%A5%88%E8%90%BD%E3%81%AE%E7%8E%8B" n1="%E3%82%A6%E3%83%AB%E3%83%88%E3%83%A9%E7%AB%8B%E7%9B%B4" n2="%E3%81%B4%E3%81%83%E3%81%B4%E3%81%83" n3="%E3%83%89%E3%83%A9%E3%81%8F%E3%82%8C" dan="17,16,16,16" rate="2160.50,2060.78,2150.76,2109.35" sx="M,M,M,M"/><TAIKYOKU oya="0"/><INIT seed="0,0,0,2,4,3" ten="250,250,250,250" oya="0" hai0="50,52,115,7,56,15,91,62,17,82,33,44,79" hai1="46,9,98,90,135,55,8,11,88,4,48,39,106" hai2="38,12,87,94,21,35,54,30,104,131,67,97,80" hai3="1,128,89,43,92,58,99,49,42,76,73,69,59"/><T36/><D33/><U23/><E39/><V107/><F131/><W64/><G69/><T130/><D130/><U100/><E135/><V22/><F38/><W60/><G128/><T20/><D115/><U111/><E111/><V51/><F67/><W117/><G117/><T77/><D36/><U14/><E23/><V119/><F119/><W19/><G1/><T53/><REACH who="0" step="1"/><D7/><REACH who="0" ten="240,250,250,250" step="2"/><U66/><E66/><V133/><F35/><W96/><G73/><T71/><D71/><U124/><E124/><V37/><F37/><W83/><G76/><T109/><D109/><U121/><E121/><V10/><F133/><W26/><G83/><T120/><D120/><U112/><E112/><V122/><F122/><W13/><G99/><T2/><D2/><U32/><E32/><V101/><F80/><W118/><G118/><T110/><D110/><U95/><E90/><V6/><F87/><AGARI ba="0,1" hai="15,17,20,44,50,52,53,56,62,77,79,82,87,91" machi="87" ten="40,7700,0" yaku="1,1,8,1,54,1,53,0" doraHai="3" doraHaiUra="68" who="0" fromWho="2" sc="240,87,250,0,250,-77,250,0" /><AGARI ba="0,0" hai="4,8,9,11,14,46,48,55,87,88,95,98,100,106" machi="87" ten="30,3900,0" yaku="7,1,52,1,54,1" doraHai="3" who="1" fromWho="2" sc="327,0,250,39,173,-39,250,0" /><INIT seed="0,1,0,2,5,71" ten="327,289,134,250" oya="0" hai0="44,70,34,115,10,38,100,128,122,1,91,93,105" hai1="27,92,127,31,134,15,80,97,107,132,111,6,125" hai2="12,90,121,46,130,110,60,96,36,56,68,52,24" hai3="119,49,118,30,21,18,0,43,131,77,79,82,95"/><T53/><D115/><U135/><E107/><V116/><F121/><W75/><G131/><T41/><D34/><U74/><E15/><V85/><F130/><W73/><G0/><T64/><D122/><U35/><E6/><V20/><F68/><W57/><G30/><T50/><D128/><U94/><E111/><V86/><F110/><W83/><G95/><T112/><D112/><U8/><E8/><V16/><F116/><W78/><G78/><T9/><D100/><U98/><E80/><V59/><F59/><W7/><G7/><T29/><D29/><U45/><E74/><V62/><F62/><W4/><G4/><T2/><D105/><U66/><E66/><V76/><F76/><W117/><G57/><T126/><D126/><N who="1" m="48139" /><E45/><V120/><F120/><W39/><G49/><T42/><D2/><U48/><E48/><V14/><F86/><W47/><REACH who="3" step="1"/><G119/><REACH who="3" ten="327,289,134,240" step="2"/><T102/><D1/><U61/><E61/><V104/><F104/><W88/><G88/><T99/><D91/><U67/><E94/><N who="2" m="56407" /><F85/><W108/><G108/><T55/><D70/><U33/><E92/><V40/><AGARI ba="1,1" hai="12,14,16,20,24,36,40,46,52,56,60" m="56407" machi="40" ten="30,7900,0" yaku="25,1,52,1,54,2" doraHai="71" who="2" fromWho="2" sc="327,-40,289,-21,134,92,240,-21" /><INIT seed="1,0,0,3,0,111" ten="287,268,226,219" oya="1" hai0="38,14,98,56,106,48,123,77,103,8,85,131,26" hai1="10,101,55,84,42,88,112,105,90,49,57,102,37" hai2="50,110,113,87,91,1,0,60,75,13,68,79,130" hai3="6,67,104,36,100,61,22,59,94,24,53,128,45"/><U132/><E105/><V133/><F110/><W52/><G128/><T118/><D38/><U62/><E37/><V39/><F39/><W43/><G104/><T73/><D118/><U96/><E132/><V7/><F130/><W18/><G6/><T44/><D131/><U30/><E112/><V31/><F31/><W46/><G46/><T19/><D73/><U127/><E127/><V119/><F119/><W92/><G100/><T78/><D123/><U20/><E10/><V47/><F79/><W51/><REACH who="3" step="1"/><G53/><REACH who="3" ten="287,268,226,209" step="2"/><T120/><D44/><N who="1" m="25751" /><E90/><V63/><F91/><W11/><G11/><T81/><D120/><U40/><E40/><V23/><F47/><W125/><G125/><T129/><D129/><U93/><E96/><V3/><F7/><W32/><G32/><T74/><D98/><U28/><E20/><V29/><F23/><W95/><G95/><T58/><D106/><U25/><E25/><V83/><F133/><W116/><G116/><T76/><D26/><U99/><E102/><V2/><F83/><W114/><G114/><T122/><D103/><U64/><E55/><V16/><F113/><W124/><G124/><T54/><D122/><U12/><E101/><V17/><F0/><W109/><G109/><T21/><D8/><U9/><E99/><V72/><F1/><W70/><AGARI ba="0,1" hai="18,22,24,36,43,45,51,52,59,61,67,70,92,94" machi="70" ten="20,12000,2" yaku="1,1,0,1,7,1,24,2,54,1,53,0" doraHai="111" doraHaiUra="134" who="3" fromWho="3" sc="287,-30,268,-60,226,-30,209,130" /><INIT seed="2,0,0,5,5,126" ten="257,208,196,339" oya="2" hai0="41,110,32,58,104,114,8,53,48,76,45,91,24" hai1="70,21,123,61,34,102,118,71,68,2,81,30,98" hai2="111,120,28,14,100,89,74,49,90,113,119,129,116" hai3="127,109,64,42,18,73,33,62,122,135,94,65,95"/><V93/><F113/><W97/><G73/><T56/><D104/><N who="1" m="63575" /><E21/><V103/><F120/><W128/><G33/><T131/><D114/><U19/><E19/><V36/><F36/><W112/><G42/><T101/><D8/><U27/><E118/><V6/><F74/><W86/><G127/><T59/><D24/><U55/><E55/><V16/><F6/><W1/><G1/><T77/><D32/><U108/><E108/><V72/><F72/><W44/><G65/><T9/><D110/><U46/><E81/><V10/><F111/><W133/><G64/><T57/><D9/><U124/><E124/><V39/><F39/><W75/><G109/><T88/><D101/><U20/><E20/><V83/><F28/><W3/><G3/><T80/><D80/><U115/><E115/><V15/><F83/><W17/><G122/><T60/><D53/><U4/><E46/><V43/><F10/><W7/><G112/><T22/><D22/><U40/><E40/><V105/><F43/><W35/><G35/><T31/><D31/><U66/><E123/><V52/><F16/><W0/><G18/><T29/><D29/><U82/><E82/><V132/><F52/><W38/><G17/><T134/><D76/><U117/><E117/><V11/><F11/><AGARI ba="0,0" hai="2,4,11,27,30,34,61,66,68,70,71" m="63575" machi="11" ten="30,3900,0" yaku="25,1,33,2" doraHai="126" who="1" fromWho="2" sc="257,0,208,39,196,-39,339,0" /><INIT seed="3,0,0,2,0,81" ten="257,247,157,339" oya="3" hai0="77,86,101,132,121,117,119,111,76,47,110,83,103" hai1="69,68,59,65,20,99,35,106,53,6,127,21,89" hai2="42,45,25,90,40,3,19,98,14,100,129,82,95" hai3="54,37,124,112,56,126,7,32,49,105,33,93,10"/><W28/><G112/><T96/><D47/><U108/><E68/><V2/><F129/><W114/><G105/><T8/><D8/><U18/><E35/><V43/><F45/><W58/><G114/><T115/><D115/><U135/><E65/><V113/><F113/><W79/><G37/><T0/><D0/><U75/><E69/><V88/><F25/><W91/><G79/><T9/><D9/><U66/><E75/><V128/><F128/><W51/><G58/><T34/><D34/><U134/><E66/><V125/><F125/><N who="3" m="48235" /><G51/><T23/><D23/><U57/><E21/><V30/><F30/><W15/><G28/><T94/><D132/><U62/><E59/><V39/><F39/><W22/><G22/><T73/><D121/><U4/><E127/><V60/><F60/><W84/><AGARI ba="0,0" hai="7,10,15,32,33,49,54,56,84,91,93" m="48235" machi="84" ten="30,3000,0" yaku="18,1,52,1" doraHai="81" who="3" fromWho="3" sc="257,-10,247,-10,157,-10,339,30" /><INIT seed="3,1,0,2,0,55" ten="247,237,147,369" oya="3" hai0="72,42,105,77,23,104,90,96,12,33,14,111,65" hai1="75,119,78,11,123,82,69,26,59,91,88,108,83" hai2="128,24,95,45,118,102,80,107,114,125,50,103,29" hai3="5,40,120,62,86,48,101,85,98,60,18,51,79"/><W56/><G120/><T30/><D33/><U121/><E69/><V71/><F114/><W1/><G62/><T10/><D42/><U68/><E68/><V2/><F118/><W126/><G126/><T39/><D39/><U63/><E119/><V15/><F2/><W8/><G18/><T16/><D111/><U4/><E108/><V44/><F71/><W124/><G124/><T46/><D46/><U57/><E26/><V37/><F125/><W106/><G40/><T66/><D104/><U54/><E123/><V92/><F37/><W122/><G122/><T93/><D105/><U36/><E36/><V94/><F107/><W32/><G32/><T131/><D131/><U76/><E59/><V9/><F80/><W19/><G19/><T89/><D89/><U129/><E129/><V70/><F70/><W6/><G6/><T35/><D35/><U113/><E113/><V87/><F87/><W61/><G61/><T67/><D30/><U132/><E132/><V7/><F128/><W52/><G79/><T3/><D3/><U20/><E20/><N who="2" m="15495" /><F45/><W133/><G133/><T112/><D112/><U27/><E27/><V84/><F84/><W81/><G86/><T135/><D135/><U0/><E121/><V43/><AGARI ba="1,0" hai="7,9,15,43,44,50,92,94,95,102,103" m="15495" machi="43" ten="30,1100,0" yaku="8,1" doraHai="55" who="2" fromWho="2" sc="247,-4,237,-4,147,14,369,-6" /><INIT seed="4,0,0,3,3,95" ten="243,233,161,363" oya="0" hai0="122,99,45,11,74,46,134,72,53,80,125,61,107" hai1="36,113,131,8,9,5,89,111,0,4,25,119,32" hai2="100,103,42,59,37,63,1,81,28,115,18,85,93" hai3="35,102,51,41,109,116,79,19,21,82,64,13,129"/><T39/><D122/><U67/><E67/><V30/><F1/><W27/><G116/><T135/><D125/><U127/><E89/><V92/><F115/><W73/><G109/><T108/><D108/><U29/><E111/><V75/><F75/><W26/><G129/><T40/><D11/><U3/><E36/><V78/><F37/><W43/><G64/><T121/><D121/><U20/><E119/><V58/><F42/><W101/><G101/><N who="2" m="38985" /><F18/><W48/><G102/><N who="0" m="62943" /><D80/><U68/><E68/><V86/><F59/><W110/><G110/><T133/><D46/><U2/><E127/><V12/><F12/><W17/><G43/><T94/><D94/><N who="2" m="36458" /><F86/><W71/><G71/><T6/><D6/><N who="1" m="2667" /><E131/><V24/><F24/><W130/><G41/><T114/><D114/><U16/><E113/><V128/><F128/><W84/><G130/><T97/><D74/><U44/><E44/><V60/><F60/><W77/><G84/><T15/><D72/><U90/><E90/><V57/><F57/><W112/><G112/><T106/><D61/><U70/><E70/><V14/><F14/><AGARI ba="0,0" hai="0,2,3,8,9,14,16,20,25,29,32" m="2667" machi="14" ten="30,12000,2" yaku="35,5,54,1" doraHai="95" who="1" fromWho="2" sc="243,0,233,120,161,-120,363,0" /><INIT seed="5,0,0,3,3,49" ten="243,353,41,363" oya="1" hai0="42,92,47,95,98,14,54,8,97,109,5,88,33" hai1="80,133,74,71,113,56,11,125,53,118,110,122,57" hai2="127,60,3,86,58,112,20,37,81,82,55,0,75" hai3="67,45,7,10,123,29,131,114,94,18,116,12,41"/><U78/><E122/><V129/><F37/><W24/><G123/><T73/><D33/><U99/><E71/><V62/><F127/><W96/><G116/><T66/><D73/><U39/><E118/><V102/><F129/><W121/><G121/><T93/><D109/><U36/><E125/><V26/><F102/><W76/><G131/><T77/><D77/><U38/><E110/><V120/><F120/><W61/><G76/><T108/><D108/><U23/><E133/><V1/><F75/><W32/><G114/><T126/><D126/><U25/><E113/><V124/><F124/><W43/><G45/><T84/><D66/><U64/><E99/><V100/><F100/><W34/><G34/><T70/><D70/><U21/><E11/><V115/><F62/><W69/><G18/><T6/><D6/><U52/><E64/><V28/><REACH who="2" step="1"/><F81/><REACH who="2" ten="243,353,31,363" step="2"/><W104/><G104/><T17/><D95/><U103/><E103/><AGARI ba="0,1" hai="7,10,12,24,29,32,41,43,61,67,69,94,96,103" machi="103" ten="30,1000,0" yaku="7,1" doraHai="49" who="3" fromWho="1" sc="243,0,353,-10,31,0,363,20" /><INIT seed="6,0,0,0,0,20" ten="243,343,31,383" oya="2" hai0="72,13,42,44,45,127,30,6,57,49,40,121,81" hai1="99,25,101,118,103,14,15,90,33,114,125,75,120" hai2="128,31,89,41,46,123,134,18,67,104,0,130,91" hai3="36,68,4,69,9,135,19,59,105,47,88,87,93"/><V108/><F123/><W113/><G105/><T12/><D121/><U1/><E101/><V53/><F108/><W24/><G135/><T133/><D133/><U39/><E15/><V83/><F134/><W48/><G113/><T94/><D127/><U51/><E14/><V65/><F0/><W110/><G59/><T2/><D57/><U71/><E90/><N who="2" m="34315" /><F104/><W102/><G102/><T82/><D94/><U95/><E51/><N who="2" m="27087" /><F83/><W50/><G36/><T58/><D58/><U21/><E120/><V34/><F53/><W74/><G74/><T106/><D106/><U107/><E118/><V54/><F54/><W126/><G69/><T26/><D2/><U43/><E95/><V11/><F34/><W76/><G68/><T38/><D72/><U119/><E119/><V5/><F31/><W55/><G110/><T111/><D111/><U96/><E96/><V10/><F18/><W7/><G19/><T17/><D17/><U115/><E125/><V37/><F37/><W23/><G126/><T97/><D97/><U61/><E75/><V100/><F100/><W86/><G55/><T35/><D6/><U22/><E1/><N who="2" m="303" /><F11/><W112/><G9/><T3/><D3/><U77/><E77/><V122/><F122/><W27/><G76/><T16/><D13/><U85/><E85/><V131/><AGARI ba="0,0" hai="65,67,128,130,131" m="303,27087,34315" machi="131" ten="40,2100,0" yaku="19,1" doraHai="20" who="2" fromWho="2" sc="243,-7,343,-7,31,21,383,-7" /><INIT seed="6,1,0,2,5,68" ten="236,336,52,376" oya="2" hai0="76,73,29,105,34,40,134,115,4,82,6,89,110" hai1="20,15,96,121,78,88,22,46,135,94,84,125,128" hai2="75,12,62,101,18,27,123,85,30,64,126,2,67" hai3="71,122,48,98,17,19,60,25,129,127,14,65,107"/><V58/><F123/><W42/><G129/><T100/><D115/><U95/><E128/><V3/><F75/><W108/><G122/><T54/><D110/><U117/><E117/><V114/><F114/><W47/><G127/><T13/><D40/><U1/><E1/><V133/><F126/><W72/><G72/><T49/><D134/><U97/><E135/><V5/><F133/><W38/><G108/><T59/><D13/><U87/><E125/><V83/><F101/><W130/><G130/><T63/><D29/><U28/><E78/><V37/><F5/><W10/><G25/><T77/><D34/><U70/><E70/><V111/><F64/><W124/><G124/><T86/><D77/><U66/><E66/><V109/><F109/><W39/><G19/><T53/><D105/><U55/><E22/><V80/><F111/><W103/><AGARI ba="1,0" hai="10,14,17,38,39,42,47,48,60,65,71,98,103,107" machi="103" ten="30,4000,0" yaku="0,1,52,2" doraHai="68" who="3" fromWho="3" sc="236,-11,336,-11,52,-21,376,43" /><INIT seed="7,0,0,3,4,114" ten="225,325,31,419" oya="3" hai0="73,129,49,1,47,128,92,91,75,115,34,132,79" hai1="111,63,74,27,81,14,116,61,122,12,5,25,126" hai2="56,31,51,104,62,54,102,42,22,86,19,46,70" hai3="26,33,98,64,103,39,96,17,37,38,0,80,121"/><W18/><G121/><T15/><D1/><U84/><E74/><V28/><F102/><W71/><G0/><T59/><D34/><U52/><E111/><V32/><F104/><W109/><G109/><T77/><D59/><U106/><E106/><V107/><F107/><W30/><G80/><T58/><D58/><U100/><E100/><V127/><F127/><W65/><G98/><T45/><D15/><U36/><E36/><V90/><F32/><W11/><G11/><T113/><D49/><U4/><E126/><V89/><F70/><W76/><G76/><N who="0" m="29259" /><D47/><U101/><E101/><V69/><F69/><W67/><G71/><T43/><D45/><U68/><E68/><V99/><F90/><W3/><G3/><T23/><D23/><U72/><E122/><V78/><F78/><W21/><G33/><T55/><D55/><U130/><E72/><N who="0" m="27721" /><D43/><U60/><E52/><V8/><F8/><W97/><G39/><T53/><D53/><U135/><E14/><V117/><F86/><W134/><G38/><T87/><D132/><U133/><E12/><V105/><F105/><W123/><G134/><T20/><D20/><U119/><E63/><V41/><F41/><W10/><G37/><T16/><D16/><U110/><E110/><V124/><F124/><W40/><G17/><T82/><D82/><U120/><E81/><V125/><F125/><W24/><G18/><T57/><D57/><U7/><E135/><V9/><F9/><W88/><G123/><T2/><D2/><U13/><E133/><V44/><F44/><W29/><G40/><T48/><D87/><RYUUKYOKU ba="0,0" sc="225,0,325,0,31,0,419,0" owari="225,-17.0,325,13.0,31,-47.0,419,51.0" /></mjloggm>