<mjloggm ver="2.3"><GO type="169" lobby="0"/><UN n0="%68%65%61%72%74%73%40" n1="%74%61%63%6F%73" n2="%E3%82%A6%E3%83%AB%E3%83%88%E3%83%A9%E7%AB%8B%E7%9B%B4" n3="%6B%6E%6A%31%30%35%30" dan="17,16,16,16" rate="2113.41,2029.81,2036.62,2107.53" sx="M,M,M,M"/><TAIKYOKU oya="0"/><INIT seed="0,0,0,1,4,96" ten="250,250,250,250" oya="0" hai0="58,59,4,12,110,60,3,125,87,5,36,51,119" hai1="78,112,76,13,17,131,89,49,47,101,21,63,26" hai2="86,80,123,45,120,99,134,24,127,72,133,34,103" hai3="85,57,35,37,25,19,83,22,41,28,95,68,1"/><T7/><D119/><U20/><E131/><V50/><F24/><W73/><G68/><T33/><D3/><U135/><E135/><N who="2" m="51723" /><F34/><W10/><G73/><T113/><D113/><U106/><E112/><V67/><F67/><W97/><G37/><T102/><D36/><U104/><E63/><V46/><F46/><W65/><G41/><T69/><D69/><U23/><E89/><N who="2" m="51399" /><F72/><W15/><G65/><T90/><D33/><U42/><E21/><V62/><F62/><W114/><G57/><T94/><D51/><U116/><E116/><V79/><F79/><W77/><G114/><T84/><D12/><U91/><E91/><V8/><F8/><W126/><G126/><T16/><D125/><U124/><E124/><V30/><F30/><W53/><G53/><T38/><D38/><U31/><REACH who="1" step="1"/><E106/><REACH who="1" ten="250,240,250,250" step="2"/><N who="2" m="63871" /><F127/><W92/><REACH who="3" step="1"/><G97/><AGARI ba="0,1" hai="13,17,20,23,26,31,42,47,49,76,78,97,101,104" machi="97" ten="40,5200,0" yaku="1,1,52,1,53,1" doraHai="96" doraHaiUra="40" who="1" fromWho="3" sc="250,0,240,62,250,0,250,-52" /><INIT seed="1,0,0,0,5,127" ten="250,302,250,198" oya="1" hai0="5,81,31,42,30,124,28,63,53,0,10,95,120" hai1="123,16,48,98,104,13,21,121,92,77,54,103,3" hai2="112,94,56,116,74,6,22,109,93,71,9,7,89" hai3="96,90,23,86,133,102,91,34,134,83,45,101,27"/><U37/><E37/><V2/><F71/><W87/><G34/><T68/><D124/><U41/><E3/><V100/><F74/><W108/><G45/><T57/><D120/><U58/><E77/><V131/><F116/><W43/><G43/><T75/><D42/><U55/><E41/><V20/><F56/><W82/><G23/><N who="2" m="8745" /><F89/><W129/><G27/><T15/><D68/><U50/><REACH who="1" step="1"/><E104/><REACH who="1" ten="250,292,250,198" step="2"/><V70/><F2/><W62/><G62/><T132/><D0/><U40/><E40/><V8/><F112/><W38/><G38/><T65/><D132/><U105/><E105/><V84/><F109/><W80/><G108/><T61/><D28/><U12/><E12/><V69/><F84/><W59/><G59/><AGARI ba="0,1" hai="13,16,21,48,50,54,55,58,59,92,98,103,121,123" machi="59" ten="30,18000,2" yaku="1,1,7,1,9,1,54,1,53,2" doraHai="127" doraHaiUra="44" who="1" fromWho="3" sc="250,0,292,190,250,0,198,-180" /><INIT seed="1,1,0,4,3,109" ten="250,482,250,18" oya="1" hai0="31,42,45,10,110,6,77,135,60,0,8,61,105" hai1="107,34,2,59,44,9,118,132,29,78,93,112,99" hai2="36,57,28,37,117,127,108,121,74,69,65,24,50" hai3="85,23,126,64,3,39,79,54,115,114,32,33,123"/><U40/><E118/><V116/><F24/><W12/><G3/><T52/><D110/><U97/><E132/><V5/><F28/><W26/><G39/><N who="2" m="14921" /><F5/><W129/><G123/><T4/><D135/><U53/><E78/><V102/><F102/><W30/><G126/><T71/><D105/><U106/><E97/><V25/><F25/><W130/><G64/><T103/><D103/><U133/><E53/><N who="2" m="31927" /><F74/><W125/><G54/><T100/><D100/><U82/><E59/><V84/><F84/><W56/><G56/><T7/><D31/><U49/><E49/><V21/><F21/><W87/><G79/><T111/><D111/><U22/><E34/><V80/><F80/><W119/><G119/><N who="2" m="45641" /><F108/><W58/><G58/><T128/><D77/><U101/><E82/><V18/><F127/><W90/><G125/><T88/><D0/><U122/><E106/><V14/><F121/><W68/><G68/><T46/><D71/><U15/><E107/><V91/><F91/><W63/><G63/><T104/><D88/><U16/><E2/><V76/><F76/><W83/><G87/><T48/><D104/><U27/><E122/><V38/><F38/><W43/><G43/><T11/><D60/><U120/><E120/><V20/><F69/><W72/><G72/><T81/><D81/><U124/><E124/><V62/><F62/><W98/><G98/><T35/><D35/><N who="3" m="13385" /><G12/><T73/><D73/><U17/><E15/><N who="2" m="9311" /><F65/><W95/><G95/><T1/><D1/><U67/><E93/><V92/><F14/><W86/><G86/><T41/><D61/><U96/><E67/><RYUUKYOKU ba="1,0" sc="250,-15,482,-15,250,15,18,15" hai2="92" hai3="23,26,30,83,85,90,114,115,129,130" /><INIT seed="2,2,0,5,0,117" ten="235,467,265,33" oya="2" hai0="40,33,119,87,110,29,131,6,30,26,42,5,124" hai1="51,25,80,129,60,79,128,123,32,121,77,68,98" hai2="72,95,27,122,102,134,59,67,18,2,12,70,17" hai3="92,58,52,74,130,100,24,103,37,22,7,135,91"/><V84/><F72/><W21/><G74/><T8/><D119/><U73/><E79/><V19/><F2/><W31/><G37/><T50/><D131/><N who="1" m="50251" /><E51/><V10/><F70/><W41/><G130/><T65/><D124/><U14/><E14/><V86/><F134/><W78/><G135/><T111/><D65/><N who="1" m="40999" /><E98/><N who="2" m="59743" /><F122/><W114/><G78/><T43/><D50/><U38/><E38/><V90/><F86/><W28/><G41/><T66/><D66/><U0/><E0/><V133/><F133/><W49/><G7/><T118/><D118/><U88/><E88/><V96/><F96/><W116/><G116/><T94/><D29/><AGARI ba="2,0" hai="25,29,32,73,77,80,121,123" m="40999,50251" machi="29" ten="30,7700,0" yaku="19,1,23,1,52,2" doraHai="117" who="1" fromWho="0" sc="235,-83,467,83,265,0,33,0" /><INIT seed="3,0,0,2,3,101" ten="152,550,265,33" oya="3" hai0="130,17,76,121,44,119,67,16,0,103,11,45,118" hai1="55,117,53,124,107,21,92,72,74,61,68,20,94" hai2="79,26,51,80,27,128,87,22,64,46,96,4,126" hai3="52,97,43,133,18,135,110,81,84,69,60,6,66"/><W62/><G6/><T49/><D121/><U127/><E107/><V30/><F126/><N who="1" m="48169" /><E117/><V56/><F128/><W37/><G97/><T54/><D76/><U34/><E34/><V29/><F4/><W50/><G18/><T12/><D130/><U24/><E21/><V23/><F96/><W38/><G84/><T102/><D0/><U13/><E13/><V122/><F122/><W59/><G81/><T86/><D67/><N who="1" m="41071" /><E55/><V19/><F64/><W108/><G60/><T132/><D132/><N who="3" m="50761" /><G38/><T8/><D119/><U113/><E53/><V106/><F106/><W1/><G1/><T78/><D118/><U7/><E7/><V2/><F2/><W95/><G95/><N who="1" m="36394" /><E113/><V77/><F19/><AGARI ba="0,0" hai="19,20,24,72,74" m="36394,41071,48169" machi="19" ten="30,1000,0" yaku="18,1" doraHai="101" who="1" fromWho="2" sc="152,0,550,10,265,-10,33,0" /><INIT seed="4,0,0,2,3,76" ten="152,560,255,33" oya="0" hai0="31,106,114,118,21,24,22,48,131,19,17,103,30" hai1="3,40,135,5,13,91,36,6,37,130,44,132,63" hai2="117,108,81,38,71,109,20,89,7,34,65,26,72" hai3="52,33,32,82,123,1,66,90,128,101,47,0,95"/><T125/><D106/><U54/><E3/><V61/><F20/><W14/><G123/><T97/><D103/><U39/><E130/><V78/><F89/><W87/><G128/><T126/><D97/><U53/><E91/><V49/><F49/><W127/><G66/><T77/><D131/><U122/><E122/><V93/><F93/><W46/><G127/><N who="0" m="48651" /><D77/><U80/><E80/><V56/><F56/><W110/><G110/><T116/><D48/><N who="1" m="26631" /><E63/><V99/><F99/><W96/><G47/><T121/><D121/><U113/><E113/><V62/><F62/><W58/><G46/><T59/><D59/><U86/><E86/><V50/><F50/><W69/><G69/><T107/><D107/><U2/><E2/><V120/><F38/><W4/><G14/><N who="0" m="9399" /><D114/><U25/><E53/><V15/><F120/><W79/><G79/><T29/><AGARI ba="0,0" hai="19,22,24,29,30,31,116,118" m="9399,48651" machi="29" ten="30,6000,0" yaku="18,1,34,2" doraHai="76" who="0" fromWho="0" sc="152,60,560,-20,255,-20,33,-20" /><INIT seed="4,1,0,0,2,32" ten="212,540,235,13" oya="0" hai0="35,111,99,73,17,98,71,90,45,115,55,88,21" hai1="29,1,92,83,56,44,25,103,89,93,124,70,9" hai2="46,0,63,11,31,94,81,49,82,95,118,64,20" hai3="65,54,87,23,85,69,8,3,96,119,110,135,121"/><T131/><D35/><U101/><E70/><V47/><F118/><W38/><G119/><T33/><D33/><U130/><E44/><V39/><F39/><W30/><G110/><T97/><D73/><U52/><E124/><V84/><F47/><W78/><G121/><T72/><D72/><U109/><E109/><V58/><F81/><W34/><G135/><T128/><D111/><U79/><E1/><V123/><F123/><W19/><G38/><T74/><D74/><U67/><E9/><V106/><F106/><W42/><G42/><T107/><D71/><U53/><E67/><V104/><F104/><W112/><G112/><T48/><D107/><U50/><E53/><V125/><F125/><W43/><G43/><T113/><D21/><N who="1" m="15535" /><E130/><N who="0" m="49705" /><D17/><U129/><E129/><V60/><F20/><W86/><G54/><T6/><D6/><U61/><E61/><V100/><F60/><W68/><G65/><T122/><D122/><U16/><E16/><V66/><F66/><W27/><G78/><T15/><D15/><U62/><E62/><V2/><F31/><W18/><G96/><T116/><D116/><U75/><E75/><V127/><F127/><W14/><REACH who="3" step="1"/><G18/><REACH who="3" ten="212,540,235,3" step="2"/><T59/><D45/><U37/><E37/><V57/><F46/><W24/><G24/><T12/><D12/><U133/><E133/><V108/><F108/><W132/><G132/><T40/><D40/><U41/><E41/><V105/><F64/><W26/><G26/><T7/><D7/><AGARI ba="1,1" hai="3,7,8,14,19,23,27,30,34,68,69,85,86,87" machi="7" ten="40,8000,1" yaku="1,1,24,2,52,1,53,0" doraHai="32" doraHaiUra="77" who="3" fromWho="0" sc="212,-83,540,0,235,0,3,93" /><INIT seed="5,0,0,4,0,27" ten="129,540,235,96" oya="1" hai0="107,117,81,58,48,4,87,133,89,118,13,93,39" hai1="52,28,22,35,25,105,99,79,38,94,104,102,5" hai2="30,32,12,120,124,106,92,62,14,37,80,71,57" hai3="85,125,84,18,61,59,119,90,134,31,33,11,51"/><U55/><E38/><V121/><F37/><W47/><G119/><T15/><D107/><U54/><E5/><V34/><F92/><W2/><G125/><T1/><D39/><U109/><E109/><V20/><F57/><W101/><G134/><T24/><D133/><U97/><E79/><V78/><F80/><W68/><G68/><T6/><D1/><U17/><REACH who="1" step="1"/><E99/><REACH who="1" ten="129,530,235,96" step="2"/><V111/><F78/><W41/><G84/><T132/><D6/><U64/><E64/><V129/><F111/><W73/><G73/><T40/><D4/><U45/><E45/><V44/><F44/><W103/><G2/><T49/><D132/><U23/><E23/><V26/><F20/><W108/><G108/><T128/><D118/><U16/><E16/><V83/><F34/><W91/><G18/><T114/><D117/><U95/><E95/><V72/><F32/><W74/><G74/><T10/><D93/><U56/><E56/><V126/><F72/><W21/><G33/><T77/><D58/><U3/><E3/><V110/><F110/><W100/><G11/><T112/><D77/><U8/><E8/><V122/><F124/><W63/><G85/><T36/><D87/><U82/><E82/><V116/><F83/><W113/><G59/><T76/><D10/><U0/><E0/><V65/><F126/><W53/><G47/><T88/><D81/><U69/><E69/><V60/><F71/><W67/><G21/><T66/><D36/><U19/><E19/><V9/><F9/><W50/><G67/><T46/><D66/><U135/><E135/><V123/><F65/><RYUUKYOKU ba="0,1" sc="129,-10,530,30,235,-10,96,-10" hai1="17,22,25,28,35,52,54,55,94,97,102,104,105" /><INIT seed="5,1,1,5,1,125" ten="119,560,225,86" oya="1" hai0="88,25,82,41,115,55,53,61,47,128,9,73,43" hai1="109,38,116,131,101,30,48,66,26,81,0,16,33" hai2="49,78,50,105,27,132,56,31,44,5,3,124,122" hai3="114,18,98,2,69,77,89,20,83,97,117,76,45"/><U70/><E38/><V75/><F105/><W100/><G69/><T21/><D115/><U92/><E0/><V17/><F122/><W24/><G114/><T71/><D9/><U127/><E116/><V99/><F5/><W107/><G2/><T87/><D73/><U123/><E123/><V34/><F78/><W23/><G117/><T68/><D128/><U37/><E37/><V46/><F56/><W103/><G89/><T94/><D82/><U15/><E127/><V91/><F75/><W104/><G83/><T42/><D47/><U11/><E131/><V13/><F3/><W29/><REACH who="3" step="1"/><G45/><REACH who="3" ten="119,560,225,76" step="2"/><T63/><D71/><U12/><E81/><V60/><F46/><W93/><G93/><T28/><REACH who="0" step="1"/><D68/><REACH who="0" ten="109,560,225,76" step="2"/><U119/><E70/><V57/><F44/><W84/><G84/><T1/><D1/><U111/><E119/><V59/><F124/><W112/><G112/><T133/><D133/><U62/><E109/><V6/><F132/><W67/><G67/><T36/><D36/><U79/><E66/><V80/><F80/><W32/><G32/><T51/><D51/><U129/><E48/><V134/><F34/><W52/><G52/><AGARI ba="1,3" hai="21,25,28,41,42,43,52,53,55,61,63,87,88,94" machi="52" ten="40,8000,1" yaku="1,1,8,1,54,2,53,0" doraHai="125" doraHaiUra="10" who="0" fromWho="3" sc="109,113,560,0,225,0,76,-83" owari="222,-18.0,560,66.0,225,3.0,-7,-51.0" /></mjloggm>