<mjloggm ver="2.3"><GO type="41" lobby="0"/><UN n0="%E3%82%A6%E3%83%AB%E3%83%88%E3%83%A9%E7%AB%8B%E7%9B%B4" n1="%E3%82%AB%E3%82%BA%E3%82%B3%E3%83%A0%E3%82%B7" n2="%E5%8E%9F%E6%9D%91%E5%92%8C%EF%BC%88%E6%B8%85%E6%BE%84%29" n3="%E9%B3%B4%E3%81%8D%E3%81%AE%E7%BE%8E%E5%AD%A6" dan="16,14,13,14" rate="2046.36,1874.87,1882.93,1811.83" sx="M,M,M,M"/><TAIKYOKU oya="0"/><INIT seed="0,0,0,5,4,16" ten="250,250,250,250" oya="0" hai0="132,39,55,4,83,107,86,58,91,110,1,109,22" hai1="106,113,69,134,79,19,17,13,43,6,36,68,133" hai2="24,56,116,64,0,3,9,70,35,38,67,26,124" hai3="54,129,95,25,73,72,84,108,102,50,61,66,87"/><T48/><D107/><U128/><E106/><V98/><F38/><W76/><G87/><T117/><D39/><U126/><E79/><V122/><F122/><W27/><G27/><T105/><D105/><U5/><E36/><V60/><F116/><W20/><G129/><T114/><D117/><U111/><E43/><V12/><F124/><W45/><G108/><N who="0" m="41579" /><D114/><U101/><E101/><V130/><F130/><W8/><G8/><T2/><D4/><N who="1" m="1643" /><E111/><V100/><F67/><W96/><G84/><T104/><D104/><U32/><E128/><V51/><F26/><W121/><G76/><T47/><D132/><N who="1" m="50795" /><E32/><V125/><F125/><W53/><G53/><T23/><D47/><U37/><E37/><V103/><F103/><W99/><G99/><T81/><D81/><U15/><E126/><V89/><F89/><W127/><G127/><T93/><D83/><U131/><E131/><V11/><F51/><W123/><G72/><T75/><D75/><U63/><E113/><V18/><F11/><W65/><G73/><T40/><D40/><U10/><E63/><V90/><F90/><W59/><REACH who="3" step="1"/><G65/><REACH who="3" ten="250,250,250,240" step="2"/><T33/><D33/><U34/><E34/><V28/><REACH who="2" step="1"/><F56/><REACH who="2" ten="250,250,240,240" step="2"/><W115/><G115/><T74/><D74/><U112/><E112/><V21/><F21/><AGARI ba="0,2" hai="1,2,21,22,23,48,55,58,86,91,93" m="41579" machi="21" ten="30,12000,1" yaku="14,1,10,1,52,3" doraHai="16" who="0" fromWho="2" sc="250,140,250,0,240,-120,240,0" /><AGARI ba="0,0" hai="10,13,15,17,19,21,68,69" m="50795,1643" machi="21" ten="30,2000,0" yaku="20,1,52,1" doraHai="16" who="1" fromWho="2" sc="390,0,250,20,120,-20,240,0" /><INIT seed="0,1,0,0,2,38" ten="390,270,100,240" oya="0" hai0="40,42,2,29,0,96,17,53,10,116,4,46,48" hai1="56,95,121,62,112,119,75,134,87,103,32,8,133" hai2="70,83,131,82,89,97,113,120,117,15,110,99,52" hai3="88,24,130,66,81,26,68,11,80,13,31,39,91"/><T35/><D116/><U125/><E121/><V107/><F70/><W18/><G66/><T37/><D37/><U74/><E119/><V135/><F117/><W25/><G68/><T94/><D2/><U61/><E125/><V3/><F3/><W28/><G130/><T77/><D77/><U47/><E32/><V73/><F120/><W6/><G6/><T43/><D17/><U105/><E105/><V129/><F15/><W114/><G114/><T41/><N who="0" m="10752" /><DORA hai="72" /><T12/><D35/><U76/><E47/><V23/><F23/><W49/><G49/><T57/><D29/><N who="3" m="11337" /><G39/><T128/><D128/><N who="2" m="49226" /><F52/><W58/><G58/><T102/><D0/><U30/><E30/><V101/><F113/><W84/><G80/><T21/><D21/><U14/><E112/><V45/><F45/><AGARI ba="1,0" hai="4,10,12,45,46,48,53,57,94,96,102" m="10752" machi="45" ten="50,12000,1" yaku="8,1,52,4" doraHai="38,72" who="0" fromWho="2" sc="390,123,270,0,100,-123,240,0" owari="513,61.0,270,7.0,-23,-52.0,240,-16.0" /></mjloggm>