<mjloggm ver="2.3"><GO type="169" lobby="0"/><UN n0="%EF%BC%88%E2%89%A7%E2%96%BD%E2%89%A6%EF%BC%89" n1="%4B%E3%80%82" n2="%74%6A%2D%6D%69%63%72%6F" n3="%52%65%6C%6D" dan="19,16,16,17" rate="2325.34,2111.27,2122.60,2104.14" sx="M,M,M,F"/><TAIKYOKU oya="0"/><INIT seed="0,0,0,0,3,102" ten="250,250,250,250" oya="0" hai0="19,91,124,32,108,13,126,79,29,5,2,17,68" hai1="100,127,55,90,49,38,118,114,72,116,71,9,15" hai2="33,20,56,8,39,35,135,47,115,4,134,24,99" hai3="133,81,125,110,97,31,51,131,111,109,0,16,77"/><T37/><D68/><U73/><E38/><V128/><F99/><W46/><G0/><T69/><D69/><U82/><E71/><V25/><F39/><W98/><G133/><N who="2" m="50697" /><F56/><W103/><G131/><T43/><D79/><U120/><E120/><V121/><F47/><W63/><G125/><N who="0" m="48235" /><D91/><U22/><E127/><V12/><F121/><W76/><G31/><T3/><D43/><U70/><E70/><V11/><F128/><W104/><G97/><T26/><D37/><U130/><E130/><V60/><F60/><W40/><G63/><T21/><D108/><U96/><E114/><V57/><F57/><W1/><G1/><N who="0" m="11" /><D19/><U117/><E90/><V80/><F80/><W41/><G41/><T106/><D5/><U42/><E42/><V65/><F65/><W34/><G81/><T88/><D88/><U85/><E82/><V113/><F11/><W132/><G132/><T119/><D106/><U28/><E9/><V64/><F64/><W45/><G77/><T18/><D18/><U23/><E117/><AGARI ba="0,0" hai="13,17,21,26,29,32,117,119" m="11,48235" machi="117" ten="30,5800,0" yaku="18,1,34,2" doraHai="102" who="0" fromWho="1" sc="250,58,250,-58,250,0,250,0" /><INIT seed="0,1,0,3,0,10" ten="308,192,250,250" oya="0" hai0="125,78,2,24,84,90,89,6,44,63,29,35,7" hai1="112,55,82,77,135,57,32,64,106,75,96,51,4" hai2="36,124,91,116,108,22,21,20,128,97,101,134,100" hai3="12,83,85,73,94,79,39,127,50,60,133,92,45"/><T70/><D125/><U3/><E32/><V131/><F36/><W37/><G127/><T93/><D2/><U129/><E129/><V109/><F124/><W62/><G133/><T19/><D78/><U105/><E135/><V66/><F134/><W111/><G39/><T16/><D44/><U86/><E112/><V13/><F66/><W103/><G37/><T126/><D126/><U88/><E64/><V99/><F116/><W30/><G30/><T43/><D43/><U113/><E113/><V74/><F74/><W56/><G56/><T59/><D70/><U118/><E118/><V31/><F31/><W120/><G94/><T52/><REACH who="0" step="1"/><D90/><REACH who="0" ten="298,192,250,250" step="2"/><U46/><E46/><V68/><F68/><W119/><G45/><T5/><AGARI ba="1,1" hai="5,6,7,16,19,24,29,35,52,59,63,84,89,93" machi="5" ten="30,18000,2" yaku="1,1,2,1,0,1,54,2,53,1" doraHai="10" doraHaiUra="23" who="0" fromWho="0" sc="298,193,192,-61,250,-61,250,-61" /><INIT seed="0,2,0,1,5,41" ten="491,131,189,189" oya="0" hai0="68,60,131,76,4,67,80,24,73,29,117,124,111" hai1="135,71,2,40,78,110,59,103,46,127,66,1,79" hai2="64,134,116,3,53,27,5,7,13,123,10,83,65" hai3="57,121,16,25,43,28,62,49,100,58,77,56,85"/><T105/><D117/><U15/><E110/><V69/><F123/><W129/><G121/><T122/><D122/><U115/><E115/><V98/><F116/><W94/><G129/><T81/><D131/><U26/><E127/><V133/><F98/><W6/><G6/><T33/><D124/><U17/><E103/><V99/><F99/><W22/><G100/><T119/><D119/><U18/><E71/><V52/><F27/><W114/><G114/><T82/><D111/><U47/><E135/><V54/><F83/><N who="3" m="47343" /><G94/><T21/><D4/><U70/><E70/><V30/><F30/><W130/><G130/><T109/><D109/><U108/><E108/><V75/><F75/><W104/><G104/><T9/><D9/><U63/><E40/><V51/><F5/><W0/><G0/><T36/><D36/><U101/><E101/><V44/><F3/><W20/><G62/><T74/><D105/><U11/><E2/><V93/><F93/><W118/><G118/><T12/><D74/><U38/><E38/><V61/><REACH who="2" step="1"/><F65/><REACH who="2" ten="491,131,179,189" step="2"/><W32/><G32/><T90/><D33/><U48/><E1/><V87/><F87/><W128/><G128/><T106/><D73/><U89/><E26/><V86/><F86/><W39/><G28/><T84/><D29/><U45/><E18/><V37/><F37/><W92/><G39/><T55/><D67/><U19/><E17/><V88/><F88/><W126/><G92/><T96/><D90/><U8/><E89/><V113/><F113/><W95/><G95/><T31/><D96/><U91/><E91/><V42/><AGARI ba="2,1" hai="7,10,13,42,44,51,52,53,54,61,64,69,133,134" machi="42" ten="30,8000,1" yaku="1,1,5,1,0,1,52,1,54,1,53,0" doraHai="41" doraHaiUra="34" who="2" fromWho="2" sc="491,-42,131,-22,179,96,189,-22" /><INIT seed="1,0,0,5,3,26" ten="449,109,275,167" oya="1" hai0="106,61,71,48,7,73,0,117,47,97,113,20,80" hai1="74,1,125,35,120,72,85,128,60,96,90,93,10" hai2="75,67,21,56,78,81,135,41,49,8,46,25,105" hai3="103,98,14,2,66,112,104,59,130,123,45,50,64"/><U101/><E120/><V53/><F135/><W70/><G123/><T5/><D117/><U40/><E128/><V77/><F77/><W27/><G2/><T43/><D113/><U94/><E125/><V76/><F76/><W87/><G112/><T12/><D0/><U89/><E40/><V102/><F8/><W107/><G107/><T39/><D73/><U99/><E35/><V109/><F109/><W54/><G130/><T13/><D80/><U6/><REACH who="1" step="1"/><E60/><REACH who="1" ten="449,99,275,167" step="2"/><V42/><F42/><W91/><G70/><T115/><D61/><U37/><E37/><V68/><F41/><W118/><G118/><T19/><D43/><U36/><E36/><V129/><F129/><W3/><G3/><T92/><D39/><U9/><E9/><V121/><F121/><W108/><G108/><T38/><D38/><U24/><E24/><V28/><F25/><W29/><G14/><T84/><D13/><U58/><E58/><V16/><F56/><W119/><G59/><T52/><D71/><U22/><E22/><V15/><F68/><W134/><G119/><T69/><D69/><U62/><E62/><V116/><F116/><W32/><REACH who="3" step="1"/><G134/><REACH who="3" ten="449,99,275,157" step="2"/><T11/><D115/><U110/><E110/><V55/><F46/><W95/><AGARI ba="0,2" hai="27,29,32,45,50,54,64,66,87,91,95,98,103,104" machi="95" ten="20,8000,1" yaku="1,1,2,1,0,1,7,1,52,1,53,0" doraHai="26" doraHaiUra="133" who="3" fromWho="3" sc="449,-20,99,-40,275,-20,157,100" /><INIT seed="2,0,0,0,1,36" ten="429,59,255,257" oya="2" hai0="88,41,11,55,13,53,107,69,20,5,105,6,4" hai1="14,113,49,133,129,132,3,67,59,115,23,60,121" hai2="75,34,97,0,104,101,58,102,38,134,98,62,33" hai3="125,135,68,126,15,63,93,131,78,109,85,73,1"/><V39/><F134/><N who="1" m="51817" /><E3/><V16/><F75/><W35/><G1/><T22/><D69/><U99/><E99/><V21/><F0/><W19/><G135/><T57/><D107/><U56/><E14/><V127/><F127/><W65/><G35/><T86/><D105/><U110/><E23/><N who="0" m="8745" /><D41/><U74/><E74/><V119/><F119/><W29/><G29/><T42/><D42/><U92/><E92/><V26/><F33/><W124/><G73/><T116/><D116/><U28/><E28/><V117/><F34/><W77/><G131/><T96/><D96/><U71/><E110/><V123/><F123/><W10/><G109/><T114/><D114/><N who="1" m="43531" /><E129/><V89/><F89/><AGARI ba="0,0" hai="10,15,19,63,65,68,77,78,85,89,93,124,125,126" machi="89" ten="40,1300,0" yaku="18,1" doraHai="36" who="3" fromWho="2" sc="429,0,59,0,255,-13,257,13" /><INIT seed="3,0,0,3,0,12" ten="429,59,242,270" oya="3" hai0="48,11,109,2,52,78,42,23,77,67,127,8,75" hai1="128,38,91,13,28,76,104,37,111,113,63,55,103" hai2="92,39,81,105,24,68,72,133,35,53,96,79,90" hai3="58,69,60,70,117,88,107,32,65,41,114,95,85"/><W14/><G117/><T132/><D75/><U119/><E113/><V57/><F133/><W22/><G114/><T73/><D73/><U15/><E119/><V106/><F39/><W125/><G32/><T116/><D2/><U102/><E111/><V30/><REACH who="2" step="1"/><F68/><REACH who="2" ten="429,59,232,270" step="2"/><W101/><G70/><T25/><D132/><U89/><E38/><V134/><F134/><W54/><G125/><T123/><D127/><U110/><E37/><V46/><F46/><W27/><G69/><T135/><D135/><U16/><E128/><V100/><F100/><W129/><G101/><T34/><D116/><U49/><E110/><V87/><F87/><W6/><G129/><T3/><D109/><U4/><E104/><V126/><F126/><W19/><G107/><T18/><D3/><U59/><E103/><V10/><F10/><N who="3" m="4439" /><G41/><T71/><D42/><U62/><E102/><V112/><F112/><W93/><G93/><T29/><D71/><U21/><E76/><V80/><F80/><W86/><G86/><T131/><D77/><U118/><E118/><V74/><F74/><W17/><G65/><T84/><D67/><U130/><E130/><V1/><F1/><W26/><G26/><T99/><D131/><U36/><E36/><V61/><AGARI ba="0,1" hai="24,30,35,53,57,61,72,79,81,90,92,96,105,106" machi="61" ten="20,2700,0" yaku="1,1,0,1,7,1,53,0" doraHai="12" doraHaiUra="7" who="2" fromWho="2" sc="429,-7,59,-7,232,37,270,-13" /><INIT seed="4,0,0,3,4,102" ten="422,52,269,257" oya="0" hai0="27,33,75,24,80,113,104,32,45,23,114,69,55" hai1="112,17,97,109,1,94,110,36,50,39,16,116,46" hai2="47,126,41,7,12,67,134,76,29,85,8,95,121" hai3="28,57,64,101,62,117,81,106,13,22,88,128,89"/><T96/><D69/><U51/><E116/><V130/><F121/><W125/><G117/><T21/><D75/><U82/><E1/><V72/><F130/><W133/><G128/><T120/><D80/><U11/><E112/><N who="0" m="43113" /><D120/><U42/><E82/><V63/><F72/><W6/><G133/><T31/><D55/><U131/><E131/><V124/><F134/><W5/><G125/><T132/><D45/><U105/><E105/><V119/><F29/><W118/><G118/><T35/><D132/><U73/><E73/><V20/><F20/><N who="0" m="7754" /><D31/><U54/><E109/><V92/><F119/><W70/><G70/><T52/><D52/><U30/><E30/><V40/><F40/><W135/><G135/><T84/><D84/><U98/><E110/><V44/><F44/><W14/><G81/><T107/><D96/><U68/><E68/><V127/><F85/><W123/><G123/><T129/><D129/><U0/><E98/><V115/><F76/><W74/><G74/><T4/><D4/><U59/><E17/><V90/><F115/><W3/><G6/><T2/><D2/><U66/><E66/><V103/><F47/><W26/><G5/><T111/><D111/><U25/><E0/><V87/><F41/><W99/><G3/><T19/><D19/><U83/><E83/><V78/><F78/><W9/><G9/><T53/><D53/><U38/><E11/><V49/><F49/><W15/><AGARI ba="0,0" hai="13,14,15,22,26,28,57,62,64,88,89,99,101,106" machi="15" ten="30,4000,0" yaku="0,1,52,1,54,1" doraHai="102" who="3" fromWho="3" sc="422,-20,52,-10,269,-10,257,40" /><INIT seed="5,0,0,1,4,57" ten="402,42,259,297" oya="1" hai0="101,12,21,29,19,6,133,48,16,1,113,115,51" hai1="33,41,98,20,27,67,5,55,18,39,4,92,31" hai2="37,72,40,79,69,46,127,84,28,82,34,131,96" hai3="125,9,32,47,10,118,105,0,78,71,17,68,83"/><U66/><E39/><V130/><F127/><W119/><G125/><T24/><D133/><U36/><E36/><V59/><F69/><W49/><G105/><T26/><D101/><U58/><E41/><V126/><F126/><W63/><G32/><N who="0" m="20519" /><D51/><U85/><E85/><V88/><F96/><W123/><G123/><T64/><D48/><U90/><E5/><V77/><F59/><W75/><G68/><T11/><D64/><U122/><E4/><V54/><F54/><W117/><G17/><T94/><D94/><U3/><E3/><V102/><F102/><W132/><G0/><T89/><D89/><U86/><E122/><V38/><F38/><W81/><G81/><T114/><D114/><U45/><E45/><V87/><F87/><W110/><G110/><T91/><D91/><U7/><E7/><V107/><F107/><W104/><G104/><T116/><D116/><U100/><E100/><V22/><F34/><W60/><G132/><T124/><D124/><U128/><E128/><N who="2" m="49195" /><F72/><W106/><G106/><T74/><D74/><U42/><E42/><V135/><F135/><W62/><G71/><T50/><D50/><N who="1" m="31095" /><E98/><V97/><F97/><W13/><G13/><AGARI ba="0,0" hai="13,18,20,27,31,33,66,67,86,90,92" m="31095" machi="13" ten="30,1500,0" yaku="25,1" doraHai="57" who="1" fromWho="3" sc="402,0,42,15,259,0,297,-15" /><INIT seed="5,1,0,4,4,131" ten="402,57,259,282" oya="1" hai0="101,32,84,77,49,116,37,20,114,73,59,87,89" hai1="29,71,135,76,4,92,125,121,118,98,93,78,88" hai2="6,124,112,24,80,61,5,103,44,127,128,21,122" hai3="13,85,110,30,26,53,27,7,79,134,52,119,67"/><U46/><E121/><V105/><F122/><W39/><G39/><T95/><D37/><U99/><E118/><V3/><F128/><W2/><G2/><T66/><D32/><U48/><E71/><V23/><F105/><W100/><G119/><T36/><D36/><U74/><E125/><V133/><F103/><W70/><G100/><T62/><D116/><U28/><E135/><V56/><F44/><W1/><G134/><T35/><D35/><U17/><E4/><V33/><F133/><W54/><G1/><T108/><D108/><U31/><E17/><V45/><F45/><W43/><G43/><T9/><D73/><U57/><E57/><V41/><F41/><W94/><G110/><T81/><D101/><U65/><E65/><V25/><F80/><W38/><G38/><T40/><D114/><U115/><E74/><V82/><F82/><W72/><G72/><T42/><D9/><U102/><REACH who="1" step="1"/><E115/><REACH who="1" ten="402,47,259,282" step="2"/><V64/><F112/><W12/><G70/><T86/><D59/><U15/><E15/><V11/><F6/><W58/><G12/><T16/><D66/><U129/><E129/><V10/><F5/><W22/><G13/><T109/><D16/><U50/><E50/><V91/><F64/><W34/><G7/><T55/><D49/><U132/><E132/><V106/><F124/><W123/><G123/><T83/><D109/><U111/><E111/><V69/><F127/><W14/><G14/><T120/><D120/><U113/><E113/><V130/><F69/><W97/><G67/><T96/><D77/><U60/><E60/><V126/><F130/><RYUUKYOKU ba="1,1" sc="402,-10,47,30,259,-10,282,-10" hai1="28,29,31,46,48,76,78,88,92,93,98,99,102" /><INIT seed="5,2,1,3,5,11" ten="392,77,249,272" oya="1" hai0="43,14,18,78,34,104,27,50,28,59,36,66,42" hai1="63,13,10,25,6,39,106,61,3,73,44,130,51" hai2="97,20,35,77,111,53,38,58,95,69,29,87,118" hai3="124,101,128,30,93,100,24,33,131,62,72,82,79"/><U31/><E106/><V23/><F69/><W4/><G124/><T90/><D36/><U60/><E130/><N who="3" m="49706" /><G4/><T134/><D78/><U129/><E129/><V120/><F38/><W125/><G125/><T107/><D107/><U40/><E73/><V114/><F118/><W1/><G1/><T46/><D104/><U16/><E39/><V84/><F111/><W64/><G93/><T75/><D75/><U17/><REACH who="1" step="1"/><E3/><REACH who="1" ten="392,67,249,272" step="2"/><V22/><F120/><W74/><G72/><T86/><D43/><U8/><E8/><V108/><F108/><W135/><G135/><T41/><D42/><U2/><E2/><V126/><F126/><W117/><G117/><T102/><D41/><U133/><E133/><V121/><F121/><W48/><G48/><T56/><D50/><U67/><E67/><V96/><F53/><W122/><G122/><T52/><D66/><U88/><E88/><V0/><F0/><W89/><G89/><T7/><D52/><U80/><E80/><V132/><F132/><W57/><AGARI ba="2,2" hai="24,30,33,57,62,64,74,79,82,100,101" m="49706" machi="57" ten="30,1100,0" yaku="19,1" doraHai="11" who="3" fromWho="3" sc="392,-5,67,-7,249,-5,272,37" /><INIT seed="6,0,0,3,4,36" ten="387,60,244,309" oya="2" hai0="24,68,90,59,48,102,124,88,93,75,2,80,23" hai1="129,132,82,81,99,14,19,79,29,62,0,77,39" hai2="34,122,3,40,16,98,1,61,52,21,5,22,50" hai3="130,95,113,108,110,33,127,101,70,28,25,49,10"/><V32/><F122/><W42/><G70/><T128/><D68/><U31/><E0/><V43/><F32/><W71/><G71/><T134/><D2/><U4/><E132/><V73/><F34/><W86/><G130/><T92/><D124/><U44/><E129/><V97/><F73/><W114/><G127/><T87/><D134/><U126/><E62/><V84/><F3/><W131/><G131/><T112/><D112/><N who="3" m="43113" /><G10/><T103/><D75/><U109/><E99/><N who="2" m="37899" /><F5/><W63/><G63/><T64/><D128/><U9/><E109/><V53/><F1/><W74/><G74/><T133/><D133/><U20/><E126/><V37/><F37/><W72/><G72/><T83/><D64/><U85/><E39/><V46/><F22/><W13/><G13/><T57/><D23/><U35/><E35/><V45/><F84/><W106/><G106/><T121/><D87/><U107/><E107/><V17/><F17/><W58/><G86/><T117/><D121/><U89/><E81/><V26/><F61/><W18/><G18/><T65/><D83/><U54/><E79/><V66/><F66/><W7/><G7/><T96/><D65/><U104/><E104/><V119/><F119/><W6/><G6/><T47/><D80/><U60/><E77/><V12/><F12/><W8/><G110/><T67/><D117/><U91/><E91/><V100/><F100/><W41/><G108/><T15/><D90/><U125/><E125/><V69/><F69/><W116/><G116/><T120/><D120/><U78/><E78/><V11/><F11/><W115/><G8/><RYUUKYOKU ba="0,0" sc="387,-10,60,-10,244,30,309,-10" hai2="16,21,26,40,43,45,46,50,52,53" /><INIT seed="6,1,0,5,1,34" ten="377,50,274,299" oya="2" hai0="76,4,104,57,116,29,1,94,40,0,71,129,106" hai1="133,26,45,41,80,110,100,122,58,101,48,125,62" hai2="12,95,124,3,14,50,53,70,21,79,32,115,77" hai3="54,9,108,66,31,63,15,114,56,89,11,83,112"/><V134/><F32/><W24/><G108/><T37/><D71/><U20/><E110/><V98/><F70/><W91/><G11/><T78/><D29/><U130/><E122/><V92/><F115/><N who="3" m="44075" /><G83/><T51/><D37/><U82/><E133/><V5/><F134/><W43/><G43/><T52/><D40/><U17/><E130/><V55/><F95/><W99/><G99/><T46/><D94/><U2/><E125/><V132/><F55/><W120/><G66/><T111/><D78/><U88/><E2/><V65/><F65/><W39/><G39/><T109/><D0/><U49/><E49/><V7/><F124/><W19/><G120/><T42/><D76/><N who="2" m="29258" /><F3/><W119/><G119/><T97/><D97/><U86/><REACH who="1" step="1"/><E82/><REACH who="1" ten="377,40,274,299" step="2"/><V6/><F132/><W84/><G84/><T90/><D1/><U73/><E73/><V118/><F118/><W16/><G91/><T27/><D90/><U105/><E105/><V25/><F98/><W61/><G89/><T18/><D106/><U35/><E35/><V64/><F92/><W113/><G113/><T60/><D104/><U28/><E28/><N who="2" m="17455" /><F64/><AGARI ba="1,1" hai="17,20,26,41,45,48,58,62,64,80,86,88,100,101" machi="64" ten="30,8000,1" yaku="1,1,7,1,8,1,54,1,53,1" doraHai="34" doraHaiUra="22" who="1" fromWho="2" sc="377,0,40,93,274,-83,299,0" /><INIT seed="7,0,0,3,0,63" ten="377,133,191,299" oya="3" hai0="70,81,26,18,56,130,32,57,120,1,88,21,12" hai1="125,132,100,135,122,19,22,77,30,62,104,95,59" hai2="127,83,102,73,115,33,20,128,134,58,76,46,119" hai3="31,117,34,25,89,16,10,113,94,13,52,67,97"/><W41/><G117/><T7/><D70/><U99/><E122/><V131/><F33/><W47/><G113/><T11/><D130/><U96/><E125/><V5/><F115/><W111/><G111/><T105/><D105/><U37/><E77/><V29/><F119/><W54/><REACH who="3" step="1"/><G67/><REACH who="3" ten="377,133,191,289" step="2"/><T48/><D120/><U40/><E135/><V65/><F134/><W82/><G82/><T118/><D118/><U79/><E132/><V92/><F65/><W42/><G42/><T51/><D32/><U72/><E40/><V24/><F128/><W109/><G109/><T78/><D1/><U68/><E68/><V112/><F112/><W39/><AGARI ba="0,1" hai="10,13,16,25,31,34,39,41,47,52,54,89,94,97" machi="39" ten="20,12000,1" yaku="1,1,0,1,7,1,54,2,53,0" doraHai="63" doraHaiUra="126" who="3" fromWho="3" sc="377,-40,133,-40,191,-40,289,130" owari="337,14.0,93,-41.0,151,-25.0,419,52.0" /></mjloggm>