<mjloggm ver="2.3"><GO type="97" lobby="0"/><UN n0="%E3%82%A6%E3%83%AB%E3%83%88%E3%83%A9%E7%AB%8B%E7%9B%B4" n1="%E3%81%94%E3%82%8A%E3%82%93" n2="%71%75%61%73%69%2A" n3="%E3%82%AD%E3%83%A3%E3%83%A9%E3%83%A1%E3%83%AB%E3%82%AA%E3%83%AC%32" dan="15,13,15,13" rate="2039.89,1886.55,2028.06,1937.09" sx="M,M,M,M"/><TAIKYOKU oya="0"/><INIT seed="0,0,0,2,2,33" ten="250,250,250,250" oya="0" hai0="91,78,14,89,43,53,56,24,69,9,93,110,77" hai1="104,96,3,127,94,76,87,39,44,15,12,31,79" hai2="100,13,75,66,125,126,41,32,109,5,121,8,97" hai3="27,98,60,113,81,72,65,116,62,17,28,92,90"/><T103/><D69/><U119/><E3/><V48/><F121/><W35/><G116/><T40/><D110/><U7/><E119/><V4/><F32/><W46/><G113/><T59/><D24/><U95/><E127/><N who="2" m="48651" /><F75/><W85/><G72/><T128/><D103/><U68/><E68/><V129/><F109/><W102/><G65/><T134/><D128/><U51/><E31/><V21/><F129/><W83/><G83/><T84/><D134/><U67/><E67/><V61/><F21/><W50/><REACH who="3" step="1"/><G17/><REACH who="3" ten="250,250,250,240" step="2"/><T112/><D112/><U47/><E104/><V29/><F66/><W123/><G123/><T70/><D70/><U37/><E7/><V120/><F5/><W130/><G130/><T101/><D78/><U135/><E135/><V122/><F4/><W82/><G82/><T54/><D77/><U107/><E107/><V22/><F120/><W26/><G26/><T118/><D118/><U124/><E124/><V57/><F122/><W64/><G64/><T131/><D131/><U58/><E79/><V63/><F29/><W74/><G74/><T73/><D73/><U20/><E76/><V111/><F111/><W115/><G115/><T34/><D93/><U6/><E6/><V11/><F61/><W117/><G117/><T105/><D105/><U45/><E95/><V132/><F63/><W10/><G10/><T133/><D9/><U52/><E94/><V80/><F11/><W86/><G86/><T106/><D84/><U99/><E87/><V30/><F80/><W23/><G23/><T25/><D133/><U18/><E12/><V19/><F132/><RYUUKYOKU ba="0,1" sc="250,-15,250,15,250,-15,240,15" hai1="15,18,20,37,39,44,45,47,51,52,58,96,99" hai3="27,28,35,46,50,60,62,81,85,90,92,98,102" /><INIT seed="1,1,1,1,3,48" ten="235,265,235,255" oya="1" hai0="42,5,101,77,13,107,121,21,126,109,114,122,7" hai1="60,129,69,16,79,87,80,37,133,63,49,14,57" hai2="86,105,90,89,20,27,91,19,45,94,26,116,88" hai3="4,56,3,132,93,111,92,12,131,124,76,104,100"/><U47/><E133/><V65/><F116/><W127/><G3/><T51/><D114/><U44/><E69/><V9/><F105/><W39/><G132/><T52/><D42/><N who="1" m="24727" /><E37/><V29/><F65/><W71/><G71/><T41/><D41/><U68/><E68/><V61/><F61/><W66/><G39/><T24/><D126/><U11/><E129/><V96/><F45/><W99/><G131/><T32/><D32/><U113/><E113/><V8/><REACH who="2" step="1"/><F96/><REACH who="2" ten="235,265,225,255" step="2"/><W33/><G104/><T119/><D119/><U55/><E47/><V15/><F15/><W58/><G99/><N who="0" m="61887" /><D13/><U25/><E25/><V97/><F97/><W81/><G12/><T46/><D109/><U106/><E106/><V53/><F53/><W18/><G66/><T78/><D7/><U17/><E63/><V23/><AGARI ba="1,2" hai="8,9,19,20,23,26,27,29,86,88,89,90,91,94" machi="23" ten="30,7900,0" yaku="1,1,0,1,8,1,54,1,53,0" doraHai="48" doraHaiUra="59" who="2" fromWho="2" sc="235,-21,265,-40,225,102,255,-21" /><INIT seed="2,0,0,5,3,92" ten="214,225,327,234" oya="2" hai0="120,85,108,51,15,7,95,35,59,103,83,109,65" hai1="107,135,1,2,60,10,8,125,106,123,36,43,78" hai2="5,32,20,84,134,50,28,88,105,66,13,72,102" hai3="63,86,99,111,122,21,40,80,100,37,42,87,12"/><V27/><F72/><W126/><G111/><N who="0" m="42571" /><D35/><U116/><E116/><V98/><F134/><W81/><G122/><T54/><D65/><U11/><E60/><V58/><F32/><W19/><G126/><T71/><D71/><U117/><E117/><V14/><F5/><W115/><G115/><T110/><N who="0" m="42579" /><T75/><DORA hai="101" /><D75/><U89/><E125/><V82/><F50/><W23/><G37/><T133/><D120/><U91/><E43/><V129/><REACH who="2" step="1"/><F129/><REACH who="2" ten="214,225,317,234" step="2"/><W62/><G62/><AGARI ba="0,1" hai="13,14,20,27,28,58,62,66,82,84,88,98,102,105" machi="62" ten="40,18000,2" yaku="1,1,2,1,52,2,54,1,53,2" doraHai="92,101" doraHaiUra="17,26" who="2" fromWho="3" sc="214,0,225,0,317,190,234,-180" /><INIT seed="2,1,0,2,4,17" ten="214,225,507,54" oya="2" hai0="124,66,48,83,126,47,102,77,116,71,36,121,81" hai1="19,7,18,69,111,21,5,24,74,38,73,103,79" hai2="70,44,118,100,1,115,87,75,97,132,55,94,40" hai3="41,96,120,135,61,86,34,99,3,29,31,50,76"/><V119/><F75/><W78/><G120/><T2/><D36/><U30/><E69/><V28/><F70/><W16/><G135/><T112/><D2/><U125/><E38/><V56/><F115/><W117/><G117/><T90/><D102/><U27/><E103/><V0/><F132/><W101/><G3/><T80/><D112/><U22/><E111/><V133/><F133/><W68/><G96/><T39/><D39/><U13/><E79/><V110/><F110/><W59/><G68/><T84/><D121/><U20/><E125/><N who="0" m="48233" /><D116/><U114/><REACH who="1" step="1"/><E114/><REACH who="1" ten="214,215,507,54" step="2"/><V123/><F118/><W35/><G35/><T91/><D77/><U42/><E42/><V128/><F40/><W60/><G16/><T4/><D4/><AGARI ba="1,1" hai="4,5,7,13,18,19,20,21,22,24,27,30,73,74" machi="4" ten="40,8000,1" yaku="1,1,52,3,53,0" doraHai="17" doraHaiUra="53" who="1" fromWho="0" sc="214,-83,215,93,507,0,54,0" /><INIT seed="3,0,0,3,4,98" ten="131,308,507,54" oya="3" hai0="43,101,40,118,37,27,16,104,106,45,89,105,108" hai1="66,81,20,4,77,52,121,69,102,15,8,56,41" hai2="7,44,3,83,46,34,111,35,1,36,13,51,65" hai3="0,127,132,120,55,60,21,116,90,122,78,62,11"/><W50/><G116/><T115/><D118/><U97/><E121/><V23/><F111/><W26/><G78/><T84/><D108/><U112/><E41/><V76/><F65/><W123/><G132/><T92/><D115/><U9/><E112/><V74/><F36/><W38/><G38/><T14/><D43/><U110/><E110/><V125/><F125/><W117/><G117/><T135/><D135/><U124/><E124/><V72/><F23/><W24/><G127/><T61/><D61/><U73/><E66/><V53/><F76/><W19/><G90/><T39/><D39/><U86/><E69/><V131/><F13/><W68/><G68/><T2/><D2/><U42/><E42/><V100/><F51/><W31/><G0/><T47/><D47/><U113/><E113/><V93/><F93/><W80/><G80/><T30/><D101/><U33/><E33/><V94/><F94/><W63/><G11/><T67/><D67/><U22/><E73/><V87/><F87/><W126/><G126/><T59/><D59/><U71/><E71/><V128/><F53/><W54/><REACH who="3" step="1"/><G50/><REACH who="3" ten="131,308,507,44" step="2"/><T58/><D37/><U99/><E9/><V82/><F100/><W88/><G88/><T114/><D114/><U91/><E77/><V10/><F10/><W119/><G119/><T17/><D89/><U64/><E81/><V70/><F82/><W107/><G107/><T12/><D104/><U57/><E91/><V28/><F83/><W25/><G25/><T85/><D27/><U6/><E8/><V29/><F70/><W49/><G49/><T79/><D105/><RYUUKYOKU ba="0,1" sc="131,-15,308,-15,507,15,44,15" hai2="1,3,7,28,29,34,35,44,46,72,74,128,131" hai3="19,21,24,26,31,54,55,60,62,63,120,122,123" /><INIT seed="3,1,1,0,4,25" ten="116,293,522,59" oya="3" hai0="111,40,5,37,131,32,44,82,55,62,104,27,45" hai1="35,83,114,48,59,124,113,78,41,15,60,58,128" hai2="14,53,38,118,22,115,76,51,31,94,119,64,18" hai3="61,99,4,97,1,21,57,75,102,50,43,28,23"/><W73/><G1/><T120/><D120/><U74/><E35/><V65/><F38/><W17/><G4/><T89/><D104/><U105/><E105/><V121/><F115/><W2/><G2/><T56/><D131/><U29/><E128/><V77/><F121/><W95/><G97/><T42/><D111/><U92/><E29/><V130/><F130/><W91/><G75/><T98/><D5/><U93/><E124/><V123/><F123/><W69/><G73/><T134/><D134/><U107/><E107/><V33/><F33/><W110/><G69/><T80/><D98/><U127/><E127/><V13/><F31/><W26/><G110/><T6/><D89/><U11/><E113/><V87/><F94/><W63/><G91/><T112/><D6/><U122/><E122/><V3/><F3/><W19/><G43/><T116/><D116/><U125/><E125/><V96/><F96/><W106/><G106/><T12/><D12/><U109/><E109/><V81/><F76/><W129/><G129/><T24/><D112/><U90/><E114/><V79/><F79/><W34/><G34/><T85/><D85/><U132/><E132/><V126/><F14/><N who="3" m="9399" /><G19/><T39/><D24/><U117/><E117/><N who="2" m="44555" /><F126/><W86/><G86/><T20/><D32/><U72/><E72/><V47/><F87/><W84/><G84/><T133/><D133/><U70/><E74/><V54/><F54/><AGARI ba="1,1" hai="23,26,28,50,54,57,61,63,95,99,102" m="9399" machi="54" ten="30,2900,0" yaku="8,1,52,1" doraHai="25" who="3" fromWho="2" sc="116,0,293,0,522,-32,59,42" /><INIT seed="3,2,0,2,0,1" ten="116,293,490,101" oya="3" hai0="49,21,82,111,48,18,4,34,57,79,51,104,52" hai1="9,0,38,130,27,54,129,103,97,113,109,45,89" hai2="37,69,121,125,86,118,25,90,76,105,120,16,98" hai3="24,88,12,20,81,6,101,62,135,42,66,14,73"/><W77/><G135/><T32/><D104/><N who="1" m="63599" /><E113/><V47/><F118/><W2/><G101/><T17/><D4/><N who="1" m="1159" /><E109/><V31/><F69/><W43/><G2/><T28/><D111/><U108/><E108/><V11/><F125/><W119/><G119/><T71/><D71/><U115/><E115/><V80/><F37/><W10/><G12/><T60/><D32/><U35/><E89/><V112/><F112/><W55/><G55/><T84/><D34/><U117/><E117/><V67/><F67/><W134/><G134/><T133/><D133/><U7/><E7/><V116/><F116/><W96/><G96/><T3/><D3/><U65/><E65/><V58/><F58/><W68/><REACH who="3" step="1"/><G88/><REACH who="3" ten="116,293,490,91" step="2"/><T74/><D74/><U123/><E54/><V72/><F90/><W40/><G40/><T91/><D91/><U83/><E123/><V30/><F98/><W22/><G22/><T127/><D127/><U75/><E27/><AGARI ba="2,1" hai="17,18,21,27,28,48,49,51,52,57,60,79,82,84" machi="27" ten="40,2600,0" yaku="8,1,54,1" doraHai="1" who="0" fromWho="1" sc="116,42,293,-32,490,0,91,0" owari="158,-24.0,261,6.0,490,59.0,91,-41.0" /></mjloggm>