<mjloggm ver="2.3"><GO type="97" lobby="0"/><UN n0="%72%65%69%74%61%72%6F%75" n1="%E3%83%A9%E3%83%A0%E3%81%A1%E3%82%83%E3%82%93" n2="%E3%82%A6%E3%83%AB%E3%83%88%E3%83%A9%E7%AB%8B%E7%9B%B4" n3="%E3%83%9F%E3%83%9F%E3%82%AC%E3%83%BC" dan="14,13,15,13" rate="1952.86,1907.35,1986.91,1908.51" sx="F,F,M,M"/><TAIKYOKU oya="0"/><INIT seed="0,0,0,0,0,131" ten="250,250,250,250" oya="0" hai0="28,119,56,102,32,134,17,0,11,129,104,38,126" hai1="61,76,97,10,117,66,22,55,53,8,37,90,116" hai2="45,114,9,5,52,47,113,49,70,107,110,79,100" hai3="115,18,86,62,60,41,128,7,20,111,109,130,123"/><T69/><RYUUKYOKU type="yao9" ba="0,0" sc="250,0,250,0,250,0,250,0" hai0="0,11,17,28,32,38,56,69,102,104,119,126,129,134" /><INIT seed="0,1,0,3,4,6" ten="250,250,250,250" oya="0" hai0="25,24,18,121,73,63,132,105,90,34,69,56,29" hai1="8,72,62,27,45,128,42,88,26,10,89,124,84" hai2="109,65,94,64,110,87,74,86,96,2,100,111,48" hai3="106,0,28,92,16,99,19,40,102,75,58,32,61"/><T1/><D121/><U120/><E72/><V130/><F2/><W98/><G75/><T129/><D73/><U11/><E120/><V133/><F74/><W53/><G40/><T39/><D105/><U59/><E124/><V17/><F130/><W50/><G0/><T36/><D129/><U47/><E128/><V54/><F17/><W108/><G108/><T93/><D69/><U95/><E89/><V126/><F126/><W114/><G114/><T35/><D132/><U104/><E104/><V5/><F5/><W55/><G32/><T127/><D1/><U76/><E76/><V66/><REACH who="2" step="1"/><F133/><REACH who="2" ten="250,250,240,250" step="2"/><W38/><G28/><T37/><D127/><U82/><E82/><V131/><F131/><W21/><G38/><T70/><D70/><U85/><E85/><V117/><F117/><W80/><G80/><T118/><D118/><U68/><E68/><V7/><F7/><W22/><G19/><T33/><D18/><U101/><E101/><V51/><F51/><W46/><REACH who="3" step="1"/><G16/><REACH who="3" ten="250,250,240,240" step="2"/><T77/><D29/><U23/><E42/><V49/><F49/><W14/><G14/><T43/><D43/><U83/><E83/><V81/><F81/><W20/><G20/><T116/><D116/><U57/><E23/><V107/><F107/><W71/><G71/><T112/><D112/><U91/><E26/><V78/><F78/><W67/><G67/><N who="0" m="39399" /><D77/><U12/><E27/><V134/><F134/><W97/><G97/><T15/><D15/><U103/><E12/><V122/><F122/><W119/><G119/><T4/><D4/><U44/><E103/><AGARI ba="1,2" hai="21,22,46,50,53,55,58,61,92,98,99,102,103,106" machi="103" ten="30,2000,0" yaku="1,1,7,1,53,0" doraHai="6" doraHaiUra="9" who="3" fromWho="1" sc="250,0,250,-23,240,0,240,43" /><INIT seed="1,0,0,1,2,81" ten="250,227,240,283" oya="1" hai0="1,82,77,12,33,4,129,101,113,75,6,41,74" hai1="21,56,51,55,133,89,54,111,23,59,9,32,84" hai2="114,88,132,7,2,130,16,78,65,35,27,69,8" hai3="126,97,0,119,5,70,125,34,92,39,46,31,128"/><U76/><E32/><V68/><F130/><W10/><G70/><T93/><D113/><U58/><E133/><V99/><F132/><W52/><G119/><T103/><D129/><U131/><E131/><V37/><F37/><W50/><G39/><T105/><D33/><U106/><E106/><V108/><F108/><W60/><G128/><T14/><D1/><U107/><E107/><V20/><F114/><W43/><G34/><T26/><D105/><U118/><E118/><V116/><F116/><W22/><G22/><N who="1" m="8202" /><E111/><V71/><F78/><W110/><G110/><T3/><D3/><U121/><E121/><V98/><F65/><W62/><G31/><T135/><D135/><U13/><E76/><V72/><F72/><W17/><G17/><T40/><D26/><U67/><E67/><V30/><REACH who="2" step="1"/><F88/><REACH who="2" ten="250,227,230,283" step="2"/><N who="3" m="55431" /><G43/><T115/><D77/><U122/><E122/><V117/><F117/><W86/><G86/><T57/><D115/><U104/><E55/><V80/><F80/><W47/><G47/><T45/><D82/><N who="1" m="49303" /><E104/><V100/><F100/><W42/><G42/><T112/><D112/><U96/><E96/><V102/><F102/><W25/><G25/><AGARI ba="0,1" hai="2,7,8,16,20,25,27,30,35,68,69,71,98,99" machi="25" ten="40,2600,0" yaku="1,1,54,1,53,0" doraHai="81" doraHaiUra="61" who="2" fromWho="3" sc="250,0,227,0,230,36,283,-26" /><INIT seed="2,0,0,0,1,128" ten="250,227,266,257" oya="2" hai0="38,87,55,48,86,15,135,73,47,109,107,57,36" hai1="100,111,39,113,29,99,65,125,70,97,50,112,5" hai2="13,22,89,131,40,121,51,108,92,24,75,27,71" hai3="84,32,19,81,21,59,17,52,117,12,88,61,2"/><V76/><F121/><W4/><G117/><T104/><D73/><U115/><E39/><V31/><F71/><W103/><G32/><T106/><D109/><U45/><E111/><V46/><F108/><W93/><G2/><T28/><D28/><U64/><E5/><V116/><F131/><W90/><G103/><T129/><D129/><U77/><E77/><V119/><F76/><W91/><G4/><T120/><D120/><U67/><E70/><V122/><F75/><W94/><G17/><T30/><D30/><U6/><E125/><V105/><F105/><W8/><G8/><T85/><D15/><U124/><E124/><V83/><F83/><W110/><G110/><T20/><D20/><U134/><E6/><V14/><F27/><W11/><G11/><T26/><D26/><U127/><E29/><V114/><F114/><W95/><AGARI ba="0,0" hai="12,19,21,52,59,61,81,84,88,90,91,93,94,95" machi="95" ten="30,7900,0" yaku="0,1,8,1,54,2" doraHai="128" who="3" fromWho="3" sc="250,-20,227,-20,266,-39,257,79" /><INIT seed="3,0,0,1,1,132" ten="230,207,227,336" oya="3" hai0="124,32,34,112,103,95,10,22,57,46,119,15,64" hai1="7,89,13,52,121,30,97,130,8,39,129,75,45" hai2="102,37,72,16,19,53,31,29,127,41,120,67,114" hai3="128,61,100,44,109,65,115,1,77,62,74,96,135"/><W93/><G115/><T3/><D119/><U40/><E121/><V11/><F72/><W60/><G1/><T122/><D122/><U126/><E75/><V69/><F120/><W134/><G109/><T24/><D3/><U66/><E66/><V4/><F114/><W76/><G44/><T23/><D112/><U101/><E89/><V68/><F41/><W70/><G128/><N who="1" m="49258" /><E30/><N who="2" m="11275" /><F37/><W43/><G43/><T35/><D24/><U50/><E126/><V20/><F67/><W80/><G77/><T108/><D108/><U87/><E87/><V81/><F102/><W104/><G93/><T94/><D124/><U110/><E110/><V107/><F107/><W18/><G18/><N who="2" m="6697" /><F127/><W56/><G56/><T131/><D131/><U83/><E83/><V71/><F81/><W125/><G125/><T133/><D46/><N who="1" m="27735" /><E97/><V38/><F38/><W98/><G98/><T49/><D133/><AGARI ba="0,0" hai="60,61,62,65,70,74,76,80,96,100,104,133,134,135" machi="133" ten="40,2000,0" yaku="20,1" doraHai="132" who="3" fromWho="0" sc="230,-20,207,0,227,0,336,20" owari="210,-19.0,207,-29.0,227,3.0,356,45.0" /></mjloggm>