<mjloggm ver="2.3"><GO type="97" lobby="0"/><UN n0="%35%38%30" n1="%E6%9A%B4%E3%82%8C%E3%82%93%E5%9D%8A%E5%B0%8F%E8%BB%8D" n2="%59%55%54%41%52%4F" n3="%E3%82%A6%E3%83%AB%E3%83%88%E3%83%A9%E7%AB%8B%E7%9B%B4" dan="15,13,14,15" rate="1986.12,1845.40,1918.78,2032.78" sx="M,M,M,M"/><TAIKYOKU oya="0"/><INIT seed="0,0,0,0,1,3" ten="250,250,250,250" oya="0" hai0="29,12,103,50,105,107,119,82,89,83,25,49,113" hai1="52,88,117,133,104,39,86,14,112,131,42,35,120" hai2="132,15,74,75,95,126,127,11,115,99,97,6,67" hai3="47,23,108,135,60,96,18,78,10,72,1,30,68"/><T17/><D119/><U80/><E120/><V92/><F115/><W5/><G135/><T101/><D113/><U55/><E35/><V106/><F132/><W20/><G108/><T7/><D7/><U70/><E70/><V48/><F67/><W73/><G78/><T28/><D12/><U87/><E104/><V65/><F65/><W43/><G60/><T59/><D25/><U85/><E133/><V57/><F106/><W84/><G68/><T26/><D26/><U98/><E131/><V36/><F36/><W32/><G23/><T63/><D63/><U54/><E117/><V81/><F57/><W46/><G46/><T40/><D59/><U61/><E42/><V38/><F48/><W100/><G84/><N who="1" m="32362" /><E14/><V21/><F21/><W129/><G129/><T9/><D9/><U37/><E37/><V2/><F38/><W33/><G33/><T90/><D40/><U123/><E123/><V116/><F116/><W102/><G30/><T64/><D64/><U0/><E0/><V31/><F31/><W91/><G32/><T71/><D71/><U124/><E124/><N who="2" m="47659" /><F2/><W13/><G91/><T56/><D56/><N who="1" m="34951" /><E39/><V128/><F128/><W19/><G102/><T8/><D8/><U110/><E110/><V130/><F130/><W4/><G1/><T77/><D77/><N who="1" m="46479" /><E112/><V27/><F27/><N who="3" m="14743" /><G73/><N who="2" m="27657" /><F81/><W76/><G72/><T62/><D62/><U34/><E34/><V94/><AGARI ba="0,0" hai="6,11,15,92,94,95,97,99" m="27657,47659" machi="94" ten="40,2700,0" yaku="18,1,52,1" doraHai="3" who="2" fromWho="2" sc="250,-13,250,-7,250,27,250,-7" /><INIT seed="1,0,0,5,4,102" ten="237,243,277,243" oya="1" hai0="36,38,47,5,30,94,66,134,116,24,60,115,1" hai1="61,105,2,7,43,49,34,41,57,86,10,28,77" hai2="135,23,120,48,37,109,113,42,72,8,20,6,88" hai3="108,63,117,122,64,76,79,92,56,129,18,19,32"/><U133/><E133/><V101/><F120/><W125/><G32/><T107/><D116/><U58/><E105/><V4/><F72/><W95/><G122/><T12/><D115/><U52/><E28/><V103/><F37/><W111/><G117/><T74/><D47/><U33/><E33/><V104/><F113/><W99/><G125/><T71/><D12/><U50/><E34/><V29/><F109/><N who="3" m="42059" /><G95/><T67/><D67/><U25/><E25/><N who="2" m="16551" /><F135/><W75/><G129/><T81/><D134/><U44/><E43/><V124/><F104/><W106/><G106/><T78/><D94/><U128/><E128/><V110/><F124/><W62/><G62/><T21/><REACH who="0" step="1"/><D107/><REACH who="0" ten="227,243,277,243" step="2"/><U73/><E73/><V45/><F110/><W68/><G75/><T112/><D112/><U13/><E2/><V84/><F23/><W91/><G68/><T98/><D98/><U9/><E13/><N who="2" m="5255" /><F6/><W70/><G70/><T46/><D46/><U131/><E7/><V83/><AGARI ba="0,1" hai="42,45,48,83,84,88,101,103" m="5255,16551" machi="83" ten="30,2000,0" yaku="8,1,54,1" doraHai="102" who="2" fromWho="2" sc="227,-5,243,-10,277,30,243,-5" /><INIT seed="2,0,0,0,5,38" ten="222,233,307,238" oya="2" hai0="6,95,121,133,67,87,82,12,34,104,16,24,28" hai1="103,117,72,78,70,124,106,107,97,36,71,44,46" hai2="100,57,110,30,125,33,25,114,3,41,96,65,4" hai3="21,54,112,31,129,132,37,109,130,15,128,76,94"/><V85/><F114/><W83/><G37/><T90/><D133/><U131/><E117/><V22/><F125/><W77/><G132/><T89/><D104/><N who="1" m="63599" /><E46/><V126/><F110/><W101/><G109/><T118/><D118/><U73/><E131/><V59/><F126/><W115/><G54/><T92/><D121/><U127/><E127/><V1/><F85/><N who="3" m="48359" /><G31/><T19/><D67/><U10/><E10/><V102/><F41/><W29/><G29/><T7/><D19/><U32/><E32/><V62/><F57/><W35/><G35/><T23/><REACH who="0" step="1"/><D82/><REACH who="0" ten="212,233,307,238" step="2"/><N who="1" m="45383" /><E124/><V43/><F65/><W91/><G115/><T119/><D119/><U2/><E2/><V53/><F1/><W45/><G112/><T50/><D50/><U47/><E73/><V66/><F3/><W68/><G129/><T40/><D40/><N who="1" m="22535" /><E47/><V69/><F66/><W99/><G45/><T88/><D88/><U52/><E52/><V13/><F53/><W116/><G91/><T75/><D75/><U123/><E123/><V60/><F33/><W51/><G116/><T48/><D48/><U42/><E42/><V63/><F43/><W84/><G51/><T86/><AGARI ba="0,1" hai="6,7,12,16,23,24,28,34,86,87,89,90,92,95" machi="86" ten="20,8000,1" yaku="1,1,0,1,7,1,9,1,54,1,53,0" doraHai="38" doraHaiUra="61" who="0" fromWho="0" sc="212,90,233,-20,307,-40,238,-20" /><INIT seed="3,0,0,1,1,60" ten="302,213,267,218" oya="3" hai0="64,82,133,68,98,75,9,77,2,22,42,53,63" hai1="92,29,62,74,122,57,107,20,17,34,125,95,76" hai2="65,49,113,15,58,103,43,26,33,112,19,135,55" hai3="13,87,73,79,51,123,11,52,91,30,105,83,41"/><W80/><G105/><T85/><D133/><U25/><E122/><V71/><F135/><W36/><G30/><T59/><D42/><U120/><E107/><V131/><F131/><W40/><G36/><T0/><D98/><U89/><E125/><V10/><F103/><W101/><G101/><T28/><D75/><U111/><E111/><V86/><F86/><W96/><G96/><T32/><D32/><U129/><E129/><V117/><F117/><W21/><G21/><T54/><D54/><U6/><E6/><V5/><F43/><W97/><G97/><T130/><D130/><U78/><E95/><V12/><F71/><W115/><G115/><T50/><D9/><U39/><E74/><V118/><F118/><W24/><G24/><T128/><D128/><U94/><E94/><V18/><F65/><W14/><G123/><T27/><AGARI ba="0,0" hai="0,2,22,27,28,50,53,59,63,64,68,77,82,85" machi="27" ten="30,2000,0" yaku="0,1,52,1" doraHai="60" who="0" fromWho="0" sc="302,20,213,-5,267,-5,218,-10" owari="322,42.0,208,-19.0,262,6.0,208,-29.0" /></mjloggm>