<mjloggm ver="2.3"><GO type="97" lobby="0"/><UN n0="%E3%82%A2%E3%82%BA%E3%83%BC" n1="%E2%98%86%E3%82%B7%E3%83%A3%E3%83%81%E3%83%8F%E3%82%B2%E3%81%89%E2%98%86" n2="%73%74%2D%73%73%6B" n3="%E3%82%A6%E3%83%AB%E3%83%88%E3%83%A9%E7%AB%8B%E7%9B%B4" dan="13,14,14,15" rate="1945.03,1937.68,1921.11,2014.48" sx="M,F,M,M"/><TAIKYOKU oya="0"/><INIT seed="0,0,0,3,0,62" ten="250,250,250,250" oya="0" hai0="119,102,89,126,83,44,91,98,78,18,75,100,116" hai1="133,23,21,29,11,122,80,107,10,68,25,130,76" hai2="90,31,15,88,87,38,37,20,5,47,8,3,24" hai3="66,9,74,53,109,106,72,86,77,112,42,135,115"/><T28/><D28/><U45/><E122/><V40/><F37/><W94/><G42/><T61/><D44/><U41/><E107/><V65/><F65/><W16/><G106/><T110/><D61/><U55/><E133/><V93/><REACH who="2" step="1"/><F90/><REACH who="2" ten="250,250,240,250" step="2"/><N who="0" m="34314" /><D126/><U124/><E124/><V82/><F82/><W85/><G66/><T17/><D18/><U70/><E80/><V63/><F63/><W52/><G16/><T92/><D17/><U22/><E70/><V127/><F127/><W128/><G135/><T34/><D34/><U50/><E68/><V51/><F51/><W95/><G77/><T48/><D48/><U132/><E76/><V99/><F99/><W4/><G4/><T96/><D110/><U60/><E132/><V104/><F104/><AGARI ba="0,1" hai="75,78,83,92,96,98,100,102,104,116,119" m="34314" machi="104" ten="30,2900,0" yaku="34,2" doraHai="62" who="0" fromWho="2" sc="250,39,250,0,240,-29,250,0" /><INIT seed="0,1,0,0,1,108" ten="289,250,211,250" oya="0" hai0="26,127,16,73,132,68,45,114,124,64,100,0,2" hai1="13,91,74,19,97,8,112,41,44,4,111,104,59" hai2="63,43,105,40,31,98,27,9,123,14,54,106,77" hai3="109,42,107,87,22,67,35,53,5,47,84,82,11"/><T48/><D73/><U62/><E74/><V21/><F123/><W115/><G35/><T15/><D100/><U72/><E72/><V90/><F77/><W75/><G107/><T92/><D26/><U69/><E69/><V88/><F105/><W46/><G67/><T58/><D68/><U3/><E111/><V95/><F106/><W83/><G109/><T37/><D37/><U85/><E104/><V120/><F120/><W28/><G75/><T113/><D92/><U121/><E97/><V66/><F54/><W70/><G70/><T71/><D71/><U128/><E121/><V12/><F90/><W51/><G115/><N who="0" m="44043" /><D64/><U20/><E112/><V33/><F33/><W34/><G34/><T24/><D24/><U93/><E44/><V79/><F79/><W118/><G118/><T110/><D58/><U81/><E41/><V86/><F98/><W10/><G82/><T80/><D80/><U57/><E81/><V125/><F66/><W116/><G116/><T23/><D110/><U39/><E39/><V96/><F63/><W60/><G83/><T56/><D56/><U30/><E59/><V99/><F96/><W7/><G60/><T1/><D132/><U52/><REACH who="1" step="1"/><E30/><REACH who="1" ten="289,240,211,250" step="2"/><V133/><F133/><W17/><G28/><T130/><D45/><U29/><E29/><V117/><F117/><W49/><G84/><T103/><D48/><U50/><E50/><V65/><F99/><W126/><G87/><T78/><D78/><U119/><E119/><V129/><F31/><W32/><G49/><T94/><D130/><AGARI ba="1,1" hai="3,4,8,13,19,20,52,57,62,85,91,93,128,130" machi="130" ten="40,5200,0" yaku="1,1,54,1,53,1" doraHai="108" doraHaiUra="89" who="1" fromWho="0" sc="289,-55,240,65,211,0,250,0" /><INIT seed="1,0,0,0,0,113" ten="234,305,211,250" oya="1" hai0="58,12,38,116,47,8,3,73,22,5,79,32,128" hai1="0,121,127,69,6,77,98,55,40,1,68,53,65" hai2="70,92,132,59,29,7,24,120,31,10,103,27,54" hai3="14,37,16,135,80,102,28,33,60,35,18,52,123"/><U23/><E121/><V50/><F70/><W131/><G37/><T97/><D32/><U119/><E119/><V95/><F120/><W114/><G123/><T130/><D97/><U25/><E98/><V86/><F132/><W19/><G114/><T133/><D58/><U44/><E77/><V64/><F64/><W91/><G102/><T101/><D101/><U63/><E127/><V117/><F103/><W93/><G80/><N who="0" m="45167" /><D22/><U39/><E69/><V84/><F27/><W75/><G75/><T94/><D94/><U129/><E129/><N who="0" m="49769" /><D12/><U83/><E83/><V122/><F122/><W106/><G106/><T89/><D89/><U9/><REACH who="1" step="1"/><E1/><REACH who="1" ten="234,295,211,250" step="2"/><V15/><F92/><W96/><G131/><T13/><D13/><U30/><AGARI ba="0,1" hai="0,6,9,23,25,30,39,40,44,53,55,63,65,68" machi="30" ten="20,7800,0" yaku="1,1,2,1,0,1,7,1,53,0" doraHai="113" doraHaiUra="118" who="1" fromWho="1" sc="234,-26,295,88,211,-26,250,-26" /><INIT seed="1,1,0,4,2,64" ten="208,383,185,224" oya="1" hai0="66,40,41,10,27,107,76,61,73,3,124,71,132" hai1="97,95,55,15,120,115,59,9,56,44,50,68,26" hai2="19,111,126,52,133,116,7,135,63,20,81,131,106" hai3="35,58,114,127,99,23,34,86,60,11,30,92,80"/><U54/><E120/><V102/><F116/><W6/><G114/><T65/><D65/><U104/><E104/><V5/><F126/><W78/><G127/><T101/><D124/><U112/><E26/><V47/><F111/><W37/><G37/><T8/><D41/><U38/><E38/><V96/><F131/><W13/><G23/><T75/><D40/><U51/><E44/><V49/><F81/><W134/><G30/><T22/><D10/><U103/><REACH who="1" step="1"/><E68/><REACH who="1" ten="208,373,185,224" step="2"/><V74/><F63/><W33/><G134/><N who="2" m="51209" /><F74/><W2/><G35/><T88/><D132/><U91/><E91/><V21/><F21/><W17/><G34/><T46/><D46/><U79/><E79/><V123/><F123/><W118/><G33/><T82/><D88/><U89/><E89/><V70/><F70/><W31/><G118/><T28/><D75/><U43/><E43/><V39/><F39/><W93/><G31/><T62/><D107/><U129/><E129/><V14/><AGARI ba="1,1" hai="5,7,14,19,20,47,49,52,96,102,106" m="51209" machi="14" ten="30,2000,0" yaku="20,1,54,1" doraHai="64" who="2" fromWho="2" sc="208,-6,373,-11,185,33,224,-6" /><INIT seed="2,0,0,2,0,6" ten="202,362,218,218" oya="2" hai0="110,132,46,130,8,42,52,94,19,129,80,38,135" hai1="108,97,112,37,29,44,100,51,92,98,101,56,60" hai2="26,81,88,99,59,84,124,45,43,67,55,77,24" hai3="27,70,63,23,104,89,115,28,62,15,106,125,109"/><V102/><F124/><W34/><G125/><T57/><D80/><U85/><E112/><V20/><F67/><W122/><G109/><T71/><D94/><N who="1" m="58583" /><E108/><V113/><F113/><W118/><G122/><T105/><D110/><U21/><E37/><V127/><F127/><W83/><G118/><T50/><D105/><U13/><E85/><V116/><F116/><W1/><G1/><T64/><D19/><N who="1" m="10479" /><E29/><V95/><F77/><W66/><G115/><T90/><D8/><U91/><E60/><V74/><F74/><W58/><G89/><T134/><D90/><U22/><E22/><V48/><REACH who="2" step="1"/><F20/><REACH who="2" ten="202,362,208,218" step="2"/><W61/><G66/><T41/><REACH who="0" step="1"/><D41/><REACH who="0" ten="192,362,208,218" step="2"/><N who="1" m="24975" /><E100/><V33/><F33/><W3/><G34/><T119/><D119/><U82/><E82/><V96/><F96/><W11/><G83/><T75/><D75/><U5/><E5/><V49/><AGARI ba="0,2" hai="24,26,43,45,48,49,55,59,81,84,88,95,99,102" machi="49" ten="20,12000,1" yaku="1,1,0,1,7,1,8,1,54,1,53,0" doraHai="6" doraHaiUra="16" who="2" fromWho="2" sc="192,-40,362,-40,208,140,218,-40" /><INIT seed="2,1,0,2,3,119" ten="152,322,348,178" oya="2" hai0="46,114,59,115,17,91,30,78,112,28,125,6,131" hai1="109,110,135,31,71,107,0,122,56,27,74,14,49" hai2="18,51,62,36,65,50,108,20,76,44,33,127,58" hai3="26,5,9,66,134,87,81,117,123,41,37,43,7"/><V2/><F2/><W47/><G117/><T99/><D78/><U21/><E107/><V39/><F33/><W72/><G134/><T40/><D6/><U85/><E74/><V121/><F121/><W105/><G105/><T4/><D4/><U97/><E135/><V130/><F127/><W24/><G7/><T93/><D125/><U60/><E0/><V32/><F32/><W73/><G123/><T133/><D133/><U116/><E122/><V111/><F76/><W35/><G66/><T3/><D3/><U53/><E116/><V61/><F61/><W96/><G96/><T129/><D59/><U126/><E126/><V102/><F102/><W128/><G128/><T68/><D68/><U98/><E85/><V120/><F120/><W10/><G10/><T83/><D83/><U1/><E1/><V103/><F103/><W13/><G43/><T15/><D15/><U29/><E29/><V48/><F130/><N who="0" m="49674" /><D17/><U54/><E71/><V55/><F39/><W42/><G42/><T104/><D104/><U34/><E34/><V132/><F132/><W88/><REACH who="3" step="1"/><G35/><REACH who="3" ten="152,322,348,168" step="2"/><T82/><D82/><U84/><E98/><V52/><F36/><AGARI ba="1,1" hai="28,30,36,40,46,91,93,99,112,114,115" m="49674" machi="36" ten="40,1300,0" yaku="19,1" doraHai="119" who="0" fromWho="2" sc="152,26,322,0,348,-16,168,0" /><INIT seed="3,0,0,2,1,5" ten="178,322,332,168" oya="3" hai0="77,125,94,50,111,54,43,59,116,95,2,76,105" hai1="58,107,70,0,28,22,24,83,96,39,57,134,100" hai2="62,89,12,131,6,115,36,26,51,118,87,73,98" hai3="102,86,99,1,101,49,19,127,82,84,130,4,55"/><W132/><G127/><T46/><D2/><U65/><E0/><V121/><F118/><W112/><G112/><T133/><D116/><U21/><E39/><V29/><F115/><W126/><G126/><T10/><D105/><U78/><E134/><V56/><F36/><W42/><G132/><T48/><D133/><U27/><E70/><V71/><F73/><W92/><G130/><T18/><D125/><U128/><E65/><V23/><F131/><W20/><G42/><T40/><D111/><U90/><E90/><V66/><F98/><W88/><G4/><T113/><D113/><U44/><E44/><V79/><F79/><W72/><G1/><T69/><D69/><U7/><E7/><V60/><F121/><W85/><G72/><T35/><D35/><U3/><E3/><V14/><F51/><W129/><G102/><T123/><D123/><U17/><E128/><V109/><F6/><W80/><G80/><T38/><D38/><U120/><E120/><V13/><F109/><W104/><G104/><T15/><D43/><U110/><E110/><V33/><F62/><W119/><G119/><T108/><D108/><U93/><E107/><V122/><F122/><W63/><G63/><T16/><REACH who="0" step="1"/><D18/><REACH who="0" ten="168,322,332,168" step="2"/><U30/><E17/><N who="2" m="10663" /><F71/><W9/><G129/><T11/><D11/><U135/><E135/><V8/><F8/><W114/><G114/><T47/><D47/><U45/><E45/><V61/><F33/><W75/><G75/><AGARI ba="0,1" hai="21,22,24,27,28,30,57,58,75,78,83,93,96,100" machi="75" ten="30,2000,0" yaku="7,1,9,1" doraHai="5" who="1" fromWho="3" sc="168,0,322,30,332,0,168,-20" owari="168,-23.0,352,45.0,332,13.0,148,-35.0" /></mjloggm>