<mjloggm ver="2.3"><GO type="169" lobby="0"/><UN n0="%E3%81%99%E3%81%9F%E3%81%A1%E3%81%AA%2E" n1="%E3%82%A6%E3%83%AB%E3%83%88%E3%83%A9%E7%AB%8B%E7%9B%B4" n2="%E9%81%8A%E8%B5%B0" n3="%E3%81%84%E3%81%AE%E3%81%91%E3%82%93" dan="17,16,16,16" rate="2086.34,2042.42,2089.97,2106.46" sx="M,M,F,F"/><TAIKYOKU oya="0"/><INIT seed="0,0,0,0,2,29" ten="250,250,250,250" oya="0" hai0="74,4,106,19,30,123,40,65,108,127,25,78,80" hai1="21,57,124,67,9,32,8,44,17,111,49,85,46" hai2="76,58,7,16,12,11,27,20,33,91,77,133,3" hai3="42,86,122,62,47,64,104,83,61,24,90,56,119"/><T129/><D123/><U95/><E32/><V89/><F133/><W98/><G119/><T118/><D118/><U109/><E124/><V84/><F58/><W72/><G122/><T36/><D127/><U130/><E130/><V125/><F125/><W52/><G72/><T2/><D106/><U71/><E71/><V110/><F110/><W34/><G104/><T75/><D19/><U69/><E69/><V0/><F91/><W73/><G73/><N who="0" m="43087" /><D65/><U26/><E109/><V5/><F5/><W39/><G98/><T51/><D51/><U45/><E111/><V99/><F99/><W121/><G121/><T15/><D15/><U37/><E37/><V14/><F12/><W81/><G81/><T93/><D93/><U31/><E17/><V105/><F105/><W6/><G6/><T101/><D101/><U100/><E49/><V92/><F0/><W38/><G38/><T79/><D79/><U132/><E132/><V70/><F70/><W41/><G41/><T59/><D59/><U43/><E43/><V18/><REACH who="2" step="1"/><F33/><REACH who="2" ten="250,250,240,250" step="2"/><W1/><G1/><T68/><D68/><U10/><E100/><V102/><F102/><W128/><G90/><T107/><D107/><U112/><E57/><V60/><F60/><W131/><G62/><T50/><D108/><U87/><E45/><V13/><F13/><W134/><G134/><T115/><D2/><U120/><E46/><V135/><F135/><W88/><G64/><T103/><D4/><U114/><E44/><V48/><F48/><W55/><G55/><T113/><D36/><U66/><E66/><V63/><F63/><RYUUKYOKU ba="0,1" sc="250,-15,250,-15,240,15,250,15" hai2="3,7,11,14,16,18,20,27,76,77,84,89,92" hai3="24,34,39,42,47,52,56,61,83,86,88,128,131" /><INIT seed="1,1,1,2,3,43" ten="235,235,255,265" oya="1" hai0="31,131,77,123,23,38,36,45,122,117,105,93,66" hai1="71,30,55,42,114,69,126,8,134,52,22,130,99" hai2="29,60,72,94,95,86,24,25,58,3,90,7,49" hai3="92,113,33,125,1,53,34,0,100,16,79,2,65"/><U63/><E114/><V107/><F107/><W57/><G113/><T109/><D117/><U102/><E126/><V96/><F72/><W26/><G125/><T21/><D105/><U75/><E75/><V4/><F49/><W112/><G112/><T56/><D77/><U6/><E130/><V111/><F111/><W88/><G79/><T78/><D78/><U116/><E116/><V73/><F73/><W5/><G100/><T51/><D109/><U40/><E134/><V27/><F29/><W82/><G82/><T91/><D131/><U110/><E110/><V124/><F124/><W64/><G5/><T85/><D66/><U14/><E69/><V20/><F20/><N who="0" m="7754" /><D31/><U13/><E71/><V68/><F68/><W81/><G81/><T119/><D56/><N who="1" m="35207" /><E55/><N who="2" m="33887" /><F3/><W120/><G34/><T62/><D62/><U48/><E48/><V18/><F18/><W84/><G33/><T108/><D108/><U89/><E102/><AGARI ba="1,1" hai="4,7,24,25,27,86,90,94,95,96,102" m="33887" machi="102" ten="30,1000,0" yaku="8,1" doraHai="43" who="2" fromWho="1" sc="235,0,235,-13,255,23,265,0" /><INIT seed="2,0,0,0,1,25" ten="235,222,278,265" oya="2" hai0="89,42,66,47,125,9,104,131,130,7,91,10,106" hai1="85,80,37,41,38,16,3,52,6,49,110,129,62" hai2="82,122,14,134,70,0,127,72,23,115,118,78,116" hai3="74,105,4,30,40,19,48,36,119,43,51,92,29"/><V18/><F122/><W128/><G105/><T96/><D66/><U84/><E6/><V32/><F115/><W59/><G119/><T124/><D96/><U75/><E3/><V17/><F32/><W12/><G74/><T39/><D7/><U27/><E75/><V71/><F0/><W88/><G128/><T58/><D58/><U109/><E129/><V15/><F134/><W34/><G4/><T97/><D97/><U65/><E41/><N who="3" m="15946" /><G34/><T133/><D42/><U99/><E99/><V5/><F5/><W13/><G36/><T68/><D68/><U54/><E62/><V20/><F127/><W61/><G51/><T90/><D47/><U55/><E65/><V79/><REACH who="2" step="1"/><F78/><REACH who="2" ten="235,222,268,265" step="2"/><W76/><G76/><T69/><D130/><U121/><E121/><V103/><F103/><W108/><G108/><T111/><D111/><N who="1" m="42507" /><E38/><V21/><F21/><N who="3" m="11495" /><G48/><T45/><D39/><U101/><E37/><V93/><F93/><W120/><G120/><T81/><D131/><U86/><E101/><V64/><F64/><N who="3" m="38975" /><G13/><T77/><D77/><N who="1" m="46095" /><E49/><V1/><F1/><W44/><G44/><T113/><D45/><U67/><E67/><V132/><F132/><W98/><AGARI ba="0,1" hai="29,30,88,92,98" m="38975,11495,15946" machi="98" ten="30,7900,0" yaku="8,1,52,2,54,1" doraHai="25" who="3" fromWho="3" sc="235,-20,222,-20,268,-39,265,89" /><INIT seed="3,0,0,4,3,111" ten="215,202,229,354" oya="3" hai0="18,73,21,3,66,84,115,99,103,69,14,27,133" hai1="87,38,83,13,106,92,96,86,79,12,42,40,65" hai2="4,54,97,100,93,32,75,117,5,34,104,48,94" hai3="6,127,39,2,116,31,60,102,52,129,67,108,41"/><W120/><G116/><T1/><D73/><U88/><E65/><V125/><F75/><W57/><G120/><T55/><D133/><U80/><E106/><V63/><F117/><W15/><G2/><T113/><D84/><U26/><E26/><V0/><F63/><W135/><G135/><T77/><D77/><U122/><E122/><V132/><F132/><W119/><G119/><T107/><D55/><U112/><E112/><N who="0" m="43081" /><D27/><U49/><E38/><V131/><F131/><W9/><G129/><T72/><D72/><U61/><E61/><AGARI ba="0,0" hai="1,3,14,18,21,61,66,69,99,103,107" m="43081" machi="61" ten="30,7700,0" yaku="11,1,52,3" doraHai="111" who="0" fromWho="1" sc="215,77,202,-77,229,0,354,0" /><INIT seed="4,0,0,5,4,67" ten="292,125,229,354" oya="0" hai0="23,116,4,75,46,35,19,40,30,108,121,135,82" hai1="101,120,6,18,48,36,97,124,68,100,49,89,74" hai2="1,26,79,55,20,112,29,103,24,57,41,86,22" hai3="110,93,107,129,9,71,85,109,128,59,80,119,90"/><T102/><D116/><U33/><E36/><V99/><F1/><W28/><G119/><T125/><D121/><U91/><E33/><V25/><F112/><W130/><G107/><T83/><D102/><U52/><E74/><V5/><F5/><W64/><G28/><T134/><D125/><U131/><E120/><V0/><F0/><W113/><G113/><T44/><D4/><U114/><E114/><V51/><F41/><W104/><G104/><T45/><D108/><U12/><E6/><V17/><F79/><N who="3" m="46239" /><G59/><T11/><D11/><U95/><E124/><V78/><F78/><W56/><G56/><T16/><D40/><U21/><E131/><V27/><REACH who="2" step="1"/><F86/><REACH who="2" ten="292,125,219,354" step="2"/><N who="3" m="52439" /><G9/><T127/><D127/><U77/><E77/><V92/><AGARI ba="0,1" hai="17,20,22,24,25,26,27,29,51,55,57,92,99,103" machi="92" ten="20,5200,0" yaku="1,1,0,1,7,1,8,1,53,0" doraHai="67" doraHaiUra="81" who="2" fromWho="2" sc="292,-26,125,-13,219,62,354,-13" /><INIT seed="5,0,0,0,5,104" ten="266,112,281,341" oya="1" hai0="55,4,41,80,108,34,29,120,16,46,71,45,97" hai1="105,40,114,112,28,49,63,77,69,68,73,48,65" hai2="101,113,135,44,133,98,134,42,32,99,26,82,111" hai3="85,131,66,129,35,12,0,19,5,60,124,109,25"/><U96/><E28/><N who="2" m="19479" /><F111/><W75/><G75/><T94/><D108/><U24/><E24/><V93/><F113/><N who="1" m="43625" /><E68/><V3/><F3/><W128/><G109/><T70/><D120/><U14/><E14/><V92/><F82/><W67/><G124/><T58/><D4/><U62/><E62/><V51/><F99/><W103/><G103/><T100/><D29/><U86/><E86/><V1/><F1/><W21/><G85/><T72/><D34/><U10/><E10/><V59/><F59/><W122/><G122/><T90/><D16/><U36/><E36/><V123/><F123/><W119/><G119/><T79/><D46/><N who="1" m="25671" /><E49/><V57/><F57/><W126/><G126/><T7/><D7/><U61/><E61/><V76/><F76/><W37/><G37/><T43/><D100/><N who="1" m="62599" /><E77/><V56/><F56/><W18/><G0/><T81/><D81/><U91/><E91/><V83/><F83/><W118/><G118/><T95/><D71/><U64/><E64/><V8/><F8/><N who="3" m="4111" /><G66/><T17/><D70/><U130/><E130/><V6/><F6/><W52/><G67/><T22/><D17/><U78/><E78/><V20/><F20/><W127/><G18/><T117/><D22/><U125/><E125/><V84/><F84/><W116/><G127/><T2/><D117/><U106/><E106/><AGARI ba="0,0" hai="42,44,51,92,93,98,101,106,133,134,135" m="19479" machi="106" ten="30,1000,0" yaku="20,1" doraHai="104" who="2" fromWho="1" sc="266,0,112,-10,281,10,341,0" /><INIT seed="6,0,0,5,5,107" ten="266,102,291,341" oya="2" hai0="126,135,77,89,22,121,4,3,16,55,129,76,101" hai1="18,38,112,34,93,130,17,44,98,24,56,120,64" hai2="88,94,131,108,8,85,47,132,1,23,45,68,122" hai3="2,134,104,81,66,82,110,10,119,54,14,19,61"/><V29/><F122/><W80/><G110/><T40/><D121/><U60/><E120/><V49/><F108/><W74/><G119/><T27/><D129/><U9/><E130/><V5/><F68/><W79/><G104/><T75/><D135/><U30/><E112/><V28/><F131/><W26/><G134/><T50/><D126/><U39/><E9/><V33/><F132/><W12/><G2/><T113/><D40/><U6/><E6/><V37/><F33/><W25/><G54/><T13/><D101/><U114/><E114/><V100/><F100/><W52/><G52/><T87/><D3/><U95/><E95/><V97/><F37/><W59/><G14/><T70/><D70/><U83/><E83/><V51/><F23/><W125/><G125/><T15/><D75/><U67/><E67/><V41/><REACH who="2" step="1"/><F97/><REACH who="2" ten="266,102,281,341" step="2"/><W123/><G123/><T71/><D71/><U43/><REACH who="1" step="1"/><E39/><REACH who="1" ten="266,92,281,341" step="2"/><V21/><F21/><W63/><G79/><T106/><D77/><U35/><E35/><V46/><F46/><W84/><G84/><T57/><D76/><U11/><E11/><V115/><F115/><W86/><G86/><T102/><D87/><U133/><E133/><V127/><F127/><W69/><G10/><T48/><D22/><U128/><E128/><V32/><F32/><W91/><G69/><T36/><D36/><U103/><AGARI ba="0,2" hai="17,18,24,30,34,38,43,44,56,60,64,93,98,103" machi="103" ten="20,2700,0" yaku="1,1,0,1,7,1,53,0" doraHai="107" doraHaiUra="78" who="1" fromWho="1" sc="266,-7,92,47,281,-13,341,-7" /><INIT seed="7,0,0,4,5,20" ten="259,139,268,334" oya="3" hai0="46,45,59,79,133,129,53,12,3,41,81,128,57" hai1="36,52,31,114,68,77,1,132,126,43,117,86,62" hai2="98,19,119,89,13,16,90,25,44,48,42,8,35" hai3="108,32,84,58,122,26,115,94,51,67,124,33,131"/><W72/><G122/><T82/><D3/><U55/><E1/><V97/><F119/><W4/><G72/><N who="0" m="43239" /><D82/><U103/><E117/><V5/><F35/><W21/><G108/><T60/><D133/><U27/><E132/><V123/><F123/><W24/><G4/><T96/><D96/><U34/><E126/><V106/><F106/><W50/><G124/><T73/><D73/><U22/><E103/><V120/><F120/><W47/><G33/><T80/><D80/><U56/><E68/><V37/><F37/><W61/><G32/><T92/><D92/><U109/><E109/><V121/><F121/><W101/><G131/><N who="0" m="50251" /><D12/><U112/><E77/><V7/><F98/><N who="3" m="59607" /><G84/><T71/><D71/><U69/><E86/><V28/><F28/><W54/><G115/><N who="1" m="44074" /><E69/><V9/><F97/><W95/><G95/><T110/><D110/><U85/><E85/><V29/><F29/><W78/><G78/><T39/><D59/><U2/><E2/><V40/><F40/><N who="3" m="24935" /><G21/><T76/><D76/><U18/><E43/><V14/><F25/><W17/><G17/><AGARI ba="0,0" hai="5,7,8,9,13,14,16,17,19,42,44,48,89,90" machi="17" ten="40,5200,0" yaku="9,1,8,1,54,1" doraHai="20" who="2" fromWho="3" sc="259,0,139,0,268,52,334,-52" owari="259,-14.0,139,-36.0,320,42.0,282,8.0" /></mjloggm>