<mjloggm ver="2.3"><GO type="169" lobby="0"/><UN n0="%E3%81%82%E3%82%8A%E3%81%8A%E3%81%A8" n1="%E3%81%8F%E3%82%8B%E3%82%8B" n2="%E3%83%A9%E3%83%93%E3%83%83%E3%83%88" n3="%E3%82%A6%E3%83%AB%E3%83%88%E3%83%A9%E7%AB%8B%E7%9B%B4" dan="16,16,16,17" rate="2072.46,2124.70,2064.50,2050.44" sx="M,M,M,M"/><TAIKYOKU oya="0"/><INIT seed="0,0,0,3,1,66" ten="250,250,250,250" oya="0" hai0="2,7,18,47,57,43,13,32,110,4,83,92,97" hai1="39,112,17,124,61,44,96,22,65,50,131,111,15" hai2="108,130,100,60,72,55,117,103,6,67,1,37,102" hai3="98,63,90,10,80,21,51,71,5,59,123,122,68"/><T135/><D135/><U86/><E111/><V74/><F37/><W24/><G51/><T12/><D110/><U16/><E39/><V85/><F108/><W53/><G80/><T128/><D32/><U95/><E124/><V82/><F130/><W73/><G73/><T62/><D2/><U118/><E118/><V87/><F55/><W76/><G76/><T78/><D128/><U115/><E131/><V8/><F117/><W104/><G104/><T105/><D105/><U81/><E17/><V107/><F107/><W28/><G90/><T30/><D30/><U48/><E81/><V49/><F49/><W11/><G98/><T31/><D31/><U40/><E86/><V132/><F132/><W127/><G127/><T121/><D121/><N who="3" m="46089" /><G11/><T69/><D47/><U29/><E29/><V91/><REACH who="2" step="1"/><F85/><REACH who="2" ten="250,250,240,250" step="2"/><W133/><G133/><T41/><D41/><U101/><REACH who="1" step="1"/><E50/><REACH who="1" ten="250,240,240,250" step="2"/><V79/><F79/><W42/><G42/><T34/><D43/><U26/><E26/><V33/><F33/><W119/><G119/><T84/><D78/><U56/><AGARI ba="0,2" hai="15,16,22,40,44,48,56,61,65,95,96,101,112,115" machi="56" ten="30,4000,0" yaku="1,1,0,1,54,1,53,0" doraHai="66" doraHaiUra="125" who="1" fromWho="1" sc="250,-20,240,60,240,-10,250,-10" /><INIT seed="1,0,0,3,3,17" ten="230,300,230,240" oya="1" hai0="22,97,118,42,67,95,21,51,105,35,132,4,106" hai1="131,81,64,90,93,94,87,30,32,111,122,59,130" hai2="44,71,8,23,14,38,41,127,110,86,61,117,80" hai3="3,13,9,123,78,128,24,133,121,68,107,28,40"/><U0/><E122/><V113/><F117/><W129/><G107/><T116/><D35/><U48/><E0/><V70/><F110/><W31/><G68/><T112/><D112/><U27/><E111/><V34/><F34/><W102/><G102/><T20/><D4/><U92/><REACH who="1" step="1"/><E64/><REACH who="1" ten="230,290,230,240" step="2"/><V98/><F113/><W91/><G3/><T52/><D67/><U76/><E76/><V83/><F127/><W103/><G78/><T43/><D118/><U135/><E135/><V1/><F1/><W109/><G133/><T100/><D116/><U96/><E96/><V45/><F98/><W120/><G109/><T55/><D132/><U119/><E119/><V62/><F70/><W5/><G121/><T49/><D106/><U15/><E15/><V57/><F71/><W12/><G12/><T99/><D99/><U63/><E63/><V65/><F14/><W7/><G13/><T46/><D105/><U82/><E82/><V85/><F62/><W73/><G120/><T37/><D37/><U74/><E74/><V19/><F80/><W88/><G73/><T114/><D114/><U60/><E60/><V2/><F2/><W125/><G123/><T36/><D36/><U58/><E58/><AGARI ba="0,1" hai="20,21,22,42,43,46,49,51,52,55,58,95,97,100" machi="58" ten="40,8000,1" yaku="8,1,52,3,54,1" doraHai="17" who="0" fromWho="1" sc="230,90,290,-80,230,0,240,0" /><INIT seed="2,0,0,3,4,56" ten="320,210,230,240" oya="2" hai0="116,131,9,62,2,103,59,91,18,109,27,63,23" hai1="60,97,5,79,67,105,98,53,87,3,55,128,10" hai2="29,26,61,20,100,95,58,24,104,132,89,126,122" hai3="31,17,7,112,11,88,65,70,69,1,72,33,82"/><V81/><F122/><W40/><G112/><T93/><D109/><U16/><E128/><V94/><F104/><W110/><G110/><T84/><D131/><U8/><E79/><V73/><F132/><W127/><G127/><T64/><D116/><U115/><E115/><V123/><F123/><W71/><G17/><T108/><D108/><U30/><E30/><V121/><F121/><W22/><G22/><T86/><D103/><U80/><E105/><V25/><F126/><W77/><G88/><T101/><D101/><U52/><E87/><N who="2" m="50415" /><F73/><W102/><G102/><T83/><D2/><U129/><E80/><V66/><F100/><W32/><G31/><T74/><D74/><U39/><E39/><V120/><F120/><W106/><G106/><T76/><D9/><U4/><E129/><V85/><F85/><W46/><G65/><T47/><D47/><U14/><REACH who="1" step="1"/><E4/><REACH who="1" ten="320,200,230,240" step="2"/><V34/><F34/><W44/><G44/><T107/><D107/><U38/><E38/><AGARI ba="0,1" hai="1,7,11,32,33,38,40,46,69,70,71,72,77,82" machi="38" ten="40,8000,1" yaku="25,2,33,3" doraHai="56" who="3" fromWho="1" sc="320,0,200,-80,230,0,240,90" /><INIT seed="3,0,0,2,1,81" ten="320,120,230,330" oya="3" hai0="135,87,108,113,0,50,13,56,34,8,57,1,3" hai1="97,106,134,111,42,45,39,51,121,40,61,112,86" hai2="60,130,46,101,96,28,52,24,7,71,25,5,41" hai3="72,16,103,129,99,126,109,23,133,35,53,125,115"/><W36/><G35/><T118/><D118/><U58/><E112/><V120/><F130/><W18/><G72/><T132/><D34/><U80/><E121/><V30/><F120/><W22/><G36/><T14/><D113/><U127/><E111/><V12/><F25/><W47/><G115/><T128/><D108/><U122/><E122/><V85/><F85/><W26/><G109/><T83/><D128/><U4/><E4/><V88/><F12/><N who="0" m="4714" /><D8/><U65/><E127/><N who="3" m="48650" /><G129/><T100/><D100/><U119/><E119/><V76/><F76/><W37/><G133/><N who="0" m="51275" /><D50/><U77/><E134/><V102/><F5/><W43/><G53/><T69/><D69/><U63/><E61/><V9/><F9/><W105/><G23/><T131/><D131/><U107/><REACH who="1" step="1"/><E97/><REACH who="1" ten="320,110,230,330" step="2"/><V15/><F7/><W6/><G6/><T62/><D62/><U67/><E67/><V104/><F96/><W90/><G99/><T32/><D32/><U84/><E84/><V116/><F60/><W48/><G37/><T89/><AGARI ba="0,1" hai="0,1,3,56,57,83,87,89" m="51275,4714" machi="89" ten="40,2700,0" yaku="20,1,52,1" doraHai="81" who="0" fromWho="0" sc="320,37,110,-7,230,-7,330,-13" /><INIT seed="4,0,0,5,3,116" ten="357,103,223,317" oya="0" hai0="117,102,70,59,2,46,89,98,76,6,109,13,23" hai1="61,131,92,54,40,125,50,86,80,19,127,77,105" hai2="96,112,97,57,36,11,95,38,37,82,78,118,5" hai3="81,88,126,133,55,73,103,108,79,17,60,90,132"/><T67/><D117/><U18/><E105/><V66/><F112/><W20/><G108/><T87/><D109/><U69/><E40/><V9/><F118/><W35/><G35/><T52/><D2/><U100/><E131/><V1/><F11/><W120/><G103/><T110/><D76/><U8/><E69/><V58/><F66/><W21/><G21/><T44/><D67/><U85/><E61/><V104/><F104/><W101/><G101/><T68/><D68/><U24/><E24/><V3/><F3/><W74/><G55/><T124/><D70/><U113/><E113/><V115/><F115/><W123/><G60/><T107/><D124/><N who="1" m="47691" /><E8/><V15/><F1/><W48/><G48/><T43/><D43/><U4/><E4/><V119/><F119/><W130/><G74/><T134/><D134/><N who="3" m="51817" /><G130/><T72/><D72/><U16/><E100/><V93/><F57/><W114/><G114/><T27/><D110/><U33/><E33/><V39/><F58/><W42/><G42/><T14/><D6/><U7/><E7/><V64/><F64/><W49/><G49/><N who="0" m="31119" /><D14/><U47/><E92/><V0/><F0/><W135/><N who="3" m="51825" /><W51/><DORA hai="25" /><G51/><T84/><D13/><U10/><E10/><V122/><F93/><W94/><G126/><T63/><D63/><U30/><E85/><N who="2" m="48343" /><F95/><W129/><G129/><T128/><D87/><U29/><AGARI ba="0,0" hai="16,18,19,29,30,47,50,54,77,80,86" m="47691" machi="29" ten="40,8000,1" yaku="18,1,52,2,54,1" doraHai="116,25" who="1" fromWho="1" sc="357,-40,103,80,223,-20,317,-20" /><INIT seed="5,0,0,3,5,110" ten="317,183,203,297" oya="1" hai0="13,109,108,19,3,32,45,103,73,2,129,38,86" hai1="122,48,115,41,64,85,125,30,66,128,81,33,119" hai2="18,88,10,89,74,133,0,29,121,117,76,59,24" hai3="90,35,6,105,26,98,7,82,27,127,112,1,104"/><U49/><E119/><V12/><F117/><W107/><G1/><T42/><D32/><U113/><E122/><V37/><F121/><W36/><G36/><T120/><D120/><U131/><E125/><V92/><F37/><W102/><G35/><T17/><D73/><U40/><E33/><V101/><F133/><W16/><G16/><T91/><D19/><U97/><E97/><V87/><F101/><W54/><G54/><T94/><D129/><N who="1" m="49739" /><E30/><V4/><F74/><W80/><G98/><T132/><D132/><U79/><E49/><V93/><F76/><W72/><G72/><T51/><D109/><U70/><E70/><V22/><F59/><W114/><G104/><T78/><D108/><U71/><E71/><V46/><F46/><W50/><G50/><T63/><D78/><U130/><N who="1" m="49747" /><U28/><DORA hai="123" /><E28/><V56/><F56/><W9/><G127/><T5/><D38/><U106/><E106/><V134/><F134/><W96/><G96/><T58/><D103/><U57/><E57/><V44/><F44/><W61/><G102/><T15/><D58/><U77/><E79/><V34/><F89/><W31/><G31/><T69/><D69/><U111/><E111/><V84/><F93/><W20/><G90/><T68/><D68/><U25/><E25/><V60/><F60/><W62/><G105/><T67/><D63/><U55/><E55/><V14/><F14/><W8/><G107/><T43/><D43/><N who="1" m="16459" /><E48/><V118/><F118/><W23/><AGARI ba="0,0" hai="6,7,8,9,20,23,26,27,61,62,80,82,112,114" machi="23" ten="25,8000,1" yaku="0,1,22,2,52,2" doraHai="110,123" who="3" fromWho="3" sc="317,-20,183,-40,203,-20,297,80" /><INIT seed="6,0,0,5,3,122" ten="297,143,183,377" oya="2" hai0="116,94,47,123,40,5,54,53,130,117,42,18,25" hai1="77,23,86,19,68,39,11,31,3,90,119,128,129" hai2="111,71,110,12,46,80,30,70,96,10,59,50,28" hai3="76,83,48,132,66,36,99,95,35,43,21,60,112"/><V97/><F80/><W51/><G35/><T37/><D123/><U61/><E39/><V20/><F59/><W78/><G78/><T4/><D130/><N who="1" m="50283" /><E77/><V13/><F20/><W67/><G67/><T133/><D133/><U104/><E104/><V85/><F85/><W15/><G43/><T72/><D72/><U49/><E31/><V98/><F70/><W103/><G36/><T16/><D94/><U115/><E119/><N who="0" m="45641" /><D42/><U7/><E49/><V62/><F62/><W17/><G132/><T8/><D5/><U107/><E107/><V102/><F71/><W87/><G112/><T114/><D114/><U26/><E115/><V135/><F102/><W41/><G41/><T109/><D109/><N who="2" m="41482" /><F135/><W64/><G64/><T125/><D125/><U38/><E38/><V55/><F13/><W118/><G118/><T22/><D18/><AGARI ba="0,0" hai="10,12,18,28,30,46,50,55,96,97,98" m="41482" machi="18" ten="30,11600,0" yaku="10,1,52,3" doraHai="122" who="2" fromWho="0" sc="297,-116,143,0,183,116,377,0" /><INIT seed="6,1,0,5,5,22" ten="181,143,299,377" oya="2" hai0="0,97,117,109,41,128,76,96,21,113,47,123,48" hai1="115,125,52,34,35,31,25,57,122,80,92,43,104" hai2="103,2,116,9,60,129,38,67,132,98,93,4,72" hai3="74,101,63,78,69,54,7,94,45,44,58,68,37"/><V124/><F116/><W12/><G74/><T29/><D117/><U26/><E104/><V77/><F124/><W106/><G106/><T39/><D109/><U24/><E43/><V40/><F129/><W5/><G37/><T73/><D123/><U1/><E1/><V23/><F23/><W133/><G78/><T105/><D128/><U32/><E125/><V19/><F19/><W49/><G69/><T65/><D0/><U120/><E80/><V91/><F132/><W111/><G68/><T84/><D73/><U8/><E8/><V86/><F38/><W130/><G111/><T131/><D131/><U20/><E92/><V17/><F40/><W70/><G70/><T89/><D76/><U28/><E115/><V16/><F77/><W81/><G81/><T36/><D65/><U13/><E52/><V15/><F72/><W85/><G45/><T62/><D62/><U30/><E57/><V3/><F3/><W135/><G130/><T83/><D113/><U6/><E6/><V55/><F55/><N who="3" m="34271" /><G12/><T119/><D119/><U126/><E126/><V110/><F2/><W121/><G121/><N who="1" m="46698" /><E13/><V87/><F110/><W42/><G42/><T61/><D61/><U88/><E88/><V82/><REACH who="2" step="1"/><F86/><REACH who="2" ten="181,143,289,377" step="2"/><W118/><G118/><T56/><D39/><U51/><E51/><V18/><F18/><AGARI ba="1,1" hai="18,20,24,25,26,28,30,31,32,34,35" m="46698" machi="18" ten="40,12000,2" yaku="13,1,34,2,52,3" doraHai="22" who="1" fromWho="2" sc="181,0,143,133,289,-123,377,0" /><INIT seed="7,0,0,0,3,101" ten="181,276,166,377" oya="3" hai0="134,12,10,118,9,100,65,70,95,58,68,14,19" hai1="129,85,92,21,90,72,69,82,20,125,105,94,26" hai2="123,55,5,35,30,127,50,112,114,124,59,133,98" hai3="34,13,1,119,121,99,89,86,115,32,23,96,36"/><W78/><G89/><T75/><D118/><U57/><E69/><V29/><F123/><W67/><G23/><T54/><D75/><U2/><E2/><V48/><F35/><W31/><G13/><T62/><D134/><U28/><E105/><V8/><F133/><W60/><G96/><N who="0" m="59423" /><D70/><U24/><E125/><N who="2" m="48203" /><F98/><W79/><G86/><T49/><D68/><U87/><E129/><V77/><F77/><W40/><G60/><T113/><D113/><N who="2" m="43626" /><F48/><W71/><G99/><T3/><D3/><AGARI ba="0,0" hai="3,5,8,29,30,50,55,59" m="43626,48203" machi="3" ten="30,2000,0" yaku="18,1,15,1" doraHai="101" who="2" fromWho="0" sc="181,-20,276,0,166,20,377,0" owari="161,-34.0,276,8.0,186,-21.0,377,47.0" /></mjloggm>