<mjloggm ver="2.3"><GO type="41" lobby="0"/><UN n0="%79%6F%72%69%2E" n1="%46%75%62%46%69%76%65" n2="%E4%B8%98%E7%8F%A0%E3%83%96%E3%83%AA%E3%82%B6%E3%83%BC%E3%83%89" n3="%E3%82%A6%E3%83%AB%E3%83%88%E3%83%A9%E7%AB%8B%E7%9B%B4" dan="13,14,13,15" rate="1897.16,1967.06,1847.69,1988.15" sx="M,F,M,M"/><TAIKYOKU oya="0"/><INIT seed="0,0,0,2,5,80" ten="250,250,250,250" oya="0" hai0="122,3,63,99,64,37,21,97,12,132,54,126,10" hai1="38,89,11,55,98,105,7,32,73,29,68,20,90" hai2="114,39,47,84,58,52,81,61,124,53,120,40,56" hai3="96,79,95,74,66,18,129,102,49,28,41,118,57"/><T86/><D37/><U50/><E68/><V13/><F114/><W106/><G118/><T83/><D122/><U22/><E73/><V8/><F120/><W112/><G112/><T14/><D126/><U15/><E38/><V62/><F124/><W123/><G123/><T87/><D132/><U113/><E113/><V88/><F13/><W108/><G106/><T30/><D3/><U91/><E32/><V133/><F133/><W125/><G79/><T16/><D54/><U111/><E111/><V42/><F42/><W100/><G74/><T9/><D83/><U44/><E29/><V2/><F8/><W1/><G1/><AGARI ba="0,0" hai="1,2,39,40,47,52,53,56,58,61,62,81,84,88" machi="1" ten="40,8000,1" yaku="9,1,52,1,54,2" doraHai="80" who="2" fromWho="3" sc="250,0,250,0,250,80,250,-80" /><INIT seed="1,0,0,0,4,130" ten="250,250,330,170" oya="1" hai0="119,34,106,97,19,114,123,32,37,22,75,20,51" hai1="28,25,103,23,131,134,90,96,57,121,62,6,4" hai2="56,47,53,135,99,113,64,8,76,16,42,98,132" hai3="11,112,87,117,84,60,68,66,77,21,49,31,108"/><U30/><E121/><V120/><F120/><W73/><G117/><T71/><D123/><U63/><E131/><V1/><F64/><W88/><G112/><T85/><D119/><U44/><E30/><V91/><F76/><W100/><G108/><T33/><D37/><U95/><E44/><V38/><F113/><W101/><G73/><T94/><D75/><U109/><E109/><V89/><F1/><W129/><G129/><T55/><D114/><U13/><E134/><N who="2" m="51243" /><F89/><W128/><G128/><T24/><D71/><U127/><E127/><V48/><F91/><W124/><G124/><T79/><D106/><U2/><E2/><V12/><AGARI ba="0,0" hai="8,12,16,38,42,47,48,53,56,98,99" m="51243" machi="12" ten="30,8000,1" yaku="20,1,52,3,54,1" doraHai="130" who="2" fromWho="2" sc="250,-20,250,-40,330,80,170,-20" /><INIT seed="2,0,0,5,4,86" ten="230,210,410,150" oya="2" hai0="29,33,19,103,114,54,62,83,11,96,98,32,125" hai1="99,85,8,12,133,124,23,57,7,80,135,21,72" hai2="121,105,78,39,16,81,65,22,4,71,35,90,89" hai3="2,20,52,43,127,120,64,95,5,47,126,75,67"/><V111/><F105/><W106/><G106/><T68/><D114/><U61/><E72/><V9/><F121/><W116/><G75/><T102/><D125/><N who="3" m="47625" /><G5/><T55/><D83/><U97/><E124/><V100/><F35/><W112/><G2/><T1/><D1/><U41/><E41/><V13/><F100/><W30/><G116/><T130/><D130/><U0/><E0/><V107/><F107/><W26/><G120/><T108/><D108/><U25/><E99/><V56/><F39/><N who="3" m="22015" /><G112/><T42/><D42/><U60/><E97/><V115/><F71/><W48/><G95/><T128/><D128/><U44/><E44/><AGARI ba="0,0" hai="20,26,30,44,48,52,64,67" m="22015,47625" machi="44" ten="30,2000,0" yaku="18,1,54,1" doraHai="86" who="3" fromWho="1" sc="230,0,210,-20,410,0,150,20" /><INIT seed="3,0,0,0,2,128" ten="230,190,410,170" oya="3" hai0="134,92,54,63,12,21,1,130,88,71,41,125,55" hai1="27,68,91,120,104,18,10,11,86,118,48,126,34" hai2="78,20,59,82,29,45,13,89,95,110,72,24,35" hai3="132,107,26,32,43,81,7,3,106,25,30,85,38"/><W47/><G26/><T97/><D1/><U64/><E120/><V77/><F110/><W51/><G51/><T57/><D130/><U76/><E104/><V122/><F122/><W113/><G113/><T73/><D73/><U100/><E100/><V123/><F123/><W124/><G124/><T112/><D125/><U70/><E126/><V99/><F78/><W23/><G23/><T4/><D41/><U133/><E76/><V108/><F108/><W116/><G116/><T87/><D112/><U52/><E118/><V117/><F117/><W5/><G5/><T121/><D121/><U83/><E64/><V17/><F59/><W127/><G127/><T37/><D37/><U84/><E84/><V131/><F131/><W66/><G66/><T33/><D33/><U80/><E80/><V67/><F67/><W129/><G129/><T39/><D39/><U6/><E34/><V96/><REACH who="2" step="1"/><F45/><REACH who="2" ten="230,190,400,170" step="2"/><W103/><G47/><T90/><D71/><U135/><E70/><V53/><F53/><W15/><G43/><T16/><D55/><U46/><E68/><V49/><F49/><W94/><G38/><T69/><D69/><U109/><E109/><V60/><F60/><W36/><G36/><T101/><D54/><U44/><E44/><V98/><AGARI ba="0,1" hai="13,17,20,24,29,35,72,77,82,89,95,96,98,99" machi="98" ten="20,2700,0" yaku="1,1,0,1,7,1,53,0" doraHai="128" doraHaiUra="119" who="2" fromWho="2" sc="230,-7,190,-7,400,37,170,-13" /><INIT seed="4,0,0,4,0,13" ten="223,183,437,157" oya="0" hai0="31,123,113,115,72,37,124,101,127,60,85,114,16" hai1="19,8,71,100,92,58,56,103,55,99,104,47,59" hai2="98,132,134,6,74,126,57,79,5,9,117,108,36" hai3="70,122,66,26,39,21,12,27,96,11,38,14,33"/><T80/><D37/><U64/><E104/><V73/><F36/><W10/><G66/><T76/><D123/><U125/><E125/><N who="0" m="48201" /><D31/><U128/><E128/><V78/><F126/><W90/><G70/><T89/><D60/><U51/><E103/><V41/><F98/><W111/><G96/><T82/><D101/><U63/><E71/><V109/><F9/><W46/><G90/><T75/><D16/><U53/><E53/><V7/><F57/><W65/><G65/><T15/><D15/><AGARI ba="0,0" hai="8,15,19,47,51,55,56,58,59,63,64,92,99,100" machi="15" ten="40,2600,0" yaku="8,1,52,1" doraHai="13" who="1" fromWho="0" sc="223,-26,183,26,437,0,157,0" /><INIT seed="5,0,0,5,0,123" ten="197,209,437,157" oya="1" hai0="95,55,54,129,99,116,109,62,9,104,21,53,82" hai1="52,112,80,132,69,83,111,85,117,65,119,27,41" hai2="118,25,48,103,26,3,84,67,14,58,97,73,90" hai3="106,124,75,45,115,78,88,51,7,59,6,89,42"/><U36/><E112/><V10/><F73/><W57/><G106/><T43/><D116/><U39/><E83/><V60/><F3/><W130/><G78/><T64/><D104/><U72/><E72/><V31/><F31/><W16/><G75/><T49/><D129/><U122/><E122/><V113/><F113/><W134/><G130/><T127/><D127/><U22/><E132/><V13/><F13/><W23/><G124/><T94/><D82/><U19/><E69/><V17/><F48/><W87/><G134/><T61/><D9/><U81/><E65/><V18/><F18/><W121/><G121/><T91/><D109/><U15/><E81/><V125/><F125/><W93/><G89/><T135/><D135/><U63/><E111/><V56/><F56/><N who="3" m="21579" /><G115/><T40/><D94/><U29/><E63/><N who="0" m="24073" /><D64/><U20/><E117/><V5/><F5/><W34/><G34/><T30/><D49/><U133/><E133/><V4/><F4/><W28/><G28/><T101/><D101/><U105/><E105/><V44/><F44/><W77/><G77/><T71/><D71/><U131/><E131/><V120/><F120/><W68/><G68/><T100/><D100/><U11/><E39/><V102/><F118/><W128/><G128/><T107/><D107/><U47/><E119/><V1/><F1/><W50/><G50/><T8/><D8/><U108/><E11/><V35/><F35/><W32/><G32/><T66/><D66/><U86/><E108/><V110/><F110/><W114/><G114/><T46/><D46/><U70/><E70/><V24/><F97/><RYUUKYOKU ba="0,0" sc="197,10,209,-30,437,10,157,10" hai0="21,30,40,43,53,54,55,91,95,99" hai2="10,14,17,24,25,26,58,60,67,84,90,102,103" hai3="6,7,16,23,42,45,51,87,88,93" /><INIT seed="6,1,0,2,5,68" ten="207,179,447,167" oya="2" hai0="92,12,53,66,45,22,132,49,89,13,76,1,112" hai1="42,56,10,59,64,85,58,84,72,91,121,29,51" hai2="88,120,125,119,135,122,113,104,81,7,78,28,44" hai3="124,62,3,80,126,99,73,105,46,50,52,60,83"/><V2/><F104/><W35/><G35/><T77/><D1/><U130/><E72/><V61/><F119/><W114/><G3/><T79/><D132/><U102/><E102/><V128/><F28/><W5/><G5/><T24/><D112/><U71/><E130/><V43/><F113/><W27/><G27/><T110/><D66/><U90/><E121/><V117/><F117/><W133/><G133/><T86/><D110/><U116/><E116/><V107/><F135/><W26/><G26/><T31/><AGARI ba="1,0" hai="12,13,22,24,31,45,49,53,76,77,79,86,89,92" machi="31" ten="30,2000,0" yaku="0,1,8,1" doraHai="68" who="0" fromWho="0" sc="207,23,179,-6,447,-11,167,-6" /><INIT seed="7,0,0,0,2,98" ten="230,173,436,161" oya="3" hai0="89,125,5,86,83,61,76,34,50,54,122,105,121" hai1="101,73,67,63,65,32,1,51,111,106,109,104,129" hai2="53,62,96,15,75,94,103,69,87,81,113,38,64" hai3="92,116,134,27,3,12,23,130,118,39,37,93,14"/><W8/><G3/><T88/><D34/><U123/><E32/><V24/><F38/><W11/><G27/><T107/><D61/><U119/><E1/><V91/><F113/><W52/><G23/><T44/><D125/><U0/><E0/><V99/><F99/><W25/><G25/><T90/><REACH who="0" step="1"/><D5/><REACH who="0" ten="220,173,436,161" step="2"/><U57/><E63/><V100/><F75/><W97/><G97/><T128/><D128/><U78/><E73/><V110/><F110/><W31/><G130/><T66/><D66/><U42/><E67/><V56/><F24/><W43/><G31/><T70/><D70/><U16/><E65/><V80/><F15/><W133/><G43/><T55/><D55/><AGARI ba="0,1" hai="8,11,12,14,37,39,52,55,92,93,116,118,133,134" machi="55" ten="25,4800,0" yaku="22,2,54,1" doraHai="98" who="3" fromWho="0" sc="220,-48,173,0,436,0,161,58" /><INIT seed="7,1,0,1,0,87" ten="172,173,436,219" oya="3" hai0="130,56,108,39,76,129,82,32,77,68,36,54,109" hai1="126,125,25,85,135,132,114,90,58,131,66,15,38" hai2="6,100,33,45,103,86,0,28,17,35,14,101,99" hai3="116,13,72,89,80,18,4,26,78,34,37,49,7"/><W71/><G37/><T44/><D32/><U11/><E114/><V79/><F99/><W81/><G71/><T29/><D29/><U121/><E121/><V95/><F28/><W134/><G26/><T107/><D107/><U105/><E105/><V59/><F33/><W102/><G34/><T31/><D31/><U118/><E118/><V24/><F35/><W106/><G102/><T117/><D117/><U50/><E38/><N who="0" m="14377" /><D44/><U21/><E131/><N who="0" m="50185" /><D68/><U128/><E128/><V69/><F0/><W94/><G106/><T74/><D76/><U8/><E66/><V16/><F69/><W104/><G104/><T47/><D47/><U113/><E113/><V12/><F6/><W123/><G7/><T84/><D74/><U46/><E58/><V133/><F45/><W111/><G4/><T64/><D64/><U75/><E75/><V20/><F133/><N who="1" m="51273" /><E25/><V19/><F59/><W70/><G70/><T10/><D10/><N who="1" m="3627" /><E21/><V1/><F1/><W57/><G134/><T43/><D43/><N who="1" m="24927" /><E15/><N who="2" m="5675" /><F79/><W124/><G78/><T41/><D41/><U122/><E122/><V5/><F5/><W63/><G72/><T52/><D56/><U60/><E60/><V48/><F48/><W62/><G63/><T3/><D3/><U91/><E85/><V2/><F2/><W88/><G62/><T96/><D96/><U53/><E53/><AGARI ba="1,0" hai="52,53,54,77,82,84,108,109" m="50185,14377" machi="53" ten="30,2000,0" yaku="19,1,54,1" doraHai="87" who="0" fromWho="1" sc="172,23,173,-23,436,0,219,0" owari="195,-20.0,150,-35.0,436,53.0,219,2.0" /></mjloggm>