<mjloggm ver="2.3"><GO type="225" lobby="0"/><UN n0="%E9%8A%80%E3%81%B0%E3%81%95%E3%81%BF" n1="%E3%82%A6%E3%83%AB%E3%83%88%E3%83%A9%E7%AB%8B%E7%9B%B4" n2="%4D%72%2E%6E%69%6B%75%39" n3="%E3%83%A9%E3%83%83%E3%82%AD%E3%83%BC%E3%83%89%E3%83%83%E3%82%B0" dan="17,16,16,16" rate="2214.42,2023.28,2097.00,2066.20" sx="M,M,M,M"/><TAIKYOKU oya="0"/><INIT seed="0,0,0,4,0,95" ten="250,250,250,250" oya="0" hai0="103,133,104,41,12,49,108,53,94,67,1,120,124" hai1="2,83,15,99,46,51,123,32,116,128,26,110,27" hai2="73,48,119,92,65,131,5,64,0,113,78,30,80" hai3="98,22,37,55,62,56,6,102,34,74,4,126,125"/><T134/><D1/><U52/><E2/><V100/><F113/><W31/><G74/><T18/><D120/><U91/><E116/><V97/><F131/><W88/><G37/><T86/><D41/><U42/><E32/><V82/><F119/><W29/><G34/><T50/><D67/><U122/><E128/><V13/><F0/><W9/><G22/><N who="0" m="11591" /><D124/><N who="3" m="47721" /><G6/><T44/><D50/><U127/><E127/><V115/><F115/><W28/><G102/><T17/><D17/><U57/><E122/><V129/><F129/><W106/><G106/><T96/><D86/><U93/><E110/><V7/><F30/><N who="3" m="7683" /><W109/><DORA hai="69" /><G109/><T85/><D85/><U58/><E123/><V76/><F48/><W10/><G4/><T81/><D81/><U114/><E114/><V23/><F7/><W36/><G36/><T111/><D104/><U68/><E83/><V24/><F5/><W118/><G118/><T75/><D75/><U21/><E21/><V8/><F23/><W135/><G135/><AGARI ba="0,0" hai="44,49,53,94,96,103,108,111,133,134,135" m="11591" machi="135" ten="30,2900,0" yaku="20,1,52,1" doraHai="95,69" who="0" fromWho="3" sc="250,29,250,0,250,0,250,-29" /><INIT seed="0,1,0,1,4,89" ten="279,250,250,221" oya="0" hai0="1,65,37,73,124,83,108,74,120,62,29,17,36" hai1="59,91,96,84,68,54,88,66,42,118,69,128,122" hai2="67,22,82,135,10,6,55,121,100,30,97,63,3" hai3="40,87,79,8,41,86,64,5,130,11,38,60,106"/><T116/><D120/><U35/><E35/><V133/><F121/><W92/><G106/><T75/><D116/><U25/><E66/><V21/><F55/><W77/><G130/><T20/><D1/><U49/><E128/><V78/><F78/><W61/><G38/><T12/><D124/><U98/><E68/><N who="2" m="42111" /><F82/><W81/><G81/><T103/><D108/><U109/><E69/><V123/><F30/><W95/><G64/><T99/><D83/><U28/><E122/><V114/><F114/><W70/><G70/><T32/><D32/><U125/><E125/><V34/><F34/><W76/><G76/><T9/><D29/><U26/><E109/><V102/><F102/><W72/><REACH who="3" step="1"/><G5/><REACH who="3" ten="279,250,250,211" step="2"/><T15/><D65/><U0/><E118/><V132/><F123/><W101/><G101/><T56/><D37/><U52/><E59/><V31/><F31/><W117/><G117/><T112/><D56/><U18/><E28/><V27/><F27/><W104/><G104/><AGARI ba="1,1" hai="3,6,10,21,22,97,100,104,132,133,135" m="42111" machi="104" ten="30,1000,0" yaku="20,1" doraHai="89" who="2" fromWho="3" sc="279,0,250,0,250,23,211,-13" /><INIT seed="1,0,0,1,5,64" ten="279,250,273,198" oya="1" hai0="59,103,29,7,118,94,35,15,3,31,23,78,11" hai1="75,13,81,33,60,32,79,16,38,86,46,40,82" hai2="123,17,102,4,95,117,93,49,34,69,135,50,121" hai3="73,26,22,92,6,97,108,134,66,91,132,45,100"/><U36/><E36/><V19/><F117/><W52/><G108/><T53/><D118/><U85/><E60/><V37/><F37/><W131/><G73/><T1/><D78/><U74/><E74/><V83/><F34/><W44/><G131/><T18/><D1/><U112/><E112/><V56/><F69/><W9/><G66/><T89/><D103/><U20/><REACH who="1" step="1"/><E75/><REACH who="1" ten="279,240,273,198" step="2"/><V10/><F121/><W99/><G134/><T111/><D111/><U106/><E106/><V65/><F123/><W70/><G132/><T113/><D113/><U87/><E87/><V88/><F135/><W63/><G97/><T101/><D35/><U2/><E2/><V90/><F49/><W133/><G133/><T77/><D3/><U14/><E14/><V110/><F50/><W76/><G63/><T120/><D120/><U47/><E47/><V96/><F110/><W61/><G61/><T21/><D15/><U27/><E27/><V124/><F124/><W43/><G26/><T30/><D59/><U71/><E71/><V122/><F122/><W57/><G70/><T119/><D119/><U58/><E58/><V129/><F56/><W8/><G57/><T68/><D68/><U54/><E54/><V104/><F104/><W62/><G52/><T109/><D53/><U48/><E48/><V41/><F129/><W42/><G62/><T128/><D128/><U12/><E12/><V127/><F127/><W24/><G44/><T51/><D51/><U114/><E114/><V126/><F126/><W72/><G45/><T107/><D109/><U84/><E84/><V98/><F65/><RYUUKYOKU ba="0,1" sc="279,-10,240,30,273,-10,198,-10" hai1="13,16,20,32,33,38,40,46,79,81,82,85,86" /><INIT seed="1,1,1,3,0,73" ten="269,270,263,188" oya="1" hai0="120,90,79,12,19,15,122,61,63,26,36,76,33" hai1="102,39,69,4,119,64,21,25,67,111,98,101,59" hai2="84,113,71,80,117,57,133,50,65,107,9,128,103" hai3="72,131,43,28,7,23,11,124,37,14,66,125,8"/><U127/><E39/><V100/><F117/><W85/><G72/><T94/><D36/><U83/><E69/><V17/><F107/><W68/><G131/><T70/><D33/><U112/><E112/><V95/><F128/><W27/><G68/><T121/><D26/><U81/><E119/><V55/><F133/><W10/><G66/><N who="0" m="41295" /><D63/><U87/><E111/><V41/><F113/><W2/><G85/><N who="0" m="52559" /><D15/><U129/><E129/><V75/><F75/><W54/><G54/><T52/><D52/><U109/><E109/><V116/><F116/><W13/><G43/><T45/><D45/><U35/><E35/><V1/><F41/><W0/><G37/><T62/><D62/><U91/><E64/><V82/><F65/><W51/><G51/><T49/><D49/><U38/><E38/><V114/><F71/><W105/><G105/><T104/><D104/><U30/><E59/><V118/><F118/><W108/><G108/><T88/><D88/><N who="1" m="51311" /><E67/><V93/><F1/><N who="3" m="619" /><G7/><T77/><D79/><U5/><E5/><V110/><F110/><W58/><G58/><T16/><D19/><U42/><E4/><V86/><F114/><W74/><G74/><T97/><D97/><U20/><E42/><V99/><F84/><W47/><G47/><T44/><D44/><U22/><E98/><N who="2" m="59487" /><F86/><W78/><G78/><T132/><D132/><U126/><E102/><V92/><F92/><W29/><G29/><T130/><D130/><U6/><E101/><V53/><F53/><W96/><G96/><T3/><D3/><U40/><E40/><V32/><F32/><W46/><G46/><RYUUKYOKU ba="1,1" sc="269,10,270,-30,263,10,188,10" hai0="12,16,76,77,120,121,122" hai2="9,17,50,55,57,80,82,93,99,103" hai3="8,10,11,13,14,23,27,28,124,125" /><INIT seed="2,2,1,5,1,96" ten="279,240,273,198" oya="2" hai0="23,126,108,18,128,127,80,50,98,41,78,76,81" hai1="45,111,114,44,28,5,107,25,129,22,115,68,122" hai2="131,20,82,106,99,110,70,102,120,35,36,12,64" hai3="119,69,47,100,17,11,7,71,61,51,40,87,54"/><V123/><F35/><W75/><G75/><T32/><D32/><U46/><E68/><V30/><F36/><W91/><G119/><T13/><D108/><U27/><E107/><V95/><F110/><W6/><G100/><T48/><D128/><U83/><E111/><V88/><F131/><W65/><G71/><T130/><D130/><U103/><E129/><V39/><F39/><W60/><G60/><T116/><D116/><U66/><E5/><V58/><F70/><W101/><G101/><T3/><D3/><U90/><E103/><V57/><F57/><W10/><G40/><T124/><D98/><U24/><E66/><V97/><F82/><N who="0" m="31850" /><D41/><U33/><E122/><V89/><F89/><W4/><REACH who="3" step="1"/><G17/><REACH who="3" ten="279,240,273,188" step="2"/><T85/><D18/><N who="1" m="12375" /><E90/><V86/><F120/><W53/><G53/><T133/><D127/><U121/><E121/><V42/><F123/><W63/><G63/><T112/><D126/><U93/><E115/><V73/><F73/><W26/><G26/><T79/><D112/><U105/><E114/><V109/><F109/><W117/><G117/><T77/><D124/><U31/><E27/><N who="2" m="16743" /><F42/><W55/><G55/><T67/><D76/><U118/><E25/><V62/><F102/><W21/><G21/><T2/><D23/><U43/><E43/><V56/><F106/><W38/><G38/><T19/><D79/><U14/><E105/><V16/><F58/><W72/><G72/><T9/><D78/><U15/><E118/><V8/><AGARI ba="2,2" hai="8,12,16,56,62,64,86,88,95,97,99" m="16743" machi="8" ten="30,6000,0" yaku="8,1,54,2" doraHai="96" who="2" fromWho="2" sc="279,-22,240,-22,273,86,188,-22" /><INIT seed="2,3,0,4,2,130" ten="257,218,359,166" oya="2" hai0="131,40,19,72,79,112,135,70,92,22,77,83,43" hai1="75,78,55,38,116,125,73,119,111,15,127,106,4" hai2="88,28,25,82,29,93,37,120,35,85,34,66,86" hai3="50,105,13,87,102,39,18,68,31,27,122,118,36"/><V89/><F120/><W45/><G68/><T71/><D112/><U128/><E38/><V62/><F37/><W113/><G122/><T76/><D131/><U60/><E15/><V10/><F10/><W6/><G118/><T12/><D77/><U91/><E4/><V81/><F93/><W0/><G113/><T117/><D117/><U132/><E60/><V53/><F53/><W109/><G109/><T47/><D79/><U44/><E55/><V54/><F54/><W58/><G58/><T48/><D43/><U101/><E44/><V14/><F14/><W98/><G87/><T33/><D33/><U42/><E42/><V23/><F29/><W51/><G51/><T59/><D59/><AGARI ba="3,0" hai="23,25,28,34,35,59,62,66,81,82,85,86,88,89" machi="59" ten="30,5800,0" yaku="7,1,9,1,54,1" doraHai="130" who="2" fromWho="0" sc="257,-67,218,0,359,67,166,0" /><INIT seed="2,4,0,5,0,127" ten="190,218,426,166" oya="2" hai0="51,130,83,33,134,92,115,12,124,120,74,64,69" hai1="40,123,110,39,59,56,22,23,129,71,102,125,45" hai2="50,91,28,14,128,37,48,11,84,9,42,21,32" hai3="10,60,126,99,114,103,132,122,67,111,112,29,57"/><V15/><F37/><W46/><G111/><T94/><D12/><U66/><E22/><V6/><F32/><W70/><G132/><T80/><D51/><U78/><E23/><V73/><F73/><W87/><G126/><T116/><D64/><U0/><E102/><V5/><F128/><W58/><G122/><T49/><D49/><U77/><E78/><V17/><F28/><W100/><G100/><T86/><D86/><U106/><E77/><V81/><F42/><W24/><G10/><T44/><D44/><U18/><E18/><V101/><F101/><W1/><G87/><T95/><D95/><U7/><E106/><V113/><F113/><N who="3" m="43627" /><G46/><T65/><D92/><U90/><E45/><V3/><AGARI ba="4,0" hai="3,5,6,9,11,14,15,17,21,48,50,81,84,91" machi="3" ten="20,2100,0" yaku="0,1,7,1" doraHai="127" who="2" fromWho="2" sc="190,-11,218,-11,426,33,166,-11" /><INIT seed="2,5,0,4,0,102" ten="179,207,459,155" oya="2" hai0="45,63,58,36,134,64,6,8,116,12,113,31,3" hai1="7,99,27,88,2,82,28,57,80,120,87,72,56" hai2="98,95,127,38,47,50,125,92,59,21,67,60,132" hai3="9,68,1,18,55,16,11,135,4,101,52,112,124"/><V97/><F38/><W54/><G135/><T61/><D113/><U13/><E2/><V131/><F21/><W24/><G124/><N who="2" m="47689" /><F131/><W75/><G75/><T110/><D110/><U35/><E120/><V46/><F132/><W119/><G119/><T29/><D134/><U44/><E44/><N who="2" m="16939" /><F50/><W78/><G68/><T26/><D116/><U123/><E123/><V20/><F20/><W49/><G78/><T128/><D128/><U89/><E72/><V76/><F76/><W81/><G81/><T48/><D36/><U74/><E74/><V17/><F17/><W41/><G112/><T85/><D48/><U65/><E82/><V107/><F107/><W96/><G49/><T106/><D106/><U79/><E79/><V83/><F83/><W22/><G41/><T30/><D45/><U104/><E104/><V86/><F86/><W105/><REACH who="3" step="1"/><G9/><REACH who="3" ten="179,207,459,145" step="2"/><T66/><D8/><U91/><E80/><V100/><F60/><W42/><G42/><T130/><D130/><U19/><E57/><V71/><F59/><W73/><G73/><T33/><D61/><U126/><E56/><V37/><F71/><W122/><G122/><T77/><D58/><U109/><E126/><V94/><F37/><W84/><G84/><T10/><D85/><U93/><E87/><V62/><F62/><W90/><G90/><T69/><D77/><U25/><E65/><V108/><F67/><W23/><G23/><T114/><D114/><U133/><E133/><V51/><F51/><W0/><G0/><T40/><D40/><U34/><E91/><V129/><F129/><W111/><G111/><RYUUKYOKU ba="5,1" sc="179,-10,207,-10,459,-10,145,30" hai3="1,4,11,16,18,22,24,52,54,55,96,101,105" /><INIT seed="3,6,1,0,2,102" ten="169,197,449,175" oya="3" hai0="118,105,28,18,90,0,104,26,79,55,134,15,65" hai1="51,39,2,71,73,61,78,89,124,69,63,128,10" hai2="103,112,52,121,95,3,100,106,46,127,80,43,74" hai3="109,72,116,7,24,91,119,53,42,45,23,30,123"/><W84/><G123/><T47/><D0/><U59/><E78/><V58/><F112/><W77/><G109/><T13/><D118/><U66/><E73/><V17/><F106/><W41/><G53/><T83/><D134/><U35/><E35/><V132/><F3/><W98/><G98/><T11/><D65/><U31/><E31/><V94/><F17/><W92/><G7/><T81/><D15/><U40/><E10/><V6/><F95/><W82/><REACH who="3" step="1"/><G41/><REACH who="3" ten="169,197,449,165" step="2"/><T21/><D83/><U117/><E40/><V38/><F6/><W114/><G114/><T93/><D55/><U16/><E117/><V110/><F121/><W49/><AGARI ba="6,2" hai="23,24,30,42,45,49,72,77,82,84,91,92,116,119" machi="49" ten="20,3900,0" yaku="1,1,0,1,7,1,53,0" doraHai="102" doraHaiUra="129" who="3" fromWho="3" sc="169,-19,197,-19,449,-19,165,77" /><INIT seed="3,7,0,1,3,26" ten="150,178,430,242" oya="3" hai0="128,55,106,5,53,111,84,4,109,16,12,66,68" hai1="7,110,20,36,85,32,59,54,19,126,100,94,77" hai2="87,58,30,114,57,81,0,133,69,118,45,15,88" hai3="82,33,117,112,129,50,42,6,61,105,21,41,43"/><W62/><G117/><T121/><D106/><U76/><E32/><V18/><F114/><W64/><G33/><T107/><D107/><U89/><E36/><V135/><F118/><W75/><G105/><T86/><D121/><U52/><E126/><V104/><F0/><W49/><G112/><T65/><D128/><U63/><E110/><N who="0" m="41993" /><D84/><U39/><E39/><V130/><F130/><W17/><G6/><N who="0" m="2667" /><D86/><U91/><E7/><V127/><F127/><W2/><G2/><T46/><D46/><U22/><E100/><V31/><F69/><W9/><G9/><N who="0" m="6159" /><D68/><U48/><E91/><V3/><F3/><W44/><G129/><T40/><D40/><U35/><E35/><V1/><F1/><W72/><G82/><T120/><D120/><U103/><E103/><V51/><F104/><W115/><G115/><T78/><D78/><U119/><E119/><V10/><F57/><W8/><G62/><T37/><D37/><U11/><E77/><V67/><F58/><N who="3" m="36919" /><G72/><T95/><D95/><U79/><E79/><V83/><F83/><W29/><G75/><T56/><D55/><U93/><E93/><V108/><F67/><W71/><G71/><T101/><D101/><U73/><E76/><V96/><F108/><W70/><G70/><T90/><D90/><U60/><E73/><V27/><F81/><W92/><G92/><T99/><D99/><U80/><E94/><V23/><F96/><W131/><G131/><T28/><D28/><U134/><E63/><AGARI ba="7,0" hai="53,56,63,65,66" m="6159,2667,41993" machi="63" ten="30,2000,0" yaku="14,1,54,1" doraHai="26" who="0" fromWho="1" sc="150,41,178,-41,430,0,242,0" owari="191,-21.0,137,-36.0,430,53.0,242,4.0" /></mjloggm>