<mjloggm ver="2.3"><GO type="97" lobby="0"/><UN n0="%E3%82%A6%E3%83%AB%E3%83%88%E3%83%A9%E7%AB%8B%E7%9B%B4" n1="%E8%B1%8A%E5%BE%8C%E6%A4%8E%E8%8C%B8" n2="%E6%9A%B4%E3%82%8C%E3%82%93%E5%9D%8A%E5%B0%8F%E8%BB%8D" n3="%68%61%74%61%6D%61%72%75" dan="15,13,13,13" rate="1993.89,1945.32,1852.47,1815.42" sx="M,M,M,M"/><TAIKYOKU oya="0"/><INIT seed="0,0,0,3,4,88" ten="250,250,250,250" oya="0" hai0="116,112,45,9,130,95,102,7,89,77,50,71,43" hai1="69,124,56,99,17,125,85,1,127,12,106,0,52" hai2="15,117,21,3,122,37,113,103,36,107,54,87,91" hai3="28,72,39,134,4,10,42,80,26,30,132,92,76"/><T97/><D71/><U135/><E69/><V35/><F122/><W23/><G30/><T18/><D116/><U44/><E44/><V93/><F113/><W74/><G74/><T115/><D130/><U110/><E110/><V120/><F120/><W98/><G134/><T59/><D18/><U119/><E119/><V109/><F109/><W20/><G20/><T131/><D131/><U105/><E135/><V57/><F35/><W111/><G111/><T61/><D77/><U68/><E68/><V32/><F32/><W60/><G60/><T82/><D82/><U46/><E46/><V108/><F3/><W24/><G24/><T121/><D121/><U86/><E1/><V47/><F47/><W34/><G132/><T81/><D81/><U40/><E40/><V31/><F117/><W62/><G62/><T78/><D78/><U2/><E2/><V8/><F31/><W84/><G34/><T100/><D112/><U33/><E33/><V51/><F8/><W126/><G126/><T101/><D115/><U75/><E0/><V29/><F29/><W16/><G42/><T66/><D9/><N who="1" m="6287" /><E75/><V38/><F108/><W79/><G39/><T83/><D83/><U118/><E118/><V6/><F6/><AGARI ba="0,0" hai="6,7,43,45,50,59,61,66,89,95,97,100,101,102" machi="6" ten="40,3900,0" yaku="8,1,52,1" doraHai="88" who="0" fromWho="2" sc="250,39,250,0,250,-39,250,0" /><INIT seed="0,1,0,5,5,17" ten="289,250,211,250" oya="0" hai0="46,79,119,33,5,114,92,19,135,100,91,44,115" hai1="131,130,64,21,10,23,15,66,59,125,12,96,45" hai2="86,35,26,43,32,78,87,40,36,71,103,93,13" hai3="134,51,16,11,57,58,41,133,99,77,69,121,31"/><T52/><D33/><U9/><E125/><V82/><F71/><W30/><G69/><T22/><D119/><U105/><E45/><V53/><F35/><W18/><G77/><T27/><D135/><N who="3" m="51721" /><G99/><T4/><D100/><U90/><E59/><N who="3" m="22538" /><G121/><T63/><D79/><U116/><E96/><V124/><F124/><W109/><G109/><T28/><D114/><U107/><REACH who="1" step="1"/><E90/><REACH who="1" ten="289,240,211,250" step="2"/><V42/><F36/><W34/><G34/><T95/><D46/><U20/><E20/><V94/><F32/><W48/><G11/><T106/><D44/><U0/><E0/><V29/><F78/><W117/><G117/><AGARI ba="1,1" hai="9,10,12,15,21,23,64,66,105,107,116,117,130,131" machi="117" ten="25,12000,2" yaku="1,1,22,2,52,2,53,2" doraHai="17" doraHaiUra="7" who="1" fromWho="3" sc="289,0,240,133,211,0,250,-123" /><INIT seed="1,0,0,2,3,54" ten="289,373,211,127" oya="1" hai0="72,98,6,92,88,77,20,74,79,19,43,87,122" hai1="99,8,103,25,50,28,105,133,116,68,7,65,24" hai2="35,70,124,93,128,81,34,110,64,73,120,76,111" hai3="0,102,40,29,125,108,119,1,2,32,42,96,9"/><U57/><E116/><V22/><F120/><W123/><G123/><T82/><D122/><U132/><E68/><V39/><F39/><W129/><G119/><T63/><D6/><U15/><E25/><V69/><F128/><W83/><G129/><T94/><D43/><U84/><E84/><V62/><F124/><W18/><G125/><T127/><D127/><U17/><E17/><V4/><F69/><W27/><G83/><T23/><D23/><U41/><E41/><V53/><F22/><W113/><G108/><N who="2" m="41513" /><F4/><W10/><G113/><T131/><D131/><U130/><E130/><V55/><F93/><W97/><G97/><T126/><D126/><U89/><E89/><V112/><F112/><W109/><G9/><T66/><D94/><U114/><E114/><V85/><F73/><W78/><G78/><T38/><D38/><U91/><E91/><V47/><F47/><W46/><G46/><T80/><D80/><U51/><E51/><V106/><F106/><W115/><G115/><T86/><D79/><U45/><E45/><V121/><F121/><W107/><G109/><T26/><REACH who="0" step="1"/><D74/><REACH who="0" ten="279,373,211,127" step="2"/><U11/><E11/><V33/><AGARI ba="0,1" hai="33,34,35,53,55,62,64,70,76,81,85" m="41513" machi="33" ten="40,1500,0" yaku="14,1" doraHai="54" who="2" fromWho="2" sc="279,-4,373,-7,211,25,127,-4" /><INIT seed="2,0,0,5,2,41" ten="275,366,236,123" oya="2" hai0="64,98,19,1,56,112,39,127,80,114,66,124,130" hai1="33,14,22,133,122,60,61,87,69,16,73,89,125" hai2="83,8,13,132,17,78,131,34,75,126,91,70,31" hai3="7,0,68,47,54,96,119,18,44,103,101,72,5"/><V59/><F70/><W135/><G119/><T85/><D1/><U52/><E73/><V30/><F132/><W27/><G72/><T105/><D39/><U50/><E33/><V12/><F131/><W102/><G68/><T109/><D19/><U20/><E133/><V57/><F126/><N who="0" m="48170" /><D56/><U55/><E122/><V99/><F34/><W3/><G135/><T116/><D64/><U111/><E125/><V36/><F36/><W35/><G96/><T46/><D66/><U82/><E69/><V21/><F59/><W37/><G37/><T51/><D109/><U45/><E111/><V123/><F123/><W10/><G54/><N who="0" m="30071" /><D130/><U25/><E55/><V100/><F91/><W110/><G110/><T93/><D105/><U4/><E4/><V6/><REACH who="2" step="1"/><F57/><REACH who="2" ten="275,366,226,123" step="2"/><W65/><G65/><T81/><D116/><U74/><E74/><V88/><F88/><W63/><G63/><T71/><D71/><U86/><E86/><V90/><F90/><W58/><G58/><T2/><D85/><U121/><E121/><V106/><AGARI ba="0,1" hai="6,8,12,13,17,21,30,31,75,78,83,99,100,106" machi="106" ten="20,3900,0" yaku="1,1,0,1,7,1,53,0" doraHai="41" doraHaiUra="115" who="2" fromWho="2" sc="275,-13,366,-13,226,49,123,-13" /><INIT seed="2,1,0,0,3,18" ten="262,353,275,110" oya="2" hai0="58,28,83,30,9,11,130,81,100,129,110,36,115" hai1="123,111,88,105,75,37,103,1,108,55,33,47,79" hai2="93,78,51,74,8,87,5,31,119,35,133,49,41" hai3="13,89,44,134,52,24,25,113,27,15,0,84,2"/><V19/><F119/><W67/><G67/><T118/><D100/><U63/><E33/><V101/><F133/><W39/><G134/><T121/><D58/><U10/><E123/><V6/><F74/><W38/><G113/><T90/><D36/><U66/><E88/><N who="2" m="53407" /><F31/><W135/><G135/><T126/><D90/><U97/><E111/><V20/><F35/><W68/><G68/><T53/><D53/><U56/><E108/><V54/><F8/><W45/><G39/><T104/><D110/><U98/><E1/><V34/><F34/><W65/><G65/><T122/><D104/><U114/><E114/><V29/><F29/><W26/><N who="3" m="6656" /><DORA hai="21" /><W60/><G38/><T59/><D59/><U17/><E10/><V62/><F101/><W23/><G60/><T42/><D115/><U16/><E98/><V50/><F78/><W107/><G107/><T71/><D71/><U3/><E3/><V106/><F106/><W77/><G77/><T124/><D118/><U125/><E125/><V7/><F41/><AGARI ba="1,0" hai="9,11,28,30,41,42,81,83,121,122,124,126,129,130" machi="41" ten="25,1600,0" yaku="22,2" doraHai="18,21" who="0" fromWho="2" sc="262,19,353,0,275,-19,110,0" /><INIT seed="3,0,0,0,2,51" ten="281,353,256,110" oya="3" hai0="134,18,49,3,79,95,127,56,27,46,11,42,47" hai1="107,8,9,93,48,84,10,129,98,109,103,45,75" hai2="44,90,29,55,53,63,20,126,57,85,120,62,83" hai3="108,19,135,54,72,123,114,105,124,115,118,36,35"/><W88/><G19/><T67/><D127/><U111/><E75/><V131/><F131/><W5/><G88/><T92/><D134/><U14/><E129/><V91/><F126/><W70/><G54/><N who="2" m="20489" /><F120/><W23/><G23/><T25/><D79/><U2/><E2/><V71/><F71/><W96/><G96/><T94/><D47/><U65/><E65/><N who="2" m="39119" /><F44/><W87/><G87/><T28/><D28/><U97/><E84/><N who="2" m="50463" /><F63/><W80/><G80/><T76/><D76/><U31/><E31/><V15/><F29/><W21/><G21/><T64/><D3/><U116/><E116/><V110/><F110/><N who="1" m="41993" /><E48/><V128/><F128/><W74/><G5/><T78/><D78/><U0/><E45/><V4/><F20/><W99/><G99/><T38/><D38/><U125/><E125/><V89/><F85/><W58/><G58/><T33/><D33/><U24/><E24/><N who="0" m="9289" /><D56/><U34/><E34/><V59/><F59/><W106/><G115/><T66/><D66/><U112/><E112/><V52/><N who="2" m="20497" /><V26/><DORA hai="60" /><F26/><W81/><G81/><T133/><D133/><U101/><E0/><V77/><F77/><W102/><G102/><T68/><D68/><U132/><E132/><V73/><F73/><W69/><G74/><T104/><D104/><U40/><E40/><V13/><F13/><AGARI ba="0,0" hai="11,13,18,42,46,49,64,67,92,94,95" m="9289" machi="13" ten="30,3900,0" yaku="8,1,52,2" doraHai="51,60" who="0" fromWho="2" sc="281,39,353,0,256,-39,110,0" /><AGARI ba="0,0" hai="8,9,10,13,14,93,97,98,101,103,107" m="41993" machi="13" ten="30,1000,0" yaku="14,1" doraHai="51,60" who="1" fromWho="2" sc="320,0,353,10,217,-10,110,0" owari="320,12.0,363,46.0,207,-19.0,110,-39.0" /></mjloggm>