<mjloggm ver="2.3"><GO type="97" lobby="0"/><UN n0="%E3%83%A4%E3%83%B3%E3%82%B9%E3%82%B1" n1="%74%6F%6F%66%75" n2="%47%E3%83%BB%47%E5%8A%A0%E8%97%A4" n3="%E3%82%A6%E3%83%AB%E3%83%88%E3%83%A9%E7%AB%8B%E7%9B%B4" dan="15,14,15,15" rate="1957.53,1889.87,1945.87,1989.55" sx="M,M,M,M"/><TAIKYOKU oya="0"/><INIT seed="0,0,0,3,2,80" ten="250,250,250,250" oya="0" hai0="92,84,113,64,68,133,42,53,71,32,1,6,18" hai1="117,118,100,134,60,69,72,4,33,122,34,79,131" hai2="21,90,88,35,2,28,76,8,93,61,49,98,73" hai3="46,101,126,26,82,120,14,102,24,103,19,106,85"/><T22/><D113/><U109/><E122/><V121/><F121/><W127/><G46/><T9/><D32/><N who="1" m="12395" /><E100/><V99/><F35/><W125/><G106/><T40/><D133/><U130/><E4/><V132/><F132/><W74/><G74/><T15/><D53/><U123/><E123/><V104/><F61/><W11/><REACH who="3" step="1"/><G120/><REACH who="3" ten="250,250,250,240" step="2"/><T128/><D128/><U77/><E134/><V135/><F135/><W16/><G16/><T3/><D42/><U7/><E72/><V30/><F104/><W91/><AGARI ba="0,1" hai="11,14,19,24,26,82,85,91,101,102,103,125,126,127" machi="91" ten="40,8000,1" yaku="1,1,0,1,18,1,52,1,53,0" doraHai="80" doraHaiUra="108" who="3" fromWho="3" sc="250,-40,250,-20,250,-20,240,90" /><INIT seed="1,0,0,5,2,65" ten="210,230,230,330" oya="1" hai0="0,118,70,33,34,92,17,114,72,105,5,36,14" hai1="80,113,30,89,132,120,61,103,115,12,135,52,107" hai2="4,90,83,133,59,129,31,95,71,81,57,106,40" hai3="101,134,13,16,75,76,20,41,74,37,10,15,85"/><U38/><E38/><V94/><F106/><W8/><G134/><N who="1" m="51242" /><E120/><V39/><F133/><W116/><G116/><T48/><D105/><U43/><E43/><V44/><F129/><W109/><G109/><T62/><D36/><U55/><E30/><V32/><F4/><W131/><G131/><T79/><D118/><U102/><E12/><V7/><F7/><W58/><G75/><T28/><D114/><N who="1" m="43531" /><E107/><V99/><F71/><W64/><G41/><T78/><D28/><U11/><E11/><V18/><F18/><W123/><G123/><T117/><D117/><U91/><E80/><V68/><F68/><W54/><G10/><T98/><D33/><U110/><E110/><V119/><F119/><W96/><G8/><T124/><D34/><U128/><E61/><V47/><F39/><W23/><G13/><T127/><D14/><U69/><E69/><V122/><F40/><W87/><G37/><T2/><D62/><U49/><E128/><V45/><F122/><W63/><G23/><T25/><D70/><U56/><E55/><V73/><F32/><W29/><G54/><T88/><D0/><U125/><E125/><V93/><F31/><W51/><G29/><T126/><D2/><U19/><E19/><V67/><F83/><N who="3" m="45463" /><G51/><T77/><D48/><U27/><E27/><V82/><F82/><W26/><G26/><T42/><D42/><U6/><E6/><V60/><F81/><W130/><G130/><T121/><D121/><U9/><E9/><V24/><F24/><W21/><G21/><N who="0" m="13487" /><D5/><U22/><E22/><V1/><F60/><W53/><G53/><RYUUKYOKU ba="0,0" sc="210,10,230,10,230,-30,330,10" hai0="72,77,78,79,88,92,98,124,126,127" hai1="49,52,56,89,91,102,103" hai3="15,16,20,58,63,64,85,87,96,101" /><INIT seed="1,1,0,4,5,101" ten="220,240,200,340" oya="1" hai0="85,60,68,91,111,35,130,26,25,84,57,62,80" hai1="55,9,42,127,24,21,18,47,23,112,36,43,56" hai2="98,0,110,38,50,87,117,12,131,95,30,73,92" hai3="32,65,123,104,132,81,2,72,128,126,49,64,7"/><U108/><E112/><V52/><F117/><W129/><G32/><T96/><D130/><N who="3" m="50281" /><G104/><T76/><D111/><U71/><E71/><V83/><F0/><W134/><G123/><T118/><D118/><U75/><E75/><V133/><F38/><W5/><G49/><T48/><D68/><U1/><E43/><V106/><F110/><W67/><G126/><T44/><D96/><U89/><E127/><V34/><F131/><W51/><G51/><T125/><D35/><U11/><E108/><V90/><F133/><N who="3" m="51307" /><G2/><T99/><D125/><U45/><E45/><V120/><F120/><W16/><G16/><T20/><D48/><U79/><E1/><V59/><F12/><W70/><G70/><T100/><D44/><U61/><E79/><AGARI ba="1,0" hai="5,7,64,65,67,72,79,81" m="51307,50281" machi="79" ten="40,2600,0" yaku="19,1,20,1" doraHai="101" who="3" fromWho="1" sc="220,0,240,-29,200,0,340,29" /><INIT seed="2,0,0,2,5,27" ten="220,211,200,369" oya="2" hai0="100,95,120,44,122,18,6,39,5,102,47,60,127" hai1="64,1,115,20,15,72,41,30,14,65,24,36,61" hai2="19,78,57,13,119,3,62,59,12,111,10,4,130" hai3="109,91,76,0,117,42,22,17,68,58,133,32,112"/><V126/><F119/><W63/><G68/><T77/><D77/><U110/><E115/><V123/><F123/><W16/><G32/><T40/><D127/><U21/><E1/><V31/><F126/><W8/><G109/><T93/><D60/><U103/><E110/><V34/><F78/><W51/><G133/><T55/><D40/><U7/><E72/><V29/><F59/><W56/><G117/><T75/><D75/><U97/><E65/><V101/><F111/><W89/><G112/><T105/><D105/><U73/><E73/><V81/><F81/><W82/><G0/><T107/><D107/><U35/><E41/><V108/><F108/><W88/><G8/><T48/><D48/><U53/><E53/><V33/><F101/><W50/><G42/><T90/><D55/><U26/><E36/><V135/><F135/><W9/><G9/><T118/><D118/><U131/><E131/><V99/><F99/><W129/><G129/><T37/><D90/><U70/><E7/><V2/><F57/><N who="3" m="22123" /><G63/><T83/><D83/><U98/><E98/><V134/><F62/><W128/><G128/><T104/><D104/><N who="1" m="63599" /><E21/><N who="2" m="11503" /><F130/><W85/><G17/><AGARI ba="0,0" hai="5,6,17,18,37,39,44,47,93,95,100,102,120,122" machi="17" ten="25,1600,0" yaku="22,2" doraHai="27" who="0" fromWho="3" sc="220,16,211,0,200,0,369,-16" /><AGARI ba="0,0" hai="14,15,17,20,24,26,30,35,61,64,70" m="63599" machi="17" ten="30,2000,0" yaku="25,1,52,1" doraHai="27" who="1" fromWho="3" sc="236,0,211,20,200,0,353,-20" /><INIT seed="3,0,0,0,3,121" ten="236,231,200,333" oya="3" hai0="24,96,81,61,34,40,103,21,105,20,2,89,100" hai1="79,109,113,11,41,58,91,87,98,94,9,17,74" hai2="42,33,130,125,50,45,135,73,112,99,0,126,59" hai3="76,71,6,65,93,23,1,14,75,62,67,120,7"/><W39/><G67/><T44/><D2/><U47/><E113/><V102/><F0/><W66/><G66/><T30/><D100/><U129/><E129/><V54/><F33/><W43/><G93/><T123/><D123/><U13/><E74/><V63/><F112/><W8/><G7/><T128/><D128/><U35/><E35/><V80/><F130/><W101/><G14/><T26/><D26/><U84/><E58/><V108/><F135/><W70/><G23/><T56/><D89/><U72/><E72/><V10/><F10/><W3/><G101/><T116/><D81/><U16/><E79/><V64/><F80/><N who="3" m="45087" /><G1/><T104/><D104/><U133/><E133/><V69/><F73/><W95/><G95/><T46/><D46/><U12/><REACH who="1" step="1"/><E109/><REACH who="1" ten="236,221,200,333" step="2"/><V48/><F102/><W36/><G120/><T119/><D34/><U97/><E97/><V55/><F99/><W53/><G70/><T131/><D131/><U78/><E78/><V22/><F22/><W49/><G71/><T92/><D21/><U68/><E68/><V114/><F114/><W27/><G8/><T127/><D105/><U88/><E88/><V115/><F115/><W29/><G3/><T37/><REACH who="0" step="1"/><D127/><REACH who="0" ten="226,221,200,333" step="2"/><N who="2" m="48650" /><F108/><W28/><G27/><T132/><D132/><U15/><E15/><V90/><F90/><W117/><G28/><T38/><D38/><AGARI ba="0,2" hai="9,11,12,13,16,17,38,41,47,84,87,91,94,98" machi="38" ten="30,7700,0" yaku="1,1,7,1,9,1,54,1,53,0" doraHai="121" doraHaiUra="111" who="1" fromWho="0" sc="226,-77,221,97,200,0,333,0" owari="149,-35.0,318,12.0,200,-20.0,333,43.0" /></mjloggm>