<mjloggm ver="2.3"><GO type="97" lobby="0"/><UN n0="%E6%98%93%E5%88%A9%E8%96%A9%E4%BC%AF" n1="%E6%8C%AF%E8%BE%BC%E3%81%BF%E4%B9%99%E3%81%A7%E3%81%99" n2="%E3%82%A6%E3%83%AB%E3%83%88%E3%83%A9%E7%AB%8B%E7%9B%B4" n3="%E3%82%B5%E3%83%95%E3%82%A1%E3%82%A4%E3%82%A2%E2%98%85%E5%A7%AB" dan="14,15,15,15" rate="1945.73,1932.78,2021.21,1956.61" sx="F,M,M,F"/><TAIKYOKU oya="0"/><INIT seed="0,0,0,1,1,126" ten="250,250,250,250" oya="0" hai0="89,53,29,81,83,74,18,2,26,99,28,122,32" hai1="1,55,129,114,0,12,51,110,68,72,127,132,97" hai2="61,62,98,54,16,111,15,76,33,63,45,106,19" hai3="104,118,67,6,101,78,22,4,52,112,64,96,84"/><T130/><D122/><U117/><RYUUKYOKU type="yao9" ba="0,0" sc="250,0,250,0,250,0,250,0" hai1="0,1,12,51,55,68,72,97,110,114,117,127,129,132" /><INIT seed="0,1,0,0,5,100" ten="250,250,250,250" oya="0" hai0="123,22,61,21,99,27,64,87,104,46,66,34,105" hai1="83,103,14,88,101,20,94,2,43,7,93,71,1" hai2="92,10,51,113,106,121,37,6,130,85,96,79,17" hai3="90,48,33,15,133,122,86,8,82,25,128,32,134"/><T115/><D123/><U62/><E1/><V13/><F37/><W97/><G122/><T131/><D115/><U109/><E2/><V30/><F113/><W67/><G67/><T31/><D131/><U114/><E114/><V75/><F75/><W28/><G128/><T55/><D66/><U59/><E71/><V35/><F130/><W89/><G33/><T116/><D116/><U47/><E109/><V52/><F121/><W91/><G48/><T56/><D87/><N who="1" m="50303" /><E43/><V36/><F36/><W111/><G111/><T54/><D54/><N who="1" m="34167" /><E47/><V45/><F35/><W78/><REACH who="3" step="1"/><G97/><REACH who="3" ten="250,250,250,240" step="2"/><T95/><D64/><U18/><E7/><AGARI ba="1,1" hai="7,8,15,25,28,32,78,82,86,89,90,91,133,134" machi="7" ten="40,2600,0" yaku="1,1,2,1,53,0" doraHai="100" doraHaiUra="108" who="3" fromWho="1" sc="250,0,250,-29,250,0,240,39" /><INIT seed="1,0,0,3,5,20" ten="250,221,250,279" oya="1" hai0="89,7,121,87,49,50,125,75,17,32,126,15,55" hai1="96,119,8,107,80,29,95,120,72,14,91,42,77" hai2="74,69,19,41,68,94,131,78,52,57,4,90,22" hai3="61,82,67,2,117,37,28,109,30,113,38,81,16"/><U53/><E120/><V63/><F131/><W54/><G113/><T34/><D75/><U9/><E119/><V65/><F4/><W127/><G117/><T11/><D121/><U106/><E42/><V13/><F41/><W3/><G54/><T111/><D111/><U129/><E129/><V18/><F78/><W21/><G109/><T58/><D50/><U130/><E130/><V99/><F74/><W12/><G127/><N who="0" m="48651" /><D7/><U25/><E53/><V133/><F133/><W71/><G82/><AGARI ba="0,0" hai="11,15,17,32,34,49,55,58,82,87,89" m="48651" machi="82" ten="30,1000,0" yaku="18,1" doraHai="20" who="0" fromWho="3" sc="250,10,221,0,250,0,279,-10" /><INIT seed="2,0,0,3,2,104" ten="260,221,250,269" oya="2" hai0="36,6,50,134,103,25,98,83,101,26,96,57,24" hai1="130,65,79,73,9,18,107,71,94,109,64,93,54" hai2="46,121,131,47,22,48,61,86,11,75,84,66,14" hai3="56,4,82,111,135,16,78,70,124,68,117,45,51"/><V115/><F115/><W114/><G111/><T110/><D36/><U29/><E29/><V21/><F121/><W125/><G114/><T0/><D110/><U74/><E109/><V44/><F75/><W41/><G117/><T20/><D0/><U15/><E107/><V42/><F131/><W53/><G4/><T1/><D1/><U7/><E130/><V102/><F102/><N who="0" m="38922" /><D6/><U108/><E108/><V89/><F22/><W38/><G16/><N who="0" m="12295" /><D83/><U17/><E54/><V90/><F21/><W19/><G19/><T34/><D34/><U23/><E18/><V30/><F30/><W92/><G92/><T129/><D134/><U81/><E94/><V119/><F119/><W28/><G28/><T69/><D69/><U91/><E71/><V113/><F113/><W133/><G82/><T95/><D129/><U85/><REACH who="1" step="1"/><E74/><REACH who="1" ten="260,211,250,269" step="2"/><V55/><F55/><W122/><G135/><T116/><D116/><U118/><E118/><V97/><F14/><AGARI ba="0,1" hai="7,9,14,15,17,23,64,65,73,79,81,85,91,93" machi="14" ten="30,7700,0" yaku="1,1,7,1,52,1,53,1" doraHai="104" doraHaiUra="106" who="1" fromWho="2" sc="260,0,211,87,250,-77,269,0" /><INIT seed="3,0,0,5,2,4" ten="260,298,173,269" oya="3" hai0="91,56,66,68,94,48,40,95,14,122,108,65,86" hai1="39,70,36,88,27,13,26,64,41,114,45,61,29" hai2="57,25,102,49,74,127,129,125,30,7,59,19,80" hai3="71,118,17,62,2,105,111,51,131,75,22,53,116"/><W16/><G2/><T43/><D122/><U130/><E114/><V0/><F102/><W33/><G33/><T67/><D68/><U123/><E123/><V6/><F80/><W69/><G118/><T9/><D108/><U63/><E130/><V121/><F74/><W50/><G116/><T34/><D34/><U119/><E119/><V126/><F49/><W32/><G32/><T99/><D56/><U28/><E29/><V52/><F121/><W93/><G131/><T96/><D48/><U47/><E13/><V77/><F77/><W38/><G105/><T73/><D73/><U72/><E72/><V103/><F103/><W20/><G38/><T60/><D60/><U117/><E117/><V54/><F129/><W21/><G75/><T15/><D15/><U31/><E88/><V44/><F19/><W58/><G111/><T112/><D112/><U89/><E89/><V115/><F115/><W83/><G83/><T35/><D35/><U85/><E85/><V98/><F98/><N who="0" m="37418" /><D95/><U46/><E61/><V135/><F135/><W10/><G71/><T134/><D134/><U104/><E104/><V24/><F44/><W124/><G69/><T55/><D55/><N who="2" m="21034" /><F30/><N who="1" m="11305" /><E36/><V100/><F100/><W110/><G110/><T12/><D12/><U113/><E113/><V90/><F90/><W120/><G120/><T42/><D42/><U132/><E132/><V1/><F1/><W84/><G51/><T128/><D128/><U106/><E106/><V37/><F37/><W92/><G50/><T23/><D23/><U5/><E5/><AGARI ba="0,0" hai="5,9,14,40,43,65,66,67,86,91,94" m="37418" machi="5" ten="30,2000,0" yaku="8,1,52,1" doraHai="4" who="0" fromWho="1" sc="260,20,298,-20,173,0,269,0" /><INIT seed="4,0,0,2,2,77" ten="280,278,173,269" oya="0" hai0="27,48,40,134,26,46,73,104,30,129,32,47,72" hai1="121,116,105,135,20,97,28,35,4,70,90,89,50" hai2="98,133,38,95,16,9,49,23,99,60,83,106,123" hai3="15,108,71,37,14,33,62,59,113,11,79,29,1"/><T44/><D104/><U130/><E121/><V92/><F38/><W69/><G108/><T112/><D112/><U74/><E116/><V86/><F123/><W22/><G37/><T53/><D129/><U24/><E130/><V115/><F115/><W19/><G113/><T109/><D134/><U85/><E74/><V81/><F133/><W67/><G79/><T3/><D3/><U93/><E135/><V128/><F106/><W87/><G87/><T107/><D107/><U43/><E70/><V119/><F119/><W18/><G18/><T122/><D109/><U132/><E4/><V8/><F49/><W101/><G101/><T42/><D27/><U120/><E120/><V94/><F60/><W13/><G13/><T88/><D42/><U21/><E132/><V51/><F51/><W103/><G15/><T63/><D63/><U17/><E105/><V82/><F86/><W114/><G103/><T110/><D44/><N who="1" m="25887" /><E35/><V56/><F56/><W54/><G67/><T102/><D110/><U36/><E36/><V7/><F128/><W91/><G114/><T84/><D72/><U127/><E127/><V124/><F124/><W111/><G111/><T68/><D122/><U52/><E28/><V125/><F125/><W117/><G117/><T31/><D31/><U39/><E39/><V126/><F126/><W6/><G91/><T80/><D102/><U34/><E34/><V55/><F55/><W64/><G64/><T2/><D73/><U5/><E90/><V75/><F75/><W10/><G10/><N who="2" m="4201" /><F7/><W65/><G65/><T66/><D66/><U96/><E5/><RYUUKYOKU ba="0,0" sc="280,-15,278,-15,173,15,269,15" hai2="16,23,81,82,83,92,94,95,98,99" hai3="1,6,11,14,19,22,29,33,54,59,62,69,71" /><INIT seed="5,1,0,1,1,123" ten="265,263,188,284" oya="1" hai0="33,116,69,73,52,71,42,11,134,120,113,106,28" hai1="17,48,23,91,34,36,55,100,77,76,41,56,84" hai2="121,130,110,105,35,43,29,119,24,19,62,18,125" hai3="101,103,90,79,127,25,27,86,21,47,45,97,2"/><U124/><E34/><V66/><F121/><W58/><G2/><T59/><D116/><U20/><E124/><V0/><F119/><W54/><G127/><T51/><D106/><U49/><E36/><V3/><F125/><W15/><G79/><T118/><D118/><U65/><E100/><N who="3" m="38474" /><G97/><T83/><D42/><U112/><E112/><V81/><F105/><W78/><G78/><T98/><D98/><U87/><E23/><V10/><F81/><N who="3" m="49487" /><G15/><T8/><D83/><N who="1" m="49567" /><E65/><V4/><F130/><W132/><G132/><T22/><D73/><U6/><E87/><V95/><F3/><W135/><G135/><T26/><D134/><U108/><E108/><V16/><F95/><W115/><G115/><T60/><D113/><U92/><E92/><V129/><F129/><W13/><G13/><T99/><D99/><U37/><E37/><V104/><F104/><W5/><G5/><T109/><D109/><U38/><E6/><V89/><F89/><W72/><G72/><T57/><D33/><U46/><E38/><V68/><REACH who="2" step="1"/><F43/><REACH who="2" ten="265,263,178,284" step="2"/><W122/><G122/><T88/><D88/><U96/><E96/><V67/><F67/><W133/><G133/><T50/><D120/><U82/><E82/><V44/><F44/><N who="3" m="16971" /><G21/><T102/><D102/><U9/><E9/><V94/><F94/><W70/><G70/><N who="0" m="26635" /><D11/><U85/><E85/><V107/><F107/><W75/><G75/><T131/><D8/><U128/><E128/><V30/><F30/><W126/><G126/><T80/><D131/><U111/><E41/><V14/><F14/><W32/><G32/><T53/><D80/><RYUUKYOKU ba="1,1" sc="265,10,263,-30,178,10,284,10" hai0="22,26,28,50,51,52,53,57,59,60" hai2="0,4,10,16,18,19,24,29,35,62,66,68,110" hai3="25,27,54,58" /><INIT seed="6,2,1,1,2,80" ten="275,233,188,294" oya="2" hai0="79,117,130,64,90,76,125,107,113,74,4,81,23" hai1="0,21,83,128,92,1,119,115,18,96,111,59,91" hai2="56,110,98,51,75,71,86,38,25,132,116,134,42" hai3="122,87,77,70,26,20,62,133,99,15,36,9,63"/><V67/><F75/><W72/><G72/><T88/><D64/><U121/><E119/><V16/><F116/><W114/><G122/><T14/><D117/><U30/><E30/><V39/><F98/><W124/><G36/><T45/><D107/><U53/><E111/><V94/><F110/><W52/><G124/><T55/><D79/><U112/><E128/><V100/><F100/><W93/><G133/><N who="2" m="51305" /><F71/><W78/><G70/><T28/><D113/><N who="1" m="43595" /><E121/><V82/><F94/><W73/><G73/><T7/><D125/><U131/><E83/><V50/><F42/><W8/><G8/><T24/><D130/><U54/><E131/><V120/><F120/><W129/><G129/><T31/><D81/><U109/><E109/><V40/><F40/><W66/><G114/><T5/><D76/><U85/><E96/><V102/><F102/><W105/><G105/><T69/><D69/><U97/><E97/><V106/><F106/><W103/><G66/><T33/><D74/><U22/><E1/><V32/><F32/><W123/><G123/><T68/><D68/><U65/><E0/><V95/><F95/><W37/><G37/><N who="2" m="13833" /><F67/><W11/><G99/><T41/><D41/><U58/><E65/><V47/><F47/><W27/><G103/><T6/><D45/><U84/><E92/><V89/><F56/><N who="1" m="21545" /><E54/><V49/><F49/><W57/><G93/><T104/><D55/><U29/><E53/><V44/><F44/><W12/><G52/><T34/><D104/><U118/><E118/><V60/><F60/><W2/><G57/><T101/><D101/><U127/><E127/><RYUUKYOKU ba="2,1" sc="275,-10,233,-10,188,30,294,-10" hai2="16,25,50,51,82,86,89" /><INIT seed="6,3,1,0,1,54" ten="265,223,218,284" oya="2" hai0="112,74,58,56,116,31,132,60,135,79,26,86,0" hai1="1,113,88,13,115,126,14,30,65,3,122,28,8" hai2="47,85,61,84,77,129,2,5,34,123,44,11,48" hai3="111,37,117,131,73,80,108,109,103,33,27,93,24"/><V72/><F34/><W82/><G117/><T118/><D112/><N who="1" m="43083" /><E65/><V21/><F123/><W100/><G37/><T63/><D74/><U95/><E122/><V128/><F72/><W121/><G121/><T49/><D0/><N who="1" m="75" /><E126/><V62/><F21/><W46/><G73/><T75/><D75/><U64/><E64/><V52/><F47/><W19/><G46/><T119/><D49/><U114/><N who="1" m="43091" /><U67/><DORA hai="127" /><E67/><V83/><REACH who="2" step="1"/><F85/><REACH who="2" ten="265,223,208,284" step="2"/><W10/><G33/><N who="0" m="20727" /><D86/><N who="1" m="52631" /><E14/><V7/><F7/><AGARI ba="3,2" hai="7,8,13,28,30" m="52631,75,43091" machi="7" ten="40,2600,0" yaku="15,1,54,1" doraHai="54,127" who="1" fromWho="2" sc="265,0,223,55,208,-35,284,0" /><INIT seed="7,0,0,0,1,64" ten="265,278,173,284" oya="3" hai0="39,17,75,97,124,89,69,55,109,3,107,104,47" hai1="28,108,43,53,2,24,19,126,58,46,114,99,51" hai2="130,37,115,20,76,49,118,23,35,90,1,85,21" hai3="73,134,7,131,112,129,92,88,65,70,128,72,121"/><W10/><G121/><T38/><D3/><U111/><E2/><V11/><F35/><W15/><G134/><T61/><D75/><U71/><E71/><V48/><F37/><W127/><G112/><T110/><D124/><U9/><E114/><V96/><F115/><W6/><G127/><T34/><D34/><U93/><E126/><V32/><F32/><W13/><G70/><T56/><D104/><U80/><E28/><V106/><F118/><W117/><G65/><N who="0" m="41135" /><D17/><U116/><E116/><V60/><F130/><W86/><G117/><T82/><D82/><U123/><E123/><V133/><F133/><W33/><G33/><T91/><D38/><U74/><E74/><N who="3" m="28778" /><G6/><T94/><D91/><U67/><E67/><V103/><F76/><W62/><G62/><T4/><D107/><U105/><E105/><V100/><F100/><W50/><G50/><N who="0" m="30839" /><D4/><U42/><E80/><V119/><F119/><W102/><G102/><T120/><D120/><U122/><E122/><V18/><F60/><W83/><G83/><T135/><D135/><U16/><E9/><V29/><F29/><W5/><G5/><T14/><D14/><AGARI ba="0,0" hai="7,10,13,14,15,86,88,92,128,129,131" m="28778" machi="14" ten="40,3900,0" yaku="19,1,54,1" doraHai="64" who="3" fromWho="0" sc="265,-39,278,0,173,0,284,39" owari="226,-17.0,278,8.0,173,-33.0,323,42.0" /></mjloggm>