<mjloggm ver="2.3"><GO type="97" lobby="0"/><UN n0="%46%72%65%65%2D%53" n1="%6A%61%76%65%6C%69%6E" n2="%6D%6A%E3%83%8F%E3%83%AB" n3="%E3%82%A6%E3%83%AB%E3%83%88%E3%83%A9%E7%AB%8B%E7%9B%B4" dan="14,13,13,15" rate="1970.42,1827.67,1932.03,1967.48" sx="M,M,M,M"/><TAIKYOKU oya="0"/><INIT seed="0,0,0,0,1,82" ten="250,250,250,250" oya="0" hai0="25,105,97,10,99,77,79,114,51,134,117,50,2" hai1="24,130,124,126,12,70,63,13,56,108,45,28,7" hai2="9,122,67,112,35,73,121,71,20,72,80,17,115" hai3="34,21,81,62,132,5,92,87,102,110,104,8,26"/><T64/><D117/><U46/><E70/><V61/><F35/><W47/><G110/><T133/><D64/><U22/><E108/><V44/><F9/><W49/><G34/><T43/><D25/><U58/><E130/><V18/><F44/><W91/><G132/><N who="0" m="50795" /><D114/><U38/><E38/><V0/><F0/><W41/><G62/><T120/><D120/><U66/><E56/><V85/><F73/><W6/><G104/><T78/><D105/><U11/><REACH who="1" step="1"/><E12/><REACH who="1" ten="250,240,250,250" step="2"/><V76/><F72/><W69/><G69/><T27/><D27/><U19/><E19/><V100/><F18/><W119/><G119/><T42/><D2/><U109/><E109/><V84/><F115/><W30/><G8/><T53/><D10/><U94/><E94/><V1/><F1/><W75/><G6/><T14/><D14/><U95/><E95/><V54/><F112/><W68/><G5/><T40/><D53/><U15/><E15/><V31/><F54/><W118/><G68/><T89/><D89/><U3/><E3/><V65/><F100/><W16/><G118/><T33/><D33/><U4/><E4/><V52/><F52/><W98/><G75/><T36/><D36/><U106/><E106/><V39/><F39/><W32/><G32/><T83/><D83/><U113/><E113/><V37/><F37/><W23/><G21/><T129/><D129/><U127/><AGARI ba="0,1" hai="7,11,13,22,24,28,45,46,58,63,66,124,126,127" machi="127" ten="30,7900,0" yaku="1,1,0,1,18,1,53,1" doraHai="82" doraHaiUra="59" who="1" fromWho="1" sc="250,-39,240,89,250,-20,250,-20" /><INIT seed="1,0,0,3,2,34" ten="211,329,230,230" oya="1" hai0="120,14,121,66,43,86,46,125,102,11,12,45,97" hai1="113,98,94,79,64,60,112,10,9,88,106,20,73" hai2="7,57,91,109,36,128,58,24,100,116,40,126,131" hai3="135,83,75,31,8,68,129,29,21,50,39,27,62"/><U15/><E106/><V103/><F116/><W123/><G39/><T132/><D66/><U42/><E42/><V80/><F40/><W70/><G123/><N who="0" m="47179" /><D125/><U76/><E73/><V33/><F36/><W118/><G50/><N who="0" m="26943" /><D46/><U92/><E113/><V127/><F7/><W47/><G47/><T16/><D86/><U82/><E112/><V63/><F109/><W90/><G62/><T107/><D14/><U93/><E20/><V26/><F80/><W51/><G51/><T115/><D115/><U61/><E82/><V130/><F91/><W104/><G83/><T59/><D59/><N who="1" m="36895" /><E61/><V72/><F72/><W133/><G75/><T55/><D55/><U13/><E13/><V99/><F63/><W111/><G70/><T37/><D37/><U69/><E69/><V65/><F65/><W77/><G68/><T87/><D87/><N who="1" m="52255" /><E10/><V25/><F33/><W89/><G8/><T95/><D107/><U35/><E35/><V1/><F1/><W49/><G104/><T67/><D67/><U122/><E122/><V6/><F6/><W74/><G49/><T119/><D119/><U71/><E71/><V105/><REACH who="2" step="1"/><F103/><REACH who="2" ten="211,329,220,230" step="2"/><W96/><G118/><T108/><D108/><U48/><E48/><V28/><F28/><W22/><G111/><T3/><D3/><U38/><E38/><V23/><F23/><W56/><G22/><T5/><D5/><N who="1" m="3503" /><E94/><V17/><F17/><W19/><G19/><T101/><D102/><AGARI ba="0,1" hai="76,79,93,98,102" m="3503,52255,36895" machi="102" ten="30,2900,0" yaku="8,1,54,1" doraHai="34" who="1" fromWho="0" sc="211,-29,329,39,220,0,230,0" /><INIT seed="1,1,0,4,1,87" ten="182,368,220,230" oya="1" hai0="73,59,46,115,43,35,68,75,38,42,67,2,70" hai1="80,128,95,86,110,118,51,44,101,91,31,111,66" hai2="5,17,131,28,112,102,10,99,7,36,120,37,114" hai3="121,0,117,14,55,129,24,105,97,135,88,50,133"/><U122/><E122/><V48/><F120/><W100/><G0/><T3/><D115/><N who="2" m="44074" /><F28/><W21/><G14/><T20/><D20/><U53/><E118/><V33/><F33/><W107/><G121/><T54/><D35/><U47/><E128/><V69/><F69/><W9/><G9/><T56/><D54/><U49/><E66/><V116/><F116/><W57/><G129/><T89/><D67/><U77/><E31/><V39/><F48/><W58/><G58/><T125/><D46/><U81/><E101/><V132/><F131/><W98/><G117/><T61/><D61/><U103/><E103/><V130/><F130/><W83/><G107/><T65/><D65/><U85/><REACH who="1" step="1"/><E95/><REACH who="1" ten="182,358,220,230" step="2"/><N who="2" m="58751" /><F132/><W8/><G133/><T113/><D113/><U123/><E123/><V1/><F5/><W25/><G135/><T60/><D125/><U82/><E82/><V90/><F90/><W19/><G100/><T22/><D89/><U78/><E78/><V13/><F39/><W71/><G105/><T11/><D38/><U4/><E4/><V94/><F94/><W72/><G88/><T34/><D70/><U79/><E79/><V18/><F18/><W32/><G71/><T63/><D68/><U127/><E127/><V74/><F74/><W23/><G83/><T76/><D76/><U134/><E134/><V26/><F1/><W45/><G72/><T27/><D3/><U126/><E126/><V92/><F92/><W52/><G19/><T108/><D2/><U96/><E96/><V6/><F6/><W16/><G97/><T15/><D73/><U119/><E119/><RYUUKYOKU ba="1,1" sc="182,-15,358,15,220,15,230,-15" hai1="44,47,49,51,53,77,80,81,85,86,91,110,111" hai2="7,10,13,17,26,36,37" /><INIT seed="1,2,1,1,3,43" ten="167,373,235,215" oya="1" hai0="94,118,32,33,44,41,52,51,60,108,107,109,6" hai1="46,124,12,128,54,8,4,95,45,77,106,70,102" hai2="127,39,58,42,129,50,130,35,131,115,61,105,114" hai3="21,29,112,48,22,36,125,1,119,86,3,14,120"/><U23/><E70/><V7/><F105/><W34/><G36/><T110/><D107/><U123/><E123/><V97/><F97/><W49/><G120/><T15/><D118/><U28/><E106/><V57/><F35/><W0/><G112/><N who="2" m="43049" /><F7/><W25/><G119/><T84/><D6/><U116/><E116/><V81/><F81/><W132/><G125/><T111/><N who="0" m="28160" /><DORA hai="135" /><T103/><D15/><U37/><E37/><V113/><F113/><W99/><G132/><T82/><D103/><U72/><E72/><V93/><F93/><W30/><G99/><T75/><D94/><U79/><E128/><V92/><F92/><W20/><G86/><T5/><D5/><U80/><E124/><V31/><F31/><N who="3" m="19823" /><G49/><N who="0" m="26767" /><D60/><U38/><E38/><V121/><F121/><W53/><G3/><T90/><D75/><U63/><E95/><V83/><F83/><W96/><G1/><T55/><D55/><U122/><E80/><V117/><F117/><W85/><G0/><T16/><D16/><U101/><E122/><V68/><F127/><W27/><G53/><T78/><D78/><N who="1" m="29707" /><E54/><V104/><F104/><W87/><G30/><T24/><D24/><N who="1" m="16415" /><E63/><V64/><F39/><W91/><G29/><T59/><AGARI ba="2,1" hai="32,33,51,52,59,82,84,90" m="26767,28160" machi="59" ten="60,7900,0" yaku="14,1,52,1,54,1" doraHai="43,135" who="0" fromWho="0" sc="167,95,373,-41,235,-22,215,-22" /><INIT seed="2,0,0,0,4,85" ten="262,332,213,193" oya="2" hai0="78,39,72,134,1,33,59,9,6,86,104,74,114" hai1="43,17,7,111,44,68,20,42,123,13,64,41,37" hai2="27,10,55,2,116,131,122,69,40,103,75,14,45" hai3="63,5,84,31,58,80,57,89,30,0,82,125,23"/><V19/><F122/><W115/><G125/><T26/><D104/><U46/><E123/><V109/><F116/><W36/><G36/><T77/><D114/><U61/><E111/><V108/><F75/><W126/><G126/><T102/><D86/><U53/><E7/><V38/><F69/><W51/><G115/><T99/><D59/><U65/><E65/><V29/><F2/><W127/><G127/><T34/><D134/><U87/><E87/><V28/><F103/><W106/><G106/><T16/><D39/><U8/><E37/><V3/><F3/><W76/><G5/><T81/><D16/><U130/><E130/><V22/><F131/><W124/><G0/><T133/><D26/><U11/><E53/><V113/><F113/><W90/><G124/><T50/><D50/><U49/><REACH who="1" step="1"/><E44/><REACH who="1" ten="262,322,213,193" step="2"/><V66/><F66/><W48/><G84/><T110/><D110/><N who="2" m="42602" /><F55/><W132/><G132/><T15/><D133/><U62/><E62/><V101/><F101/><W79/><G63/><T121/><D121/><U88/><E88/><V83/><F83/><W96/><G96/><T120/><D120/><U95/><E95/><V73/><F73/><N who="0" m="28266" /><D81/><U25/><E25/><V100/><F100/><W12/><G12/><T71/><D15/><U4/><E4/><AGARI ba="0,1" hai="4,10,14,19,22,27,28,29,38,40,45" m="42602" machi="4" ten="30,2900,0" yaku="14,1,10,1" doraHai="85" who="2" fromWho="1" sc="262,0,322,-29,213,39,193,0" /><INIT seed="2,1,0,3,1,39" ten="262,293,252,193" oya="2" hai0="34,38,33,117,37,78,47,35,13,28,108,89,82" hai1="32,71,121,81,17,128,27,118,131,68,99,7,29" hai2="46,14,120,36,107,4,113,98,88,60,49,87,100" hai3="123,91,124,11,103,61,94,40,63,126,70,115,93"/><V77/><F120/><W85/><G123/><T57/><D89/><U110/><E121/><V52/><F113/><W111/><G11/><T127/><D57/><U66/><E118/><V106/><F77/><W75/><G75/><T20/><D127/><N who="3" m="48681" /><G111/><T6/><D108/><U8/><E110/><V65/><F36/><W84/><G115/><T119/><D6/><U69/><E66/><V31/><F31/><W105/><G70/><T23/><D13/><U95/><E81/><V79/><F79/><W72/><G72/><T24/><D23/><U50/><E50/><V44/><F44/><W76/><G63/><T55/><D55/><U104/><E17/><V5/><F14/><W74/><G61/><T96/><D96/><U62/><E62/><V1/><F107/><W16/><G16/><T43/><REACH who="0" step="1"/><D38/><REACH who="0" ten="252,293,252,193" step="2"/><U22/><E22/><V122/><F122/><W42/><G76/><T92/><D92/><U53/><E53/><V135/><F1/><W21/><G21/><T59/><D59/><U45/><E45/><V132/><F60/><W109/><G109/><T130/><D130/><U58/><E58/><V114/><F65/><W10/><G10/><T116/><D116/><U41/><E41/><N who="3" m="15978" /><G74/><AGARI ba="1,1" hai="20,24,28,33,34,35,37,43,47,74,78,82,117,119" machi="74" ten="40,2600,0" yaku="1,1,52,1,53,0" doraHai="39" doraHaiUra="12" who="0" fromWho="3" sc="252,39,293,0,252,0,193,-29" /><INIT seed="3,0,0,1,3,67" ten="291,293,252,164" oya="3" hai0="3,2,114,77,25,100,81,21,84,75,4,113,104" hai1="102,58,85,23,50,124,43,79,92,54,133,116,8" hai2="95,53,71,0,109,22,18,42,59,72,107,96,10" hai3="87,13,46,48,123,20,128,11,105,83,125,118,126"/><W121/><G105/><T101/><D4/><U30/><E124/><N who="3" m="47722" /><G118/><T90/><D101/><U88/><E133/><V68/><F107/><W16/><G20/><T129/><D129/><U65/><E116/><V115/><F72/><W64/><G64/><T82/><D100/><U33/><E33/><V36/><F115/><N who="0" m="44042" /><D104/><U55/><E79/><V6/><F42/><N who="3" m="24663" /><G128/><T86/><D75/><U63/><E8/><V32/><F36/><W9/><G9/><T76/><D77/><AGARI ba="0,0" hai="11,13,16,77,83,87,121,123" m="24663,47722" machi="77" ten="30,2900,0" yaku="18,1,54,1" doraHai="67" who="3" fromWho="0" sc="291,-29,293,0,252,0,164,29" /><INIT seed="3,1,0,1,4,74" ten="262,293,252,193" oya="3" hai0="34,53,60,104,107,126,116,56,121,75,28,88,106" hai1="134,92,128,132,89,123,62,124,80,49,113,71,15" hai2="3,103,17,40,130,4,67,6,110,18,129,52,41" hai3="44,93,83,8,91,22,32,2,25,109,43,50,96"/><W68/><G68/><T19/><D121/><U23/><E123/><V95/><F67/><W54/><G32/><T69/><D116/><U11/><E113/><V70/><F70/><W133/><G109/><T20/><D75/><U87/><E124/><V66/><F66/><W98/><G133/><N who="1" m="51306" /><E128/><V86/><F110/><W135/><G135/><T39/><D69/><U94/><E71/><V117/><F117/><W42/><G98/><T5/><D39/><U79/><E62/><V47/><F52/><W38/><G38/><T48/><D5/><N who="2" m="2154" /><F3/><W102/><G2/><T51/><D126/><U10/><E49/><V120/><F120/><W26/><G8/><N who="1" m="3114" /><E89/><N who="2" m="53687" /><F103/><W119/><G119/><T45/><D88/><U30/><E15/><V115/><F115/><W84/><REACH who="3" step="1"/><G26/><AGARI ba="1,0" hai="23,26,30,79,80,87,92,94" m="3114,51306" machi="26" ten="30,2000,0" yaku="20,1,52,1" doraHai="74" who="1" fromWho="3" sc="262,0,293,23,252,0,193,-23" owari="262,6.0,316,42.0,252,-15.0,170,-33.0" /></mjloggm>