<mjloggm ver="2.3"><GO type="97" lobby="0"/><UN n0="%E5%B2%A9%E5%80%89%E4%BA%BA" n1="%74%61%6E%69%37%32%38%6F" n2="%E4%B8%AD%E4%BE%BF%E5%B0%8F%E5%83%A7" n3="%E3%82%A6%E3%83%AB%E3%83%88%E3%83%A9%E7%AB%8B%E7%9B%B4" dan="15,14,14,15" rate="2003.19,1853.71,1910.77,2026.35" sx="M,M,M,M"/><TAIKYOKU oya="0"/><INIT seed="0,0,0,5,1,129" ten="250,250,250,250" oya="0" hai0="36,97,12,105,65,26,38,55,130,67,80,79,134" hai1="123,109,59,113,52,116,118,107,37,50,62,57,125" hai2="14,2,92,133,53,56,86,47,120,33,18,110,69" hai3="115,100,46,83,75,93,121,43,20,70,124,68,48"/><T5/><D130/><U11/><E123/><V0/><F120/><W128/><G128/><T21/><D55/><U23/><E107/><V28/><F110/><W91/><G121/><T89/><D5/><U9/><E109/><V106/><F106/><W45/><G115/><T51/><D12/><U108/><E108/><V117/><F69/><W96/><G124/><T64/><D51/><U112/><E23/><V126/><F117/><N who="1" m="45161" /><E9/><V103/><F126/><W30/><G30/><T94/><D105/><U35/><E35/><V85/><F47/><W34/><G34/><T88/><D89/><U7/><E7/><V66/><F66/><W61/><G20/><T73/><REACH who="0" step="1"/><D134/><REACH who="0" ten="240,250,250,250" step="2"/><U63/><E125/><V44/><F14/><W3/><G91/><T13/><D13/><U16/><E11/><V25/><F53/><W82/><G46/><T1/><D1/><U95/><E37/><V4/><F44/><W90/><G3/><T15/><D15/><U131/><E131/><V49/><F0/><W98/><G48/><T24/><D24/><U22/><E50/><V87/><F133/><W78/><G45/><T99/><D99/><U41/><E113/><V29/><F25/><W114/><G98/><T102/><D102/><U71/><E112/><V101/><F49/><W17/><G114/><T10/><D10/><U135/><E135/><V84/><F2/><W122/><G90/><T19/><AGARI ba="0,1" hai="19,21,26,36,38,64,65,67,73,79,80,88,94,97" machi="19" ten="30,6000,0" yaku="1,1,0,1,54,1,53,0" doraHai="129" doraHaiUra="132" who="0" fromWho="0" sc="240,70,250,-20,250,-20,250,-20" /><INIT seed="0,1,0,3,5,54" ten="310,230,230,230" oya="0" hai0="7,42,47,67,36,108,114,24,127,74,85,80,121" hai1="103,70,12,63,1,23,90,53,124,44,72,19,105" hai2="56,0,110,64,9,45,112,13,22,18,55,73,49" hai3="120,76,79,58,93,100,95,115,87,3,116,50,117"/><T38/><D121/><U132/><E72/><V104/><F112/><W21/><G3/><T94/><D114/><U32/><E32/><V97/><F73/><W14/><G115/><T118/><D118/><U119/><E119/><V83/><F110/><W46/><G120/><T8/><D127/><U39/><E1/><V11/><F83/><W122/><G122/><T10/><D108/><U69/><E124/><V25/><F0/><W51/><G100/><T77/><D24/><U4/><E4/><V43/><F64/><W135/><G135/><T98/><D38/><U30/><E132/><V89/><F25/><W128/><G128/><T133/><D133/><U27/><E105/><V129/><F129/><W61/><G51/><T131/><D131/><U65/><E103/><V102/><REACH who="2" step="1"/><F89/><REACH who="2" ten="310,230,220,230" step="2"/><W109/><G109/><T126/><D126/><U84/><E90/><V88/><F88/><N who="3" m="53407" /><G117/><T81/><D67/><U59/><E84/><V35/><F35/><W96/><G116/><T20/><D81/><U101/><E101/><V37/><AGARI ba="1,1" hai="9,11,13,18,22,37,43,45,49,55,56,97,102,104" machi="37" ten="20,5200,0" yaku="1,1,0,1,7,1,52,1,53,0" doraHai="54" doraHaiUra="82" who="2" fromWho="2" sc="310,-27,230,-14,220,65,230,-14" /><INIT seed="1,0,0,0,3,2" ten="283,216,285,216" oya="1" hai0="48,13,39,41,55,113,91,130,40,52,96,62,61" hai1="90,67,123,12,0,85,78,89,131,106,68,117,56" hai2="135,24,19,74,59,57,109,118,29,23,77,119,120" hai3="47,127,114,60,36,132,28,80,35,11,42,105,100"/><U107/><E123/><V83/><F120/><W81/><G114/><T104/><D113/><U116/><E68/><V64/><F109/><W26/><G127/><T87/><D39/><U27/><E0/><V82/><F135/><W50/><G132/><T121/><D121/><U38/><E38/><V76/><F29/><W16/><G36/><T88/><D130/><U5/><E27/><V8/><F8/><W44/><G44/><T66/><D104/><U25/><E25/><V102/><F102/><W98/><G60/><N who="0" m="23147" /><D66/><U14/><E131/><V21/><F21/><W33/><REACH who="3" step="1"/><G35/><REACH who="3" ten="283,216,285,206" step="2"/><T94/><D13/><AGARI ba="0,1" hai="11,13,16,26,28,33,42,47,50,80,81,98,100,105" machi="13" ten="40,5200,0" yaku="1,1,2,1,54,1,53,0" doraHai="2" doraHaiUra="1" who="3" fromWho="0" sc="283,-52,216,0,285,0,206,62" /><INIT seed="2,0,0,5,3,95" ten="231,216,285,268" oya="2" hai0="0,115,34,131,90,58,96,118,36,111,127,97,84" hai1="100,6,106,27,88,51,15,57,113,122,41,123,99" hai2="86,71,85,16,39,135,37,29,134,70,42,8,40" hai3="107,56,24,30,120,28,20,65,112,66,13,25,87"/><V80/><F29/><W110/><G107/><T132/><RYUUKYOKU type="yao9" ba="0,0" sc="231,0,216,0,285,0,268,0" hai0="0,34,36,58,84,90,96,97,111,115,118,127,131,132" /><INIT seed="2,1,0,4,5,20" ten="231,216,285,268" oya="2" hai0="25,8,107,86,1,96,13,117,49,92,87,78,64" hai1="119,82,81,4,7,39,58,47,10,28,14,74,80" hai2="52,76,60,35,57,103,89,120,54,16,75,126,111" hai3="116,70,105,88,135,6,65,73,37,84,68,44,118"/><V53/><F120/><W9/><G105/><T26/><D107/><U109/><E119/><V15/><F35/><W22/><G73/><T114/><D114/><U50/><E39/><V122/><F122/><W124/><G124/><T127/><D1/><U129/><E129/><V30/><F126/><W130/><G130/><T45/><D127/><U56/><E109/><V104/><F30/><W40/><G135/><T38/><D38/><U43/><E74/><V27/><F27/><N who="0" m="10250" /><D117/><U21/><E28/><V72/><F111/><W79/><G22/><T100/><D64/><U17/><REACH who="1" step="1"/><E7/><REACH who="1" ten="231,206,285,268" step="2"/><V123/><F123/><W23/><G37/><T95/><D78/><U32/><E32/><V66/><F76/><W71/><G79/><T93/><D87/><U91/><E91/><V77/><F89/><W46/><G88/><T12/><D86/><U18/><E18/><V101/><F77/><W99/><G84/><T112/><D112/><U61/><E61/><V59/><F75/><W113/><G113/><T102/><D102/><U90/><E90/><V85/><F72/><W97/><G118/><T106/><D106/><U3/><AGARI ba="1,1" hai="3,4,10,14,17,21,43,47,50,56,58,80,81,82" machi="3" ten="30,2000,0" yaku="1,1,0,1,53,0" doraHai="20" doraHaiUra="94" who="1" fromWho="1" sc="231,-6,206,33,285,-11,268,-6" /><INIT seed="3,0,0,2,3,35" ten="225,239,274,262" oya="3" hai0="7,41,73,38,126,58,5,57,71,133,33,48,27" hai1="13,127,24,62,17,121,134,52,12,69,44,122,19" hai2="89,40,70,120,81,112,92,80,78,123,25,15,106" hai3="84,107,56,116,76,32,61,91,3,11,49,46,130"/><W113/><G32/><T36/><D73/><U96/><E69/><V22/><F112/><W42/><G107/><T100/><D71/><U30/><E96/><V109/><F106/><W129/><G113/><T117/><D117/><U66/><E66/><V104/><F104/><W82/><G116/><T75/><D75/><U8/><E62/><V31/><F70/><W14/><G91/><T2/><D100/><U51/><E127/><V0/><F0/><W63/><G3/><T79/><D79/><U110/><E110/><V86/><F109/><W85/><G85/><T115/><D115/><U59/><E134/><V39/><F81/><W114/><G114/><T101/><D101/><U55/><E55/><V50/><F39/><W1/><G1/><T83/><D83/><U97/><E97/><V16/><F50/><W68/><G68/><T74/><D74/><U103/><E103/><V47/><F47/><W26/><G26/><T43/><D133/><U102/><E102/><V60/><F60/><W28/><G28/><T29/><D126/><U21/><REACH who="1" step="1"/><E44/><REACH who="1" ten="225,229,274,262" step="2"/><V88/><F40/><W94/><G63/><T20/><D33/><AGARI ba="0,1" hai="8,12,13,17,19,21,24,30,33,51,52,59,121,122" machi="33" ten="30,7700,0" yaku="1,1,2,1,7,1,54,1,53,0" doraHai="35" doraHaiUra="90" who="1" fromWho="0" sc="225,-77,229,87,274,0,262,0" owari="148,-35.0,316,42.0,274,7.0,262,-14.0" /></mjloggm>