<mjloggm ver="2.3"><GO type="97" lobby="0"/><UN n0="%E3%82%A2%E3%83%83%E3%83%97%E3%83%AB%E3%82%AD%E3%83%83%E3%83%89" n1="%E9%AC%BC%E3%81%94%E3%81%A3%E3%81%93" n2="%E7%A5%9E%E9%AD%94" n3="%E3%82%A6%E3%83%AB%E3%83%88%E3%83%A9%E7%AB%8B%E7%9B%B4" dan="15,15,14,15" rate="2021.20,1983.36,1906.31,1985.67" sx="M,M,F,M"/><TAIKYOKU oya="0"/><INIT seed="0,0,0,5,2,67" ten="250,250,250,250" oya="0" hai0="32,3,11,74,6,68,81,37,38,125,106,123,54" hai1="25,49,58,16,43,55,122,105,15,23,82,39,26" hai2="118,57,0,79,96,52,78,8,108,121,111,30,113" hai3="22,27,72,102,90,51,100,24,33,104,127,13,84"/><T47/><D123/><U85/><E122/><V120/><F113/><W21/><G72/><T17/><D106/><U93/><E105/><V99/><F118/><W98/><G127/><T19/><D125/><U117/><E117/><V89/><F30/><W70/><G100/><T91/><D32/><U40/><E39/><V134/><F134/><W5/><G33/><T56/><D68/><U126/><E126/><V50/><F120/><W42/><G13/><T31/><D31/><U107/><E107/><V2/><F121/><W112/><G5/><T14/><D47/><U73/><E73/><V7/><F0/><W76/><G70/><T18/><D3/><U48/><E48/><V20/><F20/><W87/><G112/><T1/><D1/><U75/><E75/><V35/><F35/><W114/><G114/><T110/><D110/><N who="2" m="42026" /><F89/><W34/><G34/><T135/><D135/><U101/><E101/><V62/><F62/><W71/><G22/><T12/><D12/><U46/><E93/><V95/><F95/><W86/><G21/><T128/><D128/><U64/><E64/><V36/><F36/><W130/><G102/><T53/><D53/><U4/><E4/><V69/><F69/><W124/><G71/><T59/><D59/><U63/><REACH who="1" step="1"/><E43/><REACH who="1" ten="250,240,250,250" step="2"/><V61/><F50/><W77/><G124/><T119/><D119/><U94/><E94/><V133/><F133/><W103/><G130/><T80/><D74/><U41/><E41/><V44/><F7/><W115/><G42/><T92/><D92/><U129/><E129/><V60/><F60/><W97/><G104/><RYUUKYOKU ba="0,1" sc="250,-10,240,30,250,-10,250,-10" hai1="15,16,23,25,26,40,46,49,55,58,63,82,85" /><INIT seed="1,1,1,5,4,49" ten="240,270,240,240" oya="1" hai0="128,53,31,65,108,107,15,7,36,77,32,113,46" hai1="1,83,105,37,33,19,125,30,101,60,68,56,76" hai2="88,135,93,110,130,17,104,122,67,131,57,119,47" hai3="5,133,129,71,91,92,62,126,78,79,0,48,116"/><U27/><E37/><V18/><F119/><W13/><G0/><T28/><D113/><U29/><E30/><V51/><F122/><W109/><G116/><T114/><D114/><U6/><E125/><V8/><F104/><W94/><G126/><T120/><D107/><U86/><E68/><V121/><F121/><W52/><G129/><N who="2" m="49161" /><F110/><W43/><G109/><T112/><D128/><U55/><E19/><V99/><F8/><N who="3" m="4239" /><G71/><T21/><D112/><U2/><REACH who="1" step="1"/><E6/><REACH who="1" ten="240,260,240,240" step="2"/><V81/><F17/><W20/><G133/><T42/><D108/><U90/><E90/><V63/><F18/><W10/><G91/><T70/><D120/><U54/><E54/><N who="2" m="30079" /><F135/><W61/><G79/><T9/><D32/><U87/><E87/><V11/><F88/><W103/><G78/><T25/><D77/><U117/><E117/><V127/><F127/><W41/><G41/><T74/><D74/><U85/><E85/><V89/><F89/><W40/><G40/><T4/><D28/><U14/><E14/><V24/><F24/><W100/><G43/><T111/><D4/><U35/><E35/><V72/><F72/><W98/><G20/><T75/><D111/><U58/><E58/><V50/><F57/><N who="3" m="32903" /><G10/><T23/><D75/><U97/><AGARI ba="1,2" hai="1,2,27,29,33,55,56,60,76,83,86,97,101,105" machi="97" ten="30,6000,0" yaku="1,1,0,1,52,1,53,0" doraHai="49" doraHaiUra="39" who="1" fromWho="1" sc="240,-21,260,83,240,-21,240,-21" /><INIT seed="1,2,0,1,3,42" ten="219,343,219,219" oya="1" hai0="35,11,81,16,48,115,39,18,72,9,108,41,31" hai1="76,33,130,104,127,55,54,29,95,107,84,79,40" hai2="1,17,131,119,132,63,19,7,8,43,23,58,94" hai3="126,56,120,71,53,5,129,25,66,44,78,69,0"/><U90/><E33/><V3/><F119/><W28/><G120/><T123/><D115/><U26/><E40/><V68/><F132/><W38/><G126/><T37/><D123/><U60/><E127/><V14/><F131/><W46/><G129/><T77/><D108/><U61/><E130/><V24/><F68/><W86/><G38/><T109/><D109/><U111/><E111/><V106/><F106/><W83/><G69/><T96/><D96/><U6/><E6/><V52/><F43/><W114/><G114/><T47/><D35/><U118/><E118/><V133/><F133/><W50/><G71/><T70/><D31/><U13/><E13/><V30/><REACH who="2" step="1"/><F94/><REACH who="2" ten="219,343,209,219" step="2"/><W20/><G66/><T134/><D70/><U57/><E107/><V12/><F12/><W21/><G0/><AGARI ba="2,1" hai="0,1,3,7,8,14,17,19,23,24,30,52,58,63" machi="0" ten="40,2600,0" yaku="1,1,54,1,53,0" doraHai="42" doraHaiUra="91" who="2" fromWho="3" sc="219,0,343,0,209,42,219,-32" /><INIT seed="2,0,0,4,2,48" ten="219,343,251,187" oya="2" hai0="15,45,16,91,8,97,27,106,50,86,131,49,60" hai1="126,119,0,84,66,35,132,26,113,101,22,37,95" hai2="7,57,69,39,55,100,10,61,122,120,87,33,114" hai3="98,130,76,31,124,56,117,128,99,73,105,102,135"/><V116/><F114/><W72/><G31/><T75/><D131/><N who="3" m="50217" /><G56/><T83/><D75/><N who="3" m="28745" /><G117/><T25/><D60/><U17/><E113/><V63/><F116/><W77/><G124/><T70/><D70/><U54/><E119/><V115/><F33/><W112/><G112/><T121/><D121/><U134/><E126/><V125/><F39/><W129/><N who="3" m="50225" /><W93/><DORA hai="109" /><G135/><N who="1" m="51754" /><E37/><V133/><F125/><W14/><G14/><T81/><D81/><U44/><E0/><V65/><F115/><W5/><G5/><T51/><D106/><U103/><E66/><V85/><F133/><W108/><G108/><T46/><D97/><U19/><E35/><V21/><F21/><W9/><G9/><T40/><D49/><N who="1" m="28967" /><E19/><V78/><F120/><W52/><G52/><AGARI ba="0,0" hai="8,15,16,25,27,40,45,46,50,51,52,83,86,91" machi="52" ten="30,12000,2" yaku="7,1,25,2,8,1,52,1,54,2" doraHai="48,109" who="0" fromWho="3" sc="219,120,343,0,251,0,187,-120" /><INIT seed="3,0,0,3,5,2" ten="339,343,251,67" oya="3" hai0="62,104,127,4,129,11,97,61,115,105,133,14,24" hai1="123,82,65,77,26,21,60,63,100,34,98,30,49" hai2="96,116,83,118,32,74,64,73,3,19,9,33,55" hai3="39,120,108,84,109,20,40,72,113,85,117,10,122"/><W76/><G40/><T126/><D129/><U17/><E123/><N who="3" m="47146" /><G39/><T53/><D133/><U18/><E49/><V94/><F64/><W46/><G46/><T48/><D115/><U37/><E37/><V121/><F121/><W92/><G20/><T95/><D24/><U43/><E43/><V114/><F114/><W45/><G45/><T8/><D8/><U134/><E134/><V56/><F32/><W135/><G10/><T38/><D38/><U6/><E6/><V23/><F33/><W42/><G42/><T99/><D97/><U101/><E63/><V35/><F35/><W86/><G135/><T112/><D112/><U102/><E98/><V110/><F110/><N who="3" m="42603" /><G113/><T68/><D62/><U52/><E34/><V31/><F23/><W15/><G15/><T128/><D61/><U71/><REACH who="1" step="1"/><E52/><REACH who="1" ten="339,333,251,67" step="2"/><V57/><F55/><W91/><G117/><T89/><D68/><U79/><E79/><V7/><F118/><W5/><G5/><T29/><D29/><U59/><E59/><V88/><F31/><W47/><G47/><N who="0" m="27807" /><D128/><U131/><E131/><V1/><F116/><W41/><G41/><T69/><D69/><U25/><E25/><V70/><F70/><W51/><G51/><T36/><D36/><U90/><E90/><V125/><F7/><W12/><G12/><T0/><D14/><U13/><E13/><V119/><F1/><W67/><G67/><T22/><D22/><U124/><E124/><AGARI ba="0,1" hai="0,4,11,89,95,99,104,105,124,126,127" m="27807" machi="124" ten="30,2000,0" yaku="18,1,52,1" doraHai="2" who="0" fromWho="1" sc="339,30,333,-20,251,0,67,0" owari="369,47.0,313,11.0,251,-15.0,67,-43.0" /></mjloggm>