<mjloggm ver="2.3"><GO type="97" lobby="0"/><UN n0="%73%61%6C%74%79%64%6F%67" n1="%E3%82%A6%E3%83%AB%E3%83%88%E3%83%A9%E7%AB%8B%E7%9B%B4" n2="%65%73%79%6F%75" n3="%E3%81%A7%E3%82%93%E3%81%A7%E3%82%93%E2%99%AA" dan="13,15,15,13" rate="1800.24,1959.42,2028.72,1869.87" sx="M,M,M,F"/><TAIKYOKU oya="0"/><INIT seed="0,0,0,2,3,0" ten="250,250,250,250" oya="0" hai0="2,5,71,51,8,115,135,77,81,34,38,65,9" hai1="57,84,32,67,18,27,88,39,119,64,52,99,70" hai2="59,133,4,87,79,72,124,126,14,30,41,111,37" hai3="26,10,49,45,24,53,21,117,128,48,112,7,40"/><T122/><D122/><U29/><E119/><V82/><F111/><W33/><G117/><T15/><D115/><U104/><E39/><V47/><F133/><W130/><G112/><T94/><D94/><U93/><E70/><V134/><F134/><W54/><G33/><T114/><D135/><U3/><E3/><V46/><F30/><W98/><G98/><T73/><D114/><U85/><E18/><V20/><F47/><W120/><G120/><T11/><D34/><U12/><E12/><V109/><F109/><W96/><G96/><T100/><D100/><U110/><E110/><V76/><F59/><W63/><G63/><T61/><D51/><U83/><E104/><V80/><REACH who="2" step="1"/><F20/><REACH who="2" ten="250,250,240,250" step="2"/><W121/><G121/><T60/><D61/><U127/><E127/><V78/><F78/><W103/><G103/><T102/><D102/><U125/><E125/><V101/><F101/><W68/><G68/><T42/><D15/><U17/><E29/><V86/><F86/><W19/><G26/><T6/><D5/><U43/><E84/><V91/><F91/><W62/><G62/><T131/><D131/><N who="3" m="50217" /><G48/><T75/><D73/><U118/><E32/><V108/><F108/><W56/><G56/><T55/><REACH who="0" step="1"/><D55/><REACH who="0" ten="240,250,240,250" step="2"/><U23/><E52/><V58/><F58/><W95/><G95/><T90/><D90/><U97/><E57/><V66/><F66/><W22/><G22/><T92/><D92/><U31/><E93/><V35/><F35/><W105/><G105/><T123/><D123/><U106/><E67/><V13/><F13/><AGARI ba="0,2" hai="7,10,13,19,21,24,40,45,49,53,54" m="50217" machi="13" ten="30,2000,0" yaku="19,1,52,1" doraHai="0" who="3" fromWho="2" sc="240,0,250,0,240,-20,250,40" /><INIT seed="1,0,0,2,4,4" ten="240,250,220,290" oya="1" hai0="26,72,133,116,104,77,33,59,88,99,87,45,79" hai1="106,93,126,121,131,113,25,39,61,128,22,46,117" hai2="134,12,37,73,107,114,120,51,36,119,115,105,94" hai3="66,52,40,62,108,56,103,17,78,15,127,54,27"/><U5/><E106/><N who="2" m="40459" /><F119/><W47/><G108/><T82/><D116/><U14/><E117/><V29/><F120/><W44/><G127/><T123/><D45/><U84/><E121/><V41/><F29/><W96/><G78/><T55/><D123/><U124/><E61/><V111/><F73/><W85/><G85/><T91/><D133/><U8/><E46/><N who="2" m="26063" /><F111/><W1/><G1/><T3/><D3/><U100/><E39/><V24/><F134/><W35/><G27/><T50/><D33/><U28/><E113/><N who="2" m="43019" /><F24/><W63/><G35/><T92/><D104/><U43/><E43/><V53/><F53/><N who="3" m="20587" /><G63/><T0/><D0/><U30/><E30/><V19/><F94/><N who="3" m="58775" /><G40/><T10/><D72/><U49/><E49/><V34/><F34/><W90/><G90/><T6/><D26/><U65/><E65/><V42/><F42/><W81/><G81/><T109/><D109/><U74/><E74/><V71/><F71/><W132/><G132/><T95/><D92/><U31/><E31/><V20/><AGARI ba="0,0" hai="12,19,20,36,37" m="43019,26063,40459" machi="20" ten="30,1100,0" yaku="11,1" doraHai="4" who="2" fromWho="2" sc="240,-3,250,-5,220,11,290,-3" /><INIT seed="2,0,0,0,3,119" ten="237,245,231,287" oya="2" hai0="34,2,23,85,4,79,63,50,103,73,99,97,76" hai1="125,41,84,14,98,124,43,95,123,28,107,66,37" hai2="134,69,3,62,51,102,126,122,40,35,30,22,1" hai3="82,11,71,60,105,131,101,116,65,111,25,42,27"/><V19/><F126/><N who="1" m="48745" /><E37/><V13/><F134/><W61/><G116/><T86/><D34/><U49/><E28/><V45/><F102/><W44/><G111/><T81/><D63/><U32/><E32/><V117/><F117/><W47/><G131/><T9/><D23/><U77/><E66/><V118/><F118/><W75/><G60/><T18/><D18/><U89/><E49/><V55/><F122/><W115/><G115/><T110/><D110/><U114/><E114/><V17/><F17/><W135/><G135/><T112/><D112/><U133/><E14/><V48/><F62/><W113/><G113/><T26/><D26/><U72/><E133/><V120/><F69/><W5/><G47/><T108/><D108/><U21/><E21/><V67/><F67/><W15/><G101/><T94/><D50/><U38/><E38/><V96/><F96/><W20/><G105/><T54/><D54/><U39/><E39/><V74/><F74/><W83/><G75/><T31/><D31/><U91/><E123/><V92/><F92/><W80/><REACH who="3" step="1"/><G20/><REACH who="3" ten="237,245,231,277" step="2"/><T59/><D73/><U106/><E106/><V58/><F120/><W6/><G6/><T127/><D127/><U132/><E107/><V88/><F35/><W53/><G53/><T109/><D109/><U100/><E132/><V68/><F55/><W70/><G70/><T56/><D99/><U128/><E72/><V36/><F40/><W46/><G46/><T8/><D9/><U7/><E43/><V130/><F45/><W93/><G93/><T16/><D8/><U29/><E41/><V104/><F130/><RYUUKYOKU ba="0,1" sc="237,-10,245,-10,231,-10,277,30" hai3="5,11,15,25,27,42,44,61,65,71,80,82,83" /><INIT seed="3,1,1,3,5,83" ten="227,235,221,307" oya="3" hai0="68,118,30,13,110,46,114,45,84,128,7,63,96" hai1="16,120,33,8,5,117,22,71,119,35,125,99,39" hai2="32,64,86,72,59,37,104,107,70,112,28,101,20" hai3="34,21,122,31,50,55,116,11,78,65,129,91,124"/><W24/><G116/><N who="1" m="44618" /><E71/><V48/><F37/><W85/><G122/><T66/><D118/><U0/><E39/><V54/><F72/><W108/><G108/><T67/><D110/><U123/><E99/><V2/><F2/><W77/><G129/><T106/><D128/><U51/><E51/><V1/><F1/><W19/><G124/><T14/><D114/><U43/><E43/><V93/><F112/><W121/><G65/><T103/><D67/><U111/><E125/><V75/><F75/><W133/><G133/><T36/><D36/><U26/><E111/><V134/><F32/><AGARI ba="1,1" hai="0,5,8,16,22,26,32,33,35,120,123" m="44618" machi="32" ten="30,7700,0" yaku="12,1,34,2,54,1" doraHai="83" who="1" fromWho="2" sc="227,0,235,90,221,-80,307,0" owari="227,-17.0,325,42.0,141,-36.0,307,11.0" /></mjloggm>