<mjloggm ver="2.3"><GO type="97" lobby="0"/><UN n0="%E3%82%A6%E3%83%AB%E3%83%88%E3%83%A9%E7%AB%8B%E7%9B%B4" n1="%E3%82%AB%E3%83%8E%E3%83%B3" n2="%48%45%50%50%4F%43%4F" n3="%E7%8C%AB%E4%BD%BF%E3%81%84" dan="15,14,13,14" rate="1989.54,1953.12,1880.62,1955.88" sx="M,F,M,F"/><TAIKYOKU oya="0"/><INIT seed="0,0,0,1,3,93" ten="250,250,250,250" oya="0" hai0="128,134,133,36,64,23,30,106,67,42,0,50,91" hai1="53,88,15,72,31,94,131,75,5,20,86,37,6" hai2="16,41,108,13,76,117,69,125,100,122,11,26,9" hai3="92,47,2,7,70,55,35,77,132,110,28,99,102"/><T101/><D0/><U24/><E131/><V48/><F122/><W105/><G70/><T68/><D128/><U60/><E37/><V97/><F117/><W57/><G110/><T52/><D91/><U115/><E115/><V103/><F69/><W63/><G132/><N who="0" m="50795" /><D23/><U113/><E113/><V62/><F125/><W65/><G35/><T19/><D19/><U27/><E72/><V135/><F108/><W104/><G28/><T124/><D30/><U1/><E1/><V59/><F9/><W10/><G77/><T123/><D123/><U96/><E75/><V3/><F76/><W58/><REACH who="3" step="1"/><G47/><REACH who="3" ten="250,250,250,240" step="2"/><N who="0" m="24007" /><D68/><U66/><E31/><V83/><F135/><W39/><G39/><T46/><D124/><U95/><E5/><V120/><F120/><W87/><G87/><T18/><D18/><U114/><E6/><V78/><F78/><W127/><G127/><T121/><D121/><U32/><E32/><V80/><F16/><W33/><G33/><T116/><D116/><U56/><E114/><V14/><F3/><W112/><G112/><T54/><D54/><U29/><E53/><V38/><F38/><W22/><G22/><T21/><D21/><U107/><E107/><V130/><F11/><W81/><G81/><T8/><D8/><U45/><E29/><V111/><F80/><W49/><AGARI ba="0,1" hai="2,7,10,49,55,57,58,63,65,92,99,102,104,105" machi="49" ten="20,8000,1" yaku="1,1,0,1,7,1,52,1,53,1" doraHai="93" doraHaiUra="34" who="3" fromWho="3" sc="250,-40,250,-20,250,-20,240,90" /><INIT seed="1,0,0,5,4,130" ten="210,230,230,330" oya="1" hai0="64,133,43,92,13,89,106,4,127,113,79,107,62" hai1="99,124,59,27,42,110,12,25,3,96,50,7,84" hai2="35,72,101,122,86,116,74,45,98,93,19,71,76" hai3="108,37,57,82,39,114,40,52,100,48,21,17,54"/><U94/><E124/><V81/><F71/><W88/><G114/><T56/><D113/><U77/><E3/><V15/><F35/><W112/><G112/><T2/><D2/><U123/><E123/><V18/><F122/><W41/><G108/><T32/><D32/><U6/><E110/><V83/><F116/><W121/><G100/><T109/><D109/><U134/><E134/><V111/><F111/><W95/><G82/><T23/><D127/><U53/><E42/><V24/><F24/><N who="1" m="9289" /><E12/><V87/><F45/><W97/><G121/><T14/><D79/><U63/><E50/><V118/><F118/><W60/><G39/><T49/><D133/><U51/><E51/><V61/><F61/><W119/><G37/><T131/><D131/><U128/><E128/><V10/><REACH who="2" step="1"/><F19/><REACH who="2" ten="210,230,220,330" step="2"/><W70/><G119/><T103/><D62/><U33/><E33/><V36/><F36/><W129/><G129/><T126/><D126/><U26/><E26/><V58/><F58/><N who="3" m="34887" /><G70/><T80/><D56/><U29/><E29/><V16/><F16/><W115/><G115/><T1/><D1/><U117/><E117/><V28/><F28/><W120/><G120/><T9/><D14/><AGARI ba="0,1" hai="14,17,21,40,41,48,54,57,88,95,97" m="34887" machi="14" ten="30,3900,0" yaku="8,1,54,2" doraHai="130" who="3" fromWho="0" sc="210,-39,230,0,220,0,330,49" /><INIT seed="2,0,0,0,2,57" ten="171,230,220,379" oya="2" hai0="77,30,99,26,107,21,117,35,135,37,23,68,28" hai1="90,98,12,81,16,84,71,9,102,34,61,93,70" hai2="66,87,113,55,63,36,50,82,128,67,54,5,17" hai3="96,91,73,42,33,95,88,58,8,13,106,56,129"/><V100/><F113/><W103/><G33/><T32/><D37/><U74/><E34/><N who="0" m="12841" /><D77/><U38/><E38/><V132/><F36/><W69/><G69/><T111/><D99/><U6/><E6/><V46/><F128/><W41/><G73/><T83/><D83/><U51/><E51/><V89/><F132/><W45/><G129/><T14/><D107/><N who="1" m="63959" /><E61/><V3/><F100/><W133/><G133/><T10/><D68/><U65/><E65/><V97/><F97/><W116/><G116/><T19/><D135/><U53/><E53/><V40/><F3/><W59/><G45/><T85/><D85/><U124/><E124/><V18/><F5/><N who="3" m="3215" /><G106/><T131/><D131/><U44/><E44/><N who="2" m="25863" /><F18/><W130/><G130/><T43/><D43/><AGARI ba="0,0" hai="41,42,43,56,58,59,88,91,95,96,103" m="3215" machi="43" ten="30,2000,0" yaku="8,1,54,1" doraHai="57" who="3" fromWho="0" sc="171,-20,230,0,220,0,379,20" /><INIT seed="3,0,0,5,4,63" ten="151,230,220,399" oya="3" hai0="23,35,79,43,54,87,18,58,70,111,22,97,42" hai1="27,134,130,128,57,131,44,50,109,122,116,12,94" hai2="123,64,10,55,106,101,117,32,31,71,28,1,21" hai3="17,90,121,120,112,126,124,15,59,69,9,92,24"/><W66/><G112/><T26/><D35/><U118/><E122/><V105/><F123/><W104/><G104/><T78/><D70/><U45/><E27/><V102/><F117/><N who="1" m="45161" /><E12/><V129/><F129/><W89/><G69/><T88/><D111/><U48/><E94/><V11/><F1/><W65/><G59/><T84/><D97/><U114/><E114/><V72/><F72/><W49/><G49/><N who="1" m="19050" /><E109/><V20/><F32/><W80/><G80/><T103/><D103/><U86/><E86/><V25/><F71/><W81/><G81/><T100/><D100/><U133/><E57/><V34/><F34/><W16/><G92/><T67/><D54/><U75/><E75/><V98/><F55/><W62/><G62/><N who="0" m="38359" /><D23/><U85/><E85/><V4/><F4/><W0/><G0/><T13/><D13/><U47/><AGARI ba="0,0" hai="44,45,47,128,130,131,133,134" m="19050,45161" machi="47" ten="50,12000,2" yaku="28,2,19,1,12,1,34,2" doraHai="63" who="1" fromWho="1" sc="151,-30,230,120,220,-30,399,-60" owari="121,-38.0,350,45.0,190,-21.0,339,14.0" /></mjloggm>