<mjloggm ver="2.3"><GO type="97" lobby="0"/><UN n0="%54%61%6B%61%79%75%6B%69" n1="%E3%82%A6%E3%83%AB%E3%83%88%E3%83%A9%E7%AB%8B%E7%9B%B4" n2="%41%E3%82%B9%E3%82%B1" n3="%54%53%69%6E%73%74%2E%52" dan="13,14,15,14" rate="1847.83,1882.57,1947.67,1892.91" sx="M,M,M,M"/><TAIKYOKU oya="0"/><INIT seed="0,0,0,0,2,15" ten="250,250,250,250" oya="0" hai0="121,61,98,17,108,63,29,90,36,94,0,65,112" hai1="89,122,25,92,21,119,43,106,13,45,124,104,11" hai2="91,81,77,99,86,56,69,113,114,1,126,64,70" hai3="53,48,120,105,88,60,97,125,52,5,35,32,33"/><T78/><D121/><U27/><E124/><V135/><F1/><W20/><G125/><T73/><D112/><U80/><E80/><V72/><F126/><W68/><G5/><T10/><D36/><U57/><E57/><V123/><F123/><W3/><G3/><T31/><D63/><U8/><E119/><V6/><F6/><W16/><G120/><T23/><D78/><U118/><E118/><V55/><F135/><W100/><G88/><T39/><D39/><U41/><E122/><V34/><F34/><W107/><G107/><T7/><D73/><U59/><E59/><V75/><F114/><W44/><G68/><T24/><REACH who="0" step="1"/><D108/><REACH who="0" ten="240,250,250,250" step="2"/><U74/><E74/><V54/><F113/><W2/><G60/><T28/><D28/><U130/><E130/><V103/><F75/><W128/><G128/><T117/><D117/><U102/><E106/><V46/><F72/><W4/><G4/><T101/><D101/><U93/><E102/><V22/><F103/><W131/><G131/><T111/><D111/><U40/><E104/><V109/><F109/><W9/><G2/><T19/><D19/><U85/><E89/><V42/><F91/><W87/><G87/><T30/><D30/><U96/><E85/><V84/><F86/><W50/><G50/><T132/><D132/><U95/><E96/><V49/><F84/><W26/><REACH who="3" step="1"/><G9/><REACH who="3" ten="240,250,250,240" step="2"/><T37/><D37/><U71/><E8/><V66/><F49/><W129/><G129/><T76/><D76/><U51/><E11/><V67/><F77/><W14/><G14/><T133/><D133/><U18/><E71/><AGARI ba="0,2" hai="0,7,10,17,23,24,29,31,61,65,71,90,94,98" machi="71" ten="30,12000,1" yaku="1,1,6,1,7,1,52,1,53,1" doraHai="15" doraHaiUra="12" who="0" fromWho="1" sc="240,140,250,-120,250,0,240,0" /><INIT seed="0,1,0,2,2,69" ten="380,130,250,240" oya="0" hai0="61,105,9,125,17,10,120,86,135,103,57,124,54" hai1="123,56,130,93,129,113,30,114,133,68,127,116,111" hai2="98,121,13,77,3,126,84,42,51,78,66,97,34" hai3="109,104,102,107,75,45,99,47,0,76,32,128,106"/><T115/><D120/><U74/><E56/><V63/><F126/><N who="0" m="48746" /><D115/><U11/><E11/><V91/><F3/><W96/><G128/><T24/><D135/><U52/><E93/><V85/><F121/><W67/><G109/><T95/><D105/><U20/><E52/><V118/><F118/><W71/><G0/><T27/><D103/><U59/><E59/><N who="2" m="37247" /><F34/><W43/><G99/><N who="2" m="37897" /><F13/><W39/><G45/><T12/><D9/><U94/><E20/><V134/><F134/><W6/><G6/><T16/><D17/><U101/><E94/><N who="2" m="54631" /><F85/><W81/><G32/><T36/><D36/><U25/><E101/><V64/><F64/><W108/><G108/><T87/><D95/><U72/><E25/><AGARI ba="1,0" hai="10,12,16,24,25,27,54,57,61,86,87" m="48746" machi="25" ten="30,2900,0" yaku="18,1,54,1" doraHai="69" who="0" fromWho="1" sc="380,32,130,-32,250,0,240,0" /><INIT seed="0,2,0,0,1,4" ten="412,98,250,240" oya="0" hai0="115,13,86,56,116,50,70,80,16,74,72,0,95" hai1="114,99,59,55,113,10,104,54,14,29,7,76,6" hai2="19,47,2,109,132,58,66,71,33,28,46,135,3" hai3="38,37,21,88,75,111,9,98,131,34,18,92,102"/><T121/><D0/><N who="2" m="42" /><F19/><W36/><G131/><T24/><D70/><U5/><E29/><V15/><F15/><W20/><G34/><T128/><D121/><U103/><E76/><V1/><N who="2" m="50" /><V64/><DORA hai="112" /><F58/><W62/><G75/><T31/><D115/><N who="1" m="44043" /><E55/><V42/><F109/><W117/><G111/><T119/><D128/><U60/><AGARI ba="2,0" hai="5,6,7,10,14,54,59,60,99,103,104" m="44043" machi="60" ten="30,2000,0" yaku="11,1,52,1" doraHai="4,112" who="1" fromWho="1" sc="412,-12,98,26,250,-7,240,-7" /><INIT seed="1,0,0,4,0,6" ten="400,124,243,233" oya="1" hai0="44,127,84,102,87,103,82,3,114,28,95,69,89" hai1="121,76,75,115,70,66,5,129,65,68,104,125,19" hai2="63,26,92,1,54,116,98,117,105,126,13,17,122" hai3="93,36,94,50,86,88,61,18,31,53,27,16,48"/><U37/><E19/><V80/><F122/><W79/><G36/><T15/><D69/><N who="1" m="26731" /><E5/><V52/><F1/><W0/><G0/><T23/><D3/><U14/><E14/><V22/><F126/><W91/><G79/><T113/><D127/><U124/><E104/><V112/><F112/><W74/><G74/><T109/><D109/><U2/><E2/><V134/><F134/><W49/><G61/><T40/><D102/><U9/><E9/><V73/><F105/><W101/><G101/><T119/><D119/><U135/><E76/><V118/><F63/><W110/><G110/><T47/><D47/><U29/><E29/><V34/><F80/><W45/><G31/><T7/><D28/><U123/><E75/><V51/><F73/><W78/><G78/><T62/><D62/><U131/><E115/><V60/><F60/><W41/><G41/><T77/><D103/><U81/><E81/><V108/><F108/><W46/><G45/><T43/><D43/><U97/><E97/><V90/><F51/><N who="3" m="19531" /><G27/><T25/><D25/><U83/><E83/><V59/><F59/><W4/><G4/><T8/><D23/><U11/><E11/><V10/><REACH who="2" step="1"/><F34/><REACH who="2" ten="400,124,233,233" step="2"/><W12/><G12/><T30/><D30/><AGARI ba="0,1" hai="10,13,17,22,26,30,52,54,90,92,98,116,117,118" machi="30" ten="40,8000,1" yaku="1,1,2,1,52,1,54,1,53,0" doraHai="6" doraHaiUra="130" who="2" fromWho="0" sc="400,-80,124,0,233,90,233,0" /><INIT seed="2,0,0,3,0,91" ten="320,124,323,233" oya="2" hai0="13,104,112,18,45,70,31,6,40,8,81,52,7" hai1="62,12,100,135,109,30,65,28,87,22,20,84,117" hai2="66,78,23,82,9,127,123,134,33,79,46,85,68" hai3="76,97,38,89,25,125,110,128,29,126,69,0,53"/><V14/><F123/><W118/><G69/><T32/><D104/><U56/><E117/><V34/><F127/><N who="3" m="48651" /><G38/><T111/><D111/><U105/><E135/><V71/><F134/><W90/><G110/><T41/><D70/><U107/><E109/><V115/><F115/><W72/><G128/><T27/><D112/><U58/><E100/><V106/><F106/><W95/><G0/><T64/><D64/><U57/><E12/><V44/><F23/><N who="3" m="15551" /><G53/><T35/><D35/><U133/><E62/><V122/><F122/><W103/><G118/><T10/><D18/><U16/><E57/><V121/><F121/><W51/><G51/><T75/><D75/><U102/><E102/><V74/><F74/><W3/><G3/><T129/><D129/><U120/><E120/><V119/><F119/><W48/><G48/><T55/><D81/><AGARI ba="0,0" hai="72,76,81,89,90,95,97,103" m="15551,48651" machi="81" ten="30,2000,0" yaku="18,1,52,1" doraHai="91" who="3" fromWho="0" sc="320,-20,124,0,323,0,233,20" /><INIT seed="3,0,0,4,1,110" ten="300,124,323,253" oya="3" hai0="31,97,101,122,92,57,37,65,17,22,105,76,111" hai1="9,35,131,119,113,133,18,79,81,135,0,5,49" hai2="10,91,55,3,89,95,32,33,50,51,44,74,61" hai3="12,99,123,40,46,117,30,87,129,52,67,28,77"/><W42/><G123/><T103/><D111/><U78/><E49/><V112/><F112/><W127/><G117/><T20/><D37/><U27/><E79/><V26/><F74/><W19/><G127/><T15/><D122/><U126/><E81/><V70/><F51/><N who="3" m="28791" /><G99/><T25/><D76/><U83/><E83/><V14/><F3/><W13/><G67/><T7/><D105/><U29/><E78/><V132/><F132/><W59/><G129/><T108/><D108/><U48/><E48/><V60/><F33/><W23/><G59/><T96/><D7/><U54/><E54/><V85/><F70/><W58/><G58/><T68/><D68/><U124/><E119/><V11/><F11/><W82/><G13/><T62/><D101/><U114/><E18/><N who="2" m="8535" /><F32/><W2/><G2/><T36/><D36/><U84/><E84/><N who="2" m="52647" /><F26/><W24/><G30/><T120/><D120/><U106/><E106/><V21/><F21/><AGARI ba="0,0" hai="12,19,21,23,24,28,40,42,77,82,87" m="28791" machi="21" ten="30,2900,0" yaku="8,1,54,1" doraHai="110" who="3" fromWho="2" sc="300,0,124,0,323,-29,253,29" /><INIT seed="3,1,0,2,4,102" ten="300,124,294,282" oya="3" hai0="2,49,42,84,82,101,59,24,34,10,3,54,62" hai1="22,130,131,13,21,58,63,120,70,31,116,9,45" hai2="12,67,104,6,33,109,132,115,19,65,39,53,77" hai3="61,119,56,55,89,76,7,129,135,14,106,68,105"/><W107/><G119/><T51/><D101/><U133/><E70/><V74/><F115/><W48/><G76/><T94/><D94/><U134/><E120/><V99/><F39/><W29/><G29/><T5/><D2/><U126/><E45/><V28/><F6/><W73/><G73/><T71/><D42/><U81/><E81/><V47/><F109/><W27/><G135/><N who="1" m="51722" /><E116/><V46/><F132/><W100/><G129/><N who="1" m="49162" /><E31/><V114/><F47/><W50/><G27/><T66/><D34/><U83/><E83/><V123/><F123/><W125/><G125/><T95/><D95/><U98/><E98/><V17/><F28/><W72/><G72/><T88/><D24/><U103/><E103/><V78/><F74/><W85/><G68/><T91/><D49/><U43/><E43/><V111/><F46/><W15/><G100/><T113/><D113/><U41/><E41/><V36/><F99/><W93/><REACH who="3" step="1"/><G7/><REACH who="3" ten="300,124,294,272" step="2"/><T35/><D35/><U37/><E37/><V23/><F36/><W16/><G16/><T75/><D75/><U80/><E80/><V108/><F33/><W8/><G8/><T1/><D1/><U44/><E44/><V87/><F114/><W124/><G124/><T117/><D117/><U127/><E9/><V0/><F0/><W25/><G25/><T86/><D86/><U30/><E30/><V96/><F87/><W110/><G110/><T40/><D40/><U20/><E13/><AGARI ba="1,1" hai="13,14,15,48,50,55,56,61,85,89,93,105,106,107" machi="13" ten="40,12000,1" yaku="1,1,52,3,53,0" doraHai="102" doraHaiUra="64" who="3" fromWho="1" sc="300,0,124,-123,294,0,272,133" owari="300,10.0,1,-50.0,294,-11.0,405,51.0" /></mjloggm>