<mjloggm ver="2.3"><GO type="97" lobby="0"/><UN n0="%E5%8D%83%E5%B9%B4%E5%B9%BB%E6%83%B3%E5%8D%BF" n1="%E3%82%A6%E3%83%AB%E3%83%88%E3%83%A9%E7%AB%8B%E7%9B%B4" n2="%E3%83%88%E3%83%A9%E3%83%83%E3%83%88%E3%83%AA%E3%82%A2" n3="%E6%9F%8A%74%79%61%6E" dan="13,15,14,15" rate="1947.80,1972.43,1950.29,2023.01" sx="M,M,M,M"/><TAIKYOKU oya="0"/><INIT seed="0,0,0,2,5,90" ten="250,250,250,250" oya="0" hai0="8,117,118,108,66,28,48,49,22,71,104,107,34" hai1="18,6,17,114,76,72,135,98,33,30,62,39,2" hai2="120,95,42,128,106,14,67,69,125,126,38,35,110" hai3="64,80,91,53,122,129,55,25,81,65,132,102,74"/><T3/><D3/><U58/><E114/><V115/><RYUUKYOKU type="yao9" ba="0,0" sc="250,0,250,0,250,0,250,0" hai2="14,35,38,42,67,69,95,106,110,115,120,125,126,128" /><INIT seed="0,1,0,1,2,12" ten="250,250,250,250" oya="0" hai0="123,15,20,119,76,30,74,105,118,97,23,88,71" hai1="111,60,122,132,9,83,41,38,5,120,10,104,16" hai2="84,57,87,91,81,114,56,50,45,13,53,33,35" hai3="49,94,31,127,99,25,103,133,0,47,37,22,62"/><T78/><D123/><U6/><E104/><V14/><F114/><W131/><G0/><T79/><D71/><U106/><E106/><V121/><F121/><N who="1" m="46697" /><E83/><N who="2" m="49567" /><F33/><W68/><G37/><T66/><D66/><U36/><E60/><V112/><F35/><W129/><G133/><T130/><D130/><N who="3" m="49673" /><G127/><T54/><D74/><U69/><E41/><N who="2" m="24879" /><F57/><W2/><G2/><T18/><D54/><U128/><E69/><V126/><F126/><W32/><G68/><T86/><D97/><U51/><E51/><N who="2" m="30783" /><F112/><W48/><G47/><T124/><D124/><U75/><E75/><V63/><F63/><W67/><G32/><T82/><REACH who="0" step="1"/><D105/><REACH who="0" ten="240,250,250,250" step="2"/><U89/><E128/><V85/><F85/><W101/><G101/><T102/><D102/><U90/><E132/><V115/><F115/><W134/><G134/><T3/><D3/><U59/><E59/><V11/><F87/><W55/><G67/><T4/><D4/><U58/><E58/><AGARI ba="1,1" hai="22,25,31,48,49,55,58,62,94,99,103" m="49673" machi="58" ten="30,1000,0" yaku="19,1" doraHai="12" who="3" fromWho="1" sc="240,0,250,-13,250,0,250,23" /><INIT seed="1,0,0,5,5,98" ten="240,237,250,273" oya="1" hai0="81,78,64,38,24,42,55,113,103,66,60,33,93" hai1="26,120,8,112,126,101,94,53,96,23,20,110,77" hai2="21,69,11,45,61,25,0,86,29,12,108,85,80" hai3="4,74,31,79,88,115,124,111,36,95,40,130,56"/><U73/><E120/><V90/><F108/><W83/><G115/><T92/><D113/><U117/><E112/><V41/><F0/><W19/><G130/><T32/><D42/><U16/><E117/><V105/><F105/><W116/><G116/><T34/><D38/><U2/><E110/><V75/><F75/><W97/><G111/><T39/><D39/><U121/><E121/><V65/><F85/><W58/><G124/><T100/><D24/><U15/><E126/><V104/><F104/><W3/><G31/><T134/><D134/><U106/><E106/><V82/><F45/><N who="3" m="23687" /><G19/><T127/><D127/><U27/><E53/><V62/><F41/><W89/><G89/><T49/><D60/><U37/><E37/><V109/><F62/><W118/><G118/><T51/><D55/><U6/><REACH who="1" step="1"/><E23/><REACH who="1" ten="240,227,250,273" step="2"/><V135/><F109/><W48/><G48/><T30/><D32/><U119/><E119/><V67/><F135/><W114/><G114/><T125/><D125/><U107/><E107/><V71/><F67/><W132/><G132/><T70/><D70/><U9/><E9/><AGARI ba="0,1" hai="3,4,9,56,58,74,79,83,88,95,97" m="23687" machi="9" ten="30,2000,0" yaku="25,1,54,1" doraHai="98" who="3" fromWho="1" sc="240,0,227,-20,250,0,273,30" /><INIT seed="2,0,0,2,3,57" ten="240,207,250,303" oya="2" hai0="40,32,93,68,87,5,18,3,108,66,37,84,125" hai1="43,94,123,76,116,34,24,75,82,65,46,54,19" hai2="12,4,86,29,111,100,113,13,128,122,16,95,81" hai3="117,33,102,67,21,6,25,36,88,35,83,41,59"/><V60/><F122/><W1/><G117/><T131/><D32/><U8/><E116/><V109/><F113/><W127/><G127/><T50/><D125/><U47/><E123/><V92/><F29/><W51/><G36/><T99/><D108/><N who="2" m="41546" /><F128/><W105/><G105/><T115/><D131/><U121/><E121/><V130/><F130/><W133/><G102/><T22/><D115/><U64/><E94/><N who="2" m="35883" /><F100/><W96/><G96/><T17/><D37/><U85/><E75/><V42/><F42/><W9/><G133/><T52/><D40/><U58/><E34/><V0/><F0/><W97/><G97/><T62/><D5/><U132/><E132/><V89/><F4/><W106/><G106/><T10/><D10/><U104/><E104/><V119/><F119/><W71/><G71/><T31/><D3/><U101/><E101/><V48/><F48/><W27/><G35/><T70/><D70/><U44/><E43/><V39/><F39/><W2/><G33/><T28/><D18/><U55/><E55/><V61/><F13/><W120/><G41/><T26/><D31/><U15/><REACH who="1" step="1"/><E24/><REACH who="1" ten="240,197,250,303" step="2"/><V126/><F126/><W7/><G120/><T77/><D28/><U69/><E69/><V107/><F107/><W80/><G27/><T23/><D77/><U11/><E11/><AGARI ba="0,1" hai="11,12,16,60,61,81,86,89" m="35883,41546" machi="11" ten="30,12000,1" yaku="14,1,10,1,52,2,54,1" doraHai="57" who="2" fromWho="1" sc="240,0,197,-120,250,130,303,0" /><INIT seed="2,1,0,2,1,76" ten="240,77,380,303" oya="2" hai0="37,69,114,122,60,123,73,106,17,8,133,124,22" hai1="70,2,83,104,105,116,32,88,14,121,78,103,49" hai2="56,132,130,59,63,82,10,102,97,95,35,48,52" hai3="74,119,28,115,93,24,7,100,12,0,41,89,30"/><V1/><F35/><W92/><G119/><T87/><D114/><U58/><E2/><V91/><F132/><W21/><G74/><T72/><D37/><U26/><E116/><V55/><F130/><W6/><G115/><T117/><D117/><U99/><E121/><V64/><F64/><W113/><G113/><T51/><D133/><U36/><E36/><V77/><F10/><W20/><G0/><T128/><D128/><U109/><E109/><V67/><F1/><W16/><G41/><T9/><D124/><U101/><E70/><V90/><F67/><W25/><G100/><T118/><D118/><U40/><E14/><V34/><F34/><W4/><REACH who="3" step="1"/><G89/><REACH who="3" ten="240,77,380,293" step="2"/><T42/><D123/><U131/><E131/><V98/><F98/><W19/><G19/><T112/><D122/><U81/><E40/><V44/><F44/><W85/><G85/><AGARI ba="1,1" hai="48,52,55,56,59,63,77,82,85,90,91,95,97,102" machi="85" ten="30,11600,0" yaku="7,1,8,1,52,1,54,1" doraHai="76" who="2" fromWho="3" sc="240,0,77,0,380,129,293,-119" /><INIT seed="2,2,0,0,3,63" ten="240,77,509,174" oya="2" hai0="76,58,28,131,50,56,111,110,68,25,85,57,97" hai1="114,38,72,108,49,81,62,14,43,67,34,33,2" hai2="74,99,7,75,47,116,53,118,103,64,83,98,129" hai3="120,4,113,42,41,89,134,1,80,45,16,104,126"/><V18/><F129/><W23/><G120/><T90/><D131/><U59/><E114/><V87/><F7/><W27/><G104/><T26/><D68/><U32/><E2/><V60/><F99/><W106/><G113/><T84/><D50/><U5/><E38/><V10/><F75/><W20/><G134/><T132/><D132/><U55/><E43/><V105/><F74/><W78/><G106/><T66/><D66/><U36/><E36/><V6/><F18/><W88/><G126/><T101/><D76/><U94/><E108/><N who="0" m="41513" /><D90/><U21/><E94/><V51/><F87/><N who="0" m="33354" /><D28/><U124/><E124/><V109/><F109/><W37/><G42/><T79/><D79/><U92/><E92/><AGARI ba="2,0" hai="25,26,56,57,58,92,97,101" m="33354,41513" machi="92" ten="30,1000,0" yaku="14,1" doraHai="63" who="0" fromWho="1" sc="240,16,77,-16,509,0,174,0" /><INIT seed="3,0,0,0,3,3" ten="256,61,509,174" oya="3" hai0="117,8,63,116,45,66,126,119,65,73,133,53,57" hai1="5,106,55,64,36,108,62,101,46,56,6,124,113" hai2="0,1,25,58,121,110,84,47,51,99,104,50,29" hai3="77,74,39,105,122,79,37,9,60,100,107,13,131"/><W109/><G122/><T81/><D73/><U97/><E113/><V48/><F110/><W135/><G131/><T28/><D28/><U10/><E108/><V68/><F68/><W102/><G135/><T18/><D81/><U61/><E124/><V52/><F84/><W127/><G127/><T30/><D30/><U43/><REACH who="1" step="1"/><E10/><REACH who="1" ten="256,51,509,174" step="2"/><V125/><F125/><W75/><G109/><T96/><D126/><U42/><E42/><V4/><F121/><W94/><G107/><T31/><D133/><U85/><E85/><V80/><F104/><W114/><G105/><T111/><D111/><U76/><E76/><V22/><F0/><W24/><G114/><T33/><D119/><U40/><E40/><V32/><F1/><W72/><G79/><T95/><D117/><U112/><E112/><V86/><F99/><W49/><G77/><T132/><D132/><U11/><E11/><V44/><F32/><W128/><G128/><T83/><D33/><U92/><E92/><V70/><F70/><W12/><G94/><T26/><D8/><U82/><E82/><V2/><F2/><W67/><G9/><T38/><D83/><U88/><E88/><V21/><F86/><W91/><G74/><T14/><D95/><U34/><E34/><V23/><F80/><W115/><G75/><T35/><D96/><U87/><E87/><V54/><F48/><W98/><G115/><T41/><D116/><U20/><E20/><N who="2" m="15527" /><F58/><W19/><G72/><T120/><D120/><U93/><E93/><V130/><F130/><W123/><G123/><T118/><D118/><U59/><AGARI ba="0,1" hai="5,6,36,43,46,55,56,59,61,62,64,97,101,106" machi="59" ten="20,12000,2" yaku="1,1,5,1,0,1,7,1,52,2,53,1" doraHai="3" doraHaiUra="71" who="1" fromWho="1" sc="256,-30,51,130,509,-30,174,-60" owari="226,3.0,181,-22.0,479,58.0,114,-39.0" /></mjloggm>