<mjloggm ver="2.3"><GO type="41" lobby="0"/><UN n0="%E7%89%B9%E4%B8%8A%E3%81%AE%E9%A4%8A%E5%88%86" n1="%E3%82%A6%E3%83%AB%E3%83%88%E3%83%A9%E7%AB%8B%E7%9B%B4" n2="%68%61%6D%61%73%61%6D%61" n3="%E3%82%AC%E3%82%B8%E3%82%AC%E3%82%B8" dan="15,16,13,16" rate="1932.96,2065.86,1898.23,2021.52" sx="M,M,M,M"/><TAIKYOKU oya="0"/><INIT seed="0,0,0,0,3,28" ten="250,250,250,250" oya="0" hai0="121,71,90,131,78,52,10,84,76,75,54,18,13" hai1="16,124,92,102,9,129,127,101,82,29,34,62,21" hai2="98,91,43,20,17,70,35,37,111,118,74,85,123" hai3="56,94,132,53,99,8,23,135,6,87,11,110,67"/><T95/><D121/><U113/><E113/><V115/><F35/><W114/><G114/><T59/><D71/><U14/><E129/><V60/><F74/><W47/><G110/><T107/><D107/><U50/><E82/><V30/><F111/><W22/><G67/><T125/><D131/><U45/><E62/><V40/><F30/><W120/><G120/><T126/><D54/><U32/><E92/><V3/><F91/><W104/><G104/><T55/><D55/><U51/><E102/><V80/><F20/><W19/><G87/><T7/><D7/><U31/><E101/><V33/><F43/><W83/><G83/><T46/><D46/><U79/><E79/><V48/><F70/><W24/><G23/><T1/><D1/><U96/><E96/><V117/><F117/><W66/><G66/><T5/><D5/><U106/><E106/><V42/><F42/><W77/><G77/><T116/><D116/><U68/><E68/><V72/><F72/><W89/><G47/><T128/><D128/><U63/><E63/><V122/><F122/><W36/><G36/><T25/><D25/><N who="1" m="16559" /><E31/><V119/><F118/><W93/><G93/><T27/><D27/><U100/><E100/><V103/><F119/><W109/><G109/><T38/><D38/><U73/><E73/><V105/><F37/><W88/><G89/><T4/><D75/><U112/><E112/><V15/><F115/><W81/><G81/><T97/><D78/><U39/><E39/><V57/><F123/><W12/><G11/><N who="0" m="6463" /><D76/><U69/><E69/><V0/><F105/><W65/><G65/><RYUUKYOKU ba="0,0" sc="250,-10,250,-10,250,-10,250,30" hai3="6,8,12,19,22,24,53,56,88,94,99,132,135" /><INIT seed="1,1,0,4,5,98" ten="240,240,240,280" oya="1" hai0="130,45,21,64,31,67,72,114,22,47,105,23,133" hai1="60,51,135,63,30,66,50,2,62,78,40,37,123" hai2="125,80,79,91,113,7,82,108,97,109,46,129,132" hai3="53,8,85,17,18,32,29,106,127,94,96,4,57"/><U16/><E2/><V119/><F119/><W0/><G106/><T28/><D114/><U52/><E30/><V124/><F113/><W118/><G118/><T95/><D105/><U1/><E1/><V87/><F7/><W44/><G127/><N who="2" m="48713" /><F46/><N who="0" m="17418" /><D72/><U27/><E37/><V122/><F122/><W100/><G85/><T101/><D130/><U90/><E123/><V10/><F10/><W131/><G131/><T49/><D133/><U58/><E135/><V70/><F70/><W103/><G44/><T73/><D73/><U9/><E40/><V38/><F38/><W115/><G115/><T15/><D15/><N who="1" m="7279" /><E78/><V43/><F43/><W121/><G121/><T19/><D19/><U86/><E27/><V34/><F34/><W35/><G35/><T71/><D71/><U39/><E39/><V75/><F132/><W36/><G36/><T107/><D107/><U33/><E33/><V20/><F20/><W83/><G83/><T84/><D31/><U74/><E74/><V14/><F14/><W13/><G32/><T81/><D28/><U134/><E134/><V55/><F55/><W65/><G29/><T5/><D5/><U59/><E63/><V111/><F129/><W88/><G65/><T61/><D61/><U112/><E112/><V54/><F54/><W48/><G18/><T89/><D49/><U56/><E56/><V102/><F111/><W11/><AGARI ba="1,0" hai="0,4,8,11,13,17,48,53,57,88,94,96,100,103" machi="11" ten="20,8000,1" yaku="0,1,7,1,52,2,54,1" doraHai="98" who="3" fromWho="3" sc="240,-21,240,-41,240,-21,280,83" /><INIT seed="2,0,0,1,2,115" ten="219,199,219,363" oya="2" hai0="12,54,70,38,102,104,96,68,76,126,61,124,116" hai1="121,30,99,14,131,6,108,86,45,132,110,117,114" hai2="97,27,60,106,17,69,111,85,83,33,87,42,88" hai3="31,13,134,37,9,55,35,100,32,125,28,19,36"/><V71/><F42/><W91/><G100/><T4/><D38/><U75/><E75/><V7/><F7/><W103/><G103/><T80/><D54/><U47/><E114/><V119/><F97/><W22/><G37/><T122/><D122/><U52/><E121/><V120/><F120/><W44/><G36/><T40/><D40/><U3/><E3/><V16/><F119/><W25/><G44/><T72/><D116/><U66/><E66/><V57/><F106/><W95/><G55/><T90/><D90/><U129/><E117/><V93/><F111/><N who="1" m="42537" /><E47/><V128/><F128/><N who="1" m="49225" /><E30/><V107/><F107/><W46/><G46/><T84/><D72/><U81/><E99/><V24/><F33/><W1/><G95/><T135/><D96/><U43/><E43/><V101/><F101/><W21/><G91/><T94/><D102/><U92/><E92/><V105/><F105/><W112/><G112/><T67/><D94/><U23/><E132/><V123/><F123/><W118/><G134/><T18/><D135/><U50/><E23/><N who="3" m="8714" /><G118/><T78/><D104/><U8/><E86/><V0/><F0/><W58/><G58/><T65/><D65/><U79/><E81/><V109/><F109/><W20/><G125/><N who="0" m="48235" /><D70/><U49/><E49/><V51/><F71/><W98/><G98/><T130/><D130/><U77/><AGARI ba="0,0" hai="6,8,14,45,50,52,77,79" m="49225,42537" machi="77" ten="40,5200,0" yaku="14,1,19,1,54,1" doraHai="115" who="1" fromWho="1" sc="219,-13,199,52,219,-26,363,-13" /><INIT seed="3,0,0,0,4,77" ten="206,251,193,350" oya="3" hai0="114,67,36,106,14,41,8,94,22,95,87,113,6" hai1="84,75,85,83,16,66,112,10,97,63,12,60,130" hai2="126,52,122,88,29,38,108,69,79,72,127,132,93" hai3="92,37,13,76,43,0,15,20,117,135,33,56,124"/><W49/><G33/><T134/><D106/><U35/><E35/><V96/><F69/><W39/><G0/><T73/><D73/><U99/><E112/><N who="0" m="43113" /><D134/><U25/><E75/><V28/><F132/><W26/><G117/><T131/><D131/><U7/><E130/><V59/><F38/><W119/><G119/><T123/><D123/><U40/><E85/><V71/><F71/><W46/><G135/><T68/><D22/><N who="1" m="13511" /><E40/><V78/><F122/><W103/><G124/><N who="2" m="47657" /><F79/><W11/><G76/><T133/><D133/><U125/><E125/><V48/><F108/><W91/><G103/><T2/><D2/><U64/><E64/><V105/><F105/><W4/><G56/><T86/><D67/><U74/><E74/><V101/><F101/><W90/><G15/><T98/><D68/><U23/><E23/><V53/><F53/><W129/><G129/><T81/><D41/><U55/><E55/><V31/><F31/><W116/><G116/><T34/><D36/><U5/><E5/><V47/><F47/><W3/><G3/><T18/><D6/><U111/><E111/><V118/><F118/><W42/><G42/><T57/><D57/><N who="1" m="37135" /><E63/><V61/><F61/><W58/><G58/><T24/><D34/><U30/><E30/><V54/><F54/><W110/><G110/><T102/><D8/><U9/><E9/><V121/><F121/><W115/><G115/><T65/><D65/><U120/><E120/><V45/><F45/><W1/><G39/><T109/><D109/><U62/><E62/><V27/><F27/><W104/><G37/><T80/><D24/><RYUUKYOKU ba="0,0" sc="206,-15,251,15,193,15,350,-15" hai1="7,10,12,83,84,97,99" hai2="28,29,48,52,59,72,78,88,93,96" /><INIT seed="4,1,0,0,3,77" ten="191,266,208,335" oya="0" hai0="60,92,56,85,31,119,123,84,33,116,69,28,37" hai1="50,21,89,22,9,97,104,43,126,103,79,76,113" hai2="1,130,70,90,59,105,95,53,45,19,128,110,26" hai3="111,5,106,101,32,121,117,115,38,49,129,122,30"/><T27/><D123/><U71/><E71/><V11/><F105/><W16/><G49/><T36/><D69/><U93/><E126/><V134/><F70/><W78/><G16/><T55/><D31/><U99/><E113/><V52/><F110/><W39/><G30/><T74/><D74/><U96/><E9/><V133/><F1/><W125/><G5/><T29/><D29/><U41/><E97/><N who="2" m="57591" /><F45/><W82/><G82/><T35/><D35/><U48/><E104/><V47/><F47/><W120/><G101/><T20/><D33/><U94/><E89/><V23/><F11/><W42/><G42/><T112/><D112/><U107/><E107/><V61/><F53/><W114/><G78/><T7/><D7/><U8/><E8/><V51/><F51/><W64/><G64/><T75/><D75/><U131/><E131/><AGARI ba="1,0" hai="19,23,26,52,59,61,128,130,131,133,134" m="57591" machi="131" ten="30,3900,0" yaku="25,1,19,1,54,1" doraHai="77" who="2" fromWho="1" sc="191,0,266,-42,208,42,335,0" /><INIT seed="5,0,0,4,5,75" ten="191,224,250,335" oya="1" hai0="77,81,118,93,128,57,37,95,127,9,86,98,35" hai1="15,68,36,42,92,11,84,97,5,113,87,80,58" hai2="135,52,90,83,111,48,70,124,130,34,33,50,26" hai3="63,131,126,82,14,88,78,45,60,1,3,54,105"/><U59/><E68/><V46/><F70/><W134/><G105/><T103/><D37/><U0/><E0/><V30/><F111/><W47/><G14/><T114/><D35/><U40/><E113/><V99/><F135/><W22/><G22/><T27/><D118/><U101/><E87/><V38/><F38/><W2/><G134/><T110/><D110/><U23/><E23/><V125/><F130/><W112/><G112/><T10/><D114/><U69/><E69/><V102/><F90/><W96/><G131/><T119/><D119/><U16/><E5/><V32/><F83/><W71/><G126/><N who="2" m="48745" /><F48/><W85/><G71/><T19/><D128/><U12/><E12/><V107/><AGARI ba="0,0" hai="26,30,32,33,34,46,50,52,99,102,107" m="48745" machi="107" ten="30,2000,0" yaku="18,1,54,1" doraHai="75" who="2" fromWho="2" sc="191,-5,224,-10,250,20,335,-5" /><INIT seed="6,0,0,4,2,35" ten="186,214,270,330" oya="2" hai0="96,12,59,44,24,112,19,107,26,25,86,27,33" hai1="111,95,77,64,43,11,109,119,16,32,115,65,14" hai2="131,117,102,15,57,6,91,124,62,125,73,9,60" hai3="94,70,129,123,58,38,121,0,48,110,88,66,71"/><V92/><F73/><W83/><G110/><T87/><D112/><U116/><E43/><V99/><F117/><N who="1" m="45129" /><E95/><V39/><F39/><W28/><G38/><T81/><D44/><U4/><E77/><V97/><F131/><W79/><G28/><T52/><D33/><U50/><E50/><V134/><F134/><W75/><G0/><T45/><D45/><U1/><E64/><V67/><REACH who="2" step="1"/><F60/><REACH who="2" ten="186,214,260,330" step="2"/><W23/><G129/><T41/><D41/><U40/><E40/><V36/><F36/><W68/><G123/><T82/><D107/><AGARI ba="0,1" hai="6,9,15,57,62,67,91,92,97,99,102,107,124,125" machi="107" ten="40,2000,0" yaku="1,1,53,0" doraHai="35" doraHaiUra="72" who="2" fromWho="0" sc="186,-20,214,0,260,30,330,0" /><INIT seed="6,1,0,5,3,8" ten="166,214,290,330" oya="2" hai0="62,4,50,60,70,55,59,43,0,110,34,65,51" hai1="9,32,13,116,79,1,45,27,67,26,38,115,122" hai2="109,90,30,49,128,41,119,86,66,106,15,102,131" hai3="82,87,63,112,125,74,20,29,97,19,123,47,58"/><V81/><F119/><W71/><G123/><T39/><D34/><U75/><E116/><V120/><F66/><W36/><G74/><T95/><D4/><U33/><E79/><V132/><F120/><W48/><G125/><T91/><D0/><U127/><E75/><V28/><F132/><W35/><G112/><T17/><D110/><U98/><E45/><V53/><F41/><W129/><G129/><N who="2" m="49737" /><F102/><W57/><G97/><T107/><D107/><U2/><E98/><V111/><F106/><W23/><G36/><T130/><D130/><U6/><E67/><V31/><F15/><W73/><G73/><T99/><D39/><U69/><E69/><V113/><F113/><W7/><G7/><T56/><D43/><U124/><E38/><V11/><F11/><W80/><G35/><N who="1" m="13386" /><E115/><V88/><F90/><W85/><G29/><N who="2" m="7425" /><V10/><DORA hai="108" /><F10/><W96/><G71/><T89/><D70/><U54/><E54/><V22/><F22/><W14/><G23/><T77/><D77/><U5/><E122/><V134/><F134/><W83/><G96/><T105/><D105/><U84/><E5/><V21/><F21/><W117/><G117/><T114/><D114/><U135/><E135/><V133/><F133/><W40/><REACH who="3" step="1"/><G58/><AGARI ba="1,0" hai="49,53,58,81,86,88,109,111" m="7425,49737" machi="58" ten="40,3900,0" yaku="19,1,54,1" doraHai="8,108" who="2" fromWho="3" sc="166,0,214,0,290,42,330,-42" /><INIT seed="6,2,0,5,4,18" ten="166,214,332,288" oya="2" hai0="48,5,44,85,17,132,118,8,37,81,47,125,106" hai1="105,68,46,13,73,116,25,102,96,54,77,112,27" hai2="34,3,128,60,122,38,67,58,61,0,92,62,9" hai3="19,41,42,83,32,57,15,134,29,55,76,40,64"/><V33/><F122/><W75/><G134/><T70/><D106/><U43/><E116/><V117/><F38/><W110/><G110/><T65/><D132/><U22/><E68/><V59/><F117/><W129/><G129/><T78/><D118/><U63/><E112/><V4/><F128/><W20/><G64/><T111/><D111/><U10/><E77/><V89/><F3/><W130/><G130/><T1/><D125/><U82/><E82/><V2/><F2/><W123/><G123/><T98/><D98/><U103/><E73/><V107/><F107/><W51/><G32/><T21/><D37/><U127/><E27/><V93/><F93/><W99/><G29/><T95/><D95/><U86/><E86/><V133/><F62/><W135/><G135/><T28/><D28/><U80/><E80/><V7/><F7/><W126/><REACH who="3" step="1"/><G99/><REACH who="3" ten="166,214,332,278" step="2"/><T50/><D65/><U87/><E96/><V6/><F133/><W124/><AGARI ba="2,1" hai="15,19,20,40,41,42,51,55,57,75,76,83,124,126" machi="124" ten="30,7900,0" yaku="1,1,2,1,0,1,52,1,53,0" doraHai="18" doraHaiUra="113" who="3" fromWho="3" sc="166,-22,214,-22,332,-41,278,95" /><INIT seed="7,0,0,0,2,16" ten="144,192,291,373" oya="3" hai0="21,79,47,63,133,115,86,15,18,99,102,42,25" hai1="111,23,34,77,49,14,2,6,107,5,62,56,35" hai2="1,100,91,17,43,122,45,72,4,48,126,68,11" hai3="41,113,78,108,19,75,84,89,46,69,109,27,135"/><W44/><G69/><T67/><D133/><U20/><E107/><V57/><F126/><W117/><G117/><T120/><D120/><U93/><E77/><V3/><F100/><W103/><G135/><T96/><D115/><U36/><E36/><V24/><F68/><W12/><G103/><T123/><D123/><U37/><E37/><V112/><F112/><W132/><G113/><T31/><D79/><U134/><E134/><V13/><F72/><W76/><G27/><T121/><D86/><U60/><E93/><V73/><F73/><W90/><G46/><T33/><D121/><U105/><E105/><V8/><F122/><W64/><G64/><T98/><D102/><U9/><E49/><V28/><F57/><W58/><G58/><T85/><D85/><U97/><E97/><V80/><F3/><W39/><G90/><T127/><D127/><U52/><E111/><N who="3" m="42570" /><G75/><T114/><D114/><U131/><E131/><V87/><F28/><W125/><G125/><T7/><D7/><U61/><E5/><V92/><F24/><W40/><G40/><T130/><D130/><U88/><E88/><V124/><F124/><W104/><G104/><T74/><D74/><U129/><E129/><V101/><F101/><W118/><G118/><T128/><D128/><U0/><E56/><V22/><F92/><W70/><G70/><T26/><D26/><U59/><E59/><V106/><F106/><W30/><G132/><T83/><D83/><U38/><E38/><V94/><F94/><W29/><G39/><T95/><D95/><U53/><E6/><V50/><F80/><RYUUKYOKU ba="0,0" sc="144,0,192,0,291,0,373,0" owari="144,-36.0,192,-21.0,291,9.0,373,48.0" /></mjloggm>