<mjloggm ver="2.3"><GO type="97" lobby="0"/><UN n0="%E3%82%A6%E3%83%AB%E3%83%88%E3%83%A9%E7%AB%8B%E7%9B%B4" n1="%74%6B%63%72%6A%38%37%34" n2="%73%79%75%30%33%31%36" n3="%E5%A5%8F%E3%81%A1%E3%82%83%E3%82%93" dan="15,15,14,15" rate="2011.04,1949.73,1911.20,1966.26" sx="M,M,M,F"/><TAIKYOKU oya="0"/><INIT seed="0,0,0,1,0,129" ten="250,250,250,250" oya="0" hai0="63,97,72,15,19,7,42,74,86,115,4,24,45" hai1="106,40,99,46,75,123,20,89,35,109,36,121,29" hai2="78,76,61,107,93,13,113,117,84,1,12,64,50" hai3="80,131,55,135,82,98,30,116,58,122,92,48,28"/><T62/><D115/><U71/><E109/><V70/><F113/><W22/><G116/><T111/><D111/><U69/><E35/><V44/><F117/><W18/><G131/><T90/><D74/><U8/><E75/><V73/><F1/><W79/><G122/><T11/><D72/><U77/><E77/><V128/><F107/><W102/><G135/><T125/><D97/><U119/><E119/><V38/><F38/><W110/><G110/><T57/><D125/><U87/><E8/><V108/><F128/><W83/><REACH who="3" step="1"/><G79/><REACH who="3" ten="250,250,250,240" step="2"/><T27/><D7/><U133/><E133/><V124/><F108/><W114/><G114/><T103/><D4/><U68/><E106/><V47/><F78/><W88/><G88/><T85/><D103/><U118/><E118/><V126/><F76/><W52/><G52/><T66/><D86/><U56/><E99/><V23/><F73/><W130/><G130/><T65/><D85/><U49/><E123/><V25/><F84/><W17/><G17/><T81/><D90/><U60/><E121/><V95/><F126/><W34/><G34/><T127/><D127/><U67/><E89/><V134/><F124/><W51/><G51/><T59/><D81/><U2/><E87/><V39/><F134/><W32/><G32/><T96/><D96/><U6/><E49/><AGARI ba="0,1" hai="11,15,19,24,27,42,45,49,57,59,62,63,65,66" machi="49" ten="30,5800,0" yaku="7,1,9,1,8,1" doraHai="129" who="0" fromWho="1" sc="250,68,250,-58,250,0,240,0" /><INIT seed="0,1,0,1,0,107" ten="318,192,250,240" oya="0" hai0="62,113,49,102,35,30,127,90,33,13,67,115,9" hai1="116,1,25,72,123,117,119,52,24,89,29,44,135" hai2="7,66,51,129,94,109,19,27,6,0,2,70,23" hai3="104,58,98,56,103,50,45,105,101,15,53,86,28"/><T79/><D127/><U39/><E1/><V64/><F109/><W43/><G28/><T32/><D30/><U83/><E123/><V68/><F129/><W80/><G15/><T37/><D37/><U63/><E135/><V12/><F51/><W106/><G58/><T108/><D108/><U16/><E39/><V81/><F81/><W112/><G112/><T132/><D132/><U26/><E29/><V42/><F42/><W48/><REACH who="3" step="1"/><G101/><REACH who="3" ten="318,192,250,230" step="2"/><T118/><D102/><U34/><E34/><V17/><F70/><W95/><G95/><T82/><D32/><U110/><E110/><V31/><F94/><W125/><G125/><T11/><D33/><U130/><E130/><V47/><F68/><W88/><AGARI ba="1,1" hai="43,45,48,50,53,56,80,86,88,98,103,104,105,106" machi="88" ten="20,5200,0" yaku="1,1,0,1,7,1,54,1,53,0" doraHai="107" doraHaiUra="20" who="3" fromWho="3" sc="318,-27,192,-14,250,-14,230,65" /><INIT seed="1,0,0,3,2,8" ten="291,178,236,295" oya="1" hai0="95,94,57,89,79,45,103,120,48,71,70,131,82" hai1="116,124,17,11,134,127,105,96,54,59,66,106,28" hai2="7,43,32,65,129,34,40,22,47,42,73,64,72" hai3="38,86,39,37,92,33,26,99,49,67,46,135,63"/><U18/><E116/><V111/><F7/><W101/><G135/><T108/><D131/><U117/><E117/><V98/><F129/><W68/><G86/><T10/><D108/><U9/><E66/><V27/><F111/><W21/><G33/><T97/><D57/><U61/><E28/><V88/><F47/><W123/><G123/><T84/><D10/><U80/><E80/><V3/><F3/><W74/><G74/><T128/><D128/><U104/><E96/><V60/><F73/><W31/><REACH who="3" step="1"/><G38/><REACH who="3" ten="291,178,236,285" step="2"/><T110/><D120/><U112/><E134/><V44/><F72/><W56/><G56/><T119/><D119/><U118/><E118/><V113/><F34/><W83/><G83/><T75/><D110/><U133/><E112/><V6/><F32/><W50/><G50/><T5/><D71/><U1/><E133/><V12/><F113/><W30/><G30/><T52/><D70/><U2/><E2/><V13/><F44/><W76/><G76/><T24/><D75/><U100/><E100/><V132/><F132/><W130/><G130/><T20/><D79/><U102/><E102/><V51/><F51/><W29/><G29/><N who="0" m="17543" /><D82/><U69/><E69/><V16/><F60/><W93/><G93/><T23/><D95/><U25/><E1/><V122/><F122/><W115/><G115/><T35/><D35/><U19/><E25/><V55/><F27/><W0/><G0/><T41/><D103/><U77/><REACH who="1" step="1"/><E77/><REACH who="1" ten="291,168,236,285" step="2"/><V36/><F98/><W53/><AGARI ba="0,2" hai="21,26,31,37,39,46,49,53,63,67,68,92,99,101" machi="53" ten="20,5200,0" yaku="1,1,0,1,7,1,53,1" doraHai="8" doraHaiUra="90" who="3" fromWho="3" sc="291,-13,168,-26,236,-13,285,72" /><INIT seed="2,0,0,4,1,94" ten="278,142,223,357" oya="2" hai0="31,120,110,12,52,69,18,98,89,25,85,95,68" hai1="73,39,24,46,27,86,134,63,111,14,74,9,28" hai2="53,32,49,91,93,37,122,5,1,55,102,13,51" hai3="113,43,123,109,65,47,83,8,0,41,88,6,133"/><V36/><F122/><W60/><G109/><T17/><D120/><U45/><E111/><V108/><F32/><W42/><G123/><T125/><D125/><U35/><E134/><V115/><F108/><W57/><G113/><T54/><D110/><U48/><E27/><V23/><F115/><W126/><G126/><T82/><D68/><U103/><E103/><V105/><F1/><W16/><G133/><T15/><D69/><U104/><E104/><V70/><F70/><W114/><G114/><T10/><D25/><U26/><E26/><V78/><F78/><W130/><G130/><T38/><D38/><U3/><E3/><V96/><F53/><W66/><G66/><T112/><D31/><U129/><E129/><V87/><F51/><W33/><G33/><T11/><D112/><U132/><E132/><V29/><F5/><W107/><G107/><T71/><D71/><U101/><E101/><AGARI ba="0,0" hai="10,11,12,15,17,18,52,54,82,85,89,95,98,101" machi="101" ten="30,8000,1" yaku="7,1,9,1,8,1,52,1,54,1" doraHai="94" who="0" fromWho="1" sc="278,80,142,-80,223,0,357,0" /><INIT seed="3,0,0,2,4,57" ten="358,62,223,357" oya="3" hai0="93,115,38,94,24,60,95,16,116,35,10,96,61" hai1="55,126,4,25,79,65,18,131,127,101,86,3,74" hai2="9,102,124,120,66,50,15,119,91,113,77,42,54" hai3="98,7,59,62,125,103,19,49,133,58,92,117,108"/><W80/><G117/><T99/><D38/><U84/><E65/><V39/><F119/><W88/><G133/><T13/><D116/><U12/><E55/><V22/><F113/><W0/><G125/><N who="1" m="47626" /><E101/><V83/><F120/><W106/><G108/><T5/><D115/><U48/><E48/><V100/><F124/><W53/><G19/><T47/><D47/><U56/><E56/><V78/><F66/><N who="3" m="39255" /><G0/><T26/><D35/><U51/><E51/><V123/><F123/><W41/><G106/><T11/><D11/><N who="1" m="2463" /><E86/><V134/><F134/><W52/><G7/><T90/><D5/><U135/><E84/><V97/><F39/><W43/><G53/><T128/><D128/><U69/><E79/><V34/><F34/><W67/><G67/><T23/><D10/><N who="1" m="6423" /><E69/><V32/><F32/><W129/><G129/><T73/><D73/><U36/><E74/><V31/><F42/><W21/><G21/><T85/><D26/><U20/><E36/><V70/><F70/><W76/><G76/><T110/><D24/><U87/><E87/><AGARI ba="0,0" hai="41,43,49,52,59,80,87,88,92,98,103" m="39255" machi="87" ten="30,11600,0" yaku="8,1,52,1,54,2" doraHai="57" who="3" fromWho="1" sc="358,0,62,-116,223,0,357,116" owari="358,16.0,-54,-55.0,223,-18.0,473,57.0" /></mjloggm>