<mjloggm ver="2.3"><GO type="97" lobby="0"/><UN n0="%E3%83%95%E3%82%A7%E3%83%AB%E3%83%A1%E3%83%BC%E3%83%AB" n1="%E3%82%A6%E3%83%AB%E3%83%88%E3%83%A9%E7%AB%8B%E7%9B%B4" n2="%E4%BA%94%E6%AE%B5" n3="%E5%9C%B0%E5%92%8C" dan="14,15,14,14" rate="1913.55,2005.74,1917.57,1856.73" sx="F,M,M,M"/><TAIKYOKU oya="0"/><INIT seed="0,0,0,0,5,1" ten="250,250,250,250" oya="0" hai0="31,93,77,88,41,30,20,112,2,32,91,131,135" hai1="53,125,8,94,71,68,61,119,37,130,24,64,34" hai2="92,118,7,35,127,78,9,108,107,13,80,66,0" hai3="115,86,47,49,4,46,5,134,59,58,126,29,79"/><T14/><D112/><U83/><E68/><V73/><F107/><W28/><G115/><T62/><D2/><U45/><E119/><V100/><F118/><W87/><G134/><T33/><D131/><U117/><E117/><V113/><F113/><W101/><G101/><T43/><D135/><U133/><E133/><V132/><F132/><W96/><G96/><T103/><D62/><U90/><E130/><V121/><F121/><W26/><G126/><T60/><D60/><U97/><E125/><V65/><F127/><W17/><G79/><T124/><D124/><U128/><E128/><V102/><F108/><W82/><G82/><T84/><D77/><U52/><E83/><V27/><F0/><W21/><G49/><T70/><D70/><U89/><E89/><V72/><F72/><W69/><G69/><T76/><D76/><U106/><E106/><V75/><F75/><W15/><G86/><N who="0" m="52375" /><D33/><U110/><E110/><V38/><F38/><W122/><G122/><T57/><D32/><U3/><E34/><V104/><F104/><W95/><G95/><N who="0" m="54759" /><D57/><N who="3" m="21513" /><G87/><T22/><D103/><U51/><E37/><V67/><REACH who="2" step="1"/><F92/><REACH who="2" ten="250,250,240,250" step="2"/><W10/><G47/><T16/><D22/><U19/><E3/><V116/><F116/><W6/><G46/><T81/><D81/><U11/><E94/><V12/><F12/><W129/><G129/><T36/><D36/><U120/><E120/><V23/><F23/><W123/><G123/><T50/><D50/><U40/><E51/><V25/><F25/><W111/><G111/><T105/><D105/><U54/><E24/><V18/><F18/><AGARI ba="0,1" hai="4,5,6,10,15,17,18,21,26,28,29" m="21513" machi="18" ten="30,8000,1" yaku="6,1,8,1,52,3" doraHai="1" who="3" fromWho="2" sc="250,0,250,0,240,-80,250,90" /><INIT seed="1,0,0,0,0,4" ten="250,250,160,340" oya="1" hai0="104,57,50,34,6,117,62,27,76,59,52,114,54" hai1="11,63,0,78,41,125,24,35,39,98,45,81,115" hai2="22,116,53,25,21,102,13,91,61,38,9,29,124" hai3="79,109,132,80,69,112,30,68,44,131,43,111,66"/><U100/><E63/><V106/><F116/><W74/><G112/><T7/><D117/><U130/><E115/><V48/><F38/><N who="3" m="21623" /><G132/><T103/><D114/><U2/><E125/><V14/><F124/><W31/><G131/><T90/><D76/><U134/><E134/><V94/><F61/><N who="3" m="40015" /><G69/><T3/><D3/><U46/><E46/><V12/><F106/><W83/><G83/><T23/><D34/><U128/><E24/><V40/><F102/><W64/><G64/><T10/><D104/><U17/><E17/><V56/><F40/><W127/><G127/><T67/><D103/><U28/><E28/><V120/><F120/><W71/><G71/><T92/><D67/><U107/><E35/><V51/><F51/><W121/><G121/><T5/><D10/><U65/><E65/><V101/><F101/><W15/><G15/><T126/><D126/><U119/><E119/><V49/><F49/><W47/><G47/><T129/><D129/><U73/><E2/><V82/><F82/><W20/><G20/><T88/><REACH who="0" step="1"/><D92/><REACH who="0" ten="240,250,160,340" step="2"/><U105/><E105/><V84/><REACH who="2" step="1"/><F21/><REACH who="2" ten="240,250,150,340" step="2"/><W18/><G80/><T123/><D123/><U118/><E118/><V60/><F60/><W93/><G93/><T58/><D58/><U108/><E108/><V33/><F33/><W133/><G111/><T42/><D42/><U113/><E113/><V16/><AGARI ba="0,2" hai="9,12,13,14,16,22,25,29,48,53,56,84,91,94" machi="16" ten="20,12000,2" yaku="1,1,0,1,7,1,8,1,52,1,54,1,53,1" doraHai="4" doraHaiUra="87" who="2" fromWho="2" sc="240,-30,250,-60,150,140,340,-30" /><INIT seed="2,0,0,4,4,91" ten="210,190,290,310" oya="2" hai0="78,25,46,124,13,118,99,61,75,36,23,21,68" hai1="96,122,117,63,59,1,105,106,93,83,47,95,43" hai2="9,79,70,60,49,10,135,82,76,128,81,104,64" hai3="4,66,16,89,41,0,33,44,32,113,51,119,30"/><V3/><F104/><W34/><G119/><T57/><D118/><U71/><E71/><V86/><F128/><W101/><G101/><T56/><D124/><U80/><E1/><V67/><F135/><W87/><G66/><T39/><D68/><U15/><E117/><V129/><F129/><W12/><G4/><T130/><D130/><U107/><E122/><V73/><F67/><W58/><G58/><T2/><D2/><U121/><E121/><V38/><F38/><W24/><G0/><T116/><D116/><U92/><E15/><V7/><F10/><W85/><G113/><T35/><D35/><U94/><N who="1" m="23552" /><DORA hai="69" /><U11/><E11/><V74/><REACH who="2" step="1"/><F49/><REACH who="2" ten="210,190,280,310" step="2"/><W77/><G51/><T42/><D39/><U110/><E96/><V48/><F48/><W27/><G34/><T54/><D99/><U109/><E109/><V19/><F19/><W97/><G16/><T111/><D111/><U72/><E110/><V131/><F131/><W132/><G33/><T114/><D36/><U108/><E108/><V18/><F18/><W88/><G32/><T102/><D114/><U100/><E100/><V28/><F28/><W26/><G30/><T65/><D102/><U127/><E127/><V52/><F52/><W62/><G97/><T126/><D126/><U84/><E106/><V8/><F8/><W115/><G132/><T14/><D54/><N who="1" m="34295" /><E107/><V5/><F5/><W6/><G6/><T37/><D37/><N who="1" m="21999" /><E105/><V125/><F125/><W20/><G115/><T134/><D134/><U123/><E123/><V133/><F133/><W45/><G41/><T29/><D42/><RYUUKYOKU ba="0,1" sc="210,-10,190,-10,280,30,310,-10" hai2="3,7,9,60,64,70,73,74,76,79,81,82,86" /><INIT seed="2,1,1,2,5,106" ten="200,180,310,300" oya="2" hai0="128,41,72,3,23,86,11,44,42,58,102,39,51" hai1="127,109,46,24,88,34,16,57,5,95,107,76,6" hai2="19,27,26,77,7,94,74,48,80,91,123,12,53" hai3="49,104,87,134,9,13,85,112,47,129,82,96,31"/><V90/><F123/><W59/><G134/><T29/><D128/><U81/><E107/><V111/><F7/><W115/><G129/><T79/><D102/><U108/><E57/><V21/><F111/><N who="1" m="42569" /><E46/><V36/><F36/><W83/><G31/><T63/><D86/><N who="1" m="52631" /><E127/><V8/><F8/><W52/><G104/><T38/><D42/><U2/><E2/><V132/><F132/><W130/><G96/><T67/><D3/><U84/><E34/><V66/><F66/><W135/><G135/><T50/><D11/><U32/><E32/><V10/><F10/><W105/><G105/><T64/><D39/><U89/><E89/><V33/><F33/><W93/><G130/><T54/><D67/><U126/><E126/><V22/><F22/><AGARI ba="1,1" hai="5,6,16,22,24,76,81,84" m="52631,42569" machi="22" ten="30,3900,0" yaku="14,1,54,2" doraHai="106" who="1" fromWho="2" sc="200,0,180,52,310,-42,300,0" /><INIT seed="3,0,0,1,3,63" ten="200,232,268,300" oya="3" hai0="119,81,37,93,12,117,5,127,101,73,41,87,109" hai1="95,48,124,14,118,59,128,131,67,51,6,65,112" hai2="123,66,38,100,126,122,135,134,62,53,54,110,88" hai3="18,16,99,50,103,121,19,7,39,52,30,116,64"/><W85/><G121/><N who="2" m="46089" /><F100/><W90/><G116/><T114/><D109/><U96/><E118/><V23/><F110/><W84/><G39/><T74/><D127/><U106/><E106/><V34/><F34/><W94/><G64/><N who="1" m="24650" /><E59/><N who="2" m="37215" /><F126/><W47/><G30/><T33/><D33/><U133/><E112/><V26/><F38/><W22/><G7/><T28/><D28/><U58/><E58/><V31/><F88/><W40/><G40/><T45/><D114/><U76/><E76/><V77/><F77/><W1/><G1/><T20/><D74/><U80/><E80/><V111/><F111/><W75/><G75/><T108/><D73/><U120/><E120/><V72/><F72/><W49/><G49/><T69/><D69/><U35/><E35/><V97/><F97/><W92/><G85/><T9/><D108/><U71/><E71/><V115/><F115/><W98/><G98/><T21/><D21/><AGARI ba="0,0" hai="16,18,19,21,22,47,50,52,84,90,92,94,99,103" machi="21" ten="40,7700,0" yaku="8,1,54,2" doraHai="63" who="3" fromWho="0" sc="200,-77,232,0,268,0,300,77" owari="123,-38.0,232,-17.0,268,7.0,377,48.0" /></mjloggm>