<mjloggm ver="2.3"><GO type="225" lobby="0"/><UN n0="%E3%81%A4%E3%81%B0%E3%81%8D%E3%81%A1%30%33" n1="%EF%BC%BC%28%EF%BC%BE%6F%EF%BC%BE%29%EF%BC%8F%E2%98%85" n2="%4C%49%54%48%49%55%4D" n3="%E3%82%A6%E3%83%AB%E3%83%88%E3%83%A9%E7%AB%8B%E7%9B%B4" dan="17,17,16,16" rate="2162.07,2160.71,2071.85,2040.12" sx="M,M,F,M"/><TAIKYOKU oya="0"/><INIT seed="0,0,0,4,2,18" ten="250,250,250,250" oya="0" hai0="50,31,89,69,45,109,79,105,0,53,131,98,44" hai1="5,62,13,49,12,135,66,108,43,101,123,99,110" hai2="112,11,38,113,81,54,39,19,29,68,116,133,130" hai3="114,14,61,48,87,124,20,106,1,55,88,28,90"/><T77/><D0/><U63/><E123/><V96/><F68/><W126/><G1/><T95/><D131/><U10/><E135/><V3/><F130/><W76/><G106/><T26/><D109/><N who="1" m="42091" /><E13/><V27/><F133/><W36/><G36/><T9/><D105/><N who="1" m="63679" /><E66/><V93/><F116/><W134/><G61/><T132/><D132/><U7/><E7/><V15/><F3/><W100/><G100/><T118/><D118/><U25/><E25/><V51/><F39/><W127/><G114/><T35/><D69/><U97/><E97/><V74/><F38/><W67/><G67/><T122/><D122/><U94/><E94/><V32/><F81/><N who="3" m="47527" /><G134/><T125/><D125/><U104/><E104/><V107/><F107/><W92/><G92/><T23/><D35/><U86/><E86/><V85/><F85/><W16/><G28/><T64/><D64/><U52/><E43/><V59/><REACH who="2" step="1"/><F74/><REACH who="2" ten="250,250,240,250" step="2"/><W40/><G40/><T4/><REACH who="0" step="1"/><D45/><AGARI ba="0,1" hai="5,10,12,45,49,52,62,63" m="63679,42091" machi="45" ten="30,2000,0" yaku="14,1,54,1" doraHai="18" who="1" fromWho="0" sc="250,-20,250,30,240,0,250,0" /><AGARI ba="0,0" hai="14,16,20,45,48,55,88,90,124,126,127" m="47527" machi="45" ten="30,7700,0" yaku="18,1,52,1,54,2" doraHai="18" who="3" fromWho="0" sc="230,-77,280,0,240,0,250,77" /><INIT seed="1,0,0,0,0,59" ten="153,280,240,327" oya="1" hai0="87,118,90,113,81,120,22,43,53,38,131,102,103" hai1="10,70,27,31,119,133,51,23,99,30,36,91,65" hai2="39,76,32,125,9,69,74,33,57,84,67,2,45" hai3="0,134,86,68,135,5,66,100,117,46,7,19,50"/><U64/><E36/><V106/><F57/><W35/><G35/><T89/><D38/><U58/><E119/><V94/><F84/><W54/><G0/><T85/><D43/><U98/><E133/><N who="3" m="50698" /><G100/><N who="0" m="38443" /><D53/><N who="1" m="32063" /><E70/><V4/><F94/><W124/><G124/><T79/><D22/><U13/><E31/><V25/><F125/><W78/><G19/><T92/><D118/><U128/><E128/><V112/><F106/><W20/><G20/><T105/><D113/><U49/><E49/><V11/><F112/><W129/><G129/><T83/><D131/><U15/><E15/><V126/><F126/><W73/><G73/><N who="0" m="43247" /><D120/><U111/><E111/><V16/><F33/><W26/><G26/><T93/><D105/><U130/><E130/><V52/><F25/><W28/><G28/><T3/><D3/><U72/><E23/><V88/><F32/><W121/><G121/><T108/><D108/><U104/><E104/><V82/><F2/><W75/><G117/><T21/><D21/><U132/><E132/><V116/><F116/><W41/><G68/><T63/><D63/><U123/><E123/><V42/><F69/><W18/><G50/><T109/><D109/><U48/><E27/><V47/><F39/><W6/><G75/><T71/><D71/><U107/><E72/><V12/><F74/><W44/><G41/><T61/><D61/><U56/><E48/><V101/><F42/><W77/><G44/><T96/><D93/><N who="1" m="56639" /><E56/><V8/><F45/><W24/><G46/><T1/><D1/><U55/><E30/><V40/><F47/><W95/><G24/><T37/><D37/><RYUUKYOKU ba="0,0" sc="153,30,280,-10,240,-10,327,-10" hai0="83,85,87,89,90,92,96" /><INIT seed="2,1,0,2,2,0" ten="183,270,230,317" oya="2" hai0="37,72,89,43,1,50,87,112,109,66,55,24,132" hai1="111,127,32,80,85,20,91,35,86,74,63,120,78" hai2="104,9,8,73,67,116,36,28,71,110,124,56,2" hai3="102,105,79,108,33,51,77,107,45,10,93,94,129"/><V121/><RYUUKYOKU type="yao9" ba="1,0" sc="183,0,270,0,230,0,317,0" hai2="2,8,9,28,36,56,67,71,73,104,110,116,121,124" /><INIT seed="2,2,0,2,4,71" ten="183,270,230,317" oya="2" hai0="62,14,89,61,108,96,103,64,5,39,63,80,19" hai1="100,9,31,65,107,68,27,43,97,41,58,12,4" hai2="69,84,76,51,8,47,44,134,24,82,131,73,25" hai3="101,119,79,6,13,104,133,117,85,55,26,92,36"/><V38/><F69/><W18/><G55/><T3/><D108/><U35/><REACH who="1" step="1"/><E58/><REACH who="1" ten="183,260,230,317" step="2"/><V23/><F134/><W98/><G133/><T135/><D135/><U17/><E17/><V21/><F131/><W102/><G18/><T45/><D5/><U70/><E70/><V86/><F24/><W126/><G26/><T124/><D124/><U0/><E0/><V22/><F25/><W29/><G6/><T87/><D3/><U32/><E32/><V37/><F8/><W81/><G126/><T123/><D123/><U28/><E28/><V11/><F11/><W7/><G29/><T95/><D45/><U1/><E1/><V50/><F44/><W33/><G7/><T57/><REACH who="0" step="1"/><D39/><REACH who="0" ten="173,260,230,317" step="2"/><U52/><E52/><V77/><F47/><W129/><G36/><T60/><D60/><AGARI ba="2,2" hai="4,9,12,27,31,35,41,43,60,65,68,97,100,107" machi="60" ten="40,8000,1" yaku="21,2,25,2,53,0" doraHai="71" doraHaiUra="90" who="1" fromWho="0" sc="173,-86,260,106,230,0,317,0" /><INIT seed="3,0,0,4,0,113" ten="87,366,230,317" oya="3" hai0="73,78,53,11,47,67,51,106,31,90,126,111,46" hai1="122,101,85,57,70,12,1,8,89,58,0,102,88" hai2="92,74,99,9,33,95,80,21,134,77,45,87,107" hai3="98,69,13,18,105,83,54,26,123,28,22,6,50"/><W135/><G69/><T39/><D106/><U112/><E70/><V59/><F33/><W120/><G98/><T52/><D73/><U61/><E112/><V84/><F134/><W27/><G105/><T44/><D78/><U118/><E122/><V114/><F114/><W34/><G135/><T66/><D90/><U5/><E118/><V82/><F45/><N who="0" m="17514" /><D31/><U127/><E127/><V97/><F59/><W133/><G133/><T93/><D93/><N who="2" m="35914" /><F21/><N who="3" m="11471" /><G83/><N who="2" m="31785" /><F9/><W62/><G62/><T116/><D11/><U76/><E76/><V115/><F115/><W3/><G50/><N who="0" m="28895" /><D111/><U25/><E25/><V63/><F63/><W55/><G54/><T104/><D104/><U121/><E61/><V91/><F74/><W24/><G55/><T20/><D20/><U15/><E58/><V37/><F77/><W29/><G26/><T81/><D81/><U56/><E57/><V32/><F91/><W100/><G100/><T72/><D72/><U38/><E56/><V23/><F23/><W36/><G36/><T40/><D126/><U75/><E89/><V110/><F107/><W30/><G30/><T43/><D116/><U119/><E88/><V132/><F132/><W103/><G103/><T42/><D39/><U35/><E38/><V16/><F37/><W79/><G79/><T10/><D10/><AGARI ba="0,0" hai="3,6,10,22,24,27,28,29,34,120,123" m="11471" machi="10" ten="30,5800,0" yaku="24,1,34,2" doraHai="113" who="3" fromWho="0" sc="87,-58,366,0,230,0,317,58" owari="29,-47.0,366,17.0,230,-17.0,375,47.0" /></mjloggm>