<mjloggm ver="2.3"><GO type="225" lobby="0"/><UN n0="%E3%82%A6%E3%83%AB%E3%83%88%E3%83%A9%E7%AB%8B%E7%9B%B4" n1="%47%33%E9%BE%8D%E9%96%80" n2="%E3%81%8A%E3%81%BE%E3%81%A4%E3%82%8A" n3="%6E%61%72%72%6F%77%31%39" dan="16,16,16,16" rate="2024.30,2074.62,2142.88,2099.41" sx="M,M,F,F"/><TAIKYOKU oya="0"/><INIT seed="0,0,0,0,1,63" ten="250,250,250,250" oya="0" hai0="84,95,71,135,13,41,107,103,108,130,17,7,72" hai1="114,82,94,28,100,39,57,25,52,23,27,31,33" hai2="134,32,122,131,85,30,5,96,42,124,22,118,89" hai3="87,119,54,4,99,112,53,64,24,86,127,26,79"/><T120/><D120/><U66/><E114/><V65/><F122/><W40/><G119/><T49/><D72/><U9/><E39/><V6/><F32/><W68/><G112/><T132/><D7/><U67/><E9/><V116/><F42/><W11/><G40/><T93/><D71/><U115/><E115/><V125/><F96/><W102/><G127/><N who="2" m="48713" /><F134/><W133/><G133/><N who="0" m="51275" /><D108/><U56/><E82/><N who="2" m="49335" /><F131/><W74/><G74/><T69/><D84/><U16/><E28/><V1/><F65/><W8/><G79/><T117/><D69/><U88/><E100/><V101/><F101/><W45/><G102/><T62/><D103/><U121/><E121/><V109/><F109/><W47/><G68/><T2/><D107/><U106/><E106/><V90/><F90/><W43/><G99/><T50/><D41/><U92/><E92/><V110/><F110/><W105/><G43/><T78/><D95/><U34/><E34/><V111/><F111/><W129/><G105/><T44/><D93/><U55/><E55/><V19/><F30/><W21/><G129/><T123/><D130/><U46/><E46/><V81/><F81/><W97/><G97/><T0/><D44/><U75/><E75/><V113/><F113/><W15/><G47/><T73/><D123/><U104/><E104/><V128/><F128/><W36/><G45/><T60/><D73/><U35/><E35/><V61/><F61/><N who="0" m="23658" /><D78/><U38/><E38/><V58/><F1/><N who="0" m="618" /><D117/><N who="2" m="45162" /><F58/><N who="1" m="22633" /><E52/><V83/><F83/><W59/><G53/><T126/><D126/><U14/><E33/><V20/><F22/><AGARI ba="0,0" hai="13,17,22,49,50" m="618,23658,51275" machi="22" ten="30,1500,0" yaku="20,1" doraHai="63" who="0" fromWho="2" sc="250,15,250,0,250,-15,250,0" /><INIT seed="0,1,0,3,2,125" ten="265,250,235,250" oya="0" hai0="80,106,115,72,70,78,44,14,104,6,5,36,128" hai1="8,46,67,79,101,52,102,57,29,127,100,54,62" hai2="7,94,111,37,97,35,61,12,116,19,85,105,63" hai3="118,32,135,89,132,53,30,91,24,20,60,110,49"/><T131/><D70/><U81/><E127/><V10/><F35/><W84/><G118/><T31/><D115/><U77/><E29/><V0/><F116/><W2/><G2/><T17/><D31/><U15/><E46/><V126/><F37/><W73/><G73/><T120/><D120/><U88/><E88/><N who="3" m="33866" /><G84/><T45/><D6/><U68/><E68/><V123/><F126/><W87/><G87/><T76/><D5/><N who="1" m="3471" /><E81/><V47/><F85/><W26/><G110/><T41/><D78/><AGARI ba="1,0" hai="52,54,57,62,67,77,78,79,100,101,102" m="3471" machi="78" ten="30,2000,0" yaku="8,1,54,1" doraHai="125" who="1" fromWho="0" sc="265,-23,250,23,235,0,250,0" /><INIT seed="1,0,0,4,4,75" ten="242,273,235,250" oya="1" hai0="114,22,121,93,15,9,37,103,90,42,13,14,86" hai1="124,3,113,130,52,117,41,40,48,99,87,96,49" hai2="71,101,79,10,81,44,105,23,129,55,98,33,133" hai3="43,123,125,104,31,60,68,111,35,92,4,95,24"/><U21/><E117/><V116/><F116/><W126/><G123/><T112/><D121/><U97/><E113/><V29/><F129/><W46/><G4/><T131/><D131/><U118/><E130/><V57/><F133/><W82/><G111/><T132/><D132/><U18/><E118/><V20/><F10/><W28/><G28/><T84/><D103/><U30/><E124/><N who="3" m="47722" /><G104/><T64/><D42/><U115/><E3/><V135/><F135/><W94/><G82/><T110/><D37/><U109/><E115/><V66/><F44/><W54/><G54/><T45/><D110/><U108/><E30/><V8/><F8/><W6/><G6/><T0/><D45/><N who="1" m="27695" /><E48/><V1/><F1/><W69/><G60/><T25/><D0/><U32/><E108/><V83/><F83/><W85/><G85/><T91/><D9/><U59/><E32/><V67/><F33/><W56/><G56/><T65/><D114/><U39/><E59/><V89/><F29/><W34/><G34/><T107/><D107/><U50/><E39/><AGARI ba="0,0" hai="24,31,35,39,43,46,68,69,92,94,95" m="47722" machi="39" ten="30,1000,0" yaku="18,1" doraHai="75" who="3" fromWho="1" sc="242,0,273,-10,235,0,250,10" /><INIT seed="2,0,0,1,3,101" ten="242,263,235,260" oya="2" hai0="4,31,51,97,84,2,41,12,92,44,45,127,66" hai1="6,123,60,114,62,125,116,72,119,76,73,42,43" hai2="71,33,17,78,94,50,29,120,30,93,103,0,35" hai3="96,39,56,80,102,47,21,26,3,115,77,108,89"/><V85/><F120/><W24/><G115/><T104/><D2/><U126/><E114/><V46/><F71/><W65/><G3/><T100/><D66/><U87/><E87/><V132/><F0/><W54/><G65/><T34/><D127/><N who="1" m="48651" /><E6/><V91/><F132/><W107/><G89/><T25/><D84/><U83/><E123/><V124/><F124/><W59/><G59/><T37/><D12/><U61/><E73/><V109/><F109/><W1/><G1/><T9/><D9/><U63/><N who="1" m="15360" /><DORA hai="5" /><U118/><AGARI ba="0,0" hai="42,43,72,76,83,116,118,119" m="15360,48651" machi="118" ten="50,3200,0" yaku="4,1,18,1" doraHai="101,5" who="1" fromWho="1" sc="242,-8,263,32,235,-16,260,-8" /><INIT seed="3,0,0,1,4,120" ten="234,295,219,252" oya="3" hai0="104,33,114,51,83,50,48,2,7,41,37,80,25" hai1="28,43,85,112,42,71,129,23,115,134,53,130,16" hai2="132,32,3,9,22,61,66,78,94,107,82,12,4" hai3="126,38,69,47,55,103,116,72,127,86,19,93,14"/><W95/><G72/><T65/><D104/><U73/><E73/><V102/><F132/><W67/><G116/><T99/><D37/><U135/><E71/><V46/><F32/><W56/><G103/><T15/><D2/><U35/><E85/><V101/><F107/><W125/><G86/><T52/><D65/><U21/><E53/><V105/><F105/><W97/><G97/><T106/><D41/><N who="1" m="15371" /><E28/><V27/><F46/><W13/><G38/><T92/><D33/><U8/><E8/><V81/><F3/><W29/><G29/><T11/><D25/><N who="1" m="14503" /><E23/><V90/><F78/><W62/><G47/><N who="0" m="27679" /><D106/><U39/><E35/><V77/><F77/><W119/><G119/><T24/><D114/><N who="1" m="43563" /><E39/><V68/><F82/><N who="0" m="31274" /><D24/><U122/><E122/><V79/><F81/><W89/><G19/><T91/><AGARI ba="0,0" hai="7,11,15,50,51,91,92,99" m="31274,27679" machi="91" ten="30,2000,0" yaku="8,1,54,1" doraHai="120" who="0" fromWho="0" sc="234,20,295,-5,219,-5,252,-10" /><INIT seed="4,0,0,0,4,104" ten="254,290,214,242" oya="0" hai0="11,103,14,121,60,123,19,30,89,67,72,45,88" hai1="25,8,113,96,34,1,18,131,93,132,102,61,68" hai2="111,84,24,106,36,108,35,32,73,105,51,66,33" hai3="135,38,128,46,112,3,92,115,127,50,100,87,118"/><T55/><D72/><U70/><E132/><V74/><F84/><W65/><G135/><T57/><D103/><U95/><E131/><V130/><F51/><W27/><G128/><T52/><D121/><U85/><E113/><V21/><F130/><W43/><G118/><T71/><D123/><U12/><E1/><V107/><F66/><W31/><G3/><T56/><D71/><U64/><E68/><V6/><F6/><W28/><G65/><T26/><D45/><U15/><E15/><V42/><F21/><W54/><G127/><T10/><D10/><U116/><E116/><V119/><F24/><W20/><G31/><T114/><D114/><N who="3" m="43561" /><G87/><T97/><D97/><U63/><E63/><V7/><F7/><W59/><G92/><T98/><D98/><U79/><E79/><V124/><F124/><W80/><G80/><T126/><D67/><U48/><E48/><V58/><F58/><W29/><G29/><T0/><D0/><U134/><E134/><V110/><F119/><W22/><G100/><T37/><D37/><U44/><E85/><V78/><F78/><W81/><G81/><T13/><D13/><U53/><E96/><V91/><F91/><W82/><G82/><T75/><D126/><U40/><E102/><V47/><AGARI ba="0,0" hai="32,33,35,36,42,47,73,74,105,106,107,108,110,111" machi="47" ten="50,12000,2" yaku="0,1,29,2,23,2,52,2" doraHai="104" who="2" fromWho="2" sc="254,-60,290,-30,214,120,242,-30" owari="194,-31.0,260,6.0,334,44.0,212,-19.0" /></mjloggm>