<mjloggm ver="2.3"><GO type="97" lobby="0"/><UN n0="%E3%82%A6%E3%83%AB%E3%83%88%E3%83%A9%E7%AB%8B%E7%9B%B4" n1="%79%61%6D%61%7A%61%61%61" n2="%E3%82%A2%E3%82%B9%E3%82%AB%E3%81%AF%E3%81%A7%E3%81%8D%E3%82%8B%E3%81%93" n3="%6B%61%33%6B%61%33%38%39" dan="15,15,14,13" rate="1967.46,1969.15,1922.00,1878.49" sx="M,M,F,M"/><TAIKYOKU oya="0"/><INIT seed="0,0,0,2,1,31" ten="250,250,250,250" oya="0" hai0="84,37,28,89,108,59,38,12,97,105,132,114,90" hai1="30,19,85,52,99,100,11,128,98,86,14,47,63" hai2="83,29,9,64,58,76,78,75,126,56,41,94,129" hai3="115,68,92,40,70,53,36,44,32,82,111,13,20"/><T27/><D114/><U72/><E72/><V124/><F41/><W18/><G115/><T57/><D57/><BYE who="0" /><U109/><E109/><V43/><F78/><W123/><G111/><T134/><D134/><U46/><E128/><V8/><F43/><W69/><G82/><T33/><D33/><U80/><E30/><V74/><F129/><W66/><G32/><T73/><D73/><U34/><E34/><V21/><F75/><W51/><G92/><T104/><D104/><U133/><E86/><V45/><F45/><W103/><G103/><T112/><D112/><U96/><E100/><V106/><F106/><W24/><G123/><T81/><D81/><U119/><E119/><V127/><F94/><W113/><G113/><T125/><D125/><U0/><E0/><V10/><REACH who="2" step="1"/><F64/><REACH who="2" ten="250,250,240,250" step="2"/><W60/><REACH who="3" step="1"/><G24/><AGARI ba="0,1" hai="8,9,10,21,24,29,56,58,74,76,83,124,126,127" machi="24" ten="50,8000,1" yaku="1,1,2,1,18,1,53,1" doraHai="31" doraHaiUra="79" who="2" fromWho="3" sc="250,0,250,0,240,90,250,-80" /><INIT seed="1,0,0,5,2,26" ten="250,250,330,170" oya="1" hai0="25,79,9,81,28,114,31,50,10,21,39,128,48" hai1="131,111,1,35,51,133,88,55,87,67,117,2,119" hai2="105,85,118,132,54,45,86,92,107,125,97,65,59" hai3="46,34,113,60,84,91,66,68,0,74,3,75,12"/><U122/><E122/><V23/><F118/><W42/><G113/><T8/><D8/><U22/><E35/><V112/><F112/><W76/><G34/><T24/><D24/><U44/><E133/><V36/><F132/><W16/><G0/><T32/><D32/><U18/><E131/><V123/><F125/><W90/><G3/><T101/><D101/><U13/><E111/><V33/><F123/><W120/><G120/><T4/><D4/><U98/><E98/><V129/><F129/><W40/><G76/><T29/><D29/><U71/><E71/><V56/><F33/><W80/><G90/><T78/><D78/><U62/><E2/><V27/><F105/><W49/><REACH who="3" step="1"/><G42/><REACH who="3" ten="250,250,330,160" step="2"/><T83/><D83/><U70/><REACH who="1" step="1"/><E1/><REACH who="1" ten="250,240,330,160" step="2"/><V130/><F130/><W103/><G103/><T108/><D108/><U17/><E17/><V77/><F97/><W135/><G135/><T124/><D124/><U53/><E53/><V63/><F54/><W95/><G95/><AGARI ba="0,2" hai="13,18,22,44,51,55,62,67,70,87,88,95,117,119" machi="95" ten="30,11600,0" yaku="1,1,7,1,54,1,53,1" doraHai="26" doraHaiUra="61" who="1" fromWho="3" sc="250,0,240,136,330,0,160,-116" /><INIT seed="1,1,0,3,2,99" ten="250,376,330,44" oya="1" hai0="2,133,5,100,127,90,64,76,43,63,117,12,101" hai1="69,110,15,72,21,7,62,13,130,68,4,49,73" hai2="66,3,102,131,50,104,23,119,10,86,112,28,19" hai3="18,118,113,123,106,56,11,58,54,74,51,20,81"/><U134/><E134/><V79/><F119/><W25/><G118/><T116/><D116/><U59/><E130/><V115/><F131/><W128/><G128/><T103/><D103/><U85/><E49/><V135/><F135/><W32/><G123/><T27/><D27/><U77/><E110/><V47/><F66/><W31/><G113/><N who="2" m="43593" /><F28/><W34/><G106/><T89/><D89/><U91/><E77/><V108/><F108/><W92/><G74/><T88/><D88/><U0/><E0/><V17/><F23/><W97/><G81/><T24/><D24/><U125/><E125/><V120/><F120/><W57/><G11/><T46/><D46/><U1/><E1/><V61/><F61/><W35/><REACH who="3" step="1"/><G31/><REACH who="3" ten="250,376,330,34" step="2"/><T84/><D84/><U96/><E73/><V94/><F10/><W70/><G70/><T82/><D82/><U105/><E72/><V55/><F104/><W114/><G114/><T42/><D42/><U67/><E69/><V8/><F8/><W26/><G26/><T111/><D111/><U109/><E68/><V48/><F3/><W33/><N who="3" m="8704" /><DORA hai="132" /><W16/><G16/><T129/><D129/><U39/><E109/><V44/><F17/><W53/><G53/><T95/><D95/><U29/><E85/><V40/><F19/><W60/><G60/><T107/><D107/><U52/><E105/><V37/><F55/><W126/><G126/><T93/><D93/><U78/><E52/><V22/><F94/><W65/><G65/><T122/><D122/><U38/><E67/><V30/><F30/><W75/><G75/><T121/><D121/><RYUUKYOKU ba="1,1" sc="250,-10,376,-10,330,-10,34,30" hai3="18,20,25,51,54,56,57,58,92,97" /><INIT seed="2,2,1,0,1,40" ten="240,366,320,64" oya="2" hai0="76,78,24,102,17,66,92,73,108,52,135,14,125" hai1="115,67,32,65,95,49,100,21,8,90,64,130,16" hai2="43,54,46,59,103,94,93,127,96,55,18,81,35" hai3="25,82,129,6,105,121,112,85,116,60,4,98,33"/><V13/><F35/><W133/><G116/><T50/><D50/><U12/><E32/><V77/><F127/><W5/><G121/><T15/><D15/><U61/><E130/><V134/><F134/><W88/><G129/><T117/><D117/><U53/><E100/><V38/><F94/><W57/><G133/><T118/><D118/><U69/><E8/><V1/><F59/><W84/><G112/><T45/><D45/><U29/><E29/><V36/><F36/><W34/><G25/><T80/><D80/><U22/><E22/><V132/><F1/><W122/><G122/><T109/><D109/><U113/><E113/><V58/><F58/><W56/><G56/><T110/><D110/><U124/><E124/><V97/><F97/><W91/><G98/><T119/><D119/><U72/><E72/><V62/><F62/><W41/><G41/><T37/><D37/><U11/><E11/><V68/><F68/><W107/><G34/><T44/><D44/><U19/><E19/><V74/><F132/><W111/><G33/><T99/><D99/><U30/><E30/><V79/><F79/><W20/><G20/><AGARI ba="2,1" hai="13,18,20,38,43,46,54,55,74,77,81,93,96,103" machi="20" ten="30,2900,0" yaku="7,1,52,1" doraHai="40" who="2" fromWho="3" sc="240,0,366,0,320,45,64,-35" /><INIT seed="2,3,0,0,1,58" ten="240,366,365,29" oya="2" hai0="122,56,116,125,111,107,48,96,7,8,33,71,13" hai1="90,91,120,70,31,128,61,68,92,27,123,3,43" hai2="53,99,89,65,86,2,127,85,129,18,83,105,63" hai3="100,94,41,130,135,42,36,19,134,76,82,10,38"/><V106/><F129/><W131/><G100/><T39/><D39/><N who="3" m="14889" /><G94/><T101/><D101/><U78/><E3/><V15/><F127/><W124/><G19/><T115/><D115/><U32/><E78/><V26/><F2/><W98/><G98/><T110/><D110/><U117/><E117/><V46/><F26/><W103/><G103/><T102/><D102/><U9/><E43/><N who="3" m="16394" /><G10/><T104/><D104/><U17/><E128/><N who="3" m="49194" /><G82/><T5/><D5/><U62/><E91/><V84/><F106/><W132/><G76/><T79/><D79/><U126/><E126/><AGARI ba="3,0" hai="124,126,132,134,135" m="49194,16394,14889" machi="126" ten="50,16000,3" yaku="30,2,28,2,20,1,19,1,34,2" doraHai="58" who="3" fromWho="1" sc="240,0,366,-169,365,0,29,169" /><INIT seed="3,0,0,1,2,124" ten="240,197,365,198" oya="3" hai0="113,105,82,48,109,3,20,8,101,78,16,91,21" hai1="28,96,34,134,122,2,116,71,57,120,77,40,111" hai2="92,19,114,63,5,119,62,15,93,123,125,53,90" hai3="1,23,107,100,106,73,65,88,25,17,13,44,10"/><W9/><G73/><T54/><D54/><U69/><E2/><V4/><F125/><W135/><G135/><T103/><D103/><U7/><E7/><V102/><F114/><W14/><G65/><T81/><D81/><U24/><E116/><V79/><F119/><W75/><G75/><T35/><D35/><U70/><E134/><V37/><F123/><W58/><G58/><T121/><D121/><U32/><E111/><V42/><F79/><W72/><G72/><T38/><D38/><U33/><E77/><V43/><F102/><W97/><G1/><T67/><D67/><U55/><E40/><N who="2" m="15403" /><F37/><W56/><G56/><T61/><D61/><N who="2" m="23050" /><F53/><W29/><G44/><T22/><D22/><U80/><E80/><V46/><F46/><W64/><G64/><T45/><D45/><U39/><E39/><V98/><F93/><W115/><G115/><T83/><D83/><U74/><E74/><V130/><F130/><W60/><G60/><T126/><D126/><U52/><E96/><V50/><F50/><W36/><G36/><T127/><D127/><U133/><E133/><V110/><F110/><W30/><G107/><T12/><D12/><U104/><E104/><V95/><F95/><N who="3" m="56551" /><G100/><T131/><D131/><U99/><E99/><V86/><F86/><W129/><G106/><T132/><D132/><U6/><E6/><V108/><F108/><W18/><G129/><T85/><D85/><U66/><E66/><V87/><F87/><W41/><G41/><T117/><D117/><U128/><E128/><V47/><F47/><W84/><G84/><T94/><D94/><RYUUKYOKU ba="0,0" sc="240,-15,197,-15,365,15,198,15" hai2="4,5,15,19,90,92,98" hai3="9,10,13,14,17,18,23,25,29,30" /><INIT seed="3,1,0,3,3,52" ten="225,182,380,213" oya="3" hai0="19,92,81,5,42,98,38,63,49,97,24,80,18" hai1="84,47,91,94,73,2,9,67,108,22,135,82,57" hai2="83,37,126,103,30,45,60,17,88,61,12,71,125" hai3="110,114,119,35,85,122,26,3,104,11,29,106,118"/><W115/><G85/><T76/><D76/><U69/><E108/><V21/><F103/><W107/><G110/><T65/><D65/><U121/><E121/><V100/><F100/><W134/><G122/><T8/><D8/><U70/><E135/><V133/><F133/><W130/><G134/><T111/><D111/><U48/><E22/><V13/><F71/><W56/><G56/><T75/><D75/><U16/><E2/><V132/><F132/><W58/><G58/><T77/><D77/><U0/><E0/><V99/><F30/><W102/><G102/><T101/><D101/><U15/><E73/><UN n0="%E3%82%A6%E3%83%AB%E3%83%88%E3%83%A9%E7%AB%8B%E7%9B%B4" /><V40/><F13/><W90/><G90/><T95/><D38/><U66/><E94/><N who="0" m="35881" /><D5/><U89/><E89/><V129/><F129/><W31/><G31/><T41/><D63/><U23/><E23/><V1/><F1/><W79/><G79/><T44/><D41/><U93/><E93/><N who="2" m="56743" /><F83/><N who="0" m="31818" /><D24/><U34/><E34/><V123/><F123/><W112/><G130/><T53/><D42/><U127/><E127/><AGARI ba="1,0" hai="12,17,21,37,40,45,60,61,125,126,127" m="56743" machi="127" ten="30,2000,0" yaku="18,1,54,1" doraHai="52" who="2" fromWho="1" sc="225,0,182,-23,380,23,213,0" owari="225,3.0,159,-34.0,403,50.0,213,-19.0" /></mjloggm>