<mjloggm ver="2.3"><GO type="97" lobby="0"/><UN n0="%E3%81%AD%E3%81%93%E3%81%99%E3%81%83%EF%BD%9E" n1="%E3%82%A6%E3%83%AB%E3%83%88%E3%83%A9%E7%AB%8B%E7%9B%B4" n2="%E6%AF%92%E9%A4%85" n3="%4D%72%EF%BC%8E%E2%85%A9" dan="13,15,15,15" rate="1823.28,1953.64,2003.29,1955.08" sx="M,M,F,M"/><TAIKYOKU oya="0"/><INIT seed="0,0,0,3,1,33" ten="250,250,250,250" oya="0" hai0="28,120,112,88,39,131,54,93,83,70,5,49,75" hai1="81,105,50,78,98,66,91,29,89,104,7,38,48" hai2="4,57,97,6,30,135,85,8,21,100,12,32,107" hai3="61,73,108,59,31,43,130,134,2,19,40,47,123"/><T82/><D120/><U115/><E115/><V0/><F135/><W11/><G134/><T133/><D112/><U14/><E38/><V44/><F44/><W116/><G116/><T77/><D133/><U52/><E66/><V65/><F85/><W64/><G40/><T80/><D39/><U24/><E50/><V121/><F6/><W96/><G19/><T119/><D119/><U95/><E91/><V23/><F121/><W74/><G31/><T68/><D131/><U20/><E14/><V92/><F107/><W53/><G130/><T102/><D102/><U113/><E7/><V13/><F32/><W128/><G128/><T37/><D37/><U27/><E27/><N who="2" m="16767" /><F21/><W94/><G53/><T125/><D125/><U41/><E41/><V84/><F84/><W72/><G72/><T90/><D28/><U25/><E24/><V99/><F99/><W58/><G74/><T45/><D5/><U126/><E126/><V129/><F129/><W114/><G73/><T60/><D60/><AGARI ba="0,0" hai="0,4,8,12,13,57,60,65,92,97,100" m="16767" machi="60" ten="30,2000,0" yaku="25,1,52,1" doraHai="33" who="2" fromWho="0" sc="250,-20,250,0,250,20,250,0" /><INIT seed="1,0,0,1,4,59" ten="230,250,270,250" oya="1" hai0="29,13,8,50,65,46,53,37,89,95,12,85,36" hai1="34,71,80,123,55,39,118,27,14,112,20,83,10" hai2="61,32,122,109,125,19,56,35,114,94,25,131,121" hai3="129,105,5,24,111,38,107,57,134,108,91,62,69"/><U49/><E39/><V116/><F109/><W41/><G69/><T103/><D29/><U119/><E71/><V84/><F116/><W120/><G120/><T87/><D87/><U101/><E34/><V6/><F114/><W51/><G38/><T90/><D90/><U1/><E1/><V31/><F35/><W76/><G76/><T3/><D3/><U44/><E123/><V74/><F74/><W60/><G134/><T68/><D103/><U99/><E112/><V43/><F43/><W4/><G129/><T98/><D98/><U0/><E0/><V128/><F125/><W96/><G24/><T40/><D40/><U78/><E78/><V9/><F6/><W52/><G41/><T104/><D104/><U67/><E67/><N who="2" m="39335" /><F84/><W33/><G33/><T127/><D127/><U113/><E113/><V86/><F86/><W88/><G107/><T124/><D124/><U17/><E119/><V106/><F94/><N who="3" m="56391" /><G91/><T110/><D110/><N who="3" m="42025" /><G105/><T47/><D47/><U66/><E118/><V82/><F106/><W115/><G115/><T75/><D75/><U132/><E132/><V58/><F121/><W48/><G51/><T117/><D117/><U23/><E66/><V135/><F122/><W28/><G28/><T81/><D95/><N who="1" m="58623" /><E27/><V77/><F135/><W42/><G42/><T18/><D13/><U64/><E64/><V26/><F26/><W45/><G45/><T30/><D30/><U93/><E93/><V16/><F25/><W130/><G130/><T73/><D73/><U21/><AGARI ba="0,0" hai="10,14,17,20,21,23,44,49,55,80,83" m="58623" machi="21" ten="30,1500,0" yaku="8,1" doraHai="59" who="1" fromWho="1" sc="230,-5,250,15,270,-5,250,-5" /><INIT seed="1,1,0,1,1,43" ten="225,265,265,245" oya="1" hai0="74,38,24,44,1,105,121,0,113,64,70,14,50" hai1="17,60,35,114,95,101,131,115,130,110,133,126,120" hai2="61,123,134,36,84,37,67,127,80,68,11,92,73" hai3="89,76,116,46,90,122,48,112,108,19,10,52,66"/><U107/><E35/><V13/><F123/><W94/><G108/><T5/><D113/><U99/><E120/><V96/><F134/><W98/><G112/><N who="1" m="43050" /><E60/><V106/><F127/><W42/><G66/><T2/><D105/><U109/><E17/><V111/><F111/><N who="1" m="42505" /><E126/><V25/><F73/><W3/><G76/><T104/><D104/><U33/><E33/><V63/><F106/><W125/><G116/><T62/><D121/><U81/><E133/><V51/><F25/><W93/><G125/><T132/><D74/><U55/><E55/><V129/><F129/><W117/><G117/><T31/><D38/><U85/><E95/><V12/><F61/><W30/><G30/><T59/><D70/><U4/><E4/><V102/><F36/><W83/><G122/><T124/><D124/><U69/><E69/><V23/><F37/><W29/><G29/><T97/><D97/><U9/><E9/><V135/><F135/><W71/><G71/><T128/><D128/><U8/><E8/><V87/><F63/><W119/><G119/><T78/><D132/><U118/><E118/><V20/><F68/><W28/><G28/><T39/><D39/><U40/><E40/><V7/><F67/><W65/><G65/><T75/><D14/><U77/><AGARI ba="1,0" hai="77,81,85,99,101,107,130,131" m="42505,43050" machi="77" ten="40,12000,1" yaku="14,1,10,1,34,2" doraHai="43" who="1" fromWho="1" sc="225,-41,265,123,265,-41,245,-41" /><INIT seed="1,2,0,2,3,94" ten="184,388,224,204" oya="1" hai0="76,120,92,32,73,108,111,51,78,48,126,47,82" hai1="109,50,54,9,21,53,116,16,105,84,115,18,40" hai2="129,110,31,81,56,91,22,41,100,130,45,69,25" hai3="3,52,55,59,131,37,106,75,124,96,71,39,42"/><U63/><E116/><V19/><F69/><W95/><G106/><T66/><D32/><U11/><E105/><V2/><F2/><W117/><G75/><T38/><D120/><U58/><E40/><V119/><F110/><W127/><G71/><T14/><D126/><U103/><E109/><V30/><F119/><W44/><G3/><T123/><D123/><U60/><E103/><V83/><F56/><W87/><G87/><T36/><D66/><U64/><E84/><N who="2" m="50591" /><F81/><W99/><G95/><T10/><D92/><U68/><E115/><V122/><F100/><W112/><G55/><T20/><D20/><U80/><E80/><V12/><F122/><W43/><G131/><N who="2" m="50185" /><F25/><W29/><G29/><T101/><D101/><U23/><E68/><V61/><F61/><N who="3" m="36071" /><G112/><T70/><D70/><U132/><E63/><V62/><F62/><W49/><G117/><T102/><D102/><U6/><E64/><V27/><F27/><W28/><G28/><T86/><D51/><AGARI ba="2,0" hai="12,19,22,30,31,41,45,51" m="50185,50591" machi="51" ten="30,1000,0" yaku="19,1" doraHai="94" who="2" fromWho="0" sc="184,-16,388,0,224,16,204,0" /><INIT seed="2,0,0,4,0,14" ten="168,388,240,204" oya="2" hai0="112,71,41,68,47,61,117,99,46,48,118,115,104" hai1="119,16,65,109,55,30,88,54,1,39,59,74,73" hai2="0,128,18,101,45,91,96,80,102,105,126,120,12" hai3="37,135,106,116,21,89,13,125,114,9,25,28,133"/><V38/><F0/><W94/><G106/><T110/><D104/><U87/><E1/><V3/><F3/><W81/><G37/><T85/><D85/><U2/><E2/><V66/><F120/><W52/><G116/><N who="0" m="44651" /><D99/><U6/><E6/><V98/><F126/><W130/><G125/><T77/><D77/><U53/><E39/><V132/><F128/><W26/><G130/><T83/><D83/><N who="1" m="49279" /><E74/><V62/><F132/><N who="3" m="50763" /><G81/><T124/><D124/><U121/><E73/><V20/><F91/><W70/><G70/><N who="0" m="26667" /><D110/><U43/><E109/><V113/><F113/><W129/><G114/><T58/><D47/><U123/><E30/><V17/><F80/><W22/><G129/><T86/><D86/><U57/><E119/><V64/><F96/><N who="3" m="57423" /><G28/><T8/><D8/><U72/><E72/><V32/><F102/><W23/><G26/><T7/><D7/><U40/><E121/><V19/><F32/><W34/><G25/><T78/><D78/><U29/><E29/><V27/><F27/><W50/><G34/><T31/><D31/><U33/><E33/><V35/><F35/><W67/><G67/><AGARI ba="0,0" hai="41,46,48,58,61,67,112,115" m="26667,44651" machi="67" ten="30,3900,0" yaku="12,1,34,2" doraHai="14" who="0" fromWho="3" sc="168,39,388,0,240,0,204,-39" /><INIT seed="3,0,0,4,3,28" ten="207,388,240,165" oya="3" hai0="35,112,126,102,6,127,22,66,9,63,92,64,118" hai1="130,51,58,122,42,41,72,54,18,29,87,21,48" hai2="94,131,38,125,65,133,83,99,114,98,116,101,68" hai3="90,74,95,67,20,110,117,60,0,115,135,39,26"/><W30/><G30/><T49/><D118/><U86/><E72/><V23/><F116/><W59/><G115/><T100/><D112/><U3/><E3/><V76/><F114/><W13/><G117/><T73/><D73/><U57/><E130/><V134/><F131/><W105/><G0/><T75/><D75/><U55/><E29/><V24/><F38/><W44/><G105/><T123/><D123/><U70/><E70/><V43/><F125/><W120/><G120/><T53/><D22/><U124/><E124/><N who="0" m="47657" /><D66/><U12/><E122/><V50/><F65/><W17/><G74/><T5/><D92/><U10/><E10/><V11/><F11/><W33/><G110/><T47/><D100/><U78/><E78/><V96/><F68/><W40/><G135/><N who="2" m="51721" /><F50/><W85/><REACH who="3" step="1"/><G33/><REACH who="3" ten="207,388,240,155" step="2"/><T104/><D35/><U108/><E108/><V91/><F101/><W25/><AGARI ba="0,1" hai="13,17,20,25,26,39,40,44,59,60,67,85,90,95" machi="25" ten="30,6000,0" yaku="1,1,2,1,0,1,53,0" doraHai="28" doraHaiUra="128" who="3" fromWho="3" sc="207,-20,388,-20,240,-20,155,70" /><INIT seed="3,1,0,2,4,50" ten="187,368,220,225" oya="3" hai0="70,0,18,1,39,58,47,35,14,101,69,80,82" hai1="107,49,28,60,61,112,93,98,105,120,7,99,15" hai2="88,44,12,94,19,55,16,32,5,41,123,24,67" hai3="108,45,51,129,134,131,68,31,113,111,122,62,64"/><W114/><G122/><T46/><D35/><U22/><E107/><V59/><F123/><W8/><G31/><T40/><D47/><U79/><E105/><V20/><F67/><W118/><G8/><T100/><D69/><U17/><E112/><N who="3" m="43114" /><G118/><T77/><D70/><U104/><E104/><V53/><F59/><W9/><G9/><T65/><D1/><U135/><E7/><V127/><F5/><W128/><G134/><T106/><D0/><U132/><E120/><V10/><F32/><W38/><G38/><T75/><D82/><U125/><E28/><V36/><F127/><W74/><G74/><T72/><D72/><U27/><E125/><V83/><F83/><W34/><G34/><T3/><D3/><U95/><E79/><V109/><F109/><N who="3" m="42059" /><G128/><T133/><D133/><U91/><E135/><V124/><F124/><W37/><G37/><T26/><D26/><U84/><E132/><V130/><F130/><W78/><G78/><T121/><D106/><U126/><E126/><V115/><F115/><W103/><G103/><T13/><D121/><U66/><E27/><V23/><F10/><W52/><AGARI ba="1,0" hai="45,51,52,62,64,68,129,131" m="42059,43114" machi="52" ten="40,18000,2" yaku="14,1,10,1,34,2,52,1,54,1" doraHai="50" who="3" fromWho="3" sc="187,-61,368,-61,220,-61,225,183" owari="126,-37.0,307,11.0,159,-24.0,408,50.0" /></mjloggm>