<mjloggm ver="2.3"><GO type="97" lobby="0"/><UN n0="%35%31%32%31%39%35%31%35" n1="%69%6A%69%67%65%6E" n2="%70%65%61%63%65%36%39" n3="%E3%82%A6%E3%83%AB%E3%83%88%E3%83%A9%E7%AB%8B%E7%9B%B4" dan="15,15,13,15" rate="1905.02,2003.69,1874.75,1994.62" sx="M,M,M,M"/><TAIKYOKU oya="0"/><INIT seed="0,0,0,2,2,32" ten="250,250,250,250" oya="0" hai0="17,90,67,81,41,47,24,33,98,27,18,69,71" hai1="85,35,54,125,34,77,70,36,100,45,25,75,94" hai2="4,126,102,76,134,115,31,56,66,63,101,44,10" hai3="28,50,51,72,111,59,13,39,9,60,37,53,106"/><T74/><D33/><U97/><E70/><V42/><F115/><W64/><G106/><T38/><D74/><U2/><E125/><V80/><F126/><W133/><G72/><T12/><D18/><U0/><E75/><V55/><F31/><W22/><G133/><T20/><D67/><U82/><E35/><V7/><F66/><W21/><G39/><T95/><REACH who="0" step="1"/><D81/><REACH who="0" ten="240,250,250,250" step="2"/><U86/><E34/><V15/><F134/><W30/><G64/><T1/><D1/><U92/><E0/><V120/><F120/><W116/><G30/><T91/><D91/><U73/><E2/><V40/><F7/><W87/><G28/><T6/><D6/><U132/><E132/><V99/><F42/><W19/><G19/><T109/><D109/><U26/><E82/><V108/><F108/><W130/><G111/><T104/><D104/><U89/><E89/><V61/><F80/><W103/><G103/><T46/><D46/><U3/><E3/><V93/><F44/><W49/><G53/><T8/><D8/><U88/><E73/><V117/><F55/><W84/><G9/><T96/><D96/><U62/><E54/><V129/><F99/><W105/><G105/><T122/><D122/><U124/><E124/><V14/><F10/><W43/><G43/><T23/><D23/><U121/><E121/><V118/><F40/><W135/><G22/><T113/><D113/><U11/><E11/><V5/><F4/><W114/><G21/><T65/><D65/><U112/><E112/><V16/><F5/><W110/><G135/><T57/><D57/><U79/><E97/><RYUUKYOKU ba="0,1" sc="240,30,250,-10,250,-10,250,-10" hai0="12,17,20,24,27,38,41,47,69,71,90,95,98" /><INIT seed="0,1,1,0,5,49" ten="270,240,240,240" oya="0" hai0="109,64,80,51,42,70,76,30,34,87,2,36,39" hai1="79,4,52,103,38,108,128,56,14,107,0,47,102" hai2="6,32,100,35,83,95,21,54,43,1,57,113,130" hai3="116,58,115,99,117,44,97,55,90,9,127,123,46"/><T61/><D2/><U120/><E120/><V18/><F113/><W77/><G77/><T81/><D109/><U93/><E0/><V13/><F43/><W3/><G115/><T20/><D20/><U37/><E108/><V134/><F134/><W135/><G99/><T67/><D67/><U121/><E121/><V101/><F130/><W11/><G123/><T110/><D110/><U59/><E107/><V106/><F106/><W50/><G135/><T15/><D15/><U71/><E71/><V82/><F35/><W75/><G75/><T5/><D5/><U28/><E28/><V72/><F32/><W85/><G97/><T92/><D92/><U84/><E128/><V114/><F72/><W104/><G104/><T7/><D7/><U69/><E69/><V45/><F45/><N who="3" m="17515" /><G117/><T86/><D51/><N who="1" m="28799" /><E38/><V53/><F114/><W25/><G3/><T26/><REACH who="0" step="1"/><D42/><REACH who="0" ten="260,240,240,240" step="2"/><U60/><E93/><V132/><F95/><N who="3" m="54735" /><G116/><T8/><D8/><N who="1" m="4359" /><E37/><V119/><F119/><W124/><G25/><T118/><D118/><U16/><E60/><V62/><F1/><W66/><G66/><T73/><D73/><U63/><E63/><V48/><F62/><W91/><G11/><T23/><D23/><U125/><E16/><V40/><F18/><W129/><G9/><T111/><D111/><U65/><E65/><V96/><F21/><W22/><G22/><T19/><D19/><U68/><E84/><V133/><F133/><W98/><G129/><T112/><D112/><U131/><E131/><V10/><F132/><W29/><G29/><T27/><D27/><U89/><E125/><RYUUKYOKU ba="1,2" sc="260,15,240,-15,240,-15,240,15" hai0="26,30,34,36,39,61,64,70,76,80,81,86,87" hai3="50,55,58,91,98,124,127" /><INIT seed="0,2,2,4,0,106" ten="275,225,225,255" oya="0" hai0="127,63,9,21,7,64,122,118,134,23,51,99,133" hai1="17,41,52,113,57,18,86,100,97,29,58,93,3" hai2="98,8,36,59,117,37,75,119,70,66,5,88,111" hai3="95,53,19,121,31,131,16,115,6,39,108,35,71"/><T130/><D122/><U78/><E113/><V67/><F98/><W33/><G39/><T1/><D118/><N who="2" m="45066" /><F111/><W50/><G71/><T135/><D127/><U120/><E120/><V109/><F88/><W28/><G121/><T76/><D76/><U69/><E69/><V123/><F123/><W105/><G105/><T56/><D130/><U94/><E3/><V84/><F84/><W126/><G126/><T25/><D99/><U60/><E41/><V11/><F109/><W30/><G108/><T13/><D13/><U43/><E43/><V72/><F70/><W22/><G131/><T74/><D74/><N who="2" m="28202" /><F59/><W110/><G110/><T101/><D101/><U61/><E29/><V54/><F54/><W0/><G31/><T34/><D34/><U32/><E32/><V80/><F80/><W129/><G30/><T81/><D81/><N who="1" m="47415" /><E93/><V96/><F96/><W12/><G28/><T26/><D51/><U62/><E58/><V14/><F11/><W47/><G33/><T45/><D45/><U42/><E42/><V116/><N who="2" m="45074" /><V55/><DORA hai="73" /><F55/><W87/><G35/><T89/><D89/><U128/><E128/><V104/><F104/><W103/><G129/><T49/><D49/><AGARI ba="2,2" hai="17,18,49,52,57,60,61,62,94,97,100" m="47415" machi="49" ten="30,3900,0" yaku="8,1,52,1,54,1" doraHai="106,73" who="1" fromWho="0" sc="275,-45,225,65,225,0,255,0" /><INIT seed="1,0,0,2,1,122" ten="230,290,225,255" oya="1" hai0="59,85,114,44,40,116,53,54,89,52,64,41,99" hai1="1,9,84,31,4,32,82,128,65,94,90,100,69" hai2="106,134,5,121,23,101,112,95,133,117,21,50,47" hai3="16,105,93,78,10,3,22,103,73,87,86,74,45"/><U12/><E128/><V2/><F106/><W115/><G105/><T60/><D99/><U14/><E69/><V20/><F117/><W129/><G115/><T70/><D114/><U109/><E65/><V17/><F121/><W13/><G129/><T51/><D116/><U37/><E37/><V67/><F67/><W83/><G74/><T18/><D18/><U120/><E120/><V0/><F101/><W107/><G107/><T91/><D91/><U102/><E109/><V132/><F95/><W123/><G123/><T55/><D70/><U68/><E68/><V57/><F57/><W111/><G111/><T98/><D98/><U75/><E32/><V119/><F119/><W24/><G3/><N who="2" m="1065" /><F112/><W130/><G130/><T62/><REACH who="0" step="1"/><D62/><REACH who="0" ten="220,290,225,255" step="2"/><U125/><E31/><V19/><F5/><W7/><G103/><T126/><D126/><U58/><E102/><V30/><F30/><W6/><G6/><T27/><D27/><U8/><E100/><V71/><F71/><W77/><G77/><T42/><D42/><AGARI ba="0,1" hai="17,19,20,21,23,42,47,50,132,133,134" m="1065" machi="42" ten="40,1300,0" yaku="20,1" doraHai="122" who="2" fromWho="0" sc="220,-13,290,0,225,23,255,0" /><INIT seed="2,0,0,5,2,4" ten="207,290,248,255" oya="2" hai0="34,79,68,37,122,2,123,128,88,125,40,135,74" hai1="48,130,22,101,114,38,54,113,27,96,72,86,92" hai2="16,21,126,111,26,118,47,52,103,43,81,100,8" hai3="78,80,45,93,131,66,18,75,98,97,9,77,106"/><V3/><F118/><W29/><G29/><T110/><RYUUKYOKU type="yao9" ba="0,0" sc="207,0,290,0,248,0,255,0" hai0="2,34,37,40,68,74,79,88,110,122,123,125,128,135" /><INIT seed="2,1,0,3,0,8" ten="207,290,248,255" oya="2" hai0="128,3,95,7,51,41,6,72,130,23,77,107,96" hai1="56,38,110,60,97,79,58,74,112,105,19,91,28" hai2="37,69,48,67,109,34,54,94,104,83,68,117,119" hai3="57,39,21,90,131,108,40,88,84,129,22,14,24"/><V113/><F104/><W102/><G102/><T120/><D107/><U92/><E112/><V29/><F34/><W80/><G40/><T44/><D120/><U11/><E110/><V81/><F29/><W114/><G39/><T5/><D72/><U18/><E38/><V98/><F113/><W45/><G45/><T75/><D3/><U10/><E28/><V2/><F2/><W43/><G43/><T118/><D118/><U78/><E105/><V89/><F37/><W55/><G114/><T64/><D64/><U133/><E133/><V111/><F69/><W126/><G126/><T26/><D77/><U82/><E79/><V121/><F121/><W127/><G127/><T47/><D47/><U1/><E58/><V86/><F68/><W63/><G108/><T101/><REACH who="0" step="1"/><D75/><REACH who="0" ten="197,290,248,255" step="2"/><U9/><REACH who="1" step="1"/><E1/><REACH who="1" ten="197,280,248,255" step="2"/><V27/><F111/><W15/><G131/><T71/><D71/><U103/><E103/><V35/><F109/><W52/><G129/><T59/><D59/><U32/><E32/><V61/><F35/><W99/><G57/><T16/><AGARI ba="1,2" hai="5,6,7,16,23,26,41,44,51,95,96,101,128,130" machi="16" ten="30,7900,0" yaku="1,1,0,1,54,1,53,1" doraHai="8" doraHaiUra="13" who="0" fromWho="0" sc="197,102,280,-21,248,-40,255,-21" /><INIT seed="3,0,0,5,0,40" ten="299,259,208,234" oya="3" hai0="79,128,103,100,71,131,74,104,65,44,81,102,109" hai1="39,25,95,57,117,105,15,50,126,90,106,41,27" hai2="13,120,66,4,76,58,3,17,63,133,53,93,85" hai3="87,42,84,49,132,18,1,77,21,135,38,5,99"/><W29/><G29/><T7/><D7/><U122/><E122/><V96/><F133/><N who="3" m="51275" /><G38/><T125/><D44/><U94/><E126/><V92/><F120/><W91/><G5/><T68/><D109/><U118/><E39/><V73/><F73/><W51/><G1/><T35/><D125/><U111/><E111/><V114/><F114/><W124/><G124/><T62/><D35/><U116/><E15/><V9/><F3/><W123/><G123/><T37/><D37/><U22/><E95/><V61/><F4/><W26/><G99/><N who="0" m="61471" /><D71/><U75/><E75/><V43/><F43/><W14/><G42/><T32/><D32/><U34/><E34/><V2/><F2/><W110/><G110/><T107/><D103/><U20/><E27/><V101/><F76/><W6/><G77/><T48/><D48/><N who="3" m="18505" /><G91/><T72/><D72/><U33/><E33/><V86/><REACH who="2" step="1"/><F93/><REACH who="2" ten="299,259,198,234" step="2"/><W31/><G6/><T112/><D112/><U98/><E106/><V67/><F67/><W115/><G115/><T47/><D107/><U52/><E105/><V8/><F8/><AGARI ba="0,1" hai="8,14,18,21,26,31,84,87" m="18505,51275" machi="8" ten="30,1500,0" yaku="20,1" doraHai="40" who="3" fromWho="2" sc="299,0,259,0,198,-15,234,25" /><INIT seed="3,1,0,4,5,32" ten="299,259,183,259" oya="3" hai0="113,55,22,36,107,112,25,95,11,115,122,106,57" hai1="5,64,39,104,83,102,135,126,105,17,23,89,63" hai2="97,128,82,13,120,21,48,98,37,129,88,100,71" hai3="94,132,52,58,31,28,110,12,101,85,130,0,109"/><W76/><G0/><T44/><D11/><U15/><E39/><V26/><F71/><W19/><G130/><N who="2" m="50281" /><F37/><W18/><G132/><T70/><D122/><U4/><E135/><V33/><F33/><W7/><G7/><T69/><D95/><U119/><E119/><V81/><F120/><W24/><G18/><N who="0" m="12503" /><D44/><U68/><E126/><V60/><F60/><N who="3" m="35911" /><G24/><T30/><D30/><U6/><E102/><V62/><F62/><W46/><G46/><T125/><D125/><U54/><E54/><V42/><F13/><W73/><G73/><T92/><D92/><U90/><REACH who="1" step="1"/><E83/><REACH who="1" ten="299,249,183,259" step="2"/><N who="2" m="31755" /><F100/><W78/><G101/><T77/><D36/><U51/><E51/><V96/><F48/><W40/><G40/><T133/><D133/><U108/><E108/><V84/><F42/><W124/><G124/><T86/><D106/><AGARI ba="1,1" hai="4,5,6,15,17,23,63,64,68,89,90,104,105,106" machi="106" ten="40,1300,0" yaku="1,1,53,0" doraHai="32" doraHaiUra="118" who="1" fromWho="0" sc="299,-16,249,26,183,0,259,0" /><INIT seed="4,0,0,0,2,84" ten="283,275,183,259" oya="0" hai0="20,106,43,81,3,99,40,38,131,133,6,2,116" hai1="59,122,11,112,8,88,121,134,102,69,58,7,124" hai2="56,123,118,66,61,103,65,113,87,5,32,100,63" hai3="80,132,50,83,90,101,30,107,111,72,27,130,70"/><T105/><D116/><U73/><E69/><V10/><F32/><W12/><G111/><T125/><D38/><U68/><E68/><V28/><F28/><W135/><G70/><T24/><D6/><U91/><E73/><V14/><F123/><W74/><G12/><T39/><D39/><U108/><E112/><V67/><F113/><W120/><G50/><T16/><D125/><U4/><E124/><V114/><F114/><W82/><G27/><T86/><D133/><N who="3" m="51273" /><G30/><T41/><D131/><U93/><E134/><V92/><F118/><W46/><G46/><T128/><D128/><U35/><E93/><V96/><F56/><W51/><G51/><T64/><D64/><U37/><E37/><V17/><F5/><W23/><G23/><T62/><D62/><N who="2" m="23562" /><F87/><N who="3" m="50535" /><G130/><T97/><D3/><U115/><E115/><V29/><F29/><W18/><G18/><T0/><D0/><U49/><E49/><V21/><F21/><W117/><G117/><T42/><D2/><U1/><E1/><V36/><F36/><W33/><G33/><T53/><N who="0" m="10752" /><DORA hai="95" /><T25/><D106/><U52/><E35/><V60/><N who="2" m="23570" /><V98/><DORA hai="129" /><F98/><N who="3" m="61879" /><G120/><T31/><D105/><U110/><E52/><V15/><F15/><W71/><G71/><T126/><D53/><U104/><E104/><V45/><F45/><W109/><G109/><T47/><D47/><U9/><E9/><V54/><F54/><W75/><AGARI ba="0,0" hai="72,74,75,82,83" m="61879,50535,51273" machi="75" ten="40,16000,3" yaku="20,1,34,2,52,5" doraHai="84,95,129" who="3" fromWho="3" sc="283,-80,275,-40,183,-40,259,160" owari="203,-20.0,235,4.0,143,-36.0,419,52.0" /></mjloggm>