<mjloggm ver="2.3"><GO type="97" lobby="0"/><UN n0="%E3%81%BE%E3%81%A9%E3%81%93" n1="%E3%82%A6%E3%83%AB%E3%83%88%E3%83%A9%E7%AB%8B%E7%9B%B4" n2="%42%6C%75%65%73%50%2D%E2%85%A0" n3="%6B%64%6D%61%77" dan="13,15,13,14" rate="2047.46,1934.62,1820.72,2004.94" sx="M,M,M,M"/><TAIKYOKU oya="0"/><INIT seed="0,0,0,3,2,34" ten="250,250,250,250" oya="0" hai0="128,10,78,11,114,124,25,2,107,30,29,32,67" hai1="111,61,80,108,132,37,133,75,92,23,51,35,43" hai2="76,129,126,134,118,53,46,48,99,94,6,90,120" hai3="83,33,72,14,44,69,119,26,1,4,131,24,28"/><T123/><D107/><U103/><E35/><V21/><F120/><W16/><G69/><T77/><D67/><U18/><E37/><V110/><F118/><W93/><G119/><T91/><D123/><U135/><E61/><V117/><F110/><N who="1" m="42025" /><E51/><V89/><F117/><W73/><G131/><T84/><D128/><U42/><E80/><V112/><F129/><W88/><G44/><T66/><D66/><U101/><E75/><V12/><F112/><W64/><G64/><T19/><D124/><U41/><E92/><V50/><F134/><N who="1" m="34305" /><U27/><AGARI ba="0,0" hai="18,23,27,41,42,43,101,103" m="34305,42025" machi="27" ten="50,6400,0" yaku="4,1,14,1,20,1" doraHai="34" who="1" fromWho="1" sc="250,-32,250,64,250,-16,250,-16" /><INIT seed="1,0,0,1,4,82" ten="218,314,234,234" oya="1" hai0="115,134,114,103,49,101,127,108,16,19,21,51,122" hai1="36,117,121,72,104,135,44,120,46,99,85,20,89" hai2="63,15,29,68,74,22,92,64,58,38,78,84,75" hai3="17,130,27,5,30,71,13,124,56,35,129,40,79"/><U4/><E46/><V55/><F38/><W69/><G79/><T11/><D108/><U125/><E20/><V9/><F29/><W8/><G124/><T24/><D127/><U109/><E44/><V7/><F22/><N who="3" m="11567" /><G56/><T110/><D110/><U67/><E67/><V61/><F78/><W77/><G77/><T10/><D122/><U100/><E4/><V59/><F68/><W90/><G90/><T14/><D134/><U95/><E36/><V26/><F26/><W0/><G40/><T66/><D66/><U91/><E125/><V18/><F7/><W3/><G3/><T53/><D53/><U105/><E109/><V52/><REACH who="2" step="1"/><F64/><REACH who="2" ten="218,314,224,234" step="2"/><W28/><G28/><T88/><D21/><U119/><E120/><V34/><F34/><W50/><G50/><T126/><D126/><U32/><E32/><V57/><F57/><W62/><G62/><T133/><D133/><U80/><E135/><V86/><F86/><W2/><G2/><T37/><D24/><U12/><E121/><V39/><F39/><W33/><G33/><T113/><D37/><U116/><E85/><V6/><F6/><W102/><G102/><T65/><D113/><U106/><E117/><V93/><F93/><W94/><G94/><T45/><D65/><U123/><E116/><V76/><F76/><W1/><G1/><T81/><D114/><U98/><E123/><V23/><F23/><W70/><AGARI ba="0,1" hai="0,5,8,27,30,35,69,70,71,129,130" m="11567" machi="70" ten="40,1500,0" yaku="24,1" doraHai="82" who="3" fromWho="3" sc="218,-4,314,-7,224,-4,234,25" /><INIT seed="2,0,0,5,5,64" ten="214,307,220,259" oya="2" hai0="130,30,43,112,101,22,68,42,54,99,49,53,32" hai1="134,95,60,115,70,40,87,33,107,110,109,23,1" hai2="18,86,66,62,13,129,57,126,51,116,77,2,5" hai3="76,12,46,58,44,41,117,3,113,17,74,73,111"/><V19/><F116/><W135/><G3/><T71/><D112/><U34/><E107/><V28/><F129/><W11/><G113/><T90/><D32/><U48/><E1/><V61/><F126/><W81/><G117/><T21/><D90/><N who="1" m="53727" /><E23/><V20/><F2/><W92/><G74/><T103/><D130/><U79/><E79/><V106/><F106/><W127/><G111/><T108/><D108/><N who="1" m="41579" /><E115/><V131/><F131/><W26/><G135/><T16/><D49/><U121/><E134/><V105/><F105/><W27/><G127/><T124/><D124/><U39/><E39/><V24/><F5/><W6/><G46/><T132/><D132/><U4/><E4/><V82/><F51/><W88/><G58/><T59/><D59/><U25/><E25/><V72/><F72/><W133/><G6/><T80/><D80/><U45/><E121/><V50/><F50/><W10/><G10/><T114/><D114/><U120/><E120/><V93/><F93/><W9/><G9/><T83/><D83/><U91/><E91/><V125/><F125/><W102/><G102/><T104/><D104/><U29/><E29/><V98/><F98/><N who="3" m="57607" /><G133/><T119/><D99/><U75/><E75/><V35/><F62/><W118/><G118/><T96/><D96/><U52/><E40/><V8/><REACH who="2" step="1"/><F19/><REACH who="2" ten="214,307,210,259" step="2"/><W69/><G17/><T47/><D119/><U128/><E128/><V67/><F67/><AGARI ba="0,1" hai="33,34,45,48,52,60,67,70" m="41579,53727" machi="67" ten="30,3900,0" yaku="14,1,52,1,54,1" doraHai="64" who="1" fromWho="2" sc="214,0,307,49,210,-39,259,0" /><INIT seed="3,0,0,4,3,12" ten="214,356,171,259" oya="3" hai0="59,32,9,18,123,93,43,7,63,117,86,127,134" hai1="69,19,97,37,13,30,34,67,24,2,4,38,110" hai2="17,113,8,78,112,84,16,11,130,76,70,126,23" hai3="45,81,25,90,101,91,87,77,65,36,109,50,94"/><W56/><G109/><T26/><D123/><U122/><E67/><V1/><F70/><W71/><G71/><T57/><D117/><U131/><E69/><V33/><F130/><W107/><G36/><T119/><D119/><U53/><E110/><V85/><F126/><W95/><G25/><T124/><D43/><U92/><E53/><V96/><F96/><N who="3" m="61863" /><G65/><T49/><D49/><U3/><E131/><V51/><F51/><W20/><G20/><N who="0" m="13591" /><D32/><U118/><E3/><V120/><F120/><W14/><G14/><N who="0" m="5439" /><D63/><U28/><E28/><V74/><F33/><W106/><G56/><T100/><D134/><U6/><E6/><V29/><F1/><W40/><G106/><T75/><D75/><U22/><E122/><V105/><F29/><W27/><G27/><T114/><D114/><U10/><E118/><V62/><F62/><W66/><G66/><T116/><D116/><U83/><E37/><V0/><F0/><W21/><G21/><T135/><D135/><U31/><E38/><V129/><F23/><W35/><G35/><T128/><D128/><U61/><E61/><V133/><F129/><W68/><G68/><T132/><D132/><U80/><E31/><V104/><F133/><W42/><G42/><T46/><D46/><U39/><E39/><V99/><F99/><W82/><G82/><T52/><D57/><U73/><E80/><V102/><F74/><W125/><G125/><N who="0" m="48203" /><D93/><U41/><E41/><V47/><F47/><W88/><G95/><T64/><D64/><U5/><E92/><V58/><F58/><W115/><G45/><T54/><D59/><RYUUKYOKU ba="0,0" sc="214,-10,356,-10,171,30,259,-10" hai2="8,11,16,17,76,78,84,85,102,104,105,112,113" owari="204,-20.0,346,45.0,201,-30.0,249,5.0" /></mjloggm>