<mjloggm ver="2.3"><GO type="97" lobby="0"/><UN n0="%E3%82%A6%E3%83%AB%E3%83%88%E3%83%A9%E7%AB%8B%E7%9B%B4" n1="%74%68%61%6E%6B%73%5F%66" n2="%47%49%47%41%57%41%4B%49" n3="%74%61%6B%61%74%61%68%61" dan="15,13,14,13" rate="2016.87,1970.16,1950.40,1901.88" sx="M,M,M,M"/><TAIKYOKU oya="0"/><INIT seed="0,0,0,0,4,67" ten="250,250,250,250" oya="0" hai0="75,68,98,133,104,99,29,56,106,131,46,87,16" hai1="97,55,30,2,58,128,60,107,12,116,80,125,88" hai2="11,126,42,9,112,36,53,82,47,81,77,18,71" hai3="85,34,72,15,27,19,92,135,111,43,39,25,110"/><T57/><D29/><U5/><E116/><V23/><F112/><W6/><G72/><T48/><D87/><U1/><E125/><V101/><F101/><W113/><G39/><T0/><D48/><U130/><E30/><V3/><F126/><W74/><G43/><T69/><D46/><U122/><E122/><V51/><F71/><N who="0" m="27210" /><D16/><U109/><E109/><N who="3" m="41482" /><G74/><T127/><D75/><U7/><E107/><N who="0" m="41001" /><D127/><U91/><E97/><N who="0" m="36873" /><D0/><U119/><E119/><V114/><F114/><W38/><G113/><T115/><D115/><U124/><E124/><V129/><F3/><W123/><G123/><T52/><D52/><U86/><E91/><V89/><F53/><W134/><G38/><T33/><D33/><U63/><E63/><V90/><F36/><W103/><G34/><T17/><D17/><U61/><E61/><V66/><F18/><W83/><G103/><T84/><D84/><U100/><E100/><V62/><F62/><W21/><G92/><T26/><D26/><N who="3" m="9737" /><G6/><T96/><N who="0" m="36881" /><T78/><DORA hai="64" /><D78/><AGARI ba="0,0" hai="15,19,21,78,83,85,134,135" m="9737,41482" machi="78" ten="30,1000,0" yaku="14,1" doraHai="67,64" who="3" fromWho="0" sc="250,-10,250,0,250,0,250,10" /><INIT seed="1,0,0,0,4,81" ten="240,250,250,260" oya="1" hai0="54,22,46,12,116,114,18,115,134,105,53,43,59" hai1="29,83,63,110,68,119,135,104,66,4,98,39,72" hai2="9,71,2,40,13,47,78,73,130,124,93,23,94" hai3="113,132,88,125,69,60,58,96,80,90,133,49,8"/><U41/><E119/><V70/><F130/><W64/><G113/><T55/><D105/><U117/><E117/><V37/><F124/><W50/><G125/><T57/><D116/><U34/><E135/><N who="3" m="51786" /><G8/><T24/><D134/><U32/><E110/><V17/><F94/><N who="3" m="56391" /><G69/><T91/><D114/><U87/><E4/><V103/><F93/><W5/><G5/><T127/><D115/><U27/><E72/><V67/><F103/><W129/><G129/><T79/><D79/><U21/><E39/><V42/><F67/><W3/><G3/><T97/><D127/><U122/><E41/><V62/><F42/><W56/><G56/><T77/><D77/><U85/><E122/><V118/><F62/><W86/><AGARI ba="0,0" hai="49,50,58,60,64,80,86,90" m="56391,51786" machi="86" ten="30,4000,0" yaku="20,1,52,1,54,1" doraHai="81" who="3" fromWho="3" sc="240,-10,250,-20,250,-10,260,40" /><INIT seed="2,0,0,2,5,33" ten="230,230,240,300" oya="2" hai0="86,83,122,62,66,109,15,38,5,97,68,50,85" hai1="20,110,40,4,1,90,79,108,9,43,82,57,117" hai2="78,17,94,105,80,121,84,41,101,77,56,93,11" hai3="8,127,81,107,49,119,96,29,25,64,51,6,131"/><V92/><F41/><W65/><G119/><T76/><D38/><U98/><E117/><V23/><F121/><W0/><G127/><T48/><D122/><U113/><E113/><V133/><F11/><W89/><G131/><T44/><D109/><N who="1" m="42091" /><E57/><V126/><F56/><W73/><G65/><T120/><D120/><U71/><E71/><V61/><F61/><W19/><G19/><T37/><D97/><U55/><E55/><V13/><F126/><W30/><G64/><T123/><D123/><U39/><E39/><V32/><F32/><W14/><G30/><T124/><D124/><U53/><E53/><V47/><F47/><W128/><G128/><T27/><D27/><U103/><E90/><N who="2" m="51463" /><F133/><W10/><G10/><N who="0" m="4559" /><D37/><U106/><E20/><V100/><F105/><W74/><G14/><T129/><D129/><U2/><E2/><V12/><F12/><W16/><G16/><T60/><D48/><U134/><E134/><V63/><F63/><W132/><G132/><T91/><D66/><U104/><E104/><V46/><F46/><W24/><G24/><T28/><D68/><U102/><E102/><AGARI ba="0,0" hai="13,17,23,77,78,92,93,94,100,101,102" m="51463" machi="102" ten="30,1500,0" yaku="8,1" doraHai="33" who="2" fromWho="1" sc="230,0,230,-15,240,15,300,0" /><INIT seed="2,1,0,1,3,108" ten="230,215,255,300" oya="2" hai0="23,7,89,88,21,132,106,78,8,34,42,109,5" hai1="86,117,71,30,54,51,79,39,112,93,28,67,19" hai2="60,33,6,68,85,114,127,91,50,69,92,61,95" hai3="63,58,36,25,62,10,129,29,48,116,11,119,80"/><V100/><F127/><W77/><G36/><T14/><D34/><U53/><E117/><V15/><F33/><W87/><G129/><T38/><D106/><U66/><E39/><V75/><F75/><W105/><G105/><T64/><D38/><U3/><E3/><V2/><F2/><W40/><G63/><T96/><D109/><U47/><E71/><V131/><F69/><W81/><G81/><T32/><D32/><U97/><E112/><V17/><F131/><W73/><G73/><T122/><D122/><U115/><E115/><V70/><F70/><W9/><G48/><T98/><D42/><U18/><E54/><V41/><F6/><W110/><G40/><T59/><D78/><U120/><E120/><V24/><F24/><W125/><G125/><T72/><D72/><U22/><E18/><V26/><F26/><W83/><G83/><T111/><D111/><U118/><E118/><V101/><F68/><W1/><G1/><T16/><D132/><U43/><E43/><V94/><F114/><W0/><G0/><T27/><D23/><U82/><E67/><V107/><F107/><W46/><G46/><T128/><D7/><U52/><E53/><V104/><F104/><W121/><G121/><T99/><D128/><U12/><E66/><V56/><F61/><AGARI ba="1,0" hai="5,8,14,16,21,27,59,61,64,88,89,96,98,99" machi="61" ten="40,5200,0" yaku="8,1,54,2" doraHai="108" who="0" fromWho="2" sc="230,55,215,0,255,-55,300,0" /><INIT seed="3,0,0,4,1,68" ten="285,215,200,300" oya="3" hai0="111,34,110,25,45,112,93,49,87,121,41,6,61" hai1="38,1,22,73,65,53,81,97,71,47,72,130,14" hai2="69,43,24,62,117,126,55,32,83,4,42,7,106" hai3="128,28,60,82,23,103,39,30,118,99,20,109,114"/><W27/><G114/><T3/><D6/><U135/><E1/><V95/><F106/><W46/><G118/><T26/><D3/><U35/><E35/><V5/><F117/><W52/><G128/><T120/><D34/><U31/><E130/><V57/><F69/><W12/><G109/><N who="0" m="41483" /><D25/><U133/><E97/><V88/><F83/><W67/><G82/><T84/><D26/><U59/><E81/><V85/><F126/><W98/><G30/><T17/><D17/><U104/><E104/><V9/><REACH who="2" step="1"/><F9/><REACH who="2" ten="285,215,190,300" step="2"/><W40/><G103/><T108/><N who="0" m="41491" /><T100/><DORA hai="125" /><D112/><U101/><E101/><V107/><F107/><W51/><G20/><T56/><D100/><U115/><E115/><V2/><F2/><W70/><G12/><T134/><D93/><U129/><E14/><V77/><F77/><W16/><G28/><AGARI ba="0,1" hai="4,5,7,24,28,32,42,43,55,57,62,85,88,95" machi="28" ten="40,5200,0" yaku="1,1,54,1,53,1" doraHai="68,125" doraHaiUra="127,86" who="2" fromWho="3" sc="285,0,215,0,190,62,300,-52" /><INIT seed="4,0,0,1,0,76" ten="285,215,252,248" oya="0" hai0="81,22,106,14,31,124,21,48,50,89,95,131,68" hai1="105,127,130,75,63,25,123,92,3,40,28,42,73" hai2="9,41,97,112,120,2,103,132,135,62,114,33,96" hai3="72,78,51,134,57,80,102,98,93,77,60,30,46"/><T118/><D106/><U56/><E105/><V116/><F120/><W86/><G134/><N who="2" m="51241" /><F33/><W5/><G5/><T65/><D81/><U115/><E123/><V20/><F41/><N who="3" m="25039" /><G72/><T82/><D82/><U119/><E119/><V54/><F116/><W43/><G30/><T111/><D68/><U55/><E3/><V52/><F2/><W37/><G43/><T100/><D100/><U38/><E38/><V59/><F9/><W70/><G70/><T94/><D65/><U83/><E115/><N who="2" m="44075" /><F54/><N who="3" m="33847" /><G37/><T90/><D118/><U79/><E130/><V69/><F69/><W109/><G109/><T84/><D131/><U1/><E1/><V44/><F44/><W110/><G110/><T11/><D124/><U19/><E127/><V125/><F125/><W107/><G107/><T58/><D58/><U26/><E73/><V16/><F103/><W53/><G53/><T24/><D22/><U121/><E121/><V12/><AGARI ba="0,0" hai="12,16,20,52,59,62,96,97" m="44075,51241" machi="12" ten="30,7900,0" yaku="20,1,15,1,54,2" doraHai="76" who="2" fromWho="2" sc="285,-39,215,-20,252,79,248,-20" owari="246,5.0,195,-30.0,331,42.0,228,-17.0" /></mjloggm>