<mjloggm ver="2.3"><GO type="97" lobby="0"/><UN n0="%E3%83%96%E3%82%A8%E3%81%A1%E3%82%83%E3%82%93" n1="%E5%9B%BD%E5%A3%AB%E7%84%A1%E5%B8%B8" n2="%E3%82%86%E3%81%8B%E3%82%8A%E3%82%93%E3%83%9E%E3%82%B8%E5%A4%A9%E4%BD%BF" n3="%E3%82%A6%E3%83%AB%E3%83%88%E3%83%A9%E7%AB%8B%E7%9B%B4" dan="15,13,15,15" rate="2026.65,1813.91,1963.20,1956.90" sx="M,M,M,M"/><TAIKYOKU oya="0"/><INIT seed="0,0,0,2,0,11" ten="250,250,250,250" oya="0" hai0="109,22,119,71,91,14,120,17,12,15,39,86,25" hai1="88,85,99,29,87,19,4,93,7,112,101,75,128" hai2="72,123,132,121,67,135,105,130,70,32,3,33,81" hai3="63,115,104,78,43,59,98,16,5,10,30,96,111"/><T47/><D119/><U92/><E112/><V68/><F3/><W97/><G115/><T76/><D120/><N who="2" m="46154" /><F105/><W133/><G133/><N who="2" m="51273" /><F130/><W80/><G111/><T113/><D71/><N who="2" m="27178" /><F67/><W82/><G30/><T127/><D127/><U41/><E29/><V36/><F36/><W37/><G104/><T51/><D39/><U1/><E1/><V83/><F72/><W131/><G131/><T108/><D113/><U53/><E75/><V9/><F9/><W28/><G28/><T100/><D100/><U116/><E116/><V40/><F40/><W27/><G43/><T126/><D76/><U6/><E41/><V102/><F102/><W52/><G37/><T103/><D103/><U95/><E128/><V20/><F20/><N who="3" m="13703" /><G78/><T50/><D126/><U107/><E107/><V31/><F31/><W44/><G44/><T26/><D26/><U18/><E87/><V117/><F117/><W55/><G55/><T118/><D118/><U2/><E2/><V38/><F38/><W94/><G94/><T49/><REACH who="0" step="1"/><D47/><REACH who="0" ten="240,250,250,250" step="2"/><U23/><E93/><AGARI ba="0,1" hai="12,14,15,17,22,25,49,50,51,86,91,93,108,109" machi="93" ten="50,18000,2" yaku="1,1,2,1,52,3,53,1" doraHai="11" doraHaiUra="21" who="0" fromWho="1" sc="240,190,250,-180,250,0,250,0" /><INIT seed="0,1,0,4,4,65" ten="430,70,250,250" oya="0" hai0="9,119,1,106,48,118,51,112,130,93,62,19,6" hai1="128,104,71,23,28,25,85,69,29,80,18,131,77" hai2="123,41,47,84,53,27,126,96,127,87,7,114,54" hai3="74,44,81,14,26,108,55,134,39,64,20,17,91"/><T35/><D106/><U89/><E104/><V70/><F114/><W90/><G108/><T50/><D35/><U45/><E77/><V110/><F7/><W105/><G105/><T95/><D112/><U38/><E38/><V82/><F27/><W63/><G134/><T22/><D62/><U5/><E5/><V40/><F96/><W92/><G74/><T43/><D43/><U13/><E45/><V2/><F2/><W46/><G39/><T117/><REACH who="0" step="1"/><D130/><REACH who="0" ten="420,70,250,250" step="2"/><N who="1" m="49707" /><E29/><V99/><F40/><W83/><G63/><T76/><D76/><U103/><E103/><V102/><F41/><W107/><G107/><T61/><D61/><U12/><E13/><AGARI ba="1,1" hai="1,6,9,13,19,22,48,50,51,93,95,117,118,119" machi="13" ten="50,2400,0" yaku="1,1,53,0" doraHai="65" doraHaiUra="59" who="0" fromWho="1" sc="420,37,70,-27,250,0,250,0" /><INIT seed="0,2,0,4,3,89" ten="457,43,250,250" oya="0" hai0="65,42,20,54,85,12,38,90,47,84,91,6,51" hai1="120,121,103,115,7,0,35,41,45,57,122,34,16" hai2="62,111,19,4,118,15,102,129,53,18,87,37,30" hai3="78,135,80,29,82,108,94,72,9,127,3,99,50"/><T110/><D110/><U31/><E57/><V77/><F37/><W60/><G108/><T49/><D65/><U46/><E41/><V1/><F1/><W106/><G106/><T101/><D101/><U81/><E81/><V95/><F129/><W123/><G123/><N who="1" m="31490" /><U131/><DORA hai="2" /><E103/><V8/><F118/><W117/><G117/><T63/><D63/><U92/><E92/><V23/><F111/><W105/><G50/><T116/><D116/><U69/><E46/><V24/><F62/><W27/><G60/><T83/><D54/><U133/><E45/><V71/><F53/><W114/><G82/><T36/><D36/><U70/><E69/><V107/><F71/><W56/><G80/><T97/><D97/><U59/><E59/><V104/><F104/><W128/><G56/><T39/><D49/><U74/><E70/><V79/><F107/><W86/><G99/><T132/><D132/><U113/><E74/><V112/><F112/><N who="1" m="43081" /><E131/><V88/><F79/><W44/><G78/><T96/><D96/><U98/><E98/><N who="2" m="59743" /><F77/><W130/><G72/><T68/><D68/><U10/><E133/><V67/><F67/><W21/><G135/><T119/><D119/><U66/><E66/><V61/><F61/><W5/><G105/><T73/><D73/><U26/><E35/><V64/><F64/><W28/><G130/><T11/><REACH who="0" step="1"/><D20/><REACH who="0" ten="447,43,250,250" step="2"/><U76/><E76/><V125/><F23/><W100/><G21/><T93/><AGARI ba="2,1" hai="6,11,12,38,39,42,47,51,83,84,85,90,91,93" machi="93" ten="20,18000,2" yaku="1,1,2,1,0,1,7,1,52,2,53,0" doraHai="89,2" doraHaiUra="109,75" who="0" fromWho="0" sc="447,196,43,-62,250,-62,250,-62" owari="643,74.0,-19,-52.0,188,-1.0,188,-21.0" /></mjloggm>