<mjloggm ver="2.3"><GO type="97" lobby="0"/><UN n0="%E3%82%A6%E3%83%AB%E3%83%88%E3%83%A9%E7%AB%8B%E7%9B%B4" n1="%39%31%31" n2="%4F%4E%49%4B%55" n3="%E4%B8%80%E3%83%8E%E7%80%AC%E5%85%AD%E6%89%8B" dan="15,14,15,15" rate="1978.61,1846.19,1955.43,1963.81" sx="M,M,M,M"/><TAIKYOKU oya="0"/><INIT seed="0,0,0,5,2,130" ten="250,250,250,250" oya="0" hai0="86,74,12,132,122,106,38,82,110,43,39,93,78" hai1="107,31,66,119,60,30,127,24,104,75,98,14,72" hai2="46,50,120,37,6,76,45,2,53,9,7,88,135" hai3="94,4,128,17,68,84,19,92,23,99,133,97,26"/><T8/><D106/><U21/><E119/><V28/><F120/><W29/><G128/><T35/><D35/><U117/><E127/><V62/><F135/><W129/><G129/><T103/><D122/><U34/><E117/><V51/><F28/><W44/><G68/><T100/><D132/><U81/><E14/><V61/><F76/><W5/><G133/><T102/><D110/><U83/><E21/><V47/><F7/><N who="3" m="2635" /><G44/><T114/><D114/><U71/><E31/><V56/><F37/><W123/><G84/><T42/><D39/><U79/><REACH who="1" step="1"/><E98/><REACH who="1" ten="250,240,250,250" step="2"/><V67/><REACH who="2" step="1"/><F88/><REACH who="2" ten="250,240,240,250" step="2"/><N who="3" m="55431" /><G123/><T41/><D38/><U111/><E111/><V134/><F134/><W131/><G131/><T115/><D115/><U15/><E15/><V20/><F20/><W101/><AGARI ba="0,2" hai="17,19,23,26,29,94,99,101" m="55431,2635" machi="101" ten="30,2000,0" yaku="8,1,54,1" doraHai="130" who="3" fromWho="3" sc="250,-10,240,-5,240,-5,250,40" /><INIT seed="1,0,0,1,5,37" ten="240,235,235,290" oya="1" hai0="116,64,19,62,23,63,133,9,7,0,12,108,110" hai1="38,43,61,53,18,71,83,34,75,126,22,26,25" hai2="30,111,33,67,102,11,84,95,41,72,81,68,54" hai3="21,89,10,51,106,36,50,76,1,91,28,20,27"/><U3/><E126/><V85/><F72/><W74/><G36/><T117/><D63/><U29/><E3/><V17/><F68/><W88/><G106/><T90/><D90/><U46/><E75/><V5/><F33/><W82/><REACH who="3" step="1"/><G21/><REACH who="3" ten="240,235,235,280" step="2"/><T65/><D133/><U14/><E83/><V77/><F81/><W93/><G93/><T97/><D23/><U45/><E71/><V73/><F95/><W101/><G101/><T60/><D116/><U8/><E61/><V124/><F102/><W94/><G94/><T98/><D62/><U57/><E57/><V100/><F100/><W104/><G104/><T47/><D60/><U15/><E46/><V2/><F124/><W69/><G69/><T32/><D47/><U109/><E109/><V58/><F111/><W35/><G35/><T129/><D32/><U121/><E121/><V87/><F58/><W115/><G115/><T132/><D117/><U131/><E131/><V66/><F67/><W96/><G96/><T4/><D129/><U125/><E125/><V119/><F66/><W40/><G40/><T48/><D65/><U113/><E53/><V122/><F54/><W120/><G120/><T105/><D64/><U112/><E112/><V55/><F55/><W99/><G99/><T123/><D98/><U39/><E113/><V103/><F103/><W70/><G70/><T31/><D97/><U134/><E39/><V86/><F122/><W127/><G127/><T6/><D123/><U92/><E92/><V24/><F119/><W107/><G107/><T13/><D105/><U114/><E114/><V80/><F41/><RYUUKYOKU ba="0,1" sc="240,-10,235,-10,235,-10,280,30" hai3="1,10,20,27,28,50,51,74,76,82,88,89,91" /><INIT seed="2,1,1,1,2,36" ten="230,225,225,310" oya="2" hai0="81,65,90,62,55,42,7,19,46,72,127,93,121" hai1="122,112,119,27,111,114,4,68,24,70,48,17,15" hai2="8,130,14,59,104,110,18,69,91,83,40,53,39" hai3="117,107,10,92,131,103,125,102,75,23,44,31,100"/><V124/><F104/><W134/><G117/><T38/><D121/><U74/><E74/><V113/><F69/><W98/><G75/><T63/><D127/><U29/><E29/><V116/><F116/><W25/><G125/><T2/><D19/><U135/><E135/><V133/><F124/><W33/><G134/><T82/><D55/><U11/><E11/><V106/><F106/><W86/><G44/><T71/><D63/><U101/><E101/><V58/><F133/><W108/><G108/><T9/><REACH who="0" step="1"/><D72/><REACH who="0" ten="220,225,225,310" step="2"/><U28/><E28/><V52/><F113/><W99/><G31/><T87/><AGARI ba="1,2" hai="2,7,9,38,42,46,62,65,71,81,82,87,90,93" machi="87" ten="20,8000,1" yaku="1,1,2,1,0,1,7,1,52,1,53,0" doraHai="36" doraHaiUra="94" who="0" fromWho="0" sc="220,103,225,-21,225,-41,310,-21" /><INIT seed="3,0,0,0,3,36" ten="323,204,184,289" oya="3" hai0="17,119,126,63,77,98,50,42,4,64,89,115,109" hai1="28,111,32,14,7,51,100,68,38,40,79,61,21" hai2="120,124,12,43,22,67,60,82,52,11,66,134,91" hai3="127,106,84,102,37,24,75,34,8,2,132,110,95"/><W103/><G75/><T70/><D115/><U30/><E30/><V116/><F116/><W114/><G114/><T113/><D119/><U16/><E16/><N who="2" m="8223" /><F120/><W123/><G123/><T133/><D4/><U81/><E81/><V92/><F124/><W104/><G127/><T31/><D17/><U101/><E101/><V55/><F134/><W135/><G37/><T72/><D31/><U122/><E122/><V26/><F82/><W35/><G110/><T128/><D89/><U118/><E118/><V85/><F43/><W0/><G24/><T54/><D42/><U47/><E47/><V3/><F3/><N who="3" m="1067" /><G8/><T131/><D126/><U45/><E45/><V90/><F91/><W53/><G53/><N who="2" m="20553" /><F60/><W41/><G41/><T29/><D109/><U62/><E62/><V57/><F57/><W87/><G95/><T46/><D63/><U65/><E65/><V48/><F48/><W117/><G117/><T18/><D64/><U97/><E97/><V33/><F33/><N who="3" m="12299" /><G102/><T71/><D98/><U125/><E125/><V74/><F74/><W56/><G56/><T94/><D113/><U15/><E15/><V27/><F27/><W129/><G103/><T39/><D39/><U59/><E59/><V108/><F108/><W112/><G112/><T76/><D72/><U96/><E96/><V105/><F105/><N who="3" m="40555" /><G129/><T99/><D131/><U93/><E93/><V80/><F80/><W44/><G44/><T1/><D46/><U10/><E10/><V86/><F86/><AGARI ba="0,0" hai="84,86,87,132,135" m="40555,12299,1067" machi="86" ten="40,3900,0" yaku="28,2" doraHai="36" who="3" fromWho="2" sc="323,0,204,0,184,-39,289,39" owari="323,12.0,204,-20.0,145,-35.0,328,43.0" /></mjloggm>