<mjloggm ver="2.3"><GO type="97" lobby="0"/><UN n0="%E3%82%A6%E3%83%AB%E3%83%88%E3%83%A9%E7%AB%8B%E7%9B%B4" n1="%E6%A0%83%E3%81%AE%E5%B5%90" n2="%6F%77%61%72%69%2D" n3="%E3%82%86%E3%83%BC%E3%81%AF%E3%82%B7%E3%83%A7%E3%83%83%E3%82%AF" dan="15,14,14,13" rate="2019.93,1967.48,1856.79,1876.64" sx="M,M,M,M"/><TAIKYOKU oya="0"/><INIT seed="0,0,0,1,2,13" ten="250,250,250,250" oya="0" hai0="35,68,24,5,111,92,32,39,22,93,56,130,20" hai1="12,71,131,18,82,58,0,84,107,69,124,80,118" hai2="103,135,88,116,8,62,101,99,34,10,28,121,64" hai3="60,83,48,133,36,94,61,70,46,14,73,52,128"/><T109/><D68/><U115/><E118/><V19/><F121/><W29/><G133/><T1/><D39/><U77/><E131/><V98/><F135/><W81/><G128/><T86/><D56/><U95/><E124/><V53/><F116/><W129/><G129/><T65/><D65/><U55/><E0/><V2/><F2/><W15/><G29/><N who="0" m="17559" /><D86/><U50/><E107/><V112/><F112/><W120/><G120/><T66/><D66/><U87/><E115/><V75/><F75/><W33/><G33/><N who="0" m="12875" /><D93/><U108/><E108/><N who="0" m="41545" /><D92/><U79/><REACH who="1" step="1"/><E95/><REACH who="1" ten="250,240,250,250" step="2"/><V90/><F101/><W26/><G94/><T57/><D130/><U21/><AGARI ba="0,1" hai="12,18,21,50,55,58,69,71,77,79,80,82,84,87" machi="21" ten="20,12000,2" yaku="1,1,2,1,0,1,7,1,9,1,52,1,53,0" doraHai="13" doraHaiUra="105" who="1" fromWho="1" sc="250,-60,240,130,250,-30,250,-30" /><INIT seed="1,0,0,5,0,96" ten="190,370,220,220" oya="1" hai0="27,116,91,21,85,55,52,61,53,80,14,1,83" hai1="113,71,22,124,25,112,58,46,51,33,130,129,37" hai2="47,67,35,77,114,63,9,108,59,15,45,107,64" hai3="24,32,19,49,43,74,68,128,11,69,106,87,10"/><U88/><E33/><V75/><F108/><W81/><G74/><T7/><D1/><U134/><E71/><V13/><F35/><W28/><G128/><N who="1" m="49258" /><E25/><V42/><F67/><W118/><G118/><T36/><D36/><U90/><E22/><V70/><F70/><W95/><G106/><T57/><D116/><U94/><E134/><V76/><F75/><W62/><G62/><T89/><D83/><U54/><E124/><V17/><F107/><W66/><G66/><T93/><D14/><U99/><E90/><V41/><F114/><N who="1" m="44137" /><E37/><V120/><F120/><W6/><G19/><N who="0" m="12735" /><D7/><U31/><E31/><V56/><F59/><AGARI ba="0,0" hai="46,51,54,58,59,88,94,99" m="44137,49258" machi="59" ten="30,2900,0" yaku="19,1,54,1" doraHai="96" who="1" fromWho="2" sc="190,0,370,29,220,-29,220,0" /><INIT seed="1,1,0,2,3,88" ten="190,399,191,220" oya="1" hai0="124,119,37,26,14,48,109,98,11,5,78,62,10" hai1="107,13,81,106,17,74,53,120,30,128,61,83,111" hai2="79,94,9,44,35,108,112,25,130,125,70,31,73" hai3="92,104,89,85,100,16,76,34,4,135,91,51,127"/><U105/><E120/><V97/><F108/><W80/><G34/><T47/><D37/><U49/><E111/><V27/><F125/><W90/><G4/><T52/><D109/><U72/><E128/><V33/><F130/><W117/><G127/><T43/><D124/><U2/><E30/><V39/><F70/><W126/><G126/><T19/><D119/><U77/><E61/><V12/><F112/><W45/><G117/><T41/><D78/><U113/><E2/><V32/><F27/><W28/><G28/><T123/><D123/><U101/><E113/><V3/><F3/><W95/><G135/><T15/><D26/><U115/><E115/><V67/><F67/><W132/><G132/><T86/><D86/><U131/><E131/><V21/><F39/><W82/><G82/><T24/><D24/><U1/><E1/><V36/><F36/><W38/><G38/><T69/><D69/><U66/><E66/><V121/><F44/><W116/><G116/><T60/><D98/><U22/><E101/><V23/><F23/><W103/><G16/><T110/><D110/><U46/><REACH who="1" step="1"/><E83/><REACH who="1" ten="190,389,191,220" step="2"/><V134/><F121/><W59/><G103/><T50/><D60/><U129/><E129/><V8/><F31/><W122/><G122/><T54/><REACH who="0" step="1"/><D62/><REACH who="0" ten="180,389,191,220" step="2"/><U40/><E40/><V87/><F134/><W0/><G100/><T114/><D114/><U99/><E99/><V68/><F97/><W118/><G118/><T18/><D18/><U64/><E64/><V65/><F35/><W71/><G71/><T7/><D7/><U84/><AGARI ba="1,2" hai="13,17,22,46,49,53,72,74,77,81,84,105,106,107" machi="84" ten="30,3000,0" yaku="1,1,0,1,53,0" doraHai="88" doraHaiUra="20" who="1" fromWho="1" sc="180,-11,389,53,191,-11,220,-11" /><INIT seed="1,2,0,4,1,74" ten="169,442,180,209" oya="1" hai0="47,99,104,66,32,129,67,112,30,108,133,79,56" hai1="46,126,97,25,96,17,8,55,48,70,94,40,78" hai2="24,68,59,84,33,107,103,102,65,35,15,34,12" hai3="10,117,76,82,62,49,131,44,22,6,43,54,9"/><U125/><E70/><V72/><F72/><W80/><G117/><T0/><D112/><U101/><E96/><V39/><F39/><W58/><G131/><T61/><D129/><U113/><E113/><V83/><F68/><W50/><G22/><T36/><D133/><U4/><E78/><V13/><F107/><W87/><G6/><T93/><D0/><U121/><E121/><V57/><F24/><W29/><G29/><T95/><D108/><U69/><E69/><V109/><F109/><W38/><REACH who="3" step="1"/><G82/><REACH who="3" ten="169,442,180,199" step="2"/><T5/><D5/><U115/><E115/><V132/><F132/><W41/><G41/><T114/><D32/><U100/><E40/><V110/><F110/><W89/><G89/><T45/><D30/><U51/><E101/><V18/><F18/><W105/><G105/><T31/><D104/><U20/><E126/><V52/><F103/><W73/><G73/><T106/><D31/><U111/><E125/><V21/><F102/><W2/><G2/><T86/><D106/><U134/><E111/><V90/><F21/><W14/><G14/><T75/><D75/><U85/><E134/><V26/><F33/><W91/><G91/><N who="0" m="55807" /><D114/><U28/><E28/><V19/><F34/><W37/><G37/><T53/><D36/><U60/><E4/><V11/><F35/><W27/><G27/><T64/><D93/><U71/><E94/><V124/><F26/><W122/><G122/><T77/><D86/><U120/><E85/><V42/><F42/><W16/><G16/><T116/><D116/><U128/><E120/><V135/><F124/><W118/><G118/><RYUUKYOKU ba="2,1" sc="169,15,442,-15,180,-15,199,15" hai0="45,47,53,56,61,64,66,67,77,79" hai3="9,10,38,43,44,49,50,54,58,62,76,80,87" /><INIT seed="2,3,1,0,1,121" ten="184,427,165,214" oya="2" hai0="57,71,101,104,80,72,128,126,90,106,27,102,19" hai1="4,37,92,2,16,69,5,112,39,130,134,22,103" hai2="42,70,115,93,12,89,63,110,88,46,58,10,8" hai3="52,129,47,84,61,114,131,117,91,65,64,55,48"/><V116/><F115/><W94/><G117/><T60/><D71/><U50/><E112/><V62/><F116/><W40/><G114/><T31/><D19/><U82/><E134/><V107/><F70/><W21/><G21/><T109/><D57/><U100/><E69/><V18/><F107/><N who="0" m="41002" /><D60/><N who="2" m="23082" /><F58/><N who="3" m="36919" /><G65/><T30/><D27/><U11/><E130/><AGARI ba="3,1" hai="40,47,48,52,55,84,91,94,129,130,131" m="36919" machi="130" ten="30,2000,0" yaku="19,1,54,1" doraHai="121" who="3" fromWho="1" sc="184,0,427,-29,165,0,214,39" /><INIT seed="3,0,0,2,3,28" ten="184,398,165,253" oya="3" hai0="61,30,50,37,66,5,85,99,32,62,11,71,2" hai1="78,39,120,18,1,89,100,7,111,6,27,102,74" hai2="127,22,65,45,113,103,58,116,75,95,0,60,48" hai3="14,8,46,112,19,131,96,114,124,63,98,97,125"/><W42/><G63/><T36/><D50/><U35/><E120/><V101/><F113/><W90/><G90/><T10/><D85/><U21/><E111/><V86/><F116/><W20/><G20/><T135/><D135/><U119/><E119/><V13/><F75/><W108/><G108/><T121/><D121/><U57/><E39/><V91/><F0/><W84/><G84/><T94/><D11/><U23/><E89/><V51/><F127/><N who="3" m="48715" /><G131/><T105/><D94/><U70/><E70/><V53/><REACH who="2" step="1"/><F51/><AGARI ba="0,0" hai="8,14,19,42,46,51,96,97,98,112,114" m="48715" machi="51" ten="30,1500,0" yaku="18,1" doraHai="28" who="3" fromWho="2" sc="184,0,398,0,165,-15,253,15" /><INIT seed="3,1,0,0,3,14" ten="184,398,150,268" oya="3" hai0="62,97,101,28,70,61,69,40,33,95,58,85,3" hai1="9,32,38,126,103,99,74,76,44,124,39,43,94" hai2="111,113,49,7,37,54,119,104,75,5,92,79,22" hai3="36,20,68,90,8,72,118,130,78,116,67,80,51"/><W57/><G36/><T107/><D3/><U24/><E9/><V121/><F113/><W46/><G130/><T128/><D128/><U59/><E59/><V10/><F119/><W117/><G68/><T16/><D40/><U102/><E39/><V131/><F131/><W2/><G90/><T30/><D62/><U26/><E103/><V29/><F104/><W108/><G108/><T71/><D33/><U89/><E102/><V18/><F121/><W12/><G2/><T63/><D85/><U106/><E106/><V4/><F37/><W64/><G20/><T21/><D107/><U86/><E99/><V1/><F111/><W114/><G57/><T105/><D105/><U122/><E122/><V60/><F75/><W83/><G83/><T6/><D6/><U123/><E123/><V65/><F79/><W27/><G27/><T110/><D63/><U55/><E55/><V41/><F41/><W19/><REACH who="3" step="1"/><G114/><REACH who="3" ten="184,398,150,258" step="2"/><T98/><D110/><U0/><E0/><V11/><F92/><W127/><G127/><N who="1" m="48682" /><E32/><V52/><F1/><W42/><AGARI ba="1,1" hai="8,12,19,42,46,51,64,67,72,78,80,116,117,118" machi="42" ten="30,6000,0" yaku="1,1,0,1,52,1,53,0" doraHai="14" doraHaiUra="34" who="3" fromWho="3" sc="184,-21,398,-21,150,-21,258,73" /><INIT seed="3,2,0,2,1,32" ten="163,377,129,331" oya="3" hai0="100,23,5,92,44,55,31,79,13,114,105,18,53" hai1="107,121,54,80,43,30,116,21,10,14,51,36,41" hai2="17,82,127,111,62,40,110,66,135,1,133,73,130" hai3="57,77,84,52,56,95,39,33,29,109,72,63,60"/><W3/><G72/><T35/><D105/><U15/><E121/><V113/><F113/><W126/><G39/><T22/><D114/><U123/><E123/><V91/><F127/><W6/><G126/><T102/><D35/><U81/><E116/><V65/><F40/><N who="1" m="15433" /><E107/><V48/><F130/><W67/><G109/><N who="2" m="41481" /><F48/><W7/><G3/><T94/><D5/><N who="1" m="3407" /><E36/><V96/><F17/><W86/><G86/><T9/><D79/><U26/><E15/><V20/><F20/><N who="0" m="7722" /><D31/><U128/><E128/><V69/><F66/><W131/><G131/><T24/><D24/><U103/><E103/><N who="0" m="39465" /><D44/><AGARI ba="2,0" hai="21,26,30,44,51,54,80,81" m="3407,15433" machi="44" ten="30,1000,0" yaku="8,1" doraHai="32" who="1" fromWho="0" sc="163,-16,377,16,129,0,331,0" owari="147,-25.0,393,49.0,129,-37.0,331,13.0" /></mjloggm>