<mjloggm ver="2.3"><GO type="97" lobby="0"/><UN n0="%E3%82%A6%E3%83%AB%E3%83%88%E3%83%A9%E7%AB%8B%E7%9B%B4" n1="%E8%B7%AF%E5%9C%B0%E8%A3%8F%E3%81%AE%E3%81%B2%E3%81%BE%E3%82%8F%E3%82%8A" n2="%E5%90%BE%E4%BA%A6%E7%B4%85%31%35%37%38" n3="%6D%69%6E%6F%72" dan="15,15,14,13" rate="2019.82,2033.34,1940.23,1918.84" sx="M,M,M,F"/><TAIKYOKU oya="0"/><INIT seed="0,0,0,1,2,0" ten="250,250,250,250" oya="0" hai0="1,20,86,8,27,48,71,87,17,76,57,104,80" hai1="97,132,37,113,32,14,56,100,129,65,118,77,101" hai2="128,55,41,31,93,122,85,9,50,126,123,119,42" hai3="30,33,69,43,98,81,94,133,24,23,70,78,35"/><T34/><D71/><U7/><E118/><V103/><F119/><W121/><G43/><T53/><D104/><U83/><E32/><V52/><F126/><W22/><G121/><T111/><D34/><U90/><E37/><V130/><F31/><W3/><G133/><T134/><D134/><U75/><E132/><V4/><F123/><W114/><G114/><T106/><D106/><U107/><E101/><V88/><F103/><W96/><G3/><T18/><D111/><U109/><E109/><V116/><F116/><W11/><G11/><T68/><D68/><U124/><E124/><V6/><F122/><W72/><G33/><T127/><D127/><U38/><E38/><V73/><F73/><W117/><G117/><T51/><D51/><U36/><E36/><V74/><F74/><W45/><G45/><T92/><D92/><U112/><E90/><V10/><F10/><W44/><G44/><T62/><D48/><U95/><E107/><V5/><F9/><W131/><G131/><N who="2" m="50217" /><F55/><W125/><G125/><T46/><D46/><AGARI ba="0,0" hai="4,5,6,41,42,46,50,52,85,88,93" m="50217" machi="46" ten="30,12000,2" yaku="19,1,52,3,54,2" doraHai="0" who="2" fromWho="0" sc="250,-120,250,0,250,120,250,0" /><INIT seed="1,0,0,3,3,120" ten="130,250,370,250" oya="1" hai0="6,22,127,87,113,17,106,130,90,115,24,54,78" hai1="47,88,98,33,45,92,75,111,42,135,99,123,51" hai2="43,126,40,12,15,53,11,122,131,134,9,26,57" hai3="65,64,74,0,25,68,114,97,28,83,102,2,3"/><U93/><E123/><V77/><F122/><W118/><G114/><T34/><D106/><U60/><E75/><V58/><F126/><W50/><G50/><T133/><D127/><U125/><E125/><V79/><F134/><W103/><G118/><T62/><D133/><U38/><E135/><V67/><F131/><W56/><G56/><T73/><D130/><U96/><E33/><V129/><F129/><W95/><G102/><T36/><D34/><U27/><E27/><V1/><F1/><W52/><G52/><T72/><D36/><U94/><E111/><V82/><F26/><W109/><G109/><T39/><D39/><U81/><E81/><V63/><F77/><W69/><G65/><T132/><D132/><U116/><E60/><V80/><F79/><W23/><REACH who="3" step="1"/><G64/><REACH who="3" ten="130,250,370,240" step="2"/><T19/><D113/><U31/><E116/><V89/><F67/><W49/><G49/><T41/><D115/><U55/><REACH who="1" step="1"/><E31/><REACH who="1" ten="130,240,370,240" step="2"/><V37/><F37/><W35/><G35/><T30/><D73/><U5/><E5/><V21/><F43/><W85/><G85/><AGARI ba="0,2" hai="38,42,45,47,51,55,85,88,92,93,94,96,98,99" machi="85" ten="40,3900,0" yaku="1,1,54,1,53,0" doraHai="120" doraHaiUra="107" who="1" fromWho="3" sc="130,0,240,59,370,0,240,-39" /><INIT seed="1,1,0,0,2,7" ten="130,299,370,201" oya="1" hai0="92,131,108,42,67,107,12,134,64,54,70,27,16" hai1="40,100,32,81,18,8,118,62,55,35,75,10,119" hai2="41,9,47,25,94,15,74,117,102,122,71,59,125" hai3="49,11,0,95,69,129,50,53,1,34,30,48,87"/><U101/><E40/><V111/><F117/><W66/><G129/><T121/><D107/><U19/><E81/><V21/><F122/><W52/><G66/><N who="0" m="25131" /><D70/><U22/><E22/><V24/><F111/><W88/><G69/><T103/><D108/><U58/><E75/><V96/><F125/><W72/><G72/><T68/><D68/><U132/><E132/><V130/><F74/><W110/><G110/><T3/><D3/><U124/><E124/><V45/><F130/><W65/><G65/><T115/><D115/><U123/><E123/><V31/><F71/><W56/><G30/><T79/><D131/><U83/><E83/><V106/><F106/><W76/><G34/><T113/><D113/><U43/><E43/><V93/><F59/><W127/><G127/><T38/><D38/><U126/><E126/><V2/><F2/><W36/><G36/><T109/><D109/><U82/><E82/><V28/><F94/><W104/><G104/><T61/><D134/><U77/><E58/><V73/><F41/><W20/><G76/><T116/><D42/><U29/><E29/><V112/><F73/><W5/><G0/><T78/><D27/><U86/><E55/><V26/><F112/><W90/><G20/><N who="0" m="11271" /><D121/><U128/><E128/><V91/><F102/><W63/><REACH who="3" step="1"/><G90/><REACH who="3" ten="130,299,370,191" step="2"/><T133/><D133/><U6/><E77/><V23/><F26/><W17/><G17/><AGARI ba="1,1" hai="9,15,17,21,23,24,25,28,31,45,47,91,93,96" machi="17" ten="30,7700,0" yaku="7,1,9,1,8,1,52,1" doraHai="7" who="2" fromWho="3" sc="130,0,299,0,370,90,191,-80" /><INIT seed="2,0,0,4,2,5" ten="130,299,460,111" oya="2" hai0="6,58,42,105,65,70,128,61,89,10,57,109,100" hai1="75,86,35,130,60,50,53,25,16,36,11,37,47" hai2="112,68,73,134,135,45,84,122,55,90,21,51,30" hai3="87,54,62,9,28,72,102,120,8,38,119,1,71"/><V93/><F122/><W7/><G119/><T83/><D128/><U114/><E75/><V77/><F112/><W123/><G38/><T88/><D109/><U69/><E114/><V115/><F115/><W33/><G72/><T133/><D133/><N who="2" m="50698" /><F68/><W22/><G102/><T131/><D131/><U44/><E130/><V24/><F73/><W116/><G116/><T31/><D31/><U124/><E124/><V126/><F77/><W117/><G117/><T110/><D110/><U121/><E121/><V127/><AGARI ba="0,0" hai="21,24,30,45,51,55,84,90,93,126,127" m="50698" machi="127" ten="30,1500,0" yaku="20,1" doraHai="5" who="2" fromWho="2" sc="130,-5,299,-5,460,15,111,-5" /><INIT seed="2,1,0,2,2,101" ten="125,294,475,106" oya="2" hai0="43,12,42,22,127,97,126,37,71,19,59,95,119" hai1="34,10,124,45,80,111,18,78,60,104,73,2,84" hai2="76,74,85,0,75,72,96,46,82,122,64,24,69" hai3="134,77,51,65,130,17,56,121,14,5,6,81,33"/><V102/><F122/><W52/><G33/><T105/><D71/><U66/><E111/><V123/><F123/><W99/><G121/><T118/><D59/><U54/><E124/><N who="0" m="47657" /><D37/><U79/><E34/><V116/><F116/><N who="0" m="44586" /><D95/><U38/><E79/><V86/><F0/><W48/><G130/><T20/><D97/><U26/><E26/><V129/><F129/><W49/><G134/><T55/><D55/><U109/><E84/><V13/><F46/><W89/><G65/><T94/><D94/><U87/><E87/><V57/><F69/><W110/><G110/><T106/><D20/><U1/><E109/><V115/><F115/><W31/><G31/><T8/><D22/><U44/><E44/><V113/><F113/><W62/><G89/><T25/><D25/><U3/><E54/><V103/><F24/><W50/><N who="3" m="12800" /><DORA hai="11" /><W9/><REACH who="3" step="1"/><G99/><REACH who="3" ten="125,294,475,96" step="2"/><T70/><D70/><U4/><E66/><V91/><F64/><W58/><G58/><T36/><D36/><U125/><E38/><V16/><F57/><W107/><G107/><AGARI ba="1,1" hai="8,12,19,42,43,105,106,107" m="44586,47657" machi="107" ten="40,12000,2" yaku="18,1,12,1,52,4" doraHai="101,11" who="0" fromWho="3" sc="125,133,294,0,475,0,96,-123" owari="258,-14.0,294,9.0,475,58.0,-27,-53.0" /></mjloggm>