<mjloggm ver="2.3"><GO type="97" lobby="0"/><UN n0="%E3%81%AF%E3%81%90%E3%82%8C%E3%82%81%E3%81%9F%E3%82%8B" n1="%E3%82%A6%E3%83%AB%E3%83%88%E3%83%A9%E7%AB%8B%E7%9B%B4" n2="%E3%82%A4%E3%83%97%E3%82%B7%E3%83%AD%E3%83%B3%EF%BC%B2" n3="%79%6F%73%75%6B%65%30%38" dan="14,15,15,14" rate="1974.39,1995.80,2002.60,1906.88" sx="M,M,M,M"/><TAIKYOKU oya="0"/><INIT seed="0,0,0,5,0,44" ten="250,250,250,250" oya="0" hai0="42,12,27,34,113,87,111,49,36,135,66,17,82" hai1="103,35,30,97,123,2,59,53,64,107,57,55,122" hai2="106,86,127,78,50,109,4,112,100,11,7,32,121" hai3="104,10,60,115,41,13,20,19,15,102,98,101,91"/><T61/><D113/><U9/><E64/><V65/><F32/><W37/><G115/><T131/><D36/><U18/><E30/><V110/><F112/><W23/><G102/><T129/><D135/><U70/><E35/><V54/><F65/><W75/><G75/><T79/><D34/><U95/><E70/><V43/><F43/><W124/><G124/><T81/><D27/><U48/><E107/><V93/><F106/><W132/><G132/><T88/><D111/><U96/><E96/><V80/><F121/><W84/><G60/><T40/><D131/><U14/><REACH who="1" step="1"/><E2/><REACH who="1" ten="250,240,250,250" step="2"/><V6/><F110/><W134/><G134/><T76/><D129/><U58/><E58/><V92/><F109/><W133/><G133/><T31/><D31/><U47/><E47/><V38/><F100/><W89/><G98/><T120/><D120/><U83/><E83/><V68/><F68/><W126/><G104/><T69/><D82/><U3/><E3/><V1/><F1/><W72/><G101/><T90/><D76/><U28/><E28/><V8/><F80/><W33/><G33/><T5/><D79/><U62/><AGARI ba="0,1" hai="9,14,18,48,53,55,57,59,62,95,97,103,122,123" machi="62" ten="20,5200,0" yaku="1,1,0,1,7,1,52,1,53,0" doraHai="44" doraHaiUra="24" who="1" fromWho="1" sc="250,-26,240,62,250,-13,250,-13" /><INIT seed="1,0,0,1,0,26" ten="224,302,237,237" oya="1" hai0="41,89,44,88,50,132,99,131,49,13,45,135,39" hai1="7,57,90,6,128,82,92,105,97,36,65,3,68" hai2="104,21,48,55,12,27,118,101,1,10,46,113,4" hai3="87,37,54,29,78,76,43,134,35,30,28,75,62"/><U86/><E36/><V96/><F113/><W19/><G35/><T52/><D131/><U17/><E68/><V77/><F77/><W109/><G109/><T74/><D74/><U18/><E105/><V63/><F63/><W53/><G75/><T38/><D13/><U60/><E128/><V24/><F118/><W123/><G123/><T64/><D64/><U91/><E3/><V67/><F67/><W69/><G69/><T72/><D72/><U95/><E82/><V15/><REACH who="2" step="1"/><F27/><REACH who="2" ten="224,302,227,237" step="2"/><W47/><G134/><N who="0" m="51243" /><D99/><U42/><E42/><V93/><F93/><W121/><G121/><T126/><D126/><U40/><E40/><V114/><F114/><W79/><G87/><T11/><D11/><U59/><E65/><V0/><F0/><W116/><G116/><T73/><D73/><U125/><E125/><V71/><F71/><W133/><G133/><T130/><D130/><U108/><E60/><V111/><F111/><W98/><G62/><T107/><D107/><U85/><E108/><V117/><F117/><W16/><REACH who="3" step="1"/><G98/><AGARI ba="0,1" hai="6,7,17,18,57,59,85,86,90,91,92,95,97,98" machi="98" ten="25,4800,0" yaku="22,2,8,1" doraHai="26" who="1" fromWho="3" sc="224,0,302,58,227,0,237,-48" /><INIT seed="1,1,0,3,2,7" ten="224,360,227,189" oya="1" hai0="38,130,24,20,80,6,125,129,119,107,18,60,110" hai1="65,120,30,70,109,90,29,48,98,66,57,15,41" hai2="126,46,54,22,16,5,49,71,93,61,79,39,23" hai3="83,26,104,135,127,86,131,91,53,14,115,94,77"/><U42/><E70/><V1/><F126/><W4/><G115/><T8/><D119/><U74/><E74/><V123/><F123/><W45/><G127/><T76/><D125/><U50/><E109/><V68/><F79/><W81/><G104/><T44/><D107/><U132/><E132/><V108/><F108/><W32/><G135/><T12/><D60/><U101/><E101/><V28/><F39/><W58/><G131/><T82/><D110/><U118/><E118/><V100/><F61/><W31/><G45/><T73/><REACH who="0" step="1"/><D80/><REACH who="0" ten="214,360,227,189" step="2"/><U84/><E120/><V62/><F62/><W59/><G83/><T111/><D111/><U114/><E114/><V95/><F71/><W0/><G0/><T89/><D89/><U102/><E90/><V56/><F68/><W17/><G53/><T13/><D13/><U134/><E15/><V67/><F54/><W117/><G117/><T121/><D121/><U34/><E134/><V103/><F1/><W116/><G116/><T33/><D33/><U128/><E34/><V35/><F35/><W3/><G3/><T85/><D85/><U25/><E84/><V47/><F103/><W75/><G4/><T9/><D9/><AGARI ba="1,1" hai="9,14,17,26,31,32,58,59,75,77,81,86,91,94" machi="9" ten="30,2000,0" yaku="7,1,52,1" doraHai="7" who="3" fromWho="0" sc="214,-23,360,0,227,0,189,33" /><INIT seed="2,0,0,2,3,60" ten="191,360,227,222" oya="2" hai0="24,13,67,131,39,90,14,27,76,44,125,3,93" hai1="78,91,57,26,2,110,32,102,70,114,71,130,22" hai2="48,133,55,6,100,41,106,126,92,85,16,115,35" hai3="47,1,43,122,87,20,0,19,63,94,61,109,64"/><V135/><F35/><W17/><G109/><T54/><D3/><U128/><E102/><V34/><F34/><W127/><G122/><T9/><D131/><N who="1" m="50219" /><E78/><V53/><F115/><W134/><G134/><N who="2" m="51209" /><F126/><W52/><G127/><T66/><D125/><U83/><E2/><V95/><F6/><W74/><G74/><T15/><D39/><U30/><E110/><V62/><F41/><W118/><G118/><T72/><D76/><U99/><E32/><V73/><F73/><W49/><G43/><T28/><D28/><U59/><E114/><V4/><F4/><W40/><G40/><T111/><D9/><U21/><E21/><V132/><F132/><W97/><G87/><N who="0" m="52447" /><D72/><U56/><E99/><N who="2" m="61727" /><F85/><AGARI ba="0,0" hai="22,26,30,56,57,59,70,71,83,85,91" m="50219" machi="85" ten="30,1000,0" yaku="19,1" doraHai="60" who="1" fromWho="2" sc="191,0,360,10,227,-10,222,0" /><INIT seed="3,0,0,1,0,14" ten="191,370,217,222" oya="3" hai0="122,76,112,69,18,135,120,66,116,33,127,101,71" hai1="95,7,4,88,133,63,105,108,99,47,50,32,104" hai2="55,72,68,92,106,8,73,43,61,24,30,84,107" hai3="74,82,5,117,77,48,53,118,37,26,0,75,126"/><W81/><G37/><T29/><D116/><U65/><E32/><V102/><F43/><W89/><G126/><T49/><D127/><U17/><E105/><V60/><F8/><W42/><G42/><T85/><D76/><U131/><E104/><V59/><F107/><W97/><G26/><T96/><D85/><U79/><E79/><V25/><F25/><W115/><G115/><T11/><D135/><U12/><E108/><V27/><F27/><W121/><G121/><T2/><D2/><U111/><E111/><V45/><F45/><W22/><G22/><T38/><D38/><U93/><E93/><V134/><F134/><W19/><G19/><T80/><D80/><U57/><E131/><V54/><F84/><W113/><G113/><T58/><D112/><U16/><E133/><V34/><F92/><W20/><G20/><T13/><D29/><U36/><E36/><V31/><F31/><W28/><G28/><T86/><D86/><U110/><E110/><V46/><F46/><W130/><G130/><T119/><D119/><U10/><E7/><V109/><F109/><W124/><G124/><T67/><D33/><U56/><E56/><V39/><F39/><W98/><G5/><T90/><D90/><U40/><AGARI ba="0,0" hai="4,10,12,16,17,40,47,50,57,63,65,88,95,99" machi="40" ten="20,12000,2" yaku="0,1,7,1,8,1,52,2,54,2" doraHai="14" who="1" fromWho="1" sc="191,-30,370,120,217,-30,222,-60" owari="161,-34.0,490,59.0,187,-1.0,162,-24.0" /></mjloggm>