<mjloggm ver="2.3"><GO type="97" lobby="0"/><UN n0="%E3%82%A6%E3%83%AB%E3%83%88%E3%83%A9%E7%AB%8B%E7%9B%B4" n1="%E5%B9%BC%E5%A5%B3%E5%A4%A7%E5%A5%BD%E7%81%AB%E3%83%8E%E9%B3%A5" n2="%79%61%73%61%62%75%72%6F" n3="%E3%81%AA%E3%81%8C%E3%81%AD%E3%81%8E%E5%89%A3%E5%A3%AB" dan="15,16,14,14" rate="1973.06,2025.69,1902.88,2058.44" sx="M,M,M,M"/><TAIKYOKU oya="0"/><INIT seed="0,0,0,2,5,131" ten="250,250,250,250" oya="0" hai0="11,37,65,5,114,43,14,48,132,2,121,45,130" hai1="59,30,93,63,75,53,120,55,113,68,32,56,58" hai2="31,36,87,109,101,96,119,21,105,123,49,89,7" hai3="6,117,18,19,61,88,82,42,90,39,104,64,20"/><T102/><D121/><U13/><E113/><V8/><F123/><W46/><G104/><T23/><D114/><U107/><E120/><V27/><F109/><W92/><G117/><T77/><D130/><U126/><E126/><V47/><F119/><W34/><G34/><T111/><D111/><U0/><E0/><V81/><F36/><W84/><G20/><T4/><D102/><U94/><E107/><V115/><F115/><W9/><G90/><T52/><D65/><U38/><E38/><V41/><F7/><W17/><G82/><T112/><D112/><U70/><E75/><V16/><REACH who="2" step="1"/><F8/><REACH who="2" ten="250,250,240,250" step="2"/><W79/><G79/><T106/><D5/><U73/><E73/><V24/><F24/><W83/><G6/><T91/><D77/><U135/><E135/><V128/><F128/><W133/><G9/><T33/><D11/><U134/><E134/><V67/><F67/><W71/><G133/><T95/><D132/><U118/><E118/><V44/><F44/><W76/><G76/><T29/><D4/><U28/><E68/><V35/><F35/><W98/><G83/><T74/><D33/><U50/><E32/><V85/><F85/><W99/><AGARI ba="0,1" hai="17,18,19,39,42,46,61,64,71,84,88,92,98,99" machi="99" ten="30,2000,0" yaku="0,1,54,1" doraHai="131" who="3" fromWho="3" sc="250,-10,250,-5,240,-5,250,30" /><INIT seed="1,0,0,3,5,49" ten="240,245,235,280" oya="1" hai0="57,9,10,56,18,123,46,68,115,24,59,124,47" hai1="86,85,77,105,127,61,30,131,119,42,81,3,126" hai2="106,15,7,39,125,41,87,121,14,67,32,78,52" hai3="23,104,65,79,27,99,94,102,128,89,25,16,101"/><U69/><E119/><V38/><F32/><W109/><G109/><T114/><D68/><U40/><E105/><V70/><F106/><W12/><G128/><T20/><D123/><U82/><E3/><V103/><F121/><W122/><G122/><T63/><D63/><U21/><E131/><V130/><F130/><W2/><G2/><T51/><D124/><N who="1" m="47659" /><E69/><V45/><F125/><W129/><G129/><T34/><D34/><U19/><E30/><V76/><F103/><W132/><G132/><T44/><REACH who="0" step="1"/><D51/><REACH who="0" ten="230,245,235,280" step="2"/><U22/><E61/><V71/><F70/><W135/><G65/><T5/><D5/><U96/><E96/><V37/><F71/><W92/><G99/><T36/><D36/><U120/><E120/><V50/><F67/><W17/><G104/><T43/><D43/><N who="1" m="16427" /><E19/><V110/><F7/><W100/><G16/><T108/><D108/><U116/><E116/><V90/><F110/><W33/><G17/><T88/><D88/><AGARI ba="0,1" hai="21,22,77,81,82,85,86,88" m="16427,47659" machi="88" ten="30,2900,0" yaku="18,1,54,1" doraHai="49" who="1" fromWho="0" sc="230,-29,245,39,235,0,280,0" /><INIT seed="1,1,0,2,2,6" ten="201,284,235,280" oya="1" hai0="92,38,34,9,105,19,118,16,83,46,18,127,4" hai1="110,119,107,112,50,77,124,20,94,24,101,99,47" hai2="133,88,115,63,126,129,15,113,57,134,104,93,28" hai3="78,103,44,62,35,37,111,95,40,96,79,72,131"/><U85/><E119/><V98/><F104/><W2/><G35/><T117/><D34/><U81/><E112/><N who="2" m="43083" /><F28/><W80/><G111/><T82/><D105/><U0/><E0/><V58/><F126/><W106/><G131/><T11/><D127/><U8/><E124/><V29/><F29/><W22/><G78/><T51/><D38/><U109/><E8/><N who="0" m="3145" /><D118/><U69/><E69/><V91/><F15/><W52/><G2/><T26/><D117/><U30/><REACH who="1" step="1"/><E107/><REACH who="1" ten="201,274,235,280" step="2"/><V25/><F129/><W84/><G106/><T89/><D4/><U23/><E23/><V65/><F58/><W64/><G22/><T54/><D26/><U90/><E90/><N who="2" m="55607" /><F25/><W74/><G52/><AGARI ba="1,1" hai="20,24,30,47,50,52,77,81,85,94,99,101,109,110" machi="52" ten="40,7700,0" yaku="1,1,54,1,53,1" doraHai="6" doraHaiUra="43" who="1" fromWho="3" sc="201,0,274,90,235,0,280,-80" /><INIT seed="1,2,0,2,1,32" ten="201,364,235,200" oya="1" hai0="122,126,132,30,53,93,107,73,5,104,111,76,133" hai1="96,89,44,35,74,1,113,98,97,81,82,79,75" hai2="36,92,109,108,100,115,3,25,90,66,26,33,117" hai3="114,77,78,23,40,106,67,4,65,7,87,70,29"/><U58/><E35/><V54/><F54/><W6/><G106/><N who="0" m="40491" /><D53/><U28/><E113/><V21/><F36/><W120/><G120/><T134/><D30/><U124/><E124/><V105/><F66/><W18/><G114/><T95/><D5/><U69/><E69/><V16/><F115/><W24/><G40/><T61/><D61/><U80/><E28/><N who="2" m="19599" /><F105/><W27/><G70/><T57/><D57/><U13/><E1/><V83/><F100/><W43/><G43/><T125/><D122/><U22/><E44/><V11/><F83/><W55/><G55/><T59/><D59/><U85/><E58/><V99/><F117/><W46/><G46/><T72/><D111/><N who="2" m="42570" /><F11/><W101/><G101/><T49/><D49/><U60/><E60/><V129/><F129/><W19/><G78/><T103/><D103/><U130/><E130/><V63/><F63/><W68/><G68/><T45/><D45/><U86/><E75/><N who="0" m="28745" /><D76/><U17/><E74/><V84/><F84/><W91/><G77/><T88/><D95/><AGARI ba="2,0" hai="13,17,22,79,80,81,82,85,86,89,95,96,97,98" machi="95" ten="40,2000,0" yaku="8,1" doraHai="32" who="1" fromWho="0" sc="201,-26,364,26,235,0,200,0" /><INIT seed="1,3,0,4,1,88" ten="175,390,235,200" oya="1" hai0="13,135,92,105,43,89,29,69,122,125,107,46,113" hai1="84,61,121,64,120,98,108,37,54,133,68,0,19" hai2="55,103,72,52,5,85,82,116,123,18,20,117,28" hai3="75,110,45,131,51,129,78,66,115,101,132,91,39"/><U36/><E0/><V130/><F123/><N who="1" m="47177" /><E19/><V102/><F130/><N who="3" m="49675" /><G110/><T53/><D122/><U47/><E98/><V59/><F72/><W87/><G115/><T100/><D113/><U126/><E84/><V63/><F28/><W93/><G132/><T23/><D135/><U12/><E12/><V127/><F5/><W83/><G39/><N who="1" m="14922" /><E133/><V81/><F127/><W58/><G101/><N who="2" m="38409" /><F117/><W11/><G11/><T1/><D125/><U77/><E77/><N who="2" m="46255" /><F116/><W7/><G7/><T94/><D1/><U95/><E95/><N who="0" m="36393" /><D69/><U76/><E76/><V118/><F118/><W4/><G4/><T114/><D114/><U109/><E126/><V86/><F86/><W41/><G66/><T97/><D105/><U134/><E134/><V2/><F82/><W96/><G58/><T44/><D107/><U56/><E47/><N who="0" m="17961" /><D100/><U74/><E74/><AGARI ba="3,0" hai="41,45,51,74,75,78,83,87,91,93,96" m="49675" machi="74" ten="30,2000,0" yaku="19,1,52,1" doraHai="88" who="3" fromWho="1" sc="175,0,390,-29,235,0,200,29" /><INIT seed="2,0,0,4,5,35" ten="175,361,235,229" oya="2" hai0="19,77,130,56,10,100,32,42,6,0,98,82,104" hai1="55,23,94,22,38,36,2,105,118,132,102,58,84" hai2="92,120,112,87,37,89,15,50,12,43,90,18,8" hai3="127,14,108,114,85,97,39,57,124,5,133,119,116"/><V26/><F37/><W27/><G39/><T41/><D130/><U3/><E118/><N who="3" m="45098" /><G57/><T99/><D32/><U21/><E132/><V122/><F112/><W17/><G85/><T110/><D110/><U48/><E105/><V123/><F26/><W9/><G97/><T125/><D125/><N who="3" m="48201" /><G108/><T4/><D4/><U111/><E111/><V95/><F15/><W113/><G133/><T103/><D19/><U31/><E31/><V47/><REACH who="2" step="1"/><F123/><REACH who="2" ten="175,361,225,229" step="2"/><W121/><G121/><T74/><REACH who="0" step="1"/><D56/><REACH who="0" ten="165,361,225,229" step="2"/><U52/><E58/><V128/><F128/><W60/><G114/><T135/><D135/><U131/><E131/><V71/><F71/><W59/><G113/><T66/><D66/><U93/><E2/><V65/><F65/><N who="3" m="39071" /><G27/><T101/><D101/><U91/><E3/><V40/><F40/><W63/><G63/><T80/><D80/><U81/><E102/><V69/><F69/><W53/><G53/><T107/><AGARI ba="0,2" hai="0,6,10,41,42,74,77,82,98,99,100,103,104,107" machi="107" ten="20,8000,1" yaku="1,1,0,1,7,1,9,1,52,1,53,0" doraHai="35" doraHaiUra="54" who="0" fromWho="0" sc="165,100,361,-20,225,-40,229,-20" /><INIT seed="3,0,0,2,2,68" ten="265,341,185,209" oya="3" hai0="62,93,119,2,123,113,5,67,51,118,102,55,80" hai1="47,4,49,127,71,72,64,101,125,1,88,108,117" hai2="126,112,59,16,69,115,105,11,32,99,19,134,12" hai3="53,74,114,52,14,131,36,106,122,18,85,8,135"/><W92/><G74/><T58/><D123/><U116/><E72/><V66/><F69/><W110/><G122/><T91/><D113/><U60/><E101/><V103/><F32/><W98/><G114/><T75/><D102/><U70/><E4/><V73/><F73/><W86/><G135/><T84/><D5/><U22/><E1/><V76/><F76/><W111/><G131/><T48/><D2/><U42/><E22/><V34/><F34/><W128/><G128/><T100/><D48/><U41/><E88/><V50/><F134/><W29/><G29/><T13/><D13/><U38/><E108/><N who="3" m="41514" /><G36/><T31/><D31/><U109/><E109/><V24/><F126/><N who="1" m="48137" /><E70/><V95/><F105/><W9/><G9/><T81/><D75/><U39/><E42/><V20/><REACH who="2" step="1"/><F66/><REACH who="2" ten="265,341,175,209" step="2"/><W77/><G106/><T28/><D119/><AGARI ba="0,1" hai="38,39,41,47,49,60,64,71,116,117,119" m="48137" machi="119" ten="30,12000,2" yaku="12,1,18,1,34,2,52,2" doraHai="68" who="1" fromWho="0" sc="265,-120,341,130,175,0,209,0" owari="145,-35.0,471,56.0,175,-22.0,209,1.0" /></mjloggm>