<mjloggm ver="2.3"><GO type="97" lobby="0"/><UN n0="%E3%81%82%E3%81%B0%E3%82%93%E3%81%A6%E3%81%83" n1="%E3%82%A6%E3%83%AB%E3%83%88%E3%83%A9%E7%AB%8B%E7%9B%B4" n2="%E5%A4%A7%E6%9C%A8" n3="%E2%96%BC%E5%AE%AE%E7%A4%BE%E6%83%A3%E6%81%AD" dan="14,15,14,13" rate="1937.97,2011.60,1946.17,1936.19" sx="M,M,M,M"/><TAIKYOKU oya="0"/><INIT seed="0,0,0,5,0,14" ten="250,250,250,250" oya="0" hai0="109,44,99,74,107,43,77,32,38,67,95,50,8" hai1="118,41,86,33,106,123,120,104,2,128,88,119,85" hai2="64,47,75,9,68,89,91,26,112,130,18,133,90" hai3="13,108,22,97,35,126,113,10,94,40,79,92,19"/><T110/><D107/><U48/><E48/><V114/><F75/><W23/><G113/><T34/><D67/><U105/><E41/><V116/><F116/><W76/><G35/><T21/><D77/><N who="3" m="29769" /><G126/><T52/><D74/><U73/><E2/><V111/><F111/><N who="0" m="42506" /><D8/><U98/><E33/><V121/><F121/><N who="1" m="46665" /><E73/><V54/><F64/><W58/><G108/><T6/><D6/><U135/><E135/><V93/><F68/><W20/><G40/><T16/><D95/><N who="3" m="36393" /><G58/><N who="0" m="33047" /><D99/><AGARI ba="0,0" hai="10,13,19,20,22,23,97,99" m="36393,29769" machi="99" ten="30,2000,0" yaku="8,1,52,1" doraHai="14" who="3" fromWho="0" sc="250,-20,250,0,250,0,250,20" /><INIT seed="1,0,0,5,3,16" ten="230,250,250,270" oya="1" hai0="37,115,97,82,85,13,27,89,34,41,80,46,64" hai1="59,68,44,47,36,110,72,14,104,111,51,117,103" hai2="25,8,100,133,56,73,52,49,12,9,79,118,20" hai3="58,19,108,17,87,6,63,91,65,45,101,94,88"/><U28/><E72/><V39/><F118/><W113/><G113/><T90/><D115/><U4/><E68/><V78/><F39/><W128/><G108/><N who="1" m="41514" /><E117/><V130/><F133/><W99/><G128/><T121/><D121/><U105/><E59/><V22/><F130/><W11/><G45/><T132/><D132/><U40/><E103/><V75/><F100/><W26/><G26/><T66/><D34/><U7/><E28/><N who="2" m="17447" /><F75/><W43/><G43/><T77/><D27/><U69/><E69/><V95/><F73/><W106/><G91/><T62/><D97/><U102/><E102/><V112/><F112/><W24/><REACH who="3" step="1"/><G24/><REACH who="3" ten="230,250,250,260" step="2"/><T31/><D31/><U42/><E14/><AGARI ba="0,1" hai="6,11,14,17,19,58,63,65,87,88,94,99,101,106" machi="14" ten="30,12000,2" yaku="1,1,2,1,7,1,54,1,53,2" doraHai="16" doraHaiUra="15" who="3" fromWho="1" sc="230,0,250,-120,250,0,260,130" /><INIT seed="2,0,0,3,5,43" ten="230,130,250,390" oya="2" hai0="94,135,73,39,66,7,132,120,36,53,52,119,107" hai1="55,103,77,54,108,96,29,117,133,76,35,105,115" hai2="34,21,11,93,14,79,118,64,99,86,110,102,19" hai3="30,68,89,131,56,16,61,33,127,100,38,101,121"/><V104/><F118/><W91/><G121/><T92/><D107/><U90/><E117/><V128/><F34/><W81/><G38/><T9/><D119/><U0/><E0/><V26/><F128/><W60/><G131/><T59/><D73/><U23/><E35/><V65/><F110/><W62/><G68/><T98/><D120/><U12/><E108/><V6/><REACH who="2" step="1"/><F104/><REACH who="2" ten="230,130,240,390" step="2"/><W130/><G130/><T111/><D111/><U113/><E113/><V83/><AGARI ba="0,1" hai="6,11,14,19,21,26,64,65,79,83,86,93,99,102" machi="83" ten="30,11700,0" yaku="1,1,2,1,0,1,8,1,53,0" doraHai="43" doraHaiUra="28" who="2" fromWho="2" sc="230,-39,130,-39,240,127,390,-39" /><INIT seed="2,1,0,5,2,91" ten="191,91,367,351" oya="2" hai0="110,66,40,8,28,98,27,64,37,84,55,131,74" hai1="130,38,32,62,115,108,0,112,53,50,116,127,78" hai2="18,39,67,1,107,105,52,60,17,72,15,86,90" hai3="13,49,63,97,109,30,61,48,42,36,111,123,57"/><V11/><F39/><W114/><G123/><T125/><D74/><U9/><E62/><V103/><F72/><W81/><G30/><T23/><D131/><U119/><E53/><V16/><F1/><W20/><G114/><T99/><D125/><U95/><E50/><V5/><F107/><W47/><G81/><T12/><D110/><U73/><E9/><V124/><F124/><W133/><G133/><T44/><D55/><U79/><E32/><V26/><F105/><W117/><G117/><T83/><D66/><U3/><E38/><V19/><F103/><W54/><G20/><T82/><D64/><U106/><E106/><V88/><F90/><W96/><G13/><T71/><D71/><U35/><E35/><V22/><F19/><W135/><G135/><T7/><D83/><U41/><E73/><V46/><F67/><W92/><G97/><T85/><D85/><U25/><E25/><V104/><F104/><W132/><G132/><T113/><D113/><U56/><E56/><N who="2" m="34823" /><F46/><W70/><G49/><T134/><D134/><U43/><E127/><V33/><F33/><W94/><G96/><T102/><D102/><U75/><E75/><V6/><F5/><W128/><G128/><T93/><D93/><AGARI ba="1,0" hai="6,11,15,16,17,18,22,26,86,88,93" m="34823" machi="93" ten="30,12000,1" yaku="8,1,52,1,54,3" doraHai="91" who="2" fromWho="0" sc="191,-123,91,0,367,123,351,0" /><INIT seed="2,2,0,1,3,100" ten="68,91,490,351" oya="2" hai0="32,98,99,50,123,88,126,103,67,87,31,65,134" hai1="1,59,16,22,79,131,29,40,102,44,133,96,7" hai2="120,19,61,52,53,117,9,78,23,111,74,20,82" hai3="124,15,132,93,49,62,36,30,84,12,90,51,108"/><V81/><F120/><W94/><G36/><T63/><D123/><U6/><E29/><V25/><F117/><W115/><G115/><T56/><D134/><U42/><E133/><V127/><F127/><W45/><G132/><T58/><D126/><U92/><E131/><V3/><F111/><W17/><G124/><T121/><D121/><U55/><E79/><V10/><F82/><W119/><G30/><T129/><D129/><U83/><E83/><V106/><F106/><W64/><G119/><T27/><D50/><U26/><E1/><V95/><F3/><W73/><G49/><T18/><D18/><U97/><E97/><V118/><F118/><W5/><G73/><T86/><D86/><U14/><E26/><V54/><F61/><W8/><G108/><T35/><D35/><U47/><E47/><V72/><F74/><W135/><G135/><T130/><D130/><U11/><E22/><V60/><F60/><W43/><G15/><T77/><D77/><U122/><E122/><V109/><F109/><W70/><G5/><N who="1" m="1546" /><E44/><V71/><F71/><W91/><G91/><T125/><D125/><U66/><E66/><V113/><F113/><W104/><G104/><T21/><D32/><U89/><E102/><V114/><F114/><W46/><G45/><T34/><D34/><U37/><E37/><V107/><F107/><W101/><G101/><T41/><D41/><U38/><E38/><V48/><F20/><W68/><G70/><T112/><D112/><U105/><E105/><V128/><F128/><W76/><G76/><T75/><D75/><U57/><E57/><RYUUKYOKU ba="2,0" sc="68,-15,91,15,490,-15,351,15" hai1="11,14,16,40,42,55,59,89,92,96" hai3="8,12,17,43,46,51,62,64,68,84,90,93,94" /><INIT seed="3,3,0,3,5,85" ten="53,106,475,366" oya="3" hai0="110,96,53,82,102,48,131,103,74,41,56,9,135" hai1="109,121,107,69,17,130,120,127,108,8,60,106,90" hai2="105,113,6,116,58,71,70,95,39,15,35,29,18" hai3="134,40,5,46,100,93,115,99,87,101,133,7,119"/><W32/><G32/><T64/><D110/><N who="1" m="42603" /><E127/><V117/><F105/><N who="1" m="39945" /><E90/><V10/><F39/><W31/><G119/><T98/><D135/><U92/><E92/><V59/><F113/><W79/><G115/><T104/><D131/><U52/><E130/><V122/><F122/><W132/><G101/><T86/><D74/><U125/><E125/><V57/><F95/><W84/><G31/><T114/><D114/><U91/><E91/><V76/><F76/><W43/><G43/><T21/><D41/><U73/><E73/><V126/><F126/><W67/><G67/><T62/><D98/><U129/><E129/><V3/><F70/><W68/><G68/><T27/><D9/><U94/><E94/><V42/><F42/><W45/><G45/><T36/><D36/><U112/><E112/><V78/><F78/><W22/><G22/><T30/><D103/><U38/><E38/><V13/><F71/><W47/><G47/><T37/><D37/><U88/><E88/><V55/><F15/><W23/><G23/><T72/><D72/><U75/><E75/><V66/><F66/><W124/><G124/><T12/><D12/><N who="1" m="7303" /><E69/><V0/><F55/><W97/><G97/><T28/><D28/><U25/><E25/><N who="2" m="18863" /><F0/><W118/><G118/><T44/><D86/><N who="3" m="32809" /><G79/><T89/><D89/><U65/><E65/><V77/><F77/><W63/><G63/><T1/><D1/><U54/><E60/><V4/><F4/><W128/><G128/><T80/><D104/><U14/><E14/><V16/><F18/><W11/><G11/><T111/><D111/><U26/><E26/><RYUUKYOKU ba="3,0" sc="53,0,106,0,475,0,366,0" hai0="21,27,30,44,48,53,56,62,64,80,82,96,102" hai1="52,54,120,121" hai2="3,6,10,13,16,57,58,59,116,117" hai3="5,7,40,46,93,99,100,132,133,134" /><INIT seed="3,4,0,0,3,116" ten="53,106,475,366" oya="3" hai0="37,122,50,10,9,96,86,98,52,36,21,75,2" hai1="67,71,26,29,131,108,94,22,61,53,48,56,5" hai2="84,112,57,0,19,62,127,133,128,13,72,25,97" hai3="20,18,77,65,66,41,117,103,113,125,40,4,1"/><W54/><G117/><T126/><D126/><U30/><E131/><V115/><F72/><W24/><G125/><T124/><D124/><U15/><E108/><V135/><F127/><W114/><G77/><T16/><D75/><U120/><E120/><V28/><F0/><W118/><G118/><T105/><D105/><U109/><E109/><V102/><F84/><W63/><G103/><T88/><D37/><U76/><E76/><V111/><F111/><W91/><G114/><T23/><D36/><U6/><E30/><V90/><F90/><W123/><G123/><T64/><D64/><U17/><E94/><N who="2" m="58679" /><F128/><W38/><G113/><T83/><D122/><U73/><E73/><V78/><F78/><W3/><G3/><T92/><D2/><U134/><E134/><N who="2" m="51211" /><F19/><W119/><G119/><T34/><D34/><AGARI ba="4,0" hai="5,6,15,17,22,26,29,34,48,53,56,61,67,71" machi="34" ten="30,1000,0" yaku="7,1" doraHai="116" who="1" fromWho="0" sc="53,-22,106,22,475,0,366,0" owari="31,-47.0,128,-27.0,475,57.0,366,17.0" /></mjloggm>