<mjloggm ver="2.3"><GO type="97" lobby="0"/><UN n0="%E3%81%98%E3%82%87%E3%82%93%E3%82%8D%E3%83%BC" n1="%E5%B0%81%E7%A5%9E%E2%98%85%E3%81%99%E3%81%9A" n2="%E3%82%A6%E3%83%AB%E3%83%88%E3%83%A9%E7%AB%8B%E7%9B%B4" n3="%E9%B3%B3%E5%87%B0%E9%99%A2%E5%87%B6%E9%AD%94" dan="14,14,15,14" rate="1927.66,2051.60,2011.63,1877.66" sx="M,F,M,M"/><TAIKYOKU oya="0"/><INIT seed="0,0,0,1,1,133" ten="250,250,250,250" oya="0" hai0="34,108,96,50,59,126,61,132,20,2,99,30,107" hai1="134,87,79,69,44,28,131,1,60,113,86,103,19" hai2="65,8,100,111,5,12,98,81,25,123,85,114,122" hai3="135,105,22,54,6,32,109,80,35,7,26,49,39"/><T13/><D2/><U67/><E134/><V76/><F114/><W62/><G135/><T92/><D132/><U56/><E1/><V125/><F111/><W64/><G39/><T68/><D34/><U77/><E113/><V21/><F65/><W112/><G109/><T106/><D68/><U130/><E103/><V90/><F90/><W89/><G105/><T46/><D108/><U102/><E102/><V110/><F110/><W72/><G112/><T23/><D96/><U55/><E19/><V3/><F3/><W88/><G89/><T66/><D23/><U101/><E28/><V24/><F24/><W0/><G0/><T31/><D31/><U78/><E44/><V124/><F21/><W91/><G91/><T58/><D58/><U15/><E15/><V95/><REACH who="2" step="1"/><F25/><REACH who="2" ten="250,250,240,250" step="2"/><W51/><G26/><N who="0" m="16711" /><D13/><U18/><E101/><V70/><F70/><W104/><G22/><T117/><D107/><U40/><E69/><V41/><F41/><W42/><G104/><T36/><D106/><U53/><E40/><V29/><F29/><W27/><G42/><N who="0" m="24919" /><D36/><U4/><E67/><V94/><F94/><W38/><G64/><T63/><D92/><U9/><E79/><V83/><F83/><W73/><G38/><T33/><D33/><U116/><E78/><V11/><F11/><W118/><G35/><T82/><D82/><U57/><E77/><V17/><F17/><W45/><G32/><T74/><D66/><U47/><E18/><V119/><F119/><W37/><G118/><T16/><D117/><U71/><E116/><V10/><F10/><W75/><G37/><RYUUKYOKU ba="0,1" sc="250,-10,250,-10,240,30,250,-10" hai2="5,8,12,76,81,85,95,98,100,122,123,124,125" /><INIT seed="1,1,1,1,2,28" ten="240,240,270,240" oya="1" hai0="41,118,127,100,128,49,83,101,5,63,105,113,55" hai1="82,43,107,21,98,122,14,4,11,10,22,13,20" hai2="47,99,65,90,114,57,1,68,102,72,111,132,51" hai3="19,92,112,129,46,30,36,15,8,88,42,79,32"/><U60/><E122/><V97/><F68/><W121/><G121/><T70/><D113/><U18/><E43/><V35/><F72/><W69/><G112/><T91/><D118/><U95/><E107/><V29/><F1/><W109/><G69/><T120/><D105/><U81/><REACH who="1" step="1"/><E60/><REACH who="1" ten="240,230,270,240" step="2"/><V37/><F114/><W104/><G104/><T40/><D120/><U53/><E53/><V52/><F52/><W54/><G54/><T96/><D63/><U71/><E71/><V33/><F65/><W110/><G129/><T84/><D70/><U16/><E16/><V0/><F51/><W77/><G110/><T124/><D128/><U123/><E123/><V17/><F111/><W23/><G109/><T94/><D41/><U117/><E117/><V67/><F17/><W25/><REACH who="3" step="1"/><G8/><REACH who="3" ten="240,230,270,230" step="2"/><T89/><D40/><U86/><E86/><AGARI ba="1,3" hai="15,19,23,25,30,32,36,42,46,77,79,86,88,92" machi="86" ten="30,12000,2" yaku="1,1,2,1,7,1,52,1,54,1,53,1" doraHai="28" doraHaiUra="38" who="3" fromWho="1" sc="240,0,230,-123,270,0,230,153" /><INIT seed="2,0,0,4,0,27" ten="240,107,270,383" oya="2" hai0="25,114,107,133,56,113,121,119,37,134,105,63,58" hai1="18,30,126,135,32,81,55,129,127,110,61,74,46" hai2="17,57,4,76,99,6,90,115,118,52,88,43,82" hai3="36,11,77,24,34,67,7,23,117,106,125,12,64"/><V26/><F43/><W100/><G117/><T95/><D95/><U98/><E55/><V66/><F66/><N who="3" m="25131" /><G36/><T51/><D25/><U69/><E46/><V28/><F17/><N who="3" m="12399" /><G34/><T9/><D9/><U53/><E18/><V84/><F118/><W89/><G106/><T2/><D2/><U14/><E53/><V103/><F115/><W60/><G125/><T128/><D119/><U29/><E14/><V33/><F6/><W10/><G100/><T70/><D107/><U8/><E8/><V111/><F4/><W59/><G77/><T44/><D105/><U19/><E19/><V122/><F122/><W91/><G10/><T124/><D70/><U31/><E32/><V41/><F41/><W78/><G78/><T109/><D124/><N who="1" m="47659" /><E110/><V1/><F111/><W94/><G94/><T97/><D109/><U131/><E135/><V13/><F13/><W20/><G20/><T108/><D108/><U85/><E74/><V68/><F68/><W35/><G35/><T112/><D97/><U45/><E45/><V130/><F1/><W5/><G5/><T49/><D121/><U123/><E98/><V71/><F71/><W48/><G48/><T22/><D22/><U83/><E123/><V72/><F72/><W38/><G38/><T80/><D80/><N who="1" m="30795" /><E85/><V42/><F99/><W39/><G39/><T93/><D93/><U75/><E75/><V101/><F84/><W104/><G104/><T120/><D120/><U16/><E16/><V73/><F73/><W65/><AGARI ba="0,0" hai="7,11,12,59,60,65,89,91" m="12399,25131" machi="65" ten="30,1100,0" yaku="8,1" doraHai="27" who="3" fromWho="3" sc="240,-3,107,-3,270,-5,383,11" /><INIT seed="3,0,0,0,1,76" ten="237,104,265,394" oya="3" hai0="129,115,120,28,37,46,44,66,48,116,40,19,128" hai1="110,2,43,4,118,93,7,119,71,39,90,1,5" hai2="45,103,38,81,56,122,53,68,49,10,84,74,13" hai3="69,55,87,24,20,80,22,23,89,98,52,34,109"/><W42/><G69/><T50/><D28/><U59/><E71/><V97/><F74/><W121/><G121/><T91/><D91/><U64/><E59/><V112/><F68/><W30/><G109/><T126/><D19/><U106/><E64/><V134/><F112/><W127/><G127/><T96/><D96/><U17/><E106/><V33/><F33/><W15/><G42/><T25/><D25/><U12/><E43/><V8/><F122/><W131/><G131/><T26/><D26/><U85/><E39/><V82/><F134/><W6/><G6/><T35/><D35/><U114/><E93/><N who="2" m="58799" /><F38/><W75/><G15/><T104/><D104/><U130/><E90/><V29/><F29/><W92/><REACH who="3" step="1"/><G75/><REACH who="3" ten="237,104,265,384" step="2"/><T79/><D120/><U16/><E85/><V88/><F13/><W63/><G63/><T72/><D72/><U36/><E36/><V135/><F135/><W133/><G133/><T113/><D37/><U62/><E62/><V78/><F8/><W60/><G60/><T67/><D40/><U100/><E100/><AGARI ba="0,1" hai="20,22,23,24,30,34,52,55,80,87,89,92,98,100" machi="100" ten="40,7700,0" yaku="1,1,52,1,54,1,53,0" doraHai="76" doraHaiUra="41" who="3" fromWho="1" sc="237,0,104,-77,265,0,384,87" owari="237,-16.0,27,-47.0,265,7.0,471,56.0" /></mjloggm>