<mjloggm ver="2.3"><GO type="41" lobby="0"/><UN n0="%E3%81%93%E3%82%93%E3%81%AB%E3%81%A1%E3%81%AF%E6%97%A5%E6%9B%9C%E6%97%A5" n1="%E3%82%A6%E3%83%AB%E3%83%88%E3%83%A9%E7%AB%8B%E7%9B%B4" n2="%E3%83%97%E3%82%A4%E3%83%97%E3%82%A4" n3="%E9%A0%AD%E3%83%8F%E3%83%8D" dan="15,16,15,14" rate="2039.36,2054.21,1896.79,1915.29" sx="M,M,F,M"/><TAIKYOKU oya="0"/><INIT seed="0,0,0,4,5,55" ten="250,250,250,250" oya="0" hai0="41,132,64,122,5,20,23,110,93,31,62,82,22" hai1="8,12,24,51,89,3,102,78,121,119,83,36,95" hai2="0,6,94,100,38,61,88,77,30,118,65,107,4" hai3="84,79,49,124,126,96,57,68,101,1,109,13,40"/><T87/><D122/><U92/><E36/><V54/><F38/><W44/><G1/><T25/><D132/><U130/><E119/><V67/><F118/><W63/><G68/><T11/><D41/><U71/><E71/><V112/><F112/><W43/><G43/><T53/><D93/><U50/><E3/><V37/><F37/><W113/><G109/><T134/><D134/><U97/><E121/><V46/><F77/><W73/><G73/><T128/><D128/><U90/><E102/><V117/><F117/><W120/><G113/><T69/><D53/><U42/><E130/><V131/><F131/><W80/><G13/><T123/><D123/><U18/><E24/><V116/><F30/><W91/><G79/><T58/><D69/><U75/><REACH who="1" step="1"/><E42/><REACH who="1" ten="250,240,250,250" step="2"/><V21/><F116/><W59/><G120/><T60/><D110/><U19/><E19/><V26/><F100/><W98/><G101/><T99/><D99/><AGARI ba="0,1" hai="8,12,18,50,51,75,78,83,89,90,92,95,97,99" machi="99" ten="30,7700,0" yaku="1,1,7,1,9,1,53,1" doraHai="55" doraHaiUra="76" who="1" fromWho="0" sc="250,-77,240,87,250,0,250,0" /><INIT seed="1,0,0,2,1,103" ten="173,327,250,250" oya="1" hai0="14,120,91,105,68,111,26,108,22,21,69,89,24" hai1="27,31,41,5,90,104,99,32,18,40,43,50,33" hai2="100,94,36,13,130,86,30,74,56,54,92,122,135" hai3="16,48,47,85,6,95,60,123,71,29,38,78,28"/><U11/><E18/><V93/><F122/><W65/><G123/><T132/><D120/><U115/><E115/><V81/><F36/><W0/><G38/><T88/><D14/><U10/><E33/><V62/><F130/><W72/><G72/><T116/><D116/><U61/><E11/><V1/><F135/><W57/><G71/><N who="0" m="27211" /><D132/><U3/><E61/><V128/><F128/><W133/><G133/><T77/><D77/><U110/><E110/><N who="0" m="42025" /><D105/><U131/><E131/><V134/><F134/><W109/><G109/><T113/><D113/><U80/><E80/><V70/><F74/><W117/><G117/><T64/><D64/><U7/><E7/><V23/><F70/><W34/><G6/><T87/><D87/><U125/><E10/><V2/><F2/><W129/><G0/><T106/><D106/><U46/><E5/><V124/><F1/><W44/><G129/><T39/><D39/><U59/><E3/><V51/><F100/><W102/><G102/><T20/><AGARI ba="0,0" hai="20,21,22,24,26,88,89,91" m="42025,27211" machi="20" ten="40,8000,1" yaku="28,2,14,1,54,1" doraHai="103" who="0" fromWho="0" sc="173,80,327,-40,250,-20,250,-20" /><INIT seed="2,0,0,2,4,12" ten="253,287,230,230" oya="2" hai0="31,16,129,114,10,123,75,132,62,99,128,84,25" hai1="60,97,88,53,122,116,96,18,43,91,76,57,38" hai2="1,130,117,47,7,67,20,110,61,73,23,17,4" hai3="5,109,85,46,21,86,94,51,74,108,80,15,40"/><V24/><F73/><W78/><G94/><T89/><D75/><U55/><E116/><V90/><F130/><N who="0" m="50282" /><D123/><U36/><E43/><V125/><F117/><W98/><G98/><T48/><D114/><U93/><E76/><V29/><F125/><W44/><G44/><T14/><D132/><U37/><E122/><V102/><F102/><W133/><G133/><T107/><D62/><U81/><E81/><V113/><F113/><W124/><G124/><T27/><D48/><U135/><E135/><V8/><F110/><W30/><G30/><T101/><D31/><U32/><E32/><V111/><F111/><N who="3" m="42571" /><G21/><T11/><D11/><AGARI ba="0,0" hai="5,11,15,40,46,51,74,78,80,85,86" m="42571" machi="11" ten="30,1000,0" yaku="14,1" doraHai="12" who="3" fromWho="0" sc="253,-10,287,0,230,0,230,10" /><INIT seed="3,0,0,2,0,125" ten="243,287,230,240" oya="3" hai0="118,15,117,115,5,49,112,86,106,19,120,76,40" hai1="22,26,41,13,44,62,116,8,135,14,90,68,47" hai2="66,39,128,110,37,55,84,119,99,33,12,30,101" hai3="54,18,78,43,48,93,104,129,69,36,50,56,134"/><W57/><G104/><T83/><D106/><U82/><E116/><V28/><F119/><W87/><G134/><T42/><D120/><U63/><E68/><V17/><F66/><W16/><G69/><T70/><D70/><U27/><E14/><V34/><F84/><W29/><G29/><T103/><D103/><U133/><E27/><V61/><F34/><W7/><G7/><T32/><D32/><U71/><E71/><V131/><F110/><W122/><G122/><T127/><D127/><U38/><E47/><V23/><F55/><W92/><G36/><T1/><D1/><U95/><E82/><V24/><F61/><W60/><G43/><T102/><D102/><U98/><E133/><V0/><F0/><W113/><G113/><T91/><D5/><U124/><E124/><V81/><F81/><N who="3" m="47543" /><G129/><N who="2" m="49737" /><F30/><W111/><G111/><T75/><D118/><U109/><E109/><V6/><F6/><W51/><G57/><T72/><D117/><U89/><E135/><V65/><F65/><W35/><G35/><T79/><D115/><U96/><E62/><V20/><F33/><W94/><AGARI ba="0,0" hai="16,18,48,50,51,54,56,60,92,93,94" m="47543" machi="94" ten="30,3000,0" yaku="8,1,54,1" doraHai="125" who="3" fromWho="3" sc="243,-10,287,-10,230,-10,240,30" /><INIT seed="3,1,0,2,2,92" ten="233,277,220,270" oya="3" hai0="14,53,57,24,3,81,76,32,105,54,2,62,40" hai1="6,132,77,10,106,4,69,96,118,121,124,12,60" hai2="46,89,113,63,111,129,68,131,36,93,87,37,28" hai3="0,135,110,80,11,31,52,26,25,50,16,59,65"/><W99/><G135/><T94/><D105/><U5/><E121/><V97/><F113/><W82/><G65/><T107/><D107/><U13/><E132/><V104/><F28/><W29/><G110/><T43/><D14/><U30/><E124/><V90/><F111/><W98/><G0/><T7/><D54/><U1/><E1/><V23/><F104/><W91/><G11/><T123/><D123/><U73/><E118/><V74/><F74/><W85/><G82/><T51/><D7/><U44/><E77/><V119/><F119/><W35/><G16/><T64/><D94/><U21/><E73/><V115/><F115/><W114/><G114/><T109/><D109/><U133/><E133/><V122/><F122/><W125/><G125/><T17/><D3/><U22/><E44/><V71/><F23/><AGARI ba="1,0" hai="23,25,26,29,31,35,50,52,59,80,85,91,98,99" machi="23" ten="30,11600,0" yaku="7,1,52,2,54,1" doraHai="92" who="3" fromWho="2" sc="233,0,277,0,220,-119,270,119" /><INIT seed="3,2,0,5,0,54" ten="233,277,101,389" oya="3" hai0="78,13,129,56,49,104,105,85,39,53,109,59,128" hai1="21,63,15,50,38,10,81,71,44,101,20,60,0" hai2="86,58,18,41,122,32,110,98,92,4,114,131,95" hai3="2,99,34,88,25,72,9,14,91,7,121,24,112"/><W30/><G72/><T48/><D39/><U79/><E21/><V69/><F32/><W17/><G121/><T66/><D109/><U125/><E125/><V12/><F69/><W83/><G112/><T36/><D36/><U33/><E33/><V94/><F114/><W93/><G24/><T57/><D66/><U106/><E71/><V108/><F122/><W43/><G43/><T27/><D27/><U117/><E117/><V100/><F4/><W75/><G75/><T55/><D13/><U87/><E38/><V124/><F124/><W74/><G74/><T61/><D61/><U107/><E0/><V31/><F31/><W51/><G51/><N who="0" m="19531" /><D85/><U111/><E111/><N who="2" m="42539" /><F131/><N who="0" m="50250" /><D78/><U96/><E20/><N who="2" m="11335" /><F41/><W82/><G91/><T76/><D76/><U62/><E62/><V47/><F47/><W35/><G35/><T103/><D103/><U5/><REACH who="1" step="1"/><E107/><AGARI ba="2,0" hai="53,55,56,57,59,104,105,107" m="50250,19531" machi="107" ten="40,12000,2" yaku="28,2,19,1,52,3" doraHai="54" who="0" fromWho="1" sc="233,126,277,-126,101,0,389,0" /><INIT seed="4,0,0,2,3,10" ten="359,151,101,389" oya="0" hai0="23,19,62,38,81,52,106,65,123,122,110,109,117" hai1="6,80,33,87,37,60,89,9,121,21,41,4,15" hai2="97,39,112,132,58,77,78,43,68,71,36,64,100" hai3="47,90,25,40,126,16,75,46,35,57,83,54,119"/><T98/><D38/><U105/><E33/><V27/><F132/><W53/><G126/><T86/><D117/><U31/><E105/><V61/><F112/><W48/><G119/><T85/><D106/><U72/><E72/><V55/><F68/><W1/><G1/><T135/><D98/><U82/><E121/><V104/><F27/><W114/><G114/><T26/><D135/><U42/><E37/><V79/><REACH who="2" step="1"/><F43/><REACH who="2" ten="359,151,91,389" step="2"/><W84/><G40/><T128/><D123/><U28/><E42/><V130/><F130/><W18/><G25/><T49/><D128/><U7/><E41/><V113/><F113/><W51/><G75/><T3/><D122/><U0/><E31/><V118/><F118/><W103/><G35/><T63/><D110/><U116/><E116/><V73/><F73/><W56/><G103/><T129/><D109/><U44/><E28/><V115/><F115/><W94/><G47/><T14/><D129/><U50/><E44/><V134/><F134/><W29/><G46/><N who="0" m="27703" /><D26/><U22/><E0/><V2/><F2/><W111/><G111/><T11/><D3/><U66/><E82/><V17/><F17/><N who="3" m="6763" /><G29/><T124/><D124/><U93/><E80/><AGARI ba="0,1" hai="48,51,53,54,56,57,80,83,84,90,94" m="6763" machi="80" ten="30,2000,0" yaku="8,1,54,1" doraHai="10" who="3" fromWho="1" sc="359,0,151,-20,91,0,389,30" /><INIT seed="5,0,0,2,3,38" ten="359,131,91,419" oya="1" hai0="22,20,9,89,101,120,107,53,80,59,47,135,8" hai1="62,35,7,73,121,11,68,66,109,100,51,92,63" hai2="119,10,97,65,132,81,108,122,104,61,130,29,112" hai3="4,105,40,126,52,21,37,106,3,55,32,30,50"/><U34/><E121/><V98/><F122/><W82/><G32/><T83/><D120/><U25/><E109/><V6/><F108/><W16/><G30/><T113/><D113/><U23/><E73/><V13/><F119/><W84/><G126/><T31/><D135/><U74/><E74/><V96/><F112/><W49/><G37/><T90/><D107/><U69/><E51/><V28/><F130/><W44/><G105/><T72/><D101/><U58/><E69/><V75/><F132/><W91/><G106/><T18/><D72/><U115/><E115/><V54/><F54/><W26/><G50/><T5/><D31/><U111/><E111/><V93/><F104/><W134/><G134/><T77/><D47/><U116/><E116/><V56/><F93/><W87/><G4/><T88/><D77/><U45/><E45/><V39/><F39/><W24/><G3/><T78/><D78/><U71/><E71/><V60/><F75/><W27/><G87/><T17/><D5/><U103/><E103/><V14/><F81/><N who="0" m="31306" /><D20/><U118/><E118/><V0/><F0/><W95/><G82/><T57/><D57/><U123/><E123/><V46/><F46/><W48/><G48/><N who="0" m="31143" /><D18/><U86/><E35/><V42/><F61/><W36/><G36/><T43/><D43/><U128/><E34/><V2/><F42/><W41/><G55/><T70/><D70/><U124/><E63/><V76/><F76/><W1/><G1/><T131/><D131/><U85/><E128/><V15/><AGARI ba="0,0" hai="2,6,10,13,14,15,28,29,56,60,65,96,97,98" machi="15" ten="30,1100,0" yaku="0,1" doraHai="38" who="2" fromWho="2" sc="359,-3,131,-5,91,11,419,-3" /><INIT seed="6,0,0,1,1,100" ten="356,126,102,416" oya="2" hai0="83,88,1,113,117,56,76,8,15,122,36,81,61" hai1="130,10,33,45,112,32,66,68,2,31,89,60,114" hai2="16,79,39,26,57,5,20,42,28,128,95,69,104" hai3="105,132,92,14,133,85,97,40,126,50,4,53,27"/><V13/><F69/><W65/><G65/><T93/><D36/><U19/><E31/><V6/><F128/><W129/><G129/><T63/><D122/><U48/><E130/><V34/><F79/><W101/><G126/><T86/><D113/><N who="1" m="43627" /><E89/><V106/><F95/><W90/><G40/><T47/><D117/><U115/><N who="1" m="43635" /><U22/><DORA hai="58" /><E10/><V17/><F57/><W23/><G4/><T103/><D1/><U71/><E2/><V41/><F6/><W51/><G51/><T29/><D29/><U124/><E124/><V70/><F70/><W7/><G7/><N who="0" m="3487" /><D47/><U78/><E78/><V109/><F109/><W0/><G0/><T62/><D103/><U37/><E37/><V108/><F108/><W12/><G12/><T46/><D46/><U123/><E123/><V87/><F5/><W80/><G14/><T21/><D21/><U43/><E71/><V64/><F64/><W11/><G11/><T96/><D81/><U127/><E127/><V74/><F74/><W72/><G23/><T54/><AGARI ba="0,0" hai="54,56,61,62,63,76,83,86,88,93,96" m="3487" machi="54" ten="30,8000,1" yaku="8,1,52,3,54,1" doraHai="100,58" who="0" fromWho="0" sc="356,80,126,-20,102,-40,416,-20" /><INIT seed="7,0,0,4,4,20" ten="436,106,62,396" oya="3" hai0="133,92,36,22,15,79,93,91,134,44,94,6,13" hai1="109,76,63,123,31,29,57,103,7,128,23,126,21" hai2="86,33,8,65,50,51,28,64,9,18,99,125,16" hai3="11,41,61,121,124,32,107,102,2,24,135,27,83"/><W89/><G121/><T122/><D122/><U25/><E109/><V113/><F125/><W132/><G32/><T90/><D79/><U0/><E126/><V69/><F99/><N who="3" m="61919" /><G124/><T88/><D36/><U73/><E128/><V77/><F69/><W74/><G41/><T71/><D71/><U70/><E70/><V52/><F113/><W110/><G61/><T105/><D105/><U67/><E123/><V81/><F33/><W39/><G39/><T49/><D6/><U106/><E76/><V72/><F72/><W62/><G62/><T40/><D22/><U12/><E73/><V45/><F28/><W108/><G74/><T85/><D85/><U82/><E0/><V96/><F96/><W130/><G130/><T98/><D98/><U115/><E115/><V48/><F50/><W118/><G118/><T68/><D68/><U131/><E131/><V127/><F51/><W95/><G83/><T114/><D114/><U59/><E82/><V5/><F127/><W42/><G42/><T4/><D4/><U84/><E84/><V80/><F81/><W117/><G117/><T78/><D78/><U75/><E75/><V87/><F86/><N who="3" m="52663" /><G11/><N who="2" m="4169" /><F5/><W46/><G46/><T47/><REACH who="0" step="1"/><D47/><REACH who="0" ten="426,106,62,396" step="2"/><U129/><E7/><V26/><F26/><N who="3" m="9771" /><G2/><T116/><D116/><U58/><E129/><V66/><AGARI ba="0,1" hai="16,18,45,48,52,64,65,66,77,80,87" m="4169" machi="66" ten="30,4000,0" yaku="8,1,54,2" doraHai="20" who="2" fromWho="2" sc="426,-10,106,-10,62,50,396,-20" owari="416,51.0,96,-40.0,112,-29.0,376,18.0" /></mjloggm>