<mjloggm ver="2.3"><GO type="97" lobby="0"/><UN n0="%E3%83%89%E3%83%90%E3%82%A4%57%43" n1="%E3%82%A6%E3%83%AB%E3%83%88%E3%83%A9%E7%AB%8B%E7%9B%B4" n2="%79%75%6B%69%6E%6F%6B%6F" n3="%6D%61%73%6F%70%75" dan="14,15,14,13" rate="1940.04,2021.89,1937.41,1871.82" sx="M,M,M,M"/><TAIKYOKU oya="0"/><INIT seed="0,0,0,4,5,69" ten="250,250,250,250" oya="0" hai0="19,66,75,13,103,34,97,71,123,125,94,121,112" hai1="45,110,25,48,32,54,24,15,4,104,118,47,56" hai2="82,128,72,115,28,1,96,102,55,98,44,65,17" hai3="0,40,105,89,88,101,2,67,53,100,77,57,107"/><T87/><D112/><U106/><E118/><V80/><F1/><N who="3" m="619" /><G40/><T95/><D125/><U35/><E110/><V18/><F72/><W79/><G67/><T10/><D75/><U33/><E4/><V20/><F28/><W6/><G6/><T120/><D34/><U9/><E15/><V76/><F65/><W109/><G109/><T59/><D71/><U31/><E9/><V39/><F102/><N who="3" m="39531" /><G57/><T11/><D87/><U23/><E25/><V22/><F55/><W46/><G46/><T117/><D117/><U27/><E27/><V68/><F68/><W130/><G130/><T126/><D126/><U86/><E47/><V135/><F115/><W134/><G53/><T83/><D83/><U12/><E12/><V36/><F128/><W16/><G134/><T60/><REACH who="0" step="1"/><D11/><REACH who="0" ten="240,250,250,250" step="2"/><U58/><E86/><V91/><F135/><W131/><G131/><T43/><D43/><U132/><E132/><V93/><F80/><W113/><G113/><T124/><D124/><U73/><E73/><V81/><F82/><W14/><G14/><T5/><D5/><U133/><E133/><V8/><F8/><W84/><G84/><T63/><D63/><U61/><E33/><V78/><F81/><W99/><G99/><T111/><D111/><U70/><E35/><V114/><F98/><W62/><G62/><T51/><D51/><U92/><E32/><V26/><F114/><W41/><G41/><T85/><D85/><U74/><E74/><V29/><F96/><W52/><G79/><T37/><D37/><U49/><E61/><V122/><F39/><W90/><G77/><RYUUKYOKU ba="0,1" sc="240,30,250,-10,250,-10,250,-10" hai0="10,13,19,59,60,66,94,95,97,103,120,121,123" /><INIT seed="0,1,1,2,1,92" ten="270,240,240,240" oya="0" hai0="115,130,29,98,108,5,95,84,7,107,110,38,90" hai1="1,36,102,68,46,91,62,127,126,134,72,74,12" hai2="66,17,34,2,57,41,120,32,69,24,8,26,111" hai3="60,28,75,20,18,73,93,37,131,47,9,124,122"/><T125/><D115/><U55/><E1/><V132/><F41/><W78/><G124/><N who="1" m="47658" /><E134/><V86/><F86/><W118/><G118/><T3/><D125/><U35/><E35/><V6/><F57/><W19/><G122/><T25/><D130/><U97/><E12/><V58/><F58/><W100/><G131/><T21/><D38/><U105/><E91/><V119/><F66/><W114/><G114/><T42/><D42/><N who="1" m="22855" /><E55/><V123/><F69/><W89/><G100/><T117/><D117/><U56/><E56/><V109/><F119/><W85/><G28/><T76/><D3/><U113/><E113/><V54/><F54/><W65/><G47/><T30/><D30/><U87/><E87/><V10/><F132/><W116/><G37/><T22/><D22/><U88/><E88/><V67/><F67/><AGARI ba="1,1" hai="62,67,68,72,74,97,102,105" m="22855,47658" machi="67" ten="30,3900,0" yaku="18,1,23,1,52,1" doraHai="92" who="1" fromWho="2" sc="270,0,240,52,240,-42,240,0" /><INIT seed="1,0,0,1,2,7" ten="270,292,198,240" oya="1" hai0="85,54,2,114,18,117,122,68,57,116,113,51,17" hai1="78,93,66,32,105,49,34,111,120,128,26,38,52" hai2="91,0,8,84,58,56,30,118,21,100,53,13,62" hai3="71,61,102,10,104,70,40,123,80,86,110,65,132"/><U107/><E38/><V59/><F0/><W74/><G123/><T47/><D2/><U41/><E41/><V95/><F118/><N who="0" m="45674" /><D85/><U22/><E120/><V33/><F33/><W135/><G110/><T37/><D17/><U45/><E111/><V103/><F30/><W12/><G74/><T89/><D89/><U28/><E128/><V96/><F21/><W76/><G40/><N who="0" m="22927" /><D18/><U64/><E93/><V97/><F84/><W112/><G112/><N who="0" m="43115" /><D122/><U98/><E78/><V36/><F36/><W75/><G86/><T131/><D131/><U79/><E79/><V127/><F127/><W15/><G102/><T1/><D1/><U125/><E125/><V73/><F73/><W6/><G104/><T29/><D29/><U81/><E81/><V24/><F24/><W106/><G106/><T44/><D68/><U67/><REACH who="1" step="1"/><E107/><REACH who="1" ten="270,282,198,240" step="2"/><V94/><REACH who="2" step="1"/><F91/><REACH who="2" ten="270,282,188,240" step="2"/><W88/><G88/><T69/><D69/><U39/><E39/><V77/><F77/><W90/><G90/><T42/><D42/><U16/><E16/><AGARI ba="0,2" hai="8,13,16,53,56,58,59,62,94,95,96,97,100,103" machi="16" ten="30,12000,2" yaku="1,1,7,1,9,1,8,1,52,1,54,1,53,0" doraHai="7" doraHaiUra="108" who="2" fromWho="1" sc="270,0,282,-120,188,140,240,0" /><INIT seed="2,0,0,4,5,22" ten="270,162,328,240" oya="2" hai0="12,57,84,129,81,59,31,51,8,18,98,49,26" hai1="33,10,25,48,54,68,97,4,111,110,58,7,30" hai2="35,107,53,132,83,86,42,38,43,103,96,134,67" hai3="106,21,74,46,112,15,88,32,34,89,11,135,1"/><V9/><F35/><W131/><G112/><T37/><D129/><U17/><E68/><V62/><F38/><W77/><G131/><T16/><D37/><U94/><E17/><N who="0" m="6761" /><D98/><U125/><E125/><V19/><F53/><W115/><G115/><T108/><D108/><U0/><REACH who="1" step="1"/><E7/><REACH who="1" ten="270,152,328,240" step="2"/><V65/><F65/><W47/><G135/><N who="2" m="51753" /><F67/><W90/><G106/><T71/><D71/><U124/><E124/><V130/><F130/><W24/><G1/><T102/><D31/><U99/><E99/><V127/><F127/><W3/><G3/><T28/><D28/><U80/><E80/><V76/><F62/><W91/><G34/><T117/><D117/><U92/><E92/><V123/><F123/><W66/><G32/><T2/><D2/><U104/><E104/><V93/><F107/><W73/><G66/><T100/><D100/><AGARI ba="0,1" hai="0,4,10,25,30,33,48,54,58,94,97,100,110,111" machi="100" ten="40,5200,0" yaku="1,1,52,1,53,1" doraHai="22" doraHaiUra="95" who="1" fromWho="0" sc="270,-52,152,62,328,0,240,0" /><INIT seed="3,0,0,5,0,132" ten="218,214,328,240" oya="3" hai0="32,79,77,76,5,14,110,113,45,90,27,15,26" hai1="81,109,87,74,11,96,111,102,135,123,19,29,73" hai2="9,12,42,37,70,18,47,54,33,25,0,67,93" hai3="99,128,20,40,51,106,30,63,50,83,13,127,23"/><W43/><G128/><T4/><D110/><N who="1" m="41995" /><E29/><V94/><F0/><W118/><G118/><T35/><D113/><U21/><E11/><V66/><F54/><W16/><G127/><T75/><D75/><U41/><E41/><N who="3" m="15946" /><G106/><T103/><D45/><U82/><E135/><V58/><F58/><W112/><G112/><T86/><D103/><U107/><E123/><V61/><F67/><W100/><G63/><T80/><D35/><U119/><E119/><V134/><F134/><W6/><G6/><N who="0" m="2667" /><D32/><U105/><E105/><V97/><F97/><W92/><G83/><N who="1" m="31754" /><E87/><V101/><F101/><W28/><G28/><T131/><D131/><U3/><E3/><V65/><F66/><W17/><G30/><T85/><D85/><U125/><E125/><V104/><F104/><W129/><G129/><T36/><D36/><U91/><E91/><V108/><F108/><W84/><G84/><T95/><D80/><U122/><E122/><V124/><F124/><W55/><G55/><T1/><D1/><U62/><E62/><V71/><F33/><W31/><G31/><T22/><D27/><AGARI ba="0,0" hai="19,21,27,73,74,96,102,107" m="31754,41995" machi="27" ten="30,1000,0" yaku="14,1" doraHai="132" who="1" fromWho="0" sc="218,-10,214,10,328,0,240,0" /><AGARI ba="0,0" hai="13,16,17,20,23,27,50,51,92,99,100" m="15946" machi="27" ten="30,2900,0" yaku="8,1,54,1" doraHai="132" who="3" fromWho="0" sc="208,-29,224,0,328,0,240,29" /><INIT seed="3,1,0,1,1,123" ten="179,224,328,269" oya="3" hai0="85,86,49,40,125,115,94,106,133,129,14,45,31" hai1="64,7,84,50,119,52,59,15,29,5,41,91,78" hai2="11,104,132,121,27,89,127,88,47,63,0,34,21" hai3="24,61,120,113,114,92,13,76,8,109,100,32,3"/><W79/><G3/><T90/><D106/><U108/><E119/><V73/><F73/><W20/><G120/><T37/><D129/><U1/><E1/><V55/><F104/><W118/><G32/><T10/><D125/><U83/><E108/><V67/><F34/><W128/><G118/><T39/><D133/><U134/><E134/><V38/><F132/><W107/><G128/><T9/><D115/><U80/><E29/><V22/><F127/><W58/><G107/><T72/><D72/><U116/><E116/><V82/><F121/><W122/><G109/><T126/><D126/><U54/><E64/><V57/><F0/><W110/><G110/><T18/><D31/><U130/><E130/><V77/><F11/><W81/><G81/><T71/><D71/><U124/><E124/><V111/><F111/><W117/><G117/><T33/><D33/><U4/><E41/><V23/><F38/><W102/><G122/><T68/><D68/><U66/><E66/><V62/><F27/><W98/><G102/><T48/><D39/><U75/><E54/><V44/><F77/><W74/><G74/><T87/><D9/><U99/><E99/><V36/><F36/><W95/><G95/><T46/><REACH who="0" step="1"/><D37/><REACH who="0" ten="169,224,328,269" step="2"/><U112/><E112/><V103/><F103/><W35/><G114/><T70/><D70/><U30/><E30/><V17/><F17/><N who="3" m="8359" /><G35/><T69/><D69/><U51/><E15/><V43/><F21/><W135/><G113/><T97/><D97/><U12/><E12/><V93/><F22/><W65/><G135/><T2/><D2/><U131/><E131/><RYUUKYOKU ba="1,1" sc="169,10,224,10,328,-30,269,10" hai0="10,14,18,40,45,46,48,49,85,86,87,90,94" hai1="4,5,7,50,51,52,59,75,78,80,83,84,91" hai3="20,24,58,61,65,76,79,92,98,100" /><INIT seed="3,2,1,3,0,99" ten="179,234,298,279" oya="3" hai0="123,98,5,87,68,118,110,72,88,128,57,44,50" hai1="33,86,71,106,81,83,67,95,75,107,94,14,8" hai2="125,109,47,53,65,61,36,120,35,80,0,29,30" hai3="119,73,85,39,104,19,62,46,90,55,49,13,77"/><W115/><G119/><T51/><D118/><U96/><E33/><V41/><F0/><W48/><G115/><T134/><D123/><U45/><E67/><V114/><F120/><W91/><G90/><T70/><D110/><U69/><E45/><V28/><F114/><W129/><G39/><T131/><D134/><U101/><E69/><N who="0" m="26729" /><D72/><U58/><E58/><V97/><F97/><W117/><G117/><T64/><D98/><N who="1" m="59615" /><E14/><V108/><F125/><W17/><G17/><T132/><D132/><U84/><E8/><V32/><F80/><N who="1" m="30793" /><E71/><V2/><F2/><W56/><G73/><T42/><D5/><U37/><E37/><V4/><F53/><W12/><G77/><T20/><D20/><U93/><E94/><V79/><F79/><W16/><G104/><N who="1" m="39978" /><E75/><V122/><F122/><W105/><G105/><T89/><D87/><U102/><AGARI ba="2,1" hai="84,86,93,96,102" m="39978,30793,59615" machi="102" ten="30,12000,2" yaku="35,5,52,2" doraHai="99" who="1" fromWho="1" sc="179,-32,234,136,298,-32,279,-62" owari="147,-35.0,370,46.0,266,7.0,217,-18.0" /></mjloggm>