<mjloggm ver="2.3"><GO type="97" lobby="0"/><UN n0="%E3%82%A6%E3%83%AB%E3%83%88%E3%83%A9%E7%AB%8B%E7%9B%B4" n1="%E3%82%B9%E3%83%86%E3%83%B3%E3%83%AC%E3%82%B9%E3%83%A2%E3%83%A2" n2="%6D%61%72%75%63%6F%72%6F" n3="%E3%82%B3%E3%83%9F" dan="14,13,13,14" rate="1862.80,1818.92,1900.99,1967.31" sx="M,F,M,M"/><TAIKYOKU oya="0"/><INIT seed="0,0,0,0,4,68" ten="250,250,250,250" oya="0" hai0="31,128,67,114,83,15,39,4,89,60,62,135,40" hai1="116,58,36,76,99,37,115,117,132,13,33,73,0" hai2="34,69,123,77,84,54,72,53,129,95,133,2,25" hai3="112,70,7,79,14,105,127,101,81,96,24,52,38"/><T82/><D114/><U45/><E0/><V134/><F123/><W66/><G112/><T10/><D128/><U103/><E132/><N who="2" m="50795" /><F2/><W44/><G127/><T12/><D135/><U50/><E115/><V109/><F69/><W92/><G24/><T110/><D110/><U51/><E33/><V85/><F129/><W55/><G105/><T104/><D104/><U30/><E30/><V17/><F109/><W126/><G126/><T78/><D31/><U56/><E13/><V9/><F9/><W93/><G93/><T18/><D89/><U106/><E76/><V64/><F64/><W22/><G66/><T6/><D6/><U97/><E73/><V35/><F72/><W29/><G70/><T20/><D67/><U47/><E103/><V11/><F11/><W32/><G32/><N who="2" m="12329" /><F77/><W8/><G22/><T71/><D71/><U124/><E106/><V121/><F121/><W100/><G100/><T59/><D59/><U130/><REACH who="1" step="1"/><E124/><REACH who="1" ten="250,240,250,250" step="2"/><V63/><F63/><W125/><G125/><T75/><REACH who="0" step="1"/><D83/><REACH who="0" ten="240,240,250,250" step="2"/><U3/><E3/><V19/><F19/><W26/><G29/><T87/><D87/><U111/><E111/><V27/><F17/><W119/><G81/><T57/><D57/><U107/><E107/><V21/><F85/><W43/><G7/><T46/><AGARI ba="0,2" hai="4,10,12,15,18,20,39,40,46,60,62,75,78,82" machi="46" ten="30,6000,0" yaku="1,1,0,1,52,1,53,0" doraHai="68" doraHaiUra="23" who="0" fromWho="0" sc="240,80,240,-20,250,-20,250,-20" /><INIT seed="0,1,0,3,2,60" ten="320,220,230,230" oya="0" hai0="7,17,120,100,106,0,72,89,57,110,23,87,50" hai1="44,134,104,62,20,133,49,9,53,41,26,63,38" hai2="58,70,39,31,118,1,48,95,67,108,88,111,121" hai3="105,126,25,55,13,76,43,97,37,51,107,123,65"/><T77/><D120/><U19/><E104/><V124/><F1/><W74/><G123/><T92/><D110/><N who="2" m="42026" /><F39/><W59/><G126/><T3/><D7/><U79/><E79/><V18/><F121/><W119/><G119/><T73/><D73/><U68/><E9/><V47/><F118/><W12/><G25/><T28/><D28/><U117/><E117/><V27/><F124/><W101/><G105/><T66/><D50/><U109/><E109/><V93/><F70/><W102/><G102/><T8/><D8/><U86/><E86/><V112/><F95/><W116/><G116/><T96/><D57/><U16/><E19/><V91/><F112/><W10/><G65/><T11/><D66/><U99/><E99/><V69/><F69/><W81/><REACH who="3" step="1"/><G10/><REACH who="3" ten="320,220,230,220" step="2"/><T78/><D11/><U103/><E103/><V122/><F122/><W35/><G35/><T132/><D106/><U33/><E33/><N who="2" m="20735" /><F18/><W80/><G80/><T113/><D17/><U40/><E68/><V125/><F125/><W36/><G36/><T129/><D100/><U127/><E127/><V82/><F82/><W115/><G115/><T14/><D113/><U21/><E21/><V130/><F130/><W84/><G84/><T15/><D87/><U52/><E38/><V54/><F93/><W30/><G30/><T56/><D129/><U42/><REACH who="1" step="1"/><E53/><REACH who="1" ten="320,210,230,220" step="2"/><V24/><F24/><W5/><G5/><T85/><D85/><U6/><E6/><V32/><F32/><W98/><G98/><T2/><D96/><U71/><E71/><V131/><F131/><W29/><G29/><T64/><D72/><RYUUKYOKU ba="1,2" sc="320,-30,210,10,230,10,220,10" hai1="16,20,26,40,41,42,44,49,52,62,63,133,134" hai2="47,48,54,58,67,88,91" hai3="12,13,37,43,51,55,59,74,76,81,97,101,107" /><INIT seed="1,2,2,4,4,121" ten="290,220,240,230" oya="1" hai0="123,55,134,73,101,93,16,70,44,118,96,66,86" hai1="83,8,11,45,48,21,98,130,18,80,34,51,103" hai2="47,38,40,58,88,35,133,97,10,119,22,107,108" hai3="30,3,68,63,111,29,99,67,115,46,89,109,9"/><U39/><E130/><V132/><F119/><W131/><G115/><T26/><D73/><U100/><E34/><V60/><F35/><W25/><G131/><T74/><D74/><U135/><E135/><V61/><F10/><N who="1" m="3625" /><E39/><V94/><F107/><W1/><G46/><T56/><D118/><U62/><E62/><V105/><F105/><W49/><G49/><N who="1" m="19018" /><E45/><V42/><F42/><W122/><G122/><T113/><D70/><U71/><E71/><V126/><F126/><W116/><G116/><T117/><D134/><N who="2" m="51818" /><F22/><N who="3" m="15543" /><G30/><T14/><D113/><U19/><E19/><V36/><F36/><W5/><G9/><T43/><D117/><U2/><E2/><V102/><F102/><N who="1" m="38953" /><E98/><V20/><F20/><W53/><G5/><T75/><D75/><U124/><E124/><V57/><F61/><W127/><G127/><T65/><D96/><U125/><E125/><V79/><F79/><W41/><G41/><T91/><D101/><U50/><E50/><V15/><F15/><AGARI ba="2,2" hai="15,18,21,80,83" m="38953,19018,3625" machi="15" ten="30,1500,0" yaku="8,1" doraHai="121" who="1" fromWho="2" sc="290,0,220,41,240,-21,230,0" /><INIT seed="1,3,0,4,1,112" ten="290,261,219,230" oya="1" hai0="22,96,94,69,67,11,29,105,30,27,121,49,17" hai1="63,42,78,129,130,4,85,14,91,66,60,50,26" hai2="53,23,99,74,134,44,71,10,38,2,45,132,33" hai3="98,52,19,77,65,103,124,47,88,8,109,57,83"/><U111/><E111/><V7/><F71/><W86/><G109/><T3/><D105/><U16/><E78/><V107/><F33/><W123/><G123/><T128/><D128/><N who="1" m="49259" /><E4/><V127/><F127/><W64/><G124/><T54/><D121/><U108/><E108/><V31/><F31/><W59/><G47/><T82/><D82/><N who="1" m="49591" /><E26/><V40/><F74/><W39/><G39/><T41/><D41/><U122/><E122/><V97/><F23/><W68/><G68/><T126/><D126/><U32/><E32/><V93/><F107/><W79/><G79/><T80/><D80/><U5/><E5/><V1/><F1/><W37/><G37/><T36/><D36/><U25/><E25/><V87/><F87/><W70/><G70/><T43/><D43/><U55/><E42/><V115/><F115/><W95/><G77/><T113/><D113/><U34/><E34/><V135/><F93/><W106/><G106/><T90/><D3/><U76/><E76/><V114/><F114/><W24/><G59/><T13/><D69/><U9/><E66/><V101/><F101/><W116/><G116/><T89/><D67/><U58/><AGARI ba="3,0" hai="9,14,16,50,55,58,60,63" m="49591,49259" machi="58" ten="30,3000,0" yaku="19,1,54,1" doraHai="112" who="1" fromWho="1" sc="290,-13,261,39,219,-13,230,-13" /><INIT seed="1,4,0,3,0,72" ten="277,300,206,217" oya="1" hai0="5,68,112,19,119,6,64,108,17,113,39,12,90" hai1="129,99,91,67,16,102,73,33,81,85,107,20,124" hai2="43,84,42,76,52,74,109,31,50,13,36,22,35" hai3="8,44,10,117,65,14,18,122,97,26,89,101,28"/><U38/><E38/><V82/><F109/><W116/><G122/><T48/><D39/><U135/><E129/><V93/><F36/><W77/><G65/><T123/><D64/><U15/><E135/><V53/><F53/><W134/><G134/><T59/><D68/><U94/><E124/><V0/><F0/><W4/><G89/><T3/><D48/><U24/><E67/><V29/><F74/><W121/><G44/><T100/><D59/><U88/><E73/><V80/><F93/><W132/><G121/><T96/><D90/><U57/><E57/><V87/><F35/><W61/><G61/><T131/><D123/><U118/><E118/><N who="3" m="45674" /><G132/><T114/><D119/><U66/><E66/><V2/><F2/><W95/><G77/><T47/><D47/><U54/><E54/><V63/><F63/><W9/><G4/><T115/><D6/><U105/><REACH who="1" step="1"/><E91/><REACH who="1" ten="277,290,206,217" step="2"/><N who="2" m="51591" /><F31/><AGARI ba="4,1" hai="15,16,20,24,31,33,81,85,88,94,99,102,105,107" machi="31" ten="40,7700,0" yaku="1,1,54,2,53,0" doraHai="72" doraHaiUra="55" who="1" fromWho="2" sc="277,0,290,99,206,-89,217,0" /><INIT seed="1,5,0,4,3,132" ten="277,389,117,217" oya="1" hai0="37,115,36,76,15,119,59,9,123,35,71,93,102" hai1="68,2,33,101,55,133,111,22,78,42,79,104,67" hai2="41,48,91,69,19,25,53,30,60,0,100,84,13" hai3="8,34,86,95,18,109,75,106,107,124,3,12,92"/><U54/><E133/><V72/><F0/><W98/><G75/><T43/><D35/><U118/><E118/><V7/><F72/><W127/><G34/><T70/><D76/><U56/><E111/><V49/><F100/><N who="3" m="60487" /><G3/><T108/><D93/><U134/><E134/><V45/><F7/><W122/><G109/><T16/><D102/><U38/><E33/><V21/><F69/><W28/><G122/><T83/><D83/><U94/><E2/><V80/><F60/><W51/><G28/><T57/><D108/><U44/><E104/><V120/><F120/><W20/><G51/><T121/><D15/><U24/><E101/><V11/><REACH who="2" step="1"/><F49/><REACH who="2" ten="277,389,107,217" step="2"/><W63/><G63/><T39/><D121/><U46/><E68/><V64/><F64/><W87/><G106/><T89/><D71/><U52/><E38/><V90/><F90/><W10/><G107/><T96/><D70/><U27/><E67/><V129/><F129/><W61/><G61/><T32/><D123/><U4/><E4/><V125/><F125/><N who="3" m="48203" /><G87/><T130/><D39/><U131/><E42/><AGARI ba="5,1" hai="11,13,19,21,25,30,41,42,45,48,53,80,84,91" machi="42" ten="40,8000,1" yaku="1,1,25,2,8,1,53,1" doraHai="132" doraHaiUra="6" who="2" fromWho="1" sc="277,0,389,-95,107,105,217,0" /><INIT seed="2,0,0,1,4,29" ten="277,294,212,217" oya="2" hai0="86,42,66,76,69,13,54,40,89,111,22,8,48" hai1="112,130,72,128,7,3,49,14,41,104,117,65,90" hai2="18,34,91,16,87,109,1,108,63,134,84,17,10" hai3="79,19,105,31,102,44,32,47,25,35,37,110,46"/><V120/><F120/><W15/><G37/><T98/><D111/><N who="2" m="42570" /><F63/><W83/><G110/><T124/><D124/><U126/><E126/><V50/><F50/><W81/><G105/><T53/><D22/><U23/><E117/><V55/><F55/><W116/><G102/><T132/><D132/><U118/><E118/><V85/><F134/><W26/><G116/><T133/><D133/><U71/><E112/><V114/><F114/><W11/><G79/><T101/><D76/><U82/><E104/><V94/><F34/><W135/><G135/><T20/><D20/><U57/><E71/><V12/><F1/><W28/><AGARI ba="0,0" hai="11,15,19,25,26,28,31,32,35,44,46,47,81,83" machi="28" ten="30,7900,0" yaku="0,1,9,1,52,2" doraHai="29" who="3" fromWho="3" sc="277,-20,294,-20,212,-39,217,79" /><INIT seed="3,0,0,3,4,16" ten="257,274,173,296" oya="3" hai0="116,23,130,11,32,87,115,3,52,2,61,124,89" hai1="29,41,133,100,107,77,39,111,55,48,68,135,82" hai2="93,4,18,126,13,51,121,118,34,114,99,33,83" hai3="0,62,27,94,110,17,50,128,90,58,5,8,129"/><W109/><G50/><T1/><D32/><U47/><E111/><N who="3" m="42506" /><G17/><T53/><D116/><U26/><E68/><V66/><F118/><W95/><G27/><T20/><D124/><U36/><E107/><V28/><F114/><W78/><G78/><T54/><D115/><U9/><E9/><V84/><F121/><W101/><G101/><T14/><D61/><U88/><E100/><V75/><F75/><W57/><G57/><T59/><D59/><U123/><E123/><V67/><F126/><W56/><G56/><T108/><D130/><N who="3" m="50281" /><G90/><T97/><D97/><U7/><E7/><V79/><F4/><W85/><G85/><T127/><D127/><U71/><E71/><V81/><F81/><W92/><G92/><T40/><D108/><U38/><E88/><V42/><F42/><W96/><G96/><T35/><D40/><U86/><REACH who="1" step="1"/><E41/><REACH who="1" ten="257,264,173,296" step="2"/><V117/><F117/><W105/><G105/><T30/><D89/><U65/><E65/><AGARI ba="0,1" hai="0,5,8,58,62,65,94,95" m="50281,42506" machi="65" ten="30,5800,0" yaku="14,1,10,1,19,1" doraHai="16" who="3" fromWho="1" sc="257,0,264,-58,173,0,296,68" owari="257,6.0,206,-19.0,173,-33.0,364,46.0" /></mjloggm>