<mjloggm ver="2.3"><GO type="97" lobby="0"/><UN n0="%E3%83%8B%E3%83%BC%E3%83%88%E3%81%A7%E3%81%99" n1="%E9%A7%84%E8%8F%93%E5%AD%90" n2="%E3%82%A6%E3%83%AB%E3%83%88%E3%83%A9%E7%AB%8B%E7%9B%B4" n3="%52%69%75" dan="15,13,15,13" rate="2100.92,1926.01,1980.48,1845.52" sx="M,M,M,M"/><TAIKYOKU oya="0"/><INIT seed="0,0,0,0,2,59" ten="250,250,250,250" oya="0" hai0="8,125,35,47,91,85,28,57,83,55,106,52,81" hai1="2,53,76,39,12,14,97,5,72,96,48,15,77" hai2="98,29,42,107,23,122,134,56,103,104,124,30,50" hai3="135,129,84,61,51,33,79,108,112,120,31,36,113"/><T70/><D106/><U44/><E39/><V88/><F122/><W49/><G108/><T73/><D70/><U90/><E72/><V27/><F124/><W117/><G135/><T131/><D125/><U121/><E121/><V4/><F134/><W78/><G129/><T46/><D131/><U87/><E2/><V68/><F68/><W82/><G120/><T71/><D71/><U64/><E5/><V43/><F104/><W16/><G117/><T58/><D8/><U116/><E116/><V100/><F100/><W127/><G36/><T123/><D123/><U128/><E64/><V25/><F4/><W66/><G127/><T101/><D101/><U111/><E128/><V102/><F102/><W119/><G119/><T133/><D133/><U65/><E65/><V6/><F6/><W11/><G33/><T21/><D35/><U132/><E132/><V1/><F1/><W10/><G31/><T24/><D81/><U22/><E111/><V75/><F75/><W118/><G118/><T86/><D86/><U9/><E9/><V109/><F109/><W130/><G130/><T26/><D73/><U40/><E22/><V32/><F88/><W45/><G112/><T18/><D26/><U37/><E37/><V38/><F38/><W126/><G126/><T67/><D28/><U69/><E69/><V0/><F0/><W74/><G74/><T19/><D67/><U13/><E40/><V60/><F50/><W93/><G113/><T110/><D18/><U99/><N who="1" m="3584" /><DORA hai="62" /><U63/><E63/><V41/><F41/><W34/><G10/><T20/><D110/><RYUUKYOKU ba="0,0" sc="250,-15,250,15,250,15,250,-15" hai1="44,48,53,76,77,87,90,96,97,99" hai2="23,25,27,29,30,32,42,43,56,60,98,103,107" /><INIT seed="1,1,0,3,0,6" ten="235,265,265,235" oya="1" hai0="46,47,7,120,1,14,127,13,90,56,39,119,74" hai1="81,110,67,113,122,25,102,38,62,133,11,129,23" hai2="30,63,131,107,97,26,49,59,60,98,17,65,123" hai3="28,5,99,77,118,115,79,121,35,31,37,125,55"/><U36/><E122/><V84/><F123/><W76/><G121/><T66/><D119/><U9/><E113/><V0/><F0/><W54/><G115/><T114/><D114/><U51/><E133/><V116/><F116/><W88/><G118/><T112/><D112/><U57/><E129/><V70/><F131/><W45/><G125/><T134/><D74/><U132/><E132/><V105/><F49/><W29/><G35/><T33/><D33/><U32/><E32/><V43/><F43/><W92/><REACH who="3" step="1"/><G5/><REACH who="3" ten="235,265,265,225" step="2"/><T3/><D127/><U53/><E110/><V2/><F107/><W83/><G83/><T85/><D120/><U93/><E81/><V34/><F105/><W87/><G87/><T109/><D134/><U104/><E104/><V10/><F84/><W111/><G111/><T89/><D109/><U80/><E80/><V64/><F98/><W95/><G95/><T124/><D124/><U21/><E38/><V19/><F97/><W72/><G72/><T71/><D39/><U8/><E36/><V135/><F135/><W42/><AGARI ba="1,1" hai="28,29,31,37,42,45,54,55,76,77,79,88,92,99" machi="42" ten="40,5200,0" yaku="1,1,0,1,54,1,53,0" doraHai="6" doraHaiUra="103" who="3" fromWho="3" sc="235,-14,265,-27,265,-14,225,65" /><INIT seed="2,0,0,1,2,46" ten="221,238,251,290" oya="2" hai0="17,62,121,96,27,124,31,81,73,55,13,92,114" hai1="77,5,42,122,111,4,65,76,98,61,85,29,109" hai2="118,36,70,74,105,24,58,12,15,30,129,43,120" hai3="80,38,33,99,57,8,20,115,54,60,14,50,16"/><V75/><F70/><W63/><G115/><T110/><D121/><U89/><E42/><V64/><F105/><W9/><G33/><T41/><D114/><U84/><E122/><V19/><F120/><W3/><G38/><T10/><D110/><N who="1" m="41995" /><E29/><V67/><F118/><W113/><G113/><T82/><D124/><U68/><E98/><V23/><F129/><W87/><G99/><T48/><D73/><U100/><E100/><V86/><F15/><W79/><G3/><T107/><D41/><U1/><E85/><V69/><F69/><W11/><AGARI ba="0,0" hai="8,9,11,14,16,20,50,54,57,60,63,79,80,87" machi="11" ten="30,7900,0" yaku="0,1,8,1,52,1,54,1" doraHai="46" who="3" fromWho="3" sc="221,-20,238,-20,251,-39,290,79" /><INIT seed="3,0,0,5,2,85" ten="201,218,212,369" oya="3" hai0="113,66,114,70,52,127,99,34,89,54,120,16,98" hai1="92,26,3,39,82,2,77,32,48,80,38,117,25" hai2="119,131,84,41,78,71,18,108,68,55,42,21,130" hai3="83,14,88,0,65,125,123,33,7,62,75,109,36"/><W76/><G123/><T19/><D120/><U37/><E92/><V134/><F119/><W111/><G33/><T51/><D34/><U124/><E117/><V67/><F55/><N who="0" m="21034" /><D51/><U30/><E124/><V79/><F134/><W104/><G125/><T12/><D127/><U103/><E103/><V24/><F108/><N who="3" m="41547" /><G104/><T11/><D89/><U74/><E48/><V43/><F67/><W44/><G14/><N who="0" m="7263" /><D66/><U110/><E110/><V47/><F47/><W46/><G36/><T57/><D57/><U121/><E121/><V56/><F56/><N who="3" m="37063" /><G88/><T81/><D70/><U95/><E95/><V58/><F58/><W115/><G115/><N who="0" m="44043" /><D81/><U15/><E15/><V86/><F71/><W94/><G94/><T53/><D53/><U96/><E82/><V10/><F68/><W45/><G45/><T116/><D116/><U69/><E96/><V72/><F78/><W73/><G73/><T35/><D35/><U40/><E69/><V49/><F72/><W105/><G105/><T63/><D63/><U128/><E40/><V91/><F79/><W1/><G1/><T90/><D90/><U100/><E100/><V102/><F102/><W133/><G133/><T4/><D4/><U17/><E128/><N who="2" m="49195" /><F49/><W31/><G7/><T97/><D97/><U29/><E17/><N who="2" m="12335" /><F91/><W87/><G0/><T23/><AGARI ba="0,0" hai="12,19,23,98,99" m="44043,7263,21034" machi="23" ten="30,4000,0" yaku="11,1,54,2" doraHai="85" who="0" fromWho="0" sc="201,40,218,-10,212,-10,369,-20" owari="241,4.0,208,-19.0,202,-30.0,349,45.0" /></mjloggm>