<mjloggm ver="2.3"><GO type="97" lobby="0"/><UN n0="%7A%65%6C%64%65%6E" n1="%E3%82%A6%E3%83%AB%E3%83%88%E3%83%A9%E7%AB%8B%E7%9B%B4" n2="%E7%A5%9E%E9%BA%BB%E5%97%A3%E5%AD%90" n3="%E3%81%8B%E3%81%BC%E3%81%A1%E3%82%83%E6%A7%98" dan="14,15,14,15" rate="1969.43,2006.89,1949.37,2000.10" sx="M,M,F,F"/><TAIKYOKU oya="0"/><INIT seed="0,0,0,4,4,23" ten="250,250,250,250" oya="0" hai0="53,14,62,128,120,52,104,51,92,79,7,75,3" hai1="24,99,32,2,54,96,20,83,70,77,6,69,90" hai2="135,103,100,64,93,127,98,33,18,87,67,121,78" hai3="13,41,22,112,39,80,48,95,102,8,119,19,5"/><T30/><D104/><U35/><E6/><V118/><F121/><W106/><G112/><T91/><D128/><U129/><E2/><V117/><F33/><W86/><G119/><N who="2" m="45577" /><F103/><W124/><G39/><T1/><D120/><U45/><E129/><V46/><F135/><W85/><G124/><T88/><D30/><U47/><E20/><V36/><F127/><W63/><G63/><T71/><D79/><U107/><E83/><N who="2" m="47607" /><F18/><W44/><G106/><T109/><D75/><U132/><E77/><V37/><F37/><W130/><G130/><T116/><D116/><U56/><E107/><V60/><F60/><W43/><G43/><AGARI ba="0,0" hai="36,43,46,64,67,93,98,100" m="47607,45577" machi="43" ten="30,1000,0" yaku="12,1" doraHai="23" who="2" fromWho="3" sc="250,0,250,0,250,10,250,-10" /><INIT seed="1,0,0,5,2,132" ten="250,250,260,240" oya="1" hai0="50,12,22,36,109,84,53,81,122,111,54,102,27" hai1="115,134,107,94,67,79,29,49,0,56,117,34,108" hai2="41,13,59,42,31,97,98,9,75,87,63,66,78" hai3="112,124,80,76,55,64,45,46,58,23,33,77,88"/><U17/><E107/><V105/><F75/><W20/><G33/><T129/><D36/><U39/><E39/><V60/><F60/><N who="3" m="37911" /><G112/><T43/><D129/><U11/><E117/><V32/><F32/><W130/><G130/><T123/><D102/><U82/><E134/><V19/><F105/><W71/><G71/><T69/><D69/><U61/><E115/><V65/><F65/><W51/><G124/><T35/><D12/><U24/><E108/><N who="0" m="41545" /><D35/><U93/><E49/><V38/><F31/><W62/><G62/><T1/><D1/><U118/><E118/><V26/><F26/><W44/><G76/><N who="0" m="46119" /><D43/><N who="2" m="16394" /><F38/><W57/><G77/><T48/><D48/><U113/><E113/><V30/><F30/><W125/><G125/><T3/><D3/><U114/><E114/><V103/><F103/><W40/><G40/><T28/><D53/><U86/><REACH who="1" step="1"/><E0/><REACH who="1" ten="250,240,260,240" step="2"/><V70/><F70/><W126/><G126/><T106/><D106/><U127/><E127/><V120/><F120/><W91/><G80/><AGARI ba="0,1" hai="9,13,19,59,63,66,78,80,87,97,98" m="16394" machi="80" ten="30,1000,0" yaku="8,1" doraHai="132" who="2" fromWho="3" sc="250,0,240,0,260,20,240,-10" /><INIT seed="2,0,0,4,1,122" ten="250,240,280,230" oya="2" hai0="9,80,123,119,12,13,72,100,29,85,78,53,3" hai1="15,103,118,120,87,115,16,56,124,57,132,47,5" hai2="25,135,94,31,8,73,7,133,35,95,1,92,77" hai3="2,125,97,30,10,74,66,121,6,126,109,111,49"/><V20/><REACH who="2" step="1"/><F20/><REACH who="2" ten="250,240,270,230" step="2"/><W34/><G121/><T84/><D123/><U22/><E120/><V114/><F114/><W93/><G74/><T60/><D119/><U86/><E115/><V45/><F45/><W113/><G113/><T41/><D72/><U28/><E118/><V39/><F39/><W26/><G66/><T88/><D100/><U65/><E103/><V68/><F68/><W61/><G61/><T116/><D116/><U43/><E124/><N who="3" m="47722" /><G49/><T38/><D38/><U21/><E132/><V102/><F102/><AGARI ba="0,1" hai="2,6,10,26,30,34,93,97,102,109,111" m="47722" machi="102" ten="30,3900,0" yaku="18,1,52,2" doraHai="122" who="3" fromWho="2" sc="250,0,240,0,270,-39,230,49" /><INIT seed="3,0,0,2,0,119" ten="250,240,231,279" oya="3" hai0="55,130,133,3,2,116,96,12,98,113,118,84,28" hai1="10,16,23,112,72,58,102,121,100,75,81,124,106" hai2="36,94,38,105,109,126,15,76,53,11,131,78,45" hai3="86,22,54,25,33,74,61,19,43,93,7,4,42"/><W79/><G74/><N who="1" m="28202" /><E58/><V47/><F105/><W32/><G33/><T129/><D28/><U120/><E10/><V34/><F34/><W51/><G32/><T50/><D133/><U117/><E106/><V83/><F131/><N who="0" m="50186" /><D84/><U41/><E41/><N who="3" m="15370" /><G61/><T73/><D73/><U107/><E107/><V104/><F104/><W18/><G19/><T97/><D12/><N who="1" m="9607" /><E112/><V70/><F70/><W101/><G101/><N who="1" m="39018" /><E81/><V71/><F71/><W56/><G93/><T103/><D103/><U63/><E63/><V80/><F109/><W59/><G56/><N who="0" m="32887" /><D113/><U35/><E35/><V128/><F94/><W6/><G6/><T99/><N who="0" m="24576" /><DORA hai="66" /><T5/><D5/><U64/><E64/><V57/><F128/><W135/><G135/><T122/><D122/><U44/><E44/><V69/><F69/><W91/><G91/><T134/><D134/><U115/><E115/><V29/><F38/><W62/><G62/><T87/><D87/><U110/><E110/><V114/><F36/><W0/><G0/><AGARI ba="0,0" hai="0,2,3,116,118" m="24576,32887,50186" machi="0" ten="50,1600,0" yaku="19,1" doraHai="119,66" who="0" fromWho="3" sc="250,16,240,0,231,0,279,-16" /><INIT seed="4,0,0,4,4,123" ten="266,240,231,263" oya="0" hai0="127,14,112,63,107,122,41,126,20,106,119,120,134" hai1="95,83,132,100,26,58,124,55,3,69,92,45,10" hai2="79,117,87,52,75,104,29,40,48,108,32,54,115" hai3="9,60,46,4,7,22,31,2,81,62,98,44,65"/><T43/><D119/><U111/><E69/><V105/><F75/><W35/><G7/><T56/><D112/><U113/><E124/><N who="0" m="47657" /><D134/><U24/><E132/><V97/><F108/><W34/><G22/><T25/><D14/><U59/><E111/><V61/><F115/><W70/><G62/><T67/><D43/><U6/><E113/><V15/><F15/><W50/><G98/><T23/><D41/><U66/><E45/><V133/><F133/><W128/><G128/><T89/><D89/><U86/><E59/><V13/><F13/><W18/><G18/><N who="0" m="12439" /><D23/><U80/><E66/><V77/><F117/><W71/><G35/><T99/><D99/><U102/><E3/><V37/><F32/><W131/><G131/><T36/><D36/><U91/><E6/><V53/><F37/><W93/><G34/><T39/><D39/><U28/><E10/><V47/><F29/><W1/><G9/><T21/><D21/><N who="1" m="15375" /><E26/><V74/><F74/><W38/><G31/><T27/><D27/><U110/><E110/><V17/><F97/><W103/><G38/><T82/><D82/><N who="1" m="31275" /><E95/><V19/><F104/><AGARI ba="0,0" hai="56,63,67,104,106,107,120,122" m="12439,47657" machi="104" ten="30,1500,0" yaku="18,1" doraHai="123" who="0" fromWho="2" sc="266,15,240,0,231,-15,263,0" /><INIT seed="4,1,0,1,1,1" ten="281,240,216,263" oya="0" hai0="33,10,87,83,20,52,102,19,50,120,53,80,29" hai1="67,61,54,97,27,119,9,107,114,63,25,122,42" hai2="111,44,37,47,66,0,65,131,73,113,3,55,125" hai3="7,98,74,129,130,32,38,108,100,89,127,112,92"/><T117/><D117/><U133/><E122/><V18/><F73/><W99/><G38/><T76/><D120/><U34/><E133/><V57/><F18/><W78/><G32/><T48/><D102/><U104/><E119/><V14/><F14/><W30/><G30/><T95/><D95/><U31/><E114/><V106/><F106/><N who="3" m="63767" /><G108/><T109/><D109/><U72/><E72/><V64/><F111/><W26/><G26/><N who="0" m="16583" /><D33/><U4/><E42/><V115/><F131/><N who="3" m="50187" /><G7/><T12/><D80/><U71/><E27/><V105/><F105/><W5/><G5/><T22/><D22/><U84/><E84/><V94/><F94/><W59/><G59/><T101/><D101/><U24/><E97/><V123/><F123/><W49/><G112/><N who="2" m="43081" /><F125/><W23/><G127/><T132/><D132/><U121/><E121/><V17/><F17/><W43/><G23/><T16/><D19/><U126/><E126/><V58/><F37/><W39/><G39/><T135/><D135/><U103/><E103/><V79/><F79/><W96/><G78/><T91/><D76/><U90/><E90/><V51/><F58/><W6/><G74/><T60/><D60/><U82/><E25/><V86/><F86/><N who="3" m="52279" /><G6/><T118/><D118/><U21/><E34/><V75/><F75/><W88/><G88/><T45/><D50/><U116/><E116/><V41/><F41/><AGARI ba="1,0" hai="10,12,16,41,45,48,52,53,83,87,91" m="16583" machi="41" ten="30,5800,0" yaku="8,1,54,2" doraHai="1" who="0" fromWho="2" sc="281,61,240,0,216,-61,263,0" owari="342,44.0,240,-16.0,155,-34.0,263,6.0" /></mjloggm>