<mjloggm ver="2.3"><GO type="41" lobby="0"/><UN n0="%E8%94%B5%E5%A5%B3" n1="%6E%6F%2C%38" n2="%53%48%49%41%4E" n3="%E3%82%A6%E3%83%AB%E3%83%88%E3%83%A9%E7%AB%8B%E7%9B%B4" dan="13,13,14,16" rate="1957.72,1843.36,1901.12,2072.09" sx="F,M,M,M"/><TAIKYOKU oya="0"/><INIT seed="0,0,0,2,0,48" ten="250,250,250,250" oya="0" hai0="77,104,120,65,135,131,39,68,114,130,69,102,118" hai1="134,92,121,95,67,7,44,6,127,58,122,34,57" hai2="32,1,33,38,84,14,21,12,83,62,28,73,55" hai3="10,20,105,30,115,81,101,15,82,19,111,117,49"/><T61/><D114/><U88/><E34/><V79/><F1/><W8/><G115/><T113/><D113/><U109/><E134/><V36/><F73/><W129/><G117/><T16/><D118/><U71/><E71/><V86/><F28/><W91/><G129/><N who="0" m="49163" /><D120/><U17/><E127/><V125/><F125/><W50/><G111/><T37/><D135/><U108/><E44/><V11/><F33/><W18/><G101/><T76/><D68/><U96/><E17/><V13/><F32/><W56/><G105/><T100/><D102/><U52/><E67/><V29/><F38/><N who="0" m="14346" /><D100/><U0/><E0/><V72/><F36/><W85/><G10/><T106/><D76/><U93/><E93/><V53/><F62/><W110/><G110/><N who="1" m="42602" /><E58/><V42/><F42/><W2/><G2/><T98/><D98/><U27/><E95/><V40/><F40/><W5/><G81/><T99/><D99/><U22/><E22/><V74/><F11/><W59/><G59/><T75/><D16/><N who="3" m="6185" /><G56/><T3/><D3/><U123/><E27/><AGARI ba="0,0" hai="5,8,15,20,27,30,49,50,82,85,91" m="6185" machi="27" ten="30,2000,0" yaku="8,1,54,1" doraHai="48" who="3" fromWho="1" sc="250,0,250,-20,250,0,250,20" /><INIT seed="1,0,0,0,5,123" ten="250,230,250,270" oya="1" hai0="17,114,26,84,54,128,99,15,91,30,80,115,60" hai1="64,23,4,62,106,11,51,93,52,132,134,48,125" hai2="97,59,1,18,44,53,103,95,82,8,71,39,68" hai3="100,37,66,28,67,34,63,45,69,25,55,3,31"/><U88/><E106/><V107/><F107/><W130/><G130/><T104/><D128/><U108/><E23/><V58/><F71/><W90/><G66/><T74/><D74/><U65/><E125/><V98/><F68/><W92/><G3/><T5/><D5/><U116/><E116/><V81/><F1/><W36/><G31/><T102/><D54/><U27/><E27/><V43/><F98/><W135/><G135/><N who="1" m="51754" /><E51/><V49/><F8/><W79/><G79/><T35/><REACH who="0" step="1"/><D60/><REACH who="0" ten="240,230,250,270" step="2"/><U22/><E65/><V29/><F29/><W118/><G55/><T50/><D50/><U13/><E64/><V75/><F75/><W21/><G37/><T46/><D46/><N who="1" m="27671" /><E62/><V42/><F39/><W131/><G36/><T112/><D112/><U9/><E9/><AGARI ba="0,1" hai="9,15,17,26,30,35,80,84,91,99,102,104,114,115" machi="9" ten="30,2000,0" yaku="1,1,7,1,53,0" doraHai="123" doraHaiUra="73" who="0" fromWho="1" sc="240,30,230,-20,250,0,270,0" /><INIT seed="2,0,0,3,5,126" ten="270,210,250,270" oya="2" hai0="94,56,17,61,134,7,119,99,41,8,21,101,97" hai1="47,31,108,81,45,65,12,84,135,53,112,30,118" hai2="54,67,89,102,71,129,4,117,128,132,59,120,1" hai3="121,78,52,131,63,11,49,50,39,35,6,51,76"/><V85/><F120/><W18/><G35/><T116/><D134/><U72/><E112/><V10/><F117/><W38/><G18/><T130/><D130/><N who="2" m="50282" /><F132/><W13/><G121/><T2/><D97/><U124/><E118/><V27/><F27/><W22/><G131/><T25/><REACH who="0" step="1"/><D41/><REACH who="0" ten="260,210,250,270" step="2"/><U57/><E124/><V74/><F74/><W127/><G127/><T96/><D96/><U125/><E135/><V100/><F71/><W83/><G39/><T88/><D88/><U19/><E125/><V24/><F67/><AGARI ba="0,1" hai="2,7,8,17,21,25,56,61,67,94,99,101,116,119" machi="67" ten="40,1300,0" yaku="1,1,53,0" doraHai="126" doraHaiUra="107" who="0" fromWho="2" sc="260,23,210,0,250,-13,270,0" /><INIT seed="3,0,0,2,4,54" ten="283,210,237,270" oya="3" hai0="1,43,135,72,37,107,49,28,62,68,89,134,46" hai1="13,25,117,52,18,113,66,10,7,79,35,118,44" hai2="20,77,19,100,116,59,99,27,65,32,64,12,84" hai3="61,42,34,74,71,67,81,23,30,92,96,105,87"/><W70/><G74/><T88/><D72/><U36/><E113/><V17/><F116/><N who="1" m="44649" /><E66/><V121/><F32/><W122/><G122/><T31/><D1/><U112/><E112/><V0/><F84/><W60/><G42/><T6/><D6/><U45/><E79/><V123/><F77/><W91/><G34/><T21/><D107/><U131/><E36/><V127/><F0/><W95/><G105/><T83/><D37/><U14/><E131/><V125/><F99/><W114/><G114/><T15/><D31/><N who="1" m="19951" /><E44/><V76/><F100/><W85/><G85/><T97/><D97/><U90/><E90/><V102/><F102/><W58/><G92/><T24/><D83/><U101/><E101/><V128/><F76/><W73/><G73/><T16/><D68/><U110/><E110/><V5/><F65/><W129/><G129/><T4/><D62/><U119/><N who="1" m="44657" /><U111/><DORA hai="108" /><E111/><V26/><F128/><W11/><G11/><T48/><D49/><N who="1" m="28719" /><E18/><V56/><F64/><W3/><G61/><T106/><D106/><U22/><E22/><N who="2" m="11559" /><F5/><W55/><G55/><T130/><D4/><U98/><E98/><V40/><F40/><W109/><G109/><T132/><REACH who="0" step="1"/><D130/><REACH who="0" ten="273,210,237,270" step="2"/><U133/><E133/><V75/><F75/><W50/><G50/><T57/><D57/><N who="2" m="22090" /><F27/><N who="3" m="16767" /><G3/><AGARI ba="0,1" hai="3,7,10,13,14" m="28719,19951,44657" machi="3" ten="40,2600,0" yaku="12,1,54,1" doraHai="54,108" who="1" fromWho="3" sc="273,0,210,36,237,0,270,-26" /><INIT seed="4,0,0,2,3,70" ten="273,246,237,244" oya="0" hai0="43,5,81,45,28,80,116,39,122,87,51,52,63" hai1="26,102,130,129,89,58,103,75,120,4,11,38,114" hai2="48,88,112,111,25,40,133,65,44,68,35,50,34" hai3="61,10,113,104,115,126,108,13,97,92,19,76,77"/><T64/><D116/><U109/><E109/><V98/><F111/><W9/><G108/><T95/><D122/><U123/><E75/><V46/><F133/><W106/><G126/><T7/><D28/><U23/><E58/><V31/><F112/><W57/><G10/><T17/><D17/><U20/><E89/><V119/><F119/><W30/><G104/><T135/><D95/><U127/><E127/><V62/><F98/><W32/><G106/><T22/><D22/><U124/><E124/><V27/><F27/><W6/><G6/><T71/><D81/><U3/><E114/><V74/><F74/><W49/><G49/><T94/><D94/><U2/><E2/><V82/><F82/><W73/><G73/><T67/><D67/><U83/><E83/><V69/><F88/><W66/><G30/><T15/><D15/><U121/><E121/><V8/><F8/><W125/><G32/><T134/><D87/><U37/><E120/><V105/><F105/><W96/><G96/><T14/><D14/><U132/><E132/><N who="0" m="50729" /><D80/><U47/><E47/><AGARI ba="0,0" hai="5,7,39,43,45,47,51,52,63,64,71" m="50729" machi="47" ten="30,5800,0" yaku="20,1,52,1,54,1" doraHai="70" who="0" fromWho="1" sc="273,58,246,-58,237,0,244,0" /><INIT seed="4,1,0,0,4,27" ten="331,188,237,244" oya="0" hai0="3,65,118,83,16,93,55,134,135,63,57,133,79" hai1="40,72,104,61,117,41,119,111,36,44,129,58,8" hai2="29,114,17,121,6,123,96,97,35,34,78,51,120" hai3="59,82,31,21,85,62,54,101,30,0,47,26,103"/><T86/><D3/><U113/><E104/><V87/><F6/><W33/><G0/><T127/><D118/><U124/><E72/><V76/><F17/><W102/><G47/><T48/><D93/><U64/><E8/><V84/><F51/><W39/><G39/><T99/><D99/><N who="2" m="37962" /><F114/><W80/><G33/><N who="2" m="12297" /><F29/><N who="3" m="17615" /><G82/><T107/><D127/><U45/><E111/><V131/><F131/><W74/><G74/><T128/><D128/><U10/><E10/><V89/><F89/><AGARI ba="1,0" hai="30,31,54,59,62,80,85,89,101,102,103" m="17615" machi="89" ten="30,7700,0" yaku="8,1,52,3" doraHai="27" who="3" fromWho="2" sc="331,0,188,0,237,-80,244,80" /><INIT seed="5,0,0,2,1,122" ten="331,188,157,324" oya="1" hai0="1,12,100,130,43,72,88,119,92,32,3,87,94" hai1="76,135,37,24,33,11,85,78,121,25,113,17,27" hai2="14,84,10,36,123,59,86,93,117,38,68,116,40" hai3="134,120,35,118,95,21,97,109,50,18,13,82,125"/><U62/><E121/><V15/><F123/><W90/><G35/><T80/><D119/><U0/><E37/><V16/><F68/><W129/><G118/><T34/><D43/><U133/><E62/><V20/><F117/><W114/><G114/><T9/><D130/><U54/><E54/><V79/><F116/><W126/><G120/><T53/><D72/><U70/><E70/><V132/><F132/><N who="1" m="50761" /><E85/><V49/><F38/><W61/><G134/><T104/><D104/><U89/><E89/><N who="2" m="53415" /><F36/><W127/><G129/><T8/><D87/><U67/><E67/><V46/><F59/><W75/><G61/><T52/><D12/><N who="1" m="7327" /><E113/><V7/><F86/><W115/><G115/><T74/><D74/><U71/><E71/><V81/><F81/><W22/><G50/><T55/><D80/><U44/><E44/><V26/><F79/><N who="1" m="30249" /><E0/><V42/><F14/><W23/><G75/><T58/><D55/><AGARI ba="0,0" hai="7,10,15,16,20,26,40,42,46,49,55" m="53415" machi="55" ten="30,2000,0" yaku="8,1,54,1" doraHai="122" who="2" fromWho="0" sc="331,-20,188,0,157,20,324,0" /><INIT seed="6,0,0,2,1,33" ten="311,188,177,324" oya="2" hai0="52,22,5,9,130,103,93,2,43,6,117,40,108" hai1="58,31,63,79,37,67,127,18,47,91,21,65,96" hai2="120,27,73,57,111,82,55,69,34,87,45,77,119" hai3="116,49,125,23,20,101,74,61,15,105,16,98,92"/><V106/><F120/><W19/><G74/><T26/><D108/><U133/><E133/><V60/><F119/><W126/><G116/><T88/><D117/><U36/><E127/><V7/><F111/><W134/><G134/><T100/><D6/><U131/><E131/><V3/><F106/><W8/><G61/><T104/><D130/><U70/><E79/><V128/><F128/><W53/><G105/><T122/><D122/><U13/><E31/><V115/><F115/><W12/><REACH who="3" step="1"/><G8/><REACH who="3" ten="311,188,177,314" step="2"/><T50/><D104/><U89/><E67/><V68/><F73/><W29/><G29/><T66/><D66/><U64/><E64/><V109/><F109/><W83/><G83/><T124/><D124/><U90/><E70/><V129/><F129/><W80/><G80/><T75/><D75/><U51/><REACH who="1" step="1"/><E96/><REACH who="1" ten="311,178,177,314" step="2"/><V85/><F69/><W48/><G48/><T121/><D121/><U132/><E132/><V46/><F68/><W71/><G71/><T95/><D50/><U107/><E107/><V1/><F87/><W97/><G97/><T4/><D93/><U62/><E62/><V30/><REACH who="2" step="1"/><F1/><REACH who="2" ten="311,178,167,314" step="2"/><W10/><G10/><AGARI ba="0,3" hai="3,7,10,27,30,34,45,46,55,57,60,77,82,85" machi="10" ten="40,12000,1" yaku="1,1,2,1,52,1,53,1" doraHai="33" doraHaiUra="76" who="2" fromWho="3" sc="311,0,178,0,167,150,314,-120" /><INIT seed="6,1,0,1,5,20" ten="311,178,317,194" oya="2" hai0="106,114,29,76,0,101,92,60,40,135,118,95,112" hai1="82,130,115,74,51,91,89,102,39,45,111,34,16" hai2="61,18,63,23,35,27,43,62,11,103,2,85,113" hai3="126,14,99,7,73,75,100,71,5,47,124,12,131"/><V86/><F113/><N who="0" m="43626" /><D0/><U17/><E130/><V59/><F35/><W52/><G71/><T28/><D118/><U83/><E111/><V10/><F43/><W80/><G131/><T9/><D9/><N who="2" m="3082" /><F103/><W132/><G132/><T90/><D76/><U66/><E115/><V24/><F2/><W22/><G80/><T109/><D109/><U13/><E34/><V55/><F27/><W50/><G75/><T15/><D15/><U41/><E39/><V25/><F25/><W38/><G73/><T93/><D135/><U70/><E102/><V54/><F63/><W33/><G33/><T8/><D8/><U32/><E32/><V94/><F94/><W81/><G81/><N who="1" m="30730" /><E66/><V36/><F36/><W78/><G78/><T133/><D133/><U3/><E3/><V123/><F123/><W97/><G38/><T30/><D101/><U77/><E70/><V79/><F79/><W56/><G100/><T44/><D60/><U107/><E107/><V31/><F31/><W119/><G119/><T68/><D68/><U64/><E64/><V19/><F19/><W26/><G14/><T21/><D106/><U48/><E74/><V117/><F117/><W58/><G12/><T134/><D134/><U122/><E122/><V104/><F104/><W69/><G69/><T121/><D121/><U87/><E51/><V72/><F72/><W120/><G120/><T105/><D105/><U46/><E77/><V65/><F65/><W1/><G1/><T88/><D21/><N who="1" m="11407" /><E17/><V108/><F108/><W84/><G50/><AGARI ba="1,0" hai="28,29,30,40,44,50,88,90,92,93,95" m="43626" machi="50" ten="40,2600,0" yaku="15,1,54,1" doraHai="20" who="0" fromWho="3" sc="311,29,178,0,317,0,194,-29" /><INIT seed="7,0,0,4,3,68" ten="340,178,317,165" oya="3" hai0="1,66,124,120,85,133,59,31,126,26,130,33,5" hai1="3,51,98,53,17,102,109,21,42,39,78,64,52" hai2="113,114,112,77,22,37,76,87,54,46,43,19,27" hai3="57,105,122,94,131,127,55,72,28,116,7,13,24"/><W45/><G105/><T74/><D85/><U63/><E3/><V88/><F54/><W129/><G122/><T95/><D95/><AGARI ba="0,0" hai="19,22,27,37,43,46,76,77,87,88,95,112,113,114" machi="95" ten="40,5200,0" yaku="15,1,52,1,54,1" doraHai="68" who="2" fromWho="0" sc="340,-52,178,0,317,52,165,0" owari="288,9.0,178,-22.0,369,46.0,165,-33.0" /></mjloggm>