<mjloggm ver="2.3"><GO type="225" lobby="0"/><UN n0="%E3%82%A6%E3%83%AB%E3%83%88%E3%83%A9%E7%AB%8B%E7%9B%B4" n1="%E3%81%BE%E3%81%8A%E3%82%89%E3%82%93" n2="%40%E7%B4%94%E3%81%A1%E3%82%83%E3%82%93" n3="%E9%AC%BC%E7%95%9C%E6%88%A6%E5%A3%AB" dan="16,17,17,16" rate="2011.06,2162.62,2161.51,2108.81" sx="M,F,M,M"/><TAIKYOKU oya="0"/><INIT seed="0,0,0,3,5,40" ten="250,250,250,250" oya="0" hai0="90,116,91,2,6,102,125,78,131,47,14,43,105" hai1="75,95,39,30,8,9,76,44,108,49,120,4,67" hai2="63,46,99,93,115,36,13,61,19,69,124,121,45" hai3="94,28,86,48,7,29,74,16,3,56,135,122,10"/><T21/><D116/><U92/><E120/><V114/><F121/><W89/><G74/><T87/><D125/><U83/><E9/><V113/><F124/><W27/><G122/><T106/><D131/><U129/><E129/><V54/><F36/><W96/><G135/><T60/><D2/><U133/><E133/><V73/><F73/><W24/><G24/><T81/><D102/><U12/><E39/><V50/><F69/><W66/><G86/><T15/><D105/><U1/><E1/><V109/><F109/><W58/><G58/><T62/><D106/><U72/><E72/><V88/><REACH who="2" step="1"/><F46/><REACH who="2" ten="250,250,240,250" step="2"/><W112/><G112/><T33/><D33/><U110/><E108/><V57/><F57/><W59/><G56/><T82/><D60/><U41/><E110/><V101/><F101/><W52/><G66/><T25/><D62/><U22/><E67/><V79/><F79/><W42/><G42/><T37/><D91/><U134/><E134/><V80/><F80/><W84/><G59/><T38/><D38/><U32/><E32/><V51/><F51/><W85/><G48/><T107/><D82/><U0/><E92/><V117/><F117/><W118/><G118/><T17/><D107/><U20/><E95/><V97/><F97/><W71/><G71/><T31/><D78/><U127/><E127/><V34/><F34/><W98/><G98/><T128/><D128/><U53/><E75/><V26/><F26/><W100/><G52/><T64/><D64/><U126/><E126/><V132/><F132/><W23/><G84/><T104/><D87/><U65/><E76/><RYUUKYOKU ba="0,1" sc="250,-15,250,-15,240,15,250,15" hai2="13,19,45,50,54,61,63,88,93,99,113,114,115" hai3="3,7,10,16,23,27,28,29,85,89,94,96,100" /><INIT seed="1,1,1,3,3,125" ten="235,235,255,265" oya="1" hai0="10,98,114,131,56,104,31,3,71,72,95,87,84" hai1="126,78,4,40,96,53,79,23,36,27,33,30,86" hai2="17,66,119,108,9,20,113,116,15,94,0,120,55" hai3="28,2,34,100,39,83,67,130,76,43,65,107,22"/><U1/><E126/><V97/><F108/><W48/><G2/><T70/><D31/><U99/><E40/><V133/><F133/><W24/><G39/><T90/><D10/><U109/><E36/><V18/><F120/><W25/><G107/><T14/><D14/><U110/><E33/><V8/><F66/><W128/><G100/><T13/><D13/><U134/><E53/><V47/><F9/><W38/><G38/><T62/><D3/><U77/><E134/><V37/><F113/><W6/><G6/><T129/><D72/><U75/><E75/><V73/><F73/><N who="3" m="43407" /><G48/><T69/><D114/><U21/><E4/><V101/><F0/><W42/><G65/><T35/><D35/><U58/><E58/><V106/><F106/><W102/><G102/><T85/><REACH who="0" step="1"/><D104/><REACH who="0" ten="225,235,255,265" step="2"/><U11/><E11/><V103/><F8/><W111/><G111/><N who="1" m="42506" /><E1/><V46/><F15/><W52/><G34/><T19/><D19/><U41/><E21/><V61/><F18/><W112/><G112/><T135/><D135/><U5/><E5/><V117/><F17/><W132/><G132/><T54/><AGARI ba="1,2" hai="54,56,62,69,70,71,84,85,87,90,95,98,129,131" machi="54" ten="40,8000,1" yaku="1,1,0,1,52,2,53,0" doraHai="125" doraHaiUra="12" who="0" fromWho="0" sc="225,103,235,-41,255,-21,265,-21" /><INIT seed="2,0,0,1,5,2" ten="328,194,234,244" oya="2" hai0="64,129,108,111,127,43,26,28,8,125,14,81,93" hai1="49,47,53,57,22,97,117,130,12,134,30,61,51" hai2="88,27,10,124,63,38,133,36,68,73,41,45,48" hai3="95,120,33,15,55,123,9,98,18,72,94,110,107"/><V29/><F133/><W3/><G3/><T0/><D64/><U69/><E134/><V116/><F124/><W105/><G72/><T59/><D59/><U40/><E130/><V25/><F116/><W132/><G33/><T74/><D43/><U66/><E117/><V11/><F73/><W90/><G132/><T84/><D93/><U46/><E97/><V85/><F27/><W104/><G110/><N who="0" m="42027" /><D74/><U101/><E101/><V102/><F102/><W62/><G94/><T17/><D0/><U37/><E12/><V50/><F68/><W21/><G9/><N who="2" m="3081" /><F63/><W135/><G135/><T34/><D129/><U52/><E22/><N who="2" m="15543" /><F38/><W56/><AGARI ba="0,0" hai="15,18,21,55,56,62,90,95,98,104,105,107,120,123" machi="56" ten="40,1500,0" yaku="0,1" doraHai="2" who="3" fromWho="3" sc="328,-4,194,-4,234,-7,244,15" /><INIT seed="3,0,0,4,1,130" ten="324,190,227,259" oya="3" hai0="4,45,32,51,50,13,100,59,49,134,24,30,65" hai1="117,123,131,34,25,111,48,110,37,21,42,126,2" hai2="14,47,104,76,63,103,22,87,56,61,7,95,109" hai3="41,55,43,83,118,46,114,81,113,91,92,44,120"/><W121/><G92/><T54/><D100/><U94/><E37/><V36/><F109/><W89/><REACH who="3" step="1"/><G55/><REACH who="3" ten="324,190,227,249" step="2"/><T85/><D54/><U40/><E117/><AGARI ba="0,1" hai="41,43,44,46,81,83,89,91,113,114,117,118,120,121" machi="117" ten="25,9600,0" yaku="1,1,2,1,22,2,53,0" doraHai="130" doraHaiUra="11" who="3" fromWho="1" sc="324,0,190,-96,227,0,249,106" owari="324,12.0,94,-41.0,227,-17.0,355,46.0" /></mjloggm>