<mjloggm ver="2.3"><GO type="97" lobby="0"/><UN n0="%72%79%6F%72%79%6F%72" n1="%4D%61%6C%65%2D%32" n2="%E3%81%BF%E3%81%A3%E3%81%9F%E3%82%93%EF%BC%81%EF%BC%81%EF%BC%81" n3="%E3%82%A6%E3%83%AB%E3%83%88%E3%83%A9%E7%AB%8B%E7%9B%B4" dan="13,14,13,15" rate="1889.62,2011.38,1816.63,1988.19" sx="M,M,M,M"/><TAIKYOKU oya="0"/><INIT seed="0,0,0,1,5,49" ten="250,250,250,250" oya="0" hai0="42,124,33,86,115,48,95,94,34,23,61,41,35" hai1="72,25,110,80,123,113,37,53,101,100,8,134,26" hai2="104,32,98,120,78,105,30,24,17,36,71,129,92" hai3="59,11,91,16,88,55,13,9,83,2,108,87,128"/><T28/><D115/><U44/><E123/><V117/><F78/><N who="3" m="46583" /><G2/><T47/><D124/><U130/><E113/><V70/><F17/><W67/><G128/><T60/><D86/><U126/><E126/><V118/><F92/><W0/><G0/><T19/><D28/><U122/><E122/><V20/><F20/><N who="3" m="11279" /><G67/><T43/><D48/><U66/><E66/><V65/><F129/><W109/><G108/><T4/><D47/><U73/><E130/><V133/><F133/><W79/><G79/><T111/><D4/><U51/><E134/><V50/><F50/><N who="3" m="31223" /><G109/><T58/><D111/><U64/><E110/><V85/><F120/><W107/><G107/><T76/><D76/><U89/><E64/><V38/><F85/><W69/><G69/><T68/><D68/><U121/><E121/><V62/><F71/><W90/><AGARI ba="0,0" hai="9,11,88,90,91" m="31223,11279,46583" machi="90" ten="30,7900,0" yaku="8,1,52,1,54,2" doraHai="49" who="3" fromWho="3" sc="250,-39,250,-20,250,-20,250,79" /><INIT seed="1,0,0,2,1,70" ten="211,230,230,329" oya="1" hai0="73,36,96,5,78,20,134,71,18,19,127,58,113" hai1="85,117,0,120,48,41,121,93,98,60,10,79,82" hai2="107,128,27,3,92,21,43,32,24,74,99,6,116" hai3="16,4,54,9,84,42,76,30,45,111,124,131,110"/><U97/><E117/><V91/><F116/><W114/><G30/><T133/><D71/><U25/><E98/><V38/><F128/><W57/><G114/><T46/><D113/><U125/><E125/><V1/><F107/><W102/><G102/><T87/><D127/><U123/><E60/><V40/><F74/><W103/><G103/><T61/><D5/><U75/><E25/><V65/><F65/><W126/><G131/><T62/><D73/><U104/><E104/><V122/><F122/><W52/><G124/><T100/><D78/><U80/><E0/><V31/><F40/><W68/><G68/><T49/><D87/><U14/><E75/><V66/><F66/><W2/><G126/><T69/><D69/><U12/><E80/><V23/><F32/><W72/><G84/><T34/><D34/><U44/><REACH who="1" step="1"/><E10/><REACH who="1" ten="211,220,230,329" step="2"/><V119/><F119/><W132/><G72/><T39/><D62/><U59/><E59/><V11/><F1/><W105/><G105/><N who="0" m="63623" /><D61/><U15/><E15/><V53/><F27/><W94/><G9/><T33/><D58/><U88/><AGARI ba="0,1" hai="12,14,41,44,48,79,82,85,88,93,97,120,121,123" machi="88" ten="30,6000,0" yaku="1,1,0,1,54,1,53,0" doraHai="70" doraHaiUra="108" who="1" fromWho="1" sc="211,-20,220,70,230,-20,329,-20" /><INIT seed="1,1,0,0,2,122" ten="191,290,210,309" oya="1" hai0="7,66,47,2,34,89,78,20,50,56,91,46,69" hai1="135,98,103,73,74,82,68,110,113,22,70,132,6" hai2="23,9,112,14,39,92,5,30,111,44,131,25,124" hai3="94,85,16,77,36,75,41,109,128,0,88,59,64"/><U28/><E113/><V45/><F131/><W106/><G0/><T100/><D34/><U134/><E6/><V19/><F124/><W105/><G41/><T60/><D78/><U120/><E120/><V101/><F112/><W126/><G36/><T119/><D100/><U67/><E67/><V24/><F39/><W38/><G38/><T72/><D72/><U97/><E82/><V90/><F101/><W27/><G59/><T52/><D119/><U93/><E97/><V37/><F37/><W33/><G16/><T1/><D1/><U4/><E4/><V35/><F111/><W53/><G27/><T71/><D7/><U11/><E11/><V61/><REACH who="2" step="1"/><F61/><REACH who="2" ten="191,290,200,309" step="2"/><W83/><G109/><T102/><D102/><U114/><E110/><V21/><F21/><W125/><G128/><T79/><D20/><U17/><E114/><V18/><F18/><W58/><G33/><T26/><D60/><U57/><E28/><V108/><F108/><W104/><G64/><T115/><D66/><U133/><E22/><V12/><F12/><W48/><AGARI ba="1,1" hai="48,53,58,75,77,83,85,88,94,104,105,106,125,126" machi="48" ten="40,2700,0" yaku="0,1,54,1" doraHai="122" who="3" fromWho="3" sc="191,-8,290,-14,200,-8,309,40" /><INIT seed="2,0,0,4,2,0" ten="183,276,192,349" oya="2" hai0="53,6,30,106,120,33,114,44,19,81,72,115,51" hai1="29,79,107,94,23,16,78,132,68,123,84,56,92" hai2="27,60,131,42,37,5,46,9,22,31,130,49,4" hai3="104,71,15,93,38,91,36,124,118,17,55,76,28"/><V11/><F60/><W59/><G104/><T66/><D120/><U45/><E107/><V25/><F37/><W61/><G71/><T39/><D106/><U65/><E68/><V111/><F111/><W125/><G76/><T90/><D66/><U57/><E123/><V122/><F122/><W74/><G28/><T101/><D101/><U113/><E113/><V14/><REACH who="2" step="1"/><F27/><REACH who="2" ten="183,276,182,349" step="2"/><W83/><G118/><T112/><D39/><U7/><E132/><V52/><F52/><W21/><G38/><T34/><D112/><U102/><E65/><V117/><F117/><W82/><G36/><T109/><D53/><U67/><E67/><V119/><F119/><W105/><G61/><T12/><D109/><U96/><E45/><V127/><F127/><W1/><G55/><T8/><D44/><U2/><E56/><V18/><F18/><W13/><G59/><T89/><D19/><U126/><E126/><V58/><F58/><W77/><G124/><T99/><D114/><U63/><E57/><V87/><F87/><W48/><G125/><T129/><D115/><U35/><E63/><V85/><F85/><W41/><G48/><T86/><D51/><U3/><E84/><V70/><F70/><W75/><G75/><T108/><D72/><U128/><E16/><V40/><F40/><W100/><G41/><T20/><D108/><U95/><E96/><V80/><F80/><W133/><G83/><T135/><D135/><U26/><E26/><V121/><F121/><W116/><G82/><T54/><D54/><U64/><E64/><V110/><F110/><W10/><G133/><RYUUKYOKU ba="0,1" sc="183,-10,276,-10,182,30,349,-10" hai2="4,5,9,11,14,22,25,31,42,46,49,130,131" /><INIT seed="2,1,1,0,0,9" ten="173,266,212,339" oya="2" hai0="1,0,86,2,92,22,75,88,131,3,26,33,63" hai1="94,43,14,13,32,114,76,15,30,8,40,89,18" hai2="31,133,41,24,111,47,39,99,87,110,38,134,11" hai3="96,52,48,68,124,62,50,90,128,112,122,71,102"/><V123/><F123/><W97/><G122/><T53/><D75/><U12/><E114/><V116/><F116/><W7/><G62/><T74/><D74/><U4/><E4/><V6/><F99/><W19/><G7/><T27/><D131/><U104/><E104/><V60/><F60/><W106/><G50/><T69/><D33/><U103/><E103/><V107/><F107/><W10/><G124/><T36/><D36/><U73/><E73/><V49/><F87/><W21/><G10/><T57/><N who="0" m="512" /><DORA hai="64" /><T121/><D121/><U42/><E32/><V46/><F6/><W117/><G128/><T109/><D109/><N who="2" m="41482" /><F11/><W129/><G129/><T81/><D69/><U127/><E127/><V25/><F31/><W34/><G34/><T91/><REACH who="0" step="1"/><D22/><REACH who="0" ten="163,266,212,339" step="2"/><U5/><E5/><V113/><F113/><W35/><G35/><T125/><D125/><U44/><E8/><V105/><F38/><W56/><G112/><T29/><D29/><U70/><E70/><V78/><F105/><W132/><G71/><T20/><D20/><U67/><E30/><V80/><F134/><W55/><G132/><T45/><D45/><U120/><E44/><V77/><F133/><W135/><G135/><T66/><D66/><U79/><E120/><V17/><F17/><W119/><G19/><T59/><D59/><U82/><E67/><V115/><F115/><W61/><G106/><T93/><D93/><U51/><E94/><V95/><F95/><W126/><G126/><T130/><D130/><U83/><E18/><V118/><F118/><W108/><G119/><T23/><D23/><RYUUKYOKU ba="1,2" sc="163,30,266,-10,212,-10,339,-10" hai0="26,27,53,57,63,81,86,88,91,92" /><INIT seed="3,2,2,0,1,124" ten="193,256,202,329" oya="3" hai0="40,73,67,89,50,83,101,51,118,100,72,53,3" hai1="47,96,133,23,90,9,77,22,84,105,103,104,8" hai2="88,46,68,64,80,128,37,25,70,28,122,131,26" hai3="55,20,125,57,15,86,82,44,30,117,99,10,116"/><W92/><G44/><T85/><D3/><U107/><E133/><V97/><F122/><W113/><G125/><T21/><D118/><U94/><E47/><V134/><F134/><W33/><G33/><T87/><D67/><U126/><E126/><V41/><F64/><W135/><G135/><T93/><D73/><U18/><E23/><V52/><F52/><W59/><G113/><T49/><D72/><U132/><E77/><V71/><F28/><W1/><G1/><T6/><D6/><U45/><E45/><V91/><F91/><W16/><G55/><T0/><D0/><U61/><E61/><V29/><F29/><W31/><G31/><T48/><D40/><U81/><REACH who="1" step="1"/><E132/><REACH who="1" ten="193,246,202,329" step="2"/><V60/><F60/><W102/><G117/><T74/><D21/><U32/><E32/><V129/><F80/><W17/><G116/><T121/><D121/><U127/><E127/><V34/><F34/><W76/><G30/><T69/><D69/><U111/><E111/><V5/><F5/><W106/><G106/><T114/><D114/><U66/><E66/><V65/><F65/><W63/><G63/><T4/><D4/><U75/><E75/><V119/><F119/><W12/><AGARI ba="2,3" hai="10,12,15,16,17,20,57,59,76,82,86,92,99,102" machi="12" ten="20,7800,0" yaku="0,1,7,1,8,1,54,1" doraHai="124" who="3" fromWho="3" sc="193,-28,246,-28,202,-28,329,114" owari="165,-33.0,218,2.0,174,-23.0,443,54.0" /></mjloggm>