<mjloggm ver="2.3"><GO type="169" lobby="0"/><UN n0="%48%6F%6E%65%6B%6B%6F%5F" n1="%E3%82%A6%E3%83%AB%E3%83%88%E3%83%A9%E7%AB%8B%E7%9B%B4" n2="%E6%B0%B4%E5%86%85%E9%AD%9A%E6%9D%A5%E9%A6%99" n3="%E3%82%86%E3%81%86%E3%81%9F%E3%82%93" dan="18,17,16,16" rate="2244.42,2061.52,2034.49,2085.08" sx="F,M,F,M"/><TAIKYOKU oya="0"/><INIT seed="0,0,0,4,3,24" ten="250,250,250,250" oya="0" hai0="91,45,77,125,49,102,52,44,79,73,50,112,62" hai1="6,95,122,89,2,132,67,8,59,21,124,68,117" hai2="64,94,10,48,127,41,116,85,90,38,66,81,42" hai3="109,17,93,78,35,47,88,19,9,82,57,110,118"/><T61/><D112/><U76/><E68/><V87/><F127/><W3/><G35/><T101/><D125/><U114/><E132/><V113/><F113/><W103/><G103/><T11/><D11/><U86/><E122/><V43/><F38/><W133/><G133/><T16/><D91/><U115/><E117/><V20/><F116/><W34/><G34/><T120/><D120/><U56/><E124/><V121/><F121/><W97/><G118/><T40/><D73/><U65/><E76/><V36/><F36/><W84/><G57/><T60/><REACH who="0" step="1"/><D16/><REACH who="0" ten="240,250,250,250" step="2"/><U104/><E89/><V22/><F10/><W15/><G19/><T126/><D126/><U39/><E8/><V14/><F14/><W28/><G3/><T12/><D12/><U7/><E2/><V25/><F25/><W53/><G110/><T51/><D51/><U129/><E39/><V134/><F134/><W69/><G109/><T105/><D105/><U55/><E104/><V26/><F48/><N who="3" m="28831" /><G69/><T31/><D31/><AGARI ba="0,1" hai="9,15,17,28,31,78,82,84,88,93,97" m="28831" machi="31" ten="30,7700,0" yaku="8,1,52,2,54,1" doraHai="24" who="3" fromWho="0" sc="240,-77,250,0,250,0,250,87" /><INIT seed="1,0,0,4,5,114" ten="163,250,250,337" oya="1" hai0="113,39,19,14,86,110,64,40,134,57,63,109,0" hai1="74,70,93,78,42,85,28,26,120,8,5,95,54" hai2="89,58,2,38,59,56,80,4,1,118,108,21,6" hai3="22,9,44,24,81,103,100,69,49,107,104,47,87"/><U33/><E74/><V98/><F38/><W96/><G69/><T121/><D113/><U60/><E120/><V115/><F115/><W34/><G34/><T62/><D0/><U29/><E29/><V46/><F108/><N who="0" m="41578" /><D134/><U135/><E42/><V32/><F32/><W55/><G9/><N who="0" m="6607" /><D121/><U97/><E135/><V79/><F46/><W119/><G47/><N who="0" m="23967" /><D86/><U20/><E33/><V91/><F1/><W53/><G53/><T116/><D63/><U67/><E54/><V72/><F2/><W123/><G123/><T45/><D45/><U132/><E132/><V51/><F51/><W30/><G103/><T127/><D127/><U90/><E78/><V7/><F98/><W122/><G122/><T77/><D77/><U43/><E43/><V105/><F79/><W37/><G37/><T131/><D131/><U52/><E97/><V124/><F124/><W73/><G73/><T83/><D83/><U23/><E85/><V117/><F72/><W68/><G68/><T133/><D133/><U128/><E128/><V94/><F80/><W76/><REACH who="3" step="1"/><G107/><REACH who="3" ten="163,250,250,327" step="2"/><T82/><D82/><U126/><E70/><V65/><F105/><W18/><G18/><T84/><D84/><U88/><E126/><V111/><F111/><W106/><G106/><T66/><D66/><U12/><E67/><V112/><F65/><W102/><G102/><T75/><D75/><U25/><E8/><V11/><F11/><W61/><G61/><T130/><D130/><U15/><E60/><V50/><F112/><W17/><G17/><T125/><D125/><U36/><E36/><V99/><F50/><RYUUKYOKU ba="0,1" sc="163,15,250,-15,250,-15,327,15" hai0="57,62,64,116" hai3="22,24,30,44,49,55,76,81,87,96,100,104,119" /><INIT seed="2,1,1,2,0,68" ten="178,235,235,342" oya="2" hai0="131,0,83,48,45,3,93,63,135,37,120,122,59" hai1="96,26,98,124,13,21,88,19,9,99,86,23,49" hai2="92,18,12,85,11,78,127,40,114,80,58,112,128" hai3="97,90,81,8,110,123,60,16,34,119,30,57,33"/><V14/><F128/><W52/><G123/><T17/><D131/><U51/><E124/><V36/><F127/><W129/><G119/><T35/><D35/><U73/><E73/><V113/><F58/><W89/><G110/><T109/><D109/><U54/><E23/><V43/><F92/><N who="3" m="56463" /><G33/><T64/><D135/><U111/><E111/><V126/><F126/><W29/><G34/><T121/><D37/><U24/><E24/><V38/><REACH who="2" step="1"/><F14/><REACH who="2" ten="178,235,225,342" step="2"/><N who="3" m="7239" /><G129/><T25/><D120/><U22/><E13/><V100/><F100/><W71/><G71/><T132/><D121/><U134/><E134/><V65/><F65/><W27/><G27/><T130/><D122/><U15/><E26/><V20/><F20/><W77/><G77/><T5/><D130/><U32/><E32/><V82/><F82/><W1/><G1/><T10/><D132/><U104/><E22/><V61/><F61/><W53/><G60/><T116/><D83/><U42/><E21/><V39/><AGARI ba="1,2" hai="11,12,18,36,38,39,40,43,78,80,85,112,113,114" machi="39" ten="40,24000,3" yaku="1,1,0,1,52,3,53,3" doraHai="68" doraHaiUra="69" who="2" fromWho="2" sc="178,-81,235,-81,225,263,342,-81" /><INIT seed="2,2,0,0,3,40" ten="97,154,488,261" oya="2" hai0="45,69,39,25,14,107,42,58,19,134,66,93,79" hai1="119,67,70,59,46,3,128,60,54,33,18,13,89" hai2="6,82,117,30,28,72,127,122,97,1,100,85,9" hai3="99,115,15,21,91,106,101,48,90,73,47,110,111"/><V4/><F122/><W78/><G115/><T132/><D107/><U41/><E33/><V74/><F117/><W32/><G32/><T36/><D69/><U71/><E3/><V38/><F127/><W57/><G57/><T63/><D79/><U135/><E119/><V37/><F6/><W103/><G103/><T26/><D93/><U56/><E89/><V2/><F2/><W53/><G78/><T94/><D94/><U24/><E24/><V43/><F74/><W27/><G15/><T22/><REACH who="0" step="1"/><D39/><REACH who="0" ten="87,154,488,261" step="2"/><U62/><E128/><V49/><F38/><W105/><G105/><T76/><D76/><U0/><E135/><AGARI ba="2,1" hai="14,19,22,25,26,36,42,45,58,63,66,132,134,135" machi="135" ten="40,12000,2" yaku="1,1,20,1,52,1,53,3" doraHai="40" doraHaiUra="130" who="0" fromWho="1" sc="87,136,154,-126,488,0,261,0" /><INIT seed="3,0,0,4,1,35" ten="223,28,488,261" oya="3" hai0="96,109,51,82,85,46,131,102,98,105,117,110,9" hai1="73,118,103,90,106,125,47,44,48,0,61,100,15" hai2="77,72,70,126,65,68,75,120,107,124,89,69,37" hai3="97,99,2,87,130,27,32,41,42,113,14,5,112"/><W55/><G130/><T50/><D117/><U81/><E0/><V29/><F120/><W59/><G14/><T128/><D96/><U108/><E118/><V8/><F37/><W33/><G87/><T26/><D26/><U30/><E125/><N who="2" m="48235" /><F107/><W60/><G27/><T57/><D57/><U66/><E108/><N who="0" m="41577" /><D9/><U28/><E47/><V45/><F45/><W88/><G5/><T52/><D50/><U34/><E34/><V135/><F29/><W119/><G59/><T115/><D115/><U123/><E123/><V121/><F8/><W17/><G17/><T80/><D80/><U64/><E106/><V84/><F65/><N who="1" m="25193" /><E61/><V3/><F69/><W40/><G60/><T78/><AGARI ba="0,0" hai="46,51,52,78,82,85,98,102,105,128,131" m="41577" machi="78" ten="30,2000,0" yaku="14,1,54,1" doraHai="35" who="0" fromWho="0" sc="223,20,28,-5,488,-5,261,-10" /><INIT seed="4,0,0,2,2,130" ten="243,23,483,251" oya="0" hai0="45,116,107,66,62,5,91,96,98,79,27,125,55" hai1="10,127,72,95,89,85,82,68,80,135,123,126,52" hai2="54,94,44,104,24,119,12,22,65,38,46,87,53" hai3="57,120,56,69,6,134,129,26,39,19,16,64,103"/><T48/><D116/><U81/><E68/><V7/><F104/><W58/><G39/><T109/><D125/><N who="1" m="47627" /><E10/><N who="2" m="4191" /><F38/><W4/><G129/><T97/><D79/><N who="1" m="44135" /><E52/><N who="2" m="20075" /><F65/><W32/><G103/><T40/><D109/><U29/><E29/><N who="2" m="17559" /><F119/><W42/><G42/><T61/><D107/><U131/><E123/><V101/><F87/><W41/><G41/><T102/><D102/><U60/><E60/><V117/><F117/><W67/><G120/><T3/><D91/><U128/><E128/><V133/><F133/><W113/><G134/><T114/><D114/><U71/><E71/><V121/><F121/><W15/><G113/><T23/><D66/><U37/><E37/><V93/><F101/><W13/><G69/><T25/><D25/><U124/><N who="1" m="47635" /><U74/><DORA hai="36" /><E131/><V115/><F115/><W83/><G67/><T9/><REACH who="0" step="1"/><D55/><REACH who="0" ten="233,23,483,251" step="2"/><U31/><E74/><V118/><F118/><W28/><G64/><T90/><D90/><U35/><E135/><V86/><F94/><W75/><G26/><AGARI ba="0,1" hai="26,31,35,81,82,85,89,95" m="44135,47635" machi="26" ten="40,1300,0" yaku="18,1" doraHai="130,36" who="1" fromWho="3" sc="233,0,23,23,483,0,251,-13" /><INIT seed="5,0,0,0,3,40" ten="233,46,483,238" oya="1" hai0="1,122,19,73,56,105,91,132,9,47,102,10,48" hai1="20,117,33,95,83,135,94,21,46,51,18,14,39" hai2="49,0,22,90,11,77,54,43,106,76,41,23,68" hai3="57,74,52,26,13,129,96,116,88,31,126,75,82"/><U134/><E33/><V42/><F106/><W87/><G116/><T27/><D73/><U6/><E6/><V44/><F68/><W84/><G129/><T98/><D132/><N who="1" m="50731" /><E39/><V67/><F67/><W92/><G126/><T28/><D122/><U72/><E117/><V8/><F90/><W119/><G13/><T99/><D56/><U25/><E83/><V36/><F36/><W93/><G119/><T89/><D98/><U127/><E72/><V114/><F114/><W30/><G87/><T79/><D79/><N who="2" m="30282" /><F0/><W3/><G3/><T128/><D128/><U61/><E127/><V107/><F107/><W45/><G75/><T63/><D63/><U53/><E61/><V86/><F86/><W2/><G74/><T60/><D60/><U64/><E64/><V35/><F35/><W133/><G2/><T12/><D1/><U111/><E111/><V78/><F78/><N who="3" m="46167" /><G133/><T130/><D130/><U59/><E59/><V65/><F65/><W16/><G93/><T55/><REACH who="0" step="1"/><D9/><AGARI ba="0,0" hai="8,9,11,22,23,41,42,43,44,49,54" m="30282" machi="9" ten="30,2000,0" yaku="8,1,52,1" doraHai="40" who="2" fromWho="0" sc="233,-20,46,0,483,20,238,0" /><INIT seed="6,0,0,0,0,10" ten="213,46,503,238" oya="2" hai0="131,112,133,130,68,64,35,22,113,89,125,91,2" hai1="70,32,19,56,85,67,24,42,57,15,29,109,11" hai2="100,55,36,101,47,94,127,65,12,135,34,53,83" hai3="16,43,54,78,37,41,128,14,126,60,27,102,87"/><V44/><F34/><W124/><G128/><N who="0" m="49195" /><D35/><U93/><E109/><V33/><F33/><W4/><G102/><T50/><D2/><U26/><E42/><V39/><F94/><W3/><G27/><T86/><D22/><U114/><E114/><N who="0" m="44137" /><D125/><N who="3" m="48233" /><G37/><T88/><D133/><U117/><E117/><V104/><F135/><W123/><G123/><T49/><D64/><U80/><E26/><V72/><F65/><W66/><G54/><T20/><D20/><U48/><E48/><N who="0" m="18537" /><D68/><U90/><REACH who="1" step="1"/><E80/><AGARI ba="0,0" hai="80,86,88,89,91" m="18537,44137,49195" machi="80" ten="30,3900,0" yaku="19,1,15,1,54,1" doraHai="10" who="0" fromWho="1" sc="213,39,46,-39,503,0,238,0" /><INIT seed="7,0,0,1,0,111" ten="252,7,503,238" oya="3" hai0="125,127,71,1,90,42,69,65,19,68,16,55,23" hai1="115,97,132,24,121,34,54,62,74,9,36,50,53" hai2="117,66,107,98,104,14,103,72,133,29,10,12,17" hai3="26,114,100,110,32,44,25,40,58,134,63,4,101"/><W105/><G110/><T0/><D42/><U120/><E97/><V135/><F72/><W118/><G118/><T3/><D65/><U88/><E88/><V8/><F117/><W35/><G134/><T85/><D55/><U84/><E84/><V79/><F79/><W130/><G130/><T11/><D11/><U76/><E76/><V64/><F29/><W81/><G114/><T129/><D129/><U122/><E24/><N who="3" m="9322" /><G105/><T126/><D23/><U83/><E83/><AGARI ba="0,0" hai="0,1,3,16,19,68,69,71,83,85,90,125,126,127" machi="83" ten="60,8000,1" yaku="29,2,18,1,54,1" doraHai="111" who="0" fromWho="1" sc="252,80,7,-80,503,0,238,0" owari="332,13.0,-73,-57.0,503,60.0,238,-16.0" /></mjloggm>