<mjloggm ver="2.3"><GO type="41" lobby="0"/><UN n0="%E5%B0%91%E7%89%8C%E7%AB%8B%E7%9B%B4" n1="%E3%82%A6%E3%83%AB%E3%83%88%E3%83%A9%E7%AB%8B%E7%9B%B4" n2="%4D%75%73%63%61" n3="%4D%41%53%41%54" dan="14,16,14,13" rate="1864.55,2065.27,1910.08,1909.43" sx="M,M,M,M"/><TAIKYOKU oya="0"/><INIT seed="0,0,0,1,0,28" ten="250,250,250,250" oya="0" hai0="6,104,59,112,58,114,39,130,19,127,109,81,7" hai1="88,36,99,126,27,129,38,117,14,21,45,44,118" hai2="76,1,133,94,4,49,77,67,107,134,75,50,55" hai3="43,86,32,8,90,29,78,108,61,0,12,13,11"/><T26/><D104/><U18/><E126/><V52/><F107/><W9/><G108/><T125/><D39/><U65/><E129/><V119/><F75/><W33/><G78/><T79/><D79/><U93/><E65/><V73/><F73/><W84/><G43/><T25/><D81/><U74/><E74/><V103/><F67/><W98/><G61/><T70/><D70/><U24/><E38/><V34/><F1/><W96/><G29/><T53/><D53/><U62/><E62/><V71/><F4/><N who="0" m="1578" /><D130/><U115/><E115/><N who="0" m="44073" /><D109/><U113/><E113/><V131/><F71/><W106/><G106/><T69/><D69/><U17/><E36/><V123/><F131/><W22/><G0/><T82/><D82/><U111/><E111/><V41/><F41/><W122/><G22/><T60/><D60/><U95/><E95/><V89/><F94/><W2/><G90/><T124/><D19/><U87/><E18/><V72/><F89/><W47/><G47/><T68/><D68/><U42/><E45/><V128/><F72/><W101/><G101/><T100/><D100/><U110/><E110/><V57/><F103/><W85/><G2/><T91/><D91/><U120/><E44/><V83/><F128/><W40/><G40/><T23/><D23/><U48/><E42/><V46/><F83/><W16/><G16/><T80/><D80/><U63/><E63/><V105/><F105/><W37/><G37/><T92/><D92/><U20/><E93/><V30/><F77/><W15/><G122/><T121/><D121/><U56/><E120/><V102/><F123/><RYUUKYOKU ba="0,0" sc="250,15,250,-15,250,-15,250,15" hai0="25,26,58,59,124,125,127" hai3="8,9,11,12,13,15,32,33,84,85,86,96,98" /><INIT seed="0,1,0,3,3,29" ten="265,235,235,265" oya="0" hai0="40,81,69,60,56,109,105,133,17,16,90,73,104" hai1="110,87,14,122,11,119,46,130,95,30,65,98,107" hai2="79,1,51,113,33,132,39,52,135,21,72,64,43" hai3="114,61,58,127,118,91,80,76,55,94,96,115,63"/><T129/><D69/><U44/><E119/><V12/><F1/><W97/><G118/><T13/><D40/><U101/><E122/><V18/><F113/><W99/><G127/><T70/><D70/><U53/><E130/><V100/><F64/><W48/><G115/><T89/><D129/><U10/><E110/><V27/><F100/><W131/><G131/><T86/><D109/><U85/><E65/><V67/><F67/><W126/><G126/><T25/><D73/><U26/><E11/><V23/><F39/><W24/><G114/><T92/><D133/><U71/><E71/><V124/><F43/><W38/><G38/><T3/><D25/><U15/><E15/><V103/><F103/><W9/><G9/><T36/><D36/><U47/><E53/><V5/><F124/><W108/><G108/><T32/><D17/><U6/><REACH who="1" step="1"/><E107/><REACH who="1" ten="265,225,235,265" step="2"/><V20/><F132/><W78/><G24/><T82/><D3/><U106/><E106/><V59/><F135/><W112/><G112/><T125/><D125/><U49/><E49/><V34/><F12/><W45/><G61/><T28/><D105/><U54/><E54/><V35/><REACH who="2" step="1"/><F5/><REACH who="2" ten="265,225,225,265" step="2"/><W128/><G128/><T42/><D42/><U8/><E8/><V75/><F75/><W41/><G78/><T7/><D7/><U62/><E62/><V57/><F57/><W50/><G63/><T117/><D56/><U31/><E31/><V84/><F84/><AGARI ba="1,2" hai="41,45,48,50,55,58,76,80,84,91,94,96,97,99" machi="84" ten="30,2000,0" yaku="7,1,8,1" doraHai="29" who="3" fromWho="2" sc="265,0,225,0,225,-23,265,43" /><INIT seed="1,0,0,5,5,4" ten="265,225,202,308" oya="1" hai0="48,2,21,53,62,56,96,38,91,59,23,34,115" hai1="92,18,83,10,45,6,101,99,40,129,111,14,8" hai2="52,84,63,44,131,60,42,97,22,55,61,133,54" hai3="7,19,47,106,35,113,85,127,28,41,71,126,50"/><U98/><E129/><V29/><F131/><W1/><G71/><T90/><D38/><U32/><E32/><V0/><F0/><W43/><G106/><T25/><D34/><U46/><E111/><V132/><F97/><W76/><G113/><T100/><D115/><U116/><E116/><V12/><F84/><W64/><G64/><T102/><D21/><U118/><E118/><V78/><F78/><W87/><G1/><T130/><D130/><U51/><E83/><V3/><F3/><W124/><G7/><T27/><D25/><U68/><E68/><V31/><F12/><W58/><G58/><T15/><D15/><N who="1" m="5527" /><E99/><V122/><F22/><W82/><G19/><N who="0" m="12799" /><D2/><U33/><E33/><V77/><F77/><W69/><G69/><T108/><D108/><U67/><E67/><V121/><F31/><W11/><G11/><T103/><D96/><U112/><E112/><V36/><REACH who="2" step="1"/><F29/><REACH who="2" ten="265,225,192,308" step="2"/><W120/><G120/><AGARI ba="0,1" hai="36,42,44,52,54,55,60,61,63,120,121,122,132,133" machi="120" ten="50,16000,3" yaku="1,1,2,1,34,3,54,1,53,3" doraHai="4" doraHaiUra="117" who="2" fromWho="3" sc="265,0,225,0,192,170,308,-160" /><INIT seed="2,0,0,4,5,17" ten="265,225,362,148" oya="2" hai0="11,125,58,130,42,132,121,21,45,112,74,47,61" hai1="123,54,78,92,69,30,90,13,84,129,109,79,71" hai2="99,67,100,73,3,86,94,37,96,83,10,97,51" hai3="85,127,62,25,29,57,128,49,6,14,22,113,34"/><V101/><F37/><W98/><G113/><T31/><D74/><U46/><E123/><V0/><F67/><W116/><G116/><T16/><D112/><U40/><E129/><V2/><F73/><W106/><G127/><T7/><D121/><U12/><E109/><V108/><F108/><W64/><G128/><T24/><D125/><U77/><E54/><V82/><F51/><W41/><G85/><T9/><D130/><U63/><E30/><V105/><F86/><W120/><G120/><T15/><D132/><U1/><E1/><V60/><F60/><W107/><G98/><T110/><D110/><U93/><E63/><V50/><F50/><W43/><G43/><T89/><D89/><U44/><E93/><V28/><F28/><W26/><G26/><T52/><D42/><U33/><E33/><V104/><F10/><W80/><G80/><T5/><D5/><U91/><E91/><AGARI ba="0,0" hai="0,2,3,82,83,91,94,96,97,99,100,101,104,105" machi="91" ten="40,2000,0" yaku="9,1" doraHai="17" who="2" fromWho="1" sc="265,0,225,-20,362,20,148,0" /><INIT seed="2,1,0,5,5,76" ten="265,205,382,148" oya="2" hai0="110,88,127,79,100,47,71,25,8,85,17,77,5" hai1="115,26,120,51,40,116,61,15,113,121,124,20,103" hai2="82,10,9,14,36,68,24,6,28,72,132,114,3" hai3="50,22,49,19,52,89,23,43,29,84,53,93,13"/><V67/><F114/><W83/><G29/><T133/><D71/><U128/><E61/><V99/><F132/><W60/><G23/><T33/><D133/><U69/><E51/><V2/><F99/><W91/><G60/><T63/><D47/><U73/><E40/><V105/><F105/><W126/><G126/><T44/><D44/><U7/><E103/><V48/><F67/><W86/><REACH who="3" step="1"/><G49/><REACH who="3" ten="265,205,382,138" step="2"/><T131/><D127/><U55/><E124/><V111/><F48/><W65/><G65/><T70/><D33/><U112/><E69/><V58/><F68/><W21/><G21/><T90/><D63/><U96/><E20/><V95/><F36/><W92/><G92/><T118/><D70/><U35/><E113/><V32/><F95/><W56/><G56/><T102/><D25/><U39/><E26/><V97/><F58/><W81/><G81/><T34/><D34/><U30/><E35/><V87/><F32/><W62/><G62/><T18/><D8/><U1/><E39/><V123/><F9/><W107/><G107/><T59/><D59/><U41/><E115/><V37/><F37/><W54/><G54/><T16/><D118/><U134/><E55/><V38/><F38/><W45/><AGARI ba="1,1" hai="13,19,22,43,45,50,52,53,83,84,86,89,91,93" machi="45" ten="30,8000,1" yaku="1,1,0,1,8,1,52,1,54,1,53,0" doraHai="76" doraHaiUra="0" who="3" fromWho="3" sc="265,-21,205,-21,382,-41,138,93" /><INIT seed="3,0,0,1,1,73" ten="244,184,341,231" oya="3" hai0="112,119,15,68,43,102,46,111,123,22,74,93,9" hai1="99,70,56,114,126,44,100,115,8,105,110,131,130" hai2="81,38,45,57,116,52,48,35,2,12,14,129,86" hai3="32,132,133,96,58,11,88,98,62,26,6,53,122"/><W76/><G122/><T85/><D68/><U77/><E70/><V23/><F116/><W42/><G42/><T13/><D119/><U84/><E8/><V106/><F35/><W90/><G26/><T80/><D123/><U41/><E56/><V17/><F2/><N who="3" m="471" /><G32/><T27/><D74/><U108/><E44/><V104/><F106/><W10/><G10/><T128/><D112/><N who="1" m="43051" /><E41/><V39/><F104/><W71/><G71/><T54/><D9/><U64/><E64/><V95/><F38/><W97/><G76/><T29/><D54/><U61/><E61/><V92/><F39/><W72/><G72/><T83/><D128/><N who="1" m="49195" /><E126/><V20/><F129/><W1/><G1/><T19/><D13/><U47/><E47/><V31/><F45/><W40/><G40/><T135/><D46/><U65/><E65/><V94/><F14/><W117/><G117/><T67/><D67/><U0/><E0/><V103/><F31/><W59/><G59/><T109/><D15/><U30/><E30/><V51/><F20/><W107/><G133/><T82/><D135/><U60/><E60/><V50/><REACH who="2" step="1"/><F103/><REACH who="2" ten="244,184,331,231" step="2"/><W101/><G132/><T21/><D102/><U63/><E63/><V4/><F4/><W24/><G24/><T91/><D29/><U118/><E118/><V7/><F7/><W5/><G5/><T49/><D22/><U134/><E134/><V55/><F55/><W3/><G107/><T34/><D34/><U25/><E25/><V36/><F36/><W89/><G101/><T18/><D19/><U120/><E120/><V33/><F33/><W16/><G3/><RYUUKYOKU ba="0,1" sc="244,0,184,0,331,0,231,0" hai0="18,21,27,43,49,80,82,83,85,91,93,109,111" hai1="77,84,99,100,105,108,110" hai2="12,17,23,48,50,51,52,57,81,86,92,94,95" hai3="16,53,58,62,88,89,90,96,97,98" /><INIT seed="3,1,1,4,5,0" ten="244,184,331,231" oya="3" hai0="34,82,96,84,65,25,30,12,61,37,32,101,11" hai1="18,39,47,3,86,40,59,27,60,16,26,108,127" hai2="107,99,14,36,10,31,66,97,81,48,2,88,130" hai3="8,52,42,129,51,19,71,103,128,69,24,49,111"/><W44/><G103/><T70/><D37/><U35/><E127/><V134/><F36/><W126/><G126/><T46/><D46/><U22/><E108/><V118/><F107/><W63/><G111/><T125/><D125/><U116/><E116/><V74/><F118/><W68/><G63/><T79/><D34/><U92/><E3/><V98/><F66/><W135/><G135/><T29/><D29/><U73/><E73/><V76/><F31/><W13/><REACH who="3" step="1"/><G24/><REACH who="3" ten="244,184,331,221" step="2"/><T43/><D101/><U5/><E27/><V54/><F134/><W109/><G109/><T78/><D96/><U56/><E60/><V28/><F98/><W105/><G105/><T132/><D132/><U17/><E35/><V94/><F97/><W33/><G33/><T91/><D43/><U104/><E104/><V7/><F28/><W83/><G83/><T95/><D82/><U64/><E26/><V93/><F93/><W4/><G4/><AGARI ba="1,2" hai="4,11,12,25,30,32,61,65,70,78,79,84,91,95" machi="4" ten="30,2000,0" yaku="7,1,52,1" doraHai="0" who="0" fromWho="3" sc="244,43,184,0,331,0,221,-23" /><INIT seed="4,0,0,2,0,22" ten="287,184,331,198" oya="0" hai0="112,83,113,11,69,8,35,116,123,78,19,97,131" hai1="102,63,56,28,85,61,4,100,55,90,82,67,38" hai2="58,30,96,7,32,53,108,92,122,5,26,54,6" hai3="49,16,118,94,60,71,73,13,101,119,120,12,75"/><T41/><D69/><U104/><E38/><V117/><F122/><W39/><G120/><T77/><D123/><U91/><E104/><V20/><F117/><W106/><G39/><T52/><D116/><U88/><E4/><V76/><F76/><W121/><G121/><T18/><D41/><U37/><E37/><V84/><F84/><W128/><G128/><T29/><D97/><U126/><E126/><V21/><F54/><W50/><G94/><T25/><D131/><U14/><E14/><V103/><REACH who="2" step="1"/><F108/><REACH who="2" ten="287,184,321,198" step="2"/><W0/><G119/><T40/><D52/><U47/><E85/><V48/><AGARI ba="0,1" hai="5,6,7,20,21,26,30,32,48,53,58,92,96,103" machi="48" ten="30,12000,2" yaku="1,1,2,1,0,1,52,1,53,3" doraHai="22" doraHaiUra="2" who="2" fromWho="2" sc="287,-60,184,-30,321,130,198,-30" /><INIT seed="5,0,0,1,1,29" ten="227,154,451,168" oya="1" hai0="41,23,99,82,65,21,27,78,125,32,88,45,47" hai1="87,26,81,131,11,56,102,2,64,9,46,60,129" hai2="10,16,6,24,96,4,115,103,35,18,59,13,7" hai3="86,12,106,128,55,14,71,77,40,132,110,31,69"/><U134/><E134/><V50/><F115/><W3/><G110/><T90/><D65/><U120/><E120/><V70/><F70/><W1/><G86/><T91/><D125/><U109/><E109/><V72/><F72/><W36/><G40/><T33/><D99/><U5/><E46/><N who="0" m="17417" /><D41/><U57/><E102/><V112/><F112/><W108/><G132/><T61/><D61/><U121/><E121/><V84/><F84/><W113/><G108/><T62/><D62/><U118/><E118/><V42/><F42/><W34/><G34/><N who="0" m="13419" /><D27/><U100/><E100/><V0/><F50/><W68/><G113/><T74/><D74/><U80/><E56/><V104/><F59/><W67/><G128/><T79/><D82/><U73/><E26/><V52/><F35/><W30/><G106/><T101/><D101/><U92/><E11/><V20/><F52/><W89/><G77/><AGARI ba="0,0" hai="21,23,77,78,79,88,90,91" m="13419,17417" machi="77" ten="40,12000,2" yaku="28,2,52,3,54,1" doraHai="29" who="0" fromWho="3" sc="227,120,154,0,451,0,168,-120" /><INIT seed="6,0,0,2,0,94" ten="347,154,451,48" oya="2" hai0="38,22,34,93,44,26,47,30,120,58,97,12,7" hai1="16,109,62,98,4,23,107,52,59,92,105,0,102" hai2="35,129,82,118,14,134,45,39,5,106,15,115,80" hai3="110,76,112,27,133,124,100,87,28,51,113,117,46"/><V9/><F118/><W29/><G100/><T24/><D120/><U65/><E109/><V116/><F116/><W132/><G87/><T78/><D78/><U63/><E0/><V88/><F106/><W53/><G76/><T69/><D69/><U49/><E4/><V84/><F80/><W43/><G117/><T36/><D36/><U11/><E11/><V72/><F72/><W89/><G89/><T13/><D38/><U66/><E63/><V17/><F35/><W61/><G61/><T131/><D131/><U99/><E66/><V31/><F129/><W37/><G110/><T111/><D58/><U122/><E122/><V25/><F39/><W18/><G18/><T90/><D111/><U70/><E99/><V40/><F40/><W10/><G10/><T57/><D57/><U68/><REACH who="1" step="1"/><E70/><REACH who="1" ten="347,144,451,48" step="2"/><V71/><F71/><W3/><G3/><T60/><D60/><U20/><E20/><V130/><F130/><W55/><G124/><T135/><D7/><U83/><E83/><V73/><F5/><W85/><G85/><T33/><D22/><U56/><E56/><V19/><F84/><W77/><G77/><T32/><D32/><U103/><E103/><V1/><F1/><W125/><G125/><T79/><D79/><U126/><E126/><V114/><F9/><W41/><G41/><T8/><D8/><U64/><E64/><V119/><F119/><W75/><G75/><T95/><BYE who="3" /><D33/><U54/><E54/><V101/><F73/><W67/><G67/><T96/><D34/><U121/><E121/><V108/><F101/><W21/><G21/><RYUUKYOKU ba="0,1" sc="347,-10,144,30,451,-10,48,-10" hai1="16,23,49,52,59,62,65,68,92,98,102,105,107" /><INIT seed="7,1,1,2,1,50" ten="337,174,441,38" oya="3" hai0="65,82,12,113,34,7,47,122,133,135,33,51,14" hai1="106,99,62,45,37,22,92,110,39,130,117,75,74" hai2="105,119,17,60,125,95,91,19,16,132,79,35,57" hai3="124,61,131,43,87,123,24,108,3,121,28,127,134"/><W103/><G103/><T126/><D65/><U38/><E45/><V76/><F105/><W27/><G27/><T129/><D82/><U40/><E40/><V98/><F119/><W78/><G78/><T94/><D94/><U6/><E110/><V36/><F36/><W109/><G109/><T13/><D51/><U41/><E41/><V1/><F1/><W23/><G23/><T11/><D47/><U67/><E117/><V31/><F132/><N who="0" m="50762" /><D122/><U90/><E130/><V69/><F69/><W114/><G114/><T58/><D58/><U48/><E48/><V54/><F125/><W128/><G128/><T4/><D129/><U29/><E6/><N who="0" m="2089" /><D126/><U44/><E44/><V118/><F118/><W0/><G0/><T70/><D70/><U2/><E2/><V32/><REACH who="2" step="1"/><F35/><REACH who="2" ten="337,174,431,38" step="2"/><N who="0" m="13322" /><D113/><U66/><E106/><V52/><F52/><W9/><G9/><AGARI ba="1,2" hai="9,11,12,13,14" m="13322,2089,50762" machi="9" ten="40,8000,1" yaku="28,2,20,1,34,2" doraHai="50" who="0" fromWho="3" sc="337,103,174,0,431,0,38,-83" owari="440,55.0,174,-23.0,431,23.0,-45,-55.0" /></mjloggm>