<mjloggm ver="2.3"><GO type="97" lobby="0"/><UN n0="%E8%90%83%E9%A6%99%E3%81%AE%E3%82%8F%E3%81%8B%E3%82%81%E9%85%92" n1="%E3%82%A6%E3%83%AB%E3%83%88%E3%83%A9%E7%AB%8B%E7%9B%B4" n2="%64%71%6E%32%30%31%31" n3="%70%6F%6E%6B%6F%6D%61%6E" dan="14,15,14,13" rate="1943.62,1981.78,1925.95,1865.07" sx="F,M,M,M"/><TAIKYOKU oya="0"/><INIT seed="0,0,0,1,1,56" ten="250,250,250,250" oya="0" hai0="64,23,116,44,24,112,83,37,15,47,113,38,35" hai1="119,13,51,103,11,134,81,69,82,29,63,42,10" hai2="91,21,127,22,74,89,96,0,76,124,28,59,55" hai3="118,94,125,43,104,8,53,101,62,122,6,54,121"/><T57/><D116/><U117/><E134/><V26/><F0/><W93/><G118/><T135/><D35/><U126/><E126/><N who="2" m="48171" /><F74/><W3/><G125/><T60/><D135/><U36/><E36/><V5/><F76/><W133/><G133/><T75/><D15/><U98/><E29/><V132/><F5/><W85/><G43/><T7/><D7/><U107/><E11/><V19/><F132/><W27/><G54/><T45/><D37/><U34/><E34/><V52/><F96/><W73/><G73/><T50/><D38/><U12/><E12/><N who="2" m="9447" /><F55/><W31/><G85/><T33/><D33/><U1/><E1/><V78/><F78/><W128/><G128/><T88/><D50/><AGARI ba="0,0" hai="22,26,28,50,52,59,89,91" m="9447,48171" machi="50" ten="30,2000,0" yaku="18,1,54,1" doraHai="56" who="2" fromWho="0" sc="250,-20,250,0,250,20,250,0" /><INIT seed="1,0,0,1,2,10" ten="230,250,270,250" oya="1" hai0="53,126,109,54,41,86,57,130,20,68,73,77,12" hai1="120,78,19,17,134,112,8,99,35,22,116,51,6" hai2="9,105,25,94,96,75,85,38,122,42,108,37,67" hai3="83,63,59,21,89,13,24,7,106,95,121,27,62"/><U2/><E120/><V100/><F75/><W31/><G121/><T119/><D119/><U40/><E116/><V47/><F122/><W26/><G106/><T133/><D73/><U71/><E71/><V34/><F67/><W48/><G83/><T16/><D68/><U44/><E112/><V45/><F108/><W69/><G69/><T79/><D109/><U60/><E35/><V113/><F113/><W118/><G118/><T50/><D126/><U61/><E134/><V66/><F66/><W92/><G48/><T129/><D133/><U58/><E78/><V81/><F9/><N who="3" m="4287" /><G62/><N who="0" m="36143" /><D41/><U30/><E99/><V123/><F123/><W5/><G5/><T82/><D129/><U103/><E103/><V127/><F127/><W56/><G56/><N who="0" m="32855" /><D130/><U18/><REACH who="1" step="1"/><E58/><REACH who="1" ten="230,240,270,250" step="2"/><V111/><F111/><W3/><G3/><T80/><D77/><U64/><E64/><V11/><F34/><W0/><G0/><T91/><D79/><U115/><E115/><V28/><F96/><N who="3" m="57359" /><G95/><AGARI ba="0,1" hai="12,16,20,80,82,86,91,95" m="32855,36143" machi="95" ten="30,7700,0" yaku="25,1,8,1,52,1,54,1" doraHai="10" who="0" fromWho="3" sc="230,87,240,0,270,0,250,-77" /><INIT seed="2,0,0,1,4,106" ten="317,240,270,173" oya="2" hai0="95,27,12,5,115,43,10,102,17,72,16,61,113" hai1="42,98,40,118,110,81,20,69,135,6,132,54,109" hai2="48,121,79,119,64,4,87,46,49,56,84,67,45" hai3="26,80,31,131,57,94,33,129,127,8,116,85,77"/><V124/><F119/><W101/><G116/><T36/><D72/><U123/><E118/><V65/><F124/><W117/><G117/><T86/><D61/><U91/><E6/><V1/><F121/><W41/><G127/><T29/><D36/><U52/><E69/><V63/><F4/><W122/><G122/><T19/><D43/><N who="1" m="16427" /><E20/><V93/><F1/><W126/><G126/><T47/><D47/><U38/><E38/><V107/><F107/><W68/><G68/><T25/><D102/><U18/><E18/><V11/><F11/><W28/><G41/><T0/><D86/><N who="1" m="50639" /><E98/><V39/><F39/><W128/><G8/><N who="0" m="6151" /><D95/><U103/><E103/><V34/><F34/><W15/><G15/><T70/><D70/><U114/><E114/><N who="0" m="43529" /><D27/><U71/><E71/><V104/><F104/><W73/><G57/><T24/><D24/><U3/><E3/><V100/><F46/><W55/><G55/><N who="1" m="21034" /><E123/><V21/><F21/><AGARI ba="0,0" hai="0,5,10,17,19,21,25,29" m="43529,6151" machi="21" ten="30,3900,0" yaku="34,2,54,1" doraHai="106" who="0" fromWho="2" sc="317,39,240,0,270,-39,173,0" /><INIT seed="3,0,0,1,4,65" ten="356,240,231,173" oya="3" hai0="5,39,11,88,43,17,57,96,104,115,101,23,0" hai1="90,1,55,91,32,61,51,94,67,16,130,107,122" hai2="37,66,47,77,108,10,70,126,13,110,3,85,79" hai3="71,123,46,86,97,9,54,109,117,81,52,33,131"/><W124/><G117/><T75/><D75/><U50/><E1/><V8/><F126/><W125/><G123/><T56/><D115/><U114/><E107/><V62/><F3/><W74/><G33/><T28/><D28/><U26/><E122/><V15/><F37/><W111/><G74/><T120/><D120/><U103/><E130/><V34/><F34/><W93/><G131/><T100/><D100/><U25/><E114/><V20/><F47/><W7/><G71/><T38/><D43/><U19/><E32/><V99/><F99/><W60/><G60/><T118/><D118/><U27/><E103/><V112/><F112/><W89/><G46/><T30/><D30/><U22/><E19/><V49/><F49/><N who="1" m="18441" /><E67/><V134/><F20/><W121/><G121/><T59/><D88/><N who="1" m="33835" /><E94/><V45/><F45/><W63/><G63/><T14/><AGARI ba="0,0" hai="0,5,11,14,17,23,38,39,56,57,59,96,101,104" machi="14" ten="30,1100,0" yaku="0,1" doraHai="65" who="0" fromWho="0" sc="356,11,240,-3,231,-3,173,-5" owari="367,46.0,237,4.0,228,-17.0,168,-33.0" /></mjloggm>