<mjloggm ver="2.3"><GO type="97" lobby="0"/><UN n0="%E6%9C%BD%E6%9C%A8%E7%99%BD%E6%A0%BD" n1="%73%75%70%65%72%5A%55%47" n2="%E3%82%A6%E3%83%AB%E3%83%88%E3%83%A9%E7%AB%8B%E7%9B%B4" n3="%E3%82%A2%E3%82%B7%E3%83%A5%E3%83%AA%E3%83%BC" dan="15,14,15,15" rate="1927.11,1896.22,1993.88,1980.82" sx="F,M,M,F"/><TAIKYOKU oya="0"/><INIT seed="0,0,0,1,0,79" ten="250,250,250,250" oya="0" hai0="119,0,32,67,111,99,44,19,16,122,47,92,130" hai1="85,104,84,5,109,45,30,31,108,93,116,127,46" hai2="94,62,20,3,29,125,73,117,91,81,89,39,2" hai3="80,56,66,69,34,76,106,49,57,65,86,71,1"/><T63/><D119/><U121/><E116/><V113/><F117/><W115/><G34/><T134/><D32/><U4/><E104/><V72/><F39/><W28/><G1/><T26/><D0/><U10/><E127/><V52/><F113/><W23/><G106/><T33/><D122/><U12/><E121/><V75/><F125/><W7/><G7/><T105/><D130/><U74/><E74/><V15/><F3/><W88/><G115/><T70/><D111/><U25/><E93/><V83/><F2/><W54/><G57/><T101/><D134/><U118/><E118/><V41/><F41/><W22/><G71/><T51/><D92/><U58/><E58/><N who="2" m="35143" /><F75/><W9/><G9/><T43/><D47/><U77/><E77/><V78/><F78/><W59/><G69/><T55/><D43/><U102/><E102/><V129/><F73/><W97/><G59/><T18/><D19/><U98/><E98/><N who="2" m="57679" /><F72/><W40/><G40/><T53/><D55/><U96/><E96/><V103/><F103/><W128/><G128/><T64/><D67/><N who="3" m="25609" /><G28/><AGARI ba="0,0" hai="16,18,26,28,33,44,51,53,63,64,70,99,101,105" machi="28" ten="40,7700,0" yaku="25,2,54,1" doraHai="79" who="0" fromWho="3" sc="250,77,250,0,250,0,250,-77" /><INIT seed="0,1,0,4,0,114" ten="327,250,250,173" oya="0" hai0="22,113,65,82,50,43,49,46,72,9,99,117,100" hai1="61,134,1,17,39,51,112,53,57,115,111,80,87" hai2="62,73,16,21,104,52,56,92,108,130,119,81,77" hai3="27,120,38,55,58,29,98,5,48,54,96,127,69"/><T125/><D117/><U6/><E134/><V64/><F104/><W47/><G38/><T18/><D113/><N who="1" m="43595" /><E39/><V122/><F122/><W31/><G120/><T24/><D125/><U101/><E101/><V126/><F126/><W109/><G109/><T121/><D121/><U28/><E111/><V0/><F0/><W40/><G127/><T106/><D65/><U45/><E28/><V94/><F108/><W102/><G69/><T71/><D71/><U4/><E17/><V66/><F119/><W75/><G75/><T34/><D34/><U133/><E1/><V13/><F130/><W105/><G5/><T93/><D9/><U20/><E20/><V131/><F131/><W103/><G40/><T110/><D110/><U86/><E133/><V132/><F132/><W74/><G74/><T41/><D106/><U76/><E87/><V118/><F118/><W90/><G90/><T8/><D8/><U68/><E68/><V15/><F15/><W91/><G91/><T30/><D72/><U88/><E76/><V32/><F32/><W36/><G36/><T19/><D82/><U84/><E84/><V10/><F21/><W59/><G47/><AGARI ba="1,0" hai="18,19,22,24,30,41,43,46,47,49,50,93,99,100" machi="47" ten="40,3900,0" yaku="9,1,8,1" doraHai="114" who="0" fromWho="3" sc="327,42,250,0,250,0,173,-42" /><INIT seed="0,2,0,5,4,29" ten="369,250,250,131" oya="0" hai0="128,110,63,7,118,61,117,74,107,79,18,43,82" hai1="76,90,92,102,68,98,64,124,23,78,47,26,33" hai2="36,70,83,115,95,116,16,49,105,32,71,50,77" hai3="108,130,131,40,4,52,120,0,103,127,132,45,54"/><T84/><D107/><U85/><E33/><V119/><F105/><W27/><G108/><T5/><D110/><U1/><E1/><V66/><F95/><W11/><G120/><T12/><D128/><N who="3" m="49193" /><G103/><T3/><D3/><U89/><E124/><V53/><F36/><N who="3" m="21639" /><G127/><T22/><D74/><U67/><E47/><V125/><F125/><W56/><G132/><T46/><D118/><U81/><E68/><V44/><F44/><W60/><G27/><T2/><D117/><U113/><E113/><V104/><F104/><W126/><G126/><T28/><D28/><U69/><E69/><V86/><F115/><W80/><G80/><T37/><REACH who="0" step="1"/><D2/><REACH who="0" ten="359,250,250,131" step="2"/><U15/><E67/><AGARI ba="2,1" hai="0,4,11,52,54,56,60,67" m="21639,49193" machi="67" ten="30,2000,0" yaku="19,1,54,1" doraHai="29" who="3" fromWho="1" sc="359,0,250,-26,250,0,131,36" /><INIT seed="1,0,0,0,4,42" ten="359,224,250,167" oya="1" hai0="73,121,48,105,38,102,3,49,82,46,27,11,103" hai1="59,130,21,20,110,133,71,79,94,62,125,51,98" hai2="116,114,44,84,131,12,75,40,5,117,70,7,26" hai3="37,108,25,134,10,93,123,111,52,47,77,32,1"/><U53/><E125/><V45/><F75/><W57/><G123/><T72/><D27/><U58/><E133/><V89/><F70/><W36/><G134/><T100/><D105/><U119/><E119/><V0/><F114/><W96/><G77/><T39/><D121/><U8/><E130/><V22/><F0/><W16/><G1/><T115/><D115/><U85/><E71/><V9/><F131/><W30/><G10/><T61/><D61/><U80/><E8/><V90/><F7/><W101/><G16/><T56/><D56/><U107/><E107/><V92/><F89/><W91/><G101/><T6/><D73/><U13/><E13/><V132/><F132/><W35/><G35/><T87/><D39/><U64/><REACH who="1" step="1"/><E110/><REACH who="1" ten="359,214,250,167" step="2"/><V66/><F117/><W17/><G111/><T67/><D11/><U113/><E113/><V109/><F116/><W129/><G108/><T60/><D3/><U128/><E128/><V122/><F109/><W43/><G129/><T34/><D6/><U88/><AGARI ba="0,1" hai="20,21,51,53,58,59,62,64,79,80,85,88,94,98" machi="88" ten="20,18000,2" yaku="1,1,0,1,7,1,8,1,54,1,53,1" doraHai="42" doraHaiUra="78" who="1" fromWho="1" sc="359,-60,214,190,250,-60,167,-60" /><INIT seed="1,1,0,3,5,78" ten="299,404,190,107" oya="1" hai0="66,29,99,125,67,20,113,106,98,6,134,122,22" hai1="116,49,9,135,114,39,15,12,77,91,0,92,33" hai2="94,105,93,121,81,51,119,58,36,18,83,34,37" hai3="42,97,64,100,111,118,120,21,109,127,76,71,17"/><U62/><E116/><V32/><F51/><W104/><G120/><T27/><D113/><U59/><E39/><V124/><F58/><W88/><G118/><T45/><D134/><U43/><E135/><V5/><F119/><W102/><G127/><T128/><D122/><U132/><E132/><V44/><F121/><W123/><G123/><T130/><D125/><U84/><E33/><V85/><F85/><W108/><G76/><T131/><D45/><U90/><E114/><V101/><F44/><W41/><G71/><T47/><D47/><U3/><E77/><V89/><F89/><W52/><G64/><N who="0" m="24619" /><D6/><U11/><E43/><N who="3" m="16394" /><G104/><T129/><N who="0" m="33280" /><DORA hai="19" /><T107/><D107/><U82/><E49/><V24/><F5/><W79/><G79/><T23/><D106/><U103/><E103/><V57/><F101/><W1/><G1/><T65/><N who="0" m="24627" /><T86/><DORA hai="54" /><D86/><U48/><E48/><V2/><F2/><W4/><G4/><T126/><D126/><U10/><E0/><V68/><F105/><W80/><G52/><T31/><D29/><U14/><E3/><V53/><F53/><W61/><G61/><T16/><D16/><U38/><E38/><V69/><F18/><W75/><G75/><T8/><D8/><U60/><E59/><V74/><F57/><W13/><G97/><AGARI ba="1,0" hai="20,22,23,27,31,97,98,99" m="33280,24627" machi="97" ten="70,8000,1" yaku="19,1,52,3" doraHai="78,19,54" who="0" fromWho="3" sc="299,83,404,0,190,0,107,-83" /><AGARI ba="1,0" hai="9,10,11,12,14,15,60,62,82,84,90,91,92,97" machi="97" ten="40,3900,0" yaku="8,1,52,1" doraHai="78,19,54" who="1" fromWho="3" sc="382,0,404,39,190,0,24,-39" owari="382,18.0,443,55.0,190,-21.0,-15,-52.0" /></mjloggm>