<mjloggm ver="2.3"><GO type="97" lobby="0"/><UN n0="%E3%83%88%E3%82%A4%E3%83%AC%E5%B0%82%E7%94%A8" n1="%E3%82%A6%E3%83%AB%E3%83%88%E3%83%A9%E7%AB%8B%E7%9B%B4" n2="%3C%62%72%3E" n3="%64%65%76%69%6C%6D%61%6E" dan="14,15,16,13" rate="1959.88,1976.21,2015.01,1834.11" sx="M,M,M,F"/><TAIKYOKU oya="0"/><INIT seed="0,0,0,1,1,72" ten="250,250,250,250" oya="0" hai0="119,69,66,98,46,5,60,57,121,1,86,116,128" hai1="126,2,23,124,18,97,38,73,106,92,20,93,16" hai2="39,100,27,49,67,25,24,79,91,99,55,9,81" hai3="74,42,30,123,31,34,75,70,10,84,51,58,36"/><T102/><D121/><U85/><E73/><V133/><F39/><W4/><G123/><T14/><D128/><U95/><E38/><V80/><F133/><W7/><G70/><T8/><D57/><U28/><E2/><V6/><F67/><W103/><G36/><T61/><D61/><U135/><E28/><V17/><F17/><N who="1" m="6761" /><E85/><N who="2" m="48287" /><F100/><W87/><G75/><T83/><D46/><U40/><E40/><V68/><F68/><W109/><G74/><T43/><D43/><U125/><E135/><V22/><F22/><N who="1" m="8233" /><E97/><V118/><F118/><W94/><G109/><T90/><REACH who="0" step="1"/><D1/><REACH who="0" ten="240,250,250,250" step="2"/><U112/><E106/><AGARI ba="0,1" hai="5,8,14,60,66,69,83,86,90,98,102,106,116,119" machi="106" ten="30,11600,0" yaku="1,1,2,1,7,1,53,1" doraHai="72" doraHaiUra="76" who="0" fromWho="1" sc="240,126,250,-116,250,0,250,0" /><INIT seed="0,1,0,3,2,99" ten="366,134,250,250" oya="0" hai0="19,12,104,40,82,66,75,35,36,69,59,25,85" hai1="97,34,127,83,116,57,77,65,101,3,64,111,117" hai2="43,55,91,123,79,33,134,14,121,18,21,126,76" hai3="37,10,84,72,113,17,109,42,5,9,73,131,80"/><T107/><D75/><U114/><E34/><V128/><F33/><W32/><G113/><T22/><D69/><U4/><E114/><V48/><F126/><W45/><G131/><T81/><D36/><U50/><E111/><V86/><F128/><W135/><G135/><T119/><D40/><U56/><E127/><V44/><F134/><W98/><G109/><T115/><D119/><U130/><E130/><V124/><F124/><W62/><G32/><T39/><D39/><U23/><E4/><V46/><F121/><W133/><G133/><T7/><D115/><U29/><E3/><V120/><F120/><W52/><G17/><T129/><D129/><U58/><E50/><N who="2" m="29127" /><F123/><W28/><G28/><T110/><D110/><U1/><E1/><V132/><F132/><W49/><G62/><T71/><D71/><U6/><E6/><V60/><F60/><W70/><G98/><T89/><D81/><AGARI ba="1,0" hai="14,18,21,43,46,48,76,79,81,86,91" m="29127" machi="81" ten="30,1000,0" yaku="8,1" doraHai="99" who="2" fromWho="0" sc="366,-13,134,0,250,13,250,0" /><INIT seed="1,0,0,2,5,38" ten="353,134,263,250" oya="1" hai0="107,116,70,61,52,93,20,55,84,2,1,97,81" hai1="62,104,54,125,0,105,127,40,69,94,87,48,102" hai2="33,134,117,92,75,39,50,46,111,59,13,27,17" hai3="4,41,82,90,133,128,89,78,72,32,74,43,122"/><U37/><E0/><V31/><F75/><W30/><G122/><T121/><D107/><U96/><E87/><V14/><F117/><W85/><G4/><T9/><D116/><U36/><E62/><V26/><F111/><W8/><G133/><T73/><D73/><U109/><E69/><V110/><F110/><W120/><G120/><T100/><D121/><U132/><E132/><V114/><F114/><W131/><G8/><T126/><D126/><N who="1" m="48139" /><E109/><V23/><F134/><W21/><G32/><T49/><D9/><U12/><E12/><V24/><F13/><W99/><G99/><T113/><D113/><U106/><E40/><N who="3" m="15434" /><G74/><T19/><D70/><U5/><E5/><V42/><F39/><W11/><G11/><T71/><D71/><U91/><E102/><V51/><F33/><W98/><G72/><T101/><D101/><U124/><N who="1" m="48147" /><U22/><DORA hai="3" /><E22/><V86/><F23/><W103/><G103/><T29/><D29/><U95/><E94/><V6/><F92/><N who="3" m="56591" /><G128/><T56/><D2/><U25/><E25/><V60/><F27/><N who="3" m="16751" /><G131/><T88/><D1/><U47/><AGARI ba="0,0" hai="36,37,47,48,54,91,95,96,104,105,106" m="48147" machi="47" ten="50,2400,0" yaku="18,1" doraHai="38,3" who="1" fromWho="1" sc="353,-8,134,24,263,-8,250,-8" /><INIT seed="1,1,0,1,5,50" ten="345,158,255,242" oya="1" hai0="15,126,21,52,117,54,98,70,35,46,41,34,58" hai1="65,14,57,33,22,39,63,78,40,93,77,71,131" hai2="61,122,32,72,79,129,10,128,12,88,9,24,28" hai3="123,130,68,107,121,7,30,75,118,20,38,2,101"/><U13/><E33/><V132/><F122/><W27/><G118/><T76/><D70/><U23/><E131/><N who="2" m="50251" /><F132/><W89/><G130/><T112/><D117/><U102/><E71/><V108/><F108/><W31/><G75/><T82/><D126/><U43/><E39/><V1/><F1/><W84/><G31/><T116/><D116/><U4/><E43/><V115/><F115/><W97/><G38/><T114/><D114/><U95/><E40/><V87/><F61/><W134/><G134/><T8/><D112/><U37/><E37/><V113/><F113/><W81/><REACH who="3" step="1"/><G68/><REACH who="3" ten="345,158,255,232" step="2"/><T104/><D104/><U19/><E95/><V53/><F72/><W105/><G105/><T17/><D35/><U80/><E80/><V42/><F28/><W6/><G6/><T127/><D34/><U44/><E44/><V99/><F32/><W29/><G29/><T25/><D82/><U103/><E93/><V67/><F79/><N who="1" m="30217" /><E4/><V56/><F56/><W125/><G125/><T109/><D76/><U91/><E91/><V135/><F88/><W85/><G85/><T66/><D127/><U48/><E48/><V16/><F87/><W0/><G0/><T51/><D98/><U120/><E120/><V119/><F99/><W86/><G86/><T69/><D69/><U26/><E13/><V90/><F12/><W59/><G59/><T74/><D74/><U133/><E133/><V96/><F135/><W11/><AGARI ba="1,1" hai="2,7,11,20,27,30,81,84,89,97,101,107,121,123" machi="11" ten="30,4000,0" yaku="1,1,0,1,53,1" doraHai="50" doraHaiUra="5" who="3" fromWho="3" sc="345,-11,158,-21,255,-11,232,53" /><INIT seed="2,0,0,0,3,92" ten="334,137,244,285" oya="2" hai0="48,68,60,69,120,99,15,71,31,30,113,109,61" hai1="124,103,115,127,39,112,1,56,66,121,45,41,32" hai2="53,101,51,7,117,95,6,34,74,82,98,133,58" hai3="27,63,40,11,126,54,37,64,2,50,85,105,46"/><V90/><F117/><W0/><G126/><N who="1" m="48170" /><E32/><V20/><F133/><W62/><G105/><T77/><D113/><N who="1" m="43595" /><E1/><V38/><F34/><W13/><G27/><T65/><D120/><U70/><E103/><V125/><F125/><W111/><G111/><T80/><D109/><U8/><E8/><V131/><F131/><W3/><G85/><T86/><D48/><U129/><E129/><V107/><F38/><W88/><G88/><T59/><D15/><U104/><E104/><V110/><F110/><W135/><G135/><T134/><D134/><U76/><E76/><N who="2" m="44311" /><F20/><W75/><G75/><T36/><D36/><U97/><E56/><V24/><F24/><W84/><G84/><AGARI ba="0,0" hai="6,7,51,53,58,84,90,95,98,101,107" m="44311" machi="84" ten="30,2900,0" yaku="24,1,52,1" doraHai="92" who="2" fromWho="3" sc="334,0,137,0,244,29,285,-29" /><INIT seed="2,1,0,5,5,90" ten="334,137,273,256" oya="2" hai0="124,109,10,132,32,49,63,76,47,114,25,36,52" hai1="89,43,41,0,129,38,85,45,92,55,79,93,57" hai2="30,24,48,134,35,14,62,29,68,112,16,103,120" hai3="106,58,21,37,130,15,84,56,105,94,126,101,66"/><V102/><F112/><W91/><G37/><T86/><D114/><U8/><E79/><V71/><F120/><W65/><G130/><T74/><D74/><U11/><E129/><V12/><F30/><W46/><G126/><T128/><D128/><U80/><E43/><V83/><F12/><W27/><G105/><T123/><D123/><U117/><E117/><V64/><F68/><W67/><G106/><T78/><D124/><U18/><E0/><V88/><F48/><W13/><G101/><T61/><D36/><U40/><E40/><V2/><F2/><W122/><G46/><T6/><D132/><U44/><E44/><V34/><F35/><W39/><G39/><T77/><D109/><U20/><E11/><V26/><F26/><W28/><REACH who="3" step="1"/><G122/><REACH who="3" ten="334,137,273,246" step="2"/><T75/><D75/><U69/><E8/><V100/><F134/><W50/><G50/><T121/><D121/><U7/><E7/><V125/><F125/><W9/><G9/><T108/><D108/><U116/><E116/><V119/><F102/><W73/><G73/><T118/><D118/><U111/><E111/><V19/><F103/><W23/><G23/><T97/><D32/><U82/><E69/><V60/><F71/><W70/><G70/><T17/><D10/><U72/><E72/><V51/><F119/><W131/><G131/><T22/><D6/><U99/><E20/><V3/><F34/><W1/><G1/><T87/><D63/><U107/><E107/><V5/><F60/><W104/><G104/><T53/><D61/><U133/><E133/><V33/><F3/><W95/><G95/><RYUUKYOKU ba="1,1" sc="334,-10,137,-10,273,-10,246,30" hai3="13,15,21,27,28,56,58,65,66,67,84,91,94" /><INIT seed="3,2,1,4,4,126" ten="324,127,263,276" oya="3" hai0="98,6,60,65,31,108,79,88,64,70,135,95,41" hai1="131,128,17,102,75,34,19,119,129,33,125,82,2" hai2="50,96,66,76,86,57,124,132,69,91,5,81,4" hai3="99,94,51,28,42,130,134,68,111,103,105,127,30"/><W106/><G68/><T18/><D108/><U39/><E39/><V101/><F124/><W90/><G42/><T38/><D135/><U10/><E125/><V47/><F132/><W55/><G127/><T56/><D6/><N who="1" m="1367" /><E102/><V44/><F69/><W49/><G134/><T121/><D121/><U58/><E58/><V12/><F12/><W24/><G111/><T92/><D31/><U117/><E82/><V43/><F47/><W118/><G118/><N who="1" m="45066" /><E75/><V93/><F76/><W45/><G130/><N who="1" m="33282" /><U67/><DORA hai="21" /><E67/><V109/><F109/><W104/><G51/><T26/><D79/><U23/><E19/><V46/><F46/><W78/><G78/><T48/><D38/><U27/><AGARI ba="2,1" hai="17,23,27,33,34" m="33282,45066,1367" machi="27" ten="50,16000,3" yaku="12,1,19,1,34,2,52,5" doraHai="126,21" who="1" fromWho="1" sc="324,-42,127,176,263,-42,276,-82" owari="282,8.0,303,41.0,221,-18.0,194,-31.0" /></mjloggm>