<mjloggm ver="2.3"><GO type="169" lobby="0"/><UN n0="%E3%80%93%E4%BD%90%E5%A4%A9%E3%81%95%E3%82%93%E3%80%93" n1="%E3%82%A6%E3%83%AB%E3%83%88%E3%83%A9%E7%AB%8B%E7%9B%B4" n2="%E3%81%AD%E3%82%8A%E3%82%B4%E3%83%9E" n3="%E3%83%95%E3%83%AA%E3%83%86%E3%83%B3" dan="18,17,17,16" rate="2252.17,2043.69,2044.60,2125.27" sx="F,M,M,M"/><TAIKYOKU oya="0"/><INIT seed="0,0,0,3,4,119" ten="250,250,250,250" oya="0" hai0="105,11,47,18,4,29,123,44,31,109,129,64,17" hai1="62,37,100,33,48,41,12,69,13,26,93,86,21" hai2="67,36,90,72,104,130,52,23,14,107,59,22,76" hai3="95,1,38,60,103,50,0,70,98,20,128,89,56"/><T49/><D105/><U134/><E37/><V122/><F36/><W30/><G38/><T57/><D129/><U43/><E134/><V132/><F67/><W85/><G70/><T73/><D73/><U81/><E33/><V126/><F132/><W87/><G50/><T35/><D109/><U16/><E69/><V106/><F130/><W5/><G5/><T97/><D97/><N who="1" m="59439" /><E62/><V79/><F90/><W83/><G128/><T65/><D49/><U112/><E112/><V127/><F122/><W74/><G74/><T68/><D68/><U51/><E51/><N who="2" m="31135" /><F14/><N who="1" m="5737" /><E48/><V82/><F76/><AGARI ba="0,0" hai="16,21,26,41,43,76,81,86" m="5737,59439" machi="76" ten="30,2000,0" yaku="8,1,54,1" doraHai="119" who="1" fromWho="2" sc="250,0,250,20,250,-20,250,0" /><INIT seed="1,0,0,3,1,30" ten="250,270,230,250" oya="1" hai0="89,66,129,94,74,121,49,25,80,124,107,20,39" hai1="4,87,100,102,17,116,29,28,65,79,41,126,83" hai2="43,86,59,109,48,53,97,128,33,8,92,78,68" hai3="34,71,40,55,120,31,0,135,62,3,15,103,22"/><U36/><E36/><V75/><F68/><W64/><G120/><T46/><D107/><U56/><E116/><V98/><F75/><W115/><G115/><T96/><D39/><U82/><E41/><V123/><F123/><W5/><G40/><T125/><D121/><U38/><E38/><V85/><F128/><W32/><G135/><T69/><D129/><U110/><E4/><V127/><F127/><W50/><G103/><N who="1" m="39466" /><E126/><V122/><F122/><W9/><G31/><N who="1" m="11850" /><E110/><V88/><F109/><W63/><G63/><T72/><D72/><U130/><E130/><V117/><F117/><W7/><G5/><T81/><D74/><U52/><E83/><V27/><F43/><W16/><REACH who="3" step="1"/><G3/><REACH who="3" ten="250,270,230,240" step="2"/><T131/><D131/><U101/><E101/><V91/><F78/><W112/><G112/><T47/><D124/><U70/><E70/><V67/><F91/><W23/><G23/><T118/><D125/><U90/><E17/><V13/><F88/><W99/><G99/><T37/><D118/><U111/><E111/><V14/><F97/><W73/><G73/><T2/><D2/><U60/><E90/><V84/><F98/><W114/><G114/><T42/><D69/><U58/><E58/><AGARI ba="0,1" hai="0,7,9,15,16,22,32,34,50,55,58,62,64,71" machi="58" ten="30,12000,2" yaku="1,1,7,1,52,2,54,1,53,1" doraHai="30" doraHaiUra="10" who="3" fromWho="1" sc="250,0,270,-120,230,0,240,130" /><INIT seed="2,0,0,0,5,62" ten="250,150,230,370" oya="2" hai0="105,31,79,93,4,44,26,95,14,35,54,113,30" hai1="125,81,11,17,96,103,108,104,55,51,129,1,24" hai2="114,41,18,100,117,115,77,87,45,13,53,28,102" hai3="40,63,8,118,99,123,60,97,6,133,2,19,74"/><V22/><F117/><W122/><G118/><T64/><D105/><U109/><E125/><V88/><F77/><W135/><G74/><T0/><D113/><U61/><E129/><V67/><F114/><W16/><G40/><T66/><D0/><U3/><E81/><V57/><F28/><N who="0" m="10794" /><D79/><U70/><E24/><V12/><F12/><W56/><G122/><T80/><D80/><U78/><E78/><V7/><F7/><W15/><G123/><T121/><D26/><U5/><E17/><N who="3" m="6730" /><G2/><T112/><D35/><U82/><E82/><V72/><F72/><W68/><G68/><T39/><D39/><U98/><E98/><N who="3" m="37386" /><G56/><T86/><D121/><U25/><E25/><V116/><F116/><W69/><G69/><T132/><D132/><AGARI ba="0,0" hai="6,8,15,60,63,132,133,135" m="37386,6730" machi="132" ten="30,2000,0" yaku="20,1,54,1" doraHai="62" who="3" fromWho="0" sc="250,-20,150,0,230,0,370,20" /><INIT seed="3,0,0,2,3,122" ten="230,150,230,390" oya="3" hai0="42,44,86,8,65,102,59,113,133,101,64,47,39" hai1="95,78,70,109,17,49,111,45,75,24,63,107,128" hai2="118,72,114,117,23,87,30,22,57,6,81,40,51" hai3="48,37,115,15,74,104,11,35,20,82,21,1,126"/><W119/><G115/><T32/><D32/><U108/><E107/><V116/><F114/><W10/><G37/><T112/><D133/><U123/><E123/><V134/><F72/><W105/><G35/><T69/><D86/><U16/><E128/><V76/><F134/><W132/><G119/><T83/><D83/><N who="1" m="45535" /><E24/><V100/><F100/><W53/><G1/><T60/><D102/><U34/><E34/><V19/><F30/><W89/><G11/><T18/><D101/><U73/><E73/><V41/><F41/><W71/><G71/><T67/><D18/><U58/><E70/><V0/><F19/><W93/><G132/><T110/><D112/><U90/><E49/><V91/><F91/><W52/><G48/><T92/><D92/><U62/><E45/><N who="2" m="26023" /><F57/><W121/><G93/><T12/><D47/><U2/><E2/><V28/><F28/><W38/><G38/><T68/><D113/><U135/><E135/><V4/><F0/><W3/><G3/><T54/><D69/><U106/><E106/><V14/><F4/><W125/><G121/><T61/><D61/><N who="1" m="23051" /><E58/><V120/><F120/><W7/><G74/><T77/><D68/><U79/><E79/><V80/><F80/><W124/><G105/><T130/><D77/><U84/><AGARI ba="0,0" hai="16,17,84,90,95,108,109,111" m="23051,45535" machi="84" ten="40,8000,1" yaku="14,1,52,3,54,1" doraHai="122" who="1" fromWho="1" sc="230,-20,150,80,230,-20,390,-40" /><INIT seed="4,0,0,5,0,95" ten="210,230,210,350" oya="0" hai0="9,78,55,48,58,115,5,120,52,31,116,98,89" hai1="38,65,6,103,72,21,54,109,20,106,90,134,99" hai2="85,8,71,1,110,60,132,4,51,67,102,93,127" hai3="14,101,70,104,26,7,133,131,15,33,23,66,63"/><T29/><D116/><U97/><E109/><V100/><F110/><W37/><G37/><T128/><D120/><U77/><E134/><V57/><F132/><W59/><G133/><T62/><D78/><U84/><E65/><V39/><F39/><W105/><G131/><T121/><D121/><U46/><E6/><V61/><F51/><W41/><G41/><T22/><D128/><U86/><E38/><V0/><F0/><W75/><G75/><T76/><D76/><U94/><E72/><V16/><F127/><W50/><G33/><T24/><D115/><U69/><E69/><V42/><F42/><W32/><G32/><T111/><D111/><U40/><E40/><V36/><F36/><W81/><G81/><T125/><D125/><U107/><E77/><V74/><F74/><W112/><G112/><T73/><D73/><U108/><E86/><V13/><F85/><W25/><G25/><T82/><D82/><U45/><E108/><V113/><F113/><W12/><G7/><T68/><D68/><U18/><E54/><V3/><F3/><W135/><G101/><T10/><D31/><U91/><E21/><V35/><F35/><W47/><G70/><T2/><D5/><U53/><E53/><N who="2" m="33839" /><F4/><W130/><G135/><T11/><D2/><U118/><E118/><V88/><F1/><W43/><REACH who="3" step="1"/><G130/><REACH who="3" ten="210,230,210,340" step="2"/><T19/><D48/><U80/><E107/><V83/><F83/><W44/><G44/><T17/><D55/><U129/><E129/><V119/><F119/><W27/><G27/><AGARI ba="0,1" hai="18,20,27,45,46,80,84,90,91,94,97,99,103,106" machi="27" ten="30,3900,0" yaku="7,1,52,2" doraHai="95" who="1" fromWho="3" sc="210,0,230,49,210,0,340,-39" /><INIT seed="5,0,0,2,2,40" ten="210,279,210,301" oya="1" hai0="11,123,129,71,79,89,121,133,60,95,45,5,27" hai1="8,101,117,91,68,93,29,114,25,36,82,124,97" hai2="23,73,80,66,77,53,83,76,18,28,13,113,72" hai3="88,14,84,70,96,30,109,58,107,22,33,134,37"/><U48/><E36/><V115/><F66/><W0/><G70/><T104/><D104/><U41/><E68/><V46/><F28/><W110/><G0/><T100/><D100/><U62/><E117/><V102/><F102/><W98/><G37/><T3/><D79/><U132/><E62/><V57/><REACH who="2" step="1"/><F46/><REACH who="2" ten="210,279,200,301" step="2"/><W78/><G30/><T106/><D45/><N who="1" m="25647" /><E124/><V85/><F85/><W39/><G84/><T105/><D121/><U21/><E132/><V2/><F2/><W92/><G134/><T9/><D123/><U119/><E119/><V69/><F69/><W32/><G98/><T20/><D133/><U50/><E114/><V67/><F67/><W94/><G96/><T130/><D71/><U12/><E50/><AGARI ba="0,1" hai="13,18,23,50,53,57,72,73,76,77,80,83,113,115" machi="50" ten="40,5200,0" yaku="1,1,9,1,53,1" doraHai="40" doraHaiUra="44" who="2" fromWho="1" sc="210,0,279,-52,200,62,301,0" /><INIT seed="6,0,0,1,5,110" ten="210,227,262,301" oya="2" hai0="122,1,114,47,11,80,94,83,117,2,85,88,74" hai1="113,39,21,104,135,111,41,102,89,125,109,24,51" hai2="123,23,52,107,71,19,44,115,35,91,16,55,7" hai3="20,61,126,120,8,96,68,121,3,129,65,58,69"/><V86/><F123/><W87/><G20/><T81/><D122/><U100/><E39/><V101/><F71/><W128/><G126/><T116/><D74/><U84/><E125/><V15/><F35/><W133/><G133/><T66/><D114/><U59/><E135/><V22/><F115/><W17/><G96/><T127/><D127/><U78/><E113/><V26/><F7/><N who="3" m="1151" /><G17/><T37/><D66/><U12/><E78/><V130/><F130/><N who="3" m="50283" /><G69/><T60/><D60/><U6/><E104/><V40/><F101/><W27/><G27/><T34/><D34/><U28/><E111/><V63/><F63/><N who="3" m="39999" /><G87/><T118/><REACH who="0" step="1"/><D11/><REACH who="0" ten="200,227,262,301" step="2"/><N who="1" m="4215" /><E109/><V31/><F31/><W48/><G48/><T30/><D30/><U82/><E41/><AGARI ba="0,1" hai="1,2,37,41,47,80,81,83,85,88,94,116,117,118" machi="41" ten="50,12000,2" yaku="1,1,12,1,54,1,53,3" doraHai="110" doraHaiUra="112" who="0" fromWho="1" sc="200,130,227,-120,262,0,301,0" /><INIT seed="7,0,0,0,5,120" ten="330,107,262,301" oya="3" hai0="76,92,66,97,90,55,3,94,39,107,50,73,83" hai1="21,113,2,99,31,41,134,129,48,135,49,28,71" hai2="46,121,27,68,79,16,87,17,10,111,115,26,80" hai3="72,125,12,108,81,1,102,132,57,34,84,75,118"/><W130/><G118/><T77/><D39/><U65/><E2/><V59/><F68/><W33/><G1/><T9/><D66/><U122/><E122/><V106/><F121/><W14/><G130/><T4/><D77/><U47/><E113/><V74/><F106/><W61/><G102/><T45/><D107/><U124/><E21/><V24/><F46/><W13/><G132/><N who="1" m="50730" /><E99/><V126/><F74/><W123/><G123/><T18/><D18/><U29/><E29/><V69/><F69/><W93/><G93/><T128/><D92/><U52/><E28/><V86/><F86/><W85/><G85/><T98/><D128/><U82/><E31/><V51/><F115/><W22/><G22/><T43/><D55/><U62/><E82/><V15/><F17/><W110/><G125/><T60/><D60/><U105/><E105/><V38/><F126/><W0/><G0/><T42/><D42/><U19/><E19/><V20/><F10/><W32/><G75/><T25/><D25/><U36/><E124/><V7/><F7/><W127/><G72/><T91/><D98/><U11/><E11/><V96/><F96/><W37/><G37/><T8/><D8/><U53/><E129/><V63/><F20/><W89/><REACH who="3" step="1"/><G127/><REACH who="3" ten="330,107,262,291" step="2"/><T23/><D23/><U40/><E36/><V104/><F104/><W119/><G119/><T131/><D131/><U5/><E5/><V56/><F87/><W88/><G88/><AGARI ba="0,1" hai="3,4,9,43,45,50,73,76,83,88,90,91,94,97" machi="88" ten="30,2000,0" yaku="7,1,54,1" doraHai="120" who="0" fromWho="3" sc="330,30,107,0,262,0,291,-20" owari="360,46.0,107,-39.0,262,-14.0,271,7.0" /></mjloggm>