<mjloggm ver="2.3"><GO type="97" lobby="0"/><UN n0="%73%61%72%61%6B" n1="%43%4E" n2="%E3%82%A6%E3%83%AB%E3%83%88%E3%83%A9%E7%AB%8B%E7%9B%B4" n3="%74%65%72%72%79%31%33%36" dan="15,15,15,15" rate="2031.16,1966.21,1995.35,2054.91" sx="M,M,M,M"/><TAIKYOKU oya="0"/><INIT seed="0,0,0,5,4,94" ten="250,250,250,250" oya="0" hai0="22,13,68,27,59,56,11,29,1,126,75,47,18" hai1="102,15,26,58,104,118,84,71,16,63,36,101,34" hai2="48,88,60,106,21,6,37,73,70,9,108,7,76" hai3="82,5,133,125,117,80,129,135,87,35,10,98,107"/><T116/><D75/><U2/><E118/><V96/><F37/><W28/><G35/><T79/><D116/><U105/><E36/><V40/><F76/><W93/><G28/><T50/><D68/><U51/><E2/><V77/><F77/><W49/><G117/><T3/><D79/><U54/><E34/><V78/><F78/><W81/><G49/><T112/><D126/><U44/><E71/><V42/><F42/><W83/><G5/><T43/><D112/><U14/><E84/><V100/><F7/><W69/><G69/><T39/><REACH who="0" step="1"/><D50/><REACH who="0" ten="240,250,250,250" step="2"/><U25/><E105/><V66/><F48/><W99/><G125/><T55/><D55/><U24/><E104/><V67/><F73/><W86/><G107/><T8/><D8/><N who="1" m="6215" /><E15/><V12/><F12/><W119/><G10/><T38/><D38/><U23/><E23/><V103/><F21/><W131/><G119/><T53/><D53/><AGARI ba="0,1" hai="24,25,26,44,51,53,54,58,63,101,102" m="6215" machi="53" ten="30,2000,0" yaku="8,1,54,1" doraHai="94" who="1" fromWho="0" sc="240,-20,250,30,250,0,250,0" /><INIT seed="1,0,0,4,1,123" ten="220,280,250,250" oya="1" hai0="54,51,52,83,35,65,103,75,119,110,107,132,120" hai1="86,12,117,59,55,60,42,109,125,5,80,43,36" hai2="4,89,29,70,95,135,47,26,72,104,77,131,130" hai3="111,118,15,71,91,97,40,22,98,48,105,76,85"/><U69/><E117/><V56/><F104/><W8/><G118/><T90/><D119/><U81/><E125/><V74/><F70/><W66/><G71/><T133/><D35/><U127/><E127/><V100/><F100/><W73/><G66/><T126/><D126/><U33/><E33/><V113/><F113/><W115/><G115/><T41/><D120/><U49/><E81/><V116/><F116/><W32/><G32/><T19/><D41/><U68/><E42/><V128/><F135/><N who="0" m="51786" /><D65/><N who="1" m="40999" /><E69/><V25/><F77/><W18/><G73/><N who="2" m="28265" /><F56/><W21/><G76/><T11/><D11/><N who="1" m="4207" /><E80/><V30/><F47/><N who="3" m="25703" /><G105/><T1/><D19/><U79/><E79/><V64/><F64/><W14/><G22/><T129/><D1/><U9/><E9/><V28/><F4/><N who="3" m="3335" /><G111/><T94/><D110/><U88/><E109/><V44/><F44/><W106/><G106/><T50/><D75/><U17/><E43/><V134/><F134/><W38/><G38/><T39/><D39/><U53/><E36/><V93/><F89/><W63/><G63/><T7/><D7/><U31/><E88/><V112/><F112/><W101/><G101/><T96/><D54/><U3/><E55/><V82/><F82/><AGARI ba="0,0" hai="15,18,21,82,85,91,97,98" m="3335,25703" machi="82" ten="30,1000,0" yaku="8,1" doraHai="123" who="3" fromWho="2" sc="220,0,280,0,250,-10,250,10" /><INIT seed="2,0,0,5,0,100" ten="220,280,240,260" oya="2" hai0="111,41,44,130,82,84,90,61,11,3,42,71,108" hai1="98,17,62,26,87,72,34,65,12,126,95,8,91" hai2="122,4,114,135,24,19,51,127,105,15,101,96,40" hai3="55,50,103,83,46,77,81,123,21,117,64,60,27"/><V92/><F122/><W54/><G123/><T1/><D130/><U2/><E72/><V31/><F114/><W124/><G117/><T32/><D32/><U63/><E126/><V113/><F113/><W35/><G124/><T45/><D45/><U104/><E2/><V79/><F127/><W18/><G35/><T116/><D116/><U119/><E119/><V56/><F4/><W57/><G103/><T9/><D9/><U131/><E131/><V53/><F79/><W106/><G106/><T86/><D86/><U109/><E109/><N who="0" m="42057" /><D11/><U59/><E104/><V43/><F135/><W14/><G27/><T88/><D90/><U67/><E34/><V36/><F36/><W78/><G78/><T37/><D42/><U110/><E110/><V30/><F105/><W25/><G25/><T74/><D74/><U39/><E39/><V38/><F24/><W118/><G118/><T7/><D7/><U16/><E26/><V93/><F38/><W134/><G134/><T94/><D82/><N who="3" m="31241" /><G77/><T76/><D76/><U66/><E66/><AGARI ba="0,0" hai="14,18,21,46,50,54,55,57,60,64,66" m="31241" machi="66" ten="30,1000,0" yaku="8,1" doraHai="100" who="3" fromWho="1" sc="220,0,280,-10,240,0,260,10" /><AGARI ba="0,0" hai="1,3,37,41,44,61,66,71,84,88,94" m="42057" machi="66" ten="30,2000,0" yaku="14,1,54,1" doraHai="100" who="0" fromWho="1" sc="220,20,270,-20,240,0,270,0" /><INIT seed="3,0,0,5,5,17" ten="240,250,240,270" oya="3" hai0="44,39,12,33,23,123,76,74,43,85,86,3,37" hai1="94,59,132,58,18,16,41,0,7,130,4,115,90" hai2="51,27,110,5,73,19,93,26,50,35,2,72,61" hai3="29,113,129,97,133,20,120,67,66,22,127,117,53"/><W88/><G120/><T109/><D123/><U63/><E115/><V25/><F35/><W118/><G113/><T30/><D39/><U84/><E0/><V60/><F5/><N who="1" m="2121" /><E130/><V48/><F2/><W77/><G29/><T83/><D109/><U36/><E36/><V49/><N who="2" m="12288" /><DORA hai="81" /><V8/><F93/><W114/><G114/><T47/><D3/><U107/><E107/><V64/><F110/><W54/><G129/><T95/><D95/><U91/><E41/><V11/><F19/><N who="1" m="7209" /><E132/><V1/><F1/><W10/><G133/><T45/><D43/><U46/><E46/><V98/><F98/><W131/><G131/><T31/><D37/><U56/><E91/><V128/><F128/><W71/><G71/><T87/><D33/><U40/><E40/><V21/><F64/><AGARI ba="0,0" hai="56,58,59,63,64,84,90,94" m="7209,2121" machi="64" ten="30,3900,0" yaku="8,1,52,1,54,1" doraHai="17,81" who="1" fromWho="2" sc="240,0,250,39,240,-39,270,0" /><INIT seed="4,0,0,2,0,52" ten="240,289,201,270" oya="0" hai0="49,78,110,25,134,3,36,126,69,116,24,60,82" hai1="133,57,118,46,21,47,16,120,61,92,62,77,48" hai2="22,7,55,86,74,130,64,65,51,34,127,102,124" hai3="32,135,39,30,42,27,54,56,79,18,125,40,90"/><T123/><D116/><U107/><E107/><V66/><F74/><W114/><G114/><T4/><D123/><U88/><E118/><V105/><F34/><W70/><G70/><T72/><D36/><U28/><E120/><V89/><F130/><W45/><G125/><N who="2" m="48201" /><F7/><W95/><G135/><T99/><D126/><U113/><E113/><V117/><F117/><W41/><G79/><T13/><D3/><U8/><E77/><V96/><F22/><W35/><G35/><T50/><D134/><U109/><E109/><V112/><F112/><W94/><G94/><T101/><D25/><N who="1" m="14503" /><E28/><V73/><F73/><W12/><G12/><T44/><D24/><U68/><E68/><V85/><F89/><W87/><REACH who="3" step="1"/><G18/><REACH who="3" ten="240,289,201,260" step="2"/><T115/><D13/><U121/><E121/><V31/><F31/><W19/><G19/><T10/><D115/><U11/><E133/><V29/><F29/><W0/><G0/><T5/><D110/><U2/><E2/><V6/><F6/><W132/><G132/><T37/><D4/><U23/><E23/><V131/><F131/><W108/><G108/><T75/><D5/><U33/><E33/><V93/><F105/><W76/><G76/><T119/><D78/><U26/><E11/><V53/><F53/><W1/><G1/><T83/><D10/><U97/><E8/><V84/><F66/><W80/><G80/><T17/><D82/><U9/><E9/><V38/><F38/><W71/><G71/><T104/><D83/><U81/><E81/><V14/><F14/><W91/><G91/><T129/><D69/><U59/><E26/><RYUUKYOKU ba="0,1" sc="240,-15,289,-15,201,15,260,15" hai2="51,55,64,65,84,85,86,93,96,102" hai3="27,30,32,39,40,41,42,45,54,56,87,90,95" /><INIT seed="5,1,1,4,1,86" ten="225,274,216,275" oya="1" hai0="12,37,99,46,88,120,55,18,11,135,23,131,108" hai1="110,66,82,84,39,72,85,28,53,25,96,51,4" hai2="93,77,19,73,49,17,94,97,81,78,115,33,1" hai3="7,45,59,5,67,74,57,124,47,118,114,91,60"/><U126/><E39/><V40/><F1/><W130/><G74/><T71/><D71/><U50/><E110/><V105/><F33/><W20/><G114/><T38/><D108/><U107/><E72/><V125/><F115/><W101/><G101/><T36/><D131/><U92/><E66/><V31/><F105/><W27/><G130/><T62/><D135/><U63/><E107/><V13/><F31/><W61/><G124/><T34/><D34/><U79/><E85/><V133/><F133/><W22/><G118/><T0/><D120/><U128/><E4/><V112/><F112/><W132/><G132/><T68/><D68/><U80/><E80/><V24/><F125/><W41/><G41/><T9/><D0/><U64/><E53/><V58/><F81/><W87/><G7/><T129/><D129/><U70/><E128/><V113/><F73/><W52/><G5/><T109/><D109/><U89/><E126/><V95/><F97/><W35/><G35/><AGARI ba="1,1" hai="25,28,35,50,51,63,64,70,79,82,84,89,92,96" machi="35" ten="30,2900,0" yaku="7,1,52,1" doraHai="86" who="1" fromWho="3" sc="225,0,274,42,216,0,275,-32" owari="225,-17.0,316,41.0,216,-28.0,243,4.0" /></mjloggm>