<mjloggm ver="2.3"><GO type="97" lobby="0"/><UN n0="%69%75%65%6F%31%30" n1="%E3%82%A6%E3%83%AB%E3%83%88%E3%83%A9%E7%AB%8B%E7%9B%B4" n2="%61%6B%61%6D%75%74%75%33" n3="%E3%81%97%E3%82%85%E3%82%93%E3%81%A6%E3%81%83%EF%BD%9E%E3%81%AC" dan="14,15,14,15" rate="1987.34,1984.96,1978.96,1991.57" sx="M,M,M,M"/><TAIKYOKU oya="0"/><INIT seed="0,0,0,5,1,36" ten="250,250,250,250" oya="0" hai0="132,85,48,17,51,104,125,108,10,25,8,40,60" hai1="82,105,84,22,103,54,98,133,87,0,119,19,55" hai2="99,111,81,83,38,47,121,46,122,77,14,56,52" hai3="31,106,59,18,100,91,118,16,65,7,64,34,75"/><T126/><D108/><U95/><E0/><V78/><F111/><W50/><G118/><T88/><D104/><U94/><E119/><V29/><F99/><W69/><G69/><T32/><D132/><U135/><E105/><V63/><F29/><W21/><G75/><T45/><D60/><U53/><E94/><V20/><F81/><W116/><G116/><T67/><D67/><U26/><REACH who="1" step="1"/><E84/><REACH who="1" ten="250,240,250,250" step="2"/><V4/><F122/><W112/><G112/><T107/><D107/><U49/><E49/><V35/><F121/><W43/><G106/><T57/><D51/><U73/><E73/><V58/><F38/><W42/><G50/><T37/><D37/><U23/><E23/><V79/><F83/><W128/><G34/><T72/><D72/><U90/><AGARI ba="0,1" hai="19,22,26,53,54,55,82,87,90,95,98,103,133,135" machi="90" ten="30,2000,0" yaku="1,1,0,1,53,0" doraHai="36" doraHaiUra="3" who="1" fromWho="1" sc="250,-10,240,30,250,-5,250,-5" /><INIT seed="1,0,0,0,1,118" ten="240,270,245,245" oya="1" hai0="91,12,82,40,8,113,25,57,66,13,35,133,27" hai1="4,105,80,68,74,109,84,51,16,19,88,34,14" hai2="62,47,33,104,28,81,130,26,1,86,97,18,78" hai3="59,132,15,44,21,72,70,124,58,23,41,79,50"/><U93/><E68/><V102/><F130/><W20/><G124/><T95/><D133/><U134/><E34/><V89/><F1/><W90/><G70/><T128/><D128/><U73/><E134/><V83/><F47/><W63/><G132/><T36/><D113/><U46/><E105/><V108/><F108/><W65/><G58/><T123/><D82/><U119/><E119/><V67/><F18/><N who="1" m="6697" /><E74/><V112/><F112/><W115/><G115/><T56/><D123/><U129/><E73/><V106/><F106/><W45/><G72/><T120/><D120/><U52/><E109/><V121/><F121/><W96/><G79/><T99/><D35/><U32/><E32/><V0/><F0/><W111/><G111/><T10/><D36/><U69/><E69/><V64/><F62/><W3/><G3/><T7/><D40/><U29/><E29/><V131/><F131/><W53/><G15/><T6/><REACH who="0" step="1"/><D66/><REACH who="0" ten="230,270,245,245" step="2"/><U31/><E129/><V92/><REACH who="2" step="1"/><F83/><REACH who="2" ten="230,270,235,245" step="2"/><W85/><G41/><T101/><D101/><U43/><E80/><V54/><F54/><W17/><G53/><T55/><D55/><U49/><E31/><V9/><F9/><W48/><G65/><T38/><D38/><U117/><E117/><V76/><F76/><W2/><G44/><T24/><AGARI ba="0,2" hai="6,7,8,10,12,13,24,25,27,56,57,91,95,99" machi="24" ten="30,7900,0" yaku="1,1,0,1,9,1,8,1,53,0" doraHai="118" doraHaiUra="103" who="0" fromWho="0" sc="230,99,270,-39,235,-20,245,-20" /><INIT seed="2,0,0,4,5,112" ten="329,231,215,225" oya="2" hai0="16,80,39,105,52,70,72,30,41,58,31,114,131" hai1="110,18,76,134,36,67,97,66,17,34,85,73,44" hai2="43,132,33,11,124,84,103,2,45,79,107,129,99" hai3="26,119,88,65,69,35,57,3,102,63,126,96,95"/><V8/><F124/><W38/><G126/><T1/><D114/><U77/><E34/><V20/><F20/><W90/><G38/><T21/><D1/><U113/><E113/><V123/><F123/><W51/><G3/><T0/><D0/><U62/><E73/><V61/><F61/><W13/><G119/><T135/><D135/><U127/><E127/><V10/><F132/><W106/><G35/><T133/><D133/><U15/><E134/><V22/><F129/><W46/><G26/><T19/><D70/><U29/><E29/><V118/><F118/><W116/><G116/><T7/><D105/><U83/><E110/><V4/><F33/><W128/><G128/><T93/><D7/><U109/><E109/><V27/><F84/><W64/><G64/><T75/><D93/><U14/><E97/><V60/><F60/><W32/><G32/><T48/><D41/><U81/><E62/><V28/><REACH who="2" step="1"/><F79/><REACH who="2" ten="329,231,205,225" step="2"/><W37/><G63/><T42/><D42/><U53/><E85/><V82/><F82/><W101/><G96/><T121/><D131/><U6/><E83/><V92/><F92/><W50/><G95/><T59/><D121/><U5/><E81/><V9/><F9/><W40/><G106/><T104/><D80/><U125/><E125/><V98/><F98/><W117/><G117/><T91/><D104/><U47/><E53/><V122/><F122/><W100/><G69/><T23/><D52/><U55/><E55/><V25/><F25/><W54/><G65/><T56/><D72/><U111/><E111/><V78/><F78/><W24/><G24/><RYUUKYOKU ba="0,1" sc="329,-15,231,15,205,15,225,-15" hai1="5,6,14,15,17,18,36,44,47,66,67,76,77" hai2="2,4,8,10,11,22,27,28,43,45,99,103,107" /><INIT seed="2,1,1,1,1,88" ten="314,246,220,210" oya="2" hai0="69,0,17,87,113,117,79,29,57,82,21,105,80" hai1="85,31,35,63,89,71,103,72,48,74,86,14,132" hai2="70,18,44,30,135,100,20,2,90,119,23,16,134" hai3="120,41,128,109,42,127,6,92,68,124,67,52,45"/><V123/><F70/><W39/><G6/><T25/><D113/><U93/><E132/><N who="2" m="50731" /><F100/><W126/><G120/><T114/><D117/><U101/><E101/><V77/><F77/><W59/><G92/><T94/><D114/><U73/><E103/><V118/><F44/><N who="3" m="23615" /><G109/><T28/><D0/><U122/><E122/><V112/><F90/><W97/><G97/><T83/><D105/><U129/><E71/><V65/><F65/><W56/><G128/><T58/><D69/><U32/><E129/><V76/><F76/><W7/><G7/><T84/><D94/><U53/><E93/><V1/><F112/><W131/><G131/><T24/><D82/><U36/><E74/><V15/><F123/><W121/><G121/><T9/><D9/><U66/><E72/><V98/><F98/><W96/><G96/><T37/><D37/><U133/><E86/><V22/><F30/><N who="0" m="11882" /><D25/><U5/><E85/><V19/><F15/><W64/><G68/><T26/><D26/><U95/><E14/><V54/><F54/><W46/><G56/><T47/><D47/><N who="3" m="17929" /><G42/><T12/><D24/><U62/><E73/><V55/><F55/><W49/><AGARI ba="1,1" hai="49,52,59,64,67,124,126,127" m="17929,23615" machi="49" ten="40,8000,1" yaku="18,1,34,2,54,1" doraHai="88" who="3" fromWho="3" sc="314,-21,246,-21,220,-41,210,93" /><INIT seed="3,0,0,1,4,32" ten="293,225,179,303" oya="3" hai0="87,34,14,39,2,69,17,75,73,1,133,4,19" hai1="27,30,124,26,135,86,51,0,57,46,91,52,11" hai2="63,112,70,64,66,71,43,92,55,15,67,120,84" hai3="116,44,93,122,97,100,105,103,108,72,102,82,62"/><W128/><G122/><T9/><D133/><U7/><E124/><V94/><F112/><W29/><G116/><T126/><D126/><U23/><E135/><V10/><F120/><W110/><G29/><T113/><D113/><U40/><E23/><V89/><F43/><W77/><G62/><T60/><D39/><U56/><E56/><V119/><F119/><W96/><G44/><T21/><D34/><U41/><E41/><V111/><F111/><N who="3" m="42539" /><G128/><T68/><D87/><U134/><E30/><V121/><F121/><W8/><G8/><T35/><D35/><U129/><E129/><V106/><F106/><W65/><G65/><T59/><D17/><U132/><E132/><V25/><F25/><W42/><G42/><T109/><D109/><U28/><E28/><V118/><F118/><W16/><G16/><T20/><D20/><U101/><E134/><V38/><F38/><W36/><G36/><T83/><D2/><U99/><E99/><V33/><F33/><W12/><G12/><T58/><D58/><U79/><E79/><V85/><F55/><W13/><G13/><T76/><D73/><U24/><E101/><AGARI ba="0,0" hai="72,77,82,93,96,97,100,101,102,103,105" m="42539" machi="101" ten="30,11600,0" yaku="14,1,10,1,34,2" doraHai="32" who="3" fromWho="1" sc="293,0,225,-116,179,0,303,116" owari="293,9.0,109,-39.0,179,-22.0,419,52.0" /></mjloggm>