<mjloggm ver="2.3"><GO type="97" lobby="0"/><UN n0="%6B%61%6D%65%31%39%37%32" n1="%65%73%61%69%30%33%31%35" n2="%E3%82%A6%E3%83%AB%E3%83%88%E3%83%A9%E7%AB%8B%E7%9B%B4" n3="%59%41%53%41%49%4B%55%4E" dan="14,14,15,14" rate="1840.66,1945.97,1977.05,1870.61" sx="M,M,M,M"/><TAIKYOKU oya="0"/><INIT seed="0,0,0,4,1,121" ten="250,250,250,250" oya="0" hai0="72,76,34,33,84,106,107,127,114,6,135,63,79" hai1="113,20,28,43,17,25,15,47,23,3,112,88,77" hai2="110,102,41,65,96,131,132,52,78,134,129,115,69" hai3="0,18,128,49,118,4,19,116,117,50,75,90,103"/><T95/><D6/><U123/><E123/><V119/><F119/><W29/><G29/><T73/><D63/><U122/><E122/><V100/><F115/><N who="1" m="44105" /><E77/><N who="0" m="29769" /><D114/><U120/><E120/><V109/><F41/><W105/><G75/><N who="0" m="28747" /><D84/><U68/><E68/><V86/><F65/><W64/><G64/><T124/><D95/><U27/><E3/><V99/><F69/><W93/><G105/><N who="0" m="39947" /><D135/><U133/><E133/><V16/><F78/><W54/><G4/><T36/><D36/><N who="1" m="21991" /><E28/><V7/><F86/><W14/><G93/><T37/><D37/><U51/><E51/><V126/><F7/><W10/><G50/><T38/><D38/><U97/><E23/><V66/><F66/><W92/><G49/><T125/><AGARI ba="0,0" hai="33,34,124,125,127" m="39947,28747,29769" machi="125" ten="40,7800,0" yaku="28,2,18,1" doraHai="121" who="0" fromWho="0" sc="250,78,250,-26,250,-26,250,-26" /><INIT seed="0,1,0,0,4,101" ten="328,224,224,224" oya="0" hai0="8,124,97,54,72,50,99,91,81,121,86,71,122" hai1="112,73,104,24,87,4,123,26,131,84,13,28,115" hai2="25,68,89,43,129,113,6,69,77,96,32,128,80" hai3="65,30,90,103,66,0,56,22,34,98,35,114,33"/><T83/><D71/><U64/><E123/><N who="0" m="47113" /><D8/><U31/><E73/><V79/><F43/><W62/><G0/><T41/><D41/><U52/><E64/><V11/><F113/><W40/><G40/><T16/><D54/><U75/><E75/><N who="2" m="43071" /><F79/><W130/><G114/><T63/><D63/><U105/><E13/><V132/><F89/><W109/><G109/><T118/><D50/><U82/><E82/><V19/><F96/><N who="0" m="36938" /><D16/><U39/><E52/><V37/><F37/><W67/><G130/><N who="2" m="50281" /><F132/><W135/><G90/><T44/><D44/><U53/><E53/><V107/><F107/><W102/><G135/><T70/><D70/><U116/><E131/><V29/><F19/><W55/><G103/><T20/><D20/><U133/><E39/><V110/><F110/><W100/><G100/><T88/><D118/><U9/><E133/><V120/><F120/><W2/><G2/><AGARI ba="1,0" hai="2,6,11,25,29,32,68,69" m="50281,43071" machi="2" ten="30,2000,0" yaku="19,1,23,1" doraHai="101" who="2" fromWho="3" sc="328,0,224,0,224,23,224,-23" /><INIT seed="1,0,0,4,4,115" ten="328,224,247,201" oya="1" hai0="0,36,7,114,104,66,14,83,15,31,128,97,42" hai1="73,127,133,123,87,74,47,112,33,37,52,130,63" hai2="13,119,81,40,80,131,1,79,58,126,25,100,69" hai3="16,101,3,68,11,102,2,9,88,108,71,38,48"/><U117/><RYUUKYOKU type="yao9" ba="0,0" sc="328,0,224,0,247,0,201,0" hai1="33,37,47,52,63,73,74,87,112,117,123,127,130,133" /><INIT seed="1,1,0,5,1,115" ten="328,224,247,201" oya="1" hai0="87,108,88,3,23,121,42,13,7,72,89,58,47" hai1="33,100,102,49,128,93,132,36,119,99,32,112,11" hai2="53,52,130,34,104,111,14,75,91,4,17,103,68" hai3="92,20,8,117,70,109,66,74,134,54,60,110,61"/><U41/><E112/><V37/><F34/><W78/><G134/><T127/><D121/><U94/><E132/><V133/><F133/><W35/><G35/><T59/><D127/><U96/><E36/><V22/><F37/><W97/><G74/><T0/><D108/><N who="3" m="41577" /><G78/><T10/><D72/><U80/><E128/><V114/><F75/><W76/><G76/><T40/><D40/><U45/><E119/><V126/><F114/><W2/><G20/><T105/><D105/><U79/><REACH who="1" step="1"/><E11/><REACH who="1" ten="328,214,247,201" step="2"/><V95/><F130/><W57/><G117/><T101/><D101/><U116/><E116/><V106/><F111/><W83/><G8/><T85/><D0/><U38/><E38/><V50/><F103/><N who="3" m="60839" /><G2/><T81/><D3/><U124/><E124/><V44/><F126/><W123/><G123/><T43/><D23/><U26/><E26/><V77/><F22/><W1/><G1/><T122/><D122/><U31/><E31/><V86/><F14/><W6/><G6/><T25/><D25/><U67/><E67/><V71/><F4/><W48/><G61/><T27/><D27/><U24/><E24/><V29/><F29/><W5/><G5/><T113/><D113/><U19/><E19/><V46/><F17/><W69/><G66/><T39/><REACH who="0" step="1"/><D43/><REACH who="0" ten="318,214,247,201" step="2"/><U98/><E98/><V62/><F53/><W135/><G54/><T64/><D64/><U82/><E82/><AGARI ba="1,2" hai="7,10,13,39,42,47,58,59,81,82,85,87,88,89" machi="82" ten="30,8000,1" yaku="1,1,7,1,9,1,54,1,53,1" doraHai="115" doraHaiUra="9" who="0" fromWho="1" sc="318,103,214,-83,247,0,201,0" /><INIT seed="2,0,0,5,3,129" ten="421,131,247,201" oya="2" hai0="70,117,38,25,57,109,133,116,72,90,58,131,123" hai1="20,102,97,89,15,82,44,78,7,121,122,91,110" hai2="54,115,101,111,100,36,119,33,75,32,108,74,8" hai3="103,134,87,77,39,105,9,135,53,69,2,95,50"/><V94/><F36/><W60/><G39/><T113/><RYUUKYOKU type="yao9" ba="0,0" sc="421,0,131,0,247,0,201,0" hai0="25,38,57,58,70,72,90,109,113,116,117,123,131,133" /><INIT seed="2,1,0,1,1,26" ten="421,131,247,201" oya="2" hai0="133,30,112,81,101,98,91,60,34,99,47,56,69" hai1="41,2,39,76,118,129,55,85,19,1,5,119,62" hai2="108,122,82,28,25,93,13,123,32,115,87,63,77" hai3="44,107,27,46,127,117,35,0,97,42,9,65,114"/><V120/><F115/><W10/><G114/><T50/><D112/><U45/><E129/><V132/><F132/><W104/><G117/><T57/><D133/><U66/><E1/><V38/><F38/><W100/><G127/><T126/><D126/><U88/><E55/><V116/><F116/><W86/><G86/><N who="0" m="50639" /><D69/><U84/><E84/><V130/><F130/><W43/><G10/><T74/><D74/><U92/><E76/><V95/><F108/><W18/><G65/><N who="0" m="39047" /><D34/><U128/><E19/><V90/><F77/><W12/><G0/><T20/><D101/><U125/><E125/><V51/><F51/><W131/><G131/><T37/><D37/><U33/><E33/><V113/><F113/><W8/><G8/><T3/><D3/><U64/><E64/><V75/><F75/><W110/><G110/><T14/><D57/><U17/><E17/><V11/><REACH who="2" step="1"/><F63/><REACH who="2" ten="421,131,237,201" step="2"/><W21/><G107/><T94/><D94/><U52/><E128/><V80/><F80/><W67/><G67/><T59/><D59/><U54/><E119/><V79/><F79/><W24/><G104/><T109/><D109/><U83/><E83/><V53/><F53/><W124/><G124/><T58/><D58/><U111/><E111/><V78/><F78/><W121/><G121/><T61/><D61/><U49/><E39/><V70/><F70/><W15/><G46/><T29/><D14/><U6/><E118/><V23/><F23/><W40/><G44/><T96/><D20/><U36/><E36/><V72/><F72/><W103/><G35/><T71/><D71/><N who="1" m="42455" /><E2/><V105/><F105/><RYUUKYOKU ba="1,1" sc="421,10,131,10,237,10,201,-30" hai0="29,30,47,50,96,98,99" hai1="5,6,41,45,49,52,54,85,88,92" hai2="11,13,25,28,32,82,87,90,93,95,120,122,123" /><INIT seed="2,2,1,4,2,51" ten="431,141,247,171" oya="2" hai0="46,53,67,79,32,54,130,88,89,2,22,80,40" hai1="135,114,107,3,17,26,93,99,102,4,62,124,84" hai2="49,55,122,8,57,120,106,125,61,24,39,74,91" hai3="65,38,29,92,25,131,134,105,63,73,77,19,86"/><V20/><F39/><W126/><G105/><T95/><D32/><U111/><E114/><V43/><F106/><W12/><G38/><T110/><D2/><U18/><E135/><V85/><F74/><W7/><G73/><T34/><D34/><U64/><E111/><V94/><F125/><W76/><G134/><T72/><D110/><U21/><E124/><V132/><F132/><W103/><G126/><T127/><D127/><U31/><E107/><V69/><F8/><W113/><G131/><T117/><D117/><U47/><E47/><V128/><F128/><W41/><G113/><T98/><D130/><U101/><E101/><V66/><F43/><W48/><G41/><T11/><D11/><U100/><E100/><V81/><F81/><W97/><G48/><T10/><D10/><N who="1" m="2335" /><E84/><V42/><F42/><W44/><G7/><T13/><D67/><U121/><E121/><V78/><F78/><W16/><G44/><T112/><D112/><U30/><E30/><AGARI ba="2,1" hai="20,24,30,49,55,57,61,66,69,85,91,94,120,122" machi="30" ten="30,2900,0" yaku="7,1,52,1" doraHai="51" who="2" fromWho="1" sc="431,0,141,-35,247,45,171,0" /><INIT seed="2,3,0,1,4,97" ten="431,106,292,171" oya="2" hai0="6,104,30,125,50,18,131,71,65,44,62,118,40" hai1="111,20,120,27,127,7,41,114,43,48,42,123,13" hai2="124,84,10,35,75,95,76,108,83,122,80,99,130" hai3="51,2,121,100,78,119,128,45,28,22,88,89,24"/><V26/><F122/><W38/><G2/><T15/><D118/><U72/><E72/><V93/><F124/><W132/><G121/><N who="1" m="46666" /><E114/><V60/><F130/><W85/><G119/><T54/><D125/><U117/><E117/><V31/><F108/><W19/><G38/><T14/><D131/><U135/><E127/><V69/><F10/><W103/><G132/><T1/><D104/><U90/><E111/><V3/><F3/><W110/><G128/><T16/><D30/><U46/><E135/><V92/><F60/><W11/><G110/><T102/><D1/><U79/><E79/><V58/><F58/><W64/><G64/><T107/><D6/><U47/><E47/><V133/><F69/><W115/><G115/><T82/><D82/><U116/><E116/><V63/><F63/><W12/><G78/><T129/><D129/><U126/><E126/><V91/><REACH who="2" step="1"/><F133/><REACH who="2" ten="431,106,282,171" step="2"/><W73/><G73/><T77/><D71/><U8/><E90/><AGARI ba="3,1" hai="26,31,35,75,76,80,83,84,90,91,92,93,95,99" machi="90" ten="30,5800,0" yaku="1,1,2,1,7,1,53,0" doraHai="97" doraHaiUra="66" who="2" fromWho="1" sc="431,0,106,-67,282,77,171,0" /><INIT seed="2,4,0,5,5,42" ten="431,39,359,171" oya="2" hai0="16,25,130,77,71,88,131,18,68,50,115,29,49" hai1="28,100,9,44,99,30,12,127,41,1,122,35,46" hai2="48,60,11,56,47,123,84,85,89,23,7,15,114" hai3="93,17,21,83,111,113,58,0,2,105,51,61,106"/><V74/><F74/><W80/><G111/><T31/><D77/><U94/><E122/><V40/><F123/><W6/><G51/><N who="0" m="19467" /><D115/><U135/><E135/><V20/><F114/><W81/><G113/><T103/><D103/><U95/><E35/><V119/><F119/><W117/><G6/><T102/><D102/><U66/><E66/><V75/><F75/><W73/><G73/><T22/><D88/><N who="1" m="55751" /><E1/><V19/><F7/><W24/><G93/><T4/><D4/><N who="1" m="3111" /><E127/><V112/><F112/><W70/><G70/><N who="0" m="26667" /><D25/><U98/><E41/><V38/><F38/><W92/><G92/><T129/><D22/><N who="2" m="8234" /><F89/><W133/><G133/><T118/><D118/><U37/><E37/><V52/><AGARI ba="4,0" hai="11,15,19,40,47,48,52,56,60,84,85" m="8234" machi="52" ten="30,6000,0" yaku="8,1,52,1,54,1" doraHai="42" who="2" fromWho="2" sc="431,-24,39,-24,359,72,171,-24" /><INIT seed="2,5,0,2,3,95" ten="407,15,431,147" oya="2" hai0="48,82,19,60,8,35,127,120,11,100,34,81,56" hai1="70,72,50,114,104,47,31,45,49,41,117,44,6" hai2="13,110,105,32,59,62,0,74,71,76,97,78,99" hai3="57,67,91,107,124,135,75,123,64,84,29,1,86"/><V83/><F0/><W103/><G123/><T101/><D120/><U21/><E72/><V23/><F71/><W17/><G1/><T132/><D132/><U58/><E104/><V52/><F32/><W119/><G75/><T61/><D127/><U38/><E6/><V9/><F105/><W109/><G119/><T15/><D35/><U96/><E117/><V134/><F134/><W12/><G135/><T69/><D69/><U73/><E73/><V63/><F110/><W131/><G124/><T66/><D34/><U126/><E126/><V113/><F113/><W14/><G109/><T79/><D48/><N who="1" m="18539" /><E70/><V28/><F78/><W106/><G131/><T43/><D43/><U116/><E116/><V37/><F37/><W108/><G108/><T30/><D30/><U90/><E38/><V36/><F36/><W3/><G3/><T25/><D25/><N who="1" m="16815" /><E114/><V42/><F42/><W128/><G128/><T115/><D115/><U87/><E41/><V33/><F33/><W98/><G107/><T93/><D61/><U112/><E112/><V51/><F51/><W5/><G106/><T130/><D130/><U10/><E10/><V46/><F46/><N who="1" m="11777" /><U68/><DORA hai="125" /><E68/><V118/><F63/><W122/><G122/><T18/><D93/><N who="1" m="56375" /><E87/><V111/><F111/><W129/><G129/><T40/><D40/><U26/><E26/><N who="2" m="16479" /><F118/><W94/><G5/><T80/><D79/><U7/><E7/><N who="2" m="3263" /><F74/><W77/><G84/><T16/><D11/><U27/><E27/><V65/><F65/><W53/><G86/><T55/><D66/><U54/><E54/><V121/><F121/><RYUUKYOKU ba="5,0" sc="407,10,15,10,431,10,147,-30" hai0="8,15,16,18,19,55,56,60,80,81,82,100,101" hai1="58" hai2="52,59,62,76,83,97,99" /><INIT seed="2,6,0,2,2,8" ten="417,25,441,117" oya="2" hai0="37,79,53,122,124,117,4,34,44,12,111,113,5" hai1="103,9,81,72,132,32,95,101,75,106,105,30,64" hai2="115,63,78,97,128,18,67,80,83,16,0,104,89" hai3="2,23,11,100,22,84,116,112,38,70,33,114,47"/><V56/><F0/><W77/><G33/><T133/><D122/><U41/><E41/><V134/><F115/><W102/><G70/><T49/><D113/><N who="3" m="43625" /><G116/><T135/><D117/><U87/><E64/><V1/><F1/><W91/><G77/><T69/><D69/><U17/><E30/><V85/><F128/><W121/><G121/><T61/><D34/><U13/><E32/><V54/><F134/><N who="0" m="51210" /><D124/><U3/><E3/><V6/><F6/><N who="0" m="2666" /><D111/><U19/><E132/><V76/><F67/><W39/><G47/><T129/><D129/><U119/><E119/><V125/><F125/><W123/><G123/><T98/><D98/><U60/><E106/><V74/><REACH who="2" step="1"/><F89/><REACH who="2" ten="417,25,431,117" step="2"/><W96/><G102/><AGARI ba="6,1" hai="16,18,54,56,63,74,76,78,80,83,85,97,102,104" machi="102" ten="40,7700,0" yaku="1,1,2,1,54,1,53,0" doraHai="8" doraHaiUra="28" who="2" fromWho="3" sc="417,0,25,0,431,105,117,-95" /><INIT seed="2,7,0,5,1,15" ten="417,25,536,22" oya="2" hai0="2,96,40,106,12,56,102,33,31,28,13,97,116" hai1="9,108,70,127,58,67,51,83,124,109,42,43,80" hai2="123,95,26,89,29,92,133,59,120,22,74,100,76" hai3="129,49,5,101,18,17,131,130,104,34,30,113,98"/><V14/><F133/><W125/><G5/><T71/><D116/><U77/><E70/><V135/><F135/><W87/><G125/><N who="1" m="48202" /><E9/><V75/><F76/><W93/><G113/><T52/><D2/><U48/><E80/><V3/><F3/><W47/><G34/><T62/><D40/><N who="1" m="15403" /><E83/><V73/><F59/><W23/><G30/><T88/><D71/><U115/><E77/><V38/><F38/><W119/><G119/><T27/><REACH who="0" step="1"/><D31/><REACH who="0" ten="407,25,536,22" step="2"/><U66/><E115/><V24/><F29/><W112/><G112/><T54/><D54/><N who="1" m="32071" /><E51/><V117/><F117/><W82/><G49/><T72/><D72/><U111/><AGARI ba="7,1" hai="66,67,108,109,111" m="32071,15403,48202" machi="111" ten="40,8000,1" yaku="14,1,18,1,34,2" doraHai="15" who="1" fromWho="1" sc="407,-27,25,111,536,-47,22,-27" owari="380,18.0,136,-26.0,489,59.0,-5,-51.0" /></mjloggm>