<mjloggm ver="2.3"><GO type="41" lobby="0"/><UN n0="%E3%82%A6%E3%83%AB%E3%83%88%E3%83%A9%E7%AB%8B%E7%9B%B4" n1="%6D%69%73%61%67%6F" n2="%E2%98%86%E4%BA%8C%E9%9A%8E%E5%A0%82%E2%98%86%E5%AB%81%E2%98%86" n3="%E3%81%93%E3%81%93%E3%81%82%E3%83%BC%E3%82%93" dan="16,16,15,15" rate="2064.98,2004.88,2046.32,1962.41" sx="M,M,F,M"/><TAIKYOKU oya="0"/><INIT seed="0,0,0,1,5,71" ten="250,250,250,250" oya="0" hai0="51,10,38,67,64,99,70,82,93,131,127,28,2" hai1="79,18,14,36,85,40,115,25,80,108,42,78,6" hai2="26,105,94,47,37,41,60,101,20,39,31,84,116" hai3="90,113,19,97,7,46,15,27,133,128,16,13,109"/><T54/><D127/><U88/><E115/><V95/><F116/><W122/><G113/><T4/><D131/><U58/><E108/><V81/><F60/><W61/><G109/><T114/><D114/><U76/><E6/><V96/><REACH who="2" step="1"/><F37/><REACH who="2" ten="250,250,240,250" step="2"/><W49/><G61/><T63/><D38/><U125/><E125/><V65/><F65/><W45/><G128/><T62/><D62/><U92/><E36/><V110/><F110/><W0/><G122/><T121/><D67/><U52/><E25/><V119/><F119/><W132/><G27/><T12/><D121/><U129/><E129/><V72/><F72/><W111/><G111/><T104/><D63/><N who="1" m="36295" /><E80/><V59/><F59/><W124/><G124/><T3/><D64/><U35/><E35/><V89/><AGARI ba="0,1" hai="20,26,31,39,41,47,81,84,89,94,95,96,101,105" machi="89" ten="20,12000,2" yaku="1,1,0,1,7,1,52,1,53,2" doraHai="71" doraHaiUra="91" who="2" fromWho="2" sc="250,-60,250,-30,240,130,250,-30" /><INIT seed="1,0,0,0,1,34" ten="190,220,370,220" oya="1" hai0="118,7,119,75,129,79,9,2,44,45,94,22,11" hai1="50,132,6,90,13,97,80,5,110,99,101,83,58" hai2="102,32,106,133,135,73,40,70,28,107,87,126,127" hai3="30,3,95,18,113,128,46,27,8,111,61,57,19"/><U48/><E132/><N who="2" m="50763" /><F73/><W15/><G113/><T134/><D45/><U76/><E110/><V104/><F70/><W109/><G128/><T12/><D134/><U20/><E90/><V85/><F40/><W21/><G46/><T68/><D68/><U130/><E130/><V49/><F49/><W47/><G47/><T36/><D94/><U67/><E50/><V65/><F65/><W69/><G69/><T0/><D22/><U33/><E33/><V17/><F17/><W72/><G72/><T4/><D12/><U112/><E112/><V29/><F102/><W37/><G37/><T14/><D14/><U123/><E123/><V86/><F32/><W125/><G95/><T115/><D115/><U120/><E120/><V108/><F108/><N who="3" m="41547" /><G61/><T121/><D121/><U62/><E48/><V1/><F1/><W39/><G57/><T114/><D114/><U63/><E63/><V116/><F116/><W84/><G3/><T43/><REACH who="0" step="1"/><D129/><REACH who="0" ten="180,220,370,220" step="2"/><U81/><E20/><V92/><F92/><W53/><G21/><T59/><D59/><U31/><E13/><V16/><F16/><W131/><G19/><T71/><D71/><U122/><E122/><V105/><F105/><W23/><G18/><T56/><D56/><U103/><E58/><V41/><F41/><W74/><G15/><T96/><D96/><U35/><E99/><V38/><F38/><W82/><G39/><T124/><D124/><AGARI ba="0,1" hai="28,29,85,86,87,104,106,107,124,126,127" m="50763" machi="124" ten="40,8000,1" yaku="28,2,18,1,20,1" doraHai="34" who="2" fromWho="0" sc="180,-80,220,0,370,90,220,0" /><INIT seed="2,0,0,4,5,90" ten="100,220,460,220" oya="2" hai0="55,101,116,135,26,14,112,47,29,77,2,23,40" hai1="42,54,99,100,84,111,130,114,81,68,50,125,41" hai2="9,0,8,60,131,7,76,89,88,95,24,118,109" hai3="44,56,43,62,5,6,123,31,110,106,39,73,20"/><V75/><F118/><W48/><G73/><T105/><D2/><U104/><E114/><V25/><F131/><W49/><G123/><T30/><D112/><U83/><E68/><V22/><F109/><W19/><G106/><T96/><D116/><U69/><E69/><V107/><F107/><W120/><G120/><T64/><D135/><U87/><E130/><V129/><F129/><W134/><G110/><T32/><D77/><U33/><E33/><V126/><F126/><W65/><G134/><T119/><D119/><U35/><E35/><V103/><F8/><W94/><G31/><T57/><D64/><U53/><E125/><V74/><F103/><W122/><G122/><T128/><D128/><U11/><E111/><V10/><F10/><W132/><G132/><T80/><D80/><U37/><E37/><V27/><F60/><W63/><G63/><T78/><D78/><U124/><E11/><V34/><F34/><W59/><G39/><T52/><D57/><U12/><E100/><V4/><F4/><W93/><G56/><T98/><D98/><U17/><E99/><V113/><F113/><W21/><G49/><T45/><D45/><U117/><E117/><V15/><F76/><W46/><G44/><T82/><D82/><U28/><E104/><V66/><F66/><W36/><G36/><T127/><D127/><U1/><E1/><V70/><F70/><W38/><G38/><N who="0" m="21911" /><D30/><U97/><E97/><N who="2" m="57575" /><F89/><W92/><G21/><T91/><D91/><U115/><E124/><V3/><F22/><W102/><G102/><T67/><D67/><U13/><E115/><RYUUKYOKU ba="0,0" sc="100,10,220,-30,460,10,220,10" hai0="14,23,26,29,32,52,55,96,101,105" hai2="0,3,7,9,15,24,25,27,74,75" hai3="5,6,19,20,43,46,48,59,62,65,92,93,94" /><INIT seed="2,1,0,5,0,115" ten="110,190,470,230" oya="2" hai0="27,124,80,32,70,82,67,26,84,112,106,93,61" hai1="125,66,108,39,31,54,30,122,50,29,53,99,95" hai2="63,98,44,45,58,126,128,20,78,74,21,17,133" hai3="104,9,65,91,64,120,88,42,22,24,35,56,75"/><V129/><F133/><W119/><G120/><T33/><D112/><U97/><E39/><V25/><F126/><W18/><G75/><T57/><D124/><U52/><E125/><V23/><F23/><W48/><G104/><T79/><D106/><U12/><E122/><V49/><F20/><W89/><G35/><T4/><D70/><U0/><E108/><V85/><F74/><W14/><G119/><T69/><D69/><U127/><E127/><V76/><F98/><W38/><G38/><T107/><D107/><U101/><E0/><V92/><F92/><W73/><G73/><T86/><D33/><U131/><E50/><V46/><F49/><W5/><G42/><T109/><D32/><U100/><E12/><V60/><F60/><W130/><G130/><N who="2" m="50281" /><F85/><W55/><AGARI ba="1,0" hai="5,9,14,18,22,24,48,55,56,64,65,88,89,91" machi="55" ten="30,4000,0" yaku="0,1,8,1,54,1" doraHai="115" who="3" fromWho="3" sc="110,-11,190,-11,470,-21,230,43" /><INIT seed="3,0,0,1,4,46" ten="99,179,449,273" oya="3" hai0="35,89,130,120,38,77,23,117,93,78,54,36,51" hai1="94,86,127,97,76,10,74,26,135,22,62,41,100" hai2="73,60,95,81,112,43,2,103,119,19,128,61,132" hai3="84,16,30,50,75,121,39,71,107,59,40,113,114"/><W13/><G75/><T82/><D120/><U7/><E74/><V52/><F119/><W85/><G121/><T126/><D35/><U110/><E110/><V69/><F112/><W42/><G107/><T79/><D117/><U31/><E135/><V133/><F2/><W124/><G71/><T29/><D126/><U115/><E115/><V3/><F3/><W12/><G124/><T58/><D130/><U18/><E127/><V37/><F128/><W9/><G39/><T8/><D82/><U111/><E111/><V134/><F69/><W32/><G32/><T101/><D101/><U131/><E131/><V106/><F106/><W24/><G113/><T109/><D109/><U56/><E41/><N who="3" m="15978" /><G114/><T1/><D1/><U44/><E44/><N who="2" m="23663" /><F52/><N who="3" m="32151" /><G30/><T68/><D68/><U116/><E31/><V105/><F105/><W0/><G0/><T122/><D122/><U104/><E116/><V6/><F133/><W72/><G72/><T4/><D38/><U70/><E70/><V123/><F123/><W88/><G24/><T102/><D36/><U48/><E26/><V129/><F129/><W55/><G55/><T33/><D33/><U92/><E104/><V49/><F73/><W25/><G25/><T108/><D108/><U96/><E62/><V125/><F125/><W83/><G13/><N who="0" m="5255" /><D29/><U45/><E45/><V11/><F134/><W14/><G14/><T99/><D23/><U64/><E22/><V98/><F132/><W27/><G27/><T20/><D20/><U28/><E28/><V90/><F11/><W118/><G118/><T5/><D5/><U17/><E7/><RYUUKYOKU ba="0,0" sc="99,15,179,-15,449,-15,273,15" hai0="51,54,58,77,78,79,89,93,99,102" hai3="9,12,16,83,84,85,88" /><INIT seed="3,1,0,5,2,50" ten="114,164,434,288" oya="3" hai0="75,104,1,44,15,110,107,98,48,135,5,8,4" hai1="125,102,66,111,56,129,30,2,32,93,130,45,16" hai2="35,118,39,94,52,64,101,13,105,67,34,33,76" hai3="55,10,46,49,63,122,65,123,43,83,21,132,131"/><W42/><G132/><T70/><D70/><U90/><E2/><V17/><F39/><W77/><G131/><T29/><D135/><U89/><E125/><V92/><F118/><W112/><G112/><T3/><D75/><U91/><E111/><V108/><F108/><W18/><G10/><T60/><D110/><U117/><E117/><V96/><F76/><W53/><G43/><T68/><D29/><U73/><E73/><V20/><F105/><W26/><G123/><T127/><D15/><U58/><E32/><V120/><F120/><W79/><G122/><T62/><D127/><U28/><E45/><V81/><F81/><W106/><G106/><T25/><D25/><U31/><E66/><V72/><F72/><W51/><G83/><T47/><D48/><U97/><REACH who="1" step="1"/><E16/><REACH who="1" ten="114,154,434,288" step="2"/><V115/><F115/><W74/><G74/><T41/><D8/><U69/><E69/><V78/><F67/><W82/><G65/><T109/><D68/><U99/><E99/><V116/><F64/><W124/><G124/><T133/><D109/><U95/><E95/><V119/><F94/><W121/><G121/><T24/><D133/><U7/><E7/><V61/><REACH who="2" step="1"/><F78/><REACH who="2" ten="114,154,424,288" step="2"/><W23/><G77/><T9/><D107/><U114/><E114/><V27/><F27/><N who="3" m="14775" /><G79/><T0/><D24/><U38/><E38/><V54/><F54/><N who="3" m="20491" /><G82/><T12/><D5/><U126/><E126/><V134/><F134/><W36/><G63/><N who="0" m="24107" /><D41/><U86/><E86/><V85/><F85/><W6/><G6/><T22/><D22/><U11/><E11/><V40/><F40/><W88/><G42/><RYUUKYOKU ba="1,2" sc="114,10,154,10,424,10,288,-30" hai0="0,1,3,4,9,12,44,47,98,104" hai1="28,30,31,56,58,89,90,91,93,97,102,129,130" hai2="13,17,20,33,34,35,52,61,92,96,101,116,119" /><INIT seed="4,2,2,2,3,37" ten="124,164,434,258" oya="0" hai0="52,99,111,134,135,45,129,132,22,108,124,68,57" hai1="0,97,107,11,92,26,74,72,130,133,13,96,15" hai2="64,128,117,73,17,78,90,120,21,51,47,31,93" hai3="1,12,20,122,115,81,25,4,30,91,41,105,66"/><T121/><D68/><U10/><E92/><V60/><F120/><W67/><G105/><T9/><D121/><U2/><E26/><N who="2" m="16847" /><F128/><W125/><G1/><T127/><D9/><U58/><E58/><N who="2" m="36887" /><F73/><W70/><G70/><T109/><D99/><U61/><E61/><V80/><F117/><W116/><G122/><T34/><D22/><U50/><E50/><V42/><F80/><W32/><G116/><T16/><D16/><U89/><E130/><V76/><F17/><W5/><G32/><T53/><D34/><U55/><E55/><N who="0" m="21065" /><D129/><U36/><E36/><V112/><F112/><W102/><G115/><T49/><D57/><U33/><E33/><V40/><F40/><AGARI ba="2,2" hai="40,45,49,108,109,111,124,127,132,134,135" m="21065" machi="40" ten="40,18000,2" yaku="10,1,20,1,34,2,52,1,54,1" doraHai="37" who="0" fromWho="2" sc="124,206,164,0,434,-186,258,0" /><INIT seed="4,3,0,4,3,72" ten="330,164,248,258" oya="0" hai0="133,7,90,108,64,12,26,5,125,88,135,120,97" hai1="91,57,32,33,115,94,119,116,114,21,107,87,0" hai2="36,75,82,106,96,68,117,9,37,65,102,63,29" hai3="100,30,74,24,31,111,41,121,3,130,62,43,1"/><T92/><D120/><U79/><E107/><V49/><F117/><W58/><G111/><T42/><D108/><U85/><E0/><V118/><F118/><N who="1" m="45097" /><E21/><V35/><F49/><W76/><G31/><T17/><D125/><U47/><E32/><V40/><F9/><W52/><G121/><T103/><D26/><U78/><E33/><V61/><F61/><W56/><G100/><T123/><D123/><U70/><E57/><V50/><F50/><W69/><G69/><T45/><D64/><U122/><E47/><V39/><F40/><W38/><G38/><T8/><D7/><U101/><E70/><V81/><REACH who="2" step="1"/><F75/><REACH who="2" ten="330,164,238,258" step="2"/><W134/><G74/><T54/><D54/><U73/><E73/><V129/><F129/><W93/><G52/><T28/><D5/><U99/><E122/><V59/><F59/><W10/><G56/><T25/><D42/><U77/><E101/><V55/><F55/><W104/><G58/><T98/><D45/><U132/><E132/><V131/><F131/><W19/><G130/><T86/><D135/><U66/><E66/><V89/><F89/><W60/><G62/><T20/><D133/><U2/><E2/><V128/><F128/><W48/><G60/><T13/><D90/><U113/><AGARI ba="3,1" hai="77,78,79,85,87,91,94,99,113,114,115" m="45097" machi="113" ten="40,12000,2" yaku="15,1,11,1,34,2,52,3" doraHai="72" who="1" fromWho="1" sc="330,-63,164,139,238,-33,258,-33" /><INIT seed="5,0,0,3,0,81" ten="267,303,205,225" oya="1" hai0="53,68,90,28,109,31,134,106,9,64,62,8,117" hai1="130,37,42,32,98,95,124,135,88,49,119,84,22" hai2="122,73,114,133,54,85,94,36,60,26,111,52,74" hai3="129,11,0,125,110,80,108,77,12,6,131,19,58"/><U127/><E32/><V70/><F122/><W24/><G58/><T118/><D109/><N who="3" m="42089" /><G80/><T83/><D134/><U17/><E119/><V41/><F111/><W45/><G77/><T7/><D8/><U89/><E37/><V4/><F133/><W23/><G45/><T33/><D31/><U59/><E135/><V18/><F4/><W35/><G125/><N who="1" m="48202" /><E130/><N who="3" m="49674" /><G35/><T50/><D106/><U92/><E42/><V40/><F40/><W115/><G115/><T100/><D117/><U29/><E29/><V43/><F114/><W93/><G93/><T113/><D28/><U44/><E44/><V48/><F41/><W121/><G121/><T3/><D33/><U5/><E5/><V112/><F112/><W132/><G132/><T97/><D118/><U79/><E79/><V34/><F34/><W86/><G86/><T14/><D113/><U38/><E38/><V82/><F94/><W56/><G56/><T39/><D39/><U104/><E59/><N who="2" m="33159" /><F43/><W2/><AGARI ba="0,0" hai="0,2,6,11,12,19,23,24" m="49674,42089" machi="2" ten="40,5200,0" yaku="19,1,34,2" doraHai="81" who="3" fromWho="3" sc="267,-13,303,-26,205,-13,225,52" /><INIT seed="6,0,0,4,4,87" ten="254,277,192,277" oya="2" hai0="116,71,79,78,5,48,89,13,132,72,18,6,103" hai1="92,110,135,101,4,25,90,69,100,30,37,88,40" hai2="117,133,22,38,52,67,96,129,112,70,59,36,108" hai3="73,39,19,26,23,54,46,102,55,9,53,76,127"/><V61/><F117/><W49/><G127/><T41/><D71/><U64/><E110/><V0/><F0/><W80/><G102/><T33/><D33/><U94/><E4/><N who="0" m="1641" /><D72/><U24/><E37/><V15/><F108/><W62/><G39/><T82/><D103/><U125/><E69/><V42/><F112/><W35/><G35/><T63/><D63/><U86/><E125/><V2/><F2/><W50/><G62/><T93/><D82/><U45/><E135/><V57/><F133/><W17/><G50/><T111/><D111/><U84/><E64/><V74/><F74/><W121/><G121/><T114/><D114/><U124/><E124/><V27/><F129/><W113/><G113/><T118/><D132/><U28/><E45/><V109/><F109/><W105/><G105/><T1/><D1/><U14/><E14/><V47/><F15/><W11/><REACH who="3" step="1"/><G19/><REACH who="3" ten="254,277,192,267" step="2"/><T8/><D118/><U31/><E31/><V128/><F128/><W98/><G98/><N who="0" m="57647" /><D116/><U16/><E40/><AGARI ba="0,1" hai="9,11,17,23,26,40,46,49,53,54,55,73,76,80" machi="40" ten="40,1300,0" yaku="1,1,53,0" doraHai="87" doraHaiUra="29" who="3" fromWho="1" sc="254,0,277,-13,192,0,267,23" /><INIT seed="7,0,0,1,5,0" ten="254,264,192,290" oya="3" hai0="27,100,56,109,130,40,74,135,85,104,39,32,18" hai1="12,111,51,133,99,23,17,21,30,116,35,61,91" hai2="28,84,117,76,119,16,129,122,103,50,101,67,77" hai3="96,63,4,113,68,93,41,49,54,38,124,70,58"/><W95/><G38/><T45/><D74/><U92/><E111/><V105/><F28/><W69/><G113/><T57/><D109/><U131/><E131/><V33/><F33/><W62/><G124/><T8/><D130/><U29/><E133/><V34/><F34/><W22/><G4/><T48/><D135/><U14/><E35/><V118/><F129/><W3/><G3/><T42/><D32/><U7/><E116/><V107/><F67/><W66/><G41/><T55/><D100/><N who="2" m="38474" /><F50/><W94/><G22/><T82/><D104/><N who="2" m="40010" /><F16/><W52/><REACH who="3" step="1"/><G96/><REACH who="3" ten="254,264,192,280" step="2"/><T127/><D127/><U89/><E7/><V123/><F84/><W78/><G78/><AGARI ba="0,1" hai="76,77,78,117,118,119,122,123" m="40010,38474" machi="78" ten="40,8000,1" yaku="28,2,34,2" doraHai="0" who="2" fromWho="3" sc="254,0,264,0,192,90,280,-80" /><INIT seed="8,0,0,2,1,125" ten="254,264,282,200" oya="0" hai0="129,98,128,116,10,6,24,49,56,12,120,84,101" hai1="127,67,22,7,123,4,52,93,44,112,41,36,85" hai2="35,75,45,81,91,16,111,117,95,100,102,3,134" hai3="86,69,121,40,130,89,57,71,26,114,31,29,55"/><T33/><D120/><U27/><E123/><V96/><F3/><W82/><G121/><T68/><D68/><U32/><E32/><V8/><F111/><W64/><G114/><T23/><D33/><U79/><E127/><V47/><F35/><W11/><G40/><T104/><D116/><U135/><E135/><V17/><F117/><W105/><G105/><T124/><D124/><U1/><E112/><V110/><F110/><W74/><G74/><T59/><D84/><U83/><E67/><V94/><F134/><W109/><G109/><T78/><D78/><U97/><E1/><V51/><F75/><W0/><G64/><T25/><D25/><U14/><E14/><N who="2" m="7239" /><F17/><W106/><G106/><T21/><D21/><U122/><E122/><V66/><F66/><W80/><G80/><T2/><D2/><U76/><E76/><V15/><F15/><W115/><G115/><T50/><D59/><U9/><E9/><V88/><F81/><W90/><G31/><N who="0" m="17823" /><D56/><U103/><E52/><N who="2" m="29807" /><F47/><W126/><G126/><T38/><D38/><U92/><E92/><V63/><F63/><N who="3" m="36287" /><G0/><T87/><D87/><AGARI ba="0,0" hai="87,88,91,94,95,96,100,102" m="29807,7239" machi="87" ten="30,7700,0" yaku="8,1,54,3" doraHai="125" who="2" fromWho="0" sc="254,-77,264,0,282,77,200,0" owari="177,-32.0,264,6.0,359,46.0,200,-20.0" /></mjloggm>