<mjloggm ver="2.3"><GO type="169" lobby="0"/><UN n0="%E2%98%86%E3%82%BF%E3%82%AA%E3%83%91%E3%82%A4%E3%83%91%E3%82%A4%E2%98%86" n1="%E5%8E%9F%E4%BA%BA%E3%81%A1%E3%82%83%E3%82%93" n2="%4A%55%4E%4B%45%52%53" n3="%E3%82%A6%E3%83%AB%E3%83%88%E3%83%A9%E7%AB%8B%E7%9B%B4" dan="16,17,17,17" rate="2042.63,2123.16,2207.49,2049.78" sx="M,M,M,M"/><TAIKYOKU oya="0"/><INIT seed="0,0,0,3,5,114" ten="250,250,250,250" oya="0" hai0="33,134,46,0,91,132,71,119,65,112,93,70,35" hai1="42,14,50,76,60,43,6,37,3,77,9,20,105" hai2="12,61,52,19,31,94,45,133,17,104,78,128,135" hai3="125,117,57,84,83,126,81,74,97,95,101,27,68"/><T51/><D0/><U28/><E37/><V54/><F104/><W121/><G68/><N who="0" m="26155" /><D65/><U130/><E105/><V122/><F122/><W85/><G57/><T82/><D82/><U63/><E130/><V18/><F128/><W11/><G27/><T89/><D112/><U15/><E3/><V107/><F107/><W109/><G11/><T8/><D8/><U56/><E63/><V99/><F31/><W34/><G34/><T21/><D21/><U38/><E38/><V120/><F78/><N who="1" m="30313" /><E50/><V116/><F120/><W72/><G121/><T106/><D106/><U1/><E1/><V23/><F45/><W16/><G95/><T39/><D39/><U110/><E28/><V113/><F113/><W44/><G44/><T32/><D93/><U22/><E22/><V40/><F23/><W62/><G62/><T124/><D124/><U88/><E20/><V115/><F61/><W131/><G131/><T90/><D46/><U108/><E15/><V102/><F12/><W98/><G16/><N who="2" m="6249" /><F115/><W2/><G2/><T73/><D51/><U100/><E100/><V127/><F127/><W59/><G101/><T30/><D30/><U4/><E4/><V123/><F19/><W129/><G129/><T103/><D103/><U64/><E88/><V92/><F123/><W80/><G59/><T29/><D29/><U111/><AGARI ba="0,0" hai="6,9,14,42,43,56,60,64,108,110,111" m="30313" machi="111" ten="40,1500,0" yaku="14,1" doraHai="114" who="1" fromWho="1" sc="250,-7,250,15,250,-4,250,-4" /><INIT seed="1,0,0,3,1,112" ten="243,265,246,246" oya="1" hai0="22,53,109,122,20,88,108,85,50,37,2,111,64" hai1="77,65,18,103,80,74,68,82,120,30,9,110,98" hai2="129,21,45,1,24,131,35,63,95,96,125,117,116" hai3="12,49,28,90,4,3,41,25,13,84,94,81,33"/><U29/><E120/><V67/><F1/><W133/><G133/><T71/><D37/><U121/><E121/><V93/><F35/><W26/><G26/><T92/><D2/><U102/><E102/><N who="2" m="60687" /><F95/><W83/><G3/><T104/><D104/><U76/><E110/><V17/><F45/><W72/><G72/><T99/><D122/><U27/><E65/><V91/><F91/><W58/><G4/><T0/><D0/><U43/><E68/><N who="2" m="42111" /><F125/><W60/><G83/><T113/><D113/><U54/><E43/><V57/><F57/><W79/><G79/><T114/><D114/><U100/><E54/><V73/><F73/><W106/><G106/><T8/><D8/><U15/><E103/><V44/><F44/><W66/><G81/><T56/><REACH who="0" step="1"/><D99/><REACH who="0" ten="233,265,246,246" step="2"/><U7/><E98/><V78/><F78/><W127/><G127/><T6/><D6/><U5/><E5/><V55/><F131/><W115/><G115/><T38/><D38/><U97/><E97/><V14/><F129/><W134/><G134/><T107/><D107/><U126/><E126/><V16/><F14/><W48/><G12/><T39/><D39/><U101/><E101/><V10/><F10/><W40/><G13/><T87/><D87/><N who="1" m="48519" /><E100/><V86/><F86/><W47/><G41/><T130/><D130/><U124/><E124/><V105/><F105/><W135/><G135/><T46/><D46/><U19/><E7/><V34/><F24/><W42/><G42/><T118/><D118/><U51/><E9/><V31/><F117/><W11/><G11/><T119/><D119/><U32/><E15/><RYUUKYOKU ba="0,1" sc="233,15,265,-15,246,-15,246,15" hai0="20,22,50,53,56,64,71,85,88,92,108,109,111" hai3="25,28,33,40,47,48,49,58,60,66,84,90,94" /><INIT seed="2,1,1,3,4,108" ten="248,250,231,261" oya="2" hai0="105,28,79,46,92,24,55,45,129,95,47,41,7" hai1="44,97,53,130,81,4,69,2,30,96,65,70,109" hai2="66,122,113,42,85,93,80,118,38,56,107,62,86" hai3="8,27,25,10,31,76,134,110,21,133,60,117,48"/><V50/><F107/><W99/><G117/><T84/><D105/><U14/><E109/><V32/><F118/><W72/><G110/><T91/><D129/><U94/><E130/><V131/><F131/><W116/><G116/><T82/><D7/><U115/><E2/><V103/><F122/><W5/><G76/><T13/><D13/><U9/><E30/><V88/><F32/><W71/><G72/><T23/><D55/><U18/><E96/><V15/><F38/><W54/><G27/><T49/><REACH who="0" step="1"/><D95/><REACH who="0" ten="238,250,231,261" step="2"/><U29/><E4/><V17/><F93/><W120/><G5/><T75/><AGARI ba="1,2" hai="23,24,28,41,45,46,47,49,75,79,82,84,91,92" machi="75" ten="20,5200,0" yaku="1,1,2,1,0,1,7,1,53,0" doraHai="108" doraHaiUra="121" who="0" fromWho="0" sc="238,75,250,-14,231,-27,261,-14" /><INIT seed="3,0,0,4,2,132" ten="313,236,204,247" oya="3" hai0="35,27,68,48,30,126,114,115,105,72,16,121,106" hai1="40,92,83,82,38,60,69,47,20,75,22,101,5" hai2="8,90,33,29,89,123,98,36,125,65,111,100,52" hai3="66,59,64,130,127,76,133,39,21,102,54,12,45"/><W87/><G133/><T31/><D72/><U15/><E75/><V37/><F111/><W129/><G102/><T71/><D121/><U56/><E69/><V97/><F123/><W124/><G64/><T86/><D30/><U117/><E117/><V46/><F65/><W104/><G104/><T9/><D126/><N who="3" m="48169" /><G66/><T116/><D116/><U62/><E62/><V88/><F100/><W34/><G34/><T93/><D105/><U1/><E60/><V79/><F33/><W108/><G108/><T7/><D106/><U120/><E101/><V57/><F97/><W18/><G39/><T43/><D68/><U99/><E99/><V11/><F98/><W13/><G45/><T49/><D71/><U119/><E47/><V4/><F125/><W24/><G13/><T14/><D35/><U58/><E15/><V94/><F46/><W91/><G76/><T107/><D107/><U135/><E135/><V26/><F79/><W80/><G24/><T131/><D27/><U55/><E38/><V2/><F37/><W113/><G113/><T77/><D14/><U103/><E103/><V122/><F36/><W19/><G19/><T50/><D16/><U23/><E119/><V96/><F122/><W74/><G74/><T10/><D77/><U118/><E118/><V51/><F26/><W63/><AGARI ba="0,0" hai="12,18,21,54,59,63,80,87,91,129,130" m="48169" machi="63" ten="30,11700,0" yaku="18,1,52,3" doraHai="132" who="3" fromWho="3" sc="313,-39,236,-39,204,-39,247,117" /><INIT seed="3,1,0,2,4,39" ten="274,197,165,364" oya="3" hai0="104,5,61,123,32,47,31,14,24,9,65,50,126" hai1="98,53,29,36,134,103,54,6,40,20,62,49,3" hai2="80,130,116,55,124,28,133,1,87,85,96,91,27" hai3="44,88,10,48,118,12,69,46,15,21,16,128,89"/><W35/><G35/><T25/><D126/><U66/><E134/><V74/><F1/><W52/><G69/><T34/><D123/><U78/><E36/><V41/><F116/><W45/><G118/><T71/><D104/><U110/><E110/><V26/><F74/><W95/><G128/><T23/><REACH who="0" step="1"/><D24/><REACH who="0" ten="264,197,165,364" step="2"/><N who="1" m="16519" /><E78/><V86/><F26/><W11/><G89/><T122/><D122/><U92/><E3/><V109/><F91/><W8/><G15/><T127/><D127/><U107/><E107/><V51/><F27/><W93/><G93/><T38/><D38/><U125/><E125/><V73/><F124/><W19/><G19/><T22/><D22/><U101/><E101/><V30/><F30/><W135/><G135/><T37/><D37/><U115/><E115/><V129/><F28/><W79/><G79/><T72/><D72/><U111/><E111/><V43/><F109/><W117/><G117/><T0/><D0/><U81/><E6/><V120/><F133/><W84/><AGARI ba="1,1" hai="8,10,11,12,16,21,44,45,46,48,52,84,88,95" machi="84" ten="30,12000,1" yaku="0,1,8,1,54,3" doraHai="39" who="3" fromWho="3" sc="264,-41,197,-41,165,-41,364,133" /><INIT seed="3,2,0,2,4,119" ten="223,156,124,497" oya="3" hai0="131,32,83,115,99,38,2,20,18,67,40,73,29" hai1="106,82,124,23,104,49,55,63,37,133,134,43,78" hai2="11,97,76,48,125,64,22,95,89,77,5,103,44" hai3="94,85,4,98,126,16,15,9,13,19,7,47,28"/><W31/><G85/><T52/><D2/><U65/><E124/><V46/><F125/><W130/><G130/><T56/><D115/><U21/><E43/><V0/><F64/><W26/><G47/><T87/><D131/><U34/><E37/><V80/><F22/><W105/><G105/><T114/><D114/><U62/><E34/><V45/><F77/><W14/><G14/><T112/><D112/><U79/><E65/><V75/><REACH who="2" step="1"/><F103/><REACH who="2" ten="223,156,114,497" step="2"/><W1/><G126/><T108/><D20/><U129/><E129/><V25/><F25/><W42/><G26/><T50/><D67/><U118/><E21/><V66/><F66/><W122/><G31/><T70/><D29/><U57/><E23/><V117/><F117/><W132/><G28/><T91/><D32/><U110/><E118/><V102/><F102/><W84/><G132/><T86/><D70/><U35/><E79/><V68/><F68/><W116/><G116/><T101/><D101/><U128/><E128/><V88/><F88/><W59/><G19/><T111/><D91/><U6/><E35/><V81/><F81/><W113/><G16/><T36/><D83/><U121/><E82/><V17/><F17/><W3/><G113/><T109/><D18/><U123/><E78/><V74/><F74/><W58/><G7/><T107/><D73/><U90/><E90/><V127/><F127/><W61/><G4/><T92/><D109/><U8/><E110/><V71/><F71/><W53/><G9/><T10/><D111/><U135/><E8/><V120/><F120/><N who="1" m="46153" /><E6/><V96/><F96/><W69/><G122/><RYUUKYOKU ba="2,1" sc="223,-15,156,15,114,15,497,-15" hai1="49,55,57,62,63,104,106,133,134,135" hai2="0,5,11,44,45,46,48,75,76,80,89,95,97" /><INIT seed="4,3,1,2,1,34" ten="208,171,129,482" oya="0" hai0="79,51,82,59,135,91,35,44,120,41,118,11,94" hai1="70,92,50,98,76,64,75,125,24,74,43,55,89" hai2="114,84,56,99,30,111,117,7,109,13,26,6,25" hai3="5,12,95,83,2,19,68,53,100,134,90,93,103"/><T97/><D35/><U28/><E125/><V10/><F99/><W108/><G68/><T40/><D118/><U110/><E43/><V123/><F84/><W61/><G5/><T129/><D120/><U31/><E110/><V66/><F66/><W4/><G2/><T9/><D129/><U128/><E128/><V38/><F38/><W23/><G4/><T96/><D135/><U1/><E76/><V20/><F56/><N who="3" m="34959" /><G108/><N who="2" m="41545" /><F123/><W122/><G122/><T0/><D41/><U133/><E133/><V52/><F52/><W106/><G106/><T32/><D32/><U21/><E28/><N who="2" m="17447" /><F117/><W115/><G134/><T116/><D116/><U58/><E64/><V3/><F114/><W62/><G62/><T88/><D59/><U15/><E70/><V130/><F130/><W112/><G83/><T132/><D132/><U77/><E77/><V60/><F60/><W105/><G105/><T69/><D69/><U85/><E98/><V87/><F87/><N who="3" m="52447" /><G95/><T37/><D37/><U29/><E29/><V48/><F48/><W18/><G115/><T104/><D91/><U101/><E101/><V22/><F7/><W54/><G54/><T81/><D104/><U63/><E63/><V127/><F127/><W42/><G42/><T17/><D97/><U102/><E102/><V47/><F47/><W71/><G71/><T46/><D46/><U86/><E75/><V126/><F126/><W57/><G57/><T113/><D113/><U45/><E58/><V14/><AGARI ba="3,1" hai="3,6,10,13,14,22,26,30" m="17447,41545" machi="14" ten="30,4000,0" yaku="34,2,52,1" doraHai="34" who="2" fromWho="2" sc="208,-23,171,-13,129,59,482,-13" /><INIT seed="5,0,0,1,1,22" ten="185,158,188,469" oya="1" hai0="81,70,74,45,127,2,94,21,100,86,69,120,101" hai1="11,55,105,31,5,125,119,56,61,14,53,130,13" hai2="47,40,30,10,85,108,93,42,82,73,75,132,46" hai3="107,51,19,52,60,76,89,99,67,8,83,116,88"/><U98/><E119/><V4/><F108/><W26/><G116/><T72/><D2/><U23/><E130/><V49/><F132/><W111/><G111/><T18/><D127/><U78/><E125/><V84/><F93/><W1/><G99/><T63/><D120/><U123/><E123/><V48/><F30/><W110/><G107/><T65/><D70/><U117/><E117/><V91/><REACH who="2" step="1"/><F84/><REACH who="2" ten="185,158,178,469" step="2"/><W57/><G110/><T66/><D74/><U35/><E31/><V135/><F135/><W113/><G1/><AGARI ba="0,1" hai="1,4,10,40,42,46,47,48,49,73,75,82,85,91" machi="1" ten="30,8000,1" yaku="1,1,7,1,9,1,53,2" doraHai="22" doraHaiUra="38" who="2" fromWho="3" sc="185,0,158,0,178,90,469,-80" /><INIT seed="6,0,0,5,4,124" ten="185,158,268,389" oya="2" hai0="11,94,102,24,107,106,60,33,75,108,98,135,117" hai1="43,114,86,133,88,97,4,91,31,26,104,100,80" hai2="2,87,68,84,95,122,115,132,93,17,45,62,8" hai3="72,49,34,12,83,23,127,69,58,27,71,129,41"/><V59/><F122/><W112/><G127/><T47/><D108/><U56/><E114/><V30/><F68/><W81/><G72/><T5/><D75/><U73/><E133/><V54/><F115/><W99/><G34/><T35/><D135/><U78/><E43/><V25/><F132/><W48/><G69/><T10/><D117/><U20/><E4/><V36/><F36/><W29/><G71/><T92/><D47/><U119/><E119/><V96/><F45/><N who="3" m="25647" /><G112/><T64/><D106/><U130/><E130/><V50/><F95/><W111/><G129/><T89/><D11/><U18/><E56/><V65/><F2/><W74/><G74/><T1/><D24/><U77/><E77/><V61/><F61/><W126/><G126/><T6/><D6/><U66/><E66/><V0/><F0/><W90/><G12/><T3/><D3/><U53/><E53/><V79/><F79/><W9/><G9/><T63/><D107/><U44/><E44/><V21/><F50/><W46/><G58/><T32/><REACH who="0" step="1"/><D64/><REACH who="0" ten="175,158,268,389" step="2"/><U16/><REACH who="1" step="1"/><E91/><REACH who="1" ten="175,148,268,389" step="2"/><N who="2" m="55359" /><F65/><W38/><G111/><T103/><D103/><U113/><E113/><V51/><F54/><N who="3" m="30007" /><G38/><T19/><D19/><U105/><E105/><V101/><F17/><W55/><G55/><T67/><D67/><U131/><E131/><V28/><F28/><W39/><G39/><T116/><D116/><U40/><E40/><V15/><F30/><W70/><G70/><T110/><D110/><U14/><E14/><V57/><F15/><W22/><G29/><T109/><D109/><U52/><E52/><V76/><F59/><RYUUKYOKU ba="0,2" sc="175,15,148,15,268,-15,389,-15" hai0="1,5,10,32,33,35,60,63,89,92,94,98,102" hai1="16,18,20,26,31,73,78,80,86,88,97,100,104" /><INIT seed="7,1,2,3,0,110" ten="190,163,253,374" oya="3" hai0="81,19,5,24,124,0,77,58,121,38,75,13,68" hai1="39,120,61,99,34,114,45,71,49,56,85,51,80" hai2="54,88,102,11,117,113,18,79,4,84,25,87,72" hai3="97,126,132,98,112,26,35,91,50,123,128,86,32"/><W107/><G123/><T52/><D121/><U122/><E34/><V69/><F117/><W57/><G126/><T28/><D68/><U43/><E114/><V31/><F69/><W48/><G112/><T116/><D124/><U63/><E99/><V134/><F113/><W119/><G119/><T37/><D116/><U36/><E85/><V33/><F134/><W47/><G128/><T55/><D5/><U60/><E80/><V83/><F102/><W27/><G107/><T133/><D0/><U78/><E78/><V109/><F109/><W40/><G35/><T46/><D133/><U90/><E90/><V135/><F135/><W17/><G32/><T14/><D28/><U125/><E125/><V3/><F54/><N who="3" m="31959" /><G132/><T100/><D100/><U94/><E94/><V53/><F53/><W108/><G108/><T15/><D46/><N who="1" m="25823" /><E71/><V9/><F9/><W1/><G1/><T29/><D19/><U30/><E30/><V62/><F18/><W66/><G66/><T42/><D42/><N who="1" m="25015" /><E56/><V59/><F72/><W16/><G17/><T89/><D89/><U6/><E6/><V7/><F7/><W92/><G16/><T130/><D130/><U111/><E111/><V73/><F73/><W20/><G20/><N who="0" m="15495" /><D58/><U101/><E101/><V131/><F131/><W41/><G41/><T76/><D76/><U95/><E95/><V129/><F129/><W118/><G118/><T93/><D93/><U12/><E12/><V23/><F59/><W2/><G2/><T127/><D127/><U8/><E8/><V103/><F11/><W104/><G40/><T65/><D65/><RYUUKYOKU ba="1,2" sc="190,15,163,15,253,-15,374,-15" hai0="13,14,15,37,38,52,55,75,77,81" hai1="36,39,60,61,63,120,122" owari="205,-19.0,178,-32.0,238,4.0,379,47.0" /></mjloggm>