<mjloggm ver="2.3"><GO type="169" lobby="0"/><UN n0="%E3%82%A4%E3%82%BA%E3%83%9F%E3%83%B3" n1="%4B%E3%80%82" n2="%E3%81%8D%E3%81%BE%E3%81%99" n3="%EF%BC%88%E2%89%A7%E2%96%BD%E2%89%A6%EF%BC%89" dan="17,16,16,19" rate="2124.62,2101.49,2054.25,2303.18" sx="M,M,M,M"/><TAIKYOKU oya="0"/><INIT seed="0,0,0,5,2,121" ten="250,250,250,250" oya="0" hai0="15,107,96,54,18,26,68,132,86,61,71,38,73" hai1="14,49,13,79,131,109,41,124,17,65,9,34,83" hai2="58,91,92,1,97,50,126,98,74,59,27,84,3" hai3="110,67,37,11,51,101,82,55,69,99,134,48,122"/><T19/><D38/><U57/><E131/><V31/><F74/><W81/><G122/><T87/><D73/><U103/><E124/><V39/><F126/><W80/><G37/><T114/><D114/><U85/><E34/><V89/><F39/><W64/><G134/><T10/><D132/><U70/><E109/><V108/><F108/><W22/><G110/><T100/><D68/><U127/><E127/><V36/><F36/><W129/><G129/><T63/><D63/><U93/><E70/><V115/><F115/><W72/><G72/><T52/><D71/><U116/><E116/><V76/><F76/><W117/><G117/><T119/><D119/><U123/><E123/><V118/><F118/><W33/><G33/><T106/><D107/><U7/><E65/><V30/><F27/><W44/><G69/><T42/><D42/><U28/><E28/><V102/><F102/><W113/><G113/><T8/><D26/><U111/><E111/><V45/><F50/><W88/><G48/><T56/><D54/><U0/><E0/><V77/><F77/><W5/><G22/><T6/><REACH who="0" step="1"/><D19/><REACH who="0" ten="240,250,250,250" step="2"/><U104/><E104/><V62/><F45/><W53/><G53/><T78/><D78/><U95/><E41/><V128/><F62/><W105/><G64/><T25/><D25/><U130/><E130/><V120/><F128/><W112/><G67/><T23/><D23/><N who="1" m="11703" /><E49/><V75/><F120/><W12/><REACH who="3" step="1"/><G112/><REACH who="3" ten="240,250,250,240" step="2"/><T4/><D4/><U125/><E125/><V21/><F75/><W16/><G16/><T135/><D135/><U24/><E7/><V29/><F21/><RYUUKYOKU ba="0,2" sc="240,15,250,-15,250,-15,240,15" hai0="6,8,10,15,18,52,56,61,86,87,96,100,106" hai3="5,11,12,44,51,55,80,81,82,88,99,101,105" /><INIT seed="0,1,2,5,5,29" ten="255,235,235,255" oya="0" hai0="58,129,83,104,72,118,49,79,87,23,34,111,110" hai1="44,121,61,25,43,0,123,9,75,7,62,20,128" hai2="41,45,125,130,32,84,67,127,11,102,99,24,115" hai3="135,91,12,86,68,101,69,81,113,28,35,114,3"/><T100/><D34/><U56/><E75/><V112/><F130/><W107/><G3/><T95/><D118/><U132/><E128/><V77/><F67/><W70/><G135/><T96/><D129/><U90/><E132/><V6/><F77/><W122/><G122/><T66/><D23/><U30/><E90/><V14/><F84/><W65/><G65/><T71/><D71/><U55/><REACH who="1" step="1"/><E62/><REACH who="1" ten="255,225,235,255" step="2"/><V117/><F117/><W108/><G91/><N who="0" m="53759" /><D49/><AGARI ba="1,3" hai="0,7,9,20,25,30,43,44,49,55,56,61,121,123" machi="49" ten="30,3900,0" yaku="1,1,7,1,53,1" doraHai="29" doraHaiUra="47" who="1" fromWho="0" sc="255,-42,225,72,235,0,255,0" /><INIT seed="1,0,0,4,1,70" ten="213,297,235,255" oya="1" hai0="129,109,96,115,98,28,102,97,49,63,29,110,130" hai1="112,18,90,56,101,131,50,36,92,27,132,65,46" hai2="125,1,15,17,114,124,11,128,118,55,117,9,8" hai3="22,123,24,99,48,31,30,39,121,87,59,61,120"/><U75/><E112/><V111/><F111/><N who="0" m="42506" /><D115/><U43/><E131/><N who="0" m="50185" /><D63/><U85/><E132/><V4/><F55/><W79/><G48/><T104/><D49/><U126/><E75/><V0/><F128/><W81/><G99/><AGARI ba="0,0" hai="28,29,96,97,98,99,102,104" m="50185,42506" machi="99" ten="40,2600,0" yaku="14,1,19,1" doraHai="70" who="0" fromWho="3" sc="213,26,297,0,235,0,255,-26" /><INIT seed="2,0,0,5,1,56" ten="239,297,235,229" oya="2" hai0="115,122,62,70,107,69,102,25,22,14,117,19,86" hai1="100,119,128,66,112,76,26,123,61,72,90,57,30" hai2="18,92,29,108,104,99,5,84,79,38,16,125,91" hai3="2,3,116,44,28,118,6,105,93,11,31,127,55"/><V59/><F38/><W87/><G105/><T37/><D37/><U81/><E119/><V98/><F5/><W89/><G127/><T24/><D117/><U65/><E112/><V7/><F7/><W96/><G2/><T135/><D115/><U97/><E128/><V94/><F125/><W129/><G129/><T78/><D122/><U39/><E123/><V23/><F29/><W133/><G133/><T47/><D70/><U41/><E90/><V58/><F79/><W15/><G3/><T27/><D102/><U51/><E39/><V114/><F104/><W34/><G34/><T126/><D107/><U60/><E41/><V80/><F114/><W75/><G75/><T0/><D0/><U46/><E46/><V21/><F108/><W36/><G118/><T131/><D126/><U1/><E51/><V12/><F94/><N who="3" m="54591" /><G116/><T106/><D106/><U95/><E1/><V113/><F113/><W73/><G73/><T40/><D131/><U124/><E124/><V33/><F99/><W13/><G13/><T43/><D135/><U52/><E61/><V134/><F33/><AGARI ba="0,0" hai="26,30,33,52,57,60,65,66,72,76,81,95,97,100" machi="33" ten="30,3900,0" yaku="7,1,52,1,54,1" doraHai="56" who="1" fromWho="2" sc="239,0,297,39,235,-39,229,0" /><INIT seed="3,0,0,4,1,72" ten="239,336,196,229" oya="3" hai0="84,131,85,25,70,100,116,121,93,2,109,74,99" hai1="52,16,90,113,96,37,23,102,61,19,15,6,24" hai2="66,38,127,33,36,125,63,55,88,46,78,107,133" hai3="89,50,97,11,122,83,132,105,48,117,20,13,12"/><W112/><G112/><T27/><D70/><U111/><E37/><V134/><F33/><W91/><G117/><T30/><D2/><U95/><E113/><V69/><F78/><W75/><G122/><T79/><D116/><U82/><E111/><V92/><F107/><W104/><G132/><N who="2" m="50793" /><F92/><W40/><G105/><T22/><D109/><U129/><E6/><V7/><F7/><W44/><G104/><T98/><D121/><U26/><E129/><V120/><F88/><N who="3" m="33867" /><G75/><T8/><D99/><U77/><E102/><V28/><F28/><W128/><G128/><T18/><D131/><U53/><E61/><V101/><F101/><W106/><G106/><T62/><D62/><U103/><E103/><V42/><F120/><W43/><G97/><T29/><D29/><U47/><E47/><V65/><F65/><W123/><G123/><T114/><D114/><U59/><E59/><V118/><F118/><W115/><G115/><T68/><D68/><U67/><E67/><V32/><F32/><W35/><G35/><T56/><D56/><U130/><E130/><V34/><F34/><W135/><G135/><T4/><D74/><U64/><E64/><V0/><F0/><W60/><G44/><T94/><D98/><U108/><E108/><V80/><F38/><W5/><G5/><T76/><D100/><U21/><E15/><V45/><F80/><W3/><G83/><T14/><D85/><AGARI ba="0,0" hai="16,19,21,23,24,26,52,53,77,82,85,90,95,96" machi="85" ten="30,12000,2" yaku="7,1,9,1,8,1,52,1,54,2" doraHai="72" who="1" fromWho="0" sc="239,-120,336,120,196,0,229,0" /><INIT seed="4,0,0,5,4,19" ten="119,456,196,229" oya="0" hai0="26,28,38,109,80,111,47,62,75,105,39,64,18" hai1="134,12,67,76,117,107,91,127,2,54,55,44,50" hai2="15,9,52,65,104,95,98,85,68,133,120,128,74" hai3="42,110,118,123,0,6,124,90,34,106,116,17,83"/><T36/><D18/><U121/><E117/><V63/><F74/><W4/><G42/><T69/><D105/><U22/><E2/><V129/><F120/><W13/><G106/><T131/><D131/><U1/><E121/><V89/><F133/><W102/><G102/><T21/><D47/><U45/><E107/><V3/><F3/><W101/><G101/><T57/><D57/><U122/><E1/><V51/><F104/><W27/><G110/><N who="0" m="41995" /><D80/><U125/><E122/><V25/><F25/><W78/><G123/><T71/><D71/><U108/><E108/><V56/><REACH who="2" step="1"/><F98/><REACH who="2" ten="119,456,186,229" step="2"/><W37/><G118/><T30/><D30/><U81/><E134/><V73/><F73/><AGARI ba="0,1" hai="21,26,28,36,38,39,62,64,69,73,75" m="41995" machi="73" ten="40,3900,0" yaku="10,1,52,1" doraHai="19" who="0" fromWho="2" sc="119,49,456,0,186,-39,229,0" /><INIT seed="4,1,0,3,3,79" ten="168,456,147,229" oya="0" hai0="26,82,0,34,110,76,16,98,78,61,18,59,133" hai1="44,89,126,43,13,135,15,49,2,88,94,55,93" hai2="121,134,37,40,47,17,124,118,38,39,95,24,132" hai3="74,77,60,73,6,97,57,58,52,9,72,83,8"/><T115/><D0/><U103/><E2/><V5/><F118/><W109/><G109/><T45/><D110/><U101/><E135/><N who="2" m="51755" /><F5/><W56/><G97/><T12/><D133/><U35/><E35/><V66/><F121/><W41/><G41/><T27/><D115/><U87/><E126/><V20/><F124/><W96/><G96/><T123/><D123/><U84/><E43/><V107/><F107/><W28/><G28/><T42/><D98/><U50/><E50/><N who="2" m="26983" /><F95/><W54/><G9/><T51/><D76/><U131/><E131/><V25/><F66/><W91/><G91/><T105/><D105/><U3/><E3/><V129/><F129/><W70/><G70/><T7/><D34/><U81/><E93/><V10/><F10/><W128/><G128/><T80/><D78/><U11/><E11/><V4/><F4/><W1/><G57/><T102/><D102/><AGARI ba="1,0" hai="13,15,44,49,55,81,84,87,88,89,94,101,102,103" machi="102" ten="40,5200,0" yaku="8,1,52,1,54,1" doraHai="79" who="1" fromWho="0" sc="168,-55,456,55,147,0,229,0" /><INIT seed="5,0,0,4,4,114" ten="113,511,147,229" oya="1" hai0="105,79,49,56,107,0,29,19,102,77,40,99,18" hai1="71,48,113,67,13,22,109,57,25,51,60,91,65" hai2="73,53,11,103,5,14,80,81,75,15,6,126,116" hai3="133,120,31,135,130,16,8,21,96,55,74,132,41"/><U94/><E113/><V58/><F126/><W68/><G120/><T35/><D0/><U23/><E109/><V70/><F70/><W127/><G74/><T2/><D2/><U134/><E134/><V82/><F103/><W124/><G68/><T45/><D107/><U34/><E34/><V84/><F84/><W97/><G41/><T90/><D35/><U10/><E67/><V64/><F64/><W26/><G55/><T72/><D29/><U66/><E66/><V20/><F20/><N who="3" m="15815" /><G8/><T50/><D90/><U85/><E71/><V106/><F106/><W9/><G9/><T59/><D72/><U88/><E91/><V17/><F116/><W87/><G87/><T104/><D102/><U63/><E63/><V100/><F100/><W42/><G42/><T128/><D99/><N who="3" m="37961" /><G130/><T108/><D40/><U3/><E3/><V43/><F43/><W37/><G37/><T1/><D1/><U78/><E78/><V110/><F110/><W38/><G38/><T30/><D30/><N who="1" m="17719" /><E23/><V98/><F75/><W52/><G52/><T93/><D108/><U95/><E51/><V33/><F33/><W121/><G121/><T69/><D69/><U28/><E48/><V27/><F73/><W115/><G115/><T89/><D128/><U119/><E28/><V86/><F11/><W76/><G76/><T4/><D89/><U92/><E88/><V131/><F53/><W54/><G54/><T122/><D122/><U112/><E85/><V117/><F86/><W125/><G125/><T24/><D79/><U101/><E101/><V61/><F131/><W83/><G83/><RYUUKYOKU ba="0,0" sc="113,-10,511,-10,147,-10,229,30" hai3="16,21,124,127,132,133,135" /><INIT seed="6,1,0,3,5,36" ten="103,501,137,259" oya="2" hai0="5,24,3,90,46,58,118,20,50,31,111,54,124" hai1="17,120,72,64,1,70,55,80,10,82,117,41,4" hai2="91,35,110,65,61,83,29,104,11,67,60,30,59" hai3="107,112,134,87,53,102,68,32,92,77,62,101,129"/><V97/><F110/><W128/><G32/><T88/><D111/><U126/><E117/><V74/><F35/><W76/><G107/><T15/><D118/><U86/><E126/><V79/><F11/><W14/><G134/><T56/><D124/><U122/><E17/><V103/><REACH who="2" step="1"/><F91/><REACH who="2" ten="103,501,127,259" step="2"/><N who="0" m="34858" /><D3/><U75/><E1/><V27/><F27/><W7/><G128/><T100/><D100/><U108/><E10/><AGARI ba="1,1" hai="5,10,15,20,24,31,46,50,54,56,58" m="34858" machi="10" ten="30,2000,0" yaku="8,1,54,1" doraHai="36" who="0" fromWho="1" sc="103,33,501,-23,127,0,259,0" /><INIT seed="7,0,0,4,5,16" ten="136,478,127,259" oya="3" hai0="14,8,125,27,73,17,18,38,29,67,129,118,83" hai1="20,55,128,63,106,42,41,88,48,54,121,36,32" hai2="105,34,51,107,132,2,111,24,50,78,60,47,66" hai3="122,35,82,99,123,30,76,22,93,77,15,96,45"/><W127/><G127/><T103/><D38/><U119/><E32/><V81/><F111/><W12/><G35/><T68/><D103/><U87/><E121/><V57/><F2/><W5/><G99/><T56/><D125/><U101/><E119/><V133/><F24/><W110/><G110/><T1/><D118/><U58/><E128/><V9/><F9/><W134/><G134/><N who="2" m="51817" /><F34/><W92/><G92/><T28/><D68/><U108/><E87/><N who="2" m="48567" /><F51/><W64/><G5/><T6/><D129/><U10/><E55/><AGARI ba="0,0" hai="47,50,55,57,60,66,105,107" m="48567,51817" machi="55" ten="30,1000,0" yaku="20,1" doraHai="16" who="2" fromWho="1" sc="136,0,478,-10,127,10,259,0" owari="136,-36.0,468,56.0,137,-26.0,259,6.0" /></mjloggm>