<mjloggm ver="2.3"><GO type="97" lobby="0"/><UN n0="%E3%81%82%E3%82%8A%E3%81%88%E3%81%AA%E3%81%99" n1="%E3%81%A4%E3%81%BF%E3%82%93%E3%81%A1%E3%82%85" n2="%6E%61%6F%6E%6F%72%69" n3="%E3%82%A6%E3%83%AB%E3%83%88%E3%83%A9%E7%AB%8B%E7%9B%B4" dan="14,13,14,15" rate="1968.18,1846.51,1898.89,1984.32" sx="M,M,M,M"/><TAIKYOKU oya="0"/><INIT seed="0,0,0,1,1,62" ten="250,250,250,250" oya="0" hai0="89,101,2,93,27,56,88,33,75,48,99,10,102" hai1="79,108,81,103,73,113,52,45,112,44,98,28,129" hai2="21,104,41,17,80,77,19,65,37,67,24,120,71" hai3="15,59,128,9,16,84,20,22,76,50,4,92,125"/><T25/><D75/><U117/><E129/><V124/><F120/><W46/><G125/><T18/><D33/><U111/><E117/><V51/><F104/><W97/><G128/><T94/><D2/><U53/><E28/><N who="2" m="17423" /><F71/><W35/><G35/><T29/><D29/><U43/><E44/><N who="2" m="25999" /><F124/><W23/><G59/><T74/><D74/><U66/><E66/><N who="2" m="25099" /><F37/><W126/><G126/><T5/><D5/><U132/><E113/><V54/><F54/><W64/><G64/><T123/><D123/><U58/><E112/><V109/><F109/><N who="1" m="42057" /><E132/><V96/><F96/><W83/><G4/><T70/><D70/><U82/><E58/><V95/><F95/><W8/><G92/><T38/><D38/><N who="1" m="21751" /><E82/><V0/><F0/><W119/><G97/><N who="0" m="57511" /><D25/><U91/><E91/><V49/><F49/><W31/><G50/><T127/><D127/><U7/><E98/><V110/><F110/><W3/><G3/><T116/><D116/><U61/><E103/><V32/><F32/><W72/><G119/><T69/><D69/><U1/><E61/><V26/><F26/><W60/><G60/><T47/><D56/><U100/><E100/><V11/><F11/><AGARI ba="0,0" hai="1,7,11,52,53,73,79,81" m="21751,42057" machi="11" ten="30,3900,0" yaku="25,1,14,1,54,1" doraHai="62" who="1" fromWho="2" sc="250,0,250,39,250,-39,250,0" /><INIT seed="1,0,0,5,0,54" ten="250,289,211,250" oya="1" hai0="100,12,111,91,31,119,108,99,127,22,69,20,70" hai1="15,93,29,130,42,1,37,60,40,115,135,19,24" hai2="8,25,13,85,16,132,44,124,95,48,121,50,103" hai3="62,86,64,9,36,78,39,118,125,75,57,34,96"/><U74/><E115/><V101/><F121/><W81/><G34/><T79/><D119/><U123/><E74/><V52/><F124/><W76/><G125/><T92/><D79/><U14/><E123/><V21/><F132/><W126/><G126/><T65/><D127/><U51/><E135/><V59/><F85/><W98/><G118/><T11/><D65/><U49/><E1/><V114/><F95/><W55/><G39/><T72/><D72/><U38/><E130/><V113/><F113/><W26/><G36/><T58/><D69/><U104/><E104/><V66/><F66/><W43/><G43/><T61/><D70/><U134/><E134/><V77/><F77/><W67/><G26/><T17/><D31/><U3/><E3/><V116/><F116/><W41/><G41/><T90/><D61/><U56/><E60/><V53/><F114/><W120/><G120/><T33/><D33/><U0/><E0/><V45/><F45/><W73/><G9/><T4/><D22/><U87/><E93/><V71/><F71/><W32/><G32/><T83/><D58/><U97/><E87/><V28/><AGARI ba="0,0" hai="8,13,16,21,25,28,44,48,50,52,53,59,101,103" machi="28" ten="20,12000,2" yaku="0,1,7,1,8,1,52,1,54,2" doraHai="54" who="2" fromWho="2" sc="250,-30,289,-60,211,120,250,-30" /><INIT seed="2,0,0,1,1,0" ten="220,229,331,220" oya="2" hai0="12,82,1,27,87,35,48,57,8,3,122,19,67" hai1="32,59,20,11,104,7,71,51,116,44,105,25,15" hai2="123,119,78,132,106,86,89,120,6,40,65,21,37" hai3="14,81,93,135,118,130,50,97,102,55,90,88,53"/><V60/><F119/><W28/><G118/><T111/><D122/><U33/><E71/><V127/><F106/><W39/><G39/><T54/><D54/><BYE who="0" /><U133/><E116/><V117/><F117/><W22/><G130/><T61/><D61/><U30/><E133/><V85/><F132/><W46/><G135/><T129/><D129/><U13/><E59/><V5/><F127/><W9/><G55/><T113/><D113/><U52/><REACH who="1" step="1"/><E15/><REACH who="1" ten="220,219,331,220" step="2"/><V80/><F123/><W45/><G45/><T94/><D94/><U79/><E79/><V128/><F128/><W36/><G81/><T38/><D38/><U95/><E95/><N who="2" m="54703" /><F37/><W72/><G36/><T26/><D26/><U68/><E68/><V91/><F120/><W63/><G63/><T24/><D24/><U69/><E69/><V108/><F78/><W124/><G124/><T98/><D98/><U42/><E42/><V103/><F40/><W10/><G14/><T62/><D62/><U75/><E75/><V41/><F41/><W29/><G72/><T31/><D31/><U43/><E43/><V74/><F74/><W84/><G29/><T92/><D92/><U47/><E47/><V16/><F103/><W73/><G73/><T107/><D107/><AGARI ba="0,1" hai="7,11,13,20,25,30,32,33,44,51,52,104,105,107" machi="107" ten="40,5200,0" yaku="1,1,52,1,54,1,53,0" doraHai="0" doraHaiUra="99" who="1" fromWho="0" sc="220,-52,219,62,331,0,220,0" /><INIT seed="3,0,0,5,2,120" ten="168,281,331,220" oya="3" hai0="68,125,113,7,43,134,91,96,84,14,80,132,18" hai1="69,19,128,12,21,122,59,79,109,20,33,5,118" hai2="78,60,25,53,27,105,112,90,75,35,129,63,26" hai3="24,106,16,89,46,101,88,104,23,103,99,131,3"/><W37/><G3/><T107/><D107/><U8/><E122/><V41/><F112/><W119/><G119/><T39/><D39/><U124/><E118/><V49/><F105/><W48/><G37/><T50/><D50/><U9/><E69/><V102/><F102/><W95/><G131/><T66/><D66/><U57/><E79/><V17/><F35/><W64/><G64/><T13/><D13/><U74/><E74/><V76/><F129/><W29/><G104/><T11/><D11/><U10/><E128/><V86/><F41/><W93/><G106/><T2/><D2/><N who="1" m="55" /><E33/><V115/><F115/><W117/><G29/><T111/><D111/><U130/><E130/><V133/><F133/><W51/><G117/><T87/><D87/><U22/><E59/><N who="2" m="33199" /><F75/><W58/><G58/><T126/><D126/><U52/><E57/><V56/><F17/><W34/><G34/><T67/><D67/><U15/><E52/><N who="2" m="33799" /><F63/><W28/><G28/><T47/><D47/><U31/><E124/><V6/><F6/><W65/><G65/><T98/><D98/><U36/><E36/><V116/><F116/><W30/><G30/><T82/><D82/><AGARI ba="0,0" hai="25,26,27,76,78,82,86,90" m="33799,33199" machi="82" ten="30,2000,0" yaku="8,1,54,1" doraHai="120" who="2" fromWho="0" sc="168,-20,281,0,331,20,220,0" owari="148,-35.0,281,8.0,351,45.0,220,-18.0" /></mjloggm>