<mjloggm ver="2.3"><GO type="225" lobby="0"/><UN n0="%E9%8A%80%E3%81%B0%E3%81%95%E3%81%BF" n1="%E3%82%A6%E3%83%AB%E3%83%88%E3%83%A9%E7%AB%8B%E7%9B%B4" n2="%4C%61%73%6B%26%59%75" n3="%6E%61%72%72%6F%77%31%39" dan="17,16,16,16" rate="2201.64,2028.59,2133.78,2071.06" sx="M,M,M,F"/><TAIKYOKU oya="0"/><INIT seed="0,0,0,5,0,26" ten="250,250,250,250" oya="0" hai0="111,7,130,37,118,97,66,3,112,93,126,41,19" hai1="94,36,1,22,114,35,43,49,18,55,101,53,40" hai2="124,132,52,116,86,34,84,95,85,25,16,127,115" hai3="128,62,129,135,119,73,109,122,110,79,131,133,17"/><T100/><D112/><U9/><E36/><V98/><F115/><W47/><G62/><T92/><D118/><U63/><E35/><V5/><F116/><W87/><G47/><T121/><D121/><U38/><E38/><V83/><F132/><N who="3" m="50763" /><G17/><T51/><D37/><U80/><E9/><V65/><F5/><W61/><G61/><T45/><D126/><N who="2" m="48170" /><F65/><W75/><G119/><T20/><D130/><U0/><E1/><V78/><F52/><W82/><G122/><T14/><D111/><AGARI ba="0,0" hai="73,75,79,82,87,109,110,111,128,129,131" m="50763" machi="111" ten="40,8000,1" yaku="14,1,19,1,20,1,34,2" doraHai="26" who="3" fromWho="0" sc="250,-80,250,0,250,0,250,80" /><INIT seed="1,0,0,4,5,124" ten="170,250,250,330" oya="1" hai0="37,102,87,65,7,0,43,70,129,132,30,99,125" hai1="11,21,16,86,79,123,112,103,88,78,57,40,41" hai2="22,72,82,135,76,126,113,63,94,59,107,49,52" hai3="6,36,105,134,111,115,93,109,17,71,25,55,26"/><U61/><E103/><V12/><F107/><W85/><G105/><T84/><D125/><U116/><E11/><V9/><F126/><W81/><G115/><T95/><D132/><U54/><E123/><V69/><F135/><W34/><G134/><T10/><D30/><U133/><E133/><V83/><F113/><W68/><G36/><T73/><D73/><U64/><E64/><V117/><F117/><W106/><G106/><T4/><D4/><U75/><E75/><V15/><F83/><W23/><G93/><T14/><D0/><U92/><E116/><V108/><F108/><N who="3" m="41547" /><G6/><T47/><D70/><U48/><E112/><V28/><F9/><W131/><G55/><T45/><D65/><U13/><E61/><V35/><F35/><W31/><G131/><T32/><D32/><U101/><E101/><V38/><F38/><W62/><G62/><T66/><D66/><U46/><E46/><V74/><F74/><W96/><G96/><T80/><D47/><U24/><E24/><N who="2" m="16407" /><F94/><W77/><AGARI ba="0,0" hai="17,23,25,26,31,34,68,71,77,81,85" m="41547" machi="77" ten="30,1100,0" yaku="14,1" doraHai="124" who="3" fromWho="3" sc="170,-3,250,-5,250,-3,330,11" /><INIT seed="2,0,0,2,0,31" ten="167,245,247,341" oya="2" hai0="74,34,10,93,129,73,97,135,12,132,64,20,45" hai1="2,37,28,19,11,134,127,110,88,114,111,103,23" hai2="29,94,63,81,25,67,30,124,107,118,22,89,95" hai3="128,65,85,77,60,102,68,126,84,120,122,66,26"/><V4/><F118/><W33/><G128/><T54/><D64/><U69/><E37/><V39/><F107/><W121/><G126/><T108/><D129/><U41/><E41/><V7/><F39/><W104/><G66/><T44/><D20/><U100/><E69/><V76/><F124/><W105/><G105/><T52/><D108/><U99/><E114/><V14/><F30/><N who="3" m="19671" /><G77/><T0/><D0/><U62/><E62/><V130/><F130/><W55/><G55/><T36/><D36/><U113/><E113/><V53/><F53/><W6/><G6/><T40/><D40/><U83/><E28/><V49/><F49/><W115/><G115/><T71/><D71/><U75/><E127/><V32/><F94/><W117/><G117/><T70/><D70/><U98/><E83/><V58/><F22/><W47/><G47/><T38/><D38/><U96/><E23/><V90/><F14/><W51/><G51/><T43/><D43/><U79/><E79/><V27/><F27/><W92/><G92/><T1/><D1/><U56/><E2/><V18/><F18/><W48/><G48/><T8/><D93/><U21/><E19/><V24/><F24/><W72/><G72/><T131/><D131/><U82/><E75/><N who="2" m="43167" /><F95/><W106/><G106/><T133/><D133/><U16/><E134/><V17/><F17/><W123/><G123/><T91/><D12/><U109/><E109/><V125/><F125/><W87/><G121/><T9/><D9/><U57/><E11/><V5/><F5/><W61/><G61/><T119/><D119/><U50/><E110/><RYUUKYOKU ba="0,0" sc="167,-15,245,-15,247,15,341,15" hai2="4,7,25,29,32,58,63,67,89,90" hai3="60,65,68,84,85,87,102,104,120,122" /><INIT seed="2,1,0,1,0,77" ten="152,230,262,356" oya="2" hai0="102,7,113,67,75,131,118,4,12,114,52,115,91" hai1="1,76,90,92,108,72,2,82,99,60,101,127,117" hai2="116,120,133,78,26,122,6,37,30,47,5,126,43" hai3="16,97,28,64,11,124,58,87,100,18,46,40,34"/><V73/><F116/><W98/><G124/><T15/><D118/><U65/><E117/><V103/><F126/><W0/><G97/><T33/><D33/><U21/><E127/><V36/><F133/><W89/><G34/><T105/><D131/><U19/><E108/><V70/><F5/><W104/><G28/><T57/><D67/><U96/><E96/><V69/><F103/><W111/><G111/><T42/><D42/><U62/><E90/><V125/><F125/><W54/><G64/><T79/><D105/><U51/><E51/><V48/><F48/><W29/><G29/><T13/><D102/><U8/><E8/><V110/><F110/><W3/><G3/><T10/><D91/><U128/><E128/><V59/><F59/><W106/><G106/><T112/><N who="0" m="29184" /><DORA hai="9" /><T85/><D75/><U109/><E109/><V49/><F49/><W135/><G135/><T39/><D39/><U31/><E62/><V68/><F37/><W107/><G107/><T38/><D38/><U123/><E123/><V95/><F95/><W66/><G66/><T84/><D79/><U81/><E31/><V83/><F6/><W17/><G0/><T32/><D32/><AGARI ba="1,0" hai="26,30,32,36,43,47,68,69,70,73,78,83,120,122" machi="32" ten="40,7700,0" yaku="23,2,52,1" doraHai="77,9" who="2" fromWho="0" sc="152,-80,230,0,262,80,356,0" /><INIT seed="2,2,0,1,4,16" ten="72,230,342,356" oya="2" hai0="95,17,28,64,87,107,38,78,18,109,60,100,70" hai1="30,69,24,83,134,94,120,50,62,22,31,45,73" hai2="25,57,91,21,8,80,34,67,90,85,132,10,63" hai3="92,55,37,59,88,133,33,81,19,102,114,124,9"/><V66/><F132/><W130/><G133/><T44/><D109/><U118/><E118/><V112/><F112/><W122/><G122/><T131/><D131/><U58/><E69/><V48/><F34/><W2/><G130/><T93/><D93/><U75/><E120/><V23/><F66/><W32/><G37/><T104/><D104/><U129/><E83/><V11/><F25/><W126/><G114/><T49/><D28/><U53/><E129/><V20/><F48/><N who="3" m="31207" /><G81/><T97/><D38/><U121/><E121/><V14/><F91/><W42/><G42/><T82/><REACH who="0" step="1"/><D107/><REACH who="0" ten="62,230,342,356" step="2"/><U115/><E134/><V113/><F113/><W12/><G124/><T4/><D4/><AGARI ba="2,1" hai="4,8,10,11,14,20,21,23,57,63,67,80,85,90" machi="4" ten="40,12000,1" yaku="8,1,52,3" doraHai="16" who="2" fromWho="0" sc="62,-126,230,0,342,136,356,0" owari="-64,-56.0,230,-17.0,478,57.0,356,16.0" /></mjloggm>