<mjloggm ver="2.3"><GO type="97" lobby="0"/><UN n0="%6A%6F%6B%62%31%32%33%34" n1="%E9%BB%92%E9%AC%BC" n2="%E3%82%A6%E3%83%AB%E3%83%88%E3%83%A9%E7%AB%8B%E7%9B%B4" n3="%6D%6F%6B%69%6F" dan="14,15,15,15" rate="1860.89,1991.14,2008.37,2043.39" sx="M,M,M,M"/><TAIKYOKU oya="0"/><INIT seed="0,0,0,3,2,55" ten="250,250,250,250" oya="0" hai0="126,81,121,78,123,133,38,93,12,131,118,71,42" hai1="125,107,94,51,15,57,59,26,132,62,54,29,41" hai2="85,79,17,120,35,31,100,102,68,87,99,28,113" hai3="58,73,37,104,56,77,111,124,84,89,105,50,21"/><T33/><D12/><U27/><E107/><V16/><F68/><W5/><G37/><T32/><D93/><U64/><E132/><V76/><F35/><W39/><G39/><T53/><D53/><U122/><E122/><V60/><F60/><W80/><G124/><T6/><D6/><U67/><E125/><V23/><F23/><W98/><G111/><T3/><D81/><U70/><E41/><V69/><F69/><W90/><G5/><T14/><D14/><U43/><E43/><V4/><F4/><W13/><G105/><T130/><D78/><U34/><E70/><V30/><F99/><W9/><G21/><T63/><D42/><U61/><E26/><V48/><F48/><W74/><G50/><T108/><D63/><U96/><E15/><V119/><F119/><W92/><G74/><T45/><D45/><U46/><E94/><V10/><F10/><W52/><G52/><T7/><D7/><U65/><REACH who="1" step="1"/><E96/><REACH who="1" ten="250,240,250,250" step="2"/><V117/><F120/><W0/><G104/><T1/><D126/><U115/><E115/><V109/><F113/><W44/><G98/><T106/><D71/><U40/><AGARI ba="0,1" hai="27,29,34,40,46,51,54,57,59,61,62,64,65,67" machi="40" ten="20,8000,1" yaku="1,1,0,1,7,1,52,2,53,0" doraHai="55" doraHaiUra="86" who="1" fromWho="1" sc="250,-40,240,90,250,-20,250,-20" /><INIT seed="1,0,0,0,1,34" ten="210,330,230,230" oya="1" hai0="15,101,19,75,112,96,55,43,33,126,98,132,44" hai1="122,73,113,5,91,26,117,79,104,50,94,25,30" hai2="20,57,13,29,67,64,86,107,18,116,103,1,125" hai3="108,99,53,42,58,65,115,45,24,23,81,0,63"/><U16/><E117/><V38/><F38/><W89/><G108/><T74/><D112/><U54/><E104/><V39/><F39/><W76/><G115/><T87/><D132/><U105/><E113/><V66/><F103/><W17/><G0/><T2/><D126/><U90/><E105/><V129/><F107/><W100/><G89/><T102/><D33/><U68/><E68/><V60/><F116/><W92/><G65/><T88/><D55/><U84/><E73/><V56/><F125/><W80/><REACH who="3" step="1"/><G76/><REACH who="3" ten="210,330,230,220" step="2"/><T128/><D2/><U36/><E79/><V97/><F1/><W71/><G71/><T82/><D128/><U49/><E91/><V72/><F66/><W124/><G124/><T31/><D102/><U121/><E90/><V78/><F67/><W61/><G61/><T118/><D101/><U110/><E110/><V22/><F60/><W9/><G9/><T77/><D118/><U47/><E122/><V130/><F64/><W111/><G111/><T41/><D75/><U83/><E121/><V12/><F72/><W133/><G133/><T46/><D74/><U119/><E119/><V6/><F130/><W21/><G21/><N who="0" m="11519" /><D77/><U127/><E127/><V28/><F129/><W8/><G8/><T32/><D41/><U95/><E54/><V48/><F78/><W135/><G135/><T7/><D43/><U27/><E36/><AGARI ba="0,1" hai="17,23,24,36,42,45,53,58,63,80,81,92,99,100" machi="36" ten="30,2000,0" yaku="1,1,7,1,53,0" doraHai="34" doraHaiUra="106" who="3" fromWho="1" sc="210,0,330,-20,230,0,220,30" /><INIT seed="2,0,0,1,5,119" ten="210,310,230,250" oya="2" hai0="49,97,1,56,27,80,4,76,95,36,121,118,88" hai1="74,131,117,107,66,114,18,132,2,92,3,28,25" hai2="70,55,0,53,113,43,77,14,78,99,13,103,79" hai3="98,127,45,37,20,5,81,102,44,111,116,106,54"/><V115/><F0/><W109/><G127/><T87/><D36/><U104/><E74/><V42/><F70/><W123/><G123/><T61/><D118/><U96/><E114/><V67/><F67/><W86/><G37/><T35/><D1/><U84/><E117/><V91/><F103/><W38/><G38/><T120/><D4/><U60/><E132/><V83/><F83/><W29/><G5/><T125/><D125/><U124/><E124/><V100/><F100/><W101/><G101/><T65/><D49/><U134/><E131/><V112/><F99/><W72/><G72/><T85/><D27/><U19/><E134/><V31/><F91/><W6/><G6/><T26/><D85/><U105/><E84/><V68/><F68/><W24/><G116/><T11/><D11/><U64/><E2/><V21/><F21/><W122/><G122/><N who="0" m="47211" /><D26/><U110/><E3/><V15/><F31/><W30/><G30/><T69/><D35/><U46/><E18/><V108/><F108/><N who="3" m="41547" /><G54/><AGARI ba="0,0" hai="13,14,15,42,43,53,54,55,77,78,79,112,113,115" machi="54" ten="50,12000,1" yaku="29,2,28,2" doraHai="119" who="2" fromWho="3" sc="210,0,310,0,230,120,250,-120" /><INIT seed="2,1,0,0,4,54" ten="210,310,350,130" oya="2" hai0="112,63,30,114,124,95,49,51,1,27,46,42,92" hai1="126,59,53,116,8,32,89,7,122,14,45,71,18" hai2="111,61,11,85,113,48,25,91,76,34,37,79,72" hai3="88,78,35,103,130,41,36,98,15,5,43,2,6"/><V33/><F37/><W127/><G35/><T105/><D124/><U118/><E71/><V39/><F39/><W108/><G127/><T21/><D1/><U102/><E126/><V119/><F119/><W20/><G36/><T3/><D3/><U129/><E122/><V40/><F72/><W75/><G75/><T135/><D135/><U58/><E129/><V16/><F113/><W120/><G78/><T134/><D105/><U12/><E32/><V80/><F34/><W101/><G2/><T23/><D134/><U131/><E131/><V100/><F33/><W74/><G74/><T84/><D21/><U38/><E102/><V121/><F121/><W50/><G130/><T47/><D63/><U10/><E89/><V125/><F125/><W123/><G20/><T132/><D132/><U64/><E38/><V77/><F100/><W90/><G50/><T44/><D84/><U19/><E7/><V29/><F29/><W9/><G15/><T73/><D73/><U128/><E128/><V94/><F61/><W86/><G86/><T83/><D83/><U26/><E26/><V96/><F111/><W60/><G60/><T104/><D104/><U107/><E107/><V0/><F0/><W99/><REACH who="3" step="1"/><G9/><REACH who="3" ten="210,310,350,120" step="2"/><T109/><D109/><AGARI ba="1,1" hai="5,6,41,43,88,90,98,99,101,103,108,109,120,123" machi="109" ten="25,12000,2" yaku="1,1,2,1,22,2,54,1,53,2" doraHai="54" doraHaiUra="117" who="3" fromWho="0" sc="210,-123,310,0,350,0,120,133" /><INIT seed="3,0,0,2,2,113" ten="87,310,350,253" oya="3" hai0="41,46,94,60,40,90,58,48,0,25,33,78,82" hai1="120,38,126,65,47,49,86,99,20,106,19,17,52" hai2="35,59,127,100,27,131,114,16,69,61,124,2,72" hai3="76,18,68,7,6,50,55,115,84,4,10,118,125"/><W34/><G115/><T73/><D0/><U85/><E120/><V37/><F2/><W83/><G34/><T74/><D40/><U129/><E126/><V93/><F72/><W122/><G122/><T91/><D91/><U11/><BYE who="0" /><E129/><V8/><F69/><W123/><G123/><T112/><D112/><U23/><E38/><V39/><F131/><W133/><G125/><T32/><D32/><U29/><E65/><V132/><F114/><W36/><G36/><T108/><D108/><U134/><E134/><V130/><F130/><W62/><G133/><T21/><D21/><U44/><E106/><V95/><F132/><W54/><G118/><T88/><D88/><U31/><E99/><V75/><F75/><W70/><G62/><T64/><D64/><U87/><E11/><UN n0="%6A%6F%6B%62%31%32%33%34" /><V135/><F35/><W110/><G110/><T56/><D25/><U102/><E102/><V22/><F39/><W103/><G103/><T14/><D33/><U119/><E119/><V98/><F37/><W1/><G1/><T63/><D14/><U24/><REACH who="1" step="1"/><E47/><REACH who="1" ten="87,300,350,253" step="2"/><V42/><F135/><W5/><G70/><T89/><D73/><U105/><E105/><V96/><F124/><W107/><G107/><T101/><D101/><U3/><E3/><V15/><F127/><W79/><G68/><T111/><D111/><U12/><AGARI ba="0,1" hai="12,17,19,20,23,24,29,31,44,49,52,85,86,87" machi="12" ten="30,8000,1" yaku="1,1,0,1,8,1,54,1,53,1" doraHai="113" doraHaiUra="51" who="1" fromWho="1" sc="87,-20,300,90,350,-20,253,-40" owari="67,-43.0,390,49.0,330,13.0,213,-19.0" /></mjloggm>