<mjloggm ver="2.3"><GO type="97" lobby="0"/><UN n0="%E3%82%A6%E3%83%AB%E3%83%88%E3%83%A9%E7%AB%8B%E7%9B%B4" n1="%E3%83%81%E3%82%AD%E3%83%B3" n2="%54%45%52%55%32%34%31%31" n3="%6D%6F%74%74%69%32" dan="15,14,13,14" rate="1963.65,1997.73,1833.56,1829.58" sx="M,M,M,M"/><TAIKYOKU oya="0"/><INIT seed="0,0,0,0,1,29" ten="250,250,250,250" oya="0" hai0="83,92,13,80,5,95,59,12,75,81,34,32,108" hai1="100,105,28,35,58,113,106,76,126,17,70,115,52" hai2="67,36,18,3,79,56,19,98,25,71,77,4,8" hai3="96,64,119,37,111,23,44,48,109,78,33,62,121"/><T116/><D75/><U43/><E70/><V53/><F36/><W60/><G37/><T10/><D116/><U47/><E76/><V61/><F98/><W128/><G119/><T86/><D108/><N who="3" m="41545" /><G78/><T65/><D86/><U135/><E17/><V68/><F68/><W51/><G62/><T112/><D112/><N who="1" m="43083" /><E100/><V73/><F79/><W38/><G51/><T72/><D72/><U87/><E87/><V131/><F131/><W63/><G60/><T0/><D59/><U101/><E101/><V103/><F103/><W40/><G96/><T50/><D50/><N who="1" m="27007" /><E126/><V11/><F77/><W27/><G38/><T125/><D125/><U14/><E14/><V97/><F97/><W91/><G91/><T22/><D65/><U57/><E135/><V122/><F122/><W102/><G121/><T39/><D39/><U21/><E21/><V26/><F73/><W49/><G102/><T15/><REACH who="0" step="1"/><D22/><REACH who="0" ten="240,250,250,250" step="2"/><U69/><E58/><V133/><F67/><W20/><G49/><T24/><D24/><N who="1" m="18823" /><E69/><V6/><F71/><W124/><G124/><T30/><D30/><U42/><E42/><V90/><F61/><AGARI ba="0,1" hai="52,57,61,105,106" m="18823,27007,43083" machi="61" ten="30,3900,0" yaku="11,1,52,1,54,1" doraHai="29" who="1" fromWho="2" sc="240,0,250,49,250,-39,250,0" /><INIT seed="1,0,0,2,3,44" ten="240,299,211,250" oya="1" hai0="3,39,41,135,8,32,1,62,127,120,131,109,51" hai1="126,111,123,99,114,66,103,64,29,77,24,107,90" hai2="81,54,85,78,124,10,2,27,117,75,82,60,97" hai3="67,132,88,47,133,55,130,61,91,58,6,15,53"/><U4/><E123/><V31/><F117/><W104/><G104/><T28/><D120/><U121/><E121/><V73/><F124/><W116/><G47/><T43/><D127/><U69/><E114/><V37/><F37/><W40/><G40/><T9/><D62/><U52/><E126/><V48/><F97/><W7/><G116/><T70/><D70/><U33/><E4/><V112/><F112/><W108/><G55/><T25/><D131/><U18/><E77/><V84/><F60/><W94/><G91/><T87/><D87/><U80/><E80/><V50/><F2/><W11/><G7/><T13/><D135/><U92/><E18/><V35/><F10/><W119/><G130/><T57/><D109/><U93/><E107/><V125/><F54/><W68/><G108/><T30/><D13/><U128/><E128/><V49/><REACH who="2" step="1"/><F125/><REACH who="2" ten="240,299,201,250" step="2"/><W118/><G119/><T98/><D98/><U129/><E129/><V76/><AGARI ba="0,1" hai="27,31,35,48,49,50,73,75,76,78,81,82,84,85" machi="76" ten="30,12000,2" yaku="1,1,2,1,0,1,9,1,52,3,53,0" doraHai="44" doraHaiUra="56" who="2" fromWho="2" sc="240,-30,299,-60,201,130,250,-30" /><INIT seed="2,0,0,4,0,122" ten="210,239,331,220" oya="2" hai0="116,79,2,125,113,21,61,4,101,25,33,57,107" hai1="29,48,27,16,35,6,43,28,115,88,97,130,8" hai2="5,84,50,94,0,131,105,23,102,108,133,114,52" hai3="103,32,63,106,124,117,20,126,71,54,30,15,12"/><V135/><F114/><W100/><G117/><T75/><D33/><U9/><E115/><V87/><F105/><W109/><G106/><T13/><D116/><U51/><E130/><V123/><F123/><W83/><G15/><T92/><D107/><U49/><E29/><V3/><F131/><W110/><G32/><T39/><D39/><U120/><E120/><V90/><F23/><W18/><G83/><T11/><D113/><U91/><E43/><V26/><F26/><N who="3" m="16711" /><G54/><T70/><D70/><U129/><E129/><V45/><F102/><N who="3" m="38955" /><G63/><T67/><D125/><N who="3" m="48233" /><G71/><T42/><D42/><U58/><E58/><V46/><F5/><W55/><G55/><T60/><D60/><U72/><E72/><V19/><F19/><W37/><G37/><T41/><D41/><U66/><E66/><V65/><F65/><W76/><G76/><T80/><D101/><U64/><E64/><V7/><F7/><W22/><AGARI ba="0,0" hai="12,18,22,109,110" m="48233,38955,16711" machi="22" ten="30,4000,0" yaku="18,1,52,2" doraHai="122" who="3" fromWho="3" sc="210,-10,239,-10,331,-20,220,40" /><INIT seed="3,0,0,1,1,33" ten="200,229,311,260" oya="3" hai0="95,13,84,112,39,21,41,89,126,19,63,57,76" hai1="16,82,133,3,103,80,32,75,0,77,2,135,62" hai2="90,105,35,94,48,42,115,11,60,131,109,110,61" hai3="122,70,85,87,118,119,17,99,28,97,51,18,106"/><W120/><G70/><T53/><D112/><U113/><E113/><V72/><F115/><W59/><G51/><T116/><D116/><N who="3" m="44585" /><G59/><T123/><D123/><N who="3" m="47145" /><G28/><T38/><D126/><U56/><E32/><V111/><F35/><W14/><G14/><T24/><D41/><U25/><E103/><V58/><F105/><W107/><G18/><T50/><D76/><U79/><E25/><V6/><F72/><W55/><G55/><T66/><REACH who="0" step="1"/><D24/><REACH who="0" ten="190,229,311,260" step="2"/><U88/><E77/><V4/><F42/><W49/><G107/><T12/><D12/><U124/><E124/><V81/><F131/><W10/><G106/><T74/><D74/><U30/><E30/><V91/><F81/><W114/><G114/><T22/><D22/><U101/><E101/><V40/><F40/><W47/><G10/><T83/><D83/><U43/><E43/><V26/><F26/><W5/><G87/><T44/><AGARI ba="0,1" hai="13,19,21,38,39,44,50,53,57,63,66,84,89,95" machi="44" ten="20,5200,0" yaku="1,1,0,1,7,1,53,1" doraHai="33" doraHaiUra="86" who="0" fromWho="0" sc="190,62,229,-13,311,-13,260,-26" /><INIT seed="4,0,0,2,4,2" ten="252,216,298,234" oya="0" hai0="68,9,40,1,87,103,52,12,99,7,134,57,104" hai1="133,78,84,56,39,77,51,31,132,131,129,48,114" hai2="22,118,115,112,135,98,27,80,91,53,83,97,100" hai3="76,117,60,92,106,24,123,95,69,34,79,116,61"/><T81/><D68/><U105/><E39/><V67/><F118/><N who="3" m="45675" /><G34/><T29/><D40/><U38/><E38/><V74/><F67/><W72/><G69/><T127/><D29/><U86/><E105/><V122/><F122/><W96/><G24/><T41/><D41/><U82/><E31/><N who="2" m="17911" /><F135/><N who="1" m="51785" /><E56/><V23/><F23/><W111/><G111/><T107/><D134/><U17/><E17/><V89/><F53/><W45/><G45/><T130/><D107/><U64/><E64/><V0/><F0/><W90/><G60/><T120/><D120/><U75/><E114/><N who="2" m="43563" /><F74/><W37/><G37/><T50/><D1/><U10/><E10/><V58/><F58/><W15/><G72/><T21/><D21/><U102/><E102/><V55/><F55/><W6/><G123/><T125/><REACH who="0" step="1"/><D130/><REACH who="0" ten="242,216,298,234" step="2"/><N who="1" m="49675" /><E75/><V44/><F44/><W26/><G106/><T63/><D63/><U110/><E110/><V43/><F43/><W46/><G61/><T28/><D28/><U11/><E11/><V71/><F71/><W124/><G76/><AGARI ba="0,1" hai="7,9,12,50,52,57,76,81,87,99,103,104,125,127" machi="76" ten="40,7700,0" yaku="1,1,52,1,54,1,53,0" doraHai="2" doraHaiUra="18" who="0" fromWho="3" sc="242,87,216,0,298,0,234,-77" owari="329,42.0,216,-18.0,298,10.0,157,-34.0" /></mjloggm>