<mjloggm ver="2.3"><GO type="97" lobby="0"/><UN n0="%6B%69%6E%67%38%36%35%34" n1="%E7%A7%98%E5%89%A3%E2%98%85%E5%8D%83%E9%B3%A5%E2%98%85" n2="%E3%82%A6%E3%83%AB%E3%83%88%E3%83%A9%E7%AB%8B%E7%9B%B4" n3="%E7%89%8C%E7%8E%8B%E4%BD%8D" dan="13,14,15,14" rate="1864.00,1961.35,1973.67,1929.51" sx="M,M,M,M"/><TAIKYOKU oya="0"/><INIT seed="0,0,0,4,0,42" ten="250,250,250,250" oya="0" hai0="111,55,104,40,57,17,114,121,74,122,60,106,131" hai1="24,38,48,120,25,53,103,96,110,12,59,107,89" hai2="66,18,0,135,84,26,49,29,90,113,1,85,51" hai3="8,65,127,37,119,134,11,77,28,23,95,71,112"/><T31/><D74/><U14/><E120/><V41/><F85/><W2/><G65/><T129/><D114/><U13/><E38/><V75/><F75/><W94/><G77/><T45/><D31/><U46/><E110/><V91/><F90/><W33/><G28/><T4/><D4/><U76/><E76/><V97/><F51/><W68/><G23/><T67/><D17/><U62/><REACH who="1" step="1"/><E89/><REACH who="1" ten="250,240,250,250" step="2"/><V3/><F91/><W58/><G37/><N who="0" m="21647" /><D111/><U34/><E34/><V54/><F113/><W22/><G33/><T78/><D78/><U39/><E39/><V50/><F97/><W101/><G112/><T133/><D133/><U93/><E93/><V27/><F135/><W36/><G95/><T108/><D108/><U56/><E56/><V86/><F86/><W20/><G94/><T98/><D106/><U43/><AGARI ba="0,1" hai="12,13,14,24,25,43,46,48,53,59,62,96,103,107" machi="43" ten="30,4000,0" yaku="1,1,0,1,52,1,53,0" doraHai="42" doraHaiUra="116" who="1" fromWho="1" sc="250,-20,240,50,250,-10,250,-10" /><INIT seed="1,0,0,1,0,104" ten="230,290,240,240" oya="1" hai0="102,10,65,78,38,18,119,134,111,133,17,129,61" hai1="32,36,11,50,56,85,97,37,105,21,55,80,95" hai2="30,122,118,63,40,66,48,89,15,107,52,131,135" hai3="100,62,90,6,67,44,93,108,112,130,75,91,51"/><U94/><E32/><V116/><F107/><W88/><G112/><T79/><D119/><U64/><E105/><V124/><F30/><W110/><G130/><T1/><D129/><U42/><E37/><V16/><F131/><W29/><G6/><N who="0" m="1359" /><D38/><U103/><E94/><V49/><F118/><W33/><G29/><T92/><D111/><U114/><E114/><V109/><F109/><W82/><G33/><T125/><D102/><U72/><E72/><V41/><F116/><W121/><G121/><T59/><D92/><U3/><E64/><V53/><F122/><W22/><G22/><T60/><D60/><U46/><E21/><V28/><F28/><W73/><G108/><T25/><D125/><U12/><E3/><V26/><F26/><W86/><G100/><T106/><D106/><U58/><E56/><V132/><F89/><W5/><G5/><T24/><D24/><U31/><E31/><V19/><F124/><W113/><G113/><T68/><D68/><U76/><E12/><V77/><F15/><W101/><G101/><T81/><D25/><U96/><E97/><V69/><F69/><W126/><G126/><T35/><D35/><U13/><E13/><V74/><F66/><W99/><G110/><T84/><D79/><U23/><E23/><V57/><F63/><W7/><G91/><T47/><D47/><U127/><E127/><V4/><F57/><W27/><G27/><T83/><D83/><U70/><E70/><V39/><F39/><W43/><G7/><T20/><D20/><U9/><AGARI ba="0,0" hai="9,11,36,42,46,50,55,58,76,80,85,95,96,103" machi="9" ten="30,1500,0" yaku="0,1" doraHai="104" who="1" fromWho="1" sc="230,-5,290,15,240,-5,240,-5" /><INIT seed="1,1,0,2,5,113" ten="225,305,235,235" oya="1" hai0="19,30,2,97,89,68,125,120,5,109,91,72,102" hai1="87,73,34,24,16,98,25,52,86,43,104,121,55" hai2="82,78,92,100,127,14,69,112,13,36,60,81,11" hai3="46,33,53,79,64,80,31,8,107,17,37,74,0"/><U103/><E121/><V134/><F36/><W65/><G53/><T1/><D68/><U71/><E73/><V32/><F32/><W59/><G17/><T63/><D72/><U123/><E123/><V99/><F112/><W48/><G107/><T51/><D120/><U117/><E117/><V106/><F127/><W20/><G20/><T116/><D125/><U50/><E71/><V90/><F134/><W45/><G45/><T108/><D30/><U111/><E55/><V35/><F35/><W3/><G3/><N who="0" m="1035" /><D5/><U23/><E43/><V129/><F129/><W84/><G84/><T122/><D63/><U95/><E104/><V132/><F132/><W28/><G48/><T119/><D19/><U7/><E7/><V41/><F41/><W54/><G59/><T128/><D51/><U131/><E131/><V4/><F60/><W10/><G54/><T75/><D75/><U26/><E34/><V67/><F67/><W22/><G33/><T135/><D135/><U105/><E105/><V118/><F69/><W18/><G64/><T15/><D15/><N who="1" m="9631" /><E111/><N who="0" m="42569" /><D128/><U61/><E61/><V58/><F14/><N who="3" m="9559" /><G65/><T94/><D122/><U66/><E66/><V21/><F13/><W130/><G130/><T85/><D85/><U56/><AGARI ba="1,0" hai="24,25,26,50,52,56,86,87,95,98,103" m="9631" machi="56" ten="30,6000,0" yaku="8,1,54,2" doraHai="113" who="1" fromWho="1" sc="225,-21,305,63,235,-21,235,-21" /><INIT seed="1,2,0,5,3,31" ten="204,368,214,214" oya="1" hai0="110,135,128,29,79,41,25,93,104,78,90,126,73" hai1="122,134,42,92,17,84,98,14,38,1,68,108,60" hai2="34,69,131,125,44,21,129,36,88,58,4,82,9" hai3="35,59,105,61,40,18,8,133,23,106,97,12,127"/><U83/><E122/><V22/><F69/><W55/><G133/><T51/><D135/><U30/><E1/><V117/><F117/><W39/><G127/><T50/><D126/><U71/><E134/><V96/><F58/><W111/><G111/><T10/><D110/><U118/><E118/><V113/><F125/><W101/><G40/><T74/><D104/><U32/><E71/><V24/><F113/><W49/><G39/><T56/><D128/><N who="2" m="49226" /><F44/><W119/><G119/><T54/><D10/><U102/><E68/><V7/><F36/><W45/><G106/><T46/><D74/><U112/><E38/><V37/><F37/><W132/><G132/><T47/><D73/><U124/><E42/><V62/><F62/><W121/><G121/><T100/><D100/><U33/><E112/><V77/><F77/><W89/><G89/><T67/><D67/><U107/><E60/><V20/><F9/><W123/><G123/><T52/><D56/><U66/><E66/><V3/><F3/><W43/><REACH who="3" step="1"/><G8/><REACH who="3" ten="204,368,214,204" step="2"/><T57/><D41/><U91/><E124/><V0/><F0/><W116/><G116/><T95/><D57/><U65/><E107/><V64/><F64/><W87/><G87/><T5/><D90/><U80/><E65/><V19/><F88/><W28/><G28/><T70/><D70/><U114/><E30/><N who="2" m="19783" /><F96/><W16/><G16/><T11/><D29/><U15/><E108/><V63/><F19/><W120/><G120/><T75/><D75/><U109/><E109/><V76/><F63/><W26/><G26/><T94/><D25/><U72/><E114/><RYUUKYOKU ba="2,1" sc="204,10,368,-30,214,10,204,10" hai0="5,11,46,47,50,51,52,54,78,79,93,94,95" hai2="4,7,20,21,22,76,82" hai3="12,18,23,35,43,45,49,55,59,61,97,101,105" /><INIT seed="2,3,1,2,4,15" ten="214,338,224,214" oya="2" hai0="79,82,47,129,135,133,90,49,91,97,50,78,130" hai1="51,30,44,88,55,54,105,96,85,77,41,31,80" hai2="36,1,123,53,71,75,48,92,8,72,24,28,59" hai3="131,16,52,19,117,108,124,121,23,38,81,106,0"/><V101/><F36/><W120/><G38/><T67/><D67/><U2/><E2/><V87/><F71/><W68/><G68/><T61/><D61/><U32/><E32/><V107/><F123/><W69/><G69/><T35/><D35/><U25/><E105/><V20/><F107/><W98/><G0/><T43/><D97/><U89/><E25/><V63/><F1/><W11/><G117/><T114/><D114/><U22/><E22/><V100/><F75/><W3/><G3/><T126/><D82/><U104/><E104/><V13/><F72/><W40/><G40/><T84/><D84/><U27/><E27/><V14/><F14/><N who="3" m="7263" /><G98/><T57/><D57/><U33/><E33/><V37/><F37/><W116/><G106/><T66/><D66/><U76/><E96/><V122/><F122/><W118/><G81/><T127/><D47/><U9/><E9/><V111/><F111/><W125/><G52/><N who="1" m="20010" /><E76/><V119/><F119/><N who="3" m="45611" /><G108/><T64/><D64/><U128/><E31/><V132/><F100/><W73/><G73/><T83/><D83/><U74/><E30/><V60/><F101/><W21/><G21/><T58/><D58/><U39/><E39/><V109/><F109/><W110/><G131/><T134/><D134/><U5/><E74/><V4/><F132/><W18/><G18/><T26/><D26/><U103/><E103/><V34/><F34/><W10/><G10/><T94/><D94/><U56/><E5/><V45/><F59/><W46/><G110/><T113/><D113/><U42/><E56/><V70/><F70/><W112/><G112/><RYUUKYOKU ba="3,1" sc="214,15,338,-15,224,15,214,-15" hai0="43,49,50,78,79,90,91,126,127,129,130,133,135" hai2="4,8,13,20,24,28,45,48,53,60,63,87,92" /><INIT seed="2,4,1,5,0,22" ten="229,323,239,199" oya="2" hai0="24,51,79,122,8,87,73,78,56,11,50,115,55" hai1="65,45,118,21,17,108,75,91,93,71,80,27,119" hai2="70,82,107,64,35,41,103,128,37,101,42,72,5" hai3="109,60,33,2,94,46,133,1,121,47,125,66,23"/><V69/><F5/><W52/><G33/><T28/><D122/><U29/><E108/><V67/><F35/><W100/><G121/><T57/><D115/><U127/><E45/><V77/><F128/><W63/><G109/><T13/><D73/><U116/><E65/><V20/><F20/><W15/><G2/><T85/><D28/><U131/><E71/><V112/><F112/><W95/><G1/><T18/><D18/><U38/><E38/><V39/><F72/><W58/><G133/><T102/><D102/><U53/><E131/><V120/><F82/><W81/><G81/><T114/><D114/><U31/><E53/><V4/><F4/><W54/><G125/><T84/><D24/><U74/><E127/><V105/><F120/><W3/><G3/><T6/><D8/><U110/><E110/><V68/><F68/><W7/><G7/><T40/><D40/><U30/><REACH who="1" step="1"/><E80/><REACH who="1" ten="229,313,239,199" step="2"/><V76/><AGARI ba="4,2" hai="37,39,41,42,64,67,69,70,76,77,101,103,105,107" machi="76" ten="25,4800,0" yaku="0,1,22,2" doraHai="22" who="2" fromWho="2" sc="229,-20,313,-20,239,80,199,-20" /><INIT seed="2,5,0,2,0,104" ten="209,293,319,179" oya="2" hai0="34,102,49,92,90,7,84,118,42,97,110,115,17" hai1="80,43,59,113,67,3,50,38,124,58,18,120,28" hai2="86,130,53,119,47,85,2,73,14,22,82,127,96" hai3="8,116,61,10,100,105,64,133,70,46,95,109,1"/><V26/><F2/><W107/><G116/><T123/><D123/><U131/><E113/><V121/><F121/><W79/><G133/><T51/><D115/><U62/><E3/><V106/><F119/><W76/><G109/><T39/><D118/><U134/><E120/><V21/><F86/><W12/><G1/><T75/><D110/><U91/><E134/><V126/><F96/><W45/><G95/><T112/><D112/><U101/><E28/><V56/><F106/><W88/><G100/><T122/><D122/><U98/><E124/><N who="2" m="47659" /><F47/><W77/><G88/><T40/><D34/><U125/><E125/><V65/><F65/><W19/><G105/><T41/><D39/><U103/><E38/><V20/><F14/><W129/><G107/><T4/><D75/><U5/><E67/><V68/><F68/><W16/><G129/><T29/><D29/><U99/><E98/><V25/><F73/><W66/><G64/><T32/><D32/><U0/><E99/><V57/><F130/><W72/><G72/><T44/><D17/><U111/><E131/><V108/><F108/><W83/><G83/><N who="0" m="49439" /><D51/><U55/><E111/><V11/><F11/><W48/><G48/><T132/><D132/><U35/><E0/><V15/><F15/><AGARI ba="5,0" hai="8,10,12,15,16,19,45,46,61,66,70,76,77,79" machi="15" ten="40,2600,0" yaku="9,1,54,1" doraHai="104" who="3" fromWho="2" sc="209,0,293,0,319,-41,179,41" /><INIT seed="3,0,0,4,3,3" ten="209,293,278,220" oya="3" hai0="4,105,75,123,45,96,26,21,119,42,126,87,60" hai1="65,91,134,99,41,128,14,101,115,12,94,28,57" hai2="110,74,72,121,52,114,54,51,127,36,33,77,18" hai3="16,2,73,88,43,80,76,32,59,81,103,9,78"/><W107/><G32/><T98/><D75/><U106/><E115/><V118/><F36/><W5/><G59/><T95/><D123/><U129/><E134/><V38/><F38/><W93/><G43/><T111/><D119/><U84/><E28/><V34/><F114/><W25/><G107/><T70/><D126/><U6/><E41/><V56/><F118/><W11/><G103/><T58/><D70/><U24/><E6/><V20/><F127/><W15/><G25/><T30/><D111/><U109/><E24/><V69/><F69/><W46/><G46/><T39/><D105/><U61/><E109/><V8/><F8/><W64/><G64/><T29/><D87/><U131/><AGARI ba="0,0" hai="12,14,57,61,65,84,91,94,99,101,106,128,129,131" machi="131" ten="30,2000,0" yaku="0,1,19,1" doraHai="3" who="1" fromWho="1" sc="209,-5,293,20,278,-5,220,-10" owari="204,-30.0,313,42.0,273,7.0,210,-19.0" /></mjloggm>