<mjloggm ver="2.3"><GO type="225" lobby="0"/><UN n0="%E3%81%BF%E3%81%BF%E3%81%9A" n1="%E5%B7%B7%E3%81%AE%E6%89%93%E3%81%A1%E6%89%8B" n2="%E3%82%A6%E3%83%AB%E3%83%88%E3%83%A9%E7%AB%8B%E7%9B%B4" n3="%E3%81%8A%E3%81%BE%E3%81%A4%E3%82%8A" dan="18,17,16,16" rate="2267.07,2158.90,2024.96,2134.27" sx="M,M,M,F"/><TAIKYOKU oya="0"/><INIT seed="0,0,0,4,4,100" ten="250,250,250,250" oya="0" hai0="135,50,112,6,133,111,99,117,24,63,12,59,84" hai1="8,128,92,20,115,52,61,123,75,83,109,132,43" hai2="79,120,110,81,11,82,91,9,65,93,1,78,49" hai3="64,17,5,56,127,32,118,37,23,86,47,122,15"/><T121/><D112/><U134/><E123/><V42/><F120/><W25/><G118/><T51/><D121/><U113/><E43/><V26/><F110/><W53/><G122/><T108/><D117/><U16/><E109/><N who="0" m="42057" /><D24/><N who="1" m="14343" /><E8/><V31/><F65/><W13/><G127/><T54/><D84/><U62/><E128/><V18/><F18/><W77/><G32/><T88/><D6/><U102/><E75/><V41/><F26/><W46/><G5/><T76/><D76/><U129/><E83/><V72/><F31/><W90/><G77/><T125/><D12/><N who="3" m="4681" /><G37/><T45/><D125/><U116/><E116/><V96/><F1/><W119/><G64/><N who="0" m="39039" /><D50/><U4/><E4/><V89/><F49/><N who="3" m="30767" /><G119/><T2/><D2/><U73/><E73/><V35/><F72/><W14/><N who="3" m="4689" /><W114/><DORA hai="97" /><G114/><N who="1" m="43530" /><E129/><V130/><F130/><W80/><AGARI ba="0,0" hai="17,23,25,46,47,80,86,90" m="30767,4689" machi="80" ten="30,1100,0" yaku="8,1" doraHai="100,97" who="3" fromWho="3" sc="250,-5,250,-3,250,-3,250,11" /><INIT seed="1,0,0,4,3,29" ten="245,247,247,261" oya="1" hai0="95,134,110,35,72,54,78,119,16,42,38,115,57" hai1="4,61,109,135,129,131,99,83,9,50,94,92,96" hai2="0,102,44,43,30,117,46,93,133,2,74,77,103" hai3="125,132,87,108,7,82,118,36,32,114,15,80,47"/><U116/><E116/><V107/><F107/><W3/><G114/><T79/><D119/><U58/><E50/><V24/><F117/><W66/><G118/><T26/><D115/><U65/><E135/><V68/><F68/><W97/><G3/><T51/><D134/><U22/><E83/><V112/><F112/><W20/><G66/><T21/><D110/><U89/><E22/><V60/><F77/><W37/><G32/><T81/><D78/><U62/><E109/><V85/><F74/><W126/><G108/><T23/><D95/><U1/><REACH who="1" step="1"/><E61/><REACH who="1" ten="245,237,247,261" step="2"/><V76/><F60/><W122/><G20/><T25/><D38/><N who="3" m="14953" /><G82/><T104/><D23/><U121/><E121/><V69/><F133/><W55/><G122/><T52/><D51/><U71/><E71/><V88/><F69/><W18/><G132/><T31/><D81/><U63/><E63/><V98/><F43/><W12/><G80/><T100/><D42/><U130/><E130/><V113/><F113/><W111/><G111/><T105/><D21/><U106/><E106/><V5/><F46/><W128/><G128/><T75/><D105/><U33/><E33/><V34/><F44/><W90/><G47/><T101/><D104/><U49/><E49/><V41/><F41/><W10/><G125/><T91/><D35/><U19/><E19/><V28/><F34/><W56/><G126/><T14/><D16/><U17/><E17/><V123/><F123/><W84/><G18/><T120/><D120/><U6/><E6/><V70/><F5/><W13/><G7/><T124/><D124/><U64/><E64/><RYUUKYOKU ba="0,1" sc="245,-10,237,30,247,-10,261,-10" hai1="1,4,9,58,62,65,89,92,94,96,99,129,131" /><INIT seed="1,1,1,0,3,111" ten="235,267,237,251" oya="1" hai0="10,70,101,87,3,38,28,45,4,47,21,88,44" hai1="12,65,53,131,24,130,132,7,18,76,57,117,110" hai2="74,105,77,134,20,114,108,127,135,90,95,5,19" hai3="113,6,23,81,99,128,84,112,64,72,26,61,37"/><U115/><E117/><V83/><F5/><W86/><G37/><T22/><D70/><U66/><E76/><V89/><F105/><W96/><G6/><T11/><D38/><U68/><E68/><V79/><F108/><W133/><G72/><T102/><D11/><N who="1" m="4223" /><E110/><V121/><F121/><W80/><G128/><N who="1" m="49194" /><E132/><N who="2" m="50731" /><F127/><W98/><G133/><T73/><D73/><U50/><E115/><V100/><F79/><W16/><G81/><T92/><REACH who="0" step="1"/><D28/><REACH who="0" ten="225,267,237,251" step="2"/><U125/><E125/><V27/><F114/><W63/><G64/><T14/><D14/><U52/><E53/><V120/><F120/><W33/><G33/><T124/><D124/><U32/><E18/><V42/><F42/><W41/><G41/><T35/><D35/><U2/><E2/><V91/><F19/><W109/><G109/><T51/><D51/><U8/><E8/><V49/><F49/><W31/><G31/><AGARI ba="1,2" hai="24,31,32,50,52,57,65,66" m="49194,4223" machi="31" ten="30,2900,0" yaku="19,1,54,1" doraHai="111" who="1" fromWho="3" sc="225,0,267,52,237,0,251,-32" /><INIT seed="1,2,0,2,0,97" ten="225,319,237,219" oya="1" hai0="0,117,126,87,29,134,1,37,102,59,6,105,60" hai1="78,92,125,34,71,44,123,22,33,81,16,73,40" hai2="9,42,32,23,51,82,41,86,64,106,111,38,85" hai3="26,65,14,91,120,11,24,90,31,55,36,2,95"/><U58/><E123/><V43/><F32/><W50/><G120/><T13/><D117/><U75/><E71/><V118/><F38/><W70/><G2/><T128/><D37/><U100/><E75/><V21/><F106/><W62/><G36/><T57/><D128/><U5/><E5/><V132/><F118/><W12/><G12/><T30/><D126/><U63/><E125/><V18/><F64/><W103/><G103/><T133/><D13/><U104/><E104/><V113/><F113/><W129/><G129/><T19/><D19/><U49/><E100/><V46/><F111/><W122/><G122/><T115/><D115/><U135/><E92/><V114/><F132/><N who="0" m="50794" /><D87/><U54/><REACH who="1" step="1"/><E135/><REACH who="1" ten="225,309,237,219" step="2"/><V28/><F114/><W108/><G108/><T56/><D6/><U121/><E121/><V35/><F82/><W47/><G95/><T80/><D80/><U84/><E84/><V67/><F85/><W127/><G127/><T109/><D109/><U112/><E112/><V8/><F86/><W10/><G90/><T68/><D102/><U48/><E48/><V17/><F51/><W69/><G91/><T20/><D105/><U130/><E130/><V27/><F41/><W77/><G70/><T52/><D68/><U53/><E53/><V3/><F42/><W99/><G69/><T74/><D74/><U76/><E76/><V61/><F43/><W72/><G77/><T66/><D52/><U7/><E7/><V79/><F79/><W101/><G72/><T94/><D94/><U131/><E131/><V96/><F67/><W39/><G65/><T110/><D66/><RYUUKYOKU ba="2,1" sc="225,-10,309,30,237,-10,219,-10" hai1="16,22,33,34,40,44,49,54,58,63,73,78,81" /><INIT seed="1,3,1,3,0,10" ten="215,339,227,209" oya="1" hai0="37,75,128,124,47,4,78,115,79,38,35,29,25" hai1="6,59,92,2,28,56,40,34,42,26,21,125,46" hai2="71,19,72,119,60,1,131,89,130,50,55,0,109" hai3="16,65,99,108,70,123,102,77,103,51,62,39,90"/><U53/><E125/><V84/><F72/><W58/><G123/><T134/><D115/><U64/><E2/><V3/><F119/><W44/><G77/><T9/><D124/><U63/><E34/><V122/><F122/><W67/><G108/><T48/><D128/><N who="2" m="49194" /><F109/><W27/><G39/><T12/><D134/><U36/><E6/><V88/><F84/><W31/><G31/><T135/><D135/><U11/><E11/><V13/><F60/><W74/><G74/><T112/><D112/><U18/><E92/><V116/><F71/><W97/><G67/><T111/><D111/><U118/><E118/><V5/><F5/><W126/><G70/><T114/><D114/><U87/><E87/><V80/><F80/><W96/><G90/><T85/><D75/><U49/><REACH who="1" step="1"/><E42/><REACH who="1" ten="215,329,227,209" step="2"/><V83/><F116/><W86/><G126/><T81/><D78/><U7/><E7/><V95/><F95/><W15/><G86/><T45/><D45/><U23/><E23/><N who="2" m="11759" /><F83/><W22/><G27/><T107/><REACH who="0" step="1"/><D107/><REACH who="0" ten="205,329,227,209" step="2"/><U43/><E43/><AGARI ba="3,3" hai="15,16,22,43,44,51,58,62,65,96,97,99,102,103" machi="43" ten="40,5200,0" yaku="8,1,52,1,54,1" doraHai="10" who="3" fromWho="1" sc="205,0,329,-61,227,0,209,91" /><AGARI ba="3,0" hai="4,9,12,25,29,35,37,38,43,47,48,79,81,85" machi="43" ten="30,12000,2" yaku="1,1,2,1,7,1,25,2,52,1,53,0" doraHai="10" doraHaiUra="54" who="0" fromWho="1" sc="205,120,268,-120,227,0,300,0" /><INIT seed="2,0,0,5,5,95" ten="325,148,227,300" oya="2" hai0="57,56,128,21,72,94,115,78,67,7,48,30,112" hai1="93,132,121,124,111,33,40,55,82,31,36,70,37" hai2="118,62,50,51,100,23,97,88,16,65,108,102,84" hai3="77,26,2,66,61,53,17,131,86,91,92,3,106"/><V45/><F108/><W85/><G131/><T125/><D128/><U83/><E70/><V87/><F118/><W25/><G106/><T130/><D130/><U90/><E111/><V60/><F100/><W116/><G116/><T117/><D117/><U1/><E1/><V104/><F87/><W39/><G39/><T119/><D119/><U103/><E121/><V134/><F134/><W63/><G53/><T59/><D67/><U38/><E132/><V44/><F44/><W24/><G17/><T127/><D48/><U0/><E0/><V35/><F35/><W46/><G46/><T54/><D54/><U114/><E114/><V8/><F8/><W135/><G135/><T22/><D7/><U9/><E124/><N who="0" m="47689" /><D94/><U110/><E110/><V68/><F62/><W69/><G63/><T105/><D105/><U42/><E103/><V64/><F64/><W79/><G85/><T75/><D78/><U11/><E55/><V113/><F45/><W13/><G2/><T15/><D15/><U107/><E107/><V20/><F113/><N who="0" m="43594" /><D30/><U109/><E109/><V41/><F41/><N who="1" m="15977" /><E83/><V122/><F122/><W129/><G3/><T14/><D14/><U4/><E82/><V28/><F28/><W49/><G129/><T71/><D71/><U96/><E4/><V120/><F120/><W133/><G133/><T126/><D126/><U27/><E9/><V73/><F51/><W76/><G49/><T123/><D123/><U99/><E11/><V5/><F50/><W101/><G13/><T47/><D47/><U81/><E81/><V10/><F10/><W89/><G101/><RYUUKYOKU ba="0,0" sc="325,10,148,10,227,-30,300,10" hai0="21,22,56,57,59,72,75" hai1="27,31,33,36,37,38,90,93,96,99" hai3="24,25,26,61,66,69,76,77,79,86,89,91,92" /><INIT seed="3,1,0,3,2,42" ten="335,158,197,310" oya="3" hai0="121,23,53,85,116,60,11,17,30,75,130,120,127" hai1="4,84,80,77,59,73,76,129,43,63,47,132,52" hai2="56,104,21,106,135,50,19,55,35,36,94,103,64" hai3="54,37,10,128,101,34,86,39,31,105,5,24,83"/><W122/><G122/><T134/><D75/><U96/><E129/><V112/><F35/><W99/><G128/><T1/><D130/><U7/><E132/><V28/><F36/><W25/><G25/><T16/><D116/><U12/><E96/><N who="2" m="59799" /><F112/><W45/><G54/><T117/><D127/><U3/><E3/><V70/><F70/><W33/><G33/><T15/><D117/><U57/><E12/><V67/><F104/><W71/><G45/><T124/><D30/><U113/><E113/><V13/><F106/><W79/><REACH who="3" step="1"/><G71/><REACH who="3" ten="335,158,197,300" step="2"/><T46/><D124/><U95/><E59/><V22/><F135/><W93/><G93/><T98/><D134/><U68/><E68/><V29/><F29/><W18/><G18/><T58/><D98/><U8/><E8/><V49/><F28/><W91/><G91/><T87/><D120/><U44/><E44/><V102/><F22/><W74/><G74/><T6/><D121/><U65/><E65/><V118/><F118/><W2/><AGARI ba="1,1" hai="2,5,10,24,31,34,37,39,79,83,86,99,101,105" machi="2" ten="20,7800,0" yaku="1,1,0,1,7,1,53,1" doraHai="42" doraHaiUra="92" who="3" fromWho="3" sc="335,-27,158,-27,197,-27,300,91" owari="308,11.0,131,-37.0,170,-23.0,391,49.0" /></mjloggm>