<mjloggm ver="2.3"><GO type="97" lobby="0"/><UN n0="%E3%82%A6%E3%83%AB%E3%83%88%E3%83%A9%E7%AB%8B%E7%9B%B4" n1="%E3%81%94%E3%82%8A%E3%82%93" n2="%52%49%44%53%4C" n3="%E7%AD%89%E4%BE%A1%E4%BA%A4%E6%8F%9B" dan="15,14,14,14" rate="1954.52,1980.73,1950.87,1887.15" sx="M,M,M,M"/><TAIKYOKU oya="0"/><INIT seed="0,0,0,1,0,90" ten="250,250,250,250" oya="0" hai0="101,135,1,36,91,73,96,14,16,55,75,89,117" hai1="134,9,103,88,13,94,123,86,84,119,109,56,127" hai2="48,113,60,120,5,6,87,49,133,121,111,50,34" hai3="24,25,132,30,76,37,83,80,62,38,47,106,129"/><T85/><D1/><U102/><E123/><V100/><F113/><W41/><G132/><T107/><D36/><U108/><E119/><V0/><F34/><W39/><G129/><T43/><D43/><U110/><E134/><V64/><F133/><W99/><G62/><T131/><D117/><U124/><E84/><V22/><F111/><W71/><G71/><T32/><D32/><U70/><E70/><V54/><F54/><W105/><G80/><T29/><D29/><U78/><E56/><V20/><F100/><N who="1" m="38441" /><E9/><V52/><F87/><W8/><G8/><T82/><D135/><U77/><E13/><V46/><F0/><W7/><G7/><T104/><D104/><U65/><E65/><V61/><F121/><W69/><G69/><T118/><D118/><U125/><AGARI ba="0,0" hai="77,78,86,88,94,108,109,110,124,125,127" m="38441" machi="125" ten="40,12000,2" yaku="14,1,18,1,34,2,52,1,54,1" doraHai="90" who="1" fromWho="1" sc="250,-60,250,120,250,-30,250,-30" /><INIT seed="1,0,0,0,2,90" ten="190,370,220,220" oya="1" hai0="44,86,106,39,133,57,135,55,19,131,75,20,85" hai1="89,118,113,114,63,72,94,43,15,126,49,0,121" hai2="88,102,124,36,83,3,30,103,93,11,12,100,97" hai3="122,65,99,16,130,47,76,5,110,29,67,108,119"/><U1/><E118/><V37/><F3/><W107/><G122/><T127/><D106/><U21/><E72/><V69/><F69/><W96/><G119/><T129/><D75/><U23/><E121/><V98/><F124/><W78/><G130/><N who="0" m="49675" /><D86/><U74/><E74/><V42/><F37/><W71/><G29/><T79/><D85/><U81/><E81/><V56/><F36/><W80/><G5/><T111/><D79/><U51/><E63/><V70/><F70/><W35/><G35/><T62/><D19/><U117/><E43/><V26/><F42/><W58/><G71/><T45/><D20/><U28/><E15/><V40/><F40/><W10/><G47/><N who="0" m="17995" /><D39/><U27/><E27/><V77/><F83/><W6/><G107/><T34/><D34/><U68/><E28/><V52/><F77/><W112/><G112/><T123/><D123/><U41/><E89/><V14/><F97/><W109/><G78/><T134/><D111/><U61/><E94/><V59/><F59/><W13/><G6/><T8/><D8/><U120/><E1/><V64/><F64/><N who="3" m="24651" /><G58/><T38/><D38/><U66/><E0/><V53/><F53/><W48/><G48/><T128/><N who="0" m="49683" /><T54/><DORA hai="33" /><D54/><U7/><E120/><V101/><N who="2" m="26112" /><DORA hai="22" /><V84/><F98/><W125/><G96/><T50/><D50/><U105/><E51/><N who="2" m="30751" /><F11/><W92/><G99/><T31/><D31/><U132/><E49/><V2/><F2/><W24/><G76/><T9/><D9/><U95/><E7/><V82/><F82/><W46/><G80/><T87/><D87/><RYUUKYOKU ba="0,0" sc="190,15,370,-15,220,15,220,-15" hai0="55,57,62,127,133,134,135" hai2="12,14,26,30,84,88,93" /><INIT seed="2,1,0,4,3,110" ten="205,355,235,205" oya="2" hai0="18,29,70,51,46,30,82,62,2,45,94,81,10" hai1="106,61,24,35,63,68,90,13,85,41,131,39,1" hai2="128,84,117,80,112,33,21,3,26,89,119,93,56" hai3="6,83,27,96,14,4,126,34,19,38,121,91,101"/><V123/><F123/><W113/><G121/><T100/><D46/><U47/><E106/><V135/><F33/><W77/><G126/><T60/><D70/><U107/><E107/><V44/><F3/><W79/><G38/><T58/><D2/><U98/><E1/><V72/><F135/><W129/><G129/><T103/><D18/><U125/><E125/><V115/><F128/><W133/><G133/><T71/><D10/><U97/><E131/><V78/><F44/><W0/><G113/><T108/><D71/><U132/><E132/><V49/><F56/><W86/><G0/><T66/><D60/><U114/><E13/><V37/><F49/><W36/><G36/><T25/><D108/><U111/><E111/><V54/><F54/><W122/><G122/><T118/><D118/><U11/><E11/><V130/><F130/><W76/><G27/><T74/><D74/><U69/><E24/><V104/><F37/><W9/><REACH who="3" step="1"/><G34/><REACH who="3" ten="205,355,235,195" step="2"/><T48/><D25/><U55/><E35/><V67/><F26/><W8/><G8/><T42/><D30/><U22/><E39/><V99/><F21/><W102/><G102/><T50/><D29/><U23/><E22/><V20/><F20/><W7/><G7/><T92/><D45/><U116/><E23/><V43/><F43/><W5/><G5/><T17/><D42/><U95/><E47/><V12/><F12/><W16/><G16/><T124/><D17/><U64/><E41/><V88/><F117/><W57/><G57/><T53/><D124/><U127/><E116/><V28/><F119/><W59/><G59/><RYUUKYOKU ba="1,1" sc="205,-10,355,-10,235,-10,195,30" hai3="4,6,9,14,19,76,77,79,83,86,91,96,101" /><INIT seed="3,2,1,0,4,72" ten="195,345,225,225" oya="3" hai0="117,115,30,125,1,53,10,85,114,21,68,112,27" hai1="128,9,120,58,73,19,99,13,4,24,108,8,64" hai2="35,49,130,2,65,89,14,37,127,132,33,3,87" hai3="95,122,6,34,23,119,76,43,32,102,59,69,113"/><W75/><G113/><T70/><D117/><U78/><E120/><V7/><F37/><W45/><G119/><T94/><D125/><U67/><E108/><V109/><F109/><W118/><G118/><T123/><D123/><U56/><E128/><V92/><F130/><W66/><G122/><T39/><D39/><U81/><E99/><V98/><F127/><W12/><G69/><T0/><D53/><U63/><E24/><V100/><F65/><W134/><G134/><T74/><D74/><U16/><E9/><V5/><F132/><W28/><G75/><T26/><D26/><U51/><E51/><V77/><F33/><W25/><G76/><T133/><D133/><U61/><AGARI ba="2,1" hai="4,8,13,16,19,56,58,61,63,64,67,73,78,81" machi="61" ten="30,7900,0" yaku="0,1,9,1,52,1,54,1" doraHai="72" who="1" fromWho="1" sc="195,-22,345,95,225,-22,225,-41" owari="173,-33.0,440,55.0,203,0.0,184,-22.0" /></mjloggm>