<mjloggm ver="2.3"><GO type="97" lobby="0"/><UN n0="%E3%82%A6%E3%83%AB%E3%83%88%E3%83%A9%E7%AB%8B%E7%9B%B4" n1="%E3%81%8B%E3%81%AE%E3%81%93%E3%81%95%E3%81%BE" n2="%E3%82%AA%E3%83%BC%E3%83%A9%E7%8E%89" n3="%E3%83%8B%E3%83%BC%E3%83%88%E3%81%A7%E3%81%99" dan="15,13,15,15" rate="1987.62,1838.17,2030.65,2063.25" sx="M,F,M,M"/><TAIKYOKU oya="0"/><INIT seed="0,0,0,4,5,116" ten="250,250,250,250" oya="0" hai0="63,135,34,65,46,19,1,81,24,80,93,106,69" hai1="23,2,119,61,87,90,70,128,4,58,22,45,5" hai2="37,21,7,110,105,13,38,12,62,84,30,15,54" hai3="107,95,43,101,133,76,109,29,64,57,50,8,99"/><T73/><D1/><U48/><E119/><V67/><F105/><W131/><G109/><T26/><D135/><U82/><E70/><V33/><F110/><W66/><G133/><T18/><D106/><U83/><E83/><V59/><F33/><W14/><G131/><T129/><D129/><U123/><E123/><V111/><F111/><W88/><G76/><T125/><D125/><U118/><E118/><V77/><F7/><N who="1" m="2633" /><E2/><V126/><F126/><W41/><G29/><T9/><D80/><U31/><E31/><V97/><F97/><W94/><G107/><T42/><D81/><U55/><E128/><V86/><F77/><W96/><G57/><T3/><D73/><U122/><E122/><V49/><F37/><W117/><G117/><T0/><D93/><U112/><E112/><V124/><F38/><W27/><G27/><T121/><D121/><U72/><E72/><V132/><F124/><W71/><G71/><T28/><D26/><U127/><E127/><V47/><F132/><W130/><G130/><T20/><D9/><U92/><E82/><V85/><REACH who="2" step="1"/><F30/><REACH who="2" ten="250,250,240,250" step="2"/><W108/><G108/><T36/><D3/><U98/><E98/><V39/><F39/><W102/><G102/><T32/><REACH who="0" step="1"/><D0/><REACH who="0" ten="240,250,240,250" step="2"/><U91/><E90/><V35/><F35/><AGARI ba="0,2" hai="18,19,20,24,28,32,34,35,36,42,46,63,65,69" machi="35" ten="40,3900,0" yaku="1,1,2,1,53,0" doraHai="116" doraHaiUra="120" who="0" fromWho="2" sc="240,59,250,0,240,-39,250,0" /><INIT seed="0,1,0,1,3,80" ten="299,250,201,250" oya="0" hai0="78,75,70,10,93,91,47,90,68,41,103,71,52" hai1="107,87,30,123,130,38,16,99,18,127,32,13,27" hai2="124,79,121,58,72,36,34,132,73,120,95,23,108" hai3="37,14,85,57,56,83,69,55,40,67,46,105,63"/><T42/><D103/><U117/><E38/><V128/><F34/><W110/><G105/><T44/><D78/><U7/><E123/><V98/><F36/><W22/><G110/><T29/><D29/><U126/><E117/><V102/><F108/><W9/><G22/><T81/><D75/><U49/><E107/><V89/><F58/><W111/><G111/><T62/><D10/><U119/><E99/><V51/><F51/><W84/><G83/><T61/><D81/><U2/><E119/><V11/><F11/><W113/><G113/><T94/><D70/><U4/><E49/><V6/><F6/><N who="1" m="2089" /><E2/><V64/><F64/><W122/><G122/><N who="2" m="47209" /><F23/><W8/><G56/><T100/><D100/><U125/><E130/><V66/><F66/><W15/><G9/><T45/><D45/><U131/><E131/><V24/><F24/><W39/><G39/><T25/><D25/><U50/><E50/><V106/><F128/><W26/><G26/><T74/><D74/><N who="2" m="28778" /><F79/><W101/><G101/><T76/><D76/><U86/><E18/><V48/><F48/><N who="3" m="30951" /><G15/><T12/><D12/><U65/><E65/><V31/><F31/><W3/><G3/><T96/><D68/><U116/><E116/><V43/><F43/><W0/><G0/><T114/><D71/><U115/><E115/><V33/><F33/><W28/><G28/><T59/><D114/><U5/><E5/><AGARI ba="1,0" hai="5,8,14,37,40,46,63,67,69,84,85" m="30951" machi="5" ten="30,3900,0" yaku="24,1,52,2" doraHai="80" who="3" fromWho="1" sc="299,0,250,-42,201,0,250,42" /><INIT seed="1,0,0,1,2,15" ten="299,208,201,292" oya="1" hai0="109,1,24,35,110,20,129,7,76,105,67,17,42" hai1="97,92,70,91,5,124,72,28,86,40,131,26,115" hai2="96,39,25,98,116,79,61,34,106,88,19,108,14" hai3="16,36,45,65,60,78,53,104,21,9,80,132,101"/><U23/><E115/><V93/><F108/><N who="0" m="41578" /><D105/><U13/><E72/><V30/><F116/><W81/><G132/><T8/><D76/><U48/><E70/><V69/><F39/><W56/><G9/><T37/><D67/><U46/><E131/><V6/><F6/><W11/><G11/><T87/><D87/><U12/><E124/><V90/><F79/><W82/><G104/><T130/><D42/><U41/><E5/><V49/><F49/><N who="3" m="28847" /><G36/><T125/><D37/><U135/><E135/><V121/><F121/><W118/><G118/><T95/><D95/><U75/><E75/><V54/><F106/><W47/><G101/><T114/><D114/><U71/><E71/><V64/><F54/><W0/><G0/><T74/><D74/><U52/><E97/><V62/><F62/><W57/><G47/><T119/><D119/><U73/><E73/><V117/><F117/><W134/><G134/><T10/><D125/><U126/><E126/><V100/><REACH who="2" step="1"/><F96/><REACH who="2" ten="299,208,191,292" step="2"/><W50/><G78/><T51/><D129/><U68/><E68/><V59/><F59/><N who="3" m="37023" /><G50/><T112/><D51/><N who="1" m="27079" /><E41/><V127/><F127/><W2/><G2/><T99/><D130/><U85/><E85/><V3/><F3/><W94/><G94/><T63/><D99/><U113/><E113/><V29/><F29/><W33/><G33/><T43/><D35/><U4/><E4/><V32/><F32/><W22/><G22/><AGARI ba="0,1" hai="14,19,22,25,30,34,61,64,69,88,90,93,98,100" machi="22" ten="30,8000,1" yaku="1,1,7,1,52,1,54,1,53,1" doraHai="15" doraHaiUra="89" who="2" fromWho="3" sc="299,0,208,0,191,90,292,-80" /><INIT seed="2,0,0,3,2,110" ten="299,208,281,212" oya="2" hai0="11,88,93,87,26,33,68,135,47,54,8,119,103" hai1="118,113,42,70,105,123,97,18,4,104,15,72,40" hai2="0,134,83,128,7,55,30,39,101,96,52,48,74" hai3="43,60,112,82,81,111,75,131,108,45,109,19,95"/><V5/><F134/><W34/><G34/><T59/><D68/><U64/><E118/><V117/><F128/><W36/><G131/><T115/><D119/><U23/><E72/><V25/><F117/><W124/><G124/><T73/><D73/><U46/><E42/><V80/><F39/><W100/><G19/><T125/><D135/><U84/><E123/><V49/><F0/><W32/><G32/><T6/><D125/><U53/><E113/><V77/><F83/><N who="3" m="31755" /><G75/><T114/><D103/><U24/><E70/><V9/><F9/><W120/><G120/><T116/><D47/><U3/><E64/><V67/><F67/><W79/><G79/><T57/><D11/><U99/><E3/><V61/><F61/><W27/><G27/><T102/><D102/><U90/><E53/><V85/><F74/><W20/><G20/><T14/><D116/><U41/><E105/><V17/><F17/><W29/><G29/><T28/><D57/><U76/><E76/><V12/><F12/><W86/><G60/><AGARI ba="0,0" hai="6,8,14,26,28,33,54,59,60,87,88,93,114,115" machi="60" ten="30,7700,0" yaku="7,1,52,2,54,1" doraHai="110" who="0" fromWho="3" sc="299,77,208,0,281,0,212,-77" /><INIT seed="3,0,0,4,2,16" ten="376,208,281,135" oya="3" hai0="7,54,120,13,12,68,92,56,20,14,117,133,77" hai1="62,88,26,34,32,121,25,0,45,128,19,73,74" hai2="95,1,29,33,126,87,90,104,112,52,81,64,131" hai3="99,105,8,6,60,50,116,67,38,103,124,75,109"/><W70/><G116/><T43/><D68/><U31/><E0/><V108/><F112/><W82/><G50/><T113/><D133/><U114/><E114/><V123/><F123/><W3/><G124/><T53/><D43/><U63/><E128/><V83/><F126/><W10/><G10/><T35/><D35/><U15/><E121/><V102/><F131/><W9/><G9/><T111/><D111/><U28/><E45/><V98/><F108/><W24/><G109/><T118/><D54/><U115/><E115/><V86/><F1/><W94/><G94/><T66/><D66/><U127/><E127/><V132/><F132/><W4/><G4/><T65/><D65/><U55/><E88/><V39/><F39/><W110/><G110/><T22/><D7/><U122/><E122/><V48/><F64/><W21/><G21/><T106/><D106/><U119/><E119/><V107/><F33/><W46/><G24/><T36/><D36/><U78/><E78/><V129/><F129/><W23/><G23/><T51/><D120/><U5/><E5/><V41/><F41/><W37/><G46/><T96/><D113/><U76/><E76/><AGARI ba="0,0" hai="3,6,8,37,38,60,67,70,75,76,82,99,103,105" machi="76" ten="40,7700,0" yaku="33,3" doraHai="16" who="3" fromWho="1" sc="376,0,208,-77,281,0,135,77" /><INIT seed="3,1,0,1,4,131" ten="376,131,281,212" oya="3" hai0="39,109,2,23,1,59,96,70,114,107,4,30,54" hai1="116,44,92,65,40,52,19,82,48,113,84,27,15" hai2="120,43,117,79,28,73,11,72,0,112,8,122,91" hai3="76,88,78,106,67,38,3,69,57,42,35,55,31"/><W133/><G3/><T125/><D70/><U51/><E116/><V53/><F117/><W47/><G106/><T36/><D4/><U100/><E113/><V20/><F112/><W111/><G35/><T33/><D33/><U128/><E128/><V89/><F43/><W71/><G31/><T134/><D114/><U132/><E65/><V83/><F28/><W21/><G21/><T75/><D75/><N who="2" m="28746" /><F20/><W118/><G118/><T32/><D32/><U135/><E27/><V86/><F0/><W63/><G71/><T29/><D23/><U105/><E105/><V58/><F58/><W17/><G17/><T10/><D107/><U45/><E92/><V115/><F53/><W123/><G133/><N who="1" m="51274" /><E100/><V34/><F34/><W119/><G119/><T62/><D134/><U24/><E24/><V95/><F115/><W87/><G111/><T61/><D109/><U56/><E56/><V110/><F110/><W101/><G101/><T14/><D59/><U41/><E41/><V68/><F68/><W66/><G123/><N who="2" m="47145" /><F91/><W81/><REACH who="3" step="1"/><G66/><REACH who="3" ten="376,131,281,202" step="2"/><T74/><D30/><U93/><E93/><V103/><F103/><W80/><G80/><T124/><D29/><U129/><E129/><V90/><F95/><W50/><AGARI ba="1,1" hai="38,42,47,50,55,57,63,67,69,76,78,81,87,88" machi="50" ten="20,18000,2" yaku="1,1,0,1,7,1,24,2,54,1,53,0" doraHai="131" doraHaiUra="7" who="3" fromWho="3" sc="376,-61,131,-61,281,-61,202,193" owari="315,12.0,70,-43.0,220,-18.0,395,49.0" /></mjloggm>