<mjloggm ver="2.3"><GO type="97" lobby="0"/><UN n0="%E7%A7%98%E5%89%A3%E2%98%85%E5%8D%83%E9%B3%A5%E2%98%85" n1="%7A%75%79%75%6B%69" n2="%58%43%39%35%33%36%58%4C" n3="%E3%82%A6%E3%83%AB%E3%83%88%E3%83%A9%E7%AB%8B%E7%9B%B4" dan="15,14,13,15" rate="1976.32,1919.59,1824.74,2008.11" sx="M,M,M,M"/><TAIKYOKU oya="0"/><INIT seed="0,0,0,4,5,77" ten="250,250,250,250" oya="0" hai0="110,2,126,119,28,134,99,10,38,63,89,103,62" hai1="98,113,25,22,91,9,104,117,130,47,53,17,105" hai2="16,60,124,109,56,61,111,52,39,71,32,15,88" hai3="6,65,48,127,95,29,82,64,108,74,68,5,4"/><T40/><D119/><U106/><E117/><V85/><F124/><W122/><G127/><T24/><D126/><U123/><E113/><V129/><F32/><W67/><G122/><T128/><D134/><U59/><E123/><V37/><F71/><W132/><G108/><N who="2" m="41545" /><F129/><W92/><G132/><T133/><D128/><U51/><E130/><V115/><F115/><W50/><G68/><T72/><D133/><U55/><E9/><N who="2" m="6255" /><F61/><W135/><G29/><T7/><D72/><U49/><E106/><V96/><F96/><W80/><G74/><T86/><D110/><U33/><E33/><V30/><F30/><W27/><G27/><T44/><D103/><U45/><E59/><V76/><F76/><W81/><G135/><T100/><D99/><U3/><E3/><V70/><F70/><W97/><G97/><T18/><D100/><U8/><E8/><V11/><F11/><W57/><G57/><T116/><D18/><U35/><E35/><V94/><AGARI ba="0,0" hai="37,39,52,56,60,85,88,94" m="6255,41545" machi="94" ten="30,7900,0" yaku="14,1,54,3" doraHai="77" who="2" fromWho="2" sc="250,-39,250,-20,250,79,250,-20" /><INIT seed="1,0,0,0,2,43" ten="211,230,329,230" oya="1" hai0="113,68,25,114,100,22,122,53,7,65,111,39,60" hai1="112,84,101,124,13,21,103,74,98,99,55,1,109" hai2="14,27,20,28,126,83,76,9,12,92,121,87,108" hai3="34,130,105,0,75,133,51,3,50,86,128,37,131"/><U24/><E112/><V67/><F121/><W45/><G34/><T96/><D39/><U72/><E1/><N who="3" m="586" /><G75/><T120/><D111/><U94/><E13/><V106/><F108/><W134/><G105/><N who="0" m="63623" /><D53/><U77/><E55/><V29/><F106/><W57/><G86/><T135/><D7/><U36/><E36/><V32/><F126/><W127/><G57/><T110/><D22/><U71/><E71/><V44/><F67/><W79/><G79/><T89/><D89/><U85/><E21/><V90/><F32/><W26/><G26/><T63/><D63/><U6/><E6/><V15/><F29/><W73/><G73/><N who="1" m="28266" /><E24/><V117/><F117/><W78/><G78/><T31/><D110/><U19/><E19/><V82/><F44/><W52/><G37/><T2/><D2/><U59/><E59/><V30/><F30/><W81/><G127/><T115/><D135/><N who="3" m="51721" /><G50/><T62/><D62/><U40/><E40/><V119/><F119/><W116/><G116/><T23/><D23/><U4/><E4/><V47/><F47/><W41/><G41/><T129/><D25/><U56/><E56/><V16/><F82/><AGARI ba="0,0" hai="45,51,52,81,82,128,130,131" m="51721,586" machi="82" ten="40,8000,1" yaku="19,1,20,1,52,1,54,1" doraHai="43" who="3" fromWho="2" sc="211,0,230,0,329,-80,230,80" /><INIT seed="2,0,0,1,0,53" ten="211,230,249,310" oya="2" hai0="100,92,123,25,1,113,91,66,8,45,104,51,58" hai1="30,6,97,106,22,125,128,119,48,76,42,102,47" hai2="31,62,107,130,38,17,72,99,11,15,98,74,114" hai3="87,16,82,46,105,124,35,3,50,33,133,37,101"/><V122/><F122/><W24/><G37/><T75/><D123/><U0/><E128/><V28/><F38/><W117/><G3/><T73/><D113/><U109/><E125/><V18/><F114/><W94/><G105/><T44/><D104/><U52/><E109/><V5/><F130/><W10/><G117/><T23/><D100/><U78/><E119/><V115/><F115/><W90/><G124/><T88/><D73/><U79/><E6/><V120/><F120/><W95/><G95/><T131/><D75/><U84/><E0/><V49/><F49/><W116/><G116/><T121/><D91/><U86/><E42/><V61/><F15/><W41/><G133/><T55/><D121/><U132/><E132/><V20/><F20/><W96/><G24/><T63/><D131/><U43/><E43/><V68/><F68/><W93/><G93/><T60/><D8/><U118/><E118/><V56/><F5/><W108/><G108/><T134/><D1/><U126/><E126/><V81/><F81/><W34/><G34/><T89/><D89/><U57/><REACH who="1" step="1"/><E47/><REACH who="1" ten="211,220,249,310" step="2"/><N who="0" m="17993" /><D66/><U14/><E14/><V70/><F70/><W9/><G41/><T110/><D110/><U127/><E127/><V103/><F62/><W65/><G65/><T67/><D67/><U77/><N who="1" m="19968" /><DORA hai="21" /><U19/><E19/><V83/><F18/><W112/><G16/><N who="0" m="12519" /><D134/><U12/><E12/><V80/><F17/><W36/><G112/><T4/><D4/><U7/><E7/><V59/><F61/><W40/><G36/><T27/><D27/><AGARI ba="0,1" hai="22,27,30,48,52,57,84,86,97,102,106" m="19968" machi="27" ten="50,8000,1" yaku="1,1,52,2,54,1,53,0" doraHai="53,21" doraHaiUra="29,71" who="1" fromWho="0" sc="211,-80,220,90,249,0,310,0" /><INIT seed="3,0,0,1,1,22" ten="131,310,249,310" oya="3" hai0="120,32,107,133,30,76,116,78,87,5,63,37,105" hai1="26,101,125,64,41,77,51,95,106,113,114,89,97" hai2="118,46,13,9,21,81,82,94,100,111,80,70,99" hai3="90,17,61,49,38,88,115,96,1,129,131,124,34"/><W79/><G38/><T39/><D116/><U122/><E122/><V58/><F70/><W29/><G1/><T3/><D120/><U67/><E125/><V110/><F118/><W16/><G115/><T42/><D133/><U48/><E77/><V20/><F58/><W65/><G124/><T69/><D78/><U112/><E26/><V57/><F57/><N who="3" m="37039" /><G79/><T59/><D87/><U73/><E73/><V84/><F46/><W56/><G29/><T23/><D76/><U35/><E35/><V102/><F100/><W28/><G28/><T127/><D23/><U109/><E109/><V119/><F119/><W10/><G34/><T53/><D127/><U134/><E134/><V0/><F0/><W55/><G10/><N who="0" m="2367" /><D53/><U44/><REACH who="1" step="1"/><E51/><REACH who="1" ten="131,300,249,310" step="2"/><V121/><F121/><W50/><G50/><T103/><D59/><U15/><E15/><V52/><F111/><W117/><G117/><T108/><D42/><U8/><E8/><V72/><F110/><W25/><G25/><N who="0" m="18511" /><D108/><U91/><E91/><V43/><F72/><W75/><G75/><T18/><D18/><U85/><AGARI ba="0,1" hai="41,44,48,64,67,85,89,95,97,101,106,112,113,114" machi="85" ten="30,2000,0" yaku="1,1,0,1,53,0" doraHai="22" doraHaiUra="74" who="1" fromWho="1" sc="131,-5,300,30,249,-5,310,-10" owari="126,-37.0,330,43.0,244,-16.0,300,10.0" /></mjloggm>