<mjloggm ver="2.3"><GO type="97" lobby="0"/><UN n0="%E3%82%A6%E3%83%AB%E3%83%88%E3%83%A9%E7%AB%8B%E7%9B%B4" n1="%E5%93%B2%E5%AD%A6%E3%81%99%E3%82%8B%E9%BA%BB%E9%9B%80" n2="%46%43%50%54%4B" n3="%E9%BB%92%E6%B2%BC%5F%E7%88%BD%E5%AD%90" dan="15,16,14,13" rate="1967.56,1991.37,1949.90,1890.43" sx="M,M,M,F"/><TAIKYOKU oya="0"/><INIT seed="0,0,0,2,1,131" ten="250,250,250,250" oya="0" hai0="15,47,13,86,122,8,89,16,128,6,134,35,91" hai1="29,22,32,45,84,11,124,38,83,61,105,129,113" hai2="127,77,85,66,132,23,73,34,0,28,51,10,76" hai3="95,44,117,125,115,59,109,107,58,19,120,110,97"/><T43/><D35/><U92/><E113/><V14/><F73/><W111/><G115/><T75/><D75/><U2/><E105/><V93/><F34/><W42/><G117/><T21/><D122/><U133/><E32/><V54/><F66/><W130/><G130/><T70/><D70/><U81/><E129/><V26/><F0/><W104/><G120/><T67/><D128/><U9/><E124/><V41/><F41/><W48/><G19/><T64/><D134/><U1/><E92/><V96/><F85/><W17/><G17/><T87/><D87/><U18/><E29/><V20/><F20/><W103/><G125/><T49/><REACH who="0" step="1"/><D91/><REACH who="0" ten="240,250,250,250" step="2"/><U62/><E84/><V60/><F127/><W112/><G112/><T31/><D31/><U5/><E38/><V55/><F132/><W4/><G4/><T30/><D30/><U98/><E83/><AGARI ba="0,1" hai="6,8,13,15,16,21,43,47,49,64,67,83,86,89" machi="83" ten="30,12000,1" yaku="1,1,7,1,8,1,54,1,53,1" doraHai="131" doraHaiUra="3" who="0" fromWho="1" sc="240,130,250,-120,250,0,250,0" /><INIT seed="0,1,0,4,0,122" ten="370,130,250,250" oya="0" hai0="99,67,12,97,116,131,3,91,79,132,10,104,45" hai1="16,86,98,7,88,15,65,75,81,36,6,109,50" hai2="63,52,124,72,21,42,20,2,133,115,90,60,61" hai3="9,54,49,96,119,76,117,107,48,47,13,89,19"/><T43/><D3/><U14/><E36/><V95/><F115/><W100/><G76/><T127/><D116/><U134/><E75/><V84/><F2/><W41/><REACH who="3" step="1"/><G89/><REACH who="3" ten="370,130,250,240" step="2"/><T135/><D79/><U32/><E134/><V108/><F133/><W58/><AGARI ba="1,1" hai="9,13,19,41,47,48,49,54,58,96,100,107,117,119" machi="58" ten="20,5200,0" yaku="1,1,2,1,0,1,7,1,53,0" doraHai="122" doraHaiUra="30" who="3" fromWho="3" sc="370,-27,130,-14,250,-14,240,65" /><INIT seed="1,0,0,5,4,45" ten="343,116,236,305" oya="1" hai0="63,13,131,111,56,109,36,1,16,102,54,62,11" hai1="9,79,72,7,97,37,41,60,98,105,114,10,124" hai2="108,43,113,107,88,93,74,28,116,0,4,59,82" hai3="101,70,118,58,75,61,94,127,32,100,106,83,57"/><U23/><E114/><V53/><F107/><W47/><G70/><T90/><D36/><U49/><E124/><V24/><F116/><W112/><G112/><T120/><D120/><U115/><E115/><V51/><F113/><W89/><G118/><T31/><D1/><U50/><E10/><V21/><F108/><W44/><G32/><T86/><D131/><U33/><E33/><V119/><F119/><W39/><G127/><T80/><D31/><U22/><E60/><V87/><F0/><W55/><G39/><T117/><D117/><U133/><E133/><V95/><F4/><W78/><G58/><T34/><D34/><U66/><E66/><V110/><F110/><W67/><G67/><T52/><D102/><U14/><E37/><V12/><F74/><W92/><G92/><T20/><D20/><U81/><E41/><V64/><F12/><W76/><G76/><T126/><D126/><U65/><E65/><V129/><F129/><W46/><REACH who="3" step="1"/><G106/><REACH who="3" ten="343,116,236,295" step="2"/><T130/><D130/><U84/><E72/><V103/><F64/><W30/><G30/><T15/><D109/><U42/><E105/><V19/><F28/><W48/><G48/><N who="1" m="18538" /><E42/><V8/><F43/><W6/><G6/><T27/><D111/><U38/><E38/><V68/><F68/><W85/><AGARI ba="0,1" hai="44,46,47,55,57,61,75,78,83,85,89,94,100,101" machi="85" ten="30,4000,0" yaku="1,1,0,1,53,1" doraHai="45" doraHaiUra="104" who="3" fromWho="3" sc="343,-10,116,-20,236,-10,295,50" /><INIT seed="2,0,0,1,0,108" ten="333,96,226,345" oya="2" hai0="89,17,127,86,106,111,7,26,5,95,25,39,71" hai1="22,16,79,29,119,73,121,30,74,31,11,133,61" hai2="9,99,48,130,96,82,35,44,37,70,28,85,0" hai3="41,93,13,6,92,110,81,116,113,88,4,50,3"/><V64/><F37/><W23/><G116/><T56/><D71/><U76/><E61/><V49/><F130/><W94/><G110/><T18/><D106/><U38/><E38/><V53/><F70/><W2/><G2/><T33/><D39/><U98/><E98/><V135/><F64/><W129/><G129/><T24/><D33/><U114/><E119/><V131/><F131/><W134/><G134/><T40/><D111/><U59/><E59/><V21/><F35/><W68/><G68/><T15/><D127/><U62/><E62/><V115/><F135/><W132/><G132/><T91/><D40/><U107/><E107/><V90/><F115/><W55/><G41/><T77/><D77/><U42/><E42/><N who="2" m="24599" /><F9/><W67/><G67/><T105/><D105/><U126/><E126/><V43/><F43/><W69/><G113/><T109/><D109/><U87/><E133/><V101/><F0/><W46/><G3/><T117/><D117/><U123/><E11/><V112/><F101/><W84/><G69/><T100/><D100/><U66/><E66/><V83/><F83/><W104/><G104/><T60/><D56/><U8/><E8/><V34/><F34/><W122/><G122/><T120/><D60/><U125/><E125/><V72/><F72/><W54/><G54/><T45/><D45/><U57/><E57/><N who="2" m="32943" /><F112/><W102/><G102/><T12/><D120/><N who="1" m="46155" /><E114/><V63/><F63/><W118/><G118/><T124/><D124/><U47/><E47/><V65/><F65/><W75/><G75/><N who="1" m="28682" /><E87/><V97/><F97/><W103/><G103/><T58/><D86/><RYUUKYOKU ba="0,0" sc="333,-30,96,10,226,10,345,10" hai1="16,22,29,30,31,76,79" hai2="21,28,82,85,90,96,99" hai3="4,6,13,23,46,50,55,81,84,88,92,93,94" /><INIT seed="2,1,0,1,5,64" ten="303,106,236,355" oya="2" hai0="39,41,128,37,117,121,59,40,115,68,130,135,42" hai1="104,103,129,93,10,70,38,110,20,46,72,76,6" hai2="60,5,109,50,15,89,134,118,75,47,112,106,71" hai3="19,26,105,54,3,9,111,131,96,97,22,34,81"/><V123/><F118/><W4/><G131/><N who="0" m="50219" /><D121/><U95/><E129/><V14/><F123/><W35/><G111/><T87/><D87/><U23/><E110/><V124/><F109/><W102/><G96/><T7/><D7/><U63/><E23/><V48/><F112/><W74/><G74/><T114/><D117/><U82/><E20/><V73/><F106/><W67/><G67/><T58/><D68/><U107/><E93/><V90/><F5/><W12/><G81/><T8/><D8/><U133/><E133/><V100/><F134/><W79/><G79/><T55/><D135/><U30/><E30/><V132/><F132/><W108/><G108/><T119/><D119/><U80/><E80/><V88/><F100/><W116/><G116/><T125/><D125/><U51/><E95/><V17/><F124/><W11/><REACH who="3" step="1"/><G54/><REACH who="3" ten="303,106,236,345" step="2"/><T86/><D86/><U31/><E103/><V126/><F126/><W33/><G33/><T94/><D94/><U113/><E113/><N who="0" m="43017" /><D55/><U83/><E83/><V65/><F73/><W92/><G92/><T84/><D84/><U25/><E51/><V77/><F48/><W43/><G43/><T24/><D24/><U21/><E38/><AGARI ba="1,1" hai="37,38,39,40,41,42,58,59" m="43017,50219" machi="38" ten="40,8000,1" yaku="28,2,19,1,34,2" doraHai="64" who="0" fromWho="1" sc="303,93,106,-83,236,0,345,0" /><INIT seed="3,0,0,1,5,74" ten="396,23,236,345" oya="3" hai0="54,24,130,72,87,123,77,120,65,60,49,35,10" hai1="97,80,20,40,76,55,27,0,135,31,90,94,91" hai2="64,102,19,58,34,92,125,124,86,1,107,95,18" hai3="57,13,29,51,67,78,45,63,116,103,129,66,48"/><W128/><G116/><T71/><D72/><U9/><E40/><V26/><F1/><W106/><G29/><T41/><D130/><N who="3" m="50281" /><G13/><T25/><D41/><U84/><E0/><V73/><F73/><W98/><G67/><T2/><D2/><U8/><E135/><V133/><F107/><W32/><G32/><T75/><D75/><U89/><E8/><V83/><F133/><W33/><G33/><T42/><D42/><U38/><E38/><V113/><F113/><W101/><G101/><T110/><D35/><U111/><E111/><V36/><F36/><W108/><G108/><T93/><D110/><U127/><E127/><V21/><F34/><W23/><G23/><T11/><D25/><U30/><E9/><V4/><F4/><W117/><G117/><T96/><D24/><U47/><E30/><V132/><F132/><W81/><G45/><T14/><D11/><U56/><E47/><V126/><F102/><W53/><G66/><T105/><D14/><U112/><E112/><V104/><F104/><W118/><G118/><T43/><D10/><U100/><E100/><V109/><F109/><W122/><G122/><T88/><D105/><U69/><E69/><V131/><F131/><W62/><G62/><T7/><D7/><U22/><E22/><V79/><REACH who="2" step="1"/><F19/><REACH who="2" ten="396,23,226,345" step="2"/><W15/><G106/><T3/><D3/><U70/><REACH who="1" step="1"/><E70/><REACH who="1" ten="396,13,226,345" step="2"/><V39/><F39/><W16/><G103/><T12/><D71/><U134/><E134/><V61/><AGARI ba="0,2" hai="18,21,26,58,61,64,79,83,86,92,95,124,125,126" machi="61" ten="40,8000,1" yaku="1,1,0,1,18,1,52,1,53,0" doraHai="74" doraHaiUra="46" who="2" fromWho="2" sc="396,-20,13,-20,226,100,345,-40" owari="376,47.0,-7,-51.0,326,13.0,305,-9.0" /></mjloggm>