<mjloggm ver="2.3"><GO type="169" lobby="0"/><UN n0="%E3%82%A6%E3%83%AB%E3%83%88%E3%83%A9%E7%AB%8B%E7%9B%B4" n1="%E3%82%AB%E3%83%96%E3%83%88" n2="%4D%61%72%6C%69%6E" n3="%E3%83%97%E3%83%AD%E3%82%B8%E3%83%A3%E3%83%B3%E6%B0%8F" dan="17,17,16,16" rate="2050.44,2109.78,2053.84,2105.77" sx="M,M,M,M"/><TAIKYOKU oya="0"/><INIT seed="0,0,0,0,1,29" ten="250,250,250,250" oya="0" hai0="21,129,19,103,107,23,51,88,54,135,114,99,113" hai1="83,60,101,121,79,94,90,131,73,64,96,72,10" hai2="132,75,86,14,37,67,125,50,56,32,42,85,127" hai3="77,35,108,26,82,47,20,118,61,30,102,70,97"/><T36/><D36/><U109/><E121/><V38/><F75/><W28/><G108/><T11/><D129/><U39/><E39/><V89/><F132/><W78/><G118/><T128/><D128/><U106/><E131/><V69/><F69/><W105/><G47/><T33/><D11/><U93/><E10/><V58/><F85/><W87/><G30/><T5/><D5/><U25/><E109/><V48/><F14/><W53/><G20/><T59/><D135/><U13/><E13/><V44/><F32/><W134/><G134/><T46/><D33/><U9/><E9/><V123/><F123/><W40/><G40/><T71/><D71/><U4/><E4/><V57/><F67/><N who="3" m="41327" /><G53/><T120/><D120/><U2/><E2/><V91/><F37/><W3/><G3/><T45/><D45/><U18/><E73/><V43/><F43/><W49/><G49/><N who="2" m="19049" /><F86/><W76/><AGARI ba="0,0" hai="26,28,35,76,77,78,82,87,97,102,105" m="41327" machi="76" ten="30,2000,0" yaku="25,1,52,1" doraHai="29" who="3" fromWho="3" sc="250,-10,250,-5,250,-5,250,20" /><INIT seed="1,0,0,4,2,124" ten="240,245,245,270" oya="1" hai0="51,88,105,98,17,135,45,19,59,100,8,75,21" hai1="57,15,134,61,39,87,24,113,127,126,13,74,123" hai2="9,22,78,125,27,120,110,77,33,133,62,58,16" hai3="111,102,107,47,109,28,65,48,97,92,90,6,10"/><U36/><E123/><V121/><F125/><N who="1" m="47625" /><E74/><V30/><F110/><N who="3" m="41995" /><G28/><T73/><D135/><U115/><E134/><V56/><F133/><W42/><G65/><T32/><D32/><U76/><E24/><V86/><F9/><W52/><G42/><T114/><D114/><N who="1" m="43531" /><E76/><V93/><F121/><W5/><G10/><T72/><D8/><U95/><E87/><AGARI ba="0,0" hai="5,6,47,48,52,87,90,92,97,102,107" m="41995" machi="87" ten="30,2000,0" yaku="14,1,54,1" doraHai="124" who="3" fromWho="1" sc="240,0,245,-20,245,0,270,20" /><INIT seed="2,0,0,2,0,40" ten="240,225,245,290" oya="2" hai0="115,114,103,15,84,129,64,88,10,130,69,23,63" hai1="82,134,22,112,118,108,104,31,30,11,51,128,54" hai2="20,68,93,41,53,113,85,71,95,119,2,28,18" hai3="0,124,21,45,81,107,77,7,38,76,98,67,73"/><V6/><F119/><W90/><G77/><T46/><D103/><U32/><E104/><V74/><F74/><W100/><G67/><T116/><D23/><U65/><E118/><V58/><F113/><W86/><G124/><T48/><D116/><U123/><E112/><V94/><F41/><N who="3" m="22711" /><G21/><T111/><D111/><U131/><E65/><V55/><F28/><W33/><G90/><T110/><D110/><U36/><E36/><V12/><F85/><W97/><G97/><T89/><D114/><U126/><E108/><V62/><REACH who="2" step="1"/><F55/><REACH who="2" ten="240,225,235,290" step="2"/><W8/><G86/><T80/><D115/><U96/><E126/><V43/><F43/><W61/><G61/><T47/><D130/><U91/><E128/><V101/><F101/><W127/><G127/><T4/><D129/><U75/><E31/><V16/><F16/><W50/><G50/><T14/><D48/><U79/><E131/><V125/><F125/><W57/><G57/><T5/><D89/><U27/><E30/><V9/><AGARI ba="0,1" hai="2,6,9,12,18,20,53,58,62,68,71,93,94,95" machi="9" ten="30,3000,0" yaku="1,1,0,1,53,0" doraHai="40" doraHaiUra="120" who="2" fromWho="2" sc="240,-10,225,-10,235,40,290,-10" /><INIT seed="2,1,0,4,5,123" ten="230,215,275,280" oya="2" hai0="134,67,8,106,0,135,34,93,122,103,91,108,107" hai1="94,92,31,97,86,129,17,40,30,12,112,53,121" hai2="83,14,90,76,100,21,115,2,127,113,4,101,99" hai3="47,81,98,68,25,71,65,60,116,44,38,118,41"/><V23/><F127/><W109/><G81/><T28/><D122/><U124/><E112/><V120/><F120/><W51/><G98/><T54/><D67/><U132/><E121/><V104/><F100/><W50/><G25/><T48/><D103/><U63/><E124/><V66/><F66/><W126/><G126/><T36/><D36/><U27/><E40/><V73/><F2/><W78/><G78/><T70/><D70/><U59/><E129/><V80/><F4/><W9/><G9/><T131/><D131/><U64/><E132/><N who="0" m="50729" /><D28/><U89/><E64/><V110/><F14/><W26/><G26/><T56/><D34/><U69/><E69/><V11/><F11/><W45/><G71/><T133/><N who="0" m="50737" /><T1/><DORA hai="15" /><D8/><N who="1" m="6279" /><E27/><V3/><F115/><W72/><G72/><T84/><D108/><U37/><E37/><V16/><F110/><W119/><G109/><T88/><D91/><AGARI ba="1,0" hai="30,31,53,59,63,86,89,91,92,94,97" m="6279" machi="91" ten="30,2000,0" yaku="8,1,52,1" doraHai="123,15" who="1" fromWho="0" sc="230,-23,215,23,275,0,280,0" /><INIT seed="3,0,0,3,4,94" ten="207,238,275,280" oya="3" hai0="96,23,130,38,11,88,126,62,20,26,64,102,35" hai1="2,74,47,101,33,92,42,1,132,99,83,57,48" hai2="124,27,112,4,109,6,45,106,93,72,28,129,69" hai3="114,86,115,10,39,75,76,122,60,25,13,81,117"/><W61/><G39/><T127/><D38/><U16/><E33/><V125/><F112/><W15/><G122/><T70/><D130/><U30/><E30/><V58/><F69/><W43/><G117/><T104/><D11/><U29/><E29/><V53/><F106/><W118/><G118/><T135/><D135/><U77/><E132/><V78/><F109/><W85/><G43/><T24/><D24/><U0/><E57/><V14/><F129/><W65/><G25/><T128/><D128/><U120/><E120/><V113/><F113/><W95/><G13/><T73/><D73/><U54/><E54/><V105/><F105/><W36/><G36/><T123/><D123/><U89/><E0/><V46/><F72/><W59/><G61/><T108/><D108/><U12/><REACH who="1" step="1"/><E101/><REACH who="1" ten="207,228,275,280" step="2"/><V98/><F58/><W44/><G115/><T9/><D35/><U34/><E34/><V87/><F53/><W84/><G114/><T79/><D102/><U17/><E17/><V22/><F28/><W56/><G56/><T133/><D133/><U3/><E3/><V80/><F124/><W21/><G59/><T68/><D127/><U18/><E18/><N who="2" m="12759" /><F125/><W52/><G52/><T90/><D126/><U55/><E55/><V66/><F66/><W49/><G65/><T19/><D64/><U31/><E31/><V50/><F4/><W107/><G60/><T63/><D63/><U67/><E67/><V91/><F50/><W37/><G49/><T51/><D51/><U41/><E41/><V40/><F40/><W111/><G111/><T100/><D62/><U32/><E32/><RYUUKYOKU ba="0,1" sc="207,-15,228,15,275,15,280,-15" hai1="1,2,12,16,42,47,48,74,77,83,89,92,99" hai2="6,14,45,46,78,80,87,91,93,98" /><INIT seed="4,1,1,0,1,44" ten="192,243,290,265" oya="0" hai0="1,62,66,68,8,79,27,124,39,70,112,83,102" hai1="132,99,82,16,113,106,84,25,107,50,32,55,42" hai2="105,18,85,40,56,75,47,73,128,24,100,64,46" hai3="6,130,89,37,131,59,33,52,71,4,69,61,49"/><T118/><D118/><U60/><E132/><V80/><F128/><N who="3" m="49195" /><G33/><T58/><D124/><U101/><E113/><V109/><F109/><W104/><G37/><T117/><D117/><U95/><E60/><V110/><F110/><W72/><G72/><T114/><D102/><U19/><E42/><V28/><F18/><W90/><G104/><T41/><D27/><U48/><E32/><V34/><F100/><W36/><G36/><T5/><D58/><U54/><E106/><V111/><F105/><W20/><G20/><T65/><D65/><U3/><E3/><V15/><F111/><W43/><G43/><T2/><D70/><N who="3" m="26633" /><G61/><T12/><D41/><U67/><E67/><V0/><F40/><W10/><G4/><T14/><D39/><U116/><E116/><V86/><F73/><W77/><G77/><T38/><D38/><U45/><E25/><V81/><F75/><W94/><G94/><T126/><D126/><U122/><E122/><V103/><F34/><W135/><G135/><T30/><D114/><U63/><E63/><V133/><F133/><W17/><G17/><T98/><D30/><U115/><E107/><V22/><F28/><W108/><G108/><T91/><D112/><U93/><E93/><V35/><F35/><W134/><G134/><T96/><D62/><U76/><E115/><V57/><F22/><W127/><G127/><T21/><D68/><U13/><E13/><AGARI ba="1,1" hai="6,10,13,49,52,59,89,90" m="26633,49195" machi="13" ten="30,3900,0" yaku="19,1,52,1,54,1" doraHai="44" who="3" fromWho="1" sc="192,0,243,-42,290,0,265,52" /><INIT seed="5,0,0,3,5,29" ten="192,201,290,317" oya="1" hai0="134,117,88,11,65,21,44,122,92,9,105,73,60" hai1="5,10,103,68,86,102,17,74,52,89,16,42,22" hai2="66,123,85,107,62,57,55,116,3,19,25,79,2" hai3="6,77,91,30,82,80,81,90,78,96,83,126,121"/><U124/><E74/><V130/><F116/><W4/><G30/><T58/><D105/><U84/><E68/><V75/><F75/><W13/><G121/><T119/><D73/><U110/><E42/><V98/><F123/><W63/><G63/><T18/><D122/><U127/><E110/><V56/><F130/><W46/><G46/><T0/><D134/><U113/><E113/><V135/><F135/><W37/><G37/><T7/><D11/><U106/><E106/><V59/><F59/><W39/><G39/><T54/><D44/><U14/><E17/><V24/><F79/><N who="3" m="30219" /><G126/><N who="1" m="48170" /><E52/><V69/><F19/><W111/><G13/><T33/><D65/><U45/><E45/><V71/><F66/><W51/><G51/><T120/><D120/><U100/><E89/><N who="3" m="33802" /><G111/><T20/><D20/><U67/><E67/><V99/><F55/><W36/><G36/><T101/><D101/><U15/><AGARI ba="0,0" hai="5,10,14,15,16,22,84,86,100,102,103" m="48170" machi="15" ten="30,3000,0" yaku="18,1,54,1" doraHai="29" who="1" fromWho="1" sc="192,-10,201,30,290,-10,317,-10" /><INIT seed="5,1,0,5,3,39" ten="182,231,280,307" oya="1" hai0="20,29,57,46,19,17,92,70,14,133,62,65,131" hai1="117,72,40,24,42,74,111,25,31,49,129,78,63" hai2="56,36,66,109,81,83,106,128,8,103,127,77,9" hai3="68,88,18,52,85,11,1,41,5,90,48,22,123"/><U114/><E117/><V82/><F109/><W119/><G123/><T99/><D131/><U130/><E114/><V124/><F128/><N who="1" m="49257" /><E111/><V54/><F36/><W55/><G68/><T35/><D133/><U98/><E98/><N who="2" m="61815" /><F66/><W27/><G119/><T47/><D70/><U12/><E49/><N who="2" m="30799" /><F77/><W75/><G75/><N who="1" m="28714" /><E78/><V3/><F3/><W105/><G105/><T33/><D33/><N who="1" m="20711" /><E12/><V69/><F69/><W126/><G126/><AGARI ba="1,0" hai="8,9,81,82,83,124,126,127" m="30799,61815" machi="126" ten="30,1000,0" yaku="18,1" doraHai="39" who="2" fromWho="3" sc="182,0,231,0,280,13,307,-13" /><INIT seed="6,0,0,2,0,74" ten="182,231,293,294" oya="2" hai0="80,78,26,95,37,51,33,84,71,122,28,73,65" hai1="132,98,17,130,93,70,103,81,49,64,50,133,62" hai2="41,123,24,101,22,58,31,135,40,131,4,21,42" hai3="88,102,85,53,89,92,104,14,15,128,43,124,100"/><V77/><F123/><W20/><G104/><T94/><D122/><U12/><E130/><V114/><F131/><W59/><G124/><T119/><D119/><U127/><E127/><V116/><F116/><W106/><G106/><T1/><D37/><U125/><E125/><V72/><F114/><W87/><G43/><T67/><D1/><U76/><E132/><V7/><F135/><W47/><G47/><T68/><D84/><U60/><E60/><V54/><F101/><N who="3" m="39019" /><G20/><T44/><D67/><U9/><REACH who="1" step="1"/><E133/><REACH who="1" ten="182,221,293,294" step="2"/><V5/><F31/><W23/><G128/><T3/><D3/><U66/><E66/><V79/><F72/><AGARI ba="0,1" hai="9,12,17,49,50,62,64,70,72,76,81,93,98,103" machi="72" ten="30,3900,0" yaku="1,1,7,1,52,1,53,0" doraHai="74" doraHaiUra="113" who="1" fromWho="2" sc="182,0,221,49,293,-39,294,0" /><INIT seed="7,0,0,2,5,122" ten="182,270,254,294" oya="3" hai0="123,41,11,127,23,32,108,61,3,73,134,105,40" hai1="98,91,57,113,133,90,89,36,121,47,9,54,99" hai2="58,106,78,104,34,82,62,17,25,13,130,84,55" hai3="8,115,63,88,85,103,129,65,44,15,120,29,2"/><W109/><G120/><T128/><RYUUKYOKU type="yao9" ba="0,0" sc="182,0,270,0,254,0,294,0" hai0="3,11,23,32,40,41,61,73,105,108,123,127,128,134" /><INIT seed="7,1,0,2,1,123" ten="182,270,254,294" oya="3" hai0="68,37,129,61,54,34,20,2,90,96,41,79,1" hai1="112,36,74,128,134,76,52,58,132,84,15,101,51" hai2="39,120,14,85,80,44,70,93,81,125,32,5,111" hai3="106,47,87,55,21,109,67,42,83,105,19,43,62"/><W35/><G109/><T98/><D34/><U38/><E74/><V64/><F32/><W31/><G31/><T82/><D129/><U86/><E128/><V78/><F111/><W94/><G35/><T22/><D1/><U92/><E112/><V45/><F125/><W17/><G17/><T33/><D2/><U46/><E15/><V30/><F120/><W124/><G124/><T104/><D33/><U65/><E65/><V130/><F130/><W40/><G94/><N who="0" m="56407" /><D68/><U122/><E122/><V89/><F39/><W95/><G95/><T117/><D117/><U121/><E121/><V127/><F127/><W69/><G55/><T71/><D71/><U110/><E110/><V59/><F70/><W99/><G99/><T53/><D37/><N who="1" m="14443" /><E76/><V25/><F25/><W49/><G105/><T108/><D108/><U77/><E77/><V29/><F80/><W118/><G106/><T63/><D41/><N who="1" m="25039" /><E101/><V3/><F3/><W16/><G118/><T7/><D104/><U60/><E92/><V27/><F14/><N who="3" m="9367" /><G19/><T107/><D107/><U57/><E57/><V66/><F59/><W100/><G100/><T103/><D103/><U48/><E60/><N who="0" m="23113" /><D98/><U23/><E86/><N who="2" m="48439" /><F66/><W113/><G113/><T24/><D7/><U9/><E84/><V4/><F64/><W72/><G72/><T8/><D8/><U116/><E9/><V73/><F73/><W10/><G10/><T6/><D6/><N who="2" m="2666" /><F27/><W102/><G102/><T12/><D12/><U115/><E116/><V88/><F89/><W11/><G11/><T133/><D24/><U0/><E115/><V91/><F91/><AGARI ba="1,0" hai="40,42,43,47,49,62,67,69,83,87,91" m="9367" machi="91" ten="30,2900,0" yaku="6,1,54,1" doraHai="123" who="3" fromWho="2" sc="182,0,270,0,254,-32,294,32" owari="182,-32.0,270,7.0,222,-18.0,326,43.0" /></mjloggm>