<mjloggm ver="2.3"><GO type="169" lobby="0"/><UN n0="%E3%80%93%E6%9D%BE%E4%BA%95%EF%BC%A3%EF%BC%B3%E3%80%93" n1="%E3%81%94%E3%81%98%E3%82%83%E3%82%8B" n2="%E3%82%A6%E3%83%AB%E3%83%88%E3%83%A9%E7%AB%8B%E7%9B%B4" n3="%E3%81%B4%E3%81%AE" dan="18,18,17,16" rate="2181.55,2230.69,2064.08,2116.26" sx="M,M,M,M"/><TAIKYOKU oya="0"/><INIT seed="0,0,0,3,4,12" ten="250,250,250,250" oya="0" hai0="90,38,105,112,57,74,86,17,42,81,3,59,60" hai1="22,20,24,87,32,106,40,51,46,125,43,54,119" hai2="29,9,34,135,47,55,1,67,124,82,115,132,114" hai3="123,131,101,33,23,91,61,134,18,27,53,103,104"/><T44/><D112/><U117/><E106/><V88/><F67/><W118/><G118/><T21/><D3/><U111/><E32/><V84/><F29/><W92/><G104/><T11/><D105/><U39/><E125/><V8/><F34/><W2/><G2/><T107/><D107/><U65/><E111/><V30/><F30/><W48/><G134/><N who="2" m="51241" /><F124/><W36/><G36/><T15/><D74/><U13/><E65/><V66/><F66/><W37/><G37/><T16/><D60/><U99/><E99/><V45/><F1/><W116/><G116/><T122/><D122/><U129/><E129/><V25/><F25/><AGARI ba="0,0" hai="11,15,16,17,21,25,38,42,44,57,59,81,86,90" machi="25" ten="30,11600,0" yaku="7,1,52,2,54,1" doraHai="12" who="0" fromWho="2" sc="250,116,250,0,250,-116,250,0" /><INIT seed="0,1,0,3,3,96" ten="366,250,134,250" oya="0" hai0="129,3,55,110,82,27,46,57,60,11,133,88,16" hai1="15,14,40,135,9,68,31,64,103,8,70,111,67" hai2="61,62,76,79,47,45,18,127,118,84,108,90,1" hai3="23,78,2,51,128,99,21,91,92,5,77,50,20"/><T0/><D133/><U19/><E31/><V113/><F1/><W63/><G128/><T97/><D129/><U71/><E135/><V13/><F113/><W24/><G24/><T28/><D110/><U75/><E75/><V4/><F4/><W126/><G126/><T104/><D104/><U56/><E40/><V73/><F73/><W42/><G2/><T101/><D101/><U125/><E125/><V36/><F118/><W30/><G5/><T7/><D3/><U114/><E111/><V48/><F36/><W94/><G30/><T107/><D107/><U58/><E114/><V100/><F47/><N who="3" m="25975" /><G63/><T124/><D124/><U43/><E43/><V122/><F122/><W109/><G109/><T116/><D116/><U117/><E117/><V98/><F62/><W53/><G94/><T83/><D46/><AGARI ba="1,0" hai="20,21,23,46,51,53,77,78,91,92,99" m="25975" machi="46" ten="30,1000,0" yaku="8,1" doraHai="96" who="3" fromWho="0" sc="366,-13,250,0,134,0,250,13" /><INIT seed="1,0,0,4,1,117" ten="353,250,134,263" oya="1" hai0="10,25,85,48,1,52,135,6,113,128,18,56,98" hai1="101,15,45,133,63,47,32,67,105,106,28,11,59" hai2="37,120,90,77,94,39,76,97,2,92,102,43,107" hai3="103,116,40,68,132,122,111,49,80,65,62,41,29"/><U79/><E133/><V16/><F2/><W72/><G132/><T66/><D135/><U115/><E115/><V54/><F43/><W60/><G116/><T61/><D128/><U14/><E79/><V81/><F39/><W110/><G103/><T4/><D113/><U126/><E126/><V87/><F37/><W46/><G29/><T50/><D50/><U82/><E82/><V124/><F54/><N who="3" m="30007" /><G80/><T104/><D85/><U83/><E83/><V121/><F124/><W130/><G72/><T42/><D42/><U33/><E15/><V35/><F35/><W38/><G38/><T24/><D6/><U53/><E45/><V27/><F16/><W108/><G130/><T7/><D7/><U64/><E64/><V119/><F27/><W131/><G131/><T36/><D36/><U57/><E47/><V125/><F125/><W99/><G99/><T55/><D55/><U89/><E89/><N who="2" m="53311" /><F119/><W22/><G22/><T58/><REACH who="0" step="1"/><D18/><REACH who="0" ten="343,250,134,263" step="2"/><U88/><E53/><V8/><F8/><W112/><G112/><T74/><D74/><U69/><E11/><V86/><F77/><W17/><G17/><T5/><D5/><U31/><E63/><V3/><F3/><W84/><G84/><AGARI ba="0,1" hai="76,81,84,86,90,94,97,102,107,120,121" m="53311" machi="84" ten="30,7700,0" yaku="34,2,52,2" doraHai="117" who="2" fromWho="3" sc="343,0,250,0,134,87,263,-77" /><INIT seed="2,0,0,4,0,82" ten="343,250,221,186" oya="2" hai0="55,135,15,67,113,94,56,37,126,4,127,81,121" hai1="66,46,2,93,54,7,8,3,96,29,59,115,35" hai2="0,119,44,63,80,36,20,32,48,128,13,112,104" hai3="12,6,23,43,53,103,11,98,68,109,26,24,21"/><V34/><F0/><W33/><G109/><T84/><D121/><U76/><E115/><V9/><F36/><W74/><G68/><T125/><D113/><U130/><E130/><V124/><F104/><W40/><G74/><T90/><D37/><U18/><E76/><V133/><F124/><W106/><G33/><T50/><D135/><U102/><E18/><V87/><F128/><W10/><G10/><N who="0" m="4551" /><D67/><U116/><E116/><V131/><F131/><W101/><G53/><T69/><D81/><U58/><E2/><V39/><F39/><W30/><REACH who="3" step="1"/><G103/><REACH who="3" ten="343,250,221,176" step="2"/><T100/><D69/><U117/><E35/><V41/><F34/><W42/><G42/><T129/><D129/><U83/><E102/><AGARI ba="0,1" hai="50,55,56,84,90,94,100,102,125,126,127" m="4551" machi="102" ten="30,2000,0" yaku="18,1,52,1" doraHai="82" who="0" fromWho="1" sc="343,30,250,-20,221,0,176,0" /><INIT seed="3,0,0,3,1,124" ten="373,230,221,176" oya="3" hai0="102,64,38,135,83,31,16,54,106,72,70,90,19" hai1="71,65,119,35,49,48,11,66,9,96,10,103,126" hai2="79,100,127,61,82,60,130,17,122,23,52,91,2" hai3="73,45,116,114,21,88,129,68,86,40,47,44,105"/><W76/><G68/><T109/><D38/><U0/><E0/><V28/><F100/><W118/><G114/><T57/><D109/><U26/><E126/><V1/><F28/><W133/><G105/><T117/><D117/><U98/><E119/><V50/><F91/><W51/><G133/><T94/><D135/><U56/><E71/><V95/><F95/><W112/><G112/><T5/><D5/><U7/><E7/><V25/><F2/><W74/><G45/><T39/><D39/><U67/><E56/><V113/><F1/><W69/><G69/><T55/><D55/><U8/><N who="1" m="2048" /><DORA hai="77" /><U134/><E134/><V132/><F132/><W75/><G76/><T33/><D64/><U125/><E125/><V14/><F127/><W30/><G129/><T92/><D92/><U3/><E3/><V12/><F130/><W36/><G21/><T120/><D31/><U121/><E121/><V107/><F107/><W24/><G24/><T89/><D33/><U4/><E4/><V87/><F113/><W84/><G30/><T99/><D70/><U115/><E115/><V62/><F122/><W97/><G84/><N who="0" m="52519" /><D90/><U58/><E103/><V110/><F110/><W32/><G97/><N who="1" m="37482" /><E35/><V22/><F22/><W27/><G27/><T46/><D46/><AGARI ba="0,0" hai="12,14,17,23,25,46,50,52,60,61,62,79,82,87" machi="46" ten="40,5200,0" yaku="8,1,52,1,54,1" doraHai="124,77" who="2" fromWho="0" sc="373,-52,230,0,221,52,176,0" /><INIT seed="4,0,0,4,2,2" ten="321,230,273,176" oya="0" hai0="118,14,73,110,106,112,135,98,49,36,24,40,23" hai1="125,78,74,33,17,89,5,31,107,20,75,32,54" hai2="120,69,25,104,30,76,48,92,94,90,88,56,68" hai3="127,27,129,29,55,59,22,82,99,35,101,38,126"/><T77/><D118/><U15/><E107/><V70/><F104/><W7/><G129/><T83/><D112/><U44/><E125/><V50/><F76/><W61/><G38/><T85/><D135/><U115/><E115/><V19/><F19/><W124/><G82/><T103/><D110/><U1/><E89/><V65/><F50/><W114/><G114/><T42/><D36/><U53/><E33/><V131/><F131/><W111/><G111/><T87/><D14/><U113/><E113/><V84/><F48/><W57/><G57/><T3/><D3/><U122/><E122/><V16/><F16/><W102/><G99/><T52/><D87/><U91/><E91/><V116/><F116/><W123/><G123/><T28/><REACH who="0" step="1"/><D73/><REACH who="0" ten="311,230,273,176" step="2"/><U100/><E75/><V26/><F120/><W13/><REACH who="3" step="1"/><G35/><REACH who="3" ten="311,230,273,166" step="2"/><T58/><AGARI ba="0,2" hai="23,24,28,40,42,49,52,58,77,83,85,98,103,106" machi="58" ten="20,12000,1" yaku="1,1,2,1,0,1,7,1,54,1,53,0" doraHai="2" doraHaiUra="119" who="0" fromWho="0" sc="311,140,230,-40,273,-40,166,-40" /><INIT seed="4,1,0,1,3,80" ten="451,190,233,126" oya="0" hai0="110,132,42,75,113,87,6,55,96,92,114,89,9" hai1="15,77,25,54,18,117,57,2,108,79,56,120,52" hai2="60,115,121,47,81,14,33,23,65,0,11,31,72" hai3="13,3,4,111,64,76,67,88,34,48,90,91,84"/><T10/><D75/><U118/><E2/><V49/><F33/><W44/><G111/><T43/><D110/><U94/><E108/><V36/><F115/><N who="0" m="44042" /><D132/><U134/><E134/><V127/><F127/><W37/><G34/><T101/><D55/><U73/><E73/><V100/><F100/><W63/><G37/><T74/><D74/><U66/><E66/><N who="3" m="25130" /><G3/><N who="0" m="223" /><D10/><U106/><E120/><V46/><F72/><W104/><G104/><AGARI ba="1,0" hai="42,43,87,89,92,96,101,104" m="223,44042" machi="104" ten="30,2900,0" yaku="15,1,52,1" doraHai="80" who="0" fromWho="3" sc="451,32,190,0,233,0,126,-32" /><INIT seed="4,2,0,1,0,23" ten="483,190,233,94" oya="0" hai0="29,127,24,86,2,61,48,12,5,41,106,125,27" hai1="120,74,57,109,75,43,93,84,98,47,63,89,35" hai2="77,102,126,100,87,37,8,111,18,7,110,15,58" hai3="95,107,122,72,128,112,71,78,70,132,16,20,92"/><T38/><D2/><U10/><E109/><V3/><F126/><N who="0" m="48138" /><D38/><U59/><E120/><V118/><F37/><W25/><G107/><T85/><D106/><U30/><E10/><V19/><F3/><W56/><G122/><T62/><D29/><U55/><E59/><V67/><F118/><W96/><G112/><T31/><D31/><U119/><E119/><V82/><F111/><W80/><G132/><T66/><D5/><U114/><E114/><V104/><F104/><W101/><G128/><T79/><D12/><U34/><E98/><V64/><F64/><W14/><G95/><T68/><D62/><U81/><E93/><V60/><REACH who="2" step="1"/><F110/><REACH who="2" ten="483,190,223,94" step="2"/><W135/><G135/><T1/><D1/><U26/><REACH who="1" step="1"/><E34/><REACH who="1" ten="483,180,223,94" step="2"/><V46/><F46/><W121/><G121/><T117/><D117/><U108/><E108/><V54/><F54/><W73/><G73/><T17/><D66/><U13/><E13/><V113/><F113/><W39/><G39/><AGARI ba="2,2" hai="26,30,35,39,43,47,55,57,63,74,75,81,84,89" machi="39" ten="30,7700,0" yaku="1,1,7,1,52,1,53,1" doraHai="23" doraHaiUra="51" who="1" fromWho="3" sc="483,0,180,103,223,0,94,-83" /><INIT seed="5,0,0,1,2,16" ten="483,283,223,11" oya="1" hai0="50,31,2,114,127,123,23,71,80,43,69,22,103" hai1="40,68,124,24,46,65,93,122,26,104,83,57,120" hai2="96,53,129,56,42,79,33,41,67,39,134,92,36" hai3="64,117,78,135,128,11,7,14,95,55,110,101,15"/><U10/><E104/><V1/><F1/><W44/><G110/><T35/><D2/><U32/><E124/><V84/><F33/><W100/><G117/><T130/><D71/><U19/><E68/><V62/><F129/><W5/><G135/><T29/><D69/><U108/><E108/><V105/><F105/><W61/><G128/><T126/><D130/><U121/><E83/><N who="2" m="47231" /><F39/><W102/><G78/><T85/><D103/><U30/><E93/><V20/><F36/><W66/><G95/><T73/><D73/><U94/><E94/><V28/><F53/><W74/><G74/><T125/><D114/><U106/><E106/><V34/><F34/><W48/><REACH who="3" step="1"/><G61/><REACH who="3" ten="483,283,223,1" step="2"/><T99/><D99/><U3/><E122/><V133/><F133/><W18/><G18/><T27/><D31/><U81/><E120/><V90/><F134/><W12/><G12/><T60/><D60/><U49/><E121/><V107/><F107/><W37/><G37/><T112/><D112/><U21/><E81/><V0/><F0/><W131/><G131/><T6/><D6/><U77/><E77/><V38/><F38/><W115/><G115/><T118/><D118/><U58/><E3/><V89/><F89/><W119/><G119/><T8/><D123/><U52/><E30/><V88/><F90/><W4/><G4/><T91/><D127/><U116/><E116/><V76/><F76/><W72/><G72/><T113/><D126/><U59/><E19/><V13/><F13/><W54/><G54/><T45/><D125/><U17/><E17/><V82/><F82/><W70/><G70/><RYUUKYOKU ba="0,1" sc="483,-15,283,-15,223,15,1,15" hai2="20,28,41,42,56,62,67,88,92,96" hai3="5,7,11,14,15,44,48,55,64,66,100,101,102" /><INIT seed="6,1,1,2,0,86" ten="468,268,238,16" oya="2" hai0="85,80,32,48,120,123,25,98,7,117,53,36,0" hai1="1,29,75,26,59,9,23,83,5,18,49,76,102" hai2="10,57,72,67,113,132,89,73,131,114,61,13,84" hai3="70,88,96,69,135,54,82,97,125,6,99,38,22"/><V112/><F131/><W106/><G38/><T39/><D39/><U134/><E134/><V119/><F119/><W77/><G106/><T118/><D36/><U12/><E102/><V91/><F132/><W14/><G135/><T55/><D98/><U19/><E59/><V41/><F41/><W68/><G125/><T66/><D66/><U52/><E49/><V58/><F58/><W27/><G54/><T108/><D108/><U116/><E116/><N who="0" m="44649" /><D7/><U37/><E37/><V63/><F63/><W64/><G14/><T11/><D11/><U40/><E40/><V124/><F124/><W121/><G6/><T35/><D0/><U30/><E52/><N who="0" m="20041" /><D48/><U74/><E74/><N who="2" m="28779" /><F84/><W128/><G64/><T31/><D35/><U79/><E79/><AGARI ba="1,1" hai="25,31,32,79,80,85,120,123" m="20041,44649" machi="79" ten="30,2000,0" yaku="12,1,54,1" doraHai="86" who="0" fromWho="1" sc="468,33,268,-23,238,0,16,0" /><INIT seed="7,0,0,2,2,60" ten="501,245,238,16" oya="3" hai0="21,80,100,123,35,56,126,110,124,69,102,71,18" hai1="96,114,103,10,66,127,44,57,101,115,33,67,50" hai2="111,120,87,2,78,15,16,31,29,8,6,113,77" hai3="37,42,97,134,64,1,72,93,112,92,62,53,128"/><W95/><G72/><T45/><D35/><U70/><E70/><V19/><F111/><W132/><G1/><T49/><D110/><U89/><E33/><V83/><F113/><N who="1" m="43017" /><E10/><V98/><F78/><W25/><G112/><T131/><D123/><U135/><E135/><N who="3" m="51754" /><G128/><T55/><D131/><U94/><E127/><N who="0" m="48681" /><D80/><U26/><E26/><V130/><F130/><W11/><G11/><T7/><D7/><U40/><E57/><V54/><F2/><W91/><G53/><T17/><D17/><N who="2" m="6730" /><F120/><W13/><G13/><N who="0" m="9423" /><D45/><U58/><E58/><V9/><F9/><W81/><G81/><T82/><D82/><U59/><E59/><V27/><F27/><W68/><G25/><T107/><D107/><N who="1" m="63911" /><E103/><AGARI ba="0,0" hai="49,55,56,69,71,100,102,103" m="9423,48681" machi="103" ten="30,1000,0" yaku="18,1" doraHai="60" who="0" fromWho="1" sc="501,10,245,-10,238,0,16,0" owari="511,60.0,235,-16.0,238,4.0,16,-48.0" /></mjloggm>