<mjloggm ver="2.3"><GO type="97" lobby="0"/><UN n0="%6A%6F%6E%67%2D%4E%61%68" n1="%6A%75%72%69%65%73%75" n2="%E8%BB%9F%E6%B0%B4" n3="%E3%82%A6%E3%83%AB%E3%83%88%E3%83%A9%E7%AB%8B%E7%9B%B4" dan="13,14,15,15" rate="1868.00,1906.18,2005.96,1982.84" sx="F,M,M,M"/><TAIKYOKU oya="0"/><INIT seed="0,0,0,5,1,32" ten="250,250,250,250" oya="0" hai0="60,26,89,123,61,127,6,46,108,101,126,41,72" hai1="5,49,135,52,19,23,0,96,92,88,53,34,39" hai2="64,27,18,62,117,129,40,78,100,116,115,11,106" hai3="99,71,86,47,125,73,87,76,2,109,57,17,128"/><T134/><D72/><U1/><E34/><V107/><F115/><W63/><G71/><T81/><D123/><U133/><E39/><V79/><F40/><W77/><G47/><T54/><D101/><U93/><E93/><V33/><F129/><W97/><G17/><T98/><D26/><N who="1" m="14719" /><E5/><V36/><F36/><W51/><G51/><T95/><D81/><U24/><E24/><V13/><F27/><W48/><G48/><T20/><D134/><N who="1" m="51211" /><E53/><V31/><F33/><W66/><G97/><T113/><D113/><U119/><E119/><N who="2" m="45643" /><F31/><W4/><G99/><T80/><D80/><U21/><E21/><V30/><F30/><W59/><G128/><T131/><D131/><U74/><E74/><V14/><F14/><W105/><G73/><T110/><D6/><U28/><E28/><V132/><F132/><W120/><G4/><T112/><D20/><U118/><E118/><V111/><F100/><W25/><G25/><T16/><D54/><U55/><E55/><V67/><F106/><W10/><G105/><T102/><D102/><U58/><AGARI ba="0,0" hai="0,1,49,52,58,88,92,96" m="51211,14719" machi="58" ten="30,8000,1" yaku="20,1,52,2,54,2" doraHai="32" who="1" fromWho="1" sc="250,-40,250,80,250,-20,250,-20" /><INIT seed="1,0,0,3,0,122" ten="210,330,230,230" oya="1" hai0="126,38,48,57,50,98,56,58,83,20,4,54,75" hai1="120,25,45,70,30,115,119,66,82,133,16,47,124" hai2="12,107,55,114,84,102,85,26,123,112,127,36,68" hai3="51,125,6,52,90,110,134,18,129,5,10,53,76"/><U32/><E120/><V132/><F123/><W135/><G76/><T72/><D4/><U62/><E115/><N who="2" m="44075" /><F36/><W79/><G79/><T15/><D126/><U71/><E119/><V49/><F68/><W97/><G125/><T29/><D98/><U100/><E124/><V69/><F69/><W113/><G18/><T39/><D83/><U73/><E71/><V130/><F127/><W11/><G113/><T22/><D29/><U80/><E133/><V23/><F12/><W128/><G97/><T0/><D0/><U101/><E73/><N who="0" m="28233" /><D54/><N who="3" m="21097" /><G51/><N who="0" m="19499" /><D15/><U63/><E63/><V78/><F132/><N who="3" m="50731" /><G90/><T93/><D93/><U95/><E95/><V104/><F78/><W103/><G103/><T42/><D42/><U28/><E28/><V131/><F102/><W108/><G6/><T17/><D17/><U60/><E60/><V24/><F104/><W34/><G34/><T46/><D46/><U8/><E101/><V116/><F107/><W67/><G67/><T64/><D64/><U89/><E100/><V3/><F85/><W118/><G118/><T96/><D96/><U19/><E82/><V7/><F116/><W9/><G5/><T35/><D35/><U111/><E19/><V117/><F117/><W87/><G87/><T33/><D33/><U99/><E99/><V44/><F84/><W37/><G37/><AGARI ba="0,0" hai="20,22,37,38,39,56,57,58" m="19499,28233" machi="37" ten="40,2600,0" yaku="28,2" doraHai="122" who="0" fromWho="3" sc="210,26,330,0,230,0,230,-26" /><INIT seed="2,0,0,1,5,135" ten="236,330,230,204" oya="2" hai0="39,24,123,88,64,108,46,87,131,15,37,11,71" hai1="70,49,85,110,9,5,48,59,7,112,91,74,107" hai2="76,79,63,94,132,58,2,53,80,34,56,101,38" hai3="42,19,96,121,115,105,47,99,14,118,41,62,73"/><V26/><F132/><W6/><G73/><T81/><D123/><U98/><E112/><V124/><F124/><W89/><G121/><T133/><D133/><U104/><E70/><V17/><F2/><W68/><G118/><T35/><D131/><U44/><E74/><V30/><F38/><W23/><G115/><T120/><D120/><U111/><E59/><V12/><F80/><W103/><G6/><T125/><D125/><U36/><E36/><V67/><F94/><W92/><G68/><T4/><D108/><N who="1" m="41515" /><E98/><V40/><F40/><W116/><G116/><T18/><D46/><U60/><E60/><V22/><REACH who="2" step="1"/><F101/><REACH who="2" ten="236,330,220,204" step="2"/><W21/><G42/><T97/><D97/><U1/><E104/><V90/><F90/><W55/><G103/><T126/><D126/><U57/><E107/><V65/><F65/><W134/><G105/><T127/><D127/><U43/><E43/><V82/><F82/><W8/><G134/><T102/><D102/><U61/><E91/><V93/><F93/><W106/><G106/><T128/><D128/><U78/><E78/><V45/><F45/><W69/><G99/><T3/><D64/><U119/><E119/><V130/><F130/><W16/><G41/><T27/><D71/><U113/><E113/><V29/><F29/><W13/><G69/><T86/><D86/><U54/><E85/><V0/><F0/><W51/><REACH who="3" step="1"/><G62/><AGARI ba="0,1" hai="12,17,22,26,30,34,53,56,58,62,63,67,76,79" machi="62" ten="30,2900,0" yaku="1,1,7,1,53,0" doraHai="135" doraHaiUra="100" who="2" fromWho="3" sc="236,0,330,0,220,39,204,-29" /><INIT seed="2,1,0,2,2,112" ten="236,330,259,175" oya="2" hai0="27,46,26,77,0,133,92,110,40,73,20,111,10" hai1="67,76,47,96,125,83,97,11,72,37,29,35,106" hai2="118,15,71,22,24,107,55,75,100,104,69,127,42" hai3="120,44,122,58,119,101,4,85,132,128,91,39,3"/><V134/><F75/><W102/><G4/><N who="0" m="1287" /><D92/><U48/><E37/><V21/><F118/><W113/><G3/><T64/><D64/><U117/><E117/><V59/><F42/><W88/><G44/><T36/><D133/><U86/><E125/><V1/><F127/><W60/><G39/><T28/><D27/><U79/><E67/><V16/><F1/><W9/><G9/><T61/><D61/><U87/><E96/><V14/><F14/><W66/><G119/><T32/><D20/><U80/><E11/><V54/><F54/><W105/><G132/><T7/><D7/><U93/><E106/><V62/><F134/><W81/><G113/><T50/><D50/><U84/><E35/><V52/><F55/><W53/><G128/><T31/><D31/><U65/><E29/><V98/><REACH who="2" step="1"/><F107/><REACH who="2" ten="236,330,249,175" step="2"/><W19/><G105/><T68/><D68/><U74/><E65/><V12/><F12/><W8/><G66/><T126/><D126/><U121/><E121/><V129/><F129/><W51/><G122/><T57/><D57/><U17/><E74/><V43/><F43/><W78/><G120/><T25/><D25/><U95/><E72/><V34/><F34/><W5/><G60/><T56/><D56/><U6/><E6/><V109/><F109/><W33/><G33/><T41/><D41/><U30/><E47/><V13/><F13/><N who="3" m="7591" /><G5/><T131/><D131/><U94/><E97/><V124/><F124/><W70/><G70/><T99/><D99/><U38/><E38/><V116/><F116/><W123/><G123/><T49/><D49/><U63/><E48/><RYUUKYOKU ba="1,1" sc="236,10,330,-30,249,10,175,10" hai0="26,28,32,36,40,46,73,77,110,111" hai2="15,16,21,22,24,52,59,62,69,71,98,100,104" hai3="51,53,58,78,81,85,88,91,101,102" /><INIT seed="2,2,1,3,1,35" ten="246,300,259,185" oya="2" hai0="104,45,87,113,5,3,11,93,34,49,119,79,85" hai1="18,111,80,39,100,14,10,51,54,74,125,19,33" hai2="28,109,31,25,60,101,41,29,26,91,77,27,90" hai3="103,107,88,12,75,61,21,43,105,83,38,106,40"/><V120/><F120/><W71/><G103/><T63/><D119/><U58/><E39/><V62/><F77/><W23/><G75/><T59/><D113/><U129/><E33/><V81/><F101/><W72/><G72/><T57/><D104/><U42/><E42/><V96/><F96/><W121/><G121/><T130/><D34/><U4/><E111/><V68/><F68/><W67/><G38/><T65/><D130/><U128/><E125/><V30/><N who="2" m="7680" /><DORA hai="102" /><V13/><F41/><W7/><G23/><T46/><D59/><U94/><E74/><V114/><F114/><W127/><G127/><T82/><D49/><U95/><E80/><V6/><F109/><W73/><G21/><T124/><D124/><U86/><E95/><V66/><F81/><W37/><G37/><T2/><D46/><U8/><E86/><V22/><F22/><W70/><G70/><T97/><D45/><U56/><E56/><N who="2" m="37127" /><F62/><W36/><G36/><T55/><D87/><U133/><E10/><AGARI ba="2,1" hai="6,10,13,25,26,27,90,91" m="37127,7680" machi="10" ten="50,2400,0" yaku="8,1" doraHai="35,102" who="2" fromWho="1" sc="246,0,300,-30,259,40,185,0" /><INIT seed="2,3,0,2,4,61" ten="246,270,299,185" oya="2" hai0="101,98,81,35,30,27,41,24,71,58,56,52,69" hai1="122,106,11,8,46,133,125,51,76,80,0,59,33" hai2="96,92,75,108,78,26,68,28,104,83,74,16,60" hai3="13,114,82,116,22,62,57,84,32,3,55,64,130"/><V90/><F104/><W100/><G32/><T14/><D41/><U36/><E36/><V73/><F108/><W112/><G3/><T131/><D131/><U88/><E33/><V95/><F95/><W48/><G130/><T134/><D134/><U18/><E106/><V42/><F42/><W87/><G116/><T132/><D132/><U39/><E133/><V2/><F2/><W135/><G135/><T102/><D81/><U67/><E39/><V72/><F72/><W117/><G117/><T20/><D14/><U29/><E29/><V86/><F86/><W49/><G49/><T89/><D58/><U111/><E111/><V54/><F16/><N who="3" m="10511" /><G100/><T119/><D119/><U1/><E1/><V4/><F4/><W109/><G109/><T97/><D71/><U105/><E105/><V7/><F7/><W37/><G37/><T120/><D69/><U9/><E0/><V5/><F5/><W47/><G82/><T31/><D120/><U85/><E122/><V121/><F121/><W63/><G63/><T6/><D6/><U44/><E125/><V103/><F103/><W110/><G110/><T25/><D25/><U34/><E34/><V19/><F68/><W124/><G124/><T129/><D129/><U77/><E18/><V128/><F128/><W43/><G43/><T66/><D66/><U10/><N who="1" m="2560" /><DORA hai="107" /><U118/><E118/><V15/><F19/><W65/><G65/><T53/><D89/><U17/><E17/><V126/><F126/><W45/><G45/><N who="1" m="17514" /><E51/><V123/><F123/><W115/><AGARI ba="3,0" hai="47,48,55,57,62,64,84,87,112,114,115" m="10511" machi="115" ten="30,4000,0" yaku="11,1,52,1,54,1" doraHai="61,107" who="3" fromWho="3" sc="246,-13,270,-13,299,-23,185,49" /><INIT seed="3,0,0,1,0,86" ten="233,257,276,234" oya="3" hai0="97,24,40,62,1,105,127,108,4,72,26,16,22" hai1="85,117,94,11,2,21,131,27,0,47,65,3,39" hai2="28,82,67,114,7,34,51,10,14,37,132,33,49" hai3="66,12,20,101,44,99,9,107,109,55,18,121,64"/><W129/><G121/><T133/><D72/><U43/><E131/><V96/><F114/><W52/><G129/><T124/><D40/><U36/><E36/><V30/><F37/><W116/><G116/><T45/><D45/><U75/><E75/><V104/><F132/><W84/><G109/><T8/><D62/><U35/><E35/><V89/><F67/><W92/><G107/><T120/><D120/><U57/><E117/><V19/><F33/><W91/><G84/><T42/><D42/><U61/><E11/><V76/><F34/><W130/><G130/><T78/><D78/><U38/><E38/><V53/><F7/><N who="3" m="3135" /><G101/><T88/><D133/><U32/><E32/><V100/><F51/><N who="3" m="28775" /><G55/><T125/><D108/><U77/><E3/><V79/><F79/><W95/><G95/><N who="0" m="56551" /><D105/><U111/><E111/><V81/><F76/><W87/><G87/><T54/><D54/><U115/><E115/><V59/><F81/><W122/><G122/><T128/><D128/><U110/><E110/><V73/><F73/><W25/><AGARI ba="0,0" hai="18,20,25,64,66,91,92,99" m="28775,3135" machi="25" ten="30,6000,0" yaku="8,1,52,1,54,1" doraHai="86" who="3" fromWho="3" sc="233,-20,257,-20,276,-20,234,60" /><INIT seed="3,1,0,0,5,126" ten="213,237,256,294" oya="3" hai0="94,114,43,125,7,130,51,59,26,4,52,103,21" hai1="84,67,30,36,49,106,1,101,46,39,135,131,27" hai2="82,3,132,9,0,38,93,66,61,89,77,10,13" hai3="41,105,55,92,2,76,104,128,22,48,102,54,87"/><W45/><G128/><T57/><D125/><U121/><E121/><V70/><F38/><W95/><G2/><T90/><D114/><U68/><E1/><V107/><F107/><W63/><G104/><T113/><D113/><U110/><E110/><V74/><F132/><W116/><G105/><T20/><D130/><U119/><E131/><V47/><F47/><W85/><G116/><T109/><D109/><U91/><E135/><V35/><F35/><W12/><G63/><N who="0" m="36263" /><D103/><U40/><E119/><V129/><F129/><W65/><G65/><T28/><D21/><U31/><E67/><V108/><F108/><W69/><G69/><T50/><D43/><U32/><E68/><V42/><F42/><W64/><G64/><T111/><D111/><U56/><E56/><V16/><REACH who="2" step="1"/><F9/><REACH who="2" ten="213,237,246,294" step="2"/><W117/><G45/><T122/><D122/><U71/><E39/><V118/><F118/><W58/><G41/><T5/><D59/><U123/><E36/><V53/><F53/><W17/><G55/><T78/><D78/><U83/><E123/><V124/><F124/><W37/><G37/><T133/><D133/><U134/><E134/><V80/><F80/><N who="3" m="47239" /><G117/><T19/><D28/><U115/><E71/><V15/><F15/><W96/><G92/><T99/><AGARI ba="1,1" hai="4,5,7,19,20,26,50,51,90,94,99" m="36263" machi="99" ten="30,4000,0" yaku="25,1,8,1,54,1" doraHai="126" who="0" fromWho="0" sc="213,53,237,-11,246,-11,294,-21" /><INIT seed="4,0,0,4,4,21" ten="266,226,235,273" oya="0" hai0="45,134,40,114,81,111,20,58,123,0,95,91,29" hai1="83,67,92,6,55,11,69,38,24,2,71,43,44" hai2="15,49,82,80,68,89,30,130,14,34,128,79,98" hai3="106,39,54,9,17,84,76,65,73,13,56,119,102"/><T88/><D123/><U25/><E83/><V59/><F68/><W108/><G39/><T112/><D0/><U4/><E4/><V70/><F70/><W74/><G108/><T122/><D122/><U63/><E71/><V36/><F36/><W26/><G102/><T87/><D134/><U47/><REACH who="1" step="1"/><E92/><REACH who="1" ten="266,216,235,273" step="2"/><V37/><F80/><N who="3" m="47111" /><G106/><T22/><D111/><U72/><E72/><V62/><F82/><W132/><G74/><T57/><D114/><U77/><E77/><V64/><F128/><W117/><G73/><T105/><D112/><U94/><E94/><V129/><F79/><W1/><G119/><T99/><D105/><U75/><E75/><V97/><F129/><W110/><G117/><T12/><D22/><U121/><E121/><V131/><F131/><W18/><G110/><T125/><D125/><U19/><E19/><V7/><F130/><W27/><G18/><N who="0" m="10311" /><D29/><U66/><E66/><V124/><F30/><W33/><G65/><T48/><AGARI ba="0,1" hai="40,45,48,57,58,81,87,88,91,95,99" m="10311" machi="48" ten="30,3000,0" yaku="8,1,54,1" doraHai="21" who="0" fromWho="0" sc="266,40,216,-10,235,-10,273,-10" owari="306,40.0,206,-29.0,225,-17.0,263,6.0" /></mjloggm>