<mjloggm ver="2.3"><GO type="97" lobby="0"/><UN n0="%E3%82%A6%E3%83%AB%E3%83%88%E3%83%A9%E7%AB%8B%E7%9B%B4" n1="%73%2E%74%6F%6B%6F%72%6F" n2="%E8%B1%8A%E8%87%A3%E7%A7%80%E5%B9%B8" n3="%E6%B8%A1%E8%89%AF%E7%80%AC%E2%98%86%E6%BA%96" dan="15,13,14,13" rate="1992.04,1850.24,1967.15,1897.75" sx="M,M,M,M"/><TAIKYOKU oya="0"/><INIT seed="0,0,0,3,0,134" ten="250,250,250,250" oya="0" hai0="52,86,32,101,19,59,105,104,79,13,62,23,110" hai1="56,129,135,125,14,66,16,17,106,33,1,102,63" hai2="80,88,131,109,113,24,128,29,93,15,111,26,77" hai3="11,126,9,46,72,61,67,90,100,51,42,103,78"/><T34/><D110/><N who="2" m="41994" /><F113/><W99/><G126/><T69/><D69/><U2/><E135/><V82/><F15/><W31/><G31/><T115/><D115/><U68/><E129/><N who="2" m="49739" /><F77/><W116/><G116/><T5/><D5/><U120/><E120/><V94/><F94/><W37/><G37/><T121/><D121/><U44/><E33/><N who="2" m="20647" /><F26/><W64/><G72/><T122/><D122/><U97/><E44/><V7/><F7/><W92/><G78/><T127/><D127/><U98/><E98/><AGARI ba="0,0" hai="80,82,88,93,98" m="20647,49739,41994" machi="98" ten="30,3900,0" yaku="14,1,19,1,54,1" doraHai="134" who="2" fromWho="1" sc="250,0,250,-39,250,39,250,0" /><INIT seed="1,0,0,3,3,115" ten="250,211,289,250" oya="1" hai0="134,87,120,126,33,122,57,29,59,28,113,110,76" hai1="82,108,34,31,56,42,58,93,18,61,107,70,27" hai2="6,130,37,106,32,133,123,20,96,74,66,135,19" hai3="72,12,91,85,127,11,102,44,98,132,75,129,49"/><U124/><E107/><V83/><F32/><W95/><G127/><T73/><D73/><U53/><E124/><V41/><F37/><W13/><G129/><T47/><D126/><U1/><E1/><V23/><F41/><W30/><G30/><T116/><D113/><U40/><E70/><V77/><F66/><W36/><G36/><T99/><D99/><U17/><E108/><V63/><F63/><W101/><G13/><T48/><D110/><U121/><E121/><V88/><F123/><W111/><G102/><T8/><D8/><U38/><E82/><V15/><F130/><W54/><G132/><N who="2" m="50761" /><F6/><W52/><G54/><T51/><D33/><U109/><E109/><V119/><F119/><W128/><G111/><T9/><D134/><U2/><E2/><V105/><F20/><W118/><G118/><T3/><D3/><U26/><E93/><AGARI ba="0,0" hai="15,19,23,74,77,83,88,93,96,105,106" m="50761" machi="93" ten="30,2000,0" yaku="20,1,54,1" doraHai="115" who="2" fromWho="1" sc="250,0,211,-20,289,20,250,0" /><INIT seed="2,0,0,0,0,30" ten="250,191,309,250" oya="2" hai0="23,9,132,92,26,52,83,27,42,40,41,131,93" hai1="94,76,58,122,35,87,1,100,16,126,108,54,82" hai2="67,28,55,86,134,66,111,65,85,105,117,77,19" hai3="39,59,73,88,129,97,8,106,102,36,128,135,13"/><V62/><F28/><W24/><G73/><T18/><D131/><N who="3" m="50249" /><G135/><T113/><D113/><U45/><E1/><V72/><F72/><W50/><G24/><T22/><D132/><U6/><E6/><V109/><F105/><W81/><G59/><T61/><D9/><U7/><E7/><V49/><F117/><W112/><G50/><T12/><D83/><U78/><E108/><N who="2" m="41547" /><F134/><W101/><G101/><T121/><D121/><U116/><E116/><V91/><F19/><N who="3" m="8615" /><G112/><T84/><D84/><AGARI ba="0,0" hai="36,39,81,84,88,97,102,106" m="8615,50249" machi="84" ten="30,2000,0" yaku="19,1,54,1" doraHai="30" who="3" fromWho="0" sc="250,-20,191,0,309,0,250,20" /><INIT seed="3,0,0,5,4,118" ten="230,191,309,270" oya="3" hai0="73,32,29,17,46,36,94,59,91,90,100,69,68" hai1="8,82,120,21,115,12,96,24,74,126,116,1,25" hai2="23,15,52,105,135,97,42,57,112,47,5,53,2" hai3="77,89,86,111,113,14,20,80,18,72,22,45,10"/><W27/><G111/><T127/><D29/><U107/><E115/><V64/><F112/><W4/><G113/><T0/><D32/><U65/><E116/><V110/><F110/><W35/><G45/><T93/><D0/><U41/><E41/><V81/><F135/><W70/><G70/><T44/><D100/><U39/><E39/><V88/><F2/><W106/><G106/><T84/><D59/><U102/><E65/><V54/><F105/><W92/><G35/><T129/><D73/><U3/><E126/><V61/><F5/><W7/><G22/><T79/><D79/><U6/><E120/><V34/><F34/><W26/><REACH who="3" step="1"/><G4/><REACH who="3" ten="230,191,309,260" step="2"/><T71/><D46/><U122/><E122/><V76/><F23/><W95/><G95/><T99/><D44/><U78/><REACH who="1" step="1"/><E25/><AGARI ba="0,1" hai="7,10,14,18,20,25,26,27,72,77,80,86,89,92" machi="25" ten="30,2900,0" yaku="1,1,7,1,53,0" doraHai="118" doraHaiUra="123" who="3" fromWho="1" sc="230,0,191,-29,309,0,260,39" /><INIT seed="3,1,0,5,3,111" ten="230,162,309,299" oya="3" hai0="127,61,81,33,54,17,84,57,101,6,133,37,106" hai1="64,20,117,131,31,39,36,104,16,96,53,67,103" hai2="108,100,89,29,73,65,66,129,79,1,41,85,62" hai3="38,44,7,56,123,63,9,78,74,91,42,83,93"/><W102/><G102/><T3/><D33/><U32/><E117/><V13/><F1/><N who="3" m="239" /><G123/><T124/><D37/><U70/><E131/><V23/><F108/><W75/><G75/><T72/><D72/><U132/><E132/><V47/><F73/><W95/><G91/><T82/><D101/><U119/><E119/><V135/><F100/><W69/><G69/><T110/><D106/><U34/><E53/><AGARI ba="1,0" hai="38,42,44,53,56,63,74,78,83,93,95" m="239" machi="53" ten="30,1500,0" yaku="25,1" doraHai="111" who="3" fromWho="1" sc="230,0,162,-18,309,0,299,18" owari="230,-17.0,144,-36.0,309,11.0,317,42.0" /></mjloggm>