<mjloggm ver="2.3"><GO type="97" lobby="0"/><UN n0="%6B%69%6D%69%E3%81%95%E3%82%93" n1="%E6%9C%80%E5%87%B6%E9%9C%9C%E9%99%8D%E7%89%9B" n2="%E3%82%A6%E3%83%AB%E3%83%88%E3%83%A9%E7%AB%8B%E7%9B%B4" n3="%E7%A5%9E%E4%BB%A3%E5%B0%8F%E8%92%94%E2%98%85" dan="13,14,15,14" rate="1889.99,1940.59,1998.69,1964.81" sx="M,M,M,F"/><TAIKYOKU oya="0"/><INIT seed="0,0,0,0,3,95" ten="250,250,250,250" oya="0" hai0="98,28,54,24,25,112,38,79,29,0,51,122,50" hai1="20,48,96,132,21,103,45,64,107,61,102,56,41" hai2="84,124,60,30,46,130,12,92,74,85,34,104,127" hai3="31,23,90,43,71,37,125,5,65,57,114,120,129"/><T119/><D38/><U117/><E117/><V77/><F104/><W6/><G114/><T100/><D112/><U63/><E132/><V115/><F115/><W18/><G71/><T123/><D0/><U78/><E78/><V101/><F30/><W108/><G31/><T128/><D79/><U11/><E11/><V70/><F34/><W82/><G125/><N who="2" m="48201" /><F130/><W47/><G129/><T94/><D128/><U7/><E7/><V69/><F74/><W14/><G108/><T44/><D119/><U88/><E103/><V121/><F121/><W8/><G120/><T52/><D28/><U9/><E9/><V33/><F33/><W113/><G113/><T40/><D25/><U62/><E62/><V135/><F135/><W53/><G65/><T4/><D4/><U55/><REACH who="1" step="1"/><E88/><REACH who="1" ten="250,240,250,250" step="2"/><N who="2" m="53263" /><F101/><W76/><G90/><T22/><D40/><U110/><E110/><V68/><F60/><W15/><G6/><T39/><REACH who="0" step="1"/><D39/><REACH who="0" ten="240,240,250,250" step="2"/><U99/><E99/><V1/><F1/><W58/><G53/><T3/><D3/><U19/><E19/><V83/><F12/><W59/><G76/><T134/><D134/><U35/><E35/><V10/><F10/><W91/><G91/><T72/><D72/><U116/><E116/><V81/><F81/><W89/><G89/><T2/><D2/><U27/><E27/><V36/><F36/><W126/><G126/><T106/><D106/><U32/><E32/><V13/><F13/><W66/><G82/><T80/><D80/><U131/><E131/><V86/><F86/><W73/><G73/><T75/><D75/><U49/><E49/><RYUUKYOKU ba="0,2" sc="240,0,240,0,250,0,250,0" hai0="22,24,29,44,50,51,52,54,94,98,100,122,123" hai1="20,21,41,45,48,55,56,61,63,64,96,102,107" hai2="46,68,69,70,77,83,84" hai3="5,8,14,15,18,23,37,43,47,57,58,59,66" /><INIT seed="0,1,2,4,1,107" ten="240,240,250,250" oya="0" hai0="119,2,52,118,84,11,104,81,127,42,93,22,61" hai1="102,67,65,9,13,32,126,73,83,66,54,45,98" hai2="88,120,91,101,123,130,76,29,23,86,55,49,16" hai3="89,28,116,105,128,1,21,111,47,51,48,19,36"/><T26/><D104/><U68/><E32/><V95/><F29/><W87/><G105/><T7/><D42/><U39/><E126/><V0/><F0/><W117/><G128/><T5/><D5/><U135/><E135/><V115/><F115/><W80/><G1/><T3/><D3/><U106/><E68/><V78/><F130/><W77/><G111/><T124/><D93/><U79/><E67/><V99/><F120/><W92/><G28/><T90/><D61/><U10/><E10/><V72/><F123/><W121/><G121/><T24/><D52/><U50/><REACH who="1" step="1"/><E39/><REACH who="1" ten="240,230,250,250" step="2"/><V114/><F114/><W33/><G33/><T75/><D127/><U56/><E56/><V25/><F72/><W46/><G36/><T37/><D37/><U8/><E8/><V4/><F4/><AGARI ba="1,3" hai="4,9,13,45,50,54,65,66,73,79,83,98,102,106" machi="4" ten="30,3900,0" yaku="1,1,7,1,52,1,53,0" doraHai="107" doraHaiUra="108" who="1" fromWho="2" sc="240,0,230,72,250,-42,250,0" /><INIT seed="1,0,0,4,4,51" ten="240,302,208,250" oya="1" hai0="11,53,56,119,37,46,118,125,48,96,80,55,50" hai1="100,54,69,88,19,1,25,106,18,44,127,95,7" hai2="36,22,91,104,107,27,105,2,97,70,49,86,112" hai3="129,126,17,76,74,67,66,102,83,121,93,73,116"/><U45/><E69/><V78/><F36/><W81/><G121/><T109/><D109/><U9/><E127/><V32/><F32/><W43/><G43/><T72/><D125/><U134/><E134/><V59/><F70/><W58/><G126/><T94/><D37/><U10/><E100/><V120/><F2/><W98/><G129/><T128/><D128/><U84/><E106/><V57/><F112/><W33/><G33/><T87/><D72/><U5/><E19/><V13/><F13/><W90/><G116/><T52/><D11/><U38/><E38/><V21/><F120/><W130/><G130/><T75/><D75/><U29/><E18/><V23/><F27/><W61/><G17/><T34/><D55/><U71/><E54/><V133/><F133/><W28/><G28/><T99/><D34/><U41/><E71/><V123/><F123/><W62/><G90/><T113/><D113/><U124/><E41/><V40/><F78/><W35/><G35/><T12/><D12/><U132/><E132/><V3/><F3/><W60/><REACH who="3" step="1"/><G67/><REACH who="3" ten="240,302,208,240" step="2"/><T8/><D119/><U89/><E124/><V110/><F110/><W111/><G111/><T47/><D118/><U31/><E31/><V82/><F97/><W108/><G108/><T92/><D99/><U30/><E30/><V117/><F117/><W79/><AGARI ba="0,1" hai="58,60,61,62,66,73,74,76,79,81,83,93,98,102" machi="79" ten="30,7900,0" yaku="1,1,0,1,9,1,53,1" doraHai="51" doraHaiUra="63" who="3" fromWho="3" sc="240,-20,302,-39,208,-20,240,89" /><INIT seed="2,0,0,0,1,20" ten="220,263,188,329" oya="2" hai0="86,64,13,99,69,91,24,7,113,78,72,96,76" hai1="56,121,128,65,40,45,35,29,0,23,11,4,102" hai2="110,73,71,83,57,6,62,93,51,44,131,106,125" hai3="95,127,16,77,94,18,109,60,84,111,50,10,5"/><V122/><F106/><W85/><G127/><T126/><D113/><U42/><E128/><V36/><F122/><W15/><G60/><T88/><D126/><U119/><E121/><V31/><F125/><W75/><G75/><T116/><D116/><U41/><E119/><V66/><F131/><W26/><G50/><T101/><D69/><U67/><E35/><V22/><F110/><N who="3" m="41995" /><G85/><T63/><D72/><U48/><E102/><V120/><F120/><W97/><G77/><N who="0" m="29803" /><D63/><U52/><REACH who="1" step="1"/><E56/><REACH who="1" ten="220,253,188,329" step="2"/><V39/><F57/><W112/><G112/><T81/><D101/><U130/><E130/><V105/><F105/><W115/><G115/><T1/><D1/><U49/><E49/><V87/><F36/><W27/><G84/><N who="0" m="50191" /><D64/><U8/><E8/><V32/><F39/><W30/><G30/><T33/><D99/><U114/><E114/><V34/><F73/><W55/><G55/><T58/><D96/><U74/><E74/><V118/><F118/><W80/><G80/><T129/><D58/><U54/><E54/><V89/><F83/><W124/><G124/><T12/><D86/><U117/><E117/><V98/><F98/><W70/><G70/><T135/><D91/><U21/><E21/><V28/><F32/><W3/><G97/><T43/><D33/><U9/><E9/><V79/><F34/><W25/><G3/><T61/><D129/><U38/><E38/><V103/><F103/><W47/><G47/><T46/><D46/><U17/><E17/><AGARI ba="0,1" hai="5,10,15,16,17,18,25,26,27,94,95" m="41995" machi="17" ten="30,8000,1" yaku="14,1,52,3,54,1" doraHai="20" who="3" fromWho="1" sc="220,0,253,-80,188,0,329,90" /><INIT seed="3,0,0,2,5,39" ten="220,173,188,419" oya="3" hai0="131,94,43,95,115,3,22,96,124,82,63,37,72" hai1="60,56,119,19,90,8,122,113,65,17,89,25,61" hai2="110,0,135,52,15,18,86,99,12,103,126,78,21" hai3="51,134,77,107,48,53,58,97,29,59,125,41,54"/><W112/><G77/><T132/><D3/><U98/><E122/><V33/><F0/><W47/><G112/><T31/><D115/><U118/><E113/><V116/><F33/><W27/><G134/><T16/><D132/><U101/><E119/><V42/><F135/><W28/><G125/><T10/><D95/><U111/><E118/><V127/><F116/><W1/><G1/><T62/><D31/><U13/><E111/><V73/><F73/><W6/><G6/><T108/><D10/><U44/><E44/><V71/><F71/><W79/><G79/><T55/><D108/><U109/><E109/><V130/><F130/><W49/><G27/><T91/><D131/><U117/><E117/><V84/><F110/><W83/><G83/><T106/><D106/><U46/><E46/><V75/><F75/><W57/><G57/><T104/><D104/><U102/><E61/><V128/><F128/><W32/><G32/><T87/><D72/><U120/><E120/><V9/><F78/><W26/><G26/><T20/><D63/><U2/><E2/><V68/><F68/><W93/><G107/><T45/><D62/><U133/><E133/><V100/><F52/><W92/><G92/><T23/><D55/><U38/><E38/><V34/><F34/><W105/><G105/><T66/><D66/><U50/><E50/><V11/><F21/><W24/><G24/><T36/><D36/><U129/><E129/><V85/><F42/><W74/><G74/><T4/><D43/><U69/><E69/><V64/><F64/><W7/><G7/><T76/><D4/><RYUUKYOKU ba="0,0" sc="220,-10,173,-10,188,-10,419,30" hai3="28,29,41,47,48,49,51,53,54,58,59,93,97" owari="210,1.0,163,-34.0,178,-22.0,449,55.0" /></mjloggm>