<mjloggm ver="2.3"><GO type="97" lobby="0"/><UN n0="%E3%82%A6%E3%83%AB%E3%83%88%E3%83%A9%E7%AB%8B%E7%9B%B4" n1="%79%61%2D%74%6F%34%31%35" n2="%6B%65%6E%30%30%30" n3="%E3%81%86%E3%81%95%E3%81%A3%E3%81%A1%2C" dan="15,15,14,14" rate="2073.18,2019.46,2000.88,2007.53" sx="M,M,M,M"/><TAIKYOKU oya="0"/><INIT seed="0,0,0,4,5,50" ten="250,250,250,250" oya="0" hai0="11,54,92,41,16,60,120,113,32,44,80,106,63" hai1="57,71,86,102,96,62,115,91,123,111,76,35,74" hai2="125,58,31,64,2,18,85,114,89,112,24,6,15" hai3="129,51,87,109,117,126,42,100,68,124,0,72,40"/><T65/><D32/><U107/><E123/><V135/><F125/><N who="3" m="48235" /><G0/><T128/><D106/><U132/><E111/><V131/><F135/><W56/><G72/><T133/><D120/><U7/><E132/><V30/><F131/><W26/><G117/><T110/><D113/><U127/><E127/><V43/><F43/><W69/><G26/><T122/><D122/><U90/><E71/><N who="3" m="27210" /><G100/><T66/><D128/><U5/><E35/><V134/><F134/><W98/><G98/><T78/><D110/><U55/><E115/><V20/><F2/><W116/><G116/><T93/><D133/><U95/><REACH who="1" step="1"/><E90/><REACH who="1" ten="250,240,250,250" step="2"/><V67/><F114/><W38/><G109/><T39/><D92/><U83/><AGARI ba="0,1" hai="5,7,55,57,62,74,76,83,86,91,95,96,102,107" machi="83" ten="30,12000,2" yaku="1,1,2,1,0,1,24,2,52,1,53,1" doraHai="50" doraHaiUra="103" who="1" fromWho="1" sc="250,-60,240,130,250,-30,250,-30" /><INIT seed="1,0,0,5,4,22" ten="190,370,220,220" oya="1" hai0="1,117,12,39,100,53,110,92,101,98,119,115,127" hai1="26,77,70,52,89,65,87,118,64,46,10,37,90" hai2="114,19,124,57,8,44,109,97,104,4,55,15,71" hai3="38,50,66,45,134,69,103,113,54,111,30,18,32"/><U2/><E118/><V62/><F124/><W14/><G113/><T85/><D39/><U82/><E70/><V120/><F120/><W59/><G134/><T121/><D1/><U88/><E26/><V108/><F114/><W29/><G111/><N who="2" m="42569" /><F71/><W72/><G72/><T49/><D110/><U67/><E2/><V28/><F28/><W123/><G123/><T7/><D127/><U33/><E33/><V93/><F104/><W27/><G103/><T60/><D101/><U43/><E10/><V63/><F44/><W75/><G75/><T73/><D73/><U21/><E21/><V126/><F126/><W13/><G30/><T68/><D121/><U95/><REACH who="1" step="1"/><E52/><REACH who="1" ten="190,360,220,220" step="2"/><V122/><F122/><W40/><REACH who="3" step="1"/><G18/><REACH who="3" ten="190,360,220,210" step="2"/><T24/><D117/><U102/><E102/><N who="2" m="60719" /><F19/><W61/><AGARI ba="0,2" hai="13,14,27,29,32,38,40,45,50,54,59,61,66,69" machi="61" ten="30,12000,2" yaku="1,1,0,1,24,2,52,1,53,1" doraHai="22" doraHaiUra="20" who="3" fromWho="3" sc="190,-30,360,-60,220,-30,210,140" /><INIT seed="2,0,0,4,5,44" ten="160,300,190,350" oya="2" hai0="104,75,58,123,0,37,89,49,109,103,43,20,73" hai1="64,16,102,40,127,23,79,41,115,90,70,124,8" hai2="91,13,3,46,65,56,87,66,86,6,97,62,119" hai3="60,108,125,107,28,24,21,22,85,134,42,120,72"/><V11/><F119/><W84/><G72/><T116/><D0/><U52/><E115/><V126/><F126/><N who="1" m="48169" /><E102/><V112/><F112/><W81/><G120/><T71/><D123/><U32/><E32/><V53/><F97/><W82/><G107/><T25/><D109/><U77/><E8/><V131/><F131/><W99/><G99/><T96/><D116/><U54/><E90/><V57/><F87/><W10/><G108/><T18/><D71/><U29/><E29/><V48/><F3/><W12/><G134/><T105/><D105/><U69/><E64/><V4/><F4/><W35/><G125/><T9/><D9/><U33/><E33/><V100/><F100/><W15/><G10/><T93/><D75/><U67/><E67/><V63/><F86/><W39/><G85/><T118/><D73/><U121/><E121/><V2/><F2/><W135/><G84/><T106/><D118/><U117/><E117/><V68/><REACH who="2" step="1"/><F91/><REACH who="2" ten="160,300,180,350" step="2"/><W55/><G135/><T1/><D1/><U61/><E77/><V38/><F38/><W113/><G39/><T88/><D37/><U83/><E79/><V94/><F94/><W128/><G113/><T27/><D106/><U92/><E92/><V78/><F78/><W129/><G128/><T59/><D104/><U133/><E83/><V95/><F95/><W36/><G82/><T110/><D89/><U30/><E133/><V19/><F19/><W76/><G81/><T122/><D103/><U5/><E16/><V17/><F17/><W74/><G129/><T132/><D132/><U51/><E5/><V26/><F26/><RYUUKYOKU ba="0,1" sc="160,-10,300,-10,180,30,350,-10" hai2="6,11,13,46,48,53,56,57,62,63,65,66,68" /><INIT seed="2,1,1,1,1,55" ten="150,290,210,340" oya="2" hai0="65,35,56,108,76,24,80,72,89,62,68,1,19" hai1="23,74,5,41,135,13,26,132,87,109,38,126,115" hai2="6,127,44,105,75,15,103,83,66,0,39,34,73" hai3="28,17,58,124,70,130,88,63,114,106,102,29,27"/><V118/><F118/><W69/><G124/><T43/><D108/><U84/><E115/><V42/><F127/><W8/><G114/><T64/><D43/><U18/><E74/><V91/><F34/><W101/><G130/><T119/><D119/><U2/><E2/><V49/><F0/><W110/><G110/><T81/><D1/><U11/><E126/><V85/><F66/><W10/><G70/><T112/><D112/><U122/><E122/><V117/><F117/><W79/><G79/><T4/><D4/><U107/><E107/><V134/><F134/><N who="1" m="51241" /><E109/><V57/><F105/><W78/><G69/><T60/><D19/><U129/><E129/><V100/><F75/><W47/><G78/><T116/><D116/><U67/><E67/><V61/><F73/><W50/><G106/><T36/><D36/><U120/><E120/><V121/><F121/><W40/><G28/><T92/><D81/><U71/><E71/><V123/><F39/><W14/><G8/><T12/><D12/><U22/><E22/><V93/><F123/><W96/><G27/><T37/><D37/><U77/><E77/><V25/><F25/><W31/><G29/><T45/><D24/><U99/><E99/><V95/><F103/><W59/><G31/><T20/><D20/><U9/><E9/><N who="2" m="4535" /><F100/><N who="3" m="38507" /><G63/><T133/><D35/><U90/><E90/><V128/><F128/><W98/><G98/><N who="0" m="57615" /><D133/><U16/><E5/><V51/><F61/><W82/><G96/><T7/><D7/><U125/><E125/><V86/><F86/><AGARI ba="1,1" hai="10,14,17,40,47,50,58,59,82,86,88" m="38507" machi="86" ten="30,7700,0" yaku="8,1,52,2,54,1" doraHai="55" who="3" fromWho="2" sc="150,0,290,0,210,-80,340,90" /><INIT seed="3,0,0,4,3,94" ten="150,290,130,430" oya="3" hai0="14,57,30,113,86,71,24,96,67,72,18,46,76" hai1="23,12,103,7,130,135,63,98,89,65,114,20,56" hai2="60,15,45,58,21,35,69,91,36,77,126,79,129" hai3="95,104,134,31,92,108,28,122,6,97,119,128,33"/><W4/><G122/><T125/><D71/><U84/><E130/><V102/><F129/><W100/><G119/><T101/><D72/><U81/><E135/><V16/><F69/><W37/><G37/><T11/><D125/><U8/><E114/><V59/><F126/><W124/><G128/><T1/><D1/><U83/><E83/><V53/><F35/><W109/><G124/><T22/><D46/><U25/><E25/><V44/><F102/><W82/><G134/><T117/><D117/><U85/><REACH who="1" step="1"/><E84/><REACH who="1" ten="150,280,130,430" step="2"/><V19/><F36/><W3/><G82/><T66/><D113/><U9/><E9/><N who="2" m="6255" /><F91/><W39/><G100/><T75/><D75/><U61/><E61/><N who="2" m="36047" /><F79/><W55/><G108/><T47/><D86/><U88/><E88/><V131/><F77/><W51/><G109/><T123/><D76/><U42/><E42/><V38/><F38/><W32/><G39/><T10/><D123/><U17/><E17/><V105/><F131/><W120/><G120/><T26/><D18/><U27/><E27/><N who="2" m="14783" /><F105/><AGARI ba="0,1" hai="7,8,12,20,23,56,63,65,81,85,89,98,103,105" machi="105" ten="30,3900,0" yaku="1,1,7,1,52,1,53,0" doraHai="94" doraHaiUra="49" who="1" fromWho="2" sc="150,0,280,49,130,-39,430,0" owari="150,-25.0,329,13.0,91,-41.0,430,53.0" /></mjloggm>