<mjloggm ver="2.3"><GO type="97" lobby="0"/><UN n0="%42%61%63%63%68%75%73%2E" n1="%E6%84%9B%E7%94%9F%EF%BC%8B" n2="%EF%BC%97%EF%BC%94%EF%BC%92" n3="%E3%82%A6%E3%83%AB%E3%83%88%E3%83%A9%E7%AB%8B%E7%9B%B4" dan="14,14,15,15" rate="2090.28,1948.34,1993.16,2025.49" sx="M,M,M,M"/><TAIKYOKU oya="0"/><INIT seed="0,0,0,3,5,69" ten="250,250,250,250" oya="0" hai0="106,88,56,112,11,50,131,63,99,27,89,118,31" hai1="12,15,132,17,86,7,126,100,78,5,13,52,129" hai2="77,73,103,55,134,85,49,32,76,62,87,83,6" hai3="9,42,22,96,45,26,120,111,123,113,110,70,128"/><T33/><D118/><U75/><E75/><V3/><F32/><W71/><G9/><T80/><D112/><U37/><E37/><V119/><F103/><W82/><G96/><T1/><D131/><U98/><E132/><V39/><F39/><N who="3" m="21727" /><G82/><T64/><D80/><N who="1" m="47383" /><E126/><V47/><F134/><W94/><G94/><T95/><D106/><U135/><E135/><V38/><F119/><W116/><G116/><T104/><D104/><U66/><E129/><V54/><F38/><W25/><G25/><T107/><D107/><U72/><E72/><V44/><F76/><W24/><G24/><T79/><D79/><U81/><E66/><V53/><F62/><W127/><G113/><T61/><D61/><U20/><E81/><V40/><REACH who="2" step="1"/><F47/><REACH who="2" ten="250,250,240,250" step="2"/><W59/><G128/><T97/><D50/><U92/><E7/><V67/><F67/><W2/><G127/><T16/><D64/><U8/><E5/><V35/><F35/><W130/><G130/><T117/><D63/><U4/><E4/><V74/><F74/><W102/><G102/><T65/><D65/><U21/><E8/><AGARI ba="0,1" hai="3,6,8,40,44,49,53,54,55,73,77,83,85,87" machi="8" ten="40,1300,0" yaku="1,1,53,0" doraHai="69" doraHaiUra="68" who="2" fromWho="1" sc="250,0,250,-13,240,23,250,0" /><INIT seed="1,0,0,2,3,119" ten="250,237,263,250" oya="1" hai0="124,31,42,50,76,4,71,120,126,103,34,6,82" hai1="105,29,65,37,115,75,25,98,101,130,19,81,51" hai2="95,30,64,77,53,1,21,100,129,94,117,112,114" hai3="62,102,5,23,84,60,72,111,13,17,33,14,134"/><U57/><E37/><V3/><F117/><W127/><G72/><T89/><D71/><U38/><E130/><V88/><F77/><W128/><G33/><T107/><D89/><U69/><E38/><V56/><F64/><W68/><G68/><T2/><D2/><U39/><E39/><V86/><F129/><W108/><G127/><T79/><D79/><U118/><E115/><N who="2" m="44075" /><F100/><W61/><G128/><T113/><D113/><U47/><E118/><V121/><F95/><W35/><G35/><T41/><D103/><U125/><E125/><N who="0" m="48233" /><D107/><U133/><E133/><V123/><F30/><W8/><G134/><T66/><D66/><U7/><E7/><N who="0" m="2601" /><D50/><U40/><E69/><V15/><F3/><W96/><REACH who="3" step="1"/><G84/><REACH who="3" ten="250,237,263,240" step="2"/><N who="0" m="48199" /><D120/><U0/><E75/><V135/><F135/><W131/><G131/><T99/><D34/><U12/><E0/><V85/><F85/><W74/><G74/><T27/><D27/><U49/><E25/><V11/><F1/><W83/><G83/><T20/><D31/><U26/><E81/><V132/><F132/><W10/><G10/><T80/><D80/><U24/><E29/><V16/><F11/><W109/><G109/><T93/><D20/><U73/><E73/><V58/><F58/><W43/><G43/><T45/><D41/><U116/><E116/><V90/><F121/><W54/><G54/><T9/><D9/><N who="1" m="6543" /><E65/><V106/><F123/><W78/><G78/><T92/><D99/><U18/><E40/><V52/><F56/><W48/><G48/><T67/><D67/><U70/><E51/><V63/><F53/><W22/><G22/><RYUUKYOKU ba="0,1" sc="250,15,237,-15,263,-15,240,15" hai0="42,45,92,93" hai3="5,8,13,14,17,23,60,61,62,96,102,108,111" /><INIT seed="2,1,1,4,2,0" ten="265,222,248,255" oya="2" hai0="24,82,36,110,67,114,42,46,123,78,13,8,29" hai1="61,124,57,118,122,47,49,76,48,12,113,1,41" hai2="91,125,121,101,105,2,51,27,134,66,39,100,45" hai3="132,117,74,103,73,131,64,77,102,87,94,99,20"/><V98/><F121/><W128/><G64/><T84/><D123/><U72/><E113/><V135/><F39/><W130/><G20/><T54/><D114/><U37/><E118/><V34/><F125/><W126/><G117/><T33/><D110/><U79/><E122/><V31/><F66/><W14/><G14/><T109/><D67/><U16/><E124/><V68/><F68/><W59/><G59/><T35/><D109/><U120/><E1/><V43/><F2/><W9/><G9/><T92/><D92/><U10/><E120/><V75/><F75/><N who="3" m="28683" /><G126/><T71/><D54/><U25/><E25/><V44/><F101/><N who="3" m="60663" /><G132/><N who="2" m="50729" /><F45/><W111/><G111/><T95/><D95/><U69/><E69/><V80/><F80/><AGARI ba="1,1" hai="77,80,87,102,103,128,130,131" m="60663,28683" machi="80" ten="40,5200,0" yaku="19,1,34,2" doraHai="0" who="3" fromWho="2" sc="265,0,222,0,248,-55,255,65" /><INIT seed="3,0,0,5,3,0" ten="265,222,193,320" oya="3" hai0="1,131,84,100,39,30,10,92,24,86,116,8,46" hai1="115,112,36,68,63,90,102,34,47,83,113,111,2" hai2="41,135,93,95,25,67,75,58,14,12,56,108,17" hai3="18,85,59,11,43,64,119,5,81,96,117,32,20"/><W27/><G32/><T123/><D123/><U66/><E34/><V49/><F75/><W133/><G133/><T28/><D116/><U103/><E2/><V74/><F74/><W118/><G118/><T94/><D131/><U79/><E111/><V76/><F135/><W99/><G99/><T89/><D39/><U23/><E36/><V51/><F108/><W55/><G96/><T125/><D125/><U7/><E47/><V72/><F72/><W82/><G81/><T127/><D127/><U22/><E7/><V65/><F25/><W98/><G98/><T80/><D46/><U78/><E78/><V57/><F76/><W16/><G18/><T61/><D61/><U52/><E90/><V104/><F104/><W70/><G43/><T37/><D37/><U44/><E102/><V35/><F35/><W62/><G55/><T105/><D105/><U71/><E103/><V88/><F41/><W124/><G70/><T21/><D28/><U38/><E71/><V4/><F17/><W134/><G134/><T53/><D53/><U48/><REACH who="1" step="1"/><E38/><REACH who="1" ten="265,212,193,320" step="2"/><V9/><F14/><W91/><G124/><T101/><D1/><AGARI ba="0,1" hai="1,5,11,16,20,27,59,62,64,82,85,91,117,119" machi="1" ten="30,5800,0" yaku="7,1,52,1,54,1" doraHai="0" who="3" fromWho="0" sc="265,-58,212,0,193,0,320,68" owari="207,-19.0,212,1.0,193,-31.0,388,49.0" /></mjloggm>