<mjloggm ver="2.3"><GO type="41" lobby="0"/><UN n0="%73%74%61%74%69%73%74" n1="%6E%6E%67%61%2D" n2="%E3%82%A6%E3%83%AB%E3%83%88%E3%83%A9%E7%AB%8B%E7%9B%B4" n3="%6E%61%75%73%69%6B%61" dan="13,14,15,14" rate="1909.27,1885.10,1963.17,1921.40" sx="M,M,M,M"/><TAIKYOKU oya="0"/><INIT seed="0,0,0,4,4,65" ten="250,250,250,250" oya="0" hai0="96,111,100,123,7,22,14,130,126,119,114,104,8" hai1="74,92,59,84,44,102,21,118,125,83,71,12,67" hai2="80,77,116,37,46,132,107,101,58,55,120,127,54" hai3="129,17,26,63,53,82,81,6,36,113,86,28,66"/><T45/><D123/><U16/><E118/><V50/><F120/><W75/><G113/><T124/><D119/><U99/><E74/><V15/><F127/><N who="0" m="48682" /><D114/><U23/><E125/><V89/><F132/><W19/><G36/><T95/><D130/><U90/><E44/><V31/><F101/><W41/><G41/><T103/><D111/><U5/><E5/><V128/><F107/><W57/><G6/><T122/><D122/><U85/><E71/><V91/><F37/><W32/><G129/><T112/><D112/><U134/><E134/><V39/><F39/><W27/><G27/><T109/><D109/><U108/><E108/><V29/><F15/><W25/><G25/><T2/><D45/><U38/><E38/><V60/><F116/><W48/><G75/><T13/><D22/><N who="1" m="11527" /><E84/><V35/><F128/><W78/><REACH who="3" step="1"/><G82/><REACH who="3" ten="250,250,250,240" step="2"/><T110/><D110/><U72/><E72/><V42/><F42/><W61/><G61/><AGARI ba="0,1" hai="21,23,59,61,67,83,85,90,92,99,102" m="11527" machi="61" ten="30,2000,0" yaku="8,1,54,1" doraHai="65" who="1" fromWho="3" sc="250,0,250,30,250,0,240,-20" /><INIT seed="1,0,0,1,5,90" ten="250,280,250,220" oya="1" hai0="9,72,123,57,74,11,124,85,112,51,80,41,2" hai1="131,25,43,93,134,77,52,109,5,102,113,121,29" hai2="63,75,21,78,108,22,6,128,40,69,14,36,32" hai3="18,46,68,122,39,94,96,31,50,64,16,130,83"/><U24/><E113/><V65/><F32/><W73/><G122/><T35/><D112/><U3/><E121/><V104/><F21/><W105/><G39/><T56/><D123/><U7/><E43/><V106/><F22/><W49/><G105/><T115/><D115/><U17/><E77/><V42/><F42/><W79/><G130/><T53/><D35/><U87/><E134/><V48/><F48/><W132/><G132/><T86/><D124/><U97/><E131/><V98/><F14/><W110/><G110/><T38/><D86/><U8/><E7/><V26/><F26/><W76/><G31/><T54/><D38/><U1/><E1/><V33/><F33/><W120/><G79/><T59/><D41/><U20/><E109/><V0/><F98/><W88/><G120/><T45/><D54/><U58/><E87/><V81/><F108/><W27/><G50/><T10/><REACH who="0" step="1"/><D2/><REACH who="0" ten="240,280,250,220" step="2"/><U135/><E135/><V100/><F128/><W92/><G27/><T44/><D44/><U60/><E25/><V91/><F40/><W129/><G129/><T99/><D99/><U55/><E29/><V37/><F37/><W4/><G64/><AGARI ba="0,1" hai="3,5,8,17,20,24,52,55,58,60,64,93,97,102" machi="64" ten="30,5800,0" yaku="7,1,52,1,54,1" doraHai="90" who="1" fromWho="3" sc="240,0,280,68,250,0,220,-58" /><INIT seed="1,1,0,3,1,75" ten="240,348,250,162" oya="1" hai0="22,67,66,82,93,63,85,62,23,107,40,26,102" hai1="124,34,133,108,87,130,65,70,37,91,17,110,79" hai2="98,113,35,125,94,112,74,54,49,21,38,14,105" hai3="96,120,1,4,84,118,134,51,76,29,90,61,135"/><U81/><E37/><V8/><F35/><W45/><G120/><T44/><D107/><U95/><E34/><V132/><F105/><W43/><G118/><T104/><D104/><U80/><E70/><V99/><F38/><W47/><G29/><T97/><D63/><U106/><E65/><V86/><F74/><W42/><G1/><T41/><D41/><U24/><E106/><V116/><F21/><W126/><G4/><T117/><D117/><U16/><E133/><N who="3" m="50698" /><G126/><T11/><D11/><U83/><E130/><V19/><F125/><W28/><G28/><T92/><D92/><U69/><E69/><V20/><F8/><W78/><G61/><T58/><D67/><U100/><E100/><V32/><F32/><W131/><G96/><T5/><D5/><U73/><E124/><V127/><F127/><W39/><G131/><T33/><D33/><U72/><E72/><V77/><F116/><W2/><G2/><T6/><D6/><U64/><E64/><V129/><F129/><W111/><G111/><N who="1" m="42538" /><E17/><V52/><F132/><W123/><G123/><T119/><D119/><U89/><E89/><V88/><F112/><W7/><G7/><T36/><REACH who="0" step="1"/><D26/><REACH who="0" ten="230,348,250,162" step="2"/><U109/><E109/><V27/><F27/><W71/><G71/><T122/><D122/><U114/><E114/><V60/><F113/><W25/><G25/><T121/><D121/><U3/><E3/><V15/><F15/><W10/><G10/><T30/><D30/><U57/><E24/><V59/><F14/><W128/><G128/><T103/><D103/><U53/><E95/><AGARI ba="1,1" hai="39,42,43,45,47,51,76,78,84,90,95" m="50698" machi="95" ten="30,3900,0" yaku="20,1,52,2" doraHai="75" who="3" fromWho="1" sc="230,0,348,-42,250,0,162,52" /><INIT seed="2,0,0,0,1,133" ten="230,306,250,214" oya="2" hai0="108,41,103,66,135,61,134,2,7,28,88,31,121" hai1="46,57,45,3,67,117,6,42,52,56,131,62,130" hai2="95,5,51,122,25,115,119,79,58,93,77,91,128" hai3="49,98,99,0,124,109,53,100,23,22,82,70,76"/><V37/><F37/><W64/><G0/><T72/><D121/><U15/><E3/><V104/><F104/><W21/><G109/><T9/><D108/><U125/><E6/><V40/><F119/><W4/><G4/><T13/><D103/><U32/><E32/><V48/><F115/><W126/><G70/><T1/><D72/><U39/><E15/><V120/><F5/><W12/><G64/><T78/><D78/><U59/><E117/><V90/><F128/><N who="1" m="49193" /><E125/><N who="3" m="48234" /><G12/><T74/><D74/><U17/><E17/><V96/><F25/><W35/><G35/><T73/><D73/><U111/><E111/><V107/><F107/><N who="3" m="63895" /><G99/><T112/><D2/><U24/><E24/><V110/><F110/><W129/><G129/><T33/><D1/><U101/><E101/><V94/><F96/><W92/><G92/><T118/><D118/><U127/><E127/><V18/><F94/><W87/><G23/><T123/><D33/><U132/><E132/><V34/><F95/><W55/><G55/><T14/><D14/><U102/><E102/><V30/><F93/><W27/><G27/><T68/><D135/><U16/><E67/><V50/><F34/><W86/><G87/><T47/><D134/><U8/><E52/><V10/><F120/><W65/><G65/><T80/><D123/><U26/><E26/><V36/><F122/><W97/><G97/><T89/><D66/><U19/><E62/><V29/><F29/><W20/><G20/><T84/><D61/><U44/><E8/><V38/><F30/><W85/><G86/><T83/><D84/><U54/><E54/><RYUUKYOKU ba="0,0" sc="230,-15,306,15,250,-15,214,15" hai1="16,19,39,42,44,45,46,56,57,59" hai3="21,22,49,53,76,82,85" /><INIT seed="3,1,0,2,5,118" ten="215,321,235,229" oya="3" hai0="66,27,35,93,100,96,36,110,102,8,68,101,91" hai1="104,53,57,77,10,116,55,122,32,49,16,45,97" hai2="6,0,89,46,61,81,83,114,95,28,43,13,115" hai3="29,87,88,113,2,67,23,85,33,126,80,76,78"/><W31/><G113/><T129/><D36/><U73/><E32/><V42/><F0/><W107/><G107/><T75/><D75/><U44/><E116/><V90/><F28/><W65/><G2/><T92/><D8/><U9/><E73/><V127/><F61/><W50/><G33/><T124/><D68/><U125/><E77/><V82/><F127/><W69/><G126/><T14/><D14/><U123/><E125/><V25/><F25/><W111/><G69/><T22/><D35/><U134/><E134/><V54/><F13/><W112/><G112/><T21/><D66/><N who="3" m="25097" /><G111/><T72/><D72/><U3/><E3/><V71/><F71/><W30/><G76/><T38/><D38/><U135/><E135/><V11/><F115/><W108/><G108/><T130/><D110/><U15/><E9/><V56/><F11/><W132/><G132/><T47/><D124/><U5/><E5/><V98/><F6/><W62/><G50/><T12/><D12/><U84/><E104/><V59/><F114/><W63/><G23/><T17/><D22/><U119/><E119/><V133/><F133/><W74/><G74/><T51/><REACH who="0" step="1"/><D93/><AGARI ba="1,0" hai="29,30,31,62,63,78,80,85,87,88,93" m="25097" machi="93" ten="30,2900,0" yaku="8,1,54,1" doraHai="118" who="3" fromWho="0" sc="215,-32,321,0,235,0,229,32" /><INIT seed="3,2,0,2,1,42" ten="183,321,235,261" oya="3" hai0="110,44,100,9,134,105,115,60,78,24,123,135,27" hai1="80,32,28,51,125,47,17,68,122,113,124,38,64" hai2="102,7,76,66,109,89,75,35,99,8,20,65,6" hai3="82,69,71,98,114,112,30,84,45,94,79,37,87"/><W41/><G30/><T31/><D123/><U46/><E113/><V117/><F35/><W55/><G55/><T85/><D115/><U5/><E122/><V133/><F76/><W96/><G114/><T61/><D110/><U121/><E121/><V63/><F75/><W25/><G112/><T128/><D128/><U10/><E38/><V70/><F109/><W21/><G98/><T67/><D9/><U130/><E130/><V59/><F89/><W120/><G120/><T107/><D78/><U52/><E17/><V72/><F72/><W18/><REACH who="3" step="1"/><G87/><REACH who="3" ten="183,321,235,251" step="2"/><T97/><D85/><U36/><E28/><V33/><F99/><W111/><G111/><T103/><D97/><U108/><E108/><V95/><F65/><W14/><G14/><T106/><D67/><U3/><E64/><V93/><F66/><W104/><G104/><T40/><D31/><U62/><E32/><V57/><F33/><W88/><AGARI ba="2,1" hai="18,21,25,37,41,45,69,71,79,82,84,88,94,96" machi="88" ten="20,12000,1" yaku="1,1,0,1,7,1,52,1,54,1,53,0" doraHai="42" doraHaiUra="53" who="3" fromWho="3" sc="183,-42,321,-42,235,-42,251,136" /><INIT seed="3,3,0,4,4,111" ten="141,279,193,387" oya="3" hai0="113,99,80,98,63,57,31,27,16,82,64,6,87" hai1="79,65,14,89,2,8,77,107,125,78,103,61,97" hai2="52,133,60,56,86,135,59,102,68,120,40,3,24" hai3="45,38,42,122,116,74,84,114,22,32,76,109,33"/><W119/><G22/><T96/><D6/><U49/><E125/><V28/><F3/><W12/><G12/><T73/><D73/><U46/><E89/><V7/><F7/><W117/><G84/><T91/><D82/><U126/><E126/><V20/><F68/><W4/><G4/><T29/><REACH who="0" step="1"/><D113/><REACH who="0" ten="131,279,193,387" step="2"/><U55/><E2/><V39/><F120/><W19/><G122/><T18/><D18/><U100/><E79/><V17/><F17/><W9/><G19/><T123/><D123/><U50/><E78/><V121/><F121/><W69/><G9/><T5/><D5/><U43/><E77/><V66/><F133/><W112/><G109/><T129/><D129/><U127/><E8/><V15/><F135/><W67/><G67/><T104/><D104/><U26/><E65/><V11/><F11/><W58/><G69/><T128/><D128/><U106/><E107/><V13/><F66/><W70/><G70/><T51/><D51/><U35/><E50/><V105/><F105/><W71/><G71/><T41/><D41/><U95/><E127/><V10/><F40/><W81/><G58/><T34/><D34/><AGARI ba="3,1" hai="32,33,34,38,42,45,74,76,81,112,114,116,117,119" machi="34" ten="50,12000,1" yaku="23,2,52,2" doraHai="111" who="3" fromWho="0" sc="131,-129,279,0,193,0,387,139" /><INIT seed="3,4,0,2,3,92" ten="2,279,193,526" oya="3" hai0="78,83,95,48,89,19,2,33,74,21,71,76,69" hai1="103,43,58,106,120,56,133,111,128,41,62,125,46" hai2="10,23,101,4,1,51,38,94,0,66,60,86,30" hai3="64,31,49,59,108,37,107,131,135,28,98,15,114"/><W124/><G37/><T24/><D33/><U32/><E32/><V112/><F38/><W77/><G114/><T119/><D119/><U129/><E111/><V61/><F51/><W22/><G108/><T54/><D2/><U81/><E120/><V14/><F61/><W44/><G124/><T105/><D105/><U121/><E121/><V99/><F112/><W63/><G135/><T20/><D78/><U52/><E81/><V50/><F50/><W75/><G131/><N who="1" m="50250" /><E133/><V34/><F34/><W122/><G122/><T85/><D21/><U3/><E3/><V42/><F42/><W17/><G75/><T126/><D126/><U11/><E11/><V45/><F45/><AGARI ba="4,0" hai="19,20,24,45,48,54,69,71,74,76,83,85,89,95" machi="45" ten="30,1000,0" yaku="7,1" doraHai="92" who="0" fromWho="2" sc="2,22,279,0,193,-22,526,0" /><INIT seed="4,0,0,5,1,63" ten="24,279,171,526" oya="0" hai0="27,32,79,115,36,118,119,15,33,121,96,129,8" hai1="9,133,76,107,100,2,1,25,135,78,13,83,77" hai2="29,110,56,80,101,46,134,94,59,6,52,111,98" hai3="85,41,35,30,42,82,53,61,120,92,45,116,23"/><T91/><D121/><U71/><E71/><V49/><F134/><N who="1" m="51209" /><E83/><V106/><F106/><W34/><G120/><T86/><D36/><U126/><E126/><V99/><F29/><W67/><G116/><T88/><D129/><U127/><E127/><V11/><F99/><W7/><G7/><T22/><D115/><U40/><E40/><V26/><F26/><W12/><G35/><T114/><D114/><U64/><E64/><V0/><REACH who="2" step="1"/><F80/><REACH who="2" ten="24,279,161,526" step="2"/><W54/><G34/><T57/><D33/><U38/><E25/><V55/><F55/><W93/><G30/><N who="0" m="17783" /><D32/><U132/><E132/><V18/><F18/><N who="3" m="10695" /><G45/><T4/><D119/><U125/><E125/><V62/><F62/><W103/><G61/><T130/><D118/><U31/><E31/><V19/><F19/><W39/><G67/><T20/><D130/><U117/><E117/><V65/><F65/><W14/><G39/><T74/><D74/><U131/><E38/><V28/><F28/><W72/><G72/><T108/><D108/><AGARI ba="0,1" hai="0,6,11,46,49,52,56,59,94,98,101,108,110,111" machi="108" ten="40,5200,0" yaku="1,1,54,1,53,1" doraHai="63" doraHaiUra="95" who="2" fromWho="0" sc="24,-52,279,0,161,62,526,0" owari="-28,-53.0,279,8.0,223,-18.0,526,63.0" /></mjloggm>