<mjloggm ver="2.3"><GO type="169" lobby="0"/><UN n0="%E9%96%A2%E7%99%BD%E5%A4%B1%E8%84%9A" n1="%54%4C%49%43%30%33" n2="%E3%82%A6%E3%83%AB%E3%83%88%E3%83%A9%E7%AB%8B%E7%9B%B4" n3="%E5%B0%8F%E6%97%A9%E5%B7%9D%E3%82%86%E3%81%9F%E3%81%8B" dan="16,16,16,16" rate="2109.95,2087.60,2027.42,2051.37" sx="M,M,M,F"/><TAIKYOKU oya="0"/><INIT seed="0,0,0,5,3,93" ten="250,250,250,250" oya="0" hai0="23,95,90,107,3,46,49,98,88,135,2,17,45" hai1="103,99,118,79,40,24,15,71,120,37,8,121,133" hai2="12,68,106,41,86,122,129,82,85,128,61,124,52" hai3="67,33,34,83,66,74,55,75,87,11,44,132,73"/><T63/><D135/><U109/><E133/><V20/><F41/><W100/><G132/><T113/><D113/><U1/><E1/><V127/><F122/><W117/><G117/><T9/><D107/><U97/><E118/><V26/><F12/><W6/><G100/><T115/><D115/><U56/><E71/><V18/><F106/><W31/><G44/><T32/><D32/><U110/><E24/><V36/><F36/><W114/><G114/><T28/><D63/><U131/><E79/><V39/><F85/><W19/><G19/><T29/><D2/><U81/><E81/><V22/><F22/><W102/><G102/><T62/><D3/><U134/><E134/><V57/><F39/><W72/><G55/><N who="0" m="30127" /><D9/><U64/><E121/><V58/><F58/><W7/><G72/><T101/><D46/><N who="1" m="23823" /><E103/><V125/><REACH who="2" step="1"/><F68/><REACH who="2" ten="250,250,240,250" step="2"/><W76/><G34/><T16/><D62/><N who="1" m="37959" /><E120/><V119/><F119/><W65/><G11/><T42/><D42/><U13/><E13/><V108/><F108/><N who="1" m="41577" /><E131/><V30/><F30/><N who="0" m="11882" /><D17/><AGARI ba="0,1" hai="8,15,17,97,99" m="41577,37959,23823" machi="17" ten="30,3900,0" yaku="14,1,52,2" doraHai="93" who="1" fromWho="0" sc="250,-39,250,49,240,0,250,0" /><INIT seed="1,0,0,3,3,26" ten="211,299,240,250" oya="1" hai0="83,91,62,67,31,54,131,24,20,7,43,17,130" hai1="21,123,49,51,2,135,5,115,14,105,88,36,68" hai2="52,27,9,86,120,109,124,41,63,73,82,121,85" hai3="6,122,48,29,125,126,55,104,1,18,16,81,116"/><U35/><E115/><V133/><F73/><W60/><G104/><T92/><D43/><U4/><E123/><V77/><F124/><N who="3" m="47723" /><G122/><T94/><D7/><U129/><E35/><V19/><F109/><W40/><G116/><T72/><D54/><U50/><E36/><V97/><F133/><W11/><G81/><T71/><D72/><U59/><E129/><N who="0" m="49161" /><D17/><N who="1" m="10423" /><E68/><V95/><F86/><AGARI ba="0,0" hai="20,24,31,62,67,71,83,86,91,92,94" m="49161" machi="86" ten="30,2000,0" yaku="19,1,52,1" doraHai="26" who="0" fromWho="2" sc="211,20,299,0,240,-20,250,0" /><INIT seed="2,0,0,2,4,53" ten="231,299,220,250" oya="2" hai0="65,114,5,126,104,110,14,25,125,64,107,52,10" hai1="80,122,127,135,73,49,16,72,9,27,62,35,79" hai2="3,30,102,34,121,22,47,77,11,68,8,70,4" hai3="69,128,6,74,17,71,13,88,12,89,83,28,31"/><V61/><F121/><W18/><G128/><T51/><D114/><U15/><E122/><V48/><F34/><W95/><G6/><T109/><D25/><U67/><E127/><N who="0" m="48649" /><D64/><U20/><E135/><V2/><F102/><W85/><G74/><T54/><D65/><U133/><E133/><V118/><F118/><W59/><G95/><T38/><D54/><U92/><E35/><V44/><F77/><W36/><G36/><T24/><D24/><U111/><E111/><N who="0" m="42505" /><D38/><U87/><E49/><V101/><F61/><W40/><G40/><T26/><D26/><U58/><REACH who="1" step="1"/><E92/><REACH who="1" ten="231,289,220,250" step="2"/><V39/><F48/><W19/><G83/><T123/><D123/><U86/><E86/><V103/><F39/><W94/><G85/><T66/><D66/><U45/><E45/><AGARI ba="0,1" hai="5,10,14,45,51,52,104,107" m="42505,48649" machi="45" ten="30,3900,0" yaku="18,1,14,1,54,1" doraHai="53" who="0" fromWho="1" sc="231,49,289,-39,220,0,250,0" /><INIT seed="3,0,0,0,0,101" ten="280,250,220,250" oya="3" hai0="16,39,117,46,113,22,105,13,134,34,102,15,54" hai1="29,52,121,59,5,89,95,109,88,133,93,111,44" hai2="51,86,107,126,85,73,50,28,99,14,130,61,127" hai3="48,40,98,83,20,19,27,57,55,74,80,66,47"/><W124/><G124/><N who="2" m="47657" /><F73/><W97/><G66/><T60/><D34/><U91/><E121/><V35/><F130/><W6/><G6/><T10/><D117/><U26/><E5/><V94/><F61/><N who="3" m="36031" /><G74/><T18/><D39/><U118/><E44/><V79/><F14/><W114/><G114/><T129/><D129/><U71/><E71/><V63/><F63/><W45/><G47/><T112/><D134/><U23/><E133/><V132/><F132/><W128/><G128/><T78/><D78/><U38/><E38/><V69/><F69/><W67/><G67/><T31/><D31/><U12/><E12/><V42/><F107/><W62/><G62/><T1/><D1/><U8/><E8/><V92/><F79/><W24/><G24/><T90/><D60/><N who="1" m="35943" /><E118/><V106/><F106/><W125/><G125/><T110/><D46/><U56/><E56/><V103/><F42/><W84/><G80/><T43/><D43/><U4/><E4/><V81/><F81/><W75/><G75/><T72/><D72/><U68/><E68/><V120/><F92/><W77/><AGARI ba="0,0" hai="19,20,27,40,45,48,77,83,84,97,98" m="36031" machi="77" ten="30,1500,0" yaku="8,1" doraHai="101" who="3" fromWho="3" sc="280,-5,250,-5,220,-5,250,15" /><INIT seed="3,1,0,1,2,7" ten="275,245,215,265" oya="3" hai0="46,92,96,82,115,50,71,54,61,122,28,94,103" hai1="22,5,109,0,73,64,2,113,117,10,52,68,34" hai2="29,33,63,93,79,17,124,99,43,23,120,18,123" hai3="30,45,72,74,56,125,60,108,89,118,107,31,58"/><W101/><G118/><T25/><D122/><N who="2" m="46634" /><F33/><W81/><G125/><T8/><D82/><U83/><E34/><V41/><F79/><W75/><G58/><T106/><D115/><U87/><E113/><V49/><F124/><W24/><G108/><T91/><D91/><U111/><E73/><V67/><F29/><W26/><G101/><T77/><D77/><N who="1" m="46575" /><E64/><V132/><F132/><W1/><G107/><T129/><D129/><U42/><E42/><N who="2" m="15883" /><F23/><W35/><G1/><T13/><D71/><U51/><E68/><N who="2" m="42111" /><F49/><W126/><G126/><T47/><D61/><U57/><E2/><V65/><F65/><W16/><G89/><AGARI ba="1,0" hai="17,18,89,93,99" m="42111,15883,46634" machi="89" ten="30,1000,0" yaku="13,1" doraHai="7" who="2" fromWho="3" sc="275,0,245,0,215,13,265,-13" /><INIT seed="4,0,0,0,1,132" ten="275,245,228,252" oya="0" hai0="7,118,2,17,109,122,0,103,85,38,93,33,124" hai1="26,8,108,131,56,72,104,96,98,54,22,111,28" hai2="14,25,129,82,81,11,106,87,51,53,40,23,117" hai3="31,1,37,41,126,77,115,112,121,119,90,58,102"/><T27/><D118/><U44/><E72/><V70/><F106/><W66/><G121/><T95/><D122/><U123/><E123/><V34/><F34/><W18/><G119/><T32/><D38/><U45/><E131/><V86/><F70/><W84/><G1/><T16/><D85/><U47/><E8/><V127/><F40/><W50/><G37/><T99/><D109/><U91/><E98/><V78/><F129/><W21/><G31/><T46/><D46/><U125/><E125/><V65/><F65/><W60/><G102/><T94/><D124/><U36/><E36/><V49/><F127/><W62/><G77/><T83/><D83/><U101/><REACH who="1" step="1"/><E91/><REACH who="1" ten="275,235,228,252" step="2"/><N who="2" m="51663" /><F117/><W39/><G126/><T43/><D99/><U89/><E89/><V64/><F64/><W9/><G39/><T134/><D134/><U55/><E55/><V113/><F53/><W74/><G90/><T105/><D43/><U15/><E15/><V20/><F11/><W63/><G41/><T30/><D0/><U110/><E110/><V114/><F14/><W73/><G9/><T5/><D2/><U128/><E128/><V69/><F25/><W88/><G88/><T10/><D10/><U100/><E100/><V107/><F87/><W61/><G84/><T6/><D103/><U35/><E35/><V120/><F120/><W3/><G3/><T19/><D33/><U130/><E130/><V71/><F82/><W75/><G75/><T29/><D29/><U42/><E42/><V133/><F133/><W79/><G73/><T76/><D76/><U67/><E67/><V12/><F78/><RYUUKYOKU ba="0,1" sc="275,15,235,15,228,-15,252,-15" hai0="5,6,7,16,17,19,27,30,32,93,94,95,105" hai1="22,26,28,44,45,47,54,56,96,101,104,108,111" /><INIT seed="4,1,1,3,4,32" ten="290,250,213,237" oya="0" hai0="135,73,131,18,17,48,28,72,121,26,45,125,23" hai1="34,109,105,70,36,104,94,115,116,44,6,123,62" hai2="97,56,130,16,49,117,7,95,71,88,25,2,21" hai3="79,90,132,84,65,55,134,126,10,61,80,29,40"/><T37/><D121/><U114/><E123/><V59/><F71/><W92/><G40/><T107/><D107/><U100/><E109/><V91/><F117/><W128/><G128/><T108/><D108/><U129/><E116/><V118/><F118/><W64/><G126/><T74/><D125/><U119/><E119/><V103/><F130/><W0/><G29/><T46/><D131/><U54/><E129/><V42/><F7/><N who="3" m="1383" /><G55/><T57/><D135/><N who="3" m="51753" /><G61/><T14/><D37/><U12/><E54/><V93/><F2/><W5/><G5/><T30/><D57/><N who="2" m="22090" /><F95/><W11/><G11/><T9/><REACH who="0" step="1"/><D46/><AGARI ba="1,1" hai="16,21,25,42,46,49,88,91,93,97,103" m="22090" machi="46" ten="30,3900,0" yaku="8,1,54,2" doraHai="32" who="2" fromWho="0" sc="290,-42,250,0,213,52,237,0" /><INIT seed="5,0,0,0,4,103" ten="248,250,265,237" oya="1" hai0="67,102,72,47,81,39,68,10,58,71,60,70,95" hai1="105,91,26,11,69,41,16,74,13,82,45,88,99" hai2="14,89,101,123,64,36,33,37,117,54,8,57,120" hai3="109,111,19,42,53,100,83,122,119,52,6,63,48"/><U66/><E69/><V127/><F33/><W27/><G122/><T110/><D110/><U56/><E26/><V24/><F64/><W46/><G119/><T50/><D10/><U20/><E66/><V22/><F37/><W113/><G6/><T75/><D81/><U17/><E56/><V1/><F36/><W12/><G27/><T118/><D118/><U0/><E74/><V15/><F15/><W76/><G100/><T97/><REACH who="0" step="1"/><D39/><REACH who="0" ten="238,250,265,237" step="2"/><N who="1" m="21695" /><E82/><V114/><F8/><W115/><G111/><T59/><D59/><U79/><E11/><V2/><F57/><W7/><G109/><T18/><D18/><U9/><E17/><V49/><F117/><W135/><G7/><T86/><D86/><U62/><E9/><V31/><F120/><W32/><G83/><T4/><D4/><U134/><E16/><V106/><F123/><W55/><G19/><T98/><D98/><U108/><E99/><V35/><F31/><W5/><G5/><T112/><D112/><U92/><E108/><V125/><F114/><W77/><G113/><T132/><D132/><U94/><E134/><V80/><F80/><W93/><G135/><T61/><D61/><U25/><E62/><V90/><F2/><W30/><G63/><T116/><D116/><U85/><E0/><V84/><F1/><W73/><G115/><T28/><D28/><U128/><E13/><V78/><F14/><W44/><G30/><T104/><D104/><U29/><E105/><V23/><F106/><W129/><G12/><T124/><D124/><U121/><E121/><V51/><F127/><W87/><G87/><RYUUKYOKU ba="0,1" sc="238,30,250,-10,265,-10,237,-10" hai0="47,50,58,60,67,68,70,71,72,75,95,97,102" /><INIT seed="6,1,1,5,0,120" ten="268,240,255,227" oya="2" hai0="62,4,55,1,67,97,10,111,46,85,81,118,48" hai1="110,99,117,134,103,57,109,43,33,42,71,125,9" hai2="107,92,119,104,29,22,15,32,74,26,2,87,98" hai3="6,73,100,45,21,13,116,80,127,69,61,58,17"/><V89/><F74/><W53/><G116/><T27/><D118/><U14/><E71/><V51/><F119/><W0/><G127/><T126/><D126/><U70/><E70/><V96/><F2/><W50/><G69/><T24/><D97/><U129/><E33/><V88/><F51/><W121/><G121/><T135/><D135/><U124/><E117/><V41/><F41/><W8/><G100/><T130/><D130/><U106/><E129/><V38/><F38/><W11/><G73/><T94/><D94/><U112/><E134/><V31/><F98/><W133/><G133/><T63/><D111/><U78/><E112/><V90/><F90/><W18/><G80/><T114/><D114/><U52/><E78/><V19/><F31/><W91/><G91/><T25/><REACH who="0" step="1"/><D67/><REACH who="0" ten="258,240,255,227" step="2"/><U40/><E125/><V34/><F104/><W84/><G84/><T54/><D54/><U5/><REACH who="1" step="1"/><E124/><REACH who="1" ten="258,230,255,227" step="2"/><V47/><F107/><W56/><REACH who="3" step="1"/><G61/><AGARI ba="1,3" hai="5,9,14,40,42,43,52,57,61,99,103,106,109,110" machi="61" ten="40,8000,1" yaku="1,1,2,1,52,2,54,1,53,0" doraHai="120" doraHaiUra="113" who="1" fromWho="3" sc="258,0,230,113,255,0,227,-83" /><INIT seed="7,0,0,2,3,55" ten="258,343,255,144" oya="3" hai0="61,19,72,129,81,36,79,27,28,15,54,110,29" hai1="56,104,31,73,97,98,78,91,48,41,53,135,101" hai2="93,62,88,16,0,114,83,21,77,90,30,94,49" hai3="5,35,63,3,2,40,127,59,14,112,22,82,108"/><W95/><G35/><T86/><D110/><U134/><E31/><V67/><F0/><W51/><G108/><T11/><D36/><U76/><E41/><V42/><F30/><W64/><G112/><T6/><D129/><U23/><E23/><V25/><F114/><W119/><G119/><T84/><D72/><U32/><E32/><V133/><F133/><N who="1" m="50697" /><E73/><V26/><F26/><W128/><G128/><T39/><D39/><U130/><E130/><V47/><F93/><AGARI ba="0,0" hai="48,53,56,76,78,91,93,97,98,101,104" m="50697" machi="93" ten="30,2000,0" yaku="20,1,52,1" doraHai="55" who="1" fromWho="2" sc="258,0,343,20,255,-20,144,0" owari="258,6.0,363,46.0,235,-16.0,144,-36.0" /></mjloggm>