<mjloggm ver="2.3"><GO type="97" lobby="0"/><UN n0="%E3%83%93%E3%83%AA%E3%82%B1%E3%83%B3%2E" n1="%E3%82%A6%E3%83%AB%E3%83%88%E3%83%A9%E7%AB%8B%E7%9B%B4" n2="%E3%81%AA%E3%81%98%E3%81%BF%E3%82%93%EF%BC%A0%EF%BC%A0" n3="%E5%A4%A7%E7%8E%84%E7%A5%9E" dan="14,15,14,14" rate="1928.65,2020.74,1956.29,1940.70" sx="M,M,M,M"/><TAIKYOKU oya="0"/><INIT seed="0,0,0,2,1,132" ten="250,250,250,250" oya="0" hai0="14,72,121,10,40,6,98,106,133,61,63,95,52" hai1="75,123,67,83,53,42,62,24,92,86,13,45,91" hai2="26,99,50,31,39,128,21,30,46,41,29,65,47" hai3="87,101,135,110,68,17,93,7,100,70,28,49,82"/><T81/><D121/><U122/><E53/><V89/><F128/><W130/><G135/><T84/><D133/><U117/><E117/><V12/><F65/><W115/><G130/><T34/><D34/><U36/><E13/><V78/><F78/><W33/><G115/><T60/><D40/><U55/><E55/><V85/><F99/><W96/><G7/><T19/><D106/><U15/><E15/><V58/><F58/><W102/><G110/><T109/><D72/><U37/><E37/><V116/><F12/><W112/><G112/><T0/><D109/><U9/><E9/><V57/><F57/><W32/><G17/><T111/><D111/><U73/><E24/><V76/><F76/><W48/><G28/><T56/><D0/><U18/><E18/><V2/><F2/><W22/><G22/><T107/><D107/><U77/><E75/><V59/><F59/><AGARI ba="0,0" hai="36,42,45,59,62,67,73,77,83,86,91,92,122,123" machi="59" ten="30,1000,0" yaku="7,1" doraHai="132" who="1" fromWho="2" sc="250,0,250,10,250,-10,250,0" /><INIT seed="1,0,0,4,2,6" ten="250,260,240,250" oya="1" hai0="119,62,105,84,124,103,75,94,99,12,54,132,21" hai1="77,28,66,24,19,42,4,89,125,58,20,86,48" hai2="57,82,3,72,16,1,71,64,40,129,32,15,92" hai3="69,37,135,14,23,52,34,126,49,127,46,25,117"/><U78/><E125/><N who="3" m="47626" /><G117/><T68/><D119/><U81/><E4/><V61/><F32/><W73/><G73/><T85/><D124/><U2/><E2/><V95/><F129/><W96/><G135/><T83/><D132/><U38/><E38/><V31/><F31/><N who="3" m="19823" /><G69/><T106/><D105/><U122/><E122/><V45/><F71/><W121/><G121/><T88/><D54/><U5/><E5/><V118/><F118/><W44/><G96/><T65/><D84/><U30/><E42/><V10/><F1/><W91/><G91/><T104/><D106/><U131/><E131/><V27/><F3/><W87/><G87/><T111/><D111/><U109/><E109/><V29/><F82/><W76/><G76/><N who="0" m="44447" /><D21/><U102/><E102/><V80/><F80/><W133/><G133/><T51/><D51/><U36/><E36/><V63/><F72/><W79/><G79/><T11/><D12/><U13/><E30/><V98/><F63/><W17/><G37/><T55/><D55/><N who="1" m="32103" /><E66/><V123/><F98/><W7/><G7/><T26/><D26/><U8/><AGARI ba="0,0" hai="8,13,19,20,24,28,77,78,81,86,89" m="32103" machi="8" ten="30,3000,0" yaku="8,1,52,1" doraHai="6" who="1" fromWho="1" sc="250,-10,260,30,240,-10,250,-10" /><INIT seed="1,1,0,0,5,98" ten="240,290,230,240" oya="1" hai0="55,92,70,110,54,39,14,80,44,96,24,74,26" hai1="91,16,127,133,56,89,134,1,47,130,10,114,20" hai2="22,95,8,107,48,121,29,9,23,87,51,35,119" hai3="116,36,62,83,63,90,32,120,38,78,45,72,19"/><U15/><E114/><V28/><F107/><W81/><G32/><T94/><D70/><U113/><E113/><V52/><F119/><W33/><G120/><T131/><D110/><U41/><E56/><N who="2" m="32775" /><F35/><W5/><G33/><T102/><D131/><U104/><E104/><V79/><F121/><W4/><G116/><T77/><D92/><U75/><E75/><V111/><F111/><W71/><G19/><T21/><D14/><U30/><E130/><V135/><F135/><N who="1" m="51721" /><E127/><V105/><F105/><W6/><G71/><T109/><D109/><U59/><E59/><V31/><F51/><W125/><G125/><T50/><D39/><N who="1" m="21951" /><E30/><V126/><F126/><W108/><G108/><T12/><D12/><U40/><E40/><V68/><F68/><W42/><REACH who="3" step="1"/><G36/><REACH who="3" ten="240,290,230,230" step="2"/><T2/><D26/><U76/><E76/><V88/><F79/><W58/><G58/><T0/><D0/><U115/><E115/><V43/><F43/><W7/><N who="3" m="1536" /><DORA hai="13" /><W25/><G25/><T37/><D2/><U84/><E1/><V128/><F128/><W85/><AGARI ba="1,1" hai="38,42,45,62,63,72,78,81,83,85,90" m="1536" machi="85" ten="40,5200,0" yaku="1,1,0,1,53,1" doraHai="98,13" doraHaiUra="60,86" who="3" fromWho="3" sc="240,-14,290,-27,230,-14,230,65" /><INIT seed="2,0,0,2,1,5" ten="226,263,216,295" oya="2" hai0="61,23,99,100,83,74,54,16,96,21,48,94,70" hai1="97,22,8,90,132,112,79,7,134,43,108,71,111" hai2="34,35,65,116,93,17,129,85,88,104,84,131,120" hai3="25,126,66,32,59,77,67,114,72,102,31,124,95"/><V41/><F104/><W50/><G114/><T3/><D3/><N who="1" m="127" /><E71/><V26/><F120/><W11/><G72/><T86/><D74/><U125/><E112/><V81/><F41/><W68/><G77/><T109/><D109/><N who="1" m="42059" /><E79/><N who="2" m="46143" /><F65/><W133/><G133/><N who="1" m="51306" /><E125/><N who="3" m="48234" /><G68/><T98/><D70/><U39/><E22/><N who="2" m="13647" /><F116/><W60/><G50/><T12/><D23/><U122/><E122/><V56/><F56/><W113/><G113/><T76/><REACH who="0" step="1"/><D61/><REACH who="0" ten="216,263,216,295" step="2"/><U46/><E97/><V33/><F33/><W73/><G73/><T53/><D53/><U9/><E9/><V29/><F35/><W40/><G11/><T14/><D14/><U42/><E42/><V106/><F34/><W130/><G40/><T15/><D15/><U69/><E69/><V64/><F64/><W52/><G67/><T119/><D119/><U58/><E58/><AGARI ba="0,1" hai="12,16,21,48,54,58,76,83,86,94,96,98,99,100" machi="58" ten="30,7700,0" yaku="1,1,7,1,8,1,54,1,53,0" doraHai="5" doraHaiUra="117" who="0" fromWho="1" sc="216,87,263,-77,216,0,295,0" /><INIT seed="3,0,0,3,3,113" ten="303,186,216,295" oya="3" hai0="43,90,21,75,60,103,25,9,116,78,19,128,34" hai1="111,14,69,44,6,93,66,3,36,84,31,133,88" hai2="51,61,121,27,70,7,72,117,104,42,81,87,67" hai3="29,105,0,83,47,99,119,134,71,18,35,86,58"/><W41/><G71/><T38/><D116/><U132/><E3/><V16/><F117/><W110/><G0/><T2/><D103/><U46/><E31/><V106/><F72/><W13/><G134/><N who="1" m="51818" /><E69/><V8/><F121/><W82/><G110/><T26/><D60/><U131/><E66/><V28/><F51/><W114/><G114/><T74/><D90/><U94/><E36/><V135/><F42/><W20/><G119/><T52/><D128/><U123/><E123/><V102/><F102/><W22/><G35/><T77/><D34/><U122/><E122/><V5/><F5/><W54/><G105/><T40/><D38/><U118/><E118/><V15/><F7/><W91/><G99/><T23/><D9/><N who="1" m="4407" /><E131/><V100/><F100/><W124/><G124/><T33/><D33/><U108/><E94/><V4/><F4/><W24/><G47/><T95/><D95/><U62/><E62/><V10/><F10/><W1/><G41/><T89/><D2/><U98/><E98/><V85/><F135/><W39/><G39/><T92/><D92/><U49/><E49/><V64/><F64/><W109/><G109/><AGARI ba="0,0" hai="44,46,84,88,93,108,109,111" m="4407,51818" machi="109" ten="30,3900,0" yaku="14,1,20,1,54,1" doraHai="113" who="1" fromWho="3" sc="303,0,186,39,216,0,295,-39" owari="303,39.0,225,-17.0,216,-28.0,256,6.0" /></mjloggm>