<mjloggm ver="2.3"><GO type="97" lobby="0"/><UN n0="%79%61%6D%61%61%70%71" n1="%E3%82%A6%E3%83%AB%E3%83%88%E3%83%A9%E7%AB%8B%E7%9B%B4" n2="%E3%83%96%E3%83%B3%E3%82%AC%E3%82%AF" n3="%E3%81%9F%E3%81%A0%E3%81%8A%E3%81%A0%E3%81%89" dan="14,15,14,15" rate="1917.60,2005.04,1974.14,2000.38" sx="M,M,M,M"/><TAIKYOKU oya="0"/><INIT seed="0,0,0,3,5,2" ten="250,250,250,250" oya="0" hai0="81,41,38,99,128,18,97,22,69,57,36,119,117" hai1="33,70,20,49,96,27,60,135,93,55,66,28,98" hai2="54,16,103,83,32,95,19,111,56,63,122,11,51" hai3="50,37,101,71,52,104,39,79,86,132,40,134,29"/><T13/><D69/><U76/><E135/><N who="3" m="51754" /><G71/><T106/><D128/><U30/><E76/><V24/><F122/><W47/><G29/><T45/><D38/><U25/><E93/><V23/><F111/><W85/><G79/><T107/><D81/><U130/><E130/><V115/><F115/><W124/><G124/><T87/><D87/><N who="3" m="33289" /><G40/><T129/><D129/><U77/><E77/><V113/><F113/><W75/><G75/><T84/><D84/><U72/><E72/><V26/><F32/><W131/><G131/><T74/><D74/><U92/><E92/><V108/><F108/><W48/><G48/><T42/><D41/><U91/><E91/><V21/><F83/><W14/><G14/><T35/><D35/><U100/><E100/><V9/><F51/><W110/><G110/><T3/><D3/><U15/><E15/><V17/><F17/><W12/><G12/><T34/><D34/><U133/><E133/><V7/><F7/><W114/><G114/><T89/><D89/><U59/><AGARI ba="0,0" hai="20,25,27,28,30,33,49,55,59,60,66,70,96,98" machi="59" ten="20,1500,0" yaku="0,1,7,1" doraHai="2" who="1" fromWho="1" sc="250,-7,250,15,250,-4,250,-4" /><INIT seed="1,0,0,1,2,53" ten="243,265,246,246" oya="1" hai0="43,4,59,41,134,126,54,15,116,129,121,28,92" hai1="97,11,91,87,49,12,112,115,113,71,94,62,14" hai2="5,110,82,21,130,16,45,65,23,20,13,63,124" hai3="78,56,128,114,24,40,73,2,100,33,108,111,39"/><U105/><E49/><V51/><F110/><N who="3" m="42027" /><G114/><T109/><D109/><U93/><E105/><V75/><F130/><W57/><G2/><T9/><D116/><U34/><E34/><V7/><F124/><W104/><G128/><T10/><D129/><U60/><E71/><V119/><F119/><W58/><G104/><T50/><D126/><U133/><E133/><V120/><F120/><W36/><G100/><T32/><D121/><U80/><E94/><V127/><F127/><W27/><G40/><T38/><D134/><U46/><E46/><V1/><F1/><W17/><G17/><T132/><D132/><U89/><REACH who="1" step="1"/><E12/><REACH who="1" ten="243,255,246,246" step="2"/><V90/><F75/><W64/><G64/><T3/><D3/><U81/><E81/><V106/><F106/><W88/><G88/><T102/><D32/><U135/><E135/><V31/><F90/><W66/><G66/><T29/><D15/><U69/><E69/><V95/><F82/><N who="3" m="45391" /><G33/><T47/><D47/><U19/><AGARI ba="0,1" hai="11,14,19,60,62,80,87,89,91,93,97,112,113,115" machi="19" ten="30,3000,0" yaku="1,1,0,1,53,0" doraHai="53" doraHaiUra="48" who="1" fromWho="1" sc="243,-10,255,40,246,-10,246,-10" /><INIT seed="1,1,0,4,2,118" ten="233,295,236,236" oya="1" hai0="87,0,92,39,135,9,47,116,20,76,75,74,77" hai1="128,114,16,19,109,50,102,134,96,72,62,41,113" hai2="51,82,15,124,111,52,42,21,98,94,34,60,89" hai3="6,101,106,93,108,65,84,85,120,33,4,99,32"/><U88/><E72/><V38/><F34/><W10/><G108/><T29/><D116/><U40/><E128/><V79/><F111/><W123/><G65/><T11/><D135/><U7/><E134/><V103/><F124/><W45/><G45/><T44/><D29/><U80/><E109/><V122/><F122/><W112/><G112/><T28/><D28/><U64/><E7/><V48/><F38/><W46/><G46/><T5/><D20/><U126/><E126/><V57/><F42/><W131/><G131/><T31/><D31/><U104/><E41/><V13/><F103/><W95/><G101/><T37/><D87/><U69/><E50/><V18/><REACH who="2" step="1"/><F13/><REACH who="2" ten="233,295,226,236" step="2"/><W56/><G106/><T35/><D35/><U17/><E40/><V22/><F22/><W81/><G81/><T3/><REACH who="0" step="1"/><D92/><REACH who="0" ten="223,295,226,236" step="2"/><U110/><E110/><V12/><F12/><W49/><G33/><T66/><D66/><U71/><E114/><V91/><F91/><W43/><G32/><T105/><D105/><U53/><E113/><V125/><F125/><W100/><G95/><T61/><D61/><U73/><E88/><V8/><F8/><W117/><G10/><T115/><D115/><U133/><E133/><V67/><F67/><W107/><G117/><T63/><D63/><U26/><E64/><V119/><F119/><W58/><G93/><T130/><D130/><U36/><E62/><V97/><F97/><W70/><G99/><T25/><D25/><U127/><E26/><V129/><F129/><W2/><G49/><T78/><D78/><N who="1" m="44111" /><E127/><V27/><F27/><W59/><G107/><RYUUKYOKU ba="1,2" sc="223,15,295,-15,226,15,236,-15" hai0="0,3,5,9,11,37,39,44,47,74,75,76,77" hai2="15,18,21,48,51,52,57,60,79,82,89,94,98" /><INIT seed="2,2,2,5,1,25" ten="238,280,241,221" oya="2" hai0="107,45,46,106,125,116,51,87,27,34,40,69,130" hai1="94,101,110,19,8,33,29,22,24,91,126,104,56" hai2="0,79,61,3,117,37,121,90,96,4,129,122,78" hai3="49,86,38,44,58,92,80,70,12,50,113,36,31"/><V118/><F61/><W9/><G70/><T105/><D69/><U74/><E74/><V134/><F4/><W83/><G113/><T7/><D7/><U55/><E126/><V63/><F63/><W32/><G32/><T115/><D115/><U1/><E110/><V30/><F96/><W128/><G128/><T10/><D10/><U95/><E104/><V39/><F90/><N who="3" m="53335" /><G38/><N who="2" m="14345" /><F129/><W21/><G36/><T17/><D130/><U53/><E33/><V60/><F60/><W102/><G102/><T57/><D46/><U62/><E1/><N who="2" m="587" /><F134/><W97/><G97/><T20/><D125/><U14/><E101/><V84/><F84/><W82/><G58/><T65/><D87/><N who="1" m="52607" /><E95/><V114/><F114/><W93/><G93/><T111/><D111/><U23/><E23/><V35/><F35/><W67/><G67/><AGARI ba="2,2" hai="8,14,19,22,24,29,53,55,56,62,67" m="52607" machi="67" ten="30,2000,0" yaku="8,1,52,1" doraHai="25" who="1" fromWho="3" sc="238,0,280,46,241,0,221,-26" /><INIT seed="3,0,0,3,3,68" ten="238,326,241,195" oya="3" hai0="82,30,44,4,56,48,114,72,63,98,126,38,50" hai1="106,37,77,8,103,20,61,39,24,78,51,118,115" hai2="16,108,62,41,117,2,66,65,26,67,111,134,27" hai3="129,74,107,12,9,128,132,94,101,11,110,99,121"/><W64/><G121/><T34/><D4/><U21/><E8/><V1/><F117/><W120/><G120/><T76/><D126/><U47/><E103/><V29/><F41/><W35/><G35/><T3/><D3/><N who="2" m="1034" /><F134/><W135/><G74/><T102/><D38/><U19/><E106/><V84/><F84/><W10/><G64/><N who="2" m="16385" /><V46/><DORA hai="89" /><F62/><W57/><G110/><N who="2" m="42025" /><F46/><W127/><G127/><T97/><D63/><U113/><E61/><V45/><F45/><W0/><G0/><T87/><D44/><U23/><E47/><V85/><F85/><W55/><G107/><T53/><D87/><U96/><E21/><V119/><F119/><W133/><REACH who="3" step="1"/><G12/><REACH who="3" ten="238,326,241,185" step="2"/><T52/><D72/><U79/><E118/><V123/><F123/><W49/><AGARI ba="0,1" hai="9,10,11,49,55,57,94,99,101,128,129,132,133,135" machi="49" ten="40,12000,1" yaku="1,1,2,1,0,1,20,1,52,1,53,0" doraHai="68,89" doraHaiUra="36,80" who="3" fromWho="3" sc="238,-40,326,-40,241,-40,185,130" owari="198,-30.0,286,9.0,201,-20.0,315,41.0" /></mjloggm>