<mjloggm ver="2.3"><GO type="225" lobby="0"/><UN n0="%E8%97%8D%E5%B7%9D%E7%B5%86" n1="%E5%BB%89%E5%A4%AA%E9%83%8E" n2="%E3%83%8F%E3%82%BA%E3%83%AC%28%5E%D0%94%5E%29" n3="%E3%82%A6%E3%83%AB%E3%83%88%E3%83%A9%E7%AB%8B%E7%9B%B4" dan="17,16,17,16" rate="2110.70,2075.65,2134.99,2021.89" sx="F,M,F,M"/><TAIKYOKU oya="0"/><INIT seed="0,0,0,5,1,47" ten="250,250,250,250" oya="0" hai0="48,119,74,25,105,21,77,84,37,50,88,8,113" hai1="83,122,57,101,96,97,112,90,39,93,45,73,56" hai2="34,52,114,33,65,76,36,85,80,81,17,118,106" hai3="11,14,9,132,58,12,46,115,120,27,135,24,110"/><T41/><D113/><U6/><E122/><V29/><F114/><W127/><G58/><T19/><D119/><U55/><E112/><V79/><F36/><W28/><G46/><T4/><D105/><U18/><E6/><V89/><F106/><W68/><G68/><T13/><D37/><U98/><E18/><V64/><F17/><W53/><G53/><T104/><D104/><U1/><E1/><V16/><F118/><W42/><G42/><T99/><D41/><U10/><E10/><V7/><F7/><W92/><G92/><N who="0" m="56711" /><D74/><U0/><E0/><V94/><F29/><W5/><G115/><T66/><D66/><U133/><E39/><V31/><F31/><W63/><G120/><T49/><D84/><N who="1" m="50463" /><E73/><V69/><F34/><W30/><G63/><T35/><D35/><U60/><E45/><V121/><F33/><W75/><G75/><T103/><D77/><U3/><E3/><V91/><F121/><W43/><G43/><T129/><D129/><U59/><E133/><V32/><F69/><W72/><G72/><T107/><D107/><U87/><E59/><V125/><F79/><W44/><G5/><T102/><AGARI ba="0,0" hai="4,8,13,19,21,25,48,49,50,102,103" m="56711" machi="102" ten="30,12000,1" yaku="8,1,52,3,54,1" doraHai="47" who="0" fromWho="0" sc="250,120,250,-40,250,-40,250,-40" /><INIT seed="0,1,0,3,5,114" ten="370,210,210,210" oya="0" hai0="43,37,87,16,50,34,120,80,101,41,27,40,78" hai1="46,82,127,100,112,3,7,79,83,69,52,58,21" hai2="124,18,56,103,81,9,121,32,95,22,76,107,132" hai3="109,122,73,91,113,135,25,126,42,108,102,86,39"/><T12/><D120/><U30/><E69/><V125/><F121/><W93/><G122/><T55/><D101/><U24/><E112/><V63/><F32/><W74/><G42/><T88/><D34/><U111/><E127/><N who="2" m="48715" /><F9/><W17/><G39/><T8/><D27/><U61/><E111/><N who="3" m="42570" /><G126/><T119/><D119/><U104/><E7/><V11/><F11/><W117/><G113/><T96/><D37/><U23/><E3/><V99/><F132/><W129/><G129/><T5/><D96/><U97/><E46/><V26/><F107/><W128/><G128/><T54/><D54/><U20/><REACH who="1" step="1"/><E83/><REACH who="1" ten="370,200,210,210" step="2"/><V115/><F115/><W118/><G135/><T90/><D5/><U70/><E70/><V60/><F56/><AGARI ba="1,1" hai="8,12,16,40,41,43,50,55,56,78,80,87,88,90" machi="56" ten="40,7700,0" yaku="8,1,54,2" doraHai="114" who="0" fromWho="2" sc="370,90,200,0,210,-80,210,0" /><INIT seed="0,2,0,2,2,85" ten="460,200,130,210" oya="0" hai0="103,55,42,76,75,29,71,23,36,128,86,52,116" hai1="67,127,118,113,16,134,14,53,20,10,25,50,131" hai2="94,61,117,49,133,74,34,39,19,125,9,123,107" hai3="0,64,93,80,51,132,1,45,7,58,24,78,77"/><T31/><D116/><U114/><E118/><V81/><F107/><W73/><G132/><T89/><D71/><U62/><E134/><V63/><F133/><W120/><G120/><T87/><D103/><U11/><E127/><V15/><F39/><W88/><G78/><T115/><D115/><N who="1" m="44043" /><E131/><V43/><F123/><W37/><G37/><T124/><D124/><U98/><E98/><V40/><F125/><W3/><G24/><N who="0" m="16543" /><D36/><U66/><E62/><V101/><F34/><W6/><G58/><T108/><D75/><U96/><E96/><N who="2" m="59543" /><F74/><W47/><G64/><N who="1" m="24618" /><E25/><V129/><F129/><W28/><G28/><T82/><D31/><U126/><E126/><V4/><F117/><W13/><G13/><T18/><D128/><U59/><AGARI ba="2,0" hai="10,11,14,16,20,50,53,59" m="24618,44043" machi="59" ten="30,2000,0" yaku="11,1,54,1" doraHai="85" who="1" fromWho="1" sc="460,-12,200,26,130,-7,210,-7" /><INIT seed="1,0,0,1,1,126" ten="448,226,123,203" oya="1" hai0="106,25,42,24,102,127,69,3,13,130,19,2,129" hai1="89,18,109,75,110,91,67,93,35,34,51,36,9" hai2="84,107,7,134,10,11,95,56,53,60,40,70,65" hai3="39,116,26,82,71,32,113,108,4,1,20,79,45"/><U22/><E36/><V57/><F107/><W132/><G20/><T128/><D127/><U81/><E9/><V8/><F134/><W88/><G88/><T96/><D69/><U63/><E51/><V38/><F38/><W64/><G26/><N who="0" m="10347" /><D42/><U94/><E89/><V105/><F105/><W17/><G17/><T92/><D106/><U33/><E75/><V87/><F40/><W16/><G16/><T43/><D43/><U54/><E54/><V85/><F95/><W101/><G82/><T118/><D118/><U68/><E18/><V28/><F28/><W98/><G79/><T114/><D114/><U50/><E22/><AGARI ba="0,0" hai="2,3,13,19,22,92,96,102,128,129,130" m="10347" machi="22" ten="30,7700,0" yaku="19,1,52,3" doraHai="126" who="0" fromWho="1" sc="448,77,226,-77,123,0,203,0" /><INIT seed="2,0,0,5,4,72" ten="525,149,123,203" oya="2" hai0="127,11,12,103,81,83,107,58,18,106,38,57,0" hai1="77,29,26,62,134,46,34,53,115,109,49,79,35" hai2="100,33,32,117,105,30,108,69,111,128,6,91,63" hai3="116,94,7,43,93,45,66,40,71,75,22,122,82"/><V8/><F117/><W68/><G7/><T60/><D38/><U84/><E115/><V129/><F91/><W28/><G28/><T56/><D127/><U102/><E134/><V13/><F100/><W87/><G75/><T73/><D0/><U42/><E109/><N who="2" m="42059" /><F105/><W39/><G122/><T86/><D73/><U90/><E102/><V44/><F44/><W76/><G116/><T80/><D103/><U15/><E35/><N who="2" m="13387" /><F30/><W119/><G119/><T10/><D107/><U41/><E41/><V4/><F4/><W98/><G43/><T78/><D106/><U25/><E42/><V124/><F124/><W36/><G36/><T9/><D60/><U125/><E125/><V55/><F55/><W37/><G37/><T27/><D27/><N who="1" m="10251" /><E29/><V14/><F13/><W5/><G40/><T67/><D67/><AGARI ba="0,0" hai="6,8,14,63,67,69,128,129" m="13387,42059" machi="67" ten="40,3900,0" yaku="14,1,10,1" doraHai="72" who="2" fromWho="0" sc="525,-39,149,0,123,39,203,0" /><INIT seed="2,1,0,2,4,65" ten="486,149,162,203" oya="2" hai0="108,79,115,134,103,7,125,55,102,127,71,76,133" hai1="69,62,130,99,120,123,53,2,51,111,132,37,98" hai2="36,50,64,114,83,117,28,15,16,19,88,61,29" hai3="67,25,3,21,122,93,22,87,131,124,60,97,48"/><V5/><F36/><W129/><G3/><T92/><D115/><U56/><E2/><V112/><F117/><W96/><G124/><N who="0" m="47691" /><D108/><U52/><E111/><V118/><F118/><W82/><G48/><T20/><D71/><U106/><E37/><V68/><F5/><W100/><G96/><N who="0" m="59655" /><D7/><U47/><E130/><N who="3" m="49674" /><G25/><T107/><D55/><U32/><E32/><V116/><F116/><W4/><G4/><T11/><D11/><U24/><E24/><V75/><F114/><W13/><G13/><T101/><D20/><U59/><E132/><N who="0" m="50793" /><D103/><U104/><E69/><V54/><F112/><W80/><G22/><T119/><D119/><U121/><REACH who="1" step="1"/><E56/><REACH who="1" ten="486,139,162,203" step="2"/><V77/><F19/><W14/><G14/><T6/><D6/><U73/><E73/><V90/><F29/><W81/><G21/><T18/><D18/><U135/><E135/><V105/><F28/><W38/><G38/><T89/><D89/><U12/><E12/><V27/><F27/><W9/><G9/><T66/><D101/><U63/><E63/><V40/><F90/><N who="3" m="51559" /><G122/><T95/><D79/><U1/><E1/><V41/><F88/><W70/><AGARI ba="1,1" hai="60,67,70,81,82,93,97,100" m="51559,49674" machi="70" ten="30,2000,0" yaku="19,1,52,1" doraHai="65" who="3" fromWho="3" sc="486,-6,139,-6,162,-11,203,33" /><INIT seed="3,0,0,5,1,15" ten="480,133,151,236" oya="3" hai0="18,1,48,79,69,27,52,5,101,90,122,50,0" hai1="6,127,66,100,131,102,75,22,12,3,42,73,76" hai2="32,49,25,4,24,58,14,9,98,111,95,93,47" hai3="108,26,117,86,46,109,99,119,70,62,57,61,130"/><W38/><G86/><T55/><D122/><U103/><E131/><V82/><F111/><N who="3" m="42571" /><G99/><T65/><D79/><U13/><E127/><V28/><F82/><W92/><G92/><T110/><D110/><U121/><E121/><V16/><F58/><W125/><G26/><N who="2" m="10345" /><F32/><W123/><G123/><T35/><D101/><U30/><E3/><V97/><F28/><W88/><G88/><T105/><D90/><U85/><E73/><V124/><F124/><W118/><G125/><T128/><D52/><U51/><E30/><V21/><F98/><W59/><G130/><T107/><D27/><U41/><E75/><V129/><F129/><W96/><G96/><T64/><D128/><U11/><E66/><V132/><F132/><W104/><G104/><T81/><D64/><U2/><E2/><V89/><F95/><W67/><G62/><T8/><D65/><U106/><E106/><V126/><F126/><W23/><G23/><T72/><D72/><U112/><E112/><V19/><F21/><W7/><G7/><T45/><D5/><U113/><E113/><V135/><F135/><W43/><AGARI ba="0,0" hai="38,43,46,57,59,61,67,70,117,118,119" m="42571" machi="43" ten="40,12000,1" yaku="14,1,10,1,34,2" doraHai="15" who="3" fromWho="3" sc="480,-40,133,-40,151,-40,236,120" /><INIT seed="3,1,0,2,3,32" ten="440,93,111,356" oya="3" hai0="28,72,74,70,118,44,110,88,39,2,11,31,36" hai1="97,65,51,55,49,133,108,80,61,77,0,112,103" hai2="131,129,54,41,3,71,56,53,91,30,8,98,20" hai3="78,25,117,35,64,1,104,68,85,100,135,46,96"/><W132/><G46/><T111/><D118/><U62/><E112/><V125/><F71/><W24/><G117/><T87/><D70/><U99/><E108/><N who="0" m="41513" /><D2/><U124/><E124/><V59/><F41/><W37/><G37/><N who="0" m="14411" /><D11/><U29/><E133/><N who="3" m="51274" /><G35/><T93/><D44/><U127/><E127/><V4/><F125/><W79/><G1/><T134/><D134/><U13/><E0/><V16/><F131/><W69/><G69/><T43/><D43/><U52/><E65/><V27/><F129/><W92/><G64/><T10/><D10/><U57/><E13/><N who="2" m="7207" /><F3/><W130/><G68/><T95/><D95/><U123/><E123/><V48/><F4/><W58/><G58/><T66/><D66/><U84/><E29/><AGARI ba="1,0" hai="28,29,31,72,74,87,88,93" m="14411,41513" machi="29" ten="30,2000,0" yaku="14,1,54,1" doraHai="32" who="0" fromWho="1" sc="440,23,93,-23,111,0,356,0" owari="463,56.0,70,-43.0,111,-29.0,356,16.0" /></mjloggm>