<mjloggm ver="2.3"><GO type="41" lobby="0"/><UN n0="%E3%83%8F%E3%83%B3%E3%82%B2%E3%83%BC%E3%83%97%E3%83%AD" n1="%E3%82%A6%E3%83%AB%E3%83%88%E3%83%A9%E7%AB%8B%E7%9B%B4" n2="%75%65%63%68%69" n3="%E5%90%89%E5%B2%A1%E5%85%89%E6%AD%A3%E9%97%98%E7%89%8C" dan="15,16,15,15" rate="1999.36,2076.56,1890.18,2001.14" sx="F,M,M,M"/><TAIKYOKU oya="0"/><INIT seed="0,0,0,4,1,56" ten="250,250,250,250" oya="0" hai0="55,53,63,31,43,18,95,76,59,82,115,28,88" hai1="86,127,122,30,135,27,6,112,75,107,26,21,41" hai2="5,10,92,94,67,126,40,44,110,58,100,120,73" hai3="125,118,25,69,14,87,35,22,101,24,42,130,133"/><T134/><D115/><U78/><E75/><V93/><F120/><W52/><G118/><T84/><D134/><U111/><E122/><V7/><F110/><W71/><G133/><T105/><D105/><U97/><E135/><V57/><F126/><W103/><G125/><T45/><D18/><U19/><E127/><V116/><F116/><W4/><G42/><T12/><D12/><U114/><E111/><V77/><F100/><W8/><G87/><T0/><D55/><U85/><E41/><V49/><F67/><W128/><G103/><T16/><D16/><U109/><E6/><V32/><F32/><W70/><G101/><T124/><D0/><U1/><E1/><V15/><F5/><W129/><G35/><T13/><D13/><U66/><E78/><V72/><F77/><W61/><G22/><T99/><REACH who="0" step="1"/><D124/><REACH who="0" ten="240,250,250,250" step="2"/><U96/><E107/><V102/><F102/><W39/><G39/><AGARI ba="0,1" hai="28,31,39,43,45,53,59,63,76,82,84,88,95,99" machi="39" ten="30,12000,1" yaku="1,1,2,1,7,1,52,1,54,1,53,0" doraHai="56" doraHaiUra="62" who="0" fromWho="3" sc="240,130,250,0,250,0,250,-120" /><INIT seed="0,1,0,2,1,52" ten="370,250,250,130" oya="0" hai0="22,67,122,68,100,31,48,21,70,51,57,75,127" hai1="82,25,85,99,9,123,10,65,130,46,0,132,23" hai2="76,62,94,49,119,30,101,81,33,131,8,1,86" hai3="40,19,17,39,126,128,28,110,73,112,36,42,18"/><T7/><D75/><U41/><E123/><V134/><F134/><W135/><G73/><T74/><D74/><U114/><E130/><V78/><F131/><W12/><G128/><T4/><D122/><U105/><E132/><V47/><F119/><W129/><G135/><T133/><D133/><U121/><E121/><V37/><F37/><W106/><G106/><T117/><D117/><U116/><E116/><V44/><F76/><W108/><G129/><T14/><D100/><U91/><E0/><V79/><F79/><W124/><G28/><T56/><D31/><U98/><E114/><V95/><F30/><W16/><N who="3" m="4608" /><DORA hai="90" /><W69/><G69/><T87/><D87/><U27/><E23/><V109/><F109/><N who="3" m="42091" /><G12/><T115/><D14/><U13/><E13/><V77/><F33/><W72/><G72/><T111/><D111/><U45/><E105/><V66/><F1/><W125/><G112/><T61/><D115/><U26/><E9/><V84/><F8/><W113/><G113/><T32/><D32/><U35/><E10/><V80/><F101/><W6/><G6/><T2/><D2/><U71/><E35/><V96/><F96/><W15/><G15/><T24/><D7/><U102/><E99/><V97/><F97/><W54/><G54/><N who="0" m="31815" /><D4/><U93/><E102/><V58/><F44/><W120/><G120/><T53/><D68/><U3/><E71/><V60/><F60/><W63/><G63/><T64/><D67/><U20/><E65/><V5/><F5/><W88/><G88/><T11/><D11/><U59/><E3/><V83/><F83/><RYUUKYOKU ba="1,0" sc="370,-15,250,-15,250,15,130,15" hai2="47,49,58,62,66,77,78,80,81,84,86,94,95" hai3="36,39,40,42,124,125,126" /><INIT seed="1,2,0,2,0,95" ten="355,235,265,145" oya="1" hai0="35,89,126,83,93,70,61,33,22,132,112,86,72" hai1="130,38,12,4,6,79,2,127,46,11,87,63,129" hai2="103,5,18,107,39,123,77,69,52,56,40,104,101" hai3="55,10,82,81,64,125,7,50,66,120,113,75,31"/><U29/><E127/><V49/><F123/><W84/><G120/><T14/><D112/><U41/><E29/><V90/><F77/><W98/><G125/><T74/><D126/><U13/><E6/><V8/><F69/><W94/><G75/><T17/><D132/><U96/><E63/><V109/><F18/><W48/><G31/><T85/><D74/><U116/><E116/><V92/><F109/><W0/><G113/><T47/><D72/><U133/><E87/><V88/><F107/><W117/><G117/><T43/><D61/><U3/><E79/><V27/><F27/><W71/><G71/><T25/><D25/><U21/><E133/><V24/><F24/><W16/><G50/><T67/><D67/><U62/><E62/><V19/><F104/><W65/><G84/><T124/><D70/><U135/><E135/><V42/><F39/><W111/><G111/><T23/><D124/><U36/><E36/><V119/><F90/><W73/><G73/><T44/><D23/><U121/><E121/><V108/><F108/><W91/><REACH who="3" step="1"/><G16/><REACH who="3" ten="355,235,265,135" step="2"/><T51/><D86/><U60/><E38/><V34/><F119/><W20/><G20/><T45/><D35/><U15/><E21/><V122/><F34/><W100/><G100/><N who="2" m="38473" /><F122/><W114/><G114/><T37/><D33/><U115/><E115/><V57/><F19/><W102/><G102/><T80/><D37/><U131/><E131/><V1/><F5/><W97/><G97/><T26/><D17/><U58/><E96/><V99/><F99/><W68/><G68/><T30/><D30/><U106/><E129/><RYUUKYOKU ba="2,1" sc="355,-10,235,-10,265,-10,135,30" hai3="0,7,10,48,55,64,65,66,81,82,91,94,98" /><INIT seed="2,3,1,2,0,100" ten="345,225,255,165" oya="2" hai0="25,123,120,66,91,46,56,113,89,41,125,114,95" hai1="92,60,101,65,33,112,26,37,16,121,107,59,2" hai2="133,69,75,50,24,31,70,73,15,67,93,98,94" hai3="68,10,32,43,48,108,34,9,104,28,20,129,79"/><V8/><F133/><W61/><G79/><T63/><D125/><U42/><E112/><V84/><F50/><W128/><G43/><T38/><D25/><U53/><E2/><V30/><F84/><W126/><G126/><T105/><D105/><U58/><E121/><V83/><F83/><W72/><G72/><T76/><D76/><U45/><E92/><V23/><F31/><W103/><G48/><T127/><D127/><U1/><E1/><V115/><F94/><W85/><G85/><T135/><D135/><U122/><E122/><V29/><F29/><W22/><G28/><T3/><D3/><U134/><E134/><V102/><F115/><W130/><G108/><T47/><D46/><U86/><E86/><V74/><REACH who="2" step="1"/><F67/><REACH who="2" ten="345,225,245,165" step="2"/><N who="3" m="41071" /><G32/><T49/><D114/><U21/><E33/><V116/><F116/><W106/><G34/><T18/><D113/><U82/><E82/><V99/><F99/><N who="3" m="61567" /><G106/><T81/><D123/><U90/><E107/><V19/><AGARI ba="3,2" hai="8,15,19,23,24,30,69,70,73,74,75,93,98,102" machi="19" ten="30,6000,0" yaku="1,1,0,1,53,1" doraHai="100" doraHaiUra="11" who="2" fromWho="2" sc="345,-23,225,-23,245,89,165,-23" /><INIT seed="2,4,0,0,3,4" ten="322,202,334,142" oya="2" hai0="59,66,62,48,108,84,65,97,21,134,31,119,13" hai1="87,11,35,23,111,46,12,115,69,45,74,113,93" hai2="104,96,64,47,53,120,118,121,51,68,34,107,42" hai3="60,9,95,127,124,6,37,19,91,126,52,117,44"/><V71/><F118/><W56/><G117/><T0/><D119/><U92/><E74/><V27/><F107/><W76/><G76/><T85/><D0/><U43/><E35/><V80/><F80/><W106/><G106/><T18/><D108/><U123/><E69/><V36/><F71/><W101/><G101/><T17/><D134/><U5/><E111/><V2/><F2/><N who="3" m="215" /><G19/><T32/><D66/><U40/><E123/><V109/><F109/><W89/><G95/><T125/><D125/><N who="3" m="32001" /><W77/><DORA hai="131" /><G77/><T90/><D48/><U105/><E105/><V130/><F130/><W110/><G110/><T38/><D38/><U7/><E87/><V102/><F34/><W39/><G39/><T58/><D32/><U41/><E92/><V78/><F78/><W63/><G63/><N who="0" m="38135" /><D31/><U86/><E93/><V94/><F94/><W26/><G26/><N who="0" m="14639" /><D90/><U70/><E86/><V99/><F27/><W72/><G72/><T75/><D75/><U8/><E70/><V114/><F68/><W16/><G16/><T135/><D97/><U14/><REACH who="1" step="1"/><E23/><REACH who="1" ten="322,192,334,142" step="2"/><V28/><F121/><W49/><G37/><T20/><D135/><U83/><E83/><V3/><F120/><W128/><G128/><T15/><D85/><U98/><E98/><V116/><F96/><W73/><G73/><T133/><D84/><U1/><E1/><V50/><F3/><W22/><G22/><T112/><D133/><U122/><E122/><V132/><F99/><W24/><G24/><T25/><D25/><U79/><E79/><V88/><F132/><W33/><G33/><T10/><D20/><RYUUKYOKU ba="4,1" sc="322,-15,192,15,334,-15,142,15" hai1="5,7,8,11,12,14,40,41,43,45,46,113,115" hai3="44,49,52,56,60,89,91" /><INIT seed="3,5,1,1,0,63" ten="307,207,319,157" oya="3" hai0="123,117,25,22,26,119,18,17,97,73,31,106,89" hai1="20,64,47,8,131,88,121,32,36,102,108,86,76" hai2="67,96,100,28,9,134,99,51,110,135,43,122,3" hai3="27,45,69,129,133,81,39,124,40,54,61,42,57"/><W130/><G81/><T38/><D73/><U126/><E32/><V82/><F110/><W112/><G112/><T84/><D38/><U55/><E121/><V93/><F122/><W49/><G27/><T94/><D123/><U37/><E108/><V50/><F28/><W23/><G23/><T75/><D75/><U44/><E76/><V53/><F67/><N who="3" m="41199" /><G124/><T30/><D117/><U35/><E35/><V77/><F3/><W60/><G133/><T24/><D119/><U87/><E102/><V0/><F0/><W48/><G40/><T95/><D26/><U114/><E8/><V74/><F9/><W65/><G49/><T72/><D106/><U59/><E20/><V2/><F2/><W92/><G92/><T29/><D72/><U104/><E104/><V79/><F43/><W98/><G98/><T70/><D70/><AGARI ba="5,1" hai="39,42,45,48,54,57,60,65,70,129,130" m="41199" machi="70" ten="30,12000,1" yaku="24,1,34,2,52,2" doraHai="63" who="3" fromWho="0" sc="307,-135,207,0,319,0,157,145" /><INIT seed="3,6,0,4,3,5" ten="172,207,319,302" oya="3" hai0="17,91,88,129,39,4,81,1,65,83,15,74,36" hai1="135,110,123,58,121,73,38,9,37,132,115,27,92" hai2="42,127,41,90,45,102,93,77,130,106,101,8,103" hai3="97,82,66,116,124,70,11,78,21,57,3,34,24"/><W18/><G116/><T26/><D65/><U2/><E73/><V131/><F127/><W71/><G124/><T104/><D104/><U31/><E92/><V61/><F106/><W16/><G97/><T109/><D109/><U46/><E58/><V51/><F77/><W14/><G3/><T56/><D129/><U59/><E59/><V19/><F61/><W125/><G125/><T23/><D56/><U48/><E48/><V87/><REACH who="2" step="1"/><F41/><REACH who="2" ten="172,207,309,302" step="2"/><W55/><G66/><T33/><D74/><U40/><E40/><V12/><AGARI ba="6,1" hai="8,12,19,42,45,51,87,90,93,101,102,103,130,131" machi="12" ten="30,8000,1" yaku="1,1,2,1,0,1,52,1,53,1" doraHai="5" doraHaiUra="44" who="2" fromWho="2" sc="172,-26,207,-26,309,108,302,-46" /><INIT seed="4,0,0,4,0,22" ten="146,181,417,256" oya="0" hai0="47,19,23,7,79,131,74,128,82,42,32,91,66" hai1="80,20,30,107,76,108,109,116,50,46,92,45,94" hai2="64,123,3,113,122,5,54,24,62,25,17,100,124" hai3="40,72,0,117,55,68,8,85,134,105,70,114,83"/><T103/><D32/><U15/><E107/><V130/><F113/><W43/><G105/><T14/><D103/><U28/><E116/><V13/><F130/><N who="0" m="49706" /><D66/><U4/><E108/><V26/><F124/><W48/><G114/><T51/><D7/><U132/><E109/><V1/><F100/><W44/><G117/><T102/><D102/><U120/><E132/><V77/><F77/><W125/><G125/><T104/><D104/><U129/><E120/><V73/><F73/><W63/><G134/><T88/><AGARI ba="0,0" hai="14,19,23,42,47,51,74,79,82,88,91" m="49706" machi="88" ten="30,3000,0" yaku="19,1,54,1" doraHai="22" who="0" fromWho="0" sc="146,30,181,-10,417,-10,256,-10" /><INIT seed="4,1,0,2,1,61" ten="176,171,407,246" oya="0" hai0="31,21,75,72,3,22,42,48,20,70,6,96,67" hai1="24,44,66,86,30,85,59,56,99,49,100,95,102" hai2="52,16,18,27,116,17,121,84,2,107,57,25,122" hai3="103,12,104,134,118,58,83,11,43,133,64,35,46"/><T33/><D3/><U4/><E4/><V47/><F107/><W55/><G35/><T76/><D6/><U36/><E36/><V73/><F73/><W80/><G118/><T97/><D31/><U124/><E124/><V41/><F2/><W88/><G103/><T13/><D33/><U34/><E100/><V101/><F101/><W32/><G104/><T40/><D13/><U63/><REACH who="1" step="1"/><E59/><REACH who="1" ten="176,161,407,246" step="2"/><V109/><F116/><W23/><G134/><T81/><D75/><U91/><E91/><V123/><F109/><W82/><G88/><T92/><D92/><U129/><E129/><V71/><F71/><W127/><G127/><T9/><D9/><U10/><E10/><V65/><F123/><W126/><G126/><T77/><D76/><U113/><E113/><V74/><F57/><W105/><G11/><T79/><D77/><U114/><E114/><V29/><F122/><W0/><G105/><T119/><D119/><U125/><E125/><V131/><F74/><W120/><G120/><T54/><D96/><U117/><E117/><V90/><F121/><W98/><G98/><T93/><D97/><U45/><E45/><V50/><F90/><W1/><G46/><N who="0" m="27927" /><D93/><U112/><E112/><V106/><F106/><W130/><G130/><T68/><D70/><U28/><E28/><V62/><F131/><W26/><G133/><T69/><D68/><U39/><E39/><V5/><F29/><W7/><G7/><T51/><D51/><U8/><E8/><V60/><F50/><W78/><G78/><T111/><D111/><U110/><E110/><V38/><F5/><RYUUKYOKU ba="1,1" sc="176,15,161,15,407,-15,246,-15" hai0="20,21,22,40,42,67,69,72,79,81" hai1="24,30,34,44,49,56,63,66,85,86,95,99,102" /><INIT seed="4,2,1,0,4,77" ten="191,176,392,231" oya="0" hai0="89,62,65,96,38,64,129,26,133,18,67,28,7" hai1="72,56,57,109,55,37,60,24,97,2,50,131,105" hai2="69,73,31,11,21,35,130,58,125,121,33,84,15" hai3="29,83,61,128,91,54,30,119,135,110,101,45,63"/><T3/><D38/><U20/><E109/><V19/><F73/><W107/><G110/><T75/><D75/><U95/><E105/><V68/><F130/><W49/><G128/><T27/><D129/><U111/><E2/><V42/><F125/><W59/><G135/><T122/><D122/><U98/><E111/><V79/><F42/><W127/><G127/><T5/><D133/><U132/><E37/><V88/><F79/><W46/><G119/><T113/><D3/><U14/><E132/><V43/><F43/><W103/><G107/><T22/><D62/><N who="3" m="23561" /><G46/><T87/><D96/><U44/><E72/><V123/><F58/><W53/><G101/><T66/><N who="0" m="16896" /><DORA hai="74" /><T85/><D113/><U10/><E131/><V34/><F68/><W78/><G103/><T117/><D117/><U93/><E60/><V70/><F70/><W92/><G59/><N who="1" m="22602" /><E98/><V86/><F69/><W48/><G48/><T120/><D120/><U80/><E97/><V112/><F112/><W9/><G54/><T99/><D99/><U0/><E0/><V36/><F36/><W90/><G92/><N who="0" m="54319" /><D87/><U32/><E32/><V106/><F84/><N who="3" m="48247" /><G9/><T16/><D27/><U23/><E24/><V6/><F123/><W124/><G124/><T100/><D100/><U81/><E93/><V8/><F121/><W47/><G47/><T76/><D76/><U52/><E95/><V134/><F106/><W71/><G71/><T13/><D28/><AGARI ba="2,1" hai="28,29,30,45,49,53,90,91" m="48247,23561" machi="28" ten="30,3900,0" yaku="8,1,52,2" doraHai="77,74" who="3" fromWho="0" sc="191,-45,176,0,392,0,231,55" /><INIT seed="5,0,0,5,1,85" ten="146,176,392,286" oya="1" hai0="15,55,113,127,119,6,43,100,70,54,61,125,68" hai1="131,5,12,52,135,20,66,45,49,29,95,71,132" hai2="53,133,27,126,3,129,39,116,82,110,92,77,2" hai3="30,88,123,40,114,60,28,31,86,89,103,16,76"/><U69/><E131/><V81/><F110/><W34/><G34/><T78/><D100/><U115/><E115/><V22/><F129/><W42/><G123/><T32/><D78/><U10/><E66/><V93/><F126/><N who="0" m="48138" /><D32/><U99/><E29/><V7/><F133/><W67/><G103/><T35/><D35/><U90/><REACH who="1" step="1"/><E20/><REACH who="1" ten="146,166,392,286" step="2"/><V36/><F22/><W11/><G114/><T51/><D113/><U74/><E74/><V91/><F116/><W106/><G31/><T63/><D119/><U19/><E19/><V44/><F7/><W118/><G118/><T73/><D73/><U122/><E122/><V87/><F2/><W41/><G30/><T104/><D6/><U65/><E65/><V48/><F3/><W97/><G28/><T101/><D104/><U9/><E9/><V83/><F77/><W46/><G106/><T18/><D18/><U111/><E111/><V112/><F112/><W17/><G11/><T75/><D75/><U1/><E1/><V33/><F33/><W14/><G17/><T98/><D68/><AGARI ba="0,1" hai="5,10,12,45,49,52,68,69,71,90,95,99,132,135" machi="68" ten="40,12000,1" yaku="1,1,52,1,54,1,53,1" doraHai="85" doraHaiUra="47" who="1" fromWho="0" sc="146,-120,166,130,392,0,286,0" /><INIT seed="5,1,0,3,5,8" ten="26,296,392,286" oya="1" hai0="70,32,120,35,60,111,10,0,30,37,110,81,127" hai1="133,50,91,49,72,134,73,118,2,92,51,87,36" hai2="78,85,105,39,14,97,57,66,18,63,42,54,132" hai3="53,119,34,62,24,6,96,45,93,135,4,44,48"/><U114/><E118/><V68/><F132/><W12/><G135/><N who="1" m="51722" /><E36/><V122/><F122/><W126/><G126/><T1/><D37/><U71/><E71/><V89/><F78/><W109/><G109/><T47/><D81/><U20/><E2/><N who="0" m="1129" /><D47/><U83/><E114/><V3/><F3/><W28/><G119/><T128/><D60/><U74/><E20/><V106/><F97/><W27/><G44/><T115/><D70/><U90/><E92/><V7/><F7/><W116/><G116/><T108/><D120/><U41/><E41/><V102/><F102/><W112/><G112/><T98/><D98/><U88/><AGARI ba="1,0" hai="49,50,51,72,73,74,83,87,88,90,91" m="51722" machi="88" ten="40,3900,0" yaku="20,1,54,1" doraHai="8" who="1" fromWho="1" sc="26,-14,296,42,392,-14,286,-14" /><INIT seed="5,2,0,2,0,126" ten="12,338,378,272" oya="1" hai0="20,118,94,1,78,87,99,88,9,45,23,5,124" hai1="135,84,134,73,100,39,4,83,0,3,116,14,102" hai2="25,67,108,79,128,80,95,93,53,22,30,40,48" hai3="10,74,101,27,105,43,122,114,69,36,106,77,123"/><U89/><E39/><V57/><F108/><W44/><G69/><T125/><D118/><U2/><E73/><V64/><F128/><W17/><G114/><T104/><D45/><U60/><E116/><V34/><F40/><W131/><G131/><T107/><D104/><U24/><E24/><V92/><REACH who="2" step="1"/><F34/><REACH who="2" ten="12,338,368,272" step="2"/><W121/><G121/><T42/><D42/><U112/><E112/><V65/><F65/><W97/><G106/><T76/><D107/><U81/><E135/><V109/><F109/><W15/><REACH who="3" step="1"/><G27/><REACH who="3" ten="12,338,368,262" step="2"/><T32/><D125/><U11/><E134/><V103/><F103/><W130/><G130/><T86/><D124/><U58/><E102/><V12/><F12/><W129/><G129/><T120/><D120/><U113/><E100/><V55/><F55/><W16/><G16/><T35/><D32/><U51/><E113/><V133/><F133/><W66/><G66/><T115/><D35/><U111/><E14/><V132/><F132/><W46/><G46/><T117/><D115/><U47/><E2/><V38/><F38/><W127/><G127/><T56/><D117/><U85/><E3/><V71/><F71/><W75/><G75/><AGARI ba="2,2" hai="22,25,30,48,53,57,64,67,75,79,80,92,93,95" machi="75" ten="40,1300,0" yaku="1,1,53,0" doraHai="126" doraHaiUra="6" who="2" fromWho="3" sc="12,0,338,0,368,39,262,-19" /><INIT seed="6,0,0,4,3,132" ten="12,338,407,243" oya="2" hai0="76,26,128,20,6,101,59,3,21,32,27,60,103" hai1="118,38,105,116,7,112,69,126,16,123,42,12,102" hai2="71,96,114,98,73,78,15,110,70,104,31,72,56" hai3="122,117,80,85,68,5,25,135,88,13,41,36,37"/><V14/><F114/><W4/><G135/><T53/><D32/><U82/><E42/><V55/><F31/><W49/><G68/><T9/><D76/><U75/><E102/><V23/><F78/><W74/><G122/><T106/><D106/><U54/><E82/><V63/><F23/><W130/><G130/><T99/><D99/><U65/><E54/><V64/><F110/><W94/><G117/><T17/><D128/><U66/><E7/><V100/><F96/><W46/><G25/><T133/><D133/><U39/><E65/><V131/><F71/><W8/><G4/><T79/><D79/><U2/><E66/><V18/><F131/><W89/><G74/><T91/><D91/><U34/><E16/><V44/><F44/><W113/><G113/><T90/><D90/><U61/><E12/><V24/><F24/><W124/><G124/><T83/><D83/><U51/><E39/><V115/><F14/><W95/><G80/><T125/><D125/><U87/><E87/><AGARI ba="0,0" hai="5,8,13,36,37,41,46,49,85,87,88,89,94,95" machi="87" ten="30,3900,0" yaku="7,1,9,1,54,1" doraHai="132" who="3" fromWho="1" sc="12,0,338,-39,407,0,243,39" /><INIT seed="7,0,0,1,2,31" ten="12,299,407,282" oya="3" hai0="128,72,126,81,132,76,135,71,99,25,82,15,124" hai1="63,41,114,36,67,18,101,50,47,111,7,9,95" hai2="16,109,3,97,51,39,64,45,54,65,134,77,21" hai3="29,2,52,59,104,57,133,11,28,123,93,32,62"/><W49/><G123/><T37/><D71/><U100/><E111/><V74/><F109/><W42/><G104/><T13/><D37/><U85/><E114/><V108/><F108/><W129/><G129/><T55/><D25/><U12/><E36/><V106/><F3/><W5/><G133/><N who="0" m="51275" /><D55/><U113/><E113/><V90/><F39/><W94/><G42/><T6/><D6/><U127/><E127/><N who="0" m="48681" /><D15/><U115/><E115/><V14/><F134/><W125/><G125/><T92/><D13/><U88/><E7/><V44/><F44/><W4/><G4/><T79/><D72/><U48/><E48/><V80/><F106/><W86/><G29/><T0/><D0/><U1/><E1/><V70/><F70/><AGARI ba="0,0" hai="9,12,18,41,47,50,63,67,70,85,88,95,100,101" machi="70" ten="30,2000,0" yaku="7,1,54,1" doraHai="31" who="1" fromWho="2" sc="12,0,299,20,407,-20,282,0" owari="12,-49.0,319,12.0,387,49.0,282,-12.0" /></mjloggm>