<mjloggm ver="2.3"><GO type="41" lobby="0"/><UN n0="%E3%82%A6%E3%83%AB%E3%83%88%E3%83%A9%E7%AB%8B%E7%9B%B4" n1="%E3%82%BF%E3%82%B3%E7%84%BC%E3%81%8D" n2="%6E%6F%72%69%7A%6F" n3="%E5%9B%9B%E6%B5%81%E8%8A%B8%E4%BA%BA" dan="16,14,14,14" rate="2070.41,1969.13,1991.21,1932.00" sx="M,M,M,M"/><TAIKYOKU oya="0"/><INIT seed="0,0,0,4,4,121" ten="250,250,250,250" oya="0" hai0="33,63,46,12,106,49,68,55,72,5,120,116,104" hai1="28,9,39,70,42,83,44,132,7,26,82,57,58" hai2="109,31,16,52,6,100,29,88,80,127,103,111,87" hai3="62,17,18,48,77,91,110,50,67,98,19,24,95"/><T27/><D120/><U78/><E70/><V89/><F6/><W102/><G77/><T43/><D116/><U135/><E28/><V129/><F129/><W134/><G134/><N who="1" m="51242" /><E26/><V66/><F66/><W35/><G110/><N who="2" m="41993" /><F127/><W10/><G10/><T4/><D72/><N who="1" m="43335" /><E83/><V113/><F113/><W32/><G32/><T133/><D104/><U123/><E123/><V105/><F89/><W114/><G114/><T14/><D106/><U71/><E71/><V124/><F124/><W125/><G125/><T73/><D5/><U53/><E53/><V69/><F69/><W131/><G131/><T25/><D55/><U84/><E84/><V34/><F34/><W37/><G37/><T119/><D33/><U40/><E42/><V3/><F3/><AGARI ba="0,0" hai="3,7,9,39,40,44,57,58" m="43335,51242" machi="3" ten="30,2000,0" yaku="25,1,20,1" doraHai="121" who="1" fromWho="2" sc="250,0,250,20,250,-20,250,0" /><INIT seed="1,0,0,4,1,58" ten="250,270,230,250" oya="1" hai0="123,16,95,78,126,120,20,118,94,83,71,111,60" hai1="17,54,26,33,35,3,47,84,27,30,122,57,51" hai2="64,116,11,42,32,135,49,103,13,68,61,31,5" hai3="4,62,66,44,15,40,69,117,9,59,124,121,74"/><U76/><E122/><V131/><F135/><W37/><G121/><N who="0" m="46667" /><D118/><U75/><E3/><V105/><F131/><W14/><G117/><T28/><D28/><U104/><E75/><V112/><F116/><W18/><G74/><T97/><D126/><U107/><E47/><V114/><F49/><W125/><REACH who="3" step="1"/><G69/><REACH who="3" ten="250,270,230,240" step="2"/><T12/><D111/><U92/><E33/><V43/><F114/><W55/><G55/><T22/><D71/><U90/><E76/><V101/><F112/><W100/><G100/><T88/><D78/><U34/><E34/><V67/><F103/><W134/><G134/><T46/><D46/><U2/><E2/><V38/><F67/><W77/><G77/><T130/><D130/><U52/><E54/><V36/><F43/><W81/><G81/><T86/><D83/><U45/><E45/><V91/><F91/><W115/><G115/><T102/><D102/><U25/><E25/><N who="2" m="18543" /><F42/><W85/><G85/><T133/><D133/><U29/><E29/><V23/><F23/><AGARI ba="0,1" hai="4,9,14,15,18,23,37,40,44,59,62,66,124,125" machi="23" ten="40,5200,0" yaku="1,1,52,1,53,1" doraHai="58" doraHaiUra="41" who="3" fromWho="2" sc="250,0,270,0,230,-52,240,62" /><INIT seed="2,0,0,5,3,112" ten="250,270,178,302" oya="2" hai0="39,27,43,123,84,128,42,81,7,126,56,131,14" hai1="111,86,18,129,92,62,97,120,57,3,16,125,60" hai2="51,98,26,117,49,113,83,25,31,44,102,36,38" hai3="41,0,4,21,46,133,118,75,54,82,30,90,104"/><V121/><F113/><W24/><G133/><T74/><D74/><U76/><E111/><V59/><F121/><W53/><G104/><T65/><D123/><U64/><E3/><V15/><F25/><W20/><G20/><T88/><D126/><U63/><E125/><V11/><F51/><W68/><G68/><T119/><D39/><U55/><E120/><V122/><F122/><W94/><G0/><T2/><D2/><U8/><E129/><V109/><F59/><W29/><G4/><T89/><D27/><U96/><E64/><V100/><F109/><W107/><G107/><T124/><D124/><U23/><E8/><V52/><F83/><W22/><G22/><T134/><D134/><U33/><E33/><V101/><F117/><W67/><G67/><T106/><D106/><U105/><E105/><V114/><F98/><W9/><G9/><T91/><D119/><U103/><E96/><V34/><REACH who="2" step="1"/><F114/><REACH who="2" ten="250,270,168,302" step="2"/><W73/><G118/><T130/><D43/><U50/><E18/><AGARI ba="0,1" hai="11,15,18,26,31,34,36,38,44,49,52,100,101,102" machi="18" ten="40,7700,0" yaku="1,1,2,1,54,1,53,0" doraHai="112" doraHaiUra="116" who="2" fromWho="1" sc="250,0,270,-77,168,87,302,0" /><INIT seed="2,1,0,0,3,122" ten="250,193,255,302" oya="2" hai0="71,90,38,73,4,124,85,43,16,127,128,47,112" hai1="18,116,130,33,81,28,109,110,57,83,30,104,19" hai2="123,103,27,132,70,24,79,92,65,115,84,86,108" hai3="120,69,58,44,45,95,29,32,12,48,61,56,80"/><V41/><F123/><W13/><G120/><T14/><D73/><U76/><E116/><V101/><F115/><W133/><G69/><T62/><D112/><U78/><E104/><V36/><F70/><W134/><G32/><T93/><D128/><U11/><E57/><V49/><F36/><W105/><G105/><T72/><D72/><U10/><REACH who="1" step="1"/><E130/><REACH who="1" ten="250,183,255,302" step="2"/><V113/><F113/><W63/><G95/><T22/><D4/><U8/><E8/><V9/><F132/><W98/><G80/><T17/><D71/><U26/><E26/><V23/><F9/><W5/><G98/><T66/><D66/><U46/><E46/><V91/><F65/><W42/><G29/><T37/><D62/><U59/><E59/><V0/><F27/><W126/><G5/><T89/><D17/><U75/><E75/><V118/><F118/><W87/><G87/><T15/><D47/><U21/><E21/><V7/><F7/><W20/><G20/><T6/><D22/><U117/><E117/><V100/><F84/><W135/><G126/><T129/><D85/><U68/><E68/><V34/><F34/><AGARI ba="1,1" hai="10,11,18,19,28,30,33,34,76,78,81,83,109,110" machi="34" ten="25,8000,1" yaku="1,1,22,2,52,2,53,0" doraHai="122" doraHaiUra="99" who="1" fromWho="2" sc="250,0,183,93,255,-83,302,0" /><INIT seed="3,0,0,5,3,86" ten="250,276,172,302" oya="3" hai0="66,80,12,31,51,55,62,16,115,105,120,78,125" hai1="35,132,67,10,129,68,38,74,57,25,93,4,75" hai2="48,82,1,47,69,117,8,72,101,5,95,100,114" hai3="36,118,81,17,34,9,2,103,6,89,63,97,110"/><W131/><G36/><T85/><D105/><U22/><E35/><V43/><F69/><W104/><G118/><T45/><D120/><U108/><E68/><V33/><F33/><W44/><G34/><T46/><D125/><U42/><E108/><V124/><F124/><W83/><G110/><T65/><D115/><U20/><E129/><V13/><F117/><W11/><G131/><T59/><D31/><U15/><E132/><V113/><F113/><W102/><G102/><T49/><D49/><U28/><E38/><V52/><F114/><W60/><G44/><T37/><D37/><U87/><E42/><V14/><F1/><W27/><G81/><T3/><D3/><U92/><E22/><V112/><F112/><W29/><G29/><T111/><D111/><U84/><E74/><V54/><F72/><W116/><G116/><T19/><D19/><U73/><E73/><V119/><F119/><W70/><G70/><T128/><D128/><U91/><E75/><V126/><F126/><W99/><G27/><T23/><REACH who="0" step="1"/><D46/><REACH who="0" ten="240,276,172,302" step="2"/><U41/><E28/><V123/><F123/><W77/><G17/><T107/><D107/><U26/><E4/><V88/><F13/><W122/><G122/><T7/><D7/><U130/><E130/><V32/><F32/><W56/><G2/><T64/><AGARI ba="0,1" hai="12,16,23,45,51,55,59,62,64,65,66,78,80,85" machi="64" ten="20,8000,1" yaku="1,1,0,1,7,1,8,1,54,1,53,0" doraHai="86" doraHaiUra="98" who="0" fromWho="0" sc="240,90,276,-20,172,-20,302,-40" /><INIT seed="4,0,0,0,5,134" ten="330,256,152,262" oya="0" hai0="89,95,129,42,126,3,27,21,131,56,6,135,19" hai1="2,47,101,85,86,71,33,48,53,114,37,41,40" hai2="12,61,34,24,94,9,110,105,39,64,17,133,66" hai3="0,13,108,25,38,58,102,75,46,50,124,54,81"/><T91/><D135/><U30/><E2/><V63/><F133/><W122/><G0/><T104/><D104/><U32/><E71/><V98/><F39/><W62/><G108/><T100/><D100/><U78/><E101/><V11/><F110/><W1/><G1/><T103/><D103/><U106/><E106/><V77/><F105/><W7/><G102/><T74/><D74/><U118/><E118/><V123/><F123/><W125/><G38/><T18/><D42/><U79/><E114/><V29/><F77/><W15/><G25/><T128/><D56/><U31/><E37/><V45/><F45/><W80/><G122/><T55/><D55/><U23/><E23/><V4/><F94/><W14/><G7/><T69/><D69/><U97/><E97/><V22/><F98/><W121/><G121/><T99/><D91/><U84/><E53/><V87/><F87/><W59/><G59/><T120/><D120/><U113/><E113/><V115/><F115/><W26/><G26/><T116/><D116/><U90/><E90/><V52/><F11/><W92/><G92/><T44/><D44/><U43/><E47/><V68/><F52/><W88/><G80/><T20/><D6/><U112/><E48/><V67/><REACH who="2" step="1"/><F63/><REACH who="2" ten="330,256,142,262" step="2"/><W35/><G35/><N who="1" m="13386" /><E112/><V109/><F109/><W8/><G8/><T36/><D36/><U10/><E10/><V70/><F70/><W93/><G81/><T28/><D99/><U132/><E132/><V51/><F51/><W130/><G75/><T82/><D95/><U76/><AGARI ba="0,1" hai="30,31,40,41,43,76,78,79,84,85,86" m="13386" machi="76" ten="40,8000,1" yaku="29,2,28,2" doraHai="134" who="1" fromWho="1" sc="330,-40,256,90,142,-20,262,-20" /><INIT seed="5,0,0,1,2,102" ten="290,346,122,242" oya="1" hai0="116,125,2,114,115,104,4,36,121,91,19,106,38" hai1="97,49,30,77,5,74,48,20,105,117,75,94,124" hai2="55,23,15,67,24,43,122,11,13,92,79,52,42" hai3="72,113,101,18,98,21,57,45,76,84,88,14,16"/><U123/><E117/><V3/><F3/><W89/><G113/><N who="0" m="43019" /><D116/><U33/><E123/><V126/><F122/><W93/><G72/><T108/><D108/><U63/><E33/><V8/><F67/><W100/><G76/><T120/><D120/><U28/><E5/><V118/><F118/><W112/><G112/><T130/><D121/><U12/><E63/><V111/><F111/><W90/><G100/><T41/><D125/><U107/><E124/><V39/><F126/><W22/><G57/><T70/><D70/><U6/><E77/><V127/><F79/><W0/><G45/><T61/><D61/><U83/><E83/><V34/><F34/><W9/><G0/><T58/><D58/><U62/><E62/><V73/><F127/><W110/><G110/><T47/><D130/><U64/><E64/><V7/><F73/><W31/><G31/><T29/><D29/><U109/><E109/><V37/><F92/><W44/><G44/><T69/><D69/><U128/><E128/><V68/><F68/><W95/><G9/><N who="0" m="2199" /><D36/><U103/><E6/><V87/><F87/><W25/><AGARI ba="0,0" hai="14,16,18,21,22,25,84,88,89,90,93,95,98,101" machi="25" ten="20,8000,1" yaku="0,1,7,1,8,1,54,2" doraHai="102" who="3" fromWho="3" sc="290,-20,346,-40,122,-20,242,80" /><INIT seed="6,0,0,1,1,0" ten="270,306,102,322" oya="2" hai0="69,133,114,135,124,89,71,108,58,104,31,60,66" hai1="90,30,5,15,75,67,105,131,93,115,6,42,65" hai2="41,80,125,54,7,82,9,49,109,38,87,118,27" hai3="73,39,26,52,122,18,48,1,121,51,100,132,119"/><V79/><F125/><W91/><G39/><T99/><D108/><U47/><E105/><V88/><F109/><W20/><G73/><T12/><D31/><U117/><E117/><V81/><F118/><W101/><G1/><T53/><D104/><U107/><E107/><V94/><F27/><W70/><G70/><T86/><D99/><U44/><E115/><V40/><F38/><W72/><G72/><T120/><D120/><U68/><E131/><V78/><F41/><W113/><G119/><T34/><D34/><U95/><E75/><V21/><F21/><W29/><G113/><T50/><D114/><U112/><E112/><V126/><F40/><W33/><G51/><T17/><D71/><U127/><E30/><V25/><F25/><W37/><G37/><T2/><D2/><U56/><E68/><V77/><F126/><W10/><G33/><T45/><D124/><U111/><E111/><V128/><F128/><W3/><G121/><T129/><D129/><U61/><E65/><V36/><F36/><W16/><G122/><T130/><D130/><U102/><E127/><V64/><F64/><W110/><G29/><T85/><D85/><N who="1" m="52431" /><E15/><N who="2" m="5567" /><F79/><W97/><G110/><T43/><D43/><U74/><E74/><V76/><F76/><W63/><G63/><T46/><D46/><AGARI ba="0,0" hai="46,49,54,77,78,80,81,82,87,88,94" m="5567" machi="46" ten="30,5800,0" yaku="8,1,52,1,54,1" doraHai="0" who="2" fromWho="0" sc="270,-58,306,0,102,58,322,0" /><INIT seed="6,1,0,3,0,33" ten="212,306,160,322" oya="2" hai0="118,62,16,44,132,108,71,122,20,56,42,85,8" hai1="102,125,112,9,83,32,111,29,81,24,18,126,99" hai2="87,124,10,22,74,73,1,60,39,2,17,68,50" hai3="66,15,115,114,94,103,57,36,64,19,4,78,91"/><V110/><F39/><W48/><G36/><T76/><D71/><U101/><E111/><V128/><F110/><W104/><G78/><T0/><D108/><U55/><E112/><N who="3" m="43050" /><G4/><T12/><D122/><U120/><E120/><V61/><F10/><W27/><G27/><T53/><D118/><U21/><E55/><V100/><F100/><N who="1" m="38505" /><E99/><V11/><F11/><N who="3" m="6655" /><G103/><T134/><D85/><U84/><E9/><V45/><F128/><W31/><G31/><T75/><D76/><U72/><E72/><V5/><F5/><W127/><G104/><T46/><D75/><U113/><E84/><V7/><F7/><W98/><G127/><N who="1" m="48650" /><E113/><V63/><F124/><W123/><G123/><T6/><REACH who="0" step="1"/><D46/><REACH who="0" ten="202,306,160,322" step="2"/><U14/><AGARI ba="1,1" hai="14,18,21,24,29,32,81,83" m="48650,38505" machi="14" ten="30,1100,0" yaku="18,1" doraHai="33" who="1" fromWho="1" sc="202,-4,306,24,160,-6,322,-4" /><INIT seed="7,0,0,2,0,10" ten="198,330,154,318" oya="3" hai0="114,123,105,111,99,54,48,34,1,121,86,119,40" hai1="33,38,2,11,52,42,9,60,122,127,35,66,4" hai2="109,74,112,107,28,56,77,106,98,12,97,23,70" hai3="100,20,78,32,47,63,126,82,129,132,96,24,30"/><W39/><G132/><T83/><D34/><U118/><E122/><V19/><F70/><W16/><G129/><T50/><D1/><N who="1" m="143" /><E52/><V5/><F109/><W59/><G126/><T62/><D119/><U71/><E127/><V72/><F112/><W41/><G32/><T29/><D29/><U53/><E53/><V75/><F77/><W115/><G115/><T31/><D31/><U37/><E118/><V104/><F28/><W80/><G30/><T22/><D22/><U133/><E133/><V15/><F56/><W43/><G43/><T69/><D114/><U110/><E110/><V13/><F5/><W46/><G46/><T67/><D111/><U3/><E42/><V90/><F90/><W68/><G68/><T55/><D99/><U14/><E14/><V108/><F108/><W36/><G36/><N who="1" m="13930" /><E3/><V116/><F116/><W64/><REACH who="3" step="1"/><G78/><REACH who="3" ten="198,330,154,308" step="2"/><T26/><D40/><U85/><E85/><V103/><REACH who="2" step="1"/><F98/><REACH who="2" ten="198,330,144,308" step="2"/><W73/><G73/><T130/><D69/><U101/><E71/><V95/><AGARI ba="0,2" hai="12,13,15,19,23,72,74,75,95,97,103,104,106,107" machi="95" ten="40,12000,2" yaku="1,1,2,1,0,1,52,3,53,0" doraHai="10" doraHaiUra="128" who="2" fromWho="2" sc="198,-30,330,-30,144,140,308,-60" owari="168,-33.0,300,40.0,284,8.0,248,-15.0" /></mjloggm>