<mjloggm ver="2.3"><GO type="97" lobby="0"/><UN n0="%73%68%61%6E%61%6E" n1="%6D%61%74%69%67%75%73%61" n2="%E3%82%A6%E3%83%AB%E3%83%88%E3%83%A9%E7%AB%8B%E7%9B%B4" n3="%54%41%4B%55%57%41" dan="13,14,15,13" rate="1926.19,1968.42,2031.81,1886.01" sx="M,M,M,M"/><TAIKYOKU oya="0"/><INIT seed="0,0,0,0,3,73" ten="250,250,250,250" oya="0" hai0="91,37,29,117,68,51,30,90,83,87,132,3,56" hai1="34,78,120,46,19,50,109,60,32,40,128,10,106" hai2="21,101,99,64,104,135,121,125,59,122,24,118,65" hai3="63,94,43,16,102,130,70,75,18,119,133,66,93"/><T55/><D117/><U41/><E106/><V126/><F118/><W111/><G119/><T27/><D132/><U88/><E120/><V77/><F135/><W114/><G133/><T52/><D3/><U134/><E134/><V115/><F115/><W14/><G114/><T7/><D7/><U79/><E32/><V86/><F59/><W110/><G18/><T33/><D37/><U74/><E34/><V8/><F8/><W67/><G66/><T112/><D30/><U131/><E74/><V53/><F53/><W80/><G43/><T49/><D68/><U23/><E40/><V123/><F65/><W17/><G17/><T76/><REACH who="0" step="1"/><D112/><REACH who="0" ten="240,250,250,250" step="2"/><U54/><E109/><V116/><F116/><W1/><G1/><T44/><AGARI ba="0,1" hai="27,29,33,44,49,51,52,55,56,76,83,87,90,91" machi="44" ten="20,18000,2" yaku="1,1,2,1,0,1,7,1,52,1,54,1,53,1" doraHai="73" doraHaiUra="72" who="0" fromWho="0" sc="240,190,250,-60,250,-60,250,-60" /><INIT seed="0,1,0,4,4,33" ten="430,190,190,190" oya="0" hai0="122,70,9,66,97,67,14,128,40,114,50,119,81" hai1="74,73,116,85,55,121,135,105,10,94,15,88,78" hai2="95,130,76,133,43,96,79,11,91,92,34,117,41" hai3="17,13,28,39,53,107,51,71,106,4,19,56,110"/><T127/><D122/><U47/><E121/><V22/><F34/><W24/><G71/><T20/><D119/><U129/><E116/><V54/><F130/><W2/><G39/><T118/><D118/><U6/><E129/><V126/><F126/><W103/><G110/><T108/><D114/><U37/><E135/><V82/><F133/><W60/><G103/><T42/><D128/><U80/><E105/><V5/><F22/><W23/><G19/><T115/><D115/><U72/><E55/><V52/><F95/><W25/><G25/><T58/><D70/><U1/><REACH who="1" step="1"/><E15/><REACH who="1" ten="430,180,190,190" step="2"/><N who="2" m="5615" /><F117/><W75/><G107/><T86/><D127/><U87/><E87/><N who="2" m="48607" /><F76/><W29/><G106/><T8/><D108/><U113/><E113/><V12/><F12/><W131/><G131/><T61/><D97/><U38/><E38/><V90/><F90/><W100/><G75/><T123/><D123/><U35/><E35/><V16/><F43/><AGARI ba="1,1" hai="1,6,10,37,43,47,72,73,74,78,80,85,88,94" machi="43" ten="40,12000,2" yaku="1,1,25,2,52,1,54,1,53,1" doraHai="33" doraHaiUra="69" who="1" fromWho="2" sc="430,0,180,133,190,-123,190,0" /><INIT seed="1,0,0,2,4,45" ten="430,313,67,190" oya="1" hai0="43,54,77,100,80,81,133,47,86,31,4,109,73" hai1="33,64,89,49,40,25,134,104,119,44,117,13,122" hai2="29,5,127,78,97,92,130,135,75,112,36,41,16" hai3="128,12,129,106,102,85,76,7,103,113,82,90,107"/><U66/><E104/><N who="3" m="39978" /><G7/><T99/><D31/><U9/><E122/><V94/><F112/><W124/><G113/><T11/><D133/><U15/><E134/><V96/><F135/><W126/><G90/><T98/><D54/><U105/><E105/><V30/><F127/><N who="3" m="48683" /><G12/><T46/><D46/><U34/><E89/><V83/><F130/><W55/><G55/><T116/><D109/><U23/><E119/><V39/><F5/><W93/><G93/><T132/><D100/><AGARI ba="0,0" hai="76,82,85,100,102,103,128,129" m="48683,39978" machi="100" ten="40,5200,0" yaku="18,1,34,2" doraHai="45" who="3" fromWho="0" sc="430,-52,313,0,67,0,190,52" /><INIT seed="2,0,0,2,5,93" ten="378,313,67,242" oya="2" hai0="83,45,71,95,12,2,23,124,56,75,128,78,120" hai1="112,121,135,102,133,57,50,54,4,11,89,22,69" hai2="64,106,126,67,98,91,123,129,118,110,59,122,17" hai3="114,90,113,105,70,65,62,34,32,115,49,1,76"/><V48/><F118/><W66/><G90/><T132/><D71/><U97/><E69/><V52/><F126/><W85/><G65/><T107/><D120/><U100/><E112/><V21/><F129/><W80/><G1/><T74/><D107/><U44/><E121/><V111/><F122/><W51/><REACH who="3" step="1"/><G105/><REACH who="3" ten="378,313,67,232" step="2"/><T58/><D2/><U55/><E89/><V60/><F123/><W82/><G82/><T79/><D83/><U73/><E73/><V92/><F106/><W13/><G13/><T27/><D12/><U101/><E135/><V87/><F87/><W108/><G108/><N who="2" m="41513" /><F60/><W81/><G81/><T125/><D132/><U119/><E133/><V104/><F104/><W72/><G72/><T41/><D75/><U109/><E109/><V39/><F39/><W9/><G9/><T96/><D74/><U63/><E119/><V127/><F127/><W18/><G18/><T35/><D124/><U77/><E77/><V29/><F29/><W68/><G68/><T26/><D125/><U37/><E37/><V0/><F0/><W116/><G116/><T131/><D79/><U40/><E11/><V84/><F84/><W24/><G24/><AGARI ba="0,1" hai="17,21,24,48,52,59,64,67,91,92,98" m="41513" machi="24" ten="30,11600,0" yaku="14,1,10,1,52,1,54,1" doraHai="93" who="2" fromWho="3" sc="378,0,313,0,67,126,232,-116" /><INIT seed="2,1,0,3,0,44" ten="378,313,193,116" oya="2" hai0="6,66,62,46,101,70,90,60,97,3,49,86,51" hai1="34,71,89,4,58,79,131,64,56,18,63,91,92" hai2="135,100,111,113,121,74,31,132,72,129,1,94,87" hai3="2,98,108,116,43,52,102,115,127,105,114,112,93"/><V48/><F1/><W130/><G2/><T53/><D3/><U76/><E34/><V119/><F121/><W109/><G43/><T24/><D6/><U118/><E4/><V25/><F119/><W47/><G116/><T37/><D37/><U8/><E118/><V104/><F104/><W69/><G69/><T19/><D60/><U41/><E41/><V82/><F113/><W120/><G120/><T126/><D126/><U75/><E91/><V42/><F129/><W27/><G27/><T17/><D51/><U68/><E131/><V29/><F111/><N who="3" m="42571" /><G130/><T32/><D90/><U39/><E39/><V65/><F65/><W123/><G123/><T125/><D86/><U106/><E106/><V67/><F67/><W78/><G78/><T134/><D134/><N who="2" m="51242" /><F25/><W103/><G127/><T85/><D85/><U128/><E128/><V59/><F31/><W21/><G21/><T28/><REACH who="0" step="1"/><D125/><REACH who="0" ten="368,313,193,116" step="2"/><U14/><E68/><V117/><F117/><W81/><G103/><T55/><D55/><U11/><E71/><V15/><F74/><W133/><G133/><T36/><D36/><U26/><E75/><V23/><F72/><W83/><G105/><AGARI ba="1,1" hai="17,19,24,28,32,46,49,53,62,66,70,97,101,105" machi="105" ten="30,12000,2" yaku="1,1,7,1,25,2,52,1,53,2" doraHai="44" doraHaiUra="12" who="0" fromWho="3" sc="368,133,313,0,193,0,116,-123" owari="501,61.0,313,11.0,193,-21.0,-7,-51.0" /></mjloggm>