<mjloggm ver="2.3"><GO type="97" lobby="0"/><UN n0="%6B%69%6E%74%61%32" n1="%36%34%30%30" n2="%E3%82%A6%E3%83%AB%E3%83%88%E3%83%A9%E7%AB%8B%E7%9B%B4" n3="%E3%82%82%E3%81%A3%E3%81%91%E3%82%89" dan="14,15,15,14" rate="1870.45,1926.98,2057.93,1906.60" sx="M,M,M,M"/><TAIKYOKU oya="0"/><INIT seed="0,0,0,2,0,121" ten="250,250,250,250" oya="0" hai0="13,91,128,77,9,134,116,47,35,30,43,50,80" hai1="96,130,27,88,101,26,85,16,113,90,67,102,78" hai2="82,45,109,7,39,74,31,95,12,86,33,21,36" hai3="120,123,94,28,3,111,10,79,71,73,84,76,124"/><T132/><D116/><U129/><E113/><V56/><F33/><W38/><G71/><T5/><D128/><N who="1" m="49259" /><E67/><V14/><F74/><W65/><G38/><T87/><D91/><N who="1" m="34859" /><E96/><V25/><F39/><W66/><G28/><T44/><REACH who="0" step="1"/><D47/><REACH who="0" ten="240,250,250,250" step="2"/><U63/><E63/><V118/><F45/><W23/><G124/><T32/><D32/><U119/><E119/><V1/><F118/><W112/><G112/><T97/><D97/><U107/><E107/><V106/><F106/><W133/><G123/><T20/><D20/><N who="1" m="13575" /><E27/><AGARI ba="0,1" hai="5,9,13,27,30,35,43,44,50,77,80,87,132,134" machi="27" ten="40,7700,0" yaku="1,1,25,2,53,0" doraHai="121" doraHaiUra="18" who="0" fromWho="1" sc="240,87,250,-77,250,0,250,0" /><INIT seed="0,1,0,0,4,65" ten="327,173,250,250" oya="0" hai0="97,107,7,125,29,52,134,102,64,131,16,82,95" hai1="39,78,74,96,132,93,34,120,35,108,106,71,19" hai2="9,119,37,92,61,135,6,114,77,0,46,84,116" hai3="8,23,33,20,32,103,54,10,99,73,98,26,15"/><T79/><D29/><U130/><RYUUKYOKU type="yao9" ba="1,0" sc="327,0,173,0,250,0,250,0" hai1="19,34,35,39,71,74,78,93,96,106,108,120,130,132" /><INIT seed="0,2,0,4,3,103" ten="327,173,250,250" oya="0" hai0="90,114,28,85,129,93,77,135,121,94,18,2,16" hai1="10,34,47,20,86,81,120,87,110,9,5,54,42" hai2="44,45,108,124,64,82,56,39,79,95,98,29,126" hai3="66,131,99,50,22,57,24,101,60,55,13,58,134"/><T96/><D2/><U52/><E34/><V14/><F108/><W6/><G134/><T97/><D121/><U25/><E120/><V31/><F14/><W17/><G131/><T40/><D114/><U70/><E70/><V69/><F69/><W73/><G73/><T112/><D112/><U128/><E128/><V80/><F56/><W11/><G101/><T92/><D129/><U63/><E86/><V62/><F62/><W132/><G132/><T111/><D135/><U83/><E81/><V12/><F12/><W91/><G91/><T15/><D28/><U36/><E110/><V26/><F64/><W30/><REACH who="3" step="1"/><G99/><REACH who="3" ten="327,173,250,240" step="2"/><T84/><D111/><U104/><E104/><V75/><F75/><W122/><G122/><T46/><D97/><U19/><E63/><V1/><F98/><W78/><G78/><T102/><D77/><U133/><E133/><V35/><F79/><W74/><G74/><T115/><D115/><U116/><E116/><V105/><F105/><W125/><G125/><T123/><D123/><U127/><E127/><V113/><F124/><W61/><G61/><T4/><D85/><U41/><E87/><V3/><F113/><W38/><G38/><T48/><D93/><U72/><E72/><V117/><F95/><W59/><G59/><T106/><REACH who="0" step="1"/><D92/><REACH who="0" ten="317,173,250,240" step="2"/><U21/><E83/><V49/><F82/><W107/><G107/><T32/><D32/><U68/><E68/><V51/><F80/><W33/><G33/><T71/><D71/><U89/><E36/><V27/><F39/><W88/><G88/><T118/><D118/><U23/><E89/><RYUUKYOKU ba="2,2" sc="317,15,173,-15,250,-15,240,15" hai0="4,15,16,18,40,46,48,84,90,94,96,102,106" hai3="6,11,13,17,22,24,30,50,55,57,58,60,66" /><INIT seed="0,3,2,3,2,58" ten="332,158,235,255" oya="0" hai0="71,73,126,102,94,48,14,105,133,124,40,16,6" hai1="34,69,107,4,77,78,120,64,82,99,103,5,113" hai2="33,112,88,45,75,56,28,36,119,100,134,3,91" hai3="89,7,32,62,26,54,50,92,35,123,125,81,131"/><T101/><D105/><U87/><E120/><V2/><F112/><W83/><G123/><T118/><D118/><U74/><E113/><V25/><F75/><W11/><G125/><N who="0" m="48235" /><D73/><U111/><E111/><V22/><F33/><W18/><G131/><T39/><D39/><U41/><E41/><V104/><F119/><W84/><G35/><T72/><D72/><U52/><E34/><V68/><F68/><W12/><G32/><T117/><D117/><U20/><E78/><V19/><F104/><W90/><G90/><N who="2" m="34345" /><F2/><W115/><G115/><T21/><D71/><U49/><E74/><V79/><F3/><W130/><G130/><T1/><D133/><U8/><E8/><V38/><F38/><W70/><G70/><T55/><D40/><U67/><E20/><V15/><F36/><W93/><G93/><T31/><D31/><U63/><REACH who="1" step="1"/><E67/><REACH who="1" ten="332,148,235,255" step="2"/><V127/><F127/><W9/><G9/><N who="0" m="2255" /><D94/><U121/><E121/><V85/><F134/><W42/><G42/><T0/><D0/><U47/><AGARI ba="3,3" hai="4,5,47,49,52,63,64,69,77,82,87,99,103,107" machi="47" ten="20,8000,1" yaku="1,1,0,1,7,1,52,1,54,1,53,0" doraHai="58" doraHaiUra="135" who="1" fromWho="1" sc="332,-43,148,119,235,-23,255,-23" /><INIT seed="1,0,0,0,5,7" ten="289,267,212,232" oya="1" hai0="124,72,129,100,29,117,40,36,13,38,50,4,131" hai1="68,67,19,115,91,22,65,6,125,0,71,26,102" hai2="45,107,113,28,16,77,103,52,54,95,58,47,60" hai3="128,37,8,98,119,62,2,21,110,74,81,75,18"/><U12/><E115/><V96/><F107/><W116/><G110/><T3/><D117/><N who="3" m="45129" /><G37/><T46/><D124/><U25/><E125/><V33/><F113/><W122/><G122/><T120/><D120/><U87/><E102/><V56/><F77/><W73/><G98/><T1/><D13/><U76/><E76/><V27/><REACH who="2" step="1"/><F16/><REACH who="2" ten="289,267,202,232" step="2"/><W84/><G128/><T101/><D131/><U59/><E19/><V111/><F111/><W133/><G133/><T31/><D129/><U17/><E17/><V88/><F88/><N who="3" m="51215" /><G62/><AGARI ba="0,1" hai="27,28,33,45,47,52,54,56,58,60,62,95,96,103" machi="62" ten="30,7700,0" yaku="1,1,7,1,9,1,54,1,53,0" doraHai="7" doraHaiUra="130" who="2" fromWho="3" sc="289,0,267,0,202,87,232,-77" /><INIT seed="2,0,0,0,0,76" ten="289,267,289,155" oya="2" hai0="9,32,64,116,115,33,122,125,105,88,55,61,87" hai1="3,25,60,98,134,22,130,40,127,56,66,51,78" hai2="67,92,131,31,30,27,2,112,123,126,71,43,11" hai3="99,102,114,85,18,111,8,74,50,81,69,5,21"/><V97/><F123/><W117/><G117/><T100/><D115/><U15/><E3/><V39/><F112/><W62/><G114/><T46/><D122/><U34/><E134/><V84/><F126/><W104/><G111/><T26/><D125/><U36/><E36/><V95/><F131/><W103/><G103/><T77/><D77/><U23/><E34/><V57/><F71/><W80/><G50/><T65/><D116/><U0/><E0/><V79/><F2/><W37/><G37/><T121/><D121/><U133/><E133/><V45/><F11/><W49/><G49/><T17/><D65/><U101/><E130/><V52/><F67/><W59/><G69/><T96/><D55/><U90/><E78/><V128/><F128/><W41/><G41/><T10/><D46/><U118/><E90/><V120/><F120/><W7/><G74/><T16/><D33/><U13/><E23/><V107/><F107/><W68/><G68/><T109/><D109/><U12/><E118/><V38/><F38/><W72/><G72/><T1/><D1/><U54/><E40/><V42/><F45/><W6/><G85/><T29/><D9/><U119/><E119/><V86/><F39/><W129/><G8/><T24/><D24/><U89/><E89/><N who="2" m="53303" /><F27/><W108/><G108/><T124/><D10/><U106/><E127/><V4/><F4/><W132/><G132/><T63/><D63/><U44/><E15/><V14/><F14/><N who="3" m="9431" /><G129/><T83/><D124/><U73/><E73/><V20/><F43/><W113/><G113/><T47/><D47/><U58/><E44/><RYUUKYOKU ba="0,0" sc="289,10,267,10,289,-30,155,10" hai0="16,17,26,29,32,61,64,83,87,88,96,100,105" hai1="12,13,22,25,51,54,56,58,60,66,98,101,106" hai3="5,6,7,59,62,80,81,99,102,104" /><INIT seed="3,1,0,1,0,63" ten="299,277,259,165" oya="3" hai0="14,41,32,92,107,77,115,13,56,132,87,74,124" hai1="43,15,28,46,114,80,38,83,2,23,82,65,117" hai2="105,30,129,52,51,44,91,99,121,103,95,123,76" hai3="122,11,118,116,25,7,93,33,98,111,26,55,18"/><W130/><G122/><T133/><D32/><U0/><E114/><V50/><F129/><W96/><G130/><T53/><D107/><U112/><E112/><V21/><F76/><W59/><G111/><T22/><D115/><U9/><E117/><V16/><F30/><W102/><G98/><T69/><D69/><U128/><E128/><V88/><F51/><W106/><G106/><T125/><D41/><U42/><E43/><V24/><F105/><W36/><G36/><T40/><D40/><U54/><E54/><V6/><F6/><W78/><G78/><T19/><D74/><U57/><E23/><V86/><F86/><W67/><G26/><T58/><D14/><U31/><E2/><V101/><F101/><W8/><G11/><T48/><D58/><U12/><E15/><V49/><F49/><W68/><G68/><T73/><D73/><U89/><E89/><V70/><F70/><W131/><G131/><T34/><D34/><U120/><E0/><V119/><F119/><W110/><G110/><T72/><D72/><U10/><E120/><AGARI ba="1,0" hai="16,21,24,44,50,52,88,91,95,99,103,120,121,123" machi="120" ten="40,8000,1" yaku="13,1,54,3" doraHai="63" who="2" fromWho="1" sc="299,0,277,-83,259,83,165,0" owari="299,10.0,194,-21.0,342,44.0,165,-33.0" /></mjloggm>