<mjloggm ver="2.3"><GO type="97" lobby="0"/><UN n0="%E3%82%A6%E3%83%AB%E3%83%88%E3%83%A9%E7%AB%8B%E7%9B%B4" n1="%E9%A8%8E%E5%A3%AB" n2="%31%E6%9C%88%31%31%E6%97%A5" n3="%E6%99%82%E3%81%AE%E6%B2%B3" dan="15,13,16,14" rate="2012.78,1858.37,2069.48,1910.58" sx="M,M,M,M"/><TAIKYOKU oya="0"/><INIT seed="0,0,0,5,4,40" ten="250,250,250,250" oya="0" hai0="94,125,69,73,92,115,111,50,97,5,49,27,79" hai1="118,14,123,128,135,39,17,80,46,106,101,130,84" hai2="60,83,120,28,2,21,43,82,36,10,105,23,81" hai3="26,132,95,25,44,98,89,20,76,41,104,31,103"/><T53/><D115/><U47/><E123/><V15/><F105/><W58/><G132/><T93/><D69/><U77/><E39/><V72/><F120/><W57/><G76/><T86/><D73/><U122/><E122/><V32/><F60/><W126/><G126/><T99/><D125/><U71/><E71/><V22/><F72/><W65/><G31/><T119/><D119/><U61/><E61/><V64/><F64/><W3/><G3/><T11/><D50/><U45/><E118/><V9/><F2/><W109/><G109/><T70/><D27/><U42/><E42/><V88/><F32/><W78/><G78/><T62/><D62/><U87/><E135/><V1/><F1/><W90/><G65/><T66/><D66/><U33/><E33/><V110/><F110/><W108/><G108/><T74/><D74/><U55/><E101/><V96/><F28/><N who="3" m="17447" /><G26/><T54/><D70/><U34/><E34/><V124/><F124/><W8/><G8/><T16/><D5/><U133/><E106/><V91/><F96/><W24/><G24/><T63/><D111/><U75/><E55/><V18/><REACH who="2" step="1"/><F9/><REACH who="2" ten="250,250,240,250" step="2"/><W35/><G35/><T134/><D134/><U117/><E117/><V6/><F6/><W37/><G104/><T116/><D116/><U0/><E0/><V102/><F102/><W19/><G103/><T4/><D4/><U129/><E133/><V121/><F121/><W38/><G98/><T127/><D127/><U100/><E100/><V113/><F113/><W52/><G38/><T107/><D99/><U67/><E67/><V51/><F51/><RYUUKYOKU ba="0,1" sc="250,-15,250,15,240,15,250,-15" hai1="14,17,45,46,47,75,77,80,84,87,128,129,130" hai2="10,15,18,21,22,23,36,43,81,82,83,88,91" /><INIT seed="1,1,1,1,2,27" ten="235,265,255,235" oya="1" hai0="91,64,113,73,40,121,114,35,67,48,84,66,92" hai1="7,80,41,0,135,106,9,45,74,18,5,17,115" hai2="87,76,1,63,104,110,11,71,30,23,123,107,111" hai3="70,122,117,43,62,22,21,37,6,16,36,96,46"/><U93/><E106/><V2/><F123/><W14/><G122/><T124/><D73/><U61/><E7/><V69/><F76/><W83/><G117/><T133/><D121/><U12/><E115/><V103/><F87/><W132/><G132/><T97/><D35/><U57/><E135/><V47/><F47/><W101/><G37/><T38/><D38/><U19/><E0/><V102/><F23/><W131/><G131/><T86/><D133/><U100/><E93/><V105/><F11/><W72/><G6/><T65/><N who="0" m="16384" /><DORA hai="53" /><T49/><D124/><U68/><E68/><N who="2" m="26187" /><F30/><W126/><G126/><T44/><D49/><U56/><E61/><V13/><F13/><W51/><G70/><T78/><D78/><U119/><E100/><N who="2" m="38443" /><F63/><W127/><G62/><T99/><REACH who="0" step="1"/><D86/><REACH who="0" ten="225,265,255,235" step="2"/><U10/><E119/><V128/><F128/><W29/><G127/><T58/><D58/><U129/><E129/><V25/><F107/><W31/><G36/><T120/><D120/><U82/><E74/><V116/><F105/><W89/><G72/><T134/><D134/><U52/><E10/><V32/><F104/><W75/><G22/><T95/><D95/><U108/><E41/><V60/><F116/><W79/><REACH who="3" step="1"/><G89/><REACH who="3" ten="225,265,255,225" step="2"/><T59/><D59/><N who="1" m="22603" /><E108/><V28/><F60/><W90/><G90/><T130/><D130/><U33/><E33/><V112/><F111/><W85/><G85/><T42/><D42/><U39/><E39/><V88/><F110/><W8/><G8/><T3/><D3/><N who="2" m="1034" /><F88/><W26/><G26/><T81/><D81/><U50/><AGARI ba="1,3" hai="5,9,12,17,18,19,45,50,52,80,82" m="22603" machi="50" ten="30,12000,1" yaku="8,1,52,3,54,1" doraHai="27,53" who="1" fromWho="1" sc="225,-41,265,153,255,-41,225,-41" /><INIT seed="1,2,0,5,4,74" ten="184,418,214,184" oya="1" hai0="112,131,104,109,62,105,128,92,36,57,119,102,77" hai1="49,91,81,1,75,21,90,121,9,53,125,86,83" hai2="78,71,58,97,129,82,120,127,63,68,29,41,2" hai3="66,13,23,70,30,16,37,88,93,10,52,17,98"/><U0/><E121/><V15/><F120/><W56/><G37/><T73/><D36/><U85/><E75/><V67/><F2/><W14/><G66/><T24/><D119/><U20/><E125/><V5/><F127/><W38/><G70/><T101/><D24/><U96/><E96/><V8/><F129/><N who="0" m="49738" /><D112/><U35/><E35/><V44/><F29/><W100/><G38/><T33/><D33/><U27/><E21/><V110/><F97/><W22/><G30/><T79/><D73/><U4/><E9/><V12/><F12/><W42/><G42/><T116/><D116/><U95/><E95/><V69/><F110/><W50/><G10/><T118/><D118/><U65/><E4/><V72/><REACH who="2" step="1"/><F71/><REACH who="2" ten="184,418,204,184" step="2"/><W25/><REACH who="3" step="1"/><G25/><REACH who="3" ten="184,418,204,174" step="2"/><T11/><D109/><U59/><REACH who="1" step="1"/><E65/><REACH who="1" ten="184,408,204,174" step="2"/><V114/><F114/><W130/><G130/><T47/><D11/><U89/><E89/><AGARI ba="2,3" hai="13,14,16,17,22,23,50,52,56,88,89,93,98,100" machi="89" ten="40,16000,3" yaku="1,1,9,1,8,1,54,3,53,2" doraHai="74" doraHaiUra="87" who="3" fromWho="1" sc="184,0,408,-166,204,0,174,196" /><INIT seed="2,0,0,3,2,36" ten="184,242,204,370" oya="2" hai0="80,0,129,4,66,58,8,42,113,72,20,11,91" hai1="116,62,50,134,49,7,18,45,35,61,51,126,5" hai2="114,19,125,111,29,24,123,82,75,68,87,98,74" hai3="103,70,118,28,44,26,31,40,94,1,77,71,108"/><V30/><F123/><W133/><G118/><T47/><D113/><U56/><E35/><V124/><F114/><W38/><G1/><T105/><D105/><U92/><E116/><V52/><F68/><W135/><G108/><T13/><D20/><U81/><E81/><V128/><F98/><N who="3" m="59863" /><G77/><T3/><D129/><U32/><E32/><V119/><F119/><W21/><G31/><T88/><D3/><U127/><E134/><AGARI ba="0,0" hai="21,26,28,38,40,44,70,71,133,134,135" m="59863" machi="134" ten="30,2000,0" yaku="20,1,52,1" doraHai="36" who="3" fromWho="1" sc="184,0,242,-20,204,0,370,20" /><INIT seed="3,0,0,2,1,95" ten="184,222,204,390" oya="3" hai0="135,44,66,110,5,115,0,38,125,129,53,55,74" hai1="33,76,99,19,46,71,93,133,94,31,104,134,35" hai2="28,117,100,92,116,65,112,78,101,130,24,51,106" hai3="27,77,32,56,59,22,127,102,18,40,131,79,21"/><W6/><G131/><T103/><D129/><U81/><E71/><V48/><F130/><W2/><G32/><T72/><D115/><U36/><E104/><V73/><F112/><W42/><G102/><T50/><D38/><U26/><E35/><V123/><F73/><W118/><G118/><T67/><D135/><N who="1" m="51723" /><E19/><V90/><F78/><W107/><G127/><T23/><D125/><U121/><E121/><V57/><F123/><W75/><G107/><T97/><D110/><U120/><E120/><V69/><F101/><W34/><G34/><T61/><D67/><U3/><E3/><V45/><F100/><W54/><G6/><T122/><D122/><U109/><E109/><V60/><F106/><W39/><G2/><T58/><D5/><U11/><E11/><V86/><F69/><W37/><G75/><T82/><D0/><U88/><E46/><V13/><F13/><W128/><G18/><T14/><D82/><U1/><E1/><V98/><F86/><W124/><G128/><T9/><D23/><U15/><E15/><V30/><F30/><W114/><G124/><T89/><D89/><U43/><E43/><V70/><F70/><W25/><G114/><T68/><D14/><U4/><E4/><V62/><F62/><W126/><G126/><T20/><D20/><U108/><E108/><V132/><F132/><W52/><AGARI ba="0,0" hai="21,22,25,27,37,39,40,42,52,54,56,59,77,79" machi="52" ten="25,9600,0" yaku="0,1,22,2,54,1" doraHai="95" who="3" fromWho="3" sc="184,-32,222,-32,204,-32,390,96" owari="152,-35.0,190,-1.0,172,-23.0,486,59.0" /></mjloggm>