<mjloggm ver="2.3"><GO type="97" lobby="0"/><UN n0="%E6%9C%A7%E8%BB%8A" n1="%E3%82%A6%E3%83%AB%E3%83%88%E3%83%A9%E7%AB%8B%E7%9B%B4" n2="%E3%83%AD%E3%83%90%E3%83%B3%E3%82%BD%E3%83%B3%32" n3="%4D%49%4B%4F%4A%59%41" dan="14,15,14,13" rate="1936.12,2017.13,1931.87,1860.06" sx="M,M,M,M"/><TAIKYOKU oya="0"/><INIT seed="0,0,0,1,2,103" ten="250,250,250,250" oya="0" hai0="101,10,108,88,107,95,87,118,119,22,126,9,55" hai1="100,71,70,21,57,129,124,16,73,134,131,110,26" hai2="3,38,1,59,84,46,35,105,11,72,128,15,54" hai3="91,64,42,6,20,78,31,47,123,102,89,104,117"/><T106/><D126/><U113/><E73/><V116/><F72/><W127/><G117/><T77/><D108/><U62/><E124/><V32/><F116/><W48/><G127/><T18/><D119/><U125/><E125/><V39/><F128/><N who="1" m="49225" /><E110/><V29/><F84/><W99/><G123/><T53/><D118/><U130/><E130/><V133/><F133/><W12/><G64/><T81/><D55/><N who="1" m="34111" /><E134/><V0/><F29/><W5/><G5/><T28/><D28/><U58/><E113/><V98/><F35/><W45/><G45/><T27/><D53/><U68/><E58/><V65/><F65/><W112/><G112/><T33/><D33/><U122/><E100/><V8/><F32/><W121/><G121/><AGARI ba="0,0" hai="16,21,26,68,70,71,121,122" m="34111,49225" machi="121" ten="40,2600,0" yaku="19,1,54,1" doraHai="103" who="1" fromWho="3" sc="250,0,250,26,250,0,250,-26" /><INIT seed="1,0,0,4,0,97" ten="250,276,250,224" oya="1" hai0="33,31,59,23,4,28,9,65,103,10,83,60,47" hai1="90,22,112,80,12,64,8,69,130,62,7,116,67" hai2="50,123,100,34,106,55,73,29,75,91,72,108,95" hai3="115,3,57,71,38,132,119,105,1,18,86,41,5"/><U88/><E116/><V127/><F123/><W25/><G115/><T46/><D33/><U27/><E112/><V58/><F127/><W48/><G119/><T61/><D103/><U26/><E130/><V76/><F108/><W66/><G132/><T32/><D32/><U101/><E67/><V85/><F29/><W84/><G105/><T102/><D102/><U39/><E39/><V121/><F34/><W16/><G5/><T14/><D83/><U117/><E117/><V6/><F6/><W45/><G25/><T35/><D35/><U36/><E36/><V11/><F11/><W63/><G84/><T124/><D124/><U87/><E101/><V44/><F121/><W118/><G86/><T17/><D10/><U42/><E42/><V20/><F20/><W114/><G118/><T131/><D131/><U70/><E70/><V135/><F135/><W68/><G114/><T78/><D78/><U133/><E133/><V120/><F120/><W110/><G110/><T19/><D19/><N who="3" m="7209" /><G71/><T99/><D99/><U113/><E113/><V77/><REACH who="2" step="1"/><F44/><REACH who="2" ten="250,276,240,224" step="2"/><W54/><AGARI ba="0,1" hai="1,3,38,41,45,48,54,57,63,66,68" m="7209" machi="54" ten="30,2000,0" yaku="24,1,54,1" doraHai="97" who="3" fromWho="3" sc="250,-5,276,-10,240,-5,224,30" /><INIT seed="2,0,0,2,4,82" ten="245,266,235,254" oya="2" hai0="121,39,112,28,76,79,91,2,27,90,47,118,43" hai1="54,69,15,0,1,126,41,135,125,95,129,93,50" hai2="68,25,100,86,87,83,71,59,131,70,14,75,102" hai3="38,94,101,108,122,7,96,74,6,110,98,21,44"/><V10/><F131/><W115/><G122/><T105/><D121/><U11/><E69/><V23/><F75/><W81/><G21/><T60/><D112/><U48/><E41/><V99/><F83/><W42/><G115/><T22/><D118/><U35/><E35/><V8/><F59/><W65/><G65/><T24/><D2/><U97/><E129/><V109/><F109/><W3/><G98/><T40/><D105/><U92/><E97/><V80/><F80/><W103/><G103/><T63/><D40/><U67/><E67/><V134/><F134/><W30/><G30/><T51/><D39/><U20/><E20/><V77/><F77/><N who="0" m="29770" /><D24/><U128/><E128/><V58/><F58/><W111/><G3/><T116/><D116/><U5/><E135/><V61/><F61/><AGARI ba="0,0" hai="22,27,28,43,47,51,60,61,63,90,91" m="29770" machi="61" ten="30,1000,0" yaku="8,1" doraHai="82" who="0" fromWho="2" sc="245,10,266,0,235,-10,254,0" /><INIT seed="3,0,0,3,5,112" ten="255,266,225,254" oya="3" hai0="105,129,70,86,89,111,72,63,44,116,24,125,113" hai1="62,51,13,114,90,81,19,76,50,73,107,1,7" hai2="123,66,36,23,122,46,26,48,121,67,83,102,53" hai3="6,33,55,94,57,92,108,30,43,12,61,59,80"/><W133/><G133/><T135/><RYUUKYOKU type="yao9" ba="0,0" sc="255,0,266,0,225,0,254,0" hai0="24,44,63,70,72,86,89,105,111,113,116,125,129,135" /><INIT seed="3,1,0,3,3,112" ten="255,266,225,254" oya="3" hai0="118,41,93,78,61,70,34,100,9,66,39,117,72" hai1="69,11,115,94,36,116,40,89,49,44,58,124,119" hai2="95,108,122,128,17,131,12,111,33,51,37,92,120" hai3="75,38,91,88,126,1,3,31,4,63,133,29,81"/><W106/><G106/><T67/><D67/><U48/><E115/><V47/><F33/><W96/><G38/><T21/><D34/><U64/><E124/><V84/><F37/><W104/><G126/><T50/><D39/><U26/><E26/><V0/><F0/><W28/><G133/><T16/><D9/><U73/><E73/><V132/><F84/><W121/><G121/><N who="2" m="46697" /><F95/><W76/><G4/><T22/><D22/><U98/><E11/><N who="2" m="6303" /><F92/><W86/><G63/><T80/><D41/><U53/><E49/><V62/><F62/><AGARI ba="1,0" hai="36,40,44,48,53,58,62,64,69,89,94,98,116,119" machi="62" ten="40,8000,1" yaku="24,2,52,2" doraHai="112" who="1" fromWho="2" sc="255,0,266,83,225,-83,254,0" owari="255,6.0,349,45.0,142,-36.0,254,-15.0" /></mjloggm>