<mjloggm ver="2.3"><GO type="97" lobby="0"/><UN n0="%E3%82%A6%E3%83%AB%E3%83%88%E3%83%A9%E7%AB%8B%E7%9B%B4" n1="%E9%80%A3%E5%8B%9D%E3%81%8A%E3%81%AA%E3%81%8B" n2="%4F%7A%61%6B%69%5F%4B%54" n3="%E6%B8%85%E9%A2%A8%E3%80%82" dan="15,13,14,14" rate="1987.36,1886.15,1987.78,1939.75" sx="M,F,F,M"/><TAIKYOKU oya="0"/><INIT seed="0,0,0,0,1,87" ten="250,250,250,250" oya="0" hai0="111,107,26,115,7,27,81,4,133,50,62,98,21" hai1="129,39,74,119,75,83,63,48,118,56,109,36,79" hai2="86,93,114,65,24,72,95,55,3,59,125,32,20" hai3="22,16,76,130,9,96,33,52,99,91,41,101,57"/><T88/><D115/><U108/><E129/><V121/><F3/><W92/><G130/><T73/><D133/><U61/><E48/><V69/><F72/><W14/><G33/><T34/><D34/><U113/><E113/><V18/><F114/><W11/><G41/><T2/><D2/><U104/><E104/><V8/><F121/><W117/><G76/><T30/><D107/><U23/><E23/><V44/><F44/><W40/><G40/><T120/><D73/><N who="1" m="27659" /><E56/><V78/><F65/><W54/><G54/><T70/><D120/><U85/><E85/><V127/><F32/><W17/><G117/><N who="1" m="44554" /><E83/><N who="2" m="47479" /><F8/><W67/><G67/><T47/><D70/><U100/><E100/><V123/><F69/><W126/><G126/><N who="2" m="48137" /><F123/><W128/><G128/><T110/><D62/><AGARI ba="0,0" hai="18,20,24,55,59,62,93,95" m="48137,47479" machi="62" ten="30,1000,0" yaku="18,1" doraHai="87" who="2" fromWho="0" sc="250,-10,250,0,250,10,250,0" /><INIT seed="1,0,0,3,4,46" ten="240,250,260,250" oya="1" hai0="101,116,90,53,130,3,133,107,29,0,64,117,1" hai1="60,80,9,28,120,103,104,15,79,37,88,41,84" hai2="82,7,118,66,19,11,67,40,31,135,43,57,128" hai3="100,55,21,89,24,114,49,16,6,86,50,123,69"/><U18/><E120/><V14/><F118/><W87/><G123/><T36/><D36/><U78/><E28/><V59/><F128/><W125/><G114/><T113/><D113/><U27/><E27/><V35/><F35/><W4/><G125/><T8/><D130/><U97/><REACH who="1" step="1"/><E60/><REACH who="1" ten="240,240,260,250" step="2"/><V112/><F31/><W124/><G124/><T77/><D29/><U32/><E32/><V81/><F112/><W13/><G69/><T102/><D117/><U109/><E109/><V23/><F135/><W74/><G74/><T110/><D116/><U83/><E83/><V91/><F82/><W105/><G105/><T25/><D110/><U63/><E63/><V54/><F81/><W56/><G100/><T51/><D133/><U10/><E10/><V34/><F91/><W75/><G75/><T85/><D8/><U30/><E30/><V96/><F34/><W108/><G108/><T39/><D25/><U47/><AGARI ba="0,1" hai="9,15,18,37,41,47,78,79,80,84,88,97,103,104" machi="47" ten="30,6000,0" yaku="1,1,0,1,54,1,53,0" doraHai="46" doraHaiUra="33" who="1" fromWho="1" sc="240,-20,240,70,260,-20,250,-20" /><INIT seed="1,1,0,4,3,55" ten="220,310,240,230" oya="1" hai0="128,21,93,0,7,86,77,14,70,13,134,123,68" hai1="130,102,33,34,89,1,121,49,131,91,4,76,88" hai2="3,82,117,60,56,57,120,71,78,63,74,87,12" hai3="53,65,45,40,122,98,106,69,32,103,19,67,52"/><U73/><E121/><V42/><F120/><W47/><G122/><T11/><D123/><RYUUKYOKU type="kaze4" ba="1,0" sc="220,0,310,0,240,0,230,0" /><INIT seed="1,2,0,1,0,122" ten="220,310,240,230" oya="1" hai0="22,51,84,48,97,115,0,47,124,68,113,102,66" hai1="86,133,106,83,52,94,12,91,13,116,56,80,76" hai2="130,6,92,26,73,5,134,64,78,59,107,70,45" hai3="7,50,21,14,111,117,46,58,127,15,90,128,118"/><U96/><E116/><V36/><F107/><W121/><G121/><T87/><D0/><U72/><E133/><V131/><F70/><W63/><G128/><N who="2" m="49193" /><F78/><W57/><G127/><T39/><D39/><U33/><E33/><V132/><F73/><W109/><G57/><T65/><D22/><U129/><E129/><V41/><F92/><W8/><G90/><T25/><D25/><U31/><E31/><V79/><F79/><W81/><G81/><T44/><D124/><U30/><E30/><V28/><F64/><N who="3" m="39031" /><G15/><T24/><D24/><U40/><E40/><V43/><F59/><W120/><G21/><T77/><D77/><U23/><E23/><N who="2" m="15455" /><F43/><N who="3" m="24927" /><G120/><T49/><D68/><U54/><E54/><V108/><F108/><AGARI ba="2,0" hai="7,8,14,108,109,111,117,118" m="24927,39031" machi="108" ten="30,7700,0" yaku="14,1,52,3" doraHai="122" who="3" fromWho="2" sc="220,0,310,0,240,-83,230,83" /><INIT seed="2,0,0,1,5,130" ten="220,310,157,313" oya="2" hai0="4,75,90,39,123,81,86,42,59,69,49,96,40" hai1="71,22,45,23,62,21,63,107,57,61,93,80,99" hai2="33,58,7,17,110,8,84,65,55,41,18,37,92" hai3="112,100,101,5,64,89,133,73,120,60,47,3,46"/><V54/><F33/><W111/><G120/><T29/><D69/><U94/><E71/><V88/><F110/><W14/><G3/><T11/><D39/><U27/><E27/><V116/><F116/><W30/><G73/><T10/><D75/><U31/><E31/><V35/><F35/><W66/><G111/><T95/><D123/><U121/><E121/><V72/><F72/><W53/><G112/><T77/><D29/><U98/><E80/><V115/><F115/><W129/><G30/><T1/><D1/><U34/><E34/><V82/><F65/><W68/><G129/><T20/><D20/><U104/><E45/><V134/><F134/><W70/><G14/><T56/><D11/><U87/><E87/><V97/><F41/><W26/><G5/><T0/><D0/><U32/><E57/><V102/><F37/><W28/><G89/><T113/><D113/><U2/><E2/><V51/><REACH who="2" step="1"/><F55/><REACH who="2" ten="220,310,147,313" step="2"/><W135/><G53/><T114/><D114/><U48/><E32/><V76/><F76/><W117/><G117/><T79/><D79/><U13/><E48/><V74/><F74/><W78/><G78/><T38/><D38/><U16/><E22/><V44/><F44/><W132/><G66/><T43/><D49/><U124/><E23/><V105/><F105/><W126/><G68/><T106/><D106/><U125/><E107/><V128/><F128/><W127/><G47/><T131/><D131/><U91/><E104/><V50/><F50/><W118/><G46/><T122/><D122/><U6/><E6/><V19/><F19/><W85/><G118/><RYUUKYOKU ba="0,1" sc="220,10,310,10,147,10,313,-30" hai0="4,10,40,42,43,56,59,77,81,86,90,95,96" hai1="13,16,21,61,62,63,91,93,94,98,99,124,125" hai2="7,8,17,18,51,54,58,82,84,88,92,97,102" /><INIT seed="2,1,1,4,5,10" ten="230,320,157,283" oya="2" hai0="69,60,77,13,53,2,121,135,70,54,110,126,26" hai1="34,99,78,94,50,107,11,112,73,118,74,87,66" hai2="25,42,31,3,45,24,100,116,71,38,1,114,129" hai3="23,80,68,55,83,125,84,4,29,51,101,106,124"/><V67/><F114/><W123/><G123/><T7/><D121/><U108/><E112/><V44/><F116/><W130/><G68/><N who="0" m="26219" /><D77/><U103/><E34/><V32/><F25/><W115/><G106/><T117/><D26/><U14/><E66/><V109/><F45/><W86/><G101/><T91/><D91/><U37/><E37/><V113/><F113/><W127/><G115/><T63/><D2/><U52/><E118/><V133/><F133/><W102/><G102/><T98/><D98/><U89/><E108/><V88/><F88/><W85/><G4/><T72/><D72/><U39/><E78/><V111/><F100/><W30/><G23/><T33/><D33/><U27/><E27/><V43/><F43/><W131/><G55/><N who="0" m="21003" /><D117/><U8/><E39/><V76/><F76/><W0/><G51/><T19/><D19/><U128/><E128/><N who="3" m="49194" /><G0/><T20/><D20/><U49/><E8/><V104/><F104/><W65/><G65/><T35/><D35/><U105/><E50/><V62/><F129/><W59/><G59/><T15/><D7/><U57/><E107/><V95/><F95/><W120/><G120/><T46/><D46/><U17/><AGARI ba="1,1" hai="11,14,17,49,52,57,73,74,87,89,94,99,103,105" machi="17" ten="20,5200,0" yaku="0,1,7,1,52,1,54,1" doraHai="10" who="1" fromWho="1" sc="230,-14,320,65,157,-27,283,-14" /><INIT seed="3,0,0,4,5,72" ten="216,385,130,269" oya="3" hai0="69,2,128,9,104,22,74,109,66,94,40,90,30" hai1="65,41,80,86,126,119,43,113,35,102,83,15,101" hai2="115,6,25,7,89,37,122,20,4,56,73,39,64" hai3="77,105,52,47,116,34,134,95,8,117,57,29,84"/><W60/><G105/><T49/><D104/><U106/><E35/><V0/><F122/><W87/><G34/><T121/><D121/><U21/><E113/><V28/><F115/><W32/><G32/><T88/><D66/><U91/><E126/><V12/><F0/><W97/><G29/><T82/><D69/><U18/><E119/><V75/><F89/><W36/><G36/><T127/><D90/><U70/><E106/><V1/><F1/><W59/><G47/><T81/><D81/><U125/><E125/><V85/><F85/><W63/><G134/><T133/><D49/><U51/><E65/><V46/><F75/><W131/><G131/><T54/><D54/><U10/><E70/><V67/><F73/><W38/><G38/><T79/><D40/><N who="1" m="15435" /><E83/><V24/><F46/><W68/><G68/><T14/><D127/><U16/><E51/><V114/><F114/><W17/><G117/><T44/><D44/><U111/><E111/><V100/><F100/><W48/><G116/><T71/><D71/><U33/><E33/><V53/><F39/><W129/><G129/><T99/><D128/><U61/><E61/><N who="3" m="23626" /><G57/><T31/><D109/><U76/><E76/><V62/><F37/><W13/><G77/><T26/><D133/><U55/><E55/><V103/><F103/><AGARI ba="0,0" hai="8,13,17,48,52,59,84,87,95,97,103" m="23626" machi="103" ten="30,2900,0" yaku="8,1,54,1" doraHai="72" who="3" fromWho="2" sc="216,0,385,0,130,-29,269,29" /><INIT seed="3,1,0,5,3,2" ten="216,385,101,298" oya="3" hai0="104,76,87,13,79,113,21,42,53,10,108,120,48" hai1="98,74,131,44,116,125,1,84,43,6,75,129,16" hai2="85,37,97,111,118,18,23,88,126,55,127,62,80" hai3="71,5,121,54,3,135,11,117,50,68,41,0,72"/><W100/><G72/><T93/><D104/><U92/><E125/><V106/><F118/><W35/><G35/><T45/><D108/><U83/><E116/><V77/><F37/><W128/><G0/><T64/><D120/><U19/><E6/><V20/><F111/><W107/><G107/><T101/><D113/><U28/><E28/><V12/><F126/><W52/><G100/><T24/><D64/><U133/><E1/><V103/><F127/><W96/><G96/><T94/><D53/><U91/><E133/><V95/><F62/><W66/><G66/><T123/><D123/><U130/><E75/><V33/><F33/><W47/><G121/><T114/><D114/><U102/><E74/><V31/><F106/><W30/><G30/><T40/><D40/><U29/><REACH who="1" step="1"/><E29/><REACH who="1" ten="216,375,101,298" step="2"/><V81/><F31/><W51/><G117/><T132/><D132/><U38/><AGARI ba="1,1" hai="16,19,38,43,44,83,84,91,92,98,102,129,130,131" machi="38" ten="30,8000,1" yaku="1,1,2,1,0,1,19,1,54,1,53,0" doraHai="2" doraHaiUra="8" who="1" fromWho="1" sc="216,-21,375,93,101,-21,298,-41" owari="195,-20.0,468,56.0,80,-42.0,257,6.0" /></mjloggm>