<mjloggm ver="2.3"><GO type="41" lobby="0"/><UN n0="%E3%81%93%E3%83%BC%E3%81%9F%E3%82%93" n1="%E3%82%A6%E3%83%AB%E3%83%88%E3%83%A9%E7%AB%8B%E7%9B%B4" n2="%47%4C%49%4E%45" n3="%E3%81%BE%E3%83%BC%E3%81%BC%E3%81%86" dan="13,16,13,15" rate="1901.01,2013.77,1851.73,1928.50" sx="M,M,M,M"/><TAIKYOKU oya="0"/><INIT seed="0,0,0,1,3,113" ten="250,250,250,250" oya="0" hai0="119,65,4,31,130,52,124,55,78,109,70,89,15" hai1="57,76,108,54,115,28,17,68,46,72,3,104,132" hai2="35,131,91,30,8,110,12,47,25,39,118,34,84" hai3="18,33,6,37,69,5,50,95,1,117,94,135,29"/><T112/><D112/><U80/><E115/><V41/><F110/><W88/><G69/><T38/><D38/><U71/><E104/><V96/><F131/><W2/><G37/><T67/><D130/><U7/><E132/><V60/><F118/><W36/><G36/><T56/><D119/><U126/><E126/><V23/><F60/><W127/><G127/><T101/><D124/><U10/><E108/><V49/><F96/><W22/><G135/><T64/><D70/><U85/><E28/><V129/><F39/><W114/><G95/><T43/><D43/><U59/><E46/><V128/><F128/><W32/><G50/><T61/><D109/><U123/><E123/><V82/><REACH who="2" step="1"/><F129/><REACH who="2" ten="250,250,240,250" step="2"/><W62/><G62/><T98/><D101/><U103/><E103/><V21/><F21/><W83/><G22/><T0/><D0/><U74/><E71/><V87/><F87/><W90/><G117/><T81/><D98/><U134/><E68/><V20/><F20/><W122/><G2/><T27/><D31/><U86/><E134/><V26/><F26/><W100/><G1/><T45/><D27/><U66/><E86/><V79/><F79/><W97/><G29/><T121/><D121/><U125/><E125/><V77/><F77/><W9/><G122/><T133/><D133/><U44/><E85/><V11/><F11/><W42/><G9/><N who="0" m="4519" /><D78/><U99/><E99/><V24/><F24/><W92/><G97/><T105/><D105/><U58/><E76/><V93/><F93/><W40/><G94/><T19/><D81/><U120/><E80/><V106/><F106/><RYUUKYOKU ba="0,1" sc="250,-10,250,-10,240,30,250,-10" hai2="8,12,23,25,30,34,35,41,47,49,82,84,91" /><INIT seed="1,1,1,0,2,6" ten="240,240,270,240" oya="1" hai0="35,26,95,31,124,129,108,75,64,115,97,41,5" hai1="61,40,100,79,20,85,27,118,132,32,80,25,51" hai2="58,57,98,83,114,91,77,21,12,92,112,101,38" hai3="87,63,123,103,113,14,44,62,130,4,17,0,24"/><U36/><E36/><V10/><F38/><W96/><G113/><T133/><D115/><U33/><E118/><V56/><F21/><W29/><G123/><T52/><D75/><U15/><E132/><V86/><REACH who="2" step="1"/><F101/><REACH who="2" ten="240,240,260,240" step="2"/><W1/><G103/><T30/><D133/><U73/><E100/><V66/><F66/><W28/><G130/><T76/><D64/><U71/><E33/><V104/><F104/><W34/><G34/><T46/><D129/><U88/><E32/><V134/><F134/><W59/><G29/><T50/><D31/><U22/><E22/><V37/><F37/><W65/><G28/><T9/><D108/><U16/><E71/><V121/><F121/><W47/><G65/><T125/><D41/><U2/><E2/><V11/><F11/><W93/><G1/><T109/><D109/><U48/><E61/><V74/><F74/><W69/><G0/><T39/><D39/><U119/><E119/><V116/><F116/><W3/><G3/><T8/><D5/><AGARI ba="1,2" hai="5,10,12,56,57,58,77,83,86,91,92,98,112,114" machi="5" ten="40,5200,0" yaku="1,1,52,1,53,1" doraHai="6" doraHaiUra="81" who="2" fromWho="0" sc="240,-55,240,0,260,75,240,0" /><INIT seed="2,0,0,3,2,17" ten="185,240,335,240" oya="2" hai0="37,44,106,124,28,63,98,55,21,109,69,77,31" hai1="76,95,75,54,108,47,41,103,20,58,118,52,87" hai2="72,131,11,14,26,61,59,107,93,128,134,56,123" hai3="113,46,2,126,127,43,135,29,111,62,117,121,24"/><V67/><F123/><W33/><G62/><T30/><D109/><U120/><E118/><V49/><F72/><W51/><G121/><T83/><D124/><N who="3" m="47657" /><G117/><T3/><D3/><U114/><E114/><V97/><F107/><W66/><G2/><T96/><D37/><U133/><E108/><V50/><F134/><W9/><G111/><T85/><D69/><U116/><E133/><V40/><F26/><W13/><G135/><T105/><D105/><U38/><E75/><V48/><F40/><W79/><G66/><T25/><D106/><U5/><E5/><V82/><F82/><W99/><G99/><T15/><D15/><U68/><E68/><V119/><F119/><W88/><G79/><T16/><D44/><U129/><E47/><V90/><REACH who="2" step="1"/><F59/><AGARI ba="0,0" hai="16,21,25,28,30,31,55,59,63,77,83,85,96,98" machi="59" ten="40,5200,0" yaku="8,1,52,1,54,1" doraHai="17" who="0" fromWho="2" sc="185,52,240,0,335,-52,240,0" /><INIT seed="3,0,0,4,1,57" ten="237,240,283,240" oya="3" hai0="81,90,61,69,42,86,44,68,76,72,126,9,7" hai1="2,128,113,21,25,53,88,67,109,100,130,38,8" hai2="36,24,84,108,74,71,106,63,117,95,14,98,122" hai3="94,33,97,50,104,40,46,39,87,102,127,55,125"/><W59/><REACH who="3" step="1"/><G33/><REACH who="3" ten="237,240,283,230" step="2"/><T35/><D35/><U1/><E113/><V22/><F122/><W37/><G37/><T82/><D126/><U119/><E38/><V118/><F36/><W31/><G31/><T93/><D82/><U132/><E119/><V70/><F118/><W89/><AGARI ba="0,1" hai="39,40,46,50,55,59,87,89,94,97,102,104,125,127" machi="89" ten="30,6000,0" yaku="21,2,0,1,53,0" doraHai="57" doraHaiUra="79" who="3" fromWho="3" sc="237,-20,240,-20,283,-20,230,70" /><INIT seed="3,1,0,0,4,112" ten="217,220,263,300" oya="3" hai0="122,50,102,0,14,7,19,64,1,83,113,92,94" hai1="30,61,100,82,33,73,69,115,74,32,16,87,65" hai2="108,25,123,29,17,8,36,31,15,93,23,78,130" hai3="40,79,66,22,98,105,47,80,60,99,84,56,126"/><W131/><G131/><T3/><D122/><U46/><E115/><V55/><F36/><W57/><G126/><T103/><D113/><U91/><E33/><V10/><F123/><W4/><G105/><T68/><D7/><U132/><E132/><V129/><F78/><W111/><G111/><T75/><D50/><U97/><E46/><V20/><F93/><W43/><G43/><T5/><D5/><U116/><E116/><V44/><F55/><W104/><G104/><T77/><D94/><U54/><E54/><V45/><F108/><W26/><G57/><T135/><D135/><U48/><E48/><V59/><F59/><W95/><G4/><T11/><REACH who="0" step="1"/><D92/><REACH who="0" ten="207,220,263,300" step="2"/><U118/><E74/><V96/><F96/><W51/><REACH who="3" step="1"/><G95/><REACH who="3" ten="207,220,263,290" step="2"/><T106/><D106/><U13/><E69/><V34/><F130/><W28/><AGARI ba="1,2" hai="22,26,28,40,47,51,56,60,66,79,80,84,98,99" machi="28" ten="20,18000,2" yaku="1,1,2,1,0,1,7,1,8,1,53,1" doraHai="112" doraHaiUra="27" who="3" fromWho="3" sc="207,-61,220,-61,263,-61,290,203" /><INIT seed="3,2,0,5,0,127" ten="146,159,202,493" oya="3" hai0="27,10,59,96,62,93,39,101,124,99,1,48,52" hai1="71,79,20,43,29,94,4,28,13,46,70,97,19" hai2="21,104,0,37,121,114,15,63,135,111,47,115,90" hai3="117,95,128,126,67,50,116,60,12,64,41,131,35"/><W58/><G35/><T102/><D39/><U86/><E70/><V14/><F104/><W34/><G34/><T89/><D124/><U73/><E71/><V36/><F90/><W49/><G12/><T85/><D27/><U51/><E73/><V88/><F88/><W61/><G95/><T123/><D123/><U98/><E98/><N who="0" m="37417" /><D1/><U40/><E40/><V24/><F63/><W113/><G126/><T103/><D10/><U66/><E66/><V84/><F84/><W6/><G6/><T74/><D74/><U77/><E4/><V81/><F81/><W23/><G23/><T65/><D48/><N who="3" m="18537" /><G41/><T26/><D26/><U3/><E3/><V57/><F121/><W122/><G122/><T18/><D18/><U87/><E87/><V76/><F21/><W92/><G92/><T68/><D68/><U132/><E86/><V78/><F24/><W54/><G113/><T106/><D106/><U11/><E77/><V42/><F135/><W83/><G83/><T9/><D9/><U109/><E132/><V38/><F0/><W69/><G54/><AGARI ba="2,0" hai="52,54,59,62,65,85,89,93,101,102,103" m="37417" machi="54" ten="30,2000,0" yaku="8,1,54,1" doraHai="127" who="0" fromWho="3" sc="146,26,159,0,202,0,493,-26" /><INIT seed="4,0,0,2,1,111" ten="172,159,202,467" oya="0" hai0="113,38,42,32,128,21,125,8,91,0,76,43,28" hai1="108,1,9,114,3,52,10,57,123,81,67,48,64" hai2="4,54,24,19,2,30,109,124,88,36,87,79,101" hai3="61,63,134,112,37,60,34,55,14,90,73,13,129"/><T98/><D128/><U92/><E108/><V99/><F109/><W5/><G73/><T103/><D125/><U47/><E123/><V74/><F124/><W83/><G37/><T58/><D76/><U118/><E118/><V95/><F36/><W53/><G34/><T121/><D121/><U80/><E92/><V49/><F19/><W11/><G129/><T130/><D130/><U68/><E68/><V35/><F4/><W126/><G126/><T59/><D32/><U102/><E102/><V51/><F2/><W27/><G27/><T105/><D91/><U44/><E57/><V75/><F51/><W17/><G134/><T71/><D71/><U94/><E94/><V65/><F65/><W132/><G132/><T22/><D38/><U46/><E46/><V31/><F31/><W62/><G62/><T70/><D70/><U110/><E48/><V82/><F79/><W66/><G66/><T16/><D28/><U41/><E110/><V84/><REACH who="2" step="1"/><F84/><REACH who="2" ten="172,159,192,467" step="2"/><W97/><G17/><T131/><D131/><U120/><E120/><V12/><F12/><W106/><G14/><N who="0" m="7239" /><D0/><U25/><E1/><V85/><F85/><W6/><G6/><T56/><D113/><U72/><E3/><V23/><F23/><W89/><G112/><T50/><D50/><U29/><E114/><V26/><F26/><W117/><G13/><T77/><D77/><U104/><E25/><V135/><F135/><W127/><G127/><T100/><D100/><U107/><E29/><V122/><F122/><W33/><G5/><T116/><D116/><U18/><E18/><V93/><F93/><RYUUKYOKU ba="0,1" sc="172,15,159,-15,192,15,467,-15" hai0="21,22,42,43,56,58,59,98,103,105" hai2="24,30,35,49,54,74,75,82,87,88,95,99,101" /><INIT seed="4,1,1,4,1,126" ten="187,144,207,452" oya="0" hai0="75,61,58,29,128,48,54,124,47,42,34,10,103" hai1="112,122,49,38,100,44,63,119,76,99,129,95,50" hai2="70,37,4,133,107,102,115,131,105,130,43,18,66" hai3="57,64,80,20,120,113,73,93,15,45,39,65,86"/><T101/><D75/><U53/><E122/><V36/><F18/><W83/><G120/><T60/><D124/><U46/><E119/><V2/><F133/><W62/><G113/><T25/><D128/><N who="2" m="49194" /><F115/><W17/><G73/><T121/><D121/><U118/><E118/><V5/><F102/><W94/><G65/><T69/><D69/><U19/><E38/><N who="2" m="14955" /><F43/><W27/><G83/><T55/><D10/><U110/><E112/><V132/><F132/><W51/><G39/><T114/><D114/><U24/><E129/><V40/><F40/><N who="3" m="24999" /><G27/><T56/><AGARI ba="1,1" hai="25,29,34,42,47,48,54,55,56,58,60,61,101,103" machi="56" ten="30,3000,0" yaku="0,1,9,1" doraHai="126" who="0" fromWho="0" sc="187,43,144,-11,207,-11,452,-11" /><INIT seed="4,2,0,2,4,47" ten="230,133,196,441" oya="0" hai0="77,131,22,20,80,85,7,118,87,91,98,94,119" hai1="123,99,83,93,114,84,26,53,120,18,97,61,133" hai2="19,132,95,14,106,69,78,124,103,96,43,42,58" hai3="55,38,126,29,32,72,31,112,127,21,54,60,49"/><T4/><D131/><U35/><E133/><V40/><F69/><W73/><G38/><T88/><D77/><U51/><E114/><V89/><F132/><W134/><G134/><T2/><D2/><U41/><E41/><V3/><F3/><W68/><G112/><T67/><D67/><U64/><E99/><V66/><F124/><N who="3" m="47659" /><G32/><T113/><D113/><U12/><E26/><V50/><F78/><W24/><G31/><T109/><D109/><U34/><E35/><V122/><F122/><W70/><G70/><T1/><D1/><U37/><E37/><V71/><F71/><W116/><G116/><T33/><D33/><U39/><E39/><V82/><F82/><W30/><G29/><T90/><D90/><U15/><E34/><V117/><F117/><W121/><G121/><T44/><D44/><U9/><E12/><V108/><F108/><W105/><G105/><T5/><REACH who="0" step="1"/><D98/><REACH who="0" ten="220,133,196,441" step="2"/><U25/><E123/><V102/><F66/><N who="3" m="41031" /><G55/><T129/><D129/><U111/><E120/><V75/><F75/><W0/><G0/><T27/><D27/><U101/><E25/><V63/><F106/><W100/><G100/><T104/><D104/><U59/><E111/><V13/><F103/><W74/><G74/><T23/><AGARI ba="2,1" hai="4,5,7,20,22,23,80,85,87,88,91,94,118,119" machi="23" ten="30,6000,0" yaku="1,1,0,1,54,1,53,0" doraHai="47" doraHaiUra="110" who="0" fromWho="0" sc="220,76,133,-22,196,-22,441,-22" /><INIT seed="4,3,0,2,3,61" ten="296,111,174,419" oya="0" hai0="43,63,38,126,27,94,30,20,46,96,36,66,7" hai1="16,40,102,95,64,32,24,56,86,93,10,57,21" hai2="132,124,83,52,105,111,72,41,89,23,65,135,34" hai3="79,87,33,58,8,108,26,47,90,5,53,120,134"/><T17/><D126/><U11/><E32/><V122/><F122/><W80/><G108/><T112/><D112/><U18/><E40/><V113/><F111/><W82/><G120/><T59/><D7/><U51/><E93/><V84/><F113/><W6/><G134/><N who="2" m="51241" /><F34/><W98/><G98/><T9/><D9/><U22/><E57/><V107/><F124/><W78/><G47/><T42/><D42/><U114/><E114/><V92/><F41/><W73/><G33/><T48/><REACH who="0" step="1"/><D17/><REACH who="0" ten="286,111,174,419" step="2"/><U0/><E10/><V118/><F118/><W14/><G6/><T70/><D70/><U127/><E11/><V75/><F23/><W71/><G71/><T133/><D133/><U69/><E69/><V19/><F19/><W13/><G13/><T129/><D129/><U35/><E127/><V15/><F15/><W44/><G26/><T123/><D123/><U2/><E35/><V76/><F52/><W31/><G14/><T115/><D115/><U119/><E119/><V91/><F65/><W50/><G8/><T110/><D110/><U117/><E117/><V62/><F72/><N who="3" m="43079" /><G5/><T54/><D54/><U12/><E64/><V81/><F62/><W60/><G31/><T97/><D97/><AGARI ba="3,1" hai="75,76,81,83,84,89,91,92,97,105,107" m="51241" machi="97" ten="30,3900,0" yaku="20,1,34,2" doraHai="61" who="2" fromWho="0" sc="286,-48,111,0,174,58,419,0" /><INIT seed="5,0,0,2,3,5" ten="238,111,232,419" oya="1" hai0="44,109,131,106,91,36,45,22,35,75,64,8,40" hai1="41,123,27,32,52,71,43,10,42,101,79,3,97" hai2="9,20,30,7,84,76,113,47,31,2,94,105,120" hai3="53,83,38,14,102,74,56,127,114,103,55,72,62"/><U4/><E71/><V117/><F120/><W107/><G38/><T110/><D106/><U85/><E123/><V135/><F117/><W1/><G1/><T29/><D35/><U0/><E0/><V118/><F118/><W93/><G127/><T78/><D64/><U39/><E39/><V18/><F135/><W65/><G114/><T115/><D115/><U116/><E116/><V50/><F105/><W122/><G122/><T104/><D45/><U119/><E119/><V112/><F94/><W51/><G107/><T133/><D104/><U67/><E67/><V80/><F113/><W60/><G74/><T111/><D133/><U15/><E97/><V46/><F112/><W6/><G93/><T12/><D131/><U125/><E101/><V63/><F63/><W13/><G83/><T23/><D29/><U130/><E125/><V21/><F46/><N who="3" m="27895" /><G72/><T89/><D78/><U16/><E130/><V129/><F129/><W66/><G6/><T88/><REACH who="0" step="1"/><D75/><REACH who="0" ten="228,111,232,419" step="2"/><U68/><E68/><V17/><F30/><W28/><G28/><T24/><D24/><U70/><E70/><V26/><F20/><W58/><G66/><T69/><D69/><U86/><E79/><V57/><F57/><W34/><G34/><T81/><D81/><U124/><E124/><V37/><REACH who="2" step="1"/><F37/><REACH who="2" ten="228,111,222,419" step="2"/><W100/><AGARI ba="0,2" hai="13,14,55,56,58,60,62,65,100,102,103" m="27895" machi="100" ten="30,1100,0" yaku="8,1" doraHai="5" who="3" fromWho="3" sc="228,-3,111,-5,222,-3,419,31" /><INIT seed="6,0,0,2,4,48" ten="225,106,219,450" oya="2" hai0="107,61,128,74,91,3,98,6,55,102,51,63,97" hai1="57,56,116,33,83,101,13,47,67,25,20,119,85" hai2="70,96,99,76,72,80,50,44,27,21,15,132,93" hai3="5,103,60,8,30,11,62,43,2,125,52,129,29"/><V42/><F132/><W95/><G129/><T79/><D128/><U69/><E119/><V46/><F70/><W10/><G125/><T34/><D34/><U89/><E116/><V104/><F104/><W84/><G43/><T66/><D3/><U77/><E69/><V117/><F117/><W59/><G62/><T121/><D6/><U35/><E33/><V54/><F15/><N who="3" m="5519" /><G84/><T106/><D121/><U73/><E35/><V112/><F112/><W64/><G2/><T114/><D114/><U16/><E101/><V40/><F40/><W58/><G11/><T7/><D7/><U126/><E126/><V45/><F42/><W133/><G10/><T135/><D135/><U94/><E67/><V22/><F22/><W134/><G134/><T113/><D113/><U17/><REACH who="1" step="1"/><E47/><REACH who="1" ten="225,96,219,450" step="2"/><V18/><F99/><N who="3" m="59903" /><G133/><T19/><D66/><U23/><AGARI ba="0,1" hai="13,16,17,20,23,25,56,57,73,77,83,85,89,94" machi="23" ten="20,5200,0" yaku="1,1,0,1,7,1,54,1,53,0" doraHai="48" doraHaiUra="31" who="1" fromWho="1" sc="225,-13,96,62,219,-26,450,-13" /><INIT seed="7,0,0,2,0,128" ten="212,158,193,437" oya="3" hai0="123,103,50,117,107,79,59,111,1,44,37,10,8" hai1="87,12,35,124,77,22,133,0,62,105,6,116,80" hai2="57,27,94,20,32,29,126,76,52,15,66,127,135" hai3="114,73,67,58,21,104,55,101,113,92,122,83,17"/><W95/><G122/><T7/><D123/><U109/><E109/><V49/><F135/><W43/><G43/><T129/><D111/><U42/><E105/><V41/><F76/><W118/><G67/><T74/><D117/><U75/><E116/><V16/><F94/><W112/><G118/><T3/><D129/><U4/><E124/><N who="2" m="47659" /><F66/><W90/><G104/><T130/><D130/><U78/><E35/><V81/><F81/><W19/><G101/><T125/><D125/><U132/><E42/><AGARI ba="0,0" hai="15,16,20,27,29,32,41,42,49,52,57" m="47659" machi="42" ten="30,3900,0" yaku="18,1,54,2" doraHai="128" who="2" fromWho="1" sc="212,0,158,-39,193,39,437,0" owari="212,-19.0,119,-38.0,232,3.0,437,54.0" /></mjloggm>