<mjloggm ver="2.3"><GO type="97" lobby="0"/><UN n0="%73%61%6E%65%79%75%6B%69" n1="%E3%82%A6%E3%83%AB%E3%83%88%E3%83%A9%E7%AB%8B%E7%9B%B4" n2="%E4%B8%99%E5%8D%88" n3="%48%61%72%72%69%73%73" dan="15,15,15,14" rate="1957.60,2043.41,2042.13,1911.81" sx="M,M,M,M"/><TAIKYOKU oya="0"/><INIT seed="0,0,0,3,1,105" ten="250,250,250,250" oya="0" hai0="40,42,11,95,82,131,1,14,122,79,52,2,76" hai1="21,116,121,72,68,83,56,27,104,22,120,41,69" hai2="39,126,6,5,87,33,8,133,66,98,107,31,110" hai3="108,97,36,89,71,24,112,57,84,81,44,19,55"/><T125/><D122/><U134/><E104/><V135/><F39/><W49/><G71/><T28/><D28/><U132/><E56/><V93/><F126/><W15/><G112/><T37/><D125/><U23/><E41/><V18/><F66/><W53/><G108/><T54/><D131/><U58/><E58/><V74/><F107/><W67/><G67/><T94/><D37/><U46/><E46/><V7/><F87/><W10/><G36/><T128/><D128/><U43/><E43/><V50/><F50/><W73/><G73/><T26/><D26/><U86/><E27/><V0/><F74/><W91/><G24/><T99/><D2/><U85/><E116/><V3/><F110/><W78/><REACH who="3" step="1"/><G97/><REACH who="3" ten="250,250,250,240" step="2"/><T77/><D1/><N who="2" m="586" /><F98/><W47/><G47/><T75/><D75/><U9/><E72/><V12/><F93/><N who="0" m="35338" /><D99/><U59/><E121/><V70/><F70/><W38/><G38/><T117/><D117/><U17/><E120/><V90/><F90/><W106/><G106/><T124/><D124/><U29/><E69/><V123/><F123/><W118/><G118/><T101/><D101/><U20/><E68/><V111/><F111/><W130/><G130/><T92/><D82/><U119/><E119/><V30/><F33/><W129/><G129/><T65/><D65/><U25/><E59/><V4/><N who="2" m="1536" /><DORA hai="61" /><V60/><F60/><AGARI ba="0,1" hai="10,15,19,44,49,53,55,57,60,78,81,84,89,91" machi="60" ten="30,3900,0" yaku="1,1,7,1,8,1,53,0" doraHai="105,61" doraHaiUra="88,109" who="3" fromWho="2" sc="250,0,250,0,250,-39,240,49" /><INIT seed="1,0,0,0,2,88" ten="250,250,211,289" oya="1" hai0="66,132,129,65,135,2,30,15,72,37,50,120,63" hai1="101,83,81,87,22,24,16,20,131,94,118,26,17" hai2="23,107,73,25,125,55,100,77,3,36,1,54,27" hai3="49,53,10,92,4,127,122,51,43,38,14,97,52"/><U29/><E131/><V67/><F125/><W48/><G122/><T119/><D2/><U12/><E118/><V126/><F36/><W47/><REACH who="3" step="1"/><G127/><REACH who="3" ten="250,250,211,279" step="2"/><T34/><D119/><U80/><E101/><AGARI ba="0,1" hai="4,10,14,38,43,47,48,49,51,52,53,92,97,101" machi="101" ten="40,8000,1" yaku="1,1,2,1,52,1,54,1,53,0" doraHai="88" doraHaiUra="19" who="3" fromWho="1" sc="250,0,250,-80,211,0,279,90" /><INIT seed="2,0,0,3,5,114" ten="250,170,211,369" oya="2" hai0="104,102,98,0,108,50,39,90,24,109,38,88,112" hai1="73,96,133,122,64,5,121,110,14,72,125,31,61" hai2="120,99,123,107,80,124,47,77,128,71,62,59,89" hai3="100,57,36,60,135,30,134,87,106,111,63,79,83"/><V1/><F1/><W17/><G36/><T2/><D112/><U41/><E31/><V43/><F128/><W103/><G30/><T113/><D113/><U34/><E34/><V101/><F124/><W52/><G111/><N who="0" m="42571" /><D50/><U69/><E110/><V74/><F89/><N who="0" m="34410" /><D24/><U6/><E125/><V82/><F82/><W76/><G76/><T91/><N who="0" m="34418" /><T3/><AGARI ba="0,0" hai="0,2,3,38,39,98,102,104" m="34418,42571" machi="3" ten="50,6400,0" yaku="4,1,14,1,54,1" doraHai="114" who="0" fromWho="0" sc="250,64,170,-16,211,-32,369,-16" /><INIT seed="3,0,0,0,4,46" ten="314,154,179,353" oya="3" hai0="5,22,92,123,17,24,88,8,3,108,59,119,4" hai1="84,118,43,126,55,60,29,48,117,65,99,21,127" hai2="81,57,25,11,23,115,95,40,41,91,16,32,122" hai3="27,102,75,28,130,64,120,134,68,10,2,33,82"/><W42/><G120/><T125/><D123/><U54/><E99/><V73/><F122/><W128/><G134/><T100/><D119/><N who="1" m="45579" /><E84/><V74/><F115/><W79/><G102/><T77/><D125/><N who="1" m="47627" /><E21/><V103/><F32/><W26/><G26/><T110/><D100/><U111/><E29/><V107/><F107/><W98/><G98/><T38/><D77/><U69/><E111/><N who="0" m="42537" /><D38/><U7/><E7/><V53/><F103/><W66/><G42/><T90/><D5/><U93/><E93/><V97/><F11/><W13/><G2/><T36/><D36/><U70/><E70/><V34/><F34/><W52/><G52/><T20/><D20/><U19/><E19/><V106/><F106/><W18/><G68/><T87/><D90/><U12/><E12/><V56/><F56/><W112/><G112/><T113/><D113/><U9/><E9/><V50/><F74/><W35/><G35/><T124/><D124/><U116/><N who="1" m="45587" /><U1/><DORA hai="131" /><E1/><V30/><F30/><W104/><G104/><T31/><D31/><U105/><E105/><V45/><F57/><AGARI ba="0,0" hai="3,4,8,17,22,24,57,59,87,88,92" m="42537" machi="57" ten="30,2000,0" yaku="14,1,54,1" doraHai="46,131" who="0" fromWho="2" sc="314,20,154,0,179,-20,353,0" owari="334,13.0,154,-35.0,159,-24.0,353,46.0" /></mjloggm>