<mjloggm ver="2.3"><GO type="97" lobby="0"/><UN n0="%E5%8D%97%E5%9B%BD%E9%9B%80" n1="%E3%82%A6%E3%83%AB%E3%83%88%E3%83%A9%E7%AB%8B%E7%9B%B4" n2="%E3%83%91%E3%83%83%E3%83%84%E3%83%B3" n3="%6B%2E%72%65%69" dan="15,15,13,14" rate="2038.57,1969.59,1897.30,1871.83" sx="M,M,M,M"/><TAIKYOKU oya="0"/><INIT seed="0,0,0,0,3,99" ten="250,250,250,250" oya="0" hai0="86,21,62,46,120,32,10,66,135,124,14,103,53" hai1="115,20,87,79,25,82,118,58,65,39,48,122,23" hai2="31,3,107,27,41,30,101,90,78,116,40,102,129" hai3="44,16,43,52,36,81,73,55,132,108,93,104,92"/><T91/><D120/><U68/><E39/><V133/><F3/><W50/><G104/><T96/><D32/><U88/><E122/><V134/><F78/><W80/><G73/><T121/><D121/><U18/><E118/><V67/><F107/><W13/><G108/><T19/><D135/><N who="2" m="51722" /><F116/><W57/><G132/><T22/><D124/><U119/><E119/><V12/><F67/><W24/><G24/><T126/><D126/><U97/><E68/><V74/><F74/><W130/><G130/><T112/><D112/><U98/><E115/><V94/><F12/><W114/><G114/><T38/><D38/><U1/><E1/><V60/><F60/><N who="3" m="35879" /><G43/><N who="2" m="16457" /><F129/><W117/><G36/><T89/><D66/><U85/><E65/><V35/><F31/><W54/><G55/><T84/><D62/><U128/><E128/><V26/><F27/><W37/><G37/><T64/><D64/><U2/><E2/><V42/><N who="2" m="16465" /><V33/><DORA hai="131" /><F35/><W51/><G50/><T9/><D53/><U125/><E125/><V56/><F56/><W45/><G44/><T83/><D46/><U8/><E48/><V111/><F111/><W100/><G117/><T95/><REACH who="0" step="1"/><D9/><REACH who="0" ten="240,250,250,250" step="2"/><U29/><E8/><V110/><F110/><W69/><G69/><T113/><D113/><U0/><E58/><V15/><F15/><W5/><G13/><T61/><D61/><U123/><E123/><V77/><F77/><W76/><G76/><T63/><D63/><U6/><E0/><V72/><F72/><W75/><G45/><T4/><D4/><U71/><E6/><V70/><F70/><RYUUKYOKU ba="0,1" sc="240,15,250,-15,250,15,250,-15" hai0="10,14,19,21,22,83,84,86,89,91,95,96,103" hai2="26,30,33,90,94,101,102" /><INIT seed="0,1,1,4,5,125" ten="255,235,265,235" oya="0" hai0="102,52,84,127,70,117,79,72,73,114,76,104,0" hai1="39,105,50,112,119,96,54,91,131,17,129,4,64" hai2="115,23,68,15,107,103,46,106,134,35,74,14,124" hai3="8,78,43,61,6,21,128,53,37,45,24,38,75"/><T82/><D117/><U40/><E64/><V20/><F35/><W16/><G61/><T133/><D114/><U132/><E119/><V80/><F115/><W95/><G38/><T34/><D70/><U55/><E112/><V1/><F124/><W63/><G95/><T47/><D127/><U44/><E4/><V26/><F1/><N who="3" m="79" /><G53/><T86/><D0/><U30/><E30/><V93/><F134/><W100/><G100/><T101/><D34/><U83/><E132/><V66/><F93/><W67/><G63/><T27/><D27/><U135/><E135/><V5/><F46/><W92/><G92/><T3/><D3/><U58/><E54/><V113/><F113/><W62/><G62/><T41/><D133/><U77/><E91/><V88/><F66/><W22/><G67/><T10/><D10/><U56/><E17/><V126/><F126/><W59/><G59/><T28/><D28/><U108/><E108/><V118/><F68/><W87/><G87/><T65/><D65/><U121/><E121/><V48/><F48/><W60/><G60/><T42/><D104/><U7/><E58/><V111/><F106/><W122/><G22/><T109/><D109/><U90/><E90/><V18/><F23/><W32/><G32/><T9/><D52/><U19/><E105/><V110/><F20/><W116/><G122/><T94/><D94/><U98/><E55/><V25/><F118/><W130/><G116/><T13/><D47/><U49/><E44/><V11/><F110/><W51/><G51/><T89/><D89/><U120/><E49/><V29/><F111/><RYUUKYOKU ba="1,1" sc="255,-10,235,-10,265,-10,235,30" hai3="16,21,24,37,43,45,75,78,128,130" /><INIT seed="1,2,1,2,0,93" ten="245,225,255,265" oya="1" hai0="66,7,87,43,49,98,101,135,130,5,46,125,25" hai1="40,65,127,12,51,68,131,103,88,89,129,0,118" hai2="50,120,8,29,85,41,119,3,16,111,97,62,24" hai3="107,32,47,128,116,11,45,73,23,53,96,105,92"/><U99/><E0/><V123/><F119/><W81/><G32/><T112/><D112/><U27/><E118/><V18/><F111/><W17/><G116/><T36/><D135/><U90/><E65/><V31/><F85/><W55/><G11/><T14/><D130/><N who="1" m="49675" /><E68/><V56/><F31/><W28/><G28/><T26/><D125/><U21/><E12/><V58/><F3/><W104/><G128/><T108/><D108/><U78/><E78/><V80/><F80/><W10/><G10/><N who="0" m="4447" /><D36/><U67/><E67/><V59/><F62/><W6/><G6/><T44/><D44/><N who="1" m="25991" /><E127/><V121/><F8/><W2/><G2/><T86/><D66/><U38/><E38/><V91/><F50/><W13/><G81/><T4/><D4/><U82/><E82/><V52/><F41/><W132/><G132/><T9/><D9/><U22/><E27/><N who="0" m="10249" /><D5/><U15/><E15/><V95/><REACH who="2" step="1"/><F52/><REACH who="2" ten="245,225,245,265" step="2"/><W106/><G73/><T57/><D57/><U75/><E75/><V94/><F94/><AGARI ba="2,2" hai="43,46,49,86,87,94,98,101" m="10249,4447" machi="94" ten="30,2000,0" yaku="8,1,52,1" doraHai="93" who="0" fromWho="2" sc="245,46,225,0,245,-26,265,0" /><AGARI ba="2,0" hai="21,22,88,89,90,94,99,103" m="25991,49675" machi="94" ten="30,5800,0" yaku="19,1,52,1,54,1" doraHai="93" who="1" fromWho="2" sc="291,0,225,58,219,-58,265,0" /><INIT seed="1,3,0,0,5,75" ten="291,283,161,265" oya="1" hai0="46,77,132,66,18,111,47,87,119,84,37,80,68" hai1="85,82,69,59,56,91,129,50,55,36,2,39,26" hai2="20,40,4,114,51,95,101,130,32,64,79,74,30" hai3="25,16,6,5,71,89,110,60,38,128,103,12,121"/><U113/><E2/><V122/><F32/><W53/><G38/><T3/><D119/><U65/><E113/><V100/><F122/><W124/><G121/><T1/><D111/><U123/><E123/><V28/><F64/><W45/><G110/><T118/><D118/><U29/><E69/><V49/><F114/><W63/><G103/><T11/><D132/><U62/><REACH who="1" step="1"/><E129/><REACH who="1" ten="291,273,161,265" step="2"/><V86/><F130/><W81/><G128/><T92/><D3/><U70/><E70/><V126/><F126/><W13/><G71/><T21/><D68/><U7/><E7/><V44/><F4/><W61/><G124/><T105/><D1/><U99/><E99/><V34/><F34/><AGARI ba="3,1" hai="26,29,34,36,39,50,55,56,59,62,65,82,85,91" machi="34" ten="30,2900,0" yaku="1,1,7,1,53,0" doraHai="75" doraHaiUra="96" who="1" fromWho="2" sc="291,0,273,48,161,-38,265,0" /><INIT seed="1,4,0,2,1,52" ten="291,321,123,265" oya="1" hai0="94,15,4,122,96,88,99,97,79,29,34,38,50" hai1="33,27,128,90,23,47,119,24,55,56,41,1,81" hai2="100,70,92,73,123,30,124,75,28,72,104,21,83" hai3="44,105,62,111,82,132,12,93,85,6,59,98,18"/><U114/><E1/><V20/><F70/><W129/><G6/><T84/><D38/><U39/><E119/><V63/><F104/><W67/><G111/><T109/><D109/><U13/><E114/><V0/><F0/><W25/><G25/><T9/><D122/><U78/><E90/><V35/><F123/><W69/><G132/><T131/><D131/><U112/><E112/><V103/><F35/><W31/><G31/><T77/><D34/><U45/><E33/><V46/><F83/><W3/><G3/><T108/><D108/><U102/><E102/><V95/><F63/><W74/><G129/><T115/><D115/><U91/><E91/><V61/><F61/><W10/><G44/><T133/><D133/><U116/><E47/><V54/><F124/><W80/><G74/><T117/><D117/><U121/><E116/><V7/><F7/><W17/><G105/><T130/><D130/><U14/><E121/><V66/><F66/><W71/><G80/><T89/><D29/><U19/><E24/><V8/><F73/><W113/><G113/><T48/><D89/><U5/><E5/><V49/><F46/><W68/><G71/><T22/><D22/><U110/><E110/><V57/><F54/><W42/><G42/><T37/><D37/><U40/><E40/><V65/><F65/><W127/><G127/><T76/><AGARI ba="4,0" hai="4,9,15,48,50,76,77,79,84,88,94,96,97,99" machi="76" ten="30,4000,0" yaku="0,1,8,1,54,1" doraHai="52" who="0" fromWho="0" sc="291,52,321,-24,123,-14,265,-14" /><INIT seed="2,0,0,5,2,117" ten="343,297,109,251" oya="2" hai0="0,13,11,3,50,134,119,120,83,90,88,57,36" hai1="79,72,30,58,56,25,76,46,55,27,61,115,74" hai2="69,86,73,109,103,126,106,99,59,6,10,116,82" hai3="124,114,105,107,91,67,104,15,48,2,85,71,23"/><V92/><F69/><W65/><G2/><T102/><D36/><U128/><E46/><V129/><F116/><W31/><G114/><T53/><D119/><U18/><E115/><V135/><F135/><W63/><G67/><T7/><D134/><U113/><E113/><V35/><F35/><W42/><G124/><T60/><D120/><U95/><E95/><V12/><F126/><W45/><G107/><T100/><D3/><U98/><E98/><V118/><F118/><W108/><G108/><T38/><D38/><U133/><E133/><V64/><F129/><W81/><G31/><T19/><D0/><U41/><E30/><V37/><F37/><W70/><G71/><T49/><D7/><U40/><E18/><V121/><F109/><W84/><REACH who="3" step="1"/><G85/><REACH who="3" ten="343,297,109,241" step="2"/><N who="0" m="50239" /><D90/><U130/><E74/><V131/><F73/><W122/><G122/><T14/><D102/><U16/><E72/><V32/><F121/><W44/><G44/><T127/><D100/><U39/><E130/><V17/><F131/><W28/><G28/><T89/><D89/><U77/><E128/><V132/><F132/><W1/><G1/><T34/><D127/><U29/><E58/><V20/><F106/><W125/><G125/><T9/><D57/><U22/><REACH who="1" step="1"/><E39/><REACH who="1" ten="343,287,109,241" step="2"/><V21/><F17/><AGARI ba="0,2" hai="15,17,23,42,45,48,63,65,70,81,84,91,104,105" machi="17" ten="40,1300,0" yaku="1,1,53,0" doraHai="117" doraHaiUra="75" who="3" fromWho="2" sc="343,0,287,0,109,-13,241,33" /><INIT seed="3,0,0,1,3,78" ten="343,287,96,274" oya="3" hai0="29,87,37,3,116,13,56,53,0,80,38,67,34" hai1="62,76,74,117,113,73,71,12,84,63,126,68,8" hai2="55,131,90,108,51,93,44,40,24,19,57,100,23" hai3="105,33,60,50,122,49,17,32,103,58,2,82,46"/><W102/><G122/><T123/><D116/><U125/><E113/><V6/><F131/><W42/><G2/><T66/><D123/><U121/><E121/><V5/><F108/><W36/><G17/><T52/><D38/><U16/><E117/><V14/><F100/><W132/><G132/><T70/><D37/><U83/><E63/><V94/><F94/><W119/><G119/><T106/><D106/><U88/><E74/><V133/><F133/><W4/><G4/><T95/><D95/><N who="1" m="54663" /><E62/><V21/><F21/><W28/><G28/><T96/><D96/><U35/><E35/><V65/><F65/><W15/><G15/><T109/><D109/><U110/><E110/><V9/><F9/><W72/><G33/><T30/><D34/><U92/><E92/><V81/><F81/><W99/><G102/><T107/><D107/><U77/><E77/><V129/><F129/><W91/><G32/><T118/><D118/><U111/><E111/><V114/><F114/><W97/><G99/><T1/><D13/><U61/><E61/><V18/><F18/><W101/><G103/><T48/><D53/><U11/><E11/><V45/><F24/><W39/><G36/><T130/><D130/><U127/><AGARI ba="0,0" hai="8,12,16,68,71,73,76,83,125,126,127" m="54663" machi="127" ten="30,7900,0" yaku="18,1,52,1,54,2" doraHai="78" who="1" fromWho="1" sc="343,-20,287,79,96,-20,274,-39" owari="323,12.0,366,46.0,76,-42.0,235,-16.0" /></mjloggm>