<mjloggm ver="2.3"><GO type="169" lobby="0"/><UN n0="%52%65%6C%6D" n1="%E3%81%8A%E3%81%8B%E3%82%82%E3%81%A8" n2="%E5%AD%90%E4%BE%9B%E4%BC%9A%E5%93%A1" n3="%EF%BC%88%E2%89%A7%E2%96%BD%E2%89%A6%EF%BC%89" dan="16,16,16,19" rate="2178.49,2065.48,2101.39,2296.51" sx="F,M,M,M"/><TAIKYOKU oya="0"/><INIT seed="0,0,0,5,2,40" ten="250,250,250,250" oya="0" hai0="61,18,99,110,100,71,50,63,102,13,52,85,78" hai1="4,31,68,48,41,20,62,23,65,70,132,16,86" hai2="36,93,123,127,46,98,91,30,66,58,105,29,113" hai3="133,90,125,84,38,83,116,7,130,111,14,35,25"/><T77/><D110/><U60/><E132/><V8/><F123/><W74/><G116/><T124/><D124/><U87/><E4/><V120/><F120/><W57/><G125/><T75/><D75/><U10/><E10/><V5/><F127/><W34/><G111/><T131/><D131/><U73/><E73/><V49/><F105/><W80/><G130/><T43/><D43/><U101/><E101/><N who="0" m="39017" /><D71/><U69/><E31/><V28/><F36/><W108/><G108/><T67/><D99/><U109/><E23/><V44/><F113/><W45/><G133/><T47/><D67/><U82/><E109/><V64/><F49/><W51/><G38/><T17/><D17/><U88/><E87/><V26/><F26/><W53/><G25/><T94/><D94/><U95/><E95/><V115/><F115/><W117/><G117/><T89/><D89/><U37/><E65/><N who="2" m="25195" /><F58/><W1/><G57/><T107/><D107/><U33/><E33/><V121/><F121/><W122/><G122/><T118/><D118/><U76/><E76/><N who="0" m="29289" /><D85/><U22/><E37/><V126/><F126/><W19/><G74/><T0/><D0/><U106/><E106/><V128/><F128/><W12/><G1/><T114/><D114/><U15/><REACH who="1" step="1"/><E22/><AGARI ba="0,0" hai="13,18,22,47,50,52,61,63" m="29289,39017" machi="22" ten="30,5800,0" yaku="8,1,52,1,54,1" doraHai="40" who="0" fromWho="1" sc="250,58,250,-58,250,0,250,0" /><INIT seed="0,1,0,1,3,80" ten="308,192,250,250" oya="0" hai0="135,15,14,59,27,109,76,133,43,131,115,63,12" hai1="47,21,55,82,26,56,118,67,10,130,121,7,111" hai2="23,62,68,31,17,107,114,34,2,24,58,72,35" hai3="92,98,37,103,18,87,113,117,46,50,88,108,70"/><T28/><D115/><U112/><E118/><V81/><F114/><W129/><G113/><T106/><D106/><U54/><E112/><V123/><F123/><W30/><G117/><T122/><D122/><U84/><E121/><V96/><F2/><W78/><G70/><T85/><D43/><U29/><E130/><V77/><F68/><W5/><G129/><T74/><D74/><U86/><E111/><V16/><F107/><W125/><G37/><T94/><D131/><U61/><E47/><V32/><REACH who="2" step="1"/><F96/><REACH who="2" ten="308,192,240,250" step="2"/><W53/><G108/><T1/><D1/><U44/><E44/><V57/><F57/><W101/><G98/><T79/><D109/><U42/><E42/><V104/><F104/><W116/><G46/><T120/><D120/><U97/><E97/><V36/><F36/><W126/><G116/><T45/><D45/><U99/><E99/><V73/><F73/><W9/><G103/><T127/><D135/><U90/><REACH who="1" step="1"/><E86/><REACH who="1" ten="308,182,240,250" step="2"/><V66/><AGARI ba="1,2" hai="16,17,23,24,31,32,34,35,58,62,66,72,77,81" machi="66" ten="30,4000,0" yaku="1,1,0,1,54,1,53,0" doraHai="80" doraHaiUra="6" who="2" fromWho="2" sc="308,-21,182,-11,240,63,250,-11" /><INIT seed="1,0,0,2,1,3" ten="287,171,303,239" oya="1" hai0="76,116,74,21,5,50,130,109,98,57,2,11,34" hai1="27,127,128,24,53,58,104,54,1,63,125,59,103" hai2="6,22,117,110,95,93,132,106,111,129,134,100,71" hai3="45,9,12,35,62,8,85,67,68,46,61,70,17"/><U47/><E128/><V39/><F39/><W43/><G35/><T29/><D130/><U86/><E1/><V23/><F71/><W48/><G85/><T102/><D116/><U87/><E47/><V108/><F129/><W113/><G113/><T64/><D109/><U82/><E103/><V30/><F117/><W92/><G92/><N who="2" m="35401" /><F6/><W131/><G131/><T56/><D34/><U72/><E72/><V32/><F32/><W133/><G133/><N who="2" m="51305" /><F30/><W115/><G115/><T65/><D76/><U99/><E99/><AGARI ba="0,0" hai="22,23,99,100,106,108,110,111" m="51305,35401" machi="99" ten="40,2600,0" yaku="14,1,20,1" doraHai="3" who="2" fromWho="1" sc="287,0,171,-26,303,26,239,0" /><INIT seed="2,0,0,1,5,10" ten="287,145,329,239" oya="2" hai0="21,35,28,13,131,103,128,5,134,90,121,66,113" hai1="84,16,111,68,135,6,33,119,23,101,50,69,93" hai2="106,94,49,76,15,12,132,73,47,99,54,46,65" hai3="82,39,40,122,30,67,75,51,63,52,129,83,86"/><V71/><F106/><W14/><G122/><T41/><D103/><U2/><E119/><V102/><F132/><W117/><G117/><T105/><D105/><U60/><E33/><V17/><F17/><W95/><G129/><N who="0" m="49739" /><D66/><U24/><E135/><V26/><F26/><W37/><G30/><T70/><D70/><U62/><E111/><V130/><F130/><W133/><G133/><T19/><D90/><U79/><E6/><V85/><F73/><W32/><G32/><T22/><D41/><U78/><E2/><V18/><F18/><W36/><G40/><T38/><D38/><U43/><E69/><V98/><F98/><W64/><G75/><T127/><D134/><U91/><E101/><V120/><F120/><W58/><G67/><T112/><D121/><U77/><REACH who="1" step="1"/><E68/><REACH who="1" ten="287,135,329,239" step="2"/><V114/><F102/><W89/><REACH who="3" step="1"/><G14/><REACH who="3" ten="287,135,329,229" step="2"/><T25/><D35/><U116/><E116/><V107/><F12/><W87/><G87/><T109/><D109/><U74/><E74/><V55/><F15/><W59/><AGARI ba="0,2" hai="36,37,39,51,52,58,59,63,64,82,83,86,89,95" machi="59" ten="30,4000,0" yaku="1,1,0,1,54,1,53,0" doraHai="10" doraHaiUra="115" who="3" fromWho="3" sc="287,-10,135,-10,329,-20,229,60" /><INIT seed="3,0,0,0,3,1" ten="277,125,309,289" oya="3" hai0="58,10,132,84,82,27,96,130,86,9,125,30,72" hai1="32,64,89,75,8,108,112,29,105,6,124,39,47" hai2="49,81,33,56,120,36,128,18,92,19,62,88,68" hai3="102,127,101,123,3,4,76,93,87,77,43,35,80"/><W24/><G123/><T66/><D132/><U52/><E108/><V133/><F33/><W129/><G129/><T69/><D69/><U95/><E112/><V15/><F36/><W48/><G127/><T59/><D125/><U67/><E105/><V51/><F68/><W40/><G76/><T134/><D130/><U5/><E124/><V97/><F128/><W109/><G109/><T28/><D134/><U115/><E75/><V23/><F133/><W50/><G35/><T103/><D72/><U78/><E78/><V111/><F111/><W11/><G24/><T45/><D45/><U2/><E115/><V90/><F120/><W41/><REACH who="3" step="1"/><G93/><REACH who="3" ten="277,125,309,279" step="2"/><T38/><D27/><U34/><E32/><V85/><REACH who="2" step="1"/><F19/><REACH who="2" ten="277,125,299,279" step="2"/><W104/><G104/><T116/><D30/><U110/><E29/><V117/><F117/><W20/><G20/><T54/><D28/><U98/><E34/><V14/><F14/><W71/><G71/><T55/><D9/><U31/><E31/><V25/><F25/><W91/><G91/><T122/><D10/><U16/><E110/><V100/><F100/><AGARI ba="0,2" hai="3,4,11,40,41,43,48,50,77,80,87,100,101,102" machi="100" ten="40,3900,0" yaku="1,1,52,1,53,0" doraHai="1" doraHaiUra="22" who="3" fromWho="2" sc="277,0,125,0,299,-39,279,59" /><INIT seed="3,1,0,1,3,58" ten="277,125,260,338" oya="3" hai0="129,111,52,38,72,67,107,87,24,2,4,135,106" hai1="42,70,13,69,98,34,62,123,32,33,50,54,61" hai2="45,83,120,88,55,82,27,99,132,79,68,18,92" hai3="28,97,80,9,64,53,56,90,3,8,102,125,104"/><W85/><G125/><T19/><D72/><U118/><E123/><V0/><F0/><W100/><G3/><T6/><D111/><U86/><E118/><V108/><F68/><W30/><G64/><T36/><D135/><U112/><E112/><V131/><F108/><W47/><G102/><T127/><D129/><U77/><E42/><V74/><F131/><W95/><G47/><T16/><D127/><U91/><E70/><V44/><F132/><W114/><G114/><T119/><D2/><U71/><E71/><V59/><F120/><W84/><G104/><T12/><D119/><U37/><E37/><V7/><F7/><W11/><REACH who="3" step="1"/><G85/><REACH who="3" ten="277,125,260,328" step="2"/><T5/><D107/><U26/><E69/><V116/><F116/><W134/><G134/><T60/><D106/><U10/><E98/><V35/><F45/><W94/><G94/><T103/><D103/><U128/><E128/><V110/><F44/><W133/><G133/><T122/><D67/><U93/><E77/><V21/><F110/><W14/><G14/><T73/><D73/><U115/><E115/><V109/><F109/><W76/><G76/><T17/><D122/><U48/><E26/><N who="2" m="14647" /><F79/><W105/><G105/><T63/><D12/><U89/><E89/><V66/><F66/><W96/><G96/><T65/><D24/><U78/><E78/><V31/><F74/><W23/><G23/><T22/><D22/><U46/><E13/><V49/><F88/><W25/><G25/><T124/><D124/><U126/><E126/><V121/><F121/><W1/><G1/><T101/><D101/><U117/><E117/><RYUUKYOKU ba="1,1" sc="277,-15,125,-15,260,15,328,15" hai2="27,31,35,49,55,59,82,83,92,99" hai3="8,9,11,28,30,53,56,80,84,90,95,97,100" /><INIT seed="3,2,1,5,1,100" ten="262,110,275,343" oya="3" hai0="113,104,65,71,73,96,69,61,124,90,135,31,111" hai1="5,130,55,38,64,32,63,28,52,107,119,58,80" hai2="95,62,37,3,94,131,67,134,123,33,7,103,106" hai3="125,83,122,46,75,88,29,2,8,4,91,19,70"/><W16/><G70/><T85/><D113/><U45/><E130/><V84/><F37/><W74/><G122/><T102/><D111/><U24/><E119/><V93/><F33/><W51/><G125/><T35/><D124/><U30/><E5/><V127/><F127/><W109/><G29/><T60/><D135/><U110/><E110/><V115/><F115/><W86/><G109/><T72/><D61/><U101/><E30/><V13/><F3/><W49/><G49/><T41/><D71/><U20/><E20/><V66/><F131/><W42/><REACH who="3" step="1"/><G91/><REACH who="3" ten="262,110,275,333" step="2"/><T114/><D114/><U22/><E32/><V10/><F123/><W53/><G53/><T57/><D41/><U118/><E118/><V44/><F67/><W97/><G97/><T0/><D69/><U48/><E38/><V132/><F132/><W25/><G25/><T77/><D31/><U81/><REACH who="1" step="1"/><E64/><REACH who="1" ten="262,100,275,333" step="2"/><V54/><F66/><W121/><G121/><T56/><D35/><U78/><E78/><V82/><F134/><W129/><G129/><T23/><D77/><U76/><E76/><V99/><F54/><W79/><G79/><T68/><D73/><AGARI ba="2,3" hai="2,4,8,16,19,42,46,51,73,74,75,83,86,88" machi="73" ten="40,7700,0" yaku="1,1,54,2,53,0" doraHai="100" doraHaiUra="26" who="3" fromWho="0" sc="262,-83,100,0,275,0,333,113" /><INIT seed="3,3,0,5,3,106" ten="179,100,275,446" oya="3" hai0="71,43,135,3,126,127,28,111,24,32,132,15,0" hai1="113,69,60,119,18,82,81,133,120,35,8,19,37" hai2="44,22,78,52,10,114,41,80,123,110,55,58,56" hai3="91,50,9,39,74,116,72,5,86,121,27,73,25"/><W128/><G121/><T104/><D104/><U2/><E120/><V125/><F114/><W77/><G39/><T94/><D71/><U124/><E35/><V88/><F123/><W13/><G116/><T46/><D111/><U122/><E122/><V96/><F10/><W1/><G128/><T21/><D94/><U108/><E37/><V70/><F125/><N who="0" m="47626" /><D46/><U40/><E40/><V130/><F70/><W131/><G131/><T36/><D36/><U17/><E124/><V64/><F130/><W103/><G103/><T51/><D51/><U66/><E119/><V97/><F22/><W89/><G1/><N who="0" m="587" /><D43/><U11/><E113/><V6/><F41/><W109/><G109/><T62/><D62/><U4/><E108/><V105/><F44/><W83/><REACH who="3" step="1"/><G50/><REACH who="3" ten="179,100,275,436" step="2"/><T85/><D85/><U65/><E133/><N who="0" m="51273" /><D15/><U23/><E2/><V87/><F110/><W76/><G76/><T20/><AGARI ba="3,1" hai="20,21,24,28,32" m="51273,587,47626" machi="20" ten="40,8000,1" yaku="18,1,20,1,34,2" doraHai="106" who="0" fromWho="0" sc="179,99,100,-23,275,-23,436,-43" /><INIT seed="4,0,0,0,2,124" ten="278,77,252,393" oya="0" hai0="106,13,79,81,119,85,134,118,8,112,39,42,37" hai1="2,132,93,115,83,103,47,32,38,62,1,50,19" hai2="56,23,86,6,36,104,17,12,21,135,33,22,117" hai3="49,70,52,41,128,114,48,69,99,58,0,131,101"/><T14/><D112/><U63/><E32/><V97/><F36/><W74/><G0/><T25/><D106/><U116/><E116/><V18/><F33/><W102/><G74/><T68/><D68/><U26/><E38/><V64/><F117/><W133/><G133/><T54/><D134/><U105/><E132/><V110/><F110/><W5/><G5/><T20/><D39/><U67/><E105/><V46/><F135/><W92/><G102/><T51/><D37/><U88/><E115/><V4/><F86/><W34/><G34/><T75/><D75/><U29/><E19/><V43/><F97/><W130/><G114/><T87/><D87/><U71/><E63/><N who="2" m="37991" /><F104/><W7/><G7/><N who="2" m="2601" /><F12/><W78/><G78/><T72/><D72/><U61/><E83/><V127/><F127/><W9/><G9/><T89/><D119/><U107/><E62/><V40/><F46/><AGARI ba="0,0" hai="41,46,48,49,52,58,69,70,92,99,101,128,130,131" machi="46" ten="40,8000,1" yaku="19,1,52,3,54,1" doraHai="124" who="3" fromWho="2" sc="278,0,77,0,252,-80,393,80" /><INIT seed="5,0,0,1,2,118" ten="278,77,172,473" oya="1" hai0="52,88,2,66,26,106,100,83,31,92,105,34,33" hai1="90,7,4,101,107,128,93,85,112,28,67,42,69" hai2="79,63,119,50,135,121,98,56,99,104,110,62,23" hai3="82,32,20,95,75,111,68,43,30,37,120,87,126"/><U9/><E128/><V72/><F119/><W117/><G32/><T127/><D127/><U86/><E112/><V15/><F110/><W133/><G68/><T0/><D34/><U18/><E42/><V115/><F135/><W39/><G75/><T77/><D66/><U81/><E28/><V49/><F72/><W47/><G39/><T94/><D94/><U21/><E107/><V124/><F104/><W1/><G1/><T8/><D8/><U71/><E67/><N who="2" m="39367" /><F121/><W76/><G120/><T103/><D106/><U22/><E4/><V11/><F124/><W132/><G126/><T45/><D105/><U27/><E22/><V53/><F23/><W129/><G111/><T29/><D29/><U74/><E74/><V130/><F79/><W14/><G129/><T24/><D24/><U41/><E41/><V10/><F10/><W13/><G117/><T3/><D83/><U108/><E108/><V102/><F102/><W40/><G40/><T44/><D77/><U36/><E36/><V116/><F115/><W114/><G114/><T78/><D78/><U38/><E38/><V89/><F89/><N who="3" m="53695" /><G132/><T48/><REACH who="0" step="1"/><D45/><REACH who="0" ten="268,77,172,473" step="2"/><U6/><E101/><V46/><F46/><N who="3" m="23919" /><G133/><T61/><D61/><U60/><E60/><V123/><F63/><W25/><G47/><T16/><D16/><U51/><E7/><V5/><F130/><W84/><G30/><T35/><D35/><U113/><E113/><V55/><F116/><W97/><G25/><T73/><D73/><U59/><E6/><V91/><F5/><W125/><G125/><T96/><AGARI ba="0,1" hai="0,2,3,26,31,33,44,48,52,88,92,96,100,103" machi="96" ten="30,7900,0" yaku="1,1,0,1,54,2,53,0" doraHai="118" doraHaiUra="80" who="0" fromWho="0" sc="268,89,77,-39,172,-20,473,-20" /><INIT seed="6,0,0,3,1,85" ten="357,38,152,453" oya="2" hai0="28,80,52,68,120,51,45,34,109,10,103,115,63" hai1="89,95,111,39,20,122,49,29,132,21,113,12,76" hai2="62,59,110,97,42,98,90,15,47,125,61,116,93" hai3="32,82,1,106,6,3,65,40,13,30,22,7,14"/><V33/><F33/><W25/><G106/><T135/><D120/><U50/><E39/><V2/><F2/><N who="3" m="523" /><G65/><T8/><D109/><U35/><E111/><V91/><F125/><W114/><G82/><T130/><D115/><U23/><E122/><V105/><F15/><N who="3" m="5643" /><G40/><T41/><D135/><U131/><E113/><V128/><F116/><W119/><G119/><T87/><D130/><U77/><E131/><V123/><F123/><W99/><G99/><T126/><D126/><U18/><E132/><V16/><F16/><N who="3" m="12487" /><G114/><T58/><D103/><U96/><E35/><V102/><F98/><W9/><G9/><T60/><D60/><U78/><REACH who="1" step="1"/><E29/><REACH who="1" ten="357,28,152,453" step="2"/><V37/><F37/><W56/><G30/><T27/><REACH who="0" step="1"/><D68/><REACH who="0" ten="347,28,152,453" step="2"/><U88/><E88/><AGARI ba="0,2" hai="8,10,27,28,34,41,45,51,52,58,63,80,87,88" machi="88" ten="30,12000,2" yaku="1,1,2,1,7,1,52,1,54,2,53,0" doraHai="85" doraHaiUra="64" who="0" fromWho="1" sc="347,140,28,-120,152,0,453,0" owari="487,59.0,-92,-59.0,152,-25.0,453,25.0" /></mjloggm>