<mjloggm ver="2.3"><GO type="97" lobby="0"/><UN n0="%6C%6F%76%65%6C%6F%76%65" n1="%E9%89%84%E8%8A%AF" n2="%E3%82%A6%E3%83%AB%E3%83%88%E3%83%A9%E7%AB%8B%E7%9B%B4" n3="%43%46%76%E5%91%86%E5%91%86" dan="14,14,15,14" rate="1868.84,1927.99,2004.35,1924.17" sx="F,M,M,F"/><TAIKYOKU oya="0"/><INIT seed="0,0,0,4,4,132" ten="250,250,250,250" oya="0" hai0="52,20,109,21,66,72,111,7,44,112,5,53,93" hai1="33,14,57,17,25,38,79,34,106,70,105,75,83" hai2="13,94,124,58,26,77,29,22,121,65,41,62,95" hai3="73,110,11,86,134,19,114,74,15,3,42,6,37"/><T98/><D72/><U59/><E38/><V130/><F121/><W99/><G114/><T102/><D112/><U108/><E108/><N who="0" m="41545" /><D66/><U49/><E70/><V56/><F130/><W54/><G110/><T127/><D127/><U2/><E2/><V122/><F122/><W30/><G134/><T125/><D125/><U129/><E129/><V89/><F124/><W85/><G30/><T101/><D101/><U88/><E57/><V81/><F41/><W116/><G73/><T97/><D97/><U4/><E4/><N who="0" m="1609" /><D44/><U71/><E71/><V43/><F58/><W107/><G74/><T60/><D60/><U131/><E49/><V92/><F43/><W133/><G42/><T40/><D40/><U135/><E59/><V113/><F113/><W48/><G37/><T123/><D123/><U120/><E106/><V76/><F13/><W119/><G133/><T61/><D61/><U27/><E105/><V23/><F23/><AGARI ba="0,0" hai="20,21,23,52,53,93,98,102" m="1609,41545" machi="23" ten="30,5800,0" yaku="14,1,10,1,54,1" doraHai="132" who="0" fromWho="2" sc="250,58,250,0,250,-58,250,0" /><INIT seed="0,1,0,5,4,15" ten="308,250,192,250" oya="0" hai0="42,26,46,107,86,93,29,127,41,25,39,9,65" hai1="56,31,134,27,104,63,8,95,10,35,77,124,59" hai2="0,118,22,17,129,115,70,24,102,111,23,40,60" hai3="50,37,123,94,83,55,28,7,79,105,82,32,99"/><T43/><D107/><U131/><E104/><V103/><F0/><W73/><G37/><T13/><D127/><U89/><E124/><V91/><F115/><W61/><G105/><T2/><D2/><U80/><E134/><V122/><F129/><W19/><G7/><T78/><D65/><U67/><E56/><V51/><F111/><W74/><G61/><T11/><D11/><U5/><E5/><V112/><F112/><W76/><BYE who="2" /><G123/><T121/><D121/><U12/><E12/><V88/><F88/><W96/><G94/><T44/><D26/><U6/><E6/><V116/><F116/><W21/><G28/><T33/><D46/><U120/><E131/><V110/><F110/><W109/><G32/><T125/><D125/><U106/><E106/><V108/><F108/><W85/><G85/><T16/><REACH who="0" step="1"/><D93/><REACH who="0" ten="298,250,192,250" step="2"/><U48/><E120/><UN n2="%E3%82%A6%E3%83%AB%E3%83%88%E3%83%A9%E7%AB%8B%E7%9B%B4" /><V72/><F72/><W128/><G109/><T3/><D3/><U119/><E8/><V20/><F122/><W36/><G128/><T69/><D69/><U1/><E10/><V126/><F118/><W52/><G36/><T117/><D117/><U84/><E1/><V98/><F126/><W97/><G50/><T100/><D100/><N who="2" m="38442" /><F70/><W58/><G58/><T53/><D53/><U54/><E119/><V38/><F38/><W81/><G83/><AGARI ba="1,1" hai="9,13,16,25,29,33,39,41,42,43,44,78,83,86" machi="83" ten="40,12000,1" yaku="1,1,52,1,54,1,53,1" doraHai="15" doraHaiUra="75" who="0" fromWho="3" sc="298,133,250,0,192,0,250,-123" /><INIT seed="0,2,0,4,1,85" ten="431,250,192,127" oya="0" hai0="71,43,75,66,93,83,39,124,50,21,72,106,28" hai1="119,32,60,70,42,131,87,29,11,19,51,95,96" hai2="77,91,126,98,125,134,23,26,18,86,41,102,56" hai3="52,46,94,7,22,67,45,16,62,80,101,73,13"/><T9/><D106/><U47/><E131/><V37/><F134/><W84/><G73/><T99/><D124/><N who="2" m="47722" /><F41/><W107/><G107/><T88/><D39/><U2/><E119/><V30/><F37/><W117/><G117/><T133/><D133/><U97/><E32/><V61/><F77/><W115/><G115/><T113/><D113/><U82/><E29/><V38/><F38/><W54/><G7/><T112/><D112/><U127/><E127/><V90/><F86/><W79/><G46/><T118/><D118/><U63/><E70/><V122/><F18/><W3/><G3/><T12/><D83/><U120/><E97/><V81/><F81/><W6/><G6/><T92/><D66/><U68/><E68/><V48/><F48/><W0/><G0/><T103/><D71/><U100/><E2/><V33/><F33/><W27/><G45/><T110/><D110/><U40/><E40/><V114/><F114/><W34/><G34/><T128/><D128/><U5/><E5/><V64/><F122/><W108/><G108/><T104/><D104/><AGARI ba="2,0" hai="23,26,30,56,61,64,90,91,98,102,104" m="47722" machi="104" ten="30,3900,0" yaku="18,1,52,2" doraHai="85" who="2" fromWho="0" sc="431,-45,250,0,192,45,127,0" /><INIT seed="1,0,0,1,4,95" ten="386,250,237,127" oya="1" hai0="20,91,26,104,65,101,115,52,83,64,84,25,112" hai1="88,32,22,44,62,68,46,100,121,47,45,16,119" hai2="18,23,11,77,89,72,97,14,135,31,117,38,71" hai3="36,103,74,53,41,133,114,60,55,3,28,0,30"/><U128/><E32/><V12/><F38/><W76/><G114/><T10/><D26/><U125/><E121/><V94/><F71/><W69/><G133/><T113/><D10/><U96/><E119/><V123/><F117/><W49/><G36/><T111/><D111/><U78/><E78/><V124/><F135/><W81/><G0/><T6/><D6/><U116/><E116/><V4/><F124/><W13/><G3/><T134/><D134/><U90/><E125/><V50/><F123/><W73/><G74/><T85/><D85/><U126/><E126/><V70/><F70/><W57/><G41/><T102/><D102/><U33/><E33/><V105/><F105/><W80/><G69/><T75/><D75/><U24/><E128/><V92/><F31/><W8/><G81/><T19/><D101/><U51/><E62/><V39/><F39/><W29/><G103/><T56/><REACH who="0" step="1"/><D104/><REACH who="0" ten="376,250,237,127" step="2"/><U79/><E79/><V40/><F77/><W17/><REACH who="3" step="1"/><G30/><REACH who="3" ten="376,250,237,117" step="2"/><T82/><D82/><U107/><REACH who="1" step="1"/><E68/><REACH who="1" ten="376,240,237,117" step="2"/><V48/><F72/><W66/><G66/><T9/><D9/><U61/><E61/><AGARI ba="0,3" hai="19,20,25,52,56,61,64,65,83,84,91,112,113,115" machi="61" ten="40,2600,0" yaku="1,1,54,1,53,0" doraHai="95" doraHaiUra="118" who="0" fromWho="1" sc="376,56,240,-26,237,0,117,0" /><INIT seed="2,0,0,2,4,4" ten="432,214,237,117" oya="2" hai0="46,114,65,1,69,10,96,56,75,112,134,24,32" hai1="108,60,116,77,8,104,37,33,27,40,100,90,67" hai2="50,81,21,59,73,25,18,63,125,95,2,124,85" hai3="132,22,115,34,106,110,131,49,6,97,30,68,102"/><V113/><F2/><W123/><G123/><T84/><D75/><U91/><E116/><V107/><F107/><W94/><G68/><T43/><D134/><U62/><E108/><V52/><F113/><W28/><G110/><T47/><D69/><U105/><E77/><V23/><F73/><W101/><G132/><T71/><D71/><N who="1" m="42471" /><E62/><V76/><F95/><W64/><G115/><T29/><D65/><U11/><E104/><V80/><F80/><W117/><G117/><T83/><D56/><U39/><E90/><V99/><F99/><W86/><G64/><T66/><D66/><U7/><E91/><V15/><REACH who="2" step="1"/><F63/><REACH who="2" ten="432,214,227,117" step="2"/><W5/><G106/><T17/><D96/><N who="1" m="61575" /><E7/><V55/><F55/><W42/><G5/><T79/><D114/><U31/><E40/><V93/><F93/><W122/><G94/><T82/><D112/><U130/><E130/><V89/><F89/><W92/><G92/><T70/><D43/><U109/><E109/><V54/><F54/><W61/><G6/><T12/><D82/><U120/><E120/><V53/><F53/><W16/><G61/><T9/><D70/><U78/><E78/><V13/><F13/><N who="3" m="9487" /><G131/><T26/><D1/><U19/><E19/><AGARI ba="0,1" hai="15,18,19,21,23,25,50,52,59,76,81,85,124,125" machi="19" ten="40,12000,1" yaku="1,1,54,1,53,2" doraHai="4" doraHaiUra="14" who="2" fromWho="1" sc="432,0,214,-120,227,130,117,0" /><INIT seed="2,1,0,0,1,36" ten="432,94,357,117" oya="2" hai0="110,89,108,93,3,68,116,34,121,83,49,47,69" hai1="74,54,14,32,90,91,134,29,43,65,85,92,64" hai2="55,57,61,96,25,13,87,39,70,76,18,115,95" hai3="106,133,99,101,120,98,20,105,127,119,48,0,46"/><V63/><F39/><W118/><G120/><T102/><D3/><U10/><E74/><V73/><F115/><W41/><G0/><T35/><D121/><U60/><E134/><V4/><F73/><W53/><G133/><T130/><D102/><U97/><E32/><N who="0" m="12329" /><D83/><U88/><E29/><V23/><F70/><W129/><G127/><T104/><D104/><U27/><E27/><V15/><F4/><W122/><G122/><T132/><D132/><U62/><E43/><V22/><F22/><W71/><G71/><T33/><D33/><U56/><E91/><V44/><F44/><W5/><G5/><T38/><D38/><U31/><E31/><V16/><F18/><W103/><G129/><T135/><D130/><U84/><E62/><V66/><F66/><N who="1" m="25705" /><E90/><N who="2" m="55415" /><F63/><W81/><G81/><AGARI ba="1,0" hai="13,15,16,23,25,55,57,61,76,81,87" m="55415" machi="81" ten="30,5800,0" yaku="25,1,8,1,54,1" doraHai="36" who="2" fromWho="3" sc="432,0,94,0,357,61,117,-61" /><INIT seed="2,2,0,3,2,7" ten="432,94,418,56" oya="2" hai0="21,56,74,6,32,24,68,58,45,35,131,40,59" hai1="123,122,86,102,66,51,69,29,0,120,133,92,25" hai2="135,95,11,61,70,3,1,128,111,110,49,62,77" hai3="105,30,127,97,118,65,93,33,100,60,125,19,64"/><V116/><F116/><W114/><G118/><T15/><D74/><U80/><E133/><V42/><F135/><W115/><G30/><T38/><D131/><U57/><E0/><V34/><F34/><W84/><G33/><T81/><D68/><U12/><E69/><V101/><F128/><W94/><G19/><T41/><D41/><U26/><E12/><V132/><F77/><W67/><G60/><T124/><D124/><N who="3" m="47689" /><G84/><T72/><D72/><U2/><E2/><V31/><F31/><W63/><G63/><T88/><D24/><U117/><E117/><V76/><F132/><W108/><G108/><T113/><D113/><AGARI ba="2,0" hai="64,65,67,93,94,97,100,105,113,114,115" m="47689" machi="113" ten="40,2600,0" yaku="11,1,18,1" doraHai="7" who="3" fromWho="0" sc="432,-32,94,0,418,0,56,32" /><INIT seed="3,0,0,1,0,76" ten="400,94,418,88" oya="3" hai0="106,47,20,77,61,98,107,114,135,111,123,134,42" hai1="74,85,27,16,104,125,124,50,69,3,7,10,81" hai2="5,121,59,75,94,40,84,63,9,66,122,4,103" hai3="99,12,115,87,86,31,131,56,11,15,64,51,54"/><W6/><G115/><T132/><D123/><N who="2" m="47114" /><F75/><W101/><G131/><T116/><D116/><U92/><E104/><V28/><F28/><W55/><G64/><T128/><D114/><U71/><E74/><V65/><F40/><W14/><G31/><T119/><D119/><U109/><E109/><V83/><F66/><W25/><G25/><T133/><N who="0" m="34304" /><DORA hai="18" /><T33/><D33/><U130/><E130/><V62/><F62/><W73/><G73/><T36/><D128/><U35/><E92/><V41/><F41/><W46/><G86/><T48/><D111/><U44/><E35/><V102/><F94/><W108/><G87/><T89/><D77/><N who="1" m="46255" /><E16/><V49/><F49/><W1/><G108/><T96/><D61/><U43/><E27/><V118/><F118/><W72/><G72/><T32/><D32/><U22/><E22/><V60/><F60/><W53/><REACH who="3" step="1"/><G46/><REACH who="3" ten="400,94,418,78" step="2"/><N who="0" m="23879" /><D96/><U13/><E71/><V23/><F84/><W24/><G24/><T105/><D98/><U57/><E69/><V93/><F65/><W67/><G67/><T113/><D113/><U126/><E57/><V110/><F59/><W19/><G19/><T129/><D129/><U70/><E70/><V52/><F110/><W100/><G100/><T97/><D97/><U37/><E37/><V120/><F103/><W80/><G80/><T112/><D112/><U58/><E58/><N who="2" m="35271" /><F83/><W68/><G68/><T30/><D89/><U2/><AGARI ba="0,1" hai="2,3,7,10,13,43,44,50,124,125,126" m="46255" machi="2" ten="40,5200,0" yaku="25,1,18,1,52,1" doraHai="76,18" who="1" fromWho="1" sc="400,-13,94,62,418,-13,78,-26" owari="387,19.0,156,-24.0,405,50.0,52,-45.0" /></mjloggm>