<mjloggm ver="2.3"><GO type="97" lobby="0"/><UN n0="%E3%82%A6%E3%83%AB%E3%83%88%E3%83%A9%E7%AB%8B%E7%9B%B4" n1="%70%6F%6E%2D%65%6E" n2="%6F%6E%69%72%6F%6B%75" n3="%E5%91%89%E9%97%87%E8%87%A5" dan="15,15,13,14" rate="2034.58,2014.28,1921.73,1980.11" sx="M,M,M,M"/><TAIKYOKU oya="0"/><INIT seed="0,0,0,2,5,90" ten="250,250,250,250" oya="0" hai0="102,15,105,67,93,17,64,75,73,1,69,80,125" hai1="3,42,5,50,100,97,21,58,59,103,124,36,24" hai2="38,131,2,52,28,37,109,101,123,88,48,35,83" hai3="78,133,126,19,104,114,0,41,65,107,10,12,129"/><T135/><D1/><U113/><E124/><V76/><F2/><W18/><G114/><T13/><D125/><U121/><E121/><V47/><F123/><W9/><G126/><T89/><D135/><U29/><E113/><V55/><F101/><W31/><G133/><T94/><D105/><U56/><E36/><V43/><F131/><W118/><G118/><T87/><D73/><U34/><E34/><V25/><F109/><W33/><G129/><T63/><D67/><U117/><E117/><V120/><F120/><W91/><G78/><T115/><D115/><U116/><E116/><V127/><F127/><W62/><G41/><T66/><D66/><U27/><E27/><V108/><F108/><W70/><G31/><T60/><D60/><U40/><E100/><V22/><F35/><W99/><G33/><T39/><D39/><U68/><E68/><V20/><F20/><W81/><G81/><T128/><D128/><U119/><E119/><V32/><F32/><W79/><G79/><T77/><REACH who="0" step="1"/><D17/><REACH who="0" ten="240,250,250,250" step="2"/><U53/><E3/><V71/><F38/><W23/><G19/><T61/><D61/><U14/><E5/><V45/><F71/><W30/><G0/><T132/><D132/><U16/><E56/><V11/><F37/><W95/><G30/><T98/><AGARI ba="0,1" hai="13,15,63,64,69,75,77,80,87,89,93,94,98,102" machi="98" ten="30,12000,1" yaku="1,1,0,1,52,2,53,1" doraHai="90" doraHaiUra="92" who="0" fromWho="0" sc="240,130,250,-40,250,-40,250,-40" /><INIT seed="0,1,0,5,4,74" ten="370,210,210,210" oya="0" hai0="123,16,53,125,15,117,109,106,42,115,86,120,131" hai1="23,83,56,46,60,107,61,77,33,5,49,9,2" hai2="43,113,3,13,22,96,67,119,4,112,64,63,127" hai3="128,37,70,124,62,41,89,17,97,81,27,126,130"/><T82/><D106/><U26/><E107/><V105/><F3/><W39/><G17/><T54/><D117/><U50/><E33/><V92/><F105/><W104/><G27/><T1/><D1/><U48/><E46/><V69/><F119/><W91/><G104/><T40/><D115/><U30/><REACH who="1" step="1"/><E56/><REACH who="1" ten="370,200,210,210" step="2"/><V24/><F127/><W95/><G41/><T11/><D125/><U132/><E132/><V84/><F113/><W98/><G126/><T31/><D42/><U85/><AGARI ba="1,1" hai="2,5,9,23,26,30,48,49,50,60,61,77,83,85" machi="85" ten="30,4000,0" yaku="1,1,0,1,52,1,53,0" doraHai="74" doraHaiUra="101" who="1" fromWho="1" sc="370,-21,200,53,210,-11,210,-11" /><INIT seed="1,0,0,2,0,43" ten="349,253,199,199" oya="1" hai0="26,129,2,112,45,77,47,28,128,41,17,111,67" hai1="20,87,53,74,83,44,124,19,50,5,81,1,34" hai2="98,30,93,120,7,62,69,114,109,105,49,85,64" hai3="35,14,60,25,6,13,133,24,72,58,22,95,117"/><U92/><E34/><V106/><F120/><W37/><G72/><T55/><D112/><U4/><E124/><V40/><F109/><W8/><G37/><N who="0" m="21679" /><D67/><U70/><E70/><V101/><F114/><W33/><G133/><T10/><D77/><U63/><E1/><V97/><F7/><N who="1" m="2633" /><E74/><V56/><F30/><W90/><G117/><T15/><D2/><U59/><E92/><V104/><F85/><W9/><G22/><T86/><D111/><U27/><E87/><V48/><F48/><W94/><G33/><T79/><D86/><U127/><E127/><V100/><F69/><W57/><G35/><T108/><D108/><U71/><E71/><V78/><F78/><W110/><G110/><T119/><D79/><U89/><E89/><V134/><F134/><W123/><G123/><T11/><D119/><U80/><E80/><V131/><F131/><W52/><G58/><T68/><D68/><U39/><E39/><V32/><F32/><W3/><G3/><T96/><D129/><U103/><E103/><V51/><F51/><W116/><G116/><T135/><D135/><U122/><E122/><V91/><F91/><W31/><G31/><T115/><D115/><U107/><E107/><V99/><F99/><N who="3" m="57815" /><G95/><T66/><D96/><U102/><E102/><V12/><F12/><W113/><G113/><T118/><D118/><U130/><E130/><V0/><F0/><W121/><G121/><T29/><D128/><U54/><AGARI ba="0,0" hai="19,20,27,44,50,53,54,59,63,81,83" m="2633" machi="54" ten="30,3000,0" yaku="8,1,52,1" doraHai="43" who="1" fromWho="1" sc="349,-10,253,30,199,-10,199,-10" /><INIT seed="1,1,0,4,4,58" ten="339,283,189,189" oya="1" hai0="75,26,108,60,122,55,65,98,83,62,80,121,38" hai1="63,48,1,124,8,99,14,31,41,53,44,34,117" hai2="111,135,29,126,61,86,113,30,92,46,23,125,24" hai3="42,12,78,129,84,19,39,69,77,105,0,95,4"/><U25/><E117/><V93/><F111/><W76/><G105/><T45/><D108/><U40/><E124/><N who="2" m="47723" /><F135/><W67/><G129/><T90/><D26/><U51/><E1/><V107/><F107/><W128/><G128/><T106/><D65/><U5/><E99/><V50/><F113/><W35/><G35/><T47/><D55/><U3/><E63/><N who="0" m="24105" /><D38/><U82/><E82/><N who="0" m="31273" /><D75/><U7/><E7/><V21/><F86/><W73/><G4/><T56/><D56/><U120/><E120/><N who="0" m="46185" /><D90/><U87/><E87/><V112/><F112/><W16/><G67/><T91/><D91/><U102/><E102/><AGARI ba="1,0" hai="45,47,98,102,106" m="46185,31273,24105" machi="102" ten="30,7700,0" yaku="13,1,52,3" doraHai="58" who="0" fromWho="1" sc="339,80,283,-80,189,0,189,0" /><INIT seed="2,0,0,1,5,132" ten="419,203,189,189" oya="2" hai0="127,88,81,121,72,63,67,52,17,113,13,105,116" hai1="73,28,82,100,62,11,68,112,96,110,130,51,48" hai2="126,8,7,135,23,46,0,5,3,12,128,102,18" hai3="49,91,31,64,57,119,21,120,16,24,25,66,106"/><V95/><F46/><W27/><G106/><T61/><D105/><U103/><E103/><V101/><F95/><W58/><G120/><T2/><D2/><N who="2" m="554" /><F101/><W59/><G119/><T50/><D72/><U40/><E51/><V10/><F102/><W79/><G79/><T32/><D67/><N who="3" m="25641" /><G31/><T111/><D63/><U20/><E48/><V6/><F135/><W55/><G91/><T133/><D61/><U41/><E62/><V78/><F78/><W77/><G77/><T1/><D88/><U29/><E41/><V37/><F37/><W26/><AGARI ba="0,0" hai="16,21,24,25,26,27,49,55,57,58,59" m="25641" machi="26" ten="30,2000,0" yaku="8,1,54,1" doraHai="132" who="3" fromWho="3" sc="419,-5,203,-5,189,-10,189,20" /><INIT seed="3,0,0,2,2,26" ten="414,198,179,209" oya="3" hai0="75,27,79,12,99,0,9,2,11,7,36,63,50" hai1="73,34,60,48,10,21,112,98,121,42,127,67,80" hai2="51,52,71,92,131,117,5,86,90,43,119,109,25" hai3="66,49,120,13,14,134,96,72,4,103,17,58,133"/><W100/><G72/><T3/><D63/><U108/><E34/><V110/><F71/><W107/><G120/><T57/><D99/><U126/><E121/><V78/><F5/><W46/><G100/><T56/><D56/><N who="1" m="37255" /><E112/><V114/><F43/><W64/><G4/><T123/><D27/><U65/><E108/><N who="2" m="41579" /><F78/><W33/><G33/><T18/><D50/><U55/><E65/><V91/><F114/><W125/><G125/><N who="1" m="47626" /><E42/><V31/><F91/><W44/><G44/><T116/><D57/><N who="1" m="32999" /><E21/><N who="2" m="15791" /><F131/><W68/><G68/><T77/><D77/><N who="1" m="44079" /><E10/><V111/><N who="2" m="41587" /><V95/><DORA hai="93" /><F95/><W85/><G85/><T41/><D116/><U19/><E19/><V102/><F102/><W8/><G14/><T101/><D101/><U82/><E82/><V1/><F1/><W6/><G17/><T28/><D28/><U53/><E53/><V104/><F104/><W115/><G115/><T97/><D97/><AGARI ba="0,0" hai="97,98" m="44079,32999,47626,37255" machi="97" ten="30,3900,0" yaku="18,1,52,2" doraHai="26,93" who="1" fromWho="0" sc="414,-39,198,39,179,0,209,0" owari="375,47.0,237,4.0,179,-32.0,209,-19.0" /></mjloggm>