<mjloggm ver="2.3"><GO type="97" lobby="0"/><UN n0="%43%68%69%6B%61%70%79" n1="%E3%82%A6%E3%83%AB%E3%83%88%E3%83%A9%E7%AB%8B%E7%9B%B4" n2="%E3%81%8B%E3%81%B6%E3%81%AE%E4%B8%80%E5%A4%9C%E6%BC%AC%E3%81%91" n3="%E5%91%B3%E3%81%AE%E7%B4%A0%E3%81%AE%E7%B4%A0" dan="14,15,14,15" rate="2008.25,2006.73,2004.52,1949.78" sx="M,M,M,M"/><TAIKYOKU oya="0"/><INIT seed="0,0,0,2,3,109" ten="250,250,250,250" oya="0" hai0="129,13,93,115,73,71,110,66,27,50,32,87,130" hai1="15,49,96,124,72,100,28,34,119,70,127,108,18" hai2="19,11,111,29,42,6,44,57,81,68,131,20,14" hai3="46,114,16,86,120,3,23,40,5,95,89,103,74"/><T79/><D115/><U63/><E72/><V7/><F68/><W38/><G120/><T134/><D73/><U36/><E36/><V0/><F111/><W132/><G132/><T123/><D110/><U21/><E119/><V118/><F118/><W82/><G114/><T84/><D123/><U2/><E2/><V91/><F131/><N who="0" m="50186" /><D50/><U39/><E39/><V122/><F122/><W17/><G103/><T45/><D134/><U117/><E49/><N who="2" m="26775" /><F0/><W78/><REACH who="3" step="1"/><G23/><REACH who="3" ten="250,250,250,240" step="2"/><T128/><D32/><U56/><E108/><V26/><F20/><W33/><G33/><T90/><D128/><U69/><E117/><V126/><F126/><W133/><G133/><T35/><D35/><U75/><E34/><V76/><F29/><W43/><G43/><T54/><D71/><U47/><E28/><V60/><F26/><W112/><G112/><T104/><D27/><U12/><E70/><V8/><F8/><AGARI ba="0,1" hai="3,5,8,16,17,38,40,46,74,78,82,86,89,95" machi="8" ten="40,8000,1" yaku="1,1,25,2,54,1,53,0" doraHai="109" doraHaiUra="52" who="3" fromWho="2" sc="250,0,250,0,250,-80,240,90" /><INIT seed="1,0,0,0,3,76" ten="250,250,170,330" oya="1" hai0="80,121,98,36,70,42,91,132,59,77,87,37,22" hai1="43,1,6,78,92,0,112,73,123,114,118,129,62" hai2="90,99,44,124,2,11,41,45,89,68,127,93,47" hai3="96,18,94,13,25,74,104,75,23,40,28,105,128"/><U120/><E62/><V48/><F68/><W56/><G128/><T20/><D70/><U100/><E43/><V101/><F2/><W81/><G40/><T106/><D132/><U64/><E64/><V97/><F11/><W71/><G71/><T126/><D121/><U15/><E92/><V24/><F24/><W34/><G74/><T108/><D108/><U134/><E100/><V58/><F58/><W9/><G56/><T5/><D42/><U113/><E78/><V21/><F21/><W57/><G57/><T117/><D117/><U116/><E73/><V19/><F19/><W130/><G130/><T10/><D59/><U84/><E84/><V60/><F60/><W115/><G115/><T135/><D135/><U14/><E134/><V26/><F26/><W54/><G54/><T51/><D51/><U39/><E39/><V12/><F12/><N who="1" m="4649" /><E129/><V3/><F3/><N who="1" m="1097" /><E6/><V131/><F131/><W17/><G75/><N who="0" m="43071" /><D37/><U119/><AGARI ba="0,0" hai="112,113,114,116,118,119,120,123" m="1097,4649" machi="119" ten="50,12000,1" yaku="28,2,34,2" doraHai="76" who="1" fromWho="1" sc="250,-40,250,120,170,-40,330,-40" /><INIT seed="1,1,0,0,5,119" ten="210,370,130,290" oya="1" hai0="123,70,22,75,85,132,23,32,73,44,42,103,90" hai1="20,63,97,55,51,50,98,27,14,74,38,34,28" hai2="58,33,39,112,41,88,12,122,19,69,109,116,68" hai3="52,1,105,16,93,18,48,124,107,43,59,10,130"/><U67/><E38/><V31/><F116/><W96/><G130/><T106/><D70/><U128/><E74/><V117/><F117/><W54/><G124/><T53/><D32/><U60/><E128/><V113/><F109/><W37/><G37/><T94/><D132/><U61/><E67/><V57/><F31/><W26/><G43/><T49/><D75/><U131/><E131/><V114/><F33/><W4/><G26/><T64/><D64/><U11/><E34/><V7/><F7/><W21/><G54/><T87/><D73/><U127/><E127/><V129/><F129/><W3/><G3/><T17/><D106/><U5/><REACH who="1" step="1"/><E51/><REACH who="1" ten="210,360,130,290" step="2"/><V47/><F122/><W45/><G48/><T92/><D123/><U125/><E125/><V99/><F69/><W133/><G133/><T104/><D104/><U0/><E0/><V56/><F68/><W134/><G105/><T15/><D103/><U6/><E6/><V82/><F99/><W65/><G96/><T71/><D71/><U76/><E76/><V46/><F88/><W81/><G107/><T66/><D66/><U78/><E78/><V126/><F126/><W72/><G72/><T115/><D115/><U8/><E8/><V2/><F2/><W110/><G10/><T40/><D23/><U121/><E121/><V29/><F29/><W35/><G21/><T25/><D90/><U101/><E101/><V102/><F102/><W86/><G1/><T118/><D22/><U13/><E13/><V89/><F39/><W84/><G134/><T111/><D15/><U95/><E95/><V80/><F89/><RYUUKYOKU ba="1,1" sc="210,-10,360,30,130,-10,290,-10" hai1="5,11,14,20,27,28,50,55,60,61,63,97,98" /><INIT seed="1,2,1,5,3,92" ten="200,390,120,280" oya="1" hai0="39,97,116,27,43,126,28,16,60,72,91,0,123" hai1="100,25,59,134,19,21,9,104,4,131,109,94,29" hai2="132,115,130,102,67,101,70,58,7,48,99,74,12" hai3="56,62,17,128,117,108,111,85,122,37,44,53,50"/><U10/><E104/><V55/><F74/><W3/><G122/><T34/><D116/><U47/><E131/><V49/><F115/><W105/><G105/><T93/><D123/><U135/><E109/><N who="3" m="42058" /><G3/><T24/><D0/><U119/><E119/><V61/><F130/><W66/><G17/><T127/><D72/><U107/><E107/><V114/><F114/><W46/><G117/><T113/><D113/><U86/><E47/><V5/><F132/><N who="1" m="50729" /><E59/><V112/><F112/><W124/><G85/><T82/><D82/><U11/><E19/><V40/><F102/><W133/><G128/><T2/><D2/><U6/><E86/><V96/><F101/><W30/><G133/><T118/><D118/><U14/><E6/><V35/><F35/><W106/><G106/><T125/><D43/><U42/><E42/><V15/><F7/><W71/><G30/><T121/><D121/><U73/><E73/><V33/><F33/><W1/><G1/><T22/><REACH who="0" step="1"/><D60/><REACH who="0" ten="190,390,120,280" step="2"/><U89/><E4/><V63/><F40/><N who="3" m="22543" /><G46/><T31/><D31/><U52/><E29/><V54/><F63/><W8/><G8/><T41/><D41/><U26/><E11/><N who="2" m="4207" /><F48/><W57/><G57/><T84/><D84/><U13/><E10/><V103/><F70/><W36/><G36/><AGARI ba="2,2" hai="16,22,24,27,28,34,36,39,91,93,97,125,126,127" machi="36" ten="40,12000,2" yaku="1,1,18,1,52,1,54,1,53,2" doraHai="92" doraHaiUra="68" who="0" fromWho="3" sc="190,146,390,0,120,0,280,-126" /><INIT seed="2,0,0,2,3,95" ten="336,390,120,154" oya="2" hai0="59,101,85,52,82,56,128,34,29,78,73,24,88" hai1="134,75,74,72,23,62,90,115,103,108,79,105,4" hai2="66,32,91,31,51,57,50,92,54,63,119,35,5" hai3="107,104,6,44,7,122,89,99,58,0,47,125,97"/><V120/><F120/><W19/><G122/><T42/><D128/><U11/><E115/><V68/><F119/><W25/><G25/><T93/><D42/><U18/><E134/><V22/><F5/><W83/><G19/><T33/><D33/><U39/><E39/><V64/><F64/><W127/><G58/><T84/><D84/><U106/><E108/><V112/><F112/><W45/><G83/><T133/><D133/><U109/><E109/><V87/><REACH who="2" step="1"/><F51/><REACH who="2" ten="336,390,110,154" step="2"/><W26/><G26/><AGARI ba="0,1" hai="22,26,31,32,35,50,54,57,63,66,68,87,91,92" machi="26" ten="40,3900,0" yaku="1,1,2,1,53,0" doraHai="95" doraHaiUra="12" who="2" fromWho="3" sc="336,0,390,0,110,49,154,-39" /><INIT seed="2,1,0,4,0,70" ten="336,390,159,115" oya="2" hai0="71,43,50,19,107,108,121,90,67,42,26,3,32" hai1="72,97,110,127,112,8,36,30,96,40,81,38,80" hai2="34,131,116,15,0,87,103,134,21,31,56,120,128" hai3="23,77,49,79,61,27,117,132,24,35,123,44,55"/><V52/><F120/><W101/><G117/><T5/><D107/><U64/><E40/><V105/><F116/><W124/><G123/><T84/><D121/><U45/><E45/><V10/><F134/><W106/><G132/><T51/><D108/><U69/><E30/><V95/><F105/><W1/><G1/><T47/><D3/><U83/><E69/><V53/><F0/><W48/><G124/><T7/><D71/><U92/><E92/><V73/><F73/><W9/><G61/><T20/><D32/><U109/><E64/><V59/><F34/><W78/><G9/><T54/><D67/><U111/><E72/><V29/><F21/><W89/><G35/><T16/><D19/><U133/><E133/><V13/><F103/><W122/><G122/><T119/><D119/><U118/><E118/><V75/><F75/><W82/><G48/><T63/><D63/><U129/><E127/><V12/><F10/><W66/><G66/><T85/><D85/><U46/><E46/><V86/><F12/><W57/><G57/><T33/><D33/><U28/><E28/><V125/><REACH who="2" step="1"/><F95/><REACH who="2" ten="336,390,149,115" step="2"/><W25/><G106/><T68/><D68/><U99/><E8/><V22/><F22/><W11/><G101/><T104/><D104/><U14/><E14/><V88/><F88/><W18/><G11/><T91/><D91/><U114/><E129/><V2/><F2/><W58/><G44/><N who="0" m="27975" /><D42/><U115/><AGARI ba="1,1" hai="36,38,80,81,83,96,97,99,109,110,111,112,114,115" machi="115" ten="50,32000,5" yakuman="40" doraHai="70" who="1" fromWho="1" sc="336,-81,390,333,149,-161,115,-81" owari="255,6.0,723,82.0,-12,-51.0,34,-37.0" /></mjloggm>