<mjloggm ver="2.3"><GO type="41" lobby="0"/><UN n0="%E3%82%A2%E3%83%80%E3%83%A0%E3%81%A8%E3%82%A2%E3%83%80%E3%83%A0" n1="%E3%82%A6%E3%83%AB%E3%83%88%E3%83%A9%E7%AB%8B%E7%9B%B4" n2="%E4%B9%99%E3%81%A3%E7%94%B0" n3="%E9%9B%84%E5%A4%AA" dan="14,16,13,14" rate="1943.67,2061.88,1845.38,1972.97" sx="M,M,M,M"/><TAIKYOKU oya="0"/><INIT seed="0,0,0,0,4,32" ten="250,250,250,250" oya="0" hai0="76,60,118,55,70,72,85,17,19,133,129,97,54" hai1="116,38,16,64,130,95,100,125,65,114,20,124,1" hai2="36,86,22,106,9,8,110,58,109,53,21,35,94" hai3="122,45,96,102,28,92,128,62,44,81,117,30,69"/><T121/><D118/><U14/><E38/><V51/><F35/><W12/><G117/><T2/><D121/><U84/><E116/><V57/><F36/><W108/><G122/><T71/><D133/><U56/><E114/><V82/><F106/><W29/><G108/><T91/><D129/><U47/><E130/><V63/><F94/><W40/><G128/><T105/><D72/><U78/><E47/><V132/><F110/><W46/><G81/><T104/><D76/><U115/><E115/><V74/><F74/><W120/><G120/><T27/><D2/><U39/><E39/><V75/><F75/><W3/><G12/><T0/><D0/><U113/><E113/><V79/><F132/><W15/><G15/><T68/><D97/><U7/><E56/><V107/><F107/><W123/><G123/><T41/><D41/><U134/><E134/><V59/><F58/><W87/><G87/><T4/><D4/><U127/><E100/><V5/><F9/><W88/><G102/><T37/><D37/><U103/><E103/><V66/><F109/><W101/><G101/><T24/><D70/><U52/><E52/><V33/><F33/><W18/><G18/><T26/><D26/><U6/><E6/><V42/><F42/><W11/><G40/><T61/><D85/><U90/><E78/><V77/><F79/><W126/><G126/><T135/><D135/><U23/><E23/><V99/><F99/><W73/><G73/><T119/><D119/><U49/><E49/><V89/><F77/><W43/><G43/><T10/><D10/><AGARI ba="0,0" hai="1,7,10,14,16,20,64,65,84,90,95,124,125,127" machi="10" ten="40,5200,0" yaku="18,1,52,1,54,1" doraHai="32" who="1" fromWho="0" sc="250,-52,250,52,250,0,250,0" /><INIT seed="1,0,0,5,5,77" ten="198,302,250,250" oya="1" hai0="67,4,15,126,106,29,73,16,131,47,56,58,51" hai1="55,26,71,76,9,102,130,110,30,42,122,84,53" hai2="45,108,8,79,50,89,14,33,103,80,128,10,95" hai3="60,64,61,94,111,72,68,107,2,7,39,112,44"/><U135/><E122/><V12/><F33/><W34/><G94/><T69/><D131/><U38/><E130/><V20/><F103/><W24/><G112/><T36/><D126/><U28/><E135/><V100/><F100/><W31/><G111/><T62/><D106/><U117/><E117/><V27/><F128/><W40/><G61/><T13/><D73/><U121/><E121/><V66/><F66/><W65/><G65/><T134/><D134/><U99/><E110/><V88/><F95/><W109/><G109/><T93/><D36/><U23/><E71/><V125/><F12/><W129/><G129/><T115/><D115/><U63/><E30/><V98/><F98/><W74/><REACH who="3" step="1"/><G107/><REACH who="3" ten="198,302,250,240" step="2"/><T54/><D93/><U105/><E63/><V0/><F108/><W18/><G18/><T133/><D133/><U48/><E105/><V37/><F125/><W32/><G32/><T35/><D35/><U78/><E28/><V43/><F37/><W127/><G127/><T21/><REACH who="0" step="1"/><D29/><REACH who="0" ten="188,302,250,240" step="2"/><U49/><E38/><V1/><F1/><W87/><G87/><T5/><D5/><U57/><E84/><N who="2" m="48159" /><F0/><W114/><G114/><T113/><D113/><U92/><E92/><V11/><F14/><W119/><G119/><T52/><D52/><U132/><E55/><V90/><F90/><W41/><G41/><T6/><D6/><U81/><E132/><V46/><F46/><W59/><G59/><T3/><D3/><U75/><E57/><V85/><F85/><W22/><G22/><T17/><D17/><AGARI ba="0,2" hai="8,10,11,17,20,27,43,45,50,88,89" m="48159" machi="17" ten="30,3900,0" yaku="8,1,52,1,54,1" doraHai="77" who="2" fromWho="0" sc="188,-39,302,0,250,59,240,0" /><INIT seed="2,0,0,1,0,115" ten="149,302,309,240" oya="2" hai0="70,68,100,89,24,93,6,67,112,47,33,129,117" hai1="51,13,76,134,91,79,45,62,109,56,9,57,61" hai2="35,90,1,17,58,107,71,101,55,120,135,108,32" hai3="59,54,12,95,44,78,103,74,122,98,77,40,72"/><V50/><F71/><W69/><G122/><T110/><D112/><U29/><E134/><V36/><F36/><W26/><G69/><T121/><D121/><U38/><E38/><V116/><F1/><W43/><G26/><T63/><D129/><U111/><E29/><V46/><F120/><W114/><G114/><T21/><D33/><U124/><E124/><V11/><F135/><W130/><G130/><T84/><D110/><U105/><E105/><V87/><F116/><W18/><G74/><T27/><D117/><U25/><E25/><V88/><F108/><W75/><G75/><T125/><D125/><U23/><E23/><V22/><F101/><W113/><G113/><T85/><D6/><U20/><E20/><V4/><F107/><W19/><G19/><T119/><D119/><U7/><E109/><V106/><F106/><W30/><G30/><T0/><D0/><U37/><E37/><V48/><F32/><W102/><G102/><T34/><D47/><U8/><E8/><V123/><F35/><W65/><G65/><T28/><D100/><U131/><E131/><V42/><F123/><W83/><G77/><T81/><D68/><U86/><E111/><V132/><F132/><W41/><G44/><T49/><D49/><U60/><E56/><V64/><F64/><W94/><G94/><T66/><D66/><U14/><E57/><V10/><F4/><W73/><G73/><T82/><REACH who="0" step="1"/><D84/><REACH who="0" ten="139,302,309,240" step="2"/><U118/><E7/><V97/><F97/><W128/><G128/><T99/><D99/><U104/><E86/><V80/><F90/><W16/><G12/><AGARI ba="0,1" hai="10,11,12,17,22,42,46,48,50,55,58,80,87,88" machi="12" ten="30,11600,0" yaku="6,1,7,1,8,1,54,1" doraHai="115" who="2" fromWho="3" sc="139,0,302,0,309,126,240,-116" /><INIT seed="2,1,0,4,2,16" ten="139,302,435,124" oya="2" hai0="113,2,71,112,128,4,94,1,101,43,14,61,20" hai1="76,21,122,35,28,104,66,99,49,85,120,119,6" hai2="121,106,56,89,96,90,127,41,92,70,77,110,72" hai3="33,48,111,100,55,29,11,7,52,88,75,40,37"/><V105/><F70/><W34/><G111/><T115/><D128/><U103/><E119/><V17/><F110/><W25/><G75/><T67/><D43/><U62/><E6/><V15/><F121/><W133/><G133/><T117/><D117/><U131/><E131/><V116/><F116/><W87/><G100/><T60/><D61/><U109/><E109/><V63/><F41/><W0/><G34/><T91/><D101/><U129/><E129/><V39/><F39/><W57/><G55/><T18/><REACH who="0" step="1"/><D4/><REACH who="0" ten="129,302,435,124" step="2"/><U44/><E122/><V134/><F134/><W24/><G40/><T95/><D95/><U65/><E120/><V47/><F106/><W123/><G123/><T79/><D79/><U46/><E76/><V83/><F105/><W69/><G37/><T108/><D108/><U50/><E62/><V32/><F90/><W81/><G69/><T8/><D8/><U114/><E103/><V80/><F83/><W82/><REACH who="3" step="1"/><G25/><REACH who="3" ten="129,302,435,114" step="2"/><T98/><AGARI ba="1,2" hai="1,2,14,18,20,60,67,71,91,94,98,112,113,115" machi="98" ten="30,4000,0" yaku="1,1,0,1,52,1,53,0" doraHai="16" doraHaiUra="78" who="0" fromWho="0" sc="129,63,302,-11,435,-21,114,-11" /><INIT seed="3,0,0,0,5,21" ten="192,291,414,103" oya="3" hai0="9,42,98,0,37,12,117,84,88,97,131,91,51" hai1="120,64,135,95,107,17,104,43,38,106,110,130,62" hai2="90,30,121,85,132,82,11,25,56,94,19,6,105" hai3="24,70,96,44,80,128,10,34,40,123,46,127,75"/><W125/><G123/><T87/><D0/><U134/><E120/><V32/><F105/><W58/><G70/><T33/><D117/><U48/><E130/><V101/><F121/><W86/><G75/><T67/><D33/><U29/><E110/><V53/><F132/><W49/><G128/><T7/><D131/><U111/><E111/><V54/><F19/><W118/><G118/><T109/><D109/><U13/><E38/><V99/><F56/><W133/><G133/><T103/><D37/><U116/><E116/><V3/><AGARI ba="0,0" hai="3,6,11,25,30,32,53,54,82,85,90,94,99,101" machi="3" ten="20,2700,0" yaku="0,1,7,1,52,1" doraHai="21" who="2" fromWho="2" sc="192,-7,291,-7,414,27,103,-13" /><INIT seed="4,0,0,5,4,24" ten="185,284,441,90" oya="0" hai0="37,20,5,27,22,4,16,65,106,109,52,116,134" hai1="100,43,11,112,119,90,133,79,60,15,73,93,126" hai2="101,86,67,59,34,115,129,35,108,95,17,120,87" hai3="135,45,55,117,123,88,74,1,70,132,49,54,92"/><T3/><D116/><U25/><E119/><V91/><F101/><W10/><G117/><T72/><D37/><U47/><E126/><V71/><F71/><W96/><G74/><T84/><D72/><U2/><E2/><V53/><F67/><W7/><G70/><T13/><D106/><U44/><E133/><V111/><F115/><W128/><G123/><T8/><D134/><N who="3" m="51241" /><G128/><T48/><D65/><U21/><E112/><V85/><F129/><W38/><G38/><T68/><D68/><U107/><E60/><V80/><F120/><W29/><G55/><T104/><D104/><U118/><E118/><V32/><F17/><W42/><G42/><T56/><D109/><U33/><E33/><V69/><F69/><W50/><G50/><T130/><D130/><U51/><E47/><V94/><F94/><W62/><G62/><T31/><D3/><U40/><E40/><V97/><F80/><W41/><G41/><T30/><D84/><U124/><E124/><V26/><F26/><AGARI ba="0,0" hai="4,5,8,13,16,20,22,26,27,30,31,48,52,56" machi="26" ten="40,18000,2" yaku="9,1,8,1,52,2,54,2" doraHai="24" who="0" fromWho="2" sc="185,180,284,0,441,-180,90,0" /><INIT seed="4,1,0,2,4,40" ten="365,284,261,90" oya="0" hai0="128,47,0,111,13,127,10,76,78,11,59,81,62" hai1="105,30,68,42,110,103,100,116,95,79,134,97,126" hai2="71,17,133,56,63,69,129,85,45,31,83,135,51" hai3="37,117,46,112,125,90,48,99,33,18,109,82,74"/><T49/><D0/><U32/><E116/><V39/><F31/><W94/><G117/><T113/><D113/><U73/><E110/><V77/><F39/><W53/><G109/><T26/><D111/><U96/><E126/><V86/><F17/><W57/><G112/><T130/><D127/><U14/><E134/><N who="2" m="51211" /><F129/><N who="0" m="49770" /><D26/><U119/><E119/><V118/><F118/><W121/><G125/><T124/><D124/><U66/><E79/><N who="0" m="30249" /><D81/><U20/><E73/><V7/><F7/><W88/><G121/><T36/><D36/><U29/><E14/><V3/><F3/><W104/><G33/><T41/><D13/><U35/><E30/><V91/><F86/><W65/><G104/><T102/><D102/><U23/><E32/><V54/><F77/><W89/><G74/><T9/><D9/><U5/><E5/><V44/><F63/><W72/><G72/><T92/><D92/><U93/><E105/><V87/><F85/><W67/><G18/><T38/><D38/><U61/><E35/><V120/><F120/><W2/><G2/><T101/><D101/><U80/><E29/><V27/><F27/><W12/><G12/><T60/><D60/><U28/><E28/><V52/><F54/><AGARI ba="1,0" hai="10,11,41,47,49,54,59,62" m="30249,49770" machi="54" ten="30,2900,0" yaku="19,1,52,1" doraHai="40" who="0" fromWho="2" sc="365,32,284,0,261,-32,90,0" /><INIT seed="4,2,0,0,0,125" ten="397,284,229,90" oya="0" hai0="67,99,24,88,90,133,131,59,7,108,33,57,85" hai1="71,126,77,127,54,21,61,128,97,16,6,5,47" hai2="76,89,104,19,20,51,4,56,121,27,92,14,87" hai3="93,26,29,53,63,30,135,60,117,103,68,95,83"/><T65/><D133/><U18/><E77/><V116/><F121/><W2/><G135/><T111/><D7/><U10/><E18/><V82/><F104/><W69/><G117/><T1/><D1/><U3/><E5/><V106/><F106/><W75/><G2/><T52/><D99/><U74/><E74/><V112/><F112/><W84/><G75/><T17/><D33/><U107/><E107/><V86/><F116/><W31/><G26/><T81/><D131/><U70/><E97/><V42/><F56/><W120/><G120/><T96/><D96/><U37/><E128/><V36/><F36/><W41/><G41/><T134/><D134/><U45/><E45/><V118/><F118/><W129/><G103/><T123/><D123/><U34/><E34/><V0/><F0/><W91/><G129/><T12/><D24/><U48/><E37/><V105/><F105/><W130/><G130/><T124/><D124/><N who="1" m="47659" /><E61/><V100/><F100/><W25/><G25/><AGARI ba="2,0" hai="3,6,10,16,21,25,47,48,54,70,71" m="47659" machi="25" ten="30,2000,0" yaku="18,1,54,1" doraHai="125" who="1" fromWho="3" sc="397,0,284,26,229,0,90,-26" /><INIT seed="5,0,0,2,3,57" ten="397,310,229,64" oya="1" hai0="0,118,89,124,112,131,5,52,60,94,73,55,134" hai1="125,84,22,111,6,74,48,100,98,88,26,81,128" hai2="109,7,10,31,20,54,114,105,82,2,76,67,45" hai3="108,33,83,117,17,21,122,37,47,129,56,133,127"/><U104/><E111/><V19/><F105/><W115/><G83/><T14/><D118/><U50/><E125/><V77/><F31/><W79/><G79/><T78/><D124/><U43/><E128/><V40/><F114/><W8/><G56/><T90/><D131/><U70/><E70/><V95/><F95/><W103/><G47/><T71/><D112/><U116/><E116/><V75/><F77/><W53/><G53/><T62/><D134/><U91/><E43/><V35/><F54/><N who="0" m="20522" /><D71/><U30/><E6/><V1/><F1/><W27/><G103/><T15/><D0/><U86/><REACH who="1" step="1"/><E74/><REACH who="1" ten="397,300,229,64" step="2"/><V130/><F130/><W107/><G8/><T87/><D73/><U32/><E32/><V34/><F109/><W97/><G21/><T132/><D5/><U102/><E102/><V119/><F119/><W41/><G41/><T59/><D132/><U39/><E39/><V12/><F35/><W16/><G17/><T99/><D78/><U93/><AGARI ba="0,1" hai="22,26,30,48,50,81,84,86,88,91,93,98,100,104" machi="93" ten="20,7800,0" yaku="1,1,0,1,7,1,54,1,53,0" doraHai="57" doraHaiUra="123" who="1" fromWho="1" sc="397,-26,300,88,229,-26,64,-26" /><INIT seed="5,1,0,4,5,130" ten="371,388,203,38" oya="1" hai0="105,78,9,90,26,28,76,92,69,6,86,19,39" hai1="64,96,29,129,16,43,54,131,135,88,42,33,53" hai2="121,48,75,95,12,23,87,46,58,24,50,97,94" hai3="61,99,89,79,115,126,91,2,66,103,32,60,98"/><U83/><E64/><V8/><F75/><W27/><G115/><T63/><D39/><U40/><E29/><V47/><F121/><W111/><G111/><T74/><D105/><U71/><E33/><V45/><F87/><W11/><G126/><T112/><D112/><U113/><E71/><V31/><F58/><W51/><G79/><T109/><D109/><U133/><E113/><V82/><F82/><W100/><G51/><T122/><D122/><U80/><E80/><V34/><F34/><W55/><G55/><N who="1" m="21002" /><E16/><N who="2" m="8199" /><F95/><W101/><G32/><T17/><D69/><U106/><E106/><V52/><F50/><W102/><G27/><T44/><D63/><U4/><E4/><V81/><F81/><W59/><N who="3" m="26112" /><DORA hai="120" /><W85/><G60/><T108/><D108/><U118/><E118/><V72/><F72/><W65/><G65/><T134/><D44/><U77/><E96/><V57/><F57/><W116/><G116/><T124/><D124/><U20/><E88/><AGARI ba="1,0" hai="23,24,31,45,46,47,48,52,88,94,97" m="8199" machi="88" ten="30,7700,0" yaku="8,1,54,3" doraHai="130,120" who="2" fromWho="1" sc="371,0,388,-80,203,80,38,0" /><INIT seed="6,0,0,4,2,56" ten="371,308,283,38" oya="2" hai0="45,55,8,21,132,97,103,73,92,76,13,98,74" hai1="42,109,72,0,49,43,9,44,134,52,130,33,41" hai2="133,54,113,12,53,82,102,11,18,34,62,3,22" hai3="40,17,104,80,70,96,24,14,60,122,35,23,61"/><V15/><F133/><W26/><G122/><T66/><D132/><U118/><E33/><V81/><F3/><W30/><G40/><T2/><D2/><U99/><E134/><V131/><F34/><W108/><G108/><T69/><D21/><U59/><E109/><V116/><F116/><W91/><G70/><T101/><D76/><U57/><E118/><V37/><F37/><W16/><G104/><T93/><D69/><U114/><E72/><V48/><F131/><W4/><G4/><T5/><REACH who="0" step="1"/><D66/><REACH who="0" ten="361,308,283,38" step="2"/><U6/><E130/><V75/><F113/><W63/><G80/><T79/><D79/><U123/><E123/><V47/><F75/><W46/><G46/><T7/><D7/><U112/><E114/><V51/><F102/><W71/><G71/><T121/><D121/><U65/><E112/><V84/><F84/><W67/><G67/><T68/><D68/><U125/><E125/><V90/><F90/><W85/><G85/><T83/><D83/><U119/><E119/><V117/><F117/><W1/><G1/><T88/><D88/><U95/><REACH who="1" step="1"/><E65/><REACH who="1" ten="361,298,283,38" step="2"/><V127/><F127/><W129/><G129/><T107/><D107/><U110/><E110/><V128/><F128/><W135/><G135/><T86/><D86/><U58/><E58/><N who="2" m="35151" /><F48/><AGARI ba="0,2" hai="5,8,13,45,48,55,73,74,92,93,97,98,101,103" machi="48" ten="40,2600,0" yaku="1,1,9,1,53,0" doraHai="56" doraHaiUra="77" who="0" fromWho="2" sc="361,46,298,0,283,-26,38,0" /><INIT seed="7,0,0,4,0,32" ten="407,298,257,38" oya="3" hai0="107,31,122,74,38,96,48,11,59,101,89,56,119" hai1="123,4,51,15,114,47,5,130,99,94,85,103,79" hai2="58,104,127,6,53,39,90,84,69,65,9,126,116" hai3="16,17,62,131,135,18,117,134,91,109,81,115,133"/><W76/><G117/><T129/><D119/><U108/><E123/><V125/><F116/><W0/><G62/><T49/><D122/><U1/><E108/><V57/><F104/><W42/><G42/><T23/><D38/><U78/><E130/><V120/><F120/><W61/><G61/><T71/><D129/><U68/><E68/><V63/><F39/><W97/><G131/><T112/><D71/><U28/><E28/><V124/><N who="2" m="32256" /><DORA hai="75" /><V25/><F25/><W52/><G115/><T21/><D112/><U7/><E114/><V86/><F90/><W44/><G109/><T34/><D74/><U95/><E1/><V26/><F26/><W92/><G0/><T80/><D11/><U14/><E94/><V30/><F30/><W46/><REACH who="3" step="1"/><G52/><REACH who="3" ten="407,298,257,28" step="2"/><T3/><D3/><U72/><E72/><AGARI ba="0,1" hai="16,17,18,44,46,72,76,81,91,92,97,133,134,135" machi="72" ten="50,18000,2" yaku="1,1,2,1,20,1,52,1,54,1,53,1" doraHai="32,75" doraHaiUra="88,102" who="3" fromWho="1" sc="407,0,298,-180,257,0,28,190" /><INIT seed="7,1,0,1,4,11" ten="407,118,257,218" oya="3" hai0="35,23,16,0,104,88,118,56,52,100,26,12,101" hai1="61,132,40,53,17,48,111,70,122,8,107,125,66" hai2="65,115,39,105,36,79,58,97,45,114,51,98,102" hai3="110,19,64,83,86,55,33,124,63,29,109,49,128"/><W14/><G128/><T123/><D123/><U10/><E122/><V54/><F79/><W103/><G124/><T108/><D108/><U50/><E111/><N who="3" m="42506" /><G103/><T99/><D118/><U22/><E125/><V78/><F78/><N who="3" m="46455" /><G29/><T84/><D0/><U31/><E132/><V37/><F98/><W74/><G33/><T47/><D47/><U28/><E107/><V24/><F24/><W4/><G74/><T135/><D135/><U41/><E31/><V59/><F97/><W46/><G4/><T18/><D100/><U73/><E28/><V34/><F34/><W38/><G38/><N who="2" m="9729" /><V72/><DORA hai="129" /><F72/><W7/><G7/><T133/><D133/><U15/><E73/><V9/><F9/><N who="3" m="6607" /><G63/><T2/><D2/><U62/><E62/><N who="2" m="38103" /><F102/><W5/><G5/><T75/><D75/><U77/><E77/><V1/><F1/><W119/><G64/><T71/><D35/><U112/><E112/><N who="2" m="43051" /><F105/><W91/><G119/><T121/><D71/><U126/><E126/><V81/><F81/><W131/><G131/><T27/><D121/><U80/><E80/><V116/><F116/><W13/><G91/><T60/><D18/><U44/><REACH who="1" step="1"/><E41/><REACH who="1" ten="407,108,257,218" step="2"/><V57/><AGARI ba="1,1" hai="45,51,54,57,59" m="43051,38103,9729" machi="57" ten="50,6400,0" yaku="15,1,34,2" doraHai="11,129" who="2" fromWho="2" sc="407,-17,108,-17,257,77,218,-33" owari="390,49.0,91,-41.0,334,13.0,185,-21.0" /></mjloggm>