<mjloggm ver="2.3"><GO type="169" lobby="0"/><UN n0="%E6%B0%B4%E5%86%85%E9%AD%9A%E6%9D%A5%E9%A6%99" n1="%5A%69%6C%61%6E%74" n2="%E3%82%A6%E3%83%AB%E3%83%88%E3%83%A9%E7%AB%8B%E7%9B%B4" n3="%E8%B6%85%E3%83%92%E3%83%A2%E3%83%AA%E3%83%AD" dan="16,17,16,17" rate="2037.71,2184.88,2019.53,2190.70" sx="F,M,M,F"/><TAIKYOKU oya="0"/><INIT seed="0,0,0,3,2,51" ten="250,250,250,250" oya="0" hai0="48,122,69,30,14,12,87,52,44,6,22,108,61" hai1="9,40,127,62,116,120,63,77,25,99,65,33,35" hai2="100,114,128,10,41,117,75,23,132,81,32,36,15" hai3="53,21,96,98,42,55,54,17,104,45,26,133,38"/><T39/><D122/><U16/><E120/><V97/><F32/><W46/><G133/><T93/><D108/><U95/><E116/><V34/><F34/><W119/><G119/><T70/><D6/><U72/><E40/><V82/><F114/><W131/><G131/><T89/><D39/><U66/><E127/><V94/><F117/><W135/><G135/><T83/><D83/><U130/><E130/><V109/><F109/><W1/><G1/><T124/><D124/><U78/><E72/><V106/><F106/><W80/><G104/><T28/><D61/><N who="1" m="23051" /><E33/><V56/><F75/><W18/><G46/><T123/><D123/><U27/><E35/><V11/><F41/><W105/><G105/><T107/><D107/><U88/><E27/><V0/><F36/><W50/><G38/><T84/><D84/><U118/><E118/><V67/><F0/><W57/><G57/><T24/><REACH who="0" step="1"/><D30/><REACH who="0" ten="240,250,250,250" step="2"/><U110/><E110/><V13/><F128/><W19/><G80/><T126/><D126/><U4/><E66/><V59/><F67/><W49/><G49/><T121/><D121/><U47/><E65/><V37/><F37/><W71/><G71/><AGARI ba="0,1" hai="12,14,22,24,28,44,48,52,69,70,71,87,89,93" machi="71" ten="40,7700,0" yaku="1,1,52,1,54,1,53,0" doraHai="51" doraHaiUra="76" who="0" fromWho="3" sc="240,87,250,0,250,0,250,-77" /><INIT seed="0,1,0,3,3,130" ten="327,250,250,173" oya="0" hai0="2,69,113,103,13,109,90,94,65,84,15,6,129" hai1="8,104,116,57,79,124,28,7,86,25,112,10,37" hai2="74,33,122,49,26,42,100,51,38,29,3,21,56" hai3="61,68,76,85,81,19,123,36,110,66,78,89,99"/><T27/><D113/><U11/><E116/><V5/><F122/><W64/><G110/><T55/><D129/><U60/><E104/><V63/><F74/><W18/><G123/><T82/><D109/><U41/><E124/><V105/><F38/><W120/><G120/><T77/><D103/><U52/><E112/><V131/><F131/><W134/><G36/><T45/><D27/><U119/><E119/><V53/><F42/><W93/><G78/><T117/><D117/><U98/><E98/><V17/><F100/><W126/><G126/><T125/><D125/><U87/><E37/><V4/><F4/><W9/><G134/><T95/><D95/><U73/><E41/><V72/><F72/><W48/><G64/><T118/><D118/><U106/><E106/><V23/><F23/><W0/><REACH who="3" step="1"/><G48/><REACH who="3" ten="327,250,250,163" step="2"/><T127/><D127/><U46/><E7/><AGARI ba="1,1" hai="0,7,9,18,19,61,66,68,76,81,85,89,93,99" machi="7" ten="40,5200,0" yaku="1,1,2,1,53,1" doraHai="130" doraHaiUra="83" who="3" fromWho="1" sc="327,0,250,-55,250,0,163,65" /><INIT seed="1,0,0,3,1,1" ten="327,195,250,228" oya="1" hai0="41,11,17,98,18,132,22,59,68,81,57,113,128" hai1="106,2,23,3,21,80,75,54,6,52,121,14,105" hai2="104,82,122,93,88,120,111,99,127,24,129,108,97" hai3="67,30,27,61,29,58,107,45,25,47,38,39,36"/><U74/><E14/><V83/><F24/><W44/><REACH who="3" step="1"/><G107/><REACH who="3" ten="327,195,250,218" step="2"/><T133/><D133/><U10/><E121/><N who="2" m="46699" /><F127/><W43/><G43/><T42/><D42/><U71/><E71/><V5/><F129/><W92/><G92/><T119/><D41/><U40/><E40/><V73/><F5/><W51/><G51/><T101/><D68/><U72/><E80/><N who="2" m="30763" /><F73/><W56/><G56/><T134/><D59/><U96/><E6/><V66/><F66/><W76/><G76/><T115/><D134/><U53/><E96/><V49/><F49/><W12/><G12/><T123/><D128/><U126/><E126/><V116/><F116/><W16/><G16/><T95/><D119/><U78/><E78/><V15/><F15/><W50/><G50/><T26/><D132/><U87/><E87/><V33/><F33/><W86/><G86/><T135/><D135/><U32/><E32/><V65/><F65/><W103/><G103/><AGARI ba="0,1" hai="88,93,97,99,103,104,108,111" m="30763,46699" machi="103" ten="30,3900,0" yaku="34,2,54,1" doraHai="1" who="2" fromWho="3" sc="327,0,195,0,250,49,218,-39" /><INIT seed="2,0,0,3,3,10" ten="327,195,299,179" oya="2" hai0="38,22,55,89,118,61,129,39,6,47,14,30,57" hai1="131,111,1,113,48,104,56,13,125,130,2,52,79" hai2="127,20,64,97,95,8,0,92,29,34,117,16,105" hai3="88,90,65,132,82,119,87,78,134,112,116,66,59"/><V76/><F117/><N who="3" m="45131" /><G59/><T69/><D118/><U110/><E113/><V42/><F127/><W60/><G60/><T81/><D129/><N who="1" m="49163" /><E104/><V96/><F64/><W122/><G66/><T19/><D69/><U108/><E125/><V25/><F42/><W17/><G17/><T58/><D47/><U50/><E79/><V21/><F21/><W94/><G65/><T123/><D123/><U75/><E75/><V68/><F68/><W84/><G122/><T120/><D120/><U35/><E35/><V72/><F105/><W77/><G112/><T11/><D58/><U114/><E114/><V45/><F45/><W73/><G78/><T32/><D30/><U91/><E91/><V46/><F46/><W128/><G128/><T133/><D89/><U15/><E50/><V40/><F40/><W93/><AGARI ba="0,0" hai="73,77,82,84,87,88,90,93,94,132,134" m="45131" machi="93" ten="30,4000,0" yaku="34,2,54,1" doraHai="10" who="3" fromWho="3" sc="327,-10,195,-10,299,-20,179,40" /><INIT seed="3,0,0,3,3,76" ten="317,185,279,219" oya="3" hai0="98,57,81,115,13,111,96,31,130,92,95,77,18" hai1="66,12,101,59,71,112,61,30,22,4,133,106,63" hai2="21,104,9,68,32,89,110,43,64,45,15,108,123" hai3="116,44,93,118,86,119,17,7,41,100,117,27,50"/><W78/><N who="3" m="29696" /><DORA hai="125" /><W58/><G7/><T83/><D111/><U90/><E112/><V42/><F32/><W62/><G100/><N who="0" m="60423" /><D130/><U75/><E75/><V52/><F64/><W39/><G39/><T51/><D31/><U29/><E133/><V102/><F68/><W56/><G93/><T73/><D77/><U0/><E0/><V74/><F74/><W8/><G62/><T91/><D73/><U54/><E90/><V23/><F123/><W10/><G27/><T60/><D51/><U82/><E82/><V69/><F69/><W55/><G17/><T114/><D114/><U131/><E131/><V84/><F102/><W121/><G121/><T48/><D48/><U105/><E105/><V120/><F104/><W49/><REACH who="3" step="1"/><G58/><REACH who="3" ten="317,185,279,209" step="2"/><T28/><D115/><U124/><E4/><N who="2" m="3495" /><F120/><W14/><G14/><T24/><D24/><U107/><E107/><V97/><F110/><W65/><G65/><N who="0" m="39055" /><D28/><U94/><E106/><V34/><F108/><W113/><G113/><T72/><D72/><U35/><E30/><V36/><F36/><W67/><G67/><T37/><D37/><U1/><E29/><V135/><F135/><W38/><G38/><T26/><D26/><U53/><E66/><V85/><F34/><W40/><G40/><T88/><D13/><U11/><E12/><V134/><F134/><W25/><G25/><T16/><D18/><U128/><E35/><V129/><F43/><W70/><G70/><T20/><D16/><U19/><E71/><V122/><F42/><W127/><G127/><T33/><D95/><U79/><E94/><V6/><F122/><RYUUKYOKU ba="0,1" sc="317,-10,185,-10,279,-10,209,30" hai3="8,10,41,44,49,50,55,56,78,86" /><INIT seed="3,1,1,3,2,28" ten="307,175,269,239" oya="3" hai0="61,24,35,97,74,131,93,116,96,20,23,82,112" hai1="68,60,73,79,6,135,15,16,12,38,39,51,8" hai2="58,104,100,55,130,127,0,19,72,77,87,125,42" hai3="7,88,44,110,94,80,66,29,84,106,50,2,120"/><W56/><G120/><T124/><D116/><U118/><E135/><V103/><F72/><W133/><G133/><T115/><D131/><U27/><E118/><V92/><F104/><W70/><G106/><T123/><D123/><U32/><E68/><V117/><F117/><W71/><G110/><T45/><D124/><N who="2" m="47690" /><F0/><W49/><G29/><N who="0" m="19879" /><D45/><U1/><E60/><V46/><F19/><W36/><G36/><T14/><D61/><U48/><E73/><V33/><F33/><W114/><G114/><N who="0" m="43563" /><D14/><U40/><E15/><V30/><F30/><W78/><G66/><T126/><D126/><U53/><E79/><V34/><F34/><W25/><G25/><T59/><D59/><N who="1" m="33191" /><E51/><N who="2" m="31103" /><F130/><W22/><G22/><N who="0" m="8235" /><D93/><U69/><E69/><V134/><F134/><W62/><G62/><T10/><D10/><U102/><E40/><V86/><F77/><AGARI ba="1,1" hai="74,77,82,96,97" m="8235,43563,19879" machi="77" ten="30,2000,0" yaku="11,1,52,1" doraHai="28" who="0" fromWho="2" sc="307,33,175,0,269,-23,239,0" /><INIT seed="4,0,0,2,1,89" ten="340,175,246,239" oya="0" hai0="94,47,25,56,121,90,134,78,50,18,57,103,64" hai1="74,5,105,11,104,23,71,54,119,10,83,82,12" hai2="95,98,132,46,127,117,63,102,100,129,84,120,108" hai3="32,87,124,128,106,85,13,26,24,66,14,40,35"/><T0/><D121/><U2/><E71/><V44/><F120/><W65/><G40/><T122/><D122/><U93/><E119/><V81/><F117/><W135/><G106/><T45/><D0/><U55/><E23/><V114/><F108/><W33/><G124/><T96/><D134/><U1/><E12/><N who="3" m="4714" /><G135/><T61/><D78/><U88/><E74/><V113/><F132/><W76/><G76/><T17/><D103/><U9/><E9/><V116/><F116/><W16/><G16/><N who="0" m="6251" /><D25/><N who="3" m="9833" /><G128/><T19/><D19/><U112/><E112/><N who="2" m="43115" /><F129/><W31/><G31/><T123/><D123/><U91/><E5/><V4/><F4/><W52/><G52/><AGARI ba="0,0" hai="45,47,50,52,56,57,61,64,90,94,96" m="6251" machi="52" ten="30,11600,0" yaku="8,1,52,1,54,2" doraHai="89" who="0" fromWho="3" sc="340,116,175,0,246,0,239,-116" /><INIT seed="4,1,0,4,2,18" ten="456,175,246,123" oya="0" hai0="13,115,67,109,133,31,108,62,70,88,21,54,113" hai1="75,58,12,49,29,33,65,97,112,127,10,107,126" hai2="77,117,50,86,61,69,27,64,102,114,85,81,121" hai3="3,15,130,46,131,26,7,8,40,72,0,45,57"/><T84/><D133/><U43/><E75/><V66/><F121/><W23/><G72/><T37/><D37/><U38/><E38/><V14/><F114/><N who="0" m="43530" /><D54/><U51/><E112/><V17/><F117/><W101/><G101/><T11/><D11/><U94/><E107/><V125/><F125/><N who="1" m="47625" /><E43/><V103/><F66/><W79/><G79/><T80/><D13/><U55/><E65/><V106/><F106/><W76/><G76/><T78/><D78/><U1/><E1/><V123/><F123/><W129/><G57/><T105/><D105/><U95/><E51/><V35/><F50/><W36/><REACH who="3" step="1"/><G46/><REACH who="3" ten="456,175,246,113" step="2"/><T96/><D108/><U111/><E111/><V93/><F103/><W83/><G83/><T53/><D80/><U44/><E58/><V9/><F102/><W41/><G41/><T116/><D109/><U118/><E118/><V30/><F93/><W110/><G110/><T104/><D116/><U74/><E74/><AGARI ba="1,1" hai="9,14,17,27,30,35,61,64,69,74,77,81,85,86" machi="74" ten="30,1000,0" yaku="7,1" doraHai="18" who="2" fromWho="1" sc="456,0,175,-13,246,23,113,0" /><INIT seed="5,0,0,1,2,12" ten="456,162,269,113" oya="1" hai0="101,50,61,113,65,52,89,97,116,23,112,21,72" hai1="1,126,111,115,135,11,99,36,8,46,26,9,42" hai2="48,120,76,32,49,45,25,122,133,37,86,30,92" hai3="55,73,69,70,13,71,79,127,64,51,119,100,3"/><U123/><E123/><V80/><F133/><W106/><G3/><T29/><D72/><U58/><E135/><V59/><F37/><W7/><G127/><T43/><D43/><U95/><E126/><V94/><F94/><W96/><G119/><T15/><D116/><U16/><E115/><N who="0" m="44105" /><D89/><U44/><E111/><V35/><F35/><W88/><G64/><T77/><D77/><U6/><E46/><V103/><F59/><W56/><G79/><T28/><D15/><U117/><E117/><V17/><F49/><W60/><G73/><T66/><D29/><U40/><E40/><V19/><F122/><W57/><G88/><T130/><D28/><U128/><E128/><V62/><F62/><W33/><G33/><T105/><D130/><U4/><E58/><V2/><F2/><W98/><G98/><T47/><D66/><U108/><E108/><V18/><F120/><W114/><G114/><T22/><D21/><U131/><E131/><V68/><F68/><AGARI ba="0,0" hai="22,23,47,50,52,61,65,68,97,101,105" m="44105" machi="68" ten="30,2000,0" yaku="15,1,54,1" doraHai="12" who="0" fromWho="2" sc="456,20,162,0,269,-20,113,0" /><INIT seed="6,0,0,3,4,95" ten="476,162,249,113" oya="2" hai0="67,98,127,11,131,0,44,106,114,37,69,22,109" hai1="100,65,72,10,48,30,101,103,80,113,115,120,3" hai2="46,102,34,47,99,108,118,66,122,97,121,82,76" hai3="135,92,54,78,125,62,5,1,86,45,6,17,26"/><V60/><F34/><W91/><G1/><T15/><D15/><U40/><E65/><V126/><F118/><W133/><G125/><T59/><D22/><U119/><E119/><V130/><F126/><W64/><G78/><T9/><D59/><U36/><E36/><V31/><F130/><W29/><G17/><T16/><D16/><U51/><E30/><V56/><F108/><W63/><G135/><T25/><D11/><U50/><E120/><V4/><F31/><W74/><G74/><T42/><D109/><U110/><E110/><V84/><F121/><W33/><G133/><T68/><D127/><U20/><E20/><V107/><F122/><W43/><G54/><T123/><D123/><U96/><E3/><V132/><F132/><W8/><G64/><T70/><D114/><N who="1" m="43531" /><E10/><V52/><F4/><W117/><G117/><T134/><D134/><U79/><E40/><V57/><F99/><AGARI ba="0,0" hai="48,50,51,72,79,80,96,99,100,101,103" m="43531" machi="99" ten="40,5200,0" yaku="15,1,52,2" doraHai="95" who="1" fromWho="2" sc="476,0,162,52,249,-52,113,0" /><INIT seed="7,0,0,5,4,63" ten="476,214,197,113" oya="3" hai0="106,113,73,16,29,89,23,72,88,84,92,7,107" hai1="82,101,36,93,59,28,53,109,85,65,129,13,108" hai2="111,62,135,22,32,112,70,122,19,38,1,128,56" hai3="57,17,0,77,75,46,47,98,133,21,5,102,66"/><W83/><G133/><T55/><D113/><U130/><E36/><V39/><RYUUKYOKU type="yao9" ba="0,0" sc="476,0,214,0,197,0,113,0" hai2="1,19,22,32,38,39,56,62,70,111,112,122,128,135" /><INIT seed="7,1,0,2,2,92" ten="476,214,197,113" oya="3" hai0="105,119,121,34,4,120,84,96,53,101,29,45,134" hai1="9,95,7,41,52,63,28,87,97,80,31,114,36" hai2="25,79,98,85,43,61,103,3,128,13,68,20,40" hai3="104,129,115,69,46,110,8,127,125,16,116,60,42"/><W57/><G104/><T76/><D119/><U74/><E74/><V49/><F3/><W58/><G116/><T18/><D134/><U100/><E114/><V62/><F128/><W93/><G129/><T24/><D4/><U118/><E41/><V33/><F13/><W72/><G72/><T65/><D65/><U15/><E36/><V30/><F49/><W2/><G115/><T59/><D45/><U102/><E102/><V88/><F79/><W27/><G110/><T70/><D70/><U111/><E111/><V108/><F108/><W82/><G2/><T73/><D73/><U17/><E7/><V21/><F21/><W91/><G82/><T77/><D77/><N who="1" m="46479" /><E118/><V0/><F0/><W37/><G69/><T106/><D106/><U112/><E112/><V6/><F6/><W94/><G94/><T75/><D75/><U71/><E71/><V124/><F124/><N who="3" m="47691" /><G60/><T54/><D105/><U39/><E39/><V131/><F131/><W47/><G47/><T107/><D107/><U22/><E9/><V126/><F126/><W23/><G8/><T66/><D121/><U55/><E63/><V99/><F68/><W32/><G32/><T90/><D120/><U64/><E64/><V19/><F62/><W117/><G117/><T50/><D66/><U10/><E10/><V135/><F61/><W78/><G78/><T86/><D76/><U35/><E35/><V48/><F33/><W56/><G56/><T113/><D113/><U89/><E100/><V123/><F123/><W83/><G83/><T81/><D34/><U1/><E1/><V122/><F122/><RYUUKYOKU ba="1,0" sc="476,-15,214,15,197,-15,113,15" hai1="15,17,22,28,31,52,55,89,95,97" hai3="16,23,27,37,42,46,57,58,91,93" /><INIT seed="7,2,0,4,2,78" ten="461,229,182,128" oya="3" hai0="100,84,62,96,80,7,0,3,95,23,97,108,47" hai1="63,42,28,131,26,61,133,88,89,44,71,110,6" hai2="12,82,87,74,52,58,104,90,53,13,135,64,55" hai3="51,27,76,85,14,129,117,109,113,73,69,134,94"/><W30/><G73/><T132/><D108/><U81/><E110/><V43/><F104/><W123/><G109/><T25/><D132/><U106/><E106/><V114/><F74/><W29/><G117/><T4/><D97/><U127/><E133/><V5/><F135/><W18/><G134/><T17/><D47/><U121/><E121/><V72/><F72/><W111/><G123/><T115/><D115/><U21/><E127/><V45/><F5/><W19/><G69/><T60/><D0/><U46/><E131/><V75/><F75/><W32/><G129/><T40/><D40/><U56/><E71/><V68/><F68/><W35/><G113/><T49/><D49/><N who="1" m="26775" /><E6/><N who="0" m="2089" /><D3/><U130/><E130/><V98/><F98/><W59/><G111/><T57/><D57/><U36/><E36/><V102/><F102/><W66/><G66/><T128/><D128/><U92/><E46/><V38/><F114/><W77/><G77/><AGARI ba="2,0" hai="17,23,25,60,62,77,80,84,95,96,100" m="2089" machi="77" ten="30,2000,0" yaku="8,1,52,1" doraHai="78" who="0" fromWho="3" sc="461,26,229,0,182,0,128,-26" owari="487,59.0,229,3.0,182,-22.0,102,-40.0" /></mjloggm>