<mjloggm ver="2.3"><GO type="97" lobby="0"/><UN n0="%73%69%72%6F%6B%61%6D%69" n1="%E3%82%A6%E3%83%AB%E3%83%88%E3%83%A9%E7%AB%8B%E7%9B%B4" n2="%64%61%69%6B%69%74%69" n3="%4C%4D%41%62%61%63%69" dan="13,15,14,14" rate="1820.47,1993.07,1932.71,1898.79" sx="M,M,M,M"/><TAIKYOKU oya="0"/><INIT seed="0,0,0,4,5,42" ten="250,250,250,250" oya="0" hai0="124,84,118,114,31,67,87,122,41,127,76,95,9" hai1="3,10,79,51,18,109,129,2,89,130,11,78,100" hai2="132,59,28,77,81,36,49,75,6,50,62,60,5" hai3="34,30,120,65,64,53,29,73,45,82,104,4,7"/><T133/><BYE who="1" /><D41/><U98/><E98/><V13/><F132/><W61/><G104/><T26/><D67/><U44/><E44/><V24/><F36/><W119/><G119/><T40/><D9/><U103/><E103/><V47/><F50/><W131/><G34/><UN n1="%E3%82%A6%E3%83%AB%E3%83%88%E3%83%A9%E7%AB%8B%E7%9B%B4" /><T32/><D40/><U71/><E89/><V117/><F117/><W25/><G120/><T110/><D122/><U97/><E51/><V66/><F60/><W15/><G131/><N who="1" m="50186" /><E71/><V115/><F115/><W123/><G123/><T27/><D118/><U63/><E63/><V46/><F13/><W128/><G128/><T21/><D114/><U121/><E121/><V125/><F125/><N who="0" m="48202" /><D133/><U83/><E11/><V91/><F91/><W16/><G73/><T74/><D110/><U116/><E116/><V111/><F111/><W38/><G38/><T22/><D95/><U134/><E134/><V37/><F37/><W33/><G82/><N who="0" m="45335" /><D32/><U17/><E109/><V19/><F19/><AGARI ba="0,0" hai="19,21,22,26,27,31,84,87" m="45335,48202" machi="19" ten="30,1500,0" yaku="18,1" doraHai="42" who="0" fromWho="2" sc="250,15,250,0,250,-15,250,0" /><INIT seed="0,1,0,3,0,116" ten="265,250,235,250" oya="0" hai0="40,107,80,1,50,123,2,83,49,45,60,130,106" hai1="21,78,57,72,102,8,81,12,109,86,58,56,43" hai2="36,132,90,101,112,25,131,82,18,16,70,3,68" hai3="129,47,97,74,104,33,32,100,54,13,23,96,134"/><T30/><D123/><U84/><E109/><V48/><F112/><W88/><G129/><T9/><D130/><U15/><E43/><V71/><F131/><W63/><G74/><T35/><D60/><U98/><E21/><V27/><F36/><W55/><G134/><T14/><D35/><U10/><E72/><V93/><F3/><W34/><G47/><T67/><D30/><U89/><E98/><V128/><F128/><W122/><G122/><T117/><D67/><U37/><E102/><V92/><F132/><W87/><G96/><T75/><D117/><U103/><E103/><V28/><F48/><W52/><G13/><N who="1" m="5194" /><E37/><V73/><F101/><W31/><G23/><T121/><D121/><U95/><AGARI ba="1,0" hai="8,10,56,57,58,78,81,84,86,89,95" m="5194" machi="95" ten="30,1100,0" yaku="8,1" doraHai="116" who="1" fromWho="1" sc="265,-6,250,14,235,-4,250,-4" /><INIT seed="1,0,0,3,1,26" ten="259,264,231,246" oya="1" hai0="80,104,24,99,134,130,113,97,54,121,58,45,133" hai1="3,85,109,12,35,78,51,17,32,25,103,7,91" hai2="68,110,48,107,81,93,105,106,19,49,100,0,95" hai3="66,27,5,21,127,101,10,56,53,40,120,84,22"/><U112/><E78/><V79/><F0/><W41/><G120/><T13/><D121/><U90/><E103/><V29/><F68/><W118/><G118/><T124/><D113/><U65/><E65/><V117/><F117/><W92/><G127/><T8/><D124/><U88/><E112/><V74/><F110/><W76/><G76/><T64/><D130/><U14/><E109/><V34/><F19/><W59/><G66/><T60/><D80/><U77/><E3/><V82/><F82/><W6/><G22/><T31/><D104/><U57/><E77/><V108/><F108/><W67/><G67/><T63/><D45/><U52/><E85/><V119/><F119/><W96/><G84/><T98/><D134/><U131/><E131/><V115/><F115/><W102/><G101/><T4/><D133/><U72/><E72/><V86/><F93/><W55/><G59/><T61/><REACH who="0" step="1"/><D64/><REACH who="0" ten="249,264,231,246" step="2"/><U114/><E114/><V23/><F74/><W20/><G92/><T42/><D42/><U18/><E7/><V129/><F129/><W47/><G41/><T75/><D75/><U83/><E83/><V15/><F95/><W9/><G40/><T39/><D39/><U71/><E71/><V16/><REACH who="2" step="1"/><F100/><REACH who="2" ten="249,264,221,246" step="2"/><W2/><G102/><T123/><D123/><U44/><E18/><V126/><F126/><W11/><G5/><T89/><D89/><U73/><E73/><V132/><F132/><W116/><G6/><T70/><D70/><U62/><E17/><V30/><F30/><W122/><G122/><T46/><D46/><U33/><E90/><V36/><F36/><RYUUKYOKU ba="0,2" sc="249,15,264,-15,221,15,246,-15" hai0="4,8,13,24,31,54,58,60,61,63,97,98,99" hai2="15,16,23,29,34,48,49,79,81,86,105,106,107" /><INIT seed="2,1,2,0,1,117" ten="264,249,236,231" oya="2" hai0="52,44,23,79,70,125,32,73,16,95,107,19,108" hai1="39,8,91,62,78,36,69,124,24,127,84,74,116" hai2="128,98,82,106,30,90,54,9,88,38,60,97,25" hai3="85,80,15,57,81,66,4,103,45,41,18,49,110"/><V123/><F128/><W114/><G110/><T115/><D32/><U31/><E116/><V93/><F38/><W28/><G114/><T22/><D70/><U7/><E78/><V71/><F9/><N who="3" m="4519" /><G28/><T50/><D107/><U12/><E74/><V133/><F133/><W75/><G75/><T56/><D115/><U63/><E39/><V64/><F54/><W94/><G18/><N who="0" m="6699" /><D108/><U122/><E36/><V61/><F61/><N who="3" m="38191" /><G103/><T37/><D37/><U77/><E77/><V113/><F113/><W67/><G67/><T119/><D119/><U72/><E72/><V121/><F82/><W126/><G126/><N who="1" m="48170" /><E69/><V68/><F68/><W134/><G134/><T27/><D73/><U29/><E29/><V46/><F46/><W0/><G0/><T83/><D79/><U10/><E10/><V17/><F17/><W47/><G45/><T33/><D83/><N who="1" m="49567" /><E122/><V6/><F6/><W14/><G14/><T26/><D33/><AGARI ba="1,2" hai="7,8,12,24,31,33,62,63" m="49567,48170" machi="33" ten="30,1000,0" yaku="18,1" doraHai="117" who="1" fromWho="0" sc="264,-13,249,33,236,0,231,0" /><INIT seed="3,0,0,2,2,57" ten="251,282,236,231" oya="3" hai0="68,104,112,127,85,21,134,36,122,105,76,113,11" hai1="74,62,43,87,96,93,95,117,91,10,6,84,64" hai2="9,125,120,14,17,135,89,42,99,90,37,60,13" hai3="81,78,27,38,111,47,44,101,63,65,109,58,7"/><W46/><G101/><T97/><D21/><U80/><E43/><V73/><F120/><W98/><G98/><T126/><D11/><U51/><E51/><V54/><F73/><W131/><G7/><T23/><D23/><U35/><E35/><V83/><F135/><W52/><G27/><T100/><D36/><U33/><E33/><V32/><F32/><W114/><G114/><N who="0" m="44139" /><D68/><U86/><E74/><V121/><F121/><W26/><G26/><T130/><D122/><U133/><E133/><V108/><F108/><N who="3" m="41547" /><G131/><T129/><D134/><U29/><E29/><V75/><F125/><N who="0" m="47626" /><D105/><U56/><E117/><V132/><F132/><W40/><G65/><T123/><D123/><U41/><E41/><V18/><F37/><W48/><G38/><T20/><D20/><U118/><E118/><V107/><F42/><W15/><G15/><T92/><D92/><U16/><E93/><V0/><F0/><W31/><G31/><T12/><D12/><N who="1" m="7191" /><E6/><V116/><F116/><W34/><G34/><T28/><D28/><U77/><AGARI ba="0,0" hai="56,62,64,77,80,84,86,87,91,95,96" m="7191" machi="77" ten="30,4000,0" yaku="8,1,52,1,54,1" doraHai="57" who="1" fromWho="1" sc="251,-10,282,40,236,-10,231,-20" owari="241,4.0,322,42.0,226,-17.0,211,-29.0" /></mjloggm>