<mjloggm ver="2.3"><GO type="97" lobby="0"/><UN n0="%69%6B%61%75%73%74%61%6B" n1="%E3%82%A6%E3%83%AB%E3%83%88%E3%83%A9%E7%AB%8B%E7%9B%B4" n2="%E3%81%99%E3%81%BF%E3%82%84%E3%81%AB" n3="%E3%82%B8%E3%83%A0%E3%82%B5" dan="14,15,14,13" rate="1922.14,1999.88,1930.07,1869.22" sx="M,M,M,M"/><TAIKYOKU oya="0"/><INIT seed="0,0,0,4,2,33" ten="250,250,250,250" oya="0" hai0="41,127,2,126,35,34,59,110,80,21,97,128,18" hai1="89,24,67,77,64,14,120,69,45,74,72,15,46" hai2="50,0,76,103,53,3,100,36,93,6,1,5,61" hai3="135,104,133,38,8,9,102,25,91,19,130,90,17"/><T114/><D114/><U23/><E77/><V62/><F36/><W85/><G38/><T101/><D128/><U78/><E23/><V68/><F76/><W96/><G130/><T118/><D118/><U108/><E24/><V63/><F68/><W28/><G91/><T70/><D70/><U43/><E43/><V94/><F50/><W58/><G9/><T22/><D41/><U13/><E78/><V119/><F53/><W44/><G44/><T29/><D110/><U39/><E39/><V84/><F119/><W42/><G42/><T56/><D80/><U123/><E69/><V79/><F79/><W82/><G58/><N who="0" m="22059" /><D2/><U48/><E48/><V129/><F129/><W122/><G122/><T134/><D134/><N who="3" m="51209" /><G8/><T95/><D29/><U81/><E81/><V113/><F113/><W4/><G4/><N who="2" m="1641" /><F84/><W31/><G31/><T125/><D22/><AGARI ba="0,0" hai="17,19,22,25,28,82,85,90,96,102,104" m="51209" machi="22" ten="30,1000,0" yaku="20,1" doraHai="33" who="3" fromWho="0" sc="250,-10,250,0,250,0,250,10" /><INIT seed="1,0,0,1,1,73" ten="240,250,250,260" oya="1" hai0="103,113,127,118,94,51,69,86,77,100,25,35,26" hai1="105,4,55,0,92,82,132,29,36,31,80,68,52" hai2="61,21,11,13,116,76,58,40,98,1,106,71,107" hai3="121,78,101,27,130,90,87,63,49,122,108,59,15"/><U96/><E105/><V84/><F116/><W39/><G39/><T128/><D118/><U46/><E68/><V74/><F74/><W18/><G130/><T17/><D113/><U60/><E132/><V54/><F40/><W93/><G108/><T7/><D69/><U24/><E29/><V66/><F1/><W110/><G110/><T83/><D127/><U64/><E4/><V117/><F21/><W32/><G32/><T34/><D128/><U85/><E0/><V43/><F43/><W135/><G135/><T6/><D35/><U5/><E5/><N who="0" m="1545" /><D34/><U20/><E82/><V57/><F71/><W99/><G27/><N who="0" m="10251" /><D51/><U120/><E120/><V115/><F115/><W111/><G49/><T23/><D94/><U45/><E36/><V41/><F117/><W30/><G30/><T129/><D129/><U14/><E14/><AGARI ba="0,0" hai="14,17,23,77,83,86,100,103" m="10251,1545" machi="14" ten="30,2000,0" yaku="8,1,52,1" doraHai="73" who="0" fromWho="1" sc="240,20,250,-20,250,0,260,0" /><INIT seed="2,0,0,2,2,45" ten="260,230,250,260" oya="2" hai0="24,61,75,94,34,37,121,115,133,84,55,44,102" hai1="114,83,51,101,130,25,135,107,2,28,108,14,91" hai2="131,134,89,117,126,72,9,46,125,132,35,109,48" hai3="66,110,22,100,103,7,93,36,88,73,43,58,15"/><V40/><F35/><W21/><G73/><T29/><D121/><U122/><E2/><V129/><F72/><W77/><G110/><T0/><D0/><U54/><E114/><V60/><F9/><W63/><G77/><T17/><D75/><U16/><E108/><V86/><F60/><W6/><G43/><T65/><D115/><U69/><E69/><V33/><F33/><W52/><G36/><T106/><D106/><U57/><E122/><V50/><F50/><W64/><G64/><T120/><D133/><N who="2" m="51306" /><F117/><W112/><G112/><T10/><D120/><U39/><E39/><V82/><F109/><W105/><G105/><T8/><D37/><U70/><E70/><V12/><F12/><W124/><G124/><AGARI ba="0,0" hai="40,46,48,82,86,89,124,125,126,129,131" m="51306" machi="124" ten="30,12000,1" yaku="30,2,18,1,20,1,52,1" doraHai="45" who="2" fromWho="3" sc="260,0,230,0,250,120,260,-120" /><INIT seed="2,1,0,5,3,17" ten="260,230,370,140" oya="2" hai0="43,56,65,121,46,82,123,36,55,89,47,111,58" hai1="12,3,66,88,102,38,120,2,135,33,79,91,77" hai2="105,114,80,78,69,24,76,19,63,133,101,22,21" hai3="11,70,45,4,117,59,6,14,28,67,37,106,124"/><V62/><F114/><W64/><G106/><T74/><D89/><N who="1" m="34379" /><E12/><V128/><F105/><W27/><G117/><T126/><D82/><U25/><E66/><V5/><F101/><W130/><G124/><T73/><D74/><U7/><E102/><V23/><F128/><W127/><G130/><T60/><D73/><U97/><E97/><V125/><F125/><W108/><G127/><T96/><D96/><U13/><E13/><V35/><F35/><W85/><G108/><T86/><D86/><U100/><E100/><V40/><F40/><W113/><G113/><T52/><D126/><U110/><E7/><V15/><F133/><W18/><G70/><N who="0" m="42279" /><D111/><U122/><E38/><V39/><F80/><W8/><G37/><T57/><D47/><U29/><E135/><V31/><F5/><W116/><G116/><T75/><D75/><U30/><E110/><V84/><F78/><N who="1" m="29705" /><E33/><V53/><F76/><W93/><G45/><T48/><D55/><U44/><E44/><V119/><F53/><W90/><G59/><N who="0" m="22603" /><D123/><N who="1" m="47147" /><E25/><V107/><F24/><W34/><REACH who="3" step="1"/><G18/><REACH who="3" ten="260,230,370,130" step="2"/><T118/><D121/><U98/><E98/><V26/><F19/><W49/><G49/><N who="0" m="30991" /><D118/><U87/><E87/><V99/><F84/><W9/><G9/><T10/><D10/><U132/><E132/><V115/><F119/><W54/><G54/><T68/><D68/><U0/><AGARI ba="1,1" hai="0,2,3,29,30" m="47147,29705,34379" machi="0" ten="40,8000,1" yaku="28,2,13,1,54,1" doraHai="17" who="1" fromWho="1" sc="260,-21,230,93,370,-41,130,-21" /><INIT seed="3,0,0,5,0,36" ten="239,323,329,109" oya="3" hai0="24,88,16,27,21,54,44,84,60,99,30,122,67" hai1="82,108,2,64,128,75,100,98,49,103,61,124,74" hai2="113,123,37,1,31,55,80,126,114,110,105,94,5" hai3="6,0,40,115,57,46,12,85,4,102,77,59,132"/><W86/><G115/><T43/><D122/><U52/><E2/><V91/><F105/><W129/><G0/><T51/><D99/><U97/><E82/><V118/><F37/><W42/><G129/><T25/><D30/><U13/><E128/><V76/><F118/><W130/><G130/><T35/><D35/><U29/><E29/><V134/><F114/><W93/><G132/><T119/><D119/><U120/><E120/><V121/><F1/><W63/><G102/><T50/><D50/><U117/><E117/><V15/><F113/><W107/><G107/><T48/><D48/><U33/><E33/><V70/><F70/><W89/><G46/><T135/><D135/><U3/><E3/><V28/><F134/><W10/><G6/><T41/><D60/><U104/><E13/><V106/><F106/><W47/><G47/><T71/><D67/><U90/><E90/><V20/><F123/><W66/><REACH who="3" step="1"/><G59/><REACH who="3" ten="239,323,329,99" step="2"/><T58/><D71/><U17/><E100/><V9/><F5/><W133/><G133/><T101/><D101/><U18/><E103/><V45/><F45/><W8/><G8/><T69/><D69/><U72/><E104/><V32/><F9/><W111/><G111/><T83/><D58/><U87/><E108/><V125/><F110/><W116/><G116/><T26/><AGARI ba="0,1" hai="16,21,24,25,26,27,41,43,44,51,54,83,84,88" machi="26" ten="30,12000,2" yaku="0,1,8,1,52,2,54,2" doraHai="36" who="0" fromWho="0" sc="239,130,323,-30,329,-30,99,-60" owari="369,47.0,293,-11.0,299,10.0,39,-46.0" /></mjloggm>