<mjloggm ver="2.3"><GO type="97" lobby="0"/><UN n0="%73%35%33" n1="%6B%6F%75%2D%79" n2="%E3%82%A6%E3%83%AB%E3%83%88%E3%83%A9%E7%AB%8B%E7%9B%B4" n3="%E3%83%9D%E3%83%86%E3%83%88%E3%83%81%E3%83%83%E3%83%97" dan="16,15,15,14" rate="2075.36,1932.69,2027.38,1889.95" sx="M,M,M,M"/><TAIKYOKU oya="0"/><INIT seed="0,0,0,2,3,47" ten="250,250,250,250" oya="0" hai0="74,25,26,108,50,122,97,1,16,87,66,71,96" hai1="84,20,62,101,37,70,85,12,118,120,109,78,114" hai2="98,6,44,63,28,27,111,91,0,72,32,40,43" hai3="129,79,94,124,102,88,83,65,5,130,14,19,55"/><T86/><D1/><U38/><E120/><V95/><F111/><W80/><G124/><T51/><D74/><U33/><E118/><V9/><F72/><W49/><G5/><T8/><D71/><U119/><E33/><V7/><F7/><W45/><G65/><T110/><D66/><U59/><E70/><V82/><F82/><W29/><G102/><T46/><D8/><U125/><E109/><N who="0" m="42089" /><D122/><U132/><E125/><V61/><REACH who="2" step="1"/><F43/><REACH who="2" ten="250,250,240,250" step="2"/><W15/><G29/><T57/><D16/><U107/><E119/><V69/><F69/><W52/><G79/><T53/><D26/><U76/><E76/><V31/><F31/><W4/><G83/><T126/><D25/><U131/><E78/><V113/><F113/><W116/><G116/><T90/><D126/><U39/><E114/><V3/><F3/><W18/><G80/><N who="0" m="49479" /><D87/><U103/><E85/><V75/><F75/><W92/><G4/><T77/><D77/><U81/><E81/><V35/><F35/><W68/><G68/><T36/><D36/><AGARI ba="0,1" hai="0,6,9,27,28,32,36,40,44,61,63,91,95,98" machi="36" ten="30,2000,0" yaku="1,1,7,1,53,0" doraHai="47" doraHaiUra="115" who="2" fromWho="0" sc="250,-20,250,0,240,30,250,0" /><INIT seed="1,0,0,4,5,126" ten="230,250,270,250" oya="1" hai0="54,32,94,50,127,135,122,43,17,44,21,124,1" hai1="90,85,6,25,47,35,36,7,111,22,51,27,131" hai2="80,15,129,19,114,37,109,69,133,116,104,42,55" hai3="134,18,79,24,81,2,91,88,89,75,48,99,9"/><U40/><E35/><V23/><F42/><W119/><G134/><T76/><D32/><U67/><E27/><V33/><F80/><W49/><G119/><T63/><D1/><U108/><E36/><V60/><F55/><W95/><G2/><T3/><D3/><U123/><E67/><V41/><F41/><W78/><G78/><T84/><D135/><U112/><E112/><V77/><F77/><W53/><G48/><T4/><D4/><U93/><E123/><V28/><F60/><W11/><G11/><T110/><D110/><N who="1" m="42027" /><E131/><V100/><F100/><W57/><REACH who="3" step="1"/><G24/><REACH who="3" ten="230,250,270,240" step="2"/><T65/><D127/><U38/><E51/><V12/><F116/><W0/><G0/><T31/><D124/><U82/><E6/><V13/><F133/><W16/><G16/><T14/><D122/><U92/><E7/><V73/><F19/><AGARI ba="0,1" hai="19,22,25,38,40,47,82,85,90,92,93" m="42027" machi="19" ten="30,2900,0" yaku="14,1,10,1" doraHai="126" who="1" fromWho="2" sc="230,0,250,39,270,-29,240,0" /><INIT seed="1,1,0,5,5,82" ten="230,289,241,240" oya="1" hai0="22,117,80,13,77,127,75,118,61,48,15,123,98" hai1="85,97,63,115,107,133,131,65,58,99,39,120,86" hai2="69,62,110,9,113,53,52,0,47,122,18,134,37" hai3="88,93,44,26,90,1,71,102,27,132,66,23,87"/><U106/><E120/><V126/><F122/><W135/><G1/><T76/><D123/><U79/><E39/><V78/><F126/><W128/><G128/><T108/><D127/><U112/><E131/><V74/><F134/><N who="3" m="51243" /><G44/><T119/><D108/><U104/><E133/><V28/><F110/><W33/><G33/><T17/><D48/><U42/><E42/><V72/><F28/><W41/><G41/><T31/><D31/><U96/><REACH who="1" step="1"/><E79/><REACH who="1" ten="230,279,241,240" step="2"/><V24/><F37/><W103/><G66/><T29/><D77/><U46/><E46/><V4/><F78/><W51/><G71/><T21/><D29/><U34/><E34/><V40/><F40/><W11/><G11/><T83/><D76/><U67/><E67/><V89/><F9/><W121/><G121/><T12/><D75/><U94/><E94/><V25/><F47/><W125/><G125/><T54/><D22/><U20/><E20/><V45/><F74/><W100/><G23/><T68/><D68/><U32/><E32/><V73/><F72/><W70/><G70/><T129/><D129/><U92/><E92/><V49/><F73/><W30/><G30/><T116/><D116/><U101/><E101/><V5/><F69/><W57/><G90/><T130/><D130/><U64/><E64/><V50/><F89/><W55/><AGARI ba="1,1" hai="26,27,51,55,57,87,88,93,100,102,103" m="51243" machi="55" ten="40,5200,0" yaku="20,1,52,1,54,1" doraHai="82" who="3" fromWho="3" sc="230,-14,279,-27,241,-14,240,65" /><INIT seed="2,0,0,4,5,132" ten="216,252,227,305" oya="2" hai0="4,51,6,104,114,83,125,103,48,49,78,87,42" hai1="38,84,68,122,57,45,39,90,27,119,25,20,7" hai2="86,21,71,12,133,35,62,109,116,36,5,64,67" hai3="79,50,99,115,40,97,88,75,105,101,117,128,73"/><V61/><F35/><W85/><G40/><T91/><D114/><U98/><E68/><V16/><F116/><W134/><G50/><T23/><D42/><U29/><E119/><V34/><F34/><W113/><G117/><T89/><D125/><U69/><E69/><V22/><F133/><W95/><G134/><T120/><D120/><U126/><E7/><N who="0" m="2601" /><D104/><U52/><E122/><V32/><F32/><W107/><G128/><T30/><D103/><U3/><E3/><V43/><F109/><W92/><G92/><T59/><D59/><U58/><E126/><V60/><F5/><W18/><G18/><T10/><D10/><U94/><E58/><V82/><F71/><W130/><G130/><T13/><D30/><U19/><E84/><V70/><F70/><W31/><G31/><T110/><D110/><U111/><E45/><V135/><F135/><W9/><G9/><T100/><D100/><U1/><E1/><V37/><F22/><W14/><G14/><T118/><D118/><U24/><E111/><V106/><F106/><W102/><REACH who="3" step="1"/><G73/><REACH who="3" ten="216,252,227,295" step="2"/><T44/><D44/><U33/><E27/><V2/><F2/><W47/><G47/><T108/><D108/><U121/><E121/><V63/><N who="2" m="15360" /><DORA hai="72" /><V123/><F123/><W80/><AGARI ba="0,1" hai="75,79,80,85,88,95,97,99,101,102,105,107,113,115" machi="80" ten="30,24000,4" yaku="1,1,0,1,9,1,24,2,34,3,52,1,54,1,53,1" doraHai="132,72" doraHaiUra="8,81" who="3" fromWho="3" sc="216,-60,252,-60,227,-120,295,250" /><INIT seed="3,0,0,4,4,57" ten="156,192,107,545" oya="3" hai0="58,89,50,5,134,74,68,0,64,114,87,43,116" hai1="10,33,48,76,65,108,106,32,51,115,41,119,66" hai2="60,56,36,6,3,29,85,131,44,28,42,21,103" hai3="97,79,14,9,47,118,129,133,72,73,27,8,117"/><W128/><G133/><T12/><D74/><U113/><E106/><V16/><F131/><N who="3" m="50251" /><G97/><T111/><D0/><U130/><E130/><V88/><F103/><W62/><G9/><N who="0" m="4143" /><D116/><N who="3" m="44649" /><G79/><T37/><D111/><U135/><E119/><V80/><F6/><W132/><G132/><T11/><D11/><U104/><E104/><V86/><F3/><W26/><G47/><N who="0" m="25983" /><D68/><U25/><E10/><V59/><F86/><W45/><G45/><T122/><D37/><U124/><E76/><V69/><F69/><W70/><G70/><T40/><D122/><U126/><E108/><V94/><F80/><W101/><G101/><T107/><D107/><U52/><E135/><V63/><F59/><W91/><G91/><T1/><D1/><U34/><E115/><V15/><F60/><W93/><G93/><T17/><D114/><U71/><E71/><V31/><F31/><W109/><G109/><T24/><D134/><U105/><E105/><V35/><F35/><W95/><G95/><N who="0" m="54719" /><D40/><U127/><E113/><V19/><F19/><W18/><G26/><T75/><D75/><U2/><E25/><V23/><F23/><W99/><G99/><T53/><D64/><AGARI ba="0,0" hai="15,16,21,28,29,36,42,44,56,63,64,85,88,94" machi="64" ten="30,7700,0" yaku="7,1,52,1,54,2" doraHai="57" who="2" fromWho="0" sc="156,-77,192,0,107,77,545,0" owari="79,-42.0,192,-1.0,184,-22.0,545,65.0" /></mjloggm>