<mjloggm ver="2.3"><GO type="41" lobby="0"/><UN n0="%E3%82%A6%E3%83%AB%E3%83%88%E3%83%A9%E7%AB%8B%E7%9B%B4" n1="%E3%83%A1%E3%83%B3%E3%83%81" n2="%47%59%4D" n3="%E3%81%95%E3%82%93%E3%81%AD%E3%81%84" dan="16,13,14,14" rate="2065.70,1987.34,1993.15,1993.16" sx="M,M,M,F"/><TAIKYOKU oya="0"/><INIT seed="0,0,0,5,4,25" ten="250,250,250,250" oya="0" hai0="41,132,7,46,110,83,71,15,36,14,21,10,53" hai1="2,123,88,116,127,35,113,22,122,102,17,48,0" hai2="20,67,57,109,103,12,75,42,74,124,96,33,114" hai3="28,6,58,101,87,95,8,1,44,59,133,39,69"/><T30/><D71/><U99/><E116/><V111/><F33/><W82/><G69/><T38/><D132/><U72/><E72/><V50/><F124/><W68/><G68/><T55/><D38/><U62/><E35/><V121/><F121/><W54/><G133/><T78/><D110/><N who="2" m="41994" /><F114/><W129/><G129/><T11/><D21/><U45/><E62/><N who="2" m="38351" /><F42/><W26/><G59/><T98/><D98/><U65/><E65/><V125/><F125/><W92/><G39/><T107/><D107/><U131/><E127/><V4/><F50/><W16/><G44/><T43/><D43/><U115/><E131/><V51/><F51/><W19/><G95/><T97/><D97/><U130/><E130/><V40/><F40/><W32/><G92/><T61/><D61/><U56/><E123/><V73/><F4/><W81/><G101/><T27/><D36/><U31/><E102/><V94/><F20/><W79/><G82/><T93/><D41/><U86/><E122/><V104/><F12/><W29/><G29/><T118/><D30/><U105/><E31/><V60/><F60/><AGARI ba="0,0" hai="1,6,8,16,19,26,28,32,54,58,60,79,81,87" machi="60" ten="30,3900,0" yaku="7,1,52,1,54,1" doraHai="25" who="3" fromWho="2" sc="250,0,250,0,250,-39,250,39" /><INIT seed="1,0,0,1,4,59" ten="250,250,211,289" oya="1" hai0="28,134,90,5,27,112,67,25,22,96,123,9,50" hai1="77,52,69,124,57,49,38,106,97,45,14,95,8" hai2="116,125,29,82,61,18,34,47,114,104,75,133,99" hai3="44,66,103,105,37,16,73,87,35,4,0,102,122"/><U109/><E106/><V24/><F116/><W76/><G73/><T68/><D112/><U20/><E124/><V21/><F125/><W110/><G35/><T93/><D123/><U113/><E113/><V33/><F133/><W36/><G122/><T43/><D134/><U42/><E69/><V117/><F117/><W10/><G110/><T46/><D27/><U63/><E20/><V58/><F114/><W39/><G44/><T94/><D94/><U83/><E109/><V17/><F47/><W92/><G105/><T48/><D68/><U19/><E38/><V132/><F132/><W23/><G66/><T115/><D67/><U128/><E128/><V32/><F104/><W78/><G78/><T127/><D127/><U64/><E64/><V98/><F98/><W71/><G71/><T79/><D79/><U30/><E30/><V62/><F99/><W121/><G121/><T130/><D130/><U84/><E95/><V11/><F11/><W74/><G74/><T107/><D107/><U131/><E131/><V80/><F75/><W120/><G120/><T119/><D119/><U89/><E97/><V26/><F58/><W31/><G31/><T88/><D115/><U51/><E51/><V101/><F101/><W54/><G103/><T81/><D50/><U108/><E108/><V55/><F55/><W41/><G54/><T129/><D129/><U100/><E100/><V72/><F72/><W111/><G111/><T15/><D81/><N who="2" m="31338" /><F17/><W12/><G102/><AGARI ba="0,0" hai="5,9,15,22,25,28,43,46,48,88,90,93,96,102" machi="102" ten="30,3900,0" yaku="7,1,8,1,54,1" doraHai="59" who="0" fromWho="3" sc="250,39,250,0,211,0,289,-39" /><INIT seed="2,0,0,2,3,49" ten="289,250,211,250" oya="2" hai0="133,116,132,108,38,104,112,79,109,135,105,60,37" hai1="3,26,81,102,35,119,72,78,7,50,115,90,103" hai2="106,66,80,85,6,123,39,65,130,131,121,53,86" hai3="122,57,76,128,23,33,99,58,28,111,36,14,118"/><V107/><F39/><N who="0" m="14858" /><D79/><U21/><E119/><V47/><F47/><W87/><G118/><T94/><D94/><U27/><E115/><V61/><F61/><W82/><G122/><T114/><D60/><U4/><E35/><V63/><F63/><W127/><G36/><T62/><D62/><U74/><E74/><V120/><F80/><W117/><G117/><T8/><D8/><U71/><E71/><V126/><F6/><W41/><G41/><T56/><D56/><U134/><E134/><V48/><F48/><W24/><G128/><N who="2" m="49193" /><F53/><W19/><G127/><T34/><D34/><U40/><E90/><V100/><F100/><W84/><G111/><N who="0" m="42571" /><D116/><U32/><E32/><V46/><F46/><W59/><REACH who="3" step="1"/><G99/><REACH who="3" ten="289,250,211,240" step="2"/><T18/><D18/><U13/><E40/><V64/><F126/><W51/><G51/><T95/><D95/><U43/><E43/><V10/><F10/><W91/><G91/><T25/><D25/><U83/><E27/><V12/><F12/><W89/><G89/><T9/><D9/><U70/><E13/><V54/><F54/><W31/><G31/><T29/><D29/><U77/><E26/><V44/><F44/><W20/><G20/><T88/><D88/><U45/><E21/><V101/><F101/><W73/><AGARI ba="0,1" hai="14,19,23,24,28,33,57,58,59,73,76,82,84,87" machi="73" ten="30,2000,0" yaku="1,1,0,1,53,0" doraHai="49" doraHaiUra="69" who="3" fromWho="3" sc="289,-5,250,-5,211,-10,240,30" /><INIT seed="3,0,0,1,4,42" ten="284,245,201,270" oya="3" hai0="88,13,19,48,52,15,114,69,24,29,72,108,106" hai1="2,45,5,86,43,17,96,91,92,104,38,26,57" hai2="105,122,30,115,130,1,56,16,33,32,35,127,74" hai3="120,80,85,49,129,128,41,126,27,60,40,133,68"/><W87/><G120/><T6/><D69/><U36/><E36/><V25/><F105/><W79/><G126/><T132/><D72/><U3/><E5/><V82/><F82/><W135/><G27/><T111/><D106/><U95/><E104/><V21/><F74/><W67/><G87/><T37/><D37/><U89/><REACH who="1" step="1"/><E57/><REACH who="1" ten="284,235,201,270" step="2"/><V99/><F56/><W101/><G101/><T53/><D6/><U107/><E107/><V39/><F39/><W46/><REACH who="3" step="1"/><G40/><REACH who="3" ten="284,235,201,260" step="2"/><T94/><D114/><U97/><E97/><V75/><F99/><W31/><G31/><T4/><D29/><U44/><E44/><V71/><F30/><W90/><G90/><T62/><D88/><U98/><E98/><V7/><F122/><W70/><G70/><T119/><D119/><U54/><E54/><V61/><F71/><W14/><G14/><T20/><D15/><U125/><E125/><V102/><F127/><W22/><G22/><AGARI ba="0,2" hai="2,3,17,22,26,38,43,45,86,89,91,92,95,96" machi="22" ten="40,2600,0" yaku="1,1,52,1,53,0" doraHai="42" doraHaiUra="63" who="1" fromWho="3" sc="284,0,235,46,201,0,260,-26" /><INIT seed="4,0,0,0,0,75" ten="284,281,201,234" oya="0" hai0="131,105,85,93,14,9,83,135,134,98,122,16,2" hai1="12,17,108,72,50,45,69,125,32,77,114,55,30" hai2="96,49,81,126,7,74,31,112,102,130,91,120,41" hai3="40,99,87,6,35,68,123,92,26,76,28,5,42"/><T79/><D105/><U124/><E108/><V15/><F120/><W39/><G68/><T8/><D122/><U106/><E106/><V46/><F112/><W70/><G70/><T36/><D36/><U132/><E69/><V4/><F130/><W113/><G123/><T89/><D131/><U109/><E109/><V94/><F126/><N who="1" m="48745" /><E132/><V0/><F0/><W34/><G34/><T38/><D38/><U73/><E114/><V13/><F31/><W128/><G128/><T80/><D2/><U82/><E30/><V21/><F21/><W107/><G107/><T86/><REACH who="0" step="1"/><D8/><REACH who="0" ten="274,281,201,234" step="2"/><N who="1" m="6279" /><E32/><V22/><F4/><W117/><G5/><T127/><D127/><U111/><E111/><V90/><F7/><W103/><G6/><T119/><D119/><U54/><E72/><V57/><F74/><W51/><G117/><T37/><D37/><U121/><E121/><V48/><F22/><W67/><G39/><T78/><AGARI ba="0,1" hai="9,14,16,78,79,80,83,85,86,89,93,98,134,135" machi="78" ten="30,18000,2" yaku="1,1,0,1,9,1,52,2,54,1,53,0" doraHai="75" doraHaiUra="62" who="0" fromWho="0" sc="274,190,281,-60,201,-60,234,-60" /><INIT seed="4,1,0,4,2,106" ten="464,221,141,174" oya="0" hai0="35,2,131,107,69,90,98,27,83,113,47,43,44" hai1="14,30,70,72,64,38,94,117,119,130,73,111,66" hai2="25,123,129,74,36,50,127,124,39,56,42,105,45" hai3="65,95,18,122,109,6,58,63,112,84,118,96,103"/><T4/><D131/><U10/><E111/><V89/><F89/><W110/><G118/><T1/><D113/><U91/><E38/><N who="2" m="14379" /><F105/><W116/><G122/><T19/><D69/><U8/><E30/><V125/><F25/><W76/><G116/><T80/><D4/><U31/><E31/><V121/><F74/><W101/><G112/><T88/><D107/><U59/><E70/><V92/><F92/><W82/><G6/><T93/><D35/><U13/><E59/><V49/><F129/><W133/><G103/><T99/><D27/><U81/><E94/><V26/><F26/><W55/><G133/><T29/><D29/><U62/><E62/><V32/><F32/><W57/><G18/><T48/><D19/><U120/><E91/><V34/><F34/><W102/><G102/><T11/><D11/><U52/><E81/><V21/><F21/><W79/><G79/><T3/><D47/><U51/><E51/><AGARI ba="1,0" hai="51,55,57,58,63,65,76,82,84,95,96,101,109,110" machi="51" ten="30,1000,0" yaku="7,1" doraHai="106" who="3" fromWho="1" sc="464,0,221,-13,141,0,174,13" /><INIT seed="5,0,0,1,0,8" ten="464,208,141,187" oya="1" hai0="19,62,120,83,95,119,133,24,51,9,91,13,111" hai1="99,50,78,18,47,135,116,57,35,54,65,103,16" hai2="48,110,97,12,94,96,68,45,127,74,89,75,4" hai3="134,32,102,17,15,63,3,109,93,76,61,36,25"/><U10/><E116/><V27/><F110/><W7/><G36/><T72/><D119/><U115/><E35/><V49/><F68/><W58/><G109/><T28/><D111/><U112/><E78/><V77/><F127/><W40/><G76/><T124/><D124/><U79/><E79/><V118/><F118/><W132/><G40/><T80/><D72/><U2/><E135/><N who="3" m="51754" /><G3/><T20/><D120/><U29/><E29/><V90/><F77/><W67/><G7/><T22/><D133/><U23/><E2/><V121/><F121/><W60/><G25/><T42/><D62/><N who="1" m="38095" /><E23/><V14/><F27/><W30/><G30/><T11/><D20/><U122/><E10/><V101/><F45/><W70/><G70/><T41/><D11/><U100/><E122/><V88/><F4/><W33/><G33/><T56/><D83/><U113/><E100/><V31/><F31/><W38/><G38/><T104/><D80/><U84/><E84/><V105/><F105/><AGARI ba="0,0" hai="16,18,47,50,54,99,103,105,112,113,115" m="38095" machi="105" ten="30,2900,0" yaku="15,1,54,1" doraHai="8" who="1" fromWho="2" sc="464,0,208,29,141,-29,187,0" /><INIT seed="5,1,0,1,3,70" ten="464,237,112,187" oya="1" hai0="83,45,88,110,117,39,20,63,22,24,129,78,61" hai1="86,104,36,17,90,66,111,2,33,46,6,19,18" hai2="102,7,38,65,95,34,80,109,47,85,32,29,13" hai3="93,3,101,122,77,51,8,73,116,133,92,1,75"/><U57/><E104/><V130/><F130/><W64/><G122/><T35/><D35/><U9/><E33/><V103/><F109/><W31/><G64/><T11/><D110/><U132/><E111/><V96/><F102/><W120/><G31/><T125/><D117/><U74/><E74/><V15/><F65/><W69/><G69/><T26/><D11/><U124/><E132/><V72/><F72/><W53/><G116/><T14/><D14/><U68/><E68/><V131/><F131/><W58/><G133/><T135/><D129/><U82/><E124/><V30/><F32/><W105/><G120/><T59/><D125/><U44/><REACH who="1" step="1"/><E36/><REACH who="1" ten="464,227,112,187" step="2"/><V27/><F38/><W106/><G106/><T76/><D39/><U10/><E10/><V91/><F7/><W81/><G73/><T49/><D135/><U60/><AGARI ba="1,1" hai="2,6,9,17,18,19,44,46,57,60,66,82,86,90" machi="60" ten="30,3000,0" yaku="1,1,0,1,53,0" doraHai="70" doraHaiUra="118" who="1" fromWho="1" sc="464,-11,227,43,112,-11,187,-11" /><INIT seed="5,2,0,1,4,84" ten="453,270,101,176" oya="1" hai0="3,64,46,131,6,32,20,30,106,72,103,102,13" hai1="89,45,2,105,113,114,130,60,41,42,95,90,17" hai2="56,112,33,88,28,121,97,61,77,14,44,21,98" hai3="38,65,81,129,92,73,5,79,52,12,91,54,51"/><U125/><E105/><V16/><F33/><W86/><G38/><T104/><D72/><U40/><E2/><V134/><F134/><W57/><G129/><T11/><D64/><U80/><E125/><V27/><F77/><W47/><G65/><T26/><D131/><U117/><E117/><V22/><F112/><N who="1" m="43113" /><E130/><V118/><F118/><W58/><G5/><T37/><D103/><U35/><E35/><V119/><F119/><W68/><G68/><T116/><D102/><U75/><E60/><V93/><F121/><W63/><G12/><T18/><D116/><U23/><E45/><V124/><F124/><W100/><G100/><T85/><D85/><N who="1" m="50343" /><E75/><V115/><F115/><W43/><G43/><AGARI ba="2,0" hai="3,6,11,13,18,20,26,30,32,37,43,46,104,106" machi="43" ten="40,2600,0" yaku="24,2" doraHai="84" who="0" fromWho="3" sc="453,32,270,0,101,0,176,-32" /><INIT seed="6,0,0,1,2,97" ten="485,270,101,144" oya="2" hai0="13,116,9,105,133,128,121,91,126,34,120,115,7" hai1="72,55,101,56,50,87,36,102,1,76,79,122,123" hai2="73,47,16,22,88,44,65,60,118,3,112,134,27" hai3="74,78,49,33,68,95,23,31,103,114,37,43,11"/><V12/><F134/><W15/><G68/><T109/><D105/><U124/><E1/><V84/><F112/><W113/><G37/><T89/><D91/><U92/><E36/><V104/><F104/><W117/><G33/><T135/><D89/><N who="1" m="53311" /><E124/><V85/><F73/><W5/><G117/><T21/><D34/><U40/><E40/><V80/><F118/><W93/><G74/><T70/><D70/><U58/><E58/><N who="2" m="37015" /><F3/><W10/><G78/><N who="1" m="29738" /><E72/><V2/><F2/><W108/><G108/><T4/><D109/><U125/><E125/><V39/><F39/><W8/><G43/><T100/><D126/><U98/><E98/><V6/><F84/><W19/><G49/><T20/><D116/><U54/><E54/><V83/><F83/><W90/><G31/><T45/><D135/><U32/><E32/><V41/><F41/><W59/><G59/><T129/><D133/><U57/><E56/><V119/><F119/><W75/><G75/><T48/><D45/><U132/><E132/><V26/><F26/><W69/><G69/><T99/><D99/><U107/><E107/><V17/><F6/><W110/><G110/><T61/><D4/><U106/><E106/><V24/><F24/><W14/><G114/><T18/><D115/><U66/><E66/><V0/><F0/><W86/><G113/><T62/><D7/><U131/><E131/><V63/><F63/><W38/><G38/><T64/><D61/><U35/><E35/><V81/><F81/><W30/><G30/><T82/><D82/><U46/><E57/><V96/><F96/><AGARI ba="0,0" hai="5,8,10,11,14,15,19,23,86,90,93,95,96,103" machi="96" ten="40,2600,0" yaku="8,1,52,1" doraHai="97" who="3" fromWho="2" sc="485,0,270,0,101,-26,144,26" /><INIT seed="7,0,0,3,5,6" ten="485,270,75,170" oya="3" hai0="91,131,62,23,36,115,52,12,31,39,78,13,29" hai1="8,125,121,64,124,108,110,20,97,10,24,68,5" hai2="30,18,129,65,105,28,98,56,37,57,130,126,54" hai3="111,19,59,132,74,40,99,116,69,3,49,81,33"/><W22/><G69/><T82/><D131/><N who="2" m="50186" /><F37/><W101/><G116/><T73/><D39/><U66/><E97/><V7/><F7/><W112/><G33/><T89/><D36/><U127/><E121/><V96/><F105/><W88/><G3/><T2/><D2/><N who="1" m="55" /><E10/><V45/><F45/><W77/><G111/><N who="1" m="42538" /><E68/><V133/><F133/><W102/><G132/><T103/><D103/><U107/><E107/><V119/><F119/><W71/><G71/><T46/><D91/><U14/><E14/><V120/><F120/><W21/><G21/><T34/><D89/><U38/><E38/><V100/><F100/><W41/><G41/><T80/><D80/><U75/><E75/><V26/><F26/><W113/><G88/><T4/><D31/><AGARI ba="0,0" hai="20,24,31,64,66,124,125,127" m="42538,55" machi="31" ten="40,2600,0" yaku="18,1,52,1" doraHai="6" who="1" fromWho="0" sc="485,-26,270,26,75,0,170,0" owari="459,55.0,296,10.0,75,-42.0,170,-23.0" /></mjloggm>