<mjloggm ver="2.3"><GO type="97" lobby="0"/><UN n0="%43%4F%44%45%2D%30%34" n1="%E3%82%A6%E3%83%AB%E3%83%88%E3%83%A9%E7%AB%8B%E7%9B%B4" n2="%E3%82%80%E3%81%93%E3%81%B6%E3%81%A1" n3="%52%75%44%2D%41" dan="13,15,14,15" rate="1837.02,1955.96,1918.60,1979.35" sx="M,M,M,F"/><TAIKYOKU oya="0"/><INIT seed="0,0,0,5,5,94" ten="250,250,250,250" oya="0" hai0="62,114,8,81,73,48,78,29,100,112,31,27,44" hai1="46,120,13,92,1,24,74,45,80,86,28,132,118" hai2="19,99,108,130,32,60,89,121,128,111,47,22,88" hai3="82,93,71,16,117,14,59,68,10,38,67,5,51"/><T97/><D62/><U69/><E1/><V34/><F121/><W17/><G117/><T125/><D31/><U7/><E69/><V102/><F47/><W66/><G38/><T37/><D8/><U57/><E120/><V50/><F50/><W134/><G134/><T110/><D110/><N who="2" m="42026" /><F60/><N who="3" m="38175" /><G68/><T3/><D3/><U15/><E132/><V39/><F39/><W65/><G71/><T122/><D125/><U124/><E124/><V79/><F79/><W90/><G82/><T83/><D83/><U119/><E119/><V105/><F34/><W101/><G101/><T64/><D64/><N who="3" m="24649" /><G51/><T33/><D122/><U76/><E118/><V126/><F32/><W63/><G63/><T75/><D75/><U56/><E74/><V18/><F126/><W123/><G123/><T84/><D84/><AGARI ba="0,0" hai="5,10,14,16,17,84,90,93" m="24649,38175" machi="84" ten="30,2000,0" yaku="8,1,54,1" doraHai="94" who="3" fromWho="0" sc="250,-20,250,0,250,0,250,20" /><INIT seed="1,0,0,1,3,110" ten="230,250,250,270" oya="1" hai0="45,107,37,119,124,51,19,8,28,44,60,40,85" hai1="16,18,117,13,71,81,59,90,63,102,106,62,108" hai2="89,116,83,10,42,86,111,126,75,113,23,79,36" hai3="61,93,50,58,55,15,65,125,4,118,57,53,2"/><U123/><E123/><V130/><F111/><W82/><G125/><T88/><D119/><U135/><E117/><V114/><F116/><W101/><G118/><T35/><D124/><U21/><E108/><V99/><F126/><W68/><G2/><T1/><D107/><U20/><E135/><V34/><F34/><W49/><G82/><T78/><D28/><U32/><E32/><V5/><F130/><W129/><G129/><T22/><D78/><U92/><E71/><V94/><F23/><W38/><G38/><T29/><D60/><U70/><E70/><V122/><F122/><W41/><G41/><T43/><D29/><U115/><E115/><N who="2" m="44043" /><F42/><W84/><G101/><T76/><D76/><U47/><E102/><V67/><F67/><W26/><G26/><T91/><D35/><U121/><E121/><V66/><F66/><W134/><G134/><T17/><D1/><U112/><E112/><V64/><F64/><W3/><G3/><T30/><D30/><U6/><E21/><V39/><F75/><W127/><G127/><T11/><D19/><U109/><E18/><V73/><F73/><W56/><G68/><T24/><D91/><U131/><E16/><V104/><F104/><W7/><G15/><AGARI ba="0,0" hai="5,10,15,36,39,79,83,86,89,94,99" m="44043" machi="15" ten="30,7700,0" yaku="11,1,52,3" doraHai="110" who="2" fromWho="3" sc="230,0,250,0,250,77,270,-77" /><INIT seed="2,0,0,5,5,119" ten="230,250,327,193" oya="2" hai0="95,115,15,27,55,29,51,135,84,25,121,63,8" hai1="125,93,19,98,32,4,82,30,67,46,104,126,88" hai2="0,76,91,105,22,70,108,20,31,100,45,124,72" hai3="44,102,75,92,129,90,13,59,77,23,85,60,97"/><V96/><F0/><W109/><G109/><T80/><D115/><U114/><E114/><V12/><F108/><W112/><G129/><T65/><D135/><U42/><E104/><V16/><F70/><W103/><G112/><T130/><D121/><U49/><E4/><V131/><F124/><N who="1" m="47721" /><E67/><V21/><F131/><W132/><G132/><T66/><D130/><U52/><E82/><V61/><F61/><W118/><G118/><T33/><D25/><N who="1" m="18511" /><E19/><V86/><F31/><W43/><G75/><T58/><D95/><U79/><E79/><V53/><F53/><AGARI ba="0,0" hai="42,46,49,52,53,88,93,98" m="18511,47721" machi="53" ten="30,3900,0" yaku="18,1,54,2" doraHai="119" who="1" fromWho="2" sc="230,0,250,39,327,-39,193,0" /><INIT seed="3,0,0,0,5,92" ten="230,289,288,193" oya="3" hai0="52,62,83,106,46,126,50,120,16,66,27,53,130" hai1="45,68,96,31,132,29,14,33,102,64,39,80,133" hai2="123,135,55,65,129,6,84,82,56,71,94,61,35" hai3="77,19,37,78,17,110,95,74,111,44,48,24,131"/><W1/><G37/><T119/><D106/><N who="1" m="63815" /><E80/><V42/><F35/><W36/><G36/><T109/><D126/><U124/><E14/><V9/><F123/><W128/><G1/><T81/><D119/><U20/><E20/><V85/><F129/><N who="3" m="49739" /><G95/><T47/><D109/><N who="3" m="41481" /><G74/><T113/><D130/><U79/><E79/><N who="3" m="30218" /><G24/><T122/><D113/><U118/><E118/><V134/><F135/><W54/><AGARI ba="0,0" hai="17,19,44,48,54" m="30218,41481,49739" machi="54" ten="40,7800,0" yaku="19,1,14,1,10,1" doraHai="92" who="3" fromWho="3" sc="230,-26,289,-26,288,-26,193,78" /><INIT seed="3,1,0,2,2,43" ten="204,263,262,271" oya="3" hai0="69,126,41,59,40,44,130,71,118,82,119,128,34" hai1="124,91,77,56,30,19,36,94,37,5,57,97,4" hai2="2,1,89,13,78,90,125,6,31,48,127,101,32" hai3="60,42,108,81,45,114,17,93,117,70,33,120,103"/><W84/><G114/><T53/><D34/><U29/><E124/><N who="2" m="47691" /><F101/><W8/><G33/><T65/><D82/><U12/><E37/><V62/><F62/><W76/><G117/><N who="0" m="44555" /><D126/><U105/><E36/><V83/><F48/><W21/><G120/><T38/><D41/><U28/><E77/><V135/><F135/><W14/><G108/><T26/><D26/><U23/><E105/><V25/><F13/><W22/><G60/><N who="0" m="40103" /><D71/><U88/><E91/><N who="2" m="34827" /><F6/><AGARI ba="1,0" hai="4,5,6,12,19,23,28,29,30,56,57,88,94,97" machi="6" ten="40,2600,0" yaku="8,1,54,1" doraHai="43" who="1" fromWho="2" sc="204,0,263,29,262,-29,271,0" /><INIT seed="4,0,0,5,1,7" ten="204,292,233,271" oya="0" hai0="109,17,58,120,44,5,81,67,20,70,37,50,13" hai1="54,100,18,123,114,124,99,102,80,56,127,115,113" hai2="104,45,21,23,128,25,94,85,122,108,78,130,132" hai3="65,83,63,92,64,118,49,8,68,79,16,6,112"/><T59/><D120/><U129/><E129/><N who="2" m="49771" /><F122/><W95/><G118/><T61/><D109/><U12/><E123/><V22/><F108/><W62/><G49/><T4/><D37/><U40/><E80/><N who="2" m="47255" /><F104/><W121/><G112/><T119/><D119/><U24/><E40/><V105/><F105/><W39/><G39/><T74/><D74/><U14/><E24/><V101/><F132/><W106/><G106/><T133/><D133/><U0/><E0/><V57/><F45/><W38/><G38/><T97/><D97/><U73/><E73/><V86/><F57/><W2/><G16/><T3/><D3/><U52/><E99/><N who="2" m="59639" /><F86/><W75/><G121/><T55/><REACH who="0" step="1"/><D81/><REACH who="0" ten="194,292,233,271" step="2"/><U51/><E115/><V88/><F88/><W72/><G72/><T126/><D126/><U31/><E114/><V116/><F116/><W27/><G75/><T34/><D34/><U91/><E113/><V33/><F33/><W125/><G83/><T131/><D131/><U48/><E91/><V107/><F107/><W32/><G32/><T82/><D82/><U46/><E124/><V10/><F25/><W1/><G27/><T42/><D42/><U117/><E127/><V111/><F111/><W110/><G125/><T77/><D77/><U90/><E90/><V60/><F60/><W36/><G110/><T69/><D69/><U98/><E117/><V47/><F47/><W30/><G79/><T28/><D28/><U84/><E31/><V76/><F76/><W93/><G36/><T87/><D87/><U103/><E84/><V135/><F135/><W15/><G30/><T26/><D26/><RYUUKYOKU ba="0,1" sc="194,10,292,-30,233,10,271,10" hai0="4,5,13,17,20,44,50,55,58,59,61,67,70" hai2="10,21,22,23" hai3="1,2,6,8,15,62,63,64,65,68,92,93,95" /><INIT seed="4,1,1,0,3,135" ten="204,262,243,281" oya="0" hai0="75,29,94,1,53,121,12,73,90,48,55,54,116" hai1="132,110,31,130,16,100,88,133,105,39,30,45,9" hai2="46,87,11,19,112,131,72,0,119,102,4,65,84" hai3="99,2,26,118,93,123,17,122,40,22,76,32,114"/><T107/><D116/><U25/><E110/><V56/><F119/><W34/><G114/><T80/><D1/><U63/><E100/><V61/><F72/><W66/><G118/><T115/><D107/><U69/><E105/><V92/><F112/><W44/><G66/><T43/><D115/><U125/><E130/><V78/><F131/><W62/><G62/><T101/><D121/><N who="3" m="46089" /><G76/><T28/><D75/><U103/><E103/><V14/><F46/><W33/><G2/><T49/><D73/><U108/><E108/><V96/><REACH who="2" step="1"/><F78/><REACH who="2" ten="204,262,233,281" step="2"/><W23/><G44/><N who="0" m="25631" /><D49/><U134/><E45/><V59/><F59/><W64/><G33/><T79/><D79/><U124/><E133/><V97/><F97/><W81/><G32/><T10/><D101/><U129/><E132/><V68/><F68/><W67/><G99/><N who="0" m="57815" /><D80/><U35/><E134/><V38/><F38/><W120/><G81/><T24/><D24/><U52/><E39/><V13/><F13/><W113/><G26/><T6/><AGARI ba="1,2" hai="6,10,12,28,29,53,54,55" m="57815,25631" machi="6" ten="30,1500,0" yaku="8,1" doraHai="135" who="0" fromWho="0" sc="204,38,262,-6,233,-6,281,-6" /><INIT seed="4,2,0,2,2,58" ten="242,256,227,275" oya="0" hai0="106,103,34,102,32,68,3,77,81,123,116,47,19" hai1="69,16,72,46,28,14,7,61,118,95,91,24,22" hai2="98,127,104,54,17,108,45,129,57,4,96,75,76" hai3="97,18,63,74,12,82,120,64,0,87,130,109,101"/><T48/><D116/><U10/><E72/><V78/><F108/><W55/><G109/><T49/><D123/><U131/><E131/><V20/><F129/><W42/><G130/><T110/><D110/><U71/><E118/><V126/><F4/><W86/><G0/><T112/><D112/><U121/><E121/><V135/><F135/><W43/><G55/><T111/><D111/><U65/><E46/><V52/><F45/><W59/><G74/><T51/><D68/><U94/><E69/><V33/><F33/><W132/><G132/><T124/><D124/><N who="2" m="47658" /><F54/><W25/><G25/><T40/><D3/><U31/><REACH who="1" step="1"/><E95/><REACH who="1" ten="242,246,227,275" step="2"/><V9/><F9/><N who="3" m="6415" /><G120/><T8/><D106/><U60/><E60/><N who="2" m="35879" /><F104/><W2/><G63/><T41/><D47/><U50/><E50/><V125/><F125/><W89/><G43/><T122/><D122/><U100/><E100/><V85/><F75/><W29/><G42/><T62/><D41/><U119/><E119/><V99/><F85/><AGARI ba="2,1" hai="7,10,14,16,22,24,28,31,61,65,71,85,91,94" machi="85" ten="30,7700,0" yaku="1,1,7,1,52,1,54,1,53,0" doraHai="58" doraHaiUra="37" who="1" fromWho="2" sc="242,0,246,93,227,-83,275,0" owari="242,-16.0,339,44.0,144,-36.0,275,8.0" /></mjloggm>