<mjloggm ver="2.3"><GO type="169" lobby="0"/><UN n0="%EF%BC%88%EF%BC%8A%EF%BC%9E%EF%BC%9C%EF%BC%89" n1="%E7%A5%AD%E4%BA%BA" n2="%2D%72%6F%6E%2D" n3="%EF%BC%88%E2%89%A7%E2%96%BD%E2%89%A6%EF%BC%89" dan="16,18,17,19" rate="2144.55,2177.27,2178.55,2314.55" sx="M,M,M,M"/><TAIKYOKU oya="0"/><INIT seed="0,0,0,0,0,94" ten="250,250,250,250" oya="0" hai0="116,7,30,25,44,134,93,61,128,49,76,86,0" hai1="127,54,63,8,85,75,46,114,64,105,48,109,36" hai2="97,102,2,92,78,122,12,72,107,104,1,15,123" hai3="119,99,11,17,121,28,130,35,108,31,79,90,124"/><T80/><D116/><U24/><E75/><V6/><F72/><W120/><G119/><T14/><D134/><U101/><E109/><V38/><F38/><W57/><G124/><T74/><D61/><U56/><E127/><V87/><F78/><W68/><G68/><T50/><D128/><U32/><E114/><V71/><F71/><W67/><G130/><T23/><D0/><U62/><E36/><V69/><F69/><W19/><G79/><T55/><D50/><U115/><E115/><V111/><F87/><W113/><G113/><T103/><D74/><U132/><E132/><V100/><F92/><N who="3" m="56727" /><G108/><T129/><D129/><U10/><E85/><V53/><F111/><W16/><G11/><T41/><D55/><U26/><E32/><V58/><F58/><W20/><G20/><T43/><D43/><U33/><E33/><V37/><F37/><W126/><G35/><T51/><D51/><U5/><E10/><V52/><F6/><W40/><G40/><T82/><D82/><U13/><E105/><V59/><F59/><W125/><G125/><T4/><REACH who="0" step="1"/><D14/><REACH who="0" ten="240,250,250,250" step="2"/><U118/><E118/><V42/><REACH who="2" step="1"/><F42/><REACH who="2" ten="240,250,240,250" step="2"/><W9/><G126/><T29/><D29/><U73/><E73/><V77/><F77/><W84/><G28/><T110/><D110/><U135/><E135/><V65/><F65/><W27/><G31/><T21/><D21/><U83/><E64/><V3/><F3/><W18/><G67/><T106/><D106/><U112/><E112/><V47/><F47/><W39/><G39/><T91/><D91/><U117/><E117/><V81/><F81/><RYUUKYOKU ba="0,2" sc="240,15,250,-15,240,15,250,-15" hai0="4,7,23,25,30,41,44,49,76,80,86,93,103" hai2="1,2,12,15,52,53,97,100,102,104,107,122,123" /><INIT seed="0,1,2,1,4,19" ten="255,235,255,235" oya="0" hai0="12,52,56,133,34,15,127,37,17,114,134,20,88" hai1="118,79,54,122,100,51,58,109,6,2,119,44,40" hai2="57,5,10,94,31,97,129,131,61,95,77,21,4" hai3="68,75,120,8,45,33,115,106,74,36,64,18,87"/><T135/><D37/><U98/><E122/><V84/><F77/><W89/><G115/><T96/><D114/><U41/><E109/><V23/><F31/><W48/><G120/><T63/><D34/><U66/><E79/><V25/><F25/><W105/><G36/><T30/><D30/><U65/><E118/><V71/><F71/><W83/><G33/><T32/><D32/><U62/><E119/><V81/><F81/><W22/><G64/><T112/><D112/><U116/><E116/><V107/><F107/><W69/><G105/><T93/><D127/><U13/><E2/><V14/><F5/><W103/><G103/><T42/><D42/><U39/><E41/><V28/><F28/><W124/><G106/><T113/><D113/><U110/><E110/><V102/><F84/><W55/><G124/><T9/><D9/><N who="1" m="4279" /><E39/><V101/><F95/><AGARI ba="1,2" hai="40,44,51,54,58,62,65,66,95,98,100" m="4279" machi="95" ten="30,1000,0" yaku="8,1" doraHai="19" who="1" fromWho="2" sc="255,0,235,33,255,-13,235,0" /><INIT seed="1,0,0,0,2,20" ten="255,268,242,235" oya="1" hai0="4,113,61,5,10,11,15,66,22,81,32,111,38" hai1="49,115,1,87,95,57,55,109,108,50,92,36,112" hai2="135,73,129,86,65,91,114,101,59,53,72,134,85" hai3="97,88,100,76,7,99,119,94,21,35,102,34,90"/><U19/><E36/><V64/><F129/><W47/><G119/><T9/><D38/><U54/><E1/><V3/><F101/><W14/><G76/><T18/><D113/><U0/><E0/><V28/><F3/><W27/><G47/><T133/><D133/><N who="2" m="50698" /><F28/><W44/><G44/><T31/><D111/><N who="1" m="42571" /><E19/><V51/><F114/><N who="1" m="43561" /><E87/><N who="2" m="33291" /><F91/><W118/><G118/><T41/><D81/><U82/><E82/><V125/><F125/><W106/><G90/><T42/><D42/><U78/><E78/><V80/><F80/><W93/><G102/><T124/><D41/><U30/><E30/><V120/><F120/><W63/><G106/><T117/><D117/><U39/><E39/><V71/><F71/><W25/><G100/><T26/><REACH who="0" step="1"/><D124/><REACH who="0" ten="245,268,242,235" step="2"/><U69/><E69/><AGARI ba="0,1" hai="4,5,9,10,11,15,18,22,26,31,32,61,66,69" machi="69" ten="40,8000,1" yaku="1,1,2,1,52,1,53,1" doraHai="20" doraHaiUra="8" who="0" fromWho="1" sc="245,90,268,-80,242,0,235,0" /><INIT seed="2,0,0,1,2,96" ten="335,188,242,235" oya="2" hai0="83,42,68,7,60,40,121,54,113,63,66,85,56" hai1="50,94,86,18,131,33,38,2,52,133,20,47,104" hai2="35,27,51,90,70,132,64,81,31,98,119,116,89" hai3="75,48,3,130,100,10,14,103,124,16,53,49,55"/><V107/><F132/><W69/><G75/><T95/><D121/><U45/><E33/><V44/><F81/><W12/><G69/><T5/><D113/><U125/><E104/><V71/><F89/><W102/><G130/><T111/><D95/><U109/><E131/><V120/><F120/><W46/><G124/><T67/><D111/><U32/><E32/><V88/><F71/><W134/><G134/><T106/><D106/><U87/><E133/><V112/><F112/><W39/><G39/><T65/><D68/><U21/><E2/><V15/><F15/><N who="3" m="7287" /><G3/><T0/><D63/><U118/><E118/><V58/><F116/><W28/><G28/><T72/><D72/><U25/><E109/><V34/><F34/><W126/><G126/><T8/><REACH who="0" step="1"/><D7/><REACH who="0" ten="325,188,242,235" step="2"/><U91/><E125/><V43/><F70/><W59/><AGARI ba="0,1" hai="12,14,46,48,49,53,55,59,100,102,103" m="7287" machi="59" ten="30,8000,1" yaku="8,1,52,3,54,1" doraHai="96" who="3" fromWho="3" sc="325,-20,188,-20,242,-40,235,90" /><INIT seed="3,0,0,0,4,135" ten="305,168,202,325" oya="3" hai0="43,23,40,73,13,83,80,30,15,39,27,57,68" hai1="93,115,64,62,8,117,51,70,126,82,98,54,37" hai2="53,133,50,55,20,71,130,134,124,63,48,18,105" hai3="65,132,52,116,66,88,85,44,22,95,79,100,102"/><W33/><G33/><T56/><D68/><U19/><E115/><V118/><F105/><W29/><G116/><T11/><D73/><U99/><E37/><V6/><F118/><W42/><G132/><N who="2" m="50793" /><F6/><W35/><G35/><T38/><D11/><U25/><E117/><V26/><F130/><W113/><G113/><T17/><D30/><U75/><E126/><V120/><F120/><W28/><G79/><T121/><D121/><U78/><E93/><V58/><F71/><W2/><G2/><T92/><D92/><U4/><E25/><V127/><F63/><W67/><G42/><T97/><D97/><U32/><E19/><V69/><F69/><W89/><G89/><T125/><D27/><U7/><E32/><V72/><F72/><W77/><G77/><T16/><D23/><U59/><REACH who="1" step="1"/><E4/><REACH who="1" ten="305,158,202,325" step="2"/><V74/><F74/><W123/><G123/><T0/><D0/><AGARI ba="0,1" hai="0,7,8,51,54,59,62,64,70,75,78,82,98,99" machi="0" ten="30,3900,0" yaku="1,1,2,1,7,1,53,0" doraHai="135" doraHaiUra="84" who="1" fromWho="0" sc="305,-39,158,49,202,0,325,0" /><INIT seed="4,0,0,0,2,99" ten="266,207,202,325" oya="0" hai0="1,80,76,0,82,30,4,64,71,44,134,61,39" hai1="96,42,55,17,20,10,130,69,49,13,6,7,33" hai2="24,14,106,122,15,97,120,87,27,66,67,54,47" hai3="125,133,110,40,79,57,103,5,89,68,35,31,111"/><T38/><D134/><U63/><E33/><V9/><F87/><W22/><G68/><T18/><D30/><U36/><E130/><V41/><F54/><W21/><G35/><T117/><D117/><U105/><E36/><V85/><F85/><W23/><G31/><T116/><D116/><U101/><E42/><V32/><F32/><W3/><G40/><T100/><D18/><U77/><E77/><V25/><F15/><W45/><G45/><T81/><D44/><U113/><E113/><V90/><F66/><W26/><G26/><T104/><D76/><U78/><E78/><V29/><F29/><W19/><G19/><T131/><D131/><U119/><E119/><V70/><F70/><W8/><G79/><T58/><D71/><U73/><E73/><V62/><F62/><W34/><G34/><T93/><D104/><U11/><E11/><V37/><F67/><W102/><G133/><T86/><D86/><U52/><E69/><V72/><F72/><W114/><G114/><T88/><D88/><U115/><E115/><V75/><F90/><W112/><G89/><T65/><D65/><U121/><E121/><V124/><F75/><W127/><G112/><T28/><D28/><U50/><E63/><V91/><F91/><W12/><G3/><N who="0" m="1099" /><D4/><N who="1" m="1579" /><E20/><V108/><F122/><W135/><G135/><T129/><D129/><U53/><E17/><N who="2" m="8399" /><F120/><W43/><G43/><T92/><D92/><U118/><E118/><V59/><F106/><W16/><G5/><T98/><D38/><U2/><E2/><V56/><F37/><W126/><G57/><N who="0" m="36911" /><D39/><U83/><E83/><RYUUKYOKU ba="0,0" sc="266,10,207,10,202,-30,325,10" hai0="58,80,81,82,93,98,100" hai1="10,13,49,50,52,53,55,96,101,105" hai3="8,12,16,21,22,23,102,103,110,111,125,126,127" /><INIT seed="4,1,0,1,2,40" ten="276,217,172,335" oya="0" hai0="73,132,79,94,106,84,1,134,64,133,46,85,12" hai1="18,22,96,114,11,26,128,113,39,77,47,129,37" hai2="123,10,83,52,5,127,115,29,89,130,55,19,32" hai3="108,135,131,75,16,71,42,103,102,66,56,50,99"/><T82/><D1/><U125/><E125/><V8/><F123/><W111/><G75/><T92/><D64/><U95/><E77/><V121/><F121/><W59/><G131/><N who="1" m="50250" /><E11/><V107/><F130/><W43/><G135/><T97/><D12/><U20/><E20/><V61/><F107/><W14/><G71/><T13/><D13/><U30/><E18/><V81/><F127/><W54/><G108/><T80/><D46/><U118/><E118/><V4/><F115/><N who="1" m="44041" /><E47/><V87/><F32/><W93/><G111/><T9/><D9/><U33/><E33/><V110/><F110/><W48/><G66/><T124/><D124/><U7/><E7/><V63/><F19/><W6/><G6/><T86/><D80/><U100/><AGARI ba="1,0" hai="22,26,30,37,39,95,96,100" m="44041,50250" machi="100" ten="30,4000,0" yaku="19,1,15,1,11,1" doraHai="40" who="1" fromWho="1" sc="276,-21,217,43,172,-11,335,-11" /><INIT seed="5,0,0,1,4,111" ten="255,260,161,324" oya="1" hai0="122,93,4,79,48,98,123,51,127,125,87,115,130" hai1="119,44,82,32,14,64,2,94,43,71,20,27,36" hai2="0,118,83,104,6,129,102,96,18,126,72,73,30" hai3="89,62,24,97,78,34,88,99,57,7,120,131,33"/><U29/><E119/><V15/><F118/><W42/><G120/><N who="0" m="46123" /><D4/><U116/><E116/><V55/><F129/><W11/><G131/><T26/><D26/><U107/><E107/><V66/><F126/><N who="0" m="48138" /><D130/><U117/><E117/><V132/><F132/><W65/><G24/><T28/><D28/><U101/><E82/><V35/><F66/><W47/><G78/><T49/><D87/><U135/><E32/><V114/><F114/><W70/><G70/><T85/><D85/><U59/><E71/><V95/><F83/><W86/><G89/><N who="0" m="55599" /><D79/><U63/><E2/><V21/><F104/><W68/><G68/><T133/><D133/><U103/><E135/><V22/><F22/><W9/><G34/><T5/><D5/><U52/><E14/><V40/><F72/><W84/><G84/><T3/><D3/><U19/><E29/><V50/><F73/><W121/><G33/><T74/><D74/><U37/><E37/><V110/><F110/><W113/><G121/><T31/><D31/><U53/><E53/><V13/><F13/><W108/><G108/><T105/><D105/><U81/><E64/><V124/><F30/><W12/><G12/><T58/><D115/><U90/><E81/><V109/><F35/><W17/><G113/><T39/><D39/><U80/><E80/><V75/><F109/><W16/><G86/><AGARI ba="0,0" hai="19,20,27,36,43,44,52,59,63,86,90,94,101,103" machi="86" ten="30,2900,0" yaku="7,1,54,1" doraHai="111" who="1" fromWho="3" sc="255,0,260,29,161,0,324,-29" /><INIT seed="5,1,0,4,1,64" ten="255,289,161,295" oya="1" hai0="46,130,32,114,37,126,24,34,88,85,76,0,26" hai1="31,17,21,132,2,120,28,13,18,38,84,25,54" hai2="104,52,45,124,81,119,113,77,59,20,61,8,50" hai3="10,107,15,115,42,68,74,69,16,108,5,3,118"/><U70/><E38/><V40/><F119/><W39/><G108/><T102/><D0/><U66/><E120/><V41/><F104/><W105/><G118/><T44/><D76/><U35/><E132/><V99/><F124/><W122/><G122/><T96/><D126/><U62/><E2/><V65/><F113/><W128/><G128/><T100/><D114/><U12/><E31/><V1/><F99/><W116/><G116/><T63/><D130/><U101/><E101/><V36/><F20/><W71/><G115/><T123/><D123/><U56/><E84/><V6/><REACH who="2" step="1"/><F36/><REACH who="2" ten="255,289,151,295" step="2"/><W29/><G105/><T95/><D37/><U23/><REACH who="1" step="1"/><E54/><REACH who="1" ten="255,279,151,295" step="2"/><V125/><F125/><W80/><G39/><T83/><D96/><U27/><E27/><V7/><F7/><W133/><G5/><T11/><D24/><U78/><E78/><V51/><F51/><W86/><G133/><T127/><D26/><U79/><E79/><V110/><F110/><W58/><G107/><T82/><D127/><U93/><E93/><V22/><F22/><W111/><G111/><T112/><D95/><U129/><E129/><V90/><F90/><W94/><G94/><T60/><D88/><U121/><E121/><V67/><F67/><W73/><G80/><T98/><D98/><U109/><E109/><V117/><F117/><W92/><G92/><T87/><D112/><U106/><E106/><V48/><F48/><W89/><G89/><T72/><D72/><AGARI ba="1,2" hai="1,6,8,40,41,45,50,52,59,61,65,72,77,81" machi="72" ten="30,3900,0" yaku="1,1,7,1,54,1,53,0" doraHai="64" doraHaiUra="97" who="2" fromWho="0" sc="255,-42,279,0,151,62,295,0" /><INIT seed="6,0,0,0,1,132" ten="213,279,213,295" oya="2" hai0="54,26,108,52,38,45,96,51,101,37,60,112,80" hai1="7,46,107,3,44,69,66,8,24,83,130,92,120" hai2="25,105,17,13,97,21,124,82,102,33,11,89,133" hai3="48,95,43,67,42,15,47,91,2,106,116,86,10"/><V41/><F133/><W100/><G116/><T87/><D108/><U104/><E130/><V113/><F113/><W53/><G2/><T114/><D26/><U1/><E1/><V119/><F119/><W6/><G67/><T63/><D87/><U111/><E111/><V64/><F41/><N who="3" m="15371" /><G106/><T81/><D96/><U55/><E46/><V79/><F64/><W27/><G27/><T118/><D101/><AGARI ba="0,0" hai="6,10,15,47,48,53,86,91,95,100,101" m="15371" machi="101" ten="30,1000,0" yaku="8,1" doraHai="132" who="3" fromWho="0" sc="213,-10,279,0,213,0,295,10" /><INIT seed="7,0,0,1,0,19" ten="203,279,213,305" oya="3" hai0="65,46,24,4,110,102,26,60,63,97,35,118,128" hai1="34,40,55,22,91,124,85,80,48,70,12,115,131" hai2="109,49,54,73,66,78,107,84,117,113,32,17,134" hai3="133,100,51,44,123,95,43,27,120,7,74,61,87"/><W93/><G74/><T57/><D110/><U16/><E70/><V135/><F113/><W2/><G133/><N who="2" m="50697" /><F117/><W99/><G2/><T83/><D118/><U130/><E124/><V77/><F73/><W3/><G3/><T8/><D128/><N who="1" m="49195" /><E115/><V105/><F66/><W79/><G7/><T59/><D46/><N who="1" m="28055" /><E40/><V28/><F109/><W50/><G50/><T104/><D83/><U90/><E34/><V103/><F32/><W58/><G27/><T98/><D35/><U33/><E33/><V20/><F28/><W76/><G123/><T56/><D97/><U126/><E126/><V45/><F84/><W15/><G15/><T1/><REACH who="0" step="1"/><D60/><REACH who="0" ten="193,279,213,305" step="2"/><U129/><E129/><V62/><F62/><W112/><G112/><T37/><D37/><U114/><E114/><V31/><F31/><W36/><G36/><T21/><D21/><U25/><E90/><V42/><F107/><W86/><G120/><T127/><D127/><U125/><E125/><V119/><F119/><W52/><G93/><T38/><D38/><U11/><E11/><V96/><F42/><W106/><G106/><T108/><D108/><U101/><E101/><V94/><F105/><W5/><G100/><T47/><D47/><U10/><E10/><V6/><F6/><W121/><G5/><T64/><D64/><U69/><E69/><AGARI ba="0,1" hai="1,4,8,24,26,56,57,59,63,65,69,98,102,104" machi="69" ten="40,1300,0" yaku="1,1,53,0" doraHai="19" doraHaiUra="29" who="0" fromWho="1" sc="193,23,279,-13,213,0,305,0" owari="216,-18.0,266,7.0,213,-29.0,305,40.0" /></mjloggm>