<mjloggm ver="2.3"><GO type="97" lobby="0"/><UN n0="%44%4F%52%41%31%34" n1="%E7%A5%AD%E8%B0%B7%E4%B8%80%E6%96%97" n2="%E3%82%A6%E3%83%AB%E3%83%88%E3%83%A9%E7%AB%8B%E7%9B%B4" n3="%E6%9F%8A%74%79%61%6E" dan="14,14,15,15" rate="1941.43,1897.00,1989.62,2047.29" sx="M,M,M,M"/><TAIKYOKU oya="0"/><INIT seed="0,0,0,4,4,62" ten="250,250,250,250" oya="0" hai0="134,26,112,76,65,2,118,72,135,64,101,27,133" hai1="34,74,60,124,119,82,115,121,29,33,107,48,73" hai2="8,38,94,9,111,83,4,113,5,19,45,68,130" hai3="25,80,114,41,103,77,52,32,81,36,123,16,86"/><T24/><D118/><U10/><E119/><V84/><F68/><W12/><G114/><T49/><D112/><U28/><E115/><V42/><F113/><W44/><G123/><T88/><D2/><U13/><E121/><V59/><F130/><W95/><G32/><T110/><D110/><U132/><E107/><V89/><F111/><W98/><G25/><T109/><D109/><U100/><E100/><V23/><F59/><W129/><G129/><T97/><D49/><U53/><E60/><V14/><F9/><W71/><G71/><T116/><D116/><U21/><E34/><V40/><F40/><W90/><G52/><T18/><D18/><U105/><E33/><V11/><F11/><W92/><REACH who="3" step="1"/><G77/><REACH who="3" ten="250,250,250,240" step="2"/><T93/><D101/><U1/><E28/><V70/><F70/><W55/><G55/><T131/><D131/><U43/><E29/><V54/><F54/><W78/><G78/><T120/><D120/><U0/><E53/><V3/><F3/><W58/><G58/><T127/><D127/><U91/><E124/><V108/><F108/><W125/><G125/><T99/><D99/><U126/><E126/><V106/><F45/><W47/><G47/><T57/><D57/><U51/><E43/><V46/><F46/><W85/><G85/><T17/><D17/><U22/><E74/><V67/><F84/><W75/><G75/><T128/><D128/><U6/><E73/><V63/><F42/><W39/><G39/><T102/><D102/><U56/><E51/><V30/><F38/><W37/><G37/><T61/><D61/><U69/><E48/><RYUUKYOKU ba="0,1" sc="250,15,250,-15,250,-15,240,15" hai0="24,26,27,64,65,72,76,88,93,97,133,134,135" hai3="12,16,36,41,44,80,81,86,90,92,95,98,103" /><INIT seed="0,1,1,3,0,80" ten="265,235,235,255" oya="0" hai0="40,71,96,85,44,10,62,43,42,83,120,22,124" hai1="130,132,95,33,121,34,12,13,37,98,30,4,45" hai2="118,49,19,105,107,6,48,36,92,67,75,127,108" hai3="94,47,112,72,16,31,51,46,74,58,32,99,110"/><T23/><D120/><U56/><E121/><V26/><F36/><W50/><G112/><T77/><D77/><U133/><E130/><V91/><F75/><W100/><G110/><T90/><D90/><U0/><E56/><V9/><F108/><W81/><G74/><T69/><D69/><U106/><E106/><V79/><F79/><W7/><G7/><T88/><D88/><N who="1" m="55655" /><E30/><V1/><F118/><W53/><G72/><T128/><D128/><U2/><E45/><V59/><F127/><W109/><G109/><T113/><D113/><U54/><E54/><V129/><F129/><W64/><G64/><T29/><D29/><U55/><E55/><V76/><F76/><W111/><G111/><T103/><D103/><U126/><E37/><V97/><F49/><W35/><G35/><N who="1" m="13322" /><E126/><V52/><F67/><W135/><G135/><N who="1" m="51786" /><E4/><V66/><F66/><W119/><G119/><T15/><D124/><U27/><E27/><V63/><F48/><W102/><G31/><T78/><D96/><U82/><E82/><V84/><F97/><W125/><G125/><T21/><D71/><U11/><E11/><V57/><REACH who="2" step="1"/><F59/><REACH who="2" ten="265,235,225,255" step="2"/><W134/><G134/><T104/><D62/><U117/><E117/><V24/><F24/><W60/><G50/><N who="0" m="26887" /><D104/><U131/><E131/><V115/><F115/><W65/><G47/><T73/><D73/><U122/><E122/><V8/><F8/><W101/><G32/><T89/><D78/><U87/><E87/><V3/><F3/><AGARI ba="1,2" hai="0,2,3,12,13" m="51786,13322,55655" machi="3" ten="40,2600,0" yaku="20,1,54,1" doraHai="80" who="1" fromWho="2" sc="265,0,235,49,225,-29,255,0" /><INIT seed="1,0,0,1,1,63" ten="265,284,196,255" oya="1" hai0="47,119,116,48,120,126,117,6,135,37,30,122,79" hai1="106,68,115,74,69,67,32,0,7,65,9,121,54" hai2="4,81,25,57,125,93,26,86,33,41,20,49,95" hai3="14,83,23,131,46,71,80,132,112,42,102,2,114"/><U40/><E121/><N who="0" m="46697" /><D6/><U73/><E115/><V129/><F125/><W87/><G2/><T84/><D30/><U34/><E40/><V5/><F129/><W109/><G71/><T3/><D3/><U113/><E113/><V72/><F72/><W134/><G114/><T35/><D79/><U96/><E54/><N who="2" m="31951" /><F41/><W101/><G112/><T100/><D35/><N who="1" m="13355" /><E67/><V10/><F33/><W15/><G131/><T12/><D100/><N who="1" m="62727" /><E68/><V16/><F26/><W85/><G109/><T8/><D84/><U38/><E38/><V124/><F124/><W99/><G87/><T36/><D8/><U22/><E22/><V107/><F107/><W127/><G127/><T97/><D12/><U76/><E76/><N who="2" m="46375" /><F10/><W90/><G83/><T56/><D97/><U55/><E55/><V110/><F110/><W133/><G23/><T29/><D29/><U78/><E78/><V13/><F13/><N who="3" m="4619" /><G99/><T27/><D27/><U111/><E111/><V51/><F51/><AGARI ba="0,0" hai="42,46,51,80,85,90,101,102,132,133,134" m="4619" machi="51" ten="30,1000,0" yaku="20,1" doraHai="63" who="3" fromWho="2" sc="265,0,284,0,196,-10,255,10" /><INIT seed="2,0,0,0,3,132" ten="265,284,186,265" oya="2" hai0="59,49,19,65,62,111,130,69,1,68,55,77,114" hai1="31,88,83,75,25,76,71,3,125,2,17,107,84" hai2="108,38,34,56,87,124,133,89,93,10,22,60,11" hai3="74,46,134,82,28,70,23,5,103,106,20,96,26"/><V53/><F34/><W47/><G70/><T42/><D1/><U90/><E71/><N who="0" m="27209" /><D19/><U54/><E107/><V100/><F38/><W101/><G134/><T126/><D77/><U12/><E54/><V45/><F133/><W37/><G103/><T35/><D35/><U79/><E79/><V73/><F73/><W110/><G110/><T24/><D24/><U4/><E4/><V30/><F108/><W99/><G99/><T9/><D9/><U118/><E118/><V8/><F100/><W15/><G37/><T29/><D29/><U67/><E67/><V40/><F124/><W116/><G116/><T27/><D27/><U0/><E125/><V58/><F58/><W105/><G105/><T36/><D126/><U95/><E90/><V122/><F122/><W48/><G74/><T43/><D114/><U115/><E115/><V6/><F30/><W66/><G82/><T129/><D111/><U109/><E109/><V52/><F22/><W18/><G66/><T39/><D130/><U85/><E75/><V97/><F97/><W13/><G48/><T112/><D112/><U78/><E78/><V135/><F135/><W104/><G104/><T64/><D129/><U131/><E131/><V57/><F6/><W92/><G106/><T16/><D16/><U119/><E119/><V44/><REACH who="2" step="1"/><F40/><REACH who="2" ten="265,284,176,265" step="2"/><N who="0" m="15402" /><D36/><U123/><E123/><V94/><F94/><W51/><G51/><AGARI ba="0,1" hai="8,10,11,44,45,51,52,53,56,57,60,87,89,93" machi="51" ten="40,7700,0" yaku="1,1,8,1,54,1,53,0" doraHai="132" doraHaiUra="33" who="2" fromWho="3" sc="265,0,284,0,176,87,265,-77" /><INIT seed="2,1,0,3,4,118" ten="265,284,263,188" oya="2" hai0="79,70,68,36,58,6,122,86,13,3,100,98,29" hai1="117,115,56,73,21,49,119,125,38,132,14,91,127" hai2="17,69,134,37,20,71,18,9,72,67,95,104,124" hai3="121,94,7,52,64,24,126,15,88,120,54,59,102"/><V83/><F104/><W114/><G114/><T75/><D36/><U5/><E38/><V35/><F35/><W43/><G126/><N who="1" m="48138" /><E73/><V85/><F37/><W44/><G102/><T130/><D3/><U99/><E115/><V34/><F34/><W1/><G1/><T62/><D130/><U50/><E132/><V60/><F124/><W89/><G64/><T28/><D122/><U12/><E21/><V116/><F116/><N who="1" m="44617" /><E56/><V97/><F72/><W78/><G78/><T51/><D51/><N who="1" m="19467" /><E5/><V42/><F134/><W135/><G135/><T90/><D75/><U22/><E22/><V128/><F20/><W76/><G76/><T19/><D79/><U63/><E63/><V133/><F133/><W129/><G129/><T46/><D6/><U10/><E10/><V16/><F128/><W103/><G24/><T40/><D46/><U96/><E91/><V111/><F9/><W4/><G103/><T123/><D40/><U84/><E84/><V0/><F42/><W106/><G106/><T80/><D123/><U33/><E33/><V41/><F41/><W131/><G131/><T31/><D100/><U107/><E107/><V110/><F0/><W53/><G59/><T112/><D98/><AGARI ba="1,0" hai="12,14,96,98,99" m="19467,44617,48138" machi="98" ten="40,5200,0" yaku="28,2,18,1" doraHai="118" who="1" fromWho="0" sc="265,-55,284,55,263,0,188,0" /><INIT seed="3,0,0,0,3,68" ten="210,339,263,188" oya="3" hai0="57,54,29,24,75,106,27,31,103,3,92,2,9" hai1="1,28,23,94,81,96,47,62,131,133,40,80,111" hai2="87,73,41,64,110,36,107,32,39,56,120,86,115" hai3="118,46,99,8,119,71,59,90,128,72,114,17,63"/><W12/><G72/><T11/><D75/><U42/><E1/><N who="0" m="9" /><D106/><U38/><E40/><V0/><F41/><W16/><G71/><T5/><D92/><U48/><E111/><V52/><F73/><W69/><G69/><T18/><D103/><U117/><E117/><V7/><F32/><W88/><G128/><T100/><D54/><U70/><E131/><V14/><F0/><W45/><G114/><T98/><D57/><U109/><E109/><V19/><F7/><W15/><G119/><T79/><D79/><U105/><E105/><V101/><F115/><W58/><G118/><T85/><D85/><U83/><E62/><V55/><F64/><N who="3" m="39031" /><G59/><T89/><D89/><N who="3" m="34409" /><G99/><T44/><D98/><U135/><E70/><V34/><F34/><W6/><G6/><T84/><D84/><U26/><E48/><V10/><F110/><W20/><AGARI ba="0,0" hai="8,12,15,16,17,20,45,46" m="34409,39031" machi="20" ten="30,6000,0" yaku="8,1,54,2" doraHai="68" who="3" fromWho="3" sc="210,-20,339,-20,263,-20,188,60" /><INIT seed="3,1,0,2,0,86" ten="190,319,243,248" oya="3" hai0="103,50,118,2,32,14,39,107,112,82,51,26,76" hai1="58,116,106,92,8,46,91,57,74,125,21,7,97" hai2="40,61,119,120,133,96,35,126,135,110,38,134,16" hai3="54,9,53,67,77,71,41,105,6,68,85,123,132"/><W124/><G105/><T69/><D112/><U59/><E74/><V83/><F35/><W47/><G123/><T4/><D118/><U37/><E116/><V36/><F119/><W99/><G132/><T15/><D39/><U10/><E125/><V113/><F113/><W49/><G124/><T24/><D69/><U42/><E106/><V93/><F126/><W3/><G71/><T33/><D103/><U127/><E127/><V66/><F120/><W55/><G68/><T87/><D107/><U79/><E79/><V111/><F83/><W23/><G67/><T75/><D75/><U27/><REACH who="1" step="1"/><E7/><REACH who="1" ten="190,309,243,248" step="2"/><V104/><F104/><W130/><G130/><T81/><D4/><U52/><E52/><V28/><F133/><W102/><G77/><T34/><D2/><U25/><E25/><V89/><F134/><W80/><G41/><T44/><D81/><U129/><E129/><V62/><F40/><W84/><G55/><T70/><D70/><U131/><E131/><V114/><F135/><W20/><G54/><T1/><D1/><U128/><E128/><V0/><F0/><W45/><G3/><T88/><D76/><U109/><E109/><V98/><F114/><W19/><G6/><T122/><D122/><U5/><E5/><V13/><F111/><W108/><G53/><T22/><D26/><U31/><AGARI ba="1,1" hai="8,10,21,27,31,37,42,46,57,58,59,91,92,97" machi="31" ten="30,7900,0" yaku="1,1,0,1,52,1,53,1" doraHai="86" doraHaiUra="17" who="1" fromWho="1" sc="190,-21,309,92,243,-21,248,-40" owari="169,-33.0,401,50.0,222,2.0,208,-19.0" /></mjloggm>