<mjloggm ver="2.3"><GO type="97" lobby="0"/><UN n0="%47%45%52%42%45%52" n1="%E3%82%A6%E3%83%AB%E3%83%88%E3%83%A9%E7%AB%8B%E7%9B%B4" n2="%72%79%75%6B%61%70%79" n3="%E3%83%AA%E3%83%A9%E3%83%AA%E3%83%A9%E3%81%A3%E3%81%A1" dan="14,15,13,14" rate="1923.27,1982.07,1853.00,1971.50" sx="M,M,F,M"/><TAIKYOKU oya="0"/><INIT seed="0,0,0,3,5,17" ten="250,250,250,250" oya="0" hai0="9,41,3,135,100,19,11,45,102,61,85,30,116" hai1="114,6,53,25,120,48,107,132,39,118,63,8,96" hai2="122,31,82,73,106,110,13,90,22,115,35,130,47" hai3="37,75,57,86,24,21,16,103,121,62,70,44,124"/><T125/><D116/><U32/><E39/><V49/><F110/><W15/><G75/><T72/><D135/><U87/><E63/><V111/><F111/><W10/><G70/><T55/><D125/><U26/><E132/><V105/><F115/><W7/><G124/><T126/><D72/><U64/><E64/><V34/><F122/><W0/><G121/><T127/><D127/><U54/><E114/><V117/><F117/><W119/><G119/><T94/><D126/><U91/><E118/><V104/><F130/><W84/><G103/><T59/><D30/><U112/><E112/><V27/><F13/><W67/><G37/><T88/><D3/><U12/><E32/><V40/><REACH who="2" step="1"/><F90/><REACH who="2" ten="250,250,240,250" step="2"/><W80/><G44/><T51/><D9/><U29/><E12/><AGARI ba="0,1" hai="11,12,19,41,45,51,55,59,61,85,88,94,100,102" machi="12" ten="40,3900,0" yaku="8,1,54,1" doraHai="17" who="0" fromWho="1" sc="250,49,250,-39,240,0,250,0" /><INIT seed="0,1,0,4,0,49" ten="299,211,240,250" oya="0" hai0="14,57,53,47,77,24,26,65,130,54,105,16,44" hai1="41,9,98,25,104,75,128,35,67,22,38,76,74" hai2="132,30,73,114,63,46,115,61,31,21,27,82,110" hai3="6,135,40,69,48,133,96,124,23,91,7,60,120"/><T125/><D105/><U126/><E35/><V118/><F110/><W56/><G69/><T122/><D122/><U70/><E76/><V64/><F118/><W51/><G120/><T55/><D130/><U80/><E128/><V127/><F127/><W113/><G113/><T37/><D37/><U68/><E126/><V79/><F132/><N who="3" m="50763" /><G124/><T18/><D125/><U103/><E80/><V28/><F63/><W17/><G96/><T20/><D77/><U102/><E102/><V4/><F4/><N who="3" m="1579" /><G40/><T93/><D93/><U121/><E121/><V107/><F107/><W87/><G23/><N who="0" m="11671" /><D26/><U43/><E68/><V72/><F72/><W90/><G17/><T92/><D92/><U62/><E74/><V36/><F36/><W94/><G91/><T111/><D111/><U66/><E75/><V134/><F46/><N who="0" m="17450" /><D65/><AGARI ba="1,0" hai="48,51,56,60,65,87,90,94" m="1579,50763" machi="65" ten="30,1000,0" yaku="20,1" doraHai="49" who="3" fromWho="0" sc="299,-13,211,0,240,0,250,13" /><INIT seed="1,0,0,5,1,25" ten="286,211,240,263" oya="1" hai0="93,84,38,59,44,71,23,13,27,82,45,55,6" hai1="67,34,52,133,92,75,20,88,116,46,17,42,66" hai2="94,112,11,1,95,118,99,61,83,32,128,74,18" hai3="7,101,127,3,37,15,21,35,12,100,58,115,19"/><U108/><E34/><V4/><F118/><W39/><G115/><T60/><D71/><U73/><E116/><V109/><F109/><W120/><G120/><T90/><D38/><U81/><E108/><V135/><F112/><W51/><G35/><T2/><D2/><U64/><E81/><V121/><F121/><W126/><G3/><T48/><D13/><U80/><E80/><V131/><F32/><W105/><G105/><T124/><D124/><U29/><E133/><V122/><F122/><W70/><G70/><T41/><D45/><U98/><E29/><V63/><F135/><W96/><G58/><T36/><D36/><N who="3" m="13897" /><G51/><T91/><D6/><U107/><E107/><V22/><F95/><W50/><G50/><T117/><D117/><U16/><E42/><V97/><F97/><W30/><G96/><T87/><D23/><U123/><E123/><V24/><F63/><W9/><G30/><T65/><REACH who="0" step="1"/><D27/><REACH who="0" ten="276,211,240,263" step="2"/><N who="1" m="14727" /><E73/><V62/><F74/><W0/><G0/><T103/><D103/><U26/><E75/><V134/><F134/><W130/><G130/><T78/><D78/><U106/><E106/><V56/><F131/><W102/><G127/><T53/><AGARI ba="0,1" hai="41,44,48,53,55,59,60,65,82,84,87,90,91,93" machi="53" ten="30,4000,0" yaku="1,1,0,1,8,1,53,0" doraHai="25" doraHaiUra="132" who="0" fromWho="0" sc="276,50,211,-20,240,-10,263,-10" /><INIT seed="2,0,0,1,2,123" ten="326,191,230,253" oya="2" hai0="81,101,65,29,97,52,72,25,120,128,83,132,2" hai1="100,95,75,127,69,59,112,57,125,103,66,34,53" hai2="46,20,122,115,106,21,38,31,117,108,89,62,104" hai3="16,50,56,10,116,30,91,130,135,134,47,7,27"/><V11/><F122/><W28/><G116/><T110/><D120/><U99/><E75/><V61/><F117/><W111/><G130/><T82/><D2/><U71/><E34/><V118/><F118/><W80/><G56/><T19/><D72/><U88/><E112/><V84/><F115/><W18/><G111/><T35/><D128/><U77/><E77/><V54/><F11/><W37/><G37/><T26/><D110/><U93/><E66/><V94/><F108/><W17/><G91/><T73/><D73/><U43/><E43/><V5/><F5/><W58/><G58/><T24/><D132/><N who="3" m="50729" /><G80/><T41/><D41/><U133/><E133/><V0/><F0/><N who="3" m="359" /><G50/><T39/><D39/><U48/><E59/><V6/><F6/><W78/><G47/><T121/><D121/><U79/><E79/><V76/><F76/><W86/><G86/><T45/><D65/><U22/><E22/><V129/><F129/><W15/><G78/><T70/><D70/><U92/><E92/><V8/><F8/><N who="3" m="6247" /><G30/><T124/><D101/><U109/><E109/><V49/><F31/><W114/><G114/><T42/><D97/><U13/><E100/><V44/><F38/><W105/><G105/><N who="2" m="40553" /><F46/><W40/><G40/><T64/><D45/><U67/><E71/><V32/><F62/><W68/><G68/><T74/><D42/><U3/><E69/><V9/><F61/><W14/><G14/><T55/><D74/><U33/><E67/><V85/><F84/><W51/><G51/><T131/><D64/><U60/><E60/><V113/><F113/><W119/><G119/><RYUUKYOKU ba="0,0" sc="326,-10,191,-10,230,-10,253,30" hai3="17,18,27,28" /><INIT seed="3,1,0,1,0,131" ten="316,181,220,283" oya="3" hai0="65,98,5,130,57,23,74,122,7,11,99,107,37" hai1="9,53,49,92,38,54,96,103,21,32,10,55,19" hai2="128,110,31,111,30,118,62,134,117,78,50,91,105" hai3="68,95,61,35,109,71,26,106,133,66,4,86,1"/><W63/><G133/><T69/><D122/><U79/><E32/><V46/><F105/><W6/><G109/><N who="2" m="41481" /><F78/><W73/><G95/><T34/><D74/><U84/><E38/><V8/><F8/><N who="3" m="2063" /><G86/><T51/><D37/><U43/><E43/><V85/><F128/><W121/><G121/><T126/><D130/><U36/><E36/><V60/><F85/><W89/><G89/><T0/><D34/><U104/><E49/><V39/><F91/><W82/><G6/><T67/><D23/><U48/><E48/><V112/><F31/><N who="3" m="19959" /><G106/><T25/><D25/><U16/><E104/><V115/><F30/><W2/><G2/><T27/><D27/><U77/><E77/><V76/><F76/><N who="3" m="44303" /><G63/><N who="2" m="24105" /><F39/><W13/><G13/><T124/><D7/><U3/><E3/><V18/><F18/><N who="1" m="6697" /><E21/><V64/><F64/><N who="0" m="24650" /><D107/><U135/><E135/><V17/><F17/><W129/><G129/><T56/><D69/><AGARI ba="1,0" hai="61,66,68,69,71" m="44303,19959,2063" machi="69" ten="30,2900,0" yaku="33,2" doraHai="131" who="3" fromWho="0" sc="316,-32,181,0,220,0,283,32" owari="284,8.0,181,-32.0,220,-18.0,315,42.0" /></mjloggm>