<mjloggm ver="2.3"><GO type="97" lobby="0"/><UN n0="%E3%83%89%E3%82%B5%E5%BE%B3" n1="%E3%82%AB%E3%83%B3%E3%82%B7%E3%83%B3" n2="%E3%82%A6%E3%83%AB%E3%83%88%E3%83%A9%E7%AB%8B%E7%9B%B4" n3="%64%65%76%69%6C" dan="13,14,15,13" rate="1875.69,1916.16,1993.16,1828.42" sx="M,M,M,M"/><TAIKYOKU oya="0"/><INIT seed="0,0,0,4,0,79" ten="250,250,250,250" oya="0" hai0="5,125,43,44,91,121,82,6,31,32,113,37,70" hai1="133,33,97,45,53,92,60,86,109,47,59,84,14" hai2="0,4,120,61,74,36,54,63,46,99,87,34,94" hai3="26,103,41,22,69,52,2,51,127,116,1,76,134"/><T18/><D121/><U35/><E109/><V115/><F34/><W66/><G41/><T9/><D113/><U107/><E107/><V110/><F110/><W132/><G116/><T56/><D6/><U83/><E133/><V93/><F74/><W122/><G127/><T21/><D70/><U25/><E14/><V29/><F120/><W64/><G122/><T88/><D125/><U55/><E86/><V75/><F75/><W50/><G103/><T77/><D56/><U39/><E39/><V72/><F72/><W16/><G76/><T65/><D65/><N who="3" m="25193" /><G51/><T10/><D10/><U118/><E118/><V131/><F36/><W98/><G98/><T124/><D124/><U102/><E55/><V89/><F115/><W67/><N who="3" m="25201" /><W95/><DORA hai="8" /><G95/><T114/><D114/><U48/><E25/><V123/><F123/><W12/><G26/><T135/><D31/><U100/><E100/><V73/><F73/><W96/><G96/><T17/><D32/><U68/><E68/><V57/><F29/><W106/><G106/><T30/><D30/><U24/><E24/><V85/><F94/><W117/><G69/><T130/><D135/><N who="3" m="51753" /><G117/><T27/><D18/><U108/><E108/><V11/><F99/><W71/><G71/><T119/><D119/><U105/><E105/><V62/><F85/><W3/><G3/><T81/><D130/><U126/><E126/><V7/><F131/><W13/><G13/><T49/><D37/><U80/><E48/><V104/><F104/><W129/><G129/><T78/><D5/><U128/><E35/><V15/><F7/><RYUUKYOKU ba="0,0" sc="250,-10,250,-10,250,-10,250,30" hai3="1,2,12,16,22,50,52" /><INIT seed="1,1,0,0,3,40" ten="240,240,240,280" oya="1" hai0="2,7,93,109,59,21,82,108,54,74,70,90,115" hai1="71,58,18,118,12,42,6,132,17,4,129,39,29" hai2="10,9,99,55,24,104,111,33,15,88,81,117,83" hai3="77,20,22,68,35,131,116,76,61,78,110,51,86"/><U5/><E5/><BYE who="1" /><V62/><F117/><W128/><G35/><T84/><D70/><U69/><E69/><V30/><F111/><N who="0" m="42570" /><D115/><U75/><E75/><V100/><F10/><W34/><G34/><T52/><D7/><U14/><E14/><V16/><F88/><W36/><G36/><UN n1="%E3%82%AB%E3%83%B3%E3%82%B7%E3%83%B3" /><T120/><D54/><U19/><E71/><V122/><F122/><W66/><G110/><T105/><D2/><U130/><E58/><V72/><F72/><W49/><G116/><T11/><D11/><N who="1" m="6303" /><E42/><V114/><REACH who="2" step="1"/><F114/><REACH who="2" ten="240,240,230,280" step="2"/><W133/><G133/><T123/><D21/><U89/><E89/><V37/><F37/><W134/><G134/><T106/><D123/><U1/><E132/><V79/><F79/><W28/><G20/><T50/><D120/><U60/><E130/><N who="3" m="49706" /><G86/><N who="0" m="52439" /><D74/><U91/><E118/><V67/><F67/><W64/><G66/><T124/><D124/><U3/><E129/><V85/><F85/><W125/><G125/><T87/><D87/><U46/><E39/><V0/><F0/><W135/><G135/><T112/><D112/><U38/><E38/><V107/><F107/><W73/><G73/><T53/><D84/><U32/><E3/><V25/><F25/><AGARI ba="1,1" hai="22,25,28,49,51,61,64,68,76,77,78" m="49706" machi="25" ten="30,1000,0" yaku="19,1" doraHai="40" who="3" fromWho="2" sc="240,0,240,0,230,-13,280,23" /><INIT seed="2,0,0,2,3,84" ten="240,240,217,303" oya="2" hai0="115,28,45,2,38,94,27,124,11,53,102,23,106" hai1="104,26,12,54,73,82,37,108,21,46,117,6,101" hai2="29,131,133,49,116,35,85,25,127,22,98,55,99" hai3="16,30,130,39,67,64,69,135,134,48,114,8,72"/><V100/><F116/><W20/><G72/><T118/><D115/><U1/><E1/><V109/><F109/><W110/><G39/><T14/><D124/><U74/><E101/><V50/><F127/><W77/><G77/><T96/><D118/><U121/><E104/><V24/><F131/><W103/><G103/><T75/><D75/><U132/><E117/><V42/><F133/><W113/><G110/><T80/><D80/><U40/><E108/><V34/><F42/><W76/><G76/><T88/><D2/><U36/><E36/><V51/><F85/><W89/><G130/><T31/><D31/><U59/><E82/><V7/><F7/><W125/><G125/><T123/><D123/><U10/><E132/><N who="3" m="50730" /><G48/><T52/><D45/><U79/><E79/><V95/><F99/><W128/><G128/><T81/><D81/><U19/><E121/><V70/><F70/><W126/><G126/><T18/><D38/><U9/><E9/><V63/><F63/><AGARI ba="0,0" hai="6,10,12,19,21,26,37,40,46,54,59,63,73,74" machi="63" ten="30,1000,0" yaku="7,1" doraHai="84" who="1" fromWho="2" sc="240,0,240,10,217,-10,303,0" /><INIT seed="3,0,0,1,2,35" ten="240,250,207,303" oya="3" hai0="31,83,132,47,112,113,88,21,127,9,120,119,38" hai1="80,109,59,128,11,87,36,117,28,13,52,74,3" hai2="99,77,129,27,53,44,16,8,24,4,102,108,34" hai3="69,41,39,133,130,66,84,56,115,20,96,134,48"/><W40/><G115/><N who="0" m="44107" /><D119/><U93/><E74/><V116/><F116/><W55/><G130/><T12/><D120/><U23/><E36/><V1/><F108/><W72/><G72/><T45/><D38/><U103/><E117/><V135/><F129/><W2/><G2/><T104/><D104/><U58/><E128/><V118/><F118/><W124/><G124/><T30/><D127/><U26/><E3/><V51/><F135/><N who="3" m="51723" /><G39/><T61/><D61/><U82/><E109/><V73/><F34/><W131/><G131/><T5/><D132/><U81/><E103/><V91/><F91/><W33/><G33/><T121/><D121/><U86/><E93/><V126/><F126/><W15/><G96/><T54/><D54/><U25/><E25/><V95/><REACH who="2" step="1"/><F16/><REACH who="2" ten="240,250,197,303" step="2"/><N who="3" m="10271" /><G84/><N who="0" m="50207" /><D21/><U98/><E87/><V101/><F101/><W6/><G6/><T57/><D57/><U17/><E98/><V122/><F122/><W22/><G22/><T123/><D123/><U92/><E59/><V71/><F71/><W111/><G111/><T46/><AGARI ba="0,1" hai="5,9,12,30,31,45,46,47" m="50207,44107" machi="46" ten="30,2000,0" yaku="11,1,54,1" doraHai="35" who="0" fromWho="0" sc="240,30,250,-5,197,-5,303,-10" /><INIT seed="4,0,0,4,3,16" ten="270,245,192,293" oya="0" hai0="62,115,83,70,130,14,123,69,88,18,90,5,44" hai1="54,99,30,71,129,59,36,37,2,52,118,25,60" hai2="105,26,50,23,77,116,100,72,68,82,104,93,75" hai3="55,85,45,15,112,131,3,107,117,40,120,124,38"/><T47/><D123/><U21/><E2/><V58/><F68/><W66/><G107/><T35/><D35/><U27/><E118/><V114/><F114/><W84/><G3/><T108/><D115/><U87/><E71/><V135/><F135/><W95/><G112/><T92/><D70/><U101/><E129/><V17/><F116/><W56/><G117/><T57/><D69/><U51/><E87/><V133/><F133/><W24/><G66/><T63/><D5/><U32/><E27/><V42/><F75/><W48/><G131/><T8/><D108/><U89/><E89/><V134/><F134/><W113/><G113/><T67/><D63/><U20/><E37/><V65/><F42/><W79/><G24/><T4/><D4/><U29/><E36/><V49/><F49/><W132/><G132/><T10/><D10/><U81/><E81/><V125/><F125/><W119/><G119/><T46/><D130/><U128/><E30/><V74/><F74/><W97/><G124/><T13/><D13/><U96/><E96/><V78/><F78/><W103/><G120/><T98/><D83/><U31/><E31/><V80/><F80/><W106/><G106/><T0/><D0/><U91/><E91/><AGARI ba="0,0" hai="8,14,18,44,46,47,57,62,67,88,90,91,92,98" machi="91" ten="40,3900,0" yaku="8,1,54,1" doraHai="16" who="0" fromWho="1" sc="270,39,245,-39,192,0,293,0" owari="309,41.0,206,-19.0,192,-31.0,293,9.0" /></mjloggm>