<mjloggm ver="2.3"><GO type="225" lobby="0"/><UN n0="%69%73%61%6B%75%79%61" n1="%6E%61%72%72%6F%77%31%39" n2="%EF%BF%A1%E3%81%BA%E3%82%93%E3%81%BA%E3%82%93%EF%BF%A1" n3="%E3%82%A6%E3%83%AB%E3%83%88%E3%83%A9%E7%AB%8B%E7%9B%B4" dan="17,16,16,16" rate="2112.03,2082.31,2091.10,2020.80" sx="M,F,M,M"/><TAIKYOKU oya="0"/><INIT seed="0,0,0,2,4,53" ten="250,250,250,250" oya="0" hai0="109,130,102,48,76,123,121,11,60,21,117,28,107" hai1="46,111,101,12,5,47,20,89,27,82,94,75,44" hai2="41,124,114,67,100,6,95,74,129,66,57,33,84" hai3="0,73,10,32,61,17,116,133,113,87,4,38,56"/><T91/><D117/><U80/><E111/><V63/><F74/><W3/><G73/><T51/><D109/><U72/><E101/><V13/><F114/><W52/><G38/><T24/><D130/><U108/><E108/><V85/><F33/><W118/><G113/><T104/><D76/><U93/><E75/><V127/><F41/><W125/><G3/><T68/><D11/><N who="1" m="4207" /><E72/><V18/><F6/><W135/><G32/><T23/><D107/><U19/><E93/><V7/><F7/><W64/><G125/><N who="2" m="48201" /><F67/><W31/><G31/><T54/><D23/><U29/><E29/><V59/><F59/><W25/><G87/><AGARI ba="0,0" hai="19,20,27,44,46,47,80,82,87,89,94" m="4207" machi="87" ten="30,1000,0" yaku="8,1" doraHai="53" who="1" fromWho="3" sc="250,0,250,10,250,0,250,-10" /><INIT seed="1,0,0,2,2,78" ten="250,260,250,240" oya="1" hai0="76,34,120,64,92,107,24,51,11,77,68,117,27" hai1="45,52,22,80,112,15,121,49,10,93,54,39,83" hai2="118,116,26,132,6,13,131,12,65,109,81,133,32" hai3="66,82,28,96,5,53,16,134,130,103,38,72,127"/><U4/><E121/><V50/><F65/><W75/><G38/><T100/><D117/><N who="2" m="45162" /><F50/><W33/><G127/><T44/><D120/><U25/><E112/><V63/><F63/><W97/><G130/><T58/><D107/><U74/><E74/><V46/><F46/><W48/><G134/><N who="2" m="51817" /><F81/><N who="1" m="31305" /><E39/><V42/><F42/><W55/><G66/><T67/><D34/><U114/><E114/><V9/><F109/><W124/><G33/><T1/><D1/><U0/><E0/><N who="2" m="199" /><F131/><W36/><G36/><T79/><D76/><U125/><E125/><V85/><F85/><W56/><G124/><T19/><D77/><U31/><E93/><V61/><F61/><W8/><G75/><T99/><D79/><U23/><E54/><V119/><N who="2" m="45170" /><V90/><DORA hai="102" /><F90/><W123/><G55/><T98/><D68/><U21/><AGARI ba="0,0" hai="4,10,15,21,22,23,25,31,45,49,52" m="31305" machi="21" ten="30,12000,1" yaku="8,1,52,3,54,1" doraHai="78,102" who="1" fromWho="1" sc="250,-40,260,120,250,-40,240,-40" /><INIT seed="1,1,0,1,0,7" ten="210,380,210,200" oya="1" hai0="6,11,121,16,66,20,95,76,49,4,17,134,12" hai1="3,90,81,117,24,42,100,64,30,69,25,114,46" hai2="85,32,99,113,79,98,106,38,112,133,83,15,57" hai3="77,87,118,50,131,5,35,128,63,68,116,51,45"/><U72/><E117/><N who="3" m="45162" /><G35/><T115/><D115/><N who="2" m="44106" /><F133/><W91/><G77/><T54/><D134/><U1/><E114/><V86/><F38/><W14/><G14/><N who="0" m="9271" /><D121/><U80/><E100/><V84/><F32/><W124/><G5/><T67/><D76/><U104/><E104/><V23/><F57/><W19/><G19/><T31/><D31/><U102/><E102/><N who="2" m="62807" /><F23/><W82/><G124/><T62/><D62/><U74/><E69/><V8/><F99/><W61/><G51/><T70/><D70/><U22/><E64/><N who="0" m="24617" /><D95/><U89/><E46/><AGARI ba="1,0" hai="4,6,11,12,16,46,49,54" m="24617,9271" machi="46" ten="30,3900,0" yaku="8,1,52,1,54,1" doraHai="7" who="0" fromWho="1" sc="210,42,380,-42,210,0,200,0" /><INIT seed="2,0,0,1,4,51" ten="252,338,210,200" oya="2" hai0="131,28,52,38,112,7,109,12,64,62,4,104,101" hai1="95,34,82,81,65,8,69,43,97,60,1,108,24" hai2="103,21,53,31,20,39,41,124,67,58,107,14,116" hai3="83,94,13,85,121,72,86,128,32,117,92,110,29"/><V63/><F116/><W15/><G29/><T79/><D38/><U89/><E108/><V37/><F124/><W96/><G32/><T88/><D112/><U130/><E130/><V6/><F107/><W66/><G66/><T17/><D28/><U111/><E111/><V68/><F103/><W84/><G15/><T59/><D79/><U102/><E43/><V35/><F35/><W25/><G13/><T5/><D131/><U61/><E61/><V48/><F31/><W54/><G25/><T74/><D74/><U87/><E1/><V113/><F113/><W50/><G110/><T99/><D109/><U11/><REACH who="1" step="1"/><E82/><REACH who="1" ten="252,328,210,200" step="2"/><V77/><F37/><W90/><G128/><T0/><D0/><U122/><E122/><V9/><F77/><W70/><G121/><T27/><D62/><U33/><E33/><V47/><AGARI ba="0,1" hai="6,9,14,20,21,39,41,47,48,53,58,63,67,68" machi="47" ten="30,11700,0" yaku="0,1,24,2,52,1" doraHai="51" who="2" fromWho="2" sc="252,-39,328,-39,210,127,200,-39" /><INIT seed="2,1,0,2,4,53" ten="213,289,337,161" oya="2" hai0="110,106,133,20,85,67,111,68,3,126,9,84,115" hai1="52,15,14,94,4,69,112,10,114,89,37,60,51" hai2="116,64,93,100,11,29,42,18,77,134,74,54,34" hai3="5,75,70,129,91,101,95,45,76,1,113,46,30"/><V117/><F64/><W0/><G70/><T66/><D115/><U119/><E37/><V90/><F42/><W92/><G113/><T135/><D106/><U24/><E119/><V121/><F100/><W99/><G129/><T39/><D39/><U128/><E128/><V2/><F121/><W59/><G30/><T63/><D67/><U22/><E14/><V107/><F107/><W130/><G130/><T44/><D126/><U50/><E69/><V49/><F134/><N who="0" m="51210" /><D44/><U104/><E104/><V56/><F29/><W81/><G46/><T86/><D20/><U124/><E124/><V13/><F34/><W72/><G45/><T87/><D87/><N who="1" m="52543" /><E114/><V8/><F77/><W109/><G75/><T16/><D16/><N who="1" m="12359" /><E112/><V47/><F74/><W32/><G32/><T78/><D78/><U103/><E103/><V88/><F47/><W73/><G73/><T38/><D38/><U43/><E43/><V123/><F123/><W31/><G31/><T48/><D9/><U97/><E97/><V33/><F33/><W79/><G79/><T102/><D3/><U105/><E105/><V122/><F122/><W127/><G127/><T98/><D98/><U12/><E12/><N who="2" m="7455" /><F2/><W131/><G0/><T108/><D102/><U25/><E25/><V82/><F8/><W55/><G131/><T17/><D17/><U6/><E6/><V118/><F118/><W65/><G5/><T35/><D35/><U62/><E62/><V61/><F117/><W41/><G1/><T7/><D7/><U83/><E83/><V40/><F116/><W80/><G101/><T125/><D125/><RYUUKYOKU ba="1,0" sc="213,15,289,15,337,-15,161,-15" hai0="48,63,66,68,84,85,86,108,110,111" hai1="4,10,15,50,51,52,60" /><INIT seed="3,2,0,2,1,78" ten="228,304,322,146" oya="3" hai0="79,3,29,43,62,134,36,127,28,48,101,117,135" hai1="121,80,109,115,19,73,99,49,18,59,52,6,68" hai2="58,92,118,83,112,33,72,90,1,63,12,91,98" hai3="61,77,16,96,9,85,4,71,0,60,81,100,41"/><W37/><G71/><T30/><D3/><U130/><E121/><V114/><F1/><W102/><G41/><T69/><D117/><U74/><E115/><V56/><F33/><W11/><G37/><T119/><D36/><U76/><E68/><V128/><F118/><W13/><REACH who="3" step="1"/><G102/><REACH who="3" ten="228,304,322,136" step="2"/><T42/><D119/><U44/><E130/><V21/><F128/><W51/><G51/><T26/><D101/><U133/><E133/><V95/><F114/><W67/><G67/><T32/><D42/><U45/><E49/><V111/><F112/><W94/><AGARI ba="2,1" hai="0,4,9,11,13,16,60,61,77,81,85,94,96,100" machi="94" ten="20,12000,1" yaku="1,1,0,1,7,1,52,1,54,1,53,0" doraHai="78" doraHaiUra="103" who="3" fromWho="3" sc="228,-42,304,-42,322,-42,136,136" /><INIT seed="3,3,0,4,4,111" ten="186,262,280,272" oya="3" hai0="107,74,69,64,27,93,96,99,118,68,98,26,135" hai1="81,39,91,121,89,101,76,104,3,130,71,75,12" hai2="65,45,77,60,31,63,103,50,30,44,127,56,86" hai3="2,14,59,32,132,122,38,100,133,49,128,1,117"/><W48/><G32/><T35/><D118/><U106/><E71/><V92/><F127/><W123/><G38/><T7/><D74/><U36/><E3/><V113/><F113/><W84/><G100/><T40/><D40/><U15/><E121/><V28/><F63/><W66/><G84/><T19/><D7/><U94/><E130/><V6/><F6/><W114/><G114/><T88/><D135/><U72/><E12/><V17/><F17/><W73/><G14/><T43/><D43/><U57/><E57/><V11/><F11/><W51/><G73/><T80/><D80/><N who="1" m="45063" /><E15/><V24/><F24/><W110/><G110/><T20/><D107/><N who="1" m="41003" /><E39/><V112/><F112/><W79/><G51/><T42/><D42/><U37/><E36/><V55/><F45/><W54/><G128/><T21/><D35/><U53/><E53/><V16/><F16/><W120/><G66/><T85/><REACH who="0" step="1"/><D64/><REACH who="0" ten="176,262,280,272" step="2"/><U46/><E37/><V4/><F4/><W97/><G132/><T67/><D67/><U29/><E75/><V115/><F65/><W87/><G133/><T129/><D129/><U102/><E29/><AGARI ba="3,1" hai="19,20,21,26,27,29,68,69,85,88,93,96,98,99" machi="29" ten="40,2600,0" yaku="1,1,54,1,53,0" doraHai="111" doraHaiUra="47" who="0" fromWho="1" sc="176,45,262,-35,280,0,272,0" /><INIT seed="4,0,0,5,0,9" ten="221,227,280,272" oya="0" hai0="33,83,106,94,35,93,20,0,28,132,18,53,58" hai1="1,48,131,41,12,31,120,97,99,103,78,87,100" hai2="7,39,112,21,77,3,114,107,56,118,98,134,92" hai3="82,59,19,70,72,76,42,104,80,124,60,49,51"/><T117/><D117/><U38/><E38/><V90/><F118/><W115/><G104/><T4/><D106/><U52/><E1/><V43/><F134/><W110/><G70/><T129/><D132/><U66/><E120/><V47/><F107/><W10/><G110/><T30/><D35/><U121/><E121/><V25/><F77/><W96/><G115/><N who="2" m="44073" /><F56/><W61/><G124/><T68/><D68/><U45/><E131/><V32/><F32/><W34/><G34/><T13/><D129/><U89/><E66/><V111/><F111/><W23/><G10/><N who="0" m="2311" /><D30/><U95/><E31/><N who="2" m="17839" /><F3/><W127/><G127/><T105/><D83/><N who="1" m="47607" /><E97/><V55/><F55/><W126/><G126/><T108/><D108/><U75/><E75/><V128/><F7/><W123/><G123/><T54/><D105/><U122/><E122/><V130/><AGARI ba="0,0" hai="39,43,47,90,92,98,128,130" m="17839,44073" machi="130" ten="30,1100,0" yaku="15,1" doraHai="9" who="2" fromWho="2" sc="221,-5,227,-3,280,11,272,-3" /><INIT seed="5,0,0,4,3,25" ten="216,224,291,269" oya="1" hai0="0,30,9,33,90,49,134,91,121,55,35,92,2" hai1="73,82,57,63,110,7,19,70,27,83,66,93,77" hai2="42,15,32,107,59,47,72,87,17,60,13,116,119" hai3="111,132,100,126,135,127,112,20,75,28,69,56,115"/><U36/><E110/><V14/><F72/><W40/><G69/><T34/><D134/><N who="3" m="51241" /><G75/><T103/><D103/><U38/><E7/><V10/><F32/><W44/><G100/><T76/><D76/><U65/><E93/><V85/><F107/><W61/><G111/><T29/><D121/><U5/><E5/><V21/><F119/><W37/><G20/><T41/><D41/><U48/><E83/><V62/><F116/><W122/><G28/><T52/><D35/><U99/><E99/><V23/><F23/><W131/><G131/><T80/><D92/><U102/><E102/><V117/><F62/><W50/><G37/><T8/><D49/><U16/><E27/><N who="2" m="14767" /><F10/><W125/><G122/><T31/><D31/><U26/><E26/><V128/><F128/><W58/><G58/><T98/><D98/><U129/><E129/><V78/><F78/><W86/><G86/><T120/><D120/><U67/><E36/><V68/><F68/><W123/><G123/><T84/><D84/><N who="2" m="32330" /><F117/><W105/><G105/><T6/><D6/><U1/><E38/><V4/><F4/><W18/><G18/><N who="1" m="6698" /><E1/><V12/><F12/><W45/><G45/><T11/><D11/><U89/><E89/><V24/><F24/><W133/><G133/><T3/><D3/><U130/><E130/><V114/><F13/><W94/><G94/><T53/><D53/><AGARI ba="0,0" hai="40,44,50,53,56,61,112,115,125,126,127" m="51241" machi="53" ten="40,8000,1" yaku="18,1,20,1,34,2" doraHai="25" who="3" fromWho="0" sc="216,-80,224,0,291,0,269,80" owari="136,-36.0,224,-18.0,291,9.0,349,45.0" /></mjloggm>