<mjloggm ver="2.3"><GO type="169" lobby="0"/><UN n0="%E9%B7%B9%E6%AD%A3%E3%81%AE%E5%80%85%EF%BC%9D%E5%AF%8C%E7%8C%AB" n1="%E2%98%85%E3%83%9B%E3%83%BC%E3%82%B9%E2%98%85" n2="%E9%B3%B3%E6%8B%B3" n3="%EF%BC%88%E2%89%A7%E2%96%BD%E2%89%A6%EF%BC%89" dan="17,16,16,19" rate="2158.31,2087.35,2098.13,2314.96" sx="M,M,M,M"/><TAIKYOKU oya="0"/><INIT seed="0,0,0,3,1,37" ten="250,250,250,250" oya="0" hai0="32,22,104,62,43,50,12,76,30,65,10,47,77" hai1="81,86,73,48,82,11,4,71,20,54,64,29,75" hai2="125,130,40,15,31,5,84,105,95,90,21,63,0" hai3="131,96,61,112,34,70,97,19,118,127,41,126,129"/><T113/><D32/><U45/><E81/><V53/><F105/><W3/><G3/><T119/><D104/><U25/><E64/><V92/><F125/><N who="3" m="47627" /><G34/><T66/><D113/><U46/><E45/><V83/><F0/><W121/><G121/><T39/><D39/><U88/><REACH who="1" step="1"/><E71/><REACH who="1" ten="250,240,250,250" step="2"/><V79/><F130/><W2/><G131/><T120/><D66/><U28/><E28/><V132/><F31/><W18/><G70/><T116/><D120/><U57/><E57/><V38/><F83/><W17/><G129/><T69/><D119/><U35/><E35/><V102/><F79/><W67/><G118/><T13/><D116/><U59/><E59/><V99/><F132/><W36/><G112/><T42/><D30/><U44/><E44/><V134/><F134/><W74/><G74/><T109/><D77/><U122/><E122/><V117/><F117/><W24/><G67/><T111/><D76/><U108/><E108/><V55/><F38/><W128/><G128/><T114/><D114/><U87/><E87/><V6/><F84/><W7/><G36/><T98/><D111/><U26/><E26/><V52/><F63/><W58/><G24/><T110/><D110/><U94/><E94/><V68/><F68/><W1/><G58/><T9/><D109/><U100/><E100/><V91/><F92/><W72/><G61/><T123/><D123/><U80/><E80/><V133/><F133/><W60/><G72/><T51/><D62/><U115/><E115/><V33/><F33/><W93/><G60/><T135/><D69/><U124/><E124/><V107/><F102/><RYUUKYOKU ba="0,1" sc="250,-10,240,30,250,-10,250,-10" hai1="4,11,20,25,29,46,48,54,73,75,82,86,88" /><INIT seed="1,1,1,4,4,18" ten="240,270,240,240" oya="1" hai0="33,60,133,44,102,69,14,110,26,130,132,41,13" hai1="61,126,56,7,94,20,86,85,21,8,35,4,87" hai2="6,128,98,118,30,96,134,40,83,59,43,64,73" hai3="47,131,23,10,108,1,75,78,103,17,113,53,104"/><U51/><E126/><V5/><F118/><W111/><G113/><T79/><D110/><N who="3" m="42025" /><G131/><T72/><D130/><U88/><E35/><V76/><F128/><W9/><G1/><T3/><D3/><U58/><E51/><V95/><F134/><N who="0" m="51818" /><D102/><U100/><E100/><V57/><F98/><N who="3" m="61559" /><G53/><T46/><D79/><U97/><E56/><V92/><F92/><W67/><G67/><N who="0" m="41191" /><D72/><U101/><E101/><V37/><F64/><W48/><G78/><T15/><D41/><U39/><E39/><V62/><F76/><W36/><G75/><T99/><D99/><U125/><E125/><V27/><F96/><W112/><G112/><T42/><D42/><U74/><E74/><V120/><F73/><W49/><G36/><T28/><AGARI ba="1,1" hai="13,14,15,26,28,33,44,46" m="41191,51818" machi="28" ten="40,1500,0" yaku="20,1" doraHai="18" who="0" fromWho="0" sc="240,28,270,-8,240,-5,240,-5" /><INIT seed="2,0,0,2,2,23" ten="268,262,235,235" oya="2" hai0="46,68,13,67,130,115,40,109,26,120,97,17,31" hai1="82,66,110,127,91,113,60,49,101,11,57,56,83" hai2="95,2,123,35,92,134,87,106,53,63,34,58,36" hai3="51,18,10,107,126,86,79,76,44,89,77,125,78"/><V116/><F123/><W28/><G107/><T24/><D115/><U14/><E113/><V29/><F106/><W41/><G28/><T90/><D120/><U48/><E127/><V96/><F116/><W124/><N who="3" m="19456" /><DORA hai="103" /><W27/><G10/><T43/><D109/><U117/><E110/><V64/><F36/><W73/><G73/><T6/><D6/><U99/><E117/><V12/><F2/><W54/><G41/><T88/><D31/><U111/><E111/><V22/><F134/><W122/><G122/><T100/><D130/><U45/><E56/><V70/><F87/><W65/><G65/><T62/><D46/><U1/><E1/><V21/><F92/><W52/><G54/><T32/><D32/><U93/><E101/><V81/><F81/><N who="1" m="30729" /><E45/><V94/><F94/><N who="3" m="54583" /><G18/><AGARI ba="0,0" hai="11,14,18,48,49,57,60,66,91,93,99" m="30729" machi="18" ten="30,1000,0" yaku="8,1" doraHai="23,103" who="1" fromWho="3" sc="268,0,262,10,235,0,235,-10" /><INIT seed="3,0,0,0,1,106" ten="268,272,235,225" oya="3" hai0="110,103,33,60,39,116,111,23,12,19,89,88,133" hai1="84,9,64,77,20,8,132,81,104,58,113,102,47" hai2="82,91,80,99,13,17,42,32,22,90,70,4,7" hai3="112,24,117,72,43,34,100,63,0,59,35,21,53"/><W120/><G120/><T119/><D33/><U101/><E113/><V83/><F70/><W118/><G112/><T27/><D39/><U31/><E132/><V65/><F65/><W14/><G0/><T114/><D133/><U10/><E104/><V15/><F32/><W98/><G43/><T37/><D37/><U92/><E92/><V115/><F115/><W124/><G124/><T28/><D103/><U109/><E47/><V68/><F68/><W48/><G72/><T46/><D46/><U86/><E84/><V26/><F42/><W2/><G2/><T30/><D60/><N who="1" m="37911" /><E109/><N who="0" m="41481" /><D114/><U107/><E107/><V36/><F36/><W1/><G1/><T40/><D40/><U54/><E54/><V25/><F15/><W18/><G14/><T69/><D69/><U50/><E50/><V5/><REACH who="2" step="1"/><F99/><REACH who="2" ten="268,272,225,225" step="2"/><W55/><G35/><N who="0" m="20895" /><D30/><U73/><E31/><V16/><F16/><W108/><G34/><T125/><D125/><U45/><E8/><V71/><F71/><W29/><G29/><T79/><D119/><U123/><E9/><V96/><F96/><W44/><REACH who="3" step="1"/><G108/><REACH who="3" ten="268,272,225,215" step="2"/><T52/><D12/><U131/><E123/><V122/><F122/><W95/><AGARI ba="0,2" hai="18,21,24,44,48,53,55,59,63,95,98,100,117,118" machi="95" ten="20,7800,0" yaku="1,1,2,1,0,1,7,1,53,0" doraHai="106" doraHaiUra="78" who="3" fromWho="3" sc="268,-26,272,-26,225,-26,215,98" /><INIT seed="3,1,0,3,1,105" ten="242,246,199,313" oya="3" hai0="1,64,131,11,34,49,84,79,69,6,109,134,36" hai1="66,61,102,45,16,55,80,17,43,108,125,93,14" hai2="46,87,74,47,92,70,58,112,103,117,62,91,100" hai3="48,135,119,19,94,68,81,101,99,57,44,121,96"/><W4/><G68/><T89/><D36/><U27/><E125/><V37/><F117/><W122/><G119/><T42/><D34/><U33/><E108/><V82/><F112/><W83/><G135/><T111/><D134/><U63/><E93/><V65/><F70/><W72/><G4/><T30/><D30/><U21/><E102/><V24/><F37/><W67/><G72/><T90/><D131/><U128/><E128/><V56/><F56/><W41/><G96/><T115/><D115/><U127/><E127/><V29/><F74/><W32/><G32/><T97/><D97/><U2/><E2/><V120/><F120/><W25/><G122/><T118/><D118/><U107/><E107/><V18/><F18/><W52/><G67/><T20/><D20/><U13/><E80/><V23/><F100/><W78/><G78/><T0/><D0/><U7/><E33/><V76/><F76/><W73/><G73/><T124/><D124/><U54/><E7/><V126/><F126/><W12/><G25/><T110/><D64/><U9/><E27/><V53/><F53/><N who="1" m="19977" /><E66/><V71/><F71/><W60/><REACH who="3" step="1"/><G121/><REACH who="3" ten="242,246,199,303" step="2"/><T39/><D69/><U123/><E123/><V133/><F133/><W86/><G86/><T10/><D84/><U104/><E104/><V114/><F114/><W130/><G130/><T3/><D79/><U129/><E129/><V31/><F29/><W116/><G116/><T51/><D6/><U106/><E106/><V40/><F40/><W98/><G98/><AGARI ba="1,1" hai="23,24,31,46,47,58,62,65,82,87,91,92,98,103" machi="98" ten="40,5200,0" yaku="25,2,8,1" doraHai="105" who="2" fromWho="3" sc="242,0,246,0,199,65,303,-55" /><INIT seed="4,0,0,2,0,12" ten="242,246,264,248" oya="0" hai0="47,130,48,114,113,36,71,93,50,117,53,78,70" hai1="62,76,112,24,100,37,115,56,90,8,69,82,72" hai2="129,73,102,99,45,123,121,31,122,43,86,63,54" hai3="58,110,41,83,11,10,79,39,17,68,108,84,51"/><T95/><D117/><U85/><E69/><V55/><F73/><W6/><G68/><T46/><D36/><U106/><E37/><V135/><F129/><W26/><G39/><T44/><D130/><U19/><E100/><V111/><F111/><W94/><G110/><T60/><D78/><U80/><E106/><V28/><F135/><W18/><G108/><T109/><D109/><U104/><E104/><V4/><F4/><W77/><G77/><T0/><D0/><U42/><E42/><V107/><F86/><W101/><G26/><T98/><D60/><U5/><E24/><V34/><F34/><W9/><G6/><T127/><D127/><U27/><E27/><V57/><REACH who="2" step="1"/><F55/><REACH who="2" ten="242,246,254,248" step="2"/><N who="3" m="32127" /><G41/><T35/><D35/><U21/><E5/><V88/><F88/><N who="3" m="53511" /><G101/><T92/><D98/><U61/><E72/><V74/><F74/><W30/><G30/><T124/><D124/><U59/><E90/><V29/><F29/><W13/><G13/><T52/><D47/><U97/><E76/><V16/><F16/><W81/><G79/><T65/><D65/><U7/><E7/><V2/><F2/><W89/><G89/><T131/><D131/><U75/><E75/><V67/><F67/><W132/><G132/><T49/><D50/><AGARI ba="0,1" hai="28,31,43,45,50,54,57,63,99,102,107,121,122,123" machi="50" ten="40,8000,1" yaku="1,1,53,3" doraHai="12" doraHaiUra="116" who="2" fromWho="0" sc="242,-80,246,0,254,90,248,0" /><INIT seed="5,0,0,1,3,81" ten="162,246,344,248" oya="1" hai0="49,66,75,20,46,78,60,29,65,117,116,119,54" hai1="132,74,50,111,23,125,18,6,101,41,129,76,57" hai2="83,102,100,12,44,40,35,38,104,13,112,43,92" hai3="47,87,72,5,63,85,56,70,25,86,103,0,17"/><U77/><E74/><V33/><F104/><W32/><G72/><T109/><D109/><U51/><E111/><V21/><F112/><W2/><G70/><T88/><D60/><U73/><E73/><V68/><F83/><W84/><G103/><T99/><D78/><U130/><E6/><V127/><F92/><W48/><G5/><T89/><D75/><U121/><E101/><V95/><F95/><W94/><G32/><T123/><D123/><U64/><E121/><V30/><F44/><W122/><G122/><T7/><D7/><U67/><E125/><V22/><F30/><W131/><G131/><N who="1" m="50186" /><E132/><V1/><F68/><W59/><G2/><T126/><D126/><U90/><E90/><V107/><F107/><W133/><G0/><T80/><D89/><U134/><E134/><V34/><F34/><W15/><G25/><T113/><D113/><U31/><E31/><V3/><F127/><W98/><G133/><T110/><D110/><U118/><E118/><V42/><F42/><N who="3" m="24695" /><G63/><T36/><D36/><AGARI ba="0,0" hai="1,3,12,13,21,22,33,35,36,38,40,43,100,102" machi="36" ten="25,1600,0" yaku="22,2" doraHai="81" who="2" fromWho="0" sc="162,-16,246,0,344,16,248,0" /><INIT seed="6,0,0,0,0,91" ten="146,246,360,248" oya="2" hai0="21,34,51,106,80,67,111,113,46,66,117,2,112" hai1="40,38,86,79,25,116,123,15,47,24,76,109,61" hai2="125,43,104,12,124,132,62,74,63,73,99,4,3" hai3="54,115,107,72,133,75,96,1,8,42,134,68,93"/><V53/><F132/><N who="3" m="50795" /><G68/><T55/><D34/><U83/><E116/><V57/><F43/><W22/><G107/><T27/><D111/><U49/><E109/><V29/><F3/><W7/><G115/><T82/><D2/><U70/><E123/><V118/><F118/><W135/><G42/><T90/><D106/><U127/><E127/><N who="2" m="48715" /><F29/><W13/><G54/><T14/><D14/><U101/><E38/><V131/><F131/><W10/><G22/><T30/><D117/><U92/><E76/><V81/><F63/><W6/><G135/><T11/><D11/><U84/><E15/><V130/><F81/><W45/><G45/><T95/><D113/><U19/><E19/><V17/><F4/><W31/><G31/><T37/><D37/><U102/><E61/><V100/><F130/><W89/><AGARI ba="0,0" hai="1,6,7,8,10,13,72,75,89,93,96" m="50795" machi="89" ten="30,2000,0" yaku="20,1,52,1" doraHai="91" who="3" fromWho="3" sc="146,-5,246,-5,360,-10,248,20" /><INIT seed="7,0,0,0,2,59" ten="141,241,350,268" oya="3" hai0="75,3,78,8,56,42,39,29,133,17,14,15,41" hai1="4,94,19,106,0,90,25,88,27,57,134,81,135" hai2="86,121,100,68,104,87,40,97,44,13,67,131,71" hai3="51,46,77,80,73,113,85,21,96,35,74,2,34"/><W127/><G2/><T109/><D109/><U130/><E106/><V28/><F131/><W114/><G127/><T20/><D133/><N who="1" m="50699" /><E130/><V5/><F28/><W30/><G21/><T45/><D42/><U89/><E94/><V52/><F121/><W108/><G96/><T107/><D29/><U16/><E81/><V1/><F1/><W38/><G38/><T95/><D107/><U47/><E47/><V66/><F68/><W22/><G22/><T6/><D95/><U124/><E124/><V10/><F86/><W123/><G123/><T105/><D105/><U91/><E89/><V118/><F118/><W9/><G9/><T84/><D84/><U69/><E69/><V110/><F110/><W37/><G37/><T93/><D93/><U31/><E57/><V111/><F87/><W98/><G98/><T119/><D56/><U50/><E50/><V76/><F71/><W65/><G65/><T116/><REACH who="0" step="1"/><D15/><REACH who="0" ten="131,241,350,268" step="2"/><U32/><E27/><V101/><F111/><W53/><G108/><T115/><D115/><U83/><E83/><AGARI ba="0,1" hai="3,6,8,14,17,20,39,41,45,75,78,83,116,119" machi="83" ten="40,5200,0" yaku="1,1,25,2,53,0" doraHai="59" doraHaiUra="129" who="0" fromWho="1" sc="131,62,241,-52,350,0,268,0" owari="193,-21.0,189,-31.0,350,45.0,268,7.0" /></mjloggm>