<mjloggm ver="2.3"><GO type="41" lobby="0"/><UN n0="%E3%82%A6%E3%83%AB%E3%83%88%E3%83%A9%E7%AB%8B%E7%9B%B4" n1="%E6%B7%AB%E8%A1%8C%E6%95%99%E5%B8%AB" n2="%E3%83%9E%E3%83%9B%E3%83%BC%E3%83%B3" n3="%4B%2D%59%41%53" dan="16,14,13,15" rate="2044.82,1920.80,2044.61,2025.44" sx="M,M,M,M"/><TAIKYOKU oya="0"/><INIT seed="0,0,0,0,2,86" ten="250,250,250,250" oya="0" hai0="124,25,114,58,101,128,71,18,46,7,112,26,2" hai1="63,5,120,80,37,87,130,55,24,21,95,57,74" hai2="94,30,82,43,45,108,17,61,70,115,54,11,96" hai3="64,40,129,68,83,134,35,102,69,123,113,49,4"/><T121/><D71/><U28/><E37/><V53/><F115/><W119/><G113/><T109/><D114/><U81/><E74/><V106/><F106/><W90/><G119/><T48/><D112/><U126/><E120/><V14/><F108/><W22/><G35/><T107/><D121/><U33/><E126/><V73/><F30/><W16/><G123/><T31/><D124/><U104/><E104/><V100/><F73/><W127/><G127/><T105/><D109/><U125/><E125/><V62/><F82/><W131/><G4/><T56/><D107/><U19/><E5/><V52/><REACH who="2" step="1"/><F70/><REACH who="2" ten="250,250,240,250" step="2"/><W13/><G69/><T116/><D105/><U117/><E117/><V103/><F103/><W42/><G102/><T91/><D101/><U47/><E130/><V0/><F0/><W122/><G68/><T3/><D128/><U92/><E81/><V118/><F118/><W36/><G83/><T1/><D116/><U29/><E29/><V88/><F88/><W60/><G131/><T85/><D31/><U84/><E84/><V15/><F15/><W110/><G13/><T38/><D2/><U39/><E28/><V78/><F78/><W20/><G110/><T12/><D3/><U8/><E33/><V132/><F132/><W59/><G134/><T75/><D75/><U99/><E99/><V23/><F23/><W41/><G22/><T79/><D1/><U76/><E8/><V77/><F77/><W89/><G20/><T135/><D79/><U98/><E98/><V32/><F32/><W72/><G129/><T111/><D135/><U66/><E76/><RYUUKYOKU ba="0,1" sc="250,-10,250,-10,240,30,250,-10" hai2="11,14,17,43,45,52,53,54,61,62,94,96,100" /><INIT seed="1,1,1,5,3,98" ten="240,240,270,240" oya="1" hai0="80,24,107,47,86,85,79,48,19,103,61,12,58" hai1="100,63,59,7,83,40,106,38,56,120,30,39,75" hai2="119,31,81,5,22,96,0,62,124,42,93,132,115" hai3="82,114,37,99,54,3,109,91,27,21,77,110,127"/><U6/><E120/><V10/><F119/><W117/><G114/><T104/><D24/><U4/><E30/><V1/><F124/><W121/><G121/><T8/><D86/><U102/><E106/><V135/><F115/><W20/><G127/><T15/><D15/><U76/><E59/><V28/><F42/><W66/><G117/><T43/><D103/><U44/><REACH who="1" step="1"/><E39/><REACH who="1" ten="240,230,270,240" step="2"/><V46/><F46/><W64/><G37/><T78/><D104/><U89/><E89/><V36/><F36/><W72/><G91/><T84/><D107/><U88/><E88/><V57/><F57/><W23/><G77/><T105/><D105/><U51/><E51/><V122/><F122/><W113/><G113/><T41/><D79/><U116/><E116/><V53/><F135/><W131/><G110/><T92/><D58/><U11/><E11/><V108/><F10/><W65/><G109/><T111/><D111/><U71/><E71/><V13/><F28/><W94/><G27/><T133/><D133/><U55/><AGARI ba="1,2" hai="4,6,7,38,40,44,55,56,63,75,76,83,100,102" machi="55" ten="30,11700,0" yaku="1,1,0,1,52,2,53,0" doraHai="98" doraHaiUra="32" who="1" fromWho="1" sc="240,-40,230,140,270,-40,240,-40" /><INIT seed="1,2,0,5,4,106" ten="200,370,230,200" oya="1" hai0="113,81,111,13,16,78,31,89,27,69,28,8,55" hai1="82,86,50,109,47,73,92,64,121,120,53,14,84" hai2="45,36,131,9,3,5,46,108,85,135,115,25,40" hai3="38,93,70,90,124,11,49,6,15,65,34,29,114"/><U127/><E127/><V105/><F115/><W98/><G114/><T4/><D69/><U133/><E133/><V77/><F108/><W56/><G38/><T132/><D113/><U2/><E2/><V123/><F123/><W39/><G39/><T26/><D132/><U76/><E109/><V122/><F122/><W20/><G34/><T10/><D111/><U126/><E126/><V87/><F135/><W91/><G124/><T117/><D89/><U104/><E104/><V112/><F105/><W61/><G49/><T130/><D130/><U88/><E86/><V71/><F131/><W23/><G70/><T43/><D43/><U129/><E129/><V19/><F71/><W21/><REACH who="3" step="1"/><G90/><REACH who="3" ten="200,370,230,190" step="2"/><T32/><D117/><U102/><E102/><V18/><F112/><W80/><G80/><T24/><D32/><U66/><E121/><V74/><F46/><W51/><G51/><T75/><REACH who="0" step="1"/><D55/><REACH who="0" ten="190,370,230,190" step="2"/><U54/><E120/><V103/><F103/><W60/><G60/><T96/><D96/><U94/><E54/><V97/><F97/><W128/><G128/><T12/><AGARI ba="2,2" hai="4,8,10,12,13,16,24,26,27,28,31,75,78,81" machi="12" ten="30,7900,0" yaku="1,1,0,1,52,1,54,1,53,0" doraHai="106" doraHaiUra="44" who="0" fromWho="0" sc="190,105,370,-41,230,-22,190,-22" /><INIT seed="2,0,0,0,5,111" ten="295,329,208,168" oya="2" hai0="96,18,52,1,60,30,70,59,112,33,127,72,66" hai1="124,49,101,16,42,69,81,62,130,11,128,125,88" hai2="106,80,67,90,94,78,19,48,105,8,15,107,82" hai3="119,85,126,83,68,116,95,103,17,26,44,53,24"/><V104/><F67/><W34/><G68/><T41/><D72/><U25/><E101/><V122/><F122/><W57/><G126/><N who="1" m="48746" /><E69/><V73/><F82/><W63/><G34/><T58/><D127/><U133/><E62/><V110/><F110/><W27/><G119/><T50/><D1/><U54/><E42/><V0/><F0/><W40/><G116/><T32/><D32/><U65/><E65/><V102/><F48/><W93/><G17/><T47/><D30/><U10/><E54/><V117/><F117/><W79/><REACH who="3" step="1"/><G103/><REACH who="3" ten="295,329,208,158" step="2"/><T35/><D35/><U134/><E49/><AGARI ba="0,1" hai="24,26,27,40,44,49,53,57,63,79,83,85,93,95" machi="49" ten="40,5200,0" yaku="1,1,2,1,8,1,53,0" doraHai="111" doraHaiUra="12" who="3" fromWho="1" sc="295,0,329,-52,208,0,158,62" /><INIT seed="3,0,0,5,3,73" ten="295,277,208,220" oya="3" hai0="22,23,14,70,88,1,134,74,93,87,10,28,44" hai1="95,39,50,127,86,7,81,45,111,131,18,91,33" hai2="29,102,52,128,59,103,83,4,9,42,117,0,68" hai3="26,61,75,69,40,133,53,125,32,31,20,66,25"/><W121/><G121/><T123/><D1/><U100/><E39/><V115/><F115/><W15/><G133/><T34/><D70/><U130/><E33/><V114/><F114/><W55/><G125/><T124/><D123/><U67/><E67/><V51/><F117/><W37/><G15/><T56/><D134/><U21/><E127/><V82/><F128/><N who="1" m="49193" /><E7/><V110/><F110/><W35/><G35/><T112/><D112/><U105/><E105/><V12/><F68/><W89/><G75/><T99/><D74/><U62/><E62/><V101/><F29/><W5/><G5/><T30/><D124/><U43/><E111/><V17/><REACH who="2" step="1"/><F42/><REACH who="2" ten="295,277,198,220" step="2"/><W57/><G69/><T48/><D30/><U46/><E43/><V72/><F72/><W79/><G40/><T108/><D108/><U94/><E50/><V49/><F49/><W71/><G37/><T36/><D28/><U132/><E132/><V60/><F60/><W122/><G122/><T109/><D109/><U11/><E11/><AGARI ba="0,1" hai="0,4,9,11,12,17,51,52,59,82,83,101,102,103" machi="11" ten="40,5200,0" yaku="1,1,54,1,53,1" doraHai="73" doraHaiUra="8" who="2" fromWho="1" sc="295,0,277,-52,198,62,220,0" /><INIT seed="4,0,0,0,3,42" ten="295,225,260,220" oya="0" hai0="82,19,52,110,94,86,40,78,83,116,64,14,88" hai1="1,67,130,44,9,111,53,109,70,121,6,60,29" hai2="127,106,58,15,2,16,99,38,135,91,50,68,3" hai3="27,93,75,34,43,134,18,92,113,57,45,89,36"/><T98/><D116/><U131/><E29/><V72/><F68/><W48/><G113/><T20/><D110/><U100/><E100/><V7/><F38/><W46/><G134/><T117/><D117/><U123/><E9/><V65/><F135/><W129/><G129/><N who="1" m="49162" /><E1/><V73/><F127/><W8/><G75/><T56/><D64/><U84/><E84/><V55/><F65/><W102/><G57/><T23/><D40/><U119/><E119/><V30/><F30/><W95/><G102/><T122/><D122/><N who="1" m="46603" /><E6/><V54/><F7/><W32/><G89/><T10/><D83/><U28/><E28/><V97/><F73/><W51/><G36/><T77/><D77/><U128/><N who="1" m="49170" /><U104/><DORA hai="133" /><E104/><V4/><F72/><W59/><G59/><T25/><REACH who="0" step="1"/><D25/><REACH who="0" ten="285,225,260,220" step="2"/><U22/><E22/><V115/><F115/><W80/><G80/><T79/><D79/><U96/><E96/><V17/><F99/><W90/><G27/><T71/><D71/><U132/><E132/><V63/><F97/><W66/><G66/><T81/><D81/><U41/><E53/><V126/><F55/><W112/><G112/><T74/><D74/><U12/><E12/><V37/><F15/><W118/><G118/><T5/><D5/><U61/><E61/><AGARI ba="0,1" hai="10,14,19,20,23,52,56,61,78,82,86,88,94,98" machi="61" ten="30,18000,2" yaku="1,1,7,1,8,1,54,2,53,1" doraHai="42,133" doraHaiUra="120,85" who="0" fromWho="1" sc="285,190,225,-180,260,0,220,0" /><INIT seed="4,1,0,2,2,126" ten="475,45,260,220" oya="0" hai0="6,87,130,132,3,47,116,32,45,39,76,97,41" hai1="29,123,75,55,19,42,94,67,7,33,91,120,96" hai2="122,104,86,20,44,63,60,121,28,37,23,117,40" hai3="25,50,133,26,52,31,99,62,113,30,74,108,77"/><T131/><D32/><U17/><E75/><V112/><F112/><W71/><G108/><T81/><D116/><U106/><E7/><V115/><F115/><W38/><G113/><T85/><D132/><U27/><E42/><V110/><F110/><W134/><G38/><T13/><D47/><U14/><E19/><V43/><F117/><W100/><G77/><T53/><D53/><U79/><E79/><V36/><F104/><W101/><G74/><T22/><D97/><U54/><E54/><V129/><F86/><W57/><G101/><T119/><D119/><U24/><E24/><N who="3" m="9322" /><G71/><T69/><D69/><U92/><E106/><V10/><F10/><W80/><G80/><T8/><D85/><U70/><E70/><V127/><F127/><W61/><G61/><T2/><D22/><U46/><E67/><V51/><F51/><W124/><G62/><T88/><D88/><U1/><E1/><V68/><F44/><W95/><G124/><T89/><D89/><U114/><E114/><V35/><F35/><W84/><G84/><T135/><D135/><AGARI ba="1,0" hai="30,31,50,52,57,95,99,100,133,134,135" m="9322" machi="135" ten="30,2000,0" yaku="20,1,54,1" doraHai="126" who="3" fromWho="0" sc="475,-23,45,0,260,0,220,23" /><INIT seed="5,0,0,4,4,67" ten="452,45,260,243" oya="1" hai0="43,34,27,8,127,46,17,14,59,92,41,4,98" hai1="75,96,65,51,62,57,135,25,132,131,60,37,68" hai2="71,107,11,50,111,5,77,105,12,10,89,97,121" hai3="20,116,35,19,16,85,69,117,130,126,26,119,23"/><U33/><E75/><V9/><F111/><W83/><G130/><T63/><D127/><U99/><E131/><V44/><F121/><W58/><G126/><T87/><D87/><U24/><E51/><V55/><F77/><N who="3" m="46319" /><G58/><T0/><D46/><U61/><E37/><V78/><F78/><W133/><G133/><N who="1" m="51274" /><E33/><V79/><F79/><W3/><G3/><T29/><D63/><N who="1" m="24139" /><E57/><V73/><F73/><W40/><G40/><T1/><D59/><U101/><E99/><V90/><F71/><W28/><G69/><T31/><D43/><U88/><E101/><V134/><F134/><W7/><G7/><T91/><D41/><U30/><E30/><V84/><F97/><W72/><G72/><T76/><D76/><U108/><E108/><V114/><F10/><W22/><AGARI ba="0,0" hai="16,19,20,22,23,26,28,35,116,117,119" m="46319" machi="22" ten="40,2700,0" yaku="12,1,54,1" doraHai="67" who="3" fromWho="3" sc="452,-7,45,-13,260,-7,243,27" /><INIT seed="6,0,0,4,1,30" ten="445,32,253,270" oya="2" hai0="116,91,85,87,79,4,21,66,90,70,55,29,108" hai1="80,25,31,40,122,119,135,115,77,109,107,58,19" hai2="45,18,89,34,111,26,50,5,54,125,37,74,17" hai3="101,10,134,12,65,124,8,32,48,64,53,60,1"/><V83/><F111/><W36/><G36/><T20/><D66/><U88/><E58/><V121/><F121/><W84/><G134/><T110/><D70/><U71/><E40/><V123/><F123/><W78/><G124/><T131/><D79/><U46/><E46/><V129/><F125/><W117/><G117/><T43/><D43/><U49/><E49/><V133/><F129/><W6/><G32/><T22/><D29/><U57/><E57/><V112/><F112/><W128/><G128/><T62/><D4/><U75/><E19/><V33/><F133/><W94/><G101/><T27/><D27/><U73/><E25/><V9/><F37/><W11/><G11/><T23/><D23/><U61/><E61/><V95/><F83/><W59/><G60/><T47/><D131/><U97/><E31/><V72/><F34/><W42/><G42/><T86/><D116/><U15/><E15/><V104/><F104/><W69/><G69/><T14/><D14/><U132/><E75/><V35/><F35/><W130/><G130/><T76/><D76/><U2/><E71/><V0/><F33/><W93/><G93/><T51/><D62/><U118/><E2/><V106/><F106/><W67/><G94/><T102/><D102/><N who="1" m="62927" /><E122/><V16/><REACH who="2" step="1"/><F26/><REACH who="2" ten="445,32,243,270" step="2"/><W3/><G3/><T98/><D110/><U38/><E109/><V63/><F63/><W24/><G24/><T113/><D108/><U52/><E38/><V41/><F41/><W39/><G39/><T114/><D114/><U127/><E115/><V99/><AGARI ba="0,1" hai="0,5,9,16,17,18,45,50,54,72,74,89,95,99" machi="99" ten="30,6000,0" yaku="1,1,0,1,54,1,53,0" doraHai="30" doraHaiUra="126" who="2" fromWho="2" sc="445,-20,32,-20,243,70,270,-20" /><INIT seed="6,1,0,0,1,15" ten="425,12,313,250" oya="2" hai0="47,23,52,110,76,56,59,26,134,46,7,86,44" hai1="4,13,102,36,135,121,85,104,20,64,126,133,116" hai2="48,70,77,101,40,71,88,19,123,65,60,1,73" hai3="130,22,127,114,21,122,128,28,66,24,12,16,120"/><V93/><F123/><N who="3" m="47147" /><G66/><T37/><D37/><U92/><E121/><V61/><F101/><W43/><G43/><T55/><D110/><U42/><E116/><V98/><F1/><W124/><G114/><T32/><D32/><U27/><E104/><V129/><F129/><AGARI ba="1,0" hai="12,16,21,22,24,28,124,127,128,129,130" m="47147" machi="129" ten="30,8000,1" yaku="19,1,34,2,52,1,54,1" doraHai="15" who="3" fromWho="2" sc="425,0,12,0,313,-83,250,83" /><INIT seed="7,0,0,4,3,92" ten="425,12,230,333" oya="3" hai0="132,74,43,122,71,77,70,12,93,134,15,102,79" hai1="117,3,18,89,126,63,66,124,85,100,60,80,81" hai2="7,83,127,129,119,21,62,29,105,65,59,84,47" hai3="67,86,112,40,103,95,31,4,123,14,109,28,78"/><W135/><G123/><T115/><D122/><U39/><E18/><V46/><F119/><W55/><G112/><T128/><D115/><U61/><E117/><V73/><F127/><W52/><G135/><N who="0" m="51755" /><D128/><U106/><E85/><V23/><F129/><W32/><G109/><T131/><D131/><U69/><E89/><V101/><F73/><W90/><G40/><T38/><D102/><U87/><E87/><V41/><F7/><W111/><G111/><T37/><D93/><U94/><E94/><V88/><F29/><N who="3" m="11339" /><G32/><T19/><D15/><U113/><E113/><V51/><REACH who="2" step="1"/><F46/><REACH who="2" ten="425,12,220,333" step="2"/><W64/><G4/><T33/><D74/><U34/><E34/><V10/><F10/><W75/><G75/><T91/><D33/><U45/><E45/><V44/><F44/><W35/><G35/><T0/><D38/><U107/><E39/><V49/><F49/><W110/><G110/><T58/><D37/><U24/><E24/><V8/><F8/><W125/><G125/><T82/><D0/><U98/><E3/><V108/><F108/><W76/><G14/><T50/><D12/><U68/><E66/><V133/><F133/><W121/><G67/><T130/><D130/><U42/><E42/><V27/><F27/><W25/><G64/><T17/><D43/><U26/><E26/><V6/><F6/><W22/><G25/><T20/><D17/><U116/><E116/><V1/><F1/><W9/><G9/><T96/><D19/><U54/><E54/><V118/><F118/><W114/><G55/><T2/><D2/><U56/><E126/><V57/><F57/><RYUUKYOKU ba="0,1" sc="425,-10,12,-10,220,30,333,-10" hai2="21,23,41,47,51,59,62,65,83,84,88,101,105" owari="425,53.0,2,-50.0,250,-15.0,323,12.0" /></mjloggm>