<mjloggm ver="2.3"><GO type="97" lobby="0"/><UN n0="%E3%82%A6%E3%83%AB%E3%83%88%E3%83%A9%E7%AB%8B%E7%9B%B4" n1="%E4%B8%8D%E8%89%AF%4F%4C%E9%BA%97%E7%BE%8E" n2="%E3%83%9E%E3%83%AB%E3%83%9E%E3%82%A4%E3%83%B3" n3="%E3%82%B3%E3%82%A4%E3%82%AD%E3%83%B3%E3%82%B0" dan="15,14,15,14" rate="1990.41,1984.00,1970.94,1860.82" sx="M,F,M,M"/><TAIKYOKU oya="0"/><BYE who="2" /><UN n2="%E3%83%9E%E3%83%AB%E3%83%9E%E3%82%A4%E3%83%B3" /><INIT seed="0,0,0,1,2,35" ten="250,250,250,250" oya="0" hai0="133,50,0,130,135,74,111,82,56,117,107,14,119" hai1="4,21,109,13,43,49,110,127,80,116,23,126,9" hai2="128,51,45,15,36,118,18,83,40,60,28,108,33" hai3="76,121,58,41,131,20,103,39,86,34,47,11,89"/><T113/><D113/><U72/><E72/><V114/><F114/><W100/><G34/><T62/><D107/><U3/><E80/><V85/><F108/><N who="1" m="41577" /><E49/><V19/><F128/><W120/><G131/><T68/><D111/><U94/><E43/><V22/><F118/><W104/><G76/><N who="0" m="44311" /><D130/><U95/><E94/><V27/><F60/><W90/><G20/><N who="1" m="7754" /><E95/><V112/><F112/><W106/><G58/><T1/><D50/><U30/><E30/><V134/><F19/><W48/><G48/><T129/><D14/><U10/><E116/><N who="0" m="44617" /><D129/><U26/><E26/><V125/><F51/><W53/><G53/><T70/><D56/><U122/><E122/><V54/><F54/><W75/><G11/><T105/><D105/><N who="3" m="40553" /><G47/><T96/><D96/><U87/><E87/><V73/><F73/><W8/><G8/><T102/><D102/><N who="3" m="38953" /><G39/><T91/><D91/><N who="3" m="34825" /><G41/><T93/><D93/><U65/><E65/><V69/><F45/><W97/><G75/><T101/><D101/><U32/><E32/><V88/><F40/><W81/><G97/><T38/><D38/><U16/><AGARI ba="0,0" hai="3,4,9,10,13,16,126,127" m="7754,41577" machi="16" ten="30,8000,1" yaku="14,1,34,2,52,1,54,1" doraHai="35" who="1" fromWho="1" sc="250,-40,250,80,250,-20,250,-20" /><INIT seed="1,0,0,2,4,88" ten="210,330,230,230" oya="1" hai0="69,16,11,48,64,13,98,119,86,73,129,60,72" hai1="117,46,31,45,91,24,12,47,34,104,28,42,78" hai2="106,89,127,52,19,63,99,114,120,2,29,79,126" hai3="87,133,105,70,21,84,37,67,76,85,103,10,9"/><U26/><E104/><V17/><F120/><W40/><G133/><T27/><D119/><U56/><E117/><V110/><F2/><W96/><G67/><T101/><D129/><U44/><E78/><V94/><F79/><W93/><G70/><T1/><D1/><U134/><E134/><V36/><F36/><W71/><G71/><T121/><D121/><U100/><E100/><V57/><F29/><W38/><G21/><T109/><D109/><U8/><E56/><V135/><F110/><W59/><G59/><T65/><D65/><U5/><E47/><V123/><F135/><W130/><G130/><T118/><D118/><U82/><E82/><V25/><F123/><W113/><G113/><T58/><D86/><U128/><E91/><V43/><F114/><W32/><G32/><T53/><REACH who="0" step="1"/><D27/><REACH who="0" ten="200,330,230,230" step="2"/><U107/><E128/><V124/><F25/><W6/><G76/><T102/><D102/><U51/><E107/><AGARI ba="0,1" hai="11,13,16,48,53,58,60,64,69,72,73,98,101,107" machi="107" ten="30,7700,0" yaku="1,1,7,1,54,1,53,1" doraHai="88" doraHaiUra="97" who="0" fromWho="1" sc="200,87,330,-77,230,0,230,0" /><INIT seed="2,0,0,5,1,15" ten="287,253,230,230" oya="2" hai0="52,13,43,28,46,132,35,29,100,0,107,39,101" hai1="58,89,84,121,83,97,65,55,66,56,79,70,131" hai2="94,25,73,124,126,110,1,40,17,11,123,38,112" hai3="20,5,68,53,2,76,60,6,118,93,23,80,64"/><V33/><F123/><W125/><G118/><T51/><D0/><U81/><E70/><V4/><F112/><W104/><G104/><T14/><D132/><U109/><E121/><V12/><F73/><W47/><G125/><N who="2" m="48233" /><F94/><W127/><G127/><T30/><D35/><U41/><E131/><V49/><F38/><W24/><G23/><T45/><D107/><U106/><E109/><V133/><F40/><W7/><G93/><T37/><D39/><U78/><E41/><V8/><F49/><W50/><G2/><T117/><D117/><U77/><E106/><V22/><F133/><W95/><G95/><T99/><D99/><U27/><E97/><V90/><F90/><W31/><REACH who="3" step="1"/><G6/><REACH who="3" ten="287,253,230,220" step="2"/><T57/><D100/><U115/><E115/><V91/><F33/><W67/><G67/><T96/><D101/><U86/><E66/><V122/><F122/><W82/><G82/><T116/><D116/><U34/><E65/><V21/><F110/><W32/><G32/><T9/><D96/><U135/><E34/><V85/><F25/><W119/><G119/><T128/><D128/><U114/><E27/><V102/><F102/><W18/><G18/><T129/><D129/><U98/><E114/><V134/><F134/><W69/><G69/><T111/><D111/><U113/><E113/><V48/><F22/><W54/><G54/><T75/><D30/><U71/><E135/><V44/><F21/><W88/><G88/><T59/><D29/><U3/><E98/><V36/><F91/><W74/><AGARI ba="0,1" hai="5,7,20,24,31,47,50,53,60,64,68,74,76,80" machi="74" ten="20,5200,0" yaku="1,1,0,1,7,1,53,1" doraHai="15" doraHaiUra="16" who="3" fromWho="3" sc="287,-13,253,-13,230,-26,220,62" /><INIT seed="3,0,0,4,0,52" ten="274,240,204,282" oya="3" hai0="96,8,64,83,80,133,135,19,59,49,74,116,63" hai1="117,0,62,12,28,6,124,90,26,106,47,115,55" hai2="121,119,104,48,94,40,20,129,128,3,91,67,54" hai3="122,98,33,126,27,70,10,32,51,85,9,99,120"/><W23/><G70/><T73/><D116/><U95/><E106/><V25/><F104/><W77/><G51/><T82/><D96/><U84/><E115/><V112/><F112/><W56/><G56/><T71/><D71/><U110/><E110/><V46/><F119/><W111/><G111/><T30/><D30/><U118/><E0/><V13/><F3/><W102/><G126/><T24/><D49/><U29/><E124/><V107/><F107/><W103/><G23/><N who="0" m="13439" /><D8/><N who="1" m="4119" /><E117/><V76/><F76/><W68/><G68/><T89/><D89/><U36/><E36/><V7/><F67/><W109/><G109/><T4/><D4/><U43/><E26/><V130/><F40/><W97/><G27/><T60/><D60/><U50/><E118/><V16/><F121/><N who="3" m="46699" /><G85/><T18/><D18/><U75/><E75/><V113/><F113/><W2/><G2/><T100/><D100/><N who="3" m="38441" /><G77/><T22/><D22/><U125/><E125/><V134/><F7/><W5/><G5/><T53/><D64/><U93/><E93/><V31/><F31/><W81/><G81/><T114/><D114/><U35/><E35/><AGARI ba="0,0" hai="9,10,32,33,35,97,98,99" m="38441,46699" machi="35" ten="40,3900,0" yaku="28,2" doraHai="52" who="3" fromWho="1" sc="274,0,240,-39,204,0,282,39" owari="274,7.0,201,-30.0,204,-20.0,321,43.0" /></mjloggm>