<mjloggm ver="2.3"><GO type="41" lobby="0"/><UN n0="%E3%81%82%E3%81%83%E3%81%B3%E3%81%83%E3%82%8C%E3%81%83%E3%81%AB%E3%81%83" n1="%74%2D%73%70%69%72%69%74" n2="%43%48%41%53%45%52%2C%39" n3="%E3%82%A6%E3%83%AB%E3%83%88%E3%83%A9%E7%AB%8B%E7%9B%B4" dan="15,15,13,16" rate="1985.71,2050.57,1896.99,2031.87" sx="M,M,M,M"/><TAIKYOKU oya="0"/><INIT seed="0,0,0,2,2,115" ten="250,250,250,250" oya="0" hai0="57,133,43,112,75,32,78,74,103,128,70,81,108" hai1="27,113,120,98,88,16,106,9,95,49,85,77,54" hai2="89,96,20,124,51,80,110,127,28,36,15,94,56" hai3="11,37,91,46,111,19,24,84,104,69,39,12,71"/><T93/><D70/><U67/><E113/><V100/><F36/><W29/><G104/><T72/><D112/><U66/><E120/><V99/><F110/><W52/><G111/><T42/><D32/><U21/><E9/><V18/><F28/><W87/><G87/><T4/><D108/><U116/><E116/><V121/><F121/><W92/><G39/><T130/><D4/><U59/><E106/><V10/><F80/><AGARI ba="0,0" hai="16,21,27,49,54,59,66,67,77,80,85,88,95,98" machi="80" ten="40,5200,0" yaku="8,1,54,2" doraHai="115" who="1" fromWho="2" sc="250,0,250,52,250,-52,250,0" /><INIT seed="1,0,0,4,5,21" ten="250,302,198,250" oya="1" hai0="33,18,113,120,84,0,80,79,77,44,23,62,132" hai1="99,111,133,124,51,3,59,17,65,72,87,40,63" hai2="93,56,101,108,26,9,107,94,42,70,13,121,19" hai3="90,29,12,36,58,32,122,126,52,54,24,83,11"/><U35/><E72/><V57/><F121/><W131/><G36/><T31/><D0/><U20/><E3/><V48/><F70/><W64/><G122/><T50/><D120/><U98/><E35/><V68/><F108/><W114/><G114/><T8/><D113/><U38/><E38/><V104/><F68/><W37/><G37/><T88/><D132/><U130/><E133/><V28/><F107/><W15/><G131/><T41/><D62/><U110/><E130/><V103/><F104/><W22/><G64/><T30/><D8/><U39/><E87/><V127/><F127/><W119/><G119/><T97/><D97/><U100/><E39/><V109/><F109/><N who="1" m="41481" /><E100/><N who="2" m="38475" /><F56/><W49/><G126/><T86/><D77/><U96/><E124/><V60/><F60/><W75/><G32/><T92/><D33/><U10/><E10/><V128/><F128/><W16/><G75/><T73/><REACH who="0" step="1"/><D73/><REACH who="0" ten="240,302,198,250" step="2"/><U81/><E51/><V45/><F57/><W46/><G58/><T123/><D123/><U69/><E40/><V61/><F61/><W118/><G118/><T25/><AGARI ba="0,1" hai="18,23,25,30,31,41,44,50,79,80,84,86,88,92" machi="25" ten="20,12000,2" yaku="1,1,0,1,7,1,8,1,52,1,54,1,53,0" doraHai="21" doraHaiUra="7" who="0" fromWho="0" sc="240,130,302,-60,198,-30,250,-30" /><INIT seed="2,0,0,0,3,110" ten="370,242,168,220" oya="2" hai0="95,108,127,129,13,11,56,14,46,130,19,36,135" hai1="98,28,123,75,82,63,51,103,78,79,1,106,25" hai2="6,90,102,69,76,70,29,3,26,112,94,81,65" hai3="33,131,89,22,134,15,121,8,88,23,4,52,39"/><V38/><F38/><W2/><G39/><T10/><D108/><U24/><E1/><V49/><F102/><W93/><G121/><T30/><D30/><U97/><E79/><V101/><F101/><W48/><G33/><T116/><D116/><U115/><E123/><V67/><F3/><W126/><G126/><T107/><D107/><U7/><E7/><V80/><F6/><W62/><G131/><N who="0" m="50187" /><D135/><U5/><E5/><V117/><F117/><W21/><G62/><T74/><D74/><U27/><E98/><V92/><F29/><W77/><G77/><T0/><D0/><U9/><E9/><V66/><F26/><W35/><G35/><T132/><D132/><U54/><E63/><V55/><F112/><W45/><G134/><T100/><D56/><U34/><REACH who="1" step="1"/><E115/><REACH who="1" ten="370,232,168,220" step="2"/><V85/><F81/><W31/><G2/><T99/><D10/><U111/><E111/><V43/><F43/><W91/><G31/><T124/><D11/><U83/><E83/><V47/><REACH who="2" step="1"/><F94/><AGARI ba="0,1" hai="4,8,15,21,22,23,45,48,52,88,89,91,93,94" machi="94" ten="40,5200,0" yaku="8,1,54,2" doraHai="110" who="3" fromWho="2" sc="370,0,232,0,168,-52,220,62" /><INIT seed="3,0,0,0,3,134" ten="370,232,116,282" oya="3" hai0="69,120,28,108,65,32,64,90,29,46,27,118,8" hai1="17,55,112,86,63,72,42,44,59,97,109,68,102" hai2="88,61,93,7,48,123,78,4,114,51,49,20,50" hai3="135,133,75,100,92,79,2,41,13,96,40,132,30"/><W115/><G2/><T25/><D118/><U122/><E72/><V131/><F114/><W37/><G115/><T119/><D120/><U23/><E112/><V26/><F123/><W1/><G1/><T15/><D108/><U53/><E68/><V38/><F131/><W11/><G37/><T19/><D119/><U67/><E109/><V22/><F38/><W110/><G110/><T117/><D117/><U107/><E86/><N who="2" m="52375" /><F78/><W83/><REACH who="3" step="1"/><G30/><REACH who="3" ten="370,232,116,272" step="2"/><T9/><D28/><U45/><E122/><V71/><F71/><W31/><G31/><T6/><D69/><U105/><E105/><V85/><N who="2" m="12800" /><DORA hai="33" /><V73/><F73/><W43/><G43/><T14/><D29/><U81/><E42/><V74/><F74/><W66/><G66/><T77/><D65/><U80/><E45/><V21/><F61/><W16/><AGARI ba="0,1" hai="11,13,16,40,41,75,79,83,92,96,100,132,133,135" machi="16" ten="30,18000,2" yaku="1,1,0,1,20,1,54,1,53,3" doraHai="134,33" doraHaiUra="129,3" who="3" fromWho="3" sc="370,-60,232,-60,116,-60,272,190" /><INIT seed="3,1,0,4,3,15" ten="310,172,56,462" oya="3" hai0="93,31,83,49,75,53,71,70,103,9,112,1,55" hai1="98,123,6,92,47,32,77,0,38,54,100,20,131" hai2="24,23,82,72,135,67,121,97,88,51,28,89,68" hai3="18,37,104,130,81,41,60,44,94,59,42,64,91"/><W61/><G104/><T8/><D31/><U29/><E32/><V107/><F135/><W74/><G130/><T13/><D1/><U26/><E131/><V73/><F121/><W7/><G7/><T19/><D8/><U76/><E123/><V108/><F108/><W45/><G81/><T34/><D34/><U21/><E6/><V39/><F39/><W127/><G74/><T129/><D129/><U87/><E0/><V110/><F110/><W119/><G119/><T2/><D2/><U57/><E38/><V124/><F124/><W132/><G132/><T69/><D112/><U4/><E47/><V126/><F126/><W50/><G127/><T111/><D111/><U133/><E4/><V79/><F51/><W125/><G125/><T25/><D25/><U30/><E87/><V52/><F72/><W65/><G91/><T12/><D12/><U105/><E105/><V90/><F68/><W116/><G94/><T95/><D53/><U14/><E133/><V43/><F67/><W40/><G116/><T115/><D115/><U22/><E22/><V3/><F43/><N who="3" m="24863" /><G18/><T134/><D134/><U96/><E96/><V80/><F3/><W48/><G37/><T5/><D5/><U27/><REACH who="1" step="1"/><E14/><REACH who="1" ten="310,162,56,462" step="2"/><V109/><F109/><W10/><G10/><T122/><D122/><U113/><E113/><V62/><F82/><W86/><G86/><T46/><REACH who="0" step="1"/><D103/><REACH who="0" ten="300,162,56,462" step="2"/><U63/><AGARI ba="1,2" hai="20,21,26,27,29,30,54,57,63,76,77,92,98,100" machi="63" ten="20,12000,2" yaku="1,1,0,1,7,1,9,1,8,1,53,2" doraHai="15" doraHaiUra="17" who="1" fromWho="1" sc="300,-31,162,143,56,-31,462,-61" /><INIT seed="4,0,0,2,5,2" ten="269,305,25,401" oya="0" hai0="13,84,42,92,5,115,110,50,129,72,107,54,19" hai1="4,118,60,3,66,81,133,67,63,61,12,33,116" hai2="20,94,70,59,85,123,41,89,117,79,134,108,62" hai3="126,131,93,132,99,45,98,14,30,35,76,71,120"/><T9/><D107/><U91/><E33/><V113/><F108/><W37/><G71/><T86/><D72/><U102/><E3/><V48/><F123/><W130/><G30/><T36/><D110/><U53/><E102/><V135/><F117/><W28/><G28/><T104/><D104/><U49/><E133/><N who="2" m="50699" /><F113/><W125/><G35/><T121/><D115/><U52/><E118/><V39/><F70/><W23/><G132/><T114/><D114/><U124/><E124/><V51/><F39/><W7/><G76/><T25/><D121/><U128/><E128/><V43/><F79/><W47/><G23/><N who="0" m="13567" /><D36/><U77/><E91/><V56/><F20/><W127/><G120/><T1/><D42/><N who="2" m="15882" /><F56/><W32/><G32/><T73/><D1/><U6/><E12/><V88/><F89/><W101/><G37/><T68/><D73/><U17/><E17/><V11/><F11/><N who="3" m="4479" /><G98/><T106/><D68/><U78/><E116/><V119/><F119/><W57/><G57/><N who="0" m="32983" /><D106/><U90/><E78/><V44/><F44/><AGARI ba="0,0" hai="44,45,47,93,99,101,125,126,127,130,131" m="4479" machi="44" ten="40,2600,0" yaku="18,1,52,1" doraHai="2" who="3" fromWho="2" sc="269,0,305,0,25,-26,401,26" owari="269,-13.0,305,11.0,-1,-50.0,427,52.0" /></mjloggm>