<mjloggm ver="2.3"><GO type="97" lobby="0"/><UN n0="%74%6F%6D%75%74%6F%6D%69" n1="%E3%83%9E%E3%83%AB%E3%83%9E%E3%82%A4%E3%83%B3" n2="%E3%82%A6%E3%83%AB%E3%83%88%E3%83%A9%E7%AB%8B%E7%9B%B4" n3="%E5%9C%B0%E7%8D%84%E3%81%A7%E3%82%82%E3%83%84%E3%83%A2%E3%82%8B" dan="14,15,15,14" rate="1917.78,1942.36,2001.71,1869.83" sx="M,M,M,M"/><TAIKYOKU oya="0"/><BYE who="1" /><UN n1="%E3%83%9E%E3%83%AB%E3%83%9E%E3%82%A4%E3%83%B3" /><INIT seed="0,0,0,4,4,108" ten="250,250,250,250" oya="0" hai0="29,91,21,2,9,51,100,44,68,77,4,115,123" hai1="122,20,34,69,81,105,117,58,84,53,30,92,97" hai2="22,5,25,8,95,40,28,12,76,74,33,102,114" hai3="67,106,6,60,3,134,111,11,99,15,31,110,72"/><T90/><D115/><U109/><E122/><V107/><F107/><W35/><G72/><T62/><D123/><U26/><E117/><V52/><F114/><W48/><G134/><T121/><D77/><U129/><E69/><V16/><F40/><W98/><G48/><T87/><D91/><U71/><E71/><V124/><F124/><W14/><G14/><T7/><D100/><U38/><E38/><V42/><F42/><W83/><G83/><T103/><D103/><U54/><E105/><V126/><F126/><W50/><G50/><T64/><D7/><U127/><E127/><V78/><F74/><W47/><G47/><T46/><D51/><U96/><E109/><N who="3" m="41482" /><G15/><T56/><D68/><U116/><E116/><V75/><F75/><W1/><G1/><T18/><D29/><U23/><E81/><V130/><F52/><W49/><G49/><T101/><D101/><U41/><E41/><V66/><F66/><W93/><G106/><T43/><D43/><U135/><E135/><V45/><F45/><W132/><G132/><T79/><D79/><U59/><E54/><V24/><F130/><W57/><G93/><T10/><D9/><U85/><E129/><V13/><F13/><W65/><G65/><T133/><D121/><U119/><E119/><V118/><F118/><W88/><G88/><T112/><D112/><U17/><E53/><V82/><F82/><W36/><G36/><T70/><D70/><U63/><E92/><V27/><F25/><AGARI ba="0,0" hai="3,6,11,25,31,35,57,60,67,98,99" m="41482" machi="25" ten="30,1000,0" yaku="14,1" doraHai="108" who="3" fromWho="2" sc="250,0,250,0,250,-10,250,10" /><INIT seed="1,0,0,0,1,112" ten="250,250,240,260" oya="1" hai0="107,90,67,25,62,134,113,126,119,71,105,59,34" hai1="8,125,114,33,45,118,64,103,16,41,89,7,58" hai2="98,69,28,87,124,100,110,117,18,51,3,44,92" hai3="37,72,35,0,131,43,111,68,120,10,130,40,21"/><U127/><E114/><V48/><F3/><W4/><G35/><T19/><D113/><U49/><E33/><V80/><F69/><W5/><G120/><T101/><D134/><U82/><E103/><V54/><F28/><W102/><G68/><T97/><D90/><U84/><E7/><V12/><F124/><N who="1" m="47689" /><E8/><V121/><F110/><W53/><G10/><T83/><D83/><U36/><E36/><V95/><F121/><W78/><G37/><T30/><D19/><U50/><E50/><V1/><F1/><W77/><G0/><T108/><D126/><U132/><E132/><V22/><F51/><W123/><G123/><T61/><D108/><U17/><E118/><V93/><REACH who="2" step="1"/><F117/><REACH who="2" ten="250,250,230,260" step="2"/><W39/><G111/><T56/><D119/><U96/><E96/><V55/><F55/><W79/><G39/><T32/><D32/><U26/><E26/><V104/><F104/><W133/><G53/><T81/><D107/><U135/><E135/><V63/><F63/><AGARI ba="0,1" hai="16,17,41,45,49,58,63,64,82,84,89" m="47689" machi="63" ten="30,2900,0" yaku="18,1,54,1" doraHai="112" who="1" fromWho="2" sc="250,0,250,39,230,-29,260,0" /><INIT seed="1,1,0,3,2,78" ten="250,289,201,260" oya="1" hai0="0,76,54,118,20,55,44,32,13,104,30,98,42" hai1="53,66,131,89,57,45,101,29,5,27,43,92,93" hai2="110,2,128,56,12,6,133,106,114,83,99,50,73" hai3="22,103,111,31,135,126,88,60,116,94,121,134,129"/><U85/><E131/><V9/><F128/><W108/><G129/><T67/><D0/><U124/><E5/><V130/><F130/><W38/><G38/><T68/><D118/><U59/><E124/><V100/><F114/><W3/><G3/><T109/><D109/><N who="3" m="42057" /><G121/><T49/><D76/><U26/><E29/><V37/><F110/><W61/><G126/><T107/><D107/><U105/><E105/><V113/><F113/><W36/><G36/><T96/><D98/><U82/><E66/><V119/><F119/><W35/><G35/><T122/><D122/><U19/><E19/><V125/><F125/><W77/><G103/><T63/><D13/><U91/><E101/><V25/><F37/><W123/><G123/><T51/><D20/><U39/><E57/><V11/><F25/><N who="3" m="16823" /><G116/><T1/><D1/><U46/><E46/><V79/><F133/><N who="3" m="50699" /><G77/><T18/><D18/><U24/><REACH who="1" step="1"/><E89/><REACH who="1" ten="250,279,201,260" step="2"/><V75/><F56/><W58/><G58/><T81/><D68/><U90/><E90/><V8/><F2/><W95/><G95/><T102/><D104/><U23/><E23/><V132/><F132/><W21/><G21/><T4/><D32/><U62/><AGARI ba="1,1" hai="24,26,27,39,43,45,53,59,62,82,85,91,92,93" machi="62" ten="30,6000,0" yaku="1,1,0,1,52,1,53,0" doraHai="78" doraHaiUra="14" who="1" fromWho="1" sc="250,-21,279,73,201,-21,260,-21" /><INIT seed="1,2,0,4,4,54" ten="229,352,180,239" oya="1" hai0="109,134,94,110,18,135,99,81,7,30,93,14,120" hai1="132,34,1,2,100,123,45,39,49,68,40,66,25" hai2="0,23,117,97,52,36,98,4,61,19,9,70,26" hai3="75,29,127,131,5,8,126,46,31,118,112,33,15"/><U41/><E123/><V104/><F36/><W130/><G75/><T85/><D7/><U80/><E132/><N who="0" m="50729" /><D30/><N who="3" m="11273" /><G46/><T22/><D120/><U74/><E41/><V64/><F104/><W53/><G53/><T37/><D37/><U116/><E116/><V82/><F117/><W91/><G91/><N who="0" m="51631" /><D99/><U57/><E100/><V10/><F82/><W48/><G48/><T129/><D129/><N who="3" m="49161" /><G118/><T108/><AGARI ba="2,0" hai="14,18,22,93,94,108,109,110" m="51631,50729" machi="108" ten="40,2700,0" yaku="14,1,20,1" doraHai="54" who="0" fromWho="0" sc="229,33,352,-15,180,-9,239,-9" /><INIT seed="2,0,0,4,0,30" ten="262,337,171,230" oya="2" hai0="79,42,60,131,77,28,41,7,105,61,13,0,133" hai1="27,31,46,16,22,14,62,52,97,84,115,94,11" hai2="91,104,74,5,102,113,98,129,51,124,50,132,134" hai3="1,37,40,130,86,117,57,43,59,72,125,103,2"/><V24/><F74/><W33/><G72/><T35/><D105/><U29/><E115/><V4/><F113/><W112/><G112/><T68/><D0/><U36/><E36/><V122/><F122/><W69/><G69/><T85/><D68/><U114/><E114/><V82/><F24/><W54/><G117/><T25/><D133/><N who="2" m="51306" /><F124/><W10/><G125/><T47/><D41/><U64/><E84/><N who="2" m="50583" /><F129/><W120/><G120/><T3/><D3/><U53/><E31/><V48/><AGARI ba="0,0" hai="4,5,48,50,51,98,102,104" m="50583,51306" machi="48" ten="30,1500,0" yaku="20,1" doraHai="30" who="2" fromWho="2" sc="262,-5,337,-5,171,15,230,-5" /><INIT seed="2,1,0,0,5,133" ten="257,332,186,225" oya="2" hai0="78,77,16,108,76,106,53,57,6,113,124,18,36" hai1="58,123,8,27,43,35,115,132,74,39,109,46,59" hai2="101,107,7,120,79,20,38,111,114,41,45,90,9" hai3="33,22,82,72,129,122,1,105,21,37,62,40,67"/><V50/><F120/><W89/><G33/><T85/><D106/><U44/><E115/><V87/><F114/><W97/><G1/><T92/><D36/><U15/><E74/><V88/><F111/><W48/><G37/><T54/><D108/><U127/><E127/><V118/><F118/><W49/><G122/><T3/><D6/><U84/><E109/><V73/><F101/><W75/><G75/><T69/><D69/><U110/><E123/><V80/><F107/><W104/><G72/><T29/><D3/><U32/><E132/><V121/><F121/><W70/><G105/><T119/><D29/><U30/><E110/><V65/><F65/><W131/><G104/><T112/><D124/><U64/><E35/><V116/><F116/><W103/><G103/><T125/><D125/><U135/><E135/><V83/><F20/><N who="3" m="7787" /><G40/><T86/><D119/><U13/><E64/><V14/><F38/><W98/><G82/><T31/><D31/><U81/><E46/><V94/><F94/><N who="3" m="56527" /><G98/><T19/><D92/><U99/><E99/><V63/><F63/><W42/><G42/><T52/><D57/><U12/><REACH who="1" step="1"/><E8/><REACH who="1" ten="257,322,186,225" step="2"/><V95/><F95/><W100/><G67/><T47/><D47/><U91/><AGARI ba="1,1" hai="12,13,15,27,30,32,39,43,44,58,59,81,84,91" machi="91" ten="30,7900,0" yaku="1,1,2,1,0,1,53,1" doraHai="133" doraHaiUra="24" who="1" fromWho="1" sc="257,-21,322,92,186,-40,225,-21" /><INIT seed="3,0,0,2,2,73" ten="236,414,146,204" oya="3" hai0="135,88,114,64,30,68,91,39,103,122,37,93,27" hai1="101,84,105,111,72,80,34,35,44,106,89,115,7" hai2="112,126,29,128,108,131,100,59,19,60,120,18,10" hai3="134,70,51,132,15,6,74,94,24,130,54,109,117"/><W56/><G70/><T90/><D122/><U69/><E115/><V119/><F112/><W104/><G104/><T116/><D116/><U49/><E69/><V65/><F119/><W21/><G117/><T102/><D135/><N who="3" m="51753" /><G74/><T66/><D114/><U31/><E7/><V40/><F120/><W41/><G130/><T25/><D68/><U83/><E111/><V52/><F131/><W33/><G33/><T1/><D93/><U97/><E106/><V22/><F128/><W8/><G94/><T95/><D95/><U71/><E71/><V86/><F108/><W36/><G109/><T45/><D45/><U113/><E113/><V28/><F126/><W92/><G92/><T17/><D17/><U98/><E98/><V61/><F100/><W11/><G11/><T121/><D121/><U79/><E31/><V55/><F86/><W118/><G118/><T77/><D1/><U125/><E125/><V87/><F87/><W26/><G21/><T43/><D43/><AGARI ba="0,0" hai="34,35,43,44,49,72,79,80,83,84,89,97,101,105" machi="43" ten="30,2000,0" yaku="7,1,52,1" doraHai="73" who="1" fromWho="0" sc="236,-20,414,20,146,0,204,0" owari="216,2.0,434,53.0,146,-35.0,204,-20.0" /></mjloggm>