<mjloggm ver="2.3"><GO type="97" lobby="0"/><UN n0="%E6%A3%8B%E8%81%96%E9%9B%80%E5%A3%AB" n1="%66%75%6B%75%30%32" n2="%E6%9C%A7%E8%BB%8A" n3="%E3%82%A6%E3%83%AB%E3%83%88%E3%83%A9%E7%AB%8B%E7%9B%B4" dan="14,14,14,15" rate="1962.14,1963.86,1855.80,1976.57" sx="M,M,F,M"/><TAIKYOKU oya="0"/><INIT seed="0,0,0,5,4,122" ten="250,250,250,250" oya="0" hai0="46,95,7,24,31,16,36,134,61,14,25,93,85" hai1="111,88,43,52,8,84,113,53,110,19,80,116,71" hai2="75,68,98,99,81,48,123,42,0,56,39,29,60" hai3="1,11,10,65,78,135,133,40,92,5,124,94,130"/><T117/><D117/><U97/><E71/><V21/><F123/><W63/><G40/><T13/><D134/><N who="3" m="51209" /><G78/><T30/><D36/><U23/><E116/><V121/><F0/><W120/><G120/><T62/><D46/><U104/><E113/><V49/><F121/><W125/><G11/><T70/><D70/><U89/><E43/><V86/><F75/><W50/><G50/><N who="2" m="19561" /><F39/><W17/><G17/><T109/><D109/><N who="1" m="41483" /><E8/><V72/><F42/><W77/><G77/><T3/><D3/><U87/><E97/><V128/><F128/><W131/><G63/><T51/><D51/><U15/><E104/><V107/><F68/><W2/><G65/><T47/><D7/><U33/><E33/><V91/><F107/><W79/><G79/><T102/><D102/><U76/><E76/><V67/><F72/><W112/><G2/><T4/><D4/><U115/><E115/><V74/><F74/><W54/><G54/><T26/><D85/><U105/><E105/><V108/><F108/><W6/><G6/><T106/><D106/><U66/><E66/><V58/><F58/><W9/><G9/><T101/><D101/><U12/><E12/><V59/><F59/><W127/><G112/><T45/><D25/><AGARI ba="0,0" hai="21,25,29,56,60,67,81,86,91,98,99" m="19561" machi="25" ten="30,1000,0" yaku="8,1" doraHai="122" who="2" fromWho="0" sc="250,-10,250,0,250,10,250,0" /><INIT seed="1,0,0,4,5,14" ten="240,250,260,250" oya="1" hai0="8,49,42,124,100,19,59,96,81,23,76,39,18" hai1="119,67,54,115,98,114,11,37,57,4,122,46,13" hai2="26,109,60,50,53,82,10,12,130,0,125,129,108" hai3="62,131,74,25,71,69,89,77,31,86,17,43,126"/><U55/><E119/><V20/><F125/><W91/><G126/><T61/><D124/><U38/><E122/><V121/><F121/><W27/><G131/><N who="2" m="50185" /><F82/><W32/><G74/><T113/><D113/><U93/><E67/><V40/><F60/><W110/><G110/><N who="2" m="42601" /><F40/><W65/><G43/><T118/><D39/><U3/><E38/><V2/><F53/><W52/><G71/><T83/><D118/><U34/><E34/><V88/><F88/><W30/><G52/><T33/><D33/><U5/><E37/><V87/><F87/><W95/><G89/><T101/><D49/><U85/><E85/><V48/><F48/><W116/><G77/><T104/><D42/><U132/><E46/><V29/><F50/><W24/><G116/><T79/><D101/><U58/><E115/><V47/><F47/><W22/><REACH who="3" step="1"/><G32/><REACH who="3" ten="240,250,260,240" step="2"/><T102/><D79/><U41/><E55/><V97/><F97/><W111/><G111/><T56/><D76/><U45/><E45/><V15/><F15/><AGARI ba="0,1" hai="15,17,22,24,25,27,30,31,62,65,69,86,91,95" machi="15" ten="40,2600,0" yaku="1,1,52,1,53,0" doraHai="14" doraHaiUra="68" who="3" fromWho="2" sc="240,0,250,0,260,-26,240,36" /><INIT seed="2,0,0,1,5,127" ten="240,250,234,276" oya="2" hai0="85,117,65,24,122,59,6,92,4,44,1,133,22" hai1="57,82,48,126,66,103,115,0,118,90,16,107,21" hai2="70,75,39,100,94,110,112,9,129,97,20,95,77" hai3="50,98,80,42,111,2,119,3,45,33,37,74,17"/><V104/><F112/><W72/><G50/><T93/><D122/><U89/><E0/><N who="3" m="42" /><G17/><T81/><D133/><U25/><E115/><V51/><F39/><W91/><G91/><T43/><D117/><U121/><E118/><V11/><F70/><W64/><G80/><T5/><D1/><U83/><E126/><V35/><F35/><W120/><G120/><T84/><D65/><U109/><E121/><V67/><F67/><W124/><G124/><T63/><D59/><U13/><E109/><V108/><F51/><W99/><G99/><T116/><D63/><U36/><E36/><V61/><F61/><W32/><G98/><T87/><D116/><U123/><E123/><V27/><F75/><N who="3" m="28715" /><G119/><T78/><D44/><U73/><E90/><V62/><F77/><W125/><G125/><T12/><D43/><U128/><E83/><V31/><F62/><W105/><G105/><T7/><D81/><U71/><E82/><V88/><F95/><N who="0" m="36426" /><D78/><U14/><E107/><V40/><F40/><W15/><G64/><T19/><D19/><U130/><E73/><V55/><F108/><W76/><G76/><T114/><D114/><U101/><E89/><V102/><F110/><W49/><G111/><T54/><D7/><U29/><E103/><V131/><F104/><W8/><G49/><T56/><D56/><U68/><E101/><N who="2" m="39019" /><F55/><W26/><G37/><T28/><D54/><N who="1" m="31943" /><E66/><V30/><F30/><N who="3" m="19543" /><G42/><T41/><D41/><U38/><E38/><V60/><F60/><W86/><G45/><T10/><AGARI ba="0,0" hai="4,5,6,10,12,22,24,28,84,85,87" m="36426" machi="10" ten="30,1100,0" yaku="8,1" doraHai="127" who="0" fromWho="0" sc="240,11,250,-3,234,-5,276,-3" /><INIT seed="3,0,0,0,3,64" ten="251,247,229,273" oya="3" hai0="21,114,30,58,27,97,95,98,9,19,82,37,91" hai1="90,0,76,107,117,53,7,124,25,71,17,52,99" hai2="1,93,96,38,125,94,75,50,2,111,87,108,106" hai3="127,103,89,63,92,13,131,86,35,20,83,57,18"/><W79/><G35/><T102/><D37/><U130/><E76/><V135/><F38/><W69/><G127/><T32/><D114/><U129/><E124/><V113/><F75/><W110/><G131/><T115/><D115/><U104/><E117/><V81/><F125/><W11/><G110/><N who="2" m="42025" /><F113/><W4/><G69/><T77/><D9/><U51/><E71/><V78/><F135/><W45/><G45/><T41/><D41/><U119/><E119/><V65/><F65/><W8/><G103/><T31/><D32/><U134/><E134/><V49/><F106/><W34/><G34/><T80/><D58/><U40/><E40/><V16/><F16/><W100/><G100/><T55/><D55/><U29/><E53/><V126/><F126/><W3/><G3/><N who="2" m="1033" /><F94/><W36/><G36/><T6/><D6/><U12/><E7/><V74/><F74/><W105/><G105/><T56/><D56/><N who="1" m="32799" /><E0/><V47/><F47/><W24/><G4/><T39/><D39/><U5/><E5/><V23/><F23/><W68/><G11/><T15/><D77/><U133/><E133/><V123/><F123/><W118/><G118/><T112/><D112/><U48/><E130/><V109/><N who="2" m="42033" /><V121/><DORA hai="43" /><F121/><W26/><G20/><N who="0" m="15719" /><D31/><U88/><E129/><V10/><F10/><W73/><G68/><T128/><D128/><U33/><E107/><V60/><F60/><W122/><G122/><T70/><D70/><U67/><E67/><AGARI ba="0,0" hai="8,13,18,24,26,57,63,67,73,79,83,86,89,92" machi="67" ten="30,1500,0" yaku="7,1" doraHai="64,43" who="3" fromWho="1" sc="251,0,247,-15,229,0,273,15" /><INIT seed="3,1,0,5,4,4" ten="251,232,229,288" oya="3" hai0="93,28,31,45,78,66,61,120,24,19,113,63,53" hai1="107,131,42,48,86,101,133,116,130,39,134,129,96" hai2="18,114,13,77,54,34,52,69,57,75,126,33,102" hai3="60,10,87,23,125,35,119,30,44,71,6,80,51"/><W105/><G105/><T55/><D120/><U9/><E39/><V32/><F69/><W49/><G35/><T5/><D113/><U50/><E116/><V36/><F114/><W110/><G119/><T100/><D78/><U38/><E38/><V43/><F126/><W88/><G125/><T2/><D2/><U108/><E108/><V59/><F102/><W46/><G110/><T85/><D5/><U121/><E121/><V122/><F122/><W7/><G60/><T0/><D0/><U65/><E65/><V58/><F43/><N who="3" m="24735" /><G71/><T25/><D63/><U11/><E86/><V26/><F36/><W109/><G109/><T103/><D85/><U106/><E106/><V8/><REACH who="2" step="1"/><F26/><REACH who="2" ten="251,232,219,288" step="2"/><N who="3" m="16735" /><G10/><N who="1" m="3594" /><E42/><AGARI ba="1,1" hai="6,7,42,46,51,80,87,88" m="16735,24735" machi="42" ten="30,2900,0" yaku="8,1,54,1" doraHai="4" who="3" fromWho="1" sc="251,0,232,-32,219,0,288,42" owari="251,5.0,200,-30.0,219,-18.0,330,43.0" /></mjloggm>