<mjloggm ver="2.3"><GO type="97" lobby="0"/><UN n0="%E3%82%A6%E3%83%AB%E3%83%88%E3%83%A9%E7%AB%8B%E7%9B%B4" n1="%E3%81%B3%E3%82%88%E3%81%93" n2="%74%61%6B%65%65" n3="%6B%79%6F%75%73%68%69%56" dan="15,14,13,13" rate="1976.05,1897.11,1922.06,1946.25" sx="M,M,M,F"/><TAIKYOKU oya="0"/><INIT seed="0,0,0,1,5,47" ten="250,250,250,250" oya="0" hai0="114,80,39,3,132,96,108,106,20,129,133,28,46" hai1="90,35,43,110,97,85,6,112,25,99,38,65,122" hai2="130,61,59,48,14,105,74,98,52,15,75,33,60" hai3="37,91,41,117,63,93,56,0,121,34,123,42,24"/><T67/><D3/><U18/><E122/><V72/><F130/><W94/><G117/><T40/><D114/><U87/><E112/><V103/><F33/><W102/><G0/><T68/><D129/><U111/><E65/><V50/><F60/><W51/><G34/><T113/><D113/><U26/><E6/><V49/><AGARI ba="0,0" hai="14,15,48,49,50,52,59,61,72,74,75,98,103,105" machi="49" ten="40,8000,1" yaku="0,1,52,3,54,1" doraHai="47" who="2" fromWho="2" sc="250,-40,250,-20,250,80,250,-20" /><INIT seed="1,0,0,3,0,105" ten="210,230,330,230" oya="1" hai0="66,110,9,77,76,98,26,27,53,40,126,71,104" hai1="83,12,111,102,106,118,31,8,100,96,121,99,75" hai2="14,4,65,134,34,90,15,69,17,88,49,133,42" hai3="57,55,24,32,74,29,36,79,127,84,2,135,56"/><U131/><E118/><V22/><F34/><W39/><G74/><T28/><D126/><U112/><E112/><V10/><F42/><W48/><G2/><T129/><D27/><U3/><E121/><V97/><F49/><W132/><G127/><T94/><D40/><U124/><E124/><V86/><F65/><W61/><G79/><T114/><D53/><U6/><E131/><V58/><F58/><W5/><G5/><T7/><D94/><U80/><E31/><V108/><F69/><W60/><G84/><T117/><D77/><U87/><E111/><V89/><F108/><W67/><REACH who="3" step="1"/><G61/><REACH who="3" ten="210,230,330,220" step="2"/><T85/><D85/><U91/><E3/><V35/><F86/><W101/><G101/><T45/><D76/><U44/><E75/><V11/><F35/><W68/><G68/><T37/><D71/><U16/><E6/><V64/><F133/><AGARI ba="0,1" hai="24,29,32,36,39,48,55,56,57,60,67,132,133,135" machi="133" ten="40,2600,0" yaku="1,1,20,1,53,0" doraHai="105" doraHaiUra="113" who="3" fromWho="2" sc="210,0,230,0,330,-26,220,36" /><INIT seed="2,0,0,3,1,94" ten="210,230,304,256" oya="2" hai0="48,107,10,59,31,123,0,62,58,125,47,86,72" hai1="96,106,32,128,84,118,112,75,26,24,43,5,51" hai2="25,66,82,7,120,33,4,131,70,6,104,97,91" hai3="39,117,56,17,38,13,52,121,83,69,95,35,99"/><V1/><F120/><W3/><G3/><T27/><D72/><U134/><E112/><V127/><F127/><W130/><G121/><T57/><D107/><U21/><E118/><V2/><F131/><W18/><G117/><T74/><D74/><U73/><E128/><V100/><F91/><W101/><G69/><T40/><D123/><U114/><E114/><V29/><REACH who="2" step="1"/><F82/><REACH who="2" ten="210,230,294,256" step="2"/><W109/><G109/><T15/><D125/><U46/><E134/><V60/><AGARI ba="0,1" hai="1,2,4,6,7,25,29,33,60,66,70,97,100,104" machi="60" ten="30,18000,2" yaku="1,1,2,1,0,1,25,2,52,1,53,0" doraHai="94" doraHaiUra="14" who="2" fromWho="2" sc="210,-60,230,-60,294,190,256,-60" /><INIT seed="2,1,0,5,3,34" ten="150,170,484,196" oya="2" hai0="49,36,41,82,67,103,18,109,53,56,4,97,129" hai1="135,35,73,91,123,101,112,10,28,86,39,92,83" hai2="61,111,89,51,12,114,25,57,120,23,77,58,66" hai3="87,52,21,84,93,16,105,71,131,29,88,44,59"/><V81/><F120/><W69/><G105/><T108/><D129/><U33/><E112/><V9/><F114/><W65/><G29/><T134/><D134/><U133/><E39/><V104/><F104/><W124/><G131/><T38/><D82/><U121/><E10/><V62/><F111/><N who="0" m="42570" /><D18/><U37/><E37/><N who="0" m="14441" /><D4/><U27/><E35/><V32/><F32/><W122/><G122/><N who="1" m="46602" /><E101/><V115/><F115/><W127/><G44/><N who="0" m="25743" /><D97/><N who="1" m="57503" /><E73/><V5/><F89/><AGARI ba="1,0" hai="27,28,33,83,86,89,133,135" m="57503,46602" machi="89" ten="30,1000,0" yaku="13,1" doraHai="34" who="1" fromWho="2" sc="150,0,170,13,484,-13,196,0" /><INIT seed="3,0,0,3,3,103" ten="150,183,471,196" oya="3" hai0="3,1,51,72,80,107,82,49,89,39,63,66,117" hai1="54,64,95,13,122,78,41,5,58,114,34,134,57" hai2="17,74,43,62,35,86,75,98,77,46,100,0,111" hai3="99,105,79,18,31,129,28,123,119,27,90,60,110"/><W85/><G123/><T84/><D39/><U71/><E122/><V37/><F0/><W21/><G119/><T65/><D117/><U81/><E114/><V30/><F111/><W61/><G129/><T23/><D23/><U42/><E34/><V128/><F17/><W69/><G110/><T121/><D121/><U125/><E71/><V104/><F128/><W40/><G40/><T101/><D72/><U127/><E134/><V92/><F92/><W12/><G69/><T8/><D8/><N who="1" m="4239" /><E95/><V9/><F9/><W131/><G131/><T97/><D82/><U56/><E64/><V113/><F113/><W53/><G31/><T106/><D66/><U15/><E15/><V135/><F135/><W124/><G124/><N who="1" m="47690" /><E54/><V116/><F116/><W29/><G29/><T6/><D3/><U50/><E50/><V47/><F47/><W109/><G109/><T52/><D1/><U73/><AGARI ba="0,0" hai="41,42,56,57,58,73,78,81" m="47690,4239" machi="73" ten="30,1100,0" yaku="18,1" doraHai="103" who="1" fromWho="1" sc="150,-3,183,11,471,-3,196,-5" owari="147,-35.0,194,-1.0,468,57.0,191,-21.0" /></mjloggm>