<mjloggm ver="2.3"><GO type="97" lobby="0"/><UN n0="%E3%82%82%E3%81%97%E3%81%8B%E3%81%97%E3%81%A6" n1="%43%56%EF%BC%9A%E8%8A%B1%E6%BE%A4%E9%A6%99%E8%8F%9C" n2="%6D%39%E3%81%A3%EF%BD%80%D0%94%C2%B4%EF%BC%89" n3="%E3%82%A6%E3%83%AB%E3%83%88%E3%83%A9%E7%AB%8B%E7%9B%B4" dan="14,15,14,15" rate="1894.73,2070.60,1971.60,1958.32" sx="M,F,M,M"/><TAIKYOKU oya="0"/><INIT seed="0,0,0,0,3,100" ten="250,250,250,250" oya="0" hai0="21,44,35,18,46,127,0,116,23,84,8,130,19" hai1="69,124,99,122,126,64,43,128,90,93,52,30,39" hai2="2,72,33,51,73,61,82,91,85,135,50,106,125" hai3="97,53,119,7,37,76,113,26,34,10,110,123,48"/><T62/><D116/><U77/><E122/><V40/><F2/><W11/><G37/><T81/><D130/><U105/><E30/><V59/><F33/><W96/><G119/><T67/><D127/><N who="1" m="48683" /><E77/><V49/><F125/><W31/><G113/><T27/><D35/><U16/><E128/><V13/><F135/><W134/><G134/><T28/><D28/><U78/><E78/><V14/><F40/><W60/><G110/><T114/><D114/><U129/><E129/><V87/><F87/><W20/><G123/><T80/><D8/><U70/><E64/><V63/><F63/><W1/><G76/><T112/><D0/><U58/><E43/><V9/><F106/><W57/><G11/><T131/><D131/><U47/><E47/><V74/><REACH who="2" step="1"/><F9/><REACH who="2" ten="250,250,240,250" step="2"/><W95/><G34/><T17/><D112/><U132/><E105/><V111/><F111/><W71/><G60/><T103/><D84/><U120/><E132/><V117/><F117/><W118/><G118/><T4/><D103/><U121/><E120/><V109/><F109/><W3/><G3/><T55/><D55/><AGARI ba="0,1" hai="13,14,49,50,51,55,59,61,72,73,74,82,85,91" machi="55" ten="50,1600,0" yaku="1,1,53,0" doraHai="100" doraHaiUra="24" who="2" fromWho="0" sc="250,-16,250,0,240,26,250,0" /><INIT seed="1,0,0,0,2,109" ten="234,250,266,250" oya="1" hai0="48,14,79,88,29,57,15,118,92,74,17,2,56" hai1="133,120,45,117,131,54,95,7,97,58,62,106,94" hai2="3,91,52,127,69,68,55,81,98,60,96,41,115" hai3="33,10,47,129,65,112,51,119,103,59,4,72,70"/><U99/><E120/><V110/><F3/><W8/><G33/><T126/><D118/><U37/><E117/><V93/><F41/><W23/><G70/><T132/><D2/><U87/><E131/><V46/><F127/><W130/><G72/><T34/><D132/><U90/><E133/><V107/><F110/><W124/><G119/><T20/><D126/><U6/><E106/><V40/><F81/><W22/><G124/><T77/><D15/><U113/><E113/><V134/><F134/><W30/><G103/><T39/><D39/><U61/><E61/><V85/><F107/><W84/><G84/><T16/><D74/><U43/><REACH who="1" step="1"/><E87/><REACH who="1" ten="234,240,266,250" step="2"/><V27/><F60/><W67/><G112/><T123/><D123/><U104/><E104/><V64/><F85/><W63/><G63/><T75/><D75/><U89/><AGARI ba="0,1" hai="6,7,37,43,45,54,58,62,89,90,94,95,97,99" machi="89" ten="20,12000,1" yaku="1,1,0,1,7,1,9,1,53,1" doraHai="109" doraHaiUra="36" who="1" fromWho="1" sc="234,-40,240,130,266,-40,250,-40" /><INIT seed="1,1,0,5,3,6" ten="194,370,226,210" oya="1" hai0="20,93,68,37,51,69,124,11,67,131,29,76,73" hai1="62,9,87,32,108,14,8,17,112,83,110,61,15" hai2="38,4,75,26,123,79,46,30,92,24,74,84,119" hai3="33,41,103,102,118,132,109,53,23,31,94,65,45"/><U3/><E112/><V28/><F119/><W60/><G109/><N who="1" m="42090" /><E32/><V78/><F123/><W2/><G132/><T134/><D134/><U91/><E3/><V39/><F4/><AGARI ba="1,0" hai="4,8,9,14,15,17,61,62,83,87,91" m="42090" machi="4" ten="30,11600,0" yaku="14,1,10,1,52,2" doraHai="6" who="1" fromWho="2" sc="194,0,370,119,226,-119,210,0" /><INIT seed="1,2,0,0,1,50" ten="194,489,107,210" oya="1" hai0="130,8,87,114,129,124,26,134,11,23,77,108,63" hai1="13,30,17,10,101,59,88,36,92,79,105,128,4" hai2="68,95,118,119,125,135,52,14,46,126,73,6,90" hai3="1,18,28,81,67,53,103,82,34,21,5,38,102"/><U42/><E128/><N who="0" m="49257" /><D114/><U84/><E30/><V86/><F73/><W74/><G67/><T3/><D108/><U83/><E36/><V9/><F68/><W54/><G38/><T2/><D63/><U60/><E42/><V35/><F35/><W27/><G74/><T117/><D117/><U104/><E101/><V70/><F70/><W20/><G34/><T58/><D58/><U32/><E32/><V57/><F46/><W80/><G5/><T62/><D62/><U120/><E4/><V97/><F135/><W44/><G1/><N who="0" m="11" /><D87/><U45/><E45/><V33/><F33/><W96/><G44/><T99/><D99/><U65/><E120/><V43/><F43/><W98/><G98/><AGARI ba="2,0" hai="10,13,17,59,60,65,79,83,84,88,92,98,104,105" machi="98" ten="30,2900,0" yaku="7,1,54,1" doraHai="50" who="1" fromWho="3" sc="194,0,489,35,107,0,210,-35" /><INIT seed="1,3,0,3,2,97" ten="194,524,107,175" oya="1" hai0="21,123,129,8,50,93,6,30,119,91,57,124,55" hai1="1,110,11,100,62,66,37,80,96,64,118,71,125" hai2="75,90,43,120,105,27,10,135,106,40,82,65,94" hai3="49,104,88,3,109,58,101,12,85,127,92,45,52"/><U7/><E118/><V70/><F120/><W69/><G3/><T36/><D119/><U98/><E125/><V113/><F135/><W103/><G69/><T16/><D123/><U48/><E110/><V25/><F113/><W44/><G104/><T17/><D124/><U31/><E31/><V34/><F106/><W107/><G107/><T59/><D36/><U14/><E37/><V77/><F105/><W32/><G32/><T18/><D129/><U95/><E98/><V116/><F116/><W68/><G68/><T46/><D30/><U121/><E121/><V15/><F70/><W128/><G128/><T60/><D59/><U134/><E66/><V22/><F65/><W72/><G72/><T9/><D21/><U63/><E63/><V86/><F34/><W99/><G109/><T5/><D9/><U73/><E134/><V122/><F122/><W126/><G126/><T35/><D35/><U112/><E112/><V13/><F13/><W79/><G127/><T81/><D81/><U33/><E33/><V19/><REACH who="2" step="1"/><F27/><REACH who="2" ten="194,524,97,175" step="2"/><W51/><G12/><T115/><D115/><U38/><E64/><V39/><F39/><W67/><G67/><N who="0" m="39311" /><D8/><U108/><E14/><V24/><F24/><W130/><G130/><T41/><D41/><U28/><E11/><V0/><F0/><W42/><G58/><T2/><D2/><U54/><E1/><V89/><F89/><N who="3" m="55695" /><G79/><T74/><D74/><U102/><E71/><V56/><F56/><W83/><AGARI ba="3,1" hai="42,44,45,49,51,52,83,85,88,101,103" m="55695" machi="83" ten="30,8000,1" yaku="8,1,52,2,54,2" doraHai="97" who="3" fromWho="3" sc="194,-23,524,-43,97,-23,175,99" /><INIT seed="2,0,0,0,4,37" ten="171,481,74,274" oya="2" hai0="50,74,134,122,114,76,30,64,25,19,86,2,45" hai1="119,51,124,128,12,113,80,35,15,54,104,127,117" hai2="109,7,72,105,93,48,131,32,4,17,111,135,89" hai3="78,29,96,83,69,42,63,130,88,65,68,1,3"/><V66/><F32/><W77/><G130/><T97/><D122/><U92/><E104/><V95/><F105/><W20/><G69/><T49/><D114/><U94/><E35/><V56/><F72/><W44/><G78/><T46/><D134/><U129/><E80/><V87/><F131/><W61/><G61/><T101/><D74/><U106/><E106/><V18/><F135/><W120/><G120/><T62/><D2/><U23/><E23/><V57/><F48/><W81/><G20/><T73/><D73/><U22/><E22/><V79/><F79/><W28/><G28/><T10/><D10/><U70/><E54/><V110/><F95/><W126/><G29/><T91/><D76/><U84/><E84/><V24/><F24/><W121/><G121/><T71/><D19/><N who="2" m="7178" /><F66/><W58/><G68/><T8/><D8/><U100/><E70/><V11/><F11/><W38/><G77/><T103/><D103/><U55/><E100/><V118/><F118/><W13/><G81/><T33/><D50/><U60/><E51/><V31/><F31/><W116/><G116/><T107/><D49/><U132/><E132/><V102/><F102/><W27/><G27/><T90/><REACH who="0" step="1"/><D90/><REACH who="0" ten="161,481,74,274" step="2"/><U112/><E113/><V125/><F125/><W34/><G126/><T115/><D115/><U85/><E112/><V5/><AGARI ba="0,1" hai="4,5,7,56,57,87,89,93,109,110,111" m="7178" machi="5" ten="40,3900,0" yaku="14,1,10,1" doraHai="37" who="2" fromWho="2" sc="161,-13,481,-13,74,49,274,-13" /><INIT seed="2,1,0,3,3,76" ten="148,468,123,261" oya="2" hai0="73,85,86,117,112,24,0,102,68,41,106,108,104" hai1="101,33,12,35,62,11,31,94,114,71,50,44,118" hai2="57,123,60,6,91,82,88,66,93,10,132,49,47" hai3="96,130,70,111,38,100,2,64,26,120,19,18,135"/><V67/><F123/><W3/><G70/><T124/><D68/><U51/><E114/><V59/><F132/><W22/><G38/><T74/><D0/><U28/><E118/><V5/><F67/><W87/><G64/><T99/><D41/><U116/><E71/><V25/><F59/><W52/><G120/><T23/><D117/><U98/><E62/><V121/><F121/><W17/><G135/><T92/><D23/><U95/><E116/><V46/><F25/><W32/><G32/><T36/><D36/><U78/><E78/><V103/><F103/><W14/><G130/><T133/><D24/><U129/><E129/><V8/><F91/><W61/><G111/><T21/><D21/><U9/><E12/><V65/><F65/><W72/><G72/><N who="0" m="27755" /><D133/><U109/><E98/><N who="2" m="57639" /><F82/><W80/><G3/><T7/><D7/><N who="2" m="2570" /><F47/><W56/><G2/><T48/><D48/><U53/><E44/><V55/><AGARI ba="1,0" hai="8,10,46,49,55,57,60,66" m="2570,57639" machi="55" ten="30,3000,0" yaku="8,1,54,1" doraHai="76" who="2" fromWho="2" sc="148,-11,468,-11,123,33,261,-11" /><INIT seed="2,2,0,2,3,25" ten="137,457,156,250" oya="2" hai0="33,23,59,32,76,97,106,100,8,104,127,9,74" hai1="56,75,77,44,120,92,42,101,91,28,126,37,45" hai2="73,66,54,0,6,34,18,1,14,40,98,3,5" hai3="51,22,27,69,129,86,78,96,30,85,118,90,11"/><V121/><F73/><W134/><G69/><T20/><D127/><U31/><E120/><V2/><F40/><W17/><G118/><T46/><D46/><U12/><E101/><V49/><F66/><W68/><G68/><T52/><D104/><U83/><E126/><V71/><F71/><W114/><G129/><T117/><D117/><U63/><E12/><V48/><F121/><W43/><G134/><T58/><D74/><U93/><E45/><V115/><F115/><W62/><G114/><T89/><D76/><U128/><E128/><V24/><F98/><W36/><G36/><T64/><D89/><U113/><E93/><V10/><F48/><W131/><G131/><T35/><D64/><U60/><E60/><V4/><F49/><W103/><G62/><T55/><D97/><U29/><E113/><V135/><F54/><N who="0" m="20522" /><D100/><U41/><E42/><V16/><F135/><W7/><G78/><T108/><D106/><U105/><E105/><V123/><F123/><W61/><G61/><T70/><D108/><U81/><E81/><V133/><F133/><W111/><G111/><T26/><D70/><U122/><E122/><V84/><F84/><W67/><G86/><T15/><D26/><U21/><E56/><N who="0" m="21545" /><D15/><U79/><E63/><V50/><F50/><W132/><G67/><T72/><D72/><U13/><E77/><V19/><F24/><W110/><G132/><T65/><D65/><U87/><E13/><V38/><F38/><W112/><G110/><T95/><D95/><U107/><E107/><V124/><F124/><W125/><G125/><T39/><D39/><RYUUKYOKU ba="2,0" sc="137,15,457,15,156,-15,250,-15" hai0="8,9,20,23,32,33,35" hai1="21,28,29,31,37,41,44,75,79,83,87,91,92" /><INIT seed="3,3,0,0,0,103" ten="152,472,141,235" oya="3" hai0="20,6,50,14,53,17,85,41,57,95,29,13,3" hai1="117,121,120,69,116,83,51,135,96,97,110,27,112" hai2="109,28,58,76,62,111,45,46,43,25,107,125,26" hai3="91,94,104,106,108,16,133,67,105,134,132,8,102"/><W89/><G67/><T22/><D3/><U61/><E135/><V114/><F114/><W5/><G108/><N who="2" m="41545" /><F125/><W2/><G102/><T77/><D41/><U12/><E27/><N who="2" m="10251" /><F28/><W68/><G68/><T64/><D64/><U87/><E51/><N who="2" m="27071" /><F46/><W10/><G94/><T18/><D29/><U73/><E87/><V86/><F86/><W63/><G63/><T119/><D119/><U9/><E9/><V71/><F71/><W34/><G34/><T127/><D127/><U33/><E12/><AGARI ba="3,0" hai="2,5,8,10,12,16,89,91,104,105,106,132,133,134" machi="12" ten="50,12000,1" yaku="20,1,52,3,54,1" doraHai="103" who="3" fromWho="1" sc="152,0,472,-129,141,0,235,129" owari="152,-25.0,343,14.0,141,-36.0,364,47.0" /></mjloggm>