<mjloggm ver="2.3"><GO type="97" lobby="0"/><UN n0="%E3%82%A6%E3%83%AB%E3%83%88%E3%83%A9%E7%AB%8B%E7%9B%B4" n1="%4D%61%6B%6F%74%6F%44%61" n2="%E5%AE%87%E5%AE%99%E9%9B%86%E4%BC%9A" n3="%E6%B3%95%E7%9A%87%E3%81%AE%E7%B7%91" dan="15,13,15,13" rate="1947.11,1890.25,1975.01,1817.96" sx="M,M,F,M"/><TAIKYOKU oya="0"/><INIT seed="0,0,0,5,1,98" ten="250,250,250,250" oya="0" hai0="62,39,2,94,101,86,3,105,32,15,95,88,52" hai1="67,111,130,47,34,45,5,42,125,126,77,60,113" hai2="92,133,117,104,82,68,81,131,23,120,121,61,97" hai3="18,41,48,54,10,49,27,99,119,87,102,89,59"/><T16/><D32/><U75/><E34/><V1/><F1/><W109/><G119/><T43/><D105/><U14/><E111/><V71/><F117/><W78/><G109/><T24/><D39/><U122/><E122/><V8/><F131/><W85/><G78/><T19/><D43/><U108/><E108/><V36/><F36/><W6/><G41/><T38/><D38/><U115/><E77/><V30/><F133/><W107/><G48/><T114/><D114/><N who="1" m="43531" /><E75/><V12/><F104/><W112/><G112/><T90/><D3/><U55/><E5/><V44/><F44/><N who="1" m="16969" /><E42/><V28/><F121/><W106/><G106/><T4/><D2/><U57/><E14/><V127/><F120/><W110/><G110/><T100/><D24/><U26/><E26/><V74/><F74/><W25/><G18/><N who="0" m="6699" /><D15/><U66/><E130/><V80/><F71/><W46/><G87/><N who="0" m="52511" /><D4/><U37/><E37/><V0/><F68/><W72/><G72/><T123/><D123/><U31/><E31/><V65/><F30/><W11/><G46/><T20/><D20/><U51/><E60/><V103/><F61/><W83/><G11/><T79/><D79/><U129/><E129/><V64/><F28/><W116/><G116/><T132/><D132/><U63/><E63/><V58/><F23/><W124/><G124/><AGARI ba="0,0" hai="51,55,57,66,67,124,125,126" m="16969,43531" machi="124" ten="30,7700,0" yaku="18,1,11,1,34,2" doraHai="98" who="1" fromWho="3" sc="250,0,250,77,250,0,250,-77" /><INIT seed="1,0,0,4,3,20" ten="250,327,250,173" oya="1" hai0="62,6,79,125,101,55,109,124,100,68,36,16,46" hai1="43,22,115,130,75,66,112,70,58,42,91,87,65" hai2="98,21,114,1,32,76,81,64,88,41,53,49,83" hai3="73,119,67,40,18,94,17,120,134,84,2,39,117"/><U4/><E75/><V31/><F1/><W60/><G120/><T23/><D6/><U86/><E70/><V35/><F114/><W63/><G73/><T0/><D0/><U131/><E4/><V102/><F35/><W61/><G2/><T27/><D79/><U106/><E22/><V3/><F32/><W123/><G123/><T59/><D68/><U105/><E58/><V103/><F3/><W97/><G67/><T77/><D77/><U85/><E85/><N who="2" m="50223" /><F64/><W37/><G134/><T45/><D109/><U44/><E91/><V24/><F41/><W121/><G121/><T107/><D107/><U8/><E8/><V7/><F7/><W12/><G84/><T48/><D36/><U33/><E33/><V19/><F98/><W110/><G110/><T108/><D46/><AGARI ba="0,0" hai="42,43,44,46,65,66,86,87,105,106,112,115,130,131" machi="46" ten="25,2400,0" yaku="22,2" doraHai="20" who="1" fromWho="0" sc="250,-24,327,24,250,0,173,0" /><INIT seed="1,1,0,4,2,69" ten="226,351,250,173" oya="1" hai0="73,15,1,50,23,97,98,101,46,5,128,113,62" hai1="38,32,108,122,56,91,53,131,47,124,41,42,117" hai2="52,33,86,74,7,116,26,30,94,80,81,10,19" hai3="82,45,102,87,85,40,36,115,44,68,0,66,79"/><U114/><E32/><V118/><F74/><W31/><G115/><T119/><D1/><U59/><E91/><V133/><F133/><W92/><G31/><T93/><D73/><U34/><E34/><V100/><F19/><W57/><G68/><T99/><D128/><U90/><E90/><V88/><F100/><W71/><G71/><T75/><D119/><U107/><E107/><V83/><REACH who="2" step="1"/><F52/><REACH who="2" ten="226,351,240,173" step="2"/><W112/><G102/><T6/><D75/><U89/><E117/><V129/><F129/><W49/><G112/><T64/><D113/><U37/><E114/><V8/><F8/><W65/><G0/><AGARI ba="1,1" hai="0,7,10,26,30,33,80,81,83,86,88,94,116,118" machi="0" ten="40,2600,0" yaku="1,1,54,1,53,0" doraHai="69" doraHaiUra="43" who="2" fromWho="3" sc="226,0,351,0,240,39,173,-29" /><INIT seed="2,0,0,0,5,47" ten="226,351,279,144" oya="2" hai0="17,11,6,134,85,13,62,49,36,53,97,57,54" hai1="78,132,43,32,23,76,84,129,22,63,48,118,50" hai2="7,60,127,94,5,82,92,117,128,68,120,15,93" hai3="80,126,26,1,112,81,19,122,27,88,70,34,51"/><V52/><F120/><W86/><G122/><T123/><D36/><U100/><E32/><V29/><F117/><W44/><G70/><T110/><D123/><U18/><E118/><V35/><F128/><W104/><G126/><T130/><D110/><U115/><E115/><V105/><F105/><W121/><G121/><T55/><D134/><U61/><E132/><V89/><F127/><W111/><G104/><T108/><D108/><U75/><E75/><V74/><F74/><W98/><G111/><T20/><D130/><U119/><E119/><V12/><F68/><W116/><G116/><T64/><D85/><U67/><E129/><V77/><F77/><N who="1" m="29801" /><E43/><V37/><F37/><W33/><G112/><T39/><D97/><U133/><E133/><V95/><F82/><W83/><G1/><T101/><D101/><U4/><E4/><N who="2" m="1611" /><F29/><W71/><G71/><T28/><D28/><U124/><E124/><V72/><F72/><W107/><G107/><T102/><D102/><U103/><E84/><N who="2" m="52263" /><F35/><W113/><G113/><T58/><REACH who="0" step="1"/><D39/><REACH who="0" ten="216,351,279,144" step="2"/><U9/><E103/><V59/><AGARI ba="0,1" hai="12,15,52,59,60,93,94,95" m="52263,1611" machi="59" ten="30,3000,0" yaku="8,1,54,1" doraHai="47" who="2" fromWho="2" sc="216,-10,351,-10,279,40,144,-10" /><INIT seed="2,1,0,1,0,31" ten="206,341,319,134" oya="2" hai0="89,94,66,87,30,79,120,7,36,1,108,4,17" hai1="75,32,10,64,121,97,73,15,0,86,23,93,109" hai2="50,18,84,43,119,124,63,62,80,105,83,131,21" hai3="102,100,65,9,37,44,77,95,33,41,103,16,111"/><V70/><F119/><W5/><G111/><T8/><D36/><U25/><E109/><V78/><F105/><W46/><G33/><T14/><D120/><U130/><E121/><V114/><F114/><W128/><G128/><T96/><D108/><U45/><E130/><V127/><F131/><W123/><G123/><T29/><D66/><U126/><E126/><N who="2" m="48171" /><F70/><W60/><G77/><T57/><D57/><U106/><E106/><V58/><F83/><W82/><G82/><T59/><D59/><U85/><E64/><V3/><F3/><W48/><G5/><T129/><D129/><U51/><E0/><V101/><F101/><W35/><G35/><T49/><D49/><U28/><E75/><V53/><F43/><W98/><G44/><T115/><D115/><U134/><E73/><V91/><F78/><W99/><G37/><T113/><D113/><U19/><E134/><V61/><F61/><W12/><REACH who="3" step="1"/><G98/><REACH who="3" ten="206,341,319,124" step="2"/><T135/><D135/><U20/><E32/><V6/><F6/><N who="0" m="2090" /><D1/><U24/><E24/><AGARI ba="1,1" hai="18,21,24,50,53,58,62,63,80,84,91" m="48171" machi="24" ten="30,1500,0" yaku="18,1" doraHai="31" who="2" fromWho="1" sc="206,0,341,-18,319,28,124,0" /><INIT seed="2,2,0,5,1,92" ten="206,323,347,124" oya="2" hai0="129,121,132,125,52,105,13,73,41,107,74,116,51" hai1="131,38,75,4,9,47,23,65,99,80,11,103,26" hai2="106,128,7,36,120,70,133,46,69,110,20,115,78" hai3="68,6,130,35,117,49,83,27,16,45,54,42,10"/><V81/><F120/><W28/><G117/><T18/><D41/><U30/><E131/><V87/><F115/><W21/><G130/><T90/><D129/><U97/><E11/><V101/><F128/><W48/><G68/><T102/><D121/><U126/><E65/><V134/><F7/><W91/><G83/><T53/><D125/><U82/><E126/><V127/><F127/><W56/><G91/><T124/><D124/><U19/><E103/><V66/><F110/><W64/><G64/><T0/><D0/><U1/><E30/><V84/><F84/><W63/><G35/><T24/><D24/><U100/><E100/><V12/><F36/><W44/><G44/><T50/><D132/><N who="2" m="50794" /><F46/><W104/><G104/><T15/><D116/><U58/><E58/><V60/><F20/><W94/><G94/><T95/><D102/><U76/><E80/><V108/><F108/><W96/><G96/><N who="0" m="57463" /><D107/><U57/><E57/><N who="2" m="37135" /><F12/><N who="0" m="4682" /><D105/><U5/><E5/><V98/><AGARI ba="2,0" hai="69,70,78,81,87,98,101,106" m="37135,50794" machi="98" ten="30,3000,0" yaku="20,1,52,1" doraHai="92" who="2" fromWho="2" sc="206,-12,323,-12,347,36,124,-12" /><INIT seed="2,3,0,2,5,0" ten="194,311,383,112" oya="2" hai0="62,132,126,100,36,19,103,39,133,44,1,7,84" hai1="91,20,111,130,99,17,72,116,55,11,94,122,131" hai2="66,80,68,49,88,64,26,102,125,85,16,104,129" hai3="58,22,79,27,95,46,30,38,10,90,105,43,106"/><V60/><F129/><N who="1" m="49161" /><E116/><V83/><F125/><W35/><G79/><T31/><D31/><U28/><E111/><V70/><F49/><W34/><G34/><T115/><D115/><U37/><E37/><V81/><F104/><W112/><G112/><T52/><D19/><U14/><E72/><V74/><F102/><W33/><G33/><T8/><D84/><U50/><E122/><V56/><F74/><W108/><G108/><T135/><D126/><U61/><E61/><V110/><F110/><W67/><G35/><T65/><D39/><U6/><E28/><V73/><F73/><W127/><G127/><T42/><REACH who="0" step="1"/><D52/><REACH who="0" ten="184,311,383,112" step="2"/><U32/><E32/><V45/><F85/><W98/><G67/><T121/><D121/><U13/><E55/><V4/><F66/><W97/><G97/><T87/><D87/><U40/><E40/><V78/><F64/><W120/><G120/><T109/><D109/><U41/><E41/><V89/><F16/><W117/><G117/><T48/><D48/><AGARI ba="3,1" hai="6,11,13,14,17,20,48,50,91,94,99" m="49161" machi="48" ten="30,2000,0" yaku="19,1,52,1" doraHai="0" who="1" fromWho="0" sc="184,-29,311,39,383,0,112,0" /><INIT seed="3,0,0,4,4,124" ten="155,350,383,112" oya="3" hai0="76,135,14,52,34,31,120,65,64,36,16,70,84" hai1="3,93,88,47,103,95,35,131,85,111,12,13,6" hai2="38,132,104,0,97,74,10,69,39,68,99,123,108" hai3="37,92,75,48,94,130,110,115,83,127,50,96,32"/><W44/><G115/><T122/><D84/><U43/><E35/><V29/><F123/><W91/><G127/><T73/><D52/><U55/><E111/><V26/><F108/><W100/><G32/><T79/><D16/><U62/><E3/><V23/><F132/><W53/><G110/><T101/><D14/><U11/><E131/><V61/><F74/><W128/><G37/><T72/><D65/><U119/><E119/><V8/><F104/><W113/><G113/><T27/><D101/><U63/><E55/><V41/><F0/><W19/><G19/><T60/><D135/><U17/><E103/><V86/><F68/><W57/><G75/><T28/><D28/><U67/><E95/><V15/><F39/><W20/><G83/><N who="0" m="45447" /><D36/><U66/><E67/><V89/><F69/><W134/><G134/><T33/><D33/><U87/><E85/><V116/><F116/><W51/><G20/><T59/><D59/><U2/><E2/><V80/><F38/><W112/><G112/><T125/><D125/><U58/><E63/><V5/><F61/><W82/><G82/><AGARI ba="0,0" hai="27,31,34,60,64,70,73,79,82,120,122" m="45447" machi="82" ten="30,1000,0" yaku="23,1" doraHai="124" who="0" fromWho="3" sc="155,10,350,0,383,0,112,-10" owari="165,-23.0,350,15.0,383,48.0,102,-40.0" /></mjloggm>