<mjloggm ver="2.3"><GO type="97" lobby="0"/><UN n0="%72%65%69%74%61%72%6F%75" n1="%E3%82%A6%E3%83%AB%E3%83%88%E3%83%A9%E7%AB%8B%E7%9B%B4" n2="%E3%81%8F%E3%82%8A%E3%81%93%E3%81%86%E3%81%A0" n3="%E3%83%A9%E3%83%83%E3%82%AD%E3%83%BC%E3%83%89%E3%83%83%E3%82%B0" dan="14,15,14,14" rate="1906.32,2021.96,1997.04,1947.15" sx="F,M,M,M"/><TAIKYOKU oya="0"/><INIT seed="0,0,0,4,4,18" ten="250,250,250,250" oya="0" hai0="68,15,126,66,132,62,65,27,123,12,134,109,45" hai1="108,91,17,64,13,127,72,58,57,78,47,93,81" hai2="4,30,28,7,40,2,43,77,38,10,22,11,36" hai3="37,0,128,14,71,101,61,112,8,80,79,95,67"/><T85/><D123/><U9/><E108/><V29/><F77/><W42/><G112/><T82/><D109/><U120/><E127/><V121/><F121/><W129/><G0/><T44/><D126/><U105/><E105/><V117/><F117/><W124/><G124/><T56/><D65/><U24/><E120/><V99/><F99/><N who="3" m="59647" /><G42/><T92/><D92/><U88/><E91/><V130/><F130/><N who="3" m="50283" /><G37/><T50/><D27/><U133/><E133/><N who="0" m="51305" /><D68/><U110/><E110/><V74/><F74/><N who="3" m="43127" /><G14/><N who="0" m="5163" /><D50/><U23/><E64/><V5/><F2/><W96/><G96/><T70/><D70/><U31/><E47/><V69/><F69/><W6/><G6/><T106/><D106/><U35/><REACH who="1" step="1"/><E35/><REACH who="1" ten="250,240,250,250" step="2"/><V122/><F122/><W55/><G67/><T119/><D119/><U48/><E48/><V135/><F135/><W83/><G61/><T87/><D87/><AGARI ba="0,1" hai="9,13,17,23,24,31,57,58,72,78,81,87,88,93" machi="87" ten="30,7700,0" yaku="1,1,7,1,52,1,54,1,53,0" doraHai="18" doraHaiUra="102" who="1" fromWho="0" sc="250,-77,240,87,250,0,250,0" /><INIT seed="1,0,0,1,5,9" ten="173,327,250,250" oya="1" hai0="61,58,26,30,56,101,43,55,97,28,0,96,125" hai1="90,1,100,60,67,92,116,103,37,70,82,81,72" hai2="11,114,74,115,112,110,41,25,7,111,22,8,10" hai3="83,102,128,135,108,39,131,123,69,62,59,44,36"/><U45/><E1/><V86/><F74/><W18/><G123/><T48/><D125/><U88/><E116/><V71/><F71/><W53/><G108/><N who="2" m="41513" /><F41/><W79/><G135/><T85/><D0/><U66/><E72/><V80/><F80/><W4/><G102/><T32/><D30/><U68/><E60/><V122/><F122/><W104/><G104/><T46/><D85/><U73/><E73/><V16/><F86/><W106/><G106/><T91/><D91/><U99/><E45/><V24/><F24/><W65/><G4/><AGARI ba="0,0" hai="4,7,8,10,11,16,22,25,112,114,115" m="41513" machi="4" ten="40,8000,1" yaku="11,1,14,1,34,2,54,1" doraHai="9" who="2" fromWho="3" sc="173,0,327,0,250,80,250,-80" /><INIT seed="2,0,0,3,5,107" ten="173,327,330,170" oya="2" hai0="50,43,68,12,21,88,25,35,69,132,44,96,38" hai1="4,113,79,73,115,32,58,97,60,135,56,23,8" hai2="110,42,29,45,87,7,63,108,104,52,112,34,85" hai3="86,95,57,53,2,111,122,101,106,49,37,116,65"/><V72/><F112/><W5/><G122/><T120/><D120/><U126/><E32/><V13/><F104/><W76/><G37/><T40/><D132/><U10/><E135/><V131/><F131/><W77/><G116/><T75/><D43/><U39/><E39/><V26/><F42/><W22/><G106/><T59/><D35/><U24/><E97/><V48/><F63/><W127/><G127/><T18/><D75/><U33/><E33/><V6/><F72/><W105/><G105/><T36/><D36/><U80/><E126/><V118/><F118/><W3/><G3/><T81/><D25/><U19/><E10/><N who="2" m="4311" /><F7/><W64/><G111/><AGARI ba="0,0" hai="26,29,34,45,48,52,85,87,108,110,111" m="4311" machi="111" ten="30,5800,0" yaku="14,1,10,1,54,1" doraHai="107" who="2" fromWho="3" sc="173,0,327,0,330,58,170,-58" /><INIT seed="2,1,0,0,2,95" ten="173,327,388,112" oya="2" hai0="39,26,87,110,34,78,29,128,41,66,111,47,3" hai1="22,77,105,130,49,57,62,123,85,30,129,118,120" hai2="132,20,73,46,88,131,68,67,14,31,98,81,82" hai3="42,99,109,93,15,107,63,5,19,25,125,60,112"/><V18/><F131/><N who="1" m="50185" /><E49/><V113/><F113/><W28/><G112/><T69/><D128/><U79/><E118/><V83/><F132/><W50/><G50/><T56/><D56/><U21/><E105/><V64/><F73/><W72/><G72/><T122/><D87/><U16/><E30/><V9/><F68/><W117/><G117/><T37/><D78/><U38/><E38/><V92/><F46/><W11/><G125/><T91/><D91/><U45/><E45/><V97/><F97/><W86/><G107/><T48/><D122/><N who="1" m="46635" /><E85/><V70/><F70/><W53/><G42/><T23/><D3/><U44/><E44/><V24/><AGARI ba="1,0" hai="9,14,18,20,24,31,64,67,81,82,83,88,92,98" machi="24" ten="30,11700,0" yaku="0,1,8,1,52,1,54,1" doraHai="95" who="2" fromWho="2" sc="173,-40,327,-40,388,120,112,-40" /><INIT seed="2,2,0,2,2,84" ten="133,287,508,72" oya="2" hai0="133,70,1,9,53,111,135,23,72,117,127,66,73" hai1="90,41,121,31,87,74,96,44,78,64,50,33,95" hai2="56,32,58,88,52,43,132,77,99,10,130,81,109" hai3="101,0,38,89,98,62,65,61,97,120,17,42,103"/><V100/><F32/><W51/><G0/><T93/><D111/><U39/><E121/><V131/><F109/><W123/><G38/><T6/><D117/><U25/><E64/><V122/><F122/><W85/><G123/><T110/><D110/><U12/><E12/><V105/><F43/><W11/><G120/><T2/><D127/><U46/><E74/><N who="2" m="43191" /><F10/><W49/><G61/><N who="0" m="40271" /><D2/><U92/><E78/><V4/><F4/><W118/><G118/><T30/><D53/><U48/><REACH who="1" step="1"/><E46/><REACH who="1" ten="133,277,508,72" step="2"/><V82/><F131/><W45/><G103/><AGARI ba="2,1" hai="25,31,33,39,41,44,48,50,87,90,92,95,96,103" machi="103" ten="30,8000,1" yaku="1,1,2,1,7,1,52,1,53,1" doraHai="84" doraHaiUra="24" who="1" fromWho="3" sc="133,0,277,96,508,0,72,-86" owari="133,-27.0,373,17.0,508,61.0,-14,-51.0" /></mjloggm>