<mjloggm ver="2.3"><GO type="97" lobby="0"/><UN n0="%35%33%37%44%32%32%31%44" n1="%E3%82%A6%E3%83%AB%E3%83%88%E3%83%A9%E7%AB%8B%E7%9B%B4" n2="%41%78%69%73" n3="%E6%A1%9C%E7%AB%9C%E2%80%A0%E3%82%BF%E3%83%9E" dan="14,15,14,13" rate="1949.99,1968.38,1945.46,1882.00" sx="M,M,M,F"/><TAIKYOKU oya="0"/><INIT seed="0,0,0,3,1,116" ten="250,250,250,250" oya="0" hai0="71,130,68,75,131,100,60,56,3,62,66,6,28" hai1="93,121,113,63,7,107,17,81,133,0,86,124,89" hai2="30,50,46,11,53,76,54,8,29,10,37,47,2" hai3="32,14,65,40,83,77,123,94,129,85,4,95,19"/><T78/><D28/><U96/><E7/><V61/><F2/><W117/><G117/><T109/><D100/><U73/><E0/><V112/><F112/><W31/><G129/><N who="0" m="49163" /><D109/><U114/><E63/><V42/><F76/><W36/><G4/><T115/><D115/><N who="1" m="44043" /><E17/><V69/><F69/><W119/><G65/><N who="0" m="40999" /><D78/><N who="1" m="44239" /><E124/><V67/><F67/><W5/><G5/><T80/><D80/><U128/><E128/><V9/><N who="2" m="2560" /><DORA hai="84" /><V74/><REACH who="2" step="1"/><F74/><REACH who="2" ten="250,250,240,250" step="2"/><W98/><G119/><T57/><D3/><U39/><E133/><V70/><F70/><W15/><G77/><T97/><D75/><U33/><E33/><V16/><F16/><W127/><G32/><T1/><D1/><U23/><E23/><V79/><F79/><W51/><G19/><T111/><D6/><U102/><E39/><V118/><F118/><W104/><G36/><T20/><D111/><U38/><E38/><V41/><F41/><W25/><G127/><T34/><D34/><U99/><E121/><V82/><F82/><W90/><G123/><T64/><D20/><U122/><E122/><V106/><F106/><W105/><G105/><T43/><D66/><U110/><E110/><V45/><F45/><W22/><G104/><T52/><D97/><AGARI ba="0,1" hai="86,89,93,96,97,99,102,107" m="44239,44043" machi="97" ten="30,8000,1" yaku="24,1,11,1,34,2,52,1" doraHai="116,84" who="1" fromWho="0" sc="250,-80,250,90,240,0,250,0" /><INIT seed="1,0,0,3,3,126" ten="170,340,240,250" oya="1" hai0="0,49,5,28,83,35,39,122,50,133,55,117,10" hai1="25,26,106,23,113,65,45,46,98,59,87,93,103" hai2="84,17,4,123,60,130,76,96,91,115,95,44,31" hai3="75,119,6,27,63,48,53,79,20,38,14,52,125"/><U85/><E106/><V77/><F123/><W108/><G125/><T32/><D39/><U134/><E134/><V105/><F115/><W116/><G38/><T29/><D117/><U11/><E11/><V121/><F121/><W70/><G108/><T68/><D122/><U110/><E110/><V92/><F105/><W47/><G75/><T67/><D133/><U16/><E113/><V107/><F107/><W112/><G79/><T109/><D109/><U104/><E26/><V131/><F4/><W21/><G112/><T101/><D101/><U43/><E104/><V80/><F31/><W88/><G88/><T127/><D127/><U114/><E114/><V74/><F60/><W54/><G70/><T111/><D111/><U24/><E24/><V51/><F17/><W34/><G34/><T129/><D129/><N who="2" m="49162" /><F77/><W69/><G69/><T30/><D83/><U62/><E46/><V33/><F33/><W2/><G2/><T135/><D135/><U1/><E1/><V40/><F95/><W82/><G63/><T36/><D36/><AGARI ba="0,0" hai="16,23,25,36,43,45,59,62,65,85,87,93,98,103" machi="36" ten="30,2900,0" yaku="7,1,54,1" doraHai="126" who="1" fromWho="0" sc="170,-29,340,29,240,0,250,0" /><INIT seed="1,1,0,0,2,18" ten="141,369,240,250" oya="1" hai0="25,12,19,70,34,60,0,17,129,93,86,98,123" hai1="124,2,53,116,7,75,101,41,73,5,61,23,47" hai2="63,16,131,107,90,91,76,33,39,89,122,92,78" hai3="13,4,20,126,108,128,3,80,65,28,8,58,127"/><U15/><E116/><V104/><F33/><W100/><G100/><T30/><D123/><U67/><E124/><N who="3" m="47658" /><G80/><T52/><D129/><U106/><E5/><V81/><F39/><W121/><G65/><T118/><D118/><U99/><E2/><V9/><F122/><W1/><G58/><T29/><D29/><U120/><E53/><V105/><F131/><W114/><G121/><T132/><D132/><U42/><E41/><V46/><F92/><W35/><G128/><T57/><D0/><N who="3" m="73" /><G114/><T125/><D70/><U32/><E120/><V115/><F115/><W119/><G119/><T26/><D125/><U133/><E47/><V55/><F63/><W134/><G134/><T22/><D86/><U43/><E61/><V112/><F112/><W82/><G82/><T102/><D19/><U24/><E133/><V113/><F113/><W97/><G97/><T36/><D12/><U37/><E99/><V54/><F46/><W11/><G108/><T94/><REACH who="0" step="1"/><D36/><REACH who="0" ten="131,369,240,250" step="2"/><U56/><E37/><V72/><F16/><N who="3" m="10255" /><G4/><T96/><D96/><U74/><E7/><V79/><F9/><W88/><G88/><T40/><D40/><U103/><E43/><V77/><AGARI ba="1,1" hai="54,55,72,76,77,78,79,81,89,90,91,104,105,107" machi="77" ten="40,5200,0" yaku="0,1,29,2" doraHai="18" who="2" fromWho="2" sc="131,-14,369,-27,240,65,250,-14" /><INIT seed="2,0,0,2,4,61" ten="117,342,305,236" oya="2" hai0="96,14,118,95,5,48,104,55,11,22,49,34,51" hai1="63,82,8,18,66,2,36,46,83,27,58,1,60" hai2="65,75,112,45,53,71,89,127,135,91,42,54,23" hai3="90,17,128,13,88,37,41,115,80,120,30,130,102"/><V57/><F112/><W21/><G120/><T119/><D34/><U29/><E2/><V100/><F75/><W9/><G115/><T40/><D104/><U94/><E36/><V86/><F71/><W19/><G30/><T126/><D22/><U87/><E46/><V99/><F135/><W59/><G102/><T38/><D126/><U52/><E94/><V77/><F127/><W132/><G132/><T50/><D38/><U105/><E105/><V124/><F124/><W67/><G41/><T133/><D133/><U109/><E109/><V73/><F73/><W125/><G37/><T129/><D129/><N who="3" m="49769" /><G80/><T35/><D35/><U7/><E18/><V25/><F77/><W28/><G28/><T62/><D40/><U101/><E101/><V39/><F86/><W26/><G125/><T32/><D32/><U76/><E83/><V107/><F65/><W108/><G108/><T78/><N who="0" m="12800" /><DORA hai="110" /><T121/><D78/><U12/><E1/><V0/><F0/><W113/><G113/><T103/><D121/><U114/><E114/><V81/><F57/><W47/><G47/><T31/><D31/><U93/><E93/><V106/><F107/><W85/><G85/><T3/><REACH who="0" step="1"/><D3/><REACH who="0" ten="107,342,305,236" step="2"/><U123/><E123/><V64/><F106/><W4/><G4/><T69/><D69/><U116/><E29/><V84/><F23/><W72/><G72/><T131/><D131/><U111/><E111/><V10/><F39/><W16/><G19/><T20/><D20/><U92/><E76/><V134/><F42/><W6/><G6/><T33/><D33/><U15/><E7/><RYUUKYOKU ba="0,1" sc="107,15,342,-15,305,-15,236,15" hai0="5,11,14,55,62,95,96,103,118,119" hai3="9,13,16,17,21,26,59,67,88,90" /><INIT seed="3,1,1,5,0,77" ten="122,327,290,251" oya="3" hai0="69,59,78,24,110,52,135,113,122,48,21,86,91" hai1="92,50,22,74,32,61,94,49,103,27,15,120,84" hai2="9,134,81,99,67,35,16,88,54,64,119,33,131" hai3="41,46,125,51,87,45,102,7,124,10,79,37,123"/><W80/><G102/><T43/><D122/><U66/><E74/><V116/><F134/><W118/><G118/><T96/><D69/><U115/><E115/><V128/><F54/><W4/><G123/><T18/><D110/><U42/><E32/><V36/><F36/><W76/><G76/><T72/><D135/><U62/><E94/><V111/><F111/><W97/><G97/><T106/><D113/><U121/><E121/><V114/><F114/><W83/><G83/><T70/><D70/><U100/><E15/><V75/><F75/><W47/><G4/><T104/><D43/><U58/><E62/><V19/><F99/><W44/><REACH who="3" step="1"/><G37/><REACH who="3" ten="122,327,290,241" step="2"/><T57/><D96/><U13/><E103/><V11/><F81/><W25/><G25/><T127/><D127/><U40/><E120/><V85/><F88/><W71/><G71/><T26/><D26/><U17/><E27/><V105/><F105/><W20/><G20/><T14/><D14/><AGARI ba="1,2" hai="7,10,14,41,44,45,46,47,51,79,80,87,124,125" machi="14" ten="40,12000,1" yaku="1,1,25,2,52,1,53,0" doraHai="77" doraHaiUra="63" who="3" fromWho="0" sc="122,-123,327,0,290,0,241,143" owari="-1,-50.0,327,13.0,290,-11.0,384,48.0" /></mjloggm>