<mjloggm ver="2.3"><GO type="169" lobby="0"/><UN n0="%35%35%35%35%35" n1="%EF%BC%88%E2%89%A7%E2%96%BD%E2%89%A6%EF%BC%89" n2="%E3%83%88%E3%83%90%E3%82%BE" n3="%E3%81%86%E3%81%8D%E3%81%A7%E3%82%93" dan="16,19,18,16" rate="2021.21,2307.09,2143.03,2033.58" sx="M,M,M,M"/><TAIKYOKU oya="0"/><INIT seed="0,0,0,0,4,11" ten="250,250,250,250" oya="0" hai0="21,64,87,8,32,88,106,36,3,91,70,115,34" hai1="113,59,35,105,38,17,66,120,102,103,0,133,25" hai2="93,104,101,45,30,33,49,131,28,121,90,23,111" hai3="75,48,20,122,73,71,16,2,110,126,18,98,83"/><T50/><D115/><U112/><E38/><V89/><F121/><W76/><G122/><T42/><D106/><U99/><E0/><V69/><F69/><W84/><G110/><T74/><D74/><U117/><E120/><V9/><F33/><W14/><G126/><T128/><D36/><U123/><E123/><V29/><F104/><W10/><G71/><T62/><D128/><U57/><E117/><V77/><F131/><W22/><G22/><T125/><D125/><U47/><E133/><V130/><F130/><W109/><G109/><T6/><D21/><N who="1" m="13487" /><E35/><V31/><F111/><W82/><G82/><T86/><D86/><U124/><E102/><V55/><F77/><W65/><G65/><T119/><D119/><U7/><E7/><V79/><F79/><W15/><G2/><T72/><D72/><U135/><E66/><V54/><F54/><W5/><G5/><T63/><D63/><U61/><E61/><V39/><F39/><W132/><G132/><T41/><D91/><U81/><E135/><V19/><F9/><W96/><G75/><T95/><REACH who="0" step="1"/><D42/><REACH who="0" ten="240,250,250,250" step="2"/><U37/><E124/><V127/><F127/><W4/><G73/><T107/><D107/><U80/><E113/><V13/><F31/><W134/><G134/><T60/><D60/><U100/><E112/><V24/><F90/><W40/><G84/><T1/><D1/><U58/><E103/><V43/><F101/><W97/><G76/><T67/><D67/><U46/><E37/><V114/><F114/><W26/><G98/><T56/><D56/><U52/><E52/><V68/><F55/><RYUUKYOKU ba="0,1" sc="240,15,250,15,250,-15,250,-15" hai0="3,6,8,32,34,41,50,62,64,70,87,88,95" hai1="46,47,57,58,59,80,81,99,100,105" /><INIT seed="0,1,1,0,0,54" ten="255,265,235,235" oya="0" hai0="121,59,94,132,18,84,120,34,105,49,76,10,39" hai1="116,87,50,92,88,70,14,130,46,102,58,135,29" hai2="63,101,45,19,4,117,52,1,90,48,28,5,38" hai3="62,33,65,71,96,67,97,23,129,35,53,100,85"/><T11/><D105/><U98/><E70/><V13/><F117/><W91/><G129/><T119/><D39/><U124/><E116/><V86/><F1/><W40/><G67/><T36/><D36/><U37/><E130/><V22/><F38/><W122/><G122/><T32/><D119/><U110/><E135/><V24/><F101/><W31/><G40/><T56/><D132/><U9/><E124/><V21/><REACH who="2" step="1"/><F63/><REACH who="2" ten="255,265,225,235" step="2"/><W78/><G100/><T77/><D121/><U81/><E37/><V112/><F112/><W30/><G62/><T99/><D120/><U95/><E110/><V12/><F12/><W17/><G35/><T72/><D34/><U15/><E15/><V44/><F44/><W125/><G33/><T64/><D32/><U57/><E29/><V134/><F134/><W47/><G47/><T133/><D133/><U74/><E74/><V113/><F113/><W3/><G31/><T16/><D72/><U26/><E26/><V114/><F114/><W55/><G3/><T106/><D49/><U80/><E46/><V83/><AGARI ba="1,2" hai="4,5,13,19,21,22,24,28,45,48,52,83,86,90" machi="83" ten="20,12000,2" yaku="1,1,0,1,7,1,8,1,54,1,53,1" doraHai="54" doraHaiUra="25" who="2" fromWho="2" sc="255,-61,265,-31,225,143,235,-31" /><INIT seed="1,0,0,2,4,36" ten="194,234,368,204" oya="1" hai0="103,5,118,46,51,109,90,61,102,92,70,38,86" hai1="81,115,104,78,40,67,99,49,112,129,34,106,25" hai2="105,20,76,32,126,120,35,121,28,123,8,60,48" hai3="134,108,4,132,94,13,30,43,116,9,50,93,97"/><U15/><E129/><V91/><F105/><W59/><G108/><T128/><D109/><U73/><E67/><V124/><F76/><W107/><G116/><T10/><D118/><U14/><E34/><V0/><F60/><W64/><G30/><T71/><D38/><U56/><E25/><N who="2" m="16423" /><F48/><W96/><G64/><T101/><D61/><U119/><E119/><V125/><F91/><W100/><G107/><T95/><D128/><U17/><E14/><V41/><F41/><W74/><G74/><T45/><D95/><U37/><E37/><V44/><F44/><N who="3" m="25887" /><G59/><T3/><REACH who="0" step="1"/><D46/><REACH who="0" ten="184,234,368,204" step="2"/><U11/><E104/><V135/><F135/><W23/><G134/><T114/><D114/><U6/><E112/><V122/><F122/><W75/><G132/><T130/><D130/><U18/><E115/><V58/><F58/><W52/><G94/><T82/><D82/><U19/><E106/><V53/><F53/><AGARI ba="0,1" hai="3,5,10,45,51,53,70,71,86,90,92,101,102,103" machi="53" ten="40,2600,0" yaku="1,1,53,1" doraHai="36" doraHaiUra="1" who="0" fromWho="2" sc="184,36,234,0,368,-26,204,0" /><INIT seed="2,0,0,4,0,71" ten="220,234,342,204" oya="2" hai0="1,88,114,63,26,106,124,39,133,21,99,46,90" hai1="102,89,129,81,25,28,127,130,6,69,118,8,84" hai2="17,31,13,91,44,85,33,20,113,80,92,103,54" hai3="126,56,86,112,82,34,57,115,0,87,23,60,94"/><V72/><F113/><N who="3" m="43595" /><G34/><T96/><D114/><U128/><E118/><V35/><F31/><W42/><G126/><T119/><D1/><U36/><E127/><V76/><REACH who="2" step="1"/><F103/><REACH who="2" ten="220,234,332,204" step="2"/><W95/><G0/><T41/><D124/><U75/><E28/><V110/><F110/><W65/><G65/><T79/><D119/><U16/><E129/><V48/><AGARI ba="0,1" hai="13,17,20,33,35,44,48,54,72,76,80,85,91,92" machi="48" ten="30,3000,0" yaku="1,1,0,1,53,0" doraHai="71" doraHaiUra="117" who="2" fromWho="2" sc="220,-10,234,-10,332,40,204,-10" /><INIT seed="2,1,0,0,0,91" ten="210,224,372,194" oya="2" hai0="90,79,82,11,23,113,78,128,89,80,2,53,74" hai1="70,62,122,4,0,72,33,38,83,75,124,34,88" hai2="16,69,10,28,98,114,76,41,27,24,30,95,68" hai3="110,120,7,119,104,86,101,19,117,132,92,40,39"/><V99/><F114/><W45/><G120/><T96/><D113/><U18/><E38/><V9/><F76/><W103/><G110/><T31/><D128/><U12/><E122/><V49/><F49/><W115/><G115/><T35/><D35/><U109/><E109/><V105/><F41/><W102/><G104/><T67/><D67/><U52/><E124/><V20/><F105/><W112/><G112/><T21/><D53/><U46/><E72/><V130/><F20/><W43/><G132/><T26/><D23/><U8/><E75/><V6/><F6/><W51/><G7/><T87/><D2/><U37/><E37/><V63/><F63/><W48/><G19/><T100/><REACH who="0" step="1"/><D11/><REACH who="0" ten="200,224,372,194" step="2"/><N who="1" m="6431" /><E70/><V118/><F130/><W55/><G55/><T121/><D121/><U116/><E62/><V5/><F69/><W13/><G43/><T93/><AGARI ba="1,1" hai="21,26,31,74,78,79,80,82,87,89,90,93,96,100" machi="93" ten="20,5200,0" yaku="1,1,0,1,7,1,52,1,53,0" doraHai="91" doraHaiUra="133" who="0" fromWho="0" sc="200,65,224,-14,372,-27,194,-14" /><INIT seed="3,0,0,0,5,116" ten="265,210,345,180" oya="3" hai0="130,24,2,104,86,40,51,96,31,55,7,35,93" hai1="3,112,73,52,44,72,84,36,47,26,60,132,79" hai2="25,58,108,74,90,33,28,110,122,94,125,75,10" hai3="118,53,115,22,38,14,37,56,62,0,39,134,23"/><W102/><G118/><T78/><D130/><U8/><E112/><V120/><F125/><W48/><G115/><T30/><D30/><U101/><E132/><V34/><F58/><W67/><G0/><T64/><D40/><U100/><E36/><V69/><F10/><W133/><G102/><N who="1" m="39530" /><E72/><N who="2" m="27691" /><F69/><W70/><REACH who="3" step="1"/><G14/><REACH who="3" ten="265,210,345,170" step="2"/><T121/><D2/><U42/><E3/><V57/><F120/><W91/><G91/><T71/><D121/><U92/><E79/><V129/><F122/><W59/><G59/><T124/><D78/><U21/><E44/><V119/><F119/><W85/><G85/><T5/><D86/><U32/><E47/><V117/><F57/><W95/><G95/><T109/><D71/><U17/><E92/><V68/><F117/><W76/><G76/><T107/><D104/><U6/><E84/><V49/><F68/><W46/><G46/><T82/><D107/><U18/><E73/><V11/><F90/><W77/><G77/><T87/><D87/><U131/><E131/><V88/><F129/><W127/><G127/><T113/><D124/><U13/><E13/><V99/><F94/><W123/><G123/><T105/><D105/><U135/><E135/><AGARI ba="0,1" hai="22,23,37,38,39,48,53,56,62,67,70,133,134,135" machi="135" ten="50,9600,0" yaku="1,1,20,1,53,1" doraHai="116" doraHaiUra="63" who="3" fromWho="1" sc="265,0,210,-96,345,0,170,106" /><INIT seed="3,1,0,3,5,78" ten="265,114,345,276" oya="3" hai0="76,109,5,61,14,93,30,8,57,132,44,84,110" hai1="46,112,125,42,54,56,18,6,91,102,130,80,116" hai2="3,2,51,129,117,20,119,134,71,39,37,15,26" hai3="127,113,131,98,135,118,87,55,81,82,74,21,58"/><W27/><G118/><T65/><D132/><U107/><E112/><V69/><F134/><W36/><G135/><T10/><D30/><U17/><E116/><V13/><F51/><W22/><G113/><T53/><D10/><U99/><E130/><V101/><F101/><W77/><G131/><T124/><D124/><U89/><E125/><V40/><F129/><W68/><G68/><T115/><D115/><U50/><E6/><V16/><F26/><W33/><G36/><T128/><D128/><U43/><E43/><V52/><F20/><W85/><G74/><T59/><D44/><U48/><REACH who="1" step="1"/><E91/><REACH who="1" ten="265,104,345,276" step="2"/><V19/><F40/><W104/><G127/><T72/><D110/><U41/><E41/><V47/><F47/><W31/><G104/><T66/><D109/><U45/><E45/><V67/><F67/><W122/><G122/><T83/><D66/><U11/><E11/><V25/><F25/><W133/><G133/><T32/><D65/><U100/><E100/><V4/><F4/><W70/><G27/><T121/><D121/><U88/><E88/><V63/><F63/><W28/><G55/><AGARI ba="1,1" hai="2,3,13,15,16,19,37,39,52,55,69,71,117,119" machi="55" ten="25,6400,0" yaku="22,2,54,2" doraHai="78" who="2" fromWho="3" sc="265,0,104,0,345,77,276,-67" /><INIT seed="4,0,0,4,3,32" ten="265,104,422,209" oya="0" hai0="65,27,83,3,45,61,41,7,36,100,72,68,23" hai1="130,62,52,82,5,6,57,67,18,116,40,135,104" hai2="133,39,125,113,122,53,127,114,59,31,119,15,33" hai3="19,38,13,10,93,110,11,56,66,95,70,58,89"/><T16/><D100/><U12/><E116/><V121/><F39/><W99/><G110/><T132/><D132/><U97/><E135/><V112/><F133/><W106/><G106/><T43/><D43/><U101/><E130/><V73/><F73/><W25/><G38/><T63/><D63/><U79/><E40/><V21/><F33/><W2/><G25/><T51/><D51/><U74/><REACH who="1" step="1"/><E67/><REACH who="1" ten="265,94,422,209" step="2"/><V85/><F119/><W8/><G66/><T71/><D71/><U1/><E1/><V84/><F113/><W46/><G2/><T109/><D109/><U94/><E94/><V48/><F114/><W55/><G95/><T64/><D64/><U134/><E134/><V128/><F112/><W35/><G70/><T24/><D68/><U117/><E117/><V80/><F128/><W4/><G93/><T44/><D65/><U86/><E86/><V17/><F84/><W50/><G99/><T78/><D3/><U20/><AGARI ba="0,1" hai="5,6,12,18,20,52,57,62,74,79,82,97,101,104" machi="20" ten="20,5200,0" yaku="1,1,0,1,7,1,54,1,53,0" doraHai="32" doraHaiUra="47" who="1" fromWho="1" sc="265,-26,94,62,422,-13,209,-13" /><INIT seed="5,0,0,5,1,65" ten="239,156,409,196" oya="1" hai0="18,77,24,40,100,17,26,52,116,93,128,45,103" hai1="135,42,129,113,101,76,35,6,112,20,132,96,119" hai2="95,120,134,23,53,61,72,110,21,15,99,117,82" hai3="39,29,104,94,55,131,10,11,126,4,97,43,130"/><U89/><E35/><V49/><F110/><W92/><G104/><T109/><D109/><U31/><E6/><V44/><F117/><W68/><G126/><T0/><D128/><N who="3" m="49193" /><G29/><T91/><D0/><U114/><E42/><V118/><F118/><W50/><G68/><T102/><D77/><U54/><E119/><V69/><F134/><N who="1" m="51241" /><E129/><V66/><F120/><W57/><G4/><T98/><D116/><U74/><E54/><V37/><F37/><W70/><G70/><T28/><D40/><U5/><E5/><V12/><F23/><W22/><G22/><N who="0" m="15447" /><D24/><N who="1" m="16775" /><E89/><V108/><F108/><W48/><G39/><T41/><D41/><U36/><E36/><V30/><F30/><W124/><G124/><T25/><D25/><U1/><E1/><V85/><F15/><W2/><G2/><T87/><D18/><U14/><E14/><V19/><F12/><W47/><G94/><N who="0" m="54655" /><D17/><U84/><E74/><V63/><F72/><W115/><G10/><T88/><D103/><U62/><E113/><V73/><F73/><W90/><G11/><T105/><D105/><N who="1" m="63655" /><E62/><N who="2" m="40151" /><F19/><W106/><G106/><T59/><D45/><U121/><E121/><V9/><F9/><W33/><G33/><T3/><D3/><U8/><E8/><V64/><F21/><W78/><G78/><T79/><D79/><U75/><E75/><V32/><F32/><W7/><G7/><T81/><D81/><AGARI ba="0,0" hai="76,81,84,112,114" m="63655,16775,51241" machi="81" ten="30,1500,0" yaku="20,1" doraHai="65" who="1" fromWho="0" sc="239,-15,156,15,409,0,196,0" /><INIT seed="5,1,0,4,1,42" ten="224,171,409,196" oya="1" hai0="113,127,44,95,1,91,2,128,17,68,126,134,76" hai1="43,94,98,70,75,103,54,12,121,20,132,41,116" hai2="61,7,73,56,78,74,117,33,8,131,3,135,29" hai3="133,46,104,84,93,4,18,36,10,67,37,65,115"/><U114/><E121/><V110/><F110/><W100/><G115/><T87/><D68/><U105/><E116/><V86/><F117/><W30/><G30/><T39/><D113/><U96/><E75/><V47/><F135/><W108/><G108/><T88/><D134/><U22/><E114/><V129/><F47/><W53/><G133/><T123/><D76/><U124/><E70/><V72/><F86/><W28/><G28/><T89/><D128/><N who="2" m="49226" /><F78/><W23/><G104/><T90/><D123/><U38/><E132/><V69/><F69/><W101/><G36/><T80/><D80/><U34/><E34/><V51/><F51/><N who="3" m="28919" /><G37/><T71/><D71/><U83/><E38/><V35/><F29/><W9/><G84/><T112/><D112/><U13/><E83/><V81/><F81/><W27/><G93/><T14/><D39/><U111/><E111/><V59/><F59/><W125/><G125/><N who="0" m="47627" /><D44/><U99/><E124/><V21/><F21/><AGARI ba="1,0" hai="1,2,14,17,21,87,88,89,90,91,95" m="47627" machi="21" ten="30,2000,0" yaku="18,1,54,1" doraHai="42" who="0" fromWho="2" sc="224,23,171,0,409,-23,196,0" /><INIT seed="6,0,0,0,4,13" ten="247,171,386,196" oya="2" hai0="76,38,119,22,101,92,65,15,77,87,94,55,126" hai1="18,81,63,106,61,52,6,64,16,35,108,91,134" hai2="19,117,49,30,48,54,33,116,40,73,86,17,9" hai3="89,68,67,75,41,57,93,111,113,20,53,43,72"/><V122/><F122/><W69/><G111/><T5/><D38/><U0/><E35/><V34/><F73/><W3/><G3/><T46/><D65/><U104/><E108/><V60/><F60/><W59/><G75/><T95/><D126/><U129/><E129/><V127/><F127/><W8/><G72/><T100/><D119/><U47/><E134/><V1/><F40/><W82/><G82/><N who="0" m="47559" /><D77/><U80/><E0/><V98/><F98/><W128/><G69/><T97/><D97/><U10/><E6/><V45/><F86/><W51/><G68/><T31/><D46/><U135/><E135/><V25/><F34/><W88/><G113/><T96/><D96/><U103/><E103/><V50/><F50/><W28/><G8/><N who="0" m="4495" /><D55/><U21/><E106/><V102/><F102/><W124/><G128/><T27/><AGARI ba="0,0" hai="22,27,31,92,94,95,100,101" m="4495,47559" machi="27" ten="30,1100,0" yaku="8,1" doraHai="13" who="0" fromWho="0" sc="247,11,171,-3,386,-5,196,-3" /><INIT seed="7,0,0,4,3,33" ten="258,168,381,193" oya="3" hai0="86,50,117,69,52,110,48,45,38,124,99,41,103" hai1="30,94,46,112,89,92,104,39,4,85,61,18,121" hai2="131,27,43,21,122,10,70,84,105,81,100,78,36" hai3="120,58,65,114,87,127,19,102,29,108,55,26,76"/><W134/><G120/><T64/><D86/><U123/><E104/><V28/><F70/><W101/><G114/><T59/><D117/><U60/><E112/><V17/><F131/><W57/><G127/><T113/><D110/><U40/><E30/><V20/><F10/><W12/><G134/><T54/><D113/><U107/><E107/><V42/><F122/><W95/><G108/><T109/><D124/><U66/><E4/><V125/><F125/><W128/><G128/><T111/><D99/><U56/><E18/><V8/><F8/><N who="3" m="6535" /><G65/><T6/><D103/><N who="3" m="39433" /><G55/><T62/><D6/><U2/><E2/><V9/><F9/><W83/><G95/><T74/><D74/><U80/><E92/><V116/><F116/><W118/><G118/><T25/><D25/><U130/><E130/><V16/><F36/><W71/><G71/><T23/><D23/><AGARI ba="0,0" hai="23,26,29,57,58,76,83,87" m="39433,6535" machi="23" ten="30,1500,0" yaku="8,1" doraHai="33" who="3" fromWho="0" sc="258,-15,168,0,381,0,193,15" /><INIT seed="7,1,0,1,5,71" ten="243,168,381,208" oya="3" hai0="79,74,41,7,70,80,58,96,110,26,98,117,104" hai1="28,10,69,6,57,14,29,3,34,107,126,23,113" hai2="125,62,39,77,118,84,42,16,87,38,15,94,82" hai3="91,4,119,127,73,103,37,68,5,46,76,63,66"/><W17/><G119/><T60/><D117/><U33/><E69/><V59/><F118/><W100/><G127/><T22/><D110/><U43/><E107/><V116/><F116/><W8/><G17/><T92/><D70/><U18/><E43/><V93/><F125/><W88/><G103/><T30/><D7/><U86/><E86/><V67/><F42/><N who="3" m="22863" /><G4/><T32/><D41/><U120/><E57/><V48/><F48/><W90/><G100/><T130/><D130/><U0/><E126/><V108/><F108/><W52/><G52/><T19/><D104/><U27/><E113/><V121/><F121/><W56/><G56/><T12/><D92/><U78/><E78/><V2/><F2/><N who="1" m="553" /><E120/><V133/><F94/><W105/><G105/><T114/><D114/><U102/><E102/><V109/><F109/><W115/><G115/><T50/><D50/><U24/><E6/><V25/><F93/><W20/><G20/><AGARI ba="1,0" hai="10,14,18,20,23,24,27,28,29,33,34" m="553" machi="20" ten="30,8000,1" yaku="35,5" doraHai="71" who="1" fromWho="3" sc="243,0,168,83,381,0,208,-83" owari="243,-16.0,251,5.0,381,48.0,125,-37.0" /></mjloggm>