<mjloggm ver="2.3"><GO type="97" lobby="0"/><UN n0="%E8%8C%B6%E7%B2%A5" n1="%E5%9F%8E%E7%94%B0%E7%BE%8E%E7%B4%80" n2="%E7%AB%9C%E5%85%B5%E4%BC%9A%E7%9B%B8%E8%AB%87%E5%BD%B9" n3="%E3%82%A6%E3%83%AB%E3%83%88%E3%83%A9%E7%AB%8B%E7%9B%B4" dan="15,14,13,15" rate="1952.38,1938.77,1939.56,1956.96" sx="M,F,M,M"/><TAIKYOKU oya="0"/><INIT seed="0,0,0,1,5,41" ten="250,250,250,250" oya="0" hai0="133,85,51,130,7,92,36,112,98,71,55,126,104" hai1="102,25,72,101,95,47,91,88,68,64,52,9,6" hai2="73,80,116,94,5,109,81,103,108,39,79,124,21" hai3="100,74,19,115,122,24,32,110,65,2,63,84,70"/><T28/><D71/><U69/><E72/><V78/><F39/><W96/><G115/><T38/><D112/><U57/><E25/><V125/><F5/><W4/><G110/><N who="2" m="42601" /><F21/><W83/><G122/><T118/><D118/><U114/><E114/><V86/><F116/><W8/><G19/><T10/><D104/><U50/><E68/><V43/><F43/><W3/><G3/><T99/><D126/><N who="2" m="48746" /><F94/><W105/><G84/><T53/><D28/><U77/><E77/><V35/><F35/><W134/><G134/><T42/><D133/><U14/><E69/><V20/><F20/><W56/><G56/><T1/><D130/><U107/><E107/><V82/><F103/><N who="1" m="39433" /><E95/><V29/><F29/><N who="3" m="19495" /><G83/><AGARI ba="0,0" hai="73,78,79,80,81,82,83,86" m="48746,42601" machi="83" ten="30,7700,0" yaku="14,1,18,1,34,2" doraHai="41" who="2" fromWho="3" sc="250,0,250,0,250,77,250,-77" /><INIT seed="1,0,0,0,1,102" ten="250,250,327,173" oya="1" hai0="69,18,106,96,80,125,94,38,9,129,4,35,3" hai1="36,10,111,126,58,20,31,134,91,103,82,72,32" hai2="105,8,63,48,6,68,19,23,130,57,53,92,33" hai3="88,64,30,0,86,98,16,107,21,79,135,66,114"/><U81/><E36/><V120/><F33/><W113/><G0/><T109/><D38/><U87/><E134/><V1/><F120/><W104/><G135/><T2/><D69/><U24/><E126/><V54/><F130/><W115/><G30/><T123/><D35/><U71/><E71/><V116/><F116/><W28/><G28/><T7/><D125/><U101/><E32/><V5/><F5/><W73/><G73/><T97/><D129/><U95/><E111/><V131/><F131/><W84/><G79/><T99/><D109/><U133/><E133/><V44/><F68/><W78/><G78/><T60/><D60/><U25/><E25/><V124/><F124/><W93/><G86/><T17/><D80/><U122/><E122/><V29/><F92/><W65/><REACH who="3" step="1"/><G84/><REACH who="3" ten="250,250,327,163" step="2"/><T83/><D123/><U75/><E75/><V121/><F29/><W22/><G22/><T128/><D128/><U13/><E72/><V67/><F121/><W15/><AGARI ba="0,1" hai="15,16,21,64,65,66,88,93,98,104,107,113,114,115" machi="15" ten="40,12000,2" yaku="1,1,0,1,52,2,54,2,53,1" doraHai="102" doraHaiUra="90" who="3" fromWho="3" sc="250,-30,250,-60,327,-30,163,130" /><INIT seed="2,0,0,5,3,5" ten="220,190,297,293" oya="2" hai0="25,93,120,106,4,45,101,36,12,122,68,30,56" hai1="112,116,128,85,92,7,72,77,71,129,109,60,55" hai2="1,40,89,132,48,50,9,53,131,107,29,2,83" hai3="102,79,39,61,130,37,67,121,10,59,108,62,78"/><V21/><F107/><W73/><G121/><T113/><D68/><U44/><E109/><V90/><F29/><W32/><G32/><T88/><D113/><U119/><E112/><V8/><F21/><W41/><G130/><N who="1" m="50282" /><E7/><V23/><F23/><W94/><G108/><T63/><D106/><U74/><E71/><V118/><F131/><W125/><G125/><T34/><D101/><U96/><E60/><V98/><F40/><W38/><G41/><T15/><D36/><U22/><E22/><V126/><F53/><W54/><G73/><N who="1" m="28266" /><E55/><V135/><F83/><W103/><G62/><T49/><D15/><U105/><E44/><V43/><F43/><W104/><G54/><T26/><D26/><U123/><E123/><V82/><F82/><W117/><G39/><T57/><D57/><U70/><E70/><V52/><F52/><W111/><G38/><T114/><D114/><U58/><E58/><V75/><F75/><W80/><G37/><T76/><D45/><U11/><E11/><V27/><F27/><W124/><G10/><T33/><D33/><U51/><E51/><V91/><F91/><W84/><G111/><T20/><D49/><U69/><E69/><V110/><F110/><W17/><G59/><T18/><D4/><U19/><E19/><V0/><F0/><W95/><G17/><T6/><D6/><U13/><E13/><V133/><F133/><W66/><G61/><T87/><D122/><U134/><E134/><V3/><F3/><W97/><G66/><N who="0" m="39271" /><D120/><U81/><E105/><V127/><F118/><N who="1" m="45097" /><E96/><AGARI ba="0,0" hai="1,2,8,9,48,50,89,90,96,98,126,127,132,135" machi="96" ten="25,9600,0" yaku="22,2,52,2" doraHai="5" who="2" fromWho="1" sc="220,0,190,-96,297,96,293,0" /><INIT seed="2,1,0,5,3,68" ten="220,94,393,293" oya="2" hai0="99,97,87,95,22,48,84,121,89,66,43,36,58" hai1="102,26,123,37,116,15,79,101,25,4,12,39,21" hai2="45,52,2,117,78,107,83,93,31,71,13,94,131" hai3="132,75,47,23,61,16,126,133,6,20,69,73,19"/><V55/><F2/><W106/><G69/><T49/><D121/><U120/><E21/><N who="3" m="8266" /><G61/><T18/><D36/><U77/><REACH who="1" step="1"/><E4/><REACH who="1" ten="220,84,393,293" step="2"/><V17/><F117/><AGARI ba="1,1" hai="12,15,25,26,37,39,77,79,101,102,116,117,120,123" machi="117" ten="25,12000,2" yaku="1,1,2,1,22,2,52,2,53,0" doraHai="68" doraHaiUra="109" who="1" fromWho="2" sc="220,0,84,133,393,-123,293,0" /><INIT seed="3,0,0,2,1,2" ten="220,217,270,293" oya="3" hai0="62,114,67,59,126,89,112,124,66,104,47,130,37" hai1="41,29,80,91,109,96,53,110,118,128,44,102,27" hai2="1,56,120,28,65,64,107,30,24,82,17,115,9" hai3="72,85,123,26,81,6,23,121,35,38,100,45,77"/><W12/><G35/><T10/><D104/><N who="1" m="63559" /><E128/><V46/><F107/><W131/><G131/><T86/><D130/><U97/><E53/><V57/><F115/><N who="0" m="44074" /><D10/><U63/><E63/><N who="2" m="37991" /><F1/><W122/><G100/><T88/><D67/><U7/><E7/><V68/><F68/><W19/><G72/><T69/><D69/><U20/><E97/><V117/><F120/><W116/><G116/><T70/><D70/><U75/><E91/><N who="0" m="34889" /><D86/><U33/><E118/><V58/><F117/><W87/><G87/><T132/><D132/><U93/><E93/><V14/><F82/><W101/><G101/><T31/><D31/><N who="2" m="11818" /><F65/><W73/><G73/><T127/><D47/><U16/><E80/><V90/><F46/><W5/><REACH who="3" step="1"/><G26/><REACH who="3" ten="220,217,270,283" step="2"/><T76/><D76/><U43/><E75/><V134/><F24/><W61/><G61/><T71/><D71/><U48/><E33/><V92/><F134/><W103/><G103/><T111/><D111/><N who="1" m="42507" /><E41/><AGARI ba="0,1" hai="5,6,12,19,23,38,41,45,77,81,85,121,122,123" machi="41" ten="40,7700,0" yaku="1,1,52,2,53,0" doraHai="2" doraHaiUra="55" who="3" fromWho="1" sc="220,0,217,-77,270,0,283,87" owari="220,-18.0,140,-36.0,270,7.0,370,47.0" /></mjloggm>