<mjloggm ver="2.3"><GO type="169" lobby="0"/><UN n0="%E3%81%98%E3%82%83%E3%82%93%E3%81%90%E3%82%8B" n1="%E6%9C%AC%E7%89%A9%E5%A5%B3%E5%AD%90%E9%AB%98%E7%94%9F" n2="%E3%82%A6%E3%83%AB%E3%83%88%E3%83%A9%E7%AB%8B%E7%9B%B4" n3="%E9%87%8F%E7%94%A3%E5%9E%8B%E3%83%8D%E3%82%B3%E5%9E%8B%E3%83%AD%E3%83%9C" dan="16,17,16,16" rate="2034.53,2139.56,2026.03,2046.47" sx="M,F,M,M"/><TAIKYOKU oya="0"/><INIT seed="0,0,0,4,5,57" ten="250,250,250,250" oya="0" hai0="106,0,22,100,55,10,12,30,76,97,46,51,31" hai1="116,95,81,98,88,93,7,38,54,26,77,4,69" hai2="87,79,130,82,84,63,121,13,83,6,122,72,1" hai3="42,37,104,90,73,34,25,110,134,5,16,70,2"/><T123/><D123/><U36/><E116/><V114/><F1/><W67/><G90/><T107/><D0/><U96/><E69/><V40/><F72/><W101/><G16/><T50/><D107/><U48/><E26/><V91/><F114/><W59/><G59/><T105/><D106/><U20/><E20/><V27/><F27/><W132/><G73/><T47/><D76/><U126/><E126/><V117/><F117/><W131/><G131/><T85/><D85/><U109/><E109/><V78/><F91/><W15/><G15/><T135/><D135/><U64/><E64/><V112/><F112/><W65/><G65/><T125/><D125/><U94/><E94/><V43/><F130/><W115/><G110/><T120/><D120/><U89/><E38/><V68/><F68/><W44/><G5/><T111/><D111/><U14/><E14/><V61/><F13/><W108/><G2/><T127/><D127/><U66/><E66/><V133/><REACH who="2" step="1"/><F6/><REACH who="2" ten="250,250,240,250" step="2"/><W3/><G3/><T62/><D22/><U113/><E113/><V35/><F35/><W41/><G115/><T86/><D12/><U49/><E4/><V74/><F74/><W17/><G108/><T118/><D118/><U19/><E7/><V23/><F23/><W32/><G32/><T8/><D8/><U18/><E89/><V103/><F103/><W60/><G34/><T124/><D10/><U9/><E9/><V52/><F52/><W24/><G24/><T80/><D124/><U29/><E54/><V75/><F75/><W128/><G128/><T99/><D55/><U58/><E88/><RYUUKYOKU ba="0,1" sc="250,-10,250,-10,240,30,250,-10" hai2="40,43,61,63,78,79,82,83,84,87,121,122,133" /><INIT seed="1,1,1,5,1,42" ten="240,240,270,240" oya="1" hai0="10,104,70,27,49,73,54,31,94,130,18,20,35" hai1="128,12,28,53,22,92,40,85,6,81,56,114,32" hai2="95,121,2,29,102,110,36,103,14,21,11,119,87" hai3="60,41,34,113,118,72,101,26,3,135,112,132,71"/><U7/><E114/><N who="3" m="44138" /><G41/><T69/><D130/><U9/><E128/><V133/><F2/><W105/><G72/><T25/><D104/><U74/><E74/><V78/><F36/><W77/><G77/><T97/><D73/><U62/><E32/><V80/><F121/><W115/><G115/><T33/><D10/><U106/><E106/><V90/><F133/><N who="3" m="51275" /><G118/><T91/><D35/><U13/><E40/><V57/><F110/><W66/><G3/><T107/><D107/><U86/><E92/><V64/><F119/><W100/><G105/><T4/><D4/><U109/><E109/><V65/><F65/><W124/><G124/><T123/><D123/><U120/><E120/><V76/><F76/><W117/><G117/><T15/><D27/><N who="1" m="16503" /><E81/><V96/><F64/><W45/><G45/><AGARI ba="1,1" hai="15,18,20,25,31,33,45,49,54,69,70,91,94,97" machi="45" ten="30,2000,0" yaku="7,1,52,1" doraHai="42" who="0" fromWho="3" sc="240,33,240,0,270,0,240,-23" /><INIT seed="2,0,0,4,2,10" ten="273,240,270,217" oya="2" hai0="37,3,0,84,83,104,94,116,23,48,73,49,53" hai1="19,60,27,86,8,9,1,55,2,132,78,110,39" hai2="56,100,14,120,88,113,71,11,77,47,43,62,68" hai3="50,13,7,36,74,103,98,31,52,93,67,6,91"/><V26/><F120/><W80/><G36/><T30/><D104/><U131/><E39/><V22/><F100/><W25/><G67/><T72/><D37/><U54/><E110/><V40/><F77/><W122/><G122/><T96/><D116/><U59/><E131/><V29/><F113/><W121/><G121/><T128/><D128/><U16/><E132/><V38/><F43/><W92/><G74/><T125/><D125/><U58/><E78/><V66/><REACH who="2" step="1"/><F88/><REACH who="2" ten="273,240,260,217" step="2"/><W44/><G80/><T5/><D73/><U15/><E86/><V108/><F108/><W42/><G42/><T61/><D72/><U124/><E124/><V119/><F119/><W126/><G126/><T123/><D84/><U90/><E90/><V4/><AGARI ba="0,1" hai="4,11,14,22,26,29,38,40,47,56,62,66,68,71" machi="4" ten="20,12000,1" yaku="1,1,0,1,7,1,52,1,53,1" doraHai="10" doraHaiUra="17" who="2" fromWho="2" sc="273,-40,240,-40,260,130,217,-40" /><INIT seed="2,1,0,1,5,32" ten="233,200,390,177" oya="2" hai0="53,8,107,113,67,6,39,101,50,126,49,93,11" hai1="2,66,74,35,125,41,96,75,18,63,19,14,27" hai2="12,57,44,103,112,133,82,83,111,116,120,47,94" hai3="88,121,26,134,4,45,5,21,28,68,106,129,91"/><V69/><F69/><W51/><G121/><T1/><D39/><U33/><E125/><V132/><F120/><W73/><G73/><T130/><D107/><U15/><E41/><V25/><F116/><W77/><G106/><T110/><D126/><U43/><E43/><V84/><F112/><W95/><G77/><T54/><D113/><U0/><E96/><N who="2" m="59799" /><F57/><W124/><G124/><T119/><D67/><U40/><E40/><V59/><F59/><W56/><G68/><T109/><D119/><U65/><E27/><V31/><F12/><W7/><G134/><N who="2" m="51817" /><F83/><W20/><G56/><T34/><D34/><U108/><E108/><V10/><F10/><W9/><G21/><T3/><D130/><U36/><REACH who="1" step="1"/><E63/><REACH who="1" ten="233,190,390,177" step="2"/><V70/><F111/><W117/><G129/><T102/><D6/><U76/><E76/><N who="2" m="46151" /><F70/><W115/><G117/><T60/><D60/><U78/><E78/><V62/><F62/><W123/><G115/><T38/><D38/><AGARI ba="1,1" hai="0,2,14,15,18,19,33,35,36,38,65,66,74,75" machi="38" ten="25,8000,1" yaku="1,1,22,2,52,2,53,0" doraHai="32" doraHaiUra="86" who="1" fromWho="0" sc="233,-83,190,93,390,0,177,0" /><INIT seed="3,0,0,0,3,25" ten="150,283,390,177" oya="3" hai0="119,21,19,23,50,38,107,129,68,113,97,93,98" hai1="70,81,65,7,1,53,66,128,85,108,94,126,102" hai2="122,83,60,29,41,28,22,89,133,26,57,33,88" hai3="114,31,24,8,63,135,54,64,99,11,36,92,109"/><W76/><G114/><T34/><D68/><U59/><E1/><V46/><F122/><W0/><G36/><T112/><D38/><U55/><E7/><V32/><F133/><W77/><G135/><T15/><D34/><U62/><E108/><V61/><F61/><W82/><G109/><T17/><D119/><U5/><E5/><V35/><F83/><W48/><G0/><T100/><D129/><U56/><E128/><V111/><F111/><W9/><G82/><T10/><D50/><U132/><E126/><V49/><REACH who="2" step="1"/><F29/><REACH who="2" ten="150,283,380,177" step="2"/><W79/><G63/><T121/><D112/><U117/><E132/><V72/><F72/><W78/><G64/><AGARI ba="0,1" hai="22,26,28,32,33,35,41,46,49,57,60,64,88,89" machi="64" ten="40,12000,2" yaku="1,1,52,1,54,1,53,3" doraHai="25" doraHaiUra="30" who="2" fromWho="3" sc="150,0,283,0,380,130,177,-120" /><INIT seed="4,0,0,5,3,15" ten="150,283,510,57" oya="0" hai0="49,26,123,102,32,40,12,126,135,25,72,95,30" hai1="97,55,51,119,128,65,133,91,121,130,81,71,31" hai2="125,103,53,89,68,66,127,104,16,38,122,118,45" hai3="76,34,63,18,78,90,6,17,93,41,54,13,99"/><T24/><D123/><U37/><E37/><V80/><F103/><W131/><G131/><N who="1" m="50218" /><E119/><V57/><F104/><W22/><G34/><T60/><D135/><U117/><E31/><V1/><F1/><W124/><G124/><T62/><D126/><N who="2" m="48138" /><F66/><W120/><G120/><T0/><D0/><U129/><E129/><V107/><F68/><W2/><G41/><T47/><D72/><U132/><E117/><V61/><F107/><W52/><G2/><T134/><D134/><N who="1" m="51819" /><E121/><V14/><F118/><W44/><G6/><T82/><D82/><U8/><E8/><N who="2" m="6215" /><F122/><W79/><G44/><T35/><D35/><U42/><E42/><N who="2" m="22743" /><F89/><W73/><G73/><T19/><D32/><U100/><E65/><V21/><F21/><N who="3" m="11439" /><G63/><T64/><D30/><U28/><E71/><V74/><F74/><W85/><G85/><T96/><D64/><U20/><E28/><V115/><F80/><W109/><G109/><T5/><D5/><U36/><E20/><AGARI ba="0,0" hai="12,19,20,24,25,26,40,47,49,60,62,95,96,102" machi="20" ten="40,3900,0" yaku="8,1,52,1" doraHai="15" who="0" fromWho="1" sc="150,39,283,-39,510,0,57,0" /><INIT seed="4,1,0,3,1,49" ten="189,244,510,57" oya="0" hai0="122,31,67,80,109,99,28,131,52,7,8,100,63" hai1="39,90,107,119,35,10,30,105,85,54,79,37,11" hai2="124,53,13,84,83,78,2,25,101,65,77,116,92" hai3="51,96,21,48,111,69,125,87,81,5,82,112,58"/><T114/><D114/><U126/><E119/><V18/><F2/><W34/><G34/><T14/><D122/><U19/><E79/><V9/><F124/><W70/><G125/><T94/><D131/><U24/><E126/><V129/><F129/><W88/><G112/><T20/><D109/><U102/><E37/><V106/><F106/><W56/><G111/><T50/><D20/><U68/><E39/><V91/><F65/><W55/><G5/><T110/><D80/><U95/><E68/><V15/><F116/><W0/><G0/><T6/><D6/><U121/><E121/><V130/><F130/><W97/><G21/><T73/><D73/><U118/><E118/><V1/><F1/><W32/><G32/><T132/><D132/><U61/><E102/><V72/><F25/><W76/><G70/><T66/><D110/><U17/><E10/><V89/><F101/><W115/><G69/><T59/><REACH who="0" step="1"/><D66/><REACH who="0" ten="179,244,510,57" step="2"/><U47/><E11/><V43/><F72/><W29/><G115/><T117/><D117/><U93/><E35/><V57/><F9/><W46/><G29/><T16/><D16/><U40/><E19/><V12/><F18/><W135/><G135/><T74/><D74/><U42/><E17/><V75/><F75/><W23/><G23/><T3/><D3/><U71/><E30/><V45/><F83/><W41/><G82/><T4/><D4/><U120/><E120/><V33/><F33/><W127/><G127/><T38/><D38/><U86/><E24/><V98/><F12/><W60/><G76/><T134/><D134/><U62/><E90/><RYUUKYOKU ba="1,1" sc="179,15,244,-15,510,-15,57,15" hai0="7,8,14,28,31,50,52,59,63,67,94,99,100" hai3="41,46,48,51,55,56,58,60,81,87,88,96,97" /><INIT seed="4,2,1,4,5,97" ten="194,229,495,72" oya="0" hai0="111,57,55,102,5,34,113,43,12,52,132,135,17" hai1="64,88,70,48,36,127,84,86,119,80,40,47,59" hai2="33,28,121,39,11,8,13,130,91,87,14,131,93" hai3="95,31,126,106,18,53,65,60,41,7,129,77,123"/><T94/><D111/><U117/><E127/><V20/><F39/><W124/><G123/><T120/><D34/><U103/><E103/><V69/><F69/><W99/><G106/><T82/><D120/><U98/><E98/><V108/><F33/><W112/><G7/><T49/><D82/><U78/><E70/><V46/><F46/><W23/><G31/><T67/><D5/><U72/><E72/><V62/><F62/><W107/><G107/><T73/><D73/><U74/><E84/><V58/><F58/><W61/><G77/><T125/><D125/><N who="3" m="48233" /><G41/><T63/><D43/><U22/><E22/><V109/><F121/><W25/><G112/><T56/><D67/><U9/><E9/><V44/><F20/><W79/><G79/><T114/><D114/><U76/><E76/><V38/><F38/><W89/><G129/><T50/><D63/><N who="3" m="24137" /><G53/><T104/><D113/><U105/><E105/><V0/><F87/><W51/><G51/><T71/><D104/><U26/><E64/><AGARI ba="2,1" hai="18,23,25,64,65,89,95,99" m="24137,48233" machi="64" ten="30,1000,0" yaku="18,1" doraHai="97" who="3" fromWho="1" sc="194,0,229,-16,495,0,72,26" /><INIT seed="5,0,0,2,5,126" ten="194,213,495,98" oya="1" hai0="81,115,69,26,119,132,124,64,106,71,34,131,24" hai1="35,44,87,125,98,110,4,47,61,104,68,134,62" hai2="86,56,103,63,36,84,66,30,0,40,32,76,3" hai3="48,9,51,75,107,21,135,70,42,11,67,93,38"/><U92/><E35/><V118/><F118/><W37/><G21/><T46/><D119/><U120/><E120/><V12/><F30/><W74/><G67/><T95/><D106/><U49/><E125/><V72/><F32/><W129/><G93/><T16/><D34/><U113/><E113/><V109/><F72/><W121/><G121/><T28/><D115/><U116/><E116/><V122/><F109/><W25/><G25/><T27/><D28/><U128/><E104/><V88/><F103/><W79/><G107/><T99/><D124/><U8/><E110/><V2/><F40/><W1/><G1/><T94/><D81/><U14/><E134/><V17/><F36/><W127/><G79/><T5/><D5/><U111/><E111/><V83/><F3/><W6/><G127/><T65/><D132/><U20/><E68/><V53/><F66/><W52/><G135/><T50/><D71/><U108/><E108/><V117/><F117/><W57/><G70/><T97/><D69/><U89/><E20/><V13/><F13/><W10/><G6/><T7/><D7/><U19/><E4/><V133/><F133/><W130/><G38/><T45/><D27/><U114/><E114/><V102/><F122/><W91/><G37/><T54/><D50/><U100/><E44/><V80/><F102/><W58/><G91/><T77/><D77/><U123/><E123/><V33/><F33/><W43/><G9/><AGARI ba="0,0" hai="0,2,9,12,17,53,56,63,76,80,83,84,86,88" machi="9" ten="30,2000,0" yaku="7,1,54,1" doraHai="126" who="2" fromWho="3" sc="194,0,213,0,495,20,98,-20" /><INIT seed="6,0,0,4,3,30" ten="194,213,515,78" oya="2" hai0="75,109,20,52,27,119,74,101,121,28,16,29,26" hai1="21,102,65,39,62,81,105,49,25,83,8,122,86" hai2="116,11,114,69,90,46,60,96,82,88,78,23,3" hai3="7,135,89,133,63,107,50,35,45,131,59,44,130"/><V19/><F116/><W113/><G7/><T85/><D119/><U71/><E39/><V84/><F114/><W54/><G107/><T112/><D109/><U97/><E122/><V22/><F22/><W98/><G98/><T91/><D112/><U40/><E8/><V67/><F96/><W99/><G99/><T18/><D101/><U32/><E86/><V61/><F61/><W53/><G89/><T56/><D75/><U2/><E2/><V6/><REACH who="2" step="1"/><F46/><REACH who="2" ten="194,213,505,78" step="2"/><W48/><G113/><T17/><D121/><U14/><E21/><V126/><F126/><W118/><G118/><T87/><D20/><U57/><E97/><V117/><F117/><W103/><G103/><T93/><D74/><U13/><E102/><V4/><F4/><W110/><G35/><T58/><D85/><U115/><E32/><V47/><F47/><W94/><G110/><T100/><D100/><U42/><E62/><V37/><F37/><W79/><G79/><T1/><D27/><AGARI ba="0,1" hai="3,6,11,19,23,27,60,67,69,78,82,84,88,90" machi="27" ten="30,5800,0" yaku="1,1,7,1,54,1,53,0" doraHai="30" doraHaiUra="125" who="2" fromWho="0" sc="194,-58,213,0,505,68,78,0" /><INIT seed="6,1,0,0,5,121" ten="136,213,573,78" oya="2" hai0="19,120,131,70,61,72,86,108,134,114,1,4,62" hai1="5,118,27,110,73,2,30,48,79,81,41,80,23" hai2="135,12,106,102,50,11,75,29,92,43,69,88,85" hai3="78,31,7,97,133,127,68,39,132,60,54,25,76"/><V28/><F69/><W82/><G39/><T58/><D72/><U17/><E118/><V104/><F75/><W0/><G127/><T20/><D70/><U101/><E101/><V95/><F135/><W40/><G40/><T112/><D120/><U124/><E124/><V71/><F71/><W126/><G126/><T84/><D134/><U130/><E130/><V96/><F106/><W6/><G97/><T103/><D131/><U22/><E81/><V65/><F65/><W9/><G7/><T34/><D103/><U94/><E94/><V129/><F104/><W125/><G76/><T77/><D34/><U74/><E74/><V38/><F38/><W128/><G128/><T123/><D77/><U59/><E110/><V33/><F33/><W107/><G107/><T89/><D108/><U32/><E23/><V64/><F64/><W49/><G68/><T99/><D99/><U113/><E113/><V52/><F43/><W44/><G60/><T119/><D62/><U56/><E41/><V90/><F102/><W117/><G117/><T10/><D119/><U91/><E48/><V45/><F129/><W51/><G51/><T63/><D123/><U47/><E91/><V13/><F13/><W83/><G83/><T37/><D63/><U93/><E93/><V116/><F116/><W98/><G98/><T16/><D37/><U18/><E73/><V55/><F55/><W3/><G3/><T24/><D19/><AGARI ba="1,0" hai="11,12,19,28,29,45,50,52,85,88,90,92,95,96" machi="19" ten="30,11600,0" yaku="7,1,8,1,54,2" doraHai="121" who="2" fromWho="0" sc="136,-119,213,0,573,119,78,0" /><INIT seed="6,2,0,4,1,60" ten="17,213,692,78" oya="2" hai0="125,41,51,134,62,17,127,81,38,32,30,16,50" hai1="34,124,56,68,99,115,118,96,39,43,104,117,129" hai2="119,53,64,109,122,130,67,24,133,128,111,8,1" hai3="78,29,40,135,100,79,92,65,26,28,19,36,52"/><V89/><F24/><W80/><G135/><T94/><D134/><U120/><E56/><V18/><F133/><W87/><G78/><T7/><D7/><U91/><E43/><V44/><F122/><W106/><G106/><T54/><D81/><U2/><E91/><V73/><F73/><W110/><G110/><N who="2" m="41993" /><F119/><W37/><G19/><T76/><D76/><U59/><E59/><V90/><F18/><W9/><G9/><T105/><D105/><U10/><E10/><V55/><F8/><W108/><G108/><T82/><D82/><U97/><E104/><V63/><F1/><W123/><G123/><T61/><D38/><U5/><E97/><V57/><F90/><W35/><G28/><T21/><D32/><U27/><E27/><V47/><F89/><W88/><G100/><T23/><D30/><U116/><E96/><V77/><F77/><W15/><G15/><T75/><D75/><U112/><E99/><V71/><F71/><W70/><G80/><T113/><D94/><U98/><E98/><V58/><F47/><W22/><G79/><T126/><D113/><U84/><E120/><V20/><F20/><W25/><G25/><T132/><D132/><U49/><E115/><V46/><F46/><N who="3" m="23815" /><G35/><T107/><D107/><U121/><E112/><V114/><F44/><W101/><G101/><T45/><D23/><U33/><E121/><V86/><F86/><W85/><G87/><T0/><D0/><U83/><E84/><V103/><F103/><W74/><G74/><T31/><D31/><U95/><E117/><V48/><F114/><W69/><G85/><RYUUKYOKU ba="2,0" sc="17,-10,213,-10,692,30,78,-10" hai2="48,53,55,57,58,63,64,67,128,130" /><INIT seed="6,3,0,1,1,92" ten="7,203,722,68" oya="2" hai0="62,103,129,11,46,51,60,126,89,87,131,85,27" hai1="57,132,86,84,54,102,4,119,6,3,112,90,59" hai2="78,39,105,107,127,30,109,0,38,2,16,31,17" hai3="128,93,18,100,117,130,64,98,24,110,114,122,80"/><V134/><F78/><W14/><G64/><T35/><D103/><U104/><E119/><V63/><F63/><W81/><G117/><T34/><D126/><U50/><E132/><V20/><F20/><W55/><G122/><T26/><D11/><U58/><E112/><V10/><F10/><W23/><G114/><T41/><D89/><U70/><E70/><V73/><F73/><W44/><G110/><T82/><D51/><U79/><E3/><V37/><F127/><W95/><G95/><T113/><D113/><U29/><E29/><V115/><F115/><W32/><G32/><T8/><D8/><U91/><E79/><V88/><F88/><N who="1" m="33833" /><E102/><V66/><F66/><W99/><G14/><T68/><D41/><U43/><E43/><V49/><F49/><N who="3" m="29095" /><G99/><T120/><D46/><N who="1" m="27991" /><E104/><V12/><F12/><W61/><G61/><T7/><D120/><U94/><E94/><V13/><F13/><W67/><G67/><T25/><D25/><U118/><E118/><V83/><F83/><W116/><G116/><T69/><D82/><U106/><E106/><V96/><F38/><W75/><G75/><T77/><D77/><U65/><E65/><V48/><F48/><W42/><G42/><T74/><D74/><U101/><E101/><V123/><F123/><W33/><G33/><T19/><D19/><U52/><E52/><V9/><F9/><W71/><G71/><T15/><D15/><U124/><E124/><V22/><F109/><W45/><G45/><T36/><D36/><U125/><E125/><V76/><F39/><W56/><G56/><T135/><D135/><RYUUKYOKU ba="3,0" sc="7,10,203,10,722,-30,68,10" hai0="7,26,27,34,35,60,62,68,69,85,87,129,131" hai1="4,6,57,58,59,84,86" hai3="18,23,24,80,81,93,98,100,128,130" /><INIT seed="7,4,0,3,5,3" ten="17,213,692,78" oya="3" hai0="14,126,122,83,2,91,127,108,29,109,78,45,68" hai1="61,17,69,87,130,121,100,12,112,16,98,60,65" hai2="36,63,92,37,56,0,133,33,54,105,81,1,43" hai3="13,32,10,75,123,6,19,77,30,5,8,131,132"/><W82/><G123/><T124/><D68/><U84/><E121/><V97/><F105/><W52/><G132/><T106/><D122/><U96/><E112/><V39/><F33/><W76/><G131/><T116/><D2/><U85/><E130/><V99/><F43/><W95/><G77/><T94/><D29/><U27/><E61/><V26/><F133/><W107/><G107/><T4/><D116/><U111/><E111/><V89/><F81/><W48/><G95/><T114/><D106/><U50/><E50/><V118/><F118/><W66/><G66/><T21/><D21/><U23/><REACH who="1" step="1"/><E100/><REACH who="1" ten="17,203,692,78" step="2"/><V49/><F49/><W93/><G48/><T62/><D62/><U38/><E38/><V115/><F115/><W120/><G120/><T22/><D114/><U74/><E74/><V125/><F125/><W64/><G64/><T46/><D109/><U110/><E110/><V11/><F11/><AGARI ba="4,1" hai="11,12,16,17,23,27,60,65,69,84,85,87,96,98" machi="11" ten="40,2600,0" yaku="1,1,54,1,53,0" doraHai="3" doraHaiUra="47" who="1" fromWho="2" sc="17,0,203,48,692,-38,78,0" owari="17,-48.0,251,5.0,654,75.0,78,-32.0" /></mjloggm>