<mjloggm ver="2.3"><GO type="97" lobby="0"/><UN n0="%E3%82%A6%E3%83%AB%E3%83%88%E3%83%A9%E7%AB%8B%E7%9B%B4" n1="%E3%83%B4%E3%83%A0%EF%BC%99%E3%81%A6" n2="%E3%83%96%E3%83%B3%E3%82%AC%E3%82%AF" n3="%44%72%E2%98%85%E3%82%A4%E3%83%81%E3%82%AC%E3%82%AD" dan="15,16,16,14" rate="1996.41,2048.82,2072.64,1939.51" sx="M,M,M,M"/><TAIKYOKU oya="0"/><INIT seed="0,0,0,3,2,93" ten="250,250,250,250" oya="0" hai0="9,119,26,13,16,94,45,12,69,43,10,134,36" hai1="90,76,57,95,72,125,50,107,91,19,30,25,35" hai2="2,27,59,123,129,71,122,124,114,42,75,108,22" hai3="44,89,66,21,85,106,81,112,61,96,29,101,7"/><T67/><D134/><U103/><E125/><V113/><F42/><W3/><G112/><N who="2" m="43113" /><F59/><W63/><G66/><T83/><D119/><U120/><E120/><N who="2" m="46123" /><F75/><W48/><G7/><T131/><D131/><U49/><E57/><V56/><F56/><W38/><G3/><T14/><D94/><U23/><E90/><V8/><F129/><W115/><G38/><T40/><D40/><U39/><E39/><V116/><F71/><W98/><G115/><T62/><D83/><N who="1" m="45447" /><E35/><V82/><F82/><W80/><G80/><T104/><D104/><U60/><E30/><N who="2" m="17783" /><F108/><W105/><G105/><T118/><D118/><U102/><E60/><V84/><F84/><W4/><G106/><T65/><D65/><U0/><E102/><V6/><F124/><W111/><G101/><T79/><D79/><U78/><E78/><V87/><F87/><W99/><G4/><T97/><D97/><U128/><E128/><V68/><F68/><W47/><G47/><T37/><D37/><U132/><E103/><V33/><F33/><W86/><G86/><T135/><D135/><U46/><E132/><V55/><F55/><N who="3" m="30087" /><G111/><T32/><REACH who="0" step="1"/><D32/><REACH who="0" ten="240,250,250,250" step="2"/><U18/><E107/><V100/><F100/><W58/><G58/><T41/><D41/><U15/><E95/><V133/><F133/><W20/><G29/><T73/><D73/><U110/><E110/><V130/><F130/><W17/><G20/><AGARI ba="0,1" hai="9,10,12,13,14,16,20,26,36,43,45,62,67,69" machi="20" ten="40,3900,0" yaku="1,1,54,1,53,0" doraHai="93" doraHaiUra="117" who="0" fromWho="3" sc="240,49,250,0,250,0,250,-39" /><INIT seed="0,1,0,2,0,17" ten="289,250,250,211" oya="0" hai0="23,15,63,80,42,110,92,134,19,108,30,89,61" hai1="96,21,82,109,121,53,37,70,2,66,68,101,38" hai2="125,102,49,64,71,18,119,11,26,43,51,0,130" hai3="50,27,112,40,93,114,12,76,57,22,129,52,48"/><T36/><D80/><U29/><E121/><V9/><F71/><W115/><G129/><T62/><D30/><U60/><E2/><V28/><F130/><W31/><G76/><T91/><D134/><U78/><E68/><V34/><F125/><W8/><G93/><T87/><D42/><U85/><E53/><V88/><F102/><W46/><REACH who="3" step="1"/><G115/><REACH who="3" ten="289,250,250,201" step="2"/><T14/><D91/><U73/><E109/><N who="0" m="42089" /><D36/><U84/><E37/><V118/><F64/><W116/><G116/><T127/><D127/><U79/><E38/><V77/><F77/><W47/><G47/><T86/><D86/><U98/><E78/><V132/><F119/><W59/><G59/><T135/><D135/><U111/><E111/><V69/><F132/><W113/><G113/><T107/><D107/><U33/><E84/><V90/><F118/><W99/><G99/><T45/><D45/><U44/><E44/><V131/><F69/><W7/><AGARI ba="1,1" hai="7,8,12,22,27,31,40,46,48,50,52,57,112,114" machi="7" ten="20,8000,1" yaku="1,1,0,1,7,1,52,1,54,1,53,0" doraHai="17" doraHaiUra="117" who="3" fromWho="3" sc="289,-41,250,-21,250,-21,201,93" /><INIT seed="1,0,0,1,0,78" ten="248,229,229,294" oya="1" hai0="86,79,19,127,109,39,125,104,24,52,132,12,83" hai1="123,60,131,13,69,124,112,5,92,121,71,11,31" hai2="65,118,0,53,6,89,76,72,75,34,128,47,103" hai3="68,106,117,57,20,7,46,134,59,119,111,41,4"/><U18/><E112/><V126/><F118/><N who="3" m="45067" /><G111/><T58/><D39/><U35/><E124/><N who="0" m="47689" /><D104/><U8/><E131/><V122/><F34/><W26/><G68/><T3/><D3/><U61/><E69/><V17/><F126/><W45/><G106/><T108/><D24/><U77/><E77/><V16/><F65/><W56/><G134/><T88/><D132/><U129/><E129/><V93/><F128/><W67/><G67/><T114/><D114/><U90/><E71/><V91/><F6/><N who="3" m="2091" /><G41/><T55/><D79/><U73/><E123/><V113/><F76/><W135/><G135/><T105/><D105/><U50/><E73/><V21/><F0/><W36/><G36/><T32/><D32/><U10/><E121/><V30/><F113/><W44/><G44/><T37/><D37/><U29/><E35/><V25/><F122/><W64/><G64/><T74/><D74/><U14/><E5/><V70/><F70/><W102/><G102/><T43/><D43/><U27/><E27/><V66/><F66/><W130/><G130/><T95/><D95/><U63/><E13/><V94/><F75/><W85/><G85/><T116/><D116/><U110/><E92/><N who="2" m="35435" /><F103/><W96/><G96/><T87/><D87/><U81/><E14/><V15/><F72/><W38/><G38/><T101/><D101/><U62/><E110/><N who="0" m="42601" /><D58/><U99/><E99/><V120/><F120/><W28/><AGARI ba="0,0" hai="20,26,28,45,46,56,57,59" m="2091,45067" machi="28" ten="40,1500,0" yaku="12,1" doraHai="78" who="3" fromWho="3" sc="248,-4,229,-7,229,-4,294,15" /><INIT seed="2,0,0,3,1,81" ten="244,222,225,309" oya="2" hai0="10,89,108,133,39,15,36,105,92,87,54,53,130" hai1="40,45,47,118,135,113,91,48,69,14,84,109,49" hai2="106,18,29,132,42,56,7,66,8,124,20,64,127" hai3="19,95,11,128,55,58,16,115,32,73,70,59,27"/><V122/><F106/><W4/><G70/><T134/><D105/><U60/><E113/><V52/><F122/><W102/><G73/><T98/><D130/><U86/><E118/><V57/><F42/><W129/><G115/><T0/><D0/><U107/><E107/><V99/><F29/><N who="3" m="19519" /><G102/><T83/><D108/><U26/><E109/><V63/><F99/><W62/><G59/><T12/><D12/><U30/><E135/><N who="0" m="51721" /><D39/><U34/><E91/><V74/><F74/><W13/><G95/><T101/><D36/><U94/><E94/><V72/><F72/><W121/><G121/><T104/><D104/><U114/><E14/><N who="2" m="9303" /><F132/><W6/><G6/><AGARI ba="0,0" hai="6,10,15,53,54,83,87,89,92,98,101" m="51721" machi="6" ten="30,2000,0" yaku="20,1,52,1" doraHai="81" who="0" fromWho="3" sc="244,20,222,0,225,0,309,-20" /><INIT seed="3,0,0,3,0,11" ten="264,222,225,289" oya="3" hai0="127,58,22,65,47,118,26,132,28,29,7,130,12" hai1="4,23,15,18,64,74,61,135,128,97,133,134,124" hai2="123,129,63,110,60,119,78,99,19,31,117,73,92" hai3="108,21,66,2,113,3,37,103,131,41,88,82,34"/><W16/><G34/><T25/><D118/><U45/><E74/><V24/><F110/><W75/><G113/><T109/><D109/><U90/><E124/><V30/><F129/><W112/><G112/><T87/><D127/><U93/><E128/><V27/><F123/><W122/><G122/><T38/><D130/><U96/><E45/><V115/><F115/><W8/><G108/><T105/><D105/><U42/><E42/><V72/><F78/><W89/><G131/><T104/><D104/><U49/><E49/><V6/><F99/><W46/><G66/><T1/><D1/><U111/><E111/><V69/><F92/><W51/><G103/><T33/><D132/><U13/><E96/><V121/><F121/><W85/><G51/><T120/><D120/><U56/><E4/><V54/><F6/><N who="3" m="1111" /><G85/><T5/><D87/><U57/><REACH who="1" step="1"/><E13/><REACH who="1" ten="264,212,225,289" step="2"/><V35/><F69/><AGARI ba="0,1" hai="15,18,23,56,57,61,64,69,90,93,97,133,134,135" machi="69" ten="40,8000,1" yaku="1,1,2,1,20,1,52,1,53,0" doraHai="11" doraHaiUra="101" who="1" fromWho="2" sc="264,0,212,90,225,-80,289,0" owari="264,-14.0,302,40.0,145,-35.0,289,9.0" /></mjloggm>