<mjloggm ver="2.3"><GO type="169" lobby="0"/><UN n0="%E3%82%A2%E3%83%95%E3%83%AA%E3%82%AB" n1="%46%55%4A%49%4F" n2="%EF%BC%88%E2%89%A7%E2%96%BD%E2%89%A6%EF%BC%89" n3="%E5%88%BB%E5%AD%90%E5%B8%82%E6%B0%91" dan="16,16,19,18" rate="2045.73,2055.53,2315.94,2225.15" sx="M,M,M,M"/><TAIKYOKU oya="0"/><INIT seed="0,0,0,3,5,103" ten="250,250,250,250" oya="0" hai0="5,14,117,72,20,59,57,35,55,51,122,108,123" hai1="130,63,54,89,13,91,2,75,111,71,101,12,73" hai2="65,53,22,120,41,125,106,18,78,133,46,11,30" hai3="100,45,69,1,49,115,99,33,132,96,40,118,19"/><T102/><D35/><U47/><E2/><V77/><F120/><W107/><G118/><T76/><D117/><U85/><E111/><V37/><F65/><W126/><G115/><T7/><D108/><U94/><E130/><V60/><F133/><W82/><G132/><T56/><D102/><U81/><E101/><V79/><F125/><W31/><G126/><T10/><D7/><U8/><E13/><V39/><F39/><W74/><G1/><T48/><D48/><U97/><E71/><V84/><F11/><W112/><G112/><T36/><D36/><U29/><E29/><V58/><F30/><W114/><G114/><T42/><D42/><U61/><E63/><V113/><F113/><W70/><G19/><T95/><D95/><U127/><E127/><V135/><F135/><W0/><G0/><T87/><D72/><U50/><E61/><V90/><F106/><W110/><G99/><T38/><D38/><U52/><REACH who="1" step="1"/><E54/><REACH who="1" ten="250,240,250,250" step="2"/><V83/><F60/><W86/><G110/><T68/><D68/><U44/><E44/><V9/><F53/><W88/><REACH who="3" step="1"/><G74/><REACH who="3" ten="250,240,250,240" step="2"/><T28/><D123/><U98/><E98/><V24/><F46/><W66/><G66/><T134/><D122/><U32/><E32/><V6/><F41/><W43/><G43/><T124/><D124/><U119/><E119/><V104/><F58/><W67/><G67/><T17/><D134/><U131/><E131/><V3/><F37/><W62/><G62/><T105/><D59/><U4/><AGARI ba="0,2" hai="4,8,12,47,50,52,73,75,81,85,89,91,94,97" machi="4" ten="20,5200,0" yaku="1,1,0,1,7,1,54,1,53,0" doraHai="103" doraHaiUra="109" who="1" fromWho="1" sc="250,-26,240,72,250,-13,240,-13" /><INIT seed="1,0,0,5,4,43" ten="224,312,237,227" oya="1" hai0="11,22,90,135,108,91,5,50,2,61,69,121,120" hai1="17,115,49,44,20,31,85,9,3,75,96,129,58" hai2="112,8,98,104,28,52,23,125,53,73,123,32,76" hai3="89,106,109,10,19,27,101,119,45,64,83,26,94"/><U63/><E115/><V82/><F123/><N who="0" m="47178" /><D108/><U47/><E75/><V133/><F112/><W65/><G106/><T68/><D135/><U110/><E110/><V67/><F133/><W24/><G119/><T93/><D22/><U131/><E31/><V111/><F111/><W103/><G109/><T39/><D39/><U81/><E96/><V40/><F32/><W134/><G134/><T12/><D50/><U13/><E3/><V70/><F125/><W0/><G0/><T37/><D37/><U35/><E35/><V15/><F23/><W42/><G83/><T97/><D2/><U77/><E20/><V25/><F25/><W16/><G64/><N who="0" m="40975" /><D69/><U18/><E18/><N who="3" m="6698" /><G65/><T59/><D59/><U79/><E77/><V74/><F76/><W127/><G10/><T117/><D117/><U126/><E126/><V122/><F8/><W72/><G72/><T60/><D60/><U29/><E29/><V57/><F28/><W132/><G132/><T95/><D95/><U130/><E49/><V128/><F73/><W87/><G127/><T92/><D92/><U48/><E48/><AGARI ba="0,0" hai="24,26,27,42,45,48,87,89,94,101,103" m="6698" machi="48" ten="30,3900,0" yaku="8,1,52,1,54,1" doraHai="43" who="3" fromWho="1" sc="224,0,312,-39,237,0,227,39" /><INIT seed="2,0,0,0,2,79" ten="224,273,237,266" oya="2" hai0="66,7,13,129,36,119,135,15,111,115,132,2,86" hai1="114,110,45,94,130,6,117,84,73,53,40,113,99" hai2="10,54,19,60,43,5,82,78,122,50,55,77,123" hai3="52,46,17,67,58,8,105,106,69,38,83,133,11"/><V9/><F19/><W65/><G133/><N who="0" m="51275" /><D36/><U48/><E117/><V22/><F22/><W49/><G105/><T57/><D119/><U1/><E110/><V39/><F39/><W91/><G106/><T12/><D111/><U93/><E73/><V103/><F103/><W61/><G17/><T18/><D115/><U70/><E70/><V28/><F28/><W90/><G67/><T81/><D129/><U4/><E130/><V34/><F34/><W56/><G56/><T30/><D30/><U97/><E40/><V42/><F5/><W89/><G83/><T25/><D25/><U95/><E84/><V109/><F109/><W26/><G26/><T35/><D35/><U131/><E131/><V102/><F102/><W107/><G107/><T37/><D37/><U120/><E120/><V127/><F60/><W71/><G71/><T101/><D101/><U126/><E126/><V51/><REACH who="2" step="1"/><F82/><REACH who="2" ten="224,273,227,266" step="2"/><W112/><G112/><T27/><D7/><U98/><E114/><V0/><F0/><W121/><G121/><T33/><D2/><U76/><E113/><V20/><F20/><W41/><AGARI ba="0,1" hai="8,11,38,41,46,49,52,58,61,65,69,89,90,91" machi="41" ten="30,7900,0" yaku="0,1,24,2,54,1" doraHai="79" who="3" fromWho="3" sc="224,-20,273,-20,227,-39,266,89" /><INIT seed="3,0,0,5,0,99" ten="204,253,188,355" oya="3" hai0="4,69,101,58,95,27,133,23,75,74,88,22,24" hai1="129,125,57,50,15,83,19,62,28,70,12,38,18" hai2="104,90,14,86,65,1,114,105,89,40,68,33,2" hai3="120,29,63,20,66,0,71,77,109,130,37,42,111"/><W102/><G0/><T59/><D69/><U6/><E38/><V76/><F114/><W100/><G77/><T61/><D4/><U93/><E129/><V79/><F33/><W112/><G120/><T56/><D133/><U25/><E125/><V84/><F40/><W26/><G112/><T30/><D101/><U108/><E108/><N who="3" m="41546" /><G130/><T7/><D7/><U135/><E135/><V8/><F65/><W73/><G73/><T96/><REACH who="0" step="1"/><D61/><REACH who="0" ten="194,253,188,355" step="2"/><U11/><E70/><V85/><F68/><W82/><G82/><T21/><D21/><U122/><E122/><V98/><F2/><W35/><G35/><T81/><D81/><U110/><E110/><V115/><F1/><W119/><G119/><T39/><D39/><U118/><E118/><V124/><F115/><W16/><G29/><AGARI ba="0,1" hai="22,23,24,27,29,30,56,58,59,74,75,88,95,96" machi="29" ten="40,5200,0" yaku="1,1,9,1,54,1,53,0" doraHai="99" doraHaiUra="80" who="0" fromWho="3" sc="194,62,253,0,188,0,355,-52" /><INIT seed="4,0,0,1,5,126" ten="256,253,188,303" oya="0" hai0="21,27,39,35,44,48,38,123,11,131,114,85,5" hai1="92,13,46,37,15,94,108,66,16,32,41,34,82" hai2="57,127,7,43,25,49,42,132,115,9,118,70,33" hai3="109,4,69,51,103,130,30,58,14,1,111,52,29"/><T110/><D123/><U100/><E108/><V3/><F70/><W91/><G1/><T125/><D35/><U47/><E66/><V78/><F127/><W113/><G69/><T12/><D125/><U76/><E46/><V124/><F124/><W28/><G103/><T8/><D110/><U129/><E129/><V120/><F120/><W80/><G113/><T0/><D114/><U55/><E55/><V87/><F115/><W63/><G130/><T61/><D61/><U40/><E41/><V101/><F101/><W104/><G104/><T71/><D71/><U79/><E76/><V117/><F132/><W77/><G91/><T122/><D131/><U72/><E13/><V133/><F133/><W75/><G4/><T2/><D122/><U10/><REACH who="1" step="1"/><E92/><REACH who="1" ten="256,243,188,303" step="2"/><V84/><F78/><W65/><G14/><T36/><D2/><U99/><AGARI ba="0,1" hai="10,15,16,32,34,37,40,47,72,79,82,94,99,100" machi="99" ten="30,12000,2" yaku="1,1,2,1,0,1,54,1,53,2" doraHai="126" doraHaiUra="31" who="1" fromWho="1" sc="256,-60,243,130,188,-30,303,-30" /><INIT seed="5,0,0,2,0,31" ten="196,373,158,273" oya="1" hai0="66,52,48,132,0,98,15,74,121,7,108,38,84" hai1="43,76,46,129,102,42,95,53,78,8,13,20,9" hai2="92,91,26,120,71,19,4,130,88,87,65,62,110" hai3="80,128,51,69,124,44,1,77,133,79,56,73,107"/><U112/><E112/><V103/><F120/><W50/><G69/><T16/><D74/><U61/><E129/><V135/><F110/><W119/><G1/><T54/><D38/><U67/><E20/><V40/><F130/><W3/><G3/><T29/><D121/><U39/><E53/><V83/><F135/><W134/><G107/><T58/><D108/><U21/><E21/><V17/><F40/><W114/><G128/><T94/><D132/><U93/><E43/><V55/><F103/><W106/><G106/><T89/><D66/><U111/><E111/><V24/><F4/><W45/><G56/><T59/><D29/><U81/><E9/><V122/><F55/><W123/><G80/><T10/><D98/><U14/><E14/><V97/><REACH who="2" step="1"/><F122/><REACH who="2" ten="196,373,148,273" step="2"/><W6/><G123/><T100/><D100/><U63/><E102/><V5/><F5/><W49/><G6/><T25/><D25/><AGARI ba="0,1" hai="17,19,24,25,26,62,65,71,83,87,88,91,92,97" machi="25" ten="40,2600,0" yaku="1,1,54,1,53,0" doraHai="31" doraHaiUra="2" who="2" fromWho="0" sc="196,-26,373,0,148,36,273,0" /><INIT seed="6,0,0,1,5,1" ten="170,373,184,273" oya="2" hai0="117,41,123,61,42,91,62,53,75,94,19,52,122" hai1="106,133,60,118,95,59,13,5,124,43,126,40,55" hai2="120,110,29,78,11,37,51,30,100,66,109,121,48" hai3="38,2,134,64,49,80,17,92,54,67,111,57,50"/><V83/><F100/><W44/><G2/><T98/><D75/><U45/><E118/><V82/><F66/><W103/><G38/><T104/><D104/><U125/><E106/><V114/><F37/><W90/><G111/><N who="2" m="42505" /><F11/><W86/><G134/><T26/><D117/><U79/><E133/><V87/><F114/><W10/><G103/><T128/><D128/><U7/><E79/><V115/><F115/><W135/><G135/><T113/><D113/><U18/><E95/><V46/><F83/><W39/><G39/><T9/><D123/><N who="2" m="47178" /><F51/><W132/><G132/><T107/><D107/><U81/><E81/><V27/><F27/><W70/><G70/><T56/><D122/><U3/><E3/><V89/><F78/><W116/><G116/><T25/><D25/><U21/><E43/><AGARI ba="0,0" hai="29,30,43,46,48,82,87,89" m="47178,42505" machi="43" ten="30,1500,0" yaku="10,1" doraHai="1" who="2" fromWho="1" sc="170,0,373,-15,184,15,273,0" /><INIT seed="6,1,0,2,1,55" ten="170,358,199,273" oya="2" hai0="82,112,49,72,109,77,54,88,91,121,24,102,42" hai1="129,67,37,34,36,125,97,40,31,80,32,108,58" hai2="39,81,110,90,25,70,79,64,51,83,115,13,113" hai3="61,3,2,9,17,43,100,89,74,84,66,63,94"/><V50/><F39/><W71/><G74/><T128/><D112/><N who="2" m="43082" /><F110/><W105/><G43/><T111/><D121/><U96/><E108/><V16/><F25/><W19/><G61/><T87/><D128/><U127/><E129/><V135/><F135/><W119/><G119/><T118/><D118/><U6/><E6/><V62/><F90/><W38/><G38/><N who="1" m="14954" /><E80/><N who="2" m="30795" /><F79/><W124/><G124/><N who="1" m="47690" /><E40/><V85/><F85/><W106/><G100/><T56/><D42/><U41/><E41/><V44/><F44/><W69/><G84/><T120/><D120/><U21/><E21/><AGARI ba="1,0" hai="13,16,21,50,51,62,64,70" m="30795,43082" machi="21" ten="30,2900,0" yaku="15,1,54,1" doraHai="55" who="2" fromWho="1" sc="170,0,358,-32,199,32,273,0" /><INIT seed="6,2,0,4,1,81" ten="170,326,231,273" oya="2" hai0="28,106,36,23,15,0,114,117,11,29,37,111,87" hai1="107,18,22,91,53,86,98,84,39,131,132,57,74" hai2="20,40,51,45,123,65,1,119,113,38,34,50,129" hai3="63,24,5,54,19,49,60,99,109,43,110,7,133"/><V75/><F123/><W32/><G32/><T4/><D111/><U68/><E74/><V103/><F34/><W9/><G133/><T105/><D114/><U48/><E132/><V10/><F119/><W12/><G109/><T61/><D117/><U8/><E68/><V21/><F113/><W76/><G110/><T89/><D61/><N who="3" m="23625" /><G43/><T88/><D89/><U78/><E39/><V126/><F126/><W92/><G24/><T95/><D29/><U124/><E124/><V17/><F103/><N who="3" m="60903" /><G76/><T83/><D83/><U121/><E121/><V101/><F101/><W125/><G125/><T16/><REACH who="0" step="1"/><D28/><REACH who="0" ten="160,326,231,273" step="2"/><U41/><E78/><V69/><F69/><W104/><G104/><AGARI ba="2,1" hai="0,4,11,15,16,23,36,37,87,88,95,104,105,106" machi="104" ten="40,8000,1" yaku="1,1,2,1,52,1,54,2,53,0" doraHai="81" doraHaiUra="77" who="0" fromWho="3" sc="160,96,326,0,231,0,273,-86" /><INIT seed="7,0,0,2,5,112" ten="256,326,231,187" oya="3" hai0="58,80,108,33,47,135,92,104,55,6,128,18,100" hai1="69,123,54,90,41,65,10,52,56,103,14,5,66" hai2="83,106,11,125,35,113,16,132,75,9,81,3,46" hai3="87,15,116,115,60,77,43,21,0,51,27,62,78"/><W91/><G0/><T29/><D108/><U37/><E123/><V97/><F35/><W79/><G115/><T57/><D104/><U26/><E103/><V25/><F113/><W105/><G105/><T107/><D107/><U120/><E120/><V63/><F132/><W130/><G130/><T34/><D135/><U53/><E26/><V84/><F125/><W110/><G110/><T111/><D111/><U94/><E69/><V20/><F3/><W131/><G131/><T23/><D6/><U129/><E129/><V98/><F75/><W38/><G38/><T59/><D128/><U12/><E14/><V124/><F124/><W45/><G15/><T8/><D80/><N who="2" m="30794" /><F106/><W31/><REACH who="3" step="1"/><G116/><REACH who="3" ten="256,326,231,177" step="2"/><T67/><D67/><N who="1" m="25611" /><E37/><V40/><F9/><W32/><G32/><T24/><D34/><U72/><E12/><V39/><F11/><W88/><G88/><T95/><D8/><U119/><E10/><V7/><F39/><W13/><G13/><N who="0" m="9679" /><D100/><U86/><E119/><V48/><F7/><W49/><G49/><N who="0" m="29119" /><D33/><U82/><E5/><V126/><F126/><W127/><G127/><T93/><D24/><U71/><E71/><V22/><F22/><W68/><G68/><T19/><D29/><U99/><E90/><V50/><F50/><W4/><G4/><T2/><D2/><U28/><E28/><V117/><F20/><W102/><G102/><T30/><D30/><U85/><E72/><V36/><F36/><W121/><G121/><T114/><D114/><U76/><E76/><V89/><F117/><W17/><G17/><AGARI ba="0,1" hai="17,19,57,58,59,92,93,95" m="29119,9679" machi="17" ten="30,1000,0" yaku="8,1" doraHai="112" who="0" fromWho="3" sc="256,20,326,0,231,0,177,-10" owari="276,8.0,326,42.0,231,-17.0,167,-33.0" /></mjloggm>