<mjloggm ver="2.3"><GO type="169" lobby="0"/><UN n0="%4B%E3%80%82" n1="%EF%BC%88%E2%89%A7%E2%96%BD%E2%89%A6%EF%BC%89" n2="%E9%87%8E%E3%80%85%E5%AE%AE%E6%82%A0%E5%A4%AA" n3="%E6%A3%92%E8%A7%92" dan="17,19,16,17" rate="2189.87,2247.15,2103.80,2162.85" sx="M,M,M,M"/><TAIKYOKU oya="0"/><INIT seed="0,0,0,1,5,20" ten="250,250,250,250" oya="0" hai0="57,117,55,79,113,49,101,15,95,44,11,1,46" hai1="80,91,97,28,120,67,4,14,103,16,106,19,26" hai2="23,88,66,48,59,114,75,30,9,83,71,135,115" hai3="84,72,129,58,8,131,132,56,90,77,74,76,125"/><T73/><D117/><U105/><E120/><V78/><F71/><W36/><G36/><T126/><D113/><U92/><E67/><V25/><F135/><W123/><G8/><T17/><D1/><U65/><E65/><V41/><F9/><W93/><G58/><T116/><D116/><U5/><E80/><V108/><F108/><W109/><G56/><T35/><D35/><U10/><E19/><V133/><F133/><W100/><G132/><T96/><D126/><U130/><E130/><N who="3" m="49674" /><G109/><T99/><D73/><N who="3" m="28265" /><G125/><T119/><D79/><N who="3" m="30281" /><G100/><T24/><D119/><U50/><E50/><V110/><F110/><W128/><N who="3" m="49682" /><W63/><DORA hai="94" /><G63/><T111/><D111/><U112/><E112/><V43/><F43/><W29/><G29/><T102/><REACH who="0" step="1"/><D24/><REACH who="0" ten="240,250,250,250" step="2"/><U7/><REACH who="1" step="1"/><E103/><REACH who="1" ten="240,240,250,250" step="2"/><V121/><F115/><W53/><G123/><T134/><D134/><U70/><E70/><V81/><F114/><W39/><G39/><T61/><D61/><U38/><E38/><V118/><F121/><W64/><G64/><T27/><D27/><U34/><AGARI ba="0,2" hai="4,5,7,10,14,16,26,28,34,91,92,97,105,106" machi="34" ten="30,8000,1" yaku="1,1,0,1,52,2,54,1,53,0" doraHai="20,94" doraHaiUra="127,33" who="1" fromWho="1" sc="240,-40,240,100,250,-20,250,-20" /><INIT seed="1,0,0,2,1,109" ten="200,340,230,230" oya="1" hai0="94,92,114,115,88,125,86,127,62,2,63,42,40" hai1="134,29,25,23,77,107,132,129,51,9,133,103,56" hai2="37,74,102,71,19,18,7,104,47,64,4,24,79" hai3="93,17,3,39,1,99,54,67,0,69,59,73,130"/><U84/><E129/><V78/><F104/><W85/><G73/><T52/><D2/><U61/><E51/><V96/><F71/><W26/><G39/><T15/><D15/><U112/><E9/><V8/><F64/><W50/><G85/><T124/><D94/><U123/><E123/><V119/><F119/><W10/><G130/><T91/><D91/><U118/><E118/><V45/><F8/><W43/><G43/><N who="0" m="16427" /><D52/><N who="1" m="33927" /><E112/><AGARI ba="0,0" hai="62,63,86,88,92,112,114,115,124,125,127" m="16427" machi="112" ten="40,8000,1" yaku="18,1,52,3,54,1" doraHai="109" who="0" fromWho="1" sc="200,80,340,-80,230,0,230,0" /><INIT seed="2,0,0,0,1,23" ten="280,260,230,230" oya="2" hai0="103,123,70,129,128,106,135,117,94,72,59,7,44" hai1="95,68,69,92,53,76,20,118,109,110,21,10,120" hai2="16,134,28,47,121,0,30,98,64,126,15,49,26" hai3="37,82,24,104,71,8,75,11,48,17,130,4,66"/><V84/><F121/><W124/><G37/><T55/><D123/><U97/><E120/><V33/><F0/><W125/><G104/><T122/><D122/><U80/><E118/><V116/><F116/><W34/><G48/><T22/><D117/><U102/><E10/><V62/><F134/><W25/><G66/><T45/><D72/><U85/><E53/><V107/><F126/><N who="3" m="48747" /><G71/><N who="1" m="27210" /><E95/><V63/><F30/><N who="3" m="19783" /><G82/><T52/><D135/><U58/><E58/><V114/><F64/><W60/><G60/><T65/><D106/><U38/><E38/><V39/><F39/><W57/><G57/><T12/><D70/><U3/><E3/><V88/><F107/><W56/><G56/><T61/><D94/><U19/><E19/><V35/><F98/><W81/><G81/><T79/><D79/><U89/><E76/><V9/><F114/><W113/><G75/><T32/><D55/><U91/><E102/><V18/><F35/><W2/><G113/><T100/><D32/><U73/><E73/><V86/><F18/><W115/><G115/><T6/><D100/><U108/><AGARI ba="0,0" hai="20,21,80,85,89,91,92,97,108,109,110" m="27210" machi="108" ten="40,1500,0" yaku="14,1" doraHai="23" who="1" fromWho="1" sc="280,-4,260,15,230,-7,230,-4" /><INIT seed="3,0,0,5,5,71" ten="276,275,223,226" oya="3" hai0="42,49,23,8,114,92,131,56,25,59,61,91,93" hai1="29,9,20,27,75,48,7,24,113,94,6,118,57" hai2="40,50,53,69,132,3,85,35,90,105,112,12,95" hai3="122,36,74,97,100,13,79,1,78,99,65,15,68"/><W108/><G122/><T102/><D131/><U34/><E75/><V39/><F3/><W46/><G1/><T106/><D114/><U87/><E113/><V22/><F35/><W101/><G68/><T115/><D115/><U82/><E118/><V96/><F112/><W86/><G65/><T107/><D8/><U21/><E94/><V41/><F69/><W81/><G108/><T5/><D5/><U134/><E134/><V76/><F132/><W129/><G129/><T52/><D42/><U38/><E38/><V67/><F67/><W109/><G109/><T128/><D128/><U63/><E48/><V103/><F39/><W32/><G32/><T110/><D110/><U47/><E47/><V116/><F116/><W120/><G120/><T44/><D93/><U80/><E9/><V54/><F76/><W135/><G135/><T31/><D102/><U111/><E80/><V2/><F2/><W88/><G46/><T33/><D33/><U30/><E111/><V26/><F54/><W16/><G36/><T51/><D59/><U37/><E37/><V121/><F121/><W83/><G15/><T11/><D11/><U55/><E34/><V64/><F64/><W104/><G13/><T62/><D106/><U45/><E45/><V126/><F126/><W133/><G133/><T77/><D77/><AGARI ba="0,0" hai="6,7,20,21,24,27,29,30,55,57,63,77,82,87" machi="77" ten="30,3900,0" yaku="7,1,9,1,8,1" doraHai="71" who="1" fromWho="0" sc="276,-39,275,39,223,0,226,0" /><INIT seed="4,0,0,4,1,73" ten="237,314,223,226" oya="0" hai0="126,77,131,18,55,52,46,106,35,116,63,4,70" hai1="105,0,86,95,48,62,67,125,78,10,113,112,101" hai2="114,110,72,117,32,71,115,88,3,59,132,111,127" hai3="24,16,33,97,85,50,49,23,31,96,104,38,45"/><T130/><D116/><U5/><E125/><V89/><RYUUKYOKU type="yao9" ba="0,0" sc="237,0,314,0,223,0,226,0" hai2="3,32,59,71,72,88,89,110,111,114,115,117,127,132" /><INIT seed="4,1,0,3,4,60" ten="237,314,223,226" oya="0" hai0="104,108,10,126,77,65,125,69,103,44,111,84,64" hai1="8,41,55,35,53,27,82,1,25,94,109,18,112" hai2="80,16,72,97,2,102,115,113,99,28,5,87,14" hai3="15,43,51,74,128,24,118,132,96,50,39,78,49"/><T67/><D69/><U75/><E109/><N who="0" m="42057" /><D44/><U123/><E123/><V62/><F72/><W30/><G118/><T52/><D52/><U130/><E35/><V121/><F121/><W58/><G58/><T9/><D104/><U133/><E41/><V66/><F28/><W56/><G56/><T48/><D48/><U17/><E94/><V85/><F5/><W40/><G96/><T47/><D103/><U23/><E75/><V11/><F2/><W37/><G78/><T100/><D47/><U19/><E82/><V86/><F80/><W83/><G83/><N who="0" m="47215" /><D100/><U31/><E55/><V93/><REACH who="2" step="1"/><F99/><REACH who="2" ten="237,314,213,226" step="2"/><W70/><G74/><T114/><D114/><U124/><E112/><V90/><F90/><W26/><G43/><T116/><D116/><U68/><E31/><V79/><F79/><W42/><G30/><T98/><D98/><U122/><E122/><V46/><F46/><W21/><G42/><T81/><D81/><U36/><E19/><V91/><F91/><W13/><G40/><T134/><D134/><U45/><E18/><V117/><F117/><W61/><G132/><T20/><D20/><U89/><E23/><V119/><F119/><W131/><G21/><T101/><D101/><U135/><E17/><V129/><F129/><W71/><G131/><T33/><D33/><U107/><E130/><V95/><F95/><W54/><G128/><T120/><D120/><U73/><E135/><V92/><F92/><W105/><G105/><T0/><D0/><U63/><E107/><V88/><F88/><W59/><G39/><T76/><D76/><U127/><E133/><RYUUKYOKU ba="1,1" sc="237,15,314,-15,213,15,226,-15" hai0="9,10,64,65,67,125,126" hai2="11,14,16,62,66,85,86,87,93,97,102,113,115" /><INIT seed="4,2,1,2,5,79" ten="252,299,228,211" oya="0" hai0="87,125,111,48,40,57,102,103,93,133,58,42,114" hai1="5,129,91,89,128,95,2,22,49,60,61,8,104" hai2="74,50,86,72,107,76,54,70,31,113,45,130,97" hai3="105,75,16,82,134,122,43,26,94,117,25,59,44"/><T41/><D133/><U46/><E104/><V120/><F120/><W101/><G122/><T63/><D114/><U90/><E22/><V69/><F113/><W6/><G134/><T116/><D116/><U3/><E95/><V121/><F121/><W106/><G117/><T96/><D125/><U33/><E33/><V119/><F119/><W0/><G59/><T4/><D111/><U85/><E2/><V65/><F130/><N who="1" m="50281" /><E85/><V39/><F31/><W29/><G94/><T7/><D103/><U17/><E17/><V11/><F72/><W13/><G101/><T19/><D19/><U34/><E34/><V18/><F74/><W27/><G29/><T47/><D87/><U84/><E84/><V108/><F107/><W37/><G0/><T51/><D58/><U109/><E109/><V83/><F108/><W100/><G6/><N who="0" m="2091" /><D47/><U132/><E132/><V126/><F126/><W127/><G127/><T20/><D20/><U24/><E24/><V56/><F45/><W14/><G14/><T88/><D102/><U38/><E38/><V77/><F39/><W118/><G100/><T15/><D15/><U12/><E12/><V10/><F18/><W68/><G118/><T78/><D78/><U124/><E124/><V92/><F76/><W52/><G106/><T115/><D115/><U81/><E81/><V71/><F65/><AGARI ba="2,1" hai="40,41,42,48,51,57,63,65,88,93,96" m="2091" machi="65" ten="30,2900,0" yaku="8,1,54,1" doraHai="79" who="0" fromWho="2" sc="252,45,299,0,228,-35,211,0" /><INIT seed="4,3,0,1,4,118" ten="297,299,193,211" oya="0" hai0="134,102,55,95,111,36,103,108,3,97,13,116,14" hai1="110,4,90,35,29,53,46,45,124,130,0,37,101" hai2="79,74,121,76,16,135,15,33,21,19,113,22,32" hai3="131,92,126,59,125,30,27,114,10,100,20,89,119"/><T128/><D116/><U42/><E110/><N who="0" m="42025" /><D3/><U39/><E101/><V99/><F113/><W107/><G119/><T85/><D134/><U93/><E130/><V86/><F135/><W73/><G73/><T9/><D36/><U49/><E124/><N who="3" m="47722" /><G114/><T8/><D128/><U83/><E83/><V18/><F74/><W41/><G131/><T88/><D55/><U61/><E61/><V63/><F121/><W47/><G59/><T122/><D122/><U82/><E82/><V60/><F99/><W98/><G10/><N who="0" m="4203" /><D103/><U24/><E0/><V6/><F6/><W84/><G47/><T50/><D50/><U115/><E4/><V48/><F48/><W123/><G41/><T87/><D87/><U68/><E115/><V43/><F43/><W77/><G77/><T44/><D44/><U23/><E39/><V133/><F133/><W38/><G38/><T75/><D75/><U132/><E132/><V104/><F86/><W71/><G71/><T7/><D7/><U54/><E68/><V129/><F129/><W66/><G66/><T106/><AGARI ba="3,0" hai="13,14,85,88,95,97,102,106" m="4203,42025" machi="106" ten="30,3000,0" yaku="10,1,54,1" doraHai="118" who="0" fromWho="0" sc="297,39,299,-13,193,-13,211,-13" /><INIT seed="4,4,0,2,5,63" ten="336,286,180,198" oya="0" hai0="46,74,20,17,43,87,10,88,59,31,118,47,127" hai1="70,12,60,61,44,130,65,106,126,49,98,117,113" hai2="78,103,69,93,134,77,135,128,116,129,25,83,89" hai3="55,90,28,81,9,121,22,6,96,41,21,48,16"/><T76/><D118/><U73/><E73/><N who="2" m="43439" /><F69/><W37/><G121/><T38/><D127/><U8/><E117/><V75/><F25/><W80/><G37/><T131/><D131/><N who="2" m="50250" /><F103/><W82/><G41/><T23/><D31/><U86/><E130/><V107/><F107/><W34/><G34/><T101/><D101/><U50/><E126/><V0/><F0/><W52/><G6/><T62/><D46/><U125/><E125/><V110/><F116/><W94/><G28/><T29/><D29/><U3/><E3/><V30/><F30/><W105/><G55/><T102/><D102/><U100/><E86/><N who="2" m="52407" /><F110/><W99/><G99/><T14/><D10/><U115/><E61/><V122/><F122/><W56/><G105/><T5/><D5/><N who="1" m="3087" /><E44/><V4/><F4/><W11/><G22/><T91/><D23/><U132/><E132/><N who="2" m="50731" /><F78/><W58/><G58/><T15/><D15/><AGARI ba="4,0" hai="9,11,15,16,21,48,52,56,80,81,82,90,94,96" machi="15" ten="40,5200,0" yaku="8,1,54,2" doraHai="63" who="3" fromWho="0" sc="336,-64,286,0,180,0,198,64" /><INIT seed="5,0,0,5,1,39" ten="272,286,180,262" oya="1" hai0="43,9,4,31,85,81,129,32,87,121,16,21,92" hai1="26,51,11,63,117,107,1,106,27,13,77,90,131" hai2="57,44,88,73,75,59,37,114,89,23,86,14,24" hai3="125,33,126,78,123,95,54,108,109,105,80,38,15"/><U66/><E1/><V133/><F133/><W30/><G105/><T91/><D129/><U83/><E117/><V76/><F114/><W100/><G54/><T74/><D74/><U116/><E116/><V71/><F71/><W41/><G15/><N who="0" m="5543" /><D121/><U96/><E131/><V52/><F14/><W50/><G38/><T99/><D32/><U56/><E51/><V110/><F110/><W25/><G123/><T62/><D31/><U53/><E66/><V67/><F76/><W45/><G95/><T35/><D35/><U47/><E47/><V29/><F89/><W120/><G100/><T113/><D113/><U112/><E112/><V42/><F59/><W3/><G3/><T18/><D62/><U12/><E12/><V2/><F67/><W127/><REACH who="3" step="1"/><G120/><REACH who="3" ten="272,286,180,252" step="2"/><T122/><D122/><U132/><E107/><V58/><F2/><W130/><G130/><T124/><D92/><N who="1" m="56343" /><E106/><V49/><F58/><W115/><G115/><T10/><D81/><AGARI ba="0,1" hai="23,24,29,37,42,44,49,52,57,73,75,81,86,88" machi="81" ten="30,7700,0" yaku="7,1,52,1,54,2" doraHai="39" who="2" fromWho="0" sc="272,-77,286,0,180,87,252,0" /><INIT seed="6,0,0,5,1,99" ten="195,286,267,252" oya="2" hai0="52,77,69,5,73,126,113,9,15,72,61,41,53" hai1="34,127,89,24,80,87,18,59,40,28,1,92,98" hai2="2,74,20,79,97,14,117,95,17,133,51,66,114" hai3="131,90,101,54,64,121,107,12,82,30,83,102,111"/><V13/><F2/><W70/><G121/><T35/><D35/><U31/><E1/><V129/><F117/><W132/><G111/><T125/><D113/><U122/><E122/><V7/><F114/><W96/><G132/><T32/><D32/><U100/><E127/><N who="0" m="48649" /><D41/><U47/><E59/><V39/><F39/><W63/><G131/><T19/><D5/><U3/><E3/><V106/><F106/><W85/><G30/><T75/><D77/><U93/><E31/><V43/><F129/><W23/><G54/><N who="0" m="21099" /><D61/><U21/><E34/><V124/><F124/><W37/><G37/><T56/><D56/><U110/><E110/><V88/><F133/><W134/><G134/><T78/><D78/><U91/><E28/><V65/><F79/><W67/><G67/><T48/><D48/><N who="1" m="26727" /><E93/><V81/><F81/><W60/><G60/><T45/><D45/><U108/><E108/><V109/><F109/><W119/><G82/><T94/><D94/><U0/><E0/><V29/><F29/><W50/><G50/><T68/><AGARI ba="0,0" hai="9,15,19,68,69,72,73,75" m="21099,48649" machi="68" ten="40,2700,0" yaku="18,1,54,1" doraHai="99" who="0" fromWho="0" sc="195,27,286,-7,267,-13,252,-7" /><INIT seed="7,0,0,2,3,6" ten="222,279,254,245" oya="3" hai0="125,73,56,121,131,46,95,18,19,65,33,9,51" hai1="113,92,88,26,124,104,79,98,40,12,81,69,123" hai2="28,87,1,20,84,21,60,61,78,111,75,108,90" hai3="67,53,22,43,80,36,72,96,107,2,37,52,127"/><W94/><G2/><T16/><D121/><U105/><E123/><V68/><F75/><W85/><G67/><T133/><D73/><U11/><E69/><V109/><F1/><W44/><G37/><T66/><D33/><U71/><E71/><V59/><F68/><W34/><G34/><T100/><D125/><U55/><E40/><V62/><F59/><W91/><G127/><T23/><D131/><U76/><E76/><V134/><F134/><W17/><G107/><T117/><D117/><U10/><E10/><V57/><F57/><W64/><G64/><N who="0" m="24683" /><D56/><U101/><E113/><V97/><F97/><W42/><G42/><N who="0" m="25047" /><D23/><U74/><E124/><V128/><F128/><W129/><G72/><T49/><D49/><U82/><E55/><V63/><F20/><W3/><G3/><T32/><D32/><U31/><E81/><V14/><F61/><W30/><G30/><T132/><D132/><U130/><E130/><V45/><F21/><W83/><G83/><T58/><D58/><U93/><E31/><V115/><F28/><W110/><G110/><T8/><D133/><U119/><E119/><V54/><F115/><W89/><REACH who="3" step="1"/><G129/><REACH who="3" ten="222,279,254,235" step="2"/><T50/><D50/><U7/><E105/><V126/><F126/><W120/><G120/><T38/><D38/><U118/><E104/><V99/><F108/><W24/><AGARI ba="0,1" hai="17,22,24,36,43,44,52,53,80,85,89,91,94,96" machi="24" ten="20,7800,0" yaku="1,1,0,1,7,1,54,1,53,0" doraHai="6" doraHaiUra="4" who="3" fromWho="3" sc="222,-26,279,-26,254,-26,235,88" owari="196,-30.0,253,5.0,228,-17.0,323,42.0" /></mjloggm>