<mjloggm ver="2.3"><GO type="97" lobby="0"/><UN n0="%E5%B7%A6%E5%A4%A9%E6%B6%99%E5%AD%90" n1="%41%71%75%CE%B1%72%69%75%73" n2="%E8%B1%8A%E5%BE%8C%E6%A4%8E%E8%8C%B8" n3="%E3%82%A6%E3%83%AB%E3%83%88%E3%83%A9%E7%AB%8B%E7%9B%B4" dan="14,15,13,15" rate="1957.67,1930.46,1921.43,1970.09" sx="F,M,M,M"/><TAIKYOKU oya="0"/><INIT seed="0,0,0,5,2,94" ten="250,250,250,250" oya="0" hai0="44,7,54,13,76,57,134,8,117,128,35,27,46" hai1="19,97,15,67,6,84,135,77,36,16,111,125,58" hai2="88,87,112,24,29,31,89,32,69,59,83,63,114" hai3="42,71,65,12,91,132,62,133,25,38,107,20,30"/><T64/><D117/><U49/><E36/><V51/><F69/><W21/><G107/><T113/><D113/><U126/><E111/><V95/><F51/><W52/><G42/><T108/><D128/><U121/><E121/><V98/><REACH who="2" step="1"/><F31/><REACH who="2" ten="250,250,240,250" step="2"/><W73/><G38/><T74/><D108/><U109/><E109/><V79/><F79/><W48/><G71/><T50/><D76/><U124/><E49/><V47/><F47/><W96/><G30/><T119/><D119/><U72/><E77/><V22/><F22/><W110/><G21/><T37/><D46/><U80/><E125/><V106/><F106/><W105/><G105/><T127/><D127/><U41/><E124/><V18/><F18/><W103/><G20/><T40/><D74/><U5/><E16/><V66/><AGARI ba="0,1" hai="24,29,32,59,63,66,83,87,88,89,95,98,112,114" machi="66" ten="20,12000,2" yaku="1,1,0,1,7,1,52,1,54,1,53,1" doraHai="94" doraHaiUra="55" who="2" fromWho="2" sc="250,-60,250,-30,240,130,250,-30" /><INIT seed="1,0,0,0,4,129" ten="190,220,370,220" oya="1" hai0="17,38,58,62,119,98,44,30,87,35,127,133,63" hai1="135,34,126,94,60,54,74,78,55,50,90,61,95" hai2="57,65,100,40,66,75,1,70,109,28,25,39,46" hai3="99,22,128,97,2,43,21,132,33,107,83,67,114"/><U104/><E104/><V27/><F1/><W53/><G33/><T41/><D119/><U5/><E126/><V69/><F75/><W26/><G2/><T15/><D127/><U20/><E34/><V118/><F118/><W131/><G67/><T84/><D63/><U18/><E5/><V92/><F27/><W72/><G43/><T7/><D7/><U0/><E0/><V16/><F16/><N who="3" m="12583" /><G22/><T89/><D133/><U86/><E135/><V49/><F66/><W113/><G53/><T68/><D68/><U79/><E94/><V48/><F48/><W12/><G12/><T81/><D35/><U24/><E74/><V23/><F109/><W101/><G99/><T52/><D30/><U31/><E31/><V105/><F105/><W120/><G120/><T130/><D130/><N who="3" m="49705" /><G132/><T3/><D3/><U115/><E115/><V51/><F51/><W77/><AGARI ba="0,0" hai="72,77,83,97,101,107,113,114" m="49705,12583" machi="77" ten="30,2000,0" yaku="19,1,54,1" doraHai="129" who="3" fromWho="3" sc="190,-5,220,-10,370,-5,220,20" /><INIT seed="2,0,0,0,1,13" ten="185,210,365,240" oya="2" hai0="28,85,45,69,79,113,97,49,95,33,133,41,20" hai1="115,130,66,62,123,94,90,40,83,102,42,110,88" hai2="57,132,53,18,72,32,114,22,112,25,61,117,74" hai3="5,121,3,96,19,24,109,14,35,73,34,54,55"/><V91/><F117/><W29/><G73/><T65/><D113/><U122/><E115/><V126/><F114/><W76/><G76/><T50/><D33/><U6/><E110/><V82/><F112/><W9/><G55/><T101/><D133/><U77/><E6/><V37/><F132/><W36/><G36/><T21/><D69/><N who="1" m="42199" /><E102/><V12/><F37/><W118/><G54/><T78/><D65/><U75/><E130/><V17/><F126/><W38/><G38/><T92/><D50/><U56/><E56/><V104/><F104/><W48/><G48/><T60/><D60/><U23/><E23/><V71/><F71/><W99/><G109/><T81/><D21/><U30/><E30/><V7/><F7/><W131/><G118/><T87/><D87/><N who="1" m="52511" /><E90/><V11/><REACH who="2" step="1"/><F32/><REACH who="2" ten="185,210,355,240" step="2"/><W64/><G35/><T4/><D4/><U52/><E123/><V16/><F16/><W8/><G131/><T105/><REACH who="0" step="1"/><D79/><REACH who="0" ten="175,210,355,240" step="2"/><U124/><E77/><V39/><F39/><W27/><G121/><T86/><D86/><AGARI ba="0,2" hai="11,12,17,18,22,25,53,57,61,72,74,82,86,91" machi="86" ten="40,7700,0" yaku="1,1,52,2,53,0" doraHai="13" doraHaiUra="111" who="2" fromWho="0" sc="175,-77,210,0,355,97,240,0" /><INIT seed="2,1,0,2,1,55" ten="98,210,452,240" oya="2" hai0="12,65,77,74,115,108,7,126,109,113,104,28,64" hai1="85,3,26,38,78,105,66,49,80,112,33,114,54" hai2="102,70,68,9,19,131,133,99,36,130,59,87,89" hai3="52,88,29,92,128,79,90,86,53,73,122,8,32"/><V4/><F36/><W95/><G122/><T42/><D104/><U43/><E3/><V16/><F70/><W37/><G37/><T21/><D77/><U13/><E105/><V84/><F68/><W51/><G128/><N who="2" m="49193" /><F133/><W1/><G73/><T134/><D74/><U41/><E66/><V93/><F87/><W31/><G32/><T127/><D42/><U82/><E13/><N who="2" m="5287" /><F59/><N who="3" m="33183" /><G1/><T6/><D64/><U47/><E41/><V91/><F91/><W106/><G106/><AGARI ba="1,0" hai="16,19,84,89,93,99,102,106" m="5287,49193" machi="106" ten="30,2900,0" yaku="19,1,54,1" doraHai="55" who="2" fromWho="3" sc="98,0,210,0,452,32,240,-32" /><INIT seed="2,2,0,2,5,52" ten="98,210,484,208" oya="2" hai0="60,127,10,54,95,86,30,4,113,97,66,77,101" hai1="82,135,23,105,94,15,67,129,99,28,75,70,130" hai2="83,44,122,131,27,59,69,26,115,8,102,98,33" hai3="63,100,88,123,111,134,32,24,91,71,46,42,128"/><V13/><F115/><W87/><G123/><T117/><D113/><U106/><E135/><V108/><F69/><W22/><G134/><T93/><D117/><U6/><E6/><V79/><F122/><W21/><G111/><T31/><D127/><U65/><E82/><V68/><F68/><W84/><G128/><N who="1" m="49258" /><E75/><V96/><F131/><W126/><G126/><T43/><D43/><U45/><E45/><V7/><F108/><W37/><G32/><T3/><D54/><U85/><E85/><V38/><F38/><W19/><G100/><T47/><D47/><U57/><E70/><V125/><F44/><W90/><G71/><T104/><D104/><U16/><E28/><V76/><F125/><W80/><G84/><T81/><REACH who="0" step="1"/><D95/><REACH who="0" ten="88,210,484,208" step="2"/><U121/><E121/><V53/><F102/><W18/><G37/><T61/><D61/><N who="1" m="38063" /><E67/><V74/><F79/><W114/><G114/><T124/><D124/><U35/><E106/><V17/><F26/><W110/><G110/><T40/><D40/><U29/><E105/><V62/><REACH who="2" step="1"/><F17/><REACH who="2" ten="88,210,474,208" step="2"/><W5/><G46/><T36/><D36/><U120/><E120/><V20/><F20/><W1/><G19/><T89/><D89/><N who="1" m="55759" /><E35/><V55/><F55/><W49/><G18/><T11/><D11/><U12/><E29/><AGARI ba="2,2" hai="7,8,13,27,29,33,53,59,62,74,76,83,96,98" machi="29" ten="40,3900,0" yaku="1,1,52,1,53,0" doraHai="52" doraHaiUra="64" who="2" fromWho="1" sc="88,0,210,-45,474,65,208,0" /><INIT seed="2,3,0,5,2,76" ten="88,165,539,208" oya="2" hai0="51,65,3,79,14,104,52,125,105,58,7,2,61" hai1="34,99,133,131,59,107,54,132,19,29,56,25,64" hai2="48,30,92,60,5,74,15,9,1,89,98,129,93" hai3="11,68,106,82,72,111,24,32,73,109,86,84,123"/><V21/><F74/><W67/><G106/><T47/><D125/><U45/><E131/><V115/><F129/><W134/><G84/><T97/><D104/><U122/><E122/><V127/><F115/><W88/><G123/><T46/><D14/><U126/><E126/><V91/><F127/><W26/><G67/><T118/><D118/><U103/><E19/><V66/><F48/><W12/><G68/><T0/><D7/><U121/><E121/><V39/><F39/><W80/><G134/><N who="1" m="51818" /><E64/><V43/><F43/><W41/><G41/><T49/><D79/><U130/><E130/><V100/><F93/><N who="3" m="54423" /><G73/><T135/><D135/><U44/><E59/><V108/><F108/><N who="3" m="41547" /><G72/><T94/><D105/><U28/><E28/><V63/><F63/><AGARI ba="3,0" hai="25,29,34,44,45,54,56,63,99,103,107" m="51818" machi="63" ten="30,1000,0" yaku="20,1" doraHai="76" who="1" fromWho="2" sc="88,0,165,19,539,-19,208,0" /><INIT seed="3,0,0,0,5,32" ten="88,184,520,208" oya="3" hai0="62,107,76,33,24,14,132,126,100,91,57,11,37" hai1="80,38,35,63,120,26,36,133,15,6,22,48,90" hai2="40,39,129,117,46,106,44,8,13,93,74,43,124" hai3="89,110,34,99,104,78,50,69,94,7,85,51,116"/><W86/><G69/><T61/><D37/><U18/><E120/><V70/><F106/><W87/><G34/><T45/><D132/><U23/><E133/><V27/><F70/><W119/><G7/><T4/><D126/><U79/><E35/><V29/><F74/><W130/><G51/><T95/><D76/><U59/><E48/><V97/><F124/><W98/><G50/><T64/><D45/><U25/><E90/><V113/><F117/><W65/><G65/><T53/><D107/><U68/><E68/><V52/><F52/><W20/><G20/><T2/><D100/><U135/><E6/><V60/><F60/><W112/><G112/><T17/><D33/><U77/><E77/><V84/><F84/><W134/><G134/><T96/><D24/><U118/><E118/><V42/><F113/><W1/><G119/><T127/><D127/><U28/><E15/><V115/><F129/><W67/><G116/><T55/><REACH who="0" step="1"/><D61/><REACH who="0" ten="78,184,520,208" step="2"/><U105/><E135/><V10/><F115/><W5/><G78/><T125/><D125/><U54/><E105/><V71/><F71/><W88/><G104/><T16/><D16/><U47/><E47/><V21/><F10/><W108/><G130/><T9/><AGARI ba="0,1" hai="2,4,9,11,14,17,53,55,57,62,64,91,95,96" machi="9" ten="20,5200,0" yaku="1,1,0,1,7,1,52,1,53,0" doraHai="32" doraHaiUra="19" who="0" fromWho="0" sc="78,62,184,-13,520,-13,208,-26" owari="140,-36.0,171,-23.0,507,61.0,182,-2.0" /></mjloggm>