<mjloggm ver="2.3"><GO type="97" lobby="0"/><UN n0="%E3%82%A6%E3%83%AB%E3%83%88%E3%83%A9%E7%AB%8B%E7%9B%B4" n1="%E3%81%B2%E3%81%AE%E3%81%A8%E3%82%8A%E3%81%AE%E3%81%B2%E3%81%A8%E3%82%8A" n2="%E3%83%A9%E3%83%A0%E3%81%A1%E3%82%83%E3%82%93" n3="%E3%83%AA%E3%82%A2%E3%83%AB%E3%83%95%E3%82%A9%E3%83%BC%E3%82%B9" dan="15,15,14,15" rate="2064.64,2074.49,1976.77,1982.48" sx="M,M,F,M"/><TAIKYOKU oya="0"/><INIT seed="0,0,0,4,4,112" ten="250,250,250,250" oya="0" hai0="91,51,106,101,20,3,28,7,134,86,21,56,27" hai1="102,41,135,97,24,47,36,10,72,11,26,67,74" hai2="65,118,89,129,35,70,29,119,38,85,25,103,34" hai3="100,0,133,77,4,114,48,12,98,2,37,49,50"/><T75/><D75/><U128/><E128/><V63/><F129/><W120/><G114/><T105/><D134/><U84/><E135/><V121/><F121/><W88/><G133/><T69/><D69/><U43/><E67/><V59/><F38/><W87/><G37/><T99/><D106/><U66/><E66/><V123/><F123/><W8/><G77/><T13/><D3/><U14/><E43/><V92/><F103/><W96/><G120/><T109/><D109/><U79/><E84/><V61/><REACH who="2" step="1"/><F35/><REACH who="2" ten="250,250,240,250" step="2"/><W42/><G42/><T39/><D39/><U52/><E102/><V127/><F127/><W122/><G122/><T57/><D101/><U6/><E36/><V16/><F16/><W23/><G100/><T55/><D105/><U15/><E41/><V5/><F5/><W53/><G4/><T40/><D40/><U44/><E6/><V83/><F83/><W126/><G126/><T17/><D7/><U108/><E108/><V30/><F30/><W62/><G0/><T68/><D68/><U104/><E104/><V60/><F60/><W58/><G2/><T64/><D99/><U32/><E97/><V18/><F18/><N who="3" m="10695" /><G8/><T110/><D110/><U124/><E124/><V33/><F33/><W1/><G1/><T130/><D130/><U22/><E32/><V116/><F116/><W95/><AGARI ba="0,1" hai="48,49,50,53,58,62,87,88,95,96,98" m="10695" machi="95" ten="30,2000,0" yaku="8,1,54,1" doraHai="112" who="3" fromWho="3" sc="250,-10,250,-5,240,-5,250,30" /><INIT seed="1,0,0,0,4,24" ten="240,245,235,280" oya="1" hai0="7,53,113,28,22,6,66,4,97,61,50,121,27" hai1="51,59,62,37,130,71,80,26,127,52,3,132,46" hai2="73,112,96,89,47,123,25,125,116,5,70,129,87" hai3="109,85,118,122,94,69,115,1,82,15,49,72,29"/><U2/><E130/><V101/><F73/><W35/><G1/><T110/><D113/><U20/><E132/><V8/><F70/><W88/><G122/><T81/><D110/><U56/><E127/><V117/><F125/><W100/><G115/><T10/><D121/><U75/><E71/><V124/><F124/><W67/><G109/><T98/><D10/><U77/><E37/><V119/><F123/><W133/><G133/><T78/><D61/><U120/><E120/><V57/><F129/><W93/><G118/><T63/><D63/><U48/><E48/><V45/><F57/><W21/><G100/><T131/><D66/><U41/><REACH who="1" step="1"/><E59/><REACH who="1" ten="240,235,235,280" step="2"/><V99/><F112/><W65/><G49/><T39/><D39/><U30/><AGARI ba="0,1" hai="2,3,20,26,30,41,46,51,52,56,62,75,77,80" machi="30" ten="20,18000,2" yaku="1,1,2,1,0,1,7,1,52,1,54,1,53,0" doraHai="24" doraHaiUra="68" who="1" fromWho="1" sc="240,-60,235,190,235,-60,280,-60" /><INIT seed="1,1,0,1,2,103" ten="180,425,175,220" oya="1" hai0="7,109,131,91,6,18,114,12,117,28,106,39,88" hai1="4,74,86,61,112,56,98,69,16,95,81,101,105" hai2="124,116,17,133,132,84,36,90,26,79,82,2,51" hai3="20,57,67,134,115,24,23,96,13,27,0,3,5"/><U93/><E69/><V63/><F36/><W54/><G115/><T120/><D39/><U42/><E74/><V126/><F2/><W46/><G134/><N who="2" m="51817" /><F63/><W19/><G67/><T100/><D114/><U70/><E70/><V83/><F51/><W113/><G113/><T94/><D117/><U29/><E4/><N who="0" m="1577" /><D106/><U47/><E29/><V122/><F116/><W34/><G46/><T128/><D109/><U62/><E16/><V89/><F122/><W127/><G127/><N who="2" m="48681" /><F83/><W66/><G0/><T10/><D28/><U22/><E62/><V130/><F130/><N who="0" m="49706" /><D120/><U59/><E61/><V50/><F50/><W119/><G119/><T71/><D71/><U55/><E112/><V75/><F75/><W87/><G3/><T92/><D94/><U25/><E93/><V80/><F80/><W8/><G19/><T102/><D92/><U107/><E95/><V60/><F60/><W37/><G37/><T30/><D30/><U72/><E81/><V65/><F65/><W14/><G66/><T52/><D52/><U111/><E55/><V32/><F32/><W40/><G34/><T53/><D53/><U48/><E72/><V108/><F108/><W97/><G54/><T64/><D64/><U135/><E111/><V121/><F121/><W44/><G97/><T68/><D68/><U123/><E123/><V125/><N who="2" m="48689" /><V1/><DORA hai="41" /><F1/><W11/><G96/><T35/><D35/><U38/><E135/><V33/><F33/><W15/><G44/><T31/><D31/><N who="1" m="17847" /><E38/><V9/><F9/><W78/><G11/><T49/><D49/><U85/><E48/><RYUUKYOKU ba="1,0" sc="180,15,425,-15,175,15,220,-15" hai0="10,12,18,88,91,100,102" hai2="17,26,79,82,84,89,90" /><INIT seed="2,2,0,2,5,58" ten="195,410,190,205" oya="2" hai0="20,100,79,3,124,27,69,120,93,23,108,103,28" hai1="15,119,35,85,22,102,128,61,59,132,127,33,14" hai2="129,8,121,126,134,89,42,34,9,24,45,118,19" hai3="46,76,86,57,82,113,117,92,115,114,99,73,105"/><V90/><F121/><W7/><G7/><T91/><D108/><U107/><E119/><V65/><F118/><W31/><G117/><T106/><D106/><U104/><E104/><V68/><F126/><W6/><G6/><T101/><D3/><U32/><E107/><V26/><F129/><W2/><G2/><T109/><D109/><U54/><E128/><V98/><F134/><W47/><G31/><T84/><D124/><U74/><E74/><V64/><F34/><W66/><G105/><T11/><D120/><U16/><E127/><V13/><F9/><W112/><G73/><T37/><D37/><U116/><E116/><V1/><F1/><W41/><G41/><T96/><D11/><U88/><E132/><V70/><F70/><W10/><G10/><T71/><D71/><U97/><E35/><V60/><F65/><W29/><G29/><T48/><D69/><U51/><E33/><V80/><F90/><N who="3" m="55703" /><G115/><T87/><D79/><U18/><E88/><V53/><F98/><W5/><G5/><T110/><D110/><U50/><E32/><V52/><F53/><W56/><G56/><T38/><D38/><U130/><E130/><V83/><F83/><W75/><G75/><T72/><D72/><U123/><E97/><V77/><F89/><W36/><G36/><T95/><D20/><U0/><E123/><V122/><F122/><W94/><G94/><T39/><D39/><U25/><E54/><V17/><F42/><W44/><G44/><T4/><D95/><U125/><E0/><V30/><F30/><W62/><AGARI ba="2,0" hai="46,47,57,62,66,76,82,86,112,113,114" m="55703" machi="62" ten="40,2700,0" yaku="11,1,52,1" doraHai="58" who="3" fromWho="3" sc="195,-9,410,-9,190,-15,205,33" /><INIT seed="3,0,0,5,5,85" ten="186,401,175,238" oya="3" hai0="25,118,37,88,63,27,122,5,38,133,109,135,47" hai1="134,113,68,123,132,12,43,76,107,66,99,57,71" hai2="62,119,23,108,82,120,70,126,130,61,74,75,52" hai3="58,64,80,44,127,32,45,84,111,7,77,124,51"/><W0/><G32/><T31/><D122/><U114/><E123/><V16/><F120/><W18/><G111/><T26/><D118/><U34/><E34/><V36/><F119/><W49/><G0/><T2/><D109/><U69/><E76/><V104/><F108/><W39/><G7/><T8/><D63/><N who="1" m="38255" /><E43/><V86/><F104/><W10/><G39/><T40/><D37/><U128/><E12/><V92/><F36/><W67/><G10/><T30/><D88/><U42/><E42/><V98/><F126/><W54/><G18/><T14/><D14/><U65/><E65/><V19/><F130/><W78/><G58/><T20/><REACH who="0" step="1"/><D20/><REACH who="0" ten="176,401,175,238" step="2"/><U81/><E107/><V35/><F35/><W129/><G127/><T96/><D96/><U1/><E99/><V55/><F74/><W29/><G124/><T125/><D125/><U15/><E81/><V95/><F75/><W6/><G80/><T72/><D72/><U117/><E117/><V59/><F23/><W46/><G129/><T112/><D112/><U48/><E128/><V33/><F33/><W41/><G78/><T17/><D17/><N who="2" m="6730" /><F98/><W28/><G77/><T94/><D94/><N who="2" m="35882" /><F70/><W97/><G97/><T121/><D121/><U13/><E48/><N who="2" m="31111" /><F55/><W116/><G54/><T53/><D53/><U100/><E100/><V11/><F11/><W21/><G116/><T102/><D102/><U105/><E105/><V110/><F110/><W24/><G21/><T60/><D60/><U79/><E79/><AGARI ba="0,1" hai="61,62,79,82,86" m="31111,35882,6730" machi="79" ten="30,3900,0" yaku="8,1,54,2" doraHai="85" who="2" fromWho="1" sc="176,0,401,-39,175,49,238,0" owari="176,-32.0,362,46.0,224,-18.0,238,4.0" /></mjloggm>