<mjloggm ver="2.3"><GO type="41" lobby="0"/><UN n0="%E3%82%A6%E3%83%AB%E3%83%88%E3%83%A9%E7%AB%8B%E7%9B%B4" n1="%73%6F%68%6B%61%74%6F%68" n2="%6E%65%6F%64%61%72%6B" n3="%E3%82%AA%E3%82%B5%E3%82%AD%E7%8B%90" dan="15,15,13,14" rate="1971.83,1989.33,1915.47,1923.71" sx="M,M,M,M"/><TAIKYOKU oya="0"/><INIT seed="0,0,0,5,3,50" ten="250,250,250,250" oya="0" hai0="106,130,14,12,122,119,67,98,121,39,52,97,43" hai1="124,125,131,62,30,47,23,0,11,69,73,18,108" hai2="72,54,71,27,25,34,87,24,61,56,86,46,5" hai3="95,90,114,31,8,38,77,36,44,37,7,105,81"/><T91/><D67/><U10/><E73/><V53/><F72/><W100/><G114/><T51/><D119/><U99/><E131/><V132/><F5/><W93/><G95/><T104/><D130/><U16/><E47/><V40/><F132/><W83/><G81/><T4/><D4/><N who="1" m="1287" /><E99/><V117/><F117/><W32/><G31/><T64/><D64/><U107/><E107/><V103/><F103/><W115/><G32/><T129/><D129/><U127/><E62/><V55/><F71/><W126/><G115/><T17/><D51/><U13/><E69/><V80/><F34/><W112/><G126/><T133/><D43/><U19/><E108/><V65/><REACH who="2" step="1"/><F80/><REACH who="2" ten="250,250,240,250" step="2"/><W88/><G112/><T78/><D133/><U118/><E118/><V58/><F58/><W68/><G68/><T128/><D128/><U76/><E76/><V102/><F102/><W110/><G110/><T63/><D78/><U59/><E59/><V116/><F116/><W3/><G44/><T6/><D91/><U35/><E35/><V2/><F2/><W57/><G57/><T134/><D134/><U82/><E82/><V48/><AGARI ba="0,1" hai="24,25,27,40,46,48,53,54,55,56,61,65,86,87" machi="48" ten="30,12000,2" yaku="1,1,0,1,8,1,52,3,53,0" doraHai="50" doraHaiUra="28" who="2" fromWho="2" sc="250,-60,250,-30,240,130,250,-30" /><INIT seed="1,0,0,0,3,33" ten="190,220,370,220" oya="1" hai0="91,30,32,42,120,51,57,34,97,133,16,8,127" hai1="89,67,135,41,94,122,86,52,24,118,130,83,39" hai2="20,75,40,77,2,102,31,73,37,29,43,117,55" hai3="59,12,74,49,108,68,125,64,105,72,113,61,63"/><U126/><E122/><V106/><F117/><W90/><G105/><T18/><D120/><U11/><E118/><V111/><F37/><W128/><G113/><T35/><D30/><U54/><E135/><V132/><F132/><W131/><G108/><T116/><D116/><U103/><E130/><N who="3" m="49706" /><G125/><T109/><D109/><U134/><E134/><V115/><F111/><W93/><G49/><T13/><D127/><U129/><E129/><V69/><F69/><W65/><G12/><T56/><D133/><U60/><E126/><V46/><F115/><W119/><G119/><T6/><D56/><N who="1" m="37255" /><E39/><V62/><F77/><W50/><G50/><T0/><D13/><U19/><E41/><V80/><F80/><W27/><G27/><T1/><D1/><U101/><E11/><V4/><F102/><N who="1" m="38921" /><E83/><V10/><F106/><W99/><AGARI ba="0,0" hai="59,61,63,64,65,68,72,74,90,93,99" m="49706" machi="99" ten="30,1100,0" yaku="19,1" doraHai="33" who="3" fromWho="3" sc="190,-3,220,-5,370,-3,220,11" /><INIT seed="2,0,0,2,4,31" ten="187,215,367,231" oya="2" hai0="66,90,80,120,61,47,92,109,57,111,107,36,89" hai1="33,50,105,62,76,53,48,10,27,35,96,117,9" hai2="132,15,21,115,91,70,93,74,122,135,32,112,4" hai3="99,24,110,13,39,108,131,97,127,106,56,63,49"/><V52/><F70/><W28/><G39/><T72/><D107/><U87/><E117/><V23/><F74/><W29/><G106/><T59/><D120/><U83/><E27/><V16/><F4/><W125/><G13/><T58/><D47/><U22/><E62/><V19/><F122/><W12/><G12/><T43/><D43/><U44/><E22/><V0/><F0/><W77/><G49/><T25/><D36/><U81/><E50/><V113/><F32/><N who="3" m="20487" /><G29/><T71/><D25/><U65/><E65/><V133/><F52/><N who="3" m="34183" /><G77/><T82/><D72/><U104/><E83/><V79/><F79/><W118/><G118/><T130/><D82/><U98/><E105/><V7/><F7/><W114/><G114/><T18/><D80/><U69/><E69/><V78/><F78/><W37/><G37/><T14/><D14/><U73/><E73/><V17/><F15/><W6/><G6/><T8/><D8/><U38/><E38/><V119/><F119/><W85/><G85/><AGARI ba="0,0" hai="16,17,19,21,23,85,91,93,112,113,115,132,133,135" machi="85" ten="50,12000,1" yaku="29,2,20,1,54,1" doraHai="31" who="2" fromWho="3" sc="187,0,215,0,367,120,231,-120" /><INIT seed="2,1,0,0,3,95" ten="187,215,487,111" oya="2" hai0="67,86,88,125,68,76,6,49,66,56,70,34,105" hai1="120,27,87,90,38,54,127,81,117,133,46,24,80" hai2="57,134,83,123,44,35,41,135,26,20,8,33,40" hai3="31,30,60,63,16,29,69,72,132,9,28,50,43"/><V119/><F123/><W10/><G72/><T102/><D76/><U64/><E117/><V15/><F119/><W100/><G69/><T74/><D74/><U19/><E133/><V96/><F83/><W7/><G132/><N who="2" m="50729" /><F57/><W25/><G100/><T131/><D34/><U53/><E127/><V89/><F41/><W47/><N who="3" m="7680" /><DORA hai="0" /><W129/><G129/><T121/><D121/><U45/><E38/><V115/><F115/><W103/><G103/><T94/><D125/><U77/><E64/><V12/><F26/><N who="1" m="9769" /><E19/><V112/><F20/><W98/><G98/><T78/><D131/><U108/><E108/><V71/><F71/><W106/><G106/><T104/><D104/><U118/><E118/><V11/><F112/><W37/><G37/><T111/><D70/><U48/><E120/><V55/><F55/><N who="1" m="21001" /><E48/><V124/><F124/><W91/><G91/><T130/><D68/><U61/><E61/><V58/><F58/><W17/><G10/><T92/><D105/><U32/><E32/><V82/><F11/><W93/><G93/><T116/><D92/><U4/><E4/><V5/><F15/><N who="3" m="5567" /><G25/><T126/><D126/><U85/><AGARI ba="1,0" hai="45,46,77,80,81,85,87,90" m="21001,9769" machi="85" ten="30,1100,0" yaku="8,1" doraHai="95,0" who="1" fromWho="1" sc="187,-4,215,14,487,-6,111,-4" /><INIT seed="3,0,0,4,1,88" ten="183,229,481,107" oya="3" hai0="32,116,76,120,75,2,52,36,70,119,71,13,96" hai1="62,47,92,10,29,108,85,74,94,107,50,97,123" hai2="73,45,43,91,111,114,93,67,15,103,55,17,132" hai3="68,95,109,77,6,27,129,48,65,125,19,84,5"/><W8/><G125/><T117/><D2/><U121/><E74/><V126/><F73/><W61/><G129/><T118/><D32/><U40/><E107/><V1/><F1/><W69/><G68/><T33/><D33/><U133/><E133/><V57/><F114/><W4/><G109/><T51/><D36/><U60/><E108/><V18/><F67/><W37/><G37/><T49/><D120/><U79/><E29/><V34/><F103/><W23/><G48/><T115/><D115/><U11/><E123/><V0/><F0/><W66/><G65/><T9/><D75/><U134/><E134/><V35/><F111/><W128/><G128/><T30/><D70/><U53/><E121/><V105/><F18/><W16/><G19/><T38/><D38/><U42/><E97/><V26/><F26/><W12/><REACH who="3" step="1"/><G95/><REACH who="3" ten="183,229,481,97" step="2"/><N who="1" m="36394" /><E62/><V14/><F126/><W110/><G110/><T54/><D71/><U22/><E60/><V101/><F132/><W64/><G64/><T20/><D119/><U56/><E56/><V124/><F17/><W21/><G21/><T44/><D118/><U41/><E22/><V72/><F57/><W80/><AGARI ba="0,1" hai="4,5,6,8,12,16,23,27,61,66,69,77,80,84" machi="80" ten="30,6000,0" yaku="1,1,0,1,54,1,53,0" doraHai="88" doraHaiUra="46" who="3" fromWho="3" sc="183,-20,229,-20,481,-20,97,70" /><INIT seed="3,1,0,3,4,38" ten="163,209,461,167" oya="3" hai0="28,93,115,21,41,79,39,124,82,1,92,108,5" hai1="36,50,103,45,129,104,123,47,12,113,73,60,4" hai2="31,29,118,110,120,133,52,9,100,128,83,134,106" hai3="20,78,61,117,105,88,24,109,75,42,35,34,19"/><W127/><G105/><T32/><D115/><U10/><E113/><V81/><F118/><W3/><G3/><T44/><D21/><U85/><E73/><V25/><F120/><W125/><G117/><T46/><D46/><U98/><E123/><V15/><F110/><W54/><G75/><T64/><D108/><U30/><E129/><V86/><F128/><W55/><G78/><T57/><D124/><N who="3" m="47689" /><G109/><T56/><D28/><U71/><E30/><V67/><F67/><W95/><G42/><T74/><D32/><N who="3" m="12329" /><G61/><T87/><D64/><U69/><E60/><V16/><F106/><W13/><G13/><T22/><D22/><U96/><E96/><AGARI ba="1,0" hai="19,20,24,54,55,88,95,96" m="12329,47689" machi="96" ten="30,2900,0" yaku="18,1,54,1" doraHai="38" who="3" fromWho="1" sc="163,0,209,-32,461,0,167,32" /><INIT seed="3,2,0,3,5,24" ten="163,177,461,199" oya="3" hai0="104,83,26,23,25,127,49,34,126,76,5,12,8" hai1="18,80,38,20,31,90,57,133,129,21,63,75,103" hai2="87,45,130,4,60,115,114,40,135,113,29,6,58" hai3="117,123,59,27,36,39,132,15,95,42,11,77,62"/><W121/><G117/><T106/><D49/><U120/><E120/><V19/><F130/><W94/><G95/><T66/><D66/><U134/><E38/><V61/><F135/><N who="1" m="51721" /><E129/><V88/><F19/><W1/><G1/><T125/><D26/><N who="1" m="16839" /><E103/><V84/><F61/><W0/><G0/><T97/><D97/><U56/><E63/><V35/><F35/><W70/><G70/><T85/><REACH who="0" step="1"/><D34/><REACH who="0" ten="153,177,461,199" step="2"/><U30/><E75/><V79/><F40/><W102/><G132/><T96/><D96/><U2/><E2/><V116/><F116/><W110/><G123/><T65/><D65/><U99/><E99/><V118/><F118/><W108/><G121/><T33/><D33/><U17/><E57/><V98/><F98/><N who="3" m="59735" /><G59/><T131/><D131/><U119/><E56/><V100/><F115/><W13/><G62/><T128/><D128/><U7/><E119/><V52/><F113/><W101/><G39/><T46/><D46/><U68/><E68/><V37/><F37/><W32/><G36/><T41/><D41/><U44/><E44/><V93/><F45/><W14/><G42/><T73/><D73/><U78/><E78/><V47/><F47/><W50/><G77/><T71/><D71/><U54/><E54/><V81/><F114/><W48/><G101/><T22/><D22/><U86/><E7/><V112/><F100/><W55/><G11/><T122/><D122/><U9/><E9/><V72/><F112/><W124/><G55/><T43/><D43/><U109/><E86/><V64/><F72/><W111/><G50/><T16/><AGARI ba="2,1" hai="5,8,12,16,23,25,76,83,85,104,106,125,126,127" machi="16" ten="30,8000,1" yaku="1,1,0,1,18,1,54,1,53,1" doraHai="24" doraHaiUra="74" who="0" fromWho="0" sc="153,96,177,-22,461,-22,199,-42" /><INIT seed="4,0,0,5,3,130" ten="249,155,439,157" oya="0" hai0="19,72,65,108,101,5,50,41,131,123,98,58,126" hai1="20,87,54,62,6,51,1,8,61,102,89,60,28" hai2="37,103,82,118,39,38,27,116,9,86,78,74,109" hai3="100,44,66,92,107,16,53,128,11,97,121,104,2"/><T49/><D72/><U122/><E122/><V132/><F109/><W63/><G121/><T79/><D79/><U88/><E102/><V124/><F103/><W68/><G128/><T117/><D5/><U55/><E89/><V43/><F124/><W93/><G107/><T29/><D41/><U114/><E114/><V15/><F27/><W112/><G112/><T13/><D117/><N who="2" m="45162" /><F43/><W115/><G115/><T135/><D135/><U75/><E75/><V94/><F132/><W52/><G2/><T34/><D34/><U48/><E20/><V125/><F125/><W47/><G44/><T96/><D131/><U45/><E28/><V67/><F67/><W57/><G47/><T42/><D29/><U36/><E36/><V106/><F106/><W95/><REACH who="3" step="1"/><G68/><REACH who="3" ten="249,155,439,147" step="2"/><T111/><D123/><U99/><E45/><V12/><F39/><W0/><G0/><T127/><D127/><U110/><E110/><V120/><F120/><W73/><G73/><T76/><D126/><U105/><E105/><V69/><F69/><W83/><G83/><T56/><D108/><U119/><E119/><V134/><F74/><W23/><G23/><T10/><D111/><U25/><E1/><V85/><F38/><W71/><G71/><T91/><D58/><U32/><E32/><V22/><F37/><W18/><G18/><T81/><D56/><U40/><E8/><V64/><F22/><W4/><G4/><T24/><D10/><U70/><E6/><V80/><F9/><W90/><G90/><T84/><D91/><U7/><E7/><V133/><F133/><W77/><G77/><RYUUKYOKU ba="0,1" sc="249,-10,155,-10,439,-10,147,30" hai3="11,16,52,53,57,63,66,92,93,95,97,100,104" /><INIT seed="5,1,1,2,5,111" ten="239,145,429,177" oya="1" hai0="7,123,116,100,38,48,97,78,112,64,29,47,131" hai1="75,16,93,71,76,130,51,35,104,68,81,120,62" hai2="70,10,9,84,55,14,87,119,26,92,44,19,101" hai3="31,28,95,36,69,45,41,73,27,30,99,109,113"/><U24/><E120/><V103/><F70/><W121/><G69/><T18/><D38/><U110/><E110/><V135/><F119/><W4/><G73/><T134/><D7/><U23/><E104/><V57/><F44/><W117/><G121/><T94/><D78/><U39/><E39/><V124/><F26/><W88/><G117/><T6/><D6/><U8/><E130/><V127/><F135/><W37/><G36/><T50/><D50/><U74/><E74/><V115/><F115/><W13/><G109/><T129/><D29/><U66/><E35/><V56/><F10/><W17/><G4/><T67/><D18/><U53/><E8/><V52/><F87/><W96/><G99/><T102/><D102/><U77/><E77/><V85/><F85/><W2/><G2/><T20/><D134/><U89/><E62/><V72/><F72/><W58/><G58/><T15/><D20/><U54/><E66/><V98/><F84/><W105/><G105/><T122/><D67/><U108/><E54/><V128/><F128/><W60/><G60/><T5/><D64/><U49/><E49/><V133/><F133/><W25/><REACH who="3" step="1"/><G113/><REACH who="3" ten="239,145,429,167" step="2"/><T21/><D116/><U125/><E108/><V86/><F57/><W22/><AGARI ba="1,2" hai="13,17,22,25,27,28,30,31,37,41,45,88,95,96" machi="22" ten="30,8000,1" yaku="1,1,2,1,0,1,54,1,53,1" doraHai="111" doraHaiUra="90" who="3" fromWho="3" sc="239,-21,145,-41,429,-21,167,103" /><INIT seed="6,0,0,4,1,91" ten="218,104,408,270" oya="2" hai0="67,47,4,125,83,65,86,10,49,104,85,118,41" hai1="15,59,69,71,88,34,116,70,22,55,40,117,25" hai2="105,110,51,126,29,90,56,44,11,26,48,43,76" hai3="78,3,72,27,133,9,123,18,112,134,79,54,30"/><V24/><F105/><W5/><G123/><T82/><D104/><U77/><E34/><V28/><F76/><N who="3" m="29227" /><G72/><T7/><D125/><U45/><E77/><V19/><F126/><W53/><G18/><T46/><D10/><U131/><E15/><V36/><F110/><W111/><G111/><T52/><D118/><U96/><E131/><V122/><F122/><W93/><G93/><T107/><D107/><U63/><E117/><V129/><F129/><W84/><G84/><T115/><D49/><U61/><E116/><V108/><F108/><W33/><G112/><T0/><D41/><U50/><E63/><V113/><F113/><W64/><G64/><T14/><D14/><U20/><REACH who="1" step="1"/><E25/><REACH who="1" ten="218,94,408,270" step="2"/><V68/><F26/><W75/><G75/><T100/><D115/><U6/><E6/><V32/><F24/><W39/><G5/><T114/><D114/><U81/><E81/><V87/><F11/><W74/><G27/><T124/><D83/><U121/><E121/><V130/><F130/><W94/><G9/><T106/><D82/><U21/><E21/><V42/><F32/><W13/><G33/><T31/><D7/><U132/><E132/><V60/><F60/><W8/><G13/><T17/><D4/><U128/><E128/><V2/><F2/><W57/><G8/><T135/><D0/><U109/><E109/><V1/><F1/><W38/><G3/><T66/><D135/><U12/><E12/><V89/><F68/><W95/><G133/><T102/><D124/><U23/><E23/><V99/><F36/><W35/><G134/><T97/><D17/><RYUUKYOKU ba="0,1" sc="218,-10,94,30,408,-10,270,-10" hai1="20,22,40,45,50,55,59,61,69,70,71,88,96" /><INIT seed="7,1,1,4,3,88" ten="208,124,398,260" oya="3" hai0="117,107,24,132,48,33,8,122,133,93,101,20,6" hai1="92,34,51,67,17,60,50,81,18,134,94,12,96" hai2="100,110,31,83,65,35,104,85,9,59,64,42,73" hai3="41,55,38,99,97,76,5,58,98,25,29,131,111"/><W54/><G111/><T28/><D107/><U14/><E34/><V124/><F110/><W89/><G131/><T114/><D122/><U84/><E134/><N who="0" m="51817" /><D48/><U4/><E4/><V87/><F73/><W129/><G129/><T106/><D106/><U116/><E116/><V105/><F42/><W53/><G76/><T52/><D52/><N who="3" m="20073" /><G38/><T80/><D80/><U15/><E96/><V47/><F47/><W102/><G5/><T27/><D117/><U26/><E26/><V90/><F9/><W16/><G29/><N who="0" m="19647" /><D114/><U68/><E51/><V13/><F31/><W19/><G41/><T115/><D115/><U78/><REACH who="1" step="1"/><E50/><REACH who="1" ten="208,114,398,260" step="2"/><V109/><F35/><W22/><G102/><T71/><D101/><U10/><E10/><V46/><F100/><W70/><G70/><T130/><D71/><U66/><E66/><V108/><F65/><W69/><G69/><T37/><D130/><U123/><E123/><V119/><F109/><W43/><G43/><T91/><D37/><U72/><E72/><V45/><F119/><W74/><G74/><T75/><D75/><U113/><E113/><V126/><F108/><W36/><G36/><T23/><D8/><U57/><E57/><V30/><F64/><W103/><G103/><T120/><D120/><U77/><E77/><V21/><F59/><W7/><G7/><T11/><D11/><U3/><E3/><V62/><F105/><W44/><G58/><T125/><D6/><U2/><E2/><V39/><F104/><W118/><G118/><T61/><D24/><U56/><E56/><V1/><F39/><W86/><G25/><RYUUKYOKU ba="1,2" sc="208,-10,114,30,398,-10,260,-10" hai1="12,14,15,17,18,60,67,68,78,81,84,92,94" owari="198,-20.0,144,-36.0,408,51.0,250,5.0" /></mjloggm>