<mjloggm ver="2.3"><GO type="97" lobby="0"/><UN n0="%E3%82%A6%E3%83%AB%E3%83%88%E3%83%A9%E7%AB%8B%E7%9B%B4" n1="%6E%75%63%63%6C%65%6E%65" n2="%62%7A%68%67" n3="%6E%61%6B%61%6A%75%75%6E" dan="15,14,13,15" rate="2023.84,1925.98,1885.08,1972.51" sx="M,M,M,M"/><TAIKYOKU oya="0"/><INIT seed="0,0,0,0,3,86" ten="250,250,250,250" oya="0" hai0="103,9,134,124,55,20,119,96,88,54,23,49,77" hai1="53,92,69,112,32,8,31,73,82,50,101,110,3" hai2="133,24,123,43,10,6,15,58,63,89,129,52,68" hai3="1,61,117,22,13,108,35,17,18,113,4,115,28"/><T0/><D119/><U56/><E69/><V75/><F75/><W121/><G61/><T27/><D124/><U106/><E106/><V74/><F74/><W7/><G117/><T127/><D127/><U29/><E112/><V21/><F123/><W36/><G36/><T100/><D134/><U34/><E110/><V79/><F79/><W19/><G108/><T109/><D77/><U93/><E73/><V14/><F133/><W85/><G85/><T118/><D118/><U45/><E82/><V66/><F129/><W84/><G84/><T16/><D0/><U70/><E70/><V132/><F43/><W95/><G95/><N who="0" m="56423" /><D9/><U51/><E101/><N who="0" m="38985" /><D109/><U26/><E8/><V116/><F116/><W104/><G104/><T40/><D23/><U62/><E3/><V30/><F132/><W98/><G121/><T65/><D65/><U97/><E34/><V2/><F89/><W39/><G98/><T81/><D81/><U78/><E78/><V111/><F111/><W122/><G39/><T130/><D130/><U44/><E32/><V47/><F47/><AGARI ba="0,0" hai="16,20,27,40,47,49,54,55" m="38985,56423" machi="47" ten="30,11600,0" yaku="8,1,52,1,54,2" doraHai="86" who="0" fromWho="2" sc="250,116,250,0,250,-116,250,0" /><INIT seed="0,1,0,0,3,77" ten="366,250,134,250" oya="0" hai0="75,61,121,98,50,32,21,114,123,117,66,95,15" hai1="99,78,31,83,97,85,68,90,57,76,16,0,82" hai2="104,4,39,13,6,26,65,7,135,100,35,14,73" hai3="1,72,132,40,133,131,91,3,54,126,86,20,22"/><T44/><D32/><U89/><E0/><N who="3" m="74" /><G72/><T108/><D75/><U53/><E68/><V36/><F73/><W88/><G40/><T134/><D117/><U67/><E31/><V80/><F65/><W105/><G105/><T129/><D114/><U130/><E67/><V10/><F135/><N who="3" m="51787" /><G131/><T33/><D33/><U30/><E30/><V28/><F104/><W102/><G102/><T8/><D129/><U55/><E130/><V106/><F106/><W23/><G126/><T115/><D134/><U120/><E120/><V52/><F100/><W29/><G54/><T70/><D108/><U118/><E118/><V11/><F4/><W109/><G109/><T81/><D115/><U74/><E55/><V112/><F112/><W93/><G91/><T101/><D50/><U103/><E99/><V46/><F39/><W127/><G127/><T59/><D44/><U63/><E97/><V49/><REACH who="2" step="1"/><F36/><REACH who="2" ten="366,250,124,250" step="2"/><W2/><N who="3" m="82" /><W34/><DORA hai="27" /><G34/><T92/><D121/><U37/><E37/><V17/><F17/><W51/><G51/><T19/><D123/><U69/><E103/><V45/><F45/><W94/><G29/><T60/><D101/><U25/><REACH who="1" step="1"/><E69/><REACH who="1" ten="366,240,124,250" step="2"/><V116/><F116/><W18/><G18/><T79/><D70/><U43/><E43/><V107/><F107/><W24/><G24/><T41/><D41/><U64/><E64/><V48/><F48/><W9/><G9/><T128/><D8/><U96/><E96/><V119/><F119/><W12/><G12/><T56/><D98/><U58/><E58/><V122/><F122/><W71/><G71/><RYUUKYOKU ba="1,2" sc="366,-30,240,10,124,10,250,10" hai1="16,25,53,57,63,74,76,78,82,83,85,89,90" hai2="6,7,10,11,13,14,26,28,35,46,49,52,80" hai3="20,22,23,86,88,93,94" /><INIT seed="1,2,2,5,0,61" ten="336,250,134,260" oya="1" hai0="6,106,129,57,122,90,131,63,127,112,79,128,21" hai1="88,89,1,70,32,91,119,8,54,27,48,4,68" hai2="56,55,97,26,11,34,13,0,109,52,49,51,75" hai3="92,66,103,60,115,74,2,125,124,72,41,24,22"/><U98/><E119/><V50/><F75/><W95/><G2/><T73/><D106/><U69/><E32/><V100/><F0/><W105/><G105/><T42/><D112/><U104/><E27/><V43/><F109/><W23/><G41/><T118/><D118/><U114/><E114/><V87/><F34/><W116/><G115/><T25/><D122/><U130/><E130/><V135/><F135/><W107/><G107/><T71/><D71/><U58/><REACH who="1" step="1"/><E104/><REACH who="1" ten="336,240,134,260" step="2"/><V18/><F26/><W47/><G116/><T134/><D134/><U110/><E110/><V123/><F123/><W19/><G24/><T78/><D25/><U132/><E132/><V77/><F100/><W80/><G124/><T101/><D127/><U20/><E20/><V113/><F113/><W28/><G125/><T3/><D21/><U12/><E12/><V84/><F97/><AGARI ba="2,3" hai="1,4,8,48,54,58,68,69,70,88,89,91,97,98" machi="97" ten="50,4800,0" yaku="1,1,54,1,53,0" doraHai="61" doraHaiUra="102" who="1" fromWho="2" sc="336,0,240,84,134,-54,260,0" /><INIT seed="1,3,0,0,0,51" ten="336,324,80,260" oya="1" hai0="20,69,55,3,131,78,17,128,107,101,80,114,88" hai1="62,87,118,23,26,22,126,44,56,38,135,92,91" hai2="50,95,42,57,59,72,54,5,75,130,115,49,105" hai3="11,65,113,96,32,18,7,53,112,1,58,99,27"/><U85/><E118/><V134/><F105/><W36/><G36/><T33/><D69/><U77/><E135/><V110/><F115/><W76/><G76/><T97/><D33/><U84/><E126/><V47/><F134/><W103/><G65/><T93/><D3/><U89/><E77/><V0/><F130/><N who="0" m="49706" /><D114/><U109/><E109/><V119/><F110/><W16/><G32/><T63/><D17/><U40/><E91/><V111/><F119/><W90/><G90/><T86/><D20/><U60/><E60/><V106/><F111/><W74/><G74/><N who="0" m="43095" /><D63/><U48/><E38/><V73/><F106/><W43/><G43/><T116/><D55/><U41/><E41/><V31/><F31/><W4/><G4/><T30/><D30/><U108/><E108/><V121/><F121/><W52/><G103/><T2/><D2/><U10/><E10/><V21/><F21/><W9/><G7/><T64/><D64/><U29/><REACH who="1" step="1"/><E23/><REACH who="1" ten="336,314,80,260" step="2"/><V98/><F0/><W129/><G129/><T15/><D116/><U79/><E79/><V66/><F66/><AGARI ba="3,1" hai="22,26,29,40,44,48,56,62,66,84,85,87,89,92" machi="66" ten="30,5800,0" yaku="1,1,7,1,8,1,53,0" doraHai="51" doraHaiUra="71" who="1" fromWho="2" sc="336,0,314,77,80,-67,260,0" /><INIT seed="1,4,0,2,1,39" ten="336,391,13,260" oya="1" hai0="104,51,85,105,47,16,54,134,72,84,10,32,106" hai1="133,65,68,81,99,28,9,69,4,40,19,97,49" hai2="87,126,15,128,60,14,79,61,110,80,66,45,17" hai3="78,95,11,53,88,132,46,27,57,52,91,116,3"/><U111/><E28/><V108/><F126/><W2/><G116/><T92/><D72/><U86/><E133/><V21/><F128/><W119/><G119/><T82/><D32/><U20/><E111/><V24/><F110/><W8/><G132/><T89/><D134/><U13/><E65/><V58/><F108/><W44/><G78/><T75/><D75/><U112/><E69/><V131/><F131/><W25/><G57/><T30/><D30/><U71/><E71/><V127/><F127/><W50/><G50/><T63/><D63/><U12/><E68/><V36/><F61/><W6/><G95/><T125/><D125/><U1/><E1/><V22/><F21/><W34/><G6/><T38/><D38/><U113/><E113/><V93/><F93/><W56/><G56/><T120/><D120/><U73/><E73/><V118/><F118/><W37/><G37/><T59/><D59/><U130/><E112/><V64/><F66/><W31/><G31/><T74/><D74/><U70/><E70/><V0/><F0/><W102/><G102/><T114/><D114/><U103/><E103/><V101/><F101/><W7/><G7/><T77/><D105/><U98/><E130/><V48/><REACH who="2" step="1"/><F36/><REACH who="2" ten="336,391,3,260" step="2"/><W121/><REACH who="3" step="1"/><G34/><REACH who="3" ten="336,391,3,250" step="2"/><T42/><D106/><U109/><E109/><V94/><F94/><W76/><G76/><T100/><D100/><U43/><E49/><V135/><F135/><W96/><G96/><T83/><D104/><U67/><E67/><V90/><F90/><AGARI ba="4,2" hai="4,9,12,13,19,20,40,43,81,86,90,97,98,99" machi="90" ten="40,7700,0" yaku="8,1,52,2" doraHai="39" who="1" fromWho="2" sc="336,0,391,109,3,-89,250,0" owari="336,14.0,500,60.0,-86,-59.0,250,-15.0" /></mjloggm>