<mjloggm ver="2.3"><GO type="97" lobby="0"/><UN n0="%5A%41%4B%4B%35%31" n1="%E3%81%86%E3%81%84%E3%81%A1%E2%98%86" n2="%E6%BA%80%E5%A4%AB%EF%BC%92" n3="%E3%82%A6%E3%83%AB%E3%83%88%E3%83%A9%E7%AB%8B%E7%9B%B4" dan="15,13,13,15" rate="1986.10,1810.28,1858.02,2028.13" sx="M,M,M,M"/><TAIKYOKU oya="0"/><INIT seed="0,0,0,2,2,128" ten="250,250,250,250" oya="0" hai0="70,82,124,102,79,85,119,92,126,41,6,95,117" hai1="133,58,131,10,42,39,51,88,132,89,34,115,9" hai2="68,104,13,5,91,52,135,45,65,23,31,37,63" hai3="53,110,87,98,106,108,64,4,105,90,73,67,50"/><T107/><D70/><U35/><E131/><V26/><F104/><W27/><G27/><T57/><D41/><U29/><E39/><V121/><F121/><W114/><G4/><T18/><D6/><U12/><E115/><V129/><F129/><W47/><G73/><T84/><D57/><U109/><E42/><V130/><F130/><W83/><G114/><T62/><D62/><U77/><E77/><V72/><F72/><W25/><G25/><T78/><D18/><U21/><E21/><V2/><F2/><W94/><G105/><T20/><D20/><U15/><E51/><V38/><F135/><W61/><G106/><T44/><D44/><U55/><E55/><V17/><F91/><W11/><G11/><T36/><D36/><U54/><E54/><V76/><F76/><W122/><G122/><T103/><D107/><U116/><E58/><V60/><F5/><W66/><REACH who="3" step="1"/><G61/><REACH who="3" ten="250,250,250,240" step="2"/><T19/><D19/><U33/><E33/><V134/><F60/><W71/><G71/><T1/><D1/><U123/><E29/><V127/><F127/><W86/><G86/><T46/><D46/><U69/><E69/><V48/><REACH who="2" step="1"/><F134/><REACH who="2" ten="250,250,240,240" step="2"/><W74/><G74/><T118/><REACH who="0" step="1"/><D119/><REACH who="0" ten="240,250,240,240" step="2"/><U22/><E116/><V49/><F49/><W3/><G3/><T30/><D30/><U100/><E132/><V93/><F93/><W80/><G80/><AGARI ba="0,3" hai="78,79,80,82,84,85,92,95,102,103,117,118,124,126" machi="80" ten="25,18000,2" yaku="1,1,22,2,34,3,53,0" doraHai="128" doraHaiUra="111" who="0" fromWho="3" sc="240,210,250,0,240,0,240,-180" /><INIT seed="0,1,0,4,0,91" ten="450,250,240,60" oya="0" hai0="19,32,87,93,121,118,114,27,109,103,108,115,98" hai1="61,57,105,66,102,88,85,47,135,12,45,111,20" hai2="69,34,21,113,33,13,77,24,131,73,80,119,125" hai3="54,7,30,25,94,40,43,92,41,128,2,74,89"/><T122/><D32/><U78/><E78/><V63/><F113/><N who="0" m="43018" /><D19/><N who="1" m="10343" /><E105/><V23/><F119/><W37/><G37/><T95/><D27/><U79/><E79/><V116/><F116/><W86/><G74/><T68/><D68/><U39/><E39/><V22/><F125/><W16/><G2/><T123/><D118/><U36/><E36/><V3/><F131/><W15/><G7/><T82/><D95/><N who="3" m="36393" /><G128/><T130/><D130/><U58/><E102/><V100/><F3/><W14/><G30/><T126/><D126/><U42/><E42/><V97/><F13/><N who="3" m="4619" /><G54/><T46/><D46/><U51/><E45/><V101/><F101/><W48/><G48/><T132/><D132/><U55/><E135/><V60/><F63/><W117/><G117/><T104/><D104/><U29/><E47/><V50/><F50/><W133/><G133/><T112/><D112/><U107/><E51/><V53/><F53/><W64/><G64/><T120/><D120/><U1/><E66/><V99/><F97/><W18/><G25/><T26/><D26/><U70/><E61/><V90/><F90/><AGARI ba="1,0" hai="82,87,90,93,98,103,108,109,121,122,123" m="43018" machi="90" ten="40,7700,0" yaku="34,2,52,1" doraHai="91" who="0" fromWho="2" sc="450,80,250,0,240,-80,60,0" /><INIT seed="0,2,0,0,4,32" ten="530,250,160,60" oya="0" hai0="66,110,119,107,122,129,55,25,12,59,24,69,33" hai1="6,42,51,29,62,47,100,124,71,127,115,8,4" hai2="106,117,134,81,35,90,88,125,82,41,44,39,31" hai3="43,16,7,131,87,10,77,11,65,19,101,98,78"/><T1/><D107/><U2/><E115/><V30/><F106/><W48/><G131/><T109/><D1/><U58/><E71/><V37/><F35/><W85/><G65/><T128/><D119/><U20/><E100/><V5/><F5/><W103/><G48/><T68/><D122/><U52/><E6/><V80/><F117/><W104/><G43/><T123/><D123/><U99/><E99/><V135/><F125/><W17/><G104/><T75/><D75/><U97/><E97/><V3/><F41/><W26/><G98/><T130/><D12/><U72/><E72/><V9/><F44/><W15/><G26/><N who="0" m="10347" /><D66/><U105/><E105/><V23/><F23/><W50/><G50/><N who="0" m="31223" /><D33/><U21/><E29/><N who="2" m="10763" /><F9/><W13/><G7/><T34/><D34/><U70/><E70/><AGARI ba="2,0" hai="68,69,70,109,110,128,129,130" m="31223,10347" machi="70" ten="40,2000,0" yaku="19,1" doraHai="32" who="0" fromWho="1" sc="530,26,250,-26,160,0,60,0" /><INIT seed="0,3,0,1,4,67" ten="556,224,160,60" oya="0" hai0="35,41,120,134,71,29,126,50,110,17,88,96,61" hai1="117,91,10,24,118,107,30,33,81,116,70,73,128" hai2="3,90,129,132,122,64,36,48,1,106,49,57,32" hai3="105,135,28,121,89,22,108,85,27,31,16,80,65"/><T58/><D120/><U8/><E107/><V86/><F122/><W37/><G105/><T51/><D126/><U39/><E39/><V40/><F106/><W100/><G37/><T4/><D134/><U114/><E114/><V19/><F129/><W26/><G108/><T43/><D110/><U115/><E115/><V104/><F104/><W59/><G135/><T52/><D4/><U101/><E101/><V14/><F32/><W47/><G100/><T77/><D77/><U66/><E128/><V82/><F132/><W62/><G121/><T15/><D29/><U6/><E10/><V92/><F36/><W11/><G47/><N who="0" m="27743" /><D71/><U7/><E7/><V63/><F40/><W25/><REACH who="3" step="1"/><G11/><REACH who="3" ten="556,224,160,50" step="2"/><N who="0" m="6399" /><D35/><U98/><E33/><V84/><F3/><W72/><G72/><T109/><D109/><U76/><E73/><V5/><F1/><W127/><G127/><T60/><D51/><U94/><E118/><V18/><F5/><W38/><G38/><T68/><D68/><U103/><E6/><V125/><F125/><W54/><G54/><N who="0" m="33879" /><D61/><U34/><E117/><V55/><F55/><W112/><G112/><T102/><D102/><U13/><E34/><V119/><F119/><W56/><G56/><T42/><D42/><U46/><E116/><V79/><REACH who="2" step="1"/><F19/><REACH who="2" ten="556,224,150,50" step="2"/><W45/><G45/><T97/><D97/><U83/><E98/><V113/><F113/><W0/><G0/><T99/><D99/><U131/><E46/><V21/><AGARI ba="3,2" hai="14,18,21,48,49,57,63,64,79,82,84,86,90,92" machi="21" ten="20,5200,0" yaku="1,1,0,1,7,1,8,1,53,0" doraHai="67" doraHaiUra="20" who="2" fromWho="2" sc="556,-29,224,-16,150,81,50,-16" /><INIT seed="1,0,0,0,3,59" ten="527,208,231,34" oya="1" hai0="10,3,75,117,105,120,124,30,62,78,28,119,127" hai1="0,132,19,89,104,99,98,109,20,17,79,81,84" hai2="106,107,8,115,11,49,69,39,134,48,128,125,33" hai3="43,32,63,35,118,122,74,29,77,57,103,31,1"/><U53/><E0/><V133/><F33/><W80/><G1/><T40/><D40/><U88/><E104/><N who="2" m="39979" /><F69/><W116/><G103/><T23/><D23/><U2/><E2/><V114/><F39/><W68/><G43/><T54/><D78/><U100/><E132/><N who="2" m="50795" /><F125/><N who="0" m="48202" /><D105/><U113/><E113/><N who="2" m="43019" /><F128/><W34/><G68/><T67/><D75/><U44/><E44/><V108/><F108/><W12/><G12/><T112/><D112/><U93/><E109/><V4/><F4/><W90/><G34/><T130/><D130/><U95/><E53/><V38/><F38/><W41/><G41/><T94/><D54/><U5/><E5/><V26/><F26/><W42/><G42/><T72/><D72/><U50/><E50/><AGARI ba="0,0" hai="8,11,48,49,50" m="43019,50795,39979" machi="50" ten="40,8000,1" yaku="28,2,20,1,11,1" doraHai="59" who="2" fromWho="1" sc="527,0,208,-80,231,80,34,0" /><INIT seed="2,0,0,5,3,122" ten="527,128,311,34" oya="2" hai0="73,43,105,115,130,132,8,28,26,110,52,129,90" hai1="87,64,70,120,14,133,93,41,101,51,106,16,59" hai2="84,47,92,48,104,63,65,79,20,112,25,9,49" hai3="44,7,18,33,123,0,30,82,58,13,114,88,32"/><V55/><F104/><W53/><G123/><T96/><D73/><U12/><E70/><V29/><F112/><W17/><G114/><T100/><D115/><U131/><E106/><V38/><F38/><W111/><G44/><T66/><D132/><U118/><E120/><V54/><F9/><W21/><G30/><T15/><D66/><U1/><E1/><V121/><F121/><W117/><G117/><T81/><D43/><U124/><E118/><V99/><F79/><W125/><G125/><T36/><D36/><U39/><E39/><V37/><F37/><W80/><G7/><T24/><D24/><U102/><E124/><V67/><F84/><W103/><G0/><T91/><D52/><U72/><E133/><V6/><F6/><W108/><G103/><T69/><D69/><U57/><E72/><V62/><F65/><W61/><G18/><T75/><D75/><U83/><E64/><V68/><F62/><W127/><G127/><T56/><D56/><U71/><E71/><V119/><F119/><W98/><G98/><T128/><D81/><N who="3" m="31337" /><G88/><T89/><D15/><U76/><E76/><V46/><F99/><W34/><G33/><N who="0" m="20631" /><D8/><U2/><E2/><V31/><F92/><W113/><G113/><T45/><D45/><U95/><E93/><V10/><REACH who="2" step="1"/><F10/><REACH who="2" ten="527,128,301,34" step="2"/><W23/><G34/><T3/><D3/><U40/><E95/><V134/><F134/><W74/><G32/><T85/><D85/><U11/><E87/><V97/><F97/><W77/><G23/><T94/><D94/><U126/><E11/><V27/><F27/><W4/><G4/><RYUUKYOKU ba="0,1" sc="527,10,128,-30,301,10,34,10" hai0="89,90,91,96,100,105,110,128,129,130" hai2="20,25,29,31,46,47,48,49,54,55,63,67,68" hai3="13,17,21,53,58,61,74,77,108,111" /><INIT seed="2,1,1,1,4,66" ten="537,98,311,44" oya="2" hai0="62,108,109,70,58,57,81,116,41,47,92,89,33" hai1="10,34,121,54,94,118,50,79,102,20,73,110,39" hai2="22,63,4,129,30,122,59,72,38,13,85,128,99" hai3="64,1,113,78,67,60,3,88,107,19,69,68,65"/><V6/><F72/><W37/><G107/><T87/><D33/><U49/><E39/><V40/><F99/><W90/><G37/><T53/><D116/><U117/><E34/><V134/><F122/><W35/><G35/><T31/><D31/><U7/><E121/><V83/><F134/><W43/><G43/><T105/><D105/><U71/><E73/><V100/><F100/><W21/><G78/><T11/><D11/><U45/><E79/><V101/><F101/><W52/><G113/><T5/><D5/><U125/><E20/><V123/><F123/><W42/><G42/><T23/><D23/><U2/><E102/><V8/><F40/><W9/><G9/><T16/><D16/><U130/><E94/><V56/><F38/><W80/><G80/><T104/><D104/><U24/><E24/><N who="2" m="16663" /><F63/><W32/><G32/><T98/><D58/><U28/><E28/><V131/><F4/><W93/><G3/><T91/><REACH who="0" step="1"/><D70/><REACH who="0" ten="527,98,311,44" step="2"/><U133/><E71/><V36/><F36/><AGARI ba="1,2" hai="36,41,47,53,57,62,81,87,89,91,92,98,108,109" machi="36" ten="40,2600,0" yaku="1,1,2,1,53,0" doraHai="66" doraHaiUra="119" who="0" fromWho="2" sc="527,49,98,0,311,-29,44,0" /><INIT seed="3,0,0,0,4,78" ten="576,98,282,44" oya="3" hai0="57,2,91,43,106,8,112,71,123,103,49,97,68" hai1="23,58,130,122,4,133,107,3,89,88,67,77,90" hai2="27,61,75,69,125,92,95,129,50,63,10,46,59" hai3="36,117,29,32,76,22,127,100,44,42,74,72,21"/><W66/><G117/><T115/><D123/><U35/><E35/><V51/><F75/><W110/><G32/><T64/><D91/><U109/><E122/><V24/><F10/><W118/><G127/><T104/><D104/><U79/><E107/><V53/><F125/><W9/><G118/><T126/><D126/><U54/><E67/><V82/><F129/><W48/><G110/><T86/><D86/><U5/><E3/><V11/><F11/><W85/><G100/><T18/><D18/><U114/><E114/><N who="0" m="43561" /><D64/><U124/><E130/><V83/><F69/><W121/><G121/><T102/><D102/><U38/><E38/><V12/><F12/><W132/><G132/><T16/><D2/><U62/><E133/><V60/><F46/><W135/><G135/><T70/><D57/><U17/><E124/><V98/><F98/><W73/><G66/><T56/><D56/><U108/><E109/><V111/><F111/><W105/><G105/><T28/><D28/><U31/><E31/><V128/><F128/><W33/><G36/><T25/><D8/><U37/><E37/><V20/><F20/><W41/><G41/><T0/><D0/><U99/><E99/><V87/><F87/><W119/><G119/><T40/><D49/><N who="2" m="18442" /><F59/><W120/><G120/><T55/><D55/><U47/><E108/><V15/><F15/><W30/><G9/><T6/><D6/><U81/><E4/><V52/><F52/><W96/><G96/><T94/><D106/><U26/><E54/><V101/><F101/><W13/><G13/><T134/><D134/><U39/><E39/><RYUUKYOKU ba="0,0" sc="576,30,98,-10,282,-10,44,-10" hai0="16,25,40,43,68,70,71,94,97,103" owari="606,71.0,88,-31.0,272,7.0,34,-47.0" /></mjloggm>