<mjloggm ver="2.3"><GO type="97" lobby="0"/><UN n0="%74%69%72%6F%72%69" n1="%E6%9C%88%E7%89%99%E6%B3%89" n2="%E3%82%A6%E3%83%AB%E3%83%88%E3%83%A9%E7%AB%8B%E7%9B%B4" n3="%E5%B8%AF%E5%BA%83%E5%B8%82%E4%BB%A3%E8%A1%A8" dan="13,14,15,15" rate="1898.47,1905.47,2014.06,1989.13" sx="M,M,M,M"/><TAIKYOKU oya="0"/><INIT seed="0,0,0,2,4,47" ten="250,250,250,250" oya="0" hai0="36,46,93,90,30,59,81,56,80,22,75,121,111" hai1="69,117,57,89,21,55,96,135,19,41,1,71,63" hai2="39,95,16,129,29,12,48,97,54,73,87,91,109" hai3="125,94,9,76,78,13,124,72,82,40,35,64,34"/><T79/><D121/><U38/><E1/><V99/><F39/><W108/><G108/><T68/><D68/><U4/><E4/><V10/><F73/><W113/><G113/><T11/><D11/><U6/><E6/><V116/><F116/><W134/><G134/><T123/><D123/><U18/><E135/><V14/><F109/><W110/><G110/><T100/><D100/><U119/><E41/><V23/><F129/><W120/><G120/><T112/><D112/><U118/><E38/><V83/><F83/><W66/><G40/><T33/><D33/><N who="3" m="12297" /><G94/><T5/><D5/><U67/><E18/><N who="2" m="8471" /><F29/><W128/><G78/><T60/><D81/><U28/><E28/><V106/><F106/><W77/><G76/><T44/><D111/><U20/><E20/><V42/><F42/><W51/><G128/><T122/><D56/><AGARI ba="0,0" hai="14,16,23,48,54,56,87,91,95,97,99" m="8471" machi="56" ten="30,7700,0" yaku="25,1,8,1,52,1,54,1" doraHai="47" who="2" fromWho="0" sc="250,-77,250,0,250,77,250,0" /><INIT seed="1,0,0,4,3,84" ten="173,250,327,250" oya="1" hai0="17,46,52,112,131,54,51,19,61,135,117,89,14" hai1="103,16,40,25,80,134,98,82,43,10,47,6,58" hai2="125,11,5,127,39,8,50,130,65,67,133,120,23" hai3="122,74,91,79,36,44,119,115,106,63,109,73,132"/><U60/><E134/><V83/><F39/><W104/><G115/><T38/><D117/><U116/><E116/><V126/><F120/><W41/><G119/><T85/><D112/><U2/><E43/><V111/><F111/><W27/><G122/><T49/><D38/><U81/><E25/><V124/><F124/><W20/><G109/><T102/><D135/><U86/><E16/><N who="0" m="6217" /><D131/><U101/><E98/><V99/><F133/><W13/><G132/><T3/><D102/><U69/><E69/><V100/><F130/><W32/><G32/><T29/><D3/><U9/><E9/><V66/><F5/><W72/><G79/><T56/><D61/><U42/><E42/><V22/><F50/><W62/><G13/><T108/><D108/><U97/><E97/><V105/><F83/><W88/><G62/><T1/><D1/><U21/><E21/><AGARI ba="0,0" hai="8,11,21,22,23,65,66,67,99,100,105,125,126,127" machi="21" ten="50,1600,0" yaku="18,1" doraHai="84" who="2" fromWho="1" sc="173,0,250,-16,327,16,250,0" /><INIT seed="2,0,0,1,5,54" ten="173,234,343,250" oya="2" hai0="21,52,129,68,103,125,12,77,92,82,126,29,55" hai1="65,6,7,57,119,127,31,1,78,62,16,89,3" hai2="61,102,133,106,116,34,14,88,74,59,101,95,9" hai3="115,23,108,109,76,79,111,110,97,66,87,4,51"/><V75/><F34/><W118/><G118/><T94/><D68/><U27/><E119/><V53/><F116/><W122/><G122/><T90/><D129/><U2/><E127/><N who="0" m="48649" /><D103/><U100/><E78/><V58/><F133/><W19/><G115/><T104/><D104/><U123/><E100/><V28/><F28/><W49/><G111/><T0/><D0/><U30/><E123/><V84/><F75/><W45/><G4/><T70/><D70/><U48/><E48/><N who="2" m="31015" /><F84/><W64/><G97/><T121/><D121/><U114/><E114/><V130/><F74/><W11/><G11/><T42/><D42/><U33/><E30/><V32/><F32/><W91/><G76/><T24/><D12/><U43/><E43/><V96/><F106/><W5/><G79/><T105/><D105/><U39/><E39/><V56/><F56/><W17/><G5/><T69/><D69/><U135/><E89/><V99/><F99/><W36/><G36/><T47/><D47/><U93/><E135/><V73/><F73/><W26/><G17/><T50/><D50/><N who="3" m="18953" /><G45/><T120/><D120/><U25/><REACH who="1" step="1"/><E93/><AGARI ba="0,0" hai="19,23,26,64,66,87,91,93,108,109,110" m="18953" machi="93" ten="30,1000,0" yaku="14,1" doraHai="54" who="3" fromWho="1" sc="173,0,234,-10,343,0,250,10" /><INIT seed="3,0,0,3,1,2" ten="173,224,343,260" oya="3" hai0="69,64,52,85,94,112,40,3,134,114,28,109,88" hai1="21,135,34,129,20,80,122,124,107,82,33,25,45" hai2="121,36,96,10,75,67,27,9,76,63,78,83,125" hai3="56,106,31,86,55,70,0,59,65,19,7,58,12"/><W26/><G106/><T130/><D109/><U89/><E107/><V95/><F36/><W57/><G70/><T127/><D40/><U13/><E129/><V5/><F125/><W51/><G0/><T74/><D74/><U39/><E124/><V48/><F48/><W113/><G113/><N who="0" m="43627" /><D127/><U97/><E135/><V68/><F78/><W54/><G65/><T103/><D103/><U115/><E122/><V72/><F27/><W91/><G7/><T32/><D130/><U100/><E115/><V24/><F24/><W41/><G41/><T90/><D134/><U66/><E33/><V42/><F42/><W84/><G26/><T15/><D90/><U87/><E34/><V99/><F10/><N who="3" m="6551" /><G31/><T102/><D102/><U6/><E39/><V93/><F121/><W8/><G8/><T35/><D3/><U50/><E66/><V132/><F132/><W110/><G110/><T29/><D64/><U43/><E80/><V133/><F133/><W37/><G37/><T77/><D77/><N who="1" m="46543" /><E25/><V16/><F75/><W81/><G84/><T14/><D69/><U123/><E123/><V104/><F5/><W18/><G18/><T60/><D32/><U22/><E100/><V61/><F104/><W30/><G30/><N who="0" m="11883" /><D35/><U23/><N who="1" m="5632" /><DORA hai="17" /><U131/><E131/><V4/><F67/><W38/><G38/><T46/><D60/><AGARI ba="0,0" hai="51,54,55,56,57,58,59,60,81,86,91" m="6551" machi="60" ten="30,1500,0" yaku="8,1" doraHai="2,17" who="3" fromWho="0" sc="173,-15,224,0,343,0,260,15" /><INIT seed="3,1,0,3,1,15" ten="158,224,343,275" oya="3" hai0="2,24,86,51,122,16,96,31,9,110,71,90,80" hai1="135,113,116,121,14,38,120,22,46,4,78,105,7" hai2="85,65,48,126,32,18,95,106,117,43,62,11,70" hai3="82,61,53,128,17,89,124,81,132,21,27,118,114"/><W45/><G118/><T100/><D71/><U28/><E105/><V57/><F32/><W10/><G114/><T125/><D122/><U8/><E78/><V54/><F106/><W94/><G124/><T52/><D125/><U3/><E46/><N who="2" m="25695" /><F70/><W130/><G132/><T30/><D110/><U69/><E38/><V84/><F126/><W1/><G1/><T73/><D2/><U37/><E69/><V50/><F117/><W26/><G10/><T23/><D73/><U83/><E37/><V131/><F131/><N who="3" m="50219" /><G26/><T98/><D9/><N who="1" m="2207" /><E83/><V107/><F107/><W60/><G45/><T99/><REACH who="0" step="1"/><D100/><REACH who="0" ten="148,224,343,275" step="2"/><U67/><E121/><V91/><F11/><W79/><G79/><T47/><AGARI ba="1,1" hai="16,23,24,30,31,47,51,52,80,86,90,96,98,99" machi="47" ten="30,12000,2" yaku="1,1,2,1,0,1,8,1,52,1,54,2,53,0" doraHai="15" doraHaiUra="6" who="0" fromWho="0" sc="148,133,224,-31,343,-31,275,-61" owari="281,8.0,193,-31.0,312,42.0,214,-19.0" /></mjloggm>