<mjloggm ver="2.3"><GO type="169" lobby="0"/><UN n0="%E3%82%A6%E3%83%AB%E3%83%88%E3%83%A9%E7%AB%8B%E7%9B%B4" n1="%E3%81%B4%E3%81%AE" n2="%E6%AF%94%E5%98%89%E7%A7%80%E4%BB%81" n3="%E2%98%86%E3%82%BF%E3%82%AA%E3%83%91%E3%82%A4%E3%83%91%E3%82%A4%E2%98%86" dan="17,16,16,16" rate="2067.91,2104.50,2056.53,2062.14" sx="M,M,M,M"/><TAIKYOKU oya="0"/><INIT seed="0,0,0,0,2,48" ten="250,250,250,250" oya="0" hai0="30,33,36,116,90,121,120,31,118,29,50,51,34" hai1="20,58,109,98,127,59,86,14,27,44,74,54,24" hai2="52,3,47,115,19,6,105,92,110,100,124,130,70" hai3="117,62,12,95,84,135,104,46,106,69,71,0,133"/><T99/><D99/><U28/><E74/><V61/><F110/><W123/><G0/><T108/><D90/><U64/><E109/><V66/><F115/><W65/><G117/><T97/><D97/><U83/><E127/><V21/><F105/><W129/><G129/><T8/><D36/><U49/><E64/><V4/><F130/><W72/><G72/><T55/><D108/><U25/><E98/><V57/><F124/><W73/><G73/><T79/><D79/><U112/><E112/><V113/><F113/><W63/><G123/><T80/><D80/><U85/><E85/><V42/><F3/><W38/><G12/><T96/><D96/><U23/><E14/><V11/><F100/><W9/><G9/><T35/><D8/><U91/><REACH who="1" step="1"/><E25/><REACH who="1" ten="250,240,250,250" step="2"/><V7/><F66/><N who="3" m="41175" /><G84/><T87/><D87/><U41/><E41/><V40/><F40/><W68/><G71/><T13/><D13/><U75/><E75/><V107/><F42/><W2/><G2/><T67/><D67/><U81/><E81/><V89/><F70/><W60/><G65/><T76/><D118/><U78/><E78/><V10/><F10/><W131/><G68/><T37/><D76/><U15/><E15/><V1/><F11/><W126/><G126/><T94/><D116/><U45/><E45/><V53/><F1/><W17/><G46/><T26/><D120/><U132/><E132/><V128/><F128/><W56/><G133/><T101/><D121/><U93/><E93/><V114/><F114/><W122/><G135/><T88/><D94/><U125/><E125/><V5/><F47/><RYUUKYOKU ba="0,1" sc="250,-10,240,30,250,-10,250,-10" hai1="20,23,24,27,28,44,49,54,58,59,83,86,91" /><INIT seed="1,1,1,0,2,19" ten="240,270,240,240" oya="1" hai0="75,91,96,99,50,54,135,62,89,126,122,57,74" hai1="106,71,27,72,84,109,17,100,5,64,29,83,20" hai2="24,111,39,94,28,4,38,130,125,90,104,121,116" hai3="80,21,70,14,85,55,22,73,117,128,108,2,10"/><U47/><E109/><V6/><F121/><W3/><G70/><T66/><D122/><U51/><E72/><V9/><F111/><W69/><G69/><T129/><D75/><U26/><E5/><V67/><F104/><W93/><G108/><T65/><D74/><U112/><E112/><V59/><F116/><W13/><G117/><T132/><D66/><U53/><E71/><V48/><F130/><W87/><G128/><T43/><D43/><U114/><E114/><V127/><F6/><W12/><G73/><T119/><D119/><U76/><E64/><V110/><F110/><W58/><G93/><T45/><D129/><U41/><E106/><V95/><F95/><W98/><G98/><N who="0" m="37419" /><D126/><U82/><E82/><V31/><F31/><W68/><G68/><T56/><D56/><U8/><E100/><V42/><F67/><W79/><G87/><T7/><D7/><U102/><E102/><V23/><F127/><W124/><G124/><T16/><D16/><U37/><E8/><V30/><F125/><W49/><REACH who="3" step="1"/><G10/><REACH who="3" ten="240,270,240,230" step="2"/><T35/><D135/><U133/><E133/><V123/><F123/><W61/><G61/><T78/><D132/><U81/><E81/><V103/><F9/><W118/><G118/><T120/><D120/><U25/><REACH who="1" step="1"/><E29/><REACH who="1" ten="240,260,240,230" step="2"/><V86/><F30/><W115/><G115/><T97/><D65/><U63/><E63/><V1/><F28/><W134/><G134/><T105/><D62/><U113/><E113/><V32/><F94/><W88/><G88/><T107/><D91/><U18/><E18/><V101/><F90/><W34/><G34/><RYUUKYOKU ba="1,3" sc="240,-15,260,15,240,-15,230,15" hai1="17,20,25,26,27,37,41,47,51,53,76,83,84" hai3="2,3,12,13,14,21,22,49,55,58,79,80,85" /><INIT seed="1,2,3,4,0,72" ten="225,275,225,245" oya="1" hai0="41,68,19,63,93,112,66,119,23,78,130,82,12" hai1="57,101,56,71,40,133,53,84,94,132,3,47,17" hai2="10,14,31,25,11,99,13,73,105,45,0,116,38" hai3="77,28,87,37,103,97,107,118,36,5,76,110,18"/><U127/><E127/><V80/><F116/><W104/><G118/><T96/><D119/><U135/><E71/><V55/><F105/><W50/><G110/><T92/><D130/><U52/><E3/><V123/><F99/><W75/><G75/><T113/><D41/><U126/><E126/><V100/><F100/><W134/><G107/><T69/><D69/><U9/><E9/><V89/><F123/><W90/><G134/><T7/><D7/><U49/><E17/><V61/><F61/><W1/><G28/><T120/><D120/><U58/><REACH who="1" step="1"/><E84/><REACH who="1" ten="225,265,225,245" step="2"/><V109/><F0/><W59/><G18/><T70/><D70/><U33/><E33/><V64/><F11/><W111/><G111/><T95/><REACH who="0" step="1"/><D96/><AGARI ba="2,4" hai="40,47,49,52,53,56,57,58,94,96,101,132,133,135" machi="96" ten="50,9600,0" yaku="1,1,20,1,54,1,53,0" doraHai="72" doraHaiUra="102" who="1" fromWho="0" sc="225,-102,265,142,225,0,245,0" /><INIT seed="1,3,0,0,2,125" ten="123,407,225,245" oya="1" hai0="11,103,25,14,114,86,42,57,92,80,41,65,67" hai1="113,1,85,22,15,39,38,110,100,130,83,75,78" hai2="132,55,79,101,26,70,13,20,28,2,45,105,18" hai3="43,96,66,62,129,97,50,127,17,16,117,115,128"/><U61/><E113/><V29/><F132/><W107/><G115/><T63/><D67/><U131/><E1/><V24/><F70/><W10/><G127/><T98/><D25/><U58/><E110/><V8/><F79/><W116/><G50/><T121/><D121/><U119/><E119/><N who="3" m="45642" /><G43/><T56/><D56/><U7/><E100/><V37/><F37/><W123/><G123/><T12/><D12/><U109/><E109/><V118/><F118/><W135/><G135/><T34/><D34/><U60/><E75/><V108/><F108/><W33/><G33/><T48/><D48/><U120/><E120/><V52/><F45/><W59/><G107/><T122/><D122/><U126/><E126/><V35/><REACH who="2" step="1"/><F2/><REACH who="2" ten="123,407,215,245" step="2"/><W5/><G96/><AGARI ba="3,1" hai="8,13,18,20,24,26,28,29,35,52,55,96,101,105" machi="96" ten="40,5200,0" yaku="1,1,2,1,54,1,53,0" doraHai="125" doraHaiUra="72" who="2" fromWho="3" sc="123,0,407,0,215,71,245,-61" /><INIT seed="2,0,0,0,5,92" ten="123,407,286,184" oya="2" hai0="84,125,37,75,44,11,119,49,73,30,21,12,29" hai1="63,22,10,105,80,129,121,32,100,108,83,45,109" hai2="50,101,36,114,23,46,88,132,48,7,102,95,71" hai3="1,31,78,2,96,14,118,35,26,57,64,3,90"/><V99/><F114/><W76/><G118/><T24/><D37/><U107/><E121/><V74/><F71/><W16/><G64/><T55/><D119/><U124/><E124/><V43/><F74/><W123/><G123/><T56/><D125/><U58/><E129/><V94/><F132/><W0/><G57/><T110/><D75/><U18/><E32/><V15/><F102/><W52/><G52/><T133/><D73/><U60/><E45/><V59/><F59/><W9/><N who="3" m="512" /><DORA hai="33" /><W112/><REACH who="3" step="1"/><G112/><REACH who="3" ten="123,407,286,174" step="2"/><T93/><D133/><U89/><E58/><V113/><F113/><W13/><G13/><T54/><D54/><U8/><E60/><V85/><REACH who="2" step="1"/><F23/><REACH who="2" ten="123,407,276,174" step="2"/><W116/><G116/><T115/><D56/><U98/><E22/><V131/><F131/><W77/><G77/><T27/><D115/><U39/><E109/><V128/><F128/><W47/><G47/><T28/><D110/><U130/><E108/><V81/><F81/><W122/><G122/><T19/><D21/><U86/><E80/><V40/><F40/><W6/><G6/><T103/><D44/><U111/><E83/><V72/><F72/><W4/><G4/><T120/><D120/><U17/><E111/><V79/><F79/><W68/><G68/><T67/><D67/><U53/><E130/><V87/><F87/><W134/><G134/><T126/><D126/><U20/><E86/><V5/><F5/><W82/><G82/><T117/><D117/><U104/><E20/><V38/><F38/><W97/><G97/><N who="0" m="59823" /><D84/><U127/><E127/><V70/><F70/><W51/><G51/><RYUUKYOKU ba="0,2" sc="123,10,407,-30,276,10,174,10" hai0="11,12,19,24,27,28,29,30,49,55" hai2="7,15,36,43,46,48,50,85,88,94,95,99,101" hai3="9,14,16,26,31,35,76,78,90,96" /><INIT seed="2,1,2,3,5,16" ten="133,377,286,184" oya="2" hai0="33,91,122,61,82,74,127,39,126,75,124,103,63" hai1="110,4,46,0,94,48,98,102,25,121,77,106,42" hai2="13,78,29,86,45,135,115,133,26,15,76,119,80" hai3="116,97,107,69,89,21,60,2,131,125,17,81,24"/><V59/><F119/><W19/><G116/><T109/><D39/><U20/><E110/><V87/><F115/><W118/><G118/><T9/><D33/><U38/><E121/><V34/><F45/><W90/><G2/><T49/><D122/><U105/><E0/><V41/><F41/><W79/><G125/><T92/><D109/><U50/><E4/><V85/><F59/><W120/><G120/><T95/><D49/><U132/><E132/><N who="2" m="50763" /><F78/><W108/><G108/><T31/><D31/><U37/><E77/><V18/><F15/><W100/><G131/><T123/><D123/><U36/><REACH who="1" step="1"/><E50/><REACH who="1" ten="133,367,286,184" step="2"/><V32/><F32/><W35/><G35/><T96/><D124/><U67/><E67/><V88/><F76/><W65/><REACH who="3" step="1"/><G17/><AGARI ba="1,3" hai="17,20,25,36,37,38,42,46,48,94,98,102,105,106" machi="17" ten="40,5200,0" yaku="1,1,52,1,53,1" doraHai="16" doraHaiUra="12" who="1" fromWho="3" sc="133,0,367,85,286,0,184,-55" /><INIT seed="3,0,0,3,5,77" ten="133,452,286,129" oya="3" hai0="35,132,79,0,107,52,9,50,97,69,126,58,86" hai1="70,25,112,37,127,99,76,1,38,27,28,13,73" hai2="42,98,111,121,21,74,23,90,55,131,17,71,24" hai3="92,57,87,20,66,115,53,61,67,122,91,5,7"/><W6/><G122/><T40/><D69/><U108/><E1/><V10/><F111/><W18/><REACH who="3" step="1"/><G115/><REACH who="3" ten="133,452,286,119" step="2"/><T109/><D109/><U135/><E112/><V32/><F121/><W72/><G72/><T12/><D126/><U29/><E73/><V88/><F74/><W83/><G83/><T84/><D132/><U30/><E108/><V95/><F32/><W68/><G68/><T33/><D33/><U39/><E70/><V16/><F71/><W65/><G65/><T60/><D35/><U96/><E135/><V80/><F131/><W105/><G105/><T54/><D107/><U51/><E127/><V100/><F80/><W124/><G124/><T119/><D119/><U8/><E76/><V123/><F123/><W101/><G101/><T63/><D79/><U103/><E103/><V117/><F117/><W47/><G47/><T129/><D129/><U128/><E128/><V133/><F133/><W36/><G36/><T3/><D3/><U56/><E38/><V48/><F100/><W26/><AGARI ba="0,1" hai="5,6,7,18,20,26,53,57,61,66,67,87,91,92" machi="26" ten="30,6000,0" yaku="1,1,0,1,8,1,53,0" doraHai="77" doraHaiUra="4" who="3" fromWho="3" sc="133,-20,452,-20,286,-20,119,70" /><INIT seed="3,1,0,4,3,0" ten="113,432,266,189" oya="3" hai0="35,52,55,38,83,9,42,88,98,84,85,16,27" hai1="77,17,115,119,93,54,29,25,116,26,130,74,13" hai2="61,11,58,87,30,23,90,37,72,100,120,114,104" hai3="110,63,7,103,59,123,15,60,28,80,5,101,68"/><W48/><G123/><T99/><D42/><U127/><E115/><V81/><F37/><W6/><G68/><T97/><D35/><U56/><E130/><V125/><F120/><W131/><G131/><T121/><D38/><U62/><E127/><V33/><F125/><W122/><G122/><T44/><D44/><U133/><E133/><V105/><F114/><W111/><G28/><T12/><D121/><U102/><E29/><V1/><F33/><W79/><G15/><T50/><D50/><U128/><E128/><V31/><F72/><W51/><G80/><N who="0" m="49159" /><D27/><U124/><E124/><V34/><F34/><W8/><G79/><AGARI ba="1,0" hai="9,12,16,52,55,79,83,85,97,98,99" m="49159" machi="79" ten="30,7700,0" yaku="8,1,54,3" doraHai="0" who="0" fromWho="3" sc="113,80,432,0,266,0,189,-80" /><INIT seed="4,0,0,2,1,87" ten="193,432,266,109" oya="0" hai0="8,57,85,33,1,101,124,128,126,44,89,82,103" hai1="17,91,18,118,129,26,52,7,48,22,94,11,74" hai2="41,42,46,134,97,31,47,112,84,55,58,100,95" hai3="80,108,40,21,45,131,104,98,60,66,132,119,25"/><T88/><D33/><U113/><E74/><V32/><F112/><W10/><G119/><T121/><D121/><U62/><E118/><V107/><F134/><W120/><G132/><T133/><D133/><U92/><E113/><V14/><F32/><W123/><G108/><T81/><D44/><N who="1" m="27655" /><E129/><V56/><F31/><W77/><G131/><T130/><D57/><U16/><E94/><V3/><F3/><W76/><G10/><T73/><D8/><U24/><E62/><V51/><F14/><W79/><G80/><T67/><D1/><U59/><E59/><V115/><F115/><W90/><G104/><T39/><D67/><U54/><E54/><V20/><F55/><W69/><G98/><T117/><D39/><U93/><E93/><V0/><F0/><W71/><G71/><T122/><D117/><U105/><E105/><V28/><F107/><W70/><G70/><T6/><D122/><U19/><E26/><N who="2" m="16455" /><F84/><W50/><REACH who="3" step="1"/><G90/><REACH who="3" ten="193,432,266,99" step="2"/><N who="0" m="34923" /><D6/><U61/><E7/><V78/><F78/><W75/><G75/><T4/><D4/><U38/><E11/><V37/><F37/><W5/><G5/><T135/><D135/><U9/><E38/><V114/><F114/><W102/><G102/><N who="0" m="38923" /><D73/><U65/><E9/><V116/><F116/><W96/><G96/><T23/><D82/><U15/><E65/><V72/><F72/><W109/><G109/><T53/><D130/><U35/><E35/><V27/><F100/><W29/><AGARI ba="0,1" hai="21,25,29,40,45,50,60,66,69,76,77,79,120,123" machi="29" ten="30,2000,0" yaku="1,1,0,1,53,0" doraHai="87" doraHaiUra="125" who="3" fromWho="3" sc="193,-10,432,-5,266,-5,99,30" /><INIT seed="5,0,0,2,1,3" ten="183,427,261,129" oya="1" hai0="22,49,75,98,78,55,35,51,50,111,118,44,133" hai1="46,125,122,56,126,89,94,54,96,18,121,109,129" hai2="37,14,112,59,29,5,103,25,95,13,57,62,88" hai3="68,99,47,15,20,19,102,32,113,90,107,72,79"/><U43/><E109/><V6/><F37/><W2/><G68/><T105/><D35/><U4/><E129/><V106/><F106/><W27/><G113/><T134/><D78/><U80/><E80/><V40/><F40/><W97/><G2/><T66/><D98/><U63/><E18/><V42/><F103/><W7/><G47/><T33/><D22/><U86/><E96/><N who="2" m="57447" /><F42/><W48/><G48/><T76/><D76/><U92/><E92/><V26/><F112/><W84/><G97/><T93/><D93/><U115/><E115/><V64/><F59/><W24/><G32/><T12/><D33/><U116/><E116/><V71/><F71/><W100/><G100/><T135/><D75/><U114/><E114/><V38/><F38/><W53/><G53/><T87/><D105/><U70/><E70/><V85/><F85/><W110/><G110/><T41/><D87/><U82/><E43/><V60/><F60/><W45/><G45/><N who="0" m="28143" /><D111/><U21/><E46/><V104/><F104/><W74/><G79/><T77/><D77/><U39/><E39/><V52/><F64/><W61/><G61/><T128/><D118/><U17/><E63/><V34/><F34/><W120/><G72/><T9/><D66/><U16/><E86/><V132/><F132/><W124/><G74/><T131/><D50/><U119/><E119/><V0/><F0/><W30/><G84/><T58/><D58/><U28/><E56/><V73/><F73/><W101/><G107/><T69/><D69/><U91/><E82/><V65/><F65/><W10/><G99/><T108/><D108/><RYUUKYOKU ba="0,0" sc="183,30,427,-10,261,-10,129,-10" hai0="9,12,41,44,49,128,131,133,134,135" /><INIT seed="6,1,0,0,0,85" ten="213,417,251,119" oya="2" hai0="59,61,84,67,42,56,37,36,112,27,28,55,0" hai1="120,39,33,75,81,57,38,12,124,11,31,95,35" hai2="128,6,66,117,92,87,134,113,73,72,60,2,65" hai3="127,25,44,18,30,79,121,111,43,23,70,9,78"/><V109/><F117/><W129/><G121/><T125/><D0/><U71/><E120/><V13/><F2/><W46/><G111/><T58/><D42/><U94/><E71/><V51/><F109/><W76/><G70/><T82/><D125/><U96/><E124/><V106/><F106/><W89/><G127/><T50/><D59/><U53/><E39/><V86/><F113/><W105/><G105/><T102/><D102/><U133/><E38/><V20/><F134/><W126/><G126/><T24/><D24/><U101/><E133/><V29/><F51/><W122/><G122/><T1/><D1/><U110/><E110/><V118/><F118/><W32/><G129/><T93/><D93/><U48/><E31/><V131/><F66/><W45/><G9/><T54/><D67/><U132/><E132/><V17/><F29/><W98/><G98/><T83/><D83/><U22/><E22/><V135/><F6/><W91/><REACH who="3" step="1"/><G43/><REACH who="3" ten="213,417,251,109" step="2"/><T21/><D112/><U26/><E96/><V99/><F135/><W130/><G130/><T97/><D97/><U77/><E11/><V62/><F131/><W34/><G34/><T100/><D100/><U119/><E35/><V47/><F128/><W115/><G115/><T80/><D21/><U7/><E33/><V14/><F99/><W41/><G41/><T64/><D64/><U15/><E101/><V40/><F65/><W74/><G74/><T4/><D55/><U52/><E75/><N who="2" m="28747" /><F40/><W5/><G5/><T63/><D4/><U114/><E7/><V68/><F68/><W19/><G19/><T49/><D54/><RYUUKYOKU ba="1,1" sc="213,-10,417,-10,251,-10,109,30" hai3="18,23,25,30,32,44,45,46,76,78,79,89,91" /><INIT seed="7,2,1,0,1,17" ten="203,407,241,139" oya="3" hai0="61,115,33,60,124,70,43,37,51,102,4,41,127" hai1="81,34,113,54,91,27,68,56,25,132,95,31,67" hai2="38,130,28,69,103,57,1,47,49,106,72,0,107" hai3="93,79,112,134,45,123,90,14,46,19,50,100,9"/><W116/><G116/><T23/><D33/><U11/><E68/><V131/><F72/><W53/><G123/><T16/><D4/><U135/><E67/><V117/><F69/><W39/><G112/><T80/><D70/><U18/><E113/><V6/><F117/><W88/><G134/><N who="1" m="51242" /><E81/><V118/><F118/><W128/><G128/><N who="2" m="49193" /><F28/><W22/><G79/><T7/><D7/><U77/><E77/><V26/><F26/><W87/><G39/><T73/><D102/><U15/><E31/><V97/><F107/><W85/><G100/><T42/><D37/><U63/><E34/><V36/><F57/><N who="3" m="32951" /><G9/><T92/><D51/><U48/><E63/><V94/><F106/><W84/><G84/><AGARI ba="2,1" hai="11,15,18,25,27,48,54,56,84,91,95" m="51242" machi="84" ten="30,1000,0" yaku="20,1" doraHai="17" who="1" fromWho="3" sc="203,0,407,26,241,0,139,-16" owari="203,-20.0,433,54.0,241,4.0,123,-38.0" /></mjloggm>