<mjloggm ver="2.3"><GO type="97" lobby="0"/><UN n0="%E7%90%B4%E9%9F%B3%E2%99%AA" n1="%E3%82%A6%E3%83%AB%E3%83%88%E3%83%A9%E7%AB%8B%E7%9B%B4" n2="%E2%98%85%E9%9B%85%E2%98%85" n3="%E6%98%8E%E6%99%82" dan="15,15,13,13" rate="1963.68,1961.04,1838.61,1824.28" sx="F,M,M,M"/><TAIKYOKU oya="0"/><INIT seed="0,0,0,3,3,102" ten="250,250,250,250" oya="0" hai0="60,132,9,78,32,30,105,76,27,124,88,12,47" hai1="109,133,103,125,108,59,45,107,85,113,94,2,28" hai2="6,116,106,62,17,104,86,126,20,89,69,100,56" hai3="34,97,43,66,31,55,114,26,46,63,71,77,18"/><T10/><D10/><U5/><E113/><V98/><F69/><W36/><G114/><T49/><D132/><U81/><E133/><V11/><F126/><W135/><G135/><T64/><D124/><U53/><E125/><V33/><F33/><W84/><G18/><T123/><D105/><U44/><E28/><V112/><F112/><W38/><G97/><T127/><D127/><U50/><E5/><V19/><F116/><W110/><G110/><N who="1" m="42602" /><E2/><V39/><F39/><W48/><G84/><T4/><D123/><U24/><E24/><V61/><F106/><W3/><G77/><T0/><D0/><U83/><E94/><V73/><F73/><W92/><G92/><T13/><D13/><U14/><E14/><V70/><F70/><W118/><G118/><T96/><D96/><N who="1" m="61927" /><E83/><V134/><F134/><W82/><G82/><T117/><D117/><U120/><E120/><V72/><F72/><W80/><G80/><T129/><D129/><U22/><E22/><V119/><F119/><W29/><G29/><T40/><D88/><AGARI ba="0,0" hai="44,45,50,53,59,81,85,88" m="61927,42602" machi="88" ten="30,3900,0" yaku="14,1,52,1,54,1" doraHai="102" who="1" fromWho="0" sc="250,-39,250,39,250,0,250,0" /><INIT seed="1,0,0,3,4,51" ten="211,289,250,250" oya="1" hai0="59,126,56,33,130,21,11,93,105,31,76,135,127" hai1="8,39,115,102,60,124,119,3,106,134,118,114,71" hai2="4,79,50,17,10,123,0,101,67,27,80,96,108" hai3="69,100,132,35,63,117,88,65,103,13,45,99,77"/><U44/><E44/><V54/><F108/><W43/><G117/><T1/><D105/><U72/><E60/><V34/><F123/><W28/><G132/><T41/><D135/><U121/><E102/><V25/><F67/><W107/><G100/><T73/><D33/><U16/><E8/><V92/><F34/><W122/><G122/><T61/><D59/><U112/><E16/><V57/><REACH who="2" step="1"/><F17/><REACH who="2" ten="211,289,240,250" step="2"/><W116/><G116/><T129/><D127/><U111/><E119/><V24/><F24/><W14/><G35/><T110/><D126/><U49/><E115/><V55/><F55/><W15/><G28/><T38/><D110/><U120/><E114/><V128/><F128/><W7/><G7/><T52/><D129/><U75/><E121/><V98/><F98/><W48/><G15/><T23/><D130/><U87/><E112/><V68/><F68/><W20/><G14/><T74/><D31/><U26/><E118/><V104/><F104/><W6/><G6/><T97/><D1/><U78/><E106/><V42/><F42/><W81/><G13/><T90/><D41/><U29/><E3/><V85/><AGARI ba="0,1" hai="0,4,10,25,27,50,54,57,79,80,85,92,96,101" machi="85" ten="20,5200,0" yaku="1,1,0,1,7,1,52,1,53,0" doraHai="51" doraHaiUra="84" who="2" fromWho="2" sc="211,-13,289,-26,240,62,250,-13" /><INIT seed="2,0,0,3,5,30" ten="198,263,302,237" oya="2" hai0="112,85,28,108,26,7,135,55,99,33,118,134,97" hai1="124,61,73,15,83,56,0,25,116,67,38,16,114" hai2="87,50,128,20,88,17,126,69,106,77,8,117,131" hai3="130,6,81,60,34,66,72,43,110,19,84,100,121"/><V80/><F117/><W57/><G121/><T10/><D108/><U14/><E38/><V39/><F39/><W11/><G110/><T94/><D112/><U104/><E104/><V90/><F69/><W52/><G130/><N who="2" m="49705" /><F106/><W111/><G111/><T105/><D105/><U35/><E114/><V101/><F101/><W53/><G72/><T127/><D127/><U68/><E116/><V22/><F126/><W98/><G43/><T4/><D4/><U51/><E124/><V102/><F102/><W76/><G34/><T31/><D31/><U32/><E0/><V59/><F8/><W71/><G19/><T95/><D55/><U36/><E36/><V89/><F17/><W48/><G71/><T119/><D85/><U115/><E115/><V70/><F70/><W120/><G48/><T13/><D95/><U27/><E68/><V41/><F41/><W54/><G120/><T132/><REACH who="0" step="1"/><D99/><REACH who="0" ten="188,263,302,237" step="2"/><U24/><E73/><V113/><F113/><W122/><G122/><T86/><D86/><U74/><E74/><V107/><F107/><W79/><G54/><AGARI ba="0,1" hai="20,22,50,54,59,77,80,87,88,89,90" m="49705" machi="54" ten="30,2900,0" yaku="19,1,54,1" doraHai="30" who="2" fromWho="3" sc="188,0,263,0,302,39,237,-29" /><INIT seed="2,1,0,2,0,116" ten="188,263,341,208" oya="2" hai0="100,53,64,135,83,14,48,134,118,108,124,114,33" hai1="63,70,73,34,75,129,127,61,123,40,106,39,42" hai2="74,133,81,59,25,15,104,88,94,24,56,125,119" hai3="37,66,49,18,126,47,46,121,99,32,4,78,23"/><V79/><F119/><W2/><G32/><T102/><D114/><U57/><E106/><V55/><F104/><W110/><G121/><T76/><D118/><U35/><E57/><V6/><F125/><W13/><G126/><T62/><D33/><U122/><E127/><V103/><F103/><W21/><G110/><T95/><D108/><U96/><E96/><V22/><F133/><N who="0" m="50698" /><D14/><U112/><E39/><V58/><F55/><W111/><G111/><T26/><D26/><U44/><E44/><V19/><REACH who="2" step="1"/><F6/><REACH who="2" ten="188,263,331,208" step="2"/><W10/><G66/><T12/><D124/><U77/><E112/><V29/><F29/><W105/><G105/><T65/><D53/><U3/><E3/><V69/><F69/><W41/><G4/><T68/><D64/><U71/><E77/><V16/><F16/><W84/><G18/><T20/><D76/><U8/><E8/><V93/><F93/><W130/><G130/><AGARI ba="1,1" hai="34,35,40,42,61,63,70,71,73,75,122,123,129,130" machi="130" ten="25,6400,0" yaku="22,2,52,2" doraHai="116" who="1" fromWho="3" sc="188,0,263,77,331,0,208,-67" /><INIT seed="3,0,0,4,0,84" ten="188,340,331,141" oya="3" hai0="26,98,121,13,0,71,95,81,75,9,31,5,50" hai1="23,118,123,15,93,70,1,79,101,91,99,122,30" hai2="33,105,106,89,128,40,56,24,77,120,116,4,43" hai3="107,110,129,125,41,124,16,69,57,6,35,63,44"/><W29/><G69/><T39/><D71/><U7/><E70/><V115/><F116/><W34/><G107/><T48/><D39/><U12/><E1/><V88/><F115/><W87/><G110/><T19/><D81/><U131/><E118/><V132/><F77/><W36/><G87/><T21/><D75/><U53/><E131/><V102/><F128/><W66/><G129/><T47/><D47/><U86/><E79/><V97/><F4/><W32/><G6/><T61/><D61/><U113/><E113/><V112/><F112/><W76/><G76/><T73/><D121/><U78/><E78/><V72/><F72/><W14/><REACH who="3" step="1"/><G29/><REACH who="3" ten="188,340,331,131" step="2"/><T58/><D73/><U108/><E7/><V96/><F120/><W100/><G100/><T60/><D31/><U17/><E30/><V52/><F132/><W59/><G59/><T42/><D0/><U20/><E108/><V45/><F102/><W126/><G126/><T133/><D133/><U3/><E3/><V67/><F56/><W109/><G109/><T117/><D117/><U83/><E122/><V90/><F45/><W25/><G25/><T68/><D68/><U104/><E123/><V85/><F85/><W130/><G130/><T82/><D58/><U80/><E104/><N who="2" m="40043" /><F24/><W28/><G28/><T127/><D26/><U114/><E114/><V8/><F33/><W62/><G62/><T37/><D127/><U64/><E86/><V65/><F8/><AGARI ba="0,1" hai="8,14,16,32,34,35,36,41,44,57,63,66,124,125" machi="8" ten="40,3900,0" yaku="1,1,54,1,53,0" doraHai="84" doraHaiUra="74" who="3" fromWho="2" sc="188,0,340,0,331,-39,131,49" /><INIT seed="3,1,0,0,2,51" ten="188,340,292,180" oya="3" hai0="92,20,22,52,70,13,35,96,78,98,77,80,125" hai1="85,94,95,114,112,76,42,11,55,44,36,128,27" hai2="41,127,109,53,115,0,113,65,88,133,90,43,38" hai3="131,63,122,39,17,2,31,99,32,97,108,61,64"/><W104/><G39/><T103/><D70/><U84/><E11/><V119/><F0/><W23/><G122/><T123/><D35/><U117/><E27/><V26/><F26/><W105/><G131/><T60/><D123/><U56/><E85/><V7/><F7/><W49/><G2/><T21/><D125/><U30/><E30/><V74/><F74/><W57/><G32/><T3/><D3/><U45/><E84/><V71/><F119/><W62/><G31/><T10/><D80/><U73/><E76/><V102/><F102/><W9/><G9/><T91/><D60/><N who="1" m="35871" /><E95/><V1/><F1/><W50/><G108/><T69/><D69/><U121/><E94/><V54/><F109/><W81/><G81/><T48/><D103/><U79/><E79/><V101/><F101/><W72/><G72/><T47/><D98/><N who="3" m="37385" /><G105/><T83/><D83/><U24/><E73/><V129/><F71/><W89/><G104/><T135/><D135/><U82/><E82/><V118/><F118/><W106/><G89/><N who="2" m="34409" /><F133/><W116/><G106/><T67/><D67/><U124/><E117/><V29/><F65/><W19/><G116/><T6/><AGARI ba="1,0" hai="6,10,13,20,21,22,47,48,52,77,78,91,92,96" machi="6" ten="30,7900,0" yaku="0,1,8,1,52,1,54,1" doraHai="51" who="0" fromWho="0" sc="188,82,340,-21,292,-21,180,-40" owari="270,-13.0,319,42.0,271,7.0,140,-36.0" /></mjloggm>