<mjloggm ver="2.3"><GO type="169" lobby="0"/><UN n0="%6D%65%24%6F" n1="%E3%82%A6%E3%83%AB%E3%83%88%E3%83%A9%E7%AB%8B%E7%9B%B4" n2="%E3%81%99%E3%81%9F%E3%83%BC%E3%82%89%E3%81%84%E3%81%A8%E3%81%B3%E3%83%BC" n3="%E3%80%93%E6%9D%BE%E4%BA%95%EF%BC%A3%EF%BC%B3%E3%80%93" dan="18,17,16,18" rate="2200.41,2059.83,2159.63,2208.17" sx="M,M,F,M"/><TAIKYOKU oya="0"/><INIT seed="0,0,0,3,0,63" ten="250,250,250,250" oya="0" hai0="21,1,16,127,46,88,117,29,47,129,65,121,57" hai1="23,97,52,54,13,85,68,10,67,132,101,124,83" hai2="89,64,87,72,22,81,9,76,61,4,114,135,102" hai3="74,25,82,104,26,55,120,20,34,24,17,28,2"/><T105/><D121/><U79/><E124/><V38/><F38/><W60/><G104/><T70/><D117/><U36/><E36/><V126/><F126/><W58/><G120/><T118/><D127/><U131/><E131/><V33/><F33/><W42/><G2/><T99/><D118/><U5/><E132/><V103/><F135/><W128/><G128/><T51/><D1/><U41/><E41/><V11/><F22/><W19/><G42/><T32/><D129/><U44/><E44/><V75/><F114/><W108/><G108/><T80/><D105/><U96/><E68/><V116/><F116/><W91/><G26/><N who="0" m="14631" /><D32/><U106/><E96/><V134/><F134/><W94/><G82/><T62/><D29/><U27/><REACH who="1" step="1"/><E67/><REACH who="1" ten="250,240,250,250" step="2"/><V30/><F64/><W50/><G74/><T78/><D70/><U40/><E40/><V14/><F75/><W56/><G56/><T0/><D46/><U69/><E69/><V84/><F72/><W53/><G53/><N who="0" m="29951" /><D0/><U48/><E48/><V130/><F130/><W122/><G122/><T59/><D59/><U133/><E133/><V35/><F35/><W3/><G3/><T111/><D111/><U109/><E109/><V45/><F45/><W125/><G125/><T107/><D99/><U98/><E98/><V66/><F61/><W49/><G49/><T115/><D115/><U90/><E90/><V112/><F89/><W15/><G60/><T43/><D43/><U95/><E95/><V86/><F112/><W119/><G119/><T113/><D113/><U110/><E110/><V31/><F76/><W39/><G34/><RYUUKYOKU ba="0,1" sc="250,-10,240,30,250,-10,250,-10" hai1="5,10,13,23,27,52,54,79,83,85,97,101,106" /><INIT seed="1,1,1,5,2,61" ten="240,270,240,240" oya="1" hai0="91,108,76,103,53,82,2,54,29,120,32,35,130" hai1="51,124,48,129,68,66,86,109,118,97,92,18,14" hai2="74,81,24,93,21,10,17,80,36,40,88,6,25" hai3="111,42,11,56,39,15,4,121,75,5,119,9,134"/><U112/><E118/><V101/><F101/><W83/><G111/><T125/><D2/><U41/><E112/><V33/><F74/><W30/><G121/><T31/><D108/><U98/><E109/><V73/><F73/><W67/><G134/><T37/><D37/><U28/><E28/><V114/><F114/><W96/><G119/><T69/><D69/><U16/><E124/><V115/><F115/><W12/><G30/><T55/><D125/><U127/><E127/><V90/><F33/><W100/><G39/><T65/><D103/><U132/><E132/><V46/><F25/><W94/><G42/><T105/><D105/><U45/><E129/><V99/><REACH who="2" step="1"/><F90/><REACH who="2" ten="240,270,230,240" step="2"/><W7/><G75/><T110/><D35/><U79/><E79/><V107/><F107/><W123/><G123/><T77/><D32/><U70/><E70/><V23/><F23/><W50/><G83/><T122/><D110/><U85/><E68/><V34/><F34/><W102/><G102/><T128/><D120/><U116/><E116/><V8/><F8/><W58/><G11/><T52/><D122/><U38/><E92/><V72/><F72/><W13/><G9/><T43/><D91/><U133/><E133/><V27/><F27/><W20/><G20/><T19/><D82/><U113/><E113/><V26/><F26/><W84/><G100/><T117/><D117/><U63/><E38/><V89/><F89/><W60/><G94/><T71/><D71/><U0/><E0/><AGARI ba="1,2" hai="0,6,10,17,21,24,36,40,46,80,81,88,93,99" machi="0" ten="30,3900,0" yaku="1,1,7,1,54,1,53,0" doraHai="61" doraHaiUra="64" who="2" fromWho="1" sc="240,0,270,-42,230,62,240,0" /><INIT seed="2,0,0,2,3,30" ten="240,228,292,240" oya="2" hai0="37,92,35,131,86,91,33,26,71,66,32,105,88" hai1="34,25,112,97,31,60,67,123,124,50,108,0,51" hai2="83,104,13,81,85,24,68,65,101,58,94,7,6" hai3="120,96,100,41,133,98,43,46,38,11,125,73,40"/><V19/><F68/><W74/><G120/><T3/><D3/><U63/><E112/><V57/><F104/><W17/><G133/><T45/><D105/><U72/><E72/><V107/><F107/><W79/><G125/><T9/><D131/><U87/><E124/><V28/><F83/><W134/><G134/><T122/><D122/><U84/><E0/><V95/><F95/><W89/><G89/><T115/><D115/><U54/><E123/><V76/><F94/><W21/><G11/><T22/><D9/><U102/><E108/><V113/><F101/><W42/><G100/><T114/><D114/><U15/><E15/><V135/><F113/><W2/><G2/><T69/><D66/><U47/><E63/><V121/><F121/><W127/><G127/><T18/><REACH who="0" step="1"/><D91/><REACH who="0" ten="230,228,292,240" step="2"/><U10/><E10/><N who="2" m="6583" /><F65/><W99/><REACH who="3" step="1"/><G79/><REACH who="3" ten="230,228,292,230" step="2"/><T103/><D103/><U49/><E102/><V119/><F135/><W52/><G52/><T70/><D70/><U110/><E54/><V1/><F1/><W48/><G48/><T16/><D16/><U78/><E50/><V126/><F126/><W55/><G55/><T8/><D8/><U80/><E49/><V128/><F76/><W132/><G132/><T130/><D130/><U106/><E51/><V39/><F128/><W4/><G4/><T118/><D118/><U82/><E78/><N who="2" m="46263" /><F119/><W53/><G53/><T44/><D44/><U27/><E47/><V62/><F7/><W111/><G111/><T61/><D61/><U64/><E60/><V117/><F117/><W14/><AGARI ba="0,2" hai="14,17,21,38,40,41,42,43,46,73,74,96,98,99" machi="14" ten="30,2000,0" yaku="1,1,0,1,53,0" doraHai="30" doraHaiUra="29" who="3" fromWho="3" sc="230,-5,228,-5,292,-10,230,40" /><INIT seed="3,0,0,3,3,79" ten="225,223,282,270" oya="3" hai0="3,25,39,6,1,84,108,48,65,57,40,122,111" hai1="82,33,135,114,121,45,24,43,100,2,94,67,132" hai2="29,5,42,68,58,93,116,11,61,103,18,76,96" hai3="99,52,133,124,71,74,20,46,66,22,51,104,60"/><W90/><G133/><T9/><D122/><U10/><E114/><V63/><F116/><W13/><G124/><T26/><D39/><U89/><E121/><V110/><F110/><N who="0" m="42026" /><D1/><U16/><E67/><V32/><F42/><W64/><G74/><T70/><D70/><U31/><E100/><V127/><F127/><W35/><G35/><T87/><D65/><U131/><E131/><V105/><F18/><W4/><G66/><T120/><D120/><U37/><E2/><V55/><F68/><W38/><G38/><T106/><D106/><U85/><E10/><V91/><F76/><W75/><G75/><T47/><D57/><U19/><REACH who="1" step="1"/><E94/><REACH who="1" ten="225,213,282,270" step="2"/><V86/><F103/><W101/><G101/><T0/><D0/><U69/><E69/><V134/><F105/><W73/><G104/><T49/><D49/><U129/><E129/><V30/><F93/><W36/><G71/><T118/><D118/><U112/><E112/><V81/><F134/><AGARI ba="0,1" hai="16,19,24,31,33,37,43,45,82,85,89,132,134,135" machi="134" ten="40,8000,1" yaku="1,1,20,1,52,1,54,1,53,1" doraHai="79" doraHaiUra="23" who="1" fromWho="2" sc="225,0,213,90,282,-80,270,0" /><INIT seed="4,0,0,1,1,70" ten="225,303,202,270" oya="0" hai0="65,72,100,4,81,97,32,51,131,39,111,41,90" hai1="66,55,122,29,125,5,78,91,61,46,59,9,7" hai2="99,35,43,128,96,0,24,18,120,84,58,49,79" hai3="3,38,113,54,2,74,71,135,48,115,25,112,62"/><T50/><D131/><U52/><E122/><V98/><F120/><W109/><G109/><T22/><D32/><U23/><E125/><V53/><F0/><W47/><G135/><T127/><D127/><U6/><E78/><V76/><F128/><W64/><G74/><T117/><D117/><U68/><E46/><V103/><F103/><W11/><G25/><T45/><D65/><U107/><E107/><V13/><F43/><N who="3" m="23031" /><G11/><T75/><D111/><U92/><E9/><V126/><F126/><W130/><G130/><T67/><D67/><U20/><E68/><V36/><F36/><W28/><G28/><T108/><D108/><U95/><E29/><V106/><F106/><W105/><G105/><T118/><D118/><U34/><E34/><V104/><F104/><W73/><G73/><T26/><D4/><U8/><E8/><V60/><F35/><W56/><AGARI ba="0,0" hai="2,3,48,54,56,62,64,71,112,113,115" m="23031" machi="56" ten="30,4000,0" yaku="24,1,15,1,52,1" doraHai="70" who="3" fromWho="3" sc="225,-20,303,-10,202,-10,270,40" /><INIT seed="5,0,0,2,2,0" ten="205,293,192,310" oya="1" hai0="79,56,63,110,11,31,57,105,100,24,77,3,48" hai1="53,25,86,59,131,99,49,17,83,66,8,10,68" hai2="52,106,120,70,36,123,75,93,109,95,134,74,6" hai3="7,71,96,108,125,82,46,98,87,133,104,85,64"/><U103/><E131/><V21/><F106/><W92/><G108/><T14/><D3/><U81/><E68/><V34/><F70/><W51/><G133/><T32/><D110/><U116/><E66/><V40/><F34/><W132/><G132/><T111/><D111/><U47/><E116/><V39/><F134/><W119/><G125/><T60/><D100/><U72/><E72/><V38/><F109/><W107/><G107/><T115/><D105/><U4/><E83/><V65/><F40/><W112/><G112/><T35/><D35/><U5/><E99/><V97/><F65/><W130/><G130/><T78/><D115/><U16/><E103/><V41/><F41/><W118/><G104/><T94/><D94/><U61/><E25/><V13/><F95/><W58/><G71/><T42/><D56/><U101/><E101/><V18/><F6/><N who="1" m="2665" /><E10/><V69/><F69/><W67/><G67/><T126/><D11/><U88/><E8/><V91/><REACH who="2" step="1"/><F52/><REACH who="2" ten="205,293,182,310" step="2"/><N who="3" m="29815" /><G7/><T1/><D1/><U73/><E73/><AGARI ba="0,1" hai="13,18,21,36,38,39,73,74,75,91,93,97,120,123" machi="73" ten="50,1600,0" yaku="1,1,53,0" doraHai="0" doraHaiUra="124" who="2" fromWho="1" sc="205,0,293,-16,182,26,310,0" /><INIT seed="6,0,0,2,4,110" ten="205,277,208,310" oya="2" hai0="108,122,51,64,134,60,73,48,104,129,75,59,30" hai1="55,99,131,39,90,67,22,79,89,95,16,115,118" hai2="40,120,20,66,135,82,25,88,49,2,44,6,42" hai3="65,27,18,46,121,91,54,123,5,50,29,132,12"/><V74/><F120/><W84/><G132/><T103/><D122/><U17/><E39/><V4/><F135/><W15/><G65/><T63/><D134/><U78/><E118/><V96/><F66/><W124/><G124/><T32/><D108/><U111/><E111/><V113/><F113/><W62/><G62/><T21/><D129/><U92/><E131/><V102/><F40/><W77/><G77/><T45/><D32/><U100/><E67/><V35/><F35/><W58/><G12/><T34/><D34/><U36/><E36/><V101/><F2/><W81/><G5/><N who="2" m="2153" /><F74/><W41/><G27/><T87/><D63/><U68/><E68/><V116/><F116/><W80/><G29/><T31/><D51/><U76/><E115/><V70/><F70/><W26/><G26/><T83/><D103/><U37/><E37/><V93/><F82/><W56/><G81/><T71/><D104/><U0/><E0/><V47/><F44/><W57/><REACH who="3" step="1"/><G41/><REACH who="3" ten="205,277,208,300" step="2"/><T130/><D130/><U112/><E112/><V53/><F42/><W19/><G19/><AGARI ba="0,1" hai="19,20,25,47,49,53,88,93,96,101,102" m="2153" machi="19" ten="30,2900,0" yaku="8,1,54,1" doraHai="110" who="2" fromWho="3" sc="205,0,277,0,208,39,300,-29" /><INIT seed="6,1,0,1,5,34" ten="205,277,247,271" oya="2" hai0="114,72,46,43,2,22,107,85,19,44,84,97,78" hai1="133,104,82,11,127,79,112,28,87,9,16,113,103" hai2="3,40,12,66,65,128,68,20,73,101,52,115,134" hai3="15,31,6,83,49,74,50,56,120,111,41,129,10"/><V132/><F73/><W71/><G71/><T18/><D114/><N who="1" m="44139" /><E28/><V86/><F115/><W61/><G120/><T109/><D109/><U54/><E127/><V95/><F40/><W99/><G129/><T89/><D46/><U26/><E133/><V63/><F128/><W32/><G111/><T14/><D19/><U123/><E123/><V0/><F66/><W39/><G39/><T36/><D2/><U29/><E103/><V58/><F12/><W93/><G32/><T5/><D5/><U8/><E104/><V88/><F20/><W48/><G31/><T70/><D70/><U122/><E54/><V117/><F101/><N who="3" m="60655" /><G83/><T13/><D13/><N who="1" m="7207" /><E122/><V105/><F105/><W57/><G74/><T17/><D17/><U67/><E67/><V81/><F117/><W106/><G106/><T64/><D64/><U51/><E51/><N who="2" m="31007" /><F81/><W53/><G41/><T135/><D135/><AGARI ba="1,0" hai="0,3,63,65,68,86,88,95,132,134,135" m="31007" machi="135" ten="30,12000,1" yaku="20,1,52,2,54,2" doraHai="34" who="2" fromWho="0" sc="205,-123,277,0,247,123,271,0" /><INIT seed="6,2,0,2,3,47" ten="82,277,370,271" oya="2" hai0="66,35,11,24,69,128,116,2,134,62,75,20,101" hai1="36,72,127,32,79,125,108,29,67,43,91,22,54" hai2="6,92,17,39,26,119,15,1,104,106,100,88,85" hai3="90,98,16,52,40,78,28,77,3,133,64,70,53"/><V81/><F39/><W44/><G3/><T83/><D116/><U14/><E79/><V80/><F119/><W107/><G28/><T93/><D35/><U130/><E72/><V84/><F1/><W121/><G121/><T131/><D134/><U94/><E67/><V25/><F6/><W9/><G70/><T65/><D65/><U48/><E43/><V50/><F104/><W23/><G9/><T123/><D123/><U45/><E36/><V56/><F106/><W120/><G64/><T71/><D71/><U86/><E108/><V122/><F122/><W41/><G133/><T12/><D93/><U97/><E130/><V89/><F100/><W49/><G120/><T33/><D101/><U10/><E32/><V38/><F38/><W74/><G74/><T73/><D73/><U8/><E97/><V87/><F92/><N who="3" m="56599" /><G107/><T61/><D61/><U95/><E95/><V31/><F85/><W103/><G103/><T132/><D132/><U60/><E60/><V37/><F37/><W51/><G78/><T0/><D0/><U46/><E46/><V99/><F31/><W115/><G77/><T110/><D110/><U96/><E96/><V57/><F99/><W55/><G115/><T68/><D68/><U19/><E29/><V59/><F50/><N who="3" m="18955" /><G44/><T109/><D109/><U129/><E129/><V63/><F63/><W27/><AGARI ba="2,0" hai="16,23,27,40,41,52,53,55" m="18955,56599" machi="27" ten="30,12000,2" yaku="8,1,52,3,54,2" doraHai="47" who="3" fromWho="3" sc="82,-32,277,-32,370,-62,271,126" /><INIT seed="7,0,0,0,4,115" ten="50,245,308,397" oya="3" hai0="23,111,36,114,102,15,83,35,101,25,78,86,27" hai1="69,39,129,107,113,122,56,100,91,11,34,29,133" hai2="71,61,82,74,6,103,60,50,70,13,92,52,41" hai3="51,19,85,66,88,53,49,108,18,40,112,43,31"/><W63/><G112/><T64/><D111/><U131/><E56/><V87/><F74/><W117/><G117/><T21/><D114/><U46/><E46/><V121/><F121/><W32/><G32/><T124/><D36/><U135/><E11/><N who="2" m="4343" /><F71/><W33/><G33/><T7/><D124/><U62/><E29/><V38/><F38/><W77/><G31/><T8/><D64/><U67/><E91/><V104/><F104/><W37/><G37/><T10/><D102/><U17/><E17/><N who="3" m="6154" /><G77/><T42/><D101/><U14/><E14/><V48/><F50/><N who="3" m="18955" /><G66/><T84/><D42/><U57/><E57/><V130/><F41/><W24/><G24/><T12/><D78/><U93/><E67/><V59/><F70/><W80/><G108/><T47/><D47/><U123/><E62/><V89/><F130/><W105/><G105/><T96/><D96/><AGARI ba="0,0" hai="48,52,59,60,61,82,87,89,92,96,103" m="4343" machi="96" ten="30,2000,0" yaku="8,1,54,1" doraHai="115" who="2" fromWho="0" sc="50,-20,245,0,308,20,397,0" owari="30,-47.0,245,-15.0,328,13.0,397,49.0" /></mjloggm>