<mjloggm ver="2.3"><GO type="97" lobby="0"/><UN n0="%E7%B7%91%E9%9D%92" n1="%E3%82%AF%E3%83%94%E3%83%BC%E3%83%89" n2="%E3%82%A6%E3%83%AB%E3%83%88%E3%83%A9%E7%AB%8B%E7%9B%B4" n3="%E3%83%A9%E3%83%9F%E3%82%A8%E3%83%AB" dan="14,14,15,13" rate="1951.58,1870.07,2001.84,1912.81" sx="M,M,M,F"/><TAIKYOKU oya="0"/><INIT seed="0,0,0,1,0,94" ten="250,250,250,250" oya="0" hai0="101,4,50,126,11,66,129,2,30,91,80,128,100" hai1="3,62,130,131,27,112,67,28,56,31,35,109,24" hai2="49,124,41,63,52,81,117,97,108,110,68,95,36" hai3="7,22,132,84,40,82,127,74,19,133,102,120,20"/><T103/><D66/><U13/><E3/><V38/><F117/><W76/><G127/><T115/><D115/><U26/><E112/><V111/><F124/><W54/><G7/><T55/><D126/><U44/><E109/><V10/><F41/><W134/><G40/><T5/><D30/><U53/><E13/><V135/><F135/><W96/><G120/><T18/><D18/><U51/><REACH who="1" step="1"/><E27/><REACH who="1" ten="250,240,250,250" step="2"/><V70/><F10/><W46/><G74/><T119/><D5/><U23/><AGARI ba="0,1" hai="23,24,26,28,31,35,44,51,53,56,62,67,130,131" machi="23" ten="30,4000,0" yaku="1,1,2,1,0,1,53,0" doraHai="94" doraHaiUra="122" who="1" fromWho="1" sc="250,-20,240,50,250,-10,250,-10" /><INIT seed="1,0,0,4,4,112" ten="230,290,240,240" oya="1" hai0="3,123,0,24,21,38,33,1,44,87,36,84,25" hai1="133,96,22,32,10,74,59,54,102,76,100,41,119" hai2="39,130,128,116,12,90,5,104,69,70,48,64,62" hai3="66,88,94,75,113,23,132,57,72,86,16,19,98"/><U97/><E119/><V6/><F104/><W55/><G113/><T81/><D44/><U101/><E32/><V45/><F39/><W9/><G132/><T2/><D81/><U47/><E133/><V71/><F90/><W28/><G66/><T124/><D21/><U107/><E10/><V51/><F12/><W73/><G9/><T46/><D46/><U93/><E22/><V92/><F92/><W114/><G114/><T11/><D11/><U37/><E100/><V15/><F15/><W103/><G28/><T49/><D49/><N who="2" m="19018" /><F45/><W30/><G30/><T109/><D109/><U14/><E14/><V78/><F78/><W67/><G23/><T121/><N who="0" m="512" /><DORA hai="134" /><T89/><D89/><U43/><E43/><V42/><F42/><W85/><G67/><T83/><D124/><U40/><E40/><V80/><F80/><W117/><G85/><N who="0" m="32843" /><D83/><U120/><E76/><V108/><F108/><W20/><G117/><T52/><D52/><U60/><REACH who="1" step="1"/><E120/><REACH who="1" ten="230,280,240,240" step="2"/><N who="0" m="46153" /><D33/><U50/><E50/><V13/><F13/><W105/><G20/><T125/><D125/><U26/><E26/><AGARI ba="0,1" hai="24,25,26,36,38" m="46153,32843,512" machi="26" ten="60,7700,0" yaku="28,2,13,1" doraHai="112,134" who="0" fromWho="1" sc="230,87,280,-77,240,0,240,0" /><INIT seed="2,0,0,2,2,49" ten="317,203,240,240" oya="2" hai0="86,77,28,79,3,112,130,16,81,82,109,87,53" hai1="129,56,75,57,20,68,14,7,133,94,80,93,22" hai2="119,1,104,43,27,48,78,15,26,134,124,126,11" hai3="103,54,92,85,71,72,88,39,12,55,114,67,5"/><V69/><F1/><W63/><G39/><T70/><D109/><U115/><E115/><V120/><F69/><W64/><G72/><T122/><D122/><U60/><E133/><V118/><F104/><W31/><G114/><T52/><D3/><U41/><E41/><V37/><F37/><W89/><G31/><T98/><D70/><U2/><E129/><V90/><F78/><W40/><G40/><T121/><D121/><U50/><E68/><V51/><F90/><W132/><G132/><T117/><D112/><U128/><E2/><V74/><F74/><W83/><G103/><T65/><D28/><U32/><E32/><V23/><F134/><W97/><G67/><T95/><D65/><U17/><E7/><V33/><F33/><W59/><G71/><T42/><D42/><U106/><E106/><V105/><F105/><W25/><G25/><N who="2" m="9225" /><F23/><W125/><G125/><N who="2" m="48233" /><F120/><W123/><G123/><T76/><D117/><N who="2" m="44554" /><F43/><W0/><G0/><T61/><D61/><U29/><E128/><V110/><F110/><W62/><G62/><T45/><D45/><U36/><E36/><V91/><F91/><W96/><G96/><T30/><D30/><U34/><E34/><V100/><F100/><W113/><G113/><T131/><D79/><N who="1" m="44159" /><E22/><V10/><F15/><W84/><G97/><T107/><D107/><U47/><E29/><V18/><F18/><W6/><G12/><T21/><D131/><U8/><E20/><V46/><F46/><W9/><G9/><AGARI ba="0,0" hai="9,10,11,48,51" m="44554,48233,9225" machi="9" ten="40,7700,0" yaku="28,2,18,1" doraHai="49" who="2" fromWho="3" sc="317,0,203,0,240,77,240,-77" /><INIT seed="2,1,0,2,0,76" ten="317,203,317,163" oya="2" hai0="40,54,15,69,93,85,30,125,58,32,72,83,59" hai1="95,52,101,36,90,23,94,5,98,7,39,60,116" hai2="49,102,11,16,50,33,28,132,53,51,66,19,99" hai3="68,43,97,67,71,110,3,79,61,75,4,135,65"/><V131/><F28/><W87/><G87/><T55/><D72/><U8/><E116/><V127/><F33/><W77/><G97/><T84/><D69/><U14/><E7/><V24/><F66/><W44/><G110/><T81/><D40/><U17/><E60/><V89/><F127/><W41/><G135/><T105/><D105/><U96/><REACH who="1" step="1"/><E52/><REACH who="1" ten="317,193,317,163" step="2"/><N who="0" m="20009" /><D125/><U129/><E129/><V118/><F131/><W112/><G112/><T62/><D32/><U133/><E133/><V122/><F132/><W25/><G75/><T109/><D109/><U121/><E121/><V22/><F122/><W107/><G61/><T70/><D70/><U42/><E42/><V82/><F118/><W119/><G4/><T9/><D30/><U35/><E35/><V120/><F120/><W106/><G119/><T80/><D93/><U48/><E48/><V124/><F124/><W56/><G43/><T31/><D31/><U38/><E38/><V18/><F53/><W115/><G41/><T123/><D123/><U10/><E10/><V21/><F11/><W86/><G115/><T108/><D108/><U91/><E91/><V47/><F47/><W73/><G44/><T29/><D29/><U100/><E100/><V92/><F22/><W57/><G73/><T34/><D34/><U37/><E37/><V103/><F103/><W2/><G25/><AGARI ba="1,1" hai="5,8,14,17,23,25,36,39,90,94,95,96,98,101" machi="25" ten="30,2000,0" yaku="1,1,7,1,53,0" doraHai="76" doraHaiUra="63" who="1" fromWho="3" sc="317,0,193,33,317,0,163,-23" /><INIT seed="3,0,0,4,2,88" ten="317,226,317,140" oya="3" hai0="105,65,22,3,75,54,112,56,66,27,19,98,79" hai1="63,99,23,35,42,121,15,20,73,47,122,123,115" hai2="44,91,83,14,28,95,25,7,18,4,92,1,104" hai3="68,10,74,48,40,33,60,116,135,16,36,43,85"/><W114/><G74/><T5/><D79/><U39/><E115/><V2/><F104/><W45/><G33/><T93/><D105/><U46/><E73/><V12/><F2/><W30/><G116/><T38/><D38/><U131/><E35/><V50/><F1/><W31/><G114/><T127/><D75/><U41/><E63/><V101/><F83/><W59/><G135/><T124/><D112/><U84/><E131/><V80/><F80/><W58/><G68/><T61/><D5/><U53/><E53/><V97/><F25/><W17/><G58/><T51/><D3/><U120/><N who="1" m="31232" /><DORA hai="86" /><U24/><E84/><N who="2" m="52327" /><F28/><W29/><G10/><T67/><REACH who="0" step="1"/><D51/><REACH who="0" ten="307,226,317,140" step="2"/><U90/><E39/><V0/><F0/><W126/><G126/><T102/><AGARI ba="0,1" hai="19,22,27,54,56,61,65,66,67,93,98,102,124,127" machi="102" ten="30,7900,0" yaku="1,1,2,1,0,1,52,1,53,0" doraHai="88,86" doraHaiUra="72,110" who="0" fromWho="0" sc="307,89,226,-20,317,-20,140,-39" owari="396,49.0,206,-19.0,297,10.0,101,-40.0" /></mjloggm>