<mjloggm ver="2.3"><GO type="97" lobby="0"/><UN n0="%E3%81%8B%E3%81%A5%E3%81%8D%E3%83%91%E3%83%91" n1="%E3%82%82%E3%81%8D%E3%82%87%E2%98%86" n2="%E3%82%A6%E3%83%AB%E3%83%88%E3%83%A9%E7%AB%8B%E7%9B%B4" n3="%E3%83%89%E3%83%AB%E3%83%AD%E3%83%AC" dan="14,13,15,14" rate="1965.48,1801.64,1993.32,1981.46" sx="M,M,M,M"/><TAIKYOKU oya="0"/><INIT seed="0,0,0,0,0,34" ten="250,250,250,250" oya="0" hai0="108,92,26,53,57,19,70,94,114,67,78,86,64" hai1="44,134,36,123,43,71,91,127,105,103,14,111,50" hai2="73,52,84,93,13,89,29,120,54,30,113,98,35" hai3="5,41,40,12,32,39,110,16,128,96,106,125,85"/><T75/><D114/><U47/><E103/><V76/><F120/><W22/><G32/><T69/><D75/><U109/><E91/><V45/><F73/><W65/><G125/><T101/><D108/><N who="1" m="41547" /><E105/><V8/><F113/><W28/><G110/><T97/><D70/><U17/><E17/><V74/><F74/><W132/><G128/><T61/><D69/><U126/><E14/><V15/><F15/><W102/><G132/><T25/><D78/><U83/><E83/><N who="2" m="47207" /><F45/><W27/><G39/><T20/><D26/><U11/><E11/><V72/><F72/><W66/><G85/><T33/><D33/><U10/><E10/><V7/><F35/><W99/><G99/><T49/><D49/><U124/><E71/><V24/><F24/><W104/><G104/><T9/><D9/><U80/><E80/><V0/><F0/><W112/><G112/><T1/><D1/><U87/><E87/><V121/><F121/><W129/><G129/><T68/><D68/><U58/><E58/><V56/><F56/><W107/><G107/><T117/><D117/><U3/><E3/><V38/><F38/><W116/><G116/><T77/><REACH who="0" step="1"/><D94/><REACH who="0" ten="240,250,250,250" step="2"/><U79/><E79/><V62/><F62/><W6/><G5/><T82/><AGARI ba="0,1" hai="19,20,25,53,57,61,64,67,77,82,86,92,97,101" machi="82" ten="30,11700,0" yaku="1,1,2,1,0,1,8,1,53,0" doraHai="34" doraHaiUra="42" who="0" fromWho="0" sc="240,127,250,-39,250,-39,250,-39" /><INIT seed="0,1,0,0,0,28" ten="367,211,211,211" oya="0" hai0="58,59,130,102,87,109,92,66,74,90,49,26,133" hai1="51,18,72,6,104,48,112,34,44,76,89,30,107" hai2="42,47,2,35,22,80,118,135,53,33,9,124,122" hai3="11,106,123,129,70,43,69,131,19,65,40,103,117"/><T116/><D116/><U57/><E112/><V41/><F53/><W17/><G123/><T81/><D130/><N who="3" m="49673" /><G117/><T99/><D133/><U84/><E6/><N who="2" m="1239" /><F42/><N who="3" m="15915" /><G65/><T119/><D119/><U75/><E18/><N who="3" m="6666" /><G11/><T82/><D109/><U108/><E108/><V101/><F22/><W110/><G110/><T95/><D26/><U20/><E20/><V78/><F122/><W96/><AGARI ba="1,0" hai="69,70,96,103,106" m="6666,15915,49673" machi="96" ten="40,1500,0" yaku="19,1" doraHai="28" who="3" fromWho="3" sc="367,-8,211,-5,211,-5,211,18" /><INIT seed="1,0,0,5,0,45" ten="359,206,206,229" oya="1" hai0="105,127,118,46,1,109,56,35,60,126,94,4,55" hai1="122,27,3,72,103,6,74,112,111,67,66,69,37" hai2="102,0,13,85,77,93,51,41,22,33,29,62,75" hai3="132,52,97,59,120,81,47,128,21,12,16,79,50"/><U73/><E122/><V65/><F0/><W84/><G120/><T125/><D105/><U96/><E112/><V49/><F41/><W90/><G128/><T32/><D118/><U78/><E111/><V5/><F33/><W86/><G132/><T18/><D109/><U114/><E114/><V15/><F75/><W117/><G97/><T95/><D4/><U19/><E19/><V58/><F15/><W89/><G117/><T99/><D1/><U70/><E27/><N who="2" m="16631" /><F77/><W14/><G14/><T20/><D46/><U7/><E78/><V100/><F100/><W44/><G79/><T108/><D108/><U92/><E37/><V30/><F30/><W76/><G76/><T2/><D2/><U134/><E134/><V88/><F102/><W64/><G64/><T82/><D82/><AGARI ba="0,0" hai="12,16,21,44,47,50,52,59,81,82,84,86,89,90" machi="82" ten="30,12000,2" yaku="7,1,9,1,8,1,52,1,54,2" doraHai="45" who="3" fromWho="0" sc="359,-120,206,0,206,0,229,120" /><INIT seed="2,0,0,2,4,108" ten="239,206,206,349" oya="2" hai0="50,26,43,131,76,104,72,13,88,9,15,4,60" hai1="98,116,55,80,81,132,28,69,106,75,48,68,52" hai2="10,129,127,126,18,59,121,102,37,49,61,27,91" hai3="22,78,21,117,14,115,111,58,130,97,99,20,94"/><V65/><F37/><W6/><G117/><T25/><D104/><U1/><E116/><V0/><F121/><W92/><G115/><T114/><D114/><U124/><E132/><V8/><F102/><W86/><G111/><T125/><D131/><U133/><E133/><V40/><F129/><W42/><G130/><T62/><D125/><N who="2" m="47626" /><F0/><W103/><G42/><T36/><D36/><U89/><E124/><V16/><F91/><W95/><G58/><T54/><D72/><U134/><E134/><V109/><F109/><W34/><G34/><T17/><D76/><U11/><E28/><V123/><F123/><W56/><G56/><T110/><D110/><U77/><E81/><V83/><F83/><W32/><G32/><T24/><D43/><U122/><E55/><V105/><F105/><W73/><G73/><T46/><REACH who="0" step="1"/><D88/><REACH who="0" ten="229,206,206,349" step="2"/><U85/><E122/><V38/><F38/><W84/><G103/><T93/><D93/><U82/><E106/><V45/><F27/><W100/><G100/><T71/><D71/><U63/><E98/><N who="3" m="37386" /><G78/><T64/><D64/><U3/><E69/><V29/><F40/><W120/><G120/><T23/><AGARI ba="0,1" hai="4,9,13,15,17,23,24,25,26,46,50,54,60,62" machi="23" ten="30,7900,0" yaku="1,1,0,1,8,1,53,1" doraHai="108" doraHaiUra="12" who="0" fromWho="0" sc="229,89,206,-20,206,-39,349,-20" /><INIT seed="3,0,0,0,0,124" ten="318,186,167,329" oya="3" hai0="77,119,128,35,22,41,71,133,85,15,110,75,40" hai1="83,26,62,80,6,33,1,90,72,16,82,114,121" hai2="57,65,13,105,88,0,30,42,87,111,45,125,17" hai3="61,70,32,48,2,23,47,96,79,50,4,135,54"/><W55/><G135/><T31/><D71/><U93/><E114/><V53/><F0/><W11/><G32/><T18/><D119/><U37/><E121/><V122/><F105/><W113/><G113/><T99/><D75/><U103/><E37/><V91/><F122/><W132/><G132/><T5/><D133/><U27/><E72/><V108/><F65/><W107/><G79/><T19/><D110/><N who="2" m="42026" /><F30/><W39/><G39/><T56/><D18/><U112/><E112/><V115/><F115/><W86/><G86/><T117/><D5/><U69/><E69/><V67/><F67/><W129/><G129/><T127/><D56/><U59/><E103/><V14/><F125/><W44/><G23/><T29/><D127/><U94/><E1/><V28/><F28/><W43/><G43/><T109/><D109/><U66/><E33/><V104/><F104/><W12/><G2/><T81/><D117/><U7/><E94/><N who="2" m="54559" /><F91/><W116/><G116/><T60/><D31/><U21/><E27/><V74/><F74/><W95/><G107/><T52/><D29/><U78/><E78/><V49/><F17/><W100/><G61/><AGARI ba="0,0" hai="13,14,42,45,49,53,57,61" m="54559,42026" machi="61" ten="30,2000,0" yaku="14,1,54,1" doraHai="124" who="2" fromWho="3" sc="318,0,186,0,167,20,329,-20" owari="318,41.0,186,-31.0,187,-21.0,309,11.0" /></mjloggm>