<mjloggm ver="2.3"><GO type="97" lobby="0"/><UN n0="%E8%B5%A4%E7%99%BD%E9%9D%92%E7%B4%AB%E9%BB%84%E7%B7%91" n1="%E3%82%AF%E3%83%BC%E3%83%87%E3%83%AA%E3%82%A2" n2="%E3%82%A6%E3%83%AB%E3%83%88%E3%83%A9%E7%AB%8B%E7%9B%B4" n3="%E6%B4%A5%E7%94%B0%E6%B2%BC%E3%81%A3%E5%AD%90" dan="13,15,15,15" rate="1901.75,2069.08,1996.76,2036.29" sx="M,F,M,M"/><TAIKYOKU oya="0"/><INIT seed="0,0,0,3,1,51" ten="250,250,250,250" oya="0" hai0="67,89,94,131,48,62,21,81,133,1,102,123,64" hai1="121,88,135,28,59,118,128,18,71,106,87,0,100" hai2="47,58,68,130,24,70,26,82,7,76,20,96,83" hai3="117,125,69,52,95,35,34,63,43,27,57,6,12"/><T77/><D1/><U61/><E0/><V124/><F124/><W17/><G117/><T110/><D123/><U99/><E121/><V31/><F130/><W122/><G122/><T16/><D131/><U4/><E118/><V112/><F112/><W29/><G125/><T111/><D102/><U5/><E128/><V79/><F7/><W25/><G69/><T105/><D105/><U91/><E91/><V11/><F11/><W50/><G6/><T120/><D120/><U65/><E135/><V116/><F116/><W75/><G75/><T108/><D133/><U30/><E18/><V55/><F47/><W97/><G43/><T119/><D119/><U114/><E114/><V13/><F13/><W73/><G73/><N who="0" m="43183" /><D48/><U37/><E37/><V53/><F96/><W9/><G27/><N who="0" m="14759" /><D62/><U103/><E103/><V38/><F38/><W10/><G10/><T101/><D101/><U115/><E115/><V134/><F134/><W32/><G50/><T85/><AGARI ba="0,0" hai="64,67,85,89,94,108,110,111" m="14759,43183" machi="85" ten="30,6000,0" yaku="14,1,10,1,54,1" doraHai="51" who="0" fromWho="0" sc="250,60,250,-20,250,-20,250,-20" /><INIT seed="0,1,0,1,5,56" ten="310,230,230,230" oya="0" hai0="37,7,32,125,109,49,95,90,116,12,42,110,83" hai1="65,35,40,71,112,119,44,41,126,120,128,130,89" hai2="105,103,101,70,78,93,10,117,9,16,88,74,84" hai3="31,14,25,22,91,19,55,52,20,2,21,134,18"/><T108/><D116/><U11/><E35/><V77/><F70/><W58/><G134/><T86/><D32/><U0/><E0/><V53/><F117/><W54/><G2/><T124/><D37/><U82/><E11/><V69/><F69/><W5/><G5/><T127/><D49/><U123/><E89/><V6/><F6/><W68/><G68/><T4/><D42/><N who="1" m="16491" /><E82/><V75/><F53/><W26/><REACH who="3" step="1"/><G91/><REACH who="3" ten="310,230,230,220" step="2"/><N who="0" m="51679" /><D12/><U29/><E119/><V73/><F10/><W85/><G85/><AGARI ba="1,1" hai="4,7,85,90,95,108,109,110,124,125,127" m="51679" machi="85" ten="40,7700,0" yaku="14,1,10,1,18,1" doraHai="56" who="0" fromWho="3" sc="310,90,230,0,230,0,220,-80" /><INIT seed="0,2,0,1,5,133" ten="400,230,230,140" oya="0" hai0="58,39,110,130,127,75,81,121,9,2,124,59,48" hai1="105,63,126,120,88,41,107,18,92,115,112,73,84" hai2="103,99,101,49,0,122,132,54,30,129,89,83,10" hai3="90,20,117,65,16,57,100,60,32,134,128,42,44"/><T91/><D121/><U29/><E120/><V77/><F129/><W118/><G32/><T69/><D69/><U61/><E126/><N who="0" m="48169" /><D39/><U135/><E135/><V19/><F89/><W36/><G134/><T6/><D130/><U123/><E123/><V50/><F30/><W45/><G128/><T28/><D110/><U97/><E73/><V98/><F132/><W24/><G100/><T51/><D28/><U119/><E119/><V80/><F101/><W106/><G106/><T43/><D91/><U82/><E41/><V113/><F103/><W33/><G33/><T3/><D3/><U26/><E18/><V68/><F19/><W40/><REACH who="3" step="1"/><G90/><REACH who="3" ten="400,230,230,130" step="2"/><T35/><D35/><N who="1" m="20919" /><E107/><V64/><F122/><W86/><G86/><T4/><D4/><U96/><E105/><V14/><F0/><W31/><G31/><T37/><D37/><AGARI ba="2,1" hai="16,20,24,36,37,40,42,44,45,57,60,65,117,118" machi="37" ten="30,8000,1" yaku="1,1,7,1,9,1,54,1,53,1" doraHai="133" doraHaiUra="53" who="3" fromWho="0" sc="400,-86,230,0,230,0,130,96" /><INIT seed="1,0,0,4,2,93" ten="314,230,230,226" oya="1" hai0="22,106,69,126,19,88,28,107,34,54,130,115,113" hai1="2,18,58,52,57,9,97,67,55,86,20,47,25" hai2="40,71,81,46,108,85,117,64,11,45,120,128,53" hai3="121,68,8,90,109,7,37,135,110,23,33,63,89"/><U73/><E73/><V48/><F117/><W0/><G33/><T30/><D69/><U26/><E86/><V100/><F120/><W61/><G37/><T21/><D34/><U72/><E72/><V104/><F108/><N who="3" m="41579" /><G121/><T41/><D41/><U1/><E67/><V51/><F128/><W49/><G135/><T123/><D130/><U35/><E47/><V4/><F64/><N who="3" m="40975" /><G63/><T27/><D123/><U101/><E9/><V12/><F71/><W32/><G32/><T10/><D10/><U44/><E44/><V133/><F133/><W39/><G39/><T79/><D79/><U105/><E55/><V125/><F125/><W17/><G49/><T111/><D126/><U95/><E58/><V77/><F104/><W16/><G17/><T80/><D111/><U96/><E35/><V114/><F114/><W59/><G59/><T118/><D118/><U15/><E2/><V129/><F129/><W3/><G3/><T131/><D131/><U119/><E1/><V5/><F100/><W127/><G127/><T43/><D43/><U83/><E119/><V42/><F53/><W60/><G60/><T14/><D54/><U102/><E83/><V13/><F13/><AGARI ba="0,0" hai="0,7,8,13,16,23,89,90" m="40975,41579" machi="13" ten="30,2000,0" yaku="14,1,54,1" doraHai="93" who="3" fromWho="2" sc="314,0,230,0,230,-20,226,20" /><INIT seed="2,0,0,4,3,92" ten="314,230,210,246" oya="2" hai0="30,28,12,5,10,121,44,89,16,97,36,81,124" hai1="116,133,123,49,4,69,35,86,47,85,25,57,126" hai2="2,71,72,122,50,20,67,78,108,18,84,27,45" hai3="110,120,90,24,102,41,77,15,38,73,52,61,54"/><V93/><F108/><W119/><G120/><T95/><D121/><U94/><E123/><V112/><F112/><W60/><G119/><T66/><D124/><U37/><E126/><V40/><F2/><W33/><G110/><T118/><D118/><U105/><E69/><V62/><F122/><W13/><G102/><T111/><D111/><U3/><E105/><V53/><F72/><W127/><G127/><T64/><D36/><U104/><E104/><V88/><F78/><W29/><G77/><T70/><D70/><U26/><E37/><V7/><F7/><W107/><G73/><T43/><D43/><U55/><E35/><V132/><F132/><W1/><G1/><T101/><D44/><U6/><E133/><V87/><REACH who="2" step="1"/><F40/><REACH who="2" ten="314,230,200,246" step="2"/><W106/><G41/><T76/><D5/><U68/><E3/><V8/><F8/><W96/><G38/><T109/><D109/><U100/><E116/><V130/><F130/><W131/><G131/><T80/><D76/><U59/><E4/><V65/><F65/><N who="0" m="25194" /><D81/><U98/><E6/><V11/><F11/><W83/><G83/><T58/><D58/><U99/><E68/><V51/><F51/><W17/><G61/><T114/><D114/><U134/><E134/><V42/><F42/><W125/><G60/><T19/><D19/><U0/><E0/><V115/><F115/><W129/><G17/><T31/><D80/><U75/><E75/><V39/><F39/><W9/><G125/><T34/><D34/><U56/><REACH who="1" step="1"/><E99/><AGARI ba="0,1" hai="18,20,27,45,50,53,62,67,71,84,87,88,93,99" machi="99" ten="30,12000,1" yaku="1,1,7,1,52,1,54,1,53,1" doraHai="92" doraHaiUra="23" who="2" fromWho="1" sc="314,0,230,-120,200,130,246,0" /><INIT seed="2,1,0,4,4,72" ten="314,110,330,246" oya="2" hai0="96,1,128,73,99,36,5,18,125,110,14,123,79" hai1="78,91,76,37,111,101,40,113,92,90,22,20,17" hai2="3,50,9,34,102,28,86,45,133,48,132,129,126" hai3="75,81,122,19,135,46,47,15,116,70,43,31,56"/><V51/><F102/><W82/><G122/><T49/><D123/><U100/><E113/><V53/><F28/><W21/><G70/><T127/><D36/><U119/><E37/><V7/><F34/><W120/><G116/><T112/><D112/><U97/><E119/><V118/><F118/><W69/><G69/><T42/><D128/><U109/><E40/><V54/><F129/><W26/><G120/><T87/><D73/><U104/><E17/><V115/><F115/><W98/><G135/><N who="2" m="51785" /><F126/><N who="0" m="48138" /><D110/><U2/><E2/><V57/><F86/><W131/><G131/><T84/><D1/><U60/><E60/><AGARI ba="1,0" hai="3,7,9,45,48,50,51,53,54,57,60" m="51785" machi="60" ten="30,1500,0" yaku="20,1" doraHai="72" who="2" fromWho="1" sc="314,0,110,-18,330,18,246,0" /><INIT seed="2,2,0,2,5,29" ten="314,92,348,246" oya="2" hai0="134,59,62,32,17,63,36,98,56,104,12,18,84" hai1="26,78,60,20,54,15,119,107,23,55,11,118,103" hai2="74,2,9,73,125,48,83,77,117,80,30,40,68" hai3="13,31,24,96,58,22,79,45,71,94,34,28,46"/><V4/><F117/><W69/><G79/><T120/><D36/><U95/><E107/><V33/><F48/><W76/><G76/><T122/><D134/><U39/><E39/><V100/><F80/><W57/><G71/><T6/><D6/><U44/><E78/><V38/><F100/><W66/><G69/><T91/><D104/><U27/><E119/><V7/><F7/><W115/><G115/><T129/><D98/><U3/><E118/><V81/><F81/><W86/><G86/><T123/><D129/><U1/><E1/><V25/><F68/><W53/><G66/><T97/><D97/><U92/><E3/><V110/><F110/><W113/><G113/><T75/><D75/><U49/><E103/><V47/><F125/><W133/><G133/><T126/><D126/><U65/><E65/><V64/><F64/><W111/><G111/><T43/><D43/><U112/><E112/><V21/><F21/><W132/><G132/><T85/><D12/><U14/><E11/><V116/><F116/><W61/><G58/><N who="0" m="22059" /><D91/><U51/><REACH who="1" step="1"/><E44/><REACH who="1" ten="314,82,348,246" step="2"/><V89/><F89/><W106/><G106/><T87/><D32/><U8/><E8/><V5/><F5/><W135/><G135/><T10/><D10/><U102/><E102/><V130/><F130/><W124/><G124/><T121/><D121/><U128/><E128/><V37/><F37/><W90/><G34/><T35/><D35/><U88/><E88/><V50/><F38/><W108/><G108/><T0/><D0/><U82/><E82/><V70/><F73/><W67/><G67/><T101/><D101/><RYUUKYOKU ba="2,1" sc="314,10,82,10,348,10,246,-30" hai0="17,18,62,63,84,85,87,120,122,123" hai1="14,15,20,23,26,27,49,51,54,55,60,92,95" hai2="2,4,9,25,30,33,40,47,50,70,74,77,83" /><INIT seed="2,3,1,5,0,38" ten="324,92,358,216" oya="2" hai0="87,58,69,111,59,89,9,110,63,124,99,49,83" hai1="107,3,130,71,14,131,13,120,29,126,30,119,1" hai2="60,56,135,42,21,20,45,4,88,11,57,95,113" hai3="26,16,81,0,8,12,90,54,22,65,127,85,122"/><V94/><F135/><W117/><G127/><T96/><D124/><U116/><E126/><V2/><F95/><W82/><G117/><T77/><D69/><U27/><E27/><V92/><F92/><W123/><G0/><T80/><D49/><U43/><E71/><V115/><F115/><W50/><G65/><T48/><D48/><U61/><E61/><V86/><F113/><W105/><G105/><T112/><D112/><U100/><E100/><V98/><F86/><W125/><G125/><T6/><D59/><U103/><E103/><V93/><F93/><W128/><G128/><T106/><D106/><U134/><E134/><V47/><F47/><W39/><G39/><T25/><D25/><U75/><E107/><V133/><F133/><W64/><G64/><T62/><D62/><U15/><E75/><V44/><F44/><W66/><G66/><N who="0" m="39287" /><D80/><U104/><E104/><V67/><F57/><W46/><REACH who="3" step="1"/><G81/><REACH who="3" ten="324,92,358,206" step="2"/><T40/><D83/><U102/><E102/><V34/><F34/><W79/><G79/><T24/><D77/><U19/><E19/><AGARI ba="3,2" hai="8,12,16,19,22,26,46,50,54,82,85,90,122,123" machi="19" ten="30,8000,1" yaku="1,1,7,1,25,2,54,1,53,0" doraHai="38" doraHaiUra="91" who="3" fromWho="1" sc="324,0,92,-89,358,0,206,109" /><INIT seed="3,0,0,3,5,84" ten="324,3,358,315" oya="3" hai0="80,78,29,41,60,59,101,85,51,21,2,53,125" hai1="33,45,107,123,67,8,38,130,25,65,81,104,110" hai2="62,135,56,76,22,127,75,132,20,71,54,37,119" hai3="109,108,15,44,9,102,39,47,32,52,46,12,77"/><W36/><G32/><T7/><D2/><U95/><E33/><V70/><F37/><W124/><G124/><T97/><D125/><U116/><E116/><V40/><F40/><W117/><G117/><T26/><D7/><U88/><E110/><N who="3" m="42602" /><G77/><T43/><REACH who="0" step="1"/><D60/><REACH who="0" ten="314,3,358,315" step="2"/><U105/><E81/><N who="2" m="45215" /><F127/><W114/><G114/><T99/><D99/><U118/><E118/><V35/><F119/><W94/><G94/><AGARI ba="0,1" hai="21,26,29,41,43,51,53,59,78,80,85,94,97,101" machi="94" ten="30,7700,0" yaku="1,1,7,1,8,1,53,1" doraHai="84" doraHaiUra="74" who="0" fromWho="3" sc="314,87,3,0,358,0,315,-77" owari="401,50.0,3,-50.0,358,16.0,238,-16.0" /></mjloggm>