<mjloggm ver="2.3"><GO type="97" lobby="0"/><UN n0="%E3%81%84%E3%81%A1%E3%81%94%E3%81%A1%E3%82%83%E3%82%93" n1="%E7%B7%91%E9%9D%92" n2="%E3%83%95%E3%83%AB%E3%82%BC%E3%83%B3%E3%83%84" n3="%E3%82%A6%E3%83%AB%E3%83%88%E3%83%A9%E7%AB%8B%E7%9B%B4" dan="13,15,15,15" rate="1915.99,1962.06,1989.16,1977.75" sx="F,M,M,M"/><TAIKYOKU oya="0"/><INIT seed="0,0,0,4,3,115" ten="250,250,250,250" oya="0" hai0="17,28,128,104,129,99,91,111,5,64,16,67,36" hai1="94,37,14,124,100,62,34,119,92,135,6,89,3" hai2="71,109,48,53,25,39,121,57,106,33,117,105,93" hai3="68,1,75,70,84,30,66,55,8,63,73,42,9"/><T15/><D36/><U43/><E124/><V0/><F71/><W60/><G42/><T65/><D28/><U32/><E135/><V49/><F39/><W78/><G30/><T26/><D111/><U79/><E3/><V24/><F0/><W95/><G1/><T97/><D26/><U108/><E108/><V12/><F121/><W11/><G55/><T134/><D134/><U45/><E79/><V59/><F109/><W19/><G19/><T18/><D5/><U4/><E62/><V80/><F33/><W41/><G41/><T10/><D104/><U110/><E110/><V69/><F69/><W13/><G13/><T56/><D56/><U133/><E133/><V116/><F12/><W98/><G84/><T46/><D46/><U101/><E6/><V118/><F80/><W38/><G78/><T58/><D58/><N who="2" m="22026" /><F93/><N who="1" m="35945" /><E119/><V7/><F7/><W86/><G38/><T87/><D99/><U81/><E89/><V127/><F127/><W122/><G86/><T35/><D97/><U61/><E61/><V132/><F132/><W21/><G122/><T29/><D29/><U2/><E81/><V90/><F90/><W103/><REACH who="3" step="1"/><G21/><REACH who="3" ten="250,250,250,240" step="2"/><T83/><D35/><N who="1" m="13355" /><E2/><V112/><F112/><W96/><G96/><T47/><D47/><U88/><E88/><V52/><F53/><W22/><G22/><T74/><D74/><U114/><E114/><V131/><F52/><W82/><G82/><T107/><D107/><N who="2" m="40970" /><F117/><W51/><G51/><N who="2" m="19529" /><F118/><W102/><G102/><N who="1" m="39530" /><E14/><V113/><F116/><W126/><G126/><T123/><D10/><U40/><E40/><V77/><F113/><RYUUKYOKU ba="0,1" sc="250,-15,250,15,250,-15,240,15" hai1="4,37,43,45" hai3="8,9,11,60,63,66,68,70,73,75,95,98,103" /><INIT seed="1,1,1,2,2,10" ten="235,265,235,255" oya="1" hai0="7,101,5,96,131,124,85,86,133,35,40,22,129" hai1="37,63,108,84,100,17,89,102,127,15,107,0,51" hai2="106,3,87,36,99,20,9,48,88,1,128,130,2" hai3="76,56,98,119,21,19,121,53,54,13,42,91,74"/><U66/><E37/><V68/><F36/><W33/><G33/><T82/><D35/><U114/><E0/><V55/><F68/><W126/><G121/><T14/><D124/><U94/><E114/><V6/><F20/><W26/><G126/><T47/><D133/><U34/><E34/><V116/><F116/><W29/><G119/><T117/><D117/><U112/><E112/><V23/><F23/><W123/><G123/><T103/><D103/><U95/><E127/><V8/><F99/><W38/><G76/><T41/><D41/><U64/><E108/><V27/><F27/><W32/><G74/><T83/><D22/><U58/><E66/><V43/><F43/><W49/><G38/><T125/><D125/><U4/><E4/><V73/><F73/><W110/><G110/><T134/><D134/><U97/><E51/><V105/><F106/><W45/><G56/><T78/><D14/><U18/><REACH who="1" step="1"/><E15/><REACH who="1" ten="235,255,235,255" step="2"/><N who="2" m="5527" /><F130/><N who="0" m="49674" /><D5/><U113/><E113/><V132/><F128/><W59/><G32/><T25/><D7/><U81/><E81/><V12/><F132/><W69/><G13/><T11/><D83/><U90/><E90/><V120/><F120/><W57/><G91/><T24/><D25/><U104/><E104/><V31/><F105/><W70/><G26/><T28/><D24/><U122/><E122/><V72/><F2/><W118/><G118/><T79/><D82/><U65/><E65/><V67/><F67/><W115/><G115/><T39/><D79/><U30/><E30/><V16/><F31/><W135/><G29/><T77/><D28/><U60/><E60/><RYUUKYOKU ba="1,2" sc="235,-10,255,30,235,-10,255,-10" hai1="17,18,58,63,64,84,89,94,95,97,100,102,107" /><INIT seed="1,2,2,0,4,75" ten="225,285,225,245" oya="1" hai0="124,18,58,25,65,68,52,120,86,70,110,37,133" hai1="53,135,17,61,125,108,109,29,71,14,83,111,0" hai2="95,20,28,69,57,92,21,49,100,97,63,62,48" hai3="31,56,81,129,30,22,41,94,131,89,45,10,77"/><U127/><E0/><V54/><F69/><W98/><G56/><T34/><D124/><N who="1" m="47691" /><E135/><V5/><F5/><W67/><G67/><T76/><D133/><U9/><E29/><V15/><F95/><W102/><G102/><T13/><D37/><U113/><E113/><V105/><F105/><W8/><G30/><T123/><D110/><U33/><E33/><V72/><F72/><N who="3" m="43175" /><G22/><T6/><D6/><U12/><E12/><V3/><F3/><W119/><G31/><N who="0" m="19823" /><D65/><N who="1" m="41391" /><E83/><V43/><F28/><W59/><G10/><N who="0" m="6455" /><D86/><U32/><E32/><V1/><F1/><W66/><G8/><T80/><D76/><U73/><E73/><V101/><F21/><W2/><G2/><T51/><D80/><U36/><E53/><V47/><REACH who="2" step="1"/><F101/><REACH who="2" ten="225,285,215,245" step="2"/><W112/><G94/><T39/><D39/><AGARI ba="2,3" hai="9,14,17,36,39,108,109,111" m="41391,47691" machi="39" ten="40,7700,0" yaku="14,1,10,1,18,1" doraHai="75" who="1" fromWho="0" sc="225,-83,285,113,215,0,245,0" /><INIT seed="1,3,0,0,5,9" ten="142,398,215,245" oya="1" hai0="20,93,69,43,124,120,133,76,1,14,79,97,54" hai1="105,46,108,68,44,61,127,37,2,38,16,77,25" hai2="135,42,23,92,74,123,102,116,55,130,128,13,117" hai3="81,53,66,118,24,28,112,98,57,96,131,103,10"/><U89/><E105/><V94/><F74/><W129/><G112/><T114/><D69/><U32/><E2/><V126/><F123/><W134/><G118/><T72/><D120/><U50/><E77/><V48/><F42/><W29/><G66/><T65/><D114/><U34/><E127/><V59/><F126/><W33/><G29/><T31/><D1/><U63/><E89/><V86/><F135/><W119/><G119/><N who="2" m="45641" /><F102/><W110/><G134/><T88/><D124/><U62/><E108/><V90/><F94/><W75/><G110/><T51/><D133/><U4/><E4/><V56/><F56/><W95/><G81/><T8/><D65/><U47/><E50/><V71/><F71/><W84/><G75/><T122/><D43/><U70/><E70/><V17/><AGARI ba="3,0" hai="13,17,23,48,55,59,86,90,92,128,130" m="45641" machi="17" ten="30,2000,0" yaku="25,1,52,1" doraHai="9" who="2" fromWho="2" sc="142,-8,398,-13,215,29,245,-8" /><INIT seed="2,0,0,1,0,124" ten="134,385,244,237" oya="2" hai0="28,98,18,12,93,116,59,106,130,11,72,100,62" hai1="13,57,131,9,31,128,8,67,3,108,50,65,109" hai2="0,56,73,117,29,21,53,75,55,105,81,51,94" hai3="83,63,92,33,95,37,133,99,127,87,70,39,45"/><V61/><F0/><W41/><G33/><T42/><D72/><U110/><E31/><V19/><F105/><W6/><G127/><T46/><D116/><U115/><E115/><V101/><F117/><W88/><G133/><T77/><D28/><U48/><E3/><V103/><F29/><W123/><G123/><T76/><D106/><U118/><E118/><V58/><F81/><W85/><G6/><T17/><D17/><N who="1" m="8359" /><E9/><V86/><F75/><W135/><G135/><T2/><D130/><N who="1" m="49707" /><E57/><V26/><F73/><W112/><G112/><T52/><REACH who="0" step="1"/><D2/><REACH who="0" ten="124,385,244,237" step="2"/><U66/><AGARI ba="0,1" hai="48,50,65,66,67,108,109,110" m="49707,8359" machi="66" ten="40,8000,1" yaku="14,1,19,1,52,3" doraHai="124" who="1" fromWho="1" sc="124,-20,385,90,244,-40,237,-20" /><INIT seed="3,0,0,4,0,7" ten="104,475,204,217" oya="3" hai0="105,11,127,36,86,41,26,17,118,54,16,119,51" hai1="0,77,135,110,112,109,61,62,108,21,34,14,1" hai2="74,38,39,46,67,88,87,32,115,90,27,79,76" hai3="22,95,31,113,43,56,50,59,103,72,10,15,130"/><W92/><G72/><T29/><D105/><U6/><E112/><V60/><F115/><W48/><G113/><T23/><D127/><U19/><E135/><V93/><F74/><W44/><G130/><T63/><D63/><N who="1" m="24075" /><E34/><V85/><F32/><W82/><G82/><T42/><D36/><U106/><E77/><V133/><F133/><W66/><G103/><T96/><D96/><U64/><E64/><V128/><F128/><W73/><G73/><T94/><D119/><U101/><E6/><V4/><F4/><N who="3" m="3527" /><G66/><T8/><D118/><U13/><E13/><V25/><F46/><W40/><G40/><N who="0" m="15467" /><D94/><N who="3" m="35881" /><G50/><T104/><D86/><U57/><E57/><N who="2" m="37263" /><F39/><W53/><G43/><T33/><D33/><U116/><E116/><V75/><F75/><W52/><G53/><T122/><D104/><U126/><E126/><V84/><F38/><W111/><G111/><T98/><D98/><AGARI ba="0,0" hai="0,1,14,19,21,98,101,106,108,109,110" m="24075" machi="98" ten="40,1300,0" yaku="14,1" doraHai="7" who="1" fromWho="0" sc="104,-13,475,13,204,0,217,0" owari="91,-41.0,488,59.0,204,-20.0,217,2.0" /></mjloggm>