<mjloggm ver="2.3"><GO type="97" lobby="0"/><UN n0="%E9%98%BF%E5%AE%88%E7%A4%BC" n1="%E3%80%93%E6%9A%81%E7%B4%80%E3%80%93" n2="%E3%83%AF%E3%83%A9%E3%83%93%E3%83%BC%E9%A4%85" n3="%E3%82%A6%E3%83%AB%E3%83%88%E3%83%A9%E7%AB%8B%E7%9B%B4" dan="14,13,14,15" rate="1981.06,1969.92,1902.62,2009.86" sx="M,M,M,M"/><TAIKYOKU oya="0"/><INIT seed="0,0,0,3,1,87" ten="250,250,250,250" oya="0" hai0="20,36,71,129,78,94,1,119,113,128,65,74,7" hai1="77,53,25,131,60,85,135,6,75,41,48,118,35" hai2="102,91,30,107,72,52,111,96,8,67,79,43,125" hai3="112,11,38,51,33,84,49,93,15,127,110,58,76"/><T88/><D36/><U32/><E118/><V68/><F43/><W3/><G38/><T39/><D119/><U120/><E120/><V4/><F30/><W17/><G33/><T28/><D113/><U29/><E135/><V18/><F18/><W81/><G112/><T37/><D71/><U73/><E131/><N who="0" m="50249" /><D65/><U66/><E35/><V99/><F79/><W47/><G3/><T24/><D78/><U98/><E6/><V124/><F72/><W121/><G121/><T63/><D63/><U86/><E86/><V46/><F111/><W108/><G127/><T56/><D56/><U123/><E41/><V44/><F67/><W132/><G132/><T70/><D70/><U103/><E85/><V61/><F68/><W117/><G117/><T69/><D69/><N who="1" m="42183" /><E77/><V45/><F4/><W133/><G133/><T50/><D50/><U10/><E123/><V109/><F109/><W130/><G130/><T89/><D74/><U106/><E10/><V27/><F8/><W26/><G108/><T122/><D122/><U9/><E9/><V42/><F42/><W19/><G110/><T12/><D1/><U34/><E34/><V97/><F97/><W5/><G58/><AGARI ba="0,0" hai="25,29,32,48,53,58,73,75,98,103,106" m="42183" machi="58" ten="30,1000,0" yaku="25,1" doraHai="87" who="1" fromWho="3" sc="250,0,250,10,250,0,250,-10" /><INIT seed="1,0,0,0,1,116" ten="250,260,250,240" oya="1" hai0="97,11,90,108,54,47,37,2,25,99,92,66,43" hai1="85,69,20,35,109,15,80,124,63,24,103,26,84" hai2="12,4,17,104,7,68,53,133,61,126,67,125,91" hai3="107,96,5,87,105,111,118,71,49,81,29,30,60"/><U98/><E124/><V127/><F104/><W129/><G118/><T45/><D108/><U23/><E109/><V119/><F119/><W56/><G111/><T16/><D66/><U1/><E1/><V113/><F113/><W83/><G129/><T114/><D114/><U95/><E35/><V58/><F133/><W128/><G128/><T89/><D2/><U94/><E69/><V72/><F72/><W70/><G5/><T10/><D54/><U8/><E94/><V50/><REACH who="2" step="1"/><F91/><REACH who="2" ten="250,260,240,240" step="2"/><W73/><G73/><T123/><D89/><U57/><E84/><V41/><F41/><W3/><G87/><T112/><D112/><U131/><E85/><V64/><F64/><W76/><G105/><T93/><D43/><U74/><E74/><V42/><F42/><W38/><G107/><T75/><D75/><U33/><E103/><V52/><F52/><W32/><G96/><T48/><D90/><U122/><E98/><V39/><F39/><W77/><G38/><T62/><D37/><U134/><E131/><V28/><F28/><W101/><G101/><T46/><D97/><U13/><E134/><V27/><F27/><W19/><G30/><T0/><D99/><U102/><E24/><V51/><F51/><W9/><G49/><T40/><D40/><U6/><E26/><V117/><F117/><W21/><G29/><T120/><D48/><U132/><E102/><V115/><F115/><W55/><G55/><T79/><D25/><U100/><E132/><V31/><F31/><W22/><G32/><T18/><D62/><U135/><E63/><V86/><F86/><RYUUKYOKU ba="0,1" sc="250,-10,260,-10,240,30,240,-10" hai2="4,7,12,17,50,53,58,61,67,68,125,126,127" /><INIT seed="2,1,1,0,0,95" ten="240,250,270,230" oya="2" hai0="124,106,135,68,92,128,42,50,28,63,126,30,38" hai1="33,89,32,43,2,5,31,53,90,105,73,97,15" hai2="26,87,7,129,76,62,83,0,40,9,12,3,84" hai3="22,20,107,66,99,78,45,25,71,120,112,116,118"/><V58/><F129/><W49/><G120/><T114/><D114/><U101/><E73/><V100/><F40/><W104/><G112/><T119/><D106/><U96/><E43/><V93/><F26/><W111/><G111/><T52/><D135/><U133/><E2/><V88/><REACH who="2" step="1"/><F100/><REACH who="2" ten="240,250,260,230" step="2"/><W110/><G110/><T10/><D128/><U1/><E101/><V122/><F122/><W81/><G25/><T23/><D119/><U8/><E133/><V121/><F121/><W39/><G116/><T82/><D42/><U47/><E33/><V54/><AGARI ba="1,2" hai="0,3,7,9,12,54,58,62,76,83,84,87,88,93" machi="54" ten="20,12000,1" yaku="1,1,0,1,7,1,54,1,53,1" doraHai="95" doraHaiUra="74" who="2" fromWho="2" sc="240,-41,250,-41,260,143,230,-41" /><INIT seed="2,2,0,5,3,99" ten="199,209,403,189" oya="2" hai0="27,111,132,9,74,5,93,88,12,68,62,49,125" hai1="84,119,94,77,66,45,92,114,127,72,80,70,19" hai2="15,41,38,97,105,79,104,58,63,53,100,13,0" hai3="36,112,116,1,128,18,48,90,29,102,10,129,3"/><V2/><F105/><W47/><G36/><T25/><D74/><U95/><E119/><V130/><F130/><N who="3" m="50283" /><G116/><T24/><D111/><U78/><E127/><V35/><F35/><W89/><G29/><T71/><D125/><U67/><E114/><V87/><F41/><N who="3" m="24687" /><G112/><T86/><D132/><U42/><E70/><V109/><F38/><W118/><G118/><T61/><REACH who="0" step="1"/><D49/><REACH who="0" ten="189,209,403,189" step="2"/><N who="1" m="26807" /><E72/><V113/><F109/><W39/><G39/><T52/><D52/><U7/><E7/><V110/><F110/><W121/><G121/><T82/><D82/><U23/><E78/><V73/><F73/><W98/><G3/><T123/><D123/><U117/><E117/><V32/><F113/><W91/><G1/><T8/><D8/><U83/><E83/><V81/><F2/><W37/><G37/><T120/><D120/><U51/><E51/><V11/><F0/><W17/><G10/><T46/><D46/><U135/><E135/><V75/><F75/><W103/><G98/><T6/><D6/><U40/><E40/><V76/><F76/><W106/><G106/><T16/><D16/><AGARI ba="2,1" hai="16,17,18,89,90,91,102,103" m="24687,50283" machi="16" ten="30,7700,0" yaku="19,1,52,2,54,1" doraHai="99" who="3" fromWho="0" sc="189,-83,209,0,403,0,189,93" /><INIT seed="3,0,0,1,2,97" ten="106,209,403,282" oya="3" hai0="132,65,67,93,82,85,27,99,32,95,35,61,23" hai1="133,78,16,51,63,6,114,29,77,17,55,53,21" hai2="76,111,131,40,116,124,26,127,42,135,43,87,125" hai3="38,74,28,0,64,98,134,120,1,62,126,73,31"/><W46/><G120/><T34/><D132/><U45/><E114/><V58/><F116/><W79/><G134/><T91/><D95/><U123/><E123/><V9/><F135/><W12/><G12/><T117/><D117/><U14/><E133/><V86/><F131/><W109/><G31/><T102/><D65/><U80/><E6/><V30/><F111/><W106/><G28/><T41/><D41/><U88/><E29/><V19/><F76/><W2/><G79/><T56/><REACH who="0" step="1"/><D35/><REACH who="0" ten="96,209,403,282" step="2"/><U5/><E78/><V107/><F107/><W119/><G119/><T15/><D15/><U37/><E77/><V3/><F3/><W121/><G121/><T92/><D92/><U129/><E14/><N who="2" m="7631" /><F58/><W89/><G109/><T75/><D75/><U100/><E129/><V122/><F122/><W84/><G74/><T22/><D22/><AGARI ba="0,1" hai="22,26,30,40,42,43,86,87,124,125,127" m="7631" machi="22" ten="40,1300,0" yaku="18,1" doraHai="97" who="2" fromWho="0" sc="96,-13,209,0,403,23,282,0" owari="83,-42.0,209,-19.0,426,53.0,282,8.0" /></mjloggm>