<mjloggm ver="2.3"><GO type="97" lobby="0"/><UN n0="%E3%82%A6%E3%83%AB%E3%83%88%E3%83%A9%E7%AB%8B%E7%9B%B4" n1="%73%61%74%74%6F%6E%6E%6E" n2="%74%67%72%69%73%74" n3="%E3%81%98%E3%82%85%E3%81%AA%E3%81%B0%E3%81%B0%E3%81%B0" dan="15,14,13,14" rate="1984.73,1907.54,1851.83,1965.85" sx="M,M,M,M"/><TAIKYOKU oya="0"/><INIT seed="0,0,0,0,0,123" ten="250,250,250,250" oya="0" hai0="130,58,120,43,95,52,106,100,64,105,4,121,61" hai1="9,92,65,62,97,59,39,34,88,83,113,74,102" hai2="85,76,89,36,32,24,111,55,6,101,135,13,93" hai3="49,14,115,66,127,5,122,91,53,110,132,2,68"/><T15/><D130/><U99/><E113/><V54/><F135/><W104/><G115/><T26/><D43/><U11/><E34/><V57/><F36/><W72/><G104/><T42/><D42/><U38/><E74/><V48/><F111/><W29/><G72/><T0/><D0/><U28/><E28/><V47/><F32/><W112/><G112/><T46/><D105/><U19/><E9/><V103/><F76/><W31/><G122/><T22/><D106/><U131/><E131/><V41/><F24/><W17/><G127/><T7/><D15/><U40/><E40/><V3/><F3/><W118/><G118/><T116/><D116/><U75/><E75/><V128/><F128/><W67/><G132/><T30/><D120/><U63/><E63/><V79/><F79/><W109/><G2/><T16/><D30/><N who="3" m="11273" /><G91/><T51/><D121/><U82/><E39/><V18/><F6/><W84/><G84/><T60/><REACH who="0" step="1"/><D61/><REACH who="0" ten="240,250,250,250" step="2"/><U71/><E38/><V86/><F41/><W45/><G68/><T90/><D90/><U87/><E71/><V81/><F86/><W25/><G25/><T56/><D56/><U124/><E124/><V80/><F80/><N who="1" m="30761" /><E102/><V117/><F117/><W133/><G133/><T114/><D114/><U33/><E33/><V69/><F69/><W12/><G12/><AGARI ba="0,1" hai="11,12,19,59,62,65,87,88,92,97,99" m="30761" machi="12" ten="30,2000,0" yaku="8,1,54,1" doraHai="123" who="1" fromWho="3" sc="240,0,250,30,250,0,250,-20" /><INIT seed="1,0,0,4,2,121" ten="240,280,250,230" oya="1" hai0="108,2,78,44,19,58,24,76,71,131,42,107,7" hai1="120,51,113,103,101,126,96,57,53,111,15,4,110" hai2="129,18,16,48,97,100,112,127,90,82,17,88,45" hai3="72,52,29,74,135,61,28,66,118,86,40,115,98"/><U81/><E120/><V5/><F127/><W93/><G115/><T1/><D71/><U105/><E113/><V114/><F112/><W84/><G135/><T22/><D107/><U102/><E126/><V20/><F114/><W0/><G0/><T68/><D68/><U9/><E81/><V67/><F129/><W41/><G118/><T69/><D69/><U134/><E134/><V47/><F67/><W25/><G72/><T92/><D2/><U14/><E14/><V36/><F5/><W56/><G74/><T33/><D33/><U132/><E132/><V35/><F35/><W106/><G106/><T46/><D7/><U117/><E117/><V10/><F36/><W109/><G109/><AGARI ba="0,0" hai="4,9,15,51,53,57,96,101,102,103,105,109,110,111" machi="109" ten="40,12000,1" yaku="14,1,10,1,52,3" doraHai="121" who="1" fromWho="3" sc="240,0,280,120,250,0,230,-120" /><INIT seed="1,1,0,5,1,112" ten="240,400,250,110" oya="1" hai0="123,53,74,117,118,39,125,32,62,135,17,20,9" hai1="122,58,107,77,126,91,124,87,119,26,24,2,72" hai2="41,70,116,28,102,60,128,127,79,67,63,4,111" hai3="48,109,30,83,121,25,55,44,57,59,52,100,33"/><U69/><E69/><V51/><F128/><W45/><G121/><T31/><D53/><U21/><E2/><V38/><F127/><N who="1" m="48681" /><E122/><V22/><F111/><W40/><G109/><T82/><D62/><U56/><E107/><V133/><F133/><W90/><G100/><T50/><D50/><U37/><E37/><V97/><F116/><N who="0" m="44650" /><D39/><U103/><E103/><V14/><F79/><W131/><G131/><T18/><D82/><N who="1" m="45351" /><E119/><V64/><F38/><W85/><REACH who="3" step="1"/><G55/><REACH who="3" ten="240,400,250,100" step="2"/><T106/><D123/><U23/><E26/><V92/><F41/><W84/><G84/><T35/><D74/><U73/><E73/><V132/><F132/><W29/><G29/><T71/><D125/><U89/><E87/><V78/><F102/><W76/><G76/><T101/><D135/><U68/><E68/><V47/><F70/><W75/><G75/><T46/><D71/><U8/><E24/><V110/><F78/><W5/><G5/><T0/><D101/><U99/><E99/><V1/><F110/><W61/><G61/><T95/><D106/><U104/><E104/><V134/><F97/><W43/><G43/><T94/><D31/><U88/><E58/><V113/><F134/><W129/><G129/><T86/><D86/><U13/><E56/><V6/><F113/><W3/><G3/><T19/><D46/><U80/><E80/><V36/><F47/><W10/><G10/><T81/><D81/><U34/><E34/><N who="0" m="12841" /><D95/><U115/><E115/><V16/><F92/><W65/><G65/><T96/><D94/><U12/><E8/><V27/><F67/><W108/><G108/><RYUUKYOKU ba="1,1" sc="240,-15,400,15,250,-15,100,15" hai1="12,13,21,23,88,89,91" hai3="25,30,33,40,44,45,48,52,57,59,83,85,90" /><INIT seed="1,2,1,3,0,23" ten="225,415,235,115" oya="1" hai0="121,63,122,17,39,30,131,83,61,44,98,130,43" hai1="36,101,35,47,50,66,102,123,46,7,27,90,57" hai2="69,58,84,54,125,60,128,82,19,108,80,100,12" hai3="40,88,70,37,38,120,25,56,8,81,99,105,21"/><U135/><E123/><N who="0" m="47113" /><D83/><U34/><E135/><V129/><F69/><W68/><G120/><T106/><D98/><U134/><E134/><V94/><F125/><W26/><G70/><T22/><D30/><U16/><E36/><V13/><F108/><W18/><G68/><T86/><D86/><U3/><E3/><V79/><F82/><W29/><G8/><T67/><D106/><U87/><E35/><V10/><F100/><N who="1" m="38505" /><E34/><V133/><F133/><W0/><G0/><T75/><D75/><U74/><E7/><V103/><F103/><W9/><G9/><T45/><D67/><U113/><E74/><V48/><F94/><W14/><G105/><T5/><D5/><U124/><E124/><V116/><F116/><W1/><G1/><T119/><D119/><U62/><E50/><V77/><F12/><W31/><G38/><T32/><D32/><U52/><E66/><V28/><F28/><N who="3" m="10827" /><G37/><T111/><D111/><U15/><E113/><V33/><F33/><W41/><G56/><T59/><D45/><U93/><E27/><N who="3" m="10250" /><G99/><T11/><D11/><AGARI ba="2,1" hai="11,15,16,46,47,52,57,62,87,90,93" m="38505" machi="11" ten="30,5800,0" yaku="8,1,54,2" doraHai="23" who="1" fromWho="0" sc="225,-64,415,74,235,0,115,0" /><INIT seed="1,3,0,0,4,3" ten="161,489,235,115" oya="1" hai0="35,70,116,90,6,102,71,32,67,63,105,7,23" hai1="79,48,66,0,60,15,99,73,111,20,59,26,95" hai2="57,54,133,120,107,69,28,106,16,77,68,43,114" hai3="132,22,96,97,13,5,91,100,29,135,10,49,4"/><U41/><E0/><V84/><F120/><W30/><G91/><T12/><D102/><U131/><E131/><V52/><F133/><N who="3" m="51275" /><G49/><T27/><D105/><U88/><E111/><V14/><F114/><W34/><G34/><T39/><D39/><U81/><E15/><V86/><F28/><N who="3" m="10859" /><G22/><T55/><D116/><U53/><E41/><V51/><F43/><W65/><G65/><T125/><D125/><U9/><E9/><V89/><F77/><W75/><G75/><T19/><D71/><U47/><E20/><N who="2" m="11287" /><F54/><W117/><G117/><T112/><D112/><U58/><REACH who="1" step="1"/><E26/><REACH who="1" ten="161,479,235,115" step="2"/><V92/><F86/><W11/><G100/><T129/><D129/><U1/><E1/><AGARI ba="3,1" hai="1,4,5,10,11,13,96,97" m="10859,51275" machi="1" ten="30,3900,0" yaku="20,1,52,2" doraHai="3" who="3" fromWho="1" sc="161,0,479,-48,235,0,115,58" /><INIT seed="2,0,0,1,4,129" ten="161,431,235,173" oya="2" hai0="66,7,132,34,1,102,131,6,12,87,107,135,88" hai1="59,73,19,8,17,82,44,15,22,89,11,42,86" hai2="20,27,127,96,63,113,70,133,109,52,33,80,92" hai3="46,67,36,126,55,24,25,57,119,94,64,91,71"/><V121/><F113/><W26/><G119/><T122/><D34/><U45/><E73/><V47/><F121/><W48/><G126/><T76/><D76/><U98/><E98/><V95/><F127/><W23/><G36/><T40/><D1/><U97/><E97/><V30/><F109/><W118/><G118/><T39/><D122/><U49/><E59/><N who="2" m="35303" /><F70/><W93/><G71/><T68/><D131/><U53/><E19/><N who="2" m="12703" /><F133/><N who="0" m="51274" /><D102/><U105/><E105/><V112/><F33/><W16/><G93/><N who="0" m="54431" /><D107/><U83/><E83/><V130/><F130/><W111/><G111/><T104/><D104/><U38/><AGARI ba="0,0" hai="8,11,15,17,22,38,42,44,45,49,53,82,86,89" machi="38" ten="20,1500,0" yaku="0,1,7,1" doraHai="129" who="1" fromWho="1" sc="161,-4,431,15,235,-7,173,-4" /><INIT seed="3,0,0,4,0,67" ten="157,446,228,169" oya="3" hai0="86,20,96,38,82,113,134,99,16,78,36,107,10" hai1="109,50,74,44,98,31,124,63,130,123,7,33,92" hai2="12,87,79,45,23,95,51,49,120,41,17,125,48" hai3="80,84,13,56,60,111,115,46,47,14,64,4,32"/><W55/><G32/><T21/><D113/><U108/><E123/><V27/><F125/><W76/><G115/><T93/><D134/><U97/><E124/><V83/><F120/><W132/><G132/><T65/><D21/><U117/><E117/><V11/><F95/><W100/><G111/><N who="1" m="42570" /><E74/><V122/><REACH who="2" step="1"/><F122/><REACH who="2" ten="157,446,218,169" step="2"/><W57/><G4/><AGARI ba="0,1" hai="4,11,12,17,23,27,41,45,48,49,51,79,83,87" machi="4" ten="30,12000,2" yaku="1,1,2,1,7,1,25,2,8,1,53,0" doraHai="67" doraHaiUra="133" who="2" fromWho="3" sc="157,0,446,0,218,130,169,-120" owari="157,-24.0,446,54.0,348,15.0,49,-45.0" /></mjloggm>