<mjloggm ver="2.3"><GO type="97" lobby="0"/><UN n0="%6D%6F%7E%68%65%7E" n1="%E3%82%A6%E3%83%AB%E3%83%88%E3%83%A9%E7%AB%8B%E7%9B%B4" n2="%6D%61%36%31%30" n3="%69%6B%65%64%61%33" dan="13,15,14,13" rate="1827.16,2013.95,1936.32,1833.07" sx="M,M,M,M"/><TAIKYOKU oya="0"/><INIT seed="0,0,0,0,0,66" ten="250,250,250,250" oya="0" hai0="79,62,91,120,41,61,89,101,68,40,125,44,25" hai1="7,42,1,65,23,32,107,31,117,88,76,5,99" hai2="85,113,94,102,129,105,52,69,92,81,112,30,29" hai3="83,106,72,37,121,63,128,57,56,96,43,50,127"/><T131/><D120/><U27/><E117/><V73/><F69/><W93/><G121/><T26/><D131/><U15/><E76/><V133/><F129/><W51/><G128/><T77/><D101/><U53/><E42/><V54/><F133/><W49/><G127/><T110/><D110/><U0/><E53/><V35/><F73/><W64/><G106/><T3/><D44/><U9/><E65/><V21/><F21/><W34/><G34/><T132/><D3/><N who="1" m="1099" /><E88/><V12/><F12/><W47/><G83/><T13/><D13/><N who="1" m="5295" /><E99/><V4/><F102/><W114/><G114/><T116/><D132/><U67/><E67/><V87/><F105/><W55/><REACH who="3" step="1"/><G72/><REACH who="3" ten="250,250,250,240" step="2"/><T119/><D125/><U122/><E107/><V20/><F113/><W82/><G82/><T58/><D58/><U48/><E122/><V98/><F81/><W97/><G97/><T104/><D104/><U123/><E123/><V8/><F98/><W86/><G86/><T100/><D100/><AGARI ba="0,1" hai="37,43,47,49,50,51,55,56,57,63,64,93,96,100" machi="100" ten="30,2000,0" yaku="1,1,7,1,53,0" doraHai="66" doraHaiUra="28" who="3" fromWho="0" sc="250,-20,250,0,250,0,240,30" /><INIT seed="1,0,0,4,4,81" ten="230,250,250,270" oya="1" hai0="1,20,78,98,117,60,58,95,26,135,69,46,55" hai1="101,75,15,86,32,100,31,70,90,126,10,39,24" hai2="61,108,57,21,77,134,133,120,7,114,14,74,53" hai3="79,50,18,8,130,89,132,42,44,38,23,12,113"/><U121/><E75/><V107/><F120/><W4/><G113/><T34/><D117/><U125/><E70/><V11/><F107/><W25/><G130/><T43/><D34/><U128/><E39/><V97/><F97/><W49/><G132/><N who="2" m="50793" /><F21/><W110/><G110/><T28/><D135/><U30/><E30/><V0/><F114/><W66/><G66/><T59/><D1/><U91/><E121/><V41/><F41/><W9/><G9/><T87/><D69/><U19/><E128/><V29/><F29/><W47/><G47/><T54/><D78/><U22/><E91/><V40/><F40/><W6/><G6/><T16/><D28/><U76/><E76/><V84/><F74/><W92/><REACH who="3" step="1"/><G79/><REACH who="3" ten="230,250,250,260" step="2"/><T17/><D87/><AGARI ba="0,1" hai="4,8,12,18,23,25,38,42,44,49,50,87,89,92" machi="87" ten="30,7700,0" yaku="1,1,2,1,7,1,52,1,53,0" doraHai="81" doraHaiUra="106" who="3" fromWho="0" sc="230,-77,250,0,250,0,260,87" /><INIT seed="2,0,0,5,0,116" ten="153,250,250,347" oya="2" hai0="100,134,122,67,59,3,22,21,20,53,15,81,105" hai1="103,78,41,71,18,106,50,79,131,66,90,76,104" hai2="26,82,29,61,58,99,9,63,124,114,128,75,40" hai3="17,8,7,42,57,44,24,68,115,108,11,130,16"/><V31/><F114/><W52/><G68/><T97/><D3/><U93/><E66/><V5/><F124/><W87/><G115/><T45/><D134/><U113/><E50/><V47/><F128/><W109/><G130/><T80/><D45/><U127/><E41/><V14/><F99/><W55/><G55/><T135/><D67/><U1/><E1/><V28/><F75/><W51/><G87/><T133/><D135/><U118/><E18/><V2/><F82/><W43/><G43/><T111/><D133/><U62/><E62/><V107/><F107/><N who="1" m="41001" /><E71/><V25/><F2/><W48/><G24/><T121/><D111/><N who="3" m="42569" /><G11/><T65/><D65/><U89/><E113/><V38/><REACH who="2" step="1"/><F63/><REACH who="2" ten="153,250,240,347" step="2"/><W54/><G42/><T27/><D81/><U32/><E131/><V96/><F96/><W49/><G49/><T125/><D125/><U77/><E127/><V37/><F37/><W39/><G39/><T33/><D80/><U98/><E32/><V101/><F101/><W91/><G91/><N who="1" m="34826" /><E118/><V34/><F34/><W110/><G110/><T119/><D33/><U36/><E36/><V120/><F120/><W46/><G51/><T19/><D119/><U117/><E117/><V132/><F132/><W10/><G48/><T60/><REACH who="0" step="1"/><D27/><REACH who="0" ten="143,250,240,347" step="2"/><U94/><E77/><V0/><F0/><W112/><G112/><T126/><D126/><U70/><E70/><V35/><F35/><W4/><G54/><AGARI ba="0,2" hai="5,9,14,25,26,28,29,31,38,40,47,54,58,61" machi="54" ten="40,2000,0" yaku="1,1,53,0" doraHai="116" doraHaiUra="85" who="2" fromWho="3" sc="143,0,250,0,240,40,347,-20" /><INIT seed="2,1,0,2,2,31" ten="143,250,280,327" oya="2" hai0="25,115,80,20,8,37,121,97,82,66,131,46,112" hai1="38,134,53,132,40,14,30,122,10,7,111,113,87" hai2="3,1,62,43,119,73,108,75,5,96,91,60,36" hai3="68,56,81,50,67,104,24,12,71,78,93,101,89"/><V27/><F119/><W34/><G101/><T26/><D121/><U33/><E40/><V88/><F27/><W135/><G104/><T41/><D131/><U13/><E53/><V64/><F96/><W52/><G135/><N who="1" m="51754" /><E38/><V129/><F129/><W99/><G12/><N who="1" m="4714" /><E87/><V18/><F18/><W59/><G59/><T45/><D8/><U57/><E57/><V125/><F5/><W32/><G67/><T9/><D9/><U21/><E113/><V117/><F43/><W124/><G124/><T49/><D66/><U103/><E103/><V48/><F64/><W86/><REACH who="3" step="1"/><G24/><REACH who="3" ten="143,250,280,317" step="2"/><T123/><D26/><N who="1" m="18647" /><E122/><V109/><F125/><W54/><G54/><T85/><D123/><U65/><E65/><V44/><F44/><W90/><G90/><T126/><D126/><U130/><E130/><V55/><F55/><W70/><AGARI ba="1,1" hai="32,34,50,52,56,68,70,71,78,81,86,89,93,99" machi="70" ten="30,8000,1" yaku="1,1,0,1,52,2,54,1,53,0" doraHai="31" doraHaiUra="58" who="3" fromWho="3" sc="143,-21,250,-21,280,-41,317,93" /><INIT seed="3,0,0,3,1,83" ten="122,229,239,410" oya="3" hai0="19,53,55,131,8,60,70,45,93,119,122,81,42" hai1="130,57,5,115,52,25,106,109,0,135,104,125,88" hai2="73,94,69,49,29,111,128,51,126,75,61,98,44" hai3="63,123,110,85,103,77,27,11,124,89,33,32,36"/><W54/><G123/><T76/><D119/><U91/><E115/><V48/><F111/><W7/><G110/><T97/><D122/><U31/><E109/><V86/><F126/><W38/><G103/><T92/><D131/><U65/><E65/><V118/><F118/><W23/><G77/><T90/><D70/><U58/><E125/><V46/><F128/><W78/><G78/><T37/><D60/><U116/><E116/><V14/><F29/><W30/><G124/><T100/><D8/><U41/><E41/><V10/><F86/><W3/><G54/><T132/><D132/><U66/><E135/><V47/><F61/><W114/><G63/><T2/><D2/><U117/><E117/><V56/><F56/><W12/><G114/><T127/><D127/><U64/><E52/><V62/><F62/><W35/><REACH who="3" step="1"/><G3/><REACH who="3" ten="122,229,239,400" step="2"/><T16/><D53/><U105/><E0/><V71/><F69/><W67/><G67/><T40/><D55/><U28/><E130/><V112/><F71/><W6/><G6/><T82/><D40/><U1/><E1/><V134/><F112/><W120/><G120/><T74/><REACH who="0" step="1"/><D82/><AGARI ba="0,1" hai="7,11,12,23,27,30,32,33,35,36,38,82,85,89" machi="82" ten="40,7700,0" yaku="1,1,52,1,53,1" doraHai="83" doraHaiUra="87" who="3" fromWho="0" sc="122,-77,229,0,239,0,400,87" owari="45,-45.0,229,-17.0,239,4.0,487,58.0" /></mjloggm>