<mjloggm ver="2.3"><GO type="41" lobby="0"/><UN n0="%6D%6F%2D%62%69" n1="%E5%A4%89%E3%81%AA%E5%A5%B4" n2="%E3%82%A6%E3%83%AB%E3%83%88%E3%83%A9%E7%AB%8B%E7%9B%B4" n3="%EF%BC%A9%E9%9B%80%E5%A3%AB%53" dan="14,13,16,14" rate="1962.15,1855.80,2056.74,1970.07" sx="F,M,M,M"/><TAIKYOKU oya="0"/><INIT seed="0,0,0,1,4,4" ten="250,250,250,250" oya="0" hai0="24,16,131,109,13,104,110,103,85,2,14,102,78" hai1="114,62,117,44,19,119,127,97,51,91,18,89,125" hai2="72,113,90,73,36,108,98,67,10,25,126,133,77" hai3="116,59,120,70,71,93,82,99,22,39,130,41,58"/><T20/><D2/><U6/><E6/><V40/><F113/><W107/><G116/><T105/><D131/><U101/><E114/><V15/><F126/><N who="1" m="48137" /><E62/><V76/><F133/><W124/><G107/><T132/><D132/><U106/><E19/><V21/><F108/><N who="0" m="41578" /><D105/><U33/><E18/><V38/><F67/><W68/><G124/><T135/><D135/><U53/><E33/><V88/><F40/><W27/><G130/><T30/><D104/><U56/><E44/><V43/><F43/><W128/><G128/><T123/><D123/><U23/><E23/><V111/><F111/><W45/><G120/><T112/><D112/><U11/><E11/><V35/><F35/><W52/><G82/><N who="0" m="47319" /><D13/><U8/><E8/><AGARI ba="0,0" hai="8,14,16,20,24,30,102,103" m="47319,41578" machi="8" ten="30,11600,0" yaku="14,1,10,1,52,1,54,1" doraHai="4" who="0" fromWho="1" sc="250,116,250,-116,250,0,250,0" /><INIT seed="0,1,0,1,5,11" ten="366,134,250,250" oya="0" hai0="54,12,75,28,59,65,51,8,18,40,19,74,57" hai1="23,44,50,10,60,17,119,71,66,80,84,22,90" hai2="123,111,9,102,77,100,27,133,113,16,53,30,98" hai3="4,56,95,47,43,131,91,79,101,6,124,39,73"/><T14/><D28/><U58/><E119/><V88/><F123/><W85/><G131/><T128/><D40/><U96/><E71/><V130/><F113/><W99/><G124/><T112/><D112/><U114/><E96/><V52/><F130/><W68/><G68/><T106/><D106/><U129/><E129/><V2/><F2/><W1/><G1/><T135/><D128/><U61/><E61/><V103/><F77/><W93/><G56/><T7/><D135/><U69/><E69/><V15/><F133/><W121/><G121/><T117/><D7/><U116/><E114/><V134/><F134/><W92/><REACH who="3" step="1"/><G93/><REACH who="3" ten="366,134,250,240" step="2"/><T31/><D117/><U5/><E116/><V87/><F111/><W109/><G109/><T62/><REACH who="0" step="1"/><D31/><REACH who="0" ten="356,134,250,240" step="2"/><U37/><E5/><V94/><REACH who="2" step="1"/><F98/><REACH who="2" ten="356,134,240,240" step="2"/><W3/><G3/><T97/><D97/><U24/><E37/><V104/><F104/><W78/><G78/><T13/><D13/><U46/><E24/><V86/><F86/><W108/><G108/><T55/><D55/><U125/><E84/><V26/><F26/><W38/><G38/><T76/><D76/><U127/><E127/><V72/><F72/><W20/><G20/><AGARI ba="1,3" hai="8,12,14,18,19,20,51,54,57,59,62,65,74,75" machi="20" ten="30,11600,0" yaku="1,1,7,1,52,2,53,0" doraHai="11" doraHaiUra="67" who="0" fromWho="3" sc="356,149,134,0,240,0,240,-119" /><AGARI ba="1,0" hai="9,15,16,20,27,30,52,53,87,88,94,100,102,103" machi="20" ten="40,12000,2" yaku="1,1,8,1,52,1,54,3,53,0" doraHai="11" doraHaiUra="67" who="2" fromWho="3" sc="505,0,134,0,240,120,121,-120" /><INIT seed="0,2,0,0,3,60" ten="505,134,360,1" oya="0" hai0="67,125,88,3,120,106,132,27,53,61,41,54,81" hai1="112,74,24,15,115,121,84,5,65,50,105,134,92" hai2="104,56,101,35,18,12,98,45,20,87,37,43,124" hai3="119,133,47,4,34,73,89,122,32,90,38,16,129"/><T78/><D106/><U22/><E121/><V51/><F35/><W30/><G119/><T19/><D3/><U68/><E105/><V75/><F75/><W95/><G73/><T0/><D0/><U14/><E74/><V79/><F124/><W131/><G133/><T117/><D120/><U17/><E134/><V69/><F69/><W85/><G122/><T36/><D78/><U77/><E50/><V108/><F108/><W42/><G4/><T59/><D132/><U25/><E5/><V113/><F113/><N who="1" m="43593" /><E25/><V40/><F87/><W39/><G39/><T55/><D117/><U80/><E92/><V76/><F43/><W83/><G30/><T71/><D125/><U114/><N who="1" m="43601" /><U128/><DORA hai="109" /><E128/><N who="3" m="49226" /><G16/><T97/><D27/><U110/><E110/><V58/><F51/><W44/><G47/><T111/><D19/><U31/><E31/><V13/><F45/><W82/><G82/><T66/><D111/><U33/><E33/><V49/><F49/><W86/><AGARI ba="2,0" hai="32,34,38,42,44,83,85,86,89,90,95" m="49226" machi="86" ten="30,1100,0" yaku="19,1" doraHai="60,109" who="3" fromWho="3" sc="505,-7,134,-5,360,-5,1,17" /><INIT seed="1,0,0,3,0,14" ten="498,129,355,18" oya="1" hai0="85,70,48,83,15,113,100,88,63,98,20,87,6" hai1="41,1,31,93,16,129,119,123,116,125,47,13,53" hai2="102,134,105,12,52,114,76,132,64,36,32,71,109" hai3="122,62,25,17,99,33,46,56,80,104,55,74,22"/><U78/><E123/><V10/><F36/><W118/><G122/><T121/><D113/><U94/><E1/><V21/><F32/><W61/><G118/><T77/><D121/><U79/><E31/><V60/><F114/><W24/><G33/><T72/><D63/><U75/><E75/><V69/><F69/><W103/><G46/><T106/><D70/><U130/><E53/><V110/><F76/><W82/><G74/><T135/><D135/><U115/><E125/><V23/><F102/><W5/><G5/><T30/><D48/><U95/><E115/><V50/><F105/><W49/><REACH who="3" step="1"/><G25/><REACH who="3" ten="498,129,355,8" step="2"/><T40/><D6/><U2/><E119/><V86/><F134/><W0/><G0/><T27/><D15/><U59/><E2/><V43/><F132/><W97/><G97/><T73/><D40/><U38/><E116/><V131/><F43/><W42/><G42/><T44/><D44/><U81/><E47/><V90/><F110/><W37/><G37/><T35/><D35/><U108/><E41/><V96/><F109/><W54/><G54/><T126/><D126/><U117/><E38/><V18/><F96/><W91/><G91/><T39/><D39/><U51/><E117/><V68/><F131/><W66/><G66/><T57/><D57/><U28/><E108/><V133/><F133/><W45/><G45/><T7/><D7/><U92/><E59/><V89/><F68/><W112/><G112/><T101/><D101/><U67/><E130/><V8/><F90/><W34/><G34/><T111/><D111/><U65/><E129/><V120/><F120/><RYUUKYOKU ba="0,1" sc="498,15,129,-15,355,-15,8,15" hai0="20,27,30,72,73,77,83,85,87,88,98,100,106" hai3="17,22,24,49,55,56,61,62,80,82,99,103,104" /><INIT seed="2,1,1,1,2,135" ten="513,114,340,23" oya="2" hai0="16,56,111,22,120,31,30,123,37,125,26,98,62" hai1="48,29,77,79,104,39,126,21,13,32,85,14,127" hai2="2,28,42,38,55,72,64,108,59,80,103,49,106" hai3="92,36,63,43,34,113,20,119,17,3,35,122,102"/><V70/><F28/><W9/><G122/><T58/><D37/><U61/><E104/><V45/><F2/><W11/><G119/><T114/><D114/><U112/><E112/><V1/><F1/><W88/><G113/><T47/><D47/><U74/><E39/><V78/><F103/><W121/><G121/><T83/><D83/><U129/><E129/><V65/><F106/><W68/><G102/><T33/><D98/><U84/><E84/><V66/><REACH who="2" step="1"/><F108/><REACH who="2" ten="513,114,330,23" step="2"/><W100/><G100/><T52/><D111/><U23/><E23/><V116/><F116/><W6/><G3/><T118/><D118/><U95/><E95/><V115/><F115/><W124/><G92/><T15/><D120/><U131/><E131/><V46/><F46/><W40/><G35/><T71/><D123/><U82/><E82/><V10/><F10/><W27/><G34/><T51/><D31/><U60/><E60/><AGARI ba="1,2" hai="38,42,45,49,55,59,60,64,65,66,70,72,78,80" machi="60" ten="40,7700,0" yaku="1,1,24,2,53,0" doraHai="135" doraHaiUra="128" who="2" fromWho="1" sc="513,0,114,-80,330,100,23,0" /><INIT seed="2,2,0,5,2,18" ten="513,34,430,23" oya="2" hai0="28,98,38,112,67,51,68,32,9,61,94,84,118" hai1="127,91,58,90,71,72,92,101,60,129,10,13,11" hai2="82,4,43,53,122,66,115,104,89,7,31,41,42" hai3="109,113,33,52,46,126,14,21,76,132,128,125,131"/><V22/><F104/><W0/><G33/><T103/><D112/><U45/><E72/><V77/><F115/><W24/><G0/><T121/><D121/><U37/><E71/><V116/><F122/><W64/><G113/><T26/><D38/><U130/><E127/><N who="3" m="48650" /><G109/><T111/><D111/><U54/><E37/><V23/><F116/><W5/><G64/><T81/><D9/><U27/><E27/><V86/><F66/><W123/><G123/><T119/><D51/><U49/><E101/><V96/><F31/><N who="3" m="17807" /><G76/><T105/><D94/><U57/><E57/><V85/><F96/><W117/><G117/><T69/><D68/><U6/><E11/><V35/><F35/><W93/><G93/><T56/><D56/><U1/><E1/><V134/><F134/><W73/><G73/><T47/><D47/><U17/><E6/><N who="2" m="2091" /><F53/><W88/><G88/><AGARI ba="2,0" hai="26,28,32,61,67,69,81,84,88,98,103,105,118,119" machi="88" ten="40,5200,0" yaku="25,2,54,1" doraHai="18" who="0" fromWho="3" sc="513,58,34,0,430,0,23,-58" owari="571,68.0,34,-37.0,430,23.0,-35,-54.0" /></mjloggm>