<mjloggm ver="2.3"><GO type="97" lobby="0"/><UN n0="%E3%82%A6%E3%83%AB%E3%83%88%E3%83%A9%E7%AB%8B%E7%9B%B4" n1="%4E%61%6E%61%63%68%69" n2="%2E%28%C2%B4%E3%83%BB%CF%89%E3%83%BB%EF%BD%80%29" n3="%69%6E%6F%75%65%30%35" dan="15,14,13,15" rate="1983.37,1868.36,1812.52,1945.48" sx="M,F,M,M"/><TAIKYOKU oya="0"/><INIT seed="0,0,0,1,4,37" ten="250,250,250,250" oya="0" hai0="128,87,75,11,36,93,18,28,55,114,33,9,41" hai1="13,59,101,129,135,46,5,52,71,117,3,108,38" hai2="112,107,97,49,56,20,22,26,8,99,58,120,81" hai3="65,53,25,21,83,72,89,42,125,54,62,134,115"/><T19/><D75/><U40/><E71/><V73/><F120/><W90/><G115/><T80/><D114/><U86/><E108/><V39/><F39/><W78/><G134/><T64/><D64/><U0/><E117/><V7/><F112/><W111/><G111/><T24/><D93/><U132/><E129/><V30/><F107/><W95/><G125/><T57/><D128/><U32/><E32/><V48/><F81/><W35/><G35/><T91/><D9/><N who="1" m="4271" /><E101/><V131/><F131/><W92/><G42/><T119/><D119/><U2/><E86/><V66/><F73/><W94/><G53/><T27/><D27/><U44/><E46/><V126/><F126/><W121/><G54/><T4/><D36/><U84/><E84/><V70/><F70/><W29/><REACH who="3" step="1"/><G121/><REACH who="3" ten="250,250,250,240" step="2"/><T14/><D41/><U50/><E132/><V85/><F85/><W17/><G17/><T105/><D105/><U102/><E135/><V98/><F66/><W16/><G16/><T61/><AGARI ba="0,1" hai="4,11,14,18,19,24,28,33,55,57,61,80,87,91" machi="61" ten="20,2100,0" yaku="0,1,7,1" doraHai="37" who="0" fromWho="0" sc="250,31,250,-7,250,-7,240,-7" /><INIT seed="0,1,0,0,5,47" ten="281,243,243,233" oya="0" hai0="96,122,66,67,48,52,90,15,8,5,19,57,22" hai1="65,97,4,105,125,130,18,21,123,99,133,46,95" hai2="71,81,103,16,129,102,73,26,31,44,76,34,33" hai3="59,14,54,39,77,69,132,12,113,3,86,116,30"/><T127/><D127/><U111/><E111/><V68/><F129/><W85/><G113/><T45/><D122/><U78/><E130/><V104/><F34/><W80/><G3/><T98/><D90/><U75/><E123/><V60/><F103/><W101/><G116/><T20/><D20/><U32/><E32/><V23/><F44/><W27/><G39/><T2/><D57/><U70/><E133/><V17/><F23/><W50/><G69/><T115/><REACH who="0" step="1"/><D115/><REACH who="0" ten="271,243,243,233" step="2"/><U13/><E125/><V10/><F10/><W82/><G132/><T41/><D41/><U92/><E70/><V29/><F71/><W88/><REACH who="3" step="1"/><G101/><REACH who="3" ten="271,243,243,223" step="2"/><T121/><D121/><U117/><E117/><V119/><F119/><W11/><G11/><T79/><D79/><U124/><E78/><V62/><F31/><W63/><G63/><T72/><D72/><U42/><E75/><V56/><F56/><W100/><G100/><T114/><D114/><U107/><E124/><V87/><F60/><W38/><G38/><T108/><D108/><U7/><E107/><V61/><F62/><W118/><G118/><T36/><D36/><U128/><E105/><V55/><F73/><W120/><G120/><T49/><D49/><N who="1" m="26839" /><E128/><V83/><F83/><W53/><G53/><T74/><D74/><U89/><E65/><AGARI ba="1,2" hai="2,5,8,15,19,22,45,48,52,65,66,67,96,98" machi="65" ten="40,12000,1" yaku="1,1,52,1,54,1,53,1" doraHai="47" doraHaiUra="35" who="0" fromWho="1" sc="271,143,243,-123,243,0,223,0" /><INIT seed="0,2,0,4,0,104" ten="414,120,243,223" oya="0" hai0="81,16,1,73,45,28,134,100,67,19,92,26,91" hai1="46,25,90,33,23,69,115,44,42,68,32,108,6" hai2="9,60,127,52,106,121,126,17,37,82,116,59,56" hai3="11,22,2,31,94,3,65,97,38,105,5,95,101"/><T13/><D1/><U117/><E108/><V76/><F37/><W112/><G112/><T0/><D0/><U24/><E115/><V36/><F36/><W54/><G38/><T70/><D134/><U34/><E6/><V84/><F121/><W88/><G2/><T86/><D67/><U124/><E124/><N who="2" m="47659" /><F59/><W66/><G54/><T18/><D70/><N who="1" m="27243" /><E90/><V118/><F106/><W129/><G129/><T58/><D58/><U35/><N who="1" m="8192" /><DORA hai="55" /><U71/><N who="1" m="27251" /><U77/><DORA hai="99" /><E77/><V48/><F48/><W114/><G114/><T132/><D45/><N who="1" m="17515" /><E23/><V62/><F62/><W98/><REACH who="3" step="1"/><G105/><REACH who="3" ten="414,120,243,213" step="2"/><T50/><D50/><U111/><E111/><V47/><F47/><W78/><G78/><T131/><D132/><U21/><E117/><V29/><F29/><W14/><G14/><AGARI ba="2,1" hai="9,14,17,52,56,60,76,82,84,116,118" m="47659" machi="14" ten="30,3900,0" yaku="18,1,52,1,54,1" doraHai="104,55,99" who="2" fromWho="3" sc="414,0,120,0,243,55,213,-45" /><INIT seed="1,0,0,4,4,115" ten="414,120,298,168" oya="1" hai0="121,32,11,77,129,119,91,48,57,34,85,95,26" hai1="58,3,12,67,81,101,43,99,128,42,62,70,131" hai2="27,50,37,87,123,127,90,8,53,56,106,7,110" hai3="52,30,73,103,89,79,6,122,55,72,24,111,104"/><U13/><E3/><V61/><F123/><W134/><G122/><T49/><D121/><U69/><E81/><V105/><F37/><W38/><G38/><T133/><D119/><U14/><E99/><V130/><F130/><N who="1" m="49705" /><E101/><V118/><F110/><W94/><G134/><T135/><D129/><U93/><E93/><V22/><F118/><W20/><G6/><T107/><D107/><U21/><E21/><V25/><F127/><W5/><G5/><T35/><D77/><U84/><E84/><V29/><F27/><W78/><G111/><T23/><D11/><U83/><E83/><V117/><F117/><W19/><G104/><T45/><D23/><U100/><E100/><V47/><F8/><W97/><G103/><T126/><D26/><U9/><E9/><V74/><F74/><W65/><G79/><T88/><D91/><U33/><E33/><V28/><F28/><W17/><G17/><T109/><D109/><U116/><E116/><V125/><F7/><W59/><G19/><T68/><D35/><U40/><AGARI ba="0,0" hai="12,13,14,40,42,43,58,62,67,69,70" m="49705" machi="40" ten="40,2100,0" yaku="19,1" doraHai="115" who="1" fromWho="1" sc="414,-7,120,21,298,-7,168,-7" /><INIT seed="1,1,0,2,0,115" ten="407,141,291,161" oya="1" hai0="19,116,103,40,135,26,97,23,109,33,10,22,128" hai1="0,132,75,98,82,61,20,69,32,91,71,88,43" hai2="24,6,9,18,53,46,31,93,127,45,74,76,67" hai3="57,36,110,64,28,126,27,96,80,122,114,41,112"/><U133/><E32/><V50/><F127/><W92/><G122/><T130/><D33/><U100/><E0/><V30/><F67/><W123/><G123/><T58/><D135/><N who="1" m="51787" /><E43/><V2/><F76/><W37/><G126/><T79/><D109/><U5/><E5/><V72/><F93/><W85/><G110/><T84/><D40/><U83/><E61/><V102/><F102/><W48/><G36/><T66/><D23/><U73/><E20/><V89/><F89/><N who="1" m="34377" /><E71/><V106/><F106/><W134/><G37/><T108/><D108/><U4/><E4/><V90/><F90/><W7/><G7/><T62/><D10/><U117/><E69/><V131/><F131/><W105/><G134/><T34/><D34/><U121/><E121/><V13/><F30/><W47/><G28/><T8/><D130/><U107/><E117/><V21/><F45/><W16/><G64/><T118/><D128/><U25/><E25/><V63/><REACH who="2" step="1"/><F63/><REACH who="2" ten="407,141,281,161" step="2"/><W120/><G120/><T60/><D60/><U59/><E59/><V15/><F15/><W54/><G112/><T129/><D129/><U99/><E99/><V94/><F94/><W55/><G114/><T119/><D119/><U101/><E101/><V95/><F95/><W39/><G92/><N who="0" m="58791" /><D118/><U49/><E49/><V51/><F51/><W38/><G96/><T77/><D116/><U124/><E124/><V111/><F111/><W52/><G48/><T78/><D62/><U14/><E14/><V11/><AGARI ba="1,1" hai="2,6,9,11,13,18,21,24,31,46,50,53,72,74" machi="11" ten="20,2700,0" yaku="1,1,0,1,7,1,53,0" doraHai="115" doraHaiUra="87" who="2" fromWho="2" sc="407,-8,141,-14,281,40,161,-8" /><INIT seed="2,0,0,0,2,93" ten="399,127,321,153" oya="2" hai0="80,71,135,64,76,114,62,127,39,89,72,129,45" hai1="120,99,20,4,47,123,26,95,112,31,29,25,66" hai2="65,94,17,38,116,111,48,117,1,21,101,14,115" hai3="130,85,126,34,51,54,128,63,110,78,13,30,9"/><V42/><F38/><W97/><G34/><T77/><D114/><U125/><E66/><V3/><F115/><W105/><G30/><T33/><D33/><U15/><E112/><V52/><F65/><W18/><G110/><T109/><D109/><U84/><E84/><V8/><F42/><W75/><G126/><T16/><D127/><U74/><E74/><V83/><F83/><W86/><G63/><T96/><D129/><N who="3" m="49769" /><G78/><T68/><D135/><U91/><E125/><V32/><F32/><W100/><G75/><T79/><D71/><U37/><E37/><V57/><F111/><W12/><G13/><T106/><D16/><N who="1" m="10271" /><E47/><AGARI ba="0,0" hai="9,12,18,47,51,54,85,86,97,100,105" m="49769" machi="47" ten="30,2000,0" yaku="19,1,52,1" doraHai="93" who="3" fromWho="1" sc="399,0,127,-20,321,0,153,20" /><INIT seed="3,0,0,4,0,17" ten="399,107,321,173" oya="3" hai0="97,85,124,67,14,3,134,25,133,110,62,30,81" hai1="107,77,18,75,22,93,5,95,70,32,125,39,117" hai2="40,82,129,73,12,96,58,98,10,89,46,11,36" hai3="55,84,78,92,114,43,33,2,91,4,53,27,108"/><W0/><G114/><T113/><D3/><U112/><E107/><V9/><F129/><W37/><G4/><T79/><D113/><U115/><E39/><V61/><F73/><W49/><G37/><T65/><D124/><U86/><E32/><V127/><F127/><W56/><G43/><T15/><D97/><U41/><E70/><V90/><F12/><N who="0" m="4650" /><D62/><U135/><E41/><V52/><REACH who="2" step="1"/><F82/><REACH who="2" ten="399,107,311,173" step="2"/><W126/><G126/><T16/><D110/><U100/><E5/><V63/><F63/><W64/><G108/><T7/><D7/><U131/><E125/><V6/><F6/><W51/><G0/><T101/><D101/><U29/><E131/><V57/><F57/><W80/><G2/><T106/><D106/><U34/><E117/><V71/><F71/><W118/><G118/><T76/><D76/><U109/><E135/><N who="0" m="51721" /><D16/><U28/><E109/><V74/><F74/><W20/><G78/><T122/><D122/><U26/><E115/><V60/><F60/><W128/><G128/><T121/><D121/><U111/><E112/><V68/><F68/><W44/><G80/><T72/><D72/><U119/><E111/><V88/><AGARI ba="0,1" hai="9,10,11,36,40,46,52,58,61,88,89,90,96,98" machi="88" ten="30,7900,0" yaku="1,1,0,1,54,2,53,0" doraHai="17" doraHaiUra="19" who="2" fromWho="2" sc="399,-20,107,-20,311,89,173,-39" owari="379,18.0,87,-41.0,400,50.0,134,-27.0" /></mjloggm>