<mjloggm ver="2.3"><GO type="169" lobby="0"/><UN n0="%E3%83%A6%E3%83%BC%E3%82%B9%E3%83%AC%E3%82%B9" n1="%E6%82%A0%E9%9B%85" n2="%EF%BC%88%E2%89%A7%E2%96%BD%E2%89%A6%EF%BC%89" n3="%74%6F%6D%6E%70" dan="16,16,19,16" rate="2071.00,2116.12,2229.58,2051.30" sx="M,M,M,M"/><TAIKYOKU oya="0"/><INIT seed="0,0,0,4,0,9" ten="250,250,250,250" oya="0" hai0="60,134,19,106,21,31,87,81,5,99,120,116,107" hai1="119,75,86,126,133,65,47,23,112,7,13,32,100" hai2="29,40,25,24,70,49,37,51,26,48,56,89,20" hai3="63,6,127,61,118,98,121,92,59,95,58,83,66"/><T94/><D120/><U44/><E75/><V64/><F70/><W10/><G118/><T28/><D116/><U82/><E32/><V88/><F37/><W39/><G121/><T22/><D5/><U2/><E119/><V124/><F124/><W17/><G39/><T68/><D134/><U3/><E126/><V16/><F40/><W90/><G127/><T30/><D22/><U0/><E133/><V111/><F111/><W43/><G43/><T122/><D122/><U91/><E112/><V117/><F117/><W72/><G98/><T38/><D38/><U14/><E65/><V130/><F130/><W62/><G63/><T76/><D60/><U79/><E7/><V115/><F115/><W77/><G17/><T101/><REACH who="0" step="1"/><D68/><REACH who="0" ten="240,250,250,250" step="2"/><U57/><E23/><N who="2" m="15583" /><F25/><AGARI ba="0,1" hai="19,21,25,28,30,31,76,81,87,94,99,101,106,107" machi="25" ten="40,2000,0" yaku="1,1,53,0" doraHai="9" doraHaiUra="135" who="0" fromWho="2" sc="240,30,250,0,250,-20,250,0" /><INIT seed="0,1,0,1,5,94" ten="270,250,230,250" oya="0" hai0="42,9,20,12,109,115,108,103,50,116,107,70,71" hai1="27,18,57,54,88,5,87,8,26,14,23,52,121" hai2="64,67,4,2,92,117,10,25,30,35,1,68,122" hai3="98,65,72,99,11,74,123,76,41,55,62,33,79"/><T37/><D116/><U61/><E121/><V17/><F122/><W114/><G33/><T119/><D119/><U34/><E34/><V13/><F117/><W6/><G123/><T118/><D118/><U128/><E128/><V100/><F68/><W59/><G114/><T95/><D107/><U38/><E38/><V133/><F133/><W60/><G41/><T96/><D37/><U32/><E32/><V120/><F120/><W66/><G55/><T113/><D20/><U77/><E77/><V126/><F126/><W105/><G105/><T127/><D127/><U90/><E54/><V44/><F44/><W43/><G43/><T112/><D50/><U129/><E129/><V46/><F46/><W97/><G74/><T16/><REACH who="0" step="1"/><D42/><REACH who="0" ten="260,250,230,250" step="2"/><U124/><E124/><V53/><F35/><W51/><G51/><T49/><D49/><U29/><E29/><V91/><F30/><W21/><G21/><T134/><D134/><U47/><E47/><V93/><F10/><W0/><REACH who="3" step="1"/><G72/><REACH who="3" ten="260,250,230,240" step="2"/><T132/><D132/><U45/><E45/><V7/><F25/><W48/><G48/><T69/><AGARI ba="1,2" hai="9,12,16,69,70,71,95,96,103,108,109,112,113,115" machi="69" ten="50,18000,2" yaku="1,1,0,1,52,1,54,1,53,3" doraHai="94" doraHaiUra="111" who="0" fromWho="0" sc="260,203,250,-61,230,-61,240,-61" /><INIT seed="0,2,0,5,2,34" ten="463,189,169,179" oya="0" hai0="68,25,52,33,43,48,30,119,103,28,66,82,127" hai1="71,23,16,121,80,41,92,72,95,133,85,39,32" hai2="128,73,51,22,7,98,93,54,62,123,4,58,36" hai3="110,2,40,5,31,120,0,67,118,49,37,10,97"/><T134/><D119/><U78/><E32/><V76/><F123/><W26/><G118/><T104/><D43/><U87/><E121/><V60/><F36/><W96/><G120/><T107/><D134/><U83/><E133/><V14/><F128/><W130/><G130/><T70/><D30/><U109/><E71/><V11/><F4/><W64/><G37/><T61/><D127/><U59/><E109/><V29/><F76/><W132/><G110/><T90/><D70/><U19/><E72/><V112/><F112/><W94/><G0/><T35/><D35/><U125/><E125/><V75/><F75/><W89/><G97/><T38/><D38/><U135/><E135/><V69/><F73/><W6/><G6/><T100/><D100/><U27/><E41/><V116/><F69/><W56/><G132/><T24/><D24/><U17/><E39/><V15/><F116/><W9/><G9/><T18/><D18/><N who="1" m="12791" /><E59/><V63/><F29/><W50/><G40/><T91/><D82/><U81/><E81/><V42/><F42/><W53/><REACH who="3" step="1"/><G49/><REACH who="3" ten="463,189,169,169" step="2"/><T77/><D48/><U117/><E117/><V65/><F51/><W102/><G102/><T12/><D103/><U57/><E57/><V124/><F124/><W106/><G106/><T101/><D101/><U113/><E113/><V79/><F58/><W74/><G74/><T114/><D107/><U86/><E86/><V1/><F98/><W47/><G47/><T126/><D104/><U55/><E55/><V99/><F54/><W21/><AGARI ba="2,1" hai="2,5,10,21,26,31,50,53,56,64,67,89,94,96" machi="21" ten="20,5200,0" yaku="1,1,0,1,7,1,52,1,53,0" doraHai="34" doraHaiUra="129" who="3" fromWho="3" sc="463,-28,189,-15,169,-15,169,68" /><INIT seed="1,0,0,4,1,125" ten="435,174,154,237" oya="1" hai0="29,55,59,78,52,65,129,83,76,39,79,67,25" hai1="135,43,102,63,19,60,41,110,21,112,11,130,15" hai2="87,42,117,38,95,26,48,70,17,68,106,9,61" hai3="23,58,6,32,114,35,73,113,101,86,107,56,82"/><U33/><E33/><V127/><F106/><W122/><G122/><T54/><D39/><U47/><E112/><V88/><F127/><W22/><G73/><T84/><D129/><U14/><E135/><V64/><F117/><W71/><G6/><T36/><D36/><U53/><E130/><V44/><F38/><W126/><G126/><T31/><D59/><U108/><E102/><V96/><F70/><W20/><G71/><T13/><D13/><U1/><E1/><V7/><F26/><W91/><G114/><T50/><D50/><U100/><E100/><V81/><F17/><W12/><G113/><T77/><D25/><U105/><E105/><V16/><F16/><W98/><REACH who="3" step="1"/><G12/><REACH who="3" ten="435,174,154,227" step="2"/><T134/><D134/><U89/><E14/><V8/><REACH who="2" step="1"/><F7/><REACH who="2" ten="435,174,144,227" step="2"/><W62/><G62/><T46/><D46/><U51/><E60/><V109/><F109/><W123/><G123/><T124/><D124/><U0/><E63/><V45/><F45/><W18/><G18/><T128/><D128/><U40/><E110/><V119/><F119/><W97/><G97/><T90/><N who="0" m="19456" /><DORA hai="94" /><T133/><D133/><U2/><E108/><V99/><F99/><W10/><G10/><T28/><AGARI ba="0,2" hai="28,29,31,52,54,55,65,67,83,84,90" m="19456" machi="28" ten="50,8000,1" yaku="0,1,29,2,8,1,54,1" doraHai="125,94" who="0" fromWho="0" sc="435,100,174,-40,144,-20,227,-20" /><INIT seed="2,0,0,2,5,26" ten="535,134,124,207" oya="2" hai0="50,37,98,72,51,85,6,59,108,66,112,15,65" hai1="22,7,11,113,18,2,19,27,28,73,121,92,116" hai2="69,14,114,83,39,54,122,3,62,47,71,24,32" hai3="128,46,25,60,41,53,82,17,61,100,79,127,103"/><V70/><F122/><W1/><G1/><T131/><D37/><U106/><E106/><V68/><F3/><W57/><G128/><T42/><D72/><U52/><E73/><V10/><F114/><W55/><G127/><T89/><D131/><U95/><E113/><V110/><F110/><W125/><G125/><T0/><D0/><U130/><E130/><V20/><F32/><W40/><G41/><T63/><D98/><U29/><E116/><V107/><F107/><W115/><G115/><T21/><D108/><U44/><E121/><V133/><F133/><W111/><G111/><T45/><D112/><U124/><E124/><V126/><F126/><W5/><G5/><T80/><D51/><U16/><E28/><V23/><F83/><W81/><G82/><T86/><D86/><U135/><E135/><V48/><F39/><W97/><G97/><T129/><D129/><U119/><REACH who="1" step="1"/><E119/><REACH who="1" ten="535,124,124,207" step="2"/><V84/><F84/><W38/><G103/><T58/><D85/><U99/><E99/><V8/><F14/><W43/><G100/><T118/><D15/><U49/><AGARI ba="0,1" hai="2,7,11,16,18,19,22,27,29,44,49,52,92,95" machi="49" ten="30,8000,1" yaku="1,1,0,1,52,1,54,2,53,0" doraHai="26" doraHaiUra="78" who="1" fromWho="1" sc="535,-20,124,90,124,-40,207,-20" /><INIT seed="3,0,0,3,5,36" ten="515,214,84,187" oya="3" hai0="25,107,21,49,61,32,92,80,35,28,82,16,65" hai1="90,19,77,51,17,88,57,118,31,41,119,134,91" hai2="9,3,62,44,126,8,106,122,0,69,73,135,113" hai3="95,129,76,6,4,58,99,66,70,38,20,10,75"/><W72/><G38/><T85/><D107/><U68/><E68/><V11/><F113/><W56/><G70/><T13/><D92/><U18/><E134/><V115/><F115/><W52/><G75/><T103/><D103/><U33/><E77/><V34/><F34/><W42/><G72/><T14/><D82/><U112/><E112/><V27/><F122/><W78/><G42/><T120/><D120/><U59/><E31/><V125/><F106/><W94/><G129/><T74/><D74/><U123/><E33/><V64/><F73/><W86/><G10/><T43/><D35/><U124/><E123/><V67/><F135/><W108/><G20/><T63/><D14/><U12/><E12/><V30/><F67/><W45/><G108/><T97/><D97/><U89/><E124/><V131/><F131/><W1/><G1/><T53/><D43/><U60/><E91/><V100/><F100/><N who="3" m="60535" /><G45/><T22/><D65/><U130/><E130/><V15/><F15/><W39/><G39/><T79/><D32/><U24/><E24/><V111/><F111/><W114/><G66/><T101/><D101/><U29/><E60/><V50/><F27/><W127/><G127/><N who="2" m="48649" /><F30/><W48/><G114/><T132/><D132/><U81/><E29/><V117/><F117/><N who="1" m="44553" /><E81/><V47/><F50/><W128/><G128/><T102/><D102/><U98/><E98/><V105/><F105/><W116/><G116/><T133/><D133/><U84/><E84/><V104/><F104/><W55/><G86/><T110/><D110/><U83/><E83/><V26/><F26/><W2/><G2/><AGARI ba="0,0" hai="0,2,3,8,9,11,44,47,62,64,69" m="48649" machi="2" ten="40,2600,0" yaku="6,1,18,1" doraHai="36" who="2" fromWho="3" sc="515,0,214,0,84,26,187,-26" /><INIT seed="4,0,0,1,4,86" ten="515,214,110,161" oya="0" hai0="72,14,59,18,81,121,10,129,84,122,131,29,0" hai1="46,54,56,102,1,6,39,47,63,91,51,95,38" hai2="100,36,76,124,87,11,74,107,133,9,37,113,27" hai3="104,42,94,57,126,50,99,3,125,98,32,85,48"/><T130/><D72/><U19/><E102/><V31/><F133/><W67/><G32/><T20/><D59/><U66/><E1/><V44/><F124/><N who="3" m="47723" /><G3/><T43/><D43/><U22/><E6/><V70/><F113/><W23/><G104/><T118/><D118/><U17/><E17/><V123/><F123/><W106/><G106/><T69/><D69/><U119/><E119/><V116/><F116/><W73/><G73/><T115/><D115/><U90/><E90/><V78/><F74/><W108/><G108/><T132/><D132/><U111/><E111/><V79/><F70/><W8/><G8/><T55/><D55/><U127/><E46/><V65/><F44/><N who="3" m="25623" /><G23/><T109/><D109/><U21/><E21/><V83/><F11/><W68/><G68/><T25/><D0/><U60/><E60/><V7/><F107/><W134/><G134/><T103/><D103/><U80/><E80/><V53/><F100/><W15/><G15/><T93/><D93/><U92/><E92/><V40/><F9/><W82/><G94/><T75/><D75/><U52/><E54/><V35/><F53/><N who="3" m="31927" /><G67/><T117/><D117/><U128/><E127/><V120/><F65/><W96/><G99/><T34/><D34/><U105/><E105/><V135/><F135/><W97/><G98/><T26/><D26/><U2/><E2/><V114/><F114/><W12/><G12/><T88/><AGARI ba="0,0" hai="10,14,18,20,25,29,81,84,88,121,122,129,130,131" machi="88" ten="30,11700,0" yaku="0,1,19,1,52,1,54,1" doraHai="86" who="0" fromWho="0" sc="515,117,214,-39,110,-39,161,-39" /><INIT seed="4,1,0,2,2,20" ten="632,175,71,122" oya="0" hai0="29,23,67,9,31,130,118,8,49,106,19,69,79" hai1="134,72,51,127,108,104,124,81,112,91,89,71,48" hai2="0,120,56,4,73,36,59,80,6,16,17,96,101" hai3="95,46,102,2,1,26,92,133,37,128,38,87,52"/><T105/><D118/><U55/><E108/><V54/><F120/><W70/><G70/><T125/><D79/><U103/><E71/><V65/><F36/><W5/><G128/><T116/><D116/><U90/><E134/><V24/><F0/><W32/><G133/><T94/><D69/><U135/><E135/><V44/><F73/><W97/><G37/><T53/><D67/><U82/><E55/><V30/><F80/><N who="1" m="30825" /><E72/><V111/><F111/><W61/><G5/><N who="2" m="2153" /><F101/><W62/><G1/><T85/><D106/><U110/><E110/><V63/><F96/><N who="3" m="59655" /><G2/><T115/><D105/><U28/><E28/><V99/><F99/><W42/><G32/><T100/><D31/><U88/><E103/><V74/><F74/><W131/><G42/><T78/><D29/><U68/><E68/><V34/><F34/><W75/><G75/><T40/><D40/><U132/><E104/><V86/><F44/><W129/><G87/><T15/><D100/><U45/><E45/><V77/><F86/><W93/><G38/><T14/><D85/><U113/><E132/><V76/><F76/><W66/><G131/><T83/><D78/><U41/><E41/><V22/><F77/><W27/><G129/><T117/><D117/><U109/><E109/><V121/><F121/><W3/><G3/><T47/><D130/><U58/><E90/><V39/><F39/><W33/><G33/><T98/><D47/><U18/><E91/><V64/><F64/><W57/><G66/><T123/><D123/><U119/><E89/><V12/><F12/><W126/><G97/><T122/><D98/><RYUUKYOKU ba="1,0" sc="632,-10,175,-10,71,30,122,-10" hai2="16,17,22,24,30,54,56,59,63,65" /><INIT seed="5,2,0,3,2,60" ten="622,165,101,112" oya="1" hai0="129,102,57,73,62,115,65,92,43,104,122,64,89" hai1="3,4,93,2,128,55,66,118,105,77,50,29,72" hai2="53,111,63,23,41,109,82,54,20,90,40,69,110" hai3="5,119,114,6,113,42,97,9,100,88,135,134,87"/><U71/><E105/><V30/><F82/><N who="3" m="49271" /><G119/><T15/><D73/><U18/><E118/><V67/><F90/><W132/><G42/><T117/><D117/><U75/><E77/><V28/><F41/><W99/><G97/><T21/><D122/><U37/><E37/><V91/><F91/><W48/><G48/><T52/><D43/><U107/><E2/><V26/><REACH who="2" step="1"/><F40/><REACH who="2" ten="622,165,91,112" step="2"/><W98/><G99/><T31/><D89/><U35/><E128/><V36/><F36/><W76/><G76/><T61/><D129/><U121/><E121/><V106/><F106/><N who="3" m="63767" /><G5/><T70/><D104/><U47/><E4/><V101/><F101/><W33/><G33/><T45/><D102/><U78/><E35/><V16/><F16/><W12/><AGARI ba="2,1" hai="6,9,12,113,114,132,134,135" m="63767,49271" machi="12" ten="40,2700,0" yaku="20,1,54,1" doraHai="60" who="3" fromWho="3" sc="622,-9,165,-15,91,-9,112,43" /><INIT seed="6,0,0,5,2,71" ten="613,150,82,155" oya="2" hai0="105,67,57,19,103,55,91,15,14,28,110,116,130" hai1="72,108,43,77,129,6,131,111,7,82,12,51,32" hai2="102,47,94,69,87,107,60,133,13,85,126,48,29" hai3="5,90,104,25,50,63,112,127,30,123,23,22,134"/><V76/><F126/><W9/><G123/><T62/><D110/><U97/><E32/><V64/><F133/><W11/><G127/><T70/><D116/><U66/><E66/><V113/><F113/><W106/><G134/><T1/><D1/><U96/><E96/><V26/><F94/><W89/><G112/><T99/><D130/><N who="1" m="49675" /><E97/><V33/><F76/><W52/><G106/><T132/><D132/><U8/><E7/><V128/><F128/><W59/><G104/><T101/><D101/><U27/><E27/><V20/><F20/><W53/><G23/><T42/><D91/><U118/><E118/><V109/><F13/><N who="3" m="5295" /><G11/><T31/><D42/><U75/><E72/><V124/><F109/><W78/><G78/><T120/><D15/><U24/><E24/><V79/><F79/><W122/><G122/><T100/><D100/><U4/><E4/><V35/><F35/><W68/><G68/><T49/><D120/><U36/><E51/><V92/><F92/><W44/><AGARI ba="0,0" hai="22,25,30,44,50,52,53,59,63,89,90" m="5295" machi="44" ten="30,2000,0" yaku="8,1,54,1" doraHai="71" who="3" fromWho="3" sc="613,-5,150,-5,82,-10,155,20" /><INIT seed="7,0,0,1,5,41" ten="608,145,72,175" oya="3" hai0="69,4,58,103,131,24,119,50,27,97,91,115,81" hai1="15,40,51,128,126,125,132,28,25,87,89,121,11" hai2="88,76,123,66,55,0,95,77,2,60,109,52,108" hai3="72,34,49,39,61,18,84,71,114,73,79,59,16"/><W22/><G34/><T120/><D69/><U38/><E121/><V20/><F123/><W19/><G39/><T46/><D120/><U62/><E38/><V5/><F109/><W124/><G124/><T1/><D119/><U83/><E132/><V110/><F108/><W57/><G71/><T86/><D131/><U10/><E128/><V17/><F110/><W9/><G72/><T96/><D96/><U122/><E122/><V116/><F116/><W54/><G73/><T102/><D102/><U36/><E36/><V117/><F117/><W130/><G130/><T43/><D115/><U13/><E62/><V129/><F129/><W48/><G49/><T99/><D99/><U33/><E10/><V75/><F75/><W135/><G135/><T92/><D1/><U30/><E30/><V47/><F2/><W6/><G114/><T106/><D4/><U65/><E65/><V37/><F5/><W32/><G32/><T118/><D118/><U111/><E111/><V31/><F0/><W101/><G101/><T12/><D106/><U7/><E15/><N who="2" m="9279" /><F31/><W100/><G100/><T80/><D80/><U78/><E89/><V64/><F37/><W67/><G79/><N who="2" m="30281" /><F60/><W53/><G67/><T112/><D112/><U68/><E68/><V44/><F55/><W104/><G104/><T93/><D103/><U94/><E94/><V133/><F133/><W21/><G84/><T134/><D86/><U8/><E8/><V82/><F82/><W3/><AGARI ba="0,0" hai="3,6,9,16,18,19,21,22,48,53,54,57,59,61" machi="3" ten="30,3000,0" yaku="0,1,54,1" doraHai="41" who="3" fromWho="3" sc="608,-10,145,-10,72,-10,175,30" /><INIT seed="7,1,0,1,0,31" ten="598,135,62,205" oya="3" hai0="79,29,80,93,55,35,14,25,115,28,120,37,67" hai1="4,123,45,131,33,49,103,61,26,57,121,66,116" hai2="75,40,129,96,122,39,78,117,113,11,24,81,13" hai3="125,94,89,64,20,126,56,50,84,16,74,51,54"/><W53/><G74/><T30/><D37/><U8/><E131/><V110/><F117/><W102/><G102/><T133/><D120/><U135/><E135/><V86/><F110/><W68/><G68/><T0/><D0/><U95/><E116/><V97/><F122/><W98/><G98/><T109/><D109/><U42/><E103/><V101/><F129/><W127/><G64/><T34/><D67/><U72/><E72/><V73/><F113/><W15/><REACH who="3" step="1"/><G125/><REACH who="3" ten="598,135,62,195" step="2"/><T134/><D134/><U119/><E119/><V12/><F96/><W70/><G70/><T44/><D133/><U17/><E123/><V85/><F75/><W22/><G22/><T77/><D115/><U18/><E121/><V27/><F73/><W9/><G9/><T100/><D100/><U7/><E8/><V114/><F114/><W23/><G23/><T82/><D34/><U112/><E33/><V108/><F108/><W3/><G3/><T107/><D35/><U6/><E112/><V105/><F85/><W88/><G88/><T71/><D71/><U10/><E10/><V63/><F11/><W5/><G5/><T52/><D79/><U92/><E7/><V99/><F99/><W111/><G111/><T60/><D77/><U59/><E6/><V58/><F97/><W124/><G124/><T128/><D128/><U132/><E4/><V69/><F69/><W87/><G87/><T48/><D107/><U38/><E132/><V32/><F105/><W41/><G41/><T83/><D55/><U21/><E21/><V106/><F106/><W76/><G76/><T1/><D52/><RYUUKYOKU ba="1,1" sc="598,-10,135,-10,62,-10,195,30" hai3="15,16,20,50,51,53,54,56,84,89,94,126,127" /><INIT seed="7,2,1,2,3,48" ten="588,125,52,225" oya="3" hai0="74,130,64,69,101,92,20,56,36,33,39,125,114" hai1="27,58,75,55,7,12,106,122,127,52,98,18,109" hai2="70,124,17,102,30,31,61,41,128,132,73,46,1" hai3="103,72,23,15,44,116,123,82,96,78,14,24,77"/><W32/><G123/><T86/><D33/><U91/><E122/><V57/><F73/><W89/><G116/><T35/><D35/><U99/><E75/><V117/><F117/><W2/><G2/><T5/><D74/><U16/><E109/><V49/><F132/><W118/><G118/><T104/><D69/><U25/><E127/><V59/><F124/><W19/><G78/><T50/><D5/><U85/><E106/><V66/><F128/><W134/><G134/><T108/><D108/><U3/><E3/><V53/><F1/><W113/><G113/><T13/><D104/><U97/><E7/><V63/><F102/><W80/><G32/><T126/><D130/><U100/><E18/><V62/><REACH who="2" step="1"/><F17/><REACH who="2" ten="588,125,42,225" step="2"/><W120/><G19/><T71/><D101/><U6/><E100/><V45/><F45/><W0/><G44/><T21/><D50/><N who="1" m="30999" /><E6/><V79/><F79/><W121/><G103/><T47/><D86/><U4/><E4/><V131/><F131/><W37/><G72/><T22/><D56/><U9/><E55/><AGARI ba="2,2" hai="30,31,41,46,49,53,55,57,59,61,62,63,66,70" machi="55" ten="30,8000,1" yaku="1,1,7,1,9,1,52,2,53,0" doraHai="48" doraHaiUra="84" who="2" fromWho="1" sc="588,0,125,-86,42,106,225,0" owari="588,68.0,39,-46.0,148,-25.0,225,3.0" /></mjloggm>