<mjloggm ver="2.3"><GO type="169" lobby="0"/><UN n0="%E3%81%92%E3%82%93%E3%81%9F%E3%82%8D" n1="%EF%BC%88%E2%89%A7%E2%96%BD%E2%89%A6%EF%BC%89" n2="%E3%82%BF%E3%82%B1%E3%82%AA%E3%81%97%E3%82%83%E3%82%93" n3="%E2%98%85%E7%8E%89%E9%9F%BF%E2%98%85" dan="17,19,16,16" rate="2126.32,2330.01,2095.17,2157.72" sx="M,M,M,F"/><TAIKYOKU oya="0"/><INIT seed="0,0,0,3,4,64" ten="250,250,250,250" oya="0" hai0="12,54,121,55,27,30,1,135,133,28,95,16,131" hai1="53,18,99,97,61,126,40,52,79,25,46,65,90" hai2="38,43,35,100,130,106,57,20,56,69,103,86,17" hai3="6,45,78,37,67,72,8,77,102,3,62,9,88"/><T26/><D121/><U41/><E79/><V71/><F35/><W114/><G114/><T107/><D107/><U82/><E126/><V36/><F130/><W132/><G102/><T94/><D1/><U122/><E122/><V59/><F86/><W110/><G110/><T63/><D131/><U111/><E111/><V60/><F60/><W120/><G132/><N who="0" m="50763" /><D27/><U11/><E82/><V49/><F49/><W83/><G77/><T112/><D112/><U87/><E87/><V21/><F17/><W129/><G9/><N who="0" m="6159" /><D30/><U108/><E108/><V15/><F15/><W127/><G127/><T5/><D5/><U29/><E29/><V47/><F106/><W22/><G129/><T76/><D76/><U81/><E25/><V101/><REACH who="2" step="1"/><F38/><REACH who="2" ten="250,250,240,250" step="2"/><W19/><G120/><T23/><D63/><U42/><E61/><V128/><F128/><W113/><G113/><T92/><AGARI ba="0,1" hai="23,26,28,54,55,92,94,95" m="6159,50763" machi="92" ten="30,3000,0" yaku="20,1,54,1" doraHai="64" who="0" fromWho="0" sc="250,40,250,-10,240,-10,250,-10" /><INIT seed="0,1,0,2,0,24" ten="290,240,230,240" oya="0" hai0="104,103,102,36,22,79,88,127,112,16,110,119,91" hai1="19,123,94,14,107,60,41,8,93,74,69,75,81" hai2="129,64,98,126,76,28,73,37,43,48,128,0,92" hai3="39,13,65,35,89,7,57,44,1,50,124,97,11"/><T45/><D119/><U87/><E107/><V115/><F0/><W116/><G39/><T122/><D122/><U80/><E123/><V26/><F37/><W86/><G116/><T85/><D112/><U42/><E69/><V68/><F115/><W63/><G124/><T31/><D127/><U109/><E109/><V61/><F126/><W12/><G97/><T56/><D110/><U30/><E60/><V121/><F121/><W84/><G35/><T117/><D117/><U134/><E134/><V40/><F76/><W67/><G65/><T5/><D79/><U99/><E93/><V83/><F83/><W111/><G111/><T100/><D5/><U4/><E80/><V52/><F73/><W15/><REACH who="3" step="1"/><G89/><REACH who="3" ten="290,240,230,230" step="2"/><T32/><D91/><U120/><E99/><V55/><F128/><W66/><G66/><T133/><D32/><U49/><E120/><V34/><F129/><W21/><G21/><T71/><D36/><U25/><E75/><V105/><F105/><W96/><G96/><T20/><D104/><U38/><E74/><V118/><F118/><W23/><G23/><T131/><D22/><U33/><E33/><V3/><F98/><W6/><G6/><T51/><D20/><U95/><E4/><V106/><F106/><W125/><G125/><T54/><D131/><U59/><E38/><V10/><F64/><W90/><G90/><T58/><D88/><U53/><E95/><V72/><F92/><W114/><G114/><T132/><D132/><U70/><E94/><V9/><F34/><W27/><G27/><T82/><D133/><U29/><E25/><RYUUKYOKU ba="1,1" sc="290,-10,240,-10,230,-10,230,30" hai3="1,7,11,12,13,15,44,50,57,63,67,84,86" /><INIT seed="1,2,1,0,1,85" ten="280,230,220,260" oya="1" hai0="72,12,57,131,38,51,31,110,126,125,0,133,79" hai1="11,135,101,27,130,119,109,116,70,52,40,45,23" hai2="10,1,53,124,24,94,90,91,13,115,48,86,81" hai3="62,6,50,66,43,104,32,68,60,35,36,88,2"/><U76/><E70/><V3/><F124/><W39/><G104/><T17/><D38/><U75/><E101/><V47/><F24/><W58/><G35/><T22/><D0/><U118/><E135/><V25/><F25/><W15/><G32/><T127/><D31/><U129/><E109/><V100/><F100/><W5/><G2/><T96/><D110/><U117/><E11/><V89/><F115/><W44/><G6/><T107/><D133/><U37/><N who="1" m="29696" /><DORA hai="55" /><U82/><REACH who="1" step="1"/><E52/><REACH who="1" ten="280,220,220,260" step="2"/><V113/><F113/><W103/><G103/><T8/><D8/><U65/><E65/><V128/><F128/><W111/><G111/><T64/><D131/><U16/><AGARI ba="2,2" hai="16,23,27,37,40,45,75,76,82,129,130" m="29696" machi="16" ten="60,11700,0" yaku="1,1,0,1,54,1,53,0" doraHai="85,55" doraHaiUra="34,46" who="1" fromWho="1" sc="280,-41,220,143,220,-41,260,-41" /><INIT seed="1,3,0,3,2,83" ten="239,363,179,219" oya="1" hai0="130,127,80,99,82,94,128,45,120,65,40,85,123" hai1="3,111,31,13,51,134,116,56,32,129,1,86,22" hai2="78,71,76,112,113,92,26,74,114,89,5,66,90" hai3="59,17,87,19,61,125,118,107,84,100,70,52,126"/><U93/><E116/><V7/><F71/><W55/><G118/><T54/><D65/><U43/><E32/><V4/><F66/><W135/><G135/><T29/><D29/><U106/><E106/><V2/><F2/><W67/><G107/><T33/><D33/><U72/><E72/><V98/><F74/><W64/><G100/><T37/><D127/><N who="3" m="48649" /><G67/><T10/><D10/><U34/><E34/><V0/><F0/><W60/><G55/><T108/><D54/><N who="1" m="31839" /><E43/><V88/><REACH who="2" step="1"/><F26/><REACH who="2" ten="239,363,169,219" step="2"/><W57/><G70/><T122/><D108/><U23/><E1/><V27/><F27/><W15/><G19/><T75/><D75/><U36/><E3/><V49/><F49/><W68/><G68/><T8/><D123/><U121/><E121/><V133/><F133/><W79/><G79/><AGARI ba="3,1" hai="4,5,7,76,78,79,88,89,90,92,98,112,113,114" machi="79" ten="50,6400,0" yaku="1,1,11,1,54,1,53,0" doraHai="83" doraHaiUra="77" who="2" fromWho="3" sc="239,0,363,0,169,83,219,-73" /><INIT seed="2,0,0,3,0,33" ten="239,363,252,146" oya="2" hai0="65,130,84,38,48,89,116,126,27,62,60,75,46" hai1="119,50,29,102,94,24,47,132,131,42,95,56,79" hai2="43,39,41,16,4,106,70,36,11,37,76,5,69" hai3="51,3,8,122,67,59,83,108,78,12,80,6,105"/><V17/><F76/><W35/><G122/><T55/><D75/><U25/><E119/><V73/><F106/><W19/><G105/><T81/><D116/><U97/><E132/><V115/><F73/><W123/><G123/><T2/><D38/><U61/><E131/><V134/><F134/><W125/><G125/><T100/><D126/><U133/><E133/><V1/><F115/><W74/><G108/><T118/><D118/><U86/><E29/><V127/><F127/><W113/><G113/><T20/><D100/><U40/><E40/><V31/><F31/><W15/><G35/><T72/><D72/><U90/><REACH who="1" step="1"/><E79/><REACH who="1" ten="239,353,252,146" step="2"/><V71/><F41/><W21/><G78/><T77/><D130/><U93/><E93/><V68/><F43/><W117/><G117/><T52/><D77/><U63/><E63/><V128/><F128/><W114/><G114/><T22/><D62/><U104/><E104/><V112/><F112/><W57/><G74/><T66/><D60/><U23/><E23/><V107/><F107/><W129/><G129/><T82/><D22/><U58/><E58/><V92/><F92/><W87/><G59/><T0/><D81/><U54/><AGARI ba="0,1" hai="24,25,42,47,50,54,56,61,86,90,94,95,97,102" machi="54" ten="20,8000,1" yaku="1,1,0,1,7,1,8,1,53,1" doraHai="33" doraHaiUra="45" who="1" fromWho="1" sc="239,-20,353,90,252,-40,146,-20" /><INIT seed="3,0,0,0,3,36" ten="219,443,212,126" oya="3" hai0="53,59,130,94,112,133,21,5,17,50,35,13,1" hai1="81,68,55,31,3,0,76,19,60,62,15,87,39" hai2="115,109,100,10,74,89,117,79,32,51,135,127,99" hai3="27,64,44,131,82,97,92,90,106,28,118,23,30"/><W113/><G113/><T9/><D112/><U49/><E39/><V56/><F32/><W57/><G118/><T37/><D37/><U12/><E31/><V114/><F117/><W7/><G131/><T101/><D130/><U84/><E68/><V24/><F127/><W65/><G106/><T83/><D133/><U41/><E41/><V14/><F135/><W69/><G69/><T40/><D35/><U72/><E72/><V67/><F79/><W61/><G7/><T80/><D101/><U78/><E15/><V134/><F74/><W77/><G44/><T98/><D40/><U116/><E116/><V88/><F134/><W29/><REACH who="3" step="1"/><G65/><REACH who="3" ten="219,443,212,116" step="2"/><T70/><D70/><U18/><E3/><V25/><F67/><W96/><G96/><T123/><D123/><U54/><E0/><V111/><F114/><W95/><G95/><T26/><D98/><U4/><E4/><V71/><F71/><W126/><G126/><T38/><D94/><U6/><E6/><V110/><F115/><W86/><AGARI ba="0,1" hai="23,27,28,29,30,57,61,64,77,82,86,90,92,97" machi="86" ten="20,7800,0" yaku="1,1,0,1,7,1,8,1,53,0" doraHai="36" doraHaiUra="102" who="3" fromWho="3" sc="219,-26,443,-26,212,-26,116,88" /><INIT seed="3,1,0,0,3,58" ten="193,417,186,204" oya="3" hai0="111,88,133,106,97,82,98,31,14,81,132,71,91" hai1="16,30,65,60,52,35,3,127,20,100,69,22,87" hai2="135,78,28,27,2,29,46,32,90,6,125,113,124" hai3="123,85,38,63,64,92,19,66,103,128,104,49,33"/><W10/><G38/><T36/><D36/><U129/><E3/><V41/><F113/><W76/><G123/><T67/><D31/><U75/><E75/><V70/><F29/><W122/><G122/><T112/><D14/><U44/><E129/><V9/><F135/><N who="0" m="51786" /><D71/><U17/><E100/><V25/><F90/><N who="0" m="34346" /><D67/><U86/><E35/><V118/><F78/><W96/><G33/><T126/><D112/><U8/><E30/><V108/><F118/><W26/><G66/><T59/><D59/><U51/><E8/><V47/><F47/><W130/><G10/><T83/><D126/><U117/><E117/><V74/><F70/><W121/><G121/><T39/><D39/><U134/><E127/><V57/><F46/><W53/><G26/><T107/><D111/><U119/><E119/><V131/><F108/><W0/><G0/><T15/><D15/><U56/><E134/><V37/><F37/><W80/><G19/><N who="1" m="7242" /><E69/><V40/><F27/><W109/><G109/><T4/><D4/><U89/><E86/><V23/><F32/><W50/><G128/><T84/><D84/><U72/><E72/><V99/><F74/><W68/><G130/><T54/><D54/><U77/><E77/><V21/><F131/><W102/><G53/><T11/><D11/><U101/><E22/><V5/><F9/><W7/><G7/><T45/><D45/><U24/><E20/><V120/><F6/><W105/><G68/><T34/><D34/><U18/><E18/><V55/><F5/><W110/><G110/><T13/><D13/><U115/><E44/><V79/><F124/><RYUUKYOKU ba="1,0" sc="193,30,417,-10,186,-10,204,-10" hai0="81,82,83,97,98,106,107" /><INIT seed="4,2,0,1,1,20" ten="223,407,176,194" oya="0" hai0="102,115,128,119,40,32,127,88,15,10,47,132,108" hai1="18,22,42,101,114,93,1,44,107,2,38,60,9" hai2="81,0,104,31,106,112,121,12,17,16,55,103,61" hai3="122,131,109,56,67,4,35,25,39,21,78,92,51"/><T24/><D119/><U87/><E114/><V82/><F0/><W110/><G35/><T75/><D75/><U70/><E107/><V48/><F121/><W72/><G39/><T58/><D115/><U74/><E74/><V13/><F31/><W43/><G122/><T33/><D102/><U126/><E126/><V84/><F112/><W116/><G116/><T65/><D127/><U30/><E30/><V73/><F61/><W125/><G125/><T130/><D108/><U129/><E129/><N who="0" m="49769" /><D132/><U96/><E9/><V49/><F73/><W69/><G131/><T14/><D65/><U80/><E60/><V85/><F55/><W59/><G4/><T54/><D88/><U100/><E100/><AGARI ba="2,0" hai="12,13,16,17,48,49,81,82,84,85,100,103,104,106" machi="100" ten="25,3200,0" yaku="22,2,54,1" doraHai="20" who="2" fromWho="1" sc="223,0,407,-38,176,38,194,0" /><INIT seed="5,0,0,4,1,105" ten="223,369,214,194" oya="1" hai0="26,85,87,91,19,67,131,64,48,112,71,119,8" hai1="128,2,69,77,22,83,116,10,76,92,103,13,68" hai2="98,104,12,84,115,39,57,51,3,54,29,20,107" hai3="100,130,82,30,52,36,120,58,132,43,117,134,9"/><U93/><E2/><V70/><F3/><W33/><G120/><T0/><D119/><U45/><E116/><V121/><F121/><W124/><G117/><T50/><D112/><U31/><E128/><V23/><F70/><W28/><G130/><T94/><D131/><U63/><E45/><V35/><F39/><W38/><G124/><T37/><D37/><N who="3" m="14441" /><G43/><T7/><D71/><U96/><E93/><V1/><F1/><W42/><G42/><T18/><D67/><U32/><E32/><V110/><F110/><W101/><G9/><T102/><D64/><U108/><E108/><V72/><F35/><W44/><G44/><T46/><D102/><N who="3" m="39529" /><G33/><T6/><D6/><U15/><E69/><V62/><F107/><W111/><G82/><T56/><D56/><U4/><E83/><V66/><F104/><W34/><G34/><T61/><D61/><U47/><E47/><V78/><F62/><W106/><G106/><T41/><D50/><U86/><E63/><V74/><F66/><W60/><G111/><T97/><D26/><U114/><E68/><V127/><F51/><W125/><G125/><T81/><D97/><U122/><E96/><V14/><F98/><W25/><G25/><T90/><AGARI ba="0,0" hai="0,7,8,18,19,41,46,48,81,85,87,90,91,94" machi="90" ten="20,1500,0" yaku="0,1,7,1" doraHai="105" who="0" fromWho="0" sc="223,15,369,-7,214,-4,194,-4" /><INIT seed="6,0,0,2,0,4" ten="238,362,210,190" oya="2" hai0="114,58,12,28,109,77,1,17,124,24,71,104,34" hai1="21,56,51,132,50,0,11,36,60,70,128,110,8" hai2="88,25,91,107,19,111,52,39,38,79,29,94,64" hai3="129,20,134,47,82,41,3,118,53,126,81,99,78"/><V68/><F107/><W65/><G118/><T119/><D104/><U97/><E36/><V72/><F111/><W120/><G120/><T125/><D71/><U54/><E110/><V62/><F91/><W32/><G32/><T127/><D77/><U13/><E128/><V30/><F19/><W7/><G129/><T18/><D109/><U9/><E0/><V63/><F30/><W2/><G65/><T101/><D101/><U84/><E70/><V42/><F42/><W48/><G134/><T102/><D102/><U117/><E132/><V113/><F113/><W106/><G126/><T95/><D95/><U123/><E123/><V27/><F27/><W96/><G81/><T92/><D92/><U69/><E69/><V83/><F63/><W44/><G20/><T55/><D1/><U26/><E97/><V45/><F52/><W105/><G105/><T6/><D119/><U43/><E43/><V115/><F45/><W15/><G15/><T87/><D87/><U89/><E13/><V16/><F16/><W90/><G90/><T85/><D85/><U131/><E131/><V40/><F40/><W73/><G3/><T61/><D114/><U108/><E117/><V74/><F74/><W37/><G106/><T46/><D46/><U67/><E108/><V49/><F49/><W66/><G66/><T23/><D18/><N who="1" m="12599" /><E67/><V121/><F115/><W135/><G135/><T35/><REACH who="0" step="1"/><D6/><REACH who="0" ten="228,362,210,190" step="2"/><U130/><E130/><V103/><F103/><W22/><G22/><AGARI ba="0,1" hai="12,17,22,23,24,28,34,35,55,58,61,124,125,127" machi="22" ten="40,8000,1" yaku="1,1,2,1,18,1,53,1" doraHai="4" doraHaiUra="59" who="0" fromWho="3" sc="228,90,362,0,210,0,190,-80" /><INIT seed="7,0,0,4,1,108" ten="318,362,210,110" oya="3" hai0="40,50,110,0,16,14,73,93,38,29,27,19,55" hai1="33,117,106,119,134,39,125,104,85,4,71,91,121" hai2="2,20,128,112,43,96,49,52,92,79,103,78,18" hai3="8,114,12,21,69,41,135,22,26,48,11,66,111"/><W58/><G111/><T24/><D73/><U99/><E134/><V7/><F128/><W131/><G131/><T57/><D0/><U36/><E125/><V44/><F112/><W107/><G107/><T89/><D110/><U122/><E33/><V129/><F129/><W54/><G135/><T95/><D38/><N who="1" m="14379" /><E71/><V77/><F2/><W115/><G41/><T62/><D95/><U5/><E99/><V81/><F7/><N who="1" m="2633" /><E104/><V120/><F120/><W60/><G12/><T23/><D40/><U113/><E113/><N who="3" m="43018" /><G22/><N who="0" m="15607" /><D62/><U72/><E106/><V17/><F43/><W1/><G1/><T83/><D83/><N who="1" m="49599" /><E72/><V98/><F98/><W74/><G74/><T127/><D127/><U9/><E9/><V126/><F126/><W59/><G69/><T6/><D6/><U102/><E102/><V84/><REACH who="2" step="1"/><F18/><AGARI ba="0,0" hai="8,11,18,21,26,48,54,58,59,60,66" m="43018" machi="18" ten="30,11600,0" yaku="15,1,52,3" doraHai="108" who="3" fromWho="2" sc="318,0,362,0,210,-116,110,116" /><INIT seed="7,1,0,4,0,109" ten="318,362,94,226" oya="3" hai0="100,110,73,84,15,48,53,79,96,1,115,69,103" hai1="18,64,97,3,128,57,58,99,114,81,27,5,24" hai2="46,72,116,60,6,131,80,62,123,51,125,21,92" hai3="16,32,111,59,104,10,45,12,63,74,35,112,117"/><W101/><G112/><T40/><D69/><U118/><E114/><V88/><F116/><W89/><G117/><T54/><D1/><U82/><E128/><V77/><F123/><W29/><G111/><T119/><D73/><U20/><E118/><V134/><F131/><W98/><G74/><T33/><D33/><U70/><E70/><V132/><F125/><W105/><G105/><T129/><D119/><U71/><E71/><V55/><F6/><W130/><G130/><T124/><D110/><U102/><E3/><V9/><F9/><W93/><G29/><T7/><D129/><U14/><E5/><V26/><F132/><W67/><REACH who="3" step="1"/><G45/><REACH who="3" ten="318,362,94,216" step="2"/><T113/><D124/><U37/><E37/><V65/><F134/><W86/><AGARI ba="1,1" hai="10,12,16,32,35,59,63,67,86,89,93,98,101,104" machi="86" ten="20,12000,1" yaku="1,1,2,1,0,1,7,1,54,1,53,0" doraHai="109" doraHaiUra="49" who="3" fromWho="3" sc="318,-41,362,-41,94,-41,216,133" owari="277,-12.0,321,12.0,53,-45.0,349,45.0" /></mjloggm>