<mjloggm ver="2.3"><GO type="97" lobby="0"/><UN n0="%E3%81%8D%E3%82%80%E3%81%AB%E3%83%BC%32%30%30%39" n1="%61%6B%69%21%21%21" n2="%E3%82%A6%E3%83%AB%E3%83%88%E3%83%A9%E7%AB%8B%E7%9B%B4" n3="%E3%82%86%E3%83%BC%E3%81%AF%E3%82%B7%E3%83%A7%E3%83%83%E3%82%AF" dan="13,16,15,13" rate="1850.14,2024.88,2000.77,1898.72" sx="M,M,M,M"/><TAIKYOKU oya="0"/><INIT seed="0,0,0,3,1,92" ten="250,250,250,250" oya="0" hai0="132,122,6,67,52,134,84,104,96,35,85,17,25" hai1="45,80,105,98,23,54,12,89,33,44,129,107,34" hai2="46,88,56,93,117,16,60,127,19,113,48,131,83" hai3="29,61,27,26,57,18,36,53,39,40,72,135,11"/><T70/><D122/><U111/><E111/><V126/><F117/><W94/><G72/><T91/><D6/><U4/><E129/><V79/><F113/><W103/><G135/><N who="0" m="51755" /><D91/><U73/><E34/><V22/><F131/><W78/><G78/><T51/><D70/><U90/><E33/><V8/><F8/><W68/><G68/><T82/><D67/><U114/><E114/><V1/><F1/><W31/><G40/><T7/><D7/><U38/><E90/><V106/><F106/><W130/><G130/><T99/><D104/><U47/><E38/><V124/><F22/><W62/><G62/><T58/><D82/><U97/><E107/><V108/><F108/><W101/><G101/><T5/><D5/><U109/><E105/><V59/><F83/><W15/><G27/><T86/><D35/><U13/><E109/><V0/><F79/><W112/><G112/><T43/><D43/><U125/><E125/><V14/><F0/><W76/><G76/><T95/><D95/><U110/><E110/><V30/><F93/><W118/><G118/><T9/><D9/><N who="1" m="4135" /><E73/><V10/><F10/><W77/><G77/><T49/><D49/><N who="1" m="28967" /><E89/><V32/><F88/><W2/><G2/><T41/><D41/><U24/><E80/><V66/><F126/><W55/><G55/><T21/><AGARI ba="0,0" hai="17,21,25,51,52,58,84,85,86,96,99" m="51755" machi="21" ten="40,12000,1" yaku="20,1,52,2,54,1" doraHai="92" who="0" fromWho="0" sc="250,120,250,-40,250,-40,250,-40" /><INIT seed="0,1,0,2,0,59" ten="370,210,210,210" oya="0" hai0="81,102,130,9,38,107,100,92,118,0,56,27,113" hai1="24,22,13,33,77,53,41,12,79,132,89,85,42" hai2="60,117,125,83,32,51,103,15,126,54,75,105,119" hai3="70,73,95,131,50,17,55,134,80,69,46,123,82"/><T18/><D38/><U47/><E132/><V4/><F32/><W67/><G123/><T129/><D118/><N who="2" m="45066" /><F103/><W3/><G3/><T34/><D113/><U49/><E33/><V76/><F105/><W29/><G134/><T109/><D109/><U58/><E12/><V88/><F88/><W11/><G29/><T44/><D81/><U65/><E65/><V74/><F74/><W40/><G131/><N who="0" m="50187" /><D107/><U120/><E13/><V25/><F25/><W87/><G95/><T23/><D44/><U48/><E41/><V115/><F115/><W96/><G96/><T97/><D34/><U68/><E68/><V66/><F15/><W35/><G35/><T52/><D0/><U6/><E6/><V135/><F4/><W19/><G73/><T2/><D2/><U127/><E127/><V101/><F135/><W99/><G99/><T39/><D39/><U110/><E110/><V112/><F112/><W114/><G114/><T106/><D9/><U124/><E124/><V63/><F101/><W133/><G133/><T1/><D1/><U122/><E122/><V10/><F10/><W57/><G82/><T45/><D45/><U111/><E111/><V108/><F108/><W26/><G11/><T93/><D102/><U86/><E120/><V28/><F125/><W64/><G26/><T43/><D43/><U94/><REACH who="1" step="1"/><E86/><REACH who="1" ten="370,200,210,210" step="2"/><V30/><F126/><W71/><G87/><T72/><D72/><U128/><E128/><V84/><F84/><W90/><G71/><T121/><D121/><U21/><E21/><V91/><F75/><W78/><G70/><T61/><AGARI ba="1,1" hai="18,23,27,52,56,61,92,93,97,100,106" m="50187" machi="61" ten="30,11700,0" yaku="5,1,19,1,52,1,54,1" doraHai="59" who="0" fromWho="0" sc="370,130,200,-40,210,-40,210,-40" /><INIT seed="0,2,0,5,4,40" ten="500,160,170,170" oya="0" hai0="86,112,23,49,34,16,121,61,98,18,55,135,2" hai1="122,68,7,132,29,81,124,41,57,82,105,36,104" hai2="117,37,107,59,21,58,30,4,100,111,73,72,87" hai3="46,126,6,89,69,96,79,1,17,90,51,74,91"/><T71/><D121/><U32/><E68/><V62/><F37/><W114/><G69/><T80/><D112/><U12/><E132/><V0/><F117/><W22/><G114/><T125/><D2/><U108/><E108/><V95/><F111/><W115/><G115/><T25/><D135/><U131/><E131/><V3/><F59/><W83/><G126/><T93/><D125/><U109/><E32/><V94/><F107/><W14/><G1/><T120/><D120/><U19/><E36/><V102/><F4/><W56/><G56/><T134/><D34/><U123/><E105/><V44/><F73/><W66/><G66/><T78/><D134/><U113/><E104/><V54/><F72/><W52/><REACH who="3" step="1"/><G6/><REACH who="3" ten="500,160,170,160" step="2"/><T118/><D118/><U92/><E113/><V8/><F0/><W67/><G67/><T13/><D71/><U11/><E109/><V127/><F3/><W88/><G88/><N who="0" m="55591" /><D61/><U85/><E124/><V15/><F127/><W110/><G110/><T60/><D60/><U38/><E123/><V9/><F62/><W64/><G64/><T48/><D55/><U70/><E70/><V45/><F54/><W28/><G28/><T33/><D33/><U133/><E133/><V35/><F35/><W50/><G50/><T43/><D43/><U75/><E38/><V10/><F30/><W27/><G27/><T103/><D103/><U99/><E122/><V119/><F119/><W42/><G42/><T47/><D47/><N who="2" m="17994" /><F58/><W39/><G39/><T128/><D128/><U116/><E116/><V97/><F102/><W76/><G76/><T53/><D53/><RYUUKYOKU type="nm" ba="2,1" sc="500,-40,160,80,170,-20,160,-20" hai0="13,16,18,23,25,48,49,78,80,86" hai3="14,17,22,46,51,52,74,79,83,89,90,91,96" /><INIT seed="0,3,1,1,3,110" ten="460,240,150,140" oya="0" hai0="91,38,83,60,75,36,70,67,76,64,14,34,7" hai1="16,51,2,19,96,125,23,10,108,58,33,122,72" hai2="132,129,24,66,40,32,95,123,46,99,0,118,113" hai3="93,43,100,15,9,107,4,57,21,105,54,49,61"/><T28/><D34/><U50/><E33/><V37/><F0/><W63/><G21/><T81/><D67/><U112/><E122/><V20/><F32/><W42/><G107/><T52/><D28/><U39/><E39/><V59/><F123/><W3/><G3/><T114/><D114/><U109/><E72/><V128/><F118/><W25/><G25/><T119/><D119/><U48/><E125/><V127/><F127/><W133/><G133/><T56/><D83/><U101/><E58/><V18/><F132/><W53/><G105/><T84/><D7/><U82/><E82/><V78/><F78/><W79/><G79/><T94/><REACH who="0" step="1"/><D14/><REACH who="0" ten="450,240,150,140" step="2"/><N who="1" m="9623" /><E2/><V126/><F126/><W71/><G71/><T17/><D17/><U87/><E19/><V44/><F113/><W47/><REACH who="3" step="1"/><G63/><AGARI ba="3,2" hai="36,38,52,56,60,63,64,70,75,76,81,84,91,94" machi="63" ten="30,5800,0" yaku="1,1,7,1,54,1,53,0" doraHai="110" doraHaiUra="13" who="0" fromWho="3" sc="450,87,240,0,150,0,140,-67" /><INIT seed="0,4,0,1,3,17" ten="537,240,150,73" oya="0" hai0="59,62,101,63,57,35,33,1,125,4,49,74,24" hai1="31,99,92,98,72,68,42,5,83,44,65,16,133" hai2="116,79,8,100,135,131,15,14,2,45,67,64,60" hai3="75,87,34,90,105,19,70,10,96,115,73,56,3"/><T118/><D118/><U0/><E133/><V25/><F2/><W102/><G70/><T50/><D74/><U107/><E31/><V124/><F116/><W78/><G34/><T128/><D128/><U91/><E5/><V12/><F131/><W85/><G115/><T80/><D125/><U95/><E0/><V7/><F135/><W119/><G119/><T26/><D101/><U129/><E107/><V77/><F100/><W43/><G43/><T39/><D39/><U13/><E129/><V108/><F108/><W21/><G56/><T69/><D69/><U41/><E83/><V76/><F124/><W104/><G104/><T36/><D36/><U48/><E72/><V6/><F45/><W127/><G127/><T86/><D4/><N who="2" m="1578" /><F8/><W52/><G3/><T66/><D1/><U55/><E65/><N who="2" m="25163" /><F25/><N who="0" m="9834" /><D33/><U20/><E68/><V134/><F134/><W81/><G10/><T61/><D35/><U9/><E9/><V29/><F29/><W106/><G106/><T30/><D30/><U38/><E38/><V117/><F117/><W71/><G71/><T126/><D126/><U123/><E123/><V94/><F94/><W40/><G40/><T103/><D103/><AGARI ba="4,0" hai="13,16,20,41,42,44,48,55,91,92,95,98,99,103" machi="103" ten="30,7700,0" yaku="7,1,8,1,52,1,54,1" doraHai="17" who="1" fromWho="0" sc="537,-89,240,89,150,0,73,0" /><INIT seed="1,0,0,4,1,0" ten="448,329,150,73" oya="1" hai0="18,93,11,27,39,24,20,6,124,122,63,86,36" hai1="85,77,70,52,28,104,25,109,67,111,14,92,112" hai2="117,95,38,113,128,100,130,61,47,8,65,71,102" hai3="51,33,21,68,5,87,9,34,15,58,81,3,98"/><U41/><E104/><V2/><F117/><W53/><G68/><T94/><D122/><U75/><E112/><V97/><F113/><W107/><G107/><T44/><D124/><U54/><E75/><V40/><REACH who="2" step="1"/><F102/><REACH who="2" ten="448,329,140,73" step="2"/><W30/><G98/><T46/><D39/><U16/><E111/><V59/><F59/><W135/><G135/><T83/><D36/><U45/><E109/><V88/><F88/><W35/><G3/><T26/><D63/><U56/><E70/><V17/><F17/><W60/><G60/><T108/><D108/><U23/><E56/><V132/><F132/><W127/><G127/><T74/><D46/><U82/><E67/><V110/><F110/><W42/><G42/><T50/><D74/><U125/><E125/><V73/><F73/><W4/><G30/><T12/><D94/><U133/><E92/><V76/><F76/><W105/><G105/><T103/><D103/><U80/><E80/><V89/><F89/><W49/><G49/><T29/><D93/><U90/><E90/><V69/><F69/><W10/><G21/><T121/><D18/><U48/><E133/><V123/><F123/><W79/><REACH who="3" step="1"/><G10/><AGARI ba="0,1" hai="10,14,16,23,25,28,41,45,48,52,54,77,82,85" machi="10" ten="30,11600,0" yaku="7,1,8,1,54,2" doraHai="0" who="1" fromWho="3" sc="448,0,329,126,140,0,73,-116" owari="448,25.0,455,55.0,140,-26.0,-43,-54.0" /></mjloggm>