<mjloggm ver="2.3"><GO type="169" lobby="0"/><UN n0="%E3%80%93%E7%A9%B6%E9%A2%A8%E3%80%93" n1="%E5%A4%A7%E9%B3%A5%E9%A6%99%E5%A5%88%E6%9E%9D" n2="%E3%82%A6%E3%83%AB%E3%83%88%E3%83%A9%E7%AB%8B%E7%9B%B4" n3="%6E%69%6A%69" dan="17,16,16,16" rate="2206.50,2096.61,2024.33,2067.82" sx="M,M,M,M"/><TAIKYOKU oya="0"/><INIT seed="0,0,0,3,2,23" ten="250,250,250,250" oya="0" hai0="4,118,39,59,120,65,128,36,30,50,3,81,12" hai1="82,70,57,76,9,108,44,69,49,77,78,11,40" hai2="71,35,16,93,86,119,106,100,109,112,129,104,63" hai3="27,68,1,75,131,24,111,98,61,73,121,135,20"/><T46/><D120/><U51/><E108/><V94/><F112/><W74/><G1/><T115/><D118/><U52/><REACH who="1" step="1"/><E82/><REACH who="1" ten="250,240,250,250" step="2"/><V88/><F109/><W89/><G111/><T133/><D81/><U79/><N who="1" m="19456" /><DORA hai="21" /><U41/><E41/><V105/><F119/><W17/><G121/><T60/><D115/><U26/><E26/><V56/><F129/><W0/><G131/><T110/><D128/><U116/><E116/><V15/><F104/><W10/><G73/><T5/><D110/><U101/><E101/><V31/><F105/><W127/><G74/><T91/><D91/><U8/><AGARI ba="0,1" hai="8,9,11,40,44,49,51,52,57,69,70" m="19456" machi="8" ten="50,8000,1" yaku="1,1,0,1,54,1,53,1" doraHai="23,21" doraHaiUra="37,18" who="1" fromWho="1" sc="250,-40,240,90,250,-20,250,-20" /><INIT seed="1,0,0,2,0,110" ten="210,330,230,230" oya="1" hai0="58,93,79,21,111,84,124,133,113,11,77,103,49" hai1="44,129,105,78,67,83,7,55,30,60,31,108,117" hai2="8,74,39,128,94,132,34,130,26,71,13,99,15" hai3="81,69,18,32,85,50,53,14,56,47,122,66,76"/><U112/><E117/><V17/><F39/><W62/><G32/><T63/><D111/><U96/><E108/><V6/><F71/><W125/><G125/><T123/><D124/><U27/><E129/><N who="2" m="49771" /><F74/><W70/><REACH who="3" step="1"/><G122/><REACH who="3" ten="210,330,230,220" step="2"/><T16/><D123/><U114/><E114/><V90/><F34/><W20/><AGARI ba="0,1" hai="14,18,20,47,50,53,56,62,66,69,70,76,81,85" machi="20" ten="20,5200,0" yaku="1,1,2,1,0,1,7,1,53,0" doraHai="110" doraHaiUra="3" who="3" fromWho="3" sc="210,-13,330,-26,230,-13,220,62" /><INIT seed="2,0,0,4,2,97" ten="197,304,217,282" oya="2" hai0="34,18,106,5,89,45,9,30,132,86,87,104,82" hai1="77,47,76,74,90,20,94,117,92,15,29,31,12" hai2="68,26,129,53,107,60,133,58,10,33,36,22,93" hai3="4,56,95,25,69,79,0,102,17,85,46,11,27"/><V23/><F107/><W71/><G46/><T120/><D120/><U116/><E47/><V127/><F33/><W43/><G43/><T100/><D132/><U122/><E20/><V3/><F133/><W121/><G121/><T50/><D18/><U39/><E122/><V98/><F36/><W8/><G27/><T109/><D109/><U61/><E61/><V32/><F32/><W83/><G56/><T57/><D57/><U48/><E48/><V108/><F129/><W1/><G25/><T112/><D112/><U63/><E63/><V135/><F135/><W40/><G40/><T84/><D30/><U119/><E39/><V128/><F128/><W118/><G118/><T80/><D34/><U110/><E110/><V66/><F108/><W113/><G113/><T64/><D64/><U75/><E117/><V96/><F23/><W111/><G111/><T2/><D100/><U7/><E7/><V55/><F68/><W24/><G24/><T28/><D84/><U6/><E6/><V103/><F98/><W62/><G62/><T105/><D28/><U49/><E49/><V88/><F103/><W114/><G0/><T37/><D37/><U42/><E42/><V91/><F3/><W101/><G101/><T38/><D38/><U16/><E16/><N who="2" m="12615" /><F10/><W72/><G114/><T14/><D2/><U126/><E119/><V125/><F91/><N who="3" m="53743" /><G102/><T81/><D89/><U19/><E116/><V41/><F41/><W99/><G99/><T13/><D13/><U65/><E90/><V35/><F35/><W130/><G130/><T21/><D21/><U78/><E12/><AGARI ba="0,0" hai="1,4,8,11,12,17,69,71,72,79,83" m="53743" machi="12" ten="30,1000,0" yaku="6,1" doraHai="97" who="3" fromWho="1" sc="197,0,304,-10,217,0,282,10" /><INIT seed="3,0,0,1,4,120" ten="197,294,217,292" oya="3" hai0="111,135,88,63,99,115,33,87,46,0,38,19,52" hai1="10,16,1,20,106,74,94,75,64,72,86,22,116" hai2="132,35,23,82,107,114,69,18,110,122,65,39,17" hai3="43,117,76,131,98,54,118,103,73,100,119,41,71"/><W77/><G71/><T30/><D115/><U24/><E106/><V112/><F82/><W53/><G131/><T34/><D135/><U128/><E128/><V36/><F65/><W27/><G27/><T108/><D0/><U12/><E116/><V68/><F23/><W129/><G129/><T92/><D19/><U5/><E64/><V14/><F14/><W3/><G3/><T28/><D99/><U93/><REACH who="1" step="1"/><E86/><REACH who="1" ten="197,284,217,292" step="2"/><V130/><F112/><W51/><G117/><T124/><D87/><U26/><E26/><V40/><F107/><W60/><G118/><T81/><D124/><U89/><E89/><V109/><F114/><W105/><G119/><T125/><D88/><U97/><E97/><V104/><F104/><W42/><G98/><T15/><D125/><U31/><AGARI ba="0,1" hai="1,5,10,12,16,20,22,24,31,72,74,75,93,94" machi="31" ten="30,4000,0" yaku="1,1,0,1,54,1,53,0" doraHai="120" doraHaiUra="50" who="1" fromWho="1" sc="197,-10,284,50,217,-10,292,-20" /><INIT seed="4,0,0,4,0,91" ten="187,334,207,272" oya="0" hai0="53,124,37,82,66,89,6,130,127,31,52,76,30" hai1="132,22,70,25,12,84,16,71,135,3,51,122,2" hai2="101,38,92,19,110,106,116,90,118,15,32,125,77" hai3="55,123,80,21,13,107,10,112,44,114,88,33,29"/><T11/><D37/><U98/><E122/><V117/><F32/><W109/><G107/><T121/><D121/><U27/><E84/><N who="2" m="52295" /><F38/><W61/><G33/><T95/><D66/><U93/><E51/><V102/><F106/><W69/><G123/><T41/><D130/><U43/><E43/><V100/><F77/><W24/><G109/><T28/><D41/><U99/><E99/><V96/><F110/><W113/><G69/><T120/><D120/><U62/><E62/><V131/><F131/><W8/><G13/><N who="0" m="5367" /><D82/><U36/><E36/><V126/><F96/><W46/><G61/><T78/><D127/><N who="2" m="48650" /><F15/><W128/><G128/><T48/><D124/><U81/><E81/><V18/><AGARI ba="0,0" hai="18,19,100,101,102,116,117,118" m="48650,52295" machi="18" ten="40,5200,0" yaku="12,1,18,1,52,1" doraHai="91" who="2" fromWho="2" sc="187,-26,334,-13,207,52,272,-13" /><INIT seed="5,0,0,4,4,73" ten="161,321,259,259" oya="1" hai0="85,130,8,9,59,112,135,134,34,14,94,30,47" hai1="0,87,60,31,126,78,76,11,69,50,125,20,102" hai2="54,118,129,17,3,56,106,80,98,95,109,58,120" hai3="51,122,133,121,65,36,117,55,45,68,29,19,25"/><U128/><E128/><V127/><F106/><W1/><G1/><T88/><D112/><U100/><E50/><V103/><F3/><W107/><G107/><T111/><D111/><U26/><E0/><V5/><F120/><W43/><G19/><T99/><D130/><U92/><E11/><V70/><F70/><W10/><G10/><T91/><D59/><U16/><E31/><V27/><F118/><W57/><G133/><T79/><D47/><U86/><E69/><V67/><F5/><W15/><G15/><T12/><D12/><U62/><E62/><N who="2" m="38359" /><F109/><W39/><G39/><T2/><D2/><U96/><E60/><V66/><F66/><W81/><G81/><N who="0" m="47295" /><D91/><N who="1" m="53375" /><E86/><V97/><F97/><W13/><G13/><T75/><D75/><U46/><E46/><V77/><F129/><W104/><G104/><T4/><D9/><U32/><E32/><V82/><F77/><N who="1" m="29801" /><E96/><V83/><F98/><W49/><G117/><T64/><D64/><U124/><AGARI ba="0,0" hai="16,20,26,100,102,124,125,126" m="29801,53375" machi="124" ten="40,12000,1" yaku="18,1,52,3,54,1" doraHai="73" who="1" fromWho="1" sc="161,-40,321,120,259,-40,259,-40" /><INIT seed="5,1,0,1,2,21" ten="121,441,219,219" oya="1" hai0="8,108,16,114,101,121,3,93,26,112,131,14,118" hai1="34,129,30,130,6,135,92,98,1,35,49,102,99" hai2="94,107,36,5,67,86,88,57,122,10,117,124,84" hai3="105,45,125,70,77,15,9,89,2,23,96,87,48"/><U31/><E135/><V119/><F107/><W24/><G70/><T126/><D118/><U37/><E37/><V11/><F36/><W0/><G77/><T78/><D108/><U80/><E80/><V43/><F122/><W33/><G33/><T128/><D121/><U133/><E133/><V42/><F124/><W97/><G125/><T40/><D126/><U62/><E62/><N who="2" m="38351" /><F119/><W27/><G0/><T79/><D40/><N who="2" m="15402" /><F117/><W41/><G2/><T132/><D3/><U100/><E49/><V115/><F115/><N who="0" m="44074" /><D132/><U65/><E65/><V81/><F5/><N who="3" m="3503" /><G105/><T83/><D83/><U68/><E68/><V63/><F63/><W50/><G50/><T59/><D59/><U111/><E111/><V66/><F66/><W4/><G4/><N who="0" m="3335" /><D93/><U52/><E1/><V76/><AGARI ba="1,0" hai="10,11,76,81,84,86,88,94" m="15402,38351" machi="76" ten="30,2000,0" yaku="8,1,54,1" doraHai="21" who="2" fromWho="2" sc="121,-6,441,-11,219,23,219,-6" /><INIT seed="6,0,0,2,1,22" ten="115,430,242,213" oya="2" hai0="92,102,27,18,25,39,58,9,134,5,4,45,36" hai1="20,83,37,46,70,28,84,125,67,108,62,3,35" hai2="135,30,101,113,105,87,40,103,21,15,104,74,79" hai3="42,48,41,14,129,121,131,16,71,127,73,44,52"/><V66/><F40/><W91/><G121/><T109/><D109/><U64/><E3/><V6/><F66/><W106/><G106/><T112/><D134/><U61/><E35/><V69/><F74/><W78/><G71/><T19/><D112/><U132/><E132/><V95/><F69/><W51/><G127/><T59/><D92/><U43/><E125/><V1/><F1/><W133/><G133/><T7/><D102/><U130/><E130/><N who="3" m="49674" /><G91/><T76/><D76/><U75/><E75/><V26/><F135/><W57/><G73/><T12/><D45/><U116/><E116/><V60/><F113/><W100/><G100/><T33/><D33/><U85/><E108/><V94/><F104/><W68/><G68/><T32/><D32/><U81/><E70/><V72/><F72/><W115/><G78/><T107/><D107/><U117/><E117/><V90/><F105/><W13/><G13/><T0/><D0/><U31/><E37/><V89/><F79/><W118/><G118/><T96/><D96/><U8/><E85/><N who="2" m="52527" /><F60/><W126/><G126/><T10/><D5/><U111/><E111/><V63/><F63/><W50/><G115/><T11/><D11/><AGARI ba="0,0" hai="6,11,15,21,26,30,87,90,95,101,103" m="52527" machi="11" ten="30,2900,0" yaku="8,1,52,1" doraHai="22" who="2" fromWho="0" sc="115,-29,430,0,242,29,213,0" /><INIT seed="6,1,0,4,1,56" ten="86,430,271,213" oya="2" hai0="2,96,82,48,17,100,1,103,97,8,68,121,99" hai1="24,33,29,108,119,85,66,3,78,40,7,58,88" hai2="47,95,67,104,20,92,117,71,32,57,52,65,77" hai3="98,14,109,44,34,10,46,50,74,5,25,55,105"/><V73/><F32/><W41/><G74/><T37/><D121/><U89/><E108/><V15/><F104/><W124/><G109/><T26/><D37/><U11/><E119/><V12/><F73/><W93/><G105/><T22/><D68/><U122/><E122/><V118/><F77/><W113/><G124/><T62/><D48/><U129/><E129/><V28/><F71/><W133/><G133/><T116/><D116/><U18/><E40/><V63/><F117/><W114/><G25/><T23/><D82/><U39/><E39/><V49/><F118/><W43/><G34/><T94/><D99/><U59/><E78/><V0/><F0/><W134/><G134/><T51/><D51/><U36/><E36/><V13/><F65/><W81/><G81/><T128/><D128/><U123/><E123/><V87/><F87/><W86/><G86/><T126/><D126/><U69/><E89/><V64/><F64/><W75/><G75/><T90/><D90/><U30/><E66/><V45/><F45/><W61/><G44/><T16/><D62/><U35/><E69/><V102/><F102/><N who="3" m="60751" /><G61/><T132/><D8/><U84/><E84/><V91/><F91/><W131/><G131/><T42/><D42/><U111/><E111/><V38/><F38/><W112/><AGARI ba="1,0" hai="5,10,14,41,43,46,50,55,112,113,114" m="60751" machi="112" ten="30,2000,0" yaku="15,1,11,1" doraHai="56" who="3" fromWho="3" sc="86,-6,430,-6,271,-11,213,23" /><INIT seed="7,0,0,4,2,10" ten="80,424,260,236" oya="3" hai0="8,11,107,62,124,57,32,12,81,101,114,13,65" hai1="1,16,105,111,73,104,83,36,59,55,33,27,133" hai2="85,31,25,40,35,86,72,94,18,132,67,134,68" hai3="80,74,128,46,129,110,121,2,49,56,24,30,9"/><W84/><G74/><T120/><D120/><U17/><E1/><V93/><F72/><W97/><G121/><T44/><D32/><U60/><E133/><N who="2" m="51307" /><F40/><W69/><G69/><T58/><D124/><U78/><E36/><V79/><F18/><W88/><G56/><T95/><D107/><U113/><E59/><V42/><F42/><W130/><G110/><T22/><D114/><U5/><E83/><N who="2" m="47359" /><F86/><W61/><G61/><AGARI ba="0,0" hai="25,31,35,61,67,68,93,94" m="47359,51307" machi="61" ten="30,1000,0" yaku="20,1" doraHai="10" who="2" fromWho="3" sc="80,0,424,0,260,10,236,-10" owari="80,-42.0,424,52.0,270,7.0,226,-17.0" /></mjloggm>