<mjloggm ver="2.3"><GO type="169" lobby="0"/><UN n0="%E8%B5%A4%E9%9B%AA%57%45%4C" n1="%55%4E%73%61%6E" n2="%E3%82%A6%E3%83%AB%E3%83%88%E3%83%A9%E7%AB%8B%E7%9B%B4" n3="%E5%A4%96%E9%81%93" dan="16,16,17,16" rate="2085.22,2040.58,2057.94,2058.07" sx="M,F,M,F"/><TAIKYOKU oya="0"/><INIT seed="0,0,0,3,0,54" ten="250,250,250,250" oya="0" hai0="58,118,36,67,130,33,123,114,88,5,94,59,96" hai1="105,40,103,20,119,69,76,68,47,126,32,4,57" hai2="79,46,16,21,135,122,2,104,133,131,63,1,128" hai3="14,125,109,17,89,70,72,12,18,75,98,99,64"/><T9/><D123/><U82/><E119/><V52/><F104/><W11/><G109/><T116/><D114/><U23/><E32/><V83/><F122/><W102/><G125/><T42/><D33/><U117/><E117/><V95/><F95/><W80/><G70/><T97/><D130/><U120/><E120/><V7/><F7/><W129/><G64/><T73/><D73/><U44/><E126/><V24/><F2/><W101/><G129/><N who="2" m="49737" /><F1/><W112/><G112/><T71/><D97/><U65/><E4/><V25/><F25/><W132/><G132/><T127/><D127/><U90/><E90/><V87/><F46/><W111/><G111/><T124/><D124/><U91/><E91/><V29/><F29/><W39/><G39/><T74/><D74/><U48/><E103/><V84/><F84/><W38/><G38/><T113/><D118/><U51/><E105/><V30/><F30/><W100/><G89/><T108/><D116/><U45/><E69/><V6/><F6/><W62/><G80/><T77/><D77/><U35/><E68/><V61/><F61/><W86/><G86/><T10/><D108/><U56/><E35/><V13/><F24/><W93/><G62/><N who="0" m="40439" /><D113/><U19/><E65/><V92/><F92/><W15/><G93/><T26/><D26/><N who="1" m="14623" /><E23/><V85/><F85/><W28/><G28/><T55/><D5/><U107/><E107/><V3/><F3/><W53/><G75/><T121/><D121/><U8/><E8/><V66/><F66/><W31/><G72/><T41/><D10/><U78/><E44/><V49/><F63/><RYUUKYOKU ba="0,0" sc="250,-10,250,-10,250,30,250,-10" hai2="13,16,21,49,52,79,83,87,133,135" /><INIT seed="1,1,0,1,0,28" ten="240,240,280,240" oya="1" hai0="7,92,103,84,70,111,56,68,110,39,88,126,62" hai1="122,3,50,4,20,80,105,10,30,17,55,100,58" hai2="76,59,113,134,97,15,121,61,123,22,89,66,53" hai3="13,133,11,18,125,75,33,104,132,106,128,46,52"/><U117/><E117/><V5/><F113/><W102/><G75/><T25/><D126/><U95/><E122/><V38/><F38/><W37/><G125/><T130/><D130/><U116/><E116/><V42/><F42/><W94/><G128/><T129/><D129/><U79/><E105/><V16/><F134/><N who="3" m="51819" /><G37/><T54/><D39/><U85/><E30/><V77/><F121/><W99/><G33/><T40/><D40/><U91/><E100/><V45/><F123/><W98/><G98/><T60/><D7/><U124/><E124/><V51/><F5/><W96/><G96/><T73/><D73/><U9/><E9/><V63/><F63/><W41/><G41/><T112/><D103/><U86/><E20/><V24/><F15/><W109/><G109/><N who="0" m="41483" /><D25/><U131/><E131/><V83/><F83/><W47/><G47/><T14/><D14/><U120/><E120/><V57/><F57/><W114/><G114/><T48/><D112/><U69/><E17/><V31/><F31/><W35/><G35/><T72/><D72/><U44/><REACH who="1" step="1"/><E69/><AGARI ba="1,0" hai="48,54,56,60,62,68,69,70,84,88,92" m="41483" machi="69" ten="30,2000,0" yaku="14,1,54,1" doraHai="28" who="0" fromWho="1" sc="240,23,240,-23,280,0,240,0" /><INIT seed="2,0,0,4,0,67" ten="263,217,280,240" oya="2" hai0="96,51,48,100,105,83,19,42,80,8,56,47,37" hai1="33,61,115,106,66,7,49,11,90,34,94,45,15" hai2="23,55,74,3,28,131,21,76,107,69,36,58,14" hai3="88,64,30,111,97,53,113,119,114,128,134,124,62"/><V121/><F3/><W17/><G119/><T13/><REACH who="0" step="1"/><D37/><REACH who="0" ten="253,217,280,240" step="2"/><U1/><E115/><V104/><F36/><W117/><G114/><T89/><D89/><U46/><E106/><V59/><F104/><W135/><G113/><T86/><D86/><U57/><E1/><V78/><F107/><W39/><G39/><T108/><D108/><U79/><E79/><V122/><F78/><W99/><G111/><T26/><D26/><U93/><E93/><V16/><F76/><W0/><G117/><T84/><D84/><U40/><REACH who="1" step="1"/><E45/><REACH who="1" ten="253,207,280,240" step="2"/><V75/><F121/><W126/><G0/><T77/><D77/><U32/><E32/><V73/><F122/><W12/><G135/><T132/><D132/><U44/><E44/><V109/><F74/><W129/><G134/><T50/><D50/><U63/><E63/><V81/><F75/><W85/><G128/><T82/><D82/><U101/><E101/><V35/><F81/><W25/><G129/><T54/><AGARI ba="0,2" hai="8,13,19,42,47,48,51,54,56,80,83,96,100,105" machi="54" ten="30,4000,0" yaku="21,2,0,1,53,0" doraHai="67" doraHaiUra="120" who="0" fromWho="0" sc="253,60,207,-10,280,-20,240,-10" /><INIT seed="3,0,0,3,1,105" ten="313,197,260,230" oya="3" hai0="91,103,48,115,2,132,4,6,87,63,30,11,22" hai1="123,19,78,50,119,34,102,32,116,80,52,39,29" hai2="130,120,14,127,25,24,89,61,86,107,126,114,65" hai3="122,84,13,47,101,38,71,85,73,93,16,27,68"/><W58/><G122/><T99/><D132/><U76/><E123/><V110/><F107/><W81/><G73/><T125/><D125/><U100/><E39/><V131/><F114/><W133/><G133/><T42/><D115/><U57/><E19/><V111/><F14/><W90/><G101/><N who="1" m="39018" /><E29/><V10/><F10/><W129/><G129/><N who="2" m="49161" /><F120/><W23/><G58/><T45/><D6/><U66/><E66/><V118/><F118/><N who="1" m="45097" /><E78/><V17/><F17/><W21/><G38/><T62/><D22/><U59/><E59/><V43/><F43/><W77/><REACH who="3" step="1"/><G47/><REACH who="3" ten="313,197,260,220" step="2"/><T41/><D30/><AGARI ba="0,1" hai="13,16,21,23,27,30,68,71,77,81,84,85,90,93" machi="30" ten="30,11600,0" yaku="1,1,2,1,7,1,54,1,53,0" doraHai="105" doraHaiUra="33" who="3" fromWho="0" sc="313,-116,197,0,260,0,220,126" /><INIT seed="3,1,0,5,0,113" ten="197,197,260,346" oya="3" hai0="118,121,33,60,71,69,37,128,99,29,15,7,124" hai1="97,32,14,42,83,47,66,44,86,30,4,135,129" hai2="102,48,103,117,13,26,59,131,89,57,6,111,120" hai3="92,132,35,85,122,91,88,72,27,123,126,109,93"/><W36/><G36/><T45/><D128/><U77/><E129/><V68/><F68/><W1/><G1/><T81/><D124/><U56/><E135/><V22/><F131/><W8/><G8/><T63/><D121/><N who="3" m="46089" /><G27/><T17/><D99/><U112/><E112/><V40/><F120/><W130/><G35/><T3/><D81/><U82/><E97/><V0/><F0/><W105/><G130/><T20/><D37/><U5/><E30/><V65/><F59/><W95/><G105/><T119/><D45/><U127/><E32/><V74/><F74/><W34/><G34/><T107/><D107/><U64/><E127/><V9/><F102/><W43/><G43/><T61/><D69/><U41/><E56/><V2/><F103/><W116/><G126/><T51/><D51/><U23/><E23/><V98/><F2/><W115/><G72/><T94/><D94/><N who="3" m="36457" /><G115/><T62/><N who="0" m="15360" /><DORA hai="104" /><T10/><D71/><U12/><E86/><V84/><F40/><W55/><G55/><T108/><D108/><U125/><E125/><V110/><F84/><N who="3" m="52615" /><G109/><T101/><D101/><U19/><E19/><N who="2" m="12639" /><F65/><W31/><G31/><T53/><D53/><U133/><E133/><V38/><F38/><W78/><G132/><T76/><D76/><AGARI ba="1,0" hai="4,5,12,14,41,42,44,47,64,66,76,77,82,83" machi="76" ten="25,3200,0" yaku="22,2,8,1" doraHai="113,104" who="1" fromWho="0" sc="197,-35,197,35,260,0,346,0" /><INIT seed="4,0,0,0,2,41" ten="162,232,260,346" oya="0" hai0="102,63,124,100,112,39,44,65,122,61,28,95,30" hai1="49,51,68,104,7,47,1,120,5,46,101,67,2" hai2="35,105,118,93,58,33,38,123,125,84,66,21,0" hai3="22,75,17,135,110,48,43,82,103,36,76,29,108"/><T4/><D122/><U106/><E120/><V20/><F84/><W18/><G36/><T64/><D112/><U80/><E80/><V119/><F93/><W94/><G135/><T121/><D121/><U56/><E56/><V92/><F92/><W99/><G29/><T10/><D124/><U16/><E101/><V13/><F58/><W3/><G3/><N who="1" m="1034" /><E16/><V74/><F66/><W117/><G117/><T114/><D114/><U40/><E40/><V109/><F13/><W70/><G70/><T96/><D39/><U24/><E24/><V59/><F59/><W87/><G18/><T15/><D44/><N who="1" m="16939" /><E67/><V60/><F123/><W90/><G48/><N who="1" m="18506" /><E68/><V25/><F25/><W115/><G43/><T57/><D102/><U9/><E9/><V77/><F38/><W42/><G42/><T111/><D111/><U97/><E97/><V69/><F109/><W32/><G115/><T86/><D86/><U52/><E52/><V127/><F0/><W98/><G98/><T31/><D64/><U27/><E27/><V11/><F69/><W83/><G32/><T62/><AGARI ba="0,0" hai="4,10,15,28,30,31,57,61,62,63,65,95,96,100" machi="62" ten="30,3000,0" yaku="0,1,8,1" doraHai="41" who="0" fromWho="0" sc="162,30,232,-10,260,-10,346,-10" /><INIT seed="4,1,0,3,1,106" ten="192,222,250,336" oya="0" hai0="63,119,94,43,129,72,30,47,84,85,109,132,90" hai1="112,76,77,51,0,131,74,29,101,113,50,133,42" hai2="103,93,10,60,37,12,99,41,73,28,104,40,54" hai3="19,120,15,18,1,34,87,130,33,22,26,5,100"/><T67/><D119/><U102/><E0/><V128/><F128/><W70/><G70/><T123/><D123/><U9/><E131/><V126/><F126/><W48/><G100/><N who="1" m="38506" /><E133/><V125/><F104/><W75/><G75/><T110/><D129/><U2/><E29/><V17/><F37/><W79/><G79/><N who="1" m="30282" /><E74/><V105/><F105/><W55/><G130/><T68/><D30/><U69/><E42/><V107/><F107/><W83/><G83/><T116/><D116/><U49/><E69/><V44/><F73/><W89/><G87/><N who="0" m="52575" /><D72/><U38/><E38/><V62/><F125/><W64/><G1/><T82/><D82/><U27/><E27/><V13/><F28/><W4/><G33/><T127/><D127/><U6/><E2/><V16/><F41/><W124/><G34/><T122/><D122/><U97/><E97/><V31/><F31/><W92/><G64/><T59/><D68/><U46/><E46/><V39/><REACH who="2" step="1"/><F54/><REACH who="2" ten="192,222,240,336" step="2"/><W88/><G55/><T65/><D67/><U121/><E121/><V57/><F57/><W135/><G120/><T95/><D132/><U35/><E35/><V36/><F36/><W7/><G135/><T24/><D95/><U66/><E66/><V14/><F14/><W20/><G124/><T96/><D24/><U52/><E52/><V11/><AGARI ba="1,1" hai="10,11,12,13,16,17,39,40,44,60,62,93,99,103" machi="11" ten="20,8000,1" yaku="1,1,0,1,7,1,9,1,54,1,53,0" doraHai="106" doraHaiUra="108" who="2" fromWho="2" sc="192,-41,222,-21,240,93,336,-21" /><INIT seed="5,0,0,0,2,93" ten="151,201,333,315" oya="1" hai0="90,4,129,33,85,15,100,113,60,1,98,0,106" hai1="16,107,25,8,120,124,31,18,84,128,27,36,119" hai2="48,134,41,96,65,66,68,42,122,110,47,109,49" hai3="43,55,14,37,20,59,71,132,13,46,92,58,50"/><U117/><E117/><V121/><F96/><W94/><G71/><T53/><D33/><U69/><E119/><V38/><F134/><W125/><G125/><T22/><D129/><U127/><E36/><V80/><F80/><W89/><G132/><T17/><D4/><U135/><E69/><V115/><F68/><W54/><G94/><T97/><D113/><U57/><E107/><V77/><F77/><W86/><REACH who="3" step="1"/><G20/><REACH who="3" ten="151,201,333,305" step="2"/><T11/><D22/><N who="1" m="13527" /><E135/><V72/><F115/><W82/><G82/><T45/><D98/><U70/><E70/><V130/><F130/><W126/><G126/><T87/><D87/><U105/><E128/><V114/><F114/><W21/><G21/><T29/><D29/><U111/><E124/><V104/><F72/><W62/><AGARI ba="0,1" hai="13,14,37,43,46,50,54,55,58,59,62,86,89,92" machi="62" ten="20,5200,0" yaku="1,1,0,1,7,1,53,1" doraHai="93" doraHaiUra="39" who="3" fromWho="3" sc="151,-13,201,-26,333,-13,305,62" /><INIT seed="6,0,0,5,2,62" ten="138,175,320,367" oya="2" hai0="8,29,16,45,76,24,131,93,35,17,60,12,48" hai1="43,114,28,81,82,10,65,116,19,39,49,118,58" hai2="105,70,74,122,135,98,44,11,63,66,6,109,134" hai3="123,26,64,80,57,38,13,47,55,85,36,0,90"/><V88/><F74/><W112/><G0/><T56/><D131/><U73/><E114/><V30/><F122/><W102/><G123/><T103/><D76/><U104/><E104/><V72/><F72/><W51/><G102/><T97/><D17/><U22/><E28/><V14/><F109/><W37/><G112/><T124/><D124/><U23/><E10/><V110/><F110/><W95/><G26/><T79/><D79/><U15/><E39/><V113/><F113/><W20/><G20/><T69/><D69/><U128/><E128/><V120/><F120/><W115/><G13/><T111/><D111/><U41/><E23/><V100/><F44/><W127/><G127/><T87/><D87/><U5/><E5/><V61/><F61/><W4/><G4/><T50/><REACH who="0" step="1"/><D45/><REACH who="0" ten="128,175,320,367" step="2"/><U96/><E73/><V106/><F30/><W83/><G115/><T46/><D46/><U21/><E19/><V133/><F133/><W89/><G47/><T101/><D101/><U119/><E119/><V27/><F100/><W9/><G9/><T34/><D34/><U18/><E18/><V53/><F135/><W126/><G126/><T59/><D59/><U67/><E58/><V130/><F134/><W108/><G108/><T77/><D77/><U33/><E33/><V54/><F130/><W78/><G78/><T31/><D31/><U3/><E116/><V40/><F106/><W52/><G57/><T129/><D129/><U132/><E132/><V75/><F105/><W84/><G84/><T91/><D91/><U1/><E118/><V7/><F75/><W121/><G90/><RYUUKYOKU ba="0,1" sc="128,30,175,-10,320,-10,367,-10" hai0="8,12,16,24,29,35,48,50,56,60,93,97,103" /><INIT seed="7,1,1,2,5,31" ten="158,165,310,357" oya="3" hai0="68,13,82,90,56,134,124,110,104,12,20,2,3" hai1="114,17,119,33,83,28,50,121,132,81,80,67,49" hai2="38,4,116,70,32,99,15,102,115,25,55,39,65" hai3="113,22,117,8,44,69,5,133,42,79,118,125,58"/><W74/><G69/><T11/><D68/><U106/><E121/><V127/><F55/><W19/><G113/><T40/><D104/><U27/><E106/><N who="2" m="63839" /><F15/><W135/><G58/><T43/><D110/><U109/><E109/><V111/><F4/><W30/><G30/><T61/><D124/><U48/><E114/><V23/><F23/><W88/><G88/><T122/><D134/><N who="3" m="51209" /><G79/><T101/><D101/><U51/><E132/><V52/><F52/><W10/><G74/><T59/><D122/><U14/><E119/><V53/><F53/><W105/><G105/><T120/><D120/><U93/><N who="1" m="12288" /><DORA hai="46" /><U77/><E67/><V96/><F111/><W107/><G107/><T36/><D36/><U41/><E41/><N who="0" m="15945" /><D3/><U16/><E93/><V75/><F39/><N who="3" m="21599" /><G125/><T87/><D2/><U78/><REACH who="1" step="1"/><E17/><REACH who="1" ten="158,155,310,357" step="2"/><V73/><F115/><W95/><G95/><T21/><D61/><U84/><E84/><V9/><F116/><W34/><G19/><N who="0" m="10351" /><D11/><AGARI ba="1,2" hai="11,14,16,27,28,33,77,78,80,81,83" m="12288" machi="11" ten="50,16000,3" yaku="1,1,52,5,54,1,53,1" doraHai="31,46" doraHaiUra="26,94" who="1" fromWho="0" sc="158,-163,155,183,310,0,357,0" owari="-5,-51.0,338,14.0,310,-9.0,357,46.0" /></mjloggm>