<mjloggm ver="2.3"><GO type="97" lobby="0"/><UN n0="%E3%82%A6%E3%83%AB%E3%83%88%E3%83%A9%E7%AB%8B%E7%9B%B4" n1="%E3%82%88%E3%82%8F%E3%81%8D%E3%81%AA%E3%81%84%E3%81%A3%E3%81%A6" n2="%E6%B2%B3%E7%94%B0%EF%BC%91%EF%BC%93%EF%BC%98" n3="%6D%61%62%6F%6F%6F" dan="15,13,13,15" rate="1945.23,1865.57,1817.08,2027.81" sx="M,M,M,M"/><TAIKYOKU oya="0"/><INIT seed="0,0,0,5,5,10" ten="250,250,250,250" oya="0" hai0="4,9,108,134,105,38,46,5,14,133,42,45,15" hai1="95,28,16,72,83,66,127,70,1,99,91,73,6" hai2="107,33,24,61,129,65,81,34,56,23,43,31,128" hai3="18,40,7,122,58,26,79,114,60,57,76,51,109"/><T48/><D105/><U17/><E127/><V125/><F107/><W118/><G118/><T89/><D89/><U100/><E28/><V12/><F125/><W59/><G114/><T3/><D108/><U39/><E39/><V115/><F115/><W101/><G101/><T67/><D67/><U68/><E66/><V2/><F43/><W110/><G122/><T103/><D103/><U8/><E72/><V92/><F92/><W30/><G7/><T97/><D97/><U35/><E35/><V126/><F126/><W124/><G124/><T80/><D80/><U96/><E73/><V131/><F81/><W21/><G60/><T102/><D102/><U74/><E74/><V44/><F44/><W87/><G87/><T19/><D19/><U132/><E132/><N who="0" m="50793" /><D5/><U117/><E117/><V94/><F94/><W62/><G62/><T71/><D71/><U119/><E119/><V77/><F77/><W123/><G79/><T120/><D120/><U93/><REACH who="1" step="1"/><E83/><REACH who="1" ten="250,240,250,250" step="2"/><V27/><F34/><W106/><G109/><T116/><D116/><U112/><E112/><V64/><F64/><W29/><G110/><T41/><AGARI ba="0,1" hai="3,4,9,14,15,38,41,42,45,46,48" m="50793" machi="41" ten="30,6000,0" yaku="20,1,52,2" doraHai="10" who="0" fromWho="0" sc="250,70,240,-20,250,-20,250,-20" /><INIT seed="0,1,0,4,4,78" ten="320,220,230,230" oya="0" hai0="28,69,85,81,15,75,22,37,82,95,111,99,51" hai1="45,38,74,103,36,90,4,124,47,63,76,50,77" hai2="34,2,96,73,9,116,83,128,46,101,49,48,53" hai3="11,30,14,66,57,41,122,100,65,80,10,134,133"/><T42/><D69/><U88/><E74/><V131/><F116/><W79/><G100/><N who="0" m="60543" /><D75/><U19/><E4/><V54/><F34/><W119/><G119/><T25/><D37/><U68/><E103/><V6/><F73/><W44/><G122/><T17/><D111/><U16/><E50/><V24/><F24/><W55/><G30/><T87/><D87/><U18/><E124/><V70/><F70/><W20/><G10/><N who="0" m="6391" /><D85/><U115/><E68/><V113/><F113/><W135/><G20/><T107/><D107/><U89/><E63/><V112/><F112/><W114/><G114/><T110/><D110/><U21/><E21/><V29/><F29/><W123/><G123/><T132/><D132/><U3/><E115/><V84/><F128/><W104/><G104/><T125/><D125/><U93/><E93/><V94/><F131/><W5/><G41/><T39/><D39/><N who="1" m="14891" /><E3/><V105/><F105/><W108/><G108/><T62/><D62/><U1/><E1/><V64/><F84/><W92/><G92/><T130/><D130/><U120/><E120/><V8/><F2/><W33/><G33/><T60/><D60/><U98/><E98/><V40/><F96/><W59/><G135/><T118/><D118/><U86/><E86/><V72/><F72/><W109/><G109/><T7/><D7/><U71/><E71/><V102/><F6/><W27/><G134/><T67/><D67/><U58/><E58/><V26/><F64/><W13/><G133/><T121/><D121/><U117/><E117/><V32/><F32/><W129/><G66/><T106/><D106/><RYUUKYOKU ba="1,0" sc="320,15,220,15,230,-15,230,-15" hai0="22,25,28,42,51,81,82" hai1="16,18,19,45,47,76,77,88,89,90" /><INIT seed="0,2,0,4,5,60" ten="335,235,215,215" oya="0" hai0="96,30,24,47,89,74,106,19,90,72,29,94,118" hai1="126,70,3,78,8,120,36,111,54,35,33,52,73" hai2="28,27,71,134,102,100,64,117,13,51,50,34,55" hai3="83,37,0,1,32,98,113,133,4,121,135,124,91"/><T15/><D106/><U130/><RYUUKYOKU type="yao9" ba="2,0" sc="335,0,235,0,215,0,215,0" hai1="3,8,33,35,36,52,54,70,73,78,111,120,126,130" /><INIT seed="0,3,0,1,1,13" ten="335,235,215,215" oya="0" hai0="70,28,109,35,7,119,29,11,39,17,80,79,16" hai1="81,43,2,127,23,26,31,38,0,15,105,126,5" hai2="85,93,99,63,30,128,118,36,130,67,117,8,64" hai3="94,74,9,55,21,53,49,106,3,41,82,103,60"/><T91/><D70/><U4/><E105/><V14/><F36/><W112/><G106/><T44/><D91/><U56/><E38/><V132/><F30/><W58/><G112/><T100/><D100/><U52/><E43/><V32/><F32/><W20/><G41/><N who="0" m="22591" /><D119/><N who="2" m="45578" /><F85/><W122/><G122/><T102/><D102/><U25/><E81/><V101/><F132/><W75/><G82/><T98/><D98/><U71/><E71/><N who="2" m="42399" /><F67/><W72/><G9/><T113/><D113/><U107/><E107/><V78/><F78/><W90/><G3/><N who="1" m="1066" /><E52/><V40/><F40/><W76/><G103/><T33/><D80/><U92/><E56/><V125/><F125/><N who="1" m="47625" /><E92/><V48/><F48/><W116/><G76/><T120/><D79/><U114/><E114/><V51/><F51/><W59/><REACH who="3" step="1"/><G116/><REACH who="3" ten="335,235,215,205" step="2"/><T89/><D120/><U45/><E45/><V129/><F128/><W68/><G68/><T133/><D89/><U62/><E62/><V37/><F37/><W134/><G134/><T12/><D133/><U115/><E115/><V95/><F95/><W27/><G27/><N who="1" m="10250" /><E31/><V6/><AGARI ba="3,1" hai="6,8,14,93,99,101,129,130" m="42399,45578" machi="6" ten="30,1100,0" yaku="12,1" doraHai="13" who="2" fromWho="2" sc="335,-8,235,-6,215,30,205,-6" /><INIT seed="1,0,0,5,3,92" ten="327,229,245,199" oya="1" hai0="68,5,83,72,74,69,132,36,23,67,113,111,105" hai1="129,24,35,82,116,6,103,84,39,104,125,59,18" hai2="10,19,73,75,34,55,101,71,33,25,30,27,29" hai3="54,48,50,40,16,99,51,21,130,128,9,79,47"/><U49/><E39/><V32/><F71/><W100/><G79/><T124/><D23/><U96/><E116/><V46/><F101/><W56/><G9/><T63/><D5/><U85/><E129/><V112/><F55/><W15/><REACH who="3" step="1"/><G50/><REACH who="3" ten="327,229,245,189" step="2"/><T93/><D113/><U121/><E125/><V90/><F112/><W107/><AGARI ba="0,1" hai="15,16,21,40,47,48,51,54,56,99,100,107,128,130" machi="107" ten="30,8000,1" yaku="1,1,2,1,0,1,52,1,54,1,53,0" doraHai="92" doraHaiUra="4" who="3" fromWho="3" sc="327,-20,229,-40,245,-20,189,90" /><INIT seed="2,0,0,4,5,57" ten="307,189,225,279" oya="2" hai0="24,80,77,132,28,119,63,104,61,26,96,127,49" hai1="123,97,85,9,8,72,32,51,69,1,129,112,6" hai2="109,82,41,40,46,70,43,116,86,126,14,20,12" hai3="18,47,73,122,23,79,13,34,3,45,91,36,42"/><V58/><F116/><W78/><G34/><T87/><D119/><U74/><E32/><V90/><F126/><W17/><G3/><T0/><D0/><U111/><E69/><V52/><F70/><W118/><G118/><T35/><D127/><U83/><E123/><V30/><F109/><W67/><G73/><T110/><D110/><U93/><E111/><V114/><F114/><W55/><G67/><T135/><D49/><U22/><E112/><V125/><F125/><W117/><G117/><T5/><D5/><U131/><E129/><V89/><F89/><W121/><G121/><T56/><D24/><U108/><E131/><V15/><F46/><W84/><G122/><T128/><D128/><U53/><E108/><V88/><F90/><W44/><G36/><T101/><D56/><U25/><E9/><V68/><F68/><W107/><G42/><T102/><D102/><U2/><E2/><V134/><F134/><AGARI ba="0,0" hai="26,28,35,61,63,77,80,87,96,101,104,132,134,135" machi="134" ten="40,5200,0" yaku="20,1,52,2" doraHai="57" who="0" fromWho="2" sc="307,52,189,0,225,-52,279,0" /><INIT seed="3,0,0,0,1,103" ten="359,189,173,279" oya="3" hai0="120,60,132,104,37,9,125,76,47,101,19,45,83" hai1="28,111,86,98,0,57,23,2,49,72,124,126,134" hai2="79,78,58,100,8,128,53,119,109,68,50,16,117" hai3="80,97,121,29,7,42,5,85,30,84,13,51,108"/><W77/><G121/><T6/><D19/><U75/><E111/><V135/><F109/><W90/><G108/><T115/><D45/><U11/><E98/><V38/><F38/><W39/><G39/><T99/><D60/><U92/><E134/><V31/><F135/><W27/><G29/><T70/><D70/><U54/><E11/><V66/><F119/><W25/><G25/><T15/><D132/><U116/><E75/><V24/><F117/><W130/><G130/><T44/><D120/><U40/><E72/><V122/><F128/><W48/><G97/><T112/><D125/><N who="1" m="48235" /><E40/><V123/><F122/><W26/><G26/><T3/><D15/><U4/><E4/><V94/><F123/><W107/><G107/><T118/><D118/><U43/><E43/><V67/><F68/><W12/><G12/><T131/><D131/><U59/><E116/><V63/><F63/><W22/><G42/><N who="0" m="22607" /><D47/><N who="1" m="27967" /><E28/><V14/><F31/><W95/><REACH who="3" step="1"/><G5/><REACH who="3" ten="359,189,173,269" step="2"/><T129/><D129/><U106/><E106/><V69/><F24/><W113/><G113/><T88/><D112/><U102/><E23/><V17/><F17/><W36/><G36/><T61/><D115/><U32/><E32/><V56/><F69/><W81/><G81/><T41/><D41/><U74/><E0/><V52/><F78/><W96/><G96/><T1/><D1/><U127/><E2/><V65/><F79/><W110/><G110/><T89/><D76/><U35/><E127/><V133/><F133/><W34/><G34/><T46/><D83/><U21/><E35/><V55/><F50/><W114/><G114/><RYUUKYOKU ba="0,1" sc="359,-15,189,-15,173,15,269,15" hai2="8,14,16,52,53,55,56,58,65,66,67,94,100" hai3="7,13,22,27,30,48,51,77,80,84,85,90,95" /><INIT seed="3,1,1,0,5,104" ten="344,174,188,284" oya="3" hai0="21,117,59,29,51,50,34,54,95,67,127,71,115" hai1="70,35,13,131,73,116,111,114,32,78,10,122,19" hai2="87,75,25,49,30,44,14,90,112,134,16,118,6" hai3="108,40,100,31,27,101,126,41,9,80,48,96,55"/><W105/><G126/><T68/><D34/><U93/><E70/><V86/><F118/><W60/><G101/><T129/><D117/><U81/><E114/><V110/><F112/><W58/><G108/><T66/><D115/><U20/><E116/><V12/><F110/><W121/><G121/><T82/><D95/><U4/><E111/><V109/><F109/><W43/><G9/><T57/><D82/><U45/><E122/><V7/><F75/><W2/><G2/><T98/><D98/><U123/><E123/><V28/><F134/><W11/><G11/><T53/><D129/><U130/><E45/><V64/><F64/><W76/><G60/><T23/><D29/><N who="2" m="11370" /><F86/><W107/><G107/><T124/><AGARI ba="1,1" hai="21,23,50,51,53,54,57,59,66,67,68,71,124,127" machi="124" ten="25,3200,0" yaku="0,1,22,2" doraHai="104" who="0" fromWho="0" sc="344,45,174,-9,188,-9,284,-17" owari="389,48.0,165,-33.0,179,-22.0,267,7.0" /></mjloggm>