<mjloggm ver="2.3"><GO type="97" lobby="0"/><UN n0="%E3%81%B5%E3%82%8C%E3%81%84%E3%82%86" n1="%4B%41%5A%55" n2="%E3%81%B6%E3%81%9F%EF%BC%A0%E3%81%A1%E3%82%85%E3%81%86" n3="%E3%82%A6%E3%83%AB%E3%83%88%E3%83%A9%E7%AB%8B%E7%9B%B4" dan="13,13,15,15" rate="1896.64,1928.84,1979.57,1964.43" sx="F,M,M,M"/><TAIKYOKU oya="0"/><INIT seed="0,0,0,5,1,124" ten="250,250,250,250" oya="0" hai0="62,69,96,110,53,72,59,54,87,14,132,10,84" hai1="13,60,0,31,76,61,15,49,16,29,121,133,108" hai2="32,107,30,23,83,78,92,135,82,58,89,56,103" hai3="51,119,122,5,94,131,2,44,85,36,113,98,104"/><T81/><D132/><U21/><E0/><V12/><F32/><W114/><G36/><T90/><D69/><U99/><E121/><V86/><F135/><W26/><G119/><T117/><D117/><U20/><E133/><V45/><F45/><W9/><G122/><T118/><D118/><U55/><E108/><V126/><F126/><W6/><G6/><T38/><D38/><U8/><E76/><V77/><F107/><W125/><G125/><T80/><D72/><U95/><E29/><V130/><F130/><W57/><G57/><N who="2" m="22121" /><F83/><W34/><G131/><T109/><D96/><U106/><E106/><V111/><F111/><N who="0" m="42506" /><D54/><U63/><E31/><V52/><F52/><W1/><G98/><T7/><D87/><U17/><E8/><V41/><F41/><W33/><G85/><T28/><D28/><U91/><REACH who="1" step="1"/><E63/><REACH who="1" ten="250,240,250,250" step="2"/><V120/><F30/><W35/><G35/><T48/><D62/><U66/><E66/><V39/><F120/><W42/><G34/><T115/><D115/><U24/><E24/><V129/><F23/><W11/><G26/><T134/><D134/><U102/><E102/><V112/><F12/><W22/><G33/><T67/><D67/><U50/><E50/><V19/><F39/><W70/><G22/><T75/><D75/><U74/><E74/><V101/><F101/><W79/><G113/><T88/><D90/><U46/><AGARI ba="0,1" hai="13,15,16,17,20,21,46,49,55,60,61,91,95,99" machi="46" ten="20,12000,2" yaku="1,1,0,1,7,1,9,1,8,1,54,1,53,0" doraHai="124" doraHaiUra="3" who="1" fromWho="1" sc="250,-60,240,130,250,-30,250,-30" /><INIT seed="1,0,0,0,2,61" ten="190,370,220,220" oya="1" hai0="98,24,126,108,100,92,35,129,103,30,77,7,70" hai1="114,39,64,121,73,125,22,26,85,80,116,134,6" hai2="21,44,8,94,120,38,132,93,27,111,59,29,89" hai3="51,20,13,109,65,127,42,76,104,99,106,131,18"/><U40/><E116/><V4/><F120/><W47/><G109/><T48/><D108/><U81/><E121/><V15/><F111/><W75/><G127/><T68/><D126/><U86/><E125/><V52/><F132/><W91/><G131/><T67/><D129/><U84/><E134/><V110/><F110/><W69/><G76/><T46/><D77/><U23/><E114/><V117/><F117/><W79/><G79/><T1/><D103/><U122/><E122/><V112/><F112/><W14/><G75/><T17/><D17/><U34/><E73/><V119/><F119/><W90/><G69/><T19/><D19/><U97/><E34/><V88/><F44/><W49/><G99/><T74/><D74/><U55/><E6/><V63/><F38/><W16/><G47/><T25/><D24/><U3/><E3/><V50/><F50/><W32/><G42/><T82/><D82/><U57/><E39/><V123/><F123/><W135/><G135/><T2/><D70/><U102/><E40/><V33/><F33/><W5/><G5/><T101/><D101/><U43/><E43/><V62/><F62/><W71/><G71/><T45/><D7/><U53/><E22/><V11/><F11/><W95/><G32/><T37/><D37/><U0/><E0/><V60/><F60/><W9/><G20/><T58/><D68/><U105/><E81/><V54/><F54/><N who="1" m="20489" /><E80/><V115/><F115/><W31/><G9/><T113/><D113/><U36/><E36/><V72/><F72/><W28/><G95/><AGARI ba="0,0" hai="4,8,15,21,27,29,52,59,63,88,89,93,94,95" machi="95" ten="40,5200,0" yaku="8,1,54,2" doraHai="61" who="2" fromWho="3" sc="190,0,370,0,220,52,220,-52" /><INIT seed="2,0,0,5,0,71" ten="190,370,272,168" oya="2" hai0="6,89,22,100,41,125,47,105,77,25,29,110,103" hai1="75,11,20,65,46,40,16,123,129,59,21,23,48" hai2="43,83,2,56,104,38,63,117,26,124,115,91,119" hai3="135,113,73,61,18,42,17,8,98,99,84,12,58"/><V112/><F104/><W79/><G73/><T49/><D125/><U33/><E75/><V36/><F2/><W133/><G113/><N who="2" m="43593" /><F26/><W13/><G42/><T15/><D110/><U31/><E129/><V0/><F0/><W126/><G126/><T34/><D105/><U1/><E123/><V90/><F83/><W27/><G27/><T108/><D108/><U114/><E114/><V45/><F124/><W60/><G79/><T120/><D120/><U81/><E1/><V3/><F91/><W121/><G84/><T86/><D34/><U66/><E33/><V131/><F90/><W122/><G58/><T78/><D77/><U32/><E32/><V7/><F7/><W51/><G51/><T39/><D39/><N who="2" m="14890" /><F3/><W92/><G92/><T5/><D5/><U72/><E31/><V70/><F70/><W62/><G121/><T68/><D68/><U54/><E72/><V134/><F131/><W82/><G122/><T9/><D89/><U109/><E109/><V69/><F69/><W111/><G82/><AGARI ba="0,0" hai="6,9,15,22,25,29,41,47,49,78,82,86,100,103" machi="82" ten="40,5200,0" yaku="25,2,8,1" doraHai="71" who="0" fromWho="3" sc="190,52,370,0,272,0,168,-52" /><INIT seed="3,0,0,0,0,43" ten="242,370,272,116" oya="3" hai0="124,104,127,121,8,92,109,107,96,42,31,46,86" hai1="52,57,5,102,49,91,132,78,62,79,125,133,123" hai2="18,44,48,14,113,93,63,15,106,77,0,59,64" hai3="25,72,39,112,118,34,100,54,110,32,71,41,83"/><W70/><G54/><T80/><D121/><U13/><E123/><V45/><F106/><W76/><G112/><T20/><D109/><U114/><E114/><V131/><F131/><W37/><G118/><T135/><D8/><N who="1" m="4239" /><E125/><N who="0" m="48201" /><D135/><N who="1" m="51787" /><E102/><V22/><F0/><W50/><G50/><N who="0" m="26967" /><D20/><U68/><E91/><V115/><F77/><N who="1" m="29193" /><E68/><N who="3" m="26154" /><G100/><N who="0" m="60423" /><D31/><U129/><E129/><V130/><F130/><W27/><G110/><T119/><D119/><U81/><E81/><V101/><F115/><W21/><G21/><T66/><D66/><U103/><E103/><V35/><F35/><N who="3" m="13355" /><G27/><T85/><D85/><U4/><E4/><V2/><F113/><W74/><G25/><T1/><D1/><U11/><E11/><V95/><F101/><W61/><G61/><AGARI ba="0,0" hai="49,52,57,61,62" m="29193,51787,4239" machi="61" ten="30,2000,0" yaku="20,1,54,1" doraHai="43" who="1" fromWho="3" sc="242,0,370,20,272,0,116,-20" owari="242,-16.0,390,49.0,272,7.0,96,-40.0" /></mjloggm>