<mjloggm ver="2.3"><GO type="97" lobby="0"/><UN n0="%E3%82%A6%E3%83%AB%E3%83%88%E3%83%A9%E7%AB%8B%E7%9B%B4" n1="%E7%8C%AB%E4%BD%BF%E3%81%84" n2="%E6%B2%A2%E6%9D%91%E6%99%BA%E7%B4%80%EF%BC%88%E9%BE%8D%E9%96%80%E6%B7%B5" n3="%E3%83%B4%E3%82%A1%E3%83%B3%E3%83%97%E5%B0%86%E8%BB%8D" dan="15,14,14,13" rate="2029.93,2001.29,1943.11,1977.22" sx="M,F,M,M"/><TAIKYOKU oya="0"/><INIT seed="0,0,0,1,5,65" ten="250,250,250,250" oya="0" hai0="27,15,62,56,131,105,106,52,47,108,38,60,11" hai1="35,123,45,37,67,112,53,115,130,128,22,102,20" hai2="32,64,87,73,2,63,5,116,95,114,9,71,92" hai3="51,124,4,83,12,14,134,89,126,82,54,74,101"/><T25/><D131/><N who="1" m="50219" /><E35/><V85/><F73/><W43/><G43/><T91/><D108/><U129/><E123/><V120/><F120/><W79/><G101/><T90/><D62/><U80/><E102/><V19/><F116/><W18/><G134/><T10/><D105/><U46/><E67/><V100/><F32/><W109/><G109/><T113/><D106/><U61/><E80/><V57/><F114/><N who="1" m="43561" /><E129/><V97/><F92/><W48/><G4/><T118/><D118/><U6/><E6/><V69/><F19/><W96/><G12/><T24/><D113/><U93/><E93/><V13/><REACH who="2" step="1"/><F2/><REACH who="2" ten="250,250,240,250" step="2"/><W55/><G74/><T7/><D38/><U28/><E37/><V23/><F23/><W26/><G18/><T49/><REACH who="0" step="1"/><D11/><REACH who="0" ten="240,250,240,250" step="2"/><U99/><E61/><V40/><F40/><AGARI ba="0,2" hai="7,10,15,24,25,27,40,47,49,52,56,60,90,91" machi="40" ten="40,12000,1" yaku="1,1,2,1,8,1,54,1,53,1" doraHai="65" doraHaiUra="59" who="0" fromWho="2" sc="240,140,250,0,240,-120,250,0" /><INIT seed="0,1,0,0,2,36" ten="380,250,120,250" oya="0" hai0="39,132,29,128,11,76,63,58,93,48,98,3,71" hai1="68,50,74,26,59,75,103,44,53,22,5,7,38" hai2="81,114,130,119,13,67,6,117,10,52,19,64,70" hai3="35,83,108,56,27,101,30,62,99,135,125,77,46"/><T1/><D39/><U17/><E68/><V113/><F67/><W94/><G135/><T18/><D132/><U116/><E116/><N who="2" m="44619" /><F64/><W118/><G118/><T91/><D128/><U109/><E109/><V82/><F70/><W129/><G129/><T28/><D76/><U73/><E103/><V87/><F130/><W124/><G108/><T33/><D33/><U60/><REACH who="1" step="1"/><E38/><REACH who="1" ten="380,240,120,250" step="2"/><V15/><F52/><AGARI ba="1,1" hai="5,7,17,22,26,44,50,52,53,59,60,73,74,75" machi="52" ten="40,5200,0" yaku="1,1,2,1,54,1,53,0" doraHai="36" doraHaiUra="37" who="1" fromWho="2" sc="380,0,240,65,120,-55,250,0" /><INIT seed="1,0,0,4,2,71" ten="380,305,65,250" oya="1" hai0="126,58,93,5,22,103,107,76,131,10,42,25,6" hai1="63,27,9,18,56,98,133,111,34,67,52,110,23" hai2="46,86,118,38,20,82,32,108,99,17,53,87,50" hai3="15,70,61,72,65,102,62,49,74,39,48,114,4"/><U120/><E120/><V73/><F32/><W8/><G114/><T88/><D126/><U43/><E133/><V105/><F108/><N who="1" m="41513" /><E43/><V64/><F118/><W124/><G124/><T21/><D131/><U121/><E121/><V104/><F73/><W40/><G102/><T60/><D76/><U96/><E34/><V14/><F64/><W55/><G49/><T109/><D109/><U13/><E67/><V85/><F82/><W123/><G123/><T45/><D103/><U95/><E95/><V79/><F79/><W92/><G92/><T101/><D101/><U119/><E119/><V33/><F33/><W54/><G61/><T41/><D107/><U24/><E24/><V130/><F130/><W19/><G4/><T127/><D41/><U113/><E113/><V3/><F3/><W84/><G84/><T115/><D115/><U97/><E97/><V2/><F2/><W26/><G26/><T94/><D94/><U134/><E134/><V31/><F31/><W78/><G78/><T36/><D127/><U122/><E122/><V57/><REACH who="2" step="1"/><F99/><REACH who="2" ten="380,305,55,250" step="2"/><W128/><G128/><T37/><D25/><U81/><E81/><V28/><F28/><W0/><G0/><T91/><D5/><U68/><E68/><V69/><F69/><W112/><G112/><T116/><D6/><AGARI ba="0,1" hai="6,9,13,18,23,27,52,56,63,96,98" m="41513" machi="6" ten="30,5800,0" yaku="14,1,10,1,54,1" doraHai="71" who="1" fromWho="0" sc="380,-58,305,68,55,0,250,0" /><INIT seed="1,1,0,1,4,39" ten="322,373,55,250" oya="1" hai0="133,13,62,134,0,36,18,16,44,22,12,110,47" hai1="68,6,14,113,104,38,74,43,10,61,35,75,97" hai2="131,65,77,86,19,119,91,93,49,40,94,69,76" hai3="29,32,129,73,90,20,46,92,82,124,11,50,31"/><U132/><E113/><V57/><F69/><W85/><G129/><T9/><D110/><U37/><E132/><N who="0" m="50793" /><D0/><U70/><E35/><V66/><F119/><W42/><G124/><T55/><D36/><U3/><E14/><V41/><F131/><W101/><G32/><T72/><D72/><N who="1" m="27691" /><E61/><V67/><F19/><W23/><G11/><T33/><D33/><U58/><E58/><AGARI ba="1,0" hai="9,12,13,16,18,22,44,47,55,58,62" m="50793" machi="58" ten="30,2000,0" yaku="20,1,54,1" doraHai="39" who="0" fromWho="1" sc="322,23,373,-23,55,0,250,0" /><INIT seed="2,0,0,3,2,57" ten="345,350,55,250" oya="2" hai0="14,132,117,25,129,56,10,6,28,27,63,23,69" hai1="85,41,65,89,111,77,108,114,44,36,93,20,58" hai2="110,15,107,100,2,95,42,9,16,134,98,94,45" hai3="75,133,39,54,52,92,80,130,13,131,126,88,112"/><V48/><F110/><N who="1" m="42025" /><E114/><V53/><F134/><W103/><G112/><T82/><D132/><U74/><E74/><V96/><F2/><W40/><G133/><T68/><D129/><N who="3" m="49161" /><G126/><T121/><D121/><U64/><E77/><V33/><F33/><W122/><G122/><T47/><D117/><U60/><E20/><V38/><REACH who="2" step="1"/><F98/><REACH who="2" ten="345,350,45,250" step="2"/><W83/><G75/><T5/><D69/><U61/><E85/><V35/><F35/><W32/><G32/><T43/><D68/><U26/><E26/><V120/><F120/><W30/><G39/><T18/><D27/><U113/><E113/><V90/><F90/><W99/><G88/><T106/><D25/><U46/><E89/><V119/><F119/><W71/><G103/><T91/><D91/><U62/><E93/><V67/><F67/><W0/><G92/><T76/><D106/><U72/><E72/><V70/><F70/><W124/><G99/><T115/><D115/><U49/><E65/><V78/><F78/><W50/><G0/><T128/><D76/><U109/><E109/><V81/><F81/><W102/><G80/><T19/><D82/><U135/><E135/><V34/><F34/><W79/><G83/><T123/><D128/><U101/><E101/><V97/><F97/><W8/><G79/><T31/><D123/><U24/><E24/><V105/><F105/><W12/><G102/><T1/><D1/><U118/><E118/><V73/><F73/><W87/><G71/><T21/><D14/><U17/><E17/><V37/><F37/><W59/><G12/><T3/><D18/><U4/><E4/><RYUUKYOKU ba="0,1" sc="345,-15,350,15,45,15,250,-15" hai1="36,41,44,46,49,58,60,61,62,64" hai2="9,15,16,38,42,45,48,53,94,95,96,100,107" /><INIT seed="2,1,1,1,3,9" ten="330,365,60,235" oya="2" hai0="20,48,123,72,18,61,85,16,38,91,52,56,111" hai1="49,31,62,84,46,45,97,43,116,121,113,135,39" hai2="104,28,19,98,14,119,0,21,53,77,23,3,69" hai3="27,66,114,130,125,26,33,11,73,2,122,134,13"/><V1/><F69/><W129/><G73/><T55/><D38/><U54/><E116/><V82/><F119/><W109/><G66/><T76/><D111/><U117/><E117/><V93/><F104/><W40/><G40/><T108/><D108/><U64/><E113/><V110/><F110/><W36/><G109/><T94/><D123/><U80/><E135/><V126/><F126/><W81/><G36/><T67/><D18/><U70/><E97/><V41/><F41/><W51/><G114/><T107/><D107/><U131/><E131/><N who="3" m="50186" /><G122/><T7/><D7/><U102/><E102/><V58/><F28/><W42/><G125/><T127/><D127/><U83/><E121/><V10/><F82/><W34/><G81/><T8/><D8/><U37/><E31/><V115/><F77/><W47/><G2/><T24/><D72/><U32/><E32/><N who="3" m="12394" /><G134/><T65/><D76/><U59/><E80/><V100/><REACH who="2" step="1"/><F115/><REACH who="2" ten="330,365,50,235" step="2"/><W35/><G35/><T118/><D118/><U78/><E37/><V86/><F86/><W75/><G75/><T22/><D94/><U88/><E78/><V90/><F90/><W15/><G42/><T68/><D91/><U99/><E99/><V12/><F12/><W133/><G133/><T132/><D85/><U96/><E96/><V105/><F105/><W124/><G15/><T101/><D132/><U92/><E83/><V25/><F25/><W29/><G124/><T128/><D24/><U5/><E70/><V63/><AGARI ba="1,2" hai="0,1,3,10,14,19,21,23,53,58,63,93,98,100" machi="63" ten="30,11700,0" yaku="1,1,0,1,52,1,53,1" doraHai="9" doraHaiUra="57" who="2" fromWho="2" sc="330,-40,365,-40,50,140,235,-40" /><INIT seed="2,2,0,5,3,121" ten="290,325,190,195" oya="2" hai0="23,123,82,37,56,117,94,73,132,64,20,118,21" hai1="124,42,86,49,47,87,51,59,78,122,53,66,26" hai2="91,105,5,11,71,54,112,128,12,29,89,103,104" hai3="72,109,81,75,115,67,120,95,38,19,9,99,84"/><V100/><F71/><W97/><G38/><T119/><D37/><U33/><E124/><V135/><F112/><W79/><G115/><T107/><D107/><U36/><E122/><V106/><F29/><W31/><G120/><T13/><D123/><U63/><E78/><V110/><F135/><W126/><G126/><T60/><D132/><U70/><E51/><V83/><F128/><W14/><G31/><AGARI ba="2,0" hai="26,31,33,36,42,47,49,53,59,63,66,70,86,87" machi="31" ten="40,2600,0" yaku="24,2" doraHai="121" who="1" fromWho="3" sc="290,0,325,32,190,0,195,-32" /><INIT seed="3,0,0,0,0,37" ten="290,357,190,163" oya="3" hai0="0,26,33,11,124,51,44,58,120,69,22,104,84" hai1="25,127,87,81,14,7,106,17,74,28,132,50,2" hai2="35,115,31,10,66,108,114,42,97,52,67,39,72" hai3="62,101,1,119,79,64,54,93,100,19,113,96,129"/><W56/><G1/><T99/><D124/><U76/><E106/><V121/><F97/><W46/><G119/><T8/><D120/><U82/><E127/><V95/><F72/><W61/><G113/><T92/><D69/><U68/><E68/><V135/><F114/><W12/><G129/><T3/><D33/><U77/><E132/><V34/><F135/><W49/><G79/><T117/><D117/><U63/><E63/><V65/><F115/><W111/><G111/><T27/><D104/><U131/><E131/><V16/><F108/><W109/><G109/><T73/><D73/><U75/><E2/><V103/><F35/><W78/><G78/><T90/><D27/><U59/><E7/><V5/><F34/><W43/><G62/><T60/><D84/><U94/><E25/><V133/><F133/><W122/><G122/><T86/><D86/><U23/><E28/><V36/><F39/><W126/><G126/><T9/><D3/><U112/><E112/><V21/><F36/><W128/><G128/><T130/><D0/><U13/><E94/><V123/><F121/><W80/><G80/><T15/><D15/><U41/><E87/><V48/><F95/><W30/><G30/><T107/><D107/><U47/><E14/><V116/><F31/><W4/><G4/><T125/><D125/><U89/><E59/><V18/><F5/><W32/><G32/><T98/><D98/><U134/><E134/><V45/><F123/><W29/><G29/><N who="0" m="17623" /><D130/><U118/><E118/><V40/><F116/><W38/><G38/><T71/><D60/><U83/><E89/><RYUUKYOKU ba="0,0" sc="290,-10,357,30,190,-10,163,-10" hai1="13,17,23,41,47,50,74,75,76,77,81,82,83" owari="280,8.0,387,49.0,180,-22.0,153,-35.0" /></mjloggm>