<mjloggm ver="2.3"><GO type="225" lobby="0"/><UN n0="%E8%97%A4%E5%A0%82%E8%A6%81" n1="%6E%65%6B%6F%33%31" n2="%E3%83%86%E3%83%AC%E3%83%93%E3%81%A3%E5%AD%90" n3="%E3%82%A6%E3%83%AB%E3%83%88%E3%83%A9%E7%AB%8B%E7%9B%B4" dan="16,16,16,16" rate="2109.79,2080.08,2098.75,2023.61" sx="F,F,M,M"/><TAIKYOKU oya="0"/><INIT seed="0,0,0,0,4,112" ten="250,250,250,250" oya="0" hai0="120,88,89,132,25,73,99,13,45,16,11,40,15" hai1="123,61,29,103,133,35,19,3,67,51,80,66,124" hai2="125,56,72,81,60,68,55,44,38,0,1,107,10" hai3="106,23,8,122,22,49,57,33,31,9,97,127,117"/><T94/><D120/><U128/><E3/><V96/><F125/><W86/><G49/><T69/><D69/><U30/><E124/><V113/><F113/><W83/><G57/><T26/><D132/><U7/><E133/><V114/><F114/><W118/><G86/><T129/><D73/><U63/><E123/><V48/><F107/><W12/><G83/><T62/><D129/><U17/><E128/><V18/><F96/><W50/><G50/><N who="0" m="26919" /><D62/><U102/><E7/><V34/><F34/><W41/><G41/><T85/><D15/><U42/><E80/><AGARI ba="0,0" hai="11,13,16,25,26,80,85,88,89,94,99" m="26919" machi="80" ten="30,5800,0" yaku="8,1,54,2" doraHai="112" who="0" fromWho="1" sc="250,58,250,-58,250,0,250,0" /><INIT seed="0,1,0,0,0,9" ten="308,192,250,250" oya="0" hai0="45,115,121,2,98,35,109,67,5,58,41,53,113" hai1="99,129,73,0,61,123,117,95,50,30,64,10,122" hai2="60,25,19,14,82,31,97,102,114,54,83,48,37" hai3="92,27,6,89,20,72,106,120,44,34,80,100,38"/><T59/><D35/><U135/><E117/><V16/><F37/><W71/><G34/><T52/><D5/><U103/><E135/><V124/><F60/><W12/><G71/><T105/><D98/><U7/><E73/><V94/><F19/><W69/><G69/><T133/><D105/><U79/><E129/><V85/><F114/><W18/><G120/><T40/><D2/><U74/><E30/><V46/><F124/><W68/><G68/><T3/><D3/><U42/><E74/><V90/><F25/><W81/><G72/><T8/><D8/><U57/><REACH who="1" step="1"/><E79/><REACH who="1" ten="308,182,250,250" step="2"/><V29/><REACH who="2" step="1"/><F83/><REACH who="2" ten="308,182,240,250" step="2"/><W36/><G81/><T119/><D133/><U96/><E96/><V116/><F116/><W55/><G80/><T125/><D119/><U118/><E118/><V39/><F39/><W56/><G38/><T128/><D115/><U32/><E32/><V126/><F126/><W127/><G127/><T21/><D125/><U4/><E4/><V84/><F84/><W70/><G36/><T13/><D113/><U104/><E104/><V107/><F107/><W49/><G106/><T112/><D112/><U134/><E134/><V77/><F77/><W76/><G76/><T11/><D128/><U23/><E23/><AGARI ba="1,2" hai="14,16,23,29,31,46,48,54,82,85,90,94,97,102" machi="23" ten="30,8000,1" yaku="1,1,7,1,8,1,52,1,54,1,53,0" doraHai="9" doraHaiUra="62" who="2" fromWho="1" sc="308,0,182,-83,240,103,250,0" /><INIT seed="1,0,0,4,5,55" ten="308,99,343,250" oya="1" hai0="16,29,110,103,49,99,93,34,130,56,68,70,129" hai1="105,111,63,101,131,76,20,75,89,32,133,31,94" hai2="92,1,73,10,108,128,60,23,81,4,122,86,135" hai3="39,100,66,132,88,6,106,109,13,48,97,53,79"/><U8/><E131/><N who="0" m="50185" /><D110/><U42/><E133/><V45/><F122/><W30/><G39/><T123/><D123/><U126/><E111/><V67/><F135/><W127/><G79/><T18/><D29/><U115/><E115/><V117/><F117/><W52/><G66/><T69/><D34/><U95/><E105/><V114/><F114/><W37/><G37/><T87/><D87/><U11/><E32/><V113/><F113/><W47/><G127/><T22/><D22/><U65/><E126/><V36/><F23/><W38/><G38/><T46/><D46/><U25/><E42/><V120/><F120/><W104/><G30/><T116/><D116/><U51/><E51/><V41/><F128/><W61/><G132/><T24/><D24/><U78/><E101/><V77/><F108/><W7/><G109/><T72/><D72/><U62/><E95/><V112/><F112/><W80/><G104/><T9/><D9/><N who="1" m="3659" /><E75/><V90/><F60/><N who="1" m="23081" /><E65/><AGARI ba="0,0" hai="1,4,10,36,41,45,65,67,73,77,81,86,90,92" machi="65" ten="40,2600,0" yaku="25,2" doraHai="55" who="2" fromWho="1" sc="308,0,99,-26,343,26,250,0" /><INIT seed="2,0,0,4,2,35" ten="308,73,369,250" oya="2" hai0="122,91,99,59,46,63,130,114,129,42,56,125,12" hai1="11,107,94,57,40,131,10,48,68,89,128,44,85" hai2="20,67,64,134,93,26,109,43,3,116,100,92,117" hai3="50,112,81,32,135,62,95,106,82,121,78,127,73"/><V96/><F134/><W5/><G32/><T79/><D122/><U1/><E107/><V120/><F120/><W77/><G121/><T53/><D114/><U28/><E68/><V105/><F109/><W15/><G106/><T17/><D79/><U21/><E57/><V87/><F3/><W71/><G127/><T36/><D125/><U31/><E10/><V30/><F105/><W108/><G108/><T111/><D111/><U132/><E132/><V19/><F43/><W27/><G27/><T55/><D91/><U102/><E102/><V24/><F117/><W22/><G135/><T8/><REACH who="0" step="1"/><D99/><REACH who="0" ten="298,73,369,250" step="2"/><U83/><E83/><V133/><F116/><W2/><G112/><T25/><D25/><U38/><E38/><V0/><F133/><W16/><G81/><T101/><D101/><U65/><E65/><V18/><F64/><W37/><G78/><T86/><D86/><U61/><E61/><AGARI ba="0,1" hai="8,12,17,36,42,46,53,55,56,59,61,63,129,130" machi="61" ten="40,5200,0" yaku="1,1,9,1,53,1" doraHai="35" doraHaiUra="69" who="0" fromWho="1" sc="298,62,73,-52,369,0,250,0" /><INIT seed="3,0,0,5,3,135" ten="360,21,369,250" oya="3" hai0="105,87,83,92,52,25,70,28,109,64,89,123,110" hai1="31,20,59,42,5,7,27,81,63,48,1,32,72" hai2="121,133,106,82,76,36,50,113,41,114,129,119,127" hai3="68,124,49,134,74,75,93,54,16,90,84,3,2"/><W128/><G68/><T58/><D123/><U19/><E81/><V4/><F121/><W99/><G134/><T67/><D105/><U38/><E72/><V112/><F133/><W80/><G128/><T55/><D55/><U125/><E48/><V45/><F129/><W13/><G124/><T98/><D70/><U96/><E96/><V94/><F106/><W97/><G75/><T21/><D110/><U10/><E42/><V77/><F127/><W88/><G74/><T117/><D117/><U85/><E85/><V29/><F119/><W86/><G3/><T91/><D109/><U103/><E103/><V115/><F115/><W116/><G2/><T34/><D34/><U23/><E38/><V47/><F4/><N who="1" m="1609" /><E59/><V132/><F132/><W12/><G12/><T60/><AGARI ba="0,0" hai="21,25,28,52,58,60,64,67,83,87,89,91,92,98" machi="60" ten="20,5200,0" yaku="0,1,7,1,8,1,54,1" doraHai="135" who="0" fromWho="0" sc="360,52,21,-13,369,-13,250,-26" owari="412,51.0,8,-49.0,356,16.0,224,-18.0" /></mjloggm>