<mjloggm ver="2.3"><GO type="169" lobby="0"/><UN n0="%6B%6B%30%39%32%31" n1="%E3%81%84%E3%81%AE%E3%81%91%E3%82%93" n2="%E3%83%A1%E3%83%B3%E3%83%98%E3%83%AB%E4%BE%8D" n3="%E3%82%A6%E3%83%AB%E3%83%88%E3%83%A9%E7%AB%8B%E7%9B%B4" dan="16,16,16,16" rate="2081.76,2112.94,2110.28,2017.17" sx="M,F,F,M"/><TAIKYOKU oya="0"/><INIT seed="0,0,0,2,2,42" ten="250,250,250,250" oya="0" hai0="19,37,61,101,117,71,127,80,54,33,32,38,53" hai1="63,114,76,90,23,112,81,1,88,99,119,20,73" hai2="131,49,50,85,121,66,0,5,135,93,110,133,4" hai3="8,40,102,36,72,48,74,43,87,26,122,13,111"/><T82/><D117/><U52/><E119/><V103/><F121/><W24/><G122/><T130/><D101/><U75/><E1/><V21/><F131/><W96/><G111/><T47/><D19/><U31/><E75/><V15/><F110/><W22/><G74/><T106/><D106/><U6/><E6/><V41/><F0/><W83/><G72/><T11/><D11/><U39/><E39/><V14/><F66/><W56/><G36/><T77/><D130/><U126/><E126/><V35/><F35/><W84/><G84/><T70/><D61/><U97/><E97/><V120/><F120/><W18/><G26/><T67/><D67/><U27/><E20/><V57/><F21/><W113/><G113/><N who="1" m="43626" /><E99/><N who="2" m="59887" /><F85/><W128/><G128/><T44/><REACH who="0" step="1"/><D77/><REACH who="0" ten="240,250,250,250" step="2"/><U25/><E25/><V45/><F15/><W134/><G13/><T79/><D79/><U46/><E63/><V9/><F5/><W17/><G8/><T124/><AGARI ba="0,1" hai="32,33,37,38,44,47,53,54,70,71,80,82,124,127" machi="124" ten="25,24000,3" yaku="1,1,0,1,22,2,52,2,53,2" doraHai="42" doraHaiUra="78" who="0" fromWho="0" sc="240,250,250,-80,250,-80,250,-80" /><INIT seed="0,1,0,0,0,98" ten="490,170,170,170" oya="0" hai0="42,44,110,95,133,88,97,96,107,56,7,4,16" hai1="90,33,78,49,102,28,126,11,38,39,19,117,87" hai2="50,43,15,106,108,125,62,116,8,101,55,68,83" hai3="52,115,53,89,46,100,73,99,37,124,122,127,134"/><T9/><D133/><U2/><E126/><N who="3" m="48170" /><G73/><T31/><D31/><U120/><E120/><V32/><F125/><W21/><G115/><T27/><D56/><U6/><E117/><V103/><F106/><N who="3" m="63775" /><G134/><T14/><D110/><U85/><E19/><V131/><F32/><W41/><G122/><T94/><D107/><U74/><E49/><V130/><F108/><W35/><G35/><T58/><D58/><U128/><E128/><N who="2" m="49195" /><F43/><W63/><G63/><T77/><D77/><U80/><E87/><V75/><F116/><W118/><G118/><T23/><D4/><U64/><E64/><N who="2" m="40983" /><F83/><W24/><G89/><N who="0" m="55375" /><D42/><U119/><E90/><V135/><F75/><W57/><G57/><T54/><D44/><U70/><E119/><V72/><F72/><W36/><G36/><T1/><D1/><U12/><E2/><V48/><F135/><W60/><G60/><T40/><D40/><U29/><E74/><V104/><F104/><W109/><G109/><T113/><D113/><U92/><E70/><V76/><F76/><W34/><G34/><T86/><D54/><U114/><E114/><V3/><F3/><W30/><AGARI ba="1,0" hai="21,24,30,37,41,46,52,53" m="63775,48170" machi="30" ten="30,4000,0" yaku="18,1,52,1,54,1" doraHai="98" who="3" fromWho="3" sc="490,-21,170,-11,170,-11,170,43" /><INIT seed="1,0,0,3,1,115" ten="469,159,159,213" oya="1" hai0="67,122,64,49,55,51,117,93,40,6,43,19,45" hai1="86,2,48,103,111,120,135,29,75,76,77,30,70" hai2="92,91,38,133,8,110,68,25,22,21,14,63,60" hai3="53,15,79,100,24,23,129,52,132,41,74,61,17"/><U66/><E120/><V109/><F133/><W114/><G114/><T80/><D6/><U71/><E135/><V105/><F105/><W81/><G132/><T11/><D80/><U123/><E123/><V44/><F38/><W85/><G129/><T3/><D3/><U101/><E2/><V112/><F112/><W104/><G41/><T18/><D122/><U13/><E75/><V72/><F72/><W107/><G107/><T59/><D93/><U27/><E111/><N who="2" m="42507" /><F44/><W126/><G126/><T89/><D89/><U73/><E73/><V83/><F83/><W106/><G106/><T42/><D11/><U1/><E1/><V69/><F22/><W37/><G37/><T97/><D97/><U96/><E96/><N who="2" m="57375" /><F21/><W0/><G0/><T113/><D113/><U130/><E130/><V125/><F25/><W7/><G74/><T16/><D64/><U99/><E66/><V5/><F125/><W28/><G104/><T127/><D127/><U36/><E99/><V119/><F119/><W56/><G100/><T124/><D124/><U95/><E103/><V116/><F116/><W62/><G7/><T87/><D117/><U131/><E101/><V35/><F35/><W9/><REACH who="3" step="1"/><G53/><REACH who="3" ten="469,159,159,203" step="2"/><T50/><D55/><U65/><E131/><V39/><F39/><W134/><G134/><T46/><D87/><U20/><E86/><V78/><F78/><W26/><G26/><T57/><REACH who="0" step="1"/><D67/><REACH who="0" ten="459,159,159,203" step="2"/><U118/><E65/><V10/><F10/><W128/><G128/><T47/><AGARI ba="0,2" hai="16,18,19,40,42,43,45,46,47,49,50,51,57,59" machi="47" ten="40,32000,5" yakuman="40" doraHai="115" doraHaiUra="58" who="0" fromWho="0" sc="459,340,159,-160,159,-80,203,-80" owari="799,90.0,-1,-50.0,79,-32.0,123,-8.0" /></mjloggm>