<mjloggm ver="2.3"><GO type="97" lobby="0"/><UN n0="%E3%81%9F%E3%81%BE%E3%81%94%E3%81%88%E3%82%93%E3%81%B4%E3%81%A4" n1="%44%72%61%77%64%6F%77%6E" n2="%E3%82%A6%E3%83%AB%E3%83%88%E3%83%A9%E7%AB%8B%E7%9B%B4" n3="%E4%BD%8E%E9%A1%8D%E7%B4%8D%E7%A8%8E%E8%80%85" dan="13,14,15,13" rate="1847.04,1922.91,1982.31,1836.59" sx="M,M,M,M"/><TAIKYOKU oya="0"/><INIT seed="0,0,0,1,3,35" ten="250,250,250,250" oya="0" hai0="77,19,23,80,99,73,8,51,41,118,11,88,66" hai1="112,110,71,38,24,134,91,29,25,113,4,59,126" hai2="1,104,96,12,57,15,90,40,18,128,2,123,26" hai3="135,13,60,0,131,89,7,105,83,22,120,97,5"/><T70/><D118/><U95/><E71/><V65/><F123/><W79/><G120/><T43/><D70/><U98/><E110/><V52/><F65/><W16/><G135/><T48/><D66/><U27/><E126/><V53/><F40/><N who="0" m="15434" /><D73/><U122/><E122/><V28/><F128/><W81/><G131/><T21/><D21/><U74/><E38/><V67/><F67/><W33/><G33/><T125/><D77/><U58/><E134/><V127/><F127/><W129/><G129/><T61/><D61/><U133/><E133/><V47/><F47/><W78/><G105/><T56/><D125/><U114/><E74/><V62/><F53/><W44/><G60/><T37/><D37/><U85/><E4/><N who="3" m="1610" /><G44/><T30/><D30/><U72/><E72/><V111/><F111/><W121/><G121/><T106/><D106/><U115/><N who="1" m="28672" /><DORA hai="54" /><U102/><REACH who="1" step="1"/><E29/><REACH who="1" ten="250,240,250,250" step="2"/><V101/><F28/><W103/><G0/><T6/><D51/><U117/><E117/><V17/><F1/><W119/><G119/><T100/><D48/><U116/><E116/><V108/><F2/><W14/><G79/><T76/><D6/><U107/><AGARI ba="0,1" hai="24,25,27,58,59,85,91,95,98,102,107" m="28672" machi="107" ten="60,12000,2" yaku="1,1,0,1,11,1,52,2,53,1" doraHai="35,54" doraHaiUra="69,92" who="1" fromWho="1" sc="250,-60,240,130,250,-30,250,-30" /><INIT seed="1,0,0,1,2,105" ten="190,370,220,220" oya="1" hai0="53,70,35,125,4,21,73,124,19,11,24,111,56" hai1="122,45,64,32,1,84,121,100,69,107,129,16,80" hai2="65,92,41,55,43,112,68,86,50,61,85,38,9" hai3="110,82,5,26,46,60,75,22,133,15,118,127,93"/><U132/><E1/><V58/><F112/><W106/><G106/><T120/><D73/><U72/><E32/><V23/><F23/><W67/><G118/><T126/><D120/><U29/><E29/><V119/><F119/><W130/><G130/><T102/><D70/><U131/><E132/><V98/><F9/><W40/><G133/><T103/><D111/><U48/><E64/><V6/><F6/><W7/><G110/><T79/><D79/><U123/><E69/><V63/><F63/><W95/><G127/><N who="0" m="32515" /><T2/><DORA hai="14" /><D35/><U13/><E100/><V33/><F33/><W117/><G117/><T57/><D57/><U114/><E107/><V25/><F25/><W94/><G15/><T20/><D20/><N who="1" m="11279" /><E114/><V87/><REACH who="2" step="1"/><F38/><REACH who="2" ten="190,370,210,220" step="2"/><W71/><G26/><T27/><D27/><U10/><E10/><V49/><F49/><AGARI ba="0,1" hai="2,4,11,19,21,24,49,53,56,102,103" m="32515" machi="49" ten="40,2600,0" yaku="18,1,52,1" doraHai="105,14" who="0" fromWho="2" sc="190,36,370,0,210,-26,220,0" /><INIT seed="2,0,0,0,3,75" ten="226,370,184,220" oya="2" hai0="129,42,83,123,15,41,101,2,111,119,20,105,5" hai1="13,53,95,117,135,37,108,93,11,132,6,76,92" hai2="115,59,82,36,34,60,62,49,31,70,102,77,80" hai3="122,9,66,17,24,88,68,54,86,71,14,134,25"/><V73/><F36/><W104/><G104/><T1/><D123/><U110/><E117/><V56/><F115/><W32/><G122/><T12/><D119/><U124/><E37/><V98/><F82/><W35/><G134/><N who="1" m="51242" /><E124/><V114/><F114/><W107/><G107/><T57/><D129/><U91/><E76/><V90/><F90/><W125/><G125/><T96/><D111/><N who="1" m="42539" /><E53/><V0/><F0/><W63/><G68/><T113/><D113/><U47/><E47/><V38/><F38/><W61/><G35/><T50/><D1/><U116/><E116/><V100/><F49/><W67/><G32/><T8/><D20/><U29/><E29/><V89/><F89/><AGARI ba="0,0" hai="6,11,13,89,91,92,93,95" m="42539,51242" machi="89" ten="40,2600,0" yaku="20,1,14,1" doraHai="75" who="1" fromWho="2" sc="226,0,370,26,184,-26,220,0" /><INIT seed="3,0,0,0,3,96" ten="226,396,158,220" oya="3" hai0="4,84,18,76,128,8,119,123,54,117,15,105,30" hai1="61,91,132,12,72,26,28,10,115,33,81,75,19" hai2="7,83,65,20,121,68,49,47,85,40,6,58,120" hai3="44,89,71,134,22,39,97,101,77,13,11,1,0"/><W73/><G89/><T126/><D123/><U63/><E115/><V100/><F68/><W114/><G114/><T35/><D105/><U2/><E132/><V48/><F121/><W102/><G71/><T82/><D128/><U131/><E131/><V110/><F120/><W94/><G134/><T41/><D126/><U34/><E34/><V42/><F110/><W113/><G113/><T38/><D38/><U67/><E63/><V55/><F20/><W25/><G77/><T24/><D41/><U53/><E53/><V57/><F57/><W106/><G73/><T27/><D54/><U64/><E64/><V93/><F65/><W46/><G106/><T135/><D135/><U31/><E31/><V112/><F112/><W118/><G118/><T90/><D76/><U95/><E81/><V66/><F42/><W87/><G87/><T130/><D130/><U78/><E78/><V9/><F66/><W116/><G116/><T37/><D37/><U16/><E19/><V88/><F9/><W56/><G102/><T108/><D108/><U107/><E107/><V99/><AGARI ba="0,0" hai="6,7,40,47,48,49,55,58,83,85,88,93,99,100" machi="99" ten="30,7900,0" yaku="0,1,8,1,52,1,54,1" doraHai="96" who="2" fromWho="2" sc="226,-20,396,-20,158,79,220,-39" owari="206,-19.0,376,47.0,237,4.0,181,-32.0" /></mjloggm>