<mjloggm ver="2.3"><GO type="97" lobby="0"/><UN n0="%E6%96%B0%E8%A6%8F" n1="%E3%82%A6%E3%83%AB%E3%83%88%E3%83%A9%E7%AB%8B%E7%9B%B4" n2="%57%54%50" n3="%65%75%72%6F%73%74%61%72" dan="14,15,13,14" rate="1963.05,2038.45,1873.82,1957.20" sx="M,M,M,M"/><TAIKYOKU oya="0"/><INIT seed="0,0,0,2,2,73" ten="250,250,250,250" oya="0" hai0="71,80,54,126,85,33,114,103,17,95,115,131,127" hai1="69,86,30,110,12,118,98,60,1,100,92,128,15" hai2="134,124,36,47,52,117,77,119,26,2,10,96,66" hai3="120,38,18,24,82,44,87,116,43,46,101,5,3"/><T135/><D71/><U40/><E1/><V68/><F124/><N who="0" m="47658" /><D33/><U27/><E118/><V57/><F134/><W67/><G116/><T107/><D54/><U89/><E110/><V11/><F119/><W130/><G120/><T49/><D49/><U76/><E40/><V111/><F117/><W70/><G70/><T78/><D17/><U94/><E128/><V129/><F129/><W122/><G130/><T121/><D131/><U23/><E69/><V108/><F66/><W106/><G122/><T48/><D48/><U8/><E8/><V37/><F68/><W28/><G46/><T113/><D121/><U50/><E50/><V41/><F36/><W63/><G18/><T58/><D58/><U83/><REACH who="1" step="1"/><E60/><REACH who="1" ten="250,240,250,250" step="2"/><V74/><F2/><W133/><G3/><T22/><D22/><U53/><E53/><V97/><F11/><W72/><G63/><T20/><D20/><U0/><E0/><V84/><F10/><W65/><G43/><T102/><D107/><U4/><E4/><V99/><F37/><W21/><G5/><T42/><D42/><U51/><E51/><V88/><F41/><W75/><G38/><T32/><D32/><U19/><E19/><V79/><F47/><W35/><G44/><T31/><D31/><U34/><E34/><V39/><F39/><W59/><G35/><T45/><D45/><U125/><E125/><V104/><F104/><W132/><G65/><T105/><D135/><N who="3" m="51785" /><G67/><T29/><D29/><U61/><E61/><V14/><F108/><W112/><G59/><T56/><D105/><U62/><E62/><V13/><F111/><RYUUKYOKU ba="0,1" sc="250,-10,240,30,250,-10,250,-10" hai1="12,15,23,27,30,76,83,86,89,92,94,98,100" /><INIT seed="1,1,1,2,3,64" ten="240,270,240,240" oya="1" hai0="77,90,101,14,62,98,38,42,53,18,124,73,32" hai1="0,72,1,40,128,26,6,70,130,46,106,93,55" hai2="110,115,12,94,131,80,92,78,109,76,108,52,96" hai3="133,100,112,111,119,68,44,27,23,65,126,132,39"/><U89/><E106/><V82/><F12/><W97/><G111/><T95/><D32/><U91/><E72/><V102/><F52/><W116/><G126/><T79/><D124/><U47/><E26/><V35/><F35/><W67/><G112/><T4/><D4/><U25/><E25/><V54/><F54/><W122/><G122/><T69/><D73/><U37/><E6/><V49/><F49/><W120/><G120/><T21/><D42/><U63/><E1/><V19/><F19/><W123/><G123/><T5/><D38/><U118/><E0/><V20/><F20/><W33/><G44/><T16/><D5/><U60/><E118/><N who="3" m="45098" /><G39/><T15/><D101/><U127/><E127/><V41/><F41/><W9/><G9/><N who="0" m="6223" /><D69/><U71/><E55/><V57/><F57/><AGARI ba="1,1" hai="15,18,21,53,57,62,77,79,90,95,98" m="6223" machi="57" ten="30,2000,0" yaku="8,1,54,1" doraHai="64" who="0" fromWho="2" sc="240,33,270,0,240,-23,240,0" /><INIT seed="2,0,0,1,0,121" ten="273,270,217,240" oya="2" hai0="25,68,65,37,78,12,113,41,39,46,43,135,99" hai1="93,57,38,56,103,84,53,28,44,45,60,30,66" hai2="112,0,122,132,134,91,102,11,47,77,14,92,115" hai3="33,5,111,125,104,61,95,86,82,81,32,52,101"/><V73/><F0/><W21/><G104/><T17/><D113/><N who="2" m="43594" /><F47/><N who="1" m="17993" /><E38/><V24/><F24/><W34/><G125/><T10/><D135/><N who="2" m="51754" /><F122/><W64/><G5/><T89/><D78/><U117/><E117/><V116/><F116/><W100/><G81/><T42/><D25/><U70/><E70/><V109/><F14/><W96/><G101/><T118/><D118/><U128/><E128/><V54/><F54/><W3/><G3/><T63/><REACH who="0" step="1"/><D46/><REACH who="0" ten="263,270,217,240" step="2"/><U97/><E84/><N who="2" m="52327" /><F11/><W51/><G86/><T76/><D76/><U80/><E30/><V114/><F114/><W13/><G32/><T90/><D90/><U124/><E28/><V22/><F22/><W20/><G21/><T72/><D72/><U120/><E120/><V88/><F77/><W94/><G20/><T98/><D98/><U19/><E97/><V27/><F73/><W1/><G33/><T83/><D83/><U4/><E80/><V7/><F27/><W58/><G34/><T79/><D79/><U129/><E124/><V126/><F126/><W107/><G96/><T133/><D133/><U9/><E129/><V15/><F102/><W62/><G100/><T23/><D23/><U55/><E103/><V67/><F88/><W8/><G82/><T123/><D123/><U85/><E85/><V40/><F7/><W130/><G8/><T71/><D71/><U29/><E4/><V50/><F15/><W75/><G13/><T127/><D127/><U26/><E93/><AGARI ba="0,1" hai="10,12,17,37,39,41,42,43,63,65,68,89,93,99" machi="93" ten="40,1300,0" yaku="1,1,53,0" doraHai="121" doraHaiUra="106" who="0" fromWho="1" sc="263,23,270,-13,217,0,240,0" /><INIT seed="3,0,0,2,2,77" ten="286,257,217,240" oya="3" hai0="20,88,23,49,84,58,74,43,135,53,125,16,25" hai1="11,99,27,87,119,108,103,52,107,54,37,134,72" hai2="62,73,101,38,51,59,96,64,126,22,83,56,71" hai3="61,133,122,10,75,123,104,90,111,31,106,1,15"/><W113/><G113/><T67/><D74/><U92/><E37/><V4/><F38/><W68/><G1/><T124/><D135/><U120/><E72/><V78/><F126/><N who="0" m="48746" /><D67/><U36/><E36/><V89/><F89/><W14/><G75/><T98/><D43/><U13/><E120/><V21/><F4/><W121/><G133/><T18/><D98/><U100/><E108/><V130/><F130/><W35/><G111/><T6/><D6/><U85/><E119/><V81/><F81/><W110/><G110/><T8/><D8/><U17/><E134/><V48/><F71/><W32/><G122/><T117/><D117/><U5/><E103/><V116/><F116/><W46/><G121/><T28/><D23/><N who="1" m="13807" /><E107/><V47/><F59/><W109/><G104/><T29/><D29/><U39/><E39/><V105/><REACH who="2" step="1"/><F51/><REACH who="2" ten="286,257,207,240" step="2"/><W50/><G109/><T63/><D63/><U102/><E100/><V40/><AGARI ba="0,1" hai="21,22,40,47,48,56,62,64,73,78,83,96,101,105" machi="40" ten="20,8000,1" yaku="1,1,2,1,0,1,7,1,52,1,53,0" doraHai="77" doraHaiUra="127" who="2" fromWho="2" sc="286,-20,257,-20,207,90,240,-40" /><INIT seed="4,0,0,3,4,58" ten="266,237,297,200" oya="0" hai0="50,117,132,46,48,108,105,3,22,5,100,54,89" hai1="62,125,30,11,16,13,45,97,131,42,37,121,14" hai2="109,63,21,118,6,23,110,39,112,17,81,92,83" hai3="41,130,79,68,114,0,119,115,35,55,47,15,59"/><T96/><D117/><U29/><E121/><V64/><F39/><W82/><G0/><T111/><D132/><U66/><E125/><V1/><F118/><W135/><G119/><T60/><D89/><U78/><E131/><V90/><F112/><N who="3" m="43051" /><G130/><T129/><D129/><U113/><E113/><V76/><F6/><W124/><G124/><T70/><D22/><U61/><E78/><V40/><F1/><W8/><G68/><T69/><D48/><U128/><E128/><V51/><F51/><N who="3" m="31231" /><G35/><T73/><D73/><U31/><E66/><V77/><F40/><W123/><G135/><T33/><D33/><U99/><REACH who="1" step="1"/><E14/><REACH who="1" ten="266,227,297,200" step="2"/><V85/><F77/><W27/><G123/><T38/><D38/><U71/><E71/><V101/><F76/><W18/><G27/><T28/><D28/><U86/><E86/><V126/><F126/><W10/><G79/><T24/><D24/><U36/><E36/><V34/><F85/><W107/><G82/><T91/><D3/><U72/><E72/><V133/><F64/><W122/><G122/><T95/><D70/><U80/><E80/><V93/><F83/><W94/><G107/><T98/><REACH who="0" step="1"/><D5/><REACH who="0" ten="256,227,297,200" step="2"/><U12/><E12/><V9/><F9/><W57/><G8/><T7/><D7/><U103/><E103/><V67/><F101/><W2/><G2/><T49/><D49/><U52/><E52/><V43/><F81/><W74/><G74/><T26/><D26/><U4/><E4/><V19/><F133/><W106/><G10/><T53/><D53/><U134/><E134/><V44/><F67/><AGARI ba="0,2" hai="46,50,54,60,67,69,91,95,96,98,100,105,108,111" machi="67" ten="40,7700,0" yaku="1,1,52,1,53,1" doraHai="58" doraHaiUra="102" who="0" fromWho="2" sc="256,97,227,0,297,-77,200,0" owari="353,45.0,227,3.0,220,-18.0,200,-30.0" /></mjloggm>