<mjloggm ver="2.3"><GO type="97" lobby="0"/><UN n0="%E3%82%A4%E3%82%A2%E3%83%B3%EF%BC%A0%E4%B8%80%E6%93%B2" n1="%4D%69%6C%6C%52%65%65%66" n2="%E7%AB%B9%E9%87%8E%E9%83%8E%E2%98%86" n3="%E3%82%A6%E3%83%AB%E3%83%88%E3%83%A9%E7%AB%8B%E7%9B%B4" dan="14,13,15,15" rate="1946.86,1838.07,2003.19,1993.48" sx="M,M,M,M"/><TAIKYOKU oya="0"/><INIT seed="0,0,0,0,2,43" ten="250,250,250,250" oya="0" hai0="56,9,80,92,7,2,131,67,17,90,52,86,88" hai1="102,64,100,73,68,70,108,33,87,114,116,103,79" hai2="53,28,10,117,27,78,15,23,57,50,97,99,24" hai3="125,22,96,127,38,47,18,45,16,71,122,51,30"/><T106/><D106/><U14/><E116/><V40/><F117/><W8/><G71/><T75/><D131/><U5/><E33/><V6/><F78/><W58/><G122/><T37/><D67/><U76/><E73/><V128/><F128/><W118/><G118/><T105/><D105/><U46/><E46/><N who="3" m="17418" /><G38/><T93/><D37/><U63/><E70/><V121/><F121/><W89/><G8/><T69/><D69/><U74/><E74/><V42/><REACH who="2" step="1"/><F27/><REACH who="2" ten="250,250,240,250" step="2"/><N who="3" m="16759" /><G125/><T12/><D75/><U4/><E79/><V83/><F83/><W41/><G127/><T126/><D126/><U95/><E76/><V21/><F21/><W29/><G29/><T49/><D90/><U113/><E108/><V66/><F66/><W94/><G41/><AGARI ba="0,1" hai="6,10,15,23,24,28,40,41,42,50,53,57,97,99" machi="41" ten="40,2600,0" yaku="1,1,8,1,53,0" doraHai="43" doraHaiUra="98" who="2" fromWho="3" sc="250,0,250,0,240,36,250,-26" /><INIT seed="1,0,0,3,1,106" ten="250,250,276,224" oya="1" hai0="29,12,56,85,97,99,40,34,84,59,28,67,71" hai1="44,101,100,43,15,37,14,104,88,72,134,93,96" hai2="76,86,116,65,30,7,60,52,11,13,70,107,50" hai3="121,38,124,49,123,131,126,42,128,91,66,77,120"/><U102/><E134/><V114/><F116/><W127/><G91/><T18/><D71/><U8/><E72/><V26/><F114/><W130/><G77/><T39/><D39/><U1/><E1/><V57/><F107/><W113/><G66/><T129/><D129/><U105/><E15/><V87/><REACH who="2" step="1"/><F76/><REACH who="2" ten="250,250,266,224" step="2"/><W89/><G113/><T24/><D40/><U117/><REACH who="1" step="1"/><E117/><REACH who="1" ten="250,240,266,224" step="2"/><V111/><F111/><W4/><G42/><T133/><D133/><U0/><E0/><V115/><F115/><W17/><G121/><T48/><D12/><U80/><E80/><V95/><F95/><W69/><G123/><T83/><D83/><U73/><E73/><V118/><F118/><W94/><G120/><T108/><D108/><U92/><E92/><V47/><F47/><W25/><G94/><T35/><D24/><U6/><AGARI ba="0,2" hai="6,8,14,37,43,44,88,93,96,100,101,102,104,105" machi="6" ten="30,6000,0" yaku="1,1,0,1,54,1,53,0" doraHai="106" doraHaiUra="51" who="1" fromWho="1" sc="250,-20,240,80,266,-20,224,-20" /><INIT seed="1,1,0,1,3,62" ten="230,320,246,204" oya="1" hai0="119,95,15,87,37,42,80,129,2,3,73,83,98" hai1="25,8,126,64,68,6,24,5,69,58,48,44,92" hai2="36,63,26,28,118,109,49,30,102,56,133,0,123" hai3="79,89,53,127,1,107,51,76,55,104,32,81,34"/><U113/><E113/><V59/><F123/><W122/><G81/><T116/><D37/><U135/><E69/><V111/><F36/><W88/><G51/><T21/><D42/><U114/><E114/><V82/><F118/><W20/><G20/><T131/><D21/><U7/><E68/><V85/><F133/><W110/><G1/><T16/><D15/><N who="1" m="5519" /><E135/><V4/><F102/><W54/><G54/><T108/><D73/><U97/><E126/><V35/><F30/><W11/><G11/><T103/><D3/><U52/><E6/><V38/><F38/><W14/><G14/><T125/><D2/><U41/><E7/><V99/><F99/><W46/><G46/><T33/><D33/><U19/><E19/><V128/><F128/><N who="0" m="49226" /><D16/><U132/><E132/><V124/><F124/><W96/><G96/><T75/><D125/><U93/><E93/><V120/><F120/><W121/><REACH who="3" step="1"/><G127/><REACH who="3" ten="230,320,246,194" step="2"/><T39/><D39/><U86/><E86/><V66/><F0/><W105/><G105/><T134/><D134/><U106/><E106/><V47/><F47/><W40/><G40/><T91/><D108/><AGARI ba="1,1" hai="32,34,53,55,76,79,88,89,104,107,108,110,121,122" machi="108" ten="25,6400,0" yaku="1,1,22,2,54,1,53,0" doraHai="62" doraHaiUra="112" who="3" fromWho="0" sc="230,-67,320,0,246,0,194,77" /><INIT seed="2,0,0,4,2,76" ten="163,320,246,271" oya="2" hai0="108,122,21,68,53,8,46,110,85,72,115,87,132" hai1="23,127,91,120,64,58,111,15,112,88,42,56,84" hai2="57,100,39,75,71,128,7,2,45,55,34,86,20" hai3="16,28,133,107,33,96,78,97,126,70,25,14,29"/><V9/><F128/><W77/><G126/><T113/><D68/><U35/><E112/><V27/><F34/><W129/><G29/><T119/><D8/><U40/><E35/><V59/><F71/><W51/><G129/><T74/><D21/><U118/><E118/><V109/><F109/><N who="0" m="42090" /><D46/><U22/><E111/><V60/><F100/><W94/><G70/><T49/><D49/><U73/><E73/><N who="0" m="28265" /><D53/><U26/><E15/><V18/><F75/><W98/><G51/><T4/><D4/><U117/><E117/><V67/><F39/><W52/><G52/><T41/><D41/><N who="1" m="15979" /><E127/><V79/><F45/><W61/><G14/><T32/><D32/><U103/><E103/><V130/><F130/><W19/><G25/><T65/><D65/><U36/><E36/><V135/><F67/><W66/><G66/><T121/><D132/><U99/><E99/><V102/><F135/><W48/><G133/><T89/><D119/><U12/><E12/><V17/><F59/><N who="1" m="22569" /><E64/><V63/><F17/><W47/><G16/><T13/><D13/><U83/><E120/><N who="0" m="46185" /><D89/><N who="1" m="51359" /><E23/><V123/><F2/><W106/><G33/><T50/><D50/><U5/><E5/><V134/><F134/><W114/><G48/><T116/><D116/><U62/><E62/><V44/><F63/><W43/><G61/><T11/><D11/><U37/><E37/><V80/><F123/><W95/><G47/><T131/><D131/><U124/><E124/><V82/><F44/><W54/><G43/><T125/><D125/><U101/><E101/><V92/><F7/><W90/><G54/><T38/><D38/><RYUUKYOKU ba="0,0" sc="163,15,320,15,246,-15,271,-15" hai0="85,87,113,115" hai1="22,26,88,91" /><INIT seed="3,1,0,2,1,66" ten="178,335,231,256" oya="3" hai0="128,132,117,121,56,73,21,100,53,85,47,71,65" hai1="2,38,111,15,63,34,60,74,82,52,17,61,12" hai2="54,77,96,76,92,90,87,22,93,118,98,97,6" hai3="107,44,28,59,33,0,8,105,29,40,46,70,57"/><W104/><G8/><T11/><D121/><U42/><E34/><V133/><F118/><W64/><G0/><T84/><D73/><U10/><E2/><V72/><F133/><W18/><G18/><T106/><D117/><U30/><E30/><V45/><F6/><W122/><G64/><T58/><D132/><U115/><E115/><V99/><F22/><W20/><G20/><T9/><D128/><U101/><E101/><V48/><REACH who="2" step="1"/><F72/><REACH who="2" ten="178,335,221,256" step="2"/><W113/><G33/><T43/><D21/><U67/><E74/><V108/><F108/><W3/><G113/><T39/><D11/><U126/><E111/><V49/><F49/><W69/><G3/><T27/><D9/><U80/><E10/><V4/><F4/><W131/><G131/><T62/><D27/><U37/><E38/><V124/><F124/><W36/><G36/><T109/><D109/><U123/><E126/><V68/><F68/><W81/><G70/><T55/><D106/><U83/><E37/><V116/><F116/><W112/><G105/><T1/><D1/><U51/><E51/><V127/><F127/><W16/><G104/><T86/><D100/><AGARI ba="1,1" hai="45,48,54,76,77,87,90,92,93,96,97,98,99,100" machi="100" ten="40,2600,0" yaku="1,1,8,1,53,0" doraHai="66" doraHaiUra="5" who="2" fromWho="0" sc="178,-29,335,0,221,39,256,0" owari="149,-35.0,335,43.0,260,6.0,256,-14.0" /></mjloggm>