<mjloggm ver="2.3"><GO type="97" lobby="0"/><UN n0="%E3%82%A6%E3%83%AB%E3%83%88%E3%83%A9%E7%AB%8B%E7%9B%B4" n1="%E3%81%96%E3%81%8F" n2="%47%49%41" n3="%E5%AE%89%E8%8A%B8%E3%81%AE%E5%B9%B3%E6%B0%8F" dan="15,13,13,15" rate="1972.14,1832.50,1879.99,1969.34" sx="M,M,M,M"/><TAIKYOKU oya="0"/><INIT seed="0,0,0,5,5,30" ten="250,250,250,250" oya="0" hai0="42,51,10,85,19,125,132,43,117,86,12,95,23" hai1="100,59,69,81,109,38,68,20,55,8,72,27,34" hai2="65,16,37,28,44,32,14,29,106,89,24,52,111" hai3="88,102,48,26,76,25,49,84,6,98,115,60,110"/><T107/><D107/><U61/><E109/><V62/><F111/><W122/><G110/><T113/><D117/><U47/><E100/><V18/><F106/><W94/><G115/><T56/><D113/><U128/><E34/><V120/><F120/><W104/><G122/><T80/><D125/><U78/><E8/><V39/><F29/><W121/><G121/><T103/><D132/><U9/><E9/><V66/><F66/><W5/><G5/><T0/><D0/><U2/><E128/><V127/><F127/><W79/><G6/><T134/><D134/><U33/><E33/><V123/><F123/><W96/><G96/><T17/><D103/><U58/><E2/><V46/><F39/><W54/><G49/><T124/><D124/><U131/><E131/><V13/><F37/><W50/><G48/><T133/><D133/><U116/><E59/><V112/><F112/><W57/><G50/><T31/><D31/><U21/><E21/><V3/><F3/><W87/><G87/><T93/><D43/><U74/><E74/><V73/><F73/><W4/><G4/><T90/><D86/><U92/><E92/><V15/><F65/><W53/><G53/><T36/><D36/><U75/><E75/><V119/><F89/><W35/><G35/><T114/><D114/><U118/><E38/><V70/><F70/><N who="1" m="27241" /><E47/><V63/><F119/><W64/><REACH who="3" step="1"/><G64/><REACH who="3" ten="250,250,250,240" step="2"/><T67/><D67/><U11/><E11/><V91/><F52/><W101/><G101/><T45/><REACH who="0" step="1"/><D56/><REACH who="0" ten="240,250,250,240" step="2"/><U135/><E135/><V7/><F7/><W71/><G71/><T77/><D77/><AGARI ba="0,2" hai="25,26,54,57,60,76,77,79,84,88,94,98,102,104" machi="77" ten="40,8000,1" yaku="1,1,6,1,54,1,53,1" doraHai="30" doraHaiUra="83" who="3" fromWho="0" sc="240,-80,250,0,250,0,240,100" /><INIT seed="1,0,0,0,0,42" ten="160,250,250,340" oya="1" hai0="7,57,91,108,97,16,54,88,47,93,82,0,31" hai1="30,131,53,56,81,38,112,5,95,23,63,111,39" hai2="120,50,60,41,14,13,8,32,15,45,90,64,117" hai3="132,128,55,25,18,27,49,52,79,74,83,17,87"/><U69/><E112/><V100/><F120/><W92/><G132/><T66/><D108/><U102/><E111/><V78/><F117/><W86/><G128/><T1/><D31/><U19/><E131/><V12/><F32/><W75/><G92/><T107/><D107/><U35/><E5/><V116/><F116/><W28/><G28/><T4/><D1/><U98/><E30/><V10/><F100/><W115/><G79/><T43/><D66/><U58/><E69/><V11/><F78/><W3/><G3/><T121/><D0/><U61/><E81/><V89/><N who="2" m="3584" /><DORA hai="109" /><V73/><REACH who="2" step="1"/><F73/><REACH who="2" ten="160,250,240,340" step="2"/><W77/><G77/><T65/><D121/><U125/><E35/><V29/><F29/><W126/><G75/><T134/><D134/><U51/><E125/><V133/><F133/><W72/><G74/><T94/><D4/><U130/><E130/><V44/><F44/><W34/><G72/><T114/><D7/><U106/><E106/><V46/><F46/><W76/><G34/><T123/><D47/><U22/><E39/><V62/><F62/><N who="1" m="23561" /><E38/><V124/><F124/><W20/><G126/><T9/><D123/><U119/><E119/><V118/><F118/><W129/><G129/><T48/><D114/><U80/><E19/><V26/><F26/><W110/><G115/><T2/><D16/><U104/><E104/><V96/><F96/><W33/><G33/><T21/><D2/><U135/><E135/><V70/><AGARI ba="0,1" hai="8,10,11,41,45,50,60,64,70,89,90" m="3584" machi="70" ten="50,6400,0" yaku="1,1,0,1,52,1,53,0" doraHai="42,109" doraHaiUra="68,99" who="2" fromWho="2" sc="160,-16,250,-32,240,74,340,-16" /><INIT seed="2,0,0,1,0,11" ten="144,218,314,324" oya="2" hai0="90,15,33,94,60,3,23,25,70,123,80,79,36" hai1="93,115,73,37,29,96,0,4,82,17,41,108,12" hai2="40,62,122,85,134,133,14,100,10,47,68,45,120" hai3="112,57,54,126,77,50,63,39,59,46,2,130,125"/><V92/><F100/><W102/><G2/><T131/><D3/><U119/><E119/><V16/><F92/><W20/><G130/><T128/><D36/><U129/><E108/><V113/><F113/><W34/><G34/><T64/><D123/><U99/><E129/><V72/><F72/><W104/><G104/><T26/><D33/><U66/><E115/><V8/><F8/><W91/><G112/><T13/><D25/><U81/><E29/><V43/><F85/><W24/><G77/><T22/><D22/><U5/><E66/><N who="2" m="41047" /><F120/><W56/><G102/><T89/><D131/><U132/><E132/><N who="2" m="50795" /><F122/><W106/><G106/><T67/><D128/><U109/><E109/><V19/><F19/><W97/><G97/><T69/><D94/><U101/><E96/><V111/><F111/><W49/><G91/><T38/><D38/><U6/><E0/><V7/><F7/><W116/><G116/><T32/><D32/><U58/><E73/><V87/><F87/><W110/><G110/><T35/><D35/><U27/><E27/><V42/><AGARI ba="0,0" hai="10,14,16,40,42,43,45,47" m="50795,41047" machi="42" ten="30,6000,0" yaku="20,1,52,1,54,1" doraHai="11" who="2" fromWho="2" sc="144,-20,218,-20,314,60,324,-20" /><INIT seed="2,1,0,5,5,105" ten="124,198,374,304" oya="2" hai0="106,131,37,26,0,113,135,108,78,14,126,134,95" hai1="29,132,61,28,111,118,130,50,27,96,20,110,86" hai2="121,107,56,85,77,127,80,64,34,98,31,57,62" hai3="55,7,40,93,38,76,65,3,116,74,115,88,104"/><V94/><F121/><W52/><G104/><T92/><D14/><U123/><E118/><V133/><F107/><W2/><G116/><T45/><D26/><U6/><E123/><V43/><F43/><W22/><G115/><T129/><D45/><U42/><E130/><N who="0" m="49673" /><D37/><U89/><E132/><N who="0" m="50729" /><D0/><U120/><E120/><V54/><F133/><W90/><G22/><T24/><D24/><U112/><E96/><V73/><F73/><W119/><G119/><T124/><D113/><U30/><E112/><V79/><F79/><W99/><G76/><T5/><D5/><U36/><E36/><V91/><F127/><N who="0" m="48682" /><D108/><N who="1" m="41515" /><E61/><V9/><F9/><W109/><G7/><T47/><D106/><U63/><E63/><N who="2" m="36247" /><F34/><W70/><G3/><T49/><D78/><U33/><E33/><V68/><F68/><W69/><G70/><T35/><D35/><U15/><E6/><V41/><F41/><AGARI ba="1,0" hai="41,47,49,92,95" m="48682,50729,49673" machi="41" ten="40,32000,5" yakuman="39" doraHai="105" who="0" fromWho="2" sc="124,323,198,0,374,-323,304,0" /><INIT seed="3,0,0,3,4,68" ten="447,198,51,304" oya="3" hai0="117,92,129,63,3,113,52,47,69,82,30,42,55" hai1="70,45,77,4,114,31,135,71,106,56,133,72,66" hai2="2,53,9,93,19,116,99,6,44,128,39,29,100" hai3="75,83,132,13,48,21,67,102,37,12,38,51,111"/><W49/><G132/><N who="1" m="50762" /><E114/><V23/><F116/><W7/><G102/><T126/><D3/><U81/><E106/><V61/><F128/><W36/><G67/><T115/><D126/><U85/><E4/><V11/><F29/><W25/><G111/><T101/><D129/><U95/><E31/><V94/><F11/><W76/><REACH who="3" step="1"/><G7/><REACH who="3" ten="447,198,51,294" step="2"/><T17/><D115/><U86/><E66/><V57/><F100/><W15/><G15/><T121/><D113/><U5/><E5/><V43/><REACH who="2" step="1"/><F99/><REACH who="2" ten="447,198,41,294" step="2"/><W120/><G120/><T18/><D121/><U28/><E28/><AGARI ba="0,2" hai="12,13,21,25,28,36,37,38,48,49,51,75,76,83" machi="28" ten="50,12000,1" yaku="1,1,52,3,53,0" doraHai="68" doraHaiUra="87" who="3" fromWho="1" sc="447,0,198,-120,41,0,294,140" /><INIT seed="3,1,0,3,3,8" ten="447,78,41,434" oya="3" hai0="80,68,134,99,108,4,56,64,46,41,62,28,72" hai1="29,23,25,42,52,3,114,103,45,16,11,50,69" hai2="119,130,34,105,51,73,102,120,97,70,27,54,85" hai3="44,61,22,127,35,33,93,2,116,53,129,12,133"/><W5/><G116/><T115/><D115/><U20/><E114/><V121/><F119/><W36/><G133/><T40/><D134/><U95/><E69/><V9/><F70/><W126/><G129/><T124/><D124/><N who="3" m="47657" /><G2/><T1/><D108/><U49/><E11/><V65/><F130/><W38/><G93/><T15/><D1/><U132/><E3/><V17/><F73/><W81/><G81/><T43/><D68/><U78/><E78/><V74/><F74/><W60/><G5/><T82/><D72/><U118/><E118/><V26/><F85/><W39/><G44/><T96/><D46/><N who="1" m="27703" /><E132/><V37/><F37/><N who="3" m="9475" /><W10/><DORA hai="67" /><G10/><N who="0" m="4551" /><D28/><U87/><E87/><V76/><F76/><W77/><G77/><T88/><D96/><N who="1" m="59807" /><E23/><V48/><F65/><W58/><G61/><T79/><D79/><U83/><E83/><V123/><F54/><W89/><G89/><T122/><D122/><U13/><E29/><V7/><F34/><W0/><G0/><T57/><D82/><U100/><E100/><V32/><F32/><W55/><G55/><T110/><D110/><U19/><E19/><AGARI ba="1,0" hai="12,19,22,33,35,53,58,60" m="9475,47657" machi="19" ten="50,4800,0" yaku="18,1,52,1" doraHai="8,67" who="3" fromWho="1" sc="447,0,78,-51,41,0,434,51" owari="447,25.0,27,-47.0,41,-36.0,485,58.0" /></mjloggm>