<mjloggm ver="2.3"><GO type="97" lobby="0"/><UN n0="%E3%81%A8%E3%82%93%E3%81%8C%E3%82%8A%E3%82%B3%E3%83%BC%E3%83%B3" n1="%46%43" n2="%E3%82%A6%E3%83%AB%E3%83%88%E3%83%A9%E7%AB%8B%E7%9B%B4" n3="%E8%B2%A0%E3%81%91%E3%83%95%E3%83%A9%E3%82%B0%E3%82%8A%E3%81%93" dan="15,14,15,13" rate="1983.01,1903.76,2024.64,1893.40" sx="M,M,M,F"/><TAIKYOKU oya="0"/><INIT seed="0,0,0,2,4,52" ten="250,250,250,250" oya="0" hai0="113,60,93,82,100,31,96,38,12,104,7,67,79" hai1="90,16,0,119,33,46,30,3,83,54,69,44,4" hai2="51,73,107,81,8,121,21,15,111,62,11,101,112" hai3="34,66,80,88,1,32,64,17,135,43,126,72,131"/><T75/><D113/><U57/><E119/><V40/><F111/><W47/><G1/><T61/><D38/><U2/><E69/><V5/><F112/><W18/><G135/><T9/><D31/><U35/><E4/><V58/><F121/><W118/><G118/><T59/><REACH who="0" step="1"/><D61/><REACH who="0" ten="240,250,250,250" step="2"/><U84/><E30/><V24/><F62/><W133/><G133/><T117/><D117/><U19/><E35/><V85/><F73/><W23/><G34/><T129/><D129/><U63/><REACH who="1" step="1"/><E33/><REACH who="1" ten="240,240,250,250" step="2"/><V29/><F29/><W114/><G32/><T25/><D25/><U70/><E70/><V56/><F24/><W78/><G114/><T65/><D65/><U76/><E76/><V27/><F27/><W37/><G131/><T20/><D20/><U86/><E86/><V115/><F21/><W14/><G66/><T124/><D124/><U26/><E26/><V42/><F115/><W99/><G126/><T123/><D123/><U41/><E41/><V50/><F40/><W94/><G64/><T28/><D28/><U91/><E91/><V110/><F42/><W127/><G127/><T45/><D45/><AGARI ba="0,2" hai="0,2,3,16,19,44,45,46,54,57,63,83,84,90" machi="45" ten="40,5200,0" yaku="1,1,52,1,54,1,53,0" doraHai="52" doraHaiUra="97" who="1" fromWho="0" sc="240,-52,240,72,250,0,250,0" /><INIT seed="1,0,0,3,2,86" ten="188,312,250,250" oya="1" hai0="103,98,93,56,114,102,85,22,16,41,29,35,115" hai1="101,108,77,21,2,99,132,39,34,18,88,130,90" hai2="80,45,96,54,12,33,135,120,58,52,95,76,89" hai3="14,25,5,110,57,87,111,0,74,55,113,23,19"/><U127/><E132/><V116/><F33/><W3/><G113/><T65/><D41/><U122/><E39/><V97/><F135/><W49/><G74/><T106/><D29/><U30/><E122/><V7/><F120/><W51/><G51/><T27/><D35/><U28/><E2/><V10/><F116/><W64/><G64/><T38/><D38/><U31/><E127/><V112/><F112/><W44/><G44/><T126/><D126/><U15/><E130/><V32/><F32/><W104/><G104/><T40/><D40/><U125/><E125/><V50/><F96/><W11/><REACH who="3" step="1"/><G87/><REACH who="3" ten="188,312,250,240" step="2"/><T69/><D85/><U68/><E68/><V78/><F80/><W8/><G8/><T84/><D84/><U119/><E119/><V43/><F54/><W94/><G94/><T92/><D106/><U47/><E47/><V48/><AGARI ba="0,1" hai="7,10,12,43,45,48,50,52,58,76,78,89,95,97" machi="48" ten="20,8000,1" yaku="0,1,7,1,8,1,52,1,54,1" doraHai="86" who="2" fromWho="2" sc="188,-20,312,-40,250,90,240,-20" /><INIT seed="2,0,0,3,0,108" ten="168,272,340,220" oya="2" hai0="80,38,88,102,51,7,20,78,86,24,14,68,91" hai1="106,30,126,120,53,129,99,93,103,8,22,21,121" hai2="0,35,42,2,101,111,17,116,46,54,100,132,82" hai3="10,23,44,5,39,95,84,12,48,89,98,16,105"/><V4/><F35/><W90/><G39/><T31/><D38/><U26/><E129/><V128/><F116/><W65/><G65/><T60/><D102/><U64/><E126/><V70/><F70/><W85/><G105/><T58/><D68/><U130/><E130/><V123/><F123/><N who="1" m="47177" /><E64/><V34/><F34/><W104/><G104/><T28/><D28/><U119/><E119/><V79/><F132/><W50/><G90/><T69/><D69/><U125/><E125/><V127/><F127/><W36/><G36/><T117/><D117/><U27/><E8/><V124/><F124/><W33/><G33/><T77/><D77/><U71/><E71/><V112/><F17/><W11/><G48/><T118/><D118/><U133/><E133/><V92/><F54/><W122/><G122/><T47/><D7/><U6/><E53/><V96/><F100/><W15/><REACH who="3" step="1"/><G10/><REACH who="3" ten="168,272,340,210" step="2"/><T114/><D114/><U3/><E106/><V107/><F128/><W109/><G109/><T41/><D14/><U62/><E62/><V81/><F107/><W83/><G83/><T75/><D75/><U134/><E134/><V113/><F111/><W55/><AGARI ba="0,1" hai="5,11,12,15,16,23,44,50,55,84,85,89,95,98" machi="55" ten="20,8000,1" yaku="1,1,0,1,7,1,8,1,54,1,53,0" doraHai="108" doraHaiUra="135" who="3" fromWho="3" sc="168,-20,272,-20,340,-40,210,90" /><INIT seed="3,0,0,4,2,52" ten="148,252,300,300" oya="3" hai0="68,65,32,24,118,0,124,130,4,84,35,43,82" hai1="89,55,31,12,73,23,85,49,129,108,126,14,28" hai2="97,102,116,44,100,119,111,133,115,8,38,67,2" hai3="39,66,21,57,134,1,25,64,53,87,56,96,93"/><W22/><G39/><T120/><D120/><U105/><E73/><V91/><F115/><W47/><G1/><T81/><D118/><U121/><E105/><N who="2" m="63631" /><F91/><N who="3" m="55359" /><G134/><T123/><D123/><U60/><E121/><V36/><F102/><W132/><G132/><T107/><D107/><U19/><E129/><V59/><F59/><N who="3" m="22603" /><G87/><T94/><D130/><U11/><E126/><V72/><F133/><W122/><G122/><T37/><D124/><U63/><E108/><V76/><F67/><N who="3" m="25643" /><G25/><T98/><D24/><U71/><E71/><V29/><F111/><W104/><G104/><T70/><D70/><U83/><E63/><V30/><F30/><W42/><G42/><T62/><D43/><U78/><E60/><V9/><F29/><W106/><G106/><T95/><D37/><U58/><REACH who="1" step="1"/><E78/><REACH who="1" ten="148,242,300,300" step="2"/><V48/><F76/><W110/><G110/><T131/><D131/><U51/><E51/><AGARI ba="0,1" hai="21,22,47,51,53" m="25643,22603,55359" machi="51" ten="30,11600,0" yaku="8,1,52,3" doraHai="52" who="3" fromWho="1" sc="148,0,242,-116,300,0,300,126" owari="148,-25.0,126,-37.0,300,10.0,426,52.0" /></mjloggm>