<mjloggm ver="2.3"><GO type="97" lobby="0"/><UN n0="%E3%82%AA%E3%82%A2%E3%83%AA%E3%83%A0%E3%81%AE%E8%A9%A0%E5%94%B1" n1="%E3%83%87%E3%82%A4%E3%82%B8%E3%83%BC%E3%81%AE%E7%8C%AB" n2="%E3%82%A6%E3%83%AB%E3%83%88%E3%83%A9%E7%AB%8B%E7%9B%B4" n3="%E3%81%94%E3%82%8A%E3%82%93" dan="15,15,15,15" rate="1950.03,2011.83,1999.46,1937.03" sx="M,M,M,M"/><TAIKYOKU oya="0"/><INIT seed="0,0,0,2,3,66" ten="250,250,250,250" oya="0" hai0="91,115,106,127,135,62,84,117,3,80,130,71,60" hai1="112,5,94,74,78,45,22,119,43,40,2,73,107" hai2="48,31,32,25,28,37,122,123,102,87,111,90,54" hai3="53,85,88,41,132,118,82,27,92,55,26,124,11"/><T121/><RYUUKYOKU type="yao9" ba="0,0" sc="250,0,250,0,250,0,250,0" hai0="3,60,62,71,80,84,91,106,115,117,121,127,130,135" /><INIT seed="0,1,0,2,0,103" ten="250,250,250,250" oya="0" hai0="65,26,54,123,107,0,11,25,95,80,20,94,57" hai1="90,61,42,92,73,13,60,40,79,72,74,28,87" hai2="66,133,86,106,29,23,30,83,46,114,76,58,45" hai3="75,35,9,68,70,64,91,8,127,130,43,6,89"/><T49/><D123/><U31/><E79/><V17/><F114/><W32/><G75/><T93/><D65/><U81/><E81/><V47/><F106/><W56/><G43/><T48/><D80/><U77/><E77/><V24/><F133/><W88/><G130/><T1/><D49/><U124/><E124/><V126/><F126/><W105/><G127/><T50/><D50/><U131/><E131/><V36/><F36/><W59/><G64/><T82/><D82/><U5/><E5/><V51/><F51/><W15/><G105/><T125/><D107/><U104/><E13/><V134/><REACH who="2" step="1"/><F134/><REACH who="2" ten="250,250,240,250" step="2"/><W3/><G3/><T97/><D125/><U33/><E104/><V135/><F135/><W41/><G41/><T108/><D108/><U39/><E39/><V100/><F100/><W34/><REACH who="3" step="1"/><G9/><REACH who="3" ten="250,250,240,240" step="2"/><T10/><D11/><U102/><E42/><V122/><F122/><W21/><G21/><T120/><D120/><U113/><E40/><V19/><F19/><W55/><G55/><T14/><D1/><U27/><E31/><V121/><F121/><W85/><G85/><T67/><D0/><U44/><E87/><V128/><F128/><W16/><G16/><N who="0" m="8279" /><D67/><U110/><E110/><V132/><F132/><W98/><G98/><T78/><D97/><U12/><E28/><V111/><F111/><W99/><G99/><T112/><D112/><U69/><E102/><V63/><AGARI ba="1,2" hai="17,23,24,29,30,45,46,47,58,63,66,76,83,86" machi="63" ten="30,7900,0" yaku="1,1,0,1,8,1,53,1" doraHai="103" doraHaiUra="53" who="2" fromWho="2" sc="250,-40,250,-21,240,102,240,-21" /><INIT seed="1,0,0,0,3,41" ten="210,229,342,219" oya="1" hai0="38,1,58,11,72,29,92,61,47,118,98,86,79" hai1="105,7,125,35,53,27,31,107,24,130,48,116,6" hai2="76,22,55,99,26,127,126,78,23,44,37,54,40" hai3="60,12,123,135,114,106,129,10,88,71,69,117,68"/><U62/><E116/><V64/><F64/><W85/><G106/><T70/><D118/><U50/><E130/><V17/><F99/><W16/><G117/><T9/><D70/><U121/><E121/><V132/><F132/><W97/><G114/><T94/><D29/><U8/><E125/><N who="2" m="47627" /><F23/><W112/><G112/><T30/><D30/><U18/><E62/><V81/><F76/><W43/><G123/><T15/><D1/><U95/><E95/><V33/><F33/><W13/><G129/><T25/><D94/><U109/><E109/><V83/><F83/><W3/><G3/><T103/><D72/><AGARI ba="0,0" hai="17,22,26,37,40,44,54,55,72,78,81" m="47627" machi="72" ten="30,2000,0" yaku="18,1,52,1" doraHai="41" who="2" fromWho="0" sc="210,-20,229,0,342,20,219,0" /><INIT seed="2,0,0,1,4,18" ten="190,229,362,219" oya="2" hai0="92,89,103,133,43,83,110,10,79,61,104,78,9" hai1="101,93,100,95,45,35,30,111,12,84,117,24,14" hai2="87,47,48,11,119,90,59,29,17,16,116,135,91" hai3="23,68,37,108,49,3,50,7,15,120,98,4,20"/><V118/><F135/><W134/><G68/><T25/><D133/><U51/><E117/><V8/><F29/><W41/><G120/><T122/><D122/><U127/><E111/><V33/><F33/><W26/><G134/><T58/><D110/><U109/><E109/><V126/><F126/><W132/><G108/><T31/><D43/><U44/><E127/><V77/><F59/><W13/><G132/><T27/><D103/><U28/><E84/><V88/><F77/><W99/><G41/><T65/><D104/><U21/><E51/><N who="3" m="19466" /><G37/><T114/><D114/><U106/><E24/><V112/><F112/><W34/><G34/><T130/><D130/><U0/><E35/><V40/><F87/><W60/><G60/><T66/><D66/><U69/><E69/><V22/><F17/><W74/><G74/><T128/><D128/><U42/><E42/><V107/><F107/><W121/><G121/><T85/><D78/><U52/><E106/><V38/><F38/><W63/><G63/><T56/><D56/><U80/><E0/><V124/><F124/><W123/><G123/><T32/><REACH who="0" step="1"/><D27/><REACH who="0" ten="180,229,362,219" step="2"/><N who="1" m="16495" /><E101/><V75/><F118/><W57/><G57/><T70/><D70/><U102/><E102/><V97/><F116/><W115/><G115/><T105/><D105/><U1/><E100/><V6/><F119/><W82/><G26/><T2/><D2/><U54/><E1/><V129/><F129/><W55/><G3/><T81/><D81/><U125/><E80/><V53/><F40/><W131/><G82/><T19/><D19/><U36/><E125/><V96/><F16/><RYUUKYOKU ba="0,1" sc="180,30,229,-10,362,-10,219,-10" hai0="9,10,25,31,32,58,61,65,79,83,85,89,92" /><INIT seed="3,1,1,2,2,121" ten="210,219,352,209" oya="3" hai0="44,104,45,90,75,88,131,92,69,21,76,36,48" hai1="57,98,19,33,135,9,15,101,128,118,94,72,115" hai2="78,110,122,20,85,65,82,58,43,81,132,1,25" hai3="8,107,28,22,2,10,99,50,111,5,97,80,51"/><W93/><G107/><T7/><D104/><U18/><E115/><V55/><F1/><W100/><G80/><T71/><D36/><U67/><E72/><V112/><F112/><W53/><G10/><T46/><D131/><U35/><E128/><V113/><F43/><W134/><G134/><T4/><D48/><U119/><E135/><V125/><F65/><W109/><G99/><T102/><D102/><U13/><E67/><V27/><F27/><N who="3" m="16503" /><G53/><T70/><D21/><U103/><E57/><V123/><F82/><W29/><G29/><T0/><D0/><U64/><E64/><V52/><F55/><W74/><G74/><T96/><D76/><U130/><E130/><V31/><F113/><W40/><G40/><T133/><D75/><U91/><E91/><V68/><F68/><W6/><G6/><T61/><D133/><U39/><E39/><V117/><F117/><N who="1" m="44553" /><E103/><V17/><F132/><W124/><G124/><T79/><D79/><U59/><E59/><V127/><F127/><W30/><G30/><T56/><D90/><U120/><E120/><V49/><F31/><W87/><G87/><T62/><D56/><U105/><E105/><V66/><F125/><W38/><G38/><T32/><D71/><U86/><E86/><V60/><F122/><W77/><G77/><T89/><D70/><U41/><E41/><V11/><F123/><W3/><G3/><T114/><D69/><U47/><E47/><V95/><F66/><W126/><G126/><T116/><D116/><U14/><E9/><V54/><F78/><W16/><G16/><AGARI ba="1,1" hai="13,14,15,16,18,19,33,35,94,98,101" m="44553" machi="16" ten="30,2000,0" yaku="12,1,54,1" doraHai="121" who="1" fromWho="3" sc="210,0,219,33,352,0,209,-23" owari="210,-19.0,252,5.0,352,45.0,186,-31.0" /></mjloggm>