<mjloggm ver="2.3"><GO type="41" lobby="0"/><UN n0="%33%32%35%32%31%32%31%34" n1="%E3%81%8B%E3%81%93%E3%81%A8%E3%82%93%E3%81%A8%E3%82%93" n2="%E3%82%A6%E3%83%AB%E3%83%88%E3%83%A9%E7%AB%8B%E7%9B%B4" n3="%6E%61%72%61%6B%75" dan="14,15,15,13" rate="1959.06,2039.66,1975.91,1851.28" sx="M,M,M,M"/><TAIKYOKU oya="0"/><INIT seed="0,0,0,2,5,77" ten="250,250,250,250" oya="0" hai0="130,119,18,8,48,74,42,72,60,61,123,28,64" hai1="31,111,89,93,14,16,26,117,104,0,71,1,73" hai2="96,9,85,58,102,6,33,12,2,76,11,56,19" hai3="41,17,13,127,112,59,52,133,63,124,57,121,25"/><T5/><D123/><U95/><E104/><V23/><F33/><W82/><G112/><T100/><D119/><U69/><E117/><V15/><F2/><W84/><G41/><T22/><D130/><U35/><E73/><V37/><F37/><W108/><G108/><T110/><D110/><U45/><E93/><V32/><F32/><W132/><G121/><T39/><D28/><U50/><E0/><V66/><F66/><W67/><G25/><T109/><D109/><U21/><E1/><V98/><F23/><W46/><G46/><T114/><D114/><U87/><REACH who="1" step="1"/><E111/><REACH who="1" ten="250,240,250,250" step="2"/><V53/><F102/><W115/><G115/><T20/><D39/><U128/><E128/><V3/><F3/><W80/><G127/><T105/><D100/><U134/><E134/><N who="3" m="51818" /><G124/><T75/><D105/><U129/><E129/><V44/><F98/><W116/><G116/><T79/><D61/><U7/><E7/><V94/><F96/><W10/><G84/><T55/><D42/><AGARI ba="0,1" hai="14,16,21,26,31,35,42,45,50,69,71,87,89,95" machi="42" ten="30,7700,0" yaku="1,1,7,1,54,1,53,1" doraHai="77" doraHaiUra="27" who="1" fromWho="0" sc="250,-77,240,87,250,0,250,0" /><INIT seed="1,0,0,5,0,38" ten="173,327,250,250" oya="1" hai0="118,107,60,76,11,9,123,92,130,90,106,128,22" hai1="134,45,48,125,0,26,30,46,109,34,120,78,97" hai2="27,129,104,21,121,14,117,85,58,29,96,84,93" hai3="135,28,19,20,53,55,39,32,111,132,110,113,116"/><U49/><E120/><V75/><F75/><W131/><G39/><T98/><D123/><U112/><E0/><V47/><F104/><W61/><G32/><T122/><D122/><U59/><E112/><V51/><F121/><W12/><G28/><T77/><D118/><U41/><E125/><V64/><F14/><W66/><G113/><T4/><D60/><U83/><E134/><N who="3" m="51242" /><G116/><T124/><D124/><U80/><E59/><V88/><F117/><W62/><G131/><N who="0" m="50219" /><D22/><U65/><E65/><V108/><F108/><N who="3" m="41515" /><G62/><T102/><D11/><U8/><E109/><V114/><F114/><W99/><G99/><T44/><D44/><U57/><E57/><AGARI ba="0,0" hai="12,19,20,53,55,57,61,66" m="41515,51242" machi="57" ten="30,2000,0" yaku="20,1,14,1" doraHai="38" who="3" fromWho="1" sc="173,0,327,-20,250,0,250,20" /><INIT seed="2,0,0,2,1,35" ten="173,307,250,270" oya="2" hai0="10,14,129,38,33,88,40,55,36,135,68,67,133" hai1="117,18,120,43,64,121,125,39,60,78,34,99,111" hai2="42,54,85,116,72,123,103,113,28,77,24,8,62" hai3="118,65,61,92,114,104,66,80,22,2,12,25,131"/><V86/><F123/><W45/><G118/><T128/><D33/><U47/><E34/><V27/><F72/><W30/><G104/><T97/><D40/><U115/><E117/><V7/><F116/><W98/><G2/><T108/><D68/><U0/><E78/><V16/><F42/><W56/><G131/><N who="0" m="50251" /><D67/><U106/><E115/><V95/><F28/><W102/><G114/><T89/><D108/><U23/><E0/><V29/><F29/><W4/><G80/><T49/><D97/><U17/><E111/><V110/><F110/><W90/><G45/><T20/><D20/><U69/><E23/><V32/><F32/><W11/><REACH who="3" step="1"/><G90/><REACH who="3" ten="173,307,250,260" step="2"/><N who="0" m="34923" /><D38/><U50/><E39/><V74/><F113/><W76/><G76/><T107/><D107/><U3/><E106/><V127/><F77/><W70/><G70/><T96/><D36/><U63/><E121/><V13/><F95/><W1/><G1/><T37/><D37/><U100/><E3/><V82/><F82/><W53/><AGARI ba="0,1" hai="4,11,12,22,25,30,53,56,61,65,66,92,98,102" machi="53" ten="20,5200,0" yaku="1,1,0,1,7,1,8,1,53,0" doraHai="35" doraHaiUra="84" who="3" fromWho="3" sc="173,-13,307,-13,250,-26,260,62" /><INIT seed="3,0,0,5,4,61" ten="160,294,224,322" oya="3" hai0="57,126,19,110,39,50,67,24,99,45,38,44,36" hai1="97,83,17,113,72,60,69,63,101,2,6,31,74" hai2="56,119,125,14,40,37,81,18,46,91,112,121,90" hai3="134,111,131,105,127,89,16,58,135,55,118,5,25"/><W129/><G5/><T48/><D99/><U9/><E113/><V47/><F112/><W34/><G118/><T116/><D116/><U20/><E31/><V86/><F121/><W82/><G105/><T33/><D33/><U52/><E63/><V66/><F125/><W95/><G82/><T85/><D85/><U130/><E83/><V8/><F119/><W114/><G114/><T71/><D24/><U1/><E1/><V77/><F37/><W94/><G111/><T88/><D19/><U124/><E124/><V35/><F35/><W108/><G108/><T51/><D126/><U84/><E84/><V104/><F104/><W29/><G127/><T117/><D117/><U122/><E122/><V128/><F128/><N who="3" m="49227" /><G16/><T7/><D7/><U133/><E130/><V64/><F56/><W41/><G41/><T120/><D88/><N who="2" m="33834" /><F40/><W59/><G59/><T53/><D120/><U102/><E102/><V32/><F32/><W109/><G109/><T13/><D13/><U26/><E69/><V62/><F62/><N who="3" m="36191" /><G95/><T79/><D79/><U11/><E11/><V68/><F68/><W76/><G76/><T73/><D73/><U80/><E80/><V96/><F96/><AGARI ba="0,0" hai="25,29,34,89,94,96,134,135" m="36191,49227" machi="96" ten="30,1500,0" yaku="19,1" doraHai="61" who="3" fromWho="2" sc="160,0,294,0,224,-15,322,15" /><INIT seed="3,1,0,1,1,80" ten="160,294,209,337" oya="3" hai0="104,28,39,57,71,94,6,115,29,62,99,33,68" hai1="58,2,81,87,74,13,88,111,72,107,41,105,91" hai2="116,53,98,86,44,93,11,46,83,59,5,129,22" hai3="85,73,109,131,125,76,92,65,47,10,48,95,77"/><W123/><G123/><T56/><D39/><U52/><E2/><V7/><F22/><W135/><G65/><T21/><D115/><U55/><E41/><V0/><F7/><W120/><G120/><T89/><D104/><U3/><E3/><V61/><F116/><W31/><G31/><T50/><D33/><U118/><E118/><V30/><F30/><W12/><G125/><T102/><D6/><U133/><E105/><V119/><F119/><W100/><G131/><T64/><D29/><U23/><E107/><V128/><F128/><W66/><G66/><T112/><D112/><U24/><E13/><V114/><F129/><W117/><G117/><T38/><D38/><U67/><E133/><V122/><F122/><W60/><G60/><T106/><D106/><U103/><E103/><V75/><F75/><W63/><G63/><T96/><D96/><U9/><E9/><V54/><F54/><N who="3" m="29983" /><G73/><T42/><D57/><U40/><E40/><V97/><F114/><W110/><G135/><T51/><D89/><U108/><E55/><V27/><F11/><W1/><G1/><T49/><D42/><U43/><E43/><V90/><F0/><W14/><G100/><T132/><D132/><U78/><E67/><V79/><F5/><N who="3" m="3151" /><G14/><T69/><D69/><U126/><E126/><V26/><REACH who="2" step="1"/><F97/><REACH who="2" ten="160,294,199,337" step="2"/><W84/><G110/><N who="1" m="42026" /><E72/><V20/><F20/><W37/><G109/><T121/><D121/><U4/><E4/><V17/><F17/><W45/><G37/><T15/><D15/><U70/><E74/><V18/><F18/><W25/><G25/><AGARI ba="1,1" hai="21,25,28,49,50,51,56,62,64,68,71,94,99,102" machi="25" ten="40,2600,0" yaku="25,2" doraHai="80" who="0" fromWho="3" sc="160,39,294,0,199,0,337,-29" /><AGARI ba="1,0" hai="25,26,27,44,46,53,59,61,79,83,86,90,93,98" machi="25" ten="40,5200,0" yaku="1,1,8,1,52,1,53,0" doraHai="80" doraHaiUra="124" who="2" fromWho="3" sc="199,0,294,0,199,52,308,-52" /><INIT seed="4,0,0,2,5,114" ten="199,294,251,256" oya="0" hai0="74,53,134,60,41,47,25,39,35,77,8,36,130" hai1="34,120,105,124,1,82,131,13,129,52,44,125,11" hai2="19,98,93,87,94,4,78,90,57,30,22,103,37" hai3="2,26,106,59,92,110,15,32,12,108,45,72,79"/><T117/><D134/><U63/><E105/><V80/><F37/><W0/><G106/><T51/><D130/><N who="1" m="49675" /><E34/><V107/><F4/><W111/><G72/><T56/><D74/><U42/><E1/><N who="3" m="618" /><G79/><T119/><D77/><U123/><E82/><V84/><F30/><N who="3" m="19543" /><G92/><T10/><D39/><U122/><E11/><V48/><F107/><W128/><G59/><T67/><D35/><U71/><E13/><N who="3" m="5194" /><G45/><T100/><D25/><U38/><E52/><N who="2" m="31879" /><F93/><W62/><G62/><T112/><D100/><U109/><E109/><V127/><F98/><W81/><G81/><T83/><D83/><U50/><E50/><V28/><F103/><W18/><G128/><T104/><D112/><U20/><E20/><V68/><F84/><W65/><G65/><AGARI ba="0,0" hai="38,42,44,63,65,71,120,122,123,124,125" m="49675" machi="65" ten="40,8000,1" yaku="19,1,23,1,34,2" doraHai="114" who="1" fromWho="3" sc="199,0,294,80,251,0,256,-80" /><INIT seed="5,0,0,2,2,9" ten="199,374,251,176" oya="1" hai0="41,63,78,28,35,124,121,103,72,85,64,7,74" hai1="3,81,100,11,34,39,15,5,77,113,20,93,27" hai2="106,47,98,59,23,109,82,26,68,12,117,83,95" hai3="123,51,129,88,55,0,114,66,62,30,49,135,61"/><U105/><E39/><V10/><F68/><W42/><G0/><T84/><D124/><U6/><E105/><V1/><F1/><W99/><G30/><T14/><D121/><U119/><E119/><V111/><F106/><W65/><G99/><T46/><D35/><U24/><E100/><V96/><F117/><W22/><G88/><T58/><D28/><U112/><E93/><V126/><F126/><W87/><G87/><T52/><D103/><U104/><E104/><V60/><F47/><N who="3" m="25847" /><G22/><T132/><D132/><U97/><E97/><V40/><F40/><W16/><G16/><T48/><D85/><U57/><E57/><V101/><F96/><W89/><G89/><T69/><D69/><U134/><E134/><V131/><F109/><W31/><G31/><T25/><D25/><U108/><E108/><V8/><F8/><W128/><G135/><T80/><D64/><N who="3" m="24681" /><G123/><T38/><D38/><U92/><E92/><V50/><F83/><W116/><G116/><T43/><D43/><U94/><E94/><V79/><F82/><W54/><G114/><N who="1" m="44138" /><E34/><V70/><F95/><W75/><G75/><T33/><D33/><U115/><E5/><V56/><F98/><W127/><G127/><T125/><D125/><U133/><E133/><V29/><F101/><W44/><G54/><T130/><D130/><AGARI ba="0,0" hai="44,51,55,61,62,128,129,130" m="24681,25847" machi="130" ten="30,3900,0" yaku="19,1,34,2" doraHai="9" who="3" fromWho="0" sc="199,-39,374,0,251,0,176,39" /><INIT seed="6,0,0,5,0,90" ten="160,374,251,215" oya="2" hai0="108,96,118,128,88,93,3,72,24,106,61,35,12" hai1="22,60,115,83,26,14,116,74,121,126,132,119,127" hai2="6,27,81,98,105,114,17,80,131,55,13,5,103" hai3="38,113,94,8,120,64,133,95,69,41,66,36,79"/><V25/><F131/><W9/><G120/><T52/><D3/><U11/><E60/><V39/><F39/><N who="3" m="14891" /><G79/><T134/><D108/><U129/><E74/><V97/><F105/><W87/><G41/><T49/><D128/><U101/><E83/><V46/><F114/><W16/><G87/><T47/><D118/><U67/><E67/><N who="3" m="25642" /><G69/><T2/><D72/><U1/><E101/><V21/><F81/><W107/><G107/><T20/><D134/><U117/><E129/><V75/><F80/><W123/><G123/><T44/><D2/><U102/><E102/><V33/><F75/><W10/><G16/><T19/><D61/><U112/><E121/><V34/><F103/><W4/><G4/><T29/><D106/><U30/><E1/><V100/><F100/><W50/><G50/><T71/><D71/><U45/><E132/><V73/><F73/><W31/><G31/><T28/><D29/><U85/><E85/><V130/><F130/><W78/><G78/><T111/><D111/><U54/><E45/><AGARI ba="0,0" hai="12,19,20,24,28,35,44,45,47,49,52,88,93,96" machi="45" ten="30,7700,0" yaku="7,1,52,1,54,2" doraHai="90" who="0" fromWho="1" sc="160,77,374,-77,251,0,215,0" /><INIT seed="7,0,0,0,5,69" ten="237,297,251,215" oya="3" hai0="129,17,117,16,10,102,111,74,97,88,68,87,43" hai1="60,95,50,22,40,113,26,107,134,120,12,122,92" hai2="6,84,93,77,46,80,11,49,100,48,133,39,118" hai3="91,83,52,76,29,89,56,1,123,104,132,127,51"/><W7/><G123/><T58/><D117/><U44/><E107/><V24/><F133/><W101/><G29/><T21/><D111/><U57/><E134/><V106/><F106/><W33/><G132/><T116/><D116/><U67/><E122/><V126/><F126/><W0/><G33/><T14/><D68/><U98/><E120/><V54/><F24/><W19/><G127/><T121/><D121/><U42/><E12/><V61/><F61/><W38/><G38/><T94/><D129/><U41/><E113/><V82/><F82/><W109/><G109/><T81/><D43/><N who="1" m="16459" /><E98/><V47/><F39/><W105/><G19/><AGARI ba="0,0" hai="19,22,26,42,44,50,57,60,67,92,95" m="16459" machi="19" ten="30,1000,0" yaku="8,1" doraHai="69" who="1" fromWho="3" sc="237,0,297,10,251,0,215,-10" owari="237,-16.0,307,40.0,251,5.0,205,-29.0" /></mjloggm>