<mjloggm ver="2.3"><GO type="41" lobby="0"/><UN n0="%66%67%67%68%68%64%66" n1="%6B%75%72%61%6E%74%61%6E" n2="%EF%BC%88%EF%BC%8D%EF%BD%97%EF%BC%8D%EF%BC%89" n3="%E3%82%A6%E3%83%AB%E3%83%88%E3%83%A9%E7%AB%8B%E7%9B%B4" dan="13,15,13,16" rate="1911.63,2041.94,1836.57,2068.30" sx="M,M,M,M"/><TAIKYOKU oya="0"/><INIT seed="0,0,0,1,2,47" ten="250,250,250,250" oya="0" hai0="124,131,129,13,83,99,33,31,80,46,86,29,18" hai1="121,91,73,23,126,127,98,72,60,16,28,128,37" hai2="93,70,0,48,87,125,2,97,82,132,51,36,81" hai3="114,78,40,112,90,133,25,19,67,84,5,54,39"/><T12/><D124/><N who="1" m="47659" /><E121/><V15/><F125/><W120/><G78/><T58/><D33/><U68/><E37/><V3/><F36/><W49/><G120/><T105/><D58/><U64/><E28/><V69/><F15/><W34/><G67/><T77/><D46/><U35/><E35/><V26/><F26/><W32/><G40/><T107/><D83/><U61/><E61/><V43/><F43/><W76/><G39/><T104/><D99/><U75/><E128/><N who="0" m="49225" /><D12/><N who="1" m="9607" /><E91/><V7/><F2/><W65/><G34/><T11/><AGARI ba="0,0" hai="11,13,18,29,31,77,80,86,104,105,107" m="49225" machi="11" ten="40,2100,0" yaku="19,1" doraHai="47" who="0" fromWho="0" sc="250,21,250,-7,250,-7,250,-7" /><INIT seed="0,1,0,0,3,53" ten="271,243,243,243" oya="0" hai0="93,25,125,64,17,115,129,35,63,46,91,42,121" hai1="116,15,48,83,30,7,76,73,24,44,67,96,14" hai2="98,37,22,34,5,99,90,49,4,50,122,26,135" hai3="36,89,75,120,19,130,27,106,61,128,133,84,124"/><T70/><D115/><U58/><E116/><V59/><F37/><W114/><G36/><T110/><D121/><U38/><E38/><V0/><F122/><W123/><G114/><T87/><D129/><U52/><E96/><V21/><F34/><W97/><G120/><T132/><D132/><U47/><E7/><V108/><F135/><W94/><G123/><T85/><D125/><U39/><E47/><V111/><F0/><W77/><G133/><T11/><D110/><U112/><E112/><V43/><F43/><W55/><G124/><T6/><D87/><U56/><E56/><V80/><F80/><W3/><G3/><T119/><D119/><U41/><REACH who="1" step="1"/><E67/><REACH who="1" ten="271,233,243,243" step="2"/><V95/><F99/><W92/><G97/><T71/><D46/><U9/><E9/><V23/><F108/><W29/><G128/><T88/><D11/><U74/><E74/><V57/><F111/><W1/><G75/><T127/><D6/><N who="2" m="2666" /><F26/><W20/><G130/><T28/><D127/><U78/><E78/><V62/><F59/><W16/><G77/><T60/><D25/><U82/><E82/><V86/><F98/><W40/><G1/><T32/><D70/><U18/><E18/><V45/><F45/><W131/><G131/><T79/><D71/><U109/><E109/><V101/><F101/><W12/><G19/><T104/><D17/><U117/><E117/><V126/><F126/><W65/><G16/><T72/><D79/><U31/><E31/><V69/><F69/><W66/><G29/><T2/><D28/><U13/><E13/><V51/><F57/><W33/><G27/><RYUUKYOKU ba="1,1" sc="271,-15,233,15,243,15,243,-15" hai1="14,15,24,30,39,41,44,48,52,58,73,76,83" hai2="21,22,23,49,50,51,62,86,90,95" /><INIT seed="1,2,1,0,2,58" ten="256,248,258,228" oya="1" hai0="91,112,13,126,132,74,33,7,108,40,44,115,47" hai1="90,37,98,114,133,30,61,60,18,77,127,25,120" hai2="12,135,21,23,24,123,49,103,4,124,93,81,101" hai3="16,116,95,80,70,6,0,131,111,63,5,113,66"/><U72/><E120/><V129/><F123/><W54/><G113/><T117/><D117/><U34/><E114/><V71/><F71/><W118/><G0/><T26/><D108/><U107/><E37/><V83/><F135/><W55/><G111/><T38/><D132/><U110/><E133/><V68/><F68/><W100/><G6/><T94/><D74/><U76/><E110/><V119/><F119/><N who="3" m="45611" /><G5/><T31/><D126/><U96/><E127/><V19/><F124/><W99/><G131/><T35/><D35/><U45/><E45/><V11/><F129/><W8/><G80/><T87/><REACH who="0" step="1"/><D47/><REACH who="0" ten="246,248,258,228" step="2"/><U64/><E72/><V85/><F21/><W134/><G134/><T22/><D22/><U69/><E34/><V39/><F23/><W82/><G82/><T9/><AGARI ba="2,2" hai="7,9,13,26,31,33,38,40,44,87,91,94,112,115" machi="9" ten="30,4000,0" yaku="1,1,0,1,53,1" doraHai="58" doraHaiUra="42" who="0" fromWho="0" sc="246,66,248,-22,258,-12,228,-12" /><INIT seed="2,0,0,4,2,15" ten="312,226,246,216" oya="2" hai0="6,130,133,80,107,29,12,86,40,52,27,2,0" hai1="119,30,135,93,32,134,98,19,99,66,42,120,14" hai2="45,36,78,131,62,91,33,72,67,56,23,10,3" hai3="95,111,77,44,65,39,43,121,105,84,75,112,102"/><V17/><F33/><W13/><G121/><T68/><D68/><U70/><E119/><V96/><F131/><W20/><G112/><T31/><D130/><U71/><E42/><V106/><F72/><W46/><G111/><T64/><D64/><U69/><E66/><V108/><F78/><W123/><G123/><T122/><D122/><U129/><E129/><V50/><F36/><W21/><G65/><T37/><D107/><U35/><E120/><V55/><F108/><W49/><G105/><T41/><D133/><N who="1" m="50699" /><E30/><V88/><F3/><W126/><G75/><T34/><D31/><U63/><E63/><V26/><REACH who="2" step="1"/><F10/><REACH who="2" ten="312,226,236,216" step="2"/><W113/><G113/><T103/><D37/><U101/><E99/><V5/><F5/><W90/><G77/><T109/><D6/><U79/><E79/><V7/><F7/><W38/><G38/><T87/><D2/><U74/><E74/><V53/><F53/><W51/><G39/><T92/><D52/><U57/><E32/><V1/><F1/><W73/><G73/><T124/><D0/><U125/><E35/><V128/><F128/><W114/><G114/><T54/><D54/><U8/><E125/><V89/><F89/><W18/><G126/><T118/><D34/><U76/><E76/><V4/><F4/><W9/><G102/><AGARI ba="0,1" hai="17,23,26,45,50,55,56,62,67,88,91,96,102,106" machi="102" ten="40,7700,0" yaku="1,1,52,1,54,1,53,0" doraHai="15" doraHaiUra="81" who="2" fromWho="3" sc="312,0,226,0,236,87,216,-77" /><INIT seed="2,1,0,0,5,94" ten="312,226,323,139" oya="2" hai0="7,49,132,125,58,75,95,11,105,44,1,98,33" hai1="21,39,57,93,129,116,23,120,86,20,68,40,104" hai2="60,52,15,9,47,43,70,124,14,100,73,88,71" hai3="48,29,55,5,6,134,127,91,27,78,111,80,42"/><V121/><F121/><W41/><G127/><T53/><D125/><U83/><E116/><V12/><F73/><W22/><G134/><T59/><D132/><U76/><E68/><V17/><F124/><W123/><G123/><T13/><D105/><U31/><E104/><V114/><F114/><W8/><G111/><T81/><D33/><U62/><E129/><V2/><F2/><W96/><G6/><T10/><D75/><U35/><E35/><V18/><F100/><W106/><G78/><T87/><D1/><U0/><E0/><V110/><F110/><W61/><G61/><T74/><D74/><U102/><E40/><V69/><F88/><W45/><G80/><T56/><D11/><U82/><E39/><V67/><F14/><W65/><G65/><T130/><D130/><U119/><E83/><V37/><REACH who="2" step="1"/><F52/><REACH who="2" ten="312,226,313,139" step="2"/><W51/><G91/><N who="0" m="55679" /><D44/><U107/><E120/><V19/><F19/><W122/><G122/><T84/><D84/><U3/><E3/><V115/><F115/><W103/><REACH who="3" step="1"/><G51/><REACH who="3" ten="312,226,313,129" step="2"/><T34/><D49/><U54/><E54/><V38/><F38/><W72/><G72/><T24/><D53/><U113/><E113/><V131/><F131/><W99/><G99/><T92/><D7/><U28/><E82/><V26/><F26/><W108/><G108/><T135/><D24/><U126/><E126/><V4/><F4/><W118/><G118/><T133/><D81/><U66/><E119/><V97/><F97/><W64/><G64/><T63/><D133/><U117/><E66/><V25/><F25/><W32/><G32/><T109/><D34/><RYUUKYOKU ba="1,2" sc="312,-15,226,-15,313,15,129,15" hai2="9,12,15,17,18,37,43,47,60,67,69,70,71" hai3="5,8,22,27,29,41,42,45,48,55,96,103,106" /><INIT seed="2,2,2,4,2,42" ten="297,211,328,144" oya="2" hai0="60,128,0,131,74,124,101,73,76,57,106,113,107" hai1="49,11,10,33,69,130,13,1,97,36,64,30,16" hai2="77,123,56,135,120,110,41,62,115,79,89,94,118" hai3="99,29,6,126,96,93,52,108,92,98,133,71,5"/><V15/><F118/><W48/><G71/><T88/><D0/><U66/><E36/><V103/><F115/><W46/><G126/><T70/><D70/><U102/><E130/><N who="0" m="49705" /><D113/><U19/><E69/><V45/><F135/><W20/><G133/><T83/><D124/><U40/><E30/><V114/><F114/><W50/><G108/><T59/><D74/><U27/><E27/><V25/><F110/><W68/><G68/><T80/><D101/><U47/><E33/><V2/><F2/><W43/><G29/><T61/><D61/><U129/><E129/><V67/><F103/><W38/><G20/><T81/><D57/><U31/><E31/><V84/><F25/><W82/><G82/><N who="0" m="31851" /><D88/><U91/><E91/><V87/><F87/><W121/><G121/><T122/><D122/><U35/><E35/><V72/><F72/><W32/><G32/><T90/><D90/><U21/><E21/><V100/><F120/><W58/><G38/><T14/><D14/><N who="1" m="7255" /><E1/><V39/><F123/><W17/><G17/><T111/><D111/><U105/><E105/><V86/><F15/><W7/><AGARI ba="2,2" hai="5,6,7,43,46,48,50,52,58,92,93,96,98,99" machi="7" ten="30,7900,0" yaku="0,1,8,1,52,1,54,1" doraHai="42" who="3" fromWho="3" sc="297,-22,211,-22,328,-41,144,105" /><INIT seed="3,0,0,1,3,84" ten="275,189,287,249" oya="3" hai0="109,1,75,104,15,134,52,129,90,6,108,96,50" hai1="38,101,48,12,60,62,20,74,5,36,64,25,126" hai2="110,39,58,22,76,4,105,127,9,37,3,70,61" hai3="85,81,68,119,59,66,19,95,99,51,0,27,71"/><W106/><G106/><T24/><D134/><U120/><E74/><V53/><F127/><W87/><G0/><T93/><D129/><U102/><E120/><V23/><F105/><W131/><G131/><T21/><D1/><U32/><E32/><V115/><F115/><W100/><G119/><T18/><D75/><U40/><E126/><V35/><F35/><W42/><G87/><T41/><D104/><U118/><E38/><V112/><F112/><W47/><G66/><T94/><D41/><U88/><E36/><V72/><F110/><N who="0" m="42602" /><D94/><U29/><E118/><V44/><F70/><W91/><G59/><N who="0" m="33175" /><D6/><U79/><E79/><V55/><F55/><W49/><G49/><T17/><D17/><U78/><E78/><V97/><F97/><W2/><REACH who="3" step="1"/><G2/><REACH who="3" ten="275,189,287,239" step="2"/><T111/><D111/><U89/><E48/><V11/><F39/><W54/><G54/><T114/><D114/><U132/><E132/><V117/><F117/><W130/><G130/><T43/><D43/><U113/><E40/><V103/><F37/><W33/><G33/><T86/><D86/><U135/><E135/><V92/><F53/><W107/><G107/><T98/><D96/><U116/><E116/><V80/><F58/><W57/><G57/><T125/><D125/><U73/><E73/><V77/><F72/><W82/><G82/><T121/><D121/><U46/><E113/><V133/><F80/><W67/><G67/><T45/><D45/><U8/><E46/><V13/><F44/><W122/><G122/><T14/><AGARI ba="0,1" hai="14,15,18,21,24,90,93,98" m="33175,42602" machi="14" ten="30,4000,0" yaku="14,1,52,1,54,1" doraHai="84" who="0" fromWho="0" sc="275,50,189,-10,287,-10,239,-20" /><INIT seed="4,0,0,1,4,29" ten="325,179,277,219" oya="0" hai0="115,38,107,92,126,94,7,83,59,57,106,131,73" hai1="91,36,70,89,132,3,96,84,15,62,102,19,123" hai2="61,30,75,31,78,103,40,53,130,81,133,17,72" hai3="128,49,135,41,51,118,14,11,111,63,23,90,88"/><T60/><D115/><U43/><E3/><V47/><F133/><W27/><G118/><T13/><D38/><U129/><E123/><V18/><F130/><W45/><G128/><T20/><D131/><U101/><E132/><V39/><F75/><W69/><G135/><T2/><D2/><U4/><E4/><V52/><F103/><W42/><G111/><T87/><D73/><U104/><E102/><V114/><F114/><W80/><G63/><T6/><D126/><U100/><E100/><V66/><F31/><W119/><G69/><T79/><D106/><U99/><E99/><V8/><F30/><W34/><G34/><T21/><D107/><U28/><E28/><V108/><F108/><W112/><G112/><T10/><D6/><U25/><E25/><V113/><F113/><W127/><G127/><T1/><D1/><U98/><E98/><V65/><F65/><W9/><G14/><T48/><D48/><U54/><E129/><V105/><F105/><W50/><G119/><T116/><D116/><U24/><E24/><V12/><REACH who="2" step="1"/><F18/><REACH who="2" ten="325,179,267,219" step="2"/><N who="3" m="12791" /><G45/><T37/><D37/><U95/><E19/><V109/><F109/><W0/><G42/><T93/><D59/><AGARI ba="0,1" hai="8,12,17,39,40,47,52,53,59,61,66,72,78,81" machi="59" ten="30,3900,0" yaku="1,1,7,1,54,1,53,0" doraHai="29" doraHaiUra="117" who="2" fromWho="0" sc="325,-39,179,0,267,49,219,0" /><INIT seed="5,0,0,4,0,44" ten="286,179,316,219" oya="1" hai0="19,12,102,0,89,27,14,17,43,16,80,110,11" hai1="15,41,84,119,48,13,81,120,117,40,118,124,91" hai2="79,111,61,72,60,5,67,18,87,1,97,122,6" hai3="64,85,26,123,105,130,125,75,10,8,28,65,30"/><U50/><E120/><V52/><F122/><W71/><G75/><T94/><D110/><U131/><E131/><V98/><F111/><W134/><G123/><T9/><D0/><U115/><E115/><V86/><F72/><W54/><G130/><T106/><D43/><U109/><E109/><V2/><F18/><W22/><G134/><T113/><D113/><U62/><E124/><V4/><F79/><W129/><G129/><T93/><D80/><U7/><E62/><V74/><F74/><W132/><G132/><T33/><D89/><U3/><E3/><V78/><F78/><W77/><G105/><T55/><D55/><U103/><E103/><V101/><F101/><W53/><G125/><T21/><REACH who="0" step="1"/><D33/><REACH who="0" ten="276,179,316,219" step="2"/><U66/><E66/><V58/><F1/><W31/><G65/><T88/><D88/><U56/><E119/><V100/><F2/><W63/><G53/><T45/><D45/><N who="1" m="25639" /><E117/><V24/><F100/><W128/><G54/><T25/><D25/><U42/><E118/><V38/><F24/><W114/><G114/><T76/><D76/><U34/><E34/><V95/><F38/><W51/><G128/><T39/><D39/><U90/><E41/><V46/><F46/><W29/><G77/><T107/><D107/><U116/><E116/><V68/><F95/><W47/><G64/><T83/><D83/><N who="1" m="49439" /><E56/><V73/><F73/><W23/><G47/><T35/><D35/><U69/><E69/><V59/><F68/><W112/><G71/><T70/><D70/><U127/><E127/><V133/><F133/><W99/><G112/><T20/><D20/><RYUUKYOKU ba="0,1" sc="276,15,179,-15,316,15,219,-15" hai0="9,11,12,14,16,17,19,21,27,93,94,102,106" hai2="4,5,6,52,58,59,60,61,67,86,87,97,98" /><INIT seed="6,1,1,5,3,48" ten="291,164,331,204" oya="2" hai0="35,37,15,77,85,66,8,5,54,100,4,11,30" hai1="108,1,125,64,110,43,97,26,75,39,114,57,34" hai2="107,106,134,62,94,88,72,38,83,123,27,2,22" hai3="95,86,124,113,20,116,47,9,0,19,101,31,53"/><V51/><F123/><W21/><G116/><T105/><D37/><U69/><E1/><V44/><F38/><W3/><G124/><T59/><D66/><U118/><E75/><V131/><F2/><W120/><G120/><T55/><D35/><U65/><E118/><V14/><F14/><W92/><G113/><T90/><D30/><U24/><E69/><V56/><F83/><W36/><G36/><T23/><D77/><U81/><E114/><V7/><F72/><W61/><G9/><T82/><D23/><U129/><E129/><V91/><F7/><W78/><G95/><T58/><D105/><U18/><E125/><V13/><F13/><W133/><G133/><T6/><D100/><U17/><E81/><V115/><F115/><W74/><G74/><T42/><D42/><U103/><E43/><V132/><F131/><W16/><G31/><T96/><D96/><U99/><E39/><V70/><F70/><W50/><G61/><N who="0" m="36055" /><D4/><U45/><E57/><V130/><F130/><W60/><G60/><N who="0" m="35967" /><D8/><U126/><E126/><V121/><F121/><W79/><G0/><T41/><D41/><U71/><E45/><V87/><F132/><W128/><G3/><T63/><D5/><U84/><E84/><V25/><F134/><W104/><G104/><T46/><D63/><U67/><E67/><N who="2" m="39367" /><F106/><W102/><G128/><T49/><D49/><U112/><E112/><V28/><F107/><W76/><G101/><T135/><D135/><U98/><E103/><V127/><F127/><W111/><G102/><T68/><D68/><U29/><E71/><V117/><F117/><RYUUKYOKU ba="1,1" sc="291,30,164,-10,331,-10,204,-10" hai0="6,11,15,46,82,85,90" /><INIT seed="7,2,1,3,4,32" ten="321,154,321,194" oya="3" hai0="8,60,9,68,30,99,106,125,57,24,53,49,80" hai1="111,45,117,131,78,96,64,35,37,133,15,47,3" hai2="63,16,75,98,120,81,114,55,72,91,5,44,135" hai3="52,101,46,28,12,104,10,65,71,121,59,19,0"/><W51/><G121/><T21/><D125/><U103/><E35/><V112/><F120/><W76/><G76/><T50/><D80/><U39/><E111/><V40/><F135/><W66/><G71/><T134/><D134/><U79/><E133/><V105/><F5/><W29/><G104/><T130/><D130/><U62/><E131/><V69/><F16/><N who="3" m="8215" /><G0/><T85/><D85/><U70/><E3/><V128/><F128/><W100/><G19/><T129/><D129/><U77/><E117/><V7/><F7/><W13/><G13/><T6/><D68/><U4/><E4/><V84/><F69/><W67/><G59/><T42/><D42/><U89/><E89/><V33/><F33/><W17/><G17/><T27/><D27/><U14/><E14/><V73/><F105/><W95/><G95/><T74/><D74/><U58/><E58/><V25/><F25/><W124/><G124/><T36/><D36/><U48/><E15/><V31/><F31/><AGARI ba="2,1" hai="28,29,31,46,51,52,65,66,67,100,101" m="8215" machi="31" ten="30,5800,0" yaku="8,1,54,2" doraHai="32" who="3" fromWho="2" sc="321,0,154,0,321,-64,194,74" /><INIT seed="7,3,0,1,4,17" ten="321,154,257,268" oya="3" hai0="95,31,11,73,15,122,38,133,20,72,115,98,74" hai1="14,61,71,64,118,48,30,79,103,13,93,0,5" hai2="119,107,78,70,43,96,99,126,57,88,135,104,56" hai3="65,10,37,33,27,75,62,106,67,110,45,101,134"/><W9/><G75/><T85/><D122/><U4/><E118/><V41/><F119/><W3/><G110/><T81/><D38/><U12/><E79/><V131/><F70/><W100/><G134/><T112/><D133/><U113/><E113/><N who="0" m="43593" /><D20/><U18/><E0/><V87/><F135/><W2/><G33/><T105/><D105/><U40/><E30/><V22/><F131/><W23/><G2/><T39/><D39/><U92/><E92/><N who="2" m="54303" /><F126/><W29/><G3/><T77/><D31/><U16/><E4/><V102/><F78/><W128/><G128/><T84/><D84/><U66/><E66/><V114/><F114/><W97/><G101/><N who="0" m="60639" /><D73/><U25/><E5/><AGARI ba="3,0" hai="5,11,15,72,74,77,81,85" m="60639,43593" machi="5" ten="30,2000,0" yaku="15,1,11,1" doraHai="17" who="0" fromWho="1" sc="321,29,154,-29,257,0,268,0" owari="350,44.0,125,-37.0,257,-14.0,268,7.0" /></mjloggm>