<mjloggm ver="2.3"><GO type="169" lobby="0"/><UN n0="%E9%B3%B3%E6%8B%B3" n1="%E6%9C%88%E5%8D%83%E4%B8%80%E5%A4%9C" n2="%E3%82%A6%E3%83%AB%E3%83%88%E3%83%A9%E7%AB%8B%E7%9B%B4" n3="%E3%80%93%E6%9D%BE%E4%BA%95%EF%BC%A3%EF%BC%B3%E3%80%93" dan="16,16,17,18" rate="2086.13,2128.12,2077.27,2227.54" sx="M,F,M,M"/><TAIKYOKU oya="0"/><INIT seed="0,0,0,3,2,109" ten="250,250,250,250" oya="0" hai0="48,8,28,91,39,17,126,81,85,42,88,94,25" hai1="11,37,114,68,24,47,103,124,12,102,0,43,35" hai2="1,16,21,95,108,30,71,65,18,96,34,117,15" hai3="132,50,129,106,19,121,52,40,90,70,5,23,59"/><T118/><D118/><U60/><E124/><V14/><F108/><W2/><G132/><T9/><D126/><U10/><E0/><V122/><F1/><W31/><G129/><T44/><D39/><U104/><E114/><V115/><F122/><W27/><G121/><T76/><D17/><U101/><E104/><V133/><F133/><W45/><G70/><T89/><REACH who="0" step="1"/><D94/><REACH who="0" ten="240,250,250,250" step="2"/><U56/><E37/><V98/><F117/><W97/><G106/><T6/><D6/><U82/><E10/><V125/><F125/><W63/><G5/><T55/><D55/><U46/><E11/><V67/><F95/><N who="3" m="56567" /><G2/><T83/><D83/><U112/><E12/><V111/><F111/><W116/><G116/><T74/><D74/><U86/><E82/><V20/><F30/><AGARI ba="0,1" hai="19,23,27,30,31,40,45,50,52,59,63" m="56567" machi="30" ten="30,3900,0" yaku="25,1,8,1,54,1" doraHai="109" who="3" fromWho="2" sc="240,0,250,0,250,-39,250,49" /><INIT seed="1,0,0,3,1,36" ten="240,250,211,299" oya="1" hai0="12,10,91,79,84,20,58,101,96,35,3,34,100" hai1="4,49,102,118,61,13,116,95,124,66,18,56,50" hai2="15,120,99,73,51,52,7,32,43,25,135,60,111" hai3="42,89,17,83,106,76,85,112,117,33,22,125,78"/><U64/><E4/><V70/><F73/><W133/><G33/><T113/><D113/><U119/><E124/><V28/><F120/><W107/><G112/><T41/><D79/><U88/><E102/><V82/><F135/><W11/><G133/><T114/><D114/><U115/><E66/><V0/><F111/><W108/><G108/><T72/><D72/><U131/><E131/><V47/><F0/><W63/><G78/><T54/><D100/><U68/><E68/><V6/><F82/><W92/><G11/><T109/><D109/><U103/><E103/><V121/><F121/><W65/><G117/><T48/><D3/><U21/><REACH who="1" step="1"/><E115/><REACH who="1" ten="240,240,211,299" step="2"/><V80/><F6/><W16/><G125/><T81/><D35/><U14/><E14/><V26/><F7/><W37/><G107/><T53/><D34/><U128/><E128/><V31/><F15/><W38/><G106/><T87/><D101/><U1/><E1/><V5/><F5/><W29/><G29/><T77/><D12/><U55/><E55/><V9/><F70/><W126/><G126/><T40/><D10/><U98/><AGARI ba="0,1" hai="13,18,21,49,50,56,61,64,88,95,98,116,118,119" machi="98" ten="30,11700,0" yaku="1,1,0,1,54,1,53,1" doraHai="36" doraHaiUra="93" who="1" fromWho="1" sc="240,-39,240,127,211,-39,299,-39" /><INIT seed="1,1,0,5,4,8" ten="201,367,172,260" oya="1" hai0="108,61,90,74,54,47,56,100,14,7,0,1,28" hai1="53,69,26,87,104,3,105,81,38,92,24,128,119" hai2="18,48,27,122,17,99,107,23,63,78,68,37,72" hai3="4,70,89,113,58,101,36,86,94,16,95,116,22"/><U110/><E119/><V39/><F122/><W75/><G70/><T71/><D108/><U45/><E69/><V6/><F6/><W20/><G75/><T82/><D100/><U65/><E3/><V64/><F78/><W60/><G36/><T44/><D28/><U97/><E65/><V79/><F79/><W109/><G109/><T50/><D71/><U114/><E114/><V25/><F72/><W40/><G40/><T121/><D47/><U123/><E123/><V62/><F99/><N who="3" m="59639" /><G4/><T115/><D115/><U67/><E67/><V76/><F76/><W111/><G116/><T126/><D121/><U32/><E128/><V133/><F107/><W13/><G111/><T29/><D29/><U84/><E32/><V124/><F63/><W52/><G113/><T59/><D126/><U43/><E53/><V85/><F124/><W46/><G46/><T34/><D59/><U127/><E127/><V117/><F117/><W134/><G134/><T19/><D34/><U35/><E35/><V125/><F125/><W55/><G55/><T131/><D7/><U66/><E45/><V77/><F133/><W91/><G89/><T80/><D74/><U73/><E73/><V49/><F39/><W42/><G42/><N who="0" m="24855" /><D0/><U30/><E38/><V10/><F37/><W135/><G135/><T118/><D1/><U21/><E43/><V9/><F49/><W57/><G57/><T41/><D131/><U88/><E110/><V33/><F48/><W31/><G31/><T129/><D129/><U15/><E30/><V112/><F112/><W83/><G83/><T96/><D118/><RYUUKYOKU ba="1,0" sc="201,-10,367,-10,172,-10,260,30" hai3="13,16,20,22,52,58,60,86,91,95" /><INIT seed="2,2,0,3,3,105" ten="191,357,162,290" oya="2" hai0="93,119,63,98,87,69,78,51,22,113,125,132,128" hai1="80,86,70,55,15,99,96,68,133,135,1,76,79" hai2="95,49,24,62,57,100,127,114,9,4,61,56,41" hai3="108,20,44,33,75,64,46,29,89,59,5,91,107"/><V25/><F114/><W19/><G107/><T103/><D113/><U82/><E55/><V110/><F127/><W35/><G5/><T101/><D125/><U73/><E15/><V30/><F110/><W116/><G75/><T54/><D119/><U94/><E1/><V6/><F41/><W14/><G116/><T39/><D39/><U16/><E16/><V12/><F6/><W120/><G120/><T11/><D128/><U32/><E32/><V131/><F131/><W71/><G71/><T38/><D38/><U42/><E42/><V106/><F106/><W124/><G35/><T111/><D132/><N who="1" m="50763" /><E70/><V112/><F112/><W72/><G72/><T117/><D117/><U115/><E68/><V118/><F118/><W58/><G33/><T48/><D111/><U60/><E60/><V21/><F25/><W109/><G29/><T34/><D34/><U83/><E115/><V2/><F2/><W81/><G124/><T28/><D11/><U97/><E82/><V129/><F129/><W104/><G81/><T26/><D69/><U102/><AGARI ba="2,0" hai="73,76,79,80,83,86,94,96,97,99,102" m="50763" machi="102" ten="30,7900,0" yaku="20,1,34,2,52,1" doraHai="105" who="1" fromWho="1" sc="191,-22,357,85,162,-41,290,-22" /><INIT seed="3,0,0,3,5,75" ten="169,442,121,268" oya="3" hai0="98,121,80,92,14,50,56,47,114,68,16,54,118" hai1="78,15,76,96,38,64,1,48,88,30,124,128,31" hai2="18,37,99,85,17,5,81,119,106,67,27,41,53" hai3="103,70,58,52,127,42,134,9,45,130,36,116,101"/><W49/><G116/><T23/><D121/><U120/><E38/><V35/><F119/><W110/><G134/><T20/><D118/><U10/><E1/><V135/><F135/><W79/><G130/><T39/><D114/><U83/><E120/><V97/><F5/><W44/><G127/><T112/><D112/><U131/><E124/><V0/><F0/><W91/><G70/><T73/><D68/><U12/><E64/><V57/><F67/><W129/><G129/><N who="1" m="49738" /><E48/><V59/><F41/><W60/><G110/><T86/><D73/><N who="1" m="43407" /><E78/><N who="2" m="46263" /><F106/><W3/><G79/><N who="0" m="46367" /><D39/><U46/><E46/><V90/><F37/><W32/><G32/><T28/><D47/><U13/><E10/><V109/><F35/><W93/><G9/><N who="0" m="6223" /><D28/><U34/><E34/><V108/><F108/><W105/><G105/><T126/><D126/><U7/><E7/><V133/><F133/><W100/><G3/><T19/><D19/><U95/><AGARI ba="0,0" hai="12,13,15,30,31,88,95,96" m="43407,49738" machi="95" ten="40,5200,0" yaku="19,1,52,1,54,1" doraHai="75" who="1" fromWho="1" sc="169,-13,442,52,121,-13,268,-26" /><INIT seed="4,0,0,0,4,31" ten="156,494,108,242" oya="0" hai0="111,63,7,72,16,98,29,106,56,113,133,131,43" hai1="42,48,130,18,34,47,58,2,65,57,55,132,22" hai2="88,59,10,50,21,102,12,38,101,45,95,13,89" hai3="15,3,104,60,109,30,86,90,105,91,73,100,123"/><T127/><D113/><U115/><E115/><V41/><F89/><W51/><G3/><T5/><D111/><U76/><E34/><V134/><F134/><W78/><G30/><T36/><D133/><U37/><E2/><V49/><F38/><W96/><G60/><T74/><D127/><U14/><E130/><V87/><F13/><W6/><G6/><T71/><D71/><U121/><E121/><V44/><F21/><W40/><G40/><T66/><D131/><U80/><E132/><V107/><F107/><N who="3" m="63879" /><G51/><T28/><D43/><U24/><E65/><V85/><F59/><W94/><G15/><T92/><D36/><U124/><E124/><V126/><F126/><W93/><G123/><T68/><D106/><U69/><E69/><V70/><F70/><W75/><G109/><T35/><D68/><U17/><E42/><N who="2" m="24727" /><F87/><N who="3" m="52447" /><G75/><T23/><D7/><AGARI ba="0,0" hai="7,10,12,41,45,50,85,88,95,101,102" m="24727" machi="7" ten="30,2000,0" yaku="8,1,54,1" doraHai="31" who="2" fromWho="0" sc="156,-20,494,0,108,20,242,0" /><INIT seed="5,0,0,1,0,88" ten="136,494,128,242" oya="1" hai0="89,12,68,81,41,26,42,80,79,60,128,73,29" hai1="112,121,51,97,96,67,82,46,45,77,69,38,13" hai2="115,109,106,117,124,104,101,123,58,135,2,84,19" hai3="21,64,105,61,57,98,86,7,116,30,87,49,33"/><U37/><E112/><V85/><F58/><W34/><G116/><T110/><D110/><U99/><E121/><V18/><F101/><W31/><G7/><T53/><D128/><U24/><E24/><V62/><F62/><W16/><G34/><T94/><D81/><U25/><E25/><V78/><F78/><W63/><G33/><T114/><D114/><U108/><E108/><V72/><F84/><W6/><G6/><T48/><D12/><U43/><E13/><V0/><F85/><W71/><G87/><T90/><D68/><U127/><E69/><V35/><F19/><W36/><G36/><T118/><D60/><U83/><E77/><V100/><F18/><W3/><G3/><T95/><D118/><U126/><E96/><V11/><F100/><W122/><G49/><T4/><D4/><U17/><E17/><V1/><F11/><W50/><G50/><T15/><D15/><U111/><E51/><V5/><F5/><W76/><G122/><T132/><D132/><U134/><E111/><V133/><F133/><W107/><G107/><T44/><D89/><U75/><E134/><V91/><F91/><W32/><G32/><T55/><D55/><U131/><E67/><V22/><F2/><W113/><G113/><T39/><D90/><U70/><E83/><V92/><F0/><W66/><G76/><T129/><D129/><U47/><E131/><V119/><F1/><W102/><G86/><T27/><D27/><AGARI ba="0,0" hai="16,21,27,30,31,57,61,63,64,66,71,98,102,105" machi="27" ten="30,2000,0" yaku="7,1,54,1" doraHai="88" who="3" fromWho="0" sc="136,-20,494,0,128,0,242,20" /><INIT seed="6,0,0,2,3,109" ten="116,494,128,262" oya="2" hai0="41,0,54,74,100,27,84,98,92,57,43,55,78" hai1="51,62,18,91,83,38,67,31,71,99,52,36,107" hai2="135,127,56,133,34,13,12,89,23,90,114,128,26" hai3="112,19,39,22,132,53,96,47,118,45,17,66,113"/><V24/><F56/><W125/><G118/><T60/><D0/><U76/><E31/><N who="2" m="19831" /><F89/><W111/><G111/><T61/><D74/><U102/><E91/><V25/><F90/><W44/><G132/><N who="2" m="50761" /><F127/><W8/><G125/><T6/><D6/><U49/><E49/><V46/><F46/><W16/><G66/><T9/><D9/><U130/><E130/><V63/><F63/><W101/><G8/><T33/><D33/><U106/><E106/><V77/><F77/><W131/><G131/><T88/><D78/><U11/><E76/><V5/><F128/><W68/><G68/><T2/><D2/><U40/><E83/><V48/><F48/><W73/><G73/><T75/><D27/><U95/><E107/><V87/><F87/><W80/><G80/><N who="0" m="49159" /><D75/><U129/><E129/><V29/><F114/><N who="3" m="44139" /><G39/><T70/><D70/><U123/><E71/><V59/><F59/><AGARI ba="0,0" hai="41,43,54,55,57,59,60,61,92,98,100" m="49159" machi="59" ten="30,2000,0" yaku="8,1,54,1" doraHai="109" who="0" fromWho="2" sc="116,20,494,0,128,-20,262,0" /><INIT seed="7,0,0,0,3,49" ten="136,494,108,262" oya="3" hai0="31,55,43,47,118,89,25,72,127,73,61,135,9" hai1="96,74,23,41,29,24,54,86,95,11,3,27,14" hai2="94,68,109,111,134,130,42,48,13,79,18,115,51" hai3="90,123,30,98,132,59,6,112,129,39,70,46,60"/><W75/><G123/><T114/><D118/><U10/><E74/><V66/><F79/><W62/><G75/><T103/><D127/><U19/><E41/><V85/><F130/><W17/><G70/><T101/><D135/><U92/><E54/><V124/><F134/><W21/><G132/><T91/><D114/><U16/><E86/><V0/><F0/><W131/><G112/><T113/><D113/><U12/><E96/><V104/><F104/><W57/><G30/><T69/><D72/><U84/><E84/><V82/><F115/><W37/><G6/><T120/><D120/><U119/><E119/><V44/><F124/><W71/><G71/><T35/><D73/><U87/><E87/><V106/><F106/><W126/><G46/><T77/><D77/><U88/><E88/><N who="2" m="53519" /><F82/><W107/><G126/><T133/><D133/><U40/><E40/><V102/><F102/><W45/><G45/><T128/><D128/><U52/><E52/><N who="2" m="29703" /><F51/><W76/><G76/><T97/><D9/><U58/><E3/><V38/><F42/><W117/><G117/><T50/><D101/><U7/><E58/><V36/><F68/><W108/><G108/><N who="2" m="41545" /><F66/><N who="3" m="39183" /><G131/><T83/><D83/><U105/><E105/><V53/><F53/><N who="3" m="34159" /><G129/><T78/><D78/><U80/><E80/><V122/><F122/><W26/><G107/><N who="0" m="63983" /><D55/><U65/><E65/><AGARI ba="0,0" hai="25,31,35,43,47,50,61,65,69,89,91" m="63983" machi="65" ten="30,1000,0" yaku="25,1" doraHai="49" who="0" fromWho="1" sc="136,10,494,-10,108,0,262,0" owari="146,-25.0,484,58.0,108,-39.0,262,6.0" /></mjloggm>