<mjloggm ver="2.3"><GO type="97" lobby="0"/><UN n0="%E3%81%8A%E3%83%BC%E3%81%9F%E3%81%91" n1="%E3%81%A1%E3%82%83%E3%81%92" n2="%46%55%4E%59%41%4E" n3="%E3%82%A6%E3%83%AB%E3%83%88%E3%83%A9%E7%AB%8B%E7%9B%B4" dan="14,13,13,15" rate="1882.91,1831.24,1887.68,2006.07" sx="M,M,F,M"/><TAIKYOKU oya="0"/><INIT seed="0,0,0,0,0,26" ten="250,250,250,250" oya="0" hai0="24,104,41,8,68,50,54,57,7,23,88,20,45" hai1="133,43,12,30,56,58,93,124,110,80,90,96,65" hai2="32,66,85,17,52,37,78,19,107,27,70,127,86" hai3="87,0,131,95,59,119,92,128,69,11,42,82,134"/><T14/><D68/><U10/><E124/><V47/><F107/><W63/><G69/><T71/><D71/><U102/><E133/><V9/><F70/><W106/><G106/><T117/><D117/><U103/><E43/><V46/><F66/><W77/><G42/><T132/><D104/><U3/><E3/><V100/><F100/><W18/><G134/><T2/><D2/><U61/><E110/><V55/><F37/><W123/><G123/><T115/><D115/><U114/><E114/><V33/><F27/><W64/><G119/><T39/><D132/><U75/><E75/><V49/><F9/><W89/><G95/><T48/><D39/><U99/><E80/><V29/><F78/><W38/><G38/><T28/><REACH who="0" step="1"/><D88/><REACH who="0" ten="240,250,250,250" step="2"/><U51/><E90/><V44/><F127/><W72/><G0/><T60/><D60/><U5/><E102/><V97/><F97/><W62/><G62/><T13/><D13/><U34/><E99/><V122/><F122/><W120/><G120/><T81/><D81/><U84/><E103/><V6/><F49/><W108/><G89/><T113/><D113/><U73/><E96/><V67/><F67/><W121/><G121/><T135/><D135/><U15/><E51/><V25/><F25/><W94/><G94/><T31/><D31/><U129/><E93/><V1/><F29/><W98/><G92/><T130/><D130/><U109/><E30/><V53/><F1/><W118/><G98/><T16/><D16/><N who="2" m="6218" /><F6/><W125/><G128/><T35/><AGARI ba="0,1" hai="7,8,14,20,23,24,28,35,41,45,48,50,54,57" machi="35" ten="20,7800,0" yaku="1,1,0,1,7,1,52,1,53,0" doraHai="26" doraHaiUra="111" who="0" fromWho="0" sc="240,88,250,-26,250,-26,250,-26" /><INIT seed="0,1,0,2,2,54" ten="328,224,224,224" oya="0" hai0="99,78,93,30,26,121,39,73,96,122,5,84,67" hai1="11,51,69,57,80,36,89,35,43,41,77,38,91" hai2="1,133,65,66,126,72,31,59,97,100,16,45,128" hai3="111,32,2,22,117,86,63,9,10,20,24,52,131"/><T25/><D39/><U4/><E69/><V6/><F72/><W17/><G117/><T118/><D118/><U13/><E35/><V29/><F133/><W19/><G32/><T108/><D73/><U64/><E41/><V83/><F128/><W130/><G111/><T74/><D74/><U3/><E36/><V7/><F126/><W14/><G86/><T125/><D125/><U48/><E48/><V88/><F45/><W56/><G2/><T70/><D5/><N who="2" m="1546" /><F1/><W101/><G101/><T85/><D108/><U95/><E3/><V50/><F100/><W46/><G46/><T120/><D26/><U61/><E38/><V116/><F116/><W68/><G68/><T55/><D96/><U113/><E113/><V123/><F123/><W15/><G24/><T129/><D129/><AGARI ba="1,0" hai="9,10,14,15,17,19,20,22,52,56,63,129,130,131" machi="129" ten="40,8000,1" yaku="9,1,19,1,52,1,54,1" doraHai="54" who="3" fromWho="0" sc="328,-83,224,0,224,0,224,83" /><INIT seed="1,0,0,3,2,69" ten="245,224,224,307" oya="1" hai0="111,121,96,59,89,104,77,76,47,57,41,8,78" hai1="83,87,56,72,125,112,95,79,32,105,14,52,74" hai2="122,60,19,71,81,33,124,128,114,65,17,70,25" hai3="80,43,103,88,2,119,50,22,6,20,54,110,126"/><U62/><E112/><V5/><F122/><W61/><G110/><T29/><D111/><U38/><E105/><V67/><F114/><W12/><G2/><T133/><D29/><U44/><E32/><V15/><F124/><W7/><G103/><T92/><D121/><U135/><E125/><V28/><F128/><W3/><G3/><T130/><D130/><U40/><E135/><V26/><F26/><W51/><G61/><T0/><D104/><U23/><E23/><V106/><F81/><W35/><G35/><T9/><D133/><U4/><E4/><V102/><F65/><W86/><G119/><T1/><D1/><U99/><REACH who="1" step="1"/><E14/><REACH who="1" ten="245,214,224,307" step="2"/><V123/><F123/><W16/><G22/><T98/><D0/><U55/><E55/><V116/><F116/><W64/><G126/><T18/><D9/><U10/><E10/><V75/><F5/><W36/><G7/><T53/><D8/><U120/><E120/><V39/><F15/><W73/><G6/><T31/><D53/><U63/><E63/><V34/><F60/><W48/><G64/><T21/><D21/><U100/><AGARI ba="0,1" hai="38,40,44,52,56,62,72,74,79,83,87,95,99,100" machi="100" ten="20,12000,1" yaku="1,1,0,1,7,1,52,1,54,1,53,0" doraHai="69" doraHaiUra="27" who="1" fromWho="1" sc="245,-40,214,130,224,-40,307,-40" /><INIT seed="1,1,0,4,1,67" ten="205,344,184,267" oya="1" hai0="76,51,18,63,86,84,89,113,15,125,99,80,61" hai1="17,116,95,62,37,31,30,58,54,104,131,101,45" hai2="74,11,4,41,130,53,65,92,16,10,133,127,36" hai3="87,114,79,24,91,22,0,126,33,107,26,100,42"/><U7/><E116/><V3/><F74/><W132/><G0/><T8/><D113/><U44/><E104/><V129/><F133/><W55/><G114/><T19/><D125/><U103/><E7/><V46/><F127/><W43/><G126/><T23/><D99/><N who="1" m="59647" /><E103/><V59/><F65/><W48/><G79/><T70/><D51/><U32/><E32/><V73/><F73/><W78/><G78/><T6/><D18/><U12/><E37/><V57/><F92/><W119/><G119/><T49/><D49/><N who="1" m="28967" /><E45/><V25/><F59/><W94/><G132/><T124/><D70/><U64/><E131/><N who="2" m="50187" /><F4/><W97/><G33/><T27/><REACH who="0" step="1"/><D124/><REACH who="0" ten="195,344,184,267" step="2"/><U1/><E1/><V93/><F3/><W90/><G43/><T13/><D13/><U71/><E71/><V118/><F118/><W2/><G42/><T83/><AGARI ba="1,1" hai="6,8,15,19,23,27,61,63,76,80,83,84,86,89" machi="83" ten="20,5200,0" yaku="1,1,0,1,7,1,8,1,53,0" doraHai="67" doraHaiUra="128" who="0" fromWho="0" sc="195,65,344,-27,184,-14,267,-14" /><INIT seed="2,0,0,4,1,50" ten="260,317,170,253" oya="2" hai0="85,123,26,40,113,126,42,82,3,114,43,101,79" hai1="44,75,34,1,121,94,112,110,81,77,45,92,86" hai2="91,100,39,9,65,52,11,58,8,35,16,70,125" hai3="25,118,83,15,56,63,66,106,111,21,36,128,130"/><V89/><F35/><W72/><G106/><T20/><D3/><U46/><E34/><V84/><F39/><W61/><G36/><T76/><D123/><U28/><E28/><V120/><F120/><W5/><G118/><T102/><D126/><U132/><E1/><V122/><F122/><W71/><G111/><T109/><D109/><U55/><E110/><V54/><F125/><W127/><G127/><T2/><D2/><U95/><E121/><V53/><F70/><W119/><G119/><T104/><D79/><U103/><E112/><V22/><F100/><W69/><G83/><T98/><REACH who="0" step="1"/><D102/><REACH who="0" ten="250,317,170,253" step="2"/><U135/><E103/><V134/><F134/><N who="1" m="51241" /><E75/><V57/><F65/><W64/><G72/><T74/><D74/><U124/><E124/><V60/><F60/><W62/><G62/><T23/><D23/><U73/><E73/><V108/><F108/><W59/><G69/><T0/><D0/><U6/><E6/><V10/><N who="2" m="2560" /><DORA hai="7" /><V33/><F33/><W115/><G71/><T90/><D90/><N who="2" m="34314" /><F84/><W32/><G32/><T107/><D107/><U99/><E99/><V51/><F51/><AGARI ba="0,1" hai="44,45,46,51,55,77,81,86,92,94,95" m="51241" machi="51" ten="30,2000,0" yaku="20,1,52,1" doraHai="50,7" who="1" fromWho="2" sc="250,0,317,30,170,-20,253,0" /><INIT seed="3,0,0,5,2,74" ten="250,347,150,253" oya="3" hai0="22,99,63,55,109,116,80,66,61,3,127,42,54" hai1="48,81,20,67,132,13,110,102,93,92,52,76,105" hai2="30,75,125,32,120,49,131,97,82,119,117,60,122" hai3="15,115,9,1,59,70,133,106,98,12,34,51,91"/><W6/><G70/><T71/><D3/><U10/><E132/><V73/><F49/><W103/><G115/><T31/><D116/><N who="2" m="44618" /><F60/><W46/><G34/><T86/><D42/><U135/><E67/><V96/><F30/><W44/><G133/><T28/><D127/><U35/><E35/><V124/><F32/><W85/><G59/><T38/><D38/><U113/><E113/><V68/><F68/><W45/><REACH who="3" step="1"/><G51/><REACH who="3" ten="250,347,150,243" step="2"/><T89/><D71/><U36/><E135/><V69/><F69/><W26/><G26/><T23/><D63/><U19/><E36/><V108/><F131/><W134/><G134/><T4/><D61/><U130/><E130/><V126/><F108/><W53/><G53/><T56/><D109/><U8/><E110/><V17/><F17/><W123/><G123/><N who="2" m="47145" /><F82/><AGARI ba="0,1" hai="1,6,9,12,15,44,45,46,82,85,91,98,103,106" machi="82" ten="40,2000,0" yaku="1,1,53,0" doraHai="74" doraHaiUra="129" who="3" fromWho="2" sc="250,0,347,0,150,-20,243,30" /><INIT seed="3,1,0,5,1,30" ten="250,347,130,273" oya="3" hai0="61,68,126,51,11,59,9,29,94,58,112,102,106" hai1="122,38,45,107,10,23,86,127,99,75,116,124,13" hai2="114,15,96,33,67,41,117,76,113,87,36,28,21" hai3="70,27,31,50,129,18,123,32,78,22,49,131,84"/><W82/><G70/><T73/><D73/><U0/><E75/><V90/><F117/><W42/><G123/><T130/><D106/><U135/><E122/><V66/><F36/><W60/><G60/><T83/><D68/><U52/><E116/><V71/><F41/><W64/><G64/><T44/><D59/><U39/><E135/><V65/><F71/><W132/><G132/><T55/><D112/><U37/><E0/><V40/><F40/><W12/><G42/><T134/><D134/><U119/><E119/><V109/><F76/><W72/><G72/><T115/><D115/><U108/><E108/><V54/><F96/><W48/><AGARI ba="1,0" hai="12,18,22,27,31,32,48,49,50,78,82,84,129,131" machi="48" ten="30,3000,0" yaku="0,1,52,1" doraHai="30" who="3" fromWho="3" sc="250,-11,347,-11,130,-11,273,33" /><INIT seed="3,2,0,0,4,41" ten="239,336,119,306" oya="3" hai0="32,61,43,126,124,92,20,64,55,67,51,60,72" hai1="76,7,15,75,102,57,89,88,23,98,114,63,33" hai2="80,93,103,56,5,19,26,90,91,128,11,108,118" hai3="40,52,105,25,132,17,71,78,119,129,101,36,125"/><W30/><G119/><T8/><D32/><U122/><E33/><V112/><F118/><W99/><G125/><N who="0" m="48235" /><D72/><U77/><E122/><V6/><F112/><W10/><G129/><T120/><D8/><U46/><E114/><V1/><F128/><W3/><G132/><T38/><D92/><U27/><E75/><V86/><F108/><W58/><G78/><T66/><D20/><U123/><E123/><V65/><F103/><W96/><G71/><T68/><D120/><U29/><E77/><V94/><F6/><W69/><G69/><T104/><D104/><U87/><E76/><V109/><F109/><W62/><G99/><T81/><D81/><U117/><E117/><V4/><F4/><W116/><G116/><T79/><D79/><U21/><E87/><V134/><F134/><W28/><G3/><T107/><D107/><U85/><E85/><V18/><F26/><W84/><G84/><T106/><D106/><U2/><E2/><V131/><F131/><W127/><G127/><T39/><D43/><U31/><E102/><V48/><F80/><W42/><G40/><T133/><D133/><U34/><E98/><V35/><F35/><W100/><G100/><T37/><D68/><U111/><E34/><V115/><F115/><W110/><G110/><T82/><D82/><U22/><E111/><V12/><F1/><W47/><G10/><T45/><AGARI ba="2,0" hai="37,38,39,45,51,55,60,61,64,66,67" m="48235" machi="45" ten="40,8000,1" yaku="18,1,34,2,52,1" doraHai="41" who="0" fromWho="0" sc="239,86,336,-22,119,-22,306,-42" owari="325,43.0,314,11.0,97,-40.0,264,-14.0" /></mjloggm>