<mjloggm ver="2.3"><GO type="97" lobby="0"/><UN n0="%E3%82%A6%E3%83%AB%E3%83%88%E3%83%A9%E7%AB%8B%E7%9B%B4" n1="%70%6F%6D%65%6B%6F" n2="%E4%BA%8C%E4%BB%A3%E7%9B%AE%E3%82%A2%E3%83%A1%E3%83%96%E3%83%A9" n3="%72%61%70%75%6E%7A%65%6C" dan="15,13,15,14" rate="1940.16,1828.69,1997.88,1946.96" sx="M,F,M,M"/><TAIKYOKU oya="0"/><INIT seed="0,0,0,5,3,37" ten="250,250,250,250" oya="0" hai0="61,14,57,31,122,118,84,49,74,100,127,21,63" hai1="19,16,30,22,105,131,28,24,12,20,53,97,62" hai2="0,104,27,54,5,46,89,7,121,26,52,10,59" hai3="47,72,106,78,79,70,8,17,36,129,4,115,50"/><T66/><D74/><U120/><E120/><V65/><F104/><W95/><G115/><T68/><D118/><U40/><E131/><V80/><F121/><W23/><G106/><T126/><D122/><U94/><E105/><V108/><F108/><W125/><G70/><T103/><D84/><U110/><E110/><V18/><F0/><W67/><G125/><N who="0" m="47627" /><D49/><U39/><E39/><V6/><F65/><W75/><G67/><N who="0" m="39343" /><D31/><U91/><E40/><V60/><F46/><W25/><G129/><T32/><D32/><U111/><E111/><V58/><F80/><W11/><G95/><T51/><D51/><U107/><E107/><V77/><F77/><W42/><G50/><T33/><D33/><U133/><E133/><V134/><F134/><W86/><G86/><T38/><D38/><U43/><E43/><V1/><F89/><W119/><G119/><T98/><D98/><U2/><E2/><V64/><F1/><W81/><G4/><T87/><D87/><U102/><E102/><V132/><F132/><W130/><G130/><T41/><D41/><U56/><AGARI ba="0,0" hai="12,16,19,20,22,24,28,30,53,56,62,91,94,97" machi="56" ten="30,8000,1" yaku="0,1,25,2,8,1,54,1" doraHai="37" who="1" fromWho="1" sc="250,-40,250,80,250,-20,250,-20" /><INIT seed="1,0,0,5,0,31" ten="210,330,230,230" oya="1" hai0="27,20,18,75,92,37,82,73,105,91,53,129,2" hai1="74,25,43,81,60,71,0,29,28,48,24,11,16" hai2="7,133,83,93,45,115,112,118,36,44,52,77,51" hai3="79,26,66,22,76,50,46,59,19,6,100,5,122"/><U12/><E71/><V39/><F118/><W9/><G122/><T98/><D37/><U123/><E0/><V96/><F7/><W56/><G100/><T113/><D113/><N who="2" m="43594" /><F44/><W95/><G95/><T3/><D129/><U132/><E123/><V42/><F42/><W108/><G108/><T47/><D105/><U85/><E74/><N who="2" m="43447" /><F133/><W57/><G66/><T125/><D125/><U94/><E132/><V58/><F45/><W49/><G9/><T33/><D73/><U89/><E60/><V124/><F124/><W121/><G121/><T4/><D4/><N who="3" m="1641" /><G49/><T15/><D3/><U88/><E48/><V134/><F134/><W110/><G110/><T127/><D2/><U86/><E43/><AGARI ba="0,0" hai="19,22,26,43,46,50,56,57,59,76,79" m="1641" machi="43" ten="30,1000,0" yaku="8,1" doraHai="31" who="3" fromWho="1" sc="210,0,330,-10,230,0,230,10" /><INIT seed="2,0,0,4,1,43" ten="210,320,230,240" oya="2" hai0="104,130,0,95,115,112,72,131,82,39,108,87,132" hai1="119,134,12,1,40,35,80,55,129,81,45,59,118" hai2="64,58,106,99,9,114,105,27,50,92,66,53,21" hai3="32,22,62,84,111,31,133,54,6,69,41,28,117"/><V65/><F114/><N who="0" m="43562" /><D0/><U57/><E1/><V4/><F4/><W63/><G32/><T85/><D39/><U24/><E129/><N who="0" m="49161" /><D104/><U94/><E134/><V70/><F9/><W78/><G133/><T7/><D7/><U38/><E35/><V60/><F106/><W122/><G122/><T42/><D42/><U20/><E59/><V25/><F105/><W107/><G69/><T75/><D132/><U120/><E120/><V47/><F70/><W135/><G107/><T23/><D23/><U30/><E118/><V97/><F27/><W51/><G117/><T103/><D108/><U11/><E119/><V36/><F36/><W121/><G111/><T88/><D103/><U13/><E94/><V34/><F34/><W76/><G121/><T128/><N who="0" m="49169" /><T86/><DORA hai="18" /><D82/><U113/><E13/><V67/><REACH who="2" step="1"/><F92/><REACH who="2" ten="210,320,220,240" step="2"/><W14/><G6/><T93/><D93/><U126/><E113/><V101/><F101/><W98/><G135/><T96/><AGARI ba="0,1" hai="72,75,85,86,87,88,95,96" m="49169,43562" machi="96" ten="50,8000,1" yaku="19,1,34,2,54,1" doraHai="43,18" who="0" fromWho="0" sc="210,90,320,-20,220,-40,240,-20" /><INIT seed="3,0,0,0,0,134" ten="300,300,180,220" oya="3" hai0="4,0,76,2,57,77,51,122,105,48,59,127,12" hai1="89,70,18,19,30,40,35,14,106,109,37,107,133" hai2="78,94,79,23,62,131,29,56,22,135,101,92,15" hai3="32,96,86,28,68,20,82,90,123,115,104,25,75"/><W111/><G123/><T102/><D12/><U1/><E70/><V87/><F135/><W6/><G115/><T119/><D4/><U117/><E1/><V112/><F112/><W43/><G111/><T39/><D102/><U74/><E109/><V98/><F131/><W95/><G68/><T130/><D105/><U129/><E74/><V128/><F128/><W126/><G126/><T114/><D127/><U58/><E133/><V38/><F38/><W72/><G6/><T53/><D39/><U8/><E129/><V21/><F29/><W116/><G116/><T27/><D130/><U118/><E117/><V52/><F15/><W42/><G32/><T132/><D132/><U71/><E35/><V55/><F55/><W125/><G72/><T61/><D122/><U113/><E71/><V7/><F7/><W83/><G125/><T67/><D2/><U65/><E106/><V17/><F17/><W124/><G124/><T63/><D0/><U97/><E107/><V85/><REACH who="2" step="1"/><F94/><REACH who="2" ten="300,300,170,220" step="2"/><W120/><G120/><T5/><D5/><U49/><E113/><V9/><F9/><W34/><G34/><T33/><D114/><U108/><E37/><V66/><F66/><W73/><G104/><T91/><D119/><U24/><E118/><V99/><F99/><W84/><G75/><T60/><D67/><U41/><E108/><V64/><F64/><W110/><G73/><T26/><D33/><U36/><E36/><V103/><F103/><W16/><G16/><T121/><D121/><U80/><E65/><V54/><F54/><W11/><G11/><T47/><D53/><RYUUKYOKU ba="0,1" sc="300,-10,300,-10,170,30,220,-10" hai2="21,22,23,52,56,62,78,79,85,87,92,98,101" /><INIT seed="4,1,1,2,4,123" ten="290,290,200,210" oya="0" hai0="104,39,13,52,86,107,67,114,46,122,40,121,25" hai1="30,71,78,93,19,69,15,91,92,87,33,70,127" hai2="7,80,14,134,109,108,99,50,117,76,126,85,103" hai3="58,59,102,73,47,135,57,17,23,97,5,125,96"/><T54/><D67/><U12/><E127/><V100/><F126/><W81/><G125/><T65/><D65/><U132/><E30/><V41/><F134/><W42/><G135/><T74/><D74/><U51/><E33/><V38/><F38/><W79/><G5/><T111/><D25/><U3/><E3/><V82/><F117/><W83/><G83/><T120/><D86/><U106/><E106/><N who="0" m="40489" /><D13/><U49/><E132/><V94/><F103/><W43/><G102/><T35/><D35/><U66/><E66/><V124/><F82/><W118/><G118/><T112/><D111/><U116/><E116/><V32/><F32/><W119/><G119/><T61/><D61/><U10/><E78/><V31/><F31/><W128/><G128/><T1/><D1/><U105/><E105/><V133/><F133/><W131/><G131/><T72/><D72/><U56/><E56/><V0/><F0/><W18/><G47/><T129/><D129/><U63/><E63/><V115/><F124/><W75/><G73/><T113/><AGARI ba="1,1" hai="39,40,46,52,54,112,113,114,120,121,122" m="40489" machi="113" ten="50,4800,0" yaku="15,1,54,1" doraHai="123" who="0" fromWho="0" sc="290,61,290,-17,200,-17,210,-17" owari="351,46.0,273,7.0,183,-32.0,193,-21.0" /></mjloggm>