<mjloggm ver="2.3"><GO type="169" lobby="0"/><UN n0="%E8%B6%85%E3%83%92%E3%83%A2%E3%83%AA%E3%83%AD" n1="%38%38%32%33%E2%80%90%E9%9A%BC" n2="%E3%80%93%E6%9D%BE%E4%BA%95%EF%BC%A3%EF%BC%B3%E3%80%93" n3="%E3%82%A6%E3%83%AB%E3%83%88%E3%83%A9%E7%AB%8B%E7%9B%B4" dan="18,16,18,17" rate="2208.54,2000.87,2197.06,2077.58" sx="F,M,M,M"/><TAIKYOKU oya="0"/><INIT seed="0,0,0,1,5,52" ten="250,250,250,250" oya="0" hai0="50,11,55,100,56,59,135,116,73,133,42,10,28" hai1="8,60,134,0,61,58,102,9,22,7,49,111,101" hai2="35,12,79,129,23,120,89,48,29,54,13,85,57" hai3="107,96,92,94,34,37,118,91,109,63,18,71,74"/><T5/><D116/><U36/><E36/><V122/><F129/><W46/><G118/><T82/><D42/><U114/><E134/><N who="0" m="51209" /><D100/><U26/><E111/><V77/><F35/><W31/><G74/><T125/><D125/><U65/><E114/><V15/><F122/><W67/><G109/><T132/><N who="0" m="51217" /><T2/><DORA hai="105" /><D28/><U6/><E61/><V17/><F29/><W41/><G18/><T43/><D43/><U3/><REACH who="1" step="1"/><E49/><REACH who="1" ten="250,240,250,250" step="2"/><V113/><F113/><W68/><G37/><T115/><D115/><U47/><E47/><V76/><REACH who="2" step="1"/><F120/><REACH who="2" ten="250,240,240,250" step="2"/><W78/><G46/><N who="0" m="28119" /><D11/><U87/><E87/><V112/><F112/><W88/><G96/><T19/><D19/><AGARI ba="0,2" hai="0,3,6,7,8,9,19,22,26,58,60,65,101,102" machi="19" ten="30,12000,2" yaku="1,1,7,1,9,1,52,1,53,2" doraHai="52,105" doraHaiUra="81,32" who="1" fromWho="0" sc="250,-120,240,140,240,0,250,0" /><INIT seed="1,0,0,5,2,85" ten="130,380,240,250" oya="1" hai0="45,1,50,0,73,43,23,16,70,12,60,36,58" hai1="78,7,116,110,105,76,91,47,134,127,77,99,95" hai2="98,124,67,81,55,3,14,86,38,125,97,57,115" hai3="90,106,118,100,28,5,68,102,128,135,93,9,117"/><U109/><E116/><V130/><F3/><W62/><G128/><T120/><D73/><U18/><E7/><V72/><F72/><W24/><G135/><T51/><D120/><U129/><E47/><V122/><F38/><W40/><G40/><T113/><D113/><U56/><E129/><V94/><F130/><W69/><G106/><T37/><D37/><U103/><E56/><V131/><F131/><W84/><G100/><T53/><REACH who="0" step="1"/><D50/><REACH who="0" ten="120,380,240,250" step="2"/><U112/><E112/><V89/><F115/><W8/><G117/><T82/><D82/><U126/><E134/><V25/><F122/><W31/><G118/><T27/><D27/><U108/><REACH who="1" step="1"/><E18/><REACH who="1" ten="120,370,240,250" step="2"/><V111/><F125/><W114/><G114/><T107/><D107/><U33/><E33/><V52/><F124/><W2/><G5/><T10/><D10/><U123/><E123/><V71/><F71/><W63/><G69/><T59/><D59/><U119/><E119/><V133/><F133/><W101/><G68/><T35/><D35/><U66/><E66/><AGARI ba="0,2" hai="0,1,12,16,23,36,43,45,51,53,58,60,66,70" machi="66" ten="40,12000,2" yaku="1,1,24,2,54,1,53,2" doraHai="85" doraHaiUra="32" who="0" fromWho="1" sc="120,140,370,-120,240,0,250,0" /><INIT seed="2,0,0,5,0,27" ten="260,250,240,250" oya="2" hai0="7,70,12,24,103,53,89,123,88,97,124,78,34" hai1="23,102,130,31,68,135,127,131,42,75,9,49,48" hai2="100,126,113,108,56,109,40,44,65,64,57,11,55" hai3="14,52,28,5,60,4,77,118,111,110,121,116,101"/><V114/><F100/><W73/><G101/><T0/><D70/><U119/><E68/><V16/><F126/><W29/><G77/><T132/><D123/><U45/><E75/><V82/><F82/><W10/><G73/><T59/><D132/><U18/><E119/><N who="3" m="45610" /><G60/><T74/><D0/><U2/><E102/><V117/><F117/><W32/><G52/><T79/><D124/><U115/><E115/><V50/><F114/><W51/><G51/><T125/><D125/><U128/><E127/><V37/><F113/><W129/><G32/><T26/><D74/><U134/><E49/><V33/><F33/><W47/><G47/><T20/><D34/><U54/><E54/><V67/><F11/><N who="3" m="4455" /><G129/><T112/><D112/><U25/><E2/><V81/><F81/><W87/><G87/><T76/><D103/><U66/><E66/><V22/><REACH who="2" step="1"/><F57/><REACH who="2" ten="260,250,230,250" step="2"/><W104/><G121/><T107/><D107/><U133/><E9/><V99/><F99/><W106/><G106/><T96/><D97/><U98/><E98/><V84/><F84/><W83/><G104/><T71/><D96/><U72/><REACH who="1" step="1"/><E72/><REACH who="1" ten="260,240,230,250" step="2"/><V61/><F61/><W80/><G10/><T3/><D71/><U91/><E91/><V90/><F90/><W94/><G83/><T30/><D89/><U46/><E46/><V120/><F120/><W8/><G80/><T13/><D88/><U93/><E93/><V6/><F6/><W86/><G94/><T15/><D7/><U85/><E85/><V63/><F63/><W41/><G86/><T92/><D92/><U39/><E39/><V1/><F1/><RYUUKYOKU ba="0,2" sc="260,-15,240,15,230,15,250,-15" hai1="18,23,25,31,42,45,48,128,130,131,133,134,135" hai2="16,22,37,40,44,50,55,56,64,65,67,108,109" /><INIT seed="2,1,2,1,5,96" ten="245,255,245,235" oya="2" hai0="103,30,46,102,29,97,83,86,56,105,9,18,58" hai1="80,22,129,135,100,101,107,49,110,16,2,1,123" hai2="3,6,34,87,4,74,91,95,19,65,11,73,128" hai3="108,23,39,120,85,63,134,12,122,92,41,124,15"/><V79/><F34/><W7/><G15/><N who="0" m="7535" /><D105/><U66/><E107/><V116/><F116/><W114/><G41/><T50/><D97/><U72/><E110/><V5/><F128/><W31/><G39/><T67/><D56/><U24/><E129/><V98/><F65/><W8/><G108/><T75/><D75/><U106/><E106/><V47/><F74/><W88/><G114/><T27/><D58/><U117/><E117/><V70/><F70/><W26/><G124/><T71/><D67/><U133/><E66/><V44/><F73/><W111/><G111/><T37/><D37/><U132/><E123/><V90/><F79/><W25/><G134/><T38/><D38/><U77/><REACH who="1" step="1"/><E49/><REACH who="1" ten="245,245,245,235" step="2"/><V121/><F121/><W93/><G122/><T81/><D71/><U51/><E51/><V54/><F54/><W112/><G120/><T32/><D50/><U130/><E130/><V0/><F0/><AGARI ba="1,3" hai="0,1,2,16,22,24,72,77,80,100,101,132,133,135" machi="0" ten="50,12000,2" yaku="1,1,20,1,52,2,54,1,53,1" doraHai="96" doraHaiUra="20" who="1" fromWho="2" sc="245,0,245,153,245,-123,235,0" /><INIT seed="3,0,0,3,2,72" ten="245,398,122,235" oya="3" hai0="19,103,125,80,65,49,93,122,86,46,120,61,131" hai1="25,57,26,34,44,91,11,89,111,66,23,32,53" hai2="48,107,106,64,37,45,99,29,51,60,2,96,73" hai3="94,119,36,8,5,81,117,126,83,33,0,101,24"/><W85/><G36/><T127/><D19/><U70/><E111/><V76/><F2/><W128/><G83/><T31/><D31/><U79/><E11/><V4/><F4/><W1/><G1/><T130/><D86/><U35/><E44/><V63/><F37/><W62/><G126/><N who="0" m="48139" /><D93/><U75/><E70/><V56/><F29/><W113/><G33/><T9/><D9/><U78/><E66/><V67/><F45/><W121/><G24/><T135/><D103/><U42/><E42/><V97/><F107/><W124/><G121/><N who="0" m="46699" /><D80/><U109/><E109/><V95/><F95/><W134/><G85/><T129/><D135/><U54/><E75/><V52/><F106/><W132/><G94/><T18/><D18/><U7/><E7/><V112/><F112/><W38/><G5/><T27/><D27/><U6/><E6/><V82/><REACH who="2" step="1"/><F67/><REACH who="2" ten="245,398,112,235" step="2"/><W10/><G113/><T3/><D3/><U55/><E32/><V77/><F77/><W15/><G0/><T13/><D129/><U14/><E34/><V114/><F114/><W16/><G128/><T28/><D28/><U105/><E35/><V100/><F100/><W71/><G101/><T21/><D130/><U84/><E105/><V123/><F123/><W133/><G124/><T98/><D131/><U50/><E79/><V43/><F43/><W87/><G133/><T92/><D92/><U12/><E78/><V104/><F104/><W68/><G132/><T110/><D110/><U115/><E115/><V74/><F74/><W39/><G134/><T59/><D65/><U20/><E89/><V41/><F41/><RYUUKYOKU ba="0,1" sc="245,-10,398,-10,112,30,235,-10" hai2="48,51,52,56,60,63,64,73,76,82,96,97,99" /><INIT seed="4,1,1,5,1,115" ten="235,388,142,225" oya="0" hai0="47,69,94,95,61,87,103,39,114,16,120,62,126" hai1="15,67,104,65,13,41,30,109,111,113,60,96,49" hai2="5,29,91,108,14,122,135,78,81,102,55,131,79" hai3="21,3,34,84,110,51,36,33,20,82,2,129,6"/><T119/><D120/><U35/><E113/><V77/><F122/><W45/><G36/><T123/><D123/><U86/><E67/><V31/><F108/><W17/><G110/><T54/><D114/><U85/><E85/><V127/><F127/><W8/><G3/><T10/><D126/><U4/><E15/><V88/><F102/><W56/><G56/><T101/><D69/><U18/><E4/><V66/><F66/><W70/><G70/><T22/><D10/><U73/><E73/><V90/><F135/><W74/><G74/><T76/><D119/><U12/><E12/><V43/><F43/><W100/><G100/><N who="0" m="38475" /><D39/><U26/><E104/><V133/><F133/><W53/><G129/><T48/><D76/><U132/><E96/><V52/><F81/><W98/><G98/><T11/><D11/><U75/><E75/><V112/><F112/><W72/><G72/><T32/><D32/><U37/><E37/><V134/><F134/><W116/><G116/><T58/><D87/><U105/><E105/><V19/><F5/><W68/><G68/><T28/><D28/><N who="2" m="10826" /><F131/><W93/><G93/><N who="0" m="35339" /><D58/><N who="1" m="37015" /><E86/><V71/><F71/><W1/><G1/><T83/><D83/><U125/><E125/><V23/><AGARI ba="1,1" hai="14,19,23,52,55,77,78,79,88,90,91" m="10826" machi="23" ten="40,5200,0" yaku="8,1,54,2" doraHai="115" who="2" fromWho="2" sc="235,-27,388,-14,142,65,225,-14" /><INIT seed="5,0,0,5,3,113" ten="208,374,207,211" oya="1" hai0="90,16,38,119,73,32,2,4,24,74,127,56,71" hai1="54,42,6,19,12,69,37,17,47,105,110,1,94" hai2="106,50,41,23,55,128,34,20,89,100,35,3,62" hai3="58,39,125,115,57,87,117,30,28,27,114,59,65"/><U126/><E105/><V88/><F3/><W70/><G39/><T0/><D71/><U120/><E120/><V77/><F77/><W63/><G125/><T80/><D38/><U103/><E69/><V122/><F122/><W45/><G87/><T9/><D0/><U26/><E126/><V104/><F41/><W109/><G45/><T52/><D127/><U60/><E6/><V101/><F50/><W10/><G10/><T75/><D119/><U66/><E1/><V92/><F62/><W72/><G72/><T22/><D32/><U44/><E66/><V108/><F92/><W31/><G109/><T135/><D135/><U82/><E110/><V96/><F96/><W134/><G134/><T129/><D129/><U107/><E107/><V123/><F123/><W14/><G14/><T93/><D80/><U8/><E82/><V51/><F51/><W97/><G97/><T53/><REACH who="0" step="1"/><D56/><REACH who="0" ten="198,374,207,211" step="2"/><U121/><E121/><V40/><F108/><W13/><G115/><T76/><D76/><U83/><E83/><V64/><F128/><W102/><G114/><T25/><D25/><U85/><E26/><V15/><F35/><W111/><G111/><T11/><D11/><U116/><E8/><V21/><F34/><W68/><G68/><T118/><D118/><U95/><E116/><V33/><F33/><W79/><G117/><T46/><D46/><U5/><E47/><V43/><F15/><W86/><G13/><T132/><D132/><U124/><E12/><V18/><F21/><W84/><G27/><T133/><D133/><U7/><E124/><V91/><F23/><RYUUKYOKU ba="0,1" sc="198,30,374,-10,207,-10,211,-10" hai0="2,4,9,16,22,24,52,53,73,74,75,90,93" /><INIT seed="6,1,1,3,5,22" ten="228,364,197,201" oya="2" hai0="70,97,94,129,28,9,128,3,74,103,133,130,73" hai1="84,109,68,104,132,14,95,19,32,1,122,72,99" hai2="31,30,117,126,66,12,113,18,78,25,61,5,23" hai3="76,98,56,92,96,106,69,17,134,93,89,80,107"/><V59/><F117/><W101/><G69/><T10/><D133/><U79/><E109/><V20/><F113/><W48/><G56/><T50/><D70/><U44/><E68/><V75/><F126/><W42/><G48/><T24/><D50/><U62/><E132/><V115/><F115/><W82/><G42/><T49/><D49/><U90/><E32/><V123/><F123/><W4/><G4/><N who="0" m="1183" /><D10/><U2/><E122/><V124/><F124/><W88/><G17/><T55/><D55/><U33/><E33/><AGARI ba="1,1" hai="24,28,33,73,74,94,97,103,128,129,130" m="1183" machi="33" ten="30,2000,0" yaku="19,1,52,1" doraHai="22" who="0" fromWho="1" sc="228,33,364,-23,197,0,201,0" /><INIT seed="7,0,0,1,1,47" ten="261,341,197,201" oya="3" hai0="109,8,5,117,13,76,95,39,88,27,119,18,127" hai1="134,46,93,3,101,73,75,36,19,79,14,102,66" hai2="96,32,6,80,100,28,42,45,31,21,130,11,82" hai3="35,38,16,56,107,114,0,60,4,110,51,72,125"/><W58/><G38/><T52/><D109/><U41/><E3/><V40/><F32/><W121/><G35/><T69/><D69/><U62/><E134/><V44/><F130/><W22/><G121/><T70/><D70/><U118/><E118/><V112/><F112/><W49/><G107/><T33/><D39/><U20/><E79/><V23/><F11/><W71/><G71/><T126/><D76/><U83/><E83/><N who="2" m="31787" /><F6/><W90/><G72/><T124/><D52/><U116/><E116/><V106/><F106/><W120/><G120/><T24/><D24/><U7/><E101/><V37/><F37/><W59/><G0/><T43/><D43/><N who="2" m="16426" /><F96/><W86/><G4/><T48/><D5/><U50/><E36/><V89/><F89/><W99/><G110/><T25/><D33/><U92/><E92/><V63/><F63/><W133/><G114/><T67/><D117/><U55/><E55/><V74/><F100/><W9/><G133/><T98/><D67/><U10/><E102/><V131/><F131/><W54/><G99/><T87/><D119/><U15/><E93/><V85/><F85/><W108/><G108/><T97/><D97/><U91/><E91/><V111/><F111/><W26/><G9/><T132/><D98/><U94/><E94/><V65/><F74/><W78/><G78/><T17/><D132/><U1/><E1/><V53/><F65/><N who="3" m="39047" /><G125/><T128/><D128/><U84/><E84/><V123/><F123/><W135/><G135/><T57/><D124/><U122/><E122/><V61/><F61/><N who="3" m="36055" /><G59/><AGARI ba="0,0" hai="7,10,14,15,19,20,41,46,50,59,62,66,73,75" machi="59" ten="30,2000,0" yaku="7,1,52,1" doraHai="47" who="1" fromWho="3" sc="261,0,341,20,197,0,201,-20" owari="261,6.0,361,46.0,197,-20.0,181,-32.0" /></mjloggm>