<mjloggm ver="2.3"><GO type="225" lobby="0"/><UN n0="%E3%82%A6%E3%83%AB%E3%83%88%E3%83%A9%E7%AB%8B%E7%9B%B4" n1="%E3%82%B4%E3%83%9F%E3%83%84%E3%83%A2" n2="%E5%8E%A8%E8%B5%B0" n3="%E3%83%9E%E3%83%88%E3%83%AA%E3%83%83%E3%82%AF%E3%82%B9" dan="16,17,17,16" rate="2029.92,2163.49,2122.91,2077.49" sx="M,M,M,M"/><TAIKYOKU oya="0"/><INIT seed="0,0,0,5,1,128" ten="250,250,250,250" oya="0" hai0="26,53,43,33,91,29,59,41,110,73,96,12,107" hai1="119,8,104,116,132,47,89,28,50,52,134,133,9" hai2="74,38,109,46,117,58,120,7,57,56,125,106,66" hai3="76,129,67,13,24,37,55,95,30,63,48,83,65"/><T15/><D73/><U45/><E104/><V102/><F74/><W20/><G37/><T127/><D127/><U131/><E131/><V44/><F7/><W35/><G129/><T32/><D32/><U21/><E47/><V84/><F106/><W123/><G123/><T101/><D110/><U16/><E28/><V23/><F102/><W51/><G35/><T85/><D43/><U17/><E17/><V61/><F120/><W94/><G51/><T2/><D41/><U22/><E22/><V64/><F23/><W70/><G65/><N who="2" m="25193" /><F84/><W49/><G48/><T114/><D2/><U39/><E39/><V100/><F100/><W87/><REACH who="3" step="1"/><G13/><REACH who="3" ten="250,250,250,240" step="2"/><T71/><D12/><N who="1" m="9351" /><E116/><V18/><F117/><W112/><G112/><T42/><D15/><U40/><E119/><V4/><F38/><W126/><G126/><T75/><D114/><U72/><E40/><V0/><F125/><W54/><G54/><T81/><D42/><U92/><E72/><V121/><F121/><W113/><G113/><T1/><D75/><U108/><E108/><V25/><F109/><W124/><G124/><T78/><D1/><U79/><E79/><V97/><F0/><W60/><G60/><T115/><D115/><U34/><E34/><V77/><F61/><W62/><G62/><N who="0" m="36207" /><D78/><U82/><E82/><V130/><F77/><W6/><G6/><T80/><D80/><U36/><E36/><V135/><F4/><W88/><G88/><T103/><D103/><U5/><E5/><V19/><F130/><W68/><G68/><T27/><D71/><U105/><E105/><V69/><F69/><RYUUKYOKU ba="0,1" sc="250,10,250,10,250,-30,240,10" hai0="26,27,29,33,81,85,91,96,101,107" hai1="8,9,45,50,52,89,92,132,133,134" hai3="20,24,30,49,55,63,67,70,76,83,87,94,95" /><INIT seed="0,1,1,5,4,6" ten="260,260,220,250" oya="0" hai0="60,94,86,58,3,124,18,96,0,24,132,53,113" hai1="100,63,23,46,20,106,117,44,90,64,76,27,126" hai2="131,125,92,33,101,2,42,21,49,15,70,65,43" hai3="128,116,72,35,120,103,10,127,91,77,74,98,84"/><T79/><D113/><U5/><E117/><V51/><F33/><W41/><G35/><T87/><D124/><U45/><E126/><V123/><F2/><W95/><G127/><T111/><D132/><U69/><E76/><V73/><F125/><W112/><G116/><T26/><D111/><U102/><E20/><V109/><F73/><W40/><G112/><T57/><D3/><U50/><E5/><V11/><F123/><W34/><G34/><T62/><D0/><U83/><E83/><V13/><F70/><W88/><G120/><T59/><D59/><U55/><E90/><N who="3" m="34346" /><G41/><N who="2" m="15369" /><F131/><W115/><G10/><T8/><D8/><U36/><E36/><V68/><F68/><W47/><G47/><T67/><D18/><U121/><E121/><V61/><F109/><W78/><G40/><T17/><D17/><U22/><E22/><V99/><F61/><W56/><G56/><T28/><D79/><N who="3" m="30217" /><G115/><T31/><D31/><U14/><E102/><V48/><F65/><W75/><G128/><T52/><D67/><U4/><E100/><V37/><F37/><W133/><G133/><T134/><D134/><U93/><E106/><V108/><F108/><W105/><G84/><N who="0" m="32299" /><D28/><U118/><E118/><V71/><F71/><W82/><G82/><T89/><AGARI ba="1,1" hai="24,26,52,53,57,58,60,62,89,94,96" m="32299" machi="89" ten="30,3000,0" yaku="8,1,54,1" doraHai="6" who="0" fromWho="0" sc="260,43,260,-11,220,-11,250,-11" /><INIT seed="0,2,0,5,0,126" ten="303,249,209,239" oya="0" hai0="55,20,32,120,69,24,59,34,64,70,36,38,115" hai1="26,91,39,50,8,87,5,65,25,92,43,131,17" hai2="47,135,37,52,67,41,72,73,97,127,106,4,51" hai3="99,30,86,129,134,3,27,42,22,53,31,23,46"/><T2/><D2/><U45/><E65/><V10/><F127/><W105/><G3/><T102/><D120/><U28/><E17/><V111/><F111/><W76/><G134/><T79/><D115/><U12/><E131/><V82/><F135/><W75/><G75/><T21/><D79/><U132/><E132/><V90/><F67/><W33/><G53/><T78/><D78/><U116/><E116/><V54/><F54/><W124/><G124/><T94/><D55/><U104/><E104/><V118/><F118/><W84/><G105/><T81/><D81/><U103/><E103/><V88/><F106/><W85/><G99/><T14/><D14/><U61/><E61/><V130/><F130/><W56/><G56/><T128/><D128/><U6/><E6/><V110/><F110/><W13/><G129/><T68/><D21/><U40/><E26/><V83/><F83/><W1/><G1/><T62/><D34/><U11/><E11/><V66/><F66/><W112/><G112/><T122/><D32/><U9/><E9/><V107/><F73/><W74/><G74/><T49/><D49/><U19/><E5/><V15/><F72/><W133/><G133/><T18/><D122/><U109/><E109/><V114/><F114/><W121/><G121/><T57/><D57/><U89/><E39/><V100/><F82/><N who="3" m="47175" /><G33/><T98/><AGARI ba="2,0" hai="18,20,24,36,38,59,62,64,68,69,70,94,98,102" machi="98" ten="40,2100,0" yaku="0,1" doraHai="126" who="0" fromWho="0" sc="303,27,249,-9,209,-9,239,-9" /><INIT seed="0,3,0,3,5,42" ten="330,240,200,230" oya="0" hai0="53,48,56,89,2,122,52,116,97,129,20,7,67" hai1="113,95,22,120,69,81,61,14,134,23,85,99,6" hai2="34,107,68,59,119,126,32,80,72,3,18,74,28" hai3="65,0,58,57,104,70,131,123,96,54,79,9,90"/><T41/><D7/><U35/><E35/><V50/><F3/><W51/><G70/><T11/><D11/><U128/><E120/><V109/><F68/><W115/><G115/><T78/><D2/><U63/><E113/><V37/><F37/><W13/><G0/><T10/><D10/><N who="1" m="4439" /><E69/><V43/><F107/><W16/><G123/><T33/><D33/><U36/><E36/><V31/><F109/><W66/><G131/><T17/><D78/><N who="1" m="46263" /><E134/><V8/><F34/><W21/><G79/><T75/><D75/><U1/><E1/><V130/><F130/><W73/><G73/><T82/><D122/><U105/><E105/><V121/><F121/><W125/><G125/><T108/><D108/><U87/><E87/><V98/><F126/><W47/><G104/><T40/><D129/><U15/><E128/><V133/><F32/><W94/><G9/><T19/><D116/><U24/><E15/><V111/><F133/><W27/><G13/><T45/><D67/><AGARI ba="3,0" hai="16,21,27,47,51,54,57,58,65,66,67,90,94,96" machi="67" ten="40,5200,0" yaku="8,1,52,1,54,1" doraHai="42" who="3" fromWho="0" sc="330,-61,240,0,200,0,230,61" /><INIT seed="1,0,0,0,3,6" ten="269,240,200,291" oya="1" hai0="112,0,3,42,59,50,54,106,119,113,97,14,77" hai1="31,110,56,120,87,102,123,114,108,4,122,81,37" hai2="58,93,2,121,46,30,8,40,65,13,10,41,72" hai3="96,22,94,75,63,131,53,16,68,130,5,79,105"/><U66/><E37/><V132/><F121/><W82/><G105/><T125/><D77/><U135/><E114/><V80/><F132/><W12/><G5/><T109/><D3/><U17/><E135/><V73/><F30/><W124/><G124/><T29/><D0/><U60/><E102/><V91/><F72/><W18/><G53/><T38/><D29/><U117/><E117/><V100/><F2/><W129/><G18/><T7/><D97/><U115/><E115/><V45/><F73/><W20/><G20/><T62/><D106/><U1/><E31/><V104/><F104/><W28/><G28/><T33/><D33/><U98/><E98/><N who="2" m="59471" /><F13/><W34/><G34/><T99/><D119/><U89/><E17/><V70/><F70/><W111/><G111/><N who="1" m="42538" /><E1/><V90/><F41/><W69/><REACH who="3" step="1"/><G63/><REACH who="3" ten="269,240,200,281" step="2"/><T71/><D109/><U107/><E107/><V127/><F127/><W57/><G57/><T43/><D125/><U67/><E4/><V134/><F134/><W126/><G126/><T49/><D7/><U133/><E133/><V23/><F23/><W103/><AGARI ba="0,1" hai="12,16,22,68,69,75,79,82,94,96,103,129,130,131" machi="103" ten="30,8000,1" yaku="1,1,0,1,19,1,54,1,53,1" doraHai="6" doraHaiUra="76" who="3" fromWho="3" sc="269,-20,240,-40,200,-20,281,90" /><INIT seed="2,0,0,1,4,34" ten="249,200,180,371" oya="2" hai0="134,44,46,24,8,43,114,78,85,90,51,56,17" hai1="33,119,72,104,18,62,125,12,58,10,102,93,87" hai2="126,83,98,1,36,131,21,27,54,107,64,15,73" hai3="29,31,111,32,112,40,23,129,26,109,38,13,84"/><V121/><F121/><W35/><G112/><T128/><D114/><U99/><E119/><V59/><F36/><W47/><G129/><T77/><D128/><U76/><E125/><V65/><F131/><W50/><G38/><T11/><D134/><U68/><E33/><V57/><F126/><W2/><G2/><T39/><D56/><U66/><E72/><V71/><F71/><W69/><G69/><T101/><D101/><U20/><E68/><V22/><F1/><W88/><G31/><T110/><D110/><N who="3" m="41993" /><G13/><T124/><D124/><U41/><E41/><V0/><F0/><W116/><G116/><T80/><D46/><U42/><E42/><V53/><F15/><W115/><G115/><T82/><D39/><U123/><E123/><V28/><F21/><W113/><G113/><T97/><D97/><U105/><E76/><N who="0" m="29289" /><D82/><AGARI ba="0,0" hai="23,26,29,32,35,40,47,50,82,84,88" m="41993" machi="82" ten="30,2000,0" yaku="14,1,54,1" doraHai="34" who="3" fromWho="0" sc="249,-20,200,0,180,0,371,20" /><INIT seed="3,0,0,5,2,79" ten="229,200,180,391" oya="3" hai0="34,32,57,54,56,129,75,73,112,131,20,67,98" hai1="26,93,3,41,51,87,15,114,106,17,127,102,47" hai2="58,132,12,43,101,37,121,49,69,4,78,100,62" hai3="105,91,5,135,48,64,61,88,134,53,35,65,108"/><W116/><G116/><T33/><D112/><U89/><E3/><V16/><F4/><W107/><G35/><T84/><D98/><U95/><E127/><V40/><F132/><N who="3" m="50731" /><G5/><T74/><D20/><U29/><E114/><V70/><F70/><N who="3" m="42255" /><G65/><T18/><D18/><U110/><E110/><V7/><F7/><W86/><G108/><T55/><D84/><U24/><E106/><N who="3" m="40458" /><G86/><T124/><D67/><U92/><E102/><N who="2" m="39531" /><F69/><W120/><G120/><T128/><D124/><U76/><E76/><V28/><F37/><W2/><G2/><T113/><D113/><U82/><E29/><V0/><F0/><W81/><G81/><T19/><D19/><U11/><AGARI ba="0,0" hai="11,15,17,24,26,41,47,51,82,87,89,92,93,95" machi="11" ten="30,4000,0" yaku="0,1,8,1,52,1" doraHai="79" who="1" fromWho="1" sc="229,-10,200,40,180,-10,391,-20" owari="219,-18.0,240,4.0,170,-33.0,371,47.0" /></mjloggm>