<mjloggm ver="2.3"><GO type="97" lobby="0"/><UN n0="%E3%83%9A%E3%83%AD%E3%83%9A%E3%83%AD%E2%80%95%E3%83%AA%E3%83%B3" n1="%E8%94%B5%E5%87%BA%E3%81%97" n2="%E3%81%B5%E3%82%8A%E3%81%BE%E3%81%99" n3="%E3%82%A6%E3%83%AB%E3%83%88%E3%83%A9%E7%AB%8B%E7%9B%B4" dan="15,15,15,15" rate="2014.05,1973.09,2012.85,2024.14" sx="M,M,M,M"/><TAIKYOKU oya="0"/><INIT seed="0,0,0,1,3,84" ten="250,250,250,250" oya="0" hai0="121,47,124,21,27,32,43,120,25,55,130,63,102" hai1="16,37,73,59,4,80,44,40,8,65,76,3,0" hai2="20,125,12,98,70,78,107,52,56,96,10,106,62" hai3="15,50,29,60,42,131,46,103,48,135,9,68,116"/><T36/><D124/><U67/><E0/><V53/><F125/><W132/><G116/><T75/><D130/><U2/><E3/><V57/><F70/><W71/><G131/><T108/><D75/><U104/><E104/><V109/><F109/><W82/><G103/><T129/><D129/><U86/><E86/><V90/><F78/><W39/><G29/><T123/><D108/><U51/><E51/><N who="3" m="19498" /><G82/><T38/><D38/><U83/><E59/><V24/><F106/><W128/><G128/><T26/><D102/><U81/><E16/><N who="2" m="12295" /><F107/><W14/><G14/><T28/><D32/><U69/><E67/><N who="2" m="39367" /><F57/><W110/><G110/><T30/><D30/><U61/><AGARI ba="0,0" hai="2,4,8,37,40,44,61,65,69,73,76,80,81,83" machi="61" ten="30,4000,0" yaku="0,1,25,2" doraHai="84" who="1" fromWho="1" sc="250,-20,250,40,250,-10,250,-10" /><INIT seed="1,0,0,2,3,18" ten="230,290,240,240" oya="1" hai0="0,5,8,61,70,45,26,49,130,6,36,73,4" hai1="114,54,124,132,9,34,101,38,55,96,83,79,19" hai2="3,41,97,72,44,11,107,63,40,84,93,25,77" hai3="17,2,95,134,42,125,118,98,87,126,10,21,89"/><U35/><E114/><V33/><F107/><W57/><G134/><T78/><D130/><U100/><E38/><V53/><F72/><W69/><G69/><T135/><D135/><U64/><E132/><V13/><F3/><W103/><G42/><T94/><D94/><U113/><E124/><N who="3" m="47722" /><G118/><T31/><D36/><U117/><E113/><V116/><F116/><W128/><G128/><T43/><D70/><U127/><E117/><V131/><F131/><W92/><G57/><T104/><D61/><U50/><E64/><V30/><F77/><W75/><G75/><T112/><D104/><U110/><E127/><V47/><F84/><W52/><G52/><T80/><REACH who="0" step="1"/><D112/><REACH who="0" ten="220,290,240,240" step="2"/><U14/><E100/><V68/><F68/><W71/><G71/><T56/><D56/><U16/><E101/><V46/><F63/><W99/><G95/><T133/><D133/><U27/><E50/><V39/><F53/><W122/><G103/><T129/><D129/><U82/><E55/><V91/><F41/><W81/><G92/><T1/><D1/><U32/><E54/><V90/><F91/><W24/><G122/><T65/><D65/><U85/><E96/><V109/><F109/><W48/><G48/><T62/><D62/><U60/><E110/><V74/><F74/><W106/><G106/><T86/><D86/><U58/><E60/><V59/><F59/><W102/><G102/><T67/><D67/><U7/><E58/><V88/><F90/><W28/><G2/><T22/><AGARI ba="0,1" hai="0,4,5,6,8,22,26,31,43,45,49,73,78,80" machi="22" ten="20,5200,0" yaku="1,1,0,1,7,1,52,1,53,0" doraHai="18" doraHaiUra="15" who="0" fromWho="0" sc="220,62,290,-26,240,-13,240,-13" /><INIT seed="2,0,0,5,4,26" ten="282,264,227,227" oya="2" hai0="31,107,79,130,36,51,48,99,119,83,71,91,29" hai1="17,10,89,1,53,95,75,52,62,70,49,106,121" hai2="97,61,135,94,32,78,12,66,100,68,33,117,56" hai3="50,98,22,124,74,118,58,101,4,16,20,46,115"/><V90/><F117/><W8/><G74/><T96/><D36/><U104/><E75/><V9/><F135/><W113/><G124/><T64/><D119/><U19/><E121/><V85/><F78/><W59/><G118/><T84/><D130/><U131/><E17/><V47/><F47/><W114/><G4/><T35/><D35/><U92/><E92/><V132/><F132/><W125/><G8/><T72/><D96/><U93/><E95/><V87/><F87/><W133/><G22/><T129/><D51/><U122/><E131/><V128/><F68/><W73/><G73/><T23/><D23/><U126/><E126/><V111/><F111/><W5/><G5/><T112/><D48/><U6/><E19/><V13/><F128/><W102/><G125/><T41/><D41/><U67/><E53/><V3/><F3/><W0/><G0/><T65/><D112/><U37/><E37/><V15/><REACH who="2" step="1"/><F9/><REACH who="2" ten="282,264,217,227" step="2"/><W44/><G44/><T88/><D129/><U76/><E76/><V103/><F103/><W82/><G133/><T110/><D71/><U127/><E127/><V86/><F86/><W2/><G2/><T81/><D110/><U39/><E122/><V43/><F43/><N who="3" m="24927" /><G101/><N who="0" m="62911" /><D91/><U45/><E39/><V80/><AGARI ba="0,1" hai="12,13,15,32,33,56,61,66,80,85,90,94,97,100" machi="80" ten="30,6000,0" yaku="1,1,0,1,53,1" doraHai="26" doraHaiUra="55" who="2" fromWho="2" sc="282,-20,264,-20,217,70,227,-20" /><INIT seed="2,1,0,0,1,54" ten="262,244,287,207" oya="2" hai0="2,127,111,73,15,37,88,55,75,93,92,30,24" hai1="14,0,45,60,47,21,70,42,35,110,34,101,123" hai2="59,49,64,97,84,74,113,1,122,125,90,68,56" hai3="108,51,109,20,126,117,87,58,72,16,85,132,19"/><V9/><F113/><W62/><G72/><T53/><D2/><U12/><E123/><V114/><F114/><W121/><G126/><T135/><D37/><U57/><E0/><V13/><F122/><W50/><G132/><T91/><D15/><U82/><E110/><N who="3" m="42602" /><G117/><T95/><D111/><U4/><E70/><V106/><F74/><W104/><G104/><T48/><D75/><U107/><E107/><V7/><F125/><W38/><G38/><T71/><D71/><U134/><E134/><V52/><F1/><W33/><G33/><T25/><D73/><U43/><E101/><V86/><F68/><W17/><G20/><N who="0" m="15623" /><D127/><U131/><E131/><V44/><F106/><W41/><G121/><T81/><D135/><U76/><E35/><V10/><F9/><W69/><G69/><T28/><D81/><U6/><E34/><V105/><F105/><W61/><G61/><T80/><D80/><U11/><E21/><V103/><F103/><W133/><G133/><T78/><D78/><U115/><E82/><V124/><F124/><W79/><G79/><T46/><D55/><N who="1" m="33855" /><E76/><V26/><F64/><N who="3" m="38999" /><G41/><N who="1" m="15370" /><E115/><V67/><F67/><W40/><G40/><T83/><D83/><U66/><E66/><V128/><F128/><W99/><G99/><T116/><D116/><U94/><E94/><N who="2" m="56535" /><F26/><W65/><G65/><T102/><D102/><U100/><E100/><V129/><F129/><W130/><G130/><T32/><D32/><U77/><E77/><V89/><F89/><W98/><G98/><N who="0" m="57607" /><D91/><U31/><E31/><V118/><F118/><W22/><G22/><N who="0" m="15415" /><D95/><U8/><AGARI ba="1,0" hai="4,6,8,11,12,14,45,47" m="15370,33855" machi="8" ten="30,4000,0" yaku="5,1,8,1,52,1" doraHai="54" who="1" fromWho="1" sc="262,-11,244,43,287,-21,207,-11" /><INIT seed="3,0,0,5,0,49" ten="251,287,266,196" oya="3" hai0="30,12,119,81,36,26,61,43,22,106,40,124,105" hai1="14,75,7,104,82,126,28,72,120,20,64,46,118" hai2="48,54,94,80,51,107,1,34,23,85,19,13,77" hai3="16,117,63,50,17,57,39,42,102,89,92,76,84"/><W33/><G33/><T44/><D119/><U93/><E118/><V129/><F107/><W52/><G117/><T69/><D124/><U8/><E120/><V5/><F129/><W131/><G131/><T87/><D43/><U111/><E126/><V128/><F128/><W4/><G39/><T91/><D69/><U116/><E116/><V83/><F34/><W38/><G38/><T73/><D73/><U135/><E104/><V53/><F1/><W108/><G108/><T115/><D115/><U60/><E111/><V3/><F3/><W9/><G102/><T90/><D12/><U66/><E75/><V68/><F68/><W95/><G95/><T103/><D103/><U70/><E72/><V56/><F5/><W78/><G78/><T134/><D134/><U133/><E93/><V15/><F13/><N who="3" m="5287" /><G76/><T37/><D37/><U74/><E64/><V96/><F83/><W114/><G114/><T2/><D2/><U11/><E82/><V0/><F0/><W79/><G79/><T62/><D91/><U24/><E74/><V121/><F121/><W59/><G42/><T6/><D6/><N who="1" m="3351" /><E46/><N who="2" m="27799" /><F94/><W45/><G45/><T55/><D105/><U122/><E122/><V99/><AGARI ba="0,0" hai="15,19,23,51,54,56,77,80,85,96,99" m="27799" machi="99" ten="30,4000,0" yaku="8,1,52,2" doraHai="49" who="2" fromWho="2" sc="251,-10,287,-10,266,40,196,-20" owari="241,-16.0,277,8.0,306,40.0,176,-32.0" /></mjloggm>