<mjloggm ver="2.3"><GO type="97" lobby="0"/><UN n0="%73%75%6E%61%62%6F%75%7A" n1="%E3%82%A6%E3%83%AB%E3%83%88%E3%83%A9%E7%AB%8B%E7%9B%B4" n2="%E7%A7%98%E5%89%A3%E2%98%85%E5%8D%83%E9%B3%A5%E2%98%85" n3="%E3%81%B2%E3%81%93%E3%81%9F%E3%82%8D%E3%81%86" dan="13,15,14,15" rate="1853.86,1985.67,1896.75,1925.89" sx="M,M,M,M"/><TAIKYOKU oya="0"/><INIT seed="0,0,0,2,2,87" ten="250,250,250,250" oya="0" hai0="135,100,28,5,16,130,126,65,17,99,82,88,6" hai1="43,53,129,105,2,73,83,44,29,0,36,47,46" hai2="118,84,72,61,108,109,101,71,32,9,67,98,123" hai3="69,80,132,90,104,3,37,70,134,50,77,96,18"/><T35/><D135/><U76/><E129/><V54/><F123/><W58/><G37/><T30/><D130/><U10/><E105/><V24/><F72/><W34/><G34/><T92/><D126/><U102/><E102/><V81/><F9/><W62/><G3/><T85/><D65/><U93/><E2/><V127/><F54/><W89/><G50/><T19/><D35/><U133/><E133/><N who="3" m="51306" /><G96/><T78/><D78/><U26/><E53/><V63/><F63/><W131/><G18/><T121/><D121/><U66/><E66/><V21/><F32/><W23/><G23/><T7/><AGARI ba="0,0" hai="5,6,7,16,17,19,28,30,82,85,88,92,99,100" machi="7" ten="30,12000,1" yaku="0,1,8,1,52,1,54,2" doraHai="87" who="0" fromWho="0" sc="250,120,250,-40,250,-40,250,-40" /><INIT seed="0,1,0,4,4,76" ten="370,210,210,210" oya="0" hai0="134,124,74,118,106,47,21,44,99,120,88,105,24" hai1="67,93,132,25,55,19,58,45,79,129,54,65,82" hai2="22,10,90,113,73,116,1,80,89,108,16,18,64" hai3="51,36,33,52,72,30,110,87,83,77,4,97,133"/><T29/><D120/><U13/><E129/><V78/><F113/><W131/><G36/><T135/><D74/><U27/><E132/><N who="0" m="50729" /><D118/><U62/><E93/><V56/><F116/><W28/><G133/><T31/><D31/><U71/><E71/><V121/><F121/><W15/><G131/><T114/><D114/><U100/><E100/><V0/><F108/><W119/><G119/><T125/><D47/><U11/><E65/><V122/><F18/><W128/><G128/><T102/><D44/><U5/><E67/><V81/><F122/><W7/><G110/><T42/><D42/><U84/><E5/><V111/><F90/><W38/><G38/><T14/><D14/><U46/><E46/><V127/><F127/><N who="0" m="48714" /><D102/><U107/><E45/><V8/><F111/><W75/><G75/><T91/><D99/><U92/><E27/><V85/><F1/><W50/><G72/><T95/><D95/><U43/><E25/><V63/><F0/><W34/><G97/><T57/><D57/><U94/><E43/><V39/><F39/><W17/><G30/><T12/><D12/><AGARI ba="1,0" hai="8,10,12,16,22,56,63,64,73,78,80,81,85,89" machi="12" ten="30,7700,0" yaku="7,1,52,2,54,1" doraHai="76" who="2" fromWho="0" sc="370,-80,210,0,210,80,210,0" /><INIT seed="1,0,0,5,0,24" ten="290,210,290,210" oya="1" hai0="90,15,88,38,81,1,101,78,73,87,121,134,52" hai1="82,60,20,71,83,6,53,9,93,16,18,67,105" hai2="59,34,115,74,43,117,124,102,95,44,46,114,118" hai3="7,127,26,116,66,63,28,30,72,76,80,40,12"/><U50/><E105/><V27/><F74/><W54/><G127/><T36/><D121/><U8/><E93/><V94/><F124/><W5/><G40/><T23/><D1/><U61/><E61/><V100/><F59/><W45/><G116/><N who="2" m="44649" /><F27/><W69/><G26/><T112/><D112/><N who="2" m="43050" /><F34/><W14/><G14/><T29/><D134/><U25/><E18/><V39/><F46/><W51/><REACH who="3" step="1"/><G12/><REACH who="3" ten="290,210,290,200" step="2"/><T110/><D110/><U133/><E133/><V91/><F95/><W58/><G58/><T31/><D15/><U123/><E123/><V86/><AGARI ba="0,1" hai="39,43,44,86,91,94,100,102" m="43050,44649" machi="86" ten="30,1100,0" yaku="11,1" doraHai="24" who="2" fromWho="2" sc="290,-3,210,-5,290,21,200,-3" /><INIT seed="2,0,0,2,2,73" ten="287,205,311,197" oya="2" hai0="66,38,105,72,20,42,76,100,55,77,44,104,19" hai1="88,124,96,118,22,5,17,0,114,83,45,79,15" hai2="102,119,90,117,84,51,4,98,129,71,110,18,34" hai3="67,50,85,80,133,52,31,3,29,9,107,58,36"/><V39/><F71/><W70/><G107/><T12/><D66/><U94/><E114/><V60/><F39/><W56/><G133/><T65/><D65/><U48/><E124/><V134/><F34/><W111/><G111/><T93/><D72/><U54/><E0/><V86/><F4/><W113/><G113/><T112/><D112/><U1/><E1/><V21/><F134/><W25/><G36/><T126/><D126/><U81/><E5/><V64/><F84/><W26/><G70/><T37/><D37/><U57/><E118/><V2/><F2/><W28/><G3/><T49/><D105/><U97/><E97/><V108/><F51/><W13/><G58/><T128/><D104/><U62/><REACH who="1" step="1"/><E79/><REACH who="1" ten="287,195,311,197" step="2"/><V27/><F117/><W87/><G67/><AGARI ba="0,1" hai="15,17,22,45,48,54,57,62,67,81,83,88,94,96" machi="67" ten="30,12000,2" yaku="1,1,2,1,7,1,8,1,54,1,53,1" doraHai="73" doraHaiUra="91" who="1" fromWho="3" sc="287,0,195,130,311,0,197,-120" /><INIT seed="3,0,0,5,5,93" ten="287,325,311,77" oya="3" hai0="27,119,14,11,133,35,58,42,89,62,109,79,90" hai1="51,19,53,61,46,56,5,104,126,87,118,134,50" hai2="129,135,47,131,32,83,86,103,3,16,18,74,113" hai3="57,22,124,123,84,116,110,121,52,28,96,130,98"/><W64/><G116/><T20/><D119/><U45/><E118/><V102/><F74/><W91/><G64/><T0/><D109/><U111/><E104/><V105/><F32/><W9/><G130/><N who="2" m="49673" /><F3/><W71/><G71/><T44/><D133/><U24/><E134/><V33/><F33/><W8/><G124/><T80/><D35/><U117/><E117/><V10/><F135/><W100/><G110/><T68/><D68/><U95/><E111/><V31/><F31/><W85/><G123/><T114/><D114/><U70/><E70/><V81/><F81/><N who="3" m="49551" /><G85/><T13/><D13/><U63/><E5/><V65/><F65/><W66/><G66/><T1/><D1/><U15/><E24/><V125/><F125/><W108/><G100/><N who="2" m="38441" /><F105/><W43/><G43/><T78/><D0/><U29/><E29/><V36/><F10/><N who="3" m="4203" /><G108/><T73/><D79/><U55/><E126/><V7/><F7/><W25/><G121/><T99/><D99/><U120/><E120/><V127/><F113/><W69/><G69/><T23/><D23/><N who="1" m="11775" /><E87/><V2/><F2/><W60/><AGARI ba="0,0" hai="22,25,28,52,57,60,96,98" m="4203,49551" machi="60" ten="30,11700,0" yaku="8,1,52,2,54,1" doraHai="93" who="3" fromWho="3" sc="287,-39,325,-39,311,-39,77,117" /><INIT seed="3,1,0,2,2,134" ten="248,286,272,194" oya="3" hai0="41,62,40,109,102,125,10,95,26,103,27,56,91" hai1="13,33,118,36,116,64,130,7,11,108,61,96,94" hai2="29,83,22,113,87,100,15,16,70,81,54,0,6" hai3="121,14,105,128,20,73,84,28,122,110,90,37,112"/><W46/><G105/><T107/><D107/><U78/><E33/><V129/><F70/><W58/><G112/><T43/><D109/><U69/><E36/><V47/><F113/><W99/><G73/><T30/><D10/><U79/><E108/><V124/><F83/><W104/><G110/><T60/><D125/><U1/><E1/><V133/><F100/><N who="0" m="38442" /><D30/><U127/><E127/><V21/><F124/><W80/><G128/><T48/><D48/><U50/><E50/><N who="2" m="29023" /><F0/><W8/><G104/><T68/><D68/><U3/><E3/><V63/><F133/><W45/><G99/><N who="0" m="57855" /><D62/><U59/><E69/><V51/><F63/><W75/><G75/><T23/><D23/><U4/><E130/><V57/><F6/><W126/><G126/><T86/><D86/><U114/><E7/><V74/><F74/><W123/><G58/><T65/><AGARI ba="1,0" hai="26,27,40,41,43,56,60,65" m="57855,38442" machi="65" ten="30,1100,0" yaku="8,1" doraHai="134" who="0" fromWho="0" sc="248,14,286,-4,272,-4,194,-6" /><INIT seed="4,0,0,3,1,23" ten="262,282,268,188" oya="0" hai0="49,32,91,92,65,86,59,4,16,61,90,30,26" hai1="51,44,67,22,107,119,60,102,115,110,57,99,126" hai2="17,62,9,131,78,89,48,96,10,6,75,52,116" hai3="14,112,27,121,58,100,130,50,111,71,93,85,20"/><T34/><D4/><U134/><E110/><V37/><F37/><W42/><G112/><T97/><D49/><U106/><E119/><V19/><F75/><W87/><G71/><T11/><D11/><N who="2" m="4106" /><F6/><W33/><G111/><T45/><D45/><U103/><E126/><V113/><F113/><W39/><G121/><T98/><D16/><N who="2" m="6218" /><F131/><W3/><G3/><T25/><D91/><U21/><E134/><V7/><F116/><W129/><G33/><T118/><REACH who="0" step="1"/><D118/><REACH who="0" ten="252,282,268,188" step="2"/><U133/><E115/><V18/><F7/><W56/><G130/><T13/><D13/><U73/><E51/><V109/><F109/><W132/><G14/><T104/><D104/><U108/><E44/><N who="2" m="27655" /><F18/><W123/><G129/><T68/><D68/><U101/><E106/><V12/><F12/><W15/><G15/><T24/><D24/><U135/><E107/><V53/><F78/><W69/><G69/><T43/><D43/><U63/><E108/><V41/><F41/><W54/><G42/><T28/><AGARI ba="0,1" hai="25,26,28,30,32,34,59,61,65,86,90,92,97,98" machi="28" ten="30,12000,1" yaku="1,1,0,1,9,1,52,2,53,0" doraHai="23" doraHaiUra="120" who="0" fromWho="0" sc="252,130,282,-40,268,-40,188,-40" owari="382,48.0,242,4.0,228,-17.0,148,-35.0" /></mjloggm>