<mjloggm ver="2.3"><GO type="97" lobby="0"/><UN n0="%E3%82%A6%E3%83%AB%E3%83%88%E3%83%A9%E7%AB%8B%E7%9B%B4" n1="%6E%69%6B%75%40%6E%61%6E" n2="%54%52%41%49%4E" n3="%74%65%6E%67%6F%6B%75" dan="15,14,14,14" rate="1973.95,1985.19,1915.20,1871.21" sx="M,M,M,M"/><TAIKYOKU oya="0"/><INIT seed="0,0,0,5,0,55" ten="250,250,250,250" oya="0" hai0="20,90,97,18,61,83,53,114,108,60,44,105,27" hai1="3,15,92,42,127,21,118,29,68,40,94,80,26" hai2="89,117,28,1,119,17,99,34,49,132,85,125,13" hai3="130,37,122,116,135,23,95,48,110,9,33,5,41"/><T77/><D114/><U78/><E3/><V103/><F1/><W82/><G116/><N who="2" m="44617" /><F28/><W104/><G104/><T75/><D108/><U91/><E118/><V121/><F34/><W54/><G122/><T131/><D131/><U86/><E127/><V63/><F121/><W128/><G110/><T24/><D24/><U14/><E68/><V11/><F125/><W25/><G135/><T30/><D30/><U69/><E69/><V57/><F132/><W123/><G123/><T51/><REACH who="0" step="1"/><D90/><REACH who="0" ten="240,250,250,250" step="2"/><U115/><E91/><V10/><F89/><W72/><G130/><T62/><D62/><U76/><E115/><V93/><F49/><W96/><G48/><T58/><D58/><U124/><E124/><V134/><F134/><W74/><G128/><T106/><D106/><U35/><E76/><V100/><F100/><AGARI ba="0,1" hai="18,20,27,44,51,53,60,61,75,77,83,97,100,105" machi="100" ten="40,3900,0" yaku="1,1,53,1" doraHai="55" doraHaiUra="73" who="0" fromWho="2" sc="240,49,250,0,250,-39,250,0" /><INIT seed="0,1,0,2,1,64" ten="289,250,211,250" oya="0" hai0="106,22,67,93,112,45,127,19,130,46,58,21,129" hai1="68,134,125,99,74,14,89,35,27,2,29,5,69" hai2="95,92,13,78,83,18,62,6,25,30,42,85,75" hai3="87,3,16,72,132,123,81,135,33,116,77,37,84"/><T60/><D106/><U128/><E74/><V57/><F42/><W109/><G116/><T48/><D112/><U65/><E65/><V110/><F75/><W111/><G123/><T119/><D119/><U49/><E134/><N who="3" m="51242" /><G37/><T90/><D127/><U96/><E125/><V63/><F110/><N who="3" m="41995" /><G3/><T61/><D61/><U126/><E126/><V51/><F6/><W113/><G33/><T41/><D46/><U100/><E128/><N who="0" m="49257" /><D22/><U76/><E76/><V17/><F51/><W88/><G113/><T9/><D9/><U121/><E121/><V26/><F30/><W53/><G53/><T124/><D124/><U31/><E89/><V73/><F73/><W23/><G88/><T7/><D7/><U28/><E2/><V43/><F43/><W66/><G66/><T32/><D32/><U70/><E35/><V91/><F63/><W36/><G36/><T0/><D0/><U107/><E49/><V103/><F103/><W94/><G94/><N who="2" m="35881" /><F91/><W1/><G1/><T8/><D90/><U102/><E5/><V44/><F44/><W117/><G117/><T108/><D93/><U101/><E14/><AGARI ba="1,0" hai="14,16,23,72,77,81,84,87" m="41995,51242" machi="14" ten="30,3900,0" yaku="20,1,14,1,54,1" doraHai="64" who="3" fromWho="1" sc="289,0,250,-42,211,0,250,42" /><INIT seed="1,0,0,4,2,13" ten="289,208,211,292" oya="1" hai0="45,19,121,110,21,120,99,101,75,28,64,129,71" hai1="60,90,31,74,44,111,112,117,53,38,114,82,15" hai2="100,95,65,127,84,78,103,24,87,1,10,134,97" hai3="66,96,54,4,17,107,125,29,94,79,124,119,46"/><U37/><E117/><V89/><F127/><N who="3" m="48715" /><G107/><N who="0" m="63935" /><D75/><U61/><E31/><V47/><F134/><W52/><G119/><T30/><D110/><U102/><E102/><V36/><F36/><W86/><G66/><T91/><D91/><U128/><E111/><V113/><F113/><W88/><G29/><T70/><D45/><U118/><E118/><V92/><F47/><W56/><G4/><T68/><D64/><U77/><E128/><V6/><F65/><W25/><G46/><T106/><D106/><U83/><E38/><V62/><F62/><W40/><G40/><T23/><D23/><U48/><E37/><V133/><F133/><W130/><G130/><T22/><D22/><U98/><E15/><V58/><F58/><W27/><G54/><T123/><D129/><U5/><E5/><V3/><F24/><AGARI ba="0,0" hai="19,21,24,28,30,68,70,71,120,121,123" m="63935" machi="24" ten="40,2600,0" yaku="13,1,52,1" doraHai="13" who="0" fromWho="2" sc="289,26,208,0,211,-26,292,0" /><INIT seed="2,0,0,3,0,19" ten="315,208,185,292" oya="2" hai0="2,113,14,117,64,65,95,107,52,84,76,68,112" hai1="69,21,58,89,8,24,62,32,72,70,44,71,133" hai2="46,9,17,10,97,1,29,37,131,43,0,41,123" hai3="126,7,120,39,91,15,125,12,108,3,36,118,103"/><V99/><F17/><W115/><G120/><T23/><D107/><U88/><E72/><V105/><F123/><W51/><G118/><T6/><D2/><U90/><E133/><V104/><F46/><W16/><G108/><T85/><D117/><U25/><E32/><V66/><F66/><W94/><G103/><T54/><D95/><U106/><E106/><V31/><REACH who="2" step="1"/><F131/><REACH who="2" ten="315,208,175,292" step="2"/><W55/><G16/><T50/><D65/><U38/><E44/><V59/><F59/><W77/><G125/><T87/><D64/><U96/><E58/><V127/><F127/><W132/><G126/><T79/><D68/><U93/><E71/><V63/><F63/><W73/><G115/><T30/><D113/><U86/><E62/><V49/><F49/><W124/><G51/><T82/><D112/><U11/><E69/><V83/><F83/><W116/><G124/><T119/><D119/><U92/><E70/><V75/><F75/><W13/><G116/><T128/><D128/><U34/><E38/><AGARI ba="0,1" hai="0,1,9,10,29,31,37,38,41,43,97,99,104,105" machi="38" ten="25,4800,0" yaku="1,1,22,2,53,0" doraHai="19" doraHaiUra="98" who="2" fromWho="1" sc="315,0,208,-48,175,58,292,0" /><INIT seed="2,1,0,1,1,2" ten="315,160,233,292" oya="2" hai0="109,95,114,111,116,118,127,74,104,51,7,0,124" hai1="27,48,4,23,76,107,70,39,87,56,72,9,86" hai2="35,122,44,132,59,75,50,78,45,32,26,101,3" hai3="90,34,52,125,29,62,96,20,115,94,13,36,71"/><V105/><F122/><W108/><G36/><T119/><D104/><U33/><E39/><V1/><F132/><W129/><G129/><T77/><D51/><U30/><E70/><V6/><F59/><W123/><G123/><T55/><D55/><U43/><E107/><V41/><F101/><W79/><G108/><N who="0" m="41547" /><D95/><U73/><E33/><V63/><F105/><W84/><G34/><T131/><D77/><U98/><E98/><V46/><F63/><W89/><G125/><N who="0" m="48203" /><D74/><U38/><E38/><V37/><F1/><W133/><G133/><T58/><D58/><U11/><E73/><V15/><F15/><W68/><G115/><T18/><D18/><U19/><E72/><V103/><F103/><W120/><G120/><T10/><D131/><U117/><E76/><V16/><F16/><N who="3" m="10255" /><G71/><T57/><D57/><U83/><E19/><V85/><F85/><N who="1" m="32265" /><E83/><N who="2" m="45535" /><F26/><W61/><G68/><T80/><D80/><U130/><E130/><V99/><F99/><W28/><G79/><T17/><D17/><U110/><E110/><V14/><F14/><W69/><G69/><T93/><D93/><U97/><E97/><V40/><F45/><W64/><G64/><T8/><D8/><AGARI ba="1,0" hai="3,6,8,32,35,37,40,41,44,46,50" m="45535" machi="8" ten="30,2900,0" yaku="25,1,52,1" doraHai="2" who="2" fromWho="0" sc="315,-32,160,0,233,32,292,0" /><INIT seed="2,2,0,2,5,45" ten="283,160,265,292" oya="2" hai0="67,74,110,80,73,43,9,60,50,94,111,38,117" hai1="63,109,44,58,20,40,90,21,113,42,76,18,53" hai2="85,81,25,77,48,68,108,84,121,17,126,133,24" hai3="103,120,134,54,13,71,3,107,41,55,118,105,132"/><V124/><F68/><W26/><G120/><T99/><D38/><U75/><E113/><V36/><F36/><W22/><G118/><T123/><D9/><U23/><E109/><N who="0" m="41481" /><D123/><U98/><E75/><N who="0" m="28681" /><D80/><U34/><E34/><V19/><F121/><W125/><G3/><T39/><D39/><U62/><E76/><V59/><F108/><W47/><G71/><T0/><D0/><U2/><E2/><V97/><F97/><W122/><G122/><T89/><D117/><U4/><E4/><V37/><F37/><W15/><G125/><N who="2" m="48233" /><F133/><N who="3" m="51307" /><G103/><T72/><N who="0" m="28689" /><T61/><DORA hai="66" /><D67/><U129/><E129/><V69/><F85/><W128/><G128/><T135/><D135/><U116/><E116/><V79/><F79/><W86/><G86/><T112/><D112/><U12/><E44/><AGARI ba="2,0" hai="43,44,50,60,61,89,94,99" m="28689,41481" machi="44" ten="50,3200,0" yaku="14,1,52,1" doraHai="45,66" who="0" fromWho="1" sc="283,38,160,-38,265,0,292,0" /><INIT seed="3,0,0,0,1,88" ten="321,122,265,292" oya="3" hai0="131,62,54,124,128,122,91,108,116,86,94,0,5" hai1="95,104,107,130,24,127,79,65,59,93,13,37,74" hai2="105,67,118,35,56,82,17,85,123,64,90,125,45" hai3="42,10,81,48,11,135,29,106,33,80,32,14,68"/><W57/><G68/><T133/><D124/><U99/><E37/><V134/><F125/><W60/><G106/><N who="1" m="40490" /><E24/><V103/><F35/><W72/><G135/><T43/><D108/><U27/><E127/><V117/><F134/><W49/><G72/><T9/><D116/><U25/><E13/><V19/><F118/><W109/><G33/><T129/><D122/><U87/><E59/><V58/><F123/><W110/><G32/><T38/><D133/><U15/><E15/><V28/><F117/><W92/><G29/><T63/><D54/><U44/><E65/><V69/><F69/><W22/><G22/><T21/><D21/><U51/><E44/><AGARI ba="0,0" hai="0,5,9,38,43,44,62,63,86,91,94,128,129,131" machi="44" ten="40,2600,0" yaku="19,1,52,1" doraHai="88" who="0" fromWho="1" sc="321,26,122,-26,265,0,292,0" owari="347,44.0,96,-40.0,265,-13.0,292,9.0" /></mjloggm>