<mjloggm ver="2.3"><GO type="97" lobby="0"/><UN n0="%EF%BC%A0%E3%81%91%E3%82%93" n1="%E3%82%A2%E3%83%98%E9%A1%94%EF%BC%B7%E3%83%94%E3%83%BC%E3%82%B9" n2="%E6%9D%B1%E9%A2%A8%E3%81%AE%E3%81%AD%E3%81%93" n3="%E3%82%A6%E3%83%AB%E3%83%88%E3%83%A9%E7%AB%8B%E7%9B%B4" dan="13,13,14,15" rate="2015.80,1952.78,2028.86,1988.37" sx="M,F,M,M"/><TAIKYOKU oya="0"/><INIT seed="0,0,0,3,0,125" ten="250,250,250,250" oya="0" hai0="47,89,77,59,118,83,32,96,93,75,54,108,132" hai1="66,44,131,129,72,31,99,52,36,28,29,85,1" hai2="50,103,98,107,88,123,81,2,53,56,80,117,79" hai3="12,43,65,121,91,37,126,130,4,27,127,41,30"/><T46/><D118/><U111/><E1/><V112/><F117/><W87/><G65/><T0/><D32/><U21/><E72/><V73/><F123/><W8/><G121/><T34/><D34/><U124/><E66/><V13/><F2/><W26/><G37/><T100/><D0/><U19/><E124/><N who="3" m="47658" /><G130/><N who="1" m="49674" /><E111/><V71/><F71/><W17/><G17/><T63/><D132/><U84/><E99/><V33/><F33/><N who="3" m="20695" /><G27/><T10/><D108/><U119/><E119/><V55/><F112/><W120/><G120/><T38/><D10/><U109/><E109/><V78/><F13/><W74/><G74/><T82/><D38/><U24/><E36/><V23/><F23/><W101/><G101/><T49/><D83/><AGARI ba="0,0" hai="4,8,12,41,43,83,87,91" m="20695,47658" machi="83" ten="30,1000,0" yaku="18,1" doraHai="125" who="3" fromWho="0" sc="250,-10,250,0,250,0,250,10" /><INIT seed="1,0,0,3,1,135" ten="240,250,250,260" oya="1" hai0="129,80,110,41,84,59,114,63,86,38,9,21,66" hai1="1,119,36,77,124,79,102,8,54,37,90,131,7" hai2="89,88,62,47,103,85,98,51,118,30,45,49,101" hai3="74,56,67,58,130,108,82,71,91,31,2,72,14"/><U97/><E131/><V117/><F62/><W25/><G2/><T93/><D114/><U120/><E120/><V53/><F30/><W123/><G71/><T15/><D129/><U27/><E119/><V99/><F85/><W122/><G130/><T76/><D110/><U29/><E124/><V69/><F53/><W6/><G108/><T16/><D38/><U44/><E90/><V57/><F57/><W60/><G58/><T35/><D35/><U116/><E116/><V34/><F34/><W134/><G134/><T111/><D41/><U128/><E128/><V87/><F87/><W83/><G74/><T132/><D132/><U107/><E36/><V112/><REACH who="2" step="1"/><F69/><REACH who="2" ten="240,250,240,260" step="2"/><W106/><G56/><T96/><D111/><U39/><E39/><V109/><F109/><W5/><G60/><T13/><D86/><U121/><E121/><V125/><F125/><W22/><G31/><T28/><D28/><U0/><E54/><V133/><F133/><W50/><G123/><T64/><D64/><U48/><E37/><V95/><F95/><W23/><G67/><T105/><D105/><U100/><E107/><V127/><F127/><W19/><G106/><T61/><D61/><U104/><E104/><V26/><F26/><W70/><G70/><T55/><D66/><U52/><E27/><V17/><F17/><N who="3" m="10551" /><G122/><T18/><D93/><U78/><E29/><V46/><F46/><W24/><G24/><T40/><D40/><U73/><E73/><V75/><F75/><W3/><G72/><T92/><D92/><N who="1" m="58407" /><E102/><V81/><F81/><W42/><G83/><T68/><D68/><RYUUKYOKU ba="0,1" sc="240,10,250,10,240,10,260,-30" hai0="9,13,15,16,18,21,55,59,63,76,80,84,96" hai1="0,1,7,8,44,48,52,77,78,79" hai2="45,47,49,51,88,89,98,99,101,103,112,117,118" /><INIT seed="1,1,1,0,2,53" ten="250,260,250,230" oya="1" hai0="55,96,114,100,50,72,8,43,111,133,65,22,68" hai1="103,39,34,56,44,105,71,33,89,93,7,83,57" hai2="60,82,129,31,77,112,115,120,126,116,109,14,13" hai3="17,80,122,62,117,99,29,24,125,37,23,67,52"/><U118/><E118/><V73/><F116/><W0/><G37/><T113/><D72/><U41/><E71/><V106/><F120/><W75/><G0/><T47/><D8/><U64/><E7/><V90/><F106/><W10/><G122/><T3/><D3/><U98/><E83/><V30/><F126/><W135/><G117/><T38/><D133/><U40/><E40/><V79/><F129/><W27/><G135/><T69/><D22/><U5/><E5/><V121/><F121/><W19/><G125/><T91/><D91/><U84/><REACH who="1" step="1"/><E64/><REACH who="1" ten="250,250,250,230" step="2"/><V134/><F134/><W63/><G80/><T25/><D65/><U108/><E108/><V18/><F109/><W107/><G67/><T102/><D111/><U45/><E45/><V6/><F82/><W49/><G75/><T42/><D69/><U95/><E95/><V20/><F73/><W16/><G107/><T11/><D43/><U76/><E76/><V85/><F6/><W119/><G119/><T32/><D42/><U78/><E78/><V132/><F132/><W81/><G81/><T124/><D68/><U35/><AGARI ba="1,2" hai="33,34,35,39,41,44,56,57,84,89,93,98,103,105" machi="35" ten="30,12000,1" yaku="1,1,0,1,52,2,53,1" doraHai="53" doraHaiUra="86" who="1" fromWho="1" sc="250,-41,250,143,250,-41,230,-41" /><INIT seed="1,2,0,1,2,71" ten="209,393,209,189" oya="1" hai0="76,12,104,92,41,131,85,89,123,124,68,96,27" hai1="127,59,75,97,47,25,46,42,34,43,13,57,19" hai2="39,6,106,80,109,45,0,48,1,133,62,87,33" hai3="49,110,8,105,65,72,11,134,56,36,135,35,86"/><U111/><E75/><V88/><F33/><W63/><G72/><T3/><D3/><U129/><E129/><V16/><F106/><W91/><G35/><T66/><D131/><U31/><E127/><V94/><F133/><N who="3" m="50699" /><G105/><T28/><D124/><U93/><E111/><V130/><F109/><W108/><G49/><T116/><D116/><U44/><E57/><V112/><F130/><W18/><G18/><T14/><D123/><U115/><E59/><V40/><F112/><W26/><G26/><T101/><D41/><U23/><REACH who="1" step="1"/><E115/><REACH who="1" ten="209,383,209,189" step="2"/><V114/><F114/><W5/><G110/><T121/><D121/><U37/><E37/><V24/><F62/><W60/><G108/><T38/><D38/><U113/><E113/><V30/><F39/><W125/><G125/><T17/><D76/><U67/><E67/><V84/><F45/><W7/><G63/><T52/><D66/><U119/><E119/><V4/><F48/><W83/><G36/><T90/><D68/><U128/><E128/><V107/><F1/><W55/><G65/><T102/><D28/><U10/><E10/><AGARI ba="2,1" hai="5,7,8,10,11,55,56,60,83,86,91" m="50699" machi="10" ten="30,1000,0" yaku="20,1" doraHai="71" who="3" fromWho="1" sc="209,0,383,-16,209,0,189,26" /><INIT seed="2,0,0,3,0,65" ten="209,367,209,215" oya="2" hai0="45,117,80,38,6,57,53,13,19,52,42,103,74" hai1="39,126,5,30,46,62,84,85,70,98,27,83,79" hai2="48,24,75,9,91,25,41,7,87,68,12,28,33" hai3="59,104,127,101,108,95,44,14,114,97,77,99,110"/><V58/><F75/><W105/><G44/><T119/><D103/><U50/><E126/><V63/><F25/><W2/><G2/><T43/><D6/><U15/><E39/><V0/><F41/><W92/><G59/><T121/><D121/><U76/><E98/><V112/><F112/><W54/><G54/><T72/><D42/><U64/><E15/><V135/><F135/><W23/><G23/><T93/><D93/><U3/><E5/><V55/><F0/><W94/><G14/><T21/><D53/><U61/><E61/><V113/><F113/><W89/><G127/><T67/><D67/><U115/><E3/><V118/><F118/><N who="0" m="45066" /><D80/><U88/><E85/><V17/><F7/><W22/><G22/><T29/><D29/><U90/><E76/><V31/><F31/><W123/><G114/><T40/><D40/><U66/><E66/><V32/><F32/><W86/><G123/><T122/><D122/><U81/><E81/><V109/><F109/><N who="3" m="42091" /><G105/><T120/><D120/><U111/><E111/><V133/><F133/><W37/><G37/><T130/><D130/><U10/><E115/><V82/><REACH who="2" step="1"/><F63/><AGARI ba="0,0" hai="13,19,21,38,43,45,52,57,63,72,74" m="45066" machi="63" ten="30,2000,0" yaku="12,1,54,1" doraHai="65" who="0" fromWho="2" sc="209,20,367,0,209,-20,215,0" /><INIT seed="3,0,0,3,3,60" ten="229,367,189,215" oya="3" hai0="46,132,71,88,102,123,19,61,38,48,42,14,108" hai1="57,125,69,104,6,0,94,86,30,40,109,113,3" hai2="51,70,84,8,118,95,85,58,65,44,66,134,31" hai3="34,39,79,24,74,122,106,45,54,75,92,53,131"/><W135/><G106/><T128/><D123/><U96/><E57/><V127/><F70/><W87/><G122/><T43/><D102/><U78/><E30/><V111/><F118/><W29/><G131/><T91/><D128/><U67/><E86/><N who="2" m="33387" /><F111/><W11/><G135/><T89/><D108/><U110/><E67/><N who="2" m="25611" /><F127/><W10/><G75/><T105/><D105/><U98/><E69/><V20/><F134/><W77/><G74/><T121/><D71/><U15/><E15/><V26/><F58/><W17/><G79/><T1/><D121/><U41/><E0/><V33/><F33/><W22/><G34/><T116/><D1/><U76/><E3/><V7/><F20/><W80/><G92/><T129/><D129/><U55/><E94/><V28/><F95/><W72/><G72/><T82/><D132/><U35/><E125/><V50/><F26/><W47/><G39/><T120/><D38/><U59/><E59/><V68/><F68/><W16/><G11/><T5/><D116/><U97/><E104/><V32/><F32/><W107/><G107/><T112/><D120/><U4/><E35/><V56/><F56/><W101/><G101/><T119/><D119/><U37/><E37/><V73/><F73/><W2/><G2/><T9/><D9/><U21/><E21/><V12/><F50/><N who="3" m="28879" /><G10/><T25/><D48/><AGARI ba="0,0" hai="16,17,22,24,29,47,48,54,77,80,87" m="28879" machi="48" ten="30,2900,0" yaku="8,1,54,1" doraHai="60" who="3" fromWho="0" sc="229,-29,367,0,189,0,215,29" /><INIT seed="3,1,0,4,2,47" ten="200,367,189,244" oya="3" hai0="93,118,72,9,40,52,81,69,103,61,8,59,109" hai1="24,126,42,131,110,22,135,125,128,53,48,90,16" hai2="34,39,37,113,19,112,105,70,54,4,64,102,99" hai3="49,77,44,5,15,108,127,21,20,17,123,98,13"/><W65/><G123/><T25/><D118/><U66/><E110/><V63/><F19/><W23/><G127/><N who="1" m="48650" /><E66/><V12/><F54/><W11/><G108/><T121/><D109/><U92/><E42/><V38/><F12/><W97/><G77/><T43/><D121/><U96/><E135/><V31/><REACH who="2" step="1"/><F4/><REACH who="2" ten="200,367,179,244" step="2"/><W46/><G65/><T62/><D69/><U76/><E76/><V75/><F75/><W134/><G134/><T124/><D124/><U79/><E79/><V32/><F32/><W0/><G15/><T89/><D72/><U6/><E6/><V120/><F120/><W106/><G13/><T116/><D116/><U87/><E96/><V132/><F132/><W57/><G17/><T133/><D133/><U119/><E119/><V56/><F56/><AGARI ba="1,1" hai="16,22,24,48,53,56,87,90,92,128,131" m="48650" machi="56" ten="30,3900,0" yaku="18,1,52,1,54,1" doraHai="47" who="1" fromWho="2" sc="200,0,367,52,179,-42,244,0" owari="200,-20.0,419,52.0,137,-36.0,244,4.0" /></mjloggm>