<mjloggm ver="2.3"><GO type="97" lobby="0"/><UN n0="%E3%82%A6%E3%83%AB%E3%83%88%E3%83%A9%E7%AB%8B%E7%9B%B4" n1="%72%76%32" n2="%E6%9C%88%E4%BB%A3" n3="%E6%AF%8D%E4%B9%B3%E5%A4%A9%E4%BD%BF%E3%81%BF%E3%82%8B%E3%81%8F" dan="14,14,13,13" rate="1888.23,1866.12,1880.39,1909.60" sx="M,M,M,M"/><TAIKYOKU oya="0"/><INIT seed="0,0,0,3,1,111" ten="250,250,250,250" oya="0" hai0="44,107,79,104,87,12,7,56,72,100,131,10,121" hai1="95,93,120,115,25,3,64,91,106,28,22,81,40" hai2="17,19,130,85,74,92,1,124,49,41,77,60,45" hai3="70,135,24,34,98,118,30,112,54,127,29,53,66"/><T123/><D131/><U2/><E120/><V90/><F130/><W97/><G118/><T46/><D72/><U62/><E106/><V102/><F1/><W39/><G112/><T43/><D46/><U122/><E122/><V75/><F124/><W11/><G39/><T108/><D108/><U133/><E133/><V15/><F19/><W80/><G135/><T50/><D56/><U99/><E40/><V61/><F102/><W32/><G127/><T57/><D57/><U35/><E81/><V27/><F27/><W55/><G11/><T110/><D110/><U20/><E115/><V125/><F125/><W4/><G4/><T14/><D14/><U76/><E76/><V129/><F129/><W134/><G134/><T109/><D109/><U65/><E65/><V6/><F6/><W67/><G80/><N who="0" m="47519" /><D104/><U73/><E73/><V94/><F94/><W101/><G70/><T26/><D26/><U126/><E126/><V105/><F105/><W89/><G101/><T117/><D117/><U5/><E5/><V68/><F77/><W103/><G103/><T21/><D21/><N who="1" m="8299" /><E95/><V88/><F90/><W42/><G42/><T8/><D8/><U71/><E2/><V51/><F51/><W18/><G89/><T0/><D0/><U119/><E3/><V128/><F128/><W33/><G18/><T113/><D113/><U13/><E13/><V47/><F47/><W83/><G83/><T116/><D116/><U96/><E119/><V63/><REACH who="2" step="1"/><F68/><REACH who="2" ten="250,250,240,250" step="2"/><W52/><N who="3" m="13824" /><DORA hai="114" /><W132/><G24/><T86/><D107/><U84/><E71/><V59/><F59/><RYUUKYOKU ba="0,1" sc="250,-15,250,15,240,15,250,-15" hai1="25,28,35,62,64,84,91,93,96,99" hai2="15,17,41,45,49,60,61,63,74,75,85,88,92" /><INIT seed="1,1,1,5,5,106" ten="235,265,255,235" oya="1" hai0="100,104,56,76,5,111,67,98,38,44,8,79,96" hai1="58,7,49,128,95,66,70,6,78,52,103,135,55" hai2="94,59,63,45,129,42,118,41,3,69,54,32,114" hai3="39,26,133,88,13,19,46,57,23,34,53,84,22"/><U15/><E128/><V123/><F32/><W110/><G110/><T73/><D111/><U117/><E117/><V122/><F3/><W130/><G130/><T68/><D56/><U124/><E135/><V113/><F94/><W90/><G34/><T1/><D98/><N who="1" m="59871" /><E66/><N who="2" m="41183" /><F118/><W21/><G133/><T4/><D4/><U29/><E70/><V11/><F11/><W64/><G64/><T75/><D79/><U131/><E131/><V17/><F17/><W72/><G72/><T116/><D76/><U101/><E78/><V102/><F102/><W115/><G115/><N who="2" m="44041" /><F129/><W87/><G46/><T25/><D25/><U37/><E37/><N who="2" m="21679" /><F42/><W132/><G39/><T16/><D16/><U85/><E101/><V62/><AGARI ba="1,1" hai="54,59,62,122,123" m="21679,44041,41183" machi="62" ten="30,4000,0" yaku="11,1,34,2" doraHai="106" who="2" fromWho="2" sc="235,-11,265,-21,255,53,235,-11" /><INIT seed="2,0,0,0,2,122" ten="224,244,308,224" oya="2" hai0="32,129,80,70,135,132,64,114,46,13,10,83,109" hai1="34,68,29,95,38,84,91,76,71,26,117,9,130" hai2="123,17,96,118,74,39,50,31,23,2,133,43,87" hai3="73,88,5,14,90,3,93,33,119,15,22,110,60"/><V40/><F74/><W82/><G33/><T20/><D32/><U98/><E117/><V30/><F39/><W107/><G107/><T11/><D114/><U72/><E130/><V66/><F118/><W79/><G119/><T8/><D129/><U131/><E131/><V42/><F2/><W126/><G126/><T89/><D64/><U6/><E38/><V51/><F123/><W112/><G112/><T104/><D70/><U103/><E76/><V69/><F133/><N who="0" m="51274" /><D104/><U111/><E111/><V92/><F87/><W35/><G35/><T102/><D102/><U67/><E72/><V36/><F36/><W62/><G3/><T37/><D109/><U53/><E53/><V24/><F66/><W99/><G110/><T19/><D89/><U25/><E25/><V78/><F78/><W61/><G14/><T1/><D1/><U94/><E67/><V124/><F124/><W57/><G5/><T63/><D63/><U47/><REACH who="1" step="1"/><E47/><REACH who="1" ten="224,234,308,224" step="2"/><V113/><F113/><W12/><G73/><T28/><D46/><U16/><E16/><V127/><F127/><W55/><G79/><T81/><D37/><U45/><E45/><V97/><F69/><W49/><G22/><T21/><D21/><U108/><E108/><V101/><F96/><W4/><G4/><T106/><D106/><U48/><E48/><AGARI ba="0,1" hai="17,23,24,30,31,40,42,43,48,50,51,92,97,101" machi="48" ten="40,2000,0" yaku="8,1" doraHai="122" who="2" fromWho="1" sc="224,0,234,-20,308,30,224,0" /><INIT seed="2,1,0,4,1,66" ten="224,214,338,224" oya="2" hai0="121,85,14,69,112,94,46,95,135,59,4,132,118" hai1="88,7,49,96,101,26,79,74,78,40,131,82,53" hai2="89,9,99,51,17,15,122,72,42,117,0,65,129" hai3="58,100,115,93,21,20,33,60,6,13,70,105,61"/><V91/><F122/><W8/><G33/><T19/><D121/><U106/><E131/><V67/><F129/><W50/><G105/><T73/><D73/><U3/><E78/><V36/><F117/><W44/><G70/><T83/><D112/><U5/><E40/><V124/><F36/><W2/><G2/><T34/><D34/><U119/><E119/><V45/><F72/><W125/><G125/><T128/><D128/><U110/><E110/><V76/><F76/><W80/><G115/><T57/><D69/><U30/><E3/><V104/><F124/><W39/><G39/><T55/><D46/><U109/><E88/><N who="2" m="33867" /><F104/><W29/><G80/><T71/><D71/><U41/><E41/><V123/><F0/><W32/><G32/><T24/><D118/><U1/><E1/><V75/><F75/><W48/><G29/><T113/><D113/><U52/><E53/><V98/><F123/><W107/><G107/><T120/><D120/><U27/><E109/><V102/><F102/><W77/><G77/><T11/><D55/><U43/><E43/><V90/><N who="2" m="33875" /><V130/><DORA hai="18" /><F130/><W87/><G87/><T23/><D83/><U116/><E116/><V62/><F62/><N who="3" m="24171" /><G100/><T16/><D85/><U108/><E108/><V64/><AGARI ba="1,0" hai="9,15,17,42,45,51,64,65,67,98,99" m="33875" machi="64" ten="40,3900,0" yaku="8,1,54,1" doraHai="66,18" who="2" fromWho="2" sc="224,-14,214,-14,338,42,224,-14" /><INIT seed="2,2,0,3,5,56" ten="210,200,380,210" oya="2" hai0="61,22,81,3,21,114,104,118,46,53,38,13,109" hai1="8,42,69,45,116,12,1,115,82,75,9,78,34" hai2="134,36,83,111,59,16,47,7,89,66,121,39,24" hai3="85,52,11,14,95,72,40,41,37,28,71,97,6"/><V123/><F7/><W64/><G72/><T5/><D114/><U93/><E69/><V25/><F134/><W49/><G28/><T87/><D104/><U107/><E107/><V60/><F111/><W125/><G125/><T30/><D109/><U135/><E115/><V88/><F25/><W84/><G64/><T119/><D3/><U63/><E116/><N who="0" m="44585" /><D30/><U70/><E135/><V128/><F128/><W73/><G73/><T32/><D32/><U86/><E34/><V19/><F36/><W103/><G71/><T57/><D5/><U105/><E105/><V133/><F133/><W65/><G65/><T106/><D106/><U127/><E127/><V55/><F19/><W50/><G37/><T35/><D35/><U80/><E93/><V20/><F39/><W79/><G79/><N who="0" m="46527" /><D13/><U58/><E12/><V100/><F100/><W54/><G40/><AGARI ba="2,0" hai="21,22,38,40,46,53,57,61" m="46527,44585" machi="40" ten="30,2000,0" yaku="12,1,52,1" doraHai="56" who="0" fromWho="3" sc="210,26,200,0,380,0,210,-26" /><INIT seed="3,0,0,2,0,10" ten="236,200,380,184" oya="3" hai0="123,77,28,5,12,34,24,82,37,113,114,35,104" hai1="47,98,83,48,96,75,57,92,6,70,29,33,31" hai2="110,109,94,99,79,18,108,116,86,2,32,120,41" hai3="39,56,135,7,128,122,69,124,43,20,27,118,97"/><W51/><G69/><T55/><D123/><U11/><E70/><V53/><F120/><W25/><G118/><T127/><D127/><U121/><E121/><V101/><F116/><W19/><G122/><T14/><D104/><U65/><E33/><V78/><F41/><W126/><G39/><T52/><D35/><U74/><E74/><V4/><F32/><W1/><G135/><T45/><D5/><U67/><E96/><V50/><F4/><W38/><G38/><T66/><D66/><U132/><E132/><V102/><F2/><W58/><G128/><T80/><D80/><U87/><E75/><V119/><F119/><W0/><G97/><T62/><D62/><U125/><E125/><N who="3" m="48234" /><G27/><T85/><D37/><U8/><E8/><V107/><F18/><W71/><G71/><T30/><D30/><N who="1" m="11275" /><E57/><N who="3" m="22122" /><G7/><T111/><D24/><U91/><E11/><V95/><F107/><W46/><AGARI ba="0,0" hai="0,1,19,20,25,43,46,51" m="22122,48234" machi="46" ten="30,1500,0" yaku="18,1" doraHai="10" who="3" fromWho="3" sc="236,-5,200,-5,380,-5,184,15" /><INIT seed="3,1,0,2,4,11" ten="231,195,375,199" oya="3" hai0="62,113,116,43,69,68,123,73,26,133,21,60,104" hai1="125,134,51,46,88,28,16,25,12,81,42,83,48" hai2="59,110,31,36,8,32,38,92,0,50,99,131,107" hai3="56,64,5,124,103,132,105,20,91,86,37,61,4"/><W75/><G75/><T44/><D104/><U117/><E134/><V33/><F107/><W78/><G78/><T70/><D73/><U41/><E125/><V23/><F23/><W53/><G37/><T89/><D123/><U57/><E117/><V94/><F92/><W130/><G132/><T118/><D133/><U55/><E41/><V100/><F131/><W135/><G135/><T96/><D113/><U30/><E88/><V22/><F110/><W95/><G124/><T1/><D1/><U98/><E98/><V80/><F80/><N who="1" m="30793" /><E25/><V66/><F38/><W6/><G130/><T126/><D126/><U120/><E120/><V35/><F36/><W24/><G105/><T128/><D128/><U39/><E39/><V7/><F50/><W115/><G115/><T58/><D68/><U49/><E49/><V121/><F121/><W47/><G103/><T122/><D69/><U3/><E3/><V27/><F35/><W15/><G47/><T85/><D70/><U71/><E71/><V97/><F99/><W127/><G127/><T72/><D72/><U90/><E90/><V45/><F45/><W77/><G77/><T9/><D122/><U52/><E55/><V102/><F100/><W63/><G24/><T79/><D116/><U2/><E2/><V18/><F18/><N who="3" m="10335" /><G64/><T34/><D34/><U112/><E112/><V19/><F19/><W76/><G76/><T14/><D118/><U74/><E74/><V29/><F29/><W67/><G67/><T40/><D44/><U93/><E93/><V111/><F111/><W84/><G84/><T82/><D85/><RYUUKYOKU ba="1,0" sc="231,-30,195,10,375,10,199,10" hai1="12,16,28,30,42,46,48,51,52,57" hai2="0,7,8,22,27,31,32,33,59,66,94,97,102" hai3="4,5,6,53,56,61,63,86,91,95" /><INIT seed="3,2,0,3,3,19" ten="201,205,385,209" oya="3" hai0="59,50,102,33,51,88,16,75,99,76,133,23,60" hai1="68,53,116,134,69,62,95,107,58,61,82,132,63" hai2="28,78,11,43,119,65,86,24,87,40,73,14,35" hai3="49,110,126,17,131,124,54,38,127,121,37,5,106"/><W67/><G121/><T108/><D33/><U27/><E116/><V44/><F119/><W55/><G106/><T109/><D133/><N who="1" m="51307" /><E107/><V34/><F65/><W52/><G131/><T123/><D88/><U10/><E82/><V47/><F73/><W20/><G5/><T80/><D123/><U30/><E95/><V25/><F78/><W45/><G67/><N who="0" m="39327" /><D23/><N who="1" m="15743" /><E10/><V74/><F74/><W36/><REACH who="3" step="1"/><G110/><REACH who="3" ten="201,205,385,199" step="2"/><N who="0" m="42603" /><D16/><U118/><E118/><V97/><F28/><W42/><G42/><T57/><D57/><U113/><E113/><V130/><F130/><W81/><G81/><T103/><D103/><U100/><E100/><V21/><F40/><W48/><G48/><AGARI ba="2,1" hai="48,53,58,61,62,63,68,69" m="15743,51307" machi="48" ten="30,2000,0" yaku="20,1,52,1" doraHai="19" who="1" fromWho="3" sc="201,0,205,36,385,0,199,-26" owari="201,-20.0,241,4.0,385,49.0,173,-33.0" /></mjloggm>