<mjloggm ver="2.3"><GO type="41" lobby="0"/><UN n0="%E2%98%86%E7%BE%8E%E9%88%B4%E2%98%86" n1="%52%6F%6D%6F%39%39%39%39" n2="%67%74%34%30%30" n3="%E3%82%A6%E3%83%AB%E3%83%88%E3%83%A9%E7%AB%8B%E7%9B%B4" dan="13,14,13,15" rate="1837.22,1890.44,1924.97,1982.59" sx="F,M,M,M"/><TAIKYOKU oya="0"/><INIT seed="0,0,0,1,0,119" ten="250,250,250,250" oya="0" hai0="31,0,38,128,28,48,50,55,11,44,85,22,93" hai1="15,9,115,7,34,130,79,121,82,73,76,56,83" hai2="100,75,114,54,68,63,78,108,1,65,122,94,80" hai3="37,110,69,4,131,86,57,21,109,74,59,96,97"/><T53/><D128/><U36/><E130/><V112/><F108/><W26/><G74/><T10/><D38/><U117/><E117/><V23/><F1/><W102/><G69/><T123/><D123/><U87/><E34/><V3/><F3/><W125/><G37/><T113/><D113/><U12/><E36/><V60/><F122/><W5/><G131/><T29/><D0/><U127/><E127/><V47/><F23/><W6/><G125/><T134/><D22/><U99/><E115/><V24/><F24/><W20/><G86/><T91/><REACH who="0" step="1"/><D134/><REACH who="0" ten="240,250,250,250" step="2"/><U77/><E121/><V124/><F124/><W30/><G109/><T129/><D129/><U98/><E73/><V126/><F126/><W8/><G110/><T103/><D103/><U45/><E83/><V84/><F94/><W116/><G116/><T133/><D133/><U66/><E82/><V120/><F100/><W51/><G21/><T13/><D13/><U81/><E15/><V89/><F120/><W118/><G118/><T27/><D27/><U17/><E79/><V107/><F80/><W52/><G8/><T106/><D106/><U35/><E77/><V135/><F107/><W16/><G102/><T105/><D105/><U46/><E35/><V32/><F78/><W14/><G14/><T92/><D92/><U61/><E7/><V70/><F75/><W90/><G30/><T43/><D43/><U42/><E42/><V2/><F32/><W62/><REACH who="3" step="1"/><G90/><REACH who="3" ten="240,250,250,240" step="2"/><T49/><D49/><U33/><E33/><V39/><F112/><W111/><G111/><T58/><AGARI ba="0,2" hai="10,11,28,29,31,44,48,50,53,55,58,85,91,93" machi="58" ten="30,6000,0" yaku="1,1,0,1,8,1,53,0" doraHai="119" doraHaiUra="19" who="0" fromWho="0" sc="240,80,250,-20,250,-20,240,-20" /><INIT seed="0,1,0,1,5,25" ten="320,230,230,220" oya="0" hai0="9,47,59,98,19,128,43,76,36,0,73,28,119" hai1="118,3,48,96,94,39,77,100,121,31,8,63,68" hai2="88,132,52,97,134,27,87,90,69,82,75,29,33" hai3="106,110,74,4,34,78,70,21,23,62,89,37,32"/><T72/><D128/><U17/><E121/><V49/><F69/><W13/><G37/><T16/><D119/><U109/><E118/><V14/><F75/><W93/><G106/><T102/><D73/><U20/><E39/><V126/><F126/><W57/><G70/><T127/><D127/><U60/><E109/><V26/><F26/><W122/><G122/><T71/><D71/><U42/><E77/><V133/><F14/><W123/><G110/><T50/><D76/><U80/><E80/><V130/><F130/><W35/><G123/><T58/><D72/><U114/><E114/><V46/><F97/><W6/><G78/><AGARI ba="1,0" hai="27,29,33,46,49,52,78,82,87,88,90,132,133,134" machi="78" ten="40,8000,1" yaku="20,1,52,1,54,2" doraHai="25" who="2" fromWho="3" sc="320,0,230,0,230,83,220,-83" /><INIT seed="1,0,0,3,1,127" ten="320,230,313,137" oya="1" hai0="128,102,62,10,16,26,130,24,19,135,44,121,96" hai1="83,68,74,78,12,6,70,60,71,80,61,67,85" hai2="40,126,54,108,123,23,36,76,38,7,104,41,113" hai3="15,66,5,95,45,99,115,110,58,73,97,42,107"/><U37/><E37/><V106/><F123/><W75/><G115/><T117/><D117/><U20/><E61/><V82/><F126/><W21/><G110/><T57/><D121/><U101/><E101/><V34/><F34/><W43/><G43/><T33/><D44/><U65/><E67/><V129/><F108/><W52/><G66/><T84/><D84/><U64/><E64/><V77/><F23/><W48/><G107/><T8/><D135/><U22/><E22/><V4/><F82/><W49/><G97/><T114/><D114/><U69/><E20/><V88/><F113/><W132/><G132/><T0/><D57/><U90/><REACH who="1" step="1"/><E68/><REACH who="1" ten="320,220,313,137" step="2"/><V18/><F36/><W81/><G21/><N who="0" m="13351" /><D62/><U9/><AGARI ba="0,1" hai="6,9,12,60,65,69,70,71,74,78,80,83,85,90" machi="9" ten="30,6000,0" yaku="1,1,0,1,53,1" doraHai="127" doraHaiUra="86" who="1" fromWho="1" sc="320,-20,220,70,313,-20,137,-20" /><INIT seed="1,1,0,3,1,87" ten="300,290,293,117" oya="1" hai0="47,46,130,14,80,3,119,70,85,8,82,106,4" hai1="20,56,61,73,36,90,37,45,30,59,128,76,105" hai2="120,71,53,42,12,111,55,57,134,41,117,109,131" hai3="89,123,118,104,86,103,0,88,93,69,101,51,26"/><U29/><E105/><V43/><F12/><W21/><G0/><T113/><D119/><U102/><E102/><V122/><F117/><W13/><G69/><T66/><D106/><U15/><E73/><V7/><F7/><W25/><G104/><T40/><D130/><U62/><E76/><V67/><F131/><W115/><G115/><T97/><D113/><U35/><E128/><V91/><F91/><W65/><G65/><T83/><D97/><U94/><E35/><V110/><F134/><W6/><G123/><N who="2" m="47145" /><F71/><W79/><G79/><T96/><D96/><U49/><E15/><V19/><F19/><W58/><G118/><T78/><D3/><U22/><E94/><V50/><F50/><W28/><G26/><T81/><D66/><U98/><E49/><V38/><F38/><W17/><G6/><T77/><D70/><U64/><E64/><V1/><F1/><W27/><G89/><T99/><D99/><U84/><E98/><V31/><F31/><W124/><G27/><T114/><D114/><U23/><E84/><V132/><F132/><W92/><G92/><T5/><D4/><U54/><E90/><V95/><F95/><W11/><G124/><T24/><D24/><U135/><E135/><V63/><AGARI ba="1,0" hai="41,42,43,53,55,57,63,67,109,110,111" m="47145" machi="63" ten="40,5200,0" yaku="14,1,34,2" doraHai="87" who="2" fromWho="2" sc="300,-14,290,-27,293,55,117,-14" /><INIT seed="2,0,0,5,5,54" ten="286,263,348,103" oya="2" hai0="32,101,97,15,10,19,133,129,122,60,91,68,70" hai1="134,59,87,124,30,89,11,88,50,120,45,79,98" hai2="69,33,86,85,131,115,71,63,94,35,34,14,13" hai3="104,111,125,117,132,96,31,37,25,126,114,77,2"/><V109/><F115/><W53/><G77/><T23/><D129/><U58/><E134/><V28/><F131/><W26/><G53/><T65/><D133/><U64/><E124/><V24/><F109/><W74/><G96/><T121/><D32/><U27/><E120/><V99/><F24/><W83/><G83/><T105/><D122/><U93/><E79/><V103/><F28/><W55/><G55/><T57/><D121/><U127/><E127/><V7/><F13/><W61/><G61/><T100/><D100/><U110/><E110/><V80/><F85/><W112/><G31/><T52/><D91/><U43/><E11/><V40/><F40/><W66/><G66/><T72/><D72/><U135/><E135/><V48/><F48/><W44/><G44/><T51/><D10/><U102/><E64/><V67/><F71/><AGARI ba="0,0" hai="15,19,23,51,52,57,60,65,68,70,71,97,101,105" machi="71" ten="30,3900,0" yaku="7,1,52,1,54,1" doraHai="54" who="0" fromWho="2" sc="286,39,263,0,348,-39,103,0" /><INIT seed="3,0,0,1,3,87" ten="325,263,309,103" oya="3" hai0="122,121,38,104,118,21,50,51,23,32,40,103,98" hai1="53,6,89,67,109,95,86,92,49,91,54,31,84" hai2="129,131,7,88,93,26,120,41,44,28,4,2,113" hai3="10,111,107,75,63,46,97,14,102,124,134,3,13"/><W36/><G124/><T57/><D118/><U12/><E109/><V66/><F113/><W70/><G111/><T61/><D32/><U8/><E67/><V60/><F44/><W130/><G130/><N who="2" m="49673" /><F41/><W68/><G134/><T82/><D38/><U73/><E73/><V39/><F39/><W55/><G14/><T18/><D40/><U56/><E31/><V42/><F42/><W76/><G13/><T43/><D23/><U90/><E53/><V47/><F47/><W135/><G55/><T127/><D127/><U48/><E90/><V17/><F17/><W94/><G94/><T65/><D122/><U115/><E115/><V15/><F15/><W71/><G135/><T69/><D121/><U5/><E5/><V128/><F2/><W34/><G34/><T77/><D43/><U112/><E112/><V72/><F72/><W119/><G119/><T79/><D69/><U125/><E125/><V19/><F19/><W81/><G46/><T45/><D45/><U123/><E123/><V25/><F120/><W101/><G101/><T117/><D117/><U83/><E83/><V9/><F9/><W27/><G27/><N who="2" m="10249" /><F28/><W59/><G59/><T62/><D62/><AGARI ba="0,0" hai="6,8,12,48,49,54,56,62,84,86,89,91,92,95" machi="62" ten="30,8000,1" yaku="7,1,9,1,8,1,52,2" doraHai="87" who="1" fromWho="0" sc="325,-80,263,80,309,0,103,0" /><INIT seed="4,0,0,1,0,109" ten="245,343,309,103" oya="0" hai0="126,32,53,112,114,11,34,117,71,22,91,82,118" hai1="23,77,119,134,48,92,42,55,66,94,86,12,62" hai2="39,45,135,108,51,31,75,69,17,56,3,24,73" hai3="90,57,128,130,49,16,70,110,37,80,40,67,25"/><T2/><D71/><U60/><E134/><V4/><F69/><W68/><G110/><T111/><D22/><U74/><E74/><V83/><F108/><W14/><G25/><T36/><D111/><U29/><E119/><V6/><F135/><W72/><G68/><T8/><D36/><U120/><E42/><V26/><F17/><W0/><G0/><T9/><D2/><U129/><E129/><V113/><F113/><N who="0" m="43626" /><D53/><U102/><E120/><V10/><F6/><W52/><G128/><T58/><D58/><U20/><E102/><V46/><F56/><W103/><G103/><T105/><D105/><U50/><E77/><V7/><F7/><W106/><G106/><T87/><D126/><U1/><E1/><V41/><F83/><W78/><G130/><T100/><D100/><U115/><E115/><V44/><F26/><W133/><G133/><T30/><D30/><U99/><E55/><V38/><F38/><W27/><G70/><T64/><D64/><U93/><E12/><V5/><F45/><W13/><G67/><T47/><D47/><U21/><E29/><V65/><F65/><W61/><G37/><T131/><D131/><U97/><E86/><V81/><F46/><W116/><G57/><T59/><D59/><N who="1" m="37151" /><E62/><V85/><F39/><W15/><G72/><T127/><D127/><U19/><E23/><V33/><F75/><W63/><G61/><T107/><D107/><U96/><E21/><V84/><F73/><W125/><G52/><T124/><D124/><U76/><E20/><V123/><F31/><W89/><G125/><T101/><D101/><RYUUKYOKU ba="0,0" sc="245,30,343,-10,309,-10,103,-10" hai0="8,9,11,32,34,82,87,91,117,118" /><INIT seed="4,1,0,3,2,121" ten="275,333,299,93" oya="0" hai0="93,41,87,1,7,9,34,3,18,65,111,8,40" hai1="38,79,62,53,49,109,71,124,31,52,113,118,64" hai2="47,24,77,128,92,104,127,45,103,99,23,91,105" hai3="54,135,48,63,68,10,114,72,89,85,119,33,129"/><T108/><D65/><U94/><E31/><V100/><F128/><W56/><G72/><T120/><D34/><U55/><E118/><V58/><F127/><W29/><G119/><T57/><D120/><U90/><E79/><V101/><F77/><W32/><G129/><T19/><D57/><U27/><E27/><V123/><F123/><W86/><G135/><T132/><D93/><U134/><E124/><V22/><F22/><W98/><G114/><T42/><D87/><U76/><E76/><V107/><REACH who="2" step="1"/><F58/><REACH who="2" ten="275,333,289,93" step="2"/><W16/><G33/><T81/><D132/><U66/><E134/><V84/><F84/><W95/><G32/><T96/><D96/><U74/><E74/><V115/><F115/><W133/><G133/><T69/><D81/><U36/><E113/><V35/><F35/><W110/><G86/><T78/><D78/><U4/><E71/><V46/><F46/><W21/><G85/><T82/><D82/><U73/><E73/><V61/><F61/><W26/><G68/><T44/><D69/><U15/><E62/><V39/><F39/><W60/><G110/><N who="0" m="42027" /><D44/><U83/><E109/><V43/><F43/><W125/><G125/><T67/><D67/><U2/><E66/><V51/><F51/><W30/><G48/><T13/><D9/><U59/><E83/><V130/><F130/><W112/><G112/><T11/><D11/><N who="1" m="4583" /><E64/><V14/><F14/><W88/><G63/><T17/><AGARI ba="1,1" hai="1,3,7,8,13,17,18,19,40,41,42" m="42027" machi="17" ten="40,12000,1" yaku="10,1,52,3" doraHai="121" who="0" fromWho="0" sc="275,133,333,-41,289,-41,93,-41" /><INIT seed="4,2,0,5,5,10" ten="408,292,248,52" oya="0" hai0="117,114,47,126,99,90,119,65,48,72,118,24,81" hai1="64,7,12,105,62,79,88,101,102,109,35,127,37" hai2="129,51,34,69,93,63,33,45,23,124,5,19,122" hai3="123,59,103,28,54,77,16,26,1,130,60,6,100"/><T85/><D65/><U15/><E37/><V11/><F122/><W8/><G123/><T120/><D120/><U20/><E109/><V125/><F129/><W98/><G130/><T31/><D114/><U66/><E35/><V30/><F69/><W71/><G71/><T17/><D126/><U27/><E127/><V29/><F63/><W95/><G77/><T53/><D72/><U83/><E7/><V97/><F34/><W134/><G134/><T112/><D112/><U67/><E62/><V133/><F133/><W131/><G131/><T75/><D75/><U57/><E57/><V9/><F9/><W43/><G43/><T49/><D99/><U84/><E105/><V76/><F76/><W14/><G100/><N who="1" m="38506" /><E79/><V61/><F61/><W113/><G113/><T13/><D49/><U110/><E110/><V52/><F33/><W44/><G44/><T38/><D38/><U132/><E132/><V111/><F111/><W55/><G55/><T135/><D135/><U108/><E108/><V18/><F124/><W78/><G78/><T74/><D74/><U80/><E83/><V21/><F19/><AGARI ba="2,0" hai="12,15,19,20,27,64,66,67,80,84,88" m="38506" machi="19" ten="30,7700,0" yaku="8,1,52,2,54,1" doraHai="10" who="1" fromWho="2" sc="408,0,292,83,248,-83,52,0" /><INIT seed="5,0,0,5,0,111" ten="408,375,165,52" oya="1" hai0="55,118,90,77,122,71,125,101,83,63,25,19,43" hai1="50,46,37,81,79,91,113,30,22,95,107,99,29" hai2="32,35,93,127,108,17,42,98,88,48,117,18,86" hai3="31,10,121,96,7,124,44,8,94,57,103,0,20"/><U120/><E120/><V49/><F108/><W47/><G121/><T62/><D118/><U60/><E37/><V51/><F117/><W28/><G124/><T135/><D125/><U56/><E107/><V70/><F70/><W15/><G8/><T24/><D135/><U69/><E69/><V68/><F68/><W110/><G110/><T23/><D101/><U1/><E1/><V39/><F127/><W82/><G82/><T112/><D43/><U134/><E134/><V16/><F39/><W58/><G0/><T21/><D90/><U100/><E91/><V109/><F109/><W33/><G33/><T41/><D41/><U106/><E106/><V13/><F42/><W84/><G84/><T27/><D24/><U5/><E5/><V45/><F45/><W129/><G129/><T61/><D55/><U130/><E130/><V59/><F13/><W85/><G85/><T89/><D89/><U67/><E50/><V2/><F2/><W52/><G58/><T73/><D122/><U76/><E46/><V6/><F6/><W54/><G20/><T11/><D11/><U66/><E66/><V3/><F3/><W105/><G105/><T87/><D73/><N who="1" m="43151" /><E79/><V34/><REACH who="2" step="1"/><F86/><REACH who="2" ten="408,375,155,52" step="2"/><W74/><G47/><T9/><D71/><U64/><E56/><AGARI ba="0,1" hai="16,17,18,32,34,35,48,49,51,56,59,88,93,98" machi="56" ten="50,12000,2" yaku="1,1,2,1,29,2,54,2,53,0" doraHai="111" doraHaiUra="115" who="2" fromWho="1" sc="408,0,375,-120,155,130,52,0" /><INIT seed="6,0,0,5,0,125" ten="408,255,285,52" oya="2" hai0="41,45,99,61,66,113,105,128,110,50,74,2,47" hai1="68,131,101,93,28,55,51,43,16,62,72,24,85" hai2="67,129,98,53,71,32,91,118,12,97,126,63,134" hai3="78,56,73,111,102,46,29,89,13,19,34,121,108"/><V107/><F118/><W57/><G121/><T27/><D2/><U10/><E72/><V30/><F126/><W7/><G102/><T21/><D74/><U106/><E106/><V90/><F32/><W122/><G78/><T86/><D110/><U1/><E43/><V80/><F30/><W37/><G73/><T132/><D86/><U20/><E131/><V35/><F35/><W96/><G57/><T124/><D128/><U92/><E68/><V58/><F129/><W26/><G46/><T60/><D132/><U14/><E62/><V75/><F134/><W123/><G37/><T59/><D113/><U5/><E85/><V54/><F54/><W25/><G56/><T117/><D117/><U119/><E101/><V112/><F112/><W70/><G89/><T65/><D99/><U48/><E119/><V38/><F38/><W17/><G70/><T69/><D105/><U103/><E103/><V115/><F115/><W81/><G81/><T40/><D21/><U22/><REACH who="1" step="1"/><E48/><REACH who="1" ten="408,245,285,52" step="2"/><V87/><F75/><W133/><G96/><T94/><D124/><U42/><E42/><V84/><F107/><W76/><G133/><T9/><D41/><U104/><E104/><V8/><F97/><W0/><G122/><T39/><D50/><U4/><E4/><V33/><F98/><W116/><G123/><T109/><D40/><U52/><E52/><V130/><F130/><W36/><G116/><T95/><D69/><U64/><E64/><V100/><F100/><W15/><G7/><T77/><D66/><U3/><E3/><V79/><F67/><W18/><G0/><RYUUKYOKU ba="0,1" sc="408,-10,245,30,285,-10,52,-10" hai1="1,5,10,14,16,20,22,24,28,51,55,92,93" /><INIT seed="7,1,1,5,0,51" ten="398,275,275,42" oya="3" hai0="110,16,32,33,68,79,127,14,29,9,21,97,75" hai1="85,30,105,64,27,116,15,117,82,1,58,6,112" hai2="125,67,130,94,3,128,55,114,115,60,8,2,54" hai3="56,34,62,98,66,12,126,59,124,71,43,87,91"/><W28/><G28/><T17/><D110/><U69/><E105/><V100/><F100/><W132/><G34/><T4/><D68/><U120/><E69/><V134/><F94/><W113/><G98/><T107/><D107/><U133/><E112/><N who="2" m="43051" /><F134/><W80/><G113/><T57/><D79/><U90/><E133/><V92/><F92/><W129/><G132/><T7/><D75/><U99/><E120/><V19/><F19/><W83/><G129/><N who="2" m="49769" /><F125/><N who="3" m="48235" /><G43/><T93/><D127/><U106/><E1/><N who="2" m="11" /><F8/><W119/><G119/><T20/><D33/><U0/><E0/><V47/><F47/><W103/><G103/><T40/><D32/><U86/><E106/><V36/><F36/><W42/><G42/><T76/><D40/><U41/><E99/><V121/><F121/><W37/><G37/><T23/><D29/><U13/><E41/><V38/><F38/><W88/><G12/><T39/><D39/><U70/><E70/><V96/><F96/><W50/><G50/><T109/><D76/><U123/><E123/><V45/><F45/><W22/><G22/><T10/><D20/><N who="1" m="15719" /><E6/><V44/><F44/><W25/><G25/><T111/><D97/><U61/><E86/><AGARI ba="1,1" hai="56,59,62,66,71,80,83,86,87,88,91" m="48235" machi="86" ten="30,2900,0" yaku="18,1,54,1" doraHai="51" who="3" fromWho="1" sc="398,0,275,-32,275,0,42,42" /><INIT seed="7,2,0,3,5,11" ten="398,243,275,84" oya="3" hai0="29,106,118,67,38,69,2,127,47,131,108,36,9" hai1="85,55,56,35,34,33,112,129,65,44,32,52,82" hai2="45,125,114,23,109,88,89,76,123,96,121,68,25" hai3="120,133,111,5,126,12,63,87,73,132,94,95,48"/><W24/><G73/><T119/><D29/><U124/><E112/><V22/><F109/><W60/><G120/><T61/><D38/><U134/><E129/><V91/><F68/><W13/><G111/><T26/><D26/><U10/><E134/><N who="3" m="51818" /><G126/><T57/><D108/><U90/><E124/><V110/><F110/><W128/><G128/><T21/><D21/><U58/><E65/><V113/><F125/><W16/><G48/><T72/><D127/><U99/><N who="1" m="8704" /><DORA hai="115" /><U49/><E99/><V40/><F96/><W81/><G24/><T46/><D106/><U104/><E104/><V83/><F23/><N who="3" m="11655" /><G5/><T98/><D98/><U103/><E103/><V84/><F113/><W75/><G75/><T70/><D72/><U1/><REACH who="1" step="1"/><E55/><REACH who="1" ten="398,233,275,84" step="2"/><V92/><F114/><W100/><G100/><T6/><D131/><U66/><E66/><V0/><F121/><W14/><G94/><T107/><D107/><U3/><E3/><V54/><F0/><W117/><G95/><T80/><D80/><U77/><E77/><V86/><F123/><W17/><G117/><T18/><D70/><U27/><E27/><V101/><F101/><W78/><G13/><T20/><D69/><U71/><E71/><V79/><F79/><W39/><G39/><T31/><D36/><U116/><E116/><V19/><F76/><W30/><G30/><T53/><D31/><U8/><E8/><AGARI ba="2,1" hai="8,14,17,60,63,78,81,87" m="11655,51818" machi="8" ten="30,11600,0" yaku="20,1,52,2,54,1" doraHai="11,115" who="3" fromWho="1" sc="398,0,233,-122,275,0,84,132" /><INIT seed="7,3,0,0,1,1" ten="398,111,275,216" oya="3" hai0="99,89,127,37,81,7,98,79,101,18,61,71,64" hai1="133,35,110,93,41,112,90,123,91,51,75,74,108" hai2="6,132,39,48,131,100,8,59,85,73,40,88,34" hai3="107,103,66,17,27,25,115,54,68,86,15,43,124"/><W121/><G121/><T84/><D127/><U102/><E35/><V19/><F73/><W94/><G124/><T52/><D37/><U45/><E123/><V23/><F34/><W125/><G125/><T67/><D18/><U50/><E112/><V62/><F131/><W14/><G43/><T116/><D116/><U80/><E102/><V36/><F132/><W120/><G66/><T9/><D71/><U96/><E133/><V69/><F100/><W16/><G68/><T4/><D101/><U31/><E31/><V47/><F69/><W24/><G107/><T117/><D117/><U58/><E75/><V11/><F11/><W57/><G120/><T92/><D9/><U55/><E74/><V32/><F32/><W0/><G0/><T104/><D99/><U70/><E70/><V2/><F19/><N who="3" m="7243" /><G115/><T22/><D22/><U21/><E21/><V82/><REACH who="2" step="1"/><F23/><REACH who="2" ten="398,111,265,216" step="2"/><W53/><G103/><T109/><D104/><U42/><E41/><V83/><F83/><W20/><G20/><T106/><D109/><U63/><E80/><V76/><F76/><W72/><G72/><T97/><D106/><U44/><REACH who="1" step="1"/><E91/><REACH who="1" ten="398,101,265,216" step="2"/><V60/><F60/><W28/><G28/><T118/><D61/><U105/><E105/><V3/><F3/><W33/><G33/><T49/><D118/><U38/><E38/><V126/><F126/><W130/><G94/><T128/><D128/><U5/><E5/><V56/><F56/><W87/><G130/><T29/><D4/><U134/><E134/><V26/><F26/><N who="3" m="6659" /><W30/><DORA hai="129" /><G57/><T65/><D92/><U13/><E13/><RYUUKYOKU ba="3,2" sc="398,-15,101,15,265,15,216,-15" hai1="42,44,45,50,51,55,58,63,90,93,96,108,110" hai2="2,6,8,36,39,40,47,48,59,62,82,85,88" owari="403,50.0,116,-38.0,280,8.0,201,-20.0" /></mjloggm>