<mjloggm ver="2.3"><GO type="225" lobby="0"/><UN n0="%E4%BA%8C%E4%BB%A3%E7%9B%AE%E3%82%A2%E3%83%A1%E3%83%96%E3%83%A9" n1="%E3%82%A6%E3%83%AB%E3%83%88%E3%83%A9%E7%AB%8B%E7%9B%B4" n2="%E3%82%B9%E3%82%BF%E3%83%BC%E3%83%93%E3%83%83%E3%83%81" n3="%EF%BC%93%EF%BD%90%E3%81%8C%E3%83%84%E3%83%A2%E3%82%8C%E3%81%AA%E3%81%84" dan="16,16,17,16" rate="2116.37,2037.53,2144.10,2066.00" sx="M,M,M,M"/><TAIKYOKU oya="0"/><INIT seed="0,0,0,1,4,69" ten="250,250,250,250" oya="0" hai0="130,27,81,102,127,5,128,55,52,13,131,110,71" hai1="96,70,4,30,84,107,98,8,116,78,134,41,68" hai2="89,121,88,42,111,91,54,2,19,129,105,31,12" hai3="36,22,18,48,103,100,113,74,15,47,28,44,124"/><T49/><D71/><U77/><E30/><V14/><F121/><W133/><G113/><T59/><D127/><U114/><E116/><V126/><F2/><W9/><G74/><T21/><D110/><U67/><E114/><V90/><F105/><W125/><G133/><T115/><D115/><U23/><E134/><V82/><F111/><W73/><G73/><T34/><D34/><U61/><E68/><V17/><F129/><W120/><G120/><T57/><D102/><U53/><E53/><V24/><F42/><N who="3" m="22599" /><G9/><N who="0" m="4271" /><D81/><U94/><E23/><N who="2" m="15775" /><F54/><N who="0" m="20522" /><D49/><U132/><E132/><V97/><F126/><N who="3" m="48747" /><G28/><AGARI ba="0,0" hai="21,27,28,57,59,128,130,131" m="20522,4271" machi="28" ten="30,2900,0" yaku="19,1,54,1" doraHai="69" who="0" fromWho="3" sc="250,29,250,0,250,0,250,-29" /><INIT seed="0,1,0,0,1,87" ten="279,250,250,221" oya="0" hai0="5,41,55,72,107,129,40,108,29,66,77,25,80" hai1="44,38,82,2,99,13,132,17,26,21,78,24,131" hai2="43,92,65,83,36,62,57,28,34,60,109,101,94" hai3="100,35,85,59,126,11,22,64,32,134,8,45,117"/><T118/><D118/><U39/><E2/><V49/><F109/><W98/><G117/><T115/><D115/><U0/><E0/><V31/><F36/><W14/><G126/><T86/><D107/><U124/><E124/><V16/><F34/><W51/><G134/><T111/><D129/><U56/><E132/><V30/><F101/><W84/><G32/><T79/><D5/><U74/><E39/><V95/><F83/><W71/><G71/><T112/><D112/><U52/><E131/><V89/><F62/><W120/><G35/><N who="0" m="20911" /><D66/><U23/><E99/><V116/><F116/><W70/><G70/><T104/><D104/><U90/><E44/><N who="2" m="25759" /><F16/><W7/><G120/><T4/><D4/><U10/><E38/><V133/><F133/><W54/><G22/><N who="1" m="8202" /><E78/><V50/><F50/><W103/><G103/><T61/><D79/><U6/><E17/><V33/><F33/><W106/><G64/><T3/><D3/><U47/><E74/><V96/><AGARI ba="1,0" hai="28,30,31,57,60,65,89,92,94,95,96" m="25759" machi="96" ten="30,2000,0" yaku="8,1,52,1" doraHai="87" who="2" fromWho="2" sc="279,-11,250,-6,250,23,221,-6" /><INIT seed="1,0,0,5,4,37" ten="268,244,273,215" oya="1" hai0="12,120,4,32,111,125,132,97,126,10,105,53,76" hai1="26,123,93,72,50,92,57,99,16,2,75,39,104" hai2="65,44,114,11,34,79,64,61,18,55,84,6,102" hai3="109,130,58,62,83,60,101,47,52,45,116,96,63"/><U13/><E2/><V91/><F34/><W0/><G0/><T36/><D32/><U51/><E39/><V129/><F102/><W48/><G109/><T31/><D111/><U135/><E104/><V110/><F110/><W124/><G124/><N who="0" m="47723" /><D132/><U41/><E135/><V127/><F129/><W82/><G130/><T70/><D120/><U106/><E106/><V38/><F114/><W67/><G116/><T134/><D134/><U112/><E112/><V25/><F79/><W28/><G28/><T90/><D70/><U94/><E123/><V35/><F35/><W14/><G14/><T69/><D69/><U66/><E26/><V107/><F107/><W15/><G15/><T108/><D31/><U86/><E86/><V54/><F25/><W77/><G45/><T19/><D76/><U88/><E75/><V95/><F18/><W49/><G49/><T103/><D36/><U85/><E72/><V71/><F65/><W121/><G121/><T23/><D108/><U133/><E133/><V17/><F17/><W113/><G113/><T3/><D90/><U56/><E99/><V100/><F127/><W87/><REACH who="3" step="1"/><G82/><REACH who="3" ten="268,244,273,205" step="2"/><T74/><D74/><U7/><E51/><V20/><F38/><W59/><G59/><N who="1" m="22602" /><E7/><V21/><F6/><W68/><G68/><T115/><D115/><U117/><E117/><V81/><F71/><W5/><G5/><T98/><D98/><U118/><E118/><V24/><F44/><W42/><G42/><T128/><D128/><U30/><E41/><V89/><F81/><W29/><G29/><T27/><D3/><U33/><E30/><RYUUKYOKU ba="0,1" sc="268,15,244,-15,273,-15,205,15" hai0="4,10,12,19,23,27,53,97,103,105" hai3="47,48,52,58,60,62,63,67,77,83,87,96,101" /><INIT seed="2,1,1,3,5,74" ten="283,229,258,220" oya="2" hai0="107,123,41,114,116,76,109,131,27,117,120,91,8" hai1="54,7,34,11,32,9,42,33,10,124,18,78,119" hai2="22,45,47,121,57,6,122,12,108,29,69,96,75" hai3="95,118,3,101,100,90,113,64,2,28,60,67,40"/><V98/><F69/><W52/><G118/><N who="0" m="45675" /><D107/><U68/><E68/><V35/><F75/><W50/><G113/><T56/><D114/><U14/><E42/><V55/><F35/><W73/><G73/><T83/><D109/><U0/><E54/><V115/><F115/><W103/><G28/><T70/><D70/><U126/><E78/><V82/><F108/><W20/><G20/><T71/><D71/><U81/><E81/><V132/><F132/><W72/><G72/><N who="0" m="43399" /><D131/><U135/><E119/><V105/><F105/><W44/><G2/><T112/><D112/><U66/><E66/><N who="3" m="25130" /><G3/><T65/><D41/><U102/><E102/><V134/><F134/><W106/><G106/><T128/><D128/><U53/><E53/><V77/><F29/><W133/><G133/><T48/><D27/><U24/><E135/><V21/><F121/><W129/><G129/><T97/><D8/><U59/><E59/><V110/><F122/><W31/><G31/><T86/><D97/><U1/><REACH who="1" step="1"/><E24/><REACH who="1" ten="283,219,258,220" step="2"/><V4/><F110/><W94/><G90/><T92/><D48/><U61/><E61/><AGARI ba="1,2" hai="56,61,65,86,91,92,120,123" m="43399,45675" machi="61" ten="30,2000,0" yaku="12,1,52,1" doraHai="74" who="0" fromWho="1" sc="283,43,219,-23,258,0,220,0" /><INIT seed="3,0,0,5,4,106" ten="326,196,258,220" oya="3" hai0="30,129,56,32,110,66,15,118,1,122,52,48,88" hai1="85,28,132,80,70,128,84,23,81,115,112,67,26" hai2="21,101,40,33,39,9,119,104,45,82,2,0,58" hai3="62,125,105,63,77,43,134,83,96,65,34,73,74"/><W24/><G125/><T29/><D1/><U109/><E128/><V60/><F33/><W27/><G134/><T97/><D122/><U117/><E117/><V75/><F119/><W127/><G127/><T4/><D118/><U113/><E132/><V111/><F111/><W57/><G43/><T7/><D32/><U3/><E3/><V69/><F21/><W133/><G133/><T103/><D110/><U79/><E109/><V76/><F9/><W120/><G120/><T38/><D38/><U35/><E67/><N who="2" m="41191" /><F58/><W51/><G51/><T19/><D66/><U114/><N who="1" m="28672" /><DORA hai="131" /><U46/><E70/><V71/><F71/><N who="3" m="42423" /><G24/><T22/><D129/><U47/><REACH who="1" step="1"/><E35/><REACH who="1" ten="326,186,258,220" step="2"/><V93/><F2/><W91/><G91/><AGARI ba="0,1" hai="23,26,28,46,47,79,80,81,84,85,91" m="28672" machi="91" ten="70,4500,0" yaku="1,1,2,1,53,0" doraHai="106,131" doraHaiUra="8,107" who="1" fromWho="3" sc="326,0,186,55,258,0,220,-45" owari="326,42.0,241,-16.0,258,6.0,175,-32.0" /></mjloggm>