<mjloggm ver="2.3"><GO type="97" lobby="0"/><UN n0="%62%65%6C%6F%76%65%64" n1="%E3%82%A6%E3%83%AB%E3%83%88%E3%83%A9%E7%AB%8B%E7%9B%B4" n2="%73%65%62%6F%38%30%30" n3="%43%41%4E%43%45%4C" dan="14,16,13,14" rate="1901.60,2007.43,2029.19,1960.85" sx="F,M,M,M"/><TAIKYOKU oya="0"/><INIT seed="0,0,0,4,1,114" ten="250,250,250,250" oya="0" hai0="75,17,12,76,87,119,46,60,99,134,83,88,45" hai1="31,84,94,126,105,6,15,86,48,43,33,13,11" hai2="21,112,67,77,130,69,90,4,56,54,25,104,39" hai3="30,72,22,74,110,32,73,10,2,107,123,42,131"/><T19/><D134/><U78/><E105/><V24/><F104/><W125/><G32/><T81/><D60/><U65/><E31/><V85/><F39/><W3/><G125/><T79/><D17/><U8/><E33/><V124/><F112/><W102/><G131/><T103/><D76/><U121/><E121/><V0/><F130/><W38/><G123/><T14/><D14/><U100/><E65/><V28/><F77/><W92/><G110/><T50/><D50/><U116/><E116/><V29/><F124/><W53/><G107/><T82/><D119/><U34/><E34/><V128/><F67/><W62/><G42/><T49/><D82/><U129/><E129/><V106/><F106/><W98/><G38/><T27/><D27/><U95/><E126/><V23/><F69/><W44/><G10/><T64/><D64/><U108/><E108/><V35/><F35/><W127/><G127/><T18/><D18/><U133/><E133/><V70/><F70/><W66/><G53/><T26/><D26/><U122/><E122/><V55/><F56/><N who="3" m="37191" /><G44/><T91/><D91/><U89/><E100/><V135/><F135/><W41/><G41/><T80/><D80/><U118/><E118/><V51/><F51/><W37/><G37/><T132/><D49/><U40/><E48/><V96/><F128/><W101/><G101/><T111/><D132/><U58/><E58/><V36/><F36/><W97/><G97/><T68/><D68/><U20/><E20/><V63/><F63/><W9/><G9/><N who="0" m="6543" /><D111/><U115/><E115/><V113/><F96/><W57/><G57/><RYUUKYOKU ba="0,0" sc="250,15,250,-15,250,-15,250,15" hai0="45,46,75,79,81,83,87,88,99,103" hai3="2,3,22,30,72,73,74,92,98,102" /><INIT seed="0,1,0,0,0,86" ten="265,235,235,265" oya="0" hai0="109,70,67,24,121,7,127,39,110,58,62,20,85" hai1="68,108,135,92,124,11,104,125,126,113,101,64,0" hai2="33,2,130,21,93,120,65,8,100,99,98,106,35" hai3="37,79,45,76,57,118,56,83,13,60,114,53,42"/><T129/><D121/><U41/><E41/><V128/><F120/><W34/><G118/><T71/><D39/><U87/><E64/><V38/><F65/><W6/><G114/><T131/><D7/><U51/><E51/><V16/><F38/><W73/><G34/><T132/><D132/><U88/><E68/><V89/><F2/><W115/><G115/><T82/><D127/><U116/><E113/><V94/><F8/><W63/><G79/><T14/><D14/><U90/><E11/><V15/><REACH who="2" step="1"/><F106/><REACH who="2" ten="265,235,225,265" step="2"/><W10/><REACH who="3" step="1"/><G57/><REACH who="3" ten="265,235,225,255" step="2"/><T103/><D58/><U47/><E116/><V32/><AGARI ba="1,2" hai="15,16,21,32,33,35,89,93,94,98,99,100,128,130" machi="32" ten="40,8000,1" yaku="1,1,2,1,0,1,52,1,54,1,53,0" doraHai="86" doraHaiUra="52" who="2" fromWho="2" sc="265,-41,235,-21,225,103,255,-21" /><INIT seed="1,0,0,4,0,134" ten="224,214,328,234" oya="1" hai0="73,8,119,133,1,50,80,7,43,91,112,100,93" hai1="37,12,61,110,122,11,128,76,126,4,116,60,28" hai2="127,74,81,82,34,13,102,22,65,42,89,24,107" hai3="121,95,26,106,62,111,44,15,75,3,10,14,77"/><U101/><E37/><V35/><F42/><W40/><G106/><T45/><D133/><U97/><E116/><V66/><F74/><W9/><G121/><T64/><D119/><U36/><E36/><V70/><F13/><W2/><G111/><T115/><D64/><U57/><E122/><V94/><F70/><W21/><G75/><T32/><D32/><U135/><E135/><V18/><F35/><W23/><G77/><T85/><D100/><U108/><E128/><V83/><F34/><W79/><G79/><T131/><D131/><U113/><E113/><V98/><REACH who="2" step="1"/><F127/><REACH who="2" ten="224,214,318,234" step="2"/><W124/><G124/><T130/><D130/><U117/><E126/><V33/><F33/><W125/><G125/><T27/><D73/><U56/><E117/><V39/><F39/><W67/><G3/><T17/><D115/><U5/><E110/><V63/><F63/><W6/><G2/><T52/><D112/><U90/><E108/><V19/><F19/><W72/><G72/><T31/><D43/><U47/><E61/><V120/><F120/><W30/><G26/><T92/><D17/><U25/><E60/><V129/><F129/><W54/><G40/><T78/><D27/><U87/><E25/><V88/><F88/><W123/><G62/><T51/><D31/><U49/><E28/><V103/><F103/><W48/><G123/><T105/><D91/><U96/><E90/><V20/><F20/><W69/><G23/><T104/><D50/><U0/><E0/><V132/><F132/><W46/><G21/><T16/><D16/><N who="1" m="8223" /><E101/><V86/><AGARI ba="0,1" hai="18,22,24,65,66,81,82,83,86,89,94,98,102,107" machi="86" ten="30,4000,0" yaku="1,1,0,1,53,1" doraHai="134" doraHaiUra="99" who="2" fromWho="2" sc="224,-10,214,-20,318,50,234,-10" /><INIT seed="2,0,0,5,0,9" ten="214,194,368,224" oya="2" hai0="16,34,4,74,106,58,30,57,31,54,104,115,17" hai1="26,120,85,22,98,101,110,6,68,46,133,78,92" hai2="35,79,69,72,116,49,90,45,99,15,87,56,60" hai3="109,51,131,119,111,1,100,122,20,83,42,95,43"/><V10/><F116/><W44/><G119/><T28/><D74/><U75/><E68/><V76/><F35/><W63/><G122/><T118/><D34/><U134/><E6/><V102/><F69/><W94/><G1/><T24/><D118/><U2/><E2/><V19/><F72/><W59/><G131/><T80/><D4/><U11/><E11/><V62/><F62/><W53/><G100/><T84/><D115/><U14/><E46/><V41/><F102/><W135/><G135/><T91/><D106/><U125/><E26/><V128/><F99/><W32/><G32/><T108/><D104/><U112/><E112/><V8/><F8/><W103/><G103/><T38/><D38/><U37/><E37/><V121/><F128/><W12/><G43/><T97/><D97/><U52/><E75/><V61/><F121/><W130/><G130/><T27/><D108/><N who="3" m="41545" /><G83/><T23/><D54/><U86/><E110/><V5/><F5/><W123/><G123/><T29/><N who="0" m="7680" /><DORA hai="89" /><T3/><D3/><U33/><E33/><V114/><F114/><W67/><G53/><T127/><D127/><U129/><E78/><V73/><F73/><W47/><G47/><T71/><D71/><U107/><E125/><V88/><F90/><W96/><G96/><T25/><REACH who="0" step="1"/><D17/><AGARI ba="0,0" hai="12,17,20,42,44,51,59,63,67,94,95" m="41545" machi="17" ten="30,7700,0" yaku="14,1,52,3" doraHai="9,89" who="3" fromWho="0" sc="214,-77,194,0,368,0,224,77" /><INIT seed="3,0,0,3,3,78" ten="137,194,368,301" oya="3" hai0="82,85,36,1,88,110,73,29,103,19,24,28,68" hai1="99,93,119,8,116,5,113,27,63,97,18,42,118" hai2="80,131,45,109,105,81,76,53,64,58,86,10,34" hai3="77,95,4,49,61,57,127,132,16,35,74,26,124"/><W69/><G132/><T75/><D36/><U98/><E113/><V91/><F105/><W83/><G69/><T20/><D68/><U14/><E42/><V134/><F34/><W135/><G135/><T121/><D1/><U90/><E63/><V55/><F134/><W33/><G4/><T39/><D39/><U41/><E41/><V25/><F131/><W104/><G104/><T130/><D121/><U96/><E27/><V11/><F25/><W6/><G6/><AGARI ba="0,0" hai="5,6,8,14,18,90,93,96,97,98,99,116,118,119" machi="6" ten="50,1600,0" yaku="12,1" doraHai="78" who="1" fromWho="3" sc="137,0,194,16,368,0,301,-16" owari="137,-36.0,210,-19.0,368,46.0,285,9.0" /></mjloggm>