<mjloggm ver="2.3"><GO type="97" lobby="0"/><UN n0="%69%50%6F%64%69%50%6F%64" n1="%E3%82%A6%E3%83%AB%E3%83%88%E3%83%A9%E7%AB%8B%E7%9B%B4" n2="%61%61%61%73" n3="%77%69%74%74" dan="14,15,14,15" rate="1925.50,2028.58,1892.13,1939.12" sx="M,M,M,M"/><TAIKYOKU oya="0"/><INIT seed="0,0,0,4,3,94" ten="250,250,250,250" oya="0" hai0="21,71,82,39,2,122,98,104,36,11,20,7,112" hai1="77,107,18,66,91,118,125,58,4,74,56,42,97" hai2="29,48,100,43,1,55,24,67,88,33,47,116,54" hai3="50,38,44,52,12,40,86,101,96,68,113,120,32"/><T126/><D71/><U114/><E125/><V34/><F1/><W19/><G113/><T129/><D122/><U16/><E118/><V8/><F116/><W80/><G120/><T62/><D126/><U128/><E128/><V46/><F8/><W127/><G127/><T72/><D112/><U15/><E74/><V41/><F67/><W131/><G131/><T124/><D124/><U123/><E123/><V65/><F65/><W13/><G32/><T0/><D0/><U119/><E107/><V64/><F64/><W76/><G68/><T59/><D129/><U17/><E77/><V22/><F100/><W79/><G79/><T89/><D72/><U121/><E121/><V63/><F63/><W23/><G13/><T83/><D83/><U26/><E119/><V49/><F34/><W9/><G9/><T109/><D109/><U111/><E111/><V6/><F6/><W87/><G87/><T45/><D45/><U85/><E42/><V51/><F33/><W70/><G70/><T99/><D39/><U5/><E26/><V57/><F57/><N who="1" m="22121" /><E66/><V60/><F60/><W31/><G31/><T110/><D36/><U81/><E114/><V132/><F51/><W135/><G135/><T106/><D110/><U69/><E69/><V133/><F133/><W30/><G30/><T37/><D37/><U75/><E75/><V73/><F73/><W61/><G38/><T90/><D106/><U105/><E15/><V108/><F132/><W78/><G78/><T130/><D130/><U95/><E105/><V92/><F108/><W28/><G28/><T93/><D104/><RYUUKYOKU ba="0,0" sc="250,-15,250,15,250,15,250,-15" hai1="4,5,16,17,18,81,85,91,95,97" hai2="22,24,29,41,43,46,47,48,49,54,55,88,92" /><INIT seed="1,1,0,4,3,3" ten="235,265,265,235" oya="1" hai0="58,45,132,56,84,101,68,5,66,73,24,129,121" hai1="90,99,48,98,102,85,120,130,86,13,103,21,88" hai2="87,124,4,89,8,100,53,46,15,54,37,62,81" hai3="32,60,10,109,74,122,72,27,38,12,78,34,52"/><U107/><E48/><V17/><F124/><W94/><G122/><T67/><D73/><U6/><E120/><V22/><F100/><W30/><G109/><T42/><D121/><U33/><E33/><V128/><F128/><W119/><G119/><T93/><D129/><U16/><E130/><V115/><F115/><W9/><G34/><T59/><D132/><U126/><E126/><V96/><F37/><W36/><G94/><T112/><D112/><U1/><E1/><V95/><F62/><W40/><G40/><T106/><D68/><U118/><E118/><V26/><REACH who="2" step="1"/><F46/><REACH who="2" ten="235,265,255,235" step="2"/><W114/><G114/><T18/><D106/><U55/><E107/><V79/><AGARI ba="1,1" hai="4,8,15,17,22,26,53,54,79,81,87,89,95,96" machi="79" ten="20,12000,2" yaku="1,1,2,1,0,1,7,1,8,1,52,1,53,0" doraHai="3" doraHaiUra="127" who="2" fromWho="2" sc="235,-31,265,-61,255,133,235,-31" /><INIT seed="2,0,0,4,5,93" ten="204,204,388,204" oya="2" hai0="23,97,98,57,4,70,113,105,41,133,60,14,96" hai1="84,2,32,44,20,127,7,73,40,33,102,46,50" hai2="8,75,16,108,64,62,0,10,31,52,36,49,67" hai3="69,65,78,87,17,90,83,111,74,110,91,9,13"/><V103/><F75/><W131/><G131/><T37/><D113/><U39/><E127/><V95/><F36/><W1/><G1/><T47/><D70/><U25/><E73/><V92/><F0/><W117/><G117/><T118/><D118/><U51/><E39/><V115/><F115/><W26/><G26/><T77/><D77/><U38/><E38/><V21/><F31/><W12/><G12/><T94/><D105/><U135/><E135/><V68/><F67/><W116/><G116/><T126/><D126/><U56/><E56/><V85/><F95/><W76/><G76/><T112/><D112/><U79/><E102/><V99/><F108/><N who="3" m="41515" /><G74/><T53/><D133/><U82/><E7/><V124/><F85/><W120/><G120/><T89/><D23/><U71/><E71/><V81/><F81/><W119/><G119/><T24/><REACH who="0" step="1"/><D24/><REACH who="0" ten="194,204,388,204" step="2"/><U11/><E32/><V28/><F124/><W129/><G129/><T114/><D114/><U128/><E33/><V123/><F123/><W48/><G69/><T88/><D88/><U42/><E128/><V121/><F121/><W100/><G90/><T104/><D104/><U59/><E20/><V34/><F34/><W6/><G78/><T19/><D19/><U101/><E25/><V134/><F68/><W58/><G17/><T80/><D80/><U55/><E101/><V3/><F103/><W30/><G100/><T35/><D35/><U122/><E122/><V27/><F16/><W130/><G130/><T45/><D45/><U132/><E46/><V43/><F27/><W125/><G125/><T15/><D15/><RYUUKYOKU ba="0,1" sc="194,30,204,-10,388,-10,204,-10" hai0="4,14,37,41,47,53,57,60,89,94,96,97,98" /><INIT seed="3,1,1,2,0,126" ten="224,194,378,194" oya="3" hai0="93,21,43,37,80,20,35,102,121,125,133,7,65" hai1="23,6,31,123,19,12,131,129,130,78,100,114,79" hai2="84,62,113,116,5,15,98,103,77,81,28,64,48" hai3="76,0,66,104,86,110,30,13,54,29,2,101,120"/><W14/><G120/><T57/><D35/><U115/><E123/><V45/><F116/><W75/><G75/><T105/><D121/><U107/><E107/><V132/><F132/><W95/><G104/><T55/><D133/><U26/><E100/><V49/><F28/><N who="3" m="10859" /><G0/><T25/><D105/><U109/><E109/><V90/><F113/><N who="1" m="43017" /><E6/><V117/><F45/><W94/><G2/><T16/><D125/><U41/><E41/><V52/><F52/><W58/><G66/><T69/><D7/><U46/><E46/><V17/><F5/><W111/><G111/><T118/><D118/><U63/><E63/><V128/><F128/><N who="1" m="32769" /><U72/><DORA hai="91" /><E72/><V33/><F62/><N who="3" m="36183" /><G110/><T51/><D80/><U39/><E39/><V83/><F103/><W106/><G106/><T96/><D43/><U42/><E42/><V50/><F48/><W124/><G124/><T108/><D37/><U87/><E87/><V40/><F49/><W89/><G76/><T88/><D108/><U119/><E119/><V112/><F50/><W8/><G8/><AGARI ba="1,1" hai="8,12,19,23,26,31,78,79" m="32769,43017" machi="8" ten="40,8000,1" yaku="19,1,52,4" doraHai="126,91" who="1" fromWho="3" sc="224,0,194,93,378,0,194,-83" owari="224,-18.0,287,9.0,378,48.0,111,-39.0" /></mjloggm>