<mjloggm ver="2.3"><GO type="169" lobby="0"/><UN n0="%2D%72%6F%6E%2D" n1="%EF%BC%88%E2%89%A7%E2%96%BD%E2%89%A6%EF%BC%89" n2="%E3%81%8D%E3%81%BE%E3%81%99" n3="%E3%82%BF%E3%83%8A%E3%82%AE" dan="17,19,16,16" rate="2194.63,2319.87,2098.52,2084.42" sx="M,M,M,M"/><TAIKYOKU oya="0"/><INIT seed="0,0,0,0,2,135" ten="250,250,250,250" oya="0" hai0="35,10,71,56,37,126,121,18,133,106,23,118,114" hai1="112,82,26,124,5,21,53,99,14,17,66,31,70" hai2="61,46,20,55,64,34,40,39,65,38,63,57,128" hai3="95,3,73,102,132,113,9,2,81,104,36,33,98"/><T89/><RYUUKYOKU type="yao9" ba="0,0" sc="250,0,250,0,250,0,250,0" hai0="10,18,23,35,37,56,71,89,106,114,118,121,126,133" /><INIT seed="0,1,0,3,5,111" ten="250,250,250,250" oya="0" hai0="17,65,35,127,73,118,48,87,79,83,29,96,124" hai1="72,130,107,113,133,126,38,95,46,129,23,98,76" hai2="132,11,22,81,24,119,41,88,128,101,19,12,43" hai3="45,26,115,42,134,99,59,110,50,8,47,60,18"/><T5/><D118/><U4/><E4/><V25/><F119/><W97/><G110/><T77/><D5/><U100/><E23/><V74/><F101/><W10/><G134/><T51/><D65/><U105/><E46/><V94/><F132/><W27/><G115/><T71/><D71/><U116/><E38/><V67/><F67/><W55/><G47/><T78/><D17/><U104/><E116/><V89/><F128/><N who="1" m="49257" /><E133/><V33/><F33/><W13/><REACH who="3" step="1"/><G8/><REACH who="3" ten="250,250,250,240" step="2"/><T120/><D120/><U7/><E113/><V66/><F11/><W1/><G1/><T44/><D44/><U31/><E7/><V70/><F43/><W53/><G53/><T58/><D127/><U0/><E0/><V85/><F41/><W15/><G15/><T40/><D124/><U14/><E14/><V28/><F12/><W62/><G62/><T117/><D40/><U61/><E61/><V91/><F66/><W2/><G2/><T36/><D117/><U109/><E109/><V68/><F25/><AGARI ba="1,1" hai="10,13,18,25,26,27,42,45,50,55,59,60,97,99" machi="25" ten="40,2600,0" yaku="1,1,8,1,53,0" doraHai="111" doraHaiUra="80" who="3" fromWho="2" sc="250,0,250,0,250,-29,240,39" /><INIT seed="1,0,0,1,2,61" ten="250,250,221,279" oya="1" hai0="101,36,103,95,15,14,88,129,8,44,99,121,55" hai1="0,124,81,133,19,2,92,113,104,37,57,7,72" hai2="82,11,53,68,5,35,29,134,39,60,75,117,51" hai3="47,73,132,46,108,31,111,13,102,43,120,40,94"/><U127/><E104/><V9/><F39/><W78/><G120/><T21/><D121/><U110/><E113/><V18/><F117/><W30/><G13/><T90/><D129/><U56/><E37/><V62/><F134/><W58/><G58/><T64/><D64/><U79/><E133/><V23/><F29/><W22/><G132/><T12/><D8/><N who="1" m="2151" /><E2/><V76/><F35/><W100/><G22/><T54/><D36/><U6/><E6/><V91/><F91/><N who="0" m="34858" /><D103/><U118/><E118/><V77/><F77/><W114/><G78/><T71/><D71/><U52/><E92/><V34/><F34/><W130/><G94/><T131/><D131/><U33/><E33/><V67/><F62/><W17/><G17/><N who="0" m="10407" /><D55/><U135/><E135/><V59/><REACH who="2" step="1"/><F5/><REACH who="2" ten="250,250,211,279" step="2"/><W80/><G130/><T98/><D98/><U65/><E79/><V116/><F116/><W112/><G114/><T97/><D99/><U119/><E119/><V84/><F84/><W38/><G112/><T1/><D97/><U109/><E124/><V3/><F3/><W16/><G38/><T24/><D1/><U107/><E127/><V87/><F87/><W41/><G73/><T115/><D115/><U26/><E72/><V50/><F50/><W83/><G31/><T122/><D122/><U10/><E19/><V123/><F123/><W74/><G30/><T128/><D128/><U48/><E48/><V32/><F32/><W89/><G74/><T93/><D93/><U25/><E107/><V4/><F4/><W70/><G80/><T125/><D95/><U96/><E81/><V69/><F69/><RYUUKYOKU ba="0,1" sc="250,-10,250,-10,211,30,279,-10" hai2="9,11,18,23,51,53,59,60,67,68,75,76,82" /><INIT seed="2,1,1,1,0,23" ten="240,240,241,269" oya="2" hai0="46,81,123,117,59,77,104,88,55,35,17,101,4" hai1="95,69,100,0,22,119,53,65,135,26,89,5,41" hai2="64,25,56,27,83,19,62,51,3,108,61,91,38" hai3="79,116,63,14,122,124,71,49,66,86,133,96,134"/><V47/><F3/><W82/><G116/><T121/><D4/><U60/><E119/><V97/><F38/><W20/><G122/><T32/><D117/><U131/><E131/><V44/><F108/><W57/><G124/><T12/><D46/><N who="2" m="17450" /><F51/><W113/><G113/><T84/><D32/><U33/><E33/><V48/><F48/><W39/><G39/><T10/><D35/><U9/><E41/><V110/><F110/><W103/><G49/><T18/><D18/><U29/><E135/><N who="3" m="51722" /><G14/><T36/><D36/><U75/><E75/><V1/><F1/><W132/><G20/><T73/><D59/><U45/><E45/><V7/><F7/><W13/><G13/><T16/><D17/><U102/><REACH who="1" step="1"/><E53/><REACH who="1" ten="240,230,241,269" step="2"/><V127/><F127/><W80/><G132/><T54/><D55/><U21/><E21/><V90/><F64/><W87/><G66/><T98/><REACH who="0" step="1"/><D54/><REACH who="0" ten="230,230,241,269" step="2"/><U92/><E92/><AGARI ba="1,3" hai="10,12,16,73,77,81,84,88,92,98,101,104,121,123" machi="92" ten="30,16000,3" yaku="1,1,2,1,7,1,24,2,54,2,53,1" doraHai="23" doraHaiUra="15" who="0" fromWho="1" sc="230,193,230,-163,241,0,269,0" /><INIT seed="3,0,0,3,2,57" ten="423,67,241,269" oya="3" hai0="76,122,88,12,35,34,59,52,58,80,130,128,81" hai1="20,8,61,56,108,53,97,116,33,85,46,68,133" hai2="67,37,96,121,9,62,25,119,42,92,32,19,14" hai3="77,93,69,6,99,48,24,31,1,71,124,78,55"/><W11/><G124/><T63/><D122/><U105/><E33/><V47/><F119/><W18/><G18/><T27/><D12/><U30/><E116/><V73/><F73/><W111/><G111/><T113/><D113/><U135/><E108/><V26/><F32/><W95/><G69/><T22/><D59/><U44/><E68/><V101/><REACH who="2" step="1"/><F121/><REACH who="2" ten="423,67,231,269" step="2"/><W50/><G71/><AGARI ba="0,1" hai="9,14,19,25,26,37,42,47,62,67,71,92,96,101" machi="71" ten="30,8000,1" yaku="1,1,2,1,7,1,52,1,53,1" doraHai="57" doraHaiUra="41" who="2" fromWho="3" sc="423,0,67,0,231,90,269,-80" /><INIT seed="4,0,0,4,5,70" ten="423,67,321,189" oya="0" hai0="20,105,68,71,26,75,38,19,95,63,44,77,5" hai1="0,93,12,16,81,1,55,7,40,49,132,56,90" hai2="42,114,8,110,57,11,113,107,101,22,108,17,76" hai3="60,9,21,117,52,32,96,112,130,116,128,36,53"/><T48/><D105/><U43/><E132/><V30/><F76/><W27/><G32/><T124/><D124/><U86/><E1/><V125/><F42/><W41/><G112/><N who="2" m="43113" /><F57/><W4/><G96/><T25/><D63/><U91/><E7/><V54/><F54/><W120/><G120/><T62/><D5/><U94/><E0/><V47/><F47/><W102/><G102/><T31/><D38/><U24/><E24/><V82/><F82/><W126/><G126/><T35/><D62/><U51/><E51/><V131/><F30/><W69/><G69/><T79/><D95/><U78/><E93/><V73/><F101/><W13/><G60/><T106/><D106/><U28/><E28/><V118/><F73/><W65/><G65/><T50/><D75/><U18/><E18/><V58/><F11/><W46/><G53/><T29/><D44/><U98/><REACH who="1" step="1"/><E78/><REACH who="1" ten="423,57,321,189" step="2"/><V103/><F107/><W61/><G116/><T134/><D134/><U135/><E135/><V34/><F17/><W100/><G117/><T133/><D133/><U64/><E64/><V127/><F118/><W39/><G27/><T3/><D19/><U10/><AGARI ba="0,1" hai="10,12,16,40,43,49,55,56,81,86,90,91,94,98" machi="10" ten="20,8000,1" yaku="1,1,0,1,7,1,8,1,54,1,53,0" doraHai="70" doraHaiUra="104" who="1" fromWho="1" sc="423,-40,57,90,321,-20,189,-20" /><INIT seed="5,0,0,1,2,86" ten="383,147,301,169" oya="1" hai0="4,37,23,104,91,110,82,66,24,13,28,54,94" hai1="12,36,75,114,62,48,9,107,105,83,126,57,103" hai2="121,87,68,56,85,47,78,32,133,38,46,74,30" hai3="120,21,84,130,108,25,40,93,8,77,79,128,59"/><U43/><E36/><V116/><F68/><W1/><G120/><T96/><D110/><U89/><E114/><V106/><F106/><W90/><G108/><T124/><D124/><U15/><E126/><V29/><F133/><W33/><G33/><T16/><D37/><U88/><E75/><V22/><F32/><W17/><G40/><T98/><D66/><N who="1" m="39247" /><E107/><V97/><F30/><W64/><G1/><T45/><D4/><N who="1" m="3111" /><E105/><V52/><F38/><W102/><G102/><T113/><D113/><U125/><E125/><V0/><F0/><W20/><G8/><N who="0" m="6183" /><D104/><U34/><E34/><V31/><F121/><W73/><G73/><T65/><D65/><U132/><E132/><V95/><F74/><W5/><G5/><T53/><D45/><N who="1" m="25663" /><E103/><V19/><F46/><W67/><G21/><T61/><D61/><U26/><E26/><V50/><F47/><W71/><G71/><T134/><D134/><U49/><E83/><V60/><F60/><N who="3" m="37919" /><G67/><T11/><D82/><U119/><E119/><V80/><F116/><W27/><G27/><T35/><D35/><U10/><E49/><V131/><F50/><W115/><G115/><T122/><D122/><U3/><E3/><V76/><F80/><W112/><G112/><T7/><D96/><U69/><E69/><V6/><F97/><W101/><G101/><T111/><D111/><U55/><E55/><V44/><F52/><W117/><G117/><T51/><D51/><U123/><E123/><V14/><F44/><W127/><G127/><T100/><D100/><U42/><E42/><V63/><F63/><W58/><G58/><RYUUKYOKU ba="0,0" sc="383,10,147,10,301,-30,169,10" hai0="7,11,23,24,28,53,54,91,94,98" hai1="10,15,88,89" hai3="17,20,25,77,79,84,90,93,128,130" /><INIT seed="5,1,0,4,3,101" ten="393,157,271,179" oya="1" hai0="74,90,56,49,57,85,108,25,105,75,134,33,123" hai1="88,55,11,127,76,70,99,45,129,130,2,16,124" hai2="1,37,14,110,17,109,122,106,72,29,118,68,82" hai3="96,112,119,31,126,62,121,93,40,97,21,111,6"/><U4/><E70/><V69/><F37/><W103/><G111/><T132/><D108/><U77/><E45/><V98/><F1/><W89/><G121/><T71/><D71/><U28/><E28/><V27/><F122/><W7/><G112/><T120/><D75/><U35/><E35/><V135/><F118/><W86/><G126/><N who="1" m="48170" /><E55/><V30/><F29/><W65/><G119/><T117/><D74/><U3/><E3/><V92/><F30/><W32/><G32/><T26/><D56/><U38/><E38/><V24/><F24/><N who="3" m="16783" /><G40/><T42/><D33/><U113/><E113/><V115/><F17/><W128/><G128/><N who="1" m="49258" /><E16/><V79/><F27/><W50/><G50/><T23/><D49/><U125/><N who="1" m="48178" /><U61/><DORA hai="80" /><E61/><V41/><F68/><W19/><G19/><T133/><D117/><U73/><E73/><V67/><F69/><W104/><G62/><T39/><D39/><U51/><E51/><V63/><F63/><W22/><G22/><T20/><D20/><U12/><E2/><V100/><F109/><W81/><G65/><T64/><D64/><U95/><AGARI ba="1,0" hai="4,11,12,76,77,88,95,99" m="49258,48178" machi="95" ten="50,9600,0" yaku="18,1,19,1,54,1" doraHai="101,80" who="1" fromWho="1" sc="393,-33,157,99,271,-33,179,-33" /><INIT seed="5,2,0,4,0,135" ten="360,256,238,146" oya="1" hai0="36,123,73,21,56,3,86,62,120,88,79,52,0" hai1="37,26,84,18,42,128,32,100,95,77,69,29,5" hai2="47,57,81,9,74,10,131,51,92,133,122,33,124" hai3="58,41,96,78,89,91,83,55,113,23,63,126,19"/><U12/><E69/><V50/><F122/><N who="0" m="46634" /><D36/><U6/><E128/><V129/><F33/><W104/><G113/><T7/><D21/><U125/><E125/><V35/><F124/><W110/><G110/><T14/><D73/><U34/><E34/><V109/><F109/><W75/><G126/><T4/><D79/><U85/><E42/><V22/><F35/><W94/><G41/><T31/><D31/><U67/><E67/><V103/><F133/><W68/><G68/><T15/><D15/><U76/><E37/><V98/><F81/><W93/><G104/><T71/><D71/><U48/><E48/><V11/><F22/><W101/><REACH who="3" step="1"/><G93/><REACH who="3" ten="360,256,238,136" step="2"/><N who="0" m="54423" /><D14/><AGARI ba="2,1" hai="14,19,23,55,58,63,75,78,83,89,91,94,96,101" machi="14" ten="30,3900,0" yaku="1,1,7,1,53,1" doraHai="135" doraHaiUra="59" who="3" fromWho="0" sc="360,-45,256,0,238,0,136,55" /><INIT seed="6,0,0,0,5,16" ten="315,256,238,191" oya="2" hai0="13,125,82,2,37,114,81,128,132,28,97,1,4" hai1="33,90,107,115,51,88,104,127,7,50,68,23,98" hai2="79,25,0,61,72,9,60,54,31,67,116,35,38" hai3="135,112,19,5,105,57,27,59,22,69,111,34,134"/><V85/><F38/><W129/><G69/><T30/><D114/><U36/><E36/><V91/><F116/><W76/><G111/><T47/><D128/><U32/><E68/><V119/><F119/><W110/><G110/><T24/><D30/><U41/><E7/><V39/><F39/><W124/><G129/><T87/><D125/><U102/><E127/><V43/><F43/><W45/><G124/><T99/><D2/><U74/><E74/><V117/><F117/><W122/><G122/><T80/><D87/><U6/><E6/><V101/><F101/><W46/><G105/><T108/><D1/><U29/><E115/><V44/><F79/><W120/><G120/><T113/><D108/><U48/><E41/><V133/><F72/><W66/><G112/><T12/><D113/><U84/><E104/><V121/><F121/><W83/><G34/><T92/><D37/><U123/><E90/><V26/><F35/><W11/><G134/><T17/><D4/><U21/><E123/><V56/><F0/><W131/><G131/><T62/><D132/><U52/><E52/><N who="2" m="33799" /><F31/><W100/><G100/><T10/><D28/><U93/><E33/><V70/><F9/><W49/><G135/><T126/><D126/><U130/><E130/><V106/><F106/><W64/><G64/><T20/><D10/><U86/><E86/><V55/><F133/><W109/><G109/><T15/><D97/><U94/><E107/><V58/><F44/><N who="3" m="17003" /><G66/><T95/><D99/><U118/><E118/><V103/><F103/><W14/><G49/><T8/><D8/><U96/><E96/><RYUUKYOKU ba="0,0" sc="315,-15,256,15,238,-15,191,15" hai1="21,23,29,32,48,50,51,84,88,93,94,98,102" hai3="5,11,14,19,22,27,57,59,76,83" /><INIT seed="7,1,0,4,3,2" ten="300,271,223,206" oya="3" hai0="54,105,99,49,87,45,18,44,39,89,53,32,70" hai1="68,65,37,78,126,15,92,118,111,35,116,117,86" hai2="66,96,24,26,84,28,134,60,133,71,3,7,102" hai3="121,73,100,85,17,103,42,74,72,76,25,82,110"/><W130/><G42/><T47/><D47/><U33/><E111/><V59/><F84/><W31/><G121/><T57/><D70/><U104/><E104/><N who="2" m="63559" /><F59/><W27/><G110/><T34/><D44/><U124/><E37/><V97/><F97/><W22/><REACH who="3" step="1"/><G130/><REACH who="3" ten="300,271,223,196" step="2"/><T12/><D39/><U36/><E36/><V50/><F50/><W128/><G128/><T0/><D49/><U46/><E117/><V64/><F64/><W112/><G112/><T108/><D108/><U29/><E65/><V61/><F61/><W52/><G52/><T1/><D54/><U62/><E62/><V56/><F71/><W129/><G129/><T58/><D53/><U101/><E68/><V6/><F66/><W41/><G41/><T67/><D67/><U43/><E116/><V38/><F60/><W123/><G123/><T19/><D58/><U11/><E43/><V93/><F56/><W113/><G113/><T20/><D57/><U30/><E118/><V63/><F63/><W107/><G107/><T83/><D45/><U135/><E46/><V14/><F38/><W21/><AGARI ba="1,1" hai="17,21,22,25,27,31,72,73,74,76,82,85,100,103" machi="21" ten="40,3900,0" yaku="1,1,0,1,53,0" doraHai="2" doraHaiUra="8" who="3" fromWho="3" sc="300,-14,271,-14,223,-14,196,52" /><INIT seed="7,2,0,4,3,125" ten="286,257,209,248" oya="3" hai0="60,62,84,79,116,81,70,112,71,117,50,129,89" hai1="43,76,1,48,46,114,74,64,100,58,85,23,103" hai2="36,106,130,7,27,44,122,99,28,16,102,120,20" hai3="51,93,35,10,113,2,22,91,66,126,118,96,121"/><W73/><G35/><T65/><D129/><U24/><E1/><V95/><F7/><W8/><G121/><N who="2" m="46697" /><F106/><W105/><G118/><T26/><D112/><U94/><E74/><V29/><F130/><W69/><G113/><T55/><D26/><U83/><E114/><V30/><F44/><W107/><G126/><T77/><D77/><U19/><E94/><V49/><F49/><W3/><G73/><T12/><D12/><U88/><E76/><V109/><F109/><W97/><G51/><T115/><D115/><U78/><E78/><V33/><F36/><W86/><G22/><T32/><D32/><AGARI ba="2,0" hai="16,20,27,28,29,30,32,33,95,99,102" m="46697" machi="32" ten="30,2000,0" yaku="13,1,54,1" doraHai="125" who="2" fromWho="0" sc="286,-26,257,0,209,26,248,0" /><INIT seed="8,0,0,2,4,76" ten="260,257,235,248" oya="0" hai0="36,120,109,86,68,106,104,70,5,85,100,37,65" hai1="84,16,54,75,101,77,57,19,8,118,4,38,131" hai2="114,97,41,90,83,124,2,132,71,133,93,116,26" hai3="129,69,21,46,126,59,111,34,39,108,110,15,42"/><T81/><D120/><U113/><E38/><V99/><F71/><W22/><G34/><T25/><D5/><U49/><E75/><V18/><F114/><W112/><G112/><T7/><D86/><U82/><E118/><V130/><F2/><W134/><G69/><T95/><D68/><U88/><E131/><V91/><F116/><W6/><G129/><T117/><D117/><U64/><E101/><V3/><F3/><W55/><G126/><T58/><D70/><U11/><E113/><V123/><F123/><W121/><G121/><T30/><D7/><U105/><E105/><V56/><F41/><W94/><G134/><N who="2" m="51817" /><F124/><W119/><G119/><T33/><D106/><U0/><E64/><V29/><F18/><N who="1" m="6697" /><E0/><V44/><F44/><W79/><G94/><T125/><D125/><U98/><E4/><V92/><F56/><W10/><REACH who="3" step="1"/><G79/><REACH who="3" ten="260,257,235,238" step="2"/><N who="0" m="46271" /><D104/><U115/><E115/><V63/><F130/><W80/><G80/><T27/><D33/><U103/><E103/><V35/><F63/><AGARI ba="0,1" hai="6,10,15,21,22,39,42,46,55,59,63,108,110,111" machi="63" ten="40,5200,0" yaku="1,1,53,2" doraHai="76" doraHaiUra="17" who="3" fromWho="2" sc="260,0,257,0,235,-52,238,62" owari="260,6.0,257,-14.0,183,-32.0,300,40.0" /></mjloggm>