<mjloggm ver="2.3"><GO type="225" lobby="0"/><UN n0="%E3%82%A6%E3%83%AB%E3%83%88%E3%83%A9%E7%AB%8B%E7%9B%B4" n1="%56%65%6E%75%73%53%61%79" n2="%65%76%61%63%61%6E%69%61" n3="%70%61%77%61%66%75%31" dan="16,18,16,16" rate="2024.21,2249.01,2122.99,2084.44" sx="M,M,M,M"/><TAIKYOKU oya="0"/><INIT seed="0,0,0,4,3,83" ten="250,250,250,250" oya="0" hai0="85,1,87,46,18,22,32,59,60,10,100,88,49" hai1="108,6,33,73,127,70,39,77,97,19,8,65,79" hai2="131,119,0,25,11,66,63,51,52,91,2,99,74" hai3="48,68,29,42,117,69,64,53,94,101,71,26,55"/><T110/><D32/><U124/><E39/><V109/><F74/><W58/><G117/><T122/><D122/><U45/><E33/><V106/><F109/><W54/><G101/><T56/><D100/><U28/><E28/><V20/><F11/><W102/><G102/><T133/><D110/><U3/><E108/><V36/><F36/><W27/><G94/><N who="0" m="54543" /><D1/><U121/><E97/><V84/><F99/><W41/><G29/><T82/><D10/><U15/><E121/><V62/><F106/><W21/><G21/><T132/><D60/><N who="1" m="40231" /><E73/><V34/><F34/><W57/><G64/><T105/><D105/><U24/><E3/><V81/><F131/><W80/><G80/><T13/><D132/><U126/><E45/><V4/><F4/><W30/><G30/><T112/><D133/><U23/><AGARI ba="0,0" hai="6,8,15,19,23,24,77,79,124,126,127" m="40231" machi="23" ten="40,1500,0" yaku="18,1" doraHai="83" who="1" fromWho="1" sc="250,-7,250,15,250,-4,250,-4" /><INIT seed="1,0,0,5,2,78" ten="243,265,246,246" oya="1" hai0="50,30,104,94,20,37,57,109,15,5,9,62,8" hai1="86,53,56,90,59,124,75,132,131,35,42,67,119" hai2="134,95,63,64,38,25,14,135,100,128,27,92,123" hai3="26,133,82,72,39,84,40,81,115,122,96,85,6"/><U58/><E75/><V29/><F38/><W89/><G122/><T114/><D104/><U121/><E119/><V125/><F123/><W36/><G115/><T34/><D37/><U55/><E121/><V112/><F112/><W61/><G72/><T45/><D34/><U120/><E120/><V126/><F14/><W51/><G133/><N who="2" m="50697" /><F100/><W44/><G6/><T41/><D109/><U111/><E35/><N who="2" m="20911" /><F27/><W102/><G61/><T105/><D105/><U93/><E132/><V65/><F65/><W19/><G19/><T49/><D9/><U117/><E117/><V110/><F110/><W71/><G71/><T3/><D3/><U73/><E111/><V52/><F52/><N who="1" m="20041" /><E73/><V23/><F23/><W83/><G26/><T69/><D20/><U32/><E32/><V97/><F97/><W21/><G21/><T99/><D114/><U66/><E131/><V11/><F11/><W101/><G101/><T106/><D106/><U70/><E70/><N who="2" m="42271" /><F128/><W74/><G74/><T43/><D69/><U2/><E2/><V17/><F17/><W4/><G4/><T103/><D30/><U28/><E28/><V88/><F88/><N who="3" m="51215" /><G36/><T33/><D33/><U76/><E67/><V47/><F47/><W48/><G39/><T79/><D45/><U24/><E66/><V0/><F0/><W98/><G102/><T31/><D31/><U127/><E24/><V118/><F118/><W7/><G7/><T130/><D130/><U12/><E12/><V116/><F116/><W77/><G51/><N who="0" m="19467" /><D79/><U18/><E18/><V113/><F113/><W108/><G108/><T68/><D68/><RYUUKYOKU ba="0,0" sc="243,10,265,-30,246,10,246,10" hai0="5,8,15,41,43,57,62,94,99,103" hai2="92,95,125,126" hai3="40,44,48,77,82,83,85,89,96,98" /><INIT seed="2,1,0,5,0,10" ten="253,235,256,256" oya="2" hai0="63,122,60,84,27,93,36,12,135,104,66,87,64" hai1="132,65,49,29,46,24,133,108,90,31,43,38,73" hai2="67,16,72,21,25,80,115,9,61,127,117,2,116" hai3="102,57,19,131,58,28,53,82,15,88,50,11,70"/><V101/><F115/><W45/><G70/><T34/><D36/><U100/><E73/><V54/><F127/><W114/><G114/><T129/><D104/><U98/><E65/><V26/><F26/><W103/><G28/><T75/><D75/><U94/><E108/><V86/><F72/><W59/><G131/><T119/><D27/><U99/><E38/><V23/><F54/><W68/><G68/><T14/><D34/><U51/><E51/><V3/><F101/><W113/><G113/><T13/><D122/><U126/><E126/><V83/><F23/><W8/><G8/><T105/><D105/><U120/><E120/><V95/><F95/><W41/><G41/><T0/><D0/><U123/><E123/><V96/><F96/><W130/><G130/><T33/><D33/><U121/><E121/><V111/><F111/><W79/><G79/><T22/><D22/><U4/><E4/><V30/><F2/><W69/><G69/><T107/><D107/><U52/><E43/><V76/><F83/><W56/><N who="3" m="14336" /><DORA hai="106" /><W118/><G118/><T97/><D129/><U78/><E78/><V37/><F37/><W20/><G20/><T48/><D48/><U6/><E6/><N who="2" m="1247" /><F61/><N who="0" m="23626" /><D119/><U77/><E77/><V109/><F67/><N who="0" m="25642" /><D135/><N who="1" m="51787" /><E24/><V110/><F110/><W81/><G81/><T40/><D40/><U1/><E1/><V92/><F109/><W134/><G134/><T47/><D47/><U35/><E35/><N who="2" m="20943" /><F92/><AGARI ba="1,0" hai="29,31,46,49,52,90,92,94,98,99,100" m="51787" machi="92" ten="30,2000,0" yaku="20,1,54,1" doraHai="10,106" who="1" fromWho="2" sc="253,0,235,23,256,-23,256,0" /><INIT seed="3,0,0,0,1,79" ten="253,258,233,256" oya="3" hai0="114,33,35,65,7,60,70,86,3,57,120,85,27" hai1="39,115,1,131,100,0,88,128,59,32,6,121,53" hai2="31,17,124,77,101,87,117,78,81,26,133,34,13" hai3="9,29,21,134,11,89,67,28,129,51,96,123,110"/><W19/><G123/><T94/><D120/><U55/><E115/><V52/><F117/><W16/><G134/><T69/><D7/><U113/><E121/><V45/><F124/><W8/><G129/><N who="1" m="49738" /><E113/><V127/><F133/><W24/><G67/><T47/><D3/><U126/><E32/><V18/><F101/><W118/><G118/><T130/><D130/><U84/><E39/><V15/><F127/><W54/><G110/><T107/><D107/><U99/><E126/><V63/><F78/><W90/><G19/><T116/><D116/><U74/><E74/><V71/><F71/><W111/><G111/><T38/><D35/><U22/><E22/><V106/><F106/><W4/><G4/><T73/><D73/><U10/><E59/><V37/><F37/><W25/><G96/><T83/><D38/><U93/><E1/><V40/><F40/><W49/><G49/><T72/><D72/><U56/><E56/><V105/><F105/><AGARI ba="0,0" hai="0,6,10,53,55,84,88,93,99,100,105" m="49738" machi="105" ten="30,2000,0" yaku="19,1,54,1" doraHai="79" who="1" fromWho="2" sc="253,0,258,20,233,-20,256,0" /><INIT seed="4,0,0,0,0,48" ten="253,278,213,256" oya="0" hai0="8,55,97,41,84,101,105,122,68,4,58,134,34" hai1="111,65,52,80,1,127,7,132,92,62,133,128,56" hai2="33,63,100,28,69,123,6,131,126,14,83,27,15" hai3="99,64,45,0,93,73,82,113,112,40,42,53,47"/><T19/><D122/><U106/><E111/><V18/><F123/><W89/><G0/><T10/><D68/><U43/><E106/><V23/><F126/><W103/><G64/><T54/><D34/><U59/><E43/><N who="3" m="16426" /><G53/><N who="0" m="19979" /><D41/><U70/><E127/><V12/><F131/><W98/><G73/><T66/><D4/><U13/><E128/><V32/><F83/><W76/><G76/><T39/><D39/><U109/><E109/><V87/><F87/><N who="3" m="50423" /><G98/><T31/><D105/><U49/><E80/><V9/><F100/><W130/><G130/><T67/><D134/><N who="1" m="51819" /><E92/><V117/><F117/><W96/><G96/><T25/><D31/><U72/><E72/><V21/><F63/><W17/><G17/><T78/><D67/><U102/><E102/><V29/><F69/><W125/><G125/><T20/><D97/><U11/><E1/><N who="2" m="207" /><F29/><W51/><G51/><T119/><D119/><U22/><E22/><V121/><F121/><W118/><G118/><T2/><D101/><U5/><E5/><V50/><F50/><W79/><G79/><T35/><D35/><AGARI ba="0,0" hai="12,14,15,18,21,23,27,28,32,33,35" m="207" machi="35" ten="30,8000,1" yaku="35,5" doraHai="48" who="2" fromWho="0" sc="253,-80,278,0,213,80,256,0" /><INIT seed="5,0,0,0,1,0" ten="173,278,293,256" oya="1" hai0="8,58,29,2,6,72,103,130,4,1,52,84,9" hai1="26,76,44,106,131,81,35,132,104,69,88,133,48" hai2="111,113,86,118,19,74,127,92,13,60,128,98,73" hai3="100,125,109,102,57,27,39,24,91,5,95,59,96"/><U54/><E69/><V36/><F118/><W112/><G39/><T99/><D72/><U38/><E38/><V67/><F111/><W51/><G109/><T49/><D130/><U115/><E115/><V18/><F36/><W50/><G112/><T31/><REACH who="0" step="1"/><D84/><REACH who="0" ten="163,278,293,256" step="2"/><N who="1" m="50191" /><E131/><V63/><F128/><W123/><G123/><T56/><D56/><U62/><E76/><V12/><F113/><W82/><G57/><T68/><D68/><U124/><E124/><V40/><F127/><W55/><G125/><T15/><D15/><U53/><E26/><V47/><F74/><W110/><G110/><T61/><D61/><U87/><E87/><V10/><F86/><N who="3" m="50647" /><G24/><T83/><D83/><U114/><E114/><V3/><F73/><W105/><G27/><T94/><AGARI ba="0,1" hai="1,2,4,6,8,9,29,31,49,52,58,94,99,103" machi="94" ten="20,12000,2" yaku="1,1,0,1,7,1,9,1,52,2,54,1,53,0" doraHai="0" doraHaiUra="134" who="0" fromWho="0" sc="163,130,278,-60,293,-30,256,-30" /><INIT seed="6,0,0,4,1,52" ten="293,218,263,226" oya="2" hai0="72,126,89,5,100,39,93,67,22,4,108,86,47" hai1="134,129,37,128,61,91,21,27,120,62,11,15,31" hai2="112,63,17,40,102,77,58,18,9,103,24,104,122" hai3="44,16,96,109,113,33,36,1,130,127,110,50,123"/><V29/><F112/><W23/><G123/><T76/><D108/><U49/><E37/><V59/><F104/><W57/><G33/><T99/><D67/><U73/><E73/><V42/><F77/><W32/><G32/><T68/><D68/><U107/><E107/><V48/><F122/><W121/><G121/><T135/><D135/><U133/><E120/><V38/><F38/><W111/><G113/><T124/><D22/><U43/><E91/><V88/><F88/><W26/><G1/><T46/><D76/><U12/><E49/><V116/><F116/><W14/><G130/><N who="1" m="50282" /><E43/><N who="2" m="16427" /><F9/><W8/><G127/><N who="0" m="48683" /><D72/><U7/><E61/><V64/><F29/><W131/><G131/><T83/><D39/><U60/><E62/><N who="2" m="37975" /><F48/><W28/><G36/><T53/><D53/><U132/><E60/><V95/><F24/><W13/><G44/><AGARI ba="0,0" hai="4,5,44,46,47,83,86,89,93,99,100" m="48683" machi="44" ten="30,1000,0" yaku="18,1" doraHai="52" who="0" fromWho="3" sc="293,10,218,0,263,0,226,-10" owari="303,40.0,218,-18.0,263,6.0,216,-28.0" /></mjloggm>