<mjloggm ver="2.3"><GO type="97" lobby="0"/><UN n0="%E3%82%A6%E3%83%AB%E3%83%88%E3%83%A9%E7%AB%8B%E7%9B%B4" n1="%EF%BC%9D%E6%B0%B4%E8%89%B2%E6%A7%98%EF%BC%9D" n2="%E3%81%88%E3%81%A3%E3%81%98" n3="%E3%83%AF%E3%82%8B%E3%81%8D%E3%82%85%E3%83%BC%E3%83%AC" dan="15,14,13,13" rate="2018.74,1992.29,1872.64,1830.68" sx="M,M,M,F"/><TAIKYOKU oya="0"/><INIT seed="0,0,0,2,1,59" ten="250,250,250,250" oya="0" hai0="132,108,118,93,55,72,113,13,35,71,96,76,88" hai1="14,62,8,43,95,3,117,65,97,133,12,42,114" hai2="30,125,105,61,86,50,73,69,111,54,121,4,134" hai3="131,119,77,75,19,26,1,123,9,58,24,68,41"/><T128/><D35/><U90/><E117/><V126/><F73/><W34/><G68/><T6/><D71/><U116/><E116/><V11/><F105/><W92/><G119/><T27/><D118/><U106/><E114/><V48/><F30/><W0/><G34/><T29/><D113/><U115/><E115/><V38/><F38/><W37/><G26/><T40/><D128/><U74/><E74/><V91/><F121/><W130/><G123/><T7/><D108/><U20/><E106/><V120/><F134/><W63/><G92/><T33/><D132/><U78/><E78/><V89/><F120/><W122/><G122/><T103/><D40/><U18/><E3/><V67/><F111/><W94/><G94/><T129/><D129/><U44/><E44/><N who="2" m="27911" /><F50/><W124/><G131/><T56/><D13/><U84/><E97/><V100/><F86/><W57/><G37/><T135/><D135/><U85/><E84/><V16/><F100/><W17/><G75/><T47/><D47/><U82/><E82/><V21/><F11/><W80/><G9/><T110/><D110/><U2/><E2/><V66/><F4/><W5/><G130/><T87/><D76/><U31/><E133/><V53/><F89/><W51/><G0/><T102/><D72/><U64/><E42/><V32/><F91/><W36/><G41/><T127/><D127/><N who="2" m="48650" /><F32/><W10/><G124/><T79/><D79/><U25/><E43/><V101/><F101/><N who="0" m="38410" /><D96/><U109/><E109/><V112/><F112/><W52/><G36/><T45/><D45/><U46/><E46/><V98/><F69/><RYUUKYOKU ba="0,0" sc="250,30,250,-10,250,-10,250,-10" hai0="6,7,27,29,33,55,56,87,88,93" /><INIT seed="0,1,0,4,0,135" ten="280,240,240,240" oya="0" hai0="113,29,20,55,2,69,25,72,119,118,89,23,56" hai1="111,92,74,43,64,5,104,71,112,38,125,46,35" hai2="121,100,128,17,0,70,77,19,91,10,66,78,51" hai3="15,80,37,57,22,47,95,45,8,132,101,123,14"/><T59/><D69/><U79/><E92/><V82/><F100/><W60/><G132/><T124/><D72/><U4/><E4/><V68/><F121/><W18/><G123/><T9/><D89/><U53/><E5/><V107/><F107/><W94/><G37/><T16/><D56/><U62/><E35/><V73/><F78/><W63/><G80/><T131/><D55/><U99/><E112/><V122/><F122/><W105/><G105/><T34/><D59/><U76/><E111/><V41/><F128/><W93/><G63/><T65/><D65/><U84/><E84/><V109/><F109/><W126/><G101/><T87/><D87/><U32/><E32/><V133/><F133/><W98/><G98/><T96/><D96/><U36/><E36/><V129/><F129/><W1/><G1/><T33/><D131/><U90/><E90/><V75/><F91/><W116/><G116/><N who="0" m="44587" /><D113/><U50/><E74/><V27/><F66/><N who="3" m="39183" /><G126/><T81/><D81/><U52/><E125/><V88/><F88/><W48/><G48/><T11/><D124/><U42/><E42/><V21/><F73/><W85/><G85/><T44/><D44/><U31/><E53/><V6/><F19/><AGARI ba="1,0" hai="8,14,15,18,19,22,45,47,93,94,95" m="39183" machi="19" ten="30,1000,0" yaku="8,1" doraHai="135" who="3" fromWho="2" sc="280,0,240,0,240,-13,240,13" /><INIT seed="1,0,0,1,3,38" ten="280,240,227,253" oya="1" hai0="15,8,22,47,110,27,117,90,50,87,73,127,76" hai1="115,121,48,12,75,29,39,71,103,69,3,7,109" hai2="6,119,135,106,80,120,35,102,21,79,82,129,55" hai3="45,132,83,25,95,20,88,23,133,91,14,101,62"/><U61/><E39/><V33/><F120/><W66/><G45/><T92/><D117/><U60/><E3/><V19/><F119/><W125/><G125/><T40/><D127/><U72/><E115/><V28/><F28/><W9/><G20/><T126/><D110/><U58/><E121/><V42/><F129/><W51/><G51/><T13/><D126/><U30/><E109/><V81/><F135/><N who="3" m="51787" /><G83/><T32/><D32/><U56/><E103/><V130/><F130/><W113/><G95/><T17/><D73/><U0/><E0/><V116/><F6/><N who="3" m="3383" /><G101/><T114/><D114/><U16/><E48/><V107/><F116/><W123/><G123/><T96/><D76/><U37/><E37/><V63/><F42/><W43/><G43/><T18/><REACH who="0" step="1"/><D27/><REACH who="0" ten="270,240,227,253" step="2"/><U85/><E72/><V128/><F128/><W112/><G113/><T100/><D100/><U4/><E75/><V10/><F79/><W65/><G112/><T131/><D131/><U134/><E134/><V5/><F102/><W122/><G122/><T118/><D118/><U124/><E124/><V105/><F5/><W31/><G65/><T108/><D108/><U41/><E7/><V98/><F35/><W89/><G89/><T86/><AGARI ba="0,1" hai="8,13,15,17,18,22,40,47,50,86,87,90,92,96" machi="86" ten="30,12000,2" yaku="1,1,0,1,8,1,52,1,53,2" doraHai="38" doraHaiUra="11" who="0" fromWho="0" sc="270,130,240,-60,227,-30,253,-30" /><INIT seed="2,0,0,4,5,98" ten="400,180,197,223" oya="2" hai0="2,126,65,116,125,110,78,72,79,54,88,90,91" hai1="47,109,15,134,19,85,23,131,28,60,112,130,11" hai2="103,96,37,43,7,55,118,113,52,84,56,132,58" hai3="94,63,8,133,82,135,5,106,101,108,57,75,29"/><V81/><F118/><W44/><G108/><T21/><D2/><U4/><E109/><V114/><F7/><W41/><G106/><T123/><D110/><U80/><E112/><V107/><F132/><W51/><G29/><T68/><D123/><U124/><E124/><N who="0" m="47721" /><D116/><U129/><E134/><N who="3" m="51210" /><G82/><T127/><D127/><U77/><E28/><V122/><F122/><W120/><G75/><T86/><D65/><U95/><E95/><V14/><F14/><N who="3" m="5391" /><G120/><T73/><D68/><U22/><E60/><V53/><F56/><W46/><G46/><T1/><D1/><U12/><REACH who="1" step="1"/><E47/><REACH who="1" ten="400,170,197,223" step="2"/><V42/><F58/><W13/><G94/><T121/><D121/><U6/><E6/><V105/><F105/><W64/><G63/><T104/><D104/><U102/><E102/><V31/><F31/><W33/><G101/><T69/><D91/><U49/><E49/><V9/><F9/><AGARI ba="0,1" hai="4,9,11,12,15,19,22,23,77,80,85,129,130,131" machi="9" ten="40,2600,0" yaku="1,1,19,1,53,0" doraHai="98" doraHaiUra="32" who="1" fromWho="2" sc="400,0,170,36,197,-26,223,0" /><INIT seed="3,0,0,1,0,42" ten="400,206,171,223" oya="3" hai0="67,58,40,117,105,134,108,85,12,121,56,51,65" hai1="110,45,25,123,79,80,2,26,0,44,39,122,4" hai2="74,118,20,81,17,84,38,21,86,23,107,94,16" hai3="133,106,47,62,132,33,48,49,30,120,50,18,54"/><W69/><G106/><T89/><D105/><U88/><E39/><V109/><F107/><W43/><G33/><T27/><D134/><N who="3" m="51817" /><G18/><T104/><D104/><U59/><E110/><V19/><F118/><W14/><G14/><T127/><D121/><U78/><E59/><N who="0" m="22569" /><D89/><U124/><E4/><V135/><F74/><W22/><G22/><T98/><D85/><N who="2" m="32874" /><F38/><N who="3" m="22007" /><G30/><T66/><D27/><U9/><E9/><V68/><F68/><W13/><G13/><T128/><D98/><U24/><E24/><V103/><F135/><W125/><G125/><T77/><D77/><U35/><E124/><V63/><F109/><W92/><G92/><T83/><D108/><U115/><E115/><V61/><F81/><W111/><G111/><T28/><D83/><U76/><E76/><V60/><F94/><W75/><G75/><T119/><D28/><U36/><E80/><V100/><AGARI ba="0,0" hai="16,17,19,20,21,23,60,61,63,100,103" m="32874" machi="100" ten="40,12000,2" yaku="29,2,28,2,8,1,54,1" doraHai="42" who="2" fromWho="2" sc="400,-30,206,-30,171,120,223,-60" owari="370,47.0,176,-22.0,291,9.0,163,-34.0" /></mjloggm>