<mjloggm ver="2.3"><GO type="97" lobby="0"/><UN n0="%28%EF%BF%A3%E3%83%AD%EF%BF%A3%EF%BC%9B%29" n1="%E3%82%A6%E3%83%AB%E3%83%88%E3%83%A9%E7%AB%8B%E7%9B%B4" n2="%6E%65%69%6C%6C%79%2A" n3="%E3%82%A4%E3%82%B5%E3%82%AD" dan="14,15,13,14" rate="1943.87,1994.47,1952.75,2021.72" sx="M,M,F,M"/><TAIKYOKU oya="0"/><INIT seed="0,0,0,5,1,85" ten="250,250,250,250" oya="0" hai0="94,89,105,102,80,52,20,56,110,39,115,93,69" hai1="73,59,35,90,103,5,38,53,10,14,126,32,28" hai2="33,84,13,24,124,116,31,62,87,98,122,68,6" hai3="30,8,67,15,65,55,50,9,109,129,47,77,42"/><T66/><D115/><U34/><E38/><V64/><F116/><W70/><G70/><T107/><D39/><U112/><E73/><V79/><F122/><W46/><G109/><T12/><D110/><U17/><E126/><V75/><F124/><W123/><G129/><T106/><D69/><U113/><E103/><V97/><F75/><W82/><G30/><T43/><D66/><U76/><E76/><V41/><F41/><W25/><G25/><T71/><D71/><U104/><E104/><V133/><F133/><W78/><G78/><T1/><D43/><U45/><E45/><V121/><F121/><W127/><G127/><T48/><D1/><U29/><E53/><V37/><F37/><W111/><G8/><T114/><D114/><N who="1" m="44139" /><E59/><V19/><F6/><W23/><G23/><T118/><D118/><U51/><E51/><V3/><F3/><W95/><G111/><T101/><D80/><U63/><E63/><V88/><F79/><W117/><G117/><T60/><D60/><U27/><E90/><V131/><F87/><N who="3" m="48591" /><G123/><T21/><D21/><AGARI ba="0,0" hai="5,10,14,17,21,27,28,29,32,34,35" m="44139" machi="21" ten="40,5200,0" yaku="11,1,34,2" doraHai="85" who="1" fromWho="0" sc="250,-52,250,52,250,0,250,0" /><INIT seed="1,0,0,3,5,133" ten="198,302,250,250" oya="1" hai0="16,97,65,18,88,81,61,21,82,26,17,8,111" hai1="75,32,94,59,1,13,24,106,15,119,129,48,96" hai2="29,78,123,101,66,125,76,42,40,34,70,68,58" hai3="85,107,90,95,27,43,62,110,112,72,37,105,54"/><U9/><E129/><V126/><F123/><W84/><G72/><T135/><D135/><U69/><E69/><N who="2" m="26731" /><F101/><W128/><G128/><T74/><D111/><U93/><E106/><V5/><F5/><W134/><G110/><T4/><D74/><U50/><E75/><V51/><F29/><W92/><G134/><T55/><D55/><U10/><E1/><V117/><F34/><W86/><G112/><T33/><D33/><U127/><E32/><V79/><F117/><W45/><G84/><T3/><D97/><U19/><E24/><V115/><F115/><W104/><G54/><T30/><REACH who="0" step="1"/><D88/><REACH who="0" ten="188,302,250,250" step="2"/><U116/><E96/><V60/><F51/><W89/><G62/><T99/><D99/><U28/><E50/><V49/><F49/><W73/><G73/><T114/><D114/><U121/><E48/><V57/><F60/><W113/><G113/><T77/><D77/><U36/><E119/><V12/><F66/><W83/><G83/><T38/><D38/><U31/><E36/><V11/><F42/><W44/><G44/><T103/><D103/><U2/><E116/><V80/><F40/><W64/><G64/><T122/><D122/><U91/><E91/><V98/><F98/><W14/><G37/><T102/><D102/><U71/><E121/><V87/><F79/><W25/><G43/><T130/><D130/><U63/><E94/><V41/><F41/><W120/><G45/><T23/><D23/><U131/><E93/><V6/><F78/><W20/><G120/><T35/><D35/><U67/><E131/><V7/><F7/><W0/><G0/><RYUUKYOKU ba="0,1" sc="188,10,302,-30,250,10,250,10" hai0="3,4,8,16,17,18,21,26,30,61,65,81,82" hai2="6,11,12,57,58,76,80,87,125,126" hai3="14,20,25,27,85,86,89,90,92,95,104,105,107" /><INIT seed="2,1,1,5,1,18" ten="198,272,260,260" oya="2" hai0="122,23,115,15,4,64,21,126,20,88,134,68,56" hai1="39,99,35,100,32,104,77,86,54,3,102,107,78" hai2="133,59,114,49,41,47,109,12,1,75,36,37,135" hai3="98,7,91,71,81,43,87,29,26,129,117,51,34"/><V30/><F1/><W5/><G71/><T66/><D115/><U60/><E39/><V97/><F75/><W125/><G117/><T45/><D122/><U113/><E3/><V119/><F97/><W69/><G69/><T89/><D68/><U105/><E60/><V127/><F30/><W62/><G125/><T93/><D126/><U95/><E54/><V11/><F127/><W131/><G62/><T70/><D70/><U120/><E35/><V74/><F74/><W61/><G61/><N who="0" m="37927" /><D134/><N who="2" m="51210" /><F119/><W6/><G98/><T57/><D45/><U28/><E28/><V123/><F123/><W111/><G111/><T80/><D66/><U14/><E32/><V16/><F114/><W76/><G76/><N who="1" m="29290" /><E113/><V25/><F109/><W72/><G72/><T101/><D57/><U33/><E33/><V13/><F25/><W82/><G82/><T38/><D38/><U9/><E120/><V121/><F121/><W106/><G106/><T84/><D101/><U110/><E110/><V108/><F108/><W94/><G81/><T132/><D132/><U92/><E104/><V46/><F59/><W103/><G103/><T31/><D31/><U128/><E107/><V116/><F116/><W8/><G131/><T130/><D130/><U52/><E128/><V22/><F47/><N who="3" m="26111" /><G129/><T85/><D4/><AGARI ba="1,1" hai="4,11,12,13,16,22,36,37,41,46,49" m="51210" machi="4" ten="30,5800,0" yaku="20,1,52,1,54,1" doraHai="18" who="2" fromWho="0" sc="198,-61,272,0,260,71,260,0" /><INIT seed="2,2,0,3,3,26" ten="137,272,331,260" oya="2" hai0="84,83,114,120,118,30,78,106,59,54,33,77,70" hai1="10,68,97,41,123,134,116,52,66,117,31,32,115" hai2="49,5,109,47,21,9,88,108,63,98,124,126,132" hai3="127,12,96,61,95,25,64,24,8,71,129,15,105"/><V121/><F121/><W80/><G105/><T46/><D120/><U90/><E123/><V17/><F63/><W110/><G110/><N who="2" m="42601" /><F132/><W13/><G127/><N who="2" m="48681" /><F47/><W28/><G25/><T87/><D114/><U104/><E134/><V29/><F49/><W102/><G80/><T100/><D70/><U69/><E115/><V119/><F119/><W75/><G75/><T2/><D2/><U101/><E41/><V128/><F128/><W62/><G62/><T72/><D118/><U113/><E113/><V20/><F17/><W48/><G48/><T6/><D6/><U81/><E69/><V82/><F29/><W45/><G45/><T1/><D1/><U19/><E117/><V92/><F82/><W11/><G129/><T53/><D46/><U36/><E116/><V133/><F133/><W94/><G8/><T76/><D83/><U56/><E10/><V50/><F50/><W122/><G11/><T18/><D18/><U67/><E19/><V60/><F60/><W131/><G122/><T43/><D43/><U125/><E125/><V55/><F55/><W135/><G135/><T91/><D33/><U4/><E32/><V85/><F98/><W44/><G44/><T27/><D27/><U130/><E97/><V34/><F34/><N who="3" m="20743" /><G131/><T73/><D59/><U22/><E56/><V111/><F111/><W3/><G3/><AGARI ba="2,0" hai="3,5,9,20,21,85,88,92" m="48681,42601" machi="3" ten="30,11600,0" yaku="14,1,10,1,18,1,54,1" doraHai="26" who="2" fromWho="3" sc="137,0,272,0,331,122,260,-122" /><INIT seed="2,3,0,4,3,8" ten="137,272,453,138" oya="2" hai0="23,2,18,13,54,115,130,1,25,31,127,71,26" hai1="34,14,56,89,29,33,37,73,63,84,43,75,119" hai2="27,10,102,116,125,47,98,66,28,4,123,131,93" hai3="124,78,49,114,105,62,82,95,0,16,44,5,6"/><V50/><F116/><W128/><G105/><T132/><D71/><U87/><E119/><V94/><F123/><W121/><G121/><T83/><D115/><U133/><E133/><V42/><F125/><W90/><G0/><T134/><D83/><U126/><E126/><V38/><F131/><W53/><G124/><T15/><D127/><U69/><E69/><V86/><F66/><W118/><G118/><T79/><D79/><U122/><E122/><V67/><F67/><W72/><G128/><T88/><D88/><U117/><E117/><V76/><F38/><W135/><G135/><N who="0" m="51755" /><D54/><U101/><E34/><V97/><F76/><W22/><G62/><T108/><D130/><U64/><E33/><V41/><F86/><W65/><G65/><T20/><D108/><U120/><E37/><V80/><F80/><W57/><G44/><T109/><D109/><U3/><E3/><AGARI ba="3,0" hai="1,2,3,13,15,18,20,23,25,26,31" m="51755" machi="3" ten="30,8000,1" yaku="20,1,34,2,52,2" doraHai="8" who="0" fromWho="1" sc="137,89,272,-89,453,0,138,0" /><INIT seed="3,0,0,4,4,100" ten="226,183,453,138" oya="3" hai0="112,121,38,49,86,102,54,73,18,66,92,52,113" hai1="63,111,58,129,4,106,81,11,19,96,9,128,124" hai2="122,10,57,1,108,110,45,70,32,117,36,133,67" hai3="125,127,44,99,41,116,85,26,15,5,109,101,77"/><W21/><G116/><T79/><D121/><U84/><E19/><V20/><F117/><W83/><G109/><N who="2" m="42089" /><F122/><W93/><G15/><T90/><D38/><U59/><E124/><V87/><F32/><W48/><REACH who="3" step="1"/><G5/><REACH who="3" ten="226,183,453,128" step="2"/><T25/><D113/><U95/><E4/><V75/><F1/><W6/><G6/><T13/><D112/><U29/><E111/><V94/><F10/><W119/><G119/><T105/><D25/><U0/><E11/><V72/><F133/><W23/><G23/><T50/><D13/><U80/><E9/><V134/><F134/><W60/><G60/><T115/><D115/><U62/><E0/><V16/><F70/><W35/><G35/><T47/><D50/><U28/><E84/><V132/><F132/><W123/><G123/><T8/><D49/><U71/><E71/><V17/><F20/><W42/><G42/><T55/><D8/><U64/><E96/><V65/><F87/><W74/><G74/><T39/><D86/><U82/><E63/><V68/><F68/><W98/><G98/><T14/><D14/><U126/><E62/><V27/><F27/><W76/><G76/><T7/><D79/><U40/><E40/><V34/><F34/><W53/><G53/><T88/><D55/><U118/><E118/><V103/><F75/><W56/><G56/><T30/><D54/><U43/><E43/><N who="2" m="22759" /><F72/><W37/><G37/><T33/><D39/><U31/><E59/><V91/><F57/><W24/><G24/><T61/><D73/><U69/><E58/><V46/><F46/><W135/><G135/><T130/><D47/><RYUUKYOKU ba="0,1" sc="226,-10,183,-10,453,-10,128,30" hai3="21,26,41,44,48,77,83,85,93,99,101,125,127" /><INIT seed="3,1,1,2,0,15" ten="216,173,443,158" oya="3" hai0="99,0,39,95,93,126,38,83,50,96,10,119,37" hai1="47,125,90,91,108,81,131,120,21,111,64,74,33" hai2="98,27,84,80,53,71,1,4,43,79,36,26,54" hai3="8,61,32,122,110,106,114,42,82,67,51,107,89"/><W52/><G122/><T13/><D119/><U94/><E33/><V134/><F71/><W31/><G114/><T18/><D126/><U29/><E120/><V22/><F134/><W24/><G42/><T112/><D112/><U75/><E64/><V87/><F98/><W88/><G110/><N who="1" m="42026" /><E47/><V86/><F36/><W40/><G40/><T35/><D35/><U45/><E45/><V121/><F121/><W19/><G61/><T48/><D0/><U117/><E29/><V102/><F102/><W23/><G67/><T76/><D99/><N who="1" m="57823" /><E21/><V17/><F43/><W118/><G118/><T68/><D68/><U77/><E117/><V63/><F1/><W97/><G32/><T101/><REACH who="0" step="1"/><D93/><REACH who="0" ten="206,173,443,158" step="2"/><U113/><E113/><V123/><F123/><W78/><G107/><T14/><D14/><U124/><E131/><V66/><F4/><W9/><G106/><T65/><D65/><U70/><E70/><V115/><F115/><W2/><G2/><T132/><D132/><U128/><E128/><V5/><F5/><W62/><G62/><T133/><D133/><U49/><E49/><V6/><F6/><W92/><G31/><T41/><D41/><U69/><E69/><V16/><F66/><W100/><G100/><T56/><D56/><U130/><E130/><V103/><F103/><W28/><G28/><T34/><D34/><U30/><E30/><V129/><F129/><W58/><G89/><T109/><D109/><U55/><E90/><V20/><F54/><W57/><G58/><AGARI ba="1,2" hai="16,17,20,22,26,27,53,58,63,79,80,84,86,87" machi="58" ten="40,8000,1" yaku="9,1,8,1,52,2,54,1" doraHai="15" who="2" fromWho="3" sc="206,0,173,0,443,103,158,-83" owari="206,1.0,173,-23.0,546,64.0,75,-42.0" /></mjloggm>