<mjloggm ver="2.3"><GO type="41" lobby="0"/><UN n0="%63%73%74%31%34%38" n1="%E3%81%B5%E3%81%83%E3%81%82" n2="%E3%82%A6%E3%83%AB%E3%83%88%E3%83%A9%E7%AB%8B%E7%9B%B4" n3="%75%6E%6B%6F%6F" dan="13,15,16,14" rate="1832.85,2004.41,2063.16,1973.68" sx="M,M,M,M"/><TAIKYOKU oya="0"/><INIT seed="0,0,0,2,0,46" ten="250,250,250,250" oya="0" hai0="26,70,112,134,116,130,86,101,23,3,65,27,15" hai1="100,33,123,78,97,25,4,98,124,127,51,73,125" hai2="77,103,64,135,71,16,31,59,9,94,80,58,75" hai3="90,32,96,66,92,1,133,53,54,114,5,47,126"/><T34/><D116/><U88/><E123/><V61/><F135/><W11/><G114/><T99/><D112/><U10/><E73/><V121/><F121/><W118/><G118/><T128/><D34/><U17/><E78/><V45/><F31/><W119/><G119/><T43/><D3/><U76/><E76/><V48/><F94/><W30/><G133/><T37/><D134/><U81/><E33/><V60/><F103/><W115/><G115/><T14/><D86/><N who="1" m="50255" /><E100/><V62/><F71/><W29/><G126/><T129/><D65/><U63/><E63/><V85/><F75/><W0/><G66/><T95/><D70/><U104/><E104/><V89/><F77/><W132/><G132/><T113/><D113/><U12/><E51/><V35/><F35/><W28/><G32/><T74/><D74/><U84/><E84/><V91/><F91/><W68/><G68/><T131/><N who="0" m="32768" /><DORA hai="111" /><T108/><D108/><U38/><E38/><V36/><F36/><W105/><G105/><T83/><D83/><U20/><AGARI ba="0,0" hai="4,10,12,17,20,25,97,98,124,125,127" m="50255" machi="20" ten="40,2700,0" yaku="18,1,54,1" doraHai="46,111" who="1" fromWho="1" sc="250,-13,250,27,250,-7,250,-7" /><INIT seed="1,0,0,1,3,97" ten="237,277,243,243" oya="1" hai0="19,110,126,78,76,83,34,85,51,114,9,2,100" hai1="52,41,111,12,102,57,25,53,112,17,46,124,132" hai2="58,130,44,106,127,27,65,30,50,95,133,49,92" hai3="38,14,60,125,115,32,129,35,108,121,29,86,3"/><U122/><E112/><V117/><F106/><W71/><RYUUKYOKU type="yao9" ba="0,0" sc="237,0,277,0,243,0,243,0" hai3="3,14,29,32,35,38,60,71,86,108,115,121,125,129" /><INIT seed="1,1,0,4,1,23" ten="237,277,243,243" oya="1" hai0="128,53,120,86,92,78,21,104,118,17,131,55,80" hai1="43,65,45,20,91,105,50,103,64,58,13,85,57" hai2="72,19,7,89,14,102,61,66,42,125,109,132,18" hai3="34,29,38,75,12,36,93,130,127,33,119,95,121"/><U56/><E105/><V114/><F72/><W30/><G12/><T110/><D104/><U6/><E103/><V96/><F125/><W100/><G100/><T41/><D118/><U48/><E48/><V122/><F122/><W97/><G75/><T101/><D120/><U94/><REACH who="1" step="1"/><E20/><REACH who="1" ten="237,267,243,243" step="2"/><V70/><F102/><W4/><G121/><T32/><D110/><U77/><E77/><V124/><F109/><W129/><G119/><T90/><D101/><U5/><E5/><V39/><F7/><W134/><G4/><T46/><D32/><U79/><E79/><V1/><F124/><W88/><G127/><T59/><D131/><U99/><E99/><V3/><F96/><W62/><G97/><T68/><D128/><U35/><E35/><V87/><F114/><W73/><G34/><T117/><D117/><U26/><E26/><V51/><F51/><W98/><G33/><T133/><D133/><U40/><E40/><V47/><F132/><W8/><G98/><T71/><D41/><U44/><E44/><V67/><F47/><W2/><G134/><T54/><D46/><U28/><E28/><V24/><F42/><W74/><G30/><T113/><D113/><U76/><E76/><V0/><F24/><W82/><G29/><T16/><D21/><U15/><E15/><V135/><F135/><W25/><G25/><T31/><D31/><U115/><E115/><V126/><F14/><W111/><G130/><T10/><D78/><U123/><E123/><V107/><F107/><W81/><G129/><T22/><D22/><U84/><E84/><V37/><F126/><RYUUKYOKU ba="1,1" sc="237,-10,267,30,243,-10,243,-10" hai1="6,13,43,45,50,56,57,58,64,65,85,91,94" /><INIT seed="1,2,1,4,2,74" ten="227,297,233,233" oya="1" hai0="115,66,9,109,91,38,59,34,30,24,105,51,118" hai1="89,80,19,50,52,95,11,90,85,6,65,76,132" hai2="127,104,133,68,14,49,78,41,116,99,108,37,12" hai3="10,93,53,131,81,122,71,22,114,84,28,57,67"/><U126/><E132/><V87/><F116/><W98/><G114/><T101/><D118/><U82/><E126/><V100/><F133/><W45/><G122/><T31/><D115/><U120/><E120/><V130/><F127/><W83/><G131/><T110/><D38/><U55/><E65/><V107/><F130/><W27/><G45/><T33/><D91/><U44/><E19/><V119/><F119/><W96/><G67/><T5/><D101/><U35/><E35/><V113/><F113/><W48/><G71/><T0/><D105/><U23/><E23/><V73/><F68/><W94/><G10/><T86/><D86/><U70/><E70/><V64/><F104/><W129/><G129/><T1/><D51/><U56/><E82/><V111/><F37/><W77/><G83/><T63/><REACH who="0" step="1"/><D0/><REACH who="0" ten="217,297,233,233" step="2"/><U60/><REACH who="1" step="1"/><E95/><AGARI ba="2,2" hai="22,27,28,48,53,57,77,81,84,93,94,95,96,98" machi="95" ten="40,2600,0" yaku="8,1,52,1" doraHai="74" who="3" fromWho="1" sc="217,0,297,-32,233,0,233,52" /><INIT seed="2,0,0,1,3,101" ten="217,265,233,285" oya="2" hai0="88,54,79,108,80,64,48,15,29,28,110,133,2" hai1="12,90,23,127,69,61,11,44,55,39,31,105,113" hai2="16,62,26,131,81,132,119,84,98,85,86,46,72" hai3="75,38,45,87,129,70,117,49,106,19,116,32,37"/><V102/><F119/><W115/><G75/><T104/><D2/><U118/><E113/><V114/><F114/><W57/><G115/><T65/><D133/><U22/><E118/><V77/><F132/><W120/><G70/><T112/><D112/><U130/><E127/><V95/><F131/><W122/><G32/><T33/><D15/><U92/><E130/><V58/><F46/><W5/><G129/><T91/><D104/><U97/><E31/><N who="0" m="11849" /><D33/><U100/><E39/><V24/><REACH who="2" step="1"/><F16/><REACH who="2" ten="217,265,223,285" step="2"/><W74/><G19/><T89/><D110/><U40/><E44/><V59/><F59/><W67/><G57/><N who="0" m="32967" /><D108/><U0/><E69/><V34/><F34/><W17/><G45/><T68/><D68/><U20/><E11/><V56/><F56/><W9/><G17/><T35/><D35/><U126/><E22/><V83/><F83/><W21/><G9/><T135/><D135/><U3/><E20/><V103/><F103/><W1/><G21/><T107/><D107/><U96/><E23/><V6/><F6/><W121/><G5/><T99/><D99/><U4/><E105/><V123/><F123/><W94/><G106/><T30/><D30/><U66/><E97/><V63/><F63/><W76/><G117/><T51/><D80/><U7/><E96/><V27/><F27/><W36/><G116/><T124/><D124/><U82/><E126/><V93/><F93/><W60/><G120/><T8/><D65/><AGARI ba="0,1" hai="24,26,58,62,65,72,77,81,84,85,86,95,98,102" machi="65" ten="40,2000,0" yaku="1,1,53,0" doraHai="101" doraHaiUra="111" who="2" fromWho="0" sc="217,-20,265,0,223,30,285,0" /><INIT seed="2,1,0,3,0,104" ten="197,265,253,285" oya="2" hai0="69,133,41,28,54,82,118,121,79,64,10,50,112" hai1="8,55,99,32,9,42,29,65,40,24,31,113,105" hai2="19,93,101,86,53,39,14,100,106,45,49,61,98" hai3="21,51,109,131,44,33,81,125,20,60,4,35,46"/><V6/><F6/><W59/><G4/><T90/><D121/><U30/><E113/><V34/><F34/><W71/><G71/><T135/><D112/><U67/><E32/><V83/><F39/><W0/><G0/><T77/><D10/><N who="1" m="4203" /><E105/><V134/><F134/><N who="0" m="51210" /><D41/><N who="1" m="15979" /><E99/><V107/><F101/><W127/><G131/><T38/><D38/><U76/><E76/><V37/><F37/><W57/><G109/><T27/><D64/><N who="1" m="24651" /><E24/><V124/><F61/><W7/><G60/><T5/><D5/><U111/><E111/><V48/><F48/><W132/><G51/><T115/><D69/><U66/><E66/><V78/><F124/><W116/><G7/><T92/><D82/><U129/><E129/><V114/><F114/><W130/><G130/><T84/><D118/><U11/><E11/><AGARI ba="1,0" hai="11,14,19,45,49,53,78,83,86,93,98,100,106,107" machi="11" ten="30,1500,0" yaku="7,1" doraHai="104" who="2" fromWho="1" sc="197,0,265,-18,253,18,285,0" /><INIT seed="2,2,0,5,1,33" ten="197,247,271,285" oya="2" hai0="91,8,27,120,29,133,118,30,61,79,26,125,83" hai1="24,82,14,134,116,135,13,57,77,51,3,39,88" hai2="85,128,5,72,35,38,131,66,18,11,78,73,75" hai3="101,108,103,114,40,7,121,87,69,105,98,19,28"/><V49/><F38/><W31/><G69/><T94/><D120/><U12/><E39/><V42/><F35/><W20/><G103/><T129/><D133/><N who="1" m="50699" /><E116/><V32/><F32/><W1/><G40/><T4/><D125/><U99/><E24/><N who="0" m="9257" /><D61/><U90/><E99/><V92/><F18/><W130/><G87/><N who="0" m="48639" /><D129/><U110/><E110/><V10/><F66/><W58/><G108/><T60/><D60/><U50/><E3/><V113/><F113/><W55/><G1/><T115/><D115/><U59/><E77/><V70/><F70/><W86/><G114/><T63/><D63/><U43/><E82/><V0/><F11/><W54/><G121/><T76/><D76/><U37/><E37/><V45/><REACH who="2" step="1"/><F78/><REACH who="2" ten="197,247,261,285" step="2"/><W102/><G130/><T15/><D118/><U17/><E17/><V80/><F80/><W41/><G19/><T16/><D4/><U53/><E43/><V48/><F48/><N who="1" m="18473" /><E53/><V97/><F97/><AGARI ba="2,1" hai="8,15,16,29,30,91,94,97" m="48639,9257" machi="97" ten="30,2000,0" yaku="8,1,54,1" doraHai="33" who="0" fromWho="2" sc="197,36,247,0,261,-26,285,0" /><INIT seed="3,0,0,2,1,107" ten="233,247,235,285" oya="3" hai0="109,129,115,81,13,46,73,36,104,39,56,82,134" hai1="51,103,11,122,9,20,67,32,64,5,99,66,14" hai2="31,116,113,49,130,17,74,105,100,28,27,19,0" hai3="21,61,15,110,95,133,35,69,131,118,87,97,24"/><W40/><G118/><T88/><D104/><U96/><E122/><V12/><F100/><W6/><G133/><T78/><D129/><U117/><E32/><V80/><F105/><W127/><G35/><T8/><D134/><U94/><E117/><V71/><F71/><W106/><G106/><T101/><D109/><U98/><E20/><V90/><F0/><W112/><G40/><T60/><D46/><U29/><E29/><V83/><F116/><W125/><G87/><T4/><D101/><U57/><E11/><V52/><F113/><W72/><G72/><T23/><D23/><U128/><E128/><V53/><F130/><W119/><G131/><T59/><D59/><U89/><E103/><V77/><F53/><AGARI ba="0,0" hai="5,9,14,51,53,57,64,66,67,89,94,96,98,99" machi="53" ten="40,1300,0" yaku="8,1" doraHai="107" who="1" fromWho="2" sc="233,0,247,13,235,-13,285,0" /><INIT seed="4,0,0,5,0,85" ten="233,260,222,285" oya="0" hai0="46,56,47,42,79,86,68,52,132,96,61,67,84" hai1="103,57,37,60,75,28,55,81,115,29,129,13,74" hai2="20,9,36,88,8,121,77,106,53,50,91,76,95" hai3="3,112,117,0,109,1,135,18,10,92,104,126,114"/><T58/><D132/><U69/><E37/><V102/><F106/><W7/><G104/><T80/><D96/><U93/><E129/><V119/><F36/><W83/><G109/><T22/><D68/><U40/><E115/><N who="3" m="44074" /><G83/><N who="0" m="47231" /><D22/><U48/><E81/><V110/><F110/><W25/><G117/><T89/><D42/><U5/><E75/><V82/><F121/><W2/><G92/><T131/><D131/><U111/><E74/><V35/><F35/><W34/><G135/><T78/><D78/><N who="2" m="30314" /><F119/><W127/><G18/><T87/><D87/><U24/><E111/><V98/><F20/><W30/><AGARI ba="0,0" hai="0,1,2,3,7,10,25,30,34,126,127" m="44074" machi="30" ten="40,8000,1" yaku="15,1,23,1,34,2" doraHai="85" who="3" fromWho="3" sc="233,-40,260,-20,222,-20,285,80" /><INIT seed="5,0,0,3,4,123" ten="193,240,202,365" oya="1" hai0="6,70,114,130,133,129,75,41,52,132,14,127,101" hai1="12,68,95,34,88,99,64,86,118,84,102,128,126" hai2="58,40,30,76,90,66,49,2,93,65,29,120,39" hai3="13,27,124,32,57,107,135,122,50,77,45,119,63"/><U54/><E118/><V20/><F39/><W109/><G107/><T35/><D35/><U15/><E34/><V110/><F2/><W104/><G104/><T55/><D70/><U81/><E126/><V23/><F76/><W83/><G119/><T24/><D75/><U53/><E128/><N who="0" m="49257" /><D24/><U26/><E26/><V37/><F37/><W61/><G124/><T31/><D31/><U62/><E54/><N who="0" m="20521" /><D114/><U7/><E7/><V72/><F72/><W48/><G13/><T106/><D41/><U11/><E11/><V115/><F40/><W25/><G27/><T103/><D127/><U22/><E22/><V43/><F23/><W94/><G94/><T60/><D60/><U42/><E42/><V4/><F20/><W97/><G97/><N who="0" m="61743" /><D103/><U111/><E53/><V92/><F43/><W91/><G25/><T105/><D105/><U131/><E131/><V0/><F30/><W38/><G32/><T100/><D100/><U121/><E62/><V44/><F29/><W89/><G63/><T69/><D69/><U78/><E68/><V113/><F113/><W117/><G61/><T9/><AGARI ba="0,0" hai="6,9,14,132,133" m="61743,20521,49257" machi="9" ten="40,2700,0" yaku="19,1,54,1" doraHai="123" who="0" fromWho="0" sc="193,27,240,-13,202,-7,365,-7" /><INIT seed="6,0,0,1,3,50" ten="220,227,195,358" oya="2" hai0="67,130,119,20,16,108,90,41,27,103,109,49,53" hai1="61,52,30,14,15,112,105,100,86,98,29,88,68" hai2="124,55,5,26,75,33,97,6,46,117,118,132,44" hai3="126,59,56,48,65,39,99,62,80,123,127,66,19"/><V110/><F75/><W134/><G123/><T70/><D41/><U17/><E112/><V24/><F33/><W74/><G39/><T1/><D1/><U76/><E76/><V34/><F34/><W47/><G134/><T38/><D38/><U43/><E43/><V135/><F97/><W79/><G99/><T54/><D119/><U101/><E101/><V121/><F121/><W87/><G19/><T72/><D72/><U42/><E42/><V36/><F36/><W8/><G8/><T58/><D103/><U4/><E4/><V89/><F89/><W85/><G87/><T106/><D106/><U7/><E7/><V104/><F124/><W40/><G74/><T78/><D78/><U35/><E35/><V129/><F129/><W95/><G95/><T82/><D130/><U91/><E91/><V11/><F11/><W12/><G12/><T73/><D73/><U57/><E68/><V133/><F133/><W107/><G107/><T21/><D21/><U71/><E71/><V64/><F64/><W83/><G83/><T81/><D108/><U25/><E25/><V122/><F122/><W69/><G69/><T23/><D23/><U115/><E115/><V10/><F10/><W31/><G31/><T0/><D0/><U9/><E15/><V128/><F128/><W93/><G93/><AGARI ba="0,0" hai="9,14,17,29,30,52,57,61,86,88,93,98,100,105" machi="93" ten="30,7700,0" yaku="7,1,52,1,54,2" doraHai="50" who="1" fromWho="3" sc="220,0,227,77,195,0,358,-77" /><INIT seed="7,0,0,0,0,133" ten="220,304,195,281" oya="3" hai0="30,28,45,75,108,6,123,84,58,73,114,115,125" hai1="29,20,119,77,41,109,86,117,113,5,23,37,126" hai2="48,40,35,31,97,112,93,69,83,101,80,19,22" hai3="4,129,0,81,132,111,87,56,14,91,13,57,54"/><W47/><G111/><T124/><D123/><U105/><E126/><N who="0" m="48745" /><D108/><U17/><E105/><V15/><F69/><W10/><G132/><T25/><D45/><N who="1" m="23727" /><E113/><N who="0" m="43017" /><D6/><U65/><E65/><V59/><F112/><W32/><G32/><N who="0" m="20495" /><D30/><U66/><E29/><V12/><F31/><W62/><G129/><T78/><D58/><U99/><E5/><V42/><F35/><W106/><G106/><T9/><D9/><U24/><E109/><V64/><F42/><W90/><G47/><T63/><D63/><U92/><E23/><V128/><F128/><W94/><G57/><T116/><D116/><U95/><E20/><V50/><F40/><W53/><G53/><T2/><D2/><U39/><E119/><V38/><F38/><W130/><G130/><T103/><D103/><U79/><E39/><V76/><F48/><W67/><G54/><T36/><D36/><U118/><E118/><V27/><F50/><W122/><G122/><T98/><D98/><AGARI ba="0,0" hai="0,4,10,13,14,56,62,67,81,87,90,91,94,98" machi="98" ten="30,1500,0" yaku="7,1" doraHai="133" who="3" fromWho="0" sc="220,-15,304,0,195,0,281,15" /><INIT seed="7,1,0,0,1,99" ten="205,304,195,296" oya="3" hai0="49,43,130,103,5,18,32,104,92,30,118,3,111" hai1="21,121,107,84,72,56,116,8,109,16,85,122,106" hai2="112,81,135,44,25,76,7,96,129,31,123,9,127" hai3="70,36,47,35,88,55,100,66,125,42,124,110,54"/><W51/><G110/><T1/><D104/><U94/><E109/><V131/><F123/><W23/><G35/><T13/><D118/><U82/><E72/><V117/><F117/><W15/><G100/><T80/><D130/><U128/><E116/><V46/><F96/><W0/><G0/><T119/><D119/><U2/><E128/><N who="2" m="49227" /><F112/><W12/><G88/><T89/><D111/><U90/><E107/><V37/><F37/><W79/><G79/><T97/><D5/><U61/><E106/><V29/><F127/><N who="3" m="48715" /><G23/><T38/><D38/><U134/><E134/><V34/><F29/><W62/><G55/><T133/><D30/><U64/><E8/><V45/><F135/><W83/><G83/><T40/><D32/><U68/><E68/><V14/><F46/><AGARI ba="1,0" hai="12,15,36,42,46,47,51,54,62,66,70" m="48715" machi="46" ten="30,1500,0" yaku="18,1" doraHai="99" who="3" fromWho="2" sc="205,0,304,0,195,-18,296,18" owari="205,-19.0,304,10.0,177,-32.0,314,41.0" /></mjloggm>