<mjloggm ver="2.3"><GO type="97" lobby="0"/><UN n0="%E3%81%BF%E3%82%8F" n1="%E3%81%94%E3%81%85%E3%81%B1%E3%81%81%E3%81%8A%E3%81%98%E3%81%95%E3%82%93" n2="%E3%82%A6%E3%83%AB%E3%83%88%E3%83%A9%E7%AB%8B%E7%9B%B4" n3="%E3%83%9E%E3%83%9F%EF%BD%9E%EF%BC%A4%E2%98%86%E9%9D%A2%E5%89%8D" dan="15,14,15,16" rate="1957.02,1965.82,1962.24,2057.41" sx="M,M,M,M"/><TAIKYOKU oya="0"/><INIT seed="0,0,0,2,1,90" ten="250,250,250,250" oya="0" hai0="41,128,3,107,105,44,2,110,117,22,94,65,116" hai1="129,135,45,66,81,13,85,126,92,28,125,6,91" hai2="9,114,68,62,109,0,57,88,93,134,71,100,21" hai3="1,25,18,76,38,80,111,102,60,49,5,86,70"/><T121/><D121/><U130/><E66/><V40/><F114/><W101/><G38/><T74/><D74/><U115/><E28/><V113/><F113/><W103/><G111/><T96/><D65/><U104/><E115/><V61/><F109/><W42/><G70/><T55/><D110/><U72/><E45/><V37/><F100/><W27/><G1/><T63/><D63/><U35/><E35/><V69/><F134/><W132/><G132/><T19/><D55/><U98/><E13/><V95/><F40/><W17/><G5/><T50/><D128/><N who="1" m="49259" /><E6/><V82/><F37/><W127/><G127/><N who="1" m="48650" /><E135/><V16/><F9/><W15/><G60/><N who="2" m="23145" /><F0/><W7/><G7/><T51/><D2/><U97/><E104/><V89/><F68/><W8/><REACH who="3" step="1"/><G18/><REACH who="3" ten="250,250,250,240" step="2"/><T78/><D3/><U30/><E30/><V20/><F69/><W58/><G58/><T119/><D119/><U64/><E64/><V23/><F71/><W26/><G26/><T39/><D117/><U73/><E98/><N who="2" m="57639" /><F57/><W99/><G99/><T84/><D116/><U10/><E10/><V4/><F4/><W67/><G67/><T79/><D39/><U112/><E112/><V124/><F124/><W53/><G53/><T122/><D50/><U118/><E118/><V123/><F16/><W34/><G34/><T106/><D96/><U75/><E97/><N who="2" m="57583" /><F123/><W120/><G120/><T29/><D122/><U52/><E52/><V46/><F46/><AGARI ba="0,1" hai="8,15,17,25,27,42,46,49,76,80,86,101,102,103" machi="46" ten="40,5200,0" yaku="1,1,8,1,53,1" doraHai="90" doraHaiUra="14" who="3" fromWho="2" sc="250,0,250,0,250,-52,240,62" /><INIT seed="1,0,0,2,4,29" ten="250,250,198,302" oya="1" hai0="3,77,104,87,116,21,61,42,25,17,24,9,75" hai1="57,119,7,27,50,38,34,32,70,80,84,49,41" hai2="131,93,68,105,106,1,63,113,100,31,78,20,74" hai3="92,66,67,46,62,108,99,85,128,114,30,133,51"/><U90/><E70/><V4/><F113/><W28/><G114/><T89/><D104/><U120/><E120/><V22/><F131/><W52/><G108/><T6/><D116/><U135/><E119/><V97/><F22/><W121/><G121/><T5/><D75/><U44/><E135/><V36/><F20/><W12/><G128/><T103/><D77/><U55/><E7/><V0/><F93/><W82/><G133/><T112/><D103/><U124/><E124/><V23/><F23/><W45/><G45/><T47/><D112/><U115/><E115/><V15/><F15/><W101/><G12/><T53/><D5/><U118/><E118/><V65/><F105/><W60/><G60/><T76/><D76/><U33/><REACH who="1" step="1"/><E27/><REACH who="1" ten="250,240,198,302" step="2"/><V91/><F4/><W56/><REACH who="3" step="1"/><G67/><REACH who="3" ten="250,240,198,292" step="2"/><T123/><D123/><U48/><AGARI ba="0,2" hai="32,33,34,38,41,44,48,49,50,55,57,80,84,90" machi="48" ten="40,18000,2" yaku="1,1,2,1,0,1,52,3,53,0" doraHai="29" doraHaiUra="72" who="1" fromWho="1" sc="250,-60,240,200,198,-60,292,-60" /><INIT seed="1,1,0,3,0,92" ten="190,440,138,232" oya="1" hai0="101,124,118,13,50,113,30,26,21,95,98,7,23" hai1="130,103,87,81,38,96,6,72,135,126,71,14,19" hai2="127,60,5,1,110,82,2,57,28,90,32,64,75" hai3="120,133,37,53,94,77,0,100,97,116,111,123,34"/><U131/><E71/><V65/><F127/><W3/><G37/><T68/><D124/><U117/><E38/><V112/><F112/><W62/><G34/><T8/><D68/><U89/><E126/><V25/><F110/><W93/><G111/><T27/><D113/><U46/><E6/><V43/><F43/><W49/><G133/><T16/><D118/><U61/><E117/><V134/><F134/><W54/><G116/><T20/><D50/><U9/><E72/><V40/><F40/><W125/><G125/><T108/><D108/><U132/><E61/><V121/><F121/><W114/><G114/><T104/><D104/><U128/><E46/><V74/><F65/><W36/><G49/><T106/><D106/><AGARI ba="1,0" hai="9,14,19,81,87,89,96,103,106,128,130,131,132,135" machi="106" ten="40,3900,0" yaku="19,1,52,1" doraHai="92" who="1" fromWho="0" sc="190,-42,440,42,138,0,232,0" /><INIT seed="1,2,0,1,0,88" ten="148,482,138,232" oya="1" hai0="110,35,123,19,96,56,115,66,18,9,112,113,131" hai1="106,72,120,62,50,97,92,58,132,104,134,122,42" hai2="14,69,76,80,130,53,101,0,6,51,43,108,38" hai3="82,41,79,45,57,71,109,67,74,89,36,100,39"/><U7/><E72/><V114/><F114/><W3/><G3/><T55/><D35/><U124/><E7/><V121/><F69/><W127/><G109/><T85/><D110/><U17/><E17/><V33/><F33/><W22/><G22/><T59/><BYE who="3" /><D131/><U94/><E50/><V47/><F108/><W48/><G48/><T21/><D123/><U2/><E2/><V52/><F130/><W64/><G64/><T11/><D66/><U27/><E27/><UN n3="%E3%83%9E%E3%83%9F%EF%BD%9E%EF%BC%A4%E2%98%86%E9%9D%A2%E5%89%8D" /><V10/><F121/><W73/><G73/><T75/><D75/><U135/><E42/><V65/><F65/><W26/><G100/><T15/><D96/><U117/><E117/><V23/><F51/><W37/><G37/><T12/><D55/><N who="1" m="34143" /><E124/><V8/><F23/><W126/><G39/><T44/><D44/><U40/><E40/><V105/><F105/><N who="1" m="40553" /><E92/><V16/><F101/><AGARI ba="2,0" hai="94,97,101,120,122,132,134,135" m="40553,34143" machi="101" ten="40,3900,0" yaku="20,1,52,1" doraHai="88" who="1" fromWho="2" sc="148,0,482,45,138,-45,232,0" /><INIT seed="1,3,0,1,4,19" ten="148,527,93,232" oya="1" hai0="39,114,125,41,8,5,92,38,118,134,47,32,95" hai1="22,88,45,56,107,74,60,49,110,84,127,65,6" hai2="120,42,58,13,81,80,122,51,108,123,10,133,54" hai3="73,35,98,102,11,28,7,121,129,119,64,111,15"/><U103/><E74/><V43/><F133/><W4/><G121/><T63/><D134/><U14/><E127/><V30/><F30/><W20/><G73/><T124/><D32/><U96/><E110/><V109/><F13/><W82/><G111/><N who="2" m="42569" /><F10/><W101/><G129/><T18/><D118/><U31/><E6/><V25/><F81/><W1/><G64/><T3/><D114/><U37/><E37/><V69/><F80/><W128/><G128/><T130/><D39/><U72/><E72/><V135/><F25/><N who="3" m="18831" /><G4/><T16/><D130/><U76/><E76/><V131/><F135/><W34/><G34/><T100/><D63/><U91/><E84/><V113/><F131/><W132/><G132/><T9/><D9/><U116/><E116/><V66/><F113/><W53/><G98/><N who="0" m="59463" /><D95/><U94/><E107/><V24/><F24/><W46/><G82/><T117/><D117/><U57/><E57/><V75/><F75/><W86/><G86/><T23/><D23/><U78/><E78/><V26/><F26/><W36/><G119/><T83/><D83/><U61/><E61/><AGARI ba="3,0" hai="42,43,51,54,58,61,66,69,120,122,123" m="42569" machi="61" ten="40,5200,0" yaku="14,1,34,2" doraHai="19" who="2" fromWho="1" sc="148,0,527,-61,93,61,232,0" /><INIT seed="2,0,0,1,1,1" ten="148,466,154,232" oya="2" hai0="134,54,124,24,46,70,94,48,73,50,35,65,116" hai1="62,97,40,14,83,53,12,21,25,58,74,6,106" hai2="89,16,68,38,26,118,122,87,88,2,80,119,128" hai3="103,108,92,72,28,11,117,34,9,31,99,5,93"/><V42/><F122/><W30/><G72/><T47/><D134/><U10/><E40/><V32/><F68/><W37/><G117/><T105/><D124/><U126/><E126/><V115/><F115/><W0/><G37/><T78/><D105/><U107/><E97/><V39/><F128/><W44/><G108/><T41/><D116/><U52/><E53/><V111/><F111/><W127/><G127/><T135/><D135/><U15/><E106/><V132/><F132/><W17/><G34/><T71/><D73/><U64/><E107/><V131/><F131/><W36/><G17/><T110/><D110/><U77/><E64/><V79/><F38/><W98/><G11/><T27/><D78/><U133/><E133/><V67/><F2/><W55/><G55/><T75/><D75/><U120/><E120/><V18/><F119/><W82/><G82/><T7/><D65/><U112/><E112/><V85/><F118/><W101/><REACH who="3" step="1"/><G30/><AGARI ba="0,0" hai="6,10,12,14,15,21,25,30,52,58,62,74,77,83" machi="30" ten="30,3900,0" yaku="7,1,52,1,54,1" doraHai="1" who="1" fromWho="3" sc="148,0,466,39,154,0,232,-39" /><INIT seed="3,0,0,3,4,38" ten="148,505,154,193" oya="3" hai0="13,3,124,35,61,60,119,62,17,123,77,21,39" hai1="99,22,78,103,117,113,53,20,47,27,94,30,126" hai2="11,14,50,32,55,76,64,91,51,93,105,118,59" hai3="88,2,84,28,18,79,100,7,16,12,131,120,31"/><W10/><G131/><T112/><D123/><U125/><E113/><V46/><F32/><W33/><G120/><T43/><D119/><U129/><E78/><V86/><F105/><W66/><G66/><T96/><D3/><U19/><E117/><V37/><F37/><W48/><G100/><T97/><D35/><U44/><E129/><V40/><F118/><W34/><G79/><T110/><D112/><U0/><E0/><V122/><F122/><W133/><G133/><T63/><D124/><N who="1" m="47723" /><E53/><V102/><F76/><W56/><G34/><T134/><D134/><U65/><E65/><V109/><F109/><W52/><G33/><T25/><D110/><U98/><E98/><V8/><F64/><W92/><REACH who="3" step="1"/><G18/><REACH who="3" ten="148,505,154,183" step="2"/><T106/><D77/><U58/><E19/><V72/><F102/><W68/><G68/><T80/><D106/><U57/><E22/><AGARI ba="0,1" hai="2,7,10,12,16,22,28,31,48,52,56,84,88,92" machi="22" ten="30,24000,3" yaku="1,1,7,1,25,2,54,3,53,1" doraHai="38" doraHaiUra="4" who="3" fromWho="1" sc="148,0,505,-240,154,0,183,250" owari="148,-35.0,265,7.0,154,-25.0,433,53.0" /></mjloggm>