<mjloggm ver="2.3"><GO type="97" lobby="0"/><UN n0="%E5%A4%A9%E7%A9%BA%E3%81%AE%E7%99%BD%E3%82%82%E3%82%93%E3%81%9F" n1="%6B%61%74%6F%73%68%69" n2="%E3%82%A6%E3%83%AB%E3%83%88%E3%83%A9%E7%AB%8B%E7%9B%B4" n3="%73%75%6E%61%62%6F%75%7A" dan="15,13,15,14" rate="2076.02,1848.88,1965.99,1903.50" sx="F,M,M,M"/><TAIKYOKU oya="0"/><INIT seed="0,0,0,1,2,124" ten="250,250,250,250" oya="0" hai0="32,81,107,44,120,52,89,76,103,109,125,110,42" hai1="35,7,112,79,62,28,84,85,102,45,50,87,21" hai2="34,53,97,122,36,105,67,69,49,100,8,92,115" hai3="15,98,43,31,5,95,113,55,56,91,11,54,99"/><T126/><D32/><U108/><E108/><N who="0" m="41577" /><D120/><U4/><E35/><V131/><F36/><W63/><G113/><T40/><D89/><U13/><E112/><V60/><F115/><W71/><G71/><T16/><D103/><U24/><E102/><V1/><F122/><W2/><G31/><T19/><D107/><U73/><E73/><V48/><F92/><W26/><G26/><T10/><D52/><N who="1" m="29775" /><E79/><V127/><F53/><W134/><G134/><T90/><D90/><U3/><E3/><V9/><F127/><N who="0" m="48650" /><D10/><N who="1" m="4295" /><E62/><V37/><F8/><W93/><G43/><N who="0" m="16427" /><D44/><U14/><E14/><V78/><F100/><N who="3" m="60495" /><G2/><T77/><D77/><U132/><E132/><V23/><F78/><W30/><G30/><T41/><N who="0" m="16435" /><T117/><DORA hai="20" /><D117/><U121/><E121/><V75/><F1/><W106/><G106/><T94/><D94/><U130/><E130/><V39/><F131/><W82/><G82/><T123/><D123/><U27/><E27/><V61/><F105/><W116/><G116/><T58/><D58/><U18/><E7/><V118/><F118/><W129/><G129/><T51/><D51/><U0/><E0/><V104/><F49/><W101/><G101/><T29/><D29/><AGARI ba="0,0" hai="18,21,24,28,29,84,85,87" m="4295,29775" machi="29" ten="30,3900,0" yaku="8,1,52,1,54,1" doraHai="124,20" who="1" fromWho="0" sc="250,-39,250,39,250,0,250,0" /><INIT seed="1,0,0,5,0,85" ten="211,289,250,250" oya="1" hai0="19,118,115,123,80,86,12,116,4,72,69,105,135" hai1="79,113,70,133,3,14,67,120,51,50,130,7,37" hai2="88,81,62,41,65,35,119,87,27,90,74,8,48" hai3="31,29,17,15,25,2,36,95,93,114,47,16,63"/><U91/><E113/><V68/><F74/><W94/><G114/><T44/><D115/><U13/><E120/><V127/><F119/><W59/><G2/><T66/><D105/><U110/><E37/><V18/><F127/><W5/><G5/><T96/><D72/><U129/><E133/><V0/><F0/><W103/><G103/><T54/><D123/><U21/><E110/><V30/><F41/><W125/><G125/><T34/><D4/><U55/><E79/><V108/><F108/><W38/><G47/><T117/><D34/><U131/><E3/><V26/><F48/><N who="1" m="18473" /><E55/><V106/><F106/><W83/><G83/><T98/><D69/><U57/><E70/><V92/><F27/><W22/><G29/><T77/><D66/><U107/><E107/><V49/><F49/><W134/><G17/><T53/><D44/><U11/><E21/><V40/><F40/><W122/><G134/><T24/><D24/><U89/><E14/><V23/><F35/><W97/><G97/><T128/><D128/><N who="1" m="32771" /><U58/><DORA hai="52" /><E67/><V84/><REACH who="2" step="1"/><F8/><REACH who="2" ten="211,289,240,250" step="2"/><W46/><G122/><T126/><D126/><U82/><E82/><V78/><F78/><W60/><G60/><T45/><D135/><U104/><E104/><V112/><F112/><W32/><REACH who="3" step="1"/><G46/><REACH who="3" ten="211,289,240,240" step="2"/><T39/><D45/><U42/><E42/><V33/><F33/><W64/><AGARI ba="0,2" hai="15,16,22,25,31,32,36,38,59,63,64,93,94,95" machi="64" ten="30,12000,2" yaku="1,1,2,1,0,1,52,1,54,1,53,1" doraHai="85,52" doraHaiUra="10,73" who="3" fromWho="3" sc="211,-30,289,-60,240,-30,240,140" /><INIT seed="2,0,0,2,1,131" ten="181,229,210,380" oya="2" hai0="118,20,8,68,60,15,76,53,25,135,123,40,108" hai1="3,30,62,74,9,65,6,122,86,102,134,32,21" hai2="45,59,83,78,29,85,7,51,50,95,120,103,5" hai3="104,1,125,129,2,49,16,81,72,43,82,55,115"/><V18/><F120/><W107/><G129/><T35/><D123/><U114/><E122/><V133/><F29/><W105/><G125/><T73/><D108/><U132/><E114/><V41/><F133/><N who="1" m="51305" /><E74/><V89/><F103/><W106/><N who="3" m="27136" /><DORA hai="93" /><W10/><G43/><T116/><D135/><U46/><E102/><V33/><F33/><W117/><G117/><N who="0" m="45163" /><D35/><U128/><E128/><V130/><F130/><W58/><G115/><T17/><D40/><U28/><E32/><V52/><REACH who="2" step="1"/><F18/><REACH who="2" ten="181,229,200,380" step="2"/><W101/><G101/><T26/><D17/><U98/><E46/><V27/><F27/><W110/><G110/><T23/><D26/><N who="1" m="16463" /><E30/><V57/><F57/><W92/><G16/><N who="0" m="8295" /><D25/><U4/><E4/><V127/><F127/><W56/><G56/><N who="0" m="34831" /><D68/><N who="1" m="42039" /><E86/><AGARI ba="0,1" hai="5,7,41,45,50,51,52,59,78,83,85,86,89,95" machi="86" ten="30,18000,2" yaku="1,1,7,1,8,1,54,1,53,3" doraHai="131,93" doraHaiUra="37,80" who="2" fromWho="1" sc="181,0,229,-180,200,190,380,0" /><INIT seed="2,1,0,2,3,87" ten="181,49,390,380" oya="2" hai0="123,105,13,28,65,81,66,108,47,44,100,72,31" hai1="35,14,95,82,26,21,61,133,94,3,2,116,36" hai2="79,131,43,48,103,6,68,51,45,40,93,85,56" hai3="42,125,10,8,118,41,91,0,113,22,69,67,120"/><V98/><F68/><W58/><G118/><T102/><D123/><U129/><E116/><V99/><F131/><W15/><G120/><T86/><D72/><U1/><E36/><V33/><F33/><W130/><G69/><T55/><D108/><U7/><E129/><V78/><F6/><W25/><G0/><N who="1" m="106" /><E61/><V50/><F85/><W110/><G130/><T53/><D13/><U71/><E71/><V119/><F119/><W64/><G110/><T121/><D121/><U29/><E82/><V75/><F75/><W18/><G125/><T112/><D105/><U80/><E80/><V46/><F99/><W23/><G113/><T19/><D112/><U96/><E95/><V83/><F83/><W106/><G106/><T89/><D19/><N who="1" m="10487" /><E94/><V128/><F128/><W12/><G58/><T20/><D20/><N who="3" m="7721" /><G25/><T11/><D11/><N who="1" m="2559" /><E96/><V59/><F59/><W37/><G37/><T60/><D60/><U90/><E90/><V34/><F56/><W92/><G67/><N who="0" m="25611" /><D53/><U73/><E73/><V16/><F51/><W107/><G107/><T52/><D55/><U49/><E49/><V101/><F79/><W54/><G92/><T70/><D70/><U24/><E133/><V135/><F78/><W57/><G64/><T39/><D39/><U4/><E24/><V38/><F93/><W109/><G109/><T132/><D132/><U124/><E124/><V122/><F135/><W74/><G74/><T76/><D76/><U104/><E104/><V32/><F38/><W84/><G57/><T5/><D52/><U134/><E134/><V127/><F122/><W27/><G54/><RYUUKYOKU ba="1,0" sc="181,-10,49,30,390,-10,380,-10" hai1="4,26,29,35" /><INIT seed="3,2,0,2,4,7" ten="171,79,380,370" oya="3" hai0="34,124,0,39,55,133,45,77,66,28,33,65,1" hai1="135,104,69,59,68,110,52,48,114,24,35,10,119" hai2="8,129,73,3,132,56,98,22,79,122,105,107,60" hai3="20,103,30,58,53,75,42,12,26,62,6,90,41"/><W97/><G75/><T99/><D124/><U102/><E114/><V5/><F122/><W121/><G121/><T25/><D133/><U18/><E110/><V88/><F129/><W82/><G82/><T32/><D77/><U126/><E126/><V14/><F132/><W94/><G103/><T112/><D112/><U70/><E135/><V111/><F111/><W86/><G86/><T29/><D99/><U50/><E119/><V27/><F3/><N who="0" m="1098" /><D25/><U67/><E48/><V131/><F131/><W76/><G76/><T130/><D130/><U17/><E67/><N who="0" m="25609" /><D55/><U100/><E104/><V61/><F73/><W101/><G101/><T116/><D116/><U81/><E81/><V15/><F79/><W51/><G51/><T120/><D120/><U31/><REACH who="1" step="1"/><E18/><REACH who="1" ten="171,69,380,370" step="2"/><V49/><F105/><W43/><G43/><T125/><D125/><U83/><E83/><V71/><F107/><W96/><G96/><T134/><D134/><U115/><E115/><V117/><F98/><W127/><G127/><T106/><D106/><U123/><E123/><V23/><F117/><W78/><G78/><T44/><D39/><U93/><E93/><V87/><F49/><W57/><G57/><T109/><D109/><U13/><AGARI ba="2,1" hai="10,13,17,24,31,35,50,52,59,68,69,70,100,102" machi="13" ten="40,8000,1" yaku="1,1,0,1,52,1,54,1,53,0" doraHai="7" doraHaiUra="92" who="1" fromWho="1" sc="171,-22,69,96,380,-22,370,-42" owari="149,-35.0,165,-23.0,358,45.0,328,13.0" /></mjloggm>