<mjloggm ver="2.3"><GO type="41" lobby="0"/><UN n0="%45%52%52%4F%52" n1="%E3%83%92%E3%83%AD%E7%86%8A" n2="%E3%82%86%E3%83%BC%E3%81%9B%E3%83%BC" n3="%E3%82%A6%E3%83%AB%E3%83%88%E3%83%A9%E7%AB%8B%E7%9B%B4" dan="13,14,14,16" rate="1940.79,1896.91,1982.07,2077.80" sx="M,M,M,M"/><TAIKYOKU oya="0"/><INIT seed="0,0,0,4,2,80" ten="250,250,250,250" oya="0" hai0="12,98,22,99,60,126,75,48,111,133,55,107,11" hai1="78,73,34,54,38,119,42,52,128,32,95,63,51" hai2="101,29,114,121,72,130,14,112,19,39,28,109,90" hai3="2,33,125,25,9,74,62,56,87,89,96,69,81"/><T64/><D126/><U16/><E119/><V76/><F39/><W108/><G125/><T120/><D133/><U1/><E1/><V88/><F121/><W110/><G69/><T20/><D75/><U59/><E73/><V102/><F19/><W17/><G74/><T8/><D120/><U118/><E78/><V67/><F67/><W31/><G96/><T94/><D107/><U6/><E6/><V91/><F14/><W44/><G44/><T66/><D111/><U82/><E128/><V113/><F109/><W116/><G116/><T106/><D106/><U71/><E82/><V57/><F57/><W84/><G17/><T117/><D117/><U53/><E95/><V100/><F130/><W115/><G115/><T45/><D98/><U21/><E118/><V47/><F47/><W58/><G58/><N who="0" m="36887" /><D66/><U135/><E135/><V70/><F70/><W36/><G36/><T129/><D129/><U26/><E71/><V61/><F61/><W40/><G62/><T13/><D13/><U49/><E38/><V41/><F41/><W103/><G40/><T7/><D11/><U85/><E34/><V15/><F15/><W104/><G110/><T65/><D65/><N who="1" m="39167" /><E32/><V97/><F97/><W131/><G108/><T127/><D127/><U43/><E42/><V68/><F68/><W10/><G2/><T37/><D37/><U77/><E43/><V50/><F50/><W30/><G131/><T46/><D46/><U4/><E4/><V35/><F35/><W83/><G33/><T92/><D92/><U132/><E132/><V5/><F5/><W93/><G104/><RYUUKYOKU ba="0,0" sc="250,10,250,10,250,10,250,-30" hai0="7,8,12,20,22,45,48,55,94,99" hai1="16,21,26,49,51,52,53,54,77,85" hai2="28,29,72,76,88,90,91,100,101,102,112,113,114" /><INIT seed="0,1,0,4,2,67" ten="260,260,260,220" oya="0" hai0="124,89,52,59,86,135,84,44,105,76,62,19,127" hai1="36,9,41,18,107,109,49,50,88,121,72,13,77" hai2="54,134,95,97,87,66,115,1,118,29,98,112,53" hai3="104,133,106,120,63,32,20,48,116,11,25,42,6"/><T131/><D105/><U103/><E121/><V111/><F1/><W83/><G32/><T100/><D100/><U31/><E72/><V78/><F134/><W2/><G116/><T82/><D135/><U93/><E77/><V26/><F111/><W108/><G133/><T114/><D114/><U129/><E109/><V12/><F118/><W65/><G108/><T113/><D113/><U130/><E31/><V43/><F43/><W7/><G7/><T128/><D19/><U14/><E36/><V125/><F125/><N who="0" m="48202" /><D44/><U99/><E14/><V30/><F66/><W81/><G120/><T38/><D38/><U75/><E75/><V119/><F119/><W126/><G126/><T90/><D76/><U16/><E18/><V10/><F112/><W40/><G106/><T15/><D15/><U47/><REACH who="1" step="1"/><E50/><REACH who="1" ten="260,250,260,220" step="2"/><V85/><F115/><W123/><G123/><T23/><D23/><U34/><E34/><V27/><F78/><W37/><G37/><T21/><D21/><U122/><E122/><V70/><F12/><W64/><G20/><T0/><D0/><U24/><E24/><V79/><F79/><W69/><G25/><T80/><AGARI ba="1,1" hai="52,59,62,80,82,84,86,89,90,128,131" m="48202" machi="80" ten="30,3000,0" yaku="18,1,54,1" doraHai="67" who="0" fromWho="0" sc="260,43,250,-11,260,-11,220,-11" /><INIT seed="0,2,0,1,4,55" ten="303,239,249,209" oya="0" hai0="34,108,60,10,1,73,44,13,53,128,66,14,88" hai1="106,33,38,77,71,21,124,82,18,48,86,26,127" hai2="12,58,11,87,135,57,112,23,40,84,76,65,19" hai3="41,80,31,56,52,110,54,126,49,100,134,43,63"/><T117/><D73/><U6/><E106/><V101/><F112/><W131/><G100/><T85/><D34/><U67/><E38/><V102/><F135/><W78/><G134/><T122/><D128/><U8/><E48/><V59/><F65/><W93/><G131/><T2/><D117/><U111/><E111/><V98/><F40/><W81/><G126/><N who="1" m="48170" /><E67/><V51/><F51/><W7/><G110/><T123/><D108/><U50/><E50/><V119/><F119/><W107/><G107/><T105/><D105/><U20/><E71/><V70/><F70/><W91/><G31/><T109/><D109/><U22/><E33/><V17/><F76/><W9/><G80/><T94/><D14/><AGARI ba="2,0" hai="6,8,14,18,20,21,22,26,77,82,86" m="48170" machi="14" ten="30,1000,0" yaku="18,1" doraHai="55" who="1" fromWho="0" sc="303,-16,239,16,249,0,209,0" /><INIT seed="1,0,0,1,4,61" ten="287,255,249,209" oya="1" hai0="122,91,100,9,64,24,67,86,75,14,89,76,22" hai1="131,134,65,30,73,1,135,28,31,114,81,116,123" hai2="42,110,27,44,23,4,87,128,70,57,119,11,106" hai3="94,98,17,48,133,29,18,53,127,5,112,26,97"/><U130/><E123/><V74/><F106/><W46/><G112/><T50/><D75/><U113/><E73/><V88/><F70/><W118/><G118/><T111/><D122/><U12/><E81/><V33/><F119/><W37/><G127/><T45/><D100/><U7/><E116/><V92/><F33/><W39/><G133/><N who="1" m="50698" /><E65/><N who="0" m="25161" /><D111/><U13/><E1/><V3/><F74/><W95/><G37/><T90/><D76/><U15/><E7/><V25/><F110/><W43/><G5/><N who="0" m="3375" /><D86/><U108/><E108/><V19/><F128/><AGARI ba="0,0" hai="12,13,15,28,30,31,113,114,128,130,131" m="50698" machi="128" ten="40,18000,2" yaku="28,2,19,1,20,1,34,2" doraHai="61" who="1" fromWho="2" sc="287,0,255,180,249,-180,209,0" /><INIT seed="1,1,0,3,3,20" ten="287,435,69,209" oya="1" hai0="32,58,5,16,9,39,109,67,1,36,22,76,50" hai1="15,31,83,41,6,94,2,103,7,77,72,114,135" hai2="108,79,52,45,59,82,57,75,126,86,100,34,85" hai3="133,68,112,88,64,121,56,69,106,128,102,95,123"/><U99/><E114/><V12/><F108/><W48/><G112/><T37/><D109/><U62/><E135/><V10/><F126/><W27/><G133/><T81/><D32/><U125/><E125/><V89/><F34/><W73/><G73/><T40/><D67/><U53/><E2/><V55/><F75/><W96/><G128/><T33/><D33/><U8/><E31/><V46/><F100/><W19/><G68/><T104/><D104/><U43/><E6/><V54/><F46/><W105/><G69/><T28/><D28/><U131/><E131/><V63/><F57/><W90/><G105/><T23/><D58/><U14/><E14/><V71/><F71/><W101/><G101/><T0/><D0/><U134/><E134/><V47/><F47/><W3/><G3/><T44/><D23/><U129/><E129/><V115/><F45/><W74/><G74/><N who="0" m="43159" /><D50/><U21/><E62/><V92/><REACH who="2" step="1"/><F115/><REACH who="2" ten="287,435,59,209" step="2"/><W61/><G102/><T98/><D98/><U93/><E103/><V122/><F122/><W60/><G121/><T132/><D132/><U110/><E110/><V65/><F65/><W66/><G123/><T91/><D91/><U107/><E99/><V124/><F124/><W42/><G106/><T30/><D30/><U130/><E107/><V127/><F127/><W118/><G90/><T117/><D117/><U116/><E130/><V26/><F26/><AGARI ba="1,1" hai="1,5,9,16,22,26,36,37,39,40,44" m="43159" machi="26" ten="30,3900,0" yaku="25,1,52,1,54,1" doraHai="20" who="0" fromWho="2" sc="287,52,435,0,59,-42,209,0" /><INIT seed="2,0,0,2,3,59" ten="339,435,17,209" oya="2" hai0="113,0,1,9,6,92,22,103,45,105,131,80,42" hai1="94,100,54,83,64,119,108,126,39,14,106,112,46" hai2="58,97,104,5,30,21,28,116,65,109,16,25,84" hai3="70,93,128,4,88,125,87,38,56,74,57,34,123"/><V120/><F116/><W78/><G123/><T110/><D113/><U52/><E119/><V3/><F120/><W86/><G70/><T96/><D131/><U31/><E112/><V107/><F109/><W40/><G34/><T79/><D110/><U2/><E2/><V55/><F65/><W76/><G128/><T15/><D22/><U53/><E106/><V85/><F104/><W115/><G115/><T127/><D105/><U90/><E108/><V130/><F130/><W82/><G125/><T69/><D69/><U95/><E126/><V19/><F107/><W117/><G117/><T98/><D98/><U7/><E31/><N who="2" m="11819" /><F5/><W60/><G4/><T51/><REACH who="0" step="1"/><D127/><REACH who="0" ten="329,435,17,209" step="2"/><U63/><E39/><V8/><F3/><W111/><G111/><T43/><D43/><U66/><E100/><V47/><F97/><W36/><G40/><T72/><AGARI ba="0,1" hai="0,1,6,9,15,42,45,51,72,79,80,92,96,103" machi="72" ten="20,2700,0" yaku="1,1,0,1,7,1,53,0" doraHai="59" doraHaiUra="48" who="0" fromWho="0" sc="329,37,435,-7,17,-13,209,-7" /><INIT seed="3,0,0,4,4,20" ten="366,428,4,202" oya="3" hai0="128,14,23,131,13,3,51,7,95,116,58,0,48" hai1="5,118,75,103,69,96,47,73,71,130,106,61,135" hai2="133,62,109,120,11,36,43,44,94,15,12,42,125" hai3="113,41,10,87,123,33,4,115,134,2,90,89,25"/><W77/><G77/><T64/><D116/><U9/><E135/><V21/><F94/><W74/><G74/><N who="1" m="28170" /><E47/><V28/><F21/><W8/><G90/><T124/><D124/><U129/><E118/><V70/><F15/><W18/><G41/><T126/><D126/><U82/><E82/><V119/><F28/><N who="3" m="19599" /><G89/><T117/><D117/><U6/><E61/><V68/><F125/><W88/><G88/><T26/><D95/><U98/><E98/><V79/><F119/><W45/><G87/><T38/><D38/><U72/><N who="1" m="28178" /><U86/><DORA hai="39" /><E86/><V132/><F43/><W63/><G45/><T60/><D13/><U107/><E107/><V100/><F12/><N who="3" m="7431" /><G63/><T52/><D48/><U78/><E78/><V16/><F62/><W50/><G50/><T84/><D84/><U80/><E80/><V40/><F79/><W92/><G92/><T81/><D81/><U17/><E17/><V110/><F16/><W29/><G134/><N who="2" m="51817" /><F42/><W111/><G123/><T53/><D53/><U99/><E99/><V122/><F100/><W30/><G111/><N who="2" m="42505" /><F11/><W112/><AGARI ba="0,0" hai="2,4,10,29,30,112,113,115" m="7431,19599" machi="112" ten="30,6000,0" yaku="34,2,52,1" doraHai="20,39" who="3" fromWho="3" sc="366,-20,428,-20,4,-20,202,60" owari="346,15.0,408,51.0,-16,-52.0,262,-14.0" /></mjloggm>