<mjloggm ver="2.3"><GO type="169" lobby="0"/><UN n0="%E3%81%A4%E3%81%B0%E3%81%8D%E3%81%A1%30%33" n1="%E5%A4%A9%E5%B2%A9%E6%88%B8" n2="%EF%BC%88%E2%89%A7%E2%96%BD%E2%89%A6%EF%BC%89" n3="%59%48%56%48" dan="17,16,19,16" rate="2174.27,2157.94,2244.07,2056.39" sx="M,M,M,F"/><TAIKYOKU oya="0"/><INIT seed="0,0,0,2,2,85" ten="250,250,250,250" oya="0" hai0="135,35,107,106,72,131,92,130,86,37,42,83,134" hai1="121,24,127,66,116,132,60,36,0,21,101,70,109" hai2="110,34,112,50,26,90,129,58,43,33,111,124,108" hai3="10,78,102,7,59,67,23,94,73,82,103,93,62"/><T18/><D35/><U56/><E121/><V81/><F112/><W104/><G23/><T97/><D37/><U11/><E116/><V22/><F129/><N who="0" m="49162" /><D42/><U17/><E36/><V6/><F6/><W14/><G104/><N who="0" m="39979" /><D72/><U91/><E109/><V32/><F124/><W38/><G38/><T68/><D18/><U75/><E75/><V54/><F43/><W95/><AGARI ba="0,0" hai="7,10,14,59,62,67,73,78,82,93,94,95,102,103" machi="95" ten="30,1100,0" yaku="0,1" doraHai="85" who="3" fromWho="3" sc="250,-5,250,-3,250,-3,250,11" /><INIT seed="1,0,0,2,0,113" ten="245,247,247,261" oya="1" hai0="104,46,71,90,84,65,39,18,20,9,40,2,55" hai1="73,4,130,96,62,115,30,117,89,88,25,67,37" hai2="105,56,126,1,83,48,110,111,50,66,45,47,64" hai3="57,75,33,44,69,118,60,24,100,127,85,120,131"/><U99/><E115/><V91/><F1/><W22/><G33/><T11/><D104/><U35/><E37/><V102/><F102/><W129/><G75/><T74/><D74/><U34/><E73/><V54/><F105/><W86/><G120/><T41/><D41/><U32/><E4/><V8/><F8/><W93/><G69/><T14/><D2/><U19/><E130/><V121/><F83/><W81/><G127/><T52/><D65/><N who="2" m="25194" /><F91/><W21/><G44/><N who="2" m="16969" /><F121/><W95/><G57/><T12/><D71/><U107/><E19/><V119/><F126/><W82/><G60/><T3/><D3/><U97/><E107/><V103/><F103/><W70/><G70/><T108/><D108/><N who="2" m="41514" /><F119/><W109/><G109/><T59/><D14/><U98/><E117/><V101/><F101/><W112/><G112/><T42/><D11/><U5/><E5/><V38/><F38/><W13/><G100/><T135/><D39/><U36/><E36/><V94/><F94/><W72/><G72/><T116/><D116/><U128/><E96/><V68/><F68/><W114/><G114/><T63/><D9/><U125/><E125/><V29/><F29/><W80/><G118/><T77/><D77/><U0/><E0/><V15/><F15/><W51/><G13/><T122/><D122/><U27/><E89/><V58/><F54/><W132/><G82/><N who="0" m="49431" /><D42/><U6/><E88/><V49/><AGARI ba="0,0" hai="48,49,50,56,58" m="41514,16969,25194" machi="49" ten="40,8000,1" yaku="28,2,14,1,34,2" doraHai="113" who="2" fromWho="2" sc="245,-20,247,-40,247,80,261,-20" /><INIT seed="2,0,0,4,5,52" ten="225,207,327,241" oya="2" hai0="5,80,126,70,11,60,17,43,72,58,64,94,63" hai1="125,1,6,21,9,46,88,98,40,133,127,108,18" hai2="23,93,16,124,53,132,73,91,118,85,68,113,100" hai3="103,79,36,27,55,4,26,3,119,78,82,97,112"/><V90/><F73/><W38/><G119/><T39/><D126/><N who="1" m="48139" /><E108/><V121/><F68/><W95/><G112/><T13/><D94/><N who="1" m="56647" /><E133/><V69/><F69/><W50/><G78/><T24/><D43/><U25/><E46/><V109/><F113/><W65/><G65/><T99/><D39/><U66/><E66/><V2/><F118/><W105/><G105/><T32/><D99/><U12/><E40/><V96/><F132/><W107/><G107/><T0/><D72/><U67/><E67/><V14/><F124/><W33/><G3/><AGARI ba="0,0" hai="1,3,6,9,12,18,21,25" m="56647,48139" machi="3" ten="30,2000,0" yaku="18,1,54,1" doraHai="52" who="1" fromWho="3" sc="225,0,207,20,327,0,241,-20" /><INIT seed="3,0,0,5,0,45" ten="225,227,327,221" oya="3" hai0="61,106,20,91,116,29,38,17,102,133,69,7,51" hai1="111,19,107,81,1,6,90,50,32,16,127,103,126" hai2="39,41,25,118,15,114,58,60,31,99,97,8,120" hai3="44,11,53,49,112,36,54,123,65,34,121,77,22"/><W73/><G112/><T9/><D116/><U72/><E32/><V67/><F118/><W128/><G34/><T56/><D38/><U105/><E111/><V119/><F119/><W82/><G36/><T84/><D133/><U33/><E33/><V68/><F120/><W98/><G128/><T43/><D29/><U64/><E64/><V95/><F114/><W89/><G65/><T26/><D69/><U3/><E3/><V85/><F85/><W42/><G11/><T94/><D106/><U52/><E1/><V109/><F109/><W63/><G22/><T21/><D102/><U75/><E6/><V4/><F68/><W124/><G124/><N who="1" m="47658" /><E103/><V125/><F125/><W130/><G130/><T131/><D131/><U30/><E30/><V117/><F117/><W46/><G63/><T28/><D7/><U0/><E0/><V70/><F70/><W74/><G74/><N who="1" m="28202" /><E90/><V78/><F67/><W14/><G14/><T27/><D9/><U108/><E81/><V10/><F8/><W86/><G98/><T134/><D134/><U23/><E108/><V59/><F10/><W47/><G42/><T35/><D35/><U24/><E19/><V110/><F110/><W100/><G100/><T88/><D91/><U93/><E93/><V79/><F4/><W62/><G62/><T12/><D61/><U13/><E13/><V113/><F60/><W18/><G18/><T101/><D101/><U55/><E55/><V57/><F31/><W71/><G71/><T37/><D12/><U92/><E92/><V83/><F15/><W5/><G54/><N who="0" m="31839" /><D43/><U87/><E87/><RYUUKYOKU ba="0,0" sc="225,15,227,15,327,-15,221,-15" hai0="17,20,21,26,27,28,37,84,88,94" hai1="16,23,24,50,52,105,107" /><INIT seed="4,1,0,3,4,19" ten="240,242,312,206" oya="0" hai0="16,129,75,22,13,59,77,61,104,70,65,34,10" hai1="47,84,0,7,1,117,112,69,113,86,51,93,128" hai2="14,114,90,17,43,6,102,4,62,42,76,126,83" hai3="23,95,9,21,27,119,29,89,44,26,135,35,71"/><T106/><D129/><U115/><E117/><V124/><F102/><W58/><G71/><T68/><D34/><U125/><E69/><V37/><F90/><W101/><G119/><T3/><D70/><U20/><E128/><V24/><F24/><W130/><G130/><T127/><D68/><U111/><E111/><V54/><F62/><W132/><G101/><T73/><D127/><N who="2" m="48682" /><F54/><W85/><G44/><T56/><D56/><U110/><E110/><V41/><F114/><W91/><G9/><T118/><D118/><U78/><E125/><V48/><F48/><W30/><G35/><T109/><D109/><U11/><E1/><V103/><F103/><W121/><G121/><T31/><D77/><U55/><E78/><V88/><F88/><W99/><REACH who="3" step="1"/><G58/><REACH who="3" ten="240,242,312,196" step="2"/><T96/><D59/><U94/><E93/><AGARI ba="1,1" hai="21,23,26,27,29,30,85,89,91,93,95,99,132,135" machi="93" ten="40,8000,1" yaku="1,1,2,1,9,1,52,2,53,0" doraHai="19" doraHaiUra="67" who="3" fromWho="1" sc="240,0,242,-83,312,0,196,93" /><INIT seed="5,0,0,0,4,33" ten="240,159,312,289" oya="1" hai0="54,44,73,78,88,107,74,26,127,4,103,49,80" hai1="126,15,61,104,18,36,69,40,35,57,129,25,86" hai2="115,114,82,16,56,38,92,31,34,116,43,98,119" hai3="39,124,52,32,66,121,135,113,50,89,97,24,11"/><U93/><E104/><V106/><F106/><W81/><G39/><T128/><D127/><U109/><E69/><V101/><F56/><W29/><G121/><T7/><D128/><U53/><E126/><V123/><F123/><W51/><G124/><T91/><D74/><U48/><E129/><V100/><F100/><W68/><G51/><T12/><D26/><U1/><E109/><V59/><F59/><W112/><G135/><T28/><D28/><U64/><E1/><V85/><F34/><W45/><G11/><T108/><D108/><U117/><E117/><V111/><F31/><W130/><G130/><T60/><D60/><U95/><E35/><V58/><F58/><W72/><G72/><T19/><D4/><U105/><E105/><V3/><F3/><W22/><G32/><T84/><D7/><U71/><E25/><V46/><F16/><W55/><G55/><T42/><D54/><U83/><E40/><V120/><F111/><W20/><G20/><T13/><D73/><U79/><REACH who="1" step="1"/><E36/><REACH who="1" ten="240,149,312,289" step="2"/><V8/><F120/><W134/><G68/><T133/><D107/><U96/><E96/><V67/><F119/><W23/><G97/><T75/><D12/><U77/><E77/><N who="2" m="46287" /><F116/><W94/><G24/><T87/><D13/><U0/><E0/><V90/><F43/><W131/><G131/><T27/><D42/><U110/><E110/><V17/><F38/><W47/><G134/><T63/><D133/><U122/><E122/><V76/><F98/><W99/><G99/><T102/><D27/><U70/><E70/><V65/><F76/><W10/><G112/><RYUUKYOKU ba="0,1" sc="240,-10,149,30,312,-10,289,-10" hai1="15,18,48,53,57,61,64,71,79,83,86,93,95" /><INIT seed="5,1,1,3,1,23" ten="230,179,302,279" oya="1" hai0="48,86,90,92,100,129,97,10,44,135,24,123,9" hai1="5,117,43,98,108,72,47,99,6,77,121,83,40" hai2="88,122,12,8,13,68,32,125,21,107,81,38,110" hai3="34,95,133,132,79,87,130,18,84,52,0,120,118"/><U80/><E121/><V101/><F32/><W37/><G120/><T58/><D135/><U35/><E35/><V62/><F38/><W131/><G34/><T128/><D123/><U70/><E70/><V66/><F110/><W91/><G37/><T19/><D58/><U65/><E65/><V67/><F67/><W56/><G0/><T22/><D129/><N who="3" m="49161" /><G18/><T73/><D73/><U54/><E117/><V127/><F122/><W42/><G42/><N who="1" m="15914" /><E72/><V4/><F107/><W134/><G118/><T75/><D75/><U105/><E105/><V78/><F101/><W46/><G46/><T112/><D112/><U76/><E108/><V27/><F12/><W31/><G31/><T93/><REACH who="0" step="1"/><D128/><REACH who="0" ten="220,179,302,279" step="2"/><U53/><E47/><V96/><F68/><W64/><G132/><T55/><AGARI ba="1,2" hai="9,10,19,22,24,44,48,55,86,90,92,93,97,100" machi="55" ten="20,12000,2" yaku="1,1,2,1,0,1,7,1,8,1,52,1,53,0" doraHai="23" doraHaiUra="25" who="0" fromWho="0" sc="220,143,179,-61,302,-31,279,-31" /><INIT seed="6,0,0,5,5,126" ten="363,118,271,248" oya="2" hai0="113,41,29,56,83,49,36,43,82,132,70,30,105" hai1="14,48,11,61,134,21,26,24,111,55,67,46,116" hai2="124,12,102,0,47,80,58,130,90,85,35,114,93" hai3="101,42,45,23,25,33,8,28,31,10,51,34,72"/><V122/><F0/><W77/><G72/><T112/><D105/><U44/><E111/><V127/><F35/><W95/><G77/><T118/><D70/><U68/><E116/><V119/><F119/><W98/><REACH who="3" step="1"/><G23/><REACH who="3" ten="363,118,271,238" step="2"/><T79/><D79/><U86/><E134/><V50/><F124/><W96/><G96/><T109/><D132/><U1/><E86/><V54/><F85/><W53/><G53/><T19/><D118/><U71/><E71/><V78/><F54/><W123/><G123/><T97/><D97/><U52/><E21/><V135/><F78/><W13/><G13/><T57/><D109/><U100/><E100/><V38/><F12/><W106/><G106/><T73/><D73/><U62/><E1/><V64/><F102/><W103/><G103/><T3/><D3/><U108/><E108/><V37/><F127/><W9/><G9/><T121/><D121/><U99/><E99/><V69/><F122/><W84/><G84/><T91/><D91/><U20/><E20/><V2/><F90/><W17/><G17/><T117/><D117/><U63/><E61/><V76/><F2/><W22/><G22/><T128/><D41/><U40/><E55/><V131/><F135/><W94/><G94/><T133/><D43/><U74/><E74/><V110/><F93/><W87/><G87/><T81/><D133/><U60/><E60/><V5/><F110/><W66/><G66/><T27/><D19/><N who="1" m="8671" /><E62/><V88/><F64/><W6/><G6/><T125/><D125/><U89/><E89/><V65/><F88/><W59/><G59/><T92/><D57/><RYUUKYOKU ba="0,1" sc="363,-15,118,15,271,-15,238,15" hai1="24,26,40,44,46,48,52,63,67,68" hai3="8,10,25,28,31,33,34,42,45,51,95,98,101" /><INIT seed="7,1,1,1,1,75" ten="348,133,256,253" oya="3" hai0="93,126,94,122,83,67,26,65,66,89,121,54,4" hai1="102,100,48,25,81,108,19,97,15,135,127,129,41" hai2="70,95,62,123,88,85,125,59,13,124,63,106,8" hai3="120,92,77,109,131,21,118,18,113,74,3,96,101"/><W10/><G118/><T22/><D126/><N who="2" m="48746" /><F106/><W28/><G120/><T32/><D32/><U49/><E127/><V82/><F70/><W111/><G28/><T52/><D4/><U112/><E108/><N who="3" m="41546" /><G131/><T39/><D39/><U61/><E129/><V34/><F34/><W79/><G74/><T130/><D130/><U117/><E117/><V76/><F59/><W128/><G113/><T50/><D122/><U134/><E112/><V6/><F123/><W16/><G128/><T104/><D104/><U87/><E61/><V72/><AGARI ba="1,1" hai="6,8,13,62,63,72,76,82,85,88,95" m="48746" machi="72" ten="30,4000,0" yaku="18,1,52,1,54,1" doraHai="75" who="2" fromWho="2" sc="348,-11,133,-11,256,53,253,-21" owari="337,44.0,122,-38.0,309,11.0,232,-17.0" /></mjloggm>