<mjloggm ver="2.3"><GO type="97" lobby="0"/><UN n0="%70%6F%6B%6F" n1="%E2%98%86%E2%98%86%E2%98%86%E2%98%86%E2%98%86%E2%98%86%E2%98%86" n2="%E3%81%BE%E3%81%98%E3%81%8B%E3%82%8B%E3%81%8F%E3%81%A3%E3%81%8D%E3%83%BC" n3="%E3%82%A6%E3%83%AB%E3%83%88%E3%83%A9%E7%AB%8B%E7%9B%B4" dan="15,14,15,15" rate="2036.36,1881.51,1966.75,2009.27" sx="M,M,F,M"/><TAIKYOKU oya="0"/><INIT seed="0,0,0,4,2,81" ten="250,250,250,250" oya="0" hai0="71,120,28,73,126,95,128,40,29,100,55,3,31" hai1="118,37,101,62,103,115,43,30,67,93,13,36,70" hai2="77,123,20,44,108,80,87,8,89,21,24,22,96" hai3="34,104,119,109,116,125,39,63,110,10,4,79,72"/><T50/><D71/><U102/><E118/><V130/><F123/><W5/><G79/><T131/><D120/><U15/><E115/><V14/><F108/><W33/><G63/><T105/><D105/><U54/><E30/><V47/><F130/><N who="0" m="49706" /><D73/><U2/><E2/><V133/><F133/><W66/><G39/><T60/><D3/><U117/><E117/><V106/><F24/><W113/><G66/><T84/><D60/><U58/><E93/><N who="2" m="56367" /><F106/><W27/><G104/><T85/><D40/><U12/><REACH who="1" step="1"/><E43/><REACH who="1" ten="250,240,250,250" step="2"/><V52/><F52/><W91/><G113/><T53/><D126/><U76/><E76/><V121/><F121/><W92/><G125/><T135/><D135/><U75/><E75/><V69/><F69/><W57/><G72/><T46/><D53/><U61/><AGARI ba="0,1" hai="12,13,15,36,37,54,58,61,62,67,70,101,102,103" machi="61" ten="40,2700,0" yaku="1,1,0,1,53,0" doraHai="81" doraHaiUra="41" who="1" fromWho="1" sc="250,-13,240,37,250,-7,250,-7" /><INIT seed="1,0,0,4,5,95" ten="237,277,243,243" oya="1" hai0="58,85,42,0,135,34,79,100,111,92,80,18,19" hai1="91,45,32,96,77,53,52,64,89,133,61,119,54" hai2="48,44,28,16,73,101,124,87,7,5,94,109,103" hai3="38,22,31,132,25,55,17,127,128,123,15,71,23"/><U21/><E119/><V106/><F73/><W57/><G123/><T67/><D0/><U121/><E32/><V11/><F106/><W13/><G71/><T3/><D3/><U93/><E133/><V88/><F124/><W66/><G38/><T122/><D122/><U118/><E118/><V83/><F109/><W131/><G66/><T74/><D34/><U113/><E113/><V126/><F126/><W29/><G127/><T46/><D111/><U90/><E77/><N who="2" m="46575" /><F28/><W78/><G78/><T43/><D43/><U81/><E81/><V86/><F16/><N who="3" m="10527" /><G132/><T56/><D74/><U59/><E121/><V24/><F24/><N who="3" m="16543" /><G55/><T130/><D67/><U8/><E8/><V9/><F9/><N who="3" m="6319" /><G57/><T39/><D58/><U27/><E45/><V65/><F65/><W60/><G60/><T10/><D56/><U2/><E2/><V84/><F84/><W14/><G14/><T62/><D62/><U76/><E76/><V129/><F103/><W30/><G30/><AGARI ba="0,0" hai="21,27,30,52,53,54,59,61,64,89,90,91,93,96" machi="30" ten="40,7700,0" yaku="8,1,52,1,54,1" doraHai="95" who="1" fromWho="3" sc="237,0,277,77,243,0,243,-77" /><INIT seed="1,1,0,2,0,38" ten="237,354,243,166" oya="1" hai0="2,28,98,25,12,91,15,114,35,127,87,58,49" hai1="108,18,0,61,122,121,74,7,119,26,99,56,130" hai2="24,63,36,8,32,133,59,51,101,82,118,17,89" hai3="81,57,80,79,1,40,102,21,86,65,10,42,29"/><U37/><E130/><V77/><F36/><W123/><G123/><T67/><D114/><U43/><E37/><V30/><F118/><W94/><G10/><T107/><D2/><U92/><E74/><V125/><F125/><W48/><G1/><T3/><D3/><U109/><E43/><N who="3" m="16426" /><G81/><T117/><D117/><U66/><E7/><V105/><F51/><W128/><G128/><T106/><D98/><U54/><E0/><V9/><F89/><W33/><G33/><T31/><D31/><U93/><E93/><V124/><F124/><W104/><G104/><T97/><D97/><U64/><E119/><V19/><F101/><W69/><G69/><T112/><D112/><U76/><E76/><V83/><F105/><W75/><G75/><T27/><D107/><U53/><E53/><V111/><F82/><W60/><G48/><T52/><D35/><U4/><E4/><V22/><F32/><W135/><G135/><T47/><D106/><U90/><E122/><V70/><F133/><W96/><G21/><T20/><D20/><N who="1" m="13591" /><E121/><V116/><F70/><W5/><G5/><T88/><D127/><U50/><E50/><V6/><F6/><W129/><G129/><T71/><D49/><U23/><E23/><V110/><F116/><W95/><G95/><T34/><D71/><U113/><E113/><V72/><F8/><W84/><G84/><T68/><D87/><U131/><E131/><V73/><F73/><W62/><G62/><T100/><D34/><U14/><E14/><V134/><F134/><W41/><N who="3" m="16434" /><W103/><DORA hai="55" /><G29/><T126/><D28/><RYUUKYOKU ba="1,0" sc="237,-15,354,15,243,-15,166,15" hai1="54,56,61,64,66,90,92,99,108,109" hai3="57,60,65,79,80,86,94,96,102,103" /><INIT seed="1,2,0,0,5,50" ten="222,369,228,181" oya="1" hai0="67,91,66,85,118,53,106,29,21,92,104,61,41" hai1="74,84,70,32,46,2,120,123,87,135,75,88,62" hai2="79,60,68,40,51,3,56,59,98,24,72,23,52" hai3="15,80,5,78,44,89,10,26,131,114,4,55,25"/><U33/><E135/><V83/><F3/><W96/><G131/><T38/><D118/><U42/><E2/><V65/><F98/><W105/><G114/><T132/><D132/><U112/><E84/><V86/><F40/><W39/><G5/><T99/><D41/><U37/><E112/><V90/><F68/><W76/><G39/><T22/><D38/><U31/><E31/><N who="2" m="17823" /><F72/><W94/><G105/><T45/><D22/><U63/><E63/><V0/><F0/><W47/><G47/><T97/><D21/><U35/><E74/><V27/><F27/><N who="3" m="10251" /><G80/><T109/><D29/><U93/><REACH who="1" step="1"/><E75/><REACH who="1" ten="222,359,228,181" step="2"/><V100/><F100/><W108/><G108/><T6/><D61/><U43/><E43/><V95/><F79/><W28/><G28/><T49/><D109/><U34/><N who="1" m="8704" /><DORA hai="7" /><U12/><E12/><V81/><AGARI ba="2,1" hai="51,52,56,59,60,65,81,83,86,90,95" m="17823" machi="81" ten="30,4000,0" yaku="8,1,52,1,54,1" doraHai="50,7" who="2" fromWho="2" sc="222,-12,359,-22,228,56,181,-12" /><INIT seed="2,0,0,4,2,0" ten="210,337,284,169" oya="2" hai0="106,46,112,11,33,122,47,25,97,81,84,31,101" hai1="17,120,105,102,124,35,96,100,20,62,129,43,117" hai2="6,7,1,76,57,71,65,56,13,12,111,41,90" hai3="24,125,55,113,4,110,119,27,49,127,130,64,3"/><V80/><F111/><W59/><G119/><T98/><D122/><U95/><E124/><N who="3" m="47690" /><G110/><T30/><D112/><U115/><E129/><V94/><F41/><W83/><G130/><T109/><D109/><U39/><E35/><V135/><F135/><W40/><G113/><T54/><D31/><U103/><E62/><V8/><F1/><W121/><G121/><T69/><D69/><U114/><E43/><V61/><F94/><W5/><G64/><T91/><D97/><U66/><E39/><V107/><F90/><W72/><G40/><T133/><D133/><U18/><E66/><V36/><F36/><W70/><G70/><T2/><REACH who="0" step="1"/><D54/><REACH who="0" ten="200,337,284,169" step="2"/><U14/><E120/><V34/><F71/><W28/><G28/><T82/><D82/><U26/><E117/><V67/><F80/><W116/><G116/><T128/><D128/><U73/><E114/><V86/><F67/><W44/><G83/><T108/><D108/><U38/><E115/><V23/><F65/><W50/><G72/><T77/><D77/><U53/><E73/><V87/><F76/><W126/><G126/><T19/><D19/><U9/><E53/><V32/><F32/><W74/><G74/><T68/><D68/><U60/><E18/><V16/><F34/><W134/><G134/><T123/><D123/><U132/><E17/><V58/><F16/><W29/><G29/><T45/><D45/><U118/><E132/><V93/><F56/><W37/><G44/><T48/><D48/><U15/><E118/><V92/><F57/><W21/><G49/><T89/><D89/><U52/><E96/><RYUUKYOKU ba="0,1" sc="200,30,337,-10,284,-10,169,-10" hai0="2,11,25,30,33,46,47,81,84,91,98,101,106" /><INIT seed="3,1,1,3,0,63" ten="230,327,274,159" oya="3" hai0="120,122,34,16,64,45,100,56,124,74,3,52,54" hai1="5,14,37,93,73,49,92,59,107,96,110,90,55" hai2="4,85,50,86,118,6,47,102,127,70,43,25,105" hai3="38,75,40,9,21,23,46,18,123,76,126,77,30"/><W26/><G126/><T15/><D3/><U7/><E110/><V130/><F118/><W68/><G123/><T83/><D34/><U11/><E107/><V121/><F70/><W89/><G68/><T104/><D124/><U2/><E73/><V44/><F127/><W87/><G75/><T112/><D112/><U53/><E37/><V101/><F121/><W117/><G9/><T0/><D0/><U81/><E81/><V129/><F25/><W115/><G115/><T113/><D113/><U60/><E2/><V28/><F28/><W62/><G62/><T125/><D125/><U95/><E5/><N who="2" m="2155" /><F47/><AGARI ba="1,1" hai="7,11,14,47,49,53,55,59,60,90,92,93,95,96" machi="47" ten="30,2000,0" yaku="7,1,8,1" doraHai="63" who="1" fromWho="2" sc="230,0,327,33,274,-23,159,0" owari="230,-17.0,360,46.0,251,5.0,159,-34.0" /></mjloggm>