<mjloggm ver="2.3"><GO type="169" lobby="0"/><UN n0="%E3%82%A6%E3%83%AB%E3%83%88%E3%83%A9%E7%AB%8B%E7%9B%B4" n1="%E6%B9%98%E5%8C%97%E2%91%AD%E4%B8%89%E4%BA%95%E5%AF%BF" n2="%43%48%52%4F%4E%55%53" n3="%68%61%6D%6F%6E" dan="16,16,16,16" rate="2054.25,2088.50,2100.47,2148.20" sx="M,M,M,M"/><TAIKYOKU oya="0"/><INIT seed="0,0,0,5,3,1" ten="250,250,250,250" oya="0" hai0="84,64,60,83,39,81,122,53,19,119,91,25,15" hai1="70,78,34,42,56,68,65,117,10,0,125,23,101" hai2="9,87,105,17,8,30,109,35,132,5,129,63,18" hai3="107,62,38,76,86,133,43,106,79,72,113,32,93"/><T108/><D39/><U11/><E34/><V67/><F105/><W127/><G113/><T36/><D36/><U54/><E117/><V134/><F109/><W74/><G32/><T104/><D104/><U55/><E42/><V6/><F129/><W98/><G62/><T115/><D115/><U45/><E101/><V29/><F87/><W24/><G24/><T40/><D40/><U21/><E78/><V4/><F63/><W14/><G14/><T47/><D122/><U112/><E112/><V110/><F110/><W121/><G43/><T120/><D120/><U51/><E125/><V82/><F82/><W69/><G69/><T90/><D25/><U126/><E126/><V124/><F124/><W102/><G38/><T97/><D119/><U37/><E37/><V100/><F67/><W3/><G3/><T13/><D108/><U50/><E65/><V16/><F100/><W118/><G127/><T128/><D128/><U20/><REACH who="1" step="1"/><E11/><REACH who="1" ten="250,240,250,250" step="2"/><N who="2" m="4171" /><F35/><W2/><G118/><T135/><D64/><U71/><E71/><V27/><F27/><W94/><G121/><T85/><D135/><AGARI ba="0,1" hai="4,5,6,16,17,18,29,30,132,134,135" m="4171" machi="135" ten="40,16000,3" yaku="28,2,20,1,34,2,52,3,54,1" doraHai="1" who="2" fromWho="0" sc="250,-160,240,0,250,170,250,0" /><INIT seed="1,0,0,2,4,59" ten="90,240,420,250" oya="1" hai0="128,5,82,70,10,127,9,123,105,99,25,56,8" hai1="135,29,67,88,32,53,97,0,125,102,134,101,68" hai2="34,57,28,58,6,118,86,1,85,81,87,66,47" hai3="106,43,31,124,108,12,76,21,7,80,65,41,79"/><U103/><E0/><V23/><F118/><W95/><G106/><T89/><D70/><U121/><E121/><V83/><F34/><W110/><G124/><T131/><D127/><U22/><E125/><V122/><F122/><W71/><G95/><T60/><D123/><U78/><E78/><V15/><F1/><W63/><G79/><T24/><D5/><U39/><E39/><V132/><F132/><N who="1" m="50729" /><E22/><V113/><F113/><W37/><G31/><T119/><D119/><U114/><E114/><V93/><F93/><W72/><G37/><T77/><D105/><U115/><E115/><V109/><F109/><W50/><G50/><T18/><D18/><U38/><E38/><V14/><F47/><W90/><G90/><T54/><D89/><U17/><E17/><V51/><F51/><W42/><REACH who="3" step="1"/><G21/><REACH who="3" ten="90,240,420,240" step="2"/><T130/><REACH who="0" step="1"/><D99/><REACH who="0" ten="80,240,420,240" step="2"/><U92/><E29/><V62/><F28/><W3/><G3/><T2/><D2/><U36/><E36/><V129/><F23/><W45/><G45/><T84/><AGARI ba="0,2" hai="8,9,10,24,25,54,56,60,77,82,84,128,130,131" machi="84" ten="40,8000,1" yaku="1,1,0,1,19,1,52,1,53,1" doraHai="59" doraHaiUra="48" who="0" fromWho="0" sc="80,100,240,-40,420,-20,240,-20" /><INIT seed="2,0,0,5,2,62" ten="180,200,400,220" oya="2" hai0="133,116,3,63,98,89,15,88,106,20,57,16,131" hai1="134,95,19,51,124,25,11,86,58,2,30,107,52" hai2="7,129,0,87,29,126,41,128,121,105,45,85,81" hai3="92,76,94,46,125,117,79,6,33,54,83,18,23"/><V132/><F105/><W61/><G117/><T13/><D3/><U84/><E107/><V93/><F121/><W66/><G33/><T100/><D116/><U70/><E134/><V26/><F126/><W135/><G125/><T32/><D32/><U112/><E124/><V50/><F132/><W115/><G135/><T73/><D73/><U91/><E70/><V39/><F7/><W44/><G115/><T77/><D77/><U127/><E127/><V5/><F5/><W47/><G6/><T49/><D133/><U90/><E112/><V21/><F0/><W28/><G28/><T119/><D119/><U10/><E19/><V31/><F93/><W60/><G54/><T123/><D123/><U55/><E55/><V24/><F39/><W34/><G34/><T14/><D49/><U114/><E114/><V109/><F109/><W120/><G61/><T8/><D131/><N who="2" m="50250" /><F81/><W96/><G120/><T9/><D9/><U101/><E101/><V35/><AGARI ba="0,0" hai="21,24,26,29,31,35,41,45,50,85,87" m="50250" machi="35" ten="30,1500,0" yaku="19,1" doraHai="62" who="2" fromWho="2" sc="180,-5,200,-5,400,15,220,-5" /><INIT seed="2,1,0,5,0,8" ten="175,195,415,215" oya="2" hai0="4,20,11,106,7,88,38,33,132,89,0,30,107" hai1="126,95,105,104,57,2,35,1,65,23,43,115,108" hai2="52,94,134,59,117,78,24,26,16,116,41,91,66" hai3="129,99,10,133,123,25,118,31,111,56,60,124,39"/><V68/><F78/><W110/><G118/><T101/><D38/><U122/><E35/><V135/><F41/><W76/><G123/><T37/><D37/><U54/><E122/><V61/><F68/><W83/><G39/><T32/><D132/><N who="2" m="50730" /><F66/><W64/><G133/><T18/><D7/><U72/><E72/><V93/><F93/><W19/><G129/><T120/><D33/><U58/><E43/><V28/><F28/><W73/><G124/><T46/><D46/><U80/><E80/><V81/><F81/><W87/><G99/><T17/><D17/><U131/><E65/><V128/><F128/><W113/><G113/><T103/><D120/><U45/><E131/><V67/><F67/><W21/><REACH who="3" step="1"/><G73/><REACH who="3" ten="175,195,415,205" step="2"/><T62/><D106/><U3/><E115/><V75/><F75/><W127/><G127/><T90/><D107/><U102/><E126/><V85/><F117/><W69/><G69/><T71/><D71/><U53/><E108/><V100/><F116/><W96/><G96/><T84/><D84/><U97/><E45/><V22/><F100/><W114/><G114/><T29/><D103/><U42/><E104/><V44/><F44/><W13/><AGARI ba="1,1" hai="10,13,19,21,25,31,56,60,64,76,83,87,110,111" machi="13" ten="30,7900,0" yaku="1,1,0,1,52,1,53,1" doraHai="8" doraHaiUra="12" who="3" fromWho="3" sc="175,-21,195,-21,415,-40,205,92" /><INIT seed="3,0,0,3,4,14" ten="154,174,375,297" oya="3" hai0="107,34,83,106,64,23,43,80,66,129,121,97,111" hai1="61,71,51,115,79,22,28,93,133,31,91,56,48" hai2="49,30,41,74,85,55,12,40,37,75,81,104,10" hai3="130,86,126,35,87,36,122,17,15,117,46,32,65"/><W69/><G122/><T33/><D23/><U131/><E71/><V7/><F104/><W42/><G117/><T127/><D43/><U62/><E115/><V68/><F68/><W0/><G0/><T78/><D97/><U99/><E131/><V16/><F30/><W50/><G130/><T82/><D129/><U128/><E128/><V105/><F105/><W26/><G126/><T39/><D83/><U9/><E79/><V53/><F53/><W125/><G125/><T113/><D127/><U90/><E133/><V67/><F67/><W98/><G98/><T63/><D63/><U110/><E110/><V4/><F75/><W73/><G73/><T109/><D39/><U54/><E9/><V11/><F74/><W118/><G118/><T3/><D3/><U57/><E22/><V134/><F134/><W29/><G35/><T2/><D2/><U6/><E6/><N who="2" m="2091" /><F10/><W38/><G65/><T19/><D78/><U132/><E132/><V8/><F8/><W1/><G69/><T72/><D72/><U88/><E31/><V123/><F123/><W94/><G1/><T124/><D124/><U112/><E28/><V24/><F37/><W103/><G86/><T92/><D121/><U13/><E13/><V77/><F24/><W5/><G5/><T44/><D44/><AGARI ba="0,0" hai="11,12,16,40,41,44,49,55,77,81,85" m="2091" machi="44" ten="30,3900,0" yaku="8,1,52,1,54,1" doraHai="14" who="2" fromWho="0" sc="154,-39,174,0,375,39,297,0" /><INIT seed="4,0,0,0,4,84" ten="115,174,414,297" oya="0" hai0="90,132,120,26,27,91,104,110,60,73,97,39,19" hai1="37,24,108,8,53,31,64,5,94,4,86,75,74" hai2="98,71,105,89,113,65,33,55,78,15,82,28,9" hai3="20,79,112,119,46,99,50,45,34,56,69,66,133"/><T87/><D73/><U3/><E37/><V0/><F113/><W81/><G34/><T30/><D39/><U127/><E127/><V22/><F55/><W54/><G112/><T47/><D120/><U85/><E5/><V102/><F0/><W43/><G119/><T116/><D116/><U92/><E64/><V57/><F57/><W29/><G133/><T131/><D132/><U42/><E42/><V14/><F22/><W32/><G32/><T25/><D110/><U83/><E108/><V109/><F109/><W88/><G69/><T126/><D30/><U118/><E118/><V77/><F9/><W122/><G66/><T121/><D121/><U58/><E75/><V100/><F100/><W6/><G6/><T123/><D123/><U7/><E4/><V11/><F11/><W40/><G122/><T107/><D126/><U125/><E74/><V101/><F101/><W51/><G79/><T52/><D107/><U1/><E3/><V70/><F78/><W117/><G117/><T62/><D104/><U12/><E1/><V114/><F77/><W35/><G35/><T111/><D111/><U36/><E36/><V59/><F114/><W103/><G103/><T2/><D2/><U115/><E115/><V38/><F38/><W23/><G29/><T124/><D124/><U63/><E125/><V93/><F82/><W80/><G80/><N who="0" m="49511" /><D19/><U76/><REACH who="1" step="1"/><E86/><REACH who="1" ten="115,164,414,297" step="2"/><N who="2" m="52407" /><F65/><W13/><G43/><T18/><D18/><U61/><E61/><V41/><F41/><W17/><G40/><T96/><D62/><U130/><E130/><V44/><F28/><W68/><G17/><RYUUKYOKU ba="0,1" sc="115,-10,164,30,414,-10,297,-10" hai1="7,8,12,24,31,53,58,63,76,83,85,92,94" /><INIT seed="5,1,1,2,2,27" ten="105,194,404,287" oya="1" hai0="130,86,70,0,46,84,36,101,100,25,48,94,1" hai1="80,20,118,12,22,116,19,124,60,126,73,96,16" hai2="54,14,57,67,107,55,11,32,56,122,61,134,58" hai3="81,18,102,132,47,69,59,63,35,88,4,17,41"/><U98/><E60/><V85/><F107/><W125/><G69/><T53/><D130/><U108/><E80/><V34/><F122/><W135/><G125/><N who="1" m="48234" /><E73/><V119/><F134/><W89/><G35/><T40/><D70/><U45/><E45/><V110/><F110/><W117/><G117/><N who="1" m="45162" /><E108/><V131/><F131/><W83/><G102/><T2/><D86/><U121/><E121/><V21/><F85/><W31/><G83/><T50/><D84/><U129/><E129/><V64/><F119/><W5/><G81/><T72/><D72/><U26/><AGARI ba="1,1" hai="12,16,19,20,22,26,96,98" m="45162,48234" machi="26" ten="30,3000,0" yaku="18,1,54,1" doraHai="27" who="1" fromWho="1" sc="105,-11,194,43,404,-11,287,-11" /><INIT seed="5,2,0,1,2,92" ten="94,237,393,276" oya="1" hai0="14,52,125,74,106,84,123,97,134,15,99,18,119" hai1="120,93,51,5,101,3,102,45,124,94,19,64,86" hai2="55,118,41,80,60,126,78,22,121,30,89,16,6" hai3="100,85,115,24,81,10,67,28,116,112,27,1,36"/><U75/><E75/><V107/><F121/><W65/><G36/><T73/><D106/><U35/><E120/><V132/><F126/><W66/><G116/><T127/><D123/><U72/><E124/><N who="0" m="47689" /><D119/><U122/><E72/><N who="0" m="27753" /><D134/><U38/><E38/><V109/><F107/><W11/><G100/><T128/><D128/><U98/><E35/><V95/><F132/><W56/><G56/><T21/><D84/><U46/><E122/><V108/><F109/><W96/><G96/><N who="0" m="36939" /><D52/><N who="1" m="29807" /><E64/><V76/><F55/><W8/><G67/><T83/><D83/><U57/><E57/><V42/><F80/><W77/><G66/><T87/><D87/><U63/><E63/><V131/><F60/><W61/><G61/><T91/><D91/><N who="1" m="53495" /><E101/><V34/><F89/><W23/><G65/><T105/><D105/><U53/><E3/><V44/><F108/><W117/><G1/><T31/><D31/><U26/><E5/><V88/><F6/><W133/><G133/><T47/><D47/><U17/><E26/><AGARI ba="2,0" hai="14,15,18,21,26" m="36939,27753,47689" machi="26" ten="30,7700,0" yaku="18,1,52,3" doraHai="92" who="0" fromWho="1" sc="94,83,237,-83,393,0,276,0" /><INIT seed="6,0,0,0,1,119" ten="177,154,393,276" oya="2" hai0="17,112,129,63,25,30,47,110,88,118,123,21,92" hai1="33,49,35,103,75,57,86,120,62,116,78,26,73" hai2="61,79,59,89,95,34,42,14,27,39,56,16,127" hai3="99,5,23,40,121,11,0,74,105,65,6,20,2"/><V67/><F127/><W100/><G74/><T32/><D110/><U124/><E116/><V84/><F79/><W50/><G121/><T60/><D118/><U106/><E124/><V80/><F42/><W111/><G111/><T130/><D47/><U69/><E35/><V98/><F39/><W96/><G65/><T134/><D134/><U102/><E49/><V46/><F46/><W45/><G96/><N who="0" m="57351" /><D112/><U1/><E1/><V48/><F27/><W52/><G40/><T126/><D126/><U53/><E69/><V107/><F107/><W94/><G105/><T82/><D82/><U91/><E26/><V29/><F29/><W71/><G71/><T87/><D87/><U109/><E33/><V58/><F34/><W3/><REACH who="3" step="1"/><G6/><REACH who="3" ten="177,154,393,266" step="2"/><T9/><D123/><U36/><E75/><V122/><F122/><W83/><G83/><T54/><D54/><U19/><E73/><V133/><F80/><W64/><G64/><T12/><D32/><U31/><E106/><V15/><F98/><W104/><G104/><T70/><D70/><U93/><E109/><V81/><F81/><W90/><G90/><T115/><D115/><U108/><E108/><V76/><F89/><W44/><G44/><T114/><D114/><U117/><E117/><V4/><F4/><W66/><G66/><T77/><D77/><U85/><E120/><V10/><F76/><W43/><G43/><T125/><D125/><U18/><E78/><V113/><F67/><W22/><AGARI ba="0,1" hai="0,2,3,5,11,20,22,23,45,50,52,94,99,100" machi="22" ten="30,7900,0" yaku="1,1,0,1,54,1,53,1" doraHai="119" doraHaiUra="41" who="3" fromWho="3" sc="177,-20,154,-20,393,-39,266,89" /><INIT seed="7,0,0,3,5,48" ten="157,134,354,355" oya="3" hai0="29,75,80,85,121,114,70,104,102,120,32,65,87" hai1="12,76,10,44,28,113,13,69,90,43,17,109,78" hai2="89,14,2,74,35,71,53,19,27,132,37,124,135" hai3="122,64,108,73,107,105,130,15,117,4,61,50,112"/><W88/><G117/><T42/><D87/><U63/><E109/><V98/><F37/><W45/><G122/><T101/><D85/><U97/><E113/><V39/><F39/><W41/><G73/><T56/><D56/><U72/><E72/><V116/><F74/><W128/><G112/><T24/><D102/><U127/><E127/><V99/><F124/><W91/><G108/><T100/><D100/><U59/><E69/><V1/><F71/><W34/><G34/><T8/><D8/><U118/><E118/><V92/><F116/><W125/><G125/><T86/><D42/><U25/><E13/><V57/><F98/><W55/><G41/><T9/><D9/><U23/><E90/><N who="3" m="34346" /><G4/><T31/><D75/><U54/><REACH who="1" step="1"/><E97/><REACH who="1" ten="157,124,354,355" step="2"/><V30/><F132/><W58/><G15/><T94/><D114/><U21/><E21/><V82/><F135/><W36/><G36/><AGARI ba="0,1" hai="10,12,17,23,25,28,36,43,44,54,59,63,76,78" machi="36" ten="30,3900,0" yaku="1,1,7,1,52,1,53,0" doraHai="48" doraHaiUra="103" who="1" fromWho="3" sc="157,0,124,49,354,0,355,-39" owari="157,-34.0,173,-23.0,354,45.0,316,12.0" /></mjloggm>