<mjloggm ver="2.3"><GO type="41" lobby="0"/><UN n0="%E3%81%A8%E3%81%AA%E3%81%BF" n1="%73%68%69%67%65%32%33%36" n2="%E3%83%89%E3%83%A9%E3%83%83%E3%82%AF%E3%82%AD%E3%83%B3%E3%82%B0" n3="%E3%82%A6%E3%83%AB%E3%83%88%E3%83%A9%E7%AB%8B%E7%9B%B4" dan="14,14,15,16" rate="1937.57,1967.94,1969.10,2056.02" sx="M,F,M,M"/><TAIKYOKU oya="0"/><INIT seed="0,0,0,3,3,10" ten="250,250,250,250" oya="0" hai0="5,118,47,26,54,96,117,87,22,66,127,79,91" hai1="78,115,62,8,116,80,120,11,42,124,128,35,37" hai2="110,64,57,7,82,16,40,53,121,63,61,38,105" hai3="19,55,109,13,101,25,86,103,46,108,98,34,3"/><T17/><D127/><U12/><E120/><V130/><F105/><W27/><G3/><T56/><D66/><U102/><E35/><V71/><F7/><W99/><G34/><T93/><D5/><U88/><E116/><V43/><F121/><W4/><G4/><T92/><D47/><U76/><E124/><V52/><F82/><W70/><G70/><T129/><D79/><U9/><E102/><V60/><F16/><W41/><G55/><N who="2" m="21065" /><F130/><W65/><G65/><T59/><D129/><U132/><E62/><V104/><F104/><W48/><G86/><T74/><D74/><U111/><E128/><V20/><F20/><W135/><G27/><T49/><REACH who="0" step="1"/><D59/><REACH who="0" ten="240,250,250,250" step="2"/><U45/><E132/><V39/><F110/><W125/><G135/><T112/><D112/><U134/><E134/><V81/><F71/><W85/><G109/><T107/><D107/><U69/><E111/><V94/><F94/><W23/><G108/><T24/><D24/><U89/><E69/><V44/><F81/><W83/><G125/><T123/><D123/><U126/><E126/><V106/><F106/><W119/><G25/><T84/><D84/><U133/><E133/><V100/><F100/><AGARI ba="0,1" hai="17,22,26,49,54,56,87,91,92,93,96,100,117,118" machi="100" ten="30,2900,0" yaku="1,1,7,1,53,0" doraHai="10" doraHaiUra="1" who="0" fromWho="2" sc="240,39,250,0,250,-29,250,0" /><INIT seed="0,1,0,1,4,44" ten="279,250,221,250" oya="0" hai0="28,36,119,84,133,89,134,13,74,135,114,100,82" hai1="52,25,65,49,123,55,127,40,5,32,72,20,4" hai2="88,70,113,51,93,62,1,66,91,95,50,108,3" hai3="48,41,125,101,130,92,69,17,46,87,116,61,0"/><T110/><D36/><U14/><E72/><V56/><F113/><W15/><G0/><T79/><D28/><U115/><E32/><V22/><F108/><W31/><G116/><T120/><D13/><U29/><E123/><V131/><F131/><W9/><G130/><T107/><D120/><U124/><E115/><V98/><F70/><W103/><G125/><N who="1" m="48202" /><E65/><V109/><F109/><W47/><G31/><T97/><D110/><U68/><E68/><V2/><REACH who="2" step="1"/><F22/><REACH who="2" ten="279,250,211,250" step="2"/><W99/><G69/><T132/><D114/><U78/><E78/><V43/><F43/><W81/><G47/><T18/><D119/><U37/><E37/><V73/><F73/><W45/><G45/><T67/><D135/><U38/><E38/><V57/><F57/><W64/><G46/><T128/><D128/><U86/><E40/><V105/><F105/><W42/><G42/><T23/><D67/><U60/><E55/><V12/><F12/><W39/><G41/><T77/><D23/><U80/><E14/><V30/><F30/><W96/><G39/><T11/><D11/><U76/><E60/><V102/><F102/><W83/><G61/><T35/><D35/><U75/><E75/><V54/><F54/><W21/><G64/><T19/><REACH who="0" step="1"/><D79/><REACH who="0" ten="269,250,211,250" step="2"/><U112/><E112/><V90/><F90/><N who="3" m="53343" /><G21/><T121/><D121/><U111/><E111/><V118/><F118/><W53/><G101/><T58/><D58/><AGARI ba="1,2" hai="4,5,20,25,29,49,52,58,76,80,86" m="48202" machi="58" ten="30,3900,0" yaku="18,1,52,1,54,1" doraHai="44" who="1" fromWho="0" sc="269,-42,250,62,211,0,250,0" /><INIT seed="1,0,0,5,0,58" ten="227,312,211,250" oya="1" hai0="44,116,78,56,31,66,114,118,75,43,70,15,112" hai1="30,62,132,40,71,117,20,21,18,95,90,79,16" hai2="61,32,27,97,3,50,123,8,127,105,34,135,115" hai3="52,119,76,38,2,84,83,74,23,63,110,122,67"/><U98/><E117/><V130/><F123/><W68/><G122/><T1/><D1/><U102/><E132/><V126/><F115/><N who="0" m="44074" /><D75/><U101/><E79/><V113/><F113/><W60/><G119/><T88/><D78/><U96/><E40/><V82/><F82/><W10/><G38/><N who="0" m="21623" /><D31/><U57/><E71/><V72/><F72/><W9/><G110/><T131/><D15/><N who="1" m="9247" /><E30/><V47/><F105/><W92/><G2/><T73/><D73/><U81/><E98/><V77/><F97/><W53/><G23/><T51/><D88/><N who="1" m="55399" /><E81/><V46/><F34/><W65/><G74/><T35/><D35/><U33/><E90/><V87/><F32/><W64/><G92/><T54/><D131/><U94/><E94/><V55/><F130/><W89/><G89/><T45/><D45/><U91/><E91/><V133/><F133/><W41/><G41/><T28/><D28/><U93/><E93/><V125/><F135/><W37/><G37/><T13/><D13/><N who="1" m="9423" /><E33/><V99/><F99/><W120/><G120/><T26/><D26/><U42/><E42/><V80/><F27/><W103/><G103/><T134/><D134/><U39/><E39/><V14/><F3/><W48/><G9/><T121/><D121/><U108/><E108/><V86/><F87/><W36/><G10/><T85/><D85/><U129/><E129/><V109/><F109/><W59/><G36/><T69/><D69/><U107/><E107/><V7/><F46/><AGARI ba="0,0" hai="46,48,52,53,59,60,63,64,65,67,68,76,83,84" machi="46" ten="30,7700,0" yaku="7,1,52,2,54,1" doraHai="58" who="3" fromWho="2" sc="227,0,312,0,211,-77,250,77" /><INIT seed="2,0,0,4,0,90" ten="227,312,134,327" oya="2" hai0="22,4,81,28,36,92,120,17,34,43,121,113,96" hai1="71,6,20,19,78,61,30,107,8,41,80,130,25" hai2="18,13,68,122,67,76,91,5,27,126,129,44,39" hai3="123,104,114,15,26,52,59,116,37,38,87,63,125"/><V65/><F122/><W97/><G123/><T100/><D113/><U106/><E130/><V99/><F129/><W109/><G116/><T124/><D124/><U45/><E30/><V74/><F126/><W75/><G75/><T102/><D4/><U85/><E71/><V131/><F131/><W72/><G72/><T7/><D7/><U21/><E61/><V47/><F74/><W73/><G73/><T2/><D2/><U31/><E21/><V86/><F68/><W54/><G125/><T110/><D102/><U105/><E31/><V35/><F39/><W83/><G114/><T128/><D128/><U10/><REACH who="1" step="1"/><E6/><REACH who="1" ten="227,302,134,327" step="2"/><V89/><F5/><W103/><G15/><T14/><D28/><U84/><E84/><V134/><F134/><W42/><G26/><T46/><D14/><U40/><E40/><V49/><F27/><W9/><G42/><T77/><D43/><U79/><E79/><V62/><F35/><W24/><G24/><T3/><D34/><U56/><E56/><V64/><F62/><W98/><G59/><T16/><D77/><U115/><E115/><V132/><F132/><W127/><G63/><T101/><D121/><U94/><E94/><V88/><F99/><W108/><G87/><T55/><D96/><U23/><E23/><N who="2" m="11727" /><F49/><AGARI ba="0,1" hai="8,10,19,20,25,41,45,49,78,80,85,105,106,107" machi="49" ten="40,1300,0" yaku="1,1,53,0" doraHai="90" doraHaiUra="0" who="1" fromWho="2" sc="227,0,302,23,134,-13,327,0" /><INIT seed="3,0,0,3,1,50" ten="227,325,121,327" oya="3" hai0="61,38,78,80,9,44,124,106,4,18,0,105,87" hai1="135,115,114,132,23,16,31,108,95,40,45,49,68" hai2="86,94,70,30,100,58,121,35,81,97,104,89,26" hai3="3,130,123,118,67,48,47,6,27,65,109,46,119"/><W110/><G6/><T127/><D61/><U28/><E68/><V59/><F121/><W133/><G3/><T76/><D76/><U34/><E108/><N who="3" m="41578" /><G27/><T96/><D96/><U88/><E34/><V25/><F25/><W53/><G123/><T52/><D18/><U37/><E37/><V112/><F112/><W113/><G113/><T73/><D87/><N who="1" m="52639" /><E115/><V99/><REACH who="2" step="1"/><F70/><REACH who="2" ten="227,325,111,327" step="2"/><W122/><G122/><T107/><REACH who="0" step="1"/><D38/><REACH who="0" ten="217,325,111,327" step="2"/><U117/><E114/><V134/><F134/><N who="1" m="51241" /><E117/><N who="3" m="44554" /><G133/><T128/><D128/><U17/><E17/><V21/><F21/><W101/><G130/><T111/><D111/><U71/><E71/><V14/><F14/><AGARI ba="0,2" hai="14,16,23,28,31,40,45,49" m="51241,52639" machi="14" ten="30,3900,0" yaku="20,1,54,2" doraHai="50" who="1" fromWho="2" sc="217,0,325,59,111,-39,327,0" /><INIT seed="4,0,0,2,5,49" ten="217,384,72,327" oya="0" hai0="126,34,83,74,123,30,81,76,56,95,70,66,32" hai1="18,90,33,72,63,119,4,64,25,118,104,43,40" hai2="10,100,47,65,101,111,135,71,23,94,80,96,114" hai3="31,97,128,116,91,44,27,75,99,5,61,35,127"/><T0/><D70/><U22/><E104/><V85/><F111/><W77/><G116/><T26/><D0/><U15/><E72/><V51/><F71/><W16/><G127/><T89/><D123/><U42/><E90/><V55/><F65/><W122/><G122/><T20/><D83/><U28/><REACH who="1" step="1"/><E4/><REACH who="1" ten="217,374,72,327" step="2"/><V78/><F135/><W106/><G106/><T129/><D126/><U48/><E48/><V93/><F114/><W1/><G75/><T69/><D129/><U12/><E12/><V112/><F112/><W134/><G91/><T102/><D102/><U82/><E82/><V113/><F113/><W108/><G128/><T67/><D69/><AGARI ba="0,1" hai="15,18,22,25,28,33,40,42,43,63,64,69,118,119" machi="69" ten="40,1300,0" yaku="1,1,53,0" doraHai="49" doraHaiUra="105" who="1" fromWho="0" sc="217,-13,374,23,72,0,327,0" /><INIT seed="5,0,0,4,5,128" ten="204,397,72,327" oya="1" hai0="42,22,106,101,32,57,66,6,118,122,93,121,85" hai1="12,67,30,16,31,133,116,62,21,103,8,132,5" hai2="24,25,13,69,0,37,70,112,76,114,117,89,36" hai3="71,19,9,48,40,134,63,95,59,113,92,58,56"/><U110/><E116/><V52/><F0/><W82/><G82/><T4/><D32/><U41/><E41/><V64/><F76/><W84/><G84/><T65/><D106/><U98/><E110/><V15/><F117/><W29/><G29/><T14/><D118/><U55/><E55/><V38/><F89/><W125/><G9/><T90/><D42/><U77/><E77/><V87/><F87/><W94/><G19/><T7/><D101/><U109/><E109/><V120/><F52/><W127/><G113/><N who="2" m="43625" /><F120/><W105/><G105/><T86/><D86/><U54/><E54/><V119/><F119/><W107/><G107/><T34/><D34/><U43/><E43/><V102/><F102/><W60/><G48/><T2/><D2/><N who="1" m="55" /><E103/><V72/><F72/><W33/><G40/><T123/><REACH who="0" step="1"/><D57/><REACH who="0" ten="194,397,72,327" step="2"/><N who="1" m="37327" /><E98/><V44/><F44/><W111/><G111/><T100/><D100/><U11/><E11/><V130/><F130/><W39/><G33/><T17/><AGARI ba="0,1" hai="4,6,7,14,17,22,65,66,85,90,93,121,122,123" machi="17" ten="40,8000,1" yaku="1,1,0,1,13,1,53,1" doraHai="128" doraHaiUra="81" who="0" fromWho="0" sc="194,90,397,-40,72,-20,327,-20" /><INIT seed="6,0,0,5,3,85" ten="284,357,52,307" oya="2" hai0="13,51,93,135,58,6,84,134,96,49,16,60,73" hai1="106,63,101,55,40,27,77,22,44,104,126,74,110" hai2="52,65,68,133,109,23,116,37,31,70,62,76,71" hai3="119,131,90,15,8,54,0,128,30,43,35,21,79"/><V48/><F116/><W98/><G119/><T118/><D73/><U20/><E126/><V33/><F33/><W120/><G120/><T67/><D118/><U103/><E110/><V107/><F107/><W86/><G43/><T80/><D6/><U45/><E74/><V124/><F76/><W50/><G79/><T17/><D135/><U24/><E77/><V10/><F124/><W46/><G98/><T36/><D36/><U39/><E63/><V88/><F37/><W111/><G111/><T102/><D134/><U117/><E39/><V64/><F64/><W32/><G0/><T53/><D67/><U1/><E40/><V56/><F133/><W14/><G32/><T108/><D108/><U61/><E117/><V99/><F10/><W75/><G75/><T29/><D29/><U89/><E61/><V34/><F34/><W115/><G35/><T81/><D81/><U123/><E55/><V129/><F129/><W87/><G87/><T97/><D97/><U11/><E11/><V3/><F3/><W92/><G115/><T112/><D112/><U12/><E1/><V26/><REACH who="2" step="1"/><F109/><REACH who="2" ten="284,357,42,307" step="2"/><W78/><G78/><T19/><REACH who="0" step="1"/><D13/><REACH who="0" ten="274,357,42,307" step="2"/><U41/><E12/><V38/><F38/><W25/><REACH who="3" step="1"/><G15/><REACH who="3" ten="274,357,42,297" step="2"/><T127/><D127/><U94/><E123/><V122/><F122/><W114/><G114/><T100/><D100/><U5/><E103/><V91/><F91/><AGARI ba="0,3" hai="16,17,19,49,51,53,58,60,80,84,91,93,96,102" machi="91" ten="40,8000,1" yaku="1,1,8,1,52,1,54,1,53,0" doraHai="85" doraHaiUra="130" who="0" fromWho="2" sc="274,110,357,0,42,-80,297,0" owari="384,48.0,357,16.0,-38,-54.0,297,-10.0" /></mjloggm>