<mjloggm ver="2.3"><GO type="41" lobby="0"/><UN n0="%E3%82%A6%E3%83%AB%E3%83%88%E3%83%A9%E7%AB%8B%E7%9B%B4" n1="%E5%B8%82" n2="%42%6F%6E%42%6F%6E" n3="%E3%83%9E%E3%82%B9%E3%82%BF%E3%83%BC" dan="16,13,14,13" rate="2067.68,1861.33,1906.17,1845.22" sx="M,M,M,M"/><TAIKYOKU oya="0"/><INIT seed="0,0,0,0,3,61" ten="250,250,250,250" oya="0" hai0="131,63,85,21,35,34,55,68,93,30,123,54,2" hai1="86,18,58,102,95,73,9,70,29,39,121,56,42" hai2="115,89,104,107,16,134,4,20,0,60,130,75,92" hai3="126,57,36,116,24,88,15,23,52,106,117,133,48"/><T99/><D2/><U13/><E121/><V76/><F75/><W72/><G133/><T25/><D123/><U3/><E73/><V129/><F76/><W64/><G126/><T6/><D131/><N who="2" m="50186" /><F134/><W119/><G72/><T108/><D6/><U110/><E70/><V122/><F122/><W37/><G106/><T113/><D113/><U11/><E110/><V83/><F83/><W103/><G103/><T53/><D108/><U135/><E135/><V14/><F115/><W77/><G77/><T45/><D85/><U51/><E29/><V67/><F4/><W59/><G15/><T50/><D35/><U46/><E39/><V78/><F78/><W80/><G80/><T32/><D32/><U79/><E3/><V49/><F49/><W111/><G111/><T81/><D34/><U128/><E128/><V74/><F74/><W91/><G37/><T105/><D81/><N who="1" m="47423" /><E11/><V118/><F0/><W1/><G36/><T125/><D105/><U66/><E66/><V98/><F118/><W27/><G1/><T26/><D125/><U5/><E5/><V31/><F31/><W12/><G12/><T82/><D26/><U109/><E109/><V62/><F62/><W97/><G24/><T38/><D38/><U94/><E94/><V120/><F120/><W69/><G27/><T28/><D28/><U96/><AGARI ba="0,0" hai="9,13,18,42,46,51,56,58,95,96,102" m="47423" machi="96" ten="30,1100,0" yaku="8,1" doraHai="61" who="1" fromWho="1" sc="250,-5,250,11,250,-3,250,-3" /><INIT seed="1,0,0,3,2,125" ten="245,261,247,247" oya="1" hai0="83,69,129,103,17,110,8,56,107,43,75,80,104" hai1="34,123,25,39,118,30,60,15,128,49,98,57,90" hai2="24,70,92,13,105,0,89,62,54,73,51,6,21" hai3="87,10,115,109,131,64,99,124,55,2,11,135,66"/><U114/><E123/><V35/><F73/><W116/><G115/><T63/><D69/><U86/><E118/><V1/><F105/><W94/><G124/><T97/><D104/><U22/><E114/><V28/><F70/><W45/><G109/><T82/><D43/><U18/><E39/><V65/><F65/><W32/><G32/><T77/><D110/><U101/><E49/><V120/><F62/><W4/><G135/><T40/><D40/><U100/><E128/><V121/><F0/><W112/><G112/><T84/><D8/><U59/><E98/><V71/><F71/><W85/><G131/><T106/><D17/><U95/><REACH who="1" step="1"/><E59/><REACH who="1" ten="245,251,247,247" step="2"/><V46/><F120/><W58/><G116/><T96/><D129/><U78/><E78/><V130/><F121/><W132/><G132/><T88/><D56/><U23/><E23/><V36/><F36/><W44/><G45/><T41/><D63/><U52/><AGARI ba="0,1" hai="15,18,22,25,30,34,52,57,60,86,90,95,100,101" machi="52" ten="20,7800,0" yaku="1,1,0,1,7,1,54,1,53,0" doraHai="125" doraHaiUra="119" who="1" fromWho="1" sc="245,-26,251,88,247,-26,247,-26" /><INIT seed="1,1,0,1,4,13" ten="219,339,221,221" oya="1" hai0="76,5,103,84,3,25,4,23,35,110,33,126,42" hai1="98,68,130,96,95,62,119,120,100,109,116,45,19" hai2="117,55,133,14,30,7,1,65,123,29,66,94,15" hai3="118,85,16,17,57,90,102,86,80,11,22,49,91"/><U89/><E120/><V78/><F1/><W51/><G118/><T24/><D103/><U127/><E127/><V20/><F117/><W53/><G102/><T32/><D84/><U114/><E114/><V2/><F2/><W77/><G49/><T60/><D76/><U104/><E130/><V67/><F78/><W43/><G43/><T64/><D42/><U83/><E45/><V106/><F106/><W111/><G111/><T87/><D87/><U12/><E83/><V134/><F94/><W39/><G39/><T124/><D60/><U74/><E74/><V41/><F41/><W121/><G121/><T27/><D64/><U54/><E109/><V48/><F7/><N who="0" m="2634" /><D3/><U88/><E89/><V71/><F71/><W81/><G81/><T28/><D110/><U61/><E61/><V92/><F92/><W128/><G128/><T132/><D132/><N who="2" m="50794" /><F123/><W46/><G46/><T101/><D101/><U0/><E0/><V105/><F105/><W18/><G86/><T52/><D52/><U131/><E131/><V79/><F79/><W69/><G69/><T56/><D56/><U21/><REACH who="1" step="1"/><E54/><REACH who="1" ten="219,329,221,221" step="2"/><V125/><F125/><AGARI ba="1,1" hai="23,24,25,27,28,32,33,35,124,125,126" m="2634" machi="125" ten="40,5200,0" yaku="18,1,34,2" doraHai="13" who="0" fromWho="2" sc="219,65,329,0,221,-55,221,0" /><INIT seed="2,0,0,5,0,72" ten="284,329,166,221" oya="2" hai0="53,25,9,13,44,14,128,58,5,91,84,39,129" hai1="113,45,99,50,4,16,49,27,33,108,59,8,117" hai2="83,110,43,35,76,107,81,65,31,6,21,95,56" hai3="80,103,63,0,118,109,93,75,1,126,52,90,77"/><V73/><F107/><W101/><G118/><T7/><D25/><U47/><E113/><V125/><F35/><W130/><G109/><T48/><D39/><U112/><E108/><V22/><F110/><W106/><G130/><T42/><D42/><U98/><E112/><V102/><F6/><W64/><G126/><T105/><D105/><U32/><E117/><V89/><F43/><W2/><G106/><T26/><D26/><U100/><E59/><V23/><F125/><W88/><G90/><T135/><D135/><U97/><E100/><V46/><F46/><N who="1" m="17417" /><E33/><V133/><F133/><W86/><REACH who="3" step="1"/><G52/><REACH who="3" ten="284,329,166,211" step="2"/><T123/><D44/><U92/><E32/><V61/><F83/><W36/><G36/><T79/><D91/><U20/><E92/><V66/><F66/><W55/><G55/><T114/><D114/><U82/><E82/><V67/><F67/><W120/><G120/><T54/><D123/><U11/><E4/><V121/><F121/><W104/><G104/><T74/><D54/><U68/><E68/><AGARI ba="0,1" hai="0,1,2,63,64,68,75,77,80,86,88,93,101,103" machi="68" ten="40,5200,0" yaku="1,1,52,1,54,1,53,0" doraHai="72" doraHaiUra="71" who="3" fromWho="1" sc="284,0,329,-52,166,0,211,62" /><INIT seed="3,0,0,0,4,123" ten="284,277,166,273" oya="3" hai0="16,8,17,70,54,46,94,52,93,116,117,80,122" hai1="71,24,133,66,79,73,98,49,67,72,20,83,25" hai2="107,125,97,105,32,114,109,77,7,104,92,27,23" hai3="31,39,19,75,89,37,2,58,57,74,1,103,44"/><W38/><G103/><T88/><D70/><U65/><E133/><V110/><F32/><W126/><G31/><T45/><D8/><U59/><E72/><N who="3" m="27690" /><G126/><T60/><D60/><U85/><E71/><V69/><F125/><W96/><G44/><T76/><D76/><U118/><E118/><V11/><F77/><W82/><G19/><T134/><D134/><U42/><E73/><V3/><F114/><W21/><G21/><T106/><D106/><U111/><E111/><N who="2" m="42507" /><F69/><W61/><G61/><T18/><D122/><U129/><E129/><V15/><F15/><W47/><G47/><N who="0" m="17931" /><D116/><U48/><E98/><V9/><F9/><W130/><G130/><T56/><D117/><U30/><E42/><V62/><F62/><W26/><G26/><T63/><D54/><U43/><E43/><V102/><F92/><N who="3" m="56335" /><G82/><T14/><D14/><U135/><E135/><V4/><F4/><W99/><G99/><N who="0" m="57767" /><D94/><U87/><E59/><V128/><F128/><W5/><G5/><T50/><D63/><U29/><REACH who="1" step="1"/><E87/><REACH who="1" ten="284,267,166,273" step="2"/><V113/><F113/><W121/><G121/><T35/><D35/><AGARI ba="0,1" hai="20,24,25,29,30,35,48,49,65,66,67,79,83,85" machi="35" ten="40,2600,0" yaku="1,1,2,1,53,0" doraHai="123" doraHaiUra="112" who="1" fromWho="0" sc="284,-26,267,36,166,0,273,0" /><INIT seed="4,0,0,4,5,71" ten="258,303,166,273" oya="0" hai0="2,79,51,104,63,57,64,19,124,1,12,89,17" hai1="108,78,92,58,66,30,118,98,36,62,60,27,25" hai2="121,69,85,111,29,107,114,133,127,24,68,73,32" hai3="116,82,55,13,119,113,65,74,126,39,35,49,100"/><T128/><D104/><U81/><E108/><V75/><RYUUKYOKU type="yao9" ba="0,0" sc="258,0,303,0,166,0,273,0" hai2="24,29,32,68,69,73,75,85,107,111,114,121,127,133" /><INIT seed="4,1,0,3,2,105" ten="258,303,166,273" oya="0" hai0="32,92,51,95,73,65,57,72,7,66,48,53,80" hai1="6,107,114,117,58,79,130,41,78,13,16,34,11" hai2="9,111,86,20,106,131,37,116,97,127,46,33,29" hai3="4,135,69,99,42,14,24,59,49,115,109,77,110"/><T123/><D123/><U30/><E117/><V63/><F33/><W15/><G69/><T67/><D32/><U84/><E107/><V19/><F116/><W56/><G77/><T25/><D7/><U60/><E130/><V27/><F131/><W43/><G135/><T70/><D70/><U134/><E134/><V81/><F111/><W89/><G24/><T12/><D12/><U47/><E114/><V0/><F106/><W21/><G115/><T103/><D25/><U45/><E84/><V93/><F37/><W88/><G49/><T26/><D26/><U133/><E133/><V68/><F68/><W132/><G132/><T52/><D80/><U120/><E120/><V71/><F71/><W125/><G21/><T62/><D62/><U1/><E47/><V76/><F46/><W64/><G64/><T3/><D3/><U101/><E101/><V23/><F0/><W129/><G129/><T61/><D61/><U124/><E124/><V5/><F5/><W8/><G4/><T44/><REACH who="0" step="1"/><D103/><REACH who="0" ten="248,303,166,273" step="2"/><U38/><E34/><V121/><F121/><W102/><G102/><T55/><D55/><U91/><E30/><V119/><F119/><W126/><G14/><T82/><D82/><U118/><E118/><V85/><F63/><W94/><G15/><T112/><D112/><U22/><E91/><V74/><F29/><W2/><G2/><T54/><D54/><AGARI ba="1,1" hai="1,6,11,13,16,22,38,41,45,54,58,60,78,79" machi="54" ten="30,2000,0" yaku="7,1,54,1" doraHai="105" who="1" fromWho="0" sc="248,-23,303,33,166,0,273,0" /><INIT seed="5,0,0,5,0,116" ten="225,336,166,273" oya="1" hai0="4,110,73,49,25,104,21,60,68,89,19,24,18" hai1="6,36,35,28,11,30,1,65,37,71,53,103,69" hai2="79,63,33,52,91,72,118,62,38,17,97,83,39" hai3="102,54,94,57,40,108,48,115,81,88,126,27,56"/><U42/><E103/><V44/><F33/><W76/><G108/><T127/><D110/><U32/><E53/><V8/><F118/><W58/><G115/><T96/><D73/><U93/><E93/><V75/><F75/><W135/><G126/><T121/><D127/><U100/><E100/><V5/><F62/><W122/><G135/><T77/><D77/><U12/><E12/><V55/><F17/><W26/><G122/><T128/><D4/><U107/><E107/><V70/><F70/><W66/><G102/><T101/><D128/><U50/><E50/><V9/><F9/><W64/><G40/><T23/><D49/><U47/><E37/><V15/><F63/><W120/><G120/><T31/><D31/><U0/><E0/><V80/><F97/><N who="3" m="57543" /><G81/><T13/><D13/><U123/><E123/><V59/><F59/><N who="3" m="33223" /><G76/><T106/><D121/><U105/><E105/><V134/><F134/><W16/><G27/><T87/><D104/><U7/><E7/><V131/><F131/><W92/><G92/><T125/><D125/><U61/><REACH who="1" step="1"/><E71/><REACH who="1" ten="225,326,166,273" step="2"/><V111/><F111/><W130/><G130/><T74/><D68/><U117/><E117/><V82/><F38/><W85/><G85/><T29/><D74/><U99/><E99/><V119/><F119/><W2/><G2/><T3/><D3/><U114/><E114/><V129/><F129/><W46/><G46/><T132/><D106/><U43/><E43/><N who="2" m="22655" /><F82/><W20/><AGARI ba="0,1" hai="16,20,26,56,57,58,64,66" m="33223,57543" machi="20" ten="30,4000,0" yaku="8,1,54,2" doraHai="116" who="3" fromWho="3" sc="225,-10,326,-20,166,-10,273,50" /><INIT seed="6,0,0,2,5,69" ten="215,306,156,323" oya="2" hai0="54,125,107,76,59,34,106,49,37,99,94,82,109" hai1="111,95,52,3,46,64,92,65,55,121,26,74,108" hai2="105,86,103,8,36,98,44,113,110,131,66,18,84" hai3="1,96,14,27,114,68,61,0,97,123,53,77,85"/><V83/><F110/><N who="1" m="42025" /><E3/><V67/><F86/><W15/><G123/><T58/><D34/><U29/><E74/><V41/><F113/><W101/><G114/><T25/><D125/><U32/><E46/><V118/><F118/><W50/><G27/><T33/><D109/><U20/><E20/><V90/><F131/><W89/><G77/><T35/><D35/><U119/><E119/><V102/><F102/><W39/><G39/><T112/><D112/><U132/><E132/><V79/><F90/><W62/><G68/><T73/><D37/><U11/><E11/><V130/><REACH who="2" step="1"/><F130/><REACH who="2" ten="215,306,146,323" step="2"/><W93/><G101/><T70/><D73/><U57/><E121/><V100/><F100/><W75/><G75/><T6/><D76/><U81/><E81/><V88/><F88/><W22/><G96/><T38/><D99/><U126/><E126/><V129/><F129/><W21/><G97/><T2/><D82/><U12/><E95/><V28/><F28/><W56/><G93/><T48/><D94/><U23/><E92/><V80/><F80/><W87/><G89/><T24/><D106/><U115/><E29/><V40/><F40/><W51/><G85/><T127/><D107/><U13/><E32/><V134/><F134/><W31/><G31/><T91/><D33/><U78/><E115/><V4/><F4/><W7/><G7/><T104/><D104/><U9/><E78/><V42/><F42/><W135/><G87/><T43/><D6/><U117/><E117/><V47/><F47/><W63/><G135/><T71/><D127/><U116/><E116/><V10/><F10/><RYUUKYOKU ba="0,1" sc="215,-10,306,-10,146,30,323,-10" hai2="8,18,36,41,44,66,67,79,83,84,98,103,105" /><INIT seed="6,1,1,0,1,66" ten="205,296,176,313" oya="2" hai0="13,101,3,96,45,97,11,65,81,131,54,94,114" hai1="95,57,35,132,4,92,77,109,125,72,79,107,23" hai2="76,39,26,70,117,14,133,36,63,91,74,47,75" hai3="84,25,60,2,12,42,18,100,9,78,83,113,46"/><V49/><F117/><W123/><G123/><T7/><D131/><U124/><E109/><V21/><F76/><W0/><G100/><T122/><D122/><U28/><E107/><V71/><F14/><W88/><G113/><T108/><D108/><U128/><E35/><V34/><F34/><W115/><G115/><T31/><D114/><U53/><E132/><V130/><F133/><W118/><G118/><T126/><D126/><N who="1" m="48747" /><E4/><V16/><F130/><W38/><G25/><T105/><D31/><U50/><E128/><V5/><F5/><W82/><REACH who="3" step="1"/><G60/><REACH who="3" ten="205,296,176,303" step="2"/><T30/><D101/><U24/><E72/><AGARI ba="1,2" hai="0,2,9,12,18,38,42,46,72,78,82,83,84,88" machi="72" ten="30,7700,0" yaku="1,1,2,1,7,1,54,1,53,0" doraHai="66" doraHaiUra="20" who="3" fromWho="1" sc="205,0,296,-80,176,0,303,100" /><INIT seed="7,0,0,3,3,130" ten="205,216,176,403" oya="3" hai0="131,24,99,16,59,45,80,58,74,77,50,81,17" hai1="83,85,129,87,28,51,86,35,101,19,133,27,132" hai2="102,38,91,23,127,4,122,120,46,8,30,89,95" hai3="109,98,29,9,61,96,119,107,15,55,14,103,20"/><W2/><G2/><T62/><D131/><U118/><E129/><V114/><F38/><W117/><G98/><T82/><D74/><U100/><E118/><V115/><F46/><W121/><G121/><N who="2" m="46697" /><F30/><W57/><G109/><T63/><D77/><U26/><E83/><N who="0" m="21249" /><T5/><DORA hai="68" /><D5/><U124/><E124/><V97/><F23/><W22/><G22/><N who="0" m="13383" /><D99/><U64/><E64/><V52/><F52/><W48/><G61/><N who="0" m="23051" /><D17/><U112/><E51/><V104/><F4/><W65/><G48/><T6/><D6/><U7/><E7/><V1/><F1/><W44/><G96/><T56/><D56/><U53/><E53/><AGARI ba="0,0" hai="45,50,53,58,59" m="23051,13383,21249" machi="53" ten="30,2000,0" yaku="8,1,54,1" doraHai="130,68" who="0" fromWho="1" sc="205,20,216,-20,176,0,403,0" owari="225,3.0,196,-20.0,176,-32.0,403,49.0" /></mjloggm>