<mjloggm ver="2.3"><GO type="97" lobby="0"/><UN n0="%6B%6F%75%6A%69%32%37" n1="%E3%82%A6%E3%83%AB%E3%83%88%E3%83%A9%E7%AB%8B%E7%9B%B4" n2="%E3%81%84%E3%82%93%E3%81%B1%E3%82%89" n3="%E3%83%96%E3%83%B3%E3%82%AC%E3%82%AF" dan="14,15,13,15" rate="1914.43,2006.41,1892.63,2041.67" sx="M,M,M,M"/><TAIKYOKU oya="0"/><INIT seed="0,0,0,3,5,68" ten="250,250,250,250" oya="0" hai0="60,114,48,121,132,70,124,35,59,108,109,129,85" hai1="10,21,88,107,31,13,71,84,15,126,4,77,106" hai2="44,120,36,7,113,54,62,17,46,115,14,134,96" hai3="75,128,41,135,127,104,34,80,110,87,3,49,81"/><T61/><D121/><U105/><E71/><V25/><F120/><W86/><G49/><T1/><D1/><U94/><E126/><V40/><F134/><W53/><G53/><N who="0" m="32167" /><D35/><U130/><E130/><V83/><F96/><W9/><G41/><T90/><D90/><U55/><E77/><V89/><F25/><W98/><G9/><T102/><D102/><U45/><E45/><V65/><F7/><W39/><G34/><T133/><D85/><U92/><E55/><V19/><F19/><W66/><G66/><N who="0" m="41287" /><D124/><U20/><E31/><V50/><F83/><W73/><G3/><T42/><D129/><U8/><REACH who="1" step="1"/><E94/><REACH who="1" ten="250,240,250,250" step="2"/><V64/><F115/><W125/><G128/><T95/><D95/><U2/><E2/><V33/><F113/><W123/><G123/><T26/><D114/><U22/><E22/><V23/><F33/><W52/><G135/><N who="0" m="51787" /><D26/><U118/><E118/><V12/><F23/><W11/><G127/><T72/><D72/><U0/><E0/><V111/><F89/><W117/><G125/><T79/><D79/><U32/><E32/><V97/><F97/><W16/><G75/><T29/><D29/><U6/><AGARI ba="0,1" hai="4,6,8,10,13,15,20,21,84,88,92,105,106,107" machi="6" ten="30,12000,2" yaku="1,1,0,1,9,1,54,1,53,2" doraHai="68" doraHaiUra="18" who="1" fromWho="1" sc="250,-60,240,130,250,-30,250,-30" /><INIT seed="1,0,0,2,1,105" ten="190,370,220,220" oya="1" hai0="15,46,29,111,62,134,70,76,108,41,49,101,123" hai1="33,131,93,87,54,5,78,75,128,112,31,32,13" hai2="121,11,39,100,35,109,48,53,42,52,66,79,74" hai3="45,55,38,114,84,21,129,103,90,22,57,56,122"/><U73/><E112/><V14/><F121/><W28/><G114/><T124/><D101/><U80/><E93/><V72/><F35/><N who="1" m="13385" /><E31/><V68/><F100/><W119/><G122/><T10/><D76/><U88/><E78/><V43/><F79/><W133/><G103/><T2/><D123/><U27/><E27/><V107/><F107/><W82/><G129/><N who="1" m="49738" /><E54/><V4/><F109/><W69/><G133/><T98/><D2/><U30/><E30/><V113/><F113/><W104/><G104/><T58/><D134/><U60/><E60/><N who="2" m="40007" /><F53/><W7/><G69/><T115/><D115/><U18/><E5/><V81/><F81/><W95/><G7/><T77/><D77/><U23/><AGARI ba="0,0" hai="13,18,23,73,75,80,87,88" m="49738,13385" machi="23" ten="30,11700,0" yaku="19,1,52,2,54,1" doraHai="105" who="1" fromWho="1" sc="190,-39,370,117,220,-39,220,-39" /><INIT seed="1,1,0,4,3,62" ten="151,487,181,181" oya="1" hai0="105,91,85,68,42,60,37,92,73,21,119,65,130" hai1="77,88,100,98,70,61,34,128,45,0,13,54,132" hai2="96,10,74,121,51,59,133,66,126,28,53,90,109" hai3="18,80,117,20,56,116,125,135,127,25,111,6,87"/><U63/><E0/><V122/><F126/><N who="3" m="48139" /><G56/><T102/><D119/><N who="3" m="45641" /><G80/><T67/><D130/><U9/><E34/><V118/><F118/><W50/><G87/><T46/><D73/><U110/><E110/><V52/><F133/><W49/><G111/><T43/><D43/><U24/><E24/><V114/><F114/><W58/><G135/><T108/><D108/><U32/><E32/><V129/><F109/><W57/><G6/><T97/><D21/><U107/><E132/><V71/><F129/><W1/><G1/><T30/><D30/><U4/><E77/><V103/><F74/><W94/><G94/><T41/><D41/><U89/><E128/><V5/><F28/><W8/><G8/><T17/><D17/><U38/><E61/><V3/><F90/><W84/><G84/><T27/><D27/><U82/><E82/><V113/><F113/><W40/><G50/><T93/><REACH who="0" step="1"/><D67/><REACH who="0" ten="141,487,181,181" step="2"/><U12/><E4/><V14/><F66/><W48/><G40/><T64/><D64/><U19/><E19/><V16/><F71/><W99/><G58/><T101/><D101/><U86/><E70/><V81/><F103/><W33/><G57/><T23/><D23/><U106/><E100/><V39/><F59/><W78/><G33/><T26/><D26/><U2/><E9/><V35/><F10/><W15/><G25/><T7/><D7/><U69/><E69/><V131/><F5/><W123/><G20/><T95/><AGARI ba="1,1" hai="37,42,46,60,65,68,85,91,92,93,95,97,102,105" machi="95" ten="20,5200,0" yaku="1,1,0,1,7,1,52,1,53,0" doraHai="62" doraHaiUra="112" who="0" fromWho="0" sc="141,65,487,-27,181,-14,181,-14" /><INIT seed="2,0,0,5,3,126" ten="206,460,167,167" oya="2" hai0="46,125,98,127,70,128,17,49,10,94,87,104,41" hai1="28,33,76,130,75,29,30,111,45,95,78,25,103" hai2="2,8,1,23,81,11,51,91,53,57,5,60,6" hai3="133,83,19,132,44,107,12,7,3,106,26,66,47"/><V85/><REACH who="2" step="1"/><F23/><REACH who="2" ten="206,460,157,167" step="2"/><W15/><G66/><T16/><D10/><U37/><E33/><V123/><F123/><W129/><G129/><T122/><D122/><U118/><E130/><V68/><F68/><W124/><G124/><N who="0" m="47691" /><D70/><U110/><E118/><V117/><F117/><W80/><G133/><T48/><D128/><U102/><E30/><V14/><F14/><W131/><G132/><T74/><D74/><U58/><E29/><V101/><F101/><W35/><G131/><T82/><D104/><U115/><E28/><V116/><F116/><W72/><G35/><T42/><D42/><U31/><E102/><V113/><F113/><W73/><G15/><T119/><D119/><U93/><E103/><V79/><F79/><W134/><G12/><T39/><D39/><U38/><E115/><V59/><F59/><W61/><G134/><T55/><D98/><U43/><E58/><V13/><F13/><W40/><G3/><T86/><D82/><U56/><E56/><V97/><F97/><W4/><G26/><T109/><D109/><U63/><E78/><V24/><F24/><W69/><G69/><T135/><D135/><U21/><E76/><V18/><F18/><N who="0" m="7274" /><D94/><N who="1" m="35851" /><E75/><V121/><F121/><W84/><G19/><T32/><D32/><U34/><E34/><V100/><F100/><W22/><G73/><T90/><D90/><U67/><E38/><V52/><F52/><W0/><G72/><T64/><D64/><U65/><E65/><V112/><F112/><W27/><G107/><T71/><D71/><N who="1" m="42495" /><E111/><V114/><F114/><W36/><G106/><T9/><D9/><RYUUKYOKU ba="0,1" sc="206,10,460,10,157,10,167,-30" hai0="41,46,48,49,55,86,87" hai1="21,25,31,37,43,45,110" hai2="1,2,5,6,8,11,51,53,57,60,81,85,91" /><INIT seed="2,1,1,3,2,13" ten="216,470,167,137" oya="2" hai0="131,119,3,79,86,38,121,36,73,88,87,26,0" hai1="53,20,65,95,123,109,4,130,96,48,78,68,64" hai2="114,94,103,6,43,9,1,34,80,82,49,134,59" hai3="75,101,27,57,33,70,16,135,2,110,129,41,126"/><V50/><F114/><W15/><G70/><T8/><D121/><U124/><E68/><V99/><F34/><W92/><G75/><T46/><D131/><U21/><E130/><V45/><REACH who="2" step="1"/><F134/><REACH who="2" ten="216,470,157,137" step="2"/><W81/><G129/><T39/><D119/><U5/><E123/><V7/><F7/><W18/><G135/><T74/><D26/><U67/><E4/><V44/><F44/><W42/><G2/><T104/><D46/><U85/><E5/><V32/><F32/><W19/><G33/><T107/><D3/><U91/><E124/><V25/><F25/><W61/><G126/><T106/><D0/><U105/><E109/><V47/><F47/><W51/><G27/><T60/><D8/><U40/><E40/><V116/><F116/><W37/><G110/><T113/><D113/><U35/><E35/><V98/><F98/><N who="3" m="59591" /><G37/><T108/><D108/><U100/><E21/><V71/><F71/><W76/><G41/><T90/><D39/><U66/><E20/><V10/><F10/><W83/><G42/><T118/><D118/><U93/><E96/><V97/><F97/><W11/><G51/><T127/><D127/><U77/><E48/><V30/><F30/><W55/><G76/><T111/><D111/><U122/><E78/><V58/><F58/><W56/><G56/><T115/><D115/><U132/><E77/><V69/><F69/><W14/><G14/><T24/><D24/><U125/><E132/><V29/><F29/><W23/><G23/><T12/><D12/><U22/><E125/><V112/><F112/><W31/><G31/><T84/><D38/><RYUUKYOKU ba="1,2" sc="216,-15,470,-15,157,15,137,15" hai2="1,6,9,43,45,49,50,59,80,82,94,99,103" hai3="11,15,16,18,19,55,57,61,81,83" /><INIT seed="2,2,2,5,4,29" ten="201,455,172,152" oya="2" hai0="56,45,38,30,108,117,35,96,21,120,41,60,111" hai1="44,72,118,3,4,135,39,13,5,109,69,15,107" hai2="129,68,100,127,84,14,62,121,8,59,32,27,49" hai3="6,104,51,25,9,74,80,10,92,76,65,133,40"/><V42/><F121/><W54/><G104/><T125/><D120/><U122/><E44/><N who="2" m="25751" /><F68/><W28/><G65/><T33/><D125/><U123/><E15/><V94/><F32/><W12/><G40/><T11/><D117/><U66/><E13/><V1/><F1/><W34/><G133/><T112/><D112/><U85/><E5/><N who="2" m="3343" /><F127/><W103/><G10/><T53/><D11/><U86/><E4/><V90/><F129/><W88/><G103/><T89/><D21/><U17/><E17/><V57/><F100/><W26/><G28/><T116/><D30/><U23/><E3/><V106/><F106/><W102/><G34/><T110/><D116/><U128/><E107/><V64/><F59/><W50/><G102/><T130/><D130/><U75/><E128/><V91/><F91/><W22/><G22/><T95/><AGARI ba="2,2" hai="33,35,38,41,45,53,56,60,89,95,96,108,110,111" machi="95" ten="40,8000,1" yaku="0,1,14,1,52,2" doraHai="29" who="0" fromWho="0" sc="201,106,455,-22,172,-42,152,-22" /><INIT seed="3,0,0,4,1,49" ten="307,433,130,130" oya="3" hai0="101,61,102,67,106,94,90,108,60,110,135,46,13" hai1="56,103,58,134,52,77,70,126,74,73,125,104,50" hai2="127,38,91,18,25,131,29,93,111,45,112,0,48" hai3="89,17,8,40,39,96,118,129,34,12,10,15,44"/><W54/><G118/><T81/><D135/><U119/><E70/><V11/><F112/><W120/><G120/><T37/><D13/><U2/><E2/><V26/><F127/><N who="1" m="48649" /><E77/><V109/><F131/><W98/><G34/><T75/><D37/><U87/><E103/><V130/><F130/><W66/><G66/><T76/><D46/><U68/><E104/><V16/><F38/><W35/><G35/><T83/><D60/><U84/><E68/><V71/><F71/><W19/><G129/><T132/><D61/><U88/><E134/><V117/><F117/><W85/><G54/><T3/><D67/><U107/><E107/><V27/><F0/><W53/><REACH who="3" step="1"/><G53/><REACH who="3" ten="307,433,130,120" step="2"/><T5/><D132/><U65/><E119/><V63/><F63/><W55/><G55/><T95/><D3/><U33/><E33/><V32/><F32/><W51/><G51/><T43/><D43/><U97/><E65/><V22/><F11/><W42/><G42/><T4/><D106/><U6/><E58/><V7/><F7/><W36/><G36/><T86/><D5/><U64/><E64/><V124/><F124/><W116/><G116/><T80/><D4/><U30/><E6/><V79/><F79/><W105/><G105/><T128/><D128/><U31/><E56/><V115/><F115/><W20/><G20/><T9/><D9/><U92/><E52/><N who="2" m="29711" /><F29/><W41/><G41/><T1/><D1/><U100/><E50/><V47/><F47/><W21/><G21/><T72/><D110/><N who="2" m="41994" /><F22/><W78/><G78/><N who="0" m="44103" /><D108/><U121/><E30/><V114/><F114/><W113/><G113/><RYUUKYOKU ba="0,1" sc="307,10,433,-30,130,10,120,10" hai0="75,76,81,83,86,90,94,95,101,102" hai2="16,18,25,26,27,91,93" hai3="8,10,12,15,17,19,39,40,44,85,89,96,98" /><INIT seed="3,1,1,4,0,74" ten="317,403,140,130" oya="3" hai0="118,27,48,134,32,71,107,5,22,61,12,44,110" hai1="112,10,0,96,6,79,100,40,105,75,23,87,89" hai2="83,57,129,128,109,104,30,28,126,7,3,51,95" hai3="111,121,55,62,116,86,45,133,43,14,63,114,85"/><W78/><G116/><T65/><D118/><U42/><E112/><V135/><F109/><W124/><G114/><T9/><D110/><U91/><E91/><V102/><F126/><W56/><G111/><T54/><D134/><U64/><E64/><V59/><F135/><W34/><G121/><T50/><D50/><U101/><E101/><V72/><F104/><W123/><G123/><T37/><D37/><U24/><E79/><N who="2" m="44519" /><F3/><W94/><G133/><T66/><D66/><U53/><E53/><N who="2" m="31935" /><F7/><W131/><G34/><T106/><D32/><U8/><E8/><V125/><F125/><W103/><G124/><T19/><AGARI ba="1,1" hai="5,9,12,19,22,27,44,48,54,61,65,71,106,107" machi="19" ten="20,1500,0" yaku="0,1,7,1" doraHai="74" who="0" fromWho="0" sc="317,28,403,-5,140,-5,130,-8" owari="345,15.0,398,49.0,135,-26.0,122,-38.0" /></mjloggm>