<mjloggm ver="2.3"><GO type="41" lobby="0"/><UN n0="%E3%82%A6%E3%83%AB%E3%83%88%E3%83%A9%E7%AB%8B%E7%9B%B4" n1="%E9%A3%9B%E3%81%B9%E3%81%AA%E3%81%84%E9%AD%9A%EF%BC%93" n2="%E7%94%9F%E7%B2%8B%E3%81%AE%E7%85%BD%E3%83%A9%E3%83%BC" n3="%E3%83%80%E3%82%B7%E3%83%AB%E3%83%90" dan="15,15,14,14" rate="1970.41,2011.08,1956.02,1914.09" sx="M,M,M,M"/><TAIKYOKU oya="0"/><INIT seed="0,0,0,2,4,48" ten="250,250,250,250" oya="0" hai0="108,107,59,57,85,58,50,90,20,80,76,104,73" hai1="66,110,49,91,98,41,106,93,12,31,60,118,52" hai2="89,42,61,36,97,4,119,34,54,126,83,6,71" hai3="15,8,70,5,14,32,29,131,114,122,53,1,87"/><T121/><D121/><U125/><E118/><V127/><F34/><W44/><G70/><T72/><D108/><U25/><E110/><V117/><F71/><W10/><G122/><T18/><D73/><U94/><E125/><N who="2" m="47627" /><F42/><W55/><G131/><T62/><D50/><U99/><E106/><V46/><F46/><W65/><G65/><T88/><D90/><U47/><E12/><V38/><F38/><W101/><G114/><T9/><D9/><U120/><E120/><V27/><F27/><W102/><G1/><T67/><D107/><U109/><E109/><V28/><F28/><W96/><G101/><T2/><D2/><U35/><E41/><V51/><F36/><W11/><G32/><T24/><REACH who="0" step="1"/><D104/><REACH who="0" ten="240,250,250,250" step="2"/><U75/><E75/><V39/><F39/><W68/><G5/><T130/><D130/><U103/><E60/><V37/><F37/><W43/><G68/><T116/><D116/><N who="2" m="44618" /><F51/><W124/><G124/><T115/><D115/><U30/><E30/><V26/><F4/><W134/><G29/><T19/><D19/><U92/><E103/><V17/><F6/><W128/><G10/><T64/><D64/><U86/><REACH who="1" step="1"/><E66/><REACH who="1" ten="240,240,250,250" step="2"/><V56/><F61/><W112/><G112/><T45/><D45/><U74/><E74/><V123/><F123/><W13/><G44/><T23/><D23/><U133/><E133/><V77/><F17/><W111/><G11/><T16/><D16/><U7/><E7/><V95/><F56/><W105/><G8/><T129/><D129/><U22/><E22/><V81/><F26/><W33/><G14/><T0/><D0/><RYUUKYOKU ba="0,2" sc="240,15,240,15,250,-15,250,-15" hai0="18,20,24,57,58,59,62,67,72,76,80,85,88" hai1="25,31,35,47,49,52,86,91,92,93,94,98,99" /><INIT seed="0,1,2,2,0,65" ten="255,255,235,235" oya="0" hai0="133,71,23,32,76,20,66,52,132,62,4,25,14" hai1="1,72,78,109,9,34,89,79,11,10,117,90,53" hai2="131,119,105,42,130,128,99,12,35,129,85,73,2" hai3="97,44,67,33,8,18,107,68,124,28,93,110,13"/><T102/><D76/><N who="1" m="29227" /><E72/><V75/><F2/><W26/><G110/><T80/><D80/><U95/><E34/><V54/><F35/><W31/><G124/><T87/><D87/><U56/><E1/><V46/><F54/><W91/><G28/><T81/><D81/><U134/><E109/><V51/><F85/><W111/><G111/><T112/><D102/><U59/><E117/><V120/><F120/><W104/><REACH who="3" step="1"/><G44/><REACH who="3" ten="255,255,235,225" step="2"/><T57/><D112/><U40/><E134/><V36/><N who="2" m="32768" /><DORA hai="3" /><V7/><F119/><W38/><G38/><T115/><D115/><U70/><E40/><V60/><F36/><W29/><G29/><T135/><D135/><U45/><E45/><V15/><F73/><W17/><G17/><T22/><D132/><U49/><E56/><V48/><F75/><W82/><G82/><T101/><D133/><U98/><E90/><V74/><F74/><W122/><G122/><T24/><D57/><U69/><E69/><V114/><F114/><W103/><G103/><T41/><D101/><U61/><E70/><V83/><F83/><W50/><G50/><AGARI ba="1,3" hai="9,10,11,49,50,53,59,61,89,95,98" m="29227" machi="50" ten="30,1000,0" yaku="8,1" doraHai="65,3" who="1" fromWho="3" sc="255,0,255,43,235,0,225,-13" /><INIT seed="1,0,0,0,3,28" ten="255,298,235,212" oya="1" hai0="15,45,24,101,32,58,76,110,29,114,4,47,40" hai1="106,67,59,48,126,50,80,109,69,97,90,18,116" hai2="102,46,115,49,133,53,88,130,7,33,135,125,131" hai3="117,38,68,9,107,73,36,64,111,6,19,22,77"/><U108/><E116/><V39/><F102/><W105/><G111/><N who="1" m="42570" /><E126/><V12/><F39/><W91/><G117/><T21/><D114/><U85/><E69/><V62/><F115/><W118/><G91/><T120/><D120/><U100/><E18/><V79/><F79/><W70/><G118/><T82/><D101/><U1/><E1/><V60/><F7/><W31/><G19/><T123/><D123/><U134/><E134/><N who="2" m="51211" /><F12/><W66/><G22/><T3/><D58/><U112/><E112/><V25/><F88/><W10/><G31/><T128/><D128/><N who="2" m="49194" /><F125/><W124/><G124/><T37/><D110/><U30/><E30/><AGARI ba="0,0" hai="25,30,33,46,49,53,60,62" m="49194,51211" machi="30" ten="30,3900,0" yaku="20,1,19,1,52,1" doraHai="28" who="2" fromWho="1" sc="255,0,298,-39,235,39,212,0" /><INIT seed="2,0,0,5,4,65" ten="255,259,274,212" oya="2" hai0="122,51,103,115,123,66,1,127,17,41,0,89,62" hai1="45,63,46,101,5,125,20,27,113,128,71,109,67" hai2="34,92,111,10,75,35,130,74,77,14,112,42,24" hai3="61,11,105,38,12,129,72,78,43,13,70,131,73"/><V81/><F112/><W86/><G105/><T19/><D103/><U60/><E113/><V33/><F130/><N who="3" m="49675" /><G38/><T126/><D89/><U124/><E128/><V28/><F75/><W114/><G43/><T80/><D80/><U9/><E109/><V16/><F42/><W100/><G100/><T104/><D51/><U39/><E63/><V22/><F92/><W23/><G23/><T8/><D41/><U97/><E39/><V15/><REACH who="2" step="1"/><F111/><REACH who="2" ten="255,259,264,212" step="2"/><W30/><G114/><T87/><D115/><U135/><E125/><V69/><F69/><W82/><G72/><T26/><D126/><U4/><E124/><V117/><F117/><W7/><G73/><T21/><D127/><U121/><E121/><V68/><F68/><W31/><G70/><T95/><D123/><U55/><E135/><V36/><F36/><W57/><G13/><AGARI ba="0,1" hai="10,13,14,15,16,22,24,28,33,34,35,74,77,81" machi="13" ten="40,3900,0" yaku="1,1,54,1,53,0" doraHai="65" doraHaiUra="134" who="2" fromWho="3" sc="255,0,259,0,264,49,212,-39" /><INIT seed="2,1,0,2,1,22" ten="255,259,313,173" oya="2" hai0="81,111,49,104,121,115,126,84,105,15,5,40,53" hai1="77,71,52,82,41,42,108,27,106,38,14,135,59" hai2="133,2,36,101,127,130,58,12,93,72,117,32,75" hai3="114,65,92,109,97,33,11,96,10,51,23,0,21"/><V1/><F117/><W54/><G109/><T116/><D121/><U119/><E106/><V87/><F36/><W100/><G33/><T8/><D111/><U129/><E108/><V30/><F127/><W125/><G125/><T57/><D126/><U28/><E119/><V85/><F85/><W120/><G120/><T9/><D115/><U16/><E71/><V3/><F130/><W62/><G114/><T134/><D134/><U95/><E135/><V79/><F133/><W25/><G21/><T110/><D110/><U113/><E129/><V78/><F78/><W17/><G96/><T88/><D116/><U64/><E113/><V132/><F132/><W128/><G0/><T67/><D67/><U118/><E64/><V63/><F12/><W44/><REACH who="3" step="1"/><G128/><REACH who="3" ten="255,259,313,163" step="2"/><T73/><D9/><N who="1" m="6223" /><E118/><V68/><F2/><W70/><AGARI ba="1,1" hai="10,11,17,23,25,44,51,54,62,65,70,92,97,100" machi="70" ten="20,5200,0" yaku="1,1,0,1,7,1,52,1,53,0" doraHai="22" doraHaiUra="112" who="3" fromWho="3" sc="255,-14,259,-14,313,-27,163,65" /><INIT seed="3,0,0,0,5,73" ten="241,245,286,228" oya="3" hai0="124,111,37,44,76,90,75,97,62,129,32,130,9" hai1="63,126,36,133,7,74,71,59,33,31,128,18,13" hai2="41,68,67,89,30,83,56,81,34,116,10,80,49" hai3="77,103,69,85,60,113,20,35,101,107,127,94,8"/><W1/><G35/><T92/><D32/><U15/><E36/><V118/><F68/><W54/><G113/><T47/><D37/><U5/><E71/><V102/><F102/><W98/><G127/><T16/><D62/><U14/><E74/><V65/><F34/><W0/><G101/><T2/><D2/><U26/><E126/><V109/><F30/><W117/><G117/><T121/><D121/><U106/><E106/><V132/><F132/><W70/><G69/><T120/><D120/><U42/><E42/><V3/><F109/><W52/><G54/><T79/><D111/><U58/><E133/><V46/><F89/><W88/><G8/><T6/><D6/><N who="1" m="2059" /><E58/><V53/><F3/><W45/><G20/><T87/><D75/><U29/><E59/><V51/><REACH who="2" step="1"/><F10/><REACH who="2" ten="241,245,276,228" step="2"/><W24/><G77/><N who="0" m="29771" /><D124/><U110/><E110/><V112/><F112/><W22/><G70/><T39/><D130/><U104/><E128/><V66/><AGARI ba="0,1" hai="41,46,49,51,53,56,65,66,67,80,81,83,116,118" machi="66" ten="30,2000,0" yaku="1,1,0,1,53,0" doraHai="73" doraHaiUra="93" who="2" fromWho="2" sc="241,-5,245,-5,276,30,228,-10" /><INIT seed="4,0,0,1,3,8" ten="236,240,306,218" oya="0" hai0="2,7,88,1,105,99,87,68,109,97,65,47,39" hai1="71,123,117,5,111,134,84,115,43,131,10,102,56" hai2="75,28,64,110,133,61,17,31,35,32,4,92,30" hai3="41,98,26,23,22,38,42,121,60,116,33,83,27"/><T130/><D109/><U85/><E43/><V11/><F75/><W63/><G116/><T20/><D65/><U53/><E71/><V55/><F110/><W52/><G38/><T59/><D68/><U101/><E111/><V45/><F133/><W108/><G33/><T107/><D59/><U49/><E117/><V132/><F132/><W9/><G108/><T24/><D130/><U103/><E134/><V125/><F125/><W15/><G121/><T51/><D39/><U70/><E131/><V3/><F92/><W25/><G83/><T128/><D128/><U127/><E123/><V18/><F45/><W54/><G98/><T62/><D62/><N who="3" m="23593" /><G41/><T66/><D66/><U46/><E70/><V79/><F79/><W112/><G112/><T90/><D99/><U14/><E127/><V119/><F55/><N who="3" m="21035" /><G42/><T73/><D97/><U37/><E115/><V6/><F119/><W93/><G93/><T114/><D114/><U106/><E106/><V44/><F44/><W36/><G36/><T57/><D47/><U67/><E37/><V126/><F126/><W81/><G81/><T13/><D105/><U91/><E91/><V50/><F50/><W72/><G72/><T21/><D90/><U16/><E5/><AGARI ba="0,0" hai="5,9,15,22,23,25,26,27" m="21035,23593" machi="5" ten="30,3900,0" yaku="8,1,52,1,54,1" doraHai="8" who="3" fromWho="1" sc="236,0,240,-39,306,0,218,39" /><INIT seed="5,0,0,4,2,15" ten="236,201,306,257" oya="1" hai0="50,32,103,18,120,67,12,75,108,105,30,87,86" hai1="119,41,101,37,45,28,85,81,88,125,11,127,76" hai2="36,10,130,134,17,132,128,74,118,29,49,54,135" hai3="129,52,122,40,46,55,5,116,100,107,59,57,20"/><U94/><E119/><V60/><F36/><W26/><G122/><T111/><D75/><U69/><E69/><V63/><F74/><W62/><G129/><N who="2" m="49769" /><F118/><W117/><G5/><T112/><D120/><U83/><E28/><V131/><F29/><W78/><G78/><T68/><D87/><U65/><E65/><V43/><F43/><W104/><G100/><T6/><D86/><U70/><E70/><V95/><F95/><W8/><G8/><T106/><D50/><U4/><E101/><V35/><F35/><W89/><G117/><T24/><D6/><U71/><E71/><V102/><F102/><W133/><G89/><T42/><D42/><U23/><E23/><V110/><F110/><W19/><G116/><T91/><D91/><U124/><REACH who="1" step="1"/><E76/><REACH who="1" ten="236,191,306,257" step="2"/><V80/><F131/><W72/><G133/><T53/><D103/><U13/><AGARI ba="0,1" hai="4,11,13,37,41,45,81,83,85,88,94,124,125,127" machi="13" ten="30,12000,1" yaku="1,1,2,1,0,1,18,1,54,1,53,0" doraHai="15" doraHaiUra="27" who="1" fromWho="1" sc="236,-40,191,130,306,-40,257,-40" /><INIT seed="5,1,0,2,2,84" ten="196,321,266,217" oya="1" hai0="37,103,126,61,2,124,30,31,45,85,59,19,24" hai1="107,4,28,43,112,0,46,90,47,83,71,131,55" hai2="105,60,99,114,78,53,25,129,27,64,82,7,115" hai3="36,109,18,102,108,135,111,62,20,21,97,50,92"/><U32/><E71/><V58/><F7/><W76/><G36/><T56/><D2/><U33/><E131/><V10/><F10/><W35/><G35/><T79/><D103/><U106/><E112/><N who="2" m="43051" /><F129/><W88/><G135/><T29/><D45/><U12/><E0/><V116/><F116/><W52/><G62/><T134/><D37/><U87/><E55/><V40/><F40/><W101/><G21/><T13/><D134/><U70/><E70/><V44/><F44/><W86/><G76/><T16/><D24/><U75/><E75/><N who="2" m="43359" /><F64/><W69/><G97/><T65/><D59/><U96/><E46/><V5/><F5/><W1/><G69/><T123/><D123/><U128/><E128/><V119/><F119/><W74/><G1/><T34/><D34/><U57/><E57/><V125/><F125/><W121/><G74/><T100/><D124/><U66/><E66/><V63/><F63/><W22/><G22/><T8/><D126/><U42/><E42/><V51/><F60/><W68/><G68/><T94/><D19/><U122/><E122/><V117/><F117/><W98/><G98/><T38/><D38/><U15/><E32/><V91/><F105/><W118/><G121/><T3/><D3/><U41/><E107/><V72/><F72/><W6/><G6/><T14/><D14/><N who="1" m="5163" /><E4/><V113/><N who="2" m="43059" /><V127/><DORA hai="120" /><F127/><W48/><G118/><T81/><D31/><U26/><E47/><V77/><F77/><W80/><G109/><T130/><D130/><U104/><E104/><V17/><F17/><W132/><G108/><T67/><D67/><RYUUKYOKU ba="1,0" sc="196,10,321,10,266,10,217,-30" hai0="8,13,16,29,30,56,61,65,79,81,85,94,100" hai1="26,28,33,41,43,83,87,90,96,106" hai2="25,27,51,53,58,91,99" /><INIT seed="5,2,0,3,0,47" ten="206,331,276,187" oya="1" hai0="12,62,33,125,21,102,103,54,59,72,0,127,95" hai1="51,101,122,120,64,73,121,6,74,61,85,128,100" hai2="76,15,70,67,60,37,111,28,109,42,20,65,80" hai3="52,34,92,27,43,17,46,13,4,22,131,29,10"/><U16/><E6/><V2/><F2/><W97/><G131/><T105/><D72/><U1/><E1/><V56/><F37/><W91/><G52/><T63/><D33/><U86/><E128/><V26/><F42/><W133/><G133/><T84/><D105/><U75/><E16/><V98/><F98/><W8/><G8/><T110/><D110/><U69/><REACH who="1" step="1"/><E51/><REACH who="1" ten="206,321,276,187" step="2"/><V104/><F104/><W114/><G114/><T119/><D0/><U35/><E35/><V112/><F112/><W123/><G123/><T39/><D12/><U71/><E71/><V77/><F70/><W9/><REACH who="3" step="1"/><G4/><REACH who="3" ten="206,321,276,177" step="2"/><T81/><D125/><U50/><E50/><AGARI ba="2,2" hai="9,10,13,17,22,27,29,34,43,46,50,91,92,97" machi="50" ten="30,8000,1" yaku="1,1,2,1,7,1,52,1,53,1" doraHai="47" doraHaiUra="89" who="3" fromWho="1" sc="206,0,321,-86,276,0,177,106" /><INIT seed="6,0,0,1,1,97" ten="206,235,276,283" oya="2" hai0="28,78,87,64,26,70,67,10,133,40,59,72,32" hai1="88,89,101,11,57,5,79,125,134,94,111,91,15" hai2="117,25,2,37,47,71,36,128,14,30,43,8,77" hai3="12,16,102,41,39,76,45,108,60,74,68,49,50"/><V31/><F117/><W129/><G108/><T21/><D72/><U92/><E111/><V112/><F2/><W121/><G121/><T54/><D70/><U126/><E134/><V84/><F71/><W17/><G17/><T24/><D133/><U115/><E115/><V35/><F112/><W75/><G76/><T4/><D40/><U82/><E57/><V109/><F109/><W53/><G50/><T127/><D127/><N who="1" m="48651" /><E101/><V62/><F128/><W116/><G116/><T114/><D114/><U105/><E105/><V99/><F31/><W81/><G81/><T52/><D32/><U120/><E120/><V33/><F62/><W107/><G129/><T7/><D26/><U80/><E80/><V51/><F33/><W56/><G102/><T135/><D135/><U19/><E19/><V9/><F9/><W22/><G107/><T13/><D4/><U20/><E20/><V3/><F3/><W0/><G0/><T69/><D69/><U98/><E98/><V118/><F118/><W83/><G83/><N who="0" m="47607" /><D64/><AGARI ba="0,0" hai="12,16,22,39,41,45,49,53,56,60,64,68,74,75" machi="64" ten="40,5200,0" yaku="24,2,54,1" doraHai="97" who="3" fromWho="0" sc="206,-52,235,0,276,0,283,52" /><INIT seed="7,0,0,1,1,0" ten="154,235,276,335" oya="3" hai0="112,53,56,3,55,64,70,16,11,119,33,109,22" hai1="36,51,77,30,128,126,71,28,4,49,122,110,62" hai2="101,15,78,58,21,42,45,133,96,57,130,34,132" hai3="76,66,98,116,97,59,117,1,35,86,24,17,38"/><W61/><G1/><T81/><D33/><U103/><E36/><V73/><F34/><W65/><G38/><T120/><D109/><U91/><E110/><V113/><F73/><W23/><G116/><T79/><D70/><U92/><E122/><V107/><F78/><W123/><G123/><T48/><D120/><U29/><E128/><V67/><F130/><W125/><G117/><T12/><D119/><U18/><E126/><V26/><F113/><W131/><G131/><T9/><D112/><U106/><E77/><V134/><F67/><N who="3" m="39359" /><G35/><T93/><D64/><N who="3" m="24681" /><G125/><T40/><D40/><U47/><E71/><V127/><F127/><W85/><G76/><T60/><D3/><U129/><E62/><V54/><F54/><W43/><G43/><T52/><D93/><U69/><E69/><V95/><F107/><W105/><G105/><T115/><D115/><U114/><E114/><V2/><BYE who="1" /><F2/><W82/><G82/><T94/><D94/><U102/><E102/><V5/><F26/><W121/><G121/><T46/><REACH who="0" step="1"/><D55/><REACH who="0" ten="144,235,276,335" step="2"/><U41/><E41/><V83/><F83/><W39/><G39/><T8/><D8/><U10/><E10/><V37/><REACH who="2" step="1"/><F21/><REACH who="2" ten="144,235,266,335" step="2"/><W31/><G23/><T72/><AGARI ba="0,2" hai="9,11,12,16,22,46,48,52,53,56,60,72,79,81" machi="72" ten="20,12000,2" yaku="1,1,0,1,7,1,54,2,53,1" doraHai="0" doraHaiUra="75" who="0" fromWho="0" sc="144,140,235,-30,266,-30,335,-60" /><INIT seed="8,0,0,4,0,26" ten="284,205,236,275" oya="0" hai0="79,112,114,120,28,59,10,1,116,96,94,49,47" hai1="32,73,80,127,66,125,93,109,54,64,88,71,115" hai2="83,15,41,132,121,29,55,25,86,92,61,40,67" hai3="45,34,14,105,133,101,16,104,100,102,48,43,63"/><T8/><D120/><U27/><E27/><V9/><F132/><W60/><G34/><T30/><D114/><U103/><E103/><V57/><F121/><W72/><G72/><T0/><D0/><U6/><E6/><V17/><F92/><W107/><REACH who="3" step="1"/><G133/><REACH who="3" ten="284,205,236,265" step="2"/><T124/><D112/><U110/><E110/><V69/><F69/><W53/><G53/><T122/><D122/><U23/><E23/><AGARI ba="0,1" hai="14,16,23,43,45,48,60,63,100,101,102,104,105,107" machi="23" ten="50,3200,0" yaku="1,1,54,1,53,0" doraHai="26" doraHaiUra="131" who="3" fromWho="1" sc="284,0,205,-32,236,0,265,42" owari="284,8.0,173,-33.0,236,-16.0,307,41.0" /></mjloggm>