<mjloggm ver="2.3"><GO type="169" lobby="0"/><UN n0="%E3%82%A6%E3%83%AB%E3%83%88%E3%83%A9%E7%AB%8B%E7%9B%B4" n1="%E6%96%B0%E5%AE%BF%E6%96%B9%E9%9D%A2" n2="%E7%A7%8B%E5%BA%AD%E8%A3%A1%E9%A6%99" n3="%E5%9F%BA%E7%A4%8E%E8%AB%96" dan="16,18,16,18" rate="2014.19,2234.10,2022.81,2239.21" sx="M,M,F,M"/><TAIKYOKU oya="0"/><INIT seed="0,0,0,0,2,18" ten="250,250,250,250" oya="0" hai0="119,9,4,98,40,36,27,53,61,57,105,23,100" hai1="45,2,49,3,108,127,55,25,0,75,21,111,67" hai2="131,50,95,41,22,56,37,92,106,32,121,89,46" hai3="77,73,104,113,72,135,124,81,93,117,110,96,26"/><T132/><D132/><U97/><E75/><V122/><F32/><W69/><G69/><T112/><D119/><U15/><E127/><V80/><F106/><W14/><G113/><T66/><D112/><U11/><E67/><V43/><F131/><W17/><G117/><T128/><D128/><U28/><REACH who="1" step="1"/><E97/><REACH who="1" ten="250,240,250,250" step="2"/><V65/><F65/><W116/><G96/><T123/><D123/><U63/><E63/><V44/><F121/><W94/><G73/><T103/><D66/><U109/><E109/><V70/><F122/><W1/><G72/><T129/><D129/><U34/><E34/><V30/><F70/><W107/><G110/><T52/><D103/><U68/><E68/><V29/><F56/><W60/><G124/><T59/><D98/><U19/><AGARI ba="0,1" hai="0,2,3,11,15,19,21,25,28,45,49,55,108,111" machi="19" ten="40,5200,0" yaku="1,1,0,1,52,1,53,0" doraHai="18" doraHaiUra="125" who="1" fromWho="1" sc="250,-26,240,62,250,-13,250,-13" /><INIT seed="1,0,0,2,2,60" ten="224,302,237,237" oya="1" hai0="35,62,22,82,23,17,50,42,8,90,117,125,30" hai1="116,89,115,26,14,135,44,131,119,46,114,72,110" hai2="112,95,59,20,24,41,4,78,98,64,91,127,18" hai3="9,99,129,132,88,52,70,124,113,57,48,19,120"/><U71/><E72/><V56/><F127/><W27/><G120/><T51/><D117/><U63/><E89/><V130/><F130/><W11/><G113/><N who="1" m="43018" /><E14/><V96/><F78/><W92/><G124/><T68/><D35/><U128/><E26/><V84/><F4/><W10/><G129/><N who="1" m="49738" /><E135/><V94/><F41/><W7/><G132/><T2/><D2/><U104/><E104/><V118/><F118/><N who="1" m="45097" /><E110/><V93/><F112/><W121/><G121/><T134/><D90/><U0/><E0/><V13/><F91/><W133/><G133/><T32/><D32/><U105/><E105/><V36/><F24/><W123/><G123/><T103/><D134/><U25/><E25/><V43/><F13/><W77/><G77/><T106/><D106/><U108/><E108/><V29/><F84/><W65/><G7/><T79/><D79/><U97/><E97/><V53/><F96/><W34/><G34/><T31/><D125/><U15/><E15/><V47/><F98/><W81/><G81/><T122/><D82/><U102/><E102/><V107/><F107/><W87/><G27/><T37/><D103/><U111/><E111/><V38/><F29/><W40/><G99/><T5/><D122/><U33/><E33/><V76/><F76/><W21/><G21/><T109/><D109/><U100/><E100/><V83/><F20/><W85/><G85/><T75/><D75/><U69/><E69/><V6/><F83/><W54/><G87/><T16/><D22/><U1/><E1/><V49/><F93/><W12/><G88/><T86/><D23/><U101/><E101/><RYUUKYOKU ba="0,0" sc="224,-10,302,30,237,-10,237,-10" hai1="44,46,63,71" /><INIT seed="1,1,0,3,2,120" ten="214,332,227,227" oya="1" hai0="50,0,67,100,87,45,27,68,14,135,49,41,127" hai1="4,59,72,17,25,117,24,65,79,88,105,8,37" hai2="126,118,122,131,121,15,110,32,55,46,2,34,74" hai3="95,43,84,111,133,23,51,30,48,102,10,6,125"/><U58/><E117/><V112/><RYUUKYOKU type="yao9" ba="1,0" sc="214,0,332,0,227,0,227,0" hai2="2,15,32,34,46,55,74,110,112,118,121,122,126,131" /><INIT seed="1,2,0,4,5,29" ten="214,332,227,227" oya="1" hai0="133,54,1,6,20,0,28,90,99,100,44,34,73" hai1="36,125,93,50,9,102,32,77,123,58,10,18,132" hai2="118,122,13,120,53,47,124,126,43,2,134,92,39" hai3="110,23,51,48,60,76,35,111,104,109,80,65,79"/><U63/><E36/><V24/><F118/><W121/><G121/><T56/><D73/><U57/><E123/><V19/><F134/><W69/><G104/><T27/><D133/><U75/><E132/><V7/><F24/><W72/><G79/><T64/><D6/><U108/><E77/><V15/><F2/><W66/><G66/><T81/><D64/><U37/><E37/><V107/><F107/><W70/><G70/><T83/><D44/><U85/><E75/><V62/><F92/><W55/><G23/><T88/><D34/><U11/><E32/><V101/><F101/><W59/><G51/><N who="0" m="30815" /><D0/><U3/><E3/><V41/><F7/><W114/><REACH who="3" step="1"/><G35/><REACH who="3" ten="214,332,227,217" step="2"/><T14/><D1/><U105/><E105/><V31/><F120/><W40/><G40/><T45/><D20/><U97/><E50/><V38/><F43/><W71/><G71/><T95/><D27/><U4/><E11/><V87/><F41/><W103/><G103/><T113/><D100/><U96/><E10/><V116/><F122/><W94/><G94/><T98/><D95/><U74/><E9/><V16/><F116/><W49/><G49/><T91/><D14/><U112/><E93/><V131/><F15/><W117/><G117/><T30/><D113/><AGARI ba="2,1" hai="48,55,59,60,65,69,72,76,80,109,110,111,113,114" machi="113" ten="40,5200,0" yaku="1,1,14,1,53,1" doraHai="29" doraHaiUra="52" who="3" fromWho="0" sc="214,-58,332,0,227,0,217,68" /><INIT seed="2,0,0,5,5,14" ten="156,332,227,285" oya="2" hai0="46,135,121,86,37,92,118,89,55,11,21,16,120" hai1="34,82,1,114,66,67,69,19,7,95,26,81,8" hai2="53,80,100,134,108,40,15,130,112,29,128,6,113" hai3="103,115,54,99,48,109,124,97,87,51,33,133,20"/><V107/><F134/><W127/><G33/><T116/><D11/><U131/><E114/><V41/><F29/><W71/><G71/><T64/><D64/><U77/><E131/><N who="2" m="50219" /><F80/><W90/><G133/><T5/><D5/><U101/><E69/><V96/><F53/><W49/><G115/><N who="2" m="44105" /><F108/><W62/><G109/><T85/><D85/><U13/><E82/><V28/><F28/><W132/><G132/><T25/><D135/><U2/><E67/><V58/><F58/><W56/><G20/><T31/><D31/><U125/><E66/><V106/><F106/><W70/><G70/><T104/><D104/><U88/><E81/><V122/><F122/><W119/><G54/><T3/><D3/><U9/><E2/><V17/><F6/><W68/><G56/><T75/><D75/><U35/><E7/><V110/><F110/><W42/><G68/><T32/><D32/><U91/><E35/><V105/><F105/><W126/><G126/><T0/><D0/><U98/><E1/><V76/><F76/><W79/><G79/><T24/><D121/><U72/><E125/><V39/><F39/><W83/><G127/><T65/><D120/><U4/><E77/><V47/><F47/><W78/><G78/><T129/><D129/><U10/><E72/><V52/><F52/><W93/><G83/><T60/><D55/><U36/><E36/><V44/><F44/><W45/><G45/><T59/><REACH who="0" step="1"/><D24/><REACH who="0" ten="146,332,227,285" step="2"/><U12/><E26/><V111/><F111/><W117/><G124/><T22/><D22/><AGARI ba="0,1" hai="15,17,22,40,41,96,100,107" m="44105,50219" machi="22" ten="30,2900,0" yaku="19,1,52,1" doraHai="14" who="2" fromWho="0" sc="146,-29,332,0,227,39,285,0" /><INIT seed="2,1,0,1,0,65" ten="117,332,266,285" oya="2" hai0="59,18,77,48,121,86,42,4,107,104,76,16,53" hai1="119,24,75,70,72,31,5,37,11,134,55,116,92" hai2="129,132,50,82,38,96,29,30,0,15,122,64,88" hai3="130,85,102,101,135,26,74,56,33,46,9,57,54"/><V19/><F122/><W73/><G73/><T120/><D4/><U123/><E123/><V22/><F38/><W32/><G74/><T67/><D120/><U115/><E115/><V79/><F0/><W69/><G9/><T131/><D121/><U36/><E134/><V60/><F50/><W8/><G8/><T117/><D117/><U14/><E37/><V21/><F129/><W103/><G135/><T41/><D131/><U35/><E36/><V3/><F3/><W12/><G12/><T71/><D104/><U63/><E75/><V28/><F79/><N who="0" m="30282" /><D107/><U34/><E34/><V114/><F114/><W127/><G33/><T66/><D71/><U105/><E105/><V128/><F128/><W39/><G69/><T81/><D67/><U98/><E72/><V109/><F132/><W43/><G39/><T84/><D66/><U118/><E70/><V17/><F64/><W124/><G32/><T58/><D58/><U125/><E119/><V111/><F60/><W1/><G1/><T51/><D84/><U93/><E118/><V47/><F47/><W25/><G85/><T80/><D86/><U87/><E35/><V62/><F62/><N who="3" m="36119" /><G57/><T78/><N who="0" m="30290" /><T112/><DORA hai="2" /><D112/><U7/><E116/><V40/><F40/><N who="0" m="15466" /><D51/><U68/><E68/><V45/><F45/><W108/><G130/><T6/><D6/><U20/><E63/><V99/><F96/><W126/><G46/><T44/><D44/><U95/><E98/><V52/><F99/><W27/><G43/><T97/><D97/><U90/><E7/><V133/><F133/><W100/><G100/><RYUUKYOKU ba="1,0" sc="117,15,332,-15,266,-15,285,15" hai0="16,18,48,53,59,80,81" hai3="25,26,27,101,102,103,108,124,126,127" /><INIT seed="3,2,0,1,3,30" ten="132,317,251,300" oya="3" hai0="42,59,19,49,60,125,18,32,126,25,92,11,33" hai1="37,55,0,57,124,20,69,44,15,102,76,36,132" hai2="66,16,87,1,106,65,2,64,35,85,22,79,135" hai3="39,113,99,95,128,9,133,81,129,86,71,31,130"/><W34/><G113/><T51/><D92/><U63/><E0/><V62/><F106/><W105/><G105/><T58/><D25/><U14/><E102/><V77/><F62/><W13/><G71/><T117/><D11/><U53/><E76/><V7/><F135/><W28/><G39/><T119/><D60/><U120/><E120/><V52/><F35/><W78/><G133/><T98/><D98/><U17/><E124/><V107/><F107/><W54/><G54/><T91/><D91/><U131/><E132/><V123/><F123/><W127/><G34/><T74/><D74/><U114/><E69/><V24/><F52/><W118/><G118/><T73/><D73/><U48/><E114/><V103/><F103/><N who="3" m="60927" /><G127/><T38/><D42/><U121/><E121/><V45/><F45/><W27/><G27/><T70/><D70/><U80/><E131/><V56/><F56/><W41/><G41/><T115/><D115/><U89/><E15/><V75/><F75/><W82/><G81/><T47/><D47/><U61/><E61/><V3/><REACH who="2" step="1"/><F7/><AGARI ba="2,0" hai="7,9,13,28,31,78,82,86,128,129,130" m="60927" machi="7" ten="30,1500,0" yaku="19,1" doraHai="30" who="3" fromWho="2" sc="132,0,317,0,251,-21,300,21" /><INIT seed="3,3,0,1,2,40" ten="132,317,230,321" oya="3" hai0="114,21,113,129,4,135,95,10,132,29,123,89,9" hai1="51,53,83,80,7,78,116,20,121,106,62,26,30" hai2="128,58,11,110,49,76,87,37,60,39,35,38,14" hai3="115,56,84,8,33,12,79,103,1,71,43,86,72"/><W57/><G33/><T17/><D89/><U93/><E121/><V18/><F35/><W28/><G71/><T44/><D95/><U88/><E106/><V24/><F110/><W27/><G115/><N who="0" m="44043" /><D44/><N who="1" m="27879" /><E116/><V105/><F105/><W85/><G86/><T41/><D41/><U126/><E7/><V52/><F128/><W2/><G85/><T124/><D123/><U5/><E5/><V118/><F118/><W0/><G84/><T46/><D46/><U112/><E112/><V120/><F120/><W98/><G43/><T16/><D129/><U63/><E78/><V22/><F76/><W54/><G54/><T96/><D96/><N who="1" m="57383" /><E126/><V59/><F87/><W97/><G79/><T125/><D29/><U127/><E127/><N who="0" m="48713" /><D9/><U31/><E31/><V77/><F77/><W119/><G97/><T101/><D101/><U13/><E83/><V45/><REACH who="2" step="1"/><F60/><REACH who="2" ten="132,317,220,321" step="2"/><W102/><G119/><T90/><D90/><U47/><E80/><V91/><F91/><W100/><G100/><T6/><D6/><AGARI ba="3,1" hai="6,11,14,18,22,24,37,38,39,45,49,52,58,59" machi="6" ten="40,12000,2" yaku="1,1,52,1,54,1,53,3" doraHai="40" doraHaiUra="70" who="2" fromWho="0" sc="132,-129,317,0,220,139,321,0" /><INIT seed="4,0,0,1,3,83" ten="3,317,359,321" oya="0" hai0="50,86,35,16,114,128,48,26,36,115,112,55,107" hai1="1,30,47,91,133,41,61,20,57,68,31,73,80" hai2="37,74,125,44,135,34,51,122,98,117,119,52,126" hai3="109,62,90,134,70,69,38,0,79,131,110,10,105"/><T17/><D107/><U97/><E1/><V28/><F122/><W21/><G105/><T64/><D36/><U67/><E133/><V24/><F135/><W58/><G38/><T123/><D123/><U113/><E113/><N who="0" m="28929" /><T72/><DORA hai="6" /><D72/><U33/><E33/><V81/><F98/><W65/><G134/><T124/><D124/><N who="2" m="47722" /><F37/><W93/><G79/><AGARI ba="0,0" hai="24,28,34,44,51,52,74,79,81,117,119" m="47722" machi="79" ten="30,2000,0" yaku="18,1,54,1" doraHai="83,6" who="2" fromWho="3" sc="3,0,317,0,359,20,321,-20" /><INIT seed="5,0,0,3,2,32" ten="3,317,379,301" oya="1" hai0="118,44,15,107,33,52,34,31,123,36,90,40,18" hai1="87,98,60,84,75,64,112,109,46,122,135,99,120" hai2="101,97,88,134,48,42,55,65,43,124,76,78,125" hai3="37,1,71,27,62,128,23,59,111,108,85,133,92"/><U68/><E75/><V20/><F65/><W95/><G37/><T79/><D118/><U126/><E46/><V102/><F20/><W10/><G71/><T19/><D107/><U67/><E135/><V28/><F28/><W3/><G133/><T103/><D103/><N who="2" m="39434" /><F134/><W77/><G128/><T2/><D79/><N who="2" m="30250" /><F125/><W41/><G41/><T12/><D90/><U49/><E126/><V74/><F74/><W45/><G45/><T116/><D44/><U104/><E104/><V86/><F97/><W56/><G10/><T21/><D52/><U83/><E98/><V100/><F100/><W6/><G6/><T8/><D40/><U51/><E99/><V9/><F9/><W5/><G62/><T72/><D72/><U114/><E68/><V29/><F29/><W115/><G92/><T47/><D47/><U113/><E60/><V117/><F117/><W35/><G59/><T50/><D50/><U80/><E114/><V17/><F17/><N who="0" m="6154" /><D36/><U13/><E113/><V69/><F69/><W4/><G23/><T89/><D89/><U0/><E112/><V39/><F39/><W16/><G56/><T105/><D105/><U26/><E67/><V54/><F48/><N who="1" m="18505" /><E64/><V81/><F124/><W96/><G115/><T53/><D53/><AGARI ba="0,0" hai="42,43,53,54,55,81,86,88" m="30250,39434" machi="53" ten="30,2000,0" yaku="8,1,54,1" doraHai="32" who="2" fromWho="0" sc="3,-20,317,0,379,20,301,0" owari="-17,-52.0,317,12.0,399,50.0,301,-10.0" /></mjloggm>