<mjloggm ver="2.3"><GO type="97" lobby="0"/><UN n0="%61%6A%79%61%6E%65%6B%6F" n1="%48%4F%48" n2="%E3%82%A6%E3%83%AB%E3%83%88%E3%83%A9%E7%AB%8B%E7%9B%B4" n3="%66%61%6D%69%63%6F" dan="15,15,15,13" rate="1989.44,1962.20,1963.32,1876.02" sx="M,M,M,F"/><TAIKYOKU oya="0"/><INIT seed="0,0,0,3,5,129" ten="250,250,250,250" oya="0" hai0="121,55,4,13,3,125,69,73,31,25,135,128,111" hai1="22,72,42,46,48,100,81,82,52,51,89,103,54" hai2="45,117,109,130,67,91,28,118,75,0,79,110,116" hai3="15,102,49,5,58,108,120,132,86,123,83,30,92"/><T107/><RYUUKYOKU type="yao9" ba="0,0" sc="250,0,250,0,250,0,250,0" hai0="3,4,13,25,31,55,69,73,107,111,121,125,128,135" /><INIT seed="0,1,0,5,0,129" ten="250,250,250,250" oya="0" hai0="26,12,85,78,65,103,52,41,96,0,5,92,67" hai1="82,33,100,125,114,11,24,80,18,86,77,130,13" hai2="117,112,109,17,122,124,110,121,39,22,23,62,30" hai3="2,44,97,66,105,104,99,81,93,16,132,72,98"/><T88/><D41/><U38/><E38/><V87/><F39/><W8/><G2/><T31/><D0/><U7/><E100/><V108/><F87/><W133/><G66/><T28/><D78/><U113/><E82/><V50/><F50/><W135/><G93/><T69/><D69/><U9/><E130/><V89/><F89/><W19/><G44/><T49/><D5/><U102/><E102/><V32/><F62/><W107/><G8/><T56/><D12/><U20/><E125/><V35/><F124/><W90/><G90/><T101/><D101/><U131/><E131/><V42/><F42/><W45/><G45/><T76/><D76/><AGARI ba="1,0" hai="16,19,72,76,81,97,98,99,104,105,107,132,133,135" machi="76" ten="60,12000,2" yaku="29,2,20,1,52,3,54,1" doraHai="129" who="3" fromWho="0" sc="250,-123,250,0,250,0,250,123" /><INIT seed="1,0,0,4,4,112" ten="127,250,250,373" oya="1" hai0="85,71,28,54,67,128,38,69,93,13,62,64,125" hai1="135,76,134,25,4,19,107,40,24,124,23,34,16" hai2="115,45,123,17,127,44,31,114,20,120,8,82,94" hai3="98,21,104,131,60,68,119,88,78,5,80,2,65"/><U116/><E107/><V3/><F94/><W39/><G39/><T92/><D28/><N who="1" m="19719" /><E40/><V90/><F90/><W9/><G131/><T30/><D30/><N who="1" m="17727" /><E76/><V63/><F82/><W97/><G21/><T111/><D128/><U102/><E102/><V43/><F63/><W51/><G104/><T109/><D38/><U56/><E56/><V46/><F43/><W57/><G119/><T48/><D125/><U81/><E81/><V66/><F66/><W12/><G2/><T133/><D133/><N who="1" m="50699" /><E124/><V75/><F75/><W87/><G57/><T74/><D74/><U32/><E32/><V37/><F127/><W22/><G51/><T101/><D93/><U47/><E47/><V95/><F44/><W27/><G78/><T33/><D33/><U14/><E116/><V0/><F45/><W49/><G49/><T42/><D42/><U129/><E129/><V18/><F46/><W79/><G79/><T99/><D85/><U59/><E59/><V35/><F37/><W29/><AGARI ba="0,0" hai="5,9,12,22,27,29,60,65,68,80,87,88,97,98" machi="29" ten="20,2700,0" yaku="0,1,7,1,54,1" doraHai="112" who="3" fromWho="3" sc="127,-7,250,-13,250,-7,373,27" /><INIT seed="2,0,0,1,1,128" ten="120,237,243,400" oya="2" hai0="42,121,54,107,135,49,92,90,30,103,117,19,87" hai1="68,5,80,58,110,22,31,13,25,18,114,115,27" hai2="116,23,53,78,122,112,35,1,20,40,2,15,126" hai3="76,113,60,47,118,125,72,93,48,104,51,71,109"/><V131/><F122/><W24/><G104/><T101/><D121/><U129/><E68/><V79/><F35/><W124/><G76/><T29/><D117/><U81/><E129/><V67/><F131/><W96/><G72/><T8/><D42/><U123/><E123/><V70/><F116/><W99/><G113/><T63/><D63/><U88/><E5/><V62/><F112/><W64/><G109/><T82/><D107/><U7/><E110/><V102/><F126/><W132/><G99/><T77/><D103/><U36/><E36/><V95/><F40/><W59/><G71/><T32/><D101/><U86/><E7/><V84/><F2/><W57/><G24/><T97/><D32/><U120/><E27/><V0/><F0/><W9/><G59/><T100/><D100/><U91/><E58/><N who="2" m="37335" /><F1/><W28/><G28/><T14/><REACH who="0" step="1"/><D135/><REACH who="0" ten="110,237,243,400" step="2"/><U73/><E120/><V105/><F105/><W52/><G132/><T11/><D11/><U127/><E114/><V16/><F70/><W98/><G9/><T65/><D65/><U38/><E115/><V45/><F23/><W4/><G118/><T69/><D69/><U10/><E10/><V55/><F102/><W21/><G21/><T108/><D108/><U34/><E22/><V130/><F130/><W106/><G106/><T133/><D133/><U66/><E34/><V26/><F55/><W75/><G52/><T119/><D119/><U50/><E66/><V56/><F53/><W3/><G125/><T46/><AGARI ba="0,1" hai="8,14,19,29,30,46,49,54,77,82,87,90,92,97" machi="46" ten="20,5200,0" yaku="1,1,0,1,7,1,8,1,53,0" doraHai="128" doraHaiUra="17" who="0" fromWho="0" sc="110,62,237,-13,243,-26,400,-13" /><INIT seed="3,0,0,1,2,103" ten="172,224,217,387" oya="3" hai0="41,130,45,109,82,51,104,29,108,61,74,65,134" hai1="52,120,42,98,115,62,95,92,121,25,107,99,30" hai2="75,56,11,84,54,24,3,90,135,26,34,47,16" hai3="101,100,10,133,7,60,79,33,67,14,37,71,97"/><W40/><G133/><T122/><D122/><U113/><E42/><V55/><F75/><W85/><G33/><T19/><D29/><U53/><E30/><V114/><F34/><W127/><G127/><T96/><D134/><U28/><E28/><V128/><F135/><W91/><G101/><T125/><D125/><U9/><E62/><N who="2" m="36119" /><F3/><W44/><G79/><T111/><D130/><U112/><E9/><V72/><F72/><W15/><G91/><T106/><D19/><U116/><E115/><V126/><F128/><W77/><G77/><N who="0" m="44343" /><D96/><U46/><E46/><V119/><F119/><W70/><G85/><T0/><D0/><U131/><E131/><V31/><F114/><W12/><G70/><T27/><D27/><N who="2" m="10282" /><F31/><W66/><G67/><T17/><D17/><U36/><E25/><V118/><F118/><W73/><G73/><T1/><D1/><U5/><E116/><V2/><F2/><W76/><G76/><T6/><D6/><U21/><E5/><V64/><F64/><W57/><G71/><T4/><D4/><U49/><E49/><N who="2" m="29119" /><F126/><W43/><G43/><T78/><D78/><U35/><E35/><V59/><F59/><AGARI ba="0,0" hai="41,45,51,59,61,65,104,106,108,109,111" m="44343" machi="59" ten="30,3900,0" yaku="14,1,52,2" doraHai="103" who="0" fromWho="2" sc="172,39,224,0,217,-39,387,0" owari="211,-19.0,224,2.0,178,-32.0,387,49.0" /></mjloggm>