<mjloggm ver="2.3"><GO type="97" lobby="0"/><UN n0="%E3%82%A6%E3%83%AB%E3%83%88%E3%83%A9%E7%AB%8B%E7%9B%B4" n1="%E9%80%81%E5%94%90%E5%9D%82%EF%BC%92" n2="%E8%91%9B%E5%9F%8E%E6%81%8B%E9%B3%A5" n3="%E6%A5%93%E9%9B%AA%E2%99%AA" dan="15,14,15,15" rate="1980.26,1906.96,1963.80,1987.38" sx="M,M,F,F"/><TAIKYOKU oya="0"/><INIT seed="0,0,0,1,1,80" ten="250,250,250,250" oya="0" hai0="100,98,135,16,133,121,85,33,108,42,115,132,76" hai1="66,41,60,92,70,122,93,130,43,29,17,54,72" hai2="78,71,0,35,36,7,25,6,112,27,47,123,82" hai3="99,26,101,55,61,120,21,87,28,13,52,58,84"/><T4/><D33/><U15/><E122/><V62/><F123/><W48/><G120/><T111/><D115/><U53/><E72/><N who="2" m="43335" /><F7/><W107/><G13/><T77/><D121/><U23/><E29/><V56/><F112/><W129/><G129/><T45/><D16/><U109/><E130/><V96/><F96/><W75/><G75/><T49/><D4/><U31/><E31/><V2/><F2/><W117/><G117/><T134/><N who="0" m="33792" /><DORA hai="40" /><T10/><D10/><U1/><E1/><V106/><F106/><W8/><G8/><T116/><D116/><U12/><E12/><V105/><F71/><W103/><G103/><T90/><D90/><U65/><E65/><N who="2" m="39111" /><F105/><W46/><AGARI ba="0,0" hai="21,26,28,46,48,52,55,58,61,84,87,99,101,107" machi="46" ten="20,12000,2" yaku="0,1,7,1,52,3,54,1" doraHai="80,40" who="3" fromWho="3" sc="250,-60,250,-30,250,-30,250,120" /><INIT seed="1,0,0,2,0,66" ten="190,220,220,370" oya="1" hai0="55,30,79,110,7,24,53,28,33,69,87,12,40" hai1="72,86,61,42,107,11,68,34,90,126,127,128,88" hai2="35,133,8,16,52,134,102,116,9,78,65,91,132" hai3="59,49,18,77,130,108,92,15,117,76,51,109,64"/><U4/><E72/><V13/><F116/><W75/><G117/><T56/><D110/><N who="3" m="42601" /><G130/><T36/><D36/><U3/><E128/><V100/><F78/><W46/><G92/><T41/><D30/><U129/><E129/><V124/><F35/><W73/><G77/><T39/><D39/><U57/><E107/><V111/><F65/><W19/><G19/><T23/><D69/><U0/><E34/><V14/><F124/><N who="1" m="47657" /><E42/><N who="0" m="16489" /><D33/><U119/><E119/><V105/><F105/><W101/><G101/><T32/><D32/><U114/><E114/><V93/><F111/><W67/><G73/><T38/><D38/><U80/><E90/><V48/><F91/><W83/><G59/><T112/><D112/><U131/><E131/><V74/><F93/><W6/><G6/><T58/><D58/><U106/><E106/><V60/><F60/><W84/><G75/><T2/><D56/><U71/><E3/><V120/><F74/><W37/><G37/><T85/><D2/><U54/><AGARI ba="0,0" hai="0,4,11,54,57,61,68,71,80,86,88" m="47657" machi="54" ten="30,11700,0" yaku="18,1,52,2,54,1" doraHai="66" who="1" fromWho="1" sc="190,-39,220,117,220,-39,370,-39" /><INIT seed="1,1,0,5,1,94" ten="151,337,181,331" oya="1" hai0="102,133,93,13,121,8,97,91,70,100,31,71,105" hai1="96,4,129,27,55,66,77,61,69,44,127,122,5" hai2="37,123,92,126,32,52,3,7,128,87,111,28,131" hai3="0,35,53,16,109,30,10,112,29,76,95,119,65"/><U17/><E122/><V56/><F123/><W26/><G112/><T110/><D110/><U72/><E129/><N who="2" m="49739" /><F111/><W68/><G29/><T58/><D133/><U83/><E127/><V43/><F126/><W115/><G115/><T86/><D121/><U41/><E55/><V21/><F32/><W36/><G119/><T103/><D31/><U106/><E27/><N who="2" m="16495" /><F43/><W19/><G36/><T48/><D71/><U62/><E62/><N who="2" m="36103" /><F37/><W130/><G109/><T54/><REACH who="0" step="1"/><D70/><REACH who="0" ten="141,337,181,331" step="2"/><U79/><E69/><V85/><F92/><W67/><G95/><T74/><D74/><U116/><E72/><V134/><F134/><W1/><G68/><T89/><D89/><U34/><E116/><V90/><F90/><W104/><G130/><T88/><D88/><U40/><E79/><V114/><F114/><W117/><G76/><T14/><D14/><U60/><E77/><V6/><F3/><W9/><G1/><T118/><D118/><U42/><E106/><V23/><F23/><W24/><G104/><T63/><D63/><U59/><E44/><V108/><F108/><W33/><G0/><T11/><D11/><U12/><E61/><V46/><F46/><W82/><G117/><T51/><D51/><U81/><E60/><V107/><F107/><W125/><G125/><T18/><AGARI ba="1,1" hai="8,13,18,48,54,58,86,91,93,97,100,102,103,105" machi="18" ten="20,5200,0" yaku="1,1,0,1,7,1,52,1,53,0" doraHai="94" doraHaiUra="135" who="0" fromWho="0" sc="141,65,337,-27,181,-14,331,-14" /><INIT seed="2,0,0,2,2,56" ten="206,310,167,317" oya="2" hai0="75,45,103,133,77,10,33,32,101,63,40,130,53" hai1="70,80,86,35,4,62,90,20,127,26,107,13,43" hai2="128,24,54,22,79,51,122,42,1,61,48,126,67" hai3="112,44,93,134,125,123,87,37,96,60,129,81,118"/><V110/><F122/><W73/><G123/><T7/><D130/><U39/><E35/><V28/><F1/><W88/><G118/><T98/><D133/><U47/><E127/><V23/><F126/><W102/><G125/><T16/><D33/><U29/><E107/><V76/><F128/><W120/><G120/><T89/><D32/><U0/><E0/><V5/><F5/><W2/><G2/><T69/><D77/><U64/><E13/><V65/><F110/><W6/><G6/><T132/><D75/><U59/><REACH who="1" step="1"/><E4/><REACH who="1" ten="206,300,167,317" step="2"/><V19/><F42/><W66/><G129/><T114/><D7/><U109/><E109/><V46/><F51/><W91/><G134/><T12/><D132/><U15/><E15/><N who="2" m="9599" /><F65/><W83/><G112/><T119/><D114/><U78/><E78/><N who="2" m="29739" /><F67/><W124/><G124/><T117/><D117/><U38/><E38/><V104/><F104/><W58/><G73/><T11/><D119/><U111/><E111/><V49/><F46/><W94/><G91/><T105/><D105/><U92/><E92/><V72/><F72/><W115/><G115/><T99/><D89/><U131/><E131/><V71/><F71/><AGARI ba="0,1" hai="20,26,29,39,43,47,59,62,64,70,71,80,86,90" machi="71" ten="40,2600,0" yaku="1,1,52,1,53,0" doraHai="56" doraHaiUra="14" who="1" fromWho="2" sc="206,0,300,36,167,-26,317,0" /><INIT seed="3,0,0,0,3,123" ten="206,336,141,317" oya="3" hai0="80,13,50,66,17,61,29,91,101,8,30,113,76" hai1="73,51,5,100,85,0,135,42,36,99,32,116,102" hai2="9,124,44,82,49,22,79,115,3,27,48,45,97" hai3="69,47,134,4,129,21,105,64,104,127,88,93,98"/><W37/><G4/><T120/><D113/><U84/><E73/><V34/><F115/><W19/><G134/><T60/><D120/><U121/><E121/><V31/><F124/><W90/><G127/><T59/><D101/><U35/><E36/><V56/><F97/><W52/><G129/><T26/><D61/><U126/><E126/><V2/><F56/><W109/><G69/><T40/><D91/><U16/><E135/><V24/><F49/><N who="3" m="28735" /><G37/><T11/><D11/><U74/><E74/><V77/><F9/><W7/><G7/><T25/><D25/><U89/><E16/><V23/><F34/><W54/><G64/><T55/><D26/><U70/><E70/><V132/><F132/><W106/><G90/><T33/><D33/><U125/><E125/><V28/><REACH who="2" step="1"/><F48/><REACH who="2" ten="206,336,131,317" step="2"/><W128/><G128/><T112/><D112/><U1/><E51/><V94/><F94/><W46/><G106/><T53/><D8/><U78/><E35/><V81/><AGARI ba="0,1" hai="2,3,22,23,24,27,28,31,44,45,77,79,81,82" machi="81" ten="25,6400,0" yaku="1,1,0,1,22,2,53,0" doraHai="123" doraHaiUra="95" who="2" fromWho="2" sc="206,-16,336,-16,131,74,317,-32" owari="190,-31.0,320,41.0,205,-19.0,285,9.0" /></mjloggm>