<mjloggm ver="2.3"><GO type="169" lobby="0"/><UN n0="%E3%81%A7%E3%81%93%E3%81%98" n1="%EF%BC%93%EF%BD%90%E3%81%8C%E3%83%84%E3%83%A2%E3%82%8C%E3%81%AA%E3%81%84" n2="%E3%82%A6%E3%83%AB%E3%83%88%E3%83%A9%E7%AB%8B%E7%9B%B4" n3="%E3%81%82%E3%81%8B%E3%81%B9%E3%81%87%E3%81%9D%E3%81%B5%E3%81%A8%32" dan="17,16,16,17" rate="2197.90,2098.83,2046.72,2159.27" sx="M,M,M,M"/><TAIKYOKU oya="0"/><INIT seed="0,0,0,4,0,84" ten="250,250,250,250" oya="0" hai0="134,85,21,117,10,44,29,135,95,118,63,40,104" hai1="28,45,129,100,79,19,91,121,112,50,49,60,124" hai2="67,73,82,71,131,4,109,108,115,8,64,90,96" hai3="80,110,20,89,107,61,39,88,37,53,75,77,0"/><T116/><D104/><U99/><E121/><V111/><F115/><W97/><G0/><T35/><D35/><U33/><E112/><V55/><F131/><W24/><G110/><T36/><D10/><U31/><E129/><V81/><F71/><W102/><G61/><T62/><D29/><U23/><E124/><V41/><F41/><W87/><G53/><T76/><D21/><U130/><E130/><V114/><F55/><W34/><G34/><T69/><D76/><U6/><E33/><V78/><F114/><W3/><G3/><T11/><D11/><U92/><E79/><V120/><F120/><W93/><REACH who="3" step="1"/><G89/><REACH who="3" ten="250,250,250,240" step="2"/><N who="0" m="53679" /><D69/><U86/><E60/><V54/><F54/><W58/><G58/><T27/><D63/><U66/><E66/><V26/><F64/><W43/><G43/><T119/><D62/><U72/><E91/><V113/><F67/><W25/><G25/><T74/><D27/><U14/><E100/><V70/><F26/><W1/><G1/><T48/><D116/><U42/><E42/><V38/><F70/><W101/><G101/><T94/><D117/><U98/><E14/><V22/><F109/><W47/><G47/><T32/><D32/><U15/><E45/><V128/><F111/><W127/><G127/><T133/><D118/><U83/><E15/><V123/><F108/><W2/><G2/><T5/><D119/><U122/><E122/><V13/><F123/><W30/><AGARI ba="0,1" hai="20,24,30,37,39,75,77,80,87,88,93,97,102,107" machi="30" ten="20,12000,2" yaku="1,1,0,1,7,1,24,2,52,1,54,1,53,0" doraHai="84" doraHaiUra="125" who="3" fromWho="3" sc="250,-60,250,-30,250,-30,240,130" /><INIT seed="1,0,0,3,4,108" ten="190,220,220,370" oya="1" hai0="79,62,133,50,65,72,0,9,112,131,8,61,4" hai1="114,57,34,29,135,12,51,98,80,32,95,24,37" hai2="56,44,85,17,14,31,6,46,124,81,91,53,40" hai3="66,30,48,1,115,89,41,69,19,11,122,109,117"/><U128/><E37/><V119/><F119/><W92/><G117/><T90/><D131/><U111/><E128/><V21/><F124/><W2/><G122/><T43/><D133/><U22/><E135/><V68/><F68/><W13/><G30/><T101/><D101/><U23/><E111/><V105/><F105/><W55/><G109/><T76/><D9/><U5/><E80/><V118/><F118/><W82/><G41/><T99/><D72/><U78/><E78/><V74/><F74/><W120/><G120/><T77/><D112/><U64/><E114/><V132/><F132/><W130/><G115/><T39/><D39/><U52/><E64/><V42/><F31/><W27/><G27/><T75/><D75/><U7/><E23/><V73/><F6/><W94/><G130/><T63/><D65/><U33/><REACH who="1" step="1"/><E12/><REACH who="1" ten="190,210,220,370" step="2"/><V125/><F125/><W26/><G2/><T28/><D76/><U84/><E84/><V60/><F73/><W107/><G1/><T38/><D38/><U54/><E54/><V15/><F15/><W70/><G66/><T45/><D28/><U100/><AGARI ba="0,1" hai="5,7,22,24,29,32,33,34,51,52,57,95,98,100" machi="100" ten="30,6000,0" yaku="1,1,0,1,54,1,53,0" doraHai="108" doraHaiUra="121" who="1" fromWho="1" sc="190,-20,210,70,220,-20,370,-20" /><INIT seed="1,1,0,3,5,97" ten="170,280,200,350" oya="1" hai0="132,48,5,8,122,39,103,44,125,60,16,47,82" hai1="87,55,29,88,105,37,67,123,99,116,85,131,53" hai2="104,36,68,124,81,54,76,115,71,6,128,63,91" hai3="56,72,130,93,4,84,78,117,112,121,52,42,19"/><U92/><E116/><V135/><F68/><W100/><G112/><T46/><D125/><U73/><E123/><V107/><F124/><W89/><G121/><T106/><D122/><U62/><E37/><V64/><F128/><W86/><G130/><T75/><D132/><U14/><E131/><V102/><F135/><W59/><G117/><T66/><D39/><U40/><E40/><V133/><F133/><W108/><G108/><T3/><D48/><U31/><E73/><V77/><F36/><W118/><G118/><T32/><D32/><U65/><E65/><V41/><F41/><W18/><G72/><T61/><D16/><N who="3" m="6185" /><G42/><T70/><D61/><U13/><E13/><V9/><F107/><W22/><G22/><T110/><D110/><U21/><E14/><V98/><F54/><W109/><G109/><T51/><D51/><U28/><E21/><V49/><F49/><N who="3" m="30735" /><G4/><T11/><D11/><U127/><E127/><V25/><F115/><W57/><G100/><T45/><N who="0" m="11776" /><DORA hai="26" /><T113/><D113/><U96/><E105/><V1/><F25/><W126/><G126/><T80/><REACH who="0" step="1"/><D75/><REACH who="0" ten="160,280,200,350" step="2"/><U23/><E23/><V10/><F9/><W83/><AGARI ba="1,1" hai="57,59,78,83,84,86,89,93" m="30735,6185" machi="83" ten="30,4000,0" yaku="8,1,54,2" doraHai="97,26" who="3" fromWho="3" sc="160,-11,280,-21,200,-11,350,53" /><INIT seed="2,0,0,1,5,32" ten="149,259,189,403" oya="2" hai0="1,116,62,47,38,83,133,64,6,107,65,92,84" hai1="22,21,97,26,89,34,130,25,50,12,74,76,94" hai2="126,37,129,79,20,30,101,40,113,4,31,128,33" hai3="100,99,44,123,67,59,48,111,8,110,69,46,112"/><V98/><F113/><W18/><G123/><T82/><D107/><U57/><E34/><V71/><F71/><W125/><G112/><T23/><D133/><U28/><E130/><N who="2" m="50283" /><F79/><W87/><G125/><T105/><D105/><U124/><E124/><V24/><F126/><W127/><G127/><T121/><D121/><U13/><E76/><V53/><F53/><N who="3" m="32167" /><G87/><T104/><D104/><U72/><E72/><V114/><F114/><W3/><G67/><T122/><D122/><U29/><REACH who="1" step="1"/><E74/><REACH who="1" ten="149,249,189,403" step="2"/><V132/><F132/><W11/><G111/><T134/><D134/><U68/><E68/><V52/><F33/><W118/><G110/><T119/><D119/><U81/><E81/><V49/><F37/><W93/><G69/><T85/><D38/><U88/><E88/><V91/><F91/><W109/><G109/><T56/><D116/><U7/><E7/><V9/><F4/><W66/><G118/><T77/><D6/><U95/><E95/><V60/><F101/><W10/><G93/><T55/><D92/><U70/><E70/><V61/><F98/><W106/><G99/><T73/><D73/><U54/><AGARI ba="0,1" hai="12,13,21,22,25,26,28,29,50,54,57,89,94,97" machi="54" ten="30,7900,0" yaku="1,1,0,1,9,1,8,1,53,0" doraHai="32" doraHaiUra="63" who="1" fromWho="1" sc="149,-20,249,89,189,-39,403,-20" /><INIT seed="3,0,0,4,1,87" ten="129,338,150,383" oya="3" hai0="71,59,98,7,91,125,44,96,3,64,23,58,109" hai1="135,20,68,10,117,54,75,78,116,133,30,27,21" hai2="106,38,113,31,77,79,55,126,47,56,18,42,22" hai3="39,128,74,134,33,69,115,95,114,119,41,122,6"/><W108/><RYUUKYOKU type="yao9" ba="0,0" sc="129,0,338,0,150,0,383,0" hai3="6,33,39,41,69,74,95,108,114,115,119,122,128,134" /><INIT seed="3,1,0,4,5,133" ten="129,338,150,383" oya="3" hai0="112,47,88,1,85,111,126,46,37,109,35,5,122" hai1="117,0,64,104,19,90,84,55,62,36,56,113,69" hai2="125,30,71,16,43,115,96,131,99,72,2,44,120" hai3="4,53,12,61,79,18,110,59,20,76,15,8,52"/><W121/><G121/><T9/><D122/><U78/><E113/><V101/><F120/><W51/><REACH who="3" step="1"/><G110/><REACH who="3" ten="129,338,150,373" step="2"/><T102/><D112/><U81/><E117/><V22/><F115/><W103/><G103/><T63/><D102/><U97/><E104/><V87/><F101/><W128/><G128/><T130/><D130/><U124/><E124/><V7/><F125/><W34/><G34/><T29/><D126/><U49/><E0/><V66/><F2/><W32/><G32/><T116/><D116/><U25/><E36/><V75/><F131/><W38/><G38/><T114/><D114/><U129/><E129/><V13/><F75/><W94/><G94/><N who="0" m="54543" /><D37/><U82/><E82/><V108/><F72/><W105/><G105/><T92/><D92/><U83/><E83/><V24/><F108/><W132/><G132/><T40/><D109/><U33/><E33/><V17/><F99/><W11/><G11/><T77/><D111/><U28/><E97/><V21/><F96/><W65/><G65/><T68/><D35/><U31/><E81/><V3/><F66/><W26/><G26/><T50/><D77/><U74/><E78/><V42/><F24/><W106/><G106/><T118/><D118/><U89/><E74/><V127/><F127/><W14/><G14/><T27/><D27/><U39/><E39/><V23/><F13/><W86/><G86/><T57/><D1/><U107/><E107/><V100/><F3/><W6/><G6/><T119/><D5/><U54/><E84/><V67/><F87/><W58/><AGARI ba="1,1" hai="4,8,12,15,18,20,51,52,53,58,59,61,76,79" machi="58" ten="20,12000,1" yaku="1,1,0,1,7,1,8,1,54,1,53,0" doraHai="133" doraHaiUra="70" who="3" fromWho="3" sc="129,-41,338,-41,150,-41,373,133" /><INIT seed="3,2,0,5,0,114" ten="88,297,109,506" oya="3" hai0="28,26,48,126,105,90,112,49,45,35,69,53,96" hai1="57,119,29,5,4,3,19,43,73,59,70,23,24" hai2="79,39,51,8,97,83,18,7,47,87,17,108,31" hai3="77,14,25,66,46,100,56,124,13,75,135,32,30"/><W65/><G100/><T34/><D112/><U55/><E70/><V60/><F39/><W127/><G135/><T121/><D121/><U125/><E73/><V71/><F108/><W52/><G46/><T101/><D126/><N who="3" m="48169" /><G77/><T80/><D49/><U115/><E115/><V117/><F31/><W84/><G75/><T12/><D12/><N who="3" m="4713" /><G84/><T86/><REACH who="0" step="1"/><D69/><REACH who="0" ten="78,297,109,506" step="2"/><U54/><E125/><V133/><F51/><AGARI ba="2,1" hai="25,30,32,51,52,56,65,66" m="4713,48169" machi="51" ten="30,2900,0" yaku="18,1,54,1" doraHai="114" who="3" fromWho="2" sc="78,0,297,0,109,-35,506,45" /><INIT seed="3,3,0,5,5,10" ten="78,297,74,551" oya="3" hai0="108,38,6,117,120,55,27,26,133,21,91,111,15" hai1="59,60,23,31,64,52,125,48,77,115,34,62,85" hai2="123,11,78,65,129,119,87,18,50,98,73,88,135" hai3="92,70,99,66,104,13,16,80,97,63,68,53,101"/><W81/><G70/><T90/><D117/><U29/><E34/><V83/><F119/><W86/><G53/><T8/><D120/><U76/><E115/><V57/><F123/><W44/><G44/><T127/><D38/><U39/><E39/><V105/><F129/><W116/><G116/><T110/><D127/><U67/><E125/><V20/><F135/><W79/><G81/><T122/><D122/><U42/><E42/><V84/><F11/><W131/><G131/><T35/><D133/><U17/><E85/><V9/><F9/><W12/><REACH who="3" step="1"/><G16/><REACH who="3" ten="78,297,74,541" step="2"/><N who="0" m="12583" /><D55/><U126/><E126/><V96/><F83/><W74/><G74/><T134/><D134/><U89/><E17/><V0/><F18/><W121/><G121/><T69/><D69/><U132/><E132/><V46/><F46/><W100/><AGARI ba="3,1" hai="12,13,63,66,68,79,80,86,92,97,99,100,101,104" machi="100" ten="20,12000,1" yaku="1,1,0,1,7,1,52,2,53,0" doraHai="10" doraHaiUra="24" who="3" fromWho="3" sc="78,-43,297,-43,74,-43,541,139" /><INIT seed="3,4,0,1,2,47" ten="35,254,31,680" oya="3" hai0="28,104,16,23,10,113,57,129,42,32,39,46,49" hai1="117,30,9,131,61,18,14,110,36,120,29,81,109" hai2="11,51,25,8,135,100,134,60,1,37,64,4,83" hai3="20,75,87,119,2,78,63,19,133,43,31,22,98"/><W65/><G119/><T102/><D129/><U6/><E120/><V95/><F37/><W70/><G2/><T44/><D113/><U105/><E131/><V59/><F83/><W103/><G75/><T50/><D10/><U33/><E117/><V62/><F11/><W82/><G43/><T27/><D57/><U73/><E105/><V86/><F60/><W106/><G133/><T26/><REACH who="0" step="1"/><D44/><REACH who="0" ten="25,254,31,680" step="2"/><U53/><E9/><V114/><F114/><W94/><G70/><T5/><D5/><U107/><E6/><V74/><F8/><W126/><G65/><T80/><D80/><U93/><E81/><V132/><F4/><W96/><G82/><T48/><D48/><U128/><E128/><V56/><F51/><W99/><G78/><T92/><D92/><U115/><E93/><V7/><F7/><W45/><G94/><T112/><D112/><U68/><E68/><V0/><F59/><W54/><G45/><T12/><D12/><U116/><E14/><V97/><F1/><W72/><G106/><T40/><D40/><U125/><E107/><V58/><F0/><W77/><G77/><T17/><D17/><U67/><E18/><V13/><F13/><W121/><G19/><T127/><D127/><U15/><E125/><V123/><F58/><W130/><G126/><T71/><D71/><U88/><E15/><V79/><F25/><W55/><G130/><T101/><D101/><U84/><E115/><V85/><F123/><W90/><G103/><T3/><D3/><U89/><E116/><V108/><F108/><W111/><G121/><T124/><D124/><RYUUKYOKU ba="4,1" sc="25,15,254,-15,31,15,680,-15" hai0="16,23,26,27,28,32,39,42,46,49,50,102,104" hai2="56,62,64,74,79,85,86,95,97,100,132,134,135" /><INIT seed="4,5,1,3,2,131" ten="40,239,46,665" oya="0" hai0="65,120,5,106,74,13,118,8,97,78,70,94,34" hai1="73,76,71,7,112,52,25,62,55,91,42,51,47" hai2="81,135,11,116,29,3,68,48,111,44,20,17,12" hai3="127,27,61,130,123,115,88,84,92,31,110,75,2"/><T72/><D118/><U129/><E129/><V4/><F68/><W128/><G110/><T26/><D120/><U100/><E100/><V21/><F111/><W53/><G75/><T80/><D74/><U122/><E122/><V114/><F116/><W107/><G107/><T96/><D106/><U77/><E7/><V109/><F109/><W15/><G2/><T45/><D45/><U46/><E112/><V85/><F114/><W37/><G37/><T93/><D70/><U9/><E73/><V124/><F29/><W126/><G115/><T66/><D94/><U16/><E91/><V28/><F28/><W98/><G15/><T57/><D57/><N who="1" m="35111" /><E71/><V105/><F105/><W0/><G0/><T40/><D40/><U24/><E24/><V83/><F124/><N who="3" m="47659" /><G123/><T23/><D34/><U89/><E89/><V32/><F32/><N who="3" m="20607" /><G98/><T19/><REACH who="0" step="1"/><D97/><REACH who="0" ten="30,239,46,665" step="2"/><U79/><E42/><V22/><F83/><W43/><G43/><T35/><D35/><U30/><E46/><V67/><F81/><W132/><G130/><T64/><D64/><U33/><E33/><V63/><F44/><W69/><G128/><T134/><D134/><U58/><E47/><V117/><F135/><W36/><G132/><T125/><D125/><U54/><E54/><V103/><F67/><W6/><G53/><T60/><D60/><U102/><E55/><V87/><F63/><W108/><G108/><T133/><D133/><U104/><E104/><V82/><F82/><W113/><G61/><T18/><D18/><U121/><E121/><V86/><F17/><W38/><G69/><T41/><D41/><RYUUKYOKU ba="5,2" sc="30,30,239,-10,46,-10,665,-10" hai0="5,8,13,19,23,26,65,66,72,78,80,93,96" /><INIT seed="4,6,2,2,0,104" ten="60,229,36,655" oya="0" hai0="3,118,114,2,111,77,15,126,86,135,134,123,27" hai1="88,20,106,53,16,120,29,122,24,95,46,89,109" hai2="75,100,105,36,68,69,58,43,33,10,8,0,37" hai3="76,59,38,90,73,50,64,56,112,60,65,57,96"/><T125/><D118/><U61/><E109/><V52/><F33/><W17/><G38/><T13/><D77/><U25/><E106/><V115/><F115/><W41/><G112/><T40/><D40/><U51/><E61/><V55/><F100/><W110/><G110/><T62/><D62/><U12/><E24/><V11/><F105/><W49/><G73/><T5/><D86/><U99/><E89/><V83/><F0/><N who="0" m="42" /><D114/><U9/><AGARI ba="6,2" hai="9,12,16,20,25,29,46,51,53,88,95,99,120,122" machi="9" ten="20,5200,0" yaku="0,1,7,1,54,2" doraHai="104" who="1" fromWho="1" sc="60,-32,229,90,36,-19,655,-19" /><INIT seed="5,0,0,3,4,24" ten="28,319,17,636" oya="1" hai0="15,106,95,97,112,31,92,53,93,134,72,103,91" hai1="73,121,28,58,113,41,114,67,109,1,128,124,34" hai2="131,99,127,4,71,57,66,37,88,23,25,76,111" hai3="26,98,27,8,44,70,89,47,43,19,125,51,54"/><U116/><E41/><V22/><F71/><W30/><G70/><T48/><D112/><U119/><E73/><V9/><F37/><W120/><G120/><T63/><D134/><U107/><E58/><V13/><F111/><W80/><G125/><T62/><D72/><U56/><E56/><V117/><F117/><W6/><G19/><T2/><D2/><U50/><E50/><V12/><F127/><W135/><G135/><T21/><D91/><U100/><E67/><V133/><F133/><W36/><G30/><T84/><D84/><U5/><E100/><V69/><F69/><W42/><G54/><T108/><D108/><U79/><E79/><V81/><F131/><W7/><G7/><T68/><D68/><U46/><E5/><V96/><F57/><W11/><G11/><T110/><D110/><U16/><E46/><V123/><F66/><W38/><G51/><T61/><D48/><U55/><E109/><V126/><F126/><W3/><G80/><T14/><REACH who="0" step="1"/><D53/><REACH who="0" ten="18,319,17,636" step="2"/><U85/><E55/><V35/><F123/><W17/><G89/><T77/><D77/><U49/><E124/><V65/><F76/><W101/><G3/><T0/><D0/><U82/><E121/><V129/><F88/><W115/><G38/><T20/><D20/><U118/><E118/><V40/><F23/><W87/><G36/><T90/><D90/><N who="1" m="51511" /><E119/><V94/><F22/><W132/><G132/><T29/><D29/><U60/><E28/><V75/><F75/><W45/><G43/><T74/><D74/><U130/><E116/><V102/><F40/><W52/><G42/><RYUUKYOKU ba="0,1" sc="18,30,319,-10,17,-10,636,-10" hai0="14,15,21,31,61,62,63,92,93,95,97,103,106" /><INIT seed="6,1,1,2,4,56" ten="48,309,7,626" oya="2" hai0="18,58,94,114,122,46,106,62,21,96,77,35,53" hai1="65,6,37,60,115,3,66,79,132,26,105,117,64" hai2="126,39,68,42,69,100,125,99,25,113,10,50,63" hai3="119,87,30,109,61,124,41,75,16,76,9,28,82"/><V23/><F39/><W20/><G109/><T120/><D35/><U116/><E105/><V129/><F10/><W22/><G119/><T73/><D106/><U4/><E37/><V31/><F50/><W89/><G124/><N who="2" m="47721" /><F42/><W43/><G61/><T24/><D114/><U104/><E115/><V121/><F113/><W5/><G22/><T85/><D73/><U118/><E118/><V71/><F121/><W51/><G51/><T67/><D46/><U12/><E117/><V128/><F99/><W45/><G45/><T86/><D67/><U54/><E116/><V7/><F100/><W98/><G98/><T17/><D17/><U92/><E66/><N who="2" m="41055" /><F7/><W33/><G43/><T59/><D59/><U102/><E4/><V40/><F40/><W78/><G41/><T29/><D120/><U123/><E6/><V107/><F107/><W84/><G9/><T14/><D122/><U38/><E104/><V0/><F0/><W57/><G5/><T44/><D44/><U80/><E3/><V47/><F47/><W55/><G57/><T74/><D74/><U1/><E1/><V91/><F91/><W135/><G89/><T11/><D77/><U110/><E123/><V49/><F49/><W103/><G103/><AGARI ba="1,1" hai="11,14,18,21,24,29,53,58,62,85,86,94,96,103" machi="103" ten="30,3900,0" yaku="7,1,8,1,52,1" doraHai="56" who="0" fromWho="3" sc="48,52,309,0,7,0,626,-42" /><INIT seed="7,0,0,1,2,115" ten="100,309,7,584" oya="3" hai0="26,3,20,68,84,22,7,106,89,108,82,126,132" hai1="107,15,9,125,69,10,131,59,67,32,93,49,31" hai2="117,105,18,81,29,102,24,113,5,111,121,27,43" hai3="42,99,36,35,83,63,87,61,64,34,72,90,60"/><W85/><G72/><T65/><D106/><U4/><E93/><V12/><F102/><W21/><G35/><T134/><D108/><U98/><E49/><V135/><F105/><W55/><G34/><T101/><D101/><U46/><E46/><V73/><F43/><W74/><G74/><T16/><D126/><U58/><E131/><V53/><F53/><W13/><G55/><T23/><D7/><U124/><E9/><V75/><F81/><W51/><G36/><T39/><D3/><U119/><E4/><V114/><F75/><W0/><G0/><T6/><D6/><U76/><E107/><V17/><F73/><W78/><G99/><T56/><D39/><U116/><E98/><V62/><F62/><W123/><G123/><T1/><D1/><U25/><E125/><V80/><F80/><W38/><G38/><T133/><D68/><U71/><E71/><V92/><F92/><W128/><G128/><T110/><D110/><U120/><E69/><V28/><F111/><W66/><G42/><T14/><D26/><U88/><E25/><V54/><F54/><W91/><G51/><T95/><D95/><U41/><E41/><V104/><F104/><W40/><G40/><T57/><D65/><U79/><E67/><V118/><F5/><W50/><G50/><T30/><D132/><U96/><E96/><V122/><F12/><W130/><G130/><T52/><D133/><AGARI ba="0,0" hai="17,18,24,27,28,29,113,114,117,118,121,122,133,135" machi="133" ten="25,12000,2" yaku="22,2,34,3,52,2" doraHai="115" who="2" fromWho="0" sc="100,-120,309,0,7,120,584,0" owari="-20,-52.0,309,11.0,127,-27.0,584,68.0" /></mjloggm>