<mjloggm ver="2.3"><GO type="97" lobby="0"/><UN n0="%E4%B8%89%E4%B8%87%E5%8D%98%E9%A8%8E%E3%81%AE%E9%AC%BC" n1="%65%6D%70%39%72%6F%72" n2="%73%61%6C%74%79%64%6F%67" n3="%E3%82%A6%E3%83%AB%E3%83%88%E3%83%A9%E7%AB%8B%E7%9B%B4" dan="15,14,13,15" rate="1973.20,1978.71,1811.23,1980.68" sx="M,M,M,M"/><TAIKYOKU oya="0"/><INIT seed="0,0,0,1,4,127" ten="250,250,250,250" oya="0" hai0="60,75,87,76,41,61,20,86,72,115,26,9,49" hai1="63,88,53,15,67,124,24,28,59,36,33,133,54" hai2="11,125,135,83,16,64,113,37,43,77,17,62,71" hai3="23,74,25,78,44,56,96,30,31,112,57,119,114"/><T2/><D115/><U65/><E36/><V51/><F113/><W90/><G119/><T79/><D2/><U93/><E124/><V85/><F125/><W107/><G78/><N who="0" m="29739" /><D72/><U47/><E133/><V91/><F135/><W82/><G74/><T81/><D75/><U84/><E47/><V92/><F37/><W42/><G31/><N who="0" m="17863" /><D9/><U103/><E103/><V118/><F118/><W50/><G112/><T73/><D73/><U100/><E100/><V102/><F102/><W126/><G126/><T19/><D19/><U13/><E13/><V12/><F43/><W10/><G114/><T0/><D0/><U111/><E111/><V70/><F51/><W120/><G120/><T8/><D8/><U105/><E105/><V22/><F71/><W4/><G107/><T98/><D98/><U66/><REACH who="1" step="1"/><E15/><REACH who="1" ten="250,240,250,250" step="2"/><V109/><F12/><W46/><G46/><N who="0" m="25807" /><D87/><U5/><E5/><V68/><F85/><W89/><G4/><T108/><D108/><U40/><E40/><V116/><F11/><W122/><G10/><T99/><D99/><U117/><E117/><V94/><F116/><W34/><G96/><T80/><D86/><U45/><E45/><V106/><F109/><W134/><G44/><T38/><D38/><U35/><E35/><V3/><F106/><W130/><G34/><T123/><D123/><U14/><E14/><V39/><F39/><W32/><G32/><T128/><D128/><U1/><E1/><V21/><F3/><W129/><G134/><T27/><D27/><U97/><E97/><V101/><F101/><W48/><G129/><T131/><D131/><RYUUKYOKU ba="0,1" sc="250,15,240,15,250,-15,250,-15" hai0="60,61,80,81" hai1="24,28,33,53,54,59,63,65,66,67,84,88,93" /><INIT seed="0,1,1,5,1,128" ten="265,255,235,235" oya="0" hai0="53,121,96,36,49,60,38,104,72,37,74,109,25" hai1="92,120,129,77,69,135,21,62,4,43,32,57,59" hai2="66,108,50,124,134,33,48,93,65,123,130,127,7" hai3="63,115,117,55,26,42,103,90,81,9,102,126,1"/><T30/><D121/><U34/><E69/><V83/><F83/><W16/><G117/><T44/><D109/><U125/><E120/><V28/><F123/><W113/><G126/><N who="2" m="48169" /><F7/><W70/><G42/><T18/><D18/><U24/><E125/><V111/><F93/><W98/><G1/><T133/><D133/><U19/><E135/><V11/><F11/><W3/><G3/><T75/><D60/><U40/><E129/><V31/><F130/><W85/><G103/><T131/><D131/><U122/><E77/><V78/><F78/><W132/><G132/><T68/><D68/><U46/><E4/><V54/><F134/><W116/><G116/><T91/><D91/><U106/><E106/><V29/><F33/><W95/><G55/><T105/><REACH who="0" step="1"/><D96/><REACH who="0" ten="255,255,235,235" step="2"/><U82/><E122/><V101/><F101/><W15/><G70/><T84/><D84/><U58/><E62/><V8/><F111/><W41/><G63/><T112/><D112/><U99/><E99/><V61/><F108/><W71/><G71/><T5/><D5/><U87/><E87/><V22/><F61/><W27/><G115/><T56/><D56/><U97/><E58/><V94/><F66/><W2/><G113/><T64/><D64/><U100/><E59/><V17/><F65/><W45/><REACH who="3" step="1"/><G2/><REACH who="3" ten="255,255,235,225" step="2"/><T88/><D88/><U67/><E100/><V35/><F54/><W107/><G107/><T73/><N who="0" m="18944" /><DORA hai="20" /><T12/><D12/><U13/><E13/><V0/><F0/><W114/><G114/><T79/><D79/><U14/><E14/><V118/><F118/><W52/><G52/><RYUUKYOKU ba="1,3" sc="255,15,255,-15,235,-15,225,15" hai0="25,30,36,37,38,44,49,53,104,105" hai3="9,15,16,26,27,41,45,81,85,90,95,98,102" /><INIT seed="0,2,3,3,5,47" ten="270,240,220,240" oya="0" hai0="122,89,85,75,128,33,59,103,60,31,86,38,124" hai1="58,104,95,68,121,119,43,125,46,127,76,98,35" hai2="93,65,27,52,8,10,79,1,2,36,134,73,88" hai3="126,64,22,48,90,66,80,106,6,55,83,130,21"/><T9/><D122/><U0/><E68/><V50/><F65/><N who="3" m="25195" /><G106/><T77/><D38/><U53/><E104/><V101/><F36/><W12/><G126/><N who="1" m="48138" /><E0/><V20/><F134/><W123/><G123/><T111/><D124/><U44/><E35/><V105/><F2/><W62/><G62/><T107/><D33/><U7/><E7/><V49/><F1/><W78/><G78/><T133/><D31/><U4/><E4/><V5/><F105/><W23/><G130/><T108/><D9/><N who="2" m="3690" /><F73/><W28/><G6/><T82/><D133/><U26/><E121/><V70/><F70/><W24/><G12/><T69/><D69/><U40/><E26/><V42/><F101/><W16/><G28/><T34/><D34/><U131/><E76/><V99/><F79/><W81/><G90/><T14/><D14/><U25/><E25/><V87/><F5/><W113/><G113/><T115/><D115/><U120/><E120/><V74/><F74/><W129/><G129/><T116/><D128/><U30/><E30/><N who="2" m="17767" /><F42/><N who="1" m="15913" /><E131/><V67/><F67/><W13/><G24/><T109/><D116/><U37/><E37/><V39/><F39/><W57/><AGARI ba="2,3" hai="13,16,21,22,23,48,55,57,80,81,83" m="25195" machi="57" ten="30,4000,0" yaku="8,1,52,1,54,1" doraHai="47" who="3" fromWho="3" sc="270,-22,240,-12,220,-12,240,76" /><INIT seed="1,0,0,2,2,98" ten="248,228,208,316" oya="1" hai0="114,3,80,103,54,56,107,1,4,63,60,29,83" hai1="89,105,104,51,58,108,118,25,123,7,84,13,48" hai2="49,131,132,69,88,23,96,40,87,33,102,117,61" hai3="120,8,134,17,92,110,10,50,55,97,37,20,46"/><U16/><E123/><V111/><F117/><W128/><G120/><T124/><D114/><U27/><E118/><V129/><F33/><W19/><G37/><T122/><D122/><U72/><E72/><V32/><F32/><W30/><G128/><N who="2" m="49225" /><F132/><W41/><G41/><T93/><D107/><U28/><E7/><V67/><F111/><W11/><G110/><T126/><D29/><U45/><E108/><V52/><F40/><W74/><G74/><T12/><D63/><U59/><E105/><N who="2" m="63687" /><F23/><W115/><G115/><T133/><D133/><U95/><E104/><V116/><F116/><W9/><G9/><N who="0" m="4135" /><D3/><U82/><E82/><N who="2" m="49271" /><F49/><W62/><G134/><T112/><D1/><U100/><E100/><V121/><F121/><W43/><G20/><T68/><D68/><U101/><E101/><V14/><F14/><W91/><G30/><T6/><D6/><U53/><E51/><V70/><F70/><W44/><G44/><T39/><D39/><U47/><E59/><AGARI ba="0,0" hai="8,10,11,17,19,43,46,50,55,59,62,91,92,97" machi="59" ten="40,1300,0" yaku="8,1" doraHai="98" who="3" fromWho="1" sc="248,0,228,-13,208,0,316,13" /><INIT seed="2,0,0,1,4,84" ten="248,215,208,329" oya="2" hai0="108,58,113,71,50,79,59,12,107,70,83,51,99" hai1="105,48,21,91,98,2,6,89,130,125,124,82,135" hai2="73,11,46,28,100,131,86,122,29,34,66,120,36" hai3="74,41,43,68,60,96,17,133,102,123,67,95,27"/><V132/><F29/><W78/><G123/><T26/><D113/><U0/><E135/><V9/><F132/><W52/><G133/><T118/><D108/><U92/><E105/><V111/><F100/><W75/><G75/><T115/><D115/><U31/><E130/><V45/><F66/><W10/><G74/><T32/><D118/><U134/><E134/><V15/><F131/><W126/><G78/><T93/><D107/><U30/><E6/><V88/><F73/><W5/><G126/><N who="1" m="48746" /><E48/><V116/><F116/><W64/><G64/><T94/><D12/><U56/><E56/><V119/><F119/><W57/><G67/><T121/><D121/><U49/><E49/><V20/><F34/><W127/><G68/><T53/><D32/><U37/><E37/><V85/><F36/><W117/><G117/><T40/><D26/><N who="1" m="16719" /><E31/><V69/><F69/><W47/><G47/><T112/><D112/><U87/><AGARI ba="0,0" hai="0,2,82,87,89,91,92,98" m="16719,48746" machi="87" ten="30,4000,0" yaku="18,1,52,2" doraHai="84" who="1" fromWho="1" sc="248,-10,215,40,208,-20,329,-10" /><INIT seed="3,0,0,5,1,39" ten="238,255,188,319" oya="3" hai0="90,37,97,132,43,34,22,63,116,114,105,79,59" hai1="125,13,84,18,81,115,126,35,30,96,25,130,23" hai2="27,60,61,1,38,19,78,21,49,112,87,131,69" hai3="113,14,108,103,117,6,3,45,95,15,121,32,29"/><W75/><G95/><T68/><D116/><U107/><E115/><V80/><F112/><W102/><G15/><T50/><D34/><U98/><E130/><V92/><F38/><W73/><G14/><T110/><D114/><U44/><E44/><V101/><F1/><W111/><G29/><T8/><D79/><U124/><E107/><V31/><F131/><W70/><G6/><T86/><D110/><U119/><REACH who="1" step="1"/><E119/><REACH who="1" ten="238,245,188,319" step="2"/><V88/><F69/><W67/><G45/><T42/><D132/><U47/><E47/><V36/><F36/><W72/><G70/><T58/><D37/><U54/><E54/><V11/><F101/><W133/><G103/><T66/><D105/><U99/><E99/><N who="2" m="57735" /><F49/><W40/><G102/><T0/><D97/><U7/><E7/><V65/><F65/><W64/><G67/><T122/><D50/><U2/><E2/><V41/><F60/><W28/><G64/><T127/><D63/><U82/><E82/><V12/><F61/><W135/><G3/><T104/><D66/><U76/><AGARI ba="0,1" hai="13,18,23,25,30,35,76,81,84,96,98,124,125,126" machi="76" ten="30,4000,0" yaku="1,1,0,1,18,1,53,0" doraHai="39" doraHaiUra="56" who="1" fromWho="1" sc="238,-10,245,50,188,-10,319,-20" /><INIT seed="4,0,0,1,4,91" ten="228,295,178,299" oya="0" hai0="18,3,125,117,1,40,34,26,19,74,2,41,95" hai1="38,134,36,24,101,97,30,16,50,62,133,116,86" hai2="6,70,78,14,115,132,10,131,121,46,88,71,51" hai3="0,49,113,44,48,99,52,105,114,63,127,129,112"/><T31/><D74/><U120/><E120/><V29/><F121/><W123/><G0/><T135/><D117/><U128/><E116/><V61/><F115/><W119/><G123/><T107/><D107/><U94/><E128/><V21/><F131/><W4/><G119/><T27/><D41/><U75/><E75/><V53/><F132/><N who="1" m="50793" /><E16/><N who="0" m="6185" /><D95/><U77/><E50/><V110/><F110/><W12/><G129/><T124/><D40/><U90/><E62/><V102/><F102/><N who="3" m="62687" /><G127/><N who="0" m="48715" /><D26/><U8/><E8/><V92/><F78/><W39/><G39/><T43/><D135/><U87/><E77/><V65/><F71/><W9/><G49/><T15/><D43/><U96/><E87/><V83/><F83/><W106/><G106/><T45/><D45/><U54/><E54/><V33/><F33/><W103/><G103/><T85/><D85/><U28/><E97/><V5/><F29/><N who="1" m="11369" /><E24/><V13/><F21/><W37/><G37/><T55/><D55/><U108/><E108/><V20/><F20/><W42/><G52/><T67/><D67/><U58/><E58/><V79/><F79/><W122/><G122/><T81/><D81/><AGARI ba="0,0" hai="36,38,81,86,90,94,96,101" m="11369,50793" machi="81" ten="30,2000,0" yaku="20,1,52,1" doraHai="91" who="1" fromWho="0" sc="228,-20,295,20,178,0,299,0" owari="208,-19.0,315,41.0,178,-32.0,299,10.0" /></mjloggm>