<mjloggm ver="2.3"><GO type="97" lobby="0"/><UN n0="%67%75%70%70%79%39%38" n1="%E3%82%A6%E3%83%AB%E3%83%88%E3%83%A9%E7%AB%8B%E7%9B%B4" n2="%E3%81%8B%E3%81%AA%E6%81%B5%E3%82%8B%E3%80%82" n3="%76%69%76%61" dan="14,14,15,15" rate="1925.64,1925.28,2020.10,2001.05" sx="M,M,M,F"/><TAIKYOKU oya="0"/><INIT seed="0,0,0,2,1,121" ten="250,250,250,250" oya="0" hai0="20,76,1,64,89,127,113,25,8,46,109,21,115" hai1="9,32,92,107,124,23,50,91,34,70,16,68,106" hai2="125,111,63,130,114,19,4,85,17,132,93,43,67" hai3="110,119,96,73,52,36,135,31,54,7,78,18,62"/><T45/><D127/><U47/><E124/><V134/><F114/><W6/><G36/><T3/><D76/><U35/><E9/><V105/><F105/><W59/><G119/><T13/><D64/><U77/><E77/><V60/><F125/><W95/><G135/><N who="2" m="51753" /><F4/><W28/><G110/><T27/><D89/><U102/><E102/><V82/><F43/><W117/><G117/><T22/><D109/><U61/><E61/><V104/><F104/><W133/><G133/><T131/><D131/><U29/><E29/><N who="3" m="11338" /><G78/><T94/><D94/><U49/><E106/><V71/><F93/><W58/><G18/><N who="2" m="6665" /><F130/><W26/><G26/><N who="0" m="9739" /><D13/><U39/><E107/><V24/><F24/><W128/><G73/><T126/><D8/><U120/><E120/><V42/><F42/><W41/><G41/><T30/><D30/><U48/><E39/><V51/><F51/><N who="3" m="31007" /><G128/><T123/><D126/><U86/><REACH who="1" step="1"/><E47/><REACH who="1" ten="250,240,250,250" step="2"/><N who="0" m="17929" /><D123/><U65/><E65/><V84/><F63/><W103/><AGARI ba="0,1" hai="6,7,54,59,62,95,96,103" m="31007,11338" machi="103" ten="30,2000,0" yaku="8,1,54,1" doraHai="121" who="3" fromWho="3" sc="250,-10,240,-5,250,-5,250,30" /><INIT seed="1,0,0,1,5,128" ten="240,235,245,280" oya="1" hai0="9,12,125,92,58,18,39,30,16,25,84,45,94" hai1="111,48,118,46,56,100,134,113,112,29,7,86,107" hai2="13,127,24,68,66,52,98,133,57,22,123,31,70" hai3="33,8,69,114,85,2,65,55,106,76,20,64,91"/><U63/><E100/><V40/><F123/><W121/><G33/><T51/><D125/><U37/><E107/><V59/><F127/><W108/><G106/><T32/><D39/><U96/><E96/><V77/><F40/><W115/><G121/><T89/><D58/><U116/><E86/><V102/><F77/><W95/><G108/><T124/><D124/><U5/><E37/><V103/><F103/><W81/><G20/><T3/><D3/><U62/><E29/><V73/><F73/><W67/><G69/><T26/><D26/><U21/><E21/><V104/><F59/><W54/><G2/><T60/><D60/><N who="1" m="23083" /><E7/><V75/><F75/><W132/><G8/><T23/><D32/><U117/><E5/><V19/><F66/><W74/><G132/><T11/><D11/><U14/><E14/><V61/><REACH who="2" step="1"/><F133/><REACH who="2" ten="240,235,235,280" step="2"/><W93/><G74/><T43/><REACH who="0" step="1"/><D92/><REACH who="0" ten="230,235,235,280" step="2"/><U10/><E56/><V4/><F4/><AGARI ba="0,2" hai="4,9,12,16,18,23,25,30,43,45,51,84,89,94" machi="4" ten="30,8000,1" yaku="1,1,2,1,7,1,8,1,54,1,53,0" doraHai="128" doraHaiUra="110" who="0" fromWho="2" sc="230,100,235,0,235,-80,280,0" /><INIT seed="2,0,0,5,5,39" ten="330,235,155,280" oya="2" hai0="27,15,129,86,80,63,134,28,45,31,29,54,2" hai1="41,98,135,13,93,71,109,81,92,131,119,106,132" hai2="42,75,61,37,116,101,124,40,58,115,1,77,69" hai3="20,12,55,108,127,117,125,22,30,89,64,83,19"/><V3/><F101/><W95/><G117/><T9/><D134/><N who="1" m="51243" /><E71/><V68/><F116/><W72/><G64/><T46/><D129/><U44/><E119/><V32/><F32/><W34/><G34/><T24/><D2/><U53/><E131/><V85/><F85/><W48/><G108/><T65/><D65/><U18/><E109/><V87/><F87/><W56/><G72/><T49/><D63/><U97/><E53/><V128/><F128/><W67/><G83/><T74/><D46/><U70/><E70/><N who="2" m="27243" /><F77/><W21/><G67/><T110/><D110/><U121/><E81/><V133/><F75/><W112/><G112/><T10/><D74/><U14/><E121/><V33/><F33/><W8/><REACH who="3" step="1"/><G30/><REACH who="3" ten="330,235,155,270" step="2"/><T76/><D9/><N who="1" m="6447" /><E14/><V66/><F133/><W43/><G43/><N who="2" m="16425" /><F115/><W114/><G114/><T73/><D73/><U120/><E120/><V57/><F37/><W17/><G17/><AGARI ba="0,1" hai="10,15,17,24,27,28,29,31,45,49,54,76,80,86" machi="17" ten="40,1300,0" yaku="8,1" doraHai="39" who="0" fromWho="3" sc="330,23,235,0,155,0,270,-13" /><INIT seed="3,0,0,1,4,100" ten="353,235,155,257" oya="3" hai0="42,38,104,57,66,50,65,20,1,83,125,92,101" hai1="128,13,53,89,98,133,29,11,115,135,71,55,25" hai2="118,36,0,112,49,94,32,110,73,46,33,45,120" hai3="70,91,14,75,99,44,84,35,74,62,102,134,114"/><W52/><G114/><T26/><D125/><U2/><E71/><V88/><F49/><W108/><G35/><T82/><D104/><U116/><E2/><V90/><F0/><W85/><G134/><T121/><D121/><U117/><E115/><V113/><F94/><W15/><G75/><T64/><D1/><U56/><E89/><V23/><F23/><W4/><G74/><T76/><D76/><U122/><E98/><V10/><F73/><W58/><G108/><T17/><D38/><U8/><E122/><V61/><F61/><W68/><G44/><N who="0" m="25879" /><D57/><U129/><E56/><V18/><F18/><W47/><G47/><T9/><D9/><N who="1" m="3659" /><E13/><V34/><F10/><W6/><G70/><T97/><AGARI ba="0,0" hai="17,20,26,64,65,66,82,83,92,97,101" m="25879" machi="97" ten="30,1100,0" yaku="8,1" doraHai="100" who="0" fromWho="0" sc="353,11,235,-3,155,-3,257,-5" owari="364,47.0,232,-17.0,152,-35.0,252,5.0" /></mjloggm>