<mjloggm ver="2.3"><GO type="97" lobby="0"/><UN n0="%E9%A2%A8%E9%9B%B2%E3%82%B7%E3%83%AC%E3%83%B3" n1="%E3%81%BB%E3%82%8A%E3%81%BB%E3%82%8A" n2="%E3%82%A6%E3%83%AB%E3%83%88%E3%83%A9%E7%AB%8B%E7%9B%B4" n3="%E6%94%BE%E6%B5%AA%E3%81%AE%E3%83%97%E3%83%AA%E3%83%B3%E3%82%B9" dan="14,14,15,15" rate="1946.30,1894.05,1989.45,1994.92" sx="M,M,M,M"/><TAIKYOKU oya="0"/><INIT seed="0,0,0,5,4,0" ten="250,250,250,250" oya="0" hai0="112,37,77,38,133,30,45,23,130,110,28,128,95" hai1="106,15,81,96,72,48,55,109,34,14,24,3,44" hai2="64,57,50,78,26,56,22,113,35,71,107,6,92" hai3="65,41,88,99,20,124,46,67,121,83,7,31,89"/><T61/><D112/><U12/><E3/><V43/><F35/><W9/><G124/><T60/><D77/><U73/><E109/><V16/><F107/><W85/><G121/><T134/><D110/><U8/><E8/><V19/><F71/><W117/><G117/><T68/><D95/><U122/><E122/><V132/><F113/><W53/><G53/><T90/><D23/><U100/><E34/><V59/><F132/><N who="0" m="50794" /><D90/><U94/><E24/><V101/><F78/><W1/><G99/><T103/><D103/><U54/><E81/><V10/><F64/><W52/><G89/><T125/><D68/><U123/><E123/><V51/><F43/><W126/><G126/><T47/><D125/><U75/><REACH who="1" step="1"/><E55/><REACH who="1" ten="250,240,250,250" step="2"/><V111/><F111/><W116/><G116/><T87/><D30/><U80/><E80/><V93/><F19/><W58/><G31/><T27/><D27/><U25/><E25/><V33/><F33/><W86/><G20/><T131/><D28/><U13/><N who="1" m="3584" /><DORA hai="129" /><U105/><AGARI ba="0,1" hai="44,48,54,72,73,75,94,96,100,105,106" m="3584" machi="105" ten="50,6400,0" yaku="1,1,4,1,0,1,53,0" doraHai="0,129" doraHaiUra="4,119" who="1" fromWho="1" sc="250,-32,240,74,250,-16,250,-16" /><INIT seed="1,0,0,2,4,11" ten="218,314,234,234" oya="1" hai0="50,95,74,33,2,24,127,67,5,36,4,111,26" hai1="39,43,68,73,124,90,22,65,32,119,56,93,106" hai2="23,0,128,34,109,14,130,103,102,20,78,40,120" hai3="75,37,64,48,97,112,44,42,108,71,135,132,52"/><U99/><E119/><V21/><F0/><W129/><G75/><T51/><D74/><U117/><E32/><V3/><F3/><W61/><G97/><T113/><D2/><U81/><E68/><V66/><F34/><W28/><G28/><T122/><D122/><U76/><E117/><V31/><F31/><W6/><G6/><T70/><D113/><U54/><E65/><V77/><F66/><W60/><G112/><T15/><D36/><U84/><E124/><V12/><F40/><W89/><G89/><T121/><D127/><U25/><E43/><V59/><F59/><N who="3" m="34919" /><G108/><T49/><D111/><U83/><E39/><V35/><F35/><W46/><G129/><N who="2" m="49769" /><F109/><W57/><G71/><T96/><D33/><U63/><E106/><V79/><F120/><W86/><G86/><T13/><D67/><U134/><E134/><N who="3" m="51242" /><G46/><T87/><D70/><U1/><E1/><V100/><AGARI ba="0,0" hai="12,14,20,21,23,77,78,79,100,102,103" m="49769" machi="100" ten="40,12000,2" yaku="29,2,28,2,19,1,52,2" doraHai="11" who="2" fromWho="2" sc="218,-30,314,-60,234,120,234,-30" /><INIT seed="2,0,0,2,0,127" ten="188,254,354,204" oya="2" hai0="131,97,94,116,48,28,53,70,26,30,79,99,68" hai1="105,88,95,3,13,113,60,23,87,4,129,12,110" hai2="16,54,93,35,18,76,130,120,22,63,57,31,10" hai3="119,7,58,75,0,33,71,59,101,126,46,109,123"/><V78/><F35/><W133/><RYUUKYOKU type="yao9" ba="0,0" sc="188,0,254,0,354,0,204,0" hai3="0,7,33,46,58,59,71,75,101,109,119,123,126,133" /><INIT seed="2,1,0,1,5,64" ten="188,254,354,204" oya="2" hai0="128,39,8,49,80,71,11,4,76,83,50,79,0" hai1="113,55,26,41,48,110,85,112,43,73,47,95,38" hai2="99,57,75,122,81,13,94,82,87,132,118,58,31" hai3="74,96,36,45,62,1,70,130,34,51,66,22,67"/><V78/><F122/><W15/><G34/><T84/><D128/><U119/><E119/><V52/><F118/><W24/><G1/><T33/><D39/><U28/><E73/><V14/><F31/><W129/><G74/><T124/><D33/><U44/><E110/><V21/><F58/><W19/><G36/><T115/><D115/><U134/><E134/><V30/><F30/><W69/><G96/><T98/><D98/><U65/><E65/><V17/><F132/><W56/><G24/><T88/><D124/><U106/><E106/><V77/><F17/><W10/><G22/><T104/><D104/><U5/><E5/><V61/><F21/><W9/><G9/><T127/><D127/><U35/><E55/><V42/><F42/><W32/><G32/><T93/><D71/><U68/><E68/><V135/><F135/><W20/><G20/><T107/><D107/><U27/><E27/><V86/><F75/><W2/><G2/><T6/><D79/><U7/><E7/><V100/><AGARI ba="1,0" hai="13,14,52,57,61,77,78,81,82,86,87,94,99,100" machi="100" ten="20,12000,1" yaku="0,1,7,1,9,1,8,1,54,1" doraHai="64" who="2" fromWho="2" sc="188,-41,254,-41,354,123,204,-41" /><INIT seed="2,2,0,5,5,57" ten="147,213,477,163" oya="2" hai0="121,82,123,15,110,117,92,4,34,20,32,77,85" hai1="66,120,6,130,135,3,78,102,112,17,99,89,52" hai2="38,51,83,70,25,55,67,69,119,133,114,124,128" hai3="94,19,75,127,118,39,41,29,125,100,91,88,44"/><V65/><F83/><W122/><G118/><T11/><D110/><U87/><E130/><V96/><F25/><W111/><G122/><T93/><D117/><U43/><E120/><V42/><F96/><N who="3" m="59415" /><G111/><T54/><D121/><U10/><E112/><V129/><F119/><W126/><G29/><T105/><D105/><U47/><E135/><V26/><F26/><W13/><G75/><T62/><D123/><U14/><E78/><V73/><F73/><W5/><G5/><T108/><D108/><U97/><E66/><V1/><F1/><W56/><G56/><N who="0" m="35095" /><D34/><U28/><E28/><V103/><F133/><W106/><G106/><T2/><D32/><U84/><E52/><V61/><F103/><W45/><G45/><T90/><D2/><U49/><E89/><V134/><F134/><W71/><G71/><T31/><D77/><U7/><E7/><V8/><F114/><W79/><G79/><T72/><D72/><U80/><E80/><V60/><F124/><N who="3" m="31747" /><W46/><DORA hai="59" /><G46/><T98/><D31/><U16/><E17/><V74/><F74/><W27/><G27/><T132/><D132/><U30/><E30/><V113/><F113/><W9/><AGARI ba="2,0" hai="9,13,19,39,41,44,88,91" m="31747,59415" machi="9" ten="40,2700,0" yaku="18,1,54,1" doraHai="57,59" who="3" fromWho="3" sc="147,-9,213,-9,477,-15,163,33" /><INIT seed="3,0,0,1,4,124" ten="138,204,462,196" oya="3" hai0="112,91,38,15,80,76,72,21,98,101,128,120,31" hai1="87,114,92,63,79,25,37,65,66,105,39,132,113" hai2="73,83,89,17,47,86,42,45,134,82,95,77,52" hai3="44,16,3,119,36,9,121,102,5,54,125,33,131"/><W118/><G121/><T111/><D120/><U35/><E105/><V13/><F134/><W7/><G33/><T74/><D111/><U109/><E132/><V23/><F42/><W51/><G5/><T123/><D123/><U129/><E109/><V93/><F52/><W60/><G125/><T103/><D38/><U67/><E129/><V75/><F93/><W34/><G34/><T41/><D41/><U126/><E126/><V59/><F59/><W2/><G2/><T133/><D133/><U29/><E63/><V48/><F48/><W32/><G32/><T27/><D112/><U19/><E19/><V99/><F75/><W62/><G36/><T110/><D72/><U106/><E106/><V18/><F18/><W64/><G131/><T104/><D110/><U0/><E0/><V116/><F116/><W1/><G1/><T11/><D103/><AGARI ba="0,0" hai="13,17,23,45,47,73,77,82,83,86,89,95,99,103" machi="103" ten="30,1000,0" yaku="7,1" doraHai="124" who="2" fromWho="0" sc="138,-10,204,0,462,10,196,0" owari="128,-37.0,204,0.0,472,57.0,196,-20.0" /></mjloggm>