<mjloggm ver="2.3"><GO type="41" lobby="0"/><UN n0="%E3%81%A4%E3%81%B0%E3%82%81" n1="%E3%82%A6%E3%83%AB%E3%83%88%E3%83%A9%E7%AB%8B%E7%9B%B4" n2="%E3%81%8A%E8%8C%B6%E7%9B%AE%E3%81%AA%E6%9C%AC%E3%83%9E%E3%82%B0%E3%83%AD" n3="%6E%65%6B%6F%6D%69%79%61" dan="14,15,15,13" rate="1915.68,1953.01,1997.68,1837.22" sx="M,M,M,F"/><TAIKYOKU oya="0"/><INIT seed="0,0,0,5,2,101" ten="250,250,250,250" oya="0" hai0="46,67,50,72,63,96,82,7,33,6,61,80,111" hai1="75,24,114,68,43,60,45,135,102,4,117,107,70" hai2="124,113,123,125,119,103,8,106,89,15,32,110,74" hai3="122,81,100,30,20,86,116,115,65,84,14,31,109"/><T36/><D36/><N who="1" m="21735" /><E4/><V53/><F74/><W55/><G109/><T23/><D33/><U12/><E12/><V90/><F110/><W19/><G65/><T0/><D111/><U29/><E117/><V52/><F119/><W71/><G115/><T58/><D0/><U76/><E60/><V18/><F32/><W56/><G71/><T44/><D72/><U128/><E128/><V98/><F113/><W2/><G122/><T126/><D126/><N who="2" m="48746" /><F123/><W40/><G2/><T93/><D23/><U28/><E28/><V17/><F17/><W42/><G100/><N who="0" m="60431" /><D61/><U48/><E48/><V85/><F90/><W10/><G116/><T79/><D79/><U59/><E114/><V38/><F38/><W49/><G86/><T134/><D46/><U83/><E59/><V34/><F34/><W13/><G31/><T118/><D118/><U27/><E27/><V99/><F99/><W11/><G30/><T88/><D134/><U41/><E41/><V51/><F51/><W112/><G20/><T39/><D39/><U73/><E135/><V87/><F87/><W131/><G131/><T108/><D108/><U9/><E9/><V120/><F120/><W94/><G112/><T26/><D26/><U129/><E129/><V21/><F8/><W121/><G94/><AGARI ba="0,0" hai="15,18,21,52,53,85,89,94,98,103,106" m="48746" machi="94" ten="30,3900,0" yaku="18,1,52,1,54,1" doraHai="101" who="2" fromWho="3" sc="250,0,250,0,250,39,250,-39" /><INIT seed="1,0,0,3,2,2" ten="250,250,289,211" oya="1" hai0="50,86,119,6,118,111,31,120,35,130,134,75,115" hai1="79,104,13,105,24,12,17,68,39,28,43,8,52" hai2="121,3,99,0,57,34,32,46,87,94,132,76,70" hai3="44,106,128,58,82,47,89,88,108,36,26,7,100"/><U42/><E68/><V38/><F70/><W129/><G108/><T67/><D67/><U102/><E39/><V117/><F117/><W40/><G47/><T18/><D50/><U109/><E79/><V55/><F121/><W85/><G106/><T56/><D56/><U48/><E109/><V122/><F132/><W11/><G100/><T78/><D86/><U123/><E123/><V62/><F122/><W10/><G26/><T37/><D120/><U112/><E112/><V29/><F34/><W103/><G103/><T61/><D61/><U45/><E13/><V93/><F32/><W33/><G33/><T30/><D111/><U131/><E131/><N who="3" m="50250" /><G58/><T101/><D101/><U97/><REACH who="1" step="1"/><E105/><REACH who="1" ten="250,240,289,211" step="2"/><V63/><F38/><W51/><G36/><T73/><D37/><U72/><E72/><V98/><F3/><W49/><G49/><T113/><D75/><U5/><E5/><V84/><F0/><W95/><G95/><T92/><D92/><U69/><E69/><V14/><F94/><W124/><G7/><T22/><D130/><U114/><E114/><N who="0" m="43529" /><D78/><U83/><E83/><V90/><F76/><W107/><G107/><T41/><D73/><U81/><E81/><V127/><F93/><W110/><G110/><T66/><D118/><U21/><AGARI ba="0,1" hai="8,12,17,21,24,28,42,43,45,48,52,97,102,104" machi="21" ten="20,7800,0" yaku="1,1,0,1,7,1,54,1,53,0" doraHai="2" doraHaiUra="54" who="1" fromWho="1" sc="250,-26,240,88,289,-26,211,-26" /><INIT seed="1,1,0,0,3,23" ten="224,328,263,185" oya="1" hai0="3,117,41,31,93,50,124,118,53,89,30,120,107" hai1="57,79,97,98,84,26,100,77,132,28,75,131,94" hai2="62,71,112,29,18,37,116,38,48,126,130,14,72" hai3="134,11,123,85,114,76,56,20,91,43,135,45,87"/><U51/><E75/><V65/><F116/><W127/><G123/><T42/><D107/><U10/><E131/><V36/><F130/><W115/><G114/><T21/><D3/><U24/><E132/><N who="3" m="50730" /><G115/><T69/><D69/><U63/><E51/><V64/><F72/><W109/><G127/><T32/><D120/><U86/><E10/><V74/><F74/><W8/><G109/><T133/><D133/><U110/><E110/><V68/><F112/><W60/><G76/><N who="1" m="29258" /><E28/><V125/><F29/><W13/><G20/><T95/><D124/><U70/><E70/><V121/><F48/><N who="3" m="26687" /><G13/><T15/><D118/><U47/><E47/><V44/><F44/><W19/><G19/><N who="0" m="10495" /><D32/><U78/><E98/><V49/><F49/><W6/><G6/><T106/><D117/><U129/><E129/><V111/><F121/><W83/><G87/><N who="1" m="33322" /><E78/><V4/><F111/><W33/><G33/><T102/><D30/><U81/><E81/><V92/><F4/><W35/><G35/><T80/><D31/><U101/><E101/><V119/><F119/><W16/><G16/><T52/><D50/><U46/><E46/><V27/><F125/><W59/><G59/><T82/><D102/><U88/><E100/><V61/><F126/><W9/><G9/><T7/><D7/><U5/><E5/><V104/><F104/><W0/><G0/><T54/><D106/><U122/><E122/><V58/><F58/><W40/><G40/><N who="0" m="15467" /><D80/><U105/><E105/><V108/><F108/><W96/><G96/><N who="0" m="57391" /><D82/><U12/><E12/><V113/><F113/><W73/><G73/><T17/><D17/><RYUUKYOKU ba="1,0" sc="224,10,328,10,263,-30,185,10" hai0="52,53,54,95" hai1="24,26,57,63,88,94,97" hai3="8,11,56,60,83,85,91" /><INIT seed="1,2,0,4,0,53" ten="234,338,233,195" oya="1" hai0="86,101,61,62,3,127,25,82,45,72,12,90,73" hai1="134,77,69,107,1,88,7,105,43,26,80,68,104" hai2="71,2,95,52,63,112,50,57,92,111,121,39,76" hai3="30,83,28,135,100,122,0,66,91,44,117,70,14"/><U56/><E7/><V123/><F76/><W120/><G0/><T35/><D3/><U102/><E1/><V32/><F32/><W93/><G135/><T119/><D119/><U51/><E102/><V87/><F2/><W20/><G117/><T38/><D101/><U79/><E26/><V94/><F39/><W113/><G100/><T78/><D127/><U131/><E134/><V64/><F111/><W6/><G113/><T34/><D34/><U124/><E124/><V41/><F41/><W42/><G83/><T118/><D118/><U67/><E131/><V115/><REACH who="2" step="1"/><F87/><REACH who="2" ten="234,338,223,195" step="2"/><N who="3" m="52479" /><G120/><AGARI ba="2,1" hai="50,52,57,63,64,71,92,94,95,112,115,120,121,123" machi="120" ten="40,5200,0" yaku="1,1,52,1,54,1,53,0" doraHai="53" doraHaiUra="18" who="2" fromWho="3" sc="234,0,338,0,223,68,195,-58" /><INIT seed="2,0,0,0,4,128" ten="234,338,291,137" oya="2" hai0="40,117,99,95,120,75,54,21,112,134,82,27,130" hai1="111,46,124,87,23,107,101,91,20,96,79,53,35" hai2="42,14,32,66,19,0,94,36,93,118,55,48,131" hai3="84,110,85,114,33,16,5,56,51,133,24,86,31"/><V52/><F118/><W71/><G71/><T64/><D120/><U8/><E35/><V17/><F0/><W129/><G110/><T39/><D112/><U34/><E34/><V80/><F131/><W67/><G129/><T76/><D130/><U9/><E79/><V121/><F121/><W4/><G114/><T126/><D117/><U97/><E97/><V43/><F32/><W90/><G133/><T72/><D126/><U60/><E124/><V58/><F66/><W49/><G90/><T41/><D75/><U63/><E63/><N who="2" m="36295" /><F36/><W104/><G104/><T1/><D1/><U105/><E105/><V3/><F80/><W26/><G49/><T106/><D106/><U29/><E111/><V68/><F68/><W113/><G113/><T10/><D39/><U83/><E60/><V73/><F73/><W127/><G127/><T50/><D64/><U123/><E123/><V115/><F3/><W109/><G109/><T25/><D72/><U18/><E29/><V15/><F15/><W6/><G24/><T12/><D27/><U70/><E70/><V119/><F119/><W22/><G67/><T62/><D62/><U30/><E30/><V57/><F115/><W122/><G122/><T47/><D82/><U77/><E77/><V74/><F74/><W78/><G78/><T103/><D76/><U98/><E83/><V108/><F108/><W92/><G92/><N who="2" m="35433" /><F19/><W7/><N who="3" m="1536" /><DORA hai="88" /><W11/><G33/><T132/><D132/><U116/><E18/><V44/><F44/><W13/><G56/><T69/><D69/><U135/><E116/><V65/><F65/><RYUUKYOKU ba="0,0" sc="234,-15,338,-15,291,15,137,15" hai2="14,17,42,43,48,55,57" hai3="11,13,16,22,26,31,51,84,85,86" /><INIT seed="2,1,0,2,5,131" ten="219,323,306,152" oya="2" hai0="35,21,38,55,62,80,10,66,60,77,9,12,70" hai1="36,18,89,32,42,101,20,85,5,13,83,48,69" hai2="130,110,127,67,88,90,76,95,74,116,75,31,56" hai3="129,73,19,86,134,49,71,59,17,11,112,37,4"/><V98/><F116/><W29/><G29/><T27/><D35/><U54/><E69/><V118/><F130/><W57/><G73/><T128/><D38/><U14/><E101/><V100/><F118/><W107/><G129/><T109/><D128/><U23/><E32/><V87/><F127/><W92/><G107/><T61/><D109/><U52/><E36/><V132/><F110/><W108/><G71/><T41/><D41/><U123/><E123/><V0/><F0/><W115/><G37/><T16/><D55/><U106/><E106/><N who="2" m="63767" /><F31/><W79/><G108/><T121/><D121/><U43/><E54/><V103/><F56/><W65/><G65/><T120/><D120/><U33/><E33/><V1/><F1/><W84/><G49/><T8/><REACH who="0" step="1"/><D12/><REACH who="0" ten="209,323,306,152" step="2"/><U126/><E126/><V117/><F117/><W68/><G115/><T135/><D135/><U51/><E14/><V24/><F132/><W124/><G134/><T111/><D111/><U53/><E13/><V102/><F67/><W104/><G124/><T99/><D99/><U3/><E3/><V50/><F50/><W25/><G112/><T22/><D22/><U125/><E125/><V47/><F47/><W39/><G39/><T7/><D7/><U63/><E5/><V113/><F113/><W30/><G4/><T34/><D34/><U82/><E51/><V94/><F24/><W119/><G25/><T2/><D2/><U114/><E48/><V44/><F44/><W45/><G119/><T6/><D6/><U58/><E114/><V81/><F74/><AGARI ba="1,1" hai="8,9,10,16,21,27,60,61,62,66,70,74,77,80" machi="74" ten="40,5200,0" yaku="1,1,54,1,53,1" doraHai="131" doraHaiUra="72" who="0" fromWho="2" sc="209,65,323,0,306,-55,152,0" /><INIT seed="3,0,0,4,5,114" ten="274,323,251,152" oya="3" hai0="80,125,65,46,0,73,60,42,75,133,49,33,4" hai1="118,87,79,54,26,5,113,103,89,102,62,37,19" hai2="50,96,123,130,39,1,8,57,88,29,14,22,35" hai3="97,7,120,68,64,44,91,108,30,71,84,135,81"/><W124/><G120/><T61/><D33/><U15/><E37/><V16/><F123/><W58/><G135/><T86/><D133/><U129/><E79/><V95/><F130/><W110/><G124/><T69/><D125/><U126/><E118/><V98/><F39/><W77/><G30/><T132/><D132/><U41/><E41/><V63/><F50/><W32/><G32/><T12/><D0/><U93/><E113/><V115/><F115/><W127/><G7/><T56/><D4/><U47/><E129/><V59/><F98/><W17/><G127/><T36/><D12/><U105/><E105/><V51/><F51/><W116/><G116/><T111/><D111/><N who="3" m="42537" /><G58/><T109/><D109/><U78/><E78/><V55/><F59/><W70/><G44/><T119/><D119/><U3/><E3/><V24/><REACH who="2" step="1"/><F1/><REACH who="2" ten="274,323,241,152" step="2"/><W74/><G97/><T23/><D61/><U67/><E62/><V27/><F27/><W76/><G64/><T90/><D36/><U31/><E67/><V100/><F100/><W121/><G74/><T131/><D131/><U85/><E102/><V6/><F6/><W52/><G121/><T48/><D48/><N who="1" m="28959" /><E103/><V53/><F53/><W28/><G52/><T72/><D69/><U13/><E5/><V107/><F107/><W40/><G40/><T83/><D72/><U82/><E126/><V101/><F101/><W25/><G17/><T134/><D134/><U21/><E19/><V112/><F112/><W11/><G76/><N who="0" m="44047" /><D75/><U18/><E18/><V117/><F117/><W45/><G77/><T9/><D65/><U128/><E128/><RYUUKYOKU ba="0,1" sc="274,-15,323,15,241,15,152,-15" hai1="13,15,21,26,31,82,85,87,89,93" hai2="8,14,16,22,24,29,35,55,57,63,88,95,96" /><INIT seed="4,1,1,4,0,68" ten="259,338,256,137" oya="0" hai0="24,13,49,128,64,26,54,88,44,95,27,15,118" hai1="38,103,25,32,69,20,11,70,125,61,72,119,3" hai2="9,110,87,83,29,35,39,122,0,135,16,57,19" hai3="66,36,14,85,114,63,134,8,84,86,75,89,102"/><T113/><D118/><U6/><E20/><V101/><F122/><W82/><G134/><T109/><D109/><U100/><E100/><V4/><F110/><W17/><G114/><T51/><D113/><U45/><E119/><V96/><F39/><W79/><G36/><T108/><D108/><U22/><E22/><V56/><F135/><W41/><G102/><T76/><D76/><U99/><E61/><V53/><F57/><W55/><G41/><N who="0" m="24719" /><D64/><U117/><E117/><V21/><F35/><W5/><G55/><T60/><D60/><U40/><E72/><V7/><F7/><W46/><G46/><N who="0" m="28023" /><D128/><U116/><E116/><V37/><F37/><W130/><G130/><T132/><D132/><U92/><E125/><V42/><F42/><W124/><G124/><T23/><D23/><U10/><E10/><V107/><F21/><W77/><G77/><T18/><D18/><U12/><E12/><V43/><F43/><W48/><G48/><T33/><D33/><U104/><E92/><V71/><F71/><W34/><G34/><T80/><D80/><U106/><E106/><V73/><F73/><W123/><G17/><T2/><D2/><U93/><E93/><V120/><F120/><W126/><G126/><T78/><D78/><U105/><E105/><V59/><F29/><AGARI ba="1,1" hai="3,6,11,25,29,32,38,40,45,69,70,99,103,104" machi="29" ten="40,8000,1" yaku="33,3,52,1" doraHai="68" who="1" fromWho="2" sc="259,0,338,93,256,-83,137,0" /><INIT seed="5,0,0,2,5,11" ten="259,431,173,137" oya="1" hai0="105,82,93,95,107,7,4,59,100,9,75,121,108" hai1="20,56,80,111,86,92,45,72,5,50,70,27,115" hai2="130,15,117,36,87,98,19,14,17,133,39,116,29" hai3="83,23,42,129,68,28,55,57,109,37,88,134,52"/><U104/><E104/><N who="0" m="40009" /><D59/><U34/><E34/><V47/><F29/><W1/><G109/><T94/><D9/><U118/><E70/><V78/><F133/><W74/><G68/><T25/><D25/><U76/><E118/><V38/><F130/><W96/><G134/><T91/><D7/><U127/><E111/><V101/><F47/><W60/><G129/><T44/><D44/><U63/><E127/><V135/><F135/><W41/><G1/><T58/><D4/><U64/><E115/><V22/><F87/><N who="3" m="50303" /><G74/><T128/><D58/><U65/><E72/><V26/><F78/><W99/><G37/><T53/><D53/><U125/><E125/><V33/><F33/><W67/><G41/><T119/><D128/><U124/><E124/><V6/><F6/><W103/><G42/><T73/><D108/><U77/><E5/><V112/><F112/><W102/><G23/><T89/><D121/><U24/><E20/><V97/><F26/><W21/><G28/><T30/><D30/><U132/><E24/><V61/><F61/><W113/><G21/><T43/><D43/><U16/><E63/><V49/><F49/><W122/><G122/><T131/><D131/><U48/><E48/><V120/><F120/><W18/><G18/><N who="2" m="6665" /><F22/><W8/><G8/><T10/><D10/><U106/><E50/><V40/><F40/><W46/><G113/><T110/><D110/><U3/><E3/><V85/><F101/><N who="3" m="38411" /><G46/><T13/><D73/><U90/><E45/><V35/><F35/><W84/><G84/><N who="0" m="50327" /><D75/><U79/><E132/><V2/><F2/><W81/><G81/><RYUUKYOKU ba="0,0" sc="259,-10,431,-10,173,-10,137,30" hai3="52,55,57,60,67,96,99" /><INIT seed="6,1,0,1,2,92" ten="249,421,163,167" oya="2" hai0="63,79,118,31,105,24,88,86,129,75,135,106,112" hai1="6,132,36,85,114,33,2,43,45,131,116,100,72" hai2="12,90,25,124,113,46,10,14,51,28,29,42,97" hai3="66,68,44,110,117,78,7,16,17,84,27,126,128"/><V80/><F113/><W70/><G110/><T21/><D112/><U58/><E33/><V19/><F124/><W130/><G117/><T57/><D118/><U94/><E58/><V4/><F25/><W81/><G126/><T134/><D129/><N who="3" m="49769" /><G7/><T3/><D3/><U37/><E37/><V22/><REACH who="2" step="1"/><F80/><REACH who="2" ten="249,421,153,167" step="2"/><W38/><G66/><N who="0" m="39279" /><D75/><U121/><E114/><V120/><F120/><W111/><G27/><T95/><D79/><U41/><E121/><V74/><F74/><W102/><G111/><T20/><D20/><U30/><E72/><V35/><F35/><W69/><G102/><T133/><AGARI ba="1,1" hai="21,24,31,86,88,95,105,106,133,134,135" m="39279" machi="133" ten="30,2000,0" yaku="20,1,54,1" doraHai="92" who="0" fromWho="0" sc="249,33,421,-6,153,-11,167,-6" /><INIT seed="7,0,0,2,3,55" ten="282,415,142,161" oya="3" hai0="19,1,73,107,93,113,129,13,11,41,58,16,68" hai1="114,12,4,18,101,59,31,72,95,26,133,86,37" hai2="64,85,38,9,3,87,21,52,76,98,122,67,112" hai3="83,80,23,43,34,51,128,124,17,135,123,91,69"/><W42/><G34/><T28/><D68/><U131/><E72/><V25/><F38/><W117/><G69/><T57/><D107/><U77/><E37/><V84/><F122/><W44/><G123/><T60/><D73/><U81/><E4/><V50/><F112/><W20/><G117/><T130/><D113/><U119/><E131/><N who="0" m="50185" /><D41/><N who="3" m="15369" /><G128/><T62/><D28/><U126/><E119/><V125/><F125/><W99/><G135/><T32/><D32/><U79/><E126/><V49/><F49/><W10/><G124/><T30/><D30/><U29/><E29/><N who="2" m="17583" /><F3/><W46/><G51/><T61/><D1/><U35/><E133/><V53/><F53/><W120/><G120/><T66/><D66/><N who="2" m="25130" /><F9/><W40/><G40/><T36/><D36/><U27/><E31/><V33/><F33/><W14/><G99/><T47/><D47/><N who="3" m="17961" /><G91/><T45/><D45/><U110/><E35/><V94/><F76/><W71/><G71/><T106/><D106/><U103/><E79/><V104/><F104/><W63/><G63/><T6/><D93/><U121/><E95/><V48/><F52/><W134/><G134/><T56/><AGARI ba="0,0" hai="6,11,13,16,19,56,57,58,60,61,62" m="50185" machi="56" ten="40,8000,1" yaku="19,1,52,3,54,1" doraHai="55" who="0" fromWho="0" sc="282,80,415,-20,142,-20,161,-40" owari="362,16.0,395,50.0,122,-28.0,121,-38.0" /></mjloggm>