<mjloggm ver="2.3"><GO type="97" lobby="0"/><UN n0="%E3%82%A8%E3%82%A2%E3%83%9E%E3%82%B0%E3%83%9E" n1="%E3%81%AA%E3%81%98%E3%81%BF%E3%82%93%EF%BC%A0%EF%BC%A0" n2="%E3%82%84%E3%81%AA%E3%81%98%E3%83%BC" n3="%E3%82%A6%E3%83%AB%E3%83%88%E3%83%A9%E7%AB%8B%E7%9B%B4" dan="14,14,13,15" rate="1944.16,1952.80,1886.12,2008.68" sx="M,M,M,M"/><TAIKYOKU oya="0"/><INIT seed="0,0,0,4,4,30" ten="250,250,250,250" oya="0" hai0="44,21,119,123,47,59,55,82,128,104,51,130,17" hai1="84,63,92,135,37,126,39,35,9,25,0,42,107" hai2="112,68,5,110,7,120,116,88,96,86,38,87,53" hai3="12,20,32,22,77,4,31,122,113,101,70,56,109"/><T3/><D3/><U81/><E107/><V99/><F112/><W124/><G70/><T83/><D104/><U95/><E135/><V67/><F120/><W98/><G113/><T73/><D123/><U114/><E114/><V66/><F38/><W58/><G124/><T65/><D119/><U49/><E126/><V106/><F116/><W91/><G32/><T62/><D47/><N who="1" m="25847" /><E35/><V108/><F106/><W85/><G77/><T1/><D1/><U105/><E0/><V6/><F53/><W54/><G109/><N who="2" m="42089" /><F68/><W75/><G75/><T13/><REACH who="0" step="1"/><D73/><REACH who="0" ten="240,250,250,250" step="2"/><U94/><E105/><V28/><F28/><W29/><G29/><T50/><D50/><U115/><E115/><V45/><F5/><W10/><G31/><T80/><AGARI ba="0,1" hai="13,17,21,44,51,55,59,62,65,80,82,83,128,130" machi="80" ten="30,11700,0" yaku="1,1,0,1,53,2" doraHai="30" doraHaiUra="127" who="0" fromWho="0" sc="240,127,250,-39,250,-39,250,-39" /><INIT seed="0,1,0,2,2,0" ten="367,211,211,211" oya="0" hai0="103,60,86,125,83,46,72,19,126,12,102,61,27" hai1="53,37,8,117,81,29,127,3,58,84,6,31,56" hai2="54,44,20,119,108,9,112,74,15,50,71,115,76" hai3="111,124,2,131,34,59,110,75,121,25,7,95,36"/><T101/><D72/><U4/><E117/><V23/><F71/><W14/><G36/><T67/><D27/><U1/><E37/><V91/><F119/><W73/><G75/><T33/><D33/><U109/><E127/><N who="0" m="48649" /><D46/><U105/><E105/><V99/><F108/><N who="3" m="41515" /><G73/><T5/><D5/><U11/><E109/><V133/><F133/><W93/><G124/><T90/><D67/><U98/><E98/><V55/><F115/><W79/><G2/><T132/><D132/><U134/><E134/><V42/><F112/><W123/><G25/><T57/><D57/><U82/><E84/><V22/><F76/><W18/><G34/><T63/><D63/><U45/><E53/><V21/><F74/><W80/><G59/><T118/><D118/><U107/><E107/><V28/><N who="2" m="5632" /><DORA hai="92" /><V122/><F28/><W106/><G18/><T89/><D89/><U32/><E32/><V35/><F35/><W66/><G66/><T16/><D19/><U52/><E52/><N who="2" m="20011" /><F122/><W70/><G70/><T113/><D113/><U104/><E104/><V94/><F15/><W69/><G69/><T130/><D130/><U128/><REACH who="1" step="1"/><E45/><REACH who="1" ten="367,201,211,211" step="2"/><V100/><F9/><AGARI ba="1,1" hai="9,12,16,60,61,83,86,90,101,102,103" m="48649" machi="9" ten="30,2900,0" yaku="18,1,54,1" doraHai="0,92" who="0" fromWho="2" sc="367,42,201,0,211,-32,211,0" /><INIT seed="0,2,0,3,4,107" ten="409,201,179,211" oya="0" hai0="96,28,113,81,0,21,55,102,99,25,59,87,122" hai1="90,54,27,49,75,5,52,14,31,130,73,36,57" hai2="42,79,26,119,109,101,125,106,88,56,48,116,32" hai3="20,9,62,11,60,38,82,4,34,2,30,115,50"/><T33/><D122/><U3/><E3/><V120/><F120/><W114/><G38/><T41/><D113/><U112/><E36/><V24/><F79/><W70/><G60/><T39/><D0/><U118/><E130/><V86/><F125/><W71/><G50/><T91/><D39/><U84/><E118/><N who="2" m="45099" /><F109/><W129/><G20/><T66/><D66/><U17/><E5/><V13/><F32/><W89/><G11/><T12/><D41/><U68/><E68/><V74/><F13/><W69/><G62/><T77/><D102/><U85/><E54/><N who="2" m="31815" /><F42/><W65/><G65/><T94/><D12/><U8/><E112/><V100/><F74/><W98/><G129/><T6/><D6/><U83/><E85/><V7/><F7/><W93/><REACH who="3" step="1"/><G82/><REACH who="3" ten="409,201,179,201" step="2"/><T10/><D10/><U128/><E128/><V127/><F127/><W58/><G58/><T19/><D33/><AGARI ba="2,1" hai="8,14,17,27,31,33,49,52,57,73,75,83,84,90" machi="33" ten="30,7700,0" yaku="7,1,52,2,54,1" doraHai="107" who="1" fromWho="0" sc="409,-83,201,93,179,0,201,0" /><INIT seed="1,0,0,5,5,40" ten="326,294,179,201" oya="1" hai0="92,23,30,95,50,116,48,29,84,39,86,21,104" hai1="33,62,113,2,55,118,19,7,131,67,8,94,4" hai2="35,20,61,37,80,24,57,132,125,0,130,38,9" hai3="31,5,65,108,54,22,16,129,128,15,91,122,135"/><U3/><E118/><V121/><F121/><W76/><G122/><T110/><D39/><U59/><E113/><V127/><F35/><W85/><G135/><T13/><D13/><U51/><E33/><V72/><F132/><W11/><G108/><T52/><D104/><U41/><E131/><V101/><F101/><W56/><G65/><T90/><D116/><U44/><E19/><V107/><F107/><W66/><G66/><T93/><D110/><U106/><E106/><V46/><F46/><W120/><G76/><T42/><D42/><U102/><E102/><V88/><F130/><W53/><G53/><T60/><D60/><U45/><E94/><V47/><F72/><W79/><G79/><T98/><D98/><U89/><E89/><V126/><F0/><W111/><G31/><T6/><D6/><U34/><E34/><V74/><F9/><W58/><G58/><T70/><D70/><U18/><E18/><N who="2" m="12311" /><F74/><W64/><G64/><T100/><D100/><U73/><E73/><V36/><F80/><W1/><G111/><T14/><D14/><U26/><E26/><V49/><F88/><W81/><REACH who="3" step="1"/><G120/><REACH who="3" ten="326,294,179,191" step="2"/><T115/><D115/><U105/><E3/><V27/><F27/><W75/><G75/><T112/><D112/><U12/><E2/><V119/><F119/><W134/><G134/><T10/><D30/><U63/><E62/><AGARI ba="0,1" hai="1,5,11,15,16,22,54,56,62,81,85,91,128,129" machi="62" ten="40,5200,0" yaku="1,1,54,1,53,1" doraHai="40" doraHaiUra="83" who="3" fromWho="1" sc="326,0,294,-52,179,0,191,62" /><INIT seed="2,0,0,0,3,110" ten="326,242,179,253" oya="2" hai0="38,88,75,118,134,42,47,73,34,3,25,97,10" hai1="108,91,9,115,74,55,69,58,121,48,64,52,135" hai2="122,14,86,28,49,24,36,116,66,98,5,45,50" hai3="131,78,0,23,71,126,62,67,56,41,127,132,30"/><V1/><F122/><W12/><G0/><T77/><D134/><U51/><E74/><V44/><F116/><W59/><G132/><T27/><D118/><U84/><E108/><V130/><F1/><W68/><G78/><T72/><D34/><U54/><E121/><V107/><F36/><W11/><G131/><T16/><D77/><U81/><E115/><V94/><F66/><W35/><G35/><T57/><D57/><U99/><E135/><V89/><F130/><W102/><G102/><T32/><D32/><U103/><E69/><V90/><F107/><W29/><G41/><T22/><D10/><U128/><E128/><V100/><F5/><N who="3" m="3183" /><G56/><T93/><REACH who="0" step="1"/><D3/><REACH who="0" ten="316,242,179,253" step="2"/><U80/><E9/><V19/><F28/><N who="3" m="10859" /><G23/><T60/><D60/><U20/><E58/><V104/><F24/><AGARI ba="0,1" hai="16,22,24,25,27,38,42,47,72,73,75,88,93,97" machi="24" ten="40,5200,0" yaku="1,1,54,2,53,0" doraHai="110" doraHaiUra="113" who="0" fromWho="2" sc="316,62,242,0,179,-52,253,0" /><INIT seed="3,0,0,0,3,19" ten="378,242,127,253" oya="3" hai0="96,41,62,103,127,28,86,3,49,83,15,90,13" hai1="56,74,65,120,11,42,34,9,76,75,92,81,1" hai2="71,18,60,21,95,129,8,39,84,59,121,113,33" hai3="114,77,119,61,26,128,63,124,32,123,46,2,105"/><W27/><G27/><T4/><D3/><U85/><E120/><V37/><F121/><W88/><G63/><T80/><D127/><U93/><E34/><V25/><F113/><W107/><G77/><T57/><D83/><U116/><E116/><V104/><F104/><W106/><G123/><T38/><D38/><U132/><E132/><V98/><F71/><W99/><G119/><T5/><D28/><U125/><E125/><V48/><F129/><W29/><G2/><T111/><D111/><U22/><E74/><V53/><F33/><W73/><G73/><T20/><D96/><U100/><E1/><V68/><F8/><N who="1" m="3145" /><E75/><V31/><F68/><W110/><G124/><T101/><D103/><U122/><E122/><V115/><F115/><W79/><G114/><T133/><D133/><U134/><E42/><V54/><F84/><W16/><G128/><T117/><D101/><U69/><E69/><V52/><F31/><W0/><G0/><T12/><D117/><U50/><E100/><V67/><REACH who="2" step="1"/><F48/><REACH who="2" ten="378,242,117,253" step="2"/><W23/><G106/><T82/><D49/><U135/><E50/><V58/><F58/><W14/><G105/><T72/><D57/><U131/><E131/><V7/><F7/><W30/><G30/><T108/><D5/><U35/><E35/><V10/><F10/><W6/><G6/><T89/><D4/><U51/><E135/><V24/><F24/><W126/><G126/><T87/><D72/><U17/><E134/><V44/><F44/><W109/><G46/><T45/><D45/><U112/><E51/><V40/><F40/><W55/><G107/><RYUUKYOKU ba="0,1" sc="378,-10,242,-10,117,30,253,-10" hai2="18,21,25,37,39,52,53,54,59,60,67,95,98" owari="378,48.0,232,-17.0,147,-35.0,243,4.0" /></mjloggm>