<mjloggm ver="2.3"><GO type="169" lobby="0"/><UN n0="%E2%98%86%E3%82%BF%E3%82%AA%E3%83%91%E3%82%A4%E3%83%91%E3%82%A4%E2%98%86" n1="%4D%49%40%34%32%38" n2="%E3%82%A6%E3%83%AB%E3%83%88%E3%83%A9%E7%AB%8B%E7%9B%B4" n3="%E6%9E%9D%E8%B1%86%E3%82%AB%E3%83%AC%E3%83%BC%E7%94%98%E5%8F%A3" dan="16,16,17,16" rate="2064.09,2081.10,2061.85,2086.95" sx="M,M,M,F"/><TAIKYOKU oya="0"/><INIT seed="0,0,0,5,1,118" ten="250,250,250,250" oya="0" hai0="53,44,78,22,36,77,90,46,130,20,111,27,100" hai1="47,10,25,62,98,133,113,85,51,119,74,121,71" hai2="122,69,65,55,102,16,35,75,52,1,93,64,117" hai3="72,70,63,33,125,120,126,38,48,30,99,29,116"/><T103/><D130/><U57/><E119/><V88/><F75/><W40/><G116/><T28/><D111/><U105/><E74/><V42/><F35/><W50/><G72/><T45/><D36/><U80/><E71/><V21/><F1/><W32/><G99/><T0/><D0/><U61/><E133/><V67/><F69/><W106/><G106/><T104/><D104/><U101/><E113/><V108/><F108/><W73/><G73/><T6/><D6/><U112/><E112/><V37/><F122/><W68/><G38/><T134/><D134/><U19/><E121/><V41/><F102/><N who="0" m="38954" /><D90/><U129/><E129/><V82/><F82/><W56/><G56/><T58/><D20/><U34/><E57/><V114/><F114/><W26/><G63/><AGARI ba="0,0" hai="22,27,28,44,45,46,53,58,63,77,78" m="38954" machi="63" ten="30,1500,0" yaku="8,1" doraHai="118" who="0" fromWho="3" sc="250,15,250,0,250,0,250,-15" /><INIT seed="0,1,0,3,0,34" ten="265,250,250,235" oya="0" hai0="3,62,133,103,117,89,119,29,128,14,130,113,120" hai1="48,63,5,65,92,61,51,109,40,56,86,82,100" hai2="69,84,111,91,4,46,24,25,90,39,134,85,18" hai3="104,110,55,126,22,77,7,1,132,75,107,66,26"/><T59/><D113/><U23/><E109/><V44/><F69/><W33/><G33/><T32/><D120/><U129/><E129/><N who="0" m="49769" /><D133/><U108/><E108/><V122/><F111/><W101/><G110/><T106/><D3/><U83/><E40/><V54/><F4/><W11/><G126/><T36/><D36/><U43/><E43/><V41/><F134/><W53/><G66/><N who="0" m="39263" /><D89/><U70/><E5/><V64/><F90/><W45/><G132/><T121/><D121/><U95/><E23/><V8/><F91/><W30/><G101/><T88/><D88/><U42/><E100/><V118/><F39/><W17/><G1/><T16/><D29/><U125/><E125/><V124/><F124/><W79/><G30/><T98/><D32/><U81/><E86/><V47/><F85/><W31/><G31/><T96/><D96/><U87/><E87/><V67/><F84/><W68/><G77/><T9/><AGARI ba="1,0" hai="9,14,16,98,103,106,117,119" m="39263,49769" machi="9" ten="30,3000,0" yaku="19,1,54,1" doraHai="34" who="0" fromWho="0" sc="265,33,250,-11,250,-11,235,-11" /><INIT seed="0,2,0,1,4,38" ten="298,239,239,224" oya="0" hai0="68,91,89,21,74,43,110,56,73,131,109,40,70" hai1="30,77,123,90,124,95,135,132,93,20,46,114,28" hai2="44,29,58,48,100,69,111,1,12,115,107,64,47" hai3="42,78,27,16,88,25,127,92,86,34,36,8,125"/><T9/><D21/><U121/><E124/><N who="3" m="47690" /><G34/><T2/><D56/><U3/><E3/><V87/><F100/><W52/><G78/><T66/><D131/><U119/><E119/><V105/><F69/><N who="0" m="26730" /><D66/><U14/><E114/><V83/><F1/><W15/><G52/><T59/><D59/><U80/><E14/><V61/><F29/><N who="1" m="11369" /><E20/><V117/><F117/><W5/><G5/><T13/><D2/><U129/><E129/><V116/><F116/><W67/><G67/><T19/><D89/><U99/><E95/><V33/><F33/><W63/><G63/><T24/><D91/><U60/><E60/><V98/><F61/><W101/><G101/><T85/><D85/><N who="1" m="48271" /><E46/><AGARI ba="2,0" hai="8,15,16,25,27,36,42,46,86,88,92" m="47690" machi="46" ten="30,7700,0" yaku="18,1,52,1,54,2" doraHai="38" who="3" fromWho="1" sc="298,0,239,-83,239,0,224,83" /><INIT seed="1,0,0,1,5,72" ten="298,156,239,307" oya="1" hai0="126,51,109,94,83,7,50,118,40,87,41,63,66" hai1="100,62,12,70,90,25,95,20,26,68,97,82,30" hai2="129,53,56,80,14,113,28,11,127,69,34,124,48" hai3="23,61,122,101,73,21,117,15,42,47,71,103,64"/><U85/><E12/><V131/><F69/><W115/><G122/><T116/><D109/><U43/><E43/><V76/><F28/><W99/><G115/><T6/><D126/><U74/><E74/><N who="2" m="43031" /><F34/><W105/><G73/><T8/><D94/><U111/><E111/><V123/><F123/><W93/><G117/><T44/><D6/><U86/><E62/><V132/><F113/><W77/><G15/><T19/><D50/><U110/><E110/><V128/><F132/><W38/><G101/><T65/><D40/><U22/><REACH who="1" step="1"/><E85/><REACH who="1" ten="298,146,239,307" step="2"/><V133/><F133/><W135/><G135/><T35/><D87/><U78/><E78/><V130/><F130/><W29/><G77/><T120/><D41/><U107/><E107/><V5/><AGARI ba="0,1" hai="5,11,14,48,53,56,124,127,128,129,131" m="43031" machi="5" ten="40,2700,0" yaku="19,1,52,1" doraHai="72" who="2" fromWho="2" sc="298,-7,146,-13,239,37,307,-7" /><INIT seed="2,0,0,5,1,77" ten="291,133,276,300" oya="2" hai0="24,99,65,54,96,44,38,98,131,49,120,3,79" hai1="26,32,78,134,48,113,81,119,33,15,27,91,108" hai2="47,118,80,125,100,69,72,60,122,94,103,20,97" hai3="66,23,25,102,129,55,36,9,63,5,35,11,68"/><V53/><F122/><W70/><G35/><T29/><D3/><U74/><E113/><V76/><F118/><W59/><G129/><T21/><D120/><U90/><E119/><V16/><F125/><W89/><G36/><T17/><D131/><U37/><E37/><V43/><F43/><W10/><G102/><T30/><D38/><U95/><E108/><V110/><F110/><W56/><G5/><T84/><REACH who="0" step="1"/><D65/><REACH who="0" ten="281,133,276,300" step="2"/><U61/><E134/><V71/><F71/><W7/><G68/><T34/><D34/><U51/><E33/><V112/><F112/><W58/><G66/><T8/><D8/><U121/><E121/><V105/><F69/><W41/><G70/><T126/><D126/><U19/><E32/><V50/><F105/><W127/><G9/><T88/><D88/><U67/><E90/><V6/><F103/><W31/><G11/><T109/><D109/><U106/><E106/><V130/><F130/><W104/><G104/><T22/><D22/><U1/><E1/><V133/><F133/><W107/><G107/><T101/><D101/><U28/><E67/><V42/><F100/><W39/><G39/><T132/><D132/><U52/><E91/><V115/><F115/><W46/><G89/><T85/><D85/><U12/><E95/><V128/><F94/><W123/><G123/><T93/><D93/><U87/><E87/><V86/><F86/><W92/><G92/><T2/><D2/><U14/><E74/><V4/><F128/><W57/><G127/><T0/><D0/><U135/><E135/><V114/><F72/><W62/><G10/><RYUUKYOKU ba="0,1" sc="281,30,133,-10,276,-10,300,-10" hai0="17,21,24,29,30,44,49,54,79,84,96,98,99" /><INIT seed="3,1,1,0,2,103" ten="311,123,266,290" oya="3" hai0="35,30,82,126,33,127,57,65,26,79,54,8,24" hai1="51,13,91,17,37,68,1,132,94,131,7,96,70" hai2="9,58,100,87,14,124,81,23,31,19,60,108,105" hai3="28,38,85,109,104,10,0,78,42,118,52,112,90"/><W75/><G118/><T50/><D65/><U63/><E37/><V48/><F48/><W25/><G112/><T43/><D43/><U36/><E36/><V97/><F124/><W80/><G109/><T86/><REACH who="0" step="1"/><D8/><REACH who="0" ten="301,123,266,290" step="2"/><U119/><E119/><V29/><F108/><W72/><G42/><T40/><D40/><U76/><E70/><V53/><REACH who="2" step="1"/><F9/><REACH who="2" ten="301,123,256,290" step="2"/><W117/><G10/><T99/><D99/><U122/><E96/><V106/><F106/><W46/><G117/><T66/><D66/><U4/><E68/><V11/><F11/><W110/><G110/><T89/><D89/><AGARI ba="1,3" hai="14,19,23,29,31,53,58,60,81,87,89,97,100,105" machi="89" ten="30,3900,0" yaku="1,1,7,1,52,1,53,0" doraHai="103" doraHaiUra="62" who="2" fromWho="0" sc="301,-42,123,0,256,72,290,0" /><INIT seed="4,0,0,1,4,77" ten="259,123,328,290" oya="0" hai0="59,13,10,41,8,84,130,56,99,33,50,73,90" hai1="120,79,115,92,11,76,30,65,95,60,55,110,51" hai2="93,63,52,124,87,88,32,12,128,75,80,102,58" hai3="47,27,129,125,17,49,91,78,29,103,126,45,117"/><T127/><D73/><U5/><E120/><V105/><F32/><W85/><G117/><T2/><D33/><U53/><E110/><V112/><F124/><N who="3" m="47723" /><G78/><T39/><D127/><U131/><E131/><V57/><F105/><W94/><G129/><T62/><D130/><U86/><E30/><V7/><F75/><W42/><G103/><T69/><D39/><U89/><E95/><V109/><F109/><W46/><G17/><T114/><D114/><U104/><E104/><V40/><F40/><W116/><G116/><T14/><D2/><U31/><E31/><V66/><F112/><W37/><G37/><T15/><D99/><U72/><E115/><V34/><F34/><AGARI ba="0,0" hai="27,29,34,42,45,46,47,49,85,91,94" m="47723" machi="34" ten="30,1000,0" yaku="18,1" doraHai="77" who="3" fromWho="2" sc="259,0,123,0,328,-10,290,10" /><INIT seed="5,0,0,3,5,104" ten="259,123,318,300" oya="1" hai0="87,15,93,64,125,112,34,69,123,78,14,132,99" hai1="57,70,66,77,58,10,135,85,89,122,24,43,102" hai2="67,107,105,134,54,95,106,82,52,50,101,68,83" hai3="42,90,23,11,5,118,120,3,48,75,26,73,124"/><U110/><E122/><V55/><F50/><W115/><G118/><T6/><D34/><U46/><E135/><V60/><F134/><W61/><G124/><T49/><D132/><U91/><E102/><V88/><REACH who="2" step="1"/><F101/><REACH who="2" ten="259,123,308,300" step="2"/><W7/><G120/><T35/><D49/><U96/><E110/><V74/><F74/><W38/><G48/><T81/><D123/><U13/><E43/><V2/><F2/><W121/><G3/><T98/><D125/><U9/><E46/><V40/><F40/><W113/><G75/><T103/><D103/><U94/><E77/><V65/><F65/><W127/><G73/><T129/><D64/><U92/><E66/><V44/><F44/><W28/><G42/><T16/><D78/><U32/><E70/><V109/><F109/><W80/><G127/><T18/><D69/><U117/><E117/><V114/><F114/><W130/><G115/><T41/><D112/><U27/><E9/><V116/><F116/><W100/><G11/><T17/><D41/><U30/><REACH who="1" step="1"/><E27/><REACH who="1" ten="259,113,308,300" step="2"/><V133/><F133/><W1/><G26/><T36/><D36/><U0/><E0/><V12/><F12/><W97/><G1/><T47/><D15/><U111/><E111/><V84/><AGARI ba="0,2" hai="52,54,55,60,67,68,82,83,84,88,95,105,106,107" machi="84" ten="40,8000,1" yaku="1,1,0,1,54,2,53,1" doraHai="104" doraHaiUra="62" who="2" fromWho="2" sc="259,-20,113,-40,308,100,300,-20" /><INIT seed="6,0,0,2,0,128" ten="239,73,408,280" oya="2" hai0="56,2,93,11,37,36,26,129,84,31,65,133,8" hai1="79,19,34,74,71,32,59,42,49,103,67,47,121" hai2="1,126,23,122,113,22,6,7,39,51,33,109,115" hai3="45,60,29,92,96,13,21,86,112,53,66,123,130"/><V87/><F87/><W27/><G123/><T68/><D68/><U106/><E121/><V12/><F51/><W117/><G117/><T110/><D110/><U82/><E106/><V124/><F39/><W81/><G130/><T132/><D129/><U30/><E103/><V125/><F33/><W52/><G45/><T9/><D2/><U41/><E41/><V73/><F73/><W108/><G112/><N who="2" m="43081" /><F109/><W40/><G40/><T46/><D65/><U80/><E80/><V3/><F122/><W62/><G13/><T54/><D93/><U127/><E34/><V107/><F107/><W20/><G20/><N who="2" m="7721" /><F12/><W58/><G62/><N who="0" m="36119" /><D84/><U72/><E72/><V94/><F94/><W85/><G85/><T61/><D61/><U44/><E32/><V43/><F43/><W95/><G95/><T69/><D69/><U118/><E42/><V10/><F10/><W18/><G108/><T17/><D46/><U4/><E47/><V78/><F78/><W89/><REACH who="3" step="1"/><G29/><REACH who="3" ten="239,73,408,270" step="2"/><T63/><D63/><U70/><E44/><V105/><F105/><W134/><G134/><N who="0" m="51819" /><D17/><U97/><E74/><V77/><F3/><W104/><G104/><T75/><D75/><U14/><E19/><V64/><F1/><W25/><G25/><T119/><D119/><U16/><E118/><V5/><F126/><W120/><G120/><T91/><D91/><AGARI ba="0,1" hai="18,21,27,52,53,58,60,66,81,86,89,91,92,96" machi="91" ten="30,8000,1" yaku="1,1,7,1,8,1,54,1,53,1" doraHai="128" doraHaiUra="76" who="3" fromWho="0" sc="239,-80,73,0,408,0,270,90" /><INIT seed="7,0,0,2,3,68" ten="159,73,408,360" oya="3" hai0="106,3,73,69,42,102,134,27,55,96,63,51,17" hai1="40,4,8,99,22,71,56,82,45,94,112,81,89" hai2="75,128,44,98,33,116,31,32,60,9,14,78,59" hai3="16,91,110,50,109,53,93,7,90,6,103,118,66"/><W127/><G118/><T120/><D120/><U2/><E71/><V86/><F75/><W12/><G127/><T11/><D73/><U105/><E112/><V104/><F31/><W125/><G125/><T83/><D134/><U43/><E105/><V123/><F116/><W115/><G115/><T13/><D3/><U35/><E35/><V74/><F74/><W26/><G26/><T97/><D83/><U18/><E56/><V54/><F128/><W111/><G66/><T64/><D42/><U132/><E43/><V114/><F114/><W117/><G117/><T88/><D27/><U101/><E101/><V77/><F33/><W122/><G122/><T95/><D51/><U39/><REACH who="1" step="1"/><E132/><REACH who="1" ten="159,63,408,360" step="2"/><V23/><F32/><W58/><G103/><T47/><D47/><U0/><E0/><V100/><F44/><W76/><G76/><T135/><D135/><U84/><E84/><V129/><F86/><N who="3" m="52439" /><G91/><T48/><D88/><U5/><E5/><V21/><F78/><W79/><G79/><T61/><D106/><U52/><E52/><V108/><F77/><W19/><G19/><T25/><D17/><U65/><E65/><V92/><F104/><W124/><G124/><T20/><D64/><U46/><E46/><V85/><F123/><W107/><G107/><T28/><D69/><U87/><E87/><V36/><F85/><W126/><G126/><T57/><D102/><U70/><E70/><V62/><F100/><W49/><G49/><T72/><D48/><U67/><E67/><V1/><F1/><W38/><G38/><T10/><D57/><U119/><E119/><RYUUKYOKU ba="0,1" sc="159,-15,63,15,408,-15,360,15" hai1="2,4,8,18,22,39,40,45,81,82,89,94,99" hai3="6,7,12,16,50,53,58,109,110,111" /><INIT seed="7,1,1,2,0,29" ten="144,78,393,375" oya="3" hai0="7,89,53,38,98,24,93,97,32,74,1,44,105" hai1="73,75,90,132,16,23,104,39,120,41,78,121,115" hai2="12,48,27,35,49,58,43,108,10,31,66,128,61" hai3="131,124,67,111,80,3,18,13,130,33,114,123,113"/><W8/><G123/><T37/><D74/><U129/><E104/><V14/><F108/><W91/><G111/><T70/><D70/><U68/><E68/><V82/><F43/><W56/><G124/><T69/><D69/><U112/><E39/><V22/><F128/><N who="3" m="49195" /><G33/><T83/><D83/><U81/><E41/><V0/><F0/><W2/><G2/><T63/><D7/><U9/><E129/><V118/><F118/><W15/><G3/><T62/><D1/><U19/><E75/><V45/><F45/><W59/><G15/><T71/><D62/><U94/><E9/><V54/><F35/><W60/><G59/><T85/><D44/><U25/><E19/><N who="2" m="8599" /><F14/><W107/><G107/><T57/><D71/><U47/><E47/><V101/><F66/><W65/><G65/><T11/><D11/><U72/><E72/><V20/><F20/><W34/><G34/><T36/><REACH who="0" step="1"/><D105/><REACH who="0" ten="134,78,393,375" step="2"/><U84/><REACH who="1" step="1"/><E132/><REACH who="1" ten="134,68,393,375" step="2"/><V134/><F134/><W17/><G80/><T26/><D26/><U116/><E116/><V46/><F82/><W5/><G8/><T135/><D135/><U21/><E21/><V100/><F46/><W133/><G133/><T109/><D109/><U125/><E125/><V50/><AGARI ba="1,3" hai="22,27,31,48,49,50,54,58,61,100,101" m="8599" machi="50" ten="30,1100,0" yaku="8,1" doraHai="29" who="2" fromWho="2" sc="134,-4,68,-4,393,44,375,-6" owari="130,-27.0,64,-44.0,437,54.0,369,17.0" /></mjloggm>