<mjloggm ver="2.3"><GO type="97" lobby="0"/><UN n0="%E3%82%A6%E3%83%AB%E3%83%88%E3%83%A9%E7%AB%8B%E7%9B%B4" n1="%E5%85%AD%E6%9D%A1%E3%81%AE%E5%BE%A1%E6%81%AF%E6%89%80" n2="%E3%82%B9%E3%83%94%E3%83%B3" n3="%31%63%68%31%63%68" dan="15,13,14,13" rate="1999.42,1887.86,1906.45,1804.69" sx="M,F,M,M"/><TAIKYOKU oya="0"/><INIT seed="0,0,0,3,2,2" ten="250,250,250,250" oya="0" hai0="93,119,63,131,53,129,36,17,88,27,14,121,85" hai1="59,18,81,117,124,72,34,16,103,90,126,43,105" hai2="65,40,66,54,29,107,111,15,92,122,23,11,25" hai3="39,8,80,74,133,9,21,91,83,12,44,30,86"/><T101/><D36/><U116/><E34/><V55/><F122/><W115/><G115/><T75/><D75/><U4/><E105/><V84/><F107/><W87/><G133/><T127/><D101/><U38/><E103/><V108/><F40/><W61/><G61/><T10/><D121/><U128/><E59/><V68/><F66/><W41/><G74/><T113/><D113/><U49/><E38/><V28/><F28/><W42/><G42/><T70/><D119/><N who="1" m="45643" /><E72/><V0/><F0/><W64/><G64/><T125/><D27/><U94/><E81/><V35/><F35/><W69/><G69/><T5/><D17/><U3/><E43/><V134/><F134/><W98/><G98/><T6/><D6/><U1/><E49/><V109/><F65/><W82/><G82/><T100/><D100/><U46/><E46/><V89/><REACH who="2" step="1"/><F68/><REACH who="2" ten="250,250,240,250" step="2"/><W132/><G132/><T32/><D32/><U45/><E3/><V22/><F22/><W52/><G21/><T78/><D70/><U97/><E1/><V130/><F130/><N who="0" m="49674" /><D78/><U33/><E128/><V73/><F73/><W60/><G30/><T71/><D71/><U104/><E33/><V123/><F123/><W58/><REACH who="3" step="1"/><G12/><REACH who="3" ten="250,250,240,240" step="2"/><T50/><D63/><U120/><E120/><V102/><F102/><W26/><G26/><T67/><D67/><U76/><E104/><V13/><F13/><W99/><G99/><T47/><AGARI ba="0,2" hai="5,10,14,47,50,53,85,88,93,125,127" m="49674" machi="47" ten="30,6000,0" yaku="19,1,52,1,54,1" doraHai="2" who="0" fromWho="0" sc="250,80,250,-20,240,-20,240,-20" /><INIT seed="0,1,0,1,5,16" ten="330,230,220,220" oya="0" hai0="11,24,129,23,121,109,58,82,8,105,69,64,75" hai1="34,125,9,72,55,117,66,17,37,73,116,94,68" hai2="90,30,99,81,111,85,5,127,39,76,100,18,0" hai3="42,41,53,52,124,131,113,14,50,98,27,103,80"/><T3/><D69/><U20/><E37/><V56/><F111/><W88/><G113/><T22/><D105/><U60/><E34/><V86/><F127/><W21/><G124/><T118/><D118/><U128/><E125/><V110/><F39/><W19/><G131/><T115/><D115/><U33/><E33/><V79/><F110/><W32/><G32/><T57/><D109/><U108/><E108/><V126/><F126/><W62/><G80/><T89/><D121/><U78/><E128/><V31/><F0/><W135/><G135/><T12/><D24/><U122/><E122/><V25/><F5/><W59/><G103/><T130/><D12/><U87/><E9/><V38/><F38/><W29/><G29/><T132/><D64/><U120/><E120/><V91/><F100/><W134/><G134/><T70/><D82/><U133/><E133/><V63/><F99/><W96/><G96/><T6/><D89/><U93/><E73/><V43/><F43/><W46/><REACH who="3" step="1"/><G14/><REACH who="3" ten="330,230,220,210" step="2"/><T74/><D132/><U40/><E117/><V106/><F106/><W77/><G77/><T107/><D107/><U35/><E116/><V4/><F79/><W102/><G102/><T97/><D97/><U10/><E35/><V112/><F76/><W26/><G26/><T71/><D3/><U36/><E72/><V114/><F114/><W7/><G7/><AGARI ba="1,1" hai="6,7,8,11,22,23,57,58,70,71,74,75,129,130" machi="7" ten="25,9600,0" yaku="22,2,52,2" doraHai="16" who="0" fromWho="3" sc="330,109,230,0,220,0,210,-99" /><INIT seed="0,2,0,2,4,1" ten="439,230,220,111" oya="0" hai0="19,79,9,75,108,111,32,82,125,123,31,4,93" hai1="78,5,27,42,2,15,35,51,38,16,73,95,135" hai2="129,72,131,61,124,66,110,58,70,105,56,112,109" hai3="89,63,20,88,22,118,12,74,102,121,113,13,94"/><T50/><D123/><U132/><E38/><V91/><F105/><W33/><G118/><T107/><D107/><U134/><E2/><V83/><F72/><W97/><G113/><T45/><D19/><U49/><E73/><V101/><F101/><W36/><G121/><T18/><D18/><U60/><E78/><V119/><F83/><W92/><G36/><T126/><D93/><U6/><E60/><V71/><F91/><N who="3" m="34891" /><G33/><T55/><D31/><N who="1" m="19967" /><E95/><V21/><F21/><N who="3" m="8299" /><G74/><T46/><D46/><N who="1" m="25815" /><E51/><V80/><F80/><W28/><G28/><T76/><D76/><U23/><AGARI ba="2,0" hai="5,6,15,16,23,132,134,135" m="25815,19967" machi="23" ten="30,7900,0" yaku="20,1,52,2,54,1" doraHai="1" who="1" fromWho="1" sc="439,-41,230,85,220,-22,111,-22" /><INIT seed="1,0,0,4,0,96" ten="398,315,198,89" oya="1" hai0="40,23,127,85,134,114,93,10,102,26,67,52,129" hai1="99,62,81,7,123,44,106,32,64,109,53,11,49" hai2="111,105,47,25,33,79,5,28,97,27,92,31,101" hai3="120,119,107,57,13,117,73,71,113,54,17,116,110"/><U133/><E123/><V4/><F111/><W122/><G73/><T104/><D114/><U84/><E32/><V21/><F105/><W24/><G71/><T34/><D34/><U72/><E109/><V38/><F38/><W82/><G107/><T75/><D75/><U9/><E72/><V0/><F0/><W80/><G24/><T65/><D40/><U15/><E133/><V95/><F47/><W83/><G54/><T6/><D104/><U100/><E11/><V37/><F37/><W66/><G57/><T42/><D42/><U2/><E2/><V90/><F79/><W51/><G66/><T91/><D102/><U70/><E84/><V78/><F78/><W18/><G51/><T61/><D129/><U8/><E8/><V46/><F46/><W89/><G13/><N who="0" m="5335" /><D127/><U63/><E63/><V60/><F60/><W130/><G130/><T59/><D134/><U58/><REACH who="1" step="1"/><E81/><REACH who="1" ten="398,305,198,89" step="2"/><N who="3" m="20738" /><W56/><DORA hai="68" /><G89/><T128/><D128/><U14/><E14/><V76/><F76/><W36/><G110/><T3/><D3/><U86/><E86/><AGARI ba="0,1" hai="4,5,21,25,27,28,31,33,86,90,92,95,97,101" machi="86" ten="30,2000,0" yaku="7,1,52,1" doraHai="96,68" who="2" fromWho="1" sc="398,0,305,-20,198,30,89,0" /><INIT seed="2,0,0,2,0,73" ten="398,285,228,89" oya="2" hai0="40,117,5,41,12,53,46,19,131,93,105,25,77" hai1="94,125,58,21,115,121,108,102,85,11,16,67,82" hai2="3,42,98,95,14,38,116,86,111,23,70,15,89" hai3="99,52,18,49,134,84,31,2,60,100,114,68,129"/><V69/><F116/><W6/><G129/><T76/><D105/><U132/><E115/><V126/><F3/><W37/><G134/><T48/><D131/><U75/><E132/><V120/><F120/><W96/><G114/><T61/><D25/><U122/><E11/><V30/><F126/><W72/><G37/><T124/><D5/><U32/><E32/><V9/><F70/><W135/><G72/><T44/><D124/><U1/><E1/><V63/><F111/><W112/><G84/><T107/><D107/><U90/><E125/><V24/><F38/><W57/><G112/><T113/><D113/><U128/><E128/><V97/><F42/><W71/><G135/><T54/><D93/><U7/><E7/><V130/><F130/><W123/><G123/><N who="1" m="47114" /><E108/><V13/><REACH who="2" step="1"/><F9/><REACH who="2" ten="398,285,218,89" step="2"/><W119/><G119/><T45/><D117/><U81/><E67/><AGARI ba="0,1" hai="13,14,15,23,24,30,63,67,69,86,89,95,97,98" machi="67" ten="40,3900,0" yaku="1,1,2,1,53,0" doraHai="73" doraHaiUra="78" who="2" fromWho="1" sc="398,0,285,-39,218,49,89,0" /><INIT seed="2,1,0,4,4,106" ten="398,246,267,89" oya="2" hai0="131,126,15,87,132,119,31,67,62,113,69,41,90" hai1="80,9,52,43,28,125,71,59,117,0,27,56,8" hai2="121,4,135,57,36,129,34,32,53,118,13,76,127" hai3="109,101,95,92,78,48,3,14,79,89,7,93,20"/><V10/><F118/><W96/><G109/><T61/><D113/><U2/><E117/><V130/><F121/><W98/><G3/><T91/><D126/><U38/><E71/><V25/><F127/><W68/><G68/><T35/><D31/><U99/><E125/><V24/><F36/><W40/><G40/><T30/><D35/><N who="2" m="13354" /><F57/><W111/><G111/><T103/><D30/><U124/><E124/><V23/><F76/><W11/><G20/><T50/><D103/><U16/><E59/><V81/><F53/><W74/><G48/><T107/><D107/><U5/><E28/><N who="2" m="17439" /><F81/><W123/><G123/><T65/><D50/><U114/><E114/><V45/><F45/><W108/><G108/><T70/><D41/><U42/><E99/><V60/><F60/><W77/><REACH who="3" step="1"/><G95/><REACH who="3" ten="398,246,267,79" step="2"/><T1/><D69/><U85/><E38/><V133/><F25/><W75/><AGARI ba="1,1" hai="7,11,14,74,75,77,78,79,89,92,93,96,98,101" machi="75" ten="30,8000,1" yaku="1,1,2,1,0,1,52,2,53,0" doraHai="106" doraHaiUra="29" who="3" fromWho="3" sc="398,-21,246,-21,267,-41,79,93" /><INIT seed="3,0,0,2,5,119" ten="377,225,226,172" oya="3" hai0="125,13,24,63,69,64,135,83,57,30,101,108,88" hai1="124,89,26,56,111,107,99,18,122,128,25,34,32" hai2="43,8,7,42,22,35,40,105,91,60,61,14,20" hai3="28,103,117,19,121,126,62,118,27,37,86,84,106"/><W131/><G37/><T31/><D31/><U38/><E38/><V16/><F105/><W68/><G126/><T17/><D69/><U55/><E124/><V44/><F35/><W100/><G118/><T1/><D1/><U0/><E0/><V29/><F44/><W132/><G117/><T120/><D120/><U45/><E45/><V78/><F78/><W112/><G112/><T96/><D135/><U115/><E115/><V59/><F29/><W113/><G113/><T49/><D49/><U53/><E111/><V12/><F22/><W39/><G19/><T133/><D133/><U33/><E128/><V85/><F59/><W130/><G39/><T67/><D24/><U6/><E6/><V41/><F41/><W65/><G132/><T46/><D30/><U114/><E114/><V73/><F73/><W72/><G72/><T92/><D46/><U70/><E70/><V74/><F74/><W58/><G58/><T54/><D108/><U82/><E122/><V9/><F9/><W10/><G10/><N who="0" m="6327" /><D125/><U71/><E71/><V80/><AGARI ba="0,0" hai="7,8,12,14,16,20,40,42,43,60,61,80,85,91" machi="80" ten="30,4000,0" yaku="0,1,8,1,54,1" doraHai="119" who="2" fromWho="2" sc="377,-10,225,-10,226,40,172,-20" owari="367,46.0,215,-18.0,266,7.0,152,-35.0" /></mjloggm>