<mjloggm ver="2.3"><GO type="97" lobby="0"/><UN n0="%E3%82%A6%E3%83%AB%E3%83%88%E3%83%A9%E7%AB%8B%E7%9B%B4" n1="%E3%82%86%E3%81%A8%E3%82%8A%E3%81%AE" n2="%E3%81%B5%E3%82%8C%E3%81%82%E3%82%93" n3="%E3%83%A0%E3%82%B9%E3%82%BF%E3%83%B3%E3%82%B0" dan="15,13,15,14" rate="1973.14,1878.12,2040.03,1884.10" sx="M,M,M,M"/><TAIKYOKU oya="0"/><INIT seed="0,0,0,2,0,109" ten="250,250,250,250" oya="0" hai0="65,11,14,1,76,41,10,125,12,124,98,15,36" hai1="57,114,52,115,116,90,83,56,51,13,72,58,94" hai2="86,107,75,105,5,68,92,54,0,96,38,71,78" hai3="7,87,99,60,104,121,108,22,3,64,101,80,120"/><T67/><D76/><U100/><E116/><V110/><F38/><W118/><G118/><T77/><D77/><U46/><E100/><V135/><F0/><W34/><G34/><T18/><D41/><U82/><E72/><V95/><F95/><W28/><G3/><T130/><D36/><U85/><E13/><V43/><F110/><W112/><G112/><AGARI ba="0,0" hai="46,51,52,56,57,58,82,83,85,90,94,112,114,115" machi="112" ten="40,8000,1" yaku="11,1,52,3,54,1" doraHai="109" who="1" fromWho="3" sc="250,0,250,80,250,0,250,-80" /><INIT seed="1,0,0,4,1,43" ten="250,330,250,170" oya="1" hai0="97,5,58,80,88,89,86,65,8,128,111,113,57" hai1="37,47,67,14,31,28,74,18,46,61,54,69,104" hai2="17,72,55,124,108,90,91,125,122,12,21,34,33" hai3="134,100,64,41,121,63,30,81,11,95,42,19,123"/><U24/><E104/><V106/><F72/><W105/><G105/><T10/><D113/><U77/><E24/><V32/><F106/><W51/><G30/><T59/><D128/><U70/><E70/><V115/><F122/><W96/><G134/><T103/><D111/><U68/><E69/><V44/><F115/><W112/><G112/><T62/><D103/><U107/><E107/><V76/><F76/><W35/><G35/><T7/><D97/><U23/><E37/><V84/><F108/><W98/><G98/><T79/><D62/><U38/><E38/><V66/><F66/><W114/><G114/><T49/><D49/><U6/><E74/><V15/><F15/><W16/><G81/><T73/><D65/><U109/><E109/><V27/><F27/><W129/><G129/><T40/><D40/><U118/><E118/><V9/><F21/><W120/><G11/><T39/><D39/><U2/><E77/><V13/><F13/><W93/><G93/><T87/><D73/><U45/><REACH who="1" step="1"/><E54/><REACH who="1" ten="250,320,250,170" step="2"/><V116/><F55/><W3/><G3/><T78/><D78/><U48/><E48/><V75/><F116/><W130/><G130/><T127/><D79/><U110/><E110/><V131/><F75/><W0/><G0/><T101/><D127/><N who="2" m="48714" /><F131/><W36/><G36/><T126/><D126/><U117/><E117/><V29/><F90/><W135/><G135/><T25/><D89/><U94/><E94/><V4/><F91/><W85/><G42/><T83/><D88/><U82/><E82/><V26/><F26/><W52/><G41/><T60/><D25/><RYUUKYOKU ba="0,1" sc="250,-10,320,30,250,-10,170,-10" hai1="2,6,14,18,23,28,31,45,46,47,61,67,68" /><INIT seed="1,1,1,2,1,73" ten="240,350,240,160" oya="1" hai0="52,128,54,14,90,93,47,91,3,77,100,18,57" hai1="103,9,15,108,11,38,66,27,85,96,115,130,58" hai2="62,64,67,123,41,12,51,5,49,95,61,31,124" hai3="127,24,13,56,20,43,34,119,29,120,0,48,32"/><U37/><E115/><V131/><F123/><W45/><G120/><T98/><D3/><U16/><E108/><V113/><F113/><W111/><G0/><T22/><D128/><U72/><E72/><V106/><F131/><W17/><G119/><T53/><D47/><U10/><E130/><V71/><F106/><W104/><G104/><T125/><D125/><U79/><E38/><V82/><F124/><W80/><G127/><T121/><D121/><U116/><E37/><V99/><F31/><W63/><G111/><T102/><D102/><U23/><E116/><V28/><F28/><W89/><G80/><T118/><D118/><U30/><E103/><V133/><F133/><W76/><G76/><T134/><D134/><U81/><E96/><V60/><F82/><W36/><G36/><T110/><D110/><U114/><E114/><V86/><F86/><W26/><G89/><N who="0" m="33803" /><D77/><U6/><E6/><V109/><F109/><W112/><G112/><T50/><AGARI ba="1,1" hai="14,18,22,50,52,53,54,57,93,98,100" m="33803" machi="50" ten="30,2000,0" yaku="8,1,54,1" doraHai="73" who="0" fromWho="0" sc="240,33,350,-11,240,-6,160,-6" /><INIT seed="2,0,0,0,0,2" ten="273,339,234,154" oya="2" hai0="89,25,14,69,75,80,62,93,21,95,15,30,39" hai1="118,109,53,107,49,13,34,123,65,71,114,134,92" hai2="57,81,4,8,7,43,11,103,111,94,131,18,120" hai3="133,100,124,121,64,32,135,130,0,119,6,47,132"/><V126/><F120/><W26/><G100/><T104/><D104/><U66/><E34/><V68/><F68/><W79/><G79/><T106/><D106/><U76/><E107/><V42/><F126/><W98/><G98/><T88/><D39/><U17/><E71/><V74/><F74/><W52/><G64/><T83/><D75/><U5/><E118/><V54/><F131/><W77/><G77/><T122/><D122/><U99/><E123/><V90/><F81/><N who="0" m="31306" /><D62/><U41/><E109/><V36/><F36/><W101/><G101/><T113/><D113/><U20/><E114/><V86/><F103/><W87/><G87/><N who="0" m="52383" /><D69/><U112/><E112/><V55/><F111/><W60/><G119/><T22/><D22/><U28/><E28/><V46/><F55/><W27/><G121/><T50/><D50/><U33/><E33/><V45/><F42/><W110/><G32/><T40/><D40/><U24/><E41/><V38/><F45/><W61/><G110/><T1/><D1/><U78/><E66/><V37/><F37/><W31/><G31/><T115/><D115/><U97/><E65/><V102/><F11/><N who="3" m="2503" /><G130/><T35/><D35/><U58/><E24/><N who="3" m="9258" /><G124/><T23/><D23/><U51/><E49/><AGARI ba="0,0" hai="47,49,52,60,61,132,133,135" m="9258,2503" machi="49" ten="40,5200,0" yaku="20,1,52,1,54,1" doraHai="2" who="3" fromWho="1" sc="273,0,339,-52,234,0,154,52" /><INIT seed="3,0,0,5,0,58" ten="273,287,234,206" oya="3" hai0="24,10,45,76,132,74,46,106,117,115,135,111,56" hai1="93,109,64,62,78,70,27,11,33,57,90,41,55" hai2="124,32,88,22,60,80,34,120,30,9,81,39,128" hai3="114,119,73,14,95,61,86,50,44,102,103,53,104"/><W98/><G119/><T2/><D106/><U126/><E109/><V26/><F39/><W83/><G114/><T68/><D68/><U18/><E126/><V100/><F124/><W85/><G73/><T125/><D117/><U3/><E78/><V108/><F120/><W122/><G122/><T40/><D125/><U69/><E41/><V25/><F108/><W48/><G104/><T28/><D111/><U29/><E18/><V23/><F100/><N who="3" m="60511" /><G86/><T121/><D115/><U59/><E59/><V131/><F9/><W47/><G14/><T21/><D121/><U38/><E38/><V97/><F97/><W13/><G13/><T17/><D76/><U4/><E64/><V19/><F60/><W112/><G61/><T8/><D74/><U7/><E7/><V87/><REACH who="2" step="1"/><F80/><REACH who="2" ten="273,287,224,206" step="2"/><W94/><G94/><T43/><D10/><U123/><E123/><V129/><AGARI ba="0,1" hai="19,22,23,25,26,30,32,34,81,87,88,128,129,131" machi="129" ten="30,8000,1" yaku="1,1,2,1,0,1,19,1,54,1,53,0" doraHai="58" doraHaiUra="92" who="2" fromWho="2" sc="273,-20,287,-20,224,90,206,-40" owari="253,-15.0,267,7.0,314,41.0,166,-33.0" /></mjloggm>