<mjloggm ver="2.3"><GO type="41" lobby="0"/><UN n0="%44%69%72%74%79%41%54%4D" n1="%E3%83%90%E3%83%B3%E3%83%96%E3%83%BC%E3%83%A1%E3%83%A2%E3%83%AA%E3%83%BC" n2="%E3%82%A6%E3%83%AB%E3%83%88%E3%83%A9%E7%AB%8B%E7%9B%B4" n3="%61%69%62%69" dan="15,14,16,15" rate="1938.04,1965.37,2062.48,1951.35" sx="M,M,M,M"/><TAIKYOKU oya="0"/><INIT seed="0,0,0,1,4,45" ten="250,250,250,250" oya="0" hai0="52,24,61,39,107,86,92,64,41,9,71,70,6" hai1="111,42,69,54,87,2,22,65,76,106,35,80,121" hai2="62,84,135,104,78,28,38,124,18,75,66,114,83" hai3="37,118,48,49,50,26,14,117,93,126,3,129,5"/><T44/><D107/><U21/><E121/><V63/><F114/><W43/><G3/><T27/><D71/><U130/><E35/><V67/><F38/><W30/><G129/><T23/><D92/><U25/><E2/><V133/><F28/><W31/><G126/><T19/><D86/><U132/><E130/><V134/><F104/><W0/><G0/><T60/><D60/><U103/><E111/><V1/><F1/><W125/><G125/><T29/><D6/><U88/><E132/><V58/><F18/><W102/><G43/><T53/><REACH who="0" step="1"/><D9/><REACH who="0" ten="240,250,250,250" step="2"/><U100/><E69/><N who="2" m="42199" /><F124/><W97/><G5/><T105/><D105/><U98/><E106/><V36/><F36/><W91/><G37/><T99/><D99/><U108/><E98/><V68/><F68/><W77/><G117/><T113/><D113/><U46/><E87/><AGARI ba="0,1" hai="58,63,67,75,78,83,84,87,133,134,135" m="42199" machi="87" ten="30,1000,0" yaku="20,1" doraHai="45" who="2" fromWho="1" sc="240,0,250,-10,250,20,250,0" /><INIT seed="1,0,0,5,4,42" ten="240,240,270,250" oya="1" hai0="92,91,53,61,34,37,131,108,67,30,87,127,45" hai1="36,72,125,85,89,54,115,121,15,113,39,122,99" hai2="9,107,57,27,100,119,24,97,118,10,12,63,18" hai3="76,77,62,51,35,8,46,50,59,29,56,128,114"/><U69/><E69/><V116/><REACH who="2" step="1"/><F10/><REACH who="2" ten="240,240,260,250" step="2"/><W96/><G8/><T109/><D131/><U66/><E121/><V78/><F78/><W60/><G128/><T32/><D127/><U49/><E125/><V110/><F110/><W98/><G114/><T19/><D108/><U132/><E122/><V33/><F33/><W103/><G35/><T82/><D109/><U73/><E115/><V43/><F43/><W93/><G29/><T16/><D34/><U23/><E113/><V84/><F84/><W47/><REACH who="3" step="1"/><G93/><REACH who="3" ten="240,240,260,240" step="2"/><T11/><D30/><U102/><E132/><V134/><F134/><W90/><G90/><T3/><D32/><U22/><E89/><V106/><F106/><W70/><G70/><T86/><D11/><U25/><E102/><AGARI ba="0,2" hai="46,47,50,51,56,59,60,62,76,77,96,98,102,103" machi="102" ten="25,12000,2" yaku="1,1,22,2,8,1,52,2,53,0" doraHai="42" doraHaiUra="112" who="3" fromWho="1" sc="240,0,240,-120,260,0,240,140" /><INIT seed="2,0,0,2,3,87" ten="240,120,260,380" oya="2" hai0="62,34,39,21,47,17,117,24,92,59,25,71,97" hai1="30,121,132,74,53,82,0,111,22,58,15,118,120" hai2="44,73,19,86,20,9,43,6,107,51,119,89,41" hai3="31,50,55,67,104,100,27,57,28,116,127,103,84"/><V95/><F107/><W4/><G116/><T5/><D117/><U2/><E118/><V66/><F73/><W48/><G104/><T16/><D71/><U79/><E111/><V123/><F123/><W114/><G4/><T52/><D5/><U110/><E110/><V105/><F105/><W76/><G127/><T126/><D126/><U70/><E132/><V113/><F119/><W56/><G114/><T38/><D34/><U112/><E112/><V98/><F113/><W72/><G72/><T1/><D1/><U3/><E70/><V7/><F66/><W80/><G67/><T11/><D47/><U109/><E109/><V129/><F129/><W46/><G31/><T130/><D11/><U14/><E121/><V85/><F43/><W81/><G81/><T134/><D134/><U75/><E120/><V77/><F77/><W63/><G63/><T90/><D130/><U40/><E74/><V101/><F101/><W37/><G37/><T108/><D108/><U99/><E3/><V102/><F9/><W42/><G57/><T78/><D78/><U88/><E2/><V12/><REACH who="2" step="1"/><F86/><REACH who="2" ten="240,120,250,380" step="2"/><W13/><G103/><T29/><D29/><U69/><E75/><V8/><F8/><W122/><G100/><T36/><D36/><U18/><E0/><V65/><F65/><W124/><G122/><T26/><D26/><U94/><E69/><V106/><AGARI ba="0,1" hai="6,7,12,19,20,41,44,51,85,89,95,98,102,106" machi="106" ten="20,7800,0" yaku="1,1,0,1,7,1,52,1,53,0" doraHai="87" doraHaiUra="68" who="2" fromWho="2" sc="240,-26,120,-26,250,88,380,-26" /><INIT seed="2,1,0,0,3,107" ten="214,94,338,354" oya="2" hai0="95,133,98,82,97,34,22,5,110,124,125,96,91" hai1="128,104,10,2,106,36,62,32,25,117,27,109,0" hai2="52,76,1,103,111,77,51,129,105,33,78,130,19" hai3="49,11,55,113,47,126,4,50,60,114,15,23,12"/><V53/><F33/><W74/><G74/><T37/><D34/><U7/><E117/><V39/><F39/><W16/><G126/><N who="0" m="48747" /><D37/><U93/><E36/><V58/><F1/><W65/><REACH who="3" step="1"/><G50/><REACH who="3" ten="214,94,338,344" step="2"/><T81/><D133/><U135/><E135/><V132/><F132/><W89/><G89/><T70/><D110/><U42/><E109/><V115/><F111/><W102/><G102/><T9/><D70/><AGARI ba="1,1" hai="4,11,12,15,16,23,47,49,55,60,65,70,113,114" machi="70" ten="40,5200,0" yaku="1,1,54,1,53,1" doraHai="107" doraHaiUra="46" who="3" fromWho="0" sc="214,-55,94,0,338,0,344,65" /><INIT seed="3,0,0,0,1,112" ten="159,94,338,409" oya="3" hai0="84,92,58,104,128,52,85,111,108,93,34,75,83" hai1="47,54,1,56,60,119,132,37,121,5,27,99,97" hai2="70,69,8,25,28,18,116,66,103,120,30,90,94" hai3="61,12,42,100,95,7,126,127,101,63,31,15,46"/><W115/><G115/><T67/><D34/><U78/><E121/><V64/><F103/><W87/><G31/><T72/><D104/><U130/><E130/><V113/><F113/><W17/><G7/><T123/><D67/><U36/><E132/><V0/><F120/><W107/><G107/><T135/><D128/><U38/><E119/><V81/><F81/><W23/><G12/><T125/><D135/><U32/><E78/><V40/><F30/><W124/><G101/><T21/><D21/><U114/><E114/><V89/><F40/><W50/><REACH who="3" step="1"/><G87/><REACH who="3" ten="159,94,338,399" step="2"/><T86/><D123/><U129/><E5/><V33/><F28/><W13/><G13/><T80/><D125/><U49/><E129/><V39/><F0/><W19/><G19/><T20/><D72/><U24/><E1/><V76/><F18/><W57/><G57/><T96/><D75/><U22/><E32/><V29/><F29/><W88/><G88/><T10/><D58/><U35/><E35/><V55/><F90/><W53/><G53/><T77/><D52/><U41/><E27/><V26/><F89/><W11/><G11/><T102/><D10/><U131/><E131/><V59/><F8/><W6/><G6/><T43/><D43/><U4/><E4/><V65/><F25/><W109/><G109/><T48/><D20/><U82/><E24/><V74/><F26/><W117/><G117/><T44/><D111/><U98/><E22/><V62/><F33/><W73/><G73/><T122/><D108/><U71/><E71/><V9/><F70/><W14/><G14/><T106/><D122/><RYUUKYOKU ba="0,1" sc="159,-15,94,15,338,-15,399,15" hai1="36,37,38,41,47,49,54,56,60,82,97,98,99" hai3="15,17,23,42,46,50,61,63,95,100,124,126,127" /><INIT seed="3,1,1,5,4,73" ten="144,109,323,414" oya="3" hai0="33,10,72,49,68,13,93,60,57,39,134,97,26" hai1="0,50,131,122,69,95,127,67,102,23,124,32,6" hai2="40,36,99,21,82,52,94,35,65,111,34,75,38" hai3="37,17,106,64,47,9,41,92,89,135,108,19,86"/><W118/><G118/><T3/><D72/><U44/><E122/><V81/><F111/><W90/><G106/><T62/><D39/><U54/><E131/><V2/><F2/><W31/><G31/><T29/><D134/><U78/><E32/><V51/><F65/><W117/><G117/><T132/><D3/><U20/><E78/><V121/><F121/><W58/><G135/><T59/><D132/><U119/><E119/><V129/><F129/><W110/><G90/><T53/><D68/><U63/><E6/><V71/><F71/><W96/><G96/><T43/><D59/><U105/><E105/><V87/><F81/><W126/><G126/><N who="1" m="48170" /><E0/><V76/><F75/><W120/><G120/><T109/><D43/><U107/><E107/><V130/><F130/><W116/><G116/><T77/><D77/><U27/><E27/><V30/><F40/><W18/><G9/><T88/><REACH who="0" step="1"/><D109/><REACH who="0" ten="134,109,323,414" step="2"/><U101/><E101/><V22/><F38/><W8/><G110/><T128/><D128/><U1/><E1/><V113/><F36/><W7/><G108/><T98/><D98/><AGARI ba="1,2" hai="20,23,44,50,54,63,67,69,95,98,102" m="48170" machi="98" ten="30,1000,0" yaku="18,1" doraHai="73" who="1" fromWho="0" sc="134,-13,109,33,323,0,414,0" /><INIT seed="4,0,0,5,0,16" ten="121,142,323,414" oya="0" hai0="92,33,56,123,51,67,120,90,94,75,1,85,124" hai1="41,55,116,128,42,31,11,24,100,58,97,39,59" hai2="52,88,66,78,12,135,71,45,76,30,131,73,106" hai3="15,84,122,80,112,127,28,8,13,126,86,36,133"/><T29/><D1/><U3/><E116/><V35/><F131/><W43/><G28/><T95/><D75/><U7/><E128/><V23/><F135/><W21/><G133/><T103/><D124/><N who="3" m="47657" /><G36/><T2/><D2/><U44/><E55/><V91/><F35/><W119/><G43/><T50/><D123/><U82/><E82/><V54/><F106/><W105/><G105/><T115/><D120/><U96/><E42/><V26/><F71/><W20/><G122/><T113/><D103/><U132/><E132/><V87/><F66/><W27/><G119/><T0/><D0/><U74/><E74/><V77/><F45/><W4/><G112/><N who="0" m="43083" /><D29/><U70/><E70/><V107/><F107/><W63/><G63/><N who="0" m="38375" /><D33/><U34/><REACH who="1" step="1"/><E96/><REACH who="1" ten="121,132,323,414" step="2"/><V57/><F73/><W32/><G86/><T37/><D37/><U9/><E9/><V108/><F87/><W118/><G118/><T46/><D46/><U22/><E22/><V5/><F54/><W114/><G21/><T53/><D53/><U81/><E81/><AGARI ba="0,1" hai="50,51,81,85,90,92,94,95" m="38375,43083" machi="81" ten="30,1500,0" yaku="15,1" doraHai="16" who="0" fromWho="1" sc="121,25,132,-15,323,0,414,0" /><INIT seed="4,1,0,2,4,131" ten="146,117,323,414" oya="0" hai0="12,76,135,63,129,41,1,125,55,122,16,85,75" hai1="30,109,31,5,111,28,117,27,20,18,94,95,39" hai2="62,81,42,91,103,133,29,35,11,49,80,9,65" hai3="77,64,48,10,132,99,105,93,98,68,53,33,107"/><T32/><D122/><U123/><E39/><V3/><F3/><W13/><G33/><T17/><D129/><U61/><E123/><V25/><F11/><W56/><G77/><T113/><D32/><U15/><E117/><V14/><F81/><W59/><G68/><T21/><D1/><U126/><E126/><V54/><F42/><W43/><G132/><T78/><D41/><U67/><E5/><V116/><F116/><W121/><G121/><T100/><D100/><U112/><E112/><V6/><F103/><W44/><G64/><T106/><D106/><U66/><E66/><V69/><F80/><W127/><G127/><T114/><D125/><U89/><E94/><V115/><F115/><N who="0" m="44042" /><D135/><U72/><E72/><V134/><REACH who="2" step="1"/><F91/><REACH who="2" ten="146,117,313,414" step="2"/><W120/><G120/><T82/><D76/><U108/><E108/><V124/><F124/><W36/><G10/><T70/><D75/><U96/><REACH who="1" step="1"/><E15/><REACH who="1" ten="146,107,313,414" step="2"/><V84/><F84/><W50/><G13/><T58/><D12/><U37/><E37/><V40/><F40/><W34/><G43/><T24/><D70/><AGARI ba="1,2" hai="18,20,27,28,30,31,61,67,70,89,95,96,109,111" machi="70" ten="40,8000,1" yaku="1,1,53,3" doraHai="131" doraHaiUra="26" who="1" fromWho="0" sc="146,-83,107,103,313,0,414,0" /><INIT seed="5,0,0,3,1,114" ten="63,210,313,414" oya="1" hai0="108,104,63,38,77,91,44,132,87,127,47,130,59" hai1="46,76,119,32,14,100,133,66,120,118,96,126,121" hai2="42,112,75,88,81,61,8,69,4,37,6,23,49" hai3="53,48,15,51,16,90,71,20,92,64,102,33,40"/><U56/><E32/><V73/><F112/><W11/><G33/><T54/><D108/><U5/><E133/><V50/><F6/><W85/><G71/><T10/><D132/><U122/><E126/><V123/><F123/><W18/><G64/><T41/><D127/><U39/><E76/><V67/><F73/><W22/><G102/><T116/><D104/><U31/><E31/><V84/><F75/><W28/><G40/><T111/><D77/><U70/><E70/><V110/><F110/><W83/><G83/><T65/><D111/><U57/><E57/><V52/><F23/><W103/><G103/><T93/><D130/><U12/><E12/><V13/><REACH who="2" step="1"/><F52/><REACH who="2" ten="63,210,303,414" step="2"/><W3/><G53/><T58/><D10/><U62/><E5/><V72/><F72/><W34/><G34/><T135/><D135/><U80/><E80/><V27/><F27/><N who="3" m="16487" /><G3/><T17/><D47/><AGARI ba="0,1" hai="4,8,13,37,42,47,49,50,61,67,69,81,84,88" machi="47" ten="40,5200,0" yaku="1,1,54,1,53,1" doraHai="114" doraHaiUra="86" who="2" fromWho="0" sc="63,-52,210,0,303,62,414,0" /><INIT seed="6,0,0,1,3,127" ten="11,210,365,414" oya="2" hai0="105,90,8,31,1,20,99,5,118,13,63,74,93" hai1="68,50,88,130,83,85,15,108,33,75,21,39,25" hai2="123,79,34,116,117,119,120,67,30,106,107,43,45" hai3="77,66,27,52,80,97,100,53,17,91,129,78,124"/><V69/><F79/><W125/><G66/><T37/><D74/><U110/><E39/><V128/><F30/><W89/><G77/><T132/><D37/><U84/><E68/><V56/><F34/><W44/><G129/><T59/><D132/><U109/><E130/><V41/><F128/><W133/><G133/><T49/><D118/><U11/><E75/><V135/><F135/><W73/><G53/><T40/><D105/><U46/><E33/><V0/><F0/><W9/><G9/><T101/><D1/><U22/><E25/><V55/><F106/><W12/><G27/><T82/><D49/><U14/><E84/><V112/><F107/><W122/><G122/><T71/><D40/><U86/><E86/><V2/><F2/><W36/><G17/><T94/><D71/><U48/><E48/><N who="2" m="30823" /><F43/><W6/><G12/><T7/><D82/><U76/><E76/><V19/><F19/><W87/><G6/><T28/><D5/><U72/><E72/><V81/><F81/><W104/><G91/><T70/><D70/><U62/><E62/><N who="2" m="40183" /><F112/><W134/><G134/><T96/><REACH who="0" step="1"/><D20/><REACH who="0" ten="1,210,365,414" step="2"/><U95/><E22/><V23/><F23/><W38/><G104/><T18/><D18/><U126/><E21/><V4/><F4/><W35/><G35/><T103/><D103/><U51/><E83/><V64/><F64/><AGARI ba="0,1" hai="7,8,13,28,31,59,63,64,90,93,94,96,99,101" machi="64" ten="30,7700,0" yaku="1,1,7,1,8,1,53,1" doraHai="127" doraHaiUra="60" who="0" fromWho="2" sc="1,87,210,0,365,-77,414,0" /><INIT seed="7,0,0,1,1,107" ten="88,210,288,414" oya="3" hai0="27,96,114,45,109,123,26,121,113,86,40,57,9" hai1="100,128,47,134,102,14,44,73,20,37,122,130,124" hai2="56,95,46,23,63,78,48,58,35,24,111,51,43" hai3="55,17,36,83,80,103,75,42,69,50,52,66,79"/><W61/><G103/><T8/><D57/><U30/><E122/><V131/><F35/><W87/><G17/><T127/><D96/><U39/><E124/><V65/><F111/><W31/><G31/><T53/><D86/><U93/><E134/><V4/><F131/><W97/><G97/><T104/><D104/><U118/><E118/><V117/><F117/><W10/><G10/><T120/><D53/><U67/><E67/><V92/><F4/><W85/><G85/><T7/><D45/><U1/><E1/><V91/><F78/><W41/><G55/><T19/><D40/><U18/><E73/><V77/><F77/><W71/><G71/><T112/><D109/><U72/><E72/><V34/><F34/><W105/><G105/><T135/><D127/><U129/><E30/><V125/><F125/><W74/><G36/><T60/><D60/><U90/><E100/><V99/><F92/><W15/><G15/><T64/><D64/><U110/><E102/><V68/><F51/><W3/><G3/><T49/><D49/><U132/><E110/><V59/><F68/><W81/><G81/><T6/><D135/><U12/><E12/><V5/><F5/><N who="0" m="1546" /><D19/><AGARI ba="0,0" hai="19,23,24,43,46,48,56,58,59,63,65,91,95,99" machi="19" ten="30,2000,0" yaku="7,1,8,1" doraHai="107" who="2" fromWho="0" sc="88,-20,210,0,288,20,414,0" owari="68,-43.0,210,-19.0,308,11.0,414,51.0" /></mjloggm>