<mjloggm ver="2.3"><GO type="225" lobby="0"/><UN n0="%E3%81%84%E3%82%82%E3%82%8A" n1="%E3%83%8D%E3%82%B8%E3%82%AD" n2="%E7%89%B9%E4%B8%8A%E3%81%AE%E9%A4%8A%E5%88%86" n3="%E3%82%A6%E3%83%AB%E3%83%88%E3%83%A9%E7%AB%8B%E7%9B%B4" dan="16,16,16,16" rate="2161.95,2088.61,2059.64,2056.89" sx="M,M,M,M"/><TAIKYOKU oya="0"/><INIT seed="0,0,0,2,0,44" ten="250,250,250,250" oya="0" hai0="64,90,99,96,18,5,36,11,131,54,132,48,47" hai1="53,89,52,29,95,130,50,33,17,38,6,81,1" hai2="35,134,122,32,106,24,86,62,112,110,113,58,101" hai3="31,14,73,135,78,133,68,124,118,83,115,75,97"/><T0/><D131/><U28/><E38/><V117/><F122/><W10/><G68/><T100/><D132/><U92/><E130/><V49/><F134/><W60/><G31/><N who="1" m="11850" /><E33/><V120/><F120/><W80/><G14/><T4/><D36/><U126/><E1/><V20/><F32/><W23/><G10/><T45/><D64/><U123/><E123/><V129/><F35/><W15/><G15/><N who="0" m="7551" /><D0/><U108/><E108/><V26/><F110/><W71/><G23/><T22/><D100/><U41/><E126/><V67/><F101/><W12/><G12/><T40/><D22/><U119/><E119/><V16/><F106/><W93/><G71/><T2/><D2/><U30/><E30/><V65/><F117/><W88/><G118/><T39/><D39/><U72/><E72/><V103/><F103/><W105/><G105/><T111/><D111/><U125/><E125/><V70/><F129/><W37/><G37/><T51/><D90/><U102/><E6/><AGARI ba="0,0" hai="4,5,6,40,45,47,48,51,54,96,99" m="7551" machi="6" ten="30,5800,0" yaku="8,1,52,2" doraHai="44" who="0" fromWho="1" sc="250,58,250,-58,250,0,250,0" /><INIT seed="0,1,0,0,2,134" ten="308,192,250,250" oya="0" hai0="57,56,115,114,95,41,70,55,119,32,43,87,127" hai1="129,108,1,94,7,28,40,113,125,133,31,38,17" hai2="97,135,5,92,81,48,120,111,122,14,89,24,98" hai3="86,99,78,100,23,74,8,35,96,82,39,117,10"/><T123/><D32/><U71/><E71/><V50/><F135/><W66/><G35/><T16/><D70/><U42/><E133/><V59/><F111/><W63/><G39/><T21/><D119/><U67/><E67/><V53/><F81/><W68/><G117/><T15/><D57/><U22/><E108/><V76/><F76/><W2/><G2/><T47/><D123/><U93/><E113/><V88/><F24/><W128/><G128/><T64/><D64/><U118/><E129/><V130/><F130/><W27/><G74/><T12/><D12/><U107/><E118/><V36/><F36/><W3/><G3/><T84/><D84/><U25/><E107/><V51/><F120/><W110/><G99/><T121/><D121/><U46/><E40/><V52/><F122/><W91/><G78/><T101/><D43/><U75/><E75/><V104/><F104/><W112/><G112/><T54/><D54/><U65/><E65/><V26/><F26/><W124/><G110/><T29/><D29/><U19/><E28/><V80/><F53/><W11/><G27/><T90/><D101/><U37/><E37/><V83/><F83/><W132/><G132/><T79/><D79/><U131/><E131/><V9/><F80/><W105/><G23/><T106/><D106/><U4/><E125/><V126/><F126/><W61/><G61/><N who="0" m="35999" /><D127/><U6/><REACH who="1" step="1"/><E1/><REACH who="1" ten="308,182,250,250" step="2"/><V62/><F62/><W49/><G124/><T102/><D115/><U33/><E33/><V60/><F60/><W13/><G49/><N who="0" m="26863" /><D114/><U30/><E30/><V73/><F73/><W44/><G68/><RYUUKYOKU ba="1,1" sc="308,10,182,10,250,10,250,-30" hai0="15,16,21,87,90,95,102" hai1="4,6,7,17,19,22,25,31,38,42,46,93,94" hai2="5,9,14,48,50,51,52,59,88,89,92,97,98" /><INIT seed="0,2,1,2,1,81" ten="318,192,260,220" oya="0" hai0="83,128,37,4,61,50,82,57,88,106,19,11,29" hai1="51,86,31,131,130,72,17,45,103,115,56,116,40" hai2="30,129,75,63,118,6,123,1,67,90,47,52,15" hai3="24,126,119,96,120,38,99,65,105,68,100,8,133"/><T76/><D106/><U107/><E116/><V26/><F75/><W49/><G38/><T12/><D37/><U18/><E72/><V97/><F1/><W125/><G119/><T74/><D29/><U77/><E115/><V3/><F3/><W98/><G120/><T78/><D74/><U92/><E31/><V134/><F123/><W35/><G49/><T102/><D102/><U39/><E107/><V41/><F52/><W48/><G48/><T84/><D128/><N who="1" m="49195" /><E103/><V54/><F54/><W113/><G8/><T53/><D82/><N who="1" m="47439" /><E92/><V25/><F30/><N who="3" m="19911" /><G113/><T21/><REACH who="0" step="1"/><D61/><REACH who="0" ten="308,192,260,220" step="2"/><U85/><E85/><V95/><F63/><N who="3" m="39999" /><G133/><T70/><D70/><U9/><E39/><V132/><F134/><W20/><G100/><T122/><D122/><U117/><E117/><V59/><F132/><W73/><G105/><T135/><D135/><U46/><E46/><V28/><F47/><W16/><G73/><T55/><D55/><U111/><E45/><V91/><F118/><W66/><G66/><T5/><D5/><U32/><E32/><V0/><F6/><W112/><G112/><T43/><D43/><U109/><E40/><V89/><F41/><W22/><G16/><N who="1" m="6250" /><E9/><V79/><F129/><W124/><AGARI ba="2,2" hai="20,22,96,98,99,124,125,126" m="39999,19911" machi="124" ten="40,1500,0" yaku="18,1" doraHai="81" who="3" fromWho="3" sc="308,-9,192,-6,260,-6,220,41" /><INIT seed="1,0,0,4,4,88" ten="299,186,254,261" oya="1" hai0="85,30,128,41,40,10,135,133,117,27,17,45,121" hai1="50,25,0,1,57,53,127,61,78,63,33,98,21" hai2="3,79,83,93,6,59,60,52,126,26,132,125,68" hai3="109,44,64,8,95,66,55,77,134,96,32,124,42"/><U97/><E33/><V19/><F132/><N who="0" m="50762" /><D117/><U48/><E127/><N who="2" m="48651" /><F68/><W131/><G8/><T100/><D100/><U23/><E78/><V94/><F6/><W115/><G32/><T116/><D116/><U35/><E35/><V22/><F3/><W103/><G124/><T37/><D41/><U18/><E1/><V106/><F106/><W76/><G134/><T49/><D121/><U36/><E0/><V11/><F11/><W62/><G131/><T58/><D30/><N who="1" m="17711" /><E36/><V113/><F113/><W105/><G105/><T104/><D104/><U87/><E87/><AGARI ba="0,0" hai="19,22,26,52,59,60,79,83,87,93,94" m="48651" machi="87" ten="30,7700,0" yaku="18,1,52,2,54,1" doraHai="88" who="2" fromWho="1" sc="299,0,186,-77,254,77,261,0" /><INIT seed="2,0,0,3,4,95" ten="299,109,331,261" oya="2" hai0="0,42,51,60,70,1,44,63,135,30,84,76,124" hai1="13,27,2,56,77,5,10,11,47,52,12,3,75" hai2="45,6,35,110,68,98,125,34,131,107,102,23,80" hai3="86,48,94,87,8,50,78,28,59,93,90,119,115"/><V37/><F68/><W66/><G119/><T85/><D135/><U104/><E104/><V100/><F131/><W79/><G115/><T101/><D70/><U62/><E75/><V114/><F114/><W53/><G66/><T71/><D71/><U108/><E77/><V14/><F125/><W126/><G126/><T133/><D133/><U7/><E108/><V20/><F102/><W134/><G134/><T4/><D1/><U64/><E27/><V69/><F69/><W15/><G28/><T46/><D30/><U89/><E89/><V57/><F57/><W72/><G72/><T103/><D0/><U128/><REACH who="1" step="1"/><E128/><REACH who="1" ten="299,99,331,261" step="2"/><V97/><F110/><W92/><G79/><T113/><D76/><U67/><E67/><V41/><F107/><W81/><G78/><T29/><D124/><U55/><E55/><V54/><F54/><W122/><G90/><T109/><D113/><U43/><E43/><V49/><F41/><W24/><G24/><T105/><D42/><U82/><E82/><V74/><F80/><W116/><G81/><T118/><D105/><U39/><E39/><V32/><F37/><W16/><G116/><T61/><D109/><U88/><E88/><V22/><F74/><W31/><G53/><T17/><D118/><U19/><E19/><V120/><F6/><W26/><G16/><T127/><D17/><U111/><E111/><V18/><F18/><W40/><G26/><T96/><D127/><U58/><E58/><V121/><F45/><W106/><G59/><T91/><D4/><U129/><E129/><V65/><F65/><W25/><G40/><RYUUKYOKU ba="0,1" sc="299,-10,99,30,331,-10,261,-10" hai1="2,3,5,7,10,11,12,13,47,52,56,62,64" /><INIT seed="3,1,1,4,2,9" ten="289,129,321,251" oya="3" hai0="96,15,110,119,108,72,34,132,63,120,85,95,43" hai1="6,113,59,81,14,93,51,55,26,40,135,2,69" hai2="39,24,106,35,127,47,88,5,122,74,48,84,58" hai3="123,42,94,90,18,117,103,19,114,105,57,128,27"/><W10/><G123/><T49/><D72/><U45/><E135/><V60/><F74/><W8/><G117/><T102/><D34/><U71/><E113/><V131/><F39/><W38/><G42/><T116/><D120/><U80/><E2/><V129/><F106/><W86/><G38/><T97/><D132/><U25/><E93/><V101/><F101/><W124/><G114/><T0/><D0/><U100/><E100/><V54/><F5/><W133/><G103/><T125/><D96/><U83/><E71/><V16/><F127/><W21/><G105/><T82/><D63/><U28/><E69/><V52/><F122/><W70/><G70/><T68/><D68/><U41/><E41/><V4/><F4/><W126/><G133/><T23/><D49/><U17/><E6/><V76/><F76/><W73/><G73/><T11/><D11/><U36/><REACH who="1" step="1"/><E28/><REACH who="1" ten="289,119,321,251" step="2"/><V37/><F129/><W99/><G128/><T89/><D43/><U46/><E46/><V3/><F47/><W78/><G124/><T1/><D125/><U62/><E62/><V91/><F60/><W115/><G126/><T75/><D1/><U7/><E7/><V77/><F3/><W33/><G115/><T32/><D119/><U112/><E112/><V67/><F131/><W53/><G94/><T44/><D116/><U61/><E61/><V29/><F29/><W111/><G57/><T107/><D95/><U65/><E65/><V30/><F67/><W79/><G53/><T56/><D56/><U64/><E64/><V31/><F58/><W22/><G99/><T13/><D97/><RYUUKYOKU ba="1,2" sc="289,-10,119,30,321,-10,251,-10" hai1="14,17,25,26,36,40,45,51,55,59,80,81,83" owari="279,8.0,149,-35.0,331,43.0,241,-16.0" /></mjloggm>