<mjloggm ver="2.3"><GO type="97" lobby="0"/><UN n0="%E3%82%A6%E3%83%AB%E3%83%88%E3%83%A9%E7%AB%8B%E7%9B%B4" n1="%E3%82%AD%E3%83%A9%E3%82%AD%E3%83%A9%EF%BC%93" n2="%E9%9B%BB%E5%8D%93%E4%BB%98%E8%87%AA%E5%8B%95%E8%BB%8A" n3="%28%5E%30%5E%29%2F" dan="15,14,13,15" rate="2042.37,1876.05,1932.48,1960.30" sx="M,M,M,M"/><TAIKYOKU oya="0"/><INIT seed="0,0,0,3,0,111" ten="250,250,250,250" oya="0" hai0="33,20,101,76,6,126,57,120,103,11,39,17,66" hai1="68,46,1,83,30,77,15,37,18,80,29,131,102" hai2="27,81,10,51,86,96,34,53,119,134,109,132,117" hai3="5,31,82,71,36,16,21,41,64,87,107,118,128"/><T61/><D33/><U60/><E131/><V98/><F10/><W85/><G128/><T44/><D120/><U72/><E1/><V7/><F7/><W122/><G118/><N who="2" m="45065" /><F109/><W19/><G107/><T48/><D126/><U58/><E68/><V8/><F8/><W110/><G110/><T35/><D35/><U70/><E70/><V135/><F27/><W113/><G113/><T115/><D115/><U90/><E102/><V106/><F34/><W55/><G122/><T73/><D39/><U105/><E105/><V3/><F3/><W100/><G100/><T125/><D125/><U50/><E37/><V40/><F40/><W0/><G0/><T129/><D129/><U28/><E28/><V56/><F106/><W74/><G74/><T47/><D73/><U13/><E13/><V79/><AGARI ba="0,0" hai="51,53,56,79,81,86,96,98,132,134,135" m="45065" machi="79" ten="40,2700,0" yaku="20,1,12,1" doraHai="111" who="2" fromWho="2" sc="250,-13,250,-7,250,27,250,-7" /><INIT seed="1,0,0,5,5,24" ten="237,243,277,243" oya="1" hai0="42,27,116,109,88,68,119,56,26,90,25,62,89" hai1="18,1,80,43,54,79,74,37,36,107,50,91,55" hai2="125,57,44,102,49,64,51,23,111,14,21,53,45" hai3="99,95,130,115,52,93,100,66,71,4,15,75,6"/><U47/><E107/><V105/><F111/><W113/><G75/><T29/><D68/><U83/><E1/><V20/><F125/><W97/><G130/><T112/><D112/><U33/><E33/><V22/><F64/><W32/><G32/><T133/><D133/><U35/><E35/><V58/><F105/><W63/><G15/><T124/><D109/><U121/><E121/><V7/><F102/><W10/><G52/><N who="0" m="34055" /><D119/><U19/><E19/><N who="2" m="10359" /><F7/><W96/><G96/><T69/><D69/><U117/><E117/><V94/><F94/><W38/><G38/><T61/><D116/><U5/><E5/><V126/><F126/><W120/><G120/><T40/><D61/><U67/><E67/><V48/><F48/><W28/><G28/><T114/><D114/><U3/><E3/><V108/><F108/><W70/><G70/><T122/><D122/><U2/><E2/><V110/><F110/><W17/><G115/><T106/><D106/><U39/><REACH who="1" step="1"/><E18/><REACH who="1" ten="237,233,277,243" step="2"/><V78/><F78/><W87/><G113/><T118/><D118/><U128/><E128/><V77/><F77/><W123/><G123/><T30/><D124/><U13/><E13/><V103/><F45/><W60/><G17/><T85/><D85/><AGARI ba="0,1" hai="36,37,39,43,47,50,54,55,74,79,80,83,85,91" machi="85" ten="40,3900,0" yaku="1,1,53,1" doraHai="24" doraHaiUra="73" who="1" fromWho="0" sc="237,-39,233,49,277,0,243,0" /><INIT seed="1,1,0,5,1,45" ten="198,282,277,243" oya="1" hai0="37,128,104,133,48,130,113,47,20,131,90,58,6" hai1="80,55,71,34,52,127,118,67,96,54,132,49,77" hai2="117,79,9,115,25,135,41,111,134,105,107,95,28" hai3="30,46,123,13,88,57,91,126,82,112,66,119,15"/><U38/><E118/><V39/><F117/><W35/><G123/><T83/><D104/><N who="2" m="40010" /><F95/><W81/><G119/><T42/><D113/><U122/><E122/><V16/><F79/><W22/><G112/><T84/><D133/><N who="2" m="50698" /><F115/><W98/><G35/><T26/><D6/><U124/><E132/><V0/><F111/><W1/><G1/><T102/><D102/><U51/><E34/><N who="2" m="20751" /><F16/><W62/><G126/><N who="1" m="48170" /><E38/><V32/><F32/><W106/><G106/><T17/><REACH who="0" step="1"/><D58/><REACH who="0" ten="188,282,277,243" step="2"/><U108/><E108/><V99/><F0/><W44/><G44/><T92/><D92/><U50/><E71/><V40/><F39/><AGARI ba="1,1" hai="17,20,26,37,39,42,47,48,83,84,90,128,130,131" machi="39" ten="40,5200,0" yaku="1,1,19,1,52,1,53,0" doraHai="45" doraHaiUra="101" who="0" fromWho="2" sc="188,65,282,0,277,-55,243,0" /><INIT seed="2,0,0,1,1,99" ten="253,282,222,243" oya="2" hai0="25,88,13,107,75,21,8,116,53,40,1,98,4" hai1="41,101,59,126,93,56,94,135,120,130,0,115,51" hai2="38,34,37,47,96,29,35,89,17,85,134,91,128" hai3="77,44,10,5,33,63,9,43,131,117,7,121,30"/><V82/><F134/><W72/><G121/><T129/><D75/><U27/><E115/><V102/><F128/><W58/><G117/><T122/><D129/><U64/><E130/><V81/><F17/><W73/><G131/><T105/><D122/><U124/><E0/><V14/><F14/><W16/><G33/><T83/><D40/><U28/><E120/><V133/><F133/><W112/><G112/><T103/><D116/><U108/><E108/><V15/><F15/><W12/><G30/><T76/><D53/><U11/><E135/><V78/><F89/><W22/><G73/><T45/><D45/><U61/><E11/><V84/><F29/><W2/><G77/><T26/><D26/><U49/><E94/><V6/><F6/><W70/><G70/><T23/><D23/><N who="1" m="15487" /><E56/><V67/><F67/><W48/><G72/><T68/><D68/><U39/><E41/><V123/><F123/><W125/><G125/><N who="1" m="48234" /><E39/><V18/><F18/><W36/><G36/><T118/><D118/><U71/><E71/><V106/><REACH who="2" step="1"/><F38/><REACH who="2" ten="253,282,212,243" step="2"/><W66/><G2/><T55/><D1/><U109/><E109/><V46/><F46/><W62/><G5/><T110/><D110/><U31/><E31/><V20/><F20/><W127/><G127/><T97/><D21/><U132/><E132/><V50/><F50/><W42/><G42/><AGARI ba="0,1" hai="34,35,37,42,47,78,81,82,84,85,91,96,102,106" machi="42" ten="40,3900,0" yaku="1,1,52,1,53,0" doraHai="99" doraHaiUra="114" who="2" fromWho="3" sc="253,0,282,0,212,49,243,-39" /><INIT seed="2,1,0,0,0,18" ten="253,282,261,204" oya="2" hai0="35,106,102,83,7,5,79,108,126,124,88,45,4" hai1="93,118,114,122,54,104,116,99,73,76,31,17,94" hai2="47,75,19,24,90,34,64,42,27,52,120,77,117" hai3="0,25,59,36,32,8,107,11,91,84,110,3,1"/><V16/><F120/><W72/><G72/><N who="0" m="43495" /><D35/><U60/><E114/><V56/><F117/><W26/><G107/><T78/><D78/><U125/><E104/><V135/><F64/><W21/><G36/><T44/><D102/><U28/><E122/><V92/><F135/><W10/><G91/><T14/><D106/><U100/><E125/><N who="0" m="48233" /><D108/><U97/><E31/><V121/><F121/><W51/><G51/><T12/><D88/><U103/><E28/><V46/><F75/><W96/><G96/><T82/><D82/><U129/><E129/><V89/><F77/><W38/><G84/><T128/><D128/><U53/><E53/><V115/><F90/><W119/><G59/><T123/><D123/><U40/><E40/><V20/><F115/><W62/><G62/><T101/><D101/><U63/><E63/><N who="2" m="36231" /><F42/><W113/><G119/><T49/><D45/><N who="2" m="16906" /><F34/><W85/><G85/><T50/><D50/><U112/><E112/><V69/><F69/><W48/><G48/><T6/><N who="0" m="1024" /><DORA hai="22" /><T80/><D80/><U55/><E55/><AGARI ba="1,0" hai="12,14,44,49,55" m="1024,48233,43495" machi="55" ten="40,1300,0" yaku="18,1" doraHai="18,22" who="0" fromWho="1" sc="253,16,282,-16,261,0,204,0" /><INIT seed="3,0,0,5,1,12" ten="269,266,261,204" oya="3" hai0="25,55,65,67,135,47,4,127,115,114,77,24,93" hai1="19,132,35,7,31,119,103,68,101,84,105,102,63" hai2="118,44,73,18,66,112,88,91,14,54,62,75,92" hai3="52,21,98,8,16,78,94,0,125,76,58,5,49"/><W34/><G34/><T22/><D25/><U106/><E132/><V2/><F118/><W15/><G125/><T117/><D117/><U128/><E128/><V32/><F112/><W59/><G59/><T74/><D4/><U111/><E119/><V72/><F2/><W81/><G81/><T36/><D127/><U57/><E111/><V108/><F32/><W131/><G131/><T41/><D135/><U70/><E68/><V89/><F108/><W60/><G60/><T90/><D55/><U53/><E70/><V69/><F54/><W23/><G23/><T120/><D120/><U71/><E71/><V86/><REACH who="2" step="1"/><F44/><REACH who="2" ten="269,266,251,204" step="2"/><W13/><REACH who="3" step="1"/><G0/><REACH who="3" ten="269,266,251,194" step="2"/><T28/><D114/><U61/><E105/><V51/><F51/><W48/><G48/><T40/><D115/><U124/><E106/><V45/><F45/><W110/><G110/><T3/><D3/><U46/><E46/><V33/><F33/><W122/><G122/><T79/><D47/><U43/><E35/><V85/><F85/><W100/><AGARI ba="0,2" hai="5,8,13,15,16,21,49,52,58,76,78,94,98,100" machi="100" ten="20,18000,2" yaku="1,1,0,1,7,1,8,1,52,1,54,2,53,0" doraHai="12" doraHaiUra="104" who="3" fromWho="3" sc="269,-60,266,-60,251,-60,194,200" owari="209,1.0,206,-19.0,191,-31.0,394,49.0" /></mjloggm>