<mjloggm ver="2.3"><GO type="41" lobby="0"/><UN n0="%4C%2D%52%69%67%68%74" n1="%66%61%6E%74%61%73%69%61" n2="%62%69%67%62%6F%69" n3="%E3%82%A6%E3%83%AB%E3%83%88%E3%83%A9%E7%AB%8B%E7%9B%B4" dan="14,14,13,16" rate="1936.65,1933.71,1835.47,2082.59" sx="M,M,M,M"/><TAIKYOKU oya="0"/><INIT seed="0,0,0,4,0,105" ten="250,250,250,250" oya="0" hai0="65,54,132,72,31,130,9,84,32,74,56,16,62" hai1="71,39,102,14,125,114,24,83,3,123,112,46,107" hai2="55,21,30,10,87,117,76,75,7,120,73,0,19" hai3="82,133,5,104,66,131,93,42,115,86,22,57,109"/><T89/><D130/><U99/><E123/><V111/><F120/><W98/><G131/><T58/><D132/><U128/><E125/><V43/><F43/><W47/><G115/><T85/><D85/><U97/><E128/><V1/><F1/><W60/><G104/><T36/><D36/><U40/><E99/><V88/><F117/><W15/><G133/><T50/><D32/><U127/><E127/><V37/><F37/><W95/><G109/><T26/><D31/><U45/><E45/><V8/><F8/><W44/><G95/><T51/><D51/><U11/><E14/><V80/><F30/><W6/><G44/><T90/><D90/><U70/><E24/><V122/><F122/><W77/><G22/><T12/><REACH who="0" step="1"/><D26/><REACH who="0" ten="240,250,250,250" step="2"/><U134/><E134/><V126/><F126/><W119/><G119/><T108/><D108/><U103/><E103/><V78/><F111/><W101/><G86/><T2/><D2/><U13/><E13/><V68/><F78/><W116/><G116/><T20/><D20/><U23/><E23/><V34/><F34/><W63/><G15/><T79/><D79/><U81/><E81/><AGARI ba="0,1" hai="9,12,16,50,54,56,58,62,65,72,74,81,84,89" machi="81" ten="30,12000,1" yaku="1,1,7,1,52,2,54,1,53,0" doraHai="105" doraHaiUra="96" who="0" fromWho="1" sc="240,130,250,-120,250,0,250,0" /><INIT seed="0,1,0,3,0,89" ten="370,130,250,250" oya="0" hai0="68,107,60,57,13,76,88,111,75,66,14,69,99" hai1="24,58,130,22,15,21,2,6,120,40,118,81,33" hai2="122,12,59,28,100,17,0,3,87,112,45,29,105" hai3="103,19,38,125,42,53,126,32,124,23,74,37,101"/><T34/><D34/><U135/><E81/><V83/><F122/><W67/><G32/><T9/><D75/><U119/><E58/><V51/><F112/><W54/><G74/><T52/><D76/><U94/><E40/><V35/><F29/><W117/><G117/><T134/><D134/><U41/><E94/><V16/><F17/><W43/><G67/><T46/><D46/><U108/><E41/><N who="3" m="15370" /><G23/><T50/><D111/><U4/><E120/><V104/><F104/><W78/><G19/><T7/><D107/><U44/><E44/><V8/><F59/><W64/><G64/><T127/><D127/><U86/><E86/><V36/><F36/><N who="3" m="13931" /><G78/><T11/><D99/><U31/><E130/><V109/><F109/><W18/><G18/><T129/><D129/><U102/><E102/><AGARI ba="1,0" hai="53,54,101,102,103,124,125,126" m="13931,15370" machi="102" ten="40,5200,0" yaku="28,2,18,1" doraHai="89" who="3" fromWho="1" sc="370,0,130,-55,250,0,250,55" /><INIT seed="1,0,0,5,4,116" ten="370,75,250,305" oya="1" hai0="108,133,120,48,69,56,92,19,50,129,37,78,103" hai1="20,121,64,51,26,130,38,42,70,123,63,67,7" hai2="36,65,110,86,125,80,53,87,104,15,39,132,54" hai3="72,2,118,55,112,28,128,91,111,76,5,117,106"/><U52/><E7/><V98/><F132/><W68/><G68/><T115/><D37/><U58/><E130/><V83/><F125/><W127/><G106/><T89/><D69/><U71/><E20/><V134/><F134/><W49/><G128/><T97/><D133/><U27/><E26/><V25/><F65/><W47/><G127/><T126/><D126/><U60/><E27/><V96/><F25/><W22/><G112/><T21/><D129/><U41/><E41/><V0/><F15/><W79/><G72/><T9/><D115/><U12/><E12/><V4/><F4/><W43/><G111/><T119/><D119/><U33/><E33/><V59/><F59/><W23/><G5/><T61/><D108/><U8/><E8/><V90/><F110/><W135/><G2/><T122/><D78/><U93/><E93/><V17/><F17/><W114/><G114/><T45/><D9/><U14/><E14/><V32/><F32/><W13/><G135/><T30/><D30/><U34/><E34/><V88/><REACH who="2" step="1"/><F104/><REACH who="2" ten="370,75,240,305" step="2"/><W1/><G118/><T81/><D45/><AGARI ba="0,1" hai="38,42,45,51,52,58,60,63,64,67,70,71,121,123" machi="45" ten="40,24000,3" yaku="9,1,24,2,34,3,52,2,54,1" doraHai="116" who="1" fromWho="0" sc="370,-240,75,250,240,0,305,0" /><INIT seed="1,1,0,5,2,94" ten="130,325,240,305" oya="1" hai0="123,68,41,23,4,13,70,101,31,1,34,97,8" hai1="39,109,40,9,124,86,74,44,95,87,121,64,57" hai2="21,24,105,88,60,89,76,3,63,12,125,20,2" hai3="30,131,50,81,128,69,66,56,122,83,65,120,80"/><U43/><E121/><V126/><F105/><W14/><G50/><T79/><D79/><U28/><E74/><V93/><F76/><W129/><G56/><T130/><D123/><N who="3" m="47145" /><G30/><T112/><D112/><U61/><E124/><V71/><F12/><W100/><G14/><T90/><D130/><U113/><E109/><V82/><F82/><W91/><G91/><T0/><D41/><U10/><E113/><V134/><F134/><W75/><G75/><T18/><D90/><U106/><E106/><V132/><F132/><W85/><G85/><T27/><REACH who="0" step="1"/><D0/><REACH who="0" ten="120,325,240,305" step="2"/><U16/><E43/><V29/><F126/><W17/><G128/><T98/><D98/><U84/><E28/><V54/><F125/><W32/><G129/><T42/><D42/><U19/><E9/><V96/><F89/><W114/><G114/><T6/><D6/><U127/><E127/><V35/><F2/><W15/><G131/><T37/><D37/><U77/><E77/><V11/><F3/><W48/><G81/><T116/><D116/><U104/><E10/><V103/><F11/><W92/><G83/><T51/><D51/><U62/><E62/><V7/><F7/><W38/><G80/><T107/><AGARI ba="1,1" hai="1,4,8,13,18,23,27,31,34,68,70,97,101,107" machi="107" ten="20,12000,2" yaku="1,1,0,1,7,1,24,2,52,1,53,1" doraHai="94" doraHaiUra="25" who="0" fromWho="0" sc="120,133,325,-61,240,-31,305,-31" /><INIT seed="2,0,0,1,2,92" ten="253,264,209,274" oya="2" hai0="110,51,11,107,41,23,54,3,68,61,84,21,133" hai1="8,112,128,131,132,49,34,130,118,79,134,15,9" hai2="72,86,69,76,67,117,17,59,103,43,100,89,48" hai3="27,120,36,75,33,77,30,80,0,119,111,109,99"/><V29/><F117/><W45/><G120/><T62/><D107/><U74/><E79/><V81/><F29/><W22/><G119/><T135/><D68/><U106/><E74/><V105/><F69/><W60/><G22/><T12/><D3/><U96/><E49/><V95/><F67/><W104/><G0/><T40/><D110/><U25/><E106/><V1/><F1/><W125/><G60/><T13/><D84/><U2/><E96/><V66/><F66/><W90/><G125/><T4/><D135/><N who="1" m="51755" /><E118/><V20/><F105/><W127/><G127/><T124/><D133/><U6/><E112/><V65/><F65/><W57/><G57/><T32/><D124/><U97/><E97/><N who="2" m="57583" /><F72/><W14/><G14/><T28/><D32/><U121/><E121/><V93/><F93/><W64/><G64/><T53/><D28/><N who="1" m="19727" /><E9/><V102/><F102/><W56/><G56/><T24/><D51/><U108/><E2/><V87/><F87/><W85/><G85/><T88/><D11/><U115/><E115/><V91/><F76/><W38/><G90/><T16/><D24/><U71/><E71/><V83/><F83/><W58/><G58/><T5/><D88/><U55/><E55/><N who="2" m="32231" /><F43/><W39/><G45/><T7/><D7/><U37/><E37/><V46/><F46/><W114/><G114/><T10/><D10/><U122/><E122/><V78/><F78/><W116/><G116/><T73/><D73/><U26/><E26/><AGARI ba="0,0" hai="17,20,26,81,86,91,100,103" m="32231,57583" machi="26" ten="30,2900,0" yaku="8,1,52,1" doraHai="92" who="2" fromWho="1" sc="253,0,264,-29,209,29,274,0" /><INIT seed="2,1,0,3,4,69" ten="253,235,238,274" oya="2" hai0="111,73,36,59,77,43,63,17,125,127,26,85,57" hai1="117,55,66,7,84,114,31,103,14,51,11,126,76" hai2="56,87,133,92,102,3,62,80,134,20,78,71,29" hai3="109,13,39,48,79,131,93,49,46,112,123,67,6"/><V89/><F3/><W10/><G123/><T100/><D73/><U104/><E117/><V122/><F122/><W34/><G112/><T9/><D100/><U105/><E114/><V53/><F71/><W75/><G34/><T70/><D70/><U27/><E126/><N who="0" m="48137" /><D111/><U68/><E68/><V28/><F20/><W45/><G109/><T16/><D77/><U115/><E115/><V47/><F47/><W44/><G131/><T124/><D85/><U2/><E66/><V121/><F121/><W52/><G67/><T64/><D57/><U50/><E50/><V82/><F102/><W30/><G79/><T61/><D61/><U99/><E76/><V18/><F18/><W83/><G83/><T132/><D17/><U106/><E84/><V38/><F38/><W23/><G75/><T86/><D86/><U107/><E2/><V60/><F60/><W37/><G93/><T135/><N who="0" m="48145" /><T88/><DORA hai="58" /><D88/><U5/><N who="1" m="26624" /><DORA hai="0" /><U97/><E103/><V116/><F116/><W101/><G101/><T1/><D1/><U118/><E118/><V113/><F113/><W81/><G81/><T130/><D130/><U32/><REACH who="1" step="1"/><E5/><REACH who="1" ten="253,225,238,274" step="2"/><V128/><F128/><W19/><G6/><T90/><D64/><U24/><E24/><V96/><REACH who="2" step="1"/><F80/><REACH who="2" ten="253,225,228,274" step="2"/><W95/><G48/><T33/><D26/><U35/><E35/><V91/><F91/><W54/><G49/><T40/><D33/><U8/><E8/><V110/><F110/><W12/><G10/><T129/><D90/><U120/><E120/><V42/><F42/><W74/><G23/><T25/><D40/><RYUUKYOKU ba="1,2" sc="253,-15,225,15,228,15,274,-15" hai1="7,11,14,27,31,32,51,55,97,99" hai2="28,29,53,56,62,78,82,87,89,92,96,133,134" /><INIT seed="2,2,2,4,3,6" ten="238,240,243,259" oya="2" hai0="37,86,40,11,90,87,74,72,8,96,103,51,128" hai1="62,28,133,60,108,91,89,30,2,21,112,36,77" hai2="104,134,131,33,106,52,19,127,93,71,44,113,46" hai3="56,92,79,82,67,97,34,41,25,85,15,63,29"/><V122/><F122/><W7/><G41/><T101/><D37/><U61/><E36/><V100/><F113/><W121/><G121/><T109/><D109/><U45/><E2/><V114/><F114/><W17/><G7/><T70/><D70/><U39/><E112/><V47/><F71/><W53/><G53/><T35/><D35/><U107/><E107/><V24/><F134/><W57/><G63/><T9/><D128/><U105/><E105/><V49/><F131/><W102/><REACH who="3" step="1"/><G67/><REACH who="3" ten="238,240,243,249" step="2"/><T81/><D40/><U88/><E133/><V126/><F126/><W116/><G116/><T5/><D5/><U59/><E108/><V94/><F127/><W18/><G18/><T42/><D42/><U115/><E115/><V98/><F106/><W20/><AGARI ba="2,3" hai="15,17,20,25,29,34,56,57,79,82,85,92,97,102" machi="20" ten="20,2700,0" yaku="1,1,0,1,7,1,53,0" doraHai="6" doraHaiUra="38" who="3" fromWho="3" sc="238,-9,240,-9,243,-15,249,63" /><INIT seed="3,0,0,1,2,64" ten="229,231,228,312" oya="3" hai0="28,41,8,65,40,94,14,57,6,127,107,21,2" hai1="72,97,56,69,81,79,44,71,114,117,51,133,68" hai2="80,122,131,125,77,102,38,88,43,78,109,35,0" hai3="30,18,27,93,4,66,58,36,45,129,76,115,50"/><W84/><G115/><T67/><D107/><U29/><E114/><V42/><F35/><W111/><G129/><T23/><D127/><U74/><E133/><V118/><F0/><W85/><G36/><T116/><D116/><U89/><E117/><V123/><F118/><W130/><G130/><T46/><D41/><U61/><E29/><V31/><F31/><W87/><G111/><T15/><D94/><U48/><E74/><V128/><F38/><W49/><G4/><T112/><D112/><U134/><E134/><V126/><F42/><W86/><G18/><N who="0" m="10455" /><D2/><U5/><E5/><V82/><F43/><W105/><G105/><T19/><D28/><U98/><E89/><V113/><F113/><W110/><G110/><T100/><D100/><U16/><E16/><V33/><F33/><W60/><G45/><T95/><D95/><U13/><E13/><V108/><F102/><W59/><G59/><T10/><D57/><U53/><REACH who="1" step="1"/><E51/><REACH who="1" ten="229,221,228,312" step="2"/><V101/><F101/><W26/><G50/><N who="0" m="26951" /><D6/><U91/><E91/><AGARI ba="0,1" hai="77,78,80,82,88,91,108,109,122,123,125,126,128,131" machi="91" ten="25,12000,2" yaku="22,2,34,3,54,1" doraHai="64" who="2" fromWho="1" sc="229,0,221,-120,228,130,312,0" /><INIT seed="4,0,0,2,1,62" ten="229,101,358,312" oya="0" hai0="116,14,100,18,131,75,28,32,87,36,6,30,56" hai1="1,85,60,17,72,11,101,132,124,71,13,27,113" hai2="89,50,48,104,45,119,83,20,24,35,114,63,82" hai3="5,88,99,69,38,7,8,59,134,29,86,111,97"/><T12/><D36/><U80/><E72/><V49/><F104/><W25/><G69/><T108/><D75/><U84/><E113/><V64/><F119/><W57/><G38/><T92/><D116/><U31/><E132/><V76/><F35/><W93/><G111/><T44/><D108/><U109/><E109/><V103/><F103/><W51/><G134/><T55/><D131/><U102/><E124/><V78/><F89/><W15/><G7/><T33/><D32/><U41/><E41/><V66/><F114/><W122/><G122/><T54/><D33/><U65/><E1/><V96/><F96/><W110/><G110/><T53/><D6/><U61/><E61/><V42/><F63/><W74/><G74/><T2/><D2/><U128/><E128/><V0/><F0/><W37/><G37/><T16/><D44/><U34/><REACH who="1" step="1"/><E85/><REACH who="1" ten="229,91,358,312" step="2"/><V22/><F42/><W47/><G86/><T58/><D87/><U10/><E10/><V127/><F127/><W77/><G97/><N who="0" m="59431" /><D58/><U91/><AGARI ba="0,1" hai="11,13,17,27,31,34,60,65,71,80,84,91,101,102" machi="91" ten="20,5200,0" yaku="1,1,0,1,7,1,52,1,53,0" doraHai="62" doraHaiUra="121" who="1" fromWho="1" sc="229,-26,91,62,358,-13,312,-13" /><INIT seed="5,0,0,3,4,105" ten="203,153,345,299" oya="1" hai0="65,63,120,3,16,5,72,79,74,125,46,134,93" hai1="89,80,11,13,7,29,20,2,19,107,113,42,24" hai2="78,121,81,25,26,118,12,64,43,1,14,66,70" hai3="33,50,85,58,116,40,98,62,130,10,17,111,132"/><U9/><E107/><V133/><F1/><W69/><G33/><T27/><D79/><U119/><E119/><V36/><F121/><W49/><G111/><T23/><D3/><U92/><E80/><V96/><F118/><W48/><G116/><T117/><D117/><U102/><E102/><V84/><F133/><W52/><G132/><T110/><D134/><U131/><E42/><V31/><F26/><W88/><G130/><T41/><D110/><U122/><E131/><V45/><F70/><W44/><G98/><T101/><D5/><U126/><E113/><V82/><F96/><W97/><G97/><T67/><D67/><U54/><E122/><V104/><F104/><W135/><G135/><T34/><D34/><N who="1" m="20775" /><E54/><V127/><F127/><W100/><G100/><T57/><D120/><U109/><E109/><V37/><F37/><W47/><G69/><T59/><D125/><U94/><E126/><V68/><F68/><W86/><G86/><T128/><D128/><U35/><E35/><V4/><F66/><W76/><G76/><T56/><D101/><U115/><E115/><V28/><F64/><W53/><G53/><T103/><D103/><U8/><E94/><V87/><F31/><W6/><G47/><T83/><D93/><U75/><E75/><V108/><F108/><W123/><G123/><T90/><D83/><U55/><E55/><V60/><F60/><W22/><G85/><AGARI ba="0,0" hai="2,7,8,9,11,13,19,20,85,89,92" m="20775" machi="85" ten="30,1500,0" yaku="24,1" doraHai="105" who="1" fromWho="3" sc="203,0,153,15,345,0,299,-15" /><INIT seed="5,1,0,1,4,15" ten="203,168,345,284" oya="1" hai0="79,22,89,88,108,76,21,97,28,7,24,131,46" hai1="126,43,105,35,29,96,85,84,38,51,16,32,75" hai2="20,58,119,92,41,122,13,50,52,14,73,11,36" hai3="123,26,47,80,63,113,25,37,3,57,44,135,93"/><U74/><E38/><V132/><F73/><W129/><G3/><T124/><D108/><U83/><E126/><V107/><F132/><W64/><G123/><T12/><D131/><U112/><E112/><V66/><F107/><W111/><G111/><T72/><D124/><U48/><E29/><V54/><F122/><W8/><G135/><T49/><D72/><U31/><E31/><V71/><F119/><W94/><G129/><T56/><D56/><U33/><E105/><V27/><F92/><W91/><G113/><T6/><D6/><U114/><E114/><V98/><F98/><W23/><G80/><T103/><D79/><U67/><E96/><V102/><F102/><W99/><G37/><T100/><D76/><U95/><E67/><V69/><F14/><W77/><G8/><N who="0" m="4127" /><D21/><U65/><E65/><V59/><F41/><W133/><G77/><T19/><D28/><U4/><E4/><V134/><F36/><W86/><G133/><T70/><D70/><U61/><E61/><V62/><F66/><W127/><G127/><T17/><D17/><U81/><E95/><V109/><F109/><W55/><G26/><T53/><D97/><U120/><E35/><V60/><F134/><W115/><G115/><T10/><D10/><U87/><E85/><V0/><F0/><W78/><G64/><T125/><D125/><U101/><E120/><V130/><F130/><W82/><G94/><T45/><D45/><U68/><E43/><V18/><F50/><W2/><G2/><T9/><D9/><U106/><E106/><V30/><AGARI ba="1,0" hai="11,13,18,20,27,30,52,54,58,59,60,62,69,71" machi="30" ten="20,8000,1" yaku="0,1,7,1,9,1,52,1,54,1" doraHai="15" who="2" fromWho="2" sc="203,-21,168,-41,345,83,284,-21" /><INIT seed="6,0,0,0,3,32" ten="182,127,428,263" oya="2" hai0="26,64,82,29,76,30,108,105,4,48,51,73,40" hai1="2,80,84,42,102,11,31,33,19,128,7,93,85" hai2="83,53,45,41,8,126,55,18,68,16,46,127,120" hai3="95,75,87,35,77,106,104,119,125,88,91,129,61"/><V99/><F120/><W21/><G35/><T28/><D105/><U74/><E128/><V10/><F68/><W69/><G119/><T98/><D108/><U25/><E74/><V22/><F99/><W96/><G129/><T17/><D64/><U134/><E134/><V115/><F115/><W63/><G63/><T124/><D124/><U50/><E102/><V27/><F83/><N who="3" m="45503" /><G21/><T78/><D78/><U43/><E93/><V54/><F18/><W44/><G44/><T66/><D66/><U65/><E65/><V12/><F27/><W121/><G61/><T123/><D123/><U36/><E36/><V58/><F58/><W38/><G38/><T89/><D4/><U62/><E62/><V60/><F60/><W103/><G69/><T94/><D40/><U131/><E131/><V133/><F133/><W114/><G121/><T109/><D109/><U101/><E101/><V122/><F122/><W117/><G117/><T67/><D67/><U72/><E72/><V118/><F118/><W14/><G14/><T13/><REACH who="0" step="1"/><D26/><REACH who="0" ten="172,127,428,263" step="2"/><U107/><E107/><N who="3" m="41002" /><G125/><N who="2" m="47625" /><F46/><W47/><G47/><T79/><D79/><U20/><E50/><AGARI ba="0,1" hai="8,10,12,16,22,41,45,50,53,54,55" m="47625" machi="50" ten="30,2900,0" yaku="18,1,54,1" doraHai="32" who="2" fromWho="1" sc="172,0,127,-29,428,39,263,0" /><INIT seed="6,1,0,4,1,80" ten="172,98,467,263" oya="2" hai0="109,59,70,111,77,85,128,46,108,134,90,99,96" hai1="92,12,43,75,41,71,103,104,78,83,20,42,126" hai2="53,91,122,39,50,123,82,67,79,110,74,29,132" hai3="24,16,47,21,22,63,114,118,11,51,94,33,25"/><V31/><F39/><W38/><G38/><T64/><D70/><U23/><E71/><V135/><F67/><W37/><G37/><T68/><D68/><U45/><E126/><V89/><F110/><W13/><G118/><T86/><D46/><U32/><E32/><V124/><F124/><W87/><G33/><T35/><D35/><U129/><E129/><V15/><F15/><W113/><G63/><T115/><D64/><U30/><E104/><V1/><F1/><W8/><G8/><T60/><D60/><U112/><E112/><V121/><F89/><N who="3" m="53567" /><G22/><T72/><D59/><U55/><E55/><V57/><F91/><W125/><G125/><T40/><D40/><U119/><E119/><V81/><F81/><W100/><G100/><T76/><D115/><N who="3" m="44041" /><G11/><T7/><D7/><U62/><E62/><V10/><F10/><W2/><G2/><T18/><D18/><U0/><E0/><V44/><F44/><W102/><G102/><T69/><D69/><U73/><E45/><V3/><F3/><W56/><G56/><T130/><D72/><U131/><E75/><V97/><F97/><N who="0" m="37450" /><D134/><AGARI ba="1,0" hai="29,31,50,53,57,74,79,82,121,122,123,132,134,135" machi="134" ten="50,2400,0" yaku="20,1" doraHai="80" who="2" fromWho="0" sc="172,-27,98,0,467,27,263,0" /><INIT seed="6,2,0,5,0,26" ten="145,98,494,263" oya="2" hai0="54,32,132,34,75,6,112,66,79,3,44,10,101" hai1="88,60,120,29,58,62,37,16,8,28,108,25,38" hai2="93,30,83,68,51,45,91,69,95,103,2,57,87" hai3="50,89,74,55,21,96,102,0,126,4,56,42,128"/><V52/><F2/><W13/><G74/><T9/><D101/><U124/><E108/><V27/><F69/><W117/><G117/><T20/><D66/><U46/><E120/><V14/><F14/><W90/><G0/><T135/><D75/><U73/><E124/><V116/><F68/><W106/><G126/><T121/><D79/><U39/><E73/><V12/><F12/><W111/><G111/><T1/><D44/><U76/><E76/><V133/><F133/><W104/><G104/><T22/><D54/><U97/><E46/><V64/><F116/><W65/><G128/><T94/><D94/><N who="1" m="56519" /><E62/><V118/><F118/><W129/><G129/><T49/><D49/><U15/><E39/><V17/><F103/><W123/><G123/><T71/><D71/><U24/><E38/><V11/><F11/><W109/><G109/><T86/><D86/><U19/><E37/><V85/><F17/><W84/><G4/><N who="0" m="1167" /><D121/><U59/><E59/><V92/><F64/><W5/><G65/><T72/><D72/><U134/><E134/><N who="0" m="51241" /><D112/><U41/><E41/><V122/><F122/><W80/><G42/><T33/><AGARI ba="2,0" hai="3,6,10,20,22,32,33,34" m="51241,1167" machi="33" ten="40,5200,0" yaku="20,1,34,2" doraHai="26" who="0" fromWho="0" sc="145,58,98,-15,494,-28,263,-15" /><INIT seed="7,0,0,2,3,26" ten="203,83,466,248" oya="3" hai0="123,5,99,61,128,60,131,86,134,37,97,107,40" hai1="20,129,79,42,100,96,119,28,35,85,10,19,120" hai2="83,45,18,135,74,38,24,16,111,101,89,90,32" hai3="67,59,33,64,50,110,17,108,14,87,0,21,76"/><W127/><G0/><T8/><D123/><U63/><E63/><V27/><F111/><W70/><G127/><T94/><D107/><U103/><E103/><V57/><F135/><W105/><G105/><T114/><D37/><U29/><E29/><V43/><F101/><W115/><G115/><T95/><D40/><U56/><E56/><V121/><F121/><W3/><G3/><T30/><D134/><U31/><E31/><V9/><F74/><W25/><G70/><T51/><D114/><U65/><E65/><V88/><F83/><W36/><G36/><T130/><D86/><U106/><E106/><V4/><F27/><W69/><G69/><T71/><D51/><U78/><E78/><V53/><F18/><W66/><G59/><T1/><D30/><U109/><E109/><N who="3" m="42090" /><G50/><T54/><D54/><U6/><E6/><V49/><F90/><W98/><G98/><T82/><D82/><U46/><E46/><V22/><F32/><W81/><G33/><T93/><REACH who="0" step="1"/><D71/><REACH who="0" ten="193,83,466,248" step="2"/><U124/><E124/><V11/><F11/><W68/><G68/><T15/><D15/><AGARI ba="0,1" hai="4,9,15,16,22,24,38,43,45,49,53,57,88,89" machi="15" ten="30,3900,0" yaku="7,1,54,2" doraHai="26" who="2" fromWho="0" sc="193,-39,83,0,466,49,248,0" /><AGARI ba="0,0" hai="14,15,17,21,25,64,66,67,76,81,87" m="42090" machi="15" ten="30,1500,0" yaku="10,1" doraHai="26" who="3" fromWho="0" sc="154,-15,83,0,515,0,248,15" /><INIT seed="7,1,0,4,3,16" ten="139,83,515,263" oya="3" hai0="61,26,89,128,35,91,133,2,63,127,111,64,43" hai1="1,84,41,125,11,14,99,124,86,12,20,25,50" hai2="15,5,22,51,32,79,54,40,135,113,6,115,134" hai3="94,67,48,18,96,58,117,93,77,7,33,85,95"/><W62/><G33/><T10/><D111/><U13/><E99/><V81/><F32/><W66/><G117/><T21/><D43/><U38/><E38/><V60/><F60/><W76/><G7/><T27/><D35/><U59/><E59/><V131/><F40/><W69/><G69/><T80/><D133/><N who="2" m="50698" /><F131/><W53/><G67/><T90/><D128/><U129/><E50/><V68/><F68/><W116/><G116/><T31/><D127/><N who="1" m="48715" /><E86/><N who="2" m="48447" /><F22/><W46/><G85/><T9/><D2/><U109/><E84/><V130/><F130/><W17/><G96/><T87/><D27/><U112/><E41/><V8/><F5/><W57/><G57/><AGARI ba="1,0" hai="6,8,15,51,54,57,113,115" m="48447,50698" machi="57" ten="30,1000,0" yaku="20,1" doraHai="16" who="2" fromWho="3" sc="139,0,83,0,515,13,263,-13" owari="139,-26.0,83,-42.0,528,63.0,250,5.0" /></mjloggm>