<mjloggm ver="2.3"><GO type="97" lobby="0"/><UN n0="%76%61%6E%69%6C%6C%65" n1="%6D%61%6A%6F%72%69%74%79" n2="%E3%82%A6%E3%83%AB%E3%83%88%E3%83%A9%E7%AB%8B%E7%9B%B4" n3="%E2%98%86%E7%AA%81%E6%92%83%E2%98%86" dan="14,14,15,13" rate="1944.63,1937.20,1990.94,1833.64" sx="M,M,M,M"/><TAIKYOKU oya="0"/><INIT seed="0,0,0,1,0,44" ten="250,250,250,250" oya="0" hai0="53,58,119,65,20,29,68,97,87,89,33,30,108" hai1="50,135,90,88,59,95,110,46,126,5,124,12,2" hai2="111,77,72,99,131,66,0,100,93,36,84,76,25" hai3="7,8,14,123,127,96,9,37,73,74,120,11,38"/><T62/><D119/><U31/><E2/><V48/><F36/><N who="3" m="13931" /><G96/><T54/><D108/><U105/><E110/><V101/><F0/><W10/><N who="3" m="2560" /><DORA hai="1" /><W70/><G14/><T17/><D33/><U49/><E105/><V57/><F111/><W125/><G70/><T26/><D97/><U79/><E31/><V28/><F131/><W34/><G34/><T21/><D53/><U13/><E79/><V113/><F113/><W109/><G109/><T23/><D30/><U24/><E24/><V45/><F72/><N who="3" m="27755" /><G7/><T15/><D29/><U4/><E46/><V61/><F84/><W51/><G51/><T122/><D26/><U41/><E41/><V134/><F134/><W71/><G71/><T128/><D122/><AGARI ba="0,0" hai="120,122,123,125,127" m="27755,2560,13931" machi="122" ten="50,6400,0" yaku="28,2,13,1" doraHai="44,1" who="3" fromWho="0" sc="250,-64,250,0,250,0,250,64" /><INIT seed="1,0,0,2,3,83" ten="186,250,250,314" oya="1" hai0="76,125,53,99,73,62,49,119,86,108,81,55,87" hai1="50,66,72,135,42,40,82,24,128,57,38,0,26" hai2="112,70,9,77,93,134,10,104,13,103,2,130,92" hai3="44,131,89,129,52,88,12,107,43,32,111,78,133"/><U61/><E0/><V116/><F70/><W22/><G107/><T25/><D119/><U31/><E38/><V1/><F116/><W113/><G113/><T17/><D125/><U34/><E135/><V122/><F122/><W36/><G32/><T41/><D41/><U28/><E128/><N who="3" m="49226" /><G78/><T123/><D123/><U69/><E72/><V35/><F130/><W54/><G133/><T91/><D108/><U51/><E51/><V79/><F134/><W64/><G64/><T121/><D55/><N who="3" m="21033" /><G111/><T97/><D121/><U85/><E50/><V84/><F35/><W71/><G71/><T56/><D49/><U95/><E69/><V132/><F132/><W106/><G106/><T90/><D73/><U67/><E67/><V30/><F104/><W65/><G65/><T8/><D76/><U80/><E80/><V48/><F48/><W105/><G105/><T115/><D115/><U60/><E95/><V18/><F112/><W94/><G94/><N who="0" m="54615" /><D8/><U23/><REACH who="1" step="1"/><E61/><REACH who="1" ten="186,240,250,314" step="2"/><V117/><F93/><W124/><G124/><T45/><D45/><U20/><E20/><AGARI ba="0,1" hai="17,20,25,53,56,62,81,87,91,97,99" m="54615" machi="20" ten="30,3900,0" yaku="8,1,52,2" doraHai="83" who="0" fromWho="1" sc="186,49,240,-39,250,0,314,0" /><INIT seed="2,0,0,1,5,65" ten="235,201,250,314" oya="2" hai0="43,33,4,70,20,90,99,118,8,18,96,34,88" hai1="30,82,49,98,48,47,86,81,79,31,17,24,75" hai2="10,132,131,74,66,122,115,102,26,111,60,55,116" hai3="110,93,105,35,3,83,101,64,76,130,11,21,59"/><V19/><F74/><W53/><G35/><T113/><D113/><U89/><E98/><N who="0" m="37417" /><D70/><U27/><E17/><V61/><F122/><W84/><G105/><T69/><D69/><U125/><E125/><V50/><F116/><W7/><G130/><T58/><D43/><U94/><E94/><V63/><F131/><W29/><G64/><T40/><D40/><U112/><E112/><V12/><F115/><W1/><G1/><T85/><D34/><U134/><E134/><V14/><F132/><W28/><G21/><T108/><D33/><U6/><E6/><V107/><F111/><W0/><G0/><T100/><D100/><U51/><E47/><V126/><F126/><W114/><G110/><T22/><D108/><U46/><E46/><V123/><F123/><W133/><G133/><T67/><D4/><U104/><E104/><V45/><F26/><W54/><G101/><T71/><D71/><U2/><REACH who="1" step="1"/><E2/><REACH who="1" ten="235,191,250,314" step="2"/><V117/><F117/><W120/><G93/><N who="0" m="54415" /><D118/><U80/><E80/><V41/><F102/><W124/><G120/><T52/><D67/><U32/><E32/><V77/><F107/><W15/><G124/><T103/><D103/><U73/><E73/><V135/><F135/><W78/><G3/><T39/><D39/><U62/><E62/><V128/><F128/><W5/><G5/><T57/><D18/><U119/><E119/><V23/><F66/><W109/><G114/><T36/><D36/><U127/><E127/><V72/><F60/><W121/><G7/><T56/><D8/><U13/><E13/><V106/><F14/><W95/><G109/><RYUUKYOKU ba="0,1" sc="235,-10,191,30,250,-10,314,-10" hai1="24,27,30,31,48,49,51,75,79,81,82,86,89" /><INIT seed="3,1,1,1,2,57" ten="225,221,240,304" oya="3" hai0="116,118,119,84,73,109,87,100,134,22,54,91,34" hai1="7,29,60,27,111,129,99,43,32,48,58,51,36" hai2="66,0,107,38,131,82,104,4,59,85,21,28,10" hai3="102,71,42,132,23,65,2,46,14,30,44,123,97"/><W31/><G123/><T133/><D34/><U125/><E111/><V47/><F131/><W40/><G2/><T26/><D73/><U35/><E129/><V120/><F120/><W39/><G132/><N who="0" m="50795" /><D109/><U5/><E125/><V15/><F38/><W13/><G71/><T63/><D100/><U95/><E35/><V80/><F80/><W72/><G72/><T122/><D122/><U25/><E25/><V106/><F47/><W74/><G65/><T93/><D84/><U103/><E36/><V52/><F66/><W108/><G74/><T50/><D63/><U1/><E1/><V121/><F121/><W88/><G88/><T19/><D119/><U128/><E128/><V101/><F101/><W110/><G108/><T113/><D113/><U90/><E90/><V24/><F0/><W81/><G81/><T69/><D69/><U37/><E37/><V78/><F107/><W86/><G86/><T16/><D19/><U130/><E130/><V115/><F115/><W79/><G79/><T62/><D62/><AGARI ba="1,1" hai="4,10,15,21,24,28,52,59,62,78,82,85,104,106" machi="62" ten="30,3900,0" yaku="7,1,52,1,54,1" doraHai="57" who="2" fromWho="0" sc="225,-42,221,0,240,52,304,0" owari="183,-32.0,221,-18.0,292,9.0,304,41.0" /></mjloggm>