<mjloggm ver="2.3"><GO type="169" lobby="0"/><UN n0="%E3%81%BD%E3%81%A8%E3%81%97" n1="%7A%65%72%6F%52%58" n2="%E3%83%87%E3%82%A3%E3%82%AA%E3%83%90%E3%83%B3" n3="%EF%BC%88%E2%89%A7%E2%96%BD%E2%89%A6%EF%BC%89" dan="16,16,16,19" rate="2121.77,2077.46,2023.38,2271.75" sx="F,M,M,M"/><TAIKYOKU oya="0"/><INIT seed="0,0,0,2,0,46" ten="250,250,250,250" oya="0" hai0="25,106,30,103,135,121,9,49,71,47,55,92,119" hai1="88,41,26,8,96,126,58,45,32,21,73,62,51" hai2="11,127,7,113,112,79,99,134,94,83,27,14,42" hai3="122,69,36,89,34,128,65,16,78,133,87,80,12"/><T20/><D121/><U38/><E73/><V77/><F127/><W130/><G36/><T13/><D119/><U74/><E74/><V2/><F134/><W24/><G122/><T124/><D106/><U120/><E120/><V95/><F42/><W107/><G107/><T15/><D124/><U31/><E126/><V29/><F2/><W110/><G110/><T63/><D135/><U116/><E116/><V1/><F1/><W114/><G114/><T22/><D22/><U123/><E123/><V64/><F64/><W0/><G0/><T10/><D71/><U97/><E8/><N who="0" m="3177" /><D63/><U59/><E38/><V91/><F95/><W28/><G133/><T104/><D104/><U4/><E4/><V43/><F43/><W82/><G65/><T40/><D40/><U108/><E32/><V61/><F61/><W129/><G69/><T132/><D132/><U115/><E108/><V105/><F105/><W68/><G68/><T50/><D50/><U3/><E3/><V86/><REACH who="2" step="1"/><F79/><REACH who="2" ten="250,250,240,250" step="2"/><W5/><G78/><T56/><D92/><N who="1" m="56327" /><E115/><V131/><F131/><W48/><G128/><T75/><D103/><U37/><E62/><V76/><F76/><W66/><G130/><T57/><D75/><U84/><E37/><V72/><F72/><W33/><G129/><T90/><D90/><U109/><E109/><V19/><F19/><W35/><G16/><T23/><D30/><U53/><E41/><V6/><F6/><W70/><G5/><T85/><D55/><U117/><E53/><V98/><F98/><W17/><G28/><T18/><D18/><U81/><E31/><RYUUKYOKU ba="0,1" sc="250,-10,250,-10,240,30,250,-10" hai2="7,11,14,27,29,77,83,86,91,94,99,112,113" /><INIT seed="1,1,1,5,1,107" ten="240,240,270,240" oya="1" hai0="108,31,50,83,90,97,26,49,129,69,134,109,125" hai1="56,15,95,124,91,115,61,128,14,25,135,80,4" hai2="33,113,78,123,100,35,55,48,127,21,58,86,66" hai3="32,104,73,41,45,63,98,103,20,36,46,93,0"/><U117/><E117/><V112/><F123/><W11/><G32/><T40/><D69/><U18/><E115/><N who="2" m="44107" /><F127/><W22/><G63/><T119/><D119/><U74/><E124/><V122/><F122/><W110/><G110/><T75/><D109/><U12/><E135/><V77/><F100/><W111/><G111/><T126/><D108/><U1/><E128/><V17/><F66/><W43/><G93/><T89/><D134/><U131/><E131/><V60/><F60/><W38/><REACH who="3" step="1"/><G73/><REACH who="3" ten="240,240,270,230" step="2"/><T105/><D75/><U51/><E74/><V13/><F86/><W3/><G3/><T28/><D129/><U72/><E72/><V87/><F87/><W19/><G19/><T65/><D126/><U39/><E18/><V64/><F64/><W67/><G67/><T96/><D125/><U84/><E1/><V88/><F33/><W114/><G114/><T106/><D65/><U54/><E95/><V116/><F35/><W5/><AGARI ba="1,2" hai="0,5,11,20,22,36,38,41,43,45,46,98,103,104" machi="5" ten="30,8000,1" yaku="1,1,0,1,9,1,53,2" doraHai="107" doraHaiUra="70" who="3" fromWho="3" sc="240,-21,240,-41,270,-21,230,103" /><INIT seed="2,0,0,2,1,108" ten="219,199,249,333" oya="2" hai0="127,116,92,4,100,118,54,21,135,89,10,61,107" hai1="75,129,70,25,105,98,36,97,13,0,85,49,71" hai2="19,24,50,113,57,84,60,22,86,76,31,3,87" hai3="7,35,68,124,121,94,99,62,40,65,51,63,38"/><V43/><F113/><W67/><G35/><T96/><D127/><U16/><E0/><V32/><F3/><W130/><G121/><T72/><D72/><U6/><E75/><V44/><F76/><W52/><G7/><T114/><D114/><U15/><E36/><V93/><F93/><W26/><G26/><T104/><D21/><N who="1" m="13479" /><E71/><V110/><F110/><W82/><G82/><T59/><D135/><U55/><E70/><V28/><REACH who="2" step="1"/><F32/><REACH who="2" ten="219,199,239,333" step="2"/><W74/><G94/><T33/><D33/><U12/><E105/><V126/><F126/><W58/><G124/><T119/><REACH who="0" step="1"/><D100/><REACH who="0" ten="209,199,239,333" step="2"/><U81/><E129/><V122/><F122/><W1/><G130/><T53/><D53/><AGARI ba="0,2" hai="19,22,24,28,31,43,44,50,53,57,60,84,86,87" machi="53" ten="40,7700,0" yaku="1,1,8,1,53,1" doraHai="108" doraHaiUra="47" who="2" fromWho="0" sc="209,-77,199,0,239,97,333,0" /><INIT seed="2,1,0,1,1,82" ten="132,199,336,333" oya="2" hai0="28,116,57,92,19,123,117,94,104,88,64,24,61" hai1="45,126,95,44,5,118,69,17,48,22,9,12,128" hai2="47,26,127,73,68,129,99,38,106,111,100,2,7" hai3="66,96,18,110,76,85,124,115,87,74,33,21,4"/><V25/><F127/><W14/><G33/><T77/><D123/><U134/><E118/><N who="0" m="45673" /><D104/><U71/><E126/><V32/><F26/><W58/><G124/><T65/><D19/><U133/><E128/><V102/><F102/><W56/><G110/><T55/><D77/><U91/><E71/><V59/><F59/><N who="3" m="22571" /><G74/><T49/><D94/><U30/><E30/><N who="2" m="19535" /><F129/><W40/><G115/><T42/><D42/><U70/><E70/><V53/><F53/><W13/><G66/><T80/><D80/><U132/><E48/><V131/><F131/><W75/><G75/><T72/><D49/><U84/><REACH who="1" step="1"/><E69/><REACH who="1" ten="132,189,336,333" step="2"/><V98/><F68/><W90/><G40/><T105/><D28/><U79/><E79/><V119/><F119/><W109/><G76/><T16/><D65/><U135/><N who="1" m="33792" /><DORA hai="8" /><U20/><E20/><V0/><F111/><W34/><G109/><T31/><D64/><U39/><E39/><V114/><F114/><W125/><G125/><T97/><D61/><U83/><E83/><V78/><F38/><W81/><G81/><T122/><D31/><U52/><E52/><V63/><F78/><W113/><G113/><T6/><D55/><U43/><E43/><V41/><F41/><W23/><G23/><T1/><D122/><U15/><AGARI ba="1,1" hai="5,9,12,15,17,22,44,45,84,91,95" m="33792" machi="15" ten="60,16000,3" yaku="1,1,0,1,20,1,52,3,53,4" doraHai="82,8" doraHaiUra="29,130" who="1" fromWho="1" sc="132,-41,189,173,336,-81,333,-41" /><INIT seed="3,0,0,4,0,106" ten="91,362,255,292" oya="3" hai0="51,110,0,81,33,9,92,82,8,66,76,86,116" hai1="117,89,101,20,100,126,34,63,29,54,79,14,71" hai2="80,119,52,15,88,68,135,21,61,105,90,55,2" hai3="59,73,97,120,47,35,118,84,23,108,112,111,24"/><W85/><G118/><T1/><D116/><U98/><E117/><V104/><F2/><W3/><G112/><T49/><D110/><N who="3" m="42025" /><G120/><T6/><D33/><U7/><E34/><V69/><F119/><W46/><G3/><T16/><D66/><U26/><E79/><V18/><F135/><W38/><G35/><T134/><D134/><U94/><E126/><V124/><F124/><W70/><G70/><T128/><D128/><U30/><E30/><V27/><F69/><W130/><G130/><T129/><D92/><U48/><E63/><V37/><F37/><W103/><G59/><T13/><D129/><U42/><E42/><V5/><F68/><W133/><G133/><T99/><D99/><U109/><E71/><V12/><F104/><N who="3" m="63599" /><G73/><T64/><D64/><U11/><E109/><V17/><F105/><W75/><G75/><T102/><D102/><U31/><REACH who="1" step="1"/><E29/><REACH who="1" ten="91,352,255,292" step="2"/><V83/><F61/><W45/><G38/><T123/><D123/><U107/><E107/><V58/><F5/><W22/><G22/><T28/><D28/><AGARI ba="0,1" hai="23,24,28,45,46,47,84,85" m="63599,42025" machi="28" ten="30,2900,0" yaku="14,1,10,1" doraHai="106" who="3" fromWho="0" sc="91,-29,352,0,255,0,292,39" /><INIT seed="3,1,0,2,3,53" ten="62,352,255,331" oya="3" hai0="100,125,55,57,43,10,103,81,89,97,84,16,101" hai1="91,87,23,12,96,102,61,133,20,135,59,0,77" hai2="50,1,80,73,19,32,34,15,104,131,5,85,76" hai3="3,86,120,123,116,7,127,2,39,126,68,114,94"/><W41/><G68/><T111/><D125/><N who="3" m="47625" /><G116/><T22/><D111/><U13/><E0/><V118/><F118/><W82/><G114/><T14/><D43/><U93/><E77/><V70/><F131/><W45/><G94/><T119/><D119/><U58/><E12/><V44/><F85/><W67/><G67/><T46/><D46/><U130/><E130/><V18/><F70/><W115/><G115/><T49/><REACH who="0" step="1"/><D10/><REACH who="0" ten="52,352,255,331" step="2"/><U122/><E122/><N who="3" m="46634" /><G7/><T9/><D9/><U42/><E42/><V6/><F5/><W33/><G33/><T63/><D63/><U112/><E61/><V109/><F6/><W30/><G30/><T47/><D47/><U78/><E112/><V11/><F32/><W66/><G66/><T134/><D134/><U108/><E135/><V64/><F34/><W110/><G110/><T128/><D128/><U26/><E108/><V95/><F64/><W88/><AGARI ba="1,1" hai="2,3,39,41,45,82,86,88" m="46634,47625" machi="88" ten="30,3000,0" yaku="18,1,54,1" doraHai="53" who="3" fromWho="3" sc="52,-11,352,-11,255,-11,331,43" /><INIT seed="3,2,0,2,5,32" ten="41,341,244,374" oya="3" hai0="126,127,61,10,117,101,112,132,66,44,14,35,8" hai1="104,98,110,20,16,45,41,105,109,19,95,135,11" hai2="64,31,70,97,71,52,128,62,46,40,108,55,3" hai3="42,96,121,37,57,21,75,26,99,84,43,36,33"/><W78/><G121/><T2/><D117/><U4/><E135/><V94/><F108/><N who="1" m="41577" /><E95/><V92/><F128/><W39/><G33/><T51/><D112/><U9/><E9/><V69/><F31/><W102/><G75/><T73/><D35/><U56/><E56/><N who="2" m="36935" /><F3/><W5/><G5/><T86/><D73/><U93/><E93/><V118/><F94/><W27/><G57/><T49/><D132/><U6/><E6/><V38/><F92/><W53/><G99/><T77/><D101/><N who="1" m="62519" /><E20/><V90/><F90/><W12/><G96/><T58/><D86/><U15/><E105/><V67/><F97/><W120/><G84/><T68/><D77/><U81/><E81/><V34/><F34/><W129/><G78/><T24/><D126/><U13/><E15/><V65/><F118/><W100/><G12/><T54/><D127/><U63/><E63/><V76/><F76/><W82/><G82/><T113/><D113/><U111/><N who="1" m="41585" /><U123/><DORA hai="25" /><E123/><V59/><F55/><W87/><G53/><T107/><D107/><U85/><E85/><V48/><AGARI ba="2,0" hai="38,40,46,48,52,59,65,67,69,70,71" m="36935" machi="48" ten="30,12000,2" yaku="35,5,54,1" doraHai="32,25" who="2" fromWho="2" sc="41,-32,341,-32,244,126,374,-62" /><INIT seed="4,0,0,1,1,60" ten="9,309,370,312" oya="0" hai0="42,24,50,4,74,78,29,36,86,84,17,11,76" hai1="128,46,133,66,40,54,100,81,127,112,135,21,53" hai2="63,57,118,71,51,20,49,75,101,119,33,80,132" hai3="68,18,32,65,62,92,22,99,125,105,15,38,14"/><T16/><D36/><N who="1" m="21767" /><E127/><V108/><F108/><W44/><G125/><T97/><D74/><U124/><E124/><V115/><F33/><W123/><G32/><T47/><D97/><U52/><E128/><V5/><F71/><W7/><G123/><T6/><D86/><U106/><E81/><V69/><F69/><W31/><G105/><T96/><D96/><N who="1" m="61703" /><E66/><N who="2" m="39279" /><F115/><W114/><G114/><T95/><D76/><U28/><E112/><V82/><F132/><N who="1" m="50761" /><E21/><V94/><F5/><W8/><G31/><AGARI ba="0,0" hai="28,31,52,53,54" m="50761,61703,21767" machi="31" ten="30,2000,0" yaku="20,1,54,1" doraHai="60" who="1" fromWho="3" sc="9,0,309,20,370,0,312,-20" /><INIT seed="5,0,0,3,0,85" ten="9,329,370,292" oya="1" hai0="12,34,123,2,62,84,4,58,98,90,47,38,108" hai1="68,116,57,8,67,29,107,32,21,18,64,23,89" hai2="117,1,66,88,65,95,39,61,36,45,82,54,75" hai3="129,10,79,25,76,77,73,5,15,55,26,91,124"/><U80/><E116/><V125/><F117/><W9/><G129/><T111/><D123/><U103/><E68/><V120/><F120/><W135/><G135/><T118/><D118/><U131/><E32/><V44/><F1/><W17/><G124/><T114/><D114/><U106/><E131/><V35/><F35/><W127/><G127/><T0/><D34/><U122/><E122/><V7/><F7/><W63/><G73/><T130/><D130/><U92/><E80/><V96/><F125/><W86/><G63/><T13/><D98/><N who="1" m="57615" /><E107/><V3/><F3/><W99/><G99/><T71/><D71/><U6/><E106/><V132/><F132/><W74/><G55/><T110/><D47/><N who="2" m="17994" /><F39/><W83/><REACH who="3" step="1"/><G74/><REACH who="3" ten="9,329,370,282" step="2"/><T14/><D38/><U11/><E103/><V42/><F36/><W113/><G113/><T30/><D110/><U56/><E67/><V102/><F75/><W51/><G51/><T94/><D111/><U24/><E64/><V28/><F65/><W49/><G49/><T41/><D108/><U112/><E112/><V133/><F54/><W119/><G119/><T46/><D41/><U60/><E60/><V50/><F42/><W70/><G70/><T100/><D100/><U53/><E53/><V59/><F50/><W97/><G97/><T31/><D46/><U134/><E134/><V33/><F133/><W69/><G69/><T48/><D48/><U87/><E87/><V22/><F61/><W20/><G20/><T126/><D126/><U37/><E37/><V43/><F22/><W101/><G101/><T115/><D115/><U40/><E40/><RYUUKYOKU ba="0,1" sc="9,-10,329,-10,370,-10,282,30" hai3="5,9,10,15,17,25,26,76,77,79,83,86,91" owari="-1,-50.0,319,12.0,370,47.0,312,-9.0" /></mjloggm>