<mjloggm ver="2.3"><GO type="97" lobby="0"/><UN n0="%E3%83%9B%E3%83%BC%E3%83%A0%E3%83%A9%E3%83%B3%E7%8E%8B" n1="%E8%BB%9F%E6%B0%B4" n2="%E3%82%A6%E3%83%AB%E3%83%88%E3%83%A9%E7%AB%8B%E7%9B%B4" n3="%74%6F%6F%66%75" dan="15,14,15,14" rate="1989.07,2021.68,2007.31,1922.96" sx="M,M,M,M"/><TAIKYOKU oya="0"/><INIT seed="0,0,0,5,3,83" ten="250,250,250,250" oya="0" hai0="42,81,80,22,25,103,117,18,45,129,10,111,58" hai1="101,30,3,29,41,34,115,27,78,93,98,47,69" hai2="110,48,118,11,100,2,37,119,126,35,39,67,113" hai3="8,76,52,104,75,99,112,6,50,105,116,32,87"/><T31/><D117/><N who="2" m="44554" /><F35/><W19/><G112/><T57/><D129/><U1/><E69/><V17/><F113/><W49/><G75/><T70/><D70/><U60/><E115/><V66/><F110/><W0/><G116/><T128/><D111/><U12/><E30/><V23/><F126/><W53/><G32/><T96/><D128/><U92/><E60/><V82/><F100/><W16/><G99/><T79/><D81/><U97/><E78/><V63/><F48/><W9/><G76/><T64/><D64/><N who="2" m="24618" /><F63/><W107/><G87/><T124/><D124/><U14/><E3/><V102/><F102/><W88/><G88/><T135/><D135/><U21/><E1/><V73/><F82/><W133/><G133/><T5/><D31/><U38/><REACH who="1" step="1"/><E34/><REACH who="1" ten="250,240,250,250" step="2"/><V62/><F62/><W55/><G0/><T59/><D79/><U71/><E71/><V51/><F73/><W72/><G72/><T125/><D125/><U109/><E109/><V123/><F123/><W26/><G6/><T108/><D108/><U46/><E46/><V24/><F51/><N who="3" m="19467" /><G26/><T4/><D45/><U132/><E132/><V85/><F37/><W15/><G15/><T84/><D25/><U94/><E94/><V44/><F39/><W114/><G114/><T56/><D80/><U121/><E121/><V89/><F44/><W130/><G130/><T134/><D134/><U13/><E13/><V106/><F2/><W43/><G43/><T7/><D42/><U127/><E127/><V90/><F24/><W91/><G105/><T86/><D86/><U77/><E77/><V68/><F85/><RYUUKYOKU ba="0,1" sc="250,-10,240,30,250,-10,250,-10" hai1="12,14,21,27,29,38,41,47,92,93,97,98,101" /><INIT seed="1,1,1,5,4,42" ten="240,270,240,240" oya="1" hai0="125,75,69,31,129,102,32,120,20,16,44,133,54" hai1="86,15,37,18,112,122,22,52,98,84,127,46,108" hai2="121,9,119,104,66,7,101,81,48,87,88,73,76" hai3="65,82,8,113,131,106,41,4,35,38,135,124,94"/><U58/><E122/><V79/><F119/><W68/><G94/><T3/><D120/><U27/><E112/><V28/><F121/><W83/><G83/><T59/><D75/><U109/><E127/><V1/><F66/><W62/><G82/><T103/><D125/><U60/><E98/><V13/><F1/><W126/><G62/><T80/><D3/><U23/><E37/><V57/><F73/><W132/><G65/><T33/><D69/><U99/><E99/><V2/><F2/><W56/><G56/><T70/><D70/><U93/><E93/><V105/><F105/><W45/><G8/><T50/><D129/><U134/><E134/><V40/><F104/><W47/><G41/><T55/><D133/><U39/><E39/><V128/><F128/><W71/><G4/><T85/><D33/><U67/><E67/><V89/><F28/><W19/><G35/><T61/><D31/><U96/><E96/><V111/><F111/><N who="1" m="42569" /><E46/><N who="2" m="25671" /><F101/><W117/><G38/><T97/><D97/><U51/><E60/><V21/><F57/><W77/><G106/><T5/><D5/><U14/><E14/><N who="2" m="5439" /><F89/><W95/><G131/><T11/><D32/><U116/><E116/><V114/><F114/><W91/><G117/><T74/><D74/><U26/><E26/><V118/><F118/><W63/><G113/><T49/><D61/><U72/><E72/><V110/><F110/><W30/><G126/><T10/><D103/><U90/><E90/><V24/><F24/><W25/><G124/><T107/><D102/><U115/><E115/><V100/><F100/><W6/><G135/><RYUUKYOKU ba="1,1" sc="240,-15,270,15,240,15,240,-15" hai1="15,18,22,23,27,51,52,58,84,86" hai2="13,21,76,79,81,87,88" /><INIT seed="1,2,1,3,0,40" ten="225,285,255,225" oya="1" hai0="91,22,90,28,119,98,128,4,46,122,104,85,92" hai1="134,132,1,106,123,72,133,53,48,10,57,61,124" hai2="32,110,51,35,101,45,43,126,127,2,129,0,44" hai3="95,54,12,78,3,20,41,105,65,58,118,115,27"/><U130/><E72/><V107/><F110/><W135/><G105/><T15/><D119/><U70/><E106/><V50/><F107/><W38/><G3/><T74/><D74/><U14/><E1/><V34/><F101/><W112/><G65/><T59/><D128/><U111/><E130/><V5/><F129/><W9/><G78/><T82/><D104/><U62/><E123/><V47/><F5/><W114/><G95/><T30/><D122/><U100/><E100/><V108/><F108/><W69/><G69/><T29/><D59/><U64/><E111/><V77/><F77/><W79/><G79/><T52/><D4/><U37/><E37/><V19/><F19/><W7/><G118/><T131/><D131/><U109/><E109/><V87/><F87/><W25/><G135/><T6/><D6/><U55/><E14/><V80/><F80/><W31/><G27/><N who="0" m="16503" /><D15/><U18/><E18/><V96/><F96/><W16/><G7/><T8/><D8/><U60/><E10/><V21/><F21/><W94/><G114/><T23/><D23/><U83/><E83/><V42/><F0/><W63/><G94/><T39/><D39/><U84/><E84/><V76/><F76/><W99/><G99/><T93/><D92/><U33/><E33/><V88/><F88/><W71/><G71/><T121/><D121/><U26/><E26/><V125/><F2/><W120/><G120/><T97/><D97/><U102/><E102/><V13/><F13/><W86/><G86/><T103/><D103/><U89/><E89/><V11/><F11/><W68/><G68/><RYUUKYOKU ba="2,1" sc="225,10,285,-30,255,10,225,10" hai0="29,30,46,52,82,85,90,91,93,98" hai2="32,34,35,42,43,44,45,47,50,51,125,126,127" hai3="9,12,16,20,25,31,38,41,54,58,63,112,115" /><INIT seed="2,3,1,5,0,61" ten="235,255,265,235" oya="2" hai0="129,74,28,84,27,92,13,77,99,53,8,34,43" hai1="66,75,29,15,21,94,123,134,51,10,107,133,26" hai2="73,104,72,55,3,97,118,42,108,40,25,71,91" hai3="68,19,130,20,63,48,70,83,113,16,0,87,60"/><V88/><F3/><W132/><G0/><T96/><D74/><U38/><E107/><V79/><F71/><W11/><G130/><T32/><D32/><U126/><E38/><V44/><F118/><W49/><G132/><N who="1" m="50794" /><E75/><V121/><F121/><W52/><G113/><T80/><D129/><U81/><E123/><V12/><F108/><W90/><G68/><T67/><D43/><N who="2" m="16426" /><F104/><W110/><G110/><T98/><D53/><U57/><E126/><V115/><F73/><W93/><G49/><T86/><D86/><U125/><E125/><V45/><F72/><W59/><G70/><T50/><D50/><U9/><E81/><V128/><F128/><W114/><G114/><T76/><D76/><U89/><E51/><N who="2" m="29159" /><F115/><W33/><G33/><T22/><D34/><U65/><E57/><V5/><F79/><W36/><G36/><T124/><D124/><U37/><E37/><V30/><F45/><W122/><G83/><T100/><D67/><N who="1" m="25611" /><E15/><V17/><F97/><AGARI ba="3,1" hai="9,10,21,26,29,89,94,97" m="25611,50794" machi="97" ten="30,7700,0" yaku="20,1,52,3" doraHai="61" who="1" fromWho="2" sc="235,0,255,96,265,-86,235,0" /><INIT seed="3,0,0,2,0,2" ten="235,351,179,235" oya="3" hai0="62,75,130,89,77,24,10,126,39,68,14,129,84" hai1="65,128,29,22,133,82,119,116,6,54,7,3,121" hai2="124,106,66,53,9,81,55,91,61,101,79,123,94" hai3="28,93,25,4,26,78,32,1,109,108,20,112,11"/><W122/><G78/><T5/><D39/><U43/><E121/><V135/><F124/><W102/><G122/><T111/><D126/><U31/><E43/><V35/><F135/><W57/><G57/><T17/><D75/><U92/><E133/><V98/><F123/><W56/><G56/><T97/><D77/><U134/><E134/><V42/><F42/><W103/><G112/><T38/><D38/><U41/><E41/><V127/><F35/><W104/><G104/><T64/><D97/><U59/><E65/><V52/><F127/><W88/><G103/><T70/><D111/><N who="3" m="42569" /><G102/><T74/><D74/><U48/><E128/><N who="0" m="49257" /><D24/><N who="1" m="16535" /><E3/><V110/><F110/><W13/><G26/><T71/><D17/><U21/><E82/><AGARI ba="0,0" hai="5,10,14,62,64,68,70,71,82,84,89" m="49257" machi="82" ten="30,2000,0" yaku="19,1,52,1" doraHai="2" who="0" fromWho="1" sc="235,20,351,-20,179,0,235,0" owari="255,6.0,331,42.0,179,-32.0,235,-16.0" /></mjloggm>