<mjloggm ver="2.3"><GO type="97" lobby="0"/><UN n0="%E3%82%A6%E3%83%AB%E3%83%88%E3%83%A9%E7%AB%8B%E7%9B%B4" n1="%4F%48%4D%59%2E%47%4F%54" n2="%E7%84%94%E6%9C%88" n3="%E3%82%84%E3%82%93%E3%82%84%E3%82%93" dan="15,13,14,15" rate="2068.37,1845.96,1921.55,1988.05" sx="M,M,M,M"/><TAIKYOKU oya="0"/><INIT seed="0,0,0,3,5,8" ten="250,250,250,250" oya="0" hai0="41,126,97,68,98,119,18,92,112,5,73,128,69" hai1="71,123,122,95,103,32,27,101,57,21,15,37,116" hai2="61,132,78,74,62,76,16,34,114,80,134,44,33" hai3="67,56,64,43,1,117,14,0,46,52,86,17,45"/><T84/><D73/><U36/><E116/><V19/><F114/><W87/><G117/><T77/><D119/><U121/><E71/><V7/><F7/><W11/><G0/><T30/><D69/><U110/><E110/><V81/><F44/><N who="3" m="17003" /><G1/><T9/><D68/><U85/><E32/><V133/><F133/><W6/><G43/><T120/><D41/><U130/><E130/><V55/><F55/><W75/><G75/><AGARI ba="0,0" hai="16,19,33,34,61,62,74,75,76,78,80,81,132,134" machi="75" ten="25,3200,0" yaku="22,2,54,1" doraHai="8" who="2" fromWho="3" sc="250,0,250,0,250,32,250,-32" /><INIT seed="1,0,0,1,0,128" ten="250,250,282,218" oya="1" hai0="46,42,21,86,82,22,43,114,63,26,99,109,110" hai1="13,31,112,76,80,133,59,123,53,29,7,119,40" hai2="20,55,65,73,16,15,66,3,129,108,107,126,87" hai3="44,57,24,92,58,102,34,72,67,105,118,88,4"/><U90/><E123/><V94/><F129/><W134/><G118/><T101/><D114/><U83/><E119/><V117/><F117/><W62/><G72/><T37/><D63/><U78/><E112/><V50/><F107/><W28/><G4/><T68/><D68/><U79/><E40/><V95/><F73/><W115/><G115/><T85/><D43/><U100/><E100/><V6/><F108/><N who="0" m="41578" /><D26/><U96/><E133/><V60/><F126/><W127/><G127/><T23/><D82/><U54/><E7/><V27/><F27/><W81/><G81/><N who="1" m="31306" /><E13/><V9/><F60/><W36/><G134/><T39/><D39/><U93/><E54/><V111/><F95/><AGARI ba="0,0" hai="21,22,23,37,42,46,85,86,95,99,101" m="41578" machi="95" ten="30,1000,0" yaku="14,1" doraHai="128" who="0" fromWho="2" sc="250,10,250,0,282,-10,218,0" /><INIT seed="2,0,0,5,4,25" ten="260,250,272,218" oya="2" hai0="101,33,78,107,12,44,8,77,104,14,60,50,34" hai1="114,68,22,121,74,123,98,26,36,108,42,11,126" hai2="4,0,63,115,45,61,91,28,27,80,124,110,2" hai3="122,86,94,13,65,73,56,129,51,118,35,43,52"/><V59/><F115/><W48/><G122/><T81/><D60/><U76/><E68/><V58/><F124/><W92/><G118/><T88/><D101/><U127/><E114/><V85/><F45/><W62/><G73/><T135/><D135/><U109/><E98/><V39/><F39/><W57/><G129/><T70/><D70/><U66/><E66/><V7/><F110/><N who="1" m="42601" /><E76/><V23/><F2/><W5/><G35/><T84/><D107/><U10/><E74/><V49/><F49/><W82/><G43/><T117/><D104/><U64/><E64/><V128/><F128/><W112/><G112/><T103/><D103/><U106/><E106/><V29/><F0/><W75/><G75/><T1/><D117/><U100/><E100/><V24/><F61/><W132/><G132/><T30/><D34/><U3/><E42/><V119/><F119/><W99/><G99/><T113/><D113/><U17/><E36/><V47/><F47/><W131/><G131/><T71/><D71/><U53/><E53/><N who="2" m="34255" /><F59/><W19/><G5/><T69/><D69/><U67/><E67/><V95/><F95/><W72/><G72/><T46/><D46/><U134/><E134/><V83/><F83/><W102/><G102/><T87/><D50/><U105/><E105/><V38/><F38/><W54/><G62/><T6/><D44/><U37/><E37/><V111/><F111/><W9/><G65/><T55/><D55/><U89/><E89/><AGARI ba="0,0" hai="9,13,19,48,51,52,54,56,57,82,86,89,92,94" machi="89" ten="30,7700,0" yaku="7,1,9,1,8,1,54,1" doraHai="25" who="3" fromWho="1" sc="260,0,250,-77,272,0,218,77" /><INIT seed="3,0,0,0,5,65" ten="260,173,272,295" oya="3" hai0="102,87,32,77,97,62,7,104,17,74,113,11,30" hai1="114,75,49,16,124,40,83,64,89,107,38,8,86" hai2="46,22,14,130,19,100,39,66,5,3,88,117,27" hai3="18,25,72,106,61,20,84,99,24,103,45,52,90"/><W101/><G72/><T57/><D113/><U31/><E114/><V48/><F117/><W13/><G101/><T120/><D120/><U78/><E107/><V43/><F100/><W63/><G63/><T112/><D112/><U53/><E124/><V108/><F108/><W92/><G61/><T118/><D17/><U2/><E64/><V79/><F66/><W33/><G33/><T91/><D118/><U54/><E31/><V67/><F67/><W96/><G96/><T4/><D4/><U132/><E132/><V115/><F115/><W0/><G0/><T21/><D32/><U105/><E105/><V73/><F130/><W56/><G56/><T127/><D127/><U6/><E49/><V35/><F35/><W34/><REACH who="3" step="1"/><G34/><REACH who="3" ten="260,173,272,285" step="2"/><T55/><D102/><U47/><REACH who="1" step="1"/><E16/><REACH who="1" ten="260,163,272,285" step="2"/><V135/><F19/><W98/><G98/><T10/><D97/><U1/><E1/><V85/><F3/><W110/><G110/><T93/><D104/><U123/><E123/><V42/><F135/><W82/><G82/><AGARI ba="0,2" hai="2,6,8,38,40,47,53,54,75,78,82,83,86,89" machi="82" ten="30,7700,0" yaku="1,1,7,1,25,2,53,0" doraHai="65" doraHaiUra="128" who="1" fromWho="3" sc="260,0,163,97,272,0,285,-77" /><INIT seed="4,0,0,1,0,20" ten="260,260,272,208" oya="0" hai0="76,124,28,90,88,133,123,98,36,15,113,54,7" hai1="30,114,127,67,62,6,25,128,51,38,29,131,55" hai2="99,11,14,119,74,129,17,46,116,27,109,134,71" hai3="83,35,111,112,13,125,126,10,22,87,132,85,42"/><T70/><D123/><U21/><E38/><V56/><F109/><W65/><G111/><T84/><D70/><U105/><E105/><V16/><F71/><W64/><G35/><T117/><D117/><N who="2" m="45130" /><F74/><W60/><G112/><T66/><D66/><U49/><E114/><V93/><F129/><N who="1" m="49737" /><E6/><V9/><F134/><W45/><G132/><T68/><D68/><N who="1" m="42103" /><E127/><N who="3" m="48650" /><G22/><T63/><D36/><U110/><E110/><V0/><F46/><W57/><G64/><T81/><D113/><U102/><E102/><N who="2" m="60783" /><F56/><W59/><G59/><N who="0" m="35319" /><D133/><U48/><E30/><V69/><F69/><W43/><G83/><T73/><D28/><U92/><E92/><V107/><F107/><W72/><G72/><T96/><D73/><U34/><E34/><V91/><F0/><W1/><G1/><T33/><D33/><U75/><E75/><V40/><F40/><N who="3" m="15403" /><G45/><AGARI ba="0,0" hai="21,25,29,45,48,49,51,55" m="42103,49737" machi="45" ten="30,2000,0" yaku="19,1,52,1" doraHai="20" who="1" fromWho="3" sc="260,0,260,20,272,0,208,-20" /><INIT seed="5,0,0,4,1,116" ten="260,280,272,188" oya="1" hai0="125,7,34,123,5,47,84,75,2,43,128,126,103" hai1="85,104,87,112,94,129,17,79,64,122,118,114,78" hai2="111,124,0,48,92,38,8,73,16,21,35,32,10" hai3="90,29,37,77,52,4,98,74,89,131,54,132,49"/><U31/><E118/><V51/><F38/><W11/><G37/><N who="0" m="21999" /><D34/><U60/><E104/><V18/><F111/><W25/><G132/><T33/><D33/><U86/><E31/><V24/><F73/><W133/><G133/><T50/><D75/><U81/><E17/><V13/><F124/><N who="0" m="47722" /><D103/><U68/><E129/><V69/><F92/><W135/><G131/><T19/><D19/><U57/><E122/><V95/><F95/><W76/><G135/><T91/><D128/><U127/><E68/><V41/><F41/><W67/><G67/><T27/><D27/><U117/><E117/><V110/><F110/><W14/><G54/><T39/><D39/><U45/><E127/><V65/><F65/><W42/><G42/><T109/><D109/><U70/><E70/><V108/><F108/><W120/><G120/><T26/><D26/><U88/><E45/><V82/><F69/><W96/><G96/><T107/><D107/><U80/><AGARI ba="0,0" hai="57,60,64,78,79,80,81,85,86,87,88,94,112,114" machi="80" ten="30,6000,0" yaku="0,1,9,1,54,1" doraHai="116" who="1" fromWho="1" sc="260,-20,280,60,272,-20,188,-20" owari="240,-16.0,340,44.0,252,5.0,168,-33.0" /></mjloggm>