<mjloggm ver="2.3"><GO type="41" lobby="0"/><UN n0="%E3%82%B8%E3%83%A3%E3%82%A4%E3%82%A2%E3%83%B3%E3%83%88" n1="%E6%AD%AF%E3%82%92%E9%A3%9F%E3%81%84%E3%81%97%E3%81%B0%E3%82%8C" n2="%E9%A2%A8%E3%81%AE%E4%BA%BA" n3="%E3%82%A6%E3%83%AB%E3%83%88%E3%83%A9%E7%AB%8B%E7%9B%B4" dan="14,16,13,16" rate="2061.28,2032.05,1816.29,2061.06" sx="M,M,M,M"/><TAIKYOKU oya="0"/><INIT seed="0,0,0,4,1,85" ten="250,250,250,250" oya="0" hai0="34,0,58,91,80,59,128,103,17,26,69,24,68" hai1="76,29,124,49,13,36,63,93,123,114,32,96,122" hai2="3,86,61,135,15,2,48,28,102,30,40,116,79" hai3="118,70,45,97,101,95,55,66,19,108,27,33,120"/><T127/><D0/><U47/><E36/><V109/><F102/><W44/><G118/><T92/><D128/><U112/><E76/><V71/><F116/><W129/><G108/><T113/><D113/><N who="1" m="43627" /><E124/><V60/><F71/><W67/><G129/><T126/><D69/><U90/><E63/><V9/><F135/><W18/><G120/><T106/><D68/><U133/><E133/><V65/><F65/><W53/><G33/><T78/><D26/><N who="1" m="18487" /><E13/><V41/><F109/><W50/><G27/><T6/><D6/><U131/><E131/><V56/><F56/><W100/><G70/><T31/><D103/><U16/><E16/><N who="3" m="6186" /><G101/><T43/><D17/><U46/><E46/><V52/><F9/><W73/><G73/><N who="0" m="43087" /><D43/><AGARI ba="0,0" hai="43,47,49,90,93,96,122,123" m="18487,43627" machi="43" ten="30,2000,0" yaku="11,1,52,1" doraHai="85" who="1" fromWho="0" sc="250,-20,250,20,250,0,250,0" /><INIT seed="1,0,0,1,5,59" ten="230,270,250,250" oya="1" hai0="128,132,130,60,81,8,108,129,47,110,104,55,26" hai1="83,112,50,88,97,15,75,126,66,34,29,13,101" hai2="74,43,92,131,117,35,40,25,109,10,123,121,77" hai3="72,107,94,63,102,84,54,23,119,51,125,16,103"/><U19/><E112/><V24/><F109/><N who="0" m="42090" /><D104/><U11/><E126/><V48/><F117/><W33/><G72/><T106/><D106/><U44/><E66/><V116/><F116/><W122/><G33/><T99/><D99/><U18/><E34/><V56/><F131/><W70/><G107/><T90/><D132/><U21/><E29/><V32/><F92/><W111/><G122/><T114/><D114/><U37/><E37/><V82/><F10/><W17/><G17/><T12/><D26/><U36/><E36/><V98/><F98/><W76/><G125/><T20/><D20/><U5/><E75/><V53/><F24/><W27/><G119/><T124/><D124/><U127/><E127/><V118/><F118/><W41/><G111/><T14/><D8/><U52/><E5/><V2/><F2/><W7/><G7/><T87/><D47/><U68/><E68/><V78/><F78/><W113/><G113/><T73/><D73/><U22/><E11/><V62/><F25/><W30/><G30/><T9/><D9/><U79/><E101/><V133/><F133/><W95/><G70/><T69/><D55/><U0/><E0/><V31/><F31/><W42/><G102/><T89/><D90/><U85/><E97/><V61/><F35/><W96/><G76/><AGARI ba="0,0" hai="13,15,18,19,21,22,44,50,52,76,79,83,85,88" machi="76" ten="40,12000,1" yaku="9,1,8,1,54,2" doraHai="59" who="1" fromWho="3" sc="230,0,270,120,250,0,250,-120" /><INIT seed="1,1,0,4,3,72" ten="230,390,250,130" oya="1" hai0="7,69,63,78,68,85,93,34,108,104,92,49,81" hai1="48,3,76,62,46,107,52,64,100,128,25,15,10" hai2="115,86,74,11,95,87,55,8,29,134,129,41,120" hai3="60,2,97,99,42,79,133,105,83,20,40,70,17"/><U6/><E128/><V59/><F120/><W31/><G2/><T111/><D104/><U32/><E3/><V119/><F74/><W110/><G110/><N who="0" m="42027" /><D34/><U21/><E32/><V36/><F119/><W38/><G133/><T116/><D116/><U0/><E0/><V127/><F134/><W13/><G31/><T56/><D7/><U26/><E76/><V33/><F129/><W23/><G38/><T80/><D49/><U125/><E125/><V18/><F127/><W90/><G70/><N who="0" m="27243" /><D81/><U1/><E1/><V35/><F36/><W130/><G130/><T28/><D28/><U5/><E5/><V124/><F41/><W53/><G105/><T30/><D30/><U98/><REACH who="1" step="1"/><E21/><REACH who="1" ten="230,380,250,130" step="2"/><V91/><F124/><W58/><G23/><T122/><D122/><U84/><E84/><V96/><F35/><W71/><G71/><AGARI ba="1,1" hai="6,10,15,25,26,46,48,52,62,64,71,98,100,107" machi="71" ten="30,5800,0" yaku="1,1,7,1,54,1,53,0" doraHai="72" doraHaiUra="39" who="1" fromWho="3" sc="230,0,380,71,250,0,130,-61" /><INIT seed="1,2,0,0,4,99" ten="230,451,250,69" oya="1" hai0="54,43,95,122,6,69,107,64,125,119,5,0,84" hai1="118,7,1,94,120,2,16,49,39,14,19,25,82" hai2="103,3,116,128,102,115,24,65,45,9,62,77,18" hai3="92,47,90,133,134,74,127,117,61,124,88,21,26"/><U41/><E118/><V93/><F116/><W36/><G74/><T32/><D119/><U38/><E120/><V8/><F93/><W87/><G117/><T96/><D125/><N who="3" m="48201" /><G47/><T68/><D32/><U40/><E82/><V105/><F105/><W98/><G61/><T111/><D111/><U75/><E75/><V55/><F77/><W85/><G36/><T101/><D43/><U44/><E94/><V79/><F79/><W23/><G26/><T22/><D68/><U106/><E106/><V123/><F123/><W63/><G63/><T11/><D64/><U110/><E110/><V66/><F3/><W35/><G35/><T31/><D69/><U108/><E108/><V132/><F132/><N who="3" m="50795" /><G23/><T121/><D22/><U91/><E39/><V104/><F104/><W76/><G21/><T131/><D107/><U80/><E38/><V52/><F24/><W78/><G87/><T20/><D84/><U112/><E44/><V109/><F109/><W37/><G37/><T60/><D20/><U114/><E41/><V51/><F115/><W48/><G48/><T15/><D60/><U67/><E40/><V56/><F128/><W34/><G34/><T13/><D131/><U42/><E49/><V29/><F29/><W33/><G33/><T83/><D31/><U129/><E42/><V73/><F73/><W71/><G71/><T57/><D122/><U28/><E114/><V113/><F113/><W46/><G46/><T97/><D121/><U72/><E112/><V89/><F18/><W130/><G130/><T59/><D6/><U135/><E129/><V30/><F30/><RYUUKYOKU ba="2,0" sc="230,-10,451,-10,250,-10,69,30" hai3="76,78,85,88,90,92,98" /><INIT seed="2,3,0,5,0,76" ten="220,441,240,99" oya="2" hai0="20,8,100,21,82,40,131,126,115,11,135,122,83" hai1="53,55,54,110,0,84,70,7,3,134,75,101,81" hai2="17,2,96,52,109,121,63,6,14,105,74,111,73" hai3="16,116,79,86,123,44,24,37,60,10,58,33,29"/><V41/><F121/><W129/><G123/><T34/><D122/><U102/><E75/><V97/><F41/><W77/><G116/><T78/><D78/><U125/><E70/><V27/><F2/><W1/><G129/><T50/><D115/><U90/><E110/><N who="2" m="41995" /><F27/><W15/><G44/><T112/><D34/><U80/><E125/><V59/><F6/><W48/><G37/><T95/><D112/><U42/><E134/><V32/><F32/><W66/><G48/><T127/><D135/><U117/><E117/><V124/><F124/><N who="0" m="47658" /><D131/><U98/><E42/><V119/><F119/><W62/><G86/><T45/><D21/><U12/><E80/><N who="0" m="30761" /><D20/><U57/><E57/><V130/><F130/><W56/><REACH who="3" step="1"/><G1/><REACH who="3" ten="220,441,240,89" step="2"/><T65/><D65/><AGARI ba="3,1" hai="10,15,16,24,29,33,56,58,60,62,65,66,77,79" machi="65" ten="30,8000,1" yaku="1,1,2,1,7,1,9,1,54,1,53,0" doraHai="76" doraHaiUra="39" who="3" fromWho="0" sc="220,-89,441,0,240,0,89,99" /><INIT seed="3,0,0,2,5,4" ten="131,441,240,188" oya="3" hai0="22,47,38,2,96,122,131,10,58,81,6,109,102" hai1="71,132,21,129,114,82,72,31,19,15,88,106,40" hai2="50,93,66,29,115,25,98,20,135,68,0,43,33" hai3="83,120,117,123,89,26,126,104,39,13,77,37,99"/><W48/><G117/><T74/><D109/><U32/><E114/><V86/><F115/><W30/><G126/><T18/><D131/><U125/><E106/><V64/><F0/><W90/><G90/><T95/><D122/><U113/><E113/><V130/><F130/><W65/><G48/><T46/><D58/><U91/><E129/><V103/><F135/><W57/><G39/><T118/><D118/><U14/><E71/><V124/><F124/><W52/><G37/><T11/><D22/><U97/><E125/><V42/><F86/><W49/><G65/><N who="2" m="25193" /><F33/><W111/><G111/><T78/><REACH who="0" step="1"/><D38/><REACH who="0" ten="121,441,240,188" step="2"/><U63/><E21/><V55/><F68/><W133/><G123/><T134/><D134/><U44/><E32/><V35/><F35/><W61/><G120/><T110/><D110/><U1/><E132/><V85/><F85/><W121/><G121/><T54/><D54/><U9/><E72/><V7/><F7/><W23/><G133/><T67/><D67/><U119/><E119/><V34/><F34/><W28/><G61/><T75/><D75/><U24/><E63/><V112/><F112/><W76/><G30/><T105/><D105/><U51/><E31/><V8/><F8/><W73/><G73/><T17/><D17/><U84/><E19/><V36/><F36/><W16/><G104/><T108/><D108/><U80/><E84/><V70/><F70/><W100/><G28/><T5/><D5/><U60/><E60/><V3/><F3/><W87/><G26/><T45/><D45/><AGARI ba="0,1" hai="20,25,29,42,43,45,50,55,93,98,103" m="25193" machi="45" ten="30,1000,0" yaku="8,1" doraHai="4" who="2" fromWho="0" sc="121,-10,441,0,240,20,188,0" /><INIT seed="4,0,0,1,0,22" ten="111,441,260,188" oya="0" hai0="34,61,17,0,47,56,123,111,49,60,86,134,121" hai1="118,35,129,93,115,83,21,90,96,11,99,124,63" hai2="7,127,92,46,128,68,54,69,27,6,39,15,88" hai3="108,113,55,119,110,30,102,98,9,1,80,58,48"/><T41/><D0/><U26/><E118/><V76/><F128/><W57/><G119/><T32/><D134/><U18/><E35/><V106/><F106/><W120/><G113/><T13/><D111/><U29/><E129/><V14/><F127/><W135/><G135/><T51/><D123/><U109/><E109/><V82/><F39/><W112/><G112/><T114/><D114/><U116/><E116/><V70/><F46/><W78/><G120/><T117/><D117/><U101/><E115/><V75/><F54/><W79/><G79/><T64/><D121/><U38/><E38/><V53/><F53/><W71/><G71/><T28/><D28/><U74/><E124/><V133/><F133/><W33/><G58/><T2/><D2/><U24/><E63/><V31/><F6/><W10/><G1/><T16/><D17/><U20/><E11/><V12/><F7/><W81/><G10/><T52/><D86/><U5/><E5/><V8/><F8/><W89/><G9/><T103/><D103/><U62/><E62/><V4/><F4/><W84/><G30/><T130/><D130/><U97/><E74/><V65/><F65/><W42/><G33/><T95/><D95/><N who="1" m="58623" /><E83/><V44/><F44/><W19/><G19/><T132/><D132/><U50/><E50/><N who="0" m="18953" /><D61/><U104/><E104/><V40/><F40/><W105/><G42/><T45/><D64/><U73/><E73/><AGARI ba="0,0" hai="48,55,57,73,78,80,81,84,89,98,102,105,108,110" machi="73" ten="30,1000,0" yaku="7,1" doraHai="22" who="3" fromWho="1" sc="111,0,441,-10,260,0,188,10" /><INIT seed="5,0,0,1,2,104" ten="111,431,260,198" oya="1" hai0="77,75,135,101,98,33,103,90,60,95,132,65,9" hai1="111,37,19,58,13,22,68,55,73,124,23,116,125" hai2="131,74,108,45,118,120,79,35,54,10,47,7,34" hai3="40,64,123,49,89,94,20,113,87,119,110,17,59"/><U114/><E116/><V106/><F118/><W38/><G119/><T4/><D33/><U41/><E68/><V30/><F120/><W107/><G107/><T27/><D27/><U56/><E114/><V44/><F106/><W83/><G123/><T0/><D135/><U70/><E70/><V112/><F108/><W12/><G110/><T6/><D132/><U28/><E111/><V42/><F112/><W16/><G113/><T18/><D6/><U51/><E73/><V2/><F131/><W134/><G134/><T21/><D21/><U50/><E37/><N who="2" m="21583" /><F54/><W81/><G38/><T93/><D18/><U105/><E105/><V117/><F117/><W39/><G39/><T130/><D130/><U71/><E71/><V32/><F30/><W1/><G1/><T122/><D122/><U3/><E3/><V43/><F43/><W96/><G40/><T91/><D77/><U133/><E133/><V100/><F100/><W109/><G109/><T66/><D66/><U129/><E129/><V29/><F29/><W62/><G49/><T121/><D121/><U15/><E28/><V102/><F102/><W88/><G17/><T14/><D0/><U63/><E41/><V127/><F127/><N who="1" m="48713" /><E58/><V5/><F5/><W25/><G25/><T67/><D67/><U85/><E85/><V36/><F36/><W8/><G8/><T115/><D115/><U24/><E24/><V126/><F126/><W11/><G11/><T57/><D75/><U82/><E13/><V72/><F72/><W84/><G84/><AGARI ba="0,0" hai="4,9,14,57,60,65,84,90,91,93,95,98,101,103" machi="84" ten="30,2000,0" yaku="7,1,8,1" doraHai="104" who="0" fromWho="3" sc="111,20,431,0,260,0,198,-20" /><INIT seed="6,0,0,4,0,60" ten="131,431,260,178" oya="2" hai0="87,118,102,119,3,76,10,103,48,81,115,98,117" hai1="93,88,51,116,22,108,100,70,36,11,37,38,12" hai2="30,1,8,53,21,52,80,90,14,127,50,62,67" hai3="78,131,105,39,84,20,69,134,7,72,65,104,57"/><V125/><F1/><W9/><G131/><T0/><D10/><U66/><E108/><V73/><F73/><W16/><G134/><T56/><D115/><U15/><E116/><V111/><F111/><W71/><G39/><T101/><D98/><U86/><E100/><V85/><F30/><W92/><G72/><T95/><D95/><U132/><E132/><V42/><F21/><W94/><G69/><T28/><D28/><U120/><E120/><V59/><F42/><W129/><G71/><T124/><D124/><U99/><E99/><V58/><REACH who="2" step="1"/><F53/><AGARI ba="0,0" hai="0,3,48,53,56,76,81,87,101,102,103,117,118,119" machi="53" ten="50,1600,0" yaku="12,1" doraHai="60" who="0" fromWho="2" sc="131,16,431,0,260,-16,178,0" /><INIT seed="7,0,0,5,3,23" ten="147,431,244,178" oya="3" hai0="30,32,19,132,88,106,127,39,92,113,53,62,110" hai1="10,79,57,100,119,107,68,22,81,114,52,102,11" hai2="45,70,125,115,90,72,95,0,77,71,61,63,26" hai3="130,73,36,44,98,133,80,47,123,84,8,24,97"/><W129/><G73/><T93/><D110/><U109/><E109/><V51/><F0/><W128/><G123/><T131/><D106/><U86/><E68/><V87/><F115/><W103/><G36/><T18/><D39/><U58/><E107/><V117/><F117/><W1/><G1/><T101/><D132/><U69/><E69/><V31/><F125/><W34/><G8/><N who="1" m="3114" /><E114/><V37/><F37/><W7/><G7/><T104/><D104/><U54/><E22/><V4/><F4/><W121/><G121/><T96/><D127/><U29/><E29/><V60/><F77/><W56/><G56/><N who="1" m="21610" /><E119/><V91/><F72/><W20/><G34/><T120/><D131/><U55/><AGARI ba="0,0" hai="52,54,55,79,81,86,100,102" m="21610,3114" machi="55" ten="30,2000,0" yaku="8,1,54,1" doraHai="23" who="1" fromWho="1" sc="147,-5,431,20,244,-5,178,-10" owari="142,-36.0,451,55.0,239,4.0,168,-23.0" /></mjloggm>