<mjloggm ver="2.3"><GO type="225" lobby="0"/><UN n0="%4E%4F%42%55%53%48%49" n1="%E3%82%A6%E3%83%AB%E3%83%88%E3%83%A9%E7%AB%8B%E7%9B%B4" n2="%E3%83%9E%E3%83%88%E3%83%AA%E3%83%83%E3%82%AF%E3%82%B9" n3="%69%73%61%6B%75%79%61" dan="16,16,16,17" rate="2101.10,2034.08,2072.09,2131.09" sx="M,M,M,M"/><TAIKYOKU oya="0"/><INIT seed="0,0,0,3,5,67" ten="250,250,250,250" oya="0" hai0="106,33,2,83,50,55,87,84,135,92,31,25,41" hai1="114,68,122,118,66,77,51,39,103,30,24,86,10" hai2="72,43,46,70,40,113,48,4,117,108,47,85,100" hai3="93,63,73,23,75,110,64,134,89,20,101,9,80"/><T94/><D106/><U78/><E39/><V60/><F72/><W18/><G101/><T38/><D2/><U112/><E51/><V15/><F113/><W35/><G35/><T133/><D41/><U105/><E10/><V90/><F117/><W91/><G110/><T115/><D38/><U58/><E58/><V88/><F108/><W0/><G134/><N who="0" m="51211" /><D115/><U104/><E122/><V11/><F100/><W98/><G23/><T74/><D74/><U6/><E6/><V17/><F70/><W42/><G42/><T97/><D97/><U54/><E105/><V119/><F119/><W127/><G127/><T26/><D26/><U1/><E1/><V49/><F60/><W123/><G123/><T71/><D71/><U109/><E118/><V65/><F65/><W5/><G89/><N who="0" m="51359" /><D87/><U3/><E86/><V13/><F85/><W102/><G102/><T16/><D16/><U45/><E103/><V59/><F59/><AGARI ba="0,0" hai="25,31,33,50,55,59,92,94" m="51359,51211" machi="59" ten="30,1500,0" yaku="20,1" doraHai="67" who="0" fromWho="2" sc="250,15,250,0,250,-15,250,0" /><INIT seed="0,1,0,3,2,126" ten="265,250,235,250" oya="0" hai0="124,42,51,22,34,84,27,47,75,132,62,35,32" hai1="17,13,12,134,80,10,37,96,122,41,131,64,94" hai2="73,111,45,92,135,6,107,63,82,57,97,54,81" hai3="103,91,15,25,74,105,87,89,7,72,120,115,5"/><T108/><D75/><U48/><E37/><V4/><F107/><W67/><G115/><T19/><D124/><U26/><E122/><V38/><F135/><W14/><G67/><T50/><D132/><U70/><E64/><V104/><F104/><W130/><G105/><T44/><D62/><U33/><E70/><V1/><F111/><W101/><G87/><T88/><D108/><U83/><E33/><V8/><F6/><W36/><G36/><T0/><D0/><U40/><E26/><V86/><F73/><W113/><G25/><T119/><D119/><U29/><E29/><V65/><F38/><W93/><G113/><T23/><D23/><U133/><E48/><V100/><F45/><W43/><G93/><T46/><REACH who="0" step="1"/><D42/><REACH who="0" ten="255,250,235,250" step="2"/><U77/><E41/><V127/><F127/><W39/><G43/><T60/><D60/><U112/><E40/><V59/><F65/><W11/><G39/><T9/><D9/><U79/><E112/><V78/><F63/><W102/><G120/><T20/><D20/><U31/><E10/><V55/><F55/><W98/><G11/><T114/><D114/><U53/><E53/><V69/><F54/><W99/><REACH who="3" step="1"/><G103/><REACH who="3" ten="255,250,235,240" step="2"/><T90/><D90/><U116/><E134/><V128/><F69/><W49/><G49/><T56/><D56/><U3/><E133/><V121/><F121/><W2/><G2/><T16/><D16/><U123/><E17/><V24/><F59/><W66/><G66/><T129/><D129/><AGARI ba="1,2" hai="5,7,14,15,72,74,89,91,98,99,101,102,129,130" machi="129" ten="25,8000,1" yaku="1,1,22,2,52,2,53,0" doraHai="126" doraHaiUra="118" who="3" fromWho="0" sc="255,-83,250,0,235,0,240,103" /><INIT seed="1,0,0,1,3,17" ten="172,250,235,343" oya="1" hai0="135,21,37,6,16,24,9,83,28,129,65,75,15" hai1="3,11,60,39,52,104,30,122,90,79,59,36,67" hai2="97,66,127,119,19,80,86,25,10,113,116,49,108" hai3="63,61,94,48,99,55,12,114,47,93,31,81,82"/><U73/><E104/><V134/><F113/><W54/><G31/><T125/><D37/><U71/><E122/><V62/><F127/><W89/><G114/><T58/><D125/><U112/><E112/><V102/><F134/><W115/><G115/><T45/><D135/><U43/><E79/><V72/><F72/><W78/><G94/><T128/><D45/><U50/><E73/><V91/><F108/><W92/><G92/><T121/><D121/><U76/><E76/><V101/><F116/><W95/><G95/><T100/><D100/><U105/><E105/><V133/><F119/><W56/><G63/><N who="0" m="38135" /><D83/><U20/><E90/><V34/><F133/><W57/><G57/><T8/><D75/><U118/><E118/><V4/><F97/><W85/><G81/><T23/><D6/><U0/><E11/><V53/><F34/><W27/><G82/><T130/><AGARI ba="0,0" hai="8,9,15,16,21,23,24,28,128,129,130" m="38135" machi="130" ten="30,7900,0" yaku="19,1,52,2,54,1" doraHai="17" who="0" fromWho="0" sc="172,79,250,-39,235,-20,343,-20" /><INIT seed="2,0,0,3,1,20" ten="251,211,215,323" oya="2" hai0="117,25,55,113,88,37,38,122,43,76,82,86,2" hai1="56,68,103,4,104,30,18,123,40,32,65,73,60" hai2="41,29,93,52,11,23,132,85,89,94,119,17,72" hai3="96,59,42,114,81,75,27,111,3,36,46,74,16"/><V106/><F106/><W115/><G111/><T102/><D2/><U48/><E73/><V26/><F72/><W47/><G3/><T10/><D113/><U67/><E123/><V21/><F119/><W100/><G46/><T116/><D122/><U70/><E18/><V124/><F132/><W61/><G81/><T50/><D102/><U19/><E19/><V110/><F110/><W77/><G77/><T71/><D71/><U90/><E90/><V130/><F130/><W58/><G58/><T125/><D125/><U127/><E4/><V131/><F131/><W57/><G57/><N who="0" m="33015" /><D43/><U0/><E0/><V54/><F124/><W35/><G96/><T99/><D10/><U31/><E31/><V14/><F41/><W109/><G100/><T49/><D49/><U98/><E127/><V15/><F94/><W87/><G109/><T34/><D99/><U13/><E13/><V7/><AGARI ba="0,0" hai="7,11,14,15,17,21,23,26,29,52,54,85,89,93" machi="7" ten="20,12000,1" yaku="0,1,7,1,8,1,52,1,54,1" doraHai="20" who="2" fromWho="2" sc="251,-40,211,-40,215,120,323,-40" /><INIT seed="2,1,0,4,2,54" ten="211,171,335,283" oya="2" hai0="22,82,117,126,9,10,52,96,60,38,109,23,24" hai1="97,16,132,71,74,37,129,92,103,15,12,57,77" hai2="21,122,44,80,55,93,46,125,29,35,78,49,17" hai3="4,13,59,72,41,18,31,100,50,119,106,118,94"/><V32/><F122/><W0/><G72/><T5/><D38/><U42/><E71/><V25/><F125/><W56/><G106/><T66/><D126/><U101/><E42/><V130/><F130/><W91/><G100/><T111/><D117/><U104/><E37/><V27/><F93/><W64/><G31/><T51/><D82/><U43/><E43/><V33/><REACH who="2" step="1"/><F44/><REACH who="2" ten="211,171,325,283" step="2"/><N who="3" m="25871" /><G119/><T76/><D111/><U26/><E92/><V2/><F2/><W73/><G0/><T116/><D109/><U34/><E104/><V36/><F36/><W20/><G118/><T108/><D116/><U39/><E39/><V105/><F105/><W63/><G73/><AGARI ba="1,1" hai="17,21,25,27,29,32,33,35,46,49,55,73,78,80" machi="73" ten="30,2900,0" yaku="1,1,7,1,53,0" doraHai="54" doraHaiUra="53" who="2" fromWho="3" sc="211,0,171,0,325,42,283,-32" /><INIT seed="2,2,0,5,0,39" ten="211,171,367,251" oya="2" hai0="41,18,23,31,134,95,123,24,89,133,94,29,108" hai1="119,20,66,91,109,22,90,104,45,111,33,88,99" hai2="38,79,86,2,113,40,43,30,1,25,116,17,74" hai3="12,118,98,65,124,57,97,72,135,32,36,78,27"/><V115/><F74/><W68/><G118/><T9/><D123/><U77/><E33/><V83/><F116/><W50/><G36/><T53/><D108/><N who="1" m="41547" /><E119/><V16/><F38/><W103/><G12/><T7/><D41/><U102/><E66/><V46/><F46/><W52/><G78/><T3/><D53/><U129/><E129/><V93/><F93/><W13/><G72/><T60/><D60/><U73/><E45/><V71/><F71/><W55/><G55/><T54/><D54/><U14/><E14/><V63/><F63/><W35/><G13/><T120/><D120/><U42/><E42/><V125/><F125/><W44/><G124/><T76/><D76/><U59/><E59/><V105/><F105/><W117/><G44/><T37/><D37/><U56/><E56/><V82/><F79/><W106/><G65/><T84/><REACH who="0" step="1"/><D95/><REACH who="0" ten="201,171,367,251" step="2"/><U87/><E73/><V64/><F64/><W80/><G52/><T126/><D126/><U132/><E132/><AGARI ba="2,1" hai="3,7,9,18,23,24,29,31,84,89,94,132,133,134" machi="132" ten="40,8000,1" yaku="1,1,20,1,53,2" doraHai="39" doraHaiUra="26" who="0" fromWho="1" sc="201,96,171,-86,367,0,251,0" /><INIT seed="3,0,0,3,1,80" ten="297,85,367,251" oya="3" hai0="51,105,127,59,102,114,11,47,2,16,132,73,48" hai1="106,55,103,3,23,37,120,30,122,85,8,81,89" hai2="26,93,58,79,57,128,66,33,29,74,116,113,28" hai3="62,96,41,52,24,121,21,82,126,125,112,39,17"/><W117/><G112/><T43/><D73/><U111/><E37/><V131/><F113/><W91/><G121/><T38/><D114/><U42/><E42/><V134/><F116/><W109/><G117/><T34/><D34/><U14/><E3/><V13/><F134/><W118/><G118/><T71/><D71/><U54/><E111/><V95/><F74/><W76/><G109/><T67/><D132/><U15/><E120/><V78/><F13/><W5/><G5/><T94/><D105/><U75/><E122/><V98/><F66/><W86/><G41/><T123/><D123/><U6/><E75/><V20/><F33/><W12/><G39/><T35/><D35/><U10/><E103/><V25/><F20/><W61/><G12/><N who="0" m="7199" /><D2/><U65/><E106/><V108/><F98/><W88/><G62/><N who="0" m="38367" /><D127/><N who="3" m="48649" /><G96/><N who="0" m="59671" /><D38/><U68/><E68/><V130/><F128/><W32/><G32/><T63/><D51/><U133/><E133/><V92/><F92/><W19/><G17/><T87/><D63/><U72/><E72/><V119/><F119/><W49/><G61/><T4/><D4/><U56/><E65/><V104/><F108/><W0/><G0/><T129/><D129/><U40/><E40/><V31/><F31/><W101/><G101/><T84/><AGARI ba="0,0" hai="43,47,48,84,87" m="59671,38367,7199" machi="84" ten="30,7900,0" yaku="8,1,52,2,54,1" doraHai="80" who="0" fromWho="0" sc="297,79,85,-20,367,-20,251,-39" owari="376,47.0,65,-43.0,347,15.0,212,-19.0" /></mjloggm>