<mjloggm ver="2.3"><GO type="97" lobby="0"/><UN n0="%E3%82%A6%E3%83%AB%E3%83%88%E3%83%A9%E7%AB%8B%E7%9B%B4" n1="%E3%83%A9%E3%82%A6%E3%83%88%E3%82%AB" n2="%E7%B4%85%E3%81%84%E7%9E%B3%E3%81%AE%E6%AD%A6%E4%B8%B8" n3="%E5%B0%8E%E5%B8%AB%E5%B9%BB" dan="15,13,15,14" rate="1972.82,1921.51,1951.53,2005.78" sx="M,M,M,F"/><TAIKYOKU oya="0"/><INIT seed="0,0,0,3,2,94" ten="250,250,250,250" oya="0" hai0="46,88,103,96,121,114,2,124,49,12,23,86,4" hai1="123,129,66,37,112,72,52,67,41,127,11,54,1" hai2="7,117,64,85,19,22,44,110,101,81,134,17,70" hai3="90,73,120,6,80,130,98,60,50,83,119,113,3"/><T128/><D121/><U78/><E123/><V25/><F110/><W39/><G39/><T42/><D114/><U71/><E112/><V105/><F7/><W53/><G113/><T32/><D32/><U62/><E1/><V40/><F134/><W18/><G119/><T95/><D124/><U91/><E11/><V69/><F117/><W79/><G120/><T133/><D128/><U102/><E91/><V82/><F82/><W8/><G130/><T84/><D133/><U132/><E129/><V5/><F5/><W15/><G60/><T47/><D2/><U104/><E132/><V16/><F64/><W43/><G43/><T13/><D4/><U28/><E28/><V115/><F115/><W21/><G83/><T87/><D47/><U33/><E33/><V100/><F70/><W107/><G90/><T38/><D38/><U55/><E62/><V76/><F69/><W74/><G107/><T63/><D63/><U0/><E71/><V59/><F59/><W36/><G36/><T14/><REACH who="0" step="1"/><D23/><REACH who="0" ten="240,250,250,250" step="2"/><U45/><E127/><V51/><REACH who="2" step="1"/><F105/><AGARI ba="0,1" hai="12,13,14,42,46,49,84,86,87,88,95,96,103,105" machi="105" ten="40,12000,1" yaku="1,1,2,1,52,1,54,1,53,0" doraHai="94" doraHaiUra="131" who="0" fromWho="2" sc="240,130,250,0,250,-120,250,0" /><INIT seed="0,1,0,2,2,13" ten="370,250,130,250" oya="0" hai0="97,57,91,33,53,78,59,80,27,87,134,124,111" hai1="19,106,47,10,64,82,48,39,102,135,28,93,9" hai2="12,75,130,107,127,72,3,32,17,95,69,88,126" hai3="114,99,94,98,60,131,63,104,77,65,62,101,8"/><T115/><D115/><U74/><E106/><V117/><F69/><W116/><G116/><T67/><D124/><N who="2" m="47658" /><F107/><W40/><G114/><T120/><D120/><U66/><E39/><V112/><F112/><W52/><G77/><T35/><D134/><U24/><E135/><V50/><F32/><W122/><G122/><T129/><D129/><U109/><E10/><N who="2" m="6295" /><F130/><W125/><G131/><T108/><D67/><U31/><E31/><V118/><F3/><W23/><G8/><T42/><D35/><U86/><E74/><N who="2" m="28203" /><F50/><W81/><G125/><T132/><D132/><U14/><E102/><V70/><F70/><W15/><G63/><T123/><D33/><U7/><E93/><V49/><F49/><W34/><G62/><T133/><D133/><U37/><E37/><V16/><F16/><N who="3" m="10655" /><G34/><T76/><D123/><U121/><E121/><V90/><F90/><W0/><G0/><T43/><D78/><N who="1" m="46423" /><E7/><V73/><N who="2" m="28211" /><V84/><AGARI ba="1,0" hai="84,88,95,117,118" m="28211,6295,47658" machi="84" ten="50,8000,1" yaku="4,1,18,1,52,1,54,1" doraHai="13" who="2" fromWho="2" sc="370,-41,250,-21,130,83,250,-21" /><INIT seed="1,0,0,2,2,17" ten="329,229,213,229" oya="1" hai0="63,61,105,53,98,107,45,102,23,94,88,112,90" hai1="74,103,10,121,36,55,93,44,108,7,129,21,30" hai2="128,95,70,120,31,6,58,46,57,28,18,76,35" hai3="71,86,41,22,126,4,109,77,11,80,33,37,125"/><U119/><E119/><V99/><F120/><W135/><G71/><T52/><D112/><U106/><E121/><V62/><F76/><W3/><G33/><T24/><D105/><U2/><E106/><V48/><F6/><W42/><G109/><T73/><D73/><U114/><E114/><V68/><F58/><W13/><G135/><T134/><D134/><U111/><E129/><V75/><F75/><W56/><G56/><N who="0" m="34951" /><D107/><U16/><E30/><V101/><F128/><W8/><G37/><T124/><D124/><N who="3" m="47721" /><G22/><T54/><D54/><U117/><E117/><V97/><F35/><W79/><G79/><T89/><D63/><U39/><E74/><V14/><F97/><W1/><G1/><T100/><D100/><U20/><E55/><N who="2" m="30103" /><F68/><W0/><G0/><T29/><D53/><U50/><E50/><V87/><F87/><W116/><G116/><T59/><D59/><U82/><E82/><V84/><F84/><W85/><G85/><T131/><D131/><U9/><E44/><AGARI ba="0,0" hai="23,24,29,44,45,88,89,90,94,98,102" m="34951" machi="44" ten="30,7700,0" yaku="8,1,52,1,54,2" doraHai="17" who="0" fromWho="1" sc="329,77,229,-77,213,0,229,0" /><INIT seed="2,0,0,0,0,38" ten="406,152,213,229" oya="2" hai0="89,64,0,3,11,53,130,52,19,86,124,35,115" hai1="37,34,98,14,111,105,43,97,82,69,119,114,32" hai2="99,62,110,22,129,59,44,26,106,29,2,112,78" hai3="122,84,93,95,133,56,108,116,83,134,71,57,73"/><V8/><F112/><W132/><G116/><T100/><D35/><U117/><E14/><V102/><F78/><N who="3" m="46199" /><G73/><T23/><D100/><U42/><E114/><V109/><F129/><W128/><G71/><T39/><D39/><U127/><E82/><V41/><F8/><W87/><G128/><T7/><D3/><U54/><E54/><V60/><F2/><W15/><G122/><T91/><D124/><U68/><E37/><N who="2" m="21551" /><F59/><N who="3" m="22603" /><G108/><AGARI ba="0,0" hai="22,26,29,60,62,99,102,106,108,109,110" m="21551" machi="108" ten="30,5800,0" yaku="14,1,10,1,52,1" doraHai="38" who="2" fromWho="3" sc="406,0,152,0,213,58,229,-58" /><INIT seed="2,1,0,4,0,44" ten="406,152,271,171" oya="2" hai0="79,30,13,49,38,91,116,103,31,66,127,3,101" hai1="117,96,92,47,81,88,0,85,68,33,51,118,126" hai2="12,22,76,2,57,121,45,36,99,77,28,84,120" hai3="8,52,72,90,106,133,9,123,18,50,119,16,111"/><V113/><F2/><W21/><G106/><T54/><D38/><U24/><E68/><V40/><F113/><W27/><G119/><T15/><D127/><U17/><E126/><V80/><F76/><W109/><G123/><T131/><D3/><U73/><E0/><V107/><F57/><N who="3" m="32919" /><G72/><T104/><D131/><U23/><E73/><V112/><F112/><W62/><G62/><T11/><D79/><U130/><E33/><V69/><F69/><W10/><G133/><T74/><D66/><U124/><E130/><V56/><F56/><W32/><G32/><T37/><D37/><U78/><REACH who="1" step="1"/><E124/><REACH who="1" ten="406,142,271,171" step="2"/><V41/><F120/><W53/><G111/><T94/><D74/><U70/><E70/><V55/><F121/><W89/><G109/><T93/><D116/><U128/><E128/><V4/><F36/><W67/><G67/><T100/><D104/><U20/><E20/><V114/><F22/><N who="3" m="13767" /><G53/><AGARI ba="1,1" hai="17,23,24,47,51,53,78,81,85,88,92,96,117,118" machi="53" ten="30,8000,1" yaku="1,1,7,1,52,1,54,1,53,1" doraHai="44" doraHaiUra="82" who="1" fromWho="3" sc="406,0,142,93,271,0,171,-83" /><INIT seed="3,0,0,2,1,118" ten="406,235,271,88" oya="3" hai0="104,89,19,119,117,30,124,22,15,121,122,47,40" hai1="48,31,67,56,127,123,106,91,50,114,37,35,99" hai2="128,125,28,8,92,83,52,5,55,134,133,69,73" hai3="43,1,3,54,77,96,23,108,78,103,14,42,79"/><W39/><G39/><T81/><D104/><U65/><E37/><V20/><F69/><W102/><G108/><T132/><D89/><U131/><E114/><V112/><F112/><W129/><G129/><T62/><D81/><U76/><E76/><N who="2" m="44431" /><F128/><W46/><G1/><T75/><D62/><U9/><E131/><V90/><F125/><W64/><G64/><T60/><D60/><U27/><E127/><V74/><F74/><W7/><G3/><T12/><D75/><U66/><E9/><V126/><F126/><W107/><G103/><T80/><D80/><U70/><E91/><V32/><F32/><W105/><G105/><T86/><D86/><U72/><E72/><V101/><F101/><W61/><G7/><T120/><D47/><U29/><E29/><V63/><F63/><W57/><REACH who="3" step="1"/><G46/><REACH who="3" ten="406,235,271,78" step="2"/><T87/><D124/><U2/><E2/><V17/><F5/><W116/><G116/><T16/><D119/><U6/><E6/><V85/><F133/><W18/><AGARI ba="0,1" hai="14,18,23,42,43,54,57,61,77,78,79,96,102,107" machi="18" ten="30,3000,0" yaku="1,1,0,1,53,0" doraHai="118" doraHaiUra="113" who="3" fromWho="3" sc="406,-10,235,-10,271,-10,78,40" /><INIT seed="3,1,0,3,1,58" ten="396,225,261,118" oya="3" hai0="3,103,19,113,111,49,73,115,114,98,5,31,85" hai1="110,11,105,118,29,48,108,120,119,25,82,89,88" hai2="123,26,80,28,106,129,67,109,65,50,1,54,59" hai3="132,93,100,60,43,51,96,122,24,17,84,15,133"/><W44/><G122/><T40/><D73/><U126/><E105/><V101/><F109/><N who="1" m="42089" /><E120/><V131/><F123/><W37/><G24/><T39/><D39/><U52/><E11/><V91/><F1/><W90/><G37/><T92/><D111/><U27/><E126/><V77/><F91/><N who="1" m="34889" /><E82/><V13/><F13/><W74/><G74/><T116/><D31/><U71/><E71/><V32/><F101/><W55/><G43/><T16/><D85/><U38/><E38/><V2/><F106/><W10/><REACH who="3" step="1"/><G60/><REACH who="3" ten="396,225,261,108" step="2"/><T35/><D116/><N who="1" m="44587" /><E29/><V83/><F28/><W127/><G127/><T95/><D35/><U66/><E66/><V7/><F32/><W14/><G14/><T87/><D40/><U68/><E68/><V94/><F65/><W69/><G69/><T53/><D49/><U99/><E99/><V0/><F67/><W75/><G75/><T102/><D53/><U121/><E121/><V86/><F54/><W79/><G79/><T46/><D98/><U72/><E72/><V4/><F77/><W78/><G78/><T130/><D114/><U62/><E62/><V21/><F50/><W104/><AGARI ba="1,1" hai="10,15,17,44,51,55,84,90,93,96,100,104,132,133" machi="104" ten="30,6000,0" yaku="1,1,0,1,53,1" doraHai="58" doraHaiUra="42" who="3" fromWho="3" sc="396,-21,225,-21,261,-21,108,73" /><INIT seed="3,2,0,3,3,107" ten="375,204,240,181" oya="3" hai0="37,13,17,45,20,86,71,115,26,133,112,104,0" hai1="134,36,108,10,24,99,66,84,7,83,58,33,74" hai2="123,16,63,89,114,62,132,38,87,11,27,88,54" hai3="101,3,21,76,69,122,121,1,43,8,41,135,34"/><W55/><G69/><T90/><D104/><U116/><E36/><V65/><F114/><N who="0" m="43562" /><D0/><U70/><E70/><V125/><F38/><W102/><G34/><T85/><D133/><U97/><E134/><V94/><F132/><W75/><G135/><T103/><D103/><U22/><E33/><V64/><F125/><W18/><G55/><T47/><D71/><U92/><E92/><N who="2" m="54303" /><F123/><W30/><G30/><T40/><D47/><U23/><E23/><N who="2" m="13799" /><F11/><W110/><G110/><T56/><D56/><U126/><E126/><V32/><F32/><W113/><G113/><T28/><D90/><N who="1" m="51487" /><E74/><V57/><F63/><W12/><G1/><T98/><D98/><AGARI ba="2,0" hai="54,57,62,64,65,89,94,98" m="13799,54303" machi="98" ten="30,7700,0" yaku="25,1,8,1,54,2" doraHai="107" who="2" fromWho="0" sc="375,-83,204,0,240,83,181,0" owari="292,9.0,204,-20.0,323,43.0,181,-32.0" /></mjloggm>