<mjloggm ver="2.3"><GO type="97" lobby="0"/><UN n0="%E3%81%AE%E3%81%81" n1="%6E%61%67%6F%63%68%69" n2="%E3%82%A6%E3%83%AB%E3%83%88%E3%83%A9%E7%AB%8B%E7%9B%B4" n3="%E4%B8%80%E4%B8%80%E4%B8%80" dan="13,15,15,13" rate="1925.20,1961.09,2012.68,1842.00" sx="M,M,M,M"/><TAIKYOKU oya="0"/><INIT seed="0,0,0,2,5,14" ten="250,250,250,250" oya="0" hai0="92,37,12,135,90,94,38,25,129,71,105,56,100" hai1="131,86,20,8,16,119,88,123,104,74,3,93,130" hai2="111,42,59,132,87,21,55,133,109,4,89,116,134" hai3="128,79,82,107,32,65,60,11,0,18,77,57,95"/><T72/><D129/><N who="1" m="49163" /><E119/><V2/><F4/><W30/><G128/><T52/><D72/><U13/><E74/><V73/><F2/><W53/><G107/><T66/><D71/><U1/><E123/><V54/><F73/><W45/><G32/><T15/><D66/><U33/><E33/><V121/><F121/><W103/><G30/><T10/><D105/><U112/><E112/><V68/><F68/><W106/><G106/><T118/><D118/><U98/><E20/><V97/><F97/><N who="3" m="59839" /><G0/><N who="1" m="74" /><E104/><V24/><F42/><W75/><G75/><T61/><D135/><N who="2" m="34562" /><V127/><DORA hai="44" /><F127/><W63/><G82/><T19/><D25/><U69/><E69/><V7/><F7/><W46/><G65/><T99/><REACH who="0" step="1"/><D15/><REACH who="0" ten="240,250,250,250" step="2"/><U126/><E126/><V23/><F116/><W84/><G63/><T27/><D27/><U22/><E8/><V47/><F21/><W117/><G117/><T120/><D120/><U122/><E122/><V36/><F23/><W50/><G60/><T43/><D43/><U26/><E13/><V34/><F24/><W17/><G79/><T101/><D101/><U35/><E35/><V62/><F34/><W51/><G77/><T64/><D64/><U91/><E91/><V124/><F124/><W125/><G125/><T31/><D31/><U83/><E26/><V115/><F115/><W70/><G70/><T81/><D81/><U96/><E83/><N who="2" m="49407" /><F55/><W78/><G78/><T39/><D39/><U102/><E102/><V5/><F54/><W114/><G53/><T110/><D110/><U76/><E76/><V108/><F111/><W40/><G114/><RYUUKYOKU ba="0,1" sc="240,15,250,15,250,-15,250,-15" hai0="10,12,19,37,38,52,56,61,90,92,94,99,100" hai1="16,22,86,88,93,96,98" /><INIT seed="0,1,1,3,5,77" ten="255,265,235,235" oya="0" hai0="113,42,63,19,11,101,6,52,24,17,0,88,126" hai1="67,90,106,95,58,5,91,72,130,75,110,51,37" hai2="1,43,16,108,8,55,119,54,68,38,111,34,79" hai3="39,41,92,46,83,104,112,128,33,22,94,26,97"/><T45/><D113/><U99/><E106/><V76/><F34/><W132/><G112/><T40/><D126/><U78/><E37/><V10/><F68/><W25/><G132/><T3/><D101/><U102/><E5/><V98/><F119/><W12/><G128/><T85/><D42/><U57/><E130/><V48/><F98/><W115/><G115/><T96/><D96/><U118/><E118/><V61/><F1/><W70/><G70/><T84/><D84/><U73/><E78/><V2/><F2/><W135/><G135/><T4/><D24/><U80/><E110/><N who="2" m="42027" /><F38/><W124/><G124/><T13/><D19/><U66/><E72/><V32/><F32/><W82/><G12/><T69/><D69/><U116/><E73/><V56/><F43/><W133/><G133/><T47/><D3/><U122/><E75/><V29/><F29/><W117/><G117/><T28/><D28/><U64/><E116/><V20/><F79/><W107/><G107/><T49/><D0/><U87/><E122/><V7/><F76/><W125/><G125/><T21/><D21/><U121/><E121/><V36/><F36/><W127/><G127/><T103/><D103/><U71/><E71/><V114/><F7/><W15/><G104/><T23/><D23/><U134/><E134/><V131/><F131/><W9/><G33/><T105/><D63/><N who="1" m="37999" /><E102/><V44/><F114/><W93/><G97/><T62/><D62/><U123/><E123/><V86/><F86/><W31/><G26/><AGARI ba="1,1" hai="8,10,16,20,26,44,48,54,55,56,61" m="42027" machi="26" ten="30,2000,0" yaku="14,1,54,1" doraHai="77" who="2" fromWho="3" sc="255,0,265,0,235,33,235,-23" /><INIT seed="1,0,0,4,5,118" ten="255,265,268,212" oya="1" hai0="27,123,61,51,67,19,7,79,1,128,82,110,57" hai1="84,92,77,73,133,102,97,135,81,42,45,122,47" hai2="22,107,60,101,9,8,46,44,89,26,105,88,2" hai3="59,14,38,24,0,106,15,40,33,68,66,50,80"/><U109/><E109/><V85/><F101/><W43/><G106/><T5/><D128/><U76/><E76/><V129/><F129/><W132/><G132/><N who="1" m="50762" /><E122/><V131/><F131/><W13/><G0/><T103/><D1/><U93/><E93/><V48/><F105/><W36/><G80/><T126/><D110/><U12/><E12/><V90/><F107/><W62/><G24/><T127/><D103/><U117/><E117/><V99/><F60/><W31/><G31/><T98/><D98/><U113/><E113/><V6/><F99/><W54/><G33/><T21/><D51/><N who="1" m="27063" /><E47/><V25/><F9/><W18/><G43/><T75/><REACH who="0" step="1"/><D123/><REACH who="0" ten="245,265,268,212" step="2"/><U20/><E20/><V100/><F100/><W63/><REACH who="3" step="1"/><G18/><REACH who="3" ten="245,265,268,202" step="2"/><T119/><D119/><U86/><AGARI ba="0,2" hai="73,77,81,84,86,92,97,102" m="27063,50762" machi="86" ten="30,1500,0" yaku="20,1" doraHai="118" who="1" fromWho="1" sc="245,-5,265,35,268,-5,202,-5" /><INIT seed="1,1,0,3,3,57" ten="240,300,263,197" oya="1" hai0="30,73,50,24,78,60,29,126,123,51,90,80,114" hai1="74,116,33,9,59,13,133,31,44,135,46,64,100" hai2="22,106,111,55,92,69,127,134,1,132,102,95,96" hai3="81,41,86,47,115,65,37,40,18,49,67,118,120"/><U23/><E116/><V6/><F6/><W0/><G118/><T128/><D114/><U110/><E33/><V122/><F1/><W85/><G115/><T99/><D126/><U39/><E74/><V43/><F43/><W97/><G120/><T105/><D128/><U121/><E121/><V68/><F122/><W52/><G0/><T125/><D125/><U25/><E100/><V63/><F22/><W34/><G34/><T109/><D29/><U94/><E94/><N who="2" m="35883" /><F111/><W56/><G97/><T103/><D109/><U84/><E84/><V72/><F72/><W42/><G18/><T108/><D108/><U35/><E35/><V10/><F10/><W113/><G113/><T107/><D107/><U14/><E110/><V2/><F2/><W16/><G86/><T82/><D82/><U91/><E91/><V77/><F77/><W15/><G37/><T104/><D90/><U36/><E36/><V26/><F26/><W54/><G54/><T21/><D105/><U11/><E11/><V20/><F20/><N who="3" m="11295" /><G47/><N who="1" m="17962" /><E9/><V58/><F127/><W93/><G81/><T66/><D123/><U12/><E39/><V117/><F117/><W3/><G3/><T131/><D131/><U8/><E8/><V130/><F130/><W83/><G93/><T124/><D124/><U27/><E25/><V75/><F75/><W5/><G5/><T70/><AGARI ba="1,0" hai="21,24,30,50,51,60,66,70,73,78,80,99,103,104" machi="70" ten="20,2700,0" yaku="0,1,7,1,52,1" doraHai="57" who="0" fromWho="0" sc="240,30,300,-14,263,-8,197,-8" /><INIT seed="2,0,0,1,2,13" ten="270,286,255,189" oya="2" hai0="16,39,46,35,122,0,64,121,103,83,71,118,89" hai1="28,84,126,68,81,5,23,10,2,129,100,80,36" hai2="67,62,53,90,22,33,50,25,105,6,111,101,109" hai3="134,94,127,104,66,17,58,107,1,4,135,70,9"/><V34/><F6/><W43/><G43/><T97/><D35/><U32/><E32/><V65/><F101/><W61/><G127/><T110/><D0/><U132/><E36/><V26/><F105/><W8/><G94/><T133/><D133/><U123/><E68/><V59/><F90/><W56/><G56/><T44/><D118/><U86/><E132/><N who="3" m="50730" /><G70/><T115/><D115/><U82/><E129/><V52/><F26/><W55/><G55/><N who="2" m="21065" /><F50/><W88/><G88/><T31/><D31/><U96/><E126/><V99/><F99/><W60/><G60/><T24/><D110/><N who="2" m="41994" /><F67/><W41/><G41/><T114/><D114/><U91/><E91/><V75/><F75/><W87/><G87/><T113/><D113/><U125/><E125/><V12/><F12/><AGARI ba="0,0" hai="1,4,8,9,12,17,58,61,66,104,107" m="50730" machi="12" ten="30,2000,0" yaku="20,1,52,1" doraHai="13" who="3" fromWho="2" sc="270,0,286,0,255,-20,189,20" /><INIT seed="3,0,0,3,1,99" ten="270,286,235,209" oya="3" hai0="65,110,9,88,46,51,120,127,85,35,42,95,73" hai1="86,92,70,118,58,83,2,56,26,80,107,106,24" hai2="124,39,94,93,64,37,11,90,97,4,77,25,15" hai3="91,125,68,132,34,74,129,98,115,112,116,20,62"/><W8/><G74/><T128/><D120/><U55/><E70/><V84/><F124/><W135/><G116/><T28/><D73/><U96/><E2/><V122/><F122/><W81/><G34/><T12/><D127/><U43/><E43/><V111/><F111/><W3/><G125/><T63/><D110/><U32/><E118/><V22/><F64/><W1/><G129/><T113/><D113/><U23/><E32/><V104/><F104/><W101/><G20/><T14/><D128/><U45/><E45/><V75/><F75/><W54/><G81/><T31/><D35/><U87/><E96/><V33/><F33/><W29/><G29/><T102/><D14/><U134/><E92/><V44/><F44/><W130/><G130/><T59/><D102/><U5/><E23/><V105/><F105/><N who="3" m="63671" /><G91/><T18/><AGARI ba="0,0" hai="9,12,18,28,31,42,46,51,59,63,65,85,88,95" machi="18" ten="20,5200,0" yaku="0,1,7,1,8,1,54,1" doraHai="99" who="0" fromWho="0" sc="270,52,286,-13,235,-13,209,-26" owari="322,43.0,273,7.0,222,-18.0,183,-32.0" /></mjloggm>