<mjloggm ver="2.3"><GO type="169" lobby="0"/><UN n0="%E3%82%A6%E3%83%AB%E3%83%88%E3%83%A9%E7%AB%8B%E7%9B%B4" n1="%E5%A0%80%E3%82%B9%E3%82%B9%E3%83%A0" n2="%4D%49%40%34%32%38" n3="%E3%83%A6%E3%83%BC%E3%82%B9%E3%83%AC%E3%82%B9" dan="17,16,16,17" rate="2060.99,2025.75,2113.81,2138.38" sx="M,M,M,M"/><TAIKYOKU oya="0"/><INIT seed="0,0,0,5,3,65" ten="250,250,250,250" oya="0" hai0="76,111,15,73,30,1,47,42,120,49,117,41,9" hai1="53,8,69,85,124,99,96,82,7,134,110,77,88" hai2="81,37,70,109,93,101,67,23,64,66,6,55,135" hai3="25,2,28,97,45,100,33,122,34,10,78,17,114"/><T133/><D120/><U125/><E110/><V19/><F37/><W127/><G122/><T95/><D117/><U129/><E129/><V94/><F109/><W98/><G114/><T61/><D111/><U113/><E113/><V20/><F135/><W119/><G119/><T18/><D133/><U108/><E108/><V87/><F6/><W11/><G78/><T123/><D123/><U13/><E134/><V132/><F132/><W46/><G127/><N who="1" m="48714" /><E69/><V29/><F70/><W116/><G116/><T118/><D118/><U89/><E53/><V27/><F55/><W90/><G34/><T35/><D1/><U74/><E89/><N who="2" m="51439" /><F101/><W0/><G0/><T112/><D112/><U3/><E3/><V102/><F102/><W121/><G121/><T48/><D42/><U5/><E5/><V36/><F36/><W126/><G126/><T131/><D131/><U103/><E103/><V80/><F80/><AGARI ba="0,0" hai="7,8,13,74,77,80,82,85,88,96,99" m="48714" machi="80" ten="30,2000,0" yaku="18,1,54,1" doraHai="65" who="1" fromWho="2" sc="250,0,250,20,250,-20,250,0" /><INIT seed="1,0,0,1,0,105" ten="250,270,230,250" oya="1" hai0="18,28,40,59,27,72,41,103,121,8,90,42,106" hai1="127,12,63,114,39,68,48,23,4,45,43,21,36" hai2="58,19,71,5,30,130,6,96,88,111,26,79,80" hai3="33,13,132,61,52,93,67,125,17,55,78,81,113"/><U50/><E114/><V1/><F71/><W76/><G113/><T2/><D121/><U128/><E127/><V95/><F111/><W89/><G33/><T83/><D103/><U7/><E128/><V133/><F130/><W62/><G125/><T94/><D106/><U51/><E39/><V135/><F19/><W11/><G132/><N who="2" m="50761" /><F58/><W46/><G78/><T86/><D59/><U64/><REACH who="1" step="1"/><E12/><REACH who="1" ten="250,260,230,250" step="2"/><V60/><F1/><W73/><G46/><T44/><D44/><U119/><E119/><V20/><F60/><W54/><REACH who="3" step="1"/><G67/><REACH who="3" ten="250,260,230,240" step="2"/><T110/><D110/><U85/><E85/><AGARI ba="0,2" hai="5,6,20,26,30,79,80,85,88,95,96" m="50761" machi="85" ten="30,2000,0" yaku="20,1,54,1" doraHai="105" who="2" fromWho="1" sc="250,0,260,-20,230,40,240,0" /><AGARI ba="0,0" hai="11,13,17,52,54,55,61,62,73,76,81,85,89,93" machi="85" ten="40,8000,1" yaku="1,1,2,1,52,1,54,1,53,1" doraHai="105" doraHaiUra="75" who="3" fromWho="1" sc="250,0,240,-80,270,0,240,80" /><INIT seed="2,0,0,4,0,21" ten="250,160,270,320" oya="2" hai0="108,107,79,126,43,131,19,92,78,30,64,17,11" hai1="75,90,87,122,9,85,39,68,34,116,8,56,5" hai2="38,117,0,55,28,102,115,132,103,73,100,3,41" hai3="65,31,105,53,120,82,66,13,15,113,63,67,62"/><V47/><F115/><W29/><G120/><T91/><D107/><U6/><E116/><V27/><F117/><W35/><G105/><T94/><D126/><U2/><E68/><V42/><F73/><W81/><G113/><T40/><D131/><U118/><E118/><V99/><F132/><W98/><G98/><T51/><D108/><U25/><E75/><V96/><F42/><W50/><G35/><T112/><D112/><U4/><E39/><V52/><F96/><W23/><G50/><T130/><D130/><U74/><E74/><V14/><F14/><N who="3" m="5131" /><G53/><T26/><D64/><U134/><E134/><V76/><F99/><W45/><G45/><T111/><D111/><U135/><E135/><V1/><REACH who="2" step="1"/><F76/><REACH who="2" ten="250,160,260,320" step="2"/><W59/><G59/><T72/><D72/><U49/><E56/><V71/><F71/><W109/><G109/><T129/><D79/><U95/><E122/><V54/><F54/><W37/><G67/><T22/><D78/><U77/><E77/><V20/><AGARI ba="0,1" hai="0,1,3,20,27,28,38,41,47,52,55,100,102,103" machi="20" ten="40,12000,1" yaku="1,1,0,1,52,1,54,1,53,0" doraHai="21" doraHaiUra="106" who="2" fromWho="2" sc="250,-40,160,-40,260,130,320,-40" /><INIT seed="2,1,0,5,5,25" ten="210,120,390,280" oya="2" hai0="43,49,4,7,10,56,68,78,129,112,13,114,3" hai1="135,73,1,37,45,126,107,47,125,34,16,63,103" hai2="98,27,134,127,82,65,113,101,40,57,100,21,58" hai3="106,48,74,38,83,2,110,14,97,61,29,19,105"/><V26/><F113/><W66/><G38/><T76/><D68/><U42/><E1/><V90/><F134/><W52/><G2/><T99/><D129/><U116/><E116/><V64/><F127/><N who="1" m="48649" /><E135/><V35/><F40/><W133/><G133/><T50/><D3/><U69/><E73/><V15/><F35/><W22/><G110/><T32/><D32/><U54/><E34/><V33/><F33/><W36/><G36/><T59/><D99/><N who="1" m="61951" /><E47/><V132/><F15/><W80/><G74/><T81/><D13/><U17/><E54/><V124/><F27/><N who="3" m="16631" /><G106/><T108/><D108/><U41/><E41/><V89/><F132/><W92/><G105/><T72/><D72/><U86/><E86/><N who="2" m="50391" /><F65/><AGARI ba="1,0" hai="16,17,37,42,45,63,65,69" m="61951,48649" machi="65" ten="30,2000,0" yaku="18,1,54,1" doraHai="25" who="1" fromWho="2" sc="210,0,120,23,390,-23,280,0" /><INIT seed="3,0,0,2,4,74" ten="210,143,367,280" oya="3" hai0="125,132,7,8,79,32,59,48,90,68,12,15,109" hai1="34,2,78,20,66,6,91,5,33,30,96,63,72" hai2="9,14,21,82,1,134,73,24,27,23,75,80,83" hai3="55,133,47,81,121,111,114,112,88,31,40,35,110"/><W69/><G69/><T50/><BYE who="3" /><D68/><U120/><E120/><V25/><F1/><W13/><G13/><T135/><D32/><U130/><E130/><V39/><F39/><W62/><G62/><T4/><D90/><U128/><E128/><V98/><F134/><W99/><G99/><T51/><D59/><U89/><E20/><V22/><F98/><W84/><G84/><T19/><D125/><U113/><E113/><V76/><F76/><W85/><G85/><T95/><D95/><U103/><E6/><AGARI ba="0,0" hai="6,9,14,21,22,23,24,25,27,73,75,80,82,83" machi="6" ten="50,3200,0" yaku="29,2" doraHai="74" who="2" fromWho="1" sc="210,0,143,-32,367,32,280,0" /><INIT seed="4,0,0,4,5,35" ten="210,111,399,280" oya="0" hai0="96,62,58,17,37,26,93,66,87,12,85,31,101" hai1="3,129,0,39,40,121,18,100,128,49,33,48,55" hai2="112,38,46,91,30,59,74,76,109,24,13,25,72" hai3="2,117,67,65,10,86,73,11,127,20,70,50,6"/><T32/><REACH who="0" step="1"/><D37/><REACH who="0" ten="200,111,399,280" step="2"/><U1/><E121/><V119/><F38/><W53/><G53/><T89/><D89/><U69/><E39/><V90/><F91/><W94/><G94/><T88/><D88/><U99/><E100/><V5/><F90/><W4/><G4/><T83/><D83/><U23/><E128/><V60/><F5/><W131/><G131/><T44/><D44/><U126/><E129/><V77/><F46/><W21/><G21/><AGARI ba="0,1" hai="12,17,21,26,31,32,58,62,66,85,87,93,96,101" machi="21" ten="30,5800,0" yaku="21,2,7,1,53,0" doraHai="35" doraHaiUra="41" who="0" fromWho="3" sc="200,68,111,0,399,0,280,-58" /><INIT seed="4,1,0,4,3,65" ten="268,111,399,222" oya="0" hai0="29,84,43,66,113,64,12,44,133,48,130,31,28" hai1="36,135,0,4,60,27,55,62,120,15,70,58,124" hai2="101,1,13,116,102,17,51,92,119,7,81,34,30" hai3="96,38,72,131,76,35,77,16,32,9,49,5,100"/><T134/><D130/><U80/><E120/><V114/><F114/><W132/><G132/><T98/><D113/><U63/><E0/><V82/><F51/><W90/><G90/><T8/><D98/><U126/><E135/><N who="0" m="51721" /><D84/><U79/><E36/><V22/><F34/><W75/><G75/><T91/><D91/><U97/><E97/><N who="2" m="59559" /><F30/><N who="0" m="7682" /><T39/><DORA hai="85" /><D39/><U109/><E109/><V68/><F102/><W57/><G57/><T6/><AGARI ba="1,0" hai="6,8,12,43,44,48,64,66" m="7682,51721" machi="6" ten="40,2100,0" yaku="20,1" doraHai="65,85" who="0" fromWho="0" sc="268,24,111,-8,399,-8,222,-8" /><INIT seed="4,2,0,0,4,88" ten="292,103,391,214" oya="0" hai0="47,109,65,9,45,74,89,28,97,71,93,119,53" hai1="77,94,14,57,11,85,5,20,63,124,30,27,22" hai2="111,106,31,76,62,34,29,123,51,90,86,61,78" hai3="110,19,44,2,23,70,108,83,104,116,25,48,87"/><T82/><D119/><U13/><E124/><V117/><F111/><W80/><G80/><T101/><D109/><U81/><E13/><V59/><F123/><W68/><G68/><T0/><D28/><U43/><E43/><V135/><F106/><W75/><G75/><T114/><D114/><U37/><E37/><V60/><F117/><W55/><G55/><T17/><D65/><U16/><E94/><N who="2" m="54615" /><F34/><W15/><G15/><T24/><D71/><U132/><E132/><V38/><F38/><W1/><G1/><T91/><D91/><U35/><REACH who="1" step="1"/><E5/><REACH who="1" ten="292,93,391,214" step="2"/><V26/><F26/><W33/><G33/><T18/><D24/><U112/><E112/><V46/><F135/><W10/><G10/><T12/><D0/><U49/><E49/><V130/><F51/><W133/><G133/><T7/><D7/><U41/><E41/><V54/><F60/><W6/><G6/><T42/><D42/><U118/><E118/><V98/><F61/><W56/><G56/><T64/><D9/><U102/><E102/><V128/><F62/><W32/><G32/><T95/><D12/><U79/><E79/><V39/><F76/><W127/><G127/><T21/><D95/><U115/><E115/><V52/><F78/><W122/><G122/><T72/><D93/><U36/><E36/><V129/><F59/><W40/><G40/><T120/><D120/><U126/><E126/><V66/><F39/><UN n3="%E3%83%A6%E3%83%BC%E3%82%B9%E3%83%AC%E3%82%B9" /><W105/><G116/><T69/><D69/><U99/><E99/><V96/><F98/><W113/><G70/><T134/><D97/><U84/><E84/><V103/><F96/><RYUUKYOKU ba="2,1" sc="292,-10,93,30,391,-10,214,-10" hai1="11,14,16,20,22,27,30,35,57,63,77,81,85" /><INIT seed="5,3,1,3,5,52" ten="282,123,381,204" oya="1" hai0="50,54,102,96,101,77,0,97,20,65,63,4,30" hai1="36,71,89,59,69,56,80,123,5,128,107,82,104" hai2="51,49,44,122,94,85,26,125,9,132,90,121,19" hai3="119,110,117,118,15,75,103,17,86,25,99,92,34"/><U129/><E123/><V120/><F132/><W42/><G75/><T13/><D0/><U48/><E36/><V31/><F125/><W72/><G72/><T23/><D77/><U57/><E5/><V24/><F44/><W112/><G110/><T6/><D30/><U64/><E48/><V133/><F133/><W60/><G42/><T3/><D3/><U127/><E127/><V116/><F116/><W109/><G109/><T84/><D84/><U33/><E33/><V61/><F61/><W105/><G112/><T100/><D6/><U62/><E71/><V91/><F91/><N who="3" m="53367" /><G60/><T79/><D79/><U18/><E18/><V81/><F81/><N who="1" m="31337" /><E89/><V83/><F83/><W67/><G67/><T106/><D106/><U16/><E16/><V108/><F19/><W7/><G7/><T98/><D4/><U78/><E78/><V113/><F51/><W38/><G38/><T95/><D13/><U130/><AGARI ba="3,1" hai="56,57,59,62,64,69,104,107,128,129,130" m="31337" machi="130" ten="40,12000,1" yaku="19,1,52,3" doraHai="52" who="1" fromWho="1" sc="282,-43,123,139,381,-43,204,-43" /><INIT seed="5,4,0,2,2,99" ten="239,262,338,161" oya="1" hai0="18,75,77,76,80,83,100,17,125,134,32,37,21" hai1="74,15,133,40,129,39,27,131,94,42,52,60,111" hai2="87,113,89,109,95,69,43,88,120,85,66,71,103" hai3="35,59,68,48,107,81,53,97,90,64,93,9,98"/><U47/><E133/><V124/><F109/><W0/><G35/><T25/><D37/><U57/><E111/><V54/><F120/><W73/><G68/><T20/><D125/><U3/><E3/><V4/><F124/><W30/><G30/><T65/><D65/><U84/><E74/><V36/><F4/><W23/><G64/><T108/><D32/><U49/><E27/><V51/><F113/><W126/><G126/><T50/><D50/><U114/><E114/><V33/><F33/><W46/><G23/><T14/><D134/><U110/><E110/><V104/><F66/><W91/><G46/><T62/><D62/><U118/><E118/><V127/><F127/><W96/><G107/><T55/><D55/><U11/><E42/><V45/><F104/><W6/><REACH who="3" step="1"/><G91/><REACH who="3" ten="239,262,338,151" step="2"/><T5/><D108/><U38/><E47/><V115/><F71/><W135/><G135/><T106/><D106/><U92/><E129/><V13/><F69/><W2/><G2/><T79/><D21/><U72/><E131/><V19/><F45/><W63/><G63/><T116/><D20/><U70/><E60/><V24/><F89/><W7/><G7/><T28/><D5/><U1/><E1/><V117/><F88/><W121/><G121/><T128/><D28/><U41/><E70/><V10/><F115/><W26/><G26/><T86/><D25/><U29/><E29/><V102/><F24/><W56/><G56/><T67/><D67/><U132/><E57/><V130/><F130/><W58/><G58/><T34/><D128/><U105/><E105/><V78/><F19/><RYUUKYOKU ba="4,1" sc="239,-10,262,-10,338,-10,151,30" hai3="0,6,9,48,53,59,73,81,90,93,96,97,98" /><INIT seed="6,5,1,3,5,37" ten="229,252,328,181" oya="2" hai0="45,47,2,56,10,51,39,65,82,86,7,99,105" hai1="80,0,120,59,52,131,54,118,22,90,129,124,110" hai2="57,107,60,42,31,122,106,77,3,100,91,119,68" hai3="48,26,84,74,61,34,17,71,18,21,43,67,98"/><V9/><F119/><W25/><G74/><T96/><D105/><U103/><E118/><V27/><F68/><W70/><G70/><T121/><D121/><U66/><E110/><V62/><F77/><W127/><G127/><T24/><D24/><U32/><E32/><V85/><F100/><W130/><G130/><N who="1" m="49674" /><E124/><V11/><F62/><W94/><G84/><T72/><D72/><U41/><E120/><V1/><F1/><W63/><G63/><T81/><D81/><U55/><E0/><V78/><F78/><W114/><G114/><T102/><D102/><U28/><E103/><V38/><F3/><W117/><G117/><T97/><D39/><U4/><E4/><V116/><F106/><W12/><G34/><T109/><D109/><U53/><E66/><V112/><F107/><W69/><G69/><T87/><D47/><U13/><E41/><V83/><F112/><W33/><G33/><T29/><D65/><U104/><E104/><V16/><F116/><W113/><G113/><T73/><D56/><U93/><E80/><V95/><F83/><W64/><G64/><T50/><D73/><U15/><E59/><V75/><F75/><W135/><G18/><T101/><D101/><U125/><E125/><V23/><F16/><W19/><G19/><T76/><D29/><U123/><E123/><V88/><F31/><W20/><G71/><T92/><D45/><U36/><E36/><V14/><F38/><W108/><G67/><T111/><D111/><U46/><E28/><V134/><F122/><W40/><G108/><T6/><D6/><U79/><E22/><RYUUKYOKU ba="5,1" sc="229,30,252,-10,328,-10,181,-10" hai0="2,7,10,50,51,76,82,86,87,92,96,97,99" /><INIT seed="7,6,1,2,4,49" ten="259,242,318,171" oya="3" hai0="77,104,50,37,30,46,90,105,113,80,133,21,116" hai1="121,33,87,85,132,119,12,26,83,28,62,96,6" hai2="111,66,94,76,55,67,95,88,107,36,13,24,40" hai3="81,110,20,0,56,72,9,117,69,130,114,71,125"/><W10/><G117/><T59/><D116/><U61/><E121/><V51/><F107/><W100/><G110/><T29/><D133/><U89/><E132/><V118/><F76/><W131/><G100/><T1/><D1/><U47/><E119/><V97/><F111/><W123/><G123/><T45/><D45/><U135/><E96/><V2/><F2/><W70/><G114/><T65/><D90/><U120/><E120/><V19/><F24/><W92/><G92/><T48/><D37/><U102/><E102/><N who="2" m="60727" /><F40/><W68/><N who="3" m="17408" /><DORA hai="23" /><W15/><G0/><T53/><D113/><U35/><E35/><V7/><F7/><W106/><G106/><T79/><D79/><U58/><E135/><V27/><F27/><W124/><G81/><T5/><D5/><U84/><E47/><N who="2" m="28159" /><F36/><W8/><G72/><T101/><D104/><U44/><E44/><V91/><F91/><W17/><REACH who="3" step="1"/><G56/><REACH who="3" ten="259,242,318,161" step="2"/><T74/><D101/><U134/><E134/><V122/><F122/><W52/><G52/><T103/><D103/><U73/><E73/><V16/><F118/><W126/><AGARI ba="6,2" hai="8,9,10,15,17,20,124,125,126,130,131" m="17408" machi="126" ten="70,12000,1" yaku="1,1,0,1,29,2,18,1,53,0" doraHai="49,23" doraHaiUra="60,43" who="3" fromWho="3" sc="259,-46,242,-46,318,-46,161,158" owari="213,-19.0,196,-30.0,272,7.0,319,42.0" /></mjloggm>