<mjloggm ver="2.3"><GO type="97" lobby="0"/><UN n0="%E3%83%86%E3%82%A3%E3%83%B3%E3%83%9E%E3%83%8B%E8%8C%B6" n1="%E3%83%87%E3%83%A5%E3%83%BC%E3%82%AF%33%35%37" n2="%E3%82%A6%E3%83%AB%E3%83%88%E3%83%A9%E7%AB%8B%E7%9B%B4" n3="%E6%B1%90%E8%A6%8B" dan="15,13,15,15" rate="2016.96,1848.13,1976.13,1976.59" sx="M,M,M,M"/><TAIKYOKU oya="0"/><INIT seed="0,0,0,5,3,14" ten="250,250,250,250" oya="0" hai0="115,96,12,26,10,25,54,113,39,41,0,84,86" hai1="125,109,112,99,30,133,93,69,63,107,130,126,79" hai2="82,46,90,13,34,101,70,122,24,47,124,135,94" hai3="76,67,105,11,73,78,120,5,32,21,43,114,119"/><T68/><D0/><U128/><E112/><V40/><F122/><W38/><G32/><T22/><D68/><U91/><E30/><V64/><F124/><N who="1" m="47721" /><E69/><V29/><F135/><W55/><G105/><T19/><D96/><U71/><E71/><V7/><F101/><W45/><G76/><T44/><D54/><U111/><E63/><V61/><F82/><W75/><G75/><T37/><D37/><U83/><E107/><V132/><F132/><W49/><G114/><T77/><D26/><U48/><E48/><V74/><F74/><W53/><G49/><T27/><D27/><U131/><E133/><V118/><F118/><W20/><G119/><T35/><D35/><U50/><E50/><V8/><F40/><W117/><G117/><T16/><REACH who="0" step="1"/><D84/><AGARI ba="0,0" hai="79,83,84,91,93,99,109,111,128,130,131" m="47721" machi="84" ten="40,8000,1" yaku="19,1,18,1,34,2" doraHai="14" who="1" fromWho="0" sc="250,-80,250,80,250,0,250,0" /><AGARI ba="0,0" hai="7,8,13,24,29,34,46,47,61,64,70,84,90,94" machi="84" ten="30,1000,0" yaku="7,1" doraHai="14" who="2" fromWho="0" sc="170,-10,330,0,250,10,250,0" /><INIT seed="1,0,0,3,0,114" ten="160,330,260,250" oya="1" hai0="14,61,13,10,124,25,96,38,32,99,100,31,11" hai1="50,127,20,98,113,102,17,128,82,24,47,116,37" hai2="8,29,58,131,46,64,121,133,111,15,34,73,93" hai3="30,80,85,109,60,59,79,129,49,77,115,52,54"/><U51/><E113/><V7/><F73/><W63/><G109/><T134/><D124/><U12/><E127/><V90/><F121/><W108/><G108/><T36/><D134/><U94/><E128/><V105/><F105/><W33/><G129/><T91/><D61/><U84/><E37/><V66/><F111/><W75/><G115/><T87/><D13/><U135/><E135/><V88/><F133/><W122/><G122/><T19/><D11/><U117/><E24/><V89/><F131/><W76/><G30/><T18/><D18/><U74/><E74/><V35/><F93/><W110/><G33/><T112/><D112/><U4/><E4/><V57/><F46/><W27/><G27/><T71/><D71/><U21/><E21/><V48/><F29/><W126/><G126/><T118/><D118/><U44/><E44/><V103/><F103/><W6/><G6/><T70/><D70/><U119/><REACH who="1" step="1"/><E47/><REACH who="1" ten="160,320,260,250" step="2"/><V83/><F35/><W120/><G75/><T40/><D40/><U130/><E130/><V39/><F39/><W123/><G110/><T23/><D32/><U26/><E26/><V65/><F34/><W104/><G120/><T86/><D99/><U0/><E0/><V125/><F125/><W78/><G123/><T55/><D55/><U67/><E67/><V132/><F132/><W2/><G2/><T43/><D43/><U56/><E56/><N who="2" m="21611" /><F48/><W5/><G49/><T45/><D45/><U1/><E1/><V101/><F66/><W53/><G59/><T97/><D97/><U107/><E107/><V16/><F65/><W106/><G106/><RYUUKYOKU ba="0,1" sc="160,-10,320,30,260,-10,250,-10" hai1="12,17,20,50,51,82,84,94,98,102,116,117,119" /><INIT seed="1,1,1,5,0,79" ten="150,350,250,240" oya="1" hai0="34,63,40,60,52,68,105,74,133,109,47,18,22" hai1="101,51,26,25,114,21,14,36,6,46,17,35,37" hai2="93,31,75,108,128,73,57,90,9,96,124,126,85" hai3="69,82,65,104,98,2,106,77,13,4,23,111,15"/><U97/><E114/><V129/><F31/><W45/><G111/><T50/><D109/><U117/><E117/><V48/><F9/><W7/><G2/><T123/><D34/><U20/><E35/><V44/><F57/><W67/><G45/><T125/><D105/><U56/><E56/><V62/><F62/><W127/><G127/><N who="2" m="48681" /><F108/><W70/><G77/><T59/><D125/><U39/><E6/><V8/><F8/><W112/><G98/><T33/><D33/><U5/><E5/><V41/><F96/><W11/><G11/><T61/><D123/><U135/><E135/><V12/><F12/><W38/><G38/><T16/><D133/><U32/><E32/><V49/><F49/><W121/><G13/><T99/><D74/><AGARI ba="1,1" hai="41,44,48,73,74,75,85,90,93,128,129" m="48681" machi="74" ten="30,1000,0" yaku="18,1" doraHai="79" who="2" fromWho="0" sc="150,-13,350,0,250,23,240,0" /><INIT seed="2,0,0,0,0,106" ten="137,350,273,240" oya="2" hai0="31,57,65,41,74,61,27,23,50,113,108,88,103" hai1="37,78,19,131,129,54,44,94,35,71,122,115,49" hai2="98,46,89,48,95,126,87,75,18,26,14,56,10" hai3="38,128,120,102,117,76,43,107,60,133,59,72,5"/><V109/><F126/><W63/><G60/><T97/><D108/><U2/><E115/><V90/><F109/><W17/><G5/><T92/><D113/><U55/><E35/><V104/><F56/><W127/><G59/><T70/><D70/><U110/><E2/><V111/><F111/><W68/><G63/><T6/><D74/><U96/><E71/><V22/><F75/><W118/><G43/><T34/><D34/><U25/><E110/><V36/><F36/><W7/><G17/><T66/><D6/><U81/><E122/><V24/><F22/><W0/><G7/><T121/><D121/><U105/><E105/><V11/><F11/><W4/><G4/><T53/><D41/><U69/><E69/><V85/><F104/><W99/><G68/><T8/><D8/><U1/><E1/><V86/><REACH who="2" step="1"/><F90/><REACH who="2" ten="137,350,263,240" step="2"/><W67/><G38/><T42/><REACH who="0" step="1"/><D103/><REACH who="0" ten="127,350,263,240" step="2"/><U15/><E37/><V45/><F45/><AGARI ba="0,2" hai="23,27,31,42,45,50,53,57,61,65,66,88,92,97" machi="45" ten="40,8000,1" yaku="1,1,2,1,8,1,54,1,53,0" doraHai="106" doraHaiUra="79" who="0" fromWho="2" sc="127,100,350,0,263,-80,240,0" /><INIT seed="3,0,0,4,4,82" ten="227,350,183,240" oya="3" hai0="113,37,48,52,27,11,86,80,131,3,22,69,60" hai1="31,96,119,97,128,63,85,20,33,73,36,104,107" hai2="8,132,17,7,2,83,40,129,61,25,35,120,34" hai3="88,19,102,112,46,110,84,75,42,100,68,87,121"/><W56/><G112/><T41/><D113/><U6/><E119/><V57/><F129/><W123/><G68/><T26/><D131/><U21/><E36/><V126/><F132/><W5/><G75/><T58/><D3/><U95/><E73/><V116/><F126/><W13/><G5/><T54/><D11/><U64/><E33/><V130/><F130/><W39/><G84/><T49/><D37/><U74/><E74/><V81/><F116/><W66/><G110/><T127/><D69/><U117/><E117/><V98/><F120/><W43/><G43/><T92/><D92/><U71/><E6/><V45/><F98/><W114/><G114/><T76/><D127/><U18/><E128/><V118/><F118/><W1/><G1/><T55/><D41/><U91/><E107/><V101/><F101/><W115/><G115/><T59/><D22/><U50/><E50/><V28/><F35/><W89/><G89/><T9/><D9/><U90/><E90/><V0/><F0/><W12/><G12/><T44/><AGARI ba="0,0" hai="26,27,44,48,49,52,54,55,58,59,60,76,80,86" machi="44" ten="20,8000,1" yaku="0,1,7,1,8,1,52,1,54,1" doraHai="82" who="0" fromWho="0" sc="227,80,350,-20,183,-20,240,-40" owari="307,11.0,330,43.0,163,-34.0,200,-20.0" /></mjloggm>