<mjloggm ver="2.3"><GO type="97" lobby="0"/><UN n0="%E4%B8%89%E4%B8%87%E5%8D%98%E9%A8%8E%E3%81%AE%E9%AC%BC" n1="%E3%81%82%E3%81%8B%E3%81%BD%E3%81%A1" n2="%E3%82%A2%E3%82%B5%E3%82%AB" n3="%E3%82%A6%E3%83%AB%E3%83%88%E3%83%A9%E7%AB%8B%E7%9B%B4" dan="15,13,14,15" rate="2010.50,1835.20,1911.86,2009.99" sx="M,M,M,M"/><TAIKYOKU oya="0"/><INIT seed="0,0,0,1,4,71" ten="250,250,250,250" oya="0" hai0="46,117,121,94,132,26,106,60,54,37,77,118,88" hai1="130,91,55,0,82,128,44,111,67,80,133,1,131" hai2="87,4,63,73,29,102,12,98,24,127,36,122,104" hai3="19,129,103,58,49,16,42,53,84,76,39,99,90"/><T79/><D121/><U51/><E111/><V134/><F122/><W18/><G18/><T109/><D106/><U21/><E133/><V119/><F119/><W81/><G129/><T23/><D132/><U31/><E67/><V135/><F134/><W30/><G30/><T8/><D117/><U85/><E82/><V124/><F135/><W125/><G125/><N who="2" m="48201" /><F73/><W35/><G35/><T52/><D118/><U9/><E9/><V93/><F63/><W115/><G115/><T25/><D109/><U45/><E45/><V32/><F4/><W56/><G56/><N who="0" m="34823" /><D37/><U101/><E101/><V75/><F75/><W2/><G2/><T100/><D100/><U95/><E95/><V97/><F12/><W123/><G123/><T110/><D110/><U41/><E41/><V11/><F11/><W38/><G76/><N who="0" m="29259" /><D8/><U65/><E65/><V78/><F87/><W62/><G62/><T33/><D33/><U92/><E92/><V107/><F78/><W28/><G42/><T47/><D54/><U105/><E105/><N who="2" m="40523" /><F97/><W86/><G99/><N who="0" m="57799" /><D26/><AGARI ba="0,0" hai="0,1,21,26,31,44,51,55,80,85,91,128,130,131" machi="26" ten="40,1300,0" yaku="19,1" doraHai="71" who="1" fromWho="0" sc="250,-13,250,13,250,0,250,0" /><INIT seed="1,0,0,4,3,33" ten="237,263,250,250" oya="1" hai0="34,22,47,50,109,90,3,77,113,125,41,117,106" hai1="103,44,59,26,74,92,12,16,84,56,2,115,14" hai2="127,102,25,79,86,49,120,8,17,65,39,36,4" hai3="97,24,107,71,54,53,93,124,20,62,123,104,110"/><U9/><E74/><V51/><F120/><W66/><G110/><T10/><D113/><U7/><E115/><V85/><F127/><W111/><G111/><T78/><D109/><U101/><E26/><V37/><F65/><W48/><G124/><T80/><D117/><U18/><E103/><V129/><F129/><W38/><G38/><T42/><D125/><U83/><E44/><V87/><F102/><W72/><G72/><T76/><D34/><U29/><E29/><V27/><F79/><W108/><G108/><T13/><D106/><U64/><E64/><V21/><REACH who="2" step="1"/><F25/><REACH who="2" ten="237,263,240,250" step="2"/><W116/><G123/><T67/><D67/><U95/><E101/><V55/><F55/><W58/><G116/><T57/><D77/><U11/><E95/><V91/><F91/><W32/><G54/><T1/><D90/><U5/><E92/><V135/><F135/><W128/><G128/><T45/><D78/><U15/><E15/><AGARI ba="0,1" hai="4,8,15,17,21,27,36,37,39,49,51,85,86,87" machi="15" ten="50,1600,0" yaku="1,1,53,0" doraHai="33" doraHaiUra="99" who="2" fromWho="1" sc="237,0,263,-16,240,26,250,0" /><INIT seed="2,0,0,2,4,84" ten="237,247,266,250" oya="2" hai0="110,99,69,18,53,76,59,100,52,11,20,51,54" hai1="56,64,131,128,42,132,102,27,31,97,34,9,33" hai2="90,16,117,94,126,22,55,74,26,0,30,63,49" hai3="79,77,109,71,66,13,108,38,133,7,60,135,12"/><V19/><F117/><W1/><G38/><T32/><D32/><U82/><E132/><N who="3" m="50762" /><G1/><T92/><D69/><U87/><E42/><V3/><F74/><W25/><G25/><N who="0" m="14487" /><D110/><N who="3" m="42601" /><G7/><T6/><D76/><AGARI ba="0,0" hai="12,13,60,66,71,76,77,79" m="42601,50762" machi="76" ten="30,2000,0" yaku="20,1,14,1" doraHai="84" who="3" fromWho="0" sc="237,-20,247,0,266,0,250,20" /><INIT seed="3,0,0,2,0,61" ten="217,247,266,270" oya="3" hai0="93,23,44,40,2,80,57,128,119,12,79,103,60" hai1="71,19,65,116,125,4,1,46,131,130,18,17,127" hai2="32,52,43,25,120,31,20,66,132,42,63,59,102" hai3="47,94,67,29,117,129,55,53,15,41,0,134,73"/><W88/><G73/><T113/><D119/><U62/><E1/><V111/><F111/><W105/><G105/><T121/><D121/><U92/><E4/><V27/><F120/><W106/><G106/><T82/><D2/><U45/><E92/><V51/><F132/><W122/><G0/><T10/><D128/><N who="1" m="49195" /><E116/><V101/><F101/><W21/><G134/><T3/><D3/><U13/><E13/><V70/><F102/><W85/><G122/><T100/><D113/><U133/><E133/><V86/><F86/><W48/><G117/><T16/><D10/><U69/><E69/><V35/><F35/><W108/><G108/><T34/><D34/><U26/><E26/><V123/><F123/><W14/><G129/><T64/><D93/><U107/><E107/><V90/><F90/><W9/><G14/><T72/><REACH who="0" step="1"/><D82/><REACH who="0" ten="207,247,266,270" step="2"/><U115/><E115/><V37/><F37/><AGARI ba="0,1" hai="12,16,23,37,40,44,57,60,64,72,79,80,100,103" machi="37" ten="30,8000,1" yaku="1,1,2,1,7,1,52,1,54,1,53,0" doraHai="61" doraHaiUra="33" who="0" fromWho="2" sc="207,90,247,0,266,-80,270,0" /><INIT seed="4,0,0,5,2,48" ten="297,247,186,270" oya="0" hai0="127,60,116,23,65,91,68,18,74,111,46,30,120" hai1="27,87,92,20,64,101,94,123,105,12,34,55,66" hai2="99,47,133,89,95,2,67,39,19,13,62,40,43" hai3="85,8,10,38,28,54,22,53,109,56,110,75,17"/><T102/><D120/><U93/><E123/><V51/><F133/><W69/><G75/><T63/><D116/><U112/><E34/><V49/><F2/><W76/><G69/><T82/><D102/><U80/><E105/><V122/><F122/><W0/><G38/><T1/><D1/><U124/><E101/><V26/><F26/><N who="3" m="16471" /><G0/><T36/><D30/><U98/><E98/><V73/><F73/><W29/><G29/><T14/><D127/><U78/><E124/><V126/><F126/><W77/><G109/><T88/><D111/><U9/><E112/><V11/><REACH who="2" step="1"/><F43/><REACH who="2" ten="297,247,176,270" step="2"/><W107/><G110/><T121/><D121/><U7/><REACH who="1" step="1"/><E55/><REACH who="1" ten="297,237,176,270" step="2"/><V130/><F130/><W131/><G131/><T41/><REACH who="0" step="1"/><D60/><REACH who="0" ten="287,237,176,270" step="2"/><U61/><E61/><V15/><F15/><W35/><G107/><T84/><D84/><U90/><E90/><V83/><F83/><W59/><G85/><T44/><D44/><U24/><E24/><V45/><F45/><W3/><G77/><AGARI ba="0,3" hai="14,18,23,36,41,46,63,65,68,74,77,82,88,91" machi="77" ten="40,3900,0" yaku="1,1,54,1,53,0" doraHai="48" doraHaiUra="113" who="0" fromWho="3" sc="287,69,237,0,176,0,270,-39" owari="356,45.0,237,4.0,176,-32.0,231,-17.0" /></mjloggm>