<mjloggm ver="2.3"><GO type="225" lobby="0"/><UN n0="%70%61%77%61%66%75%31" n1="%4C%61%73%6B%26%59%75" n2="%E3%83%87%E3%83%8D%E3%83%9C%E3%83%A9" n3="%E3%82%A6%E3%83%AB%E3%83%88%E3%83%A9%E7%AB%8B%E7%9B%B4" dan="16,16,17,16" rate="2102.14,2139.66,2166.91,2021.35" sx="M,M,M,M"/><TAIKYOKU oya="0"/><INIT seed="0,0,0,4,2,73" ten="250,250,250,250" oya="0" hai0="31,83,71,21,6,35,115,20,116,13,25,87,11" hai1="28,122,86,90,69,61,53,126,4,120,91,64,33" hai2="68,95,67,101,19,78,76,113,112,40,46,104,55" hai3="63,125,54,119,80,100,7,42,107,23,131,8,26"/><T47/><D71/><U75/><E75/><V1/><F104/><W15/><G119/><T103/><D115/><U36/><E36/><V3/><F101/><W123/><G123/><T111/><D116/><U102/><E90/><V84/><F95/><W128/><G42/><T34/><D103/><U5/><E53/><V96/><F96/><W43/><G43/><T89/><D35/><U82/><E126/><V110/><F55/><W135/><G125/><T56/><D111/><U39/><E39/><V44/><F19/><W130/><G135/><T9/><D56/><U85/><E85/><V79/><F110/><W121/><G121/><T94/><D47/><U2/><E4/><V93/><F93/><W50/><G100/><T17/><REACH who="0" step="1"/><D83/><REACH who="0" ten="240,250,250,250" step="2"/><U97/><E120/><V12/><F46/><W70/><G80/><T117/><D117/><U88/><E122/><V124/><F113/><W24/><G130/><T57/><D57/><U72/><E102/><V48/><F112/><W74/><G128/><T66/><D66/><U51/><E64/><V29/><F124/><W132/><G70/><T58/><D58/><U114/><E69/><V22/><F67/><W45/><G131/><T77/><D77/><N who="2" m="29802" /><F68/><W133/><G133/><T65/><D65/><U38/><E33/><V59/><F59/><W108/><G132/><T37/><D37/><U32/><E38/><V30/><F79/><W62/><G108/><T60/><D60/><U118/><E61/><N who="3" m="23050" /><G74/><T10/><D10/><N who="1" m="2359" /><E114/><V109/><F109/><W127/><G127/><T14/><AGARI ba="0,1" hai="6,9,11,13,14,17,20,21,25,31,34,87,89,94" machi="14" ten="20,3900,0" yaku="1,1,0,1,7,1,53,0" doraHai="73" doraHaiUra="134" who="0" fromWho="0" sc="240,49,250,-13,250,-13,250,-13" /><INIT seed="0,1,0,5,4,96" ten="289,237,237,237" oya="0" hai0="92,107,118,113,103,87,44,106,7,54,105,86,80" hai1="117,88,36,72,30,75,11,109,53,93,12,58,33" hai2="94,13,84,64,35,132,43,135,34,91,98,56,8" hai3="40,74,121,97,46,125,50,6,130,79,122,55,19"/><T69/><D118/><U51/><E117/><V20/><F43/><W111/><G79/><N who="0" m="46367" /><D69/><U17/><E36/><V110/><F110/><W66/><G74/><T123/><D7/><U126/><E109/><V71/><F71/><W101/><G6/><T18/><D18/><U31/><E126/><V65/><F20/><W26/><G111/><T100/><D44/><U108/><E108/><V112/><F84/><W104/><G66/><N who="2" m="25705" /><F56/><W127/><G130/><T57/><D57/><U4/><E33/><V102/><F91/><W128/><G128/><T47/><D54/><U24/><E75/><V42/><F42/><W99/><G55/><T116/><D47/><U9/><E72/><V15/><F112/><W73/><G73/><T23/><D23/><N who="1" m="13423" /><E11/><V81/><F81/><W78/><G46/><T52/><D52/><U83/><E83/><V10/><F10/><W21/><G40/><T61/><D61/><U90/><E90/><V70/><F70/><W38/><G50/><T67/><D67/><U14/><E14/><N who="2" m="5131" /><F8/><W32/><G38/><T60/><D60/><U3/><E3/><V25/><F25/><W129/><G129/><T76/><D116/><U82/><E82/><V89/><F89/><W114/><G26/><T134/><D113/><U115/><E115/><V68/><F68/><W22/><G114/><T85/><D123/><U28/><E28/><V95/><F95/><W27/><G122/><T39/><D92/><U62/><E51/><V37/><F37/><W45/><G121/><T119/><D39/><U124/><E124/><V5/><F5/><W48/><G127/><RYUUKYOKU ba="1,0" sc="289,-15,237,15,237,15,237,-15" hai1="4,9,12,30,31,53,58,62,88,93" hai2="34,35,94,98,102,132,135" /><INIT seed="1,2,0,2,3,47" ten="274,252,252,222" oya="1" hai0="111,31,60,102,120,72,91,119,132,97,69,118,3" hai1="36,82,123,22,106,51,66,73,32,7,59,74,16" hai2="117,29,45,50,41,27,76,39,54,40,37,110,103" hai3="10,61,89,68,1,115,14,100,9,57,121,19,98"/><U6/><E123/><V46/><F117/><W96/><G68/><T114/><D114/><U21/><E36/><V122/><F122/><W125/><G125/><T58/><D120/><U26/><E32/><V109/><F103/><W116/><G116/><T83/><D3/><U112/><E106/><V24/><F76/><W44/><G115/><T62/><D111/><N who="2" m="42506" /><F29/><W93/><G121/><T131/><D131/><U17/><E112/><V81/><F81/><W56/><G1/><T84/><D132/><U67/><E82/><V130/><F130/><W52/><G57/><AGARI ba="2,0" hai="24,27,37,39,40,41,45,46,50,54,57" m="42506" machi="57" ten="30,2000,0" yaku="14,1,52,1" doraHai="47" who="2" fromWho="3" sc="274,0,252,0,252,26,222,-26" /><INIT seed="2,0,0,5,2,19" ten="274,252,278,196" oya="2" hai0="116,17,8,13,135,29,14,16,71,129,107,62,100" hai1="12,11,58,35,65,54,20,64,87,76,75,56,86" hai2="113,57,103,28,127,22,67,7,39,43,111,18,73" hai3="124,88,4,34,123,23,48,33,83,114,6,37,82"/><V27/><F113/><W36/><G48/><T108/><D108/><U118/><E35/><V84/><F73/><W0/><G0/><T5/><D135/><U49/><E118/><V89/><F111/><W99/><G99/><T72/><D72/><U79/><E75/><V97/><F127/><W45/><G45/><T133/><D133/><U60/><E65/><V122/><F7/><W53/><G53/><T95/><D116/><U130/><E130/><V1/><F1/><W21/><G88/><T91/><D129/><U134/><E134/><V15/><F122/><W104/><G104/><T63/><D29/><U51/><E51/><V98/><F43/><W85/><G85/><N who="1" m="32266" /><E20/><N who="2" m="15463" /><F39/><W125/><G114/><T41/><D71/><U80/><E80/><N who="2" m="49287" /><F103/><W47/><G47/><T68/><D68/><U112/><E112/><V90/><F90/><W105/><G105/><T131/><D107/><U32/><E32/><V126/><F126/><W78/><G78/><T38/><D131/><U24/><E24/><V117/><F117/><W132/><G132/><T3/><D100/><U121/><E121/><AGARI ba="0,0" hai="4,6,21,23,33,34,36,37,82,83,121,123,124,125" machi="121" ten="25,6400,0" yaku="22,2,52,2" doraHai="19" who="3" fromWho="1" sc="274,0,252,-64,278,0,196,64" /><INIT seed="3,0,0,1,2,21" ten="274,188,278,260" oya="3" hai0="0,94,92,7,56,125,53,8,73,105,49,1,6" hai1="104,132,121,87,76,35,85,81,118,77,28,63,88" hai2="116,24,93,120,65,111,50,100,16,59,39,70,25" hai3="32,40,127,79,31,126,34,54,99,123,128,97,3"/><W114/><G3/><T2/><D105/><U68/><E121/><V75/><F39/><W95/><G123/><T27/><D73/><U14/><E132/><V61/><F75/><W33/><G114/><T30/><D125/><N who="3" m="47625" /><G40/><T109/><D109/><U107/><E118/><V18/><F111/><W98/><G79/><T130/><D130/><U15/><E68/><V129/><F70/><W26/><G128/><T19/><D19/><N who="2" m="7210" /><F129/><W115/><G115/><T29/><D29/><U86/><E63/><V46/><F116/><W4/><G4/><T103/><D103/><U41/><E41/><N who="2" m="24911" /><F120/><W90/><G54/><T89/><D92/><U60/><E60/><V67/><F67/><W131/><G131/><T78/><D78/><U13/><E28/><V23/><F23/><AGARI ba="0,0" hai="23,26,31,32,33,34,90,95,97,98,99" m="47625" machi="23" ten="40,3900,0" yaku="18,1,52,1" doraHai="21" who="3" fromWho="2" sc="274,0,188,0,278,-39,260,39" /><INIT seed="3,1,0,0,3,52" ten="274,188,239,299" oya="3" hai0="110,55,51,39,6,89,98,111,130,86,124,1,33" hai1="90,78,36,69,92,117,44,15,17,83,22,46,104" hai2="101,128,32,87,94,24,68,40,123,43,135,54,114" hai3="75,50,30,82,61,2,129,25,131,132,121,105,62"/><W9/><G105/><T116/><D39/><U53/><E69/><V18/><F114/><W34/><G50/><T80/><D116/><U109/><E117/><V126/><F54/><W19/><G121/><T106/><D33/><U72/><E109/><N who="0" m="41481" /><D6/><U45/><E104/><V73/><F94/><W8/><G8/><T28/><D28/><U96/><REACH who="1" step="1"/><E53/><REACH who="1" ten="274,178,239,299" step="2"/><V23/><F68/><W76/><G132/><T118/><D118/><U93/><E93/><V63/><F135/><W5/><G19/><T70/><D70/><U12/><E12/><V14/><F18/><W127/><G127/><T20/><D1/><U107/><E107/><V49/><F14/><W99/><G99/><T64/><D124/><U7/><E7/><V57/><F126/><W97/><G97/><T122/><D98/><U100/><E100/><V37/><F101/><W112/><G112/><T48/><D106/><U29/><E29/><V16/><F16/><W81/><G81/><T42/><D80/><U60/><E60/><V134/><F63/><W27/><G62/><T77/><D55/><U125/><E125/><V10/><F134/><W11/><G61/><T133/><D133/><U4/><E4/><V66/><F66/><W120/><G120/><T91/><D64/><U41/><AGARI ba="1,1" hai="15,17,22,36,41,44,45,46,72,78,83,90,92,96" machi="41" ten="30,2000,0" yaku="1,1,0,1,53,0" doraHai="52" doraHaiUra="65" who="1" fromWho="1" sc="274,-6,178,33,239,-6,299,-11" /><INIT seed="4,0,0,3,0,45" ten="268,211,233,288" oya="0" hai0="26,57,88,8,122,85,28,48,133,7,16,73,2" hai1="24,132,95,82,11,60,64,23,84,29,92,35,41" hai2="71,63,69,120,103,3,79,62,56,40,130,106,102" hai3="52,114,77,83,37,25,4,9,112,117,91,20,14"/><T49/><D73/><U13/><E132/><V98/><F120/><W93/><G37/><T38/><D38/><U126/><E126/><V27/><F3/><W34/><G34/><T96/><D122/><U53/><E41/><V61/><F130/><W47/><G117/><T50/><D133/><U42/><E42/><V127/><F127/><W94/><G91/><T89/><D16/><N who="1" m="8255" /><E35/><V121/><F56/><W87/><G112/><T21/><D96/><U15/><E64/><V86/><F103/><W104/><G104/><T111/><D111/><U81/><E15/><V0/><F0/><W109/><G109/><T67/><REACH who="0" step="1"/><D85/><REACH who="0" ten="258,211,233,288" step="2"/><U17/><E84/><V36/><F86/><W80/><G114/><T59/><D59/><N who="1" m="34927" /><E17/><V54/><F121/><W97/><G97/><T90/><D90/><U22/><E22/><V108/><F98/><W76/><G80/><AGARI ba="0,1" hai="23,24,29,80,81,82,92,95" m="34927,8255" machi="80" ten="30,2000,0" yaku="8,1,54,1" doraHai="45" who="1" fromWho="3" sc="258,0,211,30,233,0,288,-20" /><INIT seed="5,0,0,1,2,112" ten="258,241,233,268" oya="1" hai0="116,86,107,52,44,123,127,45,46,14,85,21,59" hai1="105,120,58,9,13,65,69,117,3,22,135,35,101" hai2="78,81,24,111,75,122,57,36,124,26,110,37,53" hai3="38,99,103,28,67,113,54,33,62,121,97,2,84"/><U129/><E120/><V8/><F122/><W130/><G2/><T134/><D107/><U71/><E35/><V98/><F124/><W79/><G121/><T63/><D123/><U132/><E129/><V31/><F26/><W40/><G99/><T1/><D1/><U72/><E72/><V115/><F115/><W80/><G54/><T11/><D127/><U16/><E101/><V106/><F8/><W68/><G40/><T34/><D34/><U108/><E105/><V131/><F131/><W19/><G19/><T60/><D134/><N who="1" m="51243" /><E108/><V27/><F27/><N who="3" m="18591" /><G38/><T55/><D116/><U114/><E114/><V20/><F110/><W82/><G82/><T56/><D21/><U32/><E32/><V7/><F7/><AGARI ba="0,0" hai="7,11,14,44,45,46,52,55,56,59,60,63,85,86" machi="7" ten="40,5200,0" yaku="9,1,8,1,54,1" doraHai="112" who="0" fromWho="2" sc="258,52,241,0,233,-52,268,0" owari="310,41.0,241,-16.0,181,-32.0,268,7.0" /></mjloggm>