<mjloggm ver="2.3"><GO type="97" lobby="0"/><UN n0="%E8%B1%8A%E8%87%A3%E7%A7%80%E5%B9%B8" n1="%E3%82%A6%E3%83%AB%E3%83%88%E3%83%A9%E7%AB%8B%E7%9B%B4" n2="%6D%61%73%6F%62%61" n3="%43%61%6C%6B%61%6E" dan="13,15,14,14" rate="1917.20,1973.36,1906.66,1970.75" sx="M,M,M,M"/><TAIKYOKU oya="0"/><INIT seed="0,0,0,3,3,52" ten="250,250,250,250" oya="0" hai0="97,88,95,48,126,85,61,59,17,82,135,24,62" hai1="114,86,44,122,15,3,116,67,94,83,39,13,106" hai2="101,2,35,130,89,22,54,91,99,12,77,1,55" hai3="127,66,120,53,93,20,92,72,56,105,46,124,112"/><T125/><BYE who="2" /><D135/><U115/><E106/><V49/><F49/><UN n2="%6D%61%73%6F%62%61" /><W81/><G112/><N who="1" m="43050" /><E3/><V29/><F35/><W73/><G105/><T87/><D48/><U23/><E122/><V57/><F77/><W96/><G120/><T6/><D6/><U41/><E116/><V63/><F130/><W134/><G134/><T100/><D62/><U111/><E111/><V26/><F12/><W31/><G46/><T7/><D7/><U108/><E108/><V28/><F28/><W129/><G129/><T21/><REACH who="0" step="1"/><D85/><REACH who="0" ten="240,250,250,250" step="2"/><U90/><E23/><V98/><F54/><AGARI ba="0,1" hai="17,21,24,54,59,61,82,87,88,95,97,100,125,126" machi="54" ten="40,12000,1" yaku="1,1,2,1,52,1,54,1,53,0" doraHai="52" doraHaiUra="25" who="0" fromWho="2" sc="240,130,250,0,250,-120,250,0" /><INIT seed="0,1,0,5,0,103" ten="370,250,130,250" oya="0" hai0="42,114,7,24,4,50,45,135,121,63,120,134,116" hai1="118,44,110,53,61,115,130,73,117,29,79,109,102" hai2="48,96,68,6,15,81,97,55,71,49,98,83,27" hai3="2,91,28,129,84,0,99,31,69,111,62,80,18"/><T107/><D114/><U93/><E29/><V36/><F36/><W106/><G111/><N who="1" m="42506" /><E53/><V9/><F27/><W22/><G129/><T57/><D24/><U92/><E61/><V12/><F55/><W60/><G2/><T105/><D4/><U56/><E56/><V125/><F125/><W112/><G0/><T3/><D7/><U77/><E44/><V1/><F1/><W104/><G112/><T127/><D3/><U13/><E13/><N who="2" m="5195" /><F9/><W94/><G62/><T123/><D116/><N who="1" m="44651" /><E115/><V89/><F89/><W21/><G31/><T59/><D127/><U8/><E8/><V119/><F6/><W101/><G28/><T47/><D45/><U34/><E34/><V41/><F41/><W33/><G33/><T72/><D72/><U70/><E70/><N who="2" m="26667" /><F119/><W126/><G126/><T78/><D78/><N who="1" m="29707" /><E73/><V85/><F85/><W108/><G108/><T11/><D11/><U5/><E5/><V14/><N who="2" m="5203" /><V74/><DORA hai="16" /><F74/><W54/><G18/><T75/><D75/><U65/><E130/><V76/><F76/><W133/><G133/><N who="0" m="50699" /><D59/><U86/><E86/><V32/><F32/><W51/><G60/><T52/><AGARI ba="1,0" hai="42,47,50,52,57,63,105,107,120,121,123" m="50699" machi="52" ten="40,12000,1" yaku="20,1,52,2,54,1" doraHai="103,16" who="0" fromWho="0" sc="370,123,250,-41,130,-41,250,-41" /><INIT seed="0,2,0,2,0,95" ten="493,209,89,209" oya="0" hai0="57,66,54,113,126,101,27,12,32,3,30,71,16" hai1="24,116,121,45,75,62,33,22,84,17,6,135,48" hai2="43,125,11,26,85,5,78,118,70,102,92,10,128" hai3="97,81,41,130,31,67,0,114,88,35,42,50,107"/><T55/><D113/><U18/><E75/><V109/><F70/><W129/><G114/><T133/><D3/><U86/><E121/><V69/><F69/><W49/><G0/><T106/><D133/><U132/><E33/><V64/><F125/><W104/><G67/><T134/><D134/><N who="1" m="51243" /><E116/><V1/><F128/><N who="3" m="49259" /><G35/><T68/><D126/><U99/><E6/><V90/><F109/><W96/><G31/><T119/><D119/><U122/><E122/><V77/><F118/><W112/><G112/><T93/><D71/><U79/><E62/><V34/><F64/><W51/><G81/><T36/><D93/><U60/><E60/><V29/><F11/><W23/><G23/><N who="0" m="11655" /><D57/><U74/><E74/><V39/><REACH who="2" step="1"/><F102/><REACH who="2" ten="493,209,79,209" step="2"/><W127/><G127/><T82/><D36/><U20/><E17/><V21/><F21/><W9/><G9/><T19/><D19/><U76/><E22/><V111/><F111/><W56/><G56/><T103/><D103/><U124/><E124/><V53/><F53/><W83/><G83/><T2/><D82/><U105/><E18/><V15/><F15/><W65/><G65/><T91/><D91/><U117/><E20/><V110/><F110/><W115/><G88/><T37/><D37/><U94/><E117/><V61/><F61/><W46/><G115/><T28/><D2/><U59/><E24/><V13/><F13/><W72/><G72/><T80/><D80/><U123/><E123/><V98/><F98/><N who="3" m="37995" /><G46/><AGARI ba="2,1" hai="1,5,10,26,29,34,39,43,46,77,78,85,90,92" machi="46" ten="40,1300,0" yaku="1,1,53,0" doraHai="95" doraHaiUra="100" who="2" fromWho="3" sc="493,0,209,0,79,29,209,-19" /><INIT seed="1,0,0,4,2,33" ten="493,209,108,190" oya="1" hai0="123,31,89,44,20,35,70,135,27,16,3,86,47" hai1="134,129,59,96,132,58,103,98,82,101,122,131,23" hai2="126,120,14,107,116,127,38,17,48,61,32,1,26" hai3="22,112,108,121,28,106,84,77,113,62,85,15,18"/><U36/><E23/><V68/><F107/><W9/><G106/><T43/><D70/><U51/><E51/><V105/><F38/><W76/><G121/><T54/><D123/><U12/><E12/><V41/><F105/><W53/><G108/><T71/><D71/><U8/><E8/><V125/><F120/><W87/><G112/><T49/><D135/><U130/><E122/><V115/><F116/><W64/><G113/><T13/><D3/><U40/><E40/><V46/><F1/><W5/><G28/><T72/><D72/><U21/><E21/><V66/><F115/><W50/><G62/><T60/><D60/><U91/><E36/><V117/><F117/><W2/><REACH who="3" step="1"/><G64/><REACH who="3" ten="493,209,108,180" step="2"/><T102/><D102/><U34/><E103/><V97/><F127/><W75/><G75/><T94/><D43/><U74/><E101/><V90/><F126/><W7/><G7/><T55/><REACH who="0" step="1"/><D54/><REACH who="0" ten="483,209,108,180" step="2"/><U29/><E134/><V25/><F125/><W10/><G10/><T63/><D63/><U128/><E132/><V57/><F68/><W78/><G78/><T30/><D30/><U83/><E130/><V79/><F32/><W88/><G88/><T104/><D104/><U4/><E29/><V119/><F119/><W111/><G111/><T92/><D92/><U11/><E34/><V124/><F124/><W24/><G24/><T81/><D81/><N who="1" m="30731" /><E74/><V45/><F79/><W80/><G80/><T118/><D118/><U95/><E95/><N who="2" m="56567" /><F26/><W133/><G133/><T52/><D52/><U114/><E91/><V42/><F25/><W6/><G6/><T0/><D0/><RYUUKYOKU ba="0,2" sc="483,15,209,-15,108,-15,180,15" hai0="13,16,20,27,31,35,44,47,49,55,86,89,94" hai3="2,5,9,15,18,22,50,53,76,77,84,85,87" /><INIT seed="2,1,2,3,0,76" ten="498,194,93,195" oya="2" hai0="29,90,133,71,20,106,18,89,94,96,66,108,126" hai1="105,60,115,78,15,19,132,109,88,65,14,124,122" hai2="6,104,103,34,11,45,79,22,81,110,127,44,56" hai3="3,67,53,119,86,129,31,41,51,117,9,55,8"/><V7/><F34/><W40/><G67/><T59/><D106/><U24/><E105/><V28/><F127/><W123/><G123/><T113/><D71/><U35/><E122/><V99/><F110/><W33/><G129/><T36/><D36/><U25/><E115/><V57/><F7/><W48/><G33/><T39/><D39/><U38/><E38/><V80/><F28/><W21/><G3/><T16/><D108/><U125/><E78/><V93/><F22/><W13/><G117/><T85/><D133/><U111/><E132/><V54/><F104/><W101/><G101/><T30/><D113/><U87/><E35/><V42/><F45/><W95/><G119/><T84/><D126/><N who="1" m="48747" /><E15/><V0/><F81/><W128/><G128/><T118/><D118/><U70/><E24/><V63/><F57/><N who="3" m="32935" /><G95/><T68/><D68/><U69/><E25/><V130/><F130/><W10/><G86/><T23/><D59/><U74/><E74/><V97/><F93/><W102/><G102/><T112/><D112/><U17/><E70/><V61/><F61/><W5/><G31/><T120/><D120/><U27/><E27/><V131/><F103/><W32/><G32/><T92/><D96/><U83/><E19/><V1/><F1/><W73/><G73/><T4/><D4/><U47/><E47/><V49/><F131/><W50/><G50/><T135/><D135/><U77/><E77/><V114/><F114/><W2/><G2/><T98/><D98/><U62/><E62/><V12/><F0/><W52/><G21/><AGARI ba="1,2" hai="14,17,21,60,65,69,83,87,88,109,111" m="48747" machi="21" ten="30,3900,0" yaku="18,1,52,1,54,1" doraHai="76" who="1" fromWho="3" sc="498,0,194,62,93,0,195,-42" /><INIT seed="3,0,0,3,0,36" ten="498,256,93,153" oya="3" hai0="102,83,92,54,20,91,27,18,131,70,125,118,98" hai1="55,60,65,10,0,46,128,9,8,69,75,23,111" hai2="44,34,11,130,26,114,68,94,73,112,51,101,2" hai3="84,105,80,49,106,126,6,119,53,99,95,5,124"/><W103/><G119/><T78/><D118/><U7/><E128/><V117/><F73/><W24/><G106/><T30/><D70/><U115/><E75/><V110/><F68/><W47/><G105/><T116/><D116/><U107/><E107/><V135/><F117/><W93/><G93/><T81/><D131/><U61/><E115/><V43/><F130/><W12/><G24/><T32/><D125/><N who="3" m="48233" /><G12/><T88/><D54/><U87/><E111/><V72/><F72/><W104/><G104/><T86/><REACH who="0" step="1"/><D81/><REACH who="0" ten="488,256,93,153" step="2"/><U31/><E87/><V59/><F110/><W4/><G80/><T85/><D85/><AGARI ba="0,1" hai="4,5,6,47,49,53,84,85,95,99,103" m="48233" machi="85" ten="30,1500,0" yaku="18,1" doraHai="36" who="3" fromWho="0" sc="488,-15,256,0,93,0,153,25" /><INIT seed="3,1,0,2,0,68" ten="473,256,93,178" oya="3" hai0="60,11,54,44,41,12,17,112,87,111,109,84,95" hai1="89,73,82,125,63,86,135,128,40,1,29,20,6" hai2="121,91,67,38,53,16,35,31,75,5,47,28,105" hai3="100,52,123,43,107,22,92,90,115,117,94,45,62"/><W65/><G123/><T18/><D112/><U88/><E73/><V76/><F105/><W102/><G117/><T106/><D106/><U51/><E125/><V119/><F119/><W126/><G115/><T101/><D101/><U114/><E114/><V71/><F31/><W130/><G126/><T10/><D95/><U113/><E113/><V64/><F121/><W21/><G107/><T4/><D54/><U69/><E128/><V133/><F133/><W26/><G130/><T46/><D60/><U131/><E131/><V58/><F5/><W37/><G22/><T118/><D118/><U3/><E135/><V124/><F124/><W19/><G92/><T132/><D132/><U59/><E6/><V81/><F71/><W61/><G61/><T34/><D34/><U13/><E3/><V110/><F110/><N who="0" m="41994" /><D18/><N who="1" m="10319" /><E1/><V104/><F104/><W78/><G78/><T103/><D46/><N who="1" m="26055" /><E69/><V116/><F116/><W2/><G2/><N who="0" m="279" /><D103/><U36/><E36/><AGARI ba="1,0" hai="11,12,17,36,41,44,84,87" m="279,41994" machi="36" ten="30,2000,0" yaku="14,1,52,1" doraHai="68" who="0" fromWho="1" sc="473,23,256,-23,93,0,178,0" owari="496,60.0,233,3.0,93,-41.0,178,-22.0" /></mjloggm>