<mjloggm ver="2.3"><GO type="97" lobby="0"/><UN n0="%E3%82%A6%E3%83%AB%E3%83%88%E3%83%A9%E7%AB%8B%E7%9B%B4" n1="%E3%83%9A%E3%83%AD%E3%83%9A%E3%83%AD%E3%83%81%E3%83%BC%E3%83%8E" n2="%49%57%31%31%32%32" n3="%E7%B5%82%E9%9B%BB" dan="15,15,14,13" rate="1989.36,2088.05,1985.05,1866.55" sx="M,M,M,M"/><TAIKYOKU oya="0"/><INIT seed="0,0,0,3,0,63" ten="250,250,250,250" oya="0" hai0="77,80,100,55,88,135,23,90,67,126,8,123,39" hai1="125,19,3,93,118,94,69,10,0,84,7,57,54" hai2="105,129,109,75,119,22,95,99,108,38,1,101,44" hai3="128,5,48,68,85,113,86,26,115,11,132,110,34"/><T96/><D123/><U47/><E118/><V65/><F1/><W40/><G68/><T74/><D126/><U37/><E69/><V104/><F119/><W43/><G110/><N who="2" m="42601" /><F129/><W28/><G128/><T50/><D135/><U133/><E133/><V35/><F35/><W124/><G124/><T73/><D39/><U116/><E125/><V56/><F22/><W13/><G132/><T121/><D121/><U64/><E116/><V97/><F75/><W15/><G15/><T4/><D23/><U30/><E30/><V76/><F76/><W103/><G103/><T122/><D67/><U79/><E64/><V53/><F99/><W72/><G72/><T82/><D82/><U18/><E0/><V102/><F102/><W49/><G48/><T51/><D74/><U60/><E37/><V61/><F53/><W9/><G9/><T24/><D24/><U89/><E79/><V78/><F78/><W52/><G113/><T12/><D122/><U112/><E112/><V2/><F2/><W127/><G127/><T134/><D134/><U29/><E29/><V120/><F120/><W91/><G86/><T114/><D114/><U17/><E93/><V25/><F25/><W45/><REACH who="3" step="1"/><G115/><REACH who="3" ten="250,250,250,240" step="2"/><T32/><D51/><U66/><E19/><V131/><F131/><W130/><G130/><T41/><D32/><U42/><E18/><V92/><F105/><W33/><G33/><T14/><D14/><U71/><E17/><V59/><F38/><W98/><G98/><T111/><D111/><U36/><E71/><N who="2" m="42415" /><F44/><W31/><G31/><T58/><D41/><U62/><E62/><RYUUKYOKU ba="0,1" sc="250,0,250,0,250,0,240,0" hai0="4,8,12,50,55,58,73,77,80,88,90,96,100" hai1="3,7,10,36,42,47,54,57,60,66,84,89,94" hai2="56,59,92,95,97,101,104" hai3="5,11,13,26,28,34,40,43,45,49,52,85,91" /><INIT seed="0,1,1,2,1,65" ten="250,250,250,240" oya="0" hai0="88,69,17,95,89,78,19,33,39,111,81,37,70" hai1="68,45,44,66,100,110,3,53,107,98,93,1,35" hai2="112,123,0,121,7,9,16,62,47,21,115,57,55" hai3="127,125,64,60,73,8,32,87,26,126,84,102,13"/><T30/><D30/><U105/><E35/><V56/><F47/><W63/><G102/><T109/><D33/><U43/><E110/><N who="0" m="41993" /><D17/><U20/><E105/><V120/><REACH who="2" step="1"/><F57/><REACH who="2" ten="250,250,240,240" step="2"/><N who="3" m="36879" /><G73/><N who="0" m="43215" /><D19/><U132/><E45/><V11/><F11/><W46/><G46/><T75/><D75/><U131/><E44/><V90/><F90/><N who="0" m="34922" /><D95/><U50/><E93/><V101/><F101/><W83/><G83/><T61/><D61/><U72/><E100/><V97/><F97/><W41/><G63/><T79/><D79/><U24/><E98/><V42/><F42/><W52/><G41/><T49/><D49/><U108/><E43/><V28/><F28/><N who="3" m="19479" /><G52/><T119/><D119/><U114/><E53/><V2/><F2/><W38/><G38/><AGARI ba="1,2" hai="37,38,39,69,70" m="34922,43215,41993" machi="38" ten="30,12000,1" yaku="14,1,10,1,52,2,54,1" doraHai="65" who="0" fromWho="3" sc="250,143,250,0,240,0,240,-123" /><INIT seed="0,2,0,4,5,60" ten="393,250,240,117" oya="0" hai0="110,4,12,49,56,62,113,5,83,99,10,86,11" hai1="117,94,27,98,30,25,48,100,42,44,73,101,33" hai2="109,51,103,19,80,64,81,46,9,22,53,84,65" hai3="61,7,24,133,50,17,115,123,54,55,90,114,77"/><T40/><D113/><U89/><E117/><V119/><F119/><W106/><G106/><T105/><D110/><U82/><E73/><V104/><F109/><W118/><G118/><T129/><D129/><U18/><E82/><V130/><F130/><W23/><G133/><T88/><D99/><U93/><E93/><V29/><F104/><W78/><G7/><T76/><D105/><U31/><REACH who="1" step="1"/><E18/><REACH who="1" ten="393,240,240,117" step="2"/><V87/><F81/><W96/><G123/><T58/><D76/><U2/><E2/><V14/><F103/><W43/><G114/><T37/><D83/><U3/><E3/><V92/><F92/><N who="3" m="56343" /><G115/><T75/><D75/><U127/><E127/><V59/><F87/><W32/><G32/><AGARI ba="2,1" hai="25,27,30,31,32,33,42,44,48,89,94,98,100,101" machi="32" ten="30,3900,0" yaku="1,1,7,1,9,1,53,0" doraHai="60" doraHaiUra="71" who="1" fromWho="3" sc="393,0,240,55,240,0,117,-45" /><INIT seed="1,0,0,3,4,132" ten="393,295,240,72" oya="1" hai0="66,41,80,65,7,135,26,106,32,134,33,119,72" hai1="24,70,63,62,102,56,42,77,124,22,129,101,126" hai2="130,23,115,64,4,109,92,89,104,5,125,68,76" hai3="47,10,51,6,55,122,117,74,69,60,43,36,53"/><U12/><E129/><V114/><F130/><W19/><G122/><T88/><D106/><U45/><E77/><V97/><F109/><W15/><G74/><T39/><D119/><U16/><E70/><V79/><F104/><W83/><G83/><T52/><D7/><U2/><E2/><V57/><F68/><W59/><G117/><T90/><D41/><U118/><E118/><V100/><F125/><N who="1" m="48233" /><E12/><V58/><F100/><N who="1" m="38505" /><E56/><V67/><F58/><W30/><G30/><T107/><D134/><U14/><E14/><V93/><F57/><W105/><G105/><T34/><D107/><U78/><E78/><V48/><F48/><AGARI ba="0,0" hai="16,22,24,42,45,48,62,63" m="38505,48233" machi="48" ten="30,12000,1" yaku="18,1,52,3,54,1" doraHai="132" who="1" fromWho="2" sc="393,0,295,120,240,-120,72,0" /><INIT seed="1,1,0,0,4,28" ten="393,415,120,72" oya="1" hai0="51,21,70,14,110,93,17,35,85,25,78,20,13" hai1="100,64,58,117,34,118,41,63,40,0,99,125,84" hai2="48,12,59,113,50,74,133,53,15,88,66,135,45" hai3="102,6,19,56,9,2,62,49,29,75,57,80,98"/><U92/><E125/><V106/><F74/><W83/><G29/><T114/><D70/><U121/><E121/><V130/><F106/><W123/><G123/><T54/><D114/><U37/><E0/><V71/><F113/><W91/><G75/><T16/><D110/><U67/><E67/><V87/><F130/><W104/><G19/><T128/><D128/><U3/><E3/><V119/><F119/><W18/><G18/><T10/><D35/><U126/><E126/><V82/><F66/><W111/><G111/><T33/><D33/><U24/><E24/><V77/><F71/><W69/><G69/><T116/><D116/><U86/><E34/><V73/><F135/><W47/><G91/><T7/><D78/><U94/><E86/><V89/><F89/><W101/><G102/><T30/><D85/><U105/><E105/><V55/><REACH who="2" step="1"/><F133/><REACH who="2" ten="393,415,110,72" step="2"/><W36/><G36/><T112/><D112/><U134/><E134/><V1/><F1/><W42/><REACH who="3" step="1"/><G57/><REACH who="3" ten="393,415,110,62" step="2"/><N who="0" m="32991" /><D93/><AGARI ba="1,2" hai="12,15,45,48,50,53,55,59,73,77,82,87,88,93" machi="93" ten="30,3900,0" yaku="1,1,7,1,54,1,53,0" doraHai="28" doraHaiUra="131" who="2" fromWho="0" sc="393,-42,415,0,110,62,62,0" /><INIT seed="2,0,0,4,4,116" ten="351,415,172,62" oya="2" hai0="60,117,12,67,36,13,98,128,7,31,53,55,39" hai1="114,104,91,28,92,56,86,30,72,94,70,49,102" hai2="11,2,66,5,99,25,14,54,42,122,69,81,48" hai3="96,38,63,58,88,64,6,113,47,50,130,95,20"/><V23/><F122/><W40/><G130/><T75/><D75/><U57/><E70/><V17/><F42/><W16/><G113/><T59/><D128/><U106/><E72/><V129/><F129/><W43/><G6/><T100/><D117/><U90/><E114/><V22/><F81/><W120/><G120/><T15/><D7/><U35/><E102/><V134/><F134/><W45/><G38/><T27/><D39/><U101/><E101/><V78/><F78/><W121/><G121/><T32/><D36/><U24/><E30/><V109/><F99/><W112/><G112/><T33/><REACH who="0" step="1"/><D32/><REACH who="0" ten="341,415,172,62" step="2"/><U68/><E49/><V133/><F133/><W111/><G111/><T76/><D76/><U80/><E106/><AGARI ba="0,1" hai="12,13,15,27,31,33,53,55,59,60,67,98,100,106" machi="106" ten="40,1300,0" yaku="1,1,53,0" doraHai="116" doraHaiUra="84" who="0" fromWho="1" sc="341,23,415,-13,172,0,62,0" /><INIT seed="3,0,0,1,2,105" ten="364,402,172,62" oya="3" hai0="27,90,42,11,49,113,86,109,59,103,68,117,26" hai1="2,67,4,104,61,88,129,46,58,78,84,83,51" hai2="97,119,82,114,57,127,93,122,19,123,39,47,60" hai3="31,134,52,124,7,54,74,133,21,32,118,45,22"/><W36/><G118/><T65/><D109/><U12/><E104/><V110/><F119/><W106/><G106/><T30/><D117/><U34/><E34/><V53/><F114/><W102/><G102/><T23/><D68/><U9/><E129/><V29/><F110/><W91/><G7/><T55/><D103/><U71/><E71/><V25/><F127/><W85/><G124/><T111/><D111/><U20/><E20/><V81/><F19/><W64/><G64/><T99/><D99/><U28/><E28/><V13/><F13/><W0/><G0/><T70/><D70/><U72/><E72/><V135/><F135/><N who="3" m="51723" /><G32/><T128/><D128/><U10/><E10/><V40/><F123/><W35/><G35/><T24/><D65/><U116/><E116/><V98/><F98/><W15/><G74/><T100/><D100/><U6/><E2/><V14/><F14/><W56/><G15/><T108/><D108/><U107/><E107/><V79/><F79/><W63/><G31/><T48/><D113/><U130/><E130/><V131/><F131/><W41/><G54/><T16/><D30/><U5/><E78/><V69/><F69/><W3/><G3/><T80/><D11/><U92/><E92/><AGARI ba="0,0" hai="21,22,36,41,45,52,56,63,85,91,92" m="51723" machi="92" ten="30,2900,0" yaku="20,1,54,1" doraHai="105" who="3" fromWho="1" sc="364,0,402,-29,172,0,62,29" /><INIT seed="3,1,0,0,5,116" ten="364,373,172,91" oya="3" hai0="75,3,107,126,46,79,66,93,53,134,106,70,2" hai1="105,101,111,63,104,58,129,11,28,25,109,4,12" hai2="132,68,112,82,96,6,24,14,30,15,60,50,39" hai3="98,44,40,120,81,133,90,99,67,42,65,83,34"/><W91/><G34/><T29/><D93/><U37/><E37/><V97/><F112/><W102/><G44/><T103/><D53/><U127/><E127/><V122/><F39/><W22/><G22/><T55/><D55/><N who="1" m="34271" /><E101/><V89/><F132/><W17/><G17/><T100/><D29/><U64/><E64/><V56/><F50/><W7/><G102/><T80/><D46/><U38/><E38/><V95/><F68/><W51/><G51/><T73/><D134/><U87/><E87/><V9/><F82/><W123/><G7/><T21/><D21/><N who="1" m="15407" /><E129/><V0/><F97/><W35/><REACH who="3" step="1"/><G35/><REACH who="3" ten="364,373,172,81" step="2"/><T19/><D103/><U113/><E113/><V76/><F30/><W114/><G114/><T31/><D100/><U20/><E20/><V61/><F24/><W131/><G131/><T119/><D19/><U130/><E130/><V59/><F61/><W10/><G10/><T94/><D3/><U26/><E26/><V41/><F60/><W72/><G72/><T13/><D2/><U108/><AGARI ba="1,1" hai="4,11,12,104,105,108,109,111" m="15407,34271" machi="108" ten="30,1100,0" yaku="14,1" doraHai="116" who="1" fromWho="1" sc="364,-4,373,24,172,-4,81,-6" owari="360,16.0,397,49.0,168,-23.0,75,-42.0" /></mjloggm>