<mjloggm ver="2.3"><GO type="97" lobby="0"/><UN n0="%E6%98%8E%E6%B2%BB%E3%81%AE%E9%9D%A9%E5%91%BD%E5%85%90" n1="%52%69%6E%67%79%69" n2="%E3%82%A6%E3%83%AB%E3%83%88%E3%83%A9%E7%AB%8B%E7%9B%B4" n3="%4B%2E%E7%A6%8F%E6%9D%91" dan="14,13,15,13" rate="1917.11,1885.64,1983.70,1823.56" sx="F,F,M,M"/><TAIKYOKU oya="0"/><INIT seed="0,0,0,5,1,86" ten="250,250,250,250" oya="0" hai0="97,52,4,109,60,125,74,23,56,69,87,105,98" hai1="130,94,133,78,49,22,32,123,19,1,77,2,103" hai2="40,66,106,57,100,116,6,99,83,20,129,47,132" hai3="53,72,44,58,17,107,21,28,48,117,61,31,38"/><T126/><D74/><U127/><E32/><V42/><F129/><W111/><G107/><T68/><D4/><U25/><E123/><V15/><F132/><W54/><G117/><T95/><D109/><U114/><E114/><V59/><F116/><W64/><G111/><T0/><D0/><U9/><E130/><V73/><F42/><W11/><G72/><T108/><D108/><U90/><E133/><V41/><F41/><W112/><G112/><T18/><D105/><U121/><E121/><V124/><F124/><N who="0" m="47722" /><D87/><U13/><E103/><V80/><F73/><W14/><G38/><T101/><D98/><U10/><E127/><V71/><F106/><W85/><G64/><T128/><D128/><U26/><E2/><V8/><F99/><W104/><G104/><T110/><D110/><U65/><E1/><V27/><F66/><W43/><G43/><T16/><D18/><U92/><E65/><V62/><F6/><W12/><G85/><T89/><D101/><U122/><E94/><V75/><F100/><W79/><G79/><N who="1" m="30218" /><E122/><V113/><F75/><W30/><G31/><T76/><D76/><U81/><E81/><V34/><F83/><W118/><G118/><T7/><D7/><AGARI ba="0,0" hai="7,11,12,14,17,21,28,30,44,48,53,54,58,61" machi="7" ten="30,2000,0" yaku="7,1,8,1" doraHai="86" who="3" fromWho="0" sc="250,-20,250,0,250,0,250,20" /><INIT seed="1,0,0,5,1,4" ten="230,250,250,270" oya="1" hai0="115,12,31,54,101,131,48,50,33,69,34,95,83" hai1="104,67,134,135,57,0,98,133,120,121,11,66,109" hai2="99,119,118,126,15,39,25,123,23,72,132,107,68" hai3="122,56,10,116,38,55,53,22,47,61,49,60,13"/><U86/><E109/><V30/><F99/><W129/><G116/><T37/><D37/><U124/><E86/><V19/><F107/><W84/><G129/><T105/><D131/><U90/><E124/><V106/><F106/><W102/><G122/><T96/><D115/><U79/><E79/><V43/><F72/><W3/><G3/><T82/><D69/><U6/><E67/><V88/><F68/><W128/><G128/><T8/><D105/><U71/><E57/><V70/><F88/><W92/><G38/><T75/><D50/><U58/><E58/><V28/><F43/><W42/><G22/><T117/><D117/><N who="2" m="44554" /><F39/><W65/><G61/><T80/><D75/><U18/><E18/><V45/><F45/><W17/><G84/><T78/><D78/><U62/><E90/><V24/><F70/><W9/><G102/><AGARI ba="0,0" hai="0,6,11,62,66,71,98,102,104,120,121,133,134,135" machi="102" ten="40,12000,1" yaku="20,1,23,2,52,1" doraHai="4" who="1" fromWho="3" sc="230,0,250,120,250,0,270,-120" /><INIT seed="1,1,0,5,1,13" ten="230,370,250,150" oya="1" hai0="11,29,27,33,96,25,119,45,90,126,20,57,41" hai1="26,64,17,89,15,70,104,118,34,48,123,67,76" hai2="60,132,68,6,124,125,109,69,61,110,82,46,112" hai3="135,81,35,71,94,93,66,83,39,74,107,65,31"/><U47/><E123/><V84/><F6/><W55/><G39/><T54/><D119/><U18/><E104/><V12/><F12/><W97/><G107/><T32/><D126/><N who="2" m="48746" /><F84/><W38/><G38/><T117/><D117/><U105/><E105/><V40/><F82/><W2/><G2/><T53/><D11/><U21/><E118/><V102/><F102/><W19/><G35/><T116/><D116/><U9/><E76/><V88/><F88/><N who="3" m="55463" /><G31/><T100/><D90/><U4/><E70/><N who="2" m="27243" /><F112/><W43/><G71/><T80/><D80/><N who="3" m="30793" /><G43/><T7/><D7/><U10/><E89/><V130/><F130/><W120/><G120/><T99/><D33/><U85/><E85/><V122/><F122/><W79/><G79/><T23/><D32/><U72/><E72/><V134/><F110/><W56/><G74/><T63/><D100/><U16/><E34/><V131/><F109/><W44/><G135/><N who="2" m="51753" /><F131/><W49/><G94/><T22/><D41/><N who="1" m="24687" /><E10/><V59/><F59/><W8/><G56/><T58/><D45/><U52/><E52/><V92/><F92/><W127/><G127/><T77/><D77/><U62/><E62/><V103/><F103/><W28/><G28/><AGARI ba="1,0" hai="4,9,15,16,17,18,21,26,28,64,67" m="24687" machi="28" ten="30,12000,1" yaku="8,1,52,3,54,1" doraHai="13" who="1" fromWho="3" sc="230,0,370,123,250,0,150,-123" /><INIT seed="1,2,0,2,0,69" ten="230,493,250,27" oya="1" hai0="119,60,86,54,39,35,85,59,133,4,34,7,66" hai1="48,73,40,6,108,121,124,68,67,120,80,74,26" hai2="84,100,79,134,43,11,16,49,20,27,8,109,96" hai3="12,65,123,77,115,82,25,90,37,50,93,56,19"/><U28/><E124/><V107/><F134/><W132/><G37/><T81/><D133/><U45/><E108/><V97/><F109/><W83/><G132/><T99/><D119/><U105/><E6/><V116/><F116/><W75/><G123/><T113/><D113/><U1/><E1/><V18/><F96/><W76/><G115/><T118/><D118/><U131/><E131/><V41/><F41/><W114/><G114/><T36/><D35/><U5/><E5/><V53/><F43/><W30/><G50/><T58/><D34/><U98/><E74/><V135/><F135/><W128/><G128/><T78/><D4/><U55/><E55/><V125/><F125/><W15/><G75/><T101/><D7/><U46/><E46/><V57/><F18/><W87/><G30/><T64/><D86/><U95/><E105/><V22/><F22/><N who="3" m="13535" /><G83/><T91/><D78/><N who="3" m="30313" /><G82/><T72/><D72/><U129/><E129/><V117/><F117/><W10/><G10/><T103/><D103/><U88/><E80/><V44/><F79/><W71/><G71/><T122/><D122/><U110/><E73/><V106/><F106/><W127/><G127/><T92/><D66/><U102/><E110/><V94/><F107/><W111/><G111/><T130/><D130/><U126/><E102/><V62/><REACH who="2" step="1"/><F84/><REACH who="2" ten="230,493,240,27" step="2"/><W70/><G87/><T31/><D31/><U104/><E104/><V38/><F38/><W51/><G70/><T52/><D64/><U24/><E126/><V21/><F21/><W2/><G65/><T9/><D9/><U32/><E26/><V112/><F112/><RYUUKYOKU ba="2,1" sc="230,10,493,10,240,10,27,-30" hai0="36,39,52,54,58,59,60,81,85,91,92,99,101" hai1="24,28,32,40,45,48,67,68,88,95,98,120,121" hai2="8,11,16,20,27,44,49,53,57,62,94,97,100" owari="240,-16.0,513,61.0,250,5.0,-3,-50.0" /></mjloggm>