<mjloggm ver="2.3"><GO type="169" lobby="0"/><UN n0="%E3%83%99%E3%83%AB%E3%82%92%E7%9B%97%E3%82%81%EF%BC%81" n1="%E3%83%87%E3%82%B8%E3%82%BF%E3%83%AB%E4%BB%99%E4%BA%BA" n2="%E3%82%A6%E3%83%AB%E3%83%88%E3%83%A9%E7%AB%8B%E7%9B%B4" n3="%E3%83%BB%E6%AD%8C%E8%88%9E%E4%BC%8E%E7%94%BA%E3%83%BB" dan="16,18,16,16" rate="2063.98,2179.27,2016.48,2153.99" sx="M,F,M,M"/><TAIKYOKU oya="0"/><INIT seed="0,0,0,4,3,20" ten="250,250,250,250" oya="0" hai0="2,124,94,17,43,111,63,30,131,119,24,102,48" hai1="28,37,10,61,42,60,29,19,108,55,34,38,98" hai2="5,36,21,45,39,113,134,90,65,74,127,32,133" hai3="77,53,107,64,103,35,3,7,4,23,41,87,62"/><T105/><D119/><U40/><E108/><V15/><F32/><W130/><G35/><T75/><D75/><U135/><E135/><N who="2" m="51723" /><F74/><W118/><G41/><T114/><D114/><U88/><E38/><V109/><F113/><W82/><G130/><T99/><D124/><U73/><E73/><V117/><F127/><W27/><G53/><T44/><D131/><U80/><E37/><N who="2" m="14411" /><F45/><W14/><G118/><T52/><D2/><U96/><E34/><V47/><F47/><W86/><G3/><T93/><D111/><U104/><E104/><V9/><F65/><W123/><G107/><T101/><D17/><U22/><E42/><V100/><F100/><W66/><G103/><T83/><D83/><U85/><E40/><V95/><F109/><W72/><G123/><T67/><D102/><U129/><E129/><V1/><F117/><W56/><G66/><T50/><D50/><U106/><E106/><V12/><F21/><W68/><G68/><N who="0" m="42111" /><D43/><U97/><E10/><V70/><F70/><W51/><G51/><T122/><D122/><U115/><E115/><V8/><F8/><W0/><G0/><T25/><D25/><N who="1" m="14559" /><E55/><V125/><F125/><W76/><G72/><T79/><D79/><U71/><E71/><V78/><F78/><W89/><G14/><T91/><D91/><U126/><E126/><V120/><F120/><W18/><REACH who="3" step="1"/><G76/><REACH who="3" ten="250,250,250,240" step="2"/><T69/><D69/><U121/><E121/><V31/><F15/><W58/><G58/><T84/><D84/><U11/><E85/><N who="2" m="52687" /><F12/><W16/><G16/><T26/><D30/><AGARI ba="0,1" hai="1,5,9,30,31" m="52687,14411,51723" machi="30" ten="30,1000,0" yaku="20,1" doraHai="20" who="2" fromWho="0" sc="250,-10,250,0,250,20,240,0" /><INIT seed="1,0,0,0,0,117" ten="240,250,270,240" oya="1" hai0="67,52,75,8,25,119,134,48,124,126,72,19,89" hai1="23,30,129,99,88,7,103,116,41,10,12,53,43" hai2="83,111,63,32,109,130,50,120,113,90,28,6,96" hai3="68,81,15,42,16,60,91,85,95,65,108,2,74"/><U66/><E116/><V62/><F28/><W84/><G108/><N who="2" m="41545" /><F32/><W77/><G2/><T34/><D119/><U55/><E129/><V70/><F130/><W0/><G0/><T20/><D67/><U100/><E66/><V14/><F70/><W40/><REACH who="3" step="1"/><G74/><REACH who="3" ten="240,250,270,230" step="2"/><T46/><D72/><U106/><E106/><V79/><F113/><W127/><G127/><T39/><D75/><U49/><E100/><V114/><F114/><W87/><G87/><T33/><D126/><U69/><E103/><V122/><F96/><W110/><G110/><T61/><D124/><U135/><E99/><V101/><F101/><W94/><G94/><T78/><D34/><U1/><E1/><V9/><F90/><W107/><G107/><T86/><D33/><U125/><E88/><V97/><F97/><W36/><G36/><T133/><D39/><U3/><E3/><V73/><F50/><W58/><G58/><T37/><D37/><U45/><E49/><V71/><F71/><W128/><G128/><T105/><D105/><U17/><E69/><V35/><F35/><W112/><G112/><T76/><D61/><AGARI ba="0,1" hai="6,9,14,61,62,63,73,79,83,120,122" m="41545" machi="61" ten="30,3900,0" yaku="14,1,52,2" doraHai="117" who="2" fromWho="0" sc="240,-39,250,0,270,49,230,0" /><INIT seed="2,0,0,5,1,51" ten="201,250,319,230" oya="2" hai0="50,7,100,71,21,69,45,118,63,94,86,91,49" hai1="13,24,85,19,108,84,125,112,77,39,99,36,42" hai2="73,110,68,93,107,5,8,121,46,104,66,23,82" hai3="67,114,3,41,117,55,59,126,101,78,89,22,57"/><V1/><F121/><W2/><G117/><T76/><D118/><U97/><E112/><V30/><F23/><W75/><G101/><T116/><D116/><U129/><E108/><V98/><F30/><W65/><G41/><T9/><D100/><U90/><E129/><V17/><F17/><W127/><G89/><T95/><D95/><U31/><E125/><N who="3" m="47626" /><G22/><T27/><D76/><U35/><E77/><V54/><F66/><N who="3" m="25099" /><G114/><T12/><D63/><U29/><E29/><V96/><F68/><W122/><G122/><T6/><D6/><U33/><E33/><V48/><F110/><W128/><G128/><T14/><D14/><U120/><E120/><V40/><F40/><W105/><G105/><T64/><D64/><U20/><E42/><V103/><F96/><W92/><G92/><T132/><D49/><U60/><E36/><V72/><F104/><W83/><G59/><T133/><D71/><U47/><E39/><V62/><F107/><W81/><G81/><T87/><D69/><U111/><E111/><V43/><F82/><W115/><G115/><T123/><D123/><U131/><E131/><V18/><F93/><W44/><G44/><T25/><D21/><U34/><E47/><V15/><F98/><W135/><G135/><N who="0" m="51787" /><D86/><N who="1" m="33387" /><E34/><V32/><F32/><W102/><G102/><T56/><D56/><U52/><E90/><V58/><F103/><W0/><G0/><T37/><D37/><U130/><E130/><V80/><F80/><W16/><G16/><T119/><D119/><U53/><E35/><V74/><F18/><W28/><G28/><T10/><D10/><RYUUKYOKU ba="0,0" sc="201,10,250,-30,319,10,230,10" hai0="7,9,12,25,27,45,50,87,91,94" hai2="1,5,8,15,43,46,48,54,58,62,72,73,74" hai3="2,3,55,57,75,78,83" /><INIT seed="2,1,0,2,3,115" ten="211,220,329,240" oya="2" hai0="68,31,120,23,33,74,39,77,70,108,132,44,37" hai1="38,96,105,41,123,98,2,95,118,73,99,4,3" hai2="81,101,86,42,40,75,28,51,55,113,131,50,21" hai3="29,14,130,45,43,52,91,97,88,8,16,107,48"/><V106/><F75/><W59/><G130/><T134/><D23/><U89/><E123/><V57/><F113/><W121/><G121/><T111/><D120/><U35/><E73/><V102/><F106/><W25/><G97/><T0/><D0/><U119/><E35/><V17/><F28/><W127/><G107/><T129/><D77/><U84/><E105/><V22/><F22/><W19/><G19/><T67/><D74/><U92/><E92/><V56/><F131/><W5/><G5/><T103/><D103/><U61/><E61/><V36/><F36/><N who="0" m="13898" /><D31/><U12/><E41/><N who="2" m="15979" /><F51/><N who="3" m="27071" /><G127/><T87/><D87/><U63/><E63/><V18/><F57/><W126/><G126/><T104/><D33/><U116/><E38/><V27/><F18/><W32/><G32/><T7/><D7/><U100/><E100/><V49/><F49/><W46/><G46/><T1/><D1/><U66/><E66/><V79/><AGARI ba="1,0" hai="17,21,27,50,55,56,79,81,86,101,102" m="15979" machi="79" ten="30,1500,0" yaku="8,1" doraHai="115" who="2" fromWho="2" sc="211,-6,220,-6,329,18,240,-6" /><INIT seed="2,2,0,3,0,117" ten="205,214,347,234" oya="2" hai0="89,17,102,75,35,131,27,54,38,3,62,95,13" hai1="30,80,16,93,32,123,49,125,57,114,134,15,78" hai2="24,113,81,103,47,46,2,7,42,19,26,31,122" hai3="51,56,126,5,69,10,18,11,130,58,21,118,71"/><V94/><F113/><W84/><G118/><T72/><D3/><U53/><E114/><V37/><F47/><W64/><G130/><T133/><D38/><U6/><E134/><V107/><F94/><W74/><G74/><T116/><D116/><U68/><E68/><V43/><F43/><W112/><G112/><T83/><D102/><U48/><E125/><V0/><F19/><W87/><G126/><T120/><D133/><U104/><E104/><V22/><F26/><W97/><G97/><T90/><D131/><U127/><E127/><V110/><F22/><W70/><G58/><T45/><D27/><U82/><E6/><V99/><F81/><W88/><G87/><T100/><D35/><U73/><E80/><V61/><F61/><W1/><G11/><T8/><D100/><U50/><E93/><V4/><F4/><W121/><G121/><T115/><D115/><U111/><E123/><V60/><F60/><W55/><G64/><T132/><D132/><U40/><E40/><V124/><F124/><W67/><G67/><T128/><D128/><U39/><E39/><V29/><F7/><W65/><G65/><T129/><D129/><U109/><E30/><V91/><F31/><W59/><G59/><N who="0" m="35191" /><D45/><U101/><E101/><V34/><F91/><W77/><G77/><T9/><D120/><U12/><E32/><V66/><F122/><W96/><G96/><N who="0" m="57455" /><D8/><N who="1" m="6151" /><E15/><V52/><F66/><W20/><REACH who="3" step="1"/><G18/><REACH who="3" ten="205,214,347,224" step="2"/><T14/><D75/><U36/><E78/><V41/><F99/><W76/><G76/><T33/><D72/><U44/><E73/><V92/><F107/><RYUUKYOKU ba="2,1" sc="205,-10,214,-10,347,-10,224,30" hai3="1,5,10,20,21,51,55,56,69,70,71,84,88" /><INIT seed="3,3,1,1,2,107" ten="195,204,337,254" oya="3" hai0="77,31,79,113,86,95,135,1,96,5,63,34,19" hai1="11,110,69,88,130,84,66,54,82,83,4,131,116" hai2="105,36,24,32,56,59,72,53,78,126,118,91,124" hai3="128,125,106,80,41,30,39,103,101,10,42,52,44"/><W92/><G106/><T20/><D135/><U26/><E116/><V67/><F36/><W61/><G41/><T115/><D34/><U18/><E110/><V75/><F78/><W87/><G128/><N who="1" m="49194" /><E54/><V122/><F118/><W37/><G37/><T99/><D31/><U21/><E66/><V64/><F105/><W49/><G125/><N who="2" m="48233" /><F56/><N who="3" m="34951" /><G39/><T65/><D5/><U73/><E69/><V17/><F122/><W55/><G30/><T117/><D1/><N who="1" m="399" /><E83/><V93/><F64/><W22/><G22/><T28/><D117/><U60/><E60/><N who="2" m="35951" /><F67/><W6/><G92/><T90/><D28/><U108/><E108/><V81/><F81/><W123/><G55/><T0/><D79/><U13/><E26/><V76/><F76/><N who="3" m="46471" /><G123/><T85/><D77/><U112/><E112/><V129/><F129/><W119/><G119/><T127/><D127/><U132/><E132/><V45/><F32/><W102/><G102/><T2/><D115/><U121/><E121/><V12/><F24/><W14/><AGARI ba="3,1" hai="6,10,14,42,44,49,101,103" m="46471,34951" machi="14" ten="30,6000,0" yaku="25,1,8,1,54,1" doraHai="107" who="3" fromWho="3" sc="195,-23,204,-23,337,-23,254,79" /><INIT seed="3,4,0,3,2,37" ten="172,181,314,333" oya="3" hai0="47,121,99,20,124,101,128,125,13,129,12,107,4" hai1="132,7,45,62,61,51,43,9,55,104,49,46,123" hai2="29,126,88,26,77,16,102,58,44,18,86,94,15" hai3="60,75,83,5,114,93,78,113,110,84,131,82,92"/><W74/><G5/><T127/><D121/><U103/><E123/><V130/><F126/><W109/><G60/><T71/><D71/><U90/><E132/><V79/><F130/><N who="0" m="50282" /><D4/><U54/><E104/><V22/><F102/><W27/><G27/><T95/><D20/><U68/><E103/><V87/><F18/><W85/><G131/><T50/><D107/><U42/><E90/><V116/><F116/><W23/><G23/><T57/><D57/><U40/><E68/><V135/><F135/><W56/><G56/><T115/><D115/><U48/><E48/><V120/><F120/><W89/><G89/><T64/><D64/><U25/><E25/><V17/><F17/><W65/><G65/><T70/><D70/><U0/><AGARI ba="4,0" hai="0,7,9,40,42,43,45,46,49,51,54,55,61,62" machi="0" ten="30,8000,1" yaku="0,1,9,1,52,3" doraHai="37" who="1" fromWho="1" sc="172,-24,181,92,314,-24,333,-44" /><INIT seed="4,0,0,4,2,75" ten="148,273,290,289" oya="0" hai0="118,5,11,21,99,27,108,51,114,48,2,92,47" hai1="131,101,17,59,54,113,10,42,79,77,39,73,20" hai2="103,49,37,41,66,15,71,122,94,8,19,112,43" hai3="85,53,119,132,87,82,115,26,102,106,133,33,38"/><T76/><D118/><U125/><E73/><V100/><F122/><W16/><G38/><T30/><D114/><U74/><E74/><V18/><F112/><W72/><G115/><T45/><D108/><U110/><E113/><V28/><F28/><W63/><G72/><T29/><D29/><U40/><E110/><V62/><F37/><W123/><G123/><T98/><D76/><N who="1" m="29259" /><E39/><V36/><F36/><W13/><G26/><T84/><D84/><U135/><E135/><V109/><F109/><W80/><G33/><T57/><D57/><U96/><E10/><V24/><F8/><W90/><G119/><T78/><D78/><U97/><E125/><V121/><F71/><W22/><G87/><T55/><REACH who="0" step="1"/><D92/><REACH who="0" ten="138,273,290,289" step="2"/><N who="1" m="58503" /><E97/><V0/><F121/><W32/><G85/><T34/><D34/><U127/><E127/><V3/><F94/><W23/><G32/><T65/><D65/><U128/><E128/><V86/><F66/><W35/><G35/><T31/><D31/><U14/><E131/><V124/><F86/><W116/><G116/><T120/><D120/><U1/><E1/><V46/><F3/><W93/><G133/><T68/><D68/><U70/><E70/><V6/><F0/><W88/><G132/><T52/><AGARI ba="0,1" hai="2,5,11,21,27,30,45,47,48,51,52,55,98,99" machi="52" ten="20,12000,1" yaku="1,1,0,1,7,1,9,1,54,1,53,0" doraHai="75" doraHaiUra="130" who="0" fromWho="0" sc="138,130,273,-40,290,-40,289,-40" /><INIT seed="4,1,0,3,3,39" ten="268,233,250,249" oya="0" hai0="19,36,61,115,43,78,108,85,21,8,104,122,12" hai1="4,7,81,83,90,127,120,129,60,42,73,117,24" hai2="133,70,22,29,102,15,87,53,14,9,98,17,75" hai3="125,37,18,132,72,95,84,51,106,48,41,130,45"/><T67/><D122/><U124/><E117/><V82/><F75/><W111/><G111/><T86/><D115/><U71/><E120/><V134/><F70/><W107/><G72/><T26/><D104/><U119/><E119/><V0/><F0/><W10/><G130/><T3/><D3/><U32/><E129/><V33/><F33/><W59/><G125/><N who="1" m="48202" /><E81/><V27/><F53/><W13/><G132/><N who="2" m="50793" /><F9/><W112/><G112/><T44/><D78/><N who="1" m="44495" /><E90/><N who="2" m="51575" /><F29/><W58/><G106/><AGARI ba="1,0" hai="14,15,17,22,27,98,102,106" m="51575,50793" machi="106" ten="30,1000,0" yaku="20,1" doraHai="39" who="2" fromWho="3" sc="268,0,233,0,250,13,249,-13" /><INIT seed="5,0,0,1,3,39" ten="268,233,263,236" oya="1" hai0="77,61,65,51,15,32,27,84,95,45,49,83,79" hai1="57,130,104,76,47,42,115,33,135,70,132,101,122" hai2="67,124,74,103,31,24,9,53,105,116,88,119,111" hai3="29,128,66,18,46,114,55,90,8,62,113,11,35"/><U82/><E122/><V56/><F74/><W0/><G128/><T126/><D126/><U117/><E117/><V94/><F111/><W44/><G90/><T5/><D32/><U36/><E70/><V123/><F123/><W12/><G29/><T2/><D2/><U6/><E33/><V80/><F124/><W20/><G35/><T48/><D27/><U26/><E26/><V87/><F67/><W120/><G120/><T21/><D79/><U25/><E25/><V69/><F69/><W60/><G60/><T38/><D38/><U107/><E130/><V3/><F105/><W52/><G46/><T131/><D95/><U129/><E129/><V112/><F112/><N who="3" m="43115" /><G44/><T93/><D93/><U118/><E118/><V106/><F106/><W10/><G0/><T85/><D85/><U16/><E115/><V92/><F92/><W110/><G110/><T86/><D86/><U28/><E28/><V30/><F30/><W23/><G23/><T108/><D108/><U59/><E104/><V4/><F94/><W1/><G1/><T96/><D96/><U97/><E82/><V72/><F72/><W40/><G40/><N who="0" m="24615" /><D131/><U127/><E127/><V22/><REACH who="2" step="1"/><F103/><REACH who="2" ten="268,233,253,236" step="2"/><W73/><G73/><T34/><D34/><U102/><E101/><V109/><F109/><W91/><G91/><T37/><D77/><U50/><E76/><V81/><F81/><W68/><AGARI ba="0,1" hai="8,10,11,12,18,20,52,55,62,66,68" m="43115" machi="68" ten="30,2000,0" yaku="15,1,54,1" doraHai="39" who="3" fromWho="3" sc="268,-5,233,-10,253,-5,236,30" /><INIT seed="6,0,0,5,5,92" ten="263,223,248,266" oya="2" hai0="89,22,49,93,132,70,76,28,85,13,130,53,114" hai1="71,110,47,104,6,100,86,31,87,37,67,128,66" hai2="124,99,59,4,107,50,40,39,35,8,109,80,122" hai3="101,135,52,121,60,74,90,25,61,46,78,12,75"/><V115/><F122/><W36/><G121/><T56/><D114/><U98/><E128/><V58/><F35/><W112/><G90/><T127/><D130/><U18/><E110/><V126/><F109/><W14/><G25/><T5/><D132/><U88/><E87/><V113/><F39/><W72/><G78/><T51/><D127/><N who="2" m="48682" /><F80/><W34/><G34/><T103/><D70/><U27/><E18/><V96/><F107/><W64/><G36/><T83/><D103/><U82/><E6/><V11/><F58/><W9/><G101/><T24/><D5/><U3/><E3/><N who="2" m="31" /><F11/><W131/><G9/><T62/><REACH who="0" step="1"/><D13/><REACH who="0" ten="253,223,248,266" step="2"/><U19/><E71/><V26/><F115/><W73/><G12/><T15/><D15/><U38/><E38/><V23/><F113/><W1/><G14/><T63/><D63/><U32/><REACH who="1" step="1"/><E19/><REACH who="1" ten="253,213,248,266" step="2"/><N who="2" m="12671" /><F59/><W10/><G112/><T42/><D42/><AGARI ba="0,2" hai="27,31,32,37,42,47,66,67,82,86,88,98,100,104" machi="42" ten="40,5200,0" yaku="1,1,52,1,54,1,53,0" doraHai="92" doraHaiUra="111" who="1" fromWho="0" sc="253,-52,213,72,248,0,266,0" /><INIT seed="7,0,0,1,3,20" ten="201,285,248,266" oya="3" hai0="86,106,17,119,3,45,27,88,11,124,114,73,21" hai1="72,66,24,48,100,4,68,108,90,55,127,129,8" hai2="52,117,102,19,120,123,22,71,62,126,109,134,125" hai3="34,69,5,75,89,103,93,65,111,59,6,76,51"/><W116/><G116/><T77/><D119/><U98/><E72/><V14/><F117/><W18/><G69/><T128/><D106/><U112/><E108/><V95/><F109/><W50/><G103/><T135/><D128/><U36/><E36/><V99/><F134/><W12/><G34/><T16/><D135/><U80/><E129/><V10/><F10/><W1/><G1/><T118/><D118/><U101/><E66/><V83/><F83/><W35/><G35/><T110/><D110/><U26/><E68/><V133/><F133/><W42/><G76/><T96/><D124/><N who="2" m="47722" /><F71/><W105/><G75/><T74/><D114/><U13/><E112/><V2/><F2/><W97/><G105/><T54/><D77/><U87/><E127/><V63/><F63/><N who="3" m="38143" /><G111/><T39/><D96/><U28/><E28/><V0/><F0/><W81/><G81/><N who="0" m="49231" /><D39/><U58/><E100/><V49/><F62/><W70/><G70/><T104/><D104/><AGARI ba="0,0" hai="4,8,13,24,26,48,55,58,80,87,90,98,101,104" machi="104" ten="30,3900,0" yaku="7,1,52,2" doraHai="20" who="1" fromWho="0" sc="201,-39,285,39,248,0,266,0" owari="162,-34.0,324,42.0,248,-15.0,266,7.0" /></mjloggm>