<mjloggm ver="2.3"><GO type="97" lobby="0"/><UN n0="%6B%61%73%68%65%6C%6C%79" n1="%E3%82%A6%E3%83%AB%E3%83%88%E3%83%A9%E7%AB%8B%E7%9B%B4" n2="%E9%9B%B6%E6%99%82%E8%BF%B7%E5%AD%90" n3="%30%30%31%31%33%33" dan="15,15,14,13" rate="1921.42,2005.81,1899.48,1857.39" sx="M,M,M,M"/><TAIKYOKU oya="0"/><INIT seed="0,0,0,2,3,21" ten="250,250,250,250" oya="0" hai0="56,59,118,70,77,27,5,6,40,127,49,98,18" hai1="81,13,75,111,53,97,9,69,58,122,36,45,3" hai2="76,132,46,65,103,61,25,120,34,123,30,71,68" hai3="11,29,15,87,86,37,89,100,107,128,51,91,24"/><T67/><D118/><U126/><E69/><V4/><F76/><W80/><G37/><T133/><D127/><U33/><E122/><V66/><F132/><W39/><G39/><T94/><D133/><U44/><E126/><V88/><F103/><W55/><G128/><T22/><D77/><U119/><E119/><V135/><F135/><W134/><G134/><T72/><D72/><U52/><E3/><V20/><F4/><W57/><G100/><T105/><D105/><U38/><E33/><V112/><F112/><W92/><G107/><T101/><D70/><U96/><E111/><V85/><F46/><W54/><G54/><N who="0" m="31823" /><D40/><U62/><E38/><V8/><F8/><W125/><G125/><T0/><D0/><U1/><E1/><V99/><F99/><N who="1" m="37961" /><E36/><V129/><F129/><W78/><G78/><T35/><D35/><U73/><E73/><V110/><F110/><W48/><G48/><T16/><D18/><N who="1" m="8495" /><E75/><V83/><F34/><W74/><G74/><T32/><D32/><U116/><E116/><V109/><F109/><W14/><G11/><T106/><D106/><U130/><E130/><V114/><F114/><W7/><G7/><T50/><D50/><U42/><E42/><V2/><F2/><W104/><G104/><T102/><D102/><U28/><E28/><V93/><F83/><W121/><G121/><T90/><D101/><U124/><E124/><V115/><F115/><W64/><G64/><T60/><AGARI ba="0,0" hai="5,6,16,22,27,59,60,67,90,94,98" m="31823" machi="60" ten="30,6000,0" yaku="8,1,52,1,54,1" doraHai="21" who="0" fromWho="0" sc="250,60,250,-20,250,-20,250,-20" /><INIT seed="0,1,0,1,1,135" ten="310,230,230,230" oya="0" hai0="122,87,53,68,71,42,28,84,94,133,115,3,13" hai1="117,63,54,9,129,127,20,113,38,83,65,15,128" hai2="60,64,23,29,72,66,91,81,67,45,90,17,118" hai3="37,6,57,58,46,49,114,8,40,22,116,50,119"/><T59/><D122/><U31/><E38/><V77/><F118/><W80/><G114/><T130/><D3/><U69/><E117/><V98/><F29/><W51/><G22/><T103/><D115/><U75/><E113/><V126/><F126/><W102/><G102/><T106/><D106/><U96/><E54/><V85/><F98/><W11/><G11/><T134/><D42/><U76/><E96/><V39/><F60/><W61/><G119/><T43/><D43/><U82/><E82/><V35/><F35/><W47/><G116/><T109/><D28/><U52/><E20/><V105/><F105/><W18/><G18/><T125/><D125/><U108/><E31/><V56/><F56/><W111/><G111/><T95/><D13/><U33/><E33/><V41/><REACH who="2" step="1"/><F72/><REACH who="2" ten="310,230,220,230" step="2"/><W88/><G61/><N who="0" m="36079" /><D133/><U107/><E107/><V62/><F62/><W121/><G121/><T55/><D68/><U92/><E127/><V112/><F112/><W131/><G131/><T27/><D71/><U0/><E128/><V97/><F97/><W10/><G10/><T21/><D130/><U100/><E129/><V19/><F19/><W123/><G123/><T1/><D134/><U86/><E75/><V16/><F16/><W78/><G47/><T14/><D87/><U89/><E86/><V7/><F7/><W32/><G32/><T104/><D84/><U74/><E74/><V36/><F36/><W4/><G4/><T24/><D104/><U70/><E70/><V132/><F132/><W99/><G37/><T101/><D21/><U93/><E69/><V110/><F110/><RYUUKYOKU ba="1,1" sc="310,-10,230,-10,220,30,230,-10" hai2="17,23,39,41,45,64,66,67,77,81,85,90,91" /><INIT seed="1,2,1,3,5,100" ten="300,220,250,220" oya="1" hai0="80,3,90,14,93,118,56,51,134,70,20,133,27" hai1="43,54,75,38,59,129,73,84,52,78,128,42,5" hai2="116,2,45,69,7,127,132,102,22,61,41,89,79" hai3="64,50,47,112,122,123,30,36,28,9,125,77,37"/><U71/><E71/><V107/><F116/><W74/><G64/><T25/><D3/><U21/><E5/><V66/><F79/><W33/><G125/><T12/><D70/><U24/><E84/><V108/><F108/><W124/><G124/><T76/><D118/><U40/><E38/><V117/><F127/><W17/><G112/><T85/><D133/><U95/><E95/><V4/><F2/><W119/><G119/><T48/><D134/><U111/><E111/><V10/><F10/><W8/><G77/><T31/><D27/><U97/><E97/><V57/><F69/><W115/><G74/><T106/><D106/><U126/><E126/><V34/><F34/><W109/><G115/><T103/><D103/><U44/><E44/><V60/><F60/><W135/><G109/><T1/><D1/><U16/><E54/><V88/><F117/><W65/><G65/><T35/><D35/><U94/><E94/><V13/><F132/><W113/><G113/><T19/><D31/><U114/><E114/><V26/><F102/><W130/><G130/><N who="1" m="50282" /><E78/><V72/><F72/><W120/><G135/><T15/><D56/><U0/><E0/><V55/><F55/><W87/><G33/><T91/><REACH who="0" step="1"/><D90/><REACH who="0" ten="290,220,250,220" step="2"/><U58/><E58/><V18/><F89/><W92/><G30/><T81/><D81/><U105/><E105/><V39/><F107/><W68/><G28/><T67/><D67/><U32/><E32/><V86/><F26/><W23/><G68/><T53/><D53/><U110/><E110/><V101/><F101/><W96/><G123/><T104/><D104/><RYUUKYOKU ba="2,2" sc="290,10,220,10,250,10,220,-30" hai0="12,14,15,19,20,25,48,51,76,80,85,91,93" hai1="16,21,24,40,42,43,52,59,73,75" hai2="4,7,13,18,22,39,41,45,57,61,66,86,88" /><INIT seed="1,3,2,3,1,53" ten="300,230,260,190" oya="1" hai0="118,35,123,34,107,103,37,71,108,4,129,80,48" hai1="19,83,75,97,116,1,26,106,104,52,132,42,58" hai2="86,3,59,45,39,88,47,81,5,122,13,15,7" hai3="72,20,126,109,120,114,40,41,38,66,27,57,111"/><U24/><E1/><V61/><F122/><W64/><G72/><T32/><D48/><U94/><E116/><V16/><F3/><W10/><G120/><T9/><D80/><U14/><E42/><V112/><F112/><W44/><G114/><T121/><D103/><U93/><E132/><V91/><F39/><W85/><G41/><T105/><D121/><U110/><E110/><N who="3" m="41994" /><G126/><T127/><D34/><U17/><E104/><V101/><F101/><W77/><G10/><T134/><D4/><N who="2" m="1610" /><F13/><W2/><G2/><T115/><D9/><N who="1" m="6351" /><E106/><V36/><F91/><W0/><G0/><T102/><D102/><N who="1" m="60719" /><E75/><V76/><F76/><W51/><G85/><T135/><D107/><U99/><E83/><V69/><F69/><W18/><G77/><T25/><D135/><U133/><E133/><V65/><F36/><W22/><G22/><AGARI ba="3,2" hai="15,16,22,45,47,59,61,65,81,86,88" m="1610" machi="22" ten="30,7700,0" yaku="8,1,52,1,54,2" doraHai="53" who="2" fromWho="3" sc="300,0,230,0,260,106,190,-86" /><INIT seed="2,0,0,2,5,58" ten="300,230,366,104" oya="2" hai0="60,69,94,6,39,68,82,57,97,1,129,61,126" hai1="107,56,80,85,40,43,72,96,31,10,2,135,26" hai2="89,112,27,20,122,49,4,81,113,102,21,7,41" hai3="46,124,47,109,0,50,25,18,99,100,24,117,5"/><V32/><F32/><W17/><G117/><T35/><D35/><U130/><E72/><V75/><F122/><W53/><G109/><T108/><D39/><U63/><E130/><V83/><F102/><W116/><G124/><T14/><D1/><U36/><E135/><V133/><F133/><W16/><G116/><T125/><D108/><U90/><E36/><V65/><F65/><W67/><G67/><N who="0" m="41063" /><D82/><U19/><E107/><V87/><F75/><W74/><G74/><T132/><D69/><U114/><E114/><V34/><F34/><W93/><G0/><T79/><D79/><U103/><E103/><V51/><F41/><W106/><G5/><T37/><D37/><U11/><E96/><V120/><F120/><W71/><G71/><T128/><D14/><N who="1" m="7647" /><E10/><V92/><F112/><W54/><G106/><T123/><D6/><N who="2" m="2090" /><F113/><W101/><G101/><N who="0" m="60599" /><D123/><U62/><E2/><V59/><F59/><W66/><G66/><N who="0" m="39215" /><D132/><U3/><E3/><V9/><F9/><W45/><REACH who="3" step="1"/><G45/><REACH who="3" ten="300,230,366,94" step="2"/><T13/><D126/><U48/><E56/><V111/><F111/><W134/><G134/><T91/><D125/><U121/><E121/><V55/><F81/><W131/><G131/><T127/><D127/><U104/><E104/><V33/><F83/><W88/><G88/><T52/><D91/><U119/><E119/><V12/><F89/><W29/><G29/><T64/><D129/><U30/><E30/><V28/><F28/><W44/><G44/><T42/><D128/><U84/><E90/><V70/><F70/><W73/><G73/><T105/><D105/><U110/><E80/><RYUUKYOKU ba="0,1" sc="300,-10,230,-10,366,-10,94,30" hai3="16,17,18,24,25,46,47,50,53,54,93,99,100" /><INIT seed="3,1,1,3,2,114" ten="290,220,356,124" oya="3" hai0="30,50,127,103,72,69,97,123,122,121,64,70,135" hai1="77,41,95,53,89,32,15,19,43,17,118,46,71" hai2="76,56,33,120,34,68,78,130,45,73,9,0,90" hai3="29,85,125,44,38,105,133,18,96,134,37,104,16"/><W20/><G29/><T65/><D72/><U99/><E71/><N who="0" m="27145" /><D30/><U11/><E32/><V132/><F68/><W51/><G125/><T67/><D97/><U115/><E115/><V66/><F73/><W74/><G74/><T1/><D103/><U117/><E77/><V5/><F120/><W75/><G75/><T131/><D1/><U61/><E61/><V10/><F10/><W14/><G105/><T83/><D83/><U12/><E53/><V23/><F23/><W94/><G104/><T21/><D21/><U52/><E52/><V42/><F90/><W31/><G31/><T98/><D98/><U124/><E124/><V8/><F8/><W116/><G134/><T4/><D4/><U58/><E58/><V128/><F132/><W3/><G133/><T60/><D135/><U63/><E63/><N who="2" m="38247" /><F34/><W129/><G3/><T35/><D35/><U82/><E82/><V107/><F33/><W88/><G129/><N who="2" m="49769" /><F107/><W6/><G116/><N who="1" m="44650" /><E46/><V108/><F108/><W39/><G6/><T27/><D131/><U101/><E101/><V106/><F106/><W110/><G110/><T81/><D127/><U40/><E40/><V26/><F26/><W93/><G18/><T36/><D60/><U24/><E24/><V109/><F109/><W48/><REACH who="3" step="1"/><G44/><REACH who="3" ten="290,220,356,114" step="2"/><T2/><D123/><U119/><N who="1" m="44658" /><U87/><DORA hai="79" /><E99/><V80/><F45/><W47/><G47/><T62/><D122/><U126/><E126/><V22/><F5/><W112/><G112/><T49/><D121/><U55/><E17/><V7/><F0/><W54/><G54/><T84/><D2/><RYUUKYOKU ba="1,2" sc="290,-10,220,-10,356,-10,114,30" hai3="14,16,20,37,38,39,48,51,85,88,93,94,96" /><INIT seed="3,2,2,3,3,66" ten="280,210,346,144" oya="3" hai0="129,3,90,5,30,105,103,41,60,97,26,42,16" hai1="117,125,131,71,128,28,88,31,8,109,61,43,6" hai2="49,130,70,23,132,95,34,45,100,122,4,54,36" hai3="106,80,78,24,51,91,15,10,2,98,112,126,29"/><W47/><G112/><T77/><D129/><N who="1" m="49739" /><E117/><V9/><F34/><W116/><G126/><T135/><D135/><U96/><E125/><V19/><F70/><W74/><G116/><T13/><D77/><U120/><E120/><V59/><F132/><W115/><G2/><T111/><D111/><U53/><E43/><V58/><F122/><W92/><G115/><T0/><D90/><U83/><E109/><V48/><F36/><W62/><G62/><T76/><D76/><U22/><E22/><V50/><F130/><W121/><G121/><T32/><D60/><U101/><E53/><N who="2" m="29839" /><F4/><W134/><G134/><T75/><D75/><U119/><E119/><V72/><F9/><W84/><G106/><T1/><REACH who="0" step="1"/><D5/><REACH who="0" ten="270,210,346,144" step="2"/><U7/><E7/><V82/><F72/><W27/><G29/><T114/><D114/><U52/><E31/><V107/><F100/><W46/><G46/><T133/><D133/><U113/><E28/><V21/><F107/><W104/><G104/><T102/><D102/><U110/><E101/><V25/><F82/><W99/><G99/><T65/><D65/><N who="1" m="41391" /><E113/><V44/><F95/><W38/><G38/><T14/><D14/><U85/><E96/><V40/><F23/><AGARI ba="2,3" hai="0,1,3,13,16,23,26,30,32,41,42,97,103,105" machi="23" ten="40,2600,0" yaku="1,1,54,1,53,0" doraHai="66" doraHaiUra="86" who="0" fromWho="2" sc="270,62,210,0,346,-32,144,0" owari="332,44.0,210,-19.0,314,11.0,144,-36.0" /></mjloggm>