<mjloggm ver="2.3"><GO type="97" lobby="0"/><UN n0="%73%68%69%6B%61%74%61" n1="%E3%82%A6%E3%83%AB%E3%83%88%E3%83%A9%E7%AB%8B%E7%9B%B4" n2="%E3%83%95%E3%82%A7%E3%83%AB%E3%83%A1%E3%83%BC%E3%83%AB" n3="%65%74%61%6B%61%32%34" dan="15,15,14,13" rate="2066.00,2026.29,1959.73,1887.08" sx="M,M,F,M"/><TAIKYOKU oya="0"/><INIT seed="0,0,0,4,2,36" ten="250,250,250,250" oya="0" hai0="41,118,11,88,0,115,129,73,106,71,31,116,14" hai1="61,68,25,119,105,113,79,35,70,27,4,80,114" hai2="93,120,74,45,47,34,78,109,29,117,98,122,59" hai3="13,76,6,101,51,67,49,107,17,16,127,8,42"/><T135/><D115/><N who="1" m="44043" /><E105/><V124/><F109/><W19/><G76/><T12/><D106/><U53/><E119/><V48/><F124/><W20/><G127/><T104/><D71/><U52/><E4/><V133/><F133/><W15/><G67/><T30/><D104/><U91/><E91/><V7/><F117/><W81/><G107/><T46/><D73/><N who="1" m="43119" /><E27/><V21/><F34/><W77/><G101/><T82/><D135/><U134/><E134/><V125/><F125/><W121/><G121/><T85/><D129/><U86/><E86/><V32/><F32/><W126/><G126/><T55/><D0/><U23/><E35/><V37/><F7/><W28/><G28/><T75/><D75/><U72/><E72/><V69/><F78/><W95/><G95/><T1/><D1/><U131/><E131/><V94/><F74/><W102/><G102/><T96/><D96/><U43/><E43/><V60/><F94/><W130/><G130/><T87/><D87/><U24/><E24/><V112/><F112/><W57/><G57/><T90/><D118/><U9/><E9/><V58/><F58/><W22/><G22/><T110/><D110/><U89/><E89/><V39/><F120/><W128/><G128/><T83/><D116/><U100/><E100/><N who="2" m="60495" /><F122/><W10/><G10/><T38/><D90/><U111/><E111/><V97/><F97/><W108/><G108/><T33/><D33/><U3/><E3/><V64/><F59/><W84/><G51/><T40/><D38/><N who="2" m="14346" /><F48/><W65/><G65/><T44/><D83/><U54/><E61/><V56/><F56/><RYUUKYOKU ba="0,0" sc="250,-30,250,10,250,10,250,10" hai1="23,25,52,53,54,68,70" hai2="21,29,45,47,60,64,69" hai3="6,8,13,15,16,17,19,20,42,49,77,81,84" /><INIT seed="1,1,0,0,3,76" ten="220,260,260,260" oya="1" hai0="57,132,27,84,109,1,16,73,25,92,12,119,14" hai1="21,90,126,122,118,82,46,81,52,113,42,34,50" hai2="112,51,99,23,135,48,68,6,116,77,104,5,123" hai3="45,13,114,66,29,55,22,65,102,24,70,83,78"/><U53/><E34/><V18/><F116/><W28/><G114/><T98/><D73/><U0/><E0/><V74/><F123/><W20/><G102/><T124/><D119/><U130/><E122/><V43/><F68/><W134/><G134/><T127/><D1/><U2/><E2/><V115/><F135/><W121/><G121/><T60/><D132/><U111/><E113/><N who="2" m="43595" /><F99/><W110/><G110/><T4/><D109/><U15/><E111/><V32/><F104/><W94/><G94/><T133/><D133/><U56/><E118/><V67/><F67/><W7/><G70/><T97/><D4/><N who="2" m="1642" /><F43/><W72/><G7/><T108/><D108/><U31/><E126/><N who="0" m="48169" /><D84/><U120/><E120/><V49/><F32/><W69/><G69/><T95/><D14/><U38/><E130/><V106/><F106/><W36/><G13/><T131/><D131/><U91/><E53/><V71/><F71/><W89/><G89/><N who="0" m="55439" /><D57/><U8/><E91/><V128/><F128/><W47/><G47/><T105/><D60/><U9/><E90/><V19/><F23/><W100/><G100/><N who="0" m="60511" /><D105/><U54/><E15/><V41/><F41/><W96/><G96/><T40/><D40/><U64/><E64/><V39/><F39/><W87/><G72/><T80/><D80/><AGARI ba="1,0" hai="18,19,48,49,51,74,77,80" m="1642,43595" machi="80" ten="40,2600,0" yaku="11,1,52,1" doraHai="76" who="2" fromWho="0" sc="220,-29,260,0,260,29,260,0" /><INIT seed="2,0,0,5,4,61" ten="191,260,289,260" oya="2" hai0="98,41,46,6,109,82,129,21,111,86,38,14,50" hai1="84,121,42,10,102,108,32,16,60,43,66,93,59" hai2="132,101,124,56,87,69,99,67,94,71,31,26,15" hai3="5,52,24,19,51,118,1,40,54,116,130,91,90"/><V123/><F123/><W92/><G130/><T47/><D129/><U49/><E32/><V9/><F132/><W72/><G72/><T112/><D98/><N who="1" m="59727" /><E108/><N who="0" m="41545" /><D112/><U27/><E121/><V122/><F122/><W80/><G40/><N who="1" m="15402" /><E84/><V34/><F124/><W75/><G54/><T13/><D21/><N who="1" m="13735" /><E10/><V126/><F126/><W74/><G74/><T83/><D6/><U125/><E125/><V7/><REACH who="2" step="1"/><F87/><REACH who="2" ten="191,260,279,260" step="2"/><W44/><G118/><T4/><D86/><U115/><E115/><V73/><F73/><W58/><G116/><T57/><D38/><U133/><E133/><V12/><F12/><W39/><G75/><T79/><D14/><U97/><E97/><V20/><F20/><W29/><G1/><T35/><D35/><U76/><E76/><V96/><F96/><W63/><G80/><T135/><D83/><U48/><AGARI ba="0,1" hai="48,49,59,60,66" m="13735,15402,59727" machi="48" ten="30,4000,0" yaku="8,1,52,1,54,1" doraHai="61" who="1" fromWho="1" sc="191,-10,260,50,279,-20,260,-10" /><INIT seed="3,0,0,2,5,3" ten="181,310,259,250" oya="3" hai0="133,90,33,72,93,91,127,126,99,107,112,59,27" hai1="104,118,115,4,89,110,60,25,58,69,6,53,122" hai2="56,57,34,125,37,63,0,73,46,29,51,77,83" hai3="66,49,86,113,50,16,87,22,96,78,116,11,28"/><W42/><G116/><T124/><D33/><U105/><E115/><V30/><F34/><W88/><G113/><T76/><D59/><U81/><E122/><V108/><F57/><W36/><G36/><T114/><D27/><U40/><E69/><V97/><F37/><W10/><G66/><T120/><D120/><U85/><E110/><V23/><F108/><W32/><G32/><T47/><D47/><U74/><E104/><V92/><F0/><W82/><G28/><T128/><D128/><U38/><E105/><V129/><F23/><W7/><G96/><T102/><D133/><U68/><E68/><V48/><F129/><W123/><G123/><T24/><D24/><U98/><E74/><V95/><F95/><N who="3" m="54679" /><G42/><T20/><D20/><U62/><E40/><V54/><F51/><N who="3" m="19467" /><G7/><N who="1" m="2602" /><E38/><V117/><F117/><W131/><G131/><T75/><D75/><U21/><E118/><V26/><F26/><AGARI ba="0,0" hai="10,11,16,22,26,78,82,87" m="19467,54679" machi="26" ten="30,5800,0" yaku="8,1,54,2" doraHai="3" who="3" fromWho="2" sc="181,0,310,0,259,-58,250,58" /><INIT seed="3,1,0,5,2,46" ten="181,310,201,308" oya="3" hai0="54,42,68,7,76,20,86,53,103,130,1,93,47" hai1="110,105,55,131,34,100,35,106,90,59,70,9,127" hai2="23,58,126,19,123,122,87,121,51,128,81,94,22" hai3="108,72,49,96,102,56,2,82,62,107,84,97,101"/><W8/><G72/><T125/><D68/><U92/><E100/><V60/><F94/><W71/><G71/><T5/><D1/><U77/><E77/><V36/><F36/><W99/><G108/><T40/><D130/><U39/><E39/><V32/><F32/><N who="1" m="12329" /><E9/><V132/><F128/><W91/><G49/><N who="0" m="26855" /><D125/><U61/><E70/><V113/><F113/><W37/><G37/><T65/><D65/><U17/><E131/><V118/><F118/><W89/><G89/><N who="0" m="53431" /><D42/><U4/><E4/><N who="0" m="1609" /><D76/><U12/><E127/><V24/><F126/><W120/><G120/><T52/><D20/><U27/><E106/><V3/><F3/><W41/><G41/><T11/><D103/><U116/><E105/><V124/><F124/><W133/><G133/><T43/><D43/><U117/><E110/><V112/><F132/><W38/><G38/><T14/><D14/><U114/><E12/><V26/><F112/><W48/><G48/><T57/><D11/><U15/><E15/><V28/><F51/><AGARI ba="1,0" hai="51,52,53,54,57" m="1609,53431,26855" machi="51" ten="30,7700,0" yaku="8,1,52,2,54,1" doraHai="46" who="0" fromWho="2" sc="181,80,310,0,201,-80,308,0" owari="261,-14.0,310,41.0,121,-38.0,308,11.0" /></mjloggm>