<mjloggm ver="2.3"><GO type="169" lobby="0"/><UN n0="%70%69%79%6F%65%6D%6F%6E" n1="%E3%82%A6%E3%83%AB%E3%83%88%E3%83%A9%E7%AB%8B%E7%9B%B4" n2="%E3%81%B3%E3%82%8A%E3%81%B3%E3%82%8A%E2%98%86%E3%83%93%E3%83%AA%E3%83%BC" n3="%48%41%52%45%4D" dan="16,17,18,16" rate="2051.02,2061.45,2254.07,2177.98" sx="M,M,M,M"/><TAIKYOKU oya="0"/><INIT seed="0,0,0,3,1,0" ten="250,250,250,250" oya="0" hai0="126,123,37,28,7,53,46,120,61,74,83,71,110" hai1="112,117,43,101,88,47,32,40,16,17,97,119,26" hai2="98,5,35,18,73,99,54,49,78,102,24,36,19" hai3="75,63,13,45,104,27,20,41,51,135,132,107,90"/><T125/><D28/><U76/><E76/><V9/><F36/><W29/><G75/><T67/><D110/><U1/><E1/><V30/><F78/><W96/><G63/><T23/><D23/><U85/><E112/><V65/><F65/><W64/><G64/><T82/><D74/><U124/><E40/><V127/><F73/><W129/><G129/><T111/><D111/><U8/><E124/><N who="0" m="47721" /><D7/><U11/><E32/><V103/><F127/><W113/><G113/><T94/><D94/><U25/><E25/><V121/><F121/><N who="0" m="46666" /><D53/><U56/><E26/><V84/><F19/><W81/><G13/><T93/><D93/><U109/><E109/><V86/><F18/><W77/><G107/><T128/><D128/><U69/><E16/><V130/><F130/><W22/><G22/><T39/><D39/><U59/><E17/><V3/><F103/><W21/><G21/><T2/><D2/><U42/><E101/><V15/><F3/><W52/><G104/><T55/><D55/><U70/><E11/><V33/><F33/><W14/><G14/><T57/><D57/><U31/><E8/><V66/><F66/><W131/><G131/><T116/><D116/><U100/><E59/><N who="2" m="33231" /><F102/><W89/><G52/><T6/><D6/><U106/><E100/><V4/><F5/><W12/><G12/><T91/><D91/><U62/><E88/><V118/><F118/><W79/><G90/><T48/><D37/><U122/><E119/><V108/><F108/><W10/><G10/><T58/><D58/><U92/><E117/><V34/><F34/><W72/><G79/><RYUUKYOKU ba="0,0" sc="250,10,250,-30,250,10,250,10" hai0="46,48,61,67,71,82,83" hai2="4,9,15,24,30,35,84,86,98,99" hai3="20,27,29,41,45,51,72,77,81,89,96,132,135" /><INIT seed="0,1,0,4,1,72" ten="260,220,260,260" oya="0" hai0="1,133,135,22,28,105,40,77,127,76,102,101,8" hai1="108,31,12,23,25,32,82,113,27,64,45,15,36" hai2="78,11,94,24,0,50,83,59,107,73,104,18,98" hai3="35,2,84,60,79,14,124,17,100,57,75,117,65"/><T63/><D127/><U68/><E113/><V116/><F116/><W122/><G35/><T7/><D40/><U118/><E118/><V44/><F59/><W37/><G117/><T128/><D128/><U90/><E108/><V99/><F99/><W19/><G2/><T10/><D10/><U92/><E64/><V121/><F121/><W29/><G37/><T91/><D91/><U6/><E68/><V97/><F97/><W103/><G124/><T129/><D129/><U69/><E69/><V111/><F111/><W86/><G122/><T85/><D85/><U52/><E6/><V47/><F47/><W126/><G29/><T131/><D131/><U61/><E36/><V53/><F0/><W89/><G75/><T125/><D125/><U106/><E106/><V115/><F115/><W130/><G126/><T21/><D63/><U93/><E27/><V120/><F120/><W70/><G70/><T62/><D62/><U110/><E32/><V43/><F43/><W80/><G130/><T56/><D56/><N who="1" m="34951" /><E45/><V67/><F67/><W71/><G71/><T34/><D34/><U16/><E110/><V4/><F4/><W132/><G132/><N who="0" m="50763" /><D105/><U112/><E112/><V55/><F55/><W41/><G41/><T46/><D46/><U26/><E82/><V20/><REACH who="2" step="1"/><F11/><REACH who="2" ten="260,220,250,260" step="2"/><W33/><G103/><AGARI ba="1,1" hai="18,20,24,44,50,53,73,78,83,94,98,103,104,107" machi="103" ten="30,7700,0" yaku="1,1,2,1,7,1,52,1,53,0" doraHai="72" doraHaiUra="3" who="2" fromWho="3" sc="260,0,220,0,250,90,260,-80" /><INIT seed="1,0,0,4,0,69" ten="260,220,340,180" oya="1" hai0="94,115,74,51,11,95,29,32,113,3,58,119,64" hai1="19,80,73,109,118,77,92,42,41,70,39,22,79" hai2="17,116,112,30,101,126,16,56,35,104,108,12,34" hai3="99,55,76,54,27,59,28,2,31,4,20,33,130"/><U61/><E118/><V129/><F116/><W68/><G130/><T83/><D119/><U93/><E79/><V25/><F129/><W81/><G76/><T127/><D127/><U10/><E109/><V90/><F126/><W102/><G68/><T37/><D37/><U44/><E42/><V43/><F108/><W40/><G40/><T82/><D74/><U105/><E105/><V133/><F35/><W26/><G81/><T9/><D3/><U46/><E46/><V57/><F43/><W134/><G134/><T103/><D103/><U14/><E70/><V60/><F57/><W52/><G4/><T63/><D32/><U36/><E61/><V84/><F133/><W24/><G24/><T135/><D29/><U50/><E92/><N who="0" m="35369" /><D135/><U65/><E65/><V53/><F112/><W66/><G2/><T86/><D115/><U96/><REACH who="1" step="1"/><E10/><REACH who="1" ten="260,210,340,180" step="2"/><N who="2" m="6167" /><F104/><W132/><G132/><T75/><D113/><U6/><E6/><V45/><F60/><W48/><G66/><T128/><D64/><U18/><E18/><V98/><F17/><W97/><G102/><AGARI ba="0,1" hai="14,19,22,36,39,41,44,50,73,77,80,93,96,102" machi="102" ten="30,11600,0" yaku="1,1,7,1,52,2,53,0" doraHai="69" doraHaiUra="87" who="1" fromWho="3" sc="260,0,210,126,340,0,180,-116" /><INIT seed="1,1,0,4,3,44" ten="260,336,340,64" oya="1" hai0="30,38,89,34,8,31,4,69,57,98,13,14,28" hai1="6,103,77,102,79,86,59,90,95,29,0,91,32" hai2="117,62,128,40,104,3,96,106,9,85,82,7,15" hai3="12,22,120,108,49,74,55,54,114,18,134,47,122"/><U129/><E32/><V45/><F117/><W113/><G74/><T87/><D69/><U5/><E0/><V1/><F128/><W39/><G39/><T100/><D38/><U93/><E29/><V56/><F1/><W33/><G33/><T35/><D14/><U20/><E20/><V37/><F96/><W107/><G107/><T43/><D43/><U71/><E71/><V133/><F133/><W68/><G68/><T73/><D73/><U130/><E59/><V135/><F135/><W2/><G2/><T61/><D98/><U116/><REACH who="1" step="1"/><E86/><REACH who="1" ten="260,326,340,64" step="2"/><V78/><F3/><W27/><G134/><T125/><D34/><U88/><E88/><V76/><F78/><W112/><G108/><T81/><D35/><U80/><E80/><V84/><F85/><W127/><G127/><T83/><D83/><U101/><E101/><V11/><F9/><W60/><REACH who="3" step="1"/><G27/><REACH who="3" ten="260,326,340,54" step="2"/><T97/><D125/><U48/><E48/><V132/><F132/><W67/><G67/><AGARI ba="1,2" hai="7,11,15,37,40,45,56,62,67,76,82,84,104,106" machi="67" ten="30,1000,0" yaku="7,1" doraHai="44" who="2" fromWho="3" sc="260,0,326,0,340,33,54,-13" /><INIT seed="2,0,0,5,0,90" ten="260,326,373,41" oya="2" hai0="123,58,20,15,128,2,19,116,97,7,35,54,3" hai1="27,93,83,79,129,74,44,28,119,82,31,105,80" hai2="71,117,124,36,103,38,4,10,126,50,75,63,33" hai3="12,85,65,120,53,130,0,91,34,56,72,22,17"/><V25/><F117/><W8/><G34/><T109/><D123/><U57/><E105/><V76/><F50/><W114/><G130/><T59/><D128/><U135/><E119/><V99/><F76/><W102/><G114/><T45/><D116/><U88/><E129/><V67/><F75/><W77/><G120/><T94/><D109/><U122/><E122/><V68/><F68/><W30/><G102/><T89/><D35/><U113/><E113/><V133/><F133/><W134/><G65/><T104/><D104/><U29/><E135/><V6/><F6/><W81/><G134/><T131/><D131/><U51/><E57/><V125/><F25/><W78/><G72/><T48/><REACH who="0" step="1"/><D7/><REACH who="0" ten="250,326,373,41" step="2"/><U43/><REACH who="1" step="1"/><E27/><REACH who="1" ten="250,316,373,41" step="2"/><V47/><F126/><W92/><G0/><AGARI ba="0,2" hai="0,2,3,15,19,20,45,48,54,58,59,89,94,97" machi="0" ten="40,5200,0" yaku="1,1,2,1,52,1,53,0" doraHai="90" doraHaiUra="26" who="0" fromWho="3" sc="250,72,316,0,373,0,41,-52" owari="322,12.0,316,-8.0,373,47.0,-11,-51.0" /></mjloggm>