<mjloggm ver="2.3"><GO type="225" lobby="0"/><UN n0="%E3%81%BF%E3%81%BF%E3%81%9A" n1="%E3%81%B5%E3%82%82%E3%81%B5%E3%82%82%CE%B2" n2="%E3%81%82%E3%81%8B%E3%81%B9%E3%81%87%E3%81%9D%E3%81%B5%E3%81%A8%32" n3="%E3%82%A6%E3%83%AB%E3%83%88%E3%83%A9%E7%AB%8B%E7%9B%B4" dan="18,16,16,16" rate="2227.10,2014.31,2049.77,2080.53" sx="M,M,M,M"/><TAIKYOKU oya="0"/><INIT seed="0,0,0,4,3,1" ten="250,250,250,250" oya="0" hai0="56,0,54,107,130,79,114,46,31,133,77,59,127" hai1="34,23,89,66,109,22,16,105,102,28,122,86,62" hai2="33,26,3,121,58,108,65,6,113,8,73,128,40" hai3="57,124,94,17,42,84,116,24,13,132,98,20,29"/><T117/><D117/><U4/><E122/><V110/><F121/><W72/><G72/><T95/><D114/><U78/><E78/><N who="0" m="29705" /><D107/><U91/><E34/><V83/><F113/><W70/><G70/><T37/><D0/><U18/><E105/><V80/><F128/><W9/><G124/><T75/><D37/><U43/><E102/><V126/><F126/><W41/><G132/><T106/><D106/><U135/><E43/><V112/><F112/><W25/><G116/><T49/><D75/><U93/><E135/><V97/><F97/><W120/><G120/><T111/><D127/><U99/><E28/><N who="2" m="19607" /><F40/><W69/><G69/><T76/><D111/><N who="2" m="42538" /><F73/><W125/><G125/><T74/><D74/><U129/><E109/><V5/><F5/><W90/><G84/><T12/><D133/><U82/><E4/><V21/><F21/><N who="1" m="7689" /><E129/><V32/><F32/><W60/><REACH who="3" step="1"/><G25/><REACH who="3" ten="250,250,250,240" step="2"/><T35/><D130/><U64/><E86/><V36/><F36/><W50/><G50/><T134/><D134/><U10/><E62/><AGARI ba="0,1" hai="3,6,8,58,62,65,80,83" m="42538,19607" machi="62" ten="30,2000,0" yaku="14,1,52,1" doraHai="1" who="2" fromWho="1" sc="250,0,250,-20,250,30,240,0" /><INIT seed="1,0,0,5,4,37" ten="250,230,280,240" oya="1" hai0="135,8,35,56,13,110,65,106,39,52,0,40,32" hai1="91,101,94,71,82,60,20,119,27,47,28,103,2" hai2="25,16,72,102,4,74,12,5,26,111,1,54,114" hai3="134,120,46,44,11,108,88,73,118,127,98,93,36"/><U64/><E119/><V41/><F111/><W58/><G73/><T6/><D106/><U100/><E2/><V38/><F114/><W97/><G120/><T10/><D110/><U126/><E126/><V45/><F102/><W31/><G127/><T66/><D135/><U81/><REACH who="1" step="1"/><E47/><REACH who="1" ten="250,220,280,240" step="2"/><V121/><F1/><W133/><G118/><T34/><D0/><U130/><E130/><V14/><F121/><W115/><G108/><T23/><D10/><U15/><E15/><V117/><F117/><W87/><G115/><T99/><D8/><U62/><E62/><V70/><F14/><W43/><G11/><T42/><D13/><U78/><E78/><V92/><F45/><W63/><G46/><T112/><D112/><U49/><E49/><V83/><F12/><W75/><G134/><T53/><D39/><U90/><E90/><V30/><F38/><W67/><G133/><T9/><D9/><U104/><E104/><V116/><F116/><W19/><G44/><T96/><D6/><U132/><E132/><V33/><F4/><W86/><G88/><T123/><D123/><U84/><AGARI ba="0,1" hai="20,27,28,60,64,71,81,82,84,91,94,100,101,103" machi="84" ten="30,6000,0" yaku="1,1,0,1,53,1" doraHai="37" doraHaiUra="57" who="1" fromWho="1" sc="250,-20,220,70,280,-20,240,-20" /><INIT seed="1,1,0,4,5,44" ten="230,290,260,220" oya="1" hai0="52,64,77,78,21,119,83,11,72,38,85,101,29" hai1="129,30,123,79,104,102,112,67,61,10,56,99,128" hai2="89,130,63,103,45,24,19,62,92,35,6,115,87" hai3="66,28,53,31,121,27,95,73,42,5,70,47,68"/><U15/><E112/><V94/><F130/><W125/><G73/><T111/><D119/><U59/><E123/><V122/><F122/><W120/><G120/><T86/><D38/><U16/><E79/><V97/><F115/><W131/><G121/><T13/><D111/><U90/><E30/><V109/><F109/><W43/><G131/><N who="1" m="50250" /><E90/><V23/><F35/><W40/><G125/><T8/><D64/><U91/><E91/><V58/><F6/><W116/><G116/><T110/><D110/><U113/><E113/><V134/><F134/><W76/><G76/><T3/><D101/><U33/><E33/><V12/><F24/><W74/><G74/><T4/><D78/><U41/><E41/><V100/><F100/><W0/><G31/><T49/><D21/><U37/><E37/><V84/><F84/><W2/><G27/><T46/><REACH who="0" step="1"/><D29/><REACH who="0" ten="220,290,260,220" step="2"/><U75/><E75/><V25/><F103/><W17/><G28/><T82/><D82/><U98/><E98/><V133/><F97/><W9/><G66/><T71/><D71/><AGARI ba="1,1" hai="10,15,16,56,59,61,67,71,99,102,104" m="50250" machi="71" ten="30,2900,0" yaku="19,1,54,1" doraHai="44" who="1" fromWho="0" sc="220,-32,290,42,260,0,220,0" /><INIT seed="1,2,0,3,1,23" ten="188,332,260,220" oya="1" hai0="2,112,47,110,124,5,123,116,26,72,25,135,66" hai1="44,36,95,11,114,34,22,56,74,4,103,67,119" hai2="86,24,91,28,77,17,20,78,129,122,117,12,10" hai3="35,126,80,0,93,102,6,81,50,63,85,105,38"/><U46/><E34/><V39/><F122/><W43/><G105/><T37/><RYUUKYOKU type="yao9" ba="2,0" sc="188,0,332,0,260,0,220,0" hai0="2,5,25,26,37,47,66,72,110,112,116,123,124,135" /><INIT seed="1,3,0,5,5,23" ten="188,332,260,220" oya="1" hai0="93,120,56,5,37,20,45,6,46,103,4,16,107" hai1="99,104,65,132,130,60,12,27,117,17,68,42,133" hai2="54,38,95,62,33,73,109,118,78,126,124,96,80" hai3="44,15,40,72,134,63,47,13,82,79,121,135,122"/><U21/><E117/><V36/><F33/><W64/><G15/><T19/><D107/><U88/><E42/><V9/><F118/><W128/><G13/><T87/><D120/><U89/><E130/><V105/><F105/><W41/><G82/><T102/><D56/><U7/><E104/><V92/><F109/><W114/><G79/><T18/><D20/><U106/><E106/><V35/><F35/><W90/><G90/><N who="0" m="53471" /><D37/><U28/><E7/><N who="0" m="1793" /><T43/><DORA hai="66" /><D43/><N who="3" m="16457" /><G72/><T74/><D74/><U24/><E99/><V58/><F9/><W11/><G11/><T52/><D46/><N who="3" m="17449" /><G114/><T50/><AGARI ba="3,0" hai="16,18,19,45,50,52,102,103" m="1793,53471" machi="50" ten="40,5200,0" yaku="8,1,54,2" doraHai="23,66" who="0" fromWho="0" sc="188,61,332,-29,260,-16,220,-16" /><INIT seed="2,0,0,5,1,120" ten="249,303,244,204" oya="2" hai0="110,89,16,38,13,48,60,20,123,25,111,27,131" hai1="93,132,50,90,121,37,73,75,114,31,2,105,124" hai2="4,108,130,57,103,109,118,6,94,85,68,76,49" hai3="53,119,102,30,22,69,39,5,36,21,80,117,11"/><V127/><F118/><W92/><G69/><T82/><D38/><U8/><E37/><V91/><F68/><W3/><G39/><T32/><D123/><U63/><E105/><V71/><F71/><W133/><G36/><T19/><D131/><U56/><E121/><V10/><F130/><W86/><G133/><T101/><D101/><U65/><E114/><V1/><F6/><W99/><G53/><T59/><D48/><U26/><E50/><V34/><F34/><W14/><G22/><T125/><D125/><U79/><E79/><V52/><F127/><W74/><G74/><T61/><D32/><U116/><E116/><V46/><F103/><W47/><G47/><T126/><D126/><U78/><E78/><V51/><REACH who="2" step="1"/><F76/><REACH who="2" ten="249,303,234,204" step="2"/><W18/><G117/><T0/><D111/><U106/><E124/><V95/><F95/><W97/><G119/><T7/><D110/><U112/><E93/><V66/><F66/><W45/><G92/><T23/><D0/><U128/><E2/><V17/><F17/><W41/><G102/><T129/><D129/><U9/><E128/><V70/><F70/><W15/><G3/><T67/><D82/><U88/><E65/><V42/><AGARI ba="0,1" hai="1,4,10,42,46,49,51,52,57,85,91,94,108,109" machi="42" ten="30,18000,2" yaku="1,1,0,1,52,2,54,1,53,1" doraHai="120" doraHaiUra="83" who="2" fromWho="2" sc="249,-60,303,-60,234,190,204,-60" /><INIT seed="2,1,0,3,3,69" ten="189,243,424,144" oya="2" hai0="60,105,133,59,78,8,26,85,112,130,127,108,70" hai1="64,10,129,21,35,89,81,41,54,100,49,23,88" hai2="124,17,11,101,74,135,128,106,71,104,55,92,96" hai3="75,18,4,87,126,15,116,29,57,63,94,131,19"/><V42/><F135/><W37/><G75/><T5/><D112/><U52/><E35/><V80/><F124/><W114/><G116/><T12/><D105/><U36/><E129/><V73/><F71/><W115/><G29/><T14/><D133/><U120/><E36/><V61/><F42/><W84/><G126/><T121/><D127/><U31/><E120/><V50/><F61/><W40/><G131/><T107/><D107/><U46/><E64/><V90/><F128/><W113/><G4/><T125/><D130/><U76/><E100/><V111/><F111/><W118/><G118/><T25/><D70/><U6/><E23/><V38/><F38/><W122/><G122/><T16/><D108/><U0/><E21/><V28/><F28/><W109/><G109/><T56/><D125/><U77/><E31/><V1/><F1/><W32/><G32/><T110/><D110/><U67/><E67/><V34/><F34/><W62/><G94/><T103/><D103/><U132/><E132/><V24/><F106/><W22/><G19/><T123/><D123/><U44/><E77/><V48/><F104/><W53/><REACH who="3" step="1"/><G63/><REACH who="3" ten="189,243,424,134" step="2"/><T68/><D121/><U95/><E95/><V39/><F92/><W20/><G20/><N who="0" m="11287" /><D60/><U7/><E6/><V2/><F17/><W58/><G58/><N who="0" m="22059" /><D68/><U91/><REACH who="1" step="1"/><E46/><AGARI ba="1,1" hai="15,18,22,37,40,46,53,57,62,84,87,113,114,115" machi="46" ten="40,5200,0" yaku="1,1,11,1,52,1,53,0" doraHai="69" doraHaiUra="79" who="3" fromWho="1" sc="189,0,243,-55,424,0,134,65" /><INIT seed="3,0,0,3,0,101" ten="189,188,424,199" oya="3" hai0="122,8,30,107,64,67,6,53,94,106,9,7,39" hai1="83,113,32,93,109,99,126,37,56,72,27,104,44" hai2="48,75,65,82,1,90,21,92,41,17,135,46,103" hai3="36,125,33,114,129,18,63,38,20,54,26,128,115"/><W12/><G54/><T31/><D94/><U5/><E113/><N who="3" m="43018" /><G63/><T25/><D122/><U81/><E104/><V76/><F1/><W71/><G71/><T24/><D53/><U43/><E109/><V130/><F103/><W19/><G38/><AGARI ba="0,0" hai="6,7,8,9,24,25,30,31,38,39,64,67,106,107" machi="38" ten="25,6400,0" yaku="22,2,52,2" doraHai="101" who="0" fromWho="3" sc="189,64,188,0,424,0,199,-64" owari="253,5.0,188,-21.0,424,52.0,135,-36.0" /></mjloggm>