<mjloggm ver="2.3"><GO type="169" lobby="0"/><UN n0="%E9%B7%B9%E6%AD%A3%E3%81%AE%E5%80%85%EF%BC%9D%E5%AF%8C%E7%8C%AB" n1="%E3%82%80%E3%81%A8%E3%81%85%E3%83%BC" n2="%EF%BC%88%63%72%6F%73%73%EF%BC%89" n3="%EF%BC%88%E2%89%A7%E2%96%BD%E2%89%A6%EF%BC%89" dan="17,16,16,19" rate="2208.62,2160.79,2116.70,2272.03" sx="M,M,M,M"/><TAIKYOKU oya="0"/><INIT seed="0,0,0,3,5,107" ten="250,250,250,250" oya="0" hai0="78,130,92,112,115,38,105,124,67,83,71,65,77" hai1="7,133,0,69,131,86,116,5,81,44,13,55,53" hai2="27,58,22,73,60,47,84,46,126,89,41,25,49" hai3="50,88,23,2,103,12,28,40,102,62,98,36,4"/><T123/><D105/><U94/><E0/><V129/><F126/><W79/><G36/><T91/><D123/><U85/><E69/><V10/><F129/><W111/><G111/><T95/><D38/><U93/><E133/><V17/><F10/><N who="3" m="4167" /><G79/><T125/><D130/><U104/><E104/><V75/><F27/><N who="3" m="16511" /><G62/><T37/><D37/><U57/><E131/><V119/><F47/><N who="3" m="25959" /><G2/><T34/><D34/><U51/><E116/><V32/><F32/><W11/><G11/><T76/><D83/><U61/><E13/><V118/><F118/><W29/><G29/><T15/><D15/><U66/><E66/><N who="0" m="25097" /><D91/><U18/><E81/><V30/><F30/><W35/><G35/><T48/><D48/><U113/><E113/><N who="0" m="43593" /><D71/><U64/><E64/><V80/><F119/><W132/><G132/><T14/><D14/><U42/><E18/><V54/><AGARI ba="0,0" hai="17,22,25,41,46,49,54,58,60,73,75,80,84,89" machi="54" ten="20,5200,0" yaku="0,1,7,1,52,2" doraHai="107" who="2" fromWho="2" sc="250,-26,250,-13,250,52,250,-13" /><INIT seed="1,0,0,4,0,134" ten="224,237,302,237" oya="1" hai0="69,53,99,90,11,39,59,71,131,22,8,4,21" hai1="55,75,26,132,112,83,13,81,108,94,41,49,29" hai2="113,9,0,122,135,20,82,119,114,68,12,7,14" hai3="44,96,19,100,56,51,117,43,125,52,89,92,87"/><U62/><E112/><N who="2" m="43115" /><F68/><W16/><G125/><T6/><D39/><U78/><E132/><V60/><F60/><W77/><G77/><T101/><D131/><U15/><E108/><V50/><F122/><W58/><G117/><T10/><D90/><U47/><E83/><V111/><F135/><W85/><G58/><T63/><D71/><U106/><E106/><V115/><F115/><W48/><REACH who="3" step="1"/><G87/><REACH who="3" ten="224,237,302,227" step="2"/><T31/><D69/><U57/><REACH who="1" step="1"/><E94/><AGARI ba="0,1" hai="16,19,43,44,48,51,52,56,85,89,92,94,96,100" machi="94" ten="30,12000,2" yaku="1,1,2,1,7,1,8,1,54,2,53,0" doraHai="134" doraHaiUra="103" who="3" fromWho="1" sc="224,0,237,-120,302,0,227,130" /><INIT seed="2,0,0,2,1,88" ten="224,117,302,357" oya="2" hai0="127,97,75,89,30,27,119,80,76,0,134,64,38" hai1="42,126,24,114,118,29,47,93,86,36,57,82,133" hai2="108,9,7,20,35,81,112,40,95,16,135,109,67" hai3="8,41,74,28,130,117,128,25,99,5,21,105,70"/><V69/><F112/><W43/><G74/><T50/><D38/><U18/><E118/><V60/><F35/><W23/><G70/><T4/><D119/><U94/><E114/><V3/><F135/><W111/><G111/><N who="2" m="42569" /><F40/><W6/><G117/><T14/><D0/><U103/><E126/><V34/><F34/><W106/><G99/><T45/><D127/><U49/><E103/><V51/><F51/><W54/><G54/><T110/><D64/><U101/><E101/><V46/><F46/><W66/><G66/><T55/><D134/><U13/><E133/><V96/><F81/><W68/><G41/><T22/><D110/><U124/><E124/><V33/><F33/><W65/><G43/><T19/><D4/><U131/><E131/><V125/><F125/><W17/><G5/><T2/><D2/><U44/><E24/><N who="2" m="14343" /><F96/><W77/><G130/><T83/><D97/><U120/><E29/><V115/><F115/><W121/><G28/><T87/><D30/><U122/><E57/><V56/><F95/><N who="1" m="36361" /><E44/><V32/><F32/><W12/><G128/><T98/><D98/><U102/><E102/><V116/><F116/><W58/><G58/><AGARI ba="0,0" hai="3,7,9,56,58,60,67,69" m="14343,42569" machi="58" ten="30,5800,0" yaku="14,1,10,1,54,1" doraHai="88" who="2" fromWho="3" sc="224,0,117,0,302,58,357,-58" /><INIT seed="2,1,0,4,5,129" ten="224,117,360,299" oya="2" hai0="95,100,20,107,49,24,7,10,83,45,4,103,69" hai1="114,117,62,55,32,2,99,111,105,84,132,93,41" hai2="60,12,101,35,1,16,79,123,80,56,30,23,0" hai3="110,71,118,29,119,59,78,92,75,6,25,112,74"/><V131/><F123/><W91/><G71/><T73/><D69/><U8/><E32/><V122/><F122/><W54/><G110/><T72/><D107/><U39/><E117/><V115/><F115/><W89/><G112/><T86/><D72/><U127/><E111/><V51/><F51/><W13/><G89/><T11/><D73/><U97/><E127/><V58/><F131/><W31/><G31/><T98/><D103/><U121/><E121/><V94/><F58/><W38/><G38/><T44/><D10/><U47/><E114/><V88/><F101/><W57/><G57/><T64/><D64/><U77/><E105/><V21/><F21/><N who="3" m="15535" /><G78/><T26/><D26/><U130/><E130/><V52/><F30/><W104/><G104/><T126/><D126/><U65/><E55/><V70/><F35/><W17/><G6/><N who="0" m="2091" /><D11/><U61/><E8/><V82/><F70/><W102/><G102/><T66/><D66/><U19/><E2/><V15/><F15/><W125/><G125/><T28/><D45/><U34/><E34/><V76/><F76/><W135/><G118/><T96/><D95/><U128/><E93/><V37/><F37/><W18/><G119/><T87/><D100/><U67/><E39/><V113/><F113/><W53/><G92/><T120/><D120/><U124/><E124/><V9/><F80/><W106/><G106/><T85/><D83/><U108/><E108/><V50/><F9/><W5/><G75/><T133/><D133/><U90/><E132/><V48/><F79/><W43/><G135/><T40/><AGARI ba="1,0" hai="20,24,28,40,44,49,85,86,87,96,98" m="2091" machi="40" ten="30,1100,0" yaku="8,1" doraHai="129" who="0" fromWho="0" sc="224,14,117,-4,360,-6,299,-4" /><INIT seed="3,0,0,2,4,28" ten="238,113,354,295" oya="3" hai0="54,97,69,83,77,66,128,46,123,35,126,17,5" hai1="82,8,71,134,101,109,13,131,24,87,12,94,3" hai2="99,65,27,0,23,10,64,62,49,51,80,132,81" hai3="86,129,118,89,110,130,73,34,36,43,16,76,31"/><W88/><G118/><T22/><D123/><U9/><E71/><V70/><F65/><W63/><G110/><T117/><D117/><U19/><E109/><V113/><F113/><W105/><G105/><T42/><D128/><N who="3" m="49257" /><G73/><T1/><D126/><U39/><E39/><V50/><F132/><W90/><G63/><T85/><D69/><U116/><E3/><V14/><F0/><W107/><G107/><T119/><D66/><U18/><E116/><V84/><F99/><W37/><G43/><T21/><D97/><U104/><E104/><V74/><F74/><W25/><G16/><T121/><D121/><U44/><E131/><V30/><REACH who="2" step="1"/><F84/><REACH who="2" ten="238,113,344,295" step="2"/><W26/><G26/><T45/><D85/><U112/><E134/><V111/><F111/><W55/><G55/><T53/><D53/><U102/><E24/><V15/><F15/><W40/><G40/><T92/><D54/><U96/><E112/><V108/><F108/><W98/><G98/><T79/><D42/><U122/><E122/><V60/><F60/><W135/><G135/><T56/><D119/><U78/><REACH who="1" step="1"/><E44/><REACH who="1" ten="238,103,344,295" step="2"/><V52/><F52/><W114/><G114/><T106/><D46/><U124/><E124/><V120/><F120/><W91/><N who="3" m="22528" /><DORA hai="6" /><W4/><G25/><T47/><D47/><U133/><E133/><V72/><F72/><W125/><G125/><T61/><D45/><U67/><E67/><V48/><N who="2" m="12288" /><DORA hai="103" /><V7/><AGARI ba="0,2" hai="7,10,14,23,27,30,62,64,70,80,81" m="12288" machi="7" ten="40,8000,1" yaku="1,1,4,1,0,1,52,1,53,0" doraHai="28,6,103" doraHaiUra="29,100,75" who="2" fromWho="2" sc="238,-20,103,-20,344,100,295,-40" /><INIT seed="4,0,0,5,3,6" ten="218,83,444,255" oya="0" hai0="69,73,124,19,132,30,78,61,99,86,129,41,18" hai1="75,21,0,39,52,116,126,28,27,114,74,95,93" hai2="109,16,70,77,131,98,63,84,125,101,111,82,45" hai3="87,90,35,9,65,135,79,67,128,47,66,49,14"/><T62/><D73/><U13/><E116/><V12/><F125/><W11/><G35/><T59/><D124/><U2/><E126/><V31/><F131/><W88/><G135/><T102/><D129/><U34/><E39/><V48/><F31/><W112/><G112/><T15/><D132/><U4/><E114/><V118/><F118/><W96/><G128/><T76/><D30/><U127/><E127/><V68/><F63/><W3/><G3/><T108/><D108/><U123/><E123/><V29/><F29/><W72/><G72/><T89/><D41/><U17/><E0/><V5/><F5/><N who="3" m="3375" /><G96/><T94/><D69/><U23/><E23/><V25/><F25/><W37/><G11/><T71/><D71/><U26/><E26/><V110/><F12/><W107/><G107/><T103/><D103/><U20/><E20/><V91/><F16/><N who="0" m="6186" /><D15/><U7/><E7/><V58/><F109/><W38/><G38/><T40/><D40/><U121/><E75/><V130/><F70/><W83/><G37/><T51/><D51/><U32/><E74/><V8/><F68/><W60/><G60/><N who="0" m="23147" /><D59/><U122/><E34/><V134/><F58/><W43/><AGARI ba="0,0" hai="43,47,49,65,66,67,79,83,87,88,90" m="3375" machi="43" ten="30,7900,0" yaku="25,1,8,1,52,1,54,1" doraHai="6" who="3" fromWho="3" sc="218,-39,83,-20,444,-20,255,79" /><INIT seed="5,0,0,4,4,118" ten="179,63,424,334" oya="1" hai0="68,51,44,104,46,10,49,33,135,7,100,36,43" hai1="12,15,19,55,92,67,87,48,122,88,102,8,86" hai2="27,28,31,130,56,110,30,111,57,42,20,13,72" hai3="121,95,105,83,109,4,131,73,45,26,81,94,106"/><U52/><E102/><V98/><F72/><W125/><G109/><T16/><D33/><U78/><E122/><V96/><F42/><W134/><G121/><T1/><D68/><U113/><E113/><V129/><F13/><W24/><G131/><N who="2" m="50185" /><F56/><W22/><G73/><T63/><D135/><U61/><E48/><V120/><F57/><W34/><G45/><T127/><D63/><U91/><E15/><V133/><F133/><W124/><G4/><T9/><D127/><U58/><E78/><V128/><F128/><W47/><G47/><T2/><D46/><U99/><E99/><N who="2" m="37931" /><F120/><W65/><G65/><T123/><D123/><U0/><E0/><V69/><F69/><W112/><G112/><T32/><D2/><U82/><AGARI ba="0,0" hai="8,12,19,52,55,58,61,67,82,86,87,88,91,92" machi="82" ten="20,12000,1" yaku="0,1,7,1,8,1,54,2" doraHai="118" who="1" fromWho="1" sc="179,-40,63,120,424,-40,334,-40" /><INIT seed="5,1,0,5,2,130" ten="139,183,384,294" oya="1" hai0="75,125,35,2,95,43,113,67,6,114,16,135,46" hai1="28,56,14,58,133,97,26,40,44,83,66,50,23" hai2="32,11,118,90,61,123,126,49,64,102,3,5,132" hai3="68,36,52,53,86,39,70,69,55,80,107,88,48"/><U105/><E133/><V41/><F123/><W73/><G107/><T62/><D75/><U117/><E117/><V91/><F118/><W51/><REACH who="3" step="1"/><G73/><REACH who="3" ten="139,183,384,284" step="2"/><T99/><D125/><U121/><E121/><V119/><F126/><W81/><G81/><T74/><D74/><U101/><E83/><V20/><F119/><W100/><G100/><T89/><D114/><U93/><E105/><V71/><F102/><W27/><G27/><T104/><D104/><U111/><E111/><V18/><F91/><W129/><G129/><T65/><D89/><U108/><E108/><V21/><F90/><W76/><G76/><T37/><D113/><U45/><E66/><V79/><F64/><W60/><G60/><T63/><D62/><U94/><E94/><V25/><F61/><W47/><G47/><T72/><D63/><U110/><E110/><V82/><F79/><W22/><G22/><T4/><D72/><U33/><E33/><V98/><F21/><W38/><AGARI ba="1,1" hai="36,38,39,48,51,52,53,55,68,69,70,80,86,88" machi="38" ten="50,12000,2" yaku="1,1,0,1,29,2,54,2,53,0" doraHai="130" doraHaiUra="128" who="3" fromWho="3" sc="139,-31,183,-61,384,-31,284,133" /><INIT seed="6,0,0,4,5,73" ten="108,122,353,417" oya="2" hai0="97,104,129,133,127,45,78,0,2,122,26,86,70" hai1="66,46,53,61,130,39,51,92,83,7,18,15,109" hai2="89,43,119,55,27,111,34,84,75,38,58,114,54" hai3="8,56,106,81,102,103,49,29,77,118,65,87,74"/><V21/><F34/><W5/><G118/><T25/><D122/><U6/><E109/><V3/><F111/><W125/><G125/><T132/><D70/><U50/><E39/><V80/><F3/><W52/><G29/><T10/><D127/><U134/><E130/><V44/><F119/><W17/><G106/><T110/><D110/><U60/><E60/><V91/><F75/><W126/><G126/><T98/><D129/><U96/><E83/><V31/><F114/><W63/><G17/><T90/><D45/><U128/><E51/><V47/><F47/><W95/><G95/><T120/><D120/><U12/><E134/><N who="0" m="51817" /><D104/><U20/><E15/><V9/><F9/><W85/><G85/><T14/><D2/><U105/><E105/><V19/><F31/><W28/><G28/><T42/><D42/><U41/><E41/><V22/><F22/><W16/><G74/><T99/><D90/><U76/><E76/><V113/><F113/><W94/><G94/><T107/><D107/><U124/><E128/><V32/><F32/><W115/><G115/><T4/><D0/><U131/><E131/><V82/><F58/><N who="3" m="33039" /><G5/><T69/><D69/><U37/><E37/><V135/><F135/><W24/><G8/><T71/><D71/><U36/><E36/><V35/><F35/><W108/><G108/><T123/><D123/><U88/><E124/><V40/><F82/><AGARI ba="0,0" hai="4,10,14,25,26,78,82,86,97,98,99" m="51817" machi="82" ten="30,2000,0" yaku="20,1,52,1" doraHai="73" who="0" fromWho="2" sc="108,20,122,0,353,-20,417,0" /><INIT seed="7,0,0,1,3,68" ten="128,122,333,417" oya="3" hai0="38,127,97,100,117,109,61,46,90,24,23,42,45" hai1="92,133,102,5,59,6,112,113,83,93,118,36,87" hai2="12,22,101,104,111,44,121,56,28,126,114,9,51" hai3="60,89,131,66,106,40,123,77,62,29,10,108,49"/><W110/><G106/><T11/><D109/><U17/><E36/><V16/><F111/><W94/><G77/><T3/><D117/><U41/><E41/><V88/><F114/><N who="1" m="44137" /><E118/><V99/><F126/><W91/><G29/><T67/><D46/><U31/><E133/><V98/><F121/><W58/><G62/><T105/><D127/><U76/><E31/><V15/><F56/><W52/><G131/><T27/><D23/><U69/><E69/><V132/><F132/><W119/><G123/><T43/><D43/><U0/><E0/><V53/><F28/><W107/><G107/><T74/><D74/><U125/><E125/><V134/><F134/><W8/><G89/><T122/><D122/><U78/><E78/><V37/><F37/><W135/><G135/><T81/><D3/><U75/><E17/><V120/><F120/><W64/><G10/><T115/><D11/><U72/><E59/><V19/><F98/><W85/><G60/><T86/><D115/><U82/><E82/><V129/><F129/><W70/><G70/><AGARI ba="0,0" hai="24,27,38,42,45,61,67,70,81,86,90,97,100,105" machi="70" ten="30,2000,0" yaku="7,1,52,1" doraHai="68" who="0" fromWho="3" sc="128,20,122,0,333,0,417,-20" owari="148,-25.0,122,-38.0,333,13.0,397,50.0" /></mjloggm>