<mjloggm ver="2.3"><GO type="41" lobby="0"/><UN n0="%E3%82%AB%E3%82%B5%E3%83%83%E3%82%AD%E3%83%BC" n1="%6B%65%6E%6D%75" n2="%E3%81%AB%E3%82%83%E3%82%93%E3%81%88%E3%82%82%E3%82%93" n3="%E3%82%A6%E3%83%AB%E3%83%88%E3%83%A9%E7%AB%8B%E7%9B%B4" dan="14,15,14,16" rate="1878.68,2025.35,1936.64,2045.77" sx="M,M,M,M"/><TAIKYOKU oya="0"/><INIT seed="0,0,0,1,0,128" ten="250,250,250,250" oya="0" hai0="135,57,104,73,63,61,124,123,88,20,71,133,98" hai1="111,34,131,86,62,38,81,68,13,82,33,25,14" hai2="75,49,10,74,27,127,59,43,19,52,130,105,113" hai3="16,109,12,67,46,93,30,32,6,22,70,44,26"/><T94/><D73/><U18/><E38/><V35/><F105/><W56/><G109/><T78/><D123/><U101/><E111/><V129/><F113/><W85/><G70/><T64/><D78/><U47/><E131/><N who="2" m="50187" /><F43/><W122/><G122/><T77/><D77/><U23/><E34/><V17/><F127/><W2/><G85/><T24/><D104/><U90/><E33/><V39/><F39/><W66/><G93/><T96/><D96/><U21/><E101/><V132/><F132/><N who="0" m="50762" /><D124/><U84/><E47/><V55/><F55/><W48/><G56/><T102/><D63/><U114/><E114/><V134/><F134/><W126/><G126/><T1/><D1/><U79/><E68/><V92/><F92/><W100/><G100/><T106/><D71/><U3/><E3/><V119/><F119/><W58/><G58/><T60/><D60/><U5/><E5/><V121/><F121/><W125/><G125/><T45/><D45/><U97/><E97/><V117/><F117/><W69/><G69/><T51/><D106/><U40/><E62/><V83/><F74/><W42/><G46/><T87/><D51/><U50/><E50/><V80/><F75/><W8/><AGARI ba="0,0" hai="2,6,8,12,16,22,26,30,32,42,44,48,66,67" machi="8" ten="30,7900,0" yaku="0,1,24,2,54,1" doraHai="128" who="3" fromWho="3" sc="250,-39,250,-20,250,-20,250,79" /><INIT seed="1,0,0,0,1,41" ten="211,230,230,329" oya="1" hai0="68,9,100,37,1,69,60,96,76,92,67,23,120" hai1="123,89,16,32,80,56,64,55,30,86,106,105,38" hai2="20,111,6,135,58,12,103,11,98,130,125,77,29" hai3="75,108,132,48,15,99,31,33,128,102,63,93,97"/><U66/><E38/><V84/><F111/><W134/><G75/><T8/><D37/><U79/><E123/><V47/><F125/><W117/><G117/><T88/><D76/><U109/><E109/><V62/><F135/><W4/><G108/><T82/><D1/><U22/><E32/><V40/><F130/><W34/><G128/><T5/><D5/><U121/><E30/><V129/><F129/><W72/><G72/><T28/><D69/><U52/><E121/><V17/><F29/><W26/><G34/><T2/><D2/><U119/><E119/><V53/><F98/><W10/><G63/><T107/><D82/><U59/><E105/><V44/><F103/><W83/><G83/><T71/><D71/><U46/><E79/><V73/><F73/><W110/><G110/><T18/><D28/><U101/><E101/><V49/><F44/><W131/><G131/><T124/><D124/><U112/><E46/><V19/><F20/><W104/><G48/><T122/><D122/><U127/><E106/><V54/><F54/><N who="1" m="20521" /><E127/><V43/><F40/><W116/><G116/><T74/><D74/><U91/><E91/><V45/><F45/><W113/><G113/><T95/><D95/><U36/><E36/><V39/><F39/><W78/><G78/><T126/><D126/><U3/><E3/><V14/><F14/><W51/><G51/><T50/><D50/><U7/><E7/><V27/><F27/><W35/><G35/><T65/><D120/><U13/><E112/><V114/><F114/><W24/><G24/><T133/><D107/><U87/><E87/><RYUUKYOKU ba="0,0" sc="211,-30,230,10,230,10,329,10" hai1="13,16,22,56,59,64,66,80,86,89" hai2="6,11,12,17,19,43,47,49,53,58,62,77,84" hai3="4,10,15,26,31,33,93,97,99,102,104,132,134" /><INIT seed="1,1,0,5,1,50" ten="181,240,240,339" oya="1" hai0="33,16,131,15,101,116,114,35,124,102,45,65,11" hai1="5,49,63,105,128,66,14,95,78,56,32,69,20" hai2="118,7,30,41,119,110,94,59,92,71,42,18,48" hai3="112,51,120,1,46,37,12,80,135,68,130,127,82"/><U67/><E32/><V2/><F71/><W70/><G1/><T13/><D116/><U125/><E105/><V109/><F30/><W84/><G120/><T8/><D114/><U38/><E38/><V108/><F7/><W55/><G112/><T87/><D65/><U34/><E34/><V60/><F2/><W117/><G117/><N who="2" m="44553" /><F18/><W28/><G37/><T72/><D72/><U113/><E113/><V39/><F39/><W44/><G127/><T26/><D131/><U64/><E125/><V97/><F92/><W75/><G130/><T58/><D26/><U29/><E128/><V89/><F48/><W21/><G44/><T9/><D45/><U93/><E78/><V104/><F104/><W10/><G68/><T61/><D124/><U115/><E115/><V91/><F91/><W79/><G70/><T40/><D40/><U121/><E121/><V62/><F62/><W90/><G21/><T22/><D35/><U100/><E69/><V17/><F17/><W0/><G0/><T24/><D33/><U126/><E49/><V76/><F76/><W54/><G28/><T88/><D15/><U73/><E73/><V74/><F74/><W57/><G57/><T47/><D47/><U123/><E123/><V31/><F31/><W86/><G75/><T19/><D19/><N who="1" m="10359" /><E126/><V4/><F4/><N who="3" m="3143" /><G135/><T25/><D25/><U36/><E36/><V27/><F27/><W52/><AGARI ba="1,0" hai="46,51,52,54,55,79,80,82,84,86,90" m="3143" machi="52" ten="30,8000,1" yaku="8,1,52,3,54,1" doraHai="50" who="3" fromWho="3" sc="181,-21,240,-41,240,-21,339,83" /><INIT seed="2,0,0,0,5,65" ten="160,199,219,422" oya="2" hai0="106,61,105,115,82,18,129,80,63,96,73,68,123" hai1="22,104,27,20,46,6,40,54,57,39,49,5,1" hai2="126,121,112,76,90,62,118,114,30,116,94,120,44" hai3="69,4,25,124,23,92,81,83,7,29,41,31,133"/><V13/><F30/><W51/><G124/><T48/><D123/><N who="2" m="47178" /><F44/><W108/><G81/><T72/><D129/><U8/><E104/><V95/><F62/><W16/><G83/><T0/><D18/><U36/><E6/><V52/><F52/><W37/><G92/><N who="2" m="35369" /><F13/><W131/><G51/><T99/><D48/><U28/><E22/><V59/><F59/><W113/><G41/><T117/><D0/><U119/><REACH who="1" step="1"/><E119/><REACH who="1" ten="160,189,219,422" step="2"/><N who="2" m="45611" /><F126/><W33/><G7/><T38/><D117/><U93/><E93/><V50/><F50/><AGARI ba="0,1" hai="1,5,8,20,27,28,36,39,40,46,49,50,54,57" machi="50" ten="30,2000,0" yaku="1,1,7,1,53,0" doraHai="65" doraHaiUra="102" who="1" fromWho="2" sc="160,0,189,30,219,-20,422,0" /><INIT seed="3,0,0,1,0,124" ten="160,219,199,422" oya="3" hai0="62,52,90,59,65,3,7,113,69,34,54,2,75" hai1="119,31,23,41,19,53,6,51,32,105,99,101,85" hai2="73,14,115,67,126,92,125,71,131,88,84,70,1" hai3="109,17,111,39,27,20,50,57,56,77,63,15,135"/><W76/><G39/><T25/><D75/><U89/><E119/><V26/><F1/><W35/><G135/><T79/><D79/><U102/><E102/><V64/><F73/><W44/><G57/><T33/><D33/><U122/><E122/><V121/><F121/><W91/><G77/><T48/><D54/><U38/><E6/><V30/><F115/><W128/><G76/><T11/><D34/><U100/><E100/><V8/><F70/><W40/><G91/><T60/><D60/><U97/><E31/><V118/><F118/><W93/><G93/><T55/><D55/><U96/><E38/><V127/><F71/><W45/><G45/><T24/><D113/><U80/><E41/><V132/><F132/><W106/><G106/><T116/><D116/><U133/><E32/><N who="2" m="20567" /><F131/><W83/><G83/><T103/><D103/><U21/><E133/><V114/><F114/><W86/><G86/><T66/><D66/><U58/><E23/><V95/><F92/><W0/><G0/><T78/><D78/><U120/><E120/><V134/><F134/><W87/><G87/><T9/><D90/><U5/><E5/><AGARI ba="0,0" hai="5,8,14,64,67,84,88,95,125,126,127" m="20567" machi="5" ten="30,2000,0" yaku="18,1,54,1" doraHai="124" who="2" fromWho="1" sc="160,0,219,-20,199,20,422,0" /><AGARI ba="0,0" hai="2,3,5,7,9,11,24,25,48,52,59,62,65,69" machi="5" ten="40,2600,0" yaku="9,1,54,1" doraHai="124" who="0" fromWho="1" sc="160,26,199,-26,219,0,422,0" /><INIT seed="4,0,0,3,0,46" ten="186,173,219,422" oya="0" hai0="119,36,62,79,96,57,31,25,77,111,93,44,127" hai1="131,30,72,121,67,66,54,133,45,35,87,92,38" hai2="114,1,50,94,52,89,27,102,124,58,22,107,51" hai3="6,74,65,40,59,132,21,71,8,64,69,115,10"/><T73/><D119/><U113/><E72/><V99/><F1/><W43/><G74/><T32/><D127/><U12/><E113/><V7/><F7/><W81/><G81/><T117/><D117/><U103/><E133/><V5/><F5/><W125/><G6/><T23/><D32/><U55/><E131/><V135/><F135/><W28/><G59/><T18/><D31/><U80/><E35/><V41/><F124/><W0/><G28/><T109/><D73/><U122/><E30/><V97/><F114/><W95/><G21/><T42/><D111/><U2/><E2/><V33/><F33/><W4/><G4/><T53/><REACH who="0" step="1"/><D109/><REACH who="0" ten="176,173,219,422" step="2"/><U112/><E122/><V128/><F128/><W37/><G125/><T105/><D105/><U68/><E121/><V20/><F27/><W85/><G132/><T98/><D98/><U106/><E106/><V82/><F99/><W49/><G115/><T134/><D134/><U104/><E104/><V70/><F107/><W110/><G110/><T3/><D3/><U63/><E112/><V14/><F14/><W17/><G0/><T9/><D9/><U120/><E12/><V83/><F20/><W101/><G10/><T75/><D75/><U13/><E13/><V39/><F22/><W76/><G8/><T48/><D48/><U60/><E60/><V47/><F39/><W91/><G49/><T29/><D29/><U15/><E38/><V56/><F51/><W78/><G37/><T88/><AGARI ba="0,1" hai="18,23,25,36,42,44,53,57,62,77,79,88,93,96" machi="88" ten="20,18000,2" yaku="1,1,0,1,7,1,25,2,54,1,53,1" doraHai="46" doraHaiUra="86" who="0" fromWho="0" sc="176,190,173,-60,219,-60,422,-60" /><INIT seed="4,1,0,0,5,14" ten="366,113,159,362" oya="0" hai0="60,46,113,50,33,55,97,43,48,110,27,3,105" hai1="66,10,129,38,13,34,95,132,111,123,100,86,64" hai2="96,54,12,47,61,6,7,104,109,49,133,101,20" hai3="45,102,93,57,90,126,122,89,62,40,29,37,103"/><T124/><D3/><U130/><E38/><V39/><F109/><W94/><G122/><T116/><D116/><U25/><E111/><V53/><F39/><W68/><G68/><T79/><D113/><U83/><E123/><V81/><F133/><W84/><G29/><T11/><D124/><U59/><E132/><V82/><F6/><W35/><G35/><T98/><D79/><U127/><E127/><V76/><F76/><W24/><G24/><T26/><D105/><U19/><E100/><V31/><F31/><W22/><G22/><T15/><D33/><U21/><E95/><V74/><F74/><W32/><G32/><T0/><D0/><U115/><E34/><V119/><F119/><W30/><G30/><T112/><D112/><U71/><E71/><V75/><F75/><W91/><G91/><T18/><D60/><U106/><E106/><V78/><F78/><W88/><G90/><T134/><D134/><U4/><E115/><V28/><F28/><W107/><G107/><T80/><D80/><U73/><E73/><V63/><F63/><W85/><REACH who="3" step="1"/><G126/><REACH who="3" ten="366,113,159,352" step="2"/><T8/><D110/><U51/><E130/><V87/><F20/><W99/><G99/><N who="0" m="37899" /><D11/><U131/><E129/><V125/><F125/><W9/><G9/><T118/><D118/><U23/><E131/><V67/><F104/><W128/><G128/><T42/><D42/><U2/><E23/><V114/><F114/><W36/><G36/><T58/><AGARI ba="1,1" hai="8,15,18,26,27,43,46,48,50,55,58" m="37899" machi="58" ten="30,3000,0" yaku="8,1,52,1" doraHai="14" who="0" fromWho="0" sc="366,43,113,-11,159,-11,352,-11" /><INIT seed="4,2,0,5,5,46" ten="409,102,148,341" oya="0" hai0="60,110,91,115,49,128,66,15,101,53,52,24,90" hai1="57,127,105,106,55,43,135,20,18,9,132,72,47" hai2="94,93,59,104,70,54,82,120,36,99,56,112,107" hai3="28,71,19,111,122,96,87,27,25,7,26,61,5"/><T62/><D115/><U89/><E72/><V92/><F70/><W30/><G61/><T21/><D128/><U76/><E76/><V50/><F36/><W17/><G71/><T130/><D130/><U45/><E9/><V74/><F112/><W10/><G96/><T32/><D32/><U95/><E127/><V117/><F120/><W51/><G87/><T6/><D6/><N who="3" m="2057" /><G51/><T124/><D124/><U116/><E116/><V133/><F117/><W69/><G69/><T44/><D15/><U4/><E4/><V35/><F35/><W67/><G67/><T97/><D62/><U64/><E64/><V102/><F133/><N who="1" m="51273" /><E105/><V3/><F3/><W86/><G86/><T41/><D110/><U29/><E29/><N who="3" m="11370" /><G111/><T81/><D81/><U78/><E78/><V16/><F104/><W126/><G126/><T14/><D14/><N who="1" m="9303" /><E43/><V33/><F33/><W118/><G118/><T40/><D40/><U123/><E123/><V84/><F74/><W98/><G98/><T37/><D53/><U73/><E73/><V12/><F107/><W1/><G122/><T125/><D125/><U22/><E22/><N who="2" m="11527" /><F59/><W85/><G85/><T63/><D63/><N who="1" m="36287" /><E106/><V108/><F108/><W77/><G77/><AGARI ba="2,0" hai="50,54,56,77,82,84,92,93,94,99,102" m="11527" machi="77" ten="30,3900,0" yaku="8,1,52,1,54,1" doraHai="46" who="2" fromWho="3" sc="409,0,102,0,148,45,341,-45" /><INIT seed="5,0,0,3,2,75" ten="409,102,193,296" oya="1" hai0="48,105,101,34,43,14,71,20,29,119,134,93,99" hai1="77,19,84,31,58,118,52,64,87,59,102,79,56" hai2="13,76,83,4,62,33,132,38,50,63,85,3,68" hai3="95,104,70,97,45,112,126,115,47,41,133,82,15"/><U108/><E118/><V130/><F3/><W27/><G104/><T90/><D71/><U116/><E116/><V25/><F38/><W57/><G70/><T96/><D34/><U5/><E108/><V12/><F130/><W114/><G126/><T51/><D134/><U78/><E102/><V7/><F132/><W36/><G133/><T127/><D127/><U124/><E124/><V6/><F68/><W44/><G27/><T17/><D29/><U28/><E64/><V73/><F73/><W9/><G57/><N who="1" m="22122" /><E5/><V120/><F120/><W103/><G82/><T69/><D69/><U110/><E19/><AGARI ba="0,0" hai="9,15,19,36,41,44,45,47,95,97,103,112,114,115" machi="19" ten="40,1300,0" yaku="15,1" doraHai="75" who="3" fromWho="1" sc="409,0,102,-13,193,0,296,13" /><INIT seed="6,0,0,4,3,12" ten="409,89,193,309" oya="2" hai0="37,69,30,73,87,66,131,33,88,23,35,32,17" hai1="18,6,24,21,36,103,15,119,128,5,75,94,99" hai2="134,108,98,101,124,1,82,80,112,129,52,118,92" hai3="111,68,46,10,29,113,126,63,4,65,19,70,41"/><V40/><F1/><W50/><G111/><T48/><D73/><U123/><E36/><V97/><F118/><W39/><G126/><T44/><D37/><U8/><E75/><V38/><F124/><W25/><G113/><T115/><D115/><U130/><E119/><V81/><F112/><W120/><G120/><T122/><D131/><U45/><E123/><V89/><F40/><W77/><G77/><T117/><D117/><U51/><E130/><V61/><F38/><W105/><G105/><T16/><D23/><U58/><E58/><N who="2" m="35015" /><F129/><W59/><G39/><T76/><D30/><U78/><E128/><V110/><F134/><W135/><G135/><T132/><D132/><U79/><REACH who="1" step="1"/><E6/><REACH who="1" ten="409,79,193,309" step="2"/><V74/><F74/><W91/><G68/><T86/><D122/><U84/><E84/><V14/><F110/><W31/><G70/><T102/><D69/><U55/><AGARI ba="0,1" hai="5,8,15,18,21,24,45,51,55,78,79,94,99,103" machi="55" ten="20,8000,1" yaku="1,1,0,1,7,1,8,1,52,1,53,0" doraHai="12" doraHaiUra="121" who="1" fromWho="1" sc="409,-20,79,90,193,-40,309,-20" /><INIT seed="7,0,0,1,0,98" ten="389,169,153,289" oya="3" hai0="128,1,51,13,93,120,55,102,23,29,42,41,27" hai1="87,16,113,74,5,123,11,56,34,14,100,22,37" hai2="130,78,76,125,83,38,121,89,50,49,111,92,63" hai3="59,126,90,77,70,26,69,106,18,101,6,57,60"/><W43/><G126/><T97/><D1/><U65/><E37/><V91/><F38/><W8/><G77/><T58/><D128/><U24/><E74/><V85/><F111/><W28/><G57/><T71/><D71/><U103/><E123/><V86/><F125/><W17/><G43/><T112/><D112/><U84/><E34/><V47/><F121/><W30/><G70/><T81/><D120/><U79/><E113/><V80/><F130/><W72/><G72/><T32/><D32/><U61/><E79/><V52/><F92/><W99/><G90/><T64/><D81/><U36/><E36/><V39/><F39/><W135/><G135/><T82/><D82/><U133/><E133/><V9/><F63/><W94/><G106/><T108/><D108/><U53/><E65/><V4/><F50/><W105/><G105/><T115/><D115/><U2/><E2/><AGARI ba="0,0" hai="2,4,9,47,49,52,76,78,80,83,85,86,89,91" machi="2" ten="30,3900,0" yaku="7,1,9,1,54,1" doraHai="98" who="2" fromWho="1" sc="389,0,169,-39,153,39,289,0" owari="389,49.0,130,-37.0,192,-21.0,289,9.0" /></mjloggm>