<mjloggm ver="2.3"><GO type="41" lobby="0"/><UN n0="%E3%81%8B%E3%81%8D%E3%81%8F%E3%81%91%E3%81%93" n1="%E3%82%A6%E3%83%AB%E3%83%88%E3%83%A9%E7%AB%8B%E7%9B%B4" n2="%6A%61%63%6B%37%37" n3="%E3%81%84%E3%81%AA%E3%81%8B%EF%BC%99" dan="13,16,13,13" rate="1841.98,2063.54,1917.12,1953.43" sx="M,M,M,M"/><TAIKYOKU oya="0"/><INIT seed="0,0,0,5,3,58" ten="250,250,250,250" oya="0" hai0="101,77,47,113,86,1,23,107,117,8,61,88,42" hai1="71,53,100,72,24,38,70,45,44,105,134,28,98" hai2="96,125,36,57,22,5,110,124,120,102,103,119,54" hai3="64,129,30,68,80,69,92,82,83,76,20,67,126"/><T60/><D113/><U50/><E134/><V62/><F36/><W46/><G76/><T48/><D117/><U65/><E72/><V31/><F120/><W9/><G126/><N who="2" m="48745" /><F110/><W40/><G129/><T122/><D122/><U132/><E132/><V34/><F34/><W135/><G135/><T115/><D115/><U37/><E45/><V99/><F119/><W11/><G68/><T97/><D77/><U15/><E15/><V89/><F5/><W118/><G118/><T114/><D114/><U87/><E87/><V29/><F89/><W91/><G69/><T79/><D79/><U52/><E71/><V7/><F7/><W16/><G30/><N who="2" m="11273" /><F22/><W94/><G46/><T56/><D23/><U121/><E121/><V3/><F3/><W112/><G40/><T14/><D1/><U51/><E51/><V63/><F57/><W116/><G116/><T43/><D56/><U106/><E53/><V75/><F54/><W85/><G94/><T33/><D43/><U131/><E106/><N who="2" m="63815" /><F75/><W127/><G112/><T49/><D33/><U130/><E38/><V111/><F111/><W104/><G104/><AGARI ba="0,0" hai="62,63,99,103,104" m="63815,11273,48745" machi="104" ten="30,3900,0" yaku="18,1,52,2" doraHai="58" who="2" fromWho="3" sc="250,0,250,0,250,39,250,-39" /><INIT seed="1,0,0,4,5,103" ten="250,250,289,211" oya="1" hai0="50,122,112,94,101,34,61,68,38,132,95,127,82" hai1="57,118,78,59,89,2,105,79,91,109,102,44,54" hai2="19,129,47,69,75,92,36,24,80,53,110,46,52" hai3="111,15,55,29,88,32,104,20,70,7,41,86,10"/><U85/><E2/><V60/><F110/><W11/><G111/><T3/><D82/><U31/><E109/><V107/><F129/><W45/><G70/><T16/><D101/><U73/><E73/><V5/><F107/><W76/><G29/><T40/><D50/><U100/><E118/><V37/><F5/><W39/><G32/><T64/><D122/><U42/><E31/><V113/><F75/><W49/><G20/><T22/><D34/><U67/><E67/><N who="2" m="41191" /><F92/><W51/><G104/><T114/><D3/><U128/><E128/><V9/><F80/><W66/><G66/><T96/><D127/><U130/><E130/><V56/><F24/><W6/><G76/><T108/><D132/><U1/><E1/><V134/><F19/><W133/><G133/><T93/><D96/><U115/><E105/><V33/><F9/><W18/><G39/><N who="2" m="14921" /><F134/><W119/><G10/><T117/><D117/><U48/><E85/><V71/><F33/><W14/><G14/><T135/><D108/><U23/><E23/><V99/><F99/><W26/><G26/><T0/><D0/><U116/><E116/><V13/><F13/><W83/><G119/><T62/><D135/><U4/><E4/><V90/><F90/><W65/><G65/><N who="0" m="41007" /><D22/><U72/><E72/><V58/><F113/><W81/><G81/><T120/><D16/><U123/><E115/><V12/><F12/><W27/><G27/><T8/><D8/><U25/><E25/><V125/><F125/><W63/><G63/><T97/><D114/><U84/><E79/><V126/><F126/><W131/><G131/><RYUUKYOKU ba="0,0" sc="250,-10,250,-10,289,-10,211,30" hai3="6,7,11,15,18,41,45,49,51,55,83,86,88" /><INIT seed="2,1,0,2,0,0" ten="240,240,279,241" oya="2" hai0="14,64,95,12,28,63,39,103,113,49,77,76,51" hai1="120,23,20,134,53,119,108,19,82,43,133,107,105" hai2="116,18,86,91,25,27,60,61,68,79,99,92,32" hai3="109,1,126,123,52,73,131,70,24,88,46,40,48"/><V97/><F116/><W80/><G123/><T127/><D39/><U122/><E43/><V58/><F79/><W41/><G70/><T75/><D75/><U45/><E82/><V22/><F68/><W3/><G109/><T111/><D113/><U6/><E53/><V94/><F32/><W118/><G118/><T56/><D127/><U128/><E45/><V89/><F86/><W50/><G126/><T62/><D111/><U101/><E108/><V114/><F114/><W74/><G131/><T65/><D28/><U87/><E87/><V71/><F71/><W121/><G121/><N who="1" m="46698" /><E119/><V37/><F37/><W135/><G135/><T11/><D11/><U85/><E85/><V13/><F61/><W4/><G24/><T98/><D76/><U34/><E34/><V38/><REACH who="2" step="1"/><F38/><REACH who="2" ten="240,240,269,241" step="2"/><W15/><G73/><T2/><D77/><U106/><E128/><V36/><F36/><W17/><G74/><T7/><D63/><U21/><E134/><V115/><F115/><W55/><G80/><T100/><D62/><U26/><E133/><V35/><F35/><W42/><G48/><T81/><D49/><U16/><E26/><V125/><F125/><W110/><G110/><T78/><D51/><U96/><E96/><V72/><F72/><W5/><G50/><T84/><D78/><U130/><E130/><V54/><AGARI ba="1,1" hai="13,18,22,25,27,54,58,60,89,91,92,94,97,99" machi="54" ten="20,12000,1" yaku="1,1,0,1,7,1,9,1,8,1,53,0" doraHai="0" doraHaiUra="104" who="2" fromWho="2" sc="240,-41,240,-41,269,133,241,-41" /><INIT seed="2,2,0,2,4,0" ten="199,199,402,200" oya="2" hai0="22,123,124,132,58,46,78,110,53,35,79,96,83" hai1="16,44,92,20,24,68,6,94,99,26,121,17,57" hai2="131,88,107,18,130,30,13,73,117,4,112,115,93" hai3="114,109,43,48,37,2,25,45,101,116,7,118,34"/><V54/><F73/><W31/><G109/><T108/><D35/><U106/><E68/><V36/><F107/><W76/><G114/><T84/><D123/><U65/><E121/><V59/><F36/><W62/><G101/><T55/><D124/><U3/><E106/><V71/><F117/><W127/><G127/><T111/><D132/><U75/><E75/><V72/><F71/><W5/><G76/><T50/><D96/><U104/><E104/><V120/><F120/><W33/><G33/><T125/><D125/><U15/><E44/><V51/><F72/><W69/><G48/><T19/><D55/><U12/><E3/><V63/><F30/><W80/><G80/><T90/><REACH who="0" step="1"/><D58/><REACH who="0" ten="189,199,402,200" step="2"/><U105/><E57/><V27/><F112/><W64/><REACH who="3" step="1"/><G2/><REACH who="3" ten="189,199,402,190" step="2"/><T103/><D103/><U47/><E105/><V135/><F135/><W102/><G102/><T42/><D42/><U56/><E94/><V74/><F115/><W9/><G9/><T60/><D60/><U95/><E95/><V119/><F63/><W28/><G28/><T85/><D85/><U1/><E92/><V21/><F119/><AGARI ba="2,2" hai="5,7,25,31,34,37,43,45,62,64,69,116,118,119" machi="119" ten="40,5200,0" yaku="1,1,52,2,53,0" doraHai="0" doraHaiUra="11" who="3" fromWho="2" sc="189,0,199,0,402,-58,190,78" /><INIT seed="3,0,0,4,0,29" ten="189,199,344,268" oya="3" hai0="118,3,26,100,41,47,34,40,71,113,51,8,116" hai1="129,14,82,38,70,22,4,103,130,94,7,92,108" hai2="59,35,81,87,114,63,74,109,66,11,120,46,76" hai3="23,131,13,2,73,0,24,32,6,28,33,107,72"/><W106/><G73/><T43/><D113/><U77/><E70/><V45/><F120/><W44/><G72/><T123/><D123/><U115/><E38/><V57/><F114/><W30/><G106/><T133/><D100/><U124/><E115/><V80/><F109/><W96/><G44/><T83/><D71/><U128/><E108/><V37/><F37/><W36/><G36/><T85/><D133/><U55/><E55/><V42/><F42/><W15/><G107/><T18/><D3/><N who="3" m="1065" /><G96/><T104/><D104/><U19/><E124/><V121/><F121/><W88/><G88/><N who="0" m="51263" /><D34/><N who="3" m="13417" /><G131/><T49/><D26/><U117/><E117/><V86/><F35/><N who="3" m="20871" /><G6/><N who="1" m="2090" /><E103/><V101/><F101/><W99/><G99/><T126/><D51/><U25/><E77/><V50/><F74/><W69/><G69/><T89/><D89/><U5/><E82/><V102/><F102/><W79/><G79/><T93/><D93/><U39/><E39/><V122/><F122/><W95/><G95/><T56/><D56/><U31/><E5/><V68/><F46/><W16/><G30/><T127/><D43/><U64/><E94/><V119/><F119/><N who="0" m="45610" /><D41/><U62/><E92/><V20/><F45/><W78/><G78/><T135/><D40/><U125/><E128/><V52/><F68/><W27/><AGARI ba="0,0" hai="13,15,16,23,27" m="20871,13417,1065" machi="27" ten="30,24000,3" yaku="35,5,52,4,54,1" doraHai="29" who="3" fromWho="3" sc="189,-80,199,-80,344,-80,268,240" /><INIT seed="3,1,0,4,2,79" ten="109,119,264,508" oya="3" hai0="84,26,1,73,113,10,83,82,66,48,121,38,65" hai1="27,59,95,6,7,90,110,106,109,86,11,32,30" hai2="72,117,58,112,92,64,63,29,129,75,8,116,46" hai3="108,5,53,13,47,60,16,4,33,31,76,2,22"/><W36/><G36/><T118/><D121/><U3/><E106/><V0/><F112/><W71/><G71/><T105/><D105/><U34/><E59/><V99/><F129/><W85/><G108/><T54/><D118/><U56/><E56/><V23/><F46/><W89/><G76/><T128/><D38/><U124/><E7/><V39/><F39/><W130/><G130/><T9/><D128/><U17/><E34/><V12/><F72/><W55/><G2/><T28/><D73/><U125/><REACH who="1" step="1"/><E17/><REACH who="1" ten="109,109,264,508" step="2"/><V61/><F116/><W127/><G127/><AGARI ba="1,1" hai="3,6,11,27,30,32,86,90,95,109,110,124,125,127" machi="127" ten="40,5200,0" yaku="1,1,2,1,18,1,53,0" doraHai="79" doraHaiUra="45" who="1" fromWho="3" sc="109,0,109,65,264,0,508,-55" /><INIT seed="4,0,0,2,0,73" ten="109,174,264,453" oya="0" hai0="61,44,15,134,81,57,67,72,98,93,91,114,103" hai1="0,124,112,59,30,122,97,20,79,111,121,62,14" hai2="22,47,82,118,80,116,131,127,69,110,43,13,31" hai3="51,92,83,106,32,109,102,50,133,132,94,71,54"/><T128/><D114/><U3/><E111/><V76/><F110/><W96/><G109/><T8/><D134/><N who="3" m="51817" /><G32/><T125/><D125/><U84/><E3/><V65/><F127/><W46/><G71/><T10/><D128/><U9/><E0/><V113/><F131/><W85/><G51/><T105/><D44/><U129/><E129/><V24/><F113/><W25/><G25/><T49/><D49/><U5/><E112/><V2/><F2/><W135/><G135/><T88/><D15/><U48/><E124/><V74/><F80/><W35/><G35/><T7/><D7/><U21/><E121/><V78/><F65/><W99/><G99/><T60/><D60/><U18/><E122/><V16/><F69/><W53/><G53/><T17/><D17/><U1/><E97/><V68/><F68/><W45/><G45/><T19/><D19/><U66/><E48/><V56/><F56/><W34/><G34/><T55/><D55/><U6/><E1/><V86/><F74/><W101/><G101/><T23/><D23/><N who="1" m="8779" /><E30/><V41/><F41/><W75/><G75/><T28/><D28/><U38/><E38/><V95/><F43/><W11/><G11/><T4/><D4/><U117/><E117/><N who="2" m="45163" /><F47/><W33/><G33/><T115/><D115/><U12/><E12/><V104/><F104/><W119/><G119/><T58/><D58/><U39/><E39/><V29/><F95/><W26/><G26/><T27/><D27/><U77/><E5/><V107/><F107/><W108/><G108/><T90/><D105/><U40/><E6/><V36/><F36/><RYUUKYOKU ba="0,0" sc="109,15,174,-15,264,-15,453,15" hai0="8,10,57,61,67,72,81,88,90,91,93,98,103" hai3="46,50,54,83,85,92,94,96,102,106" /><INIT seed="4,1,0,4,0,11" ten="124,159,249,468" oya="0" hai0="71,77,24,37,31,128,113,23,70,95,22,32,133" hai1="34,76,75,36,117,96,65,94,118,56,54,10,16" hai2="72,129,68,64,80,116,93,82,14,87,92,63,48" hai3="25,5,100,2,122,115,119,38,101,15,108,59,109"/><T111/><D37/><U99/><E34/><V13/><F129/><W21/><G38/><T44/><D128/><U112/><E36/><V106/><F116/><W17/><G119/><T62/><D113/><U98/><E112/><V49/><F106/><W6/><G115/><T83/><D133/><U57/><E118/><V8/><F72/><W4/><G122/><T51/><D95/><N who="2" m="36426" /><F68/><W67/><G108/><T30/><D111/><U53/><E117/><V73/><F64/><W124/><G124/><T26/><D62/><U66/><E94/><V27/><F27/><W50/><G2/><T61/><D61/><U103/><E76/><N who="2" m="46471" /><F63/><N who="3" m="38399" /><G109/><T125/><D32/><U123/><E75/><V126/><F73/><W9/><G50/><N who="2" m="19561" /><F126/><W12/><G25/><T3/><D3/><U43/><E123/><V134/><F134/><W90/><G90/><T102/><D125/><U74/><E74/><V105/><F105/><W135/><G135/><T47/><D47/><U55/><E43/><V131/><F131/><W0/><G0/><T28/><D102/><AGARI ba="1,0" hai="4,5,6,9,12,15,17,21,100,101,102" m="38399" machi="102" ten="30,3900,0" yaku="8,1,52,2" doraHai="11" who="3" fromWho="0" sc="124,-42,159,0,249,0,468,42" /><INIT seed="5,0,0,3,0,45" ten="82,159,249,510" oya="1" hai0="17,117,27,62,88,110,80,74,50,46,100,82,8" hai1="96,54,122,115,128,70,39,94,7,30,76,134,68" hai2="35,99,129,12,111,123,91,118,49,38,25,1,36" hai3="26,119,47,109,63,101,69,90,59,21,87,44,14"/><U120/><E39/><V34/><F123/><W71/><G109/><T78/><D110/><U85/><E70/><V29/><F111/><W28/><G119/><T131/><D117/><U5/><E68/><V113/><F113/><W15/><G69/><T37/><D37/><U104/><E104/><V10/><F118/><W18/><G71/><T32/><D131/><U135/><E30/><V2/><F129/><W67/><G101/><T89/><D100/><U108/><E108/><V11/><F35/><W48/><G18/><T9/><D32/><U126/><E128/><V114/><F114/><W19/><G19/><T61/><D74/><U42/><E42/><V86/><F36/><W102/><G102/><T105/><D105/><U98/><E115/><V24/><F38/><W130/><G44/><T133/><D133/><U65/><E65/><V57/><F25/><W0/><G0/><T79/><D46/><U103/><E96/><V31/><F10/><W58/><G58/><T56/><D56/><U53/><E122/><V3/><F31/><W75/><G75/><T13/><D27/><U127/><E120/><V106/><F99/><W43/><G130/><T93/><D17/><U77/><E85/><V72/><F106/><W64/><G64/><T107/><D107/><U116/><E116/><V40/><F72/><W20/><G21/><T83/><D93/><AGARI ba="0,0" hai="14,15,20,26,28,43,47,48,59,63,67,87,90,93" machi="93" ten="30,3900,0" yaku="7,1,8,1,52,1" doraHai="45" who="3" fromWho="0" sc="82,-39,159,0,249,0,510,39" /><INIT seed="6,0,0,3,0,102" ten="43,159,249,549" oya="2" hai0="134,54,55,90,62,99,100,37,132,22,61,4,8" hai1="131,19,2,96,12,43,107,115,6,65,26,72,14" hai2="45,127,7,109,116,51,39,105,50,29,3,23,44" hai3="73,79,125,35,18,67,36,83,1,88,49,70,97"/><V119/><F127/><W103/><G36/><T122/><D37/><U5/><E72/><V48/><F109/><W113/><G125/><T0/><D122/><U31/><E43/><V110/><F110/><W32/><G1/><T84/><D22/><U74/><E74/><V66/><F3/><W53/><G113/><T112/><D112/><U89/><E89/><V121/><F7/><W104/><G67/><T64/><D62/><U86/><E86/><V58/><F121/><W78/><G70/><T27/><D27/><U20/><E115/><V93/><F39/><W34/><G18/><T126/><D126/><U10/><E65/><V80/><F80/><W117/><G79/><T118/><D118/><U101/><E131/><V25/><F116/><W52/><G117/><T129/><D129/><U111/><E111/><V11/><F119/><W38/><G38/><T24/><D24/><U128/><E128/><V30/><F11/><W17/><G17/><T71/><D134/><U108/><E108/><V133/><F133/><W21/><G21/><T40/><D40/><U81/><E81/><V33/><F33/><W120/><G120/><T60/><D60/><U75/><E75/><V15/><F15/><W77/><G77/><T91/><D132/><U9/><REACH who="1" step="1"/><E2/><REACH who="1" ten="43,149,249,549" step="2"/><V57/><F66/><W95/><REACH who="3" step="1"/><G49/><REACH who="3" ten="43,149,249,539" step="2"/><T94/><REACH who="0" step="1"/><D91/><REACH who="0" ten="33,149,249,539" step="2"/><U123/><E123/><V13/><F50/><W87/><AGARI ba="0,3" hai="32,34,35,52,53,73,78,83,87,88,95,97,103,104" machi="87" ten="30,16000,3" yaku="1,1,2,1,0,1,24,2,52,1,54,2,53,1" doraHai="102" doraHaiUra="82" who="3" fromWho="3" sc="33,-40,149,-40,249,-80,539,190" owari="-7,-51.0,109,-29.0,169,-3.0,729,83.0" /></mjloggm>