<mjloggm ver="2.3"><GO type="169" lobby="0"/><UN n0="%E3%82%A6%E3%83%AB%E3%83%88%E3%83%A9%E7%AB%8B%E7%9B%B4" n1="%E3%82%BD%E3%83%BC%E3%82%BF%E3%83%8B" n2="%E7%AB%8B%E8%8F%AF%E5%A5%8F" n3="%73%68%6F%65%73" dan="16,16,18,16" rate="2048.83,2111.13,2319.48,2105.92" sx="M,M,F,M"/><TAIKYOKU oya="0"/><INIT seed="0,0,0,0,1,107" ten="250,250,250,250" oya="0" hai0="68,11,75,108,25,47,1,111,103,38,126,33,115" hai1="3,44,127,64,0,40,72,42,7,101,15,112,76" hai2="118,123,13,109,130,78,50,26,9,54,57,39,71" hai3="82,4,128,21,37,17,97,61,105,28,125,6,83"/><T29/><D115/><U65/><E112/><V8/><F123/><W67/><G37/><T60/><D103/><U110/><E110/><N who="0" m="42025" /><D126/><U89/><E127/><V116/><F109/><W41/><G125/><T117/><D117/><N who="2" m="45162" /><F130/><W88/><G41/><N who="0" m="22967" /><D75/><U77/><E72/><V133/><F133/><W56/><G128/><T70/><D60/><U43/><E40/><V91/><F71/><W45/><G45/><T95/><D95/><U27/><E44/><V106/><F106/><W131/><G131/><T122/><D122/><U32/><E42/><V10/><F39/><W113/><G113/><T31/><D31/><U90/><E43/><V59/><F26/><W66/><G105/><T22/><D22/><U48/><E27/><V36/><F36/><W24/><G61/><T121/><D121/><U20/><E20/><V19/><F78/><W119/><G28/><T2/><D11/><N who="2" m="4170" /><F91/><W46/><G119/><T94/><D94/><U124/><E89/><V86/><F86/><W87/><G87/><T74/><D74/><U85/><E90/><V12/><F12/><W35/><G88/><T135/><D135/><U132/><E77/><V30/><F30/><W99/><G24/><T53/><D53/><U52/><E76/><V14/><F14/><W16/><G82/><T5/><D5/><U102/><E85/><V120/><F120/><W92/><G83/><T51/><D51/><U114/><E7/><V93/><F93/><W98/><G92/><T134/><D134/><U49/><E124/><V73/><F73/><W58/><G6/><T104/><D104/><U18/><E132/><RYUUKYOKU ba="0,0" sc="250,15,250,-15,250,15,250,-15" hai0="1,2,25,29,33,68,70" hai2="10,13,19,50,54,57,59" /><INIT seed="0,1,0,1,3,43" ten="265,235,265,235" oya="0" hai0="104,16,117,72,45,47,50,94,73,98,4,100,15" hai1="38,87,90,36,81,7,10,58,135,85,62,28,121" hai2="113,1,105,96,52,130,40,133,2,64,26,65,110" hai3="128,5,97,93,48,34,109,127,123,11,108,74,6"/><T125/><D117/><U42/><E42/><V18/><F113/><W120/><G34/><T86/><D4/><U67/><E28/><V24/><F130/><W84/><G74/><T39/><D39/><U82/><E135/><V14/><F133/><W60/><G128/><T20/><D125/><U69/><E69/><V51/><F40/><W54/><G127/><T49/><D104/><U63/><E63/><V112/><F112/><W22/><G22/><T116/><D116/><U111/><E111/><N who="3" m="42570" /><G60/><T37/><D37/><U55/><E55/><V44/><F110/><W19/><G84/><T61/><D61/><U78/><REACH who="1" step="1"/><E121/><REACH who="1" ten="265,225,265,235" step="2"/><V66/><F1/><AGARI ba="1,1" hai="1,7,10,36,38,58,62,67,78,81,82,85,87,90" machi="1" ten="30,3900,0" yaku="1,1,2,1,7,1,53,0" doraHai="43" doraHaiUra="41" who="1" fromWho="2" sc="265,0,225,52,265,-42,235,0" /><INIT seed="1,0,0,5,4,46" ten="265,277,223,235" oya="1" hai0="64,129,113,22,134,56,98,35,107,76,32,17,2" hai1="47,117,85,115,123,118,69,70,89,7,71,27,4" hai2="54,97,101,25,100,93,91,77,44,110,62,114,86" hai3="80,57,83,3,126,66,26,0,5,82,109,61,87"/><U119/><E115/><V106/><F114/><W24/><G109/><T84/><D2/><U48/><E27/><V40/><F110/><W18/><G126/><T65/><D35/><U75/><E75/><V79/><F100/><W12/><G87/><T124/><D32/><U43/><REACH who="1" step="1"/><E123/><REACH who="1" ten="265,267,223,235" step="2"/><V74/><F25/><W16/><G26/><T34/><D113/><U53/><E53/><V38/><F74/><W29/><G24/><T41/><D34/><U132/><E132/><V51/><REACH who="2" step="1"/><F62/><REACH who="2" ten="265,267,213,235" step="2"/><W11/><G61/><T10/><D134/><U33/><E33/><V1/><F1/><W31/><G3/><T9/><D124/><U120/><E120/><V39/><F39/><W92/><G0/><T52/><D65/><U103/><E103/><V105/><F105/><W78/><G66/><T45/><D64/><U88/><E88/><V99/><F99/><W111/><G111/><T72/><D98/><U94/><AGARI ba="0,2" hai="4,7,43,47,48,69,70,71,85,89,94,117,118,119" machi="94" ten="40,12000,1" yaku="1,1,0,1,52,1,53,1" doraHai="46" doraHaiUra="42" who="1" fromWho="1" sc="265,-40,267,140,213,-40,235,-40" /><INIT seed="1,1,0,3,5,96" ten="225,407,173,195" oya="1" hai0="5,49,81,27,24,100,83,56,39,65,64,17,115" hai1="92,98,20,32,117,40,110,26,119,71,62,84,72" hai2="70,37,101,43,35,25,53,82,54,97,123,30,78" hai3="11,7,29,63,44,76,87,48,22,113,67,93,58"/><U111/><E84/><V41/><F123/><W132/><G132/><T19/><D39/><U102/><E40/><V108/><F70/><W50/><G113/><T107/><D5/><U42/><E42/><V66/><F66/><W13/><G50/><T36/><D36/><U23/><E32/><V130/><F130/><W129/><G129/><T86/><D107/><U124/><E72/><V1/><F1/><W47/><G47/><T60/><D49/><U106/><E106/><V95/><F108/><N who="1" m="41513" /><E20/><V10/><F10/><W118/><G118/><T104/><D104/><U85/><E85/><V103/><F41/><W31/><G22/><T52/><D86/><U69/><E124/><V55/><F43/><N who="3" m="24607" /><G93/><T79/><D115/><U75/><E75/><V126/><F37/><W18/><G18/><T21/><D21/><U2/><E2/><V112/><F126/><W46/><G46/><T114/><D114/><U80/><E80/><AGARI ba="1,0" hai="7,11,13,29,31,58,63,67,76,80,87" m="24607" machi="80" ten="30,2000,0" yaku="25,1,8,1" doraHai="96" who="3" fromWho="1" sc="225,0,407,-23,173,0,195,23" /><INIT seed="2,0,0,4,0,119" ten="225,384,173,218" oya="2" hai0="20,104,55,36,85,116,65,33,66,92,120,118,73" hai1="16,103,109,80,19,2,122,58,135,96,126,105,35" hai2="88,78,50,90,79,82,113,26,12,100,1,54,97" hai3="72,52,98,34,4,13,76,83,49,17,117,43,93"/><V5/><F1/><W74/><G117/><N who="0" m="45163" /><D33/><U30/><E2/><V121/><F113/><W124/><G34/><T75/><D104/><U67/><E30/><V84/><F79/><W87/><G124/><T48/><D36/><U106/><E106/><V44/><F121/><W81/><G43/><T131/><D131/><U37/><E37/><V8/><REACH who="2" step="1"/><F26/><REACH who="2" ten="225,384,163,218" step="2"/><W21/><G4/><T128/><D120/><U10/><E122/><V129/><F129/><W115/><G115/><T61/><D128/><U86/><E126/><V53/><F53/><W111/><G111/><T3/><D3/><U64/><E109/><V60/><F60/><W94/><G76/><T42/><D61/><U40/><E40/><V23/><F23/><W32/><G32/><T112/><D42/><U51/><E35/><V130/><F130/><W59/><G21/><T47/><D112/><U91/><E64/><V123/><F123/><W38/><G52/><T24/><D66/><U125/><E125/><V56/><F56/><W108/><G59/><T22/><D65/><U68/><E67/><V77/><F77/><W25/><G108/><T89/><D22/><U110/><E58/><V127/><F127/><W99/><G13/><T101/><D20/><U29/><E110/><V14/><F14/><W95/><G25/><T9/><D24/><U41/><E41/><V134/><F134/><W15/><G15/><T114/><D114/><U6/><E135/><V18/><F18/><W39/><G17/><T70/><D55/><U7/><E16/><V133/><F133/><W107/><G38/><T11/><D47/><RYUUKYOKU ba="0,1" sc="225,-10,384,-10,163,30,218,-10" hai2="5,8,12,44,50,54,78,82,84,88,90,97,100" /><INIT seed="2,1,1,1,5,94" ten="215,374,193,208" oya="2" hai0="45,86,97,8,0,59,91,89,69,92,128,32,51" hai1="112,19,44,113,12,4,62,31,47,117,84,114,98" hai2="26,37,39,105,38,74,25,54,10,103,63,102,7" hai3="66,5,35,79,34,73,64,133,40,121,80,42,49"/><V82/><F74/><W36/><G121/><T101/><D69/><U77/><E117/><V1/><F82/><W125/><G125/><T110/><D32/><U56/><E31/><V16/><F105/><W93/><G133/><T20/><D128/><U129/><E4/><V50/><F63/><W13/><G49/><T6/><D110/><U76/><E98/><V30/><F26/><W15/><G15/><T78/><D59/><U33/><E33/><V107/><F107/><W60/><G66/><T132/><D132/><U83/><E77/><V118/><F118/><W21/><G93/><T71/><D71/><U109/><E109/><V131/><F131/><W115/><G115/><T2/><D20/><U99/><E99/><V127/><F127/><W3/><G21/><T57/><D57/><U100/><E100/><V28/><F16/><W90/><G90/><T130/><D130/><U124/><E124/><V68/><F68/><W17/><G17/><T70/><D70/><U14/><E129/><V18/><F18/><W135/><G135/><T134/><D134/><U48/><E19/><V85/><F85/><W123/><G123/><T24/><D24/><U43/><E12/><V108/><F108/><W46/><G13/><T95/><D78/><U29/><E14/><V41/><F41/><W116/><G42/><N who="0" m="25015" /><D0/><U122/><E122/><V111/><F111/><W22/><G116/><T23/><D23/><U104/><E104/><V72/><F72/><W120/><G120/><T58/><D101/><N who="2" m="38410" /><F25/><W81/><G73/><T55/><D55/><N who="1" m="34079" /><E29/><V65/><F65/><W52/><G64/><RYUUKYOKU ba="1,1" sc="215,10,374,10,193,10,208,-30" hai0="2,6,8,58,86,89,91,92,95,97" hai1="43,44,47,48,76,83,84,112,113,114" hai2="1,7,10,28,30,37,38,39,50,54" /><INIT seed="2,2,1,3,0,58" ten="225,384,203,178" oya="2" hai0="120,111,26,7,45,72,91,101,129,65,77,27,39" hai1="71,76,41,83,15,73,43,8,133,75,127,116,128" hai2="10,47,66,57,114,106,93,37,46,117,103,23,92" hai3="123,3,115,33,82,124,25,6,94,61,19,55,32"/><V79/><F114/><W42/><G123/><T9/><D120/><U86/><E71/><V125/><F117/><W2/><G115/><T80/><D101/><U63/><E63/><V67/><F125/><W5/><G42/><N who="0" m="22751" /><D129/><U20/><E75/><V78/><F106/><W14/><G82/><T16/><D111/><U35/><E35/><N who="3" m="13386" /><G94/><T131/><D131/><U98/><E73/><V102/><F37/><W74/><G55/><T105/><D105/><U0/><E0/><N who="3" m="42" /><G74/><T135/><D135/><U49/><E133/><V110/><F110/><W118/><G118/><T53/><D53/><U48/><E116/><V24/><F57/><W81/><G61/><T36/><D91/><U4/><E128/><V68/><F68/><W38/><G38/><T70/><D36/><U21/><E43/><V51/><F51/><W97/><G97/><T54/><D54/><U31/><E98/><V12/><F102/><W134/><G81/><T56/><D56/><U29/><E49/><V60/><F103/><W122/><G124/><T87/><D65/><N who="2" m="24586" /><F60/><W88/><G88/><T64/><D64/><U95/><E127/><V30/><F47/><W96/><G96/><T113/><D70/><U119/><E119/><V84/><F46/><W1/><G122/><T121/><D121/><U18/><E48/><V28/><F84/><W34/><G134/><T126/><D87/><U99/><E41/><V85/><F85/><W59/><G59/><T69/><D126/><U44/><E44/><V112/><F112/><W109/><N who="3" m="50" /><W40/><DORA hai="104" /><G109/><T52/><D113/><U89/><E83/><RYUUKYOKU ba="2,1" sc="225,0,384,0,203,0,178,0" /><INIT seed="3,3,1,3,5,118" ten="225,384,203,178" oya="3" hai0="0,19,102,39,127,46,41,12,69,97,43,106,81" hai1="64,123,128,14,42,15,2,130,45,101,60,54,96" hai2="125,38,59,37,57,98,80,11,34,71,24,85,33" hai3="92,120,3,5,105,61,50,67,48,47,134,121,58"/><W110/><G105/><T132/><D0/><U119/><E54/><V108/><F71/><W89/><G50/><T18/><D69/><U23/><E23/><V4/><F125/><W82/><G82/><T124/><D132/><U62/><E62/><V29/><F34/><W109/><G134/><T88/><D43/><U116/><E2/><V52/><F98/><W103/><G103/><T79/><D88/><U135/><E15/><V9/><F59/><W17/><G17/><T84/><REACH who="0" step="1"/><D18/><REACH who="0" ten="215,384,203,178" step="2"/><U32/><E135/><V31/><F31/><W91/><G3/><T27/><D27/><U75/><E119/><V111/><F24/><W66/><G5/><T122/><D122/><U94/><E123/><V115/><F29/><W36/><G121/><T87/><D87/><U77/><E42/><V8/><F4/><W21/><G120/><T100/><D100/><U73/><E101/><V63/><F115/><W7/><G91/><T126/><D126/><U114/><E116/><V6/><F6/><W95/><G7/><T10/><AGARI ba="3,2" hai="10,12,19,39,41,46,79,81,84,97,102,106,124,127" machi="10" ten="30,2000,0" yaku="1,1,0,1,53,0" doraHai="118" doraHaiUra="131" who="0" fromWho="0" sc="215,49,384,-8,203,-8,178,-13" /><INIT seed="4,0,0,1,0,49" ten="264,376,195,165" oya="0" hai0="69,77,133,107,131,100,93,86,10,126,118,0,28" hai1="20,84,97,122,111,32,41,123,101,134,61,95,96" hai2="102,104,15,3,79,57,115,44,27,67,13,83,22" hai3="94,72,76,39,37,19,56,46,23,85,80,11,45"/><T81/><D69/><U65/><E32/><V105/><F3/><W35/><G35/><T6/><D118/><U135/><E20/><V26/><F115/><W17/><G72/><T88/><D126/><U18/><E18/><V52/><F102/><W112/><G112/><T109/><D109/><U31/><E31/><V75/><F26/><W73/><G73/><T108/><D108/><U106/><E41/><V82/><F82/><W25/><G39/><T1/><D1/><U55/><E55/><V128/><F128/><W29/><G37/><T103/><D131/><U62/><E62/><V30/><F44/><W50/><G94/><T53/><D107/><U127/><E84/><V43/><F43/><W116/><G116/><T12/><D133/><N who="1" m="50699" /><E127/><V14/><REACH who="2" step="1"/><F67/><REACH who="2" ten="264,376,185,165" step="2"/><W54/><G11/><T98/><D0/><U59/><E111/><V64/><F64/><W119/><G119/><T68/><D28/><U114/><E114/><V60/><AGARI ba="0,1" hai="13,14,15,22,27,30,52,57,60,75,79,83,104,105" machi="60" ten="30,7900,0" yaku="1,1,0,1,52,1,54,1,53,0" doraHai="49" doraHaiUra="125" who="2" fromWho="2" sc="264,-39,376,-20,185,89,165,-20" /><INIT seed="5,0,0,2,1,111" ten="225,356,274,145" oya="1" hai0="70,36,113,92,116,11,93,69,7,90,124,88,33" hai1="21,78,16,38,1,85,27,128,95,82,117,3,121" hai2="103,65,26,66,35,105,122,46,60,104,67,49,132" hai3="126,80,44,86,81,13,20,123,68,119,134,52,108"/><U18/><E121/><V62/><F122/><W5/><G123/><T32/><D36/><U89/><E38/><V6/><F6/><W24/><G68/><T43/><D43/><U84/><E128/><V118/><F118/><W22/><G108/><T31/><D124/><U42/><E42/><V19/><F132/><W120/><G120/><T110/><D110/><U9/><REACH who="1" step="1"/><E117/><REACH who="1" ten="225,346,274,145" step="2"/><V127/><F127/><W61/><G126/><T133/><D116/><U73/><E73/><V8/><F105/><W34/><G119/><T77/><D133/><U15/><AGARI ba="0,1" hai="1,3,9,15,16,18,21,27,78,82,84,85,89,95" machi="15" ten="30,6000,0" yaku="1,1,0,1,54,1,53,0" doraHai="111" doraHaiUra="56" who="1" fromWho="1" sc="225,-20,346,70,274,-20,145,-20" /><INIT seed="5,1,0,1,0,77" ten="205,416,254,125" oya="1" hai0="115,135,118,24,27,90,13,113,26,40,128,35,81" hai1="109,19,10,134,111,41,49,110,126,103,20,7,50" hai2="101,2,64,78,0,59,28,39,80,102,116,120,117" hai3="130,5,53,33,122,68,36,1,79,131,52,6,57"/><U123/><E41/><V124/><F39/><W86/><G33/><T47/><D118/><U114/><E103/><V129/><F120/><W82/><G68/><T83/><D35/><U106/><E106/><V46/><F46/><W71/><G71/><T32/><D32/><U29/><E29/><V60/><F28/><W55/><G36/><T25/><N who="0" m="6144" /><DORA hai="89" /><T105/><D105/><U66/><E66/><V44/><F44/><W107/><G107/><T11/><D128/><N who="3" m="49193" /><G122/><T69/><D135/><U96/><E114/><N who="0" m="43529" /><D90/><U100/><E123/><V74/><F129/><W88/><G79/><T127/><D69/><U15/><E134/><V87/><F117/><W54/><G1/><T121/><D121/><U75/><E100/><V9/><F102/><W76/><G76/><T98/><D98/><U65/><E96/><V67/><F101/><W21/><G21/><T132/><D132/><U23/><E20/><V12/><F116/><W37/><G37/><N who="0" m="21903" /><D127/><U95/><E126/><V17/><F124/><W97/><G97/><T61/><D61/><AGARI ba="1,0" hai="5,6,52,53,54,55,57,61,82,86,88" m="49193" machi="61" ten="30,7700,0" yaku="19,1,52,1,54,2" doraHai="77,89" who="3" fromWho="0" sc="205,-80,416,0,254,0,125,80" /><INIT seed="6,0,0,4,5,45" ten="125,416,254,205" oya="2" hai0="30,8,66,86,16,25,116,7,33,47,70,117,24" hai1="54,49,26,74,69,10,22,101,1,79,19,122,39" hai2="130,100,107,62,99,123,110,43,4,59,126,88,124" hai3="132,63,133,103,60,18,76,50,12,32,82,13,44"/><V90/><F123/><W81/><G32/><T9/><D66/><U121/><E69/><V15/><F110/><W78/><G103/><T89/><D70/><U17/><E101/><V51/><F130/><W84/><G133/><T129/><D129/><U40/><E40/><V37/><F37/><W119/><G119/><N who="0" m="45643" /><D86/><U48/><E54/><V57/><F4/><W11/><G13/><N who="0" m="7215" /><D89/><N who="2" m="34410" /><F15/><W109/><G109/><T36/><D36/><U6/><E79/><V28/><F28/><W58/><G58/><T56/><D56/><U112/><E74/><V120/><F120/><N who="1" m="46185" /><E112/><V41/><F59/><W67/><G132/><T87/><D87/><U27/><E39/><V46/><F41/><W77/><G67/><T115/><D47/><U102/><E102/><V73/><F73/><W108/><G108/><T134/><D134/><U21/><AGARI ba="0,0" hai="1,6,10,17,19,21,22,26,27,48,49" m="46185" machi="21" ten="30,4000,0" yaku="13,1,52,2" doraHai="45" who="1" fromWho="1" sc="125,-10,416,40,254,-20,205,-10" /><INIT seed="7,0,0,3,5,124" ten="115,456,234,195" oya="3" hai0="133,58,88,24,62,127,70,6,98,106,67,27,54" hai1="78,130,48,41,61,16,71,83,36,4,109,102,45" hai2="93,5,131,80,35,104,46,123,31,1,110,68,114" hai3="47,126,60,129,128,103,75,49,32,69,79,38,25"/><W42/><G103/><T107/><D127/><U116/><E16/><V21/><F110/><W135/><G126/><T12/><D133/><U125/><E4/><V72/><F104/><W10/><G135/><T44/><D106/><U33/><E33/><V59/><F35/><W19/><G79/><T14/><D107/><U119/><E83/><V53/><F68/><W57/><G75/><T101/><D101/><U90/><E90/><V117/><F117/><W2/><G69/><T30/><D70/><U55/><E55/><V23/><F53/><W81/><G81/><T22/><D27/><U50/><E50/><V73/><F1/><W92/><G92/><T108/><D108/><U97/><E48/><V39/><F93/><W111/><G111/><T82/><D6/><U66/><E66/><V87/><F5/><W99/><G99/><T121/><D121/><U112/><E97/><V120/><F87/><W18/><G2/><T43/><D67/><U89/><E102/><V26/><F80/><W3/><G3/><T9/><D9/><U85/><E78/><V84/><F84/><W63/><G63/><T11/><D11/><U40/><E61/><V0/><F0/><W100/><G100/><T95/><REACH who="0" step="1"/><D82/><REACH who="0" ten="105,456,234,195" step="2"/><U94/><E109/><V7/><F120/><W64/><G10/><T8/><D8/><U132/><E125/><V51/><F123/><W91/><G25/><T96/><D96/><U29/><E132/><V118/><F26/><W77/><G64/><T52/><D52/><U86/><E116/><V15/><F118/><W28/><G42/><T115/><D115/><RYUUKYOKU ba="0,1" sc="105,30,456,-10,234,-10,195,-10" hai0="12,14,22,24,30,43,44,54,58,62,88,95,98" owari="135,-36.0,456,55.0,224,2.0,185,-21.0" /></mjloggm>