<mjloggm ver="2.3"><GO type="97" lobby="0"/><UN n0="%E3%82%A6%E3%83%AB%E3%83%88%E3%83%A9%E7%AB%8B%E7%9B%B4" n1="%73%68%65%65%70%64%6F%67" n2="%68%5F%63%6F%72%6E%65%72" n3="%E6%B6%85%E7%9C%A0" dan="15,14,13,15" rate="1995.87,1942.25,1872.59,1959.83" sx="M,M,M,M"/><TAIKYOKU oya="0"/><INIT seed="0,0,0,0,0,90" ten="250,250,250,250" oya="0" hai0="84,130,102,89,100,0,33,23,48,20,104,99,127" hai1="61,73,50,51,97,118,6,103,95,65,82,86,64" hai2="93,29,39,46,129,37,96,10,79,91,119,117,13" hai3="114,58,54,14,44,81,49,83,133,27,36,121,112"/><T122/><D0/><U116/><E65/><V120/><F129/><W113/><G121/><T40/><D33/><U19/><E6/><V7/><F120/><W26/><G133/><T92/><D122/><U78/><E116/><N who="2" m="44619" /><F29/><W22/><G14/><T70/><D70/><U56/><E118/><V108/><F108/><W109/><G109/><T125/><D130/><U17/><E73/><V25/><F25/><W21/><G36/><T32/><D32/><U34/><E34/><V55/><F79/><W134/><G134/><T66/><D66/><U123/><E123/><V31/><F31/><W63/><G27/><T131/><D131/><U75/><E75/><V105/><F105/><W5/><G5/><T30/><D102/><U80/><E82/><V15/><F13/><W87/><G87/><T94/><D104/><U57/><E56/><V24/><F24/><W1/><G1/><T67/><D67/><U77/><E78/><V107/><F107/><W111/><G111/><T45/><REACH who="0" step="1"/><D30/><REACH who="0" ten="240,250,250,250" step="2"/><U69/><E69/><V132/><F132/><W62/><G114/><T85/><D85/><U3/><E3/><V115/><F115/><W28/><G113/><T135/><D135/><U68/><E68/><V60/><F37/><W11/><G112/><T41/><D41/><U2/><E2/><V101/><F39/><W76/><G28/><T53/><D53/><U106/><E106/><V8/><F101/><W128/><G128/><T98/><D98/><U35/><E35/><V72/><F72/><W71/><G71/><T74/><D74/><U59/><E59/><N who="2" m="34943" /><F46/><W18/><G44/><RYUUKYOKU ba="0,1" sc="240,10,250,10,250,10,250,-30" hai0="20,23,40,45,48,84,89,92,94,99,100,125,127" hai1="17,19,50,51,57,61,64,77,80,86,95,97,103" hai2="7,8,10,15,91,93,96" /><INIT seed="0,1,1,5,2,130" ten="250,260,260,220" oya="0" hai0="98,104,112,70,107,14,36,134,72,6,63,55,41" hai1="42,81,3,127,85,126,79,103,128,53,129,11,123" hai2="27,1,73,135,7,83,39,52,110,20,102,95,2" hai3="9,18,80,106,109,120,69,76,25,40,121,100,16"/><T82/><D112/><U131/><E3/><V65/><F39/><W108/><G69/><T12/><D41/><U122/><E42/><V113/><F113/><W89/><G40/><T105/><D36/><U84/><E11/><V71/><F135/><W132/><G132/><T59/><D134/><U67/><E67/><V92/><F110/><N who="3" m="42603" /><G89/><T43/><D43/><U46/><E46/><V116/><F116/><W45/><G45/><T57/><D70/><U74/><E53/><V86/><F102/><W29/><G9/><T119/><D119/><U99/><E84/><V58/><F73/><N who="3" m="43023" /><G106/><T22/><D72/><U24/><E24/><V97/><F71/><W4/><G4/><T117/><D117/><U96/><E85/><V13/><F65/><W48/><G48/><T23/><D82/><U17/><E17/><N who="3" m="6762" /><G100/><T90/><D59/><U51/><E51/><N who="2" m="31007" /><F1/><W33/><AGARI ba="1,1" hai="25,29,33,120,121" m="6762,43023,42603" machi="33" ten="30,2000,0" yaku="14,1,54,1" doraHai="130" who="3" fromWho="3" sc="250,-11,260,-6,260,-6,220,33" /><INIT seed="1,0,0,5,3,115" ten="239,254,254,253" oya="1" hai0="128,116,53,5,46,8,42,124,41,62,13,103,4" hai1="15,97,56,133,123,44,55,27,125,59,65,66,77" hai2="109,80,90,36,107,67,92,135,47,105,50,132,73" hai3="74,100,82,28,95,57,7,34,63,58,122,88,54"/><U113/><E123/><V111/><F36/><W6/><G122/><T129/><D103/><U22/><E113/><V52/><F67/><N who="1" m="25609" /><E77/><V108/><F73/><W45/><G100/><T106/><D106/><N who="2" m="40458" /><F80/><W75/><G45/><T71/><D4/><U11/><E97/><AGARI ba="0,0" hai="47,50,52,90,92,97,108,109,111,132,135" m="40458" machi="97" ten="40,2600,0" yaku="14,1,54,1" doraHai="115" who="2" fromWho="1" sc="239,0,254,-26,254,26,253,0" /><INIT seed="2,0,0,5,1,69" ten="239,228,280,253" oya="2" hai0="4,55,29,132,76,123,9,95,15,17,57,93,41" hai1="86,84,97,32,117,74,27,5,83,34,44,99,14" hai2="22,71,75,56,35,50,96,66,134,31,61,77,30" hai3="109,105,122,25,106,38,18,119,101,73,8,46,127"/><V42/><F134/><W120/><G38/><T45/><D132/><U79/><E117/><V16/><F35/><W107/><G73/><T11/><D29/><U72/><E27/><V67/><F77/><W19/><G119/><T13/><D76/><U12/><E5/><V40/><F75/><W112/><G112/><T43/><D123/><U115/><E44/><V85/><F85/><W100/><G127/><T63/><REACH who="0" step="1"/><D43/><REACH who="0" ten="229,228,280,253" step="2"/><U91/><E115/><V126/><F42/><W81/><G109/><T54/><D54/><U92/><E72/><V118/><F126/><W135/><G135/><T82/><D82/><N who="1" m="47199" /><E74/><V116/><F118/><W133/><G133/><T52/><D52/><U94/><E34/><V48/><F116/><W80/><G122/><T10/><D10/><U36/><E32/><V103/><F40/><W102/><G120/><T98/><D98/><N who="1" m="37387" /><E36/><AGARI ba="0,1" hai="4,9,11,13,15,17,36,41,45,55,57,63,93,95" machi="36" ten="30,7700,0" yaku="1,1,7,1,52,1,53,1" doraHai="69" doraHaiUra="68" who="0" fromWho="1" sc="229,87,228,-77,280,0,253,0" /><INIT seed="3,0,0,5,3,66" ten="316,151,280,253" oya="3" hai0="128,34,26,101,107,108,95,41,133,8,59,4,17" hai1="42,68,116,46,83,97,45,87,62,103,31,88,14" hai2="81,86,67,114,90,48,115,72,102,58,37,99,84" hai3="10,120,70,15,1,71,54,126,52,33,60,82,127"/><W30/><G120/><T94/><D41/><U2/><E2/><V53/><F37/><W38/><G38/><T51/><D128/><U61/><E116/><V12/><F72/><W77/><G1/><T43/><D133/><U28/><E46/><V130/><F130/><W123/><G123/><T18/><D107/><U21/><E61/><V113/><F67/><W76/><G33/><T129/><D129/><U131/><E131/><V6/><F84/><W132/><G132/><T98/><D94/><U124/><E124/><N who="3" m="47658" /><G30/><T65/><D34/><U91/><E91/><V56/><F56/><N who="3" m="34823" /><G54/><T22/><D108/><U40/><E40/><V19/><F113/><W57/><G57/><T29/><D43/><U73/><E73/><V78/><F78/><N who="3" m="30315" /><G82/><T35/><D35/><U3/><E3/><V23/><REACH who="2" step="1"/><F6/><AGARI ba="0,0" hai="6,10,15,70,71" m="30315,34823,47658" machi="6" ten="30,11600,0" yaku="18,1,52,2,54,1" doraHai="66" who="3" fromWho="2" sc="316,0,151,0,280,-116,253,116" owari="316,12.0,151,-35.0,164,-24.0,369,47.0" /></mjloggm>