<mjloggm ver="2.3"><GO type="97" lobby="0"/><UN n0="%63%68%6F%6D%6F%72%61%6E" n1="%E3%82%A6%E3%83%AB%E3%83%88%E3%83%A9%E7%AB%8B%E7%9B%B4" n2="%E5%A4%A9%E4%B8%8B%E7%88%B6%E6%AF%8D%E5%BF%83" n3="%E3%82%B5%E3%82%AE%E3%82%BF%E3%83%97%E3%83%AD" dan="13,15,14,14" rate="1801.38,1968.27,1930.57,1931.66" sx="M,M,M,F"/><TAIKYOKU oya="0"/><INIT seed="0,0,0,2,5,109" ten="250,250,250,250" oya="0" hai0="24,107,29,23,31,97,68,122,60,123,50,69,33" hai1="41,84,113,100,94,65,74,130,91,71,36,34,19" hai2="127,61,5,126,14,54,132,11,112,124,82,89,37" hai3="115,129,0,47,101,135,118,62,7,45,99,117,93"/><T64/><D50/><U49/><E74/><V85/><F132/><W20/><G135/><T15/><D15/><U38/><E34/><V66/><F37/><W21/><G129/><T44/><D69/><U1/><E1/><V39/><F39/><W57/><G115/><T102/><REACH who="0" step="1"/><D44/><REACH who="0" ten="240,250,250,250" step="2"/><N who="1" m="25743" /><E71/><N who="2" m="42447" /><F112/><W17/><G47/><T30/><D30/><U133/><E113/><V92/><F54/><W6/><G45/><T51/><D51/><U9/><E133/><V55/><F55/><W52/><G0/><T12/><D12/><N who="1" m="7567" /><E36/><V56/><F56/><W46/><G46/><T76/><D76/><U88/><E38/><V77/><F77/><W78/><G78/><T27/><AGARI ba="0,1" hai="23,24,27,29,31,33,60,64,68,97,102,107,122,123" machi="27" ten="30,11700,0" yaku="1,1,0,1,25,2,53,0" doraHai="109" doraHaiUra="32" who="0" fromWho="0" sc="240,127,250,-39,250,-39,250,-39" /><INIT seed="0,1,0,5,0,117" ten="367,211,211,211" oya="0" hai0="44,97,3,78,50,16,33,133,108,126,112,98,14" hai1="19,116,124,121,119,37,39,71,45,123,111,59,7" hai2="47,102,35,28,48,62,10,85,22,128,53,66,120" hai3="113,87,21,49,88,46,56,63,96,127,129,26,93"/><T24/><D3/><U34/><E19/><V23/><F120/><N who="1" m="46153" /><E7/><V65/><F128/><W40/><G129/><T80/><D112/><U118/><E34/><V13/><F102/><W76/><G113/><T104/><D133/><U103/><E103/><V135/><F135/><W57/><G127/><T106/><D108/><U94/><E94/><V15/><F85/><W110/><G110/><T11/><D106/><U8/><E8/><V42/><F35/><W17/><G63/><T115/><D115/><U99/><E99/><V77/><F77/><W9/><G9/><T60/><D104/><U52/><E111/><V32/><F32/><W79/><G79/><T30/><D60/><N who="1" m="35943" /><E124/><V109/><F109/><W51/><G51/><T25/><D25/><U2/><E2/><V74/><F74/><W27/><G27/><T64/><D64/><N who="2" m="24682" /><F62/><W1/><G1/><T18/><D18/><U101/><E101/><V6/><F23/><W29/><G29/><T5/><D5/><U125/><E125/><V61/><F61/><W131/><G131/><T4/><D4/><U105/><E105/><V91/><F28/><W84/><G84/><T107/><D107/><U69/><E45/><V82/><F22/><W12/><G12/><T73/><D126/><U70/><AGARI ba="1,0" hai="37,39,69,70,71,116,118,119" m="35943,46153" machi="70" ten="50,12000,2" yaku="34,2,52,3,54,1" doraHai="117" who="1" fromWho="1" sc="367,-61,211,123,211,-31,211,-31" /><INIT seed="1,0,0,4,4,23" ten="306,334,180,180" oya="1" hai0="70,89,8,87,79,115,107,82,49,5,104,120,1" hai1="24,63,95,48,43,34,98,67,47,40,39,84,30" hai2="117,55,31,51,59,16,76,0,124,85,101,121,19" hai3="57,118,35,105,134,44,96,110,113,54,50,75,56"/><U3/><E3/><V10/><F117/><W27/><G118/><T119/><D120/><U68/><E84/><V38/><F121/><W18/><G113/><T62/><D115/><U92/><E43/><V78/><F124/><W112/><G112/><T94/><D70/><U28/><E28/><V72/><F38/><W109/><G75/><T102/><D62/><U42/><E42/><V83/><F101/><W111/><G134/><T127/><D127/><U26/><E26/><V52/><F55/><W69/><G69/><T73/><D102/><U93/><REACH who="1" step="1"/><E48/><REACH who="1" ten="306,324,180,180" step="2"/><V60/><F51/><W36/><G36/><T103/><D49/><U2/><E2/><V4/><REACH who="2" step="1"/><F31/><REACH who="2" ten="306,324,170,180" step="2"/><W32/><G109/><T7/><D119/><U116/><E116/><V37/><F37/><W58/><G110/><T125/><D125/><U77/><E77/><V90/><F90/><AGARI ba="0,2" hai="24,30,34,39,40,47,63,67,68,90,92,93,95,98" machi="90" ten="30,5800,0" yaku="1,1,7,1,52,1,53,0" doraHai="23" doraHaiUra="100" who="1" fromWho="2" sc="306,0,324,78,170,-58,180,0" /><INIT seed="1,1,0,1,5,9" ten="306,402,112,180" oya="1" hai0="102,129,131,117,60,10,134,56,52,71,45,30,87" hai1="38,3,100,43,85,1,113,84,72,37,42,115,135" hai2="2,101,8,110,5,54,0,51,33,105,48,103,49" hai3="24,23,74,77,122,11,116,57,69,46,61,98,58"/><U91/><E91/><V108/><F33/><W32/><G122/><T25/><D117/><U111/><E100/><N who="2" m="38475" /><F105/><W76/><G32/><T14/><D71/><U55/><E55/><V120/><F120/><W65/><G116/><T99/><D134/><U118/><E135/><V53/><F8/><W90/><G69/><T26/><D131/><U31/><E118/><V75/><F5/><W40/><G74/><T97/><D30/><U12/><E31/><V44/><F44/><W35/><G35/><T36/><D99/><U127/><E72/><V28/><F28/><W130/><G130/><T78/><D36/><U80/><E80/><V63/><F63/><W50/><G58/><T70/><D70/><U66/><E66/><V68/><F68/><W83/><G11/><T47/><D47/><U64/><E64/><V93/><F93/><N who="3" m="56631" /><G83/><T88/><D45/><U96/><E38/><V29/><F29/><AGARI ba="1,0" hai="23,24,29,40,46,50,57,61,65,76,77" m="56631" machi="29" ten="30,1000,0" yaku="8,1" doraHai="9" who="3" fromWho="2" sc="306,0,402,0,112,-13,180,13" /><INIT seed="2,0,0,3,2,48" ten="306,402,99,193" oya="2" hai0="51,124,35,70,64,14,91,58,131,85,123,56,9" hai1="83,63,42,78,0,19,76,128,130,113,96,23,38" hai2="32,50,129,80,95,43,87,97,68,52,66,126,132" hai3="7,45,115,79,121,60,33,99,46,28,114,29,69"/><V57/><F126/><W71/><G121/><T41/><D35/><U94/><E0/><V59/><F129/><N who="1" m="49769" /><E42/><V44/><F132/><W49/><G79/><T37/><D123/><U67/><E38/><V122/><F122/><W84/><G33/><T65/><D131/><U102/><E83/><V62/><F32/><W77/><G99/><T27/><D27/><N who="1" m="14847" /><E113/><N who="3" m="43018" /><G7/><T133/><D133/><U125/><E125/><V118/><F118/><W120/><G120/><T88/><D70/><AGARI ba="0,0" hai="63,67,70,76,78,94,96,102" m="14847,49769" machi="70" ten="30,1000,0" yaku="19,1" doraHai="48" who="1" fromWho="0" sc="306,-10,402,10,99,0,193,0" /><INIT seed="3,0,0,2,2,124" ten="296,412,99,193" oya="3" hai0="80,4,17,83,23,93,16,58,30,57,113,84,44" hai1="130,35,73,106,108,67,88,2,134,33,52,102,40" hai2="90,126,28,49,13,42,62,59,6,115,15,86,12" hai3="111,103,74,133,76,79,98,7,46,10,48,118,87"/><W92/><G118/><T135/><D113/><U69/><E88/><V22/><F115/><W9/><G133/><T105/><D105/><U39/><E52/><V5/><F126/><W61/><G61/><T91/><D4/><U121/><E130/><V37/><F37/><W41/><G111/><T26/><D135/><U31/><E121/><V32/><F32/><W11/><G74/><T71/><D71/><U116/><E116/><V63/><F62/><W112/><G112/><T34/><D17/><U94/><E94/><V96/><F96/><W24/><G24/><T21/><D44/><U128/><E128/><V109/><F109/><W53/><G53/><T45/><D34/><U65/><E65/><V72/><F72/><W47/><G47/><T64/><D45/><N who="1" m="23711" /><E108/><V66/><F49/><W114/><G114/><T50/><D58/><U14/><E14/><V43/><F42/><W51/><G51/><T55/><REACH who="0" step="1"/><D64/><REACH who="0" ten="286,412,99,193" step="2"/><U89/><E67/><V97/><F43/><W1/><REACH who="3" step="1"/><G79/><REACH who="3" ten="286,412,99,183" step="2"/><T82/><D82/><AGARI ba="0,2" hai="1,7,9,10,11,41,46,48,76,82,87,92,98,103" machi="82" ten="40,3900,0" yaku="1,1,2,1,53,0" doraHai="124" doraHaiUra="107" who="3" fromWho="0" sc="286,-39,412,0,99,0,183,59" /><INIT seed="3,1,0,2,0,49" ten="247,412,99,242" oya="3" hai0="123,113,94,26,19,6,34,55,103,110,58,27,91" hai1="74,96,38,44,53,52,65,3,59,107,135,69,81" hai2="18,61,56,22,112,64,0,105,7,122,32,120,129" hai3="108,31,47,35,77,36,48,12,33,23,101,21,72"/><W102/><G36/><T79/><D113/><U30/><E135/><V97/><F112/><W92/><G108/><T80/><D103/><U60/><E3/><V4/><F129/><W11/><G35/><T134/><D134/><U46/><E30/><V54/><F105/><W78/><G33/><T66/><D66/><U41/><E96/><V83/><F97/><N who="3" m="59559" /><G102/><T5/><D27/><U75/><E107/><V67/><F83/><W71/><G71/><T88/><D91/><U25/><E25/><V39/><F39/><W24/><G23/><T95/><D95/><U2/><E81/><V119/><F119/><W117/><G72/><T87/><D123/><U115/><E2/><V51/><F32/><W13/><G117/><T85/><D19/><U90/><E90/><V17/><F120/><W104/><G104/><T29/><REACH who="0" step="1"/><D110/><REACH who="0" ten="237,412,99,242" step="2"/><U127/><E115/><V50/><F122/><W126/><G126/><T76/><D76/><N who="3" m="29289" /><G11/><T118/><D118/><U84/><E127/><V111/><F111/><W10/><G10/><T62/><AGARI ba="1,1" hai="5,6,26,29,34,55,58,62,79,80,85,87,88,94" machi="62" ten="20,12000,2" yaku="1,1,0,1,7,1,52,1,54,1,53,1" doraHai="49" doraHaiUra="73" who="0" fromWho="0" sc="237,133,412,-31,99,-31,242,-61" owari="370,17.0,381,48.0,68,-43.0,181,-22.0" /></mjloggm>