<mjloggm ver="2.3"><GO type="97" lobby="0"/><UN n0="%E3%81%84%E3%82%93%E3%81%B1%E3%82%89" n1="%E7%94%B0%E4%B8%AD%E6%B6%BC%E5%AD%90" n2="%E3%82%A6%E3%83%AB%E3%83%88%E3%83%A9%E7%AB%8B%E7%9B%B4" n3="%E4%B8%80%E5%8F%B7%E6%A9%9F" dan="13,13,15,13" rate="1897.16,1810.41,2063.10,1858.04" sx="M,F,M,M"/><TAIKYOKU oya="0"/><INIT seed="0,0,0,1,2,42" ten="250,250,250,250" oya="0" hai0="12,36,99,23,105,81,97,108,66,76,117,129,75" hai1="32,60,107,34,71,115,91,106,20,131,118,46,83" hai2="104,31,87,80,125,79,51,25,40,65,28,29,2" hai3="4,101,102,134,7,135,116,10,132,15,72,96,120"/><T38/><D117/><U90/><E118/><V67/><F104/><W130/><G116/><T78/><D66/><U64/><E131/><V43/><F2/><W124/><G72/><T26/><D129/><U47/><E20/><V110/><F110/><W49/><G130/><T6/><D108/><U56/><E115/><V33/><F125/><W61/><G124/><T119/><D119/><U50/><E106/><V22/><F33/><W62/><G120/><T133/><D133/><U21/><E107/><V19/><F43/><W9/><G49/><T11/><D78/><U114/><E114/><V100/><REACH who="2" step="1"/><F100/><REACH who="2" ten="250,250,240,250" step="2"/><W86/><G102/><T16/><REACH who="0" step="1"/><D105/><REACH who="0" ten="240,250,240,250" step="2"/><U85/><E34/><V121/><F121/><W112/><G112/><T18/><D18/><U128/><E32/><V77/><F77/><W17/><G17/><T55/><D55/><U109/><E128/><V54/><F54/><W44/><G134/><T13/><D13/><U52/><E109/><V41/><F41/><W57/><G132/><T59/><D59/><U8/><E91/><V30/><F30/><W95/><G135/><T88/><D88/><U69/><E69/><V113/><F113/><W70/><G15/><T58/><D58/><U27/><REACH who="1" step="1"/><E8/><REACH who="1" ten="240,240,240,250" step="2"/><V111/><F111/><W93/><G9/><T24/><D24/><U53/><E53/><V94/><F94/><W84/><G93/><T37/><AGARI ba="0,3" hai="6,11,12,16,23,26,36,37,38,75,76,81,97,99" machi="37" ten="30,18000,2" yaku="1,1,0,1,54,1,53,3" doraHai="42" doraHaiUra="68" who="0" fromWho="0" sc="240,210,240,-60,240,-60,250,-60" /><INIT seed="0,1,0,5,0,113" ten="450,180,180,190" oya="0" hai0="1,96,70,83,85,81,107,73,69,93,133,104,117" hai1="29,78,116,95,99,39,126,56,2,37,130,23,105" hai2="122,63,20,55,11,10,5,9,74,90,119,94,48" hai3="75,4,129,124,97,61,45,51,110,25,50,49,53"/><T52/><D1/><U57/><E2/><V31/><F74/><W36/><G75/><T59/><D133/><U22/><E116/><V134/><F122/><W8/><G97/><T123/><D123/><U3/><E3/><V44/><F134/><W14/><G25/><T12/><D117/><U98/><E126/><V106/><F106/><W132/><G132/><T26/><D26/><U33/><E130/><V24/><F119/><W102/><G102/><T88/><D12/><U112/><E105/><V84/><REACH who="2" step="1"/><F63/><REACH who="2" ten="450,180,170,190" step="2"/><W27/><G124/><T58/><D107/><U64/><E112/><V71/><F71/><W66/><G129/><T42/><D70/><U128/><E128/><V92/><F92/><W127/><G127/><T13/><D69/><U28/><E95/><V120/><F120/><W41/><G61/><T121/><D93/><U18/><E33/><V35/><F35/><W0/><G110/><T65/><D104/><U19/><REACH who="1" step="1"/><E78/><REACH who="1" ten="450,170,170,190" step="2"/><V79/><F79/><W72/><G72/><T21/><D73/><U7/><E7/><AGARI ba="1,2" hai="5,7,9,10,11,20,24,31,44,48,55,84,90,94" machi="7" ten="40,5200,0" yaku="1,1,8,1,53,1" doraHai="113" doraHaiUra="43" who="2" fromWho="1" sc="450,0,170,-55,170,75,190,0" /><INIT seed="1,0,0,3,3,73" ten="450,115,245,190" oya="1" hai0="134,98,27,80,59,108,16,36,45,116,71,7,94" hai1="111,44,121,21,127,66,120,124,122,11,5,32,48" hai2="40,13,6,77,64,0,128,42,3,82,50,29,52" hai3="70,95,74,25,132,129,38,20,76,62,14,89,101"/><U130/><E32/><V22/><F128/><W12/><G129/><T26/><D116/><U92/><E130/><V72/><F64/><W119/><G119/><T115/><D115/><U79/><E111/><V88/><F3/><W24/><G132/><T39/><D71/><U41/><E66/><V19/><F29/><W54/><G38/><T91/><D108/><U131/><E131/><V51/><F51/><W113/><G113/><T53/><D134/><U97/><E21/><V31/><F31/><W15/><G101/><T102/><D7/><U125/><E79/><V96/><F6/><W78/><G74/><T33/><D27/><U2/><REACH who="1" step="1"/><E121/><REACH who="1" ten="450,105,245,190" step="2"/><V105/><F77/><W63/><G70/><T69/><D33/><U60/><E60/><V17/><F72/><W47/><G63/><T93/><D69/><U4/><E4/><V35/><F35/><W135/><G135/><T123/><D123/><U75/><E75/><V114/><F114/><W103/><G62/><T37/><D37/><U18/><E18/><V133/><F19/><W126/><G20/><T65/><D16/><U118/><E118/><V99/><F133/><W46/><G78/><T57/><D65/><U83/><E83/><V56/><F82/><W85/><G76/><T43/><D80/><U49/><E49/><V117/><F50/><W104/><G24/><T1/><D26/><U68/><E68/><V86/><F22/><W10/><G25/><T8/><D39/><U81/><E81/><V58/><F17/><W9/><G9/><T106/><D36/><U23/><E23/><V28/><F117/><RYUUKYOKU ba="0,1" sc="450,-10,105,30,245,-10,190,-10" hai1="2,5,11,41,44,48,92,97,120,122,124,125,127" /><INIT seed="1,1,1,3,2,97" ten="440,135,235,180" oya="1" hai0="129,122,11,110,49,74,132,71,62,7,78,125,116" hai1="130,65,99,66,115,37,131,120,64,90,83,22,85" hai2="75,16,101,72,46,112,48,1,52,119,96,84,31" hai3="38,14,92,26,25,113,17,51,6,3,28,127,58"/><U82/><E120/><V56/><F1/><W121/><G38/><T29/><D122/><U102/><E115/><V98/><F119/><W86/><G121/><T70/><D116/><U87/><E37/><V40/><F112/><W54/><G113/><T13/><D132/><U15/><E15/><V135/><F135/><W42/><G127/><T36/><D125/><U5/><E22/><V126/><F126/><W107/><G107/><T88/><D129/><U2/><E5/><V91/><F31/><W117/><G117/><T123/><D123/><U111/><BYE who="0" /><E111/><V53/><F75/><W73/><G73/><T134/><D134/><U4/><E4/><V103/><F72/><W9/><G42/><T20/><D20/><U39/><E39/><UN n0="%E3%81%84%E3%82%93%E3%81%B1%E3%82%89" /><V68/><F68/><W108/><G108/><T89/><D110/><U109/><E109/><V95/><F16/><W35/><G25/><T63/><D63/><U30/><BYE who="0" /><E30/><V24/><F24/><W80/><G92/><UN n0="%E3%81%84%E3%82%93%E3%81%B1%E3%82%89" /><T93/><D29/><U104/><REACH who="1" step="1"/><E2/><REACH who="1" ten="440,125,235,180" step="2"/><V118/><F118/><W81/><REACH who="3" step="1"/><G86/><REACH who="3" ten="440,125,235,170" step="2"/><T124/><D124/><U33/><E33/><V76/><F84/><W105/><G105/><T34/><D34/><U41/><E41/><V8/><F40/><W128/><G128/><T0/><D36/><U44/><E44/><V19/><F46/><W100/><G100/><T23/><D0/><U12/><E12/><N who="2" m="7559" /><F103/><W57/><G57/><T45/><D13/><U67/><N who="1" m="16896" /><DORA hai="59" /><U47/><E47/><V106/><F53/><W27/><G27/><T10/><D45/><U50/><E50/><V55/><F55/><RYUUKYOKU ba="1,3" sc="440,-30,125,10,235,10,170,10" hai1="82,83,85,87,90,99,102,104,130,131" hai2="48,52,56,76,91,95,96,98,101,106" hai3="3,6,9,14,17,26,28,35,51,54,58,80,81" /><INIT seed="1,2,3,3,5,28" ten="410,135,245,180" oya="1" hai0="92,89,52,2,131,58,55,37,99,19,132,53,47" hai1="33,135,102,41,11,116,128,123,62,30,0,8,59" hai2="70,71,103,79,88,16,126,3,7,23,46,81,107" hai3="57,35,45,27,63,13,85,83,66,43,104,84,96"/><U61/><E116/><V110/><F103/><W74/><G13/><T105/><D105/><U90/><E123/><V121/><F107/><W86/><G74/><T14/><D2/><U93/><E135/><V54/><F121/><W29/><G104/><T5/><D132/><U50/><E128/><V125/><F7/><W80/><REACH who="3" step="1"/><G96/><REACH who="3" ten="410,135,245,170" step="2"/><T82/><D131/><U18/><E102/><V91/><F3/><W130/><G130/><T25/><D14/><U115/><E115/><V42/><F110/><W36/><AGARI ba="2,4" hai="27,29,35,36,43,45,57,63,66,80,83,84,85,86" machi="36" ten="30,4000,0" yaku="1,1,0,1,52,1,53,0" doraHai="28" doraHaiUra="72" who="3" fromWho="3" sc="410,-12,135,-22,245,-12,170,86" /><INIT seed="2,0,0,1,5,43" ten="398,113,233,256" oya="2" hai0="73,90,94,108,98,87,66,76,61,134,119,69,128" hai1="6,102,131,39,27,89,70,63,104,57,12,100,50" hai2="24,54,59,40,97,4,110,1,2,18,84,114,53" hai3="96,23,93,130,132,8,81,34,48,105,124,79,112"/><V135/><F114/><W133/><G34/><T75/><D119/><U67/><E131/><V123/><F123/><W11/><G112/><T68/><D128/><U62/><E27/><V30/><F135/><N who="3" m="51787" /><G105/><T77/><D134/><U117/><E117/><V25/><F110/><W22/><G130/><T52/><D108/><U95/><E39/><V125/><F125/><W41/><G124/><T56/><D73/><U74/><E74/><V120/><F120/><W19/><G22/><T17/><D17/><U47/><E104/><V64/><F64/><W126/><G126/><T13/><D13/><U42/><E63/><V115/><F115/><W85/><G48/><T92/><D75/><U14/><E70/><V107/><F107/><W20/><G41/><T7/><D7/><U113/><E113/><V46/><F4/><W36/><G36/><T21/><D21/><N who="3" m="8265" /><G19/><T37/><D37/><U15/><REACH who="1" step="1"/><E6/><REACH who="1" ten="398,103,233,256" step="2"/><V49/><F25/><W103/><AGARI ba="0,1" hai="8,11,79,81,85,93,96,103" m="8265,51787" machi="103" ten="30,1100,0" yaku="20,1" doraHai="43" who="3" fromWho="3" sc="398,-3,103,-3,233,-5,256,21" /><INIT seed="3,0,0,2,1,106" ten="395,100,228,277" oya="3" hai0="46,133,108,3,50,103,68,28,44,13,83,35,135" hai1="47,128,37,71,110,25,53,111,129,76,100,29,118" hai2="14,16,123,52,15,5,121,109,80,62,36,2,4" hai3="94,51,41,85,9,114,64,113,82,95,22,88,98"/><W81/><G64/><T126/><D126/><U78/><E118/><V11/><F36/><W59/><G9/><T97/><D108/><U48/><E100/><V125/><F80/><W124/><G124/><T0/><D68/><U8/><E8/><N who="2" m="2071" /><F52/><W31/><G31/><T91/><D13/><U132/><E78/><V34/><F62/><W112/><G22/><T116/><D116/><U93/><E93/><V10/><F125/><W23/><G23/><T92/><D46/><U134/><E76/><V7/><F109/><N who="1" m="41481" /><E25/><V38/><F38/><W86/><G59/><T67/><D67/><U27/><E27/><V21/><F34/><W18/><G18/><T61/><D61/><U65/><E29/><V33/><F33/><W75/><G51/><T55/><D35/><U120/><E53/><V72/><F72/><W102/><G41/><T42/><D28/><U54/><E120/><N who="2" m="46155" /><F10/><W104/><G75/><T43/><D43/><N who="1" m="23023" /><E54/><V26/><F7/><W49/><G49/><T69/><D55/><U57/><E48/><V96/><F96/><W90/><AGARI ba="0,0" hai="81,82,85,86,88,90,94,95,98,102,104,112,113,114" machi="90" ten="40,18000,2" yaku="0,1,9,1,34,3,54,1" doraHai="106" who="3" fromWho="3" sc="395,-60,100,-60,228,-60,277,180" owari="335,14.0,40,-46.0,168,-23.0,457,55.0" /></mjloggm>