<mjloggm ver="2.3"><GO type="97" lobby="0"/><UN n0="%E3%83%81%E3%83%A3%E3%83%94%E3%82%AA" n1="%4D%2E%54" n2="%E3%82%A6%E3%83%AB%E3%83%88%E3%83%A9%E7%AB%8B%E7%9B%B4" n3="%EF%BC%A7%EF%BC%AF%EF%BC%AC%EF%BC%A4" dan="13,15,15,15" rate="1832.08,1961.63,1993.13,1936.74" sx="M,M,M,F"/><TAIKYOKU oya="0"/><INIT seed="0,0,0,1,2,35" ten="250,250,250,250" oya="0" hai0="109,15,86,47,114,113,73,11,8,87,118,49,94" hai1="89,78,20,65,25,46,51,27,121,3,55,42,18" hai2="60,29,105,14,111,74,1,59,54,37,72,28,62" hai3="53,100,16,32,61,2,30,97,82,4,128,24,58"/><T110/><D49/><U92/><E121/><V119/><F105/><W71/><G128/><T50/><D73/><U13/><E65/><V5/><F37/><W107/><G82/><T133/><D118/><U77/><E3/><V26/><F119/><W85/><G85/><N who="0" m="32267" /><D94/><U0/><E0/><V75/><F111/><N who="0" m="42506" /><D133/><U90/><E90/><V63/><F14/><W98/><G98/><T52/><D11/><U102/><E102/><V124/><F124/><W57/><G57/><T116/><D116/><U88/><E89/><V126/><F126/><W99/><G99/><T70/><D70/><U95/><E95/><V7/><F59/><W81/><G81/><T125/><D125/><U130/><E130/><V21/><F74/><W91/><G91/><T6/><AGARI ba="0,0" hai="6,8,15,47,50,52,113,114" m="42506,32267" machi="6" ten="30,6000,0" yaku="14,1,10,1,54,1" doraHai="35" who="0" fromWho="0" sc="250,60,250,-20,250,-20,250,-20" /><INIT seed="0,1,0,0,0,14" ten="310,230,230,230" oya="0" hai0="12,10,33,97,102,98,51,31,84,116,64,80,53" hai1="131,71,96,111,90,68,56,123,65,30,92,106,34" hai2="113,89,38,104,133,27,125,7,21,66,99,105,112" hai3="128,54,130,52,32,28,73,129,50,11,74,26,119"/><T114/><D116/><U86/><E123/><V22/><F38/><W20/><G119/><T23/><D114/><U77/><E131/><V19/><F125/><W67/><G67/><T49/><D33/><U103/><E111/><V62/><F133/><W1/><G54/><T135/><D64/><U4/><E4/><V35/><F35/><W134/><G134/><T29/><D135/><U122/><E122/><V63/><F7/><N who="3" m="1519" /><G20/><T9/><D98/><U2/><E2/><V79/><F79/><W88/><G88/><T81/><D97/><U124/><E124/><V93/><F63/><W72/><G72/><T60/><D102/><U58/><E71/><V13/><F112/><W75/><G75/><T108/><D108/><U127/><E127/><V107/><F113/><W36/><G36/><T6/><D9/><U69/><E69/><V132/><F132/><W82/><G82/><N who="0" m="31851" /><D84/><U16/><E77/><V3/><F3/><W59/><AGARI ba="1,0" hai="26,28,32,50,52,59,73,74,128,129,130" m="1519" machi="59" ten="30,2000,0" yaku="19,1,54,1" doraHai="14" who="3" fromWho="3" sc="310,-11,230,-6,230,-6,230,23" /><INIT seed="1,0,0,0,4,100" ten="299,224,224,253" oya="1" hai0="63,117,79,103,128,123,15,36,85,86,59,132,50" hai1="81,72,32,84,54,78,135,65,118,16,92,61,119" hai2="30,74,26,71,94,133,47,124,24,114,17,20,134" hai3="37,11,97,52,0,8,48,69,13,45,120,89,112"/><U87/><E32/><N who="2" m="20551" /><F71/><W130/><G120/><T5/><D123/><U122/><E122/><V2/><F74/><W18/><G69/><T76/><D117/><U109/><E135/><N who="2" m="51723" /><F94/><W7/><G112/><T115/><D128/><U64/><E109/><V4/><F47/><W106/><G130/><T77/><D36/><U39/><E39/><V46/><F46/><W6/><G37/><T102/><D115/><U68/><E72/><V99/><F99/><W121/><G121/><T98/><D132/><U34/><E34/><V29/><F114/><W40/><G40/><T35/><D50/><U113/><E113/><V131/><F131/><W93/><REACH who="3" step="1"/><G106/><REACH who="3" ten="299,224,224,243" step="2"/><T110/><D110/><U104/><E104/><V67/><F124/><W38/><G38/><T125/><D125/><U23/><E68/><V73/><F73/><W82/><G82/><T43/><D43/><U53/><E118/><V129/><F129/><W9/><G9/><N who="0" m="4527" /><D35/><U28/><E119/><V19/><F67/><W105/><G105/><T12/><D12/><N who="1" m="9607" /><E64/><V22/><F22/><W75/><G75/><T55/><D98/><U1/><E65/><V91/><F4/><AGARI ba="0,1" hai="0,4,6,7,8,11,13,18,45,48,52,89,93,97" machi="4" ten="40,2600,0" yaku="1,1,54,1,53,0" doraHai="100" doraHaiUra="62" who="3" fromWho="2" sc="299,0,224,0,224,-26,243,36" /><INIT seed="2,0,0,4,4,19" ten="299,224,198,279" oya="2" hai0="87,5,120,59,97,50,53,106,82,25,26,48,76" hai1="66,80,62,92,68,63,100,32,75,64,56,14,11" hai2="9,61,23,78,27,73,83,129,72,110,28,125,115" hai3="33,7,12,65,2,42,70,95,39,31,37,89,130"/><V105/><F115/><W128/><G2/><T124/><D120/><U60/><E32/><V38/><F38/><W47/><G37/><T96/><D124/><U34/><E34/><V24/><F105/><W135/><G135/><T114/><D106/><U69/><E75/><V81/><F125/><W0/><G0/><T49/><D114/><U109/><E109/><V58/><F110/><W94/><G33/><T85/><D5/><U46/><E80/><V67/><F129/><N who="3" m="49771" /><G31/><T57/><D76/><U71/><E46/><V108/><F108/><W45/><G45/><T51/><D82/><U20/><E20/><V116/><F116/><W91/><G65/><T77/><D77/><U101/><E92/><N who="3" m="35370" /><G70/><T55/><D48/><U123/><E123/><V40/><F40/><W126/><G126/><T134/><D49/><U21/><E21/><V3/><F27/><W17/><G7/><T121/><REACH who="0" step="1"/><D121/><REACH who="0" ten="289,224,198,279" step="2"/><U98/><E62/><V84/><REACH who="2" step="1"/><F81/><REACH who="2" ten="289,224,188,279" step="2"/><W112/><G112/><T131/><D131/><U6/><REACH who="1" step="1"/><E101/><REACH who="1" ten="289,214,188,279" step="2"/><V15/><F15/><W90/><G12/><T104/><D104/><U93/><AGARI ba="0,3" hai="6,11,14,56,60,63,64,66,68,69,71,93,98,100" machi="93" ten="20,5200,0" yaku="1,1,2,1,0,1,7,1,53,0" doraHai="19" doraHaiUra="22" who="1" fromWho="1" sc="289,-13,214,82,188,-26,279,-13" /><INIT seed="3,0,0,4,1,118" ten="276,296,162,266" oya="3" hai0="93,0,49,112,43,95,27,126,110,55,74,63,61" hai1="131,34,102,75,106,76,36,31,1,109,25,117,124" hai2="85,12,39,46,104,11,73,9,42,115,13,123,80" hai3="67,79,135,54,99,30,71,18,69,56,65,78,128"/><W2/><G2/><T119/><D112/><U133/><RYUUKYOKU type="yao9" ba="0,0" sc="276,0,296,0,162,0,266,0" hai1="1,25,31,34,36,75,76,102,106,109,117,124,131,133" /><INIT seed="3,1,0,4,4,39" ten="276,296,162,266" oya="3" hai0="52,97,88,28,41,68,12,99,89,21,114,75,51" hai1="18,15,61,100,80,121,103,84,125,85,133,126,66" hai2="32,6,130,63,82,13,105,38,90,4,96,110,53" hai3="34,54,35,74,113,45,119,24,20,73,55,72,16"/><W95/><G119/><T115/><D68/><N who="1" m="42063" /><E121/><V135/><F32/><W123/><G123/><T108/><D75/><U59/><E59/><V25/><F38/><W69/><G69/><T120/><D120/><U46/><E46/><V117/><F117/><W37/><G113/><N who="0" m="43019" /><D108/><U30/><E30/><V93/><F110/><W58/><G95/><T2/><D2/><U81/><E133/><V40/><F135/><W11/><G11/><T10/><D28/><U127/><E84/><N who="2" m="50455" /><F105/><W118/><G118/><T107/><D21/><N who="1" m="11487" /><E80/><V98/><F25/><W19/><G19/><N who="0" m="8599" /><D41/><U29/><E29/><V31/><F31/><W7/><G7/><N who="2" m="2601" /><F13/><W60/><REACH who="3" step="1"/><G55/><REACH who="3" ten="276,296,162,256" step="2"/><T122/><D122/><U67/><E67/><V3/><F93/><W43/><AGARI ba="1,1" hai="16,20,24,34,35,37,43,45,54,58,60,72,73,74" machi="43" ten="40,24000,3" yaku="1,1,2,1,0,1,52,1,54,1,53,3" doraHai="39" doraHaiUra="106" who="3" fromWho="3" sc="276,-81,296,-81,162,-81,256,253" owari="195,-20.0,215,2.0,81,-42.0,509,60.0" /></mjloggm>