<mjloggm ver="2.3"><GO type="97" lobby="0"/><UN n0="%42%69%67%57%61%76%65" n1="%E3%82%A6%E3%83%AB%E3%83%88%E3%83%A9%E7%AB%8B%E7%9B%B4" n2="%E7%BE%BD%E3%81%A3%E3%81%A1%E3%82%83%E3%82%93" n3="%64%63%73%61%6B%75%72%61" dan="14,15,13,13" rate="1887.40,2037.15,1915.51,1851.76" sx="M,M,M,M"/><TAIKYOKU oya="0"/><INIT seed="0,0,0,5,4,49" ten="250,250,250,250" oya="0" hai0="34,133,58,65,98,43,89,17,51,115,8,127,134" hai1="105,1,9,26,129,84,96,2,29,122,130,50,88" hai2="119,131,76,21,81,57,61,55,3,104,87,124,114" hai3="95,33,42,78,30,71,91,93,79,117,63,7,14"/><T46/><D115/><U53/><E122/><V37/><F114/><W41/><G117/><T23/><D34/><U36/><E36/><V68/><F104/><W19/><G7/><T92/><D8/><U25/><E96/><V24/><F37/><W85/><G30/><T18/><D127/><U28/><E105/><V108/><F124/><W32/><G32/><T31/><D31/><N who="1" m="11851" /><E9/><V75/><F131/><N who="1" m="50185" /><E25/><V103/><F108/><W60/><G33/><T64/><D58/><N who="1" m="33079" /><E26/><V106/><F68/><W113/><G113/><T109/><D109/><U12/><E12/><V111/><F3/><W94/><G71/><T118/><D118/><U40/><E40/><N who="3" m="15466" /><G14/><T16/><REACH who="0" step="1"/><D23/><REACH who="0" ten="240,250,250,250" step="2"/><U70/><E70/><V120/><F111/><W77/><G19/><T135/><AGARI ba="0,1" hai="16,17,18,43,46,51,64,65,89,92,98,133,134,135" machi="135" ten="40,12000,1" yaku="1,1,2,1,0,1,20,1,54,1,53,0" doraHai="49" doraHaiUra="83" who="0" fromWho="0" sc="240,130,250,-40,250,-40,250,-40" /><INIT seed="0,1,0,5,2,86" ten="370,210,210,210" oya="0" hai0="0,21,117,129,69,100,73,77,94,78,25,120,115" hai1="27,122,13,95,37,63,49,10,35,91,24,18,14" hai2="65,20,33,67,59,80,128,127,75,60,125,132,118" hai3="8,103,15,68,101,123,7,93,38,82,31,85,30"/><T54/><D120/><U45/><E37/><V23/><F33/><W119/><G38/><T39/><D117/><U50/><E122/><V87/><F132/><W61/><G68/><T55/><D115/><U109/><E109/><V131/><F75/><W1/><G61/><T70/><D0/><U104/><E104/><V66/><F118/><W42/><G42/><T74/><D39/><U133/><E133/><V111/><F111/><W89/><G119/><T124/><D124/><N who="2" m="47690" /><F23/><W34/><G123/><T11/><D11/><U76/><E76/><V9/><F9/><W106/><G106/><T58/><D129/><N who="2" m="49738" /><F20/><W3/><G31/><T116/><D116/><U62/><E14/><V135/><F135/><W4/><G30/><T99/><D55/><U107/><E107/><V121/><F121/><W112/><G34/><T96/><D96/><U108/><E108/><V57/><F60/><W130/><G112/><T134/><D134/><U36/><E35/><V28/><F28/><W98/><G130/><T44/><D74/><U88/><E62/><V48/><F48/><W97/><REACH who="3" step="1"/><G7/><REACH who="3" ten="370,210,210,200" step="2"/><T83/><D70/><U22/><E63/><V113/><F113/><W32/><G32/><T5/><D5/><U51/><E36/><V81/><F81/><W110/><G110/><T102/><D69/><U26/><E95/><V79/><AGARI ba="1,1" hai="57,59,65,66,67,79,80,87" m="49738,47690" machi="79" ten="40,2700,0" yaku="18,1,19,1" doraHai="86" who="2" fromWho="2" sc="370,-14,210,-8,210,40,200,-8" /><INIT seed="1,0,0,4,2,33" ten="356,202,250,192" oya="1" hai0="15,110,4,19,11,79,58,61,26,93,18,118,89" hai1="64,41,85,135,53,57,82,59,78,22,34,90,17" hai2="94,87,12,98,123,8,73,44,77,69,134,40,5" hai3="86,37,109,2,75,42,51,111,45,122,130,56,13"/><U46/><E34/><V60/><F123/><W14/><G75/><T23/><D118/><U106/><E106/><V81/><F134/><W83/><G2/><T80/><D110/><U126/><E126/><V16/><F69/><W35/><G35/><T99/><D80/><U115/><E115/><V10/><F60/><W108/><G122/><T91/><D79/><U133/><E133/><V27/><F27/><W70/><G70/><T67/><REACH who="0" step="1"/><D91/><REACH who="0" ten="346,202,250,192" step="2"/><U100/><E135/><V21/><F73/><W48/><G130/><T32/><D32/><U39/><E78/><V7/><F7/><AGARI ba="0,1" hai="4,7,11,15,18,19,23,26,58,61,67,89,93,99" machi="7" ten="40,2600,0" yaku="1,1,8,1,53,0" doraHai="33" doraHaiUra="25" who="0" fromWho="2" sc="346,36,202,0,250,-26,192,0" /><INIT seed="2,0,0,2,4,48" ten="382,202,224,192" oya="2" hai0="61,124,84,131,14,121,2,95,99,51,12,35,122" hai1="0,74,32,110,126,57,8,53,132,9,15,129,111" hai2="135,81,83,37,114,112,87,54,46,52,26,43,17" hai3="76,28,16,27,4,103,31,3,104,33,34,50,94"/><V66/><F135/><W40/><G104/><T67/><D35/><U101/><E32/><V62/><F81/><W78/><G4/><T125/><D2/><U120/><E74/><V11/><F114/><W123/><G3/><T80/><D14/><U106/><E132/><V59/><F112/><W7/><G7/><T133/><D12/><U86/><E0/><V58/><F58/><W100/><G123/><T5/><D5/><U113/><E113/><V79/><F11/><W38/><G38/><T134/><D51/><N who="1" m="30911" /><E120/><N who="0" m="46185" /><D61/><U109/><E126/><N who="0" m="48745" /><D67/><U96/><E129/><V41/><REACH who="2" step="1"/><F41/><REACH who="2" ten="382,202,214,192" step="2"/><W102/><G94/><T88/><D131/><U119/><E9/><V93/><F93/><W118/><G118/><T89/><AGARI ba="0,1" hai="80,84,88,89,95,99,133,134" m="48745,46185" machi="89" ten="40,8000,1" yaku="18,1,34,2,54,1" doraHai="48" who="0" fromWho="0" sc="382,90,202,-20,214,-40,192,-20" /><INIT seed="3,0,0,1,4,94" ten="472,182,174,172" oya="3" hai0="17,89,113,1,86,14,117,114,78,85,33,40,133" hai1="106,21,103,49,124,43,37,69,72,45,3,125,10" hai2="9,120,25,77,41,96,2,29,52,6,71,70,75" hai3="102,62,90,66,30,101,18,11,50,42,73,92,81"/><W15/><G73/><T7/><D33/><U0/><E69/><V55/><F120/><W32/><G81/><T65/><D65/><U39/><E72/><V13/><F41/><W28/><G32/><T58/><D117/><U56/><E21/><V64/><F2/><N who="1" m="553" /><E10/><V130/><F130/><W82/><G82/><T123/><D123/><U112/><E112/><N who="0" m="43113" /><D78/><U95/><E106/><V84/><F75/><W115/><G115/><T26/><D1/><U135/><E56/><V129/><F129/><W88/><G50/><T119/><D119/><U23/><E23/><N who="2" m="15551" /><F71/><W38/><G42/><T132/><D40/><U60/><E60/><V19/><F70/><W126/><G126/><N who="1" m="48746" /><E135/><N who="0" m="51785" /><D26/><U51/><E51/><V20/><F64/><W67/><G38/><T108/><D7/><U93/><E49/><V24/><F77/><W54/><G54/><N who="2" m="20521" /><F84/><W74/><G74/><T57/><D108/><U31/><E39/><V63/><F63/><W53/><G53/><T36/><D36/><U48/><E37/><V109/><F109/><W127/><G127/><T61/><D61/><U22/><E43/><V27/><F27/><W100/><G62/><T105/><D105/><U99/><E48/><V122/><F122/><W111/><G111/><T98/><D98/><AGARI ba="0,0" hai="6,9,13,19,20,24,96,98" m="20521,15551" machi="98" ten="30,7700,0" yaku="8,1,52,2,54,1" doraHai="94" who="2" fromWho="0" sc="472,-77,182,0,174,77,172,0" owari="395,50.0,182,-22.0,251,5.0,172,-33.0" /></mjloggm>