<mjloggm ver="2.3"><GO type="225" lobby="0"/><UN n0="%EF%BC%93%EF%BD%90%E3%81%8C%E3%83%84%E3%83%A2%E3%82%8C%E3%81%AA%E3%81%84" n1="%E3%82%BF%E3%83%8A%E3%82%AE" n2="%E3%82%A6%E3%83%AB%E3%83%88%E3%83%A9%E7%AB%8B%E7%9B%B4" n3="%E4%BA%8C%E4%BB%A3%E7%9B%AE%E3%82%A2%E3%83%A1%E3%83%96%E3%83%A9" dan="16,17,16,16" rate="2063.23,2152.77,2030.76,2122.29" sx="M,M,M,M"/><TAIKYOKU oya="0"/><INIT seed="0,0,0,2,3,76" ten="250,250,250,250" oya="0" hai0="51,134,26,6,24,105,93,83,129,31,2,40,128" hai1="36,7,43,18,97,94,39,38,87,132,122,19,42" hai2="67,52,110,112,32,10,96,45,103,50,91,44,17" hai3="135,58,9,41,4,107,53,126,68,34,3,72,33"/><T69/><D105/><U133/><E122/><V55/><F32/><W106/><G68/><T56/><D69/><U118/><E118/><V12/><F110/><W64/><G64/><T23/><D134/><N who="1" m="51819" /><E7/><V46/><F112/><W113/><G113/><T99/><D6/><U77/><E77/><V109/><F109/><W28/><G72/><T81/><D2/><U65/><E65/><V71/><F67/><W84/><G135/><T101/><D24/><U111/><E87/><V1/><F1/><W8/><G126/><T54/><REACH who="0" step="1"/><D40/><REACH who="0" ten="240,250,250,250" step="2"/><N who="1" m="15403" /><E111/><V62/><F71/><W49/><G41/><T127/><D127/><U25/><E25/><V37/><F37/><W119/><G4/><T125/><D125/><U0/><E0/><V116/><F116/><W108/><G3/><T121/><D121/><U63/><E36/><V80/><F62/><W35/><G108/><T21/><D21/><U70/><E38/><V115/><F115/><W60/><G119/><T22/><D22/><U79/><E39/><V130/><F50/><W61/><G49/><T48/><D48/><U82/><E63/><V102/><F130/><AGARI ba="0,1" hai="23,26,31,51,54,56,81,83,93,99,101,128,129,130" machi="130" ten="40,18000,2" yaku="1,1,19,1,52,2,53,3" doraHai="76" doraHaiUra="124" who="0" fromWho="2" sc="240,190,250,0,250,-180,250,0" /><INIT seed="0,1,0,0,5,47" ten="430,250,70,250" oya="0" hai0="135,100,41,121,129,0,57,51,70,37,71,31,61" hai1="60,114,65,92,112,29,6,126,9,123,59,116,110" hai2="133,127,45,14,30,106,20,84,63,75,96,5,104" hai3="26,36,15,1,113,27,25,7,94,54,101,124,49"/><T4/><D100/><U103/><E116/><V55/><F75/><W21/><G36/><T120/><D31/><U78/><E123/><N who="0" m="47177" /><D4/><U8/><E110/><V42/><F127/><W83/><G124/><T99/><D99/><U74/><E126/><V66/><F133/><W58/><G113/><T50/><D0/><U125/><E125/><V44/><F96/><N who="3" m="59543" /><G1/><T69/><D129/><U93/><E29/><V117/><F117/><W16/><G83/><T76/><D76/><U19/><E74/><V11/><F84/><W62/><G62/><T2/><D2/><U35/><E35/><V134/><F134/><W13/><G13/><T3/><D3/><U111/><E78/><V39/><F20/><W12/><G12/><T33/><D33/><U97/><E111/><V119/><F30/><W40/><G40/><T81/><D81/><U34/><E34/><V87/><F87/><W53/><G54/><N who="0" m="33975" /><D135/><U105/><E6/><AGARI ba="1,0" hai="6,7,15,16,21,25,26,27,49,53,58" m="59543" machi="6" ten="30,3900,0" yaku="8,1,52,1,54,1" doraHai="47" who="3" fromWho="1" sc="430,0,250,-42,70,0,250,42" /><INIT seed="1,0,0,0,1,32" ten="430,208,70,292" oya="1" hai0="69,5,99,98,20,25,92,95,47,33,72,70,125" hai1="75,27,76,11,36,60,100,82,104,0,31,130,56" hai2="39,129,6,1,105,101,135,49,40,62,22,29,87" hai3="13,128,61,103,77,58,12,52,74,93,111,119,50"/><U67/><E130/><V65/><F129/><W81/><G128/><T84/><D33/><U71/><E36/><V45/><F135/><W59/><G111/><T118/><D72/><U123/><E123/><V48/><F101/><W109/><G109/><T26/><D5/><N who="1" m="1447" /><E56/><V114/><F105/><W107/><G107/><T85/><D47/><U112/><E112/><V54/><F114/><W106/><G106/><T17/><D17/><U10/><E10/><V132/><F132/><W94/><G119/><T131/><D20/><U90/><E90/><V14/><F49/><W4/><G4/><T23/><D23/><U115/><E115/><V19/><F87/><W51/><G51/><T3/><D118/><U117/><E104/><V43/><F29/><W30/><G30/><T46/><D46/><U116/><E100/><V68/><F43/><W97/><REACH who="3" step="1"/><G94/><REACH who="3" ten="430,208,70,282" step="2"/><T57/><D131/><U127/><E127/><V110/><F110/><W16/><G16/><T66/><D92/><U83/><E82/><V73/><F6/><W63/><G63/><T42/><D95/><U122/><E122/><V9/><F48/><W35/><G35/><AGARI ba="0,1" hai="27,31,35,60,67,71,75,76,83,116,117" m="1447" machi="35" ten="30,2900,0" yaku="23,1,52,1" doraHai="32" who="1" fromWho="3" sc="430,0,208,39,70,0,282,-29" /><INIT seed="1,1,0,1,2,12" ten="430,247,70,253" oya="1" hai0="21,101,38,64,36,127,32,50,24,16,25,34,135" hai1="98,112,77,53,61,131,44,108,89,30,37,5,74" hai2="47,125,29,6,124,82,69,103,41,23,55,22,81" hai3="76,26,80,2,3,56,117,62,111,49,59,95,70"/><U120/><E112/><V109/><F69/><W107/><G107/><T10/><D127/><U87/><E120/><V54/><F6/><W130/><G130/><T86/><D135/><U42/><E131/><V90/><F103/><W116/><G111/><T15/><D32/><U28/><E108/><V39/><F29/><W58/><G95/><T31/><D101/><U79/><E98/><V122/><F109/><W51/><G26/><T85/><D64/><U119/><E119/><N who="3" m="45642" /><G62/><T104/><D104/><U83/><E5/><V1/><F1/><N who="3" m="11" /><G70/><T33/><D33/><U45/><E77/><V92/><F122/><W67/><G67/><T126/><D24/><U14/><E14/><V113/><F113/><W91/><G91/><T46/><D34/><U133/><E133/><V60/><F60/><W65/><G65/><T118/><D118/><U11/><E11/><V7/><F92/><W115/><G115/><T18/><D10/><U68/><E68/><V8/><F90/><W110/><G110/><T75/><D15/><U84/><E74/><AGARI ba="1,0" hai="49,51,56,58,59,74,76,80" m="11,45642" machi="74" ten="40,1300,0" yaku="12,1" doraHai="12" who="3" fromWho="1" sc="430,0,247,-16,70,0,253,16" /><INIT seed="2,0,0,2,0,122" ten="430,231,70,269" oya="2" hai0="77,55,132,118,30,61,95,35,96,49,100,58,91" hai1="43,26,114,101,75,56,12,44,74,130,94,111,81" hai2="103,3,83,52,126,106,124,107,47,85,102,41,86" hai3="53,108,105,80,65,4,84,50,22,110,113,59,98"/><V133/><F3/><W87/><G113/><T51/><D132/><U127/><E114/><V93/><F41/><W5/><G65/><T115/><D115/><U89/><E56/><V40/><F40/><W119/><G119/><T78/><D35/><U76/><E44/><V112/><F47/><W135/><G135/><T18/><D30/><U121/><E26/><V8/><F8/><W79/><G87/><T7/><D7/><U27/><E27/><V16/><F112/><W39/><G39/><T62/><D118/><U14/><E14/><V63/><F63/><W109/><G22/><T48/><D18/><U64/><E12/><V28/><F28/><W9/><G9/><T88/><D61/><U38/><E64/><V99/><F16/><W1/><G1/><T24/><D24/><U29/><E29/><V68/><F68/><W90/><G105/><N who="2" m="39945" /><F52/><W54/><G53/><T23/><D23/><U13/><E13/><V123/><F133/><W46/><G59/><T134/><D134/><U2/><E43/><V92/><F123/><W120/><G120/><T45/><D45/><U17/><E2/><V57/><F57/><W34/><G34/><T117/><D117/><U10/><E17/><V97/><F85/><W32/><G32/><T131/><D55/><U71/><E10/><V31/><F31/><W67/><G67/><T21/><D21/><U73/><E71/><V33/><F33/><W42/><G54/><T6/><D58/><U36/><E121/><V20/><F20/><W104/><G42/><T19/><D19/><U129/><E36/><V0/><F0/><RYUUKYOKU ba="0,0" sc="430,-10,231,-10,70,30,269,-10" hai2="83,86,92,93,97,99,102,103,124,126" /><INIT seed="2,1,0,0,5,133" ten="420,221,100,259" oya="2" hai0="80,113,35,82,32,103,65,43,89,74,0,87,123" hai1="91,116,88,67,90,6,127,3,66,81,83,117,94" hai2="1,63,99,47,96,119,28,70,36,98,118,26,130" hai3="31,21,30,86,10,14,75,50,109,38,112,54,124"/><V57/><F1/><W18/><G38/><T58/><D113/><U44/><E44/><V53/><F130/><W120/><G120/><T84/><D74/><U61/><E3/><V60/><F70/><W29/><G75/><T24/><D123/><U52/><E6/><V135/><F135/><W68/><G68/><T134/><D134/><U121/><E121/><V85/><F85/><W71/><G71/><T92/><D43/><U56/><E127/><V126/><F126/><W27/><G124/><T73/><D73/><U11/><E11/><V76/><F76/><W105/><G105/><T95/><D24/><U41/><E41/><V62/><F47/><N who="3" m="27999" /><G109/><T125/><D0/><U104/><E104/><V9/><F36/><W25/><G112/><T4/><D4/><U107/><E107/><V106/><F106/><W23/><G86/><T69/><D58/><U51/><E94/><V128/><F128/><W42/><G42/><T131/><D131/><U12/><E12/><V114/><F114/><W8/><G8/><T19/><D125/><U40/><E40/><V101/><F101/><W97/><G97/><T5/><D92/><U46/><REACH who="1" step="1"/><E67/><REACH who="1" ten="420,211,100,259" step="2"/><V59/><F9/><W132/><G132/><T78/><D65/><U17/><E17/><AGARI ba="1,1" hai="10,14,17,18,21,23,25,27,29,30,31" m="27999" machi="17" ten="30,1000,0" yaku="8,1" doraHai="133" who="3" fromWho="1" sc="420,0,211,-13,100,0,259,23" /><INIT seed="3,0,0,0,1,106" ten="420,198,100,282" oya="3" hai0="20,126,36,43,18,31,19,55,96,70,40,115,108" hai1="94,3,95,14,113,5,24,23,48,111,16,109,76" hai2="41,52,102,101,51,104,17,120,49,85,9,93,65" hai3="7,127,128,130,77,83,91,44,122,50,59,100,68"/><W98/><G68/><T79/><D70/><U54/><E113/><V123/><F104/><W60/><G122/><T1/><D1/><U6/><E76/><V119/><F119/><W88/><G127/><T61/><D126/><U67/><E67/><V11/><F65/><N who="3" m="39071" /><G7/><N who="1" m="2570" /><E24/><V80/><F120/><W81/><G100/><T133/><D55/><U125/><E3/><V117/><F123/><W33/><G33/><T26/><D20/><U135/><E135/><V63/><F117/><W97/><G77/><T134/><D96/><N who="3" m="36969" /><G130/><T86/><D79/><U35/><E35/><V56/><F101/><W46/><G128/><T75/><D115/><U84/><E84/><V29/><F102/><W30/><G44/><T58/><D36/><U73/><E73/><V69/><F85/><W105/><G30/><T62/><D31/><U90/><E90/><N who="3" m="34346" /><G105/><T28/><D28/><U87/><E87/><V57/><F69/><W10/><G10/><T92/><D86/><U47/><E125/><V4/><F11/><W124/><G124/><T72/><D134/><U129/><E129/><V37/><F9/><W38/><G38/><T121/><D133/><U132/><E132/><V110/><F37/><W82/><G82/><T64/><D121/><U22/><E22/><V78/><F80/><W39/><G39/><T107/><D107/><U32/><E32/><V112/><F112/><W116/><G116/><T2/><D2/><U71/><E71/><V13/><F29/><W45/><G45/><T0/><D0/><U89/><E89/><V34/><F78/><W53/><AGARI ba="0,0" hai="46,50,53,81,83" m="34346,36969,39071" machi="53" ten="30,3000,0" yaku="8,1,54,1" doraHai="106" who="3" fromWho="3" sc="420,-10,198,-10,100,-10,282,30" /><INIT seed="3,1,0,5,5,77" ten="410,188,90,312" oya="3" hai0="96,22,55,56,15,52,6,24,74,114,29,34,57" hai1="128,118,75,12,3,103,9,2,89,31,49,116,129" hai2="33,72,50,73,90,35,126,93,43,14,86,69,71" hai3="27,42,26,113,51,25,67,8,44,82,10,105,81"/><W28/><G105/><T21/><D74/><U61/><E75/><V16/><F126/><W115/><G67/><T65/><D114/><U102/><E31/><V63/><F73/><W59/><G28/><T32/><D65/><U92/><E61/><V124/><F72/><W64/><G113/><T121/><D121/><U79/><E49/><V135/><F124/><W48/><G115/><T109/><D109/><U104/><E79/><V119/><F119/><N who="1" m="45609" /><E104/><V17/><F135/><W0/><G0/><N who="1" m="42" /><E102/><V133/><F133/><W106/><G106/><T20/><D96/><N who="1" m="57359" /><E103/><V111/><F111/><W13/><G10/><T132/><D55/><U1/><E1/><V7/><F35/><W134/><G134/><T53/><D56/><U78/><E78/><V99/><F33/><W58/><G59/><T19/><D6/><AGARI ba="1,0" hai="6,9,12,128,129" m="57359,42,45609" machi="6" ten="30,1000,0" yaku="12,1" doraHai="77" who="1" fromWho="0" sc="410,-13,188,13,90,0,312,0" owari="397,50.0,201,-20.0,90,-41.0,312,11.0" /></mjloggm>