<mjloggm ver="2.3"><GO type="97" lobby="0"/><UN n0="%E3%83%80%E3%82%A4%E3%83%8A%E3%83%A2%E3%83%B3" n1="%67%61%6B%75%63%68%6F" n2="%E3%82%A6%E3%83%AB%E3%83%88%E3%83%A9%E7%AB%8B%E7%9B%B4" n3="%E3%83%97%E3%83%AD%E3%82%B7%E3%83%A5%E3%83%BC%E3%83%88" dan="14,14,14,14" rate="1977.32,1903.38,1895.37,1872.85" sx="F,M,M,M"/><TAIKYOKU oya="0"/><INIT seed="0,0,0,2,3,110" ten="250,250,250,250" oya="0" hai0="65,21,34,48,36,8,88,61,41,46,80,20,35" hai1="1,38,117,85,57,28,83,96,81,11,106,71,42" hai2="102,25,134,68,0,111,128,129,89,74,51,39,122" hai3="22,132,92,103,31,29,9,79,3,24,118,133,75"/><T90/><D8/><U6/><E117/><V44/><F102/><W66/><G75/><T114/><D114/><U120/><E120/><V18/><F89/><W105/><G79/><T7/><D7/><U69/><E83/><V13/><F51/><W76/><G118/><T30/><D36/><U59/><E28/><V100/><F44/><W84/><G76/><T2/><D2/><U47/><E59/><V4/><F100/><W131/><G105/><T125/><D125/><U26/><E57/><V130/><F25/><W56/><G31/><T37/><D37/><U87/><E87/><V78/><F13/><W54/><G66/><T135/><D135/><U45/><E45/><V70/><F18/><W52/><G54/><T101/><D101/><N who="1" m="62759" /><E85/><V116/><F78/><W40/><G40/><T14/><D14/><U112/><E26/><V33/><F4/><W49/><G84/><T43/><D43/><U10/><E10/><V27/><F27/><W72/><G72/><T12/><D12/><U19/><E19/><V119/><F119/><W124/><G124/><T55/><D41/><U99/><E99/><V77/><F77/><W98/><G3/><T60/><D60/><U97/><E97/><V91/><F91/><N who="0" m="34858" /><D80/><U17/><E17/><V107/><F129/><W108/><G131/><T16/><D21/><U104/><E81/><V126/><F130/><W82/><G9/><T93/><D30/><U62/><E104/><V94/><F94/><W58/><G82/><T127/><D93/><U95/><E95/><V121/><F121/><W73/><G73/><T115/><D127/><RYUUKYOKU ba="0,0" sc="250,-10,250,-10,250,30,250,-10" hai2="0,33,39,68,70,74,107,111,116,122,126,128,134" /><INIT seed="1,1,0,5,0,11" ten="240,240,280,240" oya="1" hai0="96,125,70,55,29,18,77,105,62,31,110,39,87" hai1="35,52,57,42,10,134,36,106,48,49,65,60,101" hai2="28,33,61,26,53,123,107,74,100,129,90,34,91" hai3="86,44,72,135,13,103,17,4,122,121,32,130,46"/><U115/><E35/><V132/><F123/><W118/><G32/><T38/><D110/><U99/><E115/><V2/><F2/><W63/><G72/><T94/><D105/><U83/><E134/><V79/><F34/><W8/><G103/><T131/><D131/><U51/><E10/><V59/><F129/><W97/><G130/><T50/><D125/><U47/><REACH who="1" step="1"/><E83/><REACH who="1" ten="240,230,280,240" step="2"/><V1/><F132/><W128/><G135/><T6/><D39/><U111/><E111/><V102/><F1/><W85/><G128/><T27/><D38/><U23/><E23/><V92/><F107/><W64/><G122/><T22/><D22/><U15/><E15/><V126/><F126/><W40/><G121/><T81/><D81/><U43/><E43/><V14/><F14/><W54/><G118/><T93/><D93/><U58/><AGARI ba="1,1" hai="36,42,47,48,49,51,52,57,58,60,65,99,101,106" machi="58" ten="20,7800,0" yaku="1,1,0,1,7,1,54,1,53,0" doraHai="11" doraHaiUra="113" who="1" fromWho="1" sc="240,-27,230,91,280,-27,240,-27" /><INIT seed="1,2,0,0,2,0" ten="213,321,253,213" oya="1" hai0="47,22,56,34,121,83,85,133,48,84,5,58,112" hai1="67,51,97,111,134,19,79,20,40,54,127,69,42" hai2="104,86,98,71,27,110,116,2,96,37,66,41,109" hai3="78,3,101,82,80,15,122,120,125,126,64,102,60"/><U118/><E118/><V77/><F116/><W7/><G3/><T26/><D112/><U81/><E127/><N who="3" m="48650" /><G15/><T39/><D34/><U31/><E134/><V132/><F132/><W6/><G60/><T129/><D133/><U43/><E31/><V57/><F71/><W18/><G18/><N who="0" m="12631" /><D39/><U75/><E97/><V53/><F66/><W12/><G12/><T93/><D121/><N who="3" m="46697" /><G64/><T113/><D113/><U10/><E10/><V52/><F41/><W62/><G62/><T90/><D129/><U21/><E111/><V130/><F2/><W124/><G124/><T61/><D61/><U55/><E69/><V88/><F130/><W45/><G45/><T106/><D106/><U135/><E67/><V8/><F37/><W35/><G35/><T94/><D5/><N who="3" m="1545" /><G82/><T74/><D74/><AGARI ba="2,0" hai="74,78,80,101,102" m="1545,46697,48650" machi="74" ten="30,7700,0" yaku="18,1,52,3" doraHai="0" who="3" fromWho="0" sc="213,-83,321,0,253,0,213,83" /><INIT seed="2,0,0,3,1,80" ten="130,321,253,296" oya="2" hai0="6,47,95,21,82,69,106,111,83,0,23,13,52" hai1="25,41,77,114,135,72,98,3,86,100,10,54,59" hai2="26,33,79,49,19,50,17,113,24,118,30,45,7" hai3="11,38,89,134,107,67,127,78,104,110,63,29,18"/><V60/><F118/><W96/><G38/><T119/><D106/><U43/><E114/><V124/><F113/><W58/><G29/><T16/><D119/><U64/><E135/><V44/><F124/><W103/><G134/><T37/><D69/><U125/><E72/><V40/><F7/><W117/><G117/><T122/><D122/><U93/><E125/><V84/><F60/><W112/><G127/><T132/><D132/><U57/><E3/><V4/><F4/><W73/><G104/><T109/><D23/><U8/><E25/><V108/><F108/><N who="0" m="41546" /><D95/><U32/><E32/><V128/><F128/><W46/><G46/><T81/><D37/><U101/><E64/><V87/><F79/><W28/><G28/><T53/><D0/><U121/><E121/><V133/><F133/><W68/><G68/><T65/><D6/><U71/><E71/><V66/><F66/><W92/><G110/><T39/><D65/><U2/><E2/><V130/><F130/><W5/><G5/><T94/><D94/><U99/><E54/><N who="0" m="21097" /><D39/><U36/><E36/><V35/><F30/><W48/><G18/><T102/><D47/><U123/><E123/><V75/><F75/><W34/><G34/><T90/><D102/><U20/><E20/><V1/><F1/><W88/><G73/><T56/><D56/><U74/><E74/><V116/><F116/><W55/><G67/><T91/><AGARI ba="0,0" hai="13,16,21,81,82,83,90,91" m="21097,41546" machi="91" ten="40,5200,0" yaku="14,1,54,2" doraHai="80" who="0" fromWho="0" sc="130,52,321,-13,253,-26,296,-13" /><INIT seed="3,0,0,1,5,0" ten="182,308,227,283" oya="3" hai0="24,81,67,82,36,35,68,72,80,94,51,59,12" hai1="103,39,13,3,110,30,131,79,95,56,4,38,86" hai2="22,26,40,70,122,102,106,100,97,132,92,58,83" hai3="43,11,20,89,17,44,120,65,126,66,75,112,32"/><W73/><G32/><T113/><D36/><U76/><E131/><V10/><F70/><W46/><G112/><T85/><D113/><U27/><E110/><V127/><F127/><W31/><G120/><T104/><D104/><U16/><E38/><V25/><F132/><W111/><G126/><T47/><D72/><U28/><E39/><V115/><F115/><W6/><G31/><N who="1" m="11818" /><E3/><V118/><F100/><W105/><G105/><T91/><D35/><U8/><E56/><V117/><F92/><W53/><G53/><T2/><D2/><U52/><E52/><V123/><F10/><W60/><G89/><T87/><D68/><U129/><E129/><V78/><F58/><W55/><G55/><T64/><D24/><U114/><E114/><V49/><F49/><W48/><G46/><T71/><D71/><U9/><E103/><V90/><F40/><W57/><G66/><T21/><D59/><U107/><E107/><V7/><F26/><W93/><G93/><T101/><D101/><U50/><E50/><V74/><F25/><W121/><G121/><N who="2" m="46089" /><F22/><W84/><G84/><T29/><D85/><U96/><E96/><V14/><F90/><W18/><G111/><T98/><D98/><U41/><E41/><V124/><F124/><W125/><G125/><T19/><REACH who="0" step="1"/><D29/><REACH who="0" ten="172,308,227,283" step="2"/><U33/><E33/><V119/><F119/><W34/><G34/><T37/><D37/><U54/><E27/><V77/><F77/><W15/><G75/><T99/><D99/><U108/><E108/><V5/><F118/><W109/><G109/><T69/><D69/><U45/><E79/><RYUUKYOKU ba="0,1" sc="172,30,308,-10,227,-10,283,-10" hai0="12,19,21,47,51,64,67,80,81,82,87,91,94" /><INIT seed="4,1,1,2,2,19" ten="202,298,217,273" oya="0" hai0="65,48,116,13,61,6,52,129,87,25,117,130,105" hai1="90,44,26,15,12,77,32,8,27,112,135,128,64" hai2="100,95,114,97,121,10,62,115,31,132,98,67,120" hai3="107,35,17,122,55,34,99,53,109,43,1,71,69"/><T126/><D105/><U58/><E32/><V28/><F132/><W59/><G122/><N who="2" m="47209" /><F10/><W56/><G109/><T22/><D87/><U102/><E135/><V96/><F95/><W88/><G1/><T46/><D126/><U38/><E38/><V73/><F100/><W40/><G17/><N who="0" m="12495" /><D6/><N who="1" m="3095" /><E128/><N who="0" m="49257" /><D13/><U41/><E112/><N who="2" m="43051" /><F73/><W50/><G107/><T83/><D83/><U30/><E102/><V45/><F45/><W93/><G34/><T63/><D63/><N who="1" m="38007" /><E15/><V16/><F16/><W21/><G35/><T66/><D66/><U5/><E5/><V110/><F110/><W106/><G106/><T7/><D7/><U94/><E30/><V119/><F119/><W37/><G99/><N who="2" m="25345" /><V4/><DORA hai="108" /><F4/><W127/><G127/><T118/><D118/><U89/><E44/><V101/><F101/><W9/><G93/><T39/><D39/><U131/><E94/><V47/><F47/><W49/><G37/><T72/><D72/><U134/><E131/><V36/><F36/><W54/><G88/><N who="1" m="33898" /><E134/><V23/><F23/><W70/><G21/><T76/><D76/><U81/><E77/><V74/><F74/><W80/><G80/><T86/><D86/><U113/><E81/><V20/><F20/><W79/><G79/><T2/><D2/><U68/><E113/><V104/><F104/><W3/><G3/><T92/><D92/><U125/><E125/><V60/><F60/><N who="3" m="35855" /><G9/><T91/><D91/><U124/><E124/><V85/><F85/><W0/><G0/><T111/><D111/><U103/><E103/><V84/><F84/><W133/><G133/><T75/><D75/><RYUUKYOKU ba="1,1" sc="202,10,298,-30,217,10,273,10" hai0="46,48,52,61,65,116,117" hai2="28,31,62,67" hai3="40,43,49,50,54,55,59,69,70,71" /><INIT seed="4,2,1,1,5,2" ten="212,268,227,283" oya="0" hai0="14,117,115,90,101,46,132,105,134,103,124,17,106" hai1="40,45,54,85,50,34,91,114,53,129,133,64,16" hai2="81,111,97,55,39,135,37,22,110,4,121,56,98" hai3="10,25,13,9,41,75,61,59,96,127,118,77,119"/><T99/><D117/><U36/><E34/><V65/><F121/><W120/><G41/><T43/><D115/><U116/><E116/><V83/><F65/><W102/><G127/><T82/><D124/><U112/><E133/><N who="0" m="51305" /><D82/><N who="2" m="31242" /><F22/><W57/><G75/><T88/><D103/><U131/><E91/><V11/><F55/><N who="1" m="21001" /><E85/><V87/><F56/><W8/><G77/><T38/><D106/><U71/><E36/><N who="2" m="13899" /><F87/><W89/><G89/><T12/><D12/><U1/><E16/><V122/><F122/><W35/><G120/><T68/><D68/><U94/><E94/><V0/><F135/><W48/><G13/><T6/><D6/><U29/><E1/><V28/><F98/><W27/><G35/><T104/><D104/><U33/><E29/><V78/><F28/><W70/><G119/><T31/><D31/><U42/><E33/><V113/><F97/><W86/><G70/><T58/><D58/><U84/><E84/><V66/><F78/><W100/><G86/><T24/><D24/><N who="3" m="9289" /><G96/><T3/><D3/><U95/><E95/><V52/><F0/><W126/><G126/><T74/><D74/><U7/><E40/><V19/><F4/><W125/><G125/><T62/><D62/><N who="1" m="40343" /><E7/><V67/><F111/><W108/><G108/><T123/><D123/><U107/><E107/><V49/><F110/><W76/><G118/><T5/><D5/><U79/><E79/><V69/><F69/><W21/><G76/><T73/><D73/><U93/><E93/><V47/><F113/><AGARI ba="2,1" hai="42,45,50,112,113,114,129,131" m="40343,21001" machi="113" ten="30,7700,0" yaku="15,1,11,1,34,2" doraHai="2" who="1" fromWho="2" sc="212,0,268,93,227,-83,283,0" owari="212,-19.0,361,47.0,144,-36.0,283,8.0" /></mjloggm>