<mjloggm ver="2.3"><GO type="97" lobby="0"/><UN n0="%E5%BB%A3%E6%B8%88%E5%A0%82%E6%9C%AC%E5%BA%97" n1="%E3%82%A6%E3%83%AB%E3%83%88%E3%83%A9%E7%AB%8B%E7%9B%B4" n2="%E3%82%AD%E3%83%B3%E3%82%B0%E3%81%B9%E3%83%92%E3%82%93%E3%82%82%E3%82%B9" n3="%E7%9B%AE%E6%A8%99%EF%BC%B2%EF%BC%91%EF%BC%95%EF%BC%90%EF%BC%90" dan="15,15,15,16" rate="2018.66,1990.94,1938.43,2088.73" sx="M,M,F,M"/><TAIKYOKU oya="0"/><INIT seed="0,0,0,2,0,40" ten="250,250,250,250" oya="0" hai0="89,47,8,99,94,33,60,112,111,19,51,135,26" hai1="108,97,44,131,109,113,126,121,54,67,75,102,32" hai2="85,27,81,64,104,49,45,90,53,96,69,39,134" hai3="77,123,105,12,24,20,2,114,72,80,129,93,92"/><T10/><D112/><U0/><E0/><V88/><F134/><W116/><G105/><T37/><D135/><U14/><E32/><V84/><F39/><W130/><G114/><T21/><D111/><N who="1" m="42571" /><E75/><V100/><F27/><W73/><G2/><T9/><D37/><U86/><E67/><V18/><F18/><W61/><G72/><T11/><D33/><U78/><E14/><V41/><F64/><W55/><G12/><T25/><D60/><U3/><E3/><V119/><F119/><W50/><G61/><T122/><D122/><U30/><E30/><V34/><F34/><W7/><G7/><T65/><D65/><U35/><E35/><V95/><REACH who="2" step="1"/><F41/><REACH who="2" ten="250,250,240,250" step="2"/><W13/><G116/><T98/><N who="0" m="2560" /><DORA hai="6" /><T82/><D26/><U132/><E132/><V118/><F118/><W48/><G24/><T127/><D127/><U57/><E126/><V70/><AGARI ba="0,1" hai="45,49,53,69,70,81,84,85,88,90,95,96,100,104" machi="70" ten="30,12000,2" yaku="1,1,0,1,52,1,54,1,53,3" doraHai="40,6" doraHaiUra="46,87" who="2" fromWho="2" sc="250,-60,250,-30,240,130,250,-30" /><INIT seed="1,0,0,3,5,99" ten="190,220,370,220" oya="1" hai0="61,75,78,43,81,123,59,101,53,21,7,40,126" hai1="80,24,113,116,18,124,55,51,111,30,77,129,71" hai2="42,112,63,79,67,26,105,15,56,85,97,89,114" hai3="27,83,45,37,46,47,84,103,33,12,16,39,68"/><U8/><E71/><V102/><F79/><W106/><G68/><T86/><D126/><U32/><E124/><V11/><F26/><W20/><G106/><T128/><D128/><U57/><E129/><V58/><F42/><W69/><G69/><T117/><D117/><U65/><E65/><V28/><F28/><W66/><G66/><T132/><D132/><U104/><E104/><V10/><F56/><W25/><G37/><T74/><D123/><U19/><E116/><V87/><F87/><W41/><G103/><T119/><D119/><U23/><E113/><N who="2" m="43627" /><F15/><W115/><G115/><T34/><D34/><U93/><E111/><V3/><F3/><W6/><G33/><T130/><D130/><U90/><E32/><V50/><F50/><N who="3" m="26927" /><G27/><T109/><D109/><U120/><E120/><V118/><F118/><W108/><G108/><T125/><D125/><U31/><E31/><V35/><F35/><W38/><G38/><T17/><D7/><U54/><E54/><V121/><F121/><W2/><G39/><T135/><D135/><U110/><E110/><V134/><F134/><W49/><G2/><T76/><D75/><U88/><E8/><V62/><F63/><W94/><G49/><T52/><D53/><U4/><E4/><V100/><F100/><W5/><G5/><T96/><D76/><U14/><E14/><V73/><F73/><W9/><G83/><AGARI ba="0,0" hai="10,11,58,62,67,83,85,89,97,102,105" m="43627" machi="83" ten="30,2000,0" yaku="11,1,52,1" doraHai="99" who="2" fromWho="3" sc="190,0,220,0,370,20,220,-20" /><INIT seed="2,0,0,0,3,30" ten="190,220,390,200" oya="2" hai0="87,61,32,79,71,125,93,12,128,13,51,60,3" hai1="97,83,94,67,11,48,118,75,86,54,34,23,31" hai2="107,38,8,80,58,96,22,42,15,37,119,78,10" hai3="45,25,7,103,2,18,56,1,133,88,127,121,99"/><V59/><F119/><W63/><G121/><T115/><D115/><U55/><E75/><V0/><F0/><W72/><G72/><T36/><D36/><U65/><E34/><V46/><F38/><W28/><G133/><T14/><D3/><U35/><E35/><V113/><F113/><W105/><G127/><T4/><D125/><U100/><E11/><V114/><F114/><W104/><G104/><T132/><D132/><U49/><E49/><V33/><F33/><W85/><G7/><T122/><D122/><U77/><E118/><V21/><F10/><W89/><G45/><T29/><D128/><U120/><E120/><V111/><F96/><W74/><G74/><T129/><D129/><U98/><E98/><V40/><F107/><W101/><G101/><T84/><D4/><U123/><E55/><V81/><F40/><W41/><G41/><T134/><D134/><U110/><E110/><V16/><F111/><W39/><G39/><T24/><D71/><U43/><E43/><V52/><F59/><W20/><G18/><T53/><D87/><U9/><E123/><V19/><F78/><W47/><G47/><T44/><REACH who="0" step="1"/><D93/><REACH who="0" ten="180,220,390,200" step="2"/><U108/><E108/><V106/><F106/><W82/><REACH who="3" step="1"/><G89/><REACH who="3" ten="180,220,390,190" step="2"/><T69/><D69/><U73/><E73/><V92/><F37/><W131/><G131/><T50/><D50/><U64/><E48/><V95/><F42/><W91/><G91/><T5/><D5/><U124/><E124/><V27/><F46/><W70/><G70/><T90/><D90/><U116/><E116/><V6/><F6/><W26/><G26/><RYUUKYOKU ba="0,2" sc="180,15,220,-15,390,-15,190,15" hai0="12,13,14,24,29,32,44,51,53,60,61,79,84" hai3="1,2,20,25,28,56,63,82,85,88,99,103,105" /><INIT seed="3,1,2,1,3,27" ten="195,205,375,205" oya="3" hai0="78,53,1,47,28,17,45,25,81,30,52,50,79" hai1="20,75,39,98,100,128,92,29,105,51,57,97,35" hai2="36,31,11,40,101,95,43,72,135,104,127,3,55" hai3="4,111,7,65,21,121,49,114,110,116,5,131,46"/><W41/><G114/><T37/><D1/><U59/><E39/><V109/><F72/><W13/><G116/><T133/><D133/><U34/><E75/><V0/><F104/><W32/><G121/><T102/><D102/><U42/><E128/><V64/><F135/><W24/><G131/><T124/><D124/><U71/><E71/><V122/><F64/><W80/><G65/><T26/><D37/><U77/><E77/><N who="0" m="29193" /><D81/><U119/><E119/><V85/><F122/><W62/><G62/><T90/><D90/><U96/><E105/><V123/><F123/><W2/><G80/><T94/><D94/><U118/><E34/><V106/><F106/><W22/><G2/><T93/><D93/><U134/><E35/><V82/><F127/><W63/><G63/><T76/><N who="0" m="29201" /><T9/><DORA hai="8" /><D9/><U73/><E73/><V83/><F0/><W48/><G48/><N who="0" m="28687" /><D26/><N who="1" m="16583" /><E134/><V10/><F3/><W86/><G86/><T15/><D15/><U56/><E118/><V70/><F36/><W68/><G68/><T16/><D25/><U108/><E92/><V99/><F70/><W91/><G91/><T58/><D47/><N who="1" m="26103" /><E100/><V44/><F83/><W126/><G126/><T120/><D120/><U74/><E74/><V88/><F82/><W14/><G32/><T60/><D50/><U115/><E115/><V67/><F101/><W130/><G130/><T19/><AGARI ba="1,2" hai="16,17,19,28,30,53,58,60" m="28687,29201" machi="19" ten="40,8000,1" yaku="8,1,52,2,54,2" doraHai="27,8" who="0" fromWho="0" sc="195,103,205,-21,375,-21,205,-41" owari="298,10.0,184,-22.0,354,46.0,164,-34.0" /></mjloggm>