<mjloggm ver="2.3"><GO type="97" lobby="0"/><UN n0="%52%31%32%34%37" n1="%64%61%69%6B%69%74%69" n2="%E3%82%AB%E3%83%AA%E3%82%B9%E3%83%9E%E2%98%86%E9%A4%8A%E5%88%86" n3="%E3%82%A6%E3%83%AB%E3%83%88%E3%83%A9%E7%AB%8B%E7%9B%B4" dan="14,15,14,15" rate="1884.73,1966.48,1871.57,1978.72" sx="M,M,M,M"/><TAIKYOKU oya="0"/><INIT seed="0,0,0,0,2,36" ten="250,250,250,250" oya="0" hai0="96,5,24,45,125,82,62,105,104,78,51,26,59" hai1="12,7,17,123,38,92,50,25,53,90,27,32,111" hai2="31,73,79,42,0,121,34,48,3,110,97,1,114" hai3="8,77,11,71,120,113,126,47,70,21,44,109,6"/><T93/><D125/><U128/><E38/><V16/><F97/><W107/><G113/><T33/><D33/><U115/><E123/><V29/><F79/><W130/><G107/><T22/><D5/><U43/><E128/><V117/><F73/><W133/><G109/><T9/><D9/><U81/><E115/><V108/><F114/><W101/><G133/><T103/><D24/><U35/><E111/><N who="2" m="42539" /><F121/><W65/><G101/><T124/><D124/><U87/><E7/><V4/><F117/><W30/><G77/><T57/><D57/><U15/><E35/><V40/><F48/><W52/><G126/><T55/><D82/><U46/><E32/><V91/><F91/><W118/><G130/><T20/><D78/><U41/><E12/><V61/><F61/><W80/><G80/><T86/><D86/><U2/><E2/><V39/><F39/><W127/><G127/><T76/><D76/><U95/><E27/><N who="2" m="18751" /><F4/><W132/><G6/><T10/><D10/><N who="1" m="6391" /><E25/><V88/><F31/><W18/><G30/><T112/><D112/><U94/><AGARI ba="0,0" hai="41,43,46,50,53,81,87,90,92,94,95" m="6391" machi="94" ten="30,7900,0" yaku="25,1,8,1,52,2" doraHai="36" who="1" fromWho="1" sc="250,-39,250,79,250,-20,250,-20" /><INIT seed="1,0,0,3,4,117" ten="211,329,230,230" oya="1" hai0="54,17,43,65,18,46,13,0,131,103,20,101,37" hai1="34,100,26,98,58,76,52,106,50,91,93,72,62" hai2="88,118,95,75,57,11,19,9,23,22,135,25,133" hai3="122,39,69,1,94,2,28,68,59,81,110,4,132"/><U47/><E34/><V60/><F75/><W31/><G94/><T29/><D0/><U38/><E38/><V90/><F118/><W35/><G59/><T30/><D65/><U119/><E119/><V78/><F78/><W42/><G81/><T105/><D131/><U124/><E124/><V61/><F61/><W89/><G89/><T14/><D105/><U21/><E72/><V134/><F23/><W104/><G104/><T127/><D127/><U112/><E112/><V71/><F90/><W113/><G110/><T66/><D66/><U64/><E76/><V130/><F71/><W10/><G132/><T128/><D128/><U102/><REACH who="1" step="1"/><E106/><REACH who="1" ten="211,319,230,230" step="2"/><V74/><F74/><W129/><G113/><T107/><D107/><U111/><E111/><V55/><REACH who="2" step="1"/><F130/><REACH who="2" ten="211,319,220,230" step="2"/><W45/><G129/><T83/><D37/><U24/><E24/><V36/><F36/><W41/><G39/><T108/><D108/><U63/><E63/><V96/><AGARI ba="0,2" hai="9,11,19,22,25,55,57,60,88,95,96,133,134,135" machi="96" ten="30,12000,2" yaku="1,1,0,1,25,2,20,1,54,1,53,1" doraHai="117" doraHaiUra="15" who="2" fromWho="2" sc="211,-30,319,-60,220,140,230,-30" /><INIT seed="2,0,0,2,1,68" ten="181,259,360,200" oya="2" hai0="17,35,33,69,31,93,53,118,73,46,49,48,87" hai1="103,127,72,81,98,9,27,70,134,77,109,133,85" hai2="116,47,130,45,58,91,105,111,128,13,19,99,106" hai3="129,96,92,65,7,15,135,10,67,21,39,108,20"/><V94/><F116/><W101/><G129/><N who="2" m="49769" /><F111/><W66/><G135/><N who="1" m="51722" /><E70/><V83/><F83/><W6/><G108/><T38/><D73/><U44/><E109/><V64/><F64/><W26/><G39/><T16/><D38/><U50/><E127/><V119/><F119/><W125/><G125/><T18/><D118/><U123/><E123/><V3/><F3/><W71/><G71/><T126/><D126/><U12/><E27/><V120/><F58/><W8/><REACH who="3" step="1"/><G26/><REACH who="3" ten="181,259,360,190" step="2"/><T115/><D69/><U54/><E72/><V79/><F120/><W60/><G60/><T124/><D124/><U24/><E24/><V25/><F25/><W55/><G55/><T110/><D110/><U0/><E0/><AGARI ba="0,1" hai="0,6,7,8,10,15,20,21,65,66,67,92,96,101" machi="0" ten="40,2600,0" yaku="1,1,53,1" doraHai="68" doraHaiUra="90" who="3" fromWho="1" sc="181,0,259,-26,360,0,190,36" /><INIT seed="3,0,0,5,2,2" ten="181,233,360,226" oya="3" hai0="123,51,111,91,95,10,11,81,46,50,69,38,65" hai1="104,35,18,3,135,73,72,83,54,100,0,28,24" hai2="49,55,102,52,118,79,75,21,12,103,30,115,8" hai3="80,133,101,33,29,41,62,119,82,129,56,105,90"/><W64/><G119/><T40/><D111/><U53/><E135/><V7/><F118/><W25/><G133/><T23/><D123/><U87/><E18/><V4/><F115/><W120/><G120/><T125/><D125/><U131/><E131/><V108/><F108/><W66/><G129/><T61/><D81/><U99/><E0/><V76/><F55/><W36/><G66/><T45/><D51/><U20/><E3/><V132/><F132/><W67/><G67/><T5/><D23/><U86/><E86/><V114/><F114/><W84/><G41/><T57/><D46/><U124/><E124/><V88/><F75/><W16/><G36/><T98/><REACH who="0" step="1"/><D5/><REACH who="0" ten="171,233,360,226" step="2"/><U134/><E134/><V85/><F4/><W97/><G16/><T107/><D107/><U74/><REACH who="1" step="1"/><E20/><REACH who="1" ten="171,223,360,226" step="2"/><V122/><F21/><W92/><AGARI ba="0,2" hai="25,29,33,56,62,64,80,82,84,90,92,97,101,105" machi="92" ten="20,2100,0" yaku="0,1,7,1" doraHai="2" who="3" fromWho="3" sc="171,-7,223,-7,360,-7,226,41" /><INIT seed="3,1,0,5,3,4" ten="164,216,353,267" oya="3" hai0="78,21,104,46,121,75,8,58,125,37,29,122,25" hai1="30,38,77,82,111,88,112,118,70,135,12,35,84" hai2="105,1,85,128,96,131,62,83,11,87,40,102,56" hai3="50,34,72,47,64,6,55,20,48,3,59,63,18"/><W133/><G34/><T10/><D125/><U41/><E70/><V76/><F40/><W67/><G72/><T17/><D104/><U99/><E112/><V113/><F113/><W119/><G119/><T5/><D58/><U52/><E135/><V73/><F11/><W42/><G133/><T120/><D78/><U61/><E118/><V95/><F1/><W94/><G94/><T22/><D75/><U2/><E2/><V92/><F56/><W126/><G126/><T134/><D46/><U36/><E111/><V108/><F62/><W106/><G106/><T27/><D37/><U74/><E99/><V32/><F32/><W54/><G6/><T80/><D80/><U129/><E129/><N who="2" m="49739" /><F108/><W103/><G103/><T100/><D100/><U14/><E38/><V16/><F16/><W31/><G31/><T109/><D109/><U23/><E35/><V9/><F9/><N who="0" m="3690" /><D134/><U13/><E41/><V79/><F79/><W15/><G3/><T44/><D44/><AGARI ba="1,0" hai="15,18,20,42,44,47,48,50,54,55,59,63,64,67" machi="44" ten="30,2900,0" yaku="7,1,8,1" doraHai="4" who="3" fromWho="0" sc="164,-32,216,0,353,0,267,32" /><INIT seed="3,2,0,2,3,54" ten="132,216,353,299" oya="3" hai0="51,37,30,97,35,135,66,98,114,39,117,132,2" hai1="16,10,22,113,92,3,133,75,50,14,60,104,64" hai2="130,11,49,45,127,77,128,91,58,20,5,88,82" hai3="12,90,121,46,55,23,86,87,84,129,18,9,48"/><W112/><G129/><T41/><D117/><U74/><E104/><V106/><F106/><W73/><G73/><T53/><D2/><U131/><E113/><V13/><F130/><W68/><G68/><T47/><D30/><U81/><E131/><V27/><F128/><W70/><G70/><T43/><D35/><U29/><E133/><N who="0" m="51273" /><D97/><U125/><E125/><V124/><F124/><W89/><G121/><T56/><D98/><U111/><E111/><V105/><F105/><W118/><G118/><T102/><D102/><U100/><E50/><V107/><F107/><W115/><G115/><T52/><D114/><U61/><E61/><V119/><F119/><W31/><G112/><T19/><D19/><U28/><E3/><V57/><F127/><W123/><G123/><T32/><D32/><U24/><E29/><V109/><F109/><W33/><G33/><T7/><D7/><U134/><E81/><V79/><F82/><W85/><N who="3" m="21504" /><DORA hai="103" /><W15/><G31/><T34/><D34/><U99/><REACH who="1" step="1"/><E134/><REACH who="1" ten="132,206,353,299" step="2"/><V71/><F79/><W76/><G76/><T122/><D122/><U116/><E116/><V0/><F77/><W110/><G110/><T126/><D126/><U72/><E72/><V69/><F0/><W4/><AGARI ba="2,1" hai="4,9,12,15,18,23,46,48,55,89,90" m="21504" machi="4" ten="40,3900,0" yaku="0,1,8,1" doraHai="54,103" who="3" fromWho="3" sc="132,-15,206,-15,353,-15,299,55" owari="117,-38.0,191,-21.0,338,14.0,354,45.0" /></mjloggm>