<mjloggm ver="2.3"><GO type="97" lobby="0"/><UN n0="%4F%55%54" n1="%EF%BD%93%EF%BD%81%EF%BD%82%EF%BD%8F" n2="%48%47%53%54" n3="%E3%82%A6%E3%83%AB%E3%83%88%E3%83%A9%E7%AB%8B%E7%9B%B4" dan="14,14,15,15" rate="1905.95,1833.31,1985.72,1967.85" sx="M,M,M,M"/><TAIKYOKU oya="0"/><INIT seed="0,0,0,1,2,100" ten="250,250,250,250" oya="0" hai0="44,91,32,124,88,12,22,119,92,50,131,127,96" hai1="122,123,77,33,60,129,116,76,55,17,15,48,56" hai2="97,21,26,63,90,57,52,67,81,113,29,16,11" hai3="28,73,109,58,49,51,82,31,86,10,4,39,47"/><T43/><D119/><U98/><E33/><V23/><F113/><W37/><G73/><T133/><D32/><U65/><E116/><V71/><F11/><W94/><G109/><T54/><D131/><U38/><E38/><V34/><F34/><W74/><G74/><T42/><D133/><U75/><E75/><V61/><F81/><W41/><G94/><T46/><D46/><U95/><E129/><V107/><F107/><W99/><G99/><T3/><D3/><U20/><E123/><V62/><F23/><W68/><G68/><T78/><D78/><U111/><E111/><V19/><REACH who="2" step="1"/><F62/><REACH who="2" ten="250,250,240,250" step="2"/><W115/><G115/><T64/><D22/><U79/><E122/><V117/><F117/><W70/><G39/><T128/><D128/><U120/><E120/><V102/><F102/><W18/><G37/><T72/><D127/><U24/><E20/><V125/><F125/><W59/><G10/><T69/><D124/><U110/><E60/><V45/><F45/><W104/><G47/><T126/><D126/><U84/><E95/><AGARI ba="0,1" hai="16,19,21,26,29,52,57,61,63,67,71,90,95,97" machi="95" ten="40,5200,0" yaku="1,1,54,2,53,0" doraHai="100" doraHaiUra="36" who="2" fromWho="1" sc="250,0,250,-52,240,62,250,0" /><INIT seed="1,0,0,5,1,110" ten="250,198,302,250" oya="1" hai0="24,64,34,12,26,45,77,49,130,36,37,25,11" hai1="55,106,54,134,38,124,101,96,99,51,100,92,39" hai2="131,121,105,10,30,48,13,129,18,123,63,95,7" hai3="93,67,44,111,71,112,61,47,72,115,20,52,3"/><U62/><E134/><V135/><F105/><W116/><G72/><T80/><D130/><N who="2" m="49674" /><F135/><W127/><G3/><T65/><D36/><U9/><E124/><V97/><F30/><W85/><G20/><T5/><D37/><U78/><E78/><V126/><F126/><W15/><G15/><T68/><D68/><U86/><E86/><V16/><F63/><N who="3" m="40447" /><G93/><T59/><D34/><U104/><E92/><V107/><F107/><W73/><G85/><N who="0" m="48271" /><D59/><U113/><E113/><N who="3" m="43594" /><G73/><T43/><AGARI ba="0,0" hai="5,11,12,24,25,26,43,45,49,64,65" m="48271" machi="43" ten="30,2000,0" yaku="25,1,8,1" doraHai="110" who="0" fromWho="0" sc="250,20,198,-10,302,-5,250,-5" /><INIT seed="2,0,0,3,5,126" ten="270,188,297,245" oya="2" hai0="21,79,112,69,64,95,51,8,118,25,32,133,67" hai1="115,26,3,27,82,41,100,30,122,24,54,57,85" hai2="29,94,88,38,77,11,1,15,72,12,80,86,70" hai3="131,34,46,0,119,59,28,104,123,71,109,60,78"/><V96/><F70/><W39/><G28/><T19/><D112/><U43/><E3/><V93/><F38/><W13/><G13/><T9/><D118/><U107/><E115/><V63/><F63/><W35/><G78/><T62/><D133/><U2/><E2/><V99/><F29/><W97/><G97/><T89/><D32/><U125/><E125/><V116/><F116/><W50/><G59/><T127/><D127/><U7/><E7/><V22/><F22/><W31/><G31/><T84/><D67/><U111/><E111/><V16/><F12/><W40/><G50/><T83/><REACH who="0" step="1"/><D51/><REACH who="0" ten="260,188,297,245" step="2"/><U56/><E122/><V37/><F37/><W114/><G35/><T20/><D20/><U135/><E135/><V61/><F61/><W106/><G60/><T129/><D129/><U128/><E128/><V6/><REACH who="2" step="1"/><F94/><REACH who="2" ten="260,188,287,245" step="2"/><W18/><G39/><T101/><D101/><U58/><E100/><V87/><F87/><AGARI ba="0,2" hai="8,9,19,21,25,62,64,69,79,83,84,87,89,95" machi="87" ten="30,2000,0" yaku="1,1,7,1,53,0" doraHai="126" doraHaiUra="103" who="0" fromWho="2" sc="260,40,188,0,287,-20,245,0" /><INIT seed="3,0,0,5,0,108" ten="300,188,267,245" oya="3" hai0="89,31,111,64,70,13,41,100,53,132,62,34,78" hai1="71,101,120,133,96,99,29,27,33,68,61,94,57" hai2="55,17,127,121,66,113,84,52,4,51,20,19,21" hai3="83,45,110,3,72,48,104,130,40,22,129,39,95"/><W122/><G104/><T10/><D111/><U126/><E126/><V43/><F121/><W2/><G122/><T58/><D41/><U7/><E133/><V125/><F66/><W117/><G117/><T50/><D78/><U82/><E120/><V76/><F4/><W46/><G110/><T81/><D132/><U11/><E82/><V42/><F84/><W12/><G95/><T47/><D100/><U16/><E99/><V75/><F51/><W85/><G72/><T98/><D31/><U28/><E28/><V88/><F88/><N who="3" m="51263" /><G22/><T14/><D34/><U37/><E37/><V23/><F23/><W30/><G30/><T24/><D24/><U35/><E35/><V0/><F0/><W44/><G12/><T103/><D70/><U6/><E71/><V115/><F76/><W93/><G93/><N who="0" m="58831" /><D10/><U18/><E68/><V69/><F69/><W107/><G107/><T36/><D36/><U59/><E59/><V54/><F54/><N who="3" m="29959" /><G46/><T1/><D1/><U90/><E101/><V63/><F63/><W119/><G119/><T32/><D32/><U109/><E109/><V80/><F80/><W56/><G56/><T77/><D77/><U79/><E79/><V105/><F105/><W116/><G116/><T8/><D8/><U25/><E25/><V86/><F86/><AGARI ba="0,0" hai="13,14,47,50,53,58,62,64,81,86,89" m="58831" machi="86" ten="30,1000,0" yaku="8,1" doraHai="108" who="0" fromWho="2" sc="300,10,188,0,267,-10,245,0" owari="310,40.0,188,-31.0,257,6.0,245,-15.0" /></mjloggm>