<mjloggm ver="2.3"><GO type="41" lobby="0"/><UN n0="%4D%41%53%E2%98%86%54%45%52" n1="%E6%9F%93%E4%BA%94%E9%83%8E" n2="%E3%82%A6%E3%83%AB%E3%83%88%E3%83%A9%E7%AB%8B%E7%9B%B4" n3="%E3%82%AC%E3%83%81%E3%83%A0%E3%83%81%E9%BA%BB%E9%9B%80" dan="13,13,15,13" rate="1904.57,1871.55,1989.84,1841.18" sx="M,M,M,M"/><TAIKYOKU oya="0"/><INIT seed="0,0,0,5,1,112" ten="250,250,250,250" oya="0" hai0="36,14,9,1,20,61,74,46,109,45,118,29,104" hai1="100,0,42,83,7,73,111,97,124,19,75,68,49" hai2="65,95,77,71,38,117,121,87,72,40,125,70,129" hai3="98,90,80,76,132,84,30,133,69,81,32,48,120"/><T93/><D104/><U4/><E68/><V119/><F121/><W107/><G69/><N who="2" m="26121" /><F65/><W126/><G32/><T116/><D74/><U52/><E42/><V12/><F12/><W58/><G30/><T16/><D1/><U113/><E113/><V115/><F115/><W25/><G25/><T82/><D109/><U106/><E111/><V55/><F55/><W114/><G114/><T92/><D36/><U130/><E130/><V43/><F129/><W64/><G64/><T59/><D82/><U96/><E96/><V8/><F8/><W108/><G108/><T15/><D29/><U131/><E131/><V63/><F63/><W10/><G10/><T110/><D110/><U2/><E83/><N who="2" m="45479" /><F87/><N who="3" m="48519" /><G58/><T85/><D92/><U17/><E2/><V99/><F38/><W28/><G48/><T79/><D46/><U56/><E0/><V60/><F60/><W37/><G37/><T39/><D45/><U18/><REACH who="1" step="1"/><E124/><REACH who="1" ten="250,240,250,250" step="2"/><V35/><F125/><W54/><G126/><T33/><D39/><U26/><E26/><V6/><F43/><W27/><G27/><T94/><D15/><U101/><E101/><V24/><F40/><W5/><G132/><T103/><D14/><U91/><E91/><V51/><F24/><W67/><G90/><T89/><D103/><U102/><E102/><V66/><F35/><W13/><G133/><T62/><D89/><U41/><E41/><V3/><F3/><W53/><G107/><T31/><D33/><U50/><E50/><V23/><F51/><W44/><G120/><T122/><D122/><U21/><E21/><V86/><F23/><RYUUKYOKU ba="0,1" sc="250,-10,240,30,250,-10,250,-10" hai1="4,7,17,18,19,49,52,56,73,75,97,100,106" /><INIT seed="1,1,1,0,4,5" ten="240,270,240,240" oya="1" hai0="112,18,70,104,26,7,24,128,129,115,111,17,67" hai1="96,107,108,39,132,127,38,27,47,20,109,13,53" hai2="125,11,110,56,54,66,57,34,58,120,93,10,31" hai3="80,71,41,1,82,94,86,131,46,81,99,44,72"/><U113/><E113/><N who="0" m="43593" /><D104/><U98/><E127/><V84/><F31/><W134/><G71/><T6/><D70/><U122/><E122/><V40/><F34/><W77/><G1/><T33/><D67/><U45/><E132/><V114/><F120/><W119/><G44/><N who="1" m="16970" /><E13/><V63/><F40/><W52/><G134/><T124/><D111/><N who="1" m="42571" /><E53/><V12/><F110/><W43/><G131/><N who="0" m="50251" /><D124/><U60/><E60/><BYE who="1" /><V61/><F125/><W42/><G82/><T88/><D33/><U35/><E35/><V22/><F114/><W59/><G119/><T32/><D88/><U75/><E75/><V16/><F58/><W21/><G21/><N who="0" m="13359" /><D32/><U97/><E97/><V78/><F78/><W83/><G46/><T74/><D74/><U135/><E135/><V79/><F79/><W130/><G130/><T36/><D36/><U76/><E76/><V68/><F68/><W23/><G86/><T133/><D133/><U91/><E91/><AGARI ba="1,1" hai="10,11,12,16,22,54,56,57,61,63,66,84,91,93" machi="91" ten="40,8000,1" yaku="8,1,52,2,54,1" doraHai="5" who="2" fromWho="1" sc="240,0,270,-83,240,93,240,0" /><UN n1="%E6%9F%93%E4%BA%94%E9%83%8E" /><INIT seed="2,0,0,0,3,52" ten="240,187,333,240" oya="2" hai0="71,93,29,53,116,7,39,38,95,78,24,14,119" hai1="48,19,122,46,89,112,118,75,99,37,72,104,68" hai2="5,25,103,9,10,57,30,73,55,21,70,127,26" hai3="49,94,69,33,125,47,130,121,91,42,84,87,77"/><V15/><F70/><W43/><G121/><T27/><D71/><U86/><E118/><N who="0" m="45097" /><D78/><U65/><E112/><V108/><F73/><W60/><G125/><T110/><D110/><U51/><E122/><V28/><F108/><W113/><G130/><T135/><D135/><U106/><E68/><V115/><F127/><W13/><G33/><N who="0" m="20647" /><D27/><U6/><E6/><V133/><F133/><W76/><G13/><T81/><D81/><U50/><E65/><V128/><F128/><W17/><G17/><T126/><D126/><U8/><E8/><V98/><F10/><W36/><G36/><N who="0" m="13867" /><D53/><U11/><E11/><AGARI ba="0,0" hai="7,11,14,93,95" m="13867,20647,45097" machi="11" ten="30,1000,0" yaku="12,1" doraHai="52" who="0" fromWho="1" sc="240,10,187,-10,333,0,240,0" /><INIT seed="3,0,0,3,1,47" ten="250,177,333,240" oya="3" hai0="62,60,135,72,59,92,25,19,111,107,14,45,65" hai1="99,27,20,36,106,133,28,91,30,96,83,134,52" hai2="5,94,128,17,102,32,110,89,50,132,13,108,7" hai3="42,0,31,73,98,26,63,38,120,2,119,9,66"/><W23/><G119/><T35/><D107/><U58/><E36/><V15/><F102/><W79/><G120/><T37/><D111/><N who="2" m="42538" /><F32/><W115/><G115/><T41/><D135/><N who="1" m="51723" /><E28/><V55/><F15/><W70/><G98/><T22/><D72/><U53/><E106/><V85/><F128/><W46/><REACH who="3" step="1"/><G9/><REACH who="3" ten="250,177,333,230" step="2"/><T88/><D35/><U71/><E71/><V80/><F132/><W67/><G67/><T100/><D65/><U77/><E99/><V124/><F124/><W75/><G75/><T86/><D22/><U29/><E96/><V109/><F109/><W103/><G103/><T8/><D100/><U123/><E123/><V34/><F34/><W10/><G10/><T57/><D8/><U130/><E20/><V1/><F1/><W21/><G21/><T4/><D86/><U101/><E101/><V49/><F7/><W43/><G43/><T116/><D4/><U24/><E130/><V51/><F5/><W54/><G54/><T84/><D116/><U68/><E53/><V87/><F55/><W69/><G69/><T12/><D84/><U44/><E68/><V125/><F125/><W3/><G3/><T117/><D117/><U90/><E52/><V48/><F87/><W33/><G33/><T121/><D121/><U113/><E113/><V78/><F78/><W127/><G127/><T6/><D6/><U74/><E77/><V11/><N who="2" m="12288" /><DORA hai="97" /><V64/><F64/><W104/><G104/><T126/><D126/><U16/><E74/><V39/><F80/><AGARI ba="0,1" hai="0,2,23,26,31,38,42,46,63,66,70,73,79,80" machi="80" ten="40,2000,0" yaku="1,1,53,0" doraHai="47,97" doraHaiUra="118,122" who="3" fromWho="2" sc="250,0,177,0,333,-20,230,30" /><INIT seed="3,1,0,5,1,81" ten="250,177,313,260" oya="3" hai0="61,48,37,132,41,135,116,115,113,47,66,64,74" hai1="42,88,117,121,109,82,128,134,106,26,129,62,91" hai2="8,118,96,70,19,73,104,14,76,110,63,114,89" hai3="52,75,69,124,31,20,24,80,1,3,45,98,51"/><W9/><G124/><T50/><D74/><U127/><E42/><V33/><F76/><W12/><G69/><N who="0" m="42127" /><D66/><U79/><E62/><V125/><F73/><W133/><G133/><N who="0" m="51275" /><D116/><U112/><E134/><V56/><F70/><W25/><G25/><T84/><D84/><N who="1" m="48223" /><E26/><V6/><F33/><W101/><G80/><T53/><D53/><U103/><E117/><V44/><F118/><W28/><G28/><T38/><D50/><U86/><E112/><AGARI ba="1,0" hai="37,38,41,47,48,112,113,115" m="51275,42127" machi="112" ten="30,7700,0" yaku="11,1,20,1,34,2" doraHai="81" who="0" fromWho="1" sc="250,80,177,-80,313,0,260,0" /><INIT seed="4,0,0,2,2,59" ten="330,97,313,260" oya="0" hai0="75,34,1,130,53,76,126,116,3,71,22,107,91" hai1="108,67,55,86,133,33,30,15,58,120,28,85,112" hai2="23,134,93,131,14,52,60,115,45,110,42,100,48" hai3="98,123,5,96,77,7,94,118,128,49,99,111,72"/><T4/><D116/><U113/><E108/><V44/><F110/><W40/><G111/><T41/><D34/><U92/><E120/><V62/><F115/><N who="1" m="44105" /><E67/><V132/><F131/><W122/><G128/><T79/><D71/><U20/><E133/><N who="2" m="51307" /><F93/><W69/><G118/><T35/><D91/><N who="1" m="53359" /><E86/><V87/><F87/><W78/><G69/><T114/><D75/><U83/><E83/><V74/><F100/><W29/><G94/><T11/><D107/><U65/><E65/><V89/><F89/><W21/><G21/><T95/><D22/><U10/><E33/><V2/><F2/><W68/><G68/><T70/><D35/><U88/><E88/><V125/><F74/><W16/><G29/><T129/><D70/><U64/><E64/><V46/><F125/><W18/><G49/><T9/><D126/><U127/><E127/><V43/><F23/><W82/><G40/><N who="2" m="15401" /><F14/><W8/><G8/><T54/><D11/><U36/><E36/><V66/><F66/><W51/><G51/><T6/><D9/><U117/><E117/><V119/><F119/><W26/><G26/><T63/><D114/><U31/><E31/><V90/><F90/><W106/><G106/><T97/><D130/><U80/><E80/><V17/><F17/><N who="3" m="6763" /><G77/><T0/><D79/><U47/><E20/><V39/><F39/><W13/><G13/><T61/><D76/><U73/><E30/><V104/><F104/><W56/><G56/><AGARI ba="0,0" hai="44,45,46,48,52,56,60,62" m="15401,51307" machi="56" ten="30,12000,2" yaku="20,1,34,2,52,2,54,1" doraHai="59" who="2" fromWho="3" sc="330,0,97,0,313,120,260,-120" /><INIT seed="5,0,0,2,0,9" ten="330,97,433,140" oya="1" hai0="105,58,72,6,125,21,1,135,59,100,62,92,102" hai1="96,121,122,131,53,116,28,93,74,23,114,88,111" hai2="97,15,128,38,18,24,63,17,49,65,46,64,52" hai3="129,36,29,109,0,54,45,90,103,25,31,124,13"/><U7/><E7/><V22/><F128/><W40/><G109/><T11/><D105/><U75/><E28/><V108/><F108/><W50/><G0/><T81/><D125/><U91/><E111/><V33/><F38/><W66/><G66/><T82/><D135/><U86/><E23/><V85/><F33/><W107/><G129/><T95/><D21/><U56/><E116/><V3/><F3/><W48/><G107/><T19/><D19/><U98/><E53/><V4/><F4/><W34/><G103/><T41/><D41/><U44/><E44/><V83/><F97/><W119/><G31/><T115/><D115/><U87/><E56/><V73/><F73/><W51/><G124/><T120/><D120/><U113/><E93/><V89/><F63/><W130/><G130/><AGARI ba="0,0" hai="74,75,86,87,88,91,96,98,113,114,121,122,130,131" machi="130" ten="25,18000,2" yaku="22,2,34,3,54,1" doraHai="9" who="1" fromWho="3" sc="330,0,97,180,433,0,140,-180" owari="330,13.0,277,-12.0,433,53.0,-40,-54.0" /></mjloggm>