<mjloggm ver="2.3"><GO type="41" lobby="0"/><UN n0="%E7%AB%B9%E9%87%8E%E9%83%8E%E2%98%86" n1="%68%69%72%6F%31%39%38%30" n2="%E3%83%B4%E3%81%81%E3%81%AB%E3%82%89%E3%81%82%E3%81%84%E3%81%99" n3="%E3%82%A6%E3%83%AB%E3%83%88%E3%83%A9%E7%AB%8B%E7%9B%B4" dan="14,14,14,15" rate="1965.51,1916.97,1913.98,1948.32" sx="M,M,M,M"/><TAIKYOKU oya="0"/><INIT seed="0,0,0,3,4,53" ten="250,250,250,250" oya="0" hai0="30,74,124,87,46,100,6,111,23,89,130,88,62" hai1="8,91,38,67,13,28,47,79,20,123,39,85,43" hai2="128,116,73,105,60,1,61,102,7,51,52,55,110" hai3="50,106,24,132,9,82,97,115,36,133,64,33,17"/><T98/><D74/><U83/><E123/><V14/><F73/><W4/><G36/><T31/><D6/><U45/><E67/><V84/><F1/><W26/><G82/><T40/><D130/><U127/><E127/><V76/><F128/><W2/><G115/><T99/><D124/><U101/><E101/><V11/><F116/><W113/><G113/><T37/><D99/><U78/><E28/><V109/><F102/><N who="3" m="62799" /><G17/><T66/><D89/><U71/><E71/><V68/><F105/><W117/><G117/><T119/><D119/><U29/><E29/><V25/><F25/><W5/><G5/><T94/><D23/><U58/><E58/><N who="2" m="33055" /><F55/><W12/><G2/><T48/><D111/><N who="2" m="42506" /><F68/><W95/><G26/><T126/><D37/><U72/><E20/><V108/><N who="2" m="42514" /><V120/><DORA hai="122" /><F120/><W93/><G24/><T49/><D126/><U118/><E118/><V44/><F44/><W59/><G64/><T80/><REACH who="0" step="1"/><D49/><REACH who="0" ten="240,250,250,250" step="2"/><U54/><E72/><V34/><F34/><W42/><G33/><T69/><AGARI ba="0,1" hai="30,31,40,46,48,62,66,69,80,87,88,94,98,100" machi="69" ten="20,18000,2" yaku="1,1,2,1,0,1,7,1,54,1,53,1" doraHai="53,122" doraHaiUra="112,57" who="0" fromWho="0" sc="240,190,250,-60,250,-60,250,-60" /><INIT seed="0,1,0,0,5,102" ten="430,190,190,190" oya="0" hai0="26,82,68,2,71,88,3,97,48,21,121,77,63" hai1="91,57,114,5,34,106,18,126,80,105,54,17,43" hai2="1,47,60,10,24,101,4,30,78,45,73,19,124" hai3="100,85,122,111,27,134,130,37,64,6,74,84,89"/><T62/><D121/><U12/><E114/><V107/><F124/><W117/><G6/><T53/><D71/><U51/><E126/><V41/><F60/><W61/><G85/><T125/><D125/><U8/><E34/><V129/><F19/><W65/><G65/><T133/><D68/><U81/><E43/><V103/><F103/><W15/><G15/><T33/><D33/><U132/><E132/><V108/><F108/><W13/><G13/><T9/><D133/><U90/><E5/><V128/><F45/><W67/><G67/><T123/><D123/><U36/><E36/><V115/><F115/><W58/><G64/><T104/><D9/><U39/><E39/><V92/><F92/><W83/><G58/><T29/><D3/><U20/><E20/><V11/><F11/><W95/><G61/><T120/><D2/><U59/><E59/><V44/><F128/><W38/><G38/><T99/><D120/><U93/><E93/><V22/><F129/><W31/><G37/><T66/><D66/><U52/><E54/><V87/><F73/><W23/><G130/><T98/><D63/><U55/><E55/><V7/><F41/><W110/><G134/><T25/><D62/><U32/><E32/><V118/><F118/><W113/><G117/><T49/><D26/><U70/><E70/><V127/><F127/><W112/><G122/><T40/><D53/><U131/><E131/><V14/><F1/><W79/><G100/><N who="0" m="62479" /><D40/><U28/><E28/><V94/><F30/><W119/><G119/><T72/><D98/><U42/><E42/><V135/><F135/><RYUUKYOKU ba="1,0" sc="430,15,190,-15,190,-15,190,15" hai0="21,25,29,48,49,72,77,82,88,99" hai3="23,27,31,74,79,83,84,89,95,110,111,112,113" /><INIT seed="0,2,0,2,5,60" ten="445,175,175,205" oya="0" hai0="2,104,46,24,122,26,38,20,33,67,48,42,71" hai1="31,17,5,85,68,121,36,112,90,63,134,51,23" hai2="135,88,27,132,52,82,114,39,84,107,75,109,91" hai3="32,70,66,83,34,45,126,123,35,18,102,99,14"/><T120/><D2/><U118/><E36/><V119/><F39/><W6/><G6/><T77/><D104/><U124/><E118/><V8/><F114/><W58/><G70/><T79/><D33/><U1/><E121/><V59/><F27/><W98/><G123/><T103/><D103/><U4/><E134/><N who="2" m="51243" /><F109/><W92/><G126/><T74/><D26/><U106/><E106/><V105/><F8/><W9/><G45/><T44/><D74/><U93/><E124/><V125/><F125/><W72/><G83/><T116/><D116/><U29/><E112/><V97/><F75/><W69/><G72/><T113/><D113/><U10/><E5/><V80/><F119/><W94/><G69/><T62/><D122/><U100/><E100/><V41/><F41/><W11/><G11/><T40/><REACH who="0" step="1"/><D120/><REACH who="0" ten="435,175,175,205" step="2"/><U133/><E133/><V30/><F30/><AGARI ba="2,1" hai="20,24,30,38,40,42,44,46,48,62,67,71,77,79" machi="30" ten="30,11600,0" yaku="1,1,2,1,7,1,52,1,53,0" doraHai="60" doraHaiUra="55" who="0" fromWho="2" sc="435,132,175,0,175,-122,205,0" /><INIT seed="0,3,0,4,0,120" ten="567,175,53,205" oya="0" hai0="86,122,100,129,95,63,134,92,74,127,24,114,47" hai1="3,27,103,38,2,117,131,70,85,48,30,83,133" hai2="105,94,79,77,37,25,66,64,55,58,50,26,51" hai3="18,14,22,90,99,39,108,33,8,112,87,132,118"/><T107/><D74/><U68/><E117/><V20/><F37/><W80/><G33/><T35/><D122/><U76/><E38/><V101/><F105/><W102/><G39/><T106/><D114/><U62/><E133/><V60/><F26/><W28/><G132/><T124/><D134/><U4/><E131/><V110/><F64/><W75/><G75/><T34/><D24/><U119/><E119/><V67/><F67/><W31/><G118/><T115/><D115/><U135/><E135/><V17/><F51/><W93/><G112/><T98/><D129/><U78/><E103/><V89/><F101/><W52/><G22/><T84/><D63/><U0/><E4/><V13/><F25/><W121/><G121/><T42/><D42/><U21/><E76/><V91/><F110/><W23/><G23/><T59/><D47/><U54/><REACH who="1" step="1"/><E62/><REACH who="1" ten="567,165,53,205" step="2"/><V130/><F130/><W56/><G108/><T128/><D100/><U61/><E61/><AGARI ba="3,1" hai="8,14,18,28,31,52,56,61,80,87,90,93,99,102" machi="61" ten="30,3900,0" yaku="7,1,8,1,54,1" doraHai="120" who="3" fromWho="1" sc="567,0,165,-48,53,0,205,58" /><INIT seed="1,0,0,2,4,80" ten="567,117,53,263" oya="1" hai0="67,113,26,5,101,6,114,22,107,16,37,42,86" hai1="12,104,32,38,40,105,56,39,19,112,73,120,11" hai2="66,62,81,57,68,70,8,76,29,41,90,109,124" hai3="116,34,49,89,7,102,83,106,82,131,43,77,84"/><U96/><E73/><V20/><F124/><W61/><G34/><T119/><D119/><U122/><E32/><V121/><F121/><W27/><G116/><T10/><D67/><U60/><E112/><V33/><F33/><W71/><G131/><T117/><D117/><U53/><E122/><V125/><F125/><W130/><G130/><T78/><D101/><U91/><E120/><V30/><F109/><W74/><G27/><T9/><D107/><U69/><E69/><V58/><F90/><W45/><G7/><T133/><D133/><U92/><REACH who="1" step="1"/><E40/><REACH who="1" ten="567,107,53,263" step="2"/><V54/><F41/><W36/><G71/><T95/><D42/><U18/><E18/><V123/><F68/><W72/><G72/><T46/><D114/><U134/><E134/><V135/><F70/><W127/><G74/><T128/><D113/><U4/><E4/><V28/><F135/><W87/><G127/><T129/><D129/><U94/><E94/><V13/><F123/><W108/><G108/><T48/><D128/><U47/><E47/><V15/><F58/><W23/><G106/><AGARI ba="0,1" hai="11,12,19,38,39,53,56,60,91,92,96,104,105,106" machi="106" ten="40,2000,0" yaku="1,1,53,0" doraHai="80" doraHaiUra="111" who="1" fromWho="3" sc="567,0,107,30,53,0,263,-20" /><INIT seed="1,1,0,4,3,133" ten="567,137,53,243" oya="1" hai0="53,89,120,42,83,110,21,56,1,29,26,55,123" hai1="36,40,24,91,45,17,124,38,127,74,19,113,117" hai2="67,76,20,114,72,79,103,15,31,96,69,106,116" hai3="94,66,108,131,128,101,107,3,32,54,25,49,63"/><U82/><E117/><V11/><F116/><W6/><G6/><T27/><D1/><U14/><E113/><V4/><F114/><W111/><G3/><T43/><D110/><N who="3" m="42025" /><G94/><T90/><D83/><U5/><E5/><V77/><F69/><N who="3" m="42207" /><G25/><T104/><D104/><U87/><E74/><V95/><F67/><W34/><G101/><T122/><D27/><U16/><E38/><V75/><F31/><W59/><G107/><T46/><D55/><U48/><E48/><V102/><F20/><W35/><AGARI ba="1,0" hai="32,34,35,49,54,59,128,131" m="42207,42025" machi="35" ten="40,1500,0" yaku="14,1" doraHai="133" who="3" fromWho="3" sc="567,-5,137,-8,53,-5,243,18" /><INIT seed="2,0,0,3,2,30" ten="562,129,48,261" oya="2" hai0="116,41,90,110,122,6,67,57,68,61,16,4,42" hai1="37,94,95,78,111,63,124,88,35,22,0,13,55" hai2="85,33,64,25,99,77,120,82,58,92,18,129,103" hai3="19,81,105,53,107,11,62,73,131,21,112,17,34"/><V46/><F129/><W51/><G34/><T5/><D122/><U89/><E37/><V48/><F120/><W28/><G28/><T32/><D110/><U20/><E111/><V50/><F33/><W135/><G62/><T10/><D32/><U47/><E0/><V52/><F64/><W74/><G74/><T79/><D68/><U98/><E98/><V121/><F121/><W109/><G109/><T14/><D116/><U101/><E124/><V80/><F80/><W54/><G11/><T43/><REACH who="0" step="1"/><D90/><REACH who="0" ten="552,129,48,261" step="2"/><U39/><E101/><V9/><F25/><W56/><G131/><T27/><D27/><U86/><E89/><V76/><F76/><AGARI ba="0,1" hai="4,5,6,10,14,16,41,42,43,57,61,67,76,79" machi="76" ten="40,5200,0" yaku="1,1,8,1,54,1,53,0" doraHai="30" doraHaiUra="23" who="0" fromWho="2" sc="552,62,129,0,48,-52,261,0" owari="614,71.0,129,-27.0,-4,-50.0,261,6.0" /></mjloggm>