<mjloggm ver="2.3"><GO type="97" lobby="0"/><UN n0="%69%7A%61%79%6F%69" n1="%E3%82%A6%E3%83%AB%E3%83%88%E3%83%A9%E7%AB%8B%E7%9B%B4" n2="%E8%B5%A4%E3%81%84%E6%B0%B4%E6%80%A7%E3%81%AE%E8%A5%BF" n3="%4D%72%EF%BC%8E%E2%85%A9" dan="14,15,15,15" rate="1933.63,1949.75,1978.50,1975.51" sx="M,M,M,M"/><TAIKYOKU oya="0"/><INIT seed="0,0,0,0,3,6" ten="250,250,250,250" oya="0" hai0="41,33,85,104,114,90,1,50,27,72,135,15,32" hai1="23,78,70,63,65,49,18,79,62,11,99,106,29" hai2="127,56,69,112,92,16,61,34,28,121,58,75,73" hai3="3,77,13,37,71,108,0,45,109,44,88,9,52"/><T38/><D104/><U103/><E49/><V134/><F121/><W86/><G71/><T130/><D72/><U51/><E51/><V119/><F112/><W8/><G13/><T120/><D38/><U26/><E63/><V83/><F119/><W98/><G37/><T64/><D1/><U124/><E124/><V67/><F127/><W95/><G77/><T94/><D114/><U30/><E30/><V126/><F126/><W131/><G131/><T17/><D120/><U84/><E84/><V81/><F134/><W118/><G118/><T117/><D135/><U40/><E40/><V93/><F34/><W113/><G113/><T129/><D117/><U47/><E47/><N who="3" m="17994" /><G52/><T55/><D129/><U4/><REACH who="1" step="1"/><E18/><REACH who="1" ten="250,240,250,250" step="2"/><V89/><F28/><W115/><G86/><T59/><D130/><U46/><E46/><V101/><F16/><W24/><G115/><T5/><D41/><U53/><E53/><V125/><F61/><W116/><G116/><T132/><D132/><U96/><E96/><V48/><F125/><W111/><G24/><T87/><D64/><U100/><E100/><V80/><F101/><W39/><G39/><T14/><D85/><U122/><E122/><V82/><F67/><W36/><G36/><T54/><D55/><U123/><E123/><V21/><F69/><W74/><G74/><N who="2" m="28169" /><F48/><W57/><G57/><T97/><D97/><U91/><E91/><V20/><F89/><W7/><G7/><T102/><D102/><U42/><E42/><V76/><N who="2" m="20992" /><DORA hai="19" /><V35/><F76/><W110/><N who="3" m="28160" /><DORA hai="60" /><W66/><G66/><T128/><D5/><RYUUKYOKU ba="0,1" sc="250,-15,240,15,250,-15,250,15" hai1="4,11,23,26,29,62,65,70,78,79,99,103,106" hai3="0,3,8,9,88,95,98" /><INIT seed="1,1,1,3,1,59" ten="235,255,235,265" oya="1" hai0="41,67,46,49,40,107,42,110,117,112,43,34,92" hai1="64,11,69,65,103,7,101,18,77,31,94,106,71" hai2="120,62,30,17,108,44,25,89,15,99,90,36,87" hai3="80,9,132,73,98,126,74,47,130,72,118,19,26"/><U54/><E106/><V134/><F120/><W0/><G126/><T86/><D107/><U37/><E37/><V133/><F134/><W27/><G132/><T127/><D127/><U88/><E77/><V109/><F133/><W83/><G130/><T58/><D34/><U114/><E31/><V1/><F36/><W14/><G0/><T75/><D75/><U116/><E116/><V113/><F44/><W24/><G98/><T60/><D92/><U16/><E69/><V8/><F1/><W121/><G121/><T102/><D86/><N who="1" m="52503" /><E71/><V91/><F99/><W131/><G131/><T6/><D102/><N who="1" m="38923" /><E54/><V97/><F97/><W32/><G32/><T105/><D6/><U85/><E85/><V4/><F113/><W122/><G122/><T135/><D105/><U50/><E50/><V21/><F62/><W70/><G70/><N who="0" m="42343" /><D135/><U22/><E114/><V104/><F104/><W5/><G118/><T63/><D112/><U115/><E115/><V123/><F123/><W66/><G66/><N who="1" m="25706" /><E22/><V128/><F128/><W2/><REACH who="3" step="1"/><G47/><REACH who="3" ten="235,255,235,255" step="2"/><N who="0" m="25831" /><D117/><U57/><E57/><V48/><F48/><W33/><G33/><T125/><D125/><U82/><E82/><V78/><F78/><W28/><G28/><T51/><D110/><N who="2" m="42602" /><F87/><W111/><G111/><T119/><D119/><U100/><E100/><V39/><F39/><W84/><G84/><T81/><D81/><U124/><E124/><V38/><F38/><W93/><G93/><T61/><D58/><U55/><E55/><AGARI ba="1,2" hai="41,42,43,46,51,55,61,63" m="25831,42343" machi="55" ten="30,16000,3" yaku="35,5,52,3" doraHai="59" who="0" fromWho="1" sc="235,183,255,-163,235,0,255,0" /><INIT seed="2,0,0,2,3,99" ten="418,92,235,255" oya="2" hai0="131,30,128,32,79,19,72,69,65,15,44,1,20" hai1="83,125,21,98,122,114,108,94,34,17,82,6,93" hai2="35,113,116,23,91,104,127,53,64,101,129,28,75" hai3="66,47,63,22,89,7,133,100,59,58,5,26,92"/><V8/><F104/><W95/><G133/><T126/><D44/><U61/><E34/><V81/><F116/><W42/><G59/><T70/><D72/><U54/><E122/><V97/><F113/><W37/><G100/><T117/><D79/><U41/><E114/><V50/><F35/><W33/><G33/><T13/><D117/><U110/><E41/><V24/><F129/><N who="0" m="49738" /><D65/><U11/><E125/><V0/><F127/><W56/><G95/><T48/><D48/><U55/><E11/><V123/><F64/><W4/><G58/><T31/><D126/><U68/><E98/><V124/><F123/><W45/><G45/><T134/><D134/><U105/><E21/><V96/><F124/><W118/><G118/><T10/><D1/><U84/><E84/><V39/><F39/><W90/><G92/><T121/><D121/><U60/><E6/><V106/><F0/><W12/><G37/><T38/><D38/><U46/><E46/><V111/><F111/><W36/><G47/><T16/><D32/><U135/><E135/><V49/><F8/><N who="3" m="4103" /><G42/><T3/><D3/><U132/><E132/><V107/><F75/><W115/><G36/><T86/><D86/><U85/><E85/><V120/><F120/><W51/><G115/><T78/><D78/><U73/><E73/><V87/><F53/><W119/><G51/><T71/><AGARI ba="0,0" hai="10,13,15,16,19,20,30,31,69,70,71" m="49738" machi="71" ten="40,2700,0" yaku="19,1,54,1" doraHai="99" who="0" fromWho="0" sc="418,27,92,-7,235,-13,255,-7" /><INIT seed="3,0,0,1,5,121" ten="445,85,222,248" oya="3" hai0="87,77,78,20,83,132,89,129,88,79,13,98,114" hai1="62,49,130,91,64,2,107,99,11,92,112,128,117" hai2="106,5,7,94,85,35,23,69,134,10,9,43,116" hai3="27,131,74,103,111,123,133,102,126,29,21,63,104"/><W22/><G123/><T16/><D132/><U61/><E11/><V101/><F35/><W55/><G74/><T40/><D129/><U24/><E2/><V100/><F69/><W19/><G131/><T86/><D114/><U60/><E128/><V54/><F106/><W90/><G133/><T66/><D66/><U70/><E130/><V118/><F134/><W72/><G72/><T26/><D40/><U44/><E112/><V1/><F43/><W127/><G104/><T47/><D47/><U93/><E107/><V53/><F23/><W8/><G8/><N who="2" m="3177" /><F1/><W135/><G135/><T51/><D51/><U31/><E117/><N who="2" m="45163" /><F94/><W105/><G105/><T84/><D26/><U68/><E68/><V109/><F85/><W71/><G90/><T32/><D32/><U58/><E70/><V34/><F34/><W73/><G73/><T30/><D30/><U6/><E6/><N who="2" m="2059" /><F109/><W14/><G111/><T67/><D67/><U41/><REACH who="1" step="1"/><E93/><AGARI ba="0,0" hai="13,16,20,77,78,79,83,84,86,87,88,89,93,98" machi="93" ten="40,5200,0" yaku="8,1,54,2" doraHai="121" who="0" fromWho="1" sc="445,52,85,-52,222,0,248,0" owari="497,60.0,33,-47.0,222,-18.0,248,5.0" /></mjloggm>