<mjloggm ver="2.3"><GO type="97" lobby="0"/><UN n0="%E3%82%A6%E3%83%AB%E3%83%88%E3%83%A9%E7%AB%8B%E7%9B%B4" n1="%E3%81%9F%E3%81%84%E3%82%89%E3%81%9F%E3%81%84%E3%81%AF%E3%82%93" n2="%70%6F%6E%74%61%6D%6F" n3="%E3%82%B6%E3%82%AC%E3%83%AD" dan="15,15,13,15" rate="1980.61,1979.00,1840.55,1997.82" sx="M,M,M,M"/><TAIKYOKU oya="0"/><INIT seed="0,0,0,3,0,72" ten="250,250,250,250" oya="0" hai0="15,133,33,114,103,129,87,24,17,86,85,123,8" hai1="93,58,1,30,32,126,113,83,96,122,62,56,99" hai2="29,132,121,118,106,95,3,61,70,91,78,4,98" hai3="5,46,55,14,119,2,69,50,53,40,48,131,89"/><T64/><D123/><U101/><E1/><V9/><F132/><W74/><G2/><T75/><D114/><U79/><E122/><V76/><F106/><W71/><G74/><T104/><D133/><U66/><E126/><V43/><F121/><W127/><G89/><T65/><D75/><U102/><E113/><V60/><F118/><W100/><G100/><T26/><D129/><U18/><E32/><V25/><F43/><W31/><G31/><T94/><D104/><U134/><E134/><V108/><F108/><W0/><G0/><T128/><D128/><U117/><E117/><V111/><F111/><W41/><G14/><T16/><D33/><U90/><E30/><V12/><F3/><W59/><G5/><T63/><D17/><U36/><E36/><V22/><REACH who="2" step="1"/><F70/><REACH who="2" ten="250,250,240,250" step="2"/><W20/><G119/><T23/><D8/><U11/><E58/><V88/><F88/><W34/><G131/><T37/><D37/><U67/><E67/><V105/><F105/><W84/><G41/><T110/><D110/><U73/><E99/><V28/><F28/><W35/><G40/><T68/><REACH who="0" step="1"/><D65/><REACH who="0" ten="240,250,240,250" step="2"/><U51/><E51/><V81/><F81/><W92/><G50/><T107/><D107/><U82/><E82/><V49/><F49/><W7/><G48/><T21/><D21/><U116/><E116/><V115/><F115/><W109/><G20/><T112/><D112/><U42/><E42/><V120/><F120/><W39/><G34/><T19/><D19/><U45/><E45/><V135/><F135/><W38/><G35/><T52/><D52/><N who="3" m="20041" /><G46/><T6/><D6/><RYUUKYOKU ba="0,2" sc="240,10,250,10,240,10,250,-30" hai0="15,16,23,24,26,63,64,68,85,86,87,94,103" hai1="11,18,56,62,66,73,79,83,90,93,96,101,102" hai2="4,9,12,22,25,29,60,61,76,78,91,95,98" /><INIT seed="0,1,2,5,1,52" ten="250,260,250,220" oya="0" hai0="97,9,73,129,109,10,86,124,53,15,95,103,21" hai1="60,93,18,75,134,28,63,78,55,98,65,56,80" hai2="132,102,32,41,54,110,89,82,105,42,3,79,67" hai3="26,100,71,74,70,61,19,96,29,90,7,46,91"/><T44/><D73/><U58/><E134/><V13/><F110/><W106/><G74/><T22/><D109/><U77/><E28/><V118/><F89/><W11/><G19/><T38/><D124/><U0/><E0/><V31/><F3/><N who="3" m="511" /><G46/><T17/><D129/><U130/><E130/><V84/><F13/><W47/><G47/><T115/><D115/><U36/><E36/><V23/><F32/><N who="3" m="20535" /><G70/><T99/><D10/><U35/><E35/><V49/><F67/><AGARI ba="1,2" hai="61,67,71,90,91,96,100,106" m="20535,511" machi="67" ten="30,1000,0" yaku="25,1" doraHai="52" who="3" fromWho="2" sc="250,0,260,0,250,-13,220,33" /><INIT seed="1,0,0,0,0,13" ten="250,260,237,253" oya="1" hai0="36,45,31,30,80,101,51,69,125,73,59,55,79" hai1="14,89,48,37,97,83,91,39,15,130,17,84,5" hai2="88,21,8,134,113,68,27,126,105,47,122,49,28" hai3="112,19,118,32,119,57,74,121,12,20,129,54,67"/><U71/><E71/><V46/><F122/><W123/><G112/><T9/><D125/><U38/><E130/><V77/><F134/><W29/><G74/><T102/><D69/><U111/><E111/><V114/><F126/><W52/><G67/><T56/><D31/><U18/><E5/><V98/><F68/><W95/><G129/><T1/><D30/><U124/><E124/><V90/><F8/><W63/><G54/><T82/><D82/><U35/><E35/><V44/><F77/><W86/><G29/><T85/><D85/><U6/><E6/><V75/><F75/><W120/><REACH who="3" step="1"/><G32/><REACH who="3" ten="250,260,237,243" step="2"/><T115/><D115/><N who="2" m="44042" /><F49/><W64/><G64/><T107/><D51/><U92/><E48/><V61/><F61/><W0/><G0/><T50/><D50/><U72/><E72/><V40/><F40/><W22/><G22/><T100/><D55/><U110/><E110/><V11/><F11/><W58/><G58/><T135/><D59/><U7/><E7/><V117/><F117/><W131/><G131/><T3/><D56/><U70/><E70/><V2/><F2/><W62/><G62/><T76/><D1/><U104/><E104/><V43/><F43/><W23/><G23/><T16/><D107/><U108/><REACH who="1" step="1"/><E108/><REACH who="1" ten="250,250,237,243" step="2"/><V87/><F105/><W99/><G99/><T106/><D106/><U60/><E60/><V133/><F133/><W128/><G128/><T127/><D73/><U93/><E93/><N who="2" m="54431" /><F47/><W66/><G66/><T78/><D45/><U116/><E116/><V53/><F53/><W132/><G132/><T26/><D135/><U103/><E103/><RYUUKYOKU ba="0,2" sc="250,-30,250,10,237,10,243,10" hai1="14,15,17,18,37,38,39,83,84,89,91,92,97" hai2="21,27,28,44,46,90,98" hai3="12,19,20,52,57,63,86,95,118,119,120,121,123" /><INIT seed="1,1,2,4,4,103" ten="220,260,247,253" oya="1" hai0="124,134,34,52,18,38,47,32,30,101,54,21,80" hai1="135,74,20,102,133,131,60,40,97,120,65,114,91" hai2="43,58,19,88,81,94,10,126,35,71,27,0,107" hai3="112,83,16,57,68,62,76,110,13,36,42,130,77"/><U125/><E74/><V108/><F108/><W129/><G112/><T64/><D30/><U109/><E114/><V28/><F71/><W7/><G68/><T90/><D101/><U72/><E72/><V100/><F126/><W44/><G7/><T128/><D64/><U104/><E120/><V70/><F70/><W118/><G110/><T95/><D80/><U33/><E33/><V53/><F43/><W26/><G26/><T5/><D5/><U41/><E125/><V63/><F81/><W67/><G118/><T24/><D124/><U48/><E109/><V50/><F50/><W105/><G105/><T66/><D66/><U119/><E119/><V121/><F121/><W117/><G117/><T11/><D11/><U79/><E79/><V123/><F123/><W12/><G12/><T122/><D122/><U82/><E131/><N who="3" m="50186" /><G83/><T46/><D128/><U113/><E113/><V96/><F0/><W75/><G75/><T92/><D34/><U84/><E20/><AGARI ba="1,2" hai="13,16,20,36,42,44,57,62,67,76,77" m="50186" machi="20" ten="30,2000,0" yaku="19,1,54,1" doraHai="103" who="3" fromWho="1" sc="220,0,260,-23,247,0,253,43" /><INIT seed="2,0,0,0,4,41" ten="220,237,247,296" oya="2" hai0="72,81,113,7,67,102,77,91,93,63,19,8,57" hai1="46,124,96,2,61,120,105,109,134,29,54,106,23" hai2="12,115,121,55,125,100,123,59,116,75,58,119,44" hai3="86,9,68,69,127,94,10,32,114,51,62,107,83"/><V56/><F75/><W118/><G107/><T1/><D113/><U70/><E120/><N who="2" m="46155" /><F100/><W37/><G118/><N who="2" m="45097" /><F12/><W126/><G114/><T6/><D102/><U89/><E134/><V65/><F115/><W71/><G37/><T22/><D7/><U60/><E124/><V13/><F13/><W131/><G32/><T5/><D5/><U129/><E109/><V130/><F130/><W104/><G131/><T99/><D22/><U43/><E129/><V3/><F3/><W40/><G127/><T31/><REACH who="0" step="1"/><D19/><REACH who="0" ten="210,237,247,296" step="2"/><U26/><E2/><V14/><F125/><W20/><G126/><T101/><D101/><U117/><E117/><V49/><F14/><W74/><G20/><T110/><D110/><U27/><E106/><V47/><F65/><W98/><G104/><T35/><D35/><U42/><E27/><V92/><F92/><W50/><G94/><T28/><AGARI ba="0,1" hai="1,6,8,28,31,57,63,67,72,77,81,91,93,99" machi="28" ten="30,2000,0" yaku="1,1,0,1,53,0" doraHai="41" doraHaiUra="82" who="0" fromWho="0" sc="210,30,237,-5,247,-10,296,-5" /><INIT seed="3,0,0,3,4,77" ten="240,232,237,291" oya="3" hai0="11,134,23,80,18,76,26,73,109,116,58,9,127" hai1="108,21,81,99,44,40,64,91,32,72,43,15,30" hai2="113,12,35,52,16,31,17,20,101,14,95,70,130" hai3="84,45,13,66,83,71,47,46,49,5,28,33,133"/><W112/><G112/><T10/><D116/><U62/><E108/><V100/><F113/><W111/><G111/><T0/><D109/><U68/><E32/><V39/><F39/><W24/><G133/><T53/><D134/><U94/><E44/><V123/><F70/><W74/><G74/><T61/><REACH who="0" step="1"/><D127/><REACH who="0" ten="230,232,237,291" step="2"/><U118/><E118/><V129/><F123/><W87/><G71/><T67/><D67/><U124/><E124/><V105/><F130/><W128/><G66/><T34/><D34/><U42/><E72/><V117/><F129/><W48/><G128/><T25/><D25/><U60/><E64/><V88/><F117/><W103/><G33/><T22/><D22/><U89/><E68/><V54/><F35/><W38/><G24/><T110/><D110/><U7/><E30/><V90/><F31/><W121/><G28/><T93/><D93/><U106/><E106/><V115/><F115/><W75/><G75/><T98/><D98/><U37/><E37/><V102/><F105/><W36/><G36/><T92/><D92/><U132/><E132/><V125/><F125/><W59/><G38/><T6/><AGARI ba="0,1" hai="0,6,9,10,11,18,23,26,53,58,61,73,76,80" machi="6" ten="30,4000,0" yaku="1,1,0,1,52,1,53,0" doraHai="77" doraHaiUra="65" who="0" fromWho="0" sc="230,50,232,-10,237,-10,291,-20" /><INIT seed="4,0,0,0,3,70" ten="280,222,227,271" oya="0" hai0="3,46,21,106,98,45,84,134,40,115,50,53,23" hai1="75,20,130,1,133,25,103,43,111,17,69,13,128" hai2="116,97,28,22,91,2,125,131,7,44,114,51,96" hai3="109,55,119,76,10,129,9,15,90,65,83,86,123"/><T27/><D3/><U104/><E75/><V36/><F125/><W68/><G109/><T60/><D115/><U78/><E69/><V132/><F114/><W105/><G119/><T108/><D108/><U122/><E78/><V38/><F116/><W41/><G105/><T99/><D134/><U101/><E111/><V29/><F131/><N who="1" m="50217" /><E122/><V19/><F132/><W124/><G129/><T79/><D106/><U52/><E133/><V94/><F2/><W135/><G135/><T8/><D8/><N who="1" m="6311" /><E1/><V71/><F7/><W18/><G124/><T11/><D11/><U89/><E43/><V58/><F71/><W42/><G68/><T56/><D46/><U31/><E104/><V34/><F58/><W49/><G123/><T30/><D23/><U32/><E32/><V59/><F59/><N who="3" m="33263" /><G65/><T82/><AGARI ba="0,0" hai="21,27,30,40,45,50,53,56,60,79,82,84,98,99" machi="82" ten="30,3000,0" yaku="0,1,8,1" doraHai="70" who="0" fromWho="0" sc="280,30,222,-10,227,-10,271,-10" owari="310,41.0,212,-29.0,217,-18.0,261,6.0" /></mjloggm>