<mjloggm ver="2.3"><GO type="41" lobby="0"/><UN n0="%E8%B5%A4%E4%B8%BB%E7%A7%8B%E8%91%89" n1="%E3%82%A6%E3%83%AB%E3%83%88%E3%83%A9%E7%AB%8B%E7%9B%B4" n2="%75%73%61%6E%65%63%6F" n3="%70%65%61%74%65%72" dan="13,16,14,14" rate="1950.44,2051.14,1926.88,1907.85" sx="F,M,M,M"/><TAIKYOKU oya="0"/><INIT seed="0,0,0,5,5,31" ten="250,250,250,250" oya="0" hai0="13,84,116,30,115,127,7,21,77,67,6,122,46" hai1="133,111,24,52,124,128,70,32,83,39,16,74,55" hai2="2,43,105,120,71,72,14,64,73,22,57,23,125" hai3="48,35,50,92,82,38,36,104,8,66,26,91,12"/><T54/><D122/><U69/><E39/><V41/><F2/><W56/><G104/><T25/><D116/><U110/><E83/><V28/><F105/><W49/><G82/><T59/><D115/><U17/><E74/><V0/><F0/><W10/><G10/><T75/><D75/><U90/><E90/><V65/><F71/><W53/><G66/><T37/><D127/><U34/><E24/><V96/><F120/><W114/><G114/><T3/><D3/><U107/><E107/><V29/><F57/><W98/><G38/><T5/><D67/><U58/><E58/><V126/><F14/><W11/><G36/><T15/><D37/><U4/><E4/><V106/><F106/><W85/><G98/><AGARI ba="0,0" hai="22,23,28,29,41,43,64,65,72,73,96,98,125,126" machi="98" ten="25,1600,0" yaku="22,2" doraHai="31" who="2" fromWho="3" sc="250,0,250,0,250,16,250,-16" /><INIT seed="1,0,0,5,3,126" ten="250,250,266,234" oya="1" hai0="74,80,110,50,122,103,72,53,112,24,12,75,9" hai1="107,16,42,58,18,2,71,40,93,69,47,3,57" hai2="20,6,27,100,90,97,59,88,22,131,91,15,115" hai3="64,0,117,87,63,128,23,102,33,46,101,11,114"/><U21/><E93/><V99/><F115/><W106/><G128/><T51/><D112/><U67/><E67/><V62/><F131/><W94/><G114/><T30/><D110/><U41/><E21/><V66/><F97/><W14/><G117/><T104/><D122/><U19/><E47/><V133/><F133/><W61/><G33/><T38/><D38/><U109/><E107/><V35/><F35/><W29/><G106/><T129/><D129/><U124/><E124/><V7/><F15/><W36/><G0/><T13/><D103/><U17/><N who="1" m="4608" /><DORA hai="52" /><U5/><E5/><V25/><F22/><W134/><G134/><T81/><D104/><U125/><E125/><V4/><REACH who="2" step="1"/><F20/><REACH who="2" ten="250,250,256,234" step="2"/><W105/><G23/><T54/><D9/><U48/><E109/><V119/><F119/><W95/><G14/><T132/><D12/><U96/><E96/><V34/><F34/><W121/><G11/><T123/><D13/><U111/><E111/><V10/><F10/><W116/><G116/><T70/><D132/><U60/><E2/><V83/><F83/><W86/><G121/><T78/><D123/><U26/><E3/><V84/><F84/><W56/><G87/><T77/><D72/><U49/><E26/><V8/><F8/><W1/><G86/><T79/><D75/><U43/><N who="1" m="10752" /><DORA hai="68" /><U85/><E85/><V65/><F65/><W127/><G1/><T92/><D74/><U37/><E37/><V45/><F45/><W55/><G127/><T89/><D80/><U32/><E32/><V73/><F73/><W98/><G46/><T28/><D81/><RYUUKYOKU ba="0,1" sc="250,-10,250,-10,256,30,234,-10" hai2="4,6,7,25,27,59,62,66,88,90,91,99,100" /><INIT seed="2,1,1,5,1,86" ten="240,240,286,224" oya="2" hai0="20,21,117,58,54,94,118,123,27,19,134,107,41" hai1="111,64,101,52,17,48,14,72,102,49,7,16,22" hai2="106,121,96,5,116,33,84,90,129,130,76,68,126" hai3="109,67,11,74,132,62,73,35,128,113,70,131,40"/><V3/><F68/><W122/><G122/><T83/><D107/><U37/><E37/><V23/><F33/><W78/><G109/><T4/><D123/><U60/><E72/><V25/><F121/><W32/><G113/><T18/><D134/><U100/><E111/><V81/><F116/><N who="0" m="44650" /><D4/><U99/><E7/><V135/><F135/><W91/><G132/><T97/><D41/><U82/><E82/><V53/><F126/><W120/><G120/><T2/><D83/><U93/><E17/><N who="0" m="6153" /><D2/><U115/><E115/><V34/><F34/><N who="3" m="12843" /><G40/><T57/><D27/><U42/><E42/><V124/><F124/><W31/><G31/><T75/><D75/><N who="3" m="28681" /><G78/><T0/><D0/><U45/><E49/><V88/><F53/><W30/><G30/><T69/><D69/><AGARI ba="1,1" hai="14,16,22,45,48,52,60,64,69,93,99,100,101,102" machi="69" ten="30,3900,0" yaku="7,1,54,2" doraHai="86" who="1" fromWho="0" sc="240,-42,240,52,286,0,224,0" /><INIT seed="3,0,0,2,1,117" ten="198,292,286,224" oya="3" hai0="135,76,49,27,111,81,6,38,63,51,75,130,86" hai1="98,108,82,132,84,85,57,1,20,96,133,43,2" hai2="40,41,121,5,104,101,105,50,19,79,97,3,120" hai3="62,23,17,22,103,112,116,87,37,93,30,52,78"/><W94/><G112/><T119/><D119/><U128/><E43/><V113/><F113/><W109/><G37/><T123/><D38/><U114/><E114/><V115/><F115/><W34/><G34/><T88/><D111/><U89/><E57/><V68/><F68/><W125/><G116/><T90/><D130/><U77/><E20/><V92/><F79/><W9/><G109/><T61/><D123/><N who="2" m="47178" /><F19/><W29/><G125/><T46/><D135/><U71/><E71/><V70/><F70/><W0/><G0/><T13/><D27/><U28/><E28/><N who="3" m="10858" /><G9/><N who="0" m="4279" /><D75/><U95/><E108/><V100/><F100/><W4/><G4/><T16/><D16/><U83/><E128/><V48/><F5/><W11/><G103/><T32/><D32/><U15/><E77/><V39/><F3/><W55/><G94/><T12/><D12/><U31/><E15/><V80/><F80/><N who="3" m="47511" /><G93/><T65/><D51/><N who="2" m="19498" /><F39/><W72/><G72/><T33/><D33/><U107/><E2/><V56/><F56/><W44/><G44/><T118/><D118/><U58/><E1/><V18/><F18/><W106/><G106/><AGARI ba="0,0" hai="40,41,92,97,101,104,105,106" m="19498,47178" machi="106" ten="30,7700,0" yaku="13,1,52,3" doraHai="117" who="2" fromWho="3" sc="198,0,292,0,286,77,224,-77" /><INIT seed="4,0,0,2,5,91" ten="198,292,363,147" oya="0" hai0="13,83,14,85,90,78,84,87,37,108,80,61,79" hai1="19,95,27,69,124,96,68,11,64,46,10,134,49" hai2="121,120,74,18,59,114,0,116,29,133,126,23,132" hai3="32,43,115,3,112,17,33,4,111,101,63,50,81"/><T122/><D122/><N who="2" m="47210" /><F74/><W100/><G111/><T119/><D119/><U123/><E123/><V58/><F58/><W86/><G4/><T1/><D1/><U30/><E124/><V73/><F59/><W38/><G3/><T35/><D35/><U89/><E134/><N who="2" m="51819" /><F73/><W127/><G38/><T9/><D108/><U99/><E99/><V25/><F126/><W42/><G127/><T110/><D110/><U39/><E39/><V6/><F116/><W44/><G43/><T47/><D61/><U130/><E130/><V71/><F71/><W28/><G33/><T26/><D26/><U92/><E68/><V135/><F135/><W31/><G28/><T128/><D128/><U22/><E64/><V15/><F114/><W54/><G31/><T34/><D34/><U67/><E30/><V21/><F0/><W98/><G32/><T57/><D57/><U65/><E65/><V16/><F6/><W55/><G100/><T8/><D47/><U77/><E77/><V5/><F23/><W131/><G63/><T66/><D66/><U125/><E125/><V52/><F52/><W76/><G55/><T53/><D53/><U102/><E67/><V88/><F88/><W97/><G54/><T45/><D45/><U107/><E69/><V56/><F56/><W94/><G98/><T41/><D41/><N who="1" m="24783" /><E107/><V105/><F105/><W7/><G131/><T48/><D37/><U70/><E70/><V2/><F2/><W129/><G129/><T104/><D48/><U62/><E62/><V117/><F117/><W20/><G7/><T106/><D104/><U118/><E118/><RYUUKYOKU ba="0,0" sc="198,-30,292,10,363,10,147,10" hai1="10,11,19,22,27,89,92,95,96,102" hai2="5,15,16,18,21,25,29" hai3="17,20,42,44,50,76,81,86,94,97,101,112,115" /><INIT seed="5,1,0,0,5,125" ten="168,302,373,157" oya="1" hai0="17,7,107,124,19,101,132,15,10,121,110,51,87" hai1="6,133,41,9,21,108,116,56,127,48,64,115,3" hai2="40,109,25,105,16,29,32,92,112,74,5,37,126" hai3="33,120,67,57,111,66,11,95,79,61,8,59,118"/><U98/><E116/><V102/><F74/><W45/><G33/><T93/><D124/><U43/><E127/><V114/><F105/><W26/><G111/><T18/><D110/><U38/><E108/><V97/><F109/><W35/><G118/><T71/><D71/><U55/><E133/><V58/><F5/><W83/><G120/><T13/><D132/><U82/><E115/><N who="2" m="44075" /><F126/><W104/><G104/><T90/><D121/><U12/><E38/><V122/><F122/><W81/><G45/><T24/><D24/><U28/><E64/><V131/><F58/><W106/><G106/><T96/><REACH who="0" step="1"/><D51/><REACH who="0" ten="158,302,373,157" step="2"/><U44/><E48/><V30/><F37/><W123/><G123/><T134/><D134/><U23/><E28/><V84/><F30/><W129/><G26/><T80/><D80/><U103/><E82/><V113/><F113/><W77/><G81/><T62/><D62/><U88/><E3/><AGARI ba="1,1" hai="3,7,10,13,15,17,18,19,87,90,93,96,101,107" machi="3" ten="40,1300,0" yaku="1,1,53,0" doraHai="125" doraHaiUra="52" who="0" fromWho="1" sc="158,26,302,-16,373,0,157,0" /><INIT seed="6,0,0,5,5,32" ten="184,286,373,157" oya="2" hai0="90,58,104,97,42,78,23,67,25,29,125,132,7" hai1="80,109,57,110,27,128,31,54,17,130,5,116,6" hai2="20,3,36,60,74,72,35,112,87,76,66,65,75" hai3="56,108,84,64,106,126,99,15,86,134,45,98,44"/><V88/><F35/><W21/><G106/><T131/><D131/><U114/><E80/><V77/><F36/><W105/><G105/><T26/><D132/><U28/><E57/><V101/><F101/><W39/><G39/><T50/><D125/><U41/><E41/><V8/><F20/><W129/><G134/><T117/><D117/><U34/><E54/><V123/><F112/><W1/><G126/><T9/><D78/><U102/><E102/><V85/><F123/><W38/><G38/><T0/><D104/><U127/><E34/><V63/><F75/><W30/><G1/><T14/><D26/><U59/><E59/><V82/><F82/><W89/><G108/><T47/><D97/><N who="3" m="36873" /><G129/><T62/><REACH who="0" step="1"/><D90/><REACH who="0" ten="174,286,373,157" step="2"/><U16/><E127/><V43/><F77/><W10/><G89/><T113/><D113/><U11/><E114/><V46/><F76/><W61/><G86/><T103/><D103/><U96/><E96/><V120/><F74/><W49/><G84/><T4/><D4/><U79/><E79/><V40/><F85/><W37/><G37/><T24/><D24/><U18/><E27/><V118/><F88/><W48/><G30/><N who="1" m="11306" /><E116/><V107/><F87/><W12/><G45/><T100/><D100/><U2/><E6/><V124/><F72/><W71/><G44/><T94/><D94/><U19/><N who="1" m="4608" /><DORA hai="55" /><U135/><E135/><V70/><F46/><W119/><G119/><T115/><D115/><U133/><E133/><V95/><F118/><W121/><G121/><T122/><D122/><U33/><E128/><V52/><F120/><W83/><G83/><RYUUKYOKU ba="0,1" sc="174,30,286,-10,373,-10,157,-10" hai0="0,7,9,14,23,25,29,42,47,50,58,62,67" /><INIT seed="7,1,1,1,2,105" ten="204,276,363,147" oya="3" hai0="88,33,27,35,17,2,131,77,94,73,1,103,4" hai1="14,50,40,108,20,18,132,123,133,104,113,82,130" hai2="13,106,79,10,99,125,26,97,65,16,111,98,110" hai3="57,120,66,70,72,25,23,134,42,71,117,38,85"/><W87/><G117/><T28/><D103/><U80/><E123/><V60/><F106/><W56/><G120/><T78/><D35/><U49/><E108/><V15/><F79/><W61/><G70/><T115/><D131/><U92/><E104/><V81/><F81/><N who="1" m="31337" /><E40/><V54/><F54/><W45/><G134/><N who="1" m="51818" /><E130/><V8/><F111/><W128/><G128/><T109/><D109/><U24/><E113/><V53/><F53/><W52/><G72/><T36/><D36/><U118/><E118/><V11/><F110/><W90/><G90/><T9/><D2/><U51/><E92/><V135/><F135/><W0/><G0/><T29/><D29/><U102/><E102/><V116/><F116/><W86/><REACH who="3" step="1"/><G52/><REACH who="3" ten="204,276,363,137" step="2"/><T12/><D73/><U75/><E75/><V7/><F65/><W121/><G121/><T89/><D115/><U41/><E41/><V107/><F107/><W114/><G114/><T32/><D89/><U124/><E124/><V74/><F74/><W5/><G5/><T19/><D17/><AGARI ba="1,2" hai="17,23,25,38,42,45,56,57,61,66,71,85,86,87" machi="17" ten="40,2000,0" yaku="1,1,53,0" doraHai="105" doraHaiUra="30" who="3" fromWho="0" sc="204,-23,276,0,363,0,137,43" /><INIT seed="7,2,0,0,1,125" ten="181,276,363,180" oya="3" hai0="65,91,28,117,61,18,101,33,110,88,77,32,93" hai1="76,14,56,53,59,54,71,6,26,60,119,98,115" hai2="58,82,118,78,12,126,11,103,42,15,121,68,81" hai3="24,27,30,39,74,72,52,47,100,124,20,95,120"/><W106/><G120/><T94/><D110/><U128/><E71/><V113/><F68/><W16/><G106/><T29/><D117/><U87/><E119/><V111/><F111/><W19/><G124/><T123/><D123/><U43/><E115/><V92/><F113/><W21/><G30/><N who="0" m="11883" /><D32/><U90/><E26/><V73/><F42/><W17/><G17/><T102/><D33/><U85/><E43/><V134/><F134/><W7/><G7/><T64/><D77/><U67/><E67/><N who="0" m="25673" /><D61/><U70/><E70/><V40/><F40/><W44/><G39/><T107/><D18/><U89/><E76/><V13/><F78/><W83/><G83/><T8/><D8/><U45/><E45/><V3/><F11/><W41/><G41/><T84/><D107/><U104/><E104/><V46/><F82/><W31/><G31/><T105/><D105/><U49/><E60/><V99/><F81/><W96/><G47/><T135/><D135/><U114/><E114/><V1/><F46/><W79/><G79/><T130/><D130/><U48/><E6/><V97/><F121/><W86/><G86/><AGARI ba="2,0" hai="84,86,88,91,93,94,101,102" m="25673,11883" machi="86" ten="30,2000,0" yaku="8,1,54,1" doraHai="125" who="0" fromWho="3" sc="181,26,276,0,363,0,180,-26" owari="207,-19.0,276,8.0,363,46.0,154,-35.0" /></mjloggm>