<mjloggm ver="2.3"><GO type="97" lobby="0"/><UN n0="%E2%98%86%E9%9A%BC%E2%98%86" n1="%E3%82%A6%E3%83%AB%E3%83%88%E3%83%A9%E7%AB%8B%E7%9B%B4" n2="%70%61%70%69%6F%30%35" n3="%6E%61%7A%6F%6F%75%6A%69" dan="14,15,14,14" rate="2024.51,1976.79,1899.50,2007.45" sx="M,M,M,M"/><TAIKYOKU oya="0"/><INIT seed="0,0,0,3,5,125" ten="250,250,250,250" oya="0" hai0="82,56,86,30,17,123,4,77,35,9,94,63,70" hai1="32,98,58,122,133,83,127,105,41,36,119,26,104" hai2="34,33,88,95,15,50,81,89,73,12,134,124,0" hai3="44,31,116,5,55,62,47,100,113,25,93,46,80"/><T129/><D70/><U24/><E58/><V75/><F0/><W79/><G116/><T74/><D123/><U49/><E49/><V96/><F134/><W103/><G113/><T57/><D17/><U64/><E26/><V61/><F124/><W22/><G5/><T107/><D107/><U76/><E127/><V71/><F71/><W87/><G93/><T118/><D118/><U85/><E85/><V91/><F61/><W48/><REACH who="3" step="1"/><G62/><REACH who="3" ten="250,250,250,240" step="2"/><T43/><D94/><U20/><E105/><V54/><F81/><W120/><G120/><T51/><D82/><U128/><E104/><V23/><F95/><W72/><G72/><T109/><D4/><U39/><E83/><V45/><F73/><W126/><G126/><T11/><D74/><U52/><E122/><V117/><F75/><W69/><G69/><T115/><D63/><U90/><E119/><V53/><F117/><W66/><G66/><T21/><D115/><U131/><E64/><V132/><F132/><W114/><G114/><T1/><D109/><U101/><E133/><V19/><F34/><W108/><G108/><T60/><D35/><U29/><E32/><V10/><F33/><W18/><G18/><T97/><D60/><U38/><E101/><AGARI ba="0,1" hai="22,25,31,44,46,47,48,55,79,80,87,100,101,103" machi="101" ten="40,8000,1" yaku="1,1,8,1,53,3" doraHai="125" doraHaiUra="42" who="3" fromWho="1" sc="250,0,250,-80,250,0,240,90" /><INIT seed="1,0,0,4,2,124" ten="250,170,250,330" oya="1" hai0="94,75,37,115,15,51,114,8,57,135,117,54,69" hai1="4,120,46,17,30,47,53,93,103,81,131,128,111" hai2="85,122,133,101,49,83,0,20,116,92,67,106,32" hai3="22,34,24,90,33,1,11,18,5,77,125,31,41"/><U23/><E30/><V52/><F32/><N who="3" m="20583" /><G41/><T89/><D69/><U79/><E4/><V29/><F0/><W42/><G42/><T26/><D117/><U28/><E28/><V130/><F106/><W105/><G77/><T107/><D107/><U48/><E120/><V88/><F116/><W126/><G90/><T108/><D75/><U13/><E111/><V63/><F122/><W58/><G58/><T25/><D135/><U39/><E39/><V73/><F133/><W19/><G105/><T43/><D108/><U95/><E47/><V119/><F119/><W70/><G70/><T9/><D115/><U12/><E12/><V16/><F29/><W3/><G3/><T27/><D114/><U64/><E64/><V104/><F130/><N who="1" m="49705" /><E103/><V71/><F73/><AGARI ba="0,0" hai="13,17,23,46,48,53,73,79,81,93,95" m="49705" machi="73" ten="30,11600,0" yaku="19,1,52,3" doraHai="124" who="1" fromWho="2" sc="250,0,170,116,250,-116,330,0" /><INIT seed="1,1,0,0,1,20" ten="250,286,134,330" oya="1" hai0="11,70,5,1,116,61,26,50,95,88,79,15,80" hai1="19,108,128,130,96,34,7,27,112,46,119,101,22" hai2="49,89,51,53,93,54,69,29,66,72,127,103,48" hai3="33,21,123,38,6,129,0,85,105,58,92,109,131"/><U132/><E119/><V47/><F72/><W106/><G123/><T110/><D116/><U111/><E112/><V45/><F103/><W57/><G38/><T62/><D110/><N who="1" m="42027" /><E34/><V86/><F127/><W126/><G126/><T56/><D70/><U78/><E132/><V124/><F124/><W35/><G21/><T28/><D1/><U87/><E7/><V67/><F69/><W104/><G85/><T117/><D50/><U71/><E71/><V77/><F77/><W37/><G37/><T60/><D56/><N who="3" m="21609" /><G92/><T97/><D117/><U91/><E46/><V36/><F36/><W94/><G94/><T74/><REACH who="0" step="1"/><D62/><REACH who="0" ten="240,286,134,330" step="2"/><U2/><E2/><V121/><F121/><W8/><G109/><T9/><D9/><U122/><E122/><V55/><REACH who="2" step="1"/><F29/><REACH who="2" ten="240,286,124,330" step="2"/><W81/><G0/><T90/><D90/><U52/><E91/><V76/><F76/><W17/><G8/><T59/><D59/><AGARI ba="1,2" hai="45,47,48,49,51,53,54,55,59,66,67,86,89,93" machi="59" ten="30,7700,0" yaku="1,1,7,1,9,1,8,1,53,0" doraHai="20" doraHaiUra="114" who="2" fromWho="0" sc="240,-80,286,0,124,100,330,0" /><INIT seed="2,0,0,5,1,92" ten="160,286,224,330" oya="2" hai0="100,57,80,101,109,49,78,46,93,27,98,44,4" hai1="10,26,41,3,132,90,85,91,22,128,15,117,112" hai2="102,105,89,47,50,51,69,82,14,29,71,114,48" hai3="79,74,21,53,107,1,17,76,34,23,60,97,83"/><V65/><F114/><W7/><G34/><T115/><D115/><U63/><E3/><V38/><F29/><W88/><G79/><T104/><D109/><U72/><E72/><V28/><F28/><W35/><G35/><T11/><D27/><U32/><E32/><V67/><F102/><W8/><G107/><T66/><D101/><U94/><E132/><V18/><F105/><W59/><REACH who="3" step="1"/><G17/><REACH who="3" ten="160,286,224,320" step="2"/><T5/><D104/><U124/><E112/><V70/><F38/><W0/><G0/><T106/><D106/><U68/><E117/><V9/><REACH who="2" step="1"/><F47/><REACH who="2" ten="160,286,214,320" step="2"/><W95/><AGARI ba="0,2" hai="1,7,8,21,23,53,59,60,74,76,83,88,95,97" machi="95" ten="30,12000,2" yaku="1,1,0,1,52,1,54,1,53,2" doraHai="92" doraHaiUra="19" who="3" fromWho="3" sc="160,-30,286,-30,214,-60,320,140" /><INIT seed="3,0,0,2,0,63" ten="130,256,154,460" oya="3" hai0="116,13,46,53,65,121,48,134,5,130,40,58,117" hai1="54,44,101,83,39,96,93,3,79,133,126,20,82" hai2="86,81,23,124,85,57,21,29,43,19,51,72,73" hai3="0,47,14,99,66,62,114,52,59,107,122,119,103"/><W12/><G122/><T38/><D5/><U2/><E20/><V8/><F73/><W87/><G119/><N who="0" m="45643" /><D13/><U129/><E54/><N who="2" m="31967" /><F72/><W42/><G114/><T16/><D16/><U84/><E3/><V71/><F71/><W90/><G0/><T50/><D121/><U22/><E2/><V77/><F124/><W120/><G120/><T91/><D91/><U32/><E32/><V67/><F43/><W10/><G10/><T60/><D134/><U80/><E133/><V123/><F123/><W109/><G109/><T128/><D50/><U37/><E37/><V76/><F29/><W69/><G90/><T33/><D33/><U113/><E39/><V7/><F19/><W55/><G87/><T88/><D88/><U25/><E84/><V4/><F8/><W45/><G45/><AGARI ba="0,0" hai="38,40,45,46,48,53,58,60,65,128,130" m="45643" machi="45" ten="30,3900,0" yaku="34,2,52,1" doraHai="63" who="0" fromWho="3" sc="130,39,256,0,154,0,460,-39" owari="169,-23.0,256,6.0,154,-35.0,421,52.0" /></mjloggm>