<mjloggm ver="2.3"><GO type="97" lobby="0"/><UN n0="%E3%82%A6%E3%83%AB%E3%83%88%E3%83%A9%E7%AB%8B%E7%9B%B4" n1="%6A%75%72%69%65%73%75" n2="%E3%83%AD%E3%83%90%E3%83%B3%E3%82%BD%E3%83%B3%32" n3="%E3%81%A1%E3%82%83%E3%81%92" dan="16,13,13,13" rate="1985.66,1826.12,1908.76,1892.03" sx="M,M,M,M"/><TAIKYOKU oya="0"/><INIT seed="0,0,0,0,4,78" ten="250,250,250,250" oya="0" hai0="3,58,105,112,70,124,19,54,119,8,60,77,41" hai1="125,116,83,44,94,47,34,74,131,90,59,51,130" hai2="38,14,26,115,111,102,122,128,69,53,23,33,101" hai3="36,106,82,76,104,68,28,80,57,39,113,32,62"/><T133/><D105/><U7/><E116/><V96/><F33/><W11/><G113/><T61/><D119/><U35/><E125/><V86/><F38/><W134/><G134/><T109/><D112/><U121/><E121/><V2/><F69/><W1/><G39/><T99/><D133/><U52/><E7/><V120/><F2/><W81/><G76/><T0/><D124/><U118/><E118/><V73/><F73/><W20/><G36/><T97/><D109/><U91/><E35/><V21/><F111/><W75/><G75/><T108/><D41/><U98/><E34/><V123/><F115/><W95/><G32/><T29/><D29/><U50/><E47/><V16/><F128/><W100/><G68/><T117/><D117/><U45/><E45/><V114/><F53/><W9/><G95/><T107/><D108/><U66/><E66/><V103/><F114/><W31/><G31/><T40/><D40/><U46/><E46/><V12/><F96/><W5/><G9/><T71/><D77/><U85/><REACH who="1" step="1"/><E74/><REACH who="1" ten="250,240,250,250" step="2"/><V127/><F127/><W13/><G100/><T10/><D54/><AGARI ba="0,1" hai="44,50,51,52,54,59,83,85,90,91,94,98,130,131" machi="54" ten="40,8000,1" yaku="1,1,2,1,52,1,54,1,53,0" doraHai="78" doraHaiUra="37" who="1" fromWho="0" sc="250,-80,240,90,250,0,250,0" /><INIT seed="1,0,0,0,2,108" ten="170,330,250,250" oya="1" hai0="114,61,98,26,62,12,19,40,56,52,7,32,16" hai1="18,71,113,119,91,121,1,21,38,102,13,122,133" hai2="84,90,48,27,20,130,82,28,65,37,6,135,109" hai3="42,17,120,128,4,30,69,45,10,93,134,64,58"/><U86/><E113/><V118/><F37/><W79/><G120/><T35/><D114/><U24/><E119/><V3/><F109/><W80/><G69/><T83/><D40/><U60/><E38/><V101/><F118/><W36/><G128/><T22/><D7/><U49/><E1/><V103/><F130/><W81/><G134/><T57/><D83/><U14/><E133/><V11/><F135/><W50/><G30/><T99/><D32/><U31/><E102/><V117/><F103/><W95/><G80/><T74/><D74/><U97/><E97/><V47/><F117/><W92/><G17/><T67/><REACH who="0" step="1"/><D35/><REACH who="0" ten="160,330,250,250" step="2"/><U94/><E121/><V112/><F112/><W87/><G36/><T55/><D55/><U25/><E122/><V33/><F33/><W46/><G46/><T131/><D131/><U0/><E0/><V106/><F65/><W110/><G110/><T8/><AGARI ba="0,1" hai="8,12,16,19,22,26,52,56,57,61,62,67,98,99" machi="8" ten="20,12000,2" yaku="1,1,0,1,7,1,8,1,54,2,53,0" doraHai="108" doraHaiUra="75" who="0" fromWho="0" sc="160,130,330,-60,250,-30,250,-30" /><INIT seed="2,0,0,4,2,84" ten="290,270,220,220" oya="2" hai0="116,64,72,123,13,85,96,77,36,21,35,106,104" hai1="97,19,67,44,102,133,94,86,70,58,74,88,113" hai2="114,131,95,39,5,50,87,28,59,103,14,66,132" hai3="27,15,71,11,62,60,3,49,16,99,26,24,47"/><V55/><F114/><W18/><G71/><T78/><D35/><U69/><E113/><V17/><F39/><W134/><G134/><T54/><D36/><U92/><E133/><V32/><F132/><W23/><G3/><T34/><D34/><U121/><E74/><V25/><F131/><W130/><G130/><T0/><D0/><U7/><E7/><V8/><F66/><W61/><REACH who="3" step="1"/><G99/><REACH who="3" ten="290,270,220,210" step="2"/><T30/><D96/><U105/><E121/><V91/><REACH who="2" step="1"/><F103/><REACH who="2" ten="290,270,210,210" step="2"/><W29/><G29/><T1/><D30/><U93/><E102/><V109/><F109/><W22/><G22/><T20/><D20/><U10/><E105/><V81/><F81/><W90/><G90/><T12/><D21/><U98/><E10/><V82/><F82/><W75/><G75/><T53/><D72/><U31/><E31/><V118/><F118/><W126/><G126/><T57/><D116/><U38/><E70/><V43/><F43/><AGARI ba="0,2" hai="11,15,16,18,23,24,26,27,43,47,49,60,61,62" machi="43" ten="40,5200,0" yaku="1,1,8,1,54,1,53,0" doraHai="84" doraHaiUra="68" who="3" fromWho="2" sc="290,0,270,0,210,-52,210,72" /><INIT seed="3,0,0,2,4,24" ten="290,270,158,282" oya="3" hai0="107,133,41,55,76,130,64,23,2,101,3,28,39" hai1="84,40,69,78,98,102,27,49,118,4,37,99,50" hai2="114,119,106,29,121,25,74,96,53,34,113,131,91" hai3="13,65,63,89,116,68,71,85,1,132,60,48,15"/><W117/><G1/><T35/><D41/><U103/><E69/><V9/><F119/><W110/><G132/><T61/><D39/><U77/><E37/><V83/><F131/><W6/><G110/><T18/><D55/><U46/><E118/><V93/><F121/><W44/><G68/><N who="0" m="41999" /><D76/><U31/><E4/><V100/><F9/><W62/><G117/><T22/><D130/><U32/><E50/><V122/><F122/><W127/><G127/><T52/><D52/><U111/><E111/><V128/><F128/><W134/><G134/><T56/><D56/><U108/><E108/><V67/><F67/><W54/><G116/><T0/><D18/><U20/><E32/><V8/><F8/><W5/><G5/><T124/><D124/><U79/><REACH who="1" step="1"/><E84/><REACH who="1" ten="290,260,158,282" step="2"/><V42/><F42/><W38/><G38/><T109/><D109/><U26/><E26/><V7/><F7/><W43/><G43/><T123/><D133/><U112/><E112/><V90/><F53/><W30/><G6/><T57/><D123/><U21/><E21/><V80/><F74/><W36/><G36/><T75/><D75/><U45/><E45/><V126/><F126/><W95/><G62/><T47/><D47/><U14/><E14/><V115/><REACH who="2" step="1"/><F91/><REACH who="2" ten="290,260,148,282" step="2"/><W17/><G89/><T86/><D2/><U19/><E19/><V92/><F92/><W81/><G95/><T120/><D0/><U88/><E88/><V135/><F135/><W66/><G65/><T11/><D3/><U87/><E87/><AGARI ba="0,2" hai="25,29,34,80,83,87,90,93,96,100,106,113,114,115" machi="87" ten="40,2600,0" yaku="1,1,52,1,53,0" doraHai="24" doraHaiUra="70" who="2" fromWho="1" sc="290,0,260,-26,148,46,282,0" /><INIT seed="4,0,0,0,4,107" ten="290,234,194,282" oya="0" hai0="25,43,50,85,23,16,84,3,48,24,51,62,75" hai1="22,117,1,6,54,114,9,115,87,86,110,74,60" hai2="118,71,53,119,109,81,127,56,93,83,59,76,129" hai3="89,14,103,20,78,58,112,79,40,128,11,46,125"/><T30/><D3/><U12/><E117/><N who="2" m="44555" /><F109/><W116/><G116/><T120/><D75/><U102/><E110/><V34/><F71/><W106/><G112/><N who="1" m="43050" /><E102/><V32/><F127/><W98/><G125/><T96/><D120/><U97/><E97/><V95/><F129/><W10/><G128/><T52/><D96/><U121/><E121/><V113/><F113/><W0/><G58/><N who="2" m="22057" /><F53/><W101/><G101/><T99/><D99/><U18/><E74/><N who="2" m="43159" /><F83/><W135/><G40/><T64/><D52/><U13/><E1/><V42/><F42/><W63/><G0/><T5/><D43/><U7/><E7/><V61/><F61/><W35/><G63/><T26/><D5/><U38/><E38/><V73/><F73/><W15/><G106/><T65/><D62/><U111/><E111/><V105/><F105/><W77/><G103/><T131/><D131/><U92/><E92/><AGARI ba="0,0" hai="32,34,92,93,95" m="43159,22057,44555" machi="92" ten="30,2000,0" yaku="12,1,52,1" doraHai="107" who="2" fromWho="1" sc="290,0,234,-20,194,20,282,0" /><INIT seed="5,0,0,4,0,68" ten="290,214,214,282" oya="1" hai0="83,26,39,125,94,42,56,97,65,120,76,37,33" hai1="46,54,90,49,87,110,91,70,109,114,124,79,41" hai2="31,34,127,52,27,16,134,58,4,13,14,115,129" hai3="100,63,3,12,22,69,101,66,123,21,71,1,108"/><U119/><E119/><V82/><F134/><W117/><G12/><T43/><D33/><U133/><E70/><V53/><F129/><W92/><G92/><T89/><D39/><N who="1" m="21823" /><E133/><V96/><F127/><W23/><G117/><T86/><D37/><U47/><E124/><V20/><F115/><W85/><G85/><T78/><D125/><U59/><E114/><V57/><F82/><W107/><G123/><T5/><D120/><U62/><E79/><N who="0" m="30249" /><D5/><U29/><E29/><V84/><F84/><W61/><G23/><T88/><D26/><U36/><E87/><V104/><F4/><W6/><G6/><T45/><D45/><U72/><E72/><V132/><F132/><W77/><G77/><T30/><D30/><U74/><E74/><V122/><F122/><W126/><G126/><T0/><D0/><U81/><E81/><V48/><F14/><W93/><G107/><T106/><D106/><U111/><E36/><V7/><F7/><W24/><G24/><T50/><D50/><U73/><E73/><V75/><F75/><W67/><G93/><T103/><D89/><U35/><E35/><V32/><F104/><W10/><G10/><T15/><D15/><U102/><E102/><V135/><F135/><W8/><G8/><T121/><D121/><U80/><E80/><V113/><F113/><W19/><G19/><T128/><D128/><U60/><E60/><AGARI ba="0,0" hai="42,43,56,60,65,83,86,88,94,97,103" m="30249" machi="60" ten="30,2000,0" yaku="8,1,54,1" doraHai="68" who="0" fromWho="1" sc="290,20,214,-20,214,0,282,0" owari="310,42.0,194,-31.0,214,-19.0,282,8.0" /></mjloggm>