<mjloggm ver="2.3"><GO type="169" lobby="0"/><UN n0="%E3%82%A6%E3%83%AB%E3%83%88%E3%83%A9%E7%AB%8B%E7%9B%B4" n1="%E3%83%88%E3%82%B5%E3%81%91%E3%82%93" n2="%E3%83%AC%E3%83%87%E3%82%B9%E3%83%9E" n3="%E3%83%97%E3%83%AD%E3%82%B8%E3%83%A3%E3%83%B3%E6%B0%8F" dan="16,16,16,16" rate="2050.58,2163.62,2052.63,2084.22" sx="M,M,M,M"/><TAIKYOKU oya="0"/><INIT seed="0,0,0,0,5,78" ten="250,250,250,250" oya="0" hai0="15,12,118,115,130,72,42,84,109,73,87,89,120" hai1="70,35,105,63,67,74,71,110,62,23,134,11,106" hai2="114,58,98,27,38,107,39,6,24,40,48,60,45" hai3="16,49,7,104,19,53,34,0,111,82,123,33,56"/><T9/><D120/><U5/><E35/><V129/><F114/><W61/><G104/><T66/><D118/><U101/><E110/><V13/><F129/><W50/><G111/><T17/><D115/><U29/><E74/><V88/><F39/><W64/><G123/><T76/><D130/><U125/><E125/><V79/><F38/><W57/><G34/><T85/><D109/><U95/><E134/><V131/><F131/><W102/><G102/><T91/><D66/><U37/><E37/><V103/><F79/><W133/><G33/><T32/><D32/><U99/><E62/><V20/><F88/><N who="0" m="33866" /><D72/><U1/><REACH who="1" step="1"/><E71/><REACH who="1" ten="250,240,250,250" step="2"/><V113/><F113/><W81/><G133/><T2/><D73/><U31/><E31/><V36/><F36/><W22/><G61/><T21/><D2/><U44/><E44/><V10/><REACH who="2" step="1"/><F20/><REACH who="2" ten="250,240,240,250" step="2"/><W96/><G22/><T18/><D42/><U26/><AGARI ba="0,2" hai="1,5,11,23,26,29,63,67,70,95,99,101,105,106" machi="26" ten="30,2000,0" yaku="1,1,0,1,53,0" doraHai="78" doraHaiUra="135" who="1" fromWho="1" sc="250,-10,240,40,240,-5,250,-5" /><INIT seed="1,0,0,2,0,49" ten="240,280,235,245" oya="1" hai0="124,131,69,107,36,71,121,8,113,18,125,112,28" hai1="84,9,83,59,14,102,109,60,64,24,27,108,23" hai2="126,34,45,76,22,117,70,13,56,0,42,68,98" hai3="44,21,54,20,3,47,101,127,122,88,53,78,48"/><U128/><E128/><V106/><F117/><W75/><G122/><T118/><D18/><U85/><E102/><V5/><F34/><W120/><G120/><T39/><D8/><U1/><E1/><V73/><F0/><W63/><G3/><T46/><D28/><N who="1" m="17439" /><E27/><V7/><F70/><N who="0" m="26634" /><D107/><U134/><E83/><V86/><F73/><W25/><G127/><N who="0" m="48715" /><D121/><U77/><E77/><V97/><F5/><W81/><G101/><T103/><D103/><U38/><E38/><N who="0" m="14377" /><D118/><U31/><E31/><V50/><F106/><W35/><G35/><T40/><D131/><U116/><E116/><V114/><F76/><W82/><G25/><T90/><D90/><U79/><E79/><V16/><F126/><W55/><G88/><T130/><D130/><U4/><E85/><V15/><F86/><N who="3" m="48439" /><G82/><T92/><D92/><U129/><E84/><V41/><F98/><W133/><G75/><T57/><D57/><U132/><E129/><V67/><F56/><N who="3" m="35231" /><G133/><AGARI ba="0,0" hai="4,9,14,59,60,64,108,109,132,133,134" m="17439" machi="133" ten="30,1500,0" yaku="20,1" doraHai="49" who="1" fromWho="3" sc="240,0,280,15,235,0,245,-15" /><INIT seed="1,1,0,1,3,100" ten="240,295,235,230" oya="1" hai0="85,104,18,133,86,8,76,110,120,20,68,42,82" hai1="28,126,17,43,12,109,94,125,62,130,90,63,107" hai2="59,81,4,89,34,60,93,58,66,67,14,108,123" hai3="36,39,50,47,78,132,61,55,69,106,33,1,87"/><U113/><E113/><V54/><F123/><W95/><G132/><T124/><D68/><U48/><E130/><V11/><F34/><W0/><G33/><T16/><D120/><U57/><E28/><V117/><F108/><W80/><G95/><T83/><D110/><U15/><E109/><V127/><F117/><W6/><G39/><T37/><D133/><U99/><E107/><V5/><F81/><W111/><G111/><T103/><D124/><N who="1" m="47723" /><E15/><V21/><F4/><W97/><G36/><T64/><D64/><U71/><E71/><V102/><F102/><W38/><G38/><T30/><D30/><U3/><E3/><V49/><F21/><W134/><G134/><T135/><D135/><U13/><E13/><V23/><F23/><W88/><G6/><T73/><D8/><N who="1" m="6279" /><E57/><V35/><F35/><W9/><G9/><T25/><D18/><U31/><E31/><V121/><F127/><W129/><G129/><T118/><D118/><U77/><E77/><V96/><REACH who="2" step="1"/><F121/><REACH who="2" ten="240,295,225,230" step="2"/><W105/><G80/><T27/><D83/><U79/><E79/><V128/><F128/><W52/><G78/><T84/><D82/><U26/><E26/><V46/><F46/><AGARI ba="1,1" hai="43,46,48,62,63,90,94,99" m="6279,47723" machi="46" ten="30,1500,0" yaku="18,1" doraHai="100" who="1" fromWho="2" sc="240,0,295,28,225,-18,230,0" /><INIT seed="1,2,0,1,1,76" ten="240,323,207,230" oya="1" hai0="33,28,69,11,57,134,47,25,61,71,126,60,90" hai1="67,23,78,84,70,87,72,132,68,95,1,17,110" hai2="50,97,0,74,39,80,56,62,29,18,48,106,88" hai3="117,38,10,81,100,120,107,128,32,45,7,121,14"/><U31/><E1/><V119/><F39/><W104/><G32/><T94/><D126/><U49/><E132/><V55/><F119/><W101/><G128/><T42/><D134/><U66/><E31/><V115/><F0/><W16/><G117/><T96/><D11/><U12/><E110/><V58/><F29/><W19/><G38/><T4/><D4/><U122/><E122/><V59/><F115/><W130/><G45/><T79/><D79/><U27/><E49/><V86/><F74/><W5/><G130/><T34/><D34/><U114/><E114/><V44/><F18/><W26/><G26/><T85/><D61/><U109/><E109/><V64/><REACH who="2" step="1"/><F50/><REACH who="2" ten="240,323,197,230" step="2"/><W51/><G51/><T15/><D28/><U20/><E72/><V13/><F13/><W93/><G14/><T36/><D15/><U133/><E12/><V91/><F91/><W6/><G6/><T53/><D25/><U131/><E17/><V135/><F135/><W46/><G7/><T111/><D111/><U129/><E27/><V75/><F75/><W3/><G5/><T63/><D33/><U89/><E133/><V105/><F105/><W124/><G3/><T43/><D36/><U82/><E131/><V98/><F98/><W52/><G107/><T102/><D96/><U92/><E129/><V8/><F8/><W77/><G104/><T123/><D90/><U112/><E112/><V125/><F125/><W99/><G10/><T41/><D123/><U2/><E2/><V37/><F37/><W108/><G124/><T35/><D35/><U21/><E95/><V127/><F127/><RYUUKYOKU ba="2,1" sc="240,-15,323,15,197,15,230,-15" hai1="20,21,23,66,67,68,70,78,82,84,87,89,92" hai2="44,48,55,56,58,59,62,64,80,86,88,97,106" /><INIT seed="1,3,1,5,0,20" ten="225,338,212,215" oya="1" hai0="87,129,135,46,38,28,100,73,114,29,55,103,13" hai1="97,24,60,45,88,119,102,33,96,123,59,49,109" hai2="21,12,83,52,107,3,105,1,117,53,82,111,64" hai3="9,32,40,35,14,16,92,69,0,116,91,61,94"/><U125/><E119/><V81/><F117/><W130/><G130/><T106/><D73/><U18/><E123/><V50/><F64/><W51/><G116/><T78/><D114/><U84/><E125/><V36/><F36/><W90/><G0/><T31/><D106/><U127/><E127/><V6/><F6/><W4/><G4/><T57/><D38/><U54/><E109/><V67/><F67/><W131/><G131/><T75/><D75/><U98/><E102/><V25/><F12/><W7/><G7/><T126/><D126/><U124/><E124/><V2/><F111/><W74/><G74/><T37/><D37/><U101/><E101/><V39/><F39/><W120/><G120/><T17/><D46/><U112/><E112/><V34/><F34/><W5/><G5/><T133/><D129/><U15/><E24/><V19/><REACH who="2" step="1"/><F53/><REACH who="2" ten="225,338,202,215" step="2"/><W108/><G108/><T95/><D55/><N who="1" m="33919" /><E33/><V56/><AGARI ba="3,2" hai="1,2,3,19,21,25,50,52,56,81,82,83,105,107" machi="56" ten="40,8000,1" yaku="1,1,0,1,52,1,54,1,53,0" doraHai="20" doraHaiUra="27" who="2" fromWho="2" sc="225,-23,338,-43,202,109,215,-23" /><INIT seed="2,0,0,5,2,95" ten="202,295,311,192" oya="2" hai0="134,40,97,135,4,79,121,27,58,114,88,30,131" hai1="70,113,48,57,36,101,106,69,14,98,7,60,66" hai2="62,8,50,19,41,37,94,92,10,74,21,128,119" hai3="61,0,71,52,31,108,111,3,11,102,18,49,12"/><V67/><F119/><W115/><G31/><T46/><D114/><U86/><E113/><V104/><F104/><W133/><G115/><T6/><D79/><U127/><E36/><V43/><F37/><W51/><G133/><N who="0" m="50699" /><D58/><U5/><E127/><V16/><F74/><W120/><G120/><T54/><D54/><U56/><E86/><V44/><F43/><W35/><G35/><N who="0" m="20959" /><D121/><U63/><E48/><V132/><F132/><W116/><G116/><T28/><D28/><U117/><E117/><V78/><F78/><W20/><G102/><T13/><D13/><U24/><E24/><V93/><F128/><W65/><G51/><N who="0" m="27079" /><D131/><U91/><E14/><V23/><F23/><W105/><G105/><T90/><D97/><U39/><E39/><V76/><F76/><W89/><G89/><AGARI ba="0,0" hai="4,6,88,89,90" m="27079,20959,50699" machi="89" ten="30,2000,0" yaku="20,1,54,1" doraHai="95" who="0" fromWho="3" sc="202,20,295,0,311,0,192,-20" /><INIT seed="3,0,0,5,3,90" ten="222,295,311,172" oya="3" hai0="0,9,91,105,49,70,58,56,64,41,76,79,123" hai1="110,121,2,42,115,32,119,93,65,106,135,89,117" hai2="94,18,59,36,23,39,92,114,75,33,6,52,82" hai3="118,40,61,44,57,133,125,24,29,111,46,38,127"/><W103/><G118/><T34/><D105/><U28/><E65/><V84/><F33/><W53/><G103/><T19/><D34/><U8/><E42/><V101/><F75/><W73/><G73/><T51/><D123/><U16/><E121/><V88/><F6/><W83/><G83/><T3/><D70/><U96/><E115/><V78/><F114/><W113/><G113/><T60/><D3/><U87/><E135/><V7/><F7/><W72/><G72/><T4/><D51/><U17/><E110/><V102/><F39/><W37/><G133/><T54/><D41/><U31/><E8/><V5/><F5/><W107/><G107/><T47/><D19/><N who="1" m="7243" /><E2/><V25/><F36/><N who="3" m="13931" /><G24/><T81/><D58/><U134/><E134/><V68/><F68/><W15/><G15/><T85/><AGARI ba="0,0" hai="0,4,9,47,49,54,56,60,64,76,79,81,85,91" machi="85" ten="30,1100,0" yaku="0,1" doraHai="90" who="0" fromWho="0" sc="222,11,295,-3,311,-3,172,-5" /><INIT seed="4,0,0,2,4,66" ten="233,292,308,167" oya="0" hai0="87,106,88,120,32,11,16,63,39,126,81,62,95" hai1="56,57,44,21,53,109,41,130,91,127,51,9,50" hai2="94,10,65,85,96,33,55,15,12,8,35,14,29" hai3="34,61,110,54,125,40,48,102,86,97,113,46,49"/><T60/><D106/><U93/><E109/><V122/><F122/><W131/><G110/><T112/><D32/><U52/><E130/><V118/><F118/><W83/><G125/><T107/><D107/><U78/><E127/><V77/><F65/><W84/><G131/><T26/><D39/><U69/><E69/><V128/><F128/><W76/><G113/><T74/><D112/><U123/><E123/><V25/><F35/><W70/><G34/><T98/><D74/><U3/><E78/><V30/><F30/><W42/><G84/><T4/><D126/><U72/><E72/><V45/><F45/><W22/><G49/><T111/><D111/><U28/><E3/><V67/><F67/><W105/><G70/><T2/><D120/><U104/><E104/><V129/><F55/><W117/><G117/><T7/><D2/><U18/><E9/><V100/><F129/><W0/><G0/><T124/><D124/><U90/><E93/><V24/><F25/><W89/><G61/><T114/><D114/><U58/><E28/><V23/><F33/><W64/><G64/><T75/><D75/><U5/><E5/><V99/><F99/><W80/><G80/><AGARI ba="0,0" hai="8,10,12,14,15,23,24,29,77,80,85,94,96,100" machi="80" ten="40,1300,0" yaku="8,1" doraHai="66" who="2" fromWho="3" sc="233,0,292,0,308,13,167,-13" /><INIT seed="5,0,0,1,2,62" ten="233,292,321,154" oya="1" hai0="18,120,122,116,86,130,7,0,11,54,102,31,79" hai1="38,115,25,127,114,126,68,16,94,107,40,71,66" hai2="92,78,15,36,104,30,106,51,65,75,44,26,96" hai3="81,105,2,135,99,19,13,37,23,125,48,53,110"/><U49/><E107/><V73/><F36/><W56/><G110/><T133/><D86/><U6/><E6/><V35/><F15/><W90/><G135/><T98/><D79/><U103/><E38/><V72/><F78/><W1/><G125/><N who="1" m="47626" /><E40/><V5/><F5/><W14/><G37/><T28/><D116/><U52/><E94/><V128/><F128/><W83/><G105/><N who="0" m="63703" /><D133/><U124/><E103/><V61/><F92/><N who="3" m="56727" /><G2/><T20/><D54/><U10/><E124/><V74/><F96/><W85/><G1/><T70/><D70/><N who="1" m="26667" /><E66/><V12/><F65/><W21/><G85/><T118/><D118/><U109/><E109/><V113/><F75/><W41/><G41/><T27/><D130/><U119/><E119/><V108/><F108/><W111/><G111/><T39/><D39/><U131/><E131/><V87/><F74/><W4/><G4/><T82/><D82/><N who="3" m="31241" /><G13/><T42/><D42/><U95/><E95/><V34/><F73/><W33/><G33/><T3/><D0/><U100/><E100/><V22/><F72/><W132/><G132/><T89/><D89/><U91/><E91/><V32/><F34/><W112/><G112/><T121/><AGARI ba="0,0" hai="3,7,11,18,20,27,28,31,120,121,122" m="63703" machi="121" ten="30,1100,0" yaku="13,1" doraHai="62" who="0" fromWho="0" sc="233,11,292,-5,321,-3,154,-3" /><INIT seed="6,0,0,5,1,25" ten="244,287,318,151" oya="2" hai0="92,7,96,109,131,41,11,74,85,122,32,13,16" hai1="86,48,121,90,97,87,62,10,115,103,17,77,55" hai2="88,128,98,70,3,22,8,106,123,59,0,45,52" hai3="44,24,56,99,100,67,84,68,110,129,101,34,15"/><V113/><F123/><W63/><G110/><T29/><D74/><U19/><E115/><V54/><F113/><W69/><G129/><T58/><D109/><U104/><E121/><V40/><F70/><W116/><G116/><T2/><D131/><U18/><E62/><V1/><F128/><W108/><G108/><T14/><D41/><U31/><E31/><V60/><F22/><W81/><G101/><T95/><D122/><U12/><E77/><V9/><F54/><W111/><G111/><T27/><D58/><U42/><E42/><V127/><F127/><W30/><G15/><T134/><D134/><U47/><REACH who="1" step="1"/><E86/><REACH who="1" ten="244,277,318,151" step="2"/><V35/><F40/><W126/><G126/><T28/><D28/><U118/><E118/><V39/><F60/><W91/><REACH who="3" step="1"/><G44/><REACH who="3" ten="244,277,318,141" step="2"/><T21/><D14/><U33/><E33/><V61/><F35/><W107/><AGARI ba="0,2" hai="24,30,34,56,63,67,68,69,81,84,91,99,100,107" machi="107" ten="20,8000,1" yaku="1,1,2,1,0,1,7,1,52,1,53,0" doraHai="25" doraHaiUra="133" who="3" fromWho="3" sc="244,-20,277,-20,318,-40,141,100" /><INIT seed="7,0,0,1,2,67" ten="224,257,278,241" oya="3" hai0="11,41,128,91,97,81,52,7,14,70,92,25,44" hai1="16,82,29,1,104,43,40,84,74,129,117,61,55" hai2="42,65,126,48,51,10,111,30,119,27,124,64,46" hai3="109,103,122,59,105,73,45,72,60,56,79,54,88"/><W134/><G122/><T22/><D128/><U102/><E129/><V110/><F10/><W69/><G69/><T23/><D70/><U50/><E1/><V113/><F119/><W37/><G134/><T58/><D81/><U112/><E74/><V26/><F113/><W83/><G109/><N who="2" m="41481" /><F51/><W131/><G131/><T78/><D78/><U68/><E29/><V18/><F18/><W87/><G103/><T121/><D121/><U9/><E112/><V107/><F107/><W15/><G105/><T35/><D35/><U39/><E39/><V8/><F8/><W116/><G116/><T80/><D80/><U19/><E102/><V47/><F47/><W49/><G79/><T120/><D120/><U90/><E104/><V71/><F27/><W2/><G2/><T5/><D5/><U21/><E61/><V24/><F24/><W34/><G34/><T6/><D6/><U36/><E36/><V3/><F3/><W13/><G72/><T17/><D23/><U100/><E117/><V132/><F132/><W38/><G73/><T77/><D77/><U94/><E68/><V76/><F76/><W135/><G135/><T75/><D75/><U0/><E0/><V125/><F71/><W85/><G85/><T99/><D99/><N who="1" m="59511" /><E9/><V93/><F93/><W101/><G101/><T123/><D123/><U118/><E118/><V130/><F130/><W98/><G98/><T31/><D31/><U12/><E19/><V108/><N who="2" m="41489" /><V106/><DORA hai="57" /><F106/><W133/><G133/><T86/><D97/><U33/><E33/><AGARI ba="0,0" hai="26,30,33,42,46,48,64,65,124,125,126" m="41489" machi="33" ten="50,1600,0" yaku="18,1" doraHai="67,57" who="2" fromWho="1" sc="224,0,257,-16,278,16,241,0" /><INIT seed="8,0,0,5,4,113" ten="224,241,294,241" oya="0" hai0="24,52,61,73,87,107,17,51,56,50,125,41,55" hai1="20,1,60,64,0,62,66,129,100,128,44,75,33" hai2="105,46,97,89,5,118,53,85,19,69,59,39,80" hai3="122,16,126,3,121,40,77,63,8,26,114,48,133"/><T42/><D73/><U32/><E75/><V34/><F69/><W18/><G114/><T74/><D74/><U37/><E100/><V67/><F67/><N who="1" m="25641" /><E20/><V30/><F5/><W92/><G77/><T47/><D107/><U27/><E44/><V43/><F30/><W23/><G133/><T13/><D125/><U90/><E90/><V57/><F34/><N who="1" m="13417" /><E27/><V104/><F19/><W123/><G126/><T127/><D127/><U112/><E37/><V110/><F105/><W98/><G63/><N who="1" m="24106" /><E112/><V83/><F104/><W106/><G106/><T111/><D111/><U96/><E96/><V7/><F97/><W21/><G8/><T120/><D24/><U130/><AGARI ba="0,0" hai="0,1,128,129,130" m="24106,13417,25641" machi="130" ten="40,5200,0" yaku="28,2,19,1" doraHai="113" who="1" fromWho="1" sc="224,-26,241,52,294,-13,241,-13" /><INIT seed="9,0,0,1,1,47" ten="198,293,281,228" oya="1" hai0="40,21,132,60,8,75,107,106,108,121,104,29,66" hai1="14,71,65,20,52,77,56,36,93,12,120,35,85" hai2="27,30,67,51,87,134,42,3,72,10,80,76,129" hai3="102,99,39,61,125,44,96,124,98,17,127,112,86"/><U59/><E35/><V53/><F42/><N who="3" m="22623" /><G112/><T81/><D108/><U111/><E36/><V95/><F67/><W49/><G61/><T100/><D121/><U50/><E120/><V94/><F134/><W117/><G117/><T92/><D132/><U130/><E71/><V68/><F68/><W0/><G0/><T45/><D8/><U16/><E130/><V90/><F129/><W23/><G86/><T118/><D118/><U110/><E12/><V88/><F10/><W19/><G49/><T9/><D9/><U62/><REACH who="1" step="1"/><E93/><REACH who="1" ten="198,283,281,228" step="2"/><V38/><F38/><W135/><G127/><T122/><D122/><U7/><E7/><V89/><F3/><W103/><G125/><T2/><D2/><U97/><E97/><V22/><F72/><W126/><G124/><T74/><D74/><U84/><E84/><V64/><F95/><W101/><G126/><T73/><D73/><U119/><E119/><V105/><F94/><W58/><G99/><T114/><D114/><U109/><E109/><V83/><F87/><W33/><G98/><T115/><D115/><U55/><E55/><V11/><F53/><W15/><G96/><T24/><D92/><U6/><E6/><V13/><F13/><W70/><G15/><T28/><D100/><U34/><E34/><V5/><F5/><W79/><G102/><T69/><D29/><U4/><E4/><V133/><F30/><W48/><G103/><T78/><REACH who="0" step="1"/><D107/><REACH who="0" ten="188,283,281,228" step="2"/><U128/><E128/><V26/><F105/><W63/><G101/><T46/><D46/><U123/><E123/><V116/><F116/><W1/><G135/><RYUUKYOKU ba="0,2" sc="188,15,283,15,281,-15,228,-15" hai0="21,24,28,40,45,60,66,69,75,78,81,104,106" hai1="14,16,20,50,52,56,59,62,65,77,85,110,111" /><INIT seed="9,1,2,4,5,105" ten="203,298,266,213" oya="1" hai0="131,60,95,42,133,101,124,121,11,106,126,13,45" hai1="119,61,108,100,113,5,57,26,27,102,51,58,75" hai2="118,12,44,56,99,116,15,66,94,78,88,49,38" hai3="62,80,53,65,72,107,70,130,43,97,115,77,90"/><U46/><E113/><V33/><F38/><W111/><G111/><T32/><D32/><U37/><E75/><V91/><F33/><W31/><G115/><T79/><D106/><U55/><E37/><V10/><F78/><W117/><G43/><T20/><D121/><U73/><E73/><V64/><F91/><W132/><G130/><T25/><D79/><U122/><E122/><V96/><F96/><W39/><G39/><N who="0" m="21727" /><D60/><U8/><E119/><N who="2" m="45611" /><F56/><N who="1" m="21609" /><E61/><V9/><F15/><W82/><G117/><T68/><D68/><U24/><E108/><V50/><F50/><W35/><G53/><T110/><D110/><U41/><E41/><N who="2" m="24719" /><F9/><W52/><G52/><T83/><D131/><U109/><E109/><V0/><F0/><W1/><G1/><T19/><D83/><U128/><E128/><V69/><F69/><W29/><G82/><T84/><D101/><U76/><E76/><V104/><F104/><W127/><G35/><T2/><D2/><U67/><E67/><V63/><F63/><W114/><G114/><T21/><D21/><U47/><E47/><V48/><F48/><W30/><G107/><T89/><D126/><U125/><E125/><V129/><F129/><W6/><G127/><T3/><D3/><U14/><AGARI ba="1,2" hai="5,8,14,24,26,27,46,51,55,100,102" m="21609" machi="14" ten="30,1500,0" yaku="8,1" doraHai="105" who="1" fromWho="1" sc="203,-6,298,38,266,-6,213,-6" owari="197,-30.0,336,43.0,260,6.0,207,-19.0" /></mjloggm>