<mjloggm ver="2.3"><GO type="169" lobby="0"/><UN n0="%EF%BC%88%E2%89%A7%E2%96%BD%E2%89%A6%EF%BC%89" n1="%50%6F%6E%74%61" n2="%69%6F%64%69%6E%65" n3="%E3%83%AA%E3%83%BC%E3%83%81%EF%BC%91" dan="19,17,16,17" rate="2319.33,2159.23,2088.62,2171.85" sx="M,M,M,M"/><TAIKYOKU oya="0"/><INIT seed="0,0,0,0,2,79" ten="250,250,250,250" oya="0" hai0="41,132,4,85,89,63,62,43,65,69,123,42,38" hai1="71,6,116,108,19,61,2,131,15,29,1,94,98" hai2="74,9,112,18,35,22,26,75,25,47,126,72,51" hai3="83,23,134,121,44,52,92,102,13,60,27,7,17"/><T14/><D123/><U78/><E116/><V96/><F112/><W84/><G134/><T67/><D132/><U53/><E131/><V77/><F126/><W50/><G121/><T30/><D30/><U111/><E6/><V34/><F9/><N who="3" m="4287" /><G60/><T120/><D120/><U117/><E117/><V124/><F124/><W95/><G102/><T130/><D130/><U32/><E78/><AGARI ba="0,0" hai="17,23,27,44,50,52,78,83,84,92,95" m="4287" machi="78" ten="30,3900,0" yaku="8,1,52,1,54,1" doraHai="79" who="3" fromWho="1" sc="250,0,250,-39,250,0,250,39" /><INIT seed="1,0,0,1,1,122" ten="250,211,250,289" oya="1" hai0="11,48,33,21,80,32,104,35,105,109,59,81,16" hai1="123,27,54,124,12,40,78,13,19,91,0,68,17" hai2="31,36,111,44,8,113,73,114,100,53,101,134,7" hai3="95,61,120,30,56,128,79,3,102,76,10,34,133"/><U135/><E123/><V129/><F73/><W15/><G120/><T37/><D37/><U74/><E0/><V4/><F129/><W110/><G128/><T127/><D127/><U82/><E124/><V77/><F77/><W1/><G133/><T45/><D59/><U67/><E135/><V63/><F134/><W106/><G106/><T22/><D11/><U39/><E54/><V5/><F8/><W90/><G102/><T28/><D28/><U70/><E27/><V18/><F18/><W62/><G62/><T131/><D131/><U38/><E91/><V6/><F31/><W118/><G118/><T117/><D117/><U49/><E49/><V55/><F4/><W41/><G41/><T98/><D98/><U119/><E119/><V52/><F63/><W99/><G34/><T46/><D33/><U83/><E74/><V43/><REACH who="2" step="1"/><F111/><REACH who="2" ten="250,211,240,289" step="2"/><W121/><G30/><T65/><D109/><U14/><E78/><V115/><AGARI ba="0,1" hai="5,6,7,36,43,44,52,53,55,100,101,113,114,115" machi="115" ten="40,12000,2" yaku="1,1,2,1,0,1,29,2,11,1,54,1,53,0" doraHai="122" doraHaiUra="132" who="2" fromWho="2" sc="250,-30,211,-60,240,130,289,-30" /><INIT seed="2,0,0,2,4,86" ten="220,151,370,259" oya="2" hai0="65,39,112,69,122,130,103,47,71,10,106,129,90" hai1="81,108,76,134,121,80,58,31,52,13,30,33,83" hai2="89,8,11,32,34,25,115,79,55,70,105,60,4" hai3="131,68,43,119,54,114,40,66,24,110,59,29,82"/><V2/><F115/><W26/><G119/><T44/><D122/><U16/><E121/><V27/><F105/><W118/><G114/><T12/><D112/><U100/><E108/><V117/><F117/><W97/><G110/><T135/><D135/><U53/><E134/><V23/><F79/><W120/><G120/><T45/><D39/><U75/><E100/><V126/><F126/><W87/><G131/><N who="0" m="50187" /><D65/><U36/><E36/><V15/><F25/><W7/><G24/><T125/><D125/><U17/><E17/><V22/><F22/><W111/><G68/><T62/><D62/><U113/><E113/><V96/><F70/><W37/><G66/><T123/><D123/><U77/><E53/><V1/><F1/><W38/><G37/><T124/><D124/><U61/><E33/><V14/><F2/><W19/><G38/><T109/><D109/><U41/><E41/><V35/><F60/><W57/><G111/><T21/><D21/><N who="1" m="11407" /><E75/><V88/><F55/><W104/><G54/><T49/><D49/><U0/><E0/><V46/><F46/><W94/><G104/><T48/><D48/><U127/><E127/><V9/><F4/><W116/><G7/><N who="0" m="3167" /><D103/><U42/><E42/><V5/><F5/><W72/><G43/><T85/><D106/><U101/><E101/><V67/><F67/><W78/><G40/><T98/><D98/><U50/><E61/><V93/><F89/><N who="3" m="53567" /><G116/><T18/><D18/><U64/><E64/><V99/><F99/><W74/><G97/><T128/><D128/><U91/><E91/><V102/><F88/><W3/><G118/><RYUUKYOKU ba="0,0" sc="220,10,151,10,370,10,259,-30" hai0="44,45,47,69,71,85,90" hai1="30,31,50,52,58,76,77,80,81,83" hai2="8,9,11,14,15,23,27,32,34,35,93,96,102" /><INIT seed="2,1,0,2,5,87" ten="230,161,380,229" oya="2" hai0="22,82,121,12,9,89,15,94,133,97,71,77,40" hai1="38,39,47,24,112,118,88,59,25,46,8,102,19" hai2="17,130,10,128,117,70,35,100,41,16,84,119,48" hai3="110,20,13,111,132,115,58,135,33,52,56,23,73"/><V72/><F72/><W98/><G33/><T86/><D71/><U123/><E118/><V114/><F114/><W42/><G73/><T0/><D121/><U92/><E112/><V79/><F70/><W43/><G115/><T90/><D133/><N who="3" m="51273" /><G98/><T21/><D40/><N who="3" m="15401" /><G58/><T129/><D129/><N who="2" m="49770" /><F35/><W108/><G13/><N who="0" m="5195" /><D0/><U51/><E123/><V106/><F10/><W113/><G113/><T104/><D104/><U4/><E8/><V107/><F107/><W50/><AGARI ba="1,0" hai="20,23,50,52,56,108,110,111" m="15401,51273" machi="50" ten="40,5200,0" yaku="14,1,20,1,54,1" doraHai="87" who="3" fromWho="3" sc="230,-14,161,-14,380,-27,229,55" /><INIT seed="3,0,0,3,4,20" ten="216,147,353,284" oya="3" hai0="107,5,50,127,41,81,21,90,31,66,92,28,126" hai1="6,100,135,37,133,76,111,43,104,26,30,71,42" hai2="95,35,73,110,129,114,57,70,19,45,54,88,118" hai3="97,112,101,96,98,109,123,125,44,131,63,108,11"/><W65/><G112/><T128/><D107/><U12/><E111/><N who="3" m="42570" /><G123/><T130/><D5/><U89/><E71/><V40/><F114/><W122/><G122/><T119/><D119/><U13/><E76/><V87/><F110/><W64/><G131/><N who="0" m="50219" /><D66/><N who="3" m="25705" /><G63/><T14/><D81/><U120/><E120/><V117/><F70/><W86/><G125/><N who="0" m="47627" /><D50/><U113/><E113/><V62/><F129/><W59/><G59/><T16/><D41/><U4/><E37/><V10/><F57/><W23/><G11/><T47/><D47/><U22/><E43/><V46/><F10/><W39/><G86/><AGARI ba="0,0" hai="14,16,21,28,31,86,90,92" m="47627,50219" machi="86" ten="30,3900,0" yaku="19,1,18,1,54,1" doraHai="20" who="0" fromWho="3" sc="216,39,147,0,353,0,284,-39" /><INIT seed="4,0,0,1,0,24" ten="255,147,353,245" oya="0" hai0="114,61,115,30,85,80,133,29,111,109,52,82,11" hai1="48,0,6,10,135,4,47,104,103,78,68,46,25" hai2="2,23,27,53,105,62,128,132,8,15,36,129,124" hai3="113,88,40,50,63,35,14,90,108,71,72,95,1"/><T69/><D133/><U96/><E135/><V18/><F132/><W102/><G1/><T86/><D11/><U70/><E46/><V87/><F2/><W13/><G35/><T123/><D123/><U121/><E121/><V28/><F105/><W12/><G72/><T19/><D19/><U43/><E6/><V45/><F124/><W65/><G108/><N who="0" m="41547" /><D85/><U66/><E66/><V110/><F110/><W34/><G34/><T112/><D80/><U99/><E78/><V94/><F62/><W60/><G113/><T49/><D61/><U77/><E77/><V97/><F87/><W93/><G63/><T134/><D69/><U41/><E43/><V73/><F73/><W21/><G102/><T7/><D7/><U22/><REACH who="1" step="1"/><E99/><REACH who="1" ten="255,137,353,245" step="2"/><V84/><F97/><W126/><G126/><T107/><D134/><U32/><E32/><V131/><F128/><W42/><G42/><T75/><D75/><U56/><E56/><V57/><F57/><W37/><G40/><T39/><D39/><U54/><E54/><V17/><F36/><W81/><G37/><T33/><D33/><U59/><E59/><V3/><F53/><W119/><G65/><T44/><D107/><U31/><AGARI ba="0,1" hai="0,4,10,22,25,31,41,47,48,68,70,96,103,104" machi="31" ten="20,5200,0" yaku="1,1,0,1,7,1,52,1,53,0" doraHai="24" doraHaiUra="89" who="1" fromWho="1" sc="255,-26,137,62,353,-13,245,-13" /><INIT seed="5,0,0,2,3,105" ten="229,199,340,232" oya="1" hai0="6,96,20,116,115,5,38,118,120,74,17,128,91" hai1="119,56,68,49,15,83,47,113,43,94,12,59,60" hai2="131,67,103,42,107,54,111,97,27,87,84,126,45" hai3="28,101,90,86,81,32,29,3,51,44,1,78,23"/><U52/><E119/><V124/><F111/><W13/><G101/><T79/><D38/><U48/><E113/><V37/><F131/><W0/><G32/><T71/><D71/><U134/><E134/><V2/><F2/><W100/><G100/><T19/><D115/><U4/><E68/><V63/><F54/><W66/><G66/><T92/><D128/><U39/><E59/><N who="2" m="37375" /><F27/><W35/><G35/><T117/><D120/><U24/><E24/><V9/><F9/><W80/><G23/><T65/><D65/><U26/><E26/><V10/><F10/><W132/><G13/><T93/><D93/><U62/><E39/><V73/><F73/><W16/><G16/><T77/><D19/><U123/><E123/><V130/><F130/><W25/><G25/><T109/><D109/><U98/><E83/><V72/><F72/><W7/><G7/><N who="0" m="2571" /><D74/><U121/><E121/><V99/><F97/><W11/><G11/><T82/><D82/><U108/><E108/><V36/><F36/><W122/><G132/><T40/><D40/><U8/><E15/><V69/><F69/><W95/><G122/><T129/><D129/><U88/><AGARI ba="0,0" hai="4,8,12,43,47,48,49,52,56,60,62,88,94,98" machi="88" ten="20,12000,1" yaku="0,1,7,1,8,1,54,2" doraHai="105" who="1" fromWho="1" sc="229,-40,199,120,340,-40,232,-40" /><INIT seed="5,1,0,1,4,23" ten="189,319,300,192" oya="1" hai0="127,34,49,130,88,20,35,61,30,24,123,53,118" hai1="84,100,87,82,50,128,95,21,36,0,109,117,46" hai2="55,86,26,39,4,48,19,8,5,73,3,70,12" hai3="131,62,72,44,80,71,112,14,115,18,102,92,121"/><U122/><E122/><V65/><F73/><W85/><G131/><T42/><D118/><U116/><E36/><V96/><F39/><W103/><G121/><T25/><D123/><U114/><E128/><V41/><F41/><W54/><G92/><T126/><D130/><U45/><E109/><V13/><F3/><W91/><G72/><T76/><D76/><U79/><E114/><N who="3" m="43562" /><G71/><T107/><D107/><U32/><E32/><V63/><F96/><W15/><G15/><T133/><D133/><U104/><E104/><V27/><F86/><W124/><G124/><N who="0" m="47659" /><D42/><U28/><E116/><V99/><F99/><W129/><G129/><T108/><D61/><U78/><E117/><V31/><F31/><W105/><G105/><T38/><D38/><U120/><E120/><V60/><F60/><W93/><G93/><T47/><D108/><U83/><E95/><V66/><F66/><W29/><G29/><N who="0" m="17543" /><D88/><U1/><E79/><V74/><F74/><W10/><G62/><T57/><D35/><U52/><E78/><V56/><REACH who="2" step="1"/><F4/><REACH who="2" ten="189,319,290,192" step="2"/><W94/><G94/><T110/><D110/><U51/><E100/><V75/><F75/><W58/><G103/><T17/><D17/><U77/><E87/><V22/><AGARI ba="1,1" hai="5,8,12,13,19,22,26,27,48,55,56,63,65,70" machi="22" ten="20,8000,1" yaku="1,1,0,1,7,1,52,2,53,0" doraHai="23" doraHaiUra="81" who="2" fromWho="2" sc="189,-21,319,-41,290,93,192,-21" /><INIT seed="6,0,0,2,2,40" ten="168,278,383,171" oya="2" hai0="16,106,108,57,1,134,62,48,68,5,61,64,66" hai1="79,20,22,111,13,29,93,63,56,92,0,67,32" hai2="100,117,11,55,70,101,99,54,95,12,109,34,44" hai3="96,51,91,41,38,43,78,73,65,118,113,135,47"/><V88/><F117/><W107/><G118/><T27/><D106/><U103/><E0/><V110/><F34/><W6/><G135/><T2/><D108/><N who="2" m="41578" /><F70/><W85/><G113/><T82/><D134/><U52/><E32/><V80/><F80/><W75/><G78/><T3/><D82/><U4/><E111/><V26/><F26/><W49/><G65/><T115/><D115/><U86/><E67/><V87/><F44/><W131/><G6/><T35/><D48/><U114/><E114/><V105/><F101/><W71/><G71/><T14/><D5/><AGARI ba="0,0" hai="5,11,12,54,55,87,88,95,99,100,105" m="41578" machi="5" ten="30,2900,0" yaku="10,1,54,1" doraHai="40" who="2" fromWho="0" sc="168,-29,278,0,383,29,171,0" /><INIT seed="6,1,0,4,3,125" ten="139,278,412,171" oya="2" hai0="86,21,83,109,107,69,36,43,100,98,12,113,37" hai1="6,121,123,32,108,30,124,5,46,80,73,45,91" hai2="15,93,51,65,38,127,1,75,58,23,59,96,3" hai3="119,39,50,56,48,131,18,132,97,49,105,101,92"/><V87/><F38/><W35/><G39/><T24/><D109/><U17/><E108/><V85/><F75/><W79/><G119/><T126/><D126/><U2/><E124/><V117/><F117/><W62/><G35/><T0/><D0/><U77/><E17/><V116/><F116/><W90/><G79/><T34/><D113/><U76/><E76/><V25/><F15/><W102/><G132/><T82/><D69/><U60/><E60/><N who="2" m="38039" /><F1/><W134/><G134/><T111/><D111/><U130/><E91/><N who="2" m="55359" /><F3/><W19/><G105/><T72/><D72/><U89/><E2/><V61/><F51/><W103/><REACH who="3" step="1"/><G131/><REACH who="3" ten="139,278,412,161" step="2"/><T54/><D34/><U64/><E130/><V74/><F127/><W112/><G112/><T9/><D37/><U118/><E118/><V94/><F74/><W44/><G44/><T40/><D36/><U11/><E46/><V16/><F94/><W114/><G114/><T135/><D135/><U106/><E45/><V8/><F8/><W110/><G110/><T81/><D9/><U28/><E11/><V4/><F23/><W13/><G13/><T71/><D12/><U120/><E106/><V128/><F128/><W66/><AGARI ba="1,1" hai="18,19,48,49,50,56,62,66,90,92,97,101,102,103" machi="66" ten="30,4000,0" yaku="1,1,0,1,8,1,53,0" doraHai="125" doraHaiUra="41" who="3" fromWho="3" sc="139,-11,278,-11,412,-21,161,53" /><INIT seed="7,0,0,1,4,62" ten="128,267,391,214" oya="3" hai0="68,50,15,2,30,112,93,43,26,125,3,28,0" hai1="64,115,77,96,124,131,116,22,89,54,32,82,132" hai2="56,120,58,118,41,92,34,85,113,100,16,72,61" hai3="119,80,70,71,66,129,60,27,18,8,69,48,79"/><W47/><G129/><T23/><D125/><U135/><E32/><V5/><F72/><W52/><G119/><T1/><N who="0" m="0" /><DORA hai="19" /><T38/><D38/><U13/><E116/><V127/><F34/><W128/><G128/><T102/><D68/><U10/><E131/><V81/><F5/><W7/><G7/><T33/><D112/><U4/><E115/><V59/><F41/><W46/><G46/><T130/><D130/><U75/><E124/><V103/><F61/><W24/><G8/><T21/><D15/><U122/><E122/><V42/><F42/><W126/><G126/><T12/><D12/><U17/><E54/><V99/><F120/><W88/><G88/><T107/><D107/><U94/><E64/><V134/><F134/><N who="1" m="51241" /><E4/><V63/><F113/><W53/><G53/><T14/><D14/><U95/><E94/><V65/><F118/><W117/><G117/><T74/><D74/><U123/><E123/><V121/><F121/><W39/><G39/><T87/><D30/><U25/><E25/><V67/><F67/><W108/><G108/><T84/><D102/><U57/><E57/><V98/><F65/><W78/><G78/><T104/><D104/><U45/><E45/><V36/><F36/><W83/><G83/><T133/><D133/><U109/><E109/><V44/><F81/><W73/><G27/><T114/><D114/><U111/><E111/><V90/><F44/><W37/><G37/><T9/><D26/><U101/><E101/><V105/><F127/><W97/><G71/><T6/><D6/><U35/><E35/><V29/><F103/><RYUUKYOKU ba="0,0" sc="128,-10,267,30,391,-10,214,-10" hai1="10,13,17,22,75,77,82,89,95,96" owari="118,-38.0,297,10.0,381,48.0,204,-20.0" /></mjloggm>