<mjloggm ver="2.3"><GO type="41" lobby="0"/><UN n0="%E3%83%95%E3%82%A7%E3%83%BC%E3%83%AA%E3%81%9F%E3%82%93" n1="%E8%B5%A4%E3%81%84%E6%B0%B4%E6%80%A7%E3%81%AE%E8%A5%BF" n2="%E3%82%A6%E3%83%AB%E3%83%88%E3%83%A9%E7%AB%8B%E7%9B%B4" n3="%E6%9A%97%E6%84%9A" dan="14,15,16,14" rate="1926.25,1960.23,2016.88,1880.83" sx="F,M,M,M"/><TAIKYOKU oya="0"/><INIT seed="0,0,0,4,4,49" ten="250,250,250,250" oya="0" hai0="0,135,74,70,113,6,83,132,68,122,92,39,100" hai1="75,85,109,9,98,44,45,33,53,5,41,115,127" hai2="31,35,84,64,71,37,106,118,43,4,14,87,133" hai3="63,81,80,1,38,73,117,69,101,7,46,128,99"/><T29/><D122/><U97/><E75/><V11/><F133/><N who="0" m="51274" /><D113/><U23/><E33/><V90/><F118/><W16/><G117/><T67/><D29/><U95/><E115/><V59/><F106/><W110/><G1/><T93/><D39/><U20/><E127/><V105/><F105/><W48/><G7/><T47/><D47/><U66/><E66/><V96/><F71/><N who="0" m="27178" /><D100/><U13/><E109/><V86/><F35/><W61/><G38/><T50/><D50/><U121/><E121/><V94/><F37/><W24/><G110/><T10/><D67/><U51/><E85/><V88/><F31/><W126/><G126/><T55/><D55/><U103/><REACH who="1" step="1"/><E98/><REACH who="1" ten="250,240,250,250" step="2"/><V27/><F86/><W34/><G73/><T12/><D0/><U3/><E3/><V78/><F87/><W119/><G34/><T131/><D131/><U123/><E123/><V76/><F84/><W56/><G128/><T104/><D74/><U52/><E52/><V30/><F96/><W40/><G99/><T112/><D112/><U8/><E8/><V65/><F11/><W134/><G134/><T17/><D10/><U107/><E107/><V62/><F65/><W91/><G69/><T26/><D104/><U124/><E124/><V25/><F64/><W15/><G101/><T22/><D22/><U89/><E89/><V2/><F88/><W120/><G91/><T72/><D72/><U79/><E79/><V58/><F90/><W111/><G120/><T21/><D21/><U77/><E77/><V18/><F78/><W19/><G111/><T82/><D92/><U129/><E129/><RYUUKYOKU ba="0,1" sc="250,-10,240,30,250,-10,250,-10" hai1="5,9,13,20,23,41,44,45,51,53,95,97,103" /><INIT seed="1,1,1,3,1,44" ten="240,270,240,240" oya="1" hai0="102,56,77,60,51,97,73,90,87,66,111,117,20" hai1="67,130,95,119,107,74,53,26,42,45,70,88,0" hai2="113,108,110,2,85,75,32,69,37,52,80,25,58" hai3="112,7,30,84,115,11,19,57,121,81,18,98,72"/><U59/><E119/><V6/><F75/><W128/><G121/><T116/><D111/><N who="2" m="42538" /><F37/><W3/><G72/><T39/><D39/><U48/><E0/><V134/><F69/><W15/><G128/><T63/><D20/><U124/><E130/><V131/><F131/><W71/><G71/><T79/><D63/><U92/><E74/><V83/><F113/><W21/><G30/><T46/><D73/><U27/><E107/><V28/><F134/><W65/><G98/><T68/><D68/><U127/><E70/><V101/><F101/><W41/><G41/><T14/><D14/><U31/><E92/><V105/><F105/><W86/><G86/><T34/><D34/><U38/><E67/><V9/><F85/><W50/><G50/><AGARI ba="1,1" hai="2,6,9,25,28,32,50,52,58,80,83" m="42538" machi="50" ten="30,3900,0" yaku="14,1,52,1,54,1" doraHai="44" who="2" fromWho="3" sc="240,0,270,0,240,52,240,-42" /><INIT seed="2,0,0,1,0,22" ten="240,270,292,198" oya="2" hai0="79,33,121,66,10,109,102,105,56,113,51,125,78" hai1="30,82,72,6,19,131,130,42,41,116,84,64,128" hai2="107,126,7,16,115,65,114,9,110,94,123,100,27" hai3="106,86,80,25,11,48,60,40,59,134,14,43,111"/><V31/><F107/><W117/><G117/><T32/><D121/><U54/><E116/><V12/><F123/><W52/><G106/><T39/><D113/><U104/><E104/><V46/><F126/><W74/><G111/><T18/><D39/><U34/><E72/><V122/><F122/><W0/><G134/><T67/><D109/><U2/><E64/><V75/><F75/><W68/><G74/><T96/><D125/><U119/><E119/><V87/><F110/><W91/><G0/><T124/><D124/><U29/><E54/><V8/><F65/><W90/><G68/><T28/><D66/><U76/><E19/><V15/><F46/><W58/><G25/><T50/><D50/><U69/><E69/><V13/><F13/><W85/><G59/><T118/><D118/><U93/><E93/><V61/><F61/><W20/><G60/><N who="0" m="38279" /><D51/><U62/><E62/><V92/><F92/><W77/><G77/><T38/><D38/><U49/><E49/><V35/><REACH who="2" step="1"/><F87/><REACH who="2" ten="240,270,282,198" step="2"/><W44/><G44/><T4/><D105/><U47/><E47/><V108/><F108/><W81/><G20/><T57/><D96/><AGARI ba="0,1" hai="7,8,9,12,15,16,27,31,35,94,96,100,114,115" machi="96" ten="40,7700,0" yaku="1,1,52,1,54,1,53,0" doraHai="22" doraHaiUra="101" who="2" fromWho="0" sc="240,-77,270,0,282,87,198,0" /><INIT seed="2,1,0,3,3,122" ten="163,270,369,198" oya="2" hai0="54,3,90,5,20,58,9,112,32,108,26,53,52" hai1="63,6,60,17,109,131,116,120,28,121,110,16,113" hai2="71,130,101,96,126,56,135,46,70,83,48,105,82" hai3="61,12,87,37,115,39,22,64,7,65,15,102,91"/><V24/><F126/><W79/><G39/><T99/><D112/><U14/><E116/><V38/><F130/><W27/><G37/><T98/><D32/><U77/><E113/><V42/><F135/><W85/><G115/><T67/><D108/><N who="1" m="41579" /><E131/><V132/><F132/><W31/><G102/><T127/><D127/><U1/><E77/><V57/><F57/><N who="3" m="36911" /><G65/><T103/><D90/><U73/><E73/><V41/><F24/><W34/><G34/><T124/><D124/><U94/><E28/><V123/><F123/><N who="1" m="47177" /><E1/><V81/><REACH who="2" step="1"/><F56/><REACH who="2" ten="163,270,359,198" step="2"/><W13/><G7/><T104/><D99/><U51/><E51/><V118/><F118/><W36/><G36/><T45/><D45/><AGARI ba="1,1" hai="38,41,42,45,46,48,70,71,81,82,83,96,101,105" machi="45" ten="40,2000,0" yaku="1,1,53,0" doraHai="122" doraHaiUra="111" who="2" fromWho="0" sc="163,-23,270,0,359,33,198,0" /><INIT seed="2,2,0,0,2,48" ten="140,270,392,198" oya="2" hai0="57,56,51,80,44,33,17,95,90,53,124,105,8" hai1="86,31,5,131,39,125,127,65,114,67,99,18,89" hai2="76,59,55,60,87,85,97,47,43,122,68,101,54" hai3="81,93,11,123,134,116,107,111,3,94,71,133,14"/><V58/><F68/><W4/><G71/><T24/><D105/><U72/><E39/><V132/><F122/><W110/><G107/><T12/><D124/><U0/><E72/><V66/><F132/><N who="3" m="50795" /><G123/><T78/><D33/><U82/><E114/><V106/><F76/><W117/><G81/><T37/><D37/><U92/><E31/><V28/><F28/><W22/><G93/><T83/><D24/><U46/><E131/><V118/><F118/><N who="3" m="45675" /><G94/><T91/><D83/><U15/><E5/><V100/><F100/><W7/><G22/><T34/><D34/><U38/><E0/><V2/><F2/><W35/><G35/><T25/><D25/><U102/><E38/><V16/><F87/><W73/><G73/><T69/><D69/><U19/><E46/><V109/><F85/><W36/><G36/><T63/><D95/><U126/><REACH who="1" step="1"/><E19/><REACH who="1" ten="140,260,392,198" step="2"/><V88/><F47/><W119/><G119/><T129/><D129/><U9/><AGARI ba="2,1" hai="9,15,18,65,67,82,86,89,92,99,102,125,126,127" machi="9" ten="30,7900,0" yaku="1,1,2,1,0,1,18,1,53,0" doraHai="48" doraHaiUra="26" who="1" fromWho="1" sc="140,-22,260,95,392,-41,198,-22" /><INIT seed="3,0,0,1,4,120" ten="118,355,351,176" oya="3" hai0="131,72,98,4,28,82,80,60,108,48,20,39,41" hai1="76,132,27,69,19,49,26,73,37,97,134,35,100" hai2="8,31,12,91,24,25,130,3,99,59,79,0,11" hai3="89,111,101,10,18,65,94,124,42,67,107,125,58"/><W15/><G107/><T2/><D131/><U14/><E37/><V6/><F79/><W113/><G101/><T75/><D60/><U50/><E69/><V128/><F59/><W133/><G113/><T121/><D121/><U117/><E117/><V90/><F99/><W86/><G133/><N who="1" m="51306" /><E76/><V61/><F61/><W13/><G42/><T62/><D62/><U129/><E73/><V106/><F106/><W95/><G111/><T44/><D48/><N who="1" m="18539" /><E129/><N who="2" m="49771" /><F91/><W92/><G125/><T119/><D119/><U16/><E35/><N who="2" m="20967" /><F90/><W77/><G124/><T112/><D112/><U32/><E32/><V116/><F116/><W30/><G30/><T56/><D75/><U38/><E38/><V34/><F8/><N who="3" m="6439" /><G77/><T109/><D72/><U46/><E19/><V54/><F54/><W123/><G123/><T87/><D56/><U36/><E46/><V17/><F34/><W78/><G58/><T84/><D98/><U1/><E1/><V85/><F85/><N who="0" m="32842" /><D2/><U104/><E36/><V118/><F118/><W71/><G78/><T52/><D4/><U29/><E29/><V7/><F7/><N who="3" m="3551" /><G71/><T102/><D102/><U53/><E53/><V135/><F135/><W21/><G21/><AGARI ba="0,0" hai="14,16,21,26,27,97,100,104" m="18539,51306" machi="21" ten="30,2000,0" yaku="20,1,54,1" doraHai="120" who="1" fromWho="3" sc="118,0,355,20,351,0,176,-20" /><AGARI ba="0,0" hai="0,3,6,11,12,17,21,25" m="20967,49771" machi="21" ten="30,3900,0" yaku="19,1,34,2" doraHai="120" who="2" fromWho="3" sc="118,0,375,0,351,39,156,-39" /><INIT seed="4,0,0,3,3,53" ten="118,375,390,117" oya="0" hai0="42,108,78,81,49,73,29,28,64,92,62,50,39" hai1="54,82,106,125,2,40,84,127,47,56,75,131,134" hai2="16,96,74,89,63,98,48,25,100,12,123,99,111" hai3="43,132,105,33,128,60,22,9,135,45,88,52,95"/><T85/><D108/><U101/><E75/><V93/><F74/><W121/><G105/><T26/><D39/><U77/><E2/><V32/><F111/><W79/><G33/><T31/><D42/><U76/><E134/><N who="3" m="51242" /><G128/><T55/><D26/><U119/><E119/><V126/><F126/><N who="1" m="48137" /><E131/><V35/><F123/><W97/><G121/><T19/><D19/><U17/><E17/><V30/><F35/><W11/><G79/><T91/><REACH who="0" step="1"/><D55/><REACH who="0" ten="108,375,390,117" step="2"/><U3/><E106/><V109/><F25/><W116/><G116/><T4/><D4/><U86/><E101/><V90/><F16/><W117/><G117/><T8/><D8/><U44/><E3/><V34/><F100/><W58/><G22/><T133/><D133/><U71/><E40/><V6/><F34/><W14/><G14/><T61/><D61/><N who="1" m="35991" /><E71/><AGARI ba="0,1" hai="28,29,31,49,50,62,64,71,73,78,81,85,91,92" machi="71" ten="40,2000,0" yaku="1,1,53,0" doraHai="53" doraHaiUra="41" who="0" fromWho="1" sc="108,30,375,-20,390,0,117,0" /><INIT seed="4,1,0,1,5,49" ten="138,355,390,117" oya="0" hai0="40,88,52,41,68,30,16,26,90,135,22,34,78" hai1="46,117,64,37,91,128,15,134,75,118,24,102,5" hai2="87,95,50,82,12,93,115,113,51,0,60,44,83" hai3="58,21,9,116,120,48,71,111,85,94,56,57,121"/><T53/><D68/><U73/><E37/><V70/><F0/><W39/><G111/><T4/><D135/><U32/><E5/><V126/><F126/><W59/><G116/><T101/><D101/><U28/><E134/><V110/><F110/><W77/><G39/><T106/><D106/><U27/><E128/><V98/><F12/><W47/><G71/><T80/><D4/><U6/><E27/><V125/><F125/><W3/><G21/><T123/><D123/><N who="3" m="47177" /><G94/><T20/><D34/><U54/><E64/><V76/><F51/><W35/><G35/><T100/><D100/><U92/><E102/><V62/><F83/><N who="3" m="47343" /><G9/><T36/><D36/><U81/><E81/><V1/><F95/><W55/><G3/><T72/><D41/><U63/><E118/><V132/><F1/><W13/><G13/><T23/><D40/><U119/><E119/><V14/><F14/><W2/><G2/><T67/><D67/><U33/><E117/><V43/><F70/><W131/><G131/><T89/><REACH who="0" step="1"/><D23/><REACH who="0" ten="128,355,390,117" step="2"/><U122/><E122/><V107/><F107/><W124/><G124/><T103/><D103/><U29/><E33/><V42/><F42/><W45/><AGARI ba="1,1" hai="45,47,48,55,56,57,58,59" m="47343,47177" machi="45" ten="40,2700,0" yaku="13,1,52,1" doraHai="49" who="3" fromWho="3" sc="128,-14,355,-8,390,-8,117,40" /><INIT seed="5,0,0,0,5,98" ten="114,347,382,157" oya="1" hai0="0,48,32,122,42,92,15,123,67,69,129,77,121" hai1="105,49,88,31,51,120,86,70,57,119,112,72,9" hai2="12,33,111,19,118,2,55,87,110,82,81,59,96" hai3="17,89,60,134,103,47,74,116,40,104,113,5,84"/><U22/><E119/><V95/><F2/><W14/><G74/><T133/><D0/><U125/><E112/><V66/><F33/><W6/><G113/><T24/><D77/><U45/><E105/><V39/><F39/><W54/><G116/><T130/><D15/><U27/><E70/><V3/><F3/><W29/><G134/><T41/><D92/><U124/><E72/><V71/><F71/><W18/><G104/><T25/><D32/><U64/><E120/><V114/><F66/><W50/><G29/><T97/><D97/><U127/><E9/><V11/><F82/><N who="3" m="49303" /><G103/><T76/><D76/><U115/><E115/><V53/><F114/><W38/><G38/><T62/><D24/><U10/><E10/><V85/><F118/><W131/><G131/><N who="0" m="50187" /><D25/><U21/><E21/><V126/><F81/><W83/><G83/><T7/><D7/><N who="3" m="2569" /><G14/><T46/><D133/><U80/><E45/><V99/><F12/><W94/><G94/><T35/><D35/><U44/><E44/><V107/><F95/><W63/><G40/><AGARI ba="0,0" hai="40,41,42,46,48,62,67,69,121,122,123" m="50187" machi="40" ten="40,8000,1" yaku="13,1,19,1,34,2" doraHai="98" who="0" fromWho="3" sc="114,80,347,0,382,0,157,-80" /><INIT seed="6,0,0,4,2,118" ten="194,347,382,77" oya="2" hai0="31,85,77,17,83,68,128,80,15,111,123,10,133" hai1="63,120,42,58,2,119,5,48,75,93,110,101,103" hai2="1,66,46,6,98,19,96,121,91,62,114,43,92" hai3="82,7,112,67,32,74,108,105,95,104,47,40,54"/><V135/><F135/><W126/><G126/><T116/><BYE who="3" /><D111/><U70/><E110/><V18/><F114/><W49/><G49/><T100/><D116/><U117/><E75/><V34/><F34/><W124/><G124/><T13/><D133/><U115/><E115/><V113/><F113/><W4/><G4/><T64/><D128/><U102/><E120/><V45/><F121/><W84/><G84/><T60/><D100/><U11/><E70/><V41/><F6/><W132/><G132/><T65/><D65/><U16/><E93/><V129/><F1/><W12/><G12/><T14/><D31/><U134/><E134/><V79/><F79/><W97/><G97/><T8/><D83/><U73/><E73/><V30/><F30/><W122/><G122/><T71/><D71/><U107/><E107/><V26/><F129/><W125/><G125/><T9/><REACH who="0" step="1"/><D17/><REACH who="0" ten="184,347,382,77" step="2"/><U72/><E72/><V24/><F66/><W3/><G3/><T56/><D56/><U76/><E76/><V33/><F18/><W55/><G55/><T106/><D106/><U39/><E39/><V109/><F19/><W35/><G35/><T127/><D127/><U27/><E42/><V81/><F43/><W59/><G59/><T37/><D37/><U90/><E90/><V22/><F41/><W89/><G89/><T88/><D88/><U69/><E69/><V25/><F91/><W86/><G86/><T44/><D44/><U57/><E57/><V61/><F46/><W29/><G29/><T50/><D50/><U94/><E48/><V78/><F45/><W53/><G53/><RYUUKYOKU ba="0,1" sc="184,30,347,-10,382,-10,77,-10" hai0="8,9,10,13,14,15,60,64,68,77,80,85,123" /><INIT seed="7,1,1,3,3,95" ten="214,337,372,67" oya="3" hai0="57,33,98,8,31,97,50,103,74,37,90,47,112" hai1="121,15,34,10,9,23,105,45,106,111,107,53,115" hai2="86,17,0,44,108,92,1,125,59,117,14,40,28" hai3="39,81,41,73,55,64,83,56,85,69,38,76,60"/><W48/><G48/><T131/><D131/><U58/><E121/><V132/><F108/><W84/><G84/><T134/><D134/><U135/><E111/><V11/><F132/><W126/><G126/><T82/><D37/><U68/><E68/><V52/><F125/><W63/><G63/><T25/><D112/><U12/><E135/><V7/><F28/><W4/><G4/><T6/><D57/><U19/><E34/><V77/><F117/><W18/><G18/><T75/><D103/><U71/><E71/><V65/><F65/><W27/><G27/><T72/><D90/><U94/><E115/><V13/><F1/><W30/><G30/><T21/><D33/><U104/><N who="1" m="27136" /><DORA hai="51" /><U129/><E129/><V66/><F66/><W78/><G78/><T26/><D26/><U101/><E45/><V42/><F0/><W80/><G80/><T22/><D22/><U116/><E116/><V35/><F35/><W133/><G133/><T99/><D82/><U127/><E127/><V88/><F77/><W128/><G128/><T122/><D122/><U91/><E101/><V93/><F93/><W110/><G110/><T54/><REACH who="0" step="1"/><D74/><REACH who="0" ten="204,337,372,67" step="2"/><U120/><E120/><V119/><F119/><W20/><G20/><T96/><N who="0" m="24576" /><DORA hai="43" /><T62/><D62/><U100/><E100/><V36/><F36/><W32/><G32/><T24/><D24/><U5/><E23/><N who="2" m="11703" /><F44/><W87/><G87/><T2/><AGARI ba="1,2" hai="2,6,8,21,25,31,47,50,54,72,75" m="24576" machi="2" ten="40,16000,3" yaku="1,1,0,1,52,6,53,0" doraHai="95,51,43" doraHaiUra="118,123,102" who="0" fromWho="0" sc="204,183,337,-41,372,-41,67,-81" owari="387,48.0,296,-10.0,331,13.0,-14,-51.0" /></mjloggm>