<mjloggm ver="2.3"><GO type="41" lobby="0"/><UN n0="%E3%83%9E%E3%82%B8%E3%82%AA" n1="%E6%9C%AC%E5%BD%93%E3%81%AE%E7%A7%81%E3%81%AF%E3%81%AD%E3%83%BB%E3%83%BB" n2="%6D%61%73%75%6B%75%6D%61" n3="%E3%82%A6%E3%83%AB%E3%83%88%E3%83%A9%E7%AB%8B%E7%9B%B4" dan="14,13,14,16" rate="1895.67,1918.47,1829.56,2068.12" sx="M,F,M,M"/><TAIKYOKU oya="0"/><INIT seed="0,0,0,1,1,87" ten="250,250,250,250" oya="0" hai0="45,32,103,110,84,63,12,17,60,13,70,26,128" hai1="129,98,56,36,27,132,62,104,122,80,119,67,105" hai2="47,16,52,107,79,116,40,124,54,51,133,101,72" hai3="131,66,65,11,38,39,43,55,108,2,130,37,68"/><T5/><D128/><U21/><E119/><V91/><F116/><W78/><G78/><T89/><D110/><U34/><E122/><V29/><F72/><W7/><G11/><T15/><D103/><U8/><E36/><V92/><F79/><W77/><G7/><T25/><D5/><U120/><E120/><V0/><F0/><W76/><G77/><T111/><D111/><U74/><E132/><V118/><F29/><W94/><G76/><T64/><D63/><U14/><E34/><V114/><F118/><W59/><G94/><T97/><D97/><U50/><E50/><V73/><F73/><W123/><G2/><T9/><D45/><U19/><E74/><V57/><F114/><W6/><G6/><T20/><D32/><U1/><E80/><V22/><F133/><W81/><G81/><T85/><D85/><U93/><E129/><N who="3" m="49162" /><G123/><T135/><D135/><U33/><E33/><V69/><F69/><W126/><G108/><T71/><D71/><U90/><REACH who="1" step="1"/><E1/><REACH who="1" ten="250,240,250,250" step="2"/><V3/><F3/><W28/><G38/><T4/><REACH who="0" step="1"/><D26/><REACH who="0" ten="240,240,250,250" step="2"/><U35/><E35/><V61/><F101/><W115/><G115/><T48/><D48/><U41/><E41/><V117/><F117/><W82/><G39/><T42/><D42/><U88/><E88/><V127/><F40/><W96/><G43/><T112/><D112/><U18/><AGARI ba="0,2" hai="8,14,18,19,21,27,56,62,67,90,93,98,104,105" machi="18" ten="20,5200,0" yaku="1,1,0,1,7,1,52,1,53,0" doraHai="87" doraHaiUra="30" who="1" fromWho="1" sc="240,-26,240,72,250,-13,250,-13" /><INIT seed="1,0,0,3,1,112" ten="214,312,237,237" oya="1" hai0="4,42,61,103,27,117,107,52,7,115,110,122,101" hai1="43,13,132,3,88,32,80,60,133,45,51,15,18" hai2="129,116,62,46,85,56,33,95,67,123,66,106,84" hai3="9,16,131,94,86,91,113,93,6,130,92,126,79"/><U17/><E32/><V89/><F33/><W78/><G113/><T49/><D117/><U25/><E3/><V127/><F123/><W8/><G126/><T2/><D115/><U98/><E60/><V36/><F127/><W14/><G91/><T5/><D122/><U81/><E25/><V58/><F106/><W111/><G111/><T10/><D110/><U28/><E28/><V65/><F129/><W121/><G121/><T40/><D27/><U104/><E104/><V39/><F116/><W23/><G9/><T53/><D61/><U83/><E98/><V44/><F95/><W19/><G19/><N who="1" m="7178" /><E88/><V47/><F89/><W108/><G108/><T26/><D26/><U119/><E119/><V75/><F75/><W48/><G48/><T134/><D134/><AGARI ba="0,0" hai="13,15,43,45,51,80,81,83,132,133,134" m="7178" machi="134" ten="30,1500,0" yaku="20,1" doraHai="112" who="1" fromWho="0" sc="214,-15,312,15,237,0,237,0" /><INIT seed="1,1,0,4,5,39" ten="199,327,237,237" oya="1" hai0="100,121,24,10,2,101,0,78,119,57,64,18,59" hai1="8,23,108,25,42,19,97,58,45,67,27,117,102" hai2="34,99,13,15,3,28,33,98,129,110,41,21,122" hai3="7,43,5,12,73,22,47,56,126,83,87,94,75"/><U86/><E117/><V115/><F122/><W52/><G126/><T107/><D119/><U103/><E108/><V1/><F110/><W82/><G94/><T77/><D121/><U17/><E86/><V128/><F115/><W106/><G106/><T134/><D134/><U62/><E97/><V105/><F105/><W116/><G116/><T74/><D2/><U90/><E90/><V31/><F21/><W26/><G75/><T123/><D123/><U109/><E109/><V80/><F80/><W125/><G73/><T16/><D0/><U50/><E8/><V70/><F70/><W63/><G125/><T11/><D107/><U120/><E120/><V76/><REACH who="2" step="1"/><F76/><REACH who="2" ten="199,327,227,237" step="2"/><W72/><G83/><T68/><D78/><U61/><E61/><V54/><F54/><W69/><G69/><T114/><D77/><U85/><E85/><V91/><F91/><W127/><G72/><T81/><D114/><U130/><E130/><V65/><F65/><W35/><G127/><T48/><D68/><U135/><E135/><V53/><F53/><W92/><G92/><T84/><D64/><U55/><E67/><V46/><F46/><W133/><G133/><T66/><D66/><U37/><E37/><V30/><F30/><W132/><G132/><T4/><D84/><U9/><E9/><V95/><F95/><W79/><G22/><AGARI ba="1,1" hai="17,19,22,23,25,27,42,45,50,55,58,62,102,103" machi="22" ten="40,7700,0" yaku="9,1,8,1,52,1" doraHai="39" who="1" fromWho="3" sc="199,0,327,90,227,0,237,-80" /><INIT seed="1,2,0,2,3,47" ten="199,417,227,157" oya="1" hai0="15,46,102,44,25,70,23,3,111,8,27,32,91" hai1="129,105,45,40,33,130,59,106,77,84,119,51,86" hai2="74,39,107,0,60,12,121,37,97,14,28,36,133" hai3="50,26,103,82,72,100,17,55,127,85,73,20,53"/><U19/><E33/><V1/><F60/><W49/><G127/><T112/><D112/><U124/><E124/><V67/><F67/><W63/><G73/><T9/><D111/><U52/><E19/><V43/><F28/><W93/><G72/><T94/><D70/><U2/><E2/><V38/><F121/><W6/><G6/><T117/><D117/><U101/><E119/><V41/><F74/><W56/><G93/><T92/><D102/><U131/><E101/><V123/><F123/><W22/><G22/><T76/><D76/><U96/><E96/><V122/><F122/><W83/><G63/><T89/><D23/><U34/><E34/><V79/><F79/><W78/><G83/><T35/><REACH who="0" step="1"/><D15/><REACH who="0" ten="189,417,227,157" step="2"/><U64/><E77/><V54/><F107/><N who="1" m="40969" /><E64/><V61/><F97/><W113/><REACH who="3" step="1"/><G113/><REACH who="3" ten="189,417,227,147" step="2"/><T104/><D104/><U87/><E131/><V132/><F61/><W114/><G114/><T69/><D69/><U48/><E130/><V116/><F116/><W4/><G4/><T118/><D118/><U109/><E129/><V75/><F75/><W65/><G65/><T18/><D18/><U29/><E29/><V115/><F115/><W66/><G66/><T5/><D5/><U126/><E126/><V24/><F0/><AGARI ba="2,2" hai="0,3,8,9,25,27,32,35,44,46,89,91,92,94" machi="0" ten="25,3200,0" yaku="1,1,22,2,53,0" doraHai="47" doraHaiUra="128" who="0" fromWho="2" sc="189,58,417,0,227,-38,147,0" /><INIT seed="2,0,0,1,1,115" ten="247,417,189,147" oya="2" hai0="48,24,3,47,4,97,51,107,40,37,102,39,29" hai1="128,92,87,71,50,127,116,133,46,131,60,35,119" hai2="53,85,135,98,101,5,111,114,49,8,89,6,103" hai3="44,23,0,20,59,99,19,1,21,34,77,38,62"/><V95/><F114/><W11/><G77/><T112/><D112/><U66/><E35/><V118/><F118/><N who="1" m="45097" /><E127/><V68/><F68/><W13/><G99/><T65/><D65/><U36/><E87/><V72/><F72/><W75/><G59/><T26/><D39/><U117/><E133/><V33/><F33/><W109/><G62/><T121/><D121/><U108/><E92/><V31/><F31/><W104/><G44/><T84/><D26/><U123/><E123/><V110/><F135/><W67/><G67/><T52/><D84/><U88/><E88/><N who="2" m="53647" /><F8/><W22/><G38/><T91/><D91/><U69/><E108/><N who="2" m="41515" /><F89/><W7/><G109/><T32/><D32/><U120/><E120/><V82/><F82/><W55/><G75/><T63/><D102/><N who="2" m="38922" /><F98/><W90/><G90/><T126/><D97/><U9/><E9/><V70/><F70/><W12/><G104/><T78/><D107/><U134/><E134/><V10/><F10/><W64/><G64/><T16/><D29/><U17/><E117/><V56/><AGARI ba="0,0" hai="5,6,49,53,56" m="38922,41515,53647" machi="56" ten="30,6000,0" yaku="14,1,10,1,54,1" doraHai="115" who="2" fromWho="2" sc="247,-20,417,-20,189,60,147,-20" /><INIT seed="2,1,0,4,3,21" ten="227,397,249,127" oya="2" hai0="50,120,33,40,34,121,130,16,38,63,49,42,4" hai1="116,87,17,125,126,127,36,6,119,80,1,60,96" hai2="117,64,94,70,3,84,5,133,74,20,128,44,72" hai3="104,10,99,14,103,73,27,32,81,91,31,57,93"/><V62/><F117/><N who="1" m="45129" /><E36/><V45/><F3/><W88/><G57/><T112/><D112/><U23/><E60/><V132/><F5/><W29/><G29/><T108/><D108/><U69/><E69/><V89/><F128/><W22/><G32/><T79/><D130/><U77/><E96/><V39/><F44/><W107/><G103/><T13/><D4/><U110/><E6/><V65/><F65/><W12/><G12/><T95/><D79/><U66/><E66/><V30/><F45/><W18/><REACH who="3" step="1"/><G91/><REACH who="3" ten="227,397,249,117" step="2"/><T86/><D33/><U102/><E102/><V97/><F133/><W124/><G124/><T59/><D34/><U75/><E110/><V106/><F132/><W100/><G100/><T109/><D59/><U82/><E1/><V118/><F118/><W19/><G19/><T67/><D16/><U9/><E9/><V111/><F111/><W129/><G129/><T7/><D13/><U78/><E78/><AGARI ba="1,1" hai="10,14,18,22,27,31,73,78,81,88,93,99,104,107" machi="78" ten="40,5200,0" yaku="1,1,52,1,54,1,53,0" doraHai="21" doraHaiUra="37" who="3" fromWho="1" sc="227,0,397,-55,249,0,117,65" /><INIT seed="3,0,0,3,0,27" ten="227,342,249,182" oya="3" hai0="124,6,104,106,54,114,13,76,52,113,93,36,29" hai1="39,74,115,102,57,31,22,120,126,53,83,45,108" hai2="73,125,30,90,122,123,40,101,96,47,38,80,12" hai3="17,117,127,2,26,69,134,110,48,23,88,70,33"/><W91/><G117/><T112/><D124/><U19/><E115/><V35/><F125/><W41/><G127/><T4/><D36/><U95/><E126/><V46/><F47/><W11/><G134/><T8/><D76/><U24/><E120/><N who="2" m="46123" /><F12/><W132/><G132/><T103/><D6/><U87/><E108/><V10/><F10/><W107/><G107/><N who="0" m="41003" /><D29/><U128/><E128/><V16/><F101/><W131/><G110/><T56/><D56/><U37/><E74/><V105/><F105/><W86/><G131/><T0/><D0/><U43/><E37/><V92/><F80/><W72/><G33/><T82/><D82/><U34/><E95/><V51/><F73/><W98/><G72/><T121/><D121/><U63/><E102/><V118/><F118/><W81/><G98/><AGARI ba="0,0" hai="4,8,13,52,54,93,98,103,112,113,114" m="41003" machi="98" ten="40,2600,0" yaku="11,1,54,1" doraHai="27" who="0" fromWho="3" sc="227,26,342,0,249,0,182,-26" /><INIT seed="4,0,0,3,5,35" ten="253,342,249,156" oya="0" hai0="53,93,79,4,48,39,49,41,98,120,129,114,123" hai1="1,6,55,122,43,103,84,50,19,76,24,112,90" hai2="73,18,70,83,3,89,51,44,37,113,104,85,130" hai3="5,108,22,119,116,2,95,92,127,100,71,77,13"/><T21/><D114/><U121/><E112/><V26/><F70/><W69/><G13/><T124/><D124/><U75/><E103/><V106/><F37/><W131/><G22/><T31/><D129/><U80/><E43/><V110/><F130/><W47/><G131/><T14/><D79/><U36/><E36/><V57/><F110/><W10/><G108/><T107/><D107/><U46/><E24/><V101/><F101/><W78/><G100/><T58/><D39/><U87/><E19/><V33/><F73/><W29/><G47/><T12/><D123/><U126/><E126/><V64/><F113/><W7/><G10/><T109/><D120/><U20/><E20/><V105/><F64/><W115/><G115/><T86/><D109/><U9/><E87/><V56/><F3/><W17/><G17/><T68/><D68/><U67/><E67/><V42/><F18/><W60/><G60/><T38/><D38/><U118/><E118/><V65/><F65/><W132/><G127/><T117/><D86/><U81/><AGARI ba="0,0" hai="1,6,9,46,50,55,75,76,80,81,84,90,121,122" machi="81" ten="20,2700,0" yaku="0,1,7,1,52,1" doraHai="35" who="1" fromWho="1" sc="253,-13,342,27,249,-7,156,-7" /><INIT seed="5,0,0,0,2,104" ten="240,369,242,149" oya="1" hai0="46,15,67,13,77,41,97,40,34,19,126,9,129" hai1="80,85,50,87,22,43,0,64,39,123,100,7,18" hai2="42,93,3,27,131,35,117,44,48,6,2,24,57" hai3="28,59,69,84,115,26,120,79,121,91,65,12,37"/><U113/><E123/><V128/><F117/><W124/><G115/><T108/><D108/><U31/><E39/><V89/><F6/><W32/><G124/><T106/><D126/><U4/><E0/><V49/><F35/><W66/><G37/><T133/><D133/><U71/><E113/><V55/><F3/><W94/><G69/><T5/><D129/><U53/><E31/><V132/><F2/><W51/><G66/><T70/><D34/><U14/><E43/><V90/><F132/><W68/><G68/><T74/><D70/><U119/><E119/><V103/><F103/><W111/><G111/><T109/><D67/><U25/><E71/><V118/><F118/><W105/><G105/><T1/><D109/><U11/><E64/><V58/><F57/><W82/><G12/><T102/><D19/><U134/><E100/><V72/><F72/><W45/><G45/><T110/><D110/><U63/><E63/><V38/><F38/><W29/><G29/><T86/><D86/><N who="1" m="32779" /><E134/><V107/><F107/><W96/><REACH who="3" step="1"/><G51/><REACH who="3" ten="240,369,242,139" step="2"/><T92/><D106/><U78/><E50/><V95/><F131/><W20/><G20/><T116/><D116/><U88/><E22/><V62/><F128/><W16/><G16/><T23/><D23/><U83/><E25/><N who="2" m="9803" /><F49/><W10/><G10/><T125/><D125/><U114/><E114/><V21/><F21/><W101/><G101/><T54/><D102/><U61/><E18/><V36/><F36/><W47/><G47/><T17/><D46/><U73/><E11/><V130/><F130/><W33/><G33/><T135/><D1/><RYUUKYOKU ba="0,1" sc="240,-15,369,-15,242,15,139,15" hai2="42,44,48,55,58,62,89,90,93,95" hai3="26,28,32,59,65,79,82,84,91,94,96,120,121" /><INIT seed="6,1,1,1,0,6" ten="225,354,257,154" oya="2" hai0="81,53,9,126,0,133,29,103,33,128,101,114,26" hai1="89,116,85,54,124,90,55,107,112,13,121,130,47" hai2="50,30,105,68,125,22,3,113,7,25,48,58,98" hai3="72,20,96,16,24,67,131,104,120,78,51,19,117"/><V34/><F68/><W91/><G120/><T57/><D114/><U119/><E107/><V10/><F113/><W79/><G117/><T94/><D126/><U71/><E71/><V12/><F125/><W102/><G131/><T59/><D128/><U108/><E108/><V115/><F115/><W111/><G111/><T74/><D133/><U99/><E124/><V66/><F105/><W52/><G67/><T14/><D0/><U37/><E37/><V73/><F73/><W32/><G32/><T2/><D2/><U63/><E112/><V1/><F1/><W40/><G40/><T77/><D94/><U86/><E99/><V60/><F98/><W18/><G91/><T27/><D27/><U93/><E121/><V122/><REACH who="2" step="1"/><F122/><REACH who="2" ten="225,354,247,154" step="2"/><W70/><G70/><T8/><D74/><U44/><E130/><V134/><F134/><W38/><G72/><T36/><D103/><U100/><E100/><V43/><F43/><W42/><G42/><T82/><D101/><U23/><E119/><V31/><F31/><W83/><G104/><T46/><D29/><U45/><E116/><V97/><F97/><W92/><G38/><T80/><D36/><U109/><E109/><V88/><F88/><W69/><G69/><T87/><D77/><U84/><E90/><V110/><F110/><W49/><G79/><T21/><D33/><U61/><E89/><V5/><F5/><W95/><G78/><T56/><D53/><N who="1" m="19979" /><E93/><V132/><F132/><W4/><G92/><T123/><D123/><U28/><E28/><V35/><F35/><W106/><G95/><T41/><D41/><RYUUKYOKU ba="1,2" sc="225,-15,354,15,247,15,154,-15" hai1="13,23,44,45,47,61,63,84,85,86" hai2="3,7,10,12,22,25,30,34,48,50,58,60,66" /><INIT seed="6,2,2,0,0,29" ten="210,369,262,139" oya="2" hai0="55,108,114,97,66,70,73,17,22,75,86,76,8" hai1="25,124,79,28,116,13,49,82,1,59,53,24,96" hai2="87,85,43,130,127,5,39,45,111,72,32,110,104" hai3="101,100,51,113,109,102,125,40,128,107,135,19,37"/><V91/><F72/><W65/><G109/><N who="2" m="41481" /><F104/><W94/><G107/><T54/><D108/><U31/><E1/><V68/><F68/><W34/><G37/><T6/><D114/><U38/><E38/><V93/><F127/><W132/><G65/><T48/><D97/><U61/><E116/><V60/><F60/><W119/><G119/><T80/><D70/><U64/><E13/><V23/><F5/><W52/><G40/><T3/><D66/><U88/><E124/><V35/><F23/><W11/><G125/><T62/><D62/><U77/><E79/><V20/><F20/><W26/><G94/><T118/><D118/><U12/><E12/><V84/><F130/><W46/><G128/><T78/><D78/><U21/><E77/><V16/><F16/><W126/><G126/><T71/><D71/><U131/><E131/><V15/><F15/><W106/><G106/><T120/><D120/><U2/><E2/><V81/><F81/><W18/><G113/><T50/><D50/><U36/><E36/><V9/><F9/><W123/><G123/><T117/><D117/><U10/><E10/><V103/><F103/><W129/><G129/><T89/><D48/><U92/><E82/><V27/><F27/><N who="1" m="10313" /><E21/><V115/><F115/><W57/><G11/><T105/><D105/><U4/><E4/><V7/><F7/><W134/><G46/><AGARI ba="2,2" hai="28,31,46,49,53,59,61,64,88,92,96" m="10313" machi="46" ten="30,2000,0" yaku="8,1,54,1" doraHai="29" who="1" fromWho="3" sc="210,0,369,46,262,0,139,-26" /><INIT seed="7,0,0,5,3,49" ten="210,415,262,113" oya="3" hai0="17,89,99,73,58,70,82,27,62,45,61,50,130" hai1="93,42,9,14,4,102,31,11,92,83,107,125,108" hai2="121,51,116,34,98,46,119,59,7,63,128,20,79" hai3="104,55,124,56,81,21,75,12,33,57,47,103,53"/><W6/><G33/><T84/><D130/><U133/><E108/><V10/><F34/><W54/><G124/><T134/><D134/><U16/><E133/><V110/><F121/><W36/><G104/><T135/><D135/><U39/><E83/><V126/><F110/><W78/><G103/><T40/><D70/><U132/><E125/><V129/><F126/><W131/><G131/><T25/><D73/><U74/><E31/><V72/><F72/><W3/><G12/><T18/><D99/><U66/><E66/><V85/><F129/><W113/><G21/><T88/><D89/><U67/><E67/><V90/><F128/><W24/><G24/><N who="0" m="9291" /><D61/><U127/><E74/><V8/><F20/><W77/><G77/><T122/><D122/><U65/><E65/><AGARI ba="0,0" hai="17,18,40,45,50,58,62,65,82,84,88" m="9291" machi="65" ten="30,2000,0" yaku="8,1,54,1" doraHai="49" who="0" fromWho="1" sc="210,20,415,-20,262,0,113,0" owari="230,-17.0,395,50.0,262,6.0,113,-39.0" /></mjloggm>