<mjloggm ver="2.3"><GO type="225" lobby="0"/><UN n0="%E4%B8%8B%E6%AE%B5%E3%83%81%E3%82%A7%E3%83%AA%E3%83%BC" n1="%E3%82%A6%E3%83%AB%E3%83%88%E3%83%A9%E7%AB%8B%E7%9B%B4" n2="%E9%95%B7%E3%81%84%E5%A4%A2" n3="%E8%97%A4%E5%A0%82%E8%A6%81" dan="16,16,16,16" rate="2153.47,2008.76,2084.94,2110.75" sx="M,M,M,F"/><TAIKYOKU oya="0"/><INIT seed="0,0,0,2,5,17" ten="250,250,250,250" oya="0" hai0="38,23,49,98,132,108,97,42,26,6,69,94,16" hai1="123,46,8,48,25,63,5,18,129,79,22,125,37" hai2="28,56,91,2,81,43,80,58,112,20,99,19,95" hai3="110,134,62,87,122,85,0,71,113,92,100,7,102"/><T124/><D69/><U65/><E123/><V120/><F120/><W86/><G7/><T64/><D38/><U32/><E125/><V103/><F112/><W29/><G0/><T11/><D124/><U89/><E129/><V101/><F2/><W12/><G29/><T105/><D132/><U61/><E32/><V27/><F43/><W67/><G113/><T96/><D108/><U90/><E79/><V126/><F126/><W31/><G31/><T135/><D105/><U70/><E61/><V130/><F130/><W14/><G122/><T116/><D64/><U73/><E73/><V40/><F40/><W119/><G119/><T66/><D66/><U107/><E107/><V4/><F4/><W3/><G3/><T45/><D116/><U131/><E131/><V47/><F47/><W82/><G134/><T133/><REACH who="0" step="1"/><D94/><REACH who="0" ten="240,250,250,250" step="2"/><U118/><E37/><V33/><F81/><W78/><G110/><T13/><AGARI ba="0,1" hai="6,11,13,16,23,26,42,45,49,96,97,98,133,135" machi="13" ten="30,12000,1" yaku="1,1,2,1,0,1,52,1,54,1,53,0" doraHai="17" doraHaiUra="68" who="0" fromWho="0" sc="240,130,250,-40,250,-40,250,-40" /><INIT seed="0,1,0,4,1,42" ten="370,210,210,210" oya="0" hai0="110,133,105,55,2,83,70,18,101,82,92,64,73" hai1="38,61,36,93,102,43,122,106,27,8,20,98,65" hai2="132,5,68,0,96,15,19,99,107,7,115,130,95" hai3="134,62,124,84,32,117,120,77,17,72,30,29,91"/><T6/><D133/><U87/><E122/><V41/><F115/><W59/><G117/><T53/><D110/><U112/><E112/><V25/><F68/><W3/><G3/><T104/><D64/><U74/><E74/><V60/><F0/><W12/><G134/><T13/><D70/><U22/><E43/><V85/><F107/><W54/><G32/><T123/><D123/><U94/><E106/><V52/><F25/><W47/><G124/><T23/><D105/><U78/><E8/><N who="2" m="6631" /><F41/><W79/><G120/><T58/><D104/><U63/><E22/><V46/><F130/><W35/><G35/><T114/><D114/><U66/><E66/><V48/><F60/><W75/><G75/><T127/><D127/><U69/><E63/><V118/><F118/><W44/><G72/><T116/><D73/><U108/><E108/><V21/><F21/><N who="3" m="11431" /><G29/><T135/><D135/><U49/><E49/><V76/><F132/><W97/><G97/><N who="2" m="37449" /><F95/><N who="3" m="54759" /><G30/><T111/><D111/><U33/><E33/><V34/><F34/><W121/><G121/><T86/><D2/><U4/><E38/><V56/><F56/><W80/><G80/><AGARI ba="1,0" hai="5,7,46,48,52,76,80,85" m="37449,6631" machi="80" ten="30,3900,0" yaku="8,1,52,1,54,1" doraHai="42" who="2" fromWho="3" sc="370,0,210,0,210,42,210,-42" /><INIT seed="1,0,0,1,3,115" ten="370,210,252,168" oya="1" hai0="14,19,46,114,63,73,83,108,5,55,92,57,40" hai1="77,132,3,72,4,101,51,110,113,49,124,15,112" hai2="53,28,60,105,127,56,13,122,27,104,58,35,116" hai3="131,31,95,125,9,11,65,79,82,1,17,76,134"/><U69/><E3/><V93/><F122/><W42/><G125/><T106/><D106/><U99/><E69/><V8/><F127/><W48/><G131/><T30/><D114/><U81/><E124/><V91/><F116/><W34/><G134/><T22/><D108/><U128/><E132/><V12/><F58/><W102/><G65/><T16/><D73/><U39/><E39/><V47/><F47/><W71/><G71/><T44/><D30/><U89/><E128/><V2/><F2/><W36/><G36/><T43/><D5/><U41/><E110/><V80/><F80/><W90/><G102/><T94/><D83/><U117/><E117/><V120/><F13/><W133/><G133/><T62/><D62/><U70/><E70/><V75/><F75/><W64/><G64/><T59/><D59/><U52/><E89/><V21/><F35/><W29/><G1/><T103/><D19/><U100/><E100/><V74/><F74/><W68/><G34/><T54/><D54/><U111/><E111/><V7/><F120/><W86/><G68/><T84/><D94/><N who="1" m="58615" /><E49/><V0/><F0/><W126/><G126/><T32/><D32/><U24/><E24/><V50/><F50/><W78/><G95/><T123/><D123/><U109/><E41/><N who="0" m="15945" /><D103/><U61/><E61/><V107/><F105/><W18/><G18/><T135/><D135/><U38/><E38/><V88/><F91/><AGARI ba="0,0" hai="14,16,22,44,46,55,57,63,84,91,92" m="15945" machi="91" ten="30,2000,0" yaku="8,1,54,1" doraHai="115" who="0" fromWho="2" sc="370,20,210,0,252,-20,168,0" /><INIT seed="2,0,0,1,0,55" ten="390,210,232,168" oya="2" hai0="81,39,100,46,126,26,111,133,37,33,132,125,11" hai1="60,17,89,122,112,91,90,97,85,45,30,87,25" hai2="32,123,63,29,119,78,15,75,13,96,134,127,115" hai3="41,12,6,77,66,52,1,44,2,73,14,72,110"/><V129/><F123/><W24/><G110/><T3/><D111/><U102/><E112/><V22/><F119/><W58/><G66/><T36/><D100/><U118/><E118/><V20/><F115/><W116/><G116/><T62/><D81/><U88/><E122/><V38/><F96/><W120/><G24/><T54/><D3/><U86/><E17/><V106/><F106/><W92/><G92/><T64/><D11/><U42/><E60/><V94/><F94/><W35/><G35/><T69/><D26/><U47/><N who="1" m="22528" /><DORA hai="50" /><U104/><REACH who="1" step="1"/><E42/><REACH who="1" ten="390,200,232,168" step="2"/><V49/><F63/><W101/><G120/><T105/><D62/><U130/><E130/><V124/><F129/><W113/><G113/><T19/><D19/><U16/><E16/><V71/><F127/><W98/><G41/><T4/><D126/><U57/><E57/><V131/><F124/><W99/><G58/><T7/><D125/><U27/><E27/><V83/><F131/><W18/><G18/><T48/><D69/><U68/><E68/><V21/><F71/><W28/><G28/><T84/><D64/><U79/><E79/><V74/><F78/><W61/><G77/><T59/><D59/><U109/><E109/><V9/><F29/><W23/><G61/><T93/><D7/><U34/><AGARI ba="0,1" hai="25,30,34,45,47,85,86,87,97,102,104" m="22528" machi="34" ten="50,12000,2" yaku="1,1,0,1,54,1,53,4" doraHai="55,50" doraHaiUra="43,40" who="1" fromWho="1" sc="390,-30,200,130,232,-60,168,-30" /><INIT seed="3,0,0,5,2,135" ten="360,330,172,138" oya="3" hai0="86,44,74,18,4,35,122,108,20,91,47,69,117" hai1="126,64,42,23,30,83,133,99,63,131,17,113,111" hai2="65,25,59,50,43,71,46,119,100,84,110,34,112" hai3="41,129,93,82,39,104,37,0,1,105,61,22,97"/><W128/><G61/><T16/><D35/><U107/><E113/><V95/><F119/><W75/><G22/><T31/><D117/><U89/><E133/><V7/><F112/><W121/><G121/><T19/><D74/><U38/><E30/><N who="2" m="19791" /><F7/><W109/><G109/><T5/><D69/><U125/><E111/><V130/><F110/><W57/><G57/><T48/><D122/><U14/><E131/><N who="3" m="50250" /><G93/><N who="0" m="54519" /><D108/><U13/><E13/><V6/><F59/><W62/><G62/><T116/><D116/><U8/><E23/><V51/><F130/><W124/><G124/><N who="1" m="47722" /><E107/><N who="3" m="41034" /><G41/><N who="0" m="24591" /><D47/><N who="1" m="24023" /><E63/><V79/><F43/><W106/><N who="3" m="41042" /><W12/><DORA hai="26" /><G97/><T118/><D118/><U40/><E40/><V115/><F115/><W132/><G12/><T73/><D73/><U94/><E83/><V85/><F46/><W90/><G90/><T98/><D98/><U58/><E58/><V56/><F56/><W88/><G88/><T9/><D9/><U45/><E45/><V102/><F71/><W29/><G29/><T33/><D33/><U103/><E89/><V77/><F102/><W21/><G21/><T127/><D127/><U53/><E53/><V81/><F100/><W87/><G87/><T134/><D134/><U60/><E60/><V32/><F32/><W2/><G132/><T27/><AGARI ba="0,0" hai="4,5,16,18,19,20,27,31" m="24591,54519" machi="27" ten="30,4000,0" yaku="8,1,52,1,54,1" doraHai="135,26" who="0" fromWho="0" sc="360,40,330,-10,172,-10,138,-20" owari="400,50.0,320,12.0,162,-24.0,118,-38.0" /></mjloggm>