<mjloggm ver="2.3"><GO type="97" lobby="0"/><UN n0="%E4%BB%AE%E9%B3%B3%E5%87%B0%E6%B0%91" n1="%E8%97%8D%E8%97%8D%E8%B7%AF" n2="%E3%82%A6%E3%83%AB%E3%83%88%E3%83%A9%E7%AB%8B%E7%9B%B4" n3="%61%61%33%31%39%33" dan="15,13,15,15" rate="1944.63,1830.14,2003.89,1952.07" sx="M,M,M,M"/><TAIKYOKU oya="0"/><INIT seed="0,0,0,0,5,113" ten="250,250,250,250" oya="0" hai0="95,75,102,112,14,105,20,50,109,91,84,58,131" hai1="123,27,0,98,76,29,35,19,107,54,121,104,119" hai2="33,125,24,78,133,86,87,25,10,122,16,51,23" hai3="18,52,59,94,83,132,129,103,49,44,32,5,15"/><T36/><D36/><U39/><E39/><V12/><F122/><W53/><G32/><T67/><D112/><U106/><E76/><V93/><F125/><W114/><G132/><T100/><D131/><U116/><E0/><V4/><F133/><W96/><G129/><T11/><D75/><U41/><E54/><V2/><F78/><W111/><G111/><T126/><D126/><U34/><E41/><V82/><F82/><W31/><G114/><T9/><D105/><N who="1" m="40555" /><E19/><V80/><F80/><W130/><G130/><T65/><D11/><U43/><E43/><V92/><F51/><W99/><G83/><T13/><D20/><U88/><E88/><V60/><F60/><W90/><G31/><T115/><D14/><U68/><E68/><V22/><F92/><W134/><G5/><T79/><D79/><U64/><E64/><N who="0" m="24649" /><D115/><U73/><E73/><V72/><F93/><N who="3" m="58767" /><G134/><T69/><D109/><U81/><E81/><V74/><F72/><W28/><G28/><T6/><D69/><U124/><E35/><V117/><F74/><W57/><G53/><AGARI ba="0,0" hai="6,9,13,50,53,58,84,91,95,100,102" m="24649" machi="53" ten="30,1500,0" yaku="8,1" doraHai="113" who="0" fromWho="3" sc="250,15,250,0,250,0,250,-15" /><INIT seed="0,1,0,4,4,44" ten="265,250,250,235" oya="0" hai0="9,91,89,116,62,12,129,68,69,4,74,94,95" hai1="134,20,112,41,135,114,125,110,99,33,53,45,18" hai2="132,8,40,39,30,98,14,23,5,57,133,111,102" hai3="109,115,87,42,108,15,83,92,106,82,80,24,13"/><T59/><D116/><U21/><E33/><V86/><F39/><W16/><G115/><N who="1" m="44074" /><E110/><N who="3" m="42602" /><G106/><T105/><D105/><U11/><E125/><V31/><F86/><W72/><G72/><T66/><D74/><U48/><E99/><V58/><F40/><W79/><G42/><T88/><REACH who="0" step="1"/><D129/><REACH who="0" ten="255,250,250,235" step="2"/><U36/><E11/><V17/><F111/><W78/><G79/><T104/><D104/><U26/><E21/><V97/><F132/><N who="1" m="50729" /><E41/><V34/><F133/><W100/><G78/><T131/><D131/><U123/><E123/><V19/><F34/><W130/><G130/><T70/><AGARI ba="1,1" hai="4,9,12,59,62,66,68,69,70,88,89,91,94,95" machi="70" ten="40,12000,1" yaku="1,1,0,1,54,1,53,1" doraHai="44" doraHaiUra="55" who="0" fromWho="0" sc="255,133,250,-41,250,-41,235,-41" /><INIT seed="0,2,0,5,1,80" ten="388,209,209,194" oya="0" hai0="34,92,122,76,68,117,65,39,131,110,1,134,83" hai1="129,133,48,67,10,60,21,116,5,127,57,55,58" hai2="75,78,41,72,4,18,95,71,98,59,99,113,17" hai3="52,121,8,35,130,123,114,91,101,51,106,111,26"/><T77/><D92/><U13/><E127/><V19/><F71/><W16/><G114/><T45/><D76/><U86/><E116/><V64/><F113/><W36/><G36/><T43/><D117/><U79/><E129/><V135/><F135/><W94/><G111/><T32/><D134/><U15/><E133/><V28/><F41/><W97/><G130/><T31/><D131/><U25/><E15/><V22/><F4/><W108/><G35/><T81/><D81/><U128/><E128/><V27/><F78/><W29/><G108/><T12/><D12/><U88/><E79/><V56/><F99/><W69/><G69/><T100/><D100/><U33/><E33/><V9/><F9/><W38/><G38/><T40/><D40/><U11/><E13/><V125/><F125/><W107/><G8/><T6/><D31/><N who="1" m="17839" /><E5/><V66/><F75/><W30/><G29/><T54/><D54/><U112/><E112/><V53/><F72/><W87/><G30/><T2/><D110/><U126/><E126/><V37/><F37/><W132/><G132/><T124/><D124/><U104/><E104/><V3/><F3/><N who="0" m="1034" /><D6/><U93/><AGARI ba="2,0" hai="10,11,48,55,57,58,60,67,86,88,93" m="17839" machi="93" ten="30,4000,0" yaku="8,1,52,1,54,1" doraHai="80" who="1" fromWho="1" sc="388,-22,209,46,209,-12,194,-12" /><INIT seed="1,0,0,0,1,65" ten="366,255,197,182" oya="1" hai0="38,89,90,17,23,31,46,9,123,113,107,0,115" hai1="57,43,135,64,21,96,117,22,94,122,99,34,49" hai2="82,54,85,83,4,103,7,87,80,15,84,29,51" hai3="121,132,45,71,10,127,74,39,40,47,95,129,59"/><U27/><E122/><V78/><F29/><W118/><G121/><T44/><D107/><U101/><E117/><V30/><F30/><W100/><G118/><T18/><D31/><U73/><E73/><V52/><F103/><W62/><G132/><T1/><D123/><U72/><E72/><V61/><F78/><W66/><G129/><T102/><D102/><U105/><E135/><V25/><F25/><W128/><G127/><T111/><D23/><U92/><E43/><V68/><F15/><W50/><G74/><T12/><D12/><U58/><E105/><V37/><F37/><W116/><G128/><T26/><D26/><U8/><E8/><V97/><F97/><W76/><G76/><T88/><D9/><U67/><E34/><V133/><F133/><W55/><G116/><T53/><D53/><N who="2" m="20586" /><F51/><N who="3" m="31231" /><G10/><T3/><D38/><U11/><E11/><V98/><F98/><W36/><G95/><T14/><D14/><U124/><E124/><V134/><F134/><W2/><G100/><T6/><D6/><N who="2" m="2090" /><F61/><W81/><G81/><N who="2" m="20737" /><V19/><DORA hai="13" /><F19/><N who="0" m="7178" /><D111/><U69/><E49/><V24/><F24/><W106/><G106/><T112/><AGARI ba="0,0" hai="0,1,3,44,46,88,89,90,112,113,115" m="7178" machi="112" ten="50,16000,3" yaku="29,2,28,2,52,3,54,1" doraHai="65,13" who="0" fromWho="0" sc="366,160,255,-80,197,-40,182,-40" /><INIT seed="2,0,0,4,3,131" ten="526,175,157,142" oya="2" hai0="78,82,21,93,52,17,126,74,25,58,99,91,41" hai1="70,125,71,130,3,2,47,9,97,72,43,11,30" hai2="63,132,108,112,23,45,29,6,84,18,15,118,7" hai3="24,98,116,79,10,104,61,51,19,119,59,0,31"/><V127/><F118/><W105/><G79/><T34/><D126/><U87/><E72/><V69/><F112/><W54/><G0/><T48/><D34/><U113/><E125/><V8/><F127/><W100/><G105/><T1/><D1/><U33/><E130/><V40/><F108/><W117/><G10/><T16/><D41/><U101/><E113/><V89/><F132/><W92/><G19/><AGARI ba="0,0" hai="16,17,19,21,25,48,52,58,74,78,82,91,93,99" machi="19" ten="30,3900,0" yaku="7,1,54,2" doraHai="131" who="0" fromWho="3" sc="526,39,175,0,157,0,142,-39" /><INIT seed="3,0,0,1,4,125" ten="565,175,157,103" oya="3" hai0="14,22,29,74,11,31,119,124,70,113,117,68,73" hai1="35,54,105,41,107,80,32,63,38,86,114,16,118" hai2="91,77,64,103,52,40,123,36,55,18,44,10,45" hai3="121,15,12,4,112,116,66,131,100,43,27,26,76"/><W90/><G121/><T134/><D124/><U85/><E118/><V23/><F123/><W98/><G112/><T120/><D120/><U7/><E114/><V111/><F103/><W61/><G116/><T102/><D113/><U42/><E7/><V71/><F111/><W47/><G131/><T21/><D102/><U25/><E38/><V37/><F77/><W53/><G76/><T62/><D11/><U83/><E63/><N who="2" m="40351" /><F10/><W92/><G53/><N who="2" m="20553" /><F91/><W84/><G15/><T72/><D14/><U69/><E54/><V95/><F95/><W48/><G12/><T133/><D72/><U81/><E69/><V104/><F104/><W67/><G4/><T78/><D62/><U109/><E109/><V75/><F75/><W79/><G79/><AGARI ba="0,0" hai="21,22,29,31,68,70,73,74,78,79,117,119,133,134" machi="79" ten="25,1600,0" yaku="22,2" doraHai="125" who="0" fromWho="3" sc="565,16,175,0,157,0,103,-16" owari="581,67.0,175,-2.0,157,-24.0,87,-41.0" /></mjloggm>