<mjloggm ver="2.3"><GO type="97" lobby="0"/><UN n0="%E3%83%A9%E3%83%93%E3%83%83%E3%83%88" n1="%54%4B%5A" n2="%E3%82%A6%E3%83%AB%E3%83%88%E3%83%A9%E7%AB%8B%E7%9B%B4" n3="%E3%82%A2%E3%83%B3%E3%82%BC%E3%83%AD%E3%83%83%E3%83%88" dan="15,15,15,16" rate="1941.90,1994.97,1985.79,1999.53" sx="F,M,M,M"/><TAIKYOKU oya="0"/><INIT seed="0,0,0,3,3,101" ten="250,250,250,250" oya="0" hai0="30,1,60,91,2,98,14,77,20,107,46,76,131" hai1="88,130,72,126,58,86,4,65,85,102,35,93,124" hai2="39,71,120,40,113,15,105,134,41,89,83,132,94" hai3="54,70,53,104,33,22,112,48,75,63,19,51,61"/><T87/><D131/><U109/><E72/><V10/><F71/><W121/><G112/><T18/><D30/><U116/><E116/><V73/><F113/><W36/><G33/><T129/><D129/><U3/><E35/><V115/><F120/><W50/><G75/><T27/><D27/><U118/><E118/><V67/><F67/><W122/><G36/><T135/><D135/><N who="2" m="51754" /><F115/><W12/><G104/><T57/><D46/><U68/><E68/><V17/><F105/><W11/><G11/><T125/><D125/><N who="1" m="48235" /><E102/><V127/><F39/><W97/><G97/><T49/><D49/><U34/><E34/><V66/><F66/><W59/><G70/><T119/><D119/><U32/><E32/><V64/><F64/><W114/><G114/><T78/><D98/><N who="1" m="57639" /><E130/><V62/><F127/><W111/><G111/><T117/><D117/><U31/><E109/><V38/><F38/><W90/><G122/><T47/><D107/><U42/><E42/><V92/><F41/><W79/><G121/><T26/><D26/><U110/><E110/><V99/><F40/><W133/><G133/><T123/><D123/><U108/><E108/><V44/><F73/><W21/><G63/><T28/><D28/><U24/><E24/><V23/><F62/><W80/><G61/><T16/><D18/><U55/><E31/><V43/><F43/><W103/><G19/><T8/><D20/><U82/><E65/><V45/><F23/><W7/><G21/><T128/><D128/><U74/><E74/><V56/><F99/><W106/><G22/><T25/><D25/><U100/><E100/><RYUUKYOKU ba="0,0" sc="250,0,250,0,250,0,250,0" /><INIT seed="1,1,0,4,1,72" ten="250,250,250,250" oya="1" hai0="98,45,105,58,9,131,96,102,88,17,12,83,86" hai1="48,82,123,91,46,117,127,4,26,116,130,90,21" hai2="53,10,93,85,129,20,78,76,14,120,110,3,22" hai3="35,115,40,69,51,44,89,94,66,79,111,113,32"/><U68/><E123/><V119/><F3/><W27/><G111/><T112/><D131/><U103/><E68/><V109/><F129/><W28/><G35/><T41/><D112/><U29/><E130/><V118/><F53/><W15/><G66/><T71/><D71/><U114/><E114/><V107/><F107/><W87/><G69/><T104/><D58/><U59/><E103/><V92/><F85/><W106/><G106/><T135/><D135/><U43/><E4/><V50/><F50/><W57/><G57/><T54/><D54/><U19/><E59/><V97/><F14/><W63/><G63/><T6/><D105/><U2/><E2/><V5/><F5/><W100/><G100/><T8/><D96/><U56/><E56/><V13/><F13/><W0/><G0/><T77/><D88/><N who="1" m="33835" /><E116/><V125/><F10/><W55/><G115/><T30/><D30/><U16/><E117/><V74/><F74/><W38/><G113/><T52/><D52/><U7/><E7/><V11/><F11/><W25/><G28/><T42/><D45/><U37/><E37/><V134/><F97/><W34/><G38/><T108/><REACH who="0" step="1"/><D108/><REACH who="0" ten="240,250,250,250" step="2"/><U1/><E1/><AGARI ba="1,1" hai="1,6,8,9,12,17,41,42,77,83,86,98,102,104" machi="1" ten="30,12000,2" yaku="1,1,2,1,7,1,52,1,53,2" doraHai="72" doraHaiUra="36" who="0" fromWho="1" sc="240,133,250,-123,250,0,250,0" /><INIT seed="2,0,0,0,3,63" ten="373,127,250,250" oya="2" hai0="99,112,48,83,106,28,104,21,82,24,38,109,18" hai1="135,37,9,43,94,123,19,49,20,79,13,54,65" hai2="30,134,58,42,95,57,7,31,115,111,3,27,25" hai3="77,41,116,15,64,101,23,85,133,92,36,44,129"/><V60/><F134/><W56/><G116/><T131/><D38/><U39/><E135/><V8/><F111/><W55/><G133/><T1/><D112/><U50/><E123/><V124/><F124/><W119/><G119/><T40/><D109/><U91/><E79/><V59/><F115/><W29/><G101/><T88/><D1/><U114/><E114/><V70/><F42/><W126/><G129/><T5/><D5/><U107/><E107/><V69/><F95/><W67/><G126/><T47/><D131/><U75/><E75/><V4/><F4/><W33/><G33/><T122/><D122/><U45/><E9/><V118/><F118/><W51/><G29/><T74/><D74/><U34/><E34/><V6/><F6/><W0/><G0/><T105/><D99/><U81/><E81/><V11/><F11/><W84/><G77/><T120/><D120/><U53/><E43/><V10/><F10/><W35/><G35/><T102/><D102/><U26/><E26/><V2/><F2/><W68/><G68/><T46/><D88/><U78/><E78/><V66/><REACH who="2" step="1"/><F70/><REACH who="2" ten="373,127,240,250" step="2"/><W16/><G84/><T89/><D106/><U100/><E100/><V121/><F121/><W110/><G110/><T90/><D105/><U127/><E127/><V14/><F14/><W71/><G71/><T12/><D104/><U125/><E125/><V76/><F76/><W80/><G80/><T22/><D83/><U130/><E130/><V52/><F52/><W97/><G85/><N who="0" m="50359" /><D90/><U117/><E117/><V17/><F17/><W73/><G73/><T72/><D72/><RYUUKYOKU ba="0,1" sc="373,10,127,-30,240,10,250,10" hai0="12,18,21,22,24,28,40,46,47,48" hai2="3,7,8,25,27,30,31,57,58,59,60,66,69" hai3="15,16,23,36,41,44,51,55,56,64,67,92,97" /><INIT seed="2,1,1,3,2,8" ten="383,97,250,260" oya="2" hai0="112,7,65,56,30,127,118,71,99,97,67,22,131" hai1="34,79,124,42,92,36,73,58,27,11,110,103,23" hai2="33,78,25,47,66,120,104,68,14,81,26,72,40" hai3="88,50,61,100,84,98,19,93,111,115,108,121,114"/><V12/><F120/><W45/><G61/><T46/><D71/><U109/><E73/><V74/><F74/><W16/><G121/><T135/><D46/><U87/><E79/><V77/><F77/><W44/><G44/><T91/><D7/><U59/><E36/><V106/><F106/><N who="3" m="63767" /><G50/><T105/><D91/><U128/><E42/><V9/><F104/><W31/><G31/><T126/><D22/><U49/><E34/><V4/><F66/><W38/><G45/><T43/><D56/><U55/><E103/><V6/><F68/><W130/><G130/><T51/><D51/><U53/><E128/><V96/><F96/><W107/><G38/><T21/><D21/><U1/><E1/><V133/><F133/><W129/><G107/><T117/><D105/><U95/><E87/><V102/><F102/><W54/><G54/><T101/><D43/><U37/><E37/><N who="2" m="21903" /><F6/><W57/><G129/><T69/><D131/><U86/><E11/><V70/><F70/><W24/><G57/><T20/><D69/><U41/><E41/><V17/><F17/><N who="3" m="6731" /><G24/><N who="2" m="9321" /><F33/><W123/><G123/><T15/><D30/><U94/><E27/><V132/><F132/><W82/><G82/><T39/><D135/><U28/><E95/><V60/><F60/><W134/><G134/><T0/><D39/><U13/><E28/><V80/><F80/><W29/><G29/><T89/><D0/><AGARI ba="1,1" hai="0,4,9,12,14,72,78,81" m="9321,21903" machi="0" ten="30,5800,0" yaku="25,1,52,2" doraHai="8" who="2" fromWho="0" sc="383,-61,97,0,250,71,260,0" /><INIT seed="2,2,0,4,5,30" ten="322,97,321,260" oya="2" hai0="119,94,49,10,23,70,33,63,31,25,73,125,60" hai1="112,98,37,45,51,123,100,107,58,130,27,88,115" hai2="41,0,80,53,90,3,38,127,114,19,5,75,132" hai3="87,105,8,99,101,135,42,48,82,71,134,77,50"/><V18/><F114/><W79/><G71/><T6/><D125/><U72/><E123/><V64/><F64/><W34/><G77/><T89/><D73/><U39/><E130/><V15/><F53/><W74/><G8/><T81/><D119/><U7/><E72/><V133/><F127/><W91/><G42/><T66/><D81/><U93/><E7/><V44/><F90/><W78/><G34/><T83/><D83/><U113/><E58/><V21/><F18/><W4/><G4/><T120/><D120/><U52/><REACH who="1" step="1"/><E27/><REACH who="1" ten="322,87,321,260" step="2"/><V24/><F24/><W76/><G74/><T128/><D6/><U84/><AGARI ba="2,1" hai="37,39,45,51,52,84,88,93,98,100,107,112,113,115" machi="84" ten="30,8000,1" yaku="1,1,2,1,0,1,54,2,53,0" doraHai="30" doraHaiUra="59" who="1" fromWho="1" sc="322,-22,87,96,321,-42,260,-22" /><INIT seed="3,0,0,5,2,120" ten="300,183,279,238" oya="3" hai0="115,9,74,106,61,89,107,26,39,51,27,6,118" hai1="97,127,3,121,13,77,103,45,135,122,20,99,116" hai2="91,92,111,131,125,25,124,70,58,134,78,73,132" hai3="95,10,100,102,129,109,22,36,75,32,48,1,8"/><W43/><G36/><T5/><D39/><U44/><E3/><V16/><F70/><W110/><G32/><T4/><D118/><U34/><E34/><V90/><F111/><N who="3" m="42507" /><G129/><T133/><D74/><U65/><E127/><N who="2" m="48715" /><F131/><W53/><G75/><T57/><D89/><N who="2" m="33802" /><F92/><W108/><G108/><T24/><D51/><U59/><E135/><N who="2" m="51755" /><F58/><N who="3" m="33063" /><G43/><T42/><D42/><U12/><E116/><V105/><F105/><W88/><G22/><T104/><D107/><U83/><E20/><N who="2" m="13447" /><F78/><W71/><G71/><T50/><D106/><U29/><E77/><V2/><F73/><W14/><G1/><AGARI ba="0,0" hai="1,2" m="13447,51755,33802,48715" machi="1" ten="40,5200,0" yaku="18,1,20,1,54,1" doraHai="120" who="2" fromWho="3" sc="300,0,183,0,279,52,238,-52" owari="300,10.0,183,-32.0,331,43.0,186,-21.0" /></mjloggm>