<mjloggm ver="2.3"><GO type="41" lobby="0"/><UN n0="%E3%82%A6%E3%83%AB%E3%83%88%E3%83%A9%E7%AB%8B%E7%9B%B4" n1="%74%61%72%6F%33%32%31%31" n2="%E3%81%9F%E3%81%A3%E3%81%91%E3%83%BC" n3="%E9%8A%80%E8%89%B2%E8%87%AA%E8%BB%A2%E8%BB%8A" dan="15,14,13,14" rate="1979.52,1936.76,1847.17,1912.46" sx="M,M,M,M"/><TAIKYOKU oya="0"/><INIT seed="0,0,0,4,3,62" ten="250,250,250,250" oya="0" hai0="111,101,135,46,39,124,71,91,61,48,30,70,95" hai1="50,119,92,18,6,68,108,100,128,67,53,102,16" hai2="72,22,59,66,123,43,125,4,84,110,31,103,82" hai3="113,83,10,19,41,14,25,56,77,80,24,130,79"/><T28/><D39/><U9/><E119/><V65/><F123/><W76/><G113/><T121/><D121/><U51/><E128/><V97/><F72/><W8/><G130/><T118/><D118/><U15/><E108/><V21/><F110/><W133/><G133/><T88/><D111/><U54/><E68/><V122/><F122/><W81/><G41/><T23/><D135/><U47/><E67/><V87/><F125/><W1/><G1/><T89/><D124/><U49/><E92/><V29/><F43/><W132/><G132/><T44/><D23/><U75/><E75/><V85/><F4/><W104/><G104/><T98/><D48/><N who="1" m="18539" /><E53/><V106/><F82/><W63/><REACH who="3" step="1"/><G10/><REACH who="3" ten="250,250,250,240" step="2"/><T58/><D70/><U52/><E54/><AGARI ba="0,1" hai="8,14,19,24,25,54,56,63,76,77,79,80,81,83" machi="54" ten="40,5200,0" yaku="1,1,2,1,8,1,53,0" doraHai="62" doraHaiUra="35" who="3" fromWho="1" sc="250,0,250,-52,250,0,240,62" /><INIT seed="1,0,0,4,1,98" ten="250,198,250,302" oya="1" hai0="97,27,109,123,102,95,49,62,84,52,106,0,1" hai1="60,55,114,47,68,6,2,91,80,39,61,128,7" hai2="122,4,108,117,5,73,69,130,74,104,113,103,93" hai3="19,83,54,21,65,58,79,112,14,32,127,85,135"/><U53/><E114/><V75/><F69/><W82/><G112/><T124/><D123/><U90/><E128/><V12/><F113/><W56/><G32/><T20/><D124/><U115/><E2/><V92/><F122/><W125/><G135/><T16/><D109/><U13/><E115/><V9/><F108/><W38/><G38/><T51/><D51/><N who="1" m="28927" /><E39/><V72/><F130/><W44/><G44/><T15/><D62/><N who="1" m="24171" /><E68/><V35/><F35/><W26/><G65/><T76/><D27/><U11/><E55/><V28/><F28/><W67/><G67/><T45/><REACH who="0" step="1"/><D106/><REACH who="0" ten="240,198,250,302" step="2"/><U48/><E48/><V33/><F117/><W18/><G127/><T25/><D25/><U64/><E64/><V120/><F120/><W110/><G125/><T107/><D107/><U63/><E63/><V96/><N who="2" m="18432" /><DORA hai="17" /><V129/><F129/><W42/><G110/><T78/><D78/><U133/><E133/><V23/><F33/><W31/><G79/><T50/><D50/><U30/><E30/><V111/><F111/><W59/><G31/><T87/><D87/><N who="1" m="50535" /><E91/><V43/><F43/><W66/><G85/><T89/><D89/><U131/><E131/><V94/><REACH who="2" step="1"/><F23/><REACH who="2" ten="240,198,240,302" step="2"/><N who="3" m="11735" /><G42/><T46/><D46/><U118/><E118/><V116/><F116/><W121/><G121/><T34/><D34/><U8/><E8/><V77/><F77/><W40/><G40/><T81/><AGARI ba="0,2" hai="0,1,15,16,20,45,49,52,76,81,84,95,97,102" machi="81" ten="30,12000,2" yaku="1,1,0,1,52,2,54,2,53,0" doraHai="98,17" doraHaiUra="105,24" who="0" fromWho="0" sc="240,140,198,-60,240,-30,302,-30" /><INIT seed="2,0,0,1,2,76" ten="380,138,210,272" oya="2" hai0="49,116,106,109,87,3,80,131,40,100,58,79,110" hai1="4,1,28,111,64,72,8,17,54,124,33,59,65" hai2="98,16,120,69,128,18,89,101,53,41,9,105,37" hai3="19,108,62,20,5,0,14,102,73,94,117,112,90"/><V63/><F120/><W84/><G117/><T44/><D3/><U27/><E124/><V38/><F128/><W92/><G108/><T50/><D116/><U122/><E111/><N who="0" m="42505" /><D131/><U82/><E122/><V7/><F38/><W115/><G73/><T114/><D114/><N who="3" m="43561" /><G62/><T32/><D32/><U113/><E113/><V83/><F41/><W70/><G70/><T34/><D34/><U99/><E99/><V57/><F69/><W2/><G5/><T74/><D100/><U75/><E72/><V107/><F105/><W125/><G125/><T77/><D106/><U97/><E97/><AGARI ba="0,0" hai="0,2,14,19,20,84,90,92,94,97,102" m="43561" machi="97" ten="30,1000,0" yaku="11,1" doraHai="76" who="3" fromWho="1" sc="380,0,138,-10,210,0,272,10" /><INIT seed="3,0,0,2,3,121" ten="380,128,210,282" oya="3" hai0="15,132,34,18,4,117,14,89,54,63,27,31,50" hai1="38,57,100,29,90,72,21,64,37,68,55,76,43" hai2="108,131,39,16,47,22,28,59,53,87,124,32,42" hai3="44,106,111,114,17,41,74,107,97,61,109,123,25"/><W48/><G123/><T112/><D117/><U80/><E90/><V82/><F131/><W51/><G114/><T66/><D112/><U70/><E100/><V73/><F73/><W91/><G74/><T98/><D132/><U129/><E129/><V20/><F124/><W118/><G118/><T36/><D36/><U26/><E38/><V78/><F32/><W1/><G1/><T65/><D4/><U30/><E68/><V84/><F28/><W40/><G61/><T119/><D15/><U122/><E122/><V46/><F47/><N who="3" m="26095" /><G25/><T71/><D119/><U125/><E125/><V83/><F22/><W93/><G17/><T127/><D127/><U2/><E2/><V79/><F108/><AGARI ba="0,0" hai="40,44,48,91,93,97,106,107,108,109,111" m="26095" machi="108" ten="30,12000,1" yaku="14,1,10,1,52,3" doraHai="121" who="3" fromWho="2" sc="380,0,128,0,210,-120,282,120" /><INIT seed="3,1,0,4,2,48" ten="380,128,90,402" oya="3" hai0="35,93,118,60,44,119,57,16,78,80,13,96,125" hai1="38,21,58,1,51,9,17,5,105,52,88,126,72" hai2="124,55,11,15,40,20,104,33,87,71,134,54,26" hai3="36,62,101,59,25,74,31,130,109,113,50,4,23"/><W131/><G36/><T14/><D35/><U111/><E126/><V19/><F104/><W86/><G74/><T47/><D125/><U41/><E111/><V6/><F124/><W133/><G109/><T63/><D63/><U64/><E72/><V24/><F71/><W77/><G113/><T39/><D14/><U94/><E105/><V122/><F134/><W95/><G133/><T34/><D34/><U3/><E64/><V132/><F132/><W110/><G110/><T65/><D39/><U8/><E8/><V103/><F103/><W128/><G4/><T42/><D42/><U32/><E32/><V116/><F116/><W91/><G77/><T79/><D118/><U85/><E38/><V37/><F122/><W49/><REACH who="3" step="1"/><G101/><REACH who="3" ten="380,128,90,392" step="2"/><T66/><D79/><U30/><E30/><V2/><F37/><W90/><G90/><T45/><D119/><U127/><E127/><V73/><F73/><W98/><G98/><T108/><D108/><U67/><E67/><AGARI ba="1,1" hai="23,25,31,49,50,59,62,67,86,91,95,128,130,131" machi="67" ten="40,7700,0" yaku="1,1,19,1,53,1" doraHai="48" doraHaiUra="89" who="3" fromWho="1" sc="380,0,128,-80,90,0,392,90" /><INIT seed="3,2,0,2,0,12" ten="380,48,90,482" oya="3" hai0="120,2,122,66,58,37,95,132,18,15,30,20,40" hai1="16,21,39,50,131,90,41,61,70,102,8,121,104" hai2="99,13,83,52,47,31,100,73,107,26,75,129,33" hai3="98,23,94,93,103,53,4,9,80,51,63,49,57"/><W118/><G118/><T45/><D2/><U114/><E131/><V54/><F129/><W108/><G108/><T127/><D127/><U17/><E114/><V24/><F47/><W106/><G106/><T134/><D30/><U76/><E121/><V123/><F123/><W74/><G93/><T84/><D120/><U10/><E39/><V22/><F13/><W19/><G80/><T56/><D122/><U43/><E76/><V119/><F119/><W109/><G74/><T32/><D32/><U0/><E104/><V3/><F3/><W81/><G81/><T7/><D7/><U11/><E102/><V126/><F126/><W135/><G135/><N who="0" m="51755" /><D66/><U62/><E0/><V91/><F75/><W133/><G133/><T72/><D72/><U67/><E90/><AGARI ba="2,0" hai="15,18,20,37,40,45,56,58,84,90,95" m="51755" machi="90" ten="30,2000,0" yaku="20,1,52,1" doraHai="12" who="0" fromWho="1" sc="380,26,48,-26,90,0,482,0" /><INIT seed="4,0,0,5,2,14" ten="406,22,90,482" oya="0" hai0="84,12,131,56,65,44,26,10,21,129,6,135,67" hai1="97,49,127,120,71,66,90,22,40,119,93,23,130" hai2="99,75,132,117,11,43,1,8,78,24,96,57,60" hai3="86,89,124,69,53,50,70,83,30,114,126,39,58"/><T68/><D68/><U104/><E120/><V128/><F132/><W80/><G114/><T79/><D135/><U5/><E119/><V16/><F117/><W107/><G107/><T88/><D79/><U74/><E74/><V73/><F128/><W33/><G39/><T98/><D98/><U133/><E130/><N who="0" m="49673" /><D56/><U55/><E133/><V108/><F108/><W27/><REACH who="3" step="1"/><G83/><REACH who="3" ten="406,22,90,472" step="2"/><N who="0" m="49183" /><D44/><U19/><E104/><V87/><F73/><W103/><G103/><T102/><D102/><U4/><E127/><AGARI ba="0,1" hai="27,30,33,50,53,58,69,70,80,86,89,124,126,127" machi="127" ten="40,2600,0" yaku="1,1,18,1,53,0" doraHai="14" doraHaiUra="2" who="3" fromWho="1" sc="406,0,22,-26,90,0,472,36" owari="406,21.0,-4,-50.0,90,-31.0,508,60.0" /></mjloggm>