<mjloggm ver="2.3"><GO type="41" lobby="0"/><UN n0="%E3%82%A6%E3%83%AB%E3%83%88%E3%83%A9%E7%AB%8B%E7%9B%B4" n1="%74%2D%73%70%69%72%69%74" n2="%E3%82%AF%E3%83%83%E3%83%91%E8%A3%8F" n3="%52%69%67%68%54%30%66%66" dan="16,15,15,13" rate="2034.16,2057.30,1986.96,1820.02" sx="M,M,F,M"/><TAIKYOKU oya="0"/><INIT seed="0,0,0,0,0,111" ten="250,250,250,250" oya="0" hai0="84,86,88,121,26,62,89,96,18,3,70,92,52" hai1="119,107,67,114,133,30,123,131,72,109,38,104,45" hai2="1,23,47,102,54,128,126,125,82,32,108,120,60" hai3="132,63,37,117,28,64,97,134,105,22,17,0,19"/><T7/><D121/><U65/><RYUUKYOKU type="yao9" ba="0,0" sc="250,0,250,0,250,0,250,0" hai1="30,38,45,65,67,72,104,107,109,114,119,123,131,133" /><INIT seed="0,1,0,0,3,55" ten="250,250,250,250" oya="0" hai0="66,18,64,51,12,111,23,115,24,129,127,122,85" hai1="87,13,3,56,110,7,28,134,27,5,0,9,63" hai2="40,125,86,120,79,41,59,100,15,32,80,128,123" hai3="91,124,108,4,37,89,26,135,22,45,112,76,49"/><T109/><D122/><U116/><E116/><V107/><F32/><W132/><G37/><T68/><D115/><U70/><E70/><V35/><F35/><W88/><G76/><T84/><D68/><U95/><E134/><N who="3" m="51242" /><G4/><T93/><D66/><U113/><E113/><V101/><F120/><W104/><G104/><T99/><D64/><U106/><E106/><V33/><F123/><W61/><G108/><N who="0" m="41547" /><D127/><U94/><E110/><V133/><F86/><W36/><G36/><T47/><D129/><U105/><E105/><V42/><F80/><W67/><G112/><T14/><D85/><U69/><E69/><V52/><F101/><W21/><G26/><T118/><D84/><U58/><E87/><V98/><F41/><N who="3" m="24751" /><G124/><T8/><D118/><U19/><E3/><V72/><F33/><W1/><G1/><T11/><D14/><U30/><E63/><V77/><F15/><W44/><G44/><T65/><D12/><U20/><E0/><V60/><F125/><W2/><G2/><T121/><D121/><U16/><E7/><V54/><F133/><W119/><G119/><T74/><D74/><U29/><E5/><V102/><F128/><W34/><G34/><T46/><D46/><U114/><E114/><V75/><F75/><W90/><N who="3" m="23040" /><DORA hai="6" /><W71/><AGARI ba="1,0" hai="21,22,61,67,71" m="23040,24751,51242" machi="71" ten="50,6400,0" yaku="4,1,20,1,54,1" doraHai="55,6" who="3" fromWho="3" sc="250,-33,250,-17,250,-17,250,67" /><INIT seed="1,0,0,4,3,72" ten="217,233,233,317" oya="1" hai0="54,19,91,30,7,123,12,119,116,25,88,24,102" hai1="47,49,113,92,50,69,75,37,63,108,111,79,126" hai2="65,107,96,122,40,86,109,129,43,27,93,82,67" hai3="4,87,31,53,14,41,52,115,131,78,73,44,81"/><U45/><E113/><V74/><F122/><W51/><G115/><T83/><D123/><U100/><E100/><V127/><F127/><W55/><G131/><T57/><D102/><U0/><E0/><V118/><F129/><W84/><G31/><T133/><D133/><U9/><E9/><V2/><F2/><W13/><G73/><T112/><D112/><U8/><E8/><V106/><F74/><W16/><G4/><T135/><D7/><U64/><E92/><V3/><F3/><W17/><G84/><T10/><D135/><U34/><E34/><V32/><F93/><W105/><G105/><T15/><D15/><AGARI ba="0,0" hai="13,14,15,16,17,41,44,51,52,53,55,78,81,87" machi="15" ten="40,8000,1" yaku="8,1,52,1,54,2" doraHai="72" who="3" fromWho="0" sc="217,-80,233,0,233,0,317,80" /><INIT seed="2,0,0,2,3,97" ten="137,233,233,397" oya="2" hai0="44,24,35,88,57,102,16,127,28,124,66,93,14" hai1="133,21,53,25,95,118,96,91,122,26,75,39,48" hai2="126,128,108,68,29,41,52,74,84,63,58,56,115" hai3="65,89,106,0,110,62,135,94,112,131,51,11,19"/><V5/><F74/><W20/><G106/><T13/><D13/><U103/><E39/><V27/><F115/><W113/><G110/><T45/><D57/><U104/><E75/><V76/><F68/><W8/><G51/><T2/><D66/><U70/><E70/><V67/><F108/><W34/><G34/><T59/><D59/><U33/><E133/><V3/><F126/><W114/><G131/><T86/><D2/><U40/><E40/><V87/><F41/><W121/><G0/><T90/><D90/><U119/><E122/><V32/><F128/><W9/><G121/><T132/><D132/><U15/><E33/><V1/><F76/><W64/><G62/><T117/><D117/><U71/><E71/><V134/><F134/><W99/><G135/><T55/><D55/><U85/><E25/><AGARI ba="0,0" hai="8,9,11,19,20,25,64,65,89,94,99,112,113,114" machi="25" ten="50,1600,0" yaku="11,1" doraHai="97" who="3" fromWho="1" sc="137,0,233,-16,233,0,397,16" /><INIT seed="3,0,0,4,5,134" ten="137,217,233,413" oya="3" hai0="16,126,15,60,106,133,49,94,102,93,111,33,22" hai1="48,24,76,121,82,96,64,42,108,117,38,97,47" hai2="78,2,10,107,70,0,18,51,115,81,65,12,128" hai3="66,57,120,90,30,89,73,103,135,83,131,32,68"/><W23/><G32/><T34/><D133/><U119/><E121/><V116/><F107/><W100/><G68/><T62/><D111/><U80/><E64/><V41/><F116/><W21/><G135/><T125/><D106/><U54/><E82/><V1/><F115/><W101/><G120/><T129/><D129/><U132/><E132/><V67/><F128/><W5/><G5/><T130/><D130/><U79/><E79/><V11/><F70/><W75/><G131/><T127/><D49/><U123/><E123/><V58/><F11/><W31/><G83/><T56/><D62/><U87/><E24/><V91/><F91/><N who="3" m="34827" /><G57/><T45/><D45/><U63/><E63/><V44/><REACH who="2" step="1"/><F58/><REACH who="2" ten="137,217,223,413" step="2"/><W69/><G69/><T88/><D102/><U19/><E117/><V9/><F9/><W50/><G101/><T112/><D112/><U124/><E119/><V53/><F53/><W28/><G103/><T61/><D93/><U110/><E54/><V118/><F118/><W35/><G100/><T29/><D56/><U39/><E110/><V26/><F26/><W55/><G66/><T85/><D34/><U6/><E108/><V114/><F114/><W104/><G35/><T27/><AGARI ba="0,1" hai="15,16,22,27,29,33,60,61,85,88,94,125,126,127" machi="27" ten="40,12000,2" yaku="0,1,18,1,52,3,54,2" doraHai="134" who="0" fromWho="0" sc="137,130,217,-30,223,-30,413,-60" /><INIT seed="4,0,0,1,2,131" ten="267,187,193,353" oya="0" hai0="34,48,42,49,5,4,133,9,15,127,13,18,128" hai1="98,7,8,23,130,39,94,80,27,116,106,101,41" hai2="105,35,53,111,89,44,117,109,71,113,19,73,37" hai3="54,58,79,122,59,60,30,32,69,21,100,36,65"/><T46/><D34/><U1/><E130/><V126/><RYUUKYOKU type="yao9" ba="0,0" sc="267,0,187,0,193,0,353,0" hai2="19,35,37,44,53,71,73,89,105,109,111,113,117,126" /><INIT seed="4,1,0,5,5,47" ten="267,187,193,353" oya="0" hai0="9,85,81,3,43,120,26,39,124,82,104,56,88" hai1="14,119,126,51,130,36,38,68,28,10,55,70,63" hai2="101,80,121,91,111,73,65,93,103,75,15,106,96" hai3="86,7,95,57,44,50,109,8,1,32,133,0,71"/><T76/><D104/><U84/><E119/><V99/><F65/><W45/><G32/><T33/><D120/><U19/><E126/><V77/><F15/><W64/><G109/><T58/><D124/><U108/><E130/><V72/><F111/><W97/><G86/><T102/><D102/><U59/><E28/><V52/><F121/><W125/><G125/><T18/><D33/><U54/><E108/><V35/><F35/><W100/><G133/><T134/><D134/><U92/><E70/><V98/><F52/><W116/><G116/><T79/><D79/><U46/><E68/><V113/><F113/><W94/><G0/><T49/><D39/><U31/><E31/><V115/><F115/><W87/><G71/><T6/><D18/><U20/><E92/><AGARI ba="1,0" hai="72,73,75,77,80,91,92,93,96,98,99,101,103,106" machi="92" ten="30,12000,2" yaku="7,1,35,6" doraHai="47" who="2" fromWho="1" sc="267,0,187,-123,193,123,353,0" /><INIT seed="5,0,0,4,5,42" ten="267,64,316,353" oya="1" hai0="96,29,116,62,126,35,24,58,82,86,20,41,52" hai1="14,13,109,16,17,117,92,56,57,123,31,131,61" hai2="101,81,77,127,46,12,119,2,104,53,74,99,94" hai3="63,22,32,37,97,85,23,43,125,73,8,10,91"/><U134/><E117/><V132/><F2/><W9/><G32/><T66/><D126/><U72/><E72/><V102/><F127/><W76/><G125/><T78/><D116/><U64/><E123/><V54/><F119/><W111/><G111/><T105/><D105/><U121/><E121/><V34/><F34/><W98/><G73/><T80/><D35/><U89/><E109/><V106/><F132/><W33/><G33/><T128/><D128/><U40/><E31/><V50/><F101/><W15/><G15/><T133/><D133/><U118/><E118/><V75/><F75/><W7/><G7/><T129/><D129/><U103/><E131/><V28/><F28/><W107/><G76/><T113/><D113/><U112/><E112/><V36/><F36/><W21/><G63/><T87/><D96/><U47/><E103/><V5/><F54/><W108/><G108/><T19/><D41/><U38/><E57/><V69/><F69/><W135/><G135/><T51/><D29/><U11/><E134/><V0/><F0/><W84/><G107/><T90/><D66/><U60/><E60/><AGARI ba="0,0" hai="19,20,24,51,52,58,60,62,78,80,82,86,87,90" machi="60" ten="40,2600,0" yaku="8,1,54,1" doraHai="42" who="0" fromWho="1" sc="267,26,64,-26,316,0,353,0" /><INIT seed="6,0,0,2,4,41" ten="293,38,316,353" oya="2" hai0="37,42,118,14,25,93,76,54,94,3,13,64,60" hai1="109,4,87,83,116,85,115,26,132,65,44,131,9" hai2="23,77,81,100,22,69,103,30,71,102,92,96,17" hai3="63,51,95,99,120,21,117,84,73,28,12,45,29"/><V0/><F0/><W70/><G73/><T114/><D118/><U56/><E116/><V78/><F30/><W79/><G117/><T89/><D114/><U129/><E115/><V40/><F40/><W122/><G70/><T91/><D3/><U11/><E132/><V18/><F81/><N who="3" m="47167" /><G63/><T7/><D76/><U62/><E109/><V58/><F58/><W19/><G120/><T90/><D54/><U31/><E87/><V43/><F43/><N who="3" m="25023" /><G122/><T53/><D53/><U57/><E57/><V33/><F92/><W27/><G12/><T86/><D25/><U36/><E131/><V107/><F96/><W49/><G49/><T97/><D7/><U123/><E4/><V52/><F102/><AGARI ba="0,0" hai="19,21,27,28,29,95,99,102" m="25023,47167" machi="102" ten="30,2000,0" yaku="8,1,52,1" doraHai="41" who="3" fromWho="2" sc="293,0,38,0,316,-20,353,20" /><INIT seed="7,0,0,2,4,94" ten="293,38,296,373" oya="3" hai0="24,131,50,9,77,99,87,109,6,11,98,75,5" hai1="103,60,102,19,91,85,57,63,18,28,7,70,121" hai2="65,3,54,122,88,17,101,30,92,10,27,97,110" hai3="108,64,116,90,15,114,33,95,59,106,69,51,48"/><W79/><G33/><T41/><D75/><U128/><E128/><V80/><F110/><W46/><G106/><T67/><D109/><U119/><E119/><V43/><F122/><W130/><G69/><T2/><D131/><U133/><E133/><V100/><F65/><W47/><G79/><T35/><D67/><U105/><E105/><V115/><F115/><W16/><G114/><T129/><D129/><U14/><E70/><V68/><F68/><W58/><G116/><T81/><D24/><U112/><E112/><V84/><F43/><N who="3" m="24671" /><G64/><T8/><D35/><U61/><E57/><V66/><F66/><W107/><G107/><T31/><D31/><U53/><E28/><V13/><F54/><N who="3" m="30079" /><G108/><T45/><D8/><U26/><E53/><V72/><F72/><W73/><G73/><T29/><D29/><U104/><E104/><V113/><F113/><W20/><G130/><T56/><D56/><U21/><E121/><V39/><F39/><W83/><G83/><T78/><D78/><U96/><E7/><V25/><F3/><W1/><G1/><T32/><D32/><U127/><E127/><V38/><F38/><W123/><G123/><T23/><D23/><U44/><E44/><V40/><F40/><W120/><G120/><T134/><D134/><U125/><E125/><V117/><F117/><W124/><G124/><T86/><D86/><AGARI ba="0,0" hai="15,16,20,58,59,86,90,95" m="30079,24671" machi="86" ten="30,2900,0" yaku="8,1,54,1" doraHai="94" who="3" fromWho="0" sc="293,-29,38,0,296,0,373,29" owari="264,-14.0,38,-46.0,296,10.0,402,50.0" /></mjloggm>