<mjloggm ver="2.3"><GO type="169" lobby="0"/><UN n0="%E3%81%A4%E3%81%B0%E3%81%8D%E3%81%A1%30%33" n1="%E3%82%A6%E3%83%AB%E3%83%88%E3%83%A9%E7%AB%8B%E7%9B%B4" n2="%E3%81%BE%E3%81%AA%E3%81%84%E3%81%9F%E3%82%88%E3%81%86%E3%81%98%E3%82%87" n3="%E5%A4%A7%E6%AD%A3%E7%BE%A9%E9%87%8E%E7%90%83%E5%A8%98" dan="17,16,16,16" rate="2235.99,2050.10,2079.93,2144.13" sx="M,M,M,M"/><TAIKYOKU oya="0"/><INIT seed="0,0,0,1,0,102" ten="250,250,250,250" oya="0" hai0="63,67,84,8,89,123,5,72,15,107,101,27,105" hai1="7,4,35,64,48,0,74,19,98,128,11,3,16" hai2="26,65,108,30,12,57,36,95,38,14,121,118,39" hai3="83,29,86,96,90,42,25,81,24,51,82,114,97"/><T100/><D123/><U127/><E74/><V33/><F121/><W41/><G114/><T18/><D72/><U80/><E80/><N who="3" m="30826" /><G29/><T17/><D100/><U104/><E64/><V91/><F118/><W110/><G110/><T133/><D101/><U2/><E48/><V10/><F108/><W71/><G71/><T60/><D133/><U132/><E104/><V131/><F131/><W22/><G51/><T13/><D27/><N who="3" m="10313" /><G22/><T45/><D45/><U130/><E98/><AGARI ba="0,0" hai="41,42,83,86,90,96,97,98" m="10313,30826" machi="98" ten="30,1000,0" yaku="8,1" doraHai="102" who="3" fromWho="1" sc="250,0,250,-10,250,0,250,10" /><INIT seed="1,0,0,2,2,75" ten="250,240,250,260" oya="1" hai0="93,40,124,58,28,111,68,65,129,125,43,94,50" hai1="62,31,83,109,55,0,102,92,69,34,14,134,113" hai2="77,39,54,98,2,76,104,72,99,110,64,131,37" hai3="66,82,45,135,32,73,8,80,42,49,59,85,70"/><U16/><E0/><V97/><F104/><W11/><G32/><T51/><D28/><U89/><E113/><V52/><F72/><W7/><G70/><T91/><D91/><U12/><E134/><V87/><F64/><W36/><G135/><T86/><D86/><U78/><E102/><V100/><F100/><W120/><G120/><T41/><D93/><U38/><E38/><V128/><F87/><W47/><G73/><T19/><D94/><U112/><E112/><V108/><F99/><W30/><G30/><T26/><D26/><U27/><E14/><V96/><F96/><W24/><G24/><T114/><D19/><U126/><E126/><N who="0" m="48745" /><D114/><U6/><E6/><V95/><F95/><W20/><G20/><T35/><D35/><U17/><E12/><V46/><F46/><W81/><G85/><T25/><D25/><U116/><E16/><V44/><F44/><W121/><G121/><T132/><D132/><U56/><E17/><V1/><AGARI ba="0,0" hai="1,2,37,39,52,54,76,77,97,98,108,110,128,131" machi="1" ten="25,12000,2" yaku="0,1,22,2,52,2,54,1" doraHai="75" who="2" fromWho="2" sc="250,-30,240,-60,250,120,260,-30" /><INIT seed="2,0,0,1,5,50" ten="220,180,370,230" oya="2" hai0="109,10,24,13,59,70,89,65,78,85,111,40,45" hai1="112,130,107,23,56,53,99,103,80,92,125,121,49" hai2="51,4,73,32,106,129,8,0,66,62,91,33,41" hai3="74,134,98,95,7,133,52,72,102,3,29,69,81"/><V63/><F106/><W64/><G29/><T115/><D24/><U87/><E112/><V36/><F129/><W105/><G7/><T124/><D124/><U42/><E125/><V114/><F114/><W68/><G3/><T88/><D115/><U83/><E130/><V96/><F62/><W128/><G128/><T47/><D70/><N who="3" m="27241" /><G64/><T116/><D116/><U77/><E121/><V119/><F119/><W39/><G39/><T126/><D126/><U5/><E5/><V97/><F91/><N who="0" m="34890" /><D40/><U18/><E42/><V11/><F36/><W54/><G105/><T110/><D65/><U12/><E107/><V93/><F66/><W101/><G101/><T132/><D59/><U57/><REACH who="1" step="1"/><E83/><REACH who="1" ten="220,170,370,230" step="2"/><V135/><F41/><W28/><G81/><N who="0" m="47287" /><D132/><N who="3" m="50793" /><G28/><T9/><D111/><U38/><E38/><V2/><F135/><W86/><G86/><T104/><D110/><U94/><E94/><V100/><F93/><W14/><G14/><T15/><D109/><U46/><AGARI ba="0,1" hai="12,18,23,46,49,53,56,57,77,80,87,92,99,103" machi="46" ten="20,12000,2" yaku="1,1,0,1,7,1,8,1,52,1,53,1" doraHai="50" doraHaiUra="48" who="1" fromWho="1" sc="220,-30,170,130,370,-60,230,-30" /><INIT seed="3,0,0,3,0,58" ten="190,300,310,200" oya="3" hai0="50,23,8,85,112,62,60,69,129,2,108,107,96" hai1="86,127,134,84,83,126,120,100,74,3,7,91,128" hai2="42,80,117,11,104,44,106,47,130,53,17,114,51" hai3="28,57,67,45,66,110,56,22,77,40,48,90,0"/><W46/><G0/><T35/><D35/><U68/><E7/><V63/><F114/><W33/><G33/><T131/><D69/><U103/><E3/><V37/><F117/><W116/><G116/><T14/><D108/><U30/><E30/><V87/><F130/><N who="0" m="49674" /><D50/><U54/><E54/><V135/><F135/><W93/><G77/><T32/><D32/><U119/><E74/><V61/><F106/><W121/><G121/><T76/><D112/><U18/><E18/><V36/><F104/><W133/><G133/><T111/><D111/><U92/><E68/><V27/><F36/><W88/><G110/><T38/><D38/><U82/><E134/><V65/><F65/><N who="3" m="24587" /><G46/><T25/><D2/><U9/><E128/><V109/><F109/><W132/><G132/><T16/><D85/><U95/><E9/><V5/><F5/><W75/><G75/><T13/><D76/><U81/><E119/><V105/><F105/><W73/><G73/><T71/><D71/><U118/><E118/><V43/><F43/><W78/><G78/><T15/><D8/><U19/><E120/><V20/><F11/><W70/><G70/><T125/><D125/><U59/><E126/><V1/><F1/><W72/><G72/><T113/><D113/><U94/><E127/><V98/><F98/><N who="3" m="57639" /><G90/><AGARI ba="0,0" hai="17,20,27,37,42,44,47,51,53,61,63,80,87,90" machi="90" ten="30,3900,0" yaku="7,1,52,2" doraHai="58" who="2" fromWho="3" sc="190,0,300,0,310,39,200,-39" /><INIT seed="4,0,0,2,3,113" ten="190,300,349,161" oya="0" hai0="20,95,89,125,4,88,5,60,56,64,126,58,46" hai1="110,108,123,77,27,97,30,23,16,21,132,36,54" hai2="121,134,47,71,118,78,59,52,40,92,22,19,31" hai3="38,101,35,49,12,76,9,48,116,103,18,33,75"/><T127/><D46/><U13/><E36/><V99/><F121/><W34/><G38/><T111/><D111/><U135/><E77/><V85/><F71/><W114/><G114/><T69/><D89/><U50/><E97/><V106/><F31/><W29/><G29/><T42/><D42/><U105/><E105/><V45/><F134/><N who="1" m="51241" /><E123/><V102/><F118/><W96/><G116/><T122/><D122/><U63/><E63/><V26/><F40/><W83/><REACH who="3" step="1"/><G103/><REACH who="3" ten="190,300,349,151" step="2"/><T68/><D68/><U81/><E108/><V53/><F102/><W73/><G73/><T24/><D69/><U70/><E70/><V17/><F106/><AGARI ba="0,1" hai="9,12,18,33,34,35,48,49,75,76,83,96,101,106" machi="106" ten="40,1300,0" yaku="1,1,53,0" doraHai="113" doraHaiUra="109" who="3" fromWho="2" sc="190,0,300,0,349,-13,151,23" /><INIT seed="5,0,0,5,1,79" ten="190,300,336,174" oya="1" hai0="121,82,31,113,95,9,66,44,84,0,13,127,93" hai1="73,70,97,21,47,88,89,65,117,77,124,101,92" hai2="67,11,61,23,76,103,1,105,72,120,119,56,41" hai3="8,16,63,55,69,80,57,64,48,90,128,107,75"/><U17/><E117/><V86/><F119/><W30/><G107/><T132/><D0/><U18/><E124/><V4/><F120/><W12/><G128/><T14/><D113/><U5/><E5/><V129/><F129/><W111/><G111/><T25/><D127/><U53/><E65/><V102/><F105/><W94/><G30/><T118/><D132/><U27/><E70/><V36/><F86/><W83/><G75/><T24/><D66/><U109/><E109/><V38/><F23/><W22/><G8/><T126/><D126/><U81/><E53/><V104/><F104/><W29/><G29/><T45/><D121/><U39/><REACH who="1" step="1"/><E18/><REACH who="1" ten="190,290,336,174" step="2"/><V110/><F110/><W15/><REACH who="3" step="1"/><G12/><REACH who="3" ten="190,290,336,164" step="2"/><T71/><D14/><U54/><E54/><V106/><F1/><W20/><G20/><T6/><D13/><U114/><E114/><V32/><F11/><W40/><G40/><AGARI ba="0,2" hai="17,21,27,39,40,47,73,77,81,88,89,92,97,101" machi="40" ten="40,7700,0" yaku="1,1,52,1,54,1,53,0" doraHai="79" doraHaiUra="52" who="1" fromWho="3" sc="190,0,290,97,336,0,164,-77" /><INIT seed="5,1,0,1,3,71" ten="190,387,336,87" oya="1" hai0="131,70,46,125,25,54,117,126,6,68,40,60,66" hai1="111,79,11,87,14,43,39,101,33,32,29,62,37" hai2="65,7,57,24,22,93,52,95,116,41,119,81,127" hai3="36,17,85,20,73,44,98,0,1,9,67,74,19"/><U69/><E43/><V106/><F106/><W48/><G67/><T77/><D77/><U133/><E33/><V118/><F65/><W99/><G85/><T61/><D25/><N who="1" m="18479" /><E87/><V8/><F81/><W55/><G9/><T121/><D6/><U64/><E79/><V34/><F34/><W12/><G19/><T45/><D117/><U88/><E88/><V47/><F127/><N who="0" m="48650" /><D131/><U120/><E120/><V50/><F7/><W114/><G114/><T124/><D124/><U16/><E133/><V91/><F8/><W75/><REACH who="3" step="1"/><G36/><REACH who="3" ten="190,387,336,77" step="2"/><N who="0" m="21639" /><D121/><U102/><E39/><V94/><F118/><W84/><G84/><T122/><D122/><U58/><E37/><V35/><F119/><W108/><G108/><T21/><D68/><U110/><E69/><V89/><F116/><W72/><N who="3" m="18432" /><DORA hai="112" /><W59/><G59/><N who="0" m="34935" /><D46/><U97/><E97/><AGARI ba="1,1" hai="0,1,12,17,20,44,48,55,97,98,99" m="18432" machi="97" ten="70,2300,0" yaku="1,1,53,0" doraHai="71,112" doraHaiUra="109,4" who="3" fromWho="1" sc="190,0,387,-26,336,0,77,36" /><INIT seed="6,0,0,4,4,95" ten="190,361,336,113" oya="2" hai0="133,120,23,24,22,134,108,48,54,17,43,68,100" hai1="67,129,7,73,113,36,99,126,123,70,92,93,74" hai2="79,49,86,76,84,66,102,130,29,11,35,97,13" hai3="0,128,31,2,96,53,14,61,82,63,110,9,8"/><V16/><F130/><W32/><G110/><T59/><D108/><U42/><E7/><V33/><F66/><W27/><G128/><T30/><D120/><U41/><E129/><V3/><F3/><W40/><G40/><T116/><D43/><U135/><E36/><V87/><F49/><W47/><G9/><T124/><D124/><U114/><E67/><V62/><F62/><W71/><G63/><T56/><D68/><U78/><E78/><V131/><F131/><W117/><G117/><T46/><D100/><U15/><E15/><V51/><F51/><W103/><G82/><T4/><D4/><U21/><E126/><V18/><F18/><W107/><G47/><T1/><D1/><U119/><E119/><V60/><F60/><W125/><G125/><T88/><D88/><U122/><E21/><V83/><F29/><W55/><G55/><T98/><D98/><U25/><E99/><V111/><F111/><W72/><G72/><T37/><D37/><U5/><E5/><V65/><F65/><N who="3" m="41391" /><G53/><T91/><D91/><U50/><E70/><V105/><REACH who="2" step="1"/><F76/><REACH who="2" ten="190,361,326,113" step="2"/><W118/><G118/><T132/><D116/><U52/><E50/><V6/><F6/><AGARI ba="0,1" hai="0,2,6,8,14,27,31,32,96,103,107" m="41391" machi="6" ten="30,2000,0" yaku="25,1,52,1" doraHai="95" who="3" fromWho="2" sc="190,0,361,0,326,-20,113,30" /><INIT seed="7,0,0,4,5,59" ten="190,361,306,143" oya="3" hai0="40,2,84,118,21,0,97,41,135,82,7,43,108" hai1="65,95,5,45,61,4,111,133,24,94,48,16,70" hai2="122,64,78,12,23,52,47,25,9,69,85,1,29" hai3="35,54,115,75,100,73,28,36,10,131,18,129,37"/><W117/><G117/><T50/><D108/><U71/><E71/><V26/><F1/><W87/><G100/><T83/><D83/><U56/><E70/><V126/><F126/><W58/><G115/><T46/><D135/><U114/><E133/><V107/><F122/><W76/><G87/><T80/><D80/><U8/><E114/><V60/><F107/><W89/><G89/><T91/><D118/><U62/><E62/><V30/><F85/><W116/><G116/><T121/><D121/><U120/><E120/><V31/><F78/><W127/><G127/><T88/><D2/><U13/><E111/><V128/><F128/><N who="3" m="49227" /><G28/><T22/><D7/><N who="1" m="2635" /><E24/><V99/><F99/><W106/><G35/><T34/><D0/><U134/><E134/><V124/><F124/><W130/><N who="3" m="49235" /><W96/><DORA hai="79" /><G96/><T67/><D97/><U11/><E11/><V103/><F103/><W68/><G106/><T51/><D34/><U90/><E90/><V132/><F132/><W104/><G104/><T38/><D91/><U57/><E57/><N who="2" m="36879" /><F26/><W53/><G68/><T72/><D88/><U123/><E123/><V119/><F69/><W19/><G54/><AGARI ba="0,0" hai="8,13,16,45,48,54,56,61,65,94,95" m="2635" machi="54" ten="30,3900,0" yaku="8,1,52,1,54,1" doraHai="59,79" who="1" fromWho="3" sc="190,0,361,39,306,0,143,-39" owari="190,-21.0,400,50.0,306,11.0,104,-40.0" /></mjloggm>