<mjloggm ver="2.3"><GO type="97" lobby="0"/><UN n0="%E3%81%8F%E3%82%8B%E3%81%8F%E3%82%8B%E3%82%8A%E3%82%93" n1="%E3%82%A6%E3%83%AB%E3%83%88%E3%83%A9%E7%AB%8B%E7%9B%B4" n2="%E3%81%B5%E3%82%8C%E3%81%84%E3%82%86" n3="%67%61%6B%75%63%68%6F" dan="14,15,13,13" rate="1940.41,2001.53,1825.29,1945.44" sx="M,M,F,M"/><TAIKYOKU oya="0"/><INIT seed="0,0,0,4,4,28" ten="250,250,250,250" oya="0" hai0="61,96,63,108,37,57,8,75,49,24,0,91,88" hai1="18,82,89,124,33,126,113,48,22,68,83,107,65" hai2="130,9,97,73,67,76,120,29,30,80,14,104,64" hai3="86,15,71,62,131,10,69,21,133,112,105,3,50"/><T70/><D75/><U72/><E107/><V55/><F120/><W26/><G112/><T110/><D37/><U27/><E65/><V106/><F130/><W25/><G131/><T1/><D24/><U79/><E68/><V19/><F19/><W7/><G105/><T85/><D49/><U98/><E48/><V129/><F129/><W12/><G133/><T135/><D135/><U4/><E4/><V35/><F106/><W95/><G62/><T111/><D8/><U118/><E118/><V103/><F30/><W93/><G3/><N who="0" m="1099" /><D70/><U36/><E36/><V134/><F134/><W60/><G60/><N who="0" m="23115" /><D57/><U39/><E39/><V5/><REACH who="2" step="1"/><F55/><REACH who="2" ten="250,250,240,250" step="2"/><W51/><G7/><T125/><D125/><U101/><E124/><V31/><F31/><W52/><G52/><T116/><D116/><U78/><E126/><V56/><F56/><W81/><G69/><T127/><D127/><U38/><E18/><V128/><F128/><W109/><G71/><T40/><D40/><U66/><E113/><V43/><F43/><W54/><G54/><T58/><D58/><U84/><E66/><V17/><F17/><W47/><G47/><T122/><D122/><U115/><E115/><V117/><F117/><W46/><G46/><T2/><D2/><U123/><E123/><V102/><F102/><W87/><G10/><T20/><D20/><U99/><E22/><V114/><F114/><W6/><G21/><T92/><D111/><U94/><E101/><V100/><F100/><W41/><G109/><T34/><D34/><U74/><E33/><V119/><F119/><W32/><G32/><RYUUKYOKU ba="0,1" sc="250,15,250,-15,240,15,250,-15" hai0="85,88,91,92,96,108,110" hai2="5,9,14,29,35,64,67,73,76,80,97,103,104" /><INIT seed="0,1,1,4,0,112" ten="265,235,255,235" oya="0" hai0="109,13,11,30,31,4,79,100,3,68,37,97,81" hai1="6,1,75,89,2,43,32,56,71,88,17,117,128" hai2="38,50,34,85,77,120,130,99,67,94,78,101,26" hai3="103,20,29,102,121,49,134,122,124,106,21,51,10"/><T76/><D68/><U35/><E71/><V70/><F38/><W40/><G10/><T116/><D116/><U111/><E75/><V108/><F120/><N who="3" m="46187" /><G106/><T18/><D109/><U59/><E43/><V114/><F114/><W45/><G124/><T61/><D61/><U123/><E123/><V115/><F115/><W46/><G134/><T39/><D79/><U27/><E17/><V72/><F108/><W9/><G9/><T80/><D80/><U104/><E104/><V64/><F130/><W82/><G82/><T132/><D132/><U98/><E111/><V105/><F72/><W113/><G113/><T125/><D125/><U91/><E27/><V66/><F50/><N who="3" m="18955" /><G29/><T44/><D18/><U92/><E128/><V95/><F94/><W83/><G83/><T84/><D3/><N who="1" m="1035" /><E92/><V24/><F24/><W135/><G40/><T90/><D90/><U16/><E98/><V25/><F25/><W23/><G135/><T0/><D0/><U36/><E6/><V7/><F7/><W63/><G63/><T87/><D87/><U93/><E93/><V96/><F85/><W129/><G129/><T52/><D39/><U54/><E36/><V119/><F119/><W12/><G12/><T107/><D37/><U127/><E127/><V86/><F86/><W15/><G15/><T48/><AGARI ba="1,1" hai="4,11,13,30,31,44,48,52,76,81,84,97,100,107" machi="48" ten="30,3000,0" yaku="0,1,54,1" doraHai="112" who="0" fromWho="0" sc="265,43,235,-11,255,-11,235,-11" /><INIT seed="0,2,0,1,0,82" ten="308,224,244,224" oya="0" hai0="9,60,69,80,16,13,45,24,114,18,117,70,125" hai1="0,118,135,29,87,90,98,7,20,93,130,22,41" hai2="109,66,15,108,79,120,121,30,128,42,115,6,84" hai3="116,59,27,11,94,58,8,122,52,44,99,100,95"/><T106/><D117/><U23/><E118/><V103/><F103/><W91/><G116/><T107/><D114/><U54/><E130/><V65/><F115/><W89/><G122/><T10/><D125/><U113/><E113/><V50/><F30/><W96/><G100/><T49/><D80/><U88/><E41/><V123/><F128/><W1/><G1/><T86/><D86/><U73/><E73/><V131/><F131/><W36/><G36/><T46/><D24/><N who="1" m="16519" /><E0/><V48/><F15/><W111/><G111/><N who="2" m="42569" /><F6/><W31/><G44/><T110/><D110/><U101/><E135/><V64/><F42/><W67/><G67/><T81/><D81/><AGARI ba="2,0" hai="48,50,64,65,66,79,81,84,120,121,123" m="42569" machi="81" ten="40,2600,0" yaku="14,1,52,1" doraHai="82" who="2" fromWho="0" sc="308,-32,224,0,244,32,224,0" /><INIT seed="1,0,0,3,5,71" ten="276,224,276,224" oya="1" hai0="26,59,77,3,134,95,9,56,47,14,104,127,119" hai1="70,64,41,10,2,62,89,91,88,39,129,66,58" hai2="30,83,13,57,126,102,114,16,105,86,73,75,96" hai3="93,53,28,135,61,108,85,67,121,44,94,111,7"/><U99/><E129/><V49/><F126/><W34/><G121/><T22/><D127/><U69/><E99/><V54/><F114/><W25/><G135/><T122/><D119/><U76/><E76/><V65/><F65/><W68/><G7/><T45/><D122/><U1/><E58/><N who="0" m="22057" /><D3/><U80/><E80/><V103/><F102/><W125/><G125/><T90/><D104/><U5/><E2/><V92/><F105/><W18/><G18/><N who="0" m="8527" /><D77/><U50/><E50/><V109/><F109/><N who="3" m="42059" /><G85/><N who="0" m="52687" /><D134/><U118/><E118/><V131/><F131/><W113/><G113/><T87/><D87/><U84/><E84/><V106/><F30/><AGARI ba="0,0" hai="22,26,30,45,47" m="52687,8527,22057" machi="30" ten="30,1000,0" yaku="8,1" doraHai="71" who="0" fromWho="2" sc="276,10,224,0,276,-10,224,0" /><INIT seed="2,0,0,1,1,71" ten="286,224,266,224" oya="2" hai0="87,42,41,45,26,113,55,6,85,118,33,125,60" hai1="78,123,59,34,104,86,21,32,28,122,99,73,25" hai2="49,82,77,133,108,89,39,74,95,91,98,13,7" hai3="132,37,30,54,101,16,3,93,67,4,115,0,20"/><V92/><F39/><W1/><G67/><T19/><D113/><U119/><E73/><V24/><F24/><W117/><G117/><T124/><D118/><U35/><E59/><V64/><F64/><W48/><G115/><T110/><D110/><U79/><E119/><V58/><F133/><W72/><G72/><T120/><D120/><N who="1" m="46123" /><E86/><V94/><F108/><W112/><G112/><T121/><D121/><U100/><AGARI ba="0,0" hai="21,25,28,32,34,35,78,79,99,100,104" m="46123" machi="100" ten="40,1500,0" yaku="13,1" doraHai="71" who="1" fromWho="1" sc="286,-4,224,15,266,-7,224,-4" /><INIT seed="3,0,0,2,2,115" ten="282,239,259,220" oya="3" hai0="106,6,121,65,127,113,33,41,17,0,56,133,4" hai1="131,79,116,48,61,83,10,16,88,69,49,64,21" hai2="29,28,103,32,54,111,129,125,82,84,124,18,57" hai3="67,13,119,68,2,11,93,71,45,47,114,134,112"/><W44/><G2/><T130/><D106/><U97/><E10/><V62/><F103/><W73/><G73/><T40/><D65/><U34/><E34/><V96/><F96/><W12/><G93/><T43/><D56/><U95/><E116/><V38/><F38/><W74/><G74/><T58/><D58/><U81/><E131/><V110/><F129/><W52/><G11/><T86/><D130/><U109/><E109/><N who="2" m="41483" /><F18/><W132/><G67/><T3/><D113/><N who="3" m="43625" /><G119/><T35/><D121/><U23/><E23/><V30/><F32/><N who="0" m="12362" /><D86/><U36/><E36/><V7/><F7/><N who="0" m="2602" /><D17/><U85/><REACH who="1" step="1"/><E83/><REACH who="1" ten="282,229,259,220" step="2"/><V59/><F82/><W123/><G123/><T70/><D70/><N who="3" m="26665" /><G52/><T24/><D24/><AGARI ba="0,1" hai="16,21,24,48,49,61,64,69,79,81,85,88,95,97" machi="24" ten="30,7700,0" yaku="1,1,7,1,54,2,53,0" doraHai="115" doraHaiUra="101" who="1" fromWho="0" sc="282,-77,229,87,259,0,220,0" owari="205,-29.0,316,41.0,259,6.0,220,-18.0" /></mjloggm>