<mjloggm ver="2.3"><GO type="97" lobby="0"/><UN n0="%E3%82%A6%E3%83%AB%E3%83%88%E3%83%A9%E7%AB%8B%E7%9B%B4" n1="%66%75%73%73%68" n2="%6E%61%62%65%6B%69%63%68" n3="%E3%82%B7%E3%83%BC%E3%83%9E%31%38%36%36" dan="15,13,14,15" rate="1987.23,1995.46,1906.19,2042.29" sx="M,M,M,M"/><TAIKYOKU oya="0"/><INIT seed="0,0,0,0,2,4" ten="250,250,250,250" oya="0" hai0="80,112,71,62,98,69,8,82,57,25,26,101,84" hai1="11,28,2,88,114,16,0,113,42,74,122,108,10" hai2="116,117,67,18,12,129,61,96,34,127,81,100,99" hai3="13,119,65,23,56,14,46,3,103,107,70,64,68"/><T89/><D112/><N who="1" m="43115" /><E42/><V60/><F34/><W124/><G3/><N who="1" m="1066" /><E74/><V104/><F129/><W17/><G119/><N who="2" m="45641" /><F127/><W54/><G124/><T93/><D69/><U77/><E122/><V125/><F125/><W86/><G68/><T51/><D71/><U22/><E77/><V37/><F37/><W79/><G70/><T20/><D51/><U27/><E108/><V85/><F67/><W39/><G103/><T126/><D126/><U52/><E28/><V44/><F44/><W102/><G102/><T6/><D82/><U78/><E78/><N who="2" m="46263" /><F99/><W7/><G107/><T21/><D26/><U111/><E111/><V36/><F36/><W19/><G46/><T90/><D101/><U132/><E132/><V66/><F66/><W76/><G39/><T9/><D6/><U97/><E52/><V50/><F50/><N who="3" m="30807" /><G7/><T72/><D72/><U95/><AGARI ba="0,0" hai="10,11,16,22,27,88,95,97" m="1066,43115" machi="95" ten="40,8000,1" yaku="11,1,52,2,54,2" doraHai="4" who="1" fromWho="1" sc="250,-40,250,80,250,-20,250,-20" /><INIT seed="1,0,0,3,0,108" ten="210,330,230,230" oya="1" hai0="107,111,65,101,28,12,13,21,18,92,88,99,48" hai1="59,115,128,38,70,131,32,109,54,8,14,97,45" hai2="105,103,60,106,133,50,122,130,19,57,72,0,81" hai3="25,31,22,77,113,39,94,64,132,34,76,30,37"/><U24/><E97/><V9/><F122/><W82/><G132/><T15/><D111/><U49/><E109/><V41/><F133/><W27/><G113/><T55/><D65/><U47/><E32/><V124/><F130/><N who="1" m="49705" /><E24/><V69/><F69/><W121/><G121/><T2/><D2/><U51/><E70/><V7/><F124/><W53/><G64/><T117/><D117/><U56/><E14/><V46/><F103/><W87/><G77/><T95/><D28/><U52/><E8/><V96/><F96/><W78/><G78/><T79/><D79/><U80/><E80/><V36/><F19/><W68/><G68/><T35/><D35/><U20/><E20/><V89/><F50/><W110/><G53/><T112/><D107/><U1/><E1/><V90/><F90/><W114/><G114/><T67/><D67/><U84/><E84/><V123/><F123/><W16/><G110/><T63/><D63/><N who="1" m="36231" /><E115/><V75/><F75/><W127/><G127/><T86/><REACH who="0" step="1"/><D112/><REACH who="0" ten="200,330,230,230" step="2"/><U6/><E38/><V118/><F118/><W29/><G29/><T58/><AGARI ba="0,1" hai="12,13,15,18,21,48,55,58,86,88,92,95,99,101" machi="58" ten="20,16000,3" yaku="1,1,2,1,0,1,7,1,25,2,8,1,54,1,53,0" doraHai="108" doraHaiUra="120" who="0" fromWho="0" sc="200,170,330,-80,230,-40,230,-40" /><INIT seed="2,0,0,5,3,114" ten="370,250,190,190" oya="2" hai0="99,126,32,53,85,29,57,18,81,80,61,103,70" hai1="113,51,131,41,36,129,7,4,3,42,120,74,111" hai2="65,38,122,1,34,31,135,102,112,35,97,66,37" hai3="30,106,23,11,39,110,73,104,47,117,63,115,33"/><V107/><F122/><W92/><G115/><T89/><D126/><U60/><E113/><V19/><F112/><W43/><G73/><T20/><D70/><U58/><E74/><V52/><F1/><W28/><G110/><T130/><D130/><N who="1" m="49675" /><E3/><V125/><F125/><W69/><G23/><T12/><D32/><U68/><E120/><V108/><F108/><W87/><G11/><T46/><D29/><U95/><E111/><V82/><F82/><W84/><G30/><T9/><D81/><U76/><E76/><V123/><F123/><W22/><G22/><T101/><D99/><U40/><E95/><V77/><F77/><W124/><G124/><T6/><D46/><N who="1" m="23815" /><E7/><V50/><F135/><W88/><G87/><T13/><AGARI ba="0,0" hai="6,9,12,13,18,20,53,57,61,80,85,89,101,103" machi="13" ten="20,2700,0" yaku="0,1,7,1,8,1" doraHai="114" who="0" fromWho="0" sc="370,27,250,-7,190,-13,190,-7" /><INIT seed="3,0,0,2,0,15" ten="397,243,177,183" oya="3" hai0="88,43,23,24,131,84,124,133,4,49,18,90,63" hai1="87,17,10,45,112,120,38,102,117,68,108,121,74" hai2="56,135,0,31,95,33,81,78,58,97,26,35,126" hai3="37,1,42,103,134,76,61,82,125,20,92,91,14"/><W16/><G1/><T99/><D131/><U29/><E17/><V54/><F0/><W5/><G125/><T85/><D133/><U105/><E87/><N who="0" m="33353" /><D124/><U46/><E45/><V123/><F126/><W83/><G134/><T69/><D69/><U118/><E29/><V132/><F123/><N who="1" m="47177" /><E10/><V21/><F132/><W2/><G103/><T22/><D99/><N who="1" m="61663" /><E46/><V101/><F58/><W104/><G104/><T70/><D70/><U39/><E68/><V41/><F41/><W12/><G42/><T72/><D72/><U19/><E19/><V119/><F119/><N who="1" m="45577" /><E74/><V60/><REACH who="2" step="1"/><F135/><REACH who="2" ten="397,243,167,183" step="2"/><W75/><G2/><T65/><D43/><U36/><E112/><V53/><F53/><W89/><G37/><T57/><D49/><U27/><E39/><V32/><F32/><W107/><G61/><T129/><D63/><U113/><E38/><V115/><F115/><W40/><G40/><T25/><D65/><U66/><E36/><V30/><F30/><W116/><G116/><T3/><D57/><U8/><E113/><V52/><F52/><W67/><G67/><T122/><D3/><U51/><E66/><V130/><F130/><W114/><G114/><T55/><D129/><U34/><E34/><V110/><F110/><W109/><G109/><T77/><D122/><U73/><E51/><V93/><F93/><W128/><G128/><T7/><D55/><U47/><E108/><V9/><F9/><N who="3" m="4143" /><G107/><T64/><D64/><U127/><E8/><V50/><F50/><W80/><G92/><T48/><D48/><U98/><E127/><V13/><F13/><W94/><G94/><RYUUKYOKU ba="0,1" sc="397,-15,243,-15,167,15,183,15" hai2="21,26,31,33,35,54,56,60,78,81,95,97,101" hai3="14,16,20,75,76,80,82,83,89,91" /><INIT seed="3,1,1,0,3,19" ten="382,228,182,198" oya="3" hai0="127,51,96,66,108,37,118,106,4,94,24,119,78" hai1="9,89,54,62,101,120,134,55,81,50,79,91,113" hai2="2,28,5,33,73,40,44,14,58,123,56,128,85" hai3="132,77,17,57,43,45,105,86,121,80,20,88,67"/><W26/><G121/><T3/><D106/><U61/><E120/><V131/><F123/><W70/><G105/><T102/><D37/><U64/><E113/><V107/><F107/><W74/><G132/><T12/><D3/><U48/><E134/><V92/><F73/><W23/><G70/><T25/><D78/><U7/><E101/><V36/><F2/><W1/><G1/><T11/><D66/><U114/><E79/><V13/><F33/><W115/><G115/><T130/><D51/><U22/><E114/><V52/><F28/><W109/><G109/><T75/><D75/><U32/><E81/><V93/><F5/><W116/><G116/><T49/><D49/><N who="1" m="19051" /><E32/><V39/><F36/><W60/><G45/><T16/><D108/><U125/><E64/><V95/><F85/><N who="3" m="48271" /><G43/><T129/><D127/><U68/><E125/><V90/><F90/><N who="1" m="34313" /><E68/><V103/><F103/><W98/><G74/><T47/><D47/><U46/><E22/><V133/><F133/><W71/><G71/><T63/><D63/><N who="1" m="24075" /><E46/><V65/><F65/><W59/><G59/><N who="2" m="22569" /><F52/><N who="1" m="20009" /><E9/><V29/><F29/><W112/><G112/><T99/><D119/><U97/><E7/><V83/><F83/><N who="3" m="49247" /><G98/><AGARI ba="1,1" hai="97,98" m="20009,24075,34313,19051" machi="98" ten="30,7700,0" yaku="28,2,8,1,54,1" doraHai="19" who="1" fromWho="3" sc="382,0,228,90,182,0,198,-80" owari="382,48.0,318,12.0,182,-22.0,118,-38.0" /></mjloggm>