<mjloggm ver="2.3"><GO type="97" lobby="0"/><UN n0="%73%61%76%69%6F%72" n1="%E4%BA%BA%E4%B8%A6%E4%B8%80%E9%83%8E" n2="%E3%82%A6%E3%83%AB%E3%83%88%E3%83%A9%E7%AB%8B%E7%9B%B4" n3="%64%75%66%66%62%65%65%72" dan="13,14,15,15" rate="1859.14,1877.54,1993.92,2031.84" sx="F,M,M,M"/><TAIKYOKU oya="0"/><INIT seed="0,0,0,1,4,30" ten="250,250,250,250" oya="0" hai0="62,134,94,115,78,114,66,121,15,18,52,55,95" hai1="96,88,75,74,45,42,98,97,124,63,72,108,122" hai2="106,36,110,82,50,90,25,116,84,3,133,83,81" hai3="118,101,135,39,19,40,103,64,32,123,127,46,107"/><T8/><D121/><U126/><E63/><V68/><F36/><W27/><G118/><T29/><D134/><U0/><E0/><V60/><F3/><W57/><G135/><T5/><D78/><U22/><E22/><V89/><F133/><W1/><G1/><T20/><D29/><U28/><E28/><V113/><F113/><W79/><G103/><T17/><D115/><U2/><E2/><V13/><F116/><W31/><G127/><N who="1" m="48682" /><E45/><V51/><F106/><W12/><G79/><T65/><D114/><U48/><E48/><V26/><F13/><W21/><G123/><T131/><D131/><U11/><E11/><V54/><F68/><W80/><G80/><T109/><D109/><U129/><E108/><V76/><F110/><W6/><G6/><T73/><D62/><U104/><E42/><V92/><F60/><W67/><REACH who="3" step="1"/><G57/><REACH who="3" ten="250,250,250,240" step="2"/><T112/><D112/><U47/><E122/><V87/><F82/><W86/><G86/><T59/><D59/><U130/><E47/><V9/><F84/><W93/><G93/><T77/><D5/><U35/><E35/><V7/><F87/><W119/><G119/><T41/><D94/><N who="1" m="56391" /><E104/><V38/><F7/><W99/><AGARI ba="0,1" hai="12,19,21,27,31,32,39,40,46,64,67,99,101,107" machi="99" ten="30,7900,0" yaku="1,1,0,1,52,1,53,1" doraHai="30" doraHaiUra="70" who="3" fromWho="3" sc="250,-39,250,-20,250,-20,240,89" /><INIT seed="1,0,0,5,0,97" ten="211,230,230,329" oya="1" hai0="69,91,3,107,86,45,82,85,104,20,60,29,36" hai1="42,53,44,92,35,94,77,113,63,126,84,1,57" hai2="58,118,7,131,6,9,39,93,99,78,37,127,16" hai3="75,47,123,68,12,129,54,133,96,90,134,124,52"/><U116/><E116/><V22/><F118/><W102/><G75/><T71/><D3/><U51/><E113/><V23/><F127/><W76/><G76/><T15/><D104/><U95/><E126/><V125/><F125/><W128/><G68/><T49/><D107/><U83/><E35/><V105/><F105/><N who="3" m="63687" /><G123/><T79/><D36/><U5/><E1/><V100/><F131/><N who="3" m="50251" /><G124/><T117/><D60/><U106/><E106/><V32/><F32/><W41/><G90/><T33/><D33/><U65/><REACH who="1" step="1"/><E5/><REACH who="1" ten="211,220,230,329" step="2"/><V48/><F7/><W115/><G115/><T4/><D4/><U112/><E112/><V28/><F6/><W25/><G134/><T109/><D117/><U50/><E50/><V101/><F48/><W18/><G133/><T114/><D114/><U56/><E56/><V135/><F58/><W31/><G47/><T80/><D49/><U19/><E19/><V14/><F135/><W38/><G38/><T34/><D45/><U89/><E89/><N who="2" m="55727" /><F37/><W24/><G41/><AGARI ba="0,1" hai="41,42,44,51,53,57,63,65,77,83,84,92,94,95" machi="41" ten="40,3900,0" yaku="1,1,8,1,53,0" doraHai="97" doraHaiUra="70" who="1" fromWho="3" sc="211,0,220,49,230,0,329,-39" /><INIT seed="1,1,0,1,4,131" ten="211,269,230,290" oya="1" hai0="19,18,107,93,94,2,132,24,113,41,1,92,108" hai1="83,54,45,117,35,111,87,71,114,85,123,3,58" hai2="125,15,103,96,128,36,84,100,47,14,59,105,109" hai3="133,13,12,46,120,21,88,34,42,6,78,76,72"/><U122/><E3/><V56/><F109/><W102/><G34/><T68/><D68/><U66/><E35/><V75/><F75/><W118/><G102/><T0/><D113/><U16/><E117/><V112/><F128/><W95/><G118/><T5/><D108/><U70/><E114/><V86/><F112/><W30/><G120/><T116/><D116/><U32/><E111/><V64/><F125/><W127/><G72/><T130/><D130/><U60/><E32/><V55/><F36/><W82/><G82/><T79/><D107/><U38/><E123/><V101/><F105/><W43/><G127/><T115/><D115/><U53/><E122/><V91/><F96/><W48/><G43/><T9/><D41/><U26/><E71/><V17/><F64/><W31/><G133/><T80/><D132/><U63/><E70/><V134/><F134/><W99/><G13/><N who="2" m="4617" /><F17/><N who="3" m="10407" /><G6/><T81/><D81/><U28/><E28/><AGARI ba="1,0" hai="28,30,31,42,46,48,76,78,88,95,99" m="10407" machi="28" ten="30,2000,0" yaku="8,1,54,1" doraHai="131" who="3" fromWho="1" sc="211,0,269,-23,230,0,290,23" /><INIT seed="2,0,0,5,2,78" ten="211,246,230,313" oya="2" hai0="29,127,111,33,48,10,92,112,64,120,95,75,15" hai1="89,0,103,5,31,108,46,99,40,135,44,7,105" hai2="102,69,73,1,42,119,88,85,82,115,87,93,4" hai3="94,9,114,74,72,21,117,116,19,41,118,30,12"/><V28/><F69/><W11/><G114/><T51/><D120/><U130/><E108/><V109/><F115/><W61/><G41/><T18/><D112/><U16/><E130/><V52/><F119/><W128/><G128/><T55/><D75/><U56/><E135/><V49/><F109/><W100/><G74/><T53/><D111/><U86/><E31/><V54/><F73/><W43/><G43/><T39/><D39/><U125/><E56/><V24/><F4/><W35/><G72/><T14/><D127/><U32/><E32/><V104/><F1/><W83/><G61/><T37/><D37/><U90/><E125/><V107/><F107/><W67/><G67/><T81/><D81/><U121/><E121/><V6/><F6/><W133/><G83/><T110/><D110/><U126/><E126/><V3/><F3/><W38/><G38/><T106/><D106/><U20/><E0/><V84/><F104/><W123/><G123/><T77/><D77/><U101/><E101/><V98/><F42/><W22/><G100/><T131/><D64/><U124/><E124/><V13/><F13/><W132/><G35/><T129/><D129/><U45/><E40/><V68/><F68/><W17/><G30/><T66/><D66/><U47/><N who="1" m="11776" /><DORA hai="122" /><U134/><E134/><N who="3" m="51818" /><G94/><N who="0" m="35883" /><D131/><U63/><E63/><V59/><F54/><N who="0" m="20490" /><D29/><U97/><E97/><V113/><F113/><W96/><G96/><T50/><D33/><AGARI ba="0,0" hai="24,28,33,49,52,59,82,84,85,87,88,93,98,102" machi="33" ten="30,11600,0" yaku="7,1,52,1,54,2" doraHai="78,122" who="2" fromWho="0" sc="211,-116,246,0,230,116,313,0" /><INIT seed="2,1,0,4,4,59" ten="95,246,346,313" oya="2" hai0="9,62,61,29,41,114,36,52,70,115,79,16,51" hai1="4,6,37,97,113,92,65,118,57,134,82,112,128" hai2="25,130,32,58,21,47,50,35,72,117,123,133,99" hai3="94,8,89,66,17,116,83,102,81,18,10,80,109"/><V20/><F72/><W129/><G116/><T46/><D29/><U49/><E118/><V43/><F123/><W26/><G129/><T88/><D79/><U75/><E37/><V1/><F1/><W74/><G74/><T119/><D119/><U11/><E128/><V54/><F117/><W45/><G109/><T44/><D70/><U111/><E134/><V5/><F5/><W23/><G102/><T91/><D115/><U28/><E111/><V31/><F130/><W85/><G45/><T39/><D39/><U105/><E105/><V126/><F126/><W122/><G122/><T63/><REACH who="0" step="1"/><D114/><REACH who="0" ten="85,246,346,313" step="2"/><U27/><E113/><V19/><F133/><W76/><G76/><T135/><D135/><U132/><E112/><V22/><F31/><W127/><G127/><T77/><D77/><U3/><E132/><V42/><F32/><W131/><G131/><T120/><D120/><U71/><E71/><V103/><F35/><W60/><REACH who="3" step="1"/><G18/><REACH who="3" ten="85,246,346,303" step="2"/><T48/><D48/><U125/><E125/><V0/><F19/><W73/><G73/><T108/><D108/><U24/><E75/><V55/><F50/><W78/><G78/><T2/><D2/><U95/><E3/><V64/><F0/><W84/><G84/><T121/><D121/><U15/><E49/><V93/><F47/><W53/><G53/><T40/><D40/><U100/><E65/><V30/><F64/><W38/><G38/><T7/><D7/><U90/><E4/><V12/><F55/><W14/><G14/><AGARI ba="1,2" hai="9,14,16,36,41,44,46,51,52,61,62,63,88,91" machi="14" ten="40,12000,2" yaku="1,1,52,3,54,3,53,0" doraHai="59" doraHaiUra="33" who="0" fromWho="3" sc="85,143,246,0,346,0,303,-123" /><INIT seed="3,0,0,1,5,16" ten="228,246,346,180" oya="3" hai0="133,88,110,19,58,21,77,92,29,82,27,102,31" hai1="72,107,20,9,120,78,33,10,51,50,126,7,117" hai2="32,135,80,115,12,48,131,119,111,55,129,61,1" hai3="45,24,28,57,122,103,59,46,47,30,106,100,62"/><W81/><G122/><T42/><D110/><U98/><E107/><V13/><F32/><W15/><G81/><T90/><D102/><N who="3" m="38953" /><G106/><T23/><D42/><U132/><E98/><V6/><F111/><W8/><G62/><T60/><D133/><U2/><E78/><V114/><F61/><W49/><G49/><T93/><D82/><U22/><E72/><V0/><F80/><W70/><G70/><T37/><D77/><U76/><E76/><V112/><F135/><W52/><G52/><N who="0" m="33863" /><D37/><U96/><E132/><V39/><F39/><W123/><G123/><T105/><D105/><U95/><E120/><V121/><F121/><W118/><G118/><T40/><D40/><U130/><E33/><V36/><F36/><W5/><G28/><N who="0" m="10827" /><D23/><AGARI ba="0,0" hai="5,8,15,23,24,30,45,46,47,57,59" m="38953" machi="23" ten="30,2900,0" yaku="8,1,52,1" doraHai="16" who="3" fromWho="0" sc="228,-29,246,0,346,0,180,29" /><INIT seed="3,1,0,4,5,100" ten="199,246,346,209" oya="3" hai0="13,113,67,79,107,78,33,125,16,94,73,85,128" hai1="108,123,81,30,80,132,112,99,42,122,97,15,124" hai2="29,48,47,134,91,1,63,126,109,0,106,88,24" hai3="3,62,121,8,52,61,35,129,103,111,87,21,59"/><W120/><G35/><T51/><D33/><U86/><E15/><V130/><F106/><W18/><G129/><T105/><D128/><U101/><E30/><V58/><F130/><W76/><G111/><T98/><D125/><U54/><E54/><V2/><F109/><W31/><G121/><N who="1" m="46090" /><E42/><V84/><F134/><W82/><G120/><T40/><D73/><U66/><E66/><V50/><F126/><W36/><G36/><T71/><D71/><U96/><E108/><V19/><F19/><W83/><G83/><N who="1" m="31818" /><E124/><V5/><F5/><W22/><G103/><T95/><D67/><U20/><E20/><V92/><F24/><N who="3" m="16783" /><G3/><T114/><D51/><U46/><E46/><V90/><F29/><W41/><G41/><T118/><D118/><U102/><E112/><N who="0" m="43113" /><D40/><U17/><E17/><V9/><F2/><W68/><G68/><T57/><D57/><U49/><E49/><N who="2" m="19051" /><F1/><W131/><G131/><T10/><D85/><U119/><E132/><V127/><F127/><W12/><G62/><T27/><D27/><U116/><E86/><V7/><F47/><W34/><G34/><T55/><D55/><U25/><E25/><V44/><F44/><W43/><G43/><T77/><D94/><U39/><E39/><V110/><F110/><W6/><G6/><T60/><D60/><U65/><E65/><N who="2" m="39159" /><F0/><W26/><G26/><T32/><D32/><U37/><E37/><V117/><F7/><W104/><G22/><T28/><D28/><U23/><E23/><V93/><F9/><W133/><G133/><T115/><N who="0" m="43121" /><T74/><DORA hai="38" /><D74/><U56/><E56/><RYUUKYOKU ba="1,0" sc="199,10,246,10,346,-30,209,10" hai0="10,13,16,77,78,79,95,98,105,107" hai1="96,97,99,101,102,116,119" hai3="8,12,18,52,59,61,76,82,87,104" /><INIT seed="3,2,0,1,4,32" ten="209,256,316,219" oya="3" hai0="103,76,129,134,82,115,11,128,119,122,94,99,53" hai1="37,14,36,108,72,93,67,91,70,1,124,133,60" hai2="125,6,23,20,59,0,100,109,35,54,19,85,29" hai3="17,127,96,131,52,7,97,74,9,130,117,120,121"/><W2/><G74/><N who="0" m="43287" /><D53/><U92/><E108/><V31/><F100/><W41/><G117/><T73/><D11/><U12/><E72/><V26/><F85/><W28/><G41/><T98/><D119/><U135/><E124/><V87/><F87/><W66/><G127/><T24/><D24/><U18/><E91/><V5/><F125/><W39/><G39/><N who="1" m="14922" /><E18/><N who="2" m="12567" /><F59/><W27/><G17/><T110/><D122/><N who="3" m="47209" /><G66/><T51/><D51/><U78/><E78/><V104/><F54/><W106/><G52/><T61/><D61/><U118/><E118/><V62/><F109/><W50/><G50/><T21/><D110/><U113/><E113/><V65/><F62/><W79/><G79/><T47/><D21/><U3/><E60/><V80/><F65/><W105/><G27/><T38/><D115/><U116/><E67/><V89/><F31/><W25/><G25/><T102/><D73/><U111/><E70/><V90/><F29/><W88/><G28/><T81/><D38/><U10/><E111/><V33/><F19/><W58/><G58/><T64/><D64/><U69/><E116/><V48/><F48/><W43/><G43/><T49/><D81/><U63/><E69/><V55/><F55/><W4/><G4/><T114/><D114/><U13/><E10/><N who="2" m="2343" /><F6/><W86/><G106/><N who="0" m="63831" /><D49/><U34/><E63/><V45/><F45/><W101/><G97/><T16/><D47/><U77/><E34/><N who="2" m="12811" /><F104/><W44/><G44/><T112/><D112/><U132/><E77/><V107/><F107/><W56/><G56/><T22/><D134/><N who="1" m="34307" /><U84/><DORA hai="123" /><E84/><N who="2" m="50311" /><F23/><W95/><AGARI ba="2,0" hai="2,7,9,86,88,95,96,101,105,130,131" m="47209" machi="95" ten="30,6000,0" yaku="5,1,52,1,54,1" doraHai="32,123" who="3" fromWho="3" sc="209,-22,256,-22,316,-22,219,66" /><INIT seed="3,3,0,2,5,134" ten="187,234,294,285" oya="3" hai0="121,49,13,61,96,2,86,8,118,56,109,102,129" hai1="53,23,57,18,98,54,38,89,45,106,108,1,110" hai2="15,74,127,78,83,114,59,20,27,25,9,29,99" hai3="3,10,135,36,69,133,41,76,71,67,31,51,80"/><W123/><G123/><T37/><D118/><U94/><E1/><V19/><F127/><W119/><G119/><T90/><D121/><U17/><E106/><V77/><F114/><W97/><G31/><T82/><D37/><U95/><E38/><V63/><F99/><W6/><G51/><T84/><D109/><N who="1" m="42091" /><E45/><V7/><F78/><W107/><G97/><T14/><D2/><U72/><E72/><V58/><F63/><W21/><G21/><AGARI ba="3,0" hai="7,9,15,19,20,21,25,27,29,58,59,74,77,83" machi="21" ten="30,1000,0" yaku="7,1" doraHai="134" who="2" fromWho="3" sc="187,0,234,0,294,19,285,-19" owari="187,-31.0,234,-17.0,313,41.0,266,7.0" /></mjloggm>