<mjloggm ver="2.3"><GO type="97" lobby="0"/><UN n0="%53%6F%32%34" n1="%E3%82%A6%E3%83%AB%E3%83%88%E3%83%A9%E7%AB%8B%E7%9B%B4" n2="%71%75%40%72%74%7A" n3="%64%65%76%69%6C" dan="14,15,13,13" rate="1997.17,1990.02,1858.32,1832.71" sx="M,M,M,M"/><TAIKYOKU oya="0"/><INIT seed="0,0,0,1,5,88" ten="250,250,250,250" oya="0" hai0="63,41,31,122,107,52,8,18,25,116,98,56,48" hai1="20,38,114,50,117,74,101,39,12,64,82,100,66" hai2="110,10,54,70,123,127,86,46,79,67,130,80,109" hai3="94,62,106,73,112,9,37,23,60,19,49,51,59"/><T27/><D116/><U17/><E114/><V42/><F123/><W96/><G106/><T45/><D122/><U3/><E3/><V124/><F70/><W91/><G37/><T135/><D135/><U44/><E117/><V22/><F67/><N who="1" m="25641" /><E74/><V57/><F22/><W115/><G73/><T6/><D18/><U33/><E33/><V14/><F130/><W129/><G129/><T71/><D71/><U81/><E39/><V16/><F54/><W93/><G9/><T35/><D27/><U128/><E38/><N who="2" m="21847" /><F57/><W121/><G121/><T69/><D69/><U21/><E21/><V76/><F76/><W43/><G43/><T89/><D107/><U125/><E125/><AGARI ba="0,0" hai="10,14,16,79,80,86,109,110,124,125,127" m="21847" machi="125" ten="30,2000,0" yaku="18,1,54,1" doraHai="88" who="2" fromWho="1" sc="250,0,250,-20,250,20,250,0" /><INIT seed="1,0,0,0,3,31" ten="250,230,270,250" oya="1" hai0="80,85,94,27,19,58,11,65,119,64,36,133,0" hai1="97,107,24,57,68,4,45,51,75,71,73,6,115" hai2="62,81,111,102,30,98,3,132,66,46,86,9,117" hai3="2,83,63,43,122,22,100,135,92,84,67,130,78"/><U93/><E107/><V10/><F117/><W61/><G2/><T110/><D119/><U49/><E115/><V101/><F3/><W128/><G122/><T12/><D36/><U48/><E57/><V50/><F111/><W76/><G43/><T60/><D0/><U70/><E45/><V53/><F132/><W90/><G22/><T129/><D110/><U118/><E24/><V134/><F134/><W23/><G135/><T124/><D133/><U131/><E131/><V82/><F81/><W91/><G23/><T25/><D129/><N who="3" m="49769" /><G63/><T52/><D124/><U13/><E118/><V7/><F30/><W123/><G123/><T120/><D120/><U41/><E41/><V103/><F7/><W104/><G61/><T39/><D39/><U28/><E28/><V125/><F125/><W56/><G56/><T69/><D94/><U105/><E105/><V109/><F109/><W116/><G67/><N who="0" m="25675" /><D69/><U88/><REACH who="1" step="1"/><E13/><REACH who="1" ten="250,220,270,250" step="2"/><V106/><F106/><W35/><G116/><T55/><D55/><U108/><E108/><V21/><F103/><W89/><G35/><T33/><D33/><U18/><E18/><V20/><F102/><W42/><G42/><T17/><D17/><U38/><E38/><V40/><F101/><W5/><G5/><AGARI ba="0,1" hai="4,5,6,48,49,51,68,70,71,73,75,88,93,97" machi="5" ten="50,12000,1" yaku="1,1,54,1,53,3" doraHai="31" doraHaiUra="47" who="1" fromWho="3" sc="250,0,220,130,270,0,250,-120" /><INIT seed="1,1,0,5,4,82" ten="250,350,270,130" oya="1" hai0="49,29,72,79,4,134,57,130,51,121,66,77,45" hai1="90,95,38,61,110,111,109,105,2,99,7,30,5" hai2="58,53,114,35,10,17,6,34,44,129,9,119,97" hai3="54,33,83,11,21,74,60,73,86,96,40,0,108"/><U67/><E38/><V104/><F119/><W59/><G33/><T75/><D29/><U94/><E105/><V113/><F44/><W126/><G126/><T116/><D116/><U27/><E94/><V101/><F129/><W135/><G135/><T123/><D4/><U127/><E2/><N who="2" m="215" /><F17/><W89/><G40/><T13/><D13/><U118/><E127/><V76/><F76/><W103/><G108/><T112/><D66/><U20/><REACH who="1" step="1"/><E118/><REACH who="1" ten="250,340,270,130" step="2"/><V65/><F10/><W55/><G11/><T98/><D121/><U39/><E39/><V100/><F101/><W84/><G0/><T68/><D123/><U15/><E15/><V91/><F91/><W50/><G74/><T85/><D75/><U125/><E125/><V14/><F14/><W63/><G73/><T22/><D72/><U32/><E32/><N who="2" m="12331" /><F65/><W16/><G84/><T1/><D85/><U52/><E52/><V70/><F53/><W106/><G55/><T26/><D1/><U78/><E78/><V115/><F58/><AGARI ba="1,1" hai="5,7,20,27,30,58,61,67,90,95,99,109,110,111" machi="58" ten="40,7700,0" yaku="1,1,14,1,10,1,53,0" doraHai="82" doraHaiUra="102" who="1" fromWho="2" sc="250,0,340,90,270,-80,130,0" /><INIT seed="1,2,0,5,0,79" ten="250,430,190,130" oya="1" hai0="93,91,100,46,44,58,112,102,8,119,29,67,10" hai1="87,27,52,110,15,49,55,16,28,117,98,104,40" hai2="0,33,85,59,135,94,20,81,109,34,133,68,105" hai3="131,19,53,83,118,12,2,127,25,48,84,80,107"/><U54/><E117/><V76/><F0/><W56/><G107/><T14/><D112/><U65/><E65/><V38/><F105/><W113/><G113/><T134/><D119/><U43/><E110/><V66/><F38/><W30/><G2/><T129/><D134/><N who="2" m="51210" /><F68/><W62/><G118/><T69/><D69/><U126/><E126/><V122/><F122/><W36/><G36/><T39/><D129/><U89/><E98/><V90/><F109/><W108/><G108/><T103/><D39/><U71/><E104/><V121/><F121/><W57/><G127/><T116/><D116/><U132/><E71/><V17/><F59/><W35/><G131/><T97/><D29/><U96/><E96/><N who="2" m="57431" /><F66/><W74/><G84/><T99/><D8/><U73/><E73/><V70/><F70/><W130/><G74/><T120/><D120/><U114/><E114/><V42/><F42/><W26/><G26/><AGARI ba="2,0" hai="17,20,26,33,34,76,81,85" m="57431,51210" machi="26" ten="30,2000,0" yaku="20,1,52,1" doraHai="79" who="2" fromWho="3" sc="250,0,430,0,190,26,130,-26" /><INIT seed="2,0,0,4,5,69" ten="250,430,216,104" oya="2" hai0="47,68,40,114,105,46,91,1,39,126,93,41,123" hai1="83,80,11,63,82,13,113,96,108,128,119,27,17" hai2="106,71,95,26,99,104,135,130,58,131,79,52,23" hai3="64,67,60,45,86,48,19,36,62,124,42,0,78"/><V5/><F71/><W51/><G0/><T109/><D105/><U88/><E128/><N who="2" m="49195" /><F79/><W121/><G121/><T72/><D123/><U55/><E108/><V30/><F5/><W4/><G4/><T66/><D114/><U37/><E37/><V107/><F135/><W116/><G116/><T81/><D1/><U87/><E113/><V35/><F35/><W92/><G124/><T38/><D126/><U85/><E119/><V18/><F30/><W25/><G78/><T3/><D3/><U127/><E127/><V44/><F44/><W102/><G102/><T21/><D109/><U120/><E120/><V97/><F95/><W125/><G125/><T32/><D32/><U56/><E27/><V98/><F99/><W73/><G73/><T77/><D21/><U12/><E12/><V94/><F94/><AGARI ba="0,0" hai="11,13,17,55,56,63,80,82,83,85,87,88,94,96" machi="94" ten="40,2600,0" yaku="8,1,54,1" doraHai="69" who="1" fromWho="2" sc="250,0,430,26,216,-26,104,0" /><INIT seed="3,0,0,5,0,67" ten="250,456,190,104" oya="3" hai0="3,12,72,95,60,81,116,135,121,6,37,27,7" hai1="44,123,124,84,108,57,64,32,115,33,36,88,29" hai2="110,43,119,86,14,126,134,17,107,83,46,90,114" hai3="122,5,79,15,69,56,24,85,26,0,78,58,31"/><W128/><G122/><T25/><D37/><U132/><E29/><V1/><F119/><W42/><G0/><T117/><D60/><N who="1" m="37903" /><E115/><V109/><F114/><W61/><G128/><T133/><D95/><U75/><E75/><V80/><F1/><W71/><G42/><T68/><D81/><U47/><E123/><V103/><F107/><W53/><G5/><T11/><D72/><U97/><E97/><V20/><F103/><W102/><G102/><T74/><D74/><U70/><E70/><V23/><F134/><N who="0" m="51210" /><D68/><U101/><E101/><V30/><F126/><W51/><G15/><T98/><D98/><U125/><E108/><V87/><F30/><W131/><G131/><T100/><D100/><U49/><E36/><V111/><F23/><W9/><G9/><N who="0" m="2271" /><D121/><U21/><E21/><V10/><F20/><W18/><G79/><T93/><D93/><N who="1" m="54407" /><E47/><V106/><F106/><W89/><G78/><T13/><D13/><U130/><E130/><V92/><REACH who="2" step="1"/><F86/><REACH who="2" ten="250,456,180,104" step="2"/><W35/><G26/><AGARI ba="0,1" hai="7,11,12,25,26,27,116,117" m="2271,51210" machi="26" ten="30,3900,0" yaku="20,1,34,2" doraHai="67" who="0" fromWho="3" sc="250,49,456,0,180,0,104,-39" owari="299,10.0,456,55.0,180,-22.0,65,-43.0" /></mjloggm>