<mjloggm ver="2.3"><GO type="41" lobby="0"/><UN n0="%E9%A2%A8%E7%94%B7" n1="%E2%98%86%E4%B9%82%E3%83%87%E3%83%95%E3%82%B8%E3%83%A3%E3%83%A0%E4%B9%82" n2="%E9%9B%BB%E5%A4%AA%43" n3="%E3%82%A6%E3%83%AB%E3%83%88%E3%83%A9%E7%AB%8B%E7%9B%B4" dan="14,14,14,16" rate="1853.15,1962.69,1952.71,2061.03" sx="M,M,M,M"/><TAIKYOKU oya="0"/><INIT seed="0,0,0,5,3,35" ten="250,250,250,250" oya="0" hai0="0,49,80,100,6,97,82,66,59,89,124,107,92" hai1="96,27,1,48,64,90,123,56,128,116,85,50,113" hai2="18,63,79,121,47,7,98,76,115,45,2,67,132" hai3="83,25,57,31,62,33,65,129,42,84,104,4,108"/><T26/><D124/><U36/><E116/><V133/><F121/><W114/><G114/><T101/><D101/><U16/><E123/><V40/><F115/><W95/><G104/><T15/><D0/><U23/><E36/><V118/><F118/><W120/><G120/><T37/><D37/><U12/><E1/><V3/><F7/><W22/><G33/><T38/><D38/><U91/><E113/><V20/><F98/><W9/><G42/><T87/><D26/><U39/><E39/><N who="2" m="21663" /><F47/><W131/><G108/><T43/><D43/><U29/><E128/><V73/><F73/><W58/><G58/><T52/><D66/><U53/><E96/><V105/><F105/><W130/><G95/><T10/><AGARI ba="0,0" hai="6,10,15,49,52,59,80,82,87,89,92,97,100,107" machi="10" ten="30,3000,0" yaku="0,1,54,1" doraHai="35" who="0" fromWho="0" sc="250,30,250,-10,250,-10,250,-10" /><INIT seed="0,1,0,1,4,13" ten="280,240,240,240" oya="0" hai0="105,73,20,74,51,26,36,89,30,128,96,68,59" hai1="1,85,63,0,31,24,40,7,106,79,61,70,2" hai2="114,98,94,80,131,121,84,112,77,29,10,47,126" hai3="135,21,50,25,86,107,120,76,82,116,33,66,119"/><T22/><D36/><U78/><E106/><V55/><F121/><W19/><G120/><T32/><D128/><U12/><E40/><V129/><F29/><W5/><G107/><T34/><D68/><U125/><E125/><V104/><F10/><W97/><G135/><T58/><D51/><U52/><E63/><V117/><F117/><W100/><G33/><T65/><D65/><U67/><E7/><V111/><F47/><W69/><G66/><T110/><D110/><U8/><E8/><V57/><F126/><W35/><G35/><T56/><D105/><U113/><E12/><V43/><F43/><W45/><G69/><T44/><D44/><U41/><E41/><V49/><F111/><W88/><G100/><T133/><D133/><U9/><E9/><V17/><F17/><W81/><G5/><T71/><D71/><U109/><E52/><V23/><F23/><W14/><G25/><T53/><D53/><U72/><E109/><V95/><F104/><W48/><G48/><T101/><D89/><U11/><E11/><V123/><F95/><W37/><G37/><T124/><D124/><U16/><E85/><V42/><F42/><W99/><G119/><T122/><D122/><U46/><E31/><V132/><F132/><W134/><G134/><T93/><D22/><U75/><E46/><V115/><REACH who="2" step="1"/><F123/><REACH who="2" ten="280,240,230,240" step="2"/><W15/><G116/><T90/><D34/><U92/><E92/><V64/><F64/><W38/><G21/><T28/><D28/><U108/><E108/><V60/><F60/><W3/><G45/><T91/><D32/><U83/><E67/><RYUUKYOKU ba="1,1" sc="280,15,240,-15,230,15,240,-15" hai0="20,26,30,56,58,59,73,74,90,91,93,96,101" hai2="49,55,57,77,80,84,94,98,112,114,115,129,131" /><INIT seed="0,2,1,2,4,40" ten="295,225,245,225" oya="0" hai0="70,33,82,111,22,61,93,7,55,119,37,17,98" hai1="117,104,118,26,130,84,63,133,83,42,38,103,54" hai2="92,10,48,47,60,71,62,114,100,81,125,90,50" hai3="19,127,4,132,31,43,21,121,69,3,9,52,109"/><T1/><D119/><U112/><E130/><V88/><F114/><W102/><G69/><T0/><D33/><U73/><E133/><V106/><F106/><W56/><G132/><T96/><D37/><U113/><E73/><V131/><F71/><W36/><G121/><T28/><D28/><U64/><E26/><V68/><F68/><W27/><G127/><T20/><D82/><U11/><E11/><V94/><F131/><W134/><G134/><T74/><D74/><U59/><E64/><V120/><F120/><W135/><G135/><T123/><D123/><U116/><E103/><V122/><F122/><W49/><G109/><T32/><D111/><U29/><E29/><V67/><F125/><W79/><G102/><T34/><D17/><U80/><E104/><V16/><F50/><W41/><G36/><T95/><D70/><U2/><E2/><V51/><F51/><W66/><G66/><T75/><D75/><U124/><E124/><V85/><F67/><W35/><REACH who="3" step="1"/><G79/><REACH who="3" ten="295,225,245,215" step="2"/><T57/><D57/><U18/><E113/><V6/><F100/><W110/><G110/><T45/><D55/><U15/><E54/><N who="2" m="29983" /><F6/><W97/><G97/><T91/><D7/><U99/><E112/><V13/><F94/><W30/><G30/><T128/><D128/><U72/><E99/><AGARI ba="2,2" hai="10,13,16,60,62,81,85,88,90,92,99" m="29983" machi="99" ten="30,8000,1" yaku="25,1,8,1,52,1,54,2" doraHai="40" who="2" fromWho="1" sc="295,0,225,-86,245,106,215,0" /><INIT seed="1,0,0,4,1,116" ten="295,139,351,215" oya="1" hai0="12,101,24,19,4,129,78,76,50,92,40,49,97" hai1="122,51,61,0,15,57,118,95,36,123,108,113,111" hai2="21,126,80,25,28,41,99,73,120,23,14,43,60" hai3="87,124,66,135,32,100,39,1,112,48,45,2,35"/><U115/><E36/><V90/><F120/><N who="1" m="46121" /><E0/><V16/><F126/><W30/><G39/><T134/><D24/><U9/><E95/><N who="2" m="56823" /><F73/><W94/><G112/><N who="1" m="43082" /><E51/><V109/><F109/><N who="1" m="42057" /><E57/><V83/><F60/><W84/><G48/><T88/><D134/><U3/><E3/><V59/><F59/><W68/><G135/><T20/><D129/><U34/><E61/><V125/><F125/><W17/><G124/><T18/><D4/><N who="1" m="3495" /><E34/><V75/><F75/><W121/><G94/><N who="0" m="58551" /><D40/><AGARI ba="0,0" hai="14,16,21,23,25,28,40,41,43,80,83" m="56823" machi="40" ten="30,2000,0" yaku="8,1,54,1" doraHai="116" who="2" fromWho="0" sc="295,-20,139,0,351,20,215,0" /><INIT seed="2,0,0,4,2,54" ten="275,139,371,215" oya="2" hai0="70,41,53,4,105,48,55,95,40,84,117,79,32" hai1="114,109,59,97,99,89,103,19,1,116,56,67,30" hai2="81,121,96,33,118,49,127,51,25,14,78,3,88" hai3="39,21,134,91,65,85,76,8,15,94,107,7,5"/><V26/><F3/><W133/><G39/><T100/><D117/><U72/><E1/><V71/><F121/><W101/><G5/><T43/><D32/><U86/><E72/><V122/><F122/><W47/><G47/><T2/><D70/><U22/><E109/><V29/><F71/><W131/><G131/><T83/><D105/><U66/><E114/><V87/><F118/><W98/><G65/><N who="1" m="24586" /><E30/><V0/><F0/><W34/><G34/><T9/><D100/><U75/><E75/><V102/><F127/><W123/><G123/><T35/><D35/><U132/><E132/><V6/><F26/><W128/><G128/><T38/><D95/><N who="1" m="54711" /><E116/><V90/><F6/><W74/><REACH who="3" step="1"/><G21/><REACH who="3" ten="275,139,371,205" step="2"/><T27/><D38/><U110/><E110/><V106/><REACH who="2" step="1"/><F14/><REACH who="2" ten="275,139,361,205" step="2"/><W68/><G68/><T17/><D27/><N who="1" m="14815" /><E103/><V64/><F64/><W50/><G50/><AGARI ba="0,2" hai="25,29,33,49,50,51,78,81,87,88,90,96,102,106" machi="50" ten="40,3900,0" yaku="1,1,54,1,53,0" doraHai="54" doraHaiUra="11" who="2" fromWho="3" sc="275,0,139,0,361,59,205,-39" /><INIT seed="2,1,0,2,5,130" ten="275,139,420,166" oya="2" hai0="112,44,30,82,42,1,7,101,3,12,73,39,57" hai1="80,98,27,85,6,59,5,18,68,10,17,20,105" hai2="56,9,107,33,72,95,71,106,2,102,131,25,36" hai3="43,121,50,66,41,132,83,4,67,100,96,84,119"/><V127/><F71/><W135/><G119/><T122/><D122/><U35/><E68/><V51/><F36/><W86/><G4/><T117/><D112/><U21/><E35/><V92/><F131/><W91/><G121/><T133/><D30/><U81/><E105/><V90/><F72/><W94/><G50/><T24/><D24/><U111/><E111/><V108/><F108/><W58/><G58/><T29/><D29/><U8/><E98/><V11/><F127/><W125/><G125/><T28/><D28/><U128/><E59/><V0/><F25/><W63/><G63/><T77/><D101/><U89/><E128/><V48/><F56/><W15/><G15/><T49/><D12/><N who="1" m="9255" /><E80/><V40/><F90/><W115/><G115/><T34/><D34/><U109/><E109/><V74/><F74/><W31/><G31/><T61/><D1/><U97/><E97/><V14/><F14/><W55/><G55/><T134/><D49/><U93/><E81/><V87/><F33/><W129/><G129/><T37/><D37/><U22/><E22/><V69/><F69/><W124/><G124/><T45/><D45/><U76/><E76/><V88/><F102/><W65/><REACH who="3" step="1"/><G86/><REACH who="3" ten="275,139,420,156" step="2"/><T32/><D117/><U52/><E52/><V38/><F87/><W113/><G113/><T70/><D70/><U104/><E104/><V126/><F126/><W78/><G78/><T120/><D120/><U26/><E26/><V79/><F38/><W13/><G13/><T64/><D32/><U54/><E54/><V62/><F79/><W103/><G103/><T110/><D110/><RYUUKYOKU ba="1,1" sc="275,10,139,10,420,-30,156,10" hai0="3,7,39,42,44,57,61,64,73,77,82,133,134" hai1="5,6,8,10,18,21,27,85,89,93" hai3="41,43,65,66,67,83,84,91,94,96,100,132,135" /><INIT seed="3,2,1,3,4,125" ten="285,149,390,166" oya="3" hai0="68,88,55,36,2,35,81,106,54,4,50,85,96" hai1="61,126,113,92,32,27,38,5,114,90,65,70,15" hai2="118,33,117,37,12,129,89,45,99,60,18,71,94" hai3="26,13,80,11,91,82,56,93,131,10,132,108,48"/><W0/><G132/><T25/><D36/><U76/><E38/><V3/><F33/><W41/><G108/><T57/><D68/><U124/><E76/><V98/><F3/><W1/><G1/><T84/><D2/><U107/><E15/><V59/><F71/><W34/><G0/><T97/><D4/><U67/><E5/><V49/><F37/><W63/><G11/><T75/><D75/><U20/><E67/><V8/><F99/><N who="0" m="37962" /><D106/><U44/><E107/><V123/><F123/><W58/><G34/><T120/><D120/><U121/><E44/><V105/><F105/><W7/><G26/><T134/><D35/><U133/><E32/><V102/><F102/><W110/><G110/><T23/><D134/><U130/><E133/><V24/><F24/><W78/><G78/><N who="0" m="46135" /><D50/><U40/><E130/><V86/><F86/><N who="3" m="52471" /><G131/><T22/><D57/><N who="3" m="22121" /><G63/><T73/><D73/><U30/><E121/><V79/><F129/><W128/><G128/><T9/><D9/><U19/><E40/><V127/><F79/><W64/><G64/><T95/><D23/><U47/><E47/><AGARI ba="2,1" hai="7,10,13,41,47,48,80,82" m="22121,52471" machi="47" ten="30,1500,0" yaku="8,1" doraHai="125" who="3" fromWho="1" sc="285,0,149,-21,390,0,166,31" /><INIT seed="3,3,0,3,0,0" ten="285,128,390,197" oya="3" hai0="103,99,89,110,90,41,114,125,127,91,72,109,19" hai1="119,77,15,45,17,69,101,107,10,44,55,50,130" hai2="102,86,126,128,3,4,106,115,21,40,129,24,48" hai3="9,74,11,54,122,30,7,76,78,64,111,13,104"/><W96/><G122/><T95/><D41/><U131/><E69/><V71/><F71/><W118/><G118/><T75/><D19/><U97/><E77/><V2/><F115/><W132/><G132/><T62/><D62/><U6/><E119/><V70/><F70/><W59/><G64/><T47/><D47/><U121/><E121/><V83/><F126/><N who="0" m="48138" /><D114/><U94/><E107/><V57/><F4/><W100/><G74/><AGARI ba="3,0" hai="72,74,75,89,90,91,95,99,103,109,110" m="48138" machi="74" ten="40,5200,0" yaku="18,1,34,2" doraHai="0" who="0" fromWho="3" sc="285,61,128,0,390,0,197,-61" /><INIT seed="4,0,0,4,4,19" ten="346,128,390,136" oya="0" hai0="49,13,79,45,92,41,5,73,40,37,47,29,2" hai1="121,31,39,117,109,128,63,58,12,7,70,134,96" hai2="89,72,100,71,26,59,25,50,51,23,32,94,44" hai3="68,64,27,53,116,60,93,107,110,80,90,6,113"/><T125/><D125/><U99/><E58/><V18/><F71/><W65/><G110/><T88/><D29/><U132/><E63/><V77/><F100/><W133/><G116/><T101/><D101/><U119/><E31/><V52/><F72/><W83/><G133/><N who="1" m="51306" /><E12/><N who="2" m="9671" /><F32/><W108/><G108/><T123/><D123/><U16/><E7/><V30/><F77/><W97/><G65/><T38/><D49/><U91/><E39/><V20/><F26/><W61/><G6/><T87/><D13/><U126/><E70/><V62/><F44/><W17/><G107/><T67/><D67/><U0/><E0/><V106/><F106/><W115/><G83/><T43/><D43/><U42/><E42/><V54/><F54/><W122/><G80/><T66/><D66/><U111/><E126/><V135/><F135/><W129/><G122/><T78/><D73/><U118/><E121/><V14/><F14/><W114/><G129/><T104/><D104/><U124/><E124/><V33/><F33/><W130/><G130/><T74/><D74/><U69/><E69/><V28/><F28/><W55/><REACH who="3" step="1"/><G61/><REACH who="3" ten="346,128,390,126" step="2"/><T84/><D5/><U57/><E128/><V35/><F35/><W76/><G76/><T81/><D2/><U105/><E109/><V103/><F103/><W82/><G82/><T127/><D127/><U22/><E111/><V120/><F120/><W75/><G75/><T34/><D34/><U15/><E105/><V85/><AGARI ba="0,1" hai="20,25,30,50,51,52,59,62,85,89,94" m="9671" machi="85" ten="30,7900,0" yaku="8,1,52,2,54,1" doraHai="19" who="2" fromWho="2" sc="346,-39,128,-20,390,89,126,-20" /><INIT seed="5,0,0,0,1,5" ten="307,108,479,106" oya="1" hai0="7,52,23,64,15,16,63,119,133,4,105,122,55" hai1="135,67,36,62,107,100,113,116,28,0,12,90,48" hai2="17,57,97,79,61,65,132,75,18,22,2,104,46" hai3="44,29,109,27,88,51,89,124,112,33,30,121,45"/><U94/><E116/><V74/><F2/><W58/><G121/><T11/><D105/><U80/><E113/><V130/><F132/><W101/><G109/><T131/><D119/><U92/><E135/><V54/><F130/><W69/><G69/><T38/><D133/><U106/><E0/><V31/><F31/><W49/><G112/><T96/><D38/><U19/><E28/><V72/><F79/><W85/><G124/><T60/><D96/><U53/><E36/><V95/><F104/><W56/><G101/><T103/><D103/><U71/><E80/><V134/><F134/><W114/><G114/><T13/><D131/><U68/><E100/><V98/><F18/><W129/><G129/><T108/><D108/><U42/><E94/><V70/><F46/><W9/><G30/><T43/><D43/><U102/><E42/><V115/><F115/><W99/><G99/><T81/><D81/><U66/><E102/><V127/><F127/><W1/><G1/><T8/><D122/><U47/><E67/><V32/><F32/><W3/><G3/><T59/><D63/><U111/><E71/><V14/><F95/><W24/><G29/><T78/><REACH who="0" step="1"/><D78/><REACH who="0" ten="297,108,479,106" step="2"/><U120/><E111/><V82/><F82/><W126/><G126/><T93/><D93/><U21/><E120/><V91/><F91/><W50/><G89/><T125/><D125/><U25/><E25/><AGARI ba="0,1" hai="4,7,8,11,13,15,16,23,25,52,55,59,60,64" machi="25" ten="30,16000,3" yaku="1,1,7,1,9,1,8,1,52,2,54,2,53,0" doraHai="5" doraHaiUra="84" who="0" fromWho="1" sc="297,170,108,-160,479,0,106,0" owari="467,27.0,-52,-55.0,479,57.0,106,-29.0" /></mjloggm>