<mjloggm ver="2.3"><GO type="97" lobby="0"/><UN n0="%6B%6F%62%75%74%61%6E" n1="%42%65%6E%6E%79%4A%65%74" n2="%E3%82%A6%E3%83%AB%E3%83%88%E3%83%A9%E7%AB%8B%E7%9B%B4" n3="%E3%81%AD%E3%82%80%E3%82%8A%E3%82%93" dan="13,13,14,14" rate="1913.89,1880.57,1901.33,1936.12" sx="M,M,M,F"/><TAIKYOKU oya="0"/><INIT seed="0,0,0,2,1,19" ten="250,250,250,250" oya="0" hai0="7,1,83,66,88,122,79,106,64,46,8,53,134" hai1="47,4,24,27,16,6,29,115,84,15,100,68,120" hai2="25,91,26,118,81,52,96,21,95,107,43,87,56" hai3="40,58,23,69,102,39,74,94,108,105,48,97,110"/><T35/><D122/><U9/><E68/><V124/><F118/><W62/><G69/><T18/><D106/><U60/><E60/><N who="2" m="35847" /><F107/><W82/><G39/><T131/><D134/><U93/><E120/><V113/><F113/><W111/><G105/><T12/><D131/><U114/><E47/><V128/><F128/><W10/><G10/><T98/><D35/><N who="1" m="20903" /><E84/><V11/><F124/><W59/><G74/><T42/><D53/><U41/><E41/><V32/><F32/><W73/><G73/><T123/><D123/><U104/><E104/><V125/><F125/><W17/><G82/><T70/><D70/><U75/><E75/><V127/><F127/><W57/><G40/><T45/><D79/><U28/><E93/><V135/><F135/><W51/><G62/><T119/><D119/><U65/><E100/><V37/><F37/><W78/><G78/><T44/><D42/><U38/><E65/><V36/><F36/><W77/><G77/><T71/><D71/><U50/><E50/><V133/><F133/><W2/><G2/><T33/><D33/><N who="1" m="20639" /><E38/><V14/><F43/><W80/><G80/><T126/><D126/><U89/><E89/><N who="2" m="51439" /><F21/><W132/><G132/><T92/><REACH who="0" step="1"/><D83/><REACH who="0" ten="240,250,250,250" step="2"/><U63/><E63/><V61/><F61/><W85/><G85/><T13/><D13/><AGARI ba="0,1" hai="13,17,23,48,51,57,58,59,94,97,102,108,110,111" machi="13" ten="50,3200,0" yaku="14,1,52,1" doraHai="19" who="3" fromWho="0" sc="240,-32,250,0,250,0,250,42" /><INIT seed="1,0,0,2,1,32" ten="208,250,250,292" oya="1" hai0="75,112,41,107,29,69,34,35,123,94,20,0,83" hai1="76,101,15,80,88,106,97,115,114,132,59,24,22" hai2="51,95,93,108,18,64,52,37,128,8,62,19,96" hai3="86,100,91,116,113,58,44,122,60,21,68,98,26"/><U117/><E117/><V99/><F37/><W6/><G113/><T61/><D112/><U85/><E15/><V92/><F108/><W2/><G68/><T3/><D107/><U33/><E33/><V127/><F127/><W110/><G122/><T135/><D41/><U57/><E132/><V124/><F124/><W40/><G116/><T66/><D123/><U65/><E57/><N who="2" m="36943" /><F128/><W89/><G110/><T105/><D135/><U48/><E48/><V73/><F73/><W7/><G2/><T54/><D105/><U130/><E130/><V39/><F39/><W90/><G86/><T121/><D121/><U10/><E10/><V12/><F18/><W47/><G40/><T43/><D43/><U28/><REACH who="1" step="1"/><E76/><REACH who="1" ten="208,240,250,292" step="2"/><V109/><F109/><W25/><G25/><T14/><D34/><U125/><E125/><V102/><F102/><W77/><G77/><T81/><D35/><U63/><AGARI ba="0,1" hai="22,24,28,59,63,65,80,85,88,97,101,106,114,115" machi="63" ten="30,6000,0" yaku="1,1,0,1,54,1,53,0" doraHai="32" doraHaiUra="36" who="1" fromWho="1" sc="208,-20,240,70,250,-20,292,-20" /><INIT seed="1,1,0,1,4,27" ten="188,310,230,272" oya="1" hai0="91,115,63,86,53,14,43,131,26,16,73,85,25" hai1="55,44,128,67,40,8,123,103,23,78,7,31,52" hai2="61,105,9,33,104,125,37,124,99,1,58,120,5" hai3="75,42,74,3,39,113,22,119,49,24,126,11,114"/><U135/><E123/><V129/><F37/><W18/><G126/><N who="2" m="48745" /><F120/><W79/><G119/><T60/><D73/><U116/><E116/><V69/><F69/><W59/><G39/><T46/><D115/><U100/><E67/><V51/><F129/><W93/><G93/><T72/><D72/><U35/><E35/><V64/><F33/><W68/><G68/><T45/><D131/><U82/><E128/><V77/><F77/><W29/><G75/><T88/><D43/><U2/><E135/><V54/><F99/><W10/><G10/><N who="0" m="6231" /><D25/><U70/><E70/><V0/><F0/><W15/><G3/><T56/><D26/><U19/><E19/><V87/><F87/><N who="0" m="33290" /><D60/><U4/><E4/><V76/><F76/><W134/><G134/><T92/><D91/><U50/><E78/><V28/><F28/><W36/><G36/><T130/><D130/><U110/><E82/><V101/><F101/><W30/><G30/><T111/><D111/><U80/><E110/><V127/><N who="2" m="48753" /><V13/><DORA hai="20" /><F1/><W94/><G94/><T34/><D34/><U47/><E80/><V98/><F98/><AGARI ba="1,0" hai="45,46,53,56,63,88,92,98" m="33290,6231" machi="98" ten="30,3900,0" yaku="8,1,54,2" doraHai="27,20" who="0" fromWho="2" sc="188,42,310,0,230,-42,272,0" /><INIT seed="2,0,0,4,3,77" ten="230,310,188,272" oya="2" hai0="65,52,83,102,113,123,103,35,72,50,104,97,37" hai1="95,130,129,112,38,131,62,120,116,60,71,79,30" hai2="56,3,54,134,127,26,46,55,101,42,4,51,11" hai3="28,94,8,91,69,9,7,121,89,48,0,98,19"/><V40/><F127/><W118/><G69/><T126/><D126/><U22/><E112/><V32/><F134/><W24/><G118/><T1/><D113/><U128/><E116/><V110/><F110/><W111/><G121/><T5/><D37/><U86/><E38/><V29/><REACH who="2" step="1"/><F101/><REACH who="2" ten="230,310,178,272" step="2"/><W108/><G111/><T82/><D103/><U88/><E131/><V43/><F43/><W10/><G108/><T122/><D123/><U44/><E120/><V39/><F39/><W99/><G19/><T33/><D122/><U59/><E130/><V49/><AGARI ba="0,1" hai="3,4,11,26,29,32,40,42,46,49,51,54,55,56" machi="49" ten="20,3900,0" yaku="1,1,0,1,7,1,53,0" doraHai="77" doraHaiUra="12" who="2" fromWho="2" sc="230,-13,310,-13,178,49,272,-13" /><INIT seed="2,1,0,4,2,19" ten="217,297,227,259" oya="2" hai0="73,108,87,93,75,135,72,67,131,106,99,116,76" hai1="3,12,42,98,35,111,110,20,15,121,132,52,68" hai2="40,16,57,34,126,127,58,71,129,85,61,48,78" hai3="44,49,66,59,39,24,109,86,107,37,1,9,96"/><V22/><F34/><W29/><G109/><N who="1" m="41482" /><E42/><V62/><F129/><W91/><G1/><T74/><D67/><U79/><E68/><V133/><F133/><W95/><G9/><T124/><D131/><U53/><E132/><V50/><F85/><W45/><G45/><T25/><D108/><U60/><E35/><V27/><F78/><W23/><G107/><T65/><D65/><U102/><E3/><V113/><F113/><W0/><G0/><T28/><D135/><U122/><E79/><V51/><F40/><W55/><REACH who="3" step="1"/><G96/><REACH who="3" ten="217,297,227,249" step="2"/><T31/><D106/><U4/><E122/><V46/><F46/><W115/><G115/><T114/><D114/><U2/><E121/><V69/><F69/><W41/><G41/><T97/><D99/><U88/><E2/><V125/><F71/><W104/><G104/><T21/><D97/><U100/><E98/><V64/><F58/><W32/><G32/><T18/><D116/><U13/><E4/><V47/><F47/><W82/><G82/><T83/><D124/><U11/><E11/><V26/><F57/><W14/><G14/><T123/><D123/><U81/><E20/><N who="2" m="13575" /><F64/><W92/><G92/><T90/><AGARI ba="1,1" hai="18,21,25,28,31,72,73,74,75,76,83,87,90,93" machi="90" ten="40,2700,0" yaku="0,1,52,1" doraHai="19" who="0" fromWho="0" sc="217,40,297,-8,227,-14,249,-8" /><INIT seed="3,0,0,4,5,83" ten="257,289,213,241" oya="3" hai0="51,16,44,43,37,2,68,82,126,57,46,115,102" hai1="62,47,64,7,91,12,30,54,118,33,108,125,76" hai2="39,29,55,104,74,23,70,117,59,6,71,81,48" hai3="88,21,129,63,9,135,90,73,112,75,58,17,13"/><W92/><G112/><T89/><D2/><U67/><E76/><V114/><F114/><W106/><G106/><T134/><D115/><U36/><E118/><V80/><F117/><W109/><G109/><T96/><D68/><U38/><E108/><V94/><F104/><W113/><G113/><T66/><D134/><U0/><E0/><V49/><F39/><W4/><G135/><T28/><D126/><U1/><E1/><V119/><F119/><W18/><G18/><T69/><D69/><U78/><E78/><V130/><F130/><W111/><G111/><T123/><D123/><U5/><E125/><V110/><F110/><W3/><G90/><T19/><D28/><U133/><E133/><V84/><F6/><W25/><G3/><T10/><D66/><U85/><E67/><V11/><F11/><W72/><G72/><T95/><D57/><U53/><E38/><V105/><F105/><W14/><G14/><T34/><D34/><U103/><E103/><V107/><F107/><W27/><G27/><T42/><D10/><U116/><E116/><V99/><F74/><W87/><G129/><T24/><REACH who="0" step="1"/><D24/><REACH who="0" ten="247,289,213,241" step="2"/><U121/><E121/><V65/><F70/><W122/><G122/><T77/><D77/><U52/><E64/><AGARI ba="0,1" hai="4,9,13,17,21,25,58,63,64,73,75,87,88,92" machi="64" ten="30,5800,0" yaku="7,1,52,1,54,1" doraHai="83" who="3" fromWho="1" sc="247,0,289,-58,213,0,241,68" owari="247,5.0,231,-17.0,213,-29.0,309,41.0" /></mjloggm>