<mjloggm ver="2.3"><GO type="41" lobby="0"/><UN n0="%E3%81%AC%E3%81%9F" n1="%E5%B7%A6%E8%84%9A" n2="%E3%81%A1%E3%82%83%E3%82%93%E5%A4%AA" n3="%E3%82%A6%E3%83%AB%E3%83%88%E3%83%A9%E7%AB%8B%E7%9B%B4" dan="14,14,13,16" rate="1941.53,1995.12,1812.39,2055.13" sx="M,M,M,M"/><TAIKYOKU oya="0"/><INIT seed="0,0,0,2,5,61" ten="250,250,250,250" oya="0" hai0="102,37,36,113,0,68,105,125,96,120,80,39,64" hai1="24,50,123,76,51,110,1,2,87,118,57,4,54" hai2="47,106,84,65,73,127,3,74,67,89,91,22,100" hai3="32,71,11,53,45,92,114,7,97,75,23,78,77"/><T49/><D120/><U69/><E123/><V46/><F3/><W131/><G32/><T58/><D113/><U132/><E118/><V28/><F106/><W9/><G114/><T72/><D49/><U133/><E69/><V124/><F100/><W33/><G33/><T31/><D58/><U60/><E110/><V14/><F14/><W119/><G119/><T38/><D125/><N who="2" m="48202" /><F22/><W101/><G75/><N who="2" m="28681" /><F28/><W34/><G34/><T35/><D39/><U55/><E24/><V98/><F98/><W21/><G11/><T29/><D29/><U25/><E25/><V27/><F27/><W108/><G23/><T81/><D0/><U20/><E20/><V30/><F30/><W59/><G21/><T17/><D17/><U18/><E18/><V109/><F109/><W52/><G108/><T48/><D48/><U82/><E4/><V13/><F13/><W93/><G9/><T116/><D116/><U95/><E50/><V6/><F6/><W5/><G7/><T88/><D88/><N who="2" m="33866" /><F84/><W16/><G5/><T112/><D112/><U44/><E95/><V66/><AGARI ba="0,0" hai="46,47,65,66,67" m="33866,28681,48202" machi="66" ten="40,12000,2" yaku="28,2,18,1,52,3,54,1" doraHai="61" who="2" fromWho="2" sc="250,-60,250,-30,250,120,250,-30" /><INIT seed="1,0,0,5,0,121" ten="190,220,370,220" oya="1" hai0="114,105,50,73,91,13,92,15,127,129,1,41,81" hai1="29,45,17,71,78,72,47,98,110,23,99,84,0" hai2="54,46,126,56,75,5,96,107,67,122,102,82,43" hai3="74,19,4,103,33,131,63,51,106,24,111,125,64"/><U94/><E71/><V76/><F122/><W109/><G74/><T58/><D114/><U38/><E0/><V49/><F126/><W66/><G125/><T89/><D127/><U34/><E72/><V88/><F5/><W93/><G131/><T32/><D32/><U61/><E34/><V87/><F67/><W6/><G66/><T2/><D105/><U53/><E29/><V36/><REACH who="2" step="1"/><F75/><REACH who="2" ten="190,220,360,220" step="2"/><W86/><G6/><T132/><D73/><U14/><E38/><V97/><F97/><W62/><G4/><T68/><D129/><U3/><E99/><V70/><F70/><W11/><G64/><T116/><D116/><U134/><E3/><V8/><F8/><W90/><G11/><T37/><D68/><U101/><E134/><V112/><F112/><W30/><G19/><T9/><D37/><U118/><E118/><V80/><F80/><W83/><G83/><T16/><D132/><U124/><E124/><V31/><F31/><W108/><G51/><T44/><D2/><U95/><E110/><V100/><F100/><W123/><G123/><T133/><D1/><U42/><E42/><V59/><F59/><W21/><G33/><T35/><D35/><U28/><E28/><V55/><F55/><W130/><G130/><T60/><D133/><U57/><E94/><V85/><F85/><W79/><G79/><AGARI ba="0,1" hai="36,43,46,49,54,56,76,79,82,87,88,96,102,107" machi="79" ten="40,2600,0" yaku="1,1,54,1,53,0" doraHai="121" doraHaiUra="7" who="2" fromWho="3" sc="190,0,220,0,360,36,220,-26" /><INIT seed="2,0,0,4,4,53" ten="190,220,396,194" oya="2" hai0="24,49,91,88,36,86,74,131,15,124,97,119,55" hai1="7,126,47,51,39,31,13,46,44,77,127,113,28" hai2="54,66,128,92,115,108,56,130,93,43,14,41,60" hai3="106,129,50,79,16,34,1,61,135,122,12,134,9"/><V33/><F33/><W104/><G122/><T96/><D74/><U21/><E113/><V32/><F32/><W64/><G34/><T94/><D36/><U116/><E116/><V19/><F93/><W2/><G79/><T71/><D71/><U81/><E39/><V70/><F115/><W42/><G129/><N who="2" m="49769" /><F92/><W25/><G25/><T89/><D124/><U101/><E101/><V82/><F82/><W20/><G50/><T38/><D38/><U110/><E110/><V109/><F14/><W83/><G42/><N who="2" m="15881" /><F19/><W59/><G83/><T72/><D119/><U65/><E65/><V22/><F22/><W90/><G90/><N who="0" m="53591" /><D72/><U40/><E127/><V29/><F29/><W4/><REACH who="3" step="1"/><G2/><REACH who="3" ten="190,220,396,184" step="2"/><T103/><D131/><U78/><E78/><V11/><F11/><W100/><G100/><T8/><D24/><U85/><E126/><V102/><F102/><W111/><G111/><N who="2" m="42569" /><F54/><W118/><G118/><T67/><D103/><U105/><E105/><AGARI ba="0,1" hai="1,4,9,12,16,20,59,61,64,104,105,106,134,135" machi="105" ten="40,5200,0" yaku="1,1,52,1,54,1,53,0" doraHai="53" doraHaiUra="117" who="3" fromWho="1" sc="190,0,220,-52,396,0,184,62" /><INIT seed="3,0,0,5,5,133" ten="190,168,396,246" oya="3" hai0="17,22,6,88,99,129,132,51,41,14,43,75,33" hai1="45,1,59,29,120,42,32,67,0,100,86,62,122" hai2="130,66,39,63,134,60,40,11,85,103,90,110,64" hai3="23,20,83,5,94,8,52,115,47,89,54,30,13"/><W12/><G115/><T26/><D132/><U97/><E1/><V81/><F134/><W2/><G2/><T78/><D129/><U49/><E0/><V24/><F130/><W21/><G83/><T107/><D51/><U19/><E86/><V93/><F110/><W61/><G30/><T57/><D57/><U44/><E44/><V116/><F116/><W46/><G13/><T50/><D50/><U121/><E19/><V15/><F39/><W69/><G69/><T126/><D33/><U37/><E29/><V98/><F40/><W135/><G135/><T3/><D78/><U119/><E119/><V117/><F117/><W34/><G34/><T25/><D75/><U112/><E112/><V35/><F35/><W28/><G28/><T56/><D56/><U36/><REACH who="1" step="1"/><E32/><REACH who="1" ten="190,158,396,246" step="2"/><V68/><F24/><W96/><G61/><N who="2" m="23625" /><F68/><W72/><G72/><T125/><D3/><U18/><E18/><AGARI ba="0,1" hai="11,15,18,64,66,81,85,90,93,98,103" m="23625" machi="18" ten="30,1000,0" yaku="8,1" doraHai="133" who="2" fromWho="1" sc="190,0,158,-10,396,20,246,0" /><INIT seed="4,0,0,0,0,75" ten="190,148,416,246" oya="0" hai0="78,98,109,53,77,80,11,25,61,47,101,12,38" hai1="60,54,34,135,29,51,124,8,27,19,93,49,106" hai2="126,62,123,2,30,103,118,72,132,66,85,65,91" hai3="1,26,55,31,94,57,46,23,70,67,10,134,120"/><T68/><D25/><U119/><E106/><V111/><F123/><W7/><G120/><T33/><D33/><U45/><E119/><V43/><F111/><W114/><G114/><T76/><D109/><U48/><E135/><V113/><F72/><W133/><G46/><T74/><D38/><U21/><E124/><V95/><F118/><W40/><G40/><T42/><D68/><U17/><E8/><V69/><F113/><W90/><G67/><T104/><D42/><U41/><E93/><V88/><F132/><W59/><G70/><T13/><D13/><U99/><E99/><V9/><F126/><W87/><REACH who="3" step="1"/><G57/><REACH who="3" ten="190,148,416,236" step="2"/><T112/><D112/><U131/><E131/><V4/><F66/><W107/><G107/><T130/><D130/><U122/><E122/><V105/><F43/><W52/><G52/><T117/><D117/><U16/><E34/><V39/><F39/><W125/><G125/><T14/><D47/><U15/><E15/><V92/><F105/><W84/><G84/><T5/><REACH who="0" step="1"/><D14/><REACH who="0" ten="180,148,416,236" step="2"/><U56/><AGARI ba="0,2" hai="16,17,19,21,27,29,41,45,48,49,51,54,56,60" machi="56" ten="30,4000,0" yaku="0,1,8,1,54,1" doraHai="75" who="1" fromWho="1" sc="180,-20,148,60,416,-10,236,-10" /><INIT seed="5,0,0,3,2,58" ten="160,208,406,226" oya="1" hai0="125,106,100,122,127,93,1,79,109,49,74,116,81" hai1="4,31,64,68,55,84,38,87,89,28,69,134,35" hai2="129,118,21,80,97,17,18,27,76,82,0,11,16" hai3="95,112,101,61,102,132,131,73,110,124,13,23,2"/><U78/><E38/><V19/><F97/><W54/><G2/><T115/><D1/><U33/><E4/><N who="2" m="1415" /><F82/><W117/><G73/><T32/><D32/><U86/><E78/><V9/><F80/><W91/><G110/><T56/><D49/><U98/><E55/><V103/><F103/><W123/><G123/><T66/><D122/><U126/><E126/><N who="0" m="48137" /><D109/><U25/><E134/><V6/><F76/><W62/><G132/><T120/><D120/><U70/><E64/><V50/><F50/><W44/><G124/><T37/><D37/><U114/><E114/><V88/><F88/><W105/><G105/><T7/><D7/><U77/><E77/><V30/><F129/><W48/><G112/><T99/><D115/><U15/><E15/><N who="2" m="5559" /><F118/><W72/><G72/><T53/><D53/><U3/><E3/><V96/><F96/><W59/><G131/><T51/><D51/><U128/><E128/><V10/><F10/><W14/><G117/><T133/><D133/><U90/><E98/><V41/><F41/><W121/><G121/><T20/><D20/><U52/><E52/><V94/><F94/><W24/><G101/><T75/><D116/><U26/><AGARI ba="0,0" hai="25,26,28,31,33,35,68,69,70,84,86,87,89,90" machi="26" ten="40,3900,0" yaku="0,1,9,1" doraHai="58" who="1" fromWho="1" sc="160,-13,208,39,406,-13,226,-13" /><INIT seed="5,1,0,2,3,85" ten="147,247,393,213" oya="1" hai0="25,119,17,101,80,102,37,91,52,12,83,97,103" hai1="34,98,45,15,81,50,122,13,63,26,93,92,126" hai2="7,135,32,40,6,129,89,75,86,116,54,58,24" hai3="53,14,123,73,71,100,39,47,35,125,94,78,74"/><U66/><E122/><V132/><F116/><W130/><G123/><T3/><D119/><U117/><E117/><V99/><F75/><W65/><G74/><T133/><D3/><U124/><E81/><V21/><F32/><W112/><G125/><N who="1" m="48234" /><E34/><V48/><F129/><W109/><G130/><T67/><D37/><U118/><E26/><V18/><F40/><W88/><G109/><T121/><D121/><U20/><E20/><V108/><F108/><W110/><G110/><T64/><D133/><N who="2" m="51274" /><F99/><W43/><G112/><T31/><D80/><AGARI ba="1,0" hai="6,7,18,21,24,48,54,58,80,86,89" m="51274" machi="80" ten="30,2000,0" yaku="20,1,52,1" doraHai="85" who="2" fromWho="0" sc="147,-23,247,0,393,23,213,0" /><INIT seed="6,0,0,3,2,121" ten="124,247,416,213" oya="2" hai0="112,79,95,70,6,18,22,34,29,19,58,69,129" hai1="36,76,132,61,48,47,75,67,119,131,42,5,8" hai2="98,77,127,1,11,100,38,80,93,9,118,130,83" hai3="65,46,66,135,71,73,13,51,124,57,72,10,125"/><V84/><F38/><W102/><G71/><T106/><D106/><U89/><E119/><V27/><F27/><W120/><G120/><T78/><D129/><U25/><E131/><V108/><F1/><W81/><G102/><T85/><D112/><U40/><E132/><V107/><F11/><W115/><G115/><T49/><D70/><U110/><E25/><V37/><F37/><W43/><G135/><T111/><D69/><U53/><E89/><V4/><F4/><W94/><G94/><T114/><D114/><U30/><E30/><V104/><F9/><W17/><G73/><T3/><D19/><U2/><E42/><V109/><F130/><W134/><G134/><T101/><D49/><U41/><E41/><V0/><F0/><W32/><G32/><T92/><D58/><U35/><E35/><V39/><F39/><W12/><G12/><T26/><D95/><U14/><E14/><V52/><F52/><W60/><G72/><T55/><D55/><U23/><E23/><V59/><F59/><W86/><G66/><T87/><D101/><U44/><E61/><V15/><F15/><W116/><G116/><T97/><D87/><U133/><E67/><V31/><F31/><W126/><G86/><T56/><D56/><U123/><E133/><V96/><F118/><W16/><G81/><N who="0" m="47287" /><D79/><U74/><E123/><V103/><F127/><W63/><G63/><T68/><D68/><U20/><E20/><V45/><F45/><W90/><G90/><N who="0" m="55447" /><D6/><AGARI ba="0,0" hai="6,10,13,16,17,43,46,51,57,60,65,124,125,126" machi="6" ten="40,2600,0" yaku="18,1,54,1" doraHai="121" who="3" fromWho="0" sc="124,-26,247,0,416,0,213,26" /><INIT seed="7,0,0,2,2,112" ten="98,247,416,239" oya="3" hai0="66,111,27,87,46,98,127,75,74,96,119,29,2" hai1="71,48,78,117,79,25,106,20,89,55,122,131,135" hai2="123,0,116,14,16,80,77,44,37,28,69,72,39" hai3="133,105,130,73,19,68,102,35,5,104,36,61,30"/><W13/><G73/><T121/><D66/><U47/><E106/><V110/><F110/><W56/><G36/><T84/><D2/><U21/><E122/><V10/><F69/><W22/><G68/><T128/><D46/><U31/><E71/><V90/><F116/><W94/><G130/><T126/><D27/><U59/><E131/><V107/><F107/><W65/><G133/><T124/><D29/><U45/><E135/><V24/><F123/><W42/><G42/><T114/><D128/><U134/><E134/><V51/><F90/><W9/><G94/><T33/><D33/><U97/><E117/><V18/><F18/><W8/><G8/><T86/><D121/><U93/><E21/><V113/><F113/><W17/><G17/><T23/><D23/><U63/><E47/><V132/><F132/><W118/><G118/><T3/><D3/><U50/><E50/><V58/><F58/><W7/><G7/><T129/><D114/><U57/><E57/><V83/><F83/><W81/><G81/><T82/><D129/><U41/><AGARI ba="0,0" hai="20,25,31,41,45,48,55,59,63,78,79,89,93,97" machi="41" ten="20,2700,0" yaku="0,1,7,1,8,1" doraHai="112" who="1" fromWho="1" sc="98,-7,247,27,416,-7,239,-13" owari="91,-41.0,274,7.0,409,51.0,226,-17.0" /></mjloggm>