<mjloggm ver="2.3"><GO type="41" lobby="0"/><UN n0="%E6%BF%80%E8%BE%9B%E3%82%8A%E3%82%93%E3%81%94" n1="%E3%82%A6%E3%83%AB%E3%83%88%E3%83%A9%E7%AB%8B%E7%9B%B4" n2="%E3%81%B3%E3%82%93%E3%83%88%E3%83%AD" n3="%E3%83%AD%E3%83%B3%E3%81%95%E3%81%BE" dan="14,16,13,15" rate="1944.65,2061.42,1888.23,1974.04" sx="M,M,M,M"/><TAIKYOKU oya="0"/><INIT seed="0,0,0,2,0,75" ten="250,250,250,250" oya="0" hai0="7,58,105,73,35,37,26,102,6,131,1,65,36" hai1="83,103,23,28,32,64,135,130,11,81,94,15,76" hai2="71,127,114,85,2,87,62,59,125,112,52,72,43" hai3="56,93,104,44,134,63,25,119,18,106,99,122,22"/><T113/><D113/><N who="2" m="43626" /><F2/><W70/><G122/><T78/><D131/><U57/><E130/><V61/><F43/><W90/><G119/><T54/><D65/><U69/><E69/><V14/><F14/><W92/><G70/><T31/><D102/><U4/><E32/><V121/><F121/><W38/><G134/><T0/><D0/><U16/><E135/><V96/><F72/><W9/><G9/><T55/><D105/><U29/><E83/><V33/><F33/><W117/><G117/><T118/><D54/><U39/><E39/><V129/><F129/><W107/><G92/><T51/><D118/><U88/><E103/><V46/><F96/><W30/><G30/><T5/><REACH who="0" step="1"/><D1/><REACH who="0" ten="240,250,250,250" step="2"/><U89/><E64/><V133/><F133/><W77/><G38/><T91/><D91/><U101/><E101/><V47/><F71/><W110/><G110/><T45/><D45/><U53/><E89/><V10/><F46/><W48/><G44/><T50/><D50/><U115/><E115/><V12/><F47/><W24/><G48/><T67/><D67/><U17/><E53/><V126/><F62/><W66/><REACH who="3" step="1"/><G25/><REACH who="3" ten="240,250,250,240" step="2"/><T82/><AGARI ba="0,2" hai="5,6,7,26,31,35,36,37,51,55,58,73,78,82" machi="82" ten="30,11700,0" yaku="1,1,0,1,52,1,53,1" doraHai="75" doraHaiUra="21" who="0" fromWho="0" sc="240,137,250,-39,250,-39,240,-39" /><INIT seed="0,1,0,5,5,0" ten="377,211,211,201" oya="0" hai0="55,80,88,85,59,71,70,125,81,7,98,91,10" hai1="77,104,117,101,106,118,119,129,14,116,128,127,61" hai2="17,110,36,73,11,75,15,39,74,19,52,94,63" hai3="56,23,48,62,1,67,5,64,44,20,130,16,37"/><T28/><D125/><U12/><N who="1" m="30208" /><DORA hai="122" /><U90/><E101/><V30/><F30/><W93/><G37/><T65/><D28/><U82/><E127/><V78/><F110/><W13/><G130/><N who="1" m="50282" /><E61/><V29/><F29/><W112/><G112/><T134/><D134/><U132/><E90/><V69/><F94/><W100/><G64/><T57/><D57/><U96/><E96/><V22/><F78/><W103/><G23/><T32/><D32/><U41/><E41/><V113/><F113/><W6/><G1/><T115/><D115/><U109/><E109/><V102/><F102/><N who="3" m="38955" /><G93/><T89/><D98/><U34/><E34/><V27/><REACH who="2" step="1"/><F69/><REACH who="2" ten="377,211,201,201" step="2"/><W124/><G124/><T40/><D71/><U121/><E121/><V38/><F38/><W123/><G123/><T111/><D111/><U26/><E132/><V43/><F43/><AGARI ba="1,1" hai="5,6,13,16,20,43,44,48,56,62,67" m="38955" machi="43" ten="30,7700,0" yaku="8,1,52,2,54,1" doraHai="0,122" who="3" fromWho="2" sc="377,0,211,0,201,-80,201,90" /><INIT seed="1,0,0,2,4,128" ten="377,211,121,291" oya="1" hai0="103,123,114,91,65,71,135,96,25,82,50,118,28" hai1="67,113,22,120,17,52,115,69,11,84,4,47,48" hai2="117,32,127,18,33,107,35,111,20,73,87,77,29" hai3="90,23,121,49,34,106,112,26,15,55,14,130,42"/><U1/><E120/><V38/><F117/><W0/><G121/><T57/><D118/><U37/><E37/><V132/><F107/><W16/><G106/><T89/><D114/><U2/><E2/><V41/><F73/><W46/><G112/><T12/><D123/><U3/><E3/><V97/><F97/><W124/><G130/><T92/><D12/><U64/><E64/><V6/><F6/><W44/><G0/><T125/><D125/><U74/><E74/><V7/><F127/><W60/><G124/><T79/><D71/><U36/><E36/><V56/><F7/><W126/><G126/><T10/><D10/><U101/><E101/><V80/><F111/><W8/><G34/><T110/><D110/><U85/><E113/><V99/><F99/><W81/><G60/><N who="0" m="38031" /><D50/><U86/><E115/><V129/><F132/><W5/><G26/><T100/><D135/><U104/><E104/><V30/><F129/><W72/><G72/><N who="0" m="43367" /><D103/><U62/><REACH who="1" step="1"/><E86/><REACH who="1" ten="377,201,121,291" step="2"/><V21/><F38/><W76/><G90/><T39/><D39/><U109/><E109/><V119/><F119/><W66/><G66/><T13/><D100/><U70/><E70/><V68/><F68/><W78/><G81/><T98/><D98/><U9/><E9/><V88/><F77/><W27/><G76/><T19/><D96/><U43/><E43/><V94/><F41/><W58/><G78/><T131/><D131/><U61/><E61/><V45/><F80/><W83/><G83/><T116/><D116/><U122/><E122/><V63/><F63/><W31/><G42/><T102/><D102/><RYUUKYOKU ba="0,1" sc="377,-15,201,15,121,-15,291,15" hai1="1,4,11,17,22,47,48,52,62,67,69,84,85" hai3="5,8,14,15,16,23,27,31,44,46,49,55,58" /><INIT seed="1,1,1,3,1,41" ten="362,216,106,306" oya="1" hai0="12,90,88,51,6,129,85,115,30,29,37,106,75" hai1="17,15,3,38,26,2,135,35,4,93,63,31,86" hai2="28,62,8,64,1,128,105,24,132,42,130,122,107" hai3="102,109,70,32,25,89,14,74,45,53,80,77,113"/><U114/><E114/><V66/><F122/><W104/><G113/><T82/><D115/><U99/><E135/><V46/><F132/><W69/><G109/><T76/><D129/><N who="2" m="49770" /><F66/><W23/><G32/><T13/><D37/><U71/><E86/><V21/><F1/><W127/><G127/><T56/><D106/><U0/><E38/><N who="2" m="21847" /><F8/><W11/><G104/><T94/><D90/><U83/><E83/><V7/><F7/><W125/><G102/><T43/><D12/><U97/><E4/><V33/><F21/><W84/><G125/><T110/><D110/><U9/><REACH who="1" step="1"/><E93/><REACH who="1" ten="362,206,106,306" step="2"/><V111/><F111/><W116/><G80/><T48/><D75/><U134/><E134/><V39/><F39/><W57/><G84/><T108/><D108/><U55/><E55/><V101/><F101/><W44/><G53/><N who="0" m="31783" /><D82/><U126/><E126/><V98/><F98/><W65/><G74/><T60/><D76/><U95/><E95/><V79/><F79/><W54/><G77/><T5/><D5/><U72/><E72/><V61/><F107/><W40/><G54/><T47/><D85/><U123/><E123/><V100/><F64/><AGARI ba="1,2" hai="0,2,3,9,15,17,26,31,35,63,64,71,97,99" machi="64" ten="40,2000,0" yaku="1,1,53,0" doraHai="41" doraHaiUra="81" who="1" fromWho="2" sc="362,0,206,43,106,-23,306,0" /><INIT seed="1,2,0,4,0,50" ten="362,249,83,306" oya="1" hai0="18,109,89,129,125,6,61,64,113,4,11,0,122" hai1="2,43,51,62,82,110,103,20,56,98,15,117,96" hai2="79,92,116,49,48,30,106,66,27,104,9,54,130" hai3="112,115,120,23,75,21,84,63,102,7,22,76,44"/><U99/><E2/><V35/><F116/><W85/><G120/><T77/><D122/><U124/><E117/><V34/><F79/><W12/><G102/><T36/><D113/><U71/><E124/><V37/><F37/><W90/><G75/><T74/><D125/><U72/><E71/><V29/><F66/><W59/><G76/><T114/><D114/><U52/><E110/><V95/><F9/><W19/><G7/><T83/><D109/><U58/><E43/><V60/><F60/><W32/><G32/><T31/><D129/><U123/><E123/><V47/><F130/><W70/><G70/><T26/><D6/><U94/><E82/><V111/><F111/><W93/><G44/><T105/><D89/><U128/><E72/><V119/><F119/><W46/><G46/><T101/><D18/><N who="1" m="10335" /><E128/><V25/><F47/><W68/><G68/><N who="0" m="41999" /><D36/><U69/><E69/><V14/><F14/><W121/><G121/><T38/><D38/><U80/><E80/><V135/><F135/><W126/><G126/><T17/><D17/><U65/><AGARI ba="2,0" hai="51,52,56,58,62,65,94,96,98,99,103" m="10335" machi="65" ten="30,6000,0" yaku="8,1,52,1,54,1" doraHai="50" who="1" fromWho="1" sc="362,-22,249,66,83,-22,306,-22" /><INIT seed="1,3,0,2,1,121" ten="340,315,61,284" oya="1" hai0="42,48,115,83,72,64,71,0,66,14,7,132,22" hai1="60,123,94,45,128,30,40,46,133,55,1,36,68" hai2="10,129,52,90,21,135,23,80,103,81,2,85,117" hai3="125,110,124,3,75,44,18,70,51,19,88,84,31"/><U73/><E123/><V93/><F117/><W58/><G70/><T122/><D115/><U92/><E128/><V35/><F129/><W56/><G75/><T100/><D122/><U113/><E113/><V91/><F35/><W99/><G3/><T28/><D132/><U50/><E133/><V79/><F135/><W74/><G74/><T116/><D116/><U107/><E107/><V49/><F2/><W24/><G99/><T96/><D0/><U120/><E120/><V65/><F65/><W39/><G39/><T11/><D71/><U127/><E73/><V6/><F103/><W20/><G110/><T38/><D38/><U63/><E1/><V54/><F54/><W16/><G124/><T130/><D130/><U57/><E30/><V17/><F6/><W77/><G77/><T105/><D28/><U104/><E104/><V25/><F10/><W114/><G114/><T86/><D22/><U27/><E27/><V32/><F32/><W111/><G125/><T33/><D33/><U53/><E127/><V102/><F102/><W41/><REACH who="3" step="1"/><G111/><REACH who="3" ten="340,315,61,274" step="2"/><T97/><D72/><U26/><E26/><V134/><F25/><W67/><G67/><T87/><D97/><U76/><E76/><V61/><F134/><W8/><G8/><T119/><D119/><U89/><E89/><V112/><F91/><W37/><G37/><T109/><D109/><U62/><REACH who="1" step="1"/><E68/><REACH who="1" ten="340,305,61,274" step="2"/><V78/><F112/><W47/><G47/><N who="0" m="25719" /><D87/><U131/><E131/><V126/><F85/><W118/><G118/><T69/><D69/><U101/><E101/><V43/><F126/><W98/><G98/><RYUUKYOKU ba="3,2" sc="340,10,305,10,61,-30,274,10" hai0="7,11,14,64,66,83,86,96,100,105" hai1="36,40,45,46,50,53,55,57,60,62,63,92,94" hai3="16,18,19,20,24,31,41,44,51,56,58,84,88" /><INIT seed="1,4,2,2,3,126" ten="350,315,31,284" oya="1" hai0="98,37,63,56,1,108,134,61,121,81,109,60,129" hai1="9,55,90,0,40,59,77,39,110,26,2,83,91" hai2="119,75,19,132,89,18,68,16,127,103,86,115,123" hai3="50,47,49,30,80,31,72,38,51,7,114,96,102"/><U5/><E110/><N who="0" m="42601" /><D37/><U13/><E0/><V120/><F68/><W84/><G114/><T64/><D121/><U124/><E124/><V85/><F127/><W131/><G72/><T53/><D1/><U101/><E101/><V23/><F75/><W20/><G131/><T73/><D129/><U106/><E106/><V118/><F103/><W11/><G38/><T17/><D134/><U94/><E94/><V69/><F69/><W79/><G20/><T12/><D98/><U93/><E93/><V36/><F36/><W34/><G34/><T125/><D125/><U22/><E2/><V29/><F132/><W8/><G47/><T92/><D92/><U104/><E104/><V44/><F44/><W42/><G42/><T97/><D97/><U43/><E39/><V95/><F115/><W41/><G41/><N who="1" m="15946" /><E77/><V46/><F46/><W122/><G122/><T111/><N who="0" m="42609" /><T54/><DORA hai="6" /><D64/><U3/><E3/><V10/><F10/><N who="3" m="3627" /><G7/><T21/><D54/><U71/><E71/><V112/><F86/><W14/><G14/><T15/><D12/><U87/><E87/><V82/><F82/><W117/><G117/><T25/><D15/><U65/><E83/><V135/><F112/><W58/><G58/><T27/><D27/><U88/><E65/><V133/><F120/><W28/><G96/><T70/><D70/><U78/><E78/><AGARI ba="4,2" hai="17,21,25,53,56,60,61,63,73,78,81" m="42609" machi="78" ten="40,1300,0" yaku="14,1" doraHai="126,6" who="0" fromWho="1" sc="350,45,315,-25,31,0,284,0" /><INIT seed="2,0,0,1,3,14" ten="395,290,31,284" oya="2" hai0="35,57,43,97,59,77,86,78,80,130,67,22,5" hai1="37,133,126,61,50,117,121,81,68,32,123,72,69" hai2="82,127,95,51,128,34,0,107,29,120,109,85,44" hai3="134,54,89,76,60,100,55,118,7,23,9,2,94"/><V62/><F120/><W28/><G118/><T25/><D35/><U41/><E50/><V105/><F0/><W131/><G76/><T65/><D130/><U90/><E90/><V3/><F3/><W74/><G74/><T20/><D5/><U48/><E48/><V112/><F112/><W98/><G131/><T15/><D43/><U64/><E117/><V31/><F128/><W21/><G134/><T104/><D78/><U33/><E69/><V42/><F62/><W96/><G28/><N who="0" m="17447" /><D104/><U66/><E66/><N who="0" m="25097" /><D97/><U135/><E126/><V53/><F127/><W63/><G63/><T116/><D116/><U40/><E40/><V79/><F109/><W52/><REACH who="3" step="1"/><G60/><REACH who="3" ten="395,290,31,274" step="2"/><T49/><D49/><U26/><E133/><V4/><F31/><W38/><G38/><T101/><D77/><N who="1" m="44199" /><E135/><V108/><F108/><W56/><G56/><T102/><D59/><U11/><E33/><V132/><F34/><W92/><AGARI ba="0,1" hai="2,7,9,21,23,52,54,55,89,92,94,96,98,100" machi="92" ten="30,4000,0" yaku="1,1,0,1,54,1,53,0" doraHai="14" doraHaiUra="30" who="3" fromWho="3" sc="395,-10,290,-10,31,-20,274,50" /><INIT seed="3,0,0,1,3,107" ten="385,280,11,324" oya="3" hai0="41,5,34,31,47,112,86,71,37,12,54,72,129" hai1="125,2,122,104,60,7,40,85,118,109,35,74,82" hai2="10,124,69,114,13,92,90,88,79,19,133,43,115" hai3="8,23,46,96,132,83,44,106,111,63,22,4,100"/><W131/><G131/><T70/><D129/><U80/><E122/><V97/><F69/><W128/><G128/><T58/><D72/><U55/><E35/><V91/><F124/><W117/><G117/><T48/><D112/><U21/><E104/><V84/><F133/><W50/><G132/><T32/><D86/><U78/><E125/><V26/><F43/><W110/><G63/><T27/><REACH who="0" step="1"/><D34/><REACH who="0" ten="375,280,11,324" step="2"/><U120/><E120/><V66/><F114/><W126/><G126/><T75/><D75/><U39/><E118/><V42/><F115/><W0/><G83/><T105/><D105/><U81/><E109/><N who="3" m="41482" /><G46/><T38/><D38/><U16/><E81/><V101/><F42/><W99/><G96/><T113/><D113/><U123/><E123/><V28/><F66/><W3/><G3/><T49/><D49/><U95/><E40/><AGARI ba="0,1" hai="0,4,8,22,23,40,44,50,99,100,106" m="41482" machi="40" ten="30,2900,0" yaku="14,1,10,1" doraHai="107" who="3" fromWho="1" sc="375,0,280,-29,11,0,324,39" /><INIT seed="3,1,0,4,2,91" ten="375,251,11,363" oya="3" hai0="127,41,58,65,16,28,25,109,22,130,13,33,116" hai1="37,46,103,61,118,122,19,15,96,3,20,9,54" hai2="79,86,24,106,110,77,129,56,27,121,48,131,39" hai3="0,78,71,83,1,49,107,104,36,115,114,43,126"/><W30/><G30/><T81/><D116/><U66/><E122/><V21/><F106/><N who="3" m="40491" /><G49/><T59/><D41/><U2/><E118/><V97/><F39/><W82/><G71/><T34/><D81/><N who="3" m="30729" /><G78/><T11/><D65/><U117/><E117/><V7/><F121/><W94/><G94/><T5/><D59/><U113/><E113/><N who="3" m="43018" /><G43/><T119/><D119/><U23/><E3/><N who="3" m="1098" /><G126/><T53/><D58/><U51/><E2/><V132/><F56/><W32/><G32/><N who="0" m="12395" /><D53/><U102/><E37/><AGARI ba="1,0" hai="36,37" m="1098,43018,30729,40491" machi="37" ten="40,3900,0" yaku="28,2" doraHai="91" who="3" fromWho="1" sc="375,0,251,-42,11,0,363,42" /><INIT seed="3,2,0,2,2,73" ten="375,209,11,405" oya="3" hai0="59,2,43,42,129,9,116,6,32,24,111,82,130" hai1="127,27,54,0,109,23,99,28,51,55,104,45,56" hai2="49,77,19,108,61,83,132,67,101,94,113,110,119" hai3="78,65,60,68,17,114,131,124,71,66,4,40,16"/><W79/><G114/><T34/><D116/><U117/><E117/><V3/><F119/><W93/><G131/><N who="0" m="50187" /><D111/><N who="2" m="42538" /><F113/><W125/><G4/><T53/><D24/><U38/><E109/><V64/><F3/><W1/><G1/><T46/><D82/><U57/><E0/><V120/><F120/><W33/><G33/><T36/><D43/><U85/><E127/><N who="3" m="48714" /><G40/><T26/><D26/><U69/><E69/><N who="3" m="26698" /><G93/><T18/><D18/><N who="3" m="7273" /><G60/><AGARI ba="2,0" hai="2,6,9,32,34,36,42,46,53,59,60" m="50187" machi="60" ten="30,1000,0" yaku="19,1" doraHai="73" who="0" fromWho="3" sc="375,16,209,0,11,0,405,-16" /><INIT seed="4,0,0,0,2,72" ten="391,209,11,389" oya="0" hai0="60,40,22,68,31,28,80,0,89,112,108,58,70" hai1="9,55,83,5,133,63,106,8,46,81,23,71,34" hai2="18,97,101,113,47,45,134,30,41,116,95,35,21" hai3="43,130,48,64,33,103,52,123,27,128,11,4,93"/><T56/><D112/><U59/><E34/><V132/><F113/><W25/><G123/><T119/><D0/><U12/><E106/><V120/><F120/><W94/><G64/><T39/><D119/><U117/><E117/><V122/><F122/><W105/><G43/><T92/><D80/><U61/><E133/><V121/><F121/><W32/><G105/><T75/><D75/><U19/><E71/><V16/><F116/><W86/><G86/><T74/><D74/><U110/><E110/><V7/><F7/><W49/><G103/><T126/><D126/><U24/><E63/><V50/><F45/><W111/><G111/><T127/><D127/><U76/><E46/><V14/><F35/><W1/><G32/><T38/><D108/><U73/><E9/><V87/><F30/><N who="3" m="19663" /><G48/><T57/><D40/><U53/><E81/><V20/><REACH who="2" step="1"/><F87/><REACH who="2" ten="391,209,1,389" step="2"/><W82/><G4/><T26/><D31/><U118/><E118/><V98/><F98/><W84/><G84/><T13/><D13/><AGARI ba="0,1" hai="13,14,16,18,20,21,41,47,50,95,97,101,132,134" machi="13" ten="40,8000,1" yaku="1,1,9,1,54,1,53,1" doraHai="72" doraHaiUra="90" who="2" fromWho="0" sc="391,-80,209,0,1,90,389,0" /><INIT seed="5,0,0,2,3,86" ten="311,209,91,389" oya="1" hai0="68,5,118,17,70,61,98,114,20,110,3,81,6" hai1="99,69,79,126,37,35,97,128,31,11,129,101,9" hai2="32,57,122,7,36,26,82,108,38,53,75,54,27" hai3="1,48,45,67,107,28,41,52,2,55,25,33,13"/><U4/><E37/><V44/><F122/><W92/><G107/><T23/><D118/><U127/><E69/><V71/><F108/><W123/><G123/><T124/><D110/><U77/><E31/><V56/><F7/><W121/><G121/><T18/><D114/><U111/><E111/><V58/><F75/><W12/><G67/><T34/><D124/><U64/><E64/><V78/><F78/><N who="1" m="29705" /><E35/><V72/><F72/><W84/><G12/><T49/><D34/><U104/><E4/><V119/><F82/><W76/><G13/><T14/><D81/><U105/><E9/><V132/><F119/><W112/><G112/><T117/><D117/><U42/><E42/><V8/><F8/><W94/><G76/><T133/><D133/><U62/><E62/><V74/><F74/><W115/><G115/><T40/><D3/><U89/><E11/><V87/><F87/><W130/><G130/><N who="1" m="50282" /><E89/><V60/><F132/><W24/><G28/><T19/><D61/><U100/><AGARI ba="0,0" hai="97,99,100,101,104,105,126,127" m="50282,29705" machi="100" ten="40,7800,0" yaku="19,1,34,2" doraHai="86" who="1" fromWho="1" sc="311,-26,209,78,91,-26,389,-26" /><INIT seed="5,1,0,0,1,14" ten="285,287,65,363" oya="1" hai0="8,132,135,9,43,115,133,82,126,74,47,123,90" hai1="55,49,34,103,92,29,1,42,48,100,75,84,86" hai2="118,12,76,54,131,61,46,39,58,119,81,69,16" hai3="129,50,97,125,51,30,18,35,107,64,88,70,101"/><U23/><E34/><V121/><F121/><W4/><G125/><T13/><D126/><U68/><E68/><V33/><F33/><W95/><G129/><T77/><D115/><U108/><E75/><V94/><F131/><W65/><G4/><T111/><D111/><U40/><E1/><V80/><F94/><W62/><G64/><T22/><D123/><U96/><E108/><V124/><F124/><W102/><G102/><T117/><D117/><U93/><E23/><V57/><F69/><W79/><G79/><T127/><D127/><U24/><E24/><V130/><F130/><W67/><G67/><T0/><D0/><U5/><E5/><V31/><F31/><W120/><G120/><T56/><D56/><U109/><E109/><V105/><F105/><W113/><G113/><T28/><D90/><U11/><E11/><V3/><F3/><W41/><G41/><T134/><N who="0" m="34304" /><DORA hai="72" /><T36/><REACH who="0" step="1"/><D28/><REACH who="0" ten="275,287,65,363" step="2"/><U89/><E29/><V110/><F110/><W32/><G30/><T59/><D59/><U53/><E96/><V83/><F58/><W26/><G97/><T52/><D52/><U45/><E45/><V17/><F118/><W87/><G70/><T10/><D10/><U73/><E89/><V6/><F119/><W78/><G88/><T112/><D112/><U27/><E53/><V85/><F46/><W128/><G128/><T25/><D25/><U60/><E55/><V104/><F39/><W2/><G26/><T66/><D66/><U71/><E27/><V91/><F91/><N who="3" m="53759" /><G2/><T106/><D106/><U44/><E71/><V21/><F104/><RYUUKYOKU ba="1,1" sc="275,30,287,-10,65,-10,363,-10" hai0="8,9,13,22,36,43,47,74,77,82" /><INIT seed="6,2,1,1,0,49" ten="305,277,55,353" oya="2" hai0="17,21,86,65,25,122,118,114,84,7,14,58,132" hai1="82,90,135,73,134,75,74,3,10,102,69,105,81" hai2="103,129,128,55,78,31,70,32,76,53,43,108,92" hai3="11,80,64,47,96,123,19,12,125,88,113,51,119"/><V83/><F70/><W33/><G119/><T77/><D122/><U40/><E69/><V2/><F2/><W100/><G123/><T23/><D118/><U61/><E40/><V89/><F43/><W28/><G125/><T95/><D132/><N who="1" m="50731" /><E10/><V111/><F103/><W0/><G0/><T120/><D120/><U99/><E61/><V72/><F76/><W36/><G36/><T48/><D114/><U121/><E3/><V109/><F31/><W131/><G64/><T126/><D126/><U52/><E121/><V110/><N who="2" m="28160" /><DORA hai="24" /><V98/><REACH who="2" step="1"/><F32/><REACH who="2" ten="305,277,45,353" step="2"/><W35/><G28/><T115/><D77/><U85/><E75/><V29/><F29/><W50/><G33/><T4/><D115/><U127/><E127/><V38/><F38/><W60/><G35/><T104/><D104/><U130/><E74/><V67/><F67/><W62/><G100/><T93/><D65/><U101/><E101/><V133/><F133/><W66/><G66/><T94/><D86/><U97/><E97/><V107/><F107/><W54/><G96/><T116/><D84/><U20/><E73/><V18/><F18/><W41/><G113/><T39/><D39/><U46/><E105/><V1/><F1/><W91/><G91/><T5/><D116/><U45/><E102/><V63/><F63/><W57/><G131/><AGARI ba="2,2" hai="53,55,72,78,83,89,92,98,128,129,131" m="28160" machi="131" ten="70,12000,1" yaku="1,1,19,1,10,1,52,2,53,0" doraHai="49,24" doraHaiUra="6,16" who="2" fromWho="3" sc="305,0,277,0,45,146,353,-126" /><INIT seed="6,3,0,0,3,56" ten="305,277,191,227" oya="2" hai0="6,3,130,60,96,52,135,131,129,22,71,105,101" hai1="5,42,26,132,14,76,134,70,21,104,85,125,59" hai2="36,40,111,57,100,61,72,119,82,64,12,25,9" hai3="69,38,67,124,117,2,102,99,43,33,88,37,110"/><V120/><F120/><W17/><G117/><T62/><D135/><U133/><E70/><V32/><F119/><W95/><G2/><T31/><D71/><U35/><E104/><V112/><F111/><W50/><G33/><T34/><D34/><U10/><E42/><V27/><F100/><W103/><G110/><T108/><D108/><U89/><E76/><V123/><F123/><W24/><G124/><T49/><D6/><U97/><E97/><V46/><F32/><W30/><G38/><T121/><D121/><U81/><E125/><V63/><F112/><W11/><G37/><T116/><D3/><U90/><E35/><V13/><F13/><N who="3" m="7359" /><G67/><T41/><D41/><U23/><E26/><V92/><F92/><W80/><G69/><T126/><D126/><U128/><E128/><V44/><F44/><N who="3" m="25887" /><G80/><T54/><D116/><U18/><E5/><V53/><F82/><W55/><G55/><N who="0" m="21035" /><D49/><U83/><E59/><V1/><F72/><W79/><G79/><T75/><D75/><U45/><E45/><V4/><F1/><W66/><G66/><T48/><D48/><U127/><E127/><V15/><F15/><W98/><G98/><T16/><D31/><U8/><E8/><V65/><F53/><W109/><G109/><T93/><D105/><U78/><E78/><V0/><F0/><W74/><G74/><T47/><D47/><U51/><E51/><V58/><AGARI ba="3,0" hai="4,9,12,25,27,36,40,46,57,58,61,63,64,65" machi="58" ten="20,12000,1" yaku="0,1,7,1,9,1,52,2" doraHai="56" who="2" fromWho="2" sc="305,-43,277,-43,191,129,227,-43" /><INIT seed="6,4,0,3,0,135" ten="262,234,320,184" oya="2" hai0="126,11,111,101,119,94,53,63,1,50,20,122,22" hai1="17,116,80,37,10,18,35,23,67,36,27,120,125" hai2="104,107,45,65,52,51,118,14,13,117,97,30,29" hai3="55,77,71,88,9,4,76,56,82,42,7,62,41"/><V48/><F65/><W115/><G71/><T12/><D122/><U64/><E80/><V86/><F45/><W47/><G115/><T100/><D111/><U84/><E84/><V34/><F86/><N who="3" m="50263" /><G9/><T66/><D119/><U106/><E106/><V133/><F97/><W90/><G90/><T95/><D1/><U16/><E10/><V123/><F123/><W26/><G26/><T28/><D126/><U46/><E120/><V24/><F133/><W8/><G8/><T69/><D101/><U2/><E2/><V128/><F24/><W108/><G108/><T58/><D100/><U70/><E70/><V114/><F52/><N who="3" m="34055" /><G47/><T61/><D61/><U96/><E46/><V99/><F99/><W32/><G55/><T38/><D38/><U54/><E54/><V102/><F102/><W6/><G32/><T87/><D87/><U3/><E3/><V79/><F79/><AGARI ba="4,0" hai="4,6,7,41,42,76,77,79" m="34055,50263" machi="79" ten="30,3900,0" yaku="8,1,54,2" doraHai="135" who="3" fromWho="2" sc="262,0,234,0,320,-51,184,51" /><INIT seed="7,0,0,2,1,122" ten="262,234,269,235" oya="3" hai0="101,20,25,30,47,49,129,115,104,105,21,112,102" hai1="100,55,93,83,22,71,11,38,95,108,90,63,110" hai2="17,126,8,18,77,43,48,32,56,40,120,92,124" hai3="5,60,45,127,89,125,133,34,67,27,103,26,58"/><W41/><G103/><N who="0" m="39435" /><D129/><U131/><E38/><V68/><F68/><W72/><G72/><T130/><D130/><U80/><E131/><V14/><F120/><W87/><G133/><T4/><D4/><U81/><E71/><V98/><F32/><W13/><G34/><T79/><D79/><U107/><E55/><N who="2" m="31847" /><F77/><W85/><G13/><T82/><D82/><N who="1" m="31851" /><E63/><V50/><F18/><W70/><G5/><T24/><D47/><U111/><E11/><V116/><F50/><N who="3" m="26927" /><G70/><T134/><D49/><U53/><E53/><V33/><F33/><W84/><G89/><T78/><D134/><U37/><E22/><N who="0" m="8809" /><D78/><U94/><E37/><V76/><F76/><W62/><G62/><T65/><D65/><U51/><E51/><V128/><F128/><W44/><G44/><T69/><D69/><U73/><E73/><V31/><F31/><W9/><G9/><T1/><D1/><U135/><E135/><V28/><F28/><W88/><G88/><T57/><D57/><U54/><E54/><V132/><F132/><W7/><G7/><T0/><D0/><U96/><E83/><V10/><F10/><W91/><G91/><AGARI ba="0,0" hai="90,91,93,94,95,96,100,107,108,110,111" m="31851" machi="91" ten="40,8000,1" yaku="34,2,52,3" doraHai="122" who="1" fromWho="3" sc="262,0,234,80,269,0,235,-80" owari="262,-14.0,314,41.0,269,7.0,155,-34.0" /></mjloggm>