<mjloggm ver="2.3"><GO type="41" lobby="0"/><UN n0="%E5%B1%B1%E5%B4%8E%E6%98%8E%E7%BE%8E" n1="%6D%6F%6B%75%30%31%32%33" n2="%E3%82%A6%E3%83%AB%E3%83%88%E3%83%A9%E7%AB%8B%E7%9B%B4" n3="%E7%88%86%E5%A7%AB%E3%81%A1%E3%82%83%E3%82%93" dan="14,15,16,13" rate="1944.60,2010.82,2059.01,2024.53" sx="F,M,M,F"/><TAIKYOKU oya="0"/><INIT seed="0,0,0,2,2,53" ten="250,250,250,250" oya="0" hai0="103,96,45,46,117,29,55,101,133,38,122,58,81" hai1="134,76,60,71,43,28,31,27,114,93,11,5,80" hai2="44,8,47,110,125,59,126,24,129,98,23,102,26" hai3="131,63,115,127,37,100,33,49,116,32,113,104,39"/><T130/><D117/><U57/><E71/><V68/><F68/><W2/><G49/><T86/><D122/><U52/><E114/><V94/><F129/><W69/><G63/><T35/><D130/><U14/><E134/><V20/><F8/><W74/><G100/><T77/><D133/><U51/><E27/><V111/><F94/><W16/><G16/><T3/><D3/><U30/><E93/><V83/><F98/><W120/><G32/><T118/><D118/><U132/><E132/><V13/><F13/><W0/><G37/><T124/><D124/><U36/><E36/><V85/><F85/><W89/><G89/><T92/><D38/><U21/><E21/><V105/><F102/><W12/><G12/><T87/><D103/><U42/><REACH who="1" step="1"/><E60/><REACH who="1" ten="250,240,250,250" step="2"/><V128/><F23/><W48/><G113/><T54/><D35/><U99/><E99/><V91/><F20/><W70/><G70/><T95/><D92/><U18/><E18/><V22/><F22/><W112/><G112/><T108/><D29/><U7/><E7/><V90/><F24/><W78/><G48/><T19/><D19/><U84/><AGARI ba="0,1" hai="5,11,14,28,30,31,42,43,51,52,57,76,80,84" machi="84" ten="30,8000,1" yaku="1,1,0,1,8,1,52,1,54,1,53,0" doraHai="53" doraHaiUra="97" who="1" fromWho="1" sc="250,-40,240,90,250,-20,250,-20" /><INIT seed="1,0,0,2,5,54" ten="210,330,230,230" oya="1" hai0="98,5,73,36,20,72,13,8,47,16,86,128,79" hai1="32,27,127,81,11,121,2,63,42,25,131,9,55" hai2="102,96,37,135,56,12,94,58,91,41,114,23,119" hai3="76,74,95,101,30,34,118,22,120,53,52,59,45"/><U113/><E42/><V112/><F119/><W93/><G118/><T122/><D128/><U124/><E113/><V97/><F135/><W133/><G120/><T117/><D122/><U132/><E81/><V71/><F71/><W89/><G34/><T60/><D117/><U80/><E80/><V109/><F109/><W1/><G1/><T107/><D79/><U39/><E39/><V44/><F114/><W77/><G74/><T67/><D86/><U104/><E104/><V99/><F112/><W4/><G4/><T83/><D83/><U103/><E103/><V17/><REACH who="2" step="1"/><F99/><REACH who="2" ten="210,330,220,230" step="2"/><W126/><G133/><T68/><D98/><U46/><E132/><V26/><F26/><W29/><G126/><T15/><REACH who="0" step="1"/><D107/><AGARI ba="0,1" hai="12,17,23,37,41,44,56,58,91,94,96,97,102,107" machi="107" ten="30,7700,0" yaku="1,1,7,1,52,2,53,0" doraHai="54" doraHaiUra="78" who="2" fromWho="0" sc="210,-77,330,0,220,87,230,0" /><INIT seed="2,0,0,4,3,121" ten="133,330,307,230" oya="2" hai0="31,73,127,79,45,43,76,72,95,66,65,28,20" hai1="102,7,110,27,74,16,52,62,34,59,103,21,4" hai2="125,0,93,10,25,75,69,53,132,135,88,94,11" hai3="42,101,89,33,9,41,32,56,90,91,87,112,134"/><V3/><F75/><W26/><G101/><N who="1" m="38410" /><E74/><V30/><F69/><W123/><G123/><T39/><D127/><U117/><E34/><V57/><F93/><W18/><G112/><T106/><D106/><U49/><E117/><V70/><F70/><W63/><G134/><T120/><D120/><U80/><E80/><V23/><F125/><W84/><G33/><T13/><D95/><U111/><E62/><V82/><F82/><W24/><G32/><T68/><D68/><U105/><E105/><V19/><F3/><W131/><G131/><T126/><D126/><U122/><E122/><V64/><F64/><W40/><G9/><T109/><D13/><U129/><E129/><V81/><F81/><W124/><G124/><T100/><D100/><U97/><E97/><V98/><F30/><W71/><G71/><T83/><D20/><U51/><E51/><V12/><F12/><W8/><G8/><T130/><D83/><U37/><E37/><V1/><F1/><W107/><G107/><T108/><D130/><U78/><E78/><V22/><F22/><W6/><G6/><T119/><D39/><U128/><E128/><V99/><F99/><W115/><G115/><T85/><D43/><U29/><E29/><V67/><F67/><W44/><G44/><T2/><D45/><U5/><E5/><V58/><F58/><W104/><G104/><T47/><D47/><U133/><E133/><N who="2" m="51275" /><F0/><W86/><G18/><T36/><D2/><U77/><E77/><V14/><F14/><W114/><G114/><T60/><D119/><U54/><E54/><AGARI ba="0,0" hai="24,26,40,41,42,54,56,63,84,86,87,89,90,91" machi="54" ten="50,6400,0" yaku="29,2,8,1" doraHai="121" who="3" fromWho="1" sc="133,0,330,-64,307,0,230,64" /><INIT seed="3,0,0,1,0,42" ten="133,266,307,294" oya="3" hai0="22,65,26,16,89,60,90,73,55,108,30,106,41" hai1="29,118,34,76,125,24,37,53,126,121,123,83,80" hai2="115,113,25,51,12,111,43,46,59,74,82,132,27" hai3="0,130,47,124,79,68,97,13,15,11,20,134,86"/><W57/><G68/><T99/><D73/><U96/><E37/><V85/><F74/><W1/><G47/><T116/><D108/><U23/><E118/><V135/><F12/><W75/><G75/><T69/><D116/><U93/><E34/><V110/><F27/><W67/><G97/><T33/><D55/><U66/><E66/><V2/><F25/><W102/><G102/><T88/><D41/><U32/><E32/><V114/><F2/><W50/><G50/><T8/><D8/><U3/><E3/><V95/><F95/><W54/><G54/><T63/><D63/><U72/><E83/><V70/><F70/><W35/><G35/><T61/><D61/><U7/><E7/><V40/><F40/><W127/><G86/><T112/><D112/><U128/><E53/><N who="2" m="32191" /><F82/><W131/><G79/><T52/><D52/><U104/><E104/><V94/><F94/><W129/><G67/><T45/><D45/><U120/><REACH who="1" step="1"/><E128/><REACH who="1" ten="133,256,307,294" step="2"/><V5/><F5/><W14/><G134/><N who="2" m="51241" /><F85/><W101/><G0/><T87/><D87/><U6/><E6/><V28/><F28/><W9/><G1/><T49/><D106/><U56/><E56/><V109/><F115/><W4/><G57/><T38/><D38/><AGARI ba="0,1" hai="38,43,46,109,110,111,113,114" m="51241,32191" machi="38" ten="40,8000,1" yaku="14,1,20,1,34,2,52,1" doraHai="42" who="2" fromWho="0" sc="133,-80,256,0,307,90,294,0" /><INIT seed="4,0,0,3,5,18" ten="53,256,397,294" oya="0" hai0="8,106,55,31,17,112,14,81,103,119,113,43,130" hai1="80,125,37,73,70,83,56,34,59,44,108,116,111" hai2="51,74,105,82,42,22,41,107,60,97,24,114,88" hai3="2,124,6,29,79,50,72,1,104,95,15,26,54"/><T12/><D119/><U52/><E34/><V46/><F114/><N who="0" m="44138" /><D43/><U121/><E73/><V49/><F74/><W39/><G104/><T115/><N who="0" m="44146" /><T28/><DORA hai="109" /><D130/><U58/><E116/><V128/><F128/><W21/><G39/><T33/><D81/><U65/><E83/><V75/><F75/><W23/><G124/><T0/><D0/><U27/><E27/><V25/><F25/><W102/><G72/><T98/><D33/><U87/><E125/><V126/><F107/><W11/><G79/><T99/><D99/><U100/><E100/><V101/><F105/><W129/><G129/><T96/><D96/><U62/><E87/><V110/><F101/><W77/><G77/><T135/><D135/><U94/><E94/><V36/><F126/><W19/><G95/><T47/><D14/><U13/><E13/><V48/><F42/><W76/><G76/><T93/><D106/><U84/><E84/><V61/><F97/><W10/><G102/><T9/><D9/><U134/><E80/><V90/><F82/><W16/><G54/><T64/><D64/><U63/><E134/><V71/><F41/><W92/><G50/><AGARI ba="0,0" hai="8,12,17,28,31,47,50,55,93,98,103" m="44146" machi="50" ten="40,12000,1" yaku="15,1,52,4" doraHai="18,109" who="0" fromWho="3" sc="53,120,256,0,397,0,294,-120" /><INIT seed="4,1,0,1,0,92" ten="173,256,397,174" oya="0" hai0="124,46,88,120,53,3,17,108,119,57,11,122,111" hai1="63,40,2,112,105,109,5,67,132,89,110,32,6" hai2="26,23,66,87,71,42,7,34,29,65,72,85,115" hai3="48,0,27,36,37,19,95,129,16,133,84,28,35"/><T21/><D119/><U39/><E32/><V8/><F72/><W4/><G36/><T123/><D46/><U83/><E105/><V127/><F127/><W62/><G37/><T31/><D124/><U38/><E40/><V9/><F115/><W60/><G48/><T128/><D31/><U134/><E112/><V79/><F71/><W75/><G75/><T13/><D128/><U101/><E101/><V118/><F34/><W50/><G50/><T59/><D88/><U104/><E104/><V78/><F42/><W73/><G73/><T74/><D74/><U22/><E22/><V90/><F118/><W56/><G129/><T91/><D91/><U82/><E89/><V45/><F45/><W96/><G84/><T131/><D131/><U97/><E63/><V20/><F7/><W103/><G133/><T15/><D3/><U125/><E125/><V126/><F126/><W54/><G0/><T69/><D69/><U51/><E51/><V107/><F107/><W25/><G4/><T113/><D113/><U98/><E2/><V100/><F100/><W49/><G25/><T77/><D77/><U24/><E24/><V116/><F116/><W70/><REACH who="3" step="1"/><G70/><REACH who="3" ten="173,256,397,164" step="2"/><T64/><D120/><U58/><E58/><V12/><F26/><W80/><G80/><T114/><D122/><U52/><E134/><V18/><F87/><W99/><G99/><T55/><D123/><U68/><E132/><V14/><F85/><W81/><G81/><T44/><D114/><U33/><E68/><V121/><F121/><W106/><G106/><T1/><D1/><U117/><E117/><RYUUKYOKU ba="1,1" sc="173,-10,256,-10,397,-10,164,30" hai3="16,19,27,28,35,49,54,56,60,62,95,96,103" /><INIT seed="5,2,1,3,5,110" ten="163,246,387,194" oya="1" hai0="17,16,27,107,134,113,104,83,36,61,86,123,95" hai1="94,105,69,102,20,28,22,21,54,5,127,55,42" hai2="40,99,130,133,71,106,48,2,68,78,74,59,37" hai3="117,58,111,9,97,3,129,50,114,8,108,14,53"/><U135/><E105/><V116/><F48/><W47/><G117/><T112/><D36/><U120/><E69/><V52/><F52/><N who="1" m="20009" /><E120/><V132/><F59/><W24/><G129/><T100/><D123/><U31/><E42/><V93/><F116/><W121/><G121/><T45/><D45/><U11/><E127/><V77/><F130/><W89/><G3/><T79/><D61/><U84/><E135/><N who="2" m="51787" /><F2/><W85/><G97/><N who="0" m="59455" /><D134/><U18/><E5/><V115/><F106/><N who="0" m="40490" /><D27/><U57/><E57/><V70/><F74/><W109/><G24/><T4/><D4/><U56/><E56/><V119/><F119/><W10/><G58/><T75/><D75/><U60/><E60/><V67/><F67/><W15/><G15/><T41/><D41/><U66/><E66/><V44/><F44/><W64/><G64/><T72/><D72/><U19/><E11/><V82/><F40/><W30/><G30/><N who="1" m="11306" /><E102/><N who="2" m="60783" /><F37/><W103/><G103/><T62/><D62/><U122/><E122/><V76/><F70/><W73/><G73/><T98/><D98/><U131/><E131/><V92/><F71/><W32/><G32/><T124/><D124/><U88/><AGARI ba="2,1" hai="18,19,20,21,22,84,88,94" m="11306,20009" machi="88" ten="40,7800,0" yaku="8,1,54,2" doraHai="110" who="1" fromWho="1" sc="163,-28,246,94,387,-28,194,-28" /><INIT seed="5,3,0,1,0,118" ten="135,340,359,166" oya="1" hai0="117,128,114,56,30,61,102,79,120,122,36,0,17" hai1="92,123,58,55,84,80,63,13,34,105,4,100,24" hai2="51,76,96,106,70,42,22,60,82,18,15,1,57" hai3="71,74,124,85,91,50,44,27,73,33,94,87,98"/><U104/><E104/><V81/><F1/><W113/><G113/><T99/><D117/><U97/><E105/><V93/><F106/><W90/><G71/><T53/><D114/><U112/><E112/><V78/><F70/><W68/><G68/><T46/><D128/><U11/><E34/><V52/><F78/><W67/><G67/><T86/><D0/><U131/><E131/><V89/><F76/><W6/><G124/><T119/><D119/><U41/><E24/><V121/><F121/><N who="0" m="46698" /><D30/><U40/><REACH who="1" step="1"/><E123/><REACH who="1" ten="135,330,359,166" step="2"/><V101/><F101/><W35/><G27/><T111/><D111/><U29/><E29/><V2/><F2/><W107/><G107/><T25/><D25/><U48/><E48/><V32/><F32/><W23/><G50/><T103/><D36/><U64/><E64/><V72/><F72/><W109/><G109/><T5/><D103/><U54/><E54/><V62/><F62/><W39/><G39/><T69/><D102/><U116/><E116/><V8/><F51/><W125/><G125/><T43/><D53/><U83/><E83/><V135/><F42/><W110/><G110/><T77/><D61/><U126/><E126/><V65/><F65/><W9/><G35/><T38/><D43/><U66/><E66/><V28/><F135/><W45/><G33/><T12/><D38/><U95/><E95/><V14/><F28/><W130/><G130/><T75/><D69/><U115/><E115/><V129/><F129/><W10/><G94/><T132/><D75/><U134/><E134/><V7/><AGARI ba="3,1" hai="7,8,14,15,18,22,52,57,60,81,82,89,93,96" machi="7" ten="20,5200,0" yaku="0,1,7,1,8,1,54,1" doraHai="118" who="2" fromWho="2" sc="135,-16,330,-29,359,71,166,-16" /><INIT seed="6,0,0,3,1,35" ten="119,301,430,150" oya="2" hai0="85,123,12,24,64,32,84,45,10,100,61,92,4" hai1="72,36,41,55,26,7,20,108,59,70,132,122,90" hai2="101,5,115,38,52,8,28,135,30,11,73,114,0" hai3="48,91,82,49,111,76,107,129,15,71,50,39,57"/><V31/><F73/><W131/><G39/><T106/><D123/><U126/><E72/><V112/><F38/><W134/><G71/><T120/><D120/><U118/><E70/><V127/><F101/><W99/><G107/><T86/><D106/><U98/><E122/><V110/><F110/><W119/><G111/><T46/><D32/><U125/><E108/><V117/><F117/><W34/><G34/><T69/><REACH who="0" step="1"/><D24/><REACH who="0" ten="109,301,430,150" step="2"/><U19/><E26/><V103/><F114/><W47/><G119/><T14/><D14/><U16/><E126/><V51/><F127/><W77/><G15/><T94/><D94/><U133/><E125/><V81/><F115/><W116/><G116/><T93/><D93/><U3/><E118/><V17/><F112/><W62/><G82/><T18/><D18/><U79/><E16/><V42/><F81/><W54/><G134/><T68/><D68/><U60/><E19/><V104/><F135/><W56/><G129/><T105/><D105/><U130/><E133/><V75/><F104/><W25/><G131/><T43/><D43/><U65/><E41/><V29/><F42/><W63/><G25/><T37/><D37/><U2/><E36/><V23/><F17/><W96/><G47/><T27/><D27/><U9/><E132/><V78/><F28/><W128/><G128/><T53/><D53/><U13/><E55/><V83/><F29/><W95/><G99/><AGARI ba="0,1" hai="4,10,12,45,46,61,64,69,84,85,86,92,99,100" machi="99" ten="40,2600,0" yaku="1,1,53,1" doraHai="35" doraHaiUra="58" who="0" fromWho="3" sc="109,36,301,0,430,0,150,-26" /><INIT seed="7,0,0,1,1,78" ten="145,301,430,124" oya="3" hai0="13,2,51,39,71,0,50,67,47,126,17,68,44" hai1="105,73,10,33,25,40,131,38,54,16,93,110,132" hai2="60,45,57,37,109,135,59,124,117,91,115,70,119" hai3="134,75,95,96,87,55,111,88,82,102,86,122,9"/><W3/><G122/><T66/><D39/><U28/><E93/><V108/><F91/><W21/><G111/><T72/><D72/><U99/><E54/><V118/><F124/><W101/><G134/><T92/><D92/><U26/><E26/><V46/><F135/><W69/><G69/><T41/><D126/><U62/><E132/><V129/><F129/><W15/><G3/><T56/><D56/><N who="2" m="21578" /><F115/><W125/><G125/><T104/><D104/><U30/><E131/><V77/><F77/><N who="3" m="46415" /><G75/><T81/><D81/><U116/><E73/><V19/><F19/><W23/><G55/><T8/><D71/><U114/><E110/><N who="2" m="42603" /><F37/><W31/><G31/><T35/><D35/><U5/><E30/><V65/><AGARI ba="0,0" hai="45,46,60,65,70,117,118,119" m="42603,21578" machi="65" ten="40,2700,0" yaku="34,2" doraHai="78" who="2" fromWho="2" sc="145,-7,301,-7,430,27,124,-13" owari="138,-26.0,294,9.0,457,56.0,111,-39.0" /></mjloggm>