<mjloggm ver="2.3"><GO type="169" lobby="0"/><UN n0="%E3%81%84%E3%81%AE%E3%81%91%E3%82%93" n1="%E6%A3%92%E8%A7%92" n2="%77%61%73%68%69%73%65%6E" n3="%E3%82%A6%E3%83%AB%E3%83%88%E3%83%A9%E7%AB%8B%E7%9B%B4" dan="16,17,16,17" rate="2105.83,2131.95,2127.93,2062.20" sx="F,M,M,M"/><TAIKYOKU oya="0"/><INIT seed="0,0,0,2,2,133" ten="250,250,250,250" oya="0" hai0="82,57,21,2,76,107,0,23,49,126,14,30,91" hai1="114,117,73,95,32,58,62,27,28,60,33,64,105" hai2="20,84,26,51,1,74,35,10,8,103,87,125,22" hai3="85,86,45,69,63,55,116,43,71,52,16,31,12"/><T104/><D2/><U4/><E105/><V115/><F1/><W127/><G116/><T36/><D0/><U75/><E117/><V34/><F74/><W47/><G31/><T101/><D36/><U79/><E4/><V48/><F115/><W5/><G5/><T132/><D132/><U83/><E114/><V7/><F7/><W106/><G106/><T129/><D129/><U46/><E46/><V124/><F26/><W11/><G127/><T72/><D126/><U121/><E121/><V53/><F53/><W111/><G111/><T128/><D128/><U112/><E112/><V120/><REACH who="2" step="1"/><F103/><REACH who="2" ten="250,250,240,250" step="2"/><W3/><G3/><T80/><D101/><U135/><E135/><V24/><F24/><W134/><G134/><T15/><D30/><U18/><E18/><V66/><F66/><W88/><G55/><T81/><D72/><U44/><E75/><V98/><F98/><W90/><G86/><T118/><D118/><U50/><E33/><V109/><F109/><W67/><G85/><T96/><D96/><U70/><E95/><V19/><F19/><W38/><REACH who="3" step="1"/><G71/><REACH who="3" ten="250,250,240,240" step="2"/><T99/><D107/><U41/><E70/><V110/><F110/><W56/><G56/><T130/><D57/><U113/><E113/><V92/><F92/><W122/><G122/><AGARI ba="0,2" hai="8,10,20,22,34,35,48,51,84,87,120,122,124,125" machi="122" ten="25,8000,1" yaku="1,1,22,2,52,2,53,0" doraHai="133" doraHaiUra="131" who="2" fromWho="3" sc="250,0,250,0,240,100,240,-80" /><INIT seed="1,0,0,5,1,25" ten="250,250,340,160" oya="1" hai0="53,114,8,84,62,119,93,21,56,5,19,124,113" hai1="36,23,106,40,47,43,38,126,16,6,97,51,33" hai2="12,122,74,48,39,99,112,58,67,134,118,111,102" hai3="42,110,108,75,1,9,125,68,100,80,54,72,44"/><U76/><E33/><V64/><F39/><W123/><G54/><T91/><D119/><U11/><E126/><V59/><F74/><W49/><G123/><T3/><REACH who="0" step="1"/><D124/><REACH who="0" ten="240,250,340,160" step="2"/><U18/><E76/><V27/><F118/><W73/><G125/><T69/><D69/><U90/><E43/><V57/><F122/><W35/><G68/><T52/><D52/><U115/><E115/><V105/><F112/><W103/><G108/><T4/><D4/><U7/><E7/><V2/><F111/><W135/><G110/><T132/><D132/><U127/><E127/><V20/><F134/><W107/><G135/><T55/><D55/><U82/><E18/><V104/><F67/><W30/><G42/><T61/><D61/><U89/><E38/><V15/><F64/><W109/><G109/><T13/><AGARI ba="0,1" hai="3,5,8,13,19,21,53,56,62,84,91,93,113,114" machi="13" ten="20,2700,0" yaku="1,1,0,1,7,1,53,0" doraHai="25" doraHaiUra="101" who="0" fromWho="0" sc="240,37,250,-13,340,-7,160,-7" /><INIT seed="2,0,0,5,2,60" ten="277,237,333,153" oya="2" hai0="50,133,98,15,63,110,56,51,72,17,25,40,37" hai1="7,132,99,130,22,32,13,124,9,109,89,117,29" hai2="91,116,1,81,64,16,44,78,48,42,120,134,3" hai3="100,6,41,80,36,86,113,45,127,128,30,5,105"/><V106/><F120/><W27/><G127/><T115/><D115/><U76/><E76/><V77/><F106/><W53/><G128/><T65/><D72/><U131/><E99/><V31/><F116/><W23/><G113/><T0/><D0/><U47/><E89/><V123/><F123/><W69/><G100/><T97/><D110/><U121/><E47/><V35/><F134/><W95/><G105/><T104/><D133/><U62/><E121/><V68/><F91/><W107/><G95/><T79/><D79/><U26/><E132/><V14/><F78/><W88/><G107/><T102/><D25/><U119/><E109/><V43/><F31/><W103/><G103/><T82/><D82/><U52/><E124/><V87/><F35/><W58/><REACH who="3" step="1"/><G69/><REACH who="3" ten="277,237,333,143" step="2"/><T33/><D102/><U10/><E131/><V111/><F111/><W135/><G135/><T93/><D93/><U28/><E130/><V74/><F74/><W94/><G94/><T122/><D104/><U92/><E92/><V19/><F68/><W21/><G21/><T46/><D122/><U112/><E112/><V55/><F81/><W114/><G114/><T126/><D126/><U83/><E83/><V12/><F87/><W61/><AGARI ba="0,1" hai="5,6,23,27,30,36,41,45,53,58,61,80,86,88" machi="61" ten="20,5200,0" yaku="1,1,0,1,7,1,54,1,53,0" doraHai="60" doraHaiUra="66" who="3" fromWho="3" sc="277,-13,237,-13,333,-26,143,62" /><INIT seed="3,0,0,2,0,10" ten="264,224,307,205" oya="3" hai0="47,98,121,35,15,41,84,82,74,116,31,114,64" hai1="11,127,13,67,124,49,77,107,18,0,87,81,17" hai2="45,40,12,63,61,117,20,80,111,115,130,27,36" hai3="106,26,51,68,39,46,129,105,120,42,19,132,60"/><W52/><G120/><T89/><D121/><U30/><E107/><V119/><F115/><W112/><G112/><T103/><D114/><U44/><E0/><V70/><F111/><W21/><G129/><T91/><D116/><U7/><E30/><V101/><F130/><W56/><REACH who="3" step="1"/><G132/><REACH who="3" ten="264,224,307,195" step="2"/><T88/><D74/><U14/><E67/><AGARI ba="0,1" hai="19,21,26,39,42,46,51,52,56,60,67,68,105,106" machi="67" ten="40,12000,1" yaku="1,1,2,1,24,2,54,1,53,0" doraHai="10" doraHaiUra="73" who="3" fromWho="1" sc="264,0,224,-120,307,0,195,130" /><INIT seed="3,1,0,4,3,11" ten="264,104,307,325" oya="3" hai0="28,18,39,129,122,114,82,120,84,88,34,40,94" hai1="87,80,79,72,2,85,134,124,9,22,17,42,126" hai2="68,96,125,12,119,35,52,135,5,101,128,25,13" hai3="93,102,92,113,115,56,74,63,31,61,112,38,53"/><W67/><G74/><T50/><D129/><U90/><E134/><V36/><F36/><W32/><G38/><T59/><D114/><U46/><E87/><V54/><F68/><W20/><G32/><T70/><D70/><U111/><E111/><V24/><F119/><W10/><G63/><T76/><D39/><U133/><E133/><V83/><F35/><W73/><G73/><T105/><D105/><U121/><E121/><V30/><F30/><W3/><G53/><N who="2" m="20585" /><F5/><W117/><G117/><T104/><D104/><U127/><E90/><V43/><F43/><W23/><G23/><T109/><D109/><U15/><E85/><V57/><F57/><W86/><G86/><T89/><D28/><U100/><E100/><V66/><F66/><W95/><G10/><T91/><D34/><U8/><REACH who="1" step="1"/><E2/><REACH who="1" ten="264,94,307,325" step="2"/><V55/><F135/><W103/><G3/><T118/><D118/><U7/><E7/><V48/><F128/><W123/><G123/><T110/><D110/><U71/><E71/><V29/><F125/><W45/><G103/><T41/><D122/><U44/><E44/><N who="2" m="28039" /><F83/><W49/><G112/><T99/><D120/><U77/><E77/><V64/><F29/><W65/><G113/><T69/><D69/><U108/><E108/><V51/><F101/><W14/><G102/><T60/><D76/><U81/><E81/><V106/><F96/><W78/><G115/><T107/><D107/><U97/><E97/><V33/><F106/><W132/><G132/><T131/><D131/><U26/><E26/><V19/><F25/><W21/><G78/><T58/><D99/><RYUUKYOKU ba="1,1" sc="264,-10,94,30,307,-10,325,-10" hai1="8,9,15,17,22,42,46,72,79,80,124,126,127" /><INIT seed="4,2,1,1,4,4" ten="254,124,297,315" oya="0" hai0="76,85,112,41,54,131,75,20,60,31,78,95,15" hai1="102,63,55,62,108,133,90,46,27,44,17,26,129" hai2="84,69,3,18,13,109,93,53,134,68,66,114,118" hai3="38,128,25,67,113,50,71,116,40,2,33,28,115"/><T81/><D112/><U1/><E1/><V83/><F3/><W32/><G50/><T111/><D131/><U125/><E129/><V47/><F114/><N who="3" m="43531" /><G128/><T23/><D111/><U52/><E108/><V19/><F109/><W99/><G99/><T10/><D41/><U119/><E17/><V123/><F118/><W105/><G105/><T110/><D110/><U100/><E90/><V122/><F134/><W104/><G104/><T107/><D107/><U48/><E48/><V37/><F93/><W64/><G71/><T57/><D78/><U96/><E96/><V98/><F98/><W124/><G33/><T65/><D31/><U34/><E34/><V24/><F66/><W35/><G35/><T120/><D120/><U135/><REACH who="1" step="1"/><E125/><REACH who="1" ten="254,114,297,315" step="2"/><V80/><F122/><W77/><G124/><T51/><D95/><U49/><E49/><V127/><F37/><W11/><G32/><T61/><D61/><U43/><E43/><V16/><F123/><W121/><G40/><T91/><D91/><U12/><E12/><V8/><F127/><W74/><G38/><T92/><D92/><U79/><E79/><V56/><F80/><W72/><G77/><T73/><D73/><U45/><E45/><V6/><F47/><W88/><G74/><T14/><D75/><U22/><E22/><V70/><F24/><W21/><G72/><T36/><D15/><U126/><E126/><V0/><F0/><W86/><G121/><T7/><D36/><U82/><E82/><V30/><F30/><W89/><G28/><T58/><AGARI ba="2,2" hai="7,10,14,20,23,51,54,57,58,60,65,76,81,85" machi="58" ten="20,7800,0" yaku="0,1,7,1,8,1,52,1" doraHai="4" who="0" fromWho="0" sc="254,104,114,-28,297,-28,315,-28" /><INIT seed="4,3,0,3,5,17" ten="358,86,269,287" oya="0" hai0="43,67,58,115,4,125,0,29,101,65,105,1,33" hai1="92,119,85,55,114,80,129,96,76,54,44,42,39" hai2="109,86,46,64,82,75,116,12,30,38,60,26,8" hai3="93,45,73,23,56,62,104,118,78,134,36,127,128"/><T133/><D115/><U81/><E119/><V132/><F116/><W51/><G104/><T120/><D120/><U37/><E129/><V89/><F132/><W3/><G118/><T123/><D123/><U69/><E69/><V48/><F75/><W52/><G3/><T72/><D72/><U21/><E39/><V91/><F38/><W113/><G113/><T50/><D133/><U121/><E121/><V107/><F107/><W6/><G134/><T99/><D125/><U124/><E124/><V24/><F109/><W28/><G127/><T111/><D111/><U126/><E114/><V100/><F100/><W74/><G6/><T95/><D105/><U18/><E81/><V90/><F60/><W70/><G128/><T13/><D1/><U110/><E110/><V66/><F64/><W59/><G78/><T57/><D0/><U108/><E108/><V25/><F66/><N who="0" m="25098" /><D29/><U87/><E87/><V14/><F14/><W9/><G70/><T130/><D33/><U7/><E7/><V47/><F30/><W83/><G74/><T112/><D130/><U16/><E18/><N who="2" m="8455" /><F47/><W77/><G36/><T53/><D43/><AGARI ba="3,0" hai="24,25,26,43,46,48,82,86,89,90,91" m="8455" machi="43" ten="30,1000,0" yaku="8,1" doraHai="17" who="2" fromWho="0" sc="358,-19,86,0,269,19,287,0" /><INIT seed="5,0,0,3,5,95" ten="339,86,288,287" oya="1" hai0="2,60,17,8,115,127,110,122,119,77,97,31,22" hai1="35,134,113,9,98,92,79,93,72,36,48,38,65" hai2="108,26,46,100,66,13,117,1,105,116,59,64,114" hai3="96,33,80,16,87,52,44,78,125,24,83,86,101"/><U5/><E35/><V55/><F1/><W6/><G6/><T68/><D110/><U42/><E113/><V88/><F114/><W15/><G24/><T84/><D115/><U58/><E134/><V56/><F108/><W25/><G25/><T54/><D119/><U94/><E72/><V10/><F26/><W107/><G33/><T118/><D118/><U19/><E79/><V106/><F46/><W73/><G125/><T99/><D127/><U18/><E38/><V74/><F74/><W112/><G112/><T131/><D131/><U3/><E36/><V71/><F71/><W76/><G73/><T120/><D31/><U85/><E85/><V129/><F129/><W32/><G32/><T34/><D34/><U75/><E75/><V126/><F126/><W61/><G61/><T11/><D84/><U27/><E27/><V30/><F30/><W7/><G7/><N who="0" m="1143" /><D11/><U130/><E130/><V39/><F39/><W123/><G123/><N who="0" m="47147" /><D77/><U128/><E128/><V133/><F133/><W49/><G15/><N who="0" m="9535" /><D54/><U29/><E29/><V37/><F37/><W14/><G14/><T23/><D23/><U41/><E19/><AGARI ba="0,0" hai="16,19,44,49,52,76,78,80,83,86,87,96,101,107" machi="19" ten="40,8000,1" yaku="9,1,52,1,54,2" doraHai="95" who="3" fromWho="1" sc="339,0,86,-80,288,0,287,80" /><INIT seed="6,0,0,5,4,61" ten="339,6,288,367" oya="2" hai0="38,43,3,10,55,105,131,107,66,71,132,35,76" hai1="32,135,44,2,88,102,18,73,37,68,21,12,127" hai2="84,85,62,117,24,22,125,79,27,63,33,80,36" hai3="96,129,112,123,50,58,65,14,17,81,90,11,39"/><V99/><F36/><W126/><G39/><T26/><D55/><U111/><E102/><V119/><F125/><W59/><G123/><T16/><D76/><U7/><E44/><V75/><F75/><W5/><G126/><T28/><D132/><U128/><E21/><V110/><F110/><W70/><G129/><T118/><D131/><U8/><E18/><V100/><F33/><W87/><G112/><T15/><D118/><U13/><E8/><V95/><F85/><W121/><G121/><T53/><D53/><U89/><E12/><V91/><F27/><W31/><G31/><T57/><D71/><U46/><E13/><V133/><F133/><W29/><G29/><T0/><D43/><U97/><E7/><V40/><F40/><W23/><G96/><T114/><D38/><U48/><E48/><V49/><F49/><W86/><G86/><T83/><D83/><U82/><E89/><V41/><F41/><W94/><G81/><T77/><D77/><U72/><E88/><V60/><F119/><W52/><G70/><T98/><D114/><U54/><E54/><V19/><F117/><W109/><G109/><T4/><D98/><U104/><E97/><V92/><F95/><W120/><G120/><T115/><D115/><U93/><E93/><V47/><F47/><W6/><G11/><N who="0" m="2463" /><D0/><U42/><E42/><V106/><REACH who="2" step="1"/><F63/><AGARI ba="0,0" hai="5,6,14,17,23,50,52,58,59,63,65,87,90,94" machi="63" ten="40,8000,1" yaku="25,2,8,1,52,1,54,1" doraHai="61" who="3" fromWho="2" sc="339,0,6,0,288,-80,367,80" /><INIT seed="7,0,0,0,4,76" ten="339,6,208,447" oya="3" hai0="8,74,15,86,112,31,57,11,94,55,124,36,80" hai1="78,79,24,0,129,13,133,85,128,103,35,12,65" hai2="19,126,43,17,34,67,27,7,119,113,132,40,44" hai3="46,83,61,47,26,2,134,92,71,20,90,111,62"/><W69/><G2/><T32/><D36/><U25/><E65/><V110/><F110/><W95/><G20/><T93/><D74/><U115/><E103/><V121/><F121/><W22/><G22/><T127/><D112/><U82/><E85/><V5/><F132/><W3/><G26/><T29/><D32/><U68/><E68/><V6/><F119/><W118/><G3/><T10/><D15/><U73/><E73/><V1/><F113/><W9/><G9/><T21/><D127/><U123/><E79/><V81/><F126/><W54/><G118/><T72/><D72/><U14/><E78/><V131/><F1/><W39/><G90/><T52/><D124/><U50/><E50/><V97/><F131/><W87/><G87/><T58/><D21/><U106/><E106/><V84/><F97/><W64/><G92/><N who="0" m="35435" /><D80/><U48/><E48/><V45/><F67/><W60/><G83/><T116/><D86/><U96/><E96/><V4/><N who="2" m="1024" /><DORA hai="18" /><V91/><F34/><W105/><G95/><T108/><D108/><U59/><E59/><N who="0" m="22537" /><D116/><U100/><E82/><V88/><F27/><W89/><G111/><T117/><D117/><U51/><E51/><V75/><F75/><W16/><G39/><T102/><D102/><U23/><E100/><V66/><F66/><W107/><G64/><T53/><AGARI ba="0,0" hai="8,10,11,29,31,52,53,55" m="22537,35435" machi="53" ten="40,8000,1" yaku="28,2,8,1,54,1" doraHai="76,18" who="0" fromWho="0" sc="339,80,6,-20,208,-20,447,-40" owari="419,51.0,-14,-51.0,188,-21.0,407,21.0" /></mjloggm>