<mjloggm ver="2.3"><GO type="97" lobby="0"/><UN n0="%61%61%61%73" n1="%63%61%6D%70%61%6E%79" n2="%73%61%74%65" n3="%E3%82%A6%E3%83%AB%E3%83%88%E3%83%A9%E7%AB%8B%E7%9B%B4" dan="13,13,15,15" rate="1848.98,1923.30,1939.57,2000.43" sx="M,M,M,M"/><TAIKYOKU oya="0"/><INIT seed="0,0,0,3,4,0" ten="250,250,250,250" oya="0" hai0="103,42,61,28,64,83,75,108,77,21,53,13,98" hai1="50,31,123,52,70,89,124,29,109,114,69,107,93" hai2="66,45,20,43,76,95,119,5,82,96,113,91,65" hai3="18,115,55,36,25,59,74,22,130,15,32,117,9"/><T24/><D42/><U16/><E107/><V111/><F113/><W129/><G36/><T126/><D126/><U125/><E114/><V100/><F111/><W38/><G38/><T57/><D108/><U90/><E123/><V128/><F128/><N who="3" m="49259" /><G74/><T62/><D13/><U37/><E37/><V94/><F119/><W46/><G46/><T78/><D78/><U63/><E109/><V102/><F95/><W56/><G115/><T12/><D12/><U8/><E63/><V67/><F5/><N who="3" m="3503" /><G32/><T71/><D98/><U105/><E105/><V2/><F2/><W101/><G101/><T1/><D103/><U97/><E90/><V14/><F14/><W51/><G59/><T79/><D79/><U122/><E122/><V58/><F20/><W133/><G133/><T40/><D40/><U104/><E104/><V80/><F58/><W48/><G51/><T11/><D1/><U81/><E81/><N who="2" m="31339" /><F76/><W60/><G60/><T26/><D26/><U35/><E35/><V118/><F118/><AGARI ba="0,0" hai="18,22,25,48,55,56,117,118" m="3503,49259" machi="118" ten="30,2000,0" yaku="19,1,52,1" doraHai="0" who="3" fromWho="2" sc="250,0,250,0,250,-20,250,20" /><INIT seed="1,0,0,3,1,105" ten="250,250,230,270" oya="1" hai0="25,33,59,36,38,68,20,3,10,9,8,50,133" hai1="65,0,93,4,24,89,46,83,96,45,120,95,127" hai2="34,82,63,6,112,52,131,21,125,67,55,104,51" hai3="80,60,64,121,123,91,29,77,74,28,43,85,128"/><U14/><E120/><V97/><F34/><W15/><G128/><T7/><D68/><U81/><E0/><V56/><F131/><W5/><G43/><T107/><D107/><U1/><E1/><V90/><F112/><W111/><G111/><T42/><D133/><U114/><E114/><V61/><F125/><W134/><G134/><T26/><D59/><U2/><E2/><V32/><F32/><W57/><G28/><T94/><D94/><U16/><E4/><V41/><F6/><W62/><G29/><T47/><D33/><U78/><E24/><V30/><F104/><W79/><G79/><T87/><D87/><U19/><E65/><V71/><F41/><W100/><G100/><T88/><D88/><N who="1" m="55335" /><E127/><V108/><F108/><W102/><G102/><T129/><D129/><U116/><E116/><V76/><F90/><W124/><G124/><T73/><D73/><U84/><E19/><V115/><F97/><W113/><G113/><T92/><D92/><U31/><E31/><V22/><F30/><W75/><G123/><T117/><D117/><U48/><E78/><V17/><F115/><W37/><G37/><T53/><D36/><U103/><E103/><V69/><F17/><W101/><G101/><T39/><D39/><U44/><E48/><V126/><F126/><W70/><G77/><T72/><D72/><U66/><E66/><V86/><F71/><W11/><G121/><T109/><D109/><U40/><E40/><V27/><F27/><W135/><G135/><T118/><D118/><U35/><E35/><V110/><F110/><W49/><G49/><RYUUKYOKU ba="0,0" sc="250,-30,250,10,230,10,270,10" hai1="14,16,44,45,46,81,83,84,89,95" hai2="21,22,51,52,55,56,61,63,67,69,76,82,86" hai3="5,11,15,57,60,62,64,70,74,75,80,85,91" /><INIT seed="1,1,0,2,3,75" ten="220,260,240,280" oya="1" hai0="38,131,78,50,98,15,73,88,13,61,17,9,25" hai1="10,71,59,90,66,29,44,16,51,21,30,133,62" hai2="111,94,63,119,42,86,125,68,82,7,43,107,41" hai3="53,22,112,108,76,79,109,8,91,123,6,99,64"/><U100/><E133/><V48/><F107/><W60/><G53/><T84/><D38/><U2/><E100/><V122/><F119/><W58/><G123/><T118/><D118/><U39/><E39/><V115/><F122/><W28/><G112/><T114/><D114/><U14/><E71/><V4/><F115/><W110/><G22/><T130/><D130/><U103/><E103/><V127/><F111/><W128/><G28/><T20/><D131/><U126/><E126/><N who="2" m="48139" /><F94/><N who="3" m="56799" /><G128/><T55/><D61/><U24/><E90/><V23/><F23/><W116/><G116/><T19/><D98/><U129/><E129/><V57/><F68/><W31/><G31/><T117/><D117/><U35/><E2/><AGARI ba="1,0" hai="2,6,8,58,60,64,76,79,108,109,110" m="56799" machi="2" ten="30,3900,0" yaku="14,1,52,2" doraHai="75" who="3" fromWho="1" sc="220,0,260,-42,240,0,280,42" /><INIT seed="2,0,0,1,0,82" ten="220,218,240,322" oya="2" hai0="22,43,1,44,32,47,68,135,134,83,102,121,61" hai1="118,49,24,30,60,11,28,6,101,0,16,129,91" hai2="8,92,9,27,37,122,71,80,125,19,40,78,97" hai3="57,34,64,21,56,119,113,67,90,5,50,87,130"/><V17/><F122/><W13/><G34/><T14/><D32/><U116/><E101/><V96/><F71/><W25/><G130/><T94/><D1/><U106/><E106/><V88/><F125/><W69/><G69/><T77/><D121/><U23/><E60/><V41/><F37/><W103/><G103/><T109/><D109/><U126/><E49/><V31/><F97/><W124/><G124/><T10/><D61/><U120/><E126/><V127/><F127/><W33/><G33/><T26/><D68/><U63/><E63/><V133/><F31/><W95/><G119/><T29/><D94/><U108/><E108/><V38/><F38/><W72/><G72/><T107/><D107/><U3/><E120/><V79/><F79/><W45/><G113/><T18/><D102/><U117/><E91/><V98/><F98/><W51/><G51/><T36/><REACH who="0" step="1"/><D47/><REACH who="0" ten="210,218,240,322" step="2"/><U58/><E58/><V42/><F133/><W74/><G57/><T110/><D110/><U65/><E65/><V89/><F92/><W4/><G56/><T70/><D70/><U53/><E53/><V128/><F128/><W39/><G64/><T93/><D93/><U2/><E129/><V35/><F35/><W132/><G67/><T115/><D115/><U112/><E112/><V104/><F104/><W12/><G132/><T59/><D59/><U75/><E75/><AGARI ba="0,1" hai="10,14,18,22,26,29,36,43,44,75,77,83,134,135" machi="75" ten="40,1300,0" yaku="1,1,53,0" doraHai="82" doraHaiUra="52" who="0" fromWho="1" sc="210,23,218,-13,240,0,322,0" /><INIT seed="3,0,0,1,4,64" ten="233,205,240,322" oya="3" hai0="33,61,49,73,129,8,114,105,12,97,34,98,11" hai1="118,27,120,101,135,77,50,17,20,63,96,7,62" hai2="75,53,46,13,88,0,30,41,37,110,100,133,103" hai3="90,119,40,14,107,87,43,82,58,115,52,56,80"/><W126/><G107/><T35/><D73/><U54/><E135/><V47/><F133/><W28/><G119/><T26/><D129/><U44/><E120/><V32/><F0/><W99/><G115/><T93/><D93/><U39/><E118/><V18/><F75/><W81/><G99/><T94/><D94/><U128/><E128/><V31/><F32/><W25/><G14/><T65/><D49/><U48/><E39/><V131/><F131/><W3/><G3/><T70/><D114/><U59/><E77/><V92/><F110/><W19/><G28/><N who="2" m="10793" /><F37/><W91/><G126/><T51/><D51/><U127/><E127/><V21/><F41/><N who="3" m="15947" /><G90/><T29/><D105/><U95/><E7/><V125/><F125/><W86/><G86/><T38/><D38/><U16/><E17/><V57/><F103/><W113/><G113/><T9/><D35/><U85/><E85/><N who="2" m="52239" /><F100/><W104/><G104/><T10/><D34/><U71/><E71/><V117/><F117/><W102/><G102/><T112/><D112/><U67/><E67/><V42/><F42/><AGARI ba="0,0" hai="16,20,27,42,44,48,50,54,59,62,63,95,96,101" machi="42" ten="30,3900,0" yaku="7,1,8,1,54,1" doraHai="64" who="1" fromWho="2" sc="233,0,205,39,240,-39,322,0" owari="233,-17.0,244,4.0,201,-30.0,322,43.0" /></mjloggm>