<mjloggm ver="2.3"><GO type="97" lobby="0"/><UN n0="%E3%83%8F%E3%83%A2%E5%B8%AB%E5%8C%A0" n1="%41%6C%6C%75%63%61" n2="%E3%82%AB%E3%82%AB%E3%82%AB" n3="%E3%82%A6%E3%83%AB%E3%83%88%E3%83%A9%E7%AB%8B%E7%9B%B4" dan="14,13,14,14" rate="1989.47,1846.25,1916.01,1914.17" sx="M,M,M,M"/><TAIKYOKU oya="0"/><INIT seed="0,0,0,3,1,96" ten="250,250,250,250" oya="0" hai0="14,70,120,28,87,131,6,29,17,103,55,2,81" hai1="106,93,41,49,27,108,39,61,12,77,43,53,98" hai2="132,134,130,65,135,114,7,89,23,57,47,101,72" hai3="128,69,121,44,40,3,15,117,129,26,24,83,19"/><T97/><D120/><U84/><E106/><V79/><F114/><W5/><G69/><T107/><D70/><U20/><E108/><V110/><F110/><W122/><G117/><T127/><D127/><U88/><E39/><V92/><F47/><W54/><G54/><T4/><D131/><N who="3" m="50249" /><G83/><T36/><D36/><U30/><E12/><V100/><F130/><W105/><G105/><T111/><D111/><U22/><E22/><V126/><F126/><W48/><G5/><T67/><D67/><U95/><E61/><N who="2" m="38063" /><F7/><W63/><G63/><T82/><D82/><U32/><E32/><V90/><F90/><W133/><G3/><T42/><D42/><U64/><E64/><V9/><F9/><N who="3" m="6639" /><G133/><T58/><D6/><U38/><E38/><V113/><F113/><W1/><G1/><T68/><D4/><U85/><E77/><V34/><F34/><W75/><G75/><T123/><D2/><U73/><E73/><V51/><F79/><W11/><G11/><T99/><D68/><U10/><E10/><V91/><F72/><W13/><G13/><T66/><D14/><U86/><REACH who="1" step="1"/><E95/><REACH who="1" ten="250,240,250,250" step="2"/><V109/><F23/><W45/><G24/><T78/><D78/><U59/><AGARI ba="0,1" hai="20,27,30,41,43,49,53,59,84,85,86,88,93,98" machi="59" ten="30,8000,1" yaku="1,1,2,1,0,1,8,1,54,1,53,0" doraHai="96" doraHaiUra="118" who="1" fromWho="1" sc="250,-40,240,90,250,-20,250,-20" /><INIT seed="1,0,0,4,0,17" ten="210,330,230,230" oya="1" hai0="53,22,105,29,57,36,39,134,128,11,102,46,24" hai1="76,13,120,87,10,125,5,119,33,65,77,61,86" hai2="117,100,135,123,112,69,114,95,80,62,103,115,38" hai3="18,31,94,98,59,127,47,68,71,72,4,93,92"/><U41/><E120/><V73/><F38/><W45/><G72/><T60/><D128/><U35/><E119/><V58/><F123/><W26/><G127/><T21/><D134/><U108/><E125/><V30/><F69/><W104/><G4/><T49/><D11/><U0/><E0/><V48/><F117/><W56/><G18/><T1/><D1/><U91/><E108/><V3/><F3/><W14/><G14/><T106/><D106/><U66/><E35/><V37/><F37/><W64/><G104/><T97/><REACH who="0" step="1"/><D21/><REACH who="0" ten="200,330,230,230" step="2"/><U89/><E33/><V32/><F135/><W122/><G122/><T8/><D8/><U67/><E41/><AGARI ba="0,1" hai="22,24,29,36,39,41,46,49,53,57,60,97,102,105" machi="41" ten="30,3900,0" yaku="1,1,7,1,52,1,53,0" doraHai="17" doraHaiUra="133" who="0" fromWho="1" sc="200,49,330,-39,230,0,230,0" /><INIT seed="2,0,0,5,2,48" ten="249,291,230,230" oya="2" hai0="84,40,94,120,97,30,1,82,81,87,108,49,110" hai1="80,15,47,69,29,41,98,101,111,75,74,10,54" hai2="27,132,57,26,122,19,131,95,11,129,37,50,128" hai3="112,91,134,126,45,68,16,125,31,43,22,17,65"/><V36/><F122/><W109/><G109/><N who="0" m="42091" /><D1/><U62/><E111/><V100/><F132/><W78/><G134/><T70/><D70/><U28/><E75/><V2/><F2/><W104/><G104/><T44/><D120/><U114/><E114/><V105/><F105/><W13/><G112/><T85/><D30/><U118/><E118/><V33/><F33/><W60/><G78/><T133/><D133/><U77/><E69/><V55/><F11/><W7/><G7/><T32/><D32/><U21/><E21/><V93/><F19/><W59/><G31/><T5/><D5/><U106/><E62/><V8/><F8/><W63/><G91/><AGARI ba="0,0" hai="40,44,49,81,82,84,85,87,91,94,97" m="42091" machi="91" ten="30,1000,0" yaku="14,1" doraHai="48" who="0" fromWho="3" sc="249,10,291,0,230,0,230,-10" /><INIT seed="3,0,0,3,3,37" ten="259,291,230,220" oya="3" hai0="100,5,35,17,36,105,106,126,19,48,104,85,29" hai1="51,117,44,23,128,103,115,97,9,124,77,14,73" hai2="109,31,38,21,93,39,82,32,67,133,101,84,63" hai3="113,116,120,130,53,62,28,24,108,45,127,16,135"/><W11/><G120/><T7/><D36/><U60/><E115/><V4/><F109/><W102/><G113/><T70/><D70/><U125/><E117/><V15/><F133/><W58/><G116/><T42/><D126/><N who="1" m="48747" /><E128/><V83/><F32/><W50/><G127/><T132/><D132/><U57/><E73/><V66/><F66/><W46/><G130/><T68/><D68/><U123/><E77/><V61/><F61/><W55/><G135/><T0/><D100/><U88/><E123/><V95/><F4/><W87/><G108/><T13/><D0/><U10/><E23/><V76/><F82/><W26/><G102/><T107/><D105/><N who="1" m="63727" /><E88/><V8/><F95/><W41/><G87/><T20/><D19/><U6/><E9/><V90/><F101/><W91/><G91/><T52/><D29/><U72/><E72/><V49/><F21/><W81/><G81/><T121/><D35/><U96/><E96/><V78/><F78/><W30/><G26/><T47/><D121/><U134/><E134/><V99/><F31/><W1/><G1/><T75/><D75/><U56/><E60/><V122/><F122/><W92/><G92/><T65/><D85/><U18/><E6/><V34/><F34/><W71/><G71/><T114/><D114/><U111/><E111/><V119/><F119/><W94/><G94/><T27/><D27/><U33/><E33/><V89/><F89/><W43/><G55/><AGARI ba="0,0" hai="10,14,18,44,51,55,56,57" m="63727,48747" machi="55" ten="30,1000,0" yaku="18,1" doraHai="37" who="1" fromWho="3" sc="259,0,291,10,230,0,220,-10" owari="259,6.0,301,40.0,230,-17.0,210,-29.0" /></mjloggm>