<mjloggm ver="2.3"><GO type="97" lobby="0"/><UN n0="%E3%82%A6%E3%83%AB%E3%83%88%E3%83%A9%E7%AB%8B%E7%9B%B4" n1="%E3%83%9E%E3%83%AB%E3%83%8D%E3%83%95%E5%A4%AB%E4%BA%BA" n2="%E7%89%9B%E4%B9%B3%E4%B8%80%E6%B0%97%E9%A3%B2%E3%81%BF" n3="%E3%82%8A%E3%81%8D%E3%81%96%E3%81%84%E3%82%8B%E2%98%86" dan="15,13,16,15" rate="2005.06,1886.87,2050.47,1982.28" sx="M,F,M,F"/><TAIKYOKU oya="0"/><INIT seed="0,0,0,0,5,66" ten="250,250,250,250" oya="0" hai0="17,30,108,100,64,21,111,106,125,0,22,46,48" hai1="52,109,2,115,32,14,33,105,25,69,15,42,82" hai2="123,59,117,128,39,45,89,6,44,8,36,12,41" hai3="47,31,107,134,112,75,126,116,102,133,3,16,73"/><T53/><D0/><U88/><E109/><N who="0" m="42057" /><D125/><U63/><E105/><V24/><F123/><W95/><G116/><T28/><D100/><U85/><E2/><V5/><F117/><W27/><G112/><T78/><D106/><U49/><E115/><V19/><F128/><W121/><G126/><T122/><D122/><U13/><E42/><V34/><F59/><W83/><G121/><T98/><D98/><U68/><E63/><V96/><F34/><W51/><G107/><T99/><D99/><U119/><E119/><V65/><F65/><W58/><G3/><T54/><D78/><U71/><REACH who="1" step="1"/><E25/><REACH who="1" ten="250,240,250,250" step="2"/><V55/><F39/><W4/><G27/><T29/><D64/><U56/><AGARI ba="0,1" hai="13,14,15,32,33,49,52,56,68,69,71,82,85,88" machi="56" ten="40,16000,3" yaku="1,1,2,1,0,1,52,3,54,2,53,0" doraHai="66" doraHaiUra="114" who="1" fromWho="1" sc="250,-80,240,170,250,-40,250,-40" /><INIT seed="1,0,0,3,3,46" ten="170,410,210,210" oya="1" hai0="95,108,40,121,0,43,85,25,61,84,110,66,34" hai1="100,29,30,92,80,27,82,23,98,55,125,113,116" hai2="93,15,103,20,7,21,123,64,16,122,14,36,17" hai3="53,2,51,81,56,91,129,133,126,31,73,79,26"/><U37/><E113/><V109/><F36/><W39/><G126/><T52/><D0/><U107/><E125/><V35/><F64/><W48/><G129/><T32/><D121/><U128/><E116/><V90/><F103/><W99/><G133/><T13/><D13/><U74/><E128/><V104/><F104/><W69/><G39/><T97/><D66/><U105/><E37/><V24/><F109/><N who="0" m="42090" /><D97/><U75/><E30/><V119/><F119/><W38/><G2/><T45/><D61/><U76/><E55/><V111/><F111/><W118/><G38/><T67/><D67/><U42/><E42/><N who="0" m="15913" /><D95/><U59/><E59/><V96/><F7/><W10/><G69/><T12/><D12/><U4/><E4/><V102/><F102/><W5/><G118/><T19/><D19/><U3/><E3/><V62/><F62/><W71/><G71/><T83/><D25/><U124/><E124/><V72/><F72/><W28/><G26/><T47/><D83/><U44/><E107/><V89/><F89/><W70/><G70/><T33/><D52/><U65/><E65/><V58/><F58/><W130/><G130/><T49/><D49/><U134/><E105/><V86/><F96/><W57/><G99/><T22/><D22/><U135/><E82/><V101/><F101/><W88/><G91/><T120/><D120/><U60/><E60/><V8/><F8/><W11/><G88/><T54/><D54/><U115/><E80/><V77/><F77/><W94/><G94/><T1/><D1/><U112/><E76/><V87/><F87/><AGARI ba="0,0" hai="32,33,34,45,47,84,85,87" m="15913,42090" machi="87" ten="40,5200,0" yaku="28,2,14,1" doraHai="46" who="0" fromWho="2" sc="170,52,410,0,210,-52,210,0" /><INIT seed="2,0,0,4,2,86" ten="222,410,158,210" oya="2" hai0="132,104,37,22,76,18,62,99,2,51,25,73,21" hai1="64,120,84,93,79,129,82,128,111,118,126,24,3" hai2="55,102,90,52,109,69,119,131,14,6,113,13,17" hai3="63,133,56,50,9,98,89,54,35,117,48,26,46"/><V96/><F69/><W70/><G117/><T10/><D37/><U78/><E111/><V122/><F119/><W83/><G133/><T38/><D38/><U32/><E118/><V29/><F122/><W123/><G123/><T61/><D132/><U65/><E3/><V134/><F113/><W92/><G9/><T15/><D21/><U127/><E120/><V121/><F121/><W34/><G83/><T116/><D2/><U60/><E93/><N who="2" m="58639" /><F134/><W107/><G107/><T85/><D73/><U47/><E47/><V59/><F131/><N who="1" m="50249" /><E60/><V95/><F109/><W45/><G70/><T91/><D76/><U87/><E65/><V30/><F6/><W49/><REACH who="3" step="1"/><G34/><REACH who="3" ten="222,410,158,200" step="2"/><T67/><D116/><U110/><E82/><V77/><F77/><W105/><G105/><T12/><D104/><U135/><E110/><V42/><F42/><W97/><G97/><T41/><D99/><U101/><E79/><V4/><F4/><W53/><G53/><N who="2" m="20553" /><F59/><W108/><G108/><T7/><D67/><U36/><E64/><V43/><F43/><W33/><G33/><T39/><D41/><U28/><E32/><V130/><F130/><W80/><G80/><T106/><D106/><U112/><E78/><V19/><F95/><W88/><G88/><T8/><D91/><U11/><E135/><V66/><F90/><W103/><G103/><T74/><D7/><U124/><E101/><V125/><F66/><W23/><G23/><T20/><D22/><U0/><E124/><V44/><F125/><W75/><G75/><T71/><D74/><U31/><E126/><V58/><F44/><RYUUKYOKU ba="0,1" sc="222,-10,410,-10,158,-10,200,30" hai3="26,35,45,46,48,49,50,54,56,63,89,92,98" /><INIT seed="3,1,1,0,0,33" ten="212,400,148,230" oya="3" hai0="65,108,106,135,37,123,23,132,72,122,11,62,22" hai1="73,97,34,19,121,39,83,28,16,24,18,96,86" hai2="26,51,127,50,44,94,114,66,7,115,124,128,98" hai3="56,6,49,103,67,8,118,63,93,9,116,85,38"/><W119/><G38/><T2/><D106/><U76/><E121/><N who="0" m="46089" /><D72/><U80/><REACH who="1" step="1"/><E39/><REACH who="1" ten="212,390,148,230" step="2"/><V40/><F7/><W126/><G118/><T3/><D37/><U109/><E109/><V130/><F26/><W45/><G6/><N who="0" m="1495" /><D108/><U4/><E4/><V100/><F66/><W5/><G5/><T71/><D3/><U81/><E81/><V61/><F61/><W32/><G63/><T107/><D107/><U69/><E69/><V70/><F70/><W57/><G67/><T101/><D62/><U14/><E14/><V120/><F120/><W78/><G116/><T1/><D1/><U12/><E12/><V20/><F51/><W117/><G49/><T15/><D15/><U113/><E113/><V89/><F114/><W43/><G117/><T77/><D65/><U74/><E74/><V99/><F115/><W46/><G119/><T129/><D71/><U27/><E27/><V95/><REACH who="2" step="1"/><F20/><REACH who="2" ten="212,390,138,230" step="2"/><W13/><G32/><T91/><D22/><U52/><E52/><V60/><F60/><W29/><G43/><T82/><D23/><U36/><E36/><V0/><F0/><W68/><G68/><T88/><D135/><U48/><E48/><V21/><F21/><W54/><G54/><T79/><D132/><U58/><E58/><V111/><F111/><W105/><G56/><T59/><D59/><U41/><E41/><V102/><F102/><W90/><G57/><T25/><D101/><U104/><E104/><V17/><F17/><W47/><G103/><T125/><D25/><U42/><E42/><V134/><F134/><W110/><G105/><T55/><D55/><RYUUKYOKU ba="1,3" sc="212,-15,390,15,138,15,230,-15" hai1="16,18,19,24,28,34,73,76,80,83,86,96,97" hai2="40,44,50,89,94,95,98,99,100,124,127,128,130" owari="197,-20.0,435,53.0,153,-35.0,215,2.0" /></mjloggm>