<mjloggm ver="2.3"><GO type="97" lobby="0"/><UN n0="%E8%B3%A2%E3%81%84%E7%99%BD%E7%97%B4" n1="%E3%82%A6%E3%83%AB%E3%83%88%E3%83%A9%E7%AB%8B%E7%9B%B4" n2="%70%40%73%73%77%30%72%64" n3="%E3%81%B5%E3%82%8C%E3%81%84%E3%82%86" dan="13,15,14,13" rate="1979.46,1993.21,1972.19,1860.92" sx="M,M,M,F"/><TAIKYOKU oya="0"/><INIT seed="0,0,0,3,1,14" ten="250,250,250,250" oya="0" hai0="64,107,26,38,27,36,80,55,63,34,29,79,20" hai1="130,3,59,128,91,82,16,2,62,60,97,105,10" hai2="117,131,99,102,7,53,93,9,69,67,116,129,118" hai3="110,112,106,49,135,31,19,76,94,57,30,24,120"/><T124/><D107/><U119/><E119/><V13/><REACH who="2" step="1"/><F53/><REACH who="2" ten="250,250,240,250" step="2"/><W78/><G120/><T113/><D55/><U92/><E105/><V28/><F28/><W35/><G106/><T109/><D113/><U114/><E114/><V96/><F96/><W6/><G112/><T45/><D124/><U66/><E62/><AGARI ba="0,1" hai="7,9,13,62,67,69,93,99,102,116,117,118,129,131" machi="62" ten="50,6400,0" yaku="21,2,12,1,53,0" doraHai="14" doraHaiUra="68" who="2" fromWho="1" sc="250,0,250,-64,240,74,250,0" /><INIT seed="1,0,0,2,3,100" ten="250,186,314,250" oya="1" hai0="7,28,105,55,4,122,21,82,58,93,36,84,11" hai1="64,62,108,68,97,91,57,90,48,89,69,126,73" hai2="85,87,121,56,94,2,49,17,86,16,114,30,109" hai3="8,14,66,76,81,95,27,123,120,98,53,29,65"/><U18/><E73/><V72/><F2/><W67/><G123/><T63/><D36/><U78/><E78/><V107/><F121/><W1/><G120/><T9/><D105/><U101/><E126/><V34/><F72/><W24/><G1/><T134/><D122/><U83/><E108/><V39/><F39/><W23/><G27/><N who="0" m="16495" /><D134/><U51/><E83/><V47/><F107/><W119/><G119/><T104/><D104/><U125/><E125/><V131/><F131/><W37/><G37/><T79/><D93/><U124/><E124/><V103/><F114/><W61/><G81/><T117/><D117/><U70/><REACH who="1" step="1"/><E18/><REACH who="1" ten="250,176,314,250" step="2"/><V45/><F109/><W92/><G76/><T80/><D80/><U40/><E40/><V26/><F16/><N who="3" m="8263" /><G98/><T19/><D19/><U77/><E77/><V10/><F17/><W133/><G133/><T102/><D102/><U115/><E115/><V52/><REACH who="2" step="1"/><F10/><AGARI ba="0,1" hai="4,7,9,10,11,55,58,63,79,82,84" m="16495" machi="10" ten="30,1000,0" yaku="8,1" doraHai="100" who="0" fromWho="2" sc="250,20,176,0,314,-10,250,0" /><INIT seed="2,0,0,2,2,47" ten="270,176,304,250" oya="2" hai0="13,113,55,111,109,49,85,4,79,20,86,31,7" hai1="43,105,99,48,83,10,81,102,21,58,25,5,114" hai2="37,9,40,95,41,106,119,130,94,78,33,129,118" hai3="110,11,115,45,89,15,2,8,93,42,32,96,90"/><V18/><F33/><W107/><G32/><T123/><D113/><U17/><E114/><V29/><F29/><W39/><G115/><T1/><D123/><U80/><E43/><N who="2" m="16459" /><F9/><W16/><G107/><T36/><D36/><U23/><E23/><V132/><F18/><W104/><G104/><T125/><D1/><U100/><E100/><V128/><F106/><W98/><G110/><N who="0" m="41995" /><D125/><U3/><REACH who="1" step="1"/><E58/><REACH who="1" ten="270,166,304,250" step="2"/><V71/><F71/><W92/><REACH who="3" step="1"/><G2/><REACH who="3" ten="270,166,304,240" step="2"/><T30/><D20/><AGARI ba="0,2" hai="8,11,15,16,20,39,42,45,89,90,92,93,96,98" machi="20" ten="30,8000,1" yaku="1,1,2,1,7,1,9,1,54,1,53,0" doraHai="47" doraHaiUra="64" who="3" fromWho="0" sc="270,-80,166,0,304,0,240,100" /><INIT seed="3,0,0,2,3,85" ten="190,166,304,340" oya="3" hai0="47,78,51,46,60,58,122,3,10,16,124,112,126" hai1="44,64,20,22,56,11,13,40,48,12,53,102,68" hai2="26,0,117,80,21,84,54,70,71,128,32,42,77" hai3="14,30,87,65,103,82,76,120,69,37,49,36,45"/><W106/><G120/><T132/><D78/><U133/><E133/><V131/><F0/><W61/><G14/><N who="0" m="7255" /><D3/><U107/><E107/><V24/><F32/><W25/><G103/><T4/><D4/><U2/><E2/><V73/><F117/><W90/><G106/><T72/><D72/><U92/><E102/><V94/><F42/><W116/><G116/><T110/><D132/><U31/><E13/><V39/><F39/><W86/><G86/><T35/><D35/><U33/><E33/><V115/><F115/><W108/><G108/><T96/><D96/><U27/><E22/><V1/><F1/><W52/><G76/><T121/><D110/><U38/><E92/><V63/><F24/><W41/><G41/><N who="0" m="25039" /><D47/><U59/><E59/><N who="2" m="35319" /><F73/><W19/><G19/><T28/><D28/><U111/><E111/><V34/><F34/><AGARI ba="0,0" hai="25,30,34,36,37,45,49,52,61,65,69,82,87,90" machi="34" ten="30,5800,0" yaku="7,1,52,1,54,1" doraHai="85" who="3" fromWho="2" sc="190,0,166,0,304,-58,340,58" owari="190,-21.0,166,-33.0,246,5.0,398,49.0" /></mjloggm>