<mjloggm ver="2.3"><GO type="169" lobby="0"/><UN n0="%E3%82%A6%E3%83%AB%E3%83%88%E3%83%A9%E7%AB%8B%E7%9B%B4" n1="%E7%AB%8B%E8%8F%AF%E5%A5%8F" n2="%4D%61%72%6C%69%6E" n3="%E3%81%84%E3%81%AE%E3%81%91%E3%82%93" dan="16,17,16,16" rate="2051.09,2162.45,2031.80,2124.31" sx="M,F,M,F"/><TAIKYOKU oya="0"/><INIT seed="0,0,0,3,2,30" ten="250,250,250,250" oya="0" hai0="113,27,43,132,29,92,129,114,10,62,84,40,26" hai1="98,9,36,64,3,89,58,120,31,50,2,59,22" hai2="124,121,83,79,130,14,112,80,39,135,86,55,102" hai3="87,71,25,5,32,13,65,116,28,119,57,72,35"/><T81/><D27/><U0/><E36/><V134/><F39/><W37/><G72/><T19/><D129/><U48/><E120/><V111/><F121/><W99/><G71/><T61/><D132/><N who="2" m="50730" /><F112/><W34/><G37/><T45/><D92/><U122/><E122/><V101/><F130/><W56/><G87/><T21/><D114/><U90/><E9/><V44/><F111/><W6/><G99/><T41/><D45/><U128/><E128/><V82/><F124/><W103/><G103/><N who="2" m="39433" /><F14/><W63/><G57/><T1/><D113/><U104/><E104/><V17/><F17/><W105/><G105/><T11/><D11/><U15/><E98/><V88/><F79/><W12/><G12/><N who="0" m="7575" /><D1/><U96/><E96/><V69/><F69/><W107/><G107/><T49/><D49/><AGARI ba="0,0" hai="44,49,55,80,82,83,86,88" m="39433,50730" machi="49" ten="30,2000,0" yaku="20,1,54,1" doraHai="30" who="2" fromWho="0" sc="250,-20,250,0,250,20,250,0" /><INIT seed="1,0,0,1,4,9" ten="230,250,270,250" oya="1" hai0="96,39,135,60,8,19,56,62,84,46,129,97,42" hai1="33,14,38,58,15,48,16,20,0,1,24,5,130" hai2="69,91,121,93,30,110,76,32,103,47,79,22,36" hai3="99,75,95,117,54,89,80,55,6,83,104,100,49"/><U4/><E38/><V106/><F121/><W35/><G35/><T88/><D129/><U118/><E48/><V23/><F69/><W128/><G128/><T116/><D116/><U43/><E58/><V115/><F32/><W70/><G117/><T123/><D123/><U17/><E43/><V10/><F110/><W112/><G112/><T21/><D8/><U41/><E41/><V124/><F115/><W61/><G6/><N who="1" m="2666" /><E130/><V102/><F10/><W119/><G119/><T34/><D34/><U45/><E45/><V51/><F36/><W67/><G75/><T126/><D60/><U25/><E118/><V52/><F106/><W114/><G114/><T28/><D56/><U81/><E81/><V11/><F79/><W65/><G65/><T40/><D62/><U107/><E107/><V82/><F82/><W73/><G73/><T125/><D42/><U87/><E87/><N who="2" m="52479" /><F76/><W78/><G78/><T120/><D120/><U92/><E92/><V29/><F11/><W12/><G104/><T2/><D39/><U94/><E94/><V71/><F71/><W72/><G72/><T122/><D122/><U13/><E17/><V109/><F102/><W3/><G100/><T98/><D19/><U131/><E131/><V133/><F103/><W74/><G74/><T27/><D97/><U59/><E59/><V26/><F47/><W111/><G83/><T113/><D46/><U37/><E37/><V127/><F51/><W90/><G80/><T18/><D113/><U50/><E50/><V134/><F52/><W108/><G70/><T57/><D57/><U63/><E63/><RYUUKYOKU ba="0,0" sc="230,-10,250,30,270,-10,250,-10" hai1="0,1,13,14,15,16,20,24,25,33" /><INIT seed="1,1,0,1,2,1" ten="220,280,260,240" oya="1" hai0="50,81,24,90,42,60,61,19,77,3,113,134,18" hai1="120,43,92,65,26,25,124,68,0,97,131,71,95" hai2="48,11,45,54,57,63,16,96,135,21,130,23,93" hai3="44,129,67,69,22,46,33,20,114,47,78,126,28"/><U125/><E120/><V36/><F135/><W13/><G114/><T59/><D3/><U86/><E0/><V91/><F130/><W119/><G129/><T76/><D113/><U74/><E74/><V27/><F36/><W83/><G126/><N who="1" m="48746" /><E131/><V82/><F82/><W128/><G128/><T49/><D134/><U103/><E43/><V70/><F70/><N who="1" m="26665" /><E65/><V72/><F72/><W122/><G67/><T9/><D42/><U32/><E32/><V115/><F115/><W98/><G69/><T35/><D35/><U52/><E52/><N who="2" m="34215" /><F21/><W84/><G22/><N who="0" m="13399" /><D61/><U51/><E51/><V112/><F112/><W6/><G33/><T40/><D50/><U4/><E4/><V85/><F11/><W105/><G122/><T99/><D49/><U10/><E10/><V75/><F75/><W64/><G64/><T89/><D40/><U133/><E133/><V107/><F107/><W117/><G105/><T132/><D132/><U111/><E111/><V31/><F31/><W79/><G28/><T38/><D60/><U87/><E87/><AGARI ba="1,0" hai="16,23,27,45,48,54,85,87,91,93,96" m="34215" machi="87" ten="30,7700,0" yaku="25,1,8,1,54,2" doraHai="1" who="2" fromWho="1" sc="220,0,280,-80,260,80,240,0" /><INIT seed="2,0,0,5,1,103" ten="220,200,340,240" oya="2" hai0="102,57,15,12,51,72,42,21,20,116,110,66,119" hai1="125,70,24,59,75,134,27,61,43,80,22,84,5" hai2="0,60,4,38,52,83,18,49,132,69,6,9,30" hai3="46,128,37,62,130,45,121,85,108,64,78,39,118"/><V63/><F38/><N who="3" m="14347" /><G85/><T107/><D72/><U56/><E75/><V16/><F132/><W76/><G78/><T105/><D102/><U41/><E134/><V55/><F30/><W7/><G76/><T86/><D86/><U131/><E5/><V92/><F83/><W31/><G7/><N who="2" m="2601" /><F0/><W111/><G31/><T87/><D87/><U34/><E34/><V95/><F69/><N who="3" m="42135" /><G118/><N who="0" m="45099" /><D110/><N who="3" m="42025" /><G121/><T89/><D89/><U82/><E84/><V120/><F120/><W17/><G17/><T109/><D109/><U58/><E82/><V40/><F16/><W79/><G79/><T104/><D20/><U91/><E22/><V126/><F18/><W81/><G81/><T2/><D21/><U1/><E80/><V47/><F9/><W28/><G28/><T112/><D2/><U113/><E1/><V10/><F10/><W25/><G25/><T26/><D26/><U133/><E24/><V11/><F11/><W90/><G90/><T14/><D14/><U19/><E91/><V36/><F95/><W23/><G23/><T96/><D12/><U101/><E19/><V98/><F92/><W129/><AGARI ba="0,0" hai="45,46,128,129,130" m="42025,42135,14347" machi="129" ten="40,8000,1" yaku="19,1,14,1,34,2" doraHai="103" who="3" fromWho="3" sc="220,-20,200,-20,340,-40,240,80" /><INIT seed="3,0,0,4,3,90" ten="200,180,300,320" oya="3" hai0="126,93,52,116,57,97,80,86,60,15,39,58,110" hai1="89,53,85,62,131,61,19,36,34,102,135,123,63" hai2="117,67,11,71,98,83,43,28,111,65,119,127,50" hai3="7,22,26,78,4,10,101,2,49,48,27,115,20"/><W68/><G68/><T29/><D39/><U88/><E123/><V38/><F28/><W76/><G115/><T30/><D116/><U66/><E36/><V106/><F11/><W114/><G114/><T56/><D126/><U59/><E34/><V32/><F32/><W6/><G101/><N who="0" m="60591" /><D110/><U104/><E131/><V108/><F83/><W16/><G10/><T55/><D15/><U21/><E135/><V120/><F38/><W133/><G133/><T128/><D128/><U69/><E62/><N who="2" m="40375" /><F67/><W45/><G2/><T33/><D33/><U99/><REACH who="1" step="1"/><E85/><REACH who="1" ten="200,170,300,320" step="2"/><V79/><F120/><W46/><G4/><T129/><D129/><U47/><E47/><V3/><F111/><W105/><G105/><T64/><D64/><U72/><E72/><V51/><F108/><W40/><G40/><T95/><D60/><U94/><E94/><V109/><F109/><W124/><G124/><T37/><D37/><U91/><E91/><V82/><F127/><W118/><G118/><T5/><D95/><U9/><E9/><V77/><F119/><W112/><G112/><T92/><D92/><U113/><E113/><V41/><F117/><W81/><G81/><T70/><D86/><U84/><E84/><V74/><F82/><W0/><G0/><T121/><D80/><U35/><E35/><V13/><F3/><W1/><G1/><T31/><D121/><U96/><E96/><V18/><F98/><W12/><G12/><AGARI ba="0,1" hai="12,19,21,53,59,61,63,66,69,88,89,99,102,104" machi="12" ten="30,3900,0" yaku="1,1,7,1,54,1,53,0" doraHai="90" doraHaiUra="125" who="1" fromWho="3" sc="200,0,170,49,300,0,320,-39" /><INIT seed="4,0,0,0,5,10" ten="200,219,300,281" oya="0" hai0="111,23,27,60,105,32,51,71,17,125,14,135,101" hai1="94,78,76,74,47,80,128,35,42,110,38,89,126" hai2="103,68,121,41,21,112,82,96,113,45,72,6,108" hai3="3,18,20,98,31,4,67,114,120,66,83,49,127"/><T55/><D111/><U2/><E110/><V122/><F68/><W7/><G114/><N who="2" m="44137" /><F108/><W119/><G119/><T129/><D125/><U95/><E126/><V88/><F6/><W79/><G127/><T48/><D129/><U12/><E128/><V118/><F21/><W132/><G132/><T63/><D135/><U77/><E35/><V37/><F118/><W8/><G120/><T70/><D70/><U33/><E33/><V64/><F64/><W34/><G7/><T123/><D123/><U117/><E117/><V50/><F37/><W46/><G98/><T5/><D71/><U16/><E2/><V13/><F13/><W40/><G31/><T24/><D32/><U109/><E109/><V131/><F131/><W28/><G28/><T133/><D133/><U59/><E59/><V57/><F57/><W54/><G54/><T22/><D5/><U69/><E69/><V62/><F62/><W11/><G11/><T39/><D39/><U29/><E29/><V1/><F1/><W87/><REACH who="3" step="1"/><G34/><REACH who="3" ten="200,219,300,271" step="2"/><T26/><D23/><U58/><E58/><V0/><F96/><W85/><G85/><T56/><D63/><U75/><E75/><V15/><F72/><W44/><G44/><T102/><D105/><U99/><E95/><V43/><F45/><W116/><G116/><T25/><N who="0" m="6144" /><DORA hai="134" /><T81/><D81/><U52/><E52/><V91/><F82/><W106/><G106/><T124/><D124/><U100/><E100/><AGARI ba="0,1" hai="14,17,22,48,51,55,56,60,100,101,102" m="6144" machi="100" ten="50,4800,0" yaku="8,1,52,1" doraHai="10,134" who="0" fromWho="1" sc="200,58,219,-48,300,0,271,0" /><INIT seed="4,1,0,1,1,112" ten="258,171,300,271" oya="0" hai0="107,133,0,92,89,102,23,19,33,101,81,59,27" hai1="17,113,48,78,53,64,14,96,86,114,6,91,106" hai2="110,83,127,119,68,24,58,71,121,10,60,118,3" hai3="55,38,52,15,130,88,20,79,135,26,45,56,21"/><T99/><D0/><U44/><E6/><N who="2" m="1375" /><F110/><W129/><G135/><T35/><D133/><U39/><E39/><V30/><F121/><W50/><G79/><T93/><D107/><U57/><E78/><V90/><F90/><W32/><G15/><T66/><D81/><U132/><E132/><V62/><F83/><W75/><G75/><T7/><D7/><U9/><E96/><V116/><F127/><W134/><G134/><T117/><D35/><U125/><E106/><V70/><F58/><W37/><G32/><AGARI ba="1,0" hai="24,30,32,60,62,68,70,71,116,118,119" m="1375" machi="32" ten="40,8000,1" yaku="12,1,52,3" doraHai="112" who="2" fromWho="3" sc="258,0,171,0,300,83,271,-83" /><INIT seed="5,0,0,2,4,14" ten="258,171,383,188" oya="1" hai0="35,88,117,41,113,22,80,95,13,115,86,121,127" hai1="66,94,68,5,4,128,16,25,53,62,0,118,90" hai2="17,130,42,91,6,15,83,132,50,114,8,81,36" hai3="85,79,24,105,74,55,30,135,39,28,99,97,61"/><U7/><E128/><V44/><F130/><W71/><G74/><T84/><D35/><U100/><E118/><V43/><F132/><W3/><G135/><T54/><D117/><U48/><E100/><V72/><F114/><W1/><G39/><T109/><D121/><U112/><E112/><V56/><F72/><W69/><G69/><T104/><D104/><U122/><E122/><V51/><F36/><W18/><G3/><T45/><D109/><U23/><E0/><V26/><F91/><W131/><G1/><T77/><D54/><U92/><REACH who="1" step="1"/><E90/><REACH who="1" ten="258,161,383,188" step="2"/><V107/><F107/><W93/><G105/><T31/><D115/><U52/><E52/><N who="2" m="31775" /><F43/><W67/><G55/><T129/><D129/><U59/><AGARI ba="0,1" hai="4,5,7,16,23,25,48,53,59,62,66,68,92,94" machi="59" ten="30,11700,0" yaku="1,1,0,1,52,1,54,1,53,0" doraHai="14" doraHaiUra="98" who="1" fromWho="1" sc="258,-39,161,127,383,-39,188,-39" /><INIT seed="5,1,0,2,1,126" ten="219,288,344,149" oya="1" hai0="92,81,14,6,122,83,32,84,4,128,117,106,54" hai1="132,67,18,111,131,55,90,10,113,78,77,2,79" hai2="25,47,76,20,8,42,27,31,119,30,66,61,19" hai3="63,33,123,87,12,98,11,95,36,38,69,56,65"/><U57/><E111/><V40/><F119/><W35/><G123/><T109/><D106/><U17/><E132/><V5/><F76/><W59/><G35/><T41/><D32/><U37/><E37/><V58/><F47/><W13/><G33/><T89/><D109/><U94/><E67/><V46/><F46/><W130/><G87/><T112/><D117/><U44/><E44/><V105/><F105/><W34/><G34/><T1/><D1/><U103/><E103/><V72/><F72/><W15/><G11/><T3/><D3/><U125/><E125/><V86/><F86/><W52/><G69/><T26/><D41/><N who="2" m="15978" /><F27/><W102/><REACH who="3" step="1"/><G130/><REACH who="3" ten="219,288,344,139" step="2"/><T91/><D128/><U71/><E131/><V96/><F96/><W85/><G85/><T115/><D122/><U93/><E71/><V64/><F64/><W134/><G134/><T100/><D84/><U48/><E10/><V88/><F8/><W107/><G107/><T133/><D133/><U82/><E78/><V53/><F66/><W135/><G135/><T121/><D121/><U60/><E77/><V116/><F116/><W45/><G45/><T23/><D83/><U24/><E82/><V129/><F129/><W9/><G9/><T49/><D81/><U118/><E79/><V68/><F68/><W120/><G120/><T104/><D104/><U21/><E2/><V75/><F75/><W110/><G110/><T16/><D92/><U7/><E93/><V80/><F5/><W101/><G101/><T114/><D100/><U108/><E118/><V74/><F74/><W51/><AGARI ba="1,1" hai="12,13,15,36,38,51,52,56,59,63,65,95,98,102" machi="51" ten="30,7900,0" yaku="1,1,0,1,54,1,53,1" doraHai="126" doraHaiUra="50" who="3" fromWho="3" sc="219,-21,288,-40,344,-21,139,92" /><INIT seed="6,0,0,2,4,117" ten="198,248,323,231" oya="2" hai0="58,31,61,133,28,32,27,111,52,66,95,106,108" hai1="72,54,87,20,123,21,25,105,84,11,73,71,42" hai2="74,97,83,57,86,10,9,125,35,98,90,103,41" hai3="88,38,69,33,68,113,89,16,76,15,43,115,40"/><V55/><F125/><W104/><G33/><T124/><D124/><U70/><E105/><V102/><F35/><W3/><G3/><T132/><D31/><U22/><E11/><N who="2" m="4107" /><F41/><N who="3" m="15947" /><G76/><T80/><D106/><U56/><E42/><V37/><F74/><W93/><G104/><T130/><D130/><U24/><E56/><V126/><F126/><W101/><G101/><N who="2" m="38409" /><F37/><W51/><G51/><AGARI ba="0,0" hai="51,55,57,83,86,90,97,98" m="38409,4107" machi="51" ten="30,1500,0" yaku="8,1" doraHai="117" who="2" fromWho="3" sc="198,0,248,0,323,15,231,-15" /><INIT seed="6,1,0,1,3,48" ten="198,248,338,216" oya="2" hai0="135,10,35,110,132,119,117,1,72,55,74,111,58" hai1="80,61,28,3,79,85,82,88,40,134,81,87,86" hai2="107,27,22,129,36,25,17,67,11,90,91,63,31" hai3="16,105,15,97,118,115,60,14,102,78,52,83,45"/><V0/><F107/><W127/><G118/><N who="0" m="45067" /><D35/><U95/><E3/><V56/><F36/><W6/><G127/><T108/><D10/><U62/><E134/><N who="0" m="51241" /><D1/><U51/><E28/><V69/><F0/><W32/><G115/><T93/><D93/><U9/><E9/><V125/><F11/><W44/><G32/><T126/><D126/><U98/><E79/><V23/><F125/><W12/><G6/><T84/><D84/><U39/><E39/><V120/><F120/><W5/><G5/><T77/><D77/><U26/><E26/><V50/><F129/><W76/><G76/><T64/><D64/><U54/><REACH who="1" step="1"/><E40/><REACH who="1" ten="198,238,338,216" step="2"/><V19/><F31/><W57/><REACH who="3" step="1"/><G16/><REACH who="3" ten="198,238,338,206" step="2"/><T38/><D38/><U92/><E92/><V128/><F19/><W47/><G47/><AGARI ba="1,2" hai="47,51,54,61,62,80,81,82,85,86,87,88,95,98" machi="47" ten="40,8000,1" yaku="1,1,8,1,52,1,54,1,53,0" doraHai="48" doraHaiUra="124" who="1" fromWho="3" sc="198,0,238,103,338,0,206,-83" /><INIT seed="7,0,0,5,4,93" ten="198,341,338,123" oya="3" hai0="35,129,28,103,64,10,39,56,81,29,104,63,111" hai1="89,20,121,116,118,19,69,49,113,117,92,86,106" hai2="61,34,75,46,31,119,45,96,7,6,107,114,112" hai3="77,22,50,53,132,47,48,43,60,99,23,32,78"/><W79/><G32/><T42/><D111/><U27/><E69/><V122/><F75/><W108/><G132/><T125/><D125/><U62/><E121/><V30/><F119/><W135/><G135/><T17/><D129/><U97/><E113/><N who="2" m="43627" /><F122/><W18/><G108/><T76/><D42/><U55/><E62/><V21/><F34/><W126/><G126/><T84/><D39/><U68/><E68/><V105/><F61/><W40/><G60/><T59/><D59/><N who="1" m="33263" /><E106/><N who="2" m="40459" /><F96/><AGARI ba="0,0" hai="19,20,27,86,89,92,96,97,116,117,118" m="33263" machi="96" ten="30,3900,0" yaku="12,1,52,2" doraHai="93" who="1" fromWho="2" sc="198,0,341,39,338,-39,123,0" owari="198,-20.0,380,48.0,299,10.0,123,-38.0" /></mjloggm>