<mjloggm ver="2.3"><GO type="97" lobby="0"/><UN n0="%E3%81%8F%E3%81%99%E3%81%AE%E3%81%8D" n1="%E3%81%A7%E3%82%93%E3%81%A7%E3%82%93%E2%99%AA" n2="%E3%82%AD%E3%83%B3%E3%82%B0%E3%81%B9%E3%83%92%E3%82%93%E3%82%82%E3%82%B9" n3="%E3%82%A6%E3%83%AB%E3%83%88%E3%83%A9%E7%AB%8B%E7%9B%B4" dan="14,13,15,15" rate="1926.74,1912.15,1972.24,1981.11" sx="M,F,F,M"/><TAIKYOKU oya="0"/><INIT seed="0,0,0,1,4,114" ten="250,250,250,250" oya="0" hai0="120,42,39,45,99,134,62,83,124,8,106,85,112" hai1="65,79,66,101,72,46,36,51,27,2,57,0,117" hai2="29,1,90,95,105,25,115,28,103,71,88,127,129" hai3="9,93,4,44,23,130,20,91,107,22,31,70,58"/><T123/><D112/><U132/><E117/><V5/><F71/><W7/><G70/><T89/><D124/><U75/><E132/><V59/><F115/><W126/><G107/><T109/><D134/><U3/><E36/><V64/><F105/><W113/><G113/><T98/><D109/><U38/><E38/><V24/><F127/><W52/><G126/><T73/><D73/><U37/><E37/><V34/><F1/><W48/><G130/><T30/><D30/><U125/><E125/><V13/><F129/><W80/><G80/><T135/><D135/><U41/><E101/><V84/><F103/><W97/><G31/><N who="2" m="11849" /><F90/><W14/><G7/><T94/><D106/><U26/><E26/><V47/><F47/><AGARI ba="0,0" hai="4,9,14,20,22,23,44,47,48,52,58,91,93,97" machi="47" ten="40,2600,0" yaku="8,1,54,1" doraHai="114" who="3" fromWho="2" sc="250,0,250,0,250,-26,250,26" /><INIT seed="1,0,0,4,4,71" ten="250,250,224,276" oya="1" hai0="62,89,112,46,118,80,41,101,123,56,42,49,103" hai1="10,33,69,51,120,68,128,66,7,21,44,130,13" hai2="0,95,65,2,92,86,29,22,40,87,104,125,122" hai3="96,121,127,55,114,12,27,36,23,85,47,9,15"/><U132/><E120/><V100/><F122/><W81/><G121/><T61/><D118/><U38/><E33/><V58/><F104/><W77/><G114/><T82/><D112/><U4/><E132/><V119/><F119/><W31/><G127/><T102/><D123/><U54/><E4/><V74/><F74/><W133/><G133/><T84/><D42/><U107/><E107/><V64/><F125/><W6/><G96/><T117/><D117/><U135/><E135/><V126/><F126/><W32/><G32/><T26/><D26/><U129/><E66/><N who="2" m="25707" /><F40/><W98/><G98/><T73/><D73/><U75/><E75/><V16/><F29/><W72/><G85/><N who="2" m="32265" /><F2/><N who="3" m="215" /><G55/><T110/><D110/><U43/><REACH who="1" step="1"/><E21/><REACH who="1" ten="250,240,224,276" step="2"/><V60/><F0/><W67/><G67/><T3/><D3/><U57/><AGARI ba="0,1" hai="7,10,13,38,43,44,51,54,57,68,69,128,129,130" machi="57" ten="30,12000,1" yaku="1,1,2,1,0,1,19,1,52,1,53,0" doraHai="71" doraHaiUra="83" who="1" fromWho="1" sc="250,-40,240,130,224,-40,276,-40" /><INIT seed="1,1,0,3,2,134" ten="210,370,184,236" oya="1" hai0="4,76,47,50,43,112,62,96,104,12,101,120,102" hai1="45,28,38,72,129,116,19,106,127,123,73,44,40" hai2="34,97,7,32,10,130,24,82,84,31,117,118,18" hai3="124,67,54,78,92,0,61,125,109,20,87,6,122"/><U75/><E19/><V86/><F130/><W25/><G122/><T85/><D112/><U135/><E123/><V95/><F32/><W29/><G54/><T3/><D3/><U21/><E21/><V131/><F131/><W103/><G109/><T114/><D114/><U77/><E135/><V79/><F84/><W52/><G52/><N who="0" m="29791" /><D104/><U80/><E116/><V126/><F18/><W46/><G46/><T59/><D43/><U121/><E121/><V41/><F41/><W65/><G6/><T53/><D96/><U22/><E22/><V60/><F60/><W42/><G0/><T33/><D33/><U81/><E129/><V83/><F83/><N who="3" m="47607" /><G42/><T5/><D120/><U11/><E28/><V30/><F30/><W26/><G26/><T132/><D132/><U115/><E115/><V63/><F63/><W90/><G90/><T13/><D5/><U133/><E133/><V98/><F117/><W57/><G67/><T39/><D39/><U88/><E106/><V64/><F64/><W113/><G113/><T100/><D4/><U74/><E44/><V2/><F118/><W119/><G119/><T71/><D71/><U99/><E11/><V105/><F105/><W17/><G17/><T27/><D27/><U48/><E38/><V68/><F68/><W16/><G16/><T111/><D111/><U58/><E58/><V37/><F37/><W70/><G70/><T51/><D62/><U69/><E69/><V94/><F2/><W107/><G107/><T23/><D23/><U14/><E14/><V8/><F34/><W9/><G9/><T15/><D15/><RYUUKYOKU ba="1,0" sc="210,15,370,-15,184,-15,236,15" hai0="12,13,51,53,59,76,85,100,101,102" hai3="20,25,29,57,61,65,92,103,124,125" /><INIT seed="2,2,0,4,3,46" ten="225,355,169,251" oya="2" hai0="24,101,42,109,31,119,121,92,34,37,6,118,0" hai1="40,66,63,77,64,78,50,20,33,62,18,12,123" hai2="5,1,91,70,99,130,95,102,100,68,23,4,39" hai3="14,75,84,72,71,82,28,73,103,47,2,32,90"/><V129/><F39/><W126/><G2/><T54/><D121/><U27/><E123/><V51/><F23/><W13/><G71/><T30/><D109/><U76/><E33/><V116/><F116/><N who="0" m="44586" /><D37/><U9/><E40/><V122/><F122/><W21/><G32/><T93/><D42/><U60/><REACH who="1" step="1"/><E50/><REACH who="1" ten="225,345,169,251" step="2"/><V17/><F51/><W53/><G126/><T8/><D101/><N who="2" m="39018" /><F1/><W106/><G103/><T65/><D65/><U133/><E133/><V113/><F113/><W108/><G106/><T79/><D30/><AGARI ba="2,1" hai="9,12,18,20,27,30,60,62,63,64,66,76,77,78" machi="30" ten="40,2600,0" yaku="1,1,8,1,53,0" doraHai="46" doraHaiUra="69" who="1" fromWho="0" sc="225,-32,345,42,169,0,251,0" /><INIT seed="3,0,0,3,2,98" ten="193,387,169,251" oya="3" hai0="1,61,101,38,37,63,100,99,133,57,87,71,80" hai1="53,11,82,131,135,129,115,119,74,93,0,26,97" hai2="28,3,134,45,35,60,21,43,24,25,41,106,64" hai3="5,77,76,56,33,8,89,52,107,44,10,36,22"/><W19/><G33/><T6/><D133/><U127/><E115/><V96/><F134/><W95/><G107/><T114/><D114/><U2/><E135/><V125/><F3/><W23/><G22/><T62/><D71/><U12/><E127/><V108/><F125/><W116/><G116/><T91/><D99/><U128/><E119/><V69/><F108/><W126/><G126/><T79/><D79/><N who="1" m="44407" /><E26/><V27/><F45/><W113/><G113/><T16/><D1/><U130/><E53/><V32/><F25/><W42/><G5/><T124/><D6/><N who="1" m="3191" /><E130/><V132/><F132/><W85/><G77/><T49/><D124/><U90/><AGARI ba="0,0" hai="0,2,90,93,97,128,129,131" m="3191,44407" machi="90" ten="30,1100,0" yaku="19,1" doraHai="98" who="1" fromWho="1" sc="193,-3,387,11,169,-3,251,-5" owari="190,-21.0,398,49.0,166,-33.0,246,5.0" /></mjloggm>