<mjloggm ver="2.3"><GO type="169" lobby="0"/><UN n0="%53%48%45%45%50%32%30%30" n1="%E3%83%9D%E3%83%B3%E5%8A%A9" n2="%E3%83%AF%E3%82%A4%E3%83%AB%E3%83%89" n3="%EF%BC%88%E2%89%A7%E2%96%BD%E2%89%A6%EF%BC%89" dan="17,18,17,19" rate="2173.97,2235.59,2157.99,2318.26" sx="M,M,M,M"/><TAIKYOKU oya="0"/><INIT seed="0,0,0,4,2,39" ten="250,250,250,250" oya="0" hai0="71,69,102,67,45,75,73,104,84,134,53,17,129" hai1="114,94,101,89,70,32,127,8,123,135,121,33,76" hai2="10,68,26,20,108,1,23,22,65,56,74,50,43" hai3="37,49,31,113,14,128,13,103,107,117,7,111,52"/><T97/><D134/><U126/><E70/><V77/><F68/><W11/><G117/><T119/><D119/><U30/><E8/><V9/><F108/><W36/><G113/><T120/><D120/><U19/><E19/><V85/><F74/><W29/><G128/><T54/><D71/><U106/><E30/><V47/><F1/><W34/><G111/><T5/><D129/><U80/><E33/><V16/><F23/><W3/><G36/><T124/><D124/><N who="1" m="47659" /><E32/><V41/><F22/><W95/><G107/><T115/><D115/><U90/><E114/><V4/><F4/><W58/><G37/><T38/><D5/><U21/><E21/><V35/><F35/><W28/><REACH who="3" step="1"/><G34/><REACH who="3" ten="250,250,250,240" step="2"/><T110/><D38/><U40/><E135/><V133/><F133/><W0/><G0/><T66/><D104/><U72/><E106/><V88/><F77/><W122/><G122/><T116/><D110/><U82/><E123/><V51/><F65/><W57/><G57/><T81/><D67/><U42/><E121/><V48/><F56/><W92/><G92/><T27/><D66/><U105/><E105/><V86/><F47/><W98/><AGARI ba="0,1" hai="3,7,11,13,14,28,29,31,49,52,58,95,98,103" machi="98" ten="30,4000,0" yaku="1,1,0,1,54,1,53,0" doraHai="39" doraHaiUra="132" who="3" fromWho="3" sc="250,-20,250,-10,250,-10,240,50" /><INIT seed="1,0,0,0,0,85" ten="230,240,240,290" oya="1" hai0="27,101,18,99,58,73,67,48,1,70,26,44,37" hai1="131,42,64,24,65,133,22,111,31,5,43,10,95" hai2="50,130,114,33,121,16,107,81,134,17,30,29,9" hai3="21,55,128,52,135,14,117,0,39,119,51,116,60"/><U113/><E113/><V98/><F121/><W84/><G0/><T127/><D73/><U12/><E131/><V120/><F120/><W91/><G39/><T87/><D1/><U72/><E72/><V13/><F130/><W54/><G128/><T92/><D127/><U100/><E133/><V88/><F114/><W106/><G106/><T74/><D74/><U41/><E111/><V123/><F123/><W79/><G135/><T61/><D18/><U34/><E34/><V71/><F71/><W102/><G102/><T77/><D77/><U105/><E105/><V115/><F115/><W93/><G79/><T19/><D19/><U122/><E122/><V109/><F134/><W125/><G60/><T132/><D132/><U2/><E2/><V104/><F109/><W38/><G38/><T124/><D124/><U3/><E3/><V45/><F17/><N who="3" m="10423" /><G125/><T62/><D62/><U108/><E108/><V75/><F33/><W40/><G40/><N who="0" m="22543" /><D87/><U28/><E28/><V8/><F8/><W76/><G76/><T36/><D36/><U23/><E23/><V90/><F104/><W20/><G20/><T4/><D4/><U57/><E100/><V126/><F126/><W68/><G68/><T46/><D46/><AGARI ba="0,0" hai="46,51,52,54,55,84,91,93,116,117,119" m="10423" machi="46" ten="30,3900,0" yaku="12,1,52,1,54,1" doraHai="85" who="3" fromWho="0" sc="230,-39,240,0,240,0,290,39" /><INIT seed="2,0,0,0,2,83" ten="191,240,240,329" oya="2" hai0="117,19,63,1,37,99,120,127,131,17,109,76,98" hai1="36,77,5,107,27,30,3,29,75,82,7,53,86" hai2="81,67,62,59,26,56,105,134,115,93,91,135,38" hai3="61,96,40,34,12,80,6,79,74,69,49,57,35"/><V128/><F105/><W100/><G69/><T126/><D120/><U114/><E114/><V22/><F38/><W121/><G121/><T32/><D32/><U97/><E36/><V54/><F115/><W78/><G78/><T119/><D37/><U11/><E7/><V130/><F81/><W129/><G129/><N who="2" m="49769" /><F59/><W110/><G110/><T51/><D131/><U132/><E132/><N who="2" m="50731" /><F67/><W112/><G112/><T14/><D1/><U2/><E2/><V47/><F47/><W55/><G40/><T94/><D19/><U101/><E53/><V48/><F48/><W50/><G50/><T39/><D109/><U84/><REACH who="1" step="1"/><E30/><REACH who="1" ten="191,230,240,329" step="2"/><V44/><F44/><W88/><G55/><T25/><D39/><U108/><E108/><V41/><F41/><W31/><G31/><T123/><D123/><U111/><E111/><V24/><F22/><AGARI ba="0,1" hai="3,5,11,22,27,29,75,77,82,84,86,97,101,107" machi="22" ten="30,7700,0" yaku="1,1,7,1,52,2,53,0" doraHai="83" doraHaiUra="28" who="1" fromWho="2" sc="191,0,230,87,240,-77,329,0" /><INIT seed="3,0,0,3,2,114" ten="191,317,163,329" oya="3" hai0="70,123,107,0,27,14,72,12,9,80,18,120,134" hai1="22,20,69,102,50,82,28,116,36,115,100,13,73" hai2="89,113,43,99,60,51,124,39,61,126,30,64,90" hai3="135,63,71,44,32,66,121,17,48,68,53,132,86"/><W79/><G32/><T4/><D107/><U11/><E36/><V92/><F113/><W56/><G121/><T118/><D70/><N who="3" m="26665" /><G17/><T46/><D46/><U47/><E47/><V41/><F39/><W78/><G86/><T67/><D67/><U81/><E69/><V6/><F6/><W5/><G5/><T103/><D103/><U104/><E100/><V98/><F30/><W35/><G35/><T57/><D57/><U49/><E102/><V84/><F51/><W54/><G79/><T109/><D80/><U29/><E81/><V91/><F84/><W59/><G78/><T96/><D96/><N who="2" m="36906" /><F64/><W7/><G7/><T130/><D72/><U52/><E29/><V34/><F92/><W122/><G122/><T133/><D27/><U117/><E28/><V119/><F34/><W101/><G101/><T105/><D0/><U25/><E25/><V26/><F26/><W10/><G10/><T19/><D9/><U3/><E11/><V125/><F119/><N who="1" m="45641" /><E115/><V37/><F37/><W42/><G42/><AGARI ba="0,0" hai="41,42,43,60,61,89,90,91,124,125,126" m="36906" machi="42" ten="40,5200,0" yaku="28,2,18,1" doraHai="114" who="2" fromWho="3" sc="191,0,317,0,163,52,329,-52" /><INIT seed="4,0,0,4,4,114" ten="191,317,215,277" oya="0" hai0="41,2,44,92,26,106,110,86,9,116,38,70,4" hai1="100,29,63,76,21,54,93,88,80,25,19,32,5" hai2="72,98,128,36,65,101,59,49,60,10,105,85,111" hai3="58,1,52,56,94,97,121,0,42,91,119,74,14"/><T37/><D106/><U124/><E124/><V11/><F72/><W55/><G74/><T33/><D92/><U8/><E100/><V132/><F36/><W113/><G113/><T45/><D86/><U79/><E80/><V48/><F111/><W28/><G121/><T103/><D103/><U47/><E47/><V43/><F132/><W24/><G42/><N who="0" m="22607" /><D110/><U71/><E71/><V46/><F128/><W102/><G119/><T122/><D122/><U83/><E83/><V107/><F107/><W34/><G14/><T15/><D15/><N who="1" m="5519" /><E29/><V64/><F64/><W69/><G69/><T6/><D6/><U120/><E32/><V57/><F85/><W39/><G39/><T17/><D17/><U99/><E120/><V35/><F35/><W66/><G66/><T90/><D90/><U126/><E126/><V109/><F109/><W23/><G34/><T87/><D87/><U129/><E129/><V62/><REACH who="2" step="1"/><F49/><REACH who="2" ten="191,317,205,277" step="2"/><W31/><G97/><T3/><D70/><U131/><E131/><V96/><F96/><W68/><G68/><T108/><D108/><U84/><E84/><V135/><F135/><W12/><G94/><T30/><D3/><U82/><E82/><V127/><F127/><W20/><G0/><T61/><D61/><U67/><E67/><V53/><AGARI ba="0,1" hai="10,11,43,46,48,53,57,59,60,62,65,98,101,105" machi="53" ten="20,2700,0" yaku="1,1,0,1,7,1,53,0" doraHai="114" doraHaiUra="118" who="2" fromWho="2" sc="191,-13,317,-7,205,37,277,-7" /><INIT seed="5,0,0,3,5,23" ten="178,310,242,270" oya="1" hai0="94,105,118,49,32,72,89,33,73,41,122,97,92" hai1="18,83,57,35,68,54,124,28,71,129,117,91,113" hai2="40,44,119,77,63,39,120,107,29,17,64,7,90" hai3="59,81,116,42,66,115,79,37,38,46,114,130,88"/><U126/><E117/><V3/><F107/><W50/><G116/><T123/><D118/><U135/><E113/><N who="3" m="43018" /><G130/><T2/><D2/><U30/><E18/><V82/><F119/><W36/><G88/><N who="0" m="55431" /><D49/><U96/><E71/><V21/><F120/><N who="0" m="46122" /><D41/><U60/><E68/><V26/><F90/><W87/><G66/><T100/><D33/><U19/><E35/><V98/><F98/><W76/><G76/><T61/><D61/><U4/><E60/><V8/><F29/><W31/><G31/><T102/><D32/><U5/><E30/><V131/><F131/><W101/><G101/><N who="0" m="39019" /><D105/><U70/><E28/><V125/><F125/><W69/><G69/><T133/><D133/><U106/><E70/><V93/><F93/><W14/><G14/><T65/><D65/><U111/><E135/><V67/><REACH who="2" step="1"/><F63/><REACH who="2" ten="178,310,232,270" step="2"/><W53/><AGARI ba="0,1" hai="36,37,38,42,46,50,53,59,79,81,87" m="43018" machi="53" ten="30,1100,0" yaku="15,1" doraHai="23" who="3" fromWho="3" sc="178,-3,310,-5,232,-3,270,21" /><INIT seed="6,0,0,4,0,46" ten="175,305,229,291" oya="2" hai0="38,70,117,84,7,23,59,60,99,57,35,13,9" hai1="16,82,5,20,124,14,103,88,125,8,113,112,27" hai2="98,58,69,105,73,67,49,89,3,100,54,72,118" hai3="55,62,40,43,39,10,127,50,131,135,71,42,104"/><V101/><F3/><W18/><G104/><T132/><D132/><U96/><E82/><V1/><F1/><W130/><G135/><T45/><D117/><U107/><REACH who="1" step="1"/><E88/><REACH who="1" ten="175,295,229,291" step="2"/><V63/><F118/><W47/><G131/><T66/><D84/><U61/><E61/><V90/><F101/><W75/><G130/><T6/><D99/><U119/><E119/><V129/><F129/><W17/><G75/><T30/><D60/><U11/><E11/><V92/><REACH who="2" step="1"/><F90/><REACH who="2" ten="175,295,219,291" step="2"/><W93/><G127/><AGARI ba="0,2" hai="5,8,14,16,20,27,96,103,107,112,113,124,125,127" machi="127" ten="40,5200,0" yaku="1,1,18,1,54,1,53,0" doraHai="46" doraHaiUra="77" who="1" fromWho="3" sc="175,0,295,72,219,0,291,-52" /><INIT seed="7,0,0,0,2,46" ten="175,367,219,239" oya="3" hai0="70,90,13,103,25,92,85,100,59,10,74,43,7" hai1="84,101,64,67,95,21,28,49,132,129,110,66,23" hai2="20,72,104,68,80,128,76,112,54,126,125,133,38" hai3="4,17,29,69,77,5,1,24,36,37,11,102,107"/><W19/><G77/><T58/><D70/><U44/><E28/><V83/><F68/><W81/><G81/><T91/><D74/><U122/><E122/><V79/><F38/><W73/><G5/><T87/><D43/><U75/><E75/><V114/><F20/><W40/><G73/><T135/><D135/><U120/><E132/><V106/><F54/><W131/><G131/><T118/><D118/><U42/><E120/><V109/><F133/><W3/><G3/><T127/><D127/><N who="2" m="48650" /><F109/><W78/><G78/><N who="2" m="29737" /><F72/><W117/><G117/><T115/><D115/><N who="2" m="44074" /><F128/><W96/><G69/><T93/><REACH who="0" step="1"/><D25/><REACH who="0" ten="165,367,219,239" step="2"/><U31/><E129/><V89/><F89/><W30/><G24/><T53/><D53/><U14/><E42/><V6/><F6/><W22/><G40/><T35/><D35/><U111/><E111/><V41/><F41/><W45/><G4/><T33/><D33/><U18/><E110/><V105/><AGARI ba="0,1" hai="80,83,104,105,106" m="44074,29737,48650" machi="105" ten="40,12000,2" yaku="28,2,18,1,15,1,34,2" doraHai="46" who="2" fromWho="2" sc="165,-30,367,-30,219,130,239,-60" owari="135,-36.0,337,14.0,349,44.0,179,-22.0" /></mjloggm>