<mjloggm ver="2.3"><GO type="97" lobby="0"/><UN n0="%75%6F%6B%6B%61%34%39%34" n1="%E3%82%A6%E3%83%AB%E3%83%88%E3%83%A9%E7%AB%8B%E7%9B%B4" n2="%E3%82%A2%E3%83%AC%E4%BB%81" n3="%E3%81%8F%E3%82%8A%E3%81%93%E3%81%86%E3%81%A0" dan="14,15,13,15" rate="1939.75,1951.19,1938.64,2001.83" sx="M,M,M,M"/><TAIKYOKU oya="0"/><INIT seed="0,0,0,2,0,121" ten="250,250,250,250" oya="0" hai0="68,131,93,5,133,20,0,99,87,55,29,129,41" hai1="113,8,11,103,135,132,111,116,69,39,91,88,80" hai2="123,52,95,14,70,120,74,44,100,28,130,45,126" hai3="122,49,112,90,124,26,97,25,77,107,108,117,7"/><T94/><D68/><U50/><E39/><V2/><F70/><W81/><G7/><T65/><D65/><U47/><E69/><V9/><F74/><W82/><G49/><T53/><D133/><N who="1" m="51275" /><E116/><V54/><F2/><W51/><G51/><T92/><D41/><N who="1" m="24943" /><E113/><V61/><F28/><W71/><G71/><T84/><D5/><U56/><E103/><V4/><F130/><N who="0" m="49674" /><D0/><U105/><E105/><V21/><F123/><W101/><G122/><T42/><D42/><U43/><E43/><V6/><F120/><W76/><G25/><N who="0" m="16551" /><D99/><U63/><E111/><V98/><F6/><W27/><G26/><T78/><D78/><N who="3" m="30313" /><G27/><T75/><D75/><U31/><E31/><V24/><F54/><AGARI ba="0,0" hai="53,54,55,84,87,92,93,94" m="16551,49674" machi="54" ten="30,1500,0" yaku="19,1" doraHai="121" who="0" fromWho="2" sc="250,15,250,0,250,-15,250,0" /><INIT seed="0,1,0,3,3,130" ten="265,250,235,250" oya="0" hai0="120,80,64,34,123,57,79,73,95,20,61,4,91" hai1="70,86,69,76,126,33,18,22,88,101,119,68,5" hai2="127,48,42,56,94,13,111,75,41,67,131,108,23" hai3="15,89,78,107,24,133,82,40,10,46,74,47,110"/><T97/><D34/><U38/><E38/><V37/><F75/><W19/><G107/><T77/><D77/><U59/><E33/><V1/><F1/><W28/><G110/><N who="2" m="42025" /><F131/><W85/><G133/><T117/><D117/><U66/><E119/><V92/><F37/><W128/><G128/><T103/><D4/><U125/><E76/><V115/><F115/><W45/><G40/><N who="2" m="15465" /><F127/><N who="1" m="48649" /><E101/><V72/><F72/><W129/><G129/><T105/><D20/><U7/><E59/><V90/><F67/><W30/><REACH who="3" step="1"/><G24/><REACH who="3" ten="265,250,235,240" step="2"/><T55/><REACH who="0" step="1"/><D55/><REACH who="0" ten="255,250,235,240" step="2"/><U87/><E66/><V135/><F135/><W109/><G109/><T21/><D21/><U116/><E116/><V102/><F23/><W112/><G112/><T16/><D16/><U62/><E18/><V98/><F13/><W81/><AGARI ba="1,2" hai="10,15,19,28,30,45,46,47,74,78,81,82,85,89" machi="81" ten="30,2000,0" yaku="1,1,0,1,53,0" doraHai="130" doraHaiUra="52" who="3" fromWho="3" sc="255,-11,250,-6,235,-6,240,43" /><INIT seed="1,0,0,1,2,105" ten="244,244,229,283" oya="1" hai0="7,66,84,126,18,129,87,6,40,36,2,33,59" hai1="109,1,120,47,93,114,14,94,108,116,68,54,103" hai2="113,31,131,100,115,29,117,83,44,50,77,90,64" hai3="38,25,125,130,73,51,82,30,8,63,56,78,42"/><U28/><E1/><V61/><F117/><W11/><G38/><T102/><D33/><U13/><E68/><V62/><F90/><W15/><G125/><T135/><D126/><U24/><E116/><V79/><F100/><W3/><G130/><T60/><D129/><U23/><E120/><V123/><F131/><W75/><G3/><T67/><D135/><U112/><E54/><V16/><F123/><W70/><G70/><T57/><D102/><U111/><E47/><V35/><F79/><W22/><G51/><T99/><D99/><U48/><E48/><V119/><F119/><W76/><G42/><T80/><D18/><U106/><E106/><V127/><F127/><W53/><REACH who="3" step="1"/><G15/><REACH who="3" ten="244,244,229,273" step="2"/><N who="1" m="5642" /><E103/><V26/><F50/><W101/><G101/><T71/><D2/><U34/><E34/><V49/><F49/><W20/><G20/><T39/><D71/><U46/><E46/><V5/><F44/><W58/><G58/><T17/><D40/><U104/><E104/><V52/><F62/><W107/><G107/><T74/><D60/><U121/><E121/><V85/><F61/><W32/><G32/><T128/><D128/><U110/><N who="1" m="27648" /><DORA hai="10" /><U12/><N who="1" m="5650" /><U43/><DORA hai="122" /><E43/><V41/><F41/><W132/><G132/><T86/><D39/><U133/><E133/><V97/><F35/><W89/><G89/><T19/><D36/><U55/><E55/><V45/><F52/><W96/><G96/><T27/><D59/><U91/><E91/><V118/><F97/><W65/><G65/><T21/><D66/><U81/><E81/><AGARI ba="0,1" hai="8,11,22,25,30,53,56,63,73,75,76,78,81,82" machi="81" ten="40,16000,3" yaku="1,1,9,1,52,2,53,4" doraHai="105,10,122" doraHaiUra="124,72,4" who="3" fromWho="1" sc="244,0,244,-160,229,0,273,170" /><INIT seed="2,0,0,1,2,134" ten="244,84,229,443" oya="2" hai0="123,112,19,4,57,32,59,46,5,38,23,60,70" hai1="71,87,135,27,3,47,9,133,125,15,22,53,1" hai2="100,41,55,111,89,128,40,45,121,103,67,21,101" hai3="61,52,62,17,110,31,20,76,84,105,119,113,92"/><V132/><F121/><W65/><G119/><T25/><D123/><U50/><E71/><V66/><F132/><N who="1" m="50761" /><E87/><V106/><F106/><W108/><G105/><T11/><D112/><U77/><E77/><V6/><F128/><W80/><G31/><T95/><D32/><U91/><E91/><V79/><F79/><W48/><G92/><T30/><D70/><U8/><E53/><V2/><F55/><W74/><G74/><T83/><D59/><U28/><E50/><V63/><F111/><N who="3" m="42539" /><G65/><T44/><D38/><U109/><E47/><V39/><F41/><W42/><G113/><T10/><D83/><U29/><E109/><V0/><F66/><W35/><G35/><T43/><D95/><U73/><E73/><V13/><F89/><W56/><G42/><T93/><D93/><U115/><E115/><V102/><N who="2" m="26112" /><DORA hai="24" /><V33/><F33/><W98/><G98/><T97/><D97/><U126/><E28/><V99/><F99/><W7/><G7/><N who="0" m="2635" /><D30/><U127/><E15/><AGARI ba="0,0" hai="15,17,20,48,52,56,61,62,76,80,84" m="42539" machi="15" ten="30,2000,0" yaku="14,1,54,1" doraHai="134,24" who="3" fromWho="1" sc="244,0,84,-20,229,0,443,20" /><INIT seed="3,0,0,2,4,42" ten="244,64,229,463" oya="3" hai0="26,104,59,102,121,4,40,126,70,63,33,95,129" hai1="105,97,17,19,68,69,57,85,24,47,38,94,55" hai2="122,86,36,35,49,12,115,109,46,92,67,96,28" hai3="3,106,51,43,66,116,117,53,2,101,41,89,81"/><W87/><G66/><T16/><D121/><U76/><E105/><V100/><F115/><W134/><G134/><T62/><D104/><U21/><E68/><V125/><F122/><W61/><G61/><T111/><D70/><U119/><E69/><V31/><F36/><W39/><G3/><T132/><D132/><U50/><E119/><V22/><F35/><W77/><G2/><T7/><D126/><U123/><E123/><V91/><F125/><W114/><G114/><T90/><D102/><U133/><E133/><V27/><F67/><W60/><G60/><T64/><D129/><U32/><E32/><V20/><F109/><W10/><G10/><T48/><D63/><U127/><E127/><V18/><F31/><W34/><G34/><T113/><D113/><U118/><E118/><V124/><F124/><W131/><G131/><T88/><D90/><U37/><E37/><V58/><F58/><W56/><G41/><T9/><D111/><U23/><E38/><V1/><F1/><W108/><G108/><T65/><D65/><U11/><E11/><V110/><F110/><W45/><G77/><T84/><D33/><U78/><E85/><V75/><F75/><W120/><G120/><T82/><D82/><U80/><E80/><V29/><F29/><W98/><AGARI ba="0,0" hai="39,43,45,51,53,56,81,87,89,98,101,106,116,117" machi="98" ten="30,3000,0" yaku="0,1,52,1" doraHai="42" who="3" fromWho="3" sc="244,-10,64,-10,229,-10,463,30" owari="234,3.0,54,-45.0,219,-18.0,493,60.0" /></mjloggm>