<mjloggm ver="2.3"><GO type="169" lobby="0"/><UN n0="%E3%82%A6%E3%83%AB%E3%83%88%E3%83%A9%E7%AB%8B%E7%9B%B4" n1="%E6%96%B0%E8%B2%B4" n2="%6B%75%72%61%32%33%34%35" n3="%E3%81%BE%E3%81%AA%E3%81%84%E3%81%9F%E3%82%88%E3%81%86%E3%81%98%E3%82%87" dan="17,16,16,16" rate="2080.94,2073.24,2107.79,2084.30" sx="M,M,M,M"/><TAIKYOKU oya="0"/><INIT seed="0,0,0,2,2,133" ten="250,250,250,250" oya="0" hai0="111,8,45,70,12,121,102,50,19,2,127,117,4" hai1="114,11,64,59,52,97,110,60,79,135,42,48,58" hai2="61,40,41,63,76,30,122,29,100,23,104,134,87" hai3="83,54,53,89,35,16,1,107,43,44,47,103,109"/><T101/><D121/><U31/><E31/><V91/><F122/><W118/><G118/><T24/><D117/><U120/><E120/><V129/><F76/><W73/><G35/><T77/><D70/><U21/><E135/><V72/><F134/><W128/><G109/><T51/><D111/><U6/><E110/><V15/><F72/><W94/><G128/><T32/><D51/><U68/><E114/><V125/><F129/><W62/><G1/><T67/><D67/><U92/><E79/><V10/><F104/><W123/><G123/><T86/><D127/><U20/><E42/><V93/><F125/><W132/><G132/><T116/><D116/><U105/><E105/><V90/><F100/><W56/><G53/><T17/><D17/><U119/><E68/><V55/><F91/><W69/><G69/><T80/><D2/><U115/><E115/><V66/><F55/><W131/><G131/><T27/><D27/><U28/><E28/><N who="2" m="10859" /><F23/><W39/><G107/><T36/><D36/><U65/><E65/><V106/><F106/><W26/><G103/><T78/><D78/><U126/><E126/><V9/><F66/><W108/><G108/><T57/><D32/><U75/><E75/><V96/><F96/><N who="3" m="57423" /><G43/><N who="2" m="16457" /><F9/><W34/><G39/><T25/><D102/><N who="1" m="60711" /><E119/><V99/><F99/><W22/><G34/><T0/><D101/><U5/><E11/><V49/><F49/><W71/><G71/><T74/><D74/><U33/><E33/><V37/><F37/><W130/><G130/><T46/><D0/><U7/><AGARI ba="0,0" hai="5,6,7,20,21,48,52,58,59,60,64" m="60711" machi="7" ten="30,2000,0" yaku="8,1,54,1" doraHai="133" who="1" fromWho="1" sc="250,-10,250,20,250,-5,250,-5" /><INIT seed="1,0,0,5,0,101" ten="240,270,245,245" oya="1" hai0="49,127,119,118,5,36,77,109,41,10,2,76,13" hai1="102,88,131,84,3,45,93,97,114,96,40,99,113" hai2="34,32,104,124,4,112,22,12,54,58,115,57,17" hai3="35,59,125,7,128,78,52,94,91,133,129,83,1"/><U14/><E3/><V132/><F104/><W74/><G35/><N who="2" m="13353" /><F132/><W30/><G30/><T117/><D36/><U111/><E131/><N who="3" m="50250" /><G133/><T108/><D2/><U71/><E71/><V86/><F86/><N who="3" m="52599" /><G125/><T92/><D92/><U90/><E14/><V19/><F4/><W72/><G72/><T24/><D24/><U16/><E111/><V100/><F124/><W121/><G121/><T135/><D135/><U126/><E126/><V87/><F54/><W64/><G64/><T63/><D127/><U110/><E110/><N who="0" m="42601" /><D63/><U25/><E102/><V26/><F100/><W29/><G29/><T61/><D61/><U33/><E90/><V56/><F17/><W85/><G74/><T38/><D38/><U67/><E67/><V116/><F12/><W15/><G1/><T21/><D21/><U75/><E75/><V50/><F50/><N who="3" m="31127" /><G7/><T51/><D51/><U47/><E33/><V73/><F73/><W0/><G0/><T9/><D49/><U8/><E8/><V6/><F6/><W120/><G120/><T95/><D10/><U81/><E93/><V53/><F53/><W20/><G15/><T62/><D41/><U107/><E107/><V43/><F43/><W55/><G55/><T31/><D31/><U98/><N who="1" m="24576" /><DORA hai="103" /><U82/><E82/><V105/><F105/><W68/><G20/><T60/><D95/><U46/><REACH who="1" step="1"/><E40/><REACH who="1" ten="240,260,245,245" step="2"/><V66/><F66/><W123/><G123/><T48/><D13/><U69/><E69/><AGARI ba="0,1" hai="68,69,78,83,85" m="31127,52599,50250" machi="69" ten="30,2000,0" yaku="19,1,54,1" doraHai="101,103" who="3" fromWho="1" sc="240,0,260,-20,245,0,245,30" /><INIT seed="2,0,0,3,1,6" ten="240,240,245,275" oya="2" hai0="69,94,4,121,58,108,97,110,78,14,86,55,41" hai1="114,16,133,13,130,126,26,20,44,1,0,42,37" hai2="11,112,39,76,64,27,5,116,63,22,15,82,43" hai3="95,35,25,62,18,48,132,17,123,84,67,65,107"/><V56/><F116/><W120/><G107/><T129/><D69/><U89/><E114/><V54/><F112/><W131/><G67/><T93/><D121/><U12/><E130/><V19/><F39/><W113/><G113/><T96/><D41/><U60/><E126/><V91/><F91/><W29/><G131/><T36/><D36/><U7/><E133/><V52/><F43/><W122/><G132/><T111/><D129/><U75/><E1/><V117/><F117/><W3/><G3/><T125/><D125/><U77/><E89/><V46/><F46/><W23/><G48/><T61/><D78/><U81/><REACH who="1" step="1"/><E60/><REACH who="1" ten="240,230,245,275" step="2"/><V40/><F40/><W88/><REACH who="3" step="1"/><G35/><REACH who="3" ten="240,230,245,265" step="2"/><T33/><D33/><U34/><E34/><V59/><REACH who="2" step="1"/><F59/><AGARI ba="0,2" hai="17,18,23,25,29,59,62,65,84,88,95,120,122,123" machi="59" ten="40,5200,0" yaku="1,1,2,1,54,1,53,0" doraHai="6" doraHaiUra="9" who="3" fromWho="2" sc="240,0,230,0,245,-52,265,72" /><INIT seed="3,0,0,5,2,91" ten="240,230,193,337" oya="3" hai0="44,104,71,30,93,115,50,101,85,98,42,123,126" hai1="69,102,13,80,17,58,96,79,5,27,113,38,78" hai2="62,23,4,66,119,129,106,56,110,72,20,1,88" hai3="61,77,32,134,63,82,118,90,26,53,99,95,43"/><W29/><G118/><T94/><D123/><U68/><E38/><V76/><F119/><W14/><G134/><T108/><D115/><U114/><E79/><V74/><F106/><W35/><G35/><T70/><D126/><U135/><E135/><V132/><F132/><W11/><G43/><T60/><D108/><U7/><E27/><V89/><F110/><W46/><G46/><T0/><D0/><U25/><E25/><V111/><F111/><W34/><G34/><T3/><D3/><U127/><E127/><V39/><F39/><W48/><G48/><T84/><D30/><U21/><E114/><V109/><F109/><W64/><G53/><T81/><D85/><U40/><E113/><V10/><F129/><W65/><G61/><T33/><D33/><U8/><E40/><V18/><F23/><W24/><G24/><T83/><D83/><U51/><E51/><V75/><REACH who="2" step="1"/><F76/><REACH who="2" ten="240,230,183,337" step="2"/><W116/><G116/><T112/><D112/><U128/><E128/><V67/><F67/><W73/><G65/><T122/><D122/><U107/><E21/><V87/><F87/><W22/><G64/><T133/><D133/><U9/><E78/><V125/><F125/><W37/><G32/><T15/><D104/><U131/><E131/><V28/><F28/><W47/><G37/><T120/><D120/><U100/><E107/><V86/><F86/><W31/><G31/><T59/><D84/><U41/><E96/><V16/><F16/><W19/><G77/><T117/><D117/><U57/><E17/><V55/><F55/><W12/><G19/><T2/><D98/><RYUUKYOKU ba="0,1" sc="240,-10,230,-10,183,30,337,-10" hai2="1,4,10,18,20,56,62,66,72,74,75,88,89" /><INIT seed="4,1,1,4,0,24" ten="230,220,213,327" oya="0" hai0="4,42,68,80,64,93,52,21,127,65,105,14,89" hai1="43,116,22,81,84,133,34,2,117,62,98,110,55" hai2="129,119,66,70,114,118,0,50,51,90,88,25,57" hai3="97,99,60,48,45,13,91,87,104,75,11,31,109"/><T19/><D127/><U111/><E34/><V17/><F0/><W28/><G109/><T72/><D105/><U128/><E2/><V38/><F38/><W131/><G75/><T44/><D68/><U95/><E22/><N who="2" m="13519" /><F114/><W12/><G131/><T16/><D4/><U27/><E27/><V113/><F113/><W101/><G97/><T46/><D80/><U56/><E128/><V63/><F129/><W79/><G79/><T33/><D33/><U15/><E133/><V26/><F26/><W130/><G60/><T77/><D77/><U37/><E111/><V5/><F5/><W125/><G125/><T59/><D19/><U107/><E107/><V35/><F35/><W94/><G130/><T120/><D120/><U96/><E110/><V54/><F50/><W122/><G122/><T3/><D72/><U1/><E1/><V73/><F73/><W121/><G121/><T6/><D6/><U71/><E71/><V18/><F18/><W10/><G10/><T103/><D3/><U106/><E106/><V86/><F86/><W49/><G49/><N who="0" m="31119" /><D103/><U41/><E15/><V85/><F85/><W92/><G104/><T123/><D123/><U74/><E74/><V135/><F135/><W115/><G115/><T40/><D40/><N who="1" m="15435" /><E37/><V39/><F39/><W36/><G36/><T20/><D42/><U126/><E126/><V112/><F112/><W82/><G12/><T7/><D7/><U58/><E84/><V32/><F32/><W8/><G8/><T76/><D21/><U61/><E81/><V9/><F9/><W29/><G29/><T83/><D83/><RYUUKYOKU ba="1,1" sc="230,-10,220,-10,213,30,327,-10" hai2="51,54,57,63,66,70,88,90,118,119" /><INIT seed="5,2,1,3,5,57" ten="220,210,243,317" oya="1" hai0="105,46,81,116,7,5,35,72,11,17,18,39,111" hai1="48,0,55,115,65,3,132,6,21,68,37,87,79" hai2="28,89,34,4,36,25,76,84,98,9,49,92,112" hai3="32,131,47,1,109,90,62,33,80,15,86,99,10"/><U64/><E37/><V129/><F36/><W117/><G109/><T124/><D116/><U101/><E101/><V120/><F120/><W119/><G1/><T59/><D111/><U97/><E97/><V16/><F129/><W19/><G131/><T88/><D35/><U40/><E40/><V95/><F112/><W71/><G99/><T108/><D105/><U127/><E115/><V91/><F49/><W94/><G94/><T42/><D108/><U82/><E132/><V118/><F118/><N who="3" m="45067" /><G47/><T104/><D104/><U122/><E122/><V2/><REACH who="2" step="1"/><F76/><REACH who="2" ten="220,210,233,317" step="2"/><W23/><G10/><T78/><D11/><U53/><E48/><V61/><F61/><W75/><G75/><T51/><D51/><U30/><E79/><V54/><F54/><W83/><G83/><T67/><D81/><U26/><E82/><V134/><F134/><W128/><G128/><T102/><D78/><U22/><E55/><V8/><F8/><W13/><G62/><T73/><D72/><U77/><E53/><V58/><F58/><W114/><G114/><T121/><D59/><U133/><E77/><V41/><F41/><W20/><G71/><T103/><D73/><U31/><E133/><V12/><F12/><W45/><G13/><T50/><D121/><U74/><E74/><V70/><F70/><W125/><G15/><T96/><D42/><U38/><E68/><V44/><F44/><W106/><G45/><T135/><D46/><U85/><E38/><V107/><F107/><W66/><G106/><T24/><D39/><U60/><E60/><V123/><F123/><W29/><G80/><RYUUKYOKU ba="2,2" sc="220,-10,210,-10,233,30,317,-10" hai2="2,4,9,16,25,28,34,84,89,91,92,95,98" /><INIT seed="6,3,2,0,2,94" ten="210,200,263,307" oya="2" hai0="34,42,117,46,119,10,3,35,28,26,63,86,2" hai1="134,40,11,77,66,120,38,44,39,103,84,4,70" hai2="74,125,7,126,49,113,20,95,124,122,13,81,98" hai3="121,97,67,111,41,82,65,62,93,88,59,69,90"/><V56/><F122/><W27/><G111/><T123/><D123/><U9/><E120/><V105/><F105/><W43/><G121/><T48/><D35/><U0/><E134/><V54/><F113/><W114/><G114/><T73/><D73/><U22/><E39/><V6/><F74/><W29/><G67/><T24/><D24/><U57/><E70/><V135/><F135/><W112/><G69/><T33/><D33/><U55/><E66/><V15/><F81/><W131/><G131/><T51/><D63/><U110/><E110/><V71/><F71/><W72/><G112/><T128/><D128/><U36/><E36/><V53/><F53/><W75/><G75/><T8/><D86/><U79/><E11/><N who="0" m="4137" /><D51/><U127/><E127/><V31/><F31/><W80/><G72/><T12/><D12/><N who="2" m="4682" /><F20/><N who="3" m="15591" /><G80/><T61/><D61/><U68/><E68/><V104/><F104/><W37/><G37/><T78/><D78/><U83/><E22/><V47/><F47/><W16/><G82/><T23/><D34/><U132/><E132/><V76/><F76/><W21/><G90/><AGARI ba="3,2" hai="6,7,49,54,56,90,95,98,124,125,126" m="4682" machi="90" ten="30,2900,0" yaku="18,1,52,1" doraHai="94" who="2" fromWho="3" sc="210,0,200,0,263,58,307,-38" /><INIT seed="6,4,0,3,3,30" ten="210,200,321,269" oya="2" hai0="64,13,5,2,35,57,115,20,76,114,111,4,65" hai1="128,135,75,47,80,32,53,54,14,12,86,132,7" hai2="82,106,102,67,77,87,39,73,108,133,36,55,126" hai3="81,125,110,31,61,24,91,70,26,43,22,112,116"/><V18/><F126/><W10/><G116/><T28/><D76/><U95/><E128/><V38/><F133/><N who="1" m="51273" /><E75/><V90/><F67/><W127/><G110/><T56/><D111/><U98/><E7/><V29/><F108/><W27/><G43/><T42/><D13/><N who="1" m="5227" /><E47/><V97/><F29/><W74/><G10/><T9/><D28/><U84/><E32/><V1/><F1/><W71/><G112/><T44/><D20/><U23/><E23/><V16/><REACH who="2" step="1"/><F55/><REACH who="2" ten="210,200,311,269" step="2"/><N who="1" m="21001" /><E80/><AGARI ba="4,1" hai="16,18,36,38,39,73,77,80,82,87,90,97,102,106" machi="80" ten="40,3900,0" yaku="1,1,54,1,53,0" doraHai="30" doraHaiUra="0" who="2" fromWho="1" sc="210,0,200,-51,311,61,269,0" /><INIT seed="6,5,0,1,2,106" ten="210,149,372,269" oya="2" hai0="46,22,29,41,110,76,131,119,32,81,69,9,6" hai1="84,17,90,20,120,64,79,0,111,89,100,57,88" hai2="27,31,38,109,98,105,30,21,39,56,28,24,74" hai3="126,129,2,60,116,25,40,53,86,14,93,121,102"/><V77/><F109/><W61/><G116/><T49/><D131/><U42/><E111/><V114/><F114/><W66/><G2/><T96/><D69/><U83/><E0/><V4/><F4/><W101/><G121/><T104/><D119/><U63/><E120/><V118/><F118/><W3/><G3/><T34/><D110/><U36/><E100/><V134/><F134/><W51/><G129/><T13/><D96/><U18/><E17/><V35/><F30/><W1/><G1/><T67/><D67/><U8/><E8/><V48/><F105/><W19/><G25/><T52/><D104/><U135/><E135/><V95/><F77/><W5/><G40/><T12/><D41/><U11/><E11/><V132/><F132/><W16/><G5/><T70/><D70/><U130/><E130/><V59/><F74/><W113/><G126/><T23/><D23/><U125/><E125/><V133/><F133/><W123/><G113/><T45/><D45/><U99/><E36/><V44/><F39/><W73/><G73/><T94/><D94/><U91/><E42/><V78/><F38/><W80/><G93/><T122/><D122/><U15/><N who="1" m="22528" /><DORA hai="107" /><U127/><REACH who="1" step="1"/><E127/><REACH who="1" ten="210,139,372,269" step="2"/><V33/><F31/><W68/><G123/><T37/><D37/><U103/><E103/><V75/><F28/><W7/><G101/><T108/><D108/><U71/><E71/><V92/><F33/><W72/><G102/><T87/><D29/><U124/><E124/><V54/><F35/><W112/><G19/><N who="0" m="10607" /><D32/><U43/><E43/><V10/><F10/><W65/><G16/><RYUUKYOKU ba="5,1" sc="210,15,139,15,372,-15,269,-15" hai0="6,9,12,34,46,49,52,76,81,87" hai1="15,18,20,57,63,64,79,83,84,99" /><INIT seed="7,6,1,1,4,78" ten="225,154,357,254" oya="3" hai0="89,6,42,79,121,47,62,28,55,94,64,41,40" hai1="45,82,105,31,91,46,90,130,51,39,70,93,7" hai2="22,114,133,123,125,60,35,68,0,104,52,11,117" hai3="65,77,54,110,95,67,131,18,126,48,3,5,43"/><W10/><G131/><T36/><D121/><U112/><E105/><V106/><RYUUKYOKU type="yao9" ba="6,1" sc="225,0,154,0,357,0,254,0" hai2="0,11,22,35,52,60,68,104,106,114,117,123,125,133" /><INIT seed="7,7,1,5,1,11" ten="225,154,357,254" oya="3" hai0="33,117,81,85,14,128,45,59,134,62,98,68,54" hai1="109,48,101,83,44,105,90,50,80,104,29,64,91" hai2="41,15,53,43,66,40,74,67,118,70,42,131,55" hai3="119,100,34,36,93,37,107,72,127,86,17,122,35"/><W113/><G119/><T12/><D33/><U32/><E109/><V56/><F74/><W49/><G49/><T99/><D68/><U10/><E64/><V2/><F2/><W38/><G122/><T108/><D108/><U120/><E120/><V69/><F15/><N who="0" m="5674" /><D117/><U102/><E10/><V130/><F118/><W27/><G72/><T61/><D128/><N who="2" m="49194" /><F40/><W92/><G34/><T115/><D115/><U88/><E90/><V132/><F132/><W6/><G35/><T21/><D134/><U123/><E32/><V76/><F76/><W25/><G37/><T78/><D62/><U30/><E123/><V124/><F124/><W135/><G127/><T121/><D121/><U0/><REACH who="1" step="1"/><E44/><REACH who="1" ten="225,144,357,254" step="2"/><V94/><F67/><W103/><G135/><T31/><D45/><U7/><E7/><V87/><F66/><W19/><G6/><T77/><D77/><U79/><E79/><V52/><F69/><W58/><G113/><T97/><D21/><U57/><E57/><V111/><F56/><W96/><G58/><T125/><D125/><U47/><E47/><V116/><F70/><W129/><G129/><T114/><D114/><U89/><E89/><V60/><F111/><W23/><G23/><T5/><D5/><U20/><E20/><V63/><F116/><W133/><G133/><T112/><D112/><U18/><E18/><V110/><F110/><W71/><G71/><T126/><D126/><U65/><E65/><V16/><F16/><W1/><G17/><T75/><D31/><U82/><E82/><V84/><F41/><W51/><G19/><T3/><D3/><AGARI ba="7,2" hai="0,3,29,30,48,50,80,83,88,91,101,102,104,105" machi="3" ten="25,12000,2" yaku="1,1,6,1,22,2,54,1,53,2" doraHai="11" doraHaiUra="24" who="1" fromWho="0" sc="225,-141,144,161,357,0,254,0" owari="84,-42.0,305,11.0,357,46.0,254,-15.0" /></mjloggm>