<mjloggm ver="2.3"><GO type="97" lobby="0"/><UN n0="%E3%82%B0%E3%83%A9%E3%82%A6%E3%82%AB%E3%81%95%E3%82%93" n1="%E3%82%A6%E3%83%AB%E3%83%88%E3%83%A9%E7%AB%8B%E7%9B%B4" n2="%74%73%34%31" n3="%79%65%61%68%6E%65" dan="13,15,13,13" rate="1849.74,1978.22,1927.38,1862.06" sx="M,M,M,M"/><TAIKYOKU oya="0"/><INIT seed="0,0,0,5,1,47" ten="250,250,250,250" oya="0" hai0="91,34,0,111,104,130,57,107,113,133,51,80,66" hai1="99,7,17,43,79,112,64,12,50,3,77,22,119" hai2="70,78,62,87,27,1,5,72,89,41,53,81,68" hai3="128,121,37,84,9,126,116,74,67,122,63,60,94"/><T125/><D113/><U117/><E112/><V18/><F41/><W54/><G116/><T11/><D34/><U44/><E64/><V25/><F70/><W36/><G74/><T29/><D133/><U61/><E79/><V39/><F39/><N who="3" m="14923" /><G9/><T15/><D29/><U2/><E61/><V106/><F106/><W118/><G118/><T46/><D0/><U21/><E2/><V86/><F72/><W4/><G4/><T105/><D130/><U129/><E129/><V48/><F1/><W102/><G84/><N who="0" m="50567" /><D125/><U65/><E117/><V110/><F5/><W83/><G94/><T8/><D8/><U32/><E7/><V100/><F100/><W101/><G83/><T73/><D73/><U40/><E3/><V124/><F124/><W75/><G75/><T45/><D45/><U19/><E119/><V59/><F18/><W31/><G31/><T42/><D111/><U98/><E32/><V26/><F110/><W103/><G126/><T82/><D82/><U56/><E77/><V93/><REACH who="2" step="1"/><F68/><REACH who="2" ten="250,250,240,250" step="2"/><W55/><G128/><T14/><D107/><U123/><E19/><V96/><F96/><W13/><G13/><T71/><D71/><U49/><E99/><V132/><F132/><W134/><G134/><T120/><D105/><U127/><E98/><V6/><F6/><W97/><G97/><T35/><D15/><U95/><E127/><V10/><F10/><W85/><G85/><T33/><D104/><U24/><E12/><V58/><F58/><W88/><G67/><T52/><D66/><U20/><E65/><V135/><F135/><W92/><G122/><RYUUKYOKU ba="0,1" sc="250,-10,250,-10,240,30,250,-10" hai2="25,26,27,48,53,59,62,78,81,86,87,89,93" /><INIT seed="1,1,1,3,2,66" ten="240,240,270,240" oya="1" hai0="6,112,33,44,96,81,123,90,67,124,64,13,16" hai1="87,54,108,78,118,59,23,74,70,79,121,39,91" hai2="22,35,56,135,69,8,101,51,94,53,77,130,120" hai3="4,103,41,128,28,50,111,85,61,113,134,32,14"/><U71/><E39/><V46/><F35/><W57/><G113/><T129/><D112/><U24/><E121/><V119/><F119/><W47/><G111/><T86/><D33/><U20/><E118/><V1/><F120/><W133/><G128/><T55/><D129/><U48/><E108/><V49/><F130/><W107/><G85/><T80/><D124/><U0/><E0/><V2/><F77/><W97/><G32/><T60/><D6/><U104/><E104/><V43/><F135/><N who="3" m="51723" /><G28/><T95/><D81/><U126/><E126/><V29/><F69/><W100/><G4/><T127/><D127/><U75/><E78/><V3/><F8/><W68/><G14/><T132/><D132/><U37/><E37/><V88/><F101/><N who="3" m="62895" /><G57/><N who="0" m="34879" /><D44/><U5/><E5/><V40/><F22/><W62/><G62/><T7/><D123/><U12/><E79/><V27/><F27/><W52/><G41/><T116/><D116/><U10/><E75/><V45/><F29/><W30/><G30/><T122/><D7/><U109/><E74/><V42/><REACH who="2" step="1"/><F56/><REACH who="2" ten="240,240,260,240" step="2"/><W58/><G68/><N who="1" m="26154" /><E24/><V110/><F110/><W102/><G102/><N who="0" m="60703" /><D122/><U17/><E109/><V36/><F36/><W84/><G84/><AGARI ba="1,2" hai="1,2,3,40,42,43,45,46,49,51,53,84,88,94" machi="84" ten="40,5200,0" yaku="1,1,54,1,53,1" doraHai="66" doraHaiUra="83" who="2" fromWho="3" sc="240,0,240,0,260,75,240,-55" /><INIT seed="2,0,0,1,1,69" ten="240,240,335,185" oya="2" hai0="34,16,19,111,51,108,65,37,79,29,36,64,133" hai1="75,116,43,93,46,135,42,104,134,41,52,73,124" hai2="110,105,67,109,61,114,113,132,3,14,2,32,119" hai3="126,112,99,94,76,48,88,123,72,0,33,20,70"/><V84/><F105/><W131/><G123/><T58/><D133/><N who="1" m="50699" /><E104/><V27/><F132/><W107/><G126/><T129/><D129/><U122/><E116/><V89/><F119/><W68/><G131/><T54/><D79/><U80/><E124/><V26/><F14/><W44/><G112/><T38/><D34/><U39/><E122/><V91/><F32/><W83/><G33/><T57/><D29/><U95/><E80/><V60/><F84/><W63/><G0/><T66/><D19/><U9/><E9/><V50/><F50/><W86/><G20/><T31/><D31/><U4/><E4/><V92/><F92/><N who="1" m="35401" /><E52/><V45/><F67/><W59/><G44/><AGARI ba="0,0" hai="2,3,26,27,44,45,60,61,89,91,109,110,113,114" machi="44" ten="25,2400,0" yaku="22,2" doraHai="69" who="2" fromWho="3" sc="240,0,240,0,335,24,185,-24" /><INIT seed="2,1,0,4,2,40" ten="240,240,359,161" oya="2" hai0="106,13,51,33,88,77,31,18,54,28,123,44,36" hai1="97,67,0,116,68,134,7,49,58,17,32,41,2" hai2="118,5,30,132,105,80,133,107,70,29,101,122,125" hai3="37,62,9,113,35,111,19,45,95,55,23,6,57"/><V53/><F118/><W42/><G35/><T92/><D106/><U20/><E32/><V60/><F122/><W99/><G111/><T25/><D123/><U126/><E116/><V103/><F125/><W21/><G113/><T59/><D77/><U119/><E126/><V66/><F5/><W11/><G6/><T73/><D31/><U38/><E119/><V12/><F80/><W78/><G78/><T26/><D26/><U74/><E68/><V90/><F90/><W115/><G115/><T65/><D73/><U117/><E38/><V124/><F124/><W82/><G82/><T56/><D36/><U89/><E2/><V72/><F72/><W1/><G1/><T10/><REACH who="0" step="1"/><D65/><REACH who="0" ten="230,240,359,161" step="2"/><U14/><E74/><V108/><F30/><W109/><G109/><T121/><D121/><U34/><E67/><V64/><F29/><W39/><G39/><T16/><D16/><U43/><E117/><V8/><F66/><W48/><G37/><T69/><D69/><U50/><E17/><N who="2" m="8327" /><F108/><W127/><G127/><T61/><D61/><U71/><E71/><V4/><F107/><W84/><G84/><AGARI ba="1,1" hai="10,13,18,25,28,33,44,51,54,56,59,84,88,92" machi="84" ten="30,7700,0" yaku="1,1,7,1,52,1,54,1,53,0" doraHai="40" doraHaiUra="130" who="0" fromWho="3" sc="230,90,240,0,359,0,161,-80" /><INIT seed="3,0,0,4,1,96" ten="320,240,359,81" oya="3" hai0="89,56,28,95,105,47,25,112,108,68,101,82,116" hai1="16,10,62,104,110,120,45,3,24,134,94,9,22" hai2="39,20,64,72,99,29,17,102,37,98,84,36,100" hai3="86,27,129,21,114,14,121,35,13,91,106,74,51"/><W83/><G114/><T2/><D68/><U78/><E104/><V123/><F72/><W93/><G121/><T5/><D116/><U125/><E120/><V122/><F29/><W1/><G129/><T109/><D5/><U133/><E78/><V111/><F111/><N who="0" m="42570" /><D2/><U80/><E80/><V127/><F127/><W63/><G1/><T115/><D47/><U23/><E62/><V32/><F32/><W118/><G118/><T46/><D46/><U70/><E94/><V92/><F84/><W0/><G106/><T18/><D56/><U75/><E45/><V113/><F64/><W43/><G0/><T73/><D105/><U41/><E41/><V48/><F113/><N who="0" m="43594" /><D18/><N who="1" m="12375" /><E75/><V44/><F123/><W69/><G35/><N who="0" m="20879" /><D73/><U79/><E79/><V30/><F122/><W77/><G69/><T88/><D82/><U87/><E70/><V52/><F30/><W40/><G63/><T130/><D130/><U117/><E87/><V66/><F66/><W50/><G43/><T58/><D58/><U65/><E65/><V71/><F71/><W126/><G126/><T132/><D132/><N who="1" m="50795" /><E117/><V49/><F49/><W124/><G124/><T81/><D81/><U59/><E59/><V42/><F42/><W131/><G131/><T76/><D76/><U54/><E125/><V61/><F36/><W55/><G40/><T8/><D8/><N who="1" m="3179" /><E110/><V128/><F128/><W4/><G4/><T11/><D11/><U57/><E3/><V60/><F39/><W85/><G74/><T38/><D38/><U6/><E6/><V12/><F37/><W119/><G119/><T33/><D95/><AGARI ba="0,0" hai="12,17,20,44,48,52,60,61,92,95,98,99,100,102" machi="95" ten="30,12000,2" yaku="6,1,7,1,9,1,8,1,52,2,54,1" doraHai="96" who="2" fromWho="0" sc="320,-120,240,0,359,120,81,0" owari="200,-20.0,240,4.0,479,58.0,81,-42.0" /></mjloggm>