<mjloggm ver="2.3"><GO type="225" lobby="0"/><UN n0="%28%EF%BF%A3%28%E5%B7%A5%29%EF%BF%A3%29" n1="%53%4C%42%EF%BC%A0" n2="%E3%82%A6%E3%83%AB%E3%83%88%E3%83%A9%E7%AB%8B%E7%9B%B4" n3="%EF%BC%88%E2%88%A9%EF%BC%BE%CF%89%EF%BC%BE%E2%88%A9%EF%BC%89" dan="16,17,16,17" rate="2070.39,2174.00,2024.88,2147.88" sx="M,F,M,M"/><TAIKYOKU oya="0"/><INIT seed="0,0,0,3,5,98" ten="250,250,250,250" oya="0" hai0="3,107,37,93,125,84,51,66,54,95,124,115,34" hai1="99,71,35,2,88,90,17,91,78,75,119,56,111" hai2="50,96,81,129,57,86,18,31,65,27,9,132,30" hai3="53,94,32,79,59,21,92,42,134,0,1,58,47"/><T85/><D107/><U43/><E71/><V121/><F129/><W40/><G32/><T108/><D37/><U69/><E69/><V15/><F132/><W104/><G104/><T26/><D3/><U16/><E35/><V82/><F121/><W67/><G79/><T117/><D66/><U44/><E2/><V12/><F82/><W23/><G67/><T22/><D117/><U128/><E119/><V20/><F96/><W8/><G8/><T74/><D74/><U112/><E112/><V130/><F130/><W87/><G87/><N who="0" m="33355" /><D34/><U133/><E128/><V80/><F80/><W6/><G47/><N who="0" m="28031" /><D115/><U135/><E78/><V63/><F50/><W52/><REACH who="3" step="1"/><G6/><REACH who="3" ten="250,250,250,240" step="2"/><T118/><D118/><U10/><E10/><V113/><F113/><W102/><G102/><T41/><D108/><U83/><E111/><V122/><F9/><W33/><G33/><T36/><D124/><U70/><E75/><V11/><F11/><W131/><G131/><T103/><D125/><U105/><E83/><V61/><F81/><W73/><G73/><T14/><D103/><U97/><E105/><V45/><F86/><W68/><G68/><T19/><D95/><U110/><E110/><V13/><F45/><W29/><G29/><T126/><D93/><U55/><E70/><V109/><F109/><W120/><G120/><T39/><D126/><U76/><E76/><V49/><F122/><W116/><G116/><T114/><D114/><U106/><E106/><V46/><F31/><W4/><G4/><T101/><D19/><N who="1" m="7243" /><E44/><V62/><F18/><W38/><G38/><T24/><D36/><RYUUKYOKU ba="0,1" sc="250,-15,250,-15,250,15,240,15" hai2="12,13,15,20,27,30,46,49,57,61,62,63,65" hai3="0,1,21,23,40,42,52,53,58,59,92,94,134" /><INIT seed="1,1,1,4,1,33" ten="235,235,265,255" oya="1" hai0="87,91,34,53,109,90,97,116,57,121,123,27,77" hai1="22,113,52,127,12,30,111,56,120,55,71,86,100" hai2="115,118,96,10,14,39,101,8,24,102,43,76,46" hai3="50,92,59,65,23,36,0,98,134,119,35,64,99"/><U88/><E120/><N who="0" m="46153" /><D116/><U135/><E113/><V51/><F118/><W84/><G35/><T95/><D109/><U4/><E71/><V124/><F115/><W62/><G36/><T45/><D77/><U81/><E111/><V126/><F76/><W79/><G0/><T85/><D45/><U7/><E135/><V108/><F108/><W89/><G134/><T49/><D91/><U48/><E127/><V18/><F24/><W20/><G119/><T15/><D15/><U37/><E37/><V11/><F39/><W114/><G114/><T131/><D131/><U133/><E100/><N who="2" m="38507" /><F96/><N who="3" m="36907" /><G79/><T5/><D5/><U25/><E133/><V105/><F105/><W94/><G94/><T6/><D6/><U104/><E104/><V26/><F26/><W63/><G50/><T17/><D17/><U122/><E122/><V83/><F83/><W54/><G63/><T28/><AGARI ba="1,1" hai="27,28,34,49,53,57,85,87,90,95,97" m="46153" machi="28" ten="30,1100,0" yaku="13,1" doraHai="33" who="0" fromWho="0" sc="235,24,235,-6,265,-4,255,-4" /><INIT seed="2,0,0,5,0,61" ten="259,229,261,251" oya="2" hai0="52,120,59,30,22,95,53,110,79,60,108,99,34" hai1="96,37,84,127,72,26,47,81,31,1,100,21,63" hai2="15,4,7,115,74,112,49,114,104,92,16,66,3" hai3="111,122,55,86,6,121,10,118,65,135,88,13,48"/><V12/><F104/><W98/><G118/><T43/><D120/><U62/><E72/><V76/><F76/><W107/><G111/><N who="0" m="42539" /><D79/><U71/><E127/><V58/><F74/><W73/><G73/><T27/><D43/><U38/><E1/><V44/><F3/><W29/><G29/><T94/><D94/><U18/><E63/><N who="2" m="38263" /><F112/><W19/><G135/><T78/><D78/><U39/><E47/><V20/><F114/><W28/><G28/><T54/><D34/><U24/><E62/><V36/><F36/><W5/><G65/><T23/><D23/><U124/><E71/><V11/><F92/><W32/><G32/><T68/><D68/><U35/><E124/><V14/><F115/><W116/><G116/><T51/><D51/><U97/><REACH who="1" step="1"/><E100/><AGARI ba="0,0" hai="22,27,30,52,53,54,59,60,95,99,100" m="42539" machi="100" ten="30,2000,0" yaku="14,1,54,1" doraHai="61" who="0" fromWho="1" sc="259,20,229,-20,261,0,251,0" /><INIT seed="3,0,0,3,0,17" ten="279,209,261,251" oya="3" hai0="84,51,21,8,122,61,107,62,46,86,42,24,77" hai1="58,111,12,38,47,53,59,25,85,39,83,128,34" hai2="55,10,22,1,134,69,129,92,87,91,30,104,35" hai3="23,97,28,4,127,105,29,88,132,80,106,68,3"/><W67/><G68/><T98/><D122/><U57/><E111/><V45/><F69/><W113/><G113/><T5/><D107/><U19/><E128/><V126/><F104/><W120/><G120/><T101/><D101/><U36/><E34/><V112/><F35/><W89/><G67/><T96/><D8/><U99/><E25/><V54/><F112/><W116/><G116/><T79/><D5/><U73/><E73/><V119/><F119/><W44/><G3/><T71/><D71/><U49/><E99/><N who="0" m="37929" /><D86/><U52/><E85/><V118/><F126/><W65/><G65/><T108/><D108/><U6/><E6/><V133/><F129/><W40/><G4/><T90/><D90/><U41/><REACH who="1" step="1"/><E83/><REACH who="1" ten="279,199,261,251" step="2"/><V72/><F72/><W64/><G80/><N who="0" m="47119" /><D79/><U2/><E2/><V125/><F1/><W114/><G114/><T124/><D124/><U94/><E94/><V0/><F125/><W31/><G127/><T63/><D24/><U11/><AGARI ba="0,1" hai="11,12,19,36,38,39,41,47,49,52,53,57,58,59" machi="11" ten="40,5200,0" yaku="1,1,0,1,54,1,53,0" doraHai="17" doraHaiUra="121" who="1" fromWho="1" sc="279,-13,199,62,261,-13,251,-26" /><INIT seed="4,0,0,0,0,76" ten="266,261,248,225" oya="0" hai0="55,66,108,64,91,30,53,123,11,6,88,71,46" hai1="22,2,132,87,83,81,52,104,121,110,13,56,130" hai2="78,84,4,20,63,44,94,86,113,60,19,129,118" hai3="1,8,24,31,32,42,50,39,106,124,90,45,61"/><T14/><D123/><U40/><E110/><V16/><F129/><W41/><G106/><T5/><D108/><U25/><E121/><V49/><F4/><W85/><G124/><T33/><D33/><U102/><E2/><V77/><F113/><W75/><G75/><T48/><D30/><U116/><E116/><V93/><F118/><W127/><G127/><T47/><D71/><U97/><E130/><V89/><F19/><W111/><G111/><T37/><D37/><U68/><E68/><V79/><F93/><W28/><G28/><T9/><D48/><U122/><E122/><V51/><F84/><W131/><G131/><T98/><D14/><U128/><E40/><N who="2" m="24711" /><F51/><W107/><G61/><T58/><D58/><U117/><E117/><V70/><F70/><W0/><G107/><T73/><D73/><U112/><E128/><V65/><F65/><W99/><G99/><AGARI ba="0,0" hai="5,6,9,11,46,47,53,55,64,66,88,91,98,99" machi="99" ten="25,9600,0" yaku="22,2,8,1,54,1" doraHai="76" who="0" fromWho="3" sc="266,96,261,0,248,0,225,-96" owari="362,46.0,261,6.0,248,-15.0,129,-37.0" /></mjloggm>