<mjloggm ver="2.3"><GO type="97" lobby="0"/><UN n0="%E3%82%A6%E3%83%AB%E3%83%88%E3%83%A9%E7%AB%8B%E7%9B%B4" n1="%E3%81%93%E3%81%AD%E3%81%8F%E3%81%A8" n2="%E3%83%A8%E3%83%B3%E3%82%B2%E3%82%AD" n3="%70%6F%6D%65%6B%6F" dan="16,15,15,14" rate="1992.47,1964.76,2062.91,1907.06" sx="M,M,M,F"/><TAIKYOKU oya="0"/><INIT seed="0,0,0,4,1,14" ten="250,250,250,250" oya="0" hai0="133,99,85,77,61,15,33,96,79,125,117,94,108" hai1="73,50,128,46,100,67,2,59,130,3,29,74,122" hai2="135,32,31,86,81,95,17,39,37,103,8,12,56" hai3="55,43,20,52,91,84,127,68,5,107,131,126,112"/><T38/><D38/><U19/><E122/><V10/><F135/><W41/><G112/><T1/><D1/><U90/><E100/><V64/><F32/><W22/><G68/><T9/><D33/><U120/><E120/><V72/><F72/><W40/><G107/><T11/><D117/><U53/><E29/><V60/><F31/><W57/><G5/><T51/><D133/><U4/><E90/><V114/><F114/><W45/><G45/><T110/><D125/><N who="3" m="47625" /><G131/><N who="1" m="50218" /><E19/><V102/><F39/><W118/><G118/><T129/><D129/><U70/><E70/><V111/><F37/><W16/><G22/><T21/><D21/><U69/><E69/><V119/><F119/><W113/><G57/><T24/><D94/><U42/><E67/><V58/><F58/><W87/><G113/><T78/><D85/><N who="3" m="32841" /><G91/><T93/><D93/><U65/><E65/><V104/><F104/><W44/><G44/><T36/><D36/><N who="1" m="21831" /><E4/><V49/><F95/><W105/><G105/><T76/><D76/><U7/><E7/><V48/><F103/><W0/><G0/><AGARI ba="0,0" hai="0,2,3,50,53,59,73,74" m="21831,50218" machi="0" ten="30,1000,0" yaku="19,1" doraHai="14" who="1" fromWho="3" sc="250,0,250,10,250,0,250,-10" /><INIT seed="1,0,0,5,0,61" ten="250,260,250,240" oya="1" hai0="69,93,45,121,36,59,113,4,126,10,83,87,129" hai1="72,49,60,13,116,40,127,88,39,58,131,86,90" hai2="46,117,64,21,56,125,37,70,67,26,118,78,15" hai3="98,112,130,110,43,106,17,103,3,16,77,111,82"/><U71/><E116/><V80/><F70/><W41/><G112/><T94/><D69/><U102/><E131/><V75/><F125/><W33/><G3/><T135/><D113/><U1/><E1/><V27/><F15/><W73/><G33/><T0/><D129/><U22/><E127/><V95/><F27/><W104/><G104/><T54/><D126/><U9/><E72/><V47/><F95/><W48/><G130/><T63/><D135/><U115/><E115/><V12/><F12/><W24/><G24/><T51/><D36/><U99/><E39/><V128/><F128/><W53/><G43/><T19/><D19/><U76/><E22/><V31/><F56/><W100/><G41/><T18/><D18/><N who="1" m="8495" /><E71/><V68/><F68/><W107/><G103/><T108/><D108/><N who="3" m="41513" /><G107/><T57/><D57/><AGARI ba="0,0" hai="16,17,48,53,57,73,77,82,98,100,106" m="41513" machi="57" ten="30,2000,0" yaku="14,1,54,1" doraHai="61" who="3" fromWho="0" sc="250,-20,260,0,250,0,240,20" /><INIT seed="2,0,0,3,4,19" ten="230,260,250,260" oya="2" hai0="133,8,52,131,99,7,64,97,11,108,46,116,102" hai1="100,90,66,68,25,129,96,34,22,35,78,112,125" hai2="110,88,2,85,26,128,107,122,37,121,123,119,69" hai3="27,20,62,134,15,14,5,79,92,120,0,48,91"/><V65/><F2/><W58/><G0/><T101/><D116/><U16/><E112/><V38/><F107/><W76/><G120/><T32/><D32/><U83/><E125/><V50/><F119/><W21/><G48/><N who="0" m="28695" /><D108/><U54/><E129/><V126/><F69/><W106/><G106/><T95/><D133/><U72/><E90/><V111/><F65/><N who="3" m="39127" /><G76/><T118/><D131/><U29/><E54/><V73/><F73/><W93/><G79/><T74/><D74/><U135/><E135/><V63/><F128/><W43/><G43/><T42/><D118/><U13/><E66/><V94/><F63/><W51/><G51/><T44/><D64/><U67/><E67/><V86/><F50/><W60/><G60/><T55/><D42/><U6/><E6/><V114/><F114/><W33/><G33/><T56/><D44/><U127/><E127/><V109/><F126/><W4/><G27/><T30/><D7/><N who="3" m="2633" /><G134/><T9/><D30/><U36/><E36/><N who="2" m="13931" /><F26/><W45/><G45/><T70/><D70/><U105/><E68/><V18/><F18/><N who="3" m="10327" /><G91/><T41/><D41/><U57/><E57/><V117/><F117/><W49/><G49/><T103/><D56/><U124/><E124/><V75/><F75/><W24/><G15/><T115/><D115/><U3/><E3/><V84/><AGARI ba="0,0" hai="84,85,86,88,94,109,110,111,121,122,123" m="13931" machi="84" ten="50,9600,0" yaku="14,1,10,1,54,1" doraHai="19" who="2" fromWho="2" sc="230,-32,260,-32,250,96,260,-32" /><INIT seed="2,1,0,3,4,35" ten="198,228,346,228" oya="2" hai0="39,23,29,4,103,50,66,86,1,24,43,130,16" hai1="45,84,129,3,76,109,113,36,52,116,128,106,99" hai2="104,68,115,110,117,79,18,37,57,33,135,31,73" hai3="13,100,21,70,51,8,30,69,60,40,112,126,95"/><V105/><RYUUKYOKU type="yao9" ba="1,0" sc="198,0,228,0,346,0,228,0" hai2="18,31,33,37,57,68,73,79,104,105,110,115,117,135" /><INIT seed="2,2,0,4,1,130" ten="198,228,346,228" oya="2" hai0="77,93,100,105,31,54,91,35,57,22,32,116,3" hai1="9,37,56,25,14,50,52,113,49,11,6,47,78" hai2="23,107,41,24,104,125,13,29,83,7,61,97,45" hai3="110,63,114,10,17,117,123,27,129,68,96,39,62"/><V21/><F125/><W124/><G63/><T65/><D3/><U85/><E113/><V16/><F7/><W59/><G62/><T84/><D116/><U99/><E37/><V119/><F119/><W1/><G27/><T48/><D65/><U128/><E128/><V109/><F109/><W69/><G10/><T34/><D77/><U94/><E11/><V66/><F83/><W98/><G96/><T133/><D100/><U30/><E78/><V36/><REACH who="2" step="1"/><F97/><REACH who="2" ten="198,228,336,228" step="2"/><W115/><G98/><T121/><D105/><U131/><E131/><V118/><F118/><W19/><G110/><T15/><D121/><U64/><E99/><V106/><F106/><W88/><G117/><T12/><D12/><U73/><E14/><V127/><F127/><W126/><G123/><T43/><D15/><U18/><E6/><V122/><F122/><W5/><G129/><T40/><D84/><U58/><E85/><V4/><F4/><W74/><G5/><T86/><D86/><U112/><E112/><V134/><F134/><W42/><G115/><T76/><D76/><U51/><E73/><V72/><F72/><W67/><G74/><T80/><D80/><U92/><E92/><V53/><F53/><W8/><G114/><T0/><D93/><U75/><E94/><V71/><AGARI ba="2,1" hai="13,16,21,23,24,29,36,41,45,61,66,71,104,107" machi="71" ten="20,7800,0" yaku="1,1,0,1,7,1,54,1,53,0" doraHai="130" doraHaiUra="87" who="2" fromWho="2" sc="198,-28,228,-28,336,94,228,-28" /><INIT seed="2,3,0,4,2,42" ten="170,200,430,200" oya="2" hai0="45,105,72,26,96,109,108,110,76,124,100,64,28" hai1="8,125,94,21,41,128,74,126,63,35,127,11,69" hai2="0,15,5,120,118,2,23,123,59,93,4,48,107" hai3="51,130,131,14,22,86,111,58,49,57,71,90,91"/><V81/><F107/><W83/><G111/><T121/><D121/><U122/><E122/><V103/><F118/><W92/><G71/><T113/><D113/><U95/><E128/><N who="3" m="49194" /><G14/><T102/><D124/><U13/><E74/><V52/><F81/><W16/><G22/><T98/><D64/><N who="1" m="41119" /><E35/><V25/><F120/><W115/><G16/><T56/><D56/><N who="3" m="21609" /><G115/><T117/><D117/><U134/><E134/><V37/><F123/><W99/><AGARI ba="3,0" hai="49,51,83,86,90,91,92,99" m="21609,49194" machi="99" ten="30,1100,0" yaku="19,1" doraHai="42" who="3" fromWho="3" sc="170,-6,200,-6,430,-8,200,20" /><INIT seed="3,0,0,1,3,31" ten="164,194,422,220" oya="3" hai0="23,79,66,2,32,43,125,52,55,62,45,33,105" hai1="44,74,54,124,11,15,101,122,90,49,34,70,29" hai2="57,72,26,48,6,98,97,46,7,28,92,121,3" hai3="20,59,0,9,113,13,85,104,21,103,118,87,120"/><W84/><G113/><T56/><D2/><U131/><E122/><V47/><F72/><W37/><G118/><T39/><D105/><U96/><E131/><V82/><F121/><W75/><G120/><T35/><D125/><U126/><E74/><V112/><F112/><W71/><G75/><T109/><D109/><U18/><E70/><V8/><F82/><W81/><G71/><T77/><D23/><N who="3" m="8777" /><G37/><T51/><REACH who="0" step="1"/><D55/><REACH who="0" ten="154,194,422,220" step="2"/><U88/><E126/><V133/><F3/><W91/><G0/><T130/><D130/><U110/><E110/><V41/><F57/><AGARI ba="0,1" hai="32,33,35,39,43,45,51,52,56,57,62,66,77,79" machi="57" ten="40,8000,1" yaku="1,1,52,3,54,1,53,0" doraHai="31" doraHaiUra="93" who="0" fromWho="2" sc="154,90,194,0,422,-80,220,0" owari="244,4.0,194,-31.0,342,45.0,220,-18.0" /></mjloggm>