<mjloggm ver="2.3"><GO type="97" lobby="0"/><UN n0="%E3%82%A6%E3%83%AB%E3%83%88%E3%83%A9%E7%AB%8B%E7%9B%B4" n1="%E3%81%98%E3%81%9F%E3%82%8A%E3%82%93%E3%81%98%E3%82%93" n2="%E8%84%B3%E5%A4%A9%E7%86%8A" n3="%68%69%72%6F%2E%62" dan="15,13,13,13" rate="1970.23,1904.92,1903.01,1840.88" sx="M,F,M,M"/><TAIKYOKU oya="0"/><INIT seed="0,0,0,1,0,82" ten="250,250,250,250" oya="0" hai0="79,135,11,134,118,117,119,62,64,57,40,61,94" hai1="33,9,75,111,83,74,17,81,68,127,103,65,48" hai2="2,116,45,13,104,24,6,32,7,46,43,50,37" hai3="54,31,98,10,92,69,3,101,14,19,102,128,16"/><T133/><D11/><U60/><E33/><V78/><F104/><W20/><G69/><T47/><D79/><U27/><E103/><V41/><F116/><W42/><G3/><T5/><D5/><U108/><E127/><V86/><F2/><W72/><G72/><T129/><D94/><U35/><E48/><V63/><F63/><W121/><G121/><T58/><D129/><U44/><E44/><V18/><F24/><W87/><G128/><T90/><D90/><U120/><E120/><V132/><F32/><W29/><G102/><T77/><D77/><N who="1" m="44215" /><E17/><V39/><F50/><W23/><G10/><T89/><D89/><U114/><E9/><V22/><F132/><W12/><G42/><T73/><D73/><U125/><E125/><V106/><F106/><W30/><G30/><T96/><D96/><U126/><E126/><V105/><F105/><W115/><G115/><T131/><D131/><U80/><E80/><AGARI ba="0,0" hai="6,7,13,18,22,37,39,41,43,45,46,78,80,86" machi="80" ten="40,2600,0" yaku="9,1,52,1" doraHai="82" who="2" fromWho="1" sc="250,0,250,-26,250,26,250,0" /><INIT seed="1,0,0,2,1,123" ten="250,224,276,250" oya="1" hai0="40,47,5,64,12,116,8,10,41,29,88,62,74" hai1="121,93,15,127,14,21,36,71,87,60,108,1,17" hai2="50,24,101,37,23,67,115,100,125,58,80,112,43" hai3="126,6,54,110,57,98,109,18,89,4,34,52,7"/><U19/><E121/><V46/><F125/><W131/><G34/><T124/><D74/><U91/><E36/><V72/><F72/><W81/><G126/><T117/><D124/><U78/><E127/><V95/><F80/><W94/><G81/><T82/><D29/><U33/><E1/><V30/><F37/><W133/><G133/><T65/><D65/><U63/><E33/><V61/><REACH who="2" step="1"/><F101/><REACH who="2" ten="250,224,266,250" step="2"/><W35/><G131/><T107/><D82/><U32/><E32/><V22/><F22/><W59/><G35/><T83/><D83/><U96/><E71/><V42/><F42/><W128/><G128/><T135/><D41/><U120/><E120/><V122/><F122/><W44/><G44/><T51/><D47/><U102/><E78/><V75/><F75/><W119/><G119/><T99/><D40/><U73/><E73/><V79/><F79/><W134/><G134/><T129/><D135/><U69/><E69/><V92/><F92/><W111/><REACH who="3" step="1"/><G18/><REACH who="3" ten="250,224,266,240" step="2"/><T48/><D129/><U25/><E17/><V11/><F11/><W16/><G16/><T106/><D10/><U3/><E19/><V9/><F9/><W20/><G20/><T31/><D117/><U103/><E21/><V97/><AGARI ba="0,2" hai="23,24,30,43,46,50,58,61,67,95,97,100,112,115" machi="97" ten="30,8000,1" yaku="1,1,0,1,25,2,53,1" doraHai="123" doraHaiUra="27" who="2" fromWho="2" sc="250,-20,224,-40,266,100,240,-20" /><INIT seed="2,0,0,5,1,37" ten="230,184,366,220" oya="2" hai0="104,52,89,1,126,118,115,119,102,17,43,55,98" hai1="77,7,78,130,25,21,86,107,14,47,134,91,103" hai2="65,95,27,38,85,117,79,96,83,111,26,110,106" hai3="28,22,120,34,94,109,16,121,88,12,74,112,101"/><V2/><F2/><W90/><G120/><T45/><D1/><U60/><E134/><V49/><F38/><W59/><G121/><T36/><D115/><U54/><E130/><V80/><F106/><W93/><G74/><T24/><D126/><U11/><E107/><V114/><F114/><W82/><G112/><T99/><D99/><U127/><E127/><V64/><F117/><N who="0" m="44554" /><D89/><U33/><E103/><V51/><F85/><W15/><G109/><T122/><D122/><U124/><E124/><V50/><F79/><W62/><G12/><T72/><D72/><U129/><E129/><V39/><F39/><W10/><G34/><T87/><D87/><U58/><E33/><V70/><F95/><W73/><G73/><T97/><D97/><U18/><REACH who="1" step="1"/><E47/><REACH who="1" ten="230,174,366,220" step="2"/><V67/><F70/><W44/><G44/><T32/><D32/><U35/><E35/><V133/><F133/><W5/><G101/><T3/><D45/><U63/><E63/><V81/><REACH who="2" step="1"/><F96/><REACH who="2" ten="230,174,356,220" step="2"/><W123/><G123/><T100/><D98/><U53/><E53/><V57/><F57/><W108/><G108/><AGARI ba="0,2" hai="26,27,49,50,51,64,65,67,80,81,83,108,110,111" machi="108" ten="50,18000,2" yaku="1,1,29,2,28,2,14,1,10,1,53,0" doraHai="37" doraHaiUra="116" who="2" fromWho="3" sc="230,0,174,0,356,200,220,-180" /><INIT seed="2,1,0,1,4,112" ten="230,174,556,40" oya="2" hai0="39,124,127,38,123,17,94,74,109,73,105,54,115" hai1="48,126,114,104,101,81,68,36,5,27,47,87,19" hai2="58,60,106,52,30,82,121,18,107,134,110,62,99" hai3="33,102,86,65,90,133,14,77,11,95,117,88,2"/><V92/><F121/><W55/><G2/><T64/><D105/><U21/><E114/><V132/><F30/><W15/><G33/><T122/><D94/><U43/><E68/><V79/><F18/><W25/><G25/><T6/><D115/><U70/><E70/><V100/><F62/><W72/><G133/><N who="2" m="51305" /><F110/><W84/><G65/><T120/><D64/><U57/><E104/><V130/><F130/><W42/><G102/><T78/><D6/><U111/><E101/><V93/><F93/><W89/><G42/><T26/><D26/><U131/><E111/><V9/><F9/><W34/><G34/><T59/><D109/><U63/><E131/><V35/><F35/><W31/><G31/><T4/><D4/><U45/><E5/><V135/><N who="2" m="51313" /><V66/><DORA hai="96" /><F66/><W76/><G72/><AGARI ba="1,0" hai="52,58,60,72,79,82,92,99,100,106,107" m="51313" machi="72" ten="40,7700,0" yaku="20,1,52,1,54,1" doraHai="112,96" who="2" fromWho="3" sc="230,0,174,0,556,80,40,-80" owari="230,3.0,174,-23.0,636,74.0,-40,-54.0" /></mjloggm>