<mjloggm ver="2.3"><GO type="169" lobby="0"/><UN n0="%E3%82%A6%E3%83%AB%E3%83%88%E3%83%A9%E7%AB%8B%E7%9B%B4" n1="%48%41%52%45%4D" n2="%4C%65%69%72%69%6F%6E" n3="%E3%82%A8%E3%83%88%E3%81%BA%E3%83%B3" dan="17,16,16,17" rate="2075.09,2187.86,2162.89,2189.22" sx="M,M,M,F"/><TAIKYOKU oya="0"/><INIT seed="0,0,0,3,3,24" ten="250,250,250,250" oya="0" hai0="10,73,4,9,1,14,79,110,34,131,121,46,47" hai1="30,67,82,118,83,99,52,7,29,48,86,98,104" hai2="44,56,109,6,116,26,19,0,21,39,51,17,63" hai3="78,124,120,41,50,3,57,90,31,33,66,89,88"/><T112/><D79/><U16/><E104/><V111/><F39/><W12/><G3/><T45/><D73/><U42/><E67/><V8/><F116/><W74/><G120/><T2/><D121/><U58/><E7/><V119/><F119/><W23/><G124/><T55/><D112/><U93/><E118/><V100/><F100/><W81/><G33/><T43/><D34/><U64/><E64/><V68/><F68/><W69/><G69/><T107/><D107/><U60/><E16/><V25/><F63/><W20/><G12/><T70/><D70/><U135/><E135/><V36/><F36/><W102/><G102/><T76/><D76/><N who="1" m="46407" /><E83/><V71/><F56/><W132/><G132/><T114/><D114/><U130/><E130/><V106/><F106/><W15/><G15/><T92/><D131/><U77/><E77/><V113/><F113/><W59/><G20/><T115/><D115/><U54/><E42/><V122/><F122/><W105/><G105/><T13/><D43/><U53/><E99/><V22/><REACH who="2" step="1"/><F71/><REACH who="2" ten="250,250,240,250" step="2"/><W61/><G59/><T84/><D110/><U5/><E5/><V40/><AGARI ba="0,1" hai="0,6,8,17,19,21,22,25,26,40,44,51,109,111" machi="40" ten="30,12000,2" yaku="1,1,2,1,0,1,9,1,53,2" doraHai="24" doraHaiUra="123" who="2" fromWho="2" sc="250,-60,250,-30,240,130,250,-30" /><INIT seed="1,0,0,1,0,33" ten="190,220,370,220" oya="1" hai0="29,108,63,92,4,130,90,5,14,27,45,107,118" hai1="133,83,54,28,86,7,60,10,19,95,21,114,35" hai2="122,53,91,77,55,47,51,87,30,68,36,58,124" hai3="18,134,26,81,6,64,42,132,75,94,38,110,17"/><U11/><E114/><V67/><F122/><W84/><G64/><T73/><D107/><U25/><E133/><V93/><F124/><W24/><G110/><T62/><D73/><U85/><E95/><V40/><F77/><W78/><G6/><T106/><D106/><U46/><E11/><V65/><F30/><W8/><G42/><T116/><D108/><U48/><E60/><V129/><F129/><W119/><G38/><T120/><D130/><U112/><E112/><V127/><F127/><W31/><G119/><T97/><D120/><U89/><E86/><V76/><F76/><W123/><G123/><T113/><D113/><U39/><E39/><V12/><F68/><W66/><G66/><T0/><D45/><U109/><E109/><V117/><F117/><W23/><G8/><T104/><D104/><U20/><REACH who="1" step="1"/><E19/><REACH who="1" ten="190,210,370,220" step="2"/><V44/><F36/><W101/><G84/><T128/><D63/><U103/><E103/><V102/><F102/><W115/><G115/><T71/><D62/><U16/><E16/><V126/><F126/><W82/><G82/><T50/><D92/><U135/><E135/><N who="3" m="51754" /><G26/><T15/><D27/><U22/><E22/><V59/><F87/><W9/><G9/><T1/><D118/><U88/><E88/><V131/><F91/><W80/><G80/><T105/><D116/><U69/><E69/><V41/><F131/><W13/><G13/><AGARI ba="0,1" hai="7,10,13,20,21,25,28,35,46,48,54,83,85,89" machi="13" ten="30,2900,0" yaku="1,1,7,1,53,0" doraHai="33" doraHaiUra="61" who="1" fromWho="3" sc="190,0,210,39,370,0,220,-29" /><INIT seed="1,1,0,3,2,89" ten="190,249,370,191" oya="1" hai0="26,95,80,41,9,62,97,110,15,31,103,72,2" hai1="47,91,69,35,66,48,55,21,78,12,123,58,98" hai2="129,81,90,54,49,99,59,130,101,128,42,44,19" hai3="46,36,61,102,43,112,28,82,25,100,132,114,8"/><U65/><E35/><V67/><F67/><N who="1" m="25609" /><E69/><V83/><F90/><W119/><G119/><T64/><D2/><U45/><E78/><V34/><F34/><W75/><G132/><T7/><D41/><U134/><E134/><V10/><F10/><W6/><G61/><T30/><D110/><U0/><E0/><V27/><F27/><W18/><G18/><T52/><D72/><U127/><E127/><V111/><F19/><W22/><G102/><T68/><D80/><U17/><E123/><V24/><F24/><W3/><REACH who="3" step="1"/><G100/><REACH who="3" ten="190,249,370,181" step="2"/><T126/><D126/><U131/><E131/><V106/><F111/><W92/><G92/><AGARI ba="1,1" hai="12,17,21,45,47,48,55,58,91,92,98" m="25609" machi="92" ten="30,2900,0" yaku="8,1,52,1" doraHai="89" who="1" fromWho="3" sc="190,0,249,42,370,0,181,-32" /><INIT seed="1,2,0,0,0,12" ten="190,291,370,149" oya="1" hai0="120,50,135,74,65,133,105,55,20,43,66,39,26" hai1="38,109,57,34,101,85,35,56,116,132,107,53,118" hai2="52,88,128,6,2,84,24,123,110,4,127,69,44" hai3="49,91,122,78,45,36,73,130,21,14,97,124,115"/><U100/><E35/><V75/><F75/><W51/><G115/><T90/><D105/><U98/><E38/><V111/><F69/><W1/><G1/><T114/><D74/><U99/><E34/><V46/><F123/><W37/><G122/><T62/><D114/><U31/><E31/><V67/><F67/><W32/><G32/><T92/><D43/><U129/><E129/><V125/><F24/><W126/><G130/><T16/><D39/><U54/><E132/><N who="0" m="50761" /><D120/><U3/><E3/><V0/><F128/><W48/><G78/><T76/><D76/><U89/><E109/><N who="2" m="41483" /><F44/><W25/><G73/><T121/><D121/><U82/><E54/><V113/><F113/><W87/><G97/><N who="0" m="57495" /><D62/><U131/><E131/><V108/><F0/><W47/><G37/><T7/><D7/><N who="2" m="2602" /><F2/><W119/><G119/><T59/><AGARI ba="2,0" hai="16,20,26,50,55,59,65,66" m="57495,50761" machi="59" ten="30,4000,0" yaku="20,1,52,1,54,1" doraHai="12" who="0" fromWho="0" sc="190,46,291,-22,370,-12,149,-12" /><INIT seed="2,0,0,2,3,103" ten="236,269,358,137" oya="2" hai0="77,16,37,115,116,2,31,69,55,65,60,75,0" hai1="4,134,21,12,71,62,72,15,126,98,88,80,43" hai2="40,68,118,89,58,74,108,97,59,127,57,132,1" hai3="128,22,83,51,117,8,32,96,110,29,33,63,106"/><V66/><F118/><W52/><G117/><T24/><D116/><U9/><E43/><V90/><F74/><W111/><G128/><T26/><D77/><U19/><E126/><V91/><F1/><W107/><G83/><T129/><D75/><U30/><E134/><V130/><F132/><W95/><G8/><T42/><D129/><U119/><E119/><V7/><F7/><W35/><G63/><T49/><D26/><U124/><E124/><V105/><F40/><W102/><G22/><T93/><D93/><U78/><E30/><V81/><F127/><W131/><G29/><T38/><D16/><U6/><E6/><V76/><F130/><W44/><REACH who="3" step="1"/><G131/><REACH who="3" ten="236,269,358,127" step="2"/><T64/><D60/><U84/><E62/><V67/><F68/><W87/><G87/><T3/><D31/><U46/><E71/><V36/><F81/><W123/><G123/><T113/><D69/><U122/><E122/><V18/><F76/><W114/><G114/><T56/><D115/><U101/><E72/><V27/><F108/><AGARI ba="0,1" hai="32,33,35,44,51,52,95,96,102,106,107,108,110,111" machi="108" ten="50,8000,1" yaku="1,1,14,1,52,2,54,1,53,0" doraHai="103" doraHaiUra="5" who="3" fromWho="2" sc="236,0,269,0,358,-80,127,90" /><INIT seed="3,0,0,0,4,116" ten="236,269,278,217" oya="3" hai0="96,84,26,25,92,93,61,18,103,23,90,83,111" hai1="126,53,50,121,7,71,17,57,77,75,5,86,45" hai2="114,51,32,11,131,110,80,108,134,89,106,38,120" hai3="10,82,2,98,64,130,28,117,21,123,8,135,44"/><W1/><G117/><T73/><D111/><N who="2" m="42538" /><F38/><W124/><G64/><T79/><D61/><U127/><E71/><V56/><F114/><W34/><G44/><T29/><D29/><U102/><E102/><V13/><F106/><W122/><G98/><T43/><D43/><U52/><E75/><V69/><F32/><W65/><G65/><T6/><D6/><N who="1" m="2059" /><E17/><N who="2" m="8383" /><F134/><W91/><G91/><T40/><D40/><U72/><E72/><V68/><F131/><W59/><G59/><T78/><D78/><U101/><E101/><V119/><F119/><W37/><G82/><T76/><D76/><U95/><E53/><N who="2" m="31807" /><F120/><N who="3" m="46123" /><G37/><T94/><D26/><U100/><E100/><V87/><AGARI ba="0,0" hai="68,69,80,87,89" m="31807,8383,42538" machi="87" ten="30,1100,0" yaku="14,1" doraHai="116" who="2" fromWho="2" sc="236,-3,269,-3,278,11,217,-5" /><INIT seed="4,0,0,4,2,66" ten="233,266,289,212" oya="0" hai0="26,73,25,81,71,103,96,92,17,5,55,46,99" hai1="29,33,128,49,52,130,16,83,110,65,18,47,15" hai2="90,98,1,62,88,70,108,43,23,6,22,94,111" hai3="116,3,129,48,64,124,84,12,121,82,105,102,78"/><T131/><D131/><N who="1" m="50219" /><E110/><V86/><F43/><W20/><G3/><T68/><D5/><U135/><E135/><V117/><F117/><W10/><G129/><T60/><D26/><N who="1" m="18615" /><E15/><V9/><F108/><W80/><G116/><T63/><D63/><U89/><E65/><V24/><F111/><W91/><G121/><T76/><D96/><U37/><E37/><V57/><F70/><W7/><G64/><T133/><D133/><U59/><E59/><V54/><F24/><W38/><G38/><T127/><D127/><U42/><E42/><V100/><REACH who="2" step="1"/><F90/><REACH who="2" ten="233,266,279,212" step="2"/><W50/><G124/><T14/><D25/><U8/><E89/><V67/><F67/><W28/><G28/><T125/><D125/><U77/><E8/><V21/><F21/><W51/><G20/><T39/><D39/><U72/><AGARI ba="0,1" hai="16,18,47,49,52,72,77,83" m="18615,50219" machi="72" ten="30,4000,0" yaku="19,1,54,2" doraHai="66" who="1" fromWho="1" sc="233,-20,266,50,279,-10,212,-10" /><INIT seed="5,0,0,5,4,92" ten="213,316,269,202" oya="1" hai0="122,115,52,28,19,91,67,75,129,130,81,119,31" hai1="110,58,36,4,80,0,123,100,25,111,107,13,69" hai2="72,30,23,20,94,38,35,127,76,49,134,16,56" hai3="104,74,24,51,41,73,59,22,29,87,114,37,12"/><U68/><E36/><V32/><F38/><W102/><G114/><T101/><D67/><U61/><E123/><V11/><F72/><W45/><G87/><N who="0" m="50671" /><D75/><U10/><E25/><V5/><F76/><W2/><G2/><T78/><D78/><U6/><E80/><V44/><F56/><W40/><G40/><T82/><D82/><U106/><E6/><V85/><F134/><W124/><G124/><T89/><D101/><U21/><E21/><V39/><F23/><W126/><G126/><T47/><D89/><U79/><E79/><V9/><F30/><W3/><G3/><T66/><D66/><N who="1" m="39223" /><E0/><V70/><F70/><W93/><G104/><T112/><D19/><U18/><E4/><V83/><F39/><W15/><G74/><T57/><D47/><U50/><E50/><V53/><F35/><W17/><G73/><T46/><D46/><U7/><E7/><V8/><F32/><W96/><G37/><T55/><D122/><U26/><E26/><N who="2" m="14599" /><F127/><W14/><REACH who="3" step="1"/><G59/><REACH who="3" ten="213,316,269,192" step="2"/><T121/><D57/><U65/><E69/><V84/><F84/><W86/><G86/><T64/><D121/><U77/><E107/><V54/><F83/><W42/><G42/><T103/><D115/><U116/><E68/><V132/><F5/><W1/><G1/><T62/><D112/><U128/><E106/><V131/><F132/><W97/><G97/><T135/><D135/><U125/><E125/><V105/><F105/><W43/><G43/><T27/><D64/><U133/><E65/><V71/><F71/><W60/><G60/><T118/><D62/><U120/><E133/><RYUUKYOKU ba="0,1" sc="213,-10,316,-10,269,-10,192,30" hai3="12,14,15,17,22,24,29,41,45,51,93,96,102" /><INIT seed="6,1,1,5,3,132" ten="203,306,259,222" oya="2" hai0="90,32,40,15,36,71,39,127,35,47,84,114,22" hai1="106,33,60,49,102,57,112,18,73,113,24,80,119" hai2="0,87,20,53,16,61,129,37,14,28,69,109,51" hai3="107,17,99,91,1,110,70,81,88,83,103,29,128"/><V133/><F37/><W125/><G1/><T50/><D71/><U93/><E119/><V63/><F0/><W11/><G70/><T7/><D35/><U2/><E106/><V76/><F133/><W115/><G29/><T21/><D32/><U65/><E2/><V100/><F129/><W118/><G118/><T82/><D39/><U25/><E49/><V89/><F76/><W85/><G110/><T6/><D36/><U62/><E60/><V123/><F123/><W19/><G128/><T98/><D114/><N who="1" m="44139" /><E33/><V12/><F100/><W26/><G115/><T122/><D122/><U5/><E5/><V67/><F28/><W4/><G26/><T46/><D127/><U95/><E102/><V8/><F109/><W135/><G125/><T116/><D116/><U68/><E68/><V52/><F51/><W34/><G34/><T75/><D75/><U64/><E64/><V59/><F63/><W56/><G56/><T108/><D108/><U27/><E18/><N who="2" m="10327" /><F69/><W42/><G135/><T77/><D47/><U45/><E45/><V74/><F74/><W134/><G134/><T38/><D38/><U78/><AGARI ba="1,1" hai="24,25,27,57,62,65,73,78,80,93,95" m="44139" machi="78" ten="40,1500,0" yaku="15,1" doraHai="132" who="1" fromWho="1" sc="203,-5,306,28,259,-8,222,-5" /><INIT seed="7,0,0,0,2,107" ten="198,334,251,217" oya="3" hai0="53,0,9,132,85,119,31,112,34,66,25,96,51" hai1="87,57,91,116,126,32,3,23,84,5,74,127,123" hai2="129,111,105,24,18,70,77,12,82,19,20,120,14" hai3="124,48,60,128,50,88,67,122,89,109,102,100,131"/><W97/><G122/><T64/><D119/><U69/><E74/><V30/><F111/><W93/><G109/><T104/><D132/><U45/><E69/><V35/><F105/><W117/><G117/><T28/><D112/><U101/><E57/><V63/><F129/><N who="3" m="49739" /><G124/><T73/><D73/><U86/><E45/><V39/><F39/><W43/><G89/><T98/><D31/><U58/><E58/><V110/><F110/><W29/><G29/><T130/><D130/><U99/><E32/><V13/><F19/><W36/><G36/><T42/><D42/><U15/><E91/><V135/><F135/><W55/><G43/><T7/><D85/><U83/><E83/><V81/><F81/><W16/><G16/><T80/><D80/><U133/><E123/><V92/><F92/><W56/><G48/><T41/><D41/><U47/><E116/><V49/><F49/><W90/><G90/><T65/><REACH who="0" step="1"/><D104/><REACH who="0" ten="188,334,251,217" step="2"/><U21/><E133/><V27/><F120/><W115/><G115/><T103/><D103/><U118/><E101/><V1/><F82/><W108/><G108/><T94/><D94/><U78/><E118/><V54/><F77/><W4/><G4/><T125/><D125/><U33/><E5/><V10/><F30/><W76/><G76/><T11/><D11/><U68/><E78/><V72/><F10/><W17/><G17/><T46/><AGARI ba="0,1" hai="0,7,9,25,28,34,46,51,53,64,65,66,96,98" machi="46" ten="30,4000,0" yaku="1,1,0,1,53,1" doraHai="107" doraHaiUra="22" who="0" fromWho="0" sc="188,50,334,-10,251,-10,217,-20" owari="238,-16.0,324,42.0,241,4.0,197,-30.0" /></mjloggm>