<mjloggm ver="2.3"><GO type="169" lobby="0"/><UN n0="%E7%8E%84%E7%99%BD" n1="%E3%82%A6%E3%83%AB%E3%83%88%E3%83%A9%E7%AB%8B%E7%9B%B4" n2="%E3%82%AE%E3%82%BF%E3%83%B3%E3%83%9E%E3%83%A0%E3%83%AB%E3%80%82" n3="%E4%B8%8B%E6%AE%B5%E3%83%81%E3%82%A7%E3%83%AA%E3%83%BC" dan="16,16,16,16" rate="2008.05,2051.47,2208.29,2031.06" sx="M,M,M,M"/><TAIKYOKU oya="0"/><INIT seed="0,0,0,5,1,97" ten="250,250,250,250" oya="0" hai0="93,130,29,10,73,122,116,4,3,134,121,2,9" hai1="101,107,135,0,133,50,60,81,42,79,96,105,37" hai2="128,84,120,129,66,56,82,78,67,89,28,123,113" hai3="46,54,125,52,55,68,12,63,88,1,58,22,49"/><T61/><D116/><U100/><E0/><V31/><F113/><W62/><G1/><T83/><D134/><N who="1" m="51211" /><E37/><V74/><F56/><W26/><G125/><T8/><D29/><U47/><E60/><V51/><F51/><W75/><G75/><T33/><D33/><U70/><E70/><V17/><F17/><W91/><G68/><T132/><D132/><U24/><E24/><V114/><F114/><W40/><G12/><T59/><D130/><N who="2" m="50282" /><F28/><N who="3" m="17495" /><G63/><T18/><D93/><N who="1" m="58383" /><E101/><V90/><F31/><W38/><G38/><T69/><D69/><U16/><E16/><V57/><F67/><AGARI ba="0,0" hai="40,46,49,52,54,55,58,62,67,88,91" m="17495" machi="67" ten="30,3900,0" yaku="8,1,54,2" doraHai="97" who="3" fromWho="2" sc="250,0,250,0,250,-39,250,39" /><INIT seed="1,0,0,3,3,101" ten="250,250,211,289" oya="1" hai0="78,22,24,15,119,20,35,83,116,122,99,134,58" hai1="60,16,127,57,94,50,118,113,92,133,25,95,14" hai2="120,29,5,126,131,76,8,27,36,89,85,97,93" hai3="44,69,21,34,12,104,1,2,111,66,73,86,105"/><U109/><E118/><V129/><F120/><W135/><G73/><T91/><D35/><U49/><E113/><V88/><F36/><W52/><G34/><T108/><D108/><U26/><E109/><V75/><F126/><W115/><G111/><T47/><D47/><U6/><E127/><V128/><F75/><W54/><G115/><T98/><D134/><U61/><E133/><V59/><F76/><W77/><G135/><T39/><D39/><U67/><E6/><V64/><F59/><W23/><G77/><T63/><D122/><U82/><E82/><V87/><F64/><W74/><G66/><T117/><D15/><U72/><E72/><V17/><F17/><W13/><G74/><T31/><D22/><U48/><REACH who="1" step="1"/><E61/><REACH who="1" ten="250,240,211,289" step="2"/><V84/><F89/><W9/><G44/><T51/><D91/><U62/><E62/><V7/><REACH who="2" step="1"/><F8/><AGARI ba="0,1" hai="8,14,16,25,26,48,49,50,57,60,67,92,94,95" machi="8" ten="40,7700,0" yaku="1,1,8,1,54,1,53,0" doraHai="101" doraHaiUra="65" who="1" fromWho="2" sc="250,0,240,87,211,-77,289,0" /><INIT seed="1,1,0,2,2,89" ten="250,327,134,289" oya="1" hai0="62,125,98,74,16,27,118,46,79,28,55,53,32" hai1="69,38,56,84,122,6,103,83,92,44,90,42,75" hai2="108,120,49,131,127,23,78,115,33,60,87,88,97" hai3="116,24,121,52,11,135,126,68,54,67,66,95,36"/><U82/><E69/><V17/><F120/><W3/><G36/><T2/><D2/><U99/><E122/><V133/><F33/><W26/><G121/><T25/><D118/><U106/><E75/><V0/><F0/><W100/><G116/><T5/><D5/><U43/><E6/><V19/><F108/><W124/><G135/><T10/><D125/><N who="3" m="48233" /><G3/><T18/><D18/><U80/><E43/><V73/><F127/><W50/><G11/><T7/><D98/><U31/><E31/><V14/><F133/><W102/><G54/><T77/><D74/><U94/><REACH who="1" step="1"/><E56/><REACH who="1" ten="250,317,134,289" step="2"/><V72/><F72/><W12/><G68/><T111/><D28/><U64/><E64/><V20/><F73/><W114/><G67/><T123/><D123/><U101/><E101/><V59/><F115/><W29/><G66/><T81/><D55/><U113/><E113/><V4/><F4/><W104/><G102/><T86/><D53/><U51/><E51/><V91/><F49/><W109/><G114/><T65/><D65/><U1/><E1/><V34/><F59/><W63/><G29/><T107/><D7/><U134/><E134/><V21/><F60/><W61/><G61/><T22/><D62/><U41/><E41/><V132/><F132/><W57/><G63/><T93/><D46/><U70/><E70/><V128/><F128/><W48/><G48/><T47/><D47/><U37/><E37/><V71/><F131/><W129/><G129/><T9/><D32/><U45/><E45/><V13/><F34/><W30/><G30/><T76/><D27/><N who="3" m="10281" /><G50/><T40/><D25/><RYUUKYOKU ba="1,1" sc="250,-10,317,30,134,-10,289,-10" hai1="38,42,44,80,82,83,84,90,92,94,99,103,106" /><INIT seed="1,2,1,3,2,116" ten="240,347,124,279" oya="1" hai0="51,82,68,103,11,50,109,23,87,110,115,83,93" hai1="108,53,18,133,95,123,38,120,14,6,0,105,77" hai2="98,39,94,102,31,130,71,90,1,122,70,16,40" hai3="46,91,128,73,131,15,129,89,59,4,67,88,44"/><U52/><E105/><V66/><F1/><W84/><G73/><T32/><D32/><U37/><E77/><V2/><F2/><W17/><G4/><T10/><D68/><U22/><E6/><V36/><F70/><W45/><G59/><T74/><D115/><U21/><E0/><V54/><F31/><W20/><REACH who="3" step="1"/><G67/><REACH who="3" ten="240,347,124,269" step="2"/><T42/><D74/><U29/><E133/><V56/><F66/><W78/><G78/><T118/><D118/><U97/><E108/><V25/><F71/><W92/><AGARI ba="2,2" hai="15,17,20,44,45,46,84,88,89,91,92,128,129,131" machi="92" ten="40,8000,1" yaku="1,1,0,1,19,1,54,1,53,0" doraHai="116" doraHaiUra="49" who="3" fromWho="3" sc="240,-22,347,-42,124,-22,269,106" /><INIT seed="2,0,0,4,5,132" ten="218,305,102,375" oya="2" hai0="133,108,100,90,45,32,89,91,46,117,55,17,29" hai1="92,58,68,62,52,123,71,98,18,15,10,113,120" hai2="50,94,124,115,16,119,40,30,101,84,114,0,106" hai3="102,65,60,99,42,23,118,87,125,28,135,31,4"/><V76/><F119/><W95/><G118/><T24/><D108/><U110/><E110/><V56/><F0/><W48/><G135/><T36/><D117/><U86/><E86/><V79/><F106/><W1/><G1/><T2/><D2/><U134/><E134/><V81/><F30/><W66/><G4/><T85/><D100/><U12/><E12/><V69/><F69/><W97/><G97/><T93/><D133/><U131/><E131/><V122/><F122/><N who="1" m="46633" /><E113/><V109/><F109/><W83/><G42/><T121/><D121/><U105/><E105/><V38/><F38/><W130/><G48/><T112/><D112/><U43/><E43/><V47/><F79/><W64/><G130/><T35/><D17/><U25/><E25/><V78/><F78/><W41/><G41/><T67/><D67/><U82/><E82/><V129/><F129/><W14/><G28/><T54/><D36/><U27/><E27/><V96/><F124/><W51/><G51/><T126/><D126/><U127/><E127/><V20/><REACH who="2" step="1"/><F56/><REACH who="2" ten="218,305,92,375" step="2"/><N who="3" m="36871" /><G125/><T22/><D35/><U111/><E111/><V39/><F39/><W88/><G31/><T57/><D32/><U77/><E77/><V107/><F107/><W26/><G26/><AGARI ba="0,1" hai="16,20,26,40,47,50,76,81,84,94,96,101,114,115" machi="26" ten="30,5800,0" yaku="1,1,7,1,54,1,53,0" doraHai="132" doraHaiUra="5" who="2" fromWho="3" sc="218,0,305,0,92,68,375,-58" /><INIT seed="2,1,0,4,4,73" ten="218,305,160,317" oya="2" hai0="68,15,85,67,13,31,32,133,122,87,37,27,52" hai1="21,130,14,28,38,65,46,44,103,107,91,42,9" hai2="17,124,101,95,47,22,108,51,99,86,70,110,26" hai3="114,3,81,100,10,59,94,83,128,104,127,126,34"/><V63/><F124/><W53/><G34/><T23/><D122/><U58/><E130/><V29/><F86/><W82/><G104/><T84/><D37/><U112/><E103/><V43/><F17/><W76/><G114/><T62/><D133/><U6/><E107/><V134/><F134/><W129/><G10/><T25/><REACH who="0" step="1"/><D52/><REACH who="0" ten="208,305,160,317" step="2"/><U64/><E38/><V18/><F63/><W33/><G127/><T16/><AGARI ba="1,1" hai="13,15,16,23,25,27,31,32,62,67,68,84,85,87" machi="16" ten="30,8000,1" yaku="1,1,2,1,0,1,54,1,53,1" doraHai="73" doraHaiUra="60" who="0" fromWho="0" sc="208,93,305,-21,160,-41,317,-21" /><INIT seed="3,0,0,2,2,100" ten="301,284,119,296" oya="3" hai0="105,119,65,95,78,6,99,67,19,63,109,97,62" hai1="14,83,29,115,15,71,73,39,50,26,72,23,131" hai2="36,132,40,104,60,46,21,54,9,44,24,128,94" hai3="10,47,37,87,68,49,121,133,11,51,111,57,112"/><W130/><G112/><T7/><D119/><U18/><E39/><V110/><F110/><W31/><G68/><T84/><D109/><U134/><E71/><V20/><F132/><W101/><G121/><T102/><D19/><U0/><E0/><V45/><F128/><W1/><G130/><T43/><D43/><U13/><E131/><V52/><F104/><W30/><G111/><T96/><D96/><U38/><E38/><V4/><F94/><W82/><G101/><T117/><D117/><U75/><E115/><V76/><F76/><N who="3" m="46535" /><G37/><T106/><D78/><U129/><E129/><V122/><F122/><W118/><G1/><T34/><D34/><U32/><E134/><V27/><F40/><N who="3" m="24807" /><G133/><T59/><D84/><U116/><E116/><V55/><F36/><W80/><G80/><T91/><REACH who="0" step="1"/><D105/><REACH who="0" ten="291,284,119,296" step="2"/><U93/><E32/><V58/><F4/><W42/><G118/><T81/><D81/><U41/><E73/><V25/><REACH who="2" step="1"/><F9/><REACH who="2" ten="291,284,109,296" step="2"/><W107/><G11/><T48/><D48/><U135/><E135/><V89/><F89/><W5/><G10/><T28/><D28/><U35/><E72/><V86/><F86/><W22/><G107/><T98/><D98/><U108/><E75/><V120/><F120/><W74/><G51/><T2/><D2/><U79/><E108/><V126/><F126/><W90/><G74/><T113/><D113/><U92/><E79/><V85/><F85/><W12/><G31/><T17/><D17/><U3/><E3/><V114/><F114/><W33/><G30/><T66/><D66/><AGARI ba="0,2" hai="20,21,24,25,27,44,45,46,52,54,55,58,60,66" machi="66" ten="50,12000,2" yaku="1,1,29,2,8,1,54,1,53,1" doraHai="100" doraHaiUra="53" who="2" fromWho="0" sc="291,-120,284,0,109,140,296,0" /><INIT seed="4,0,0,0,5,124" ten="171,284,249,296" oya="0" hai0="48,2,53,50,80,67,55,85,40,93,39,83,105" hai1="51,0,89,71,73,132,57,27,61,46,41,123,119" hai2="117,116,135,95,24,34,112,120,22,77,111,38,66" hai3="47,97,104,58,15,100,65,21,103,94,43,86,107"/><T54/><D105/><U62/><E0/><V20/><F38/><W28/><G100/><T90/><D2/><U14/><E73/><V17/><F77/><W52/><G65/><T69/><D39/><U106/><E106/><V68/><F68/><W12/><G28/><T127/><D127/><U130/><E123/><V60/><F95/><W49/><G104/><T44/><REACH who="0" step="1"/><D50/><REACH who="0" ten="161,284,249,296" step="2"/><U33/><E51/><V114/><F120/><W92/><G107/><T31/><D31/><U35/><E119/><V37/><F37/><W113/><G113/><T74/><D74/><U88/><E132/><V98/><F135/><W8/><G43/><T108/><D108/><U36/><E41/><V109/><F112/><W26/><G47/><T7/><D7/><U23/><E46/><V4/><F4/><W131/><G49/><T45/><D45/><U91/><E36/><V63/><F114/><W96/><G58/><T9/><D9/><U13/><E57/><V125/><F125/><W84/><G8/><T42/><D42/><U6/><E6/><V76/><F116/><W70/><G70/><T32/><D32/><U129/><E71/><V78/><F34/><W56/><G56/><T118/><D118/><U19/><E35/><V1/><F117/><W64/><G21/><T126/><D126/><U122/><E33/><V82/><F1/><W29/><G29/><T72/><D72/><U121/><E121/><V101/><F22/><W81/><G64/><T3/><D3/><U30/><E122/><V18/><F66/><W128/><G52/><T25/><D25/><U87/><E27/><RYUUKYOKU ba="0,1" sc="161,30,284,-10,249,-10,296,-10" hai0="40,44,48,53,54,55,67,69,80,83,85,90,93" /><INIT seed="4,1,1,5,0,30" ten="191,274,239,286" oya="0" hai0="70,107,18,5,55,74,56,29,20,44,112,22,133" hai1="80,1,76,15,57,11,37,134,114,51,50,93,72" hai2="49,85,25,6,102,122,21,111,115,58,43,119,10" hai3="65,83,113,124,7,31,59,130,3,75,2,78,79"/><T60/><D107/><U4/><E134/><V92/><F111/><W98/><G79/><T67/><D74/><U129/><E129/><V106/><F122/><W108/><G108/><T104/><D133/><U53/><E114/><V84/><F115/><W13/><G113/><T66/><D104/><U47/><E93/><V27/><F119/><W8/><G130/><T9/><D112/><U32/><E32/><V132/><F132/><W110/><G110/><T62/><D67/><U99/><E99/><V123/><F123/><W34/><G124/><T131/><D131/><U121/><E121/><V17/><F106/><W45/><G45/><T116/><D116/><U87/><E37/><V24/><F85/><W126/><G98/><T96/><D96/><U69/><E69/><V40/><F102/><W90/><G90/><T97/><D97/><U118/><E118/><V16/><F21/><W42/><G42/><N who="2" m="15913" /><F6/><W91/><G91/><T63/><D44/><U28/><E1/><V68/><F10/><W94/><G126/><T23/><D29/><U71/><E28/><V127/><F68/><W33/><G31/><T81/><D81/><U64/><E71/><V73/><F73/><W38/><G38/><T125/><D125/><U77/><E72/><V82/><F92/><W52/><G94/><T14/><REACH who="0" step="1"/><D62/><REACH who="0" ten="181,274,239,286" step="2"/><U89/><E64/><V36/><F127/><W41/><G65/><T35/><D35/><U103/><E103/><V19/><F36/><W0/><G34/><T12/><AGARI ba="1,2" hai="5,9,12,14,18,20,22,23,55,56,60,63,66,70" machi="12" ten="20,7800,0" yaku="1,1,0,1,7,1,53,1" doraHai="30" doraHaiUra="54" who="0" fromWho="0" sc="181,101,274,-27,239,-27,286,-27" /><INIT seed="4,2,0,4,0,66" ten="282,247,212,259" oya="0" hai0="124,104,42,51,11,59,82,76,31,53,50,10,49" hai1="22,126,45,16,87,110,61,108,112,8,27,102,37" hai2="69,122,47,114,7,35,39,20,92,41,70,15,46" hai3="26,91,2,88,120,40,78,116,33,111,44,25,75"/><T107/><D31/><U96/><E126/><V68/><F122/><W13/><G2/><T89/><D89/><U57/><E112/><V80/><F35/><W9/><G116/><T135/><D135/><U79/><E8/><V119/><F114/><W99/><G111/><T3/><D124/><U115/><E115/><V32/><F32/><W43/><G120/><T52/><D42/><U95/><E45/><V67/><F119/><W97/><G78/><T81/><D51/><U24/><E37/><V62/><F47/><W23/><G75/><T101/><D101/><U6/><E6/><V19/><F92/><W98/><G33/><T74/><D82/><U106/><E27/><N who="3" m="10250" /><G23/><T73/><D73/><U130/><E130/><V30/><F30/><W0/><G0/><T128/><D128/><U18/><E18/><V34/><F34/><W121/><G121/><T17/><D10/><U133/><E133/><V48/><F7/><N who="3" m="3263" /><G44/><T72/><D72/><U132/><E132/><V93/><F39/><W127/><G127/><T125/><D125/><U131/><E131/><V63/><F80/><W83/><G91/><T84/><D74/><U64/><REACH who="1" step="1"/><E106/><REACH who="1" ten="282,237,212,259" step="2"/><V14/><F14/><W86/><AGARI ba="2,1" hai="40,43,83,86,88,97,98,99" m="3263,10250" machi="86" ten="30,2000,0" yaku="8,1,54,1" doraHai="66" who="3" fromWho="3" sc="282,-12,237,-7,212,-7,259,36" /><INIT seed="5,0,0,0,4,80" ten="270,230,205,295" oya="1" hai0="16,25,130,35,14,134,29,96,109,62,57,86,70" hai1="38,104,132,111,135,84,3,15,5,53,89,23,71" hai2="48,67,46,125,61,56,94,77,91,110,73,78,72" hai3="9,22,97,126,113,83,99,8,58,51,52,50,85"/><U68/><E104/><V98/><F110/><W12/><G113/><T60/><D109/><U87/><E38/><V122/><F122/><W108/><G108/><T118/><D118/><U120/><E111/><V36/><F36/><W41/><G126/><T117/><D117/><U20/><E120/><V92/><F125/><W33/><G33/><T1/><D1/><U103/><E103/><V26/><F73/><W82/><G83/><T106/><D130/><U63/><E3/><V54/><F72/><W76/><G22/><N who="1" m="8234" /><E89/><V105/><F105/><W34/><G34/><T101/><D134/><N who="1" m="51243" /><E53/><V28/><REACH who="2" step="1"/><F94/><REACH who="2" ten="270,230,195,295" step="2"/><W81/><G81/><T107/><D107/><U69/><E63/><V59/><F59/><W11/><G12/><T124/><D124/><U49/><E49/><V19/><F19/><W27/><G27/><T17/><D17/><U7/><E15/><V42/><F42/><W0/><G0/><T47/><D70/><U121/><E121/><V32/><AGARI ba="0,1" hai="26,28,32,46,48,54,56,61,67,77,78,91,92,98" machi="32" ten="20,5200,0" yaku="1,1,0,1,7,1,53,1" doraHai="80" doraHaiUra="31" who="2" fromWho="2" sc="270,-13,230,-26,195,62,295,-13" /><INIT seed="6,0,0,4,4,128" ten="257,204,257,282" oya="2" hai0="8,127,101,123,45,134,35,132,104,79,31,5,60" hai1="63,105,106,117,41,68,61,89,126,39,26,133,2" hai2="70,54,112,114,77,64,122,71,131,48,38,0,90" hai3="27,92,9,116,11,124,82,25,99,53,1,67,119"/><V83/><F122/><W130/><G130/><T12/><D123/><U52/><E2/><V84/><F131/><W29/><G124/><T75/><D127/><U55/><E126/><V28/><F38/><W111/><G111/><T34/><D45/><U44/><E89/><V4/><F28/><W21/><G67/><T95/><D104/><U102/><E102/><V81/><F64/><W98/><G82/><T7/><D60/><U73/><E26/><V40/><F40/><W80/><G80/><T121/><D121/><U109/><E73/><V91/><F4/><W88/><G98/><T62/><D62/><U108/><E106/><V129/><F0/><W20/><G1/><T30/><D7/><U22/><E22/><V3/><F3/><W65/><G65/><T110/><D110/><N who="1" m="42603" /><E105/><V56/><F129/><W107/><G107/><T47/><D79/><U87/><E87/><N who="2" m="48623" /><F90/><W58/><G119/><T120/><D75/><U19/><E19/><V115/><AGARI ba="0,0" hai="48,54,56,70,71,81,84,91,112,114,115" m="48623" machi="115" ten="30,1500,0" yaku="15,1" doraHai="128" who="2" fromWho="2" sc="257,-5,204,-5,257,15,282,-5" /><INIT seed="6,1,0,4,1,111" ten="252,199,272,277" oya="2" hai0="40,32,57,34,114,89,93,79,119,0,67,44,62" hai1="75,103,30,37,87,64,9,107,41,47,43,125,1" hai2="76,56,65,91,49,42,21,70,48,36,4,132,106" hai3="86,115,121,22,101,110,85,117,105,135,13,45,33"/><V25/><F132/><W116/><G33/><T50/><D119/><N who="3" m="45641" /><G110/><T134/><D0/><U58/><E43/><V24/><F106/><W31/><G121/><T17/><D134/><U68/><E125/><V112/><F36/><W118/><G135/><T19/><D79/><U60/><E87/><V12/><F70/><W7/><G118/><T98/><D114/><U71/><E30/><V16/><F112/><W99/><G115/><T66/><D66/><U102/><E58/><V108/><F108/><W90/><G45/><T97/><D97/><U8/><E8/><N who="2" m="4103" /><F76/><W54/><G54/><T95/><D95/><U14/><E14/><N who="2" m="9367" /><F91/><W61/><G7/><T77/><D77/><U124/><E124/><V84/><F84/><W46/><G86/><T26/><D34/><U23/><E71/><V127/><F127/><W27/><G13/><T3/><D3/><U82/><E107/><V5/><F5/><W20/><G20/><T6/><D6/><N who="1" m="1231" /><E23/><V74/><F74/><W80/><G46/><T130/><D32/><U35/><E35/><V131/><F42/><W126/><G126/><T10/><D26/><N who="2" m="10346" /><F131/><W73/><G73/><T133/><D130/><U29/><E75/><V59/><F59/><W88/><G90/><T83/><D133/><U28/><E82/><V2/><F2/><W104/><G104/><T63/><D83/><U94/><E94/><V109/><F109/><W100/><G100/><T113/><D63/><AGARI ba="1,0" hai="48,49,56,63,65" m="10346,9367,4103" machi="63" ten="30,2900,0" yaku="8,1,54,1" doraHai="111" who="2" fromWho="0" sc="252,-32,199,0,272,32,277,0" /><INIT seed="6,2,0,2,0,82" ten="220,199,304,277" oya="2" hai0="57,83,20,123,122,100,125,92,37,120,135,81,129" hai1="60,14,130,99,23,56,7,39,88,78,6,109,61" hai2="107,124,47,115,49,116,18,13,127,63,2,4,80" hai3="32,43,16,1,66,48,54,31,30,86,67,35,94"/><V71/><F116/><W27/><G1/><T126/><D37/><U101/><E39/><V118/><F118/><W58/><G43/><T44/><D44/><U133/><E109/><V8/><F107/><W89/><REACH who="3" step="1"/><G16/><REACH who="3" ten="220,199,304,267" step="2"/><T132/><D20/><U5/><E130/><V64/><F2/><W24/><AGARI ba="2,1" hai="24,27,30,31,32,35,48,54,58,66,67,86,89,94" machi="24" ten="30,8000,1" yaku="1,1,2,1,0,1,9,1,52,1,53,0" doraHai="82" doraHaiUra="77" who="3" fromWho="3" sc="220,-22,199,-22,304,-42,267,96" /><INIT seed="7,0,0,1,3,9" ten="198,177,262,363" oya="3" hai0="108,120,73,36,46,85,68,45,88,25,91,127,84" hai1="37,71,117,19,22,20,99,132,107,41,79,15,3" hai2="70,54,59,67,69,40,90,87,66,100,56,60,51" hai3="128,102,5,123,49,62,114,104,17,109,43,86,58"/><W131/><G123/><T6/><D73/><U55/><E3/><V38/><F100/><W63/><G109/><T65/><D120/><U113/><E71/><N who="2" m="27147" /><F90/><W133/><G5/><T98/><D98/><U89/><E117/><V4/><F4/><W61/><G17/><T44/><D108/><U92/><E107/><V27/><F27/><W8/><G63/><T101/><D101/><U72/><E132/><V112/><F87/><W126/><G62/><T12/><D36/><U125/><E125/><V21/><F21/><W106/><G8/><T119/><D119/><U2/><E2/><V29/><F29/><W31/><G86/><T103/><D103/><U124/><E124/><V7/><F7/><W94/><G31/><T33/><D127/><U30/><E113/><V81/><F81/><W96/><G114/><T1/><D1/><U110/><E110/><V77/><F77/><W53/><G96/><T34/><D25/><N who="1" m="16695" /><E79/><V24/><F24/><W130/><G106/><T35/><D85/><U115/><E72/><V134/><F134/><W10/><G104/><T52/><D84/><U0/><E0/><V122/><F112/><W64/><G133/><T105/><D105/><U48/><E115/><V75/><F75/><W82/><G126/><T13/><D6/><U16/><E19/><V93/><F122/><W80/><G130/><T111/><D111/><U76/><E76/><V57/><F93/><W28/><G131/><T39/><D39/><U42/><E37/><V50/><F38/><W32/><G128/><T14/><D52/><U121/><E121/><V97/><F54/><RYUUKYOKU ba="0,0" sc="198,15,177,15,262,-15,363,-15" hai0="12,13,14,33,34,35,44,45,46,65,68,88,91" hai1="15,16,20,41,42,48,55,89,92,99" owari="213,-19.0,192,-31.0,247,5.0,348,45.0" /></mjloggm>