<mjloggm ver="2.3"><GO type="41" lobby="0"/><UN n0="%E9%80%9F%E6%B0%B4%E6%9D%A5%E5%A4%A2" n1="%E3%82%A6%E3%83%AB%E3%83%88%E3%83%A9%E7%AB%8B%E7%9B%B4" n2="%E6%B5%B7%E5%BA%95%E5%B8%B8%E9%9B%84" n3="%61%6D%75%73%75%6E" dan="13,15,14,13" rate="1881.95,1930.69,1982.83,1853.60" sx="M,M,M,M"/><TAIKYOKU oya="0"/><INIT seed="0,0,0,0,0,39" ten="250,250,250,250" oya="0" hai0="31,124,26,96,16,117,12,88,71,79,24,40,5" hai1="28,129,1,95,6,118,69,104,32,74,43,127,15" hai2="27,90,89,37,49,21,63,87,53,35,86,47,116" hai3="30,99,110,58,70,57,56,101,108,123,78,48,62"/><T102/><D117/><U25/><E95/><V80/><F35/><W33/><G78/><T60/><D124/><U68/><E15/><V77/><F116/><W46/><G123/><T34/><D79/><U91/><E91/><V113/><F113/><W135/><G135/><T133/><D133/><U42/><E42/><V64/><F37/><W7/><G7/><T100/><D5/><U103/><E118/><V112/><F87/><W97/><G33/><T98/><D26/><U9/><E127/><V11/><F11/><W41/><G30/><T115/><D115/><U19/><E19/><V82/><F82/><W67/><REACH who="3" step="1"/><G101/><REACH who="3" ten="250,250,250,240" step="2"/><T66/><D100/><U3/><E74/><V107/><F112/><W52/><G52/><T59/><D102/><U73/><E73/><V65/><F65/><W105/><G105/><T22/><D71/><U50/><E103/><V8/><F107/><W4/><G4/><T121/><D121/><U93/><E104/><V0/><F64/><W132/><G132/><T83/><REACH who="0" step="1"/><D40/><REACH who="0" ten="240,250,250,240" step="2"/><U36/><E68/><V20/><F77/><W10/><G10/><T122/><D122/><U2/><E69/><V29/><F8/><W134/><G134/><T14/><D14/><U85/><E43/><V72/><F72/><W45/><G45/><T13/><D13/><U109/><E9/><V130/><F47/><W126/><G126/><T94/><D94/><U125/><E93/><V119/><F119/><W38/><G38/><T128/><D128/><U81/><E129/><V120/><F130/><W114/><G114/><T51/><D51/><U106/><E50/><RYUUKYOKU ba="0,2" sc="240,15,250,-15,250,-15,240,15" hai0="12,16,22,24,31,34,59,60,66,83,88,96,98" hai3="41,46,48,56,57,58,62,67,70,97,99,108,110" /><INIT seed="0,1,2,1,0,12" ten="255,235,235,255" oya="0" hai0="125,55,22,52,102,60,32,134,68,95,10,59,7" hai1="109,104,110,39,84,8,126,88,34,92,97,113,91" hai2="5,74,128,80,107,64,16,103,30,118,98,135,23" hai3="33,112,132,28,21,43,67,57,45,36,49,37,44"/><T81/><D68/><U15/><E34/><V46/><F118/><W133/><G33/><T116/><D116/><U13/><E39/><V76/><F135/><N who="3" m="51787" /><G28/><T19/><D32/><U47/><E113/><V73/><F30/><W105/><G105/><T2/><D134/><U29/><E29/><V100/><F5/><W85/><G85/><T56/><D125/><U62/><E126/><V26/><F100/><W18/><G112/><T108/><D108/><N who="1" m="41579" /><E104/><V31/><F128/><W93/><G93/><T17/><D81/><N who="1" m="49167" /><E47/><V25/><F64/><W99/><G99/><T24/><D102/><U75/><E75/><V94/><F107/><W51/><G67/><T77/><D77/><U127/><E127/><V86/><REACH who="2" step="1"/><F46/><REACH who="2" ten="255,235,225,255" step="2"/><W82/><G57/><T90/><D59/><U122/><E122/><V70/><F70/><W53/><G82/><T72/><D72/><U96/><E62/><V27/><F27/><AGARI ba="1,3" hai="18,21,27,36,37,43,44,45,49,51,53" m="51787" machi="27" ten="30,2000,0" yaku="20,1,52,1" doraHai="12" who="3" fromWho="2" sc="255,0,235,0,225,-23,255,53" /><INIT seed="1,0,0,2,3,67" ten="255,235,202,308" oya="1" hai0="78,5,98,124,71,45,103,106,59,37,11,126,116" hai1="32,70,97,115,100,22,44,94,6,27,57,15,66" hai2="85,129,65,16,17,21,84,86,35,36,88,92,75" hai3="117,133,77,33,19,118,132,95,53,123,56,2,24"/><U128/><E115/><V12/><F35/><W105/><G105/><T83/><D116/><N who="3" m="44649" /><G123/><T40/><D59/><U31/><E128/><V55/><F75/><W28/><G2/><T14/><REACH who="0" step="1"/><D71/><REACH who="0" ten="245,235,202,308" step="2"/><U110/><E110/><V25/><F129/><W121/><G121/><T80/><D80/><U74/><E44/><V73/><F65/><W107/><G107/><T43/><D43/><U135/><E135/><V62/><F36/><W69/><G69/><T91/><D91/><U8/><E74/><AGARI ba="0,1" hai="5,11,14,37,40,45,74,78,83,98,103,106,124,126" machi="74" ten="40,2600,0" yaku="1,1,53,1" doraHai="67" doraHaiUra="72" who="0" fromWho="1" sc="245,36,235,-26,202,0,308,0" /><INIT seed="2,0,0,3,4,38" ten="281,209,202,308" oya="2" hai0="120,127,8,119,51,19,129,39,31,67,115,36,41" hai1="58,56,76,72,92,23,125,32,130,83,9,116,98" hai2="66,82,107,63,74,75,35,17,79,11,100,123,45" hai3="102,27,29,52,49,111,118,30,94,43,40,95,20"/><V59/><F35/><W22/><G118/><T71/><D129/><U55/><E32/><V91/><F123/><W110/><G30/><T0/><D127/><U65/><E116/><V114/><F114/><W96/><G94/><T97/><D120/><U99/><E125/><V80/><F80/><W16/><G22/><T10/><D119/><U33/><E33/><V89/><F75/><W132/><G29/><T50/><D31/><U26/><E130/><V60/><F45/><N who="3" m="27695" /><G132/><T77/><D77/><U48/><E9/><V7/><F17/><W131/><G131/><T28/><D28/><U37/><E37/><V121/><F121/><W34/><G34/><T90/><D39/><U54/><E65/><V87/><F74/><W12/><G27/><T70/><D36/><U5/><E5/><V112/><F112/><W105/><G105/><T113/><D67/><U15/><E26/><V1/><REACH who="2" step="1"/><F63/><REACH who="2" ten="281,209,192,308" step="2"/><W126/><G126/><T53/><D113/><U86/><E72/><V44/><F44/><W122/><G122/><T6/><D115/><U135/><E135/><V128/><F128/><W124/><G124/><T47/><D19/><N who="1" m="10751" /><E92/><V103/><F103/><W42/><G110/><T4/><D6/><U68/><E68/><V78/><F78/><W14/><G111/><T93/><D71/><U61/><AGARI ba="0,1" hai="48,54,55,56,58,61,76,83,86,98,99" m="10751" machi="61" ten="30,1100,0" yaku="8,1" doraHai="38" who="1" fromWho="1" sc="281,-3,209,21,192,-5,308,-3" /><INIT seed="3,0,0,1,4,27" ten="278,230,187,305" oya="3" hai0="134,106,115,56,97,77,108,81,30,55,120,132,75" hai1="121,96,0,114,116,31,99,52,111,119,42,18,105" hai2="83,32,92,95,23,126,101,44,28,22,37,39,82" hai3="67,34,135,68,17,24,103,113,90,76,117,128,40"/><W66/><G117/><N who="1" m="45130" /><E0/><V125/><F44/><W64/><G113/><T12/><D115/><U14/><E114/><V11/><F11/><W51/><G135/><N who="0" m="51755" /><D108/><U43/><E111/><V25/><F101/><W70/><G128/><T94/><D106/><U26/><E52/><V2/><F2/><W73/><G103/><N who="0" m="60855" /><D12/><U21/><E121/><V33/><F25/><W29/><G90/><T10/><D10/><N who="1" m="6487" /><E105/><V47/><REACH who="2" step="1"/><F47/><REACH who="2" ten="278,230,177,305" step="2"/><W48/><G24/><T3/><D3/><U59/><E43/><V72/><F72/><W54/><G40/><T13/><D75/><U41/><E41/><V15/><F15/><W46/><G46/><T74/><D13/><U131/><E42/><V57/><F57/><W91/><G73/><T104/><D56/><U79/><E59/><V93/><F93/><W4/><G70/><T49/><D74/><U69/><E69/><V63/><F63/><W1/><G68/><T100/><D100/><U7/><E131/><V98/><F98/><W127/><G1/><T85/><D104/><U71/><E71/><V129/><F129/><W45/><G45/><T130/><D130/><U58/><E58/><V8/><F8/><W16/><G34/><T6/><D120/><U20/><E99/><V35/><F35/><W112/><G112/><T110/><D110/><U86/><E96/><V60/><F60/><W61/><G61/><T118/><D85/><U62/><E62/><V88/><F88/><W107/><G91/><T80/><D77/><U123/><E123/><V36/><F36/><W89/><G107/><T87/><D87/><U5/><E21/><RYUUKYOKU ba="0,1" sc="278,-15,230,15,177,15,305,-15" hai1="5,7,20,26,31,79,86" hai2="22,23,28,32,33,37,39,82,83,92,95,125,126" /><INIT seed="4,1,1,2,4,30" ten="263,245,192,290" oya="0" hai0="63,42,56,22,111,52,45,98,7,15,123,135,21" hai1="85,25,88,101,100,73,97,83,11,49,4,108,8" hai2="91,110,32,47,104,93,19,82,67,128,75,58,59" hai3="53,46,54,10,95,124,64,99,57,20,134,121,114"/><T119/><D123/><U48/><E108/><V61/><F110/><W17/><G121/><T76/><D119/><U6/><E73/><V127/><F104/><W31/><G114/><T113/><D113/><U60/><E60/><V26/><F128/><W29/><G134/><T109/><D135/><U72/><E72/><V133/><F133/><W84/><G124/><T39/><D76/><U28/><E8/><V50/><F127/><W9/><G84/><T16/><D7/><U80/><E80/><V40/><F82/><W33/><G33/><T117/><D117/><U69/><E69/><V107/><F107/><W132/><G132/><T102/><REACH who="0" step="1"/><D22/><REACH who="0" ten="253,245,192,290" step="2"/><U24/><E6/><V103/><F75/><W44/><G20/><T13/><D13/><U2/><E25/><V125/><F125/><W68/><G68/><T71/><D71/><U5/><E5/><V37/><F26/><W81/><G10/><T14/><D14/><U92/><E100/><V131/><F103/><W130/><G9/><T105/><AGARI ba="1,2" hai="15,16,21,39,42,45,52,56,63,98,102,105,109,111" machi="105" ten="30,11700,0" yaku="1,1,0,1,54,2,53,0" doraHai="30" doraHaiUra="3" who="0" fromWho="0" sc="253,140,245,-40,192,-40,290,-40" /><INIT seed="4,2,0,1,4,126" ten="393,205,152,250" oya="0" hai0="106,112,17,96,113,19,92,24,34,30,72,131,128" hai1="41,45,114,97,6,36,124,44,117,82,87,86,20" hai2="21,66,125,133,46,26,99,23,90,12,127,55,123" hai3="69,79,78,110,43,74,38,9,109,95,49,63,70"/><T2/><D72/><U31/><E117/><V57/><F123/><W27/><G110/><T118/><D118/><U42/><E124/><N who="2" m="47691" /><F133/><W35/><G109/><T3/><D106/><U58/><E114/><N who="0" m="44137" /><D92/><U76/><E97/><V102/><F90/><W59/><G38/><T129/><D96/><U84/><E58/><V116/><F116/><W130/><G74/><T67/><D67/><U75/><E20/><V22/><F12/><W48/><G95/><T120/><D120/><U93/><E31/><N who="2" m="17871" /><F46/><W80/><G43/><T121/><D121/><U111/><E111/><V81/><F81/><W89/><G80/><T135/><D135/><U94/><E6/><V71/><F71/><W83/><G83/><T4/><D4/><U47/><E47/><V64/><F22/><W37/><G63/><T65/><D65/><U115/><E115/><V13/><F13/><W39/><G59/><T91/><D91/><U51/><AGARI ba="2,0" hai="36,41,42,44,45,51,75,76,82,84,86,87,93,94" machi="51" ten="30,1100,0" yaku="0,1" doraHai="126" who="1" fromWho="1" sc="393,-7,205,17,152,-5,250,-5" /><INIT seed="5,0,0,5,5,132" ten="386,222,147,245" oya="1" hai0="64,46,112,122,0,114,3,96,10,123,91,21,104" hai1="77,131,28,30,24,110,34,116,67,48,70,51,97" hai2="88,58,18,76,119,43,62,72,94,82,126,105,74" hai3="16,12,133,121,13,101,29,129,36,80,5,98,73"/><U117/><E131/><V85/><F119/><W41/><G133/><T22/><D64/><U49/><E110/><V95/><F105/><W89/><G129/><T20/><D46/><U83/><E30/><V113/><F43/><W15/><G121/><N who="0" m="46091" /><D104/><U47/><E47/><V42/><F42/><W1/><G29/><T93/><D10/><U125/><E125/><V127/><F113/><AGARI ba="0,0" hai="0,3,20,21,22,91,93,96,112,113,114" m="46091" machi="113" ten="40,2600,0" yaku="15,1,13,1" doraHai="132" who="0" fromWho="2" sc="386,26,222,0,147,-26,245,0" /><INIT seed="6,0,0,5,1,59" ten="412,222,121,245" oya="2" hai0="43,120,129,4,37,16,130,109,108,133,40,64,57" hai1="9,58,78,2,86,83,10,23,18,3,22,119,27" hai2="20,24,121,81,115,95,33,32,80,25,55,110,13" hai3="35,84,54,30,73,61,21,8,96,135,31,87,14"/><V75/><F121/><W106/><G73/><T72/><D72/><U91/><E119/><V131/><F110/><W88/><G35/><T128/><D16/><N who="1" m="12743" /><E3/><V77/><F131/><W111/><G111/><N who="0" m="42571" /><D4/><U68/><E68/><V66/><F66/><W107/><G135/><T15/><D15/><N who="1" m="9695" /><E2/><V38/><F38/><W82/><G107/><T92/><D92/><U36/><E36/><V93/><F115/><W101/><G21/><T114/><D114/><U104/><E104/><V0/><F0/><W134/><G134/><T98/><D98/><U53/><E78/><V34/><F80/><W89/><G87/><T49/><D120/><U90/><E90/><V132/><F132/><W51/><G89/><T94/><D94/><U62/><AGARI ba="0,0" hai="9,10,53,58,62,83,86,91" m="9695,12743" machi="62" ten="30,4000,0" yaku="8,1,52,1,54,1" doraHai="59" who="1" fromWho="1" sc="412,-10,222,40,121,-20,245,-10" /><INIT seed="7,0,0,1,1,44" ten="402,262,101,235" oya="3" hai0="57,109,67,117,15,73,75,25,99,59,27,91,13" hai1="0,29,126,112,103,47,9,133,50,32,8,71,106" hai2="108,11,5,115,14,7,120,89,64,70,51,61,39" hai3="55,43,53,19,92,31,93,6,34,37,62,22,72"/><W88/><G72/><T131/><D109/><U63/><E0/><V95/><F108/><W81/><G34/><T129/><D117/><U17/><E17/><V10/><F39/><W4/><G37/><T110/><D110/><U134/><E126/><V48/><F120/><W123/><G123/><T127/><D127/><U98/><E112/><V79/><F79/><W113/><G113/><T21/><D67/><N who="1" m="41471" /><E9/><V97/><F115/><W116/><G116/><T18/><D73/><U16/><E16/><V20/><F20/><W80/><G43/><T41/><D41/><N who="1" m="24943" /><E8/><V36/><F36/><W130/><G130/><N who="0" m="49675" /><D75/><U49/><E49/><V111/><F111/><W122/><G122/><T56/><D27/><AGARI ba="0,0" hai="27,29,32,98,103,106,133,134" m="24943,41471" machi="27" ten="30,2000,0" yaku="25,1,52,1" doraHai="44" who="1" fromWho="0" sc="402,-20,262,20,101,0,235,0" owari="382,48.0,282,8.0,101,-40.0,235,-16.0" /></mjloggm>