<mjloggm ver="2.3"><GO type="97" lobby="0"/><UN n0="%E3%82%A6%E3%83%AB%E3%83%88%E3%83%A9%E7%AB%8B%E7%9B%B4" n1="%E6%9C%B1%E3%81%84%E9%9B%80" n2="%E9%B7%B9%E5%B4%8E%E5%A5%88%E6%B4%A5" n3="%6D%75%75%6E%6E" dan="15,13,13,14" rate="1975.95,1866.88,1893.11,1897.83" sx="M,M,M,M"/><TAIKYOKU oya="0"/><INIT seed="0,0,0,3,0,3" ten="250,250,250,250" oya="0" hai0="16,5,96,18,35,108,120,51,123,133,112,12,30" hai1="94,1,95,75,69,89,54,13,24,111,92,128,84" hai2="118,127,26,11,102,73,17,38,23,31,37,76,57" hai3="70,65,66,42,104,67,83,100,121,79,44,124,15"/><T58/><D96/><U126/><E69/><V131/><F118/><W103/><G124/><T47/><D58/><U135/><E1/><V36/><F127/><W52/><G70/><T122/><D51/><U90/><E75/><V59/><F131/><W78/><G121/><T116/><D47/><U117/><E126/><V64/><F102/><N who="3" m="38955" /><G104/><T119/><D112/><U106/><E117/><N who="0" m="45129" /><D133/><U9/><E111/><V33/><F11/><W14/><G42/><T46/><D46/><U98/><E135/><V60/><F59/><W80/><G80/><T2/><D2/><U114/><E114/><V50/><F50/><N who="3" m="28743" /><G83/><T25/><D108/><U32/><E128/><V41/><F41/><W93/><G93/><T20/><D18/><U22/><E106/><V107/><F107/><W6/><G78/><T48/><D48/><U61/><E32/><V39/><N who="2" m="9728" /><DORA hai="43" /><V10/><F10/><N who="3" m="4439" /><G79/><T71/><D71/><U91/><E61/><V82/><REACH who="2" step="1"/><F33/><REACH who="2" ten="250,250,240,250" step="2"/><W49/><G67/><T134/><D134/><U28/><E54/><V77/><F77/><W125/><G66/><T53/><D53/><U40/><E40/><V68/><F68/><W4/><G65/><T55/><D55/><U85/><E98/><V29/><AGARI ba="0,1" hai="17,23,26,29,31,57,60,64,73,76,82" m="9728" machi="29" ten="60,4000,0" yaku="1,1,0,1,53,0" doraHai="3,43" doraHaiUra="101,130" who="2" fromWho="2" sc="250,-20,250,-10,240,50,250,-10" /><INIT seed="1,0,0,5,3,88" ten="230,240,290,240" oya="1" hai0="62,125,21,127,8,5,11,26,84,46,98,116,120" hai1="89,85,107,74,12,22,10,1,63,96,123,119,81" hai2="50,112,118,82,77,55,57,71,43,86,79,103,53" hai3="41,131,15,60,42,133,105,99,39,124,69,126,48"/><U67/><E119/><V35/><F118/><W9/><G131/><T27/><D120/><U72/><E1/><V113/><F71/><W92/><G105/><T6/><D46/><U36/><E36/><V101/><F43/><W78/><G133/><T29/><D84/><U33/><E33/><V45/><F77/><W97/><G39/><T87/><D87/><U49/><E22/><V25/><F25/><W56/><G69/><T114/><D62/><U34/><E34/><V61/><REACH who="2" step="1"/><F35/><REACH who="2" ten="230,240,280,240" step="2"/><W135/><G135/><T104/><D116/><U122/><E122/><V30/><F30/><W93/><G78/><T128/><D128/><U76/><E123/><V40/><F40/><W23/><G41/><T111/><D27/><U24/><E24/><V19/><F19/><W32/><G32/><T44/><D26/><U80/><E49/><V52/><F52/><W95/><G42/><T37/><D29/><U66/><E67/><V102/><AGARI ba="0,1" hai="45,50,53,55,57,61,79,82,86,101,102,103,112,113" machi="102" ten="30,2000,0" yaku="1,1,0,1,53,0" doraHai="88" doraHaiUra="91" who="2" fromWho="2" sc="230,-5,240,-10,280,30,240,-5" /><INIT seed="2,0,0,5,4,65" ten="225,230,310,235" oya="2" hai0="54,47,70,4,120,21,17,12,18,66,32,24,109" hai1="33,126,60,48,72,127,29,85,69,100,45,84,6" hai2="8,97,92,75,90,64,94,88,104,103,51,80,36" hai3="102,30,99,117,26,87,131,123,35,116,55,129,76"/><V82/><F36/><W128/><G123/><T79/><D120/><U3/><E72/><V1/><F1/><W121/><G121/><T49/><D109/><U5/><E100/><V43/><F64/><W77/><G55/><T113/><D113/><U130/><E29/><V44/><F44/><W74/><BYE who="2" /><G74/><T63/><D79/><N who="3" m="30281" /><G87/><N who="1" m="33354" /><E33/><UN n2="%E9%B7%B9%E5%B4%8E%E5%A5%88%E6%B4%A5" /><V67/><F75/><W2/><G2/><T0/><D0/><U107/><E107/><AGARI ba="0,0" hai="26,30,35,99,102,107,116,117,128,129,131" m="30281" machi="107" ten="30,1000,0" yaku="19,1" doraHai="65" who="3" fromWho="1" sc="225,0,230,-10,310,0,235,10" /><INIT seed="3,0,0,2,4,75" ten="225,220,310,245" oya="3" hai0="92,129,87,77,133,16,112,41,18,111,71,12,19" hai1="95,1,4,69,107,33,11,128,83,22,8,134,119" hai2="57,100,25,54,110,32,62,68,89,73,109,113,130" hai3="5,85,76,50,124,72,117,15,38,31,28,61,93"/><W135/><G117/><T52/><D71/><U96/><E107/><V98/><F73/><W91/><G72/><T101/><D41/><U123/><E119/><V34/><F113/><W97/><G38/><T74/><D74/><U86/><E69/><V58/><F68/><W51/><G124/><T132/><D112/><U55/><E33/><V84/><F58/><W27/><G135/><N who="0" m="51787" /><D129/><U56/><E123/><V26/><F32/><W116/><G61/><T39/><D39/><U115/><E115/><V59/><F59/><W105/><G105/><T78/><D111/><N who="2" m="42506" /><F34/><W20/><G31/><T13/><D52/><U60/><E134/><V108/><F130/><W121/><G121/><T9/><D13/><U79/><E128/><V49/><F49/><W14/><G116/><T48/><D48/><N who="3" m="18473" /><G5/><N who="0" m="3119" /><D87/><U66/><E66/><V45/><F45/><W127/><G127/><T82/><D82/><AGARI ba="0,0" hai="14,15,20,27,28,76,82,85,91,93,97" m="18473" machi="82" ten="30,2900,0" yaku="8,1,52,1" doraHai="75" who="3" fromWho="0" sc="225,-29,220,0,310,0,245,29" /><INIT seed="3,1,0,3,5,89" ten="196,220,310,274" oya="3" hai0="87,120,46,18,105,15,115,81,41,53,28,128,124" hai1="42,126,55,39,31,57,44,135,61,24,26,75,38" hai2="122,106,37,27,96,52,132,0,114,90,119,3,68" hai3="17,70,92,91,97,54,82,59,100,111,117,72,5"/><W86/><G70/><T11/><D105/><U36/><E75/><V69/><F114/><W45/><G45/><T1/><D115/><U4/><E135/><V10/><F37/><W9/><G17/><T95/><D120/><U79/><E79/><V35/><F119/><W109/><G117/><T8/><D124/><U131/><E131/><V103/><F132/><W12/><REACH who="3" step="1"/><G72/><REACH who="3" ten="196,220,310,264" step="2"/><T113/><D113/><U63/><E126/><V48/><F69/><W130/><G130/><T20/><D128/><U58/><E4/><V43/><F68/><W23/><G23/><T6/><D28/><U121/><E121/><V93/><F122/><W73/><G73/><T74/><D74/><U22/><E26/><V40/><F10/><W49/><AGARI ba="1,1" hai="5,9,12,49,54,59,82,86,91,92,97,100,109,111" machi="49" ten="30,6000,0" yaku="1,1,0,1,52,1,53,0" doraHai="89" doraHaiUra="29" who="3" fromWho="3" sc="196,-21,220,-21,310,-21,264,73" owari="175,-32.0,199,-20.0,289,9.0,337,43.0" /></mjloggm>