<mjloggm ver="2.3"><GO type="169" lobby="0"/><UN n0="%E3%82%82%E3%81%86%E9%80%83%E3%81%92%E3%81%AD%E3%81%88%E3%82%88%EF%BC%81" n1="%E9%9D%92%E3%83%99%E3%82%AC" n2="%EF%BC%8D%72%69%6D%75%EF%BC%8D" n3="%E3%82%A6%E3%83%AB%E3%83%88%E3%83%A9%E7%AB%8B%E7%9B%B4" dan="16,16,16,17" rate="2088.31,2067.83,2110.16,2059.90" sx="M,M,M,M"/><TAIKYOKU oya="0"/><INIT seed="0,0,0,1,2,58" ten="250,250,250,250" oya="0" hai0="95,127,78,22,27,61,35,67,48,49,55,10,32" hai1="73,92,28,54,53,120,70,84,130,107,51,83,118" hai2="5,62,59,77,11,86,21,45,40,3,132,31,122" hai3="34,2,99,94,76,69,24,16,106,15,71,110,111"/><T65/><D127/><U93/><E107/><V74/><F122/><W13/><G2/><T38/><D38/><U97/><E120/><V14/><F132/><W108/><G76/><T19/><D78/><U7/><E118/><V8/><F74/><W88/><G106/><T68/><D67/><U25/><E73/><V57/><F31/><N who="3" m="19815" /><G15/><T30/><D95/><U33/><E70/><V104/><F104/><W37/><G37/><T23/><D10/><AGARI ba="0,0" hai="10,13,16,69,71,88,94,99,108,110,111" m="19815" machi="10" ten="30,3900,0" yaku="14,1,54,2" doraHai="58" who="3" fromWho="0" sc="250,-39,250,0,250,0,250,39" /><INIT seed="1,0,0,4,5,61" ten="211,250,250,289" oya="1" hai0="59,123,125,18,128,79,2,14,7,15,71,80,3" hai1="56,29,97,105,53,9,119,49,41,23,104,12,19" hai2="31,101,50,115,100,107,126,110,1,57,67,5,95" hai3="78,48,98,75,96,51,8,10,25,17,120,122,114"/><U134/><E119/><V93/><F115/><W92/><G78/><T33/><D71/><U4/><E134/><V38/><F38/><W99/><G75/><T130/><D33/><U16/><E29/><V131/><F31/><W69/><G69/><T32/><D32/><U55/><E41/><V116/><F116/><W70/><G70/><T82/><D123/><U94/><E55/><V27/><F27/><W81/><G81/><T22/><D125/><U37/><E37/><V43/><F126/><W68/><G68/><T112/><D112/><U91/><REACH who="1" step="1"/><E19/><REACH who="1" ten="211,240,250,289" step="2"/><V47/><F43/><W30/><G30/><T36/><D36/><U35/><E35/><V11/><F5/><W28/><G17/><T108/><D7/><U34/><E34/><V87/><F50/><W117/><G117/><T64/><D18/><U40/><E40/><V118/><F118/><W85/><G114/><T109/><D130/><U63/><E63/><V58/><F131/><W84/><G48/><T46/><D128/><U132/><E132/><V83/><F47/><W76/><G51/><T106/><D46/><U72/><E72/><V90/><F110/><W113/><G113/><T0/><D109/><U77/><E77/><V42/><F42/><W26/><G28/><T21/><D108/><U60/><E60/><V66/><F57/><W74/><G74/><T111/><D111/><U52/><E52/><V127/><F58/><W62/><G62/><N who="0" m="37983" /><D79/><U103/><E103/><V88/><F101/><W124/><G76/><T121/><D121/><U102/><E102/><V65/><F100/><N who="3" m="60423" /><G122/><T6/><D6/><RYUUKYOKU ba="0,1" sc="211,-10,240,30,250,-10,289,-10" hai1="4,9,12,16,23,49,53,56,91,94,97,104,105" /><INIT seed="1,1,1,2,0,126" ten="201,270,240,279" oya="1" hai0="36,62,48,93,108,17,98,23,129,92,0,53,112" hai1="12,15,70,84,77,86,119,52,114,41,99,7,102" hai2="133,88,65,72,105,104,46,30,4,118,78,19,111" hai3="80,56,81,120,127,123,38,22,43,44,131,73,13"/><U37/><E119/><V2/><F118/><W68/><G68/><T3/><D112/><U55/><E114/><V6/><F133/><W124/><G56/><T18/><D36/><U8/><E70/><V35/><F111/><W49/><G49/><T109/><D62/><U121/><E121/><V75/><F65/><W83/><G73/><T58/><D129/><U95/><E37/><V59/><F59/><W16/><REACH who="3" step="1"/><G131/><REACH who="3" ten="201,270,240,269" step="2"/><T33/><D109/><U96/><E41/><V39/><F75/><W85/><G85/><T5/><D108/><U132/><E86/><V50/><F72/><W34/><G34/><T64/><D33/><U14/><E132/><V57/><F50/><W89/><G89/><T100/><D64/><U74/><E74/><V10/><F57/><W31/><G31/><T71/><D71/><U42/><E42/><V97/><F30/><W63/><G63/><T26/><D5/><U87/><E87/><V106/><F6/><W117/><G117/><T135/><D135/><U66/><E7/><V76/><F35/><W61/><G61/><T69/><D69/><U27/><E84/><V113/><F113/><W29/><G29/><T47/><D58/><U28/><E28/><V79/><F39/><W122/><AGARI ba="1,2" hai="13,16,22,38,43,44,80,81,83,120,122,123,124,127" machi="122" ten="40,5200,0" yaku="1,1,0,1,54,1,53,0" doraHai="126" doraHaiUra="90" who="3" fromWho="3" sc="201,-14,270,-27,240,-14,269,75" /><INIT seed="2,0,0,1,2,110" ten="187,243,226,344" oya="2" hai0="134,95,122,108,119,73,18,11,96,66,67,50,123" hai1="116,125,82,24,35,128,9,74,61,14,60,19,15" hai2="1,59,97,42,69,7,32,103,3,30,68,41,133" hai3="86,101,65,39,76,25,17,47,63,6,90,44,23"/><V53/><F133/><W79/><G101/><T107/><D108/><U93/><E116/><V135/><F135/><W98/><G98/><T4/><D119/><U48/><E128/><V126/><F126/><W127/><G127/><T5/><D134/><U22/><E125/><V94/><F32/><W45/><G6/><T84/><D73/><U72/><E35/><V113/><F30/><W105/><G105/><T2/><D107/><U46/><E14/><V114/><F69/><W21/><G21/><T54/><D84/><U40/><E74/><V62/><F68/><W36/><G36/><T117/><D5/><U115/><E115/><V20/><F20/><W121/><G39/><T70/><D18/><U111/><E111/><V131/><F131/><W102/><G102/><T0/><D0/><U99/><E82/><V27/><F27/><W106/><G106/><T37/><D37/><U77/><E77/><V83/><F83/><W56/><G121/><T52/><D117/><U55/><E72/><V92/><F94/><AGARI ba="0,0" hai="17,23,25,44,45,47,56,63,65,76,79,86,90,94" machi="94" ten="40,1300,0" yaku="8,1" doraHai="110" who="3" fromWho="2" sc="187,0,243,0,226,-13,344,13" /><INIT seed="3,0,0,5,5,62" ten="187,243,213,357" oya="3" hai0="74,25,120,95,112,115,66,108,11,82,26,59,128" hai1="126,125,96,65,22,77,133,31,48,49,32,135,12" hai2="131,64,21,61,72,103,67,14,52,46,23,70,78" hai3="107,63,29,8,73,129,118,69,56,0,93,39,47"/><W42/><G118/><T24/><D120/><U124/><E32/><V36/><F131/><W92/><G107/><T10/><D128/><U54/><E77/><V33/><F33/><W119/><G119/><T50/><D108/><U55/><E96/><V40/><F103/><W127/><G129/><T1/><D95/><U17/><E31/><V123/><F123/><W89/><G29/><T85/><D74/><U6/><E6/><V90/><F90/><W5/><G127/><T87/><D50/><N who="1" m="19563" /><E65/><V132/><F132/><AGARI ba="0,0" hai="12,17,22,54,55,124,125,126,132,133,135" m="19563" machi="132" ten="40,2600,0" yaku="18,1,20,1" doraHai="62" who="1" fromWho="2" sc="187,0,243,26,213,-26,357,0" /><INIT seed="4,0,0,5,1,19" ten="187,269,187,357" oya="0" hai0="87,13,99,129,0,37,122,95,9,17,23,33,71" hai1="135,48,86,16,25,131,92,64,78,82,49,47,24" hai2="98,109,69,21,111,60,134,97,1,113,127,94,123" hai3="74,121,63,32,36,29,50,80,125,112,90,59,62"/><T10/><D71/><U2/><E2/><V44/><F1/><W54/><G36/><T108/><D122/><U120/><E120/><V118/><F123/><W68/><G68/><T28/><D37/><U20/><E131/><V72/><F72/><W4/><G4/><N who="0" m="1159" /><D129/><U93/><E135/><V107/><F134/><W73/><G62/><T88/><D108/><U83/><E64/><V56/><F69/><W12/><G63/><T58/><D58/><U55/><E25/><V67/><F118/><W65/><G50/><T52/><D52/><N who="1" m="29727" /><E83/><V106/><F127/><W57/><G65/><T26/><D10/><U96/><E96/><AGARI ba="0,0" hai="13,17,23,26,28,33,87,88,95,96,99" m="1159" machi="96" ten="30,5800,0" yaku="24,1,52,1,54,1" doraHai="19" who="0" fromWho="1" sc="187,58,269,-58,187,0,357,0" /><INIT seed="4,1,0,5,5,88" ten="245,211,187,357" oya="0" hai0="10,39,73,7,132,44,84,74,13,116,104,69,105" hai1="87,107,106,33,4,15,56,130,16,81,103,82,57" hai2="32,43,121,37,125,20,118,46,19,91,127,47,28" hai3="29,24,80,126,0,55,135,85,72,52,63,78,92"/><T134/><D69/><U79/><E33/><V49/><F121/><W51/><G0/><T124/><D116/><U94/><E130/><V25/><F118/><W112/><G126/><N who="2" m="48137" /><F91/><W18/><G18/><T64/><D64/><U38/><E38/><V14/><F46/><W114/><G135/><T26/><D26/><U117/><E117/><V34/><F37/><W120/><G120/><T36/><D84/><N who="1" m="48191" /><E106/><N who="0" m="41065" /><D124/><U97/><E107/><V113/><F113/><N who="3" m="43627" /><G63/><T23/><D23/><AGARI ba="1,0" hai="14,19,20,23,25,28,32,34,43,47,49" m="48137" machi="23" ten="30,1000,0" yaku="18,1" doraHai="88" who="2" fromWho="0" sc="245,-13,211,0,187,13,357,0" /><INIT seed="5,0,0,2,5,23" ten="232,211,200,357" oya="1" hai0="18,61,9,43,27,133,19,22,15,90,103,111,14" hai1="54,112,65,77,42,45,116,3,38,28,119,78,59" hai2="69,83,82,50,95,98,107,49,97,1,13,75,121" hai3="5,56,92,128,89,47,34,25,102,132,10,96,99"/><U84/><E3/><V53/><F121/><W2/><G128/><T6/><D111/><U79/><E65/><V108/><F1/><W21/><G34/><T40/><D133/><U110/><E110/><V17/><F69/><W124/><G124/><T33/><D103/><U101/><E112/><V120/><F108/><W39/><G56/><T24/><D33/><U100/><E28/><V94/><F120/><W51/><G39/><T26/><D61/><U4/><E4/><V115/><F107/><W35/><G35/><T52/><D52/><U31/><E31/><V8/><F115/><W113/><G113/><T93/><D6/><U125/><E125/><V55/><F75/><W122/><G122/><T30/><D30/><U66/><E84/><AGARI ba="0,0" hai="9,14,15,18,19,22,24,26,27,40,43,84,90,93" machi="84" ten="40,8000,1" yaku="8,1,52,3" doraHai="23" who="0" fromWho="1" sc="232,80,211,-80,200,0,357,0" /><INIT seed="6,0,0,2,5,6" ten="312,131,200,357" oya="2" hai0="100,129,49,29,27,134,58,78,82,108,113,92,9" hai1="11,8,30,3,39,5,131,94,70,55,7,90,119" hai2="80,17,106,22,65,104,52,88,24,126,12,34,79" hai3="123,25,0,18,115,114,71,41,38,50,21,135,118"/><V54/><F126/><W32/><G38/><T16/><D108/><U83/><E70/><V128/><F128/><W107/><G107/><T124/><D129/><U77/><E39/><V63/><F106/><W51/><G71/><T110/><D110/><U102/><E102/><V59/><F104/><W76/><G41/><T122/><D124/><U36/><E36/><V4/><F34/><W42/><G42/><T103/><D122/><U10/><E119/><V64/><F64/><W112/><G123/><T45/><D58/><U14/><E131/><V2/><F2/><W44/><G44/><T132/><D113/><U61/><E30/><V31/><F4/><W75/><G118/><T74/><D92/><U127/><E127/><V93/><F31/><W69/><G69/><T72/><D72/><U13/><E3/><V97/><REACH who="2" step="1"/><F24/><REACH who="2" ten="312,131,190,357" step="2"/><W20/><G0/><T91/><D29/><U73/><E11/><V37/><F37/><W125/><G125/><T35/><D35/><U19/><E19/><V96/><F96/><W89/><G18/><T26/><D26/><U53/><E61/><V28/><F28/><W43/><G25/><T48/><D27/><U60/><E60/><V86/><AGARI ba="0,1" hai="12,17,22,52,54,59,63,65,79,80,86,88,93,97" machi="86" ten="20,18000,2" yaku="1,1,0,1,7,1,8,1,54,2,53,0" doraHai="6" doraHaiUra="117" who="2" fromWho="2" sc="312,-60,131,-60,190,190,357,-60" /><INIT seed="6,1,0,5,5,84" ten="252,71,380,297" oya="2" hai0="5,93,22,115,75,7,30,27,106,1,61,26,86" hai1="0,29,32,69,110,114,126,25,112,15,81,78,120" hai2="102,48,79,66,45,50,38,95,74,24,71,43,58" hai3="116,113,40,3,127,77,128,65,8,31,89,51,21"/><V17/><F74/><W59/><G116/><T10/><D106/><U118/><E29/><V67/><F79/><W34/><G34/><T94/><D75/><U60/><E25/><V23/><F71/><W14/><G77/><T87/><D115/><U56/><E15/><V28/><F28/><W130/><G3/><T70/><D7/><U13/><E13/><V132/><F132/><W133/><G133/><T68/><D27/><U123/><E56/><V37/><F37/><W36/><G36/><T20/><D20/><U121/><E60/><V88/><F102/><W47/><G113/><T90/><D61/><U80/><E78/><V83/><F83/><W19/><G127/><T39/><D39/><U57/><E57/><V44/><F58/><W100/><G100/><T35/><D35/><U46/><E46/><V97/><F38/><W104/><G104/><T53/><D53/><AGARI ba="1,0" hai="17,23,24,43,44,45,48,50,53,66,67,88,95,97" machi="53" ten="30,11600,0" yaku="7,1,8,1,52,1,54,1" doraHai="84" who="2" fromWho="0" sc="252,-119,71,0,380,119,297,0" /><INIT seed="6,2,0,1,0,71" ten="133,71,499,297" oya="2" hai0="13,52,29,111,84,114,27,66,49,70,17,98,53" hai1="9,80,112,93,18,46,132,47,64,45,128,86,95" hai2="44,75,28,122,11,39,81,73,83,94,7,21,2" hai3="6,117,25,36,127,97,62,121,119,106,26,130,61"/><V107/><F107/><W92/><G106/><T90/><D111/><U108/><E108/><V10/><F122/><W55/><G6/><T4/><D4/><U74/><E74/><V34/><F34/><W118/><G121/><T50/><D114/><U103/><E112/><V68/><F68/><W104/><G104/><T67/><D98/><U30/><E128/><V14/><F94/><W82/><G82/><N who="0" m="49431" /><D70/><U133/><E64/><N who="0" m="24617" /><D27/><U42/><E30/><V109/><F109/><W0/><G0/><T63/><D29/><U40/><E103/><V96/><F96/><W131/><G25/><T123/><D123/><U134/><E9/><V125/><F75/><W57/><G26/><T115/><D115/><U65/><E65/><V126/><F28/><W110/><G110/><T24/><D24/><U135/><N who="1" m="33792" /><DORA hai="91" /><U8/><E8/><V116/><F11/><W38/><G127/><T54/><D63/><U78/><E18/><V69/><F21/><AGARI ba="2,0" hai="13,17,21,49,50,52,53,54" m="24617,49431" machi="21" ten="30,2000,0" yaku="8,1,54,1" doraHai="71,91" who="0" fromWho="2" sc="133,26,71,0,499,-26,297,0" /><INIT seed="7,0,0,3,5,72" ten="159,71,473,297" oya="3" hai0="71,94,132,33,36,57,38,76,50,89,30,49,88" hai1="91,113,11,52,43,9,135,85,63,18,83,87,92" hai2="42,40,126,23,28,80,12,128,127,121,122,104,51" hai3="109,124,108,64,60,6,90,115,29,99,131,118,35"/><W105/><G118/><T44/><D71/><U4/><E113/><V134/><F104/><W25/><G115/><T41/><D132/><U68/><E135/><V82/><F134/><W34/><G34/><T53/><D89/><U86/><E68/><V55/><F128/><W8/><G131/><T66/><D66/><U14/><E43/><N who="2" m="16427" /><F28/><W48/><G48/><T95/><D95/><U116/><E116/><V37/><F37/><W73/><G73/><T58/><D58/><U101/><E101/><V59/><F23/><W5/><G5/><T2/><D2/><U125/><E125/><N who="2" m="47627" /><F12/><W123/><G123/><AGARI ba="0,0" hai="51,55,59,80,82,121,122,123" m="47627,16427" machi="123" ten="30,2000,0" yaku="13,1,18,1" doraHai="72" who="2" fromWho="3" sc="159,0,71,0,473,20,297,-20" owari="159,-24.0,71,-43.0,493,59.0,277,8.0" /></mjloggm>