<mjloggm ver="2.3"><GO type="97" lobby="0"/><UN n0="%72%79%75%75%31%33%36" n1="%E3%82%A6%E3%83%AB%E3%83%88%E3%83%A9%E7%AB%8B%E7%9B%B4" n2="%E3%82%AB%E3%82%A4%E3%82%B8%58%50" n3="%42%42%51" dan="15,15,13,13" rate="1987.07,1998.59,1865.75,1881.68" sx="F,M,M,M"/><TAIKYOKU oya="0"/><INIT seed="0,0,0,5,5,89" ten="250,250,250,250" oya="0" hai0="126,40,121,78,50,5,73,65,25,71,79,56,106" hai1="42,36,26,0,87,24,125,133,75,113,59,95,34" hai2="47,12,57,114,35,112,82,93,10,97,28,116,58" hai3="111,120,130,7,98,43,33,105,14,61,2,15,122"/><T123/><D106/><U117/><E117/><V45/><F116/><W118/><G118/><T74/><D71/><U17/><E75/><V39/><F82/><W94/><G105/><T72/><D126/><U4/><E133/><V127/><F127/><W63/><G111/><T23/><D5/><U115/><E125/><V51/><F35/><W135/><G33/><T16/><D40/><U67/><E34/><V27/><F28/><W22/><G130/><T77/><REACH who="0" step="1"/><D65/><REACH who="0" ten="240,250,250,250" step="2"/><U129/><E4/><V55/><F112/><W91/><G43/><T99/><D99/><U90/><E129/><V101/><F114/><W37/><G7/><T76/><N who="0" m="19968" /><DORA hai="132" /><T92/><D92/><U110/><E67/><V13/><F39/><W68/><G68/><T30/><D30/><U66/><E36/><V48/><F93/><W107/><G37/><T88/><D88/><U80/><E66/><V96/><F97/><W11/><G107/><T128/><D128/><U119/><E95/><V86/><F96/><W104/><G104/><T124/><D124/><U6/><E90/><V70/><F70/><W103/><G91/><T1/><D1/><U100/><E6/><V41/><F41/><W32/><G2/><T8/><D8/><U131/><E0/><V19/><F10/><W9/><G9/><T29/><D29/><U102/><E115/><V62/><F55/><AGARI ba="0,1" hai="16,23,25,50,55,56,72,73,74,121,123" m="19968" machi="55" ten="60,11600,0" yaku="1,1,54,1,53,1" doraHai="89,132" doraHaiUra="84,18" who="0" fromWho="2" sc="240,126,250,0,250,-116,250,0" /><INIT seed="0,1,0,4,5,7" ten="366,250,134,250" oya="0" hai0="72,99,11,101,103,58,29,93,17,70,22,115,122" hai1="77,120,104,21,8,98,26,79,89,73,51,117,33" hai2="71,61,54,46,1,119,88,80,112,25,100,18,95" hai3="44,45,30,66,27,0,130,36,81,55,94,52,125"/><T110/><D70/><U84/><E33/><V6/><F112/><W20/><G130/><T32/><D115/><U126/><E120/><V108/><F108/><W90/><G125/><T50/><D72/><U37/><E37/><V83/><F119/><W132/><G132/><T105/><D122/><U75/><E117/><V57/><F100/><W65/><G0/><T111/><D32/><U92/><E126/><V59/><F71/><W5/><G81/><N who="2" m="31305" /><F1/><W24/><G5/><T38/><D38/><U40/><E104/><V123/><F6/><W102/><G102/><T128/><D29/><N who="1" m="17615" /><E98/><N who="2" m="57703" /><F123/><W78/><G78/><T9/><D128/><U23/><E73/><V4/><F4/><W69/><G69/><T62/><D50/><U56/><E75/><V68/><F68/><W106/><G36/><T114/><D114/><U91/><E77/><V16/><F25/><W131/><G131/><T31/><D31/><U67/><E79/><V127/><F127/><W135/><G135/><T47/><D47/><U87/><E91/><V76/><F76/><W64/><G27/><N who="0" m="14799" /><D103/><U28/><E51/><N who="2" m="30943" /><F46/><N who="3" m="18027" /><G106/><T13/><D13/><U49/><E49/><V97/><F97/><AGARI ba="1,0" hai="20,24,30,52,55,64,65,66,90,94,97" m="18027" machi="97" ten="30,2000,0" yaku="8,1,54,1" doraHai="7" who="3" fromWho="2" sc="366,0,250,0,134,-23,250,23" /><INIT seed="1,0,0,4,4,11" ten="366,250,111,273" oya="1" hai0="42,100,93,132,53,101,65,131,4,21,57,125,66" hai1="126,79,26,50,10,6,39,41,99,115,83,55,69" hai2="107,85,119,88,104,17,124,91,8,92,63,5,96" hai3="105,74,18,111,35,134,59,129,32,34,89,87,135"/><U13/><E69/><V3/><F124/><W2/><G105/><T133/><D42/><U19/><E126/><V54/><F119/><W14/><G74/><T97/><D125/><U76/><E115/><V103/><F17/><W67/><G2/><T47/><D47/><U121/><E121/><V116/><F116/><W127/><G127/><T110/><D110/><U15/><E26/><V128/><F128/><W78/><G129/><T36/><D36/><U0/><E79/><V38/><F38/><W48/><G78/><T60/><D101/><U51/><E19/><V49/><F63/><W30/><G30/><T112/><D112/><U44/><E99/><V102/><F102/><W23/><G111/><T25/><D4/><U130/><E130/><V118/><F118/><W33/><N who="3" m="8704" /><DORA hai="20" /><W56/><G67/><T9/><D9/><U106/><E106/><V62/><F62/><W113/><G113/><T7/><D7/><U109/><E109/><V90/><REACH who="2" step="1"/><F104/><REACH who="2" ten="366,250,101,273" step="2"/><W77/><G48/><T12/><D131/><U98/><E51/><V80/><F80/><W16/><G18/><N who="0" m="10439" /><D25/><U28/><E28/><V82/><F82/><N who="3" m="49399" /><G77/><T24/><D24/><U27/><E27/><V95/><F95/><W29/><G29/><T75/><D75/><U84/><E98/><V22/><F22/><W61/><G61/><T122/><D122/><U117/><E117/><V81/><F81/><W31/><G31/><T46/><D133/><AGARI ba="0,1" hai="14,16,23,56,59,133,134,135" m="49399,8704" machi="133" ten="60,7700,0" yaku="20,1,52,1,54,1" doraHai="11,20" who="3" fromWho="0" sc="366,-77,250,0,101,0,273,87" /><INIT seed="2,0,0,0,5,112" ten="289,250,101,360" oya="2" hai0="96,133,128,50,81,134,43,59,39,49,22,58,28" hai1="27,54,44,82,33,83,2,11,35,46,57,42,115" hai2="94,131,69,123,100,29,66,103,101,135,129,37,51" hai3="98,30,5,121,13,117,104,89,26,15,31,21,71"/><V67/><F37/><W109/><G121/><T86/><D39/><U87/><E115/><V107/><F123/><W114/><G114/><T16/><D28/><U90/><E2/><V9/><F135/><N who="0" m="51722" /><D96/><U76/><E33/><V20/><F9/><W17/><G71/><T74/><D74/><U3/><E35/><V106/><F94/><W24/><G104/><N who="2" m="39977" /><F51/><N who="0" m="19466" /><D43/><U120/><E120/><V118/><F118/><W1/><G98/><T34/><D34/><U79/><E3/><V62/><F69/><W40/><G89/><N who="0" m="51407" /><D128/><N who="2" m="49226" /><F62/><W36/><G40/><T8/><D8/><U92/><E11/><V41/><F41/><W95/><G36/><T63/><D63/><U38/><E42/><V91/><F91/><W113/><G113/><T56/><D56/><U97/><E38/><V119/><F119/><W124/><G117/><T12/><AGARI ba="0,0" hai="12,16,22,58,59" m="51407,19466,51722" machi="12" ten="30,2000,0" yaku="20,1,54,1" doraHai="112" who="0" fromWho="0" sc="289,20,250,-5,101,-10,360,-5" /><INIT seed="3,0,0,2,2,32" ten="309,245,91,355" oya="3" hai0="50,61,128,80,72,27,53,107,101,92,25,67,43" hai1="57,120,15,114,9,113,103,45,48,88,52,2,59" hai2="105,0,83,76,90,39,56,42,23,129,51,31,102" hai3="99,68,106,111,58,38,36,110,124,55,34,96,117"/><W7/><G117/><T77/><D128/><U81/><E120/><V119/><F119/><W6/><G34/><T19/><D43/><U10/><E103/><V73/><F39/><N who="3" m="14891" /><G68/><T115/><D115/><U84/><E59/><V75/><F129/><W60/><G124/><T13/><D107/><U18/><E57/><V64/><F42/><W14/><G14/><T69/><D101/><U87/><E87/><V112/><F112/><W62/><G106/><T33/><D92/><U66/><E66/><V100/><F75/><W5/><G62/><T17/><D17/><U121/><E121/><V95/><F102/><W135/><G135/><T130/><D33/><U41/><E41/><V127/><F127/><W8/><G8/><T108/><D108/><AGARI ba="0,0" hai="5,6,7,55,58,60,96,99,108,110,111" m="14891" machi="108" ten="40,3900,0" yaku="14,1,10,1" doraHai="32" who="3" fromWho="0" sc="309,-39,245,0,91,0,355,39" owari="270,7.0,245,-15.0,91,-41.0,394,49.0" /></mjloggm>