<mjloggm ver="2.3"><GO type="97" lobby="0"/><UN n0="%E3%81%AD%E3%81%93%E3%81%99%E3%81%83%EF%BD%9E" n1="%E3%81%A1%E3%82%83%E3%81%BE%E3%82%8D" n2="%E3%82%A6%E3%83%AB%E3%83%88%E3%83%A9%E7%AB%8B%E7%9B%B4" n3="%E4%B8%89%E4%BB%A3%E7%9B%AE" dan="13,15,15,14" rate="1836.34,1981.45,1998.35,1903.24" sx="M,M,M,M"/><TAIKYOKU oya="0"/><INIT seed="0,0,0,0,2,85" ten="250,250,250,250" oya="0" hai0="121,18,30,112,45,100,81,130,104,124,37,87,94" hai1="80,69,127,29,88,82,41,0,60,32,118,114,17" hai2="2,19,21,3,56,16,43,33,6,14,117,11,1" hai3="31,120,129,75,125,13,51,48,102,15,58,110,78"/><T64/><D121/><U133/><E118/><V36/><F43/><W106/><G110/><T39/><D112/><U115/><E0/><N who="2" m="107" /><F36/><W54/><G31/><T98/><D130/><U34/><E133/><V61/><F56/><W59/><G129/><T27/><D18/><U63/><E41/><V5/><F61/><W99/><G125/><T109/><D109/><U62/><E69/><V84/><F84/><W76/><G120/><T44/><D124/><U86/><E80/><V79/><F79/><W70/><G70/><T35/><D94/><U101/><E101/><V128/><F117/><W83/><G78/><T57/><D39/><U10/><E29/><V53/><F53/><AGARI ba="0,0" hai="13,15,48,51,53,54,58,59,75,76,83,99,102,106" machi="53" ten="40,1300,0" yaku="9,1" doraHai="85" who="3" fromWho="2" sc="250,0,250,0,250,-13,250,13" /><INIT seed="1,0,0,2,1,52" ten="250,250,237,263" oya="1" hai0="108,29,58,88,83,40,51,81,55,38,102,134,59" hai1="92,84,77,74,23,34,76,97,54,22,135,4,69" hai2="113,60,73,67,70,56,121,94,124,129,45,30,61" hai3="37,68,19,91,85,78,114,15,132,80,46,117,112"/><U50/><E69/><V118/><F73/><W122/><G68/><T98/><D108/><U89/><E34/><V123/><F118/><W49/><G37/><T72/><D134/><U16/><E135/><V25/><F124/><W3/><G3/><T93/><D38/><U127/><E4/><V9/><F129/><W53/><G132/><T104/><D40/><U17/><E127/><V5/><F45/><W0/><G0/><T107/><D29/><U86/><E74/><V128/><F128/><W31/><G31/><T2/><D2/><U26/><E76/><V79/><F79/><W101/><G101/><T62/><D72/><U48/><E77/><V90/><F113/><W1/><G1/><T57/><D62/><U125/><E125/><V44/><F44/><W95/><G122/><T64/><D64/><U115/><E115/><V96/><F60/><W10/><REACH who="3" step="1"/><G117/><REACH who="3" ten="250,250,237,253" step="2"/><T110/><D110/><U99/><E99/><AGARI ba="0,1" hai="10,15,19,46,49,53,78,80,85,91,95,99,112,114" machi="99" ten="30,8000,1" yaku="1,1,2,1,7,1,53,2" doraHai="52" doraHaiUra="111" who="3" fromWho="1" sc="250,0,250,-80,237,0,253,90" /><INIT seed="2,0,0,2,3,43" ten="250,170,237,343" oya="2" hai0="104,124,91,12,8,66,56,22,95,108,75,27,128" hai1="6,65,28,7,84,94,110,36,119,120,51,81,74" hai2="100,25,26,44,125,96,129,19,118,17,1,122,53" hai3="106,23,78,55,24,107,127,102,117,46,41,132,57"/><V5/><F122/><W52/><G117/><T85/><D108/><U73/><E36/><V42/><F118/><W90/><G78/><T62/><D128/><U70/><E119/><V88/><F5/><W126/><G132/><T20/><D124/><N who="3" m="47657" /><G90/><T111/><D111/><U4/><E110/><V135/><F1/><W97/><G57/><T68/><D104/><U30/><E120/><V47/><F129/><W116/><G107/><T29/><D75/><U16/><E94/><N who="2" m="56391" /><F135/><W83/><G83/><T21/><REACH who="0" step="1"/><D68/><REACH who="0" ten="240,170,237,343" step="2"/><U115/><E73/><V92/><F125/><W35/><G116/><T14/><D14/><U40/><E74/><V112/><F112/><W59/><G106/><T18/><AGARI ba="0,1" hai="8,12,18,20,21,22,27,29,56,62,66,85,91,95" machi="18" ten="20,5200,0" yaku="1,1,0,1,7,1,8,1,53,0" doraHai="43" doraHaiUra="93" who="0" fromWho="0" sc="240,62,170,-13,237,-26,343,-13" /><INIT seed="3,0,0,3,2,39" ten="302,157,211,330" oya="3" hai0="114,73,48,17,106,132,82,121,29,4,55,133,13" hai1="36,78,93,11,43,125,6,7,70,124,22,59,96" hai2="12,52,74,88,49,24,64,117,53,27,80,120,28" hai3="14,51,1,42,38,99,57,129,102,25,87,19,75"/><W69/><G69/><T21/><D121/><U32/><E32/><V103/><F120/><W109/><G75/><T81/><D106/><U130/><E70/><V83/><F117/><W101/><G1/><T123/><D123/><U63/><E130/><V8/><F64/><W62/><G38/><T33/><D114/><U127/><E78/><V20/><F103/><W44/><G25/><T2/><D73/><U54/><E22/><V113/><F113/><W90/><G99/><T108/><D108/><U89/><REACH who="1" step="1"/><E11/><REACH who="1" ten="302,147,211,330" step="2"/><V45/><F74/><W111/><G129/><T60/><D133/><U126/><N who="1" m="32256" /><DORA hai="76" /><U16/><E16/><N who="2" m="8199" /><F27/><W92/><G109/><T15/><D132/><U91/><E91/><V71/><F71/><W115/><G111/><T128/><D128/><U110/><E110/><V95/><F53/><W84/><G115/><T0/><D33/><U34/><E34/><V35/><F35/><W107/><G90/><T58/><D29/><U77/><E77/><V9/><F9/><W37/><G19/><T3/><D4/><U118/><E118/><V40/><F40/><W122/><G42/><T61/><D61/><U112/><E112/><V65/><F65/><W135/><G62/><T18/><D60/><U68/><E68/><V47/><F47/><AGARI ba="0,1" hai="6,7,36,43,47,54,59,63,89,93,96" m="32256" machi="47" ten="70,8000,1" yaku="1,1,18,1,52,1,53,2" doraHai="39,76" doraHaiUra="41,50" who="1" fromWho="2" sc="302,0,147,90,211,-80,330,0" owari="302,10.0,237,-16.0,131,-37.0,330,43.0" /></mjloggm>