<mjloggm ver="2.3"><GO type="97" lobby="0"/><UN n0="%E3%82%A6%E3%83%AB%E3%83%88%E3%83%A9%E7%AB%8B%E7%9B%B4" n1="%E5%A4%A2%E3%81%BF%E3%82%8B%E7%AE%B1" n2="%6D%65%72%72%61%6E" n3="%E3%81%A1%E3%82%85%E3%81%86%E3%81%9F%E3%81%A4" dan="15,13,14,14" rate="2042.23,1977.00,1899.68,1996.34" sx="M,M,F,M"/><TAIKYOKU oya="0"/><INIT seed="0,0,0,2,4,89" ten="250,250,250,250" oya="0" hai0="91,112,105,116,52,127,45,35,71,102,7,111,44" hai1="97,96,13,114,126,0,72,64,47,125,113,94,108" hai2="85,110,99,42,122,58,132,76,65,86,90,59,41" hai3="135,101,28,30,93,118,124,14,92,43,5,117,88"/><T53/><D35/><U78/><E0/><V18/><F76/><W84/><G43/><T70/><D102/><N who="1" m="60695" /><E64/><V15/><F122/><W107/><G107/><T16/><D105/><U11/><E47/><N who="0" m="17993" /><D7/><N who="1" m="3327" /><E108/><V4/><F110/><W103/><G135/><T32/><D32/><U31/><E31/><N who="3" m="11818" /><G124/><N who="1" m="47722" /><E97/><V95/><F132/><W9/><G118/><T3/><D3/><U62/><E62/><N who="2" m="38103" /><F59/><W57/><G117/><T24/><D127/><U12/><E12/><V83/><F4/><W36/><G36/><T34/><D116/><U40/><E40/><N who="2" m="15467" /><F83/><AGARI ba="0,0" hai="72,78,83,113,114" m="47722,3327,60695" machi="83" ten="30,2000,0" yaku="18,1,52,1" doraHai="89" who="1" fromWho="2" sc="250,0,250,20,250,-20,250,0" /><INIT seed="1,0,0,0,1,36" ten="250,270,230,250" oya="1" hai0="102,118,11,7,67,75,86,49,76,54,129,50,91" hai1="31,87,25,70,89,55,32,93,77,0,84,22,6" hai2="15,59,35,107,33,20,30,112,83,122,126,65,3" hai3="111,23,66,57,18,100,8,63,119,41,42,72,110"/><U133/><E133/><V81/><F3/><W101/><G72/><T131/><D118/><U28/><E70/><V37/><F122/><W92/><G119/><T52/><D67/><U103/><E103/><V73/><F107/><W109/><G8/><T71/><D102/><N who="3" m="39529" /><G92/><T47/><D71/><U68/><E68/><V113/><F37/><W120/><G120/><T10/><D76/><U64/><E64/><V46/><F73/><W124/><G124/><T40/><D75/><U117/><E117/><V82/><F126/><W79/><G79/><T108/><D108/><N who="3" m="27649" /><W45/><DORA hai="4" /><G45/><N who="0" m="25767" /><D54/><U74/><E74/><V9/><F46/><W88/><G88/><T94/><D7/><U39/><E39/><V90/><F90/><W104/><G104/><T27/><D27/><AGARI ba="0,0" hai="18,23,27,41,42,57,63,66" m="27649,39529" machi="27" ten="40,5200,0" yaku="14,1,52,2" doraHai="36,4" who="3" fromWho="0" sc="250,-52,270,0,230,0,250,52" /><INIT seed="2,0,0,1,4,40" ten="198,270,230,302" oya="2" hai0="22,1,56,2,59,128,14,17,77,46,71,114,9" hai1="68,100,26,24,103,7,88,106,37,19,76,49,70" hai2="93,5,105,101,11,50,25,130,27,92,64,126,129" hai3="3,39,57,66,80,81,47,123,36,109,63,42,21"/><V95/><F105/><W13/><G3/><T78/><D71/><U33/><E37/><V62/><F101/><W94/><G123/><T61/><D114/><U82/><E7/><V55/><F64/><W4/><G109/><T65/><D128/><U135/><E135/><V133/><F62/><W127/><G127/><T28/><D56/><U15/><E68/><V84/><F84/><W60/><G36/><T52/><D2/><U29/><E70/><V102/><F102/><W91/><G60/><T110/><D110/><U48/><E26/><V107/><F107/><W125/><G125/><T32/><D32/><U41/><E106/><V132/><F126/><W118/><G118/><T116/><D116/><U113/><E113/><V54/><F11/><W10/><G21/><T104/><D104/><U35/><E49/><V18/><F18/><W134/><G134/><N who="2" m="51817" /><F5/><W89/><G91/><T30/><D1/><U69/><E88/><V44/><F55/><W122/><G122/><T98/><D98/><AGARI ba="0,0" hai="4,10,13,39,42,47,57,63,66,80,81,89,94,98" machi="98" ten="30,2000,0" yaku="7,1,52,1" doraHai="40" who="3" fromWho="0" sc="198,-20,270,0,230,0,302,20" /><INIT seed="3,0,0,5,3,5" ten="178,270,230,322" oya="3" hai0="25,16,134,132,45,28,93,130,34,127,6,36,49" hai1="135,108,52,89,58,53,26,113,94,0,64,70,62" hai2="22,78,56,91,37,109,110,73,88,38,103,80,33" hai3="116,118,104,15,63,101,51,111,61,74,32,42,13"/><W107/><G32/><T90/><D36/><U87/><E108/><N who="2" m="41579" /><F33/><W11/><G111/><T115/><D115/><U2/><E113/><V21/><F56/><W18/><G74/><T40/><D127/><U97/><E135/><V77/><F103/><W41/><G101/><T3/><D130/><U128/><E128/><V47/><F47/><W65/><G51/><T71/><D71/><U9/><E26/><V35/><F35/><W119/><G118/><T96/><REACH who="0" step="1"/><D16/><REACH who="0" ten="168,270,230,322" step="2"/><U29/><E70/><V99/><F38/><W98/><G18/><T82/><D82/><U43/><E29/><V75/><F37/><W100/><G119/><T50/><D50/><U8/><E62/><V106/><F106/><W44/><G104/><T20/><D20/><N who="2" m="7786" /><F99/><W131/><G98/><T95/><D95/><U126/><E94/><V86/><F86/><W121/><G107/><T125/><D125/><U112/><E87/><V122/><F122/><W57/><G116/><T14/><D14/><U67/><E97/><V69/><F69/><W19/><G13/><T84/><D84/><U7/><E126/><V17/><F17/><W54/><G19/><T12/><D12/><U79/><E112/><V124/><F124/><W129/><G15/><T4/><D4/><U60/><E7/><V39/><F39/><W27/><G121/><T120/><D120/><U24/><E60/><V76/><F80/><W30/><G61/><T68/><D68/><U46/><E43/><V117/><F117/><W48/><G129/><T23/><D23/><U31/><E31/><V92/><F92/><W114/><G131/><RYUUKYOKU ba="0,1" sc="168,15,270,-15,230,15,322,-15" hai0="3,6,25,28,34,40,45,49,90,93,96,132,134" hai2="73,75,76,77,78,88,91" owari="183,-32.0,255,6.0,245,-15.0,317,41.0" /></mjloggm>