<mjloggm ver="2.3"><GO type="169" lobby="0"/><UN n0="%E6%AF%94%E5%98%89%E7%A7%80%E4%BB%81" n1="%E3%81%94%E3%81%98%E3%82%83%E3%82%8B" n2="%E3%82%A6%E3%83%AB%E3%83%88%E3%83%A9%E7%AB%8B%E7%9B%B4" n3="%E9%9C%9C%E6%9C%88%E3%81%95%E3%82%93" dan="16,18,17,16" rate="2052.78,2228.28,2066.51,2120.02" sx="M,M,M,M"/><TAIKYOKU oya="0"/><INIT seed="0,0,0,4,0,11" ten="250,250,250,250" oya="0" hai0="120,125,56,95,8,59,13,107,47,16,66,73,94" hai1="103,35,10,72,67,132,88,109,117,53,128,0,75" hai2="34,82,100,111,106,123,84,134,6,61,99,70,28" hai3="54,18,101,102,118,39,113,119,31,65,1,41,97"/><T49/><D107/><U46/><E117/><V115/><F6/><W22/><G113/><T112/><D120/><U69/><E103/><V77/><F111/><W24/><G102/><T68/><D112/><U87/><E35/><V30/><F30/><W43/><G1/><T80/><D125/><U42/><E109/><V85/><F115/><W86/><G65/><T4/><D68/><U7/><E132/><V129/><F129/><W37/><G43/><N who="0" m="24831" /><D73/><U122/><E122/><V116/><F116/><W14/><G54/><T93/><D80/><U40/><E40/><V114/><F114/><W83/><G39/><T57/><D66/><U90/><E128/><V2/><F2/><W52/><G52/><T58/><N who="0" m="14336" /><DORA hai="51" /><T92/><N who="0" m="23552" /><DORA hai="32" /><T127/><D127/><U135/><E53/><V36/><F36/><W76/><G41/><T121/><D121/><U21/><E75/><V23/><F82/><W45/><G45/><T126/><D126/><U48/><E46/><V62/><F70/><W50/><G50/><T79/><D79/><U19/><E48/><V9/><F77/><W25/><G37/><T74/><D74/><U98/><E72/><V26/><F106/><W38/><G38/><T104/><D104/><U27/><E42/><V44/><F44/><W60/><G60/><T91/><D91/><U71/><E71/><V108/><F62/><W133/><G118/><T17/><AGARI ba="0,0" hai="4,8,13,16,17" m="23552,14336,24831" machi="17" ten="60,11700,0" yaku="8,1,52,1,54,1" doraHai="11,51,32" who="0" fromWho="0" sc="250,117,250,-39,250,-39,250,-39" /><INIT seed="0,1,0,3,4,85" ten="367,211,211,211" oya="0" hai0="16,103,130,89,64,116,101,53,10,96,49,47,18" hai1="68,82,131,35,83,24,123,46,30,133,9,95,106" hai2="104,92,114,79,115,97,50,54,6,62,93,74,1" hai3="121,107,132,48,52,12,25,86,27,11,45,63,120"/><T37/><D116/><U60/><E123/><N who="3" m="47178" /><G107/><T70/><D130/><U129/><E106/><V102/><F6/><N who="3" m="3191" /><G132/><T39/><D70/><U73/><E133/><V84/><F1/><W44/><G45/><T91/><D64/><U77/><E83/><V122/><F62/><W17/><G17/><N who="0" m="6763" /><D39/><U2/><E95/><V8/><F8/><W58/><G86/><T0/><D37/><U90/><E46/><V21/><F93/><W105/><G105/><T112/><D112/><U128/><E60/><V127/><F104/><W7/><G7/><T76/><D0/><U31/><E68/><V23/><F74/><W55/><AGARI ba="1,0" hai="25,27,44,48,52,55,58,63" m="3191,47178" machi="55" ten="30,2000,0" yaku="13,1,54,1" doraHai="85" who="3" fromWho="3" sc="367,-11,211,-6,211,-6,211,23" /><INIT seed="1,0,0,3,2,85" ten="356,205,205,234" oya="1" hai0="95,36,80,7,68,11,112,122,124,30,42,14,88" hai1="91,63,89,51,16,15,64,66,92,82,107,8,106" hai2="69,131,49,103,73,93,54,111,86,130,134,132,29" hai3="94,2,87,101,32,129,97,55,76,27,58,23,72"/><U62/><E51/><V44/><F73/><W77/><G2/><T81/><D68/><U104/><E82/><V70/><F29/><W46/><G32/><T65/><D112/><U50/><E50/><V115/><F103/><W3/><G3/><T75/><D122/><U110/><E110/><V56/><F93/><W41/><G72/><T71/><D75/><U116/><E116/><V119/><F86/><W20/><G20/><T59/><D71/><N who="2" m="27146" /><F119/><W37/><G87/><N who="0" m="52639" /><D36/><U10/><E92/><V1/><F1/><W84/><G84/><T24/><D42/><U21/><E21/><V102/><F102/><W17/><G129/><N who="2" m="49161" /><F111/><W40/><G40/><T99/><D124/><U33/><E33/><V74/><F74/><W109/><G109/><T133/><D133/><N who="2" m="51306" /><F115/><W128/><G128/><T18/><D99/><U60/><REACH who="1" step="1"/><E8/><REACH who="1" ten="356,195,205,234" step="2"/><V126/><F44/><W9/><G9/><T45/><D45/><U78/><E78/><V117/><F117/><W52/><G77/><T61/><D81/><U100/><E100/><V38/><F38/><W90/><G101/><T12/><D80/><U47/><E47/><V113/><F113/><W6/><G76/><T127/><D11/><U5/><E5/><V67/><F126/><W83/><G6/><T26/><D127/><U4/><E4/><V123/><F123/><W108/><G108/><T13/><D7/><U39/><E39/><V31/><F31/><W105/><G83/><T125/><D125/><U53/><E53/><N who="3" m="20554" /><G105/><T96/><D30/><U35/><E35/><V118/><F118/><W79/><G79/><T28/><D28/><RYUUKYOKU ba="0,1" sc="356,-30,195,10,205,10,234,10" hai1="10,15,16,60,62,63,64,66,89,91,104,106,107" hai2="49,54,56,67" hai3="17,23,27,37,41,46,58,90,94,97" /><INIT seed="1,1,1,1,0,38" ten="326,205,215,244" oya="1" hai0="96,90,80,97,16,79,77,76,95,127,39,34,33" hai1="43,9,32,51,12,44,22,108,132,120,23,89,82" hai2="46,20,98,50,116,114,37,58,57,49,52,31,85" hai3="67,106,26,55,71,69,135,109,66,68,129,125,8"/><U72/><E32/><V45/><F116/><W54/><G106/><T107/><D127/><U122/><E132/><V130/><F37/><W36/><G8/><T15/><D39/><U19/><E108/><V78/><F114/><W13/><G13/><T48/><D80/><U18/><E9/><V64/><F64/><N who="3" m="24619" /><G26/><T11/><REACH who="0" step="1"/><D48/><REACH who="0" ten="316,205,215,244" step="2"/><U25/><REACH who="1" step="1"/><E89/><REACH who="1" ten="316,195,215,244" step="2"/><V21/><F21/><W10/><G109/><T92/><D92/><U118/><E118/><V5/><F20/><W47/><G135/><T117/><D117/><U88/><E88/><V24/><F130/><W65/><G129/><T1/><D1/><U14/><E14/><V27/><F27/><W134/><G134/><T73/><D73/><U3/><E3/><V119/><F24/><W93/><G93/><T28/><D28/><U29/><E29/><V104/><F31/><W131/><G131/><T75/><D75/><U123/><E123/><V59/><F119/><W112/><G71/><T86/><D86/><U124/><E124/><V133/><F133/><W53/><G125/><T115/><D115/><U41/><E41/><V103/><F85/><W2/><G112/><T4/><D4/><U110/><E110/><V113/><F5/><W101/><G69/><T70/><D70/><U121/><E121/><V60/><F113/><W35/><G2/><T62/><D62/><U42/><E42/><V83/><F60/><W126/><G126/><T87/><D87/><U7/><E7/><V0/><F0/><W84/><G68/><T99/><D99/><U6/><E6/><V102/><F98/><W61/><G61/><RYUUKYOKU ba="1,3" sc="316,15,195,15,215,-15,244,-15" hai0="11,15,16,33,34,76,77,79,90,95,96,97,107" hai1="12,18,19,22,23,25,43,44,51,72,82,120,122" /><INIT seed="1,2,3,5,2,2" ten="331,210,200,229" oya="1" hai0="125,81,45,30,35,6,120,91,70,1,117,62,100" hai1="114,23,83,63,19,71,3,93,31,127,123,133,129" hai2="92,113,77,41,57,67,44,82,59,29,128,98,72" hai3="109,40,103,4,122,107,28,50,24,26,33,74,99"/><U5/><E114/><V106/><F106/><W18/><G122/><T130/><D117/><U104/><E104/><V75/><F75/><W53/><G74/><T58/><D70/><U48/><E123/><V94/><F67/><W7/><G40/><T11/><D120/><U126/><E31/><V76/><F76/><W131/><G131/><T61/><D100/><U17/><E83/><V115/><F29/><W90/><G109/><T111/><D130/><U32/><E32/><V101/><F94/><W43/><G43/><T124/><D111/><U34/><E34/><V80/><F80/><W86/><G18/><T95/><D81/><U13/><E129/><V68/><F68/><W84/><G26/><N who="0" m="18903" /><D45/><U0/><E48/><N who="2" m="26639" /><F128/><W46/><G86/><N who="0" m="52727" /><D58/><U134/><E93/><AGARI ba="2,3" hai="4,7,24,28,33,46,50,53,84,90,93,99,103,107" machi="93" ten="30,3900,0" yaku="7,1,52,2" doraHai="2" who="3" fromWho="1" sc="331,0,210,-45,200,0,229,75" /><INIT seed="2,0,0,4,2,58" ten="331,165,200,304" oya="2" hai0="103,107,121,73,10,106,62,37,57,21,105,84,63" hai1="43,112,29,32,41,85,16,80,8,53,78,119,9" hai2="40,44,19,14,45,70,60,74,120,64,116,83,90" hai3="123,96,95,72,122,5,129,115,131,23,93,114,101"/><V98/><F116/><W2/><G2/><T15/><D121/><N who="3" m="46089" /><G23/><T104/><D73/><U39/><E119/><V109/><F120/><W110/><G5/><T126/><D37/><U68/><E112/><N who="3" m="43050" /><G110/><T87/><D126/><U31/><E68/><V91/><F109/><W52/><G52/><T124/><D124/><U100/><E100/><V3/><F3/><W125/><G125/><T20/><N who="0" m="26624" /><DORA hai="35" /><T59/><D103/><U118/><E118/><V55/><F98/><N who="3" m="59599" /><G72/><T7/><D21/><U134/><E39/><V65/><F65/><W127/><G127/><T1/><D1/><U77/><E53/><V56/><F45/><W71/><G71/><T81/><D20/><U25/><E32/><V4/><F4/><W28/><G28/><T6/><D6/><U0/><E0/><V82/><F70/><W36/><G36/><T42/><D42/><U97/><E25/><V47/><F40/><W113/><G113/><T61/><REACH who="0" step="1"/><D84/><REACH who="0" ten="321,165,200,304" step="2"/><U38/><E85/><N who="2" m="50487" /><F74/><W108/><G108/><T111/><D111/><U79/><E38/><V27/><F27/><W51/><G51/><T26/><D26/><U66/><E43/><V48/><F14/><W46/><G46/><T22/><D22/><U50/><E41/><V33/><F44/><W102/><AGARI ba="0,1" hai="95,96,102,129,131" m="59599,43050,46089" machi="102" ten="40,5200,0" yaku="11,1,34,2" doraHai="58,35" who="3" fromWho="3" sc="321,-13,165,-13,200,-26,304,62" /><INIT seed="3,0,0,4,0,64" ten="308,152,174,366" oya="3" hai0="118,46,32,125,22,81,129,104,123,39,97,111,33" hai1="87,77,93,51,88,78,30,90,28,26,99,75,106" hai2="15,96,68,48,70,100,101,3,76,36,83,105,21" hai3="65,112,43,52,131,122,116,8,44,113,40,95,103"/><W6/><G122/><T5/><D123/><U134/><E134/><V55/><F36/><W12/><G116/><T121/><D121/><U79/><E75/><V120/><F3/><W126/><G131/><T67/><D118/><U127/><E127/><V11/><F21/><W1/><G126/><T57/><D125/><U119/><E119/><V16/><F101/><W34/><G34/><T50/><D39/><U9/><E9/><V10/><F10/><W132/><G132/><T135/><D129/><U84/><E51/><V60/><F60/><W130/><G130/><T80/><D135/><U17/><E106/><V7/><F7/><W91/><G103/><T109/><D33/><U31/><E90/><V56/><F120/><W14/><G65/><T38/><D38/><U74/><E74/><AGARI ba="0,0" hai="11,15,16,48,55,56,68,70,74,76,83,96,100,105" machi="74" ten="30,7700,0" yaku="7,1,52,2,54,1" doraHai="64" who="2" fromWho="1" sc="308,0,152,-77,174,77,366,0" /><INIT seed="4,0,0,0,5,16" ten="308,75,251,366" oya="0" hai0="45,122,90,1,20,98,61,100,92,21,132,124,46" hai1="59,13,53,71,36,0,96,113,39,32,111,110,77" hai2="76,123,3,51,48,119,75,115,109,18,81,91,62" hai3="50,8,66,86,83,56,73,30,11,34,116,126,27"/><T89/><D122/><U135/><E0/><V52/><F3/><W15/><G116/><T54/><D1/><U82/><E32/><V4/><F4/><W10/><G73/><T40/><D132/><U19/><E71/><V128/><F109/><W58/><G126/><T118/><D118/><U78/><E135/><V2/><F2/><W44/><G66/><T84/><D124/><U95/><E113/><V94/><F128/><W133/><G133/><T97/><D97/><U25/><E25/><V23/><F115/><W35/><G35/><T17/><D17/><U42/><E111/><V114/><F114/><W6/><G58/><N who="0" m="35031" /><D90/><U55/><E110/><V22/><F123/><W28/><G56/><T9/><D9/><U107/><E107/><V33/><F33/><W49/><G30/><T65/><D65/><U37/><E42/><V38/><F38/><W43/><G49/><N who="0" m="26791" /><D46/><U106/><E106/><V7/><F7/><W120/><REACH who="3" step="1"/><G120/><REACH who="3" ten="308,75,251,356" step="2"/><T5/><D5/><U63/><E39/><V88/><F75/><W24/><G24/><T93/><AGARI ba="0,1" hai="20,21,84,89,92,93,98,100" m="26791,35031" machi="93" ten="30,6000,0" yaku="8,1,52,2" doraHai="16" who="0" fromWho="0" sc="308,70,75,-20,251,-20,356,-20" /><INIT seed="4,1,0,0,3,43" ten="378,55,231,336" oya="0" hai0="67,101,24,104,97,110,131,135,37,94,103,72,61" hai1="28,35,88,134,109,78,116,115,48,16,53,59,11" hai2="112,123,118,117,0,29,14,90,49,20,133,122,52" hai3="93,128,82,114,26,130,19,71,31,106,56,89,126"/><T3/><D3/><U41/><E116/><N who="2" m="44651" /><F0/><W107/><G71/><T38/><D135/><U92/><E109/><V95/><F133/><W6/><G82/><T75/><D131/><N who="3" m="50217" /><G126/><T96/><D110/><U36/><E134/><V55/><F55/><W113/><G19/><T10/><D10/><U129/><E129/><V99/><F112/><N who="3" m="43115" /><G56/><T100/><D100/><U57/><E115/><V9/><F29/><W121/><G6/><T62/><D24/><U65/><E78/><V33/><F33/><N who="3" m="20727" /><G121/><T51/><D75/><U132/><E132/><V22/><F22/><W127/><G127/><T86/><D72/><U74/><E74/><V83/><F20/><W1/><G1/><T108/><D108/><U69/><E69/><V77/><F83/><W21/><G21/><T46/><D62/><N who="1" m="38111" /><E35/><V76/><F76/><W73/><G73/><T98/><D61/><U12/><E28/><V30/><F30/><W119/><G119/><T105/><D67/><U124/><E124/><V54/><F77/><W81/><G81/><T70/><D70/><U50/><E36/><V15/><F122/><W42/><G107/><T60/><D60/><N who="1" m="35887" /><E41/><V40/><F40/><W111/><G106/><T13/><D38/><U102/><E102/><V91/><F123/><W47/><G111/><T58/><D37/><U87/><AGARI ba="1,0" hai="11,12,16,48,50,87,88,92" m="35887,38111" machi="87" ten="30,4000,0" yaku="8,1,54,2" doraHai="43" who="1" fromWho="1" sc="378,-21,55,43,231,-11,336,-11" /><INIT seed="5,0,0,0,1,101" ten="357,98,220,325" oya="1" hai0="85,0,35,128,108,99,12,38,115,96,132,119,110" hai1="22,55,18,50,26,95,107,68,49,9,25,86,92" hai2="91,71,33,41,78,4,104,34,13,36,11,112,58" hai3="69,31,123,87,90,75,100,130,111,127,81,82,103"/><U20/><E68/><V118/><F78/><N who="3" m="44255" /><G31/><T79/><D12/><U117/><E117/><V133/><F41/><W7/><G7/><T37/><D85/><U40/><E107/><V106/><F36/><W120/><G69/><T32/><D79/><U45/><E9/><V6/><F71/><W134/><G111/><T84/><D84/><U5/><E5/><V59/><F91/><W2/><G2/><T93/><D93/><U64/><E64/><V83/><F11/><W16/><G16/><T74/><D99/><U125/><E125/><V44/><F13/><W62/><G62/><T52/><D52/><U121/><E121/><V102/><F44/><W65/><G65/><T135/><D96/><U60/><E60/><V105/><F102/><W10/><G10/><T113/><D0/><U109/><E109/><V51/><F83/><W15/><G82/><T98/><D98/><U94/><E86/><V56/><F51/><W114/><G87/><T126/><D126/><U54/><REACH who="1" step="1"/><E49/><REACH who="1" ten="357,88,220,325" step="2"/><V46/><F118/><W48/><G48/><T47/><D119/><U30/><AGARI ba="0,1" hai="18,20,22,25,26,30,40,45,50,54,55,92,94,95" machi="30" ten="30,11700,0" yaku="1,1,2,1,0,1,8,1,53,0" doraHai="101" doraHaiUra="29" who="1" fromWho="1" sc="357,-39,88,127,220,-39,325,-39" /><INIT seed="5,1,0,4,2,26" ten="318,215,181,286" oya="1" hai0="9,110,47,43,100,42,4,36,13,11,83,114,92" hai1="126,84,108,52,85,22,59,135,107,33,53,17,129" hai2="20,48,71,95,130,119,23,8,54,73,12,5,81" hai3="132,104,56,105,76,67,66,1,61,124,116,91,0"/><U65/><E33/><V77/><F71/><W127/><G132/><T40/><D110/><U75/><E75/><V25/><F119/><W14/><G116/><T49/><D114/><U69/><E69/><V64/><F64/><W21/><G67/><T63/><D36/><U88/><E107/><V79/><F130/><W90/><G76/><T58/><D83/><N who="1" m="49183" /><E135/><V121/><F121/><W72/><G72/><T32/><D32/><U27/><E129/><V31/><F95/><W57/><G57/><T19/><D100/><U50/><E108/><V118/><F118/><W115/><G115/><T82/><D82/><U74/><E74/><V70/><F70/><W34/><G34/><T37/><D37/><U102/><E102/><V111/><F111/><W134/><G134/><T28/><D92/><U10/><E126/><N who="3" m="48170" /><G0/><T93/><D93/><U106/><E106/><V123/><F123/><W15/><G1/><T18/><D9/><U39/><E39/><V51/><F79/><W44/><G21/><T109/><D109/><U112/><E112/><V6/><F23/><W16/><G104/><T97/><D97/><U45/><E85/><V125/><F125/><W46/><G105/><T103/><D103/><U128/><E128/><V89/><F89/><W68/><G91/><T55/><REACH who="0" step="1"/><D28/><REACH who="0" ten="308,215,181,286" step="2"/><U94/><E94/><V29/><F29/><W122/><G122/><T87/><D87/><U117/><E117/><V35/><F35/><W96/><G96/><T101/><D101/><U24/><E10/><V78/><F8/><W131/><G131/><T120/><D120/><U38/><E38/><RYUUKYOKU ba="1,1" sc="308,30,215,-10,181,-10,286,-10" hai0="4,11,13,18,19,40,42,43,47,49,55,58,63" /><INIT seed="6,2,1,1,1,109" ten="338,205,171,276" oya="2" hai0="131,108,107,49,72,87,69,38,22,63,126,58,18" hai1="59,92,37,34,47,13,35,83,119,1,129,62,75" hai2="89,60,51,45,94,43,123,53,130,133,48,9,127" hai3="67,57,100,116,135,78,19,15,124,20,74,80,55"/><V46/><F123/><W111/><G135/><T17/><D108/><U96/><E1/><V70/><F133/><W93/><G111/><T3/><D72/><U68/><E68/><V117/><F117/><W98/><G124/><T50/><D126/><U88/><E119/><V33/><F33/><W64/><REACH who="3" step="1"/><G116/><REACH who="3" ten="338,205,171,266" step="2"/><T99/><D131/><U29/><E129/><V85/><F130/><W73/><G73/><T86/><D3/><U134/><E134/><V84/><F127/><W120/><G120/><T4/><D38/><U101/><E75/><V41/><F9/><W115/><G115/><T32/><D32/><U118/><E118/><V77/><F77/><W113/><G113/><T27/><D69/><U125/><E125/><V66/><REACH who="2" step="1"/><F53/><REACH who="2" ten="338,205,161,266" step="2"/><W10/><G10/><T105/><D22/><U71/><E35/><V12/><F12/><W90/><G90/><T110/><D27/><U114/><E13/><V16/><F16/><W104/><G104/><T2/><D18/><U21/><E34/><V42/><F42/><W11/><G11/><T112/><D17/><U52/><E114/><V23/><F23/><W81/><G81/><T26/><D107/><U91/><E83/><V5/><F5/><W82/><G82/><T40/><D105/><U25/><REACH who="1" step="1"/><E71/><REACH who="1" ten="338,195,161,266" step="2"/><V54/><F54/><W122/><G122/><T28/><D112/><U0/><E0/><V61/><F61/><AGARI ba="2,4" hai="15,19,20,55,57,61,64,67,74,78,80,93,98,100" machi="61" ten="30,2000,0" yaku="1,1,7,1,53,0" doraHai="109" doraHaiUra="30" who="3" fromWho="2" sc="338,0,195,0,161,-26,266,66" /><INIT seed="7,0,0,2,1,69" ten="338,195,135,332" oya="3" hai0="113,84,123,60,20,40,11,106,8,124,35,31,107" hai1="26,7,39,66,79,62,119,132,117,130,83,95,133" hai2="72,49,90,4,46,73,97,0,32,19,125,94,18" hai3="96,129,75,22,135,50,80,16,88,13,15,103,14"/><W76/><G129/><T58/><D123/><U91/><E7/><V98/><F32/><W47/><G135/><N who="1" m="51786" /><E26/><V110/><F110/><W52/><G88/><T57/><D35/><U67/><E39/><V42/><F125/><W120/><G120/><T122/><D124/><U10/><E10/><N who="0" m="3625" /><D113/><U56/><E67/><V70/><F70/><W33/><G33/><T104/><D104/><AGARI ba="0,0" hai="13,14,15,16,22,47,50,52,75,76,80,96,103,104" machi="104" ten="30,5800,0" yaku="7,1,54,2" doraHai="69" who="3" fromWho="0" sc="338,-58,195,0,135,0,332,58" owari="280,8.0,195,-20.0,135,-36.0,390,48.0" /></mjloggm>