<mjloggm ver="2.3"><GO type="41" lobby="0"/><UN n0="%E3%81%98%E3%82%87%E3%81%AB%E3%83%BC%E3%82%AB%E3%82%AA%E3%82%B9" n1="%74%61%70%65%74%61" n2="%4E%6F%31%30%31%30%38" n3="%E3%82%A6%E3%83%AB%E3%83%88%E3%83%A9%E7%AB%8B%E7%9B%B4" dan="14,16,13,16" rate="1925.03,2032.88,1891.70,2067.22" sx="M,M,M,M"/><TAIKYOKU oya="0"/><INIT seed="0,0,0,5,3,21" ten="250,250,250,250" oya="0" hai0="56,125,14,117,68,36,121,92,60,122,25,11,19" hai1="33,28,51,75,55,31,67,69,123,93,88,96,10" hai2="85,109,131,87,100,9,84,89,65,80,104,61,20" hai3="54,42,76,40,17,58,94,7,90,118,30,12,129"/><T74/><D117/><U83/><E123/><V24/><F131/><W99/><G118/><T116/><D116/><U38/><E38/><V35/><F109/><W86/><G129/><T3/><D74/><U39/><E39/><V34/><F9/><W112/><G7/><T130/><D130/><U72/><E10/><V113/><F113/><W120/><G120/><T114/><D114/><U82/><E72/><V107/><F107/><W0/><G0/><T78/><D78/><U64/><E69/><V70/><F35/><W106/><G30/><N who="1" m="11306" /><E75/><V124/><F34/><W105/><G105/><T132/><D36/><U47/><E33/><V26/><F124/><W103/><G76/><T101/><D68/><U73/><E73/><V16/><REACH who="2" step="1"/><F26/><REACH who="2" ten="250,250,240,250" step="2"/><W41/><G112/><T128/><D125/><U59/><E67/><V134/><F134/><W37/><G37/><T8/><D132/><U119/><E119/><V52/><F52/><W91/><G106/><T18/><D128/><U49/><E64/><V53/><F53/><AGARI ba="0,1" hai="47,49,51,53,55,59,82,83,88,93,96" m="11306" machi="53" ten="30,2000,0" yaku="8,1,54,1" doraHai="21" who="1" fromWho="2" sc="250,0,250,30,240,-20,250,0" /><INIT seed="1,0,0,5,2,15" ten="250,280,220,250" oya="1" hai0="51,81,50,111,54,87,26,114,28,40,61,22,59" hai1="85,60,20,95,92,66,115,101,67,58,76,82,89" hai2="73,99,47,75,107,90,62,21,119,74,6,69,118" hai3="108,122,3,12,30,134,79,65,17,129,103,123,132"/><U10/><E115/><V102/><F6/><W25/><G65/><T96/><D114/><U126/><E126/><V56/><F69/><W44/><G44/><T83/><D111/><U125/><E125/><V88/><F47/><W104/><G79/><T37/><D96/><U72/><E10/><V98/><F21/><N who="3" m="11431" /><G103/><T94/><D37/><U48/><E48/><N who="0" m="18473" /><D40/><U77/><E77/><V55/><REACH who="2" step="1"/><F98/><REACH who="2" ten="250,280,210,250" step="2"/><W135/><G104/><T120/><D120/><U91/><E101/><V116/><AGARI ba="0,1" hai="55,56,62,73,74,75,88,90,99,102,107,116,118,119" machi="116" ten="40,8000,1" yaku="1,1,2,1,0,1,54,1,53,0" doraHai="15" doraHaiUra="8" who="2" fromWho="2" sc="250,-20,280,-40,210,90,250,-20" /><INIT seed="2,0,0,3,4,124" ten="230,240,300,230" oya="2" hai0="45,91,79,89,42,64,1,116,5,57,130,41,18" hai1="117,29,35,12,106,6,22,61,43,65,100,33,113" hai2="54,108,85,112,23,14,84,40,7,16,135,114,95" hai3="129,68,70,47,120,99,131,31,17,123,87,38,66"/><V2/><F135/><W125/><G31/><T75/><D116/><U58/><E117/><V103/><F108/><W32/><G32/><T59/><D75/><U88/><E113/><V24/><F40/><N who="3" m="22935" /><G87/><T8/><D79/><U80/><E43/><V55/><F2/><W37/><G17/><T60/><D42/><U50/><E50/><V72/><F72/><W105/><G37/><T97/><D97/><U19/><E6/><V96/><F114/><W27/><G27/><T122/><D122/><N who="3" m="46633" /><G125/><T3/><D3/><U71/><E71/><N who="3" m="27178" /><G66/><T20/><D91/><U13/><E13/><V115/><F112/><W76/><G76/><T127/><D89/><U94/><E80/><V28/><F115/><W10/><G10/><T86/><D127/><U21/><E21/><N who="2" m="15375" /><F7/><W111/><G111/><T126/><D126/><U104/><E100/><AGARI ba="0,0" hai="99,100,105,129,131" m="27178,46633,22935" machi="100" ten="40,5200,0" yaku="23,1,52,2" doraHai="124" who="3" fromWho="1" sc="230,0,240,-52,300,0,230,52" /><INIT seed="3,0,0,5,5,83" ten="230,188,300,282" oya="3" hai0="77,113,54,29,129,75,111,48,87,82,1,106,49" hai1="121,61,70,13,52,85,59,5,45,109,57,40,91" hai2="125,99,100,6,4,132,21,42,44,2,72,14,127" hai3="3,94,74,71,103,11,81,90,92,67,76,84,134"/><W122/><G122/><T110/><D1/><U27/><E121/><V35/><F72/><W104/><G67/><T16/><D106/><U0/><E109/><N who="0" m="41481" /><D129/><U96/><E0/><V93/><F35/><W133/><G71/><T119/><D119/><U135/><E135/><N who="3" m="51722" /><G3/><T101/><D101/><U78/><E70/><V58/><F132/><W15/><G15/><T116/><D116/><U47/><E57/><V131/><F131/><W51/><G11/><T98/><D98/><U19/><E78/><V130/><F130/><W12/><G12/><T55/><D113/><U31/><E96/><V97/><F97/><N who="3" m="61551" /><G51/><N who="0" m="19531" /><D29/><U124/><E5/><V107/><F58/><W25/><G25/><T64/><D64/><U105/><E105/><V69/><F69/><W115/><G115/><T9/><D75/><U18/><E124/><N who="2" m="47691" /><F107/><W118/><G118/><T7/><D7/><U26/><E40/><V39/><F2/><W53/><G53/><N who="0" m="19979" /><D9/><N who="1" m="6447" /><E31/><V80/><F80/><AGARI ba="0,0" hai="74,76,80,81,84,90,92,94" m="61551,51722" machi="80" ten="30,11600,0" yaku="20,1,34,2,52,1" doraHai="83" who="3" fromWho="2" sc="230,0,188,0,300,-116,282,116" /><INIT seed="3,1,0,5,5,118" ten="230,188,184,398" oya="3" hai0="57,12,85,130,80,133,124,78,16,32,65,67,64" hai1="128,91,37,77,27,93,105,102,33,70,28,24,74" hai2="6,13,75,123,106,109,56,111,1,10,73,35,108" hai3="48,50,14,89,30,11,101,58,87,18,52,100,103"/><W126/><G126/><T132/><D124/><U117/><E117/><V114/><F114/><W98/><G30/><T82/><D32/><U31/><E128/><V66/><F106/><W86/><G50/><T76/><D130/><U63/><E37/><V116/><F116/><W26/><G26/><T113/><D113/><U0/><E0/><V20/><F35/><W23/><G11/><T38/><D38/><U68/><E91/><V95/><F95/><AGARI ba="1,0" hai="14,18,23,48,52,58,86,87,89,95,98,100,101,103" machi="95" ten="40,3900,0" yaku="8,1,54,1" doraHai="118" who="3" fromWho="2" sc="230,0,188,0,184,-42,398,42" /><INIT seed="3,2,0,3,5,31" ten="230,188,142,440" oya="3" hai0="94,45,116,43,57,105,23,38,30,76,63,14,9" hai1="109,83,93,127,111,54,124,110,134,15,35,100,17" hai2="40,114,89,67,55,10,34,51,98,108,12,82,103" hai3="13,78,102,21,130,66,37,56,68,129,3,6,99"/><W77/><G68/><T133/><D116/><U36/><E36/><V2/><F114/><W120/><G37/><T125/><D105/><U86/><E54/><V39/><F108/><W96/><G120/><T61/><D133/><U65/><E65/><V81/><F2/><W106/><G3/><T72/><D125/><N who="1" m="48203" /><E134/><V115/><F115/><W49/><G96/><T104/><D104/><U117/><E117/><V88/><F67/><W8/><G21/><T22/><D76/><N who="1" m="46439" /><E93/><N who="2" m="58831" /><F34/><W71/><G71/><T44/><D72/><U32/><E100/><V33/><F33/><W79/><REACH who="3" step="1"/><G49/><REACH who="3" ten="230,188,142,430" step="2"/><T64/><D63/><AGARI ba="2,1" hai="6,8,13,56,63,66,77,78,79,99,102,106,129,130" machi="63" ten="40,3900,0" yaku="1,1,2,1,53,0" doraHai="31" doraHaiUra="41" who="3" fromWho="0" sc="230,-45,188,0,142,0,430,55" /><INIT seed="3,3,0,5,5,101" ten="185,188,142,485" oya="3" hai0="49,108,94,74,122,67,54,83,31,95,128,82,24" hai1="25,120,3,127,61,126,133,7,34,114,14,111,134" hai2="21,57,103,42,47,80,32,44,97,100,62,81,12" hai3="45,23,36,84,88,76,135,11,30,129,107,102,72"/><W2/><G129/><T18/><D122/><U50/><E50/><V69/><F32/><W28/><G135/><N who="1" m="51722" /><E61/><V19/><F69/><W5/><G23/><T93/><D128/><U123/><E114/><V98/><F103/><W118/><G118/><T112/><D112/><U106/><E106/><V125/><F98/><W124/><G124/><N who="1" m="47658" /><E14/><V85/><F125/><W117/><G117/><T73/><D108/><U91/><E91/><V53/><F85/><W9/><G102/><T104/><D67/><U26/><E111/><V17/><F17/><W40/><G107/><T113/><D113/><U79/><E79/><V87/><F42/><W96/><G96/><T105/><D18/><U20/><E34/><V92/><F81/><N who="0" m="30730" /><D49/><U41/><E41/><V68/><REACH who="2" step="1"/><F68/><REACH who="2" ten="185,188,132,485" step="2"/><W0/><G40/><T71/><D71/><U51/><E123/><V131/><F131/><W10/><G84/><T119/><D119/><U89/><E120/><V27/><F27/><W13/><G5/><T46/><D24/><U6/><E26/><V29/><F29/><W65/><G28/><T86/><D86/><U37/><E25/><V33/><F33/><W110/><G30/><T130/><D31/><U63/><E6/><V99/><F99/><W60/><G110/><T66/><D130/><U4/><E7/><V70/><F70/><W58/><G76/><AGARI ba="3,1" hai="12,19,21,44,47,53,57,62,76,80,87,92,97,100" machi="76" ten="30,3900,0" yaku="1,1,7,1,8,1,53,0" doraHai="101" doraHaiUra="38" who="2" fromWho="3" sc="185,0,188,0,132,58,485,-48" /><INIT seed="4,0,0,3,2,42" ten="185,188,190,437" oya="0" hai0="61,129,4,122,2,93,114,130,105,49,46,127,124" hai1="18,11,21,121,107,131,83,55,132,38,101,125,28" hai2="43,110,120,41,71,59,100,6,64,109,97,133,25" hai3="135,89,119,34,80,29,31,17,108,96,13,10,81"/><T95/><D105/><U8/><E121/><V88/><F120/><W98/><G34/><T67/><D122/><U62/><E38/><V69/><F133/><W118/><G108/><T15/><D114/><U63/><E132/><V9/><F25/><W23/><G135/><T99/><D99/><U72/><E131/><N who="0" m="50185" /><D15/><U5/><E125/><N who="0" m="48201" /><D4/><U113/><E113/><V16/><F110/><W56/><G119/><T54/><D2/><U40/><E28/><V7/><F109/><W26/><G118/><T1/><D1/><U78/><E40/><N who="2" m="15435" /><F71/><AGARI ba="0,0" hai="46,49,54,61,67,71,93,95" m="48201,50185" machi="71" ten="30,5800,0" yaku="19,1,18,1,52,1" doraHai="42" who="0" fromWho="2" sc="185,58,188,0,190,-58,437,0" /><INIT seed="4,1,0,5,4,57" ten="243,188,132,437" oya="0" hai0="98,95,29,102,99,85,93,75,79,36,10,117,69" hai1="52,28,108,106,34,17,105,39,100,114,20,133,44" hai2="60,77,48,23,86,82,127,32,94,71,115,119,78" hai3="43,97,42,2,73,72,15,70,64,134,13,46,25"/><T38/><D117/><U129/><E108/><V125/><F32/><W12/><G2/><T26/><D69/><U130/><E34/><V24/><F119/><W7/><G7/><T132/><D132/><U4/><E28/><V112/><F48/><W103/><G134/><T47/><D10/><U41/><E4/><V66/><F94/><W33/><G43/><T128/><D128/><N who="1" m="49259" /><E133/><V123/><F77/><W88/><G88/><T56/><D75/><U81/><E81/><V6/><F6/><W35/><G35/><T107/><D47/><N who="1" m="23999" /><E100/><V55/><F55/><W30/><G73/><T126/><D126/><N who="2" m="48138" /><F123/><W110/><G72/><T89/><D79/><U65/><E65/><V80/><F80/><W37/><G110/><T11/><D11/><U49/><E114/><V27/><F23/><W14/><G14/><AGARI ba="1,0" hai="14,17,20,44,49,52,105,106" m="23999,49259" machi="14" ten="30,2000,0" yaku="19,1,54,1" doraHai="57" who="1" fromWho="3" sc="243,0,188,23,132,0,437,-23" /><INIT seed="5,0,0,2,3,85" ten="243,211,132,414" oya="1" hai0="134,117,47,91,119,132,67,6,16,70,33,49,10" hai1="54,72,37,11,20,113,14,60,93,76,127,2,13" hai2="17,114,80,26,133,79,96,66,74,125,123,77,112" hai3="101,0,65,130,62,5,115,9,122,87,1,68,84"/><U3/><E37/><V8/><F66/><W98/><G122/><T43/><D33/><U52/><E113/><N who="2" m="43627" /><F123/><W95/><G115/><T86/><D67/><U89/><E127/><V31/><F125/><W111/><G111/><T51/><D70/><U120/><E120/><V59/><F133/><W53/><G0/><T22/><D51/><U48/><E3/><V57/><F79/><W104/><G130/><T69/><D69/><U131/><E131/><V56/><F96/><W99/><G53/><T21/><D21/><U36/><E36/><V92/><F92/><W19/><G19/><T61/><D61/><U55/><E60/><V124/><F124/><W110/><G110/><T4/><D4/><U23/><E2/><V58/><N who="2" m="14848" /><DORA hai="109" /><V82/><F17/><W45/><G45/><T121/><D121/><U34/><E34/><N who="2" m="20855" /><F8/><W90/><AGARI ba="0,0" hai="1,5,9,62,65,68,84,87,90,95,98,99,101,104" machi="90" ten="20,2700,0" yaku="0,1,7,1,52,1" doraHai="85,109" who="3" fromWho="3" sc="243,-7,211,-13,132,-7,414,27" /><INIT seed="6,0,0,5,0,66" ten="236,198,125,441" oya="2" hai0="78,14,71,12,76,131,112,114,129,37,31,72,107" hai1="22,19,133,81,51,91,122,109,60,7,17,52,124" hai2="130,116,28,127,38,33,29,46,68,82,105,35,92" hai3="103,117,8,61,18,104,1,77,24,96,115,111,62"/><V135/><F116/><W64/><G117/><T108/><D108/><U40/><E109/><V58/><F58/><W102/><G111/><T15/><D31/><U30/><E122/><V106/><F92/><W25/><G62/><T53/><D53/><U98/><E133/><V47/><F82/><W88/><G103/><T45/><D45/><N who="2" m="16906" /><F135/><W84/><G77/><N who="0" m="29803" /><D107/><N who="2" m="40970" /><F127/><W86/><G86/><T65/><D65/><U16/><E124/><V74/><F130/><N who="0" m="49674" /><D72/><U13/><E40/><V126/><F126/><W83/><G24/><T79/><N who="0" m="29811" /><T85/><DORA hai="48" /><D85/><U50/><E60/><V101/><F101/><W56/><G25/><T90/><D90/><U49/><E52/><V5/><F5/><W69/><G56/><T26/><D26/><N who="1" m="16727" /><E81/><V128/><F128/><W100/><G100/><T110/><D110/><U70/><E70/><V21/><F21/><W3/><G104/><T95/><D95/><N who="1" m="56703" /><E7/><V118/><F118/><W55/><G61/><T59/><D59/><U125/><E125/><V97/><F97/><W113/><G64/><T20/><D20/><AGARI ba="0,0" hai="13,16,17,19,20,49,50,51" m="56703,16727" machi="20" ten="30,2000,0" yaku="8,1,54,1" doraHai="66,48" who="1" fromWho="0" sc="236,-20,198,20,125,0,441,0" /><INIT seed="7,0,0,1,5,19" ten="216,218,125,441" oya="3" hai0="114,59,74,102,34,22,107,129,105,21,95,9,126" hai1="18,108,86,6,24,31,63,71,2,134,50,5,72" hai2="93,135,80,89,62,47,32,20,109,131,27,133,119" hai3="35,110,87,45,40,8,3,103,122,55,70,51,33"/><W67/><G103/><T14/><D74/><U73/><E108/><V66/><F109/><W65/><G65/><T79/><D34/><U41/><E134/><V78/><F119/><W1/><G1/><T132/><D132/><N who="2" m="50762" /><F32/><W15/><G3/><T54/><D107/><U124/><E18/><N who="2" m="12695" /><F47/><W7/><G122/><T46/><D105/><U16/><E16/><V128/><F80/><W85/><G85/><T53/><D114/><U68/><E68/><V94/><F78/><W112/><G112/><T29/><D79/><U61/><E72/><V84/><F62/><W28/><G28/><T125/><D29/><U0/><E73/><V42/><F66/><W98/><G98/><N who="0" m="59743" /><D129/><N who="2" m="49738" /><F42/><W75/><G67/><T49/><D53/><U117/><E63/><V57/><F57/><W90/><G70/><T43/><D59/><U116/><E117/><V11/><F11/><W96/><G8/><T121/><D121/><U120/><E116/><V127/><F94/><W30/><G40/><T58/><D58/><U130/><E120/><V77/><F77/><W101/><G45/><T17/><D43/><U92/><E130/><V23/><F23/><W25/><G33/><T106/><D106/><U38/><E61/><V12/><F12/><W26/><G15/><T60/><D60/><U99/><E92/><V123/><F123/><W4/><G35/><T111/><D111/><U64/><E41/><V56/><F56/><W82/><G82/><T113/><D113/><U97/><E71/><V52/><F52/><W36/><G55/><T91/><D91/><U76/><E64/><V44/><F44/><RYUUKYOKU ba="0,0" sc="216,15,218,-15,125,15,441,-15" hai0="9,14,17,21,22,46,49,54,125,126" hai2="84,89,93,127" owari="231,3.0,203,-20.0,140,-36.0,426,53.0" /></mjloggm>