<mjloggm ver="2.3"><GO type="97" lobby="0"/><UN n0="%E4%B8%8D%E6%A9%9F%E5%AB%8C%E4%B8%AD%E9%A3%9B%E8%BB%8A" n1="%46%75%67%69%74%69%76%65" n2="%31%33%36%30" n3="%E3%82%A6%E3%83%AB%E3%83%88%E3%83%A9%E7%AB%8B%E7%9B%B4" dan="14,13,14,15" rate="1985.74,1872.64,1943.50,1988.91" sx="M,M,M,M"/><TAIKYOKU oya="0"/><INIT seed="0,0,0,5,0,114" ten="250,250,250,250" oya="0" hai0="22,11,66,124,74,116,76,55,69,130,3,58,24" hai1="77,86,27,134,84,12,133,115,13,44,42,106,9" hai2="54,28,121,80,56,32,30,63,117,123,35,40,89" hai3="79,99,65,92,72,41,108,78,71,64,110,0,90"/><T131/><D116/><U46/><E106/><V91/><F40/><W111/><G0/><T37/><D124/><U94/><E27/><V16/><F80/><N who="3" m="45127" /><G71/><T93/><D37/><U68/><E68/><V38/><F38/><W75/><G41/><T100/><D66/><U129/><E129/><N who="0" m="49161" /><D69/><U119/><E115/><V48/><F48/><W26/><G26/><T61/><D76/><U34/><E34/><V23/><F23/><W122/><G122/><T14/><D74/><U112/><E112/><V59/><F63/><W101/><G65/><T135/><D135/><U6/><E46/><V82/><F82/><N who="3" m="45439" /><G64/><T31/><D3/><U25/><E25/><V51/><F51/><W95/><G95/><T81/><D81/><U85/><E94/><V15/><F54/><W62/><G62/><T10/><D14/><U88/><E13/><V87/><F15/><W1/><G1/><T132/><D132/><N who="1" m="50795" /><E44/><V43/><F43/><W4/><G4/><T18/><D31/><U2/><E42/><V73/><F73/><W21/><G21/><T83/><D83/><N who="1" m="49183" /><E77/><V127/><F127/><W17/><G17/><T36/><D36/><U98/><E2/><V104/><F16/><W50/><G50/><T109/><D11/><U118/><E6/><V7/><F7/><W113/><G113/><T29/><D10/><U128/><E12/><V8/><F8/><W60/><G60/><T102/><D29/><U47/><E47/><V67/><F121/><W126/><G126/><T39/><D39/><U96/><E9/><V49/><F123/><W19/><G19/><T70/><D18/><RYUUKYOKU ba="0,0" sc="250,-10,250,-10,250,-10,250,30" hai3="90,92,99,101,108,110,111" /><INIT seed="1,1,0,4,1,134" ten="240,240,240,280" oya="1" hai0="21,80,103,8,135,26,61,112,118,97,120,126,85" hai1="56,9,2,107,111,83,128,96,64,73,51,24,14" hai2="91,100,55,15,84,68,25,94,4,48,88,102,76" hai3="7,72,71,37,13,60,119,31,18,117,45,67,41"/><U63/><E2/><V57/><F68/><W104/><G72/><T29/><D135/><U5/><E128/><V132/><F132/><W79/><G79/><T11/><D118/><N who="3" m="45065" /><G104/><T81/><D112/><U47/><E111/><V108/><F108/><W42/><G31/><T87/><D87/><U65/><E107/><V35/><F76/><W52/><G7/><T92/><D126/><U33/><E73/><V75/><F75/><W58/><G13/><T66/><D120/><U131/><E96/><V121/><F121/><W30/><G18/><T32/><D32/><U38/><E38/><V0/><F0/><W105/><G30/><T99/><D99/><U113/><E113/><V27/><F35/><W129/><G105/><T98/><D98/><U109/><E109/><V89/><F4/><W77/><G77/><T39/><D39/><U122/><E122/><V114/><F114/><W62/><G42/><T23/><D23/><U127/><E65/><V133/><F133/><W69/><G71/><T115/><D115/><U43/><E83/><V19/><F91/><W54/><G54/><T3/><D3/><U74/><E74/><V12/><F89/><W124/><G124/><T34/><D34/><U110/><E110/><V22/><F15/><W125/><G125/><T40/><D40/><U46/><E127/><V123/><F123/><W130/><AGARI ba="1,0" hai="37,41,45,52,58,60,62,67,69,129,130" m="45065" machi="130" ten="30,7900,0" yaku="12,1,34,2,54,1" doraHai="134" who="3" fromWho="3" sc="240,-21,240,-40,240,-21,280,82" /><INIT seed="2,0,0,3,1,17" ten="219,200,219,362" oya="2" hai0="63,135,104,36,107,108,29,71,45,30,79,100,77" hai1="105,44,50,60,39,62,0,102,129,54,101,1,65" hai2="3,114,133,57,69,95,22,134,109,127,48,15,43" hai3="31,49,118,87,23,37,70,90,14,33,28,72,61"/><V42/><F3/><W88/><G72/><T91/><D108/><U128/><E105/><V124/><F69/><W123/><G37/><T21/><D135/><N who="2" m="51722" /><F114/><W89/><G33/><T53/><D91/><N who="3" m="34889" /><G70/><T120/><D120/><U117/><E117/><V59/><F95/><N who="3" m="54751" /><G123/><T97/><D104/><U58/><E39/><V92/><F92/><W132/><G132/><T9/><D9/><U84/><E62/><V106/><F106/><W18/><G118/><T16/><D77/><U93/><E84/><V99/><F99/><W73/><G73/><T25/><D79/><U74/><E74/><V47/><F109/><W2/><G2/><T7/><D7/><U12/><E1/><V56/><F15/><W11/><G61/><T86/><D86/><U41/><E0/><V76/><F76/><W80/><G80/><T119/><D119/><U130/><E12/><V96/><F96/><W122/><G122/><T81/><D81/><U10/><E10/><V51/><F22/><W35/><G35/><T19/><D30/><N who="3" m="11305" /><G49/><N who="2" m="19017" /><F47/><W112/><G112/><T110/><D110/><U116/><E116/><V66/><F66/><W13/><G13/><T98/><D98/><N who="1" m="59599" /><E65/><V115/><F115/><W121/><G121/><T75/><D75/><U78/><E78/><V24/><F24/><W111/><G111/><T126/><D71/><U6/><E6/><V38/><F38/><W125/><G11/><T27/><D36/><U26/><E26/><V52/><F52/><W8/><G8/><T83/><D27/><U67/><E67/><V46/><F46/><W131/><G14/><N who="0" m="9367" /><D45/><U94/><E94/><RYUUKYOKU ba="0,0" sc="219,-15,200,15,219,15,362,-15" hai1="41,44,50,54,58,60,102,128,129,130" hai2="42,43,56,57,59,124,127" /><INIT seed="2,1,0,4,3,116" ten="204,215,234,347" oya="2" hai0="52,87,104,72,134,64,67,29,55,40,99,122,31" hai1="79,86,50,57,66,68,6,28,96,32,81,93,100" hai2="25,82,7,115,0,14,30,62,18,92,21,128,111" hai3="36,129,84,77,108,131,58,22,39,119,47,125,2"/><V42/><F115/><W78/><G2/><T44/><D72/><U35/><E6/><V83/><F128/><N who="3" m="49227" /><G125/><T106/><D134/><U23/><E68/><V114/><F114/><W37/><G108/><T103/><D87/><U45/><E45/><V107/><F107/><W13/><G119/><T110/><D110/><U24/><REACH who="1" step="1"/><E50/><REACH who="1" ten="204,205,234,347" step="2"/><V112/><F112/><W11/><G47/><T59/><D44/><U10/><E10/><N who="2" m="2407" /><F111/><W26/><G58/><T101/><D59/><U46/><E46/><V105/><F42/><W19/><G84/><T3/><D40/><U113/><E113/><V15/><F62/><AGARI ba="1,1" hai="23,24,28,32,35,57,62,66,79,81,86,93,96,100" machi="62" ten="40,5200,0" yaku="1,1,25,2,53,0" doraHai="116" doraHaiUra="126" who="1" fromWho="2" sc="204,0,205,65,234,-55,347,0" /><INIT seed="3,0,0,5,5,31" ten="204,270,179,347" oya="3" hai0="27,34,132,51,14,87,83,86,120,129,0,18,43" hai1="126,56,54,12,26,76,40,52,109,88,5,23,122" hai2="75,128,33,21,48,39,84,66,118,73,59,95,77" hai3="46,58,111,74,17,123,130,15,57,93,16,49,63"/><W42/><G74/><T81/><D120/><U2/><E109/><V20/><F39/><W116/><G130/><T94/><D129/><U102/><E2/><V80/><F118/><W25/><G123/><T45/><D132/><U44/><E76/><V135/><F128/><W100/><G116/><T105/><D105/><U89/><E102/><V115/><F135/><W41/><G41/><T131/><D131/><U24/><E126/><V1/><F115/><W124/><G124/><T37/><D0/><U85/><E40/><V101/><F1/><W79/><G25/><N who="1" m="9834" /><E85/><V98/><F75/><W114/><G58/><T28/><D37/><U119/><E119/><V121/><F121/><W35/><G79/><T53/><D43/><U8/><E23/><V106/><F33/><W82/><G35/><T99/><D83/><U61/><E122/><V7/><F7/><W3/><G82/><T55/><D53/><U38/><E38/><V6/><F6/><W72/><G72/><T108/><D108/><U13/><E13/><V134/><F134/><W65/><G114/><T47/><D47/><U67/><E67/><V117/><F117/><W60/><G46/><T97/><D81/><U32/><E32/><V104/><F106/><W68/><G65/><T110/><D110/><U64/><E64/><V30/><F30/><W9/><G42/><T22/><REACH who="0" step="1"/><D99/><REACH who="0" ten="194,270,179,347" step="2"/><U90/><E54/><N who="2" m="32199" /><F66/><W69/><G111/><T107/><D107/><U92/><E44/><V36/><F36/><W125/><G3/><T50/><D50/><U127/><E127/><V29/><F29/><W91/><G125/><RYUUKYOKU ba="0,1" sc="194,10,270,10,179,10,347,-30" hai0="14,18,22,27,28,34,45,51,55,86,87,94,97" hai1="5,8,12,52,56,61,88,89,90,92" hai2="20,21,73,77,80,84,95,98,101,104" owari="204,-20.0,280,8.0,189,-31.0,327,43.0" /></mjloggm>