<mjloggm ver="2.3"><GO type="97" lobby="0"/><UN n0="%EF%BC%8A%E5%81%BD%E5%B0%86%E8%BB%8D%EF%BC%8A" n1="%73%68%69%7A%75%6F%6B%61" n2="%E3%82%A6%E3%83%AB%E3%83%88%E3%83%A9%E7%AB%8B%E7%9B%B4" n3="%E3%83%87%E3%83%BC%E3%83%8B%E3%83%83%E3%83%84" dan="15,15,15,13" rate="1991.26,2058.03,2005.68,1881.99" sx="M,M,M,M"/><TAIKYOKU oya="0"/><INIT seed="0,0,0,2,3,73" ten="250,250,250,250" oya="0" hai0="103,116,66,77,51,90,3,88,4,87,81,72,28" hai1="76,80,68,41,109,52,67,40,86,117,119,19,122" hai2="98,38,123,13,114,125,22,12,39,6,78,26,2" hai3="83,91,95,29,23,16,34,25,92,96,101,14,75"/><T7/><D116/><U59/><E122/><V43/><F123/><W37/><G37/><T126/><D28/><U18/><E109/><V42/><F98/><W62/><G62/><T48/><D103/><U94/><E119/><V93/><F93/><W55/><G55/><T5/><D3/><U130/><E117/><V30/><F2/><W1/><G1/><T85/><D126/><U97/><E130/><V11/><F125/><W53/><G53/><T21/><D66/><U33/><E33/><V127/><F114/><W128/><G128/><T15/><D72/><U70/><E67/><V115/><F115/><W10/><G75/><T134/><D134/><U50/><E70/><V74/><F127/><W47/><G47/><T44/><D87/><U124/><E68/><V61/><F61/><W102/><G83/><T20/><D51/><U58/><E58/><V45/><F13/><W46/><G46/><T35/><D35/><U54/><E54/><V110/><F110/><W57/><G57/><T133/><D133/><U9/><E124/><V99/><F99/><W31/><G31/><T17/><D21/><U107/><E107/><V64/><F64/><W82/><G82/><T79/><D90/><N who="1" m="55511" /><E9/><V121/><F121/><W105/><G105/><T65/><D65/><U111/><E111/><V24/><F42/><AGARI ba="0,0" hai="4,5,7,15,17,20,42,44,48,77,79,81,85,88" machi="42" ten="40,12000,1" yaku="8,1,52,2,54,1" doraHai="73" who="0" fromWho="2" sc="250,120,250,0,250,-120,250,0" /><AGARI ba="0,0" hai="18,19,40,41,42,50,52,59,76,80,86" m="55511" machi="42" ten="30,3900,0" yaku="8,1,52,1,54,1" doraHai="73" who="1" fromWho="2" sc="370,0,250,39,130,-39,250,0" /><INIT seed="0,1,0,1,4,134" ten="370,289,91,250" oya="0" hai0="65,15,28,33,131,79,88,100,27,45,76,43,5" hai1="106,32,1,115,89,92,42,25,64,71,95,82,81" hai2="44,75,91,121,63,39,47,37,14,77,98,31,133" hai3="116,61,52,93,110,128,80,13,66,97,124,130,23"/><T4/><D100/><U127/><E106/><V19/><F133/><W102/><G116/><T48/><D65/><U17/><E1/><V122/><F31/><W6/><G110/><T34/><D34/><U29/><E115/><V68/><F77/><W107/><G107/><T62/><D62/><U22/><E95/><V126/><F75/><W0/><G0/><T51/><D48/><U90/><E89/><V41/><F19/><W3/><G3/><T113/><D131/><N who="3" m="50217" /><G80/><T21/><D113/><U12/><E42/><N who="2" m="22607" /><F14/><W69/><G124/><T129/><D33/><U119/><E119/><V118/><F91/><W54/><G23/><T38/><D38/><U83/><E71/><V56/><F98/><W70/><G70/><T9/><D4/><U49/><E64/><N who="2" m="40991" /><F118/><W87/><G87/><T59/><D59/><U112/><E127/><V132/><F132/><W11/><AGARI ba="1,0" hai="6,11,13,52,54,61,66,69,93,97,102" m="50217" machi="11" ten="30,2000,0" yaku="19,1,54,1" doraHai="134" who="3" fromWho="3" sc="370,-11,289,-6,91,-6,250,23" /><INIT seed="1,0,0,3,5,123" ten="359,283,85,273" oya="1" hai0="114,103,101,56,33,67,65,119,108,127,77,59,94" hai1="107,18,13,9,50,66,30,109,111,28,39,92,44" hai2="122,96,87,19,82,70,100,31,35,112,93,86,106" hai3="76,102,54,95,105,42,14,45,72,47,80,20,29"/><U36/><E107/><V110/><F31/><W26/><G105/><T88/><D77/><U83/><E66/><V11/><F35/><W37/><G47/><T41/><D33/><U16/><E92/><V25/><F70/><W4/><G54/><T52/><D41/><U15/><E83/><V99/><F25/><W113/><G113/><T130/><D119/><U73/><E73/><V89/><F19/><W132/><G132/><T22/><D114/><U7/><E7/><V134/><F11/><W38/><G38/><T3/><D3/><U58/><E58/><V63/><F63/><W85/><G4/><T120/><D120/><U117/><E117/><V128/><F112/><W57/><G57/><T34/><D34/><U12/><E9/><V61/><F61/><W98/><REACH who="3" step="1"/><G14/><REACH who="3" ten="359,283,85,263" step="2"/><T124/><D52/><U8/><E39/><V91/><F122/><W131/><G131/><T71/><D130/><U49/><E36/><V118/><F118/><W116/><G116/><T48/><D59/><U17/><E44/><V27/><F134/><W115/><G115/><T32/><D56/><U78/><E8/><V1/><F128/><W0/><G0/><T43/><D71/><U74/><E13/><V64/><F1/><W126/><G126/><T23/><D124/><U46/><E46/><V121/><F121/><W55/><G55/><T62/><D127/><U60/><E12/><V104/><F64/><W81/><G81/><T68/><D65/><U97/><E15/><V133/><F133/><W2/><G2/><T135/><D67/><U21/><E74/><AGARI ba="0,1" hai="20,26,29,37,42,45,72,74,76,80,85,95,98,102" machi="74" ten="40,1300,0" yaku="1,1,53,0" doraHai="123" doraHaiUra="125" who="3" fromWho="1" sc="359,0,283,-13,85,0,263,23" /><INIT seed="2,0,0,5,4,4" ten="359,270,85,286" oya="2" hai0="10,26,2,35,79,47,78,88,84,97,96,89,43" hai1="44,72,42,56,59,111,17,112,87,19,130,94,123" hai2="49,24,134,132,129,38,13,11,76,14,109,40,80" hai3="119,64,91,0,6,116,95,74,50,60,104,81,67"/><V37/><F14/><W34/><G104/><T48/><D35/><U69/><E72/><V36/><F24/><W45/><G34/><T5/><D26/><U133/><E69/><V131/><F49/><W58/><G116/><T52/><D43/><U28/><E112/><V85/><F40/><W65/><G119/><T99/><REACH who="0" step="1"/><D89/><REACH who="0" ten="349,270,85,286" step="2"/><U93/><E123/><V8/><F109/><W25/><G25/><T18/><D18/><U90/><E111/><V110/><F110/><W83/><G74/><T32/><D32/><U61/><E28/><V68/><F68/><W29/><G29/><T113/><D113/><U1/><E17/><V86/><F86/><N who="3" m="52727" /><G6/><T125/><D125/><U114/><E19/><V46/><F46/><W22/><G22/><T128/><D128/><N who="2" m="49226" /><F13/><W126/><G126/><T92/><AGARI ba="0,1" hai="2,5,10,47,48,52,78,79,84,88,92,96,97,99" machi="92" ten="30,12000,2" yaku="1,1,0,1,52,1,54,2,53,1" doraHai="4" doraHaiUra="82" who="0" fromWho="0" sc="349,130,270,-30,85,-60,286,-30" /><INIT seed="3,0,0,0,0,53" ten="479,240,25,256" oya="3" hai0="35,2,47,36,67,49,88,33,31,129,69,17,14" hai1="46,91,73,42,110,102,74,62,65,119,61,66,11" hai2="103,130,89,30,106,15,6,55,12,19,22,118,54" hai3="32,41,27,81,29,85,25,21,93,10,58,90,76"/><W18/><G41/><T71/><D2/><U50/><E110/><V38/><F38/><W7/><G58/><T133/><D36/><U26/><E119/><V114/><F106/><W60/><G60/><T126/><D67/><U117/><E117/><V57/><F118/><W70/><G70/><T125/><D31/><U13/><E26/><V5/><F130/><W94/><REACH who="3" step="1"/><G76/><REACH who="3" ten="479,240,25,246" step="2"/><T83/><D71/><U128/><E128/><V123/><F114/><W48/><G48/><T107/><D69/><U131/><E131/><V52/><F123/><W111/><G111/><T75/><D49/><U72/><E62/><V80/><F30/><W99/><G99/><T108/><D129/><U9/><E61/><V109/><F109/><W127/><G127/><T20/><D108/><U45/><E50/><V39/><F39/><W105/><G105/><T124/><D107/><U28/><E42/><V51/><F103/><W4/><G4/><T132/><D124/><U78/><E28/><V92/><F80/><W40/><G40/><T34/><D125/><U97/><E102/><V120/><F120/><W116/><G116/><T87/><D126/><U100/><E100/><V43/><F43/><W37/><G37/><T84/><D83/><U115/><E115/><V113/><F113/><W96/><G96/><T0/><D47/><U8/><E46/><V112/><F112/><W77/><G77/><T122/><D122/><U82/><E45/><V104/><F104/><W98/><G98/><T3/><D132/><U1/><E78/><V101/><F6/><W59/><G59/><T44/><D133/><RYUUKYOKU ba="0,1" sc="479,-10,240,-10,25,-10,246,30" hai3="7,10,18,21,25,27,29,32,81,85,90,93,94" /><INIT seed="3,1,1,2,4,108" ten="469,230,15,276" oya="3" hai0="126,48,43,7,75,8,131,50,16,44,105,20,78" hai1="114,6,90,17,127,42,22,57,67,134,39,45,59" hai2="101,98,60,15,1,82,18,34,35,65,10,102,132" hai3="106,92,41,109,110,21,25,33,26,133,3,55,30"/><W77/><G106/><T104/><D126/><U79/><E127/><V56/><F132/><W32/><G133/><T118/><D131/><U5/><E134/><V87/><F34/><W100/><G3/><T81/><D118/><U11/><E6/><V71/><F1/><W86/><G41/><T120/><D50/><U40/><E40/><V97/><F35/><W129/><G129/><T31/><D31/><U14/><E67/><V12/><F71/><W125/><G125/><T76/><D78/><U24/><E114/><V112/><F112/><W70/><G70/><T116/><D120/><U119/><E119/><V61/><F87/><W84/><G33/><T111/><D116/><U94/><REACH who="1" step="1"/><E79/><REACH who="1" ten="469,220,15,276" step="2"/><V38/><F38/><W93/><G77/><T46/><D43/><U4/><E4/><V68/><F68/><W80/><G100/><T28/><D7/><U29/><E29/><V27/><F27/><W0/><G0/><T88/><D28/><U36/><E36/><V73/><F73/><W107/><G107/><T91/><D75/><U2/><E2/><V66/><F82/><W122/><G122/><T83/><D81/><U13/><E13/><V74/><F74/><W37/><G37/><T124/><D83/><U69/><E69/><V47/><F10/><W23/><G80/><T117/><D76/><U113/><E113/><V51/><F51/><W54/><G30/><T49/><D104/><U52/><E52/><V62/><F62/><W72/><G32/><T64/><D105/><U58/><E58/><V63/><F63/><W130/><G130/><T128/><D117/><RYUUKYOKU ba="1,2" sc="469,-15,220,15,15,-15,276,15" hai1="5,11,14,17,22,24,39,42,45,57,59,90,94" hai3="21,23,25,26,54,55,72,84,86,92,93,109,110" /><INIT seed="3,2,2,1,3,125" ten="454,235,0,291" oya="3" hai0="20,64,63,112,119,7,93,98,61,58,25,133,86" hai1="41,5,107,6,94,15,29,65,56,30,18,102,32" hai2="45,62,131,76,111,33,108,27,87,52,118,28,48" hai3="49,54,21,24,126,116,124,3,130,81,4,35,46"/><W106/><G106/><T34/><D119/><U104/><E41/><V40/><F87/><W134/><G116/><T100/><D34/><U1/><E29/><V38/><F76/><W78/><G35/><T42/><D112/><U96/><E6/><V77/><F77/><W53/><G134/><T123/><D123/><U47/><E47/><V92/><F92/><W9/><G130/><T37/><D7/><U105/><E65/><V51/><F118/><W68/><G68/><T113/><D113/><U127/><E56/><N who="2" m="35079" /><F27/><W95/><G95/><T55/><D133/><U109/><E127/><N who="3" m="48682" /><G53/><T74/><D74/><U50/><E50/><N who="2" m="18987" /><F28/><N who="3" m="17423" /><G78/><T97/><D42/><U132/><E132/><V12/><F12/><W66/><G66/><T129/><D64/><U99/><E109/><N who="2" m="42059" /><F33/><W71/><G71/><T44/><D129/><U89/><E1/><V114/><F114/><W82/><AGARI ba="2,2" hai="3,4,9,46,49,54,81,82" m="17423,48682" machi="82" ten="30,1500,0" yaku="18,1" doraHai="125" who="3" fromWho="3" sc="454,-7,235,-7,0,-7,291,41" owari="447,55.0,228,-17.0,-7,-51.0,332,13.0" /></mjloggm>