<mjloggm ver="2.3"><GO type="97" lobby="0"/><UN n0="%E8%91%9B%E9%A4%85" n1="%6D%69%73%61%6B%69" n2="%64%61%74%73" n3="%E3%82%A6%E3%83%AB%E3%83%88%E3%83%A9%E7%AB%8B%E7%9B%B4" dan="14,13,13,15" rate="1957.01,1894.25,1949.20,1996.64" sx="M,F,M,M"/><TAIKYOKU oya="0"/><INIT seed="0,0,0,5,4,5" ten="250,250,250,250" oya="0" hai0="97,81,104,45,105,61,36,76,129,73,78,62,71" hai1="30,35,123,27,91,69,22,96,11,128,134,49,29" hai2="1,135,9,15,85,64,86,117,89,98,28,99,93" hai3="83,103,51,122,102,132,65,126,110,12,114,25,23"/><T70/><D129/><U21/><E123/><V46/><F1/><W8/><G114/><T41/><D78/><U39/><E39/><V111/><F111/><W3/><G3/><T59/><D59/><U106/><E69/><V7/><F135/><W13/><G110/><T54/><D54/><U24/><E134/><V68/><F117/><W100/><G132/><T84/><D84/><U87/><E128/><V34/><F46/><W108/><G108/><T95/><D95/><U113/><E113/><V37/><F37/><W55/><G65/><T121/><D121/><U6/><E106/><V63/><REACH who="2" step="1"/><F99/><REACH who="2" ten="250,250,240,250" step="2"/><W72/><G122/><T88/><D97/><U75/><E96/><V50/><F50/><W14/><G126/><T20/><D61/><U53/><E35/><V2/><F2/><W56/><G72/><T116/><D62/><U33/><E33/><V4/><F4/><N who="3" m="3079" /><G83/><T38/><D116/><U66/><E75/><V119/><F119/><W131/><G131/><T90/><D36/><U125/><E125/><V10/><F10/><W109/><G109/><T16/><D105/><U58/><E66/><V79/><F79/><W80/><G80/><T44/><D104/><U101/><E101/><V42/><F42/><W26/><G23/><T74/><D44/><U43/><E43/><V130/><F130/><W57/><G102/><T127/><D73/><U77/><E77/><V67/><F67/><W31/><G103/><T18/><D127/><U48/><E48/><V60/><F60/><W115/><G100/><T94/><D20/><U40/><E40/><V47/><F47/><RYUUKYOKU ba="0,1" sc="250,-10,250,-10,240,30,250,-10" hai2="7,9,15,28,34,63,64,68,85,86,89,93,98" /><INIT seed="1,1,1,5,5,79" ten="240,240,270,240" oya="1" hai0="16,18,98,130,17,92,43,50,132,60,107,83,62" hai1="48,20,35,68,115,110,69,55,121,23,111,103,124" hai2="87,104,117,41,113,84,125,6,70,15,128,66,61" hai3="131,95,14,49,133,122,53,30,78,114,1,101,46"/><U129/><E121/><V90/><F117/><W88/><G1/><T42/><D107/><U22/><E115/><V106/><F128/><W91/><G122/><T96/><D130/><U99/><E129/><V105/><F113/><W9/><G114/><T29/><D29/><U126/><E35/><V82/><F125/><N who="1" m="48233" /><E99/><N who="0" m="37929" /><D132/><U76/><E76/><V119/><F119/><W135/><G131/><T4/><D4/><U33/><E103/><V123/><F123/><W109/><G109/><N who="1" m="41482" /><E33/><V12/><F41/><N who="0" m="15370" /><D50/><U13/><E13/><V85/><REACH who="2" step="1"/><F15/><REACH who="2" ten="240,240,260,240" step="2"/><W0/><G135/><T28/><D28/><U65/><E65/><V5/><F5/><W72/><G30/><T120/><D120/><U118/><E118/><V89/><F89/><W58/><G133/><T86/><D92/><U134/><E134/><V64/><F64/><W52/><G0/><T74/><D74/><U59/><AGARI ba="1,2" hai="20,22,23,48,55,59,68,69" m="41482,48233" machi="59" ten="40,7800,0" yaku="18,1,14,1,10,1" doraHai="79" who="1" fromWho="1" sc="240,-27,240,101,260,-27,240,-27" /><INIT seed="1,2,0,3,5,105" ten="213,341,233,213" oya="1" hai0="86,97,95,53,41,20,123,3,61,56,117,116,6" hai1="45,120,30,5,66,57,17,1,62,82,111,60,25" hai2="22,47,58,70,59,88,68,104,63,118,98,84,8" hai3="73,103,112,135,91,7,92,40,11,65,122,38,74"/><U43/><E120/><V72/><F118/><W114/><G122/><T34/><D123/><U37/><E111/><V115/><F115/><W13/><G114/><T78/><D34/><U76/><E5/><V50/><F72/><W28/><G112/><T113/><D113/><U12/><E1/><V26/><F70/><W64/><G135/><T96/><D41/><U15/><E62/><V134/><F68/><W106/><G28/><T55/><D20/><U94/><E94/><V44/><F134/><W108/><G108/><T2/><D55/><U42/><E42/><V130/><F130/><W54/><G54/><T21/><D21/><U101/><E101/><V77/><F77/><W9/><G103/><T69/><D69/><U102/><E102/><V128/><F128/><W83/><G106/><T90/><D97/><U52/><E66/><V51/><F98/><W33/><G33/><T10/><REACH who="0" step="1"/><D2/><REACH who="0" ten="203,341,233,213" step="2"/><U99/><E99/><V16/><F104/><W0/><G40/><T100/><D100/><U132/><E132/><V31/><F8/><W85/><G38/><T79/><D79/><U89/><E89/><V80/><F44/><W19/><G65/><T126/><D126/><U131/><E131/><V109/><F47/><W110/><G64/><T129/><D129/><U36/><E36/><V71/><F109/><W35/><G35/><T24/><D24/><U93/><E37/><V133/><F71/><W121/><G121/><T39/><D39/><U67/><E67/><N who="2" m="39415" /><F133/><W119/><G110/><T14/><D14/><U124/><E124/><V87/><F26/><W75/><G119/><RYUUKYOKU ba="2,1" sc="203,15,341,-15,233,-15,213,15" hai0="3,6,10,53,56,61,78,86,90,95,96,116,117" hai3="0,7,9,11,13,19,73,74,75,83,85,91,92" /><INIT seed="2,3,1,0,0,15" ten="218,326,218,228" oya="2" hai0="5,91,79,82,97,7,124,129,121,63,61,12,64" hai1="57,34,69,125,110,6,45,133,44,94,55,17,81" hai2="108,83,36,2,113,25,10,24,74,52,75,19,32" hai3="130,3,92,89,127,114,38,23,103,134,31,13,43"/><V70/><F113/><W35/><G3/><T93/><D121/><U100/><E69/><V76/><F70/><W1/><G1/><T65/><D124/><U87/><E34/><V78/><F36/><W53/><G43/><T42/><D42/><U62/><E110/><V41/><F41/><W135/><G38/><T4/><D12/><U59/><E125/><V39/><F39/><W95/><G35/><T37/><D37/><U84/><E133/><N who="3" m="50698" /><G127/><T14/><D14/><U58/><E6/><V98/><F108/><W117/><G117/><T99/><D99/><U115/><E115/><V80/><F98/><N who="3" m="59871" /><G130/><T60/><D129/><U33/><E33/><V109/><F109/><W102/><G102/><T26/><REACH who="0" step="1"/><D26/><REACH who="0" ten="208,326,218,228" step="2"/><U16/><E100/><V0/><F25/><N who="3" m="16831" /><G114/><T40/><D40/><U120/><E120/><V112/><F112/><W8/><G13/><T22/><D22/><U71/><E71/><V48/><F32/><W107/><G8/><T88/><D88/><U73/><E73/><AGARI ba="3,2" hai="4,5,7,60,61,63,64,65,73,79,82,91,93,97" machi="73" ten="40,1300,0" yaku="1,1,53,0" doraHai="15" doraHaiUra="9" who="0" fromWho="1" sc="208,42,326,-22,218,0,228,0" /><INIT seed="3,0,0,2,2,33" ten="250,304,218,228" oya="3" hai0="80,93,63,75,108,134,36,65,30,47,7,98,55" hai1="73,105,109,94,110,130,62,97,50,119,28,135,120" hai2="88,14,131,56,64,133,57,95,70,58,68,4,60" hai3="69,20,102,123,22,67,6,106,34,21,114,118,10"/><W53/><G34/><T1/><D108/><N who="1" m="41579" /><E120/><V27/><F133/><W77/><G123/><T24/><D55/><U99/><E73/><V52/><F131/><W129/><G114/><T91/><D134/><U38/><E135/><V81/><F81/><W19/><G118/><T113/><D113/><U51/><E130/><V17/><F58/><W2/><G129/><T29/><D24/><U125/><E125/><V31/><F4/><W100/><G77/><N who="0" m="44095" /><D63/><U87/><E119/><V72/><F72/><W132/><G132/><T49/><D49/><U89/><E38/><V0/><F0/><W112/><G112/><T121/><D65/><U18/><E28/><V101/><F101/><W11/><G106/><T74/><D74/><U126/><E126/><V127/><F127/><W85/><G85/><T46/><D46/><U23/><E62/><V107/><F107/><W96/><G96/><N who="1" m="36938" /><E105/><V59/><F59/><W15/><REACH who="3" step="1"/><G53/><REACH who="3" ten="250,304,218,218" step="2"/><T79/><D79/><U37/><E37/><V54/><F54/><W25/><G25/><AGARI ba="0,1" hai="18,23,25,50,51,87,89,94" m="36938,41579" machi="25" ten="30,1000,0" yaku="14,1" doraHai="33" who="1" fromWho="3" sc="250,0,304,20,218,0,218,-10" owari="250,5.0,324,42.0,218,-18.0,208,-29.0" /></mjloggm>