<mjloggm ver="2.3"><GO type="97" lobby="0"/><UN n0="%E7%87%95%E5%85%90" n1="%53%6F%32%34" n2="%E3%82%BC%E3%83%B3%E3%83%84%E5%90%9B%EF%BC%93%E5%8F%B7" n3="%E3%82%A6%E3%83%AB%E3%83%88%E3%83%A9%E7%AB%8B%E7%9B%B4" dan="15,14,15,15" rate="1953.29,1976.21,1934.83,2027.50" sx="F,M,M,M"/><TAIKYOKU oya="0"/><INIT seed="0,0,0,2,0,98" ten="250,250,250,250" oya="0" hai0="46,9,83,40,63,71,80,126,66,53,60,107,36" hai1="43,124,119,26,21,102,116,91,95,74,45,22,106" hai2="79,122,69,58,130,109,25,101,44,30,2,7,81" hai3="86,14,15,72,108,89,11,96,47,133,18,118,129"/><T117/><D107/><U23/><E74/><V77/><F122/><W105/><G72/><T128/><D117/><U85/><E124/><V97/><F79/><W82/><G118/><T114/><D114/><U6/><E26/><V125/><F125/><W123/><G108/><T103/><D126/><U42/><E42/><V68/><F109/><W20/><G129/><T61/><D128/><U38/><REACH who="1" step="1"/><E6/><REACH who="1" ten="250,240,250,250" step="2"/><V29/><F25/><W59/><G123/><T120/><D120/><U78/><E78/><V57/><F130/><W39/><G133/><T87/><D66/><U94/><E94/><V37/><F77/><W76/><G76/><T4/><D4/><U3/><E3/><V127/><F7/><W104/><G104/><T75/><D75/><U131/><E131/><V135/><F2/><W8/><G105/><T132/><D132/><U112/><E112/><V32/><F135/><W62/><G15/><T73/><D73/><U64/><E64/><V84/><F127/><W56/><G14/><T16/><D40/><U41/><E41/><V12/><F12/><W88/><G82/><T54/><D83/><U5/><E5/><V50/><F81/><W27/><G27/><T67/><D80/><U121/><E121/><V100/><F32/><W111/><G111/><T134/><D134/><U34/><E34/><V113/><F113/><W10/><G39/><T49/><D36/><U65/><E65/><V13/><F13/><W92/><G92/><T28/><D67/><U0/><E0/><V17/><F37/><W51/><G20/><T70/><D28/><U1/><E1/><RYUUKYOKU ba="0,1" sc="250,-10,240,30,250,-10,250,-10" hai1="21,22,23,38,43,45,85,91,95,102,106,116,119" /><INIT seed="1,1,1,0,2,68" ten="240,270,240,240" oya="1" hai0="73,34,13,26,83,113,32,100,53,56,82,65,15" hai1="12,41,43,127,50,60,27,14,38,29,45,117,33" hai2="76,105,40,123,128,90,71,67,66,115,20,39,95" hai3="116,132,133,84,49,3,55,80,134,16,37,120,121"/><U22/><E117/><V10/><F123/><W129/><G3/><T112/><D65/><U125/><E60/><V52/><F105/><W21/><G129/><T4/><D100/><U46/><REACH who="1" step="1"/><E33/><REACH who="1" ten="240,260,240,240" step="2"/><V69/><F128/><W124/><G116/><T85/><D34/><U99/><E99/><V107/><F69/><W131/><G131/><T36/><D32/><U78/><E78/><V93/><F71/><W103/><G121/><T119/><D119/><U74/><E74/><V70/><F76/><W54/><G120/><T109/><D73/><U28/><E28/><V5/><F70/><W130/><G130/><T25/><D113/><U89/><E89/><V102/><F115/><W59/><G103/><T6/><D112/><U0/><E0/><V30/><F90/><W79/><G124/><AGARI ba="1,2" hai="12,14,22,27,29,38,41,43,45,46,50,124,125,127" machi="124" ten="40,18000,2" yaku="1,1,18,1,52,1,53,3" doraHai="68" doraHaiUra="135" who="1" fromWho="3" sc="240,0,260,203,240,0,240,-183" /><INIT seed="1,2,0,3,2,83" ten="240,463,240,57" oya="1" hai0="7,64,77,132,65,0,72,34,107,74,93,96,56" hai1="5,90,18,39,91,119,28,60,14,128,66,41,100" hai2="32,94,111,6,9,108,70,59,67,50,125,58,33" hai3="81,36,62,17,115,117,86,23,13,46,88,133,8"/><U104/><E119/><V69/><F125/><W57/><G117/><T26/><D107/><U98/><E5/><V24/><F58/><W103/><G133/><T44/><D132/><U127/><E128/><V45/><F94/><W61/><G115/><T106/><D0/><U112/><E112/><V102/><F102/><W118/><G118/><T105/><D72/><U78/><E127/><V80/><F59/><W38/><G62/><N who="0" m="37959" /><D74/><U76/><E28/><V52/><F80/><W79/><G103/><T11/><D77/><U121/><E121/><V15/><F24/><W3/><G46/><T110/><D44/><U25/><E25/><V31/><F31/><W131/><G131/><T55/><D55/><U130/><E130/><V1/><F1/><W101/><G101/><T120/><D65/><U29/><E29/><V30/><F30/><W124/><G124/><T89/><D26/><U97/><E41/><V51/><F33/><W82/><G3/><T4/><D34/><U71/><E39/><V42/><F32/><W87/><G8/><T63/><D63/><U135/><E135/><V37/><F67/><AGARI ba="2,0" hai="13,17,23,36,38,57,61,67,79,81,82,86,87,88" machi="67" ten="30,7700,0" yaku="7,1,52,2,54,1" doraHai="83" who="3" fromWho="2" sc="240,0,463,0,240,-83,57,83" /><INIT seed="2,0,0,5,3,9" ten="240,463,157,140" oya="2" hai0="79,113,23,8,130,25,135,111,73,10,4,102,93" hai1="123,30,81,0,86,105,99,94,108,69,40,83,88" hai2="66,46,16,58,114,68,29,132,124,71,20,5,72" hai3="3,17,22,12,122,119,109,31,90,74,27,42,103"/><V104/><F114/><W112/><G74/><T65/><D113/><U39/><E69/><V84/><F72/><W19/><G112/><T7/><D135/><U126/><E0/><V51/><F104/><W6/><G103/><T36/><D130/><U34/><E105/><V121/><F121/><W63/><G122/><T75/><D36/><U128/><E128/><V95/><F132/><W24/><G42/><T77/><D111/><U44/><E108/><V41/><F5/><W1/><G109/><T32/><D65/><U33/><E126/><V37/><F29/><N who="3" m="17559" /><G63/><T96/><D23/><U98/><E123/><V116/><F124/><W61/><G61/><T133/><D133/><U47/><E47/><V127/><F127/><W49/><G49/><T53/><D25/><U45/><E45/><V35/><F116/><W115/><G90/><T92/><D32/><U80/><E30/><V101/><F35/><N who="3" m="20991" /><G119/><T52/><D96/><U48/><E39/><V97/><F84/><W118/><G118/><T50/><D50/><U70/><E70/><V120/><F120/><W11/><G115/><T14/><D102/><U28/><E28/><V87/><F87/><W18/><AGARI ba="0,0" hai="1,3,6,11,12,17,18,19" m="20991,17559" machi="18" ten="30,12000,2" yaku="35,5,52,1" doraHai="9" who="3" fromWho="3" sc="240,-30,463,-30,157,-60,140,120" /><INIT seed="3,0,0,1,0,121" ten="210,433,97,260" oya="3" hai0="95,129,19,88,116,32,51,17,91,35,23,39,26" hai1="43,63,92,16,78,107,52,70,29,65,124,33,3" hai2="76,41,115,112,103,131,81,108,54,57,11,9,24" hai3="47,85,120,96,109,83,7,49,61,72,37,12,58"/><W18/><G37/><T100/><D129/><U97/><E3/><V133/><F131/><W45/><G72/><T94/><D116/><U1/><E1/><V67/><F103/><W8/><G120/><T15/><D39/><U68/><E68/><V102/><F102/><W117/><G117/><T66/><D51/><U74/><E43/><V132/><F41/><W64/><G96/><T122/><D122/><U36/><E36/><V56/><F67/><W53/><G109/><T93/><D100/><U42/><E42/><V21/><F81/><W38/><G38/><T2/><D2/><U71/><E71/><V130/><F130/><W99/><G99/><T30/><D66/><U73/><E107/><V79/><F24/><W119/><G119/><T59/><D59/><U113/><E16/><N who="0" m="6217" /><D35/><U110/><E52/><V105/><F21/><W135/><G135/><T106/><D32/><U13/><E110/><V44/><F44/><W10/><G47/><T34/><D34/><U128/><E97/><V62/><F54/><W40/><G40/><T28/><D106/><U118/><E74/><V50/><F50/><W0/><G0/><T86/><D30/><U4/><E29/><V48/><F48/><W125/><G125/><T55/><D55/><U87/><E124/><V89/><F105/><W84/><G84/><N who="0" m="52359" /><D15/><U114/><E87/><V126/><F126/><W46/><G46/><T31/><D28/><U80/><E73/><V69/><F69/><W22/><G7/><T123/><D123/><U25/><E4/><V5/><F5/><W6/><G6/><T14/><D14/><RYUUKYOKU ba="0,0" sc="210,15,433,-15,97,-15,260,15" hai0="23,26,31,86,91,94,95" hai3="8,10,12,18,22,45,49,53,58,61,64,83,85" /><INIT seed="3,1,0,3,1,19" ten="225,418,82,275" oya="3" hai0="15,45,14,89,77,23,99,40,1,86,100,121,132" hai1="124,109,85,46,30,90,96,91,0,57,42,4,33" hai2="73,8,47,134,43,92,12,75,3,56,82,13,37" hai3="61,106,83,31,108,84,135,48,51,60,36,6,7"/><W71/><G106/><T53/><D132/><U133/><E109/><V22/><F73/><W38/><G135/><T107/><D121/><U5/><E133/><V80/><F80/><W129/><G31/><T81/><D1/><U26/><E124/><V111/><F111/><W102/><G102/><T110/><D110/><U41/><E41/><V114/><F114/><W17/><G17/><T87/><D53/><U94/><E57/><V34/><F34/><W104/><G104/><T126/><D126/><U93/><E0/><V78/><F134/><W101/><G101/><T21/><D14/><U54/><E54/><V16/><F56/><W49/><G83/><T10/><D87/><U127/><E127/><V24/><REACH who="2" step="1"/><F92/><REACH who="2" ten="225,418,72,275" step="2"/><W120/><G108/><T2/><D77/><U68/><E68/><V65/><F65/><W130/><G71/><T115/><D115/><U55/><E55/><V70/><F70/><W76/><G120/><T98/><D2/><U25/><E25/><V112/><F112/><W125/><G125/><T44/><D45/><U88/><E91/><V27/><F27/><W103/><G103/><T18/><D98/><U50/><AGARI ba="1,1" hai="4,5,26,30,33,42,46,50,85,88,90,93,94,96" machi="50" ten="20,2700,0" yaku="0,1,7,1,54,1" doraHai="19" who="1" fromWho="1" sc="225,-8,418,40,72,-8,275,-14" owari="217,-18.0,458,56.0,64,-44.0,261,6.0" /></mjloggm>