<mjloggm ver="2.3"><GO type="97" lobby="0"/><UN n0="%E7%82%8E%E3%81%AE%E3%82%B7%E3%83%A5%E3%83%AC%E3%83%B3" n1="%E3%83%88%E3%82%B7%E3%83%95%E3%83%BC%E3%83%8B" n2="%E3%82%A6%E3%83%AB%E3%83%88%E3%83%A9%E7%AB%8B%E7%9B%B4" n3="%D0%B7%D1%80%D0%B9%D1%82%D0%B5%D0%BB%D1%8C" dan="15,15,15,14" rate="2032.68,2103.83,2023.84,1933.55" sx="M,M,M,M"/><TAIKYOKU oya="0"/><INIT seed="0,0,0,0,3,26" ten="250,250,250,250" oya="0" hai0="83,33,114,124,74,45,96,84,56,14,116,134,6" hai1="79,128,85,9,31,107,77,11,3,109,81,4,0" hai2="22,39,129,34,63,111,70,67,93,65,17,19,78" hai3="135,115,98,123,15,20,54,43,120,121,55,72,68"/><T5/><D74/><U10/><E107/><V16/><F34/><W126/><G72/><T112/><D116/><U61/><E128/><V131/><F39/><W88/><G68/><T29/><D134/><U71/><E109/><V21/><F111/><W51/><G115/><T49/><D124/><U36/><E36/><V99/><F78/><W103/><G103/><T82/><D56/><U53/><E79/><V50/><F50/><W97/><G97/><T46/><D96/><U92/><E0/><V90/><REACH who="2" step="1"/><F67/><REACH who="2" ten="250,250,240,250" step="2"/><W57/><G135/><T130/><D33/><U12/><E3/><V76/><F76/><W8/><G43/><T95/><D49/><U25/><E71/><V38/><F38/><W60/><G126/><T80/><D114/><U122/><E122/><V18/><N who="2" m="4096" /><DORA hai="105" /><V110/><F110/><W94/><G123/><T101/><D112/><U44/><E61/><V40/><F40/><W24/><G121/><T133/><D133/><U2/><E2/><V108/><F108/><W64/><G120/><T127/><D127/><U132/><E132/><V27/><F27/><W125/><G125/><T106/><D130/><AGARI ba="0,1" hai="21,22,63,65,70,90,93,99,129,130,131" m="4096" machi="130" ten="50,8000,1" yaku="1,1,19,1,54,1,53,2" doraHai="26,105" doraHaiUra="89,87" who="2" fromWho="0" sc="250,-80,250,0,240,90,250,0" /><INIT seed="1,0,0,5,2,101" ten="170,250,330,250" oya="1" hai0="5,50,67,9,7,130,84,88,75,22,32,20,114" hai1="19,55,26,40,46,82,15,3,134,133,80,51,56" hai2="131,106,44,28,68,41,23,91,16,8,87,99,73" hai3="129,49,69,2,78,86,35,58,109,13,74,66,128"/><U63/><E3/><V21/><F73/><W116/><G35/><T57/><D75/><U108/><E108/><V100/><F68/><W59/><G2/><T52/><D32/><U89/><E26/><V1/><F131/><W123/><G74/><T14/><D114/><U115/><E115/><V17/><F28/><W47/><G13/><T6/><D130/><N who="3" m="50281" /><G78/><T64/><D22/><U38/><E89/><V83/><F17/><W11/><G86/><T92/><D20/><U10/><REACH who="1" step="1"/><E38/><REACH who="1" ten="170,240,330,250" step="2"/><V34/><F1/><W97/><G116/><T30/><REACH who="0" step="1"/><D30/><REACH who="0" ten="160,240,330,250" step="2"/><U121/><E121/><V105/><F34/><W98/><G123/><T45/><D45/><U12/><E12/><V37/><F44/><W132/><G47/><T43/><D43/><U122/><E122/><V79/><F41/><W90/><G132/><AGARI ba="0,2" hai="10,15,19,40,46,51,55,56,63,80,82,132,133,134" machi="132" ten="40,3900,0" yaku="1,1,20,1,53,0" doraHai="101" doraHaiUra="65" who="1" fromWho="3" sc="160,0,240,59,330,0,250,-39" /><INIT seed="1,1,0,2,3,118" ten="160,299,330,211" oya="1" hai0="119,131,39,82,52,103,11,32,83,100,28,97,64" hai1="16,99,105,66,7,122,56,67,57,75,90,78,50" hai2="81,112,6,89,102,23,36,101,5,88,96,8,45" hai3="26,31,79,109,116,19,135,33,72,69,68,84,15"/><U22/><E7/><V70/><F70/><W132/><G116/><T130/><D39/><U71/><E71/><V61/><F36/><W21/><G72/><T27/><D119/><U108/><E75/><V93/><F112/><W43/><G43/><T29/><D64/><U12/><E78/><V124/><F124/><W24/><G24/><T25/><D11/><U38/><E38/><V40/><F61/><W42/><G42/><T4/><D4/><U46/><E122/><V133/><F133/><N who="3" m="51275" /><G109/><T30/><D30/><U73/><E73/><V62/><F62/><W74/><G74/><T0/><D0/><U121/><E121/><V107/><F107/><W117/><G117/><T60/><D97/><U127/><E127/><V128/><F128/><W20/><G21/><T98/><D98/><U123/><E123/><V129/><F129/><N who="0" m="49162" /><D103/><U41/><E108/><V111/><F111/><W44/><G44/><T48/><D60/><U120/><E120/><V18/><F45/><W1/><G1/><T54/><D100/><U85/><E99/><V134/><F40/><W91/><G79/><T113/><D113/><U49/><E105/><V86/><F134/><W80/><AGARI ba="1,0" hai="15,19,20,26,31,33,68,69,80,84,91" m="51275" machi="80" ten="30,1100,0" yaku="20,1" doraHai="118" who="3" fromWho="3" sc="160,-4,299,-6,330,-4,211,14" /><INIT seed="2,0,0,5,0,129" ten="156,293,326,225" oya="2" hai0="126,83,34,123,31,41,8,85,120,58,1,130,33" hai1="69,117,46,88,72,74,125,37,51,108,106,0,54" hai2="64,68,82,132,9,19,40,35,80,128,5,89,43" hai3="20,55,52,60,107,65,45,95,119,22,47,134,133"/><V92/><F19/><W101/><G119/><T2/><D130/><U67/><E117/><V62/><F35/><W32/><G32/><T124/><D41/><U109/><E106/><V97/><F128/><W39/><G39/><T113/><D58/><U38/><E0/><V114/><F114/><W91/><G107/><T93/><D93/><U94/><E125/><N who="0" m="48233" /><D34/><U26/><E26/><V23/><F23/><N who="3" m="8747" /><G101/><T79/><D113/><U50/><E50/><V112/><F112/><W122/><G122/><N who="0" m="46635" /><D8/><U90/><E67/><V30/><F43/><W25/><G45/><T36/><D36/><N who="1" m="13931" /><E69/><V98/><F40/><W84/><G25/><AGARI ba="0,0" hai="1,2,25,31,33,79,83,85" m="46635,48233" machi="25" ten="30,1000,0" yaku="18,1" doraHai="129" who="0" fromWho="3" sc="156,10,293,0,326,0,225,-10" /><INIT seed="3,0,0,4,4,73" ten="166,293,326,215" oya="3" hai0="55,95,24,88,112,111,36,32,14,69,39,116,108" hai1="103,92,20,19,98,29,45,30,18,90,128,22,124" hai2="21,23,72,2,81,15,51,3,61,80,102,56,75" hai3="133,127,50,89,25,40,48,53,43,38,52,126,91"/><W47/><G25/><T84/><D69/><U135/><E135/><V101/><F51/><W57/><G133/><T31/><D116/><U107/><E128/><V99/><F15/><W130/><G130/><T114/><D55/><U8/><E124/><N who="3" m="47658" /><G91/><T12/><D12/><U106/><E8/><V10/><F56/><N who="3" m="32775" /><G89/><T27/><D27/><U58/><E58/><V13/><F13/><W34/><G34/><T87/><D14/><U41/><E107/><V93/><F93/><W9/><G9/><T46/><D84/><U105/><E105/><V82/><F82/><W117/><G43/><T110/><REACH who="0" step="1"/><D46/><REACH who="0" ten="156,293,326,215" step="2"/><U35/><E45/><V66/><F10/><W26/><G26/><T4/><D4/><U11/><E11/><V74/><F75/><W131/><G131/><T68/><D68/><U121/><E29/><V100/><F74/><W64/><G64/><T120/><D120/><U76/><E30/><V49/><F72/><W5/><G5/><T77/><D77/><U16/><E76/><V134/><F66/><W78/><G78/><T109/><N who="0" m="28160" /><DORA hai="67" /><T63/><D63/><U118/><E121/><V42/><F61/><W96/><G96/><T65/><D65/><U86/><E118/><AGARI ba="0,1" hai="38,40,47,50,53,57,117,118" m="32775,47658" machi="118" ten="30,11600,0" yaku="18,1,34,2,54,1" doraHai="73,67" who="3" fromWho="1" sc="156,0,293,-116,326,0,215,126" owari="156,-34.0,177,-22.0,326,13.0,341,43.0" /></mjloggm>