<mjloggm ver="2.3"><GO type="97" lobby="0"/><UN n0="%6E%61%6F%6E%6F%72%69" n1="%6E%65%6F%6B%6F%72%79%75" n2="%E3%82%A6%E3%83%AB%E3%83%88%E3%83%A9%E7%AB%8B%E7%9B%B4" n3="%59%41%53%41%49%4B%55%4E" dan="15,13,15,14" rate="1918.65,1850.74,1933.90,1825.93" sx="M,M,M,M"/><TAIKYOKU oya="0"/><INIT seed="0,0,0,0,3,111" ten="250,250,250,250" oya="0" hai0="73,9,44,132,95,14,64,68,47,123,42,98,109" hai1="86,71,50,126,72,91,38,118,122,19,77,53,103" hai2="21,76,12,54,4,26,63,31,125,60,51,104,92" hai3="52,108,10,1,46,79,43,3,33,120,102,32,130"/><T29/><D123/><U67/><E122/><V97/><F104/><W20/><G120/><T113/><D73/><U101/><E118/><V39/><F39/><W57/><G108/><T16/><D109/><U2/><E38/><V22/><F76/><W83/><G102/><T62/><D132/><U35/><E2/><V90/><F125/><W41/><G130/><T117/><D117/><U114/><E35/><V45/><F22/><W75/><G1/><T107/><D107/><U110/><E110/><V133/><F133/><W135/><G135/><T105/><D105/><U87/><E126/><V28/><REACH who="2" step="1"/><F31/><REACH who="2" ten="250,250,240,250" step="2"/><W89/><G20/><T129/><D29/><U8/><E77/><V5/><F5/><W69/><G33/><T131/><D42/><U70/><E72/><V81/><F81/><W25/><G32/><T49/><D49/><U27/><E50/><V134/><F134/><W119/><G41/><T66/><D66/><U74/><E67/><V93/><F93/><W96/><G43/><T18/><D18/><U65/><E19/><V56/><F56/><W58/><G58/><T115/><D47/><U124/><E124/><V80/><F80/><W6/><G46/><T100/><D44/><U59/><E65/><V23/><F23/><W127/><G57/><T99/><REACH who="0" step="1"/><D98/><REACH who="0" ten="240,250,240,250" step="2"/><U121/><E74/><V88/><F88/><W17/><G89/><T7/><D7/><U37/><E91/><V36/><F36/><W116/><G96/><T11/><D11/><AGARI ba="0,2" hai="4,11,12,21,26,28,45,51,54,60,63,90,92,97" machi="11" ten="40,2600,0" yaku="1,1,8,1,53,0" doraHai="111" doraHaiUra="106" who="2" fromWho="0" sc="240,-26,250,0,240,46,250,0" /><INIT seed="1,0,0,0,1,88" ten="214,250,286,250" oya="1" hai0="3,71,129,114,28,127,109,38,117,46,65,20,99" hai1="125,67,69,90,79,31,105,120,9,83,49,131,24" hai2="86,30,103,123,58,36,82,75,5,50,22,115,61" hai3="121,6,62,4,112,107,44,37,48,41,51,43,40"/><U11/><E120/><V34/><F36/><W16/><G107/><T104/><D65/><U95/><E105/><V113/><F34/><W110/><G121/><T2/><D46/><U106/><E106/><V64/><F75/><W21/><G112/><T116/><D20/><U134/><E134/><V15/><F50/><W54/><G110/><T27/><D99/><U17/><E131/><V122/><F103/><W111/><G111/><T63/><D63/><U14/><E125/><V94/><F94/><W97/><G37/><T102/><D102/><U118/><E118/><V56/><F56/><W35/><G35/><T126/><D27/><U133/><E133/><V25/><F15/><W92/><G62/><T72/><D28/><U19/><E69/><V87/><F5/><W59/><G6/><T55/><D55/><U18/><E67/><V80/><F122/><W81/><G81/><N who="2" m="31337" /><F123/><W68/><G68/><T13/><D13/><U29/><E49/><V124/><F124/><W76/><G4/><T85/><D72/><U32/><E29/><V8/><F8/><W78/><G78/><T60/><D38/><U96/><REACH who="1" step="1"/><E11/><REACH who="1" ten="214,240,286,250" step="2"/><V91/><F113/><W73/><G73/><AGARI ba="0,1" hai="9,14,17,18,19,24,31,32,73,79,83,90,95,96" machi="73" ten="30,11600,0" yaku="1,1,2,1,7,1,52,1,53,0" doraHai="88" doraHaiUra="42" who="1" fromWho="3" sc="214,0,240,126,286,0,250,-116" /><INIT seed="1,1,0,0,1,129" ten="214,366,286,134" oya="1" hai0="125,48,134,132,13,75,24,7,78,131,55,50,104" hai1="94,38,9,52,10,77,113,42,58,23,117,18,61" hai2="98,49,128,54,11,25,39,111,33,71,118,72,21" hai3="95,17,53,0,41,74,122,103,88,14,91,102,84"/><U79/><E117/><V65/><F39/><W105/><G74/><T110/><D104/><U121/><E121/><V87/><F72/><W1/><G122/><T70/><D70/><U20/><E113/><V69/><F118/><W34/><G34/><T66/><D66/><U27/><E94/><V80/><F33/><W92/><G41/><T59/><D131/><U116/><E116/><V115/><F128/><W6/><G6/><T32/><D110/><U133/><E133/><N who="0" m="51305" /><D125/><U120/><E120/><V83/><F111/><W15/><G15/><T26/><D32/><U81/><E42/><V123/><F123/><W99/><G103/><T76/><D75/><U127/><E38/><V8/><F65/><W114/><G114/><T112/><D112/><U119/><E119/><V56/><F71/><W130/><G130/><T19/><D7/><U28/><E127/><V73/><F73/><W90/><G90/><T101/><D101/><U16/><E81/><V47/><F83/><W2/><G2/><T3/><D48/><U44/><E79/><N who="0" m="30249" /><D3/><U126/><E77/><N who="2" m="46479" /><F69/><W86/><REACH who="3" step="1"/><G53/><REACH who="3" ten="214,366,286,124" step="2"/><T135/><D135/><U67/><E52/><V97/><F115/><W45/><G45/><T51/><D51/><U46/><E44/><V96/><F47/><W100/><G100/><T57/><D57/><U108/><E58/><V35/><F35/><W85/><G85/><T93/><D93/><U36/><E46/><V82/><F82/><W106/><G106/><T89/><D89/><U64/><E126/><V4/><F4/><W124/><G124/><T43/><D43/><U12/><E108/><RYUUKYOKU ba="1,1" sc="214,10,366,-30,286,10,124,10" hai0="13,19,24,26,50,55,59" hai2="8,11,21,25,49,54,56,96,97,98" hai3="0,1,14,17,84,86,88,91,92,95,99,102,105" /><INIT seed="2,2,1,2,2,71" ten="224,336,296,134" oya="2" hai0="9,100,133,93,87,18,124,84,2,48,31,46,115" hai1="4,16,135,131,11,51,134,108,110,118,107,5,88" hai2="50,29,37,49,33,106,114,25,36,40,45,38,27" hai3="62,63,64,69,47,24,30,123,117,41,96,53,128"/><V94/><F106/><W99/><G123/><T72/><D115/><U113/><E118/><V119/><F119/><W15/><G128/><T3/><D72/><U23/><E113/><V83/><F114/><W39/><G117/><T122/><D122/><U70/><E70/><V17/><F83/><W35/><G15/><T0/><D124/><U61/><E107/><V103/><F49/><W79/><G79/><T58/><D133/><N who="1" m="50699" /><E131/><V60/><F60/><W109/><G109/><N who="1" m="42090" /><E61/><V32/><F17/><W12/><G12/><T116/><D31/><U13/><E51/><V76/><F76/><W111/><G111/><T129/><D129/><U20/><E88/><V34/><REACH who="2" step="1"/><F29/><REACH who="2" ten="224,336,286,134" step="2"/><W68/><REACH who="3" step="1"/><G53/><REACH who="3" ten="224,336,286,124" step="2"/><T89/><D116/><U98/><E5/><V102/><F102/><W80/><G80/><T130/><D100/><U90/><E4/><V75/><F75/><W57/><G57/><T14/><D58/><U10/><E10/><V92/><F92/><AGARI ba="2,3" hai="11,13,16,20,23,90,92,98" m="42090,50699" machi="92" ten="30,3900,0" yaku="20,1,14,1,54,1" doraHai="71" who="1" fromWho="2" sc="224,0,336,75,286,-45,124,0" /><INIT seed="3,0,0,1,4,58" ten="224,411,241,124" oya="3" hai0="13,49,71,120,65,121,106,30,89,11,8,34,101" hai1="63,81,86,104,130,125,111,29,32,94,116,79,14" hai2="23,92,16,126,62,95,24,43,99,82,84,51,37" hai3="91,75,107,73,9,103,115,4,132,60,17,21,68"/><W6/><G115/><T54/><D8/><U87/><E116/><V90/><F37/><W12/><G132/><T135/><D135/><U114/><E87/><V45/><F126/><W74/><G107/><T25/><D89/><U56/><E94/><N who="2" m="56791" /><F62/><W122/><G103/><T83/><D83/><U98/><E86/><V72/><F72/><W20/><G91/><AGARI ba="0,0" hai="16,23,24,43,45,51,82,84,91,92,95" m="56791" machi="91" ten="30,2000,0" yaku="8,1,54,1" doraHai="58" who="2" fromWho="3" sc="224,0,411,0,241,20,124,-20" owari="224,-18.0,411,52.0,261,6.0,104,-40.0" /></mjloggm>