<mjloggm ver="2.3"><GO type="97" lobby="0"/><UN n0="%E6%99%B4%E9%9B%A8" n1="%E3%82%A6%E3%83%AB%E3%83%88%E3%83%A9%E7%AB%8B%E7%9B%B4" n2="%E3%83%8D%E3%82%AA%E3%83%A9%E3%83%B4%E3%82%A3%E3%83%B3" n3="%E3%81%8B%E3%81%93%E3%81%84" dan="15,15,13,13" rate="1965.81,2000.96,1856.72,1880.33" sx="M,M,M,M"/><TAIKYOKU oya="0"/><INIT seed="0,0,0,2,1,86" ten="250,250,250,250" oya="0" hai0="32,99,39,101,83,13,29,69,106,34,54,107,133" hai1="51,62,95,45,23,2,1,98,111,114,77,104,103" hai2="53,16,131,5,26,36,9,63,21,14,48,35,85" hai3="109,0,92,124,41,110,105,22,119,115,122,20,70"/><T116/><D116/><U72/><E111/><V132/><F131/><W12/><G20/><T59/><D69/><U28/><E114/><V135/><F36/><W128/><G92/><T40/><D133/><N who="2" m="51274" /><F63/><W117/><G22/><T71/><D71/><U24/><E62/><V120/><F120/><W91/><G91/><T78/><D107/><U96/><E77/><V89/><F35/><W87/><G87/><T79/><D29/><U65/><E65/><V47/><F85/><W31/><G12/><T11/><D40/><U50/><E72/><V93/><F93/><W49/><G49/><T66/><D66/><U52/><REACH who="1" step="1"/><E51/><REACH who="1" ten="250,240,250,250" step="2"/><V38/><F38/><W81/><G115/><T108/><D39/><U88/><AGARI ba="0,1" hai="1,2,23,24,28,45,50,52,88,95,96,98,103,104" machi="88" ten="20,12000,2" yaku="1,1,2,1,0,1,7,1,52,1,54,2,53,0" doraHai="86" doraHaiUra="8" who="1" fromWho="1" sc="250,-60,240,130,250,-30,250,-30" /><INIT seed="1,0,0,2,0,112" ten="190,370,220,220" oya="1" hai0="64,76,2,75,77,32,55,42,83,34,99,129,14" hai1="69,71,84,128,113,80,9,47,1,36,12,105,94" hai2="35,115,95,121,104,97,59,127,65,70,93,31,41" hai3="26,25,134,49,21,39,24,62,40,124,37,85,131"/><U132/><E105/><V96/><F115/><W133/><G62/><T82/><D2/><U106/><E106/><V29/><F121/><W16/><G49/><T19/><D129/><U66/><E1/><V108/><F108/><W50/><G131/><T120/><D120/><U20/><E113/><V48/><F127/><W125/><G85/><T100/><D42/><U116/><E69/><V87/><F87/><W10/><G50/><T91/><D55/><U81/><E94/><V33/><F104/><W88/><G88/><T68/><D91/><U102/><E102/><V89/><F70/><W103/><G103/><T101/><D64/><U114/><E20/><V0/><F0/><W18/><G40/><T109/><D68/><U11/><E114/><V63/><F35/><W51/><G51/><T60/><D109/><U122/><E122/><V58/><F31/><W17/><G10/><N who="1" m="3594" /><E12/><V30/><F33/><W92/><G92/><T110/><D60/><U38/><E66/><V135/><F135/><W117/><G21/><T119/><D110/><U74/><E71/><V98/><F98/><W45/><G45/><T46/><D46/><U56/><E56/><V6/><F6/><W22/><G22/><T27/><D99/><U15/><E47/><N who="2" m="25711" /><F58/><W79/><G79/><T126/><D34/><U86/><E86/><V8/><F8/><W52/><G52/><T72/><D32/><U90/><E84/><V57/><F57/><W7/><G7/><T3/><D75/><U61/><E74/><V43/><F43/><W130/><G130/><T67/><D72/><U13/><E128/><RYUUKYOKU ba="0,0" sc="190,-10,370,-10,220,30,220,-10" hai2="29,30,59,63,65,89,93,95,96,97" /><INIT seed="2,1,0,1,3,9" ten="180,360,250,210" oya="2" hai0="99,17,97,104,34,36,16,58,96,135,31,132,134" hai1="43,87,109,133,126,120,103,106,110,23,15,100,93" hai2="89,67,84,130,107,46,86,114,10,22,44,76,25" hai3="21,45,124,78,0,41,119,48,75,37,79,51,2"/><V73/><F130/><W121/><G121/><T20/><D36/><U81/><E126/><V102/><F114/><W108/><G119/><T88/><D58/><U94/><E43/><V50/><F73/><W64/><G64/><T80/><D104/><U6/><E133/><N who="0" m="34049" /><T26/><DORA hai="117" /><D34/><U24/><E120/><V52/><F67/><W113/><G113/><T65/><D65/><U40/><E40/><V127/><F127/><W3/><G124/><T54/><D54/><U69/><E69/><V74/><F74/><W60/><G60/><T39/><D39/><U68/><E68/><V19/><F107/><W57/><G108/><N who="1" m="41578" /><E100/><V49/><F102/><W92/><G75/><T4/><D4/><U70/><E70/><V98/><F10/><W116/><G116/><T14/><D14/><U53/><E53/><V83/><F98/><N who="0" m="25090" /><T63/><DORA hai="115" /><D63/><U128/><E103/><V55/><F86/><AGARI ba="1,0" hai="16,17,20,26,31,80,86,88" m="25090,34049" machi="86" ten="50,6400,0" yaku="20,1,54,2" doraHai="9,117,115" who="0" fromWho="2" sc="180,67,360,0,250,-67,210,0" /><INIT seed="3,0,0,1,2,77" ten="247,360,183,210" oya="3" hai0="101,12,6,91,36,75,20,99,19,53,38,100,28" hai1="84,33,70,42,122,129,68,106,7,105,23,27,14" hai2="111,103,46,123,64,114,104,119,34,71,60,5,118" hai3="82,93,110,125,35,102,39,22,65,1,4,97,31"/><W131/><G39/><T94/><D75/><U56/><E33/><V81/><F123/><W21/><G35/><T30/><D53/><U133/><E122/><V95/><F114/><W107/><G1/><T26/><D38/><U127/><E68/><V92/><F111/><W85/><G4/><T37/><D36/><U32/><E70/><V11/><F34/><W80/><G65/><T86/><D37/><U78/><E127/><V113/><F113/><W10/><G10/><N who="0" m="4183" /><D101/><U72/><E129/><V79/><F46/><W48/><G48/><T112/><D112/><U121/><E133/><V59/><F71/><W9/><G9/><T108/><D108/><U73/><E121/><V66/><F66/><W49/><G49/><T44/><D44/><U90/><E105/><V29/><F29/><W58/><G58/><T87/><D87/><U16/><E106/><V24/><F24/><W132/><G110/><T57/><D57/><U67/><E42/><V17/><F17/><W15/><G132/><T62/><D62/><N who="1" m="38343" /><E73/><V96/><F119/><W52/><G52/><T61/><D61/><U2/><E72/><V130/><F130/><W135/><G135/><T98/><D98/><U116/><E116/><V134/><F134/><W69/><G69/><T54/><D54/><U117/><E117/><V109/><F109/><W128/><G125/><T124/><D124/><U47/><E47/><V89/><F89/><N who="3" m="53423" /><G22/><T55/><D55/><U76/><E2/><N who="2" m="439" /><F118/><W40/><G40/><T25/><D25/><U126/><E126/><V50/><F50/><W115/><G115/><T63/><D63/><RYUUKYOKU ba="0,0" sc="247,15,360,-15,183,15,210,-15" hai0="19,20,26,28,30,86,91,94,99,100" hai2="59,60,64,79,81,92,95,96,103,104" owari="262,6.0,345,44.0,198,-20.0,195,-30.0" /></mjloggm>