<mjloggm ver="2.3"><GO type="97" lobby="0"/><UN n0="%E3%82%A6%E3%83%AB%E3%83%88%E3%83%A9%E7%AB%8B%E7%9B%B4" n1="%E5%9B%B0%E3%81%A3%E3%81%9F%E3%81%AA%EF%BD%9E" n2="%E3%83%96%E3%83%AD%E3%83%B3%E3%83%89%E3%83%98%E3%82%A2" n3="%E3%81%9D%E3%82%8C%E3%82%86%E3%81%91%E3%81%A1%E3%83%BC%E3%81%B4%E3%82%93" dan="15,15,14,14" rate="1979.18,1960.76,1996.83,1875.84" sx="M,M,M,M"/><TAIKYOKU oya="0"/><INIT seed="0,0,0,3,3,42" ten="250,250,250,250" oya="0" hai0="132,70,55,7,25,14,111,130,6,82,119,11,22" hai1="129,45,48,128,83,21,19,105,78,107,68,20,1" hai2="52,122,62,4,51,100,117,33,126,92,71,60,54" hai3="61,106,10,116,38,110,85,9,99,87,121,40,93"/><T43/><D70/><U41/><E68/><V114/><F33/><W120/><G116/><T0/><D119/><U69/><E69/><V58/><F117/><W96/><G106/><T35/><D35/><U103/><E1/><V135/><F114/><W101/><G110/><T97/><D111/><U75/><E21/><V133/><F122/><N who="3" m="47211" /><G99/><T29/><D130/><N who="1" m="50283" /><E103/><V81/><F4/><W2/><G61/><T123/><D132/><N who="2" m="50762" /><F126/><W124/><G124/><T109/><D109/><U27/><AGARI ba="0,0" hai="19,20,27,41,45,48,75,78,83,105,107" m="50283" machi="27" ten="30,2000,0" yaku="19,1,52,1" doraHai="42" who="1" fromWho="1" sc="250,-10,250,20,250,-5,250,-5" /><INIT seed="1,0,0,4,1,81" ten="240,270,245,245" oya="1" hai0="134,47,64,52,94,108,110,66,85,30,96,14,122" hai1="10,22,5,17,31,56,4,79,28,120,37,33,18" hai2="58,77,87,100,59,78,38,27,72,132,128,101,97" hai3="41,89,116,99,8,69,105,111,19,29,86,75,135"/><U76/><E37/><V44/><F132/><W40/><G69/><T133/><D14/><U39/><E39/><V70/><F70/><W106/><G75/><T130/><D30/><U21/><E120/><V25/><F128/><W60/><G135/><N who="0" m="51723" /><D130/><U57/><E10/><V114/><F114/><W112/><G112/><T113/><D113/><U45/><E45/><V124/><F124/><W68/><G111/><N who="0" m="42539" /><D122/><U42/><E42/><V35/><F35/><AGARI ba="0,0" hai="4,5,17,18,21,22,28,31,33,35,56,57,76,79" machi="35" ten="25,2400,0" yaku="22,2" doraHai="81" who="1" fromWho="2" sc="240,0,270,24,245,-24,245,0" /><INIT seed="1,1,0,2,5,133" ten="240,294,221,245" oya="1" hai0="47,31,60,105,106,3,134,78,116,29,126,114,109" hai1="48,52,22,80,102,93,20,130,15,24,36,58,89" hai2="99,119,84,95,86,117,129,13,18,43,30,45,46" hai3="54,87,53,25,107,123,6,91,63,2,121,41,35"/><U113/><E113/><V71/><F71/><W112/><G112/><T66/><D114/><U17/><E36/><V83/><F30/><W12/><G107/><T97/><D3/><U14/><E130/><V77/><F129/><W108/><G108/><T74/><D116/><U8/><E102/><V57/><F57/><W125/><G2/><T19/><D19/><U7/><E80/><V72/><F119/><W42/><G25/><T132/><D47/><U75/><E75/><V26/><F26/><W110/><G35/><T82/><D109/><U21/><E24/><V90/><F117/><W0/><G0/><T37/><D37/><U111/><E111/><V124/><F124/><W10/><G110/><T100/><D106/><U88/><E89/><V118/><F118/><W49/><G125/><T51/><D51/><U68/><E68/><V55/><F55/><W131/><G131/><T50/><D50/><U101/><E101/><V81/><F81/><N who="3" m="49647" /><G123/><T23/><D126/><U44/><E44/><V28/><F28/><W85/><G85/><AGARI ba="1,0" hai="7,8,14,15,17,20,21,22,48,52,58,85,88,93" machi="85" ten="30,18000,2" yaku="7,1,25,2,8,1,54,2" doraHai="133" who="1" fromWho="3" sc="240,0,294,183,221,0,245,-183" /><INIT seed="1,2,0,1,4,19" ten="240,477,221,62" oya="1" hai0="101,63,109,133,61,91,25,108,84,1,95,20,79" hai1="97,35,132,126,98,117,71,17,10,49,54,131,40" hai2="50,22,14,45,105,130,92,51,65,3,31,75,113" hai3="13,27,52,122,24,125,107,15,119,114,9,0,88"/><U23/><E117/><V30/><F105/><W55/><G107/><T21/><D1/><U69/><E35/><V96/><F3/><W81/><G122/><T72/><D101/><U5/><E132/><V37/><F75/><W47/><G114/><T120/><D133/><U103/><E40/><V57/><F113/><W102/><G0/><T12/><D120/><U53/><E131/><V42/><F130/><W66/><G125/><T46/><D46/><U36/><E36/><V87/><F87/><N who="3" m="50287" /><G119/><T70/><D70/><U29/><E29/><V115/><F115/><W62/><G102/><T26/><D12/><N who="3" m="4681" /><G9/><T77/><D72/><U34/><E34/><V48/><F65/><W135/><G135/><T4/><D4/><U7/><E126/><V93/><F57/><N who="3" m="37199" /><G47/><T89/><D84/><U100/><E10/><V83/><F83/><W33/><G33/><T56/><D56/><U74/><E74/><V127/><F127/><W129/><G129/><T59/><D59/><U94/><E49/><V85/><F85/><W58/><G55/><T82/><D82/><U80/><E80/><V8/><F8/><W39/><G39/><T134/><D134/><U124/><E124/><V43/><F43/><W18/><G18/><T64/><D64/><U78/><E17/><N who="2" m="10551" /><F93/><AGARI ba="2,0" hai="20,21,25,26,61,63,77,79,89,91,93,95,108,109" machi="93" ten="25,6400,0" yaku="22,2,52,2" doraHai="19" who="0" fromWho="2" sc="240,70,477,0,221,-70,62,0" /><INIT seed="2,0,0,2,0,66" ten="310,477,151,62" oya="2" hai0="32,46,25,26,92,81,77,120,5,91,31,20,89" hai1="55,90,93,47,79,52,21,64,10,112,117,12,132" hai2="68,38,41,65,74,131,0,28,98,122,118,124,114" hai3="73,102,54,94,53,27,29,33,123,17,119,100,85"/><V48/><RYUUKYOKU type="yao9" ba="0,0" sc="310,0,477,0,151,0,62,0" hai2="0,28,38,41,48,65,68,74,98,114,118,122,124,131" /><INIT seed="2,1,0,4,3,64" ten="310,477,151,62" oya="2" hai0="91,44,60,9,69,55,39,13,41,8,135,84,85" hai1="6,123,10,83,94,115,89,76,105,62,34,113,114" hai2="78,27,134,67,19,131,126,35,120,117,26,74,61" hai3="20,107,70,86,40,49,14,38,93,56,11,59,22"/><V63/><F120/><W1/><G107/><T25/><D135/><U82/><E123/><V50/><F117/><W7/><G38/><T52/><D25/><U121/><E121/><V68/><F134/><W23/><G1/><T15/><D85/><U47/><E34/><V24/><F131/><W4/><G4/><T57/><D15/><U132/><E132/><V51/><F126/><W110/><G110/><T66/><D13/><U79/><E105/><V75/><F35/><W53/><G40/><T111/><D111/><U42/><E62/><V48/><F78/><W102/><G70/><T37/><D37/><U28/><E28/><V96/><F96/><W98/><REACH who="3" step="1"/><G86/><REACH who="3" ten="310,477,151,52" step="2"/><T125/><D125/><U18/><E6/><V81/><F81/><W100/><G100/><T108/><D108/><U124/><E83/><V54/><REACH who="2" step="1"/><F19/><REACH who="2" ten="310,477,141,52" step="2"/><W73/><G73/><T133/><D133/><U122/><E82/><V112/><F112/><W127/><G127/><T99/><D99/><U128/><E124/><V118/><F118/><W30/><G30/><T3/><D84/><U32/><E18/><V71/><F71/><W92/><G92/><T29/><D29/><U5/><E94/><V90/><F90/><W2/><G2/><T16/><D91/><U17/><E89/><V45/><F45/><AGARI ba="1,2" hai="7,11,14,20,22,23,45,49,53,56,59,93,98,102" machi="45" ten="40,2600,0" yaku="1,1,8,1,53,0" doraHai="64" doraHaiUra="65" who="3" fromWho="2" sc="310,0,477,0,141,-29,52,49" /><INIT seed="3,0,0,2,4,132" ten="310,477,112,101" oya="3" hai0="87,93,42,106,13,130,74,51,23,12,91,75,73" hai1="36,28,34,102,98,112,63,59,92,88,48,62,65" hai2="64,124,115,113,76,17,100,55,19,5,18,116,40" hai3="53,30,122,3,131,68,61,126,134,135,49,25,16"/><W80/><G122/><T99/><D23/><U107/><E112/><V72/><F116/><W133/><G3/><T117/><D13/><U6/><E36/><V57/><F64/><N who="3" m="40975" /><G131/><T125/><D12/><U128/><E128/><V103/><F113/><W96/><G96/><T11/><D51/><U2/><E2/><V21/><F115/><W105/><G105/><T89/><D42/><U70/><E6/><V60/><F40/><W32/><G80/><T20/><D20/><U26/><E48/><V84/><F72/><W52/><G126/><T0/><D11/><U77/><E77/><V8/><F124/><W109/><G109/><T29/><D29/><U67/><REACH who="1" step="1"/><E88/><REACH who="1" ten="310,467,112,101" step="2"/><V129/><F76/><W43/><G16/><T46/><D0/><U27/><E27/><V58/><F18/><W35/><G35/><T37/><D130/><U22/><E22/><V4/><F21/><W101/><G101/><N who="0" m="62783" /><D37/><U85/><E85/><V33/><F129/><W83/><G83/><N who="0" m="49407" /><D46/><AGARI ba="0,1" hai="25,30,32,43,46,49,52,53,133,134,135" m="40975" machi="46" ten="30,2900,0" yaku="20,1,54,1" doraHai="132" who="3" fromWho="0" sc="310,-29,467,0,112,0,101,39" /><INIT seed="3,1,0,0,0,3" ten="281,467,112,140" oya="3" hai0="31,108,54,34,10,119,132,21,13,118,86,2,46" hai1="37,131,90,0,102,98,60,64,55,134,25,62,74" hai2="135,94,47,129,128,122,26,113,36,83,115,11,88" hai3="48,6,27,124,75,20,32,89,104,7,127,120,79"/><W53/><G104/><T100/><D54/><U56/><E37/><V70/><F70/><W107/><G107/><T111/><D46/><U38/><E38/><V50/><F122/><W51/><G32/><T109/><D86/><U16/><E74/><V68/><F68/><W103/><G103/><T66/><D66/><U105/><E131/><N who="2" m="50251" /><F26/><W33/><G33/><T61/><D61/><U78/><E134/><V35/><F35/><W39/><G39/><T49/><D49/><N who="3" m="19017" /><G53/><T101/><D100/><U130/><E130/><V114/><F36/><W29/><G120/><T72/><D72/><U87/><E87/><V82/><F135/><W9/><G9/><T123/><D101/><U76/><E78/><V19/><F19/><W12/><G12/><T15/><D123/><U125/><E76/><V95/><F94/><W85/><G79/><T41/><D132/><U65/><E125/><N who="3" m="48202" /><G75/><T84/><D84/><U73/><E0/><V18/><F18/><W67/><G67/><T77/><D77/><U5/><E73/><V80/><F11/><W44/><G44/><T17/><D15/><U30/><E90/><V1/><F1/><W40/><G40/><T69/><D34/><U63/><E30/><V42/><F83/><AGARI ba="1,0" hai="6,7,20,27,29,83,85,89" m="48202,19017" machi="83" ten="30,5800,0" yaku="18,1,52,2" doraHai="3" who="3" fromWho="2" sc="281,0,467,0,112,-61,140,61" /><INIT seed="3,2,0,5,0,30" ten="281,467,51,201" oya="3" hai0="8,51,99,26,79,100,14,107,64,33,115,111,124" hai1="129,89,21,77,62,6,32,110,96,44,93,9,125" hai2="75,25,61,73,81,16,72,34,52,122,63,65,49" hai3="47,67,132,2,88,119,131,48,4,59,101,117,135"/><W126/><G4/><T118/><D118/><N who="3" m="45065" /><G101/><T55/><D64/><U58/><E125/><V10/><F122/><W80/><G2/><T112/><D124/><U42/><E129/><V38/><F81/><W95/><G80/><T68/><D68/><U70/><E110/><V45/><F38/><W86/><G126/><T97/><D111/><U108/><E70/><V18/><F10/><W43/><G131/><T90/><D79/><U46/><E108/><V71/><REACH who="2" step="1"/><F63/><REACH who="2" ten="281,467,41,201" step="2"/><W15/><G135/><T60/><D60/><U37/><E77/><V66/><F66/><W53/><G132/><T27/><D8/><U7/><E21/><V84/><F84/><W41/><G67/><T120/><D99/><U36/><E9/><V28/><AGARI ba="2,1" hai="16,18,25,28,34,45,49,52,61,65,71,72,73,75" machi="28" ten="40,8000,1" yaku="1,1,0,1,52,1,54,2,53,0" doraHai="30" doraHaiUra="91" who="2" fromWho="2" sc="281,-22,467,-22,41,96,201,-42" owari="259,6.0,445,54.0,137,-36.0,159,-24.0" /></mjloggm>