<mjloggm ver="2.3"><GO type="169" lobby="0"/><UN n0="%6D%69%6E%32%64%61%68%61" n1="%E7%94%B1%E8%A9%91%E3%81%8B%E3%81%AA%E3%81%BF" n2="%76%66%72%6E%6F%72%69" n3="%E3%82%A6%E3%83%AB%E3%83%88%E3%83%A9%E7%AB%8B%E7%9B%B4" dan="16,16,16,17" rate="2071.84,2081.48,2093.83,2038.06" sx="M,F,M,M"/><TAIKYOKU oya="0"/><INIT seed="0,0,0,0,5,69" ten="250,250,250,250" oya="0" hai0="26,25,101,77,130,14,4,112,56,75,83,88,111" hai1="95,13,107,132,64,82,97,118,135,131,5,125,117" hai2="49,36,48,67,80,89,10,66,9,29,37,46,7" hai3="103,59,53,105,93,61,90,102,51,72,44,123,85"/><T42/><D112/><U24/><E64/><V12/><F29/><W15/><G72/><T60/><D130/><U58/><E58/><V122/><F49/><W76/><G105/><T19/><D4/><U134/><E24/><V71/><F122/><W21/><G76/><T116/><D116/><N who="1" m="44651" /><E13/><V127/><F127/><W39/><G123/><T119/><D119/><U40/><E5/><V100/><F100/><W28/><G39/><T11/><D111/><U86/><E40/><V87/><F71/><W68/><G68/><T99/><D42/><U62/><E62/><V1/><F67/><W20/><G20/><T113/><D113/><U74/><E125/><V30/><F30/><W8/><G21/><T94/><REACH who="0" step="1"/><D101/><REACH who="0" ten="240,250,250,250" step="2"/><N who="1" m="60607" /><E131/><V16/><REACH who="2" step="1"/><F66/><AGARI ba="0,1" hai="11,14,19,25,26,56,60,66,75,77,83,88,94,99" machi="66" ten="30,5800,0" yaku="1,1,7,1,54,1,53,0" doraHai="69" doraHaiUra="115" who="0" fromWho="2" sc="240,68,250,0,250,-58,250,0" /><INIT seed="0,1,0,3,1,61" ten="308,250,192,250" oya="0" hai0="55,98,0,29,69,76,94,92,114,110,127,129,101" hai1="72,35,65,63,120,18,41,91,68,48,73,104,27" hai2="117,42,119,83,100,97,47,43,19,128,38,80,62" hai3="95,11,24,60,84,45,121,90,33,115,79,71,44"/><T93/><D114/><U134/><E120/><V107/><F43/><W1/><G115/><T6/><D29/><U78/><E104/><V111/><F128/><W21/><G33/><T122/><D69/><U64/><E134/><V87/><F111/><W89/><G79/><T52/><D122/><U23/><E35/><V86/><F19/><W59/><G71/><T30/><D129/><U31/><E78/><V102/><F102/><W28/><G121/><T70/><D110/><U66/><E72/><V51/><F38/><W14/><G1/><T26/><D127/><U126/><E73/><V85/><REACH who="2" step="1"/><F62/><REACH who="2" ten="308,250,182,250" step="2"/><W96/><G90/><T8/><D101/><U125/><E125/><V112/><F112/><W108/><G108/><T118/><D118/><AGARI ba="1,1" hai="42,47,51,80,83,85,86,87,97,100,107,117,118,119" machi="118" ten="40,2600,0" yaku="1,1,12,1,53,0" doraHai="61" doraHaiUra="132" who="2" fromWho="0" sc="308,-29,250,0,182,39,250,0" /><INIT seed="1,0,0,2,4,0" ten="279,250,221,250" oya="1" hai0="36,66,16,51,33,102,119,61,91,29,54,22,58" hai1="47,82,28,26,14,21,6,101,126,63,53,5,100" hai2="50,20,75,7,70,49,57,86,73,77,96,88,80" hai3="99,104,134,110,9,23,43,45,71,30,114,111,120"/><U67/><E126/><V123/><F70/><W56/><G71/><T128/><D119/><U25/><E82/><V115/><F123/><W130/><G114/><T125/><D36/><U108/><E108/><V95/><F115/><W68/><G68/><T124/><D128/><U62/><E14/><V59/><F75/><W34/><G34/><T18/><D102/><N who="1" m="39531" /><E67/><V13/><F73/><W103/><G120/><T38/><D38/><U31/><E47/><V27/><F50/><W98/><G130/><T109/><D109/><U112/><E112/><V48/><F48/><W69/><G45/><N who="0" m="28015" /><D33/><U44/><E44/><V4/><F13/><W55/><G69/><T97/><D125/><U87/><E87/><V131/><F131/><W42/><G104/><T74/><D74/><U35/><E35/><V85/><F85/><W79/><G110/><T10/><D10/><U78/><E78/><V84/><F84/><W89/><G79/><T117/><D124/><U121/><E121/><V41/><F41/><W105/><G9/><T19/><D117/><U76/><E76/><V39/><F39/><W132/><G43/><T133/><D97/><U17/><E53/><N who="2" m="31919" /><F59/><W52/><G42/><T92/><D58/><U93/><E93/><V72/><F72/><W12/><G111/><T1/><D92/><U11/><E11/><V8/><F8/><W90/><G56/><T127/><D127/><U64/><E64/><V116/><F116/><W32/><G32/><T40/><D66/><U24/><E17/><AGARI ba="0,0" hai="4,7,17,20,27,77,80,86,88,95,96" m="31919" machi="17" ten="30,7700,0" yaku="8,1,52,2,54,1" doraHai="0" who="2" fromWho="1" sc="279,0,250,-77,221,77,250,0" /><INIT seed="2,0,0,3,2,26" ten="279,173,298,250" oya="2" hai0="102,111,38,55,98,14,68,67,125,70,88,31,22" hai1="83,2,4,110,12,57,131,9,58,63,126,93,15" hai2="50,28,43,106,82,34,44,59,108,85,51,76,109" hai3="66,132,6,96,69,64,23,78,53,72,113,13,48"/><V77/><F106/><W25/><G113/><T121/><D121/><U35/><E110/><N who="2" m="42603" /><F59/><W27/><G69/><T124/><D38/><U60/><E131/><V33/><F76/><W8/><G72/><T24/><D111/><U5/><E126/><N who="0" m="48745" /><D67/><U45/><E35/><N who="2" m="13323" /><F28/><W11/><G78/><T92/><D55/><U39/><E83/><V29/><F29/><W49/><G53/><T21/><D102/><U129/><E129/><V16/><F16/><AGARI ba="0,0" hai="14,16,21,22,24,31,68,70,88,92,98" m="48745" machi="16" ten="30,7700,0" yaku="18,1,52,1,54,2" doraHai="26" who="0" fromWho="2" sc="279,77,173,0,298,-77,250,0" /><INIT seed="3,0,0,3,1,28" ten="356,173,221,250" oya="3" hai0="80,114,68,39,18,96,5,32,86,133,113,110,41" hai1="59,106,101,10,49,22,54,61,89,40,122,37,44" hai2="64,123,56,130,79,50,9,127,62,65,16,1,36" hai3="95,73,112,84,57,104,81,31,117,3,52,125,67"/><W8/><G104/><T46/><D68/><U111/><E122/><V11/><F36/><W21/><G117/><T97/><D110/><U47/><E111/><V0/><F123/><W34/><G67/><T87/><D87/><U107/><E101/><V53/><F130/><W74/><G112/><N who="0" m="43115" /><D133/><U103/><E103/><V134/><F134/><W43/><G125/><T13/><D5/><U126/><E126/><V20/><F127/><W83/><G74/><T55/><D55/><U29/><E10/><V92/><F65/><W82/><G43/><T23/><D32/><U93/><E22/><V19/><F19/><W27/><G73/><T135/><D135/><U121/><E29/><V66/><F66/><W2/><G21/><T120/><D120/><U17/><E17/><V115/><F79/><AGARI ba="0,0" hai="13,18,23,39,41,46,79,80,86,96,97" m="43115" machi="79" ten="30,1000,0" yaku="11,1" doraHai="28" who="0" fromWho="2" sc="356,10,173,0,221,-10,250,0" /><INIT seed="4,0,0,0,3,130" ten="366,173,211,250" oya="0" hai0="46,37,48,67,52,112,26,61,36,73,43,62,41" hai1="79,66,51,29,21,53,124,89,20,128,12,18,91" hai2="27,121,60,114,34,81,116,40,98,10,118,72,103" hai3="6,86,135,108,127,42,3,76,99,44,77,110,111"/><T78/><D112/><U64/><E128/><V105/><F121/><W59/><G6/><T90/><D73/><U15/><E124/><V123/><F123/><W30/><G3/><T104/><D104/><U94/><E79/><V84/><F114/><W100/><G30/><T38/><D78/><U107/><E107/><V0/><F40/><N who="0" m="15434" /><D26/><U102/><E102/><V13/><F60/><N who="0" m="23146" /><D90/><U22/><E89/><V95/><F0/><W82/><G77/><T68/><D67/><U83/><E83/><V1/><F1/><W4/><G127/><T122/><D122/><U97/><E29/><V63/><F63/><W70/><G76/><T96/><D96/><U131/><E131/><V39/><F72/><W50/><G99/><T87/><D87/><U113/><E113/><V14/><F105/><W74/><G86/><T8/><D8/><N who="1" m="6503" /><E12/><V80/><F80/><W120/><G82/><T85/><D85/><U69/><E69/><AGARI ba="0,0" hai="36,37,38,46,48,52,68,69" m="23146,15434" machi="69" ten="40,18000,2" yaku="35,5,54,1" doraHai="130" who="0" fromWho="1" sc="366,180,173,-180,211,0,250,0" owari="546,65.0,-7,-51.0,211,-19.0,250,5.0" /></mjloggm>