<mjloggm ver="2.3"><GO type="225" lobby="0"/><UN n0="%E3%82%B4%E3%83%9F%E3%83%84%E3%83%A2" n1="%E3%81%BE%E3%82%8D%E3%81%B0%E3%81%97" n2="%69%73%61%6B%75%79%61" n3="%E3%82%A6%E3%83%AB%E3%83%88%E3%83%A9%E7%AB%8B%E7%9B%B4" dan="17,17,17,16" rate="2153.11,2124.69,2138.57,2031.52" sx="M,M,M,M"/><TAIKYOKU oya="0"/><INIT seed="0,0,0,1,4,124" ten="250,250,250,250" oya="0" hai0="87,69,38,110,94,24,130,91,99,84,1,29,61" hai1="98,112,93,121,133,47,105,111,19,50,85,108,13" hai2="14,28,20,127,116,23,34,115,56,40,8,44,81" hai3="51,55,79,117,131,64,109,134,17,126,123,53,3"/><T114/><D38/><U5/><E121/><V62/><F115/><W107/><G3/><T49/><D1/><U67/><E112/><V43/><F127/><W73/><G107/><T52/><D114/><U70/><E133/><V125/><F125/><W7/><G7/><T68/><D110/><N who="1" m="42027" /><E5/><V31/><F116/><W88/><G79/><T104/><D130/><U101/><E67/><V48/><F40/><W27/><G73/><T75/><D75/><U95/><E70/><V36/><F36/><W80/><G64/><T86/><D104/><U2/><E2/><V42/><F42/><W26/><G55/><T71/><D61/><U63/><E63/><V45/><F45/><W59/><G134/><T11/><D11/><N who="1" m="6591" /><E85/><V83/><F56/><W57/><G57/><T72/><D72/><U103/><E103/><V35/><F62/><W78/><G126/><T120/><D120/><U46/><E46/><V128/><F35/><W97/><G123/><T106/><D106/><U9/><E9/><V135/><F34/><W41/><G109/><T33/><REACH who="0" step="1"/><D87/><REACH who="0" ten="240,250,250,250" step="2"/><U15/><E15/><V122/><F14/><W74/><G74/><T77/><D77/><U102/><E102/><V32/><F8/><W21/><G78/><T16/><D16/><U12/><E12/><V4/><F122/><W0/><G0/><T10/><D10/><U89/><E89/><V65/><F135/><W22/><G88/><T6/><D6/><U66/><E66/><V54/><F65/><W25/><G17/><T113/><D113/><U82/><E82/><V39/><F81/><W100/><G80/><RYUUKYOKU ba="0,1" sc="240,15,250,15,250,-15,250,-15" hai0="24,29,33,49,52,68,69,71,84,86,91,94,99" hai1="47,50,93,95,98,101,105" /><INIT seed="0,1,1,2,1,110" ten="255,265,235,235" oya="0" hai0="118,70,82,45,42,88,6,32,75,65,36,129,109" hai1="111,78,40,27,61,9,131,17,18,81,12,96,50" hai2="38,34,47,11,44,56,108,132,90,63,46,58,1" hai3="83,25,21,104,121,119,74,15,62,122,116,80,114"/><T86/><D118/><N who="3" m="45097" /><G15/><T71/><D109/><U89/><E111/><V60/><F108/><W66/><G104/><T33/><D129/><U8/><E131/><V68/><F34/><W85/><G85/><T35/><D65/><U99/><E61/><V24/><F24/><W72/><G21/><T93/><D6/><U4/><E89/><V55/><F90/><W49/><G25/><T128/><D128/><U52/><E40/><N who="2" m="22551" /><F11/><W115/><G49/><T127/><D127/><U48/><E48/><N who="2" m="30823" /><F132/><W134/><G134/><T23/><D23/><U105/><E105/><V130/><F1/><W125/><G125/><T37/><D37/><U0/><E27/><V64/><F130/><W120/><G83/><T39/><D39/><U26/><E26/><V100/><F100/><W107/><G107/><T112/><D112/><N who="3" m="43049" /><G80/><T16/><D16/><U19/><E18/><V43/><F43/><W51/><G51/><T101/><D101/><U76/><E19/><V84/><F84/><W133/><G133/><T5/><D5/><U98/><REACH who="1" step="1"/><E81/><REACH who="1" ten="255,255,235,235" step="2"/><V41/><F41/><W103/><G103/><T113/><D113/><U20/><E20/><V94/><F94/><W10/><G10/><T22/><D22/><U91/><E91/><V102/><F102/><W28/><G28/><T97/><D75/><U3/><E3/><V53/><AGARI ba="1,2" hai="46,47,53,58,60,63,64,68" m="30823,22551" machi="53" ten="30,12000,2" yaku="24,1,35,5" doraHai="110" who="2" fromWho="2" sc="255,-61,255,-31,235,143,235,-31" /><INIT seed="1,0,0,2,1,47" ten="194,224,378,204" oya="1" hai0="79,127,112,103,56,87,17,128,85,80,41,26,52" hai1="129,96,81,29,22,67,64,117,3,76,20,27,5" hai2="2,116,72,54,0,43,111,21,48,69,84,51,102" hai3="30,106,126,8,39,46,83,13,134,63,122,49,38"/><U113/><E113/><V105/><F72/><W35/><G106/><T16/><D112/><U65/><E117/><V18/><F69/><W131/><G122/><T75/><D127/><U121/><E121/><V11/><F111/><W70/><G126/><T53/><D128/><U44/><E129/><V33/><F33/><W101/><G101/><T125/><D125/><U135/><E135/><V124/><F102/><W71/><G71/><T97/><D41/><U60/><E96/><V108/><F105/><W57/><G70/><T109/><D109/><U107/><E107/><V94/><F43/><W98/><G98/><T15/><D26/><U118/><E118/><V19/><F54/><W73/><G131/><T92/><D53/><U91/><E91/><V25/><F25/><W100/><G100/><T68/><D68/><U115/><E115/><V86/><F21/><W6/><G30/><T31/><D31/><U4/><E60/><V77/><F108/><W88/><G35/><T99/><D99/><U90/><E90/><V42/><F77/><W132/><G73/><T32/><D32/><U104/><E104/><V1/><F86/><N who="3" m="50271" /><G57/><T66/><D66/><U24/><E3/><V95/><F0/><W74/><G63/><T59/><D59/><U40/><E76/><V28/><F1/><W10/><G10/><N who="0" m="6263" /><D17/><N who="1" m="12303" /><E81/><V119/><F2/><W82/><G82/><T130/><D130/><U34/><E34/><V133/><F124/><W12/><G74/><T61/><D75/><U78/><E78/><V45/><F116/><W37/><G13/><T114/><D114/><U55/><E40/><AGARI ba="0,0" hai="6,8,12,37,38,39,40,46,49,132,134" m="50271" machi="40" ten="30,3900,0" yaku="6,1,52,1,54,1" doraHai="47" who="3" fromWho="1" sc="194,0,224,-39,378,0,204,39" /><INIT seed="2,0,0,4,0,128" ten="194,185,378,243" oya="2" hai0="117,14,110,135,15,41,46,112,47,126,97,30,36" hai1="29,22,31,96,24,94,92,129,91,59,93,2,69" hai2="65,122,16,21,39,85,86,40,33,81,99,95,6" hai3="50,83,18,61,34,101,9,3,38,28,105,66,133"/><V25/><F33/><W52/><G38/><T23/><D112/><U74/><E69/><V32/><F32/><W124/><G124/><T45/><D126/><U68/><E68/><V84/><F6/><W72/><G83/><T75/><D75/><U13/><E129/><V73/><F73/><W7/><G72/><T44/><D110/><U10/><E74/><V71/><F122/><W98/><G18/><T37/><D117/><U70/><E70/><V116/><F40/><W104/><G104/><T115/><D115/><U57/><E2/><V4/><F39/><W88/><G88/><T119/><D119/><U89/><E29/><V60/><F4/><W51/><G52/><T43/><D135/><U49/><E49/><V109/><F109/><W26/><G133/><T111/><D111/><U8/><E94/><V77/><F116/><W123/><G123/><T54/><D54/><U12/><E12/><V108/><F95/><W113/><G113/><T62/><D62/><U56/><REACH who="1" step="1"/><E13/><REACH who="1" ten="194,175,378,243" step="2"/><V11/><F108/><W100/><G100/><T67/><D14/><U17/><E17/><V114/><F16/><W64/><G51/><T48/><D48/><U1/><E1/><V134/><F60/><W127/><G50/><T79/><D15/><U125/><E125/><V53/><F71/><N who="3" m="42383" /><G127/><T118/><D118/><U0/><E0/><V80/><F114/><W130/><G130/><T55/><D36/><U78/><E78/><V103/><F77/><W27/><G27/><T82/><D37/><U107/><E107/><V90/><F25/><W121/><G121/><T20/><D79/><RYUUKYOKU ba="0,1" sc="194,-15,175,15,378,-15,243,15" hai1="8,10,22,24,31,56,57,59,89,91,92,93,96" hai3="3,7,9,26,28,34,66,98,101,105" /><INIT seed="3,1,1,3,1,36" ten="179,190,363,258" oya="3" hai0="107,82,95,135,14,23,68,1,7,62,100,59,92" hai1="72,76,8,108,27,93,29,132,45,127,50,2,42" hai2="90,122,43,81,65,85,4,96,60,51,97,98,118" hai3="89,130,26,35,87,104,66,15,22,3,79,110,61"/><W17/><G104/><T40/><D68/><U20/><E108/><V94/><F4/><W46/><G3/><T54/><D135/><U6/><E132/><V16/><F118/><W112/><G79/><T103/><D1/><U126/><REACH who="1" step="1"/><E93/><REACH who="1" ten="179,180,363,258" step="2"/><N who="0" m="35913" /><D107/><U31/><E31/><V125/><F94/><W18/><G110/><T113/><D113/><U78/><E78/><V114/><F114/><W129/><G112/><T10/><D40/><U52/><E52/><V106/><F43/><W48/><G129/><T124/><D124/><U55/><E55/><V105/><F125/><W73/><G130/><T71/><D71/><U37/><E37/><V101/><F105/><W57/><G89/><T47/><D47/><U56/><E56/><V99/><F90/><W30/><G57/><T41/><D41/><U69/><E69/><V84/><F106/><W44/><G44/><T64/><D82/><AGARI ba="1,2" hai="2,6,8,20,27,29,42,45,50,72,76,82,126,127" machi="82" ten="40,2600,0" yaku="1,1,52,1,53,0" doraHai="36" doraHaiUra="109" who="1" fromWho="0" sc="179,-29,180,49,363,0,258,0" owari="150,-35.0,229,-17.0,363,46.0,258,6.0" /></mjloggm>