<mjloggm ver="2.3"><GO type="97" lobby="0"/><UN n0="%4D%41%52%43%48" n1="%E3%82%A6%E3%83%AB%E3%83%88%E3%83%A9%E7%AB%8B%E7%9B%B4" n2="%E6%9D%B1%E9%A2%A8%E3%81%AE%E3%81%B7%E3%83%BC" n3="%E3%82%BF%E3%82%B3%E3%82%B1%E3%83%AB%36%36" dan="14,15,15,13" rate="2094.49,1972.34,2034.64,1811.48" sx="F,M,M,F"/><TAIKYOKU oya="0"/><INIT seed="0,0,0,4,2,87" ten="250,250,250,250" oya="0" hai0="74,51,134,34,28,98,120,112,61,21,78,55,105" hai1="70,24,79,101,39,95,52,26,30,99,36,133,41" hai2="89,8,93,130,59,2,9,65,20,18,50,80,104" hai3="115,106,114,6,12,118,57,86,66,42,127,110,108"/><T128/><D120/><U62/><E133/><V109/><F104/><W3/><G106/><T111/><D112/><U17/><E41/><V37/><F37/><W7/><G42/><T68/><D134/><U85/><E70/><V91/><F109/><N who="3" m="42091" /><G118/><T27/><D111/><U29/><E17/><V11/><F130/><W49/><G127/><T100/><D128/><U116/><E116/><V124/><F124/><W40/><G40/><T19/><D78/><U38/><E85/><N who="2" m="50343" /><F2/><W123/><G123/><T113/><D74/><U15/><E79/><V13/><F50/><W132/><G132/><T102/><D113/><N who="3" m="43017" /><G3/><T76/><D76/><U10/><E39/><V44/><F44/><W0/><G0/><T135/><D135/><U83/><E38/><V67/><F59/><W54/><G12/><T72/><D72/><U81/><E36/><V35/><F35/><W47/><G86/><AGARI ba="0,0" hai="8,9,11,13,18,20,65,67,86,91,93" m="50343" machi="86" ten="30,3900,0" yaku="8,1,52,2" doraHai="87" who="2" fromWho="3" sc="250,0,250,0,250,39,250,-39" /><INIT seed="1,0,0,5,5,119" ten="250,250,289,211" oya="1" hai0="59,60,38,34,11,32,84,3,37,52,64,90,133" hai1="91,23,48,55,66,54,46,79,132,77,65,29,14" hai2="110,68,102,93,105,36,98,103,111,94,13,129,82" hai3="80,26,125,69,28,58,89,15,47,67,112,62,87"/><U43/><E132/><V17/><F36/><W39/><G112/><T6/><D133/><U56/><E91/><V109/><F68/><W75/><G75/><T126/><D126/><U108/><E108/><V106/><F129/><W83/><G125/><T86/><D64/><N who="1" m="24683" /><E43/><V122/><F122/><W42/><G69/><T31/><D86/><U113/><E113/><V18/><F82/><W9/><G83/><T72/><D72/><U124/><E124/><V19/><F13/><W130/><G130/><T25/><REACH who="0" step="1"/><D32/><REACH who="0" ten="240,250,289,211" step="2"/><U49/><E14/><V95/><F98/><W41/><G15/><T120/><D120/><U16/><E79/><V45/><REACH who="2" step="1"/><F45/><REACH who="2" ten="240,250,279,211" step="2"/><W116/><G47/><T8/><D8/><U10/><E10/><V51/><F51/><W22/><G39/><T7/><D7/><U92/><E48/><V57/><F57/><W117/><REACH who="3" step="1"/><G9/><REACH who="3" ten="240,250,279,201" step="2"/><T114/><D114/><U115/><E115/><V70/><F70/><W128/><G128/><T100/><D100/><AGARI ba="0,3" hai="17,18,19,93,94,95,100,102,103,105,106,109,110,111" machi="100" ten="50,12000,2" yaku="1,1,29,2,28,2,14,1,53,0" doraHai="119" doraHaiUra="104" who="2" fromWho="0" sc="240,-120,250,0,279,150,201,0" /><INIT seed="2,0,0,3,0,67" ten="120,250,429,201" oya="2" hai0="93,132,70,16,118,89,101,108,124,117,13,99,42" hai1="8,66,6,84,19,52,76,22,3,126,63,26,28" hai2="58,64,96,33,27,56,75,68,37,20,87,119,12" hai3="31,78,90,80,7,11,17,54,94,4,40,59,83"/><V134/><F119/><N who="0" m="45578" /><D42/><U100/><E126/><V85/><F75/><W103/><G40/><T111/><D124/><U73/><E73/><V44/><F134/><W102/><G31/><T109/><D132/><U47/><E100/><V25/><F33/><W95/><G17/><T1/><D1/><U133/><E133/><V77/><F37/><W81/><G78/><T62/><D101/><U79/><E84/><N who="2" m="32331" /><F68/><W113/><G113/><T86/><D86/><U10/><E10/><V106/><F106/><W60/><G94/><T49/><D49/><U82/><E82/><V92/><F77/><W35/><G35/><T120/><D120/><U34/><E79/><V122/><F122/><W127/><G127/><T128/><D128/><U115/><E76/><V39/><F39/><W30/><G30/><T130/><D130/><U29/><E115/><V69/><F69/><W48/><G95/><T5/><D5/><N who="3" m="2121" /><G90/><T72/><D72/><U45/><E29/><V32/><F32/><W135/><G135/><T53/><D53/><U131/><E52/><V9/><F44/><N who="3" m="27911" /><G11/><N who="0" m="6207" /><D62/><U91/><E91/><N who="2" m="55327" /><F64/><AGARI ba="0,0" hai="59,60,64,80,81,83,102,103" m="27911,2121" machi="64" ten="30,1000,0" yaku="8,1" doraHai="67" who="3" fromWho="2" sc="120,0,250,0,429,-10,201,10" /><INIT seed="3,0,0,1,0,129" ten="120,250,419,211" oya="3" hai0="52,67,5,41,13,33,125,104,115,14,92,68,30" hai1="32,111,35,73,62,39,70,113,71,119,46,110,10" hai2="124,94,83,51,21,106,97,88,78,75,105,6,127" hai3="45,100,112,57,131,49,79,122,103,7,0,80,91"/><W81/><G0/><T101/><D115/><U1/><E113/><V82/><F6/><W61/><G112/><T3/><D92/><U95/><E95/><V55/><F21/><W126/><G122/><T22/><D125/><N who="2" m="48202" /><F83/><W64/><G126/><T98/><D41/><N who="1" m="22847" /><E73/><V8/><F8/><W50/><G131/><T134/><D22/><U58/><E58/><AGARI ba="0,0" hai="51,55,58,75,78,82,88,94,97,105,106" m="48202" machi="58" ten="30,2000,0" yaku="18,1,54,1" doraHai="129" who="2" fromWho="1" sc="120,0,250,-20,419,20,211,0" owari="120,-38.0,230,3.0,439,54.0,211,-19.0" /></mjloggm>