<mjloggm ver="2.3"><GO type="41" lobby="0"/><UN n0="%42%2E%43%68%65%72%72%79" n1="%68%6F%6D%6F%64%61%74%69" n2="%E3%82%A6%E3%83%AB%E3%83%88%E3%83%A9%E7%AB%8B%E7%9B%B4" n3="%73%68%69%6E%67%6F%6E%69" dan="14,13,16,13" rate="1824.55,1899.73,2026.44,1916.95" sx="M,M,M,M"/><TAIKYOKU oya="0"/><INIT seed="0,0,0,1,0,7" ten="250,250,250,250" oya="0" hai0="10,114,90,14,19,94,43,36,84,117,13,70,35" hai1="85,74,113,129,86,12,72,105,17,15,49,133,130" hai2="6,108,78,44,58,82,24,53,22,115,69,54,65" hai3="28,27,96,128,50,103,9,23,40,110,8,60,104"/><T77/><D117/><U127/><E105/><V109/><F115/><W59/><G110/><N who="2" m="42601" /><F6/><W112/><G128/><T56/><D114/><U120/><E113/><V125/><F125/><W25/><G25/><T100/><D70/><U11/><E127/><V73/><F69/><W66/><G112/><T1/><D1/><U18/><E120/><V89/><F89/><W3/><G3/><T75/><D35/><U67/><E67/><V31/><F44/><W2/><G2/><T71/><D71/><U107/><E107/><V4/><F4/><W106/><G106/><T63/><D100/><U68/><E68/><V135/><F135/><W97/><G97/><T26/><D26/><U132/><E49/><V87/><F87/><W80/><G80/><T122/><D122/><U116/><E116/><V33/><F33/><W21/><G23/><T93/><D94/><U41/><E41/><V39/><F39/><W76/><G76/><T42/><D36/><U64/><E64/><V134/><F134/><W0/><G0/><T62/><D62/><AGARI ba="0,0" hai="22,24,31,53,54,58,62,65,73,78,82" m="42601" machi="62" ten="30,1000,0" yaku="14,1" doraHai="7" who="2" fromWho="0" sc="250,-10,250,0,250,10,250,0" /><INIT seed="1,0,0,5,4,110" ten="240,250,260,250" oya="1" hai0="83,125,101,24,92,34,27,64,9,103,48,55,113" hai1="45,99,60,78,115,131,124,63,120,37,8,94,41" hai2="53,80,68,105,31,121,15,49,81,128,66,119,112" hai3="72,106,82,89,75,57,29,56,100,129,35,67,86"/><U21/><E120/><V130/><F105/><W62/><G129/><N who="2" m="49769" /><F119/><W70/><G75/><T132/><D64/><U7/><E131/><V52/><F121/><W14/><G72/><T30/><D27/><U50/><E37/><V59/><F31/><W36/><G36/><T76/><D125/><U61/><E124/><V122/><F122/><W20/><G14/><T19/><D132/><U87/><E21/><V98/><F98/><N who="3" m="61719" /><G20/><T85/><D113/><U23/><E115/><V107/><F107/><W0/><G0/><T51/><D92/><U11/><E23/><V126/><F126/><W39/><G39/><T47/><REACH who="0" step="1"/><D51/><REACH who="0" ten="230,250,260,250" step="2"/><U33/><E50/><N who="2" m="31127" /><F112/><W116/><G116/><T123/><D123/><U5/><E61/><N who="2" m="40015" /><F15/><AGARI ba="0,1" hai="9,15,19,24,30,34,47,48,55,76,83,85,101,103" machi="15" ten="40,1300,0" yaku="1,1,53,0" doraHai="110" doraHaiUra="18" who="0" fromWho="2" sc="230,23,250,0,260,-13,250,0" /><INIT seed="2,0,0,1,2,3" ten="253,250,247,250" oya="2" hai0="132,12,89,119,14,97,123,15,68,87,103,52,113" hai1="40,90,64,131,20,77,62,33,34,120,109,8,122" hai2="49,46,6,69,35,134,105,67,74,114,125,96,7" hai3="59,81,71,75,0,111,38,99,70,45,130,24,100"/><V41/><F74/><W54/><G111/><T127/><D113/><U133/><E109/><V44/><F114/><W107/><G130/><T85/><D123/><U117/><E117/><V135/><F125/><W55/><G54/><T47/><D119/><U16/><E40/><V93/><F35/><W108/><G24/><T29/><D127/><U73/><E131/><V102/><F105/><W25/><G25/><T98/><D68/><U128/><E128/><V80/><F80/><W106/><G106/><T92/><D29/><U94/><E77/><V39/><F67/><W26/><G26/><T22/><D132/><N who="2" m="50730" /><F69/><W88/><G0/><T9/><D22/><U2/><E73/><V79/><F79/><W129/><G129/><T118/><D118/><U110/><E110/><V13/><F13/><W32/><G32/><T121/><D121/><U42/><E133/><V84/><F84/><W1/><G1/><T104/><REACH who="0" step="1"/><D9/><REACH who="0" ten="243,250,247,250" step="2"/><U57/><E33/><V37/><F37/><W19/><G108/><T112/><D112/><U28/><E34/><V27/><F27/><W101/><G71/><T116/><D116/><U11/><E122/><V36/><F36/><W78/><G70/><T43/><D43/><AGARI ba="0,1" hai="6,7,39,41,43,44,46,49,93,96,102" m="50730" machi="43" ten="30,5800,0" yaku="20,1,52,2" doraHai="3" who="2" fromWho="0" sc="243,-58,250,0,247,68,250,0" /><INIT seed="2,1,0,3,3,118" ten="185,250,315,250" oya="2" hai0="42,15,58,104,1,80,62,37,73,59,24,0,35" hai1="75,116,65,22,100,126,33,131,76,30,89,17,108" hai2="92,13,60,68,54,27,102,127,81,12,78,48,40" hai3="43,3,67,70,117,128,45,130,49,69,123,111,114"/><V135/><F127/><W71/><G3/><T20/><D104/><U52/><E33/><V21/><F135/><W132/><G117/><T31/><D37/><U56/><E75/><V34/><F34/><W105/><G105/><T133/><D42/><U107/><E107/><V26/><F26/><W9/><G9/><T99/><D99/><U113/><E113/><V120/><F120/><W109/><G132/><T51/><D133/><U64/><E131/><N who="3" m="50218" /><G114/><T97/><D97/><U91/><E89/><V5/><F5/><W94/><G94/><T110/><D110/><N who="3" m="41993" /><G123/><T14/><D0/><U6/><E91/><V50/><F92/><W88/><G88/><T101/><D101/><U8/><E100/><V16/><F102/><W63/><AGARI ba="1,0" hai="43,45,49,63,67,69,70,71" m="41993,50218" machi="63" ten="40,8000,1" yaku="19,1,14,1,34,2" doraHai="118" who="3" fromWho="3" sc="185,-21,250,-21,315,-41,250,83" /><INIT seed="3,0,0,1,4,125" ten="164,229,274,333" oya="3" hai0="115,73,41,86,8,120,91,27,97,72,3,26,111" hai1="30,117,33,13,9,121,57,0,64,116,128,39,133" hai2="52,54,35,43,131,60,114,106,1,102,100,24,5" hai3="130,79,16,44,124,20,90,119,84,113,42,69,46"/><W34/><G34/><T12/><D120/><U110/><E39/><V38/><F114/><W132/><G119/><T66/><D3/><U70/><E70/><V88/><F43/><W107/><G113/><T23/><D115/><U112/><E112/><V61/><F38/><W82/><G69/><T95/><D111/><U19/><E110/><V118/><F118/><N who="1" m="45673" /><E121/><V18/><F5/><W10/><G107/><T28/><D66/><U77/><E77/><V78/><F78/><W21/><G124/><T134/><D134/><U55/><E64/><V40/><F40/><W93/><G132/><T45/><D27/><N who="1" m="18655" /><E133/><V4/><F4/><W7/><G130/><T101/><D45/><U56/><E0/><V85/><F1/><W135/><G135/><T67/><D41/><U2/><E2/><V36/><F131/><W75/><G21/><T62/><D67/><U98/><E98/><V76/><F36/><W65/><G65/><T109/><D62/><N who="2" m="24170" /><F35/><W122/><G122/><T17/><REACH who="0" step="1"/><D109/><REACH who="0" ten="154,229,274,333" step="2"/><U74/><E128/><V59/><F59/><W81/><G42/><T103/><D103/><U31/><E57/><V29/><F100/><W15/><G81/><AGARI ba="0,1" hai="8,12,17,23,26,28,72,73,81,86,91,95,97,101" machi="81" ten="30,2000,0" yaku="1,1,7,1,53,0" doraHai="125" doraHaiUra="127" who="0" fromWho="3" sc="154,30,229,0,274,0,333,-20" /><INIT seed="4,0,0,3,0,10" ten="184,229,274,313" oya="0" hai0="13,72,97,102,109,59,75,128,87,45,8,28,33" hai1="52,15,105,70,31,118,1,120,107,126,17,19,129" hai2="133,125,92,89,46,85,99,50,74,27,16,104,55" hai3="134,24,130,53,82,113,11,76,135,48,108,64,67"/><T115/><D87/><U94/><E70/><V119/><F119/><W116/><G108/><T81/><D109/><U58/><E1/><V103/><F125/><W6/><G113/><T56/><D115/><U49/><E118/><V25/><F133/><N who="3" m="50699" /><G116/><T110/><D45/><U127/><E120/><V63/><F63/><W66/><G130/><T117/><D117/><U3/><E3/><V35/><F35/><W12/><G24/><T5/><D128/><U44/><E129/><V71/><F71/><W38/><G38/><T41/><D41/><U22/><E31/><V20/><F74/><N who="3" m="43287" /><G67/><T36/><D36/><U112/><E112/><V23/><F23/><W73/><G73/><T29/><D110/><U83/><E83/><V21/><F21/><W61/><G61/><T65/><D75/><U9/><E94/><V62/><F62/><W100/><G100/><T69/><D69/><U84/><E84/><V132/><F132/><W68/><G68/><T4/><D4/><U86/><E86/><V88/><F89/><W98/><G98/><T79/><D65/><U91/><E91/><V101/><F101/><W43/><G43/><T124/><D124/><N who="1" m="47659" /><E44/><AGARI ba="0,0" hai="6,11,12,44,48,53,64,66" m="43287,50699" machi="44" ten="30,2000,0" yaku="20,1,52,1" doraHai="10" who="3" fromWho="1" sc="184,0,229,-20,274,0,313,20" /><INIT seed="5,0,0,1,5,32" ten="184,209,274,333" oya="1" hai0="98,124,92,54,94,61,10,28,100,97,19,122,42" hai1="91,103,4,105,71,129,101,125,13,132,39,111,107" hai2="78,34,60,45,2,96,106,46,25,41,63,5,109" hai3="120,66,69,127,70,3,65,81,33,90,114,87,29"/><U48/><E71/><V104/><F46/><W22/><G120/><T80/><D124/><U135/><E39/><N who="2" m="21695" /><F63/><W38/><G38/><T35/><D122/><U0/><E0/><V93/><F93/><W15/><G127/><T115/><D42/><U16/><E4/><V73/><F96/><W110/><G33/><T12/><D115/><U57/><E125/><V74/><F60/><W108/><G3/><T116/><D116/><U102/><E91/><V118/><F118/><W40/><G114/><T7/><D80/><U68/><E68/><V17/><F17/><W21/><G40/><T113/><D113/><U126/><E126/><V77/><F77/><W24/><G69/><T95/><D98/><U43/><E111/><V133/><F133/><N who="1" m="51273" /><E129/><V89/><F89/><W130/><G70/><T27/><REACH who="0" step="1"/><D19/><REACH who="0" ten="174,209,274,333" step="2"/><U86/><E86/><V11/><F109/><W62/><G110/><T26/><D26/><U1/><E107/><N who="2" m="41003" /><F78/><W14/><G108/><T128/><D128/><U31/><E105/><V83/><F83/><W76/><G130/><T53/><D53/><N who="1" m="31911" /><E43/><V20/><F20/><W64/><G22/><T30/><D30/><AGARI ba="0,1" hai="2,5,11,25,30,34,73,74" m="41003,21695" machi="30" ten="30,3900,0" yaku="33,2,52,1" doraHai="32" who="2" fromWho="0" sc="174,-39,209,0,274,49,333,0" /><INIT seed="6,0,0,1,2,93" ten="135,209,323,333" oya="2" hai0="68,31,59,54,62,115,129,35,33,128,89,42,114" hai1="69,92,83,90,24,8,41,72,3,125,107,61,12" hai2="103,105,14,133,16,104,25,71,121,76,39,96,67" hai3="47,0,45,63,17,100,56,21,99,48,15,64,102"/><V130/><F121/><W11/><G0/><T86/><D68/><U126/><E3/><V5/><F39/><W43/><G47/><T111/><D42/><U120/><E107/><V127/><F127/><W22/><REACH who="3" step="1"/><G102/><REACH who="3" ten="135,209,323,323" step="2"/><T75/><D111/><U6/><E125/><V51/><F103/><W135/><G135/><T37/><D37/><U66/><E126/><V50/><F133/><W4/><G4/><T85/><D75/><U124/><E124/><V19/><F5/><W74/><G74/><T44/><D44/><U95/><E72/><V1/><F1/><W98/><G98/><T87/><D89/><U7/><E7/><V132/><F96/><W57/><G57/><T134/><D134/><U36/><E90/><V84/><F132/><W112/><G112/><T116/><D116/><U13/><E6/><V113/><F113/><N who="0" m="43018" /><D31/><U97/><E97/><V65/><F71/><W131/><G131/><AGARI ba="0,1" hai="33,35,54,59,62,85,86,87,128,129,131" m="43018" machi="131" ten="40,2600,0" yaku="19,1,15,1" doraHai="93" who="0" fromWho="3" sc="135,36,209,0,323,0,323,-26" /><INIT seed="7,0,0,5,5,17" ten="171,209,323,297" oya="3" hai0="36,130,41,80,53,85,42,3,113,45,22,29,11" hai1="65,135,8,76,6,101,90,26,54,125,122,61,51" hai2="86,134,87,74,63,96,56,5,79,50,117,0,59" hai3="70,109,20,7,77,31,78,40,47,62,13,95,12"/><W112/><G112/><T19/><D113/><U99/><E122/><V43/><F74/><W49/><G109/><T44/><D130/><U46/><E125/><V10/><F117/><W82/><G70/><T105/><D105/><U2/><E135/><V38/><F38/><W28/><G62/><T15/><D53/><U67/><E90/><V107/><F134/><W83/><G95/><T104/><D104/><U73/><E26/><V92/><F107/><W132/><G132/><T81/><D85/><U98/><E99/><V71/><F71/><W14/><G78/><T16/><D3/><U91/><E91/><V120/><F120/><W116/><G82/><T37/><D29/><N who="3" m="11337" /><G20/><T100/><D100/><U23/><E23/><V75/><F75/><W97/><G97/><T115/><D115/><U102/><E102/><V60/><F79/><W84/><G116/><T129/><D129/><U35/><E35/><V25/><F96/><W69/><G69/><T21/><D11/><AGARI ba="0,0" hai="7,11,12,13,14,40,47,49,77,83,84" m="11337" machi="11" ten="30,2900,0" yaku="25,1,8,1" doraHai="17" who="3" fromWho="0" sc="171,-29,209,0,323,0,297,29" owari="142,-36.0,209,-19.0,323,12.0,326,43.0" /></mjloggm>