<mjloggm ver="2.3"><GO type="169" lobby="0"/><UN n0="%48%75%6E%74%65%72%5F%44" n1="%E3%81%A8%E3%81%AA%E3%81%BF" n2="%6E%61%67%61%6D%6F" n3="%E3%82%A6%E3%83%AB%E3%83%88%E3%83%A9%E7%AB%8B%E7%9B%B4" dan="16,17,16,17" rate="2155.33,2191.19,2094.73,2053.51" sx="M,M,M,M"/><TAIKYOKU oya="0"/><INIT seed="0,0,0,0,0,130" ten="250,250,250,250" oya="0" hai0="16,62,24,118,33,29,4,2,15,40,124,65,26" hai1="86,67,34,68,17,90,12,0,60,13,42,113,96" hai2="49,105,123,99,51,58,97,71,72,119,100,77,126" hai3="27,83,106,73,6,52,132,47,23,3,135,109,128"/><T1/><D40/><U61/><E0/><N who="0" m="105" /><D62/><U117/><E34/><V18/><F126/><W45/><G106/><T84/><D65/><U91/><E42/><V110/><F110/><W7/><G109/><T107/><D84/><U89/><E13/><V104/><F123/><W92/><G128/><T127/><D107/><U50/><E50/><V133/><F119/><W41/><G92/><T10/><D118/><U30/><E117/><V28/><F28/><W82/><G73/><T85/><D85/><U64/><E96/><V22/><F71/><W79/><G79/><T101/><D101/><U112/><E86/><V48/><F77/><W116/><G116/><T21/><AGARI ba="0,0" hai="4,10,15,16,21,24,26,29,33,124,127" m="105" machi="21" ten="30,6000,0" yaku="34,2,54,1" doraHai="130" who="0" fromWho="0" sc="250,60,250,-20,250,-20,250,-20" /><INIT seed="0,1,0,5,4,92" ten="310,230,230,230" oya="0" hai0="104,14,17,46,122,4,129,13,82,60,44,75,41" hai1="87,54,49,63,115,56,11,121,72,91,27,132,24" hai2="108,134,52,116,101,118,25,40,37,35,128,131,30" hai3="66,119,79,43,6,123,124,50,18,61,2,73,125"/><T68/><D122/><U83/><E72/><V51/><F37/><W53/><G123/><T96/><D129/><N who="2" m="49738" /><F40/><W34/><G34/><T69/><D46/><U42/><E121/><V117/><F101/><W85/><G73/><T109/><D109/><U29/><E132/><V95/><F95/><W93/><G119/><T31/><D31/><U22/><E115/><V112/><F112/><W38/><G6/><T127/><D127/><U3/><E3/><V94/><F94/><W59/><G2/><T89/><D4/><U26/><E11/><V67/><F67/><W10/><G10/><T7/><D7/><U58/><REACH who="1" step="1"/><E42/><REACH who="1" ten="310,220,230,230" step="2"/><V20/><F134/><W114/><G114/><T28/><D41/><U80/><E80/><V21/><F108/><W107/><G43/><T65/><D82/><U110/><E110/><V97/><F97/><W98/><G98/><T23/><D96/><U64/><AGARI ba="1,1" hai="22,24,26,27,29,49,54,56,58,63,64,83,87,91" machi="64" ten="20,5200,0" yaku="1,1,0,1,7,1,8,1,53,0" doraHai="92" doraHaiUra="105" who="1" fromWho="1" sc="310,-27,220,65,230,-14,230,-14" /><INIT seed="1,0,0,1,1,124" ten="283,285,216,216" oya="1" hai0="11,40,86,129,49,102,125,79,128,21,101,38,48" hai1="65,69,73,95,27,51,37,5,77,35,10,4,60" hai2="89,9,15,81,122,41,80,116,82,97,14,90,23" hai3="100,16,22,18,59,67,112,94,12,13,118,33,93"/><U30/><E37/><V26/><F122/><W96/><G33/><T123/><D125/><U54/><E95/><V55/><F116/><W87/><G112/><T71/><D71/><U111/><E111/><V43/><F55/><W134/><G134/><T39/><D123/><U74/><E77/><V70/><F70/><W42/><G118/><T88/><D79/><U84/><E84/><V98/><F26/><W36/><G42/><N who="2" m="15881" /><F23/><W115/><G36/><N who="0" m="13867" /><D21/><U130/><E4/><V120/><F120/><W103/><G115/><T64/><D64/><U34/><E34/><V62/><F62/><W24/><G18/><T104/><D11/><U0/><E74/><V46/><F46/><W119/><G119/><T113/><D113/><U20/><E73/><V19/><F14/><W1/><G1/><T76/><D76/><U132/><E35/><V131/><F131/><N who="0" m="50250" /><D40/><U57/><E130/><V8/><F8/><W110/><G67/><T31/><D31/><U45/><E65/><V6/><F6/><W50/><G22/><T66/><D66/><U29/><E69/><V92/><F90/><W127/><G127/><T105/><D102/><U32/><E30/><V58/><F58/><W44/><G100/><T17/><D17/><U28/><E28/><V91/><F89/><W83/><G103/><T135/><D135/><U56/><E132/><V47/><F47/><W107/><G44/><T114/><D114/><U126/><E126/><V52/><F52/><W85/><G16/><T2/><D2/><U121/><E32/><V68/><F68/><W72/><G59/><N who="1" m="22602" /><E121/><V133/><F133/><RYUUKYOKU ba="0,0" sc="283,-15,285,15,216,15,216,-15" hai1="0,5,10,20,27,29,45,51,54,60" hai2="9,15,19,80,81,82,91,92,97,98" /><INIT seed="1,1,0,5,0,57" ten="268,300,231,201" oya="1" hai0="135,51,2,58,72,131,119,118,10,97,37,101,41" hai1="63,99,74,104,11,94,77,56,47,65,105,70,86" hai2="30,83,13,122,17,33,40,32,5,14,91,114,120" hai3="121,96,87,127,22,130,44,35,42,126,50,75,1"/><U26/><E105/><V134/><F40/><W109/><G35/><T123/><D123/><U125/><E125/><V117/><F83/><W6/><G75/><T78/><D135/><U23/><E70/><V21/><F91/><W7/><G121/><T0/><D131/><U106/><E47/><V64/><F64/><W110/><G130/><T132/><D132/><U25/><E11/><V128/><F128/><W43/><G96/><T9/><D78/><U46/><E46/><V49/><F49/><W111/><G22/><T12/><D72/><U24/><E74/><V103/><F103/><W15/><G1/><T59/><D37/><U93/><E23/><V69/><F69/><W18/><G18/><T116/><D10/><U53/><E65/><V129/><F129/><W54/><G15/><T36/><D36/><U61/><E94/><V28/><F134/><W67/><G87/><T98/><D98/><U124/><E124/><V84/><F84/><W80/><G80/><T90/><D90/><N who="1" m="55735" /><E106/><V38/><F38/><W89/><G89/><T107/><D41/><N who="3" m="15369" /><G67/><T88/><D88/><U68/><E104/><V31/><F114/><W82/><G82/><T27/><D27/><U20/><E20/><N who="2" m="11311" /><F117/><W62/><G127/><T34/><D34/><N who="2" m="13418" /><F5/><N who="3" m="1547" /><G126/><T112/><D112/><U81/><E68/><V115/><F115/><W79/><G79/><T71/><D71/><U133/><E133/><V108/><F122/><W113/><G113/><T8/><D118/><U92/><E92/><V45/><F120/><W76/><G76/><T100/><D119/><U19/><E19/><N who="2" m="10487" /><F45/><W66/><G66/><RYUUKYOKU ba="1,0" sc="268,-30,300,10,231,10,201,10" hai1="24,25,26,53,56,61,63,77,81,86" hai2="28,30,31,108" hai3="44,50,54,62,109,110,111" /><INIT seed="1,2,0,1,2,81" ten="238,310,241,211" oya="1" hai0="1,22,89,62,28,3,57,30,37,129,102,112,33" hai1="23,27,38,121,14,107,25,42,51,87,18,124,132" hai2="118,60,123,75,78,83,17,6,109,52,115,130,92" hai3="69,101,26,29,32,104,58,86,54,9,59,111,31"/><U82/><E107/><V45/><F123/><W116/><G69/><T105/><D112/><U40/><E38/><V65/><F118/><W8/><G116/><T117/><D117/><U35/><E121/><V97/><F115/><W88/><G111/><T125/><D37/><U44/><E124/><V50/><F109/><W36/><G36/><T67/><D125/><U7/><E132/><V79/><F79/><W2/><G2/><T21/><D33/><U70/><E70/><V46/><F130/><W114/><G114/><T15/><D129/><U41/><E35/><V93/><F6/><W76/><G76/><T135/><D135/><U113/><E113/><V61/><F46/><W98/><G31/><T47/><D47/><U64/><E64/><V66/><F17/><W94/><REACH who="3" step="1"/><G59/><REACH who="3" ten="238,310,241,201" step="2"/><T55/><D57/><U56/><E56/><V96/><F65/><W103/><G103/><T134/><D102/><U100/><E100/><V120/><F120/><W74/><G74/><T119/><D67/><U95/><E41/><V34/><F66/><W80/><G80/><T53/><D134/><U19/><E82/><V91/><F34/><W71/><G71/><T72/><D119/><U90/><E42/><V39/><F39/><W99/><G99/><T12/><D1/><U133/><E133/><V110/><F110/><W127/><G127/><T108/><D3/><U106/><E40/><V122/><F122/><W49/><AGARI ba="2,1" hai="8,9,26,29,32,49,54,58,86,88,94,98,101,104" machi="49" ten="20,8000,1" yaku="1,1,0,1,7,1,52,1,54,1,53,0" doraHai="81" doraHaiUra="131" who="3" fromWho="3" sc="238,-22,310,-42,241,-22,201,96" /><INIT seed="2,0,0,2,2,65" ten="216,268,219,297" oya="2" hai0="45,32,82,113,87,26,17,53,70,85,104,11,111" hai1="13,57,51,16,64,130,126,93,102,50,31,52,56" hai2="4,40,7,34,97,120,121,78,42,132,123,122,61" hai3="100,106,23,60,119,12,75,3,98,107,69,55,21"/><V2/><F34/><W20/><G3/><T74/><D111/><U9/><E31/><V133/><N who="2" m="30720" /><DORA hai="79" /><V131/><F2/><W29/><G107/><T39/><D113/><U115/><E115/><V116/><F116/><W24/><G75/><T91/><D104/><U18/><E130/><V129/><F97/><W90/><G119/><T58/><D70/><U36/><E36/><V135/><F61/><W124/><G124/><T103/><D103/><U37/><E126/><V110/><F78/><W19/><G90/><N who="0" m="51511" /><D74/><U71/><E37/><V112/><F112/><W5/><G5/><N who="2" m="2121" /><F110/><W44/><G44/><T108/><D108/><U81/><E102/><V88/><F88/><W41/><G41/><AGARI ba="0,0" hai="40,41,42,129,131,132,133,135" m="2121,30720" machi="41" ten="70,12000,1" yaku="28,2,20,1" doraHai="65,79" who="2" fromWho="3" sc="216,0,268,0,219,120,297,-120" /><INIT seed="2,1,0,3,3,24" ten="216,268,339,177" oya="2" hai0="39,108,128,0,75,19,49,48,20,15,45,135,16" hai1="68,27,60,17,52,90,124,7,70,26,84,50,3" hai2="23,106,94,78,57,4,66,36,65,86,120,14,118" hai3="46,87,22,34,30,102,127,5,88,98,121,29,59"/><V115/><F120/><W40/><G34/><T64/><D108/><U73/><E73/><V113/><F118/><W91/><G121/><T9/><D75/><U133/><E124/><V105/><F36/><W103/><G127/><T69/><D135/><U101/><E133/><V47/><F106/><W132/><G132/><T117/><D117/><U100/><E26/><V110/><F105/><W35/><G35/><T95/><D128/><U42/><E42/><V38/><F110/><W25/><G5/><T71/><D39/><U37/><E37/><V12/><F38/><W32/><G32/><T53/><D64/><U131/><E131/><V107/><F107/><W85/><G46/><T58/><D95/><U123/><E123/><V109/><F109/><W61/><G40/><T93/><D93/><U21/><E7/><V79/><F79/><W8/><G8/><T43/><REACH who="0" step="1"/><D0/><REACH who="0" ten="206,268,339,177" step="2"/><U51/><E3/><V99/><F66/><N who="3" m="39231" /><G98/><T81/><D81/><U92/><E100/><N who="3" m="38442" /><G87/><T41/><D41/><U1/><E101/><V83/><F99/><W13/><G85/><T77/><D77/><U10/><E1/><V55/><F94/><W104/><G104/><T31/><D31/><N who="3" m="11785" /><G13/><AGARI ba="1,1" hai="9,13,15,16,19,20,43,45,48,49,53,58,69,71" machi="13" ten="30,3900,0" yaku="1,1,7,1,54,1,53,0" doraHai="24" doraHaiUra="130" who="0" fromWho="3" sc="206,52,268,0,339,0,177,-42" /><INIT seed="3,0,0,4,1,53" ten="258,268,339,135" oya="3" hai0="87,41,5,30,121,7,2,107,95,37,66,34,63" hai1="3,22,46,85,119,120,25,103,124,114,14,17,49" hai2="118,71,48,111,11,32,50,132,129,135,105,6,133" hai3="24,0,26,106,58,101,36,65,60,98,31,89,38"/><W54/><G0/><T57/><D121/><U47/><E3/><V112/><F118/><W61/><G89/><T27/><D107/><U76/><E120/><V45/><F112/><W88/><G88/><T10/><D5/><U35/><E119/><V86/><F105/><W91/><G91/><T109/><D109/><U77/><E103/><V56/><F71/><W110/><G110/><T44/><D95/><U78/><E124/><V39/><F111/><W82/><G82/><T104/><D104/><U75/><E75/><V29/><F39/><W59/><REACH who="3" step="1"/><G26/><REACH who="3" ten="258,268,339,125" step="2"/><T92/><D92/><U99/><E25/><V123/><F123/><W113/><G113/><T62/><D87/><U23/><E85/><V108/><F108/><W12/><G12/><T16/><D63/><U40/><E14/><V122/><F122/><W102/><G102/><T13/><REACH who="0" step="1"/><D2/><REACH who="0" ten="248,268,339,125" step="2"/><U8/><E114/><V73/><F73/><W128/><G128/><T79/><D79/><U20/><E77/><V83/><F129/><W33/><AGARI ba="0,2" hai="24,31,33,36,38,54,58,59,60,61,65,98,101,106" machi="33" ten="20,12000,1" yaku="1,1,0,1,7,1,52,2,53,0" doraHai="53" doraHaiUra="84" who="3" fromWho="3" sc="248,-40,268,-40,339,-40,125,140" /><INIT seed="3,1,0,1,0,85" ten="208,228,299,265" oya="3" hai0="13,105,107,35,28,12,110,89,126,88,109,98,56" hai1="71,16,2,112,6,45,78,41,115,132,15,124,62" hai2="125,80,38,63,46,97,47,84,91,77,121,53,99" hai3="49,75,27,118,106,65,104,24,17,114,93,21,61"/><W76/><G118/><T67/><D126/><U81/><E124/><V116/><F116/><W87/><G114/><T22/><D35/><U34/><E34/><V108/><F125/><W94/><G75/><T30/><D67/><U134/><E6/><V58/><F121/><W3/><G3/><T79/><D79/><U51/><E2/><V9/><F108/><N who="0" m="41578" /><D56/><U130/><E130/><V54/><F38/><W52/><G27/><N who="0" m="16503" /><D30/><U48/><E48/><V129/><F129/><W23/><G23/><T103/><D107/><U131/><E131/><V11/><F77/><W102/><G104/><T8/><D12/><U68/><E68/><V29/><F29/><W127/><G127/><T55/><D55/><U37/><E37/><V31/><F31/><W4/><G106/><T82/><D82/><U90/><E62/><V25/><F25/><W92/><G61/><T18/><AGARI ba="1,0" hai="8,13,18,88,89,98,103,105" m="16503,41578" machi="18" ten="30,7900,0" yaku="14,1,52,2,54,1" doraHai="85" who="0" fromWho="0" sc="208,82,228,-21,299,-21,265,-40" /><INIT seed="4,0,0,0,2,44" ten="290,207,278,225" oya="0" hai0="63,43,108,78,35,86,25,4,18,61,114,130,133" hai1="22,84,6,100,96,29,127,73,66,92,45,0,16" hai2="59,7,23,123,58,28,124,97,74,107,64,52,121" hai3="87,98,99,116,80,115,68,8,72,19,39,70,88"/><T13/><D114/><U27/><E73/><V37/><F74/><W40/><G116/><T126/><D133/><U82/><E66/><V42/><F124/><W109/><G109/><T128/><D108/><U77/><E127/><V95/><F107/><W89/><G115/><T20/><D126/><U131/><E131/><N who="0" m="50217" /><D43/><U113/><E113/><V24/><F7/><W102/><G40/><T11/><D35/><U111/><E111/><V101/><F37/><W75/><G39/><T50/><D50/><U119/><E119/><V81/><F42/><W15/><G75/><T34/><D34/><U71/><E71/><V30/><F30/><W67/><G72/><T104/><D104/><U60/><E60/><N who="2" m="37919" /><F81/><AGARI ba="0,0" hai="4,11,13,18,20,25,61,63,78,81,86" m="50217" machi="81" ten="30,1500,0" yaku="19,1" doraHai="44" who="0" fromWho="2" sc="290,15,207,0,278,-15,225,0" /><INIT seed="4,1,0,3,5,128" ten="305,207,263,225" oya="0" hai0="4,110,53,101,130,51,18,64,119,133,31,63,132" hai1="108,116,17,73,56,23,52,124,96,1,59,48,15" hai2="103,54,24,60,102,78,86,39,82,2,112,87,99" hai3="79,58,106,62,66,114,93,113,134,88,83,65,13"/><T43/><D119/><U37/><E1/><V28/><F112/><W55/><G106/><T9/><D130/><U98/><E37/><V105/><F2/><W115/><G13/><N who="0" m="5287" /><D31/><U95/><E73/><V25/><F39/><W70/><G70/><N who="0" m="42271" /><D101/><U0/><E0/><V46/><F103/><W100/><G100/><T8/><D43/><U76/><E76/><V121/><F121/><W67/><G134/><N who="0" m="51819" /><D110/><U90/><E108/><V125/><F125/><W35/><G35/><T109/><D109/><U77/><E124/><V34/><F24/><W89/><REACH who="3" step="1"/><G93/><REACH who="3" ten="305,207,263,215" step="2"/><T12/><D51/><N who="1" m="30751" /><E116/><V111/><F111/><W10/><G10/><T72/><D53/><U61/><E95/><V135/><F135/><W104/><G104/><T57/><D57/><U11/><E59/><V45/><F105/><W127/><G127/><T117/><D117/><U71/><E48/><V33/><F102/><W38/><G38/><T5/><D72/><AGARI ba="1,1" hai="55,58,62,65,66,67,72,79,83,88,89,113,114,115" machi="72" ten="50,6400,0" yaku="1,1,15,1,54,1,53,0" doraHai="128" doraHaiUra="92" who="3" fromWho="0" sc="305,-67,207,0,263,0,215,77" /><INIT seed="5,0,0,5,4,85" ten="238,207,263,292" oya="1" hai0="135,55,17,52,19,35,11,83,46,108,38,70,93" hai1="41,30,94,104,69,102,84,58,32,29,105,67,95" hai2="23,133,114,87,26,4,92,118,103,112,130,48,51" hai3="134,45,113,125,77,97,13,128,116,0,28,124,33"/><U96/><E41/><V131/><F118/><W65/><G0/><T25/><D108/><U80/><E69/><V36/><F36/><W2/><G2/><T3/><D135/><U71/><E71/><V88/><F4/><W81/><G116/><T101/><D70/><U86/><E32/><V127/><F133/><W5/><G134/><T64/><D64/><U109/><E109/><V62/><F62/><W7/><G65/><T24/><D38/><U47/><E47/><V100/><F127/><W40/><G128/><N who="2" m="49193" /><F51/><W37/><G113/><N who="2" m="43625" /><F48/><W76/><G7/><T78/><D3/><U9/><E67/><V20/><F20/><W82/><G5/><T123/><D35/><U132/><E132/><V31/><AGARI ba="0,0" hai="23,26,31,87,88,92,100,103" m="43625,49193" machi="31" ten="30,8000,1" yaku="19,1,15,1,11,1,52,1,54,1" doraHai="85" who="2" fromWho="2" sc="238,-20,207,-40,263,80,292,-20" /><INIT seed="6,0,0,0,3,53" ten="218,167,343,272" oya="2" hai0="34,90,88,62,85,30,111,116,44,7,45,73,78" hai1="114,109,105,61,3,1,96,80,54,26,86,121,5" hai2="110,84,69,108,9,4,24,122,0,16,100,67,77" hai3="102,51,127,92,10,130,17,75,112,63,95,68,99"/><V12/><F122/><W38/><G38/><T29/><D111/><N who="2" m="42538" /><F100/><W35/><G75/><T22/><D116/><U21/><E109/><V50/><F24/><W119/><G119/><T39/><D7/><U23/><E121/><V103/><F103/><W117/><G117/><T41/><D34/><U89/><E5/><V55/><F77/><W18/><G127/><T40/><D73/><U43/><E105/><V125/><F84/><W91/><G130/><T11/><D11/><U133/><E96/><V32/><F32/><W37/><G37/><T128/><D128/><U15/><E3/><V98/><F98/><W60/><G112/><T135/><D135/><U120/><E1/><V82/><F82/><W72/><G72/><T126/><D126/><U20/><E133/><V97/><F97/><W49/><G35/><T8/><D8/><U131/><E131/><V14/><F125/><W70/><G99/><T2/><D2/><U101/><E101/><V134/><F134/><W42/><G10/><T25/><D62/><U74/><E74/><V65/><F69/><W132/><G102/><T107/><D107/><U6/><E6/><V87/><F87/><W47/><G132/><T56/><D56/><N who="1" m="34967" /><E120/><V76/><F76/><W115/><G70/><T28/><D78/><U113/><E26/><V83/><F83/><W124/><G68/><T129/><D129/><U48/><E15/><V33/><F33/><W59/><G124/><T123/><D123/><U52/><E43/><V46/><F0/><W64/><G42/><T66/><D90/><U79/><E89/><V81/><F81/><RYUUKYOKU ba="0,0" sc="218,-15,167,15,343,15,272,-15" hai1="20,21,23,48,52,79,80,86,113,114" hai2="4,9,12,14,16,46,50,55,65,67" /><INIT seed="6,1,0,1,1,47" ten="203,182,358,257" oya="2" hai0="105,100,0,134,46,129,109,107,27,45,124,60,7" hai1="16,78,127,68,117,83,15,54,66,112,93,94,34" hai2="91,102,95,14,30,132,84,110,44,52,21,6,130" hai3="10,85,39,25,62,71,123,80,106,56,9,24,35"/><V101/><F110/><W26/><G35/><T74/><D109/><U37/><E34/><V116/><F116/><W49/><G39/><T38/><D38/><U36/><E117/><V48/><F130/><W79/><G106/><T90/><D74/><U122/><E127/><V87/><F132/><W3/><G123/><T19/><D105/><U88/><E122/><V8/><F87/><W12/><G3/><T77/><D107/><U98/><E112/><V18/><F30/><W41/><G71/><T108/><D0/><AGARI ba="1,0" hai="0,6,8,14,18,21,44,48,52,84,91,95,101,102" machi="0" ten="30,5800,0" yaku="7,1,52,1,54,1" doraHai="47" who="2" fromWho="0" sc="203,-61,182,0,358,61,257,0" /><INIT seed="6,2,0,0,5,19" ten="142,182,419,257" oya="2" hai0="41,82,49,112,66,124,44,7,52,132,21,5,51" hai1="84,129,120,8,15,74,115,45,100,131,43,92,47" hai2="62,35,75,20,25,101,27,34,96,125,121,105,13" hai3="119,85,39,70,81,90,106,65,61,83,1,56,95"/><V109/><F121/><W14/><G1/><T126/><D112/><U67/><E74/><V12/><F75/><W118/><G106/><T57/><D132/><U133/><E133/><V11/><F109/><W46/><G81/><T108/><D108/><U40/><E120/><V26/><F125/><N who="0" m="48234" /><D82/><U37/><E115/><V58/><F12/><W63/><G46/><T0/><D66/><U97/><E84/><V80/><F80/><W4/><G39/><T33/><D33/><U117/><E67/><V32/><F11/><W86/><G61/><T98/><D98/><U50/><REACH who="1" step="1"/><E117/><REACH who="1" ten="142,172,419,257" step="2"/><V116/><F116/><W54/><G119/><T102/><D102/><U22/><E22/><V114/><F114/><W28/><G118/><T30/><D0/><U42/><E42/><V3/><F3/><W31/><G65/><T9/><D9/><U59/><E59/><V93/><F35/><W64/><G64/><T36/><D36/><U17/><AGARI ba="2,1" hai="8,15,17,37,40,43,45,47,50,92,97,100,129,131" machi="17" ten="30,4000,0" yaku="1,1,0,1,53,1" doraHai="19" doraHaiUra="10" who="1" fromWho="1" sc="142,-12,172,56,419,-22,257,-12" /><INIT seed="7,0,0,1,1,75" ten="130,228,397,245" oya="3" hai0="0,5,8,82,84,54,119,92,52,30,9,57,115" hai1="101,24,15,95,16,90,59,19,135,7,41,73,26" hai2="121,62,98,21,2,77,112,78,66,134,104,3,37" hai3="91,105,109,111,69,14,85,118,64,122,127,93,12"/><W58/><G69/><T74/><D119/><U133/><E73/><V76/><F37/><W20/><G122/><T110/><D110/><N who="3" m="41993" /><G118/><T17/><D115/><U100/><E41/><V10/><F121/><W113/><G113/><T49/><D30/><U38/><E38/><V129/><F112/><W117/><G117/><T79/><D54/><U88/><E59/><V114/><F114/><W36/><G36/><T108/><D108/><U34/><E34/><V35/><F35/><W11/><G105/><T130/><D130/><U48/><E48/><V22/><F129/><W6/><G127/><T103/><D103/><N who="1" m="39499" /><E7/><V28/><F104/><W25/><G58/><T107/><D107/><U72/><E72/><V63/><F134/><N who="1" m="51209" /><E19/><V65/><F28/><N who="3" m="17447" /><G64/><T29/><D29/><U39/><E39/><V80/><F65/><W94/><G94/><T13/><REACH who="0" step="1"/><D92/><REACH who="0" ten="120,228,397,245" step="2"/><U124/><E124/><V106/><F106/><W60/><G60/><T116/><D116/><U18/><E95/><V40/><F63/><W87/><G93/><T33/><D33/><U23/><E26/><V4/><F62/><W128/><G128/><T96/><D96/><U1/><E1/><V131/><F66/><W125/><G125/><T126/><D126/><U61/><E61/><V31/><F131/><W89/><G14/><T42/><D42/><U99/><E99/><V67/><F98/><W70/><G70/><T120/><D120/><U43/><E43/><V53/><F67/><W46/><G46/><T102/><D102/><U132/><E132/><V68/><F68/><W83/><G12/><T44/><D44/><RYUUKYOKU ba="0,1" sc="120,15,228,15,397,-15,245,-15" hai0="0,5,8,9,13,17,49,52,57,74,79,82,84" hai1="15,16,18,23,24,88,90" owari="135,-36.0,243,4.0,392,49.0,230,-17.0" /></mjloggm>