<mjloggm ver="2.3"><GO type="41" lobby="0"/><UN n0="%E3%81%84%E3%81%A6%E3%81%A4%E3%81%8F%E3%81%AF%E3%81%A9%E3%81%8A" n1="%E3%83%AA%E3%83%96%E3%83%A9" n2="%79%79%79%7A%7A%7A" n3="%E3%82%A6%E3%83%AB%E3%83%88%E3%83%A9%E7%AB%8B%E7%9B%B4" dan="15,14,14,16" rate="1977.92,1909.14,1918.60,2064.77" sx="M,M,M,M"/><TAIKYOKU oya="0"/><INIT seed="0,0,0,2,2,111" ten="250,250,250,250" oya="0" hai0="88,70,105,73,0,7,121,126,27,17,91,64,20" hai1="52,118,104,131,99,84,83,110,78,44,81,34,117" hai2="132,122,113,19,69,95,41,6,128,21,102,130,13" hai3="107,79,96,48,40,114,10,129,8,93,106,68,76"/><T57/><D121/><U72/><E34/><V12/><F122/><W82/><G68/><T36/><D70/><U14/><E110/><V45/><F69/><W62/><G62/><T92/><D105/><U60/><E131/><N who="2" m="50219" /><F132/><W56/><G129/><T32/><D36/><U59/><E44/><V58/><F58/><W46/><G56/><T28/><D73/><U33/><E33/><V87/><F6/><W29/><G10/><T85/><D126/><U65/><E14/><V98/><F87/><W89/><G79/><T134/><D134/><U4/><E4/><V54/><F54/><W108/><G108/><T42/><D42/><U47/><E104/><V11/><F11/><W77/><G77/><T112/><D91/><U74/><E99/><V22/><F22/><W51/><G106/><T66/><D57/><U37/><E74/><V71/><F71/><W35/><G107/><T116/><D116/><U18/><E18/><V90/><F102/><W75/><G35/><T31/><D31/><U2/><E2/><V86/><F98/><W50/><G29/><T26/><D7/><U1/><E1/><V16/><F19/><W109/><G8/><T24/><D0/><U119/><E37/><N who="2" m="21679" /><F12/><W97/><G109/><T23/><D23/><U39/><E39/><V63/><F63/><W30/><G97/><T61/><D61/><U43/><E43/><V133/><F133/><W53/><G30/><T123/><D28/><U124/><E124/><V5/><F5/><W100/><G100/><T135/><D135/><U80/><E84/><V125/><F125/><W3/><G3/><RYUUKYOKU ba="0,0" sc="250,-15,250,15,250,15,250,-15" hai1="47,52,59,60,65,72,78,80,81,83,117,118,119" hai2="13,16,21,86,90,95,113" /><INIT seed="1,1,0,4,4,60" ten="235,265,265,235" oya="1" hai0="47,113,67,124,112,53,45,22,17,107,26,40,86" hai1="115,78,119,69,99,12,55,111,4,68,11,43,77" hai2="90,103,30,87,88,76,132,106,3,24,128,122,51" hai3="95,56,54,64,101,130,52,44,120,50,34,19,49"/><U13/><E115/><V36/><F122/><W84/><G34/><T7/><D107/><U80/><E43/><V61/><F3/><W126/><G120/><T109/><D109/><U31/><E111/><V102/><F36/><W48/><G126/><T116/><D116/><U8/><E31/><V108/><F108/><W62/><G130/><T29/><D124/><U85/><E99/><V92/><F128/><W25/><G101/><T83/><D7/><U59/><E78/><V114/><F114/><W81/><G95/><T100/><D100/><U75/><E75/><V14/><F132/><W89/><G44/><T33/><D67/><U42/><E42/><V21/><F90/><W35/><G35/><T82/><D53/><U129/><E129/><V73/><F103/><W41/><G41/><T125/><D125/><U71/><E69/><V135/><F135/><W72/><G72/><T39/><D47/><U18/><REACH who="1" step="1"/><E119/><REACH who="1" ten="235,255,265,235" step="2"/><V32/><F76/><W16/><G25/><T94/><D112/><U131/><E131/><V58/><F73/><W96/><G96/><T46/><D113/><U63/><AGARI ba="1,1" hai="4,8,11,12,13,18,55,59,63,68,71,77,80,85" machi="63" ten="20,3900,0" yaku="1,1,0,1,7,1,53,0" doraHai="60" doraHaiUra="134" who="1" fromWho="1" sc="235,-14,255,52,265,-14,235,-14" /><INIT seed="1,2,0,4,1,81" ten="221,307,251,221" oya="1" hai0="35,120,83,102,128,122,121,88,27,37,17,24,117" hai1="55,126,89,32,41,111,94,77,56,82,109,85,30" hai2="96,91,45,100,50,23,4,112,125,118,74,123,103" hai3="46,13,34,71,134,63,135,51,48,87,80,101,72"/><U115/><E115/><V93/><F123/><W92/><G34/><T124/><D117/><U22/><E41/><V60/><F118/><W79/><G51/><T65/><D37/><U104/><E104/><V44/><F112/><W61/><G71/><T6/><D6/><U132/><E126/><V31/><F125/><W116/><G116/><T11/><D124/><U90/><E132/><V57/><F74/><W21/><G72/><T18/><D102/><U129/><E129/><V10/><F31/><W105/><G105/><T127/><D127/><U42/><E42/><V113/><F23/><W99/><G134/><T39/><D39/><U95/><E32/><V110/><F110/><N who="1" m="41993" /><E90/><V40/><F45/><W0/><G0/><T86/><D128/><U64/><E64/><V8/><F113/><W114/><G114/><T107/><D107/><U2/><E2/><V98/><F98/><W62/><G135/><T106/><D106/><U49/><E89/><V52/><REACH who="2" step="1"/><F10/><REACH who="2" ten="221,307,241,221" step="2"/><W38/><G38/><T29/><D11/><U66/><E66/><V68/><F68/><W15/><REACH who="3" step="1"/><G21/><REACH who="3" ten="221,307,241,211" step="2"/><T20/><REACH who="0" step="1"/><D65/><REACH who="0" ten="211,307,241,211" step="2"/><U14/><E22/><V25/><F25/><W33/><G33/><T84/><D84/><U7/><E85/><V5/><F5/><W3/><G3/><AGARI ba="2,3" hai="3,4,8,40,44,50,52,57,60,91,93,96,100,103" machi="3" ten="30,3900,0" yaku="1,1,7,1,54,1,53,0" doraHai="81" doraHaiUra="9" who="2" fromWho="3" sc="211,0,307,0,241,75,211,-45" /><INIT seed="2,0,0,4,5,35" ten="211,307,316,166" oya="2" hai0="89,9,59,87,57,133,12,82,50,68,0,120,71" hai1="85,16,28,113,55,24,121,117,1,119,7,114,134" hai2="128,6,17,81,77,13,130,10,54,83,61,23,32" hai3="25,19,47,74,58,29,30,93,109,26,52,100,115"/><V42/><F32/><W38/><G74/><T60/><D120/><U84/><E121/><V116/><F116/><W73/><G73/><T127/><D127/><U49/><E134/><V8/><F42/><W4/><G115/><T111/><D111/><U46/><E119/><V39/><F39/><W104/><G104/><T105/><D105/><U125/><E117/><V15/><F10/><W14/><G109/><T80/><D133/><U44/><E125/><V102/><F102/><W94/><G4/><T5/><D50/><U36/><E84/><V64/><F54/><W95/><G100/><T45/><D45/><U18/><E85/><V22/><F22/><W88/><G47/><T2/><D82/><U72/><E72/><V108/><F108/><W31/><G38/><T112/><D112/><U75/><E75/><V34/><F34/><W92/><G14/><T132/><D132/><U131/><E131/><N who="2" m="50219" /><F77/><W63/><G19/><T86/><D86/><AGARI ba="0,0" hai="25,26,29,30,31,52,58,63,86,88,92,93,94,95" machi="86" ten="40,5200,0" yaku="8,1,54,2" doraHai="35" who="3" fromWho="0" sc="211,-52,307,0,316,0,166,52" /><INIT seed="3,0,0,0,0,76" ten="159,307,316,218" oya="3" hai0="132,29,22,33,61,15,45,85,93,96,92,87,37" hai1="31,6,30,134,26,111,21,122,67,129,97,100,11" hai2="28,55,59,107,18,43,70,51,86,57,27,112,53" hai3="131,1,114,98,80,9,128,71,0,60,123,19,13"/><W118/><G123/><T77/><D33/><U38/><E122/><V74/><F112/><W99/><G114/><T113/><D113/><U126/><E111/><V2/><F107/><W23/><G118/><T39/><D132/><U125/><E134/><V108/><F108/><W42/><G42/><T89/><D61/><U36/><E67/><V90/><F2/><W94/><G98/><T65/><D65/><U119/><E129/><V56/><F70/><W104/><G104/><T34/><D34/><U66/><E66/><V17/><F74/><W14/><G60/><T124/><D124/><N who="1" m="47723" /><E31/><V83/><F43/><W49/><G49/><T78/><D45/><U41/><E41/><V35/><REACH who="2" step="1"/><F55/><REACH who="2" ten="159,307,306,218" step="2"/><W121/><G71/><T88/><D39/><U115/><E115/><V12/><F12/><W101/><G121/><T102/><D37/><U32/><E119/><V64/><F64/><W8/><G1/><T52/><D52/><U44/><E38/><V105/><F105/><W109/><G0/><T16/><D16/><AGARI ba="0,1" hai="16,17,18,27,28,35,51,53,56,57,59,83,86,90" machi="16" ten="40,5200,0" yaku="1,1,52,1,54,1,53,0" doraHai="76" doraHaiUra="91" who="2" fromWho="0" sc="159,-52,307,0,306,62,218,0" /><INIT seed="4,0,0,5,4,62" ten="107,307,368,218" oya="0" hai0="20,64,2,25,76,17,26,125,53,42,23,81,55" hai1="90,67,133,119,5,4,122,16,109,28,43,35,127" hai2="82,100,33,61,117,19,103,114,130,96,92,52,111" hai3="39,83,24,13,108,37,107,97,75,94,93,74,59"/><T3/><D125/><U27/><E127/><V84/><F111/><W68/><G68/><T112/><D112/><U80/><E119/><V132/><F114/><W91/><G39/><T116/><D116/><U88/><E122/><V32/><F117/><W85/><G37/><T134/><D134/><U31/><E43/><V101/><F132/><W98/><G13/><T44/><D64/><U69/><E109/><V118/><F118/><W9/><G9/><T29/><D3/><U106/><E106/><V46/><F130/><W73/><G24/><T15/><D15/><U41/><E41/><V54/><F32/><W1/><G59/><T36/><REACH who="0" step="1"/><D2/><REACH who="0" ten="97,307,368,218" step="2"/><U87/><E67/><V12/><F12/><W57/><G1/><T135/><D135/><U51/><E133/><V6/><F6/><W105/><G108/><T110/><D110/><U18/><E5/><V124/><F124/><W128/><G128/><T22/><D22/><U10/><E4/><V63/><F33/><W113/><G113/><T50/><D50/><U60/><E51/><V115/><F115/><W58/><G58/><T30/><D30/><U14/><E31/><V129/><F129/><W45/><G57/><T47/><D47/><U121/><E28/><V8/><F46/><W7/><G45/><T99/><D99/><U77/><E35/><V78/><F96/><N who="3" m="36971" /><G7/><T21/><D21/><U120/><E120/><V11/><F8/><W49/><G49/><T86/><AGARI ba="0,1" hai="17,20,23,25,26,29,36,42,44,53,55,76,81,86" machi="86" ten="20,3900,0" yaku="1,1,0,1,7,1,53,0" doraHai="62" doraHaiUra="104" who="0" fromWho="0" sc="97,49,307,-13,368,-13,218,-13" /><INIT seed="4,1,0,1,3,78" ten="146,294,355,205" oya="0" hai0="32,110,7,38,52,20,56,61,50,94,73,45,11" hai1="116,5,15,0,48,16,70,74,81,75,53,12,39" hai2="57,111,118,119,90,92,103,86,41,126,96,89,47" hai3="71,124,43,98,1,95,10,115,127,84,4,134,33"/><T120/><D120/><U62/><E39/><V68/><F111/><W107/><G71/><T9/><D32/><U63/><E0/><V26/><F68/><W30/><G134/><T35/><D73/><U65/><E63/><V29/><F57/><W77/><G43/><T106/><D106/><U19/><E5/><V2/><F2/><W51/><G51/><T37/><D35/><U13/><E116/><N who="2" m="44587" /><F86/><W88/><G115/><T102/><D110/><U28/><E28/><V131/><F126/><W82/><G30/><T97/><D20/><U87/><E75/><V58/><F58/><W25/><G25/><T6/><D6/><U101/><E101/><V113/><F131/><W24/><G24/><T66/><REACH who="0" step="1"/><D11/><REACH who="0" ten="136,294,355,205" step="2"/><U112/><E74/><V104/><F104/><W129/><G33/><T46/><D46/><U49/><E112/><V42/><F113/><W8/><G8/><T54/><D54/><U14/><E53/><V93/><F47/><W132/><G132/><T27/><D27/><U85/><E12/><AGARI ba="1,1" hai="7,9,12,37,38,45,50,52,56,61,66,94,97,102" machi="12" ten="30,5800,0" yaku="1,1,7,1,54,1,53,0" doraHai="78" doraHaiUra="117" who="0" fromWho="1" sc="136,71,294,-61,355,0,205,0" /><INIT seed="4,2,0,1,2,70" ten="207,233,355,205" oya="0" hai0="55,33,8,93,12,79,29,128,52,134,76,27,112" hai1="39,25,28,102,5,42,120,54,103,73,97,78,14" hai2="4,100,20,7,44,13,40,126,41,98,23,2,125" hai3="67,83,22,66,34,101,111,15,107,57,87,65,129"/><T85/><D134/><U24/><E103/><V32/><F2/><W90/><G34/><T64/><D128/><U127/><E127/><N who="2" m="48651" /><F32/><W53/><G111/><T49/><D112/><U118/><E118/><V21/><F13/><W81/><G129/><T60/><D93/><U51/><E78/><V18/><F18/><W56/><G107/><T117/><D117/><U95/><E73/><V50/><F40/><W26/><G101/><T124/><D124/><U10/><E28/><V123/><F123/><W80/><G15/><T91/><D91/><U84/><E84/><V0/><F0/><W130/><G130/><T1/><D1/><U104/><E104/><AGARI ba="2,0" hai="4,7,20,21,23,41,44,50,98,100,104" m="48651" machi="104" ten="30,1000,0" yaku="18,1" doraHai="70" who="2" fromWho="1" sc="207,0,233,-16,355,16,205,0" /><INIT seed="5,0,0,3,1,96" ten="207,217,371,205" oya="1" hai0="135,52,17,6,87,1,129,11,29,111,12,101,43" hai1="106,125,49,0,35,20,54,103,82,56,27,98,21" hai2="88,104,108,60,46,62,3,31,36,61,48,85,78" hai3="117,124,114,22,67,40,2,116,4,83,128,50,86"/><U7/><E125/><V28/><F108/><W112/><G4/><T32/><D111/><U121/><E121/><V37/><F3/><W39/><G2/><T95/><D43/><U5/><E82/><V109/><F78/><W24/><G39/><T19/><D129/><U66/><E35/><V30/><F109/><W18/><G67/><T134/><D87/><U57/><E0/><V99/><F104/><W126/><G50/><T81/><D81/><U70/><E70/><V93/><F85/><W130/><G40/><T59/><D17/><U33/><E33/><V69/><REACH who="2" step="1"/><F69/><REACH who="2" ten="207,217,361,205" step="2"/><W34/><G86/><T122/><D1/><U94/><E106/><V44/><F44/><W115/><G83/><T92/><D134/><U15/><E15/><V75/><F75/><W123/><G123/><T74/><D135/><U133/><E133/><V41/><AGARI ba="0,1" hai="28,30,31,36,37,41,46,48,60,61,62,88,93,99" machi="41" ten="30,7900,0" yaku="1,1,0,1,54,1,53,1" doraHai="96" doraHaiUra="84" who="2" fromWho="2" sc="207,-20,217,-39,361,89,205,-20" /><INIT seed="6,0,0,2,0,59" ten="187,178,450,185" oya="2" hai0="56,37,134,114,133,42,21,85,48,78,45,80,112" hai1="103,110,82,117,122,8,99,29,19,105,108,53,20" hai2="38,102,30,41,11,49,24,14,52,57,28,66,35" hai3="43,70,5,22,121,36,63,126,81,73,86,130,135"/><V1/><F1/><W96/><G121/><T54/><REACH who="0" step="1"/><D21/><REACH who="0" ten="177,178,450,185" step="2"/><U27/><E122/><V84/><F35/><W46/><G126/><T58/><D58/><U101/><E117/><V60/><F57/><W91/><G130/><T77/><D77/><U89/><E108/><V47/><F47/><W67/><G135/><AGARI ba="0,1" hai="37,42,45,48,54,56,78,80,85,112,114,133,134,135" machi="135" ten="40,8000,1" yaku="21,2,20,1,53,2" doraHai="59" doraHaiUra="109" who="0" fromWho="3" sc="177,90,178,0,450,0,185,-80" /><INIT seed="7,0,0,4,2,73" ten="267,178,450,105" oya="3" hai0="109,64,104,61,49,21,19,115,2,47,69,87,132" hai1="36,123,12,127,90,105,54,3,124,129,120,111,133" hai2="28,80,118,72,35,50,7,103,91,102,31,25,119" hai3="9,84,86,55,46,101,135,13,77,24,74,95,26"/><W125/><G74/><T100/><D109/><U23/><E36/><V67/><F31/><W4/><G125/><N who="1" m="48202" /><E105/><V114/><F7/><W1/><G1/><T121/><D121/><N who="1" m="46667" /><E90/><V65/><F114/><W66/><G135/><T75/><D75/><U41/><E41/><V51/><F91/><W42/><G66/><T44/><D2/><U93/><E93/><V83/><F28/><W0/><G0/><T128/><D132/><U17/><E54/><V43/><F43/><W33/><G55/><T15/><D115/><U14/><E111/><V70/><F70/><W6/><G6/><T113/><D113/><U96/><E96/><V82/><F82/><W37/><G33/><T89/><D49/><U117/><E129/><V32/><F72/><W56/><G56/><T5/><D128/><U79/><E79/><V39/><F39/><W71/><G71/><T76/><D76/><U57/><E57/><V10/><F10/><W88/><REACH who="3" step="1"/><G101/><REACH who="3" ten="267,178,450,95" step="2"/><T98/><D5/><U58/><E58/><V29/><F35/><W97/><G97/><T78/><D98/><U126/><E126/><V22/><F32/><W38/><G38/><T107/><D100/><U20/><E133/><V30/><F102/><W106/><G106/><T52/><D104/><U63/><E3/><V8/><F103/><W134/><G134/><T131/><D107/><U16/><E117/><V27/><F118/><W94/><G94/><T99/><D131/><U40/><E40/><V108/><F119/><W110/><G110/><T85/><D99/><U62/><AGARI ba="0,1" hai="12,14,16,17,20,23,62,63" m="46667,48202" machi="62" ten="40,2700,0" yaku="18,1,54,1" doraHai="73" who="1" fromWho="1" sc="267,-7,178,37,450,-7,95,-13" owari="260,6.0,215,-18.0,443,54.0,82,-42.0" /></mjloggm>