<mjloggm ver="2.3"><GO type="97" lobby="0"/><UN n0="%65%74%61%6B%61%32%34" n1="%E3%82%A6%E3%83%AB%E3%83%88%E3%83%A9%E7%AB%8B%E7%9B%B4" n2="%E3%82%89%E3%82%80%E3%81%A0%E6%9D%91" n3="%79%61%6D%61%61%70%71" dan="13,15,13,14" rate="1843.31,2000.21,1908.89,1947.51" sx="M,M,M,M"/><TAIKYOKU oya="0"/><INIT seed="0,0,0,3,4,87" ten="250,250,250,250" oya="0" hai0="23,78,48,10,129,134,122,35,127,12,112,62,69" hai1="120,94,9,135,17,111,0,27,115,77,119,85,54" hai2="71,116,25,7,106,100,34,1,39,26,22,105,65" hai3="74,60,101,46,53,109,130,82,56,90,31,67,16"/><T131/><D122/><U102/><E120/><V73/><F116/><W11/><G31/><T99/><D112/><U63/><E119/><V79/><F39/><W21/><G109/><T51/><D35/><U84/><E111/><V37/><F37/><W104/><G11/><T86/><D127/><U118/><E118/><V45/><F45/><W43/><G130/><N who="0" m="49675" /><D134/><U107/><E135/><V19/><F34/><W66/><G101/><T103/><D23/><U75/><E107/><V24/><F106/><W88/><G104/><N who="0" m="63615" /><D69/><U15/><E0/><V36/><F36/><W80/><G74/><T57/><D78/><U58/><E75/><V41/><F41/><W28/><G28/><T123/><D123/><U125/><E125/><V55/><F55/><W114/><G114/><T49/><D86/><U50/><E115/><V96/><F1/><W5/><G5/><N who="0" m="3151" /><D62/><U117/><E117/><V98/><F7/><W68/><G68/><T59/><AGARI ba="0,0" hai="48,49,51,57,59" m="3151,63615,49675" machi="59" ten="40,2100,0" yaku="19,1" doraHai="87" who="0" fromWho="0" sc="250,21,250,-7,250,-7,250,-7" /><INIT seed="0,1,0,2,1,89" ten="271,243,243,243" oya="0" hai0="30,75,20,23,103,83,118,9,120,47,71,43,72" hai1="36,73,38,60,85,126,52,81,128,53,90,29,96" hai2="19,122,105,40,70,91,115,101,129,6,102,104,69" hai3="109,12,55,116,0,22,63,17,79,4,2,107,132"/><T1/><D120/><U86/><E73/><V58/><F122/><W11/><G116/><T62/><D118/><U15/><E126/><V68/><F115/><W31/><G107/><T87/><D103/><U51/><E128/><V112/><F112/><W44/><G79/><T94/><D23/><U33/><E33/><V80/><F129/><W97/><G109/><T88/><D71/><U123/><E123/><V77/><F91/><W10/><G132/><T64/><D1/><U54/><E29/><V100/><F40/><W76/><G76/><T65/><D9/><U25/><E25/><V57/><F19/><W99/><G31/><T131/><D131/><U39/><E96/><V41/><F41/><W93/><G99/><T56/><D65/><U32/><E32/><V28/><F28/><W106/><G106/><T133/><D133/><U108/><E108/><V48/><F6/><W66/><G12/><T67/><D67/><U110/><E110/><V135/><F135/><W82/><G66/><T78/><D30/><U18/><E60/><V95/><F104/><W49/><G63/><T21/><REACH who="0" step="1"/><D75/><REACH who="0" ten="261,243,243,243" step="2"/><U84/><REACH who="1" step="1"/><E51/><AGARI ba="1,1" hai="20,21,43,47,51,56,62,64,72,78,83,87,88,94" machi="51" ten="30,12000,1" yaku="1,1,2,1,7,1,52,1,54,1,53,0" doraHai="89" doraHaiUra="27" who="0" fromWho="1" sc="261,133,243,-123,243,0,243,0" /><INIT seed="0,2,0,3,4,5" ten="394,120,243,243" oya="0" hai0="96,19,50,102,119,41,103,120,60,44,7,17,128" hai1="2,126,66,27,36,16,115,55,105,78,40,73,72" hai2="52,8,92,35,0,12,71,53,91,95,87,58,109" hai3="15,13,83,80,56,29,135,3,113,65,121,37,69"/><T90/><D120/><U99/><E115/><V134/><F109/><W49/><G37/><T46/><D119/><U125/><E2/><V59/><F134/><W63/><G3/><T97/><D128/><U82/><E66/><V1/><F71/><W77/><G29/><T64/><D7/><U62/><E40/><V25/><F92/><W89/><G113/><T10/><D46/><U39/><E36/><V93/><F93/><W9/><G135/><T79/><D79/><U18/><E39/><V132/><F132/><W104/><G104/><T43/><D43/><U54/><E99/><V111/><F111/><W107/><G107/><T45/><D45/><U123/><E105/><V131/><F131/><W117/><G117/><T81/><D81/><U122/><E62/><V94/><F94/><W70/><G89/><T31/><D31/><U30/><E30/><V98/><F98/><N who="0" m="37994" /><D90/><U38/><E38/><V100/><F100/><N who="0" m="38442" /><D10/><U133/><E133/><V67/><F35/><W4/><G83/><T24/><D24/><U48/><E82/><V85/><F25/><W57/><G80/><T124/><D124/><U14/><E27/><V130/><F130/><W21/><G77/><T6/><D6/><U61/><E78/><V26/><F26/><W86/><G4/><T42/><D42/><U32/><E32/><V47/><F47/><W108/><G121/><T76/><D76/><U118/><E118/><V112/><F1/><W116/><G108/><T106/><D106/><U22/><E126/><V75/><F0/><W114/><G116/><T88/><D88/><U127/><E125/><RYUUKYOKU ba="2,0" sc="394,30,120,-10,243,-10,243,-10" hai0="17,19,41,44,50,60,64" /><INIT seed="0,3,0,1,1,91" ten="424,110,233,233" oya="0" hai0="129,15,110,71,30,111,70,47,59,5,135,79,123" hai1="85,68,114,98,117,125,103,101,25,50,92,24,16" hai2="6,32,126,27,122,131,120,72,54,130,83,75,45" hai3="56,105,22,38,118,76,74,46,95,87,86,12,63"/><T94/><D123/><U17/><E68/><V66/><F126/><W39/><G105/><T112/><D112/><U61/><E117/><V11/><F66/><W37/><G118/><T18/><D129/><U116/><E116/><V119/><F119/><W3/><G3/><T44/><D135/><U84/><E114/><V113/><F113/><W49/><G74/><T88/><D79/><U33/><E33/><V107/><F107/><W2/><G2/><T55/><D30/><U34/><E34/><V82/><F54/><W19/><G76/><T51/><D5/><U77/><E125/><V127/><F127/><W9/><G95/><T7/><D7/><U99/><E50/><V64/><F64/><W52/><REACH who="3" step="1"/><G9/><REACH who="3" ten="424,110,233,223" step="2"/><N who="0" m="6511" /><D71/><U121/><E121/><V42/><F122/><W10/><G10/><T102/><D70/><U90/><E77/><V1/><F120/><W128/><G128/><T65/><D65/><AGARI ba="3,1" hai="12,19,22,37,38,39,46,49,52,56,63,65,86,87" machi="65" ten="40,5200,0" yaku="1,1,54,1,53,1" doraHai="91" doraHaiUra="58" who="3" fromWho="0" sc="424,-61,110,0,233,0,223,71" /><INIT seed="1,0,0,4,1,69" ten="363,110,233,294" oya="1" hai0="91,107,45,67,4,83,18,60,52,50,14,53,82" hai1="44,78,39,57,125,74,101,17,117,122,38,9,8" hai2="13,32,48,66,16,3,89,59,22,106,36,75,111" hai3="118,90,79,21,19,105,120,68,5,127,112,23,88"/><U42/><E122/><V113/><F113/><W63/><G105/><T134/><D107/><U92/><E117/><V103/><F111/><W130/><G79/><T24/><D134/><U61/><E125/><V41/><F75/><W104/><G104/><T114/><D114/><U37/><E78/><V65/><F32/><W43/><G112/><T98/><D4/><U102/><E74/><V129/><F129/><W31/><G5/><T64/><D24/><U132/><E132/><V123/><F123/><W62/><G120/><T124/><D124/><U72/><E72/><V51/><F3/><W27/><G127/><T121/><D121/><U40/><E44/><V6/><F6/><W26/><G43/><N who="1" m="16426" /><E17/><V56/><F36/><W34/><G118/><T116/><D116/><U84/><E84/><V1/><F1/><W119/><G119/><T29/><D29/><U15/><E15/><V94/><F59/><W28/><G19/><T73/><D73/><U35/><E92/><V25/><F13/><W81/><G34/><T100/><D100/><N who="1" m="38507" /><E35/><V85/><F41/><W97/><G31/><T87/><D98/><U108/><E108/><V96/><REACH who="2" step="1"/><F56/><REACH who="2" ten="363,110,223,294" step="2"/><W76/><G27/><T133/><D133/><U128/><E128/><V93/><F93/><W11/><G130/><T58/><D82/><U33/><E33/><V20/><F20/><AGARI ba="0,1" hai="14,18,20,45,50,52,53,58,60,64,67,83,87,91" machi="20" ten="30,3900,0" yaku="7,1,8,1,54,1" doraHai="69" who="0" fromWho="2" sc="363,49,110,0,223,-39,294,0" /><INIT seed="2,0,0,1,0,5" ten="412,110,184,294" oya="2" hai0="125,97,83,81,53,33,88,69,18,13,127,71,80" hai1="19,105,35,110,89,17,36,45,107,43,122,3,126" hai2="14,61,74,29,32,50,59,115,119,91,121,1,130" hai3="24,86,72,77,67,54,2,90,96,16,87,79,93"/><V58/><F115/><W9/><G67/><T82/><D33/><U103/><E35/><V85/><F119/><W21/><G72/><T124/><D53/><U12/><E3/><V133/><F121/><W101/><G54/><T134/><D134/><U68/><E68/><N who="0" m="26185" /><D82/><U120/><E110/><V108/><F108/><W84/><G2/><T111/><D111/><U27/><E126/><N who="0" m="32257" /><T44/><DORA hai="135" /><D44/><U106/><E103/><V40/><F133/><W95/><G101/><T131/><D131/><U6/><E89/><V70/><F130/><W20/><G90/><T7/><D7/><U118/><E118/><V73/><F1/><W132/><G132/><T98/><D88/><U92/><E6/><V128/><F128/><W57/><G77/><T42/><D42/><U41/><E41/><V34/><F70/><W52/><G79/><T30/><D30/><U78/><E78/><V129/><F129/><W116/><G52/><T64/><D64/><U75/><E43/><V8/><F32/><W23/><G116/><T46/><D46/><U39/><E45/><V0/><F0/><W65/><G65/><T112/><D112/><U51/><E120/><V4/><F34/><W109/><G109/><T22/><AGARI ba="0,0" hai="13,18,22,80,81,83,97,98" m="32257,26185" machi="22" ten="50,8000,1" yaku="18,1,52,4" doraHai="5,135" who="0" fromWho="0" sc="412,80,110,-20,184,-40,294,-20" /><INIT seed="3,0,0,1,5,83" ten="492,90,144,274" oya="3" hai0="110,87,107,96,98,44,42,45,5,4,116,61,74" hai1="102,19,10,17,122,129,63,85,72,9,77,81,15" hai2="33,68,0,26,60,66,95,131,22,67,76,55,135" hai3="52,7,58,39,121,47,24,132,101,73,97,28,133"/><W11/><G73/><T115/><D116/><U2/><E129/><V108/><F131/><W20/><G121/><T114/><D74/><U90/><E122/><V94/><F108/><W31/><G31/><T105/><D110/><U106/><E2/><V130/><F130/><W71/><G71/><T124/><D61/><U84/><E72/><V3/><F135/><W125/><G125/><T123/><D123/><U112/><E112/><N who="0" m="43049" /><D87/><N who="1" m="48559" /><E102/><V13/><F76/><W51/><G39/><N who="0" m="21599" /><D45/><U65/><E106/><N who="0" m="40457" /><D124/><U91/><E63/><V16/><F66/><W32/><G32/><T89/><D89/><N who="1" m="33803" /><E65/><V14/><F55/><W37/><G37/><T64/><D64/><U118/><E118/><V104/><F104/><W35/><G101/><T41/><D41/><U36/><E36/><V86/><F14/><AGARI ba="0,0" hai="9,10,14,15,17,19,84,85" m="33803,48559" machi="14" ten="30,7700,0" yaku="8,1,52,3" doraHai="83" who="1" fromWho="2" sc="492,0,90,77,144,-77,274,0" owari="492,59.0,167,-23.0,67,-43.0,274,7.0" /></mjloggm>