<mjloggm ver="2.3"><GO type="169" lobby="0"/><UN n0="%E5%BC%B1%E8%99%AB" n1="%E7%A5%AD%E4%BA%BA" n2="%E3%82%AB%E3%83%96%E3%83%88" n3="%EF%BC%88%E2%89%A7%E2%96%BD%E2%89%A6%EF%BC%89" dan="17,18,17,19" rate="2196.13,2229.93,2120.00,2325.92" sx="M,M,M,M"/><TAIKYOKU oya="0"/><INIT seed="0,0,0,4,0,102" ten="250,250,250,250" oya="0" hai0="20,107,43,34,52,29,40,125,36,67,1,47,35" hai1="84,98,30,45,41,62,89,50,87,122,23,13,15" hai2="113,56,105,22,57,83,28,44,132,130,82,68,54" hai3="131,5,74,25,72,33,91,46,118,61,111,14,60"/><T63/><D1/><U0/><E0/><V37/><F113/><W6/><G118/><T135/><D125/><U27/><E122/><V121/><F68/><W86/><G131/><T19/><D135/><U2/><E2/><V18/><F121/><W8/><G5/><T79/><D40/><U10/><E98/><V64/><F28/><W11/><G11/><T73/><D107/><U97/><E97/><V70/><F70/><W81/><G111/><T12/><D29/><U127/><E127/><V58/><F105/><W103/><G103/><T134/><D134/><U106/><E106/><V80/><F130/><W120/><G46/><T95/><D95/><U110/><E110/><V123/><F123/><W66/><G61/><T117/><D117/><U39/><E39/><V100/><F100/><W133/><G133/><T49/><D79/><U16/><E89/><V119/><F119/><W99/><G99/><T85/><D85/><U24/><E24/><N who="2" m="14423" /><F37/><W115/><G115/><T92/><D92/><U90/><E90/><V59/><F132/><W126/><G126/><T108/><D73/><U93/><E93/><V77/><F44/><W31/><REACH who="3" step="1"/><G120/><REACH who="3" ten="250,250,250,240" step="2"/><T112/><D112/><U94/><E62/><N who="2" m="37983" /><F77/><W69/><AGARI ba="0,1" hai="6,8,14,25,31,33,60,66,69,72,74,81,86,91" machi="69" ten="20,2700,0" yaku="1,1,0,1,7,1,53,0" doraHai="102" doraHaiUra="109" who="3" fromWho="3" sc="250,-13,250,-7,250,-7,240,37" /><INIT seed="1,0,0,2,4,7" ten="237,243,243,277" oya="1" hai0="117,71,22,17,18,99,54,52,134,14,46,78,119" hai1="83,111,104,28,30,31,123,76,116,101,126,105,69" hai2="44,34,64,57,24,114,50,110,127,80,4,73,47" hai3="120,90,125,39,67,59,15,43,82,130,100,53,66"/><U95/><E69/><V70/><F70/><W51/><G120/><T32/><D71/><U118/><E123/><V49/><F110/><W62/><G130/><T108/><D108/><U36/><E111/><V5/><F127/><W27/><G125/><T81/><D32/><U2/><E126/><V63/><F73/><W75/><G100/><T84/><D134/><U135/><E36/><V121/><F121/><W124/><G124/><T56/><D99/><U42/><E42/><V112/><F80/><W79/><G39/><T85/><D85/><U10/><E135/><V61/><F24/><W65/><G27/><T113/><D113/><N who="2" m="43626" /><F61/><W131/><G131/><T96/><D96/><U21/><E95/><V12/><F34/><W92/><G15/><T133/><D133/><U55/><E55/><N who="2" m="30143" /><F12/><W45/><REACH who="3" step="1"/><G43/><AGARI ba="0,0" hai="4,5,43,44,50,57,63,64" m="30143,43626" machi="43" ten="30,1000,0" yaku="11,1" doraHai="7" who="2" fromWho="3" sc="237,0,243,0,243,10,277,-10" /><INIT seed="2,0,0,4,2,88" ten="237,243,253,267" oya="2" hai0="30,124,19,66,29,126,2,34,59,114,26,129,13" hai1="23,69,125,41,54,77,132,1,46,117,14,67,43" hai2="16,118,133,10,89,63,42,76,83,20,11,57,82" hai3="65,102,15,109,100,56,8,52,104,119,45,62,0"/><V120/><F118/><W122/><G122/><T96/><D114/><U5/><E1/><V103/><F120/><W39/><G119/><T105/><D2/><U130/><E117/><V3/><F103/><W116/><G116/><T85/><D30/><U72/><E77/><V131/><F42/><W25/><G0/><T101/><D129/><U18/><E72/><V6/><F131/><W22/><G109/><T107/><D107/><U113/><E130/><V4/><F133/><W27/><G104/><T55/><D66/><U24/><E113/><V110/><F110/><W53/><G39/><T75/><D85/><U17/><E5/><N who="2" m="2155" /><F3/><W7/><G27/><T87/><D87/><U78/><E69/><V79/><F89/><W61/><G45/><T58/><D75/><U121/><E78/><N who="2" m="29739" /><F83/><W115/><G115/><T128/><D128/><U97/><E43/><V74/><F82/><W91/><G91/><T60/><REACH who="0" step="1"/><D59/><REACH who="0" ten="227,243,253,267" step="2"/><U68/><E121/><V135/><F74/><W38/><G65/><T9/><AGARI ba="0,1" hai="9,13,19,26,29,34,55,58,60,96,101,105,124,126" machi="9" ten="30,4000,0" yaku="1,1,2,1,0,1,53,0" doraHai="88" doraHaiUra="84" who="0" fromWho="0" sc="227,50,243,-10,253,-20,267,-10" /><INIT seed="3,0,0,1,0,107" ten="277,233,233,257" oya="3" hai0="51,42,125,59,37,15,24,114,121,124,72,55,85" hai1="119,97,13,32,103,128,63,134,96,41,81,16,80" hai2="39,7,115,12,0,9,117,95,14,5,61,53,29" hai3="44,82,73,83,56,21,87,18,62,38,33,52,76"/><W3/><G3/><T91/><D121/><U100/><E32/><V4/><F117/><W1/><G1/><T2/><D2/><U116/><E128/><V48/><F39/><W112/><G33/><T94/><D114/><U66/><E41/><V35/><F115/><W57/><G112/><T43/><D24/><U27/><E27/><V40/><F40/><W113/><G113/><T45/><D42/><U129/><E129/><V79/><F61/><W133/><G133/><T135/><D135/><U20/><E134/><V84/><F29/><W54/><G44/><T50/><D72/><U77/><E97/><V122/><F35/><W109/><G109/><T68/><D68/><U25/><E25/><V65/><F65/><W101/><G101/><T69/><D69/><U89/><E89/><V34/><F34/><W28/><G28/><T58/><D15/><U102/><E96/><V93/><F122/><W108/><G108/><T106/><D106/><U49/><E49/><V127/><F127/><N who="0" m="48714" /><D59/><U90/><E90/><V22/><F0/><W17/><G21/><T36/><AGARI ba="0,0" hai="36,37,43,45,50,51,55,58,85,91,94" m="48714" machi="36" ten="30,1100,0" yaku="18,1" doraHai="107" who="0" fromWho="0" sc="277,11,233,-3,233,-3,257,-5" /><INIT seed="4,0,0,2,4,65" ten="288,230,230,252" oya="0" hai0="120,2,94,72,84,87,132,91,51,52,88,39,16" hai1="89,131,15,49,69,31,71,117,30,14,96,99,110" hai2="105,36,97,28,38,8,50,76,86,67,9,70,85" hai3="123,56,107,98,47,42,54,127,82,118,134,43,20"/><T58/><D120/><U106/><E110/><V24/><F36/><W18/><G118/><T23/><D132/><U1/><E1/><V75/><F38/><W104/><G134/><T41/><D2/><U45/><E131/><V48/><F75/><W116/><G116/><T66/><D72/><U55/><E117/><V77/><F105/><W78/><G127/><T80/><D66/><U125/><E125/><V103/><F103/><W37/><G43/><T130/><D130/><U25/><E96/><V108/><F97/><W100/><G123/><T5/><D5/><U114/><E114/><V35/><F85/><W46/><G46/><T57/><D39/><U61/><E31/><V32/><F32/><W73/><G98/><T33/><D33/><U0/><E61/><V12/><F8/><W122/><G100/><T62/><D41/><U135/><E0/><V40/><F86/><W92/><G92/><T112/><D112/><U4/><E4/><V121/><F40/><W64/><G64/><T22/><D22/><N who="1" m="15671" /><E89/><V93/><F93/><W102/><G102/><T59/><D62/><U3/><E3/><V19/><F108/><W10/><G122/><T53/><D53/><U21/><E135/><V17/><F121/><W13/><G20/><T109/><D109/><U126/><E126/><V83/><F76/><W34/><G34/><T95/><D95/><U7/><E21/><V81/><F77/><W27/><G27/><AGARI ba="0,0" hai="16,23,27,51,52,57,58,59,80,84,87,88,91,94" machi="27" ten="30,12000,1" yaku="7,1,8,1,54,3" doraHai="65" who="0" fromWho="3" sc="288,120,230,0,230,0,252,-120" /><INIT seed="4,1,0,0,3,57" ten="408,230,230,132" oya="0" hai0="22,12,115,8,67,14,64,6,87,98,96,45,29" hai1="5,3,18,92,19,81,9,80,39,50,131,93,33" hai2="78,16,2,114,95,97,34,70,119,13,1,26,4" hai3="11,126,73,17,15,41,94,55,32,49,66,36,52"/><T127/><D115/><U128/><E39/><V20/><F114/><W30/><G73/><T105/><D127/><U43/><E33/><V89/><F119/><W116/><G116/><T65/><D105/><U61/><E92/><V110/><F110/><W79/><G79/><T35/><D35/><U90/><E50/><V48/><F78/><W109/><G109/><T59/><D45/><U112/><E43/><V69/><F48/><W117/><G117/><T63/><D87/><N who="1" m="52447" /><E61/><V40/><F40/><W134/><G126/><T75/><D75/><U27/><E112/><V83/><F83/><N who="1" m="31817" /><E27/><V42/><F42/><W74/><G74/><T46/><D46/><U132/><E132/><V101/><F101/><W76/><G134/><T71/><D71/><U21/><E21/><V107/><F107/><W0/><G76/><T99/><REACH who="0" step="1"/><D14/><REACH who="0" ten="398,230,230,132" step="2"/><U85/><E85/><V47/><F47/><W25/><G32/><T88/><D88/><U7/><E131/><V123/><F34/><W24/><G15/><T82/><D82/><U130/><E130/><V72/><F72/><W124/><G124/><T23/><D23/><U84/><E84/><V58/><F69/><W91/><G91/><T10/><D10/><U102/><E128/><V51/><F70/><W56/><G11/><T38/><D38/><U125/><E125/><V133/><F133/><W77/><G36/><T86/><D86/><U54/><E102/><V103/><F103/><W108/><G77/><T135/><D135/><U111/><E111/><V68/><F68/><W129/><G108/><T53/><D53/><U104/><E54/><RYUUKYOKU ba="1,1" sc="398,30,230,-10,230,-10,132,-10" hai0="6,8,12,22,29,59,63,64,65,67,96,98,99" /><INIT seed="4,2,1,1,3,22" ten="428,220,220,122" oya="0" hai0="118,3,135,101,11,57,13,78,25,37,124,95,107" hai1="84,80,52,17,112,49,62,86,102,97,51,94,32" hai2="79,1,19,76,6,38,128,66,114,40,67,29,31" hai3="81,15,127,39,89,109,9,121,99,53,44,93,91"/><T116/><D37/><U100/><E32/><V105/><F105/><W64/><G109/><T104/><D3/><U98/><E112/><V0/><F114/><W68/><G127/><T75/><D124/><U4/><E4/><V133/><F133/><W73/><G121/><T120/><D120/><U60/><E17/><V132/><F132/><W27/><G68/><T45/><D135/><U41/><E41/><V23/><F23/><W117/><G64/><T125/><D125/><U10/><E10/><V33/><F128/><W130/><G130/><T111/><D107/><U108/><E108/><V14/><F14/><W28/><G117/><T21/><D104/><U58/><E60/><V90/><F40/><W30/><G39/><T123/><D111/><U46/><E46/><V92/><F6/><N who="3" m="3511" /><G73/><T129/><D129/><U16/><E16/><V34/><F19/><W2/><G2/><T106/><D106/><U71/><E71/><V12/><F12/><W54/><G44/><T8/><D75/><U119/><E119/><V74/><F74/><W55/><G27/><T24/><D123/><U48/><E80/><V88/><F38/><W20/><G20/><T115/><D115/><U5/><E5/><V47/><F47/><W69/><G69/><T18/><D118/><U77/><E77/><V65/><F67/><W35/><G35/><T26/><D116/><U42/><E42/><V126/><F126/><W63/><G63/><T83/><D45/><U59/><E58/><V134/><F134/><W113/><G113/><T131/><D131/><U56/><E59/><V122/><F122/><RYUUKYOKU ba="2,1" sc="428,-30,220,10,220,10,122,10" hai1="48,49,51,52,56,62,84,86,94,97,98,100,102" hai2="0,1,29,31,33,34,65,66,76,79,88,90,92" hai3="28,30,53,54,55,81,89,91,93,99" /><INIT seed="5,3,1,0,0,95" ten="398,230,230,132" oya="1" hai0="44,104,63,88,99,54,109,82,1,49,56,51,12" hai1="92,79,100,110,41,5,75,8,60,34,80,125,64" hai2="40,91,0,127,36,121,27,59,68,3,76,83,58" hai3="120,97,101,48,2,24,35,126,4,22,81,7,32"/><U113/><E34/><V118/><F121/><W128/><G120/><T107/><D1/><U30/><E30/><V25/><F118/><W130/><G126/><T17/><D49/><U10/><E125/><V39/><F68/><W122/><G122/><T46/><D46/><U72/><E113/><V111/><F111/><W71/><G71/><T112/><D112/><U123/><E123/><V13/><F13/><W90/><G48/><T67/><D109/><U38/><E110/><V96/><F83/><W131/><G90/><T61/><D61/><U84/><E10/><V93/><F76/><W77/><G2/><T70/><D70/><U94/><E41/><V15/><F15/><W62/><G62/><T129/><D129/><N who="3" m="33025" /><W114/><DORA hai="119" /><G114/><T50/><D50/><U53/><E53/><V103/><F91/><W20/><G20/><T33/><D33/><N who="3" m="12873" /><G22/><T29/><D88/><U116/><E116/><V73/><F40/><W78/><G24/><T9/><D51/><U85/><E60/><V19/><F36/><W65/><G65/><T124/><D67/><U86/><E64/><V11/><F39/><W6/><G81/><T14/><D82/><U106/><E38/><V28/><F28/><W55/><G55/><T31/><D31/><U69/><E69/><V43/><F43/><W57/><G57/><T105/><D29/><U117/><E117/><V18/><F58/><W108/><G108/><T135/><D124/><U98/><E75/><V74/><F59/><W102/><G102/><T23/><D56/><U132/><E72/><N who="2" m="27755" /><F127/><W21/><G21/><T37/><D23/><RYUUKYOKU ba="3,1" sc="398,-10,230,-10,230,-10,132,30" hai3="4,6,7,77,78,97,101" /><INIT seed="6,4,1,2,5,32" ten="388,220,220,162" oya="2" hai0="84,17,23,94,81,89,132,11,63,34,40,10,106" hai1="117,97,77,13,105,41,33,2,112,59,115,14,55" hai2="48,123,20,21,39,109,114,61,56,28,133,99,124" hai3="130,107,80,96,72,122,95,43,44,131,22,98,69"/><V93/><F123/><W119/><G69/><T78/><D34/><U35/><E117/><V116/><F116/><W53/><G119/><T57/><D106/><U24/><E41/><V125/><F39/><W103/><G122/><T68/><D68/><U120/><E35/><V79/><F79/><N who="3" m="44135" /><G22/><T121/><D40/><U64/><E64/><V1/><F114/><N who="1" m="43561" /><E2/><V6/><F133/><W76/><G53/><N who="0" m="34223" /><D132/><U58/><E77/><V67/><F48/><W118/><G118/><T60/><D60/><N who="1" m="35935" /><E59/><V62/><F62/><W31/><G44/><T82/><D121/><U46/><E46/><V26/><F20/><W91/><G43/><T88/><D81/><U8/><E8/><N who="0" m="3113" /><D94/><U47/><E47/><V38/><F38/><W18/><G31/><T9/><D9/><U128/><E120/><V110/><F6/><W51/><G18/><T108/><D108/><N who="2" m="41578" /><F1/><W19/><G19/><T65/><D65/><U36/><E36/><V113/><F113/><W15/><G51/><T54/><D54/><U135/><E135/><V3/><F3/><W75/><G15/><AGARI ba="4,1" hai="15,17,23,78,82,84,88,89" m="3113,34223" machi="15" ten="30,2000,0" yaku="8,1,54,1" doraHai="32" who="0" fromWho="3" sc="388,42,220,0,220,0,162,-32" /><INIT seed="7,0,0,1,0,86" ten="430,220,220,130" oya="3" hai0="80,67,75,85,133,18,61,112,65,81,88,135,6" hai1="37,47,131,53,8,102,48,115,43,23,41,59,90" hai2="2,17,117,44,113,15,27,31,82,109,45,70,114" hai3="72,35,125,21,30,11,92,105,128,121,68,132,10"/><W120/><G105/><T95/><D6/><U5/><E115/><N who="2" m="44043" /><F109/><W50/><G72/><T74/><D112/><U13/><E131/><V33/><F117/><W60/><G68/><N who="0" m="42031" /><D67/><U69/><E69/><V1/><F70/><W129/><G60/><T87/><D95/><U104/><E43/><V71/><F71/><W66/><G66/><T22/><D85/><U118/><E118/><V93/><F82/><W57/><G92/><T34/><D80/><U49/><E90/><V4/><F4/><W38/><G38/><T122/><D122/><N who="3" m="47209" /><G50/><T98/><D98/><U91/><E91/><V26/><F26/><N who="3" m="18903" /><G57/><T100/><D100/><U9/><E23/><N who="2" m="11711" /><F93/><W111/><G111/><T54/><D54/><U79/><E79/><V134/><F134/><W127/><G132/><T84/><D84/><U123/><E123/><V89/><F89/><W51/><G51/><T32/><D75/><U52/><E9/><N who="3" m="3082" /><G21/><T96/><D96/><U7/><E102/><V130/><F130/><AGARI ba="0,0" hai="125,127,128,129,130" m="3082,18903,47209" machi="130" ten="40,7700,0" yaku="19,1,34,2" doraHai="86" who="3" fromWho="2" sc="430,0,220,0,220,-77,130,77" /><INIT seed="7,1,0,5,3,94" ten="430,220,143,207" oya="3" hai0="120,28,20,51,125,84,74,29,60,1,99,83,19" hai1="44,25,46,123,86,135,32,95,122,63,82,106,55" hai2="49,61,113,102,130,2,48,36,67,18,10,104,70" hai3="114,24,21,91,87,37,58,71,132,54,27,105,43"/><W116/><G116/><T131/><D74/><U77/><E106/><V0/><F36/><W107/><G71/><T34/><D1/><U97/><E135/><V96/><F113/><W90/><G114/><T112/><D112/><U62/><E122/><V65/><F130/><W9/><G9/><T133/><D120/><U81/><E32/><V30/><F67/><W4/><G4/><T129/><D60/><N who="1" m="23083" /><E123/><V93/><F0/><W124/><G124/><T64/><D84/><N who="1" m="48175" /><E25/><V12/><F2/><W47/><G27/><T53/><D19/><U56/><E86/><V108/><F108/><W89/><G87/><T11/><D83/><U134/><E82/><V52/><F30/><W103/><G132/><T23/><D11/><U5/><E5/><V75/><F75/><W42/><G105/><T35/><D51/><N who="1" m="30847" /><E134/><V92/><REACH who="2" step="1"/><F49/><REACH who="2" ten="430,220,133,207" step="2"/><W50/><G50/><T68/><D131/><U66/><E66/><V100/><F100/><AGARI ba="1,1" hai="44,46,95,97,100" m="30847,48175,23083" machi="100" ten="30,2000,0" yaku="8,1,52,1" doraHai="94" who="1" fromWho="2" sc="430,0,220,33,133,-23,207,0" owari="430,53.0,253,5.0,110,-39.0,207,-19.0" /></mjloggm>