<mjloggm ver="2.3"><GO type="169" lobby="0"/><UN n0="%E3%82%A6%E3%83%AB%E3%83%88%E3%83%A9%E7%AB%8B%E7%9B%B4" n1="%E3%83%A9%E3%83%93%E3%83%83%E3%83%88" n2="%E5%AE%89%E8%97%A4%E8%A3%95%E5%AD%90" n3="%E3%83%87%E3%82%B8%E3%82%BF%E3%83%AB%E4%BB%99%E4%BA%BA" dan="17,16,18,18" rate="2048.97,2055.15,2185.52,2144.30" sx="M,M,F,F"/><TAIKYOKU oya="0"/><INIT seed="0,0,0,0,4,124" ten="250,250,250,250" oya="0" hai0="68,75,108,129,50,45,112,125,39,28,3,15,120" hai1="19,34,131,74,103,102,119,18,77,27,1,109,64" hai2="121,37,59,76,30,85,24,60,26,95,53,114,52" hai3="115,12,113,116,105,2,8,91,5,66,117,93,17"/><T87/><RYUUKYOKU type="yao9" ba="0,0" sc="250,0,250,0,250,0,250,0" hai0="3,15,28,39,45,50,68,75,87,108,112,120,125,129" /><INIT seed="0,1,0,5,5,45" ten="250,250,250,250" oya="0" hai0="79,128,83,124,36,2,35,54,109,56,72,133,119" hai1="57,75,113,24,66,9,55,51,28,114,105,85,38" hai2="18,34,121,107,115,46,62,10,19,22,40,65,97" hai3="63,47,15,16,100,23,50,76,80,131,25,71,17"/><T94/><RYUUKYOKU type="yao9" ba="1,0" sc="250,0,250,0,250,0,250,0" hai0="2,35,36,54,56,72,79,83,94,109,119,124,128,133" /><INIT seed="0,2,0,2,4,135" ten="250,250,250,250" oya="0" hai0="101,7,76,37,12,123,98,103,117,39,50,6,95" hai1="68,26,23,40,70,33,0,130,14,125,78,116,102" hai2="64,105,114,89,88,20,51,75,54,3,111,47,32" hai3="63,127,21,5,115,69,79,132,122,55,61,120,109"/><T58/><D123/><N who="3" m="47145" /><G115/><T133/><D117/><U118/><E0/><V129/><F114/><W52/><G109/><T46/><D133/><U77/><E40/><V8/><F32/><W73/><G132/><T119/><D119/><U81/><E33/><V25/><F75/><W86/><G73/><T124/><D124/><U28/><E102/><V91/><F105/><W16/><G5/><T66/><D76/><U84/><E78/><V90/><F111/><W19/><G127/><T94/><D39/><U57/><E125/><V34/><F34/><W27/><G19/><T11/><D37/><U96/><E96/><V74/><F74/><W1/><G1/><T82/><D82/><U24/><E24/><V92/><F129/><W38/><G38/><T113/><D113/><U62/><E14/><V45/><F64/><N who="3" m="41103" /><G63/><T126/><D126/><U10/><E70/><V128/><F128/><W56/><G56/><T83/><D7/><U112/><E68/><V13/><F3/><W53/><G53/><T134/><D134/><U4/><E112/><V31/><F47/><W18/><G18/><T87/><D58/><U65/><E130/><V106/><F106/><W2/><G2/><T104/><D66/><U48/><E48/><V71/><F71/><W67/><G67/><T22/><D22/><U59/><E59/><V41/><F54/><W80/><AGARI ba="2,0" hai="16,21,27,52,55,79,80,86" m="41103,47145" machi="80" ten="30,4000,0" yaku="13,1,54,2" doraHai="135" who="3" fromWho="3" sc="250,-22,250,-12,250,-12,250,46" /><INIT seed="1,0,0,5,4,72" ten="228,238,238,296" oya="1" hai0="51,120,115,88,132,130,127,34,17,6,40,39,83" hai1="48,49,60,96,55,114,105,110,68,86,109,61,126" hai2="62,45,74,107,31,70,8,77,1,85,32,80,134" hai3="135,24,41,63,82,90,94,119,125,71,26,89,123"/><U103/><E114/><V81/><F107/><W93/><G123/><T67/><D39/><U84/><E126/><V98/><F134/><W15/><G125/><T2/><D34/><U99/><E99/><V78/><F98/><W44/><G119/><T27/><D6/><U28/><E28/><V7/><F45/><W121/><G121/><T91/><D2/><U20/><E20/><V43/><F43/><W19/><G135/><T59/><D120/><U3/><E3/><V16/><F16/><W133/><G133/><T129/><D132/><U47/><E49/><V117/><F117/><W12/><G82/><T108/><D127/><U131/><E131/><N who="0" m="50185" /><D115/><U92/><E105/><V42/><F42/><W50/><G71/><T100/><D100/><U122/><E122/><V102/><F102/><W75/><G75/><T13/><D27/><U9/><E9/><V124/><F124/><W65/><G65/><T54/><D108/><N who="1" m="41579" /><E68/><V29/><REACH who="2" step="1"/><F32/><REACH who="2" ten="228,238,228,296" step="2"/><W66/><G19/><T11/><D40/><U57/><E61/><V58/><F58/><N who="3" m="37239" /><G24/><T5/><D67/><AGARI ba="0,1" hai="47,48,55,57,60,67,84,86,92,96,103" m="41579" machi="67" ten="30,2900,0" yaku="14,1,10,1" doraHai="72" who="1" fromWho="0" sc="228,-29,238,39,228,0,296,0" /><AGARI ba="0,0" hai="1,7,8,29,31,62,67,70,74,77,78,80,81,85" machi="67" ten="40,5200,0" yaku="1,1,52,2,53,0" doraHai="72" doraHaiUra="97" who="2" fromWho="0" sc="199,-52,277,0,228,52,296,0" /><INIT seed="1,1,0,0,5,19" ten="147,277,280,296" oya="1" hai0="11,128,58,2,120,116,134,90,14,42,18,23,86" hai1="68,38,63,108,50,72,129,40,113,9,73,13,16" hai2="81,55,8,64,32,98,37,10,106,39,20,71,118" hai3="125,89,102,43,26,112,31,49,45,111,56,88,103"/><U107/><E113/><V83/><F118/><W15/><G112/><T7/><D116/><U29/><E38/><V5/><F32/><W0/><G0/><T99/><D120/><U74/><E129/><V36/><F55/><W54/><G125/><T21/><D128/><U94/><E107/><V6/><F64/><W57/><G111/><T66/><D134/><U119/><E119/><V62/><F62/><W82/><G15/><T91/><D42/><U104/><E104/><V33/><F33/><W52/><G43/><T59/><D66/><U92/><E108/><V115/><F71/><W77/><G103/><T1/><D1/><U79/><E79/><V132/><F115/><W109/><G102/><T25/><D99/><U70/><E29/><V121/><F121/><W117/><G117/><T53/><D53/><U27/><E27/><V130/><F130/><W35/><G109/><T4/><D4/><U84/><E84/><V80/><F132/><W17/><G17/><T28/><REACH who="0" step="1"/><D91/><REACH who="0" ten="137,277,280,296" step="2"/><U65/><REACH who="1" step="1"/><E68/><REACH who="1" ten="137,267,280,296" step="2"/><V105/><F98/><W123/><G123/><T41/><D41/><U96/><E96/><V95/><F37/><W3/><G56/><T93/><AGARI ba="1,2" hai="2,7,11,14,18,21,23,25,28,58,59,86,90,93" machi="93" ten="20,8000,1" yaku="1,1,0,1,7,1,52,2,53,0" doraHai="19" doraHaiUra="60" who="0" fromWho="0" sc="137,103,267,-41,280,-21,296,-21" /><INIT seed="2,0,0,2,0,11" ten="240,226,259,275" oya="2" hai0="50,51,64,65,105,26,58,25,16,8,28,27,18" hai1="62,123,109,90,70,57,119,61,76,29,22,33,97" hai2="15,111,0,115,47,77,69,37,91,63,23,89,55" hai3="114,56,66,81,41,110,102,39,93,4,3,107,86"/><V74/><F115/><W45/><G110/><T79/><D105/><U116/><E109/><V108/><F0/><W30/><G114/><T19/><D79/><U48/><E33/><V68/><F108/><W118/><G118/><T54/><D28/><U120/><E76/><V44/><F111/><W83/><G107/><T17/><N who="0" m="4096" /><DORA hai="128" /><T72/><D72/><U92/><E70/><V101/><F23/><W5/><G30/><T12/><REACH who="0" step="1"/><D51/><REACH who="0" ten="230,226,259,275" step="2"/><U38/><E48/><V43/><F77/><W46/><G39/><T42/><D42/><U40/><E40/><V134/><F74/><W100/><G41/><T52/><D52/><U80/><E38/><V125/><F55/><W95/><G66/><T36/><D36/><U85/><E119/><V60/><F37/><W73/><G73/><T59/><D59/><U130/><E116/><V14/><F43/><W10/><G56/><T96/><D96/><U133/><E57/><V32/><F69/><W122/><G122/><T94/><D94/><U98/><E123/><V34/><F68/><W135/><G93/><T131/><D131/><U9/><E98/><V112/><F112/><W71/><G95/><T87/><D87/><U78/><E120/><V129/><F129/><W2/><G86/><T20/><D20/><U99/><E130/><V6/><F34/><W126/><G71/><T117/><D117/><U113/><E113/><V7/><F32/><W132/><G10/><T124/><D124/><AGARI ba="0,1" hai="2,3,4,5,45,46,81,83,100,102,124,126,132,135" machi="124" ten="25,6400,0" yaku="22,2,52,2" doraHai="11,128" who="3" fromWho="0" sc="230,-64,226,0,259,0,275,74" /><INIT seed="3,0,0,3,2,24" ten="166,226,259,349" oya="3" hai0="55,117,96,64,16,78,14,34,95,51,26,90,0" hai1="133,65,100,67,23,38,22,119,40,113,129,110,86" hai2="45,116,111,37,89,122,101,29,85,42,118,19,36" hai3="127,30,68,114,105,109,49,20,91,103,54,79,39"/><W123/><G123/><T124/><D0/><U43/><E113/><V4/><F122/><W58/><G114/><T25/><D117/><U134/><E100/><V102/><F37/><W80/><G127/><T83/><D124/><U108/><E119/><V33/><F111/><N who="1" m="42537" /><E86/><V132/><F132/><N who="1" m="50793" /><E38/><V8/><F101/><W28/><G39/><T93/><D93/><U87/><E87/><V6/><F102/><W35/><G68/><T126/><D126/><U98/><E98/><V11/><F116/><W61/><G109/><T41/><D41/><N who="1" m="15947" /><E129/><V81/><F118/><W52/><G35/><T66/><D34/><U47/><E47/><V82/><F82/><W31/><G103/><T74/><D26/><U32/><E32/><V121/><F121/><W99/><G105/><T97/><D25/><U17/><E17/><V84/><F19/><W131/><G131/><T56/><REACH who="0" step="1"/><D97/><REACH who="0" ten="156,226,259,349" step="2"/><U13/><E13/><V10/><F33/><W48/><G99/><T15/><D15/><U130/><E130/><V21/><F36/><W1/><G1/><T73/><D73/><U62/><E62/><V120/><F120/><W125/><G125/><T106/><D106/><U76/><E76/><V2/><F2/><W135/><G135/><T7/><D7/><U12/><E12/><V5/><F5/><W63/><G79/><T77/><D77/><U53/><E53/><V27/><F84/><N who="3" m="50567" /><G63/><T75/><D75/><U88/><E88/><V46/><F42/><W128/><G128/><T60/><D60/><U115/><E115/><V9/><F6/><W50/><G54/><T92/><D92/><RYUUKYOKU ba="0,1" sc="156,0,226,0,259,0,349,0" hai0="14,16,51,55,56,64,66,74,78,83,90,95,96" hai1="22,23,65,67" hai2="4,8,9,10,11,21,27,29,45,46,81,85,89" hai3="20,28,30,31,48,49,50,52,58,61" /><INIT seed="3,1,1,1,1,80" ten="156,226,259,349" oya="3" hai0="95,103,112,130,86,72,8,14,26,40,19,111,51" hai1="99,27,60,0,118,121,3,2,20,4,66,113,115" hai2="96,33,49,128,75,132,23,30,85,35,28,76,101" hai3="6,134,124,94,110,67,77,34,29,133,102,127,135"/><W116/><G116/><T83/><D72/><U52/><E121/><V54/><F75/><W11/><G67/><T69/><D69/><U45/><E118/><V74/><F74/><W79/><G29/><T123/><D123/><U39/><E4/><V37/><F37/><W125/><G34/><T126/><D112/><U24/><E99/><V53/><F128/><W109/><G102/><T48/><D126/><U129/><E129/><V25/><F132/><W18/><G18/><T104/><D104/><U97/><E97/><V22/><F76/><N who="3" m="29259" /><G94/><T108/><D130/><U9/><E9/><V38/><F38/><W131/><G131/><T91/><D26/><U93/><E93/><V61/><F101/><W87/><G87/><T7/><D19/><U50/><E39/><V64/><F96/><W58/><G58/><T1/><D1/><AGARI ba="1,1" hai="1,6,11,109,110,124,125,127,133,134,135" m="29259" machi="1" ten="50,4800,0" yaku="18,1,20,1" doraHai="80" who="3" fromWho="0" sc="156,-51,226,0,259,0,349,61" /><INIT seed="3,2,0,3,2,76" ten="105,226,259,410" oya="3" hai0="6,14,119,112,59,129,98,47,125,3,34,121,23" hai1="84,99,43,42,20,7,44,85,53,67,81,101,13" hai2="46,32,100,97,66,39,64,11,45,73,27,70,52" hai3="15,80,87,116,118,18,89,1,17,127,22,58,92"/><W54/><G1/><T77/><D59/><U9/><E67/><V24/><F73/><W123/><G127/><T115/><D98/><U30/><E53/><V48/><F11/><W68/><G68/><T12/><D47/><U131/><E131/><V50/><F39/><W109/><G123/><T108/><D77/><U104/><E85/><V51/><F51/><W90/><G18/><T114/><D3/><U117/><E117/><V72/><F72/><W40/><G40/><T41/><D41/><U0/><E0/><V86/><F86/><W36/><G36/><T61/><D61/><U134/><E134/><V130/><F130/><W65/><G65/><N who="2" m="25193" /><F32/><W94/><G109/><T37/><D37/><U124/><E124/><V110/><F110/><W10/><G10/><N who="0" m="4183" /><D108/><U35/><E35/><V82/><F70/><W126/><G126/><T75/><D75/><U79/><REACH who="1" step="1"/><E44/><REACH who="1" ten="105,216,259,410" step="2"/><V19/><F46/><W103/><G118/><T28/><D125/><U62/><E62/><V132/><F45/><W128/><G116/><T111/><D119/><U56/><E56/><V2/><F2/><W91/><G128/><T74/><D111/><U88/><E88/><N who="3" m="33898" /><G103/><T60/><D129/><U4/><E4/><V122/><F100/><W31/><G31/><T55/><D28/><U93/><E93/><V26/><F52/><W106/><G106/><T78/><D55/><U57/><E57/><V71/><F71/><W8/><G8/><T95/><D60/><AGARI ba="2,1" hai="15,17,22,54,58,60,80,87,91,92,94" m="33898" machi="60" ten="30,5800,0" yaku="8,1,52,1,54,1" doraHai="76" who="3" fromWho="0" sc="105,-64,216,0,259,0,410,74" /><INIT seed="3,3,0,4,3,127" ten="41,216,259,484" oya="3" hai0="1,119,62,106,120,12,73,135,47,130,99,84,110" hai1="50,19,100,72,68,4,115,32,102,43,21,38,70" hai2="46,109,107,93,60,75,33,98,28,89,17,9,42" hai3="83,56,90,52,79,108,92,96,121,85,116,54,132"/><W3/><G116/><T13/><D99/><U69/><E32/><V15/><F75/><W76/><G121/><T134/><D84/><U88/><E38/><V11/><F109/><W30/><G108/><T55/><D55/><U117/><E115/><V126/><F126/><W128/><G3/><T95/><D62/><U0/><E72/><V133/><F133/><W49/><G132/><T45/><D95/><U29/><E29/><V103/><F60/><W97/><G128/><T14/><D47/><U51/><E117/><V124/><F124/><W23/><G96/><T41/><D45/><U16/><E4/><V105/><F33/><W59/><G30/><T27/><D41/><U74/><E0/><V57/><F28/><W113/><G23/><T2/><D27/><U25/><E74/><V86/><F57/><W91/><G113/><T125/><D13/><U81/><E19/><V53/><F11/><W65/><G65/><T66/><D14/><U7/><E7/><V36/><REACH who="2" step="1"/><F53/><REACH who="2" ten="41,216,249,484" step="2"/><W58/><G59/><T8/><D135/><U87/><REACH who="1" step="1"/><E43/><REACH who="1" ten="41,206,249,484" step="2"/><V40/><F40/><W94/><G54/><T18/><D125/><U6/><E6/><V37/><F37/><W82/><G52/><T39/><D39/><U48/><AGARI ba="3,2" hai="16,21,25,48,50,51,68,69,70,81,87,88,100,102" machi="48" ten="40,8000,1" yaku="1,1,0,1,54,2,53,0" doraHai="127" doraHaiUra="131" who="1" fromWho="1" sc="41,-23,206,109,249,-23,484,-43" /><INIT seed="4,0,0,4,1,4" ten="18,315,226,441" oya="0" hai0="134,131,85,8,27,106,105,110,23,26,74,77,28" hai1="9,57,119,2,60,16,45,116,6,81,52,56,114" hai2="73,104,135,76,87,128,55,22,100,61,95,64,11" hai3="5,93,58,109,122,115,123,91,54,99,29,92,44"/><T24/><D74/><U127/><E127/><V46/><F135/><W107/><G115/><T82/><D134/><U34/><E34/><V80/><F128/><W102/><G109/><T90/><D131/><U120/><E120/><N who="3" m="46122" /><G44/><T65/><D110/><U15/><E114/><V89/><F22/><W71/><G71/><T88/><D65/><U7/><E7/><V47/><F55/><W53/><G29/><T32/><D105/><U36/><E81/><V19/><F19/><W39/><G39/><T129/><D106/><U75/><E75/><V25/><F25/><N who="0" m="9834" /><D32/><U117/><E117/><V49/><F49/><W103/><G107/><T72/><D72/><U48/><E36/><V1/><F1/><W84/><G103/><T30/><D30/><U70/><E70/><V62/><F100/><W67/><G5/><T59/><D129/><U3/><E3/><V130/><F104/><W14/><G14/><T43/><D43/><U98/><E98/><V86/><F130/><W124/><G124/><T68/><D68/><U69/><E69/><V126/><F126/><W18/><G18/><T113/><D113/><U79/><E79/><V21/><F76/><W133/><G133/><T0/><D59/><U63/><E57/><V37/><F37/><W78/><G78/><T17/><D0/><U83/><E83/><V38/><F80/><W96/><G67/><T20/><D20/><N who="1" m="11295" /><E56/><V50/><F38/><W132/><G132/><T35/><D35/><U12/><E2/><V41/><F64/><W118/><G58/><T97/><D97/><N who="3" m="37449" /><G118/><N who="1" m="45098" /><E63/><V40/><F62/><W33/><G33/><RYUUKYOKU ba="0,0" sc="18,10,315,10,226,-30,441,10" hai0="8,17,23,27,28,77,82,85,88,90" hai1="6,9,12,45,48,52,60" hai3="53,54,84,91,92,93,102" /><INIT seed="4,1,0,4,4,129" ten="28,325,196,451" oya="0" hai0="76,28,108,41,96,31,104,59,100,43,131,19,117" hai1="62,22,29,98,110,36,68,84,5,67,47,120,46" hai2="69,50,16,63,126,134,94,7,121,9,113,54,114" hai3="74,0,44,27,61,24,3,58,70,89,57,42,107"/><T53/><D108/><U72/><E72/><V87/><F121/><W105/><G74/><T119/><D131/><U60/><E120/><V135/><F126/><W116/><G116/><T12/><D76/><U99/><E110/><V123/><F123/><W90/><G70/><T91/><D119/><U111/><E111/><V82/><F94/><W64/><G44/><T13/><D117/><U52/><E5/><V79/><F63/><W95/><G61/><T118/><D118/><U83/><E46/><N who="2" m="27991" /><F69/><W40/><G95/><N who="0" m="56447" /><D104/><U8/><E8/><V125/><F125/><W92/><G92/><T37/><D37/><U11/><E11/><V109/><F109/><W112/><G64/><T6/><D100/><U2/><E2/><N who="2" m="247" /><F16/><W124/><G124/><T17/><D6/><U45/><E45/><V39/><F39/><W25/><G25/><T86/><D86/><U133/><E36/><V55/><F55/><W48/><G48/><N who="0" m="31143" /><D19/><U33/><E33/><V26/><F26/><W23/><G107/><T71/><D71/><U51/><E62/><V73/><F73/><W66/><G105/><T49/><D13/><U77/><E99/><V93/><F93/><W35/><G35/><T21/><D49/><U15/><E98/><V97/><F97/><W102/><G102/><T106/><D106/><U65/><E65/><V122/><F122/><W85/><G66/><T1/><D1/><U128/><E128/><V14/><F14/><W81/><G85/><T20/><D20/><U130/><E130/><V103/><F103/><W56/><G0/><T127/><D127/><U30/><E68/><RYUUKYOKU ba="1,0" sc="28,15,325,-15,196,15,451,-15" hai0="12,17,21,28,31,41,43" hai2="79,82,87,113,114,134,135" /><INIT seed="4,2,0,1,5,47" ten="43,310,211,436" oya="0" hai0="108,61,35,67,58,98,25,123,124,36,54,7,89" hai1="117,9,24,1,45,130,16,14,128,64,55,120,107" hai2="133,119,122,132,109,121,73,33,13,134,44,90,68" hai3="17,102,74,97,57,111,85,23,20,87,83,129,112"/><T71/><D108/><U26/><E120/><N who="2" m="46187" /><F73/><W92/><G111/><T105/><D123/><U37/><E117/><V96/><F109/><W101/><G112/><T94/><D36/><U48/><E107/><V40/><F119/><W115/><G115/><T2/><D105/><U70/><E37/><N who="2" m="21519" /><F33/><W53/><G129/><N who="1" m="49770" /><E1/><V125/><F125/><W42/><G42/><T51/><D124/><U84/><E84/><V15/><F68/><W65/><G65/><T59/><D71/><U32/><E32/><V100/><F90/><W110/><G110/><T28/><REACH who="0" step="1"/><D7/><REACH who="0" ten="33,310,211,436" step="2"/><U66/><E70/><V63/><F63/><W56/><G83/><T95/><D95/><AGARI ba="2,1" hai="13,15,95,96,100,132,133,134" m="21519,46187" machi="95" ten="40,1300,0" yaku="20,1" doraHai="47" who="2" fromWho="0" sc="33,-19,310,0,211,29,436,0" /><INIT seed="5,0,0,4,1,59" ten="14,310,240,436" oya="1" hai0="92,1,39,28,8,76,63,10,65,4,11,67,124" hai1="23,126,12,48,107,60,123,5,50,74,133,120,13" hai2="69,122,20,46,24,82,129,128,68,89,105,51,75" hai3="17,113,38,30,70,53,96,34,102,21,18,40,95"/><U52/><E107/><V0/><F122/><W26/><G113/><T41/><D124/><U94/><E74/><V90/><F0/><W15/><G70/><N who="2" m="27241" /><F105/><W56/><G38/><T73/><D67/><U9/><E126/><V79/><F20/><W77/><G77/><T25/><D92/><U131/><E131/><N who="2" m="50251" /><F24/><W118/><G118/><T103/><D103/><U32/><E32/><V101/><F101/><W80/><G80/><T135/><D135/><U91/><E133/><V44/><F44/><W58/><G40/><AGARI ba="0,0" hai="40,46,51,75,79,82,89,90" m="50251,27241" machi="40" ten="30,1000,0" yaku="19,1" doraHai="59" who="2" fromWho="3" sc="14,0,310,0,240,10,436,-10" /><INIT seed="6,0,0,3,3,129" ten="14,310,250,426" oya="2" hai0="108,116,79,102,12,128,53,24,124,125,68,107,60" hai1="16,40,118,3,109,126,7,46,55,9,39,100,92" hai2="34,67,111,132,50,90,8,43,35,98,89,88,62" hai3="96,95,63,28,119,73,127,93,85,76,54,66,87"/><V117/><F117/><W134/><G119/><T18/><D18/><U23/><E118/><V135/><F111/><W120/><G120/><T94/><D94/><U22/><E109/><V17/><F98/><W10/><G54/><T29/><D102/><U37/><E126/><V105/><F105/><W77/><G127/><T1/><D79/><U58/><E37/><V32/><F50/><W78/><G73/><T42/><D12/><U21/><E92/><V74/><F43/><W84/><G28/><T59/><D24/><U4/><E100/><V71/><REACH who="2" step="1"/><F74/><REACH who="2" ten="14,310,240,426" step="2"/><W6/><G96/><T104/><D42/><U131/><E131/><V5/><F5/><W110/><G110/><T106/><D124/><U27/><E7/><V45/><F45/><W81/><G6/><T11/><D125/><U64/><E64/><V61/><F61/><AGARI ba="0,1" hai="3,4,9,16,21,22,23,27,39,40,46,55,58,61" machi="61" ten="30,2000,0" yaku="7,1,54,1" doraHai="129" who="1" fromWho="2" sc="14,0,310,30,240,-20,426,0" /><INIT seed="7,0,0,1,4,83" ten="14,340,220,426" oya="3" hai0="99,55,54,118,23,65,20,67,44,134,130,133,16" hai1="22,125,10,71,34,124,40,126,31,7,108,47,93" hai2="77,49,129,30,131,5,109,110,4,25,104,120,62" hai3="53,102,101,48,132,42,61,85,119,114,113,37,121"/><W81/><G119/><T17/><D44/><U27/><E71/><V6/><F104/><W39/><G121/><T87/><D99/><U98/><E98/><V66/><F77/><W97/><G61/><T19/><D130/><U69/><E69/><V96/><F96/><W92/><G102/><T76/><D76/><U52/><E93/><V43/><F43/><W38/><G132/><T36/><D36/><U1/><E40/><V57/><F49/><W111/><G42/><T106/><D106/><U78/><E78/><V26/><F120/><W29/><G29/><T13/><D13/><U24/><E52/><V89/><F89/><N who="3" m="51375" /><G111/><T123/><D123/><U45/><E47/><V60/><F30/><W28/><G28/><T35/><D35/><U128/><E45/><V3/><F3/><W116/><G116/><T84/><REACH who="0" step="1"/><D19/><REACH who="0" ten="4,340,220,426" step="2"/><N who="1" m="12383" /><E108/><V94/><F109/><W33/><G33/><T15/><D15/><U70/><E70/><V95/><F110/><W21/><G38/><T82/><D82/><U80/><E80/><V74/><F129/><W72/><G39/><T41/><D41/><U91/><E91/><V32/><F131/><W112/><G37/><T73/><D73/><U103/><E103/><V12/><F74/><W9/><G72/><T8/><D8/><U58/><E58/><V0/><F57/><W18/><G101/><T115/><D115/><U100/><E100/><V75/><F75/><W90/><G112/><T51/><D51/><U56/><E56/><V68/><F68/><W122/><G113/><T14/><D14/><U64/><E128/><V46/><F46/><RYUUKYOKU ba="0,1" sc="4,15,340,15,220,-15,426,-15" hai0="16,17,20,23,54,55,65,67,84,87,118,133,134" hai1="1,7,10,27,31,34,64,124,125,126" owari="19,-48.0,355,16.0,205,-19.0,421,51.0" /></mjloggm>