<mjloggm ver="2.3"><GO type="97" lobby="0"/><UN n0="%E6%89%93%E7%89%8C%E3%83%95%E3%82%A1%E3%83%B3%E3%82%BF%E3%82%B8%E3%83%BC" n1="%E3%82%A6%E3%83%AB%E3%83%88%E3%83%A9%E7%AB%8B%E7%9B%B4" n2="%69%2E%6E%2E%67%6F%64%76" n3="%E6%B1%90%E8%A6%8B" dan="14,15,13,14" rate="1943.53,1989.63,1821.90,1901.18" sx="M,M,M,M"/><TAIKYOKU oya="0"/><INIT seed="0,0,0,3,2,109" ten="250,250,250,250" oya="0" hai0="114,95,21,4,45,55,1,98,100,47,127,36,54" hai1="0,46,76,112,125,67,17,128,32,44,129,25,41" hai2="10,43,118,30,80,78,123,34,24,3,40,7,61" hai3="35,70,83,6,91,88,110,20,103,22,89,93,26"/><T87/><D127/><U94/><E0/><V53/><F123/><W49/><G70/><T126/><D126/><U18/><E67/><V66/><F53/><W12/><G110/><T105/><D36/><U86/><E125/><V37/><F118/><W71/><G71/><T72/><D114/><U13/><E32/><V116/><F116/><W59/><G35/><T28/><D72/><U62/><E62/><V101/><F101/><W64/><G83/><T113/><D113/><U15/><E25/><V120/><F120/><W29/><G103/><T5/><D1/><U119/><E119/><V102/><F102/><W97/><G49/><T11/><D87/><U117/><E117/><V106/><F106/><W79/><G79/><T38/><D38/><U19/><E112/><V82/><F82/><W33/><G33/><T96/><D47/><N who="1" m="17963" /><E41/><V85/><REACH who="2" step="1"/><F37/><REACH who="2" ten="250,250,240,250" step="2"/><W111/><G111/><T27/><D54/><U39/><E39/><V90/><F90/><W74/><G91/><T121/><D121/><U69/><E94/><V75/><F75/><W52/><G74/><T42/><D55/><U73/><E73/><V124/><F124/><W48/><G64/><T8/><D42/><U50/><E50/><V58/><AGARI ba="0,1" hai="3,7,10,24,30,34,40,43,58,61,66,78,80,85" machi="58" ten="20,2700,0" yaku="1,1,0,1,7,1,53,0" doraHai="109" doraHaiUra="16" who="2" fromWho="2" sc="250,-13,250,-7,240,37,250,-7" /><INIT seed="1,0,0,5,0,77" ten="237,243,277,243" oya="1" hai0="129,44,133,93,64,31,132,22,123,4,8,29,63" hai1="67,43,122,107,52,101,73,96,78,79,46,112,68" hai2="62,114,9,95,86,18,7,117,97,11,49,45,111" hai3="39,28,106,134,128,53,47,110,2,99,69,3,81"/><U13/><E122/><V87/><F111/><W131/><G110/><T19/><D123/><U34/><E112/><V92/><F117/><W30/><G69/><T25/><D44/><U10/><E34/><V38/><F114/><W98/><G134/><N who="0" m="51819" /><D93/><U89/><E73/><V37/><F62/><W66/><G66/><T51/><D51/><U32/><E32/><V54/><F38/><W48/><G39/><T57/><D129/><N who="3" m="49737" /><G81/><T120/><D120/><U36/><E67/><V1/><F37/><W23/><G23/><T127/><D127/><U35/><E35/><V65/><F65/><W90/><G90/><T15/><AGARI ba="0,0" hai="4,8,15,19,22,25,29,31,57,63,64" m="51819" machi="15" ten="30,1100,0" yaku="20,1" doraHai="77" who="0" fromWho="0" sc="237,11,243,-5,277,-3,243,-3" /><INIT seed="2,0,0,0,5,74" ten="248,238,274,240" oya="2" hai0="72,83,12,53,6,61,134,0,107,124,33,75,82" hai1="106,110,89,80,21,49,20,64,123,68,10,94,25" hai2="115,99,69,15,62,117,77,114,37,126,30,109,111" hai3="116,29,112,26,91,28,65,1,95,58,23,133,98"/><V57/><F117/><W87/><G116/><T40/><D33/><U19/><E106/><V97/><F37/><W101/><G133/><T41/><D107/><U121/><E64/><V35/><F126/><W36/><G36/><T45/><D124/><U102/><E68/><V85/><F69/><W81/><G112/><N who="2" m="43049" /><F30/><N who="3" m="17759" /><G1/><T70/><D134/><U60/><E60/><AGARI ba="0,0" hai="28,29,58,60,65,81,87,91,95,98,101" m="17759" machi="60" ten="30,2000,0" yaku="25,1,8,1" doraHai="74" who="3" fromWho="1" sc="248,0,238,-20,274,0,240,20" /><INIT seed="3,0,0,1,5,41" ten="248,218,274,260" oya="3" hai0="53,110,65,93,98,40,16,127,66,35,7,114,81" hai1="75,99,48,22,33,21,17,3,123,90,134,28,87" hai2="11,73,107,49,103,46,105,124,38,132,115,14,92" hai3="102,34,9,83,95,47,23,106,94,63,36,1,125"/><W80/><G34/><T71/><D35/><U79/><E123/><V43/><F115/><W10/><G106/><T67/><D71/><U27/><E134/><V118/><F118/><W135/><G135/><T50/><D114/><U30/><E3/><V39/><F132/><W112/><G112/><T37/><D110/><U59/><E75/><V117/><F117/><W129/><G129/><T109/><D109/><U18/><E33/><V29/><F73/><W25/><G125/><T20/><D7/><U78/><E99/><V128/><F128/><W82/><G63/><T130/><D130/><U126/><E126/><V24/><F124/><W6/><G10/><T89/><D81/><U111/><E111/><V131/><F39/><W54/><G102/><T5/><D5/><U72/><E72/><V120/><F38/><W56/><G36/><T76/><D76/><U122/><E122/><V8/><F120/><W57/><G56/><T13/><D127/><U77/><E59/><V55/><F105/><W61/><REACH who="3" step="1"/><G47/><REACH who="3" ten="248,218,274,250" step="2"/><N who="0" m="27871" /><D37/><U85/><E48/><V119/><F107/><W100/><G100/><T2/><D2/><U97/><E97/><V12/><F131/><W42/><G42/><AGARI ba="0,1" hai="13,16,20,40,42,65,66,67,89,93,98" m="27871" machi="42" ten="30,3900,0" yaku="8,1,52,1,54,1" doraHai="41" who="0" fromWho="3" sc="248,49,218,0,274,0,250,-39" /><INIT seed="4,0,0,2,4,111" ten="297,218,274,211" oya="0" hai0="43,81,44,37,108,31,27,46,77,130,11,73,60" hai1="75,17,131,89,33,40,21,103,83,117,98,64,12" hai2="125,2,102,84,32,105,39,24,92,85,129,23,110" hai3="109,65,9,59,29,3,87,76,121,93,35,107,18"/><T101/><D108/><U58/><E33/><V79/><F110/><W62/><G109/><T69/><D130/><U7/><E117/><V86/><F129/><W22/><G107/><T112/><D112/><U13/><E131/><V0/><F125/><W41/><G121/><T19/><D101/><U72/><E40/><V61/><F39/><W70/><G41/><T118/><D118/><U63/><E75/><V67/><F32/><W132/><G132/><T10/><D19/><U26/><E7/><V53/><F79/><W120/><G120/><T66/><D46/><U36/><E36/><V126/><F105/><W28/><G35/><AGARI ba="0,0" hai="10,11,27,31,35,37,43,44,60,66,69,73,77,81" machi="35" ten="30,1500,0" yaku="7,1" doraHai="111" who="0" fromWho="3" sc="297,15,218,0,274,0,211,-15" owari="312,41.0,218,-18.0,274,7.0,196,-30.0" /></mjloggm>