<mjloggm ver="2.3"><GO type="97" lobby="0"/><UN n0="%E3%82%A6%E3%83%AB%E3%83%88%E3%83%A9%E7%AB%8B%E7%9B%B4" n1="%E3%81%A1%6E%E3%81%A1%6E" n2="%45%E2%98%85" n3="%70%61%72%63%61%65" dan="16,13,13,13" rate="2004.59,1926.19,1919.89,1921.86" sx="M,F,M,M"/><TAIKYOKU oya="0"/><INIT seed="0,0,0,5,2,128" ten="250,250,250,250" oya="0" hai0="123,115,5,2,104,91,63,119,31,102,126,110,50" hai1="90,20,88,22,134,18,96,44,62,9,54,56,59" hai2="111,58,68,51,40,53,84,130,72,28,132,71,94" hai3="121,117,76,34,114,112,10,87,85,29,92,60,103"/><T73/><D50/><U64/><E134/><V67/><F72/><W98/><G34/><T81/><D63/><U77/><E77/><V79/><F130/><W101/><G29/><T43/><D31/><U45/><E9/><V12/><F111/><W46/><G117/><T127/><D43/><U15/><E22/><V70/><F28/><W0/><G101/><T13/><D13/><U48/><REACH who="1" step="1"/><E96/><REACH who="1" ten="250,240,250,250" step="2"/><V38/><F132/><W120/><G98/><N who="0" m="61527" /><D2/><U23/><E23/><V55/><F79/><W78/><G10/><T33/><D33/><U26/><E26/><V107/><F12/><W36/><G0/><T135/><D135/><U24/><E24/><V16/><F70/><W52/><G120/><T27/><D27/><U39/><E39/><V35/><F71/><W80/><G121/><T95/><D123/><U41/><E41/><V8/><F40/><W113/><G36/><T11/><D11/><U61/><E61/><V83/><F38/><W100/><G60/><T97/><D5/><U47/><AGARI ba="0,1" hai="15,18,20,44,45,47,48,54,56,59,62,64,88,90" machi="47" ten="30,7900,0" yaku="1,1,0,1,8,1,54,1,53,0" doraHai="128" doraHaiUra="122" who="1" fromWho="1" sc="250,-39,240,89,250,-20,250,-20" /><INIT seed="1,0,0,0,2,28" ten="211,329,230,230" oya="1" hai0="75,103,14,21,135,39,71,35,120,95,56,63,17" hai1="112,55,43,10,114,92,16,128,72,132,60,88,24" hai2="87,99,106,26,25,13,50,59,69,82,54,33,37" hai3="85,90,131,31,22,15,9,70,86,47,30,7,83"/><U79/><E128/><V130/><F69/><W6/><G70/><T107/><D39/><U2/><E132/><V48/><F37/><W61/><G131/><T104/><D71/><U133/><E133/><V1/><F130/><W113/><G113/><T36/><D75/><U129/><E129/><V73/><F1/><W119/><G119/><T74/><D74/><U53/><E43/><V29/><F73/><W84/><G61/><T122/><D36/><U46/><E79/><V76/><F26/><W8/><G47/><T23/><D135/><U45/><E72/><V105/><F99/><W125/><G125/><T68/><D68/><U4/><E112/><V98/><F98/><W12/><G31/><T51/><D35/><U49/><E114/><V123/><F123/><W44/><G44/><T52/><D104/><U109/><E109/><V126/><F126/><W121/><G121/><T18/><D107/><U42/><E46/><V81/><F50/><W58/><G58/><T127/><D127/><U27/><E60/><V100/><F100/><W66/><G66/><T115/><D115/><U94/><E94/><V124/><F124/><W34/><G34/><T11/><D120/><U78/><E78/><V3/><F3/><W32/><G32/><T93/><D122/><U64/><E64/><V101/><F101/><W111/><G111/><T118/><D118/><U116/><E116/><V96/><F96/><W117/><G117/><T102/><D63/><U62/><E62/><V77/><F13/><W110/><G110/><T20/><D18/><U41/><E16/><V40/><F40/><RYUUKYOKU ba="0,0" sc="211,10,329,-30,230,10,230,10" hai0="11,14,17,20,21,23,51,52,56,93,95,102,103" hai2="25,29,33,48,54,59,76,77,81,82,87,105,106" hai3="6,7,8,9,12,15,22,30,83,84,85,86,90" /><INIT seed="2,1,0,0,3,113" ten="221,299,240,240" oya="2" hai0="41,12,104,106,125,32,97,44,22,48,67,53,129" hai1="17,60,87,114,95,75,117,77,39,121,88,1,38" hai2="81,134,36,47,108,92,85,102,123,18,130,71,124" hai3="109,45,90,86,82,25,98,84,27,55,112,58,91"/><V56/><F123/><W76/><G109/><T99/><D32/><U118/><E114/><V20/><F71/><W63/><G112/><T66/><D125/><U105/><E1/><V11/><F124/><W28/><G98/><N who="0" m="37387" /><D129/><U46/><E105/><V49/><F102/><W96/><G96/><T5/><D104/><U110/><E46/><V50/><F130/><W52/><G76/><T59/><D106/><U15/><E60/><V23/><F134/><W89/><G89/><T26/><D12/><U64/><E64/><N who="0" m="24617" /><D5/><U103/><E121/><V7/><F108/><W78/><G78/><T119/><D119/><U29/><E110/><V128/><F128/><W65/><G45/><T57/><D41/><U8/><E103/><V33/><F36/><W6/><G6/><T111/><D111/><U127/><E127/><V0/><F33/><W24/><REACH who="3" step="1"/><G28/><AGARI ba="1,0" hai="22,26,28,44,48,53,57,59" m="24617,37387" machi="28" ten="30,1000,0" yaku="8,1" doraHai="113" who="0" fromWho="3" sc="221,13,299,0,240,0,240,-13" /><INIT seed="3,0,0,4,0,14" ten="234,299,240,227" oya="3" hai0="23,127,7,63,95,50,80,96,39,77,16,86,115" hai1="27,135,109,34,36,40,72,49,119,62,121,10,106" hai2="41,98,48,79,17,26,125,21,112,56,38,74,46" hai3="88,65,70,85,43,19,25,57,67,113,129,52,120"/><W105/><G120/><T8/><D39/><U133/><E27/><V4/><F125/><W44/><G113/><T128/><D128/><U123/><E10/><V99/><F112/><W51/><G105/><T71/><D127/><U6/><E6/><V2/><F56/><W66/><G129/><T76/><D115/><U102/><E49/><V58/><F58/><W134/><G134/><T47/><D63/><U132/><E40/><V13/><F48/><N who="3" m="26655" /><G70/><T3/><D71/><U117/><E62/><V29/><F79/><W126/><G126/><T90/><D50/><U31/><E36/><V9/><REACH who="2" step="1"/><F74/><REACH who="2" ten="234,299,230,227" step="2"/><W131/><G131/><T61/><D61/><U30/><E72/><V92/><F92/><N who="3" m="54287" /><G67/><T1/><D47/><U75/><E75/><V114/><F114/><W15/><G25/><T116/><D116/><U82/><E119/><V20/><AGARI ba="0,1" hai="2,4,9,13,17,20,21,26,29,38,41,46,98,99" machi="20" ten="20,5200,0" yaku="1,1,0,1,7,1,52,1,53,0" doraHai="14" doraHaiUra="110" who="2" fromWho="2" sc="234,-13,299,-13,230,62,227,-26" /><INIT seed="4,0,0,1,0,108" ten="221,286,292,201" oya="0" hai0="56,20,5,31,40,58,33,91,21,90,49,93,116" hai1="101,12,102,28,112,62,2,118,45,115,126,110,92" hai2="82,120,109,1,103,104,10,117,72,86,73,24,69" hai3="125,66,71,85,67,96,55,46,57,54,39,100,99"/><T6/><D33/><U37/><E2/><V15/><F120/><W87/><G125/><T3/><D3/><U19/><E110/><V123/><F109/><W78/><G71/><T52/><D40/><U127/><E118/><V124/><F1/><W36/><G78/><T60/><D116/><U42/><E28/><V107/><F124/><N who="1" m="47657" /><E62/><V94/><F117/><W25/><G25/><N who="0" m="16807" /><D21/><U41/><E41/><V133/><F133/><W23/><G23/><T64/><D91/><U70/><E70/><V59/><F69/><W51/><G100/><N who="1" m="38506" /><E92/><V14/><F123/><W128/><G128/><T75/><D75/><U0/><E0/><V134/><F107/><W50/><G57/><T48/><D48/><U35/><E35/><V63/><F72/><W84/><REACH who="3" step="1"/><G85/><AGARI ba="0,0" hai="5,6,49,52,56,58,60,64,85,90,93" m="16807" machi="85" ten="30,2900,0" yaku="8,1,54,1" doraHai="108" who="0" fromWho="3" sc="221,29,286,0,292,0,201,-29" /><INIT seed="4,1,0,0,0,70" ten="250,286,292,172" oya="0" hai0="15,26,120,57,76,50,49,35,8,53,42,88,13" hai1="92,31,7,52,9,58,17,117,69,23,99,39,111" hai2="78,43,10,127,14,59,90,105,110,44,83,67,38" hai3="36,63,65,96,126,12,19,40,2,28,132,103,62"/><T48/><D120/><U131/><E111/><V11/><F110/><W64/><G2/><T112/><D112/><U91/><E69/><V80/><F105/><W46/><G28/><T82/><D26/><U113/><E131/><V0/><F127/><W129/><G126/><T37/><D35/><U95/><E117/><V1/><F67/><W68/><G129/><T41/><D37/><U33/><E113/><V122/><F122/><W61/><G132/><T4/><D15/><U115/><E115/><V79/><F90/><W45/><G45/><T100/><D100/><U130/><E39/><V128/><F128/><W20/><REACH who="3" step="1"/><G65/><REACH who="3" ten="250,286,292,162" step="2"/><T22/><D42/><U71/><E130/><V102/><F0/><W93/><AGARI ba="1,1" hai="12,19,20,36,40,46,61,62,63,64,68,93,96,103" machi="93" ten="20,12000,2" yaku="1,1,2,1,0,1,7,1,52,1,53,1" doraHai="70" doraHaiUra="66" who="3" fromWho="3" sc="250,-61,286,-31,292,-31,162,133" /><INIT seed="5,0,0,0,5,23" ten="189,255,261,295" oya="1" hai0="107,127,87,79,120,75,50,0,83,36,31,20,32" hai1="44,35,8,21,46,19,94,104,26,99,119,133,64" hai2="93,9,131,59,81,130,74,68,11,54,3,124,24" hai3="53,29,1,111,65,100,40,77,78,45,58,62,63"/><U90/><E119/><V10/><F68/><W89/><G1/><T72/><D120/><U113/><E113/><V60/><F124/><W28/><G111/><T82/><D127/><U5/><E133/><V105/><F105/><W135/><G100/><T25/><D36/><U126/><E126/><V118/><F118/><W18/><G135/><T134/><D134/><U67/><E35/><V70/><F70/><W85/><G18/><T55/><D0/><U6/><E104/><V51/><F93/><N who="3" m="54447" /><G63/><T7/><D107/><U97/><E97/><V122/><F122/><W102/><G102/><T121/><D7/><N who="1" m="2571" /><E8/><V88/><F74/><W71/><G71/><T12/><D121/><U15/><E15/><V66/><F3/><W103/><G103/><T13/><D32/><U16/><E19/><V57/><F24/><W128/><G128/><N who="2" m="49193" /><F81/><W14/><G14/><T114/><D114/><U95/><E95/><V112/><F112/><W56/><G56/><T47/><REACH who="0" step="1"/><D75/><REACH who="0" ten="179,255,261,295" step="2"/><U30/><E30/><N who="3" m="11882" /><G40/><T41/><D41/><U38/><E38/><V96/><F96/><W106/><G106/><T73/><D73/><U84/><E99/><V4/><F4/><W76/><G76/><AGARI ba="0,1" hai="12,13,20,25,31,47,50,55,72,76,79,82,83,87" machi="76" ten="30,3900,0" yaku="1,1,7,1,52,1,53,0" doraHai="23" doraHaiUra="129" who="0" fromWho="3" sc="179,49,255,0,261,0,295,-39" /><INIT seed="6,0,0,2,5,39" ten="228,255,261,256" oya="2" hai0="14,5,11,94,111,103,6,46,126,128,84,66,22" hai1="123,1,110,33,106,7,42,87,99,114,81,37,61" hai2="8,2,121,36,125,52,96,20,119,75,28,120,23" hai3="131,132,40,45,78,57,0,30,73,34,9,130,72"/><V70/><F119/><W117/><G117/><T98/><D111/><U63/><E110/><V69/><F75/><W55/><G132/><T64/><D126/><U92/><E33/><V68/><F36/><W59/><G59/><T17/><D128/><N who="3" m="49193" /><G78/><T10/><D84/><U83/><E106/><V32/><F96/><W60/><G30/><T112/><D112/><U102/><E123/><V27/><F125/><W118/><G34/><T41/><D11/><U135/><E135/><V101/><F101/><W21/><G21/><T77/><D77/><U48/><E37/><V127/><F127/><W58/><G58/><T129/><D129/><U124/><E124/><V100/><F100/><W113/><G113/><T115/><D115/><U90/><E114/><V97/><F97/><W15/><G0/><T80/><D80/><U53/><E81/><V108/><F108/><W91/><G91/><T13/><REACH who="0" step="1"/><D6/><REACH who="0" ten="218,255,261,256" step="2"/><U93/><E7/><V18/><F120/><W76/><G76/><T4/><D4/><U29/><E83/><V12/><F121/><W82/><G82/><T3/><D3/><U86/><E1/><V35/><F2/><W49/><G118/><T26/><D26/><U104/><E87/><V65/><F8/><W51/><G73/><T133/><D133/><U31/><E104/><V25/><F25/><W24/><G24/><T44/><D44/><N who="1" m="25623" /><E61/><N who="2" m="39983" /><F32/><W134/><G134/><T88/><D88/><U107/><E107/><V56/><F35/><W47/><G72/><T74/><D74/><U85/><E86/><V105/><F105/><W116/><G116/><T38/><AGARI ba="0,1" hai="5,10,13,14,17,22,38,41,46,64,66,94,98,103" machi="38" ten="20,12000,2" yaku="1,1,5,1,0,1,7,1,52,1,53,1" doraHai="39" doraHaiUra="16" who="0" fromWho="0" sc="218,130,255,-30,261,-60,256,-30" owari="348,44.0,225,-17.0,201,-30.0,226,3.0" /></mjloggm>