<mjloggm ver="2.3"><GO type="97" lobby="0"/><UN n0="%E3%82%B9%E3%82%B3%E3%83%83%E3%83%86%E3%82%A3%E3%81%95%E3%82%93" n1="%4F%55%54" n2="%E3%82%A6%E3%83%AB%E3%83%88%E3%83%A9%E7%AB%8B%E7%9B%B4" n3="%E6%9D%A5%E6%A0%96%E9%B3%A5" dan="14,13,15,15" rate="1924.82,1823.21,1988.46,2050.57" sx="M,M,M,M"/><TAIKYOKU oya="0"/><INIT seed="0,0,0,0,0,118" ten="250,250,250,250" oya="0" hai0="43,82,109,98,15,9,40,4,50,70,87,112,125" hai1="47,42,34,23,17,18,41,122,96,22,77,46,92" hai2="2,114,72,100,76,91,115,108,32,66,35,65,129" hai3="102,19,120,89,10,124,85,107,132,55,111,117,104"/><T39/><D112/><U48/><E122/><V63/><F2/><W7/><G117/><T5/><D125/><U88/><E34/><V0/><F0/><W97/><G111/><T52/><D109/><U79/><E18/><V60/><F108/><W135/><G120/><T127/><D127/><U51/><REACH who="1" step="1"/><E23/><REACH who="1" ten="250,240,250,250" step="2"/><V62/><F32/><W133/><G124/><T38/><D38/><U11/><E11/><V58/><F35/><W93/><G19/><T37/><D39/><U3/><E3/><V74/><F114/><W53/><G10/><T67/><D37/><U56/><E56/><V126/><F58/><W45/><G7/><T49/><D70/><U134/><E134/><V27/><F115/><W113/><G113/><T13/><D9/><U31/><E31/><V110/><F126/><W59/><G45/><T80/><D98/><U61/><E61/><V44/><F62/><W25/><G25/><AGARI ba="0,1" hai="17,22,25,41,42,46,47,48,51,77,79,88,92,96" machi="25" ten="30,12000,2" yaku="1,1,7,1,9,1,8,1,54,1,53,1" doraHai="118" doraHaiUra="21" who="1" fromWho="3" sc="250,0,240,130,250,0,250,-120" /><INIT seed="1,0,0,0,0,5" ten="250,370,250,130" oya="1" hai0="131,58,45,44,23,114,72,117,51,69,26,25,32" hai1="7,4,102,0,37,65,112,11,80,40,127,133,99" hai2="111,96,6,66,88,47,15,103,134,83,68,60,54" hai3="36,56,9,22,52,75,53,110,95,113,84,71,98"/><U35/><E35/><V92/><F134/><W33/><G75/><T59/><D69/><U120/><E120/><V14/><F111/><W132/><G113/><T74/><D117/><U106/><E133/><V61/><F6/><W100/><G132/><T13/><D114/><U128/><E112/><V43/><F54/><W118/><G33/><T70/><D70/><U105/><E105/><V101/><F61/><W19/><G36/><T2/><D2/><U12/><E128/><V126/><F126/><W39/><G118/><T8/><D131/><U1/><E127/><V16/><F83/><W29/><G39/><T89/><D32/><U122/><E122/><V62/><F62/><W38/><G71/><T108/><D108/><U34/><E65/><V93/><F93/><W77/><G38/><T116/><D116/><U20/><E34/><V109/><F109/><W73/><G110/><T78/><D89/><U85/><E7/><V90/><F90/><W107/><G73/><T121/><D121/><U130/><E130/><V18/><F47/><W3/><G107/><T97/><D97/><U28/><E37/><V50/><F50/><N who="3" m="30743" /><G3/><T87/><D74/><U104/><E40/><V125/><F43/><W91/><G77/><T10/><D72/><U42/><E42/><V67/><F67/><W123/><G123/><T94/><D45/><U41/><E41/><V17/><REACH who="2" step="1"/><F125/><REACH who="2" ten="250,370,240,130" step="2"/><W48/><G29/><T27/><D94/><U64/><E28/><V129/><F129/><W46/><G9/><T63/><D8/><U115/><E11/><V24/><F24/><N who="3" m="14431" /><G91/><T79/><D10/><RYUUKYOKU ba="0,1" sc="250,-15,370,-15,240,15,130,15" hai2="14,15,16,17,18,60,66,68,88,92,96,101,103" hai3="46,48,53,84,95,98,100" /><INIT seed="2,1,1,2,5,105" ten="235,355,255,145" oya="2" hai0="64,51,16,130,108,121,33,1,56,27,60,76,45" hai1="43,68,102,30,132,134,3,112,24,29,35,71,75" hai2="9,53,14,15,10,116,125,67,93,34,31,32,126" hai3="98,54,40,106,55,36,79,8,22,97,42,17,57"/><V117/><F93/><W131/><G106/><T78/><D121/><U96/><E112/><V18/><F53/><W4/><G131/><T92/><D130/><U11/><E75/><V81/><F81/><W90/><G54/><T99/><D108/><U84/><E30/><V89/><F89/><W104/><G104/><T87/><D1/><U113/><E113/><V101/><F67/><W85/><G79/><T65/><D65/><U86/><E43/><V37/><F37/><W20/><G20/><N who="0" m="13703" /><D33/><N who="2" m="12906" /><F31/><W26/><G36/><T69/><D69/><N who="1" m="26699" /><E3/><V50/><F50/><W21/><G21/><T114/><D114/><U28/><E28/><V25/><F25/><W5/><G5/><T23/><D23/><U72/><E72/><V107/><F107/><W120/><G120/><T52/><D87/><U49/><E102/><AGARI ba="1,1" hai="45,51,52,56,60,64,76,78,92,99,102" m="13703" machi="102" ten="30,3900,0" yaku="8,1,54,2" doraHai="105" who="0" fromWho="1" sc="235,52,355,-42,255,0,145,0" /><INIT seed="3,0,0,2,0,95" ten="287,313,255,145" oya="3" hai0="71,12,23,133,75,90,127,80,77,19,110,99,91" hai1="108,26,20,13,119,86,114,53,72,121,34,40,130" hai2="102,69,44,128,132,32,17,107,3,50,42,116,11" hai3="49,10,98,118,115,111,22,52,31,48,35,59,85"/><W122/><G122/><T47/><D133/><U5/><E34/><V16/><F116/><W60/><G118/><T2/><D2/><U131/><E114/><V123/><F69/><W135/><G115/><T84/><D127/><U37/><E119/><V78/><F32/><W97/><G135/><T70/><D110/><U21/><E121/><V9/><F123/><W76/><G35/><T74/><D74/><U1/><E72/><V18/><F132/><W93/><G111/><T67/><D75/><U120/><E120/><V79/><F128/><N who="1" m="49193" /><E108/><V15/><F3/><W36/><G36/><T4/><D4/><U117/><E117/><V25/><F25/><N who="3" m="16823" /><G10/><T33/><D33/><U41/><E1/><V54/><F107/><W126/><G126/><T61/><D47/><N who="1" m="23951" /><E41/><V7/><F11/><W101/><G101/><T104/><REACH who="0" step="1"/><D71/><REACH who="0" ten="277,313,255,145" step="2"/><U45/><E86/><V28/><F28/><W88/><G76/><T8/><D8/><N who="1" m="4239" /><E26/><V29/><F29/><W39/><G39/><T63/><D63/><U106/><E106/><V57/><REACH who="2" step="1"/><F102/><AGARI ba="0,1" hai="12,19,23,61,67,70,77,80,84,90,91,99,102,104" machi="102" ten="40,5200,0" yaku="1,1,52,1,53,1" doraHai="95" doraHaiUra="58" who="0" fromWho="2" sc="277,62,313,0,255,-52,145,0" owari="339,44.0,313,11.0,203,-20.0,145,-35.0" /></mjloggm>