<mjloggm ver="2.3"><GO type="97" lobby="0"/><UN n0="%E3%82%A6%E3%83%AB%E3%83%88%E3%83%A9%E7%AB%8B%E7%9B%B4" n1="%E3%81%9F%E3%82%8B%E3%81%BC%E3%81%8F%E3%82%93" n2="%E3%81%B2%E3%82%89%E3%80%82%E3%80%82%E3%80%82" n3="%E3%83%80%E3%83%B3%E3%83%87%E3%82%A3%E3%83%A9%E3%82%A4%E3%82%AA%E3%83%B3" dan="15,13,13,14" rate="2032.33,1837.40,1836.98,2034.02" sx="M,M,M,M"/><TAIKYOKU oya="0"/><INIT seed="0,0,0,1,2,125" ten="250,250,250,250" oya="0" hai0="83,50,38,12,21,102,126,4,89,58,2,133,114" hai1="34,55,46,43,6,24,101,135,33,44,116,29,115" hai2="67,108,78,110,26,7,9,131,39,51,94,97,45" hai3="66,31,107,75,25,105,98,8,32,48,19,22,47"/><T42/><D38/><U111/><E116/><V49/><F78/><W1/><G75/><T124/><D2/><U11/><E115/><V104/><F104/><W92/><G66/><T15/><D102/><U117/><E117/><V93/><F67/><W74/><G74/><T18/><D114/><U122/><E122/><V16/><F39/><W0/><G0/><T95/><D83/><U68/><E68/><V118/><F118/><W103/><G1/><T30/><D30/><U23/><E111/><N who="2" m="42539" /><F45/><W100/><G8/><T35/><D35/><U73/><E101/><N who="2" m="60591" /><F94/><W54/><REACH who="3" step="1"/><G103/><REACH who="3" ten="250,250,250,240" step="2"/><T40/><D126/><U120/><E73/><V134/><F134/><W87/><G87/><N who="0" m="52671" /><D124/><U5/><E135/><V123/><F123/><W64/><G64/><T86/><D86/><U20/><E11/><V53/><F53/><W82/><G82/><T13/><D133/><U109/><E55/><V85/><F85/><W27/><AGARI ba="0,1" hai="19,22,25,27,31,32,47,48,54,92,98,100,105,107" machi="27" ten="20,5200,0" yaku="1,1,0,1,7,1,53,1" doraHai="125" doraHaiUra="17" who="3" fromWho="3" sc="250,-26,250,-13,250,-13,240,62" /><INIT seed="1,0,0,2,0,65" ten="224,237,237,302" oya="1" hai0="29,86,6,120,112,28,128,52,50,79,5,114,40" hai1="11,75,47,88,129,87,53,10,39,106,45,21,111" hai2="109,20,80,38,61,119,91,33,117,92,97,3,134" hai3="101,25,94,122,118,121,125,46,64,58,62,110,95"/><U54/><E106/><V81/><F109/><W74/><G74/><T69/><D40/><U66/><E75/><V4/><F33/><W113/><G101/><T103/><D103/><U84/><E111/><V99/><F38/><W133/><G25/><T98/><D98/><U68/><E129/><V132/><F20/><W83/><G83/><N who="2" m="31817" /><F61/><W124/><G95/><T131/><D86/><N who="1" m="32811" /><E68/><V107/><F4/><W70/><G94/><T55/><D50/><N who="1" m="28879" /><E66/><V126/><F3/><W1/><G1/><T72/><D72/><U108/><E39/><V56/><F56/><W30/><G30/><T77/><D120/><U90/><E108/><V60/><F60/><N who="3" m="40199" /><G110/><T73/><D73/><U7/><E21/><V24/><F24/><W123/><G133/><N who="2" m="51305" /><F126/><N who="3" m="48747" /><G113/><T13/><D13/><N who="1" m="5343" /><E11/><V26/><F26/><W67/><G46/><T8/><D8/><U17/><E17/><V48/><F48/><AGARI ba="0,0" hai="47,48,54,88,90" m="5343,28879,32811" machi="48" ten="30,2900,0" yaku="8,1,54,1" doraHai="65" who="1" fromWho="2" sc="224,0,237,29,237,-29,302,0" /><INIT seed="1,1,0,4,3,30" ten="224,266,208,302" oya="1" hai0="31,82,90,63,13,117,16,43,38,52,68,48,77" hai1="49,95,98,29,101,87,0,32,114,108,89,106,55" hai2="73,85,75,9,27,88,123,19,57,100,8,70,33" hai3="6,102,69,111,131,126,5,60,71,23,65,105,96"/><U26/><E114/><V130/><F123/><W47/><G126/><T94/><D31/><U56/><E0/><V42/><F70/><W50/><G69/><T124/><D124/><U35/><E108/><V18/><F130/><W107/><G107/><T3/><D3/><U10/><E10/><V97/><F42/><W128/><G23/><AGARI ba="1,0" hai="23,26,29,32,35,49,55,56,87,89,95,98,101,106" machi="23" ten="30,5800,0" yaku="7,1,52,2" doraHai="30" who="1" fromWho="3" sc="224,0,266,61,208,0,302,-61" /><INIT seed="1,2,0,4,5,98" ten="224,327,208,241" oya="1" hai0="91,37,45,121,5,71,81,36,93,108,105,11,35" hai1="86,54,84,21,109,130,50,52,65,26,27,80,74" hai2="128,6,95,59,112,92,7,120,68,129,113,41,9" hai3="77,0,32,31,4,135,44,15,116,38,100,115,127"/><U40/><E130/><N who="2" m="50283" /><F68/><W20/><G77/><T24/><D91/><U55/><E109/><V42/><F59/><W94/><G115/><N who="2" m="44105" /><F9/><W30/><G32/><T29/><D93/><N who="2" m="35914" /><F120/><W96/><G0/><T79/><D108/><U22/><E65/><V10/><F10/><W106/><G38/><T17/><D17/><N who="1" m="12591" /><E74/><V49/><F49/><W53/><G44/><T1/><D121/><U63/><E80/><V134/><F134/><W73/><G53/><T118/><D71/><U131/><E63/><V133/><F133/><W119/><G135/><T61/><D61/><U48/><E131/><V47/><F47/><W2/><G31/><T46/><D46/><N who="1" m="25671" /><E50/><V60/><F60/><W102/><G30/><AGARI ba="2,0" hai="22,27,30,52,54,55,84,86" m="25671,12591" machi="30" ten="30,2900,0" yaku="8,1,54,1" doraHai="98" who="1" fromWho="3" sc="224,0,327,35,208,0,241,-35" /><INIT seed="1,3,0,1,3,37" ten="224,362,208,206" oya="1" hai0="32,107,69,64,110,88,27,28,15,10,23,105,133" hai1="7,21,63,55,113,54,86,24,60,13,114,112,79" hai2="99,65,119,70,30,6,66,40,106,132,3,53,26" hai3="43,46,101,120,38,35,34,77,44,48,81,128,51"/><U16/><E86/><V58/><F119/><W123/><G101/><T118/><D110/><U71/><E79/><V96/><F132/><W39/><G128/><T109/><D109/><U131/><E71/><V100/><F99/><W104/><G104/><T22/><D133/><U129/><E55/><V36/><F66/><W83/><REACH who="3" step="1"/><G77/><REACH who="3" ten="224,362,208,196" step="2"/><T111/><D107/><U19/><E131/><V14/><F14/><W92/><G92/><T117/><D105/><U135/><E129/><V134/><F134/><W125/><G125/><T5/><D111/><U126/><E135/><V76/><F76/><W9/><G9/><T108/><D108/><U57/><E126/><V41/><F3/><W59/><G59/><T4/><D118/><U45/><E45/><V61/><F6/><W31/><G31/><T127/><D127/><U2/><E112/><V84/><F84/><W33/><G33/><T90/><D117/><U52/><E2/><V50/><REACH who="2" step="1"/><F36/><REACH who="2" ten="224,362,198,196" step="2"/><W1/><G1/><T56/><D4/><U89/><E7/><V18/><F18/><W85/><G85/><T72/><D69/><U124/><E124/><V68/><F68/><W49/><G49/><T130/><D130/><U91/><E114/><V75/><F75/><W116/><G116/><T80/><D72/><U93/><E113/><V67/><F67/><W94/><G94/><T11/><D64/><U12/><E19/><V78/><F78/><W87/><G87/><T122/><D5/><U17/><E17/><V74/><F74/><W95/><G95/><T98/><D28/><U0/><E93/><V82/><F82/><RYUUKYOKU ba="3,2" sc="224,-15,362,-15,198,15,196,15" hai2="26,30,40,41,50,53,58,61,65,70,96,100,106" hai3="34,35,38,39,43,44,46,48,51,81,83,120,123" /><INIT seed="2,4,2,4,5,84" ten="209,347,213,211" oya="2" hai0="96,57,21,98,128,101,69,67,70,118,18,112,12" hai1="59,51,32,2,62,49,106,87,71,64,114,8,10" hai2="36,78,39,58,42,131,27,91,46,6,126,110,53" hai3="17,86,109,55,25,113,83,77,11,125,108,34,30"/><V26/><F126/><W40/><G113/><T75/><D75/><U119/><E114/><V41/><F131/><W74/><G40/><N who="2" m="15465" /><F78/><W73/><G55/><T100/><D112/><U5/><E32/><V99/><F6/><W122/><G122/><T79/><D79/><U47/><E119/><V115/><F115/><W82/><G125/><T85/><D128/><U61/><E106/><V50/><F99/><N who="0" m="37930" /><D69/><U127/><E10/><V92/><F110/><N who="3" m="42603" /><G83/><T72/><D70/><U116/><E116/><V31/><F31/><W132/><G132/><T124/><D72/><U102/><E127/><V19/><F19/><W65/><G65/><T88/><D118/><U9/><E102/><V97/><F39/><W68/><G68/><T133/><D133/><U48/><E9/><V107/><F107/><W7/><G17/><T95/><D124/><U23/><E87/><V4/><F36/><W16/><G16/><T111/><D111/><U1/><E23/><V29/><F4/><W135/><G135/><T104/><D104/><U103/><E2/><AGARI ba="4,2" hai="2,7,11,25,30,34,73,74,77,82,86" m="42603" machi="2" ten="30,1000,0" yaku="14,1" doraHai="84" who="3" fromWho="1" sc="209,0,347,-22,213,0,211,42" /><INIT seed="3,0,0,1,5,4" ten="209,325,213,253" oya="3" hai0="93,45,14,17,21,22,75,15,29,132,9,64,38" hai1="102,128,61,72,12,82,97,35,18,41,84,0,31" hai2="68,114,67,104,89,11,51,124,110,123,91,8,116" hai3="88,10,70,133,53,130,103,73,36,126,27,85,78"/><W134/><G70/><T122/><D75/><U95/><E72/><V57/><F114/><W111/><G36/><T127/><D122/><U125/><E125/><V107/><F116/><W25/><G103/><T83/><D127/><U131/><E0/><V42/><F123/><W26/><G126/><T54/><D132/><N who="3" m="50793" /><G130/><N who="1" m="49706" /><E61/><V23/><F124/><W65/><G65/><T74/><D64/><U115/><E41/><V56/><F110/><W60/><G111/><T47/><D38/><U49/><E49/><V44/><F23/><W135/><N who="3" m="50801" /><W129/><DORA hai="121" /><G129/><T77/><D54/><U118/><E118/><V28/><F28/><W119/><G119/><T63/><D63/><U55/><E31/><V3/><F3/><W19/><G78/><T94/><D29/><U33/><E55/><V50/><F68/><W96/><G96/><T7/><REACH who="0" step="1"/><D21/><REACH who="0" ten="199,325,213,253" step="2"/><N who="1" m="11463" /><E115/><V71/><F71/><W69/><G73/><T86/><D86/><U100/><E33/><V20/><F104/><W59/><G69/><T105/><D105/><U98/><E35/><V6/><F107/><W30/><G30/><T87/><D87/><U101/><E98/><V113/><F113/><W46/><G53/><T112/><D112/><U108/><E97/><V1/><F20/><W120/><G85/><T34/><D34/><U40/><E84/><V13/><F13/><W99/><G60/><T2/><D2/><U16/><E100/><V79/><F79/><W92/><G99/><T117/><D117/><U109/><E101/><V24/><F1/><W37/><G120/><T32/><D32/><U80/><E102/><RYUUKYOKU ba="0,1" sc="199,30,325,-10,213,-10,253,-10" hai0="7,9,14,15,17,22,45,47,74,77,83,93,94" owari="229,-17.0,325,43.0,203,-30.0,243,4.0" /></mjloggm>