<mjloggm ver="2.3"><GO type="41" lobby="0"/><UN n0="%E3%81%A9%E3%82%8A%E3%81%90%E3%82%89" n1="%61%6B%69%31%38%37%63%6D" n2="%E3%82%AD%E3%83%A8%E3%82%B7" n3="%E3%82%A6%E3%83%AB%E3%83%88%E3%83%A9%E7%AB%8B%E7%9B%B4" dan="13,13,13,16" rate="1817.33,1849.57,1853.10,2025.29" sx="M,M,M,M"/><TAIKYOKU oya="0"/><INIT seed="0,0,0,2,3,18" ten="250,250,250,250" oya="0" hai0="36,111,86,79,54,72,26,99,122,92,135,33,118" hai1="126,11,87,71,45,4,8,127,44,77,132,101,97" hai2="76,94,58,14,108,52,95,85,63,51,68,15,50" hai3="56,39,106,37,5,81,89,65,34,6,113,102,123"/><T133/><D36/><U88/><E71/><V60/><F108/><W23/><G34/><T112/><D122/><U21/><E21/><V80/><F63/><W78/><G113/><T17/><D118/><U32/><E32/><V43/><F68/><W109/><G109/><T115/><D111/><U29/><E29/><V83/><F83/><W119/><G119/><T1/><D1/><U61/><E61/><V59/><F51/><W117/><G117/><T104/><D104/><U114/><E77/><V19/><F15/><W2/><G6/><T3/><D3/><U75/><E75/><V74/><F74/><W35/><G35/><T125/><D72/><U90/><E132/><N who="0" m="50761" /><D125/><U82/><E90/><V128/><F128/><W16/><G39/><T9/><D33/><U47/><E114/><V73/><F73/><W121/><G37/><T55/><D86/><U48/><E48/><V28/><F28/><W103/><G121/><T30/><D79/><U67/><E67/><V38/><F38/><W129/><G123/><T41/><D41/><U116/><E4/><V0/><F0/><W96/><G129/><T24/><D115/><U120/><E120/><V110/><F110/><W40/><G40/><T124/><D124/><N who="1" m="47659" /><E116/><V53/><F43/><W13/><G78/><T10/><D112/><U12/><E12/><V20/><AGARI ba="0,0" hai="14,19,20,50,52,53,58,59,60,76,80,85,94,95" machi="20" ten="20,8000,1" yaku="0,1,7,1,8,1,52,1,54,1" doraHai="18" who="2" fromWho="2" sc="250,-40,250,-20,250,80,250,-20" /><INIT seed="1,0,0,2,0,79" ten="210,230,330,230" oya="1" hai0="12,4,82,47,14,129,48,44,23,96,49,29,132" hai1="103,65,28,101,125,53,127,68,39,87,91,18,81" hai2="45,55,3,120,104,77,46,92,111,7,126,40,116" hai3="17,6,21,5,66,26,33,83,94,51,72,114,35"/><U74/><E74/><V2/><F104/><W73/><G114/><T102/><D132/><U134/><E39/><V84/><F120/><W78/><G66/><T61/><D129/><U71/><E134/><V86/><F116/><W22/><G73/><T58/><D4/><U119/><E119/><V31/><F31/><W117/><G117/><T38/><D38/><U110/><E110/><V15/><F92/><W42/><G6/><T123/><D123/><U57/><E65/><V128/><F128/><W109/><G109/><T130/><D130/><U52/><E18/><V99/><F99/><W80/><G5/><T122/><D122/><U75/><E28/><V133/><F86/><W85/><G94/><N who="0" m="58647" /><D29/><U25/><E25/><V59/><F111/><W37/><G37/><T36/><D36/><U30/><E30/><V93/><F46/><N who="0" m="17450" /><D23/><U32/><E32/><V112/><F112/><W8/><G8/><T60/><D60/><U24/><E24/><V69/><F133/><W63/><G22/><T90/><D14/><U118/><E118/><V70/><F3/><W108/><G108/><T107/><D12/><U0/><E75/><V54/><F2/><W106/><G63/><T20/><D20/><U115/><E115/><V41/><F7/><W19/><G19/><T97/><D107/><U1/><E1/><V9/><F15/><W34/><G106/><T88/><D61/><U95/><E0/><V100/><F9/><W13/><G13/><T67/><D67/><U113/><E113/><V135/><F135/><W50/><G42/><T98/><D49/><N who="3" m="18441" /><G34/><T121/><D121/><RYUUKYOKU ba="0,0" sc="210,-10,230,-10,330,-10,230,30" hai3="17,21,26,33,35,72,78,80,83,85" /><INIT seed="2,1,0,5,1,86" ten="200,220,320,260" oya="2" hai0="33,95,88,58,5,87,118,35,79,4,93,103,48" hai1="70,46,81,27,53,65,106,107,73,26,128,78,37" hai2="31,49,20,117,22,1,71,92,121,126,64,113,3" hai3="25,123,105,133,101,62,77,114,30,40,13,50,124"/><V12/><F121/><W68/><G123/><T97/><D118/><U60/><E128/><V134/><F117/><W85/><G124/><T132/><D132/><U129/><E129/><V6/><F134/><W45/><G133/><T29/><D35/><U41/><E53/><V23/><F71/><W19/><G114/><T135/><D135/><U57/><E57/><V54/><F64/><W67/><G77/><T66/><D79/><U110/><E27/><V18/><F126/><W7/><G7/><T108/><D108/><U122/><E122/><V17/><F113/><W21/><G85/><T100/><D100/><U84/><E84/><V111/><F111/><W0/><G0/><T119/><D119/><U55/><E55/><V90/><F31/><W36/><G101/><T74/><D74/><U42/><E42/><V112/><F112/><W115/><G105/><T76/><D76/><U99/><E99/><V80/><F80/><W2/><G2/><T32/><D32/><U127/><E127/><V109/><F109/><W63/><G63/><N who="0" m="38263" /><D48/><U14/><E14/><V116/><F116/><W102/><G102/><T15/><D33/><U44/><E44/><N who="2" m="27943" /><F1/><W34/><REACH who="3" step="1"/><G115/><REACH who="3" ten="200,220,320,250" step="2"/><T61/><D61/><U43/><E110/><V72/><F3/><W9/><G9/><N who="0" m="4519" /><D5/><U120/><E107/><V69/><F72/><W28/><G28/><AGARI ba="1,1" hai="28,29,87,88,93,95,97,103" m="4519,38263" machi="28" ten="30,3900,0" yaku="8,1,52,1,54,1" doraHai="86" who="0" fromWho="3" sc="200,52,220,0,320,0,250,-42" /><INIT seed="3,0,0,0,0,25" ten="252,220,320,208" oya="3" hai0="118,100,131,80,69,57,10,15,45,102,95,130,34" hai1="75,4,105,61,73,109,91,115,21,19,86,27,82" hai2="13,107,85,38,126,99,135,83,74,54,133,96,44" hai3="63,93,33,42,14,8,5,68,46,9,127,79,90"/><W41/><G33/><T39/><D69/><U101/><E115/><V31/><F126/><W72/><G127/><T40/><D118/><U59/><E109/><V123/><F74/><W124/><G124/><T62/><D80/><U47/><E101/><V81/><F123/><W112/><G112/><T43/><D43/><U60/><E105/><V26/><F13/><W84/><G72/><T89/><D34/><U121/><E121/><V125/><F125/><W64/><G79/><T49/><D39/><U119/><E119/><V48/><F38/><W98/><G46/><T30/><D102/><U53/><E4/><V94/><F107/><W12/><REACH who="3" step="1"/><G98/><REACH who="3" ten="252,220,320,198" step="2"/><T0/><D0/><U71/><REACH who="1" step="1"/><E47/><REACH who="1" ten="252,210,320,198" step="2"/><V77/><F135/><W106/><G106/><T116/><D116/><U88/><E88/><N who="2" m="55367" /><F133/><W76/><G76/><T23/><D100/><U114/><E114/><V50/><F99/><W24/><G24/><N who="0" m="16671" /><D89/><U6/><E6/><AGARI ba="0,2" hai="5,6,8,9,12,14,41,42,63,64,68,84,90,93" machi="6" ten="30,5800,0" yaku="1,1,7,1,9,1,53,0" doraHai="25" doraHaiUra="18" who="3" fromWho="1" sc="252,0,210,-58,320,0,198,78" /><INIT seed="3,1,0,3,3,29" ten="252,152,320,276" oya="3" hai0="30,73,76,62,77,60,88,38,71,8,124,94,46" hai1="78,54,74,68,98,61,32,107,100,134,108,42,125" hai2="6,96,133,127,57,25,53,36,23,119,52,129,110" hai3="3,128,75,39,122,79,102,2,48,80,14,104,24"/><W33/><G14/><T91/><D124/><U70/><E54/><V31/><F119/><W82/><G48/><T16/><D30/><U99/><E99/><V9/><F36/><W117/><G117/><T130/><D130/><U67/><E125/><V87/><F129/><W17/><G17/><T121/><D121/><U105/><E42/><V95/><F110/><W26/><G26/><T49/><D38/><U1/><E134/><V66/><F133/><W81/><G81/><T34/><D34/><U106/><E70/><V11/><F87/><W63/><G128/><T18/><D73/><U69/><E69/><V131/><F131/><W4/><G82/><T20/><D8/><N who="2" m="3146" /><F6/><W5/><G5/><T65/><D18/><U13/><E13/><V40/><F40/><W64/><G4/><T58/><D91/><U21/><E21/><V28/><F28/><N who="3" m="19591" /><G39/><T103/><D103/><U113/><E1/><V35/><F35/><W7/><G7/><T84/><D62/><U45/><E45/><V115/><F115/><W93/><G93/><T15/><REACH who="0" step="1"/><D71/><REACH who="0" ten="242,152,320,276" step="2"/><U111/><E113/><V37/><F37/><W10/><G122/><T0/><D0/><U72/><E72/><V120/><F120/><W112/><G10/><T97/><D97/><U12/><E32/><V41/><F127/><W135/><G135/><T83/><D83/><N who="1" m="45527" /><E12/><V101/><F41/><AGARI ba="1,1" hai="15,16,20,41,46,49,58,60,65,76,77,84,88,94" machi="41" ten="30,8000,1" yaku="1,1,7,1,8,1,54,2,53,0" doraHai="29" doraHaiUra="114" who="0" fromWho="2" sc="242,93,152,0,320,-83,276,0" /><INIT seed="4,0,0,0,3,86" ten="335,152,237,276" oya="0" hai0="112,105,129,101,100,49,120,84,15,88,24,90,127" hai1="14,12,67,40,131,1,104,72,46,35,119,28,27" hai2="123,58,25,68,80,7,85,55,108,125,43,48,76" hai3="97,18,117,26,115,99,10,29,95,42,75,82,8"/><T3/><D3/><U31/><E119/><V71/><F123/><W133/><G117/><T135/><D120/><U73/><E131/><V87/><F125/><W134/><G42/><T126/><D112/><U11/><E14/><V0/><F108/><W30/><G115/><T110/><D129/><U36/><E12/><V70/><F7/><W77/><G97/><N who="0" m="61583" /><D101/><U50/><E50/><V83/><F0/><W124/><G124/><N who="0" m="47659" /><D24/><U106/><E31/><V6/><F6/><W111/><G111/><T66/><D110/><U79/><E67/><V57/><F25/><W130/><G130/><T81/><D66/><U62/><E62/><V122/><F122/><W16/><G29/><T51/><D15/><U132/><E132/><N who="3" m="50794" /><G8/><T91/><D135/><U53/><E53/><V21/><F21/><N who="3" m="15695" /><G10/><T103/><D103/><AGARI ba="0,0" hai="16,18,75,77,82,95,99,103" m="15695,50794" machi="103" ten="30,2000,0" yaku="20,1,54,1" doraHai="86" who="3" fromWho="0" sc="335,-20,152,0,237,0,276,20" /><INIT seed="5,0,0,4,1,78" ten="315,152,237,296" oya="1" hai0="76,9,100,31,122,61,35,64,94,109,32,66,72" hai1="101,123,84,89,121,27,126,2,68,96,77,25,87" hai2="22,114,119,134,128,133,52,113,11,60,0,112,110" hai3="93,20,63,13,131,57,97,40,132,43,92,45,102"/><U83/><E68/><V65/><F65/><W73/><G73/><T79/><D109/><U107/><E2/><V69/><F119/><W81/><G131/><T99/><D66/><U124/><E27/><V74/><F74/><W10/><G132/><T15/><D122/><U6/><E6/><V125/><F69/><W116/><G116/><T14/><D14/><U41/><E41/><V103/><F103/><W55/><G20/><T18/><D35/><U88/><E25/><V58/><F110/><W95/><G81/><T16/><D18/><U4/><E4/><N who="2" m="1415" /><F125/><N who="1" m="48233" /><E77/><V24/><F128/><W17/><REACH who="3" step="1"/><G43/><REACH who="3" ten="315,152,237,286" step="2"/><T62/><D72/><U37/><E37/><AGARI ba="0,1" hai="10,13,17,37,40,45,55,57,63,92,93,95,97,102" machi="37" ten="30,7700,0" yaku="1,1,2,1,7,1,53,1" doraHai="78" doraHaiUra="98" who="3" fromWho="1" sc="315,0,152,-77,237,0,286,87" /><INIT seed="6,0,0,5,0,101" ten="315,75,237,373" oya="2" hai0="53,100,38,96,62,12,39,16,31,56,82,59,103" hai1="41,123,130,131,85,23,14,77,37,52,107,73,58" hai2="29,15,97,42,27,122,21,6,76,51,64,17,49" hai3="78,108,93,95,57,3,5,35,11,80,18,55,104"/><V69/><F122/><W120/><G120/><T117/><D103/><U94/><E94/><V79/><F69/><W106/><G35/><T36/><D31/><U20/><E85/><V68/><F68/><W7/><G108/><T65/><D82/><N who="1" m="45359" /><E14/><V124/><F124/><W83/><G18/><T121/><D121/><U86/><E86/><V115/><F115/><W114/><G114/><T81/><D81/><U133/><E133/><V113/><F113/><W90/><G7/><T9/><D117/><U25/><E23/><V74/><F74/><W43/><G43/><T118/><D118/><U34/><E34/><V63/><F97/><W0/><G78/><N who="2" m="29737" /><F42/><W91/><G11/><T33/><D33/><U46/><E20/><N who="2" m="15591" /><F6/><W2/><G5/><T109/><D109/><U132/><E25/><V89/><F64/><W47/><G3/><T67/><REACH who="0" step="1"/><D59/><REACH who="0" ten="305,75,237,373" step="2"/><U128/><E132/><V4/><F4/><W45/><G55/><T98/><D98/><U10/><E123/><V99/><F63/><W32/><G32/><T50/><D50/><N who="1" m="30999" /><E10/><V24/><F24/><W126/><G126/><T111/><D111/><U75/><E75/><V71/><F71/><W135/><G135/><T87/><D87/><U102/><E102/><V88/><F99/><W8/><G8/><T129/><D129/><N who="1" m="33027" /><U127/><DORA hai="19" /><E127/><V110/><F110/><W30/><G30/><T119/><D119/><U92/><E92/><AGARI ba="0,1" hai="9,12,16,36,38,39,53,56,62,65,67,92,96,100" machi="92" ten="40,8000,1" yaku="1,1,54,1,53,2" doraHai="101,19" doraHaiUra="60,125" who="0" fromWho="1" sc="305,90,75,-80,237,0,373,0" owari="395,50.0,-5,-51.0,237,-16.0,373,17.0" /></mjloggm>