<mjloggm ver="2.3"><GO type="41" lobby="0"/><UN n0="%63%79%6F%6E%70%69" n1="%E3%83%AA%E3%82%B9%E3%83%83%E3%83%81" n2="%E3%82%AF%E3%83%BC%E3%83%87%E3%83%AA%E3%82%A2" n3="%E3%82%A6%E3%83%AB%E3%83%88%E3%83%A9%E7%AB%8B%E7%9B%B4" dan="13,15,14,16" rate="1859.32,2001.83,1991.17,2048.73" sx="M,F,F,M"/><TAIKYOKU oya="0"/><INIT seed="0,0,0,1,2,43" ten="250,250,250,250" oya="0" hai0="86,121,93,4,72,133,24,94,106,81,119,110,30" hai1="53,32,56,123,41,108,78,70,7,29,37,65,98" hai2="67,132,25,73,120,34,128,38,90,124,63,36,111" hai3="6,60,104,19,27,114,14,107,51,31,11,64,96"/><T79/><D119/><U12/><E78/><V9/><F90/><W42/><G114/><T44/><D106/><U130/><E108/><V109/><F9/><W122/><G122/><T101/><D121/><U87/><E87/><V20/><F120/><W61/><G61/><T47/><D133/><U71/><E29/><N who="2" m="19759" /><F20/><W17/><G107/><T28/><D4/><U33/><E130/><V23/><F23/><W75/><G75/><T74/><D74/><U100/><E12/><V117/><F132/><W69/><G51/><T102/><D72/><U5/><E7/><V59/><F128/><W118/><G42/><T116/><D24/><U134/><E5/><V22/><F22/><W1/><G14/><T68/><D68/><U115/><E70/><N who="2" m="42367" /><F117/><W113/><G113/><T76/><D76/><U55/><E71/><V57/><F73/><W77/><G77/><T15/><D15/><U54/><E32/><V35/><F35/><W125/><G125/><T40/><D110/><N who="2" m="41994" /><F124/><W127/><G127/><T95/><D116/><U97/><E33/><V89/><F89/><W103/><G118/><T18/><D18/><U52/><E115/><V48/><F59/><W129/><G129/><T99/><D40/><U112/><E112/><V84/><F84/><W82/><G82/><T131/><D131/><U8/><E8/><V10/><F10/><W39/><G31/><N who="0" m="11819" /><D99/><U80/><E97/><V85/><F85/><W91/><G27/><T105/><D105/><N who="1" m="63639" /><E123/><V62/><F62/><W88/><REACH who="3" step="1"/><G39/><REACH who="3" ten="250,250,250,240" step="2"/><T46/><AGARI ba="0,1" hai="44,46,47,79,81,86,93,94,95,101,102" m="11819" machi="46" ten="40,12000,1" yaku="8,1,52,3" doraHai="43" who="0" fromWho="0" sc="250,130,250,-40,250,-40,240,-40" /><INIT seed="0,1,0,3,2,65" ten="380,210,210,200" oya="0" hai0="49,127,98,96,108,111,91,134,52,23,122,0,128" hai1="101,77,71,131,46,39,6,104,124,100,16,97,81" hai2="74,26,50,9,86,13,132,84,69,63,12,62,110" hai3="29,93,8,33,80,10,75,40,20,73,25,135,88"/><T112/><D0/><U37/><E6/><V32/><F74/><W133/><G40/><T5/><D5/><U83/><E131/><V107/><F107/><W3/><G33/><T59/><D112/><U76/><E101/><V64/><F110/><N who="0" m="42026" /><D122/><U15/><E71/><V7/><F132/><W70/><G70/><T79/><D79/><U24/><E24/><V103/><F103/><W121/><G121/><T43/><D128/><U55/><E81/><V113/><F113/><W123/><G123/><T85/><D127/><U19/><E19/><V2/><F63/><W48/><G48/><T126/><D126/><U72/><E77/><V82/><F50/><W90/><G75/><T125/><D43/><U105/><E105/><V56/><F56/><W117/><G117/><T115/><D115/><U38/><E55/><V120/><F86/><W35/><G3/><T67/><D67/><U109/><E109/><V68/><F68/><W95/><G35/><T57/><D57/><U11/><REACH who="1" step="1"/><E124/><REACH who="1" ten="380,200,210,200" step="2"/><V21/><F120/><W47/><G73/><T102/><D125/><U4/><E4/><V119/><F119/><W17/><G133/><T22/><D134/><U28/><E28/><V99/><F32/><W36/><G135/><T129/><D129/><U106/><E106/><V116/><F116/><W78/><G29/><T66/><D102/><U87/><E87/><V118/><F118/><W44/><G78/><T34/><D34/><U42/><AGARI ba="1,1" hai="11,15,16,37,38,39,42,46,72,76,83,97,100,104" machi="42" ten="30,4000,0" yaku="1,1,0,1,54,1,53,0" doraHai="65" doraHaiUra="60" who="1" fromWho="1" sc="380,-21,200,53,210,-11,200,-11" /><INIT seed="1,0,0,3,5,7" ten="359,253,199,189" oya="1" hai0="54,0,89,22,29,110,107,113,79,69,117,74,80" hai1="40,103,123,42,119,62,2,49,86,4,33,126,98" hai2="56,45,72,96,114,13,91,52,26,131,24,81,134" hai3="28,87,109,36,30,46,101,94,88,3,50,85,25"/><U51/><E33/><V37/><F134/><W76/><G36/><T10/><D107/><U116/><E123/><V11/><F131/><W59/><G3/><T5/><D117/><U122/><E122/><V66/><F114/><W17/><G109/><T57/><D113/><U67/><E126/><V65/><F72/><W75/><G75/><T83/><D69/><U16/><E86/><N who="2" m="50639" /><F37/><W95/><G59/><T15/><D110/><U32/><E32/><V38/><F38/><W105/><G105/><T100/><D100/><U73/><E73/><V130/><F96/><W125/><G125/><T48/><D83/><U112/><E112/><V1/><F1/><W106/><G106/><T35/><D89/><U31/><E31/><V84/><F84/><W102/><G76/><T23/><D0/><U93/><E4/><N who="2" m="3303" /><F130/><W53/><G17/><T34/><D23/><U120/><E2/><V92/><F92/><W124/><G124/><T27/><AGARI ba="0,0" hai="5,10,15,22,27,29,34,35,48,54,57,74,79,80" machi="27" ten="30,2000,0" yaku="0,1,52,1" doraHai="7" who="0" fromWho="0" sc="359,20,253,-10,199,-5,189,-5" /><INIT seed="2,0,0,2,0,92" ten="379,243,194,184" oya="2" hai0="102,60,109,9,84,67,26,38,8,2,128,80,11" hai1="113,103,48,96,14,65,7,117,83,131,74,39,18" hai2="49,34,85,66,112,50,24,53,93,19,121,123,51" hai3="132,55,16,63,81,28,129,21,27,58,106,23,86"/><V89/><F112/><W44/><G106/><T69/><D38/><U133/><E39/><V45/><F66/><W43/><G129/><T56/><D128/><U101/><E131/><V33/><F19/><W91/><G132/><T82/><D82/><U100/><E133/><V124/><F124/><W95/><G81/><T0/><D109/><U110/><E110/><V116/><F116/><W79/><G79/><T76/><D26/><U59/><E7/><V71/><F71/><W75/><G75/><T32/><D32/><U31/><E31/><V68/><F68/><W97/><G86/><T108/><D108/><U134/><E113/><V54/><F51/><W104/><G104/><T10/><N who="0" m="2560" /><DORA hai="1" /><T94/><D69/><U30/><E30/><V107/><F107/><W135/><G135/><T115/><D115/><U114/><E117/><V22/><F34/><W87/><G87/><T12/><D12/><U17/><E74/><V25/><F33/><W99/><G99/><T130/><D130/><U61/><E83/><V118/><F118/><W122/><G122/><T98/><AGARI ba="0,0" hai="0,2,56,60,67,76,80,84,94,98,102" m="2560" machi="98" ten="40,2700,0" yaku="0,1,52,1" doraHai="92,1" who="0" fromWho="0" sc="379,27,243,-7,194,-13,184,-7" /><INIT seed="3,0,0,1,4,97" ten="406,236,181,177" oya="3" hai0="61,88,69,111,95,117,16,5,87,9,30,99,81" hai1="47,76,72,120,48,17,77,53,71,112,36,8,15" hai2="11,89,73,25,13,62,85,63,128,1,28,43,115" hai3="126,91,21,113,102,49,12,106,24,44,116,107,51"/><W93/><G116/><T65/><D117/><U58/><E71/><V133/><F73/><W92/><G113/><T86/><D111/><U19/><E112/><V6/><F115/><W114/><G114/><T121/><D30/><U104/><E104/><V38/><F133/><W23/><G126/><T132/><D121/><U94/><E72/><V90/><F128/><W79/><G79/><T78/><D132/><U55/><E36/><V122/><F122/><W105/><G12/><T3/><D16/><U42/><E120/><V123/><F123/><W68/><G68/><T101/><REACH who="0" step="1"/><D86/><REACH who="0" ten="396,236,181,177" step="2"/><U56/><E19/><V64/><F85/><W14/><G105/><T33/><D33/><U109/><E109/><V46/><F28/><W131/><G106/><T60/><D60/><U2/><E17/><V108/><F63/><W103/><G107/><T39/><D39/><U80/><E48/><V70/><F108/><W29/><G131/><T83/><D83/><U50/><E80/><V135/><F135/><W40/><G51/><T45/><D45/><U26/><E47/><V31/><F13/><W22/><G92/><T54/><D54/><U32/><E15/><V52/><F52/><W66/><G66/><T82/><D82/><U41/><E94/><V125/><F125/><W20/><G14/><T134/><D134/><U37/><E55/><V74/><F74/><W59/><G59/><T110/><D110/><U127/><E56/><V75/><F75/><W7/><G7/><T118/><D118/><U0/><E127/><V4/><F6/><W35/><N who="3" m="5632" /><DORA hai="67" /><W57/><G57/><RYUUKYOKU ba="0,1" sc="396,10,236,-30,181,10,177,10" hai0="3,5,9,61,65,69,78,81,87,88,95,99,101" hai2="1,4,11,25,31,38,43,46,62,64,70,89,90" hai3="24,29,35,40,44,49,91,93,102,103" /><INIT seed="3,1,1,5,5,58" ten="406,206,191,187" oya="3" hai0="94,95,30,119,26,29,20,36,123,93,131,125,15" hai1="118,71,2,68,57,105,112,97,101,92,41,99,91" hai2="1,39,132,66,89,78,38,18,51,60,17,106,25" hai3="6,31,127,75,27,133,76,19,90,82,46,79,135"/><W16/><G79/><T126/><D36/><U8/><E112/><V83/><F1/><W130/><G127/><N who="0" m="48651" /><D119/><U48/><E118/><V10/><F106/><W134/><G130/><T61/><D123/><U7/><E41/><V113/><F113/><W42/><G90/><T96/><D131/><U111/><E111/><V85/><F132/><W13/><G13/><T121/><D30/><U34/><E34/><V11/><F51/><W98/><G98/><T129/><D129/><U54/><AGARI ba="1,1" hai="2,7,8,48,54,57,68,71,91,92,97,99,101,105" machi="54" ten="30,1100,0" yaku="0,1" doraHai="58" who="1" fromWho="1" sc="406,-4,206,24,191,-4,187,-6" /><INIT seed="4,0,0,1,0,26" ten="402,230,187,181" oya="0" hai0="91,119,117,115,23,78,89,67,42,51,30,70,28" hai1="13,50,5,93,85,86,53,81,24,46,135,35,38" hai2="87,88,47,80,15,54,112,72,125,12,134,27,129" hai3="110,69,22,104,123,92,18,52,101,83,76,95,131"/><T120/><D115/><U10/><E38/><V45/><F112/><W56/><G69/><T7/><D120/><U133/><E35/><V109/><F109/><W60/><G110/><T57/><D70/><U21/><E93/><V14/><F72/><W44/><G123/><T49/><D7/><U103/><E103/><V4/><F134/><W118/><G118/><T64/><D23/><U3/><E3/><V124/><F129/><W71/><G131/><T127/><D78/><U55/><E55/><V98/><F4/><W0/><G0/><T84/><D42/><U16/><REACH who="1" step="1"/><E85/><REACH who="1" ten="402,220,187,181" step="2"/><V43/><F54/><W9/><G101/><T122/><D84/><U99/><E99/><V61/><F98/><W126/><G104/><T96/><D96/><U94/><E94/><V62/><F125/><W114/><G126/><T65/><D122/><U17/><E17/><V90/><F124/><W29/><G114/><T105/><D105/><U48/><E48/><N who="0" m="18505" /><D57/><U68/><E68/><V11/><F87/><N who="3" m="48615" /><G71/><T121/><D121/><U32/><E32/><V111/><F111/><W58/><G58/><T102/><D102/><U74/><E74/><V8/><F80/><W2/><G2/><T79/><D127/><U41/><E41/><V34/><F43/><W132/><G132/><T73/><D73/><U40/><E40/><V116/><F34/><W59/><G59/><T20/><D20/><U97/><E97/><V37/><F37/><W63/><G95/><T108/><D108/><U1/><E1/><V33/><F33/><W107/><G92/><T130/><D130/><U19/><E19/><RYUUKYOKU ba="0,1" sc="402,-10,220,30,187,-10,181,-10" hai1="5,10,13,16,21,24,46,50,53,81,86,133,135" /><INIT seed="5,1,1,0,2,112" ten="392,250,177,171" oya="1" hai0="83,124,43,104,110,41,80,54,28,106,130,98,66" hai1="45,30,19,65,114,115,58,123,79,105,73,44,76" hai2="93,91,15,21,113,37,87,75,118,8,34,6,86" hai3="29,4,7,35,61,101,108,20,109,68,25,0,131"/><U90/><E105/><V96/><F75/><W81/><G81/><T107/><D110/><U33/><E123/><V88/><F34/><W89/><G89/><T32/><D28/><U14/><E30/><V70/><F70/><W16/><G101/><T71/><D32/><U48/><E33/><V26/><F113/><N who="1" m="43017" /><E90/><V122/><F122/><W134/><G61/><T11/><D98/><U62/><E73/><V116/><F37/><W42/><G68/><T46/><D11/><N who="1" m="6623" /><E44/><V135/><F135/><W95/><G42/><AGARI ba="1,1" hai="42,45,48,58,62,65,76,79" m="6623,43017" machi="42" ten="30,1500,0" yaku="15,1" doraHai="112" who="1" fromWho="3" sc="392,0,250,28,177,0,171,-18" /><INIT seed="5,2,0,2,4,46" ten="392,278,177,153" oya="1" hai0="75,6,118,102,18,71,7,116,37,62,125,23,9" hai1="54,58,103,128,1,131,130,129,133,79,89,96,52" hai2="73,117,16,35,114,51,2,29,61,77,98,25,42" hai3="107,135,38,43,20,33,56,113,60,36,19,41,109"/><U108/><E1/><V0/><F117/><W14/><G33/><T3/><D75/><U120/><E120/><V32/><F32/><W4/><G107/><T70/><D37/><U85/><E133/><V11/><F61/><W28/><G135/><T39/><D39/><U83/><E108/><V53/><F42/><W87/><G109/><T101/><D7/><U124/><E124/><V50/><F98/><W82/><G113/><T57/><D125/><U95/><E128/><V24/><F114/><W132/><G132/><T86/><D101/><U94/><REACH who="1" step="1"/><E58/><REACH who="1" ten="392,268,177,153" step="2"/><V104/><F0/><W67/><G38/><T122/><D122/><U13/><E13/><V105/><F2/><W5/><G36/><T47/><D116/><U40/><E40/><V15/><F15/><W90/><G28/><T10/><D118/><U93/><E93/><V127/><F29/><W26/><G41/><T99/><D70/><U34/><E34/><V8/><F35/><W55/><G43/><T91/><D71/><U74/><AGARI ba="2,1" hai="52,54,74,79,83,85,89,94,95,96,103,129,130,131" machi="74" ten="30,12000,1" yaku="1,1,0,1,19,1,54,1,53,1" doraHai="46" doraHaiUra="84" who="1" fromWho="1" sc="392,-42,268,136,177,-42,153,-42" /><INIT seed="5,3,0,5,5,114" ten="350,404,135,111" oya="1" hai0="0,113,99,68,100,111,16,90,89,78,59,43,57" hai1="54,15,121,13,123,23,67,86,133,38,104,20,40" hai2="106,107,105,11,130,92,66,110,58,70,65,118,21" hai3="119,48,81,46,24,124,5,117,14,45,93,34,128"/><U125/><E104/><V26/><F110/><W8/><G124/><T122/><D68/><U28/><E125/><V129/><F70/><W135/><G128/><N who="2" m="49257" /><F11/><W53/><G135/><T37/><D0/><U96/><E67/><N who="2" m="25611" /><F58/><W12/><G81/><T2/><D111/><U109/><E109/><V95/><F118/><N who="3" m="45067" /><G93/><N who="2" m="35913" /><F21/><W4/><G45/><T76/><D2/><U115/><E23/><V17/><F17/><N who="3" m="8327" /><G14/><T63/><D37/><U75/><E13/><V116/><F116/><W3/><G3/><T61/><D43/><U7/><E38/><V88/><F88/><W83/><G83/><T47/><D47/><U134/><E40/><V9/><F9/><W73/><G73/><T32/><D32/><U120/><E75/><V79/><F79/><W30/><AGARI ba="3,0" hai="4,5,24,30,34,46,48,53" m="8327,45067" machi="30" ten="30,7900,0" yaku="12,1,52,3" doraHai="114" who="3" fromWho="3" sc="350,-23,404,-42,135,-23,111,88" /><INIT seed="6,0,0,3,3,114" ten="327,362,112,199" oya="2" hai0="28,50,1,135,89,128,127,102,4,3,99,121,37" hai1="18,44,66,96,57,14,59,75,21,5,72,84,32" hai2="40,12,17,46,55,116,68,38,26,19,10,54,130" hai3="31,101,94,92,35,13,93,95,109,22,42,9,36"/><V51/><F130/><W11/><G35/><T103/><D37/><U86/><E32/><V78/><F68/><W90/><G109/><T77/><D121/><U8/><E75/><V76/><F55/><W61/><G42/><T131/><D77/><U73/><E72/><V48/><F38/><W52/><G36/><T106/><D28/><U15/><E73/><V67/><F67/><W62/><G101/><T105/><D4/><U133/><E133/><V20/><REACH who="2" step="1"/><F116/><REACH who="2" ten="327,362,102,199" step="2"/><W126/><G52/><T70/><D70/><U64/><E66/><V69/><F69/><W24/><G126/><T100/><D127/><U123/><E64/><V120/><F120/><W34/><G61/><T25/><D135/><U23/><E123/><V2/><F2/><W113/><G62/><T47/><D3/><U30/><E59/><AGARI ba="0,1" hai="10,12,17,19,20,26,40,46,48,51,54,59,76,78" machi="59" ten="30,5800,0" yaku="1,1,7,1,8,1,53,0" doraHai="114" doraHaiUra="122" who="2" fromWho="1" sc="327,0,362,-58,102,68,199,0" /><INIT seed="6,1,0,2,2,129" ten="327,304,170,199" oya="2" hai0="59,105,4,19,44,87,1,66,81,8,113,64,132" hai1="78,26,5,53,58,84,120,91,27,54,60,25,13" hai2="102,51,119,101,114,28,127,82,16,34,38,107,126" hai3="65,35,134,52,92,99,80,108,21,15,17,122,23"/><V95/><F38/><W131/><G35/><T73/><D105/><U67/><E78/><V50/><F119/><W90/><G108/><T111/><D73/><U3/><E3/><V43/><F107/><W96/><G131/><T70/><D70/><U93/><E120/><V2/><F2/><W29/><G122/><T94/><D111/><U10/><AGARI ba="1,0" hai="5,10,13,25,26,27,53,54,58,60,67,84,91,93" machi="10" ten="30,2000,0" yaku="0,1,8,1" doraHai="129" who="1" fromWho="1" sc="327,-6,304,23,170,-11,199,-6" /><INIT seed="7,0,0,1,1,68" ten="321,327,159,193" oya="3" hai0="90,77,33,109,91,34,79,53,49,106,3,102,30" hai1="129,46,124,126,99,9,35,67,114,20,36,45,110" hai2="127,69,89,130,111,25,94,51,104,117,61,19,31" hai3="132,86,97,7,116,74,71,115,54,40,107,27,72"/><W96/><G116/><T121/><D121/><U41/><E35/><V6/><F104/><W108/><G71/><T29/><D3/><U14/><E110/><V48/><F117/><W93/><G7/><T85/><D109/><U59/><E114/><V128/><F111/><W103/><G108/><T11/><D106/><U64/><E20/><V98/><F6/><W84/><G40/><T112/><D102/><U65/><E99/><V135/><F135/><W62/><G27/><T50/><D11/><U5/><E129/><V81/><F127/><N who="1" m="48681" /><E45/><V55/><F19/><W80/><G54/><T2/><D2/><U95/><E95/><V18/><F18/><W105/><G62/><AGARI ba="0,0" hai="5,9,14,36,41,46,59,62,64,65,67" m="48681" machi="62" ten="30,2000,0" yaku="18,1,52,1" doraHai="68" who="1" fromWho="3" sc="321,0,327,20,159,0,193,-20" owari="321,12.0,347,45.0,159,-34.0,173,-23.0" /></mjloggm>