<mjloggm ver="2.3"><GO type="97" lobby="0"/><UN n0="%E3%82%A6%E3%83%AB%E3%83%88%E3%83%A9%E7%AB%8B%E7%9B%B4" n1="%6D%75%75%6E%6E" n2="%61%74%79%61%6E" n3="%41%72%63%61%64%69%61" dan="15,14,14,15" rate="2004.12,1963.91,2080.06,1962.50" sx="M,M,M,F"/><TAIKYOKU oya="0"/><INIT seed="0,0,0,0,0,80" ten="250,250,250,250" oya="0" hai0="84,91,46,0,10,14,97,99,58,83,73,26,88" hai1="54,105,116,9,89,64,32,33,131,123,101,72,103" hai2="104,41,93,122,77,114,50,74,20,17,27,23,43" hai3="112,96,37,119,6,24,42,128,87,29,15,106,76"/><T59/><D0/><U56/><E123/><V39/><F104/><W52/><G112/><T30/><D46/><U86/><E116/><V55/><F114/><W1/><G119/><T35/><D73/><U34/><E72/><V125/><F125/><W133/><G1/><T82/><D99/><U129/><E9/><V75/><F122/><W53/><G128/><N who="1" m="49226" /><E64/><V57/><F39/><W49/><G37/><T36/><D36/><U67/><E67/><V21/><F75/><W3/><G3/><T79/><D79/><U16/><E16/><N who="2" m="12679" /><F74/><W134/><G106/><T90/><D90/><U31/><E31/><V2/><F2/><W45/><G96/><T12/><D12/><U60/><E105/><V126/><F77/><W78/><G78/><T48/><D48/><U117/><E117/><V107/><F107/><W108/><G133/><T81/><D81/><AGARI ba="0,0" hai="32,33,34,54,56,60,81,86,89,101,103" m="49226" machi="81" ten="40,2600,0" yaku="19,1,52,1" doraHai="80" who="1" fromWho="0" sc="250,-26,250,26,250,0,250,0" /><INIT seed="1,0,0,5,3,1" ten="224,276,250,250" oya="1" hai0="112,87,17,56,71,85,135,128,41,64,52,72,133" hai1="88,22,43,49,106,134,101,109,108,76,117,120,118" hai2="16,34,74,113,102,75,110,125,93,2,11,65,119" hai3="66,92,97,39,44,40,132,89,46,86,61,58,26"/><U96/><E120/><V122/><F65/><W100/><G132/><N who="0" m="50763" /><D72/><U3/><E134/><V38/><F38/><W78/><G78/><T104/><D104/><U111/><E76/><V30/><F93/><W114/><G114/><T60/><D112/><U29/><E3/><V21/><F102/><W130/><G44/><T8/><D41/><U77/><E77/><V62/><F62/><W82/><G26/><T32/><D32/><U47/><REACH who="1" step="1"/><E88/><REACH who="1" ten="224,266,250,250" step="2"/><V90/><F90/><W37/><G130/><T0/><D128/><U115/><E115/><V6/><F122/><W13/><G89/><T45/><D0/><U24/><AGARI ba="0,1" hai="22,24,29,43,47,49,96,101,106,108,109,111,117,118" machi="24" ten="40,12000,1" yaku="1,1,0,1,14,1,10,1,53,0" doraHai="1" doraHaiUra="126" who="1" fromWho="1" sc="224,-40,266,130,250,-40,250,-40" /><INIT seed="1,1,0,4,2,27" ten="184,396,210,210" oya="1" hai0="106,36,71,115,121,66,112,86,64,61,72,87,6" hai1="58,110,118,107,85,49,70,93,114,44,32,134,108" hai2="126,100,101,96,15,127,97,54,132,31,30,109,88" hai3="111,33,8,83,17,21,94,79,18,5,68,19,38"/><U99/><E118/><V39/><F39/><W74/><G68/><T22/><D72/><U63/><E70/><V69/><F69/><W53/><G38/><T102/><D36/><U105/><E32/><V84/><F109/><N who="1" m="42089" /><E114/><V12/><F54/><W95/><G33/><T77/><D6/><U116/><E85/><V128/><F132/><W29/><G111/><T133/><D71/><U2/><E2/><V125/><F128/><W37/><G37/><T57/><D77/><U23/><E23/><V60/><F60/><W113/><G113/><T135/><D22/><U47/><E116/><V35/><F35/><W46/><G46/><N who="1" m="17450" /><E49/><V9/><F9/><W28/><G53/><T91/><D61/><U3/><E3/><V24/><F24/><W103/><G21/><T76/><D76/><U50/><E50/><V131/><F131/><W4/><G4/><T78/><D78/><U89/><E134/><V25/><F25/><W34/><G34/><T10/><D115/><U59/><E59/><V7/><F7/><W45/><G45/><T43/><D57/><U98/><E99/><N who="2" m="37963" /><F15/><W13/><REACH who="3" step="1"/><G103/><REACH who="3" ten="184,396,210,200" step="2"/><N who="2" m="39497" /><F12/><W119/><G119/><T14/><D14/><U40/><E40/><V130/><F130/><W20/><G20/><T80/><D43/><U92/><E105/><V122/><F122/><W120/><G120/><T0/><D106/><U16/><E107/><V48/><F48/><W26/><G26/><T90/><D112/><U52/><E63/><V129/><F129/><W42/><G42/><T123/><D135/><U104/><E104/><V51/><F51/><W117/><G117/><RYUUKYOKU ba="1,1" sc="184,-15,396,-15,210,15,200,15" hai2="30,31,84,88,125,126,127" hai3="5,8,13,17,18,19,28,29,74,79,83,94,95" /><INIT seed="2,2,1,0,5,53" ten="169,381,225,215" oya="2" hai0="39,112,103,110,56,55,78,50,97,93,122,24,69" hai1="91,48,77,83,131,76,47,6,130,8,61,35,96" hai2="29,32,3,94,1,20,10,36,37,134,116,66,86" hai3="31,89,109,58,121,100,74,65,28,5,30,13,72"/><V14/><F116/><W52/><G121/><T46/><D122/><U102/><E35/><V15/><F66/><W126/><G65/><T114/><D69/><U43/><E61/><V117/><F117/><W124/><G100/><T129/><D129/><N who="1" m="49163" /><E91/><V75/><F75/><W107/><G107/><T59/><D110/><U101/><E83/><V119/><F119/><W34/><G34/><T26/><D78/><N who="1" m="30315" /><E96/><V27/><F94/><W118/><G109/><T87/><D87/><U7/><E7/><V23/><F86/><W17/><G5/><T63/><D114/><U104/><E104/><V45/><F45/><W60/><G89/><T4/><D4/><U95/><E95/><V40/><F40/><W85/><G85/><T120/><D120/><U49/><E49/><V21/><F37/><W68/><G68/><T79/><D79/><U81/><E81/><V80/><F36/><W82/><G118/><T33/><D33/><U123/><E123/><V108/><F108/><W64/><G82/><T11/><D112/><U41/><E43/><V135/><F80/><W38/><G64/><T67/><REACH who="0" step="1"/><D11/><REACH who="0" ten="159,381,225,215" step="2"/><U16/><E6/><N who="2" m="1375" /><F1/><W128/><G128/><T132/><D132/><AGARI ba="2,2" hai="14,15,20,21,23,27,29,32,132,134,135" m="1375" machi="132" ten="30,5800,0" yaku="20,1,34,2" doraHai="53" who="2" fromWho="0" sc="159,-64,381,0,225,84,215,0" /><INIT seed="2,3,0,3,4,26" ten="95,381,309,215" oya="2" hai0="92,60,86,129,36,117,28,120,46,122,43,33,98" hai1="119,47,65,4,87,125,35,50,23,11,99,16,126" hai2="131,40,95,54,5,88,34,77,63,12,107,37,58" hai3="74,31,94,7,108,41,2,127,56,32,110,68,130"/><V29/><F107/><W67/><G74/><T6/><D129/><U38/><E38/><V53/><F131/><W27/><G130/><T104/><D117/><U20/><E35/><V80/><F37/><W24/><G68/><T15/><D86/><U49/><E119/><V109/><F40/><W114/><G127/><N who="1" m="48650" /><E65/><V102/><F102/><W69/><G69/><T18/><D6/><U61/><E61/><V103/><F103/><W115/><G41/><T112/><D104/><U121/><E99/><V132/><F53/><W106/><G106/><T79/><D79/><U52/><E121/><V1/><F1/><W71/><G71/><T48/><D60/><U93/><E16/><V100/><F100/><W0/><G24/><T118/><D118/><U17/><E17/><V75/><F5/><W72/><G7/><T21/><D112/><U135/><E135/><V62/><F12/><W59/><G2/><T105/><D105/><U133/><E133/><V55/><F132/><W128/><G0/><T42/><D36/><U13/><E50/><V25/><F109/><N who="3" m="42091" /><G128/><T19/><D19/><U64/><E64/><V51/><REACH who="2" step="1"/><F55/><REACH who="2" ten="95,381,299,215" step="2"/><W84/><G115/><T123/><D43/><U90/><AGARI ba="3,1" hai="4,11,13,20,23,47,49,52,87,90,93" m="48650" machi="90" ten="30,2000,0" yaku="18,1,54,1" doraHai="26" who="1" fromWho="1" sc="95,-8,381,39,299,-13,215,-8" /><INIT seed="3,0,0,5,4,73" ten="87,420,286,207" oya="3" hai0="119,43,102,103,19,47,1,117,46,18,101,131,5" hai1="75,51,42,27,110,31,106,14,80,54,86,17,33" hai2="78,134,105,83,108,98,55,118,50,111,74,29,125" hai3="109,76,68,25,127,115,120,8,90,132,113,97,87"/><W122/><G68/><T9/><D43/><U66/><E110/><N who="2" m="42027" /><F134/><W116/><G109/><T81/><D81/><U12/><E75/><V40/><F125/><W3/><G25/><T61/><D61/><U24/><E106/><V57/><F118/><W0/><G8/><T112/><D112/><N who="3" m="43081" /><G0/><T96/><D96/><U114/><E114/><V84/><F29/><W70/><G3/><T64/><D64/><U41/><E66/><V107/><F98/><W45/><G45/><T104/><D104/><N who="2" m="40010" /><F40/><W38/><G70/><T93/><D93/><U82/><E12/><V126/><F126/><W88/><G38/><T67/><D67/><U59/><E80/><V44/><F74/><W124/><G116/><T79/><D119/><U72/><E72/><V130/><F130/><W37/><G37/><T32/><D117/><U91/><E24/><V48/><F44/><W99/><G132/><T56/><D131/><U89/><E89/><N who="3" m="34410" /><G124/><T16/><D47/><U100/><E17/><V15/><F15/><W2/><G2/><T49/><D46/><U23/><E23/><V13/><F13/><W94/><G127/><T63/><D49/><AGARI ba="0,0" hai="48,49,50,55,57,78,83,84" m="40010,42027" machi="49" ten="30,2000,0" yaku="14,1,52,1" doraHai="73" who="2" fromWho="0" sc="87,-20,420,0,286,20,207,0" owari="67,-43.0,420,51.0,306,11.0,207,-19.0" /></mjloggm>