<mjloggm ver="2.3"><GO type="41" lobby="0"/><UN n0="%E3%82%A6%E3%83%AB%E3%83%88%E3%83%A9%E7%AB%8B%E7%9B%B4" n1="%E3%83%8F%E3%83%B3%E3%83%97%EF%BD%94" n2="%4B%6F%6A%6F%6E%6F" n3="%E3%81%84%E3%81%8A%E3%81%AA%E3%81%A1%E3%81%A1" dan="16,15,14,14" rate="2087.06,2017.50,1935.51,1889.32" sx="M,M,M,M"/><TAIKYOKU oya="0"/><INIT seed="0,0,0,4,1,109" ten="250,250,250,250" oya="0" hai0="54,15,126,121,25,135,14,56,110,95,65,124,113" hai1="27,85,80,71,42,89,112,34,99,46,103,101,77" hai2="104,102,92,105,129,61,100,84,58,76,86,81,11" hai3="39,106,51,63,28,98,23,3,79,90,114,74,70"/><T30/><D121/><U33/><E71/><V38/><F38/><W2/><G39/><T6/><D65/><U75/><E101/><V13/><F129/><W134/><G134/><T128/><D128/><U19/><E112/><V73/><F58/><W53/><G114/><T32/><D135/><U7/><E7/><V67/><F67/><W52/><G70/><T1/><D1/><U119/><E119/><V125/><F61/><W107/><G63/><T24/><D6/><U50/><E19/><V47/><F47/><W35/><G53/><T87/><D25/><U72/><E27/><V83/><F11/><W130/><G35/><T91/><D110/><U45/><E45/><V9/><F9/><W22/><G106/><N who="2" m="41065" /><F13/><W16/><G107/><T133/><D113/><U127/><E33/><V96/><F125/><W93/><G74/><T118/><D118/><U59/><E127/><N who="0" m="48681" /><D133/><U41/><E34/><V82/><F102/><W123/><G3/><T88/><D14/><U29/><E103/><V5/><F5/><W44/><G2/><T131/><D15/><U21/><E42/><V108/><F108/><W36/><G36/><T120/><D131/><U49/><E41/><V17/><F17/><W115/><G115/><T20/><D32/><U18/><E18/><V78/><F82/><W116/><G116/><T31/><D31/><U68/><E80/><V62/><F62/><W10/><G28/><T48/><D120/><U60/><E29/><V64/><F64/><W97/><G123/><T37/><D37/><U132/><E60/><V4/><F4/><W94/><G130/><RYUUKYOKU ba="0,0" sc="250,15,250,-15,250,15,250,-15" hai0="20,24,30,48,54,56,87,88,91,95" hai2="73,76,78,81,83,84,86,92,96,100" /><INIT seed="0,1,0,3,3,115" ten="265,235,265,235" oya="0" hai0="18,135,15,75,102,77,36,120,126,27,97,109,61" hai1="101,37,88,123,41,8,111,43,48,10,50,86,106" hai2="29,72,42,52,56,39,65,59,71,130,21,51,93" hai3="64,9,33,131,22,89,17,63,84,125,91,35,20"/><T74/><D120/><U14/><E123/><V32/><F72/><W127/><G131/><T80/><D36/><U96/><E111/><V107/><F107/><W24/><G9/><T119/><D75/><U46/><E41/><V129/><F32/><W3/><G3/><T23/><D126/><N who="3" m="48137" /><G22/><T5/><D135/><U28/><E28/><V34/><F34/><N who="3" m="12811" /><G84/><T83/><D109/><U4/><REACH who="1" step="1"/><E10/><REACH who="1" ten="265,225,265,235" step="2"/><V40/><F29/><W69/><AGARI ba="1,1" hai="17,20,24,63,64,69,89,91" m="12811,48137" machi="69" ten="30,1100,0" yaku="18,1" doraHai="115" who="3" fromWho="3" sc="265,-6,225,-4,265,-4,235,24" /><INIT seed="1,0,0,3,5,94" ten="259,221,261,259" oya="1" hai0="90,24,82,81,121,32,122,53,115,2,33,48,58" hai1="70,83,52,80,117,114,135,29,3,87,102,38,57" hai2="26,30,95,31,85,5,41,127,13,66,124,91,63" hai3="4,104,108,93,119,27,111,65,45,75,23,113,123"/><U6/><E117/><V17/><F5/><W44/><G113/><T134/><D2/><U110/><E114/><V103/><F41/><W61/><G123/><T25/><D115/><U106/><E70/><V128/><F128/><W56/><G104/><T99/><D134/><U132/><E38/><V28/><F103/><W126/><G75/><T131/><D131/><U51/><E29/><V97/><F85/><W100/><G4/><T10/><D10/><N who="1" m="2399" /><E110/><N who="3" m="42026" /><G126/><N who="2" m="48169" /><F13/><W78/><G78/><T77/><D24/><U116/><E116/><V16/><F26/><W60/><G60/><T50/><D25/><U79/><E83/><V7/><F7/><W36/><G36/><T34/><D82/><U20/><E102/><V76/><F76/><W18/><G119/><T71/><D122/><U101/><E101/><V22/><F22/><W120/><G120/><T54/><D121/><U1/><E20/><V62/><F62/><W0/><G0/><T129/><D129/><U107/><E1/><V98/><F98/><AGARI ba="0,0" hai="18,23,27,44,45,56,61,65,93,98,100" m="42026" machi="98" ten="30,2000,0" yaku="14,1,52,1" doraHai="94" who="3" fromWho="2" sc="259,0,221,0,261,-20,259,20" /><INIT seed="2,0,0,3,2,13" ten="259,221,241,279" oya="2" hai0="128,48,10,19,79,63,135,89,9,57,133,83,81" hai1="104,24,7,67,17,118,1,26,52,43,58,34,80" hai2="36,47,114,78,132,98,134,55,62,106,8,49,51" hai3="117,20,96,105,31,125,108,85,64,44,32,113,76"/><V28/><F114/><W75/><G117/><T50/><D128/><U69/><E118/><V119/><F119/><W116/><G116/><T30/><D30/><U41/><E104/><V61/><F28/><W46/><G113/><T123/><D123/><U59/><E69/><V18/><F78/><W6/><G75/><T42/><D89/><U129/><E129/><V109/><F36/><W124/><G32/><T122/><D122/><U33/><E80/><V38/><F38/><W101/><G6/><T92/><D92/><U27/><E67/><V94/><F106/><W40/><G64/><T37/><D37/><U130/><E1/><V102/><F109/><W54/><G54/><T15/><D9/><U3/><E3/><V111/><F111/><W127/><G40/><T12/><D12/><U71/><E71/><V100/><F100/><W93/><G108/><T29/><D29/><U11/><E7/><V95/><F95/><W70/><G70/><T60/><D81/><U121/><E26/><V23/><F8/><W126/><N who="3" m="32256" /><DORA hai="112" /><W91/><G76/><T110/><D110/><U45/><E11/><V2/><F2/><W90/><G90/><T97/><D83/><U16/><E121/><V66/><F51/><W56/><G56/><T0/><D50/><U35/><E35/><V84/><F84/><W115/><G115/><T107/><D79/><U88/><E130/><V72/><F72/><W120/><G120/><T25/><D0/><U99/><E88/><V68/><REACH who="2" step="1"/><F61/><REACH who="2" ten="259,221,231,279" step="2"/><W103/><G101/><T5/><D63/><U82/><E82/><V14/><AGARI ba="0,1" hai="14,18,23,47,49,55,62,66,68,94,98,102,132,134" machi="14" ten="30,12000,1" yaku="1,1,2,1,5,1,0,1,52,1,53,0" doraHai="13,112" doraHaiUra="21,22" who="2" fromWho="2" sc="259,-40,221,-40,231,130,279,-40" /><INIT seed="2,1,0,2,5,9" ten="219,181,361,239" oya="2" hai0="126,61,77,22,125,105,46,75,29,128,87,52,129" hai1="89,60,71,132,106,122,4,93,25,84,30,70,63" hai2="32,20,57,55,23,1,35,110,5,38,102,31,76" hai3="108,36,98,65,8,103,56,3,115,117,43,6,50"/><V49/><F38/><W92/><G117/><T82/><D105/><U104/><E132/><V19/><F1/><W7/><G115/><T64/><D75/><U113/><E113/><V85/><F5/><W118/><G108/><T48/><D22/><U18/><E4/><V66/><F110/><W2/><G118/><T131/><REACH who="0" step="1"/><D29/><REACH who="0" ten="209,181,361,239" step="2"/><U107/><E30/><V90/><F23/><W124/><G3/><T47/><D47/><U72/><E106/><V24/><F31/><W79/><G2/><T134/><D134/><U41/><E104/><V21/><F21/><W121/><G121/><T123/><D123/><U10/><E107/><V94/><F20/><W86/><G8/><T116/><D116/><U101/><E72/><V80/><F35/><W12/><G124/><T119/><D119/><U120/><E10/><V34/><F34/><W37/><G7/><T59/><AGARI ba="1,1" hai="46,48,52,59,61,64,77,82,87,125,126,128,129,131" machi="59" ten="40,8000,1" yaku="1,1,0,1,19,1,54,1,53,1" doraHai="9" doraHaiUra="51" who="0" fromWho="0" sc="209,93,181,-21,361,-41,239,-21" /><INIT seed="3,0,0,3,2,132" ten="302,160,320,218" oya="3" hai0="27,64,6,13,97,128,80,39,102,45,79,98,77" hai1="42,123,8,69,50,57,99,111,63,59,100,117,49" hai2="74,109,4,53,90,96,88,46,20,7,70,105,55" hai3="48,112,95,19,108,15,36,73,18,12,126,21,32"/><W58/><G112/><T16/><D128/><U71/><E123/><V1/><F70/><N who="1" m="26633" /><E8/><V2/><F74/><W44/><G73/><T118/><D64/><N who="1" m="39023" /><E100/><V101/><F109/><W122/><G58/><T89/><D45/><N who="1" m="25783" /><E99/><V66/><F20/><W110/><G32/><T14/><D27/><U65/><E111/><N who="3" m="42538" /><G36/><T103/><D39/><U120/><E120/><V87/><F1/><W125/><G95/><T51/><D80/><U35/><E35/><V121/><F2/><W72/><G72/><T75/><D75/><U85/><E85/><V37/><F87/><W93/><G93/><T3/><D3/><U22/><E22/><V30/><F121/><W119/><G119/><T78/><D118/><U107/><E107/><V129/><F105/><W10/><G122/><T29/><D98/><U43/><E117/><V114/><F96/><W0/><G0/><T41/><D97/><U24/><E24/><V26/><F26/><W56/><G56/><T81/><D103/><U68/><E68/><V76/><F101/><W82/><G82/><T52/><D102/><U54/><E43/><AGARI ba="0,0" hai="10,12,15,18,19,21,43,44,48,125,126" m="42538" machi="43" ten="30,11600,0" yaku="14,1,10,1,52,2" doraHai="132" who="3" fromWho="1" sc="302,0,160,-116,320,0,218,116" /><INIT seed="3,1,0,5,3,68" ten="302,44,320,334" oya="3" hai0="94,36,2,58,84,33,61,71,6,49,56,120,66" hai1="55,19,0,86,47,17,115,65,108,54,118,46,105" hai2="78,85,63,13,102,111,106,26,126,98,88,73,9" hai3="67,38,41,119,45,70,12,40,91,22,10,134,92"/><W132/><G119/><T89/><D33/><U104/><E86/><V69/><F111/><W35/><G35/><T23/><D120/><U96/><E65/><N who="2" m="41151" /><F26/><W133/><G22/><T64/><D6/><U130/><E96/><V79/><F79/><W95/><G41/><T59/><D2/><U3/><E108/><V114/><F114/><W87/><G67/><T18/><D66/><U99/><E99/><V81/><F9/><W37/><G70/><T97/><D97/><U24/><E24/><V117/><F13/><W125/><G125/><T113/><D113/><U127/><E115/><V101/><F101/><W30/><G30/><T39/><REACH who="0" step="1"/><D49/><REACH who="0" ten="292,44,320,334" step="2"/><U116/><REACH who="1" step="1"/><E130/><REACH who="1" ten="292,34,320,334" step="2"/><V124/><F117/><W82/><REACH who="3" step="1"/><G38/><REACH who="3" ten="292,34,320,324" step="2"/><T5/><D5/><AGARI ba="1,3" hai="5,10,12,37,40,45,82,87,91,92,95,132,133,134" machi="5" ten="40,12000,1" yaku="1,1,2,1,20,1,52,1,53,0" doraHai="68" doraHaiUra="25" who="3" fromWho="0" sc="292,-123,34,0,320,0,324,153" /><INIT seed="3,2,0,2,3,135" ten="169,34,320,477" oya="3" hai0="42,102,10,16,33,106,41,6,121,70,31,75,52" hai1="1,72,119,58,66,130,47,87,5,35,131,49,109" hai2="100,57,114,122,93,91,126,27,14,39,3,99,88" hai3="115,101,40,84,45,118,134,74,77,69,128,4,24"/><W18/><G118/><T79/><D121/><U120/><E72/><V0/><F114/><W28/><G69/><T34/><D34/><U48/><E119/><V22/><F39/><W73/><G115/><T96/><D79/><U7/><E35/><V82/><F122/><W90/><G134/><T129/><D75/><U50/><E120/><V11/><F3/><W26/><G128/><N who="1" m="49194" /><E109/><V9/><F0/><W65/><G4/><N who="1" m="1610" /><E1/><V37/><F37/><W89/><G101/><T29/><D102/><U124/><E87/><V12/><F99/><W113/><G65/><T38/><D96/><U62/><E47/><V86/><F86/><W123/><G123/><T78/><D33/><U30/><E30/><V83/><F83/><W15/><G74/><T60/><D31/><U76/><E76/><V111/><F82/><N who="3" m="47183" /><G73/><T107/><D29/><U127/><AGARI ba="2,0" hai="48,49,50,58,62,66,124,127" m="1610,49194" machi="127" ten="40,5200,0" yaku="19,1,52,2" doraHai="135" who="1" fromWho="1" sc="169,-15,34,58,320,-15,477,-28" /><INIT seed="4,0,0,1,5,92" ten="154,92,305,449" oya="0" hai0="4,74,119,132,65,52,49,104,64,121,14,101,98" hai1="36,86,39,48,32,73,127,66,129,68,131,102,22" hai2="113,111,27,85,1,45,67,38,112,55,84,29,51" hai3="122,114,6,76,77,79,53,103,87,115,46,118,16"/><T125/><D121/><U133/><E73/><V31/><F1/><W124/><G118/><T83/><D119/><U88/><E32/><V72/><F72/><W126/><G6/><T96/><D125/><N who="3" m="48233" /><G103/><T135/><D65/><U71/><E127/><V47/><F67/><W59/><G46/><T117/><D117/><U97/><E133/><N who="0" m="51273" /><D64/><U42/><E22/><N who="2" m="15607" /><F31/><W80/><G122/><T2/><D2/><U128/><E48/><N who="2" m="29071" /><F38/><N who="1" m="14377" /><E42/><N who="2" m="25079" /><F111/><W50/><G16/><T28/><D28/><U56/><E66/><V123/><F123/><W7/><G7/><T99/><D4/><U134/><E134/><V17/><F17/><W91/><AGARI ba="0,0" hai="50,53,59,76,77,79,80,87,91,114,115" m="48233" machi="91" ten="40,1500,0" yaku="18,1" doraHai="92" who="3" fromWho="3" sc="154,-7,92,-4,305,-4,449,15" /><INIT seed="5,0,0,5,4,44" ten="147,88,301,464" oya="1" hai0="10,108,100,101,118,117,30,74,87,92,72,116,98" hai1="60,85,46,106,45,130,61,50,41,13,34,71,127" hai2="105,93,27,1,5,126,9,77,122,29,102,135,73" hai3="119,112,84,125,95,114,64,26,43,78,123,62,55"/><U115/><E106/><V88/><F122/><W104/><G123/><T89/><D10/><U12/><E34/><V111/><F111/><W75/><G119/><T65/><D65/><U31/><E115/><V131/><F131/><W121/><G43/><T132/><D30/><U37/><E130/><V20/><F135/><W0/><G0/><T66/><D66/><U23/><E127/><V17/><F126/><W128/><G128/><T109/><D132/><U18/><E71/><V11/><F105/><W110/><G104/><T22/><D22/><U38/><E31/><V25/><F102/><W4/><G4/><T58/><D58/><U69/><E69/><V63/><F63/><W21/><G95/><T39/><D39/><U81/><E12/><V83/><F11/><W24/><G84/><T86/><D86/><U67/><E67/><V33/><REACH who="2" step="1"/><F93/><REACH who="2" ten="147,88,291,464" step="2"/><W56/><G121/><T7/><D101/><U54/><REACH who="1" step="1"/><E37/><REACH who="1" ten="147,78,291,464" step="2"/><V14/><F14/><W2/><G112/><T113/><D113/><U91/><AGARI ba="0,2" hai="13,18,23,38,41,45,46,50,54,60,61,81,85,91" machi="91" ten="20,12000,1" yaku="1,1,2,1,0,1,7,1,52,1,53,0" doraHai="44" doraHaiUra="28" who="1" fromWho="1" sc="147,-40,78,140,291,-40,464,-40" /><INIT seed="5,1,0,1,0,107" ten="107,218,251,424" oya="1" hai0="11,103,98,100,29,51,126,109,24,75,91,106,112" hai1="47,9,105,85,125,74,97,27,26,129,39,63,36" hai2="25,67,34,28,96,89,58,43,86,101,48,81,56" hai3="121,82,79,54,12,3,95,14,41,21,17,22,94"/><U16/><E74/><V57/><F43/><W7/><G121/><T83/><D109/><U59/><E125/><V123/><F123/><W115/><G115/><T19/><D126/><U20/><E129/><V117/><F117/><W130/><G130/><T50/><D112/><U120/><E120/><V118/><F118/><W73/><G54/><T93/><D103/><U40/><E36/><V53/><REACH who="2" step="1"/><F67/><REACH who="2" ten="107,218,241,424" step="2"/><W99/><G41/><T111/><D111/><U49/><E39/><V69/><F69/><W108/><G108/><T62/><D62/><U104/><E97/><V70/><F70/><W92/><G99/><T132/><D51/><U18/><E85/><V15/><F15/><W52/><G3/><T131/><D50/><U78/><E27/><V133/><F133/><W65/><G65/><T45/><D132/><U68/><E68/><V8/><F8/><W102/><G14/><T37/><D131/><U4/><E9/><V71/><F71/><W116/><G12/><T13/><D24/><U124/><E124/><V32/><F32/><W113/><G116/><T76/><D37/><U135/><E135/><V0/><F0/><W33/><G33/><T2/><D2/><U114/><E114/><V110/><F110/><W31/><G113/><T42/><D42/><U5/><E63/><V122/><F122/><W38/><G38/><T128/><D128/><U61/><E61/><V30/><F30/><W64/><G31/><T60/><D29/><U77/><E40/><V55/><F55/><W6/><G64/><T80/><D60/><U119/><E119/><V66/><F66/><RYUUKYOKU ba="1,1" sc="107,-10,218,-10,241,30,424,-10" hai2="25,28,34,48,53,56,57,58,81,86,89,96,101" /><INIT seed="6,2,1,4,1,7" ten="97,208,271,414" oya="2" hai0="112,32,113,56,129,20,31,61,95,127,40,9,111" hai1="81,133,69,6,57,117,62,96,98,23,79,83,65" hai2="100,19,33,15,114,134,108,125,37,12,99,123,36" hai3="88,76,71,29,75,72,24,103,126,48,18,16,64"/><V131/><F37/><W120/><G120/><T2/><D111/><U80/><E133/><V1/><F36/><W66/><G126/><T106/><D106/><U124/><E124/><V3/><F125/><W85/><G103/><T50/><D32/><U35/><E35/><V22/><F108/><W13/><G48/><T115/><D127/><U86/><E117/><V0/><F99/><N who="1" m="37929" /><E69/><V5/><F100/><W52/><G18/><T58/><D95/><U45/><E6/><V46/><F46/><W11/><G76/><T54/><D129/><U110/><E110/><V53/><F53/><W17/><G17/><T55/><D40/><U44/><E23/><V116/><F134/><W27/><G27/><T104/><D104/><U109/><E109/><V47/><F116/><W41/><G41/><T94/><D94/><U119/><E119/><V91/><F123/><W63/><G52/><T93/><D93/><U49/><E44/><V122/><F47/><W14/><G14/><T38/><D38/><U121/><E121/><V97/><F122/><W130/><G130/><T21/><D31/><U135/><E135/><V107/><F131/><W89/><G89/><T60/><D50/><U42/><AGARI ba="2,1" hai="42,45,49,57,62,65,79,80,81,83,86" m="37929" machi="42" ten="30,1100,0" yaku="8,1" doraHai="7" who="1" fromWho="1" sc="97,-5,208,27,271,-7,414,-5" /><INIT seed="7,0,0,4,1,116" ten="92,235,264,409" oya="3" hai0="14,63,61,134,34,85,120,124,99,103,68,102,98" hai1="73,33,117,79,29,15,115,74,71,30,64,133,5" hai2="13,60,6,10,118,135,17,2,83,37,36,96,44" hai3="67,53,84,41,32,109,94,39,52,80,132,97,40"/><W56/><G32/><T126/><D14/><U4/><E15/><V1/><F118/><W123/><G132/><T101/><D34/><U106/><E33/><V11/><F135/><W54/><G123/><T81/><D134/><U42/><E133/><V28/><F2/><W19/><G19/><T57/><D57/><U20/><E117/><V18/><F28/><W110/><G39/><T100/><D68/><U24/><E71/><V59/><F96/><W12/><G12/><T16/><D16/><U121/><E42/><N who="3" m="16490" /><G67/><T7/><D7/><U125/><E64/><V55/><F83/><W92/><G97/><T38/><D100/><U78/><E125/><V27/><REACH who="2" step="1"/><F44/><REACH who="2" ten="92,235,254,409" step="2"/><W66/><G110/><T58/><D101/><U22/><E24/><V45/><F45/><W89/><G109/><T70/><D81/><U35/><E35/><V9/><F9/><W51/><G80/><T23/><D23/><AGARI ba="0,1" hai="1,6,10,11,13,17,18,23,27,36,37,55,59,60" machi="23" ten="40,5200,0" yaku="1,1,53,2" doraHai="116" doraHaiUra="69" who="2" fromWho="0" sc="92,-52,235,0,254,62,409,0" owari="40,-46.0,235,-16.0,316,12.0,409,50.0" /></mjloggm>