<mjloggm ver="2.3"><GO type="169" lobby="0"/><UN n0="%E9%98%BF%E6%BE%84%E4%BD%B3%E5%A5%88" n1="%79%69%6E%6E%65%72%30%36" n2="%EF%BC%88%E2%89%A7%E2%96%BD%E2%89%A6%EF%BC%89" n3="%E3%81%BE%E3%82%86%E3%81%BE%E3%82%86%37%37" dan="16,17,19,18" rate="2075.20,2111.33,2250.73,2194.86" sx="F,M,M,F"/><TAIKYOKU oya="0"/><INIT seed="0,0,0,4,3,61" ten="250,250,250,250" oya="0" hai0="76,74,91,118,30,48,69,83,97,63,135,82,36" hai1="106,107,68,124,117,89,75,32,1,9,85,125,2" hai2="55,21,17,120,103,39,27,78,57,65,105,113,93" hai3="34,8,59,35,19,45,56,53,80,119,84,132,86"/><T134/><D36/><U18/><E75/><V96/><F39/><W16/><G8/><T127/><D30/><U10/><E32/><V114/><F120/><W131/><G53/><T12/><D118/><U95/><E117/><V13/><F78/><W90/><G119/><T5/><D48/><U50/><E68/><V128/><F128/><W102/><G90/><T99/><D5/><U54/><E106/><V88/><F13/><W11/><G11/><N who="1" m="4106" /><E18/><V70/><F65/><W98/><G132/><N who="0" m="50731" /><D12/><U130/><E107/><V20/><F20/><W52/><G52/><T81/><D69/><U42/><E42/><V111/><F70/><W14/><G14/><T126/><D63/><U122/><E122/><V3/><F3/><W79/><G79/><T37/><D37/><U49/><E49/><V6/><F6/><W101/><G80/><N who="0" m="30827" /><D91/><U72/><E2/><V67/><F67/><W25/><G45/><T71/><D71/><U108/><E1/><V133/><F133/><W40/><G40/><T28/><D28/><U47/><E47/><V0/><F0/><W60/><G60/><T92/><D92/><U73/><E50/><V104/><F104/><W87/><G25/><T116/><D116/><U46/><E46/><V31/><F31/><W121/><G35/><T7/><D7/><U15/><E89/><V129/><F88/><W109/><G34/><T115/><D115/><N who="2" m="44042" /><F105/><W110/><G19/><T51/><D51/><U62/><E95/><V123/><F123/><W100/><G16/><T22/><D22/><U64/><E62/><N who="2" m="36159" /><F129/><W66/><G131/><T43/><D43/><RYUUKYOKU ba="0,0" sc="250,15,250,-15,250,15,250,-15" hai0="74,76,83,97,99,126,127" hai2="17,21,27,93,96,103,111" /><INIT seed="0,1,0,1,5,5" ten="265,235,265,235" oya="0" hai0="70,119,73,26,0,3,80,23,28,76,85,62,105" hai1="7,45,12,77,40,29,24,61,96,64,16,20,48" hai2="123,17,37,133,114,52,108,99,2,22,44,15,93" hai3="118,117,115,128,127,95,101,13,67,34,134,132,113"/><T74/><D119/><U81/><E7/><V129/><F123/><W55/><G34/><T25/><D105/><U78/><E96/><V59/><F114/><W57/><G101/><T18/><D0/><U46/><E46/><V124/><F2/><W103/><G95/><T56/><D70/><U135/><E135/><N who="3" m="51754" /><G103/><T54/><REACH who="0" step="1"/><D3/><REACH who="0" ten="255,235,265,235" step="2"/><U8/><REACH who="1" step="1"/><E81/><REACH who="1" ten="255,225,265,235" step="2"/><V21/><F133/><W94/><G118/><T51/><D51/><U125/><E125/><V72/><F124/><W10/><G117/><T110/><D110/><U65/><E65/><V90/><F108/><W83/><G127/><T75/><D75/><U1/><E1/><V63/><F72/><W112/><G67/><T122/><D122/><U121/><E121/><V87/><F37/><W66/><G66/><T6/><D6/><U131/><E131/><V86/><F129/><W41/><G128/><T14/><D14/><U69/><AGARI ba="1,2" hai="8,12,16,20,24,29,40,45,48,61,64,69,77,78" machi="69" ten="20,8000,1" yaku="1,1,0,1,7,1,52,1,54,1,53,0" doraHai="5" doraHaiUra="91" who="1" fromWho="1" sc="255,-41,225,103,265,-21,235,-21" /><INIT seed="1,0,0,4,1,112" ten="214,328,244,214" oya="1" hai0="122,99,16,36,113,76,108,84,129,66,48,26,93" hai1="98,47,43,51,89,79,128,125,0,105,127,87,4" hai2="49,92,82,73,124,134,8,61,34,75,39,18,131" hai3="45,111,37,85,58,54,123,40,24,69,115,110,97"/><U81/><E128/><V68/><F39/><W33/><G123/><T41/><D113/><U30/><E30/><V6/><F34/><W44/><G115/><T14/><D129/><U90/><E4/><V52/><F131/><W109/><G69/><T135/><D36/><U3/><E90/><V15/><F134/><W32/><G45/><T19/><D135/><U27/><E27/><V60/><F124/><N who="1" m="47689" /><E79/><V120/><F120/><W53/><G53/><T17/><D122/><U74/><E74/><V12/><F68/><W28/><G97/><T114/><D114/><U59/><E59/><V70/><F70/><W80/><G33/><T101/><D26/><U100/><AGARI ba="0,0" hai="0,3,43,47,51,81,87,89,98,100,105" m="47689" machi="100" ten="30,1500,0" yaku="18,1" doraHai="112" who="1" fromWho="1" sc="214,-5,328,15,244,-5,214,-5" /><INIT seed="1,1,0,3,0,91" ten="209,343,239,209" oya="1" hai0="77,78,60,34,107,83,44,84,56,112,26,124,122" hai1="70,105,25,2,30,72,46,59,67,52,8,100,36" hai2="129,1,125,74,24,123,41,63,9,92,19,102,75" hai3="108,61,17,110,4,80,96,35,54,128,73,23,115"/><U11/><E72/><V103/><F123/><W69/><G35/><T104/><D112/><U133/><E133/><V28/><F129/><W3/><G115/><T106/><D122/><U64/><E2/><V97/><F125/><W20/><G128/><T6/><D6/><U116/><E116/><V94/><F41/><W10/><G23/><T66/><D124/><U33/><E36/><V117/><F117/><W88/><G73/><T16/><D34/><U114/><E46/><V81/><F63/><W49/><G69/><T121/><D121/><U132/><E132/><V98/><F81/><W55/><G61/><T76/><D44/><U47/><E47/><V37/><F37/><W57/><G55/><T50/><D50/><N who="1" m="31127" /><E67/><V39/><F39/><W22/><G22/><T119/><D119/><U42/><E42/><V65/><F65/><W21/><G21/><T82/><D26/><U48/><E48/><V89/><F89/><W134/><G134/><T95/><D77/><U27/><E25/><V40/><F40/><W43/><G43/><T62/><D62/><N who="1" m="40215" /><E114/><V14/><F1/><W53/><G53/><T86/><D16/><U38/><E38/><V0/><F0/><W93/><REACH who="3" step="1"/><G80/><REACH who="3" ten="209,343,239,199" step="2"/><T5/><D5/><U109/><E109/><V126/><F126/><W7/><G7/><T32/><D32/><AGARI ba="1,1" hai="9,14,19,24,28,32,74,75,92,94,97,98,102,103" machi="32" ten="30,7700,0" yaku="7,1,9,1,52,2" doraHai="91" who="2" fromWho="0" sc="209,-80,343,0,239,90,199,0" /><INIT seed="2,0,0,3,4,94" ten="129,343,329,199" oya="2" hai0="114,121,50,59,51,7,33,118,84,27,87,54,2" hai1="62,70,73,4,89,110,90,77,92,48,85,53,131" hai2="102,22,63,97,40,104,55,20,93,107,128,15,14" hai3="61,38,115,123,74,95,119,18,49,78,120,127,0"/><V129/><F40/><W12/><G38/><T86/><D114/><U124/><E124/><V135/><F135/><W68/><G0/><T71/><D71/><U60/><E131/><N who="2" m="50251" /><F15/><W24/><G24/><T1/><D121/><U122/><E110/><V98/><F14/><W3/><G3/><T76/><D118/><U112/><E112/><V37/><F37/><W103/><G119/><T41/><D76/><U116/><E116/><V17/><F17/><W31/><G31/><T34/><D7/><U101/><E4/><V45/><F107/><W67/><G127/><T108/><D108/><U113/><E70/><V44/><F63/><W8/><G115/><T88/><D33/><U80/><E122/><V11/><F11/><W133/><G133/><T134/><D134/><U30/><E30/><V96/><F55/><W10/><G10/><T132/><D132/><U66/><E66/><V125/><F125/><W130/><G130/><T109/><D109/><U117/><E117/><V75/><F75/><W65/><G65/><T83/><D2/><U28/><E28/><V32/><F32/><W25/><G49/><T46/><D1/><U35/><E35/><V58/><F58/><W19/><G19/><T69/><D69/><U100/><E113/><V5/><F5/><W106/><G106/><T81/><D81/><U72/><E73/><V13/><F13/><W57/><G25/><T52/><D41/><U29/><E29/><V56/><F56/><W9/><G68/><T111/><D111/><U36/><E36/><V79/><F104/><W47/><G123/><T43/><D43/><RYUUKYOKU ba="0,0" sc="129,30,343,-10,329,-10,199,-10" hai0="27,34,46,50,51,52,54,59,83,84,86,87,88" /><INIT seed="3,1,0,2,5,13" ten="159,333,319,189" oya="3" hai0="40,24,3,132,106,45,118,26,80,22,85,110,34" hai1="129,91,30,7,126,128,112,4,95,37,82,65,89" hai2="71,8,56,70,111,114,18,47,21,73,9,81,98" hai3="1,83,0,60,102,109,131,32,100,130,103,67,113"/><W42/><G32/><T36/><D118/><U124/><E37/><V108/><F114/><W133/><G113/><T77/><D3/><U5/><E112/><V135/><F135/><W48/><G133/><T97/><D132/><U66/><E30/><V105/><F56/><W39/><G39/><T93/><D110/><N who="2" m="42026" /><F47/><N who="3" m="25719" /><G83/><T35/><D106/><U6/><E6/><V75/><F98/><W87/><G87/><T94/><D26/><U44/><E44/><V119/><F105/><W43/><G43/><T62/><D62/><U17/><E17/><V23/><F23/><W52/><G109/><T79/><D79/><U88/><E82/><V33/><F33/><W92/><G92/><T46/><D46/><U121/><E95/><V19/><F119/><W122/><G52/><T84/><D84/><U61/><E121/><V25/><F81/><W117/><G122/><T27/><D27/><U2/><E2/><V50/><F50/><W11/><G11/><N who="2" m="4169" /><F18/><W28/><G28/><T90/><REACH who="0" step="1"/><D94/><REACH who="0" ten="149,333,319,189" step="2"/><U58/><REACH who="1" step="1"/><E66/><REACH who="1" ten="149,323,319,189" step="2"/><V54/><F54/><W10/><G117/><T16/><AGARI ba="1,2" hai="16,22,24,34,35,36,40,45,77,80,85,90,93,97" machi="16" ten="20,12000,2" yaku="1,1,2,1,0,1,7,1,52,1,54,1,53,0" doraHai="13" doraHaiUra="99" who="0" fromWho="0" sc="149,143,323,-31,319,-31,189,-61" /><INIT seed="4,0,0,4,0,79" ten="292,292,288,128" oya="0" hai0="113,55,99,46,29,78,58,10,98,19,118,127,107" hai1="44,110,34,32,38,63,43,74,39,81,48,72,73" hai2="51,65,111,130,90,41,75,15,47,82,26,120,89" hai3="117,119,76,1,68,103,49,86,106,5,121,69,0"/><T91/><D118/><U27/><E110/><V125/><F120/><W124/><G76/><T33/><D78/><U31/><E34/><V21/><F111/><W66/><G49/><T24/><D127/><U112/><E112/><V18/><F130/><W115/><G5/><T6/><D113/><U52/><REACH who="1" step="1"/><E81/><REACH who="1" ten="292,282,288,128" step="2"/><V13/><F125/><W108/><G115/><T67/><D33/><U122/><E122/><V9/><F82/><W96/><G108/><T4/><D4/><U116/><E116/><V100/><F75/><W16/><G124/><T85/><D6/><U101/><E101/><V93/><F100/><W35/><G121/><T135/><D135/><U50/><E50/><V62/><F89/><W123/><G123/><T132/><D91/><U102/><E102/><V64/><F62/><W45/><G35/><T54/><D107/><U131/><E131/><V25/><F90/><W2/><G119/><T12/><D132/><U94/><E94/><V61/><F93/><W53/><G117/><T95/><D95/><U133/><E133/><V80/><F80/><W88/><G88/><T17/><D98/><U71/><E71/><V97/><F97/><W83/><G83/><T128/><D99/><U42/><E42/><V14/><F61/><W40/><G96/><T7/><D128/><U23/><E23/><N who="2" m="11743" /><F51/><W109/><G69/><T3/><D7/><U59/><AGARI ba="0,1" hai="27,31,32,38,39,43,44,48,52,59,63,72,73,74" machi="59" ten="40,8000,1" yaku="1,1,0,1,54,1,53,1" doraHai="79" doraHaiUra="56" who="1" fromWho="1" sc="292,-40,282,90,288,-20,128,-20" /><INIT seed="5,0,0,1,0,22" ten="252,372,268,108" oya="1" hai0="44,29,35,105,69,45,23,55,128,27,92,67,84" hai1="122,100,134,93,10,18,135,0,25,97,42,74,38" hai2="52,7,115,77,30,4,5,16,118,19,13,61,71" hai3="1,56,125,75,26,37,15,86,88,89,130,60,102"/><U47/><E74/><V111/><F118/><W91/><G75/><T81/><D105/><U90/><E122/><V95/><F111/><W112/><G1/><T123/><D123/><U57/><E57/><N who="2" m="34983" /><F71/><W33/><G125/><T70/><D128/><U82/><E82/><V124/><F124/><W73/><G73/><T17/><D92/><U131/><E131/><V41/><F115/><W78/><G130/><T14/><D67/><U104/><E0/><V31/><F77/><W127/><G127/><T50/><REACH who="0" step="1"/><D45/><REACH who="0" ten="242,372,268,108" step="2"/><U129/><E129/><V107/><F107/><W2/><G112/><T8/><D8/><U85/><E10/><N who="2" m="6199" /><F41/><W43/><G43/><T117/><D117/><U58/><E104/><V3/><F3/><W53/><G2/><T63/><D63/><U21/><E42/><V80/><F80/><W119/><G119/><T59/><D59/><U24/><E58/><V39/><F39/><W103/><G37/><T72/><D72/><U113/><E38/><V99/><F19/><W116/><G116/><T46/><D46/><U132/><E113/><V20/><F20/><W32/><G32/><T79/><AGARI ba="0,1" hai="14,17,23,27,29,35,44,50,55,69,70,79,81,84" machi="79" ten="20,5200,0" yaku="1,1,0,1,7,1,52,1,53,0" doraHai="22" doraHaiUra="94" who="0" fromWho="0" sc="242,62,372,-26,268,-13,108,-13" /><INIT seed="6,0,0,5,5,106" ten="304,346,255,95" oya="2" hai0="101,102,41,38,0,122,99,26,12,17,111,51,132" hai1="25,29,127,97,39,75,20,96,92,43,109,50,34" hai2="35,16,53,120,125,60,7,104,56,133,124,80,113" hai3="59,119,87,86,114,61,117,71,85,89,126,32,69"/><V57/><F120/><W47/><G32/><T46/><D0/><U33/><E39/><V115/><F104/><W22/><G89/><T134/><D111/><U15/><E109/><V135/><F7/><W74/><G74/><T64/><D64/><U91/><E127/><N who="2" m="48715" /><F35/><W93/><G93/><T98/><D26/><U82/><E96/><N who="0" m="36905" /><D38/><U77/><REACH who="1" step="1"/><E15/><REACH who="1" ten="304,336,255,95" step="2"/><V131/><F131/><W55/><G126/><T4/><D122/><U11/><E11/><V5/><F5/><W40/><G114/><N who="2" m="43529" /><F80/><W83/><G83/><T30/><D4/><U112/><E112/><V44/><F44/><AGARI ba="0,1" hai="20,25,29,33,34,43,44,50,75,77,82,91,92,97" machi="44" ten="40,5200,0" yaku="1,1,52,1,53,1" doraHai="106" doraHaiUra="37" who="1" fromWho="2" sc="304,0,336,62,255,-52,95,0" /><INIT seed="7,0,0,2,4,88" ten="304,398,203,95" oya="3" hai0="47,133,122,63,71,59,26,97,134,4,104,123,23" hai1="111,22,126,127,53,27,36,129,14,19,125,82,112" hai2="105,117,95,31,43,34,38,124,1,46,33,80,121" hai3="49,77,67,55,60,54,64,72,5,130,45,110,96"/><W41/><G130/><T18/><D71/><U135/><E112/><V9/><F117/><W29/><G110/><T11/><D47/><U74/><E135/><V73/><F121/><W0/><G67/><T17/><D17/><U52/><E36/><V90/><F105/><W119/><G119/><T113/><D113/><U132/><E132/><V57/><F124/><W102/><G29/><T28/><D28/><N who="1" m="17527" /><E129/><V101/><F101/><W58/><G72/><T35/><D35/><U12/><E111/><V48/><F31/><W15/><G77/><T76/><D76/><N who="1" m="44311" /><E12/><V115/><F115/><W120/><G0/><T39/><D39/><U56/><E56/><V114/><F114/><W32/><G32/><T62/><D62/><U98/><E98/><N who="2" m="57719" /><F57/><W13/><G120/><T2/><D133/><U89/><E89/><V68/><F48/><W94/><REACH who="3" step="1"/><G15/><REACH who="3" ten="304,398,203,85" step="2"/><T25/><D134/><U99/><E14/><V70/><F33/><W93/><G93/><T75/><D75/><U108/><E108/><V100/><F34/><W21/><G21/><T6/><D122/><U50/><E127/><V37/><F73/><W3/><G3/><T131/><D131/><U20/><E20/><V87/><F1/><W69/><G69/><T128/><D128/><U81/><E126/><V42/><F68/><W103/><G103/><T8/><D123/><U92/><E92/><V78/><F70/><W86/><G86/><T66/><D104/><U84/><E84/><N who="2" m="48151" /><F100/><W16/><G16/><T85/><D85/><U106/><E19/><V116/><F87/><W30/><G30/><T65/><D18/><RYUUKYOKU ba="0,1" sc="304,-10,398,-10,203,-10,85,30" hai3="5,13,41,45,49,54,55,58,60,64,94,96,102" /><INIT seed="7,1,1,5,4,32" ten="294,388,193,115" oya="3" hai0="12,89,77,134,61,52,91,130,47,9,17,72,118" hai1="128,60,34,95,26,4,22,121,106,83,78,18,50" hai2="35,90,36,20,120,68,62,40,64,67,33,104,63" hai3="135,10,55,84,87,125,71,2,88,7,93,112,133"/><W1/><G71/><T41/><D118/><U99/><E106/><V101/><F120/><W11/><G125/><T73/><D130/><U70/><E34/><N who="2" m="12811" /><F20/><W66/><G66/><T21/><D134/><N who="3" m="51209" /><G112/><T14/><D73/><U97/><E4/><V37/><F90/><W0/><G11/><T15/><D72/><U122/><E60/><V116/><F116/><W114/><G114/><T29/><D77/><U65/><E97/><N who="2" m="61487" /><F40/><W129/><G129/><T46/><D29/><U57/><E65/><V48/><F48/><W49/><G87/><T58/><D14/><U81/><E70/><AGARI ba="1,1" hai="36,37,62,63,64,67,68,70" m="61487,12811" machi="70" ten="30,2000,0" yaku="33,2" doraHai="32" who="2" fromWho="1" sc="294,0,388,-23,193,33,115,0" owari="294,9.0,365,46.0,226,-17.0,115,-38.0" /></mjloggm>