<mjloggm ver="2.3"><GO type="97" lobby="0"/><UN n0="%E3%82%A6%E3%83%AB%E3%83%88%E3%83%A9%E7%AB%8B%E7%9B%B4" n1="%74%65%72%72%79%39%31%36" n2="%74%72%69%62%6C%67%79" n3="%E8%83%BD%E7%99%BB%E9%BA%BB%E7%BE%8E%E5%AD%90" dan="15,13,14,14" rate="1967.43,1811.70,2028.24,1832.24" sx="M,M,M,F"/><TAIKYOKU oya="0"/><INIT seed="0,0,0,0,3,71" ten="250,250,250,250" oya="0" hai0="42,3,7,103,101,96,61,121,69,89,110,32,126" hai1="19,135,22,12,53,55,115,95,93,102,90,39,99" hai2="18,21,40,74,86,10,92,17,78,85,104,76,50" hai3="91,15,68,58,82,59,131,56,27,109,81,43,67"/><T88/><D121/><U28/><E135/><V80/><F104/><W13/><G131/><T116/><D116/><U54/><E115/><V0/><F74/><W117/><G117/><T127/><D32/><U114/><E114/><V4/><F92/><W45/><G109/><T46/><D110/><U123/><E123/><V63/><F63/><W52/><G27/><T26/><D26/><U66/><E66/><V31/><F31/><W37/><G81/><T23/><D23/><U83/><E83/><V97/><F97/><W87/><G68/><T94/><D101/><U38/><REACH who="1" step="1"/><E28/><REACH who="1" ten="250,240,250,250" step="2"/><V62/><F80/><W77/><G67/><T44/><D126/><U134/><E134/><V107/><F76/><W9/><G77/><T98/><D127/><U125/><E125/><V79/><F78/><W122/><G122/><T34/><D34/><U119/><E119/><V60/><F79/><W25/><G25/><T5/><D3/><U129/><E129/><V24/><F0/><W73/><G73/><T47/><D42/><U6/><E6/><V20/><F4/><W84/><G82/><T105/><D7/><U65/><E65/><V30/><F30/><W64/><G64/><T75/><D5/><U51/><E51/><V35/><F35/><W120/><G120/><T57/><D69/><U113/><E113/><V130/><F130/><W36/><G13/><T48/><D75/><U112/><E112/><V72/><F72/><W70/><G15/><T49/><D48/><U124/><E124/><V29/><F50/><W118/><G70/><T41/><D89/><U100/><E100/><RYUUKYOKU ba="0,1" sc="250,15,240,15,250,-15,250,-15" hai0="41,44,46,47,49,57,61,88,94,96,98,103,105" hai1="12,19,22,38,39,53,54,55,90,93,95,99,102" /><INIT seed="0,1,1,5,4,78" ten="265,255,235,235" oya="0" hai0="83,39,56,2,4,93,40,112,81,8,50,67,22" hai1="49,61,48,99,12,62,121,0,35,103,27,24,118" hai2="34,105,133,45,37,17,41,1,107,33,82,51,36" hai3="28,32,125,108,14,21,130,53,65,55,104,44,102"/><T77/><D77/><U70/><E121/><V135/><F1/><W16/><G32/><T126/><D126/><U47/><E118/><V89/><F34/><W131/><G125/><T54/><D54/><U128/><E0/><V124/><F33/><W76/><G28/><T15/><D15/><U31/><E128/><N who="3" m="49194" /><G108/><T96/><D96/><U23/><E12/><V57/><F124/><W59/><G65/><T87/><D87/><U66/><E62/><V13/><F107/><W79/><G44/><T19/><D19/><U84/><E84/><N who="2" m="50327" /><F105/><W122/><G122/><T115/><D115/><U71/><E47/><V86/><F86/><W5/><G5/><T52/><D112/><U58/><E58/><V60/><F37/><W20/><G20/><T73/><D22/><U75/><E75/><V120/><F36/><W6/><G6/><T63/><D93/><U95/><E71/><V9/><F120/><W68/><G68/><N who="0" m="42111" /><D73/><U42/><E42/><V38/><F38/><W127/><G127/><T91/><D91/><U101/><E101/><V110/><F110/><W7/><G7/><T30/><D30/><AGARI ba="1,1" hai="23,24,27,30,31,35,48,49,61,66,70,95,99,103" machi="30" ten="30,1000,0" yaku="7,1" doraHai="78" who="1" fromWho="0" sc="265,-13,255,23,235,0,235,0" /><INIT seed="1,0,0,1,1,52" ten="252,278,235,235" oya="1" hai0="61,58,16,13,130,90,33,123,15,85,4,56,45" hai1="22,71,77,40,111,107,117,86,18,26,99,8,47" hai2="129,81,88,97,70,89,118,34,134,23,113,105,19" hai3="2,14,46,68,93,50,31,84,126,87,36,122,101"/><U25/><E117/><V67/><F118/><W64/><G122/><T76/><D33/><U135/><E71/><V109/><F34/><W104/><G2/><T51/><D130/><U114/><E114/><V1/><F1/><W133/><G104/><T69/><D76/><U11/><E135/><V60/><F134/><W55/><G133/><T32/><D32/><U120/><E120/><V74/><F129/><W44/><G31/><T132/><D132/><U103/><E111/><V57/><F109/><W17/><G126/><T5/><D123/><U102/><E102/><V48/><F113/><W12/><G64/><T78/><D78/><U41/><E26/><V96/><F105/><W66/><G66/><T65/><D69/><U6/><E6/><N who="0" m="2665" /><D15/><U27/><E27/><N who="2" m="14847" /><F74/><W73/><G68/><T80/><D61/><U38/><REACH who="1" step="1"/><E41/><REACH who="1" ten="252,268,235,235" step="2"/><V124/><F70/><W92/><G101/><T49/><D65/><U116/><E116/><V43/><F124/><W79/><G79/><T63/><D63/><U37/><E37/><V35/><F60/><W59/><G36/><T98/><D98/><U9/><E9/><V108/><F97/><W128/><G128/><T131/><D131/><U100/><E100/><V94/><F108/><W106/><G73/><T82/><D51/><U91/><E91/><V7/><F48/><W115/><G115/><T28/><D49/><U110/><E110/><V24/><F89/><W83/><G50/><T112/><D112/><U127/><E127/><V72/><F88/><W75/><G75/><T3/><D90/><U95/><E95/><V53/><F94/><RYUUKYOKU ba="0,1" sc="252,-10,268,30,235,-10,235,-10" hai1="8,11,18,22,25,38,40,47,77,86,99,103,107" /><INIT seed="1,1,1,1,4,9" ten="242,298,225,225" oya="1" hai0="122,18,102,27,79,59,5,16,72,93,48,31,70" hai1="88,82,101,7,96,104,21,65,44,20,123,91,55" hai2="86,63,100,42,130,30,95,51,111,54,53,120,26" hai3="32,28,78,36,23,131,80,121,119,97,58,68,45"/><U94/><E123/><V81/><F120/><W41/><G121/><T132/><D132/><U135/><E135/><V133/><F133/><W99/><G32/><T134/><D134/><U108/><E108/><V3/><F3/><W105/><G68/><T49/><D49/><U67/><E7/><V56/><F130/><W118/><G131/><T126/><D126/><U12/><E104/><V75/><F75/><W60/><G105/><T8/><D8/><U46/><E82/><V40/><F111/><W74/><G23/><N who="1" m="8778" /><E12/><V33/><F95/><W112/><G28/><T92/><D92/><U11/><E11/><V4/><F4/><W71/><G71/><T83/><D83/><U6/><E6/><V115/><F115/><W17/><G17/><T29/><D29/><U14/><E14/><V57/><REACH who="2" step="1"/><F100/><REACH who="2" ten="242,298,215,225" step="2"/><W10/><G112/><T24/><D24/><U90/><E101/><V76/><AGARI ba="1,2" hai="26,30,33,40,42,51,53,54,56,57,63,76,81,86" machi="76" ten="20,5200,0" yaku="1,1,2,1,0,1,7,1,53,0" doraHai="9" doraHaiUra="69" who="2" fromWho="2" sc="242,-14,298,-27,215,75,225,-14" /><INIT seed="2,0,0,2,3,123" ten="228,271,290,211" oya="2" hai0="115,12,17,36,0,42,62,95,130,9,134,67,97" hai1="10,61,44,58,41,38,78,98,135,102,76,101,7" hai2="34,43,59,26,23,103,69,50,113,70,85,33,94" hai3="35,87,2,5,124,73,24,21,53,129,110,30,37"/><V109/><F113/><W128/><G73/><T111/><D111/><U89/><E135/><V68/><F109/><W55/><G37/><T104/><D104/><U40/><E102/><V29/><F43/><W121/><G121/><T92/><D115/><U107/><E41/><V119/><F119/><W60/><G110/><T28/><D130/><N who="3" m="50281" /><G124/><T93/><D134/><U49/><E89/><V46/><F59/><BYE who="0" /><W108/><G108/><T14/><D14/><U91/><E91/><V96/><REACH who="2" step="1"/><F85/><REACH who="2" ten="228,271,280,211" step="2"/><W106/><G87/><T127/><D127/><U120/><E120/><V118/><F118/><W47/><G47/><T114/><D114/><U100/><E44/><V6/><F6/><W25/><G5/><T27/><D27/><U75/><E40/><V79/><F79/><W116/><G24/><T80/><D80/><U82/><E78/><V18/><F18/><W132/><G116/><T57/><D57/><U65/><E76/><V32/><F32/><W3/><G35/><T71/><D71/><U84/><E58/><V88/><F88/><W99/><G99/><T1/><D1/><U31/><E98/><V131/><F131/><W122/><G122/><T39/><D39/><U125/><E38/><V126/><F126/><W133/><G132/><T20/><D20/><U48/><E125/><V51/><F51/><W19/><G133/><T8/><D8/><U83/><E49/><V22/><F22/><W54/><G19/><T11/><D11/><U74/><E48/><V13/><F13/><W72/><G3/><T16/><D16/><U56/><E10/><V66/><F66/><RYUUKYOKU ba="0,1" sc="228,-10,271,-10,280,30,211,-10" hai2="23,26,29,33,34,46,50,68,69,70,94,96,103" /><INIT seed="2,1,1,3,3,66" ten="218,261,310,201" oya="2" hai0="122,50,94,104,16,27,102,99,55,42,115,57,26" hai1="90,119,62,70,87,46,120,76,85,10,47,77,32" hai2="112,49,21,59,72,36,93,25,52,132,1,45,83" hai3="81,53,97,35,24,110,4,6,96,101,41,7,82"/><V5/><F112/><W78/><G110/><T134/><D134/><U106/><E119/><V38/><F132/><W107/><G41/><T51/><D51/><U9/><E106/><V61/><F1/><W133/><G133/><T33/><D33/><U64/><E32/><V79/><F5/><W128/><G128/><T130/><D130/><U111/><E111/><V89/><F93/><W91/><G35/><T69/><D69/><U68/><E120/><V67/><REACH who="2" step="1"/><F89/><REACH who="2" ten="218,261,300,201" step="2"/><W12/><G91/><T114/><D114/><U23/><E90/><V84/><F84/><W43/><G4/><T74/><D74/><U109/><E109/><V22/><F22/><W103/><G6/><T127/><D127/><U63/><E23/><V92/><F92/><W71/><G7/><T118/><D118/><U121/><E121/><V11/><F11/><W73/><G73/><T19/><D19/><AGARI ba="1,2" hai="19,21,25,36,38,45,49,52,59,61,67,72,79,83" machi="19" ten="30,5800,0" yaku="1,1,7,1,54,1,53,0" doraHai="66" doraHaiUra="39" who="2" fromWho="0" sc="218,-61,261,0,300,81,201,0" /><INIT seed="2,2,0,5,0,67" ten="157,261,381,201" oya="2" hai0="86,115,59,105,2,44,53,84,120,49,34,52,25" hai1="18,36,124,77,33,30,17,117,66,61,29,55,54" hai2="8,127,48,3,75,6,9,0,108,69,7,101,97" hai3="132,57,76,131,129,19,88,28,79,130,94,109,20"/><V93/><F75/><W91/><G132/><T89/><D89/><N who="3" m="34377" /><G28/><T51/><D51/><U106/><E117/><V72/><F72/><W80/><G109/><T64/><D64/><U99/><E106/><V39/><F39/><W12/><G57/><T121/><D121/><U82/><E36/><V22/><F108/><W110/><G110/><T31/><D31/><U35/><E124/><V81/><F127/><W26/><G94/><T128/><D128/><U63/><E99/><V5/><F69/><W65/><G65/><T74/><D74/><U122/><E66/><V113/><F113/><W78/><G80/><T107/><D107/><U96/><E96/><V46/><F81/><W41/><G41/><T112/><D112/><U68/><E82/><V85/><F85/><W4/><G4/><T40/><D40/><U133/><E133/><V73/><F73/><W83/><G83/><T62/><D62/><U114/><E77/><V95/><F6/><W90/><N who="3" m="34385" /><W47/><DORA hai="102" /><G47/><T16/><D16/><U70/><E114/><V37/><F93/><W92/><G92/><T123/><D123/><AGARI ba="2,0" hai="17,18,29,30,33,35,54,55,61,63,68,70,122,123" machi="123" ten="25,6400,0" yaku="22,2,52,2" doraHai="67,102" who="1" fromWho="0" sc="157,-70,261,70,381,0,201,0" /><INIT seed="3,0,0,3,2,98" ten="87,331,381,201" oya="3" hai0="38,69,10,93,120,45,128,58,80,102,24,107,5" hai1="60,113,87,13,40,114,47,2,32,119,83,118,33" hai2="78,105,1,57,101,54,124,106,63,14,9,20,135" hai3="100,130,66,134,6,50,3,34,94,88,132,122,59"/><W48/><G122/><T92/><D92/><U67/><E2/><V86/><F1/><W116/><G116/><N who="1" m="44586" /><E13/><V111/><F111/><W49/><G34/><T19/><D19/><U95/><E95/><V18/><F135/><N who="3" m="51755" /><G130/><T30/><D30/><U21/><E21/><V90/><F124/><W71/><G71/><T112/><D112/><N who="1" m="43115" /><E60/><V27/><F78/><W125/><G125/><T117/><D117/><U72/><E72/><V61/><F61/><N who="3" m="38207" /><G6/><T104/><D104/><U37/><E67/><V62/><F62/><W0/><G100/><T29/><D29/><U75/><E75/><V23/><F101/><W131/><G131/><T115/><D115/><U64/><E64/><V96/><F106/><W15/><G15/><T43/><D43/><U103/><E103/><V65/><F105/><W84/><AGARI ba="0,0" hai="0,3,48,49,50,84,88,94" m="38207,51755" machi="84" ten="30,3000,0" yaku="20,1,54,1" doraHai="98" who="3" fromWho="3" sc="87,-10,331,-10,381,-10,201,30" /><INIT seed="3,1,0,0,4,133" ten="77,321,371,231" oya="3" hai0="26,47,28,110,102,72,82,3,15,43,128,1,118" hai1="2,68,79,53,75,8,30,113,29,20,116,77,22" hai2="37,65,34,103,69,86,56,115,89,7,93,130,126" hai3="97,11,38,71,50,70,25,42,94,74,6,67,119"/><W55/><G119/><T73/><D73/><U18/><E68/><V44/><F69/><W46/><G74/><T125/><D125/><U98/><E75/><V114/><F126/><W105/><G105/><T51/><D51/><U61/><E113/><V49/><F34/><W4/><G71/><T40/><D40/><U91/><E116/><V134/><F37/><W135/><G135/><T9/><D9/><U35/><E35/><V54/><F134/><W64/><G64/><T63/><D63/><U108/><E108/><V13/><F130/><W101/><G25/><T100/><D100/><U117/><E2/><V58/><F103/><W106/><G106/><T21/><D21/><U17/><E117/><V81/><F65/><W107/><G107/><T45/><D45/><U85/><E98/><N who="2" m="57647" /><F115/><W0/><G6/><T57/><D57/><N who="2" m="22122" /><F114/><W59/><G67/><T14/><D14/><U129/><E61/><V83/><F86/><W24/><G24/><T92/><D92/><U124/><E53/><V23/><F23/><W84/><G70/><T99/><D99/><U41/><E22/><V36/><F36/><W131/><G131/><T87/><D87/><U60/><E124/><V111/><F111/><W66/><G66/><T16/><D16/><U132/><E129/><V109/><F109/><W120/><G84/><T78/><D78/><U112/><E79/><V48/><F48/><W12/><G0/><T90/><D90/><U31/><E77/><V62/><F62/><W10/><G10/><AGARI ba="1,0" hai="7,10,13,44,49,54,81,83" m="22122,57647" machi="10" ten="30,1000,0" yaku="8,1" doraHai="133" who="2" fromWho="3" sc="77,0,321,0,371,13,231,-13" owari="77,-42.0,321,12.0,384,48.0,218,-18.0" /></mjloggm>