<mjloggm ver="2.3"><GO type="169" lobby="0"/><UN n0="%E3%82%A6%E3%83%AB%E3%83%88%E3%83%A9%E7%AB%8B%E7%9B%B4" n1="%E6%A3%92%E8%A7%92" n2="%4D%52%2E%42%49%47" n3="%E3%82%A2%E3%83%8B%E3%82%AA%E3%83%B3" dan="16,17,17,16" rate="2040.30,2210.87,2161.45,2079.55" sx="M,M,M,F"/><TAIKYOKU oya="0"/><INIT seed="0,0,0,4,5,71" ten="250,250,250,250" oya="0" hai0="45,98,107,74,70,83,73,97,7,40,8,34,17" hai1="42,117,12,19,62,60,65,88,77,103,37,22,0" hai2="91,118,23,46,121,2,30,111,104,114,33,58,18" hai3="81,94,102,41,59,44,135,10,112,43,5,25,125"/><T11/><D17/><U96/><E117/><V89/><F118/><W35/><G112/><T39/><D11/><U120/><E120/><V4/><F121/><W116/><G116/><T32/><D98/><U108/><E108/><V86/><F111/><W92/><G135/><T9/><D9/><U115/><E115/><V51/><F114/><W128/><G128/><T16/><D16/><U6/><E77/><V67/><F104/><W28/><G125/><T21/><D21/><U15/><E0/><V64/><F33/><W68/><G81/><T52/><D52/><U122/><E122/><V75/><F75/><W95/><G68/><T80/><D80/><U124/><E124/><V126/><F126/><W109/><G109/><T106/><D70/><U90/><E60/><V84/><F30/><W132/><G132/><T49/><D49/><U93/><E6/><V3/><F4/><W99/><G59/><T79/><D74/><U14/><E14/><V57/><F18/><W100/><G43/><T24/><D24/><U66/><E15/><V55/><F55/><W20/><G35/><N who="0" m="13355" /><D97/><U110/><E66/><V53/><F53/><W56/><G56/><T82/><D82/><U36/><E110/><V113/><F113/><W48/><REACH who="3" step="1"/><G102/><REACH who="3" ten="250,250,250,240" step="2"/><T47/><D47/><U13/><E103/><V61/><F46/><W63/><G63/><T130/><D130/><U131/><E131/><V69/><F69/><W72/><G72/><T76/><D76/><U54/><E62/><V29/><F61/><W85/><G85/><T87/><D87/><U101/><E101/><V119/><F119/><RYUUKYOKU ba="0,1" sc="250,15,250,-15,250,-15,240,15" hai0="7,8,39,40,45,73,79,83,106,107" hai3="5,10,20,25,28,41,44,48,92,94,95,99,100" /><INIT seed="0,1,1,3,5,109" ten="265,235,235,255" oya="0" hai0="15,18,56,71,84,28,51,74,93,59,47,34,78" hai1="48,105,94,10,9,117,89,50,118,127,122,58,97" hai2="67,116,76,24,35,41,2,8,19,30,102,7,73" hai3="134,82,55,4,33,39,85,114,129,83,130,64,38"/><T32/><D71/><U25/><E122/><V3/><F102/><W5/><G33/><T92/><D74/><U20/><E105/><V13/><F67/><W63/><G55/><T66/><D28/><U91/><E127/><V131/><F41/><W123/><G123/><T115/><D34/><U49/><E89/><V128/><F76/><W11/><G134/><T110/><D32/><U12/><E58/><N who="0" m="22057" /><D110/><U1/><E9/><V45/><F45/><W54/><G54/><N who="0" m="30079" /><D66/><U29/><REACH who="1" step="1"/><E1/><REACH who="1" ten="265,225,235,255" step="2"/><N who="2" m="111" /><F73/><W72/><G11/><N who="0" m="6527" /><D115/><U106/><E106/><V86/><F116/><W111/><G72/><T99/><D99/><U96/><E96/><V22/><F86/><W107/><G85/><T27/><D27/><U120/><E120/><V124/><F124/><W42/><G107/><T103/><D103/><U80/><E80/><AGARI ba="1,2" hai="78,80,84,92,93" m="6527,30079,22057" machi="80" ten="30,1500,0" yaku="8,1" doraHai="109" who="0" fromWho="1" sc="265,38,225,-18,235,0,255,0" /><INIT seed="0,2,0,4,1,68" ten="303,207,235,255" oya="0" hai0="4,27,113,131,17,46,119,15,126,85,12,38,52" hai1="114,91,96,92,64,111,65,125,9,28,56,102,78" hai2="80,49,127,59,5,104,22,40,117,53,88,93,124" hai3="60,3,123,20,66,58,98,100,121,29,97,94,135"/><T70/><D119/><U0/><E114/><V45/><F104/><W108/><G3/><T13/><D113/><U74/><E125/><N who="2" m="48203" /><F117/><W24/><G108/><T18/><D70/><U120/><E111/><V14/><F80/><W41/><G41/><T47/><D126/><U16/><E28/><V67/><F67/><W110/><G110/><T133/><D4/><U19/><E120/><V115/><F115/><W83/><G135/><T71/><D71/><U37/><E65/><V55/><F59/><W57/><G98/><T63/><D133/><U32/><E32/><V79/><F79/><W33/><G33/><T90/><D38/><U95/><E37/><V6/><F6/><W116/><G116/><T107/><D107/><U106/><E78/><V35/><F35/><W128/><G128/><T77/><D77/><U1/><E74/><V72/><F72/><W81/><REACH who="3" step="1"/><G58/><REACH who="3" ten="303,207,235,245" step="2"/><N who="0" m="35271" /><D131/><U25/><E1/><V30/><F40/><W112/><G112/><T101/><D101/><U61/><E0/><V69/><F69/><W21/><G21/><N who="0" m="13743" /><D18/><U8/><E106/><V84/><F5/><W36/><G36/><T130/><D130/><U76/><E19/><N who="2" m="10615" /><F30/><W122/><AGARI ba="2,1" hai="20,24,29,57,60,66,81,83,94,97,100,121,122,123" machi="122" ten="30,8000,1" yaku="1,1,0,1,25,2,13,1,53,0" doraHai="68" doraHaiUra="2" who="3" fromWho="3" sc="303,-42,207,-22,235,-22,245,96" /><INIT seed="1,0,0,1,5,131" ten="261,185,213,341" oya="1" hai0="17,64,67,94,63,51,66,15,35,57,36,135,121" hai1="117,111,122,93,28,109,80,25,120,70,83,44,92" hai2="86,74,19,123,53,127,105,101,124,73,18,32,104" hai3="77,107,125,48,42,45,129,113,4,56,58,99,40"/><U71/><E44/><V61/><F32/><W31/><G129/><T7/><D35/><U130/><E130/><V100/><F123/><N who="1" m="47145" /><E25/><V49/><F61/><W24/><G125/><T41/><D7/><U95/><E28/><V22/><F86/><W62/><G113/><T119/><D121/><U50/><E50/><V132/><F22/><W47/><G77/><T60/><D94/><U97/><E97/><V37/><F49/><W20/><G4/><T6/><D17/><U59/><E59/><V116/><F53/><W30/><G107/><T16/><D16/><U103/><E103/><V102/><F102/><W26/><G99/><T81/><D15/><U9/><E9/><V85/><F85/><W5/><G5/><T46/><D6/><U14/><E14/><V87/><F87/><W33/><G62/><N who="0" m="23595" /><D81/><N who="1" m="31307" /><E117/><V112/><F112/><W76/><G76/><T78/><D78/><U79/><E79/><V128/><F128/><W2/><G2/><T68/><D119/><U27/><E27/><V39/><F116/><W13/><G13/><T0/><D0/><U38/><E38/><AGARI ba="0,0" hai="20,24,26,30,31,33,38,40,42,45,47,48,56,58" machi="38" ten="30,1000,0" yaku="7,1" doraHai="131" who="3" fromWho="1" sc="261,0,185,-10,213,0,341,10" /><INIT seed="2,0,0,5,1,33" ten="261,175,213,351" oya="2" hai0="101,104,124,99,58,86,113,108,74,119,61,10,76" hai1="88,89,125,55,128,106,9,110,92,69,68,23,131" hai2="48,98,75,67,102,18,122,135,43,28,87,49,14" hai3="65,79,97,96,134,22,123,111,41,70,15,0,114"/><V16/><F122/><W127/><G41/><T12/><D119/><U83/><E106/><V132/><F75/><W6/><G123/><T24/><D113/><U73/><E23/><V36/><F67/><W3/><G114/><T1/><D124/><U66/><E55/><V20/><F87/><W31/><G127/><T94/><D108/><U85/><E66/><V90/><F90/><W84/><G134/><N who="2" m="51241" /><F28/><W71/><G111/><T27/><D1/><U26/><E26/><N who="2" m="14599" /><F43/><W30/><G84/><T11/><D74/><U78/><E110/><V77/><F77/><W54/><G65/><T40/><D40/><U62/><E89/><V53/><F53/><W103/><G54/><T51/><D76/><U116/><E116/><V42/><F42/><W7/><G79/><T105/><D86/><U115/><E115/><V117/><F36/><W57/><G57/><T44/><D99/><U64/><E125/><V118/><F118/><W25/><G103/><T5/><D101/><U112/><E73/><V37/><F37/><W109/><G109/><T93/><D58/><U47/><E47/><V100/><F117/><W107/><G107/><T35/><D44/><U95/><E78/><V46/><F46/><W52/><G52/><T2/><D105/><U38/><E38/><V17/><F102/><W45/><G45/><T19/><D104/><U60/><E112/><V63/><F63/><W133/><G133/><T59/><D61/><U8/><E62/><V32/><F32/><W50/><G71/><T72/><D35/><U34/><E34/><V56/><F100/><W82/><G70/><RYUUKYOKU ba="0,0" sc="261,0,175,0,213,0,351,0" /><INIT seed="3,1,0,1,2,13" ten="261,175,213,351" oya="3" hai0="2,103,25,102,9,121,93,115,48,75,120,30,101" hai1="73,54,64,97,55,98,56,110,89,44,24,111,127" hai2="76,84,122,95,10,3,131,12,37,113,116,36,133" hai3="1,43,6,41,86,8,52,78,90,27,67,11,61"/><W70/><G78/><T45/><D75/><U83/><E127/><V130/><F3/><W124/><G124/><T81/><D115/><U63/><E24/><V71/><F113/><W42/><G11/><T49/><D81/><U20/><E20/><V91/><F116/><W35/><G35/><T51/><D45/><U34/><E34/><V5/><F122/><W69/><G27/><T132/><D93/><U26/><E26/><V66/><F133/><W106/><G106/><T32/><D132/><U135/><E135/><V134/><F134/><W114/><G114/><T104/><D104/><U88/><E73/><V126/><F126/><W105/><G105/><T23/><D32/><U16/><E44/><V92/><F92/><W109/><G109/><T129/><D129/><N who="2" m="49162" /><F76/><W7/><G7/><T33/><D33/><U18/><E83/><V80/><F80/><W39/><G39/><N who="2" m="14921" /><F66/><W46/><G67/><T58/><D121/><U112/><E112/><V79/><F79/><W100/><G100/><T0/><D120/><U40/><E40/><V29/><F29/><W108/><G108/><N who="1" m="41514" /><E98/><V68/><AGARI ba="1,0" hai="5,10,12,68,71,84,91,95" m="14921,49162" machi="68" ten="40,1500,0" yaku="19,1" doraHai="13" who="2" fromWho="2" sc="261,-5,175,-5,213,18,351,-8" /><INIT seed="4,0,0,4,5,19" ten="256,170,231,343" oya="0" hai0="21,81,44,110,30,7,32,85,36,16,134,93,115" hai1="127,108,83,46,18,117,13,114,125,33,61,71,72" hai2="58,121,94,116,4,52,96,28,111,49,22,45,92" hai3="55,84,65,57,78,113,109,133,6,38,130,123,27"/><T97/><D110/><U105/><E46/><V23/><F111/><W2/><G109/><T98/><D134/><U77/><E61/><N who="2" m="36039" /><F121/><W73/><G123/><T68/><D68/><U24/><E71/><V12/><F116/><W42/><G27/><T15/><D115/><U128/><E108/><V112/><F112/><W82/><G65/><T31/><D32/><U51/><E117/><V56/><F56/><W11/><G113/><T103/><D7/><U9/><E105/><V14/><F28/><W74/><G133/><T126/><D126/><U90/><E114/><V76/><F76/><W107/><G107/><T104/><D104/><U118/><E118/><V119/><F119/><W120/><G120/><T43/><D98/><U132/><E132/><V80/><F80/><W0/><G0/><T60/><D60/><U135/><E135/><V8/><F14/><W1/><G1/><T88/><AGARI ba="0,0" hai="15,16,21,30,31,36,43,44,81,85,88,93,97,103" machi="88" ten="20,12000,1" yaku="0,1,7,1,52,1,54,2" doraHai="19" who="0" fromWho="0" sc="256,120,170,-40,231,-40,343,-40" /><INIT seed="4,1,0,4,0,124" ten="376,130,191,303" oya="0" hai0="51,13,69,16,32,75,21,25,38,135,62,26,3" hai1="1,83,121,28,43,96,106,127,98,39,15,35,107" hai2="11,31,93,64,44,71,57,14,46,109,123,47,24" hai3="65,36,82,129,74,20,50,66,105,18,23,113,90"/><T79/><D38/><U72/><E15/><V110/><F71/><W104/><G113/><T95/><D3/><U37/><E127/><V8/><F123/><W89/><G36/><T128/><D79/><U115/><E121/><V120/><F120/><W103/><G103/><T125/><D75/><U30/><E1/><V116/><F116/><W86/><G74/><T54/><D125/><U118/><E72/><V122/><F122/><W126/><G126/><T133/><D95/><U81/><E35/><V56/><F93/><W132/><G132/><N who="0" m="50763" /><D32/><U7/><E7/><V102/><F102/><W97/><G50/><T87/><D87/><U52/><E43/><V17/><F11/><W41/><G41/><T45/><D128/><U5/><E5/><V119/><F119/><W55/><G129/><T76/><D76/><U42/><E42/><V100/><F100/><W112/><G112/><T48/><D48/><U101/><E101/><V0/><F0/><W70/><G105/><T27/><D69/><U60/><E60/><AGARI ba="1,0" hai="13,16,21,25,26,27,45,51,54,60,62" m="50763" machi="60" ten="30,2900,0" yaku="20,1,54,1" doraHai="124" who="0" fromWho="1" sc="376,32,130,-32,191,0,303,0" /><INIT seed="4,2,0,1,4,71" ten="408,98,191,303" oya="0" hai0="53,11,72,135,40,121,91,75,41,78,92,127,57" hai1="36,133,48,69,1,97,88,61,90,87,14,116,128" hai2="130,26,20,32,85,76,35,49,118,27,83,86,21" hai3="102,119,29,10,33,114,73,25,59,19,122,108,6"/><T77/><D121/><U9/><E116/><V74/><F118/><W55/><G119/><T56/><D127/><U120/><E120/><V67/><F130/><W100/><G122/><T3/><D135/><U31/><E128/><V125/><F125/><W93/><G108/><T42/><D11/><U52/><E133/><V84/><F67/><W39/><G39/><T63/><D3/><U109/><E1/><V98/><F98/><W18/><G73/><T16/><D75/><U30/><E36/><V7/><F7/><W34/><G114/><T132/><D72/><U54/><E69/><V68/><F49/><W134/><G134/><T129/><D129/><U70/><E70/><V43/><F43/><W47/><G47/><T51/><D16/><N who="1" m="8271" /><E109/><V103/><F103/><W89/><G34/><T82/><D82/><N who="1" m="49271" /><E61/><V64/><F64/><W15/><G19/><T126/><D126/><U5/><E5/><V62/><F62/><W66/><G6/><T113/><D132/><U107/><E107/><V0/><F0/><W94/><G33/><T45/><D113/><U13/><E13/><V110/><F68/><W79/><G15/><T106/><D106/><U22/><E22/><V4/><F4/><W8/><G10/><T58/><D63/><U60/><E60/><V80/><F110/><W23/><G8/><T96/><AGARI ba="2,0" hai="40,41,42,45,51,53,56,57,58,77,78,91,92,96" machi="96" ten="30,3000,0" yaku="0,1,8,1" doraHai="71" who="0" fromWho="0" sc="408,36,98,-12,191,-12,303,-12" /><INIT seed="4,3,0,2,3,81" ten="444,86,179,291" oya="0" hai0="66,101,134,76,5,16,133,43,49,61,58,79,22" hai1="69,15,6,10,116,83,24,14,98,105,48,3,25" hai2="63,128,103,122,114,23,100,62,50,74,19,57,118" hai3="41,94,90,34,26,96,95,106,87,37,85,135,27"/><T44/><D5/><U0/><E69/><V28/><F122/><W52/><G135/><N who="0" m="51723" /><D101/><U35/><E48/><V1/><F1/><N who="1" m="585" /><E83/><V97/><F74/><W89/><G34/><T91/><D91/><U102/><E98/><V4/><F4/><W132/><G132/><T12/><AGARI ba="3,0" hai="12,16,22,43,44,49,58,61,66,76,79" m="51723" machi="12" ten="30,3000,0" yaku="20,1,54,1" doraHai="81" who="0" fromWho="0" sc="444,39,86,-13,179,-13,291,-13" /><INIT seed="4,4,0,2,4,112" ten="483,73,166,278" oya="0" hai0="49,84,37,85,96,67,97,129,71,32,15,13,133" hai1="94,6,65,9,21,122,24,109,131,114,11,123,130" hai2="87,31,10,100,43,48,38,93,119,3,132,101,33" hai3="60,36,72,8,16,99,29,127,76,110,61,113,17"/><T68/><D37/><U2/><E65/><V92/><F38/><W44/><G110/><T98/><D32/><U77/><E94/><V80/><F132/><W95/><G127/><T82/><D67/><U7/><E77/><V134/><F134/><W0/><G113/><T116/><D133/><U12/><E109/><V104/><F33/><W57/><G29/><T22/><D22/><U115/><E115/><V128/><F31/><W105/><G105/><T56/><D129/><U40/><E40/><V66/><F66/><W126/><G126/><T34/><D34/><U83/><E83/><V121/><F48/><W107/><G107/><T45/><D56/><U46/><E46/><V47/><F47/><W27/><G72/><T19/><D19/><N who="1" m="12351" /><E114/><V35/><F35/><W69/><G76/><T1/><D82/><U111/><E111/><V106/><F43/><W90/><G69/><T55/><D49/><U78/><E78/><V102/><F10/><W5/><G27/><T53/><D45/><U62/><E62/><V89/><F3/><W73/><G73/><T58/><D58/><U108/><E108/><V135/><F135/><W23/><G23/><T51/><D51/><U42/><E42/><V74/><F128/><AGARI ba="4,0" hai="2,6,7,9,11,12,122,123,128,130,131" m="12351" machi="128" ten="30,3900,0" yaku="19,1,34,2" doraHai="112" who="1" fromWho="2" sc="483,0,73,51,166,-51,278,0" /><INIT seed="5,0,0,4,2,93" ten="483,124,115,278" oya="1" hai0="49,60,95,77,9,59,26,51,34,55,2,126,30" hai1="134,41,71,6,115,90,91,69,27,102,38,43,16" hai2="48,74,0,131,122,54,113,66,127,98,123,23,18" hai3="17,11,24,73,105,53,112,58,94,128,63,56,64"/><U125/><E6/><V108/><F108/><W14/><G105/><T110/><D110/><U67/><E102/><V82/><F0/><W133/><G112/><T92/><D126/><U107/><E107/><V81/><F127/><W117/><G117/><T88/><D77/><U106/><E106/><V5/><F5/><W57/><G133/><T130/><D130/><U20/><E125/><V10/><F10/><W104/><G104/><T1/><D95/><U22/><E115/><V70/><F113/><W28/><G128/><T89/><D89/><U109/><E109/><V35/><F131/><W44/><G73/><T42/><D9/><U99/><E134/><V80/><F35/><W75/><G75/><T25/><D25/><U124/><E124/><V37/><F37/><W101/><G44/><T47/><D51/><U15/><E67/><V83/><F74/><W19/><G17/><T84/><AGARI ba="0,0" hai="1,2,26,30,34,42,47,49,55,59,60,84,88,92" machi="84" ten="20,2700,0" yaku="0,1,7,1,54,1" doraHai="93" who="0" fromWho="0" sc="483,27,124,-13,115,-7,278,-7" /><INIT seed="6,0,0,1,0,36" ten="510,111,108,271" oya="2" hai0="99,31,24,124,17,34,76,48,117,2,16,6,15" hai1="70,80,89,7,98,91,30,123,27,100,63,54,71" hai2="106,59,69,113,19,133,18,26,65,68,118,82,77" hai3="11,50,96,62,75,41,134,126,25,45,131,20,109"/><V88/><F118/><W72/><G109/><T105/><D117/><U14/><E123/><V8/><F106/><W129/><G126/><T102/><D124/><U64/><E70/><V104/><F104/><W32/><G134/><T79/><D17/><U74/><E54/><V47/><F133/><W108/><G108/><T84/><D84/><U43/><E43/><V58/><F113/><W29/><G62/><T130/><D130/><N who="3" m="49673" /><G96/><T115/><D115/><U52/><E52/><V56/><F65/><W12/><G20/><N who="0" m="11295" /><D48/><U127/><E14/><N who="2" m="7495" /><F77/><W110/><G110/><T10/><AGARI ba="0,0" hai="2,6,10,24,31,34,76,79,99,102,105" m="11295" machi="10" ten="30,2000,0" yaku="24,1,54,1" doraHai="36" who="0" fromWho="0" sc="510,20,111,-5,108,-10,271,-5" /><INIT seed="7,0,0,4,1,87" ten="530,106,98,266" oya="3" hai0="117,113,40,112,81,17,28,93,11,1,9,70,99" hai1="67,101,10,103,72,75,133,24,126,132,41,134,97" hai2="105,55,53,13,12,56,102,43,109,107,84,20,83" hai3="104,86,58,50,116,19,25,130,131,54,29,14,111"/><W37/><G116/><T82/><D70/><U123/><E123/><V95/><F109/><W89/><G111/><T45/><D28/><U61/><E126/><V49/><F107/><W85/><G104/><T98/><D98/><U34/><E41/><V76/><F105/><W65/><G37/><T22/><D11/><U7/><E24/><V69/><F69/><W21/><G65/><T94/><D94/><N who="1" m="58551" /><E103/><V128/><F128/><W78/><G78/><T8/><D8/><U92/><E92/><V115/><F115/><N who="0" m="44106" /><D9/><U62/><E34/><V35/><F35/><W90/><G130/><T91/><D1/><N who="1" m="367" /><E67/><V4/><F43/><W0/><G0/><T125/><D125/><U88/><E88/><N who="3" m="33898" /><G131/><T42/><D117/><U124/><E124/><V32/><F32/><W26/><G26/><N who="0" m="14671" /><D42/><U120/><E120/><V52/><F4/><W5/><G5/><T121/><D121/><U23/><E23/><AGARI ba="0,0" hai="14,19,21,23,25,29,50,54,58,85,86" m="33898" machi="23" ten="30,12000,1" yaku="8,1,52,3,54,1" doraHai="87" who="3" fromWho="1" sc="530,0,106,-120,98,0,266,120" owari="530,62.0,-14,-51.0,98,-30.0,386,19.0" /></mjloggm>