<mjloggm ver="2.3"><GO type="97" lobby="0"/><UN n0="%E3%82%A6%E3%83%AB%E3%83%88%E3%83%A9%E7%AB%8B%E7%9B%B4" n1="%E3%83%84%E3%82%AB%E3%83%B3%E3%83%9D%E3%83%97" n2="%28%E3%80%82%E3%83%BB%CF%89%E3%83%BB%E3%80%82%29" n3="%E2%96%A0%6B%61%6E%62%61%72%61" dan="15,15,16,13" rate="2031.54,1965.38,2029.76,1826.74" sx="M,M,M,M"/><TAIKYOKU oya="0"/><INIT seed="0,0,0,5,1,26" ten="250,250,250,250" oya="0" hai0="48,25,10,95,57,2,89,132,42,59,129,121,60" hai1="75,96,30,36,119,13,130,98,115,135,133,5,22" hai2="107,109,16,39,38,41,117,79,127,14,85,74,122" hai3="90,81,24,32,64,47,77,113,3,31,73,40,83"/><T52/><D129/><U12/><E36/><V9/><F122/><W53/><G3/><T126/><D132/><N who="1" m="50763" /><E75/><V120/><F120/><W104/><G104/><T128/><D128/><U50/><E119/><V15/><F74/><W68/><G64/><T92/><D121/><U84/><E130/><V28/><F107/><W49/><G68/><T111/><D126/><U11/><E115/><V44/><F127/><W34/><G113/><T43/><D111/><U62/><E84/><V66/><F117/><W101/><G101/><T23/><D10/><N who="1" m="4175" /><E50/><V116/><F109/><W65/><G65/><N who="0" m="39055" /><D2/><U114/><E62/><V55/><F39/><W21/><G83/><T70/><D70/><U106/><E106/><V27/><F116/><W45/><REACH who="3" step="1"/><G90/><REACH who="3" ten="250,250,250,240" step="2"/><T105/><D105/><U99/><E114/><V17/><F66/><W8/><G8/><T100/><D100/><U125/><E125/><V37/><F9/><W61/><G61/><T56/><D95/><U46/><E46/><V131/><F44/><W4/><G4/><T91/><D59/><U93/><E93/><V6/><F6/><W103/><G103/><T112/><D112/><U80/><E80/><V88/><F131/><W94/><G94/><T51/><D92/><U29/><E22/><V18/><F88/><N who="0" m="33866" /><D51/><AGARI ba="0,1" hai="21,24,31,32,34,40,45,47,49,51,53,73,77,81" machi="51" ten="30,3900,0" yaku="1,1,7,1,52,1,53,0" doraHai="26" doraHaiUra="67" who="3" fromWho="0" sc="250,-39,250,0,250,0,240,49" /><INIT seed="1,0,0,2,3,69" ten="211,250,250,289" oya="1" hai0="72,70,127,135,44,22,91,54,27,1,81,122,104" hai1="84,76,41,40,43,118,83,82,6,131,55,35,134" hai2="9,78,0,23,100,65,128,95,19,13,58,45,67" hai3="117,34,42,11,53,125,130,109,28,16,74,47,60"/><U37/><E118/><V18/><F128/><W80/><G109/><T66/><D1/><U129/><E35/><V110/><F110/><W46/><G130/><N who="1" m="49674" /><E134/><V51/><F78/><W64/><G117/><T114/><D104/><U73/><E55/><N who="2" m="30191" /><F0/><W111/><G111/><T17/><D114/><U101/><E101/><V107/><F107/><W49/><G125/><T38/><D135/><U105/><E105/><V68/><F68/><W92/><G28/><T89/><D127/><U75/><E6/><V30/><F30/><W120/><G120/><T15/><D122/><U5/><E5/><V77/><F77/><W25/><G34/><T103/><D103/><U121/><E121/><V50/><F95/><W90/><G80/><T61/><D81/><U59/><E59/><V2/><F2/><W4/><G74/><N who="1" m="28170" /><E82/><V133/><F100/><W115/><G115/><T52/><D72/><U63/><E63/><V39/><F133/><W71/><G4/><T33/><D89/><U93/><E93/><V3/><F3/><W132/><G132/><T113/><D91/><U87/><E87/><V94/><F94/><W123/><G123/><T48/><D113/><U56/><E56/><V108/><F108/><W31/><G90/><T21/><D33/><U10/><E10/><V7/><F7/><W124/><G11/><T86/><D86/><U24/><E24/><N who="2" m="14455" /><F67/><W26/><G64/><T32/><D32/><U99/><E99/><V57/><F65/><W8/><G124/><T98/><D98/><U96/><E96/><V112/><F112/><W14/><G8/><T116/><D27/><RYUUKYOKU ba="0,0" sc="211,-10,250,30,250,-10,289,-10" hai1="37,40,41,43,76,83,84" /><INIT seed="1,1,0,3,0,117" ten="201,280,240,279" oya="1" hai0="20,19,37,107,13,8,3,59,134,82,89,41,119" hai1="83,128,77,109,34,9,61,56,44,39,76,106,96" hai2="99,129,102,69,10,4,49,68,104,42,32,18,130" hai3="88,52,116,131,114,17,38,98,28,50,113,30,120"/><U124/><E34/><V51/><F32/><W29/><G38/><T91/><D107/><U65/><E124/><V46/><F18/><W84/><G116/><T55/><D119/><U23/><E128/><N who="2" m="49259" /><F51/><W54/><G131/><T60/><D134/><U57/><E109/><V74/><F74/><W94/><G114/><T72/><D41/><U6/><E23/><V70/><F69/><W79/><G113/><T135/><D37/><U86/><E76/><V64/><F64/><W112/><G112/><T14/><D135/><U11/><E11/><V5/><F5/><W31/><G120/><T71/><D3/><AGARI ba="1,0" hai="3,4,10,42,46,49,68,70,99,102,104" m="49259" machi="3" ten="30,1000,0" yaku="19,1" doraHai="117" who="2" fromWho="0" sc="201,-13,280,0,240,13,279,0" /><INIT seed="2,0,0,4,3,9" ten="188,280,253,279" oya="2" hai0="117,112,15,18,80,49,68,123,81,99,78,100,39" hai1="65,119,53,110,90,42,48,19,103,4,91,72,37" hai2="85,38,115,98,75,46,51,120,84,23,3,66,64" hai3="114,11,88,121,8,1,21,30,134,12,33,5,55"/><V36/><F75/><W50/><G121/><T128/><D39/><U10/><E72/><V87/><F3/><W94/><G134/><T96/><D68/><U0/><E119/><V118/><F118/><W122/><G122/><T40/><D123/><U54/><E110/><V92/><F120/><W113/><G33/><T135/><D112/><U27/><E65/><V28/><F115/><W59/><G21/><N who="0" m="11487" /><D135/><U34/><E37/><V101/><F38/><W71/><G30/><T31/><D128/><U69/><E69/><V67/><F36/><W82/><G82/><N who="0" m="31851" /><D117/><U6/><E6/><V61/><F28/><W20/><G20/><T63/><D78/><U52/><E103/><V29/><F29/><W41/><G41/><T73/><D73/><U60/><E60/><V16/><F61/><W77/><G77/><T102/><D31/><U62/><E62/><V133/><F133/><W76/><G76/><T17/><D63/><U24/><E34/><V127/><F127/><W104/><G104/><T79/><D79/><U32/><E32/><V107/><F107/><W43/><G43/><T57/><D17/><U105/><E105/><V22/><REACH who="2" step="1"/><F16/><REACH who="2" ten="188,280,243,279" step="2"/><W89/><G71/><T7/><D7/><U14/><E0/><V70/><F70/><W26/><G113/><T106/><D106/><U95/><E19/><V56/><F56/><W116/><G114/><T25/><D25/><N who="1" m="9803" /><E95/><V13/><F13/><W126/><G12/><T109/><D57/><U108/><E108/><V124/><F124/><W2/><G126/><T45/><D109/><U47/><AGARI ba="0,1" hai="4,10,14,42,47,48,52,53,54,90,91" m="9803" machi="47" ten="30,4000,0" yaku="8,1,52,1,54,1" doraHai="9" who="1" fromWho="1" sc="188,-10,280,50,243,-20,279,-10" /><INIT seed="3,0,0,0,2,46" ten="178,330,223,269" oya="3" hai0="102,63,22,17,8,125,118,6,4,109,16,49,21" hai1="120,87,62,1,79,66,50,119,92,127,23,47,27" hai2="82,99,41,72,38,32,53,14,93,34,65,52,48" hai3="76,40,5,54,86,25,70,133,51,107,12,130,2"/><W61/><G107/><T24/><D118/><U108/><E1/><V57/><F53/><W98/><G130/><T83/><D109/><U10/><E10/><V97/><F97/><W35/><G133/><T123/><D125/><U90/><E108/><V19/><F65/><W60/><G2/><T43/><D123/><U135/><E135/><V56/><F56/><W7/><G40/><T13/><D102/><U20/><E127/><V42/><F72/><W39/><G39/><T131/><D131/><U44/><E120/><V115/><F115/><W96/><G70/><T37/><D37/><U18/><E119/><V100/><F82/><W132/><G132/><T112/><D112/><U73/><E73/><V36/><F36/><W64/><G35/><T0/><D0/><U110/><E79/><V129/><F129/><W80/><G64/><T114/><D114/><U78/><E78/><V128/><F128/><W105/><G25/><N who="0" m="14503" /><D83/><U124/><E124/><V88/><F100/><W26/><G26/><T33/><D63/><N who="3" m="24137" /><G105/><T58/><D33/><U94/><E110/><V31/><F38/><W84/><G12/><T9/><D9/><U29/><E92/><V55/><F55/><W74/><G74/><T81/><D81/><U95/><E95/><V85/><F34/><W116/><G116/><T103/><D103/><U117/><E117/><V45/><F32/><W106/><G106/><T122/><D122/><U75/><E75/><V134/><F134/><W71/><G71/><T67/><D67/><U15/><E66/><V89/><F14/><W104/><G104/><T113/><D113/><RYUUKYOKU ba="0,0" sc="178,0,330,0,223,0,269,0" owari="178,-32.0,330,43.0,223,-18.0,269,7.0" /></mjloggm>