<mjloggm ver="2.3"><GO type="169" lobby="0"/><UN n0="%E3%83%AA%E3%83%BC%E3%83%81%EF%BC%91" n1="%E2%98%85%E3%83%9B%E3%83%BC%E3%82%B9%E2%98%85" n2="%E3%82%A6%E3%83%AB%E3%83%88%E3%83%A9%E7%AB%8B%E7%9B%B4" n3="%E3%83%80%E3%83%9E%E3%83%86%E3%83%B3" dan="17,16,17,16" rate="2157.55,2120.78,2067.58,2135.11" sx="M,M,M,M"/><TAIKYOKU oya="0"/><INIT seed="0,0,0,2,2,57" ten="250,250,250,250" oya="0" hai0="41,42,44,59,11,114,29,48,61,21,110,66,116" hai1="7,49,80,131,94,27,123,8,18,78,23,12,32" hai2="37,133,25,130,108,68,90,84,92,81,40,64,65" hai3="127,9,101,122,19,74,95,53,118,22,77,16,35"/><T125/><D116/><U126/><E123/><V129/><F40/><W99/><G118/><T14/><D114/><U4/><E131/><V63/><F37/><W56/><G35/><T72/><D72/><U93/><E126/><V103/><F65/><W117/><G127/><T51/><D125/><U45/><E32/><V46/><F46/><W107/><G117/><T100/><D110/><U0/><E4/><V89/><F103/><W5/><G122/><T120/><D120/><U82/><E0/><V119/><F119/><W132/><G132/><T34/><D34/><U55/><E82/><V124/><F124/><W6/><G107/><T79/><D100/><U112/><E112/><V88/><F133/><W3/><G5/><T36/><D79/><U70/><REACH who="1" step="1"/><E70/><REACH who="1" ten="250,240,250,250" step="2"/><V60/><F129/><W111/><G111/><T43/><D36/><U13/><E13/><V1/><F1/><W75/><G77/><T113/><D113/><U20/><E20/><V71/><F108/><W10/><G10/><T62/><D11/><U135/><E135/><V17/><F130/><W86/><G3/><T28/><D14/><U54/><E54/><V128/><F128/><W15/><G6/><T134/><D21/><U38/><E38/><V47/><F71/><W2/><G2/><T102/><D134/><U105/><E105/><V33/><F33/><W115/><G115/><T106/><D106/><U30/><E30/><V83/><F68/><W85/><G9/><T87/><D29/><U96/><E96/><V69/><F69/><W39/><G39/><T31/><D31/><U26/><E26/><RYUUKYOKU ba="0,1" sc="250,-10,240,30,250,-10,250,-10" hai1="7,8,12,18,23,27,45,49,55,78,80,93,94" /><INIT seed="1,1,1,1,4,115" ten="240,270,240,240" oya="1" hai0="135,132,55,54,122,33,25,47,42,111,86,18,37" hai1="95,1,121,73,29,31,57,34,134,88,70,91,12" hai2="2,41,124,9,24,53,67,43,109,15,72,130,17" hai3="26,71,62,40,92,63,98,39,76,114,11,108,50"/><U49/><E70/><V118/><F2/><W0/><G114/><T75/><D75/><U116/><E73/><V126/><F67/><W58/><G39/><T104/><D111/><U13/><E1/><V129/><F109/><W6/><G71/><T44/><D122/><U113/><E121/><V8/><F8/><W83/><G26/><T21/><D104/><U120/><E120/><V23/><F53/><W81/><G108/><T5/><D33/><U128/><E113/><V56/><F56/><W103/><G81/><T127/><D5/><U22/><E34/><V77/><F77/><W123/><G123/><T32/><D32/><U35/><E35/><V102/><F102/><W110/><G110/><T119/><D119/><U4/><E116/><V74/><F74/><W61/><G40/><N who="2" m="15433" /><F72/><W94/><G50/><T112/><D112/><U79/><E79/><V68/><F68/><W69/><G69/><T60/><D47/><U97/><E91/><V106/><F106/><W59/><G63/><T80/><D60/><U3/><E3/><V96/><F96/><N who="3" m="59783" /><G61/><T16/><D54/><U64/><E64/><V84/><F124/><W7/><G62/><T101/><D55/><U125/><E125/><V19/><F126/><W133/><G7/><T65/><D65/><U66/><E66/><V48/><F48/><W93/><G58/><T27/><D127/><U14/><E57/><V89/><F118/><W82/><G59/><T36/><D36/><U117/><E4/><V87/><F89/><W78/><G0/><T131/><D37/><U45/><E117/><V85/><AGARI ba="1,1" hai="9,15,17,19,23,24,84,85,87,129,130" m="15433" machi="85" ten="30,1100,0" yaku="5,1" doraHai="115" who="2" fromWho="2" sc="240,-4,270,-6,240,24,240,-4" /><INIT seed="2,0,0,0,4,28" ten="236,264,264,236" oya="2" hai0="110,103,8,122,39,75,0,25,91,69,120,107,21" hai1="50,24,64,44,111,38,7,86,11,96,106,89,81" hai2="23,4,49,56,51,84,19,123,95,71,93,62,3" hai3="87,45,16,46,94,131,9,83,117,127,15,59,115"/><V80/><F71/><W63/><G117/><T12/><D39/><U100/><E111/><V5/><F123/><W30/><G115/><T61/><D75/><U52/><E38/><V129/><F129/><W6/><G131/><T48/><D0/><U76/><E64/><V113/><F113/><W99/><G30/><T126/><D126/><U101/><E24/><V22/><F3/><W116/><G116/><T90/><D110/><U26/><E26/><V43/><F5/><W104/><G104/><T20/><D20/><U70/><E70/><V67/><F4/><W130/><G6/><T78/><D78/><U112/><E112/><V132/><F23/><W2/><G2/><T98/><D48/><N who="2" m="18506" /><F43/><W36/><G36/><T133/><D133/><U37/><E37/><V79/><F132/><W35/><G35/><T135/><D135/><U18/><E7/><V42/><F42/><W114/><G114/><T65/><D8/><U53/><E53/><V1/><F1/><W85/><G127/><T77/><D12/><AGARI ba="0,0" hai="12,19,22,56,62,67,79,80,84,93,95" m="18506" machi="12" ten="30,1500,0" yaku="8,1" doraHai="28" who="2" fromWho="0" sc="236,-15,264,0,264,15,236,0" /><INIT seed="2,1,0,4,1,121" ten="221,264,279,236" oya="2" hai0="25,93,109,108,65,0,128,49,18,20,37,16,127" hai1="101,47,58,118,92,88,3,74,79,22,97,114,122" hai2="98,32,13,19,91,44,76,9,63,111,30,70,75" hai3="60,28,29,100,42,62,87,2,125,102,80,27,38"/><V130/><F76/><W135/><G2/><T105/><D37/><U59/><E122/><V67/><F75/><W55/><G135/><T78/><D105/><U24/><E118/><V131/><F44/><W6/><G6/><T77/><D127/><U69/><E69/><V12/><F12/><W34/><G125/><T56/><D128/><N who="2" m="49194" /><F91/><W73/><G73/><T41/><D0/><U7/><E114/><V50/><F50/><W54/><G29/><T36/><D36/><U126/><E126/><V120/><F98/><W86/><G38/><T90/><D18/><U83/><E47/><V110/><F120/><W4/><G42/><T53/><D41/><U117/><E117/><V45/><F45/><W71/><G4/><T124/><D65/><U35/><E35/><V81/><F81/><W72/><G72/><T40/><D40/><U94/><E7/><V5/><F5/><W15/><G15/><T84/><D124/><U68/><E68/><V39/><F39/><W89/><G71/><T103/><D103/><U43/><E43/><V14/><F14/><W57/><G87/><T51/><D51/><U134/><E3/><V33/><F33/><W1/><G1/><T11/><D11/><U119/><E119/><V21/><F21/><W52/><G100/><T10/><D10/><U107/><E58/><V104/><F104/><W26/><G102/><T129/><D129/><U8/><E59/><V46/><F46/><W23/><G57/><T17/><D17/><N who="1" m="12367" /><E8/><V112/><F112/><W106/><G106/><T66/><D66/><U123/><E107/><V31/><F32/><RYUUKYOKU ba="1,0" sc="221,10,264,-30,279,10,236,10" hai0="16,20,25,49,53,56,77,78,84,90,93,108,109" hai2="9,13,19,30,31,63,67,70,110,111" hai3="23,26,27,28,34,52,54,55,60,62,80,86,89" /><INIT seed="2,2,0,4,0,30" ten="231,234,289,246" oya="2" hai0="132,75,81,71,48,12,31,1,27,35,56,37,52" hai1="128,91,92,19,59,29,105,94,4,53,104,34,134" hai2="86,64,98,22,24,74,77,14,67,87,44,96,73" hai3="6,61,111,46,125,2,69,17,3,39,90,25,126"/><V115/><F77/><W116/><G116/><T65/><D1/><U36/><E36/><V80/><F80/><W79/><G79/><T119/><D119/><U133/><E4/><V40/><F14/><W54/><G6/><T13/><D75/><U42/><E42/><V21/><F40/><N who="3" m="22815" /><G90/><T85/><D132/><N who="1" m="50795" /><E128/><V97/><F24/><W50/><G111/><T101/><D101/><U68/><E68/><V130/><F130/><W10/><G61/><T60/><REACH who="0" step="1"/><D37/><REACH who="0" ten="221,234,289,246" step="2"/><U20/><E105/><V5/><F74/><W8/><G2/><T62/><D62/><U51/><E104/><V95/><F73/><W7/><G3/><T55/><D55/><U109/><E109/><V93/><F67/><W0/><G54/><T100/><D100/><U11/><E53/><V66/><F64/><W135/><G0/><T16/><D16/><U45/><E19/><V107/><F66/><W129/><G17/><T124/><D124/><U26/><E51/><V84/><F107/><W112/><G135/><T121/><D121/><U32/><E29/><V70/><F5/><W110/><G129/><T18/><D18/><U63/><E63/><V108/><F108/><W106/><G110/><T72/><D72/><U9/><E9/><V117/><F117/><W127/><G106/><T49/><D49/><U47/><E11/><V102/><F102/><W82/><G50/><T83/><D83/><U103/><E103/><V28/><F28/><W58/><G82/><T33/><D33/><U57/><E34/><V38/><F38/><W88/><G126/><T78/><AGARI ba="2,1" hai="12,13,27,31,35,48,52,56,60,65,71,78,81,85" machi="78" ten="20,8000,1" yaku="1,1,0,1,7,1,52,1,54,1,53,0" doraHai="30" doraHaiUra="99" who="0" fromWho="0" sc="221,96,234,-22,289,-42,246,-22" /><INIT seed="3,0,0,2,0,6" ten="317,212,247,224" oya="3" hai0="76,61,33,38,71,39,90,16,116,73,43,69,46" hai1="63,118,28,93,132,36,127,70,83,7,59,78,3" hai2="114,124,98,40,99,86,22,37,11,49,121,107,4" hai3="75,54,106,131,44,20,105,56,60,68,130,66,135"/><W35/><G75/><T52/><D116/><U15/><E3/><V125/><F37/><W96/><G35/><T79/><D38/><U129/><E70/><V92/><F107/><W1/><G1/><T24/><D73/><U58/><E36/><V128/><F114/><W72/><G72/><T51/><D71/><U123/><E28/><V41/><F128/><N who="3" m="49195" /><G135/><T133/><D133/><U8/><E132/><V64/><F121/><W53/><G20/><N who="0" m="13319" /><D90/><U50/><E118/><V115/><F22/><W95/><G44/><T9/><D9/><U126/><E123/><V117/><F117/><W17/><G17/><T82/><D82/><U77/><E83/><V81/><F115/><W18/><G18/><T32/><D32/><U10/><E10/><V97/><F11/><W67/><G67/><N who="0" m="41199" /><D33/><U94/><E129/><V27/><F64/><W91/><G53/><T21/><D21/><U62/><E8/><V108/><F4/><W84/><G84/><T25/><D25/><U74/><E74/><V48/><F27/><W12/><G12/><T87/><D87/><U85/><E85/><V42/><F86/><W65/><G65/><T55/><D55/><U104/><E7/><V113/><F113/><W88/><G91/><T23/><D23/><U5/><E5/><V120/><F120/><W34/><G34/><T30/><D30/><U0/><E0/><V14/><F14/><W57/><G68/><T134/><D134/><U26/><E15/><V80/><F80/><W101/><G101/><T100/><D100/><U45/><E45/><V29/><F81/><W119/><G119/><RYUUKYOKU ba="0,0" sc="317,15,212,-15,247,-15,224,15" hai0="39,43,46,51,52,76,79" hai3="54,56,57,60,66,88,95,96,105,106" /><INIT seed="3,1,0,0,4,125" ten="332,197,232,239" oya="3" hai0="112,89,13,97,28,21,131,57,65,75,12,46,88" hai1="50,105,49,98,1,11,104,18,66,101,93,120,36" hai2="2,94,58,61,31,47,33,64,45,128,6,132,107" hai3="83,20,130,110,62,40,54,135,22,117,74,121,26"/><W9/><G121/><T82/><D112/><U92/><E120/><V39/><F107/><W84/><G117/><T10/><D75/><U80/><E36/><V81/><F31/><W71/><G74/><T30/><D46/><U122/><E122/><V59/><F33/><W48/><G135/><T129/><D65/><U103/><E66/><V96/><F6/><W14/><G40/><T111/><D57/><U126/><E80/><V52/><F2/><W115/><G115/><T109/><D82/><U43/><E126/><V68/><F68/><W63/><G71/><T17/><D97/><U116/><E116/><V108/><F132/><W91/><G110/><N who="0" m="41995" /><D30/><U24/><E1/><V38/><F81/><W119/><G119/><T44/><D44/><N who="2" m="16970" /><F94/><W78/><G83/><T73/><D73/><U27/><E98/><V118/><F96/><W134/><G134/><T15/><D28/><U55/><E55/><V87/><F87/><W76/><G54/><T34/><D34/><U79/><E79/><V5/><F108/><W25/><G84/><T8/><D8/><U0/><E0/><V113/><F113/><W77/><G77/><T42/><D42/><U106/><E43/><V19/><F118/><W133/><G76/><T90/><D13/><U85/><E85/><V69/><F39/><W37/><G78/><T70/><D70/><U60/><E106/><V35/><F69/><W29/><G37/><T102/><D102/><U3/><E3/><V100/><F35/><W51/><G133/><T56/><D56/><U4/><E105/><V123/><F38/><W127/><G127/><RYUUKYOKU ba="1,0" sc="332,30,197,-10,232,-10,239,-10" hai0="10,12,15,17,21,88,89,90,129,131" /><INIT seed="4,2,0,3,5,48" ten="362,187,222,229" oya="0" hai0="82,59,106,20,35,4,114,39,9,6,121,112,118" hai1="102,10,115,110,37,75,111,8,56,132,129,34,29" hai2="46,14,18,31,92,72,22,12,64,26,45,126,99" hai3="44,5,70,88,23,74,42,0,49,85,127,122,58"/><T98/><D35/><U84/><E75/><V120/><F72/><W94/><G70/><T108/><D121/><U13/><E37/><V130/><F120/><W93/><G74/><T81/><D39/><U117/><E102/><V7/><F126/><W60/><G122/><T103/><D118/><U78/><E117/><V128/><F64/><W97/><G127/><T125/><D125/><U61/><E115/><N who="0" m="44073" /><D108/><N who="1" m="41515" /><E132/><V27/><F27/><W123/><G123/><T53/><D20/><U11/><E129/><N who="2" m="49771" /><F7/><N who="0" m="2602" /><D9/><U63/><E63/><AGARI ba="2,0" hai="53,59,63,81,82,98,103,106" m="2602,44073" machi="63" ten="30,2900,0" yaku="15,1,52,1" doraHai="48" who="0" fromWho="1" sc="362,35,187,-35,222,0,229,0" /><INIT seed="4,3,0,0,1,3" ten="397,152,222,229" oya="0" hai0="112,87,127,74,122,70,28,4,6,86,134,126,49" hai1="17,0,94,114,76,62,91,71,20,56,135,121,128" hai2="33,66,52,54,29,95,25,101,45,34,89,60,14" hai3="22,21,19,59,84,40,16,77,102,43,125,69,42"/><T93/><D74/><U32/><E32/><V132/><F132/><W55/><G69/><T130/><D134/><U88/><E0/><V129/><F129/><W26/><G125/><N who="0" m="47627" /><D130/><U73/><E128/><V111/><F111/><W72/><G72/><T8/><D70/><U11/><E135/><V27/><F101/><W36/><G36/><T10/><D122/><U2/><E121/><V31/><F45/><W133/><G133/><T103/><D112/><U120/><E71/><V97/><F14/><W99/><G84/><N who="0" m="32299" /><D28/><U18/><E120/><V13/><F13/><W58/><G77/><T131/><D131/><U64/><E114/><V47/><F47/><W24/><REACH who="3" step="1"/><G55/><REACH who="3" ten="397,152,222,219" step="2"/><T119/><D119/><U116/><E116/><V104/><F104/><AGARI ba="3,1" hai="16,19,21,22,24,26,40,42,43,58,59,99,102,104" machi="104" ten="40,8000,1" yaku="1,1,2,1,9,1,54,1,53,0" doraHai="3" doraHaiUra="68" who="3" fromWho="2" sc="397,0,152,0,222,-89,219,99" /><INIT seed="5,0,0,5,4,88" ten="397,152,133,318" oya="1" hai0="108,123,48,119,67,105,77,116,24,3,60,30,115" hai1="104,0,18,133,98,89,8,40,35,43,39,73,58" hai2="92,135,91,122,111,5,126,57,53,72,90,59,12" hai3="68,9,46,19,49,78,51,21,95,131,81,54,22"/><U34/><E73/><V110/><F72/><W7/><G131/><T83/><D105/><U15/><E133/><V100/><F122/><W55/><G68/><T97/><D3/><U117/><E117/><V44/><F126/><W99/><G19/><T113/><D108/><U36/><E0/><V25/><F135/><W71/><G71/><T130/><D97/><U124/><E124/><V106/><F106/><W85/><G9/><T2/><D48/><U118/><E118/><V6/><F100/><W76/><G7/><T74/><D130/><U112/><E112/><N who="0" m="43081" /><D2/><U31/><E58/><V65/><F44/><W10/><G10/><T134/><D123/><U102/><E89/><V96/><F91/><W109/><G76/><T47/><D47/><U129/><E129/><V1/><F1/><W17/><G17/><T64/><D64/><U14/><E14/><V80/><F25/><W33/><G33/><N who="0" m="20679" /><D134/><U42/><REACH who="1" step="1"/><E31/><REACH who="1" ten="397,142,133,318" step="2"/><V75/><F75/><W132/><G132/><T120/><D120/><U103/><E103/><V13/><F13/><W37/><G109/><T82/><D82/><U26/><E26/><V56/><F80/><W94/><G37/><AGARI ba="0,1" hai="8,15,18,34,35,36,37,39,40,42,43,98,102,104" machi="37" ten="40,7700,0" yaku="1,1,53,2" doraHai="88" doraHaiUra="28" who="1" fromWho="3" sc="397,0,142,87,133,0,318,-77" /><INIT seed="5,1,0,0,2,93" ten="397,229,133,241" oya="1" hai0="55,72,4,33,57,130,35,74,129,37,15,30,41" hai1="115,56,9,59,42,19,108,66,46,38,76,23,131" hai2="61,103,31,123,99,78,52,133,2,94,63,125,47" hai3="126,8,16,114,110,120,77,50,132,3,84,85,73"/><U112/><E108/><V100/><F2/><W113/><G110/><T83/><D41/><U24/><E131/><N who="0" m="50185" /><D37/><U7/><E76/><V81/><F123/><W64/><G120/><T124/><D124/><U135/><E135/><V90/><F125/><W39/><G126/><T28/><D83/><U111/><E111/><V51/><F31/><N who="0" m="11818" /><D15/><U128/><E128/><V58/><F133/><W68/><G39/><T12/><D12/><U13/><REACH who="1" step="1"/><E66/><REACH who="1" ten="397,219,133,241" step="2"/><V11/><F11/><W134/><G132/><T122/><D122/><U1/><E1/><V25/><F25/><W102/><G134/><T0/><D35/><U32/><E32/><V62/><REACH who="2" step="1"/><F47/><REACH who="2" ten="397,219,123,241" step="2"/><W10/><G3/><T101/><D33/><U82/><E82/><V45/><F45/><W65/><G114/><AGARI ba="1,2" hai="7,9,13,19,23,24,38,42,46,56,59,112,114,115" machi="114" ten="40,3900,0" yaku="1,1,15,1,53,0" doraHai="93" doraHaiUra="44" who="1" fromWho="3" sc="397,0,219,62,123,0,241,-42" /><INIT seed="5,2,0,5,1,72" ten="397,281,123,199" oya="1" hai0="2,128,90,87,3,69,44,4,82,40,68,77,37" hai1="33,58,125,71,50,105,0,6,14,93,107,32,1" hai2="117,119,56,26,86,81,61,75,127,59,121,22,101" hai3="42,8,57,80,47,76,122,20,13,118,97,34,10"/><U28/><E14/><V64/><F75/><W62/><G122/><T46/><D128/><U130/><E58/><V95/><F121/><W23/><G34/><N who="1" m="13418" /><E28/><V43/><F127/><W78/><G97/><T84/><D46/><U7/><E50/><V79/><F43/><W104/><G104/><N who="1" m="40010" /><E93/><V17/><F59/><W19/><G118/><T67/><D67/><U99/><E99/><V9/><F9/><W114/><G8/><T83/><REACH who="0" step="1"/><D4/><REACH who="0" ten="387,281,123,199" step="2"/><U109/><E7/><V30/><F119/><W21/><G114/><T66/><D66/><U135/><E6/><V132/><F117/><W12/><G12/><T92/><D92/><U36/><E130/><V31/><F132/><W110/><G110/><T53/><D53/><U16/><E135/><V94/><F94/><W39/><REACH who="3" step="1"/><G80/><REACH who="3" ten="387,281,123,189" step="2"/><T45/><D45/><U60/><E109/><V129/><F129/><W98/><G98/><AGARI ba="2,2" hai="17,22,26,30,31,56,61,64,79,81,86,95,98,101" machi="98" ten="40,2600,0" yaku="8,1,52,1" doraHai="72" who="2" fromWho="3" sc="387,0,281,0,123,52,189,-32" /><INIT seed="6,0,0,1,1,8" ten="387,281,175,157" oya="2" hai0="115,48,87,108,109,30,14,81,84,46,113,90,52" hai1="134,44,99,110,116,73,79,24,0,125,122,55,54" hai2="12,75,31,74,127,40,94,22,69,20,102,63,105" hai3="129,26,60,19,32,58,80,66,33,70,119,91,13"/><V120/><F105/><W29/><G119/><T50/><D30/><U106/><E106/><V123/><F75/><W56/><G129/><T28/><D28/><U98/><E79/><V18/><F74/><W76/><G91/><T101/><D101/><U11/><E73/><V68/><F68/><W2/><G2/><T41/><D87/><U17/><E99/><V100/><F40/><W104/><G104/><T53/><D41/><U27/><E122/><V72/><F72/><W67/><G33/><T117/><D117/><U61/><E116/><V62/><F69/><W132/><G132/><T82/><D82/><U25/><E110/><V47/><F47/><W45/><G67/><T59/><REACH who="0" step="1"/><D14/><REACH who="0" ten="377,281,175,157" step="2"/><N who="1" m="7391" /><E0/><V9/><F102/><W49/><G80/><T34/><D34/><U1/><E1/><V35/><F100/><W15/><G76/><T78/><D78/><U92/><E134/><V128/><F123/><W86/><G86/><T21/><D21/><U121/><E121/><V114/><F22/><W10/><REACH who="3" step="1"/><G15/><REACH who="3" ten="377,281,175,147" step="2"/><T96/><D96/><U135/><E98/><V93/><F12/><W36/><G36/><T38/><D38/><U77/><E77/><V103/><F120/><W85/><G85/><T112/><AGARI ba="0,2" hai="46,48,50,52,53,59,81,84,90,108,109,112,113,115" machi="112" ten="30,7900,0" yaku="1,1,0,1,15,1,54,1,53,0" doraHai="8" doraHaiUra="3" who="0" fromWho="0" sc="377,99,281,-20,175,-39,147,-20" /><INIT seed="7,0,0,4,5,95" ten="476,261,136,127" oya="3" hai0="69,118,131,19,20,8,27,62,100,108,72,39,32" hai1="40,114,18,47,34,80,66,44,16,57,83,75,23" hai2="26,117,35,84,14,15,54,5,79,9,103,122,90" hai3="92,43,126,97,112,1,101,111,67,104,42,74,113"/><W46/><G74/><T129/><D108/><U89/><E34/><V115/><F117/><W102/><G1/><T7/><D118/><U91/><E75/><V6/><F115/><N who="3" m="44107" /><G111/><T87/><D39/><U49/><E114/><V52/><F79/><W41/><G126/><T88/><D72/><U55/><E66/><V132/><F132/><W21/><G21/><T60/><D32/><U109/><E109/><V121/><F35/><W120/><G120/><N who="2" m="46185" /><F26/><W31/><G31/><T93/><D100/><N who="3" m="38505" /><G104/><T12/><D69/><U85/><E23/><V64/><F103/><N who="3" m="60839" /><G67/><T78/><D78/><U106/><E106/><V125/><F64/><W134/><G134/><T81/><D81/><U58/><E80/><N who="2" m="49415" /><F125/><W53/><G53/><T73/><D73/><U45/><E55/><V130/><F130/><AGARI ba="0,0" hai="7,8,12,19,20,27,60,62,87,88,93,129,130,131" machi="130" ten="40,2600,0" yaku="19,1,54,1" doraHai="95" who="0" fromWho="2" sc="476,26,261,0,136,-26,127,0" owari="502,60.0,261,6.0,110,-39.0,127,-27.0" /></mjloggm>