<mjloggm ver="2.3"><GO type="97" lobby="0"/><UN n0="%6B%75%72%6F%31%36" n1="%6B%69%6E%6E%74%79%6F%75" n2="%E3%82%A6%E3%83%AB%E3%83%88%E3%83%A9%E7%AB%8B%E7%9B%B4" n3="%64%66%61%6C%6E%66%6B%6A" dan="15,14,15,13" rate="1908.53,1906.47,1975.47,1846.42" sx="M,M,M,M"/><TAIKYOKU oya="0"/><INIT seed="0,0,0,4,5,17" ten="250,250,250,250" oya="0" hai0="77,59,31,61,41,101,111,34,1,28,130,69,81" hai1="2,89,6,42,27,72,80,51,35,95,8,129,106" hai2="109,38,68,33,108,56,40,85,36,82,135,25,12" hai3="57,32,112,14,45,65,98,50,114,10,52,37,74"/><T75/><D1/><U91/><E106/><V128/><F68/><W104/><G74/><T13/><D69/><U63/><E129/><V97/><F128/><W39/><G32/><T134/><D130/><U76/><E63/><V16/><F97/><W30/><G30/><T118/><D118/><U105/><E105/><V131/><F131/><W92/><G104/><T123/><D123/><U126/><E126/><V124/><F40/><W83/><G83/><T73/><D73/><U54/><E42/><V3/><F3/><W100/><G65/><T96/><D34/><U55/><E55/><V11/><F56/><W19/><REACH who="3" step="1"/><G57/><REACH who="3" ten="250,250,250,240" step="2"/><T43/><D31/><U70/><E70/><V18/><F33/><W107/><G107/><T26/><D28/><U78/><E35/><V53/><F82/><W122/><G122/><T47/><D81/><U9/><E80/><V48/><F124/><W113/><AGARI ba="0,1" hai="10,14,19,37,39,45,50,52,92,98,100,112,113,114" machi="113" ten="30,4000,0" yaku="1,1,0,1,54,1,53,0" doraHai="17" doraHaiUra="119" who="3" fromWho="3" sc="250,-20,250,-10,250,-10,240,50" /><INIT seed="1,0,0,5,2,115" ten="230,240,240,290" oya="1" hai0="11,117,103,49,35,73,15,37,78,55,3,44,88" hai1="59,111,21,2,34,8,95,102,0,50,25,32,45" hai2="20,16,36,85,125,97,72,91,116,96,17,48,68" hai3="77,123,81,23,7,122,67,14,39,66,5,129,80"/><U106/><E106/><V76/><F36/><W90/><G39/><T119/><D35/><U61/><E111/><V31/><F68/><W84/><G129/><T1/><D37/><U120/><E120/><V92/><F31/><W27/><G123/><T132/><D103/><U82/><E82/><V10/><F116/><W29/><G122/><T110/><D110/><U74/><E74/><V133/><F125/><W9/><G7/><T89/><D132/><U12/><E34/><V109/><F133/><W126/><G126/><T83/><D1/><U57/><E32/><V94/><F76/><W22/><G23/><T135/><D3/><U63/><E2/><V98/><F72/><AGARI ba="0,0" hai="5,9,14,22,27,29,66,67,72,77,80,81,84,90" machi="72" ten="30,1000,0" yaku="7,1" doraHai="115" who="3" fromWho="2" sc="230,0,240,0,240,-10,290,10" /><INIT seed="2,0,0,0,4,23" ten="230,240,230,300" oya="2" hai0="48,72,96,53,31,126,17,95,4,43,42,85,47" hai1="125,40,128,110,83,113,134,123,65,132,18,38,69" hai2="104,94,106,6,54,75,41,73,1,77,22,24,92" hai3="7,34,78,99,26,52,12,60,46,32,127,15,90"/><V87/><F41/><W76/><G127/><T19/><D72/><U59/><E113/><V115/><F115/><W28/><G34/><T39/><D39/><U51/><E123/><V21/><F6/><W9/><G15/><T103/><D126/><U55/><E125/><V120/><F1/><W68/><G68/><T37/><D4/><U33/><E83/><N who="2" m="47599" /><F21/><W10/><G10/><T81/><D43/><U64/><E18/><V118/><F54/><W86/><G99/><T70/><D70/><U98/><E98/><V2/><F2/><W111/><G111/><T25/><D42/><U119/><E33/><V131/><F22/><W57/><G46/><T3/><D37/><U135/><E119/><V79/><F24/><W30/><G28/><T112/><D3/><U129/><E110/><V71/><F71/><W35/><G32/><T121/><D112/><U36/><E36/><V100/><F118/><W49/><G49/><T0/><D0/><U20/><E20/><V122/><F131/><N who="1" m="50249" /><E69/><V67/><F67/><W108/><G108/><T13/><D121/><N who="2" m="46698" /><F100/><W11/><G11/><T61/><D61/><U105/><E105/><N who="2" m="40555" /><F79/><W101/><G101/><T58/><D47/><AGARI ba="0,0" hai="38,40,47,51,55,59,64,65,132,134,135" m="50249" machi="47" ten="40,8000,1" yaku="20,1,19,1,34,2" doraHai="23" who="1" fromWho="0" sc="230,-80,240,80,230,0,300,0" /><INIT seed="3,0,0,4,3,78" ten="150,320,230,300" oya="3" hai0="94,33,5,85,113,122,43,125,88,8,82,12,39" hai1="10,26,54,1,27,128,21,62,20,124,135,63,91" hai2="37,65,34,25,3,99,61,131,66,98,119,57,74" hai3="56,44,15,55,73,69,75,87,60,45,6,118,35"/><W80/><G118/><T58/><D33/><U68/><E68/><V46/><F3/><W107/><G107/><T2/><D122/><U109/><E109/><V38/><F74/><W0/><G0/><T47/><D125/><U11/><E124/><V30/><F119/><W93/><G35/><T23/><D113/><U97/><E1/><V49/><F131/><W123/><G69/><T41/><D58/><N who="1" m="35159" /><E128/><V117/><F117/><W13/><G93/><T133/><D133/><U51/><E51/><V64/><F38/><W101/><G101/><T126/><D126/><U19/><E63/><V50/><F37/><W127/><G127/><T129/><D129/><U102/><E135/><V105/><F50/><W120/><G75/><T4/><D43/><U17/><E102/><V77/><F105/><W103/><G103/><T121/><D121/><U53/><E53/><V104/><F104/><W18/><G73/><T14/><D23/><U134/><E134/><V110/><F110/><W79/><G123/><T32/><D32/><U111/><E111/><V42/><F99/><W95/><G120/><T40/><D40/><U114/><E114/><V48/><F98/><W130/><G130/><T132/><D132/><U36/><E36/><V106/><F106/><W116/><G116/><T92/><D2/><U83/><E97/><V22/><F34/><W9/><G95/><T28/><D28/><U89/><E83/><V72/><F72/><W112/><G112/><T115/><D115/><U96/><E96/><V86/><F49/><W81/><G81/><AGARI ba="0,0" hai="22,25,30,42,46,48,57,61,64,65,66,77,81,86" machi="81" ten="40,2600,0" yaku="8,1,52,1" doraHai="78" who="2" fromWho="3" sc="150,0,320,0,230,26,300,-26" owari="150,-35.0,320,42.0,256,-14.0,274,7.0" /></mjloggm>