<mjloggm ver="2.3"><GO type="169" lobby="0"/><UN n0="%E3%82%A6%E3%83%AB%E3%83%88%E3%83%A9%E7%AB%8B%E7%9B%B4" n1="%E3%83%99%E3%82%BF%E3%82%AA%E3%83%AA%E3%83%BC%E3%83%81%EF%BC%81" n2="%E3%81%8B%E3%82%8A%E3%82%93%E3%81%95%E3%82%93" n3="%6B%6E%6A%31%30%35%30" dan="17,16,17,16" rate="2059.74,2058.98,2189.67,2086.47" sx="M,M,F,M"/><TAIKYOKU oya="0"/><INIT seed="0,0,0,0,2,119" ten="250,250,250,250" oya="0" hai0="62,13,112,101,84,58,91,126,34,106,38,29,122" hai1="8,40,23,93,65,27,131,77,55,90,123,104,26" hai2="39,4,0,117,61,18,67,63,2,83,47,9,76" hai3="109,16,48,134,87,28,46,115,42,59,30,7,70"/><T22/><D38/><U66/><E123/><V92/><F117/><W19/><G115/><T64/><D112/><U51/><E104/><V69/><F61/><W5/><G70/><T133/><D133/><U100/><E131/><V24/><F92/><W12/><G134/><T6/><D126/><U54/><E100/><V71/><F24/><W121/><G121/><T98/><D122/><U127/><E77/><V94/><F94/><W130/><G130/><T57/><D6/><U35/><E26/><V96/><F96/><W132/><G132/><T85/><D85/><N who="1" m="52431" /><E8/><V14/><F69/><W37/><G37/><T107/><D34/><U11/><E11/><V1/><F18/><W97/><G7/><T17/><D29/><N who="1" m="17663" /><E35/><V80/><F80/><W116/><G5/><T15/><D106/><U53/><E127/><V32/><F32/><W108/><G116/><T81/><REACH who="0" step="1"/><D13/><REACH who="0" ten="240,250,250,250" step="2"/><U31/><E31/><V78/><F14/><W21/><G87/><T49/><D49/><U118/><E118/><V73/><REACH who="2" step="1"/><F78/><REACH who="2" ten="240,250,240,250" step="2"/><W45/><G12/><T10/><D10/><U3/><E3/><V41/><AGARI ba="0,2" hai="0,1,2,4,9,39,41,47,63,67,71,73,76,83" machi="41" ten="30,16000,3" yaku="1,1,2,1,0,1,25,2,33,3,53,0" doraHai="119" doraHaiUra="103" who="2" fromWho="2" sc="240,-80,250,-40,240,180,250,-40" /><INIT seed="1,0,0,4,0,54" ten="160,210,420,210" oya="1" hai0="91,84,134,47,30,124,85,68,132,116,126,32,26" hai1="129,10,24,65,12,51,21,93,25,15,94,133,115" hai2="3,0,79,120,74,37,60,113,13,105,23,86,99" hai3="128,64,6,50,4,69,62,112,55,71,81,88,22"/><U45/><E115/><V61/><F120/><W58/><G112/><T77/><D77/><U96/><E133/><N who="0" m="51305" /><D68/><U17/><E129/><V109/><F113/><W33/><G33/><T11/><D116/><U121/><E65/><V104/><F37/><W48/><G128/><T5/><D47/><U95/><E121/><V76/><F74/><W67/><G50/><T29/><D91/><U59/><E96/><V100/><F86/><N who="0" m="33386" /><D30/><U106/><E106/><V63/><F105/><W39/><G88/><T38/><D38/><U44/><E45/><V101/><F100/><W92/><G81/><T20/><D32/><U75/><E75/><V103/><F101/><W89/><G89/><T125/><D11/><U66/><E44/><V36/><F36/><W41/><G92/><T110/><D5/><N who="1" m="3151" /><E51/><V46/><F46/><W18/><G39/><T73/><D73/><U80/><E80/><V28/><F103/><W34/><G41/><T16/><D110/><U98/><E98/><V40/><F99/><W52/><G34/><T49/><D49/><U111/><E111/><V117/><F104/><W53/><G71/><T82/><D82/><U8/><E8/><V35/><F109/><W27/><G69/><T123/><D123/><U118/><E118/><V130/><F35/><W107/><G107/><T114/><D114/><U2/><E2/><V43/><F3/><W83/><G83/><T31/><AGARI ba="0,0" hai="16,20,26,29,31,124,125,126" m="33386,51305" machi="31" ten="40,5200,0" yaku="18,1,20,1,54,1" doraHai="54" who="0" fromWho="0" sc="160,52,210,-26,420,-13,210,-13" /><INIT seed="2,0,0,5,4,126" ten="212,184,407,197" oya="2" hai0="76,32,49,11,121,120,20,0,27,119,7,15,77" hai1="115,79,110,70,44,132,28,109,45,88,101,25,59" hai2="99,95,66,112,124,105,63,29,19,94,127,129,134" hai3="64,54,102,114,52,116,62,106,4,73,91,98,33"/><V104/><F112/><W26/><G116/><T122/><D49/><U1/><E70/><V18/><F29/><W12/><G73/><T47/><D47/><U103/><E115/><V48/><F48/><W89/><G114/><T6/><D77/><U75/><E1/><V61/><F66/><W87/><G89/><T40/><D76/><U69/><E69/><V117/><F99/><W108/><G108/><N who="1" m="41578" /><E59/><V14/><F14/><W133/><G133/><T31/><D40/><U97/><E132/><V2/><F134/><W22/><G33/><T96/><D96/><U17/><E17/><V67/><F67/><W85/><G85/><T13/><D119/><U23/><E79/><V21/><F21/><W92/><G12/><T107/><D107/><U38/><E75/><V111/><F111/><W24/><G4/><T84/><D84/><U35/><E35/><V125/><F125/><W123/><G24/><T57/><D57/><U30/><E30/><V72/><F72/><W86/><G86/><T50/><D50/><U135/><E135/><V56/><F117/><W100/><G100/><N who="1" m="38474" /><E38/><V55/><F56/><W46/><G46/><T37/><D37/><U113/><E113/><V41/><F2/><W8/><G106/><T43/><D7/><U10/><E10/><V65/><F127/><W130/><G8/><T39/><D32/><U5/><E5/><V58/><F124/><W74/><G74/><T83/><D0/><U80/><E80/><V60/><F104/><W90/><G64/><T34/><D83/><U3/><E3/><V128/><F105/><W42/><G102/><RYUUKYOKU ba="0,0" sc="212,-10,184,30,407,-10,197,-10" hai1="23,25,28,44,45,88,97" /><INIT seed="3,1,0,2,0,119" ten="202,214,397,187" oya="3" hai0="85,83,96,48,41,82,56,78,7,70,79,69,75" hai1="128,22,52,46,23,73,115,38,110,105,61,53,29" hai2="65,123,4,92,62,63,130,107,81,19,28,25,32" hai3="50,97,30,120,84,5,24,100,18,94,132,11,1"/><W45/><G120/><T125/><D125/><U68/><E115/><V36/><F36/><W44/><G132/><T129/><D129/><U99/><E73/><V0/><F130/><W57/><G84/><T133/><D133/><U17/><E128/><V134/><F134/><W74/><G74/><T40/><D40/><U54/><E110/><V64/><F107/><W67/><G18/><T103/><D7/><U9/><E29/><V34/><F81/><W51/><G51/><T122/><D122/><U6/><E17/><V126/><F19/><W42/><G42/><T59/><D59/><U14/><E38/><V93/><F126/><W2/><G2/><T88/><D79/><U114/><E114/><V102/><F102/><W60/><REACH who="3" step="1"/><G50/><REACH who="3" ten="202,214,397,177" step="2"/><T76/><D41/><U118/><E118/><V35/><F123/><W8/><G8/><T89/><D75/><U113/><E9/><V10/><F10/><W87/><G87/><T20/><D85/><U108/><E113/><V71/><F0/><W43/><G43/><T37/><D48/><U58/><E99/><V90/><F4/><W121/><G121/><T109/><D96/><U91/><E6/><V117/><F117/><W12/><G12/><T26/><D37/><U3/><E14/><V15/><F15/><W104/><G104/><T127/><D127/><U16/><E105/><V106/><F106/><W131/><G131/><T80/><D76/><U111/><E3/><V98/><F98/><W66/><G66/><T27/><D78/><U33/><E16/><V116/><F116/><W31/><G31/><N who="0" m="17863" /><D27/><U112/><E112/><RYUUKYOKU ba="1,1" sc="202,-10,214,-10,397,-10,177,30" hai3="1,5,11,24,30,44,45,57,60,67,94,97,100" /><INIT seed="3,2,1,4,4,35" ten="192,204,387,207" oya="3" hai0="116,75,93,36,58,48,2,123,65,103,101,125,57" hai1="37,119,18,92,25,131,39,132,4,21,127,15,0" hai2="117,121,76,135,38,114,71,27,110,129,44,11,73" hai3="113,60,63,54,16,94,32,19,90,112,81,97,51"/><W99/><G32/><T7/><D116/><U85/><E119/><V17/><RYUUKYOKU type="yao9" ba="2,1" sc="192,0,204,0,387,0,207,0" hai2="11,17,27,38,44,71,73,76,110,114,117,121,129,135" /><INIT seed="3,3,1,5,5,97" ten="192,204,387,207" oya="3" hai0="121,108,123,49,50,10,81,76,62,47,114,38,34" hai1="23,39,117,96,4,85,27,79,130,113,109,125,80" hai2="74,78,56,29,135,67,100,86,58,51,14,89,9" hai3="59,75,63,71,82,93,101,70,36,52,57,128,65"/><W11/><G36/><T98/><D34/><U129/><E113/><V33/><F135/><W46/><G46/><T106/><D114/><U131/><E109/><V92/><F33/><W83/><G128/><T19/><D108/><U25/><E125/><V87/><F29/><W102/><G93/><T26/><D38/><U12/><E117/><V35/><F35/><W6/><G71/><T104/><D104/><U120/><E120/><V66/><F74/><W28/><G28/><T42/><D62/><U105/><E39/><V13/><F100/><N who="3" m="38507" /><G70/><T94/><D106/><U99/><E105/><V15/><F9/><W90/><G75/><T119/><D119/><U20/><E20/><V110/><F110/><W127/><G127/><T16/><D121/><U54/><E23/><V1/><F1/><W124/><G124/><T44/><D123/><U7/><E130/><V0/><F0/><W22/><G22/><T103/><D10/><U55/><E131/><V112/><F112/><W77/><G77/><T132/><D132/><U37/><E79/><V61/><F78/><W126/><G126/><T3/><D3/><U17/><E37/><V111/><F111/><W30/><G30/><T73/><REACH who="0" step="1"/><D26/><REACH who="0" ten="182,204,387,207" step="2"/><U84/><E27/><V72/><F14/><N who="3" m="5495" /><G90/><T133/><D133/><U45/><E129/><V2/><F89/><W8/><G8/><T43/><AGARI ba="3,2" hai="16,19,42,43,44,47,49,50,73,76,81,94,98,103" machi="43" ten="20,12000,2" yaku="1,1,0,1,7,1,9,1,52,1,54,1,53,0" doraHai="97" doraHaiUra="5" who="0" fromWho="0" sc="182,149,204,-33,387,-33,207,-63" /><INIT seed="4,0,0,4,0,92" ten="331,171,354,144" oya="0" hai0="103,57,26,34,33,74,55,127,118,86,85,65,98" hai1="83,104,87,11,135,120,78,79,7,53,62,66,119" hai2="42,88,24,128,97,95,133,106,12,20,19,125,15" hai3="49,69,132,71,13,115,90,25,68,54,107,27,56"/><T126/><D74/><U96/><E119/><V1/><F1/><W113/><G107/><T67/><D118/><U63/><E120/><V9/><F106/><W99/><G132/><T31/><D34/><U5/><E135/><V3/><F133/><W70/><N who="3" m="17408" /><DORA hai="10" /><W17/><G13/><T47/><D47/><U44/><E66/><V38/><F128/><W122/><G122/><T108/><D108/><U52/><E79/><V93/><F125/><N who="0" m="47626" /><D86/><U112/><E112/><N who="3" m="43082" /><G17/><T121/><D85/><U6/><E11/><V94/><F3/><W124/><G124/><T51/><D121/><U22/><E5/><N who="2" m="3119" /><F38/><W123/><G123/><T2/><D2/><U28/><E6/><V61/><F42/><W32/><G32/><T37/><D37/><U101/><E7/><V64/><F24/><W41/><G41/><T39/><D39/><U60/><REACH who="1" step="1"/><E44/><REACH who="1" ten="331,161,354,144" step="2"/><V91/><F91/><W117/><G117/><T73/><D65/><U43/><E43/><V48/><F64/><W35/><G35/><T109/><D67/><U116/><E116/><V4/><F4/><W80/><G80/><T130/><D33/><U36/><E36/><V84/><F88/><W0/><G0/><T114/><D114/><U59/><E59/><V40/><F40/><W18/><G18/><T50/><D57/><U21/><E21/><V45/><F20/><W72/><G72/><T76/><D73/><U131/><E131/><V29/><F19/><W102/><G102/><T46/><D103/><U111/><E111/><V105/><F45/><W100/><G100/><T30/><D130/><U81/><E81/><RYUUKYOKU ba="0,1" sc="331,-15,161,15,354,-15,144,15" hai1="22,28,52,53,60,62,63,78,83,87,96,101,104" hai3="25,27,49,54,56,90,99" /><INIT seed="5,1,1,4,2,48" ten="316,176,339,159" oya="1" hai0="11,10,79,82,86,35,59,102,105,13,65,90,113" hai1="72,107,18,83,110,126,28,0,27,78,7,34,8" hai2="62,64,61,21,121,89,108,95,103,49,56,88,84" hai3="101,6,116,29,129,92,131,80,57,55,17,45,99"/><U26/><E107/><V67/><F108/><W66/><G116/><T54/><D35/><U9/><E110/><V75/><F121/><W114/><G114/><T130/><D130/><N who="3" m="49673" /><G6/><T46/><D113/><U112/><E112/><V91/><F75/><W60/><G29/><T93/><D65/><U123/><E123/><V135/><F135/><W124/><G124/><T133/><D46/><U109/><E109/><V71/><F103/><W77/><G17/><T106/><D133/><U23/><REACH who="1" step="1"/><E9/><REACH who="1" ten="316,166,339,159" step="2"/><V87/><F21/><W41/><G66/><T36/><D106/><U97/><E97/><V120/><F120/><W15/><G15/><T1/><D105/><U74/><E74/><V31/><F31/><W2/><G2/><T63/><D1/><U70/><E70/><V20/><F20/><W3/><G3/><T132/><D11/><U98/><E98/><V122/><F122/><W40/><G45/><T118/><D13/><U51/><E51/><V43/><F84/><AGARI ba="1,2" hai="40,41,55,57,60,77,80,84,92,99,101" m="49673" machi="84" ten="30,2000,0" yaku="19,1,52,1" doraHai="48" who="3" fromWho="2" sc="316,0,166,0,339,-23,159,43" /><INIT seed="6,0,0,5,1,78" ten="316,166,316,202" oya="2" hai0="88,97,81,106,21,50,43,14,113,62,111,79,123" hai1="30,116,40,52,26,124,41,48,102,18,125,2,86" hai2="68,6,134,107,77,27,11,58,132,3,35,54,98" hai3="55,101,83,57,67,122,46,129,28,95,44,9,64"/><V72/><F68/><W42/><G122/><T99/><D111/><U32/><E116/><V93/><F107/><W29/><G129/><T31/><D123/><U89/><E2/><V8/><F8/><W7/><G44/><N who="0" m="25887" /><D106/><U75/><E75/><V24/><F35/><W131/><G131/><T120/><D113/><U49/><E102/><V53/><F77/><W108/><G108/><T39/><D39/><U56/><E18/><V60/><F72/><W37/><G101/><T87/><D120/><U51/><E40/><V22/><F54/><W0/><G95/><T91/><D62/><U127/><REACH who="1" step="1"/><E41/><REACH who="1" ten="316,156,316,202" step="2"/><V112/><F112/><W94/><G42/><T36/><D31/><U115/><E115/><V117/><F117/><W105/><G28/><T80/><D36/><U92/><AGARI ba="0,1" hai="26,30,32,48,49,51,52,56,86,89,92,124,125,127" machi="92" ten="30,7900,0" yaku="1,1,0,1,18,1,54,1,53,0" doraHai="78" doraHaiUra="70" who="1" fromWho="1" sc="316,-20,156,89,316,-39,202,-20" /><INIT seed="7,0,0,1,3,55" ten="296,245,277,182" oya="3" hai0="60,21,131,13,122,58,93,61,2,101,111,5,110" hai1="133,36,16,0,96,103,115,31,8,41,116,109,119" hai2="48,99,86,100,80,72,105,38,37,84,134,57,14" hai3="32,118,39,12,34,104,87,124,90,127,76,91,108"/><W114/><G118/><N who="1" m="45098" /><E109/><V43/><F134/><W33/><G39/><T35/><D35/><U77/><E133/><V98/><F72/><W19/><G108/><T53/><D122/><U62/><E115/><V120/><F120/><W128/><G114/><T129/><D2/><U40/><E36/><V54/><F43/><W45/><G104/><T44/><D111/><U56/><E77/><V107/><F14/><W81/><G45/><T28/><D44/><U51/><E31/><V59/><F86/><W29/><G29/><T26/><D110/><U9/><E51/><V52/><F99/><W97/><G128/><N who="0" m="49227" /><D61/><U68/><E68/><V112/><F107/><W126/><REACH who="3" step="1"/><G97/><REACH who="3" ten="296,245,277,172" step="2"/><T25/><D28/><U69/><E69/><V6/><F112/><W106/><G106/><T88/><D101/><U64/><E96/><V132/><F132/><W46/><G46/><T89/><D89/><U30/><E103/><V50/><F6/><W15/><G15/><T24/><D5/><N who="1" m="1063" /><E30/><V66/><F66/><W70/><G70/><T22/><D13/><AGARI ba="0,1" hai="9,13,16,40,41,56,62,64" m="1063,45098" machi="13" ten="30,3900,0" yaku="12,1,52,1,54,1" doraHai="55" who="1" fromWho="0" sc="296,-39,245,49,277,0,172,0" /><INIT seed="8,0,0,2,3,127" ten="257,294,277,172" oya="0" hai0="53,133,112,5,64,26,83,47,109,120,99,111,58" hai1="81,98,65,51,124,108,43,84,40,128,71,113,121" hai2="77,118,119,54,70,117,6,27,76,39,56,16,73" hai3="55,14,115,88,19,130,12,103,50,41,114,132,96"/><T135/><D5/><U57/><E108/><N who="0" m="41545" /><D26/><U44/><E121/><V89/><F70/><W104/><G41/><T123/><D112/><U4/><E128/><V59/><F39/><W30/><G30/><T85/><D99/><U37/><E113/><V28/><F6/><W49/><G14/><T3/><D3/><U63/><E124/><V61/><F73/><W105/><G104/><T95/><D95/><U116/><E40/><V72/><F72/><W93/><G130/><T66/><D47/><U1/><E98/><V45/><F45/><W52/><G132/><N who="0" m="50763" /><D83/><U78/><E4/><V69/><F69/><W82/><G82/><T74/><D85/><U125/><E125/><V8/><F89/><W7/><G7/><T97/><D97/><U33/><E1/><V67/><F8/><W34/><G34/><T48/><D74/><U17/><E17/><V23/><F28/><W102/><G115/><T11/><D11/><U91/><E33/><V38/><F38/><W131/><G114/><T10/><D10/><U20/><E20/><V29/><F29/><W18/><G131/><T15/><D15/><U68/><E116/><V79/><F79/><W129/><G129/><T42/><D42/><U86/><E37/><V32/><F32/><W122/><G105/><T13/><D13/><U75/><E75/><V9/><F9/><W92/><G12/><T36/><D36/><U94/><AGARI ba="0,0" hai="43,44,51,57,63,65,68,71,78,81,84,86,91,94" machi="94" ten="20,1500,0" yaku="0,1,7,1" doraHai="127" who="1" fromWho="1" sc="257,-7,294,15,277,-4,172,-4" owari="250,-15.0,309,41.0,273,7.0,168,-33.0" /></mjloggm>