<mjloggm ver="2.3"><GO type="97" lobby="0"/><UN n0="%E3%82%A6%E3%83%AB%E3%83%88%E3%83%A9%E7%AB%8B%E7%9B%B4" n1="%E4%B8%80%E5%AF%B8%E5%85%89%E9%99%B0%E4%B8%8D%E5%8F%AF%E8%BB%BD" n2="%E5%A4%A7%E6%AD%A3%E3%83%87%E3%83%A2%E3%83%A9%E3%83%BC" n3="%43%46%76%E5%91%86%E5%91%86" dan="15,13,14,14" rate="1984.84,1896.87,1935.61,1940.03" sx="M,F,M,F"/><TAIKYOKU oya="0"/><INIT seed="0,0,0,1,2,93" ten="250,250,250,250" oya="0" hai0="31,0,102,131,103,117,13,23,72,126,101,130,22" hai1="128,42,114,60,87,46,75,58,45,112,33,15,73" hai2="8,24,74,99,89,118,109,49,10,21,53,6,96" hai3="36,134,132,51,84,91,80,108,62,63,50,38,55"/><T106/><D0/><U100/><E33/><V121/><F121/><W78/><G108/><T111/><D72/><U7/><E128/><N who="0" m="49193" /><D117/><U2/><E2/><V88/><F74/><W107/><G107/><T113/><D113/><N who="1" m="43627" /><E87/><V35/><F35/><W95/><G62/><T57/><D126/><U39/><E46/><V70/><F70/><W26/><G26/><N who="0" m="16855" /><D111/><U120/><E120/><V34/><F34/><W64/><G51/><T82/><D82/><U86/><E86/><V124/><F124/><W76/><G78/><T11/><D57/><U9/><E100/><V115/><F109/><W17/><G17/><N who="0" m="8383" /><D23/><U119/><E119/><V65/><F118/><W25/><G36/><T66/><D66/><AGARI ba="0,0" hai="7,9,15,39,42,45,58,60,66,73,75" m="43627" machi="66" ten="30,1000,0" yaku="11,1" doraHai="93" who="1" fromWho="0" sc="250,-10,250,10,250,0,250,0" /><INIT seed="1,0,0,0,4,34" ten="240,260,250,250" oya="1" hai0="41,87,1,73,111,135,28,44,82,21,32,23,63" hai1="69,112,42,120,99,119,67,36,55,6,132,58,83" hai2="97,91,88,29,74,11,93,85,46,4,22,79,57" hai3="103,43,134,52,81,26,101,80,39,68,24,78,3"/><U84/><E120/><V18/><F29/><W65/><G3/><T109/><D73/><U7/><E119/><V92/><F74/><W96/><G134/><T37/><D135/><U107/><E112/><V17/><F79/><W16/><G80/><T25/><D63/><U13/><E69/><V115/><F115/><W133/><G133/><T116/><D116/><U86/><E67/><V50/><F57/><W12/><G68/><T19/><D1/><U108/><E42/><V113/><F113/><W56/><G65/><T102/><D102/><N who="3" m="38921" /><G39/><T53/><D53/><U48/><E36/><V51/><F51/><N who="3" m="30751" /><G43/><T62/><D62/><U0/><E0/><V75/><F75/><W54/><G96/><T71/><D71/><U126/><E99/><V10/><F4/><W123/><G123/><T117/><D117/><U38/><E107/><V94/><F94/><W89/><G78/><T121/><D121/><U124/><E7/><V31/><F31/><W35/><G35/><T129/><D129/><U105/><E105/><V128/><F128/><W95/><G81/><T61/><D61/><U114/><E114/><V15/><REACH who="2" step="1"/><F18/><REACH who="2" ten="240,260,240,250" step="2"/><W64/><G64/><T90/><D19/><U27/><E6/><V2/><F2/><W60/><G60/><T40/><D111/><U70/><E108/><V14/><F14/><W77/><G77/><T59/><D109/><U130/><E13/><V47/><F47/><W20/><G54/><AGARI ba="0,1" hai="10,11,15,17,22,46,50,54,85,88,91,92,93,97" machi="54" ten="30,8000,1" yaku="1,1,7,1,8,1,54,1,53,1" doraHai="34" doraHaiUra="45" who="2" fromWho="3" sc="240,0,260,0,240,90,250,-80" /><INIT seed="2,0,0,0,4,120" ten="240,260,330,170" oya="2" hai0="82,40,94,109,118,93,124,53,89,4,129,16,99" hai1="15,59,66,87,86,55,61,128,65,68,58,75,31" hai2="39,126,7,32,43,127,36,18,106,8,9,44,22" hai3="12,64,46,56,116,17,96,11,49,26,14,13,114"/><V104/><F32/><W50/><G116/><T71/><D71/><U130/><E75/><V74/><F74/><W2/><G114/><T10/><D118/><U113/><E113/><V37/><F9/><W111/><G2/><T100/><D124/><N who="2" m="47658" /><F18/><W57/><G96/><T121/><D121/><U62/><E31/><V24/><F24/><W95/><G95/><T123/><D123/><U28/><E28/><V84/><F84/><W92/><G92/><T1/><D129/><N who="1" m="49771" /><E15/><N who="2" m="5535" /><F22/><W76/><G76/><T85/><D16/><U3/><E3/><V88/><F88/><W38/><G38/><AGARI ba="0,0" hai="36,37,38,39,43,44,104,106" m="5535,47658" machi="38" ten="40,2000,0" yaku="18,1" doraHai="120" who="2" fromWho="3" sc="240,0,260,0,330,20,170,-20" /><INIT seed="2,1,0,2,2,3" ten="240,260,350,150" oya="2" hai0="38,46,43,93,58,122,125,129,78,130,69,87,119" hai1="15,135,14,27,82,59,25,6,34,16,83,73,102" hai2="67,30,66,11,44,90,96,118,63,111,100,36,26" hai3="23,40,39,101,41,120,123,52,60,127,35,88,18"/><V103/><F118/><W7/><G35/><T71/><D78/><U115/><E115/><V106/><F103/><W131/><G101/><T108/><D87/><U17/><E102/><V126/><F67/><W42/><G39/><T13/><D93/><U116/><E116/><V53/><F126/><W2/><G127/><T10/><D125/><U31/><E59/><V28/><F28/><W98/><G131/><N who="0" m="50187" /><D119/><U47/><E47/><V22/><F90/><W117/><G117/><T79/><D79/><U12/><E73/><V20/><F11/><W80/><G2/><T55/><D122/><U133/><E82/><V109/><F53/><W113/><G113/><T49/><D108/><N who="2" m="41546" /><F44/><W0/><G80/><T99/><D99/><U72/><E83/><V70/><F36/><W105/><G105/><T92/><D92/><U86/><E72/><V50/><F50/><W75/><G75/><T134/><D134/><N who="1" m="51211" /><E86/><V9/><F9/><W45/><G45/><T74/><D74/><U8/><E25/><V29/><F29/><W1/><G0/><AGARI ba="1,0" hai="0,6,8,12,14,15,16,17,27,31,34" m="51211" machi="0" ten="30,8000,1" yaku="20,1,34,2,52,1,54,1" doraHai="3" who="1" fromWho="3" sc="240,0,260,83,350,0,150,-83" /><INIT seed="3,0,0,5,4,76" ten="240,343,350,67" oya="3" hai0="13,115,22,83,129,90,88,72,85,56,82,44,9" hai1="110,106,32,86,121,70,124,52,119,78,93,79,20" hai2="87,49,97,104,12,74,122,4,127,101,113,75,17" hai3="59,8,38,130,111,95,54,80,108,7,31,55,77"/><W109/><G38/><T100/><D129/><U18/><E121/><V73/><F113/><W30/><G130/><T98/><D115/><U33/><E106/><V63/><F122/><W66/><G95/><T91/><D22/><U105/><E105/><V134/><F4/><W68/><G68/><T39/><D39/><U61/><E78/><V16/><F134/><W47/><G47/><T118/><D118/><U99/><E124/><V45/><F127/><W2/><G59/><T1/><D1/><U40/><E40/><V58/><F87/><N who="3" m="48527" /><G66/><T89/><N who="0" m="22528" /><DORA hai="23" /><T41/><D72/><U84/><E70/><V94/><F104/><W26/><G31/><T51/><D85/><U126/><E126/><V103/><F103/><W112/><G112/><T69/><D69/><U123/><E123/><V132/><F132/><W102/><G102/><T24/><D56/><U43/><E86/><V53/><REACH who="2" step="1"/><F12/><REACH who="2" ten="240,343,340,67" step="2"/><W21/><AGARI ba="0,1" hai="2,7,8,21,26,30,54,55,108,109,111" m="48527" machi="21" ten="30,11700,0" yaku="14,1,10,1,52,2" doraHai="76,23" who="3" fromWho="3" sc="240,-39,343,-39,340,-39,67,127" /><INIT seed="3,1,0,4,0,31" ten="201,304,301,194" oya="3" hai0="6,71,73,122,108,21,17,101,116,132,61,89,11" hai1="105,53,5,20,68,65,115,9,19,3,57,98,99" hai2="50,77,135,107,106,0,43,18,120,80,40,58,8" hai3="103,62,26,96,133,70,118,93,63,56,92,86,66"/><W54/><G118/><T14/><D116/><U4/><E115/><V121/><F135/><W25/><G133/><T111/><D122/><N who="2" m="47210" /><F58/><W97/><REACH who="3" step="1"/><G86/><REACH who="3" ten="201,304,301,184" step="2"/><T83/><D132/><U15/><E5/><N who="2" m="1063" /><F18/><W114/><G114/><T35/><D108/><U55/><E105/><N who="2" m="39947" /><F50/><W69/><G69/><T104/><D111/><U7/><E7/><V125/><F125/><W45/><G45/><T79/><D71/><U109/><E109/><V127/><F127/><W102/><AGARI ba="1,1" hai="25,26,54,56,62,63,66,70,92,93,96,97,102,103" machi="102" ten="20,7800,0" yaku="1,1,0,1,7,1,9,1,53,0" doraHai="31" doraHaiUra="41" who="3" fromWho="3" sc="201,-27,304,-27,301,-27,184,91" /><INIT seed="3,2,0,0,3,34" ten="174,277,274,275" oya="3" hai0="1,50,45,105,98,106,17,99,59,123,38,35,25" hai1="128,94,52,133,40,41,49,134,55,79,132,20,115" hai2="15,73,83,11,131,10,48,64,78,77,116,93,4" hai3="43,53,61,109,108,71,56,36,114,60,0,9,46"/><W66/><REACH who="3" step="1"/><G114/><REACH who="3" ten="174,277,274,265" step="2"/><T72/><D123/><U21/><E115/><V130/><F116/><W2/><G2/><T22/><D72/><U111/><E128/><V69/><F131/><W125/><G125/><T124/><D124/><U120/><E120/><V23/><F73/><W14/><G14/><T84/><D35/><U28/><E132/><V70/><F15/><W65/><G65/><T39/><D1/><U6/><E133/><V29/><F64/><W74/><G74/><T97/><D84/><U57/><E134/><V103/><F130/><W32/><G32/><T126/><D126/><U30/><E111/><V127/><F127/><W18/><G18/><T104/><REACH who="0" step="1"/><D59/><REACH who="0" ten="164,277,274,265" step="2"/><U102/><E57/><V90/><F70/><W33/><G33/><T92/><D92/><U87/><E94/><V3/><F69/><W37/><G37/><T80/><D80/><U58/><E58/><V27/><F83/><W75/><G75/><T96/><N who="0" m="24576" /><DORA hai="86" /><T16/><D16/><U89/><E87/><V81/><F81/><W112/><G112/><T62/><D62/><U119/><E119/><V121/><F121/><W95/><G95/><T5/><D5/><AGARI ba="2,2" hai="0,5,9,36,43,46,53,56,60,61,66,71,108,109" machi="5" ten="40,7700,0" yaku="21,2,52,1,53,0" doraHai="34,86" doraHaiUra="8,19" who="3" fromWho="0" sc="164,-83,277,0,274,0,265,103" owari="81,-42.0,277,8.0,274,-13.0,368,47.0" /></mjloggm>