<mjloggm ver="2.3"><GO type="97" lobby="0"/><UN n0="%E3%82%A6%E3%83%AB%E3%83%88%E3%83%A9%E7%AB%8B%E7%9B%B4" n1="%54%41%43%48%59%4F%4E" n2="%E3%81%8B%E3%82%89%E3%81%82%E3%81%92%E6%B3%A5%E6%A3%92" n3="%E3%81%A8%E3%82%82%E3%81%AE%E3%82%8A" dan="15,14,13,14" rate="1998.51,1932.34,1825.95,1888.41" sx="M,M,M,M"/><TAIKYOKU oya="0"/><INIT seed="0,0,0,0,2,6" ten="250,250,250,250" oya="0" hai0="4,38,1,10,95,19,26,60,44,133,120,116,27" hai1="9,86,85,80,88,17,124,135,37,56,87,51,83" hai2="67,36,102,92,22,12,55,59,52,61,128,98,131" hai3="97,31,57,21,123,69,118,13,32,68,84,33,48"/><T14/><D120/><U8/><E37/><V40/><F36/><W121/><G118/><T45/><D116/><U58/><E135/><V113/><F113/><W72/><G72/><T20/><D133/><U77/><E124/><V43/><F12/><W101/><G69/><T122/><D122/><N who="3" m="46601" /><G68/><T24/><D38/><U91/><E17/><V35/><F35/><W65/><G84/><T49/><D60/><U100/><E100/><V99/><F99/><W109/><G109/><T78/><D78/><U34/><E34/><V53/><REACH who="2" step="1"/><F22/><REACH who="2" ten="250,250,240,250" step="2"/><W46/><G33/><T134/><D134/><U54/><E58/><V79/><F79/><W41/><G32/><T70/><D70/><U107/><REACH who="1" step="1"/><E107/><REACH who="1" ten="250,240,240,250" step="2"/><V110/><F110/><W111/><G111/><T129/><D129/><AGARI ba="0,2" hai="40,43,52,53,55,59,61,67,92,98,102,128,129,131" machi="129" ten="40,5200,0" yaku="1,1,19,1,54,1,53,0" doraHai="6" doraHaiUra="71" who="2" fromWho="0" sc="250,-52,240,0,240,72,250,0" /><INIT seed="1,0,0,1,0,18" ten="198,240,312,250" oya="1" hai0="3,131,127,123,111,9,4,70,11,89,53,106,39" hai1="124,101,33,27,41,57,5,23,8,71,90,13,12" hai2="24,129,32,51,37,79,69,80,91,125,25,134,62" hai3="26,94,105,117,45,93,31,96,130,14,47,115,61"/><U88/><E71/><V132/><F37/><W114/><G117/><T34/><RYUUKYOKU type="yao9" ba="0,0" sc="198,0,240,0,312,0,250,0" hai0="3,4,9,11,34,39,53,70,89,106,111,123,127,131" /><INIT seed="1,1,0,2,3,31" ten="198,240,312,250" oya="1" hai0="52,101,62,26,12,2,8,49,58,23,51,103,123" hai1="107,100,33,35,70,7,94,1,28,115,110,29,69" hai2="66,129,91,6,90,3,76,50,135,10,102,57,59" hai3="39,63,5,73,109,37,122,0,126,60,75,17,118"/><U77/><E94/><V15/><F135/><W111/><G17/><T98/><D2/><U9/><E115/><V119/><F119/><W14/><G14/><T4/><D123/><U43/><E110/><V108/><F129/><W114/><G114/><T121/><D121/><U128/><E128/><V19/><F108/><N who="3" m="41547" /><G122/><T34/><D34/><N who="1" m="12811" /><E29/><V25/><F102/><W46/><G118/><T78/><D78/><U67/><E28/><V86/><F66/><W54/><G126/><T92/><REACH who="0" step="1"/><D103/><REACH who="0" ten="188,240,312,250" step="2"/><U41/><E77/><V112/><F76/><W132/><G132/><T105/><D105/><U95/><E95/><V30/><F112/><W88/><G75/><T87/><D87/><U96/><E43/><V130/><F86/><W133/><G73/><T106/><D106/><U72/><E72/><V80/><F130/><W104/><G133/><T134/><D134/><U13/><E41/><V83/><F90/><W125/><G104/><T68/><D68/><N who="1" m="26219" /><E67/><V21/><F91/><W40/><G125/><T36/><D36/><U11/><E11/><V38/><F38/><W44/><G39/><T27/><D27/><U22/><E22/><V93/><F93/><W47/><G37/><T113/><D113/><U71/><E71/><V127/><F127/><W18/><G40/><T84/><D84/><U99/><E99/><V16/><F83/><W124/><G124/><T20/><D20/><U48/><E48/><V131/><F50/><W24/><G60/><T117/><D117/><U85/><E85/><V53/><F131/><W32/><G32/><T45/><D45/><U79/><E79/><RYUUKYOKU ba="1,1" sc="188,15,240,15,312,-15,250,-15" hai0="4,8,12,23,26,49,51,52,58,62,92,98,101" hai1="1,7,9,13,96,100,107" /><INIT seed="1,2,1,2,3,56" ten="203,255,297,235" oya="1" hai0="126,133,96,65,1,97,14,110,125,119,12,70,6" hai1="16,73,103,26,116,107,64,122,7,78,81,67,3" hai2="98,62,31,100,5,10,124,55,82,80,76,33,47" hai3="17,69,106,120,28,94,58,90,40,127,8,39,15"/><U114/><E116/><V102/><F124/><N who="0" m="47722" /><D119/><U49/><E122/><V75/><F33/><W101/><G120/><T52/><D1/><U115/><E114/><V11/><F31/><W13/><G69/><T19/><D133/><U37/><E115/><V108/><F108/><W63/><G127/><T118/><D118/><U117/><E117/><V84/><F47/><W113/><G113/><T54/><D110/><U131/><E131/><V35/><F35/><W20/><G40/><T68/><D6/><U79/><E79/><V87/><F75/><W135/><G28/><T18/><D70/><U77/><E77/><V112/><F112/><W57/><G39/><T83/><D83/><U129/><E129/><V24/><F24/><W38/><G38/><T21/><D65/><U34/><E49/><V91/><F11/><W134/><G101/><T59/><D68/><U4/><E37/><V60/><F55/><N who="0" m="21034" /><D59/><U0/><E34/><V95/><F102/><W104/><G57/><T61/><D61/><U128/><E128/><V48/><F48/><W132/><G13/><AGARI ba="2,1" hai="5,10,13,60,62,76,80,82,84,87,91,95,98,100" machi="13" ten="30,7700,0" yaku="7,1,8,1,52,2" doraHai="56" who="2" fromWho="3" sc="203,0,255,0,297,93,235,-83" /><INIT seed="2,0,0,3,2,27" ten="203,255,390,152" oya="2" hai0="40,128,32,77,69,46,122,100,109,17,15,67,51" hai1="18,34,121,57,14,125,93,126,79,35,61,85,129" hai2="52,131,90,66,96,107,64,10,115,98,135,30,37" hai3="108,2,38,3,112,60,130,127,45,110,25,91,56"/><V47/><F115/><W124/><G45/><T5/><D122/><U55/><E121/><V103/><F135/><W83/><G38/><T68/><D128/><U59/><E129/><V58/><F131/><W73/><G130/><T113/><D113/><U12/><E12/><V76/><F76/><W94/><G112/><T105/><D109/><N who="3" m="42089" /><G2/><T31/><D77/><U72/><E72/><V75/><F75/><W53/><G3/><T1/><D67/><U13/><E13/><V104/><F47/><W133/><G133/><T22/><D100/><U74/><E74/><V70/><F10/><W39/><G39/><T11/><REACH who="0" step="1"/><D105/><REACH who="0" ten="193,255,390,152" step="2"/><U19/><E79/><V82/><F66/><W116/><G116/><T123/><D123/><U102/><BYE who="0" /><E102/><V4/><F64/><W63/><G73/><UN n0="%E3%82%A6%E3%83%AB%E3%83%88%E3%83%A9%E7%AB%8B%E7%9B%B4" /><T21/><D21/><U84/><E35/><V44/><F104/><W42/><G83/><T28/><D28/><U106/><E106/><V24/><F107/><W41/><G25/><AGARI ba="0,1" hai="1,5,11,15,17,22,25,31,32,40,46,51,68,69" machi="25" ten="40,8000,1" yaku="1,1,24,2,52,1,53,0" doraHai="27" doraHaiUra="92" who="0" fromWho="3" sc="193,90,255,0,390,0,152,-80" /><INIT seed="3,0,0,4,0,124" ten="283,255,390,72" oya="3" hai0="127,8,133,25,80,1,83,128,93,51,110,71,81" hai1="113,34,75,108,9,82,33,49,107,24,125,129,117" hai2="32,50,13,14,109,86,2,26,48,106,31,118,115" hai3="60,68,121,135,23,43,38,92,132,5,76,63,73"/><W36/><G121/><T28/><D71/><U91/><E9/><V88/><F106/><W46/><G5/><T35/><D127/><U77/><E49/><V65/><F118/><W52/><G92/><T6/><D133/><N who="3" m="51273" /><G76/><T11/><D110/><U41/><E108/><V134/><F134/><W74/><G23/><T21/><D51/><U29/><E117/><V64/><F109/><W79/><G79/><T97/><D11/><U12/><E12/><V53/><F115/><W103/><G103/><T39/><D39/><N who="3" m="14889" /><G74/><T131/><REACH who="0" step="1"/><D35/><REACH who="0" ten="273,255,390,72" step="2"/><U85/><E33/><V16/><F48/><N who="3" m="26719" /><G73/><T0/><D0/><U101/><E113/><V45/><F2/><W72/><G72/><T42/><D42/><U87/><E41/><V3/><F3/><W126/><G126/><T22/><D22/><U27/><E125/><V10/><F13/><W104/><G104/><T95/><D95/><AGARI ba="0,1" hai="10,14,16,26,31,32,45,50,53,64,65,86,88,95" machi="95" ten="30,3900,0" yaku="7,1,54,2" doraHai="124" who="2" fromWho="0" sc="273,-39,255,0,390,49,72,0" owari="234,-17.0,255,6.0,439,54.0,72,-43.0" /></mjloggm>