<mjloggm ver="2.3"><GO type="41" lobby="0"/><UN n0="%43%46%E3%83%8B%E3%82%AD%E3%83%BC%E3%82%BF" n1="%E3%82%A6%E3%83%AB%E3%83%88%E3%83%A9%E7%AB%8B%E7%9B%B4" n2="%E5%9B%9E%E7%B7%9A%E8%90%BD%E3%81%A1%E3%82%B4%E3%83%A1%E3%83%B3" n3="%E5%9B%BD%E5%A3%AB%E3%83%86%E3%83%B3%E3%83%91%E3%82%A4" dan="14,16,14,13" rate="1966.58,2057.00,1943.96,1866.55" sx="M,M,M,M"/><TAIKYOKU oya="0"/><INIT seed="0,0,0,3,4,91" ten="250,250,250,250" oya="0" hai0="128,129,19,63,106,23,14,133,48,26,34,69,50" hai1="71,134,5,4,72,68,45,117,135,121,126,108,41" hai2="70,78,100,30,88,124,94,59,87,92,110,15,123" hai3="99,81,0,56,85,3,113,12,65,103,105,7,24"/><T54/><D133/><U90/><E72/><V60/><F123/><W38/><G38/><T44/><D106/><U35/><E35/><V1/><F1/><W84/><G113/><T13/><D69/><U8/><E121/><V82/><F70/><W111/><G111/><T95/><D63/><U125/><E117/><V31/><F110/><W122/><G122/><T76/><D76/><U74/><E74/><V107/><F124/><W39/><G39/><T53/><D34/><U42/><E108/><V32/><F32/><W25/><G85/><T36/><D36/><U109/><E109/><V64/><F107/><W102/><G102/><T97/><D128/><U52/><E90/><V119/><F119/><W80/><G80/><T112/><D112/><U57/><E8/><V46/><F46/><W10/><G3/><T79/><D79/><U83/><E83/><V120/><F120/><W115/><G115/><T51/><D129/><U93/><E45/><V77/><F100/><W18/><G56/><N who="0" m="32807" /><D50/><U16/><E57/><V114/><F114/><W86/><G65/><T22/><D22/><U49/><E49/><V55/><F64/><W17/><G86/><T28/><D28/><N who="2" m="10794" /><F78/><W40/><G40/><T96/><D96/><U73/><E73/><V131/><F131/><W58/><G58/><T89/><AGARI ba="0,0" hai="13,14,19,23,26,44,51,54,89,95,97" m="32807" machi="89" ten="30,3000,0" yaku="8,1,52,1" doraHai="91" who="0" fromWho="0" sc="250,30,250,-10,250,-10,250,-10" /><INIT seed="0,1,0,1,5,103" ten="280,240,240,240" oya="0" hai0="23,98,101,110,12,59,109,94,4,99,70,13,112" hai1="14,120,106,107,72,2,40,69,126,9,15,21,105" hai2="71,42,134,65,46,128,6,79,24,56,51,132,41" hai3="39,5,78,119,29,68,8,89,108,66,127,32,22"/><T18/><D70/><U35/><E120/><V20/><F128/><W88/><G39/><T37/><D37/><U96/><E2/><V30/><F79/><W34/><G119/><T36/><D36/><U47/><E72/><V52/><F6/><W27/><G108/><N who="0" m="41579" /><D112/><U124/><E35/><V64/><F41/><W3/><G127/><N who="1" m="48682" /><E69/><V129/><F129/><W63/><G78/><T62/><D98/><U122/><E122/><V113/><F113/><W86/><REACH who="3" step="1"/><G89/><REACH who="3" ten="280,240,240,230" step="2"/><T67/><D4/><N who="1" m="3367" /><E15/><AGARI ba="1,1" hai="12,13,15,18,23,59,62,67,94,99,101" m="41579" machi="15" ten="30,2900,0" yaku="14,1,10,1" doraHai="103" who="0" fromWho="1" sc="280,42,240,-32,240,0,230,0" /><INIT seed="0,2,0,5,1,113" ten="322,208,240,230" oya="0" hai0="70,119,134,59,14,3,25,128,19,44,86,120,110" hai1="56,35,125,76,21,46,7,92,124,114,42,73,96" hai2="131,123,4,47,11,32,77,88,102,66,6,34,130" hai3="67,37,13,60,29,30,79,135,133,85,20,40,126"/><T54/><D120/><U101/><E35/><V64/><F123/><W106/><G106/><T43/><D3/><U10/><E114/><V18/><F77/><W8/><G126/><T132/><D70/><U72/><E56/><V69/><F69/><W55/><G40/><T129/><D110/><U78/><E21/><V89/><F102/><W104/><G104/><T82/><D25/><U51/><E73/><V52/><F47/><W118/><G118/><T38/><D119/><U1/><REACH who="1" step="1"/><E72/><REACH who="1" ten="322,198,240,230" step="2"/><V111/><F11/><W0/><G20/><N who="0" m="11383" /><D128/><U99/><E99/><V117/><F117/><W22/><G22/><T127/><D129/><U57/><E57/><V105/><F111/><W53/><G85/><T24/><D59/><U31/><E31/><V2/><F2/><W100/><G0/><T74/><D86/><U16/><E16/><V108/><F108/><W26/><G30/><T15/><D74/><U84/><E84/><V63/><F18/><W94/><G29/><T50/><D132/><U23/><E23/><V98/><F98/><W115/><G135/><T62/><D134/><U65/><E65/><V90/><F63/><W12/><G115/><T36/><D62/><U45/><E45/><V87/><F87/><W28/><G133/><T91/><D44/><U17/><E17/><V121/><F121/><W116/><G67/><T48/><D127/><AGARI ba="2,1" hai="1,7,10,42,46,51,76,78,92,96,101,124,125,127" machi="127" ten="40,5200,0" yaku="1,1,18,1,53,1" doraHai="113" doraHaiUra="5" who="1" fromWho="0" sc="322,-58,198,68,240,0,230,0" /><INIT seed="1,0,0,1,5,98" ten="264,266,240,230" oya="1" hai0="89,20,80,1,82,126,13,66,118,7,18,84,101" hai1="110,54,93,21,90,30,39,50,130,10,117,67,11" hai2="53,68,129,8,115,37,15,97,24,6,77,44,114" hai3="41,120,63,105,69,125,94,131,51,92,47,59,38"/><U12/><E39/><V75/><F68/><W99/><G120/><T3/><D118/><U36/><E36/><V111/><F111/><W91/><G131/><T46/><D126/><U86/><E117/><V56/><F129/><W103/><G125/><T96/><D66/><U122/><E122/><V95/><F24/><W5/><G5/><T135/><D135/><U64/><E130/><V108/><F108/><W22/><G69/><T134/><D134/><U26/><E110/><V27/><F27/><W34/><G34/><T45/><D80/><U123/><E123/><V57/><F75/><W100/><G38/><T127/><D127/><U25/><E25/><V23/><F77/><W43/><G43/><T74/><D74/><U121/><E121/><V71/><F23/><W73/><G73/><T31/><D31/><U102/><E11/><V19/><F71/><W14/><G105/><T128/><D128/><U2/><E2/><V85/><F6/><W33/><G33/><T76/><D89/><U81/><E93/><V48/><F85/><W35/><G35/><T132/><D132/><U28/><E28/><V4/><F4/><W16/><G94/><T104/><REACH who="0" step="1"/><D1/><REACH who="0" ten="254,266,240,230" step="2"/><U17/><REACH who="1" step="1"/><E102/><REACH who="1" ten="254,256,240,230" step="2"/><V112/><F37/><W0/><REACH who="3" step="1"/><G0/><REACH who="3" ten="254,256,240,220" step="2"/><T119/><D119/><U109/><E109/><V87/><F114/><W60/><G60/><T124/><D124/><U55/><E55/><AGARI ba="0,3" hai="14,16,22,41,47,51,55,59,63,91,92,99,100,103" machi="55" ten="30,12000,2" yaku="1,1,7,1,8,1,52,2,54,1,53,0" doraHai="98" doraHaiUra="107" who="3" fromWho="1" sc="254,0,256,-120,240,0,220,150" /><INIT seed="2,0,0,5,1,100" ten="254,136,240,370" oya="2" hai0="106,40,105,6,38,27,67,42,16,22,28,56,76" hai1="103,115,29,30,124,81,104,92,54,14,135,85,15" hai2="21,49,34,60,132,31,73,128,36,45,5,55,118" hai3="121,44,7,101,84,90,130,77,62,126,39,23,96"/><V82/><F118/><W93/><G121/><T127/><D76/><U69/><E69/><V53/><F34/><W75/><G126/><T134/><D127/><U95/><E124/><V98/><F132/><W97/><G130/><T129/><D129/><U12/><E115/><V10/><F128/><W46/><G39/><T116/><D134/><U19/><E19/><V0/><F98/><W119/><G119/><T120/><D120/><U110/><E110/><V131/><F131/><W72/><G62/><T113/><D113/><U25/><E135/><V57/><F31/><W8/><G23/><T122/><D122/><U35/><E30/><V32/><F32/><W48/><G72/><T94/><D116/><U13/><N who="1" m="3584" /><DORA hai="114" /><U50/><E103/><V52/><F21/><W51/><G8/><T20/><D6/><U59/><REACH who="1" step="1"/><E104/><REACH who="1" ten="254,126,240,370" step="2"/><V117/><F117/><W9/><G7/><T4/><D4/><U1/><E1/><V68/><F68/><W24/><G9/><T26/><D106/><U109/><E109/><V64/><F36/><W86/><G24/><T17/><D105/><U78/><AGARI ba="0,1" hai="25,29,35,50,54,59,78,81,85,92,95" m="3584" machi="78" ten="40,12000,2" yaku="1,1,0,1,53,4" doraHai="100,114" doraHaiUra="37,11" who="1" fromWho="1" sc="254,-30,126,130,240,-60,370,-30" /><INIT seed="3,0,0,0,4,74" ten="224,256,180,340" oya="3" hai0="52,0,53,65,58,132,106,126,94,12,23,111,14" hai1="43,8,129,120,100,19,114,5,4,123,28,135,20" hai2="112,45,10,133,2,30,48,108,3,101,85,47,27" hai3="7,96,128,67,16,41,83,1,40,81,78,44,68"/><W80/><G128/><T113/><D111/><U89/><E100/><V59/><F112/><W92/><G7/><T9/><D106/><U32/><E43/><V17/><F108/><W121/><G121/><T25/><D132/><U57/><E57/><V125/><F133/><W98/><G1/><T38/><D38/><U115/><E89/><V55/><F125/><W42/><G67/><T99/><D126/><U60/><E60/><V86/><F101/><W29/><G68/><T31/><D113/><N who="1" m="43019" /><E5/><V110/><F110/><W130/><G130/><T131/><D131/><U82/><E82/><N who="3" m="31850" /><G29/><T124/><D0/><N who="1" m="7" /><E135/><V61/><F45/><W107/><G107/><T37/><D37/><U109/><E109/><V22/><F2/><W95/><G44/><T102/><D124/><U69/><E69/><V103/><F103/><W118/><G118/><T15/><D9/><U13/><E129/><V11/><F3/><W56/><G56/><T46/><D46/><U84/><E84/><V122/><F122/><W76/><N who="3" m="31858" /><W104/><DORA hai="105" /><G16/><T36/><D36/><U134/><E134/><V21/><F10/><W6/><G6/><T97/><REACH who="0" step="1"/><D99/><REACH who="0" ten="214,256,180,340" step="2"/><N who="3" m="37929" /><G104/><T49/><D49/><U77/><E123/><V63/><F11/><W35/><G35/><T127/><D127/><U39/><E120/><V90/><F61/><AGARI ba="0,1" hai="12,14,15,23,25,31,52,53,58,61,65,94,97,102" machi="61" ten="40,12000,2" yaku="1,1,25,2,8,1,54,1,53,1" doraHai="74,105" doraHaiUra="93,70" who="0" fromWho="2" sc="214,130,256,0,180,-120,340,0" /><INIT seed="4,0,0,3,5,15" ten="344,256,60,340" oya="0" hai0="41,112,49,26,27,86,25,109,38,46,6,111,48" hai1="129,11,131,103,23,119,117,22,57,28,130,96,108" hai2="99,56,60,5,84,71,64,101,116,80,100,114,88" hai3="122,95,77,69,7,59,123,44,72,18,90,61,107"/><T52/><D112/><U34/><E108/><N who="0" m="41545" /><D6/><U135/><E135/><V55/><F114/><W33/><G107/><T0/><D0/><U40/><E34/><V92/><F116/><W65/><G33/><T47/><D86/><U105/><E40/><V106/><F5/><W13/><G7/><T115/><D115/><U75/><E75/><V4/><F4/><W36/><G77/><T128/><D128/><U120/><E11/><V134/><F134/><W62/><G72/><T35/><D35/><U54/><E120/><N who="3" m="46122" /><G44/><T81/><D81/><U79/><E79/><V104/><REACH who="2" step="1"/><F101/><REACH who="2" ten="344,256,50,340" step="2"/><W87/><G36/><AGARI ba="0,1" hai="25,26,27,36,38,41,46,47,48,49,52" m="41545" machi="36" ten="30,2900,0" yaku="10,1,54,1" doraHai="15" who="0" fromWho="3" sc="344,39,256,0,50,0,340,-29" /><INIT seed="4,1,0,0,3,70" ten="383,256,50,311" oya="0" hai0="63,37,100,9,40,90,101,131,35,125,52,87,42" hai1="129,41,126,8,25,12,79,29,24,123,89,97,66" hai2="106,1,27,64,124,74,19,69,23,132,77,104,65" hai3="18,60,61,45,91,95,108,127,78,84,134,83,122"/><T16/><D35/><U51/><E123/><V31/><F124/><W103/><G122/><T71/><D125/><U20/><E126/><V80/><F132/><W85/><G127/><T26/><D131/><U62/><E129/><V2/><F65/><W44/><G134/><T47/><D42/><U93/><E79/><V33/><F1/><W15/><G108/><T4/><D71/><U86/><E25/><V114/><F2/><W128/><G128/><T121/><D121/><U113/><E113/><V0/><F0/><W82/><G103/><T67/><D4/><U58/><E51/><V92/><F92/><W50/><G83/><T32/><D32/><U6/><E41/><V109/><F109/><W28/><G28/><T72/><D72/><U115/><E115/><V119/><F119/><W75/><G75/><T68/><D52/><U49/><E49/><V7/><F7/><W59/><G50/><T57/><D57/><U110/><E110/><V118/><F118/><W81/><G81/><T5/><D5/><U116/><E116/><V39/><F114/><W3/><G3/><T10/><D10/><U76/><E76/><V120/><F120/><W53/><REACH who="3" step="1"/><G61/><REACH who="3" ten="383,256,50,301" step="2"/><T135/><D135/><U46/><E46/><V11/><F11/><AGARI ba="1,1" hai="11,15,18,44,45,53,59,60,78,82,84,85,91,95" machi="11" ten="30,7700,0" yaku="1,1,2,1,7,1,8,1,53,0" doraHai="70" doraHaiUra="133" who="3" fromWho="2" sc="383,0,256,0,50,-80,301,90" owari="383,18.0,256,-14.0,-30,-53.0,391,49.0" /></mjloggm>