<mjloggm ver="2.3"><GO type="41" lobby="0"/><UN n0="%E3%82%A6%E3%83%AB%E3%83%88%E3%83%A9%E7%AB%8B%E7%9B%B4" n1="%E6%B6%99%E6%B6%99" n2="%35%35%32%31" n3="%E3%82%AA%E3%83%AA%E3%82%A8%E3%83%B3%E3%83%88%47%4D%54" dan="16,13,14,14" rate="2059.62,1812.52,1845.27,1869.77" sx="M,M,M,M"/><TAIKYOKU oya="0"/><INIT seed="0,0,0,4,4,2" ten="250,250,250,250" oya="0" hai0="101,100,46,93,3,105,16,80,50,71,116,60,25" hai1="134,7,48,12,38,47,91,92,99,18,76,55,9" hai2="31,26,8,125,106,1,90,39,20,121,96,126,79" hai3="124,104,97,52,61,122,130,59,41,27,115,28,49"/><T73/><D116/><U118/><E134/><V77/><F121/><W34/><G122/><T127/><D105/><U120/><E118/><V129/><F39/><W72/><G72/><T40/><D127/><N who="2" m="48650" /><F129/><W82/><G124/><T107/><D107/><U109/><E120/><V4/><F90/><W111/><G130/><T114/><D114/><U32/><E76/><V88/><F106/><W56/><G115/><T113/><D113/><U33/><E109/><V44/><F44/><W11/><G111/><T36/><D3/><U13/><REACH who="1" step="1"/><E38/><REACH who="1" ten="250,240,250,250" step="2"/><V84/><F96/><W98/><G104/><T68/><D36/><U57/><E57/><V23/><F23/><AGARI ba="0,1" hai="7,9,12,13,18,23,32,33,47,48,55,91,92,99" machi="23" ten="30,3900,0" yaku="1,1,7,1,52,1,53,0" doraHai="2" doraHaiUra="112" who="1" fromWho="2" sc="250,0,240,49,250,-39,250,0" /><INIT seed="1,0,0,3,4,88" ten="250,289,211,250" oya="1" hai0="42,104,92,117,40,47,121,61,22,128,103,13,21" hai1="33,17,5,9,62,122,46,72,37,23,109,118,10" hai2="134,28,120,96,18,130,125,15,2,79,12,131,90" hai3="85,19,76,135,94,32,66,68,34,45,49,16,100"/><U97/><E118/><V6/><F79/><W44/><G135/><T20/><D117/><U112/><E122/><V51/><F120/><W99/><G45/><T48/><D121/><U1/><E112/><V56/><F134/><W102/><G102/><T31/><D128/><U60/><E72/><V86/><F125/><W30/><G34/><T75/><D75/><U52/><E109/><V53/><F28/><W123/><G123/><T29/><D104/><U64/><E97/><V89/><F96/><W63/><G30/><T39/><D39/><U3/><E33/><V8/><F90/><W83/><REACH who="3" step="1"/><G32/><REACH who="3" ten="250,289,211,240" step="2"/><T24/><D42/><AGARI ba="0,1" hai="16,19,42,44,49,63,66,68,76,83,85,94,99,100" machi="42" ten="30,12000,2" yaku="1,1,2,1,7,1,52,1,54,1,53,1" doraHai="88" doraHaiUra="41" who="3" fromWho="0" sc="250,-120,289,0,211,0,240,130" /><INIT seed="2,0,0,5,4,13" ten="130,289,211,370" oya="2" hai0="19,2,134,8,103,46,108,68,79,102,49,37,62" hai1="25,36,126,64,35,12,78,48,18,96,127,123,24" hai2="129,91,85,38,50,98,6,26,115,107,109,32,16" hai3="42,11,99,20,90,21,59,31,113,30,72,83,51"/><V104/><F115/><W110/><G113/><T33/><D134/><U17/><E123/><V128/><F38/><W77/><G110/><T121/><D108/><U53/><E64/><V0/><F109/><W65/><G11/><T124/><D121/><U14/><E78/><V119/><F119/><W122/><G122/><T89/><D33/><U116/><E36/><V44/><F0/><W82/><G31/><T22/><D124/><N who="1" m="47659" /><E96/><V76/><F6/><W55/><G30/><T100/><D37/><U86/><E86/><V60/><F32/><W15/><G15/><N who="1" m="5674" /><E48/><V111/><F60/><W1/><G65/><T71/><D79/><U58/><E58/><V97/><F76/><W45/><G1/><T41/><D89/><U5/><E53/><N who="2" m="29895" /><F98/><W117/><G117/><T88/><D88/><U133/><E133/><V73/><F97/><W56/><G56/><T87/><D87/><U81/><E81/><N who="2" m="49583" /><F73/><W105/><G83/><T4/><REACH who="0" step="1"/><D62/><REACH who="0" ten="120,289,211,370" step="2"/><U84/><E84/><V66/><F111/><W135/><G135/><T7/><D7/><U61/><E61/><V120/><F120/><W39/><G90/><T69/><D69/><U106/><E106/><V130/><F107/><W63/><G63/><T27/><AGARI ba="0,1" hai="2,4,8,19,22,27,41,46,49,68,71,100,102,103" machi="27" ten="30,4000,0" yaku="1,1,0,1,52,1,53,0" doraHai="13" doraHaiUra="92" who="0" fromWho="0" sc="120,50,289,-10,211,-20,370,-10" /><INIT seed="3,0,0,2,0,125" ten="170,279,191,360" oya="3" hai0="12,60,99,117,49,96,130,23,104,111,86,115,108" hai1="62,2,116,102,72,28,45,36,119,11,101,112,87" hai2="123,8,82,15,92,58,51,56,81,74,95,4,5" hai3="54,94,3,77,46,76,113,31,10,44,103,47,19"/><W121/><G121/><T68/><D117/><N who="1" m="45131" /><E112/><V64/><F123/><W13/><G113/><T90/><D115/><U41/><E62/><N who="2" m="37959" /><F74/><W106/><G106/><T16/><D104/><U109/><E28/><V124/><F124/><W131/><G3/><T27/><D96/><U22/><E22/><V110/><F110/><W132/><G31/><T105/><D99/><U38/><E109/><N who="0" m="42057" /><D105/><U126/><E126/><V70/><F70/><W43/><G103/><N who="1" m="39434" /><E38/><V114/><F5/><W6/><G6/><T24/><D60/><U50/><E50/><V69/><F69/><W135/><G43/><T91/><D68/><U100/><N who="1" m="39442" /><U93/><DORA hai="107" /><E72/><V0/><F0/><W133/><G54/><T52/><D130/><U61/><E61/><V83/><F114/><W33/><G131/><T128/><D128/><U88/><E11/><V20/><F20/><W97/><G33/><T25/><D86/><U118/><N who="1" m="45139" /><U30/><DORA hai="127" /><E30/><V40/><F58/><AGARI ba="0,0" hai="12,16,23,24,25,27,49,52,58,90,91" m="42057" machi="58" ten="30,3900,0" yaku="14,1,54,2" doraHai="125,107,127" who="0" fromWho="2" sc="170,39,279,0,191,-39,360,0" /><INIT seed="4,0,0,5,0,127" ten="209,279,152,360" oya="0" hai0="79,3,82,107,125,76,103,88,83,91,75,80,130" hai1="63,51,10,114,122,105,23,33,96,17,27,58,1" hai2="73,109,42,40,37,9,98,8,108,48,131,120,121" hai3="115,21,110,61,62,0,52,85,124,35,132,87,5"/><T39/><D39/><U74/><E122/><V4/><F73/><W50/><G110/><N who="2" m="42601" /><F37/><W22/><G35/><T41/><D41/><N who="2" m="15978" /><F48/><W14/><G0/><T118/><D3/><U94/><E74/><V81/><F81/><N who="0" m="31338" /><D118/><U55/><E105/><V97/><F131/><W70/><G70/><T34/><D34/><U134/><E134/><V102/><F102/><W69/><G69/><T135/><D125/><U86/><E86/><V84/><F84/><W30/><G132/><T47/><D47/><U49/><E114/><V106/><F106/><W119/><G115/><T24/><D24/><U57/><E33/><V20/><F20/><W43/><G124/><T13/><D13/><U36/><E36/><V72/><F72/><W128/><G43/><T32/><D32/><U89/><E58/><V101/><F101/><W29/><G119/><T16/><D16/><U44/><E44/><V6/><F97/><W90/><G128/><T19/><D19/><U31/><E31/><N who="3" m="11786" /><G87/><T68/><D68/><U112/><E112/><V93/><F98/><W100/><G100/><T25/><D135/><U123/><REACH who="1" step="1"/><E123/><REACH who="1" ten="209,269,152,360" step="2"/><V7/><F121/><W78/><G78/><T53/><D79/><U59/><E59/><V117/><F120/><W56/><G56/><T113/><D113/><U38/><E38/><V12/><F117/><W133/><G133/><T46/><D46/><U64/><E64/><V26/><F9/><W71/><G71/><T104/><D104/><U129/><E129/><V126/><F8/><W65/><G65/><T116/><D130/><U15/><E15/><V99/><F126/><RYUUKYOKU ba="0,1" sc="209,-10,269,30,152,-10,360,-10" hai1="1,10,17,23,27,49,51,55,57,63,89,94,96" /><INIT seed="5,1,1,3,1,41" ten="199,299,142,350" oya="1" hai0="34,48,107,35,79,56,125,118,21,104,74,62,129" hai1="113,85,16,1,81,80,115,84,14,15,105,121,96" hai2="6,2,116,117,106,82,124,61,0,49,90,73,133" hai3="40,101,98,63,22,103,42,17,38,71,119,32,43"/><U102/><E121/><V131/><F106/><W39/><G32/><T65/><D118/><U112/><E1/><V132/><F6/><W89/><G89/><T55/><D125/><U26/><E26/><V12/><F61/><W87/><G87/><T130/><D79/><U18/><E84/><V76/><F124/><W123/><G123/><T120/><D74/><U78/><REACH who="1" step="1"/><E81/><REACH who="1" ten="199,289,142,350" step="2"/><V126/><F126/><W3/><G3/><T19/><D120/><U57/><E57/><V75/><F2/><W67/><G119/><T59/><D35/><U53/><E53/><V8/><F0/><W58/><G58/><T20/><D34/><U66/><E66/><V83/><F82/><W92/><REACH who="3" step="1"/><G103/><REACH who="3" ten="199,289,142,340" step="2"/><T99/><D59/><U135/><E135/><V60/><F116/><W91/><G91/><T95/><D56/><U122/><E122/><V86/><F90/><W25/><AGARI ba="1,3" hai="17,22,25,38,39,40,42,43,63,67,71,92,98,101" machi="25" ten="30,2000,0" yaku="1,1,0,1,53,0" doraHai="41" doraHaiUra="9" who="3" fromWho="3" sc="199,-6,289,-11,142,-6,340,53" /><INIT seed="6,0,0,3,5,7" ten="193,278,136,393" oya="2" hai0="97,20,63,81,17,67,8,46,48,9,6,52,77" hai1="104,29,41,79,90,38,132,31,0,68,121,43,59" hai2="126,80,85,108,116,16,35,91,47,36,61,50,23" hai3="60,82,106,94,70,75,51,56,32,113,44,124,103"/><V28/><F116/><W105/><G32/><T107/><D6/><U125/><E104/><V3/><F3/><W83/><G70/><T14/><D97/><U123/><E121/><V96/><F35/><W24/><G24/><T58/><REACH who="0" step="1"/><D107/><REACH who="0" ten="183,278,136,393" step="2"/><U110/><E123/><V4/><F108/><W84/><G106/><T117/><D117/><U111/><E110/><V64/><F4/><W66/><G105/><T101/><D101/><U102/><E111/><V74/><F126/><W62/><G124/><T119/><D119/><U22/><E125/><V1/><F1/><W133/><G103/><T57/><D57/><U21/><E132/><V33/><F96/><W131/><G133/><T45/><D45/><U12/><E68/><V34/><F74/><AGARI ba="0,1" hai="8,9,14,17,20,46,48,52,58,63,67,74,77,81" machi="74" ten="30,8000,1" yaku="1,1,7,1,52,2,54,1,53,0" doraHai="7" doraHaiUra="118" who="0" fromWho="2" sc="183,90,278,0,136,-80,393,0" /><INIT seed="7,0,0,0,3,71" ten="273,278,56,393" oya="3" hai0="68,85,135,97,14,115,23,61,91,13,108,66,105" hai1="106,75,25,32,5,131,55,43,69,22,119,1,56" hai2="82,87,58,101,128,133,10,86,16,110,54,109,38" hai3="83,93,62,33,65,42,30,113,60,20,15,39,63"/><W95/><G33/><T92/><D108/><U103/><E106/><V36/><F82/><W117/><G117/><T8/><D135/><U29/><E75/><V46/><F10/><W4/><G83/><T73/><D73/><U48/><E69/><V34/><F46/><W11/><G65/><T124/><D124/><U98/><E119/><V41/><F58/><W9/><G9/><T94/><D105/><U90/><E90/><V59/><F59/><W132/><G39/><T134/><D134/><U24/><E131/><V107/><F133/><W17/><G42/><T40/><D40/><U99/><E43/><V84/><F41/><W47/><G47/><T37/><D37/><U104/><E98/><V50/><F50/><W72/><G72/><T88/><D115/><U118/><E118/><V125/><F128/><W74/><G74/><T67/><D67/><U27/><E1/><V80/><F125/><W7/><G113/><T76/><D76/><U111/><E5/><N who="3" m="2122" /><G132/><T0/><D0/><U100/><E111/><V18/><F110/><W64/><G64/><T52/><D8/><U130/><E103/><V116/><F109/><W57/><G57/><T122/><D122/><U112/><E112/><V51/><F116/><W31/><G11/><T120/><D120/><U21/><E130/><V77/><F101/><W26/><G26/><T28/><REACH who="0" step="1"/><D52/><REACH who="0" ten="263,278,56,393" step="2"/><U123/><REACH who="1" step="1"/><E123/><REACH who="1" ten="263,268,56,393" step="2"/><V3/><F38/><W6/><G6/><T35/><D35/><U78/><E78/><V102/><F34/><W44/><G44/><T129/><D129/><U81/><E81/><V126/><F36/><RYUUKYOKU ba="0,2" sc="263,10,268,10,56,-30,393,10" hai0="13,14,23,28,61,66,68,85,88,91,92,94,97" hai1="21,22,24,25,27,29,32,48,55,56,99,100,104" hai3="15,17,20,30,31,60,62,63,93,95" owari="273,-13.0,278,8.0,26,-47.0,423,52.0" /></mjloggm>