<mjloggm ver="2.3"><GO type="97" lobby="0"/><UN n0="%E3%82%A6%E3%83%AB%E3%83%88%E3%83%A9%E7%AB%8B%E7%9B%B4" n1="%6D%69%6E%61%6D%69%61%73" n2="%73%61%72%61%6B" n3="%30%36%32%38%6E%61%6F" dan="14,13,15,14" rate="1870.70,1878.45,1985.78,1972.28" sx="M,M,M,M"/><TAIKYOKU oya="0"/><INIT seed="0,0,0,1,1,2" ten="250,250,250,250" oya="0" hai0="89,12,41,23,42,133,125,68,57,27,79,0,34" hai1="62,46,5,13,3,112,4,37,17,75,6,81,104" hai2="97,59,61,94,114,78,131,25,108,18,87,95,60" hai3="24,134,84,66,102,85,44,132,54,128,64,8,121"/><T38/><D68/><U1/><E104/><V67/><F108/><W86/><G121/><T22/><D0/><U124/><E112/><V90/><F131/><W21/><G128/><T63/><D125/><U26/><E124/><V20/><F114/><W33/><G33/><T115/><D115/><U40/><E26/><V122/><F122/><W82/><G102/><T10/><D133/><N who="3" m="51305" /><G8/><T35/><D79/><U74/><E62/><N who="2" m="38367" /><F78/><W71/><G71/><T101/><D101/><AGARI ba="0,0" hai="18,20,25,60,61,87,90,94,95,97,101" m="38367" machi="101" ten="30,1000,0" yaku="8,1" doraHai="2" who="2" fromWho="0" sc="250,-10,250,0,250,10,250,0" /><INIT seed="1,0,0,0,1,8" ten="240,250,260,250" oya="1" hai0="92,93,86,102,35,97,114,66,113,134,38,78,58" hai1="128,82,76,116,21,14,106,67,19,132,71,103,32" hai2="107,47,54,131,6,60,87,26,49,23,91,18,63" hai3="120,125,39,42,77,45,30,69,34,2,96,80,118"/><U61/><E116/><V72/><F131/><W40/><G120/><T22/><D35/><U64/><E64/><V52/><F72/><W68/><G125/><T119/><D38/><U46/><E132/><V4/><F107/><W36/><G96/><T123/><D123/><U110/><E128/><V51/><F60/><W115/><G115/><T1/><D1/><U44/><E32/><V84/><F63/><W73/><G118/><T0/><D0/><U90/><E90/><V85/><REACH who="2" step="1"/><F91/><REACH who="2" ten="240,250,250,250" step="2"/><W124/><G124/><T83/><D119/><U117/><E117/><V105/><F105/><W37/><G2/><T104/><D134/><U94/><E106/><V109/><F109/><W43/><G43/><T81/><D113/><U48/><E110/><V33/><F33/><W28/><G42/><T55/><D114/><U88/><E103/><V53/><F53/><W111/><G111/><T3/><D66/><U108/><E108/><V98/><F98/><W121/><G121/><T127/><D127/><U17/><E48/><V11/><F11/><W74/><G74/><T41/><D41/><U56/><E71/><N who="3" m="27210" /><G30/><T135/><D135/><U101/><E101/><V57/><AGARI ba="0,1" hai="4,6,18,23,26,47,49,51,52,54,57,84,85,87" machi="57" ten="30,7900,0" yaku="1,1,0,1,8,1,54,1,53,0" doraHai="8" doraHaiUra="9" who="2" fromWho="2" sc="240,-20,250,-39,250,89,250,-20" /><INIT seed="2,0,0,1,0,117" ten="220,211,339,230" oya="2" hai0="82,69,22,66,106,34,118,126,25,120,130,33,0" hai1="125,115,85,14,61,100,31,26,21,90,109,114,60" hai2="65,20,116,76,15,48,1,81,71,29,105,127,68" hai3="51,88,53,3,19,54,28,35,108,30,6,98,95"/><V16/><F116/><W9/><G108/><T64/><D106/><U62/><E125/><V92/><F105/><W103/><G35/><N who="0" m="13323" /><D82/><U56/><E109/><V83/><F1/><W75/><G75/><T70/><D118/><U131/><E131/><V122/><F122/><W123/><G123/><T119/><D119/><U63/><E100/><V78/><F29/><W55/><G19/><T11/><D120/><U23/><E23/><V37/><F37/><W132/><G132/><T42/><D42/><U124/><E14/><V18/><F65/><N who="0" m="25194" /><D11/><U52/><REACH who="1" step="1"/><E124/><REACH who="1" ten="220,201,339,230" step="2"/><V77/><F127/><W7/><G7/><T102/><D126/><U101/><E101/><V27/><F71/><N who="0" m="27146" /><D102/><U45/><E45/><V59/><F68/><W80/><G103/><T74/><D22/><U8/><E8/><N who="2" m="6247" /><F92/><AGARI ba="0,1" hai="21,26,31,52,56,60,61,62,63,85,90,92,114,115" machi="92" ten="40,2600,0" yaku="1,1,54,1,53,0" doraHai="117" doraHaiUra="10" who="1" fromWho="2" sc="220,0,201,36,339,-26,230,0" /><INIT seed="3,0,0,2,0,50" ten="220,237,313,230" oya="3" hai0="76,87,95,82,128,15,97,68,7,62,130,93,12" hai1="42,24,133,13,122,43,102,88,60,54,116,80,56" hai2="103,57,59,38,46,1,127,8,6,131,96,32,99" hai3="126,107,2,115,21,37,104,75,41,27,49,51,0"/><W30/><G115/><T78/><D62/><U9/><E122/><V125/><F32/><W83/><G126/><N who="2" m="48137" /><F131/><N who="0" m="50218" /><D68/><U14/><E116/><V132/><F132/><W20/><G20/><T61/><D61/><U98/><E133/><V65/><F65/><W106/><G37/><T108/><D108/><U70/><E70/><V67/><F67/><W66/><G66/><T44/><D44/><U89/><E24/><V117/><F117/><W35/><G21/><T105/><D105/><U63/><E63/><V86/><F86/><W39/><G51/><T81/><D7/><U114/><E114/><V4/><F4/><W123/><G49/><T113/><D113/><U22/><E22/><V85/><F85/><W118/><G123/><T72/><D95/><N who="1" m="58719" /><E14/><V5/><F5/><W101/><G101/><AGARI ba="0,0" hai="12,15,72,76,78,81,82,87,93,97,101" m="50218" machi="101" ten="30,1000,0" yaku="19,1" doraHai="50" who="0" fromWho="3" sc="220,10,237,0,313,0,230,-10" owari="230,-17.0,237,4.0,313,41.0,220,-28.0" /></mjloggm>