<mjloggm ver="2.3"><GO type="97" lobby="0"/><UN n0="%4D%41%53%41%E3%83%BB%53" n1="%E4%B8%80%E3%83%8E%E7%80%AC%E5%85%AD%E6%89%8B" n2="%E3%82%A6%E3%83%AB%E3%83%88%E3%83%A9%E7%AB%8B%E7%9B%B4" n3="%E6%9D%A5%E6%A0%96%E9%B3%A5" dan="13,15,15,15" rate="1960.35,1927.45,2039.22,1968.68" sx="M,M,M,M"/><TAIKYOKU oya="0"/><INIT seed="0,0,0,2,2,32" ten="250,250,250,250" oya="0" hai0="20,36,37,13,4,1,25,135,10,93,125,99,33" hai1="121,68,54,49,27,12,112,9,3,53,129,88,44" hai2="75,109,23,62,48,100,95,101,14,70,84,130,17" hai3="85,21,50,39,128,82,114,123,18,29,69,91,102"/><T113/><D113/><U107/><E121/><V79/><F130/><W46/><G69/><T63/><D125/><U61/><E129/><V118/><F109/><W90/><G114/><T72/><D72/><U2/><E112/><V103/><F118/><W40/><G128/><T22/><D135/><U115/><E115/><V71/><F75/><W83/><G123/><T131/><D131/><U120/><E120/><V41/><F70/><W30/><G102/><T65/><D33/><U43/><E107/><V59/><F71/><W47/><G83/><T111/><D13/><U78/><E78/><V31/><F31/><W132/><G91/><T66/><D22/><U80/><E27/><V58/><F58/><W92/><G82/><T87/><D87/><N who="1" m="50279" /><E43/><V108/><F108/><W133/><G46/><T122/><D122/><U67/><E54/><N who="2" m="34167" /><F79/><W86/><G85/><T98/><D99/><U5/><E5/><V56/><F56/><W35/><G39/><T64/><D63/><U26/><E26/><V24/><F24/><N who="3" m="14391" /><G35/><T96/><D111/><U57/><E68/><V28/><F28/><N who="3" m="10859" /><G133/><T89/><REACH who="0" step="1"/><D98/><REACH who="0" ten="240,250,250,250" step="2"/><U105/><E61/><V73/><F73/><W97/><G132/><T19/><AGARI ba="0,1" hai="1,4,10,19,20,25,36,37,64,65,66,89,93,96" machi="19" ten="30,11700,0" yaku="1,1,2,1,0,1,52,1,53,0" doraHai="32" doraHaiUra="45" who="0" fromWho="0" sc="240,127,250,-39,250,-39,250,-39" /><INIT seed="0,1,0,3,1,114" ten="367,211,211,211" oya="0" hai0="78,27,31,134,63,50,94,5,132,3,30,126,122" hai1="51,86,57,32,93,44,34,105,130,6,89,103,69" hai2="1,73,70,129,101,66,35,117,82,58,40,16,80" hai3="99,124,56,107,0,53,81,52,12,75,97,25,67"/><T11/><D122/><U115/><E69/><V74/><F70/><W23/><G0/><T125/><D78/><U98/><E115/><V59/><F1/><W121/><G124/><N who="0" m="47723" /><D94/><U118/><E118/><V7/><F7/><W91/><G107/><T33/><D50/><U90/><E130/><V8/><F35/><W10/><G121/><T71/><D63/><U36/><E6/><V60/><F60/><N who="3" m="38279" /><G75/><T62/><D62/><U84/><E57/><V135/><F129/><W110/><G110/><T106/><D106/><U14/><E14/><V42/><F101/><W41/><G41/><T19/><D71/><U45/><E36/><V48/><F48/><W120/><G120/><T113/><D113/><U79/><E79/><V65/><F8/><W96/><G91/><T116/><D116/><U39/><E39/><V119/><REACH who="2" step="1"/><F16/><REACH who="2" ten="367,211,201,211" step="2"/><N who="3" m="12519" /><G81/><T21/><D31/><U68/><E68/><V13/><F13/><AGARI ba="1,1" hai="3,5,11,13,19,21,27,30,33,132,134" m="47723" machi="13" ten="30,11600,0" yaku="24,1,18,1,34,2" doraHai="114" who="0" fromWho="2" sc="367,129,211,0,201,-119,211,0" /><INIT seed="0,2,0,4,3,116" ten="496,211,82,211" oya="0" hai0="51,32,93,19,11,101,69,23,4,90,14,106,74" hai1="107,131,133,33,108,7,46,35,50,8,68,100,104" hai2="2,126,65,117,12,49,6,88,115,54,129,38,121" hai3="21,124,39,16,128,75,76,112,22,97,36,110,78"/><T55/><D69/><U130/><E108/><V57/><F2/><W119/><G110/><T64/><D74/><U123/><E123/><V73/><F73/><W122/><G119/><T135/><D64/><U125/><E125/><V134/><F117/><W77/><G112/><T127/><D127/><U28/><E133/><V132/><F126/><W26/><G124/><T29/><D135/><N who="2" m="51754" /><F38/><W99/><G128/><N who="1" m="49194" /><E68/><V31/><F31/><W3/><G3/><T17/><D101/><U1/><E100/><V27/><F129/><W25/><G75/><T89/><D106/><N who="1" m="40491" /><E28/><V63/><F27/><W72/><G72/><T9/><D32/><U45/><E45/><N who="2" m="27951" /><F115/><W84/><G84/><T70/><D70/><U62/><E62/><V86/><F121/><W120/><G78/><T118/><D118/><U60/><E60/><V103/><F103/><W109/><G109/><T43/><D43/><AGARI ba="2,0" hai="1,7,8,33,35,43,46,50" m="40491,49194" machi="43" ten="30,1000,0" yaku="19,1" doraHai="116" who="1" fromWho="0" sc="496,-16,211,16,82,0,211,0" /><INIT seed="1,0,0,4,1,123" ten="480,227,82,211" oya="1" hai0="55,14,124,29,109,26,122,76,103,126,50,13,121" hai1="69,58,27,90,108,114,65,94,41,102,10,4,19" hai2="116,70,23,113,130,89,49,52,75,91,28,32,20" hai3="117,8,45,3,115,111,6,1,71,39,135,0,42"/><U60/><E114/><V40/><F75/><W80/><G115/><T33/><D76/><U110/><E102/><V46/><F130/><W87/><G117/><T107/><D103/><U83/><E41/><V66/><F113/><W73/><G87/><T81/><D81/><U9/><E83/><V56/><F116/><W67/><G135/><T2/><D107/><U118/><E118/><V105/><F105/><W106/><G111/><N who="1" m="42538" /><E69/><V112/><F112/><W78/><G106/><T97/><D97/><N who="1" m="57559" /><E4/><V85/><F85/><W44/><G44/><T12/><D109/><U92/><E92/><V35/><F91/><W5/><G5/><T79/><D79/><U134/><E134/><V93/><F89/><W86/><G86/><T16/><D2/><U51/><E51/><V53/><F93/><W129/><G129/><T47/><D16/><U24/><E19/><V88/><F88/><W21/><G21/><T101/><D101/><U100/><E100/><V37/><F23/><W68/><G68/><T22/><D33/><U96/><E96/><V72/><F20/><W98/><G98/><T61/><D61/><AGARI ba="0,0" hai="0,1,3,6,8,39,42,45,61,67,71,73,78,80" machi="61" ten="40,8000,1" yaku="25,2,33,3" doraHai="123" who="3" fromWho="0" sc="480,-80,227,0,82,0,211,80" /><INIT seed="2,0,0,0,3,91" ten="400,227,82,291" oya="2" hai0="21,45,59,31,89,30,104,3,8,38,119,22,97" hai1="133,74,14,128,80,60,79,106,114,12,68,39,37" hai2="121,77,129,41,100,42,70,9,19,44,110,115,43" hai3="81,125,117,33,29,57,24,78,92,95,58,108,62"/><V101/><F70/><W50/><G117/><T93/><D119/><U23/><E114/><V86/><F115/><W11/><G125/><T52/><D104/><U2/><E128/><V16/><F121/><W94/><G108/><T116/><D116/><U20/><E133/><V47/><F129/><W126/><G126/><T122/><D122/><U64/><E2/><V73/><F73/><W6/><G50/><T69/><D69/><U13/><REACH who="1" step="1"/><E106/><REACH who="1" ten="400,217,82,291" step="2"/><V85/><F110/><W27/><G27/><T82/><D3/><U66/><E66/><V7/><F77/><W46/><G46/><N who="2" m="17449" /><F7/><W18/><G18/><N who="2" m="6697" /><F9/><W54/><G58/><T56/><D8/><U118/><E118/><V113/><F113/><W28/><G28/><T131/><D131/><U111/><E111/><V134/><F134/><W48/><G48/><N who="0" m="28687" /><D38/><AGARI ba="0,1" hai="12,13,14,20,23,37,38,39,60,64,68,74,79,80" machi="38" ten="40,1300,0" yaku="1,1,53,0" doraHai="91" doraHaiUra="98" who="1" fromWho="0" sc="400,-13,217,23,82,0,291,0" /><INIT seed="3,0,0,3,0,115" ten="387,240,82,291" oya="3" hai0="75,130,120,114,128,131,91,21,69,11,46,56,31" hai1="25,44,6,12,122,53,90,51,109,72,87,54,104" hai2="68,113,18,126,89,99,79,43,92,32,70,59,52" hai3="119,49,58,105,101,60,0,23,78,111,100,33,22"/><W17/><G0/><T30/><D69/><U9/><E122/><V108/><F126/><W47/><G33/><T66/><D75/><U24/><E72/><V37/><F108/><W86/><G105/><T10/><D120/><U57/><E109/><V71/><F113/><W14/><G119/><T16/><D46/><U123/><E104/><V110/><F110/><W103/><G111/><T95/><D114/><U28/><E28/><N who="0" m="10793" /><D66/><U13/><E13/><V129/><F32/><W118/><G118/><T88/><D56/><U85/><E123/><V20/><F129/><W94/><G23/><T121/><D121/><U80/><REACH who="1" step="1"/><E87/><REACH who="1" ten="387,230,82,291" step="2"/><V77/><F37/><W2/><G2/><T98/><D91/><U107/><E107/><V134/><F134/><W106/><G106/><T55/><D55/><U102/><E102/><V64/><F43/><N who="3" m="24831" /><G78/><T127/><D127/><U19/><E19/><V48/><F64/><N who="3" m="38935" /><G86/><T8/><D21/><U67/><E67/><V124/><F124/><W73/><G73/><T96/><D98/><AGARI ba="0,1" hai="14,17,22,94,98,100,101,103" m="38935,24831" machi="98" ten="30,1500,0" yaku="8,1" doraHai="115" who="3" fromWho="0" sc="387,-15,230,0,82,0,291,25" /><INIT seed="3,1,0,2,4,58" ten="372,230,82,316" oya="3" hai0="82,73,67,105,87,68,54,125,36,120,109,126,46" hai1="31,23,40,0,129,132,135,13,27,78,34,75,37" hai2="38,21,100,60,104,2,114,11,62,86,57,76,50" hai3="18,69,123,85,16,26,61,93,66,65,59,15,39"/><W72/><G123/><T83/><D120/><U24/><E129/><V53/><F114/><W74/><G39/><T4/><D105/><U22/><E75/><V97/><F38/><W81/><G72/><T49/><D36/><U119/><E78/><V94/><F2/><W14/><G74/><T19/><D109/><U20/><E37/><V10/><F104/><W111/><G111/><T117/><D117/><U80/><E80/><V47/><F21/><N who="3" m="13607" /><G93/><T42/><D4/><U102/><E102/><V64/><F76/><N who="3" m="46247" /><G69/><T124/><D42/><U121/><E40/><V9/><F86/><W55/><G14/><T30/><D30/><N who="1" m="19807" /><E121/><V122/><F122/><W7/><G7/><T115/><D115/><U51/><E51/><V12/><REACH who="2" step="1"/><F62/><REACH who="2" ten="372,230,72,316" step="2"/><W52/><G55/><T107/><D107/><U17/><E119/><V108/><F108/><W103/><G103/><T43/><D73/><U28/><E0/><V44/><F44/><W84/><G84/><T88/><D82/><U29/><E132/><V133/><F133/><W118/><G118/><T89/><D43/><U48/><E135/><V101/><F101/><W99/><G99/><T77/><D19/><N who="1" m="10351" /><E48/><V25/><F25/><AGARI ba="1,1" hai="17,22,23,24,25,28,29,31" m="10351,19807" machi="25" ten="30,8000,1" yaku="35,5" doraHai="58" who="1" fromWho="2" sc="372,0,230,93,72,-83,316,0" owari="372,47.0,323,12.0,-11,-51.0,316,-8.0" /></mjloggm>