<mjloggm ver="2.3"><GO type="41" lobby="0"/><UN n0="%E3%82%A6%E3%83%AB%E3%83%88%E3%83%A9%E7%AB%8B%E7%9B%B4" n1="%E2%98%86%E3%82%86%E3%81%8D" n2="%50%69%7A%75%6D%69" n3="%E5%A4%A9%E9%87%8E%E3%81%BE%E3%82%8A" dan="16,13,13,13" rate="2058.52,1860.56,1938.87,1859.88" sx="M,F,M,F"/><TAIKYOKU oya="0"/><INIT seed="0,0,0,1,4,109" ten="250,250,250,250" oya="0" hai0="105,52,6,37,103,46,47,87,72,21,68,23,12" hai1="95,40,123,1,77,110,60,115,18,36,69,104,107" hai2="49,31,86,130,99,84,126,57,76,44,51,102,55" hai3="81,97,114,16,54,89,122,33,88,120,65,25,121"/><T4/><D72/><U106/><E123/><V74/><F130/><W29/><G65/><T128/><D68/><U41/><E1/><V118/><F118/><W116/><G116/><T38/><D128/><U20/><E77/><V58/><F126/><W45/><G97/><T108/><D103/><U127/><E127/><V42/><F31/><W132/><G132/><T82/><D105/><U56/><E69/><V135/><F135/><W133/><G133/><T85/><D12/><U59/><E110/><V75/><F75/><W119/><G119/><T70/><D70/><U96/><E36/><V80/><REACH who="2" step="1"/><F58/><REACH who="2" ten="250,250,240,250" step="2"/><W100/><G81/><T98/><D108/><U2/><E59/><V93/><AGARI ba="0,1" hai="42,44,49,51,55,57,74,76,80,84,86,93,99,102" machi="93" ten="20,5200,0" yaku="1,1,2,1,0,1,7,1,53,0" doraHai="109" doraHaiUra="66" who="2" fromWho="2" sc="250,-26,250,-13,240,62,250,-13" /><INIT seed="1,0,0,2,4,108" ten="224,237,302,237" oya="1" hai0="127,66,74,50,132,17,21,25,18,90,102,35,110" hai1="121,63,8,29,44,20,43,57,116,46,39,95,51" hai2="34,83,16,5,96,72,13,28,99,84,19,36,135" hai3="26,73,31,61,119,133,78,71,38,109,62,1,92"/><U54/><E116/><V40/><F72/><W53/><G119/><T70/><D110/><U64/><E121/><V101/><F135/><W88/><G133/><T123/><D132/><U134/><E134/><V10/><F99/><W37/><G109/><T93/><D74/><U47/><E8/><V91/><F34/><W55/><G1/><T77/><D77/><U100/><E100/><V48/><F36/><W98/><G62/><T32/><D127/><U86/><E86/><V12/><F28/><W126/><G126/><T112/><D123/><U24/><REACH who="1" step="1"/><E95/><REACH who="1" ten="224,227,302,237" step="2"/><V106/><REACH who="2" step="1"/><F13/><REACH who="2" ten="224,227,292,237" step="2"/><W41/><G73/><T69/><D102/><U80/><E80/><V56/><F56/><AGARI ba="0,2" hai="20,24,29,39,43,44,46,47,51,54,56,57,63,64" machi="56" ten="30,2900,0" yaku="1,1,7,1,53,0" doraHai="108" doraHaiUra="75" who="1" fromWho="2" sc="224,0,227,49,292,-29,237,0" /><INIT seed="1,1,0,2,0,68" ten="224,276,263,237" oya="1" hai0="88,131,27,133,11,17,67,37,3,80,101,41,135" hai1="36,5,70,20,63,48,74,83,82,119,85,38,116" hai2="91,23,106,56,51,98,0,81,44,7,52,6,53" hai3="19,99,105,103,102,54,111,22,71,90,121,16,43"/><U1/><E74/><V32/><F32/><W59/><G121/><T57/><D101/><U129/><E83/><V104/><F0/><W97/><G71/><T107/><D107/><U115/><E115/><V31/><F106/><W21/><G111/><T61/><D131/><U125/><E129/><V25/><F104/><W35/><G35/><T110/><D110/><U124/><E1/><V30/><F30/><W120/><G120/><T79/><D79/><U118/><E5/><V47/><F47/><W28/><G90/><T112/><D112/><U86/><E20/><V58/><F44/><W84/><G84/><T75/><D75/><U92/><E48/><V49/><REACH who="2" step="1"/><F81/><REACH who="2" ten="224,276,253,237" step="2"/><W113/><G105/><T72/><D3/><U108/><E92/><AGARI ba="1,1" hai="6,7,23,25,31,49,51,52,53,56,58,91,92,98" machi="92" ten="40,8000,1" yaku="1,1,2,1,9,1,8,1,54,1,53,0" doraHai="68" doraHaiUra="42" who="2" fromWho="1" sc="224,0,276,-83,253,93,237,0" /><INIT seed="2,0,0,5,3,23" ten="224,193,346,237" oya="2" hai0="65,120,67,68,115,131,24,132,1,134,100,99,75" hai1="62,88,52,16,20,4,126,69,13,38,46,106,21" hai2="48,121,30,12,11,63,31,85,33,94,42,90,82" hai3="41,118,66,98,40,14,60,44,83,97,49,58,108"/><V0/><F0/><W73/><G118/><T55/><D120/><U103/><E126/><V72/><F121/><W95/><G108/><T87/><D75/><U53/><E4/><N who="2" m="3175" /><F33/><W10/><G73/><T27/><D1/><U127/><E127/><V96/><F72/><W78/><G41/><T74/><D74/><U9/><E106/><V64/><F64/><W34/><G95/><T22/><D115/><U25/><E103/><N who="2" m="60823" /><F63/><W59/><G34/><T122/><D122/><U18/><E21/><V39/><F39/><W130/><G59/><T56/><D68/><U79/><E79/><V6/><F6/><N who="3" m="3415" /><G130/><T117/><D117/><U125/><E125/><V92/><F92/><W91/><G78/><T133/><D22/><U110/><E110/><V104/><F104/><W35/><G35/><T54/><D87/><AGARI ba="0,0" hai="40,44,49,58,60,66,83,87,91,97,98" m="3415" machi="87" ten="30,1000,0" yaku="8,1" doraHai="23" who="3" fromWho="0" sc="224,-10,193,0,346,0,237,10" /><INIT seed="3,0,0,2,5,112" ten="214,193,346,247" oya="3" hai0="59,27,0,79,51,10,125,40,97,113,32,15,119" hai1="93,60,107,7,123,84,108,122,20,46,29,124,66" hai2="77,3,106,98,78,96,129,71,88,132,70,121,67" hai3="69,101,30,68,94,74,4,56,2,9,128,58,64"/><W28/><G74/><T25/><D0/><U85/><E107/><V63/><F3/><W87/><G128/><T118/><D113/><U1/><E1/><V130/><F121/><W126/><G126/><T89/><D125/><U23/><E124/><V36/><F36/><W52/><G58/><T14/><D79/><N who="2" m="30218" /><F132/><W110/><G110/><T57/><D32/><U81/><E7/><V13/><F13/><W43/><G43/><T5/><D40/><U100/><E108/><V31/><F31/><W103/><G68/><N who="2" m="26153" /><F106/><W21/><G69/><T42/><D42/><U83/><E46/><V76/><F67/><W38/><G64/><T134/><D134/><U99/><E66/><V117/><F117/><W48/><G38/><T12/><D51/><U82/><E60/><V95/><F63/><W50/><G28/><T35/><D59/><U102/><E102/><V135/><F135/><W120/><G120/><T34/><D57/><U18/><E29/><V92/><F76/><W90/><REACH who="3" step="1"/><G48/><REACH who="3" ten="214,193,346,237" step="2"/><T116/><D10/><U11/><E122/><V17/><F130/><W111/><G111/><T127/><D127/><U109/><E109/><V133/><F129/><W75/><G75/><T105/><D5/><U114/><E123/><V19/><F133/><W22/><G22/><N who="1" m="8234" /><E114/><V8/><F8/><W44/><G44/><T37/><D37/><U86/><E11/><V39/><F39/><W33/><G33/><T41/><D35/><U65/><E65/><V131/><F131/><W55/><G55/><T54/><D54/><U62/><E62/><V6/><F6/><W72/><G72/><RYUUKYOKU ba="0,1" sc="214,-30,193,10,346,10,237,10" hai1="18,81,82,83,84,85,86,93,99,100" hai2="17,19,88,92,95,96,98" hai3="2,4,9,21,30,50,52,56,87,90,94,101,103" /><INIT seed="3,1,1,2,1,115" ten="184,203,356,247" oya="3" hai0="77,124,118,38,62,97,104,27,51,75,106,108,16" hai1="69,6,103,33,128,53,22,71,121,50,99,130,119" hai2="8,24,96,102,41,4,84,19,59,125,18,66,95" hai3="37,82,79,63,91,90,44,7,98,113,43,87,45"/><W47/><G113/><T123/><D38/><U39/><E121/><V1/><F41/><W2/><G98/><T31/><D123/><U12/><E39/><V67/><F125/><W109/><G109/><T25/><D124/><U3/><E3/><V133/><F133/><W114/><G114/><T61/><D108/><U32/><E32/><V68/><F68/><W57/><G2/><T78/><D51/><U54/><E33/><V86/><F86/><W110/><G110/><T81/><D97/><U135/><E135/><V117/><F117/><W20/><G7/><T40/><D40/><U80/><E80/><V105/><F105/><W10/><G10/><T48/><D48/><U89/><E89/><V127/><F84/><W76/><G20/><T83/><D16/><N who="1" m="10503" /><E119/><V116/><F127/><W0/><G0/><T17/><D17/><U120/><E6/><V70/><F116/><W72/><G79/><T101/><D118/><U11/><E11/><V15/><F70/><N who="1" m="26633" /><E50/><V21/><REACH who="2" step="1"/><F59/><REACH who="2" ten="184,203,346,247" step="2"/><W49/><G37/><T74/><REACH who="0" step="1"/><D31/><REACH who="0" ten="174,203,346,247" step="2"/><U112/><E120/><V23/><AGARI ba="1,3" hai="1,4,8,15,18,19,21,23,24,66,67,95,96,102" machi="23" ten="20,5200,0" yaku="1,1,2,1,0,1,7,1,53,0" doraHai="115" doraHaiUra="55" who="2" fromWho="2" sc="174,-14,203,-14,346,85,247,-27" /><INIT seed="4,0,0,2,1,66" ten="160,189,431,220" oya="0" hai0="44,122,79,131,117,119,102,81,27,45,42,104,74" hai1="92,129,130,100,17,46,7,113,69,59,109,12,18" hai2="15,40,22,107,8,68,93,9,127,87,62,5,60" hai3="33,128,49,70,133,90,103,63,39,116,26,82,10"/><T121/><D44/><U118/><E109/><V111/><F107/><W86/><G116/><T120/><D27/><U35/><E118/><V36/><F111/><W112/><G128/><N who="1" m="49258" /><E35/><V110/><F110/><W115/><G133/><T53/><D131/><U38/><E113/><N who="3" m="43594" /><G10/><T50/><REACH who="0" step="1"/><D42/><REACH who="0" ten="150,189,431,220" step="2"/><U56/><E46/><V80/><F40/><W71/><G103/><T94/><D94/><U97/><E100/><V6/><F93/><W0/><G39/><T4/><D4/><U19/><E38/><V55/><F36/><W1/><G49/><T67/><D67/><U135/><E7/><V73/><F6/><W83/><G83/><T125/><D125/><U43/><E43/><V14/><F80/><W76/><G76/><T75/><D75/><U24/><E24/><V28/><F73/><W124/><G124/><T20/><D20/><U85/><E92/><V114/><F127/><W23/><G33/><T41/><D41/><U21/><E21/><V99/><F22/><W25/><G63/><T108/><D108/><U34/><E34/><V2/><F5/><W91/><G91/><T106/><D106/><U84/><E12/><V64/><F15/><W65/><G65/><T96/><AGARI ba="0,1" hai="45,50,53,74,79,81,96,102,104,117,119,120,121,122" machi="96" ten="40,3900,0" yaku="1,1,0,1,53,0" doraHai="66" doraHaiUra="16" who="0" fromWho="0" sc="150,49,189,-13,431,-13,220,-13" /><INIT seed="4,1,0,3,3,23" ten="199,176,418,207" oya="0" hai0="16,135,96,114,123,46,67,132,32,2,71,65,103" hai1="30,77,80,84,36,15,115,76,61,126,33,0,131" hai2="29,108,42,44,75,43,119,121,25,73,97,35,39" hai3="70,133,112,51,83,52,20,63,100,13,102,94,107"/><T47/><D2/><U5/><E0/><V130/><F108/><W89/><G133/><N who="0" m="51275" /><D123/><U40/><E36/><V55/><F121/><W9/><G112/><T53/><D114/><U6/><E115/><V17/><F119/><W106/><G83/><T37/><D32/><U109/><E109/><V14/><F130/><W60/><G70/><T8/><D71/><U27/><E131/><V101/><F43/><W117/><G117/><T129/><D129/><U56/><E40/><V110/><F55/><W7/><G106/><T68/><D37/><U4/><E126/><V3/><F3/><W122/><G107/><T91/><D91/><U99/><E99/><V59/><F110/><W72/><G122/><T134/><N who="0" m="51283" /><T93/><DORA hai="74" /><D53/><U50/><E50/><V79/><F59/><N who="3" m="33183" /><G72/><T128/><D128/><U124/><E124/><V125/><F125/><W21/><G63/><N who="0" m="39999" /><D67/><U95/><E95/><V38/><F39/><W31/><G60/><T92/><D92/><U18/><E18/><V54/><F54/><W116/><G116/><T69/><D69/><U64/><REACH who="1" step="1"/><E15/><AGARI ba="1,0" hai="8,15,16,46,47,93,96,103" m="39999,51283" machi="15" ten="40,3900,0" yaku="20,1,54,1" doraHai="23,74" who="0" fromWho="1" sc="199,42,176,-42,418,0,207,0" /><INIT seed="4,2,0,1,1,36" ten="241,134,418,207" oya="0" hai0="117,108,33,73,120,22,130,72,16,25,112,83,23" hai1="54,87,124,128,12,135,64,122,15,82,115,107,131" hai2="35,92,119,55,17,123,14,58,63,104,100,34,75" hai3="94,76,30,129,111,37,101,2,65,46,84,98,8"/><T114/><D33/><U51/><E64/><V106/><F123/><W9/><G111/><T6/><D120/><U86/><E122/><V53/><F75/><W61/><G30/><T27/><D117/><U59/><E107/><V50/><F119/><W28/><G129/><T126/><D130/><N who="1" m="49707" /><E124/><V38/><F38/><W48/><G28/><T125/><D6/><U89/><E135/><V42/><F42/><N who="3" m="24663" /><G37/><T81/><REACH who="0" step="1"/><D16/><REACH who="0" ten="231,134,418,207" step="2"/><U18/><E18/><V105/><F35/><W77/><G2/><T109/><AGARI ba="2,1" hai="22,23,25,27,72,73,81,83,108,109,112,114,125,126" machi="109" ten="25,12000,1" yaku="1,1,2,1,0,1,22,2,53,0" doraHai="36" doraHaiUra="45" who="0" fromWho="0" sc="231,136,134,-42,418,-42,207,-42" /><INIT seed="4,3,0,4,4,114" ten="367,92,376,165" oya="0" hai0="107,124,88,123,38,83,22,81,33,101,94,112,52" hai1="17,15,43,34,72,20,10,134,93,87,64,40,14" hai2="98,37,89,109,126,110,59,36,76,99,6,23,67" hai3="0,133,111,31,50,78,90,58,115,2,26,95,3"/><T62/><D123/><U75/><E34/><V51/><F76/><W56/><G111/><T122/><D122/><U97/><E134/><V118/><F118/><W53/><G133/><T104/><D33/><U91/><E64/><V24/><F6/><W45/><G115/><T25/><D38/><U7/><E75/><V41/><F126/><W68/><G68/><T86/><D112/><U54/><E72/><V120/><F120/><W66/><G78/><T28/><D124/><U44/><E44/><V65/><F89/><W96/><REACH who="3" step="1"/><G66/><REACH who="3" ten="367,92,376,155" step="2"/><T128/><D128/><U35/><E35/><AGARI ba="3,1" hai="0,2,3,26,31,35,45,50,53,56,58,90,95,96" machi="35" ten="40,2600,0" yaku="1,1,2,1,53,0" doraHai="114" doraHaiUra="130" who="3" fromWho="1" sc="367,0,92,-35,376,0,155,45" /><INIT seed="5,0,0,2,1,124" ten="367,57,376,200" oya="1" hai0="2,13,77,20,109,100,45,88,108,68,75,39,87" hai1="92,51,5,101,98,93,134,131,15,135,38,103,107" hai2="115,54,7,79,36,110,121,106,119,18,95,65,55" hai3="82,46,128,57,91,86,3,97,50,47,129,84,63"/><U17/><E38/><V11/><F36/><W72/><G3/><T127/><D68/><U96/><E5/><V94/><F106/><W105/><G72/><T61/><D127/><U48/><E107/><V126/><F121/><W102/><G86/><T43/><D100/><U60/><E60/><V118/><F119/><W120/><G120/><T66/><D2/><U9/><REACH who="1" step="1"/><E131/><REACH who="1" ten="367,47,376,200" step="2"/><N who="3" m="50250" /><G50/><AGARI ba="0,1" hai="9,15,17,48,50,51,92,93,96,98,101,103,134,135" machi="50" ten="40,3900,0" yaku="1,1,9,1,53,0" doraHai="124" doraHaiUra="16" who="1" fromWho="3" sc="367,0,47,49,376,0,200,-39" /><INIT seed="5,1,0,5,4,44" ten="367,96,376,161" oya="1" hai0="97,133,43,126,94,36,37,96,27,78,121,6,72" hai1="65,66,2,118,20,35,61,131,21,13,102,41,91" hai2="16,53,86,110,7,111,18,132,92,39,74,32,83" hai3="117,87,58,107,8,24,64,105,38,123,33,85,63"/><U28/><E118/><V108/><F32/><W95/><G123/><T113/><D121/><U60/><E2/><V34/><F39/><W29/><G117/><T25/><D126/><U30/><E102/><V90/><F34/><W54/><G8/><T73/><D6/><U22/><E41/><V115/><F132/><W5/><G5/><T75/><D43/><U1/><E1/><V14/><F115/><W89/><G38/><T79/><D94/><U81/><E131/><V84/><F74/><W56/><REACH who="3" step="1"/><G87/><REACH who="3" ten="367,96,376,151" step="2"/><T9/><D75/><U100/><E35/><V42/><F111/><W15/><G15/><T93/><D9/><U45/><E13/><V128/><F110/><W99/><G99/><T67/><D96/><U77/><E45/><V19/><F108/><W103/><G103/><T62/><D97/><U71/><E100/><V40/><F7/><W129/><G129/><T57/><D73/><U49/><E30/><V101/><F101/><W0/><G0/><T46/><D72/><N who="1" m="43175" /><E28/><V114/><F128/><W122/><G122/><T17/><D37/><U69/><E91/><N who="2" m="51615" /><F14/><W88/><G88/><T135/><D36/><U47/><E47/><V10/><F10/><W124/><G124/><T11/><D46/><U119/><E119/><V12/><F12/><W76/><G76/><T51/><D79/><U130/><E130/><V48/><F114/><W106/><G106/><T31/><D78/><U70/><E70/><V109/><F109/><W82/><G82/><T23/><D113/><U55/><E55/><V50/><F53/><W26/><G26/><N who="0" m="16863" /><D11/><U104/><E104/><RYUUKYOKU ba="1,1" sc="367,-30,96,10,376,10,151,10" hai1="20,21,22,49,60,61,65,66,69,71" hai2="16,18,19,40,42,48,50,86,90,92" hai3="24,29,33,54,56,58,63,64,85,89,95,105,107" /><INIT seed="5,2,1,4,5,94" ten="337,106,386,161" oya="1" hai0="20,101,53,12,37,25,16,108,66,119,29,30,124" hai1="131,92,128,54,57,7,77,73,3,96,113,88,129" hai2="91,47,6,4,86,72,1,62,33,111,105,116,118" hai3="13,45,112,83,46,71,59,32,10,43,79,120,18"/><U61/><E113/><V28/><F111/><W63/><G120/><T17/><D37/><U123/><E123/><V70/><F72/><W93/><G112/><T115/><D115/><U31/><E31/><V0/><F47/><W104/><G104/><T26/><D108/><U97/><E73/><V35/><F62/><W84/><G32/><N who="2" m="12361" /><F70/><W75/><G71/><T99/><D119/><N who="2" m="45610" /><F86/><W64/><G43/><T48/><D66/><U80/><E7/><N who="2" m="2603" /><F105/><W103/><G75/><T81/><D81/><U36/><E36/><V14/><F91/><W135/><G135/><T121/><D121/><U117/><E117/><V24/><F14/><W76/><G76/><T100/><D100/><U107/><E107/><V52/><F52/><W44/><G44/><T69/><D69/><U11/><E3/><N who="2" m="1099" /><F28/><W85/><G85/><T125/><D29/><U49/><E11/><V15/><F15/><W42/><G42/><T38/><D38/><U56/><E77/><V110/><F110/><W102/><G102/><T68/><D68/><U89/><E80/><V50/><F50/><W109/><G109/><T114/><D114/><U19/><E19/><V133/><F24/><W90/><G90/><N who="1" m="34922" /><E92/><V55/><F55/><AGARI ba="2,1" hai="49,54,55,56,57,61,96,97,128,129,131" m="34922" machi="55" ten="40,12000,1" yaku="19,1,52,2,54,1" doraHai="94" who="1" fromWho="2" sc="337,0,106,136,386,-126,161,0" /><INIT seed="5,3,0,0,5,122" ten="337,242,260,161" oya="1" hai0="42,124,111,103,92,31,80,55,38,130,100,108,57" hai1="135,89,18,107,61,65,9,53,26,1,75,82,131" hai2="93,81,10,12,2,29,96,132,45,4,105,54,16" hai3="79,70,110,51,90,43,88,120,99,6,27,13,72"/><U8/><E107/><V49/><F132/><W47/><G120/><T58/><D42/><U59/><E135/><V50/><F105/><W60/><G27/><T46/><D38/><U24/><E131/><V98/><F29/><W28/><G28/><T117/><D117/><U22/><E26/><V121/><F121/><W14/><G99/><T3/><D46/><U17/><E65/><V133/><F133/><W19/><G6/><T119/><D119/><U106/><E106/><V78/><F93/><W115/><G115/><T33/><D3/><U123/><E123/><V36/><F36/><W30/><G30/><T86/><D57/><U34/><E34/><V63/><F63/><W125/><G125/><T20/><D33/><U126/><E126/><V56/><F2/><W0/><G0/><T11/><D11/><N who="1" m="4171" /><E75/><V64/><F4/><W15/><G70/><T40/><D124/><U85/><E1/><V25/><F64/><W87/><G60/><T114/><D114/><U77/><E77/><V104/><F25/><W84/><G72/><T76/><D130/><U32/><E32/><V74/><REACH who="2" step="1"/><F104/><REACH who="2" ten="337,242,250,161" step="2"/><W71/><G71/><T7/><D7/><U41/><E24/><V112/><F112/><W116/><G116/><T101/><D92/><U83/><E83/><V69/><F69/><W67/><G67/><T128/><D128/><U97/><E82/><V52/><AGARI ba="3,1" hai="10,12,16,45,49,50,52,54,56,74,78,81,96,98" machi="52" ten="20,12000,2" yaku="1,1,0,1,7,1,54,2,53,2" doraHai="122" doraHaiUra="48" who="2" fromWho="2" sc="337,-33,242,-63,250,139,161,-33" /><INIT seed="6,0,0,3,2,124" ten="304,179,389,128" oya="2" hai0="114,36,125,102,121,45,96,34,43,128,78,127,126" hai1="66,39,81,19,2,0,17,103,10,69,74,88,44" hai2="47,5,130,119,51,95,58,129,49,33,20,131,15" hai3="110,63,3,32,38,21,132,98,87,112,89,86,115"/><V11/><F33/><W99/><G3/><T60/><D121/><U62/><E103/><V14/><F119/><W76/><G38/><T16/><D34/><U120/><E120/><V80/><F58/><W64/><G110/><T24/><D114/><N who="3" m="43561" /><G132/><T27/><D78/><U111/><E111/><V8/><F20/><W1/><G1/><T70/><D16/><U84/><E74/><V55/><F80/><N who="3" m="47367" /><G32/><T48/><D24/><U104/><E104/><V7/><F51/><W133/><G133/><T79/><D27/><U4/><REACH who="1" step="1"/><E2/><REACH who="1" ten="304,169,389,128" step="2"/><V40/><F95/><N who="3" m="54719" /><G21/><T26/><D125/><U113/><E113/><V94/><F94/><W65/><G65/><T91/><D126/><U83/><E83/><V59/><F59/><AGARI ba="0,1" hai="59,63,64,98,99" m="54719,47367,43561" machi="59" ten="30,2000,0" yaku="15,1,11,1" doraHai="124" who="3" fromWho="2" sc="304,0,169,0,389,-20,128,30" /><INIT seed="7,0,0,1,0,9" ten="304,169,369,158" oya="3" hai0="68,126,73,25,102,24,70,77,72,75,32,71,134" hai1="93,89,40,123,69,33,118,97,101,96,4,12,80" hai2="111,36,1,60,10,51,88,37,135,65,28,55,84" hai3="67,54,132,74,79,8,0,115,23,50,91,94,62"/><W57/><G115/><T110/><D77/><U113/><E123/><V87/><F111/><W18/><G132/><T52/><D110/><U82/><E113/><V49/><F28/><W114/><G114/><T103/><D32/><U38/><E69/><V109/><F109/><W21/><G74/><T39/><D39/><U11/><E33/><V5/><F135/><W119/><G119/><T42/><D42/><U106/><REACH who="1" step="1"/><E118/><REACH who="1" ten="304,159,369,158" step="2"/><V16/><F37/><W53/><G79/><T130/><D134/><U98/><E98/><V122/><F36/><W59/><G0/><T64/><D71/><U117/><E117/><V56/><F1/><W104/><G104/><T127/><D68/><U47/><AGARI ba="0,1" hai="4,11,12,38,40,47,80,82,89,93,96,97,101,106" machi="47" ten="30,8000,1" yaku="1,1,0,1,52,1,53,2" doraHai="9" doraHaiUra="76" who="1" fromWho="1" sc="304,-20,159,90,369,-20,158,-40" owari="284,8.0,249,-15.0,349,45.0,118,-38.0" /></mjloggm>