<mjloggm ver="2.3"><GO type="169" lobby="0"/><UN n0="%E7%A5%9E%E7%AE%97%E9%AC%BC%E8%AC%80%E3%81%AE%E6%A5%B5%E3%81%BF" n1="%E3%82%A8%E3%83%88%E3%81%BA%E3%83%B3" n2="%E6%B9%98%E5%8C%97%E2%91%AD%E4%B8%89%E4%BA%95%E5%AF%BF" n3="%E3%82%A6%E3%83%AB%E3%83%88%E3%83%A9%E7%AB%8B%E7%9B%B4" dan="16,17,16,16" rate="2082.90,2176.34,2095.38,2021.23" sx="F,F,M,M"/><TAIKYOKU oya="0"/><INIT seed="0,0,0,1,2,86" ten="250,250,250,250" oya="0" hai0="127,41,130,50,17,118,39,104,24,80,88,3,77" hai1="11,33,100,90,62,122,44,2,55,115,60,59,103" hai2="10,42,109,94,45,61,15,116,95,34,125,5,114" hai3="129,110,78,71,23,84,102,133,72,21,26,123,75"/><T81/><D118/><U112/><E33/><V7/><F114/><W56/><G71/><T1/><D104/><U49/><E122/><V131/><F34/><W76/><G123/><T132/><D39/><U48/><E48/><V92/><F116/><W27/><G102/><T119/><D119/><U63/><E59/><V124/><F131/><W128/><G56/><T58/><D130/><U35/><E35/><V52/><F109/><W12/><G12/><T22/><D127/><N who="2" m="48714" /><F7/><W96/><G84/><T16/><D132/><U65/><E65/><V121/><F121/><W134/><G96/><T0/><D17/><U46/><E46/><V20/><F20/><W91/><REACH who="3" step="1"/><G110/><REACH who="3" ten="250,250,250,240" step="2"/><T4/><D58/><U19/><E103/><V40/><F61/><W64/><G64/><T54/><D1/><U85/><E100/><V51/><AGARI ba="0,1" hai="5,10,15,40,42,45,51,52,92,94,95" m="48714" machi="51" ten="40,2700,0" yaku="18,1,54,1" doraHai="86" who="2" fromWho="2" sc="250,-13,250,-7,250,37,240,-7" /><INIT seed="1,0,0,3,4,31" ten="237,243,287,233" oya="1" hai0="59,26,129,78,75,124,25,61,117,107,118,49,66" hai1="74,86,52,77,38,128,58,67,81,101,119,27,92" hai2="20,4,121,132,125,57,39,120,22,93,91,10,34" hai3="85,71,127,113,47,23,104,9,108,109,0,62,98"/><U48/><E119/><V72/><F39/><W14/><G113/><T69/><D107/><U105/><E128/><V2/><F72/><W6/><G47/><T63/><D78/><U111/><E38/><V28/><F57/><W53/><G85/><T17/><D75/><U100/><E111/><N who="3" m="42570" /><G53/><T36/><D129/><U96/><E67/><V70/><F70/><W7/><G62/><T99/><D36/><U55/><E55/><V13/><F93/><W131/><G71/><T29/><D49/><U133/><E133/><V134/><F91/><W21/><G131/><T15/><D124/><U95/><E100/><V68/><F68/><W114/><G98/><T19/><D99/><U94/><REACH who="1" step="1"/><E27/><REACH who="1" ten="237,233,287,233" step="2"/><N who="2" m="18719" /><F125/><W33/><G127/><T32/><D25/><U115/><E115/><V11/><F121/><W90/><G114/><T65/><D117/><U126/><E126/><V43/><F120/><W18/><G104/><T73/><D118/><U60/><E60/><V5/><F43/><W42/><G42/><T37/><D37/><U1/><E1/><V50/><F50/><W87/><G0/><T44/><D65/><U76/><E76/><V8/><F8/><W40/><G40/><T103/><D63/><U46/><E46/><V83/><F83/><W12/><G9/><T3/><D44/><U102/><E102/><V110/><F110/><W130/><G130/><T16/><D103/><U112/><E112/><V54/><F54/><W24/><G90/><AGARI ba="0,1" hai="48,52,58,74,77,81,86,90,92,94,95,96,101,105" machi="90" ten="40,12000,1" yaku="1,1,24,2,54,1,53,1" doraHai="31" doraHaiUra="97" who="1" fromWho="3" sc="237,0,233,130,287,0,233,-120" /><INIT seed="1,1,0,5,0,114" ten="237,363,287,113" oya="1" hai0="39,103,84,94,79,37,7,1,88,64,76,49,100" hai1="36,78,56,67,99,116,50,8,51,2,73,80,124" hai2="48,34,74,128,89,129,66,123,104,55,29,42,106" hai3="119,44,108,95,6,75,63,18,77,40,96,126,35"/><U13/><E36/><V120/><F74/><W109/><G35/><T70/><D39/><U3/><E124/><V43/><F29/><W62/><G6/><T23/><D37/><U117/><E99/><V0/><F34/><W132/><G18/><T61/><D7/><U59/><E51/><V32/><F32/><W93/><G44/><T9/><D9/><U97/><E97/><V72/><F72/><W133/><G96/><T31/><D1/><U85/><E73/><V107/><F0/><W45/><G75/><T131/><D49/><U28/><E28/><V41/><F66/><W24/><G24/><T113/><D131/><N who="2" m="50250" /><F89/><W121/><G77/><T53/><D113/><U27/><E27/><V125/><F125/><W20/><G20/><T130/><D130/><U52/><E2/><V65/><F65/><W101/><G101/><T57/><D103/><U5/><REACH who="1" step="1"/><E3/><REACH who="1" ten="237,353,287,113" step="2"/><V127/><F127/><W90/><G126/><T81/><D100/><U71/><E71/><V92/><F92/><W83/><G95/><T15/><D94/><U33/><E33/><V16/><F16/><W58/><G93/><T135/><D31/><U69/><E69/><V38/><F38/><W86/><G86/><T19/><D70/><U60/><AGARI ba="1,1" hai="5,8,13,50,52,56,59,60,67,78,80,85,116,117" machi="60" ten="30,18000,2" yaku="1,1,0,1,52,2,54,1,53,1" doraHai="114" doraHaiUra="11" who="1" fromWho="1" sc="237,-61,353,193,287,-61,113,-61" /><INIT seed="1,2,0,1,2,29" ten="176,546,226,52" oya="1" hai0="47,133,27,93,61,26,130,125,40,89,13,104,84" hai1="43,44,72,66,103,106,91,18,15,30,127,17,60" hai2="42,46,79,36,105,118,35,39,0,122,131,54,113" hai3="49,12,2,51,10,25,76,28,109,6,73,53,82"/><U52/><E72/><V33/><F0/><W4/><G109/><T117/><D104/><U123/><E123/><V135/><F105/><W98/><G98/><T19/><D117/><U134/><E134/><V21/><F122/><W96/><G96/><T86/><D130/><U45/><E103/><V7/><F7/><W50/><G6/><T83/><D61/><U5/><E5/><V107/><F107/><W37/><G37/><T74/><D74/><U8/><E127/><V55/><F118/><W48/><G2/><T92/><D125/><U97/><E30/><V114/><F79/><W119/><G119/><T11/><D133/><U32/><E17/><V120/><F120/><W59/><REACH who="3" step="1"/><G49/><REACH who="3" ten="176,546,226,42" step="2"/><N who="0" m="26855" /><D93/><U77/><E97/><V22/><F135/><W115/><G115/><N who="2" m="44041" /><F39/><W63/><G63/><T95/><D95/><U67/><E60/><V108/><F108/><W34/><AGARI ba="2,1" hai="4,10,12,25,28,34,48,50,51,53,59,73,76,82" machi="34" ten="20,8000,1" yaku="1,1,0,1,7,1,52,1,53,1" doraHai="29" doraHaiUra="9" who="3" fromWho="3" sc="176,-22,546,-42,226,-22,42,96" /><INIT seed="2,0,0,1,4,125" ten="154,504,204,138" oya="2" hai0="68,7,105,30,109,111,8,98,115,87,22,129,15" hai1="124,26,33,23,28,41,19,97,121,82,48,5,47" hai2="35,102,45,18,11,46,104,34,12,40,83,44,59" hai3="95,49,103,58,54,72,123,92,117,78,132,106,116"/><V81/><F40/><W38/><G106/><T90/><D68/><U127/><E121/><V88/><F83/><W32/><G32/><T128/><D115/><U107/><E82/><V76/><F76/><W120/><G78/><T93/><D22/><U56/><E56/><V20/><F59/><W85/><G72/><T101/><REACH who="0" step="1"/><D30/><REACH who="0" ten="144,504,204,138" step="2"/><U43/><E28/><V65/><F20/><W57/><G123/><T135/><D135/><U79/><E23/><V112/><F112/><W29/><G132/><T61/><D61/><U66/><E127/><V2/><F34/><W37/><G29/><T1/><D1/><U113/><E124/><V21/><F35/><W94/><G120/><T31/><D31/><U53/><E113/><V126/><F126/><W91/><G117/><T70/><D70/><U39/><E33/><V130/><F2/><W36/><G116/><T50/><D50/><U63/><E48/><V119/><F21/><W84/><G49/><T9/><D9/><U114/><E114/><V96/><F119/><W67/><G38/><T42/><D42/><U3/><E43/><V62/><F62/><W16/><G36/><T108/><AGARI ba="0,1" hai="7,8,15,87,90,93,98,101,105,108,109,111,128,129" machi="108" ten="40,8000,1" yaku="1,1,0,1,14,1,52,2,53,0" doraHai="125" doraHaiUra="71" who="0" fromWho="0" sc="144,90,504,-20,204,-40,138,-20" /><INIT seed="3,0,0,2,5,118" ten="234,484,164,118" oya="3" hai0="26,80,46,108,14,96,16,115,1,25,83,113,105" hai1="23,97,70,5,124,127,133,49,84,135,106,33,32" hai2="38,30,7,101,85,78,27,71,121,126,69,72,59" hai3="130,100,47,123,20,11,95,40,29,18,65,53,6"/><W92/><G130/><T119/><D119/><U0/><E70/><V64/><F38/><W15/><G123/><T131/><D108/><U45/><E84/><V48/><F72/><W109/><G109/><T51/><D1/><U79/><E79/><V34/><F7/><W36/><G65/><T104/><D131/><U112/><E112/><V2/><F2/><W50/><G100/><T24/><D104/><U116/><E116/><V58/><F101/><W63/><G29/><T111/><D96/><U74/><E74/><V13/><F126/><W55/><G36/><T134/><D105/><U68/><E68/><V114/><F114/><N who="0" m="43530" /><D134/><U89/><E106/><V125/><F125/><W22/><G22/><N who="0" m="11543" /><D111/><U90/><E0/><V87/><F13/><N who="3" m="9295" /><G63/><T12/><D12/><U61/><E133/><V56/><F48/><W120/><G120/><T44/><D44/><U8/><E61/><V98/><F98/><W94/><AGARI ba="0,0" hai="6,11,15,40,47,50,53,55,92,94,95" m="9295" machi="94" ten="30,1500,0" yaku="8,1" doraHai="118" who="3" fromWho="3" sc="234,-5,484,-5,164,-5,118,15" /><INIT seed="3,1,0,3,2,49" ten="229,479,159,133" oya="3" hai0="55,95,88,132,14,13,19,26,40,102,63,128,22" hai1="59,54,5,81,108,24,57,39,9,93,53,126,61" hai2="112,35,30,46,52,103,104,92,60,121,38,16,109" hai3="11,4,7,15,27,69,64,50,96,21,119,99,107"/><W10/><G119/><T130/><D40/><U72/><E39/><V47/><F104/><W106/><G64/><T43/><D43/><U118/><E118/><V105/><F105/><W17/><G69/><T25/><D102/><U83/><E126/><V34/><F112/><W56/><G106/><T123/><D132/><U67/><E67/><V84/><F38/><W6/><G107/><T0/><D26/><U116/><E116/><V127/><F127/><W125/><G125/><T36/><D0/><U115/><E115/><V91/><F103/><W1/><G7/><T135/><D123/><U94/><E108/><V37/><F37/><W3/><G27/><T29/><D36/><U78/><E83/><V2/><F2/><W65/><REACH who="3" step="1"/><G65/><REACH who="3" ten="229,479,159,123" step="2"/><T85/><D135/><U41/><E24/><V42/><F109/><W82/><G82/><T113/><D113/><U122/><E122/><V70/><F121/><W51/><G51/><T124/><D124/><U89/><E81/><V100/><F70/><W73/><G73/><T90/><D29/><U12/><E72/><V76/><F30/><W131/><G131/><T45/><D130/><U8/><E5/><V111/><F111/><W86/><G86/><N who="0" m="52631" /><D128/><U32/><E61/><V80/><F35/><W31/><G31/><T120/><D120/><U68/><E32/><V28/><F28/><W74/><G74/><T117/><D117/><U101/><E68/><V48/><F34/><W134/><G134/><T23/><D63/><U44/><E12/><V18/><F60/><W75/><G75/><T77/><D13/><U66/><E66/><RYUUKYOKU ba="1,1" sc="229,-10,479,-10,159,-10,123,30" hai3="1,3,4,6,10,11,15,17,21,50,56,96,99" /><INIT seed="3,2,1,4,1,94" ten="219,469,149,153" oya="3" hai0="45,80,25,132,109,78,49,107,118,114,119,57,77" hai1="128,73,19,99,133,116,0,113,20,104,11,2,135" hai2="16,35,72,54,32,86,131,3,51,62,24,44,121" hai3="100,66,9,67,53,63,21,42,92,110,23,89,102"/><W90/><G42/><T111/><D107/><U30/><E73/><V120/><F72/><W106/><G106/><T98/><D57/><U55/><E113/><V129/><F3/><W5/><G53/><T75/><D114/><U52/><E30/><V69/><F86/><W6/><G110/><N who="0" m="41995" /><D77/><U87/><E87/><V48/><F69/><W123/><G123/><N who="2" m="47177" /><F62/><W17/><G63/><T70/><D25/><U61/><E128/><N who="2" m="49227" /><F51/><W105/><G105/><T88/><D132/><N who="1" m="50763" /><E116/><V71/><F71/><W126/><G126/><T29/><D29/><U82/><E82/><V122/><N who="2" m="47185" /><V76/><DORA hai="117" /><F76/><W130/><G130/><T7/><D70/><U85/><E85/><V28/><F16/><W41/><G17/><T127/><D127/><U95/><E61/><V13/><F13/><W36/><G36/><T14/><D14/><U108/><E0/><V43/><F43/><W50/><G41/><T39/><D39/><U33/><E2/><V31/><F31/><W96/><G50/><T112/><D119/><U38/><E38/><V59/><F35/><W27/><G66/><T65/><D65/><U83/><E33/><V22/><F32/><W58/><G67/><T46/><D118/><U56/><E19/><V103/><F103/><W91/><G102/><T84/><D49/><U37/><E37/><V40/><F40/><W79/><G79/><T34/><D78/><U4/><E108/><V68/><F68/><W124/><G100/><T12/><D75/><U10/><E83/><V64/><F64/><W125/><G125/><T26/><D80/><U60/><E60/><RYUUKYOKU ba="2,1" sc="219,-10,469,-10,149,30,153,-10" hai2="22,24,28,44,48,54,59" /><INIT seed="4,3,1,1,2,97" ten="209,459,179,143" oya="0" hai0="130,8,77,11,44,106,14,68,25,63,74,36,82" hai1="135,60,111,80,132,108,109,93,33,61,45,54,64" hai2="72,51,16,17,65,26,37,20,28,101,70,88,92" hai3="118,131,129,18,62,90,13,5,85,117,124,19,21"/><T67/><D130/><N who="3" m="49673" /><G124/><T103/><D14/><U116/><E33/><V43/><F37/><W105/><G105/><T22/><D44/><U49/><E80/><V53/><F72/><W81/><G5/><T4/><D36/><U126/><E93/><V10/><F70/><W87/><G62/><N who="1" m="24170" /><E64/><V46/><F65/><W57/><G57/><T91/><D91/><U27/><E27/><V3/><F43/><W73/><G73/><T29/><REACH who="0" step="1"/><D4/><REACH who="0" ten="199,459,179,143" step="2"/><U58/><E116/><V107/><F3/><W75/><G117/><T31/><D31/><U110/><E110/><V86/><REACH who="2" step="1"/><F10/><REACH who="2" ten="199,459,169,143" step="2"/><W47/><G118/><T24/><D24/><U120/><E109/><V119/><F119/><W34/><G13/><T38/><D38/><U30/><E111/><V76/><F76/><W104/><G75/><T122/><D122/><U134/><E120/><V113/><F113/><W95/><G87/><T78/><D78/><U6/><E108/><V71/><F71/><W89/><G85/><T40/><D40/><U83/><E135/><V9/><F9/><W2/><G2/><T1/><D1/><U94/><E134/><V7/><F7/><W55/><G81/><T128/><D128/><U42/><E132/><V59/><F59/><W66/><G47/><T121/><D121/><U23/><E83/><V115/><F115/><W69/><G69/><T41/><D41/><U96/><E6/><V39/><F39/><W123/><G123/><T127/><D127/><U84/><E126/><V12/><F12/><W99/><G99/><AGARI ba="3,3" hai="8,11,22,25,29,63,67,68,74,77,82,99,103,106" machi="99" ten="40,7700,0" yaku="1,1,52,1,53,1" doraHai="97" doraHaiUra="100" who="0" fromWho="3" sc="199,116,459,0,169,0,143,-86" /><AGARI ba="3,0" hai="16,17,20,26,28,46,51,53,86,88,92,99,101,107" machi="99" ten="40,8000,1" yaku="1,1,52,1,54,2,53,1" doraHai="97" doraHaiUra="100" who="2" fromWho="3" sc="315,0,459,0,169,80,57,-80" owari="315,12.0,459,55.0,249,-15.0,-23,-52.0" /></mjloggm>