<mjloggm ver="2.3"><GO type="97" lobby="0"/><UN n0="%E3%81%A8%E3%81%85" n1="%E8%A6%AA%E6%8C%87%E7%BE%A4%E9%9D%92" n2="%E3%82%A6%E3%83%AB%E3%83%88%E3%83%A9%E7%AB%8B%E7%9B%B4" n3="%E3%83%A9%E3%82%A6%E3%83%BC%E3%83%AB%E2%85%A1" dan="13,15,15,15" rate="1904.86,1954.79,1967.34,2065.57" sx="M,M,M,M"/><TAIKYOKU oya="0"/><INIT seed="0,0,0,0,2,125" ten="250,250,250,250" oya="0" hai0="119,49,38,14,96,20,83,107,95,58,82,115,22" hai1="75,59,3,132,26,97,99,67,130,101,126,114,100" hai2="50,133,43,109,4,53,16,113,18,110,102,73,106" hai3="17,87,78,63,52,122,51,111,108,84,47,6,40"/><T66/><D38/><U45/><E126/><V103/><F73/><W91/><G122/><T48/><D107/><U19/><E3/><V1/><F43/><W134/><G134/><T32/><D32/><U2/><E2/><V118/><F113/><W10/><G78/><T41/><D119/><U24/><E75/><V105/><F133/><W44/><G17/><N who="2" m="6761" /><F118/><W55/><G63/><T54/><D66/><U129/><E132/><V127/><F127/><W37/><G55/><T9/><D48/><U35/><E45/><V13/><F13/><N who="3" m="5335" /><G91/><T64/><D64/><U98/><E114/><V92/><F4/><W46/><G47/><T85/><D41/><U120/><E120/><V79/><F79/><W117/><G117/><T23/><D85/><U94/><E35/><V21/><F21/><W34/><G34/><T62/><D62/><N who="1" m="38367" /><E19/><V88/><F1/><W69/><G69/><T72/><D72/><U74/><E74/><V90/><F53/><W128/><G128/><N who="1" m="49258" /><E99/><V31/><F31/><W71/><G71/><T28/><D115/><U112/><E112/><V30/><F30/><W104/><G104/><AGARI ba="0,0" hai="24,26,94,97,98,100,101,104" m="49258,38367" machi="104" ten="30,7700,0" yaku="19,1,52,3" doraHai="125" who="1" fromWho="3" sc="250,0,250,77,250,0,250,-77" /><INIT seed="1,0,0,2,3,86" ten="250,327,250,173" oya="1" hai0="115,19,108,37,10,85,56,49,45,107,114,6,31" hai1="2,60,26,9,17,15,122,4,52,76,96,67,74" hai2="101,35,84,18,110,92,41,135,90,14,64,120,43" hai3="105,83,33,66,80,68,130,117,44,28,129,54,11"/><U7/><E122/><V47/><F35/><W121/><G121/><T111/><D107/><U65/><E96/><V34/><F34/><W25/><G117/><T72/><D72/><U27/><E74/><V98/><F120/><W12/><G105/><T125/><D31/><U70/><E76/><V82/><F135/><W55/><G68/><T5/><D125/><U123/><E123/><V87/><F110/><N who="0" m="42026" /><D37/><U77/><E77/><V62/><F84/><W48/><G66/><T75/><D75/><U1/><E1/><V51/><F62/><W116/><G116/><T40/><D19/><U36/><E36/><V0/><F64/><W104/><G104/><T106/><D106/><U42/><E42/><N who="2" m="25079" /><F0/><W131/><REACH who="3" step="1"/><G55/><REACH who="3" ten="250,327,250,163" step="2"/><T97/><D115/><U23/><E67/><V91/><F43/><W126/><G126/><T78/><D114/><U71/><E71/><V128/><F41/><W39/><G39/><T79/><D40/><U53/><E53/><V113/><F113/><W112/><G112/><T58/><D97/><U94/><E52/><V32/><F128/><W93/><G93/><T119/><D119/><U124/><E94/><V24/><F92/><W127/><G127/><T3/><D49/><U100/><E124/><V132/><F98/><W38/><G38/><T13/><D45/><U89/><E70/><V103/><F132/><W46/><G46/><T22/><D58/><U21/><E65/><V81/><F81/><W88/><G88/><T29/><D56/><U109/><E89/><V133/><F90/><W8/><G8/><T50/><D10/><U102/><E9/><RYUUKYOKU ba="0,1" sc="250,-10,327,-10,250,-10,163,30" hai3="11,12,25,28,33,44,48,54,80,83,129,130,131" /><INIT seed="2,1,1,5,3,127" ten="240,317,240,193" oya="2" hai0="65,52,89,32,56,50,27,55,14,51,26,37,39" hai1="68,23,70,88,96,43,0,119,112,57,62,66,131" hai2="53,132,93,106,71,24,120,98,129,97,17,125,116" hai3="48,75,92,110,38,41,3,45,109,59,86,2,35"/><V67/><F120/><W74/><G35/><T81/><D65/><U18/><E0/><N who="3" m="42" /><G86/><T111/><D111/><N who="3" m="42505" /><G92/><T77/><D89/><U21/><E112/><V128/><F116/><W47/><G59/><T82/><D14/><U13/><E119/><V29/><F125/><W49/><G38/><T12/><D12/><U103/><E43/><AGARI ba="1,1" hai="41,43,45,47,48,49,74,75" m="42505,42" machi="43" ten="30,1000,0" yaku="14,1" doraHai="127" who="3" fromWho="1" sc="240,0,317,-13,240,0,193,23" /><INIT seed="3,0,0,2,2,78" ten="240,304,240,216" oya="3" hai0="109,80,40,45,89,23,112,102,49,95,120,28,18" hai1="0,115,13,52,116,63,50,64,46,131,4,35,56" hai2="128,57,3,11,22,76,97,70,31,103,121,87,72" hai3="32,65,60,118,114,51,12,77,69,47,129,24,100"/><W125/><G118/><T7/><D109/><U111/><E115/><V98/><F70/><W81/><G114/><T25/><D7/><U110/><E131/><V113/><F72/><W43/><G129/><T15/><D120/><U130/><E130/><V84/><F97/><W37/><G125/><T133/><D133/><U1/><E35/><V117/><F117/><W79/><G12/><T82/><D102/><U90/><E90/><V86/><F11/><W42/><G42/><T135/><D135/><U2/><REACH who="1" step="1"/><E116/><REACH who="1" ten="240,294,240,216" step="2"/><V20/><F113/><W92/><G92/><T73/><D112/><U19/><E19/><V9/><F128/><W39/><G100/><T54/><D73/><U16/><E16/><V41/><F103/><W36/><REACH who="3" step="1"/><G81/><REACH who="3" ten="240,294,240,206" step="2"/><T91/><D91/><U119/><E119/><V124/><F121/><W61/><G61/><T108/><D108/><U107/><E107/><V74/><F124/><W83/><G83/><T127/><D127/><U68/><E68/><V67/><F3/><W75/><G75/><T88/><D89/><U48/><E48/><V53/><F74/><W27/><G27/><T10/><REACH who="0" step="1"/><D40/><REACH who="0" ten="230,294,240,206" step="2"/><U71/><E71/><V6/><F41/><W99/><G99/><AGARI ba="0,3" hai="10,15,18,23,25,28,45,49,54,80,82,88,95,99" machi="99" ten="30,12000,2" yaku="1,1,2,1,7,1,8,1,52,2,54,1,53,0" doraHai="78" doraHaiUra="101" who="0" fromWho="3" sc="230,150,294,0,240,0,206,-120" owari="380,48.0,294,9.0,240,-16.0,86,-41.0" /></mjloggm>