<mjloggm ver="2.3"><GO type="97" lobby="0"/><UN n0="%E3%81%A4%E3%81%BF%E3%82%93%E3%81%A1%E3%82%85" n1="%4F%55%54" n2="%E5%90%89%E7%95%99%E6%9C%AA%E6%98%A5" n3="%E3%82%A6%E3%83%AB%E3%83%88%E3%83%A9%E7%AB%8B%E7%9B%B4" dan="13,13,14,15" rate="1863.86,1861.94,1958.15,1999.03" sx="M,M,M,M"/><TAIKYOKU oya="0"/><INIT seed="0,0,0,3,4,83" ten="250,250,250,250" oya="0" hai0="117,94,126,24,7,20,132,33,59,26,6,28,50" hai1="99,103,42,13,18,38,88,104,15,113,71,120,37" hai2="121,131,112,73,46,30,67,101,74,25,80,135,106" hai3="58,14,122,19,125,29,12,45,109,85,40,44,108"/><T2/><D117/><U64/><E120/><V133/><F112/><W11/><G122/><T134/><D2/><U65/><E113/><V116/><F116/><W43/><G125/><T96/><D126/><U52/><E13/><V105/><F121/><W100/><G29/><T77/><D77/><U62/><E65/><V75/><F131/><W63/><G100/><T27/><D27/><U128/><E128/><V57/><F101/><W66/><G14/><T102/><D59/><U127/><E127/><V92/><F46/><W53/><G53/><T119/><D50/><U118/><E118/><V114/><F114/><W17/><G17/><T60/><D60/><U91/><E52/><V69/><F69/><W48/><REACH who="3" step="1"/><G85/><REACH who="3" ten="250,250,250,240" step="2"/><T97/><D119/><U95/><E91/><V93/><F30/><W5/><G5/><T78/><D97/><U89/><E42/><V16/><F25/><W39/><AGARI ba="0,1" hai="11,12,19,39,40,43,44,45,48,58,63,66,108,109" machi="39" ten="30,2000,0" yaku="1,1,0,1,53,0" doraHai="83" doraHaiUra="51" who="3" fromWho="3" sc="250,-10,250,-5,250,-5,240,30" /><INIT seed="1,0,0,2,4,54" ten="240,245,245,270" oya="1" hai0="41,92,116,125,53,69,30,33,123,61,118,55,58" hai1="120,11,83,72,82,98,19,26,97,46,117,52,4" hai2="80,134,100,14,128,7,114,3,50,8,90,34,133" hai3="24,68,93,64,129,44,35,81,21,18,23,135,43"/><U99/><E117/><V6/><F114/><W51/><G35/><T48/><D123/><U78/><E120/><V91/><F128/><W112/><G112/><T96/><D41/><U37/><E83/><V111/><F111/><W126/><G129/><T122/><D122/><U85/><E85/><V70/><F34/><W27/><G126/><T39/><D39/><U63/><E19/><V67/><F100/><W59/><G135/><N who="2" m="51721" /><F67/><W95/><G68/><T102/><D125/><U127/><E26/><V25/><F70/><W76/><G76/><T62/><D33/><U29/><E127/><V75/><F75/><W15/><G81/><T12/><D30/><U1/><E29/><V74/><F74/><W42/><G42/><T47/><REACH who="0" step="1"/><D12/><REACH who="0" ten="230,245,245,270" step="2"/><U106/><E37/><V104/><F14/><W13/><G15/><T110/><D110/><U121/><E121/><V131/><F3/><W2/><G13/><T16/><D16/><U22/><E22/><V101/><F7/><W65/><G2/><T49/><D49/><U103/><REACH who="1" step="1"/><E46/><REACH who="1" ten="230,235,245,270" step="2"/><V40/><F25/><W0/><G24/><T56/><D56/><AGARI ba="0,2" hai="1,4,11,52,56,63,72,78,82,97,98,99,103,106" machi="56" ten="40,12000,1" yaku="1,1,2,1,52,1,54,1,53,0" doraHai="54" doraHaiUra="132" who="1" fromWho="0" sc="230,-120,235,140,245,0,270,0" /><INIT seed="1,1,0,5,3,17" ten="110,375,245,270" oya="1" hai0="101,4,105,109,2,91,76,83,120,31,22,95,34" hai1="18,75,48,112,106,92,6,86,96,59,32,72,107" hai2="42,77,119,102,67,84,69,28,12,126,3,39,94" hai3="29,66,45,60,135,71,121,25,79,88,80,23,122"/><U33/><BYE who="0" /><E112/><V14/><F3/><W124/><G124/><T103/><D103/><U113/><E113/><V70/><F119/><W73/><G135/><T82/><D82/><U41/><E6/><V128/><F126/><W38/><G38/><T27/><D27/><U46/><E107/><V43/><F128/><W0/><G0/><T13/><D13/><U87/><E106/><V47/><F14/><W81/><G45/><T116/><D116/><U127/><E75/><V52/><F12/><W129/><G129/><T125/><D125/><U63/><E72/><V20/><F43/><W85/><AGARI ba="1,0" hai="23,25,29,60,66,71,73,79,80,81,85,88,121,122" machi="85" ten="30,4000,0" yaku="0,1,52,1,54,1" doraHai="17" who="3" fromWho="3" sc="110,-11,375,-21,245,-11,270,43" /><INIT seed="2,0,0,3,4,70" ten="99,354,234,313" oya="2" hai0="84,51,91,81,83,80,47,29,93,64,20,72,1" hai1="57,60,118,77,50,27,101,89,125,14,130,110,109" hai2="75,35,132,23,12,58,65,100,103,30,124,74,107" hai3="127,18,95,49,3,9,105,13,113,86,59,36,10"/><V34/><F35/><W32/><G105/><T17/><D17/><U33/><E118/><V4/><F34/><W104/><G104/><T121/><D121/><U0/><E0/><V129/><F107/><W96/><G32/><T28/><D28/><N who="1" m="19615" /><E77/><V90/><F132/><W119/><G119/><T56/><D56/><U48/><E130/><V78/><F129/><W25/><G36/><T19/><D19/><U37/><E37/><V108/><F124/><W87/><G127/><T15/><D15/><U38/><E38/><V66/><F78/><W122/><G122/><T61/><D61/><U128/><E128/><V11/><F108/><N who="1" m="41577" /><E125/><V126/><F126/><W111/><G111/><T44/><D44/><U45/><E45/><V92/><F74/><W82/><G25/><T46/><D46/><U94/><E101/><V97/><F75/><W40/><G3/><T76/><D76/><U134/><E14/><V67/><F103/><W53/><G40/><T62/><D62/><U133/><E134/><V43/><F43/><W116/><G116/><T16/><D16/><U69/><E69/><V6/><F6/><W68/><G68/><T31/><D31/><U73/><E73/><V24/><REACH who="2" step="1"/><F90/><REACH who="2" ten="99,354,224,313" step="2"/><N who="3" m="55415" /><G113/><T7/><D7/><U5/><E5/><V71/><F71/><W131/><G131/><T22/><D22/><U54/><E133/><V2/><F2/><W135/><G135/><T85/><D85/><AGARI ba="0,1" hai="48,50,54,57,60,85,89,94" m="41577,19615" machi="85" ten="30,1000,0" yaku="14,1" doraHai="70" who="1" fromWho="0" sc="99,-10,354,20,224,0,313,0" /><INIT seed="3,0,0,4,4,10" ten="89,374,224,313" oya="3" hai0="76,24,17,119,130,99,98,32,27,61,51,0,135" hai1="64,113,49,90,28,127,9,35,129,29,118,3,115" hai2="106,4,72,131,126,102,34,125,108,120,134,109,30" hai3="110,70,83,112,84,33,19,60,59,87,77,54,16"/><W100/><G112/><T39/><D39/><U133/><E64/><V6/><F102/><W56/><G70/><T37/><D37/><U52/><E118/><V45/><F45/><W46/><G33/><T94/><D94/><U12/><E3/><V18/><F106/><W95/><G110/><N who="2" m="42601" /><F72/><W66/><G46/><T63/><D63/><U5/><E127/><N who="2" m="48651" /><F120/><W82/><G95/><T11/><D11/><U15/><E129/><V89/><F89/><W86/><G100/><T69/><D69/><U22/><E35/><V20/><F131/><W73/><REACH who="3" step="1"/><G83/><REACH who="3" ten="89,374,224,303" step="2"/><T1/><D1/><U93/><E133/><V116/><F134/><W26/><G26/><T44/><D44/><N who="1" m="27687" /><E115/><V47/><F47/><W25/><G25/><T2/><D2/><U96/><E113/><V65/><F116/><W107/><G107/><T132/><D132/><U50/><E50/><AGARI ba="0,1" hai="16,19,50,54,56,59,60,66,73,77,82,84,86,87" machi="50" ten="40,3900,0" yaku="1,1,54,1,53,0" doraHai="10" doraHaiUra="41" who="3" fromWho="1" sc="89,0,374,-39,224,0,303,49" owari="89,-41.0,335,14.0,224,-18.0,352,45.0" /></mjloggm>