<mjloggm ver="2.3"><GO type="97" lobby="0"/><UN n0="%E9%A4%A8%E5%B1%B1" n1="%E8%A5%BF%E5%9E%A3%E8%AA%A0%E4%B8%80" n2="%6B%6F%75%6A%69%32%37" n3="%E3%82%A6%E3%83%AB%E3%83%88%E3%83%A9%E7%AB%8B%E7%9B%B4" dan="15,15,14,15" rate="1926.77,2028.61,1906.32,1927.08" sx="M,M,M,M"/><TAIKYOKU oya="0"/><INIT seed="0,0,0,4,5,19" ten="250,250,250,250" oya="0" hai0="47,13,31,4,15,115,110,123,43,113,80,52,37" hai1="1,107,125,84,6,60,66,7,59,86,29,128,21" hai2="64,67,42,41,18,78,105,3,114,28,45,33,22" hai3="76,56,96,2,69,130,93,131,75,25,122,54,135"/><T44/><D123/><U35/><E128/><N who="3" m="49194" /><G69/><T49/><D110/><U111/><E35/><V32/><F114/><W14/><G2/><T48/><D31/><U23/><E111/><V17/><F3/><W97/><G135/><T30/><D30/><U117/><E117/><V72/><F105/><W101/><G25/><T95/><D37/><U26/><E125/><V106/><F106/><W116/><G116/><T36/><D36/><U24/><E107/><V73/><F78/><W27/><G27/><T38/><D38/><U98/><E98/><V9/><F9/><W34/><G34/><T121/><D121/><U103/><E103/><V89/><F89/><W129/><G122/><T118/><D118/><U119/><E119/><V71/><F71/><W50/><G97/><T87/><D95/><U81/><E1/><V102/><F102/><W99/><G99/><T104/><D104/><U63/><E63/><V62/><F62/><W133/><G133/><T82/><D82/><U94/><E94/><V83/><F83/><N who="3" m="45471" /><G129/><T112/><REACH who="0" step="1"/><D4/><REACH who="0" ten="240,250,250,250" step="2"/><N who="1" m="1579" /><E81/><V124/><F124/><W100/><G100/><T51/><D51/><U70/><E70/><V12/><F72/><W58/><G101/><T20/><D20/><U11/><E11/><V10/><F73/><W57/><G93/><T61/><D61/><U127/><E127/><V79/><F79/><AGARI ba="0,1" hai="13,15,43,44,47,48,49,52,79,80,87,112,113,115" machi="79" ten="40,12000,1" yaku="1,1,54,1,53,3" doraHai="19" doraHaiUra="108" who="0" fromWho="2" sc="240,130,250,0,250,-120,250,0" /><INIT seed="0,1,0,5,1,29" ten="370,250,130,250" oya="0" hai0="58,108,135,2,104,44,45,8,43,93,130,35,28" hai1="64,124,62,60,11,67,134,95,31,132,118,116,12" hai2="94,82,101,5,112,80,133,34,91,13,0,23,74" hai3="39,98,40,30,38,77,10,27,83,106,86,54,111"/><T17/><D130/><U37/><E37/><V68/><F112/><W121/><G121/><T109/><D104/><U117/><E31/><V131/><F133/><N who="1" m="51305" /><E95/><V120/><F131/><W105/><G111/><N who="0" m="42571" /><D135/><U103/><E103/><V21/><F120/><W102/><G106/><T84/><D58/><N who="1" m="36887" /><E12/><V32/><F68/><W50/><G40/><T33/><D28/><U9/><E124/><V6/><F74/><W90/><G10/><T36/><D45/><U128/><E128/><V129/><F129/><W87/><G87/><T52/><D52/><U46/><E46/><V57/><F57/><AGARI ba="1,0" hai="9,11,57,62,67,116,117,118" m="36887,51305" machi="57" ten="40,1300,0" yaku="20,1" doraHai="29" who="1" fromWho="2" sc="370,0,250,16,130,-16,250,0" /><INIT seed="1,0,0,1,0,53" ten="370,266,114,250" oya="1" hai0="15,105,33,10,122,99,5,86,107,92,110,39,48" hai1="19,13,114,97,78,128,34,71,101,90,6,96,40" hai2="102,60,54,52,98,22,69,125,11,119,42,118,59" hai3="26,89,93,47,61,73,108,37,104,12,65,74,50"/><U28/><E114/><V106/><F125/><W36/><G104/><T30/><D110/><U132/><E132/><V9/><F69/><W130/><G130/><T4/><D39/><N who="3" m="14921" /><G89/><T63/><D122/><U17/><E128/><V115/><F115/><W124/><G93/><T134/><D134/><U64/><E78/><V112/><F112/><W0/><G12/><T38/><D38/><U81/><E40/><V85/><F85/><W62/><G26/><T31/><D48/><U84/><E34/><V44/><F54/><N who="3" m="30047" /><G0/><T82/><D4/><U49/><E28/><V111/><F111/><W16/><G16/><T67/><D105/><U58/><E71/><V21/><F119/><W80/><G80/><T100/><D107/><U23/><E6/><V70/><F118/><W133/><G74/><T24/><D24/><N who="1" m="14447" /><E101/><V32/><F32/><W72/><G73/><T20/><D20/><N who="1" m="11375" /><E49/><V103/><F103/><W91/><G72/><T51/><D51/><U77/><E77/><V126/><F126/><W43/><G91/><N who="0" m="51671" /><D33/><U56/><E64/><V46/><F42/><W75/><G75/><T2/><D2/><U127/><E127/><V27/><F22/><W88/><G124/><T41/><D41/><U25/><E25/><V29/><REACH who="2" step="1"/><F70/><REACH who="2" ten="370,266,104,250" step="2"/><N who="3" m="42287" /><G133/><T129/><D129/><U79/><E79/><V120/><F120/><W1/><G108/><T3/><D3/><U45/><E45/><AGARI ba="0,1" hai="9,11,21,27,29,44,45,46,52,59,60,98,102,106" machi="45" ten="40,5200,0" yaku="1,1,52,1,54,1,53,0" doraHai="53" doraHaiUra="113" who="2" fromWho="1" sc="370,0,266,-52,104,62,250,0" /><INIT seed="2,0,0,0,1,19" ten="370,214,166,250" oya="2" hai0="80,0,64,89,124,92,22,29,13,69,111,53,84" hai1="58,74,81,116,11,127,57,93,126,48,14,54,31" hai2="8,119,112,103,21,91,26,38,42,4,75,132,24" hai3="114,50,120,36,71,70,128,79,117,94,87,95,82"/><V9/><F119/><W135/><G36/><T7/><D0/><U109/><E116/><V15/><F112/><W37/><G37/><T59/><D111/><U49/><E109/><V72/><F132/><W56/><G117/><T123/><D123/><U90/><E31/><V10/><F103/><W28/><G120/><T73/><D124/><U88/><E58/><V18/><F42/><W66/><G135/><T99/><D73/><U35/><E35/><V125/><F38/><W133/><G133/><T39/><D39/><U63/><E49/><V32/><F91/><W121/><G121/><T45/><D45/><U40/><E40/><V83/><F83/><W77/><G71/><T134/><D134/><U44/><E74/><V27/><F75/><W122/><G122/><T34/><D34/><U25/><E25/><N who="2" m="9835" /><F72/><W100/><G70/><T12/><D69/><U1/><E1/><N who="2" m="15" /><F125/><N who="1" m="47625" /><E81/><V3/><F3/><W60/><G114/><T46/><D64/><N who="1" m="39023" /><E93/><V115/><F115/><W107/><G107/><T43/><D43/><U20/><E11/><V105/><F105/><W86/><G95/><T33/><D46/><U76/><E76/><V23/><F32/><W131/><G94/><T55/><D33/><U51/><E48/><V67/><F67/><W101/><G50/><N who="0" m="31159" /><D55/><U62/><E62/><V106/><F106/><W97/><G56/><T98/><D98/><U110/><E110/><V41/><F41/><W104/><G60/><T113/><D113/><U129/><E129/><N who="3" m="49738" /><G66/><T102/><D80/><U68/><E68/><V96/><F96/><W30/><G100/><T118/><D102/><RYUUKYOKU ba="0,0" sc="370,-30,214,10,166,10,250,10" hai1="14,20,44,51,54,88,90" hai2="9,10,15,18,21,23,27" hai3="28,30,77,79,82,86,87,97,101,104" /><INIT seed="2,1,0,1,0,43" ten="340,224,176,260" oya="2" hai0="17,71,44,65,98,26,57,5,106,70,128,117,97" hai1="67,124,89,96,120,34,49,108,10,90,13,110,72" hai2="88,21,125,45,40,53,22,77,94,130,39,113,116" hai3="38,100,81,51,18,132,78,35,73,60,16,27,87"/><V33/><F116/><W107/><G38/><T58/><D117/><U69/><E124/><V115/><F125/><W19/><G132/><T109/><D109/><N who="1" m="42091" /><E34/><V29/><F77/><W63/><G87/><T75/><D75/><U48/><E72/><V80/><F130/><W126/><G126/><T101/><D128/><U37/><E37/><V68/><F68/><W2/><G2/><T85/><D5/><N who="1" m="3279" /><E120/><V76/><F113/><W112/><G112/><T103/><D85/><U52/><E96/><V6/><F115/><W11/><G11/><T99/><D99/><U123/><E49/><V4/><F53/><W121/><G121/><T8/><D8/><U64/><E123/><V83/><F33/><W62/><G35/><T0/><D0/><U122/><E122/><V82/><F76/><W118/><G118/><T25/><D65/><N who="1" m="25163" /><E69/><V59/><F59/><AGARI ba="1,0" hai="48,52,59,89,90" m="25163,3279,42091" machi="59" ten="30,2000,0" yaku="14,1,54,1" doraHai="43" who="1" fromWho="2" sc="340,0,224,23,176,-23,260,0" /><INIT seed="3,0,0,1,5,48" ten="340,247,153,260" oya="3" hai0="33,86,47,74,134,2,32,121,19,106,93,1,97" hai1="60,126,108,15,84,92,101,70,44,8,116,34,58" hai2="82,46,99,42,59,39,0,111,10,18,75,63,100" hai3="51,132,65,88,28,25,117,69,112,119,113,36,81"/><W23/><G36/><T110/><D121/><U54/><E108/><V55/><F111/><W30/><G65/><T102/><D110/><U35/><E126/><V94/><F75/><W125/><G69/><T6/><D74/><U13/><E116/><V67/><F82/><W87/><G117/><T129/><D129/><U7/><E70/><V22/><F0/><W103/><G119/><T11/><D134/><U26/><E26/><V91/><F10/><W89/><G132/><T96/><D2/><U128/><E128/><V38/><F38/><W16/><G125/><T3/><D1/><U114/><E114/><V49/><F100/><W14/><G103/><T127/><D127/><U41/><E15/><V66/><REACH who="2" step="1"/><F39/><REACH who="2" ten="340,247,143,260" step="2"/><W5/><G113/><T37/><D37/><U79/><E101/><V45/><F45/><W57/><G112/><T124/><D47/><U104/><E44/><V76/><F76/><W95/><G81/><T85/><D124/><U24/><E79/><V109/><F109/><W12/><G89/><T98/><D102/><U107/><E8/><V21/><F21/><W68/><G5/><T90/><D90/><U27/><E7/><V115/><F115/><W133/><G133/><T29/><D6/><U40/><E35/><V123/><F123/><W72/><G72/><T62/><D33/><U83/><E34/><V130/><F130/><W73/><G73/><T135/><D32/><U122/><E83/><V52/><F52/><W78/><G78/><T43/><D135/><U77/><E54/><V80/><F80/><W120/><G120/><T105/><D3/><RYUUKYOKU ba="0,1" sc="340,-10,247,-10,143,30,260,-10" hai2="18,22,42,46,49,55,59,63,66,67,91,94,99" owari="340,44.0,237,-16.0,173,-33.0,250,5.0" /></mjloggm>