<mjloggm ver="2.3"><GO type="97" lobby="0"/><UN n0="%75%72%6F%63%68%69%74%61" n1="%E3%82%A6%E3%83%AB%E3%83%88%E3%83%A9%E7%AB%8B%E7%9B%B4" n2="%E7%BE%BD%E3%81%A3%E3%81%A1%E3%82%83%E3%82%93" n3="%41%6C%62%65%72%74" dan="14,15,13,14" rate="1952.48,2030.45,1885.57,1874.67" sx="M,M,M,M"/><TAIKYOKU oya="0"/><INIT seed="0,0,0,0,4,134" ten="250,250,250,250" oya="0" hai0="70,122,38,75,95,130,65,41,56,132,100,99,67" hai1="90,66,91,104,87,135,106,76,54,93,82,97,78" hai2="61,103,101,80,35,92,111,121,13,1,25,15,64" hai3="118,8,47,74,20,125,63,84,113,108,34,85,16"/><T51/><D75/><U5/><E66/><V45/><F121/><W19/><G118/><T81/><D122/><U117/><E5/><V109/><F1/><W44/><G113/><T119/><D119/><U14/><E14/><V110/><F80/><W60/><G20/><T33/><D33/><U112/><E54/><V3/><F3/><W10/><G108/><N who="2" m="27649" /><V133/><DORA hai="89" /><F133/><W24/><G24/><T53/><D132/><U131/><E135/><V43/><F25/><W62/><G34/><T42/><D130/><U68/><E68/><N who="2" m="41999" /><F35/><W17/><G74/><T123/><D123/><U2/><E2/><V115/><F115/><W120/><G120/><T73/><D38/><U129/><E117/><V31/><F31/><W116/><G116/><T9/><D67/><U59/><E112/><V83/><F83/><W50/><G50/><T22/><D65/><U28/><E28/><V71/><F71/><W105/><G105/><N who="1" m="40554" /><E59/><V57/><F57/><W55/><G55/><T58/><D70/><U96/><E129/><V4/><F4/><W128/><G128/><T23/><D58/><U79/><E131/><V29/><F29/><W49/><G49/><T12/><D23/><U11/><E11/><N who="3" m="4138" /><G125/><T72/><D22/><U69/><E69/><V107/><F107/><W48/><G48/><T7/><REACH who="0" step="1"/><D73/><REACH who="0" ten="240,250,250,250" step="2"/><U88/><E96/><N who="2" m="59527" /><F103/><AGARI ba="0,1" hai="76,78,79,82,87,88,90,91,93,97,103" m="40554" machi="103" ten="30,12000,2" yaku="35,5,52,1,54,1" doraHai="134,89" who="1" fromWho="2" sc="240,0,250,130,250,-120,250,0" /><INIT seed="1,0,0,5,3,111" ten="240,380,130,250" oya="1" hai0="119,26,58,45,108,78,87,98,70,93,44,9,59" hai1="49,115,36,17,109,38,51,125,110,84,30,113,20" hai2="37,65,39,11,33,97,63,90,0,96,135,52,40" hai3="73,127,121,102,62,134,68,25,31,42,43,129,100"/><U56/><E30/><V16/><F33/><W95/><G121/><T61/><D70/><U54/><E84/><V74/><F135/><W5/><G134/><T14/><D119/><U92/><E92/><V112/><F74/><W48/><G73/><T120/><D120/><U47/><E125/><V126/><F126/><W50/><G127/><T6/><D108/><N who="1" m="41579" /><E17/><V75/><F75/><W81/><G129/><T76/><D59/><U130/><E20/><V91/><F0/><W23/><G5/><T89/><D26/><U24/><E24/><V83/><F112/><N who="1" m="43081" /><E130/><V116/><F116/><W53/><G81/><T118/><D118/><U86/><E86/><N who="2" m="50527" /><F40/><AGARI ba="0,0" hai="36,38,40,47,49,51,54,56" m="43081,41579" machi="40" ten="30,18000,2" yaku="14,1,10,1,34,2,52,3" doraHai="111" who="1" fromWho="2" sc="240,0,380,180,130,-180,250,0" owari="240,-16.0,560,66.0,-50,-55.0,250,5.0" /></mjloggm>