<mjloggm ver="2.3"><GO type="41" lobby="0"/><UN n0="%E3%82%A6%E3%83%AB%E3%83%88%E3%83%A9%E7%AB%8B%E7%9B%B4" n1="%E5%A4%B1%E6%A5%BD%E5%9C%92" n2="%47%49%4F%52%47%49%4F" n3="%E3%83%87%E3%83%9C%E3%83%B3%E3%82%B7%E3%83%A3%E3%82%A4%E3%82%A2" dan="16,15,13,13" rate="2083.92,2012.44,1885.00,1925.16" sx="M,F,M,M"/><TAIKYOKU oya="0"/><BYE who="1" /><UN n1="%E5%A4%B1%E6%A5%BD%E5%9C%92" /><INIT seed="0,0,0,1,2,26" ten="250,250,250,250" oya="0" hai0="59,51,125,43,130,62,9,27,29,3,52,22,70" hai1="60,18,106,20,31,103,35,87,135,83,79,65,92" hai2="74,63,44,133,102,6,75,15,41,10,120,24,117" hai3="5,25,55,116,110,73,88,122,11,34,78,132,37"/><T36/><D125/><U40/><E40/><V21/><F120/><W77/><G116/><T42/><D130/><U61/><E135/><V111/><F133/><W107/><G132/><T123/><D123/><U85/><E106/><V134/><F134/><W124/><G107/><T14/><D3/><U127/><E127/><V71/><F117/><W58/><G37/><T19/><D36/><U129/><E129/><V1/><F111/><W16/><G110/><T48/><D70/><U89/><E103/><V12/><F102/><W32/><G124/><T0/><D0/><U56/><E35/><V47/><F12/><W97/><G34/><T76/><D76/><N who="3" m="29289" /><G73/><T72/><D72/><U68/><E68/><V64/><F1/><W50/><G32/><T96/><D96/><U94/><E61/><V8/><F8/><W7/><G122/><T90/><D90/><U112/><E112/><V126/><F126/><W91/><G97/><T98/><D98/><U115/><E115/><V121/><F121/><W30/><G30/><T99/><D99/><U45/><E45/><V23/><F23/><N who="3" m="13543" /><G11/><T101/><D101/><U33/><E33/><V13/><F13/><W57/><G57/><T69/><D69/><U118/><E118/><V82/><F82/><W95/><G95/><T39/><D39/><U54/><E31/><V128/><F128/><W80/><G80/><T86/><D86/><U105/><E105/><V119/><F119/><W108/><G108/><T67/><D67/><U28/><E65/><V53/><F53/><W93/><G93/><T81/><D81/><U38/><E38/><RYUUKYOKU ba="0,0" sc="250,15,250,-15,250,-15,250,15" hai0="9,14,19,22,27,29,42,43,48,51,52,59,62" hai3="5,7,50,55,58,88,91" /><INIT seed="0,1,0,1,0,114" ten="265,235,235,265" oya="0" hai0="74,58,110,5,48,15,30,87,125,116,42,107,69" hai1="108,43,80,6,79,2,121,25,13,19,113,83,96" hai2="45,133,92,132,118,88,127,73,71,100,50,61,37" hai3="129,4,117,103,106,22,18,82,55,134,111,122,93"/><T7/><D74/><U21/><E113/><V75/><F37/><W72/><G106/><T24/><D69/><U115/><E115/><V33/><F33/><W85/><G72/><T101/><D125/><U68/><E121/><V104/><F127/><W14/><G122/><T0/><D0/><U36/><E68/><V44/><F44/><W23/><G4/><T97/><D110/><U91/><E108/><V131/><F100/><W67/><G111/><T81/><D15/><U16/><E2/><V109/><F104/><W57/><G129/><T54/><D42/><U10/><E19/><V86/><F109/><W105/><G105/><T62/><D48/><U95/><E36/><V29/><F29/><W130/><G130/><T12/><D12/><U99/><E43/><V119/><F131/><W31/><G67/><T3/><D3/><U17/><E17/><V34/><F34/><W41/><G41/><T52/><D54/><U70/><E70/><V128/><F128/><W49/><G134/><N who="2" m="51817" /><F61/><W126/><G126/><T35/><REACH who="0" step="1"/><D116/><REACH who="0" ten="255,235,235,265" step="2"/><N who="2" m="44586" /><F71/><W47/><G117/><T1/><D1/><U9/><E9/><V76/><F76/><AGARI ba="1,1" hai="5,7,24,30,35,52,58,62,76,81,87,97,101,107" machi="76" ten="30,11600,0" yaku="1,1,7,1,54,1,53,1" doraHai="114" doraHaiUra="26" who="0" fromWho="2" sc="255,129,235,0,235,-119,265,0" /><INIT seed="0,2,0,1,5,105" ten="384,235,116,265" oya="0" hai0="124,0,135,43,127,6,120,86,73,41,3,45,35" hai1="20,49,2,107,17,57,61,9,111,85,30,102,64" hai2="32,116,83,5,54,51,31,93,53,65,11,55,129" hai3="77,60,70,25,92,82,131,101,26,27,52,28,87"/><T123/><D35/><U100/><E111/><V7/><F65/><W115/><G115/><T122/><D6/><U34/><E2/><V67/><F67/><W4/><G4/><T8/><D8/><U56/><E107/><V19/><F31/><W134/><G134/><T130/><D135/><U99/><E34/><V112/><F32/><W113/><G113/><T106/><D106/><U110/><E110/><V133/><F112/><W68/><G131/><T10/><D10/><U69/><E9/><V78/><F133/><W62/><G68/><T119/><D119/><U22/><E99/><V76/><F116/><W94/><G70/><T38/><D130/><U1/><E1/><N who="0" m="585" /><D86/><U63/><E69/><V97/><F129/><W23/><G62/><T36/><D73/><U125/><E85/><V79/><F51/><W132/><G132/><T42/><D45/><U50/><E30/><V75/><F19/><W21/><G101/><T98/><D98/><U24/><E64/><V29/><F29/><N who="3" m="17583" /><G27/><T117/><D117/><U18/><REACH who="1" step="1"/><E24/><REACH who="1" ten="384,225,116,265" step="2"/><V58/><F58/><AGARI ba="2,1" hai="23,26,28,52,58,60,77,82,87,92,94" m="17583" machi="58" ten="30,2000,0" yaku="8,1,54,1" doraHai="105" who="3" fromWho="2" sc="384,0,225,0,116,-26,265,36" /><INIT seed="1,0,0,5,2,95" ten="384,225,90,301" oya="1" hai0="20,125,98,131,85,109,117,132,115,1,93,130,18" hai1="37,17,102,2,63,65,97,3,116,58,104,52,113" hai2="33,49,62,108,71,121,107,21,84,76,89,47,19" hai3="88,106,74,90,25,70,7,29,119,101,44,42,5"/><U8/><E113/><V40/><F33/><W66/><G119/><T64/><D1/><U13/><E116/><V46/><F121/><W38/><G7/><T57/><D117/><U53/><E37/><V45/><F108/><W123/><G123/><T133/><D85/><U60/><REACH who="1" step="1"/><E53/><REACH who="1" ten="384,215,90,301" step="2"/><V9/><F107/><W79/><G106/><T16/><D115/><U61/><E61/><V14/><F76/><W77/><G79/><T87/><D109/><U126/><E126/><V82/><F71/><AGARI ba="0,1" hai="2,3,8,13,17,52,58,60,63,65,71,97,102,104" machi="71" ten="30,11600,0" yaku="1,1,7,1,52,1,54,1,53,0" doraHai="95" doraHaiUra="127" who="1" fromWho="2" sc="384,0,215,126,90,-116,301,0" owari="384,49.0,341,14.0,-26,-53.0,301,-10.0" /></mjloggm>