<mjloggm ver="2.3"><GO type="169" lobby="0"/><UN n0="%E3%81%8F%E3%81%AB%E3%81%B2%E3%81%93%E3%81%BE%E3%82%8B" n1="%EF%BC%88%E2%89%A7%E2%96%BD%E2%89%A6%EF%BC%89" n2="%E8%8A%8B%EF%BC%A0%EF%BC%90%EF%BC%98%E2%80%99" n3="%E3%82%86%E3%82%86" dan="16,19,16,16" rate="2097.79,2321.08,2114.94,2045.88" sx="M,M,M,M"/><TAIKYOKU oya="0"/><INIT seed="0,0,0,5,3,34" ten="250,250,250,250" oya="0" hai0="65,70,19,105,115,77,39,10,43,9,118,106,135" hai1="119,12,101,113,57,30,78,79,97,100,26,20,90" hai2="8,21,93,107,112,133,72,13,55,83,73,64,95" hai3="75,32,130,103,131,117,6,38,18,25,96,1,85"/><T15/><D118/><U22/><E119/><V49/><F107/><W28/><G38/><T27/><D115/><U2/><E2/><V88/><F112/><W99/><G85/><T82/><D135/><U59/><E113/><V67/><F133/><W126/><G117/><T76/><D76/><U52/><E90/><V123/><F123/><W128/><G75/><T7/><D65/><N who="2" m="25162" /><F21/><W120/><G120/><T129/><D70/><U94/><E101/><V111/><F73/><W124/><G18/><T134/><D134/><U11/><E22/><V86/><F72/><W80/><G80/><T53/><D53/><U63/><REACH who="1" step="1"/><E59/><REACH who="1" ten="250,240,250,250" step="2"/><N who="2" m="33263" /><F111/><W37/><G103/><T84/><D129/><U0/><E0/><V40/><F40/><W58/><G1/><T60/><D60/><U132/><E132/><V45/><F45/><W116/><G116/><T56/><D56/><U48/><E48/><V98/><F98/><W66/><G99/><T71/><D71/><U61/><E61/><V89/><F89/><W69/><G96/><T81/><D39/><U29/><E29/><V122/><F122/><W46/><G69/><T24/><D77/><U110/><E110/><V47/><F47/><W62/><G46/><T104/><D84/><U114/><E114/><V74/><F74/><W92/><G37/><T108/><D108/><U87/><E87/><V16/><AGARI ba="0,1" hai="8,13,16,83,86,88,93,95" m="33263,25162" machi="16" ten="30,4000,0" yaku="8,1,54,2" doraHai="34" who="2" fromWho="2" sc="250,-20,240,-10,250,50,250,-10" /><INIT seed="1,0,0,1,5,1" ten="230,230,300,240" oya="1" hai0="11,120,37,110,50,44,65,38,95,103,99,72,4" hai1="21,13,106,27,125,134,88,114,28,85,133,123,31" hai2="22,64,75,40,51,6,102,14,45,7,66,60,10" hai3="58,116,112,3,68,118,42,49,80,105,91,111,126"/><U18/><E123/><V29/><F75/><W34/><G80/><T32/><D120/><U74/><E114/><V83/><F102/><W96/><G42/><T61/><D32/><U19/><E74/><V131/><F131/><W36/><G96/><T89/><D110/><U119/><E106/><V12/><F60/><W39/><G91/><T90/><D72/><U117/><E125/><V132/><F132/><N who="1" m="50793" /><E85/><V9/><F83/><W15/><G105/><T76/><D76/><U48/><E48/><V8/><F8/><W52/><G34/><T73/><D73/><U17/><E88/><V128/><F128/><W33/><G33/><T86/><D37/><N who="3" m="14409" /><G3/><T20/><D38/><U23/><E13/><V54/><F40/><W109/><G15/><T84/><D90/><U30/><E27/><AGARI ba="0,0" hai="6,7,9,10,12,14,22,27,29,45,51,54,64,66" machi="27" ten="40,8000,1" yaku="9,1,8,1,52,2" doraHai="1" who="2" fromWho="1" sc="230,0,230,-80,300,80,240,0" /><INIT seed="2,0,0,5,4,98" ten="230,150,380,240" oya="2" hai0="67,117,131,105,20,116,62,100,5,44,60,121,69" hai1="18,72,29,130,126,97,55,33,43,135,128,122,73" hai2="34,102,119,41,46,51,28,26,17,99,8,63,32" hai3="77,107,11,31,9,3,53,30,23,123,90,70,65"/><V110/><F119/><N who="0" m="45642" /><D121/><U19/><E43/><V86/><F110/><W76/><G107/><T111/><D111/><U91/><E55/><V81/><F63/><W12/><G65/><N who="0" m="41127" /><D44/><U109/><E109/><V66/><F66/><W75/><G70/><N who="0" m="42359" /><D20/><U80/><E122/><V82/><F34/><W4/><G23/><T104/><D5/><U15/><E29/><V39/><F39/><W54/><G4/><T49/><D49/><U74/><E33/><V113/><F113/><W133/><G31/><T47/><D47/><U134/><E18/><V59/><F59/><W10/><G30/><T88/><D131/><N who="1" m="50219" /><E19/><V45/><F45/><W13/><G123/><T92/><D100/><U38/><E38/><V42/><F41/><W58/><G58/><T83/><D83/><U24/><E24/><V35/><F35/><W25/><G25/><T27/><D27/><U112/><E15/><V93/><F17/><W2/><G13/><T103/><D103/><U52/><E80/><V87/><F81/><W40/><G12/><T22/><D22/><U108/><E108/><V56/><F82/><W64/><G11/><T96/><AGARI ba="0,0" hai="88,92,96,104,105" m="42359,41127,45642" machi="96" ten="30,2000,0" yaku="12,1,54,1" doraHai="98" who="0" fromWho="0" sc="230,20,150,-5,380,-10,240,-5" /><INIT seed="3,0,0,5,5,24" ten="250,145,370,235" oya="3" hai0="1,98,29,6,95,41,97,113,99,57,33,0,107" hai1="37,3,63,101,7,89,61,80,11,64,115,90,32" hai2="76,23,125,13,17,73,5,48,119,49,81,104,30" hai3="39,87,52,126,38,20,22,42,120,117,53,102,31"/><W27/><G102/><T124/><D113/><U54/><E115/><V9/><F119/><W79/><G79/><T45/><D124/><U96/><E37/><V100/><F125/><W18/><G87/><T105/><D57/><U16/><E32/><V36/><F36/><W25/><G126/><T134/><D95/><U28/><E28/><V110/><F110/><W40/><G117/><T34/><D134/><U108/><E108/><V70/><F70/><W65/><G65/><T116/><D116/><U112/><E112/><V14/><REACH who="2" step="1"/><F30/><REACH who="2" ten="250,145,360,235" step="2"/><W77/><G31/><T69/><D69/><U118/><E118/><V74/><F74/><W83/><G39/><T78/><D29/><U21/><E80/><V59/><F59/><W121/><G38/><T4/><D34/><U26/><E54/><V84/><F84/><W51/><G83/><T88/><D33/><U8/><E8/><V106/><F106/><W135/><G53/><T91/><D105/><U82/><E82/><V60/><F60/><W109/><G52/><T75/><D107/><U128/><E63/><V127/><F127/><W131/><G109/><T86/><D75/><U62/><E62/><V92/><F92/><W50/><G42/><T12/><D41/><U71/><REACH who="1" step="1"/><E128/><REACH who="1" ten="250,135,360,235" step="2"/><V114/><F114/><W47/><G131/><T58/><D45/><U130/><E130/><V122/><F122/><W19/><G47/><T68/><D78/><U123/><E123/><V85/><F85/><W55/><G77/><T72/><D86/><U94/><AGARI ba="0,2" hai="3,7,11,16,21,26,61,64,71,89,90,94,96,101" machi="94" ten="20,8000,1" yaku="1,1,0,1,7,1,54,1,53,1" doraHai="24" doraHaiUra="15" who="1" fromWho="1" sc="250,-20,135,100,360,-20,235,-40" /><INIT seed="4,0,0,3,4,49" ten="230,235,340,195" oya="0" hai0="112,129,33,60,90,22,25,113,98,40,2,69,84" hai1="67,32,18,134,34,100,19,93,131,123,116,86,74" hai2="51,121,63,48,79,9,0,5,65,62,114,29,21" hai3="55,17,132,39,122,87,109,52,11,42,54,23,47"/><T16/><D2/><U125/><E74/><V91/><F121/><W78/><G109/><T7/><D7/><U13/><E116/><V56/><F114/><W111/><G111/><T26/><D129/><U59/><E125/><V31/><F79/><W64/><G64/><T82/><D40/><U3/><E134/><V27/><F31/><W110/><G110/><T43/><D43/><U6/><E3/><V83/><F83/><W120/><G132/><T58/><D69/><U103/><E32/><V57/><REACH who="2" step="1"/><F91/><REACH who="2" ten="230,235,330,195" step="2"/><W14/><G78/><T50/><D112/><U96/><E123/><N who="3" m="47146" /><G87/><T45/><D113/><U88/><E86/><V127/><F127/><W104/><G104/><T102/><D33/><U85/><E85/><V70/><F70/><W92/><G92/><T46/><D26/><U15/><E34/><V35/><F35/><W72/><G72/><T30/><D30/><U107/><E107/><V37/><F37/><W124/><G124/><T12/><D25/><U135/><E135/><V101/><F101/><W130/><G130/><T53/><REACH who="0" step="1"/><D50/><REACH who="0" ten="220,235,330,195" step="2"/><U77/><E131/><V28/><F28/><W36/><G36/><T81/><D81/><U119/><E119/><V4/><F4/><W41/><G39/><T95/><AGARI ba="0,2" hai="12,16,22,45,46,53,58,60,82,84,90,95,98,102" machi="95" ten="20,18000,2" yaku="1,1,0,1,7,1,8,1,52,1,54,1,53,0" doraHai="49" doraHaiUra="68" who="0" fromWho="0" sc="220,200,235,-60,330,-60,195,-60" /><INIT seed="4,1,0,0,0,20" ten="420,175,270,135" oya="0" hai0="134,49,22,56,73,42,71,53,19,79,35,105,111" hai1="108,43,116,119,75,52,18,126,110,125,132,26,94" hai2="68,55,91,67,115,6,97,59,44,103,63,127,9" hai3="99,45,16,66,5,123,88,36,80,60,21,109,14"/><T40/><D35/><U32/><E75/><V13/><F115/><W30/><G5/><T117/><D117/><N who="1" m="45131" /><E43/><V47/><F127/><N who="1" m="48649" /><E94/><V69/><F91/><W98/><G36/><T95/><D105/><U3/><E132/><V11/><F11/><W85/><G109/><N who="1" m="42090" /><E52/><V113/><F69/><W29/><G45/><T90/><D71/><U23/><E32/><V76/><F76/><W0/><G66/><T34/><D34/><U8/><E8/><V122/><F44/><W17/><G60/><T96/><D111/><U133/><E133/><V121/><F47/><W50/><G50/><T81/><REACH who="0" step="1"/><D134/><REACH who="0" ten="410,175,270,135" step="2"/><U106/><E106/><V92/><F68/><W1/><G80/><T87/><D87/><U107/><E107/><V114/><F114/><W77/><G85/><T70/><D70/><U48/><E48/><V129/><F113/><W54/><G99/><T4/><D4/><U78/><E78/><V128/><F6/><W15/><G77/><T61/><D61/><U124/><E124/><V25/><F63/><W24/><G98/><T104/><D104/><U27/><E3/><V2/><F97/><W89/><G1/><T82/><D82/><U83/><E83/><V57/><F2/><W130/><G0/><T12/><AGARI ba="1,1" hai="12,19,22,40,42,49,53,56,73,79,81,90,95,96" machi="12" ten="20,3900,0" yaku="1,1,0,1,7,1,53,0" doraHai="20" doraHaiUra="100" who="0" fromWho="0" sc="410,52,175,-14,270,-14,135,-14" /><INIT seed="4,2,0,1,2,16" ten="462,161,256,121" oya="0" hai0="99,37,8,113,101,95,41,38,30,54,105,49,11" hai1="0,114,14,121,42,74,122,13,119,34,26,100,102" hai2="106,67,7,98,50,88,115,32,132,22,79,61,40" hai3="118,76,58,21,77,53,52,108,128,60,82,80,107"/><T87/><D113/><U125/><E74/><V123/><F32/><W44/><G107/><T48/><D30/><U127/><E42/><V84/><F123/><N who="1" m="47113" /><E100/><V46/><F115/><W135/><G108/><T130/><D130/><U66/><E66/><V85/><F132/><W57/><G128/><T68/><D68/><U73/><E102/><V75/><F7/><W116/><G44/><T71/><D71/><U63/><E63/><V103/><F75/><W134/><G60/><T69/><D69/><U3/><E73/><V29/><F79/><W86/><G86/><T27/><D41/><U51/><E51/><V92/><F106/><W15/><G15/><N who="1" m="5642" /><E119/><V90/><F103/><W109/><G109/><T10/><D49/><U12/><E12/><V18/><F90/><W43/><G43/><T25/><D87/><U28/><E114/><V62/><F62/><W64/><G64/><T112/><D105/><U78/><E78/><V70/><F70/><W120/><G120/><T24/><REACH who="0" step="1"/><D112/><REACH who="0" ten="452,161,256,121" step="2"/><U1/><AGARI ba="2,1" hai="0,1,3,26,28,34,125,127" m="5642,47113" machi="1" ten="40,2700,0" yaku="34,2" doraHai="16" who="1" fromWho="1" sc="452,-15,161,43,256,-9,121,-9" /><INIT seed="5,0,0,4,5,63" ten="437,204,247,112" oya="1" hai0="18,41,125,11,77,16,69,34,132,75,47,64,80" hai1="115,32,37,66,81,103,104,15,90,33,55,131,70" hai2="61,28,85,3,30,38,108,35,9,54,134,79,72" hai3="42,101,13,6,23,109,21,1,7,46,45,65,105"/><U91/><E37/><V83/><F108/><W56/><G1/><T89/><D34/><U51/><E104/><V50/><F134/><W52/><G101/><T73/><D132/><U97/><E32/><V14/><F38/><W71/><G105/><T24/><D125/><U127/><E33/><V84/><F3/><W117/><G109/><T87/><D75/><U123/><E123/><V126/><F126/><W29/><G29/><T78/><D24/><U124/><E81/><V112/><F112/><W100/><G100/><T107/><D107/><N who="1" m="63983" /><E115/><V5/><F61/><W110/><G110/><T26/><D26/><U96/><E96/><V27/><REACH who="2" step="1"/><F30/><REACH who="2" ten="437,204,237,112" step="2"/><W31/><G31/><T57/><D73/><U60/><E60/><V76/><F76/><W99/><G117/><T86/><D77/><U20/><E124/><V25/><F25/><W39/><G39/><T94/><D78/><U95/><E127/><V10/><F10/><W88/><G13/><T122/><D11/><U102/><E15/><V22/><F22/><W82/><G23/><T113/><D113/><U2/><E20/><V130/><F130/><W49/><G21/><T17/><D122/><U92/><E2/><V8/><F8/><W111/><G111/><T4/><D4/><U58/><E131/><V0/><F0/><W74/><G7/><T116/><D116/><U93/><E102/><V129/><F129/><W62/><G6/><T44/><D18/><U68/><E68/><V118/><F118/><W106/><G71/><T133/><D69/><U48/><E51/><V19/><F19/><W59/><G49/><RYUUKYOKU ba="0,1" sc="437,-15,204,15,237,15,112,-15" hai1="48,55,58,66,70,90,91,92,93,95" hai2="5,9,14,27,28,35,50,54,72,79,83,84,85" /><INIT seed="5,1,1,5,1,89" ten="422,219,252,97" oya="1" hai0="24,83,93,56,4,18,112,130,19,35,104,38,13" hai1="97,65,66,48,27,81,22,102,29,33,6,25,103" hai2="40,47,7,61,95,78,42,75,59,117,14,100,53" hai3="132,63,116,58,99,92,30,43,79,88,70,122,82"/><U87/><E6/><V124/><F117/><W39/><G70/><T69/><D69/><U91/><E48/><V1/><F1/><W62/><G30/><T41/><D104/><U9/><E9/><N who="2" m="4415" /><F75/><W113/><G43/><T49/><D112/><U37/><E37/><V106/><F106/><W2/><G2/><T72/><D130/><U23/><E33/><V77/><F124/><W20/><G39/><T32/><D38/><U15/><E15/><V86/><F86/><W119/><G113/><T10/><D35/><U17/><REACH who="1" step="1"/><E103/><REACH who="1" ten="422,209,252,97" step="2"/><V121/><F42/><W133/><G119/><T21/><D32/><U57/><E57/><V74/><F40/><W76/><G116/><T11/><D41/><U44/><E44/><V26/><F47/><W109/><G58/><T94/><D49/><U127/><E127/><V135/><F59/><W5/><G5/><T71/><D56/><U118/><E118/><V68/><F68/><W107/><G63/><T36/><D36/><U52/><E52/><V73/><F100/><W114/><G62/><T55/><D55/><U46/><E46/><V111/><F53/><W126/><G126/><T134/><D71/><U120/><E120/><V16/><F61/><W45/><G122/><T123/><D123/><U12/><E12/><V125/><F121/><W28/><G45/><T31/><D11/><U84/><E84/><V98/><F125/><W67/><G114/><T85/><D85/><U131/><E131/><V60/><F60/><W96/><G67/><T8/><D4/><U115/><E115/><V108/><F73/><W0/><G0/><RYUUKYOKU ba="1,2" sc="422,-10,209,30,252,-10,97,-10" hai1="17,22,23,25,27,29,65,66,81,87,91,97,102" /><INIT seed="5,2,2,2,5,114" ten="412,239,242,87" oya="1" hai0="127,80,14,44,95,96,40,99,75,134,35,79,36" hai1="69,73,90,130,15,61,2,45,131,1,92,108,56" hai2="17,19,4,31,65,125,93,111,52,13,103,77,106" hai3="94,41,128,126,57,58,30,76,82,86,105,50,88"/><U133/><E73/><V100/><F111/><W0/><G0/><T23/><D134/><U51/><E69/><V21/><F106/><W38/><G38/><T46/><D35/><U101/><E15/><V63/><F125/><W66/><G105/><T59/><D127/><U74/><E101/><N who="2" m="38987" /><F65/><W49/><G126/><T120/><D120/><U98/><E74/><V109/><F109/><W135/><G30/><T48/><D59/><N who="3" m="22537" /><G66/><T28/><D95/><U89/><E89/><V78/><F63/><W132/><G128/><N who="1" m="49194" /><E133/><N who="3" m="51274" /><G41/><T20/><D20/><U83/><E108/><V8/><F52/><W113/><G113/><T87/><D75/><AGARI ba="2,2" hai="49,50,75,76,82,86,88,94" m="51274,22537" machi="75" ten="30,2000,0" yaku="20,1,54,1" doraHai="114" who="3" fromWho="0" sc="412,-26,239,0,242,0,87,46" /><INIT seed="6,0,0,5,2,76" ten="386,239,242,133" oya="2" hai0="115,113,54,127,128,34,130,19,15,31,88,67,51" hai1="21,63,13,71,93,114,52,5,112,23,132,49,98" hai2="75,108,48,40,90,100,46,120,79,116,42,89,86" hai3="94,64,99,97,92,87,109,133,73,83,118,61,66"/><V65/><F116/><W77/><G118/><T22/><D127/><U18/><E132/><V58/><F120/><W78/><G133/><T6/><D67/><U9/><E71/><V27/><F108/><W25/><G25/><N who="0" m="18799" /><D88/><N who="2" m="33898" /><F75/><W102/><G109/><T81/><D81/><U59/><E49/><V117/><F117/><W124/><G124/><T122/><D6/><U134/><E134/><V32/><F32/><W38/><G38/><T121/><D122/><U56/><E56/><V24/><F100/><W53/><G53/><T41/><D41/><U106/><E106/><V43/><F58/><W96/><G61/><T91/><D91/><N who="1" m="55615" /><E5/><V84/><F65/><W74/><G66/><T126/><D121/><U111/><E111/><V107/><F107/><W62/><G62/><T47/><D126/><U8/><E8/><V45/><F45/><W131/><G64/><T105/><D105/><U11/><E11/><V55/><F86/><W35/><G35/><T29/><D29/><U123/><E123/><V68/><F68/><W110/><G110/><T16/><D19/><U80/><E9/><V28/><F28/><W36/><G36/><T95/><D95/><N who="3" m="36393" /><G102/><T1/><D1/><U4/><E63/><V85/><F85/><W3/><G3/><T39/><D39/><U12/><E59/><V82/><AGARI ba="0,0" hai="24,27,40,42,43,46,48,55,79,82,84" m="33898" machi="82" ten="30,6000,0" yaku="8,1,52,1,54,1" doraHai="76" who="2" fromWho="2" sc="386,-20,239,-20,242,60,133,-20" /><INIT seed="6,1,0,5,2,114" ten="366,219,302,113" oya="2" hai0="36,132,13,85,86,24,83,47,26,32,48,79,0" hai1="106,5,76,108,1,127,25,92,75,14,123,128,126" hai2="98,87,42,18,70,6,93,122,2,117,23,20,88" hai3="39,35,44,90,80,50,29,111,15,62,19,69,54"/><V74/><F74/><W110/><G29/><T89/><D0/><U133/><E108/><V78/><F122/><W56/><G35/><T12/><D36/><U51/><E106/><V27/><F70/><W49/><G80/><N who="0" m="49319" /><D32/><U63/><E63/><V72/><F72/><W113/><G90/><T100/><D100/><U60/><E133/><V61/><F42/><W16/><G113/><T120/><D120/><U77/><E128/><V46/><F46/><W8/><G19/><T45/><D45/><U121/><E1/><V71/><F6/><W4/><G4/><T38/><D38/><U124/><E60/><V129/><F2/><W73/><G73/><T116/><D116/><U10/><E25/><N who="0" m="9833" /><D132/><U64/><E64/><V81/><F23/><W112/><G112/><T130/><D130/><U21/><E51/><V67/><REACH who="2" step="1"/><F129/><REACH who="2" ten="366,219,292,113" step="2"/><W55/><G39/><T33/><D33/><U109/><E21/><V101/><F101/><W84/><G69/><T52/><AGARI ba="1,1" hai="12,13,47,48,52,79,83,86" m="9833,49319" machi="52" ten="30,2000,0" yaku="8,1,54,1" doraHai="114" who="0" fromWho="0" sc="366,33,219,-6,292,-11,113,-6" /><INIT seed="7,0,0,2,0,49" ten="399,213,281,107" oya="3" hai0="114,38,123,4,104,9,64,5,40,77,13,119,69" hai1="80,48,46,73,15,16,18,107,62,61,11,7,28" hai2="54,84,42,106,8,24,2,78,20,47,90,23,89" hai3="99,102,133,74,94,39,88,132,118,22,117,12,41"/><W59/><G74/><T130/><D104/><U129/><E107/><V97/><F23/><W131/><G131/><T14/><D119/><U33/><E129/><V19/><F54/><W56/><G39/><T50/><D130/><U58/><E73/><V25/><F25/><W21/><G41/><T100/><D100/><U85/><E28/><V91/><F2/><W120/><G120/><T81/><D123/><U32/><E32/><V60/><F8/><W75/><G75/><T110/><D38/><U109/><E33/><V68/><F106/><W83/><G118/><T44/><D110/><U34/><E109/><V134/><F134/><N who="3" m="51819" /><G117/><T111/><D111/><U124/><E61/><V93/><F68/><W31/><G31/><T112/><D64/><N who="1" m="38999" /><E34/><V27/><F60/><W76/><G102/><T113/><D69/><U135/><E135/><V87/><F27/><W105/><G105/><T52/><D40/><N who="1" m="24647" /><E124/><V128/><F128/><W125/><G125/><T115/><D115/><U86/><E86/><V0/><F0/><W45/><G45/><T37/><D37/><U108/><E108/><V51/><F87/><N who="3" m="48615" /><G22/><T82/><D77/><AGARI ba="0,0" hai="7,11,15,16,18,77,80,85" m="24647,38999" machi="77" ten="30,3900,0" yaku="25,1,8,1,54,1" doraHai="49" who="1" fromWho="0" sc="399,-39,213,39,281,0,107,0" owari="360,46.0,252,-15.0,281,8.0,107,-39.0" /></mjloggm>