<mjloggm ver="2.3"><GO type="97" lobby="0"/><UN n0="%74%73%68%69%6D%75%72%61" n1="%E3%82%A6%E3%83%AB%E3%83%88%E3%83%A9%E7%AB%8B%E7%9B%B4" n2="%6B%79%6F%75%73%68%69%56" n3="%E5%8D%97%E5%A4%A9%E7%BF%94" dan="13,15,13,15" rate="1946.79,1927.60,1880.26,1969.60" sx="M,M,F,M"/><TAIKYOKU oya="0"/><INIT seed="0,0,0,3,5,84" ten="250,250,250,250" oya="0" hai0="114,89,32,23,6,112,135,81,40,35,74,43,100" hai1="11,115,60,82,37,85,102,90,21,124,76,122,78" hai2="71,45,8,19,80,94,33,83,101,120,91,86,7" hai3="117,88,110,50,22,41,111,63,97,96,123,106,77"/><T128/><D100/><U1/><E37/><V10/><F120/><W59/><G117/><T57/><D6/><U24/><E122/><V67/><F71/><W104/><G123/><T108/><D128/><U61/><E124/><V79/><F33/><W9/><G77/><T70/><D70/><U119/><E119/><V25/><F67/><W42/><G9/><T113/><D32/><U12/><E1/><V0/><F45/><W75/><G75/><T107/><D107/><U126/><E102/><V18/><F101/><W54/><G22/><T55/><D35/><U52/><E126/><V72/><F83/><W131/><G97/><T62/><D135/><U132/><E132/><V125/><F125/><W73/><G73/><T27/><D108/><N who="3" m="41513" /><G131/><T16/><REACH who="0" step="1"/><D74/><REACH who="0" ten="240,250,250,250" step="2"/><U58/><E115/><V48/><F10/><W17/><G106/><T105/><D105/><U66/><E11/><V56/><REACH who="2" step="1"/><F25/><REACH who="2" ten="240,250,240,250" step="2"/><W49/><G104/><T44/><D44/><U46/><E12/><V69/><F69/><W20/><G42/><T127/><D127/><U103/><E103/><V109/><F109/><W29/><G41/><T4/><D4/><U31/><E46/><V118/><F118/><W92/><G29/><T95/><D95/><U5/><E5/><V28/><F28/><W134/><G134/><T64/><D64/><U93/><E93/><V51/><F51/><W2/><G2/><T129/><D129/><U53/><E66/><V13/><F13/><AGARI ba="0,2" hai="13,17,20,49,50,54,59,63,88,92,96" m="41513" machi="13" ten="30,3900,0" yaku="14,1,52,1,54,1" doraHai="84" who="3" fromWho="2" sc="240,0,250,0,240,-39,250,59" /><INIT seed="1,0,0,4,0,75" ten="240,250,201,309" oya="1" hai0="60,115,17,90,57,70,62,0,42,132,10,103,131" hai1="1,129,2,76,87,45,128,31,4,127,125,50,69" hai2="46,16,135,22,8,79,21,15,94,121,95,65,100" hai3="7,59,28,3,68,124,49,126,104,54,74,83,123"/><U33/><E69/><V67/><F121/><W91/><G123/><T14/><D115/><U134/><E31/><V51/><F135/><W99/><G68/><T113/><D113/><U114/><E33/><V38/><F38/><W20/><G3/><T118/><D132/><U56/><E56/><V24/><F100/><W97/><G7/><T48/><D118/><U122/><E134/><V84/><F21/><W34/><G34/><T9/><D70/><U80/><E122/><V63/><F67/><W32/><G32/><T35/><D35/><U29/><E29/><V30/><F84/><N who="3" m="50591" /><G74/><T41/><D103/><U44/><E114/><V47/><F79/><W40/><G104/><T102/><D102/><U117/><E117/><V27/><F24/><N who="3" m="16391" /><G40/><T96/><D41/><U58/><E4/><V119/><F119/><W106/><G106/><T55/><D42/><U101/><E2/><V13/><F13/><W108/><G108/><T82/><D0/><U120/><E1/><V81/><F81/><W64/><G64/><T77/><D9/><U43/><E43/><V116/><F116/><W86/><G86/><T12/><D12/><U109/><E109/><V98/><F51/><W18/><G18/><T85/><D131/><N who="1" m="50251" /><E120/><V66/><F66/><W112/><G112/><T78/><D90/><U36/><E101/><N who="2" m="60631" /><F95/><W72/><G72/><T23/><D10/><U88/><E76/><V11/><F11/><W89/><G89/><N who="0" m="51383" /><D96/><U25/><E36/><V111/><F111/><W93/><G93/><T71/><D71/><U73/><E73/><V110/><F110/><W133/><G133/><RYUUKYOKU ba="0,0" sc="240,10,250,-30,201,10,309,10" hai0="14,17,23,48,55,57,60,62,77,78" hai2="8,15,16,22,27,30,46,47,63,65" hai3="49,54,59,97,99,124,126" /><INIT seed="2,1,0,2,1,92" ten="250,220,211,319" oya="2" hai0="90,84,103,7,51,28,45,101,135,31,119,60,87" hai1="1,6,133,17,25,2,23,55,77,121,117,33,68" hai2="5,21,19,49,129,35,131,126,80,0,67,81,128" hai3="106,89,107,132,76,48,47,114,112,29,109,125,97"/><V85/><F35/><W9/><G109/><T64/><D119/><U52/><E68/><V43/><F67/><W16/><G76/><T100/><D7/><U98/><E117/><V42/><F0/><W69/><G69/><T50/><D135/><U104/><E133/><V27/><F5/><W71/><G132/><T99/><D84/><U10/><E2/><V115/><F115/><N who="3" m="44075" /><G71/><T75/><D75/><U32/><E121/><V124/><F49/><W41/><G29/><T3/><D3/><U130/><E130/><N who="2" m="33283" /><V4/><DORA hai="63" /><F4/><W111/><G125/><N who="2" m="48233" /><F81/><W118/><G111/><T54/><D51/><U88/><E33/><V56/><F56/><W22/><G118/><T86/><D31/><U94/><E32/><V82/><F82/><W11/><G11/><T123/><D28/><U113/><E113/><V78/><AGARI ba="1,0" hai="19,21,27,42,43,78,80,85" m="48233,33283" machi="78" ten="50,4800,0" yaku="19,1,18,1" doraHai="92,63" who="2" fromWho="2" sc="250,-17,220,-17,211,51,319,-17" /><INIT seed="2,2,0,4,2,6" ten="233,203,262,302" oya="2" hai0="25,62,101,90,65,122,77,93,16,71,97,2,45" hai1="41,86,10,24,91,14,85,26,63,114,18,12,4" hai2="115,128,29,43,87,132,72,30,64,59,131,53,118" hai3="120,125,67,0,107,74,44,89,84,78,33,20,73"/><V38/><F72/><W111/><G120/><T11/><D122/><U123/><E114/><V135/><F87/><W110/><G33/><T126/><D126/><U13/><E123/><V69/><F30/><W129/><G0/><T76/><D45/><U100/><E14/><V34/><F29/><W48/><G125/><T106/><D2/><U7/><E7/><V133/><F34/><W68/><G107/><T103/><D103/><U15/><E15/><V117/><F115/><W108/><G129/><N who="2" m="49737" /><F38/><W8/><G78/><T94/><D94/><U36/><E36/><V39/><F39/><W35/><G35/><T124/><D124/><U5/><E5/><V116/><F43/><N who="3" m="24607" /><G8/><T99/><REACH who="0" step="1"/><D25/><REACH who="0" ten="223,203,262,302" step="2"/><U17/><E26/><V121/><F121/><W31/><G110/><T55/><D55/><U47/><E24/><V51/><F69/><W82/><G68/><T98/><D98/><U70/><E70/><V80/><F80/><W88/><G111/><T56/><D56/><U9/><E4/><V42/><F42/><W96/><G108/><T27/><D27/><U21/><E47/><V52/><F53/><W66/><G96/><T58/><D58/><U40/><E21/><V57/><F64/><W37/><G66/><T105/><D105/><U50/><E100/><V19/><F19/><W3/><G67/><T127/><D127/><U112/><E112/><V54/><F54/><W32/><G82/><T61/><D61/><U60/><E50/><V1/><F1/><W109/><G3/><T81/><D81/><U92/><E92/><V95/><F95/><W83/><G109/><RYUUKYOKU ba="2,1" sc="223,10,203,10,262,10,302,-30" hai0="11,16,62,65,71,76,77,90,93,97,99,101,106" hai1="9,10,12,13,17,18,40,41,60,63,85,86,91" hai2="51,52,57,59,116,117,118,132,133,135" /><INIT seed="2,3,1,5,0,69" ten="233,213,272,272" oya="2" hai0="26,73,87,104,19,68,98,72,52,23,1,115,48" hai1="99,121,33,133,85,96,29,77,10,112,36,80,2" hai2="60,63,102,130,92,91,0,94,31,5,22,110,14" hai3="107,40,53,50,122,28,70,55,6,25,109,47,131"/><V84/><F130/><W108/><G107/><T126/><D68/><U37/><E29/><V34/><F110/><N who="3" m="42603" /><G70/><T49/><D115/><U32/><E112/><V15/><F34/><N who="1" m="13417" /><E96/><N who="2" m="59655" /><F0/><W27/><G131/><T129/><D129/><U111/><E99/><V16/><F31/><W64/><G122/><T51/><D1/><U58/><E58/><V101/><F101/><W103/><G64/><T67/><D67/><U13/><E13/><V128/><F128/><W118/><G118/><T93/><D126/><U17/><E111/><V79/><F79/><W65/><G65/><T123/><D123/><U38/><E17/><V4/><F15/><W95/><G6/><AGARI ba="3,1" hai="4,5,6,14,16,22,60,63,84,91,94" m="59655" machi="6" ten="30,2900,0" yaku="8,1,54,1" doraHai="69" who="2" fromWho="3" sc="233,0,213,0,272,48,272,-38" /><INIT seed="2,4,0,3,2,112" ten="233,213,320,234" oya="2" hai0="60,55,70,52,117,82,9,14,29,127,131,6,40" hai1="28,18,58,94,61,92,16,68,106,111,99,63,23" hai2="0,69,4,119,102,87,123,73,51,8,25,109,135" hai3="19,32,129,80,65,132,116,22,83,126,50,85,33"/><V66/><F119/><W134/><G129/><T62/><D131/><U101/><E111/><V7/><F123/><W108/><G108/><T57/><D40/><U27/><E106/><V89/><F109/><W67/><G116/><T124/><D29/><U90/><E68/><V118/><F118/><W20/><G126/><T86/><D117/><U115/><E115/><V103/><F73/><W3/><G3/><T45/><D45/><U125/><E125/><V133/><F7/><W12/><G50/><T64/><REACH who="0" step="1"/><D55/><REACH who="0" ten="223,213,320,234" step="2"/><U24/><E28/><V36/><F36/><W97/><G134/><N who="2" m="51209" /><F69/><W72/><G132/><T113/><D113/><U37/><E37/><V43/><F66/><W104/><G67/><T39/><D39/><U10/><E58/><V38/><F38/><W120/><G65/><T11/><D11/><U54/><E54/><V59/><F25/><W46/><G120/><T96/><D96/><U71/><E71/><V17/><F17/><W49/><G97/><T121/><D121/><U110/><E110/><V44/><F59/><W107/><G46/><T31/><D31/><U105/><E10/><V5/><F5/><W47/><G47/><T75/><D75/><U26/><E26/><V53/><F43/><W21/><G72/><T100/><D100/><U1/><E27/><V13/><F0/><W130/><G130/><T95/><D95/><AGARI ba="4,1" hai="4,8,13,44,51,53,87,89,95,102,103" m="51209" machi="95" ten="30,1500,0" yaku="20,1" doraHai="112" who="2" fromWho="0" sc="223,-27,213,0,320,37,234,0" /><INIT seed="2,5,0,4,4,75" ten="196,213,357,234" oya="2" hai0="29,57,5,123,2,125,103,1,127,94,115,107,14" hai1="53,92,111,113,26,51,108,23,87,24,58,95,39" hai2="20,109,86,102,11,18,129,76,62,35,104,63,21" hai3="17,70,6,112,134,48,9,74,46,85,110,16,90"/><V73/><F35/><W49/><G74/><T27/><D107/><U7/><E39/><V31/><F73/><W89/><G70/><T12/><D103/><U68/><E68/><V15/><F129/><W122/><G122/><T96/><D96/><U101/><E113/><V4/><F109/><N who="1" m="42057" /><E7/><V133/><F133/><W71/><G71/><T82/><D94/><U0/><E0/><N who="0" m="105" /><D57/><U83/><E101/><V93/><F104/><W124/><G110/><T69/><D69/><U84/><E84/><V54/><F31/><W47/><G134/><T13/><D115/><U114/><E26/><N who="2" m="14615" /><F21/><W130/><G112/><T97/><D97/><U78/><E114/><V100/><F54/><W8/><G130/><T121/><D82/><U34/><E34/><V91/><F100/><W126/><G85/><T105/><D105/><U36/><E36/><V67/><F102/><W41/><G6/><T3/><N who="0" m="113" /><T72/><DORA hai="59" /><D72/><U116/><E116/><V88/><F91/><W66/><G41/><T120/><D5/><U60/><E51/><V99/><F67/><AGARI ba="5,0" hai="8,9,16,17,46,47,48,49,66,67,89,90,124,126" machi="67" ten="25,3200,0" yaku="22,2,54,1" doraHai="75,59" who="3" fromWho="2" sc="196,0,213,0,357,-47,234,47" /><INIT seed="3,0,0,0,2,25" ten="196,213,310,281" oya="3" hai0="89,9,79,65,84,8,44,111,135,71,60,85,87" hai1="68,33,96,62,120,113,126,104,77,53,67,15,35" hai2="19,49,2,81,4,127,37,110,116,98,73,47,24" hai3="118,28,45,117,0,112,100,91,41,132,6,82,119"/><W133/><G112/><T107/><D107/><U90/><E120/><V124/><F116/><W130/><G130/><T16/><D135/><N who="3" m="51785" /><G100/><T48/><D111/><U103/><E113/><V38/><F110/><W57/><G57/><T86/><D79/><U51/><E126/><N who="2" m="48171" /><F98/><W31/><G82/><T14/><D8/><U64/><E64/><V36/><F2/><W78/><G78/><T134/><D134/><U129/><E129/><V17/><F4/><W21/><G21/><T63/><D63/><U29/><E77/><N who="2" m="44207" /><F24/><W105/><G105/><T93/><REACH who="0" step="1"/><D85/><REACH who="0" ten="186,213,310,281" step="2"/><U12/><E62/><V20/><F20/><W43/><G119/><T13/><D13/><U99/><E104/><V23/><F23/><W102/><G118/><T69/><D69/><U46/><E15/><V131/><F131/><W50/><G117/><T56/><D56/><U54/><E12/><V94/><F94/><W34/><G0/><T55/><AGARI ba="0,1" hai="9,14,16,44,48,55,60,65,71,84,86,87,89,93" machi="55" ten="20,5200,0" yaku="1,1,0,1,7,1,54,1,53,0" doraHai="25" doraHaiUra="75" who="0" fromWho="0" sc="186,62,213,-13,310,-13,281,-26" /><INIT seed="4,0,0,5,5,82" ten="248,200,297,255" oya="0" hai0="69,36,11,15,53,12,2,85,10,128,41,81,47" hai1="55,116,104,107,75,101,94,57,22,99,18,21,29" hai2="30,50,52,109,130,92,105,117,27,80,88,5,54" hai3="66,51,63,28,95,114,134,91,39,26,40,19,61"/><T0/><D69/><U34/><E75/><V93/><F105/><W7/><G114/><T111/><D111/><U25/><E116/><V56/><F109/><W49/><G7/><T14/><D128/><U71/><E71/><V73/><F73/><W121/><G134/><T86/><D53/><U125/><E125/><V89/><F130/><W112/><G112/><T96/><D96/><U48/><REACH who="1" step="1"/><E22/><REACH who="1" ten="248,190,297,255" step="2"/><N who="2" m="15735" /><F117/><W20/><G121/><T32/><D32/><U133/><E133/><V72/><F72/><W43/><G20/><T67/><D67/><U4/><E4/><V60/><F5/><W129/><G66/><T90/><REACH who="0" step="1"/><D86/><REACH who="0" ten="238,190,297,255" step="2"/><U35/><E35/><V118/><F118/><W3/><G129/><T84/><D84/><U45/><E45/><N who="2" m="27727" /><F80/><W64/><G64/><T122/><D122/><U113/><E113/><V31/><F31/><W124/><G28/><T9/><AGARI ba="0,2" hai="0,2,9,10,11,12,14,15,36,41,47,81,85,90" machi="9" ten="30,11700,0" yaku="1,1,0,1,52,1,53,1" doraHai="82" doraHaiUra="68" who="0" fromWho="0" sc="238,137,190,-39,297,-39,255,-39" owari="375,47.0,151,-35.0,258,6.0,216,-18.0" /></mjloggm>