<mjloggm ver="2.3"><GO type="41" lobby="0"/><UN n0="%E3%82%A2%E3%83%8B%E3%82%AD" n1="%E3%82%84%E3%81%A1%E3%81%8F%E3%82%93" n2="%E3%82%A6%E3%83%AB%E3%83%88%E3%83%A9%E7%AB%8B%E7%9B%B4" n3="%E3%83%90%E3%83%B3%E3%83%86%E3%83%AA%E3%83%B3" dan="14,14,16,15" rate="1864.72,1885.95,2037.67,1987.85" sx="M,M,M,M"/><TAIKYOKU oya="0"/><INIT seed="0,0,0,1,4,96" ten="250,250,250,250" oya="0" hai0="60,90,130,4,61,93,68,36,108,128,57,65,67" hai1="132,118,102,46,5,33,21,15,120,19,50,12,76" hai2="73,43,104,84,59,131,100,37,25,45,115,28,106" hai3="125,27,39,24,18,124,2,63,75,52,58,83,55"/><T44/><D4/><U34/><E120/><V89/><F73/><W95/><G39/><T69/><D108/><U129/><E118/><V87/><F115/><W113/><G113/><T91/><D93/><U35/><E129/><N who="0" m="49769" /><D91/><U110/><E110/><V99/><F131/><W80/><G2/><T71/><D90/><U49/><E132/><V62/><F89/><W32/><G95/><T101/><D101/><U38/><E76/><V79/><F79/><W111/><G111/><T122/><D122/><U53/><E38/><V6/><F6/><W70/><G70/><N who="0" m="42279" /><D36/><U47/><E102/><V119/><F119/><W20/><G75/><T72/><D72/><U29/><E5/><V48/><F37/><W85/><G32/><T14/><D14/><U117/><E15/><V13/><F13/><W94/><G94/><T78/><D78/><U81/><E81/><V54/><REACH who="2" step="1"/><F106/><REACH who="2" ten="250,250,240,250" step="2"/><W11/><G27/><T127/><D44/><U112/><E112/><V10/><F10/><W22/><G11/><T82/><D82/><U74/><E74/><V1/><F1/><W88/><G83/><T30/><D30/><U105/><E105/><V16/><F16/><W114/><G18/><T103/><D103/><U23/><E117/><V3/><F3/><W123/><G24/><T56/><D71/><U135/><E29/><V9/><F9/><W92/><G80/><T8/><D8/><U17/><E12/><V107/><F107/><W26/><G26/><T133/><D69/><U121/><E121/><V40/><F40/><W0/><G123/><T86/><D68/><U51/><E19/><RYUUKYOKU ba="0,1" sc="250,-10,250,-10,240,30,250,-10" hai2="25,28,43,45,48,54,59,62,84,87,99,100,104" /><INIT seed="1,1,1,1,2,112" ten="240,240,270,240" oya="1" hai0="20,103,60,111,36,62,88,132,5,27,84,119,12" hai1="123,51,94,102,32,95,96,90,49,9,50,127,54" hai2="40,91,0,25,13,125,18,30,59,37,92,120,98" hai3="43,71,124,45,65,64,97,57,93,55,115,83,38"/><U7/><E127/><V16/><F0/><W116/><G115/><T68/><D36/><U106/><E123/><V75/><F75/><W19/><G124/><T35/><D35/><U130/><E130/><V129/><F120/><W61/><G83/><T89/><D103/><U33/><E106/><V63/><F125/><W78/><G78/><T17/><D132/><U58/><E32/><V48/><F37/><W113/><G113/><T117/><D111/><U81/><E81/><V14/><F129/><W133/><G133/><T24/><D60/><U100/><E33/><V121/><F121/><W126/><G126/><T99/><D99/><U56/><E58/><V70/><F70/><W69/><G69/><T131/><D89/><U73/><E73/><V4/><F30/><W28/><G28/><T42/><D42/><U66/><E66/><V46/><F4/><W34/><G34/><T6/><D131/><U108/><E108/><V77/><F77/><W135/><G135/><T15/><D15/><N who="1" m="5567" /><E95/><V122/><F122/><W80/><G80/><T31/><D27/><U67/><E67/><V82/><F82/><W79/><G79/><T134/><D134/><U128/><E128/><V3/><F3/><W110/><G110/><T21/><D62/><AGARI ba="1,1" hai="49,50,51,54,56,62,90,94,96,100,102" m="5567" machi="62" ten="30,1500,0" yaku="8,1" doraHai="112" who="1" fromWho="0" sc="240,-18,240,28,270,0,240,0" /><INIT seed="1,2,0,0,3,125" ten="222,268,270,240" oya="1" hai0="32,28,51,11,59,90,17,80,7,2,65,98,39" hai1="71,122,99,105,57,37,62,14,93,15,41,48,3" hai2="96,27,13,52,73,91,29,76,128,95,58,35,115" hai3="78,50,12,44,47,89,100,135,69,9,38,25,70"/><U119/><E105/><V5/><F115/><W55/><G100/><T106/><D39/><U79/><E3/><V126/><F126/><W114/><G114/><T49/><D32/><U6/><E79/><V74/><F76/><W104/><G104/><T53/><D28/><U113/><E113/><V63/><REACH who="2" step="1"/><F128/><REACH who="2" ten="222,268,260,240" step="2"/><W36/><G78/><T0/><D106/><U103/><E122/><V134/><F134/><W30/><G135/><T109/><D109/><U127/><E127/><V88/><F88/><W64/><G89/><T66/><D90/><U18/><E119/><V16/><F16/><W111/><G111/><T24/><D17/><U43/><E18/><V110/><F110/><W33/><G30/><T132/><D132/><U67/><E6/><V75/><F75/><W23/><G38/><T87/><D7/><U46/><E37/><V60/><F60/><W20/><G36/><T68/><D98/><U123/><E123/><V40/><F40/><W45/><G50/><T8/><D49/><U86/><E43/><V84/><F84/><W108/><G108/><T118/><D118/><U117/><E117/><V107/><F107/><W34/><G25/><T101/><D24/><U42/><E86/><V31/><F31/><W19/><G19/><T4/><D4/><U131/><E131/><V10/><AGARI ba="2,1" hai="5,10,13,27,29,35,52,58,63,73,74,91,95,96" machi="10" ten="30,4000,0" yaku="1,1,0,1,54,1,53,0" doraHai="125" doraHaiUra="83" who="2" fromWho="2" sc="222,-12,268,-22,260,56,240,-12" /><INIT seed="2,0,0,4,3,85" ten="210,246,316,228" oya="2" hai0="114,61,77,113,118,15,97,45,74,69,65,62,57" hai1="68,2,55,7,60,28,134,122,39,127,6,100,37" hai2="111,73,115,84,31,123,47,52,121,94,32,33,54" hai3="19,25,124,1,120,130,119,63,87,27,13,67,5"/><V16/><F73/><W64/><G120/><T109/><D118/><U12/><E2/><V0/><F0/><W8/><G119/><T108/><D97/><U23/><E122/><V129/><F115/><W92/><G130/><T82/><D15/><U86/><E68/><V78/><F123/><W9/><G124/><T133/><D133/><U104/><E127/><V96/><F121/><W40/><G40/><T20/><D20/><U18/><E134/><V10/><F129/><W89/><REACH who="3" step="1"/><G67/><REACH who="3" ten="210,246,316,218" step="2"/><T17/><D114/><U34/><E37/><V91/><F111/><W126/><G126/><T35/><D113/><U48/><E39/><V95/><F54/><W131/><G131/><T75/><D109/><U29/><E55/><V99/><F52/><W80/><G80/><T90/><D82/><U22/><E48/><V101/><F47/><W93/><G93/><T83/><D45/><U71/><E60/><V132/><F132/><W50/><G50/><T79/><D108/><U4/><E104/><V43/><F43/><W26/><G26/><T49/><D49/><U106/><E106/><V66/><F66/><W21/><G21/><T105/><D105/><U70/><E23/><V53/><F53/><W112/><G112/><T30/><D62/><U14/><E34/><V98/><F32/><W41/><G41/><T51/><D35/><U88/><E14/><V125/><F125/><W11/><G11/><T42/><D65/><U56/><E12/><V58/><F33/><W128/><G128/><T102/><D42/><U72/><E22/><V44/><F10/><W38/><G38/><RYUUKYOKU ba="0,1" sc="210,-10,246,-10,316,-10,218,30" hai3="1,5,8,9,13,19,25,27,63,64,87,89,92" /><INIT seed="3,1,1,5,4,63" ten="200,236,306,248" oya="3" hai0="40,54,83,31,24,11,28,51,39,33,21,53,115" hai1="130,119,99,123,114,64,35,116,57,68,92,37,93" hai2="120,104,48,69,87,22,88,95,105,19,38,91,127" hai3="133,26,43,62,3,81,55,131,76,25,112,90,46"/><W42/><G112/><T4/><D115/><U60/><E114/><V121/><F38/><W6/><G133/><T129/><D129/><U106/><E130/><V27/><F69/><W16/><G131/><T49/><D39/><U18/><E123/><V52/><F127/><W126/><G126/><T75/><D40/><U0/><E37/><V59/><REACH who="2" step="1"/><F91/><REACH who="2" ten="200,236,296,248" step="2"/><W70/><G90/><T86/><D75/><U17/><E116/><V113/><F113/><W41/><G76/><T10/><D33/><U125/><E35/><V132/><F132/><W23/><G81/><T45/><D4/><U111/><E119/><V32/><F32/><W109/><G6/><T5/><D5/><U82/><E125/><V2/><F2/><W12/><G3/><T50/><D31/><U44/><E0/><V13/><F13/><W1/><G1/><T61/><D61/><U77/><E68/><V67/><F67/><W8/><G109/><T84/><D51/><U73/><E111/><V107/><AGARI ba="1,2" hai="19,22,27,48,52,59,87,88,95,104,105,107,120,121" machi="107" ten="40,8000,1" yaku="1,1,0,1,54,2,53,0" doraHai="63" doraHaiUra="79" who="2" fromWho="2" sc="200,-21,236,-21,296,103,248,-41" /><INIT seed="4,0,0,2,4,67" ten="179,215,399,207" oya="0" hai0="108,107,28,64,15,21,63,118,4,27,79,9,73" hai1="95,17,41,49,86,111,106,127,60,1,89,90,124" hai2="82,91,11,83,44,105,57,35,10,70,98,40,37" hai3="126,7,135,3,42,71,26,20,114,54,46,45,92"/><T131/><D118/><U104/><E1/><V132/><F35/><W78/><G114/><T52/><D107/><U69/><E111/><V32/><F32/><W62/><G135/><T8/><D108/><U53/><E41/><V123/><F123/><W48/><G126/><N who="1" m="48170" /><E17/><V31/><F31/><W34/><G34/><T101/><D131/><U134/><E134/><V87/><F132/><W80/><G92/><T19/><D101/><U84/><E60/><V51/><F83/><W85/><G7/><T97/><D97/><U36/><E36/><V100/><F10/><W122/><G3/><T119/><D119/><U13/><E13/><V77/><F11/><W65/><G122/><T59/><D73/><U117/><E117/><V74/><F57/><W116/><G116/><T5/><D79/><U68/><E106/><V72/><F51/><W16/><REACH who="3" step="1"/><G42/><REACH who="3" ten="179,215,399,197" step="2"/><T30/><REACH who="0" step="1"/><D64/><REACH who="0" ten="169,215,399,197" step="2"/><U76/><E104/><V61/><F77/><W109/><G109/><T120/><D120/><U29/><E76/><V39/><F105/><W2/><G2/><AGARI ba="0,2" hai="2,4,5,8,9,15,19,21,27,28,30,52,59,63" machi="2" ten="30,12000,1" yaku="1,1,7,1,54,1,53,2" doraHai="67" doraHaiUra="6" who="0" fromWho="3" sc="169,140,215,0,399,0,197,-120" /><INIT seed="4,1,0,0,1,29" ten="309,215,399,77" oya="0" hai0="63,56,122,32,2,87,127,57,14,101,59,49,10" hai1="99,3,12,70,113,108,115,17,62,90,33,123,80" hai2="114,30,134,81,132,54,45,40,1,50,82,25,119" hai3="112,94,43,109,86,85,60,107,61,126,125,121,41"/><T5/><D32/><U52/><E108/><V102/><F1/><W35/><G109/><T26/><D122/><U64/><E123/><V55/><F102/><W23/><G121/><T0/><D127/><N who="3" m="48649" /><G107/><T84/><D26/><U76/><E3/><V111/><F111/><W95/><G23/><T51/><D101/><U18/><E33/><V104/><F104/><W88/><G35/><T78/><D0/><U16/><E90/><V8/><F8/><W65/><G112/><N who="1" m="43082" /><E99/><V34/><F114/><W106/><G106/><T53/><D2/><U69/><E70/><V110/><F110/><W117/><G117/><T131/><D131/><U97/><E97/><V135/><F119/><W100/><G100/><T27/><D27/><U68/><E68/><V7/><F7/><W24/><G24/><T66/><D78/><U58/><E69/><V71/><F71/><N who="3" m="42407" /><G61/><T93/><D93/><U116/><E116/><V38/><F81/><W72/><G72/><T105/><D105/><U37/><E37/><V128/><F128/><W13/><G13/><T15/><REACH who="0" step="1"/><D14/><REACH who="0" ten="299,215,399,77" step="2"/><U39/><E39/><V22/><F38/><W130/><G130/><T124/><D124/><U20/><E64/><V4/><F34/><W19/><G94/><T118/><D118/><U9/><E20/><V48/><F22/><W47/><G95/><T83/><D83/><U6/><E6/><V11/><F25/><W120/><G120/><T28/><D28/><U46/><E46/><N who="2" m="27927" /><F30/><W129/><G129/><T44/><D44/><U42/><E42/><N who="3" m="15882" /><G47/><T36/><D36/><U98/><E98/><V21/><F45/><RYUUKYOKU ba="1,1" sc="299,15,215,15,399,-15,77,-15" hai0="5,10,15,49,51,53,56,57,59,63,66,84,87" hai1="9,12,16,17,18,52,58,62,76,80" /><INIT seed="4,2,1,4,3,4" ten="314,230,384,62" oya="0" hai0="55,22,109,28,56,82,79,78,44,15,48,102,119" hai1="32,95,90,134,38,67,33,135,133,41,111,39,110" hai2="72,112,7,80,45,11,108,121,132,16,68,77,64" hai3="93,71,8,87,47,6,1,49,76,114,31,105,96"/><T129/><D119/><U86/><E67/><V70/><F121/><W84/><G71/><T103/><D129/><U118/><E118/><V24/><F108/><W9/><G105/><T30/><D109/><N who="1" m="41483" /><E41/><V106/><F106/><W23/><G114/><T69/><D69/><U2/><E2/><V29/><F112/><W125/><G125/><T131/><D131/><U20/><E20/><V122/><F122/><W40/><G76/><T85/><D78/><U63/><E63/><V126/><F126/><W43/><G43/><T91/><D30/><U62/><E62/><V18/><F132/><W27/><REACH who="3" step="1"/><G8/><REACH who="3" ten="314,230,384,52" step="2"/><T99/><D79/><U42/><E42/><V57/><F68/><W81/><G81/><T13/><D13/><U115/><E115/><V61/><F70/><W88/><AGARI ba="2,2" hai="1,6,9,23,27,31,40,47,49,84,87,88,93,96" machi="88" ten="20,8000,1" yaku="1,1,0,1,7,1,52,1,54,1,53,0" doraHai="4" doraHaiUra="128" who="3" fromWho="3" sc="314,-42,230,-22,384,-22,52,106" /><INIT seed="5,0,0,4,4,57" ten="272,208,362,158" oya="1" hai0="66,70,28,13,68,24,115,17,56,88,111,44,129" hai1="135,50,96,14,104,125,116,51,64,122,92,78,67" hai2="79,131,16,52,85,113,72,97,65,81,102,100,2" hai3="133,61,123,98,30,11,59,48,109,34,74,108,3"/><U21/><E122/><V8/><F131/><W73/><G123/><T20/><D129/><U91/><E116/><V25/><F113/><W55/><G133/><T46/><D115/><U134/><E135/><V42/><F100/><W71/><G74/><T4/><D111/><U77/><E134/><V9/><F2/><W124/><G73/><T31/><D70/><U107/><E125/><V10/><F72/><W60/><G98/><T63/><D68/><U126/><E126/><V103/><F42/><W105/><G105/><T112/><D112/><U45/><E104/><V40/><F40/><W36/><G36/><T93/><D4/><U76/><E107/><V7/><F65/><N who="1" m="25161" /><E45/><V37/><F37/><W27/><G124/><T49/><D49/><N who="1" m="18443" /><E21/><N who="2" m="13479" /><F7/><W121/><G121/><T101/><D101/><U26/><E14/><V0/><F0/><W1/><G71/><T39/><D39/><U94/><E92/><V69/><F69/><W114/><G114/><T86/><REACH who="0" step="1"/><D31/><REACH who="0" ten="262,208,362,158" step="2"/><U43/><E26/><V84/><F102/><W5/><REACH who="3" step="1"/><G1/><REACH who="3" ten="262,208,362,148" step="2"/><T90/><D90/><U110/><E110/><AGARI ba="0,2" hai="3,5,11,27,30,34,48,55,59,60,61,108,109,110" machi="110" ten="40,8000,1" yaku="1,1,2,1,52,2,53,1" doraHai="57" doraHaiUra="23" who="3" fromWho="1" sc="262,0,208,-80,362,0,148,100" /><INIT seed="6,0,0,0,1,7" ten="262,128,362,248" oya="2" hai0="15,96,120,4,55,91,112,80,5,43,104,64,90" hai1="88,10,44,108,0,14,36,30,12,133,134,42,102" hai2="9,125,33,62,6,97,56,111,63,38,46,47,18" hai3="106,99,109,49,16,58,20,78,24,26,37,135,34"/><V68/><F33/><W28/><G37/><T29/><D120/><U126/><E108/><V127/><F111/><W129/><G109/><T77/><D112/><U61/><E102/><V110/><F110/><W122/><G122/><T93/><D64/><U65/><E126/><V76/><F76/><W22/><G78/><T59/><D43/><U21/><E0/><V71/><F18/><W23/><G129/><T131/><D131/><U13/><E21/><V84/><F84/><W73/><G73/><T132/><D29/><U67/><E30/><V27/><F97/><W107/><G135/><N who="1" m="51722" /><E65/><V115/><F27/><W87/><G87/><N who="0" m="48527" /><D104/><U113/><E113/><V48/><F115/><W75/><G75/><T117/><D117/><U45/><E45/><V60/><F46/><W98/><G106/><T116/><D116/><U101/><E101/><V121/><F121/><W70/><G70/><T100/><D132/><U54/><E54/><V51/><F68/><W124/><G124/><N who="2" m="47689" /><F71/><W35/><G35/><T85/><D91/><U82/><E61/><V89/><F89/><W31/><G107/><T123/><D123/><U32/><E67/><V17/><F62/><W25/><G34/><T50/><D15/><U52/><E32/><V74/><F74/><W69/><G69/><T53/><D100/><U103/><E103/><V83/><F63/><W128/><G128/><T11/><D55/><AGARI ba="0,0" hai="16,20,22,23,24,25,26,28,31,49,55,58,98,99" machi="55" ten="40,5200,0" yaku="9,1,8,1,54,1" doraHai="7" who="3" fromWho="0" sc="262,-52,128,0,362,0,248,52" /><INIT seed="7,0,0,2,5,41" ten="210,128,362,300" oya="3" hai0="42,79,72,15,76,118,131,51,86,7,17,77,59" hai1="2,70,120,110,49,87,122,98,12,94,81,16,124" hai2="61,13,14,30,108,84,80,63,88,4,5,121,21" hai3="71,99,47,53,89,127,104,93,6,96,29,11,129"/><W105/><G71/><T22/><D118/><U103/><E70/><V38/><F38/><W20/><G129/><T126/><D131/><U130/><E124/><V58/><F121/><W95/><G127/><T46/><D126/><U52/><E130/><V28/><F108/><W133/><G133/><T40/><D72/><U117/><E110/><V39/><F39/><W106/><G20/><T115/><D115/><U25/><E2/><V92/><F61/><W125/><G29/><N who="2" m="11369" /><F92/><W32/><G32/><T85/><D7/><N who="2" m="2634" /><F21/><W19/><G19/><T50/><REACH who="0" step="1"/><D59/><REACH who="0" ten="200,128,362,300" step="2"/><U135/><E117/><V134/><F134/><W67/><G125/><T109/><D109/><U33/><E135/><V65/><AGARI ba="0,1" hai="13,14,58,63,65,80,84,88" m="2634,11369" machi="65" ten="30,2000,0" yaku="8,1,54,1" doraHai="41" who="2" fromWho="2" sc="200,-5,128,-5,362,30,300,-10" owari="195,-20.0,123,-38.0,392,49.0,290,9.0" /></mjloggm>