<mjloggm ver="2.3"><GO type="41" lobby="0"/><UN n0="%E3%82%A6%E3%83%AB%E3%83%88%E3%83%A9%E7%AB%8B%E7%9B%B4" n1="%62%61%6B%61%74%69%2D" n2="%6B%61%74%75" n3="%64%61%75" dan="16,13,14,13" rate="2062.71,1853.51,1877.93,1877.64" sx="M,M,F,M"/><TAIKYOKU oya="0"/><INIT seed="0,0,0,4,3,99" ten="250,250,250,250" oya="0" hai0="72,97,75,76,60,69,32,20,83,18,57,81,123" hai1="59,133,134,0,128,9,95,38,48,135,22,14,58" hai2="77,109,106,107,53,96,33,118,41,62,26,21,84" hai3="98,116,39,117,13,43,70,112,47,49,2,126,11"/><T45/><D32/><U111/><E38/><V12/><F109/><W40/><G112/><T36/><D69/><U119/><E119/><V129/><F118/><W68/><G2/><T6/><D123/><U92/><E0/><V1/><F1/><W5/><G116/><T120/><D120/><U100/><E111/><V4/><F33/><W42/><G126/><T55/><D6/><U121/><E121/><V104/><F41/><W61/><G117/><T102/><D45/><U105/><E105/><V63/><F129/><W29/><G29/><T37/><D81/><U10/><E22/><V46/><F96/><W23/><G23/><T88/><D88/><U80/><E80/><V30/><F4/><W79/><G68/><T24/><REACH who="0" step="1"/><D75/><REACH who="0" ten="240,250,250,250" step="2"/><U94/><E128/><V127/><F127/><W67/><G79/><T71/><D71/><U28/><E28/><V115/><F115/><W130/><G130/><T66/><D66/><U82/><E82/><V54/><F54/><W85/><G85/><T31/><D31/><U110/><E110/><V3/><F3/><W65/><G65/><T86/><D86/><U103/><E134/><V87/><F87/><W64/><G64/><T90/><D90/><U124/><E124/><V16/><F16/><W27/><G98/><T44/><D44/><U34/><E34/><V51/><F51/><W125/><G125/><T35/><D35/><U91/><E135/><V89/><F89/><W132/><G132/><T50/><D50/><U25/><E133/><V78/><F78/><W73/><G73/><T52/><D52/><U101/><E91/><RYUUKYOKU ba="0,1" sc="240,30,250,-10,250,-10,250,-10" hai0="18,20,24,36,37,55,57,60,72,76,83,97,102" /><INIT seed="0,1,1,1,4,2" ten="270,240,240,240" oya="0" hai0="4,46,83,129,0,26,120,12,14,60,52,104,109" hai1="18,28,54,1,75,105,102,29,49,8,5,126,41" hai2="90,40,21,89,100,72,36,65,133,31,22,50,134" hai3="15,78,39,17,38,7,67,76,64,68,119,125,97"/><T106/><D120/><U35/><E126/><V84/><F50/><W114/><G15/><T51/><D129/><U9/><E75/><V87/><F40/><W3/><G125/><T77/><D109/><U108/><E108/><V43/><F43/><W71/><G3/><T130/><D130/><U34/><E105/><V53/><F53/><W85/><G17/><T24/><D0/><U112/><E102/><V55/><F55/><W123/><G85/><N who="2" m="32841" /><F65/><W121/><G97/><T103/><D60/><U116/><E116/><V96/><F72/><W128/><G128/><T81/><D104/><U63/><E112/><V115/><F115/><W13/><G13/><T70/><D70/><U33/><E63/><V62/><F62/><W101/><G101/><T92/><D106/><U19/><E41/><V57/><F57/><W80/><G80/><N who="0" m="30795" /><D14/><N who="1" m="7495" /><E54/><V23/><F31/><N who="1" m="11849" /><E49/><V59/><F59/><W111/><G111/><T10/><D77/><U131/><E131/><V61/><F61/><W113/><G119/><T45/><D45/><U93/><E93/><V107/><F107/><W122/><G121/><T118/><D118/><U94/><E94/><V58/><F58/><W82/><G82/><T30/><D30/><U86/><E86/><V135/><F135/><W79/><G76/><T48/><D48/><U124/><E124/><V99/><F36/><W56/><G56/><T91/><D103/><U88/><E88/><N who="2" m="33899" /><F100/><W127/><G127/><T44/><D44/><U27/><E19/><V37/><F37/><W74/><G74/><T20/><D20/><U117/><E117/><V32/><F32/><RYUUKYOKU ba="1,1" sc="270,0,240,0,240,0,240,0" hai0="4,10,12,24,26,46,51,52,91,92" hai1="1,5,9,27,33,34,35" hai2="21,22,23,96,99,133,134" hai3="7,38,39,64,67,68,71,78,79,113,114,122,123" /><INIT seed="0,2,1,4,2,16" ten="270,240,240,240" oya="0" hai0="111,49,25,40,20,52,50,126,119,64,113,73,125" hai1="36,58,99,28,115,13,24,108,72,45,57,122,48" hai2="51,69,118,61,17,133,10,68,96,94,75,134,87" hai3="124,89,97,63,105,47,60,91,110,18,37,4,1"/><T12/><D111/><U59/><E122/><V56/><F87/><W90/><G110/><T84/><D73/><U117/><E117/><V86/><F86/><W8/><G124/><T15/><D119/><U6/><E72/><V100/><F94/><W80/><G105/><T129/><D113/><U3/><E3/><V66/><F96/><W41/><G97/><T31/><D129/><U19/><E115/><V11/><F100/><W65/><G65/><T29/><D64/><U32/><E108/><V26/><F75/><W35/><G35/><T14/><D84/><U42/><E6/><V33/><F118/><W127/><G127/><N who="0" m="48651" /><D40/><U67/><E99/><V76/><F76/><W21/><REACH who="3" step="1"/><G80/><REACH who="3" ten="270,240,240,230" step="2"/><T55/><D31/><U39/><REACH who="1" step="1"/><E67/><REACH who="1" ten="270,230,240,230" step="2"/><V104/><F66/><W2/><G2/><T109/><D109/><U107/><E107/><V123/><F104/><W132/><G132/><T30/><D30/><U54/><E54/><AGARI ba="2,3" hai="12,14,15,20,25,29,49,50,52,54,55" m="48651" machi="54" ten="30,5800,0" yaku="18,1,52,1,54,1" doraHai="16" who="0" fromWho="1" sc="270,94,230,-64,240,0,230,0" /><INIT seed="0,3,0,3,4,36" ten="364,166,240,230" oya="0" hai0="90,24,87,91,98,127,102,33,100,57,3,37,82" hai1="0,55,85,107,99,76,2,125,67,16,6,50,32" hai2="65,79,73,111,12,129,95,58,108,49,63,13,134" hai3="78,64,34,113,39,11,105,133,112,119,81,26,103"/><T42/><D3/><U83/><E32/><V115/><F13/><W74/><G133/><T9/><D127/><U30/><E125/><V96/><F12/><W17/><G119/><T114/><D114/><U109/><E109/><V18/><F18/><W106/><G17/><T130/><D130/><U128/><E128/><V60/><F79/><W41/><G112/><T53/><D9/><U97/><E30/><V14/><F14/><W43/><G113/><T35/><D100/><U118/><E118/><V20/><F20/><W21/><G21/><T75/><D75/><U47/><E67/><V101/><F73/><W89/><G89/><T25/><D91/><U56/><E6/><V135/><F115/><W93/><G93/><T8/><D8/><U104/><E104/><V116/><F129/><W71/><G11/><T69/><D69/><U23/><E2/><V38/><F38/><W19/><G39/><T48/><D35/><U117/><E0/><V123/><F123/><W110/><G19/><T88/><D90/><U77/><E117/><V94/><F116/><W31/><G106/><T40/><D37/><U84/><E107/><V80/><F80/><W52/><G52/><T92/><D33/><U5/><E5/><V70/><F135/><W44/><G44/><T7/><D7/><U132/><E132/><V46/><F134/><W29/><G110/><N who="2" m="42025" /><F101/><W62/><G29/><T61/><D61/><U54/><E77/><V124/><F124/><W4/><G4/><T120/><D120/><U22/><E85/><V86/><F86/><W59/><G59/><T122/><D122/><RYUUKYOKU ba="3,0" sc="364,15,166,-15,240,-15,230,15" hai0="24,25,40,42,48,53,57,82,87,88,92,98,102" hai3="26,31,34,41,43,62,64,71,74,78,81,103,105" /><INIT seed="0,4,0,1,1,76" ten="379,151,225,245" oya="0" hai0="47,88,128,21,78,38,2,77,116,44,103,20,117" hai1="33,122,10,16,54,134,69,67,19,109,80,7,35" hai2="0,30,13,127,114,126,123,111,42,82,83,95,92" hai3="131,14,52,74,101,15,36,96,49,46,81,97,108"/><T8/><D103/><U110/><E122/><V129/><F13/><W3/><G131/><T73/><D128/><U94/><E134/><V41/><F30/><W6/><G108/><N who="1" m="41578" /><E94/><V27/><F111/><W113/><G113/><T22/><D88/><U24/><E67/><V68/><F129/><W18/><G97/><T124/><D124/><U66/><E66/><V53/><F53/><W89/><G36/><T25/><D25/><U32/><E54/><V64/><F64/><W70/><G14/><T71/><D71/><U37/><E37/><V23/><F23/><W61/><G6/><T11/><D38/><U48/><E48/><V4/><F4/><W102/><G3/><T39/><D39/><U112/><E80/><V130/><F130/><W26/><G26/><T50/><D50/><U75/><E75/><V93/><F27/><W125/><G101/><T17/><D73/><U120/><E120/><V51/><F51/><W133/><G133/><T9/><D2/><N who="1" m="375" /><E69/><V118/><F0/><W62/><G70/><T34/><D17/><N who="1" m="6731" /><E24/><V107/><F68/><W65/><G65/><T79/><D44/><U135/><E135/><V29/><F123/><W56/><G46/><T100/><D47/><U60/><E60/><V84/><F42/><W119/><G102/><T115/><D100/><U43/><E43/><V5/><F41/><W57/><G74/><T104/><D104/><U132/><E132/><V99/><F107/><W28/><G62/><T72/><D72/><U45/><E45/><V58/><F58/><W98/><G49/><T55/><D55/><U87/><E87/><RYUUKYOKU ba="4,0" sc="379,-10,151,30,225,-10,245,-10" hai1="32,33,35,112" /><INIT seed="1,5,0,5,0,100" ten="369,181,215,235" oya="1" hai0="65,68,49,90,31,59,47,97,58,101,82,63,125" hai1="131,113,129,39,27,128,2,9,13,120,8,77,53" hai2="23,95,109,105,42,83,7,54,94,130,0,20,133" hai3="124,86,30,51,40,93,104,88,116,29,16,46,52"/><U3/><E120/><V72/><F95/><W66/><G124/><T44/><D125/><U32/><E39/><V81/><F94/><W43/><G116/><T102/><D102/><U87/><E53/><V28/><F83/><W64/><G104/><T35/><D47/><U22/><E113/><V75/><F81/><W55/><G55/><T48/><D48/><U10/><E87/><V5/><F54/><W91/><G43/><T62/><D62/><U96/><E96/><V121/><F42/><W15/><G91/><T18/><D90/><U73/><E73/><V99/><F99/><W135/><G135/><T107/><D82/><U123/><E123/><V127/><F121/><W115/><G115/><T114/><D114/><U89/><E89/><V84/><F127/><W41/><G41/><T36/><D36/><U19/><E77/><V134/><F84/><W103/><G103/><T85/><D85/><U1/><REACH who="1" step="1"/><E32/><REACH who="1" ten="369,171,215,235" step="2"/><V122/><F122/><W6/><G40/><T26/><D49/><U12/><AGARI ba="5,1" hai="1,2,3,8,9,10,12,13,19,22,27,128,129,131" machi="12" ten="50,24000,3" yaku="1,1,2,1,0,1,29,2,19,1,34,3,53,0" doraHai="100" doraHaiUra="67" who="1" fromWho="1" sc="369,-85,171,265,215,-85,235,-85" /><INIT seed="1,6,0,4,0,118" ten="284,436,130,150" oya="1" hai0="84,41,74,88,76,40,119,64,115,12,32,90,46" hai1="114,92,6,67,106,78,61,110,7,58,44,28,72" hai2="66,39,52,87,86,26,107,96,75,36,122,24,69" hai3="23,19,55,127,51,42,121,116,133,35,59,98,18"/><U25/><E114/><V104/><F96/><W91/><G116/><T57/><D119/><U79/><E106/><V128/><F66/><W131/><G35/><T33/><D41/><U10/><E110/><V48/><F48/><W94/><G19/><T13/><D115/><U135/><E135/><V3/><F52/><W14/><G133/><T109/><D109/><U45/><E72/><V95/><F95/><W93/><G127/><T99/><D76/><U85/><E79/><V70/><F69/><W63/><G131/><T134/><D74/><U17/><E17/><V2/><F70/><W20/><G121/><T34/><D134/><U125/><E125/><V1/><F2/><W62/><G42/><T38/><D99/><U65/><E65/><V5/><F75/><W124/><G124/><T31/><D31/><U54/><E7/><V22/><F22/><W68/><G23/><T80/><REACH who="0" step="1"/><D90/><REACH who="0" ten="274,436,130,150" step="2"/><N who="1" m="53327" /><E78/><V102/><F102/><W126/><G126/><T82/><D82/><U50/><E44/><V123/><REACH who="2" step="1"/><F5/><REACH who="2" ten="274,436,120,150" step="2"/><W89/><REACH who="3" step="1"/><G68/><REACH who="3" ten="274,436,120,140" step="2"/><T60/><AGARI ba="6,3" hai="12,13,32,33,34,38,40,46,57,60,64,80,84,88" machi="60" ten="40,8000,1" yaku="1,1,0,1,54,1,53,1" doraHai="118" doraHaiUra="53" who="0" fromWho="0" sc="274,128,436,-46,120,-26,140,-26" /><INIT seed="2,0,0,4,0,114" ten="402,390,94,114" oya="2" hai0="130,31,106,71,95,35,60,39,98,119,74,24,99" hai1="53,5,82,41,14,127,25,89,63,70,122,62,21" hai2="61,85,124,6,10,52,38,13,87,105,49,86,50" hai3="117,48,54,76,59,128,47,7,51,123,110,78,100"/><V131/><F105/><W17/><G117/><T118/><D74/><U30/><E122/><V73/><F73/><W56/><G123/><T101/><D39/><U83/><E127/><V36/><F124/><W84/><G128/><T126/><D130/><U75/><E75/><V26/><F131/><W81/><G110/><T120/><D120/><U65/><E41/><V40/><F26/><W102/><G76/><T107/><D126/><U16/><E5/><V96/><F96/><W134/><G134/><T34/><D34/><U55/><E89/><V112/><F112/><W66/><G66/><N who="0" m="41415" /><D95/><U0/><E0/><V43/><F38/><W2/><G56/><T3/><D3/><U93/><E93/><V79/><F79/><W129/><G129/><T111/><D111/><U115/><E115/><V28/><F28/><W125/><G125/><T12/><D12/><U46/><E55/><V97/><F97/><W57/><G59/><T68/><D68/><U80/><E53/><V69/><F36/><W22/><G51/><N who="2" m="19465" /><F69/><W67/><G2/><T1/><D1/><U92/><E92/><V103/><F103/><AGARI ba="0,0" hai="24,31,35,98,99,101,103,106,107,118,119" m="41415" machi="103" ten="30,7700,0" yaku="25,1,23,1,52,2" doraHai="114" who="0" fromWho="2" sc="402,77,390,0,94,-77,114,0" /><INIT seed="3,0,0,1,0,97" ten="479,390,17,114" oya="3" hai0="117,69,124,109,127,12,119,101,31,87,79,111,34" hai1="38,134,8,43,21,75,121,122,40,25,14,73,30" hai2="91,55,11,19,36,13,106,51,128,81,125,132,114" hai3="23,99,53,110,104,126,1,20,50,98,84,102,86"/><W44/><G1/><T93/><D69/><U35/><E134/><V108/><F36/><W15/><G110/><T133/><D31/><U41/><E38/><V49/><F108/><N who="0" m="41546" /><D34/><U32/><E14/><V71/><F71/><W57/><G126/><T47/><D47/><U115/><E8/><V70/><F70/><W39/><G39/><T89/><D12/><U6/><E6/><V112/><F125/><N who="0" m="48202" /><D133/><U10/><E10/><V100/><F132/><W68/><G68/><T94/><D79/><U118/><E118/><V78/><F128/><W7/><G7/><T5/><D5/><U85/><E85/><V72/><F91/><W90/><G86/><T27/><D27/><U37/><E37/><V135/><F135/><W2/><G98/><AGARI ba="0,0" hai="87,89,93,94,98,101,117,119" m="48202,41546" machi="98" ten="30,8000,1" yaku="14,1,18,1,34,2,52,1" doraHai="97" who="0" fromWho="3" sc="479,80,390,0,17,0,114,-80" /><INIT seed="4,0,0,1,1,133" ten="559,390,17,34" oya="0" hai0="63,8,110,128,48,6,71,41,18,56,135,77,21" hai1="117,34,97,7,35,118,67,22,93,43,53,80,31" hai2="101,51,13,45,112,58,54,15,9,90,20,88,107" hai3="121,89,40,91,124,78,44,52,46,28,123,113,96"/><T65/><D110/><U2/><E43/><V127/><F127/><W29/><G78/><T111/><D111/><U50/><E67/><V47/><F112/><W86/><G113/><T25/><D135/><U64/><E64/><V73/><F73/><W85/><G40/><T38/><D128/><U106/><E106/><V3/><F101/><W19/><G96/><T66/><D77/><U120/><E120/><V27/><F107/><W130/><G130/><T4/><D66/><U11/><E80/><V132/><F132/><W14/><G19/><T105/><D105/><U62/><E62/><V82/><F3/><W102/><G102/><T74/><D74/><U103/><E117/><V122/><F122/><W75/><G14/><N who="2" m="5129" /><F9/><W24/><G24/><T95/><D95/><U36/><E36/><V129/><F129/><W79/><G79/><T81/><D81/><U68/><E68/><V5/><F5/><W104/><G104/><T39/><D39/><U100/><E118/><V10/><F10/><W83/><G83/><T23/><D8/><U84/><E84/><N who="2" m="50199" /><F90/><W134/><G75/><T116/><D116/><U59/><REACH who="1" step="1"/><E103/><REACH who="1" ten="559,380,17,34" step="2"/><V30/><AGARI ba="0,1" hai="20,27,30,45,47,51,54,58" m="50199,5129" machi="30" ten="30,2000,0" yaku="8,1,54,1" doraHai="133" who="2" fromWho="2" sc="559,-10,380,-5,17,30,34,-5" /><INIT seed="5,0,0,2,4,29" ten="549,375,47,29" oya="1" hai0="111,103,7,56,49,128,44,72,112,113,62,132,76" hai1="31,85,19,0,102,74,18,87,81,94,130,109,65" hai2="13,40,79,135,86,5,43,26,41,126,22,123,35" hai3="54,110,38,34,89,64,124,17,45,84,104,73,4"/><U70/><E74/><V63/><F123/><W122/><G110/><T16/><D111/><U25/><E109/><V57/><F126/><W28/><G122/><T21/><D7/><U11/><E130/><V6/><F135/><W127/><G73/><T30/><D30/><U105/><E94/><V52/><F35/><W48/><G104/><T90/><D76/><U50/><E50/><V53/><F53/><W101/><G101/><T117/><D103/><U37/><E37/><V97/><F97/><W121/><G121/><T77/><D77/><U10/><E0/><V46/><F13/><W115/><G115/><T12/><D72/><U58/><E58/><V60/><F63/><W133/><G4/><T59/><D117/><U114/><E114/><N who="0" m="44137" /><D132/><U106/><E102/><V67/><F67/><W15/><G64/><T78/><D78/><U118/><E65/><V134/><F46/><W88/><G89/><T108/><D108/><U100/><E100/><V93/><F134/><W47/><G133/><T120/><D120/><U96/><E96/><V119/><F119/><W131/><G131/><T3/><D3/><U125/><E125/><V66/><F66/><W51/><G38/><T33/><D128/><U83/><E31/><N who="2" m="17879" /><F93/><N who="3" m="54407" /><G124/><T75/><D75/><U99/><E99/><V71/><F71/><W8/><G127/><T1/><D1/><U42/><E118/><V39/><F39/><W91/><G91/><T80/><D62/><U24/><E42/><N who="2" m="10755" /><V68/><DORA hai="129" /><F68/><AGARI ba="0,0" hai="10,11,18,19,24,25,68,70,81,83,85,87,105,106" machi="68" ten="25,2400,0" yaku="22,2" doraHai="29,129" who="1" fromWho="2" sc="549,0,375,24,47,-24,29,0" /><INIT seed="5,1,0,4,0,81" ten="549,399,23,29" oya="1" hai0="132,50,31,109,24,33,111,45,130,44,122,115,51" hai1="86,84,40,4,114,92,2,126,20,87,41,1,47" hai2="88,17,18,99,10,38,59,71,39,58,16,14,3" hai3="53,6,77,25,56,73,104,95,68,93,120,129,79"/><U124/><E114/><V29/><F71/><W66/><G104/><T30/><D115/><U134/><E134/><V63/><F3/><N who="1" m="1033" /><E4/><V118/><F118/><W43/><G6/><T110/><D132/><U125/><E20/><V105/><F29/><W22/><G68/><T100/><D122/><U108/><E108/><V117/><F117/><W64/><G22/><T21/><D21/><U55/><E55/><V67/><F59/><W90/><G56/><T42/><D31/><U74/><E74/><V15/><F15/><W83/><G73/><T116/><D116/><U11/><E11/><V65/><F65/><W37/><G53/><T69/><D69/><U103/><E103/><V78/><F78/><W75/><G75/><T48/><D100/><U72/><E72/><V96/><F105/><W112/><G112/><T131/><REACH who="0" step="1"/><D45/><REACH who="0" ten="539,399,23,29" step="2"/><U133/><E133/><V62/><F62/><W107/><G120/><T57/><D57/><U101/><E101/><V32/><F32/><W8/><G8/><T98/><D98/><U9/><E9/><V52/><F99/><W97/><G97/><T123/><D123/><U85/><E47/><V12/><F96/><W113/><G113/><T60/><D60/><U119/><E119/><V34/><F63/><W28/><G28/><T128/><AGARI ba="1,1" hai="24,30,33,42,44,48,50,51,109,110,111,128,130,131" machi="128" ten="40,8000,1" yaku="1,1,0,1,19,1,53,1" doraHai="81" doraHaiUra="36" who="0" fromWho="0" sc="539,93,399,-41,23,-21,29,-21" /><INIT seed="6,0,0,3,2,13" ten="632,358,2,8" oya="2" hai0="16,96,1,76,0,102,51,97,112,62,3,21,101" hai1="121,10,61,99,30,94,113,77,72,47,90,81,86" hai2="41,119,12,31,8,115,22,33,93,109,104,28,69" hai3="53,85,123,64,18,134,88,106,14,36,50,7,118"/><V27/><F69/><W103/><G123/><T40/><D76/><U67/><E121/><V79/><F104/><W56/><G118/><T35/><D35/><U127/><E113/><V135/><F79/><W89/><G134/><T108/><D108/><U20/><E127/><V66/><F41/><W52/><G36/><T59/><D112/><U57/><E47/><V37/><F66/><W91/><G7/><T24/><D51/><U73/><E10/><V26/><F37/><W58/><G64/><T84/><D84/><U55/><E67/><V19/><F93/><W42/><G103/><T92/><D40/><U78/><E78/><V132/><F115/><W9/><G106/><T110/><D110/><U71/><E71/><V82/><F82/><W128/><G128/><T125/><D125/><U39/><E39/><V126/><F109/><W44/><G42/><T15/><D15/><U60/><E60/><V111/><F111/><W63/><G56/><T46/><D46/><U133/><E133/><N who="2" m="51275" /><F126/><W54/><G53/><T2/><D2/><U105/><E105/><V80/><F80/><AGARI ba="0,0" hai="9,14,18,44,50,52,54,58,63,80,85,88,89,91" machi="80" ten="30,12000,2" yaku="7,1,25,2,8,1,52,1,54,2" doraHai="13" who="3" fromWho="2" sc="632,0,358,0,2,-120,8,120" owari="632,73.0,358,16.0,-118,-62.0,128,-27.0" /></mjloggm>