<mjloggm ver="2.3"><GO type="97" lobby="0"/><UN n0="%E3%82%A6%E3%83%AB%E3%83%88%E3%83%A9%E7%AB%8B%E7%9B%B4" n1="%E3%82%8A%E3%81%8D%E3%81%96%E3%81%84%E3%82%8B%E2%98%86" n2="%E3%83%AC%E3%82%A6%E3%82%AB%E3%83%B3%E3%82%B5" n3="%41%78%69%73" dan="14,16,14,14" rate="1929.08,2041.42,1935.92,1929.07" sx="M,F,M,M"/><TAIKYOKU oya="0"/><INIT seed="0,0,0,2,0,73" ten="250,250,250,250" oya="0" hai0="54,120,41,18,82,14,72,35,108,95,87,97,43" hai1="61,131,13,66,44,58,119,107,9,3,78,21,86" hai2="90,71,1,101,81,80,123,65,6,0,109,77,88" hai3="110,114,127,94,59,75,67,49,125,135,15,38,76"/><T17/><D120/><U100/><E119/><V37/><F123/><W121/><G121/><T96/><D108/><U46/><E131/><V31/><F109/><W130/><G110/><T7/><D35/><U36/><E3/><V92/><F37/><W57/><G38/><T24/><D72/><U47/><E36/><V133/><F133/><W8/><G114/><T5/><D24/><U12/><E107/><V55/><F31/><W62/><G94/><T128/><D128/><U74/><E100/><V32/><F32/><W30/><G30/><T105/><D54/><U69/><E74/><V52/><F71/><W117/><G117/><T113/><D105/><U118/><E118/><V10/><F65/><W111/><G111/><T124/><D124/><N who="3" m="47689" /><G130/><T33/><D33/><U132/><E132/><V26/><F26/><W25/><G25/><T83/><D113/><U116/><E116/><V63/><F1/><W40/><G135/><T48/><D48/><U50/><E69/><V11/><F11/><W103/><G103/><T22/><D95/><U42/><E21/><V112/><F63/><W134/><G134/><T129/><D129/><U23/><E23/><V122/><F122/><W60/><G49/><T19/><D22/><U16/><E12/><V2/><F112/><W27/><G27/><T104/><D104/><U34/><E34/><V126/><F0/><W56/><G40/><N who="0" m="15435" /><D14/><U102/><E102/><V115/><F101/><W28/><G28/><T51/><D51/><U98/><E98/><N who="0" m="37993" /><D83/><AGARI ba="0,0" hai="9,13,16,42,44,46,47,50,58,61,66,78,83,86" machi="83" ten="40,5200,0" yaku="8,1,52,1,54,1" doraHai="73" who="1" fromWho="0" sc="250,-52,250,52,250,0,250,0" /><INIT seed="1,0,0,3,1,11" ten="198,302,250,250" oya="1" hai0="90,44,12,16,17,38,103,23,134,85,111,47,33" hai1="117,31,105,116,100,107,131,130,42,64,112,104,89" hai2="50,114,8,5,118,69,2,57,24,58,1,21,4" hai3="120,81,41,25,59,13,71,53,54,66,98,65,26"/><U30/><E64/><V56/><F69/><W51/><G120/><T7/><D33/><U9/><E42/><V75/><F118/><N who="1" m="45673" /><E9/><V18/><F114/><W36/><G54/><T29/><D111/><U55/><E55/><V108/><F75/><W74/><G98/><T126/><D126/><U135/><E112/><V113/><F113/><W60/><G66/><T20/><D134/><U52/><E52/><V67/><F108/><W63/><G60/><T72/><D72/><U83/><E135/><V27/><F67/><W124/><G124/><T37/><D103/><U22/><E22/><V45/><F5/><W34/><G34/><T109/><D109/><U123/><E123/><V14/><REACH who="2" step="1"/><F1/><REACH who="2" ten="198,302,240,250" step="2"/><W82/><G74/><T68/><D68/><U86/><E130/><V121/><F121/><W92/><G92/><T91/><D7/><U77/><E131/><V49/><F49/><W132/><G82/><T40/><D29/><U106/><E30/><V94/><F94/><W96/><G81/><T125/><D125/><U61/><E31/><V10/><F10/><W99/><G132/><T78/><D38/><U32/><E61/><V3/><F3/><W48/><G51/><T97/><D37/><U129/><E129/><V19/><F19/><W119/><G119/><T43/><D17/><U102/><E104/><V73/><F73/><W76/><G36/><T28/><D16/><U79/><E105/><V15/><F15/><W0/><G13/><T6/><D12/><U35/><E106/><V88/><F88/><W84/><G71/><T127/><D90/><U128/><E107/><RYUUKYOKU ba="0,1" sc="198,-10,302,-10,240,30,250,-10" hai2="2,4,8,14,18,21,24,27,45,50,56,57,58" /><INIT seed="2,1,1,3,2,68" ten="188,292,270,240" oya="2" hai0="58,120,103,86,61,18,78,26,14,94,13,72,9" hai1="111,64,108,23,85,59,25,20,50,105,5,130,121" hai2="44,63,91,28,112,34,79,21,114,98,71,38,129" hai3="24,2,125,3,65,62,84,4,55,89,69,16,87"/><V128/><F34/><W88/><G125/><T6/><D120/><U41/><E105/><V100/><F79/><W54/><G4/><T82/><D26/><U102/><E130/><N who="2" m="50283" /><F91/><W135/><G135/><T8/><D72/><U75/><E102/><V22/><F28/><W70/><G24/><T47/><D47/><U81/><E75/><V31/><F31/><W90/><G89/><T15/><D15/><U118/><E118/><V45/><F44/><W93/><G62/><T11/><D11/><U122/><E121/><V133/><F133/><W99/><G99/><T43/><D43/><U37/><E122/><V117/><F117/><W48/><G65/><T123/><D123/><U56/><E111/><V131/><N who="2" m="50291" /><V101/><DORA hai="110" /><F101/><W10/><G10/><T12/><D12/><U124/><E108/><V113/><F63/><W92/><G48/><T83/><D78/><U27/><E50/><V36/><F45/><W33/><G33/><T30/><D30/><U74/><E74/><V76/><F76/><W32/><G32/><T116/><D116/><U77/><E124/><V97/><F71/><W0/><G2/><T107/><D107/><U80/><E77/><V109/><F109/><W46/><REACH who="3" step="1"/><G46/><REACH who="3" ten="188,292,270,230" step="2"/><T126/><D126/><U1/><E1/><V104/><F98/><W57/><G57/><T127/><D127/><U7/><E59/><V19/><F19/><AGARI ba="1,2" hai="0,3,16,19,54,55,69,70,84,87,88,90,92,93" machi="19" ten="25,8000,1" yaku="1,1,22,2,54,2,53,0" doraHai="68,110" doraHaiUra="96,29" who="3" fromWho="2" sc="188,0,292,0,270,-83,230,103" /><INIT seed="3,0,0,3,3,92" ten="188,292,187,333" oya="3" hai0="99,113,126,53,1,20,129,97,67,61,41,52,104" hai1="32,105,79,26,9,18,38,58,55,48,83,56,44" hai2="37,91,108,133,115,3,98,12,68,95,82,10,107" hai3="71,2,24,66,77,65,80,124,14,57,123,109,96"/><W122/><G2/><T15/><D1/><U81/><E105/><V36/><F3/><W132/><G71/><T34/><D34/><U11/><E32/><V86/><F68/><W134/><G24/><T45/><D99/><U64/><E38/><V72/><F115/><W88/><G14/><T75/><D75/><U17/><E64/><V89/><F133/><N who="3" m="51307" /><G124/><T120/><D126/><U4/><E81/><V76/><F108/><W0/><G0/><T112/><D129/><U29/><E29/><V51/><F51/><W94/><G109/><T131/><D131/><U21/><E18/><V119/><F119/><W63/><G65/><T60/><D120/><U42/><E4/><V23/><F23/><W127/><G127/><T117/><D20/><U90/><E90/><V135/><F135/><W28/><G28/><T46/><D15/><U78/><E58/><V30/><F30/><W54/><G66/><T85/><D117/><U84/><E79/><V47/><F47/><W106/><G106/><T19/><D67/><U39/><REACH who="1" step="1"/><E39/><REACH who="1" ten="188,282,187,333" step="2"/><V7/><REACH who="2" step="1"/><F89/><REACH who="2" ten="188,282,177,333" step="2"/><W22/><G123/><T103/><D113/><U100/><E100/><AGARI ba="0,2" hai="7,10,12,36,37,72,76,82,86,91,95,98,100,107" machi="100" ten="40,8000,1" yaku="1,1,2,1,24,2,52,1,53,0" doraHai="92" doraHaiUra="62" who="2" fromWho="1" sc="188,0,282,-80,177,100,333,0" owari="188,-31.0,202,-20.0,277,8.0,333,43.0" /></mjloggm>