<mjloggm ver="2.3"><GO type="97" lobby="0"/><UN n0="%E3%82%A6%E3%83%AB%E3%83%88%E3%83%A9%E7%AB%8B%E7%9B%B4" n1="%62%7A%68%67" n2="%52%41%44%49%41%4E%43%45" n3="%67%61%6B%75%63%68%6F" dan="15,13,16,13" rate="1952.55,1843.60,2098.72,1889.93" sx="M,F,M,M"/><TAIKYOKU oya="0"/><INIT seed="0,0,0,0,3,39" ten="250,250,250,250" oya="0" hai0="60,1,42,43,86,109,119,97,56,65,88,66,128" hai1="74,15,100,30,124,130,98,34,29,40,4,37,85" hai2="31,127,24,32,27,118,104,9,3,114,77,46,129" hai3="106,102,81,92,121,108,80,26,99,90,134,18,131"/><T133/><D1/><U61/><E130/><V47/><F114/><W112/><G112/><T28/><D119/><U13/><E74/><V116/><F104/><W11/><G134/><T36/><D36/><U52/><E30/><V6/><F129/><W64/><G131/><T123/><D123/><U25/><E124/><V0/><F0/><W55/><G108/><T16/><D28/><U53/><E85/><V73/><F27/><W126/><G64/><N who="0" m="24683" /><D97/><U95/><E15/><V87/><F73/><W68/><G68/><T63/><D109/><U58/><E4/><V89/><F77/><W117/><G117/><N who="2" m="45161" /><F127/><W125/><G121/><T10/><D133/><U71/><E13/><V76/><F76/><W51/><G125/><T20/><D10/><U49/><E37/><V21/><F32/><W48/><G126/><T54/><D63/><U59/><REACH who="1" step="1"/><E71/><REACH who="1" ten="250,240,250,250" step="2"/><V50/><F87/><W91/><G26/><N who="0" m="14599" /><D128/><U132/><E132/><V17/><F24/><W113/><G113/><T38/><D38/><U82/><E82/><AGARI ba="0,1" hai="42,43,54,56,60,82,86,88" m="14599,24683" machi="82" ten="30,12000,1" yaku="8,1,52,2,54,2" doraHai="39" who="0" fromWho="1" sc="250,130,240,-120,250,0,250,0" /><INIT seed="0,1,0,1,1,53" ten="380,120,250,250" oya="0" hai0="16,97,24,114,61,112,18,9,6,25,12,109,84" hai1="126,21,130,103,116,36,68,15,95,128,50,90,5" hai2="44,124,65,101,72,82,41,2,122,51,83,7,92" hai3="28,17,23,119,117,64,56,107,100,85,62,70,75"/><T38/><D38/><U134/><E68/><V63/><F122/><W91/><G75/><T33/><D97/><U47/><E36/><V31/><F72/><W30/><G107/><T39/><D84/><U3/><E116/><V0/><F124/><W89/><G100/><T121/><D61/><U79/><E3/><V69/><F2/><W26/><G70/><T123/><D39/><U78/><E126/><V22/><F7/><W102/><G102/><T111/><D6/><U74/><E103/><V45/><F45/><W1/><G1/><T54/><D54/><U73/><E134/><V37/><F37/><W104/><G104/><T115/><D18/><U99/><E73/><V87/><F0/><W29/><REACH who="3" step="1"/><G85/><REACH who="3" ten="380,120,250,240" step="2"/><T55/><D123/><U11/><E74/><V10/><F87/><W77/><G77/><T108/><D121/><U52/><REACH who="1" step="1"/><E21/><REACH who="1" ten="380,110,250,240" step="2"/><V34/><F22/><W98/><G98/><T8/><D112/><U49/><E49/><V86/><F101/><W71/><G71/><T46/><D114/><U118/><E118/><AGARI ba="1,2" hai="17,23,26,28,29,30,56,62,64,89,91,117,118,119" machi="118" ten="40,5200,0" yaku="1,1,52,1,53,1" doraHai="53" doraHaiUra="14" who="3" fromWho="1" sc="380,0,110,-55,250,0,240,75" /><INIT seed="1,0,0,2,2,101" ten="380,55,250,315" oya="1" hai0="132,36,27,122,45,96,16,61,104,134,69,51,3" hai1="107,95,135,72,33,77,133,2,88,56,99,28,39" hai2="26,85,47,59,42,60,121,0,65,62,7,117,4" hai3="37,58,8,52,32,73,24,49,29,115,119,128,71"/><U9/><E39/><V114/><F121/><W1/><G115/><T112/><D3/><U123/><E33/><V46/><F117/><W23/><G37/><T79/><D79/><U89/><E28/><V21/><F114/><W127/><G71/><T106/><D36/><U34/><E34/><V44/><F0/><W68/><G68/><T50/><D96/><U105/><E2/><V120/><F120/><W102/><G119/><T130/><D112/><U67/><E123/><V22/><F42/><W6/><G73/><T116/><D116/><U30/><E30/><V11/><F11/><W100/><G127/><T80/><D80/><N who="1" m="45095" /><E9/><V63/><F85/><W18/><G128/><T91/><D130/><U113/><E113/><V83/><F83/><W70/><G70/><T54/><D122/><U131/><E131/><V81/><F81/><W82/><G82/><T31/><D51/><U109/><E109/><V74/><F74/><W76/><REACH who="3" step="1"/><G76/><REACH who="3" ten="380,55,250,305" step="2"/><T53/><D69/><U90/><E67/><V35/><F65/><W38/><G38/><T126/><D126/><U92/><E56/><V5/><F59/><W129/><G129/><T57/><D57/><U94/><E99/><V93/><F47/><W14/><AGARI ba="0,1" hai="1,6,8,14,18,23,24,29,32,49,52,58,100,102" machi="14" ten="20,12000,2" yaku="1,1,0,1,7,1,24,2,54,1,53,0" doraHai="101" doraHaiUra="64" who="3" fromWho="3" sc="380,-30,55,-60,250,-30,305,130" owari="350,15.0,-5,-51.0,220,-18.0,435,54.0" /></mjloggm>