<mjloggm ver="2.3"><GO type="97" lobby="0"/><UN n0="%64%65%76%69%6C" n1="%E3%82%A6%E3%83%AB%E3%83%88%E3%83%A9%E7%AB%8B%E7%9B%B4" n2="%4D%49%4B%41%63%68%61%6E" n3="%70%69%2D%72%6F%2D%73%69" dan="13,15,14,14" rate="1830.35,1988.91,1891.16,1853.64" sx="M,M,F,M"/><TAIKYOKU oya="0"/><INIT seed="0,0,0,1,5,60" ten="250,250,250,250" oya="0" hai0="22,90,85,115,99,83,56,72,106,76,59,9,15" hai1="55,30,28,26,87,134,1,37,32,45,21,34,65" hai2="4,133,61,66,96,51,13,69,124,43,25,108,49" hai3="91,31,127,92,98,63,74,113,79,111,41,128,57"/><T5/><D115/><U135/><E87/><V12/><F108/><W93/><G111/><T58/><D22/><U114/><E55/><V101/><F124/><W36/><G128/><T89/><D106/><U35/><E45/><V102/><F133/><N who="1" m="50697" /><E37/><V68/><F4/><W103/><G31/><N who="1" m="11818" /><E65/><V70/><F25/><W3/><G3/><T16/><D72/><U122/><E122/><V86/><F86/><W78/><G127/><T129/><D129/><U39/><E39/><V77/><F77/><W118/><G113/><T54/><D99/><U82/><E82/><V100/><F43/><W47/><G74/><T48/><D5/><U8/><E114/><V64/><F61/><W19/><G79/><T80/><D76/><U52/><E52/><V23/><F23/><W42/><G78/><T119/><D119/><U2/><E8/><V27/><F27/><W14/><G118/><T107/><D107/><U38/><E38/><V29/><F29/><AGARI ba="0,0" hai="1,2,21,26,29,32,34,35" m="11818,50697" machi="29" ten="40,5200,0" yaku="20,1,34,2" doraHai="60" who="1" fromWho="2" sc="250,0,250,52,250,-52,250,0" /><INIT seed="1,0,0,5,4,108" ten="250,302,198,250" oya="1" hai0="71,110,7,106,35,56,79,86,127,124,129,70,116" hai1="36,69,25,10,73,96,104,19,34,74,123,50,83" hai2="77,49,59,14,102,133,107,53,4,46,117,112,88" hai3="41,40,126,30,89,113,130,18,37,109,45,119,135"/><U114/><E36/><V33/><F117/><W132/><G109/><T101/><D7/><U118/><E50/><V90/><F33/><W99/><G30/><T97/><D110/><U11/><E19/><V121/><F121/><W5/><G5/><T103/><D116/><U29/><E11/><V51/><F133/><N who="3" m="51275" /><G119/><T111/><D111/><U78/><E10/><V75/><F75/><W95/><G41/><T31/><D103/><N who="1" m="62567" /><E123/><V122/><F122/><W55/><G55/><T84/><D129/><U81/><E69/><V23/><F77/><W60/><G60/><T44/><D44/><U131/><E118/><V13/><F112/><W26/><G130/><T61/><D79/><N who="1" m="44271" /><E131/><V47/><F4/><W0/><G0/><T58/><D58/><U17/><E17/><N who="2" m="10671" /><F107/><W91/><G18/><T12/><D12/><U42/><E42/><N who="2" m="24791" /><F102/><W82/><G26/><T8/><D8/><U28/><E28/><V2/><F2/><W21/><G21/><T105/><D56/><U85/><E85/><V27/><F27/><W128/><G128/><T93/><D86/><U76/><E76/><V87/><F14/><W67/><G37/><T65/><D84/><U48/><E48/><N who="2" m="31143" /><F87/><W38/><G38/><T3/><D3/><U16/><E16/><V15/><F15/><W64/><G99/><T62/><D31/><U68/><E68/><V134/><F134/><W100/><G40/><AGARI ba="0,0" hai="40,47,51,88,90" m="31143,24791,10671" machi="40" ten="30,2000,0" yaku="8,1,54,1" doraHai="108" who="2" fromWho="3" sc="250,0,302,0,198,20,250,-20" /><INIT seed="2,0,0,1,3,14" ten="250,302,218,230" oya="2" hai0="75,76,18,30,2,59,29,98,78,108,93,66,110" hai1="4,6,25,113,105,21,19,36,84,92,41,124,86" hai2="115,55,45,22,82,1,32,8,111,5,46,120,109" hai3="31,133,47,23,7,57,94,81,134,119,40,83,100"/><V68/><F68/><W122/><G122/><T42/><D2/><U101/><E105/><V116/><F120/><W69/><G69/><T73/><D42/><U80/><E36/><V51/><F116/><W70/><G70/><T49/><D49/><U99/><E124/><V114/><F32/><W62/><G7/><T87/><D87/><U27/><E41/><V67/><F67/><W97/><G119/><T126/><D126/><U10/><E113/><V96/><F96/><W131/><G131/><T125/><D125/><U38/><E38/><V104/><F104/><W65/><G134/><T121/><D121/><U103/><E103/><V3/><F3/><W20/><G133/><T61/><D75/><U60/><E60/><V58/><F82/><W90/><G90/><T56/><D73/><U130/><E130/><V95/><F95/><W16/><G23/><T26/><D93/><U107/><E107/><V17/><F115/><W48/><G31/><T127/><D98/><U15/><E84/><V106/><F106/><W112/><G112/><T28/><D127/><U85/><E85/><V72/><F72/><W64/><G65/><T79/><REACH who="0" step="1"/><D59/><REACH who="0" ten="240,302,218,230" step="2"/><U11/><E86/><V132/><F114/><W135/><G135/><T91/><D91/><U35/><E92/><V63/><F132/><W123/><G123/><T39/><D39/><U0/><E99/><V102/><F51/><W52/><REACH who="3" step="1"/><G40/><REACH who="3" ten="240,302,218,220" step="2"/><T37/><D37/><U117/><E117/><V118/><F118/><W71/><G71/><T33/><D33/><U13/><E35/><V44/><F102/><W34/><G34/><RYUUKYOKU ba="0,2" sc="240,10,302,-30,218,10,220,10" hai0="18,26,28,29,30,56,61,66,76,78,79,108,110" hai2="1,5,8,17,22,44,45,46,55,58,63,109,111" hai3="16,20,47,48,52,57,62,64,81,83,94,97,100" /><INIT seed="2,1,2,3,2,95" ten="250,272,228,230" oya="2" hai0="88,84,124,78,70,38,122,51,115,61,48,96,42" hai1="81,104,125,23,18,107,32,26,55,58,103,13,116" hai2="36,86,127,65,14,119,16,3,131,25,60,56,117" hai3="33,31,128,5,6,0,72,111,106,41,28,87,62"/><V53/><F3/><W54/><G72/><T47/><D115/><U2/><E116/><V100/><F36/><W79/><G41/><T52/><D122/><U109/><E2/><V90/><F127/><W30/><G106/><T73/><D73/><U105/><E109/><V114/><F114/><W83/><G111/><T77/><D124/><U75/><E125/><V10/><F131/><W49/><G128/><T135/><D135/><U92/><E32/><V59/><F100/><W89/><G33/><T99/><D77/><U74/><E81/><N who="2" m="49487" /><F119/><W121/><G0/><T40/><D78/><U44/><E44/><V63/><F117/><W120/><G62/><T132/><D132/><U21/><E75/><V29/><F29/><W129/><G129/><T123/><D123/><U39/><E39/><V130/><F130/><W67/><G67/><N who="0" m="41327" /><D48/><U19/><E74/><V8/><F25/><W76/><G121/><T46/><D42/><U97/><E105/><V4/><F4/><N who="3" m="1643" /><G120/><T43/><D40/><U17/><E17/><V22/><AGARI ba="1,2" hai="8,10,14,16,22,53,56,59,60,63,65" m="49487" machi="22" ten="30,3000,0" yaku="8,1,54,1" doraHai="95" who="2" fromWho="2" sc="250,-11,272,-11,228,53,230,-11" /><INIT seed="2,2,0,3,2,2" ten="239,261,281,219" oya="2" hai0="123,110,47,54,9,14,89,28,124,12,33,55,5" hai1="1,43,126,103,84,17,119,67,35,45,127,115,18" hai2="34,51,72,80,56,32,77,118,135,40,100,130,19" hai3="42,116,41,122,75,79,59,120,132,87,134,91,109"/><V65/><F118/><W8/><G116/><T101/><D123/><U38/><E115/><V66/><F100/><W44/><G109/><T13/><D101/><U102/><E35/><V25/><F135/><N who="3" m="51755" /><G59/><T94/><D110/><U82/><E67/><V125/><F125/><W113/><G113/><T121/><D124/><N who="1" m="47659" /><E1/><V15/><F130/><W61/><G61/><T107/><D121/><N who="3" m="46697" /><G44/><T93/><D107/><U16/><E119/><V63/><F25/><W88/><G8/><T131/><D131/><U104/><E104/><V26/><F26/><W36/><G36/><T62/><D28/><U22/><E22/><V128/><F128/><W117/><G117/><T58/><D33/><U29/><E29/><V108/><F108/><W92/><G91/><AGARI ba="2,0" hai="16,17,18,38,43,45,82,84,91,102,103" m="47659" machi="91" ten="30,2000,0" yaku="18,1,54,1" doraHai="2" who="1" fromWho="3" sc="239,0,261,26,281,0,219,-26" /><INIT seed="3,0,0,1,4,35" ten="239,287,281,193" oya="3" hai0="90,50,65,117,113,124,4,15,66,52,118,82,12" hai1="88,115,44,94,30,5,64,96,72,28,25,91,7" hai2="135,26,3,9,16,78,31,48,110,68,107,45,6" hai3="27,11,71,120,61,100,101,29,80,132,92,134,133"/><W85/><G120/><T112/><D124/><U76/><E72/><V73/><F68/><W127/><G127/><T99/><D99/><U19/><E76/><V62/><F107/><W108/><G92/><T36/><D36/><U46/><E64/><N who="0" m="24681" /><D82/><U39/><E39/><V37/><F62/><W0/><G71/><T10/><D90/><U20/><E91/><V95/><F110/><W81/><G61/><T54/><D50/><U22/><E115/><N who="0" m="44105" /><D15/><N who="1" m="9343" /><E30/><V87/><F135/><W13/><G108/><T102/><D102/><N who="3" m="39529" /><G85/><T24/><D24/><U17/><E28/><V121/><F121/><W23/><G13/><T47/><D47/><AGARI ba="0,0" hai="5,7,17,22,25,44,46,47,88,94,96" m="9343" machi="47" ten="30,2000,0" yaku="8,1,54,1" doraHai="35" who="1" fromWho="0" sc="239,-20,287,20,281,0,193,0" owari="219,-18.0,307,41.0,281,8.0,193,-31.0" /></mjloggm>