<mjloggm ver="2.3"><GO type="97" lobby="0"/><UN n0="%E3%82%A6%E3%83%AB%E3%83%88%E3%83%A9%E7%AB%8B%E7%9B%B4" n1="%E3%83%91%E3%82%A4%E4%B9%99%E3%81%8B%E3%81%84%E3%81%A7%E3%83%BC" n2="%61%62%2D%61%62%2D%61%62" n3="%79%6F%73%75%6B%65%30%38" dan="15,13,14,15" rate="1993.42,1844.79,1885.95,1946.98" sx="M,M,M,M"/><TAIKYOKU oya="0"/><INIT seed="0,0,0,0,0,41" ten="250,250,250,250" oya="0" hai0="79,59,56,13,88,84,35,22,19,0,62,23,107" hai1="89,45,10,39,125,75,52,1,76,115,18,90,44" hai2="133,102,61,50,132,69,92,26,98,101,83,53,17" hai3="124,118,68,93,99,21,74,6,58,15,131,29,54"/><T65/><D35/><U48/><E125/><V14/><F26/><W110/><G118/><T31/><D0/><U47/><E115/><V36/><F36/><W135/><G68/><T86/><D107/><U63/><E63/><V66/><F83/><W42/><G74/><T37/><D37/><U70/><E70/><V114/><F114/><W129/><G124/><T108/><D108/><U73/><E39/><V7/><F7/><W49/><G42/><T77/><D84/><U85/><E90/><V25/><F25/><W71/><G71/><T11/><D56/><U33/><E33/><V57/><REACH who="2" step="1"/><F102/><REACH who="2" ten="250,250,240,250" step="2"/><W96/><G29/><T32/><D32/><U27/><E1/><V116/><F116/><W103/><G110/><T97/><D31/><U121/><E121/><V9/><AGARI ba="0,1" hai="9,14,17,50,53,57,61,66,69,92,98,101,132,133" machi="9" ten="30,2000,0" yaku="1,1,0,1,53,0" doraHai="41" doraHaiUra="28" who="2" fromWho="2" sc="250,-10,250,-5,240,30,250,-5" /><INIT seed="1,0,0,5,5,34" ten="240,245,270,245" oya="1" hai0="0,57,86,35,132,37,8,95,45,33,52,104,109" hai1="125,131,88,59,94,3,98,18,112,1,29,43,73" hai2="115,19,47,69,67,110,91,28,92,101,30,36,56" hai3="84,11,93,124,63,81,38,66,14,120,90,20,17"/><U105/><E73/><V135/><F115/><W97/><G124/><T16/><D104/><U89/><E112/><V2/><F135/><W85/><G120/><T70/><D70/><U53/><E125/><V119/><F69/><W58/><G38/><T48/><D132/><U27/><E131/><V99/><F119/><W127/><G127/><T123/><D123/><U54/><E43/><V72/><F110/><W55/><G66/><T15/><D109/><U49/><E18/><V75/><F75/><W41/><G41/><T39/><D39/><U24/><E105/><V116/><F116/><W62/><G62/><T87/><D37/><U60/><E27/><V65/><F72/><W22/><G85/><T107/><D107/><U106/><E106/><V100/><F36/><W7/><REACH who="3" step="1"/><G7/><REACH who="3" ten="240,245,270,235" step="2"/><T122/><D122/><U4/><E4/><V61/><F67/><W12/><G12/><T103/><D86/><U118/><E118/><V113/><F65/><W5/><G5/><T83/><D87/><U64/><E89/><AGARI ba="0,1" hai="11,14,17,20,22,55,58,63,81,84,89,90,93,97" machi="89" ten="30,3900,0" yaku="1,1,7,1,8,1,53,0" doraHai="34" doraHaiUra="40" who="3" fromWho="1" sc="240,0,245,-39,270,0,235,49" /><INIT seed="2,0,0,1,1,44" ten="240,206,270,284" oya="2" hai0="130,42,70,75,66,51,96,48,28,111,17,61,72" hai1="67,93,124,46,20,23,25,98,6,8,81,11,85" hai2="26,12,84,52,0,76,30,14,62,78,29,16,9" hai3="119,94,116,32,22,54,114,39,129,43,125,101,7"/><V103/><F103/><W90/><G32/><T59/><D75/><U106/><E124/><V47/><F0/><W80/><G125/><T41/><D72/><U83/><E106/><V110/><F110/><W34/><G34/><T37/><D111/><U4/><E67/><V104/><F104/><W40/><G7/><T131/><D28/><N who="2" m="10858" /><F26/><W120/><G120/><T121/><D121/><U133/><E133/><V108/><F108/><W69/><G69/><T49/><D96/><U87/><E46/><V68/><F68/><W65/><G65/><N who="0" m="41263" /><D17/><U112/><E112/><V13/><F84/><W5/><G5/><T64/><D37/><U92/><E25/><V21/><F13/><W91/><G80/><T134/><D66/><U15/><REACH who="1" step="1"/><E98/><REACH who="1" ten="240,196,270,284" step="2"/><V88/><F47/><W53/><G114/><T56/><D134/><U89/><E89/><V10/><F88/><W38/><G101/><T63/><D59/><U97/><E97/><V58/><F10/><W60/><G94/><T82/><D82/><U102/><E102/><V74/><F74/><W107/><G107/><T27/><D27/><U50/><E50/><V79/><F79/><W122/><G122/><T77/><D77/><U128/><E128/><AGARI ba="0,1" hai="41,42,48,49,51,56,63,64,128,130,131" m="41263" machi="128" ten="30,12000,2" yaku="19,1,34,2,52,3" doraHai="44" who="0" fromWho="1" sc="240,130,196,-120,270,0,284,0" /><INIT seed="3,0,0,5,3,94" ten="370,76,270,284" oya="3" hai0="13,25,122,57,11,97,4,98,51,102,29,63,6" hai1="0,79,95,54,77,134,109,31,128,32,105,71,83" hai2="24,96,89,74,48,90,67,135,10,112,12,9,23" hai3="93,106,41,65,133,126,108,26,45,3,117,43,75"/><W69/><G117/><T53/><D122/><U129/><E54/><V116/><F74/><W68/><G75/><T62/><D6/><U125/><E77/><V66/><F116/><W16/><G106/><T30/><D30/><U27/><E95/><N who="2" m="56431" /><F112/><W115/><G115/><T114/><D114/><U80/><E79/><V73/><F73/><W1/><G93/><T111/><D111/><U50/><E80/><V35/><F35/><W56/><G56/><T37/><D37/><U113/><E83/><V103/><F135/><W70/><G133/><T55/><D102/><U104/><E50/><V130/><F130/><W8/><G108/><T38/><D38/><U36/><E27/><V61/><F103/><W124/><G65/><N who="2" m="24585" /><F12/><N who="3" m="7175" /><G26/><T22/><D63/><U20/><E31/><N who="2" m="17823" /><F61/><W18/><G18/><T34/><D34/><U42/><E20/><V87/><F48/><N who="3" m="26671" /><G43/><T40/><D40/><U86/><E105/><V21/><F21/><W5/><G5/><T2/><D2/><U101/><E42/><V123/><F123/><W46/><G46/><AGARI ba="0,0" hai="4,11,13,22,25,29,46,51,53,55,57,62,97,98" machi="46" ten="30,7700,0" yaku="7,1,8,1,52,2" doraHai="94" who="0" fromWho="3" sc="370,77,76,0,270,0,284,-77" owari="447,54.0,76,-42.0,270,7.0,207,-19.0" /></mjloggm>