<mjloggm ver="2.3"><GO type="97" lobby="0"/><UN n0="%73%61%72%61%6B" n1="%E6%97%A5%E6%97%A5%E6%98%AF%E5%A5%BD%E6%97%A5" n2="%E3%82%A6%E3%83%AB%E3%83%88%E3%83%A9%E7%AB%8B%E7%9B%B4" n3="%79%75%64%61%69%2E" dan="15,15,15,13" rate="2026.98,1936.67,2010.21,1862.59" sx="M,M,M,M"/><TAIKYOKU oya="0"/><INIT seed="0,0,0,0,1,127" ten="250,250,250,250" oya="0" hai0="38,53,29,41,90,107,21,46,130,117,34,51,44" hai1="0,7,63,124,60,68,76,64,75,33,77,49,27" hai2="5,109,66,125,104,4,135,121,58,56,100,20,9" hai3="99,62,32,120,14,48,114,35,17,42,78,81,126"/><T22/><D117/><U23/><E124/><V59/><F100/><W82/><G120/><T92/><D107/><U94/><E33/><V52/><F104/><W113/><G126/><T102/><D102/><U115/><E75/><V122/><F125/><W18/><G99/><T61/><D61/><U6/><E115/><V95/><F95/><W91/><G62/><T67/><D67/><U45/><E63/><V74/><F74/><W43/><G91/><T103/><D103/><U83/><E94/><V57/><F66/><W85/><G48/><T110/><D110/><U86/><E0/><V87/><F87/><W13/><G85/><T133/><D133/><U54/><REACH who="1" step="1"/><E77/><AGARI ba="0,0" hai="13,14,17,18,32,35,42,43,77,78,81,82,113,114" machi="77" ten="25,1600,0" yaku="22,2" doraHai="127" who="3" fromWho="1" sc="250,0,250,-16,250,0,250,16" /><INIT seed="1,0,0,1,0,119" ten="250,234,250,266" oya="1" hai0="37,18,97,111,99,109,75,86,44,33,91,70,51" hai1="54,123,3,94,63,46,120,48,64,84,66,80,1" hai2="126,93,7,10,0,21,105,87,134,28,65,8,25" hai3="16,108,17,112,76,31,100,77,83,88,127,43,15"/><U122/><E94/><V82/><F105/><W53/><G112/><T73/><D37/><U32/><E32/><V113/><F113/><W56/><G127/><T117/><D117/><U131/><E131/><V45/><F126/><W118/><G118/><T62/><D33/><U98/><E98/><N who="0" m="37385" /><D18/><U47/><E46/><V74/><F93/><W49/><G100/><T40/><D62/><U19/><E19/><V79/><F134/><W5/><G108/><N who="0" m="41547" /><D70/><U107/><E107/><V52/><F65/><W95/><G31/><T103/><D103/><U89/><REACH who="1" step="1"/><E66/><REACH who="1" ten="250,224,250,266" step="2"/><V9/><F45/><W24/><G24/><T135/><D135/><U72/><E72/><V27/><F74/><W101/><G17/><T121/><D121/><U50/><E50/><V42/><F27/><W36/><G36/><T92/><AGARI ba="0,1" hai="40,44,51,73,75,86,91,92" m="41547,37385" machi="92" ten="30,1100,0" yaku="14,1" doraHai="119" who="0" fromWho="0" sc="250,21,224,-5,250,-3,266,-3" /><INIT seed="2,0,0,2,1,71" ten="271,219,247,263" oya="2" hai0="76,46,36,73,14,74,109,52,10,97,62,95,13" hai1="35,8,29,38,89,58,20,83,3,54,68,39,11" hai2="48,55,111,105,12,86,75,33,56,26,113,115,117" hai3="99,50,110,47,100,2,59,34,135,17,120,132,85"/><V92/><F105/><W65/><G2/><T127/><D76/><U78/><E68/><V22/><F75/><W94/><G34/><T5/><D109/><U60/><E35/><V0/><F0/><W23/><G110/><T43/><D14/><U30/><E89/><N who="2" m="53303" /><F117/><W16/><G120/><T119/><D127/><U130/><E130/><V103/><F103/><W15/><G85/><T41/><D41/><U108/><E108/><V133/><F111/><W42/><G17/><T87/><D87/><U69/><E69/><V24/><F133/><W18/><G18/><T96/><D96/><U80/><E3/><V125/><F33/><W45/><G45/><T118/><D62/><U98/><E98/><V67/><F67/><W40/><G40/><T66/><D52/><U25/><E30/><V44/><F125/><W63/><AGARI ba="0,0" hai="15,16,23,42,47,50,59,63,65,94,99,100,132,135" machi="63" ten="30,2000,0" yaku="0,1,54,1" doraHai="71" who="3" fromWho="3" sc="271,-5,219,-5,247,-10,263,20" /><INIT seed="3,0,0,5,5,53" ten="266,214,237,283" oya="3" hai0="35,132,36,101,42,108,77,115,120,83,52,75,46" hai1="60,82,85,50,119,8,26,65,110,67,88,4,68" hai2="31,71,61,96,45,69,114,55,33,22,116,32,15" hai3="78,111,105,125,93,127,7,133,99,131,17,135,10"/><W130/><G105/><T37/><D120/><U3/><E110/><V128/><F116/><W29/><G78/><T104/><D108/><U97/><E119/><V123/><F114/><W100/><G29/><T70/><D132/><U64/><E26/><V118/><F118/><W47/><G47/><T56/><D37/><U34/><E34/><V1/><F1/><W63/><G63/><T121/><D35/><U103/><REACH who="1" step="1"/><E50/><REACH who="1" ten="266,204,237,283" step="2"/><V94/><F33/><W20/><G111/><T49/><D115/><U9/><E9/><V106/><F32/><W19/><G10/><T13/><D121/><U66/><E66/><V5/><F123/><W18/><G20/><T44/><D49/><U12/><E12/><V92/><F22/><W124/><G7/><T41/><D13/><U16/><E16/><V107/><F15/><W57/><REACH who="3" step="1"/><G57/><REACH who="3" ten="266,204,237,273" step="2"/><T48/><D56/><U59/><E59/><V27/><F5/><W39/><G39/><T126/><D36/><U95/><AGARI ba="0,2" hai="3,4,8,60,64,65,67,68,82,85,88,95,97,103" machi="95" ten="20,5200,0" yaku="1,1,0,1,7,1,54,1,53,0" doraHai="53" doraHaiUra="14" who="1" fromWho="1" sc="266,-13,204,72,237,-13,273,-26" /><INIT seed="4,0,0,4,0,120" ten="253,276,224,247" oya="0" hai0="18,30,44,10,93,45,58,59,82,96,3,20,7" hai1="16,112,64,15,105,78,129,89,113,117,2,128,92" hai2="47,126,86,41,108,71,12,19,6,85,70,40,37" hai3="72,98,25,101,87,17,34,31,35,132,100,67,69"/><T43/><D30/><U13/><E117/><V83/><F6/><W55/><G132/><T118/><D118/><U29/><E105/><V26/><F26/><W80/><G72/><T14/><D82/><U48/><E29/><V90/><F126/><W46/><G17/><T68/><D68/><U77/><E64/><V123/><F123/><W115/><G115/><N who="1" m="44106" /><E48/><V38/><F108/><W4/><G4/><T127/><D127/><U116/><E2/><V1/><F1/><W61/><G35/><T65/><D65/><U62/><E62/><V42/><F86/><W39/><G101/><T66/><D66/><U57/><E57/><V11/><REACH who="2" step="1"/><F42/><REACH who="2" ten="253,276,214,247" step="2"/><W134/><G134/><T53/><D43/><U52/><E116/><V81/><F81/><W32/><G32/><T75/><D75/><U130/><E52/><V131/><F131/><W97/><G55/><T50/><REACH who="0" step="1"/><D45/><AGARI ba="0,1" hai="11,12,19,37,38,40,41,45,47,70,71,83,85,90" machi="45" ten="40,2600,0" yaku="1,1,9,1,53,0" doraHai="120" doraHaiUra="110" who="2" fromWho="0" sc="253,-26,276,0,214,36,247,0" /><INIT seed="5,0,0,4,1,66" ten="227,276,250,247" oya="1" hai0="73,85,86,14,25,60,111,90,40,78,57,117,18" hai1="15,32,56,46,5,91,8,53,89,0,102,64,122" hai2="99,47,94,110,109,128,65,115,43,58,130,22,29" hai3="13,125,101,116,1,28,82,23,45,3,24,79,133"/><U83/><E122/><V68/><F58/><W127/><G101/><T100/><D117/><U132/><E32/><V67/><F22/><W63/><G63/><T92/><D111/><N who="2" m="42506" /><F29/><W20/><G45/><T11/><D100/><U103/><E132/><V34/><F94/><W106/><G106/><T2/><D2/><U12/><E0/><V27/><F99/><W54/><G54/><N who="0" m="33847" /><D73/><U30/><E30/><V123/><F27/><W37/><G37/><T98/><D78/><U124/><E124/><N who="3" m="47690" /><G133/><T26/><D40/><U62/><E15/><V95/><F95/><W16/><G116/><T21/><D26/><U105/><E105/><V97/><F34/><W93/><G93/><T10/><D10/><U80/><E103/><V52/><F97/><W76/><G76/><T120/><D120/><U70/><E102/><V135/><F123/><W72/><AGARI ba="0,0" hai="1,3,13,16,20,23,24,28,72,79,82" m="47690" machi="72" ten="30,2000,0" yaku="18,1,54,1" doraHai="66" who="3" fromWho="3" sc="227,-5,276,-10,250,-5,247,20" /><INIT seed="6,0,0,0,3,44" ten="222,266,245,267" oya="2" hai0="94,47,135,40,0,60,109,102,77,3,115,58,99" hai1="123,30,48,57,41,54,37,88,52,61,45,6,84" hai2="76,130,25,83,38,28,71,4,80,96,33,19,74" hai3="116,82,15,75,86,56,118,46,26,59,113,34,132"/><V105/><F19/><W12/><G75/><T69/><D109/><U125/><E125/><V22/><F22/><W73/><G73/><T65/><D135/><U14/><E123/><V7/><F83/><W67/><G132/><T97/><D115/><U91/><E30/><V17/><F17/><W131/><G131/><T10/><D77/><U101/><E101/><N who="2" m="62631" /><F130/><W29/><G113/><T63/><D10/><N who="1" m="4439" /><E37/><V114/><F114/><W85/><G85/><T126/><D99/><U11/><E11/><V21/><F21/><W66/><G46/><T20/><D20/><U129/><E129/><V120/><F120/><W49/><G118/><T72/><D72/><U79/><E54/><V53/><F53/><W64/><G116/><T55/><REACH who="0" step="1"/><D126/><REACH who="0" ten="212,266,245,267" step="2"/><U87/><E87/><V106/><F7/><W32/><G32/><T119/><D119/><U70/><E70/><V81/><F4/><W27/><G27/><T8/><D8/><U134/><E134/><V133/><F133/><W31/><G31/><T90/><D90/><U111/><E111/><V50/><F71/><W78/><G59/><T35/><D35/><U122/><E122/><V127/><F127/><W1/><G1/><T112/><D112/><U128/><E128/><V39/><F106/><W9/><G9/><T23/><D23/><U92/><E91/><V93/><F76/><AGARI ba="0,1" hai="41,45,48,52,57,61,76,79,84,88,92" m="4439" machi="76" ten="30,7700,0" yaku="8,1,52,1,54,2" doraHai="44" who="1" fromWho="2" sc="212,0,266,87,245,-77,267,0" owari="212,-19.0,353,45.0,168,-33.0,267,7.0" /></mjloggm>