<mjloggm ver="2.3"><GO type="97" lobby="0"/><UN n0="%E3%81%8B%E3%81%8F%E3%81%97%EF%BD%9E" n1="%E3%82%A6%E3%83%AB%E3%83%88%E3%83%A9%E7%AB%8B%E7%9B%B4" n2="%E7%84%A1%E7%87%88" n3="%50%4B%54" dan="15,15,13,13" rate="2034.12,1988.31,1840.59,1868.29" sx="M,M,M,M"/><TAIKYOKU oya="0"/><INIT seed="0,0,0,1,3,7" ten="250,250,250,250" oya="0" hai0="98,77,16,89,99,109,50,126,37,45,135,69,111" hai1="127,131,86,61,75,94,35,4,72,118,53,71,132" hai2="32,30,60,81,130,97,58,100,70,91,104,113,76" hai3="93,38,24,68,87,27,8,14,63,31,22,117,133"/><T96/><D69/><U0/><E118/><V73/><F91/><W41/><G117/><T105/><D37/><U108/><E35/><V21/><F58/><W56/><G133/><T42/><D135/><U57/><E71/><V29/><F21/><W83/><G68/><T66/><D66/><U25/><E75/><V13/><F13/><W134/><G134/><T26/><D126/><U106/><E72/><V112/><F29/><W40/><G93/><T9/><D77/><U59/><E106/><V128/><F113/><W1/><G27/><T129/><D129/><U11/><E131/><V23/><F23/><W33/><G38/><T62/><D62/><U47/><E132/><V52/><F52/><N who="3" m="34183" /><G33/><T19/><D26/><U6/><E108/><N who="0" m="41545" /><D105/><U48/><E127/><V78/><F78/><N who="3" m="46583" /><G1/><T74/><D74/><U84/><E25/><N who="2" m="18511" /><F112/><W34/><G34/><T116/><D116/><U101/><E61/><V44/><F44/><W92/><G92/><N who="0" m="56335" /><D19/><AGARI ba="0,0" hai="8,14,19,22,24,31,40,41" m="46583,34183" machi="19" ten="30,3900,0" yaku="8,1,52,1,54,1" doraHai="7" who="3" fromWho="0" sc="250,-39,250,0,250,0,250,39" /><INIT seed="1,0,0,0,5,114" ten="211,250,250,289" oya="1" hai0="57,54,34,4,67,130,84,96,58,7,45,116,32" hai1="79,31,48,37,107,16,119,14,63,109,115,49,66" hai2="88,83,19,59,125,23,42,135,69,98,18,40,76" hai3="77,12,102,121,122,70,9,51,39,82,44,13,106"/><U80/><E107/><V71/><F135/><W111/><G70/><T131/><D96/><U95/><E37/><V61/><F125/><W22/><G39/><T72/><D72/><U90/><E31/><V85/><F71/><W97/><G111/><T50/><D84/><N who="1" m="48159" /><E115/><V28/><F69/><W86/><G22/><T1/><D1/><U126/><E119/><V25/><F19/><W8/><G13/><T10/><D10/><N who="1" m="6231" /><E126/><V64/><F18/><W104/><G106/><T127/><D127/><U108/><E63/><V30/><F30/><W134/><G134/><T93/><D93/><AGARI ba="0,0" hai="23,25,28,40,42,59,61,64,76,83,85,88,93,98" machi="93" ten="40,2600,0" yaku="8,1,54,1" doraHai="114" who="2" fromWho="0" sc="211,-26,250,0,250,26,289,0" /><INIT seed="2,0,0,1,1,38" ten="185,250,276,289" oya="2" hai0="63,93,108,10,40,86,51,44,31,106,61,99,72" hai1="48,56,124,28,130,20,75,16,105,117,35,49,116" hai2="18,76,24,3,128,103,70,54,82,102,84,11,80" hai3="32,115,91,37,88,114,134,22,2,67,65,4,57"/><V78/><F128/><W7/><G32/><T29/><D72/><U97/><E75/><V100/><F70/><W87/><G37/><T53/><D108/><U52/><E124/><V110/><F3/><W129/><G129/><T1/><D106/><U73/><E73/><V79/><F110/><W94/><G134/><T132/><D132/><U123/><E123/><V74/><F54/><W66/><G22/><T0/><D0/><U12/><E130/><V30/><F18/><W83/><G57/><T111/><D111/><U25/><REACH who="1" step="1"/><E49/><REACH who="1" ten="185,240,276,289" step="2"/><V98/><F11/><W42/><G2/><T45/><D86/><U120/><E120/><V62/><F62/><W15/><G115/><T17/><D63/><U69/><E69/><V113/><F113/><W112/><G114/><T58/><D45/><U39/><E39/><V77/><F30/><W50/><G112/><T95/><D95/><U127/><E127/><V92/><F24/><W23/><G4/><T133/><D133/><U59/><E59/><V121/><F121/><W131/><G131/><T104/><D104/><U125/><E125/><V71/><F71/><W33/><G7/><T6/><REACH who="0" step="1"/><D17/><REACH who="0" ten="175,240,276,289" step="2"/><U90/><E90/><AGARI ba="0,2" hai="74,76,77,78,79,80,82,84,90,92,98,100,102,103" machi="90" ten="40,18000,2" yaku="35,6" doraHai="38" who="2" fromWho="1" sc="175,0,240,-180,276,200,289,0" /><AGARI ba="0,0" hai="1,6,10,29,31,40,44,51,53,58,61,90,93,99" machi="90" ten="30,8000,1" yaku="1,1,2,1,7,1,52,1,53,1" doraHai="38" doraHaiUra="43" who="0" fromWho="1" sc="175,80,60,-80,476,0,289,0" owari="255,-14.0,-20,-52.0,476,57.0,289,9.0" /></mjloggm>