<mjloggm ver="2.3"><GO type="97" lobby="0"/><UN n0="%E5%BB%A3%E6%B8%88%E5%A0%82%E6%9C%AC%E5%BA%97" n1="%E3%82%A6%E3%83%AB%E3%83%88%E3%83%A9%E7%AB%8B%E7%9B%B4" n2="%66%75%73%68%69%63%75%6C" n3="%E3%83%97%E3%82%AD%E3%83%A3%E3%83%8A%E3%83%B3" dan="14,15,15,15" rate="1886.73,1993.65,2022.79,2045.57" sx="M,M,M,M"/><TAIKYOKU oya="0"/><INIT seed="0,0,0,5,5,7" ten="250,250,250,250" oya="0" hai0="2,128,6,122,99,132,107,57,20,10,54,134,53" hai1="1,44,92,86,30,62,93,3,94,46,29,82,72" hai2="4,123,66,98,41,32,73,45,78,75,16,33,74" hai3="22,51,88,12,133,103,70,80,38,49,68,85,97"/><T39/><D122/><U14/><E72/><V119/><F123/><W117/><G38/><T36/><D128/><U25/><E62/><V96/><F119/><W42/><G117/><T89/><D54/><U34/><E30/><V50/><F78/><W100/><G133/><N who="0" m="51307" /><D20/><U105/><E105/><V5/><F66/><W31/><G100/><N who="0" m="62879" /><D89/><U120/><E120/><V13/><F98/><W69/><G42/><T106/><D106/><U47/><REACH who="1" step="1"/><E14/><REACH who="1" ten="250,240,250,250" step="2"/><V40/><F13/><W27/><REACH who="3" step="1"/><G12/><REACH who="3" ten="250,240,250,240" step="2"/><T65/><D65/><U115/><E115/><V21/><F74/><W26/><G26/><T81/><D81/><U131/><E131/><V84/><F73/><W114/><G114/><T63/><AGARI ba="0,2" hai="2,6,10,36,39,53,57,63" m="62879,51307" machi="63" ten="30,3000,0" yaku="20,1,52,1" doraHai="7" who="0" fromWho="0" sc="250,50,240,-10,250,-10,240,-10" /><INIT seed="0,1,0,0,2,78" ten="300,230,240,230" oya="0" hai0="51,60,87,14,120,27,72,68,128,91,108,117,64" hai1="58,23,114,119,12,20,6,62,95,135,103,34,129" hai2="3,35,77,63,30,40,132,133,131,31,104,86,88" hai3="76,7,89,39,25,48,8,65,32,41,90,83,100"/><T29/><D117/><U10/><E34/><V82/><F131/><W99/><G39/><T127/><D120/><U126/><E119/><V47/><F104/><W21/><G65/><T118/><D118/><U106/><E106/><V19/><F3/><W33/><G32/><T15/><D128/><U85/><E129/><V115/><F115/><W61/><G33/><T71/><D127/><U16/><E126/><V93/><F63/><W17/><G61/><T57/><D72/><U54/><E114/><V1/><F1/><W125/><G125/><T96/><D108/><U94/><E135/><N who="2" m="51787" /><F19/><W0/><G41/><T42/><D71/><U123/><E123/><V69/><F35/><W50/><G48/><T56/><D68/><U38/><E38/><N who="2" m="21911" /><F69/><W49/><G50/><T67/><D96/><AGARI ba="1,0" hai="30,31,77,82,86,88,93,96" m="21911,51787" machi="96" ten="30,3900,0" yaku="20,1,52,1,54,1" doraHai="78" who="2" fromWho="0" sc="300,-42,230,0,240,42,230,0" /><INIT seed="1,0,0,5,1,80" ten="258,230,282,230" oya="1" hai0="35,10,111,112,5,73,117,95,55,24,64,89,7" hai1="98,4,61,130,70,39,9,22,62,33,59,88,40" hai2="2,132,38,107,27,56,123,110,42,69,16,30,79" hai3="18,50,102,53,82,43,75,84,8,76,113,1,104"/><U72/><E33/><V87/><F69/><W29/><G113/><T94/><D112/><U48/><E72/><V45/><F123/><W115/><G115/><T116/><D111/><U3/><E39/><V12/><F2/><W20/><G43/><T93/><D73/><U28/><E130/><V66/><F107/><W51/><G29/><T134/><D134/><U81/><E70/><V86/><F110/><W67/><G67/><T106/><D106/><U52/><E40/><V23/><F132/><W37/><G37/><T44/><D7/><U11/><E11/><V77/><F77/><W26/><G75/><T124/><D124/><U6/><E6/><V85/><F79/><W74/><G74/><T54/><D117/><U119/><E119/><V97/><F97/><W122/><G122/><T63/><D116/><U32/><E32/><V108/><F108/><W36/><G36/><T101/><D35/><U125/><E125/><V34/><REACH who="2" step="1"/><F66/><REACH who="2" ten="258,230,272,230" step="2"/><W19/><G104/><T14/><D64/><U100/><E3/><V91/><F91/><W135/><G135/><T60/><D101/><U118/><E118/><V127/><F127/><W90/><G1/><T120/><D120/><U0/><E100/><V83/><F83/><W71/><G71/><T49/><D89/><U57/><E98/><V133/><F133/><W78/><G102/><T31/><D55/><U46/><E88/><V126/><F126/><W109/><G109/><T121/><D121/><U129/><E81/><V99/><F99/><W103/><G103/><T13/><D13/><U96/><E0/><V21/><F21/><RYUUKYOKU ba="0,1" sc="258,15,230,-15,272,15,230,-15" hai0="5,10,14,24,31,44,49,54,60,63,93,94,95" hai2="12,16,23,27,30,34,38,42,45,56,85,86,87" /><INIT seed="2,1,1,5,5,51" ten="273,215,287,215" oya="2" hai0="112,104,121,28,31,43,92,109,113,96,73,117,20" hai1="125,59,115,9,22,69,89,81,41,13,32,33,108" hai2="97,99,70,82,26,56,126,102,30,83,86,77,133" hai3="66,95,103,8,23,111,122,62,116,52,91,15,75"/><V87/><F70/><W2/><G116/><T16/><D121/><U17/><E69/><V118/><F118/><W55/><G122/><T7/><D117/><U39/><E115/><V24/><F133/><W42/><G75/><T105/><D109/><U90/><E108/><V65/><F126/><W58/><G111/><T14/><D73/><U48/><E125/><V80/><F24/><W53/><G2/><T54/><D43/><U47/><E33/><V44/><F44/><W130/><G130/><T68/><D68/><U40/><E32/><V50/><F102/><W124/><G124/><T131/><D131/><U93/><E81/><V106/><F106/><W114/><G114/><T84/><D113/><U11/><E90/><V3/><F3/><W25/><G42/><T36/><D36/><U60/><E41/><V79/><F83/><W71/><G71/><T110/><D110/><U4/><E4/><V127/><F127/><W64/><G103/><T88/><D112/><U1/><E1/><V19/><F19/><N who="3" m="8679" /><G64/><T72/><D72/><U35/><E35/><V101/><F101/><W0/><G0/><T63/><D7/><U12/><E12/><V76/><F76/><W134/><G134/><T46/><D105/><U78/><E78/><V61/><F50/><W29/><G66/><T21/><D21/><AGARI ba="1,1" hai="21,26,30,56,61,65,77,79,80,82,86,87,97,99" machi="21" ten="30,5800,0" yaku="7,1,9,1,8,1" doraHai="51" who="2" fromWho="0" sc="273,-61,215,0,287,71,215,0" /><INIT seed="2,2,0,1,2,105" ten="212,215,358,215" oya="2" hai0="65,87,76,74,77,128,72,36,101,17,100,5,123" hai1="122,45,10,135,15,95,71,60,50,79,110,42,64" hai2="22,12,103,52,21,29,106,37,121,35,114,107,69" hai3="13,92,131,61,3,111,53,16,26,130,6,28,51"/><V57/><F69/><W18/><G111/><T98/><D36/><U55/><E110/><V70/><F70/><W43/><G43/><T68/><D5/><U32/><E32/><V94/><F37/><W30/><G3/><T89/><D17/><U66/><E122/><V82/><F121/><W31/><G6/><T46/><D46/><U24/><E135/><V48/><F114/><W0/><G0/><T56/><D68/><U116/><E116/><V58/><F82/><W47/><G61/><T120/><D56/><U129/><E129/><N who="3" m="49162" /><G92/><N who="0" m="54335" /><D65/><U7/><E66/><V62/><F35/><N who="3" m="20887" /><G18/><T113/><D113/><U81/><E42/><V39/><F39/><W23/><AGARI ba="2,0" hai="13,16,23,30,31,47,51,53" m="20887,49162" machi="23" ten="30,2000,0" yaku="19,1,54,1" doraHai="105" who="3" fromWho="3" sc="212,-7,215,-7,358,-12,215,26" /><INIT seed="3,0,0,1,4,103" ten="205,208,346,241" oya="3" hai0="61,132,86,23,99,69,67,135,130,11,15,2,73" hai1="108,38,62,113,63,71,128,30,119,89,59,111,106" hai2="57,72,118,3,131,12,126,105,60,37,56,91,104" hai3="1,5,47,10,0,8,68,77,48,123,19,14,49"/><W95/><G123/><T45/><D130/><U42/><E113/><V75/><F91/><W65/><G48/><T52/><D73/><U51/><E128/><V6/><F12/><W76/><G0/><T13/><D86/><U82/><E119/><V124/><F60/><N who="1" m="23081" /><E71/><V24/><F24/><W27/><G65/><T74/><D74/><U102/><E30/><V66/><F66/><W133/><G68/><T50/><D99/><N who="1" m="61791" /><E38/><V4/><F3/><W22/><G133/><N who="0" m="51275" /><D23/><U26/><E26/><V92/><F92/><W81/><G95/><T9/><D9/><U80/><E89/><V21/><F21/><W117/><G81/><T110/><D110/><N who="1" m="42027" /><E42/><V58/><F37/><W35/><G117/><T7/><AGARI ba="0,0" hai="2,7,11,13,15,45,50,52,61,67,69" m="51275" machi="7" ten="30,2000,0" yaku="20,1,54,1" doraHai="103" who="0" fromWho="0" sc="205,20,208,-5,346,-5,241,-10" owari="225,-17.0,203,-30.0,341,44.0,231,3.0" /></mjloggm>