<mjloggm ver="2.3"><GO type="97" lobby="0"/><UN n0="%42%45%45%4E%53%64%65%67" n1="%38%33%30%69%6E%6D%6B" n2="%E3%82%A6%E3%83%AB%E3%83%88%E3%83%A9%E7%AB%8B%E7%9B%B4" n3="%E2%98%86%E9%80%86%E8%A5%B2%E3%81%AE%E8%A5%BF%E2%98%86" dan="13,14,15,14" rate="1852.70,1864.91,1944.29,1941.17" sx="M,M,M,M"/><TAIKYOKU oya="0"/><INIT seed="0,0,0,0,2,47" ten="250,250,250,250" oya="0" hai0="28,93,121,80,84,1,124,6,59,106,9,113,2" hai1="134,26,52,98,110,30,81,38,27,34,35,44,39" hai2="64,94,130,10,20,19,135,127,49,50,67,51,29" hai3="16,123,48,32,18,107,126,85,23,118,62,112,58"/><T24/><D24/><BYE who="0" /><U105/><E110/><V71/><F127/><W61/><G107/><T114/><D114/><U83/><E134/><V4/><F135/><W125/><G32/><T133/><D133/><U116/><E116/><V73/><F130/><W95/><G112/><T90/><D90/><U45/><E45/><V108/><F73/><W119/><G123/><T78/><D78/><U66/><E66/><N who="2" m="25131" /><F71/><W76/><G118/><T36/><D36/><U97/><E97/><V41/><F108/><W70/><G119/><T102/><D102/><U5/><E5/><V0/><F0/><W115/><G115/><T132/><D132/><U65/><E65/><V46/><F4/><W82/><G70/><T101/><D101/><U17/><E83/><V104/><F104/><W42/><G95/><T131/><D131/><U120/><E120/><V72/><F72/><W54/><G42/><T68/><D68/><U63/><E81/><V22/><F94/><W86/><G86/><T37/><D37/><U77/><E77/><V8/><F22/><W56/><G56/><T88/><D88/><U111/><E111/><V91/><F91/><W7/><G7/><T14/><D14/><U3/><E3/><V99/><F99/><W57/><G57/><T11/><D11/><N who="2" m="4138" /><F29/><W13/><REACH who="3" step="1"/><G18/><REACH who="3" ten="250,250,250,240" step="2"/><T96/><D96/><U109/><E109/><V87/><F87/><W12/><G12/><AGARI ba="0,1" hai="12,19,20,41,46,49,50,51" m="4138,25131" machi="12" ten="30,7700,0" yaku="8,1,52,3" doraHai="47" who="2" fromWho="3" sc="250,0,250,0,250,87,240,-77" /><INIT seed="1,0,0,1,0,29" ten="250,250,337,163" oya="1" hai0="67,36,28,83,129,85,3,71,97,39,82,45,115" hai1="98,132,6,7,77,10,63,15,94,68,111,100,107" hai2="44,114,35,18,121,54,34,9,27,81,99,55,32" hai3="61,110,128,25,64,37,112,119,58,131,62,47,0"/><U134/><E6/><V19/><F121/><W23/><G0/><T12/><D12/><U17/><E111/><V84/><F114/><W96/><G112/><T13/><D13/><U108/><E108/><V101/><F44/><W89/><G110/><T8/><D8/><U113/><E113/><V21/><F18/><W69/><G119/><T103/><D103/><U22/><E77/><V90/><REACH who="2" step="1"/><F9/><REACH who="2" ten="250,250,327,163" step="2"/><W46/><G37/><T72/><D72/><U49/><E107/><AGARI ba="0,1" hai="19,21,27,32,34,35,54,55,81,84,90,99,101,107" machi="107" ten="40,12000,2" yaku="1,1,2,1,52,3,53,1" doraHai="29" doraHaiUra="93" who="2" fromWho="1" sc="250,0,250,-120,327,130,163,0" /><INIT seed="2,0,0,1,1,4" ten="250,130,457,163" oya="2" hai0="130,31,101,54,100,132,86,65,124,116,134,14,48" hai1="98,131,16,24,112,56,45,70,69,52,109,75,29" hai2="55,111,11,126,28,115,94,25,6,38,15,78,72" hai3="12,85,71,0,58,32,118,97,68,50,123,108,5"/><V80/><F38/><W60/><G123/><T113/><D113/><U42/><E112/><V104/><F104/><W62/><G118/><T13/><D13/><U8/><E75/><V119/><F115/><W90/><G108/><T106/><D106/><U82/><E131/><V41/><F41/><W79/><G32/><T2/><D2/><U35/><E109/><V110/><F119/><W105/><G0/><T23/><D23/><U129/><E129/><V102/><F126/><W63/><G105/><T107/><D107/><U21/><E98/><V127/><F127/><W34/><G34/><T30/><D30/><U53/><E82/><V74/><F74/><W103/><G79/><T9/><D9/><U76/><E76/><V99/><REACH who="2" step="1"/><F55/><REACH who="2" ten="250,130,447,163" step="2"/><N who="3" m="32119" /><G71/><T7/><D7/><U122/><E53/><V47/><F47/><W43/><G68/><T27/><D27/><U22/><E122/><V59/><F59/><W121/><G121/><T61/><D61/><U120/><E120/><V44/><F44/><W92/><G43/><T73/><D73/><U88/><E70/><V18/><F18/><W3/><G63/><T51/><D51/><U40/><E69/><V10/><F10/><N who="3" m="4175" /><G3/><T135/><D135/><U39/><E42/><V114/><F114/><W1/><G1/><T93/><D93/><U91/><E35/><AGARI ba="0,1" hai="6,11,15,25,28,35,72,78,80,94,99,102,110,111" machi="35" ten="40,7700,0" yaku="1,1,52,1,53,1" doraHai="4" doraHaiUra="95" who="2" fromWho="1" sc="250,0,130,-77,447,87,163,0" /><INIT seed="2,1,0,4,1,82" ten="250,53,534,163" oya="2" hai0="7,99,38,108,59,127,131,64,15,113,41,92,2" hai1="73,58,25,84,134,53,117,65,98,85,60,29,95" hai2="28,5,42,107,81,12,39,109,114,68,125,14,40" hai3="96,10,45,132,51,47,103,118,1,87,21,126,36"/><V112/><F107/><W56/><G118/><T94/><D94/><U133/><E117/><V110/><F68/><W97/><G36/><T119/><D119/><U18/><E73/><V57/><F28/><W48/><G132/><T34/><D34/><U66/><E66/><V128/><F57/><W111/><G126/><T69/><D69/><U0/><E0/><V35/><F35/><W91/><G111/><N who="2" m="42505" /><F125/><W120/><G120/><T89/><D89/><U116/><E116/><V32/><F32/><W63/><G1/><T122/><D122/><U88/><E65/><V61/><F61/><W72/><G72/><T33/><D33/><U80/><E18/><V31/><F31/><W78/><G78/><T83/><D83/><U71/><E71/><V104/><F104/><W16/><G10/><T123/><D123/><U55/><E55/><V37/><F128/><W70/><G70/><T6/><D6/><U106/><E106/><V46/><F81/><N who="3" m="49647" /><G103/><T77/><D77/><U129/><E129/><V43/><F5/><W90/><G90/><T115/><D115/><N who="2" m="44074" /><F46/><N who="3" m="17419" /><G51/><T24/><D24/><U49/><E60/><V8/><F8/><W67/><G48/><T62/><D62/><U75/><E75/><V27/><F27/><AGARI ba="1,0" hai="16,21,27,56,63,67,96,97" m="17419,49647" machi="27" ten="30,3900,0" yaku="8,1,52,1,54,1" doraHai="82" who="3" fromWho="2" sc="250,0,53,0,534,-42,163,42" /><INIT seed="3,0,0,3,3,120" ten="250,53,492,205" oya="3" hai0="25,22,39,57,65,49,6,103,76,87,23,10,18" hai1="127,82,64,118,4,17,102,105,109,107,45,122,121" hai2="77,33,20,19,0,11,56,91,72,96,128,135,58" hai3="63,37,108,99,40,115,48,8,26,69,132,131,134"/><W41/><G8/><T67/><D67/><U75/><E64/><V27/><F33/><W94/><G26/><T74/><D74/><U81/><E45/><V114/><F114/><W86/><G115/><T68/><D68/><U62/><E17/><V130/><F77/><W16/><G86/><T3/><D3/><U100/><E62/><V79/><F79/><W116/><G116/><T61/><D61/><U44/><E44/><V90/><F72/><W95/><G131/><N who="2" m="50217" /><F135/><N who="3" m="51755" /><G37/><UN n0="%42%45%45%4E%53%64%65%67" /><T126/><D126/><U54/><E54/><V13/><F0/><W83/><G83/><N who="1" m="31754" /><E4/><N who="2" m="3303" /><F96/><W55/><G69/><T38/><D39/><U59/><E75/><V78/><F78/><W71/><G71/><T124/><D38/><U123/><E59/><AGARI ba="0,0" hai="19,20,27,56,58,59,90,91" m="3303,50217" machi="59" ten="30,1000,0" yaku="19,1" doraHai="120" who="2" fromWho="1" sc="250,0,53,-10,492,10,205,0" owari="250,5.0,43,-46.0,502,60.0,205,-19.0" /></mjloggm>