<mjloggm ver="2.3"><GO type="169" lobby="0"/><UN n0="%E3%82%A6%E3%83%AB%E3%83%88%E3%83%A9%E7%AB%8B%E7%9B%B4" n1="%E5%B0%8F%E7%94%B0%E6%89%89" n2="%7A%65%72%6F%52%58" n3="%E9%9C%9C%E6%9C%88%E3%81%95%E3%82%93" dan="17,16,16,16" rate="2071.70,2055.43,2105.08,2116.19" sx="M,M,M,M"/><TAIKYOKU oya="0"/><INIT seed="0,0,0,5,1,93" ten="250,250,250,250" oya="0" hai0="52,33,115,78,112,37,9,59,56,69,41,63,103" hai1="15,47,19,119,34,35,36,122,88,50,118,8,79" hai2="10,42,98,57,85,134,130,100,24,61,16,72,53" hai3="129,124,110,77,133,26,108,76,70,14,64,91,87"/><T17/><D33/><U104/><E122/><V5/><F72/><W65/><G129/><T29/><D29/><U6/><E79/><V54/><F130/><W23/><G133/><T55/><D69/><U32/><E36/><V127/><F127/><W66/><G14/><T74/><D112/><U43/><E104/><V105/><F134/><W123/><G124/><T84/><D115/><U92/><REACH who="1" step="1"/><E6/><REACH who="1" ten="250,240,250,250" step="2"/><V25/><F5/><W13/><G123/><T113/><D113/><U75/><E75/><V44/><F54/><W71/><G77/><T45/><D74/><U121/><E121/><V20/><F10/><W2/><G76/><T48/><D9/><U114/><E114/><V7/><F7/><W49/><G108/><T18/><D103/><U4/><E4/><V132/><F132/><W126/><G110/><T102/><D102/><U31/><E31/><V90/><F90/><W58/><G91/><T67/><D78/><U99/><AGARI ba="0,1" hai="8,15,19,32,34,35,43,47,50,88,92,99,118,119" machi="99" ten="30,8000,1" yaku="1,1,0,1,52,1,54,1,53,1" doraHai="93" doraHaiUra="89" who="1" fromWho="1" sc="250,-40,240,90,250,-20,250,-20" /><INIT seed="1,0,0,0,0,126" ten="210,330,230,230" oya="1" hai0="70,106,34,124,129,80,7,5,72,107,99,85,47" hai1="96,21,88,121,9,127,134,59,104,55,25,49,46" hai2="91,109,15,32,64,105,19,4,56,118,35,110,14" hai3="94,71,44,63,17,132,101,29,84,65,103,108,24"/><U50/><E121/><V12/><F105/><W58/><G108/><N who="2" m="41577" /><F91/><W76/><G132/><T48/><D7/><U73/><E73/><V52/><F64/><W39/><G71/><T31/><D5/><U111/><E134/><V8/><F118/><W87/><G17/><T75/><D70/><U57/><E127/><V114/><F114/><W16/><G16/><T60/><D60/><U79/><E79/><V135/><F135/><W41/><G87/><T93/><D48/><U13/><E111/><V54/><F54/><W119/><G119/><T0/><D47/><U23/><E104/><N who="0" m="39977" /><D31/><U95/><E25/><V53/><F53/><W10/><G10/><T117/><D34/><N who="2" m="12842" /><F19/><W122/><G122/><T28/><D28/><U67/><E67/><V78/><F78/><W30/><G30/><T120/><D117/><U86/><E96/><V123/><F123/><W102/><G76/><N who="0" m="46215" /><D120/><U6/><REACH who="1" step="1"/><E59/><REACH who="1" ten="210,320,230,230" step="2"/><V113/><F113/><W92/><G103/><T18/><D124/><U37/><E37/><V27/><F27/><W112/><G24/><T90/><D99/><U45/><E45/><V82/><F12/><W81/><G44/><T43/><D75/><U40/><AGARI ba="0,1" hai="6,9,13,21,23,40,46,49,50,55,57,86,88,95" machi="40" ten="20,12000,1" yaku="1,1,0,1,7,1,8,1,54,1,53,0" doraHai="126" doraHaiUra="20" who="1" fromWho="1" sc="210,-40,320,130,230,-40,230,-40" /><INIT seed="1,1,0,4,4,131" ten="170,450,190,190" oya="1" hai0="55,111,130,97,2,103,120,16,35,61,115,17,81" hai1="93,116,96,30,104,118,112,98,114,99,127,134,121" hai2="45,43,87,40,27,101,29,126,60,122,70,8,10" hai3="12,72,33,49,91,44,3,7,47,57,106,48,36"/><U90/><E30/><V54/><F122/><W37/><G72/><T78/><D115/><N who="1" m="44075" /><E121/><V62/><F126/><W28/><G3/><T71/><D130/><U77/><E127/><V9/><F101/><W82/><G106/><T102/><D120/><U69/><E69/><V119/><F119/><N who="1" m="45609" /><E104/><V94/><F70/><W108/><G28/><T89/><D111/><U107/><E107/><V18/><F18/><W23/><G108/><T84/><D2/><U53/><E53/><V42/><F45/><W67/><G47/><T26/><D35/><U80/><E134/><V19/><F19/><W113/><G44/><T51/><D71/><U75/><AGARI ba="1,0" hai="75,77,80,90,93,96,98,99" m="45609,44075" machi="75" ten="30,3000,0" yaku="34,2" doraHai="131" who="1" fromWho="1" sc="170,-11,450,33,190,-11,190,-11" /><INIT seed="1,2,0,0,4,92" ten="159,483,179,179" oya="1" hai0="67,35,82,59,100,2,22,17,15,77,43,118,53" hai1="126,14,66,39,68,101,58,28,24,51,134,70,34" hai2="19,98,78,83,95,108,102,52,125,128,50,88,93" hai3="27,16,106,47,116,79,76,124,110,25,72,129,63"/><U6/><E39/><V57/><F108/><W7/><G110/><T75/><D118/><U32/><E134/><V46/><F128/><W131/><G116/><T64/><D35/><U54/><E126/><V48/><F125/><W133/><G124/><T97/><D43/><U103/><E34/><V104/><F19/><W135/><G63/><T31/><D31/><U23/><E66/><V111/><F111/><W117/><G117/><T56/><D2/><U18/><E103/><V86/><F78/><W80/><G47/><T84/><D75/><U60/><E51/><V42/><AGARI ba="2,0" hai="42,46,48,50,52,57,83,86,88,93,95,98,102,104" machi="42" ten="20,8000,1" yaku="0,1,7,1,52,1,54,2" doraHai="92" who="2" fromWho="2" sc="159,-22,483,-42,179,86,179,-22" /><INIT seed="2,0,0,4,5,9" ten="137,441,265,157" oya="2" hai0="42,30,24,19,103,29,59,95,89,99,97,25,57" hai1="100,51,73,75,55,3,117,96,107,52,65,92,126" hai2="74,64,36,10,4,63,90,102,133,76,125,41,56" hai3="84,14,6,23,132,119,79,37,128,43,50,31,122"/><V120/><F120/><W33/><G119/><T61/><D42/><U82/><E3/><N who="2" m="287" /><F102/><W91/><G37/><T118/><D118/><U28/><E117/><V130/><F90/><W109/><G122/><T54/><D25/><U81/><E28/><V69/><F133/><W13/><G132/><T127/><D127/><U135/><E135/><V45/><F125/><W15/><G33/><T108/><D108/><U21/><E126/><V35/><F35/><W34/><G34/><T93/><D59/><U5/><E5/><V8/><F8/><N who="3" m="4247" /><G79/><T1/><D1/><U47/><E65/><V2/><F2/><W70/><G70/><T85/><D85/><U121/><E121/><V72/><F130/><W40/><G128/><T80/><D80/><U58/><E92/><V53/><F76/><W49/><G109/><T60/><D60/><U115/><E115/><V112/><F112/><W106/><G106/><T87/><D87/><U11/><E11/><V44/><F44/><N who="3" m="25735" /><G23/><AGARI ba="0,0" hai="19,23,24,29,30,54,57,61,89,93,95,97,99,103" machi="23" ten="40,5200,0" yaku="25,2,8,1" doraHai="9" who="0" fromWho="3" sc="137,52,441,0,265,0,157,-52" /><INIT seed="3,0,0,5,5,109" ten="189,441,265,105" oya="3" hai0="74,68,10,25,56,5,18,45,125,0,51,132,33" hai1="1,46,129,38,122,24,107,114,22,13,108,117,62" hai2="61,42,32,57,44,135,116,76,91,2,59,75,127" hai3="128,69,53,37,130,97,124,7,78,39,93,105,64"/><W101/><G124/><T31/><D68/><U84/><E84/><V9/><F32/><W12/><G78/><T50/><D74/><U98/><E98/><V123/><F116/><W99/><G53/><T79/><D79/><U15/><E62/><V28/><F127/><W80/><G80/><T66/><D125/><U73/><E46/><V67/><F28/><W70/><G12/><T92/><D132/><U11/><E15/><V52/><F135/><W23/><G23/><T14/><D92/><U134/><E24/><V115/><F123/><W118/><G7/><T30/><D30/><U95/><E95/><V4/><F91/><W94/><G64/><T83/><D83/><U19/><E19/><V71/><F76/><W96/><G96/><T26/><D26/><U131/><E11/><V63/><F75/><W104/><REACH who="3" step="1"/><G101/><REACH who="3" ten="189,441,265,95" step="2"/><T48/><D66/><U111/><E13/><V120/><F67/><W17/><G17/><T3/><D3/><U112/><E22/><V60/><F4/><W58/><G58/><T65/><D65/><U110/><E110/><V89/><F59/><W72/><G72/><T81/><D81/><U34/><E111/><V43/><F57/><W21/><G21/><N who="0" m="11479" /><D56/><U85/><E85/><V119/><F2/><W88/><G88/><T77/><D77/><U54/><E54/><AGARI ba="0,1" hai="0,5,10,25,31,33,45,48,50,51,54" m="11479" machi="54" ten="30,1000,0" yaku="24,1" doraHai="109" who="0" fromWho="1" sc="189,20,441,-10,265,0,95,0" /><INIT seed="4,0,0,0,0,130" ten="209,431,265,95" oya="0" hai0="5,55,98,49,109,131,27,45,14,129,80,64,32" hai1="60,28,61,4,88,15,84,43,73,65,11,69,111" hai2="89,22,40,2,59,92,134,71,7,81,58,51,23" hai3="41,124,94,118,48,54,56,120,95,66,8,112,18"/><T53/><D109/><U47/><E111/><V106/><F106/><W76/><G118/><T104/><D64/><U135/><E73/><V38/><F71/><W70/><G112/><T75/><D55/><U86/><E28/><V123/><F123/><W17/><G120/><T115/><D115/><U103/><E103/><V108/><F108/><W72/><G124/><T79/><D32/><U39/><E135/><V42/><F81/><W114/><G114/><T30/><D30/><U37/><E84/><V1/><F38/><W116/><G116/><T113/><D27/><U12/><E39/><V13/><F1/><W125/><G125/><T63/><D63/><U121/><E121/><V9/><F134/><W100/><G41/><N who="2" m="15977" /><F2/><W6/><G66/><T52/><D53/><U36/><E36/><V68/><F68/><W87/><G72/><T3/><D3/><U99/><E99/><N who="2" m="57743" /><F51/><W62/><G48/><T97/><D113/><U90/><E61/><V105/><F105/><W44/><G70/><T0/><D0/><U132/><E132/><V34/><F34/><W91/><G76/><T74/><D74/><U50/><E37/><V20/><AGARI ba="0,0" hai="7,9,13,20,22,23,58,59" m="57743,15977" machi="20" ten="30,1100,0" yaku="8,1" doraHai="130" who="2" fromWho="2" sc="209,-5,431,-3,265,11,95,-3" /><INIT seed="5,0,0,5,1,18" ten="204,428,276,92" oya="1" hai0="30,93,25,45,64,104,11,111,44,2,80,91,72" hai1="75,14,134,107,3,9,88,53,31,33,102,77,7" hai2="101,122,10,115,124,36,113,74,21,132,71,62,90" hai3="67,0,17,40,6,127,85,43,120,103,55,129,29"/><U34/><E134/><V51/><F122/><W97/><G120/><T79/><D111/><U87/><E77/><V16/><F36/><W58/><G129/><T39/><D64/><U12/><E75/><V117/><F117/><W76/><G127/><T112/><D104/><U23/><E102/><V13/><F74/><W116/><G67/><T99/><D39/><U119/><E107/><V26/><F132/><W78/><G116/><T65/><D65/><U81/><E119/><V92/><F124/><W69/><G69/><T20/><REACH who="0" step="1"/><D112/><REACH who="0" ten="194,428,276,92" step="2"/><N who="2" m="43082" /><F101/><W118/><G103/><T27/><D27/><U42/><E34/><V126/><F126/><W123/><G123/><T22/><D22/><U68/><E33/><V1/><F1/><W84/><G0/><T109/><D109/><U37/><E37/><V63/><F71/><W46/><G118/><T38/><D38/><U82/><E68/><V59/><F59/><W24/><G58/><T8/><D8/><U133/><E9/><V49/><F63/><W54/><G46/><T114/><D114/><U50/><E3/><V98/><F62/><W108/><G108/><T95/><D95/><U4/><E133/><V35/><F35/><W48/><G48/><T94/><D94/><U135/><E50/><V32/><F32/><W89/><G6/><AGARI ba="0,1" hai="2,6,11,20,25,30,44,45,72,79,80,91,93,99" machi="6" ten="40,2600,0" yaku="1,1,52,1,53,0" doraHai="18" doraHaiUra="130" who="0" fromWho="3" sc="194,36,428,0,276,0,92,-26" /><AGARI ba="0,0" hai="6,10,13,16,21,26,49,51,90,92,98" m="43082" machi="6" ten="30,7700,0" yaku="15,1,11,1,52,1,54,1" doraHai="18" who="2" fromWho="3" sc="230,0,428,0,276,77,66,-77" owari="230,-17.0,428,53.0,353,15.0,-11,-51.0" /></mjloggm>