<mjloggm ver="2.3"><GO type="97" lobby="0"/><UN n0="%E3%83%84%E3%82%AB%E3%83%B3%E3%83%9D%E3%83%97" n1="%48%4F%55%53%45%49" n2="%E3%82%A6%E3%83%AB%E3%83%88%E3%83%A9%E7%AB%8B%E7%9B%B4" n3="%E3%82%BD%E3%83%BC%E3%83%8A%E3%83%B3%E3%82%B9" dan="15,14,15,13" rate="1926.35,1836.30,2017.65,1891.45" sx="M,M,M,M"/><TAIKYOKU oya="0"/><INIT seed="0,0,0,3,4,24" ten="250,250,250,250" oya="0" hai0="69,7,119,52,71,116,5,106,9,107,3,18,15" hai1="59,58,92,21,38,11,65,100,61,62,30,98,46" hai2="48,94,85,57,66,113,131,133,112,49,4,127,51" hai3="108,115,12,28,123,104,111,47,76,81,0,86,43"/><T95/><D3/><U109/><E109/><N who="3" m="42058" /><G104/><T79/><D79/><U75/><E75/><V82/><F4/><W97/><G0/><T110/><D110/><U25/><E11/><V88/><F127/><W83/><G115/><T103/><D103/><U29/><E38/><V126/><F126/><W93/><G123/><T8/><D18/><U55/><REACH who="1" step="1"/><E46/><REACH who="1" ten="250,240,250,250" step="2"/><V114/><F113/><W73/><G47/><T124/><D124/><U117/><E117/><V77/><F114/><W42/><G12/><T10/><D10/><U90/><E90/><V78/><F112/><W134/><G134/><T132/><D132/><U102/><E102/><V129/><F133/><W6/><G6/><T101/><D101/><U121/><E121/><V1/><F1/><W96/><G42/><T64/><D15/><U120/><E120/><V23/><F78/><W35/><G43/><T87/><D9/><U50/><E50/><V80/><F77/><N who="3" m="46383" /><G93/><T36/><D8/><U26/><E26/><AGARI ba="0,1" hai="26,28,35,73,76,83,96,97" m="46383,42058" machi="26" ten="30,2000,0" yaku="14,1,52,1" doraHai="24" who="3" fromWho="1" sc="250,0,240,-20,250,0,250,30" /><INIT seed="1,0,0,3,2,1" ten="250,220,250,280" oya="1" hai0="80,114,87,107,46,20,44,28,135,62,59,133,52" hai1="74,131,73,113,37,5,54,24,0,29,45,134,2" hai2="49,120,130,99,9,124,83,12,21,100,32,14,125" hai3="118,22,43,35,115,42,41,6,10,8,112,102,31"/><U64/><E113/><V69/><F69/><W110/><G35/><T3/><D107/><U105/><E105/><V15/><F32/><W60/><G110/><T4/><D114/><U68/><E134/><N who="0" m="51209" /><D20/><U26/><E131/><V75/><F120/><W11/><G118/><T72/><D28/><U94/><E26/><V39/><F39/><W18/><G102/><T33/><D33/><U65/><E65/><V77/><F49/><W95/><G95/><T58/><D58/><U86/><E2/><V84/><F21/><W106/><G106/><T19/><D19/><U78/><E29/><V66/><F66/><W55/><G31/><T89/><D72/><U122/><E24/><V53/><F53/><W51/><G60/><T123/><D123/><U16/><E122/><V104/><F75/><W71/><G71/><T17/><D17/><U61/><E16/><V36/><F36/><W92/><G92/><T25/><D25/><U117/><E117/><V90/><F130/><W56/><REACH who="3" step="1"/><G6/><REACH who="3" ten="250,220,250,270" step="2"/><T121/><D121/><U88/><E78/><V85/><F77/><W126/><G126/><T38/><D38/><U98/><E98/><V23/><F125/><W111/><G111/><T119/><D119/><U57/><E37/><V7/><F124/><W27/><AGARI ba="0,1" hai="8,10,11,18,22,27,41,42,43,51,55,56,112,115" machi="27" ten="30,2000,0" yaku="1,1,0,1,53,0" doraHai="1" doraHaiUra="30" who="3" fromWho="3" sc="250,-5,220,-10,250,-5,270,30" /><INIT seed="2,0,0,4,2,31" ten="245,210,245,300" oya="2" hai0="5,48,107,119,38,58,96,116,97,126,50,64,94" hai1="30,81,65,12,102,53,83,35,55,28,130,52,59" hai2="3,26,73,61,75,15,60,7,131,18,89,0,72" hai3="110,62,124,56,109,66,49,19,92,91,8,105,67"/><V113/><F113/><W87/><G105/><T134/><D38/><U82/><E130/><V9/><F131/><W27/><G124/><T93/><D5/><U98/><E35/><V42/><F42/><W85/><G85/><T34/><D126/><U6/><E6/><V74/><N who="2" m="18432" /><DORA hai="103" /><V111/><F111/><N who="3" m="42507" /><G49/><T63/><D134/><U117/><E12/><V1/><F89/><W71/><G71/><T121/><D121/><U80/><E117/><V14/><REACH who="2" step="1"/><F26/><REACH who="2" ten="245,210,235,300" step="2"/><W70/><G27/><T108/><D119/><U13/><E13/><V33/><F33/><W22/><G70/><T76/><D108/><U118/><E118/><V54/><F54/><N who="3" m="34071" /><G8/><AGARI ba="0,1" hai="0,1,3,7,8,9,14,15,18,60,61" m="18432" machi="8" ten="80,12000,1" yaku="1,1,53,2" doraHai="31,103" doraHaiUra="88,4" who="2" fromWho="3" sc="245,0,210,0,235,130,300,-120" /><INIT seed="2,1,0,1,2,12" ten="245,210,365,180" oya="2" hai0="108,63,18,128,42,33,23,20,96,53,50,104,70" hai1="102,93,52,124,81,46,29,2,75,22,13,25,135" hai2="94,5,9,17,84,100,31,113,71,48,38,37,123" hai3="16,35,103,87,98,106,14,32,78,89,129,109,80"/><V62/><F123/><W59/><G129/><T133/><D33/><U64/><E135/><V44/><F31/><W131/><G131/><T55/><D128/><U67/><E124/><V3/><F113/><W91/><G109/><T69/><D133/><U125/><E125/><V61/><F62/><W79/><G35/><T0/><D0/><U117/><E117/><V41/><F71/><W72/><G32/><T90/><D42/><U122/><E122/><V56/><F100/><W51/><G91/><T19/><D63/><U7/><E2/><V105/><F105/><W60/><G51/><T82/><D50/><N who="1" m="28759" /><E81/><V121/><F121/><W114/><G114/><T28/><D28/><U26/><E26/><V77/><F94/><W120/><G120/><T57/><D108/><U132/><E132/><V40/><F41/><W110/><G110/><T88/><D57/><U111/><E75/><V6/><F38/><W68/><G68/><T86/><D104/><U118/><E118/><V58/><F3/><W83/><G83/><T73/><D73/><U130/><E130/><V49/><F48/><W27/><G27/><N who="0" m="14743" /><D69/><U115/><E115/><V107/><F107/><W43/><G43/><T21/><D21/><U34/><E34/><V47/><F44/><W92/><G106/><T45/><D45/><U116/><E116/><V30/><F37/><W74/><G72/><T126/><D126/><U112/><E112/><V127/><F127/><W99/><G74/><T119/><D70/><U85/><E111/><V134/><F40/><W95/><G103/><T11/><D119/><U39/><E102/><RYUUKYOKU ba="1,0" sc="245,0,210,0,365,0,180,0" /><INIT seed="3,2,0,0,0,59" ten="245,210,365,180" oya="3" hai0="104,73,43,34,96,54,109,93,4,52,33,1,123" hai1="63,116,115,27,11,0,2,113,40,9,124,29,60" hai2="13,128,28,84,20,67,79,132,121,15,72,3,55" hai3="49,114,65,41,75,7,98,99,95,8,117,87,64"/><W103/><G117/><T36/><D123/><U131/><E40/><V127/><F3/><W62/><G114/><T19/><D104/><U130/><E116/><V91/><F121/><W61/><G75/><T105/><D105/><U81/><E81/><V83/><F67/><N who="3" m="25675" /><G87/><T50/><D73/><U25/><REACH who="1" step="1"/><E29/><REACH who="1" ten="245,200,365,180" step="2"/><V47/><F83/><W89/><G7/><T39/><D43/><U86/><E86/><V134/><F84/><W58/><G8/><T44/><D4/><U85/><E85/><V22/><F72/><W125/><G125/><AGARI ba="2,1" hai="0,2,9,11,25,27,60,63,113,115,124,125,130,131" machi="125" ten="25,12000,2" yaku="1,1,22,2,52,2,53,2" doraHai="59" doraHaiUra="21" who="1" fromWho="3" sc="245,0,200,136,365,0,180,-126" owari="245,-15.0,336,14.0,365,46.0,54,-45.0" /></mjloggm>