<mjloggm ver="2.3"><GO type="97" lobby="0"/><UN n0="%E5%AE%A4%E8%98%AD%E3%81%AE%E6%98%9F" n1="%E3%83%81%E3%83%A7%E3%83%B3%E3%83%9C%E5%90%9B" n2="%E5%85%AD%E6%9D%A1%E3%81%AE%E5%BE%A1%E6%81%AF%E6%89%80" n3="%E3%82%A6%E3%83%AB%E3%83%88%E3%83%A9%E7%AB%8B%E7%9B%B4" dan="14,13,13,15" rate="1978.23,1926.19,1898.53,1998.35" sx="M,M,F,M"/><TAIKYOKU oya="0"/><INIT seed="0,0,0,2,1,61" ten="250,250,250,250" oya="0" hai0="117,72,102,82,59,45,43,53,101,123,130,68,114" hai1="80,40,55,116,84,47,39,34,129,2,33,42,107" hai2="121,95,35,87,120,93,69,25,63,48,44,115,128" hai3="92,64,106,49,8,131,124,1,38,78,76,54,24"/><T86/><D123/><U89/><E107/><V112/><F128/><W20/><G38/><T9/><D72/><U7/><E116/><V127/><F127/><W73/><G106/><T56/><D68/><U104/><E104/><V6/><F6/><W118/><G118/><T19/><D59/><U108/><E129/><V3/><F3/><W31/><G73/><T52/><D117/><U100/><E100/><V37/><F37/><W133/><G124/><T10/><D10/><U67/><E108/><V96/><F35/><W13/><G1/><T11/><D11/><U71/><E40/><V28/><F87/><W135/><G131/><T90/><D114/><U110/><E110/><V23/><F95/><W26/><G26/><T83/><D83/><U36/><E36/><V77/><F77/><W98/><G133/><T14/><D130/><U74/><E55/><N who="0" m="21065" /><D56/><U126/><E126/><V58/><F69/><W79/><G135/><T88/><D90/><U65/><E71/><V30/><F30/><W97/><G92/><T51/><AGARI ba="0,0" hai="9,14,19,43,45,51,82,86,88,101,102" m="21065" machi="51" ten="30,6000,0" yaku="8,1,54,2" doraHai="61" who="0" fromWho="0" sc="250,60,250,-20,250,-20,250,-20" /><INIT seed="0,1,0,1,5,44" ten="310,230,230,230" oya="0" hai0="50,96,91,59,38,95,120,135,68,45,16,75,1" hai1="76,56,124,129,97,31,92,60,55,20,89,132,113" hai2="48,52,3,111,7,94,69,17,23,118,78,32,104" hai3="15,98,133,26,11,84,39,47,79,6,99,67,108"/><T57/><D1/><U110/><E124/><V14/><F104/><W25/><G133/><T24/><D75/><U4/><E132/><V49/><F69/><W119/><G119/><T18/><D135/><U9/><E129/><V130/><F130/><W53/><G67/><T46/><D68/><U85/><E113/><V51/><F118/><W41/><G108/><T103/><D120/><U117/><E117/><V42/><F111/><W62/><G53/><T107/><D38/><U134/><E134/><V8/><F42/><W121/><G62/><T73/><D73/><U19/><E110/><V33/><F78/><W66/><G66/><T80/><D45/><U30/><E85/><V35/><REACH who="2" step="1"/><F94/><REACH who="2" ten="310,230,220,230" step="2"/><W123/><G123/><T114/><D107/><U77/><E76/><V22/><F22/><W70/><G70/><T112/><D112/><U82/><E77/><V64/><F64/><W34/><G121/><T27/><D114/><U100/><E82/><V115/><F115/><W37/><G34/><T21/><D80/><U127/><E127/><V109/><F109/><W58/><G79/><T72/><D72/><U36/><E36/><V40/><F40/><W116/><G39/><T0/><D21/><U101/><E101/><V2/><F2/><W93/><G116/><T122/><D0/><N who="1" m="135" /><E100/><V128/><F128/><W87/><G37/><T54/><D103/><U106/><E106/><V65/><F65/><W131/><G131/><T63/><D122/><U71/><E71/><V28/><F28/><W12/><G41/><T125/><D125/><U126/><E126/><V88/><F88/><RYUUKYOKU ba="1,1" sc="310,-15,230,15,220,15,230,-15" hai1="19,20,30,31,55,56,60,89,92,97" hai2="3,7,8,14,17,23,32,33,35,48,49,51,52" /><INIT seed="1,2,1,0,4,88" ten="295,245,235,215" oya="1" hai0="67,128,44,4,105,49,18,65,117,112,101,25,37" hai1="78,85,110,19,27,62,17,92,24,10,6,39,46" hai2="124,106,119,29,57,21,58,42,93,8,123,1,116" hai3="122,114,63,43,91,75,68,118,86,9,64,97,82"/><U52/><E110/><V74/><F106/><W50/><G114/><T131/><D112/><U55/><E39/><V70/><F70/><W104/><G122/><T87/><D37/><U33/><E33/><V54/><F74/><W26/><G118/><T80/><D117/><U47/><E6/><V59/><F123/><W98/><G75/><T133/><D4/><U134/><E134/><V28/><F124/><W127/><G127/><T7/><D7/><U103/><E62/><V51/><F42/><W107/><G107/><T100/><D133/><U125/><E78/><V113/><F1/><W48/><G104/><T13/><D25/><N who="1" m="9803" /><E125/><V40/><F113/><W79/><G43/><T2/><D2/><U111/><E111/><V22/><F8/><W81/><G81/><T96/><D67/><U36/><E36/><V41/><F119/><W77/><G77/><T115/><D65/><U23/><E10/><V60/><F116/><W109/><G109/><T45/><D115/><U30/><E30/><N who="2" m="11883" /><F40/><W31/><G9/><T5/><D5/><U73/><E73/><V0/><F0/><W84/><G50/><T66/><D66/><U94/><E23/><N who="2" m="8715" /><F41/><W72/><G48/><T12/><D49/><U108/><E108/><V61/><F93/><N who="1" m="35945" /><E103/><V99/><F99/><W38/><G38/><T120/><D100/><U126/><E85/><V34/><F34/><N who="3" m="20855" /><G86/><T11/><D120/><U95/><N who="1" m="35953" /><U35/><DORA hai="121" /><E35/><V15/><F15/><W132/><G132/><T83/><D12/><U16/><E126/><V130/><F130/><N who="0" m="49706" /><D87/><U20/><E20/><V76/><F76/><RYUUKYOKU ba="2,1" sc="295,0,245,0,235,0,215,0" hai0="11,13,18,44,45,80,83,96,101,105" hai1="16,17,19,46,47,52,55" hai2="51,54,57,58,59,60,61" hai3="63,64,68,72,79,82,84,91,97,98" /><INIT seed="1,3,1,4,0,107" ten="295,245,235,215" oya="1" hai0="22,50,79,64,10,51,127,121,4,117,92,12,102" hai1="18,88,106,48,97,83,35,61,44,75,71,132,96" hai2="57,15,126,124,7,80,116,28,87,8,77,78,115" hai3="56,20,2,120,40,32,118,91,129,41,34,33,67"/><U122/><E122/><V100/><F116/><W46/><G2/><T60/><D117/><U37/><E35/><V89/><F100/><W11/><G120/><T39/><D39/><U3/><E3/><V42/><F28/><W114/><G114/><T25/><D79/><U86/><E37/><V17/><F115/><W82/><G118/><T43/><D43/><U54/><E132/><V81/><F42/><W14/><G129/><T123/><D127/><N who="2" m="48682" /><F57/><W24/><G56/><N who="0" m="36871" /><D121/><U74/><E18/><V38/><F38/><W5/><G67/><T128/><D128/><U94/><E106/><V95/><F7/><W98/><G46/><T104/><D104/><U6/><E6/><V1/><F1/><W63/><G63/><T66/><D66/><U130/><E130/><V93/><F81/><W65/><G65/><T23/><D123/><U90/><E71/><V85/><F95/><W45/><G45/><T36/><D36/><U109/><E61/><V13/><F15/><W72/><G41/><T27/><D27/><U26/><E26/><V103/><F103/><W70/><G40/><T69/><D69/><U62/><E62/><V73/><F78/><W58/><G58/><T113/><D113/><U84/><REACH who="1" step="1"/><E109/><REACH who="1" ten="295,235,235,215" step="2"/><V0/><F0/><W68/><G68/><T105/><D105/><U16/><E16/><V111/><F111/><W76/><G70/><T134/><D25/><U47/><E47/><V30/><F30/><N who="3" m="17671" /><G33/><T52/><D134/><U112/><E112/><V59/><F59/><W101/><G101/><T131/><D131/><U99/><AGARI ba="3,2" hai="44,48,54,74,75,83,84,86,88,90,94,96,97,99" machi="99" ten="30,12000,1" yaku="1,1,0,1,52,2,54,1,53,0" doraHai="107" doraHaiUra="55" who="1" fromWho="1" sc="295,-43,235,149,235,-43,215,-43" /><INIT seed="1,4,0,2,0,131" ten="252,384,192,172" oya="1" hai0="86,31,128,77,109,59,20,73,119,125,16,123,63" hai1="113,92,56,91,130,97,66,30,104,25,34,72,6" hai2="127,44,1,132,100,60,114,87,115,51,35,94,79" hai3="117,74,19,0,48,89,38,4,29,101,45,82,105"/><U40/><E113/><N who="2" m="43019" /><F35/><W23/><G117/><T111/><D119/><U58/><E72/><V53/><F1/><W78/><G29/><T49/><D73/><U112/><E112/><V129/><F60/><W69/><G69/><T102/><D102/><U64/><E130/><V3/><F3/><W33/><G33/><T39/><D39/><U18/><E104/><V11/><F129/><W121/><G121/><T55/><D31/><U126/><E126/><V8/><F127/><W32/><G32/><T80/><D125/><U124/><E124/><V42/><F79/><W75/><G75/><T84/><D123/><U15/><E6/><V24/><F24/><W96/><G89/><T21/><D21/><U76/><E40/><V134/><F87/><W122/><G122/><T107/><D128/><U99/><E76/><V62/><F94/><W108/><G108/><N who="0" m="41547" /><D107/><U83/><E83/><V36/><F100/><W22/><G22/><T43/><D77/><U46/><E99/><V12/><F62/><W90/><G90/><T5/><D80/><U37/><E37/><V14/><F11/><N who="3" m="2439" /><G48/><T88/><D88/><U81/><E81/><V26/><F26/><W41/><G23/><T70/><D5/><U61/><E25/><V28/><F28/><W110/><G110/><T120/><D120/><U67/><E30/><V85/><F85/><W98/><G98/><T50/><D70/><U103/><E34/><V27/><F27/><W47/><G19/><T68/><D68/><U52/><E18/><N who="2" m="8455" /><F14/><W93/><G93/><T13/><D63/><U10/><E61/><V71/><F71/><RYUUKYOKU ba="4,0" sc="252,10,384,-30,192,10,172,10" hai0="13,16,20,43,49,50,55,59,84,86" hai2="36,42,44,51,53,132,134" hai3="38,41,45,47,74,78,82,96,101,105" /><INIT seed="2,5,0,5,3,110" ten="262,354,202,182" oya="2" hai0="62,106,130,71,43,66,36,134,65,108,122,101,84" hai1="9,93,7,119,78,96,82,68,76,56,102,133,73" hai2="90,10,15,77,127,87,100,18,31,4,29,135,95" hai3="14,121,32,11,22,129,20,88,74,91,59,41,120"/><V28/><F135/><W49/><G32/><T109/><D84/><U85/><E119/><V44/><F127/><W64/><G74/><T47/><D122/><U3/><E68/><V6/><F44/><N who="3" m="25743" /><G121/><T67/><D134/><U79/><E133/><V2/><F2/><W23/><G120/><T53/><D101/><U117/><E117/><V1/><F1/><W40/><G40/><T92/><D92/><U111/><E111/><N who="0" m="42569" /><D106/><U125/><E125/><V50/><F50/><W116/><G116/><T58/><D130/><U99/><E73/><V63/><F63/><AGARI ba="5,0" hai="36,43,47,53,58,62,63,65,66,67,71" m="42569" machi="63" ten="30,3900,0" yaku="14,1,34,2" doraHai="110" who="0" fromWho="2" sc="262,54,354,0,202,-54,182,0" /><INIT seed="3,0,0,0,4,17" ten="316,354,148,182" oya="3" hai0="125,28,91,67,92,134,27,101,3,62,79,58,117" hai1="22,61,2,132,51,110,33,43,68,114,63,6,127" hai2="74,10,69,42,35,71,88,82,116,98,129,15,118" hai3="48,106,109,65,100,0,123,89,14,30,18,120,131"/><W95/><G0/><T64/><D3/><U31/><E114/><V81/><F35/><W4/><G4/><T46/><D117/><U45/><E33/><V37/><F129/><W80/><G30/><T128/><D128/><U105/><E105/><V9/><F74/><W57/><G131/><T11/><D125/><U97/><E127/><V32/><F32/><W13/><G13/><T96/><D134/><U78/><E132/><V54/><F37/><W73/><G109/><T52/><D11/><U103/><E110/><V53/><F42/><W60/><G100/><T113/><D79/><U66/><E78/><V133/><F133/><W26/><G26/><T111/><D111/><U107/><E63/><V119/><F15/><W19/><G19/><T130/><D130/><U102/><E102/><V49/><F54/><W94/><G106/><T112/><D91/><U25/><E2/><V83/><F10/><W55/><G73/><T34/><REACH who="0" step="1"/><D46/><REACH who="0" ten="306,354,148,182" step="2"/><U99/><E45/><V115/><F9/><N who="3" m="6479" /><G123/><T77/><D77/><U104/><E103/><V75/><F75/><W1/><G1/><T50/><D50/><U93/><E51/><V59/><REACH who="2" step="1"/><F115/><AGARI ba="0,1" hai="27,28,34,52,58,62,64,67,92,96,101,112,113,115" machi="115" ten="40,8000,1" yaku="1,1,11,1,54,1,53,1" doraHai="17" doraHaiUra="23" who="0" fromWho="2" sc="306,90,354,0,148,-80,182,0" owari="396,50.0,354,15.0,68,-43.0,182,-22.0" /></mjloggm>