<mjloggm ver="2.3"><GO type="97" lobby="0"/><UN n0="%E7%AB%8B%E8%8F%AF%E5%A5%8F" n1="%E3%81%AD%E3%81%93%E3%81%98%E3%81%9F" n2="%E3%82%A2%E3%82%B7%E3%83%A5%E3%83%AA%E3%83%BC" n3="%E3%82%A6%E3%83%AB%E3%83%88%E3%83%A9%E7%AB%8B%E7%9B%B4" dan="15,13,15,15" rate="2022.24,1893.80,2008.94,2037.97" sx="F,M,F,M"/><TAIKYOKU oya="0"/><INIT seed="0,0,0,2,4,61" ten="250,250,250,250" oya="0" hai0="83,79,110,28,108,22,85,66,38,87,39,126,19" hai1="103,121,89,18,81,20,123,30,115,59,113,73,3" hai2="74,37,93,6,60,128,68,114,112,119,50,111,7" hai3="43,69,71,100,80,21,53,25,5,70,8,62,40"/><T12/><D126/><U36/><E36/><V13/><F37/><W11/><G100/><T133/><D133/><U64/><E3/><V77/><F119/><W2/><G11/><T45/><D28/><U65/><E103/><V98/><F128/><W54/><G80/><T4/><D4/><U105/><E105/><V120/><F120/><W46/><G62/><T35/><D35/><U23/><E30/><V78/><F111/><N who="0" m="42538" /><D87/><U135/><E135/><V63/><F68/><W14/><G2/><T9/><D22/><U49/><E49/><V125/><F125/><W96/><G96/><T52/><D66/><U88/><E81/><V92/><F13/><W34/><G34/><T102/><D102/><U16/><E59/><V95/><F50/><AGARI ba="0,0" hai="9,12,19,38,39,45,50,52,79,83,85" m="42538" machi="50" ten="30,5800,0" yaku="14,1,10,1,54,1" doraHai="61" who="0" fromWho="2" sc="250,58,250,0,250,-58,250,0" /><INIT seed="0,1,0,2,5,53" ten="308,250,192,250" oya="0" hai0="78,120,70,81,21,37,85,65,15,114,54,74,19" hai1="3,56,104,121,128,57,22,44,13,88,42,47,98" hai2="23,77,31,92,43,61,20,108,123,90,84,83,97" hai3="106,62,69,87,102,51,115,11,134,107,1,89,75"/><T41/><D114/><U63/><E3/><V125/><F123/><W34/><G75/><T24/><D120/><U50/><E121/><V73/><F125/><W52/><G115/><T4/><D74/><U101/><E128/><V68/><F43/><W27/><G134/><T17/><D4/><U55/><E42/><V105/><F108/><W30/><G11/><T9/><D41/><U8/><E22/><V111/><F111/><W5/><G5/><T95/><D37/><U133/><E133/><V135/><F135/><W72/><G1/><T10/><D95/><U110/><E110/><V2/><F2/><W127/><G72/><T132/><D132/><U25/><E25/><V82/><F31/><W96/><G107/><T117/><D117/><U18/><REACH who="1" step="1"/><E88/><REACH who="1" ten="308,240,192,250" step="2"/><V91/><REACH who="2" step="1"/><F105/><REACH who="2" ten="308,240,182,250" step="2"/><W59/><G127/><T16/><D10/><U130/><E130/><V124/><F124/><W118/><G118/><T86/><D9/><U76/><E76/><V12/><F12/><W26/><G26/><T112/><D15/><U33/><E33/><V71/><F71/><W113/><G113/><T35/><D112/><U48/><E48/><V38/><F38/><W79/><G79/><T109/><D35/><U99/><E99/><V36/><F36/><W119/><G119/><T80/><D109/><U66/><AGARI ba="1,2" hai="8,13,18,44,47,50,55,56,57,63,66,98,101,104" machi="66" ten="20,12000,2" yaku="1,1,0,1,7,1,52,2,53,1" doraHai="53" doraHaiUra="49" who="1" fromWho="1" sc="308,-61,240,143,182,-31,250,-31" /><INIT seed="1,0,0,2,1,24" ten="247,383,151,219" oya="1" hai0="94,33,106,14,21,108,32,70,36,75,2,123,59" hai1="4,48,95,66,90,131,128,42,92,126,91,7,47" hai2="26,65,37,79,84,44,129,134,29,13,9,135,57" hai3="23,104,124,54,3,52,83,62,100,18,118,105,22"/><U77/><E66/><V56/><F37/><W107/><G3/><T46/><D106/><U86/><E77/><V55/><F65/><W130/><G100/><T82/><D70/><U114/><E126/><V121/><F121/><W127/><G130/><T8/><D123/><U112/><E7/><V38/><F129/><W64/><G83/><T19/><D108/><U116/><E4/><V58/><F79/><W49/><G118/><T41/><D94/><U125/><E125/><N who="3" m="48202" /><G49/><T43/><D43/><U45/><E116/><V27/><F84/><W103/><G103/><T102/><D102/><U31/><E48/><V25/><F38/><W111/><G111/><T101/><D101/><U76/><E76/><V122/><F122/><W68/><G23/><T119/><D119/><U71/><E86/><V50/><REACH who="2" step="1"/><F29/><REACH who="2" ten="247,383,141,219" step="2"/><W63/><G63/><T81/><D36/><U93/><E71/><V17/><AGARI ba="0,1" hai="9,13,17,25,26,27,44,50,55,56,57,58,134,135" machi="17" ten="40,5200,0" yaku="1,1,2,1,0,1,53,0" doraHai="24" doraHaiUra="115" who="2" fromWho="2" sc="247,-13,383,-26,141,62,219,-13" /><INIT seed="2,0,0,0,3,94" ten="234,357,203,206" oya="2" hai0="23,34,123,16,104,112,121,66,3,86,52,72,96" hai1="45,69,1,73,13,81,77,29,75,79,19,36,58" hai2="70,125,50,62,18,32,15,110,118,129,55,56,124" hai3="59,43,85,46,6,9,61,71,26,49,10,122,42"/><V57/><F118/><W7/><G71/><T65/><D72/><U24/><E69/><V111/><F32/><W20/><G122/><T130/><D34/><U44/><E1/><V39/><F39/><W25/><G85/><T67/><D3/><U76/><E58/><V90/><F90/><W27/><G20/><T51/><D112/><U107/><E107/><V101/><F101/><W87/><G87/><T31/><D31/><U119/><E119/><V93/><F93/><W114/><G114/><T120/><D130/><U102/><E102/><V109/><F70/><W11/><REACH who="3" step="1"/><G43/><REACH who="3" ten="234,357,203,196" step="2"/><T97/><D86/><U103/><E75/><V33/><F33/><W64/><AGARI ba="0,1" hai="6,7,9,10,11,25,26,27,42,46,49,59,61,64" machi="64" ten="30,7900,0" yaku="1,1,2,1,0,1,8,1,53,0" doraHai="94" doraHaiUra="98" who="3" fromWho="3" sc="234,-20,357,-20,203,-39,196,89" /><INIT seed="3,0,0,4,2,37" ten="214,337,164,285" oya="3" hai0="41,96,32,1,98,67,8,100,48,92,60,93,105" hai1="42,59,6,27,114,10,40,115,33,99,47,28,5" hai2="55,31,11,14,108,13,38,19,125,34,23,86,133" hai3="64,66,75,22,72,84,70,54,15,58,74,102,18"/><W121/><G121/><T51/><D32/><U91/><E59/><V61/><F38/><W83/><G102/><T16/><D105/><U7/><E10/><V29/><F108/><W26/><G70/><T117/><D117/><U4/><N who="1" m="1536" /><DORA hai="76" /><U107/><E42/><V122/><F122/><W12/><G74/><T9/><D1/><U20/><E20/><V77/><F133/><W49/><G75/><T104/><D104/><U62/><E62/><V120/><F120/><W127/><G72/><T119/><D119/><U101/><REACH who="1" step="1"/><E91/><REACH who="1" ten="214,327,164,285" step="2"/><V63/><F125/><W36/><G127/><T112/><D41/><U57/><E57/><V87/><F61/><W97/><G36/><AGARI ba="0,1" hai="27,28,33,36,40,47,99,101,107,114,115" m="1536" machi="36" ten="50,8000,1" yaku="1,1,52,1,53,2" doraHai="37,76" doraHaiUra="109,124" who="1" fromWho="3" sc="214,0,327,90,164,0,285,-80" owari="214,1.0,417,52.0,164,-34.0,205,-19.0" /></mjloggm>