<mjloggm ver="2.3"><GO type="97" lobby="0"/><UN n0="%50%4D" n1="%4C%45%42%52%4F%4E" n2="%31%33%36%30" n3="%E3%82%A6%E3%83%AB%E3%83%88%E3%83%A9%E7%AB%8B%E7%9B%B4" dan="14,15,15,15" rate="1941.40,1958.27,1991.15,2001.68" sx="F,F,M,M"/><TAIKYOKU oya="0"/><INIT seed="0,0,0,1,5,55" ten="250,250,250,250" oya="0" hai0="15,62,35,84,127,18,126,115,112,74,97,111,87" hai1="96,123,125,91,63,95,47,29,40,80,3,37,42" hai2="1,124,78,43,102,128,122,14,121,60,134,116,66" hai3="86,10,93,94,98,7,50,21,30,28,75,48,106"/><T113/><D74/><U8/><E123/><V6/><F1/><W56/><G106/><T72/><D72/><U114/><E125/><N who="0" m="47625" /><D35/><U131/><E131/><V54/><F124/><W73/><G73/><T45/><D111/><U61/><E114/><V31/><F78/><W51/><G75/><T69/><D97/><U22/><E42/><V26/><F102/><W120/><G120/><T130/><D130/><U89/><E29/><V27/><F43/><W19/><G86/><T77/><D77/><U41/><E41/><V38/><F38/><W44/><G98/><T9/><D45/><U103/><E22/><V100/><F116/><W117/><G44/><T65/><AGARI ba="0,0" hai="9,15,18,62,65,69,84,87,112,113,115" m="47625" machi="65" ten="40,2100,0" yaku="18,1" doraHai="55" who="0" fromWho="0" sc="250,21,250,-7,250,-7,250,-7" /><INIT seed="0,1,0,4,3,80" ten="271,243,243,243" oya="0" hai0="46,18,5,113,82,128,47,3,122,9,30,93,25" hai1="130,76,104,96,60,49,38,97,81,67,94,118,86" hai2="91,21,14,32,0,66,55,20,135,115,16,27,44" hai3="121,85,117,109,129,15,102,11,17,105,84,31,78"/><T48/><D122/><U126/><E118/><V99/><F115/><W22/><G117/><T125/><D113/><U133/><E38/><V89/><F0/><W65/><G109/><T110/><D110/><U124/><E104/><V13/><F32/><W83/><G129/><T100/><D128/><U43/><E130/><V41/><F135/><W29/><G121/><T71/><D125/><N who="1" m="48235" /><E133/><V40/><F66/><W24/><G65/><T63/><D82/><U116/><E116/><V73/><F73/><W8/><G102/><T108/><D108/><U98/><E49/><N who="2" m="29095" /><F14/><W88/><G105/><T90/><D100/><N who="1" m="60439" /><E43/><N who="2" m="16459" /><F99/><W2/><G2/><T39/><D39/><U72/><E72/><V45/><F45/><W111/><G111/><T37/><D37/><U10/><E10/><N who="3" m="3626" /><G15/><T106/><D47/><U114/><E114/><V53/><F53/><W51/><G51/><T92/><D48/><U1/><E1/><V61/><F61/><W74/><G74/><T62/><D63/><U50/><E50/><V120/><F120/><W77/><G77/><T54/><D62/><U75/><E75/><V42/><N who="2" m="16467" /><V19/><AGARI ba="1,0" hai="13,16,19,20,21,27,89,91" m="16467,29095" machi="19" ten="40,5200,0" yaku="4,1,8,1,54,1" doraHai="80" who="2" fromWho="2" sc="271,-27,243,-14,243,55,243,-14" /><INIT seed="1,0,0,4,2,111" ten="244,229,298,229" oya="1" hai0="46,126,17,122,54,105,41,42,91,45,65,61,88" hai1="80,10,135,31,11,67,85,27,5,113,99,59,128" hai2="120,75,132,116,109,15,40,125,3,108,103,64,69" hai3="30,51,7,18,129,12,131,79,53,21,8,47,6"/><U22/><E113/><V14/><F3/><W68/><G68/><T2/><D126/><U110/><E110/><N who="2" m="42603" /><F75/><W112/><G112/><T118/><D118/><U101/><E128/><N who="3" m="49226" /><G79/><T86/><D105/><U58/><E135/><V62/><F116/><W39/><G39/><T33/><D33/><U25/><E27/><AGARI ba="0,0" hai="6,7,8,12,18,21,27,30,47,51,53" m="49226" machi="27" ten="30,1000,0" yaku="19,1" doraHai="111" who="3" fromWho="1" sc="244,0,229,-10,298,0,229,10" /><INIT seed="2,0,0,3,1,4" ten="244,219,298,239" oya="2" hai0="93,11,109,88,9,49,85,55,6,15,97,38,39" hai1="76,70,79,107,91,40,125,13,26,77,119,63,16" hai2="111,92,116,8,102,68,20,18,81,30,67,10,1" hai3="99,36,101,120,35,44,43,71,74,58,132,64,73"/><V19/><F116/><W134/><G120/><T100/><D109/><U106/><E119/><V95/><F68/><W23/><G35/><T87/><D85/><U48/><E125/><V34/><F1/><W115/><G71/><T33/><D33/><U129/><E129/><V103/><F34/><W25/><G115/><T135/><D135/><N who="3" m="51753" /><G58/><T98/><D97/><U28/><E91/><V131/><F131/><W37/><G64/><T29/><D29/><U124/><E124/><V53/><F67/><W2/><G2/><T114/><D114/><U86/><E86/><V21/><F111/><W117/><G37/><T60/><D60/><U127/><E127/><V65/><F65/><W90/><G90/><T3/><D3/><U7/><E7/><V22/><F81/><W61/><G61/><T104/><REACH who="0" step="1"/><D11/><REACH who="0" ten="234,219,298,239" step="2"/><N who="2" m="4138" /><F30/><N who="3" m="17727" /><G117/><T105/><D105/><AGARI ba="0,1" hai="36,43,44,73,74,99,101,105" m="17727,51753" machi="105" ten="30,1000,0" yaku="20,1" doraHai="4" who="3" fromWho="0" sc="234,-10,219,0,298,0,239,20" /><INIT seed="3,0,0,2,4,134" ten="224,219,298,259" oya="3" hai0="13,71,80,74,10,38,82,102,8,81,16,91,64" hai1="51,115,132,31,41,121,17,70,29,28,47,63,39" hai2="7,116,124,123,4,104,73,25,111,19,55,20,77" hai3="98,59,45,42,60,35,44,36,101,88,33,68,95"/><W131/><G68/><T100/><D38/><U0/><E121/><V97/><F116/><W53/><G131/><T93/><D74/><U58/><E115/><V86/><F73/><W27/><G45/><T66/><D71/><U12/><E0/><V69/><F69/><W11/><G11/><T2/><D2/><U37/><E70/><V126/><F55/><W106/><REACH who="3" step="1"/><G27/><REACH who="3" ten="224,219,298,249" step="2"/><T48/><D8/><U1/><E132/><V22/><F123/><W30/><G30/><T46/><D66/><U87/><E1/><V120/><F120/><W112/><G112/><T52/><REACH who="0" step="1"/><D64/><REACH who="0" ten="214,219,298,249" step="2"/><U119/><E119/><V26/><F7/><W67/><G67/><T49/><D49/><U56/><E39/><V130/><F4/><W85/><AGARI ba="0,2" hai="33,35,36,42,44,53,59,60,85,88,95,98,101,106" machi="85" ten="20,7800,0" yaku="1,1,0,1,7,1,54,1,53,0" doraHai="134" doraHaiUra="128" who="3" fromWho="3" sc="214,-26,219,-26,298,-26,249,98" owari="188,-31.0,193,-21.0,272,7.0,347,45.0" /></mjloggm>