<mjloggm ver="2.3"><GO type="97" lobby="0"/><UN n0="%E3%82%80%E3%83%BC%E3%82%80%E2%98%86%E5%BD%A1" n1="%E3%82%A6%E3%83%AB%E3%83%88%E3%83%A9%E7%AB%8B%E7%9B%B4" n2="%73%68%6F%6E%79%61%6E%31" n3="%E8%BF%91%E3%82%AA%E3%83%AA%E5%85%9A" dan="13,14,14,15" rate="1887.53,1901.07,1919.19,1979.37" sx="M,M,M,M"/><TAIKYOKU oya="0"/><INIT seed="0,0,0,3,3,43" ten="250,250,250,250" oya="0" hai0="78,9,113,126,61,38,16,32,119,18,95,67,74" hai1="3,19,58,27,28,84,41,129,2,112,73,14,83" hai2="50,105,4,123,48,44,31,104,133,99,62,130,93" hai3="108,132,17,59,53,91,20,13,47,45,35,90,40"/><T134/><D119/><U111/><E73/><V55/><F123/><W117/><G35/><T70/><D113/><U64/><E112/><V36/><F36/><W110/><G117/><T107/><D107/><U51/><E111/><N who="3" m="42538" /><G132/><T71/><D71/><U49/><E129/><V60/><F133/><W76/><G76/><T66/><D66/><U24/><E51/><V34/><F4/><W39/><G47/><T115/><D115/><U10/><E27/><V68/><F130/><W15/><G15/><T25/><D134/><U69/><E69/><V5/><F5/><W46/><G46/><T122/><D122/><U96/><E96/><V124/><F124/><W120/><G120/><T75/><D126/><U98/><E98/><V37/><F37/><W86/><G86/><T63/><D63/><AGARI ba="0,0" hai="13,17,20,39,40,45,53,59,63,90,91" m="42538" machi="63" ten="30,2000,0" yaku="14,1,52,1" doraHai="43" who="3" fromWho="0" sc="250,-20,250,0,250,0,250,20" /><INIT seed="1,0,0,5,5,121" ten="230,250,250,270" oya="1" hai0="95,93,55,96,123,10,48,91,34,27,108,103,17" hai1="101,115,82,12,37,63,80,54,76,7,118,88,25" hai2="28,128,23,64,57,20,84,65,19,5,40,135,120" hai3="94,116,68,130,122,62,9,61,21,119,133,30,81"/><U77/><E37/><V29/><F120/><W106/><G122/><T26/><D123/><U100/><E118/><V98/><F128/><W8/><G106/><T86/><D34/><U41/><E41/><V45/><F5/><W90/><G130/><T131/><D131/><U4/><E25/><V132/><F98/><W60/><G68/><T72/><D72/><U109/><E115/><V70/><F70/><W107/><G107/><T50/><D50/><U32/><E32/><V42/><F84/><W66/><G66/><T33/><D33/><U58/><E109/><V31/><F57/><W134/><G81/><N who="1" m="31338" /><E88/><V46/><F31/><W102/><G102/><N who="1" m="39530" /><E12/><V59/><F59/><W15/><G30/><T6/><D6/><AGARI ba="0,0" hai="4,6,7,54,58,63,76,77" m="39530,31338" machi="6" ten="30,1500,0" yaku="8,1" doraHai="121" who="1" fromWho="0" sc="230,-15,250,15,250,0,270,0" /><INIT seed="1,1,0,3,3,61" ten="215,265,250,270" oya="1" hai0="92,78,109,114,64,100,48,108,111,133,16,10,47" hai1="65,51,77,57,125,106,115,129,22,91,19,71,20" hai2="23,34,60,62,101,69,37,52,73,41,5,128,18" hai3="96,14,66,88,79,45,105,12,75,86,116,39,50"/><U49/><E106/><V131/><F73/><W83/><G39/><T82/><D114/><U85/><E115/><V113/><F34/><W36/><G116/><T3/><D133/><U80/><E125/><V132/><F113/><W26/><G36/><T95/><D100/><U107/><E107/><V117/><F117/><W84/><G26/><T8/><D8/><U70/><E129/><N who="2" m="49739" /><F101/><N who="3" m="62631" /><G84/><N who="0" m="48215" /><D3/><U53/><E51/><V56/><F5/><W68/><G50/><T74/><D74/><U1/><E1/><V63/><F132/><W90/><G45/><T94/><D64/><U35/><E35/><V13/><F69/><W17/><G90/><T130/><D130/><U102/><E102/><V28/><F28/><W30/><G30/><T118/><D118/><U46/><E91/><V44/><AGARI ba="1,0" hai="13,18,23,37,41,44,52,56,60,62,63" m="49739" machi="44" ten="30,2000,0" yaku="19,1,54,1" doraHai="61" who="2" fromWho="2" sc="215,-6,265,-11,250,23,270,-6" /><INIT seed="2,0,0,0,4,51" ten="209,254,273,264" oya="2" hai0="46,59,87,115,74,68,104,66,35,95,22,8,86" hai1="45,27,121,48,54,6,105,41,17,14,96,38,11" hai2="70,10,15,64,117,73,57,88,126,80,40,44,24" hai3="122,90,77,20,123,82,33,32,62,12,18,36,108"/><V78/><F117/><W114/><G36/><T103/><D74/><U133/><E121/><V107/><F107/><W5/><G114/><T21/><D115/><U101/><E133/><V31/><F70/><W25/><G90/><T84/><D35/><U67/><E67/><V58/><F126/><W106/><G106/><T131/><D68/><U65/><E65/><V34/><F64/><W81/><G62/><T3/><D104/><U110/><E110/><V128/><F128/><W63/><G63/><T113/><D113/><U112/><E112/><V111/><F111/><W109/><G81/><T125/><D125/><U53/><E38/><V118/><F118/><W120/><G33/><T75/><D75/><U9/><E27/><V116/><F116/><W28/><REACH who="3" step="1"/><G5/><REACH who="3" ten="209,254,273,254" step="2"/><T100/><D131/><U49/><E49/><V2/><F88/><W99/><G99/><T0/><D100/><U56/><E56/><V55/><F34/><W42/><G42/><T127/><D59/><U124/><E124/><V60/><F40/><W71/><G71/><T43/><D43/><U94/><REACH who="1" step="1"/><E105/><REACH who="1" ten="209,244,273,254" step="2"/><V52/><F58/><W130/><G130/><T47/><D103/><U72/><E72/><AGARI ba="0,2" hai="12,18,20,25,28,32,72,77,82,108,109,120,122,123" machi="72" ten="40,1300,0" yaku="1,1,53,0" doraHai="51" doraHaiUra="39" who="3" fromWho="1" sc="209,0,244,-13,273,0,254,33" /><INIT seed="3,0,0,4,4,100" ten="209,231,273,287" oya="3" hai0="131,79,20,36,99,97,111,60,120,110,98,95,15" hai1="109,105,3,108,51,70,10,7,49,67,53,13,39" hai2="80,2,134,37,87,14,64,119,69,92,114,59,22" hai3="56,113,76,48,21,129,84,31,26,82,122,9,101"/><W44/><G122/><T83/><D120/><U47/><E39/><V0/><F69/><W11/><G113/><T106/><D36/><U71/><E3/><V121/><F37/><W118/><G118/><T130/><D60/><U4/><E67/><V35/><F35/><W66/><G101/><N who="0" m="62783" /><D20/><U135/><E135/><V45/><F114/><W115/><G115/><T88/><D15/><U107/><E7/><V8/><F119/><W85/><G85/><N who="0" m="48383" /><D98/><U93/><E93/><V12/><F134/><W38/><G38/><T17/><D17/><U41/><E71/><V68/><F45/><W116/><G116/><T126/><D126/><U123/><E70/><V73/><F68/><W72/><G72/><T74/><D74/><U40/><E123/><V54/><F64/><W112/><G112/><T43/><D43/><U127/><E127/><V29/><F73/><W27/><G27/><T63/><D63/><U46/><E53/><V96/><F121/><W132/><G132/><T104/><D104/><AGARI ba="0,0" hai="4,10,13,40,41,46,47,49,51,104,105,107,108,109" machi="104" ten="40,8000,1" yaku="9,1,52,3" doraHai="100" who="1" fromWho="0" sc="209,-80,231,80,273,0,287,0" owari="129,-37.0,311,41.0,273,-13.0,287,9.0" /></mjloggm>