<mjloggm ver="2.3"><GO type="97" lobby="0"/><UN n0="%E3%82%A6%E3%83%AB%E3%83%88%E3%83%A9%E7%AB%8B%E7%9B%B4" n1="%2D%2D%6B%61%7A%75%2D%2D" n2="%C2%B1%30" n3="%E5%A4%A9%E7%8B%97%E5%85%9A" dan="15,15,15,14" rate="1967.77,1989.35,2051.91,1884.74" sx="M,M,M,M"/><TAIKYOKU oya="0"/><INIT seed="0,0,0,2,1,53" ten="250,250,250,250" oya="0" hai0="30,93,40,85,135,117,91,108,69,84,62,56,123" hai1="21,6,11,96,67,75,81,19,12,33,64,89,72" hai2="122,104,131,10,127,4,59,0,101,65,130,99,119" hai3="20,23,29,17,124,74,79,28,52,49,128,27,34"/><T22/><D123/><U120/><E120/><V126/><F122/><W51/><G128/><N who="2" m="49193" /><F119/><W80/><G124/><N who="2" m="47657" /><F65/><W38/><G38/><T31/><D135/><U68/><E68/><V43/><F43/><W106/><G106/><T103/><D69/><U42/><E42/><V54/><F54/><W70/><G70/><T114/><D117/><U116/><E116/><V36/><F59/><W82/><G82/><T8/><D114/><U88/><E64/><V71/><F71/><W94/><G94/><T2/><D108/><U63/><E33/><V13/><F13/><W41/><G41/><T26/><D40/><U105/><E105/><V39/><AGARI ba="0,0" hai="0,4,10,36,39,99,101,104" m="47657,49193" machi="39" ten="40,5200,0" yaku="19,1,18,1,23,1" doraHai="53" who="2" fromWho="2" sc="250,-26,250,-13,250,52,250,-13" /><INIT seed="1,0,0,4,5,62" ten="224,237,302,237" oya="1" hai0="36,92,66,134,97,80,52,43,48,47,39,122,116" hai1="72,49,16,109,18,74,30,8,45,55,41,104,14" hai2="96,114,1,51,22,42,64,3,7,38,46,54,127" hai3="86,20,13,69,4,67,56,17,50,70,131,79,98"/><U28/><E104/><V105/><F114/><W89/><G131/><T73/><D116/><U125/><E125/><V87/><F127/><W63/><G4/><T82/><D122/><U21/><E74/><V117/><F117/><W130/><G130/><T59/><D134/><U32/><E72/><V101/><F87/><W84/><G79/><T0/><D0/><U34/><E109/><V15/><F7/><W133/><G133/><T83/><D73/><U26/><E30/><V93/><F105/><W61/><G50/><T81/><N who="0" m="20480" /><DORA hai="75" /><T128/><D128/><U29/><E34/><V124/><F124/><W53/><REACH who="3" step="1"/><G70/><REACH who="3" ten="224,237,302,227" step="2"/><T27/><D36/><U99/><E32/><V23/><F1/><W90/><G90/><T112/><D39/><U95/><E41/><V106/><F3/><W10/><G10/><T129/><D129/><U119/><E119/><V126/><F126/><W35/><G35/><T120/><D43/><U102/><AGARI ba="0,1" hai="8,14,16,18,21,26,28,29,45,49,55,95,99,102" machi="102" ten="20,7800,0" yaku="0,1,7,1,8,1,54,1" doraHai="62,75" who="1" fromWho="1" sc="224,-26,237,88,302,-26,227,-26" /><INIT seed="1,1,0,4,0,101" ten="198,325,276,201" oya="1" hai0="62,50,30,68,31,26,132,104,56,6,37,117,23" hai1="10,67,109,45,3,8,70,2,27,66,107,17,112" hai2="108,57,42,115,84,14,46,28,133,65,71,118,111" hai3="24,114,41,58,83,91,1,51,95,81,87,121,75"/><U78/><E112/><V89/><F28/><W96/><G1/><T36/><D117/><U69/><E27/><V124/><F118/><W64/><G121/><T86/><D132/><U5/><E45/><V44/><F14/><W29/><G114/><T19/><D37/><U63/><E78/><V38/><F84/><W34/><G75/><T22/><D36/><U43/><E43/><V106/><F89/><W21/><G34/><T9/><D68/><U48/><E48/><V32/><F46/><W20/><G20/><T40/><D104/><U94/><E94/><V113/><F32/><W76/><G76/><T103/><D103/><U116/><E116/><V123/><F123/><W97/><G97/><T126/><D126/><U16/><E109/><N who="2" m="42059" /><F57/><W92/><G41/><T4/><D30/><U12/><E107/><V82/><F82/><W33/><G33/><T13/><D86/><U127/><E127/><V79/><F79/><W52/><G64/><N who="0" m="38983" /><D9/><U77/><E77/><V11/><F11/><W110/><G110/><T74/><D74/><U0/><E17/><V59/><F124/><W73/><G73/><T130/><D130/><U98/><E98/><V61/><F106/><W122/><G122/><T72/><D72/><U119/><E119/><V85/><F85/><W100/><AGARI ba="1,0" hai="21,24,29,51,52,58,81,83,87,91,92,95,96,100" machi="100" ten="20,5200,0" yaku="0,1,7,1,8,1,54,1" doraHai="101" who="3" fromWho="3" sc="198,-14,325,-27,276,-14,201,55" /><INIT seed="2,0,0,5,1,83" ten="184,298,262,256" oya="2" hai0="2,16,126,36,48,62,91,123,118,97,131,95,55" hai1="66,0,29,106,19,26,61,110,53,96,98,24,67" hai2="70,111,37,125,124,42,7,114,22,105,50,109,85" hai3="92,102,47,64,89,15,8,120,84,18,58,11,119"/><V49/><F105/><W3/><G120/><T60/><D36/><U45/><E0/><V78/><F70/><W31/><G119/><T75/><D123/><U101/><E110/><N who="2" m="41995" /><F114/><W10/><G3/><T82/><D118/><U115/><E115/><V108/><F7/><W35/><G35/><T17/><D126/><N who="2" m="48746" /><F22/><W65/><G31/><T128/><D2/><U113/><E113/><V94/><N who="2" m="42003" /><V63/><DORA hai="117" /><F63/><N who="3" m="38007" /><G65/><T86/><D75/><U28/><E19/><N who="0" m="7241" /><D131/><U112/><E112/><V38/><F78/><W43/><G102/><N who="0" m="60735" /><D128/><U135/><E28/><V39/><F42/><W127/><G127/><T23/><D23/><U116/><E116/><V73/><F73/><W56/><G56/><AGARI ba="0,0" hai="48,55,56,60,62,82,86,91" m="60735,7241" machi="56" ten="30,3900,0" yaku="8,1,52,1,54,1" doraHai="83,117" who="0" fromWho="3" sc="184,39,298,0,262,0,256,-39" /><INIT seed="3,0,0,3,1,65" ten="223,298,262,217" oya="3" hai0="20,9,102,123,71,101,106,127,82,69,85,16,10" hai1="83,84,12,99,29,88,108,107,67,112,134,47,122" hai2="118,117,21,62,14,63,34,103,105,50,33,32,104" hai3="24,128,8,4,0,11,72,126,119,96,90,132,60"/><W110/><G119/><T135/><D123/><U59/><E122/><V79/><F79/><W44/><G126/><T77/><D127/><U26/><E112/><V37/><F37/><W17/><G132/><T95/><D135/><U64/><E134/><V78/><F78/><W66/><G110/><T27/><D106/><U130/><E108/><V73/><F73/><W76/><G128/><T31/><D95/><U51/><E130/><V109/><F109/><W113/><G113/><T25/><D10/><U1/><E1/><V133/><F133/><W120/><G120/><T19/><D19/><U53/><E12/><V86/><F86/><W54/><G76/><T5/><D102/><U92/><E107/><V22/><F50/><W13/><G72/><T48/><D101/><U91/><E47/><V2/><F34/><AGARI ba="0,0" hai="26,29,34,51,53,59,64,67,83,84,88,91,92,99" machi="34" ten="30,2000,0" yaku="7,1,54,1" doraHai="65" who="1" fromWho="2" sc="223,0,298,20,262,-20,217,0" owari="223,-18.0,318,42.0,242,4.0,217,-28.0" /></mjloggm>