<mjloggm ver="2.3"><GO type="97" lobby="0"/><UN n0="%E3%82%A6%E3%83%AB%E3%83%88%E3%83%A9%E7%AB%8B%E7%9B%B4" n1="%61%62%2D%61%62%2D%61%62" n2="%64%65%6F%6E%65" n3="%46%58%E3%81%A7%EF%BC%92%E5%84%84%E5%86%86%E7%AA%81%E7%A0%B4" dan="15,14,15,13" rate="1993.25,1897.80,1941.61,1869.16" sx="M,M,M,M"/><TAIKYOKU oya="0"/><INIT seed="0,0,0,0,2,127" ten="250,250,250,250" oya="0" hai0="7,79,21,99,53,6,100,104,60,76,122,86,64" hai1="25,111,3,80,73,19,31,133,15,81,41,35,52" hai2="91,88,14,107,46,135,85,37,105,33,87,18,71" hai3="27,4,28,9,5,123,114,1,11,26,43,42,131"/><T29/><D122/><U78/><E133/><V72/><F71/><W44/><G114/><T70/><D53/><U65/><E65/><V96/><F33/><W74/><G123/><T55/><D55/><U117/><E117/><V40/><F72/><W20/><G74/><T63/><D63/><U110/><E41/><V22/><F96/><W89/><G43/><T92/><D76/><U13/><E81/><V95/><REACH who="2" step="1"/><F135/><REACH who="2" ten="250,250,240,250" step="2"/><W113/><G113/><T101/><D70/><U57/><E3/><V90/><F90/><W48/><G89/><T32/><D32/><U47/><E111/><V23/><F23/><W36/><G27/><T75/><D75/><U97/><E110/><V30/><F30/><W12/><REACH who="3" step="1"/><G36/><REACH who="3" ten="250,250,240,240" step="2"/><T77/><D77/><U120/><E78/><V17/><F17/><W109/><G109/><T49/><D79/><U98/><E19/><V103/><F103/><W0/><G0/><T134/><D100/><U118/><E25/><V58/><F58/><W34/><G34/><T106/><D101/><U39/><E57/><V54/><F54/><W61/><G61/><T8/><D60/><U126/><E52/><V16/><F16/><W83/><G83/><AGARI ba="0,2" hai="14,18,22,37,40,46,83,85,87,88,91,95,105,107" machi="83" ten="30,3900,0" yaku="1,1,7,1,54,1,53,0" doraHai="127" doraHaiUra="125" who="2" fromWho="3" sc="250,0,250,0,240,59,240,-39" /><INIT seed="1,0,0,5,4,118" ten="250,250,299,201" oya="1" hai0="11,91,106,2,108,70,74,102,96,58,52,59,99" hai1="64,126,56,44,119,87,22,33,83,43,41,109,100" hai2="37,92,72,125,25,55,98,130,107,20,35,88,73" hai3="57,1,90,51,63,53,31,45,78,30,120,34,36"/><U135/><E119/><V89/><F37/><W47/><G120/><T9/><D70/><U18/><E33/><V85/><F35/><W48/><G1/><T116/><D74/><U29/><E126/><V115/><F125/><W27/><G36/><T128/><D116/><U23/><E135/><V133/><F133/><W113/><G113/><T24/><D128/><U114/><E114/><V4/><F130/><W76/><G90/><T15/><D108/><U123/><E123/><V77/><F4/><W8/><G8/><T111/><D111/><U86/><E109/><V124/><F124/><W81/><G31/><T40/><D40/><U65/><E100/><V69/><F69/><W79/><REACH who="3" step="1"/><G81/><REACH who="3" ten="250,250,299,191" step="2"/><T17/><D2/><U14/><E83/><V26/><F115/><W67/><G67/><T131/><D11/><U75/><E29/><V21/><F89/><W105/><G105/><T104/><D104/><U66/><E66/><V10/><F10/><W117/><G117/><T95/><D131/><U54/><E65/><V12/><F88/><W97/><G97/><T122/><D122/><U68/><E64/><V16/><F98/><W129/><G129/><T50/><D99/><U80/><E68/><V7/><F107/><W62/><G62/><T121/><D121/><U84/><E75/><V61/><F73/><W39/><G39/><T49/><D106/><U134/><E80/><V112/><F72/><W82/><G82/><T127/><D91/><U93/><E134/><V94/><F61/><W3/><G3/><T71/><D71/><U6/><E93/><V42/><F112/><RYUUKYOKU ba="0,1" sc="250,-10,250,-10,299,-10,191,30" hai3="27,30,34,45,47,48,51,53,57,63,76,78,79" /><INIT seed="2,1,1,2,1,96" ten="240,240,289,221" oya="2" hai0="109,101,25,66,121,13,80,132,110,46,106,111,67" hai1="58,38,30,75,81,82,57,120,135,40,32,2,85" hai2="116,105,104,56,97,31,107,23,45,11,51,86,12" hai3="62,70,59,98,9,48,49,74,17,78,15,131,33"/><V112/><F112/><W103/><G33/><T53/><D121/><U63/><E75/><V123/><F123/><W50/><G70/><T119/><D119/><U133/><E2/><V124/><F116/><W7/><G74/><T92/><D106/><U5/><E120/><V77/><F56/><W90/><G90/><T16/><D25/><U84/><E5/><V35/><F35/><W20/><G78/><T10/><D80/><U127/><E30/><V113/><F113/><W61/><G131/><T89/><D132/><N who="1" m="50763" /><E32/><V8/><F124/><W102/><G98/><N who="0" m="59591" /><D89/><N who="1" m="51343" /><E127/><V4/><F11/><W65/><REACH who="3" step="1"/><G62/><REACH who="3" ten="240,240,289,211" step="2"/><T64/><D109/><U91/><E63/><V27/><F97/><W3/><AGARI ba="1,2" hai="3,7,9,15,17,20,48,49,50,59,61,65,102,103" machi="3" ten="30,12000,2" yaku="1,1,2,1,0,1,52,2,53,1" doraHai="96" doraHaiUra="54" who="3" fromWho="3" sc="240,-31,240,-31,289,-61,211,143" /><INIT seed="3,0,0,1,3,26" ten="209,209,228,354" oya="3" hai0="50,110,40,38,120,104,12,129,27,2,92,119,89" hai1="58,83,111,66,109,75,8,7,78,4,56,77,128" hai2="13,43,68,25,47,6,101,123,116,46,94,42,86" hai3="118,15,80,48,114,10,52,19,23,22,0,57,106"/><W31/><G106/><T135/><D2/><N who="1" m="23" /><E7/><V99/><F68/><W33/><G114/><T82/><D104/><U85/><E128/><V55/><F116/><W41/><G118/><T34/><D119/><U11/><E11/><N who="2" m="4343" /><F123/><W35/><G0/><T124/><D129/><U9/><E9/><V51/><F25/><N who="3" m="16823" /><G33/><T88/><D27/><U72/><E66/><V112/><F112/><W70/><G35/><T76/><D34/><U122/><E78/><V45/><F86/><W95/><G70/><T97/><D120/><U30/><E30/><V127/><F127/><W98/><G10/><T29/><D29/><U59/><E122/><V21/><F21/><W108/><G108/><AGARI ba="0,0" hai="56,58,59,72,75,77,83,85,108,109,111" m="23" machi="108" ten="30,1000,0" yaku="14,1" doraHai="26" who="1" fromWho="3" sc="209,0,209,10,228,0,354,-10" owari="209,-29.0,219,-18.0,228,3.0,344,44.0" /></mjloggm>