<mjloggm ver="2.3"><GO type="97" lobby="0"/><UN n0="%E3%82%A6%E3%83%AB%E3%83%88%E3%83%A9%E7%AB%8B%E7%9B%B4" n1="%E3%81%AA%E3%81%BE%E3%81%8F%E3%82%89%E3%83%9D%E3%82%B3%E3%83%9D%E3%83%B3" n2="%6D%61%67%69%63%6F" n3="%53%4C%42%EF%BC%A0" dan="15,14,15,14" rate="1956.72,1944.08,2042.65,1967.12" sx="M,F,M,F"/><TAIKYOKU oya="0"/><INIT seed="0,0,0,4,4,78" ten="250,250,250,250" oya="0" hai0="10,77,75,58,5,4,107,56,93,79,97,38,98" hai1="34,53,94,13,96,133,99,17,45,88,40,127,103" hai2="36,3,114,71,81,80,113,62,31,128,19,22,0" hai3="124,92,33,74,125,28,65,39,130,112,82,89,84"/><T2/><D38/><U26/><E127/><N who="3" m="48714" /><G112/><T134/><D134/><U109/><E133/><V68/><F36/><W91/><G130/><T46/><D46/><U101/><E109/><V126/><F126/><W90/><G39/><T83/><D79/><U106/><E101/><V51/><F128/><W47/><G65/><T29/><D107/><U57/><E34/><V123/><F123/><W70/><G70/><T12/><D98/><U32/><E32/><V8/><F31/><W18/><G47/><T48/><D29/><U118/><E118/><V85/><F85/><W100/><G28/><T129/><D129/><U105/><E26/><V41/><F8/><W119/><G33/><T121/><D121/><U64/><E64/><V63/><F22/><W21/><G119/><T67/><D67/><U111/><E111/><V14/><F14/><N who="3" m="9431" /><G74/><T95/><D56/><U104/><E45/><V37/><F37/><W76/><G100/><T117/><D117/><U1/><E1/><V110/><F110/><W122/><G122/><T66/><D2/><U52/><E40/><V72/><F72/><W102/><G102/><T54/><D66/><U87/><E53/><V11/><F11/><W61/><G61/><T132/><D132/><U25/><E25/><V16/><F51/><W6/><G6/><T131/><D131/><U60/><E99/><V24/><F24/><W43/><G43/><AGARI ba="0,0" hai="0,3,16,19,41,43,62,63,68,71,80,81,113,114" machi="43" ten="25,8000,1" yaku="22,2,52,2,54,1" doraHai="78" who="2" fromWho="3" sc="250,0,250,0,250,80,250,-80" /><INIT seed="1,0,0,5,0,8" ten="250,250,330,170" oya="1" hai0="32,96,27,77,88,41,55,64,6,83,1,50,75" hai1="113,18,12,78,124,19,10,134,53,100,79,37,101" hai2="35,14,13,130,17,108,29,52,94,30,61,33,112" hai3="3,2,121,116,48,102,122,95,45,115,71,104,5"/><U58/><E37/><V68/><F108/><W20/><G104/><T49/><D64/><U69/><E69/><V73/><F73/><W110/><G71/><T24/><D32/><U76/><E113/><V26/><F112/><W67/><G116/><T40/><D6/><U90/><E124/><V60/><F130/><W109/><G67/><T66/><D1/><U126/><E126/><V59/><F94/><W74/><G115/><T80/><D66/><U114/><E114/><V87/><F87/><W129/><G74/><T15/><D96/><U127/><E127/><V0/><F0/><W111/><G129/><T118/><D55/><U16/><E90/><V119/><F119/><W82/><G82/><T28/><D75/><U21/><E134/><V123/><F123/><N who="3" m="47115" /><G5/><T39/><D118/><U34/><E34/><V133/><F133/><W89/><G102/><N who="1" m="39530" /><E21/><V25/><F17/><W107/><G20/><T65/><D39/><U93/><E93/><V63/><F68/><W85/><G107/><T62/><D88/><U23/><E23/><V84/><F84/><W38/><G38/><T117/><D117/><U98/><E98/><V105/><F105/><W4/><G4/><T22/><D80/><U44/><E44/><V86/><F86/><W9/><G9/><T47/><D83/><U36/><E36/><V132/><F132/><W43/><AGARI ba="0,0" hai="2,3,43,45,48,85,89,95,109,110,111" m="47115" machi="43" ten="40,1500,0" yaku="14,1" doraHai="8" who="3" fromWho="3" sc="250,-4,250,-7,330,-4,170,15" /><INIT seed="2,0,0,0,3,118" ten="246,243,326,185" oya="2" hai0="38,39,83,23,122,134,82,110,7,26,34,65,40" hai1="125,61,2,87,55,30,36,131,132,9,46,53,64" hai2="41,11,70,4,107,80,111,115,73,105,12,97,102" hai3="50,3,76,106,109,19,93,124,89,32,58,59,67"/><V66/><F115/><W81/><G106/><T126/><D34/><U103/><E125/><V121/><F111/><W57/><G32/><T84/><D110/><U113/><E113/><V94/><F121/><W86/><G109/><T112/><D112/><U88/><E131/><V114/><F114/><W75/><G124/><T42/><D126/><U43/><E103/><V28/><F28/><W85/><G3/><T98/><D7/><U130/><E130/><V54/><F41/><W123/><G75/><T104/><D65/><U51/><E30/><V108/><F108/><W10/><G123/><T120/><D98/><U22/><E22/><V13/><F54/><W127/><G127/><T1/><D84/><U16/><E132/><V18/><F66/><W62/><REACH who="3" step="1"/><G50/><REACH who="3" ten="246,243,326,175" step="2"/><T129/><D1/><U21/><E2/><V52/><F105/><W60/><G60/><T101/><D129/><U63/><E36/><V95/><F107/><W100/><G100/><T35/><D104/><U6/><E63/><V20/><F102/><W15/><AGARI ba="0,1" hai="10,15,19,57,58,59,62,67,76,81,85,86,89,93" machi="15" ten="30,4000,0" yaku="1,1,0,1,8,1,53,0" doraHai="118" doraHaiUra="33" who="3" fromWho="3" sc="246,-10,243,-10,326,-20,175,50" /><INIT seed="3,0,0,2,1,98" ten="236,233,306,225" oya="3" hai0="123,74,4,0,13,99,39,7,83,31,129,50,102" hai1="87,10,71,26,135,20,11,54,79,46,21,78,19" hai2="36,93,85,57,23,120,44,77,118,95,128,53,91" hai3="94,63,124,68,17,24,115,84,112,113,105,106,97"/><W48/><G124/><T42/><D123/><U111/><E71/><V72/><F118/><W1/><G1/><T15/><D129/><U9/><E135/><V100/><F128/><W90/><G48/><T104/><D31/><N who="1" m="17863" /><E111/><V122/><F72/><W47/><G47/><N who="0" m="24031" /><D7/><U82/><E79/><V5/><F77/><W43/><G43/><T6/><D6/><U8/><N who="1" m="2560" /><DORA hai="64" /><U89/><E46/><V45/><F5/><W62/><G84/><T130/><D13/><N who="1" m="9455" /><E78/><V103/><F23/><W108/><G108/><T80/><D74/><U32/><E32/><V67/><F67/><W110/><G110/><T12/><D104/><U3/><E3/><V134/><F134/><W69/><G106/><T52/><D0/><U116/><E116/><V88/><F36/><W56/><G105/><T121/><D4/><U76/><E76/><V131/><F131/><W70/><REACH who="3" step="1"/><G56/><REACH who="3" ten="236,233,306,215" step="2"/><T81/><D130/><U41/><E54/><V14/><F44/><W25/><G25/><T59/><D121/><U117/><E117/><V73/><F45/><W2/><G2/><T29/><D59/><U61/><E41/><V86/><F73/><W28/><G28/><T114/><D52/><U125/><E125/><V133/><F133/><W27/><G27/><T101/><D50/><U33/><E33/><V51/><F14/><N who="0" m="5162" /><D29/><U132/><E132/><V22/><F120/><W55/><G55/><T58/><D58/><U75/><E75/><V119/><F122/><W127/><G127/><T92/><D114/><U40/><E40/><V109/><F119/><W49/><G49/><T30/><D30/><RYUUKYOKU ba="0,1" sc="236,10,233,10,306,-30,215,10" hai0="80,81,83,92,99,101,102" hai1="61,82,87,89" hai3="17,24,62,63,68,69,70,90,94,97,112,113,115" /><INIT seed="3,1,1,3,4,128" ten="246,243,276,225" oya="3" hai0="41,8,129,35,132,119,19,73,14,115,38,18,107" hai1="121,39,48,134,108,54,43,27,69,80,68,97,44" hai2="77,96,55,127,91,20,17,92,34,122,109,93,24" hai3="12,70,47,125,10,112,116,4,59,26,105,46,1"/><W78/><G105/><T130/><D73/><U81/><E121/><V50/><F122/><W110/><G116/><T114/><D107/><U65/><E108/><V95/><F34/><W118/><G118/><T61/><D41/><U51/><E27/><V45/><F109/><W9/><G70/><T22/><D38/><U32/><E32/><V25/><F127/><W74/><G112/><N who="0" m="43051" /><D61/><N who="1" m="39983" /><E97/><V131/><F131/><N who="0" m="50186" /><D35/><U63/><E81/><V104/><F104/><W57/><G110/><T21/><D119/><U75/><E75/><V90/><F77/><W7/><G125/><T31/><D31/><U103/><E103/><V82/><F24/><W28/><G78/><T123/><D123/><U53/><E80/><V58/><F45/><W6/><G74/><T13/><D132/><U86/><E86/><AGARI ba="1,1" hai="17,20,25,50,55,58,82,86,90,91,92,93,95,96" machi="86" ten="40,1300,0" yaku="8,1" doraHai="128" who="2" fromWho="1" sc="246,0,243,-16,276,26,225,0" owari="246,5.0,227,-17.0,302,39.0,225,-27.0" /></mjloggm>