<mjloggm ver="2.3"><GO type="97" lobby="0"/><UN n0="%79%75%79%61%70%61%70%61" n1="%64%65%6E%51" n2="%E3%82%A6%E3%83%AB%E3%83%88%E3%83%A9%E7%AB%8B%E7%9B%B4" n3="%E3%81%93%E3%82%8C%E3%81%A7%E3%82%82%E9%A3%9F%E3%82%89%E3%81%88%EF%BC%81" dan="13,14,15,14" rate="1845.58,1849.67,2014.71,2056.85" sx="M,M,M,F"/><TAIKYOKU oya="0"/><INIT seed="0,0,0,3,1,103" ten="250,250,250,250" oya="0" hai0="2,102,67,11,16,3,104,29,109,110,117,34,49" hai1="75,81,134,55,123,31,7,68,62,22,111,132,45" hai2="50,118,78,119,8,9,18,84,133,93,12,54,15" hai3="74,32,131,23,37,83,125,24,47,88,72,42,122"/><T35/><D117/><N who="2" m="44554" /><F133/><N who="1" m="51305" /><E123/><V76/><F93/><W0/><G32/><T98/><D67/><N who="1" m="41079" /><E111/><N who="0" m="42505" /><D49/><N who="1" m="29103" /><E7/><N who="2" m="3103" /><F84/><W30/><G0/><N who="0" m="43" /><D29/><U61/><E61/><V128/><F128/><W108/><G122/><T89/><D89/><U121/><E121/><V57/><AGARI ba="0,0" hai="9,15,18,50,54,57,76,78" m="3103,44554" machi="57" ten="30,1100,0" yaku="12,1" doraHai="103" who="2" fromWho="2" sc="250,-5,250,-3,250,11,250,-3" /><INIT seed="1,0,0,0,0,8" ten="245,247,261,247" oya="1" hai0="131,124,48,51,91,79,6,114,42,120,115,127,108" hai1="30,49,128,37,35,130,12,71,25,34,18,22,0" hai2="132,102,68,50,118,122,104,92,13,21,10,66,63" hai3="81,119,76,70,64,117,11,54,111,82,80,100,90"/><U17/><E71/><V89/><F132/><W27/><G70/><T97/><D79/><U77/><E37/><V33/><F33/><N who="1" m="12297" /><E77/><V107/><F122/><W109/><G64/><T105/><D120/><U94/><E49/><V121/><F121/><W103/><G76/><T74/><D74/><U52/><E94/><V112/><F118/><N who="3" m="45067" /><G27/><T65/><D65/><U61/><E61/><V26/><F112/><W32/><G32/><T15/><D108/><N who="3" m="41545" /><G54/><T38/><D38/><U3/><E52/><V110/><F110/><W93/><G11/><N who="0" m="4599" /><D131/><N who="1" m="50219" /><E17/><V126/><F68/><W14/><G14/><T129/><D129/><U41/><E41/><V7/><F66/><W1/><G1/><T24/><D24/><U116/><E116/><V101/><F26/><W46/><G46/><N who="0" m="25687" /><D51/><U99/><E99/><AGARI ba="0,0" hai="80,81,82,90,93,99,100,103" m="41545,45067" machi="99" ten="40,8000,1" yaku="12,1,14,1,34,2" doraHai="8" who="3" fromWho="1" sc="245,0,247,-80,261,0,247,80" /><INIT seed="2,0,0,0,2,67" ten="245,167,261,327" oya="2" hai0="62,135,63,76,73,72,25,57,92,29,127,97,99" hai1="14,123,54,113,98,105,50,121,118,108,58,77,126" hai2="133,119,109,100,111,46,24,32,84,59,75,43,115" hai3="51,26,53,9,93,6,49,83,131,79,106,89,130"/><V86/><F75/><W96/><G26/><T116/><D135/><U56/><E113/><V36/><F115/><W69/><G69/><T114/><D114/><U88/><E118/><V52/><F119/><W19/><G19/><T134/><D116/><U3/><E3/><V8/><F100/><W81/><G106/><T1/><D134/><U45/><E108/><N who="2" m="41547" /><F133/><W129/><G79/><T39/><D39/><U33/><E33/><V13/><F24/><W20/><G20/><T16/><D1/><U117/><E117/><V87/><F32/><W34/><G34/><T71/><D71/><U23/><E126/><V55/><F59/><N who="3" m="33199" /><G51/><T107/><D107/><U65/><E77/><V0/><F0/><AGARI ba="0,0" hai="0,6,9,81,83,89,93,96,129,130,131" m="33199" machi="0" ten="30,1000,0" yaku="19,1" doraHai="67" who="3" fromWho="2" sc="245,0,167,0,261,-10,327,10" /><INIT seed="3,0,0,3,3,135" ten="245,167,251,337" oya="3" hai0="40,80,113,79,58,4,76,96,75,89,5,0,36" hai1="33,78,110,83,52,46,55,88,11,71,24,45,115" hai2="19,28,1,39,130,117,35,57,38,34,85,133,2" hai3="97,86,23,37,42,59,84,54,53,60,122,63,65"/><W30/><G122/><T126/><D113/><U81/><E115/><V51/><F117/><W62/><G37/><T21/><D79/><U121/><E121/><V102/><F102/><W61/><G42/><T99/><D5/><U25/><E71/><V69/><F28/><W50/><G97/><T129/><D129/><U70/><E70/><V18/><F57/><N who="3" m="32951" /><G65/><T118/><D118/><U43/><E33/><V104/><F51/><W47/><G47/><N who="1" m="17930" /><E43/><V106/><F69/><W120/><G120/><T108/><D108/><U131/><E131/><V3/><F130/><W105/><G105/><T103/><D89/><U64/><E110/><V132/><F2/><W67/><G67/><T12/><D58/><U107/><E107/><V95/><F95/><W128/><G128/><T17/><D103/><U41/><E41/><V119/><F119/><W111/><G111/><T116/><D116/><U98/><E64/><V15/><F85/><W48/><G48/><T9/><REACH who="0" step="1"/><D126/><REACH who="0" ten="235,167,251,337" step="2"/><U16/><E11/><V73/><F73/><W22/><G59/><T92/><D92/><N who="1" m="56583" /><E78/><V10/><F10/><W31/><G31/><T123/><D123/><U90/><E90/><V93/><F93/><W20/><G30/><T87/><D87/><U94/><E94/><V72/><F72/><W6/><G86/><T82/><D82/><N who="1" m="31243" /><E25/><V127/><F15/><W125/><G125/><AGARI ba="0,1" hai="1,3,18,19,34,35,38,39,104,106,125,127,132,133" machi="125" ten="25,6400,0" yaku="22,2,52,2" doraHai="135" who="2" fromWho="3" sc="235,0,167,0,251,74,337,-64" owari="235,-16.0,167,-33.0,325,42.0,273,7.0" /></mjloggm>