<mjloggm ver="2.3"><GO type="97" lobby="0"/><UN n0="%E3%81%A9%E3%82%89%E7%8E%8B" n1="%4D%72%EF%BC%8E%E2%85%A9" n2="%E6%99%82%E5%8D%97%E6%9C%B1%E9%B7%BA%E6%81%B5" n3="%E3%82%A6%E3%83%AB%E3%83%88%E3%83%A9%E7%AB%8B%E7%9B%B4" dan="13,15,14,15" rate="1815.09,1953.97,2103.49,1986.58" sx="F,M,F,M"/><TAIKYOKU oya="0"/><INIT seed="0,0,0,2,4,90" ten="250,250,250,250" oya="0" hai0="5,63,43,62,15,52,45,41,121,12,30,103,53" hai1="51,27,115,75,94,80,99,101,58,118,83,73,131" hai2="132,95,14,28,65,21,38,92,123,11,66,71,6" hai3="88,26,111,8,102,113,104,74,93,109,67,122,82"/><T86/><D121/><U112/><E51/><V0/><F38/><W34/><G113/><N who="1" m="43594" /><E58/><V1/><F123/><W134/><G134/><T37/><D37/><U96/><E118/><V114/><F114/><W119/><G119/><T18/><D30/><U98/><E27/><N who="2" m="16495" /><F71/><W39/><G39/><T61/><D103/><N who="1" m="60823" /><E131/><V69/><F1/><W9/><G122/><T44/><D86/><U97/><E101/><V129/><F0/><W20/><G34/><T48/><D5/><U133/><E133/><V42/><F69/><W47/><G67/><N who="2" m="25609" /><F129/><W120/><G120/><T16/><D63/><U29/><E29/><V125/><F132/><W126/><G9/><T110/><REACH who="0" step="1"/><D48/><REACH who="0" ten="240,250,250,250" step="2"/><U13/><E13/><V32/><F32/><W23/><G26/><T76/><D76/><U59/><E59/><V124/><F42/><W31/><G31/><T116/><D116/><U17/><E17/><V33/><F33/><W25/><G25/><T85/><D85/><U3/><E3/><V107/><F107/><W91/><G102/><T78/><D78/><U89/><E89/><V2/><F2/><W64/><G91/><T68/><D68/><U100/><E100/><V108/><F6/><W22/><G88/><T72/><D72/><AGARI ba="0,1" hai="72,73,75,80,83,97,98,99" m="60823,43594" machi="72" ten="40,8000,1" yaku="11,1,34,2,52,1" doraHai="90" who="1" fromWho="0" sc="240,-80,250,90,250,0,250,0" /><INIT seed="1,0,0,1,4,27" ten="160,340,250,250" oya="1" hai0="62,21,37,118,78,98,26,50,35,90,100,11,55" hai1="2,89,65,32,51,68,44,12,117,36,14,20,125" hai2="101,104,128,28,22,23,133,56,49,59,114,34,60" hai3="9,15,93,111,74,75,42,109,54,83,52,39,106"/><U88/><E117/><V10/><F133/><W67/><G106/><T71/><D118/><U70/><E32/><V115/><F128/><W5/><G67/><T123/><D123/><U19/><E2/><V77/><F77/><N who="3" m="44471" /><G75/><T134/><D11/><U130/><E36/><V41/><F10/><W116/><G93/><T127/><D134/><U124/><E130/><V3/><F3/><W72/><G72/><T61/><D127/><N who="1" m="48715" /><E14/><V48/><F56/><W110/><G116/><T108/><D90/><N who="1" m="34923" /><E65/><V103/><F34/><W16/><G5/><T94/><D108/><N who="3" m="27649" /><W30/><DORA hai="17" /><G30/><T25/><D78/><U38/><E38/><V91/><F91/><W132/><G132/><T13/><D35/><U0/><E0/><V43/><F28/><W79/><G79/><T6/><D71/><U45/><E45/><AGARI ba="0,0" hai="9,15,16,39,42,45,52,54" m="27649,44471" machi="45" ten="40,5200,0" yaku="14,1,54,2" doraHai="27,17" who="3" fromWho="1" sc="160,0,340,-52,250,0,250,52" /><INIT seed="2,0,0,1,0,86" ten="160,288,250,302" oya="2" hai0="43,127,117,114,72,92,9,64,103,11,110,22,75" hai1="83,99,134,94,13,38,1,27,121,112,8,30,47" hai2="12,23,107,79,129,20,105,21,54,71,61,57,111" hai3="33,109,26,95,40,35,45,76,63,46,67,36,119"/><V84/><F129/><W70/><G119/><T3/><D114/><U7/><E112/><V130/><F130/><W58/><G109/><T42/><D64/><U50/><E134/><V91/><F111/><W39/><G76/><T118/><D110/><U28/><E38/><V90/><F71/><W73/><G73/><T82/><D82/><U69/><E69/><V108/><F108/><W128/><G128/><T0/><D22/><U81/><E1/><V133/><F133/><W131/><G131/><T96/><D92/><U32/><E30/><V18/><F107/><W116/><G116/><T66/><D96/><U123/><E121/><V2/><F2/><W17/><G17/><T53/><D66/><U31/><E28/><V5/><F105/><W85/><G26/><T115/><D53/><U106/><E106/><V100/><F100/><W101/><G58/><T52/><D115/><U135/><E135/><V37/><F37/><W102/><G102/><T120/><D52/><U44/><E44/><V88/><F5/><W97/><G85/><T15/><D103/><U16/><E7/><V125/><F125/><W48/><G39/><T25/><D120/><U6/><E6/><V104/><F104/><W49/><G36/><T132/><D25/><U41/><E123/><V24/><F24/><W29/><G29/><T68/><D68/><U14/><E13/><V98/><F98/><W19/><G19/><T59/><D15/><U87/><E87/><V89/><F79/><W78/><G78/><T60/><D59/><U56/><E56/><V77/><F77/><W80/><G80/><AGARI ba="0,0" hai="12,18,20,21,23,54,57,61,80,84,88,89,90,91" machi="80" ten="40,18000,2" yaku="6,1,8,1,52,4,54,1" doraHai="86" who="2" fromWho="3" sc="160,0,288,0,250,180,302,-180" /><INIT seed="2,1,0,3,3,37" ten="160,288,430,122" oya="2" hai0="96,54,68,13,22,128,132,107,78,87,111,28,46" hai1="1,10,69,39,90,52,64,7,76,114,65,15,91" hai2="106,118,117,38,35,60,71,120,61,66,33,135,57" hai3="24,25,8,97,63,125,16,50,53,70,43,94,67"/><V42/><F106/><W103/><G125/><T95/><D107/><U74/><E114/><V44/><F120/><W40/><G24/><N who="0" m="16407" /><D68/><U23/><E39/><V55/><F135/><W41/><G25/><T108/><D128/><U36/><E36/><V126/><REACH who="2" step="1"/><F126/><REACH who="2" ten="160,288,420,122" step="2"/><W30/><G30/><T81/><D132/><U93/><E69/><V51/><F51/><W130/><G130/><T86/><D111/><U4/><E65/><V56/><F56/><W124/><G124/><T19/><D108/><U92/><E64/><V116/><AGARI ba="1,1" hai="33,35,38,42,44,55,57,60,61,66,71,116,117,118" machi="116" ten="30,6000,0" yaku="1,1,0,1,52,1,53,0" doraHai="37" doraHaiUra="79" who="2" fromWho="2" sc="160,-21,288,-21,420,73,122,-21" /><INIT seed="2,2,0,5,0,36" ten="139,267,493,101" oya="2" hai0="50,79,118,126,109,86,98,99,90,52,3,103,41" hai1="44,106,70,91,84,82,39,63,78,96,71,72,135" hai2="37,110,21,131,132,31,16,23,2,20,53,113,25" hai3="1,87,100,105,66,112,85,6,116,55,68,24,42"/><V30/><F37/><W14/><G1/><T128/><D3/><U74/><E135/><V60/><F60/><W64/><G116/><T114/><D114/><U9/><E74/><V102/><F102/><W121/><G121/><T43/><D109/><U122/><E63/><V123/><F53/><W115/><G24/><T12/><D79/><U4/><E96/><N who="0" m="36905" /><D128/><U108/><E106/><V13/><F123/><W124/><G14/><T134/><D126/><U11/><E11/><N who="2" m="6207" /><F113/><N who="3" m="43595" /><G6/><T107/><D107/><U67/><E108/><V76/><F76/><W47/><G124/><T77/><D77/><U75/><E67/><N who="3" m="25642" /><G68/><T56/><D134/><U51/><E75/><V59/><F110/><W45/><G100/><T5/><D103/><U10/><E122/><V46/><F59/><W8/><G8/><N who="0" m="4111" /><D118/><U48/><E70/><V89/><F2/><W29/><G105/><T27/><D27/><U40/><E71/><V35/><F25/><W133/><G133/><T111/><D111/><U125/><E125/><V120/><F35/><W62/><G29/><T57/><D57/><U18/><E9/><V97/><F31/><W28/><G28/><T92/><AGARI ba="2,0" hai="41,43,50,52,56,86,90,92" m="4111,36905" machi="92" ten="30,7900,0" yaku="8,1,52,2,54,1" doraHai="36" who="0" fromWho="0" sc="139,85,267,-22,493,-41,101,-22" /><INIT seed="3,0,0,1,1,45" ten="224,245,452,79" oya="3" hai0="24,70,93,27,117,121,49,90,64,122,88,75,116" hai1="71,11,99,68,113,55,62,114,10,19,3,94,31" hai2="28,13,67,15,109,91,22,84,110,40,14,124,16" hai3="54,50,48,111,23,105,80,66,123,77,102,132,63"/><W9/><G123/><T85/><D75/><U29/><E3/><V1/><F1/><W135/><G9/><T98/><D64/><U130/><E130/><V92/><F124/><W41/><G111/><N who="2" m="42505" /><F40/><W51/><G41/><T43/><D70/><U12/><E62/><V118/><F118/><W89/><G89/><T35/><D35/><U2/><E2/><V61/><F28/><W56/><G102/><T32/><D32/><U39/><E55/><V44/><F44/><W131/><G105/><T81/><D117/><U36/><E12/><V87/><F87/><W69/><G23/><T37/><D37/><U74/><E74/><V120/><F120/><W101/><G101/><T6/><D116/><U82/><E99/><V96/><F96/><W17/><G17/><T126/><D6/><U52/><E19/><V72/><F72/><N who="3" m="43047" /><G131/><T78/><D126/><U103/><E103/><V26/><F15/><W57/><G54/><T65/><D65/><U79/><E52/><V25/><F14/><W95/><G95/><T76/><D122/><U42/><E94/><V133/><F13/><W53/><G53/><T20/><D121/><U112/><E42/><V127/><F91/><W5/><G5/><T108/><D108/><U4/><E4/><V34/><F92/><W0/><G0/><T134/><D93/><U125/><E125/><V97/><F127/><W33/><G33/><T86/><D98/><U8/><E79/><V100/><F97/><W59/><G69/><N who="1" m="26698" /><E82/><V73/><F100/><W18/><G18/><T60/><D81/><U83/><E83/><V129/><F129/><RYUUKYOKU ba="0,0" sc="224,-15,245,15,452,-15,79,15" hai1="8,10,11,29,31,36,39,112,113,114" hai3="48,50,51,56,57,59,63,66,132,135" /><INIT seed="3,1,0,4,1,108" ten="209,260,437,94" oya="3" hai0="119,115,66,41,25,71,134,36,52,53,84,69,8" hai1="3,126,35,9,61,29,12,10,38,22,124,130,34" hai2="114,30,92,23,120,100,86,103,42,58,27,127,132" hai3="80,94,26,87,63,72,77,44,109,90,5,4,28"/><W89/><G109/><T20/><D119/><U101/><E38/><V33/><F132/><W2/><G2/><T51/><D134/><U78/><E78/><V57/><F127/><W39/><G39/><T65/><D8/><U95/><E130/><V43/><F114/><W76/><G76/><T68/><D84/><U62/><E3/><V79/><F33/><W45/><G45/><N who="0" m="23719" /><D20/><U98/><E10/><V11/><F11/><W81/><G44/><N who="0" m="27751" /><D25/><N who="1" m="16567" /><E34/><V59/><F120/><W85/><G63/><N who="0" m="39999" /><D66/><U13/><E35/><AGARI ba="1,0" hai="4,5,26,28,35,72,77,80,81,85,87,89,90,94" machi="35" ten="30,1500,0" yaku="7,1" doraHai="108" who="3" fromWho="1" sc="209,0,260,-18,437,0,94,18" /><INIT seed="3,2,0,0,4,113" ten="209,242,437,112" oya="3" hai0="32,110,28,8,102,44,71,108,106,119,15,38,75" hai1="124,118,109,99,98,20,37,76,7,22,103,77,86" hai2="73,114,130,134,51,126,24,100,67,122,16,41,120" hai3="18,88,121,128,47,45,80,91,60,3,81,62,19"/><W66/><G66/><T94/><D119/><U9/><E37/><V43/><F73/><W83/><G3/><T55/><D106/><U133/><E118/><V116/><F67/><W93/><G93/><T2/><D75/><U70/><E70/><V25/><F116/><W123/><REACH who="3" step="1"/><G83/><REACH who="3" ten="209,242,437,102" step="2"/><T97/><D2/><U56/><E103/><V96/><F100/><W39/><G39/><T4/><D38/><U6/><E22/><V107/><F107/><W59/><G59/><T84/><D71/><U26/><E56/><V101/><F101/><W87/><G87/><T68/><D84/><U115/><E86/><V104/><F104/><W12/><G12/><T13/><D68/><U74/><E20/><V57/><F57/><W21/><G21/><T61/><D15/><U125/><E124/><V49/><F126/><W117/><G117/><T132/><D13/><U14/><E14/><V23/><F23/><W64/><G64/><T92/><D94/><U17/><E125/><V69/><F69/><W10/><G10/><T11/><D92/><U27/><E74/><V50/><F120/><W112/><G112/><T65/><D11/><U42/><E9/><V31/><F114/><W46/><G46/><T85/><D44/><U72/><E115/><V0/><F122/><W95/><G95/><T48/><D8/><U79/><E72/><V54/><F0/><W90/><G90/><T29/><D65/><U35/><E35/><V111/><F25/><W89/><G89/><T129/><D32/><U127/><E27/><V82/><F82/><W78/><G78/><T30/><D102/><RYUUKYOKU ba="2,1" sc="209,-10,242,-10,437,-10,102,30" hai3="18,19,45,47,60,62,80,81,88,91,121,123,128" /><INIT seed="3,3,1,5,0,117" ten="199,232,427,132" oya="3" hai0="128,1,81,118,60,59,88,77,50,66,24,119,43" hai1="89,9,85,126,96,35,102,134,76,70,55,115,20" hai2="41,8,0,91,124,65,127,4,123,38,48,109,107" hai3="114,121,2,63,21,15,14,132,69,30,52,122,22"/><W34/><G69/><T26/><D1/><U120/><E120/><N who="3" m="46186" /><G63/><T135/><D128/><U13/><E35/><V53/><F123/><W5/><G52/><N who="0" m="32151" /><D135/><U46/><E115/><V62/><F41/><W73/><G132/><T25/><D119/><U129/><E70/><N who="2" m="42295" /><F38/><W7/><G114/><T103/><D118/><U95/><E102/><V133/><F133/><W17/><G73/><T87/><D103/><U42/><E96/><V33/><F107/><W78/><G78/><T39/><D39/><U92/><E129/><V57/><F91/><W105/><G105/><T112/><D112/><U37/><E134/><V90/><F90/><W31/><G34/><T72/><D72/><U131/><E76/><V116/><F33/><W12/><G2/><T51/><D77/><U84/><E131/><V111/><F116/><W130/><G130/><T54/><D43/><U108/><E42/><V27/><F57/><W75/><G75/><T82/><D66/><U99/><E37/><V47/><F53/><W18/><G14/><T6/><D60/><U28/><E13/><V49/><F47/><W94/><G94/><T58/><D82/><U29/><E92/><V74/><F74/><W56/><G56/><T67/><D67/><U113/><E95/><V61/><F61/><W125/><G125/><T79/><D79/><U110/><E46/><V19/><F49/><W80/><G80/><T44/><D44/><U3/><E3/><V93/><F48/><W45/><G45/><T101/><D101/><U71/><E55/><V86/><F86/><W68/><G68/><T36/><D36/><RYUUKYOKU ba="3,1" sc="199,15,232,-15,427,-15,132,15" hai0="6,24,25,26,51,54,58,81,87,88" hai3="5,7,12,15,17,18,21,22,30,31" /><INIT seed="3,4,1,5,0,68" ten="214,217,412,147" oya="3" hai0="5,40,13,25,17,19,64,4,99,49,36,86,31" hai1="108,2,81,126,47,46,10,113,73,54,65,76,94" hai2="60,98,8,82,50,3,55,91,11,106,41,61,133" hai3="129,39,107,29,44,114,23,96,104,124,79,27,16"/><W6/><G114/><T63/><D36/><U48/><E113/><V125/><F133/><W45/><G6/><N who="0" m="2667" /><D99/><U122/><E2/><V87/><F125/><W43/><G124/><T78/><D78/><U51/><E10/><N who="2" m="3627" /><F106/><W110/><G129/><T135/><D86/><U72/><E122/><V131/><F131/><W24/><G110/><T71/><D71/><U42/><E108/><V93/><F41/><W85/><G96/><T97/><D97/><U53/><E65/><V95/><F3/><W74/><G74/><T115/><D135/><U90/><E126/><V83/><F95/><W134/><G134/><T80/><D115/><U132/><E132/><V66/><F66/><W28/><G45/><N who="0" m="25767" /><D80/><N who="2" m="30762" /><F98/><W7/><G7/><T121/><D121/><U21/><E42/><V9/><F9/><W75/><G75/><T77/><D77/><U59/><E72/><V58/><AGARI ba="4,1" hai="50,55,58,60,61,87,91,93" m="30762,3627" machi="58" ten="30,1100,0" yaku="8,1" doraHai="68" who="2" fromWho="2" sc="214,-7,217,-7,412,33,147,-9" owari="207,-19.0,210,1.0,445,54.0,138,-36.0" /></mjloggm>