<mjloggm ver="2.3"><GO type="97" lobby="0"/><UN n0="%E8%8B%A5%E6%A7%BB%E5%8D%83%E5%A4%8F" n1="%E3%82%B7%E3%83%9F%E3%83%AA%E3%82%B9%EF%BC%94" n2="%E3%81%98%E3%82%87%E3%82%93%E3%82%8D%E3%83%BC" n3="%E3%82%A6%E3%83%AB%E3%83%88%E3%83%A9%E7%AB%8B%E7%9B%B4" dan="15,14,14,15" rate="1938.32,1928.60,1936.92,1937.88" sx="M,F,M,M"/><TAIKYOKU oya="0"/><INIT seed="0,0,0,1,5,119" ten="250,250,250,250" oya="0" hai0="111,31,69,115,34,93,91,77,3,107,114,57,29" hai1="81,109,11,52,106,72,96,125,71,85,51,25,14" hai2="122,38,54,41,123,101,102,67,121,113,48,64,53" hai3="42,33,127,76,8,40,46,95,118,132,32,21,10"/><T129/><D69/><U90/><E71/><V55/><F113/><W59/><G118/><T70/><D70/><U24/><E125/><V20/><F20/><W27/><G76/><T135/><D3/><U58/><E109/><V105/><F105/><W100/><G42/><T36/><D107/><U74/><E74/><V1/><F1/><W30/><G33/><T80/><D36/><U28/><E72/><V61/><F102/><W0/><G32/><T68/><D68/><U23/><E25/><V16/><F16/><W62/><G0/><T75/><D111/><U124/><E124/><V17/><F17/><W116/><G116/><T108/><D108/><U110/><E110/><V134/><F101/><W66/><G132/><T39/><D39/><U86/><E106/><V43/><F134/><W13/><G13/><T47/><D135/><U9/><E96/><V50/><F38/><W19/><G19/><T6/><D34/><U37/><E37/><V15/><F15/><W7/><G7/><T35/><D35/><U63/><E14/><V73/><F73/><W26/><G26/><T131/><D75/><U78/><E63/><V87/><F87/><W94/><G94/><AGARI ba="0,0" hai="9,11,23,24,28,51,52,58,78,81,85,86,90,94" machi="94" ten="30,3900,0" yaku="7,1,8,1,54,1" doraHai="119" who="1" fromWho="3" sc="250,0,250,39,250,0,250,-39" /><INIT seed="1,0,0,0,3,77" ten="250,289,250,211" oya="1" hai0="125,73,91,0,94,43,69,93,97,34,20,95,82" hai1="87,3,39,35,64,13,114,53,100,55,85,11,110" hai2="50,79,38,132,76,44,66,81,1,106,24,40,28" hai3="120,118,75,29,71,25,98,26,108,56,84,62,37"/><U122/><E3/><V57/><F79/><W5/><G75/><T111/><D69/><U9/><E35/><V126/><F126/><W67/><G37/><T59/><D34/><U58/><E39/><V102/><F132/><W22/><G120/><T46/><D125/><U115/><E110/><V36/><F57/><W8/><G108/><T134/><D0/><U96/><E122/><V131/><F66/><W17/><G118/><T107/><D111/><U124/><E124/><V101/><F131/><W6/><G71/><T32/><D32/><U21/><E64/><V10/><F50/><W119/><G119/><T23/><D134/><U105/><E53/><V31/><F38/><W89/><G98/><T61/><D107/><U92/><E85/><V54/><F54/><W130/><G130/><T42/><D43/><U48/><E115/><V135/><F135/><W12/><REACH who="3" step="1"/><G26/><REACH who="3" ten="250,289,250,201" step="2"/><T123/><D123/><U74/><E74/><N who="2" m="43159" /><F24/><W63/><G63/><T99/><D73/><U15/><E114/><V51/><F51/><W7/><G7/><T109/><D109/><U2/><E96/><N who="2" m="61735" /><F102/><W78/><G78/><T80/><D99/><U103/><E100/><V16/><F16/><W68/><G68/><T45/><D97/><U19/><E103/><V116/><F116/><W18/><G18/><T117/><D117/><U14/><E19/><V65/><F65/><W30/><G30/><T41/><D61/><U127/><E127/><V72/><F72/><W52/><G52/><T70/><D70/><U112/><E55/><V90/><F90/><W128/><G128/><T86/><D91/><RYUUKYOKU ba="0,1" sc="250,-15,289,-15,250,15,201,15" hai2="1,10,28,31,36,40,44" hai3="5,6,8,12,17,22,25,29,56,62,67,84,89" /><INIT seed="2,1,1,4,5,3" ten="235,274,265,216" oya="2" hai0="28,72,17,26,4,20,29,46,74,42,7,102,122" hai1="2,126,71,86,73,125,22,60,80,1,75,85,127" hai2="96,47,111,112,100,16,59,116,131,120,94,119,43" hai3="10,61,64,30,115,45,98,38,11,44,21,48,103"/><V69/><F69/><W57/><G115/><T52/><D122/><U19/><E71/><V118/><F120/><W54/><G38/><T36/><D74/><N who="1" m="28171" /><E60/><V89/><F112/><W0/><G45/><T79/><D102/><U93/><E93/><V108/><F131/><W121/><G121/><T77/><D72/><U82/><E22/><V88/><F59/><W6/><G11/><T41/><D36/><U130/><E19/><V132/><F132/><W106/><G21/><T84/><D84/><N who="1" m="32363" /><E130/><V101/><F101/><W67/><REACH who="3" step="1"/><G30/><REACH who="3" ten="235,274,265,206" step="2"/><T53/><D46/><U13/><E13/><V87/><F47/><W128/><G128/><T50/><D20/><U68/><E68/><V40/><F16/><W97/><G97/><T9/><D17/><U91/><E127/><V25/><F25/><W31/><G31/><T12/><D26/><U18/><E126/><V34/><F34/><W32/><G32/><T49/><D9/><U92/><E125/><V39/><F39/><W65/><AGARI ba="1,2" hai="0,6,10,44,48,54,57,61,64,65,67,98,103,106" machi="65" ten="20,5200,0" yaku="1,1,0,1,7,1,52,1,53,0" doraHai="3" doraHaiUra="110" who="3" fromWho="3" sc="235,-14,274,-14,265,-27,206,75" /><INIT seed="3,0,0,5,1,11" ten="221,260,238,281" oya="3" hai0="19,10,58,67,73,21,93,134,77,36,44,70,131" hai1="65,92,23,72,90,31,105,126,26,37,106,123,60" hai2="9,4,87,75,125,64,29,66,13,84,54,16,81" hai3="76,127,47,129,22,57,108,43,74,12,85,14,46"/><W114/><G74/><T0/><D131/><U79/><E123/><V28/><F75/><W99/><G114/><T27/><D134/><U104/><E37/><V34/><F125/><W56/><G129/><T30/><D70/><U52/><E126/><V2/><F87/><W24/><G99/><T42/><D93/><U62/><E52/><V96/><F96/><W8/><G8/><T118/><D118/><U39/><E39/><V3/><F3/><W100/><G100/><T80/><D58/><N who="3" m="22633" /><G108/><T15/><D67/><U35/><E35/><V1/><F1/><W94/><G127/><T116/><D116/><U61/><E79/><V33/><F54/><W53/><G43/><T111/><D111/><U91/><E72/><V107/><F107/><W18/><G47/><T38/><D38/><U128/><E128/><V48/><F48/><N who="3" m="28823" /><G94/><T78/><D78/><U132/><E132/><V86/><F86/><W122/><G122/><T5/><REACH who="0" step="1"/><D30/><REACH who="0" ten="211,260,238,281" step="2"/><U120/><E120/><V119/><F119/><W101/><G101/><T6/><D6/><U112/><E112/><V124/><F124/><W102/><G102/><T20/><D20/><U68/><E92/><V49/><F34/><W109/><G109/><T133/><D133/><U97/><E97/><V17/><F33/><W113/><G113/><T121/><D121/><U69/><E65/><V115/><F115/><W40/><G40/><T59/><D59/><U117/><E117/><V110/><F110/><W82/><AGARI ba="0,1" hai="12,14,18,22,24,76,82,85" m="28823,22633" machi="82" ten="30,6000,0" yaku="8,1,52,2" doraHai="11" who="3" fromWho="3" sc="211,-20,260,-20,238,-20,281,70" owari="191,-31.0,240,4.0,218,-18.0,351,45.0" /></mjloggm>