<mjloggm ver="2.3"><GO type="97" lobby="0"/><UN n0="%E7%A7%98%E5%89%A3%E2%98%85%E5%8D%83%E9%B3%A5%E2%98%85" n1="%6E%61%6D%61%63%6F%74" n2="%E3%82%A6%E3%83%AB%E3%83%88%E3%83%A9%E7%AB%8B%E7%9B%B4" n3="%E6%85%8E%E5%B9%B3" dan="14,13,15,14" rate="1992.96,1861.14,1991.02,1981.19" sx="M,M,M,M"/><TAIKYOKU oya="0"/><INIT seed="0,0,0,1,2,33" ten="250,250,250,250" oya="0" hai0="27,53,101,69,86,10,98,18,35,1,80,43,57" hai1="7,21,78,85,107,54,59,5,119,133,6,19,92" hai2="113,77,90,17,84,95,110,127,91,94,42,9,66" hai3="120,11,65,99,23,22,14,60,12,96,79,76,32"/><T93/><D69/><U87/><E107/><V82/><F113/><W122/><G32/><T89/><D43/><U44/><E44/><V15/><F127/><W16/><G65/><T20/><D35/><U61/><E119/><V70/><F110/><W46/><G60/><T100/><D10/><U108/><E108/><V26/><F42/><W123/><G46/><T58/><D1/><U24/><E133/><V121/><F121/><W106/><G106/><T83/><D58/><U112/><E112/><V48/><F48/><W102/><G102/><T130/><D130/><U114/><E114/><V40/><F40/><W68/><G68/><T75/><D75/><U81/><REACH who="1" step="1"/><E92/><REACH who="1" ten="250,240,250,250" step="2"/><V30/><F94/><W116/><G116/><T124/><D124/><U28/><E28/><V117/><F95/><W51/><G51/><N who="0" m="30911" /><D83/><U71/><E71/><V62/><F117/><W50/><G50/><T63/><D63/><U47/><E47/><V135/><F135/><W105/><G105/><T2/><D2/><U49/><E49/><V128/><F128/><W131/><G131/><T134/><D134/><U129/><E129/><V37/><F37/><W29/><G29/><T13/><D27/><U4/><N who="1" m="1536" /><DORA hai="34" /><U55/><E55/><V104/><F104/><W39/><G39/><T103/><AGARI ba="0,1" hai="13,18,20,80,86,89,93,98,100,101,103" m="30911" machi="103" ten="30,1500,0" yaku="8,1" doraHai="33,34" who="0" fromWho="0" sc="250,25,240,-5,250,-5,250,-5" /><INIT seed="0,1,0,4,1,44" ten="275,235,245,245" oya="0" hai0="43,10,121,53,76,72,112,37,116,38,133,94,123" hai1="30,49,96,33,125,105,35,75,26,69,110,39,120" hai2="98,85,15,107,84,52,27,29,23,20,34,83,51" hai3="127,13,78,126,48,88,71,6,36,89,40,93,129"/><T46/><D112/><U86/><E120/><N who="0" m="46153" /><D10/><U60/><E110/><V131/><F85/><W87/><G36/><N who="0" m="21863" /><D94/><U114/><E114/><V70/><F70/><W22/><G71/><T115/><D76/><U5/><E39/><N who="0" m="14857" /><D72/><U132/><E5/><V113/><F113/><W1/><G1/><T47/><D115/><U59/><E75/><V24/><F98/><W62/><G62/><T8/><D8/><U61/><E86/><V134/><F107/><W28/><G129/><T4/><D4/><U99/><E96/><V90/><F131/><W124/><G78/><T19/><D133/><U57/><E132/><V77/><F134/><W128/><G128/><T79/><D19/><U58/><E99/><V9/><F77/><W50/><G40/><T63/><D79/><U17/><E105/><V55/><F27/><N who="3" m="16503" /><G89/><T18/><D18/><U45/><E17/><V7/><REACH who="2" step="1"/><F55/><REACH who="2" ten="275,235,235,245" step="2"/><W95/><G93/><T100/><D100/><U11/><E35/><V64/><F64/><W80/><G95/><T91/><D91/><U74/><E33/><V41/><F41/><W117/><G117/><T122/><D122/><U67/><E74/><V2/><F2/><W54/><G54/><T130/><D116/><U81/><E81/><V109/><F109/><W135/><G135/><T56/><D130/><U108/><E108/><V42/><F42/><W14/><G13/><T12/><D12/><U31/><E67/><V16/><F16/><W103/><G103/><T3/><D3/><U82/><E69/><V66/><F66/><W25/><G25/><T104/><D104/><U119/><E26/><RYUUKYOKU ba="1,1" sc="275,10,235,-30,235,10,245,10" hai0="47,53,56,63" hai2="7,9,15,20,23,24,29,34,51,52,83,84,90" hai3="6,14,48,50,80,87,88,124,126,127" /><INIT seed="0,2,1,0,2,129" ten="285,205,245,255" oya="0" hai0="112,99,77,98,105,12,57,20,17,8,92,93,72" hai1="56,130,32,18,89,81,86,68,60,4,6,44,43" hai2="31,63,122,7,39,29,108,9,104,22,1,85,3" hai3="67,45,135,114,53,134,102,117,47,110,111,94,133"/><T66/><D112/><U35/><E130/><V87/><F104/><W91/><G102/><T107/><D72/><U30/><E68/><V70/><F39/><W131/><G131/><T49/><D77/><U125/><E125/><V109/><F85/><W51/><G114/><T124/><D124/><U78/><E35/><V84/><F84/><W64/><G117/><T75/><D75/><U48/><E32/><V55/><F87/><N who="3" m="52607" /><G47/><T71/><D71/><U97/><E30/><V13/><F55/><W42/><G42/><T103/><D107/><U73/><E18/><N who="2" m="10575" /><F63/><W58/><G45/><T123/><D105/><U14/><E14/><N who="2" m="5439" /><F70/><W106/><G106/><T38/><D38/><U10/><E73/><V50/><F50/><W28/><G28/><N who="2" m="10825" /><F122/><W61/><G51/><T11/><D123/><U23/><E78/><V37/><F37/><W100/><G100/><N who="0" m="60487" /><D49/><U19/><E97/><V15/><F15/><W5/><G5/><T24/><D12/><U27/><E56/><V79/><F79/><W90/><G90/><T59/><D59/><U74/><E60/><AGARI ba="2,1" hai="8,11,17,20,24,57,60,66,93,99,103" m="60487" machi="60" ten="30,1500,0" yaku="8,1" doraHai="129" who="0" fromWho="1" sc="285,31,205,-21,245,0,255,0" /><INIT seed="0,3,0,2,4,48" ten="316,184,245,255" oya="0" hai0="34,65,79,84,60,55,19,86,107,91,9,104,64" hai1="112,38,28,16,54,6,99,62,23,110,58,89,61" hai2="51,53,129,49,122,121,25,45,15,36,98,126,68" hai3="27,76,31,42,120,102,63,35,0,56,95,29,11"/><T118/><D118/><U41/><E112/><V67/><F25/><W77/><G120/><T81/><D34/><U124/><E6/><V17/><F36/><W32/><G42/><T71/><D107/><U87/><E28/><V43/><F126/><W82/><G77/><T18/><D104/><U96/><E124/><V97/><F129/><W30/><G0/><T106/><D106/><U88/><E110/><V100/><F67/><N who="0" m="25674" /><D71/><U131/><E131/><V135/><F68/><W132/><G11/><T105/><D105/><U5/><E5/><V108/><F108/><W119/><G119/><T93/><D9/><U72/><E72/><V80/><F135/><W20/><G132/><T134/><D134/><U44/><E62/><V50/><F50/><W83/><G82/><T128/><D128/><U39/><E39/><V26/><F100/><W22/><G35/><T70/><D70/><U59/><E59/><AGARI ba="3,0" hai="18,19,55,59,60,79,81,84,86,91,93" m="25674" machi="59" ten="30,2900,0" yaku="8,1,52,1" doraHai="48" who="0" fromWho="1" sc="316,38,184,-38,245,0,255,0" /><INIT seed="0,4,0,4,5,47" ten="354,146,245,255" oya="0" hai0="100,42,34,75,71,129,73,79,43,88,7,115,104" hai1="98,108,24,8,58,96,6,26,135,17,86,38,133" hai2="69,124,49,78,117,4,125,93,66,57,65,45,130" hai3="21,50,27,18,102,16,119,106,132,33,54,111,63"/><T37/><D115/><U103/><E38/><V114/><F78/><W10/><G119/><T35/><D71/><U91/><E108/><V134/><F4/><W39/><G132/><T64/><D64/><U48/><E135/><V13/><F13/><W99/><G111/><T122/><D129/><U94/><E133/><V70/><F93/><W36/><G63/><T29/><D29/><U32/><E32/><V60/><F134/><W123/><G123/><T1/><D88/><U56/><E96/><V107/><F107/><W109/><G109/><T76/><D122/><U28/><E28/><V44/><F114/><W53/><G53/><T77/><D100/><U14/><E58/><V127/><F130/><W128/><G128/><T105/><D7/><U25/><E25/><V3/><F3/><W15/><REACH who="3" step="1"/><G33/><REACH who="3" ten="354,146,245,245" step="2"/><N who="0" m="12299" /><D37/><U52/><REACH who="1" step="1"/><E6/><REACH who="1" ten="354,136,245,245" step="2"/><V20/><F117/><W116/><G116/><T126/><D1/><U90/><E90/><V92/><F125/><W55/><G55/><T113/><D126/><U12/><E12/><V83/><F124/><W84/><G84/><T5/><D5/><U131/><E131/><V74/><F127/><W82/><G82/><AGARI ba="4,2" hai="8,14,17,24,26,48,52,56,82,86,91,94,98,103" machi="82" ten="30,12000,2" yaku="1,1,7,1,8,1,52,1,54,1,53,1" doraHai="47" doraHaiUra="51" who="1" fromWho="3" sc="354,0,136,152,245,0,245,-132" /><INIT seed="1,0,0,4,2,117" ten="354,288,245,113" oya="1" hai0="80,70,86,27,24,111,15,14,52,4,84,127,92" hai1="132,18,129,74,97,93,1,5,71,65,131,73,124" hai2="34,56,30,112,60,115,105,59,33,88,130,100,49" hai3="85,76,55,79,20,123,114,38,62,36,81,61,82"/><U10/><E124/><V106/><F49/><W6/><G114/><N who="2" m="43561" /><F100/><W125/><G125/><T134/><D70/><U68/><E132/><V135/><F135/><W28/><G6/><T75/><D75/><N who="1" m="28683" /><E18/><V107/><F130/><N who="1" m="49673" /><E65/><V35/><F30/><W40/><G28/><T102/><D127/><U29/><E29/><V128/><F128/><W13/><G20/><T66/><D66/><U12/><E12/><V19/><F19/><W118/><G13/><T119/><D119/><U121/><E121/><V64/><F88/><AGARI ba="0,0" hai="1,5,10,68,71,88,93,97" m="49673,28683" machi="88" ten="30,2900,0" yaku="19,1,54,1" doraHai="117" who="1" fromWho="2" sc="354,0,288,29,245,-29,113,0" /><INIT seed="1,1,0,0,3,79" ten="354,317,216,113" oya="1" hai0="54,127,119,8,67,113,93,118,46,4,84,28,65" hai1="94,44,128,34,130,114,126,134,43,7,131,40,108" hai2="133,42,45,49,14,99,74,9,19,63,129,17,51" hai3="109,105,30,117,68,11,26,102,13,100,6,37,123"/><U83/><E7/><V132/><F74/><W110/><G123/><T23/><D113/><U92/><E34/><V62/><F129/><W111/><G117/><T73/><D73/><U31/><E31/><V52/><F99/><W58/><G68/><T53/><D127/><U91/><E114/><V78/><F78/><W47/><G105/><T107/><D107/><U32/><E32/><V25/><F132/><W27/><G58/><T55/><D119/><U18/><E18/><V72/><F72/><W64/><G64/><T22/><D118/><U33/><E33/><V50/><F50/><W15/><G15/><N who="0" m="5511" /><D46/><U116/><E116/><V71/><F71/><W21/><G27/><N who="0" m="16503" /><D23/><U29/><E29/><V16/><F133/><W1/><G37/><T88/><AGARI ba="1,0" hai="53,54,55,65,67,84,88,93" m="16503,5511" machi="88" ten="30,2000,0" yaku="8,1,54,1" doraHai="79" who="0" fromWho="0" sc="354,23,317,-11,216,-6,113,-6" /><INIT seed="2,0,0,1,4,68" ten="377,306,210,107" oya="2" hai0="61,32,134,15,28,36,107,17,86,102,100,118,66" hai1="55,40,6,83,23,72,128,127,29,50,53,76,47" hai2="45,91,97,0,113,42,129,82,99,125,24,16,81" hai3="93,51,112,30,80,124,119,22,57,88,13,34,87"/><V12/><F0/><W21/><G119/><T39/><D32/><U41/><E128/><V46/><F113/><W105/><G112/><T90/><D28/><U114/><E114/><V64/><F129/><W63/><G105/><T117/><D134/><U43/><E127/><V92/><F125/><W115/><G124/><T58/><D102/><U94/><E6/><V109/><F109/><W59/><G115/><T69/><D69/><U101/><E55/><V121/><F121/><W71/><G71/><T75/><D75/><U48/><E101/><V8/><F64/><W20/><G34/><T106/><D106/><U31/><E94/><V85/><F24/><W7/><G30/><T3/><D3/><U26/><REACH who="1" step="1"/><E31/><REACH who="1" ten="377,296,210,107" step="2"/><V38/><F81/><W9/><G93/><N who="0" m="54487" /><D100/><U78/><E78/><V79/><REACH who="2" step="1"/><F46/><AGARI ba="0,1" hai="23,26,29,40,41,43,46,47,48,50,53,72,76,83" machi="46" ten="30,2000,0" yaku="1,1,7,1,53,0" doraHai="68" doraHaiUra="52" who="1" fromWho="2" sc="377,0,296,30,210,-20,107,0" /><INIT seed="3,0,0,1,0,35" ten="377,326,190,107" oya="3" hai0="127,30,36,94,13,19,66,53,3,113,107,84,135" hai1="85,104,114,21,15,2,123,82,72,49,105,112,55" hai2="32,108,60,48,65,31,51,46,96,12,47,91,75" hai3="11,62,50,109,42,52,119,125,93,78,0,116,103"/><W38/><G38/><T59/><D3/><U67/><E123/><V130/><F75/><W100/><G42/><T22/><D36/><U89/><E72/><V17/><F130/><W74/><G125/><T129/><D107/><U54/><E67/><V40/><F108/><W6/><G62/><T77/><D127/><U134/><E134/><V83/><F31/><W45/><G109/><T126/><D126/><U88/><E89/><V8/><F32/><W64/><G64/><T128/><D66/><U79/><E114/><V92/><F83/><W43/><G43/><T121/><D121/><U111/><E111/><V41/><F65/><W57/><G57/><T69/><D69/><U133/><E133/><V118/><F60/><W81/><REACH who="3" step="1"/><G93/><REACH who="3" ten="377,326,190,97" step="2"/><T73/><D135/><U122/><E122/><V34/><F34/><W44/><G44/><T25/><D113/><U7/><E112/><V124/><F124/><W132/><G132/><T29/><D128/><U80/><E105/><V16/><F118/><AGARI ba="0,1" hai="0,6,11,45,50,52,74,78,81,100,103,116,118,119" machi="118" ten="40,7700,0" yaku="1,1,52,1,54,1,53,0" doraHai="35" doraHaiUra="90" who="3" fromWho="2" sc="377,0,326,0,190,-77,97,87" /><INIT seed="3,1,0,4,2,133" ten="377,326,113,184" oya="3" hai0="26,60,119,100,122,42,51,40,124,46,17,9,108" hai1="71,91,23,116,48,121,132,36,95,32,53,76,30" hai2="98,109,73,81,20,102,38,68,86,10,5,104,47" hai3="89,93,28,84,82,61,83,34,16,50,57,131,66"/><W120/><G131/><T39/><D119/><U69/><E32/><V129/><F20/><W24/><G120/><T58/><D122/><U110/><E121/><V2/><F86/><W96/><G50/><T77/><D108/><U106/><E106/><V49/><F49/><W65/><G66/><T112/><D112/><U3/><E3/><V64/><F109/><W127/><G127/><T13/><D124/><U31/><E110/><V79/><F129/><W45/><G45/><T90/><D100/><U115/><E36/><V85/><F85/><W117/><G117/><T107/><D107/><U37/><E37/><V101/><F101/><W6/><G6/><T123/><D77/><U74/><E115/><V114/><F114/><W125/><G125/><T78/><D78/><U59/><E116/><V33/><F64/><W130/><G130/><T70/><D70/><U18/><E132/><V88/><F88/><W128/><G128/><T134/><D134/><U99/><E71/><V67/><F67/><W4/><G4/><T12/><D123/><U8/><E69/><V56/><F56/><W1/><G1/><T21/><D90/><U55/><E74/><V43/><F68/><W41/><G41/><N who="0" m="25039" /><D39/><U135/><E76/><V113/><F113/><W11/><REACH who="3" step="1"/><G84/><REACH who="3" ten="377,326,113,174" step="2"/><T92/><D40/><U19/><E135/><V25/><F25/><W0/><G0/><T118/><D42/><U80/><E48/><V111/><F111/><W22/><G22/><T75/><D75/><U94/><E23/><V15/><F15/><AGARI ba="1,1" hai="11,15,16,24,28,34,57,61,65,82,83,89,93,96" machi="15" ten="40,7700,0" yaku="1,1,54,1,53,1" doraHai="133" doraHaiUra="54" who="3" fromWho="2" sc="377,0,326,0,113,-80,174,90" /><INIT seed="3,2,0,0,0,41" ten="377,326,33,264" oya="3" hai0="83,55,32,121,80,120,3,15,2,31,135,109,22" hai1="47,101,105,118,73,40,48,46,85,128,76,0,90" hai2="102,82,91,116,8,60,132,17,58,103,81,25,49" hai3="113,93,79,110,13,4,34,66,70,20,12,71,44"/><W125/><G113/><T54/><D32/><U95/><E0/><V112/><F116/><W78/><G34/><T84/><D135/><U5/><E5/><V27/><F132/><W96/><G125/><T62/><D109/><U75/><E118/><V43/><F112/><W126/><G126/><T68/><D68/><U56/><E128/><V94/><F102/><W24/><G110/><T39/><D39/><U61/><E101/><V42/><F103/><W104/><G104/><T59/><D83/><U99/><E105/><V133/><F27/><W87/><G70/><T29/><D3/><U36/><E99/><V107/><F107/><W16/><G71/><T11/><D2/><U45/><E76/><N who="3" m="29226" /><G66/><N who="0" m="39263" /><D121/><U51/><E46/><V7/><F7/><W10/><G87/><T92/><D92/><U23/><E23/><V111/><F111/><W69/><G69/><T18/><D120/><U19/><E19/><V114/><F114/><W57/><G57/><T117/><D117/><U97/><E97/><V52/><F133/><W26/><G44/><T67/><D67/><U30/><E30/><N who="0" m="11273" /><D22/><U124/><E124/><V98/><F8/><W35/><G35/><T106/><D106/><U131/><E36/><V64/><F64/><W100/><AGARI ba="2,0" hai="4,10,12,13,16,20,24,26,93,96,100" m="29226" machi="100" ten="30,3000,0" yaku="8,1,54,1" doraHai="41" who="3" fromWho="3" sc="377,-12,326,-12,33,-12,264,36" /><INIT seed="3,3,0,3,0,43" ten="365,314,21,300" oya="3" hai0="77,128,126,124,8,48,95,115,18,114,58,122,33" hai1="92,89,6,104,82,46,50,16,99,123,27,127,134" hai2="66,36,21,54,105,94,42,130,125,35,111,55,81" hai3="37,39,90,59,107,129,75,13,26,113,67,61,68"/><W135/><G113/><N who="0" m="43019" /><D33/><U83/><E123/><V79/><F105/><W73/><G107/><T63/><D122/><U103/><E134/><V15/><F35/><W117/><G135/><T25/><D128/><U96/><E127/><N who="0" m="48681" /><D77/><U14/><E6/><V41/><F125/><W76/><G117/><T47/><D95/><U28/><E27/><V87/><F130/><W5/><G129/><T12/><D25/><U22/><REACH who="1" step="1"/><E28/><REACH who="1" ten="365,304,21,300" step="2"/><V53/><F111/><W120/><G26/><T4/><D4/><U131/><E131/><V23/><F36/><W86/><G120/><T56/><D63/><U20/><E20/><V29/><F29/><W64/><G68/><T49/><D48/><U88/><E88/><V10/><F23/><W51/><G76/><T69/><D69/><U31/><E31/><V132/><F21/><W32/><G32/><T3/><D3/><U60/><E60/><V133/><F133/><W44/><G67/><T80/><D47/><U106/><E106/><V116/><F132/><W85/><G5/><T38/><D49/><U97/><E97/><V7/><F116/><W65/><G64/><T102/><D38/><N who="3" m="14345" /><G13/><T72/><D102/><U9/><E9/><V40/><F66/><W52/><G90/><T78/><AGARI ba="3,1" hai="8,12,18,56,58,72,78,80" m="48681,43019" machi="78" ten="40,2700,0" yaku="11,1,18,1" doraHai="43" who="0" fromWho="0" sc="365,46,304,-10,21,-10,300,-16" owari="411,52.0,294,9.0,11,-49.0,284,-12.0" /></mjloggm>