<mjloggm ver="2.3"><GO type="225" lobby="0"/><UN n0="%E3%83%B4%E3%83%A0%EF%BC%99%E3%81%A6" n1="%6D%61%62%6F%6F%6F" n2="%E3%82%A6%E3%83%AB%E3%83%88%E3%83%A9%E7%AB%8B%E7%9B%B4" n3="%E3%82%B4%E3%83%9F%E3%83%84%E3%83%A2" dan="16,16,16,17" rate="2125.42,2140.00,2040.37,2147.99" sx="M,M,M,M"/><TAIKYOKU oya="0"/><INIT seed="0,0,0,0,5,32" ten="250,250,250,250" oya="0" hai0="96,101,59,12,36,31,24,86,115,51,129,18,88" hai1="92,40,44,52,125,8,19,126,55,123,72,82,118" hai2="104,133,105,124,23,41,81,14,110,58,33,135,67" hai3="54,75,26,119,25,49,15,93,80,68,34,87,78"/><T56/><D115/><U83/><E123/><V102/><F33/><W122/><G119/><T131/><D36/><U108/><E118/><V39/><F41/><W95/><G122/><T64/><D51/><U90/><E108/><V7/><F39/><W85/><G68/><T98/><D64/><U89/><E8/><V37/><F37/><W100/><G34/><T1/><D1/><U79/><E19/><V35/><F102/><W66/><G66/><T121/><D121/><U0/><E0/><V4/><F35/><W29/><G29/><T103/><D12/><U111/><E111/><V5/><F81/><W106/><G106/><T114/><D18/><U6/><E6/><V17/><F110/><W3/><G3/><T70/><D70/><U38/><E83/><V2/><F2/><W120/><G120/><T76/><D76/><U109/><E109/><V43/><F43/><W107/><G107/><T73/><D73/><U117/><E117/><V71/><F104/><W10/><G75/><T134/><D114/><U116/><E116/><V130/><F105/><W16/><G87/><T74/><D74/><U61/><E61/><V28/><F71/><W113/><G113/><T60/><D101/><U99/><E90/><V13/><F67/><W94/><REACH who="3" step="1"/><G100/><REACH who="3" ten="250,250,250,240" step="2"/><T11/><D103/><U9/><REACH who="1" step="1"/><E9/><REACH who="1" ten="250,240,250,240" step="2"/><V128/><F28/><W47/><AGARI ba="0,2" hai="10,15,16,25,26,47,49,54,78,80,85,93,94,95" machi="47" ten="30,12000,2" yaku="1,1,2,1,0,1,8,1,54,1,53,1" doraHai="32" doraHaiUra="46" who="3" fromWho="3" sc="250,-60,240,-30,250,-30,240,140" /><INIT seed="1,0,0,4,0,128" ten="190,210,220,380" oya="1" hai0="35,30,91,58,2,37,125,12,99,21,123,10,17" hai1="40,131,101,72,83,80,69,13,78,4,88,109,93" hai2="94,61,62,108,132,119,90,47,84,130,100,57,77" hai3="56,3,103,120,63,98,102,112,134,79,50,5,68"/><U11/><E69/><V54/><F119/><W28/><G120/><T111/><D37/><U70/><E70/><V115/><F108/><W51/><G68/><T117/><D117/><U22/><E131/><V95/><F130/><W81/><G112/><T29/><D111/><U9/><E109/><V45/><F77/><W20/><G103/><T7/><D30/><U49/><E83/><V53/><F115/><W105/><G134/><T60/><D125/><U65/><E65/><V39/><F39/><W34/><G34/><T97/><D91/><U8/><E101/><V129/><F129/><W74/><G5/><T85/><D85/><U27/><E49/><V64/><F132/><W67/><G3/><T124/><D124/><U55/><E55/><N who="2" m="21003" /><F62/><W104/><G104/><T86/><D86/><U32/><E40/><V127/><F127/><W106/><G106/><T44/><D44/><U135/><E135/><V59/><F59/><W48/><G48/><T75/><D75/><U116/><E32/><V23/><F23/><W42/><G42/><T15/><D123/><U96/><REACH who="1" step="1"/><E116/><REACH who="1" ten="190,200,220,380" step="2"/><V0/><F100/><W24/><AGARI ba="0,1" hai="20,24,28,50,51,56,63,67,74,79,81,98,102,105" machi="24" ten="30,1100,0" yaku="0,1" doraHai="128" who="3" fromWho="3" sc="190,-3,200,-5,220,-3,380,21" /><INIT seed="2,0,0,3,1,53" ten="187,195,217,401" oya="2" hai0="58,110,31,106,84,107,94,93,7,121,32,76,89" hai1="57,73,46,10,75,113,42,105,35,41,128,3,1" hai2="52,101,102,83,104,99,87,55,79,118,103,56,88" hai3="135,90,112,17,19,125,85,16,78,92,59,108,12"/><V109/><F118/><W64/><G125/><T5/><D121/><U22/><E113/><V62/><F109/><W33/><G135/><T34/><D110/><U70/><E70/><V40/><F40/><W18/><G112/><T21/><D76/><U133/><E35/><V2/><F2/><W123/><G108/><T97/><D21/><U127/><E105/><V60/><F55/><W129/><G129/><T11/><D5/><U95/><E133/><V49/><F104/><W120/><G33/><T131/><D131/><U38/><E128/><V26/><F26/><W82/><G64/><T72/><D72/><U80/><E95/><AGARI ba="0,0" hai="49,52,56,60,62,79,83,87,88,95,99,101,102,103" machi="95" ten="40,12000,1" yaku="8,1,52,1,54,2" doraHai="53" who="2" fromWho="1" sc="187,0,195,-120,217,120,401,0" /><INIT seed="2,1,0,4,5,75" ten="187,75,337,401" oya="2" hai0="22,74,25,17,117,26,120,131,98,83,78,32,68" hai1="53,91,81,10,95,7,96,5,31,76,115,79,33" hai2="114,34,45,3,73,85,80,123,70,48,86,82,105" hai3="9,27,35,126,108,111,60,28,113,124,46,50,37"/><V107/><F70/><W97/><G37/><T29/><D131/><U63/><E115/><V51/><F34/><W30/><G30/><T11/><D117/><U100/><E33/><V38/><F38/><W130/><G130/><T89/><D120/><U12/><E31/><V104/><F3/><W66/><G9/><T72/><D68/><U119/><E119/><V77/><F123/><W54/><G97/><T102/><D72/><U36/><E36/><V49/><F114/><W62/><G62/><T128/><D128/><U94/><E81/><V52/><REACH who="2" step="1"/><F73/><REACH who="2" ten="187,75,327,401" step="2"/><W135/><G113/><T122/><D122/><U65/><E5/><V20/><F20/><W99/><G124/><T16/><D32/><U2/><E2/><V134/><F134/><W116/><G126/><T129/><D22/><U23/><E23/><V8/><F8/><W57/><G135/><T71/><D11/><U103/><E103/><V56/><F56/><W133/><G133/><T87/><D71/><U39/><E39/><V127/><F127/><W41/><G116/><T106/><D129/><U55/><E55/><V90/><AGARI ba="1,1" hai="45,48,49,51,52,77,80,82,85,86,90,104,105,107" machi="90" ten="30,11700,0" yaku="1,1,0,1,52,1,54,1,53,0" doraHai="75" doraHaiUra="0" who="2" fromWho="2" sc="187,-40,75,-40,327,130,401,-40" /><INIT seed="2,2,0,4,0,131" ten="147,35,457,361" oya="2" hai0="66,124,19,102,93,9,119,10,127,31,133,3,77" hai1="59,125,108,23,91,39,4,2,13,84,109,135,75" hai2="107,50,88,55,112,63,117,15,89,101,74,0,53" hai3="7,27,94,81,8,29,30,56,123,96,100,78,33"/><V69/><F74/><W65/><G123/><T82/><D66/><U97/><E39/><V43/><F0/><W104/><G30/><T1/><D133/><U106/><E2/><V57/><F101/><W129/><G129/><T52/><D31/><U40/><E125/><N who="0" m="48201" /><D119/><U17/><E40/><V24/><F107/><W79/><G79/><T90/><D102/><U37/><E37/><V83/><F69/><W92/><G56/><T6/><D19/><U34/><E34/><V110/><F43/><W35/><G65/><T76/><D52/><U49/><E75/><V71/><F71/><W54/><G54/><T132/><D132/><U122/><E122/><V44/><F117/><W22/><G35/><T45/><D45/><U98/><E4/><V126/><F126/><W105/><G94/><T61/><D61/><U67/><E135/><V130/><F130/><W12/><REACH who="3" step="1"/><G33/><REACH who="3" ten="147,35,457,351" step="2"/><T16/><D93/><U47/><E106/><V5/><F57/><W70/><G70/><T58/><D58/><U48/><E108/><V41/><F55/><W134/><G134/><T11/><D76/><U113/><E113/><V62/><F112/><W38/><G38/><T118/><D77/><U115/><E109/><V32/><F110/><W28/><G28/><T25/><D118/><U51/><E115/><V72/><F53/><W114/><G114/><T128/><D128/><U14/><E47/><V95/><F95/><W99/><G99/><N who="1" m="37898" /><E59/><V86/><F44/><W60/><G60/><T42/><D42/><U85/><E67/><V46/><F32/><W18/><G18/><T20/><D16/><RYUUKYOKU ba="2,1" sc="147,-10,35,-10,457,-10,351,30" hai3="7,8,12,22,27,29,78,81,92,96,100,104,105" /><INIT seed="3,3,1,0,0,29" ten="137,25,447,381" oya="3" hai0="109,11,133,98,91,87,20,16,94,13,74,75,73" hai1="34,60,97,105,101,90,17,96,102,124,111,86,15" hai2="110,8,76,129,37,103,44,9,70,49,71,48,23" hai3="22,116,104,89,100,135,131,2,4,61,123,58,93"/><W82/><G123/><T32/><D32/><U43/><E111/><V56/><F37/><W130/><G116/><T112/><D109/><U52/><E124/><V106/><F103/><W50/><G50/><T108/><D108/><U7/><E7/><V80/><F106/><W10/><G135/><T59/><D133/><U125/><E125/><V92/><F129/><N who="3" m="49163" /><G82/><T31/><D59/><U45/><E43/><V64/><F80/><W115/><G115/><T1/><D112/><U27/><E60/><V46/><F49/><W19/><G100/><T66/><D66/><U30/><E45/><V85/><F48/><W57/><G104/><T122/><D122/><U39/><E39/><V81/><F46/><W69/><G69/><T83/><D1/><U62/><E105/><V36/><F44/><W35/><G35/><T14/><D73/><U72/><E72/><V40/><F36/><W6/><G6/><T99/><D83/><U18/><E102/><V51/><F70/><W107/><G107/><T119/><D119/><U134/><E101/><V24/><F71/><W38/><G38/><T21/><D74/><U65/><E134/><V41/><F110/><W78/><G78/><T120/><D75/><U67/><E97/><V25/><F51/><W113/><G113/><T88/><D91/><U84/><E96/><V3/><F81/><W118/><G118/><T117/><D117/><U0/><E86/><V33/><F76/><W54/><G58/><T47/><D47/><U28/><E84/><V132/><F56/><W95/><G89/><T55/><D120/><U126/><E90/><RYUUKYOKU ba="3,1" sc="137,-10,25,-10,447,-10,381,30" hai3="2,4,10,19,22,54,57,61,93,95" /><INIT seed="3,4,1,4,2,129" ten="127,15,437,411" oya="3" hai0="123,14,82,113,92,49,118,19,24,2,37,7,1" hai1="70,108,107,28,133,91,12,55,81,98,8,48,90" hai2="63,125,64,127,69,29,114,103,5,130,94,38,33" hai3="68,101,6,36,134,58,77,110,84,78,87,16,25"/><W135/><G68/><T61/><D118/><U131/><E108/><V42/><F114/><W40/><G6/><T27/><D37/><U47/><E131/><V74/><F74/><W85/><G101/><T4/><D123/><U115/><E70/><V9/><F130/><W72/><G110/><T0/><D82/><U105/><E115/><V56/><F56/><W97/><G97/><T52/><D61/><U53/><E28/><V120/><F120/><W17/><G40/><T13/><D92/><U83/><E98/><V51/><F51/><W32/><G36/><T126/><D52/><U57/><E107/><V89/><F103/><W11/><G11/><T67/><D67/><U23/><E105/><V79/><F79/><N who="3" m="30219" /><G72/><T34/><D0/><U10/><E23/><V31/><F42/><W112/><G112/><T122/><D1/><U124/><E124/><N who="2" m="47691" /><F38/><W93/><G93/><T116/><D113/><U119/><E119/><V88/><F33/><W15/><G15/><T30/><D34/><U20/><E20/><V65/><F65/><W3/><G3/><T45/><D14/><U96/><E96/><N who="2" m="57415" /><F89/><W18/><G58/><T132/><D126/><U66/><E66/><V75/><F75/><W46/><G46/><T43/><D43/><U39/><E39/><V111/><F111/><W106/><G106/><T60/><D122/><U22/><E22/><V117/><F117/><W50/><G50/><T121/><D49/><U100/><E100/><V44/><F44/><W76/><N who="3" m="30227" /><W35/><DORA hai="62" /><G25/><T128/><D116/><U104/><E47/><V21/><F21/><RYUUKYOKU ba="4,1" sc="127,-15,15,-15,437,15,411,15" hai2="5,9,29,31,63,64,69" hai3="16,17,18,32,35,84,85,87,134,135" /><INIT seed="3,5,1,0,2,93" ten="112,0,452,426" oya="3" hai0="21,4,103,72,123,61,38,2,80,18,76,74,104" hai1="108,26,83,73,63,65,128,30,125,19,113,117,129" hai2="121,92,16,82,42,85,64,100,96,135,115,84,122" hai3="36,77,11,127,79,114,56,58,10,40,133,89,14"/><W94/><G114/><T81/><D123/><N who="2" m="47114" /><F135/><W44/><G127/><T8/><D61/><U3/><E113/><V57/><F115/><W24/><G133/><T110/><D110/><U126/><E73/><V90/><F42/><W35/><G10/><T50/><D50/><U12/><E83/><N who="2" m="49439" /><F16/><W119/><G119/><T116/><D21/><U39/><E39/><V131/><F131/><W87/><G77/><T23/><D103/><U67/><E67/><V68/><F68/><W47/><G79/><T102/><D80/><U7/><E65/><V78/><F57/><W69/><G69/><T46/><D38/><U28/><E63/><V43/><F43/><W52/><G47/><T51/><D8/><U75/><E75/><V41/><F41/><W20/><G35/><T99/><D74/><U107/><E107/><V70/><F70/><W5/><G52/><T124/><D46/><U54/><E54/><V48/><F64/><W34/><G34/><T29/><D72/><U130/><E117/><V13/><F13/><W112/><G112/><T120/><D116/><U27/><E108/><V31/><F31/><AGARI ba="5,1" hai="5,11,14,20,24,31,36,40,44,56,58,87,89,94" machi="31" ten="30,1500,0" yaku="7,1" doraHai="93" who="3" fromWho="2" sc="112,0,0,0,452,-30,426,40" owari="112,-29.0,0,-50.0,422,22.0,466,57.0" /></mjloggm>