<mjloggm ver="2.3"><GO type="169" lobby="0"/><UN n0="%E5%AF%9B%E3%83%94%E3%82%A8%E3%83%AD" n1="%E3%81%AA%E3%81%AA%E2%98%86%E3%81%A0%E3%81%BE%EF%BC%A2" n2="%EF%BC%88%E2%89%A7%E2%96%BD%E2%89%A6%EF%BC%89" n3="%E2%98%85%E3%83%9B%E3%83%BC%E3%82%B9%E2%98%85" dan="17,16,19,16" rate="2100.72,2053.76,2227.02,2112.54" sx="M,M,M,M"/><TAIKYOKU oya="0"/><INIT seed="0,0,0,3,1,125" ten="250,250,250,250" oya="0" hai0="99,50,1,56,12,14,29,51,27,98,20,61,71" hai1="26,89,68,112,41,37,10,21,135,96,93,113,46" hai2="97,36,38,69,76,62,32,82,80,43,90,106,59" hai3="18,13,54,84,39,34,123,122,60,11,127,6,116"/><T19/><D1/><U42/><E68/><V91/><F32/><W115/><G39/><T114/><D114/><N who="1" m="44139" /><E135/><V45/><F69/><W110/><G115/><T87/><D71/><U73/><E73/><V58/><F36/><W83/><G110/><T44/><D87/><U130/><E42/><V107/><F59/><N who="3" m="34935" /><G34/><T74/><D74/><U120/><E10/><V49/><F38/><W85/><G127/><T33/><D12/><U128/><E120/><N who="3" m="46122" /><G116/><T131/><D131/><U111/><E111/><V55/><F82/><W24/><G83/><T53/><REACH who="0" step="1"/><D51/><REACH who="0" ten="240,250,250,250" step="2"/><U28/><AGARI ba="0,1" hai="21,26,28,37,41,46,89,93,96,128,130" m="44139" machi="28" ten="30,4000,0" yaku="11,1,52,2" doraHai="125" who="1" fromWho="1" sc="240,-20,250,50,250,-10,250,-10" /><INIT seed="1,0,0,0,5,98" ten="220,300,240,240" oya="1" hai0="50,34,10,27,61,49,119,117,41,39,19,107,94" hai1="73,100,83,72,42,9,109,70,48,78,80,113,84" hai2="3,135,82,104,108,116,43,122,111,46,53,1,14" hai3="71,5,76,6,95,75,35,17,25,12,28,40,63"/><U31/><E70/><V93/><F122/><W86/><G75/><T130/><D107/><U133/><E113/><V126/><F104/><W59/><G71/><T52/><D130/><U51/><E133/><V118/><F135/><W105/><G40/><T112/><D112/><U87/><E109/><N who="2" m="42059" /><F126/><W2/><G2/><N who="2" m="521" /><F53/><W103/><G105/><T69/><D39/><U102/><E31/><V4/><F93/><W134/><G76/><T20/><D41/><U67/><E67/><V79/><F14/><W32/><G32/><T54/><D34/><U7/><E42/><V115/><F4/><W23/><G134/><T96/><D10/><U91/><E73/><N who="2" m="43375" /><F115/><W36/><G36/><AGARI ba="0,0" hai="36,43,46,116,118" m="43375,521,42059" machi="36" ten="30,2000,0" yaku="14,1,23,1" doraHai="98" who="2" fromWho="3" sc="220,0,300,0,240,20,240,-20" /><INIT seed="2,0,0,2,3,41" ten="220,300,260,220" oya="2" hai0="32,132,67,130,84,8,135,17,90,52,38,81,87" hai1="45,124,44,104,43,1,48,62,96,14,122,134,92" hai2="47,95,22,64,13,120,127,49,121,65,42,24,99" hai3="75,40,69,72,23,83,103,27,115,12,4,3,55"/><V79/><F127/><W51/><G3/><T113/><D113/><U46/><E1/><V9/><F79/><W88/><G40/><T19/><D130/><U10/><E104/><V71/><F71/><W100/><G69/><T77/><D67/><U35/><E35/><V2/><F2/><W125/><G125/><T74/><D32/><U54/><E124/><V73/><F73/><W33/><G115/><T101/><D101/><N who="1" m="60551" /><E134/><N who="0" m="51241" /><D38/><U116/><E116/><V37/><F37/><W86/><G72/><T114/><D114/><U129/><E129/><V21/><F121/><W26/><G75/><T107/><D107/><U119/><E119/><V91/><F120/><W133/><G33/><T93/><D8/><U16/><E122/><V61/><F61/><W112/><G112/><T39/><D39/><U98/><E98/><V7/><REACH who="2" step="1"/><F22/><REACH who="2" ten="220,300,250,220" step="2"/><W60/><G60/><T5/><D74/><U53/><E62/><V57/><F57/><W126/><G126/><T128/><D128/><U105/><E105/><V109/><F109/><W110/><G110/><T76/><D76/><U34/><E34/><V108/><F108/><W123/><G123/><T78/><D78/><U15/><E15/><V111/><F111/><W106/><G133/><T80/><D77/><U25/><E25/><V82/><F82/><W70/><G27/><T59/><D80/><U0/><E0/><V30/><AGARI ba="0,1" hai="7,9,13,21,24,30,42,47,49,64,65,91,95,99" machi="30" ten="20,12000,1" yaku="1,1,0,1,7,1,8,1,52,1,53,0" doraHai="41" doraHaiUra="66" who="2" fromWho="2" sc="220,-40,300,-40,250,130,220,-40" /><INIT seed="2,1,0,2,0,0" ten="180,260,380,180" oya="2" hai0="18,123,115,84,69,40,15,58,72,118,16,66,12" hai1="60,59,13,106,6,44,82,101,110,7,22,31,121" hai2="133,19,48,97,114,80,107,134,111,102,85,79,2" hai3="61,76,36,1,24,92,43,112,90,5,33,73,87"/><V95/><F2/><W63/><G112/><T38/><D72/><U62/><E110/><V23/><F114/><W108/><G108/><T105/><D123/><U109/><E109/><V45/><F111/><W96/><G33/><T127/><D118/><U116/><E116/><V34/><F34/><W37/><G24/><T42/><D115/><U130/><E121/><V103/><F107/><W131/><G131/><T120/><D105/><U99/><E130/><V77/><F103/><W74/><G74/><T52/><D120/><U57/><E44/><V124/><F124/><W83/><G37/><T17/><D127/><U4/><E82/><V70/><F70/><W65/><G65/><T8/><D84/><U119/><E119/><V98/><F98/><W53/><G53/><T81/><D81/><U64/><E31/><V129/><F129/><W71/><G71/><T88/><D88/><U86/><E86/><V117/><F117/><W54/><G54/><T132/><D132/><U28/><E28/><V78/><F134/><W125/><G96/><T91/><D91/><U27/><E27/><N who="2" m="14847" /><F133/><W56/><G56/><T122/><D122/><U89/><E89/><V51/><F51/><W29/><G29/><T10/><D38/><U9/><E22/><V100/><F100/><W104/><G104/><T21/><D69/><U11/><E11/><V67/><F67/><AGARI ba="1,0" hai="4,6,7,9,13,57,59,60,62,64,67,99,101,106" machi="67" ten="30,8000,1" yaku="7,1,9,1,52,3" doraHai="0" who="1" fromWho="2" sc="180,0,260,83,380,-83,180,0" /><INIT seed="3,0,0,0,0,111" ten="180,343,297,180" oya="3" hai0="24,108,106,65,112,116,49,5,130,55,90,11,124" hai1="129,72,30,10,39,68,37,14,63,70,23,9,42" hai2="87,53,69,0,52,101,133,109,50,8,15,59,79" hai3="17,29,80,58,26,92,67,126,40,19,38,86,89"/><W3/><G3/><T120/><D106/><U54/><E72/><V28/><F69/><W110/><G110/><T27/><D120/><U76/><E76/><V51/><F0/><W62/><G126/><T4/><D116/><U20/><E129/><V22/><F109/><W33/><G38/><T127/><D108/><U21/><E30/><V61/><F101/><W82/><G40/><T60/><D130/><U135/><E135/><V56/><F133/><W117/><G117/><T95/><D112/><U128/><E128/><V25/><F61/><W103/><G103/><T119/><D119/><U41/><E54/><V131/><F131/><W47/><G47/><T36/><D36/><U114/><E114/><V85/><F79/><W121/><G121/><T75/><D75/><U13/><REACH who="1" step="1"/><E21/><REACH who="1" ten="180,333,297,180" step="2"/><V71/><REACH who="2" step="1"/><F71/><REACH who="2" ten="180,333,287,180" step="2"/><W98/><REACH who="3" step="1"/><G80/><REACH who="3" ten="180,333,287,170" step="2"/><T57/><D124/><U93/><E93/><V12/><F12/><W102/><AGARI ba="0,3" hai="17,19,26,29,33,58,62,67,82,86,89,92,98,102" machi="102" ten="20,7800,0" yaku="1,1,2,1,0,1,7,1,53,0" doraHai="111" doraHaiUra="46" who="3" fromWho="3" sc="180,-26,333,-26,287,-26,170,108" /><INIT seed="3,1,0,4,3,93" ten="154,307,261,278" oya="3" hai0="114,109,16,53,30,4,61,43,103,50,104,39,2" hai1="107,87,47,128,85,33,88,11,7,102,65,19,120" hai2="74,14,71,13,83,51,20,15,29,72,38,117,37" hai3="101,52,5,82,9,113,79,70,90,23,92,44,40"/><W49/><G70/><T123/><D123/><U17/><E120/><V110/><F117/><W8/><G113/><T28/><D114/><U95/><E33/><V132/><F71/><W73/><G101/><T105/><D109/><U57/><E128/><V81/><F110/><W84/><G23/><T134/><D134/><U89/><E47/><V32/><F132/><W59/><REACH who="3" step="1"/><G5/><REACH who="3" ten="154,307,261,268" step="2"/><T41/><D103/><U106/><E102/><V45/><F20/><W56/><G56/><T91/><D4/><U76/><E57/><V133/><F133/><W31/><G31/><T58/><D28/><U68/><E7/><V3/><F29/><W26/><G26/><T77/><D30/><U121/><E68/><V1/><F32/><W115/><G115/><T116/><D58/><U10/><E121/><V99/><F45/><W12/><G12/><T62/><D2/><U64/><E10/><V108/><F14/><W127/><G127/><T66/><D116/><U6/><E11/><V48/><F108/><W112/><G112/><T22/><D22/><U24/><E6/><V27/><F27/><W67/><G67/><T42/><D66/><U100/><E100/><V75/><F75/><W122/><G122/><T0/><D0/><U69/><E69/><V126/><F126/><W119/><G119/><T60/><D104/><U118/><E118/><V54/><F54/><W18/><G18/><T130/><D16/><U46/><E24/><V129/><F129/><W36/><AGARI ba="1,1" hai="8,9,36,40,44,49,52,59,73,79,82,84,90,92" machi="36" ten="20,7800,0" yaku="1,1,0,1,7,1,54,1,53,0" doraHai="93" doraHaiUra="97" who="3" fromWho="3" sc="154,-27,307,-27,261,-27,268,91" /><INIT seed="3,2,0,2,5,79" ten="127,280,234,359" oya="3" hai0="81,80,5,76,111,72,83,126,62,14,49,27,1" hai1="85,9,122,134,103,100,33,124,42,31,22,106,82" hai2="109,104,59,73,130,53,114,127,4,77,132,69,24" hai3="8,37,17,35,101,7,65,86,110,21,125,68,3"/><W30/><G37/><T88/><D126/><U70/><E122/><V48/><F127/><W121/><G121/><T58/><D111/><U36/><E124/><V40/><F114/><W115/><G115/><T120/><D120/><U87/><E33/><V97/><F69/><W116/><G116/><T75/><D1/><U54/><E70/><V15/><F109/><W20/><G20/><T71/><D71/><U108/><E108/><V99/><F132/><W96/><G110/><T47/><D72/><U41/><E134/><V66/><F130/><W23/><G125/><T45/><D27/><N who="1" m="16887" /><E106/><V89/><F104/><N who="3" m="63527" /><G17/><T32/><D32/><U64/><E64/><V44/><F66/><W39/><G39/><T133/><D88/><N who="1" m="51255" /><E36/><V12/><F73/><W16/><G16/><T6/><D133/><U135/><E135/><V128/><F128/><W131/><G131/><T91/><D91/><U84/><E9/><V50/><F89/><W29/><G29/><T113/><D113/><U74/><E74/><V118/><F118/><W51/><G30/><T93/><D93/><U117/><E117/><V13/><F77/><W105/><G105/><T94/><D94/><U46/><E103/><V95/><F95/><W60/><G35/><T26/><D26/><U28/><E100/><V11/><F24/><W52/><G86/><N who="1" m="32810" /><E28/><V10/><F10/><W107/><G107/><T63/><D75/><U19/><E19/><V129/><F129/><W92/><G92/><T34/><D34/><U55/><E46/><V18/><F18/><W38/><G38/><T57/><D47/><U123/><E123/><RYUUKYOKU ba="2,0" sc="127,-30,280,10,234,10,359,10" hai1="41,42,54,55" hai2="4,11,12,13,15,40,44,48,50,53,59,97,99" hai3="3,7,8,21,23,51,52,60,65,68" /><INIT seed="3,3,0,0,5,61" ten="97,290,244,369" oya="3" hai0="125,101,69,93,31,57,60,113,132,34,117,81,43" hai1="37,27,13,130,107,49,21,36,45,116,102,90,87" hai2="112,16,53,94,128,8,96,42,105,108,66,3,99" hai3="103,86,76,95,47,100,24,48,79,65,32,88,74"/><W7/><G7/><T127/><D117/><U52/><E116/><V56/><F112/><W55/><G32/><T35/><D132/><U54/><E130/><V85/><F128/><W12/><G12/><T11/><D113/><U92/><E13/><N who="2" m="7207" /><F3/><W46/><G24/><T17/><D69/><U23/><E23/><V124/><F105/><W98/><G65/><T131/><D131/><U20/><E20/><V0/><F0/><W91/><G46/><T70/><D70/><U106/><E102/><N who="3" m="38954" /><G74/><T9/><D43/><U64/><E64/><V82/><F124/><N who="0" m="47690" /><D81/><AGARI ba="3,0" hai="47,48,55,76,79,81,86,88,91,95,98" m="38954" machi="81" ten="30,2900,0" yaku="8,1,54,1" doraHai="61" who="3" fromWho="0" sc="97,-38,290,0,244,0,369,38" /><INIT seed="3,4,0,1,0,34" ten="59,290,244,407" oya="3" hai0="65,133,44,95,28,0,102,88,23,109,97,64,135" hai1="132,78,35,45,77,112,60,69,40,48,31,94,106" hai2="39,38,42,17,32,58,14,113,99,130,119,53,81" hai3="57,84,5,114,103,67,62,29,20,87,70,47,68"/><W55/><G114/><T117/><D109/><U41/><E112/><V10/><F119/><W4/><G103/><T37/><D117/><U110/><E106/><V12/><F113/><W85/><G70/><T52/><D37/><U3/><E110/><V120/><F120/><W96/><G96/><T72/><D72/><U131/><E131/><V59/><F130/><W111/><G111/><T13/><D102/><U63/><E132/><N who="0" m="50761" /><D0/><U86/><E3/><V105/><F32/><W108/><G108/><T91/><D91/><U121/><E121/><V123/><F123/><W46/><G68/><T104/><D104/><U74/><E74/><V21/><F105/><W80/><G80/><T101/><D101/><U27/><E41/><V51/><F99/><W124/><G124/><T15/><D28/><U24/><E24/><V134/><F134/><W118/><G118/><T36/><D36/><U125/><E125/><V107/><F107/><W93/><G93/><T61/><D61/><U11/><E11/><V127/><F127/><W6/><REACH who="3" step="1"/><G67/><REACH who="3" ten="59,290,244,397" step="2"/><N who="0" m="25675" /><D23/><U18/><E69/><V122/><F122/><W128/><G128/><T43/><D43/><U9/><E94/><V7/><F42/><W100/><G100/><T49/><AGARI ba="4,1" hai="13,15,44,49,52,88,95,97" m="25675,50761" machi="49" ten="30,4000,0" yaku="20,1,54,2" doraHai="34" who="0" fromWho="0" sc="59,62,290,-14,244,-14,397,-24" /><INIT seed="4,0,0,2,3,127" ten="121,276,230,373" oya="0" hai0="98,51,76,28,79,4,77,33,10,129,73,84,46" hai1="50,104,1,44,19,2,85,29,89,74,18,97,72" hai2="6,111,20,12,9,60,109,63,106,21,3,118,80" hai3="132,88,49,68,93,128,0,120,65,135,86,94,26"/><T11/><D129/><U14/><E29/><V70/><F106/><W15/><G0/><T125/><D125/><U24/><E24/><V82/><F118/><W108/><G128/><T101/><D73/><U7/><E7/><V130/><F130/><W126/><G126/><T5/><D84/><U59/><E2/><V95/><F70/><W57/><G68/><T45/><D33/><U99/><E1/><V110/><F95/><W69/><G69/><T39/><D28/><U133/><E133/><V116/><F116/><W117/><G117/><T48/><D39/><U92/><E59/><V32/><F32/><W56/><G65/><T102/><REACH who="0" step="1"/><D77/><REACH who="0" ten="111,276,230,373" step="2"/><U113/><E74/><V54/><F110/><W38/><G38/><T64/><D64/><U62/><E72/><V55/><F111/><W37/><G37/><T90/><D90/><U58/><E85/><V17/><F109/><W71/><G86/><T36/><D36/><U53/><E89/><V8/><F82/><W30/><G88/><T27/><D27/><U105/><E99/><AGARI ba="0,1" hai="4,5,10,11,45,46,48,51,76,79,98,99,101,102" machi="99" ten="25,9600,0" yaku="1,1,22,2,8,1,53,0" doraHai="127" doraHaiUra="115" who="0" fromWho="1" sc="111,106,276,-96,230,0,373,0" /><INIT seed="4,1,0,0,5,4" ten="217,180,230,373" oya="0" hai0="115,85,107,111,35,126,119,44,16,33,34,17,121" hai1="79,24,90,60,118,78,73,74,20,130,49,32,40" hai2="61,15,117,57,6,5,84,43,129,10,112,2,125" hai3="114,13,37,30,127,47,131,87,92,28,23,109,27"/><T105/><D121/><U14/><E118/><V50/><F117/><W128/><G109/><T48/><D119/><U69/><E32/><V65/><F129/><N who="3" m="49739" /><G114/><T67/><D111/><U62/><E130/><V99/><F112/><W133/><G133/><T11/><D115/><U18/><E90/><V52/><F125/><W97/><G87/><T100/><D126/><U63/><E69/><V124/><F124/><W101/><G127/><T58/><D100/><U64/><E64/><V68/><F99/><W25/><G13/><T108/><D108/><U94/><E94/><V89/><F43/><N who="3" m="23023" /><G27/><T103/><D103/><U7/><E74/><V98/><F98/><W88/><G101/><T86/><D105/><U91/><E91/><V22/><F22/><W72/><G30/><T3/><D107/><U66/><E73/><AGARI ba="1,0" hai="23,25,28,72,73,88,92,97" m="23023,49739" machi="73" ten="30,2000,0" yaku="19,1,54,1" doraHai="4" who="3" fromWho="1" sc="217,0,180,-23,230,0,373,23" /><INIT seed="5,0,0,4,4,52" ten="217,157,230,396" oya="1" hai0="51,59,13,111,134,73,19,125,3,135,38,98,103" hai1="7,86,37,53,22,99,88,119,32,114,130,54,77" hai2="82,5,112,18,60,69,102,106,25,85,90,34,41" hai3="92,63,87,126,44,113,75,48,117,56,40,72,6"/><U24/><E119/><V84/><F112/><W17/><G113/><T108/><D38/><U81/><E114/><V21/><F34/><W127/><G6/><T30/><D3/><U57/><E32/><V67/><F41/><W8/><G8/><T116/><D73/><U70/><E70/><V33/><F33/><W46/><G46/><T76/><D76/><U123/><E123/><V15/><F106/><W64/><G17/><T10/><D30/><N who="1" m="17687" /><E130/><V66/><F102/><W115/><G115/><T31/><D31/><U11/><E37/><V78/><F67/><W94/><G117/><T0/><D0/><U110/><E110/><V62/><F69/><W23/><G23/><T65/><D116/><U29/><E29/><V49/><F49/><W133/><G72/><T132/><D125/><U47/><E47/><V107/><F107/><W80/><G75/><T68/><D68/><U121/><E121/><V96/><F96/><W120/><G120/><T14/><D14/><N who="1" m="5503" /><E57/><V89/><F78/><W93/><G127/><T129/><D129/><U105/><E105/><V58/><F62/><W45/><G63/><N who="0" m="38143" /><D51/><U79/><E79/><V35/><F35/><W43/><G48/><T104/><AGARI ba="0,0" hai="10,13,19,98,103,104,108,111,132,134,135" m="38143" machi="104" ten="30,2000,0" yaku="20,1,52,1" doraHai="52" who="0" fromWho="0" sc="217,20,157,-10,230,-5,396,-5" /><INIT seed="6,0,0,5,3,113" ten="237,147,225,391" oya="2" hai0="128,108,117,90,66,114,24,21,17,5,115,70,44" hai1="73,40,56,110,30,28,39,31,126,41,78,27,77" hai2="35,104,7,106,23,103,34,18,122,96,0,69,92" hai3="102,6,60,25,13,98,29,121,65,95,48,3,19"/><V4/><F122/><W61/><G3/><T97/><D108/><U1/><E110/><V89/><F89/><BYE who="2" /><W84/><G6/><T49/><D128/><U64/><E1/><V9/><F9/><W85/><G48/><T63/><D117/><UN n2="%EF%BC%88%E2%89%A7%E2%96%BD%E2%89%A6%EF%BC%89" /><U100/><E126/><V71/><F0/><W91/><G121/><T87/><D5/><U59/><E100/><V58/><F58/><N who="1" m="22057" /><E73/><V32/><F18/><W74/><G74/><T83/><REACH who="0" step="1"/><D97/><REACH who="0" ten="227,147,225,391" step="2"/><U67/><E39/><V86/><F7/><W50/><G98/><T105/><D105/><U43/><E27/><V76/><F4/><W75/><G25/><T26/><D26/><U72/><E72/><V14/><F106/><W112/><G75/><T62/><D62/><U57/><N who="1" m="22065" /><U80/><DORA hai="123" /><E80/><V2/><F104/><W99/><G61/><T131/><D131/><U51/><E51/><V119/><F119/><W120/><G50/><T109/><D109/><U53/><E53/><AGARI ba="0,1" hai="17,21,24,44,49,53,63,66,70,83,87,90,114,115" machi="53" ten="40,1300,0" yaku="1,1,53,0" doraHai="113,123" doraHaiUra="11,68" who="0" fromWho="1" sc="227,23,147,-13,225,0,391,0" /><INIT seed="7,0,0,1,1,79" ten="250,134,225,391" oya="3" hai0="124,56,68,126,36,95,67,104,18,133,120,7,19" hai1="1,48,45,113,47,100,132,37,112,103,12,88,24" hai2="97,65,81,59,49,85,69,110,0,51,22,91,60" hai3="114,105,8,122,50,99,117,29,21,5,2,42,115"/><W46/><G122/><T30/><D104/><U43/><E1/><V25/><F110/><W101/><G117/><T61/><D36/><U89/><E132/><V31/><F0/><W108/><G108/><T38/><D38/><U106/><E106/><V128/><F128/><W102/><G102/><T135/><D120/><U130/><E130/><V118/><F118/><W131/><G131/><T58/><D7/><U54/><E24/><V98/><F69/><W20/><G29/><T116/><D116/><U34/><E34/><V35/><F35/><W75/><G75/><T52/><D30/><U80/><E12/><V86/><F86/><W63/><G63/><N who="0" m="36231" /><D68/><U129/><E129/><V39/><F39/><W125/><G125/><N who="0" m="48235" /><D95/><U64/><E64/><V16/><F31/><W94/><G105/><T119/><D119/><U53/><E53/><V111/><F111/><W72/><G72/><T96/><D96/><AGARI ba="0,0" hai="16,22,25,49,51,59,60,65,81,85,91,96,97,98" machi="96" ten="40,5200,0" yaku="8,1,52,1,54,1" doraHai="79" who="2" fromWho="0" sc="250,-52,134,0,225,52,391,0" owari="198,-20.0,134,-37.0,277,8.0,391,49.0" /></mjloggm>