<mjloggm ver="2.3"><GO type="97" lobby="0"/><UN n0="%E3%82%A6%E3%83%AB%E3%83%88%E3%83%A9%E7%AB%8B%E7%9B%B4" n1="%E6%84%9B%E7%94%9F%EF%BC%8B" n2="%6B%61%6D%65%6E%61%6E%6E" n3="%E3%82%AB%E3%83%AB%E3%82%AB%E3%83%A4%E3%83%9E%E3%82%B3%E3%83%88" dan="15,14,14,15" rate="1979.46,1920.01,1965.17,1986.38" sx="M,M,M,M"/><TAIKYOKU oya="0"/><INIT seed="0,0,0,1,1,18" ten="250,250,250,250" oya="0" hai0="86,129,121,114,85,53,74,17,21,81,26,52,103" hai1="32,19,49,67,102,97,56,44,16,25,23,120,12" hai2="66,90,47,111,77,124,71,30,95,87,82,11,35" hai3="43,37,65,125,14,29,22,68,13,39,15,105,38"/><T107/><D74/><U63/><E120/><V118/><F111/><W31/><G105/><T119/><D121/><U42/><E32/><V72/><F124/><W9/><G125/><T76/><D119/><U62/><E62/><V3/><F118/><W8/><G43/><T5/><D114/><U127/><E127/><V131/><F131/><W50/><G50/><T122/><D122/><U80/><E80/><V60/><F47/><W78/><G78/><T116/><D116/><U132/><E132/><V40/><F40/><W126/><G126/><T4/><D129/><U115/><E115/><V69/><F35/><W2/><G2/><T128/><D128/><U20/><E97/><V51/><F51/><W55/><G55/><N who="0" m="21067" /><D107/><U98/><E98/><V0/><F30/><W92/><G92/><T104/><D104/><U123/><REACH who="1" step="1"/><E123/><REACH who="1" ten="250,240,250,250" step="2"/><V46/><F46/><W110/><G110/><T34/><D34/><U94/><E94/><V112/><F112/><W54/><G39/><T96/><D96/><U64/><E64/><V89/><F71/><W73/><G38/><T59/><D103/><AGARI ba="0,1" hai="12,16,19,20,23,25,42,44,49,56,63,67,102,103" machi="103" ten="40,12000,2" yaku="1,1,8,1,52,2,54,1,53,1" doraHai="18" doraHaiUra="36" who="1" fromWho="0" sc="250,-120,240,130,250,0,250,0" /><INIT seed="1,0,0,1,2,1" ten="130,370,250,250" oya="1" hai0="11,123,94,20,15,129,26,58,6,25,50,113,124" hai1="51,89,97,95,81,78,12,39,110,66,135,27,17" hai2="115,68,28,37,116,0,132,23,60,108,90,56,8" hai3="19,83,79,131,88,3,101,4,49,105,85,38,5"/><U118/><E118/><V24/><F116/><W130/><G38/><T9/><D123/><U18/><E39/><V61/><F37/><W84/><G3/><T128/><D113/><U63/><E135/><V43/><F108/><W65/><G65/><T103/><D50/><U104/><E110/><V122/><F122/><W67/><G67/><T54/><D54/><U57/><E104/><V82/><F132/><W93/><G49/><T33/><D58/><U21/><E51/><V126/><F126/><W112/><G112/><T73/><D94/><U34/><E34/><V127/><F127/><W41/><G41/><T45/><D103/><U107/><E107/><V80/><F115/><W96/><G19/><N who="0" m="12447" /><D45/><U52/><E66/><V87/><F43/><W10/><G10/><N who="0" m="4567" /><D73/><U7/><E7/><V99/><F68/><W69/><G69/><T119/><D119/><U62/><E62/><V16/><F56/><W117/><G117/><T72/><D72/><U2/><E2/><V106/><F106/><W30/><G30/><N who="0" m="19671" /><D124/><U47/><E47/><V109/><F109/><W125/><G125/><T91/><D91/><U133/><E133/><V13/><F99/><W75/><G85/><T134/><D134/><U98/><E98/><V42/><F42/><W55/><G55/><T64/><D64/><U74/><E74/><V35/><F80/><W29/><G29/><T36/><D36/><U77/><E81/><V111/><F111/><W48/><G48/><T59/><D59/><U92/><E92/><V71/><F71/><W121/><G121/><T120/><D120/><U32/><E32/><RYUUKYOKU ba="0,0" sc="130,0,370,0,250,0,250,0" hai0="9,11,128,129" hai1="12,17,18,21,27,52,57,63,77,78,89,95,97" hai2="0,8,13,16,23,24,28,35,60,61,82,87,90" hai3="4,5,75,79,83,84,88,93,96,101,105,130,131" /><INIT seed="1,1,0,4,5,6" ten="130,370,250,250" oya="1" hai0="16,5,51,86,61,64,119,18,129,45,83,90,59" hai1="35,124,32,69,44,102,25,38,10,36,22,109,110" hai2="68,62,77,133,19,31,106,41,121,13,100,8,15" hai3="53,43,14,130,26,80,12,132,116,91,20,96,37"/><U88/><E69/><V42/><F121/><W95/><G130/><T114/><D119/><U104/><E124/><V29/><F133/><W75/><G132/><T0/><D114/><U126/><E126/><V58/><F68/><W73/><G116/><T23/><D129/><U99/><E88/><V103/><F77/><W131/><G131/><T4/><D0/><U9/><E44/><V127/><F127/><W120/><G120/><T79/><D90/><U56/><E56/><V85/><F85/><W93/><G43/><N who="2" m="16393" /><F106/><W60/><G37/><T47/><D18/><N who="1" m="12503" /><E36/><V112/><F112/><W74/><G80/><T21/><D21/><U49/><E49/><V63/><F63/><W11/><G14/><N who="0" m="9623" /><D47/><U39/><E39/><V135/><F135/><W94/><G53/><AGARI ba="1,0" hai="4,5,45,51,53,59,61,64,79,83,86" m="9623" machi="53" ten="30,2000,0" yaku="8,1,54,1" doraHai="6" who="0" fromWho="3" sc="130,23,370,0,250,0,250,-23" /><INIT seed="2,0,0,1,3,61" ten="153,370,250,227" oya="2" hai0="21,117,77,129,12,34,29,19,47,1,78,76,63" hai1="93,17,24,110,92,44,22,49,74,59,118,88,89" hai2="73,68,8,106,84,3,15,75,104,26,130,5,31" hai3="81,27,13,96,25,83,0,11,109,99,80,134,51"/><V40/><F130/><W48/><G0/><T126/><D129/><U57/><E110/><V121/><F121/><W14/><G134/><T30/><D126/><U71/><E71/><V16/><F40/><W114/><G109/><T87/><D117/><U101/><E74/><V37/><F37/><W62/><G114/><T54/><D1/><U111/><E111/><V56/><F68/><W28/><G62/><T103/><D34/><U102/><E102/><V127/><F127/><W90/><G90/><N who="1" m="34922" /><E118/><V18/><F84/><W94/><G94/><N who="1" m="36458" /><E101/><V38/><F38/><W82/><N who="3" m="20992" /><DORA hai="119" /><W100/><G100/><T98/><D87/><U41/><AGARI ba="0,0" hai="17,22,24,41,44,49,57,59" m="36458,34922" machi="41" ten="30,2000,0" yaku="8,1,54,1" doraHai="61,119" who="1" fromWho="1" sc="153,-5,370,20,250,-10,227,-5" /><INIT seed="3,0,0,3,3,28" ten="148,390,240,222" oya="3" hai0="63,25,1,65,54,30,60,105,71,103,67,44,80" hai1="27,108,32,91,59,111,18,57,16,69,128,98,15" hai2="93,120,82,95,4,84,34,75,12,86,14,112,124" hai3="109,126,64,97,50,9,31,88,17,40,19,45,33"/><W132/><G126/><T56/><D1/><U48/><E69/><V55/><F112/><W104/><G132/><T58/><D80/><U23/><E128/><V13/><F124/><W7/><G64/><N who="0" m="41375" /><D25/><U53/><E32/><V125/><F125/><W100/><G109/><N who="1" m="42058" /><E91/><V134/><F134/><W76/><G76/><T121/><D30/><U127/><E98/><V85/><F120/><W72/><G72/><T107/><D103/><U81/><E81/><V101/><F34/><W36/><G36/><T106/><D106/><U2/><E2/><V90/><F75/><W46/><G46/><T118/><D105/><U22/><E127/><V10/><F55/><W52/><G52/><N who="0" m="33799" /><D107/><U133/><E133/><V94/><F101/><W130/><G130/><T122/><D121/><U117/><E117/><V38/><REACH who="2" step="1"/><F38/><REACH who="2" ten="148,390,230,222" step="2"/><W73/><G73/><T51/><D118/><U61/><E61/><V8/><F8/><W3/><REACH who="3" step="1"/><G88/><REACH who="3" ten="148,390,230,212" step="2"/><T135/><D122/><U21/><E21/><V41/><F41/><W20/><G20/><T43/><D135/><U62/><E62/><AGARI ba="0,2" hai="43,44,51,54,58,62,65,67" m="33799,41375" machi="62" ten="30,12000,2" yaku="35,5,54,1" doraHai="28" who="0" fromWho="1" sc="148,140,390,-120,230,0,212,0" /><INIT seed="4,0,0,0,2,102" ten="288,270,230,212" oya="0" hai0="117,42,22,52,6,40,14,67,90,46,8,24,35" hai1="37,63,77,73,120,48,45,68,79,87,126,31,33" hai2="12,60,54,85,103,109,84,71,0,29,97,99,39" hai3="55,16,76,110,49,51,2,114,38,11,75,34,27"/><T26/><D117/><U121/><E120/><V4/><F0/><W13/><G38/><T94/><D67/><U25/><E121/><V125/><F39/><W123/><G110/><T83/><D83/><U43/><E126/><V130/><F109/><W7/><G123/><T56/><D35/><U1/><E1/><V133/><F125/><W32/><G114/><T23/><D23/><U124/><E124/><V17/><F130/><W28/><G34/><T44/><D44/><U108/><E108/><V15/><F133/><W3/><G3/><T129/><D129/><U59/><E68/><V113/><F113/><W98/><G98/><N who="0" m="57687" /><D46/><U47/><E87/><V41/><F41/><N who="0" m="15978" /><D22/><U9/><E9/><V127/><F127/><W50/><G75/><T81/><D81/><U88/><E88/><V131/><F131/><W19/><G76/><T65/><D65/><U62/><E73/><V86/><F29/><W10/><REACH who="3" step="1"/><G19/><REACH who="3" ten="288,270,230,202" step="2"/><T69/><D69/><U104/><E79/><V57/><F97/><W21/><G21/><T116/><D116/><U115/><E77/><V93/><F71/><W122/><G122/><T91/><D91/><U105/><E115/><V135/><F135/><W61/><G61/><AGARI ba="0,1" hai="6,8,14,24,26,52,56,61" m="15978,57687" machi="61" ten="30,2900,0" yaku="8,1,54,1" doraHai="102" who="0" fromWho="3" sc="288,39,270,0,230,0,202,-29" owari="327,43.0,270,7.0,230,-17.0,173,-33.0" /></mjloggm>