<mjloggm ver="2.3"><GO type="97" lobby="0"/><UN n0="%E3%81%86%E3%81%95%E3%81%8E%E3%81%BE%E3%81%8D" n1="%E3%83%A4%E3%82%AE" n2="%E3%82%A6%E3%83%AB%E3%83%88%E3%83%A9%E7%AB%8B%E7%9B%B4" n3="%62%69%63%65%70%73" dan="14,13,15,13" rate="1915.17,2063.70,1992.92,1818.73" sx="M,M,M,M"/><TAIKYOKU oya="0"/><INIT seed="0,0,0,0,1,82" ten="250,250,250,250" oya="0" hai0="90,21,112,43,129,29,63,3,59,16,78,113,58" hai1="109,34,94,114,125,100,30,45,122,127,106,4,7" hai2="55,66,120,38,115,126,17,9,36,13,11,44,93" hai3="76,110,5,51,131,77,118,6,42,84,14,22,121"/><T1/><D129/><U75/><E106/><V88/><F120/><W41/><G118/><T28/><D43/><N who="3" m="16393" /><G131/><T70/><D70/><U46/><E122/><V95/><F115/><W98/><G121/><T18/><D78/><N who="3" m="30313" /><G110/><T52/><D63/><U37/><E75/><V80/><F66/><W65/><G65/><T39/><D21/><U54/><E109/><V123/><F123/><W102/><G51/><T57/><D90/><U85/><E37/><V71/><F71/><W67/><G67/><T133/><D133/><U73/><E73/><V19/><F38/><W15/><G22/><T25/><D25/><U105/><E105/><V33/><F33/><W103/><G84/><T35/><D35/><U111/><E111/><V134/><F36/><W74/><G98/><T130/><D130/><U68/><E68/><V49/><F134/><W0/><G74/><T81/><D39/><U48/><E34/><V50/><F50/><W99/><G99/><T132/><D132/><U20/><E48/><V23/><F126/><W97/><G97/><T40/><D40/><U135/><E135/><V96/><F11/><W10/><G10/><T60/><D60/><U116/><E116/><V24/><F96/><W107/><G107/><T69/><D69/><U89/><E114/><N who="0" m="44137" /><D81/><U86/><E125/><V79/><F79/><W128/><G128/><T87/><D87/><AGARI ba="0,0" hai="9,13,17,19,23,24,44,49,55,80,87,88,93,95" machi="87" ten="40,8000,1" yaku="25,2,8,1,52,1,54,1" doraHai="82" who="2" fromWho="0" sc="250,-80,250,0,250,80,250,0" /><INIT seed="1,0,0,0,5,14" ten="170,250,330,250" oya="1" hai0="135,121,74,36,42,30,92,99,25,75,119,76,65" hai1="43,51,19,80,39,69,64,91,12,60,126,79,100" hai2="55,97,127,31,45,84,67,78,63,50,106,22,87" hai3="10,37,57,113,120,34,109,58,68,131,40,108,88"/><U11/><E126/><V72/><F127/><W125/><G120/><T115/><D121/><U27/><E100/><V66/><F66/><W96/><G125/><T35/><D119/><U0/><E39/><V81/><F97/><W53/><G68/><T20/><D115/><U46/><E0/><V1/><F1/><W111/><G113/><T47/><D135/><U33/><E91/><V89/><F106/><W95/><G131/><T8/><D65/><U29/><E80/><V71/><F89/><W2/><G34/><T41/><D41/><U85/><E85/><V90/><F90/><W49/><G40/><T61/><D61/><U118/><REACH who="1" step="1"/><E79/><REACH who="1" ten="170,240,330,250" step="2"/><V110/><F84/><W73/><G37/><T133/><D76/><U129/><E129/><V114/><F87/><W13/><G73/><T54/><D133/><U107/><E107/><V116/><F114/><W103/><G103/><T101/><D8/><U21/><E21/><V117/><F81/><W23/><G23/><T16/><REACH who="0" step="1"/><D54/><REACH who="0" ten="160,240,330,250" step="2"/><U77/><E77/><V15/><F78/><W98/><G111/><T9/><D9/><U112/><E112/><V123/><F110/><W83/><G109/><T32/><D32/><U124/><E124/><V4/><F123/><W44/><G108/><T104/><D104/><U102/><E102/><V6/><F55/><W5/><G53/><T94/><D94/><U70/><E70/><V82/><F71/><W17/><G10/><T86/><D86/><U52/><E52/><V93/><F93/><W122/><G95/><T24/><AGARI ba="0,2" hai="16,20,24,25,30,35,36,42,47,74,75,92,99,101" machi="24" ten="20,8000,1" yaku="1,1,0,1,7,1,52,1,54,1,53,0" doraHai="14" doraHaiUra="7" who="0" fromWho="0" sc="160,100,240,-40,330,-20,250,-20" /><INIT seed="2,0,0,3,5,134" ten="260,200,310,230" oya="2" hai0="47,26,4,23,1,114,66,16,70,69,81,27,78" hai1="48,37,29,108,82,12,102,15,123,18,36,86,79" hai2="2,101,62,121,87,111,60,14,10,39,107,33,19" hai3="49,116,122,97,103,51,117,73,110,120,3,91,133"/><V92/><F39/><W84/><G3/><T75/><D114/><U106/><E108/><V88/><F121/><N who="3" m="46699" /><G49/><T42/><D66/><U85/><E123/><V11/><F33/><W68/><G68/><T135/><D135/><U104/><E29/><V46/><F111/><W54/><G54/><T57/><D57/><U45/><E86/><V7/><REACH who="2" step="1"/><F46/><REACH who="2" ten="260,200,300,230" step="2"/><W65/><G133/><T115/><D115/><U35/><E35/><V5/><F5/><W124/><G117/><T63/><D4/><U43/><E37/><V95/><F95/><W125/><G116/><T13/><D1/><U52/><E36/><V130/><F130/><W96/><G110/><T53/><D70/><U127/><E106/><V22/><F22/><W131/><G131/><T8/><D23/><U76/><E104/><V113/><F113/><W112/><G112/><T32/><D32/><U126/><E45/><V128/><F128/><W50/><G73/><T31/><D69/><U94/><E94/><V25/><F25/><W61/><G103/><T109/><D109/><U80/><E80/><V129/><F129/><W59/><G97/><AGARI ba="0,1" hai="2,7,10,11,14,19,60,62,87,88,92,97,101,107" machi="97" ten="40,3900,0" yaku="1,1,54,1,53,0" doraHai="134" doraHaiUra="118" who="2" fromWho="3" sc="260,0,200,0,300,49,230,-39" /><INIT seed="2,1,0,2,5,48" ten="260,200,349,191" oya="2" hai0="70,61,115,49,119,18,74,86,122,127,73,47,80" hai1="132,1,78,75,121,69,41,11,23,17,107,109,104" hai2="84,31,114,15,52,34,90,128,26,123,129,126,134" hai3="65,96,83,5,110,117,100,79,53,63,101,72,85"/><V87/><F123/><W106/><G117/><T56/><D122/><U67/><E121/><V21/><F114/><W135/><G110/><T91/><D119/><U9/><E109/><V45/><F126/><W46/><G135/><T22/><D115/><U8/><E132/><V133/><F133/><W27/><G101/><T2/><D2/><U13/><E41/><V111/><F134/><W14/><G27/><T7/><D7/><U95/><E1/><V131/><F111/><W39/><G72/><T94/><D70/><U57/><E69/><V102/><F102/><W19/><G5/><T93/><D127/><U30/><E30/><V64/><F64/><W38/><G46/><T120/><D120/><U51/><E67/><V71/><F71/><W112/><G112/><T24/><D74/><U82/><REACH who="1" step="1"/><E95/><REACH who="1" ten="260,190,349,191" step="2"/><V42/><F42/><W130/><G130/><T125/><D125/><U12/><E12/><V99/><F15/><W32/><G53/><AGARI ba="1,1" hai="8,9,11,13,17,23,51,53,57,75,78,82,104,107" machi="53" ten="40,2600,0" yaku="1,1,52,1,53,0" doraHai="48" doraHaiUra="43" who="1" fromWho="3" sc="260,0,190,39,349,0,191,-29" /><INIT seed="3,0,0,4,4,44" ten="260,229,349,162" oya="3" hai0="33,135,23,74,22,84,21,113,38,131,14,118,124" hai1="91,82,19,6,98,24,2,81,39,50,5,125,110" hai2="67,31,29,11,18,13,87,112,47,106,92,134,85" hai3="129,109,71,88,55,128,57,97,89,114,51,15,123"/><W78/><G123/><T28/><D38/><U8/><E39/><V46/><F106/><W120/><G120/><T20/><D74/><U100/><E110/><V83/><F134/><W16/><G71/><T115/><D84/><U105/><E125/><V32/><F32/><W77/><G114/><N who="0" m="43531" /><D124/><U17/><E6/><V104/><F104/><W42/><G42/><T10/><D135/><U72/><E72/><V96/><F67/><W79/><G109/><T63/><D63/><U119/><E119/><V40/><F40/><W60/><G60/><T3/><D118/><U86/><E81/><V133/><F133/><W76/><N who="3" m="19968" /><DORA hai="36" /><W26/><G26/><N who="0" m="18583" /><D3/><U64/><E64/><V59/><F85/><W122/><G122/><T49/><D49/><U7/><E7/><V132/><F87/><W30/><G30/><T54/><D54/><U61/><E61/><V70/><F83/><W58/><G58/><T41/><D41/><U68/><E68/><V102/><F70/><W95/><REACH who="3" step="1"/><G89/><REACH who="3" ten="260,229,349,152" step="2"/><T121/><D121/><U107/><E91/><V9/><F31/><W103/><G103/><T99/><D131/><U4/><E100/><V108/><F29/><W93/><G93/><T111/><D111/><U126/><E24/><V27/><F27/><W90/><G90/><T65/><D99/><U130/><E98/><V12/><F108/><W62/><G62/><T48/><D65/><U75/><E130/><V1/><F112/><W45/><G45/><N who="2" m="16905" /><F59/><W73/><G73/><T69/><D69/><U101/><E75/><V52/><F92/><W117/><G117/><T35/><D35/><RYUUKYOKU ba="0,1" sc="260,-10,229,-10,349,-10,152,30" hai3="15,16,51,55,57,88,95,97,128,129" /><INIT seed="3,1,1,1,0,59" ten="250,219,339,182" oya="3" hai0="103,10,66,120,89,133,73,7,2,16,108,90,24" hai1="96,69,29,54,9,88,71,135,117,49,18,128,52" hai2="98,65,42,32,40,14,92,122,17,31,37,5,112" hai3="39,85,115,70,134,60,64,15,8,113,45,107,36"/><W0/><G0/><T20/><D120/><U100/><E29/><V63/><F5/><W78/><G107/><T99/><D108/><U109/><E109/><V84/><F37/><W21/><G134/><T102/><D133/><U74/><E74/><V132/><F132/><W114/><G21/><T93/><D73/><U25/><E135/><V83/><F112/><W13/><G45/><T116/><D116/><U27/><E117/><V41/><F31/><W106/><G106/><T11/><D11/><U3/><E3/><V26/><F26/><N who="1" m="9737" /><E71/><V22/><F32/><W51/><G51/><T6/><D6/><U19/><E69/><V129/><F129/><W72/><G72/><T68/><D68/><U82/><E100/><N who="2" m="60487" /><F122/><W1/><G1/><T95/><REACH who="0" step="1"/><D66/><REACH who="0" ten="240,219,339,182" step="2"/><U35/><E128/><V47/><F65/><W33/><G33/><T67/><D67/><U77/><E35/><V101/><F101/><W124/><G124/><T58/><D58/><U80/><E9/><V79/><F47/><W34/><G34/><T86/><AGARI ba="1,2" hai="2,7,10,16,20,24,86,89,90,93,95,99,102,103" machi="86" ten="20,5200,0" yaku="1,1,0,1,7,1,54,1,53,0" doraHai="59" doraHaiUra="46" who="0" fromWho="0" sc="240,75,219,-14,339,-14,182,-27" owari="315,12.0,205,-19.0,325,41.0,155,-34.0" /></mjloggm>