<mjloggm ver="2.3"><GO type="97" lobby="0"/><UN n0="%E6%99%82%E3%81%AE%E6%B2%B3" n1="%E3%82%A6%E3%83%AB%E3%83%88%E3%83%A9%E7%AB%8B%E7%9B%B4" n2="%E5%A4%A7%E5%B0%86%E9%BB%84%E7%8C%BF" n3="%73%61%72%61%7A%6F" dan="14,15,15,15" rate="1911.76,1985.02,1982.88,1979.62" sx="M,M,M,M"/><TAIKYOKU oya="0"/><INIT seed="0,0,0,4,2,116" ten="250,250,250,250" oya="0" hai0="21,119,130,80,16,69,6,122,40,36,55,107,22" hai1="25,30,53,3,101,84,44,57,97,39,60,49,91" hai2="129,132,14,105,18,81,89,113,110,45,24,26,4" hai3="73,128,29,59,54,12,9,79,78,11,8,27,111"/><T23/><D119/><U50/><E3/><V102/><F113/><W15/><G128/><T68/><D130/><U63/><E39/><V42/><F129/><W2/><G2/><T103/><D6/><U135/><E135/><V65/><F132/><W75/><G111/><T87/><D122/><U35/><E91/><V20/><F65/><W51/><G15/><T133/><D133/><U124/><E84/><V47/><F110/><W58/><G58/><T83/><D40/><U31/><E31/><V48/><F105/><W118/><G12/><T108/><D36/><U43/><REACH who="1" step="1"/><E124/><REACH who="1" ten="250,240,250,250" step="2"/><V61/><F4/><W33/><REACH who="3" step="1"/><G118/><REACH who="3" ten="250,240,250,240" step="2"/><T88/><D108/><U0/><E0/><V94/><F14/><W106/><G106/><AGARI ba="0,2" hai="25,30,35,43,44,49,50,53,57,60,63,97,101,106" machi="106" ten="30,2000,0" yaku="1,1,7,1,53,0" doraHai="116" doraHaiUra="17" who="1" fromWho="3" sc="250,0,240,40,250,0,240,-20" /><INIT seed="1,0,0,1,3,10" ten="250,280,250,220" oya="1" hai0="95,97,111,22,55,52,44,7,21,132,35,19,17" hai1="81,58,8,85,66,41,77,86,121,101,49,60,105" hai2="2,70,135,78,120,114,68,107,110,23,29,0,5" hai3="73,13,76,94,59,75,98,67,125,56,116,74,57"/><U79/><E121/><V54/><F120/><W118/><G76/><T36/><D35/><U123/><E123/><V93/><F107/><W113/><G113/><T50/><D132/><U18/><E101/><V96/><F135/><W61/><G125/><T115/><D115/><U108/><E105/><V25/><F114/><W26/><G26/><T46/><D111/><U71/><E108/><V4/><F110/><W102/><REACH who="3" step="1"/><G13/><REACH who="3" ten="250,280,250,210" step="2"/><T129/><D129/><U20/><E79/><V30/><F78/><W104/><G104/><T88/><D36/><U47/><E8/><V3/><F3/><W62/><G62/><T6/><D19/><U16/><E18/><V15/><F2/><W80/><G80/><T43/><D22/><U89/><E77/><V39/><F0/><W133/><G133/><T9/><D9/><U106/><E106/><V24/><F39/><W14/><G14/><N who="0" m="9399" /><D43/><U117/><E81/><V28/><F24/><W127/><G127/><T72/><D72/><U119/><E41/><V90/><F15/><W100/><G100/><T92/><D95/><U130/><E16/><V65/><F29/><W40/><G40/><T64/><D7/><U99/><E20/><V69/><F30/><W83/><G83/><T91/><D6/><U32/><E130/><V34/><F5/><W63/><G63/><T82/><D82/><U131/><E60/><V48/><F4/><W84/><G84/><T126/><D126/><U53/><E86/><V51/><F23/><W134/><G134/><T1/><D1/><U38/><E85/><V128/><F128/><W37/><G37/><RYUUKYOKU ba="0,1" sc="250,-10,280,-10,250,-10,210,30" hai3="56,57,59,61,67,73,74,75,94,98,102,116,118" /><INIT seed="2,1,1,4,4,6" ten="240,270,240,240" oya="2" hai0="38,81,123,78,99,67,48,131,122,34,50,71,106" hai1="24,2,44,36,40,29,109,87,114,133,97,0,85" hai2="3,32,63,42,21,125,62,22,46,61,134,69,15" hai3="43,94,37,102,120,100,121,113,51,98,112,89,129"/><V82/><F3/><W31/><G37/><T116/><D34/><U30/><E114/><N who="3" m="44138" /><G31/><T13/><D38/><U103/><E30/><V10/><F125/><W1/><G1/><T49/><D131/><U96/><E96/><V72/><F32/><W77/><G43/><T8/><D116/><U105/><E87/><V83/><F69/><W5/><G5/><T108/><D108/><U91/><E109/><V107/><F107/><W76/><G51/><T12/><D67/><U35/><REACH who="1" step="1"/><E133/><REACH who="1" ten="240,260,240,240" step="2"/><V95/><F134/><W58/><G129/><T84/><D122/><N who="3" m="47209" /><G58/><T80/><D123/><U110/><E110/><V18/><F72/><W124/><G102/><T55/><D99/><U101/><E101/><V126/><F126/><W128/><G124/><T17/><D106/><U47/><E47/><V64/><F64/><W39/><G128/><T127/><D127/><U92/><AGARI ba="1,2" hai="0,2,24,29,35,36,40,44,85,91,92,97,103,105" machi="92" ten="20,2700,0" yaku="1,1,0,1,7,1,53,0" doraHai="6" doraHaiUra="118" who="1" fromWho="1" sc="240,-8,260,50,240,-14,240,-8" /><INIT seed="3,0,0,0,3,75" ten="232,310,226,232" oya="3" hai0="77,89,101,25,106,41,12,90,13,5,38,97,95" hai1="58,14,74,108,23,72,127,66,120,69,71,53,93" hai2="20,32,39,126,107,68,43,57,135,1,50,130,115" hai3="52,51,40,46,113,11,27,82,62,22,133,80,128"/><W34/><G34/><T103/><D101/><U96/><E120/><V9/><RYUUKYOKU type="yao9" ba="0,0" sc="232,0,310,0,226,0,232,0" hai2="1,9,20,32,39,43,50,57,68,107,115,126,130,135" /><INIT seed="3,1,0,1,1,44" ten="232,310,226,232" oya="3" hai0="57,107,35,125,123,69,67,46,41,83,103,113,1" hai1="130,128,97,72,88,119,110,28,45,51,20,73,48" hai2="131,132,65,31,85,86,10,39,56,118,21,100,135" hai3="42,133,27,127,66,116,23,90,109,77,95,30,5"/><W60/><G116/><T9/><D69/><U17/><E28/><V18/><F118/><W53/><G133/><N who="2" m="51273" /><F39/><W50/><G127/><T4/><D35/><U52/><E119/><V120/><F131/><N who="1" m="50217" /><E110/><V75/><F75/><W76/><G109/><T59/><D123/><U101/><E88/><V111/><F111/><W93/><G42/><T112/><D125/><U68/><E68/><V24/><F120/><W26/><G27/><T78/><D103/><U0/><E51/><V84/><F100/><W92/><G90/><T33/><D107/><N who="1" m="63919" /><E0/><V32/><F10/><W22/><G22/><T25/><D112/><U108/><E108/><V102/><F102/><W71/><REACH who="3" step="1"/><G5/><REACH who="3" ten="232,310,226,222" step="2"/><T121/><D113/><U115/><E115/><V129/><F129/><W58/><AGARI ba="1,1" hai="23,26,30,50,53,58,60,66,71,76,77,92,93,95" machi="58" ten="30,11700,0" yaku="1,1,2,1,0,1,52,1,53,0" doraHai="44" doraHaiUra="104" who="3" fromWho="3" sc="232,-40,310,-40,226,-40,222,130" owari="192,-21.0,270,7.0,186,-31.0,352,45.0" /></mjloggm>