<mjloggm ver="2.3"><GO type="97" lobby="0"/><UN n0="%E3%82%A6%E3%83%AB%E3%83%88%E3%83%A9%E7%AB%8B%E7%9B%B4" n1="%E3%82%82%E3%81%8D%E3%82%87%E2%98%86" n2="%E3%81%86%E3%81%BE%E3%81%8A%E3%83%91%E3%83%91" n3="%E6%AE%8B%E7%85%A7%E2%85%A1" dan="15,14,14,14" rate="1957.07,1925.66,1885.32,1944.16" sx="M,M,M,M"/><TAIKYOKU oya="0"/><INIT seed="0,0,0,2,2,130" ten="250,250,250,250" oya="0" hai0="33,75,9,31,63,114,134,19,92,64,20,36,110" hai1="74,93,83,67,1,121,111,125,14,112,71,129,77" hai2="32,11,23,102,34,117,79,13,101,29,90,115,18" hai3="8,41,87,65,131,27,54,6,42,84,40,21,81"/><T15/><D36/><U118/><RYUUKYOKU type="yao9" ba="0,0" sc="250,0,250,0,250,0,250,0" hai1="1,14,67,71,74,77,83,93,111,112,118,121,125,129" /><INIT seed="0,1,0,1,5,16" ten="250,250,250,250" oya="0" hai0="55,115,121,35,31,26,116,56,124,4,12,60,106" hai1="80,118,129,87,32,13,66,75,22,94,100,41,97" hai2="7,51,93,110,99,125,47,42,133,83,120,45,69" hai3="71,34,10,130,17,28,6,62,122,123,11,30,27"/><T101/><D121/><N who="3" m="46089" /><G71/><T92/><D116/><U126/><E32/><V68/><F120/><W48/><G62/><T14/><D115/><U111/><E118/><V90/><F125/><W38/><G38/><T65/><D124/><U89/><E126/><V40/><F133/><W113/><G48/><T61/><D4/><U53/><E111/><V9/><F110/><W135/><G113/><T57/><D106/><U127/><E127/><V8/><F83/><W78/><G78/><T85/><D85/><U96/><E129/><V95/><F9/><W3/><G130/><T19/><D19/><U104/><E66/><V43/><F43/><W33/><G135/><T102/><D102/><U50/><E41/><V18/><F95/><W70/><G70/><T76/><D76/><N who="1" m="44063" /><E96/><V131/><F131/><W108/><G108/><T128/><D128/><U86/><E86/><V67/><F67/><W119/><G119/><T81/><D81/><U103/><E103/><V82/><F82/><W134/><G134/><T44/><D44/><N who="1" m="27847" /><E13/><V59/><F69/><W98/><G98/><T117/><D117/><U20/><AGARI ba="1,0" hai="20,22,87,89,94,97,100,104" m="27847,44063" machi="20" ten="30,4000,0" yaku="24,1,52,2" doraHai="16" who="1" fromWho="1" sc="250,-21,250,43,250,-11,250,-11" /><INIT seed="1,0,0,4,0,71" ten="229,293,239,239" oya="1" hai0="120,6,24,106,33,8,40,12,113,21,26,79,9" hai1="76,124,29,47,99,25,65,73,91,48,14,104,45" hai2="117,74,7,61,57,16,82,128,20,39,122,127,90" hai3="85,67,11,63,133,80,32,77,135,101,18,112,44"/><U3/><E3/><V19/><F122/><W23/><G112/><T125/><D106/><U123/><E123/><V60/><F117/><W2/><G44/><T83/><D113/><U87/><E65/><V108/><F108/><W75/><G32/><T118/><D118/><U27/><E124/><V53/><F127/><W30/><G30/><T102/><D102/><N who="1" m="62559" /><E14/><V69/><F128/><W94/><G101/><T100/><D100/><U110/><E110/><V115/><F115/><W56/><G94/><T119/><D119/><U37/><E37/><V34/><F34/><W88/><G2/><T114/><D125/><U86/><E86/><V121/><F121/><W66/><G11/><T95/><D9/><U107/><E107/><V43/><F7/><W129/><G129/><T58/><D33/><N who="1" m="20655" /><E27/><V109/><F109/><W38/><G38/><T81/><D26/><U4/><E4/><V59/><F69/><W64/><G77/><T70/><D70/><U98/><E98/><V89/><F74/><W15/><REACH who="3" step="1"/><G75/><REACH who="3" ten="229,293,239,229" step="2"/><T50/><D114/><U22/><E45/><V130/><F130/><W93/><G93/><T97/><D120/><U126/><E47/><V131/><F131/><W28/><G28/><N who="0" m="17423" /><D79/><U31/><E126/><V13/><F82/><W5/><G5/><T132/><D81/><U105/><E105/><V103/><F103/><W78/><G78/><T41/><D83/><N who="1" m="49663" /><E76/><V72/><F72/><W62/><G62/><T84/><D95/><U35/><E73/><V134/><F61/><W68/><G68/><T96/><D6/><U46/><E35/><V49/><F60/><RYUUKYOKU ba="0,1" sc="229,-10,293,-10,239,-10,229,30" hai3="15,18,23,56,63,64,66,67,80,85,88,133,135" /><INIT seed="2,1,1,2,4,73" ten="219,283,229,259" oya="2" hai0="90,28,111,126,6,87,107,67,25,10,16,92,2" hai1="36,33,22,44,115,99,113,27,119,23,41,54,63" hai2="100,103,86,55,7,102,80,88,114,132,81,96,13" hai3="19,5,93,51,48,3,72,106,101,97,0,21,130"/><V84/><F114/><W31/><G130/><T17/><D107/><U71/><E119/><V68/><F68/><W60/><G72/><T123/><D123/><U52/><E99/><V122/><F122/><W98/><G31/><T1/><D1/><U94/><E94/><V58/><F132/><W65/><G3/><T61/><D126/><U77/><E77/><N who="2" m="46095" /><F96/><W105/><G105/><T24/><D111/><U20/><E33/><V11/><F103/><W50/><G0/><T46/><D46/><U38/><E38/><V82/><F82/><W32/><G5/><T70/><REACH who="0" step="1"/><D24/><REACH who="0" ten="209,283,229,259" step="2"/><U45/><E45/><V133/><F133/><W112/><G112/><T127/><D127/><U110/><E113/><V79/><F79/><W35/><G106/><T135/><D135/><U66/><E115/><V37/><F37/><W59/><REACH who="3" step="1"/><G98/><REACH who="3" ten="209,283,229,249" step="2"/><T128/><D128/><U34/><E110/><V14/><F14/><AGARI ba="1,3" hai="14,19,21,32,35,48,50,51,59,60,65,93,97,101" machi="14" ten="40,2600,0" yaku="1,1,2,1,53,0" doraHai="73" doraHaiUra="64" who="3" fromWho="2" sc="209,0,283,0,229,-29,249,59" /><INIT seed="3,0,0,4,4,68" ten="209,283,200,308" oya="3" hai0="119,21,48,51,122,75,43,57,111,38,114,133,135" hai1="17,66,28,85,121,71,50,20,100,94,9,15,88" hai2="16,76,59,126,72,82,86,74,129,26,123,11,46" hai3="132,47,60,56,84,93,124,96,7,63,33,45,29"/><W105/><G132/><N who="0" m="50763" /><D75/><U81/><E121/><V107/><F107/><W44/><G124/><T112/><D122/><U77/><E71/><V40/><F123/><W18/><G7/><T54/><D21/><U22/><E66/><V104/><F126/><W2/><G2/><T89/><D89/><U99/><E50/><N who="0" m="18985" /><D119/><U113/><E113/><N who="0" m="43625" /><D111/><U118/><E118/><V0/><F129/><W12/><G105/><T128/><D128/><U24/><E22/><V10/><F104/><W14/><G84/><T13/><D13/><U115/><E115/><V62/><F11/><W53/><G12/><T80/><D80/><U55/><E55/><V3/><F3/><W58/><G33/><T34/><D34/><U25/><E25/><V120/><F120/><W6/><G29/><T106/><D106/><U116/><E116/><V87/><F72/><W101/><G6/><T49/><D43/><U64/><E64/><N who="2" m="39007" /><F26/><W32/><G32/><T65/><D65/><U130/><E130/><V125/><F125/><W127/><G127/><T37/><AGARI ba="0,0" hai="37,38,49,54,57" m="43625,18985,50763" machi="37" ten="40,12000,2" yaku="20,1,11,1,34,2,52,2" doraHai="68" who="0" fromWho="0" sc="209,120,283,-30,200,-30,308,-60" owari="329,43.0,253,5.0,170,-33.0,248,-15.0" /></mjloggm>