<mjloggm ver="2.3"><GO type="97" lobby="0"/><UN n0="%E3%82%A6%E3%83%AB%E3%83%88%E3%83%A9%E7%AB%8B%E7%9B%B4" n1="%E3%82%84%E3%81%8C%E3%81%BF%E2%98%86" n2="%E4%B8%8A%E6%9F%BF%E3%82%81%E3%81%90%E3%81%BF" n3="%E4%B8%96%E3%81%AE%E3%81%9F%E3%82%81%E9%96%89%E9%8E%96%E3%81%97%E3%82%8D" dan="15,14,15,13" rate="1974.65,1984.96,2077.26,1868.13" sx="M,M,F,M"/><TAIKYOKU oya="0"/><INIT seed="0,0,0,2,2,109" ten="250,250,250,250" oya="0" hai0="90,45,13,94,43,102,78,85,71,53,14,61,38" hai1="62,89,17,120,47,55,28,124,1,58,96,110,111" hai2="134,12,23,107,76,67,69,72,128,30,39,64,79" hai3="70,37,92,117,80,98,57,114,116,29,84,15,65"/><T108/><D108/><N who="1" m="41515" /><E120/><V113/><F107/><W125/><G37/><T66/><D102/><U112/><E1/><V31/><F72/><W46/><G46/><T133/><D133/><U82/><E124/><V8/><F39/><W3/><G3/><T75/><D75/><U10/><E28/><N who="2" m="10795" /><F69/><W41/><G41/><T54/><D78/><N who="2" m="29738" /><F113/><W129/><G57/><T77/><D77/><U106/><E106/><V63/><F134/><W48/><G48/><T24/><D24/><U91/><E112/><V32/><F32/><W83/><G15/><T105/><D105/><U74/><E74/><V18/><F128/><W115/><G29/><T122/><D122/><U6/><E6/><N who="2" m="3095" /><F63/><W22/><G22/><T25/><D25/><AGARI ba="0,0" hai="18,23,25,64,67" m="3095,29738,10795" machi="25" ten="30,1000,0" yaku="8,1" doraHai="109" who="2" fromWho="0" sc="250,-10,250,0,250,10,250,0" /><INIT seed="1,0,0,1,2,6" ten="240,250,260,250" oya="1" hai0="114,122,128,30,83,92,38,107,86,65,23,14,108" hai1="82,13,16,98,125,121,103,46,63,85,69,45,100" hai2="36,34,71,135,74,81,57,110,55,104,39,66,87" hai3="20,132,102,119,112,99,54,18,51,79,50,7,9"/><U134/><E121/><V56/><F74/><W77/><G112/><T21/><D65/><U43/><E134/><V68/><F104/><W11/><G132/><T61/><D61/><U53/><E125/><V117/><F34/><W78/><G7/><T4/><D92/><U37/><E98/><V41/><F135/><W130/><G130/><T2/><D86/><U58/><E46/><V26/><F26/><W97/><G119/><T116/><D83/><U3/><E3/><V131/><F117/><W48/><G54/><T62/><D62/><U67/><E67/><V47/><F131/><W113/><G113/><T15/><D38/><N who="2" m="14378" /><F87/><W72/><G72/><T124/><D107/><U33/><E33/><V31/><F31/><W1/><G1/><T91/><D116/><U80/><E69/><N who="2" m="26699" /><F81/><W35/><G35/><T10/><D91/><U44/><E44/><V123/><F110/><W42/><G42/><T106/><D106/><U126/><E126/><V40/><F66/><W93/><G99/><T25/><D128/><U8/><REACH who="1" step="1"/><E80/><REACH who="1" ten="240,240,260,250" step="2"/><V89/><F123/><W22/><REACH who="3" step="1"/><G22/><REACH who="3" ten="240,240,260,240" step="2"/><N who="0" m="8203" /><D122/><U84/><E84/><V70/><F70/><W127/><G127/><T120/><D120/><U27/><E27/><AGARI ba="0,2" hai="9,11,18,20,27,48,50,51,77,78,79,93,97,102" machi="27" ten="40,8000,1" yaku="1,1,8,1,52,2,53,0" doraHai="6" doraHaiUra="101" who="3" fromWho="1" sc="240,0,240,-80,260,0,240,100" /><INIT seed="2,0,0,2,1,44" ten="240,160,260,340" oya="2" hai0="121,105,112,99,5,15,45,23,28,92,48,27,69" hai1="100,75,20,84,103,128,41,56,118,33,72,71,115" hai2="79,24,77,26,12,76,132,29,114,51,36,25,1" hai3="63,123,107,87,89,30,127,7,22,124,130,66,98"/><V6/><F36/><W4/><G123/><T133/><D69/><U86/><E71/><V18/><F132/><W17/><G30/><T34/><D105/><U80/><E33/><V91/><F114/><W54/><G54/><T42/><D112/><U59/><E115/><V110/><F110/><W113/><G130/><T3/><D133/><U96/><E41/><V97/><F1/><W67/><G67/><T52/><D121/><U95/><E20/><N who="2" m="11335" /><F6/><W50/><G50/><N who="0" m="26935" /><D34/><U43/><E43/><V117/><F117/><W16/><G98/><T83/><D3/><U53/><E118/><V62/><F62/><W90/><G107/><T40/><D40/><U0/><E0/><V131/><F131/><W58/><G113/><T102/><D15/><U122/><E128/><V19/><F29/><W38/><G38/><T68/><D5/><U101/><E122/><V78/><N who="2" m="19456" /><DORA hai="14" /><V104/><F104/><W73/><G73/><T111/><D68/><U60/><E72/><V65/><F65/><W94/><G89/><T85/><D111/><U74/><E75/><V106/><F51/><W134/><G134/><T9/><D9/><U2/><E2/><V82/><F106/><W109/><G109/><T93/><D93/><U126/><E74/><V120/><F120/><W8/><G4/><T55/><D48/><N who="1" m="30759" /><E80/><V125/><F125/><N who="3" m="48203" /><G22/><T119/><D119/><U32/><E32/><V108/><F108/><W31/><G31/><T70/><D70/><U57/><E126/><V81/><F19/><N who="3" m="7243" /><G7/><T49/><D49/><U129/><E129/><V88/><F91/><AGARI ba="0,0" hai="23,27,28,52,55,83,85,91,92,99,102" m="26935" machi="91" ten="30,3900,0" yaku="8,1,52,1,54,1" doraHai="44,14" who="0" fromWho="2" sc="240,39,160,0,260,-39,340,0" /><INIT seed="3,0,0,4,1,85" ten="279,160,221,340" oya="3" hai0="121,25,31,46,17,120,110,51,53,8,0,97,131" hai1="41,83,10,9,80,35,40,113,65,86,129,16,117" hai2="7,22,127,98,64,69,71,128,61,34,20,122,24" hai3="13,66,89,81,63,107,36,96,19,37,92,118,5"/><W49/><G118/><T15/><D0/><U135/><E113/><V102/><F128/><W6/><G107/><T132/><D131/><U111/><E129/><V116/><F116/><W62/><G62/><T103/><D110/><U18/><E117/><V12/><F127/><W1/><G49/><T95/><D132/><U126/><E135/><V2/><F71/><W42/><G81/><T108/><D108/><U125/><E111/><V47/><F47/><W14/><G14/><T58/><D58/><U115/><E115/><V52/><F12/><W59/><G1/><T4/><D4/><U26/><E26/><V72/><F72/><W39/><G42/><T100/><D100/><U29/><E29/><N who="2" m="19751" /><F52/><W93/><G93/><T33/><AGARI ba="0,0" hai="8,15,17,25,31,33,46,51,53,95,97,103,120,121" machi="33" ten="20,1500,0" yaku="0,1,7,1" doraHai="85" who="0" fromWho="0" sc="279,15,160,-4,221,-4,340,-7" owari="294,9.0,156,-34.0,217,-18.0,333,43.0" /></mjloggm>