<mjloggm ver="2.3"><GO type="97" lobby="0"/><UN n0="%74%61%6C%65%72%33%33" n1="%E3%82%A6%E3%83%AB%E3%83%88%E3%83%A9%E7%AB%8B%E7%9B%B4" n2="%E7%89%8C%E5%8F%8B%E4%BC%9A%47%75%6C%6C" n3="%6E%79%61%61%6B%75%62%69" dan="15,15,14,13" rate="2079.71,1988.11,1943.76,1927.48" sx="M,M,M,M"/><TAIKYOKU oya="0"/><INIT seed="0,0,0,4,3,108" ten="250,250,250,250" oya="0" hai0="45,38,13,6,118,15,83,2,82,76,104,106,92" hai1="11,41,86,67,10,7,54,33,52,130,32,78,19" hai2="9,8,71,125,23,55,96,62,34,102,90,39,119" hai3="36,126,103,25,134,48,35,66,0,110,79,93,74"/><T61/><D118/><U68/><E130/><V98/><F34/><W133/><G36/><T31/><D2/><U22/><E41/><V84/><F119/><W56/><G0/><T20/><D106/><U12/><E68/><V29/><F39/><W116/><G116/><T113/><D104/><U97/><E67/><V101/><F125/><W26/><G74/><T59/><D113/><U70/><E70/><V128/><F128/><W87/><G35/><T129/><D129/><U95/><E32/><V53/><F71/><W100/><G110/><T88/><D45/><U46/><E33/><V28/><F62/><N who="3" m="38215" /><G48/><T115/><D115/><U131/><E131/><V89/><F23/><W24/><G126/><T85/><D38/><U94/><E46/><V117/><F117/><W105/><G105/><T49/><D49/><U127/><E127/><V50/><F50/><W135/><G93/><T109/><D109/><U1/><E11/><V91/><F91/><W17/><G17/><N who="0" m="10287" /><D31/><U40/><E40/><V111/><F111/><W14/><G14/><T44/><D44/><U77/><E77/><V123/><F84/><W42/><G42/><T81/><D15/><U43/><E43/><V75/><REACH who="2" step="1"/><F75/><REACH who="2" ten="250,250,240,250" step="2"/><W63/><G63/><T65/><D76/><U21/><E21/><V80/><F80/><AGARI ba="0,1" hai="24,25,26,79,80,87,100,103,133,134,135" m="38215" machi="80" ten="40,1300,0" yaku="20,1" doraHai="108" who="3" fromWho="2" sc="250,0,250,0,240,-13,250,23" /><INIT seed="1,0,0,1,4,7" ten="250,250,227,273" oya="1" hai0="28,102,128,6,9,75,133,98,121,126,65,77,63" hai1="112,108,96,86,51,3,69,60,118,64,111,99,40" hai2="25,131,30,85,53,66,114,89,124,107,54,113,27" hai3="62,31,92,110,73,100,44,106,15,84,50,23,127"/><U93/><E118/><V1/><F107/><W13/><G73/><T81/><D128/><U88/><E112/><V35/><F1/><W34/><G34/><T0/><D133/><U24/><E24/><V115/><F131/><W38/><G38/><T58/><D126/><U46/><E3/><V122/><F124/><W32/><G32/><T104/><D121/><U97/><AGARI ba="0,0" hai="40,46,51,60,64,69,86,88,93,96,97,99,108,111" machi="97" ten="30,3000,0" yaku="0,1,54,1" doraHai="7" who="1" fromWho="1" sc="250,-10,250,30,227,-10,273,-10" /><INIT seed="1,1,0,3,2,52" ten="240,280,217,263" oya="1" hai0="125,12,3,42,67,85,82,81,57,133,83,108,48" hai1="68,121,103,11,69,24,99,28,104,31,90,26,88" hai2="61,130,106,9,56,97,96,107,54,79,76,4,132" hai3="116,135,115,92,2,78,95,35,87,66,47,44,72"/><U119/><E119/><V118/><F118/><W13/><G35/><T117/><D117/><U53/><E121/><V15/><F130/><W74/><G2/><T70/><D3/><U60/><E11/><V32/><F32/><W30/><G30/><T41/><D108/><U71/><E53/><V18/><F132/><W16/><G74/><T113/><D113/><U131/><E131/><V38/><F38/><W86/><G72/><T64/><D133/><U23/><REACH who="1" step="1"/><E60/><REACH who="1" ten="240,270,217,263" step="2"/><V43/><F43/><W19/><G135/><T51/><D41/><U134/><E134/><V127/><F127/><W75/><G116/><T123/><D125/><U14/><E14/><V22/><F107/><W129/><G13/><T120/><D12/><U20/><AGARI ba="1,1" hai="20,23,24,26,28,31,68,69,71,88,90,99,103,104" machi="20" ten="30,11700,0" yaku="1,1,0,1,9,1,54,1,53,0" doraHai="52" doraHaiUra="8" who="1" fromWho="1" sc="240,-40,270,130,217,-40,263,-40" /><INIT seed="1,2,0,5,4,35" ten="200,400,177,223" oya="1" hai0="92,79,52,134,103,12,121,8,93,13,9,104,14" hai1="102,5,48,71,130,45,23,25,27,85,131,39,15" hai2="94,72,32,60,91,120,77,26,99,0,24,30,84" hai3="37,49,46,116,66,95,135,117,33,1,57,56,110"/><U108/><E71/><V53/><F120/><W31/><G1/><T101/><D134/><U22/><E39/><V123/><F123/><W44/><G135/><T78/><D121/><U68/><E68/><V18/><F72/><W97/><G33/><T63/><D104/><U3/><E102/><N who="0" m="38921" /><D63/><U112/><E85/><V28/><F0/><W86/><G31/><T106/><D106/><U111/><E112/><V47/><F18/><W118/><G86/><T69/><D52/><N who="1" m="29711" /><E3/><V64/><F77/><N who="0" m="29194" /><D69/><U61/><E61/><V4/><F4/><W126/><G126/><T40/><D40/><U16/><E5/><V19/><F19/><W70/><G70/><T54/><D54/><U96/><E96/><V74/><F74/><W89/><G110/><N who="1" m="42026" /><E25/><V42/><F53/><N who="3" m="31791" /><G37/><T127/><D127/><U109/><E109/><V55/><F55/><W34/><G34/><T36/><D36/><U107/><E107/><V65/><F60/><AGARI ba="2,0" hai="44,46,57,60,66,89,95,97,116,117,118" m="31791" machi="60" ten="30,1000,0" yaku="12,1" doraHai="35" who="3" fromWho="2" sc="200,0,400,0,177,-16,223,16" /><INIT seed="2,0,0,1,3,47" ten="200,400,161,239" oya="2" hai0="37,123,15,114,76,83,55,30,127,45,91,84,99" hai1="1,48,88,118,68,90,70,23,132,22,42,135,119" hai2="66,33,56,34,19,97,41,100,61,3,82,52,75" hai3="24,40,85,39,53,0,58,69,117,87,133,129,111"/><V120/><F120/><W81/><G0/><T89/><D123/><U72/><E1/><V9/><F41/><W60/><G111/><T109/><D114/><U86/><E42/><V59/><F3/><W35/><G117/><T115/><D115/><U6/><E6/><V131/><F131/><W32/><G87/><T122/><D122/><U103/><E86/><V20/><F9/><W93/><G93/><T8/><D109/><U80/><E80/><V126/><F82/><W26/><G69/><T16/><D127/><U63/><E63/><V121/><F75/><W104/><G104/><T106/><D30/><U95/><E95/><V73/><F73/><W124/><G133/><T112/><D112/><U38/><E103/><V125/><F126/><W43/><G129/><T31/><D31/><U130/><E72/><V110/><F125/><W128/><G128/><T105/><D105/><U4/><E4/><V27/><F110/><W94/><G94/><T57/><D45/><U28/><E130/><V116/><F116/><W92/><G92/><N who="0" m="56719" /><D37/><U98/><E98/><V49/><F121/><W29/><G39/><T71/><D71/><U46/><E38/><V113/><F113/><W101/><G101/><T2/><D2/><U79/><E118/><V12/><F27/><W25/><G124/><T36/><D36/><U77/><E119/><V18/><F18/><W17/><G17/><T11/><D106/><AGARI ba="0,0" hai="12,19,20,33,34,49,52,56,59,61,66,97,100,106" machi="106" ten="30,5800,0" yaku="7,1,52,1,54,1" doraHai="47" who="2" fromWho="0" sc="200,-58,400,0,161,58,239,0" /><INIT seed="2,1,0,2,4,34" ten="142,400,219,239" oya="2" hai0="13,20,110,36,8,46,22,67,89,116,37,62,53" hai1="102,74,42,120,55,33,25,32,83,114,90,77,128" hai2="12,76,100,70,40,88,111,122,96,48,117,15,103" hai3="121,1,94,6,47,56,35,23,71,61,69,106,11"/><V101/><F117/><W98/><G121/><T63/><D110/><U119/><E119/><V29/><F122/><W105/><G35/><T24/><D116/><U17/><E114/><V85/><F70/><W7/><G7/><T135/><D135/><U113/><E113/><V66/><F111/><W97/><G97/><T124/><D124/><U108/><E102/><V18/><F66/><W73/><G73/><T57/><D36/><U130/><E108/><V84/><F29/><W19/><G47/><T78/><D78/><U43/><E55/><V26/><F26/><W132/><G132/><T51/><D37/><U39/><E90/><V125/><F125/><W86/><G86/><T127/><D127/><U41/><E39/><V49/><F76/><W28/><G28/><T45/><D89/><U21/><E120/><V58/><F49/><W16/><G19/><T9/><D46/><U30/><E17/><V92/><F18/><W38/><G38/><T82/><D82/><U129/><AGARI ba="1,0" hai="21,25,30,32,33,41,42,43,74,77,83,128,129,130" machi="129" ten="40,2700,0" yaku="0,1,19,1" doraHai="34" who="1" fromWho="1" sc="142,-8,400,30,219,-14,239,-8" /><INIT seed="3,0,0,0,3,13" ten="134,430,205,231" oya="3" hai0="18,132,80,111,104,133,110,69,116,129,62,39,56" hai1="19,41,10,83,55,86,52,105,87,54,5,22,109" hai2="51,121,11,134,100,25,64,53,44,92,42,117,1" hai3="30,89,33,84,24,77,61,28,118,2,34,98,126"/><W46/><G118/><T130/><D104/><U4/><E105/><V75/><F117/><W97/><G2/><T66/><D80/><U123/><E123/><V21/><F75/><W49/><G77/><T90/><D90/><U40/><E109/><N who="0" m="41481" /><D18/><U48/><E10/><V113/><F134/><N who="0" m="51818" /><D116/><U17/><E17/><V12/><F113/><W20/><G126/><T23/><D23/><U9/><E9/><V14/><F121/><W3/><G3/><T32/><D32/><U108/><E108/><V96/><F64/><W6/><G6/><T103/><D103/><U107/><E107/><V125/><F125/><W128/><G128/><N who="0" m="49259" /><D39/><U26/><E87/><V78/><F78/><W101/><G34/><T91/><D91/><U106/><E106/><V70/><F1/><W99/><G33/><T119/><D119/><U60/><E60/><V120/><F120/><W16/><G61/><T65/><D65/><U43/><E48/><N who="2" m="26647" /><F11/><W127/><G127/><T72/><D72/><U82/><E82/><V135/><F135/><W115/><G101/><T38/><D38/><U79/><AGARI ba="0,0" hai="4,5,19,22,26,40,41,43,52,54,55,79,83,86" machi="79" ten="30,7900,0" yaku="0,1,8,1,52,1,54,1" doraHai="13" who="1" fromWho="1" sc="134,-20,430,79,205,-20,231,-39" owari="114,-39.0,509,61.0,185,-21.0,192,-1.0" /></mjloggm>