<mjloggm ver="2.3"><GO type="97" lobby="0"/><UN n0="%45%6C%67%69%6E%31%32%33" n1="%E3%82%A6%E3%83%AB%E3%83%88%E3%83%A9%E7%AB%8B%E7%9B%B4" n2="%E3%81%82%E3%81%8A%E3%81%AD%E3%81%93" n3="%E3%81%82%E3%81%B2%E3%82%8B%E3%81%95%E3%82%93" dan="14,14,14,14" rate="1987.72,1921.50,1895.24,1911.93" sx="M,M,M,M"/><TAIKYOKU oya="0"/><INIT seed="0,0,0,2,0,114" ten="250,250,250,250" oya="0" hai0="75,63,130,67,135,19,46,14,80,93,96,64,24" hai1="21,78,110,56,60,91,68,126,88,57,16,31,59" hai2="9,131,99,119,48,32,72,61,15,125,106,13,66" hai3="101,104,17,36,35,112,43,25,103,117,47,38,87"/><T95/><D130/><U89/><E126/><V92/><F32/><W49/><G112/><T40/><D135/><U55/><E110/><V7/><F125/><W98/><G103/><T105/><D24/><U83/><E31/><V26/><F72/><W65/><G65/><T41/><D105/><U11/><E11/><V109/><F131/><W8/><G87/><T23/><D67/><U42/><E42/><V71/><F109/><W12/><G35/><T122/><D122/><U39/><E39/><V6/><F106/><W94/><G104/><T18/><D46/><U77/><E68/><V120/><F120/><W44/><G25/><T97/><D19/><U69/><E69/><V81/><F81/><W128/><G128/><T70/><D80/><U116/><E116/><V34/><F48/><W84/><G84/><T20/><D20/><U100/><E100/><V28/><F119/><W22/><G117/><T52/><D75/><U62/><E83/><V102/><F7/><W33/><G33/><T79/><D79/><N who="1" m="30219" /><E55/><V129/><REACH who="2" step="1"/><F129/><REACH who="2" ten="250,250,240,250" step="2"/><W123/><G123/><T1/><D1/><AGARI ba="0,1" hai="1,6,9,13,15,26,28,34,61,66,71,92,99,102" machi="1" ten="30,7700,0" yaku="1,1,2,1,7,1,53,1" doraHai="114" doraHaiUra="30" who="2" fromWho="0" sc="250,-77,250,0,240,87,250,0" /><INIT seed="1,0,0,1,1,23" ten="173,250,327,250" oya="1" hai0="135,27,92,123,68,41,89,78,56,53,80,87,60" hai1="54,121,31,52,131,62,69,22,11,109,4,132,9" hai2="130,100,48,70,1,90,55,35,111,8,46,94,81" hai3="86,58,61,21,128,49,59,7,50,10,39,107,108"/><U33/><E121/><V13/><F70/><W73/><G73/><T106/><D106/><U118/><E118/><V19/><F35/><W95/><G107/><T82/><D123/><U34/><E132/><V122/><F122/><W75/><G75/><T103/><D135/><U0/><E131/><V74/><F130/><W37/><G128/><T134/><D134/><U40/><E109/><V63/><F111/><W30/><G108/><T85/><D68/><U17/><E40/><V97/><F1/><W71/><G71/><T72/><D41/><U79/><E79/><V77/><F63/><W96/><G39/><T84/><D103/><U65/><E11/><V124/><F124/><W18/><G37/><T25/><D85/><U125/><E125/><V3/><F3/><W112/><G112/><T117/><D117/><U26/><E34/><V102/><AGARI ba="0,0" hai="8,13,19,46,48,55,74,77,81,90,94,97,100,102" machi="102" ten="30,1100,0" yaku="0,1" doraHai="23" who="2" fromWho="2" sc="173,-3,250,-5,327,11,250,-3" /><INIT seed="2,0,0,2,3,92" ten="170,245,338,247" oya="2" hai0="56,26,105,2,8,71,45,58,32,125,10,51,14" hai1="5,98,24,83,6,55,100,91,127,63,68,101,107" hai2="111,89,99,27,90,15,21,118,18,72,35,57,119" hai3="37,106,42,109,33,94,76,50,96,16,36,25,95"/><V40/><F72/><W61/><G106/><T22/><D71/><U4/><E127/><V53/><F111/><W54/><G109/><T39/><D39/><U86/><E101/><V113/><F113/><W49/><G76/><T126/><D32/><U59/><E68/><V117/><F40/><W120/><G120/><T67/><D105/><U108/><E108/><V114/><F114/><W129/><G129/><T38/><D38/><U79/><E24/><V84/><F35/><W64/><G42/><T130/><D130/><U112/><E112/><V73/><F73/><W80/><G80/><T87/><D2/><U48/><E48/><V77/><F77/><W9/><G50/><T30/><D126/><U102/><E102/><V75/><F75/><W34/><G37/><T81/><D125/><U128/><E128/><V134/><F134/><W85/><G36/><T11/><D67/><U122/><E122/><V82/><F15/><W17/><G34/><T3/><D3/><U47/><E47/><V74/><F74/><W131/><G131/><T1/><D1/><U29/><E29/><V133/><F133/><W70/><G33/><T65/><D65/><U97/><E107/><V104/><F104/><W93/><G70/><T13/><D13/><U41/><E100/><V44/><F44/><W123/><G123/><T31/><D14/><U28/><E28/><V43/><F43/><W121/><G121/><T132/><D31/><U124/><E124/><V52/><REACH who="2" step="1"/><F57/><REACH who="2" ten="170,245,328,247" step="2"/><W0/><G0/><T66/><D132/><U135/><E135/><V88/><F88/><W60/><G25/><RYUUKYOKU ba="0,1" sc="170,-10,245,-10,328,30,247,-10" hai2="18,21,27,52,53,82,84,89,90,99,117,118,119" /><INIT seed="2,1,1,4,2,105" ten="160,235,358,237" oya="2" hai0="127,49,95,19,94,58,135,76,20,118,86,42,68" hai1="15,78,102,52,67,122,101,54,17,4,75,117,79" hai2="128,28,61,134,10,59,111,124,84,44,25,7,66" hai3="96,33,32,38,100,77,92,129,62,93,47,72,131"/><V5/><F124/><W34/><G62/><T91/><D127/><U115/><E117/><V55/><F128/><W99/><G38/><T73/><D118/><U21/><E122/><V74/><F74/><W16/><G47/><T114/><D114/><U71/><E115/><V125/><F125/><W104/><G104/><T29/><D68/><U40/><E40/><V50/><F134/><W64/><G64/><T60/><D135/><U31/><E67/><V1/><F111/><W82/><REACH who="3" step="1"/><G16/><REACH who="3" ten="160,235,358,227" step="2"/><T112/><D112/><U123/><E123/><V39/><F39/><W36/><G36/><T37/><D37/><U26/><E71/><V11/><F1/><W107/><G107/><T110/><D110/><U130/><E130/><V0/><F0/><W3/><G3/><T53/><D29/><U88/><E4/><V120/><F120/><W46/><G46/><T106/><D106/><U63/><E63/><V9/><F5/><W85/><G85/><T70/><D70/><U119/><E119/><V116/><F7/><W6/><G6/><T14/><D42/><U109/><E109/><V30/><F116/><W24/><G24/><T22/><D22/><U80/><E54/><V35/><F28/><W41/><G41/><T103/><D60/><U45/><E52/><V48/><F48/><W8/><G8/><T43/><D43/><U23/><E45/><V57/><F57/><W113/><G113/><T13/><D13/><U87/><E75/><V132/><F132/><W56/><G56/><T65/><D65/><U98/><E98/><V18/><F18/><W51/><G51/><RYUUKYOKU ba="1,2" sc="160,-30,235,10,358,10,227,10" hai1="15,17,21,23,26,31,78,79,80,87,88,101,102" hai2="9,10,11,25,30,35,44,50,55,59,61,66,84" hai3="32,33,34,72,77,82,92,93,96,99,100,129,131" /><INIT seed="2,2,2,2,2,99" ten="130,245,368,237" oya="2" hai0="56,12,119,123,51,59,70,64,68,117,45,57,131" hai1="20,4,75,41,26,63,88,16,130,17,78,44,67" hai2="128,28,79,46,81,29,54,87,134,108,6,48,39" hai3="83,113,118,42,98,103,62,13,127,109,52,30,96"/><V31/><F134/><W85/><G118/><T50/><D12/><U8/><E130/><V2/><F128/><W66/><G109/><T19/><D19/><U105/><E105/><V22/><F108/><W5/><G127/><T14/><D14/><U1/><E78/><V34/><F34/><W32/><G113/><T129/><D123/><U76/><E76/><V72/><F72/><W77/><G42/><T124/><D59/><U90/><E75/><V73/><F73/><W97/><G32/><T69/><D69/><U60/><E17/><V116/><F116/><W100/><G30/><T110/><D110/><U122/><E122/><V120/><F120/><W125/><G125/><T10/><D10/><U74/><E74/><V126/><F126/><W53/><G5/><T102/><D102/><N who="3" m="38953" /><G13/><T71/><D124/><U43/><E43/><V121/><F121/><W47/><G47/><T36/><D68/><U7/><E7/><V91/><F39/><W111/><G111/><T15/><D15/><U115/><E115/><V18/><F6/><W112/><G112/><T37/><REACH who="0" step="1"/><D64/><REACH who="0" ten="120,245,368,237" step="2"/><U93/><E67/><V82/><F2/><W61/><G66/><T80/><D80/><U21/><E8/><V40/><F81/><W58/><G58/><T27/><D27/><U35/><E26/><N who="2" m="14679" /><F79/><W84/><G84/><T86/><D86/><U114/><E1/><V49/><F28/><W133/><G133/><T92/><D92/><U101/><E93/><V23/><F23/><N who="1" m="8777" /><E114/><V107/><F107/><W3/><G3/><T135/><D135/><U94/><E35/><V132/><F132/><RYUUKYOKU ba="2,3" sc="120,10,245,-30,368,10,237,10" hai0="36,37,45,50,51,56,57,70,71,117,119,129,131" hai2="29,31,40,46,48,49,54,82,87,91" hai3="52,53,61,62,77,83,85,96,97,98" /><INIT seed="2,3,3,4,2,102" ten="130,215,378,247" oya="2" hai0="128,39,93,99,127,12,55,105,107,111,83,21,10" hai1="53,36,70,115,66,119,59,58,57,90,26,113,18" hai2="28,35,46,20,96,30,73,122,117,5,64,19,48" hai3="125,109,114,97,129,98,92,124,56,131,54,34,16"/><V74/><F122/><W25/><G109/><T8/><D39/><U68/><E90/><V95/><F117/><W62/><G114/><N who="1" m="43530" /><E18/><V24/><F5/><W52/><G54/><T101/><D55/><U13/><E13/><V85/><F64/><W84/><G84/><T49/><D49/><N who="1" m="30895" /><E26/><V27/><F85/><W91/><G98/><T89/><D8/><U132/><E119/><V51/><F19/><W118/><G118/><T86/><D21/><U134/><E36/><V37/><F37/><W11/><G34/><T43/><D43/><U76/><E76/><V65/><F65/><W103/><G103/><N who="0" m="60911" /><D10/><U106/><E106/><N who="0" m="40457" /><D12/><U112/><N who="1" m="43538" /><U1/><DORA hai="121" /><E1/><V40/><REACH who="2" step="1"/><F51/><REACH who="2" ten="130,215,368,247" step="2"/><W79/><G16/><T7/><D7/><U80/><E66/><V81/><F81/><W14/><G97/><T72/><D128/><U23/><E80/><V41/><F41/><W123/><G131/><T47/><D47/><U42/><E42/><V33/><F33/><W77/><G129/><T78/><D127/><U108/><E70/><V17/><F17/><W44/><G125/><T126/><D126/><U69/><E68/><V6/><F6/><W15/><G124/><T32/><D32/><U22/><E69/><V135/><F135/><W100/><G123/><T120/><D120/><U75/><E134/><V71/><F71/><W4/><G4/><T67/><D67/><U116/><E132/><V45/><F45/><W38/><G44/><T0/><D0/><U87/><E116/><V3/><F3/><W88/><G38/><T104/><N who="0" m="40465" /><T2/><DORA hai="31" /><D2/><RYUUKYOKU ba="3,4" sc="130,-10,215,-10,368,30,247,-10" hai2="20,24,27,28,30,35,40,46,48,73,74,95,96" /><INIT seed="2,4,4,3,3,65" ten="120,205,398,237" oya="2" hai0="19,20,33,113,117,116,96,2,79,103,56,105,13" hai1="27,75,22,73,94,34,9,82,32,37,101,133,60" hai2="4,76,80,131,77,100,54,78,86,36,66,119,52" hai3="30,61,126,122,11,67,121,58,42,81,0,97,134"/><V44/><F119/><N who="0" m="45642" /><D56/><U84/><E37/><V8/><F131/><W129/><G129/><T25/><D96/><U92/><E133/><V125/><F125/><W91/><G126/><T17/><D79/><U57/><E32/><V29/><F100/><W135/><G42/><T71/><D71/><U21/><E34/><V3/><F66/><W72/><G72/><T24/><D105/><U110/><E22/><V6/><F29/><W93/><G30/><N who="0" m="19655" /><D103/><U50/><E50/><V102/><F102/><W51/><G51/><T46/><D46/><U12/><E75/><V109/><F109/><W123/><G81/><T23/><D113/><U107/><E110/><V35/><F35/><W132/><G121/><T40/><D40/><U59/><E73/><V130/><F130/><W85/><G97/><T87/><D87/><U74/><E74/><V28/><F28/><W16/><G0/><AGARI ba="4,4" hai="0,2,13,17,19,20,23,25" m="19655,45642" machi="0" ten="30,3900,0" yaku="12,1,34,2" doraHai="65" who="0" fromWho="3" sc="120,91,205,0,398,0,237,-51" /><INIT seed="3,0,0,4,5,17" ten="211,205,398,186" oya="3" hai0="108,107,71,54,29,46,128,43,73,123,111,65,100" hai1="23,61,38,0,131,112,121,55,15,81,32,57,104" hai2="103,40,124,135,116,56,79,51,82,130,70,62,129" hai3="75,18,95,125,22,3,122,48,68,109,72,78,1"/><W16/><G122/><T118/><D123/><U34/><E121/><V89/><F103/><W117/><G117/><T127/><D118/><U91/><E38/><V106/><F106/><W20/><G68/><T80/><D127/><U92/><E104/><V67/><F89/><W76/><G48/><T53/><D29/><U41/><E0/><N who="3" m="74" /><G95/><T36/><D107/><U59/><E112/><V14/><F116/><W52/><G125/><T37/><D100/><U47/><E34/><V45/><F124/><W101/><G101/><T27/><D27/><U69/><E32/><V83/><F135/><W11/><G11/><T4/><D4/><U96/><E69/><V33/><F33/><W25/><G52/><N who="0" m="20075" /><D73/><N who="3" m="28233" /><G109/><N who="0" m="42059" /><D80/><U132/><E81/><V120/><F120/><W21/><G25/><T9/><D9/><U110/><E110/><V84/><F82/><W105/><G105/><T50/><D128/><N who="2" m="49258" /><F14/><W44/><G44/><T126/><D126/><U94/><E15/><V10/><F10/><W66/><G66/><T6/><D6/><U28/><E47/><V30/><F30/><W90/><G90/><T63/><AGARI ba="0,0" hai="36,37,43,46,50,63,65,71" m="42059,20075" machi="63" ten="30,7900,0" yaku="14,1,34,2,54,1" doraHai="17" who="0" fromWho="0" sc="211,79,205,-20,398,-20,186,-39" owari="290,9.0,185,-21.0,378,47.0,147,-35.0" /></mjloggm>