<mjloggm ver="2.3"><GO type="97" lobby="0"/><UN n0="%E3%82%B4%E3%83%BC%E3%83%AB%E3%83%87%E3%83%B3%E3%81%B2%E3%82%88%E3%81%93" n1="%E3%81%B1%E3%83%BC%E3%81%9D%E3%82%93" n2="%E8%B6%85%E6%94%BB%E6%92%83%E9%9B%80%E5%A3%AB" n3="%E3%82%A6%E3%83%AB%E3%83%88%E3%83%A9%E7%AB%8B%E7%9B%B4" dan="14,14,15,15" rate="1977.67,1904.50,1997.94,1939.15" sx="M,M,M,M"/><TAIKYOKU oya="0"/><INIT seed="0,0,0,4,3,99" ten="250,250,250,250" oya="0" hai0="73,29,89,26,24,71,101,94,27,3,35,129,76" hai1="95,52,39,109,32,30,15,31,91,74,23,40,4" hai2="6,41,20,130,112,135,132,51,44,60,96,48,5" hai3="14,86,119,43,79,131,25,117,98,69,88,87,110"/><T70/><D129/><U10/><E74/><V7/><F112/><W126/><G69/><T93/><D3/><U37/><E109/><V85/><F130/><W114/><G131/><T0/><D0/><U65/><E65/><V123/><F123/><W83/><G114/><T105/><D93/><U47/><E32/><V84/><F60/><W12/><G110/><T42/><D42/><U97/><E37/><V120/><F120/><W100/><G126/><T133/><D133/><N who="2" m="51274" /><F51/><W81/><G117/><T53/><D53/><U45/><REACH who="1" step="1"/><E23/><REACH who="1" ten="250,240,250,250" step="2"/><V111/><F111/><W62/><G119/><T125/><D125/><U102/><E102/><V11/><F20/><W72/><G72/><T13/><D35/><U50/><AGARI ba="0,1" hai="4,10,15,30,31,39,40,45,47,50,52,91,95,97" machi="50" ten="30,4000,0" yaku="1,1,0,1,54,1,53,0" doraHai="99" doraHaiUra="28" who="1" fromWho="1" sc="250,-20,240,50,250,-10,250,-10" /><INIT seed="1,0,0,0,5,102" ten="230,290,240,240" oya="1" hai0="41,83,55,30,132,1,80,54,120,129,121,124,107" hai1="25,97,50,66,122,116,69,127,37,106,35,31,81" hai2="22,119,11,9,12,32,24,112,71,14,96,130,88" hai3="82,74,110,49,29,61,8,38,10,92,33,57,62"/><U58/><E122/><N who="0" m="47209" /><D1/><U87/><E37/><V13/><F71/><W78/><G38/><T6/><D41/><U68/><E116/><V93/><F119/><W59/><G110/><T15/><D30/><U2/><E2/><V115/><F32/><W72/><G49/><T118/><D118/><U26/><E127/><V126/><F130/><W42/><G42/><T40/><D40/><U5/><E5/><V104/><F104/><W0/><G0/><T47/><D124/><U77/><E26/><V23/><F126/><W3/><G3/><T94/><D129/><U53/><REACH who="1" step="1"/><E66/><REACH who="1" ten="230,280,240,240" step="2"/><V79/><F115/><W131/><G131/><T65/><D65/><U70/><E70/><V111/><F112/><W39/><G39/><T17/><D6/><U45/><E45/><V51/><F111/><W135/><G59/><T4/><D4/><U34/><E34/><V114/><F24/><W123/><G57/><T76/><D47/><U43/><E43/><V109/><F114/><W16/><G33/><T103/><D54/><U128/><E128/><V101/><F109/><W46/><G46/><T44/><D55/><U84/><E84/><V75/><F75/><W117/><G74/><T125/><D44/><U133/><E133/><V52/><F52/><W99/><G135/><T28/><D132/><U89/><E89/><V21/><F88/><W85/><G72/><T108/><D125/><U63/><E63/><V91/><F79/><W27/><G62/><T18/><D76/><U7/><E7/><V56/><F91/><N who="3" m="55711" /><G61/><T20/><D108/><U86/><E86/><V113/><F113/><RYUUKYOKU ba="0,1" sc="230,-15,280,15,240,15,240,-15" hai1="25,31,35,50,53,58,68,69,77,81,87,97,106" hai2="9,11,12,13,14,21,22,23,51,56,93,96,101" /><INIT seed="1,1,1,5,4,39" ten="215,295,255,225" oya="1" hai0="105,126,48,43,36,101,16,64,98,33,131,37,31" hai1="72,34,19,84,23,87,93,77,128,132,0,25,97" hai2="56,60,82,102,89,71,8,22,134,108,51,63,57" hai3="119,47,17,46,41,75,30,28,50,104,35,78,1"/><U122/><E122/><V79/><F102/><W66/><G1/><T44/><D126/><U4/><E128/><V85/><F108/><W74/><G104/><T38/><D131/><U15/><E132/><V67/><F134/><W120/><G120/><T121/><D121/><U130/><E130/><V116/><F116/><W55/><G119/><T2/><D2/><U3/><E72/><V69/><F8/><W54/><G66/><T73/><D73/><U52/><E3/><V40/><F22/><W83/><G74/><T92/><D64/><U86/><E52/><V124/><F124/><W76/><G76/><T9/><D33/><U113/><E113/><V49/><F79/><W6/><G6/><T107/><REACH who="0" step="1"/><D31/><REACH who="0" ten="205,295,255,225" step="2"/><U112/><E112/><V21/><F69/><W13/><G35/><T96/><D96/><U20/><E0/><V94/><F71/><W106/><G30/><T32/><D32/><U68/><E34/><V58/><F67/><W26/><G28/><T109/><D109/><U14/><E68/><V100/><F21/><W118/><G118/><T117/><D117/><U111/><E23/><V91/><F100/><W115/><G115/><T59/><D59/><U18/><E111/><V127/><F127/><W81/><G75/><T24/><D24/><U45/><E25/><V12/><F57/><W11/><G26/><T53/><D53/><U123/><E20/><V10/><F58/><W114/><G114/><T80/><D80/><U27/><E123/><V103/><F56/><W129/><G81/><T5/><D5/><U125/><E4/><V61/><F82/><RYUUKYOKU ba="1,2" sc="205,30,295,-10,255,-10,225,-10" hai0="9,16,36,37,38,43,44,48,92,98,101,105,107" /><INIT seed="2,2,2,2,5,61" ten="235,285,245,215" oya="2" hai0="37,130,103,80,28,21,49,99,132,13,15,73,3" hai1="33,115,69,93,85,7,0,48,8,58,23,66,29" hai2="96,92,35,91,31,101,54,135,44,89,70,43,50" hai3="45,65,81,41,104,72,2,125,22,25,122,24,100"/><V34/><F135/><W27/><G122/><T117/><D37/><U116/><E116/><V64/><F89/><W67/><G2/><T108/><D3/><U127/><E127/><V95/><F31/><W10/><G125/><T6/><D132/><U120/><E120/><V57/><F70/><W112/><G112/><T111/><D117/><U94/><E115/><V118/><F118/><W121/><G121/><T19/><D130/><U12/><E69/><V98/><REACH who="2" step="1"/><F64/><REACH who="2" ten="235,285,235,215" step="2"/><W102/><G102/><T75/><D28/><U42/><E66/><V16/><F16/><W133/><G133/><T14/><D6/><U83/><E29/><V1/><F1/><W124/><G124/><T107/><D80/><U36/><E0/><V53/><F53/><W105/><G100/><T18/><D19/><U113/><E113/><V84/><F84/><W52/><G81/><T119/><D119/><U51/><E83/><V90/><F90/><W78/><G65/><T88/><D88/><U76/><E85/><V128/><F128/><W60/><G67/><T74/><REACH who="0" step="1"/><D49/><AGARI ba="2,3" hai="34,35,43,44,49,50,54,57,91,92,95,96,98,101" machi="49" ten="30,2900,0" yaku="1,1,7,1,53,0" doraHai="61" doraHaiUra="129" who="2" fromWho="0" sc="235,-35,285,0,235,65,215,0" /><INIT seed="2,3,0,5,1,29" ten="200,285,300,215" oya="2" hai0="97,8,20,43,62,38,24,30,93,11,105,111,81" hai1="127,13,125,51,104,102,135,10,16,41,115,3,101" hai2="95,33,12,64,57,73,109,83,36,120,31,112,107" hai3="7,22,70,99,106,69,42,129,76,44,17,9,91"/><V19/><F107/><W40/><G129/><T72/><D111/><U114/><E3/><V27/><F120/><W122/><G122/><T130/><D105/><U78/><E78/><V60/><F112/><N who="1" m="43049" /><E135/><V79/><F109/><W4/><G76/><T89/><D130/><U28/><E28/><V26/><F36/><W46/><G91/><T87/><D72/><U47/><E104/><V68/><F26/><W50/><G99/><T84/><D38/><U96/><E96/><V88/><F68/><W63/><G63/><T49/><D84/><U82/><E82/><V123/><F123/><W34/><G106/><T0/><D0/><U116/><E116/><V18/><REACH who="2" step="1"/><F12/><REACH who="2" ten="200,285,290,215" step="2"/><W45/><G69/><T134/><D134/><U77/><E77/><V124/><F124/><AGARI ba="3,1" hai="10,13,16,41,47,51,101,102,124,125,127" m="43049" machi="124" ten="30,2000,0" yaku="18,1,54,1" doraHai="29" who="1" fromWho="2" sc="200,0,285,39,290,-29,215,0" /><INIT seed="3,0,0,4,3,101" ten="200,324,261,215" oya="3" hai0="10,124,22,100,99,57,73,93,1,15,86,75,119" hai1="95,111,114,107,63,72,80,55,46,118,65,45,19" hai2="106,13,27,32,16,3,82,97,11,108,94,38,71" hai3="134,109,37,59,64,92,18,26,48,44,43,2,105"/><W31/><G2/><T36/><D119/><U130/><E114/><V113/><F113/><W33/><G134/><T69/><D124/><U42/><E107/><V50/><F38/><W89/><G109/><T23/><D69/><U25/><E118/><V53/><F71/><W17/><G105/><T84/><D1/><U62/><E111/><V58/><F108/><W131/><G131/><T20/><D36/><U116/><E130/><V35/><F82/><W74/><G74/><T123/><D123/><U56/><E116/><V98/><F3/><W132/><G132/><T115/><D115/><U81/><E72/><V83/><F83/><W61/><REACH who="3" step="1"/><G48/><REACH who="3" ten="200,324,261,205" step="2"/><T24/><D73/><U39/><E39/><V66/><F27/><W125/><G125/><T12/><D75/><U110/><E25/><V41/><F41/><W135/><G135/><T5/><D15/><U7/><E110/><V122/><F122/><W51/><G51/><T70/><D70/><U90/><E42/><V34/><F66/><W85/><AGARI ba="0,1" hai="17,18,26,31,33,37,43,44,59,61,64,85,89,92" machi="85" ten="20,3900,0" yaku="1,1,0,1,7,1,53,0" doraHai="101" doraHaiUra="121" who="3" fromWho="3" sc="200,-13,324,-13,261,-13,205,49" /><INIT seed="3,1,0,2,1,67" ten="187,311,248,254" oya="3" hai0="132,26,52,75,111,129,30,123,76,42,128,119,86" hai1="102,97,103,133,24,96,110,45,44,58,79,25,70" hai2="20,22,60,47,15,10,108,80,105,72,49,88,31" hai3="68,134,59,65,101,54,21,71,77,120,114,32,87"/><W104/><G32/><T61/><D119/><U43/><E70/><N who="3" m="26666" /><G101/><N who="1" m="38410" /><E133/><V33/><F105/><W14/><G104/><T124/><D132/><U29/><E110/><V99/><F33/><W53/><G77/><T82/><D123/><U62/><E79/><V130/><F130/><W39/><G87/><T51/><D124/><U18/><E29/><V127/><F72/><W0/><G0/><T92/><D111/><U78/><E78/><V115/><F115/><W40/><G14/><T4/><D61/><U57/><E43/><N who="2" m="24831" /><F127/><W55/><G21/><N who="2" m="8297" /><F108/><W8/><G8/><T28/><D26/><N who="1" m="10347" /><E18/><N who="2" m="8567" /><F60/><N who="3" m="38047" /><G134/><T135/><D135/><U121/><E97/><V11/><F11/><W41/><G114/><T38/><D4/><U117/><E96/><V94/><F31/><W13/><G13/><T84/><D75/><U85/><E117/><V56/><F56/><N who="1" m="21609" /><E121/><V106/><F106/><W131/><G120/><T118/><D118/><U5/><E5/><V113/><F113/><W73/><G73/><T17/><D129/><U107/><E85/><V93/><F94/><W81/><G81/><AGARI ba="1,0" hai="80,81,88,93,99" m="8567,8297,24831" machi="81" ten="30,2000,0" yaku="8,1,54,1" doraHai="67" who="2" fromWho="3" sc="187,0,311,0,248,23,254,-23" owari="187,-31.0,311,41.0,271,7.0,231,-17.0" /></mjloggm>