<mjloggm ver="2.3"><GO type="41" lobby="0"/><UN n0="%E3%82%A6%E3%83%AB%E3%83%88%E3%83%A9%E7%AB%8B%E7%9B%B4" n1="%30%34%43%30%30%37%37" n2="%E3%81%A1%E3%82%83%E3%81%93%E3%81%93" n3="%28%6F%2D%CF%89%2D%29%6F" dan="16,14,13,14" rate="2056.69,1875.93,1942.66,1973.12" sx="M,M,F,M"/><TAIKYOKU oya="0"/><INIT seed="0,0,0,5,4,89" ten="250,250,250,250" oya="0" hai0="76,48,120,17,45,56,8,61,122,9,93,64,77" hai1="71,80,128,35,83,98,119,68,27,46,21,26,49" hai2="107,82,131,33,40,100,79,12,37,70,67,24,134" hai3="115,85,23,13,126,99,59,15,4,81,54,44,112"/><T96/><D120/><U34/><E119/><V28/><F131/><W41/><G126/><T114/><D122/><U123/><E123/><V94/><F134/><W75/><G75/><T30/><D114/><U86/><E128/><V57/><F12/><W52/><G99/><T74/><D30/><U10/><E98/><V124/><F124/><W16/><G4/><T29/><D29/><U25/><E10/><V32/><F40/><W38/><G13/><T53/><D74/><U14/><E14/><V88/><F70/><W6/><G6/><T102/><REACH who="0" step="1"/><D17/><REACH who="0" ten="240,250,250,250" step="2"/><U50/><E27/><V129/><F24/><W105/><G105/><T39/><D39/><U135/><E135/><V97/><F37/><W3/><G3/><T133/><D133/><U104/><E104/><V1/><F28/><W72/><G72/><T73/><D73/><U103/><E21/><V87/><F33/><W132/><G132/><T78/><AGARI ba="0,1" hai="8,9,45,48,53,56,61,64,76,77,78,93,96,102" machi="78" ten="30,12000,1" yaku="1,1,0,1,8,1,52,1,53,1" doraHai="89" doraHaiUra="90" who="0" fromWho="0" sc="240,130,250,-40,250,-40,250,-40" /><INIT seed="0,1,0,3,0,118" ten="370,210,210,210" oya="0" hai0="134,68,2,78,8,94,95,9,103,16,79,26,21" hai1="44,99,47,106,121,125,93,4,46,83,18,56,19" hai2="123,76,89,60,90,119,12,49,86,33,39,105,74" hai3="92,126,116,71,115,124,1,75,135,128,101,131,13"/><T122/><D68/><U63/><E106/><V14/><F39/><W36/><G13/><T38/><D38/><U65/><E125/><N who="3" m="48234" /><G1/><T133/><D103/><U28/><E28/><V41/><F105/><W34/><G34/><T109/><D2/><U81/><E4/><V117/><F33/><W37/><G71/><T85/><D85/><U52/><E121/><V54/><F123/><W69/><G69/><T130/><D122/><U20/><E65/><V17/><F74/><W40/><G37/><T57/><D57/><U42/><E42/><V112/><F41/><W29/><G29/><T104/><D104/><U11/><E11/><V43/><F43/><W77/><G40/><T98/><D21/><U80/><REACH who="1" step="1"/><E20/><REACH who="1" ten="370,200,210,210" step="2"/><N who="2" m="11303" /><F112/><W0/><G0/><T53/><D9/><U97/><E97/><V72/><F119/><W25/><G115/><T22/><D98/><U58/><E58/><V120/><F117/><W88/><G116/><T129/><D8/><U3/><E3/><V7/><F120/><W110/><G36/><T6/><D6/><U73/><E73/><V61/><F72/><W84/><G25/><T66/><D66/><U113/><E113/><V31/><F31/><W107/><G110/><T45/><D109/><U50/><E50/><V108/><F108/><W64/><G64/><T132/><D53/><U114/><E114/><V70/><F54/><W27/><G27/><T30/><D30/><U62/><E62/><N who="2" m="24171" /><F49/><W32/><G32/><T35/><D35/><U23/><E23/><V51/><F51/><W48/><G48/><T15/><D22/><U127/><E127/><RYUUKYOKU ba="1,1" sc="370,-10,200,30,210,-10,210,-10" hai1="18,19,44,46,47,52,56,63,80,81,83,93,99" /><INIT seed="1,2,1,0,0,94" ten="360,230,200,200" oya="1" hai0="46,97,8,63,51,41,21,107,23,59,43,54,16" hai1="11,26,10,66,15,132,123,81,3,117,82,7,79" hai2="33,42,53,12,6,1,4,71,102,20,90,29,0" hai3="95,52,49,34,38,61,108,68,22,99,115,55,64"/><U67/><E117/><V58/><F71/><W121/><G115/><T5/><D107/><U9/><E123/><V83/><F33/><W76/><G121/><T17/><D43/><U120/><E120/><V24/><F42/><W84/><G34/><T80/><D80/><U77/><E10/><V32/><F102/><W100/><G38/><T118/><D118/><U73/><E132/><V89/><F32/><W112/><G112/><T116/><D116/><U18/><REACH who="1" step="1"/><E26/><REACH who="1" ten="360,220,200,200" step="2"/><N who="2" m="16583" /><F0/><W35/><G108/><T85/><D8/><U28/><E28/><V111/><F24/><W25/><G35/><T39/><D21/><U114/><E114/><V130/><F1/><W92/><G22/><T31/><D31/><U109/><E109/><V110/><F111/><W122/><G25/><T135/><D135/><U104/><E104/><V78/><F110/><W113/><G122/><T13/><D23/><U96/><E96/><V47/><F12/><W87/><G113/><T126/><D97/><U62/><E62/><V125/><F130/><W133/><G133/><T129/><D129/><U57/><E57/><V101/><F58/><W91/><G61/><T70/><D63/><U65/><E65/><V124/><F125/><W119/><G64/><T103/><D126/><U72/><AGARI ba="2,2" hai="3,7,9,11,15,18,66,67,72,73,77,79,81,82" machi="72" ten="20,7800,0" yaku="1,1,0,1,7,1,9,1,53,0" doraHai="94" doraHaiUra="88" who="1" fromWho="1" sc="360,-28,220,104,200,-28,200,-28" /><INIT seed="1,3,0,4,0,6" ten="332,324,172,172" oya="1" hai0="74,0,81,47,96,3,132,97,1,93,91,64,110" hai1="38,63,71,28,100,95,134,121,92,87,32,124,33" hai2="130,123,60,10,78,30,31,111,128,45,109,22,39" hai3="108,46,72,135,59,12,68,79,34,29,40,49,94"/><U76/><E121/><V48/><F39/><W61/><G135/><T18/><D132/><U112/><E112/><V125/><F123/><W101/><G108/><N who="2" m="41545" /><F78/><W14/><G79/><T107/><D110/><U83/><E38/><V24/><F60/><W17/><G72/><T115/><D115/><U7/><E134/><V73/><F73/><W55/><G68/><T99/><D64/><U15/><E124/><V85/><F85/><W25/><G101/><T21/><D107/><U69/><E7/><V53/><F125/><W133/><G133/><T82/><D47/><U54/><E15/><V8/><F31/><W51/><G94/><T127/><D127/><U16/><E16/><V88/><F88/><W131/><G131/><AGARI ba="3,0" hai="8,10,22,24,30,45,48,53,128,130,131" m="41545" machi="131" ten="30,7700,0" yaku="19,1,14,1,52,2" doraHai="6" who="2" fromWho="3" sc="332,0,324,0,172,86,172,-86" /><INIT seed="2,0,0,5,2,21" ten="332,324,258,86" oya="2" hai0="117,92,86,12,74,85,18,10,108,48,116,103,104" hai1="62,57,102,65,66,84,93,42,25,56,75,112,99" hai2="129,49,55,34,69,47,19,53,27,50,6,1,130" hai3="31,13,120,7,16,38,40,97,70,32,81,61,78"/><V51/><F69/><W109/><G120/><T58/><D74/><U76/><E75/><V23/><F34/><W101/><G109/><T132/><D104/><U60/><E112/><V77/><F77/><W96/><G7/><T15/><D108/><U124/><E124/><V83/><F83/><W68/><G97/><T135/><D103/><U79/><E42/><V126/><F126/><W110/><G110/><T125/><D125/><U73/><E73/><V80/><F80/><W28/><G40/><T107/><D107/><U22/><E84/><V11/><REACH who="2" step="1"/><F51/><REACH who="2" ten="332,324,248,86" step="2"/><W24/><G38/><T64/><D48/><U29/><AGARI ba="0,1" hai="22,25,29,56,57,60,62,65,66,76,79,93,99,102" machi="29" ten="20,12000,2" yaku="0,1,7,1,9,1,25,2,8,1,52,1" doraHai="21" who="1" fromWho="1" sc="332,-30,324,130,248,-60,86,-30" /><INIT seed="3,0,0,0,3,38" ten="302,454,188,56" oya="3" hai0="41,28,0,7,119,26,49,27,11,51,35,105,113" hai1="125,85,69,74,48,94,5,108,98,79,42,52,121" hai2="129,58,43,90,80,117,24,89,16,124,60,131,116" hai3="33,81,70,72,75,36,92,83,88,135,47,1,133"/><W78/><G33/><T2/><D105/><U118/><E121/><V99/><F124/><W115/><G70/><T54/><D119/><U93/><E118/><V45/><F90/><W53/><G1/><T65/><D65/><U68/><E74/><V132/><F132/><N who="3" m="50763" /><G115/><T44/><D113/><U32/><E32/><V111/><F111/><W114/><G114/><T77/><D77/><U39/><E39/><N who="2" m="21759" /><F89/><W57/><G36/><T19/><D0/><U62/><E108/><V25/><F80/><N who="3" m="30795" /><G47/><T126/><D126/><U84/><E79/><V17/><F99/><N who="3" m="57735" /><G78/><T97/><D97/><U102/><E125/><V13/><F116/><W31/><G31/><T63/><D28/><U109/><E109/><V14/><F117/><W134/><N who="3" m="50771" /><W100/><DORA hai="56" /><G100/><T3/><D35/><U18/><E5/><V66/><F17/><W104/><G104/><T4/><D19/><U110/><E18/><V128/><F14/><W71/><G71/><T96/><D4/><U106/><E68/><V55/><F66/><W86/><G86/><T15/><D3/><U91/><E110/><V29/><F29/><W37/><G37/><T23/><D2/><U46/><E69/><V34/><F34/><W6/><G6/><T61/><D96/><N who="1" m="57407" /><E106/><V8/><AGARI ba="0,0" hai="8,13,16,24,25,55,58,60,128,129,131" m="21759" machi="8" ten="30,7900,0" yaku="19,1,52,2,54,1" doraHai="38,56" who="2" fromWho="2" sc="302,-20,454,-20,188,79,56,-39" /><INIT seed="4,0,0,0,2,54" ten="282,434,267,17" oya="0" hai0="79,16,27,31,82,64,5,71,128,96,76,91,77" hai1="11,61,40,8,134,83,25,43,17,114,3,39,58" hai2="0,84,93,56,121,30,101,26,95,70,107,29,87" hai3="68,69,85,127,132,2,122,92,74,46,119,130,117"/><T10/><D128/><U86/><E114/><V100/><F121/><W129/><G46/><T65/><D71/><U75/><E134/><V106/><F0/><W48/><G48/><T66/><D96/><U52/><E75/><V47/><F70/><N who="3" m="27243" /><G92/><T53/><D91/><U1/><E1/><V81/><F47/><W50/><G50/><T90/><D90/><U120/><E120/><V33/><F26/><W133/><G85/><T55/><D82/><U125/><E125/><V104/><F33/><W102/><G102/><T108/><D108/><U72/><E72/><V49/><F49/><W6/><G74/><T80/><D80/><U94/><E94/><V88/><F81/><W4/><G2/><T131/><D131/><N who="3" m="50185" /><G122/><T110/><D110/><U24/><E39/><V42/><F42/><N who="1" m="15913" /><E3/><V78/><F78/><W19/><G19/><T105/><D5/><N who="3" m="2153" /><G127/><T98/><D98/><U57/><E86/><V35/><F35/><W7/><N who="3" m="2161" /><W37/><DORA hai="124" /><G37/><T115/><D77/><U41/><E41/><V32/><F32/><W14/><G14/><T18/><D79/><U99/><E99/><V63/><F107/><W23/><G23/><N who="0" m="15871" /><D105/><U109/><E109/><V38/><F38/><W62/><G62/><T135/><D76/><U73/><E73/><V67/><F106/><W113/><G113/><T22/><D115/><U60/><E83/><N who="2" m="49183" /><F104/><W116/><AGARI ba="0,0" hai="116,117,119,132,133" m="2161,50185,27243" machi="116" ten="50,12000,2" yaku="28,2,19,1,52,3" doraHai="54,124" who="3" fromWho="3" sc="282,-60,434,-30,267,-30,17,120" /><INIT seed="5,0,0,0,1,85" ten="222,404,237,137" oya="1" hai0="2,125,82,22,72,120,58,46,109,26,11,129,41" hai1="121,35,113,123,42,61,93,45,12,114,89,122,66" hai2="18,54,19,15,9,126,128,52,53,65,59,20,117" hai3="50,112,81,83,105,55,0,39,69,62,4,10,28"/><U30/><E12/><V131/><F117/><W70/><G105/><T84/><D109/><U88/><E30/><V71/><F71/><W49/><G39/><T97/><D125/><U79/><E79/><V21/><F126/><W60/><G28/><T127/><D127/><U87/><E35/><V77/><F77/><W5/><G10/><T134/><D72/><U132/><E132/><V78/><F78/><W133/><G112/><N who="1" m="43114" /><E87/><V29/><F65/><W95/><G95/><T16/><D134/><U68/><E93/><V104/><F104/><W75/><G75/><T25/><D120/><N who="1" m="30723" /><U8/><DORA hai="116" /><E8/><V74/><F74/><W67/><G133/><T7/><D82/><U32/><E32/><V13/><REACH who="2" step="1"/><F59/><REACH who="2" ten="222,404,227,137" step="2"/><W23/><G67/><T96/><D58/><U6/><E6/><V99/><F99/><W115/><G115/><T31/><D84/><U92/><E92/><V48/><F48/><AGARI ba="0,1" hai="42,45,48,61,66,68,88,89" m="30723,43114" machi="48" ten="40,24000,3" yaku="15,1,52,6,54,1" doraHai="85,116" who="1" fromWho="2" sc="222,0,404,250,227,-240,137,0" owari="222,2.0,654,75.0,-13,-51.0,137,-26.0" /></mjloggm>