<mjloggm ver="2.3"><GO type="97" lobby="0"/><UN n0="%E3%82%A6%E3%83%AB%E3%83%88%E3%83%A9%E7%AB%8B%E7%9B%B4" n1="%E7%96%BE%E9%A2%A8%E7%9F%A5%E5%8B%81%E8%8D%89" n2="%E3%83%87%E3%83%B3%E3%83%97%E3%82%B7%E3%83%BC%E3%83%AD%E3%83%BC%E3%83%AB" n3="%E3%82%8A%E3%81%8D%E3%81%96%E3%81%84%E3%82%8B%E2%98%86" dan="15,15,15,15" rate="2011.62,2057.89,2024.84,1971.11" sx="M,F,M,F"/><TAIKYOKU oya="0"/><INIT seed="0,0,0,3,3,29" ten="250,250,250,250" oya="0" hai0="75,85,72,105,95,2,6,55,121,41,1,56,16" hai1="17,44,42,52,9,5,26,87,69,15,40,58,119" hai2="109,84,48,103,76,117,116,34,68,46,49,51,20" hai3="99,53,92,25,67,90,94,47,89,57,35,100,118"/><T60/><D105/><U12/><E119/><N who="2" m="45643" /><F68/><W135/><G118/><T43/><D121/><U110/><E69/><V61/><F109/><W131/><G135/><T32/><D32/><U27/><E110/><V96/><F34/><W77/><G131/><T22/><D75/><U65/><E65/><V39/><F61/><W128/><G128/><T38/><D72/><U106/><E106/><N who="2" m="63847" /><F39/><W28/><G77/><T33/><D33/><U63/><E87/><V93/><F20/><W70/><G47/><T0/><D6/><U113/><E113/><V62/><F62/><W8/><G8/><T129/><D129/><U83/><E83/><N who="2" m="47207" /><F93/><W124/><G70/><T98/><D38/><U64/><E64/><V130/><F130/><W45/><G67/><T108/><D85/><U73/><E73/><V123/><F123/><W82/><G35/><T104/><D104/><U23/><REACH who="1" step="1"/><E42/><AGARI ba="0,0" hai="42,46,48,49,51" m="47207,63847,45643" machi="42" ten="30,1000,0" yaku="12,1" doraHai="29" who="2" fromWho="1" sc="250,0,250,-10,250,10,250,0" /><INIT seed="1,0,0,3,5,5" ten="250,240,260,250" oya="1" hai0="118,25,131,122,29,66,103,20,101,107,68,125,10" hai1="50,22,54,52,78,47,31,123,40,43,55,110,19" hai2="18,9,45,95,41,96,23,33,2,44,92,119,71" hai3="109,81,124,26,85,111,135,76,99,73,42,57,106"/><U36/><E123/><V35/><F71/><W75/><G42/><T102/><D118/><U82/><E31/><V84/><F119/><W8/><G57/><T63/><D125/><U83/><E110/><N who="3" m="41994" /><G26/><T79/><D131/><U28/><E28/><V115/><F115/><W100/><G124/><T90/><D122/><U74/><E83/><V94/><F45/><W53/><G53/><T72/><D79/><U129/><E129/><V0/><F84/><W38/><G38/><T39/><D72/><N who="3" m="27721" /><G8/><T51/><D39/><U15/><REACH who="1" step="1"/><E43/><REACH who="1" ten="250,230,260,250" step="2"/><V116/><F41/><W64/><G64/><T133/><D66/><U3/><E3/><V126/><F2/><W112/><G112/><T12/><D29/><U24/><E24/><V108/><F0/><W21/><G21/><T46/><D20/><U30/><E30/><V67/><F23/><W56/><G56/><AGARI ba="0,1" hai="15,19,22,36,40,47,50,52,54,55,56,74,78,82" machi="56" ten="30,5800,0" yaku="1,1,7,1,54,1,53,0" doraHai="5" doraHaiUra="97" who="1" fromWho="3" sc="250,0,230,68,260,0,250,-58" /><INIT seed="1,1,0,2,5,87" ten="250,298,260,192" oya="1" hai0="89,111,84,29,107,100,126,15,58,77,67,6,38" hai1="115,108,53,0,95,102,22,129,128,122,76,75,61" hai2="32,116,123,109,99,14,12,63,78,43,7,106,36" hai3="39,94,121,125,110,34,42,72,25,80,9,26,70"/><U83/><E122/><V103/><F123/><W35/><G121/><T51/><D38/><U50/><E115/><V101/><F116/><W24/><G110/><T3/><D3/><U96/><E0/><V11/><F32/><W85/><G125/><T91/><D126/><U46/><E108/><V118/><F118/><W71/><G72/><T44/><D111/><U54/><REACH who="1" step="1"/><E22/><REACH who="1" ten="250,288,260,192" step="2"/><V1/><F109/><W98/><G34/><T124/><D124/><U133/><E133/><V28/><F1/><W30/><G35/><T135/><D135/><U57/><AGARI ba="1,1" hai="46,50,53,54,57,61,75,76,83,95,96,102,128,129" machi="57" ten="30,3000,0" yaku="1,1,0,1,53,0" doraHai="87" doraHaiUra="65" who="1" fromWho="1" sc="250,-11,288,43,260,-11,192,-11" /><INIT seed="1,2,0,1,4,9" ten="239,331,249,181" oya="1" hai0="131,82,19,101,59,89,61,49,33,81,86,3,25" hai1="77,116,124,4,100,35,72,96,2,133,45,42,69" hai2="52,47,17,135,34,63,121,115,31,129,70,68,79" hai3="58,55,40,105,90,88,30,120,24,110,95,106,50"/><U62/><E116/><V39/><F121/><W0/><G120/><T12/><D3/><U7/><E133/><V16/><F135/><W94/><G0/><T66/><D131/><U5/><E124/><V113/><F129/><W83/><G110/><T51/><D101/><U67/><E35/><V57/><F79/><W11/><G83/><T38/><D38/><U65/><E65/><V99/><F99/><W56/><G40/><T109/><D109/><U123/><E123/><V21/><F34/><W32/><G11/><T80/><D25/><U84/><E72/><V87/><F87/><W28/><G28/><T18/><D33/><U48/><E2/><V103/><F103/><W8/><G58/><T122/><D19/><N who="2" m="7242" /><F39/><W91/><REACH who="3" step="1"/><G8/><REACH who="3" ten="239,331,249,171" step="2"/><N who="0" m="6407" /><D122/><U26/><E42/><V22/><F31/><W128/><G128/><T125/><D125/><U27/><E69/><V130/><F130/><W118/><G118/><T10/><D10/><U92/><E45/><V97/><F68/><W85/><G85/><N who="0" m="50343" /><D82/><U134/><E84/><V76/><F70/><W23/><G23/><T119/><D119/><U107/><E134/><V41/><F21/><W54/><G54/><T53/><D53/><U14/><E67/><V29/><F22/><W46/><G46/><T1/><D1/><U71/><E71/><V108/><F47/><W20/><G20/><T64/><D64/><U126/><E126/><V73/><F52/><W15/><G15/><T127/><D127/><U6/><E14/><V112/><F108/><W117/><G117/><T75/><D75/><U98/><E98/><V43/><F73/><RYUUKYOKU ba="2,1" sc="239,15,331,-15,249,-15,171,15" hai0="49,51,59,61,66,81,86" hai3="24,30,32,50,55,56,88,90,91,94,95,105,106" /><INIT seed="2,3,1,1,2,121" ten="254,316,234,186" oya="2" hai0="32,5,102,87,66,90,110,62,34,125,78,108,84" hai1="118,8,79,60,1,58,18,68,86,130,12,127,0" hai2="19,106,52,54,63,93,59,134,124,30,23,41,25" hai3="49,97,40,24,74,9,27,57,113,61,109,44,4"/><V131/><F106/><W103/><G109/><N who="0" m="42091" /><D102/><U72/><E68/><V92/><F131/><W91/><G91/><T48/><D125/><U116/><E72/><V51/><F124/><W71/><G71/><N who="0" m="42455" /><D5/><U117/><E127/><V123/><F134/><W70/><G70/><T20/><D20/><U67/><E130/><V45/><F123/><W38/><G38/><T101/><D101/><U114/><E114/><V42/><F30/><W65/><G74/><T135/><D135/><U115/><E115/><V55/><REACH who="2" step="1"/><F42/><REACH who="2" ten="254,316,224,186" step="2"/><W122/><G122/><T83/><D48/><U89/><E116/><V31/><F31/><W69/><G113/><T85/><D85/><U16/><E117/><V22/><F22/><W133/><G133/><T75/><D87/><U50/><E118/><V26/><F26/><W37/><G37/><T3/><D3/><U56/><E0/><V77/><F77/><W43/><G43/><T96/><D96/><U73/><E1/><V112/><F112/><W29/><G29/><T99/><D99/><U53/><E73/><V100/><F100/><W81/><G103/><T111/><D111/><U120/><E120/><V98/><F98/><W2/><G97/><T36/><D36/><U17/><E79/><V105/><F105/><W82/><G27/><T129/><D129/><U64/><E86/><V15/><F15/><W47/><G24/><T128/><D128/><U95/><E12/><V76/><F76/><W39/><G69/><T107/><D107/><U132/><E132/><V80/><F80/><AGARI ba="3,2" hai="32,34,75,78,80,83,84,90" m="42455,42091" machi="80" ten="30,7700,0" yaku="14,1,52,3" doraHai="121" who="0" fromWho="2" sc="254,106,316,0,224,-86,186,0" /><INIT seed="3,0,0,1,0,128" ten="360,316,138,186" oya="3" hai0="7,39,121,90,101,77,68,22,103,2,87,66,108" hai1="119,45,14,80,59,115,131,27,29,133,28,26,132" hai2="78,61,112,47,88,76,43,24,96,125,0,111,72" hai3="37,10,71,17,5,9,54,34,41,100,69,89,16"/><W18/><G34/><T42/><D121/><U120/><E120/><V85/><F112/><W36/><G100/><T134/><D77/><U113/><E131/><V93/><F0/><W83/><G54/><T60/><D108/><U70/><E70/><V63/><F111/><W104/><G104/><T15/><D2/><U102/><E102/><V86/><F125/><W67/><G67/><T49/><D39/><U117/><E45/><V19/><F72/><W109/><G109/><T118/><D118/><N who="1" m="45067" /><E80/><V4/><F4/><W130/><G130/><T126/><D126/><U40/><E40/><V73/><F73/><W75/><G75/><T82/><D103/><U94/><E94/><V57/><F63/><W105/><G105/><T48/><D48/><U46/><E46/><V116/><F116/><W58/><G41/><T1/><D49/><U30/><E59/><V92/><F85/><W64/><G69/><T3/><D42/><U32/><E14/><V79/><F19/><W122/><G16/><N who="0" m="10527" /><D101/><U56/><E56/><V129/><F129/><W33/><G58/><T12/><D12/><U23/><E30/><V38/><F24/><W35/><G122/><T62/><D62/><U84/><E84/><V53/><REACH who="2" step="1"/><F76/><REACH who="2" ten="360,316,128,186" step="2"/><W52/><G17/><T106/><D60/><U124/><E124/><V74/><F74/><W13/><G18/><T114/><D1/><U110/><E110/><V107/><F107/><W135/><G5/><T55/><D106/><U51/><E51/><V6/><F6/><W91/><G36/><T123/><D7/><U95/><E95/><V65/><F65/><RYUUKYOKU ba="0,1" sc="360,-15,316,15,128,15,186,-15" hai1="23,26,27,28,29,32,113,115,132,133" hai2="38,43,47,53,57,61,78,79,86,88,92,93,96" owari="355,46.0,331,13.0,143,-36.0,171,-23.0" /></mjloggm>