<mjloggm ver="2.3"><GO type="97" lobby="0"/><UN n0="%E3%82%86%E3%81%A3%E3%81%8D%E3%82%85%E3%82%93" n1="%6F%6E%69%72%6F%6B%75" n2="%E8%A6%8B%E3%81%88%E3%81%96%E3%82%8B%E6%89%8B" n3="%E3%82%A6%E3%83%AB%E3%83%88%E3%83%A9%E7%AB%8B%E7%9B%B4" dan="16,13,14,15" rate="2082.02,1875.59,1920.97,1985.03" sx="M,M,M,M"/><TAIKYOKU oya="0"/><INIT seed="0,0,0,4,1,121" ten="250,250,250,250" oya="0" hai0="66,56,52,30,10,54,6,53,38,95,131,13,74" hai1="22,71,47,90,72,84,73,9,34,31,129,130,2" hai2="17,23,135,125,41,67,132,91,78,29,62,119,46" hai3="104,35,98,123,19,37,94,114,21,0,96,105,116"/><T48/><D131/><N who="1" m="50187" /><E22/><V70/><F29/><W26/><G123/><T39/><D74/><N who="1" m="28779" /><E47/><V60/><F78/><W126/><G35/><T127/><D127/><U55/><E55/><V8/><F8/><W97/><G126/><T86/><D30/><U107/><E84/><V42/><F125/><W5/><G21/><T81/><D95/><U134/><E90/><V59/><F91/><W111/><G26/><T12/><D12/><U100/><E134/><N who="2" m="51243" /><F119/><W106/><G116/><T58/><D66/><U7/><E71/><V120/><F120/><W68/><G68/><T101/><D101/><U11/><E11/><V44/><F44/><W40/><G104/><T57/><REACH who="0" step="1"/><D48/><REACH who="0" ten="240,250,250,250" step="2"/><U110/><E110/><V28/><F28/><W103/><G106/><T113/><D113/><U83/><E83/><V1/><F1/><W117/><G105/><T18/><D18/><U124/><E124/><V92/><F92/><W128/><G19/><T77/><AGARI ba="0,1" hai="6,10,13,38,39,52,53,54,56,57,58,77,81,86" machi="77" ten="30,6000,0" yaku="1,1,0,1,54,1,53,0" doraHai="121" doraHaiUra="32" who="0" fromWho="0" sc="240,70,250,-20,250,-20,250,-20" /><INIT seed="0,1,0,1,1,110" ten="310,230,230,230" oya="0" hai0="61,83,87,60,52,111,58,85,26,121,10,131,101" hai1="7,116,128,24,28,69,29,20,115,38,59,54,3" hai2="8,34,86,112,71,49,96,45,113,109,127,11,64" hai3="99,55,42,106,14,43,119,90,48,95,76,107,125"/><T47/><D121/><U62/><E38/><V80/><F34/><W133/><G119/><T118/><D118/><U51/><E116/><V130/><F130/><W120/><G120/><T93/><D111/><U6/><E3/><V78/><F109/><W41/><G125/><T31/><D131/><U84/><E128/><V39/><F39/><W2/><G2/><T89/><D47/><U15/><E29/><V25/><F25/><W88/><G133/><T56/><D10/><U92/><E115/><V44/><F44/><W72/><G76/><T46/><D46/><U117/><E117/><V135/><F135/><W17/><G72/><T123/><D101/><U22/><E69/><V65/><F127/><W114/><G114/><T50/><D123/><U19/><E62/><V105/><F71/><W103/><G106/><T68/><D58/><U57/><E57/><V18/><F65/><W81/><G81/><T37/><D37/><U53/><E53/><V79/><F64/><W124/><G107/><T27/><D68/><U40/><E40/><V66/><F66/><W126/><G126/><T108/><D27/><U122/><E122/><V75/><F75/><W129/><G129/><T100/><D108/><U23/><E23/><V82/><F45/><N who="3" m="28047" /><G124/><T30/><D30/><U1/><REACH who="1" step="1"/><E1/><REACH who="1" ten="310,220,230,230" step="2"/><V9/><F113/><W91/><G43/><T33/><D60/><U132/><E132/><V70/><F112/><W0/><G0/><T98/><D61/><U16/><E16/><V67/><F18/><W77/><G42/><T94/><D83/><U134/><E134/><V36/><F82/><RYUUKYOKU ba="1,1" sc="310,15,220,15,230,-15,230,-15" hai0="26,31,33,50,52,56,85,87,89,93,94,98,100" hai1="6,7,15,19,20,22,24,28,51,54,59,84,92" /><INIT seed="0,2,1,1,1,27" ten="325,235,215,215" oya="0" hai0="31,113,67,50,25,108,122,0,92,100,96,47,101" hai1="38,129,60,28,123,104,62,84,110,64,112,105,114" hai2="69,107,91,90,73,111,63,52,121,126,97,14,109" hai3="10,51,65,29,70,43,75,106,135,3,44,120,56"/><T78/><D113/><N who="1" m="43627" /><E123/><V45/><F121/><W22/><G106/><N who="1" m="41066" /><E64/><V33/><F73/><W19/><G70/><T12/><D0/><U32/><E38/><V79/><F79/><W26/><G75/><T53/><D122/><U131/><E84/><V68/><F33/><W23/><G120/><T80/><D108/><N who="2" m="41546" /><F126/><W81/><G135/><T11/><D67/><U40/><E40/><V134/><F134/><W133/><G133/><T1/><D1/><U119/><E119/><V49/><F14/><W98/><G98/><T18/><D101/><U115/><N who="1" m="43635" /><U87/><DORA hai="7" /><E87/><V2/><F2/><W9/><G3/><T132/><D132/><U128/><E110/><V59/><F69/><W42/><G42/><T82/><REACH who="0" step="1"/><D78/><REACH who="0" ten="315,235,215,215" step="2"/><U125/><E125/><V15/><F68/><W37/><G65/><T130/><D130/><U124/><E124/><V13/><F107/><W85/><G37/><T102/><D102/><U66/><E66/><N who="2" m="39295" /><F90/><N who="3" m="51503" /><G56/><T30/><D30/><U46/><E46/><V93/><AGARI ba="2,2" hai="13,15,45,49,52,91,93,97" m="39295,41546" machi="93" ten="30,2000,0" yaku="14,1,54,1" doraHai="27,7" who="2" fromWho="2" sc="315,-12,235,-7,215,46,215,-7" /><INIT seed="1,0,0,3,3,119" ten="303,228,261,208" oya="1" hai0="76,81,100,5,122,75,102,70,107,115,118,31,62" hai1="12,110,67,124,25,69,121,65,120,36,41,101,131" hai2="27,104,11,91,44,98,63,22,79,132,6,28,35" hai3="58,49,95,130,111,105,72,17,33,93,74,52,108"/><U103/><E12/><V116/><F116/><W20/><G33/><T13/><D118/><U8/><E25/><V46/><F132/><W53/><G105/><T50/><D115/><U96/><E8/><V106/><F79/><W59/><G20/><T40/><D31/><U3/><E103/><V89/><F63/><W71/><G17/><T14/><D5/><U126/><E3/><V19/><F91/><W15/><G15/><T125/><D100/><U1/><E96/><V87/><F104/><W56/><G49/><T7/><D102/><U61/><E101/><V114/><F114/><W78/><G78/><T2/><D81/><U42/><E1/><N who="2" m="463" /><F98/><W57/><N who="3" m="14336" /><DORA hai="45" /><W47/><G47/><T128/><D75/><N who="3" m="28713" /><G71/><T9/><D70/><U88/><E88/><V77/><F77/><W68/><G68/><T133/><D107/><U48/><E67/><V97/><F97/><W129/><G95/><T18/><D13/><U32/><E32/><V39/><F106/><W86/><G86/><T24/><D14/><U109/><E36/><V66/><F39/><W37/><G93/><T90/><D2/><U92/><E92/><V123/><F66/><W73/><N who="3" m="28721" /><W51/><DORA hai="85" /><G37/><T29/><D9/><U21/><E21/><V60/><F35/><W54/><G51/><T84/><D7/><U80/><E80/><V38/><F38/><W117/><G117/><T82/><D76/><U16/><E16/><V23/><F19/><W4/><G4/><T30/><D18/><U113/><E113/><V55/><F23/><W134/><G134/><T0/><D133/><RYUUKYOKU ba="0,0" sc="303,-10,228,-10,261,-10,208,30" hai3="52,53,54,108,111,129,130" /><INIT seed="2,1,0,5,4,3" ten="293,218,251,238" oya="2" hai0="74,59,72,95,4,52,13,94,18,63,17,91,39" hai1="62,114,41,108,125,57,115,67,22,120,90,60,23" hai2="38,48,16,34,131,30,54,66,101,77,32,7,116" hai3="84,103,10,28,51,50,80,82,65,15,26,46,87"/><V130/><F38/><W9/><G65/><T29/><D39/><U21/><E125/><V111/><F116/><W73/><G103/><T6/><D74/><U69/><E108/><V86/><F101/><W14/><G73/><T104/><D72/><U24/><E120/><V126/><F66/><W11/><G26/><T96/><D104/><U68/><E41/><V118/><F118/><W71/><G71/><T64/><D29/><U113/><E90/><V100/><F100/><W135/><G28/><T5/><D94/><U31/><REACH who="1" step="1"/><E69/><REACH who="1" ten="293,208,251,238" step="2"/><V42/><F111/><W124/><G124/><T129/><D129/><N who="2" m="49162" /><F42/><W106/><G135/><T53/><D13/><N who="3" m="4617" /><G106/><T85/><D96/><U35/><E35/><V25/><F34/><W128/><G128/><T110/><D110/><U121/><E121/><V78/><F126/><W117/><G117/><T47/><D64/><AGARI ba="1,1" hai="21,22,23,24,31,57,60,62,64,67,68,113,114,115" machi="64" ten="40,1300,0" yaku="1,1,53,0" doraHai="3" doraHaiUra="102" who="1" fromWho="0" sc="293,-16,208,26,251,0,238,0" /><INIT seed="3,0,0,3,0,121" ten="277,234,251,238" oya="3" hai0="123,57,39,130,20,74,128,26,30,78,46,36,94" hai1="93,63,99,43,25,81,82,35,18,53,119,113,48" hai2="19,21,41,61,124,47,0,133,120,51,13,7,29" hai3="132,109,79,15,10,71,110,59,106,125,62,108,65"/><W44/><G106/><T83/><D123/><U112/><E119/><V42/><F120/><W54/><G125/><T80/><D94/><U58/><E113/><V131/><F131/><W135/><G79/><T38/><D46/><U3/><E112/><V11/><F124/><W97/><G97/><T40/><D40/><U100/><E3/><V56/><F133/><W31/><G31/><T16/><D80/><U87/><E35/><V8/><F42/><W17/><G44/><T73/><D57/><U34/><E34/><V77/><F77/><W127/><G127/><T50/><D50/><AGARI ba="0,0" hai="10,15,17,50,54,59,62,65,71,108,109,110,132,135" machi="50" ten="40,12000,1" yaku="14,1,10,1,52,3" doraHai="121" who="3" fromWho="0" sc="277,-120,234,0,251,0,238,120" owari="157,-34.0,234,-17.0,251,5.0,358,46.0" /></mjloggm>