<mjloggm ver="2.3"><GO type="97" lobby="0"/><UN n0="%7A%75%79%75%6B%69" n1="%E3%82%A6%E3%83%AB%E3%83%88%E3%83%A9%E7%AB%8B%E7%9B%B4" n2="%E3%82%89%E3%82%80%E3%81%A0%E6%9D%91" n3="%48%69%2D%6B%6F%7A%79" dan="14,15,14,13" rate="1930.77,1972.63,1986.11,1895.98" sx="M,M,M,M"/><TAIKYOKU oya="0"/><INIT seed="0,0,0,0,0,108" ten="250,250,250,250" oya="0" hai0="34,41,102,49,116,88,104,82,29,69,121,125,73" hai1="10,47,134,122,94,65,72,111,106,64,55,33,109" hai2="99,90,54,105,46,53,4,18,93,77,92,119,11" hai3="74,37,126,127,135,71,63,62,95,56,44,68,110"/><T19/><D121/><U89/><E106/><V130/><F105/><W128/><G74/><T79/><D116/><U27/><E72/><V86/><F119/><W75/><G75/><T1/><D1/><U133/><E10/><V123/><F123/><W58/><G110/><N who="1" m="41994" /><E122/><V2/><F130/><W57/><G95/><T42/><D125/><N who="3" m="47625" /><G128/><T78/><D78/><U50/><E65/><V6/><F6/><W32/><G32/><T84/><D69/><N who="3" m="26697" /><G135/><T113/><D113/><U87/><E64/><V91/><F77/><W40/><AGARI ba="0,0" hai="37,40,44,56,57,58,62,63" m="26697,47625" machi="40" ten="40,5200,0" yaku="18,1,34,2" doraHai="108" who="3" fromWho="3" sc="250,-26,250,-13,250,-13,250,52" /><INIT seed="1,0,0,3,1,127" ten="224,237,237,302" oya="1" hai0="123,20,108,89,120,117,7,25,9,18,12,82,114" hai1="37,19,40,79,74,14,30,3,28,131,68,87,33" hai2="86,95,105,80,32,106,92,84,45,39,103,101,24" hai3="110,36,126,49,67,118,48,38,35,58,90,8,75"/><U71/><E3/><V47/><F32/><W113/><G110/><T53/><D114/><U104/><E104/><N who="2" m="40043" /><F39/><W61/><G113/><T55/><D108/><U88/><E68/><V10/><F10/><W2/><G75/><T22/><D117/><U17/><E71/><V11/><F11/><W91/><G126/><T13/><D123/><U70/><E70/><V51/><F51/><W81/><G118/><T50/><D120/><U73/><E40/><V116/><F116/><W133/><G133/><T121/><D121/><U56/><E56/><V5/><F24/><W135/><G135/><T76/><D89/><U59/><E59/><V134/><F134/><W122/><G122/><T107/><D107/><U65/><E14/><V64/><F64/><W109/><G109/><T72/><REACH who="0" step="1"/><D50/><REACH who="0" ten="214,237,237,302" step="2"/><U46/><E37/><V27/><F103/><W44/><G38/><T23/><D23/><U97/><E33/><V128/><F101/><W77/><G35/><T112/><D112/><U43/><E79/><V98/><F98/><W85/><G36/><T16/><AGARI ba="0,1" hai="7,9,12,13,16,18,20,22,25,53,55,72,76,82" machi="16" ten="20,5200,0" yaku="1,1,0,1,7,1,54,1,53,0" doraHai="127" doraHaiUra="54" who="0" fromWho="0" sc="214,62,237,-26,237,-13,302,-13" /><INIT seed="2,0,0,5,5,37" ten="276,211,224,289" oya="2" hai0="35,76,82,52,53,27,19,69,109,93,55,131,103" hai1="101,61,50,99,42,106,108,84,41,29,83,97,58" hai2="127,44,113,4,17,14,60,45,54,119,36,0,46" hai3="24,11,2,104,49,71,74,51,111,23,85,18,98"/><V130/><F113/><W31/><G74/><T81/><D109/><U16/><E108/><V92/><F119/><W89/><G111/><T12/><D131/><U114/><E114/><V30/><F130/><W86/><G71/><T110/><D110/><U70/><E70/><V126/><F30/><W34/><G86/><T79/><D69/><U128/><E128/><V40/><F92/><W134/><G134/><T65/><D65/><U115/><E115/><V87/><F87/><W39/><G39/><T6/><D35/><U122/><E122/><V7/><F126/><W77/><G77/><N who="0" m="29771" /><D27/><U133/><E29/><V56/><F127/><W73/><G73/><T125/><D6/><U121/><E121/><V80/><F80/><W107/><G107/><T28/><D28/><U117/><E117/><V38/><F0/><W105/><G105/><T22/><D125/><U32/><E32/><V21/><F46/><W78/><G78/><T118/><D118/><U102/><E16/><V112/><F112/><W3/><G98/><AGARI ba="0,0" hai="12,19,22,52,53,55,81,82,93,98,103" m="29771" machi="98" ten="30,2000,0" yaku="8,1,54,1" doraHai="37" who="0" fromWho="3" sc="276,20,211,0,224,0,289,-20" /><INIT seed="3,0,0,3,5,54" ten="296,211,224,269" oya="3" hai0="128,101,91,4,95,134,31,13,82,116,99,98,36" hai1="81,94,21,19,22,127,69,27,72,47,133,87,111" hai2="2,10,18,102,24,71,11,123,3,51,33,80,37" hai3="107,84,34,79,50,56,20,96,64,38,45,85,120"/><W25/><G120/><T8/><D36/><U109/><E69/><V131/><F37/><W41/><G34/><T42/><D116/><U77/><E127/><V16/><F123/><W103/><G79/><T112/><D112/><U113/><E113/><V117/><F117/><W129/><G129/><T48/><D134/><U53/><E133/><V92/><F71/><W104/><G104/><T26/><D128/><U57/><E47/><V126/><F131/><W83/><G83/><T135/><D135/><U100/><E100/><V62/><F126/><W110/><G110/><T73/><D73/><U40/><E40/><V52/><F80/><W63/><G38/><T0/><D0/><U6/><E6/><V86/><F62/><W115/><G115/><T125/><D125/><U44/><E44/><V89/><F102/><W43/><G43/><T15/><D15/><U66/><E66/><V75/><F75/><W132/><G132/><T61/><D61/><U119/><E119/><V114/><F114/><W49/><G49/><T35/><D48/><U74/><E22/><V105/><F105/><W17/><AGARI ba="0,0" hai="17,20,25,41,45,50,56,63,64,84,85,96,103,107" machi="17" ten="20,3900,0" yaku="0,1,7,1,52,1" doraHai="54" who="3" fromWho="3" sc="296,-13,211,-13,224,-13,269,39" owari="283,8.0,198,-30.0,211,-19.0,308,41.0" /></mjloggm>