<mjloggm ver="2.3"><GO type="97" lobby="0"/><UN n0="%E3%82%A6%E3%83%AB%E3%83%88%E3%83%A9%E7%AB%8B%E7%9B%B4" n1="%E4%BD%90%E5%80%89%E6%9D%8F%E5%AD%90%E2%98%86" n2="%E3%81%BE%E3%82%8A%E3%82%82%E3%82%93%E3%81%8C%E3%83%BC" n3="%E3%83%88%E3%82%B7%E3%83%AD%E3%83%BC" dan="15,14,14,15" rate="1976.80,1976.91,1800.14,1994.99" sx="M,F,M,M"/><TAIKYOKU oya="0"/><INIT seed="0,0,0,2,2,52" ten="250,250,250,250" oya="0" hai0="44,81,53,7,91,12,63,126,101,119,87,114,37" hai1="49,16,135,1,129,74,122,32,10,78,28,60,125" hai2="2,73,117,48,82,61,111,80,71,108,39,26,96" hai3="14,13,6,118,75,72,23,132,4,58,109,64,27"/><T121/><D121/><U56/><E122/><V69/><F39/><W29/><G118/><T42/><D119/><U35/><E28/><V30/><F2/><W92/><G109/><N who="2" m="42057" /><F117/><W31/><G132/><T65/><D114/><U94/><E135/><V116/><F116/><W15/><G92/><T112/><D112/><U120/><E120/><V105/><F61/><N who="3" m="37943" /><G75/><T45/><D101/><U86/><E74/><V3/><F3/><W107/><G107/><T128/><D126/><U110/><E110/><V98/><F48/><W83/><G72/><T76/><D128/><U38/><E38/><V62/><F62/><W8/><G83/><N who="2" m="31785" /><F73/><W90/><G90/><T99/><D65/><U97/><E129/><V17/><F17/><N who="3" m="12783" /><G8/><N who="0" m="4127" /><D37/><U47/><E1/><V131/><F131/><W93/><G93/><N who="0" m="56767" /><D42/><U25/><E125/><V106/><F106/><W33/><G33/><T0/><D0/><U123/><E32/><N who="2" m="20567" /><F105/><W130/><G130/><T40/><D40/><U113/><E113/><V54/><F71/><W100/><G4/><T43/><D43/><U19/><E123/><V66/><F69/><W21/><G6/><T103/><D103/><U22/><E35/><V50/><F66/><W41/><G100/><T102/><D102/><U115/><E115/><V77/><F77/><W59/><G41/><T134/><D134/><U85/><E78/><V68/><F68/><W95/><G31/><T124/><D124/><U20/><E10/><V84/><F84/><W79/><G29/><T34/><D34/><U104/><E104/><V51/><F51/><W67/><G21/><T9/><D9/><RYUUKYOKU ba="0,0" sc="250,15,250,-15,250,15,250,-15" hai0="44,45,53,63,76,81,87" hai2="50,54,96,98" /><INIT seed="0,1,0,4,1,2" ten="265,235,265,235" oya="0" hai0="112,12,29,53,61,106,51,124,130,7,64,47,3" hai1="41,89,70,27,45,110,49,50,82,128,11,94,21" hai2="129,20,131,100,96,87,103,90,122,93,95,117,59" hai3="98,121,78,5,56,14,73,135,104,79,76,107,17"/><T32/><D3/><U26/><E70/><V48/><F48/><W54/><G135/><T105/><D112/><U81/><E110/><V25/><F25/><W52/><G73/><T36/><D36/><U80/><E128/><N who="2" m="49227" /><F20/><W126/><G126/><T133/><D130/><U127/><E127/><V42/><F42/><W63/><G121/><T74/><D74/><U16/><E11/><V60/><F117/><W0/><G0/><T43/><D133/><U71/><E71/><V102/><F122/><W119/><G119/><T132/><D132/><U30/><E50/><V46/><F46/><W66/><G5/><T77/><D43/><U33/><REACH who="1" step="1"/><E81/><REACH who="1" ten="265,225,265,235" step="2"/><V88/><F103/><W58/><G98/><AGARI ba="1,1" hai="16,21,26,27,30,33,41,45,49,80,82,89,94,98" machi="98" ten="30,7700,0" yaku="1,1,2,1,7,1,54,1,53,0" doraHai="2" doraHaiUra="75" who="1" fromWho="3" sc="265,0,225,90,265,0,235,-80" /><INIT seed="1,0,0,4,0,58" ten="265,315,265,155" oya="1" hai0="57,124,48,111,5,49,67,14,99,2,107,47,55" hai1="119,19,13,30,66,98,42,53,24,6,106,36,127" hai2="70,68,61,95,89,63,37,108,52,116,130,41,31" hai3="32,51,43,46,71,123,91,20,59,62,22,12,90"/><U16/><E119/><V50/><F31/><W92/><G123/><T135/><D2/><U118/><E118/><V128/><F116/><W125/><G125/><T78/><D124/><U1/><E127/><V86/><F108/><W103/><G71/><N who="2" m="27177" /><F41/><W100/><G32/><T73/><D111/><U74/><E74/><V84/><F37/><W97/><G100/><T83/><D135/><U117/><E117/><V64/><F86/><W35/><G35/><T79/><D79/><U134/><E134/><V112/><F64/><W114/><G114/><T102/><D67/><U132/><E132/><V38/><F38/><W87/><G12/><T115/><D115/><U25/><E66/><V56/><F112/><W126/><G126/><T54/><D14/><U34/><E36/><V7/><F7/><W44/><G46/><T45/><D5/><U76/><E42/><V40/><F40/><W0/><G0/><T27/><REACH who="0" step="1"/><D57/><REACH who="0" ten="255,315,265,155" step="2"/><U82/><E76/><V88/><F89/><W80/><REACH who="3" step="1"/><G91/><REACH who="3" ten="255,315,265,145" step="2"/><T23/><D23/><U96/><E1/><V15/><F15/><W129/><G129/><AGARI ba="0,2" hai="50,52,56,61,63,84,88,95,128,129,130" m="27177" machi="129" ten="30,8000,1" yaku="19,1,52,2,54,2" doraHai="58" who="2" fromWho="3" sc="255,0,315,0,265,100,145,-80" /><INIT seed="2,0,0,2,0,7" ten="255,315,365,65" oya="2" hai0="129,5,67,54,109,133,112,37,65,64,72,80,55" hai1="105,62,119,132,9,83,101,17,45,52,14,31,44" hai2="115,130,46,70,43,75,8,104,26,79,0,6,29" hai3="71,16,127,84,88,113,68,131,28,21,91,111,59"/><V93/><F104/><W4/><G111/><T10/><D112/><U30/><E119/><V11/><F115/><W38/><G38/><T22/><D109/><U2/><E2/><V97/><F130/><W110/><G110/><T126/><D129/><U86/><E132/><V53/><F53/><W23/><G131/><T103/><D133/><U32/><E32/><N who="2" m="20535" /><F11/><W48/><G113/><T92/><D126/><U49/><E105/><V63/><F97/><W40/><G127/><T117/><D117/><U114/><E114/><V27/><F93/><W47/><G4/><T76/><D37/><U61/><E101/><V66/><F27/><W18/><G28/><N who="1" m="10794" /><E44/><V12/><F12/><N who="3" m="9351" /><G68/><T124/><D22/><U99/><E99/><V51/><F51/><N who="3" m="27111" /><G71/><T1/><D124/><U39/><E39/><N who="2" m="21887" /><F79/><AGARI ba="0,0" hai="9,14,17,45,49,52,61,62,79,83,86" m="10794" machi="79" ten="30,3900,0" yaku="8,1,52,1,54,1" doraHai="7" who="1" fromWho="2" sc="255,0,315,39,365,-39,65,0" /><INIT seed="3,0,0,5,4,5" ten="255,354,326,65" oya="3" hai0="106,51,47,111,72,76,19,73,36,131,99,96,107" hai1="133,125,78,85,41,38,32,80,24,71,44,120,135" hai2="30,91,93,9,69,34,83,26,103,39,92,12,67" hai3="94,57,13,114,68,105,29,110,115,16,0,87,126"/><W25/><G0/><T86/><D36/><U6/><E120/><V66/><F39/><W18/><G105/><N who="0" m="39947" /><D51/><U1/><E71/><V10/><F69/><W117/><G117/><T123/><D47/><U17/><E125/><V27/><F83/><W21/><G68/><T108/><D19/><U40/><E40/><V37/><F37/><W88/><G126/><T109/><D123/><U59/><E59/><V79/><F79/><W130/><G130/><T55/><D55/><U81/><E81/><V43/><F43/><W75/><G75/><N who="0" m="28747" /><D131/><U113/><E17/><V15/><F34/><W63/><G110/><T119/><D119/><U64/><E64/><N who="2" m="24619" /><F103/><W65/><REACH who="3" step="1"/><G18/><REACH who="3" ten="255,354,326,55" step="2"/><T95/><D76/><U118/><E78/><V82/><F82/><W48/><G48/><T31/><D111/><U98/><E80/><V4/><F93/><W28/><G28/><T77/><D31/><U100/><E118/><V14/><F30/><W102/><G102/><T33/><D109/><U23/><E1/><V3/><F3/><W84/><G84/><T53/><D108/><U52/><E85/><N who="2" m="52335" /><F4/><W42/><G42/><T35/><D95/><U20/><E6/><V7/><F7/><W116/><G116/><T128/><D86/><U56/><E41/><V89/><F89/><W58/><G58/><T60/><D77/><U70/><E70/><V101/><F101/><W122/><G122/><T127/><D127/><U45/><E100/><V134/><F134/><W54/><G54/><T112/><D128/><U8/><E135/><V46/><F46/><W61/><G61/><T132/><D60/><RYUUKYOKU ba="0,1" sc="255,-15,354,-15,326,15,55,15" hai2="9,10,12,14,15,26,27" hai3="13,16,21,25,29,57,63,65,87,88,94,114,115" /><INIT seed="3,1,1,0,2,80" ten="240,339,341,70" oya="3" hai0="52,11,60,55,42,66,117,120,130,44,47,48,8" hai1="23,123,101,131,58,100,121,135,51,30,16,28,64" hai2="107,99,26,19,103,67,21,102,13,12,116,45,71" hai3="34,105,69,41,106,25,4,115,32,97,111,9,37"/><W10/><G115/><T63/><D8/><U108/><E108/><V90/><F116/><W119/><G119/><T86/><D11/><U85/><E123/><V31/><F103/><N who="1" m="39497" /><E131/><V53/><F90/><W14/><G97/><T91/><D117/><U92/><E135/><V54/><F31/><N who="3" m="19567" /><G14/><T62/><D120/><U76/><E121/><V95/><F107/><W18/><G18/><T128/><D91/><N who="1" m="53359" /><E76/><V114/><F114/><W79/><G10/><T83/><D86/><U50/><E64/><V40/><F71/><W2/><G111/><T72/><D83/><U49/><E58/><V112/><F112/><W1/><G79/><T68/><D72/><U82/><E82/><V56/><F67/><W5/><G34/><T57/><D62/><U0/><E0/><V96/><F96/><W38/><G5/><T93/><D93/><U17/><E17/><V24/><F24/><AGARI ba="1,1" hai="16,23,24,28,30,49,50,51" m="53359,39497" machi="24" ten="30,3900,0" yaku="8,1,52,1,54,1" doraHai="80" who="1" fromWho="2" sc="240,0,339,52,341,-42,70,0" owari="240,-16.0,391,49.0,299,10.0,70,-43.0" /></mjloggm>