<mjloggm ver="2.3"><GO type="97" lobby="0"/><UN n0="%48%65%72%69%6F%73" n1="%E3%82%A6%E3%83%AB%E3%83%88%E3%83%A9%E7%AB%8B%E7%9B%B4" n2="%EF%BC%88%E3%83%BB%CF%89%EF%BC%9C%EF%BC%89%E2%99%AA" n3="%68%61%70%70%61%39%31%36" dan="14,15,13,15" rate="1906.04,1997.69,1902.99,1908.32" sx="M,M,M,M"/><TAIKYOKU oya="0"/><INIT seed="0,0,0,1,4,32" ten="250,250,250,250" oya="0" hai0="4,26,82,59,127,34,99,10,42,43,114,8,5" hai1="96,90,1,38,109,55,118,88,74,95,56,98,80" hai2="6,24,131,75,40,50,37,119,122,62,27,31,81" hai3="100,120,73,93,68,79,64,84,30,16,9,91,23"/><T89/><D114/><U39/><E118/><V101/><F122/><W107/><G30/><T102/><D59/><U105/><E109/><V85/><F75/><W22/><G68/><T103/><D127/><U28/><E1/><V125/><F125/><W33/><G64/><T70/><D70/><U15/><E28/><V36/><F131/><W60/><G33/><T106/><D103/><U72/><E72/><V87/><F101/><W58/><G120/><T21/><D34/><U115/><E115/><V35/><F27/><W11/><G23/><T53/><D53/><U3/><E3/><V94/><F62/><W134/><G107/><T130/><D130/><U117/><E15/><V78/><F6/><W112/><G100/><T69/><D69/><U108/><E98/><V63/><F63/><W123/><G123/><T61/><D61/><U0/><E105/><V65/><F65/><W135/><G112/><T128/><D128/><U29/><E96/><V19/><F119/><W47/><G47/><T111/><D111/><U17/><E108/><V44/><F19/><W133/><G58/><T41/><D89/><U71/><E88/><V48/><F37/><W92/><G60/><T76/><D10/><U46/><E90/><V97/><F85/><W18/><G92/><T25/><D5/><U104/><E39/><V52/><F36/><W57/><G57/><T2/><REACH who="0" step="1"/><D21/><REACH who="0" ten="240,250,250,250" step="2"/><U129/><E129/><V110/><F110/><W14/><G22/><T66/><D66/><U113/><E56/><N who="2" m="32775" /><F94/><W20/><G18/><T121/><D121/><U51/><E95/><V13/><F97/><RYUUKYOKU ba="0,1" sc="240,10,250,-30,250,10,250,10" hai0="2,4,8,25,26,41,42,43,76,82,99,102,106" hai2="13,24,31,35,40,44,50,78,81,87" hai3="9,11,14,16,20,73,79,84,91,93,133,134,135" /><INIT seed="0,1,1,1,4,75" ten="250,220,260,260" oya="0" hai0="135,28,47,16,41,29,100,79,9,125,72,36,43" hai1="61,107,83,101,62,111,13,18,57,65,126,3,90" hai2="69,48,92,1,89,109,20,112,42,87,14,91,127" hai3="97,96,8,4,32,17,85,40,7,84,118,11,108"/><T37/><D100/><U67/><E3/><V132/><F69/><W128/><G118/><T71/><D71/><U68/><E111/><V119/><F1/><W74/><G108/><T54/><D54/><U124/><E101/><V78/><F112/><W19/><G74/><T60/><D60/><U50/><E107/><V102/><F102/><W35/><REACH who="3" step="1"/><G40/><REACH who="3" ten="250,220,260,250" step="2"/><T58/><D58/><U25/><E68/><V114/><F42/><W59/><G59/><T103/><D103/><U76/><E57/><V77/><F119/><W63/><G63/><T133/><D43/><U46/><E62/><V110/><F109/><W53/><G53/><T99/><D99/><U33/><E61/><V6/><F110/><W30/><G30/><T55/><D55/><U2/><E65/><V88/><F114/><W134/><G134/><N who="0" m="51211" /><D37/><U94/><E67/><V81/><F132/><W34/><G34/><T82/><D125/><U52/><E124/><V22/><F127/><W0/><G0/><T86/><D72/><U120/><E126/><V12/><F48/><W98/><G98/><T45/><D45/><U115/><E2/><V73/><F73/><W23/><G23/><T129/><D129/><AGARI ba="1,2" hai="4,7,8,11,17,19,32,35,84,85,96,97,128,129" machi="129" ten="25,3200,0" yaku="1,1,22,2,53,0" doraHai="75" doraHaiUra="27" who="3" fromWho="0" sc="250,-35,220,0,260,0,250,55" /><INIT seed="1,0,0,4,1,111" ten="215,220,260,305" oya="1" hai0="124,52,110,31,72,133,23,99,125,121,122,10,9" hai1="21,12,27,33,95,101,131,115,114,65,20,34,36" hai2="127,30,123,120,46,28,78,26,82,35,106,83,116" hai3="84,117,44,100,85,8,80,104,51,29,54,90,18"/><U42/><E42/><V40/><F106/><W61/><G117/><T38/><D72/><U24/><E36/><V68/><F116/><W48/><G29/><T76/><D76/><U6/><E65/><V60/><F82/><W91/><G104/><T19/><D38/><U45/><E45/><V16/><F127/><N who="0" m="48714" /><D99/><U73/><E95/><V134/><F134/><W57/><G100/><T135/><D110/><U88/><E88/><V103/><F103/><W4/><G51/><T107/><D107/><U2/><E73/><V71/><F30/><W64/><G85/><T50/><D31/><N who="1" m="17807" /><E101/><V128/><F60/><W15/><G4/><T89/><D89/><AGARI ba="0,0" hai="8,15,18,44,48,54,57,61,64,80,84,89,90,91" machi="89" ten="30,7700,0" yaku="7,1,25,2,8,1" doraHai="111" who="3" fromWho="0" sc="215,-77,220,0,260,0,305,77" /><INIT seed="2,0,0,1,3,15" ten="138,220,260,382" oya="2" hai0="134,11,8,5,24,73,98,102,93,35,103,76,107" hai1="43,40,130,90,4,0,112,72,114,69,119,17,42" hai2="7,108,56,105,2,80,23,25,10,111,20,67,117" hai3="132,77,51,88,84,38,30,61,50,27,33,62,59"/><V123/><F105/><W58/><G77/><T29/><D134/><U109/><E69/><V75/><F117/><W101/><G101/><T122/><D122/><U96/><E72/><V70/><F123/><W19/><G38/><T64/><D64/><U118/><E4/><V92/><F70/><W21/><G132/><T39/><D39/><U60/><E0/><V131/><F131/><W99/><G33/><T106/><D93/><U89/><E60/><V47/><F47/><W41/><G30/><T26/><D26/><U71/><E71/><V91/><F80/><W78/><G78/><T36/><D11/><U104/><E104/><V95/><F75/><W74/><G74/><T13/><D36/><U52/><E96/><V37/><F37/><W126/><G41/><T31/><D31/><U9/><E9/><V63/><F23/><W16/><G126/><T128/><D128/><U54/><E43/><V3/><F3/><W32/><G32/><T12/><D103/><U116/><E116/><V113/><F113/><W57/><G99/><T53/><D53/><U121/><E130/><V79/><F79/><W85/><G57/><T87/><D87/><U14/><E121/><V94/><REACH who="2" step="1"/><F91/><REACH who="2" ten="138,220,250,382" step="2"/><W86/><G88/><T81/><REACH who="0" step="1"/><D107/><REACH who="0" ten="128,220,250,382" step="2"/><U1/><E114/><V100/><F100/><W124/><G124/><T48/><D48/><U6/><E112/><V115/><F115/><W65/><G51/><T110/><D110/><U68/><E109/><V120/><F120/><W135/><G50/><T66/><D66/><U45/><E119/><V44/><F44/><W55/><G135/><RYUUKYOKU ba="0,2" sc="128,10,220,-30,250,10,382,10" hai0="5,8,12,13,24,29,35,73,76,81,98,102,106" hai2="2,7,10,20,25,56,63,67,92,94,95,108,111" hai3="16,19,21,27,55,58,59,61,62,65,84,85,86" /><INIT seed="2,1,2,2,3,48" ten="138,190,260,392" oya="2" hai0="21,128,42,22,94,121,73,52,25,31,125,103,83" hai1="6,116,82,131,43,33,112,129,65,17,113,0,126" hai2="87,81,5,3,127,130,106,10,15,96,16,9,99" hai3="1,66,4,50,78,18,117,20,88,134,108,132,55"/><V74/><F74/><W118/><G66/><T54/><D121/><U7/><E43/><V60/><F130/><N who="1" m="49673" /><E65/><V45/><F127/><W100/><G100/><T35/><D128/><U2/><E82/><V76/><F106/><W84/><G78/><T93/><D125/><U77/><E77/><V58/><REACH who="2" step="1"/><F45/><REACH who="2" ten="138,190,250,392" step="2"/><N who="3" m="28111" /><G117/><T90/><D42/><U120/><E126/><V119/><F119/><W69/><G118/><T8/><D73/><U59/><E116/><V39/><F39/><W114/><G114/><T28/><D35/><U115/><E33/><V38/><F38/><W61/><G69/><T62/><D8/><U122/><E59/><V41/><F41/><W34/><G34/><T46/><D103/><U32/><E32/><V30/><F30/><W111/><G61/><T79/><D62/><U110/><E110/><V102/><F102/><W47/><G111/><T92/><D46/><U40/><E40/><V104/><F104/><W123/><G47/><T70/><D70/><U124/><E124/><V63/><F63/><W51/><G108/><T109/><D109/><U13/><E120/><V71/><F71/><W64/><G123/><T67/><D67/><AGARI ba="1,3" hai="3,5,9,10,15,16,58,60,67,76,81,87,96,99" machi="67" ten="30,11600,0" yaku="1,1,7,1,54,1,53,1" doraHai="48" doraHaiUra="12" who="2" fromWho="0" sc="138,-119,190,0,250,149,392,0" /><INIT seed="2,2,0,1,3,96" ten="19,190,399,392" oya="2" hai0="54,41,19,84,38,111,9,75,21,27,121,125,8" hai1="128,88,13,40,126,23,55,59,32,133,115,29,93" hai2="20,39,37,120,45,50,12,110,14,73,132,35,113" hai3="16,57,66,46,114,86,74,22,34,119,33,82,3"/><V61/><F120/><W42/><G3/><T68/><D111/><U123/><E32/><V51/><F35/><W52/><G74/><T71/><D75/><U36/><E36/><V127/><F113/><W10/><G66/><T105/><D121/><U15/><E40/><V109/><F73/><W80/><G10/><T0/><D125/><U47/><E47/><V92/><F127/><W56/><G82/><T85/><D54/><U87/><E126/><V122/><F132/><W116/><G57/><T90/><D105/><U62/><E133/><V31/><F92/><W11/><G11/><T129/><D129/><U130/><E123/><V63/><F31/><W4/><G4/><T53/><D53/><U118/><E118/><V103/><F122/><W108/><G114/><T95/><D85/><U106/><E106/><V7/><F7/><W1/><G1/><T30/><D9/><U65/><E115/><V77/><F77/><W43/><G43/><T102/><D102/><U49/><E15/><V58/><F45/><W2/><G2/><T134/><D134/><U17/><E29/><V5/><F58/><W67/><G67/><T112/><D112/><U76/><E76/><V117/><F5/><W91/><G108/><T99/><D84/><U83/><E83/><V26/><F117/><W94/><G80/><T131/><D131/><U28/><E28/><V18/><F110/><W60/><G119/><T44/><D0/><U107/><E107/><V69/><F109/><W79/><G79/><T78/><D78/><U101/><E101/><V89/><F103/><W48/><G116/><RYUUKYOKU ba="2,0" sc="19,10,190,10,399,-30,392,10" hai0="8,19,21,27,30,38,41,44,68,71,90,95,99" hai1="13,17,23,49,55,59,62,65,87,88,93,128,130" hai3="16,22,33,34,42,46,48,52,56,60,86,91,94" /><INIT seed="3,3,0,5,2,90" ten="29,200,369,402" oya="3" hai0="50,22,70,38,88,14,129,89,15,94,132,111,110" hai1="78,130,5,133,25,21,85,37,119,126,48,63,32" hai2="113,128,45,27,23,18,104,101,41,82,58,40,24" hai3="81,116,11,56,87,12,74,52,124,42,117,28,39"/><W26/><G74/><T9/><D38/><U100/><E48/><V134/><F113/><W83/><G83/><T17/><D70/><U122/><E63/><V55/><F134/><W2/><G2/><T29/><D132/><U44/><E85/><V131/><F82/><W59/><G59/><T60/><D129/><U47/><E21/><V114/><F114/><W20/><G124/><T69/><D69/><U106/><E25/><V34/><F41/><W54/><G39/><T53/><D60/><U92/><E5/><V4/><F4/><W135/><G42/><T121/><D121/><U64/><E78/><V68/><F68/><W49/><G135/><T123/><D123/><U80/><E44/><V46/><F27/><W31/><G54/><T99/><D111/><U105/><E47/><V125/><F34/><W84/><G31/><T72/><D110/><U97/><E64/><V109/><F109/><W1/><G1/><T61/><D72/><U91/><E32/><V71/><F125/><W13/><G13/><T3/><D3/><U30/><E126/><V79/><F71/><W16/><G87/><T43/><D43/><U76/><E30/><V6/><F40/><W66/><G66/><T75/><D75/><U115/><E133/><V19/><F6/><W127/><G127/><T107/><D107/><U77/><E122/><V98/><F19/><W62/><G62/><T118/><D118/><U102/><E119/><V10/><F79/><AGARI ba="3,0" hai="11,12,16,20,26,28,49,52,56,79,81,84,116,117" machi="79" ten="30,5800,0" yaku="7,1,54,2" doraHai="90" who="3" fromWho="2" sc="29,0,200,0,369,-67,402,67" owari="29,-47.0,200,-20.0,302,10.0,469,57.0" /></mjloggm>