<mjloggm ver="2.3"><GO type="97" lobby="0"/><UN n0="%E3%82%A6%E3%83%AB%E3%83%88%E3%83%A9%E7%AB%8B%E7%9B%B4" n1="%E9%A7%86%E3%82%8B%E3%81%A8" n2="%79%61%73%61%62%75%72%6F" n3="%6B%79%6F%6E%31%30%35%34" dan="15,15,13,15" rate="2000.99,2015.57,1895.80,1923.02" sx="M,F,M,M"/><TAIKYOKU oya="0"/><INIT seed="0,0,0,5,5,94" ten="250,250,250,250" oya="0" hai0="134,78,37,64,62,112,50,4,133,47,46,9,80" hai1="2,93,42,75,45,12,105,53,117,132,79,101,98" hai2="113,17,16,129,72,71,77,19,81,8,3,89,6" hai3="92,0,103,114,54,108,127,66,29,59,26,128,61"/><T90/><D90/><U83/><E117/><V67/><F113/><W126/><G114/><T121/><D121/><U27/><E53/><V22/><F129/><W88/><G108/><T69/><D112/><U100/><E132/><V32/><F32/><W119/><G0/><T55/><D37/><U84/><E12/><V120/><F120/><W68/><G128/><T23/><D23/><U24/><E2/><V18/><F67/><W49/><G103/><T43/><D47/><U65/><E65/><V115/><F71/><W118/><G118/><T124/><D124/><N who="3" m="47657" /><G119/><T52/><D133/><U7/><E7/><V130/><F130/><W33/><G92/><T99/><D99/><U60/><E60/><V106/><F106/><W109/><G109/><T21/><D21/><U51/><REACH who="1" step="1"/><E101/><REACH who="1" ten="250,240,250,250" step="2"/><V102/><F102/><W14/><G14/><T76/><D134/><U63/><E63/><V39/><F115/><W87/><G66/><T38/><D55/><U91/><AGARI ba="0,1" hai="24,27,42,45,51,75,79,83,84,91,93,98,100,105" machi="91" ten="30,8000,1" yaku="1,1,0,1,24,2,52,1,53,0" doraHai="94" doraHaiUra="70" who="1" fromWho="1" sc="250,-40,240,90,250,-20,250,-20" /><INIT seed="1,0,0,4,2,115" ten="210,330,230,230" oya="1" hai0="93,25,35,15,57,109,46,106,132,71,21,74,38" hai1="78,69,19,3,95,88,34,83,22,94,11,119,8" hai2="89,42,23,87,18,98,33,114,24,12,124,105,85" hai3="28,134,130,4,13,43,37,63,72,9,122,26,17"/><U90/><E34/><V14/><F124/><W107/><G122/><T91/><D71/><U55/><E69/><V52/><F114/><W6/><G107/><T118/><D106/><U68/><E68/><V31/><F42/><W54/><G72/><T60/><D74/><U101/><E119/><V27/><F105/><W39/><G130/><T131/><D132/><U92/><E101/><V66/><F66/><W79/><G79/><T64/><D109/><U99/><E55/><V102/><F102/><W77/><G77/><T129/><D15/><N who="1" m="9599" /><E3/><V116/><F116/><W121/><G43/><T97/><D35/><U47/><E47/><V67/><F67/><W75/><G75/><T51/><D38/><U0/><E0/><V112/><F112/><W2/><G121/><T7/><D7/><U81/><E78/><V100/><F100/><W56/><G6/><T133/><D133/><U110/><E110/><V117/><F117/><W125/><G134/><T123/><D123/><U29/><E29/><V45/><F98/><W59/><G125/><T5/><D5/><U113/><E113/><V127/><F127/><W82/><G39/><T120/><D120/><U65/><E65/><V48/><F87/><W108/><G37/><T104/><D104/><U135/><E135/><V76/><F76/><W49/><G108/><T128/><D118/><U62/><E62/><V32/><F33/><W1/><G4/><T61/><D61/><U50/><E50/><V80/><AGARI ba="0,0" hai="12,14,18,23,24,27,31,32,45,48,52,80,85,89" machi="80" ten="20,2700,0" yaku="0,1,7,1,54,1" doraHai="115" who="2" fromWho="2" sc="210,-7,330,-13,230,27,230,-7" /><INIT seed="2,0,0,0,5,65" ten="203,317,257,223" oya="2" hai0="97,53,91,2,99,77,38,62,79,11,28,63,89" hai1="64,131,40,33,19,32,106,82,133,5,66,103,37" hai2="95,129,75,3,115,57,54,29,118,84,119,24,47" hai3="94,98,116,34,85,120,60,128,90,59,8,25,112"/><V30/><F3/><W114/><G116/><T58/><D2/><U6/><E19/><V71/><F71/><W83/><G120/><T73/><D38/><U124/><E82/><V92/><F75/><W69/><G69/><T1/><D1/><U80/><E80/><V96/><F115/><N who="3" m="44075" /><G8/><T88/><D73/><U21/><E21/><V48/><F129/><W127/><G127/><T78/><D11/><U86/><E86/><V123/><F123/><W14/><G14/><T52/><D28/><U72/><E72/><V105/><F105/><W55/><G128/><T49/><D49/><U76/><E76/><V121/><F121/><W87/><G83/><T74/><D74/><U102/><E131/><V39/><F39/><W31/><AGARI ba="0,0" hai="25,31,34,55,59,60,85,87,90,94,98" m="44075" machi="31" ten="30,1100,0" yaku="11,1" doraHai="65" who="3" fromWho="3" sc="203,-3,317,-3,257,-5,223,11" /><INIT seed="3,0,0,0,5,135" ten="200,314,252,234" oya="3" hai0="39,43,134,84,47,19,27,76,64,58,98,50,69" hai1="120,11,107,131,9,55,54,82,117,86,42,14,33" hai2="57,132,124,133,125,128,22,53,13,129,5,25,95" hai3="7,102,92,6,75,61,97,99,16,67,74,17,79"/><W89/><G75/><T90/><D134/><N who="2" m="51818" /><F95/><N who="3" m="58751" /><G79/><T104/><D76/><U94/><E107/><V0/><F0/><W100/><G74/><T32/><D32/><U123/><E33/><V87/><F87/><W73/><G100/><T15/><D27/><U85/><E94/><V121/><F13/><W78/><G78/><T65/><D69/><U2/><E42/><V23/><F5/><N who="3" m="1547" /><G73/><T126/><D126/><N who="2" m="48746" /><F121/><W18/><G67/><T20/><D104/><U130/><E2/><V108/><F108/><W52/><G18/><T119/><D119/><U103/><E117/><V68/><F68/><W46/><G46/><T70/><D70/><U12/><E82/><V29/><F23/><W71/><G71/><T56/><D98/><U110/><E110/><V40/><F40/><W112/><G112/><T93/><REACH who="0" step="1"/><D58/><AGARI ba="0,0" hai="16,17,52,58,61,89,92,97" m="1547,58751" machi="58" ten="30,5800,0" yaku="8,1,54,2" doraHai="135" who="3" fromWho="0" sc="200,-58,314,0,252,0,234,58" /><INIT seed="3,1,0,0,3,73" ten="142,314,252,292" oya="3" hai0="6,18,66,62,59,22,63,97,30,9,106,48,67" hai1="123,49,7,126,64,41,68,80,37,95,25,125,54" hai2="107,93,128,78,89,60,14,23,88,108,42,76,13" hai3="43,50,11,26,84,1,17,99,39,132,83,135,40"/><W69/><G69/><T116/><D116/><U56/><E123/><V120/><F107/><W45/><G99/><T114/><D114/><U8/><E95/><V51/><F108/><W36/><G40/><T98/><D106/><U15/><E25/><V77/><F128/><W44/><G44/><T100/><D48/><U104/><E104/><V4/><F120/><W32/><G32/><T47/><D47/><N who="1" m="23983" /><E80/><V65/><F65/><W122/><G122/><T101/><D30/><U21/><E21/><V33/><F33/><W112/><G26/><T29/><D29/><U75/><E75/><V113/><F60/><AGARI ba="1,0" hai="7,8,15,49,54,56,60,64,68,125,126" m="23983" machi="60" ten="30,1000,0" yaku="24,1" doraHai="73" who="1" fromWho="2" sc="142,0,314,13,252,-13,292,0" owari="142,-36.0,327,43.0,239,-16.0,292,9.0" /></mjloggm>