<mjloggm ver="2.3"><GO type="169" lobby="0"/><UN n0="%E3%81%B7%E3%81%AB%E3%81%B7%E3%81%AB%E2%99%AA%E2%99%AA" n1="%E3%82%A6%E3%83%AB%E3%83%88%E3%83%A9%E7%AB%8B%E7%9B%B4" n2="%E3%81%BE%E3%81%AA%E3%81%84%E3%81%9F%E3%82%88%E3%81%86%E3%81%98%E3%82%87" n3="%E3%82%89%E6%8A%9C%E3%81%8D" dan="17,16,16,17" rate="2163.80,2034.68,2107.08,2173.81" sx="M,M,M,M"/><TAIKYOKU oya="0"/><INIT seed="0,0,0,1,0,74" ten="250,250,250,250" oya="0" hai0="102,22,64,88,45,8,103,68,27,67,20,120,58" hai1="109,6,98,112,4,43,79,124,129,105,116,122,104" hai2="121,23,16,99,110,76,49,106,51,135,77,44,9" hai3="82,114,11,73,130,115,56,133,108,92,10,1,33"/><T119/><D119/><U50/><E50/><V126/><F121/><W39/><G108/><T21/><D120/><U60/><E60/><V12/><F110/><W36/><G33/><T37/><D68/><U78/><E43/><V107/><F135/><W75/><G133/><T24/><D8/><U40/><E40/><V127/><F51/><W87/><G92/><T53/><D37/><U84/><E122/><V70/><F70/><W128/><G87/><T83/><D45/><U65/><E65/><N who="0" m="25161" /><D83/><U66/><E66/><V5/><F106/><W117/><G82/><T125/><D125/><N who="2" m="47626" /><F99/><W85/><G85/><T13/><D13/><U111/><E84/><V52/><F107/><W69/><G69/><T101/><D88/><U0/><E124/><V26/><AGARI ba="0,0" hai="5,9,12,16,23,26,44,49,52,76,77" m="47626" machi="26" ten="30,8000,1" yaku="18,1,52,2,54,2" doraHai="74" who="2" fromWho="2" sc="250,-40,250,-20,250,80,250,-20" /><INIT seed="1,0,0,1,3,77" ten="210,230,330,230" oya="1" hai0="35,113,9,34,89,126,130,24,65,67,71,53,59" hai1="104,76,73,120,95,31,16,25,42,15,88,37,14" hai2="82,114,20,134,132,87,55,40,84,127,90,48,101" hai3="123,13,96,85,27,70,109,129,46,63,102,115,54"/><U6/><E104/><V11/><F127/><W74/><G115/><T44/><D113/><U78/><E120/><V28/><F40/><W75/><G123/><T79/><D126/><U32/><E73/><V72/><F101/><W12/><G75/><T21/><D130/><U10/><E42/><V8/><F72/><W50/><G74/><T26/><D79/><U57/><E57/><V33/><F33/><W38/><G38/><T128/><D128/><U119/><E37/><V69/><F69/><W81/><G27/><T121/><D121/><U17/><E119/><V49/><F114/><W97/><G129/><T110/><D110/><U64/><E64/><V133/><F87/><W19/><G109/><T52/><D9/><N who="2" m="3658" /><F55/><W0/><G0/><T68/><D59/><U18/><REACH who="1" step="1"/><E15/><REACH who="1" ten="210,220,330,230" step="2"/><V105/><F105/><W43/><G12/><T80/><D68/><U45/><E45/><V86/><F133/><W41/><G46/><T135/><D44/><U36/><E36/><V94/><F134/><W66/><G43/><T83/><D71/><U22/><E22/><V117/><F117/><W5/><G41/><T23/><REACH who="0" step="1"/><D89/><REACH who="0" ten="200,220,330,230" step="2"/><U7/><E7/><V47/><F47/><W112/><G5/><T39/><D39/><U106/><E106/><V30/><F90/><W116/><G116/><T62/><D62/><U29/><E29/><V56/><F28/><W91/><G112/><T4/><D4/><U2/><E2/><V98/><F30/><W92/><G70/><T3/><D3/><U100/><E100/><V61/><F61/><W107/><G102/><T111/><D111/><RYUUKYOKU ba="0,2" sc="200,15,220,15,330,-15,230,-15" hai0="21,23,24,26,34,35,52,53,65,67,80,83,135" hai1="6,10,14,16,17,18,25,31,32,76,78,88,95" /><INIT seed="1,1,2,2,3,59" ten="215,235,315,215" oya="1" hai0="49,28,66,6,110,38,65,31,44,74,67,1,63" hai1="52,103,22,13,97,93,109,120,69,36,17,14,78" hai2="21,96,84,105,23,34,48,101,58,50,100,68,20" hai3="124,115,116,91,126,62,75,57,76,41,33,4,26"/><U12/><E69/><V95/><F68/><W60/><G115/><T51/><D74/><U39/><E120/><V114/><F34/><W2/><G116/><T92/><D110/><U108/><E78/><V85/><F114/><W54/><G41/><T86/><D38/><U113/><E113/><V72/><F72/><W19/><G91/><N who="0" m="53367" /><D1/><U88/><E39/><V0/><F0/><W82/><G4/><T106/><D106/><U47/><E36/><V127/><F127/><N who="3" m="48683" /><G2/><T89/><D6/><U8/><E8/><V43/><F105/><W128/><G128/><T134/><D134/><U77/><E77/><V73/><F73/><W111/><G111/><N who="1" m="42570" /><E103/><V9/><F101/><W94/><G94/><T32/><D32/><U80/><E80/><V25/><F9/><W130/><G130/><T16/><D89/><U55/><E47/><N who="2" m="25727" /><F25/><AGARI ba="1,2" hai="12,13,14,17,22,25,52,55,88,93,97" m="42570" machi="25" ten="30,11600,0" yaku="14,1,10,1,54,2" doraHai="59" who="1" fromWho="2" sc="215,0,235,139,315,-119,215,0" /><INIT seed="1,2,0,1,5,80" ten="215,374,196,215" oya="1" hai0="120,93,100,87,23,81,53,50,8,24,124,116,45" hai1="110,7,33,104,96,60,95,90,61,76,2,133,10" hai2="32,128,6,59,75,77,47,3,94,58,63,78,126" hai3="52,121,62,1,82,37,73,130,119,115,125,18,64"/><U103/><E33/><V20/><F32/><W91/><G115/><T51/><D116/><U99/><E133/><V42/><F77/><W108/><G121/><T21/><D124/><U131/><E131/><V36/><F126/><W9/><G37/><T113/><D113/><U5/><E76/><V26/><F128/><W88/><G119/><T35/><D120/><U14/><E110/><V44/><F44/><W48/><G108/><T27/><D8/><U25/><E25/><N who="0" m="9801" /><D35/><U57/><E60/><V28/><F94/><W43/><G43/><T112/><D112/><U65/><E2/><V132/><F63/><W85/><G73/><T92/><D51/><U12/><E12/><V54/><F54/><W117/><G117/><T40/><D40/><U39/><E39/><V97/><F97/><W102/><G102/><T0/><D0/><U118/><E118/><V11/><REACH who="2" step="1"/><F132/><REACH who="2" ten="215,374,186,215" step="2"/><W38/><G125/><T4/><D93/><U56/><E99/><V114/><F114/><W34/><G34/><T79/><D4/><U98/><E7/><V129/><F129/><W122/><G130/><T135/><D135/><U31/><E61/><V19/><F19/><W30/><G18/><T101/><D92/><U71/><E31/><V105/><F105/><W83/><G30/><T67/><D67/><U86/><E98/><V70/><F70/><W68/><G68/><T74/><D74/><U106/><E106/><V123/><F123/><W13/><G64/><T15/><D79/><U16/><E5/><V107/><F107/><W66/><G122/><T46/><D45/><U41/><E41/><RYUUKYOKU ba="2,1" sc="215,-15,374,15,186,15,215,-15" hai1="10,14,16,56,57,65,71,86,90,95,96,103,104" hai2="3,6,11,20,26,28,36,42,47,58,59,75,78" /><INIT seed="1,3,1,1,3,114" ten="200,389,201,200" oya="1" hai0="19,48,51,71,8,82,83,12,86,13,22,124,27" hai1="33,17,44,4,62,28,15,43,94,103,98,79,61" hai2="130,99,7,3,87,24,135,91,11,0,67,16,96" hai3="84,34,29,72,20,37,69,73,122,52,115,56,132"/><U46/><E4/><V118/><F0/><W21/><G115/><T63/><D124/><U116/><E79/><V88/><F130/><W57/><G122/><T59/><D71/><U50/><E28/><V76/><F135/><W119/><G69/><T108/><D108/><U35/><E33/><V1/><F1/><W95/><G37/><T55/><D13/><U47/><E35/><V120/><F120/><W134/><G34/><T64/><D64/><U110/><E110/><V129/><F129/><W25/><G20/><T125/><D125/><U53/><E116/><V75/><F67/><W26/><G26/><T90/><REACH who="0" step="1"/><D83/><REACH who="0" ten="190,389,201,200" step="2"/><U111/><E111/><V49/><F3/><W32/><G134/><T70/><D70/><U65/><E65/><V123/><F123/><W9/><G132/><T78/><D78/><U121/><E121/><V58/><F76/><W92/><G119/><T54/><D54/><U68/><E68/><V80/><F118/><W97/><G52/><T60/><D60/><N who="1" m="23147" /><E53/><V40/><F80/><W117/><G117/><T39/><D39/><U23/><AGARI ba="3,2" hai="15,17,23,43,44,46,47,50,94,98,103" m="23147" machi="23" ten="30,1500,0" yaku="8,1" doraHai="114" who="1" fromWho="1" sc="190,-8,389,44,201,-8,200,-8" /><INIT seed="1,4,0,3,1,46" ten="182,433,193,192" oya="1" hai0="20,17,66,0,131,89,111,135,85,11,44,93,114" hai1="39,76,122,61,133,94,45,47,14,118,107,67,78" hai2="113,105,92,73,15,19,6,7,106,125,110,79,104" hai3="98,22,126,1,26,18,91,13,32,40,42,96,60"/><U121/><E107/><V69/><F69/><W58/><G1/><T129/><D114/><U103/><E118/><V10/><F110/><W128/><G126/><T37/><D111/><U77/><E133/><V127/><F92/><W68/><G68/><T95/><D135/><U51/><E39/><V64/><F64/><W88/><G128/><T86/><D66/><U38/><E38/><V134/><F134/><W34/><G34/><T49/><D37/><U30/><E30/><V70/><F70/><W27/><G32/><T56/><D56/><N who="1" m="37287" /><E47/><V3/><F113/><W41/><G27/><T2/><D93/><U109/><E109/><V54/><F54/><N who="3" m="33879" /><G26/><T48/><D86/><U90/><E121/><V33/><F33/><W59/><G59/><T36/><D36/><U52/><E122/><V82/><REACH who="2" step="1"/><F3/><REACH who="2" ten="182,433,183,192" step="2"/><W65/><G65/><T55/><D2/><U50/><E103/><V119/><F119/><W4/><G4/><AGARI ba="4,1" hai="4,6,7,10,15,19,73,79,82,104,105,106,125,127" machi="4" ten="50,1600,0" yaku="1,1,53,0" doraHai="46" doraHaiUra="99" who="2" fromWho="3" sc="182,0,433,0,183,38,192,-28" /><INIT seed="2,0,0,1,5,61" ten="182,433,221,164" oya="2" hai0="123,106,79,28,21,102,72,41,80,7,109,95,33" hai1="110,127,39,118,74,1,104,23,57,5,35,37,9" hai2="99,116,55,22,18,88,133,76,38,134,130,63,98" hai3="129,100,10,53,27,14,2,91,6,128,52,4,81"/><V36/><F116/><W40/><G100/><T105/><D123/><U26/><E57/><N who="2" m="35263" /><F76/><W82/><G40/><T62/><D33/><U13/><E74/><V115/><F115/><W120/><G120/><T107/><D109/><U111/><E104/><V97/><F130/><N who="3" m="50283" /><G27/><T11/><D41/><U73/><E73/><V90/><F36/><W70/><G70/><T25/><D95/><U19/><E118/><V101/><F101/><W78/><G91/><T48/><D48/><U119/><E119/><V44/><F38/><W103/><G103/><T34/><D62/><U86/><E39/><V87/><F44/><W43/><G43/><T113/><D113/><U47/><E37/><V83/><F134/><W29/><G29/><T51/><D51/><U46/><E46/><V71/><F71/><W20/><G82/><T92/><D34/><U12/><E47/><V124/><F124/><W60/><G60/><T108/><D108/><N who="1" m="41515" /><E127/><V114/><F114/><W54/><G20/><T93/><REACH who="0" step="1"/><D102/><REACH who="0" ten="172,433,221,164" step="2"/><U125/><E125/><V50/><F50/><W58/><G58/><T135/><D135/><U8/><E35/><V121/><F133/><W0/><G6/><T68/><D68/><U89/><E5/><V64/><F121/><W122/><G122/><T24/><D24/><U75/><E26/><N who="2" m="14679" /><F64/><W30/><G30/><T67/><D67/><U69/><E69/><V131/><F131/><W15/><G0/><AGARI ba="0,1" hai="0,7,11,21,25,28,72,79,80,92,93,105,106,107" machi="0" ten="40,1300,0" yaku="1,1,53,0" doraHai="61" doraHaiUra="49" who="0" fromWho="3" sc="172,23,433,0,221,0,164,-13" /><INIT seed="3,0,0,2,4,97" ten="195,433,221,151" oya="3" hai0="83,3,76,32,66,95,64,15,20,90,116,133,38" hai1="46,110,75,93,42,127,7,22,131,34,117,40,25" hai2="63,43,98,115,74,55,88,19,84,58,28,81,54" hai3="47,39,104,96,59,107,78,51,18,101,126,61,24"/><W45/><G126/><T65/><D116/><U16/><E75/><V30/><F115/><W113/><G113/><T33/><D38/><U130/><E110/><V4/><F43/><W118/><G118/><T99/><D3/><U50/><E117/><V72/><F4/><W67/><G78/><T23/><D133/><U53/><E127/><V11/><F55/><W41/><G107/><T123/><D123/><U49/><E34/><V2/><F2/><W13/><G24/><T6/><D23/><U124/><E124/><V57/><F57/><W94/><G104/><T80/><D80/><U79/><E79/><V120/><F120/><W91/><G91/><T8/><REACH who="0" step="1"/><D20/><REACH who="0" ten="185,433,221,151" step="2"/><U69/><E22/><V14/><F74/><AGARI ba="0,1" hai="6,8,15,32,33,64,65,66,74,76,83,90,95,99" machi="74" ten="40,2600,0" yaku="1,1,2,1,53,0" doraHai="97" doraHaiUra="17" who="0" fromWho="2" sc="185,36,433,0,221,-26,151,0" /><INIT seed="4,0,0,1,3,57" ten="221,433,195,151" oya="0" hai0="11,74,98,89,92,65,72,113,70,109,124,121,51" hai1="122,69,130,22,115,52,135,27,59,102,111,2,131" hai2="80,30,5,32,6,23,133,68,84,120,129,10,19" hai3="46,95,12,106,24,37,93,128,66,73,56,99,34"/><T127/><D121/><U90/><E69/><V33/><F84/><W63/><G73/><T50/><D113/><U103/><E2/><V40/><F80/><W119/><G119/><T29/><D29/><U114/><E122/><V97/><F40/><W78/><G78/><T71/><D11/><U41/><E41/><V31/><F97/><W105/><G93/><T87/><D109/><U132/><E90/><V60/><F60/><W1/><G1/><T62/><D70/><U55/><E111/><V67/><F67/><W20/><G128/><N who="1" m="49194" /><E55/><V104/><F104/><W76/><G76/><T48/><REACH who="0" step="1"/><D87/><REACH who="0" ten="211,433,195,151" step="2"/><U8/><E8/><V3/><F120/><W0/><G99/><T54/><D54/><U21/><E115/><V96/><F129/><W118/><G118/><T58/><D58/><U125/><E114/><V82/><F10/><W75/><G56/><T112/><D112/><U44/><E59/><V7/><F68/><W117/><G117/><T39/><D39/><U25/><E52/><V49/><F31/><W42/><G37/><T26/><D26/><U45/><E27/><V61/><F30/><W91/><G24/><T4/><D4/><U14/><E25/><V123/><F6/><W18/><G75/><AGARI ba="0,1" hai="48,50,51,62,65,71,72,74,75,89,92,98,124,127" machi="75" ten="40,3900,0" yaku="1,1,52,1,53,0" doraHai="57" doraHaiUra="79" who="0" fromWho="3" sc="211,49,433,0,195,0,151,-39" /><INIT seed="4,1,0,3,4,122" ten="260,433,195,112" oya="0" hai0="135,118,38,15,125,76,87,28,63,58,82,124,90" hai1="105,42,14,123,65,12,91,67,57,61,6,130,128" hai2="4,77,99,116,50,114,68,27,127,7,45,35,47" hai3="17,131,121,18,108,95,1,55,39,20,81,40,69"/><T86/><D38/><U9/><E105/><V72/><F68/><W97/><G121/><T48/><D118/><U33/><E33/><V88/><F127/><W51/><G69/><T64/><D135/><U89/><E123/><V110/><F110/><W106/><G1/><T73/><D28/><U41/><E67/><V103/><F114/><W101/><G108/><T59/><D15/><U75/><E75/><V29/><F116/><W96/><G81/><T120/><D120/><U52/><E65/><V10/><F45/><W102/><G131/><N who="1" m="50218" /><E14/><V23/><F35/><W56/><G39/><T31/><D31/><U79/><E79/><V113/><F113/><W107/><G40/><AGARI ba="1,0" hai="6,9,12,40,41,42,52,57,61,89,91" m="50218" machi="40" ten="30,2000,0" yaku="19,1,54,1" doraHai="122" who="1" fromWho="3" sc="260,0,433,23,195,0,112,-23" /><INIT seed="5,0,0,4,0,92" ten="260,456,195,89" oya="1" hai0="50,126,7,61,56,59,114,97,22,117,78,65,45" hai1="69,103,75,83,42,19,106,6,125,27,112,128,39" hai2="86,57,129,35,16,134,8,127,32,49,121,80,123" hai3="41,47,74,96,76,18,2,52,15,73,63,72,95"/><U29/><E19/><V66/><F129/><W82/><G2/><T12/><D117/><U120/><E6/><V122/><F134/><W99/><G41/><T90/><D114/><U55/><E55/><V91/><F127/><W40/><G40/><T36/><D36/><U11/><E11/><V88/><F91/><W124/><G124/><T34/><D34/><U87/><E87/><V25/><F66/><W94/><G94/><N who="0" m="56535" /><D126/><U119/><E27/><V20/><REACH who="2" step="1"/><F8/><REACH who="2" ten="260,456,185,89" step="2"/><W31/><G31/><T131/><D131/><U13/><E29/><V105/><F105/><W37/><G37/><T110/><D65/><U67/><E106/><V9/><F9/><W102/><G99/><T116/><D110/><U38/><E67/><V135/><F135/><W133/><G133/><T51/><D116/><U79/><E119/><V5/><F5/><W111/><G111/><T113/><D7/><U85/><E125/><V14/><F14/><W70/><G70/><T54/><D12/><U1/><E13/><V108/><F108/><W68/><G68/><T48/><D113/><U0/><E69/><V101/><F101/><W60/><G60/><T132/><D61/><U100/><E39/><V28/><F28/><W44/><G44/><T98/><D45/><N who="1" m="23767" /><E128/><V84/><F84/><W109/><G109/><T93/><D132/><U77/><E103/><V58/><F58/><N who="3" m="35271" /><G47/><T10/><D59/><U130/><E1/><V43/><F43/><W33/><G33/><T23/><D56/><U64/><E0/><V53/><AGARI ba="0,1" hai="16,20,25,32,35,49,53,57,80,86,88,121,122,123" machi="53" ten="40,8000,1" yaku="1,1,0,1,54,2,53,0" doraHai="92" doraHaiUra="4" who="2" fromWho="2" sc="260,-20,456,-40,185,90,89,-20" /><INIT seed="6,0,0,1,2,88" ten="240,416,275,69" oya="2" hai0="130,56,23,84,112,44,69,22,132,93,124,103,99" hai1="72,89,65,133,19,76,120,17,102,40,81,42,12" hai2="16,67,119,41,39,71,66,115,52,5,129,92,111" hai3="29,108,55,75,59,86,18,34,127,121,85,25,113"/><V107/><F107/><W8/><G108/><T123/><D69/><U26/><E102/><V104/><F119/><W27/><G121/><T62/><D123/><U48/><E65/><V106/><F104/><W117/><G117/><T110/><D110/><U43/><E120/><V94/><F106/><W100/><G75/><T122/><D122/><U73/><E73/><V61/><F111/><W83/><G127/><T20/><D124/><U79/><E79/><V96/><F67/><W37/><G37/><T28/><D112/><U13/><E26/><V36/><F115/><W14/><G113/><T128/><D132/><U63/><E63/><V33/><F33/><W125/><G125/><T6/><D6/><U87/><E48/><V54/><F5/><W11/><G11/><T116/><D116/><U91/><E72/><V53/><F129/><N who="0" m="49770" /><D84/><U78/><E78/><V135/><F135/><W131/><G131/><T60/><D44/><U15/><E133/><V21/><F41/><W46/><G46/><T70/><D70/><U24/><E24/><V77/><F77/><W126/><G126/><T97/><D97/><U105/><E105/><V9/><F9/><W0/><G0/><T58/><D28/><U98/><E98/><V7/><F7/><W80/><G25/><T35/><D35/><U134/><E134/><V32/><F32/><W1/><G1/><T109/><D109/><U68/><E68/><V101/><REACH who="2" step="1"/><F94/><REACH who="2" ten="240,416,265,69" step="2"/><W38/><G34/><T95/><D93/><U47/><E42/><V74/><F74/><W82/><G8/><T4/><D4/><U64/><E43/><RYUUKYOKU ba="0,1" sc="240,15,416,-15,265,15,69,-15" hai0="20,22,23,56,58,60,62,95,99,103" hai2="16,21,36,39,52,53,54,61,66,71,92,96,101" /><INIT seed="6,1,1,3,5,83" ten="255,401,280,54" oya="2" hai0="73,126,7,68,38,64,40,33,51,9,54,35,78" hai1="110,5,92,43,99,8,120,81,63,15,80,114,75" hai2="3,42,44,77,131,95,112,65,90,25,50,55,62" hai3="113,74,24,21,6,117,127,89,11,94,79,116,49"/><V47/><F3/><W53/><G127/><T109/><D109/><U31/><E110/><V4/><F112/><W72/><G113/><T36/><D126/><U123/><E114/><V26/><F131/><W93/><G117/><T122/><D122/><N who="1" m="46635" /><E75/><V29/><F4/><W66/><G116/><T111/><D111/><U107/><E107/><V76/><F26/><W125/><G125/><T28/><D64/><U32/><E43/><V70/><F44/><W17/><G66/><T22/><D68/><U58/><E31/><V60/><F60/><W67/><G67/><T61/><D61/><U130/><E32/><V84/><REACH who="2" step="1"/><F42/><REACH who="2" ten="255,401,270,54" step="2"/><W16/><G17/><T97/><D40/><U118/><E130/><V101/><F101/><W71/><G6/><T102/><D102/><N who="1" m="60775" /><E118/><V20/><AGARI ba="1,2" hai="20,25,29,47,50,55,62,65,70,76,77,84,90,95" machi="20" ten="20,7800,0" yaku="1,1,0,1,7,1,52,1,53,0" doraHai="83" doraHaiUra="129" who="2" fromWho="2" sc="255,-27,401,-27,270,101,54,-27" /><INIT seed="6,2,0,5,1,119" ten="228,374,371,27" oya="2" hai0="64,57,2,13,80,45,9,105,62,98,32,31,42" hai1="30,101,8,89,43,126,5,38,72,41,128,87,59" hai2="7,35,36,117,108,109,73,56,15,103,55,26,60" hai3="20,93,83,49,39,129,75,70,12,127,88,27,33"/><V3/><F117/><W134/><G39/><T22/><D32/><U82/><E72/><V120/><F73/><W107/><G70/><T112/><D112/><U135/><E38/><V125/><F36/><W52/><G107/><T84/><D2/><U0/><E30/><N who="2" m="19927" /><F103/><W37/><G37/><T74/><D74/><U4/><E4/><V102/><F102/><W11/><G127/><T53/><D105/><U25/><E25/><V68/><F68/><W6/><G134/><T132/><D132/><U130/><E135/><V104/><F104/><W21/><G129/><N who="1" m="49770" /><E126/><V66/><F66/><W116/><G116/><T10/><D98/><U63/><E101/><V94/><F94/><W44/><G33/><T92/><D92/><U106/><E106/><V76/><F76/><W90/><G27/><N who="0" m="16887" /><D13/><U111/><E111/><N who="2" m="42571" /><F125/><W99/><REACH who="3" step="1"/><G90/><REACH who="3" ten="228,374,371,17" step="2"/><T85/><D64/><AGARI ba="2,1" hai="0,5,8,41,43,59,63,64,82,87,89" m="49770" machi="64" ten="30,1000,0" yaku="19,1" doraHai="119" who="1" fromWho="0" sc="228,-16,374,26,371,0,17,0" /><INIT seed="7,0,0,5,3,11" ten="212,400,371,17" oya="3" hai0="84,126,40,93,114,50,119,127,75,24,129,45,117" hai1="61,25,77,26,42,111,57,79,107,2,121,131,51" hai2="49,82,98,115,16,67,95,6,64,30,33,32,118" hai3="48,63,53,130,108,9,22,104,91,17,29,135,20"/><W69/><G135/><T120/><D75/><U74/><E2/><V41/><F118/><W28/><G130/><T113/><D24/><U31/><E107/><V23/><F115/><N who="0" m="44042" /><D93/><U1/><E1/><V14/><F33/><W106/><G108/><T71/><D84/><U80/><E111/><V36/><F36/><W112/><G112/><T39/><D120/><U60/><E131/><V27/><F82/><W125/><G125/><N who="0" m="47627" /><D129/><U18/><E79/><V128/><F128/><W90/><G9/><T12/><D71/><U47/><E25/><V54/><F6/><W5/><G5/><T122/><D122/><U86/><E18/><V3/><F3/><W83/><G83/><T124/><N who="0" m="47635" /><T13/><DORA hai="81" /><D39/><U21/><E74/><V103/><F41/><W7/><G7/><T110/><D110/><U46/><E121/><V78/><F78/><W34/><G17/><T4/><D4/><U99/><E99/><V10/><F32/><W35/><G69/><T8/><D8/><U89/><E77/><V100/><F100/><W68/><G68/><T132/><D132/><U109/><E109/><V101/><F101/><W62/><REACH who="3" step="1"/><G48/><REACH who="3" ten="212,400,371,7" step="2"/><T102/><D102/><U94/><E80/><V58/><AGARI ba="0,1" hai="10,14,16,23,27,30,49,54,58,64,67,95,98,103" machi="58" ten="20,8000,1" yaku="0,1,7,1,8,1,52,1,54,1" doraHai="11,81" who="2" fromWho="2" sc="212,-20,400,-20,371,90,7,-40" owari="192,-21.0,380,18.0,461,56.0,-33,-53.0" /></mjloggm>