<mjloggm ver="2.3"><GO type="97" lobby="0"/><UN n0="%E7%8A%AC%EF%BC%88%E3%81%84%E3%81%AC%EF%BC%89%E3%81%AE%E6%81%A5%E4%B8%98" n1="%E3%81%A6%E3%82%8B%E5%BD%A6" n2="%70%69%2D%79%61%6D%61" n3="%E3%82%A6%E3%83%AB%E3%83%88%E3%83%A9%E7%AB%8B%E7%9B%B4" dan="15,13,14,15" rate="1974.45,1869.86,2010.38,1960.52" sx="F,M,M,M"/><TAIKYOKU oya="0"/><INIT seed="0,0,0,1,0,55" ten="250,250,250,250" oya="0" hai0="107,16,130,42,68,122,98,25,127,79,78,35,91" hai1="129,3,108,128,80,134,36,125,100,82,46,19,14" hai2="124,102,123,89,29,92,75,0,88,69,26,4,121" hai3="73,38,2,41,40,8,37,63,81,31,112,1,95"/><T71/><D122/><U45/><E3/><V105/><F75/><W62/><G95/><T99/><D42/><U111/><E100/><V15/><F0/><W21/><G21/><T84/><D127/><U87/><E125/><V49/><F69/><W17/><G31/><T104/><D130/><N who="1" m="50283" /><E134/><V7/><F124/><W53/><G8/><T85/><D91/><N who="1" m="51687" /><E36/><V64/><F102/><W57/><G81/><T33/><REACH who="0" step="1"/><D25/><REACH who="0" ten="240,250,250,250" step="2"/><U39/><E39/><V135/><F26/><W58/><G38/><T54/><D54/><U18/><E82/><V48/><F121/><W20/><G37/><T83/><D83/><U44/><E19/><AGARI ba="0,1" hai="16,19,33,35,68,71,78,79,84,85,98,99,104,107" machi="19" ten="25,9600,0" yaku="1,1,22,2,54,1,53,0" doraHai="55" doraHaiUra="132" who="0" fromWho="1" sc="240,106,250,-96,250,0,250,0" /><INIT seed="0,1,0,5,5,87" ten="346,154,250,250" oya="0" hai0="64,18,68,53,96,119,35,43,26,5,114,118,30" hai1="127,8,84,39,14,134,95,4,133,47,89,100,86" hai2="101,126,112,37,125,59,110,90,129,13,121,38,93" hai3="99,91,65,15,0,42,79,105,106,63,76,11,132"/><T122/><D122/><U17/><E127/><N who="2" m="48651" /><F13/><W124/><G0/><T7/><D114/><U120/><E120/><V81/><F121/><W128/><G128/><T117/><D43/><N who="1" m="23039" /><E100/><V3/><F3/><W73/><G132/><N who="1" m="50794" /><E86/><N who="2" m="50511" /><F112/><W12/><G105/><T40/><D40/><U69/><E69/><V62/><F110/><W107/><G42/><T1/><D68/><U94/><E94/><V46/><F46/><W58/><G73/><T135/><D135/><U71/><E71/><V55/><F129/><W32/><G106/><T111/><D111/><U20/><E20/><V2/><F2/><W115/><G32/><T44/><D35/><U51/><E51/><V56/><F56/><W34/><G34/><T123/><D123/><U24/><E24/><V60/><F60/><W27/><G27/><T77/><D26/><U52/><E52/><V131/><F131/><W72/><G107/><T108/><D53/><U50/><E50/><V6/><F6/><AGARI ba="1,0" hai="4,6,8,14,17,84,89,95" m="50794,23039" machi="6" ten="30,2000,0" yaku="20,1,52,1" doraHai="87" who="1" fromWho="2" sc="346,0,154,23,250,-23,250,0" /><INIT seed="1,0,0,5,0,14" ten="346,177,227,250" oya="1" hai0="104,1,121,26,10,86,13,80,93,124,5,52,6" hai1="68,102,36,64,27,23,100,129,61,58,116,112,8" hai2="31,90,117,106,92,42,101,134,55,7,69,111,56" hai3="24,98,133,95,75,83,21,115,127,105,32,122,74"/><U43/><E116/><V48/><F69/><W130/><G105/><T44/><D104/><U3/><E112/><V82/><F117/><W131/><G32/><T113/><D113/><U60/><E129/><N who="3" m="49162" /><G115/><T99/><D124/><U16/><E43/><V123/><F123/><W91/><G122/><T0/><D121/><U110/><E36/><V49/><F111/><W30/><G127/><T65/><D65/><U70/><E70/><V126/><F126/><W37/><G37/><T66/><D66/><U103/><E110/><V125/><F125/><W19/><G133/><T76/><D26/><U39/><E39/><V96/><F134/><W20/><G83/><T114/><D114/><U35/><E35/><V79/><F31/><W67/><G67/><T9/><D13/><AGARI ba="0,0" hai="13,19,20,21,24,30,74,75,91,95,98" m="49162" machi="13" ten="30,2000,0" yaku="19,1,52,1" doraHai="14" who="3" fromWho="0" sc="346,-20,177,0,227,0,250,20" /><INIT seed="2,0,0,1,2,69" ten="326,177,227,270" oya="2" hai0="52,31,127,1,46,59,30,54,29,24,122,108,135" hai1="104,2,10,118,49,47,45,3,51,81,65,11,130" hai2="82,73,40,35,93,101,111,67,28,58,131,53,102" hai3="86,79,56,115,44,15,109,19,68,90,74,61,6"/><V34/><F67/><W92/><G68/><T85/><D122/><U21/><E118/><V114/><F114/><W64/><G115/><T63/><D1/><U134/><E134/><V112/><F112/><W97/><G74/><T116/><D116/><U75/><E104/><V60/><F40/><W38/><G6/><T124/><D108/><U23/><E75/><V12/><F111/><W113/><G113/><T8/><D135/><U107/><E107/><V36/><F36/><W96/><G79/><T91/><D8/><U25/><E65/><V106/><F106/><W17/><G17/><T22/><D46/><U128/><E81/><V70/><F70/><W80/><G92/><N who="0" m="54383" /><D54/><U77/><E77/><N who="2" m="44335" /><F93/><W129/><G129/><T33/><D22/><U95/><E95/><V76/><F76/><W84/><G84/><T103/><D103/><U121/><REACH who="1" step="1"/><E25/><REACH who="1" ten="326,167,227,270" step="2"/><V43/><F131/><W83/><G83/><T99/><D99/><U71/><E71/><V117/><F117/><W18/><G97/><T89/><D24/><U98/><E98/><V119/><F119/><W37/><G96/><T14/><D89/><U41/><E41/><V78/><F43/><W88/><G90/><T57/><D127/><U26/><E26/><V39/><F102/><W123/><G88/><T16/><D124/><U105/><E105/><V110/><F101/><W7/><G80/><T55/><D33/><U13/><E13/><V94/><F78/><W120/><G109/><T32/><D32/><U87/><E87/><V50/><F110/><W0/><G86/><T72/><D72/><U9/><E9/><RYUUKYOKU ba="0,1" sc="326,-10,167,30,227,-10,270,-10" hai1="2,3,10,11,21,23,45,47,49,51,121,128,130" /><INIT seed="3,1,1,4,0,18" ten="316,197,217,260" oya="3" hai0="41,86,43,40,89,69,102,12,49,99,128,25,67" hai1="32,91,17,19,81,135,77,80,106,6,88,1,52" hai2="9,118,33,50,108,28,53,20,74,35,129,125,48" hai3="116,57,75,13,87,64,34,45,113,63,46,15,100"/><W121/><G75/><T30/><D128/><U39/><E39/><V124/><F129/><W83/><G34/><N who="2" m="12809" /><F118/><W85/><G113/><T120/><D120/><U44/><E106/><V73/><F108/><W56/><G121/><T126/><D126/><N who="2" m="48746" /><F9/><W42/><G100/><T84/><D12/><U36/><E32/><V101/><F101/><W7/><G116/><T123/><D123/><U58/><E135/><V24/><F50/><W59/><G85/><T114/><D114/><U130/><E130/><V60/><F60/><W127/><G127/><T10/><D10/><U132/><E132/><V11/><F11/><N who="3" m="4351" /><G15/><T66/><D49/><N who="1" m="30991" /><E36/><V68/><F68/><W95/><G42/><T4/><D69/><U107/><E107/><V22/><F22/><W97/><G63/><T54/><D102/><U92/><E1/><V103/><F103/><N who="3" m="60863" /><G64/><T29/><D67/><U82/><E6/><V133/><F133/><W105/><G105/><T72/><D66/><U8/><E77/><AGARI ba="1,1" hai="45,46,56,57,59,77,83,87" m="60863,4351" machi="77" ten="30,1500,0" yaku="8,1" doraHai="18" who="3" fromWho="1" sc="316,0,197,-18,217,0,260,28" /><INIT seed="3,2,0,4,0,101" ten="316,179,217,288" oya="3" hai0="21,66,35,98,61,12,111,38,89,132,11,84,23" hai1="82,119,78,26,72,103,124,54,51,17,131,50,36" hai2="2,7,127,0,77,92,85,74,45,31,96,59,41" hai3="128,55,88,34,113,5,130,58,37,69,134,44,117"/><W63/><G34/><T112/><D35/><U13/><E119/><V126/><F74/><W129/><G117/><T75/><D75/><U49/><E36/><V114/><F114/><W65/><G113/><T115/><D38/><U76/><E131/><V99/><F31/><W29/><G29/><T10/><D112/><U108/><E108/><V68/><F68/><W100/><G100/><T8/><D115/><U1/><E1/><V102/><F59/><W121/><G121/><T42/><D42/><U90/><E124/><N who="2" m="47659" /><F7/><W4/><G134/><T73/><D73/><U79/><E26/><V56/><F56/><W6/><G88/><T15/><D98/><U87/><E103/><N who="2" m="60807" /><F85/><W123/><G123/><T86/><D111/><U95/><REACH who="1" step="1"/><E54/><REACH who="1" ten="316,169,217,288" step="2"/><V135/><F135/><W105/><G37/><T125/><D132/><U109/><E109/><V80/><F0/><W48/><G129/><T120/><D125/><U3/><E3/><V33/><F2/><W104/><G128/><T91/><D12/><U62/><E62/><V9/><F102/><W46/><G130/><T27/><D15/><U70/><E70/><V52/><F52/><W16/><G69/><T97/><D27/><U60/><E60/><V39/><F39/><W47/><G63/><T64/><D61/><U122/><E122/><V71/><F71/><W25/><G65/><T110/><D120/><U32/><E32/><V83/><F33/><W18/><G25/><T107/><D66/><U118/><E118/><V106/><F41/><W133/><G133/><T30/><D110/><U53/><E53/><V57/><F106/><AGARI ba="2,1" hai="4,5,6,16,18,44,46,47,48,55,58,104,105,106" machi="106" ten="50,12000,1" yaku="6,1,52,3,54,1" doraHai="101" who="3" fromWho="2" sc="316,0,169,0,217,-126,288,136" owari="316,12.0,169,-23.0,91,-41.0,424,52.0" /></mjloggm>