<mjloggm ver="2.3"><GO type="97" lobby="0"/><UN n0="%E3%82%A6%E3%83%AB%E3%83%88%E3%83%A9%E7%AB%8B%E7%9B%B4" n1="%75%72%6F%63%68%69%74%61" n2="%4D%75%72%6F" n3="%67%61%72%75%63%69%61" dan="15,14,13,15" rate="1963.61,1909.90,1835.84,2070.45" sx="M,M,M,M"/><TAIKYOKU oya="0"/><INIT seed="0,0,0,4,2,67" ten="250,250,250,250" oya="0" hai0="93,105,41,71,88,53,98,5,122,29,116,110,90" hai1="32,63,13,106,126,87,10,11,30,65,70,2,64" hai2="16,78,34,55,111,14,74,60,18,108,92,21,75" hai3="27,97,4,40,104,113,26,43,79,94,51,82,24"/><T17/><D105/><U59/><E126/><V120/><F34/><W95/><G113/><T44/><D122/><U77/><E2/><V19/><F120/><W123/><G123/><T47/><D116/><U62/><E106/><V22/><F78/><W50/><G104/><T23/><D71/><U42/><E42/><V54/><F92/><W48/><G4/><T127/><D127/><U85/><E11/><V114/><F114/><W134/><G134/><T81/><D110/><N who="2" m="42026" /><F60/><W130/><G130/><T133/><D133/><U68/><E59/><V45/><F45/><W80/><G79/><T83/><D29/><U56/><E56/><V25/><F14/><W15/><G15/><T132/><D132/><U100/><E100/><V1/><F1/><W61/><G61/><T115/><D115/><U117/><E117/><V58/><F58/><W20/><G20/><N who="2" m="7785" /><F25/><W38/><G38/><T109/><D109/><U103/><E103/><V39/><F39/><W112/><G112/><T89/><D93/><N who="3" m="35337" /><G97/><T0/><D98/><U69/><E69/><V52/><AGARI ba="0,0" hai="16,18,19,52,54,55,74,75" m="7785,42026" machi="52" ten="40,8000,1" yaku="28,2,14,1,54,2" doraHai="67" who="2" fromWho="2" sc="250,-40,250,-20,250,80,250,-20" /><INIT seed="1,0,0,4,5,60" ten="210,230,330,230" oya="1" hai0="16,63,44,21,38,84,90,49,41,96,88,131,51" hai1="40,104,64,70,34,32,120,0,87,22,20,53,69" hai2="95,100,80,52,85,54,111,4,12,27,73,132,7" hai3="46,123,30,81,55,48,125,68,58,128,31,91,45"/><U18/><E0/><V115/><F132/><W119/><G123/><T107/><D131/><U74/><E104/><V5/><F115/><W62/><G128/><T65/><D96/><U92/><E74/><V116/><F116/><W19/><G119/><T101/><D101/><U43/><E120/><V28/><F73/><W1/><G1/><T126/><D107/><U59/><E87/><V98/><F12/><W29/><G125/><T114/><D126/><U127/><E92/><V47/><F111/><W106/><G106/><T56/><D114/><U57/><E127/><V72/><F72/><W33/><G33/><T50/><REACH who="0" step="1"/><D84/><REACH who="0" ten="200,230,330,230" step="2"/><U42/><E34/><V110/><F110/><W113/><G113/><T97/><D97/><U78/><E32/><V66/><F85/><N who="3" m="50607" /><G68/><T108/><D108/><U23/><E78/><V129/><F129/><W135/><G135/><T17/><D17/><U133/><E133/><V103/><F103/><W134/><G134/><T67/><D67/><U71/><E18/><V124/><F66/><N who="3" m="39255" /><G19/><T89/><D89/><U75/><E75/><V86/><F124/><W14/><G14/><AGARI ba="0,1" hai="14,16,21,38,41,44,49,50,51,56,63,65,88,90" machi="14" ten="40,8000,1" yaku="1,1,52,1,54,2,53,0" doraHai="60" doraHaiUra="77" who="0" fromWho="3" sc="200,90,230,0,330,0,230,-80" /><INIT seed="2,0,0,0,0,4" ten="290,230,330,150" oya="2" hai0="0,105,116,135,86,79,125,70,26,122,21,58,33" hai1="85,37,65,71,104,133,128,114,93,88,97,16,62" hai2="60,12,1,61,22,57,101,127,123,108,20,77,54" hai3="31,63,7,121,40,126,14,130,98,117,19,94,64"/><V43/><F123/><W44/><G117/><T124/><D70/><U56/><E114/><V69/><F1/><W96/><G121/><T6/><D105/><U41/><E133/><V74/><F43/><W38/><G126/><N who="0" m="48747" /><D122/><U80/><E128/><V113/><F113/><W73/><G73/><T134/><D116/><U32/><E32/><V27/><F127/><W42/><G130/><T47/><D33/><U92/><E104/><V109/><F101/><W10/><G31/><T100/><D100/><U45/><E97/><V84/><F74/><W67/><G42/><T102/><D102/><U120/><E120/><V78/><F12/><W87/><G67/><T68/><D68/><U110/><E110/><N who="2" m="42603" /><F84/><W81/><G7/><T23/><D86/><U2/><E2/><V46/><F46/><W131/><G94/><T28/><D47/><U39/><E39/><V34/><F69/><W9/><G131/><T111/><D58/><U35/><E35/><V106/><F106/><W53/><G53/><T8/><D111/><U36/><E36/><V25/><F61/><W76/><REACH who="3" step="1"/><G9/><REACH who="3" ten="290,230,330,140" step="2"/><T51/><D135/><U30/><E30/><N who="2" m="17703" /><F34/><W119/><G119/><T17/><D134/><U29/><E29/><AGARI ba="0,1" hai="22,27,29,54,57,60,77,78" m="17703,42603" machi="29" ten="30,2900,0" yaku="14,1,10,1" doraHai="4" who="2" fromWho="1" sc="290,0,230,-29,330,39,140,0" /><INIT seed="2,1,0,3,3,45" ten="290,201,369,140" oya="2" hai0="114,30,123,113,135,0,79,27,15,92,104,105,78" hai1="19,127,44,39,63,36,99,87,42,61,76,71,82" hai2="124,12,107,64,134,103,97,59,33,24,74,69,13" hai3="118,109,37,112,120,121,102,133,49,50,6,62,16"/><V29/><F134/><W3/><G118/><T75/><D0/><U7/><E127/><V10/><F59/><W35/><G37/><T65/><D123/><U98/><E71/><V4/><F124/><W96/><G35/><T68/><D135/><U46/><E7/><V111/><F111/><W67/><G133/><T110/><D15/><U106/><E19/><V47/><F47/><W2/><G109/><T23/><D110/><U119/><E119/><V22/><F22/><W72/><G72/><T101/><D92/><U20/><E20/><V80/><F80/><W43/><G43/><T48/><D78/><U122/><E122/><V73/><F13/><W11/><G2/><T132/><D23/><U57/><E106/><V14/><F14/><W116/><G116/><T86/><D105/><U28/><E28/><V31/><F31/><W85/><G85/><T91/><D132/><U100/><E100/><V66/><F66/><W84/><G84/><T89/><D86/><U1/><E1/><V108/><F108/><W88/><G88/><T25/><D91/><U77/><E42/><V56/><F56/><W32/><G32/><N who="0" m="20559" /><D89/><U93/><E57/><V60/><AGARI ba="1,0" hai="4,10,12,24,29,33,60,64,69,73,74,97,103,107" machi="60" ten="30,6000,0" yaku="0,1,25,2" doraHai="45" who="2" fromWho="2" sc="290,-21,201,-21,369,63,140,-21" /><INIT seed="2,2,0,4,4,92" ten="269,180,432,119" oya="2" hai0="130,28,17,70,38,43,5,25,95,82,1,36,37" hai1="121,71,52,119,128,4,133,31,126,104,135,56,103" hai2="117,74,75,88,134,120,24,114,63,44,106,62,14" hai3="129,112,45,76,78,23,131,33,87,109,77,2,89"/><V54/><F120/><W84/><G33/><T9/><D70/><U100/><E71/><V58/><F117/><W16/><G2/><T101/><D130/><N who="3" m="49673" /><G112/><T108/><D108/><U42/><E128/><V107/><F114/><W91/><G45/><T13/><D82/><U85/><E121/><V51/><F134/><W67/><G67/><T6/><D43/><U122/><E122/><V59/><F14/><N who="3" m="9623" /><G109/><T90/><D101/><U93/><E119/><V48/><F24/><W69/><G69/><T72/><D72/><U132/><E104/><V115/><F115/><W68/><G68/><T110/><D110/><U73/><E73/><V49/><F49/><W65/><G65/><T7/><D1/><U27/><E42/><V125/><F125/><W81/><G91/><T34/><REACH who="0" step="1"/><D37/><REACH who="0" ten="259,180,432,119" step="2"/><U35/><E126/><V66/><F75/><W124/><G124/><T79/><D79/><U94/><E4/><V39/><F74/><W41/><G41/><T80/><D80/><AGARI ba="2,1" hai="76,77,78,80,81,84,87,89" m="9623,49673" machi="80" ten="30,2000,0" yaku="19,1,54,1" doraHai="92" who="3" fromWho="0" sc="259,-26,180,0,432,0,119,36" /><INIT seed="3,0,0,0,4,54" ten="233,180,432,155" oya="3" hai0="8,17,100,61,20,94,124,19,111,128,129,71,82" hai1="112,34,45,90,21,30,27,95,120,63,117,35,0" hai2="83,81,103,115,62,114,14,64,96,123,66,6,9" hai3="57,51,10,53,93,56,16,31,89,7,69,28,24"/><W32/><G69/><T23/><D111/><U79/><E117/><V42/><F123/><W11/><G31/><T39/><D39/><U99/><E112/><V88/><F42/><W91/><G91/><T37/><D37/><U126/><E120/><V3/><F3/><W41/><G41/><T92/><D82/><U87/><E126/><V133/><F133/><W33/><G33/><T104/><D8/><U43/><E0/><V26/><F26/><W107/><G107/><T105/><D61/><U101/><E79/><V85/><F83/><W2/><G11/><T67/><D67/><U130/><E130/><V68/><F66/><W58/><G16/><T38/><D38/><U109/><E109/><V65/><F65/><W29/><G29/><T80/><D80/><U122/><E122/><V59/><F68/><W5/><G5/><T78/><D78/><U116/><E116/><V44/><F44/><W113/><G113/><T50/><D71/><U25/><E25/><V97/><F97/><AGARI ba="0,0" hai="2,7,10,24,28,32,51,53,56,57,58,89,93,97" machi="97" ten="30,11600,0" yaku="7,1,52,3" doraHai="54" who="3" fromWho="2" sc="233,0,180,0,432,-116,155,116" /><INIT seed="3,1,0,0,0,21" ten="233,180,316,271" oya="3" hai0="13,31,19,78,39,88,128,89,55,41,125,28,75" hai1="52,53,49,106,105,135,45,34,92,114,67,90,18" hai2="54,23,101,76,16,47,42,69,57,50,129,104,29" hai3="40,56,37,3,126,51,66,77,97,132,27,61,124"/><W93/><G3/><T64/><D125/><N who="3" m="48233" /><G37/><T59/><D128/><U63/><E114/><V131/><F69/><W30/><G77/><T96/><D64/><U91/><E135/><V71/><F71/><W60/><G132/><T108/><D108/><U22/><E34/><V46/><F29/><W98/><G61/><T70/><D70/><U11/><E11/><V25/><F76/><W123/><G123/><T79/><D41/><U95/><E67/><V15/><F104/><W26/><G30/><N who="0" m="11307" /><D75/><U130/><E130/><N who="2" m="49675" /><F101/><N who="3" m="60591" /><G98/><T111/><D111/><U5/><E5/><V109/><F109/><W72/><G72/><T87/><D96/><U43/><E106/><V7/><F42/><W110/><G110/><T83/><D89/><N who="1" m="33803" /><E105/><V1/><F1/><W107/><G107/><T122/><D122/><U44/><E63/><V65/><F65/><W68/><G68/><T36/><D36/><U85/><E85/><V10/><AGARI ba="1,0" hai="7,10,15,16,23,25,46,47,50,54,57" m="49675" machi="10" ten="30,4000,0" yaku="19,1,52,1,54,1" doraHai="21" who="2" fromWho="2" sc="233,-11,180,-11,316,43,271,-21" owari="222,-18.0,169,-33.0,359,46.0,250,5.0" /></mjloggm>