<mjloggm ver="2.3"><GO type="169" lobby="0"/><UN n0="%EF%BC%88%E2%89%A7%E2%96%BD%E2%89%A6%EF%BC%89" n1="%E3%81%B4%E3%81%AE" n2="%E6%98%9F%E9%87%8E%E6%BA%90%E5%85%AB" n3="%E3%81%84%E3%81%A1%E3%81%94%E3%83%9D%E3%83%83%E3%82%AD%E3%83%BC" dan="19,16,16,17" rate="2322.83,2061.93,2062.97,2125.15" sx="M,M,M,F"/><TAIKYOKU oya="0"/><INIT seed="0,0,0,2,0,55" ten="250,250,250,250" oya="0" hai0="15,131,80,13,5,66,29,26,17,24,45,120,22" hai1="104,118,46,79,36,34,48,28,38,102,3,93,72" hai2="30,109,89,88,27,97,56,126,81,47,62,39,106" hai3="114,44,4,68,16,91,84,75,0,78,50,8,9"/><T110/><D120/><U107/><E118/><V14/><F126/><W58/><G68/><T130/><D66/><U63/><E3/><V64/><F109/><W18/><G114/><T51/><D80/><U100/><E72/><V7/><F81/><W73/><G78/><T101/><D101/><U23/><E79/><V98/><F39/><W122/><G122/><T125/><D125/><U37/><E34/><V54/><F106/><W69/><G69/><T133/><D110/><U6/><E6/><V53/><F30/><W99/><G99/><N who="2" m="37897" /><F27/><W11/><G0/><T128/><D133/><U117/><E93/><V71/><F71/><W60/><G4/><T82/><D82/><U49/><E117/><V116/><F116/><W67/><G75/><T129/><N who="0" m="32768" /><DORA hai="86" /><T57/><D5/><U32/><E32/><V12/><F7/><W105/><G105/><T108/><D108/><U70/><E107/><V35/><F35/><W1/><G73/><T65/><D26/><U103/><E104/><V83/><F83/><N who="3" m="49567" /><G1/><T42/><REACH who="0" step="1"/><D29/><REACH who="0" ten="240,250,250,250" step="2"/><U87/><E28/><V76/><F76/><W25/><G25/><T132/><D132/><U41/><E103/><V95/><F95/><W74/><G74/><T127/><D127/><U59/><E102/><V115/><F115/><W94/><G94/><T2/><D2/><U124/><E100/><V92/><F92/><W113/><G113/><T85/><D85/><U121/><E87/><V10/><F64/><W40/><AGARI ba="0,1" hai="8,9,11,16,18,40,44,50,58,60,67" m="49567" machi="40" ten="30,7900,0" yaku="8,1,52,2,54,1" doraHai="55,86" who="3" fromWho="3" sc="240,-39,250,-20,250,-20,250,89" /><INIT seed="1,0,0,4,5,78" ten="201,230,230,339" oya="1" hai0="19,121,16,83,129,77,56,102,23,46,100,25,49" hai1="43,1,132,101,94,128,67,42,44,117,38,76,122" hai2="104,35,118,97,63,2,93,80,52,10,119,30,5" hai3="130,85,106,36,69,84,99,62,26,54,37,39,14"/><U57/><E1/><V74/><F104/><W120/><G120/><T18/><D129/><U48/><E122/><V60/><F30/><W111/><G130/><T70/><D70/><U64/><E128/><V66/><F35/><W32/><G14/><T115/><D56/><U0/><E0/><V68/><F60/><W15/><G15/><T28/><D115/><U33/><E33/><V20/><F20/><W113/><G113/><T108/><D108/><U61/><E117/><V86/><F74/><W31/><G111/><T109/><D109/><U107/><E107/><V29/><F29/><W6/><G6/><T103/><D121/><U21/><E132/><V41/><F41/><W123/><G123/><T95/><D95/><U73/><E21/><V58/><F66/><N who="3" m="41175" /><G54/><T81/><D77/><U116/><E116/><V51/><F68/><W22/><G22/><T110/><D110/><U59/><E94/><V92/><F63/><W17/><G17/><T89/><D89/><U125/><E101/><AGARI ba="0,0" hai="26,31,32,36,37,39,84,85,99,101,106" m="41175" machi="101" ten="30,1000,0" yaku="25,1" doraHai="78" who="3" fromWho="1" sc="201,0,230,-10,230,0,339,10" /><INIT seed="2,0,0,5,3,67" ten="201,220,230,349" oya="2" hai0="110,28,29,76,36,71,12,30,82,37,63,77,54" hai1="58,52,11,66,115,24,109,38,70,128,134,86,127" hai2="35,100,92,61,124,9,34,23,74,15,4,5,10" hai3="99,22,7,85,18,75,97,121,78,98,39,20,25"/><V87/><F74/><W102/><G39/><T119/><D110/><U117/><E38/><V43/><F124/><W84/><G121/><T1/><D119/><U101/><E109/><V6/><F43/><W112/><G112/><T59/><D1/><U17/><E115/><V72/><F72/><W55/><G7/><T120/><D120/><U106/><E117/><V13/><F61/><W122/><G122/><T33/><D33/><N who="2" m="12298" /><F87/><W21/><G102/><T57/><D76/><U129/><E127/><V130/><F92/><W73/><G55/><T65/><D12/><N who="2" m="4682" /><F100/><W16/><G98/><T50/><REACH who="0" step="1"/><D59/><REACH who="0" ten="191,220,230,349" step="2"/><U53/><E58/><V69/><F69/><W93/><G78/><T91/><D91/><U45/><E70/><V105/><F105/><W47/><G47/><T94/><D94/><U60/><E45/><V32/><F32/><W3/><G93/><T116/><D116/><U64/><E106/><V0/><F0/><W95/><G95/><T118/><D118/><U27/><E101/><V40/><F40/><W89/><G3/><T125/><D125/><U96/><E96/><V108/><F108/><W114/><G97/><T48/><D48/><U31/><E60/><V41/><F41/><W80/><G99/><T8/><D8/><N who="2" m="3178" /><F130/><W26/><G89/><T123/><D123/><U2/><E129/><V46/><F46/><W81/><G114/><T68/><D68/><U19/><E128/><V133/><F23/><W88/><G21/><T42/><D42/><U113/><E2/><V49/><F49/><W103/><G103/><T104/><D104/><U79/><E113/><RYUUKYOKU ba="0,1" sc="191,10,220,-30,230,10,349,10" hai0="28,29,30,36,37,50,54,57,63,65,71,77,82" hai2="4,5,6,133" hai3="16,18,20,22,25,26,73,75,80,81,84,85,88" /><INIT seed="2,1,1,2,1,118" ten="201,190,240,359" oya="2" hai0="14,112,113,71,2,34,101,65,50,44,57,10,62" hai1="36,124,84,96,75,18,27,127,59,41,116,11,1" hai2="114,19,60,16,99,79,121,111,49,126,6,13,26" hai3="125,108,83,52,23,103,110,94,67,40,102,28,22"/><V106/><F114/><W63/><G125/><N who="1" m="48202" /><E116/><V9/><F126/><W132/><G132/><T133/><D133/><U43/><E36/><V15/><F26/><W54/><G40/><N who="1" m="15434" /><E75/><V32/><F32/><W58/><G83/><T91/><D34/><U89/><E1/><V47/><F79/><W87/><G87/><T0/><D101/><N who="3" m="38409" /><G94/><T98/><D0/><U69/><E69/><V74/><F74/><W35/><G35/><T81/><D2/><U51/><E96/><V78/><F78/><W42/><G42/><T95/><D71/><U104/><E104/><V7/><F99/><W90/><G90/><T4/><D81/><U3/><E27/><V64/><F106/><W33/><G33/><T38/><D38/><U76/><E76/><V46/><F49/><W128/><G28/><T109/><D109/><N who="3" m="42089" /><G128/><T85/><D98/><U82/><E89/><V37/><F111/><W53/><AGARI ba="1,1" hai="22,23,52,53,54,58,63,67" m="42089,38409" machi="53" ten="40,2700,0" yaku="14,1,54,1" doraHai="118" who="3" fromWho="3" sc="201,-8,190,-8,240,-14,359,40" /><INIT seed="3,0,0,0,1,103" ten="193,182,226,399" oya="3" hai0="43,126,73,62,3,11,42,1,72,93,64,74,54" hai1="6,20,57,45,92,81,8,15,61,36,24,122,59" hai2="104,121,128,69,98,52,105,118,53,90,38,109,102" hai3="39,82,51,56,18,17,79,87,13,14,5,58,78"/><W110/><G39/><T10/><D126/><U77/><E122/><V123/><F118/><W19/><G110/><T135/><D135/><U131/><E131/><V106/><F38/><W27/><G27/><T16/><D54/><N who="2" m="21098" /><F109/><W37/><G37/><T9/><D93/><U35/><E35/><V99/><F128/><W86/><G51/><T31/><D31/><U133/><E133/><V75/><F75/><W66/><G66/><T88/><D88/><U84/><E61/><V55/><F69/><W107/><G107/><T41/><REACH who="0" step="1"/><D16/><REACH who="0" ten="183,182,226,399" step="2"/><U111/><E92/><N who="2" m="56599" /><F55/><W30/><G30/><T95/><D95/><U29/><E111/><V63/><F63/><W23/><G5/><T112/><D112/><U48/><E36/><V132/><F132/><W124/><G124/><T83/><D83/><U50/><E50/><V76/><F76/><W47/><G79/><T91/><D91/><U117/><E117/><V46/><F46/><W113/><G47/><T28/><D28/><U116/><E116/><V34/><F34/><W60/><G113/><T89/><D89/><U127/><E127/><V26/><F26/><W134/><G134/><T120/><D120/><AGARI ba="0,1" hai="99,102,104,105,106,120,121,123" m="56599,21098" machi="120" ten="30,8000,1" yaku="13,1,52,3,54,1" doraHai="103" who="2" fromWho="0" sc="183,-80,182,0,226,90,399,0" /><INIT seed="4,0,0,2,2,38" ten="103,182,316,399" oya="0" hai0="84,77,106,60,91,45,85,59,32,5,99,42,63" hai1="81,101,129,36,56,117,72,127,0,17,126,33,98" hai2="83,112,55,123,97,103,96,80,21,15,68,34,50" hai3="132,88,2,75,1,87,58,128,16,92,53,23,22"/><T90/><D32/><U121/><E33/><V93/><F68/><W74/><G132/><T46/><D5/><U11/><E121/><V52/><F123/><W28/><G128/><T37/><D46/><U70/><E70/><V86/><F112/><W27/><G75/><T62/><D59/><U110/><E110/><V40/><F34/><W9/><G74/><T114/><D114/><U130/><E117/><V57/><F96/><W18/><G9/><T95/><D106/><U35/><E35/><V71/><F71/><W115/><G115/><T79/><REACH who="0" step="1"/><D99/><REACH who="0" ten="93,182,316,399" step="2"/><U20/><E56/><V44/><F57/><W124/><G1/><T49/><D49/><U25/><E0/><V82/><F86/><W12/><G2/><T104/><D104/><U107/><E107/><V65/><F65/><W43/><G58/><T14/><D14/><U66/><E66/><V119/><F119/><W29/><G12/><T109/><D109/><U120/><E98/><V3/><F3/><W47/><G47/><T19/><D19/><AGARI ba="0,1" hai="15,19,21,40,44,50,52,55,80,82,83,93,97,103" machi="19" ten="40,5200,0" yaku="8,1,52,1,54,1" doraHai="38" who="2" fromWho="0" sc="93,-52,182,0,316,62,399,0" /><INIT seed="5,0,0,0,4,102" ten="41,182,378,399" oya="1" hai0="60,94,107,18,13,65,63,47,61,133,89,58,114" hai1="75,85,57,11,67,77,100,110,12,90,42,84,7" hai2="73,120,74,55,86,68,79,45,62,101,29,44,10" hai3="25,69,83,24,52,53,0,128,4,59,99,6,72"/><U26/><E110/><V127/><F120/><W8/><G69/><T124/><D133/><U16/><E75/><V109/><F109/><W125/><G6/><T37/><D124/><U27/><E42/><V54/><F29/><W17/><G125/><T132/><D132/><U3/><E100/><V81/><F10/><W123/><G123/><T1/><D1/><U135/><E135/><V119/><F119/><W80/><G128/><T97/><D114/><U46/><E46/><V108/><F108/><W35/><G99/><T121/><D121/><U122/><E122/><V106/><F127/><W111/><G111/><T49/><D107/><U116/><E116/><V131/><F131/><W41/><G41/><T23/><REACH who="0" step="1"/><D37/><REACH who="0" ten="31,182,378,399" step="2"/><U48/><E3/><V95/><F106/><W92/><G0/><T39/><D39/><U117/><E117/><V43/><F74/><W40/><G72/><T91/><D91/><U126/><E90/><V51/><F73/><W9/><G4/><T130/><D130/><U113/><E7/><V2/><F2/><W93/><G35/><T129/><D129/><U98/><E126/><V34/><F34/><W5/><G5/><T71/><D71/><U103/><E113/><V50/><F68/><W66/><G40/><AGARI ba="0,1" hai="13,18,23,40,47,49,58,60,61,63,65,89,94,97" machi="40" ten="30,3900,0" yaku="1,1,7,1,8,1,53,0" doraHai="102" doraHaiUra="20" who="0" fromWho="3" sc="31,49,182,0,378,0,399,-39" /><INIT seed="6,0,0,4,5,89" ten="80,182,378,360" oya="2" hai0="88,115,30,124,23,28,54,29,95,11,103,102,129" hai1="91,36,131,27,130,75,117,63,20,45,33,69,32" hai2="15,53,101,82,93,16,135,42,72,83,122,34,8" hai3="57,38,59,31,133,1,35,113,105,5,18,80,19"/><V118/><F118/><W94/><G105/><T125/><D129/><N who="1" m="49163" /><E117/><V0/><F34/><W87/><G38/><T120/><D120/><U110/><E75/><V12/><F0/><W85/><G133/><T67/><D67/><N who="1" m="41215" /><E110/><V77/><F42/><W49/><G113/><T26/><D11/><U60/><E60/><V24/><F122/><W9/><G35/><T107/><D115/><U61/><E91/><V134/><F24/><W78/><G31/><T100/><D107/><U43/><E61/><V41/><F41/><W68/><G68/><T119/><D54/><U128/><E128/><V92/><F53/><W37/><G37/><T121/><D121/><U14/><E14/><V62/><F62/><W71/><G71/><T74/><D74/><U90/><E90/><V4/><F101/><W51/><G51/><T22/><D119/><U13/><E13/><V86/><F134/><W111/><G111/><T47/><D47/><U56/><E56/><V79/><F135/><W3/><G3/><T17/><REACH who="0" step="1"/><D23/><AGARI ba="0,0" hai="4,8,12,15,16,23,72,77,79,82,83,86,92,93" machi="23" ten="30,11600,0" yaku="7,1,52,2,54,1" doraHai="89" who="2" fromWho="0" sc="80,-116,182,0,378,116,360,0" owari="-36,-54.0,182,-22.0,494,60.0,360,16.0" /></mjloggm>