<mjloggm ver="2.3"><GO type="97" lobby="0"/><UN n0="%E3%82%A6%E3%83%AB%E3%83%88%E3%83%A9%E7%AB%8B%E7%9B%B4" n1="%E4%BA%8C%E4%BB%A3%E7%9B%AE%E3%82%A2%E3%83%A1%E3%83%96%E3%83%A9" n2="%E3%83%9A%E3%83%B3%E3%82%AE%E3%83%B3%E5%AD%A6%E8%80%85" n3="%56%69%65%72" dan="15,15,14,14" rate="1943.70,2001.87,1983.58,1912.58" sx="M,M,M,M"/><TAIKYOKU oya="0"/><INIT seed="0,0,0,0,3,84" ten="250,250,250,250" oya="0" hai0="112,15,39,103,125,22,87,52,2,38,53,106,11" hai1="135,113,51,43,117,108,88,55,69,124,123,67,105" hai2="28,12,130,90,80,116,131,75,64,95,46,60,50" hai3="110,35,118,93,70,78,73,9,59,10,56,127,25"/><T37/><D112/><U33/><RYUUKYOKU type="yao9" ba="0,0" sc="250,0,250,0,250,0,250,0" hai1="33,43,51,55,67,69,88,105,108,113,117,123,124,135" /><INIT seed="0,1,0,4,5,51" ten="250,250,250,250" oya="0" hai0="55,16,133,77,95,17,109,69,66,48,105,75,124" hai1="106,126,119,107,34,14,100,22,18,104,122,2,33" hai2="88,120,35,93,91,42,9,101,40,102,36,24,10" hai3="70,31,7,45,118,8,53,44,72,85,59,131,43"/><T129/><D105/><U134/><E122/><V117/><F120/><W46/><G72/><T57/><D124/><U20/><E119/><V12/><F117/><W121/><G118/><T114/><D114/><U89/><E2/><V3/><F3/><W39/><G121/><T23/><D129/><U41/><E126/><V78/><F78/><W37/><G70/><T38/><D133/><U96/><E134/><V94/><F24/><W84/><G131/><T21/><D38/><U68/><E68/><V115/><F12/><W63/><G31/><T79/><D109/><U61/><E61/><V26/><F26/><W13/><G46/><T97/><D75/><U67/><E67/><V116/><F116/><W47/><G45/><T71/><D66/><U128/><E128/><V52/><F35/><W81/><G81/><T113/><D69/><U60/><E60/><V80/><F80/><W110/><G110/><T132/><D71/><U54/><E41/><AGARI ba="1,0" hai="7,8,13,37,39,41,43,44,47,53,59,63,84,85" machi="41" ten="40,2600,0" yaku="9,1,52,1" doraHai="51" who="3" fromWho="1" sc="250,0,250,-29,250,0,250,29" /><INIT seed="1,0,0,0,2,40" ten="250,221,250,279" oya="1" hai0="37,62,119,38,87,63,65,125,18,55,23,31,28" hai1="114,48,79,41,64,61,73,54,129,33,74,124,29" hai2="103,69,68,116,84,44,5,39,126,52,57,128,78" hai3="102,45,99,101,112,32,47,127,100,53,118,107,15"/><U123/><E123/><V92/><F116/><W51/><G112/><T10/><D119/><U82/><E114/><V42/><F128/><W94/><G118/><T134/><D10/><U17/><E129/><V95/><F126/><W91/><G32/><T81/><D38/><U22/><E124/><V108/><F108/><W50/><G127/><T1/><D37/><U36/><E74/><V75/><F75/><W26/><G26/><T3/><D3/><U130/><E130/><V43/><F43/><W110/><G110/><T60/><D1/><U13/><E41/><V20/><F5/><W16/><G107/><T96/><D65/><U8/><E36/><V83/><F20/><N who="3" m="11295" /><G102/><T117/><D117/><U90/><E33/><V49/><REACH who="2" step="1"/><F103/><REACH who="2" ten="250,221,240,279" step="2"/><W19/><G19/><T88/><D18/><U93/><E29/><V109/><F109/><W25/><G25/><T106/><D23/><U113/><E22/><V4/><F4/><W11/><G11/><T132/><D28/><U21/><E21/><V24/><F24/><W76/><G76/><T59/><D31/><U66/><E113/><V56/><F56/><W85/><G100/><N who="0" m="62727" /><D125/><U12/><E73/><V80/><F80/><N who="3" m="49575" /><G51/><T89/><D89/><U86/><E48/><V122/><F122/><W115/><G115/><T27/><D27/><U70/><E82/><V72/><F72/><W35/><G35/><T97/><D62/><U105/><E61/><V0/><F0/><W121/><G121/><T67/><D63/><U71/><E8/><V58/><F58/><AGARI ba="0,1" hai="45,47,50,53,58,94,99,101" m="49575,11295" machi="58" ten="30,7700,0" yaku="8,1,52,2,54,1" doraHai="40" who="3" fromWho="2" sc="250,0,221,0,240,-77,279,87" /><INIT seed="2,0,0,2,1,84" ten="250,221,163,366" oya="2" hai0="93,108,24,20,3,60,51,97,43,36,112,54,76" hai1="62,122,107,66,56,6,58,29,44,7,0,80,5" hai2="70,123,42,94,117,53,40,11,109,115,14,118,114" hai3="78,125,63,30,83,33,47,32,113,72,95,27,2"/><V45/><F94/><W77/><G2/><T37/><D3/><U68/><E107/><V64/><F14/><W85/><G125/><T28/><D112/><N who="2" m="43050" /><F11/><W110/><G113/><T9/><D76/><U102/><E0/><V16/><F16/><W13/><G77/><T119/><D37/><U126/><E126/><V81/><F81/><W15/><G33/><T106/><D36/><U116/><E116/><N who="2" m="44651" /><F123/><W21/><G95/><T38/><D106/><U132/><E122/><V96/><F96/><W17/><G72/><T41/><D38/><U39/><E80/><V101/><F101/><W26/><G15/><T55/><D9/><U111/><E102/><V61/><F109/><W124/><G110/><T130/><D108/><U67/><E111/><V79/><F79/><W99/><G13/><T104/><D104/><U134/><E29/><V100/><F100/><W74/><G99/><T4/><D4/><U46/><E5/><V82/><F82/><W71/><G83/><T35/><D119/><U86/><E86/><V75/><F75/><W98/><G85/><T8/><D8/><U128/><E6/><V87/><F87/><W22/><G74/><T48/><D93/><U121/><E7/><V90/><F90/><W69/><G78/><T131/><D97/><U49/><E121/><V73/><F73/><W59/><G98/><T103/><D103/><U1/><E1/><V127/><F127/><W89/><G17/><T50/><D28/><U133/><E133/><V57/><F45/><W135/><G124/><T120/><D120/><U88/><E44/><V105/><F105/><RYUUKYOKU ba="0,0" sc="250,-10,221,-10,163,30,366,-10" hai2="40,42,53,57,61,64,70" /><INIT seed="2,1,0,1,4,18" ten="240,211,193,356" oya="2" hai0="78,1,126,8,41,16,36,74,92,7,59,64,42" hai1="51,60,37,110,85,86,80,95,76,20,101,112,57" hai2="40,119,117,127,9,56,93,22,89,45,109,21,128" hai3="27,134,115,33,99,70,129,90,96,23,125,12,135"/><V111/><F128/><W123/><G123/><T122/><D122/><U54/><E37/><V30/><F9/><W100/><G129/><T68/><D68/><U72/><E112/><V55/><F127/><W79/><G70/><T106/><D106/><U87/><E110/><N who="2" m="41995" /><F30/><N who="3" m="19679" /><G125/><T120/><D120/><U4/><E4/><V38/><F56/><W133/><G79/><T24/><D126/><U88/><E101/><V105/><F55/><W26/><G12/><T71/><D71/><U124/><E124/><V58/><F58/><W32/><G32/><T108/><D59/><U83/><E20/><N who="2" m="7787" /><F105/><N who="3" m="63623" /><G115/><T35/><D8/><U3/><E3/><V118/><F119/><W132/><G132/><T44/><D44/><U116/><E116/><V94/><F94/><W28/><G99/><AGARI ba="1,0" hai="38,40,45,89,93,99,117,118" m="7787,41995" machi="99" ten="30,12000,1" yaku="14,1,10,1,52,3" doraHai="18" who="2" fromWho="3" sc="240,0,211,0,193,123,356,-123" /><INIT seed="2,2,0,4,1,0" ten="240,211,316,233" oya="2" hai0="73,47,64,36,102,35,132,12,43,130,67,50,65" hai1="20,13,105,19,82,109,1,61,6,93,91,96,95" hai2="24,17,100,108,60,9,134,117,18,44,115,37,128" hai3="57,51,46,38,88,39,66,10,52,33,5,15,27"/><V23/><F115/><W69/><G33/><T124/><D35/><U133/><E105/><V113/><F113/><W87/><G27/><T104/><D73/><U26/><E1/><V25/><F117/><W14/><G69/><T40/><D102/><U54/><E109/><V118/><F118/><W114/><G114/><T110/><D104/><U127/><E127/><V71/><F108/><W16/><G66/><T116/><D116/><U4/><E133/><V53/><F128/><W135/><G46/><N who="0" m="25951" /><D12/><U90/><E82/><V28/><F100/><W89/><G135/><T58/><D110/><U81/><E81/><V62/><F71/><W63/><G63/><N who="0" m="38007" /><D132/><U129/><E129/><V80/><F37/><W42/><G42/><N who="0" m="22983" /><D130/><U122/><E122/><V11/><F80/><W98/><G98/><T34/><D34/><U94/><E13/><V74/><F74/><W107/><G107/><T75/><D75/><U83/><E83/><V41/><F134/><W97/><G97/><T2/><D2/><U55/><E94/><V121/><F121/><W77/><G77/><T30/><D30/><U84/><E61/><V32/><F62/><W48/><G89/><T7/><D124/><U125/><E125/><V126/><F126/><W3/><G3/><T78/><D78/><U29/><E29/><V92/><F28/><W111/><G111/><T31/><D31/><U79/><E79/><V45/><F32/><W101/><G101/><T131/><D131/><U56/><E4/><V70/><F25/><W22/><G5/><T59/><D7/><U123/><E6/><V8/><F24/><RYUUKYOKU ba="2,0" sc="240,0,211,0,316,0,233,0" /><INIT seed="3,3,0,2,3,81" ten="240,211,316,233" oya="3" hai0="95,69,31,33,11,13,114,62,90,115,67,16,76" hai1="6,39,57,104,8,134,128,30,72,73,125,98,52" hai2="84,118,26,106,108,5,64,36,45,17,82,22,51" hai3="121,97,37,77,60,92,116,107,41,0,127,56,124"/><W100/><G116/><T126/><D76/><U43/><E30/><V93/><F118/><W61/><G121/><T103/><D103/><U131/><E125/><V34/><F106/><W2/><G77/><T21/><D33/><U15/><E134/><V25/><F36/><W10/><G107/><T58/><D126/><N who="3" m="48169" /><G10/><T40/><D40/><U50/><E104/><V85/><F5/><W65/><G60/><T66/><D66/><U88/><E43/><V78/><F64/><W46/><AGARI ba="3,0" hai="0,2,37,41,46,56,61,65,92,97,100" m="48169" machi="46" ten="30,1500,0" yaku="18,1" doraHai="81" who="3" fromWho="3" sc="240,-8,211,-8,316,-8,233,24" /><INIT seed="3,4,0,2,3,50" ten="232,203,308,257" oya="3" hai0="110,62,7,80,37,10,92,21,116,16,128,79,125" hai1="68,4,23,74,105,38,52,33,76,27,134,102,51" hai2="57,12,117,93,5,94,135,114,75,88,31,22,28" hai3="66,59,3,45,84,58,112,86,72,47,113,120,123"/><W11/><G72/><T53/><D37/><U2/><E38/><V119/><F75/><W40/><G66/><T35/><D35/><U19/><E68/><V91/><F114/><W46/><G46/><T83/><D79/><U90/><E33/><V124/><F119/><W29/><G29/><T54/><D125/><U55/><E134/><V30/><F117/><W39/><G39/><T106/><D106/><U36/><E36/><V129/><F124/><W126/><G126/><T107/><D107/><U24/><E24/><V61/><F135/><W41/><G11/><T17/><D7/><U14/><E90/><N who="2" m="34347" /><F129/><W64/><G64/><T9/><D92/><U130/><E130/><V48/><F48/><W49/><G49/><T87/><D128/><U109/><E2/><AGARI ba="4,0" hai="2,3,40,41,45,47,58,59,84,86,112,113,120,123" machi="2" ten="25,2400,0" yaku="22,2" doraHai="50" who="3" fromWho="1" sc="232,0,203,-36,308,0,257,36" /><INIT seed="3,5,0,2,4,58" ten="232,167,308,293" oya="3" hai0="70,131,48,83,106,93,84,86,53,69,128,95,71" hai1="36,113,2,102,59,62,77,96,14,12,99,130,117" hai2="0,10,42,33,21,29,60,31,76,30,56,115,134" hai3="50,49,6,66,15,1,8,45,11,16,17,119,123"/><W54/><G119/><T126/><D106/><U13/><E113/><V132/><F115/><W104/><G123/><T135/><D126/><U24/><E117/><V23/><F76/><W120/><G120/><T85/><D83/><U97/><E2/><V35/><F42/><W39/><G39/><T111/><D135/><N who="2" m="51754" /><F0/><W65/><G104/><T91/><D91/><U89/><E36/><V37/><F37/><W94/><G94/><T108/><D53/><U32/><E130/><N who="0" m="49705" /><D48/><U25/><E32/><N who="2" m="12363" /><F10/><W78/><G78/><T38/><D38/><U116/><E116/><V90/><F90/><W103/><G103/><T81/><D81/><U122/><E122/><V125/><F125/><W22/><G49/><T121/><D121/><U63/><E77/><V18/><F18/><W57/><G45/><T72/><D72/><U27/><E102/><V109/><F109/><AGARI ba="5,0" hai="69,70,71,84,85,86,93,95,108,109,111" m="49705" machi="109" ten="40,8000,1" yaku="28,2,14,1,19,1" doraHai="58" who="0" fromWho="2" sc="232,95,167,0,308,-95,293,0" owari="327,43.0,167,-33.0,213,-19.0,293,9.0" /></mjloggm>