<mjloggm ver="2.3"><GO type="97" lobby="0"/><UN n0="%E9%AB%98%E6%9D%91%EF%BC%A0%E7%A2%BA%E5%A4%89" n1="%E3%82%A6%E3%83%AB%E3%83%88%E3%83%A9%E7%AB%8B%E7%9B%B4" n2="%63%6F%70%79%63%61%74" n3="%E7%8F%BE%E4%BB%A3%E7%94%9F%E7%89%A9" dan="14,15,13,13" rate="1959.74,1991.06,1890.89,1856.02" sx="M,M,M,M"/><TAIKYOKU oya="0"/><INIT seed="0,0,0,5,5,113" ten="250,250,250,250" oya="0" hai0="109,36,39,66,102,51,92,64,7,56,86,94,111" hai1="63,27,21,82,65,115,24,3,16,121,107,81,20" hai2="53,96,131,135,120,84,4,15,77,13,87,22,6" hai3="69,52,73,29,79,78,130,55,114,116,23,35,28"/><T127/><D127/><U83/><E121/><V110/><F120/><W93/><G69/><T10/><D51/><U72/><E107/><V70/><F70/><W117/><G73/><T59/><D86/><U9/><E115/><V58/><F110/><N who="0" m="41994" /><D102/><U100/><E100/><V61/><F135/><W2/><G2/><T128/><D128/><U1/><E9/><V33/><F33/><W125/><G114/><T5/><D59/><U8/><E8/><V46/><F131/><W50/><G35/><T14/><D5/><U45/><E45/><V54/><F96/><W18/><G130/><T49/><D49/><U104/><E104/><V129/><F129/><W101/><G125/><T103/><D103/><U119/><E72/><V98/><F98/><N who="3" m="59599" /><G116/><T31/><D31/><N who="3" m="11849" /><G117/><T74/><D74/><U75/><E119/><V71/><F71/><W122/><G122/><T25/><D25/><U12/><E75/><V105/><F105/><W41/><G41/><T90/><D56/><U68/><REACH who="1" step="1"/><E27/><REACH who="1" ten="250,240,250,250" step="2"/><V40/><F15/><N who="3" m="9695" /><G55/><T123/><D123/><U118/><E118/><V43/><F54/><W106/><G106/><T0/><D14/><U57/><E57/><AGARI ba="0,1" hai="50,52,57,78,79" m="9695,11849,59599" machi="57" ten="30,2000,0" yaku="8,1,54,1" doraHai="113" who="3" fromWho="1" sc="250,0,240,-20,250,0,250,30" /><INIT seed="1,0,0,1,3,64" ten="250,220,250,280" oya="1" hai0="46,32,26,40,75,96,10,52,100,1,38,78,132" hai1="58,6,59,113,57,121,28,98,74,35,44,69,5" hai2="79,135,124,123,94,66,127,131,84,129,116,89,36" hai3="95,68,15,133,71,30,12,4,93,88,16,126,70"/><U103/><E74/><V3/><F3/><W111/><G30/><N who="0" m="19543" /><D52/><U2/><E121/><V27/><F36/><W14/><G126/><N who="2" m="48169" /><F66/><W47/><G133/><T43/><D43/><U24/><E113/><V91/><F123/><W54/><G95/><T90/><D90/><U110/><E110/><V56/><F56/><W49/><G111/><T34/><D132/><U42/><E2/><V13/><F13/><W62/><G62/><T97/><D97/><U45/><E69/><V37/><F37/><W25/><G25/><T108/><D108/><U114/><E114/><V50/><F50/><W63/><G63/><T0/><D34/><U8/><E8/><V106/><F27/><W55/><G4/><T60/><D60/><U117/><E117/><V119/><F106/><W99/><REACH who="3" step="1"/><G54/><REACH who="3" ten="250,220,250,270" step="2"/><T48/><D100/><U77/><E6/><V76/><F135/><W92/><G92/><T81/><D96/><U128/><E5/><V23/><F119/><W83/><G83/><T73/><D81/><U85/><E128/><V53/><F116/><W21/><AGARI ba="0,1" hai="12,14,15,16,21,47,49,55,68,70,71,88,93,99" machi="21" ten="30,16000,3" yaku="1,1,0,1,52,3,54,2,53,3" doraHai="64" doraHaiUra="65" who="3" fromWho="3" sc="250,-40,220,-80,250,-40,270,170" /><INIT seed="2,0,0,2,0,94" ten="210,140,210,440" oya="2" hai0="77,50,92,98,18,133,21,12,120,59,96,32,55" hai1="117,37,22,85,90,42,91,95,16,64,129,108,25" hai2="97,126,86,14,29,112,121,53,0,7,1,111,79" hai3="30,100,123,134,11,49,67,38,3,75,119,89,131"/><V13/><F121/><W9/><G9/><T61/><D120/><U81/><E117/><V70/><F70/><W5/><G5/><T41/><BYE who="3" /><D32/><U103/><E108/><V56/><F112/><W116/><G116/><T118/><D118/><U115/><E129/><V48/><F111/><W82/><G82/><T40/><D133/><U19/><E115/><V45/><F126/><W47/><G47/><N who="0" m="28127" /><D77/><U107/><E64/><V132/><F132/><W27/><G27/><T34/><D34/><U39/><E42/><N who="0" m="16489" /><D92/><UN n3="%E7%8F%BE%E4%BB%A3%E7%94%9F%E7%89%A9" /><U71/><E71/><V135/><F135/><W110/><G110/><T44/><D44/><U87/><REACH who="1" step="1"/><E19/><REACH who="1" ten="210,130,210,440" step="2"/><V113/><F113/><W124/><G124/><T68/><D68/><U84/><E84/><V46/><F97/><AGARI ba="0,1" hai="16,22,25,37,39,81,85,87,90,91,95,97,103,107" machi="97" ten="40,5200,0" yaku="1,1,52,1,54,1,53,0" doraHai="94" doraHaiUra="26" who="1" fromWho="2" sc="210,0,130,62,210,-52,440,0" /><INIT seed="3,0,0,0,3,120" ten="210,192,158,440" oya="3" hai0="62,33,26,14,91,112,119,11,23,51,68,73,38" hai1="113,117,72,116,131,88,130,85,22,12,114,44,48" hai2="52,6,8,107,75,16,61,78,83,1,87,76,90" hai3="15,59,4,86,65,94,54,18,103,41,106,9,95"/><W50/><G65/><T36/><D119/><N who="1" m="45643" /><E72/><V43/><F107/><W129/><G129/><N who="1" m="49162" /><E22/><V108/><F108/><W58/><G58/><T63/><D33/><U60/><E12/><V2/><F43/><W127/><G127/><T71/><D112/><U102/><E102/><V53/><F2/><W55/><G55/><T99/><D73/><U109/><E60/><V25/><F76/><W37/><G37/><T128/><D128/><U121/><E121/><V27/><F27/><W135/><G135/><T122/><D122/><U89/><E109/><V0/><F0/><W7/><G7/><T69/><D63/><U21/><E21/><V49/><F61/><W19/><G19/><T67/><D62/><U98/><E98/><V28/><F49/><W70/><G70/><T45/><D67/><U5/><E5/><V30/><F30/><W32/><G32/><T101/><D91/><N who="1" m="34891" /><E85/><V35/><REACH who="2" step="1"/><F16/><REACH who="2" ten="210,192,148,440" step="2"/><W39/><G39/><T66/><D38/><U93/><E93/><AGARI ba="0,1" hai="1,6,8,25,28,35,52,53,75,78,83,87,90,93" machi="93" ten="30,8000,1" yaku="1,1,2,1,7,1,54,1,53,1" doraHai="120" doraHaiUra="77" who="2" fromWho="1" sc="210,0,192,-80,148,90,440,0" owari="210,-19.0,112,-39.0,238,4.0,440,54.0" /></mjloggm>