<mjloggm ver="2.3"><GO type="97" lobby="0"/><UN n0="%44%51%4E%32%32%37%37" n1="%E6%B0%97%E3%83%AC%E3%83%B3%E3%82%B8%E3%83%A3%E3%83%BC" n2="%E3%83%90%E3%83%83%E3%82%BF%E7%B7%91%E4%B8%80%E8%89%B2" n3="%E3%82%A6%E3%83%AB%E3%83%88%E3%83%A9%E7%AB%8B%E7%9B%B4" dan="14,15,13,15" rate="1956.17,1984.50,1912.18,1975.50" sx="M,M,M,M"/><TAIKYOKU oya="0"/><INIT seed="0,0,0,5,3,16" ten="250,250,250,250" oya="0" hai0="6,13,17,133,70,113,83,93,94,65,82,99,119" hai1="97,114,125,15,95,73,98,123,18,4,9,25,129" hai2="34,108,78,79,50,131,56,115,69,130,120,12,107" hai3="72,2,62,52,90,102,116,118,20,117,124,89,51"/><T61/><D113/><U22/><E123/><V92/><F120/><W41/><G2/><T46/><D119/><U21/><E114/><V48/><F115/><W7/><G72/><T30/><D133/><U71/><E125/><V121/><F121/><W64/><G7/><T42/><D30/><U96/><E129/><N who="2" m="49163" /><F69/><W88/><G124/><T5/><D82/><U10/><E73/><V49/><F34/><W110/><G110/><T76/><D83/><U11/><E71/><V24/><F24/><W29/><G102/><T14/><D76/><N who="2" m="29226" /><F108/><W101/><G101/><T66/><D65/><U127/><E127/><V68/><F68/><W60/><G41/><T106/><D106/><U103/><E4/><V27/><F107/><W80/><G80/><T77/><D77/><U28/><AGARI ba="0,0" hai="9,10,11,15,18,21,22,25,28,95,96,97,98,103" machi="28" ten="30,7900,0" yaku="0,1,8,1,52,2" doraHai="16" who="1" fromWho="1" sc="250,-39,250,79,250,-20,250,-20" /><INIT seed="1,0,0,3,1,104" ten="211,329,230,230" oya="1" hai0="130,123,85,131,87,50,76,110,121,10,79,29,94" hai1="19,52,41,56,32,58,14,17,97,100,99,31,112" hai2="77,92,4,78,88,129,81,89,61,54,57,135,2" hai3="36,128,13,15,98,119,72,120,48,125,122,65,68"/><U20/><E112/><V133/><F2/><W34/><G34/><T39/><D39/><U37/><E56/><V12/><F129/><N who="0" m="49162" /><D29/><U134/><E134/><N who="2" m="51211" /><F78/><N who="0" m="29738" /><D50/><U0/><E0/><V9/><F92/><W35/><G35/><T109/><D10/><U5/><E5/><V118/><F118/><W3/><G3/><T95/><D94/><U69/><E69/><V44/><F44/><W28/><G68/><T105/><D105/><U90/><E19/><V64/><F64/><W75/><G36/><T113/><D113/><U108/><E31/><V63/><F61/><W107/><G128/><T115/><D115/><U11/><E11/><V45/><F45/><W6/><G119/><T1/><D1/><U43/><E32/><V60/><F60/><W59/><G107/><T111/><D95/><N who="1" m="58431" /><E37/><V33/><F33/><W23/><G75/><AGARI ba="0,0" hai="4,9,12,54,57,63,75,77,81,88,89" m="51211" machi="75" ten="30,3900,0" yaku="20,1,52,1,54,1" doraHai="104" who="2" fromWho="3" sc="211,0,329,0,230,39,230,-39" /><INIT seed="2,0,0,2,2,57" ten="211,329,269,191" oya="2" hai0="135,129,127,49,40,100,14,75,131,67,69,89,112" hai1="51,71,19,98,20,73,99,114,108,76,13,84,7" hai2="95,56,111,97,88,92,133,87,102,26,47,30,18" hai3="52,50,68,122,44,93,132,123,64,22,39,86,53"/><V10/><F133/><W36/><G86/><T125/><D112/><U46/><E114/><V43/><F111/><W35/><G93/><T103/><D75/><U11/><E73/><V25/><F56/><W110/><G22/><T66/><D89/><U16/><E71/><V54/><F54/><N who="3" m="21099" /><G35/><T45/><D14/><N who="1" m="9239" /><E19/><V78/><F78/><W117/><G117/><T21/><D21/><U48/><E108/><V23/><F10/><W72/><G72/><T104/><D104/><U105/><E105/><V32/><F43/><N who="3" m="24863" /><G132/><T79/><D79/><U38/><E76/><V0/><F0/><W6/><G6/><T130/><D135/><U5/><E5/><V80/><F47/><W1/><G1/><T62/><REACH who="0" step="1"/><D67/><REACH who="0" ten="201,329,269,191" step="2"/><U119/><E119/><V83/><AGARI ba="0,1" hai="18,23,25,26,30,32,80,83,87,88,92,95,97,102" machi="83" ten="30,3000,0" yaku="0,1,54,1" doraHai="57" who="2" fromWho="2" sc="201,-10,329,-10,269,40,191,-10" /><INIT seed="2,1,0,3,5,86" ten="191,319,309,181" oya="2" hai0="68,104,100,41,51,15,118,48,87,77,8,55,64" hai1="58,97,25,111,32,107,65,28,40,79,16,17,130" hai2="19,96,105,113,7,114,67,127,103,98,116,44,66" hai3="101,56,70,0,27,109,121,63,108,95,122,106,12"/><V85/><F116/><W53/><G0/><T45/><D118/><U22/><E111/><N who="3" m="42570" /><G106/><T94/><D104/><U129/><E40/><V18/><F7/><W11/><G70/><T37/><D37/><U119/><E119/><V76/><F44/><W36/><G36/><T62/><D100/><N who="1" m="62863" /><E79/><V110/><F110/><W6/><G27/><T78/><D94/><U31/><E31/><V131/><F131/><N who="1" m="50185" /><E32/><V9/><F127/><W38/><G38/><T21/><D21/><U82/><E82/><V133/><F133/><W47/><G47/><T26/><D26/><U84/><E84/><V75/><F85/><W59/><G59/><T99/><D99/><AGARI ba="1,0" hai="6,11,12,53,56,63,95,99,101,121,122" m="42570" machi="99" ten="30,1000,0" yaku="14,1" doraHai="86" who="3" fromWho="0" sc="191,-13,319,0,309,0,181,13" /><INIT seed="3,0,0,0,0,9" ten="178,319,309,194" oya="3" hai0="35,10,18,88,48,116,129,98,66,55,37,121,127" hai1="29,132,71,62,69,87,80,81,96,95,31,92,90" hai2="38,114,58,54,61,63,79,1,27,42,65,103,107" hai3="76,41,89,102,57,59,56,110,108,133,77,14,0"/><W78/><G0/><T126/><D116/><U117/><E117/><V52/><F114/><W100/><G41/><T125/><D121/><U115/><E115/><V2/><F79/><W43/><G43/><T30/><D37/><U111/><E111/><N who="3" m="42538" /><G133/><T39/><D39/><U13/><E132/><V46/><F27/><W70/><G70/><T3/><D129/><U19/><E69/><V128/><F128/><W122/><G122/><T6/><D66/><U93/><E93/><V123/><F123/><W36/><G36/><T75/><D75/><U20/><E62/><V40/><F40/><W72/><G72/><T118/><D118/><U131/><E71/><V45/><F45/><W12/><G89/><T101/><D101/><AGARI ba="0,0" hai="12,14,56,57,59,76,77,78,100,101,102" m="42538" machi="101" ten="40,18000,2" yaku="28,2,14,1,10,1,52,2" doraHai="9" who="3" fromWho="0" sc="178,-180,319,0,309,0,194,180" owari="-2,-50.0,319,12.0,309,-9.0,374,47.0" /></mjloggm>