<mjloggm ver="2.3"><GO type="97" lobby="0"/><UN n0="%74%61%6D%30%33%30%39" n1="%E3%82%A6%E3%83%AB%E3%83%88%E3%83%A9%E7%AB%8B%E7%9B%B4" n2="%64%6F%75%6D%6F%6B%75%6E" n3="%E3%82%A4%E3%83%81%E3%83%8A%E3%83%8A" dan="14,15,13,14" rate="1878.83,1999.05,2120.78,1955.82" sx="M,M,M,F"/><TAIKYOKU oya="0"/><INIT seed="0,0,0,5,1,1" ten="250,250,250,250" oya="0" hai0="65,82,89,121,130,104,64,129,91,115,80,113,58" hai1="45,35,107,66,48,76,55,56,47,3,84,21,83" hai2="57,85,10,103,42,9,31,111,114,106,41,109,102" hai3="110,11,61,30,24,12,53,127,8,119,97,78,40"/><T16/><D121/><U120/><E35/><V63/><F31/><W135/><G110/><N who="2" m="41993" /><F114/><W60/><G135/><T46/><D58/><U19/><E107/><V5/><F85/><W133/><G119/><T43/><D104/><U22/><E120/><V38/><F10/><W26/><G133/><T2/><D46/><U128/><E128/><V92/><F92/><W117/><G117/><T100/><D2/><U23/><E3/><N who="2" m="191" /><F38/><W94/><G127/><T79/><D100/><N who="2" m="38442" /><F106/><W116/><G116/><T32/><D32/><U6/><E6/><V132/><F132/><W67/><G30/><T20/><D20/><U59/><REACH who="1" step="1"/><E19/><REACH who="1" ten="250,240,250,250" step="2"/><V36/><F36/><W122/><G122/><T70/><D16/><U34/><E34/><V101/><F101/><W28/><G28/><T49/><D79/><U0/><E0/><V69/><F69/><W108/><G78/><T99/><D70/><U68/><E68/><V93/><F93/><W54/><G94/><T15/><D113/><U75/><E75/><V13/><F13/><W77/><G12/><T51/><D115/><U124/><E124/><V44/><F44/><W134/><G77/><T81/><D15/><U98/><E98/><V62/><F57/><W52/><G134/><T39/><D99/><U86/><E86/><V71/><F71/><W118/><G97/><T27/><D27/><U123/><E123/><V50/><F41/><W126/><G118/><T73/><D43/><U96/><E96/><V7/><F7/><W17/><G108/><T33/><D33/><U4/><E4/><V25/><F25/><W90/><G26/><RYUUKYOKU ba="0,1" sc="250,-15,240,15,250,15,250,-15" hai1="21,22,23,45,47,48,55,56,59,66,76,83,84" hai2="42,50,62,63" /><INIT seed="1,1,1,2,0,114" ten="235,255,265,235" oya="1" hai0="68,59,42,106,132,7,62,63,22,123,24,89,50" hai1="70,108,5,49,79,29,75,18,131,46,122,84,15" hai2="94,55,31,45,27,12,60,90,127,17,56,74,10" hai3="133,100,13,104,129,111,71,120,98,125,53,130,30"/><U1/><E70/><V51/><F74/><W40/><G71/><T91/><D106/><U52/><E122/><V41/><F127/><W105/><G120/><T109/><D109/><U19/><E75/><V23/><F94/><W107/><G111/><T85/><D123/><U32/><E108/><V92/><F92/><N who="3" m="58439" /><G125/><T77/><D132/><U134/><E134/><V6/><REACH who="2" step="1"/><F90/><REACH who="2" ten="235,255,255,235" step="2"/><W73/><G133/><T26/><D91/><U128/><E1/><V97/><F97/><W64/><G73/><T21/><D77/><U43/><E131/><V135/><F135/><W14/><G129/><T34/><D89/><U37/><E128/><V112/><F112/><W36/><G130/><T9/><D85/><U101/><E101/><V16/><AGARI ba="1,2" hai="6,10,12,16,17,23,27,31,41,45,51,55,56,60" machi="16" ten="30,8000,1" yaku="1,1,0,1,8,1,54,1,53,1" doraHai="114" doraHaiUra="0" who="2" fromWho="2" sc="235,-21,255,-41,255,103,235,-21" /><INIT seed="2,0,0,1,0,104" ten="214,214,358,214" oya="2" hai0="1,5,78,4,12,56,33,123,99,107,110,80,43" hai1="65,35,68,42,64,103,106,0,58,108,96,31,57" hai2="72,116,47,91,46,117,128,122,120,8,135,100,69" hai3="87,94,39,20,131,134,75,16,105,125,63,89,85"/><V50/><F69/><W17/><G105/><T40/><D123/><U130/><E108/><V92/><F100/><W127/><G39/><T38/><D110/><U90/><E130/><V67/><F67/><W126/><G131/><T41/><D33/><U133/><E0/><V88/><F128/><W84/><G134/><T28/><D28/><U10/><E10/><V36/><F8/><W98/><G63/><T114/><D114/><U129/><E64/><V76/><F135/><W14/><G17/><T30/><D30/><U93/><E42/><V15/><F15/><W61/><G61/><T77/><D77/><U26/><E129/><V102/><F102/><W3/><G3/><T115/><D115/><U82/><E82/><V55/><F76/><W60/><G60/><T23/><D1/><U24/><E24/><V113/><F113/><W71/><G71/><T112/><D112/><U111/><E111/><V79/><F79/><W54/><G54/><T53/><D38/><U6/><E6/><V86/><F72/><AGARI ba="0,0" hai="14,16,20,72,75,84,85,87,89,94,98,125,126,127" machi="72" ten="50,8000,1" yaku="18,1,52,2,54,1" doraHai="104" who="3" fromWho="2" sc="214,0,214,0,358,-80,214,80" /><INIT seed="3,0,0,4,2,106" ten="214,214,278,294" oya="3" hai0="44,10,116,27,79,6,111,98,43,121,58,11,41" hai1="36,99,117,92,69,49,3,103,59,14,31,5,123" hai2="67,93,112,40,133,129,134,77,4,97,66,53,65" hai3="100,0,88,21,76,54,64,71,130,28,83,56,37"/><W16/><G0/><T35/><D121/><U78/><E3/><V87/><F112/><W32/><G37/><T95/><D116/><U24/><E69/><V109/><F4/><W29/><G100/><T115/><D111/><U38/><E123/><V68/><F68/><W110/><G110/><T18/><D115/><U26/><E117/><V72/><F109/><W30/><G130/><T60/><D35/><U124/><E124/><V73/><F40/><W108/><G108/><T105/><D105/><U8/><E78/><V114/><F114/><W104/><G104/><T89/><D79/><U13/><E13/><V62/><F129/><W85/><G64/><T23/><D44/><U75/><E75/><V45/><F87/><N who="3" m="48615" /><G71/><T9/><D6/><U20/><REACH who="1" step="1"/><E26/><REACH who="1" ten="214,204,278,294" step="2"/><V126/><F77/><W82/><G32/><T2/><REACH who="0" step="1"/><D2/><REACH who="0" ten="204,204,278,294" step="2"/><U90/><E90/><N who="2" m="55479" /><F126/><W42/><G88/><T81/><D81/><U48/><E48/><N who="2" m="28815" /><F62/><W50/><G82/><T63/><D63/><U131/><E131/><V61/><F61/><W119/><G119/><T80/><D80/><U101/><E101/><V107/><F107/><W7/><G7/><T57/><D57/><U55/><AGARI ba="0,2" hai="5,8,14,20,24,31,36,38,49,55,59,92,99,103" machi="55" ten="30,2000,0" yaku="1,1,0,1,53,0" doraHai="106" doraHaiUra="74" who="1" fromWho="1" sc="204,-5,204,40,278,-5,294,-10" /><INIT seed="4,0,0,0,0,134" ten="199,244,273,284" oya="0" hai0="90,119,132,6,86,79,121,11,7,23,105,16,22" hai1="84,109,72,96,112,57,135,97,56,65,70,82,61" hai2="44,36,60,113,5,101,45,77,42,50,106,28,126" hai3="20,2,100,80,58,75,3,19,46,32,110,104,39"/><T14/><D105/><U15/><E109/><V71/><F113/><W76/><G32/><T133/><D121/><U48/><E135/><N who="0" m="51785" /><D79/><U78/><E112/><V99/><F77/><W13/><G110/><T73/><D73/><U129/><E129/><V25/><F5/><N who="0" m="1546" /><D119/><U34/><E34/><V64/><F126/><W62/><G100/><T83/><AGARI ba="0,0" hai="11,14,16,22,23,83,86,90" m="1546,51785" machi="83" ten="30,3000,0" yaku="20,1,54,1" doraHai="134" who="0" fromWho="0" sc="199,30,244,-10,273,-10,284,-10" /><INIT seed="4,1,0,3,1,51" ten="229,234,263,274" oya="0" hai0="64,87,44,96,16,121,85,4,24,5,114,17,81" hai1="131,58,43,125,1,6,105,80,3,14,128,116,10" hai2="100,89,7,107,67,70,135,113,15,12,0,52,118" hai3="26,132,31,21,78,133,74,30,102,48,22,101,93"/><T63/><D121/><U8/><E105/><V90/><F113/><W57/><G78/><N who="0" m="46263" /><D114/><U104/><E104/><V47/><F0/><N who="1" m="73" /><E43/><V129/><F135/><N who="3" m="51787" /><G74/><T20/><D96/><U130/><E80/><V94/><F129/><N who="1" m="33025" /><U127/><DORA hai="33" /><E58/><V41/><F107/><W13/><G93/><T60/><D44/><U59/><E116/><V73/><F118/><W98/><G98/><T62/><D87/><U29/><E29/><N who="3" m="10762" /><G13/><N who="0" m="9231" /><D64/><U68/><E68/><V126/><F73/><W119/><G119/><T69/><D69/><U108/><E108/><V34/><F70/><W92/><G92/><T83/><D83/><U23/><E23/><AGARI ba="1,0" hai="4,5,17,23,24,60,62,63" m="9231,46263" machi="23" ten="30,2900,0" yaku="8,1,54,1" doraHai="51,33" who="0" fromWho="1" sc="229,32,234,-32,263,0,274,0" /><INIT seed="4,2,0,2,4,135" ten="261,202,263,274" oya="0" hai0="87,11,110,25,116,91,100,12,86,123,54,53,26" hai1="67,0,108,18,117,43,49,37,60,32,104,90,39" hai2="111,78,69,99,106,65,58,28,81,77,13,121,109" hai3="130,92,23,45,31,127,113,122,133,120,61,15,74"/><T64/><D123/><N who="3" m="47145" /><G74/><T8/><D116/><U10/><E108/><N who="2" m="41547" /><F121/><W42/><G133/><T118/><D118/><U17/><E117/><V24/><F13/><W27/><G130/><T9/><D110/><U57/><E32/><N who="2" m="20487" /><F69/><W3/><G3/><T114/><D114/><U128/><E104/><V66/><F78/><W112/><G113/><T6/><D100/><U84/><E128/><V7/><F7/><W40/><G112/><T34/><D64/><U79/><E79/><V36/><F36/><W19/><G127/><T94/><D86/><U102/><E102/><N who="2" m="62815" /><F58/><W56/><G92/><T83/><D94/><U33/><E33/><V50/><F50/><W38/><G38/><T44/><D44/><N who="1" m="25759" /><E37/><V4/><F4/><W72/><G72/><T82/><D82/><N who="1" m="49431" /><E39/><V107/><F107/><W131/><G131/><T89/><D34/><U55/><E0/><V97/><F97/><W76/><G76/><T59/><D87/><U52/><E10/><N who="0" m="4201" /><D83/><U71/><E71/><V70/><F70/><W22/><G45/><T75/><D75/><U21/><E21/><V126/><F81/><W16/><G19/><AGARI ba="2,0" hai="17,18,19,52,55,57,60,67" m="49431,25759" machi="19" ten="30,2000,0" yaku="8,1,54,1" doraHai="135" who="1" fromWho="3" sc="261,0,202,26,263,0,274,-26" /><INIT seed="5,0,0,2,2,88" ten="261,228,263,248" oya="1" hai0="0,116,99,18,127,15,22,134,100,132,30,65,47" hai1="77,34,97,126,128,72,19,133,59,24,28,112,12" hai2="81,70,95,64,124,91,2,61,23,108,82,8,117" hai3="87,29,57,6,129,39,3,56,122,130,58,83,31"/><U121/><E121/><V93/><F117/><W135/><G39/><T103/><D116/><U84/><E112/><V92/><F108/><W90/><G122/><T76/><D0/><U50/><E126/><V94/><F124/><W11/><REACH who="3" step="1"/><G135/><REACH who="3" ten="261,228,263,238" step="2"/><N who="0" m="51755" /><D127/><U9/><E133/><V42/><F42/><W10/><G10/><T46/><D76/><U101/><E128/><AGARI ba="0,1" hai="3,6,11,29,31,56,57,58,83,87,90,128,129,130" machi="128" ten="40,5200,0" yaku="1,1,19,1,53,1" doraHai="88" doraHaiUra="33" who="3" fromWho="1" sc="261,0,228,-52,263,0,238,62" owari="261,-14.0,176,-32.0,263,6.0,300,40.0" /></mjloggm>