<mjloggm ver="2.3"><GO type="97" lobby="0"/><UN n0="%E3%81%A1%E3%82%85%E3%82%93%E3%81%A9" n1="%E3%82%A6%E3%83%AB%E3%83%88%E3%83%A9%E7%AB%8B%E7%9B%B4" n2="%E4%B8%89%E5%91%B3%E7%B7%9A%E5%8D%81%E6%AE%B5" n3="%E9%88%B4%E6%9C%A8%E6%84%9B%E7%90%86" dan="16,15,15,15" rate="1990.11,2019.81,1981.12,1963.79" sx="F,M,F,F"/><TAIKYOKU oya="0"/><BYE who="0" /><UN n0="%E3%81%A1%E3%82%85%E3%82%93%E3%81%A9" /><INIT seed="0,0,0,4,1,46" ten="250,250,250,250" oya="0" hai0="110,116,123,23,41,65,125,77,52,112,94,118,2" hai1="119,107,98,127,34,101,51,93,24,99,78,4,42" hai2="6,89,79,121,15,11,80,29,27,10,115,102,59" hai3="54,21,18,100,117,60,68,25,131,90,66,43,12"/><T113/><D2/><U104/><E119/><V9/><F121/><W0/><G117/><N who="0" m="45163" /><D23/><U105/><E4/><V124/><F115/><N who="0" m="44106" /><D77/><U37/><E37/><V26/><F124/><W14/><G131/><T36/><D94/><U103/><E127/><V86/><F102/><W128/><G128/><T82/><D82/><U30/><E78/><V3/><F3/><W120/><G120/><T111/><D125/><U48/><REACH who="1" step="1"/><E42/><REACH who="1" ten="250,240,250,250" step="2"/><V106/><F79/><W64/><G43/><T56/><D123/><U67/><E67/><V13/><F6/><W17/><G66/><T87/><D65/><U81/><E81/><V44/><F80/><W50/><G0/><T63/><D87/><U73/><E73/><V114/><F86/><W133/><G64/><T28/><D28/><U95/><AGARI ba="0,1" hai="24,30,34,48,51,93,95,98,99,101,103,104,105,107" machi="95" ten="30,8000,1" yaku="1,1,0,1,9,1,52,2,53,0" doraHai="46" doraHaiUra="35" who="1" fromWho="1" sc="250,-40,240,90,250,-20,250,-20" /><INIT seed="1,0,0,1,2,69" ten="210,330,230,230" oya="1" hai0="26,24,42,32,127,92,65,39,134,105,64,112,70" hai1="107,101,76,53,45,13,97,72,35,126,98,88,38" hai2="55,86,119,109,113,83,61,60,33,63,133,106,131" hai3="68,125,17,48,5,118,56,1,85,82,80,10,108"/><U120/><E35/><V77/><F33/><W52/><G68/><T87/><D112/><U110/><E120/><V78/><F106/><W104/><G108/><T11/><D105/><U34/><E34/><V96/><F119/><W58/><G125/><T124/><D134/><U44/><E126/><N who="0" m="48169" /><D11/><U16/><E76/><V121/><F121/><W25/><G104/><T43/><D32/><U73/><E45/><V18/><F96/><W84/><G118/><T115/><D115/><U36/><E110/><V22/><F109/><W15/><G58/><T30/><D30/><U0/><E0/><V122/><F122/><W66/><G66/><N who="0" m="25707" /><D70/><U46/><E73/><V102/><F102/><W91/><G25/><N who="0" m="9835" /><D39/><U50/><E72/><V21/><F133/><W6/><REACH who="3" step="1"/><G1/><REACH who="3" ten="210,330,230,220" step="2"/><T4/><D4/><U7/><E7/><V114/><F114/><W123/><G123/><T3/><D3/><U62/><E46/><V54/><F113/><W23/><G23/><T2/><D2/><U29/><E29/><V90/><F22/><W57/><G57/><T9/><D9/><U59/><E59/><V74/><F21/><W8/><G8/><T135/><D135/><U27/><E27/><V79/><F74/><W12/><G12/><T51/><D51/><U19/><E13/><V75/><F75/><W14/><G14/><T99/><D87/><U93/><E62/><V41/><F63/><W37/><G37/><T116/><D116/><U111/><E111/><V20/><F61/><W89/><AGARI ba="0,1" hai="5,6,10,15,17,48,52,56,80,82,84,85,89,91" machi="89" ten="20,12000,2" yaku="1,1,0,1,7,1,9,1,8,1,54,1,53,0" doraHai="69" doraHaiUra="129" who="3" fromWho="3" sc="210,-30,330,-60,230,-30,220,130" /><INIT seed="2,0,0,4,2,93" ten="180,270,200,350" oya="2" hai0="94,81,59,12,42,40,122,27,107,85,11,132,105" hai1="58,6,46,71,116,111,106,0,115,102,5,79,128" hai2="123,99,127,24,49,45,35,2,60,39,117,8,118" hai3="37,131,70,21,125,20,108,104,133,43,34,3,73"/><V74/><F123/><W88/><RYUUKYOKU type="yao9" ba="0,0" sc="180,0,270,0,200,0,350,0" hai3="3,20,21,34,37,43,70,73,88,104,108,125,131,133" /><INIT seed="2,1,0,2,5,76" ten="180,270,200,350" oya="2" hai0="97,126,1,22,19,51,102,46,7,95,80,82,72" hai1="36,6,119,31,86,111,42,58,118,89,53,28,66" hai2="106,5,104,114,26,92,96,87,21,125,73,79,17" hai3="65,128,63,27,60,40,14,15,70,18,121,124,105"/><V59/><F114/><W93/><G121/><T134/><D126/><U57/><E111/><V103/><F125/><W3/><G124/><T100/><D134/><U109/><E109/><V91/><F5/><W112/><G105/><T25/><D72/><U71/><E71/><V2/><F2/><W49/><G3/><T127/><D127/><U61/><E6/><V94/><REACH who="2" step="1"/><F59/><REACH who="2" ten="180,270,190,350" step="2"/><W64/><G112/><T113/><D113/><U13/><E58/><V52/><F52/><W8/><G70/><T110/><D110/><U133/><E53/><V123/><F123/><W10/><G65/><T23/><D23/><U32/><E57/><V75/><F75/><W85/><G64/><T34/><D34/><U44/><E32/><V35/><F35/><W120/><G120/><T98/><D7/><U88/><E66/><V117/><F117/><W130/><G10/><T77/><D1/><U4/><E119/><V9/><F9/><W101/><G8/><T39/><D39/><U107/><E118/><V99/><F99/><W33/><G33/><T54/><REACH who="0" step="1"/><D77/><REACH who="0" ten="170,270,190,350" step="2"/><U90/><E36/><V69/><F69/><W20/><G20/><T122/><D122/><U74/><E4/><V12/><F12/><W108/><G15/><T81/><D81/><AGARI ba="1,2" hai="17,21,26,73,79,81,87,91,92,94,96,103,104,106" machi="81" ten="40,7700,0" yaku="1,1,52,1,53,1" doraHai="76" doraHaiUra="84" who="2" fromWho="0" sc="170,-80,270,0,190,100,350,0" /><BYE who="0" /><INIT seed="2,2,0,3,3,64" ten="90,270,290,350" oya="2" hai0="52,91,112,1,68,34,22,74,35,114,40,90,95" hai1="5,86,45,6,105,7,83,120,73,109,113,9,75" hai2="10,33,38,126,14,17,116,57,25,71,89,117,124" hai3="13,26,56,129,122,110,97,39,72,27,43,69,4"/><V23/><F38/><W85/><G122/><T65/><D65/><U66/><E105/><V132/><F89/><W77/><G72/><T61/><D61/><U92/><E113/><V101/><F101/><W87/><G129/><T44/><D44/><U18/><E120/><V106/><F106/><W78/><G69/><T127/><D127/><N who="2" m="48682" /><F57/><W104/><G56/><T16/><D16/><U88/><E109/><V94/><F94/><W15/><G110/><T82/><D82/><U2/><E66/><V60/><F33/><W107/><G43/><T46/><D46/><U80/><E45/><V131/><F60/><W96/><G4/><T115/><D115/><U111/><E111/><V128/><F71/><W62/><G62/><T133/><D133/><U98/><E80/><V108/><F132/><W67/><G67/><T81/><D81/><U121/><E121/><V32/><F108/><W130/><G130/><N who="2" m="49705" /><F32/><W31/><G39/><T63/><D63/><U49/><E49/><V51/><F51/><W100/><G100/><T11/><D11/><U93/><E93/><V119/><F119/><W36/><G36/><T19/><D19/><AGARI ba="2,0" hai="10,14,17,19,23,25,116,117" m="49705,48682" machi="19" ten="30,11600,0" yaku="18,1,19,1,34,2" doraHai="64" who="2" fromWho="0" sc="90,-122,270,0,290,122,350,0" owari="-32,-53.0,270,-13.0,412,51.0,350,15.0" /></mjloggm>