<mjloggm ver="2.3"><GO type="97" lobby="0"/><UN n0="%E3%81%8A%E3%82%84%E3%82%93%E3%81%9F" n1="%E5%8D%B1%E9%99%BA%E3%81%8C%E5%8D%B1%E3%81%AA%E3%81%84" n2="%6E%67%75%74%74%79" n3="%E3%82%A6%E3%83%AB%E3%83%88%E3%83%A9%E7%AB%8B%E7%9B%B4" dan="14,13,14,15" rate="1877.01,1827.49,2000.76,2042.00" sx="M,M,F,M"/><TAIKYOKU oya="0"/><INIT seed="0,0,0,0,2,17" ten="250,250,250,250" oya="0" hai0="26,63,127,118,25,50,33,88,65,123,101,30,91" hai1="36,94,11,23,117,53,5,76,133,56,99,81,61" hai2="31,72,22,60,70,0,13,74,89,32,103,75,124" hai3="108,90,46,73,62,1,107,121,12,29,39,37,109"/><T42/><D123/><U4/><E117/><V2/><F103/><W114/><G90/><T111/><D118/><U135/><E133/><V16/><F124/><W122/><G29/><T96/><D127/><U20/><E135/><V28/><F32/><W10/><G1/><T24/><D111/><U6/><E36/><V58/><F70/><W52/><G107/><N who="0" m="63911" /><D24/><U21/><E81/><V8/><F89/><W47/><G73/><T131/><D26/><U110/><E76/><V113/><F113/><W79/><G79/><T115/><D115/><U3/><REACH who="1" step="1"/><E110/><REACH who="1" ten="250,240,250,250" step="2"/><V120/><F120/><W116/><G116/><T14/><D131/><U44/><E44/><V35/><F35/><W38/><G109/><T83/><D83/><U67/><E67/><V106/><F106/><W125/><G108/><T69/><D14/><U54/><E54/><V9/><F0/><W100/><G47/><AGARI ba="0,1" hai="25,30,33,42,47,50,63,65,69,88,91" m="63911" machi="47" ten="30,2900,0" yaku="25,1,54,1" doraHai="17" who="0" fromWho="3" sc="250,39,240,0,250,0,250,-29" /><INIT seed="0,1,0,2,3,61" ten="289,240,250,221" oya="0" hai0="124,8,73,71,97,35,126,19,5,70,57,84,105" hai1="79,3,4,80,65,112,86,128,83,85,129,121,91" hai2="31,32,44,94,17,12,127,108,50,74,66,58,125" hai3="24,99,119,130,98,132,113,109,37,82,55,7,45"/><T87/><D35/><U49/><E121/><V36/><F74/><W59/><G119/><T123/><D123/><U62/><E112/><V27/><F36/><W39/><G113/><T48/><D73/><U16/><E4/><V95/><F108/><W2/><G7/><T72/><D72/><U90/><E49/><V15/><F94/><W30/><G2/><T135/><D135/><U28/><E28/><V1/><F1/><W110/><G82/><T29/><D29/><U20/><E3/><V81/><F81/><W117/><G117/><T21/><D8/><U68/><REACH who="1" step="1"/><E79/><REACH who="1" ten="289,230,250,221" step="2"/><V116/><F116/><W92/><G30/><T23/><D5/><U131/><E131/><V0/><F0/><W111/><G130/><T134/><D134/><U122/><E122/><V34/><F31/><W101/><G132/><T33/><D33/><U77/><E77/><V53/><F32/><W89/><G110/><T78/><D78/><U11/><E11/><V18/><F34/><W52/><G109/><T41/><D48/><U63/><E63/><V42/><F50/><N who="3" m="28751" /><G111/><T25/><D19/><U22/><E22/><V104/><F18/><W46/><G39/><T93/><D23/><U67/><E67/><V103/><F66/><W114/><G37/><T118/><D21/><U6/><E6/><V60/><F17/><W40/><G114/><T115/><D118/><U47/><E47/><V75/><F44/><W107/><G46/><T69/><D115/><U100/><E100/><V76/><F103/><W133/><G133/><T10/><D10/><U14/><AGARI ba="1,1" hai="14,16,20,62,65,68,80,83,85,86,90,91,128,129" machi="14" ten="30,8000,1" yaku="1,1,0,1,9,1,52,1,54,1,53,0" doraHai="61" doraHaiUra="88" who="1" fromWho="1" sc="289,-41,230,93,250,-21,221,-21" /><INIT seed="1,0,0,1,4,103" ten="248,323,229,200" oya="1" hai0="70,69,121,96,115,133,117,75,129,25,38,90,61" hai1="119,58,124,122,40,56,102,95,6,97,123,83,82" hai2="39,5,45,49,127,16,120,9,33,11,66,63,77" hai3="55,105,47,104,135,48,92,20,112,131,43,71,23"/><U50/><E124/><V64/><F120/><W76/><G112/><T18/><D38/><U132/><E132/><V68/><F127/><W110/><G71/><T34/><D133/><U7/><E119/><V46/><F33/><W72/><G135/><T89/><D34/><U37/><E123/><V125/><F125/><W62/><G110/><T93/><D75/><U41/><E122/><V31/><F31/><W13/><G131/><T26/><D129/><U98/><E102/><V91/><F77/><W74/><G92/><T130/><D130/><U27/><E27/><V107/><F107/><W111/><G111/><T53/><D121/><U14/><E14/><V94/><F66/><W109/><G109/><T106/><D106/><N who="3" m="41065" /><G76/><T86/><D117/><U0/><E95/><V29/><F29/><W101/><G101/><T28/><D115/><U2/><E50/><V15/><F39/><AGARI ba="0,0" hai="0,2,6,7,37,39,40,41,56,58,82,83,97,98" machi="39" ten="25,2400,0" yaku="22,2" doraHai="103" who="1" fromWho="2" sc="248,0,323,24,229,-24,200,0" /><INIT seed="1,1,0,2,3,84" ten="248,347,205,200" oya="1" hai0="54,71,79,95,32,66,41,119,50,39,7,40,73" hai1="128,12,126,16,1,65,109,45,88,96,77,38,78" hai2="90,135,110,115,62,121,91,81,75,113,70,46,2" hai3="86,103,134,36,94,26,101,97,57,25,10,99,28"/><U23/><E1/><V85/><F121/><W87/><G36/><T15/><D119/><U80/><E65/><N who="2" m="41271" /><F75/><W67/><G134/><T76/><D32/><U44/><E38/><V130/><F2/><W132/><G132/><T129/><D129/><U14/><E128/><V13/><F135/><W104/><G10/><T131/><D131/><U24/><E109/><V83/><F130/><W9/><G9/><T43/><D73/><U107/><E126/><V61/><F110/><W118/><G118/><T6/><D39/><U42/><E107/><V22/><F61/><W59/><G67/><T116/><D116/><U82/><E96/><V124/><F124/><W37/><G37/><T0/><D0/><U68/><E68/><V127/><F127/><W105/><G94/><T72/><D72/><U106/><E106/><V55/><F55/><W98/><G98/><T18/><D66/><U20/><E82/><N who="2" m="31243" /><F46/><N who="1" m="18025" /><E42/><V108/><F85/><W93/><G93/><T125/><D95/><U33/><E33/><V31/><F108/><W49/><G49/><T35/><D35/><U100/><E100/><V92/><F92/><W3/><G3/><T117/><D117/><U51/><E14/><V8/><F22/><W47/><G47/><N who="0" m="27999" /><D71/><U5/><E51/><V58/><F31/><AGARI ba="1,0" hai="25,26,28,31,57,59,86,87,97,99,101,103,104,105" machi="31" ten="25,1600,0" yaku="22,2" doraHai="84" who="3" fromWho="2" sc="248,0,347,0,205,-19,200,19" /><INIT seed="2,0,0,5,5,42" ten="248,347,186,219" oya="2" hai0="104,52,129,5,97,100,126,131,127,36,55,70,64" hai1="90,43,69,116,45,118,117,13,16,106,81,49,1" hai2="47,67,38,112,109,50,107,20,130,80,18,84,76" hai3="101,31,53,75,6,77,105,58,132,120,125,40,54"/><V66/><F112/><W89/><G120/><T128/><D5/><U61/><E1/><V108/><F107/><W7/><G77/><T34/><D36/><U2/><E106/><V87/><F38/><W98/><G75/><T3/><D3/><U60/><E2/><V30/><F30/><W26/><G40/><T12/><D12/><U82/><E69/><V28/><F28/><W17/><G17/><T56/><D56/><U85/><REACH who="1" step="1"/><E82/><REACH who="1" ten="248,337,186,219" step="2"/><V62/><F130/><W24/><G105/><T32/><D55/><U111/><E111/><N who="2" m="42571" /><F62/><W119/><G54/><T86/><D52/><U99/><E99/><V68/><F68/><W92/><G53/><T93/><D93/><U133/><E133/><V91/><F91/><W22/><G89/><T74/><D74/><U27/><E27/><N who="2" m="14743" /><F87/><W0/><G132/><T94/><D86/><U110/><E110/><V88/><F76/><W135/><G135/><T14/><D94/><U121/><E121/><V51/><F51/><W96/><G92/><T25/><D14/><U10/><AGARI ba="0,1" hai="10,13,16,43,45,49,60,61,81,85,90,116,117,118" machi="10" ten="30,7900,0" yaku="1,1,0,1,52,1,54,1,53,0" doraHai="42" doraHaiUra="35" who="1" fromWho="1" sc="248,-20,337,89,186,-39,219,-20" /><INIT seed="3,0,0,1,1,95" ten="228,426,147,199" oya="3" hai0="26,10,52,21,114,14,2,62,57,70,104,64,134" hai1="86,48,59,73,29,68,72,49,118,120,75,98,44" hai2="54,8,135,109,65,122,79,7,110,100,102,15,34" hai3="6,40,90,96,32,18,91,41,37,46,78,30,17"/><W101/><G41/><T31/><D114/><U20/><E49/><V33/><F65/><W74/><G30/><T117/><D117/><U27/><E98/><V131/><F79/><W36/><G32/><N who="2" m="12393" /><F54/><W80/><G37/><T25/><D104/><U19/><E68/><V85/><F85/><W47/><G47/><T112/><D112/><U127/><E19/><V126/><F100/><W42/><G42/><T24/><D2/><U63/><E20/><V111/><F102/><W94/><G6/><T119/><D134/><U23/><E27/><V4/><F4/><W125/><G125/><T12/><D119/><U77/><E120/><V39/><F39/><W103/><G103/><T81/><D81/><U87/><E29/><V105/><F105/><W89/><AGARI ba="0,0" hai="17,18,36,40,46,74,78,80,89,90,91,94,96,101" machi="89" ten="30,3000,0" yaku="0,1,52,1" doraHai="95" who="3" fromWho="3" sc="228,-10,426,-10,147,-10,199,30" /><INIT seed="3,1,0,2,4,81" ten="218,416,137,229" oya="3" hai0="86,22,77,45,111,125,25,14,114,0,71,109,55" hai1="97,64,32,90,30,48,20,72,106,104,82,18,128" hai2="115,117,5,33,47,24,58,119,99,107,74,93,59" hai3="21,135,88,16,40,134,51,13,121,122,98,130,52"/><W60/><G130/><T110/><D71/><U36/><E32/><V29/><F115/><W87/><G98/><T56/><D0/><U4/><E36/><V80/><F107/><W101/><G101/><T84/><D114/><U49/><E4/><V34/><F34/><W83/><G60/><T27/><D77/><U116/><E116/><V89/><F5/><W6/><G40/><T123/><D123/><U63/><E30/><V15/><F74/><W85/><G6/><T76/><D76/><U43/><E72/><V124/><F124/><W46/><G87/><N who="0" m="33323" /><D45/><U11/><E48/><V23/><F80/><W108/><G108/><T65/><D65/><U54/><E11/><V94/><F58/><W68/><G68/><T61/><D125/><U129/><E82/><V62/><F47/><W131/><G131/><N who="1" m="50250" /><E90/><V41/><F41/><W28/><G28/><T3/><D3/><U31/><E31/><V1/><F1/><W73/><G73/><T118/><D118/><U67/><E43/><V95/><F119/><W103/><G103/><T50/><D61/><U57/><E64/><V102/><F117/><W132/><AGARI ba="1,0" hai="13,16,21,46,51,52,83,85,88,121,122,132,134,135" machi="132" ten="30,18000,2" yaku="0,1,20,1,52,1,54,3" doraHai="81" who="3" fromWho="3" sc="218,-61,416,-61,137,-61,229,183" owari="157,-24.0,355,16.0,76,-42.0,412,50.0" /></mjloggm>