<mjloggm ver="2.3"><GO type="97" lobby="0"/><UN n0="%6D%61%62%6F%6F%6F" n1="%4E%65%6C" n2="%65%74%61%6B%61%32%34" n3="%E3%82%A6%E3%83%AB%E3%83%88%E3%83%A9%E7%AB%8B%E7%9B%B4" dan="15,14,13,15" rate="2029.25,1882.70,1913.96,1951.08" sx="M,M,M,M"/><TAIKYOKU oya="0"/><INIT seed="0,0,0,1,0,67" ten="250,250,250,250" oya="0" hai0="19,133,33,131,105,20,82,66,98,113,68,35,47" hai1="81,21,40,114,73,79,102,6,118,132,99,45,10" hai2="59,89,2,26,5,69,88,120,42,123,49,39,93" hai3="129,126,108,58,16,13,78,1,9,75,23,104,8"/><T109/><D113/><U100/><E118/><V29/><F69/><W15/><G104/><T74/><D131/><U80/><E132/><V48/><F5/><W4/><G129/><T87/><D47/><U62/><E62/><V103/><F2/><W106/><G106/><T57/><D74/><U41/><E114/><V112/><F39/><W124/><G78/><T116/><D116/><U53/><E21/><N who="2" m="15567" /><F112/><W31/><G75/><T134/><D57/><U24/><E24/><V54/><F120/><W34/><G58/><T115/><D115/><U72/><E53/><V18/><F123/><W56/><G56/><T117/><D117/><U46/><E99/><N who="2" m="59887" /><F18/><N who="3" m="8495" /><G108/><T83/><D109/><U27/><E27/><AGARI ba="0,0" hai="1,4,8,15,16,23,27,31,34,124,126" m="8495" machi="27" ten="30,7700,0" yaku="24,1,34,2,54,1" doraHai="67" who="3" fromWho="1" sc="250,0,250,-77,250,0,250,77" /><INIT seed="1,0,0,1,3,122" ten="250,173,250,327" oya="1" hai0="50,81,102,64,83,54,19,52,29,58,125,32,91" hai1="90,47,95,121,101,80,43,107,62,27,94,7,67" hai2="36,110,59,133,135,48,22,129,118,98,41,46,60" hai3="97,93,87,25,116,72,84,37,31,66,34,13,99"/><U96/><E121/><V38/><F98/><W85/><G37/><N who="2" m="14441" /><F22/><W74/><G116/><T10/><D64/><U23/><E7/><V20/><F20/><W65/><G13/><T88/><D125/><U131/><E131/><V89/><F89/><N who="0" m="34378" /><D32/><U108/><E108/><V6/><F6/><W61/><G66/><T109/><D29/><U49/><E80/><N who="0" m="30793" /><D109/><U55/><E43/><V127/><F110/><W112/><G112/><T8/><D54/><U115/><E115/><V56/><F118/><W119/><G119/><T123/><D102/><U16/><REACH who="1" step="1"/><E90/><REACH who="1" ten="250,163,250,327" step="2"/><V3/><F129/><W105/><G99/><T21/><D123/><U113/><E113/><V42/><F127/><W79/><G97/><T126/><D126/><U44/><E44/><V12/><F41/><W132/><G79/><T120/><D120/><U14/><E14/><AGARI ba="0,1" hai="8,10,14,19,21,50,52,58" m="30793,34378" machi="14" ten="30,3900,0" yaku="8,1,54,2" doraHai="122" who="0" fromWho="1" sc="250,49,163,-39,250,0,327,0" /><INIT seed="2,0,0,3,3,21" ten="299,124,250,327" oya="2" hai0="69,57,109,15,98,13,91,18,30,61,33,17,35" hai1="119,118,9,62,6,73,27,16,2,24,55,14,20" hai2="34,45,22,93,4,113,124,86,115,0,88,51,100" hai3="12,58,106,133,85,92,32,105,44,39,127,47,101"/><V52/><F124/><W79/><G32/><T116/><D69/><U46/><E73/><V129/><F34/><W38/><G127/><T123/><D116/><U23/><E62/><V43/><F129/><W56/><G12/><T19/><D123/><U7/><E46/><V89/><F4/><W126/><G126/><T117/><D117/><U107/><E107/><V78/><F0/><W104/><G133/><T108/><D98/><U112/><E55/><V60/><F78/><W87/><G79/><T54/><D35/><U110/><E110/><N who="0" m="42601" /><D91/><U59/><E59/><N who="2" m="34919" /><F100/><W26/><G104/><T41/><D41/><U8/><E112/><V97/><F115/><W74/><G101/><T102/><D102/><U99/><E99/><V128/><F113/><W103/><G103/><T130/><D130/><U125/><E125/><V132/><F128/><W53/><G105/><T84/><D84/><U96/><E96/><V37/><F132/><W11/><G106/><T80/><D80/><U29/><AGARI ba="0,0" hai="2,6,7,8,9,14,16,20,23,24,27,29,118,119" machi="29" ten="20,16000,3" yaku="0,1,7,1,34,3,52,2,54,1" doraHai="21" who="1" fromWho="1" sc="299,-40,124,160,250,-80,327,-40" /><INIT seed="3,0,0,3,3,79" ten="259,284,170,287" oya="3" hai0="53,17,6,60,66,42,103,33,50,23,32,25,76" hai1="13,52,29,90,4,62,97,120,130,108,85,83,48" hai2="21,123,10,81,98,116,74,37,24,111,8,101,75" hai3="46,87,59,34,69,92,112,124,72,30,86,64,70"/><W14/><G72/><T77/><D42/><U118/><E120/><V107/><F37/><W36/><G112/><T93/><D6/><U65/><E108/><V88/><F116/><W73/><G73/><T38/><D38/><U100/><E130/><V49/><F111/><W104/><G59/><T63/><D63/><U26/><E118/><V115/><F123/><W134/><G14/><T106/><D106/><U19/><E4/><V31/><F115/><W94/><G124/><T45/><D33/><U18/><E13/><V128/><F128/><W55/><G134/><T0/><D0/><U113/><E113/><V35/><F35/><W131/><G131/><T3/><D3/><U16/><E65/><V119/><F119/><W39/><G104/><T105/><D105/><U133/><E62/><V82/><F75/><W57/><G57/><T67/><D32/><U121/><E133/><V122/><F74/><W78/><G64/><N who="0" m="24619" /><D60/><U80/><E121/><V61/><F122/><W47/><G55/><T58/><D58/><N who="1" m="33031" /><E100/><V15/><F61/><W12/><G34/><T126/><D126/><U129/><E97/><AGARI ba="0,0" hai="17,23,25,45,50,53,76,77,93,97,103" m="24619" machi="97" ten="30,1000,0" yaku="8,1" doraHai="79" who="0" fromWho="1" sc="259,10,284,-10,170,0,287,0" /><INIT seed="4,0,0,5,4,129" ten="269,274,170,287" oya="0" hai0="118,111,65,91,119,62,20,23,48,74,18,113,134" hai1="9,42,97,45,115,85,109,99,1,59,57,21,124" hai2="32,31,34,25,10,2,70,95,15,41,7,24,8" hai3="73,108,44,117,26,83,87,58,12,33,89,84,54"/><T133/><D74/><U6/><E109/><V132/><F70/><W0/><G0/><T102/><D111/><U4/><E124/><V110/><F41/><W125/><G73/><T37/><D37/><U56/><E115/><V17/><F95/><W96/><G125/><T30/><D102/><U82/><E21/><V27/><F110/><W68/><G68/><T78/><D78/><N who="1" m="46295" /><E1/><V135/><REACH who="2" step="1"/><F24/><REACH who="2" ten="269,274,160,287" step="2"/><W72/><G26/><N who="0" m="16735" /><D113/><U29/><E42/><V39/><F39/><W51/><G108/><T80/><D119/><U79/><E45/><V66/><F66/><W130/><G44/><T55/><D118/><U86/><E79/><V11/><F11/><W90/><G117/><T104/><D104/><U19/><E9/><V123/><F123/><W64/><G64/><T40/><D40/><U112/><E112/><V14/><F14/><W76/><G12/><T77/><D77/><U67/><E67/><V100/><F100/><W131/><G76/><T43/><D43/><U92/><E92/><V46/><F46/><W61/><G72/><T120/><D120/><U63/><E59/><V127/><F127/><W49/><G58/><N who="0" m="33127" /><D65/><U128/><E57/><V71/><F71/><W3/><G3/><T60/><D80/><U13/><E56/><V98/><F98/><W103/><G96/><T16/><D91/><U75/><E75/><V35/><F35/><W22/><G89/><T126/><D126/><U36/><E99/><V69/><F69/><W88/><G90/><T28/><D20/><U114/><E97/><V94/><F94/><N who="3" m="54535" /><G22/><T81/><D81/><U105/><E105/><RYUUKYOKU ba="0,1" sc="269,-10,274,-10,160,30,287,-10" hai2="2,7,8,10,15,17,25,27,31,32,34,132,135" /><INIT seed="5,1,1,0,5,15" ten="259,264,190,277" oya="1" hai0="68,2,28,74,1,43,35,87,17,66,19,47,53" hai1="77,84,86,115,94,99,40,5,122,92,132,100,34" hai2="60,116,112,61,8,51,14,12,108,44,104,134,23" hai3="4,129,37,45,98,79,102,107,90,73,135,52,59"/><U76/><E34/><V6/><F104/><W82/><G129/><T54/><D74/><U89/><E122/><V9/><F116/><W38/><G135/><T39/><D35/><U93/><E132/><V55/><F108/><W126/><G126/><T18/><D28/><U57/><E57/><V105/><F112/><W22/><G4/><T88/><D68/><U69/><E69/><V0/><F105/><W95/><G22/><T113/><D66/><U13/><E115/><V111/><F0/><W71/><G45/><T114/><D114/><U118/><E118/><V130/><F111/><W123/><G71/><T124/><D113/><U128/><E128/><V10/><F130/><W20/><G20/><T91/><D124/><U117/><E117/><V101/><F101/><W67/><G67/><T64/><D64/><U56/><E56/><V70/><F70/><W48/><G123/><T81/><REACH who="0" step="1"/><D91/><REACH who="0" ten="249,264,190,277" step="2"/><U36/><E89/><V106/><F134/><W78/><G79/><T63/><D63/><U21/><E76/><V26/><F106/><W50/><G48/><T30/><D30/><U49/><E77/><V85/><F6/><W46/><G46/><T58/><D58/><U62/><E62/><V29/><REACH who="2" step="1"/><F85/><AGARI ba="1,2" hai="37,38,50,52,59,73,78,82,85,90,95,98,102,107" machi="85" ten="30,7700,0" yaku="7,1,24,2,54,1" doraHai="15" who="3" fromWho="2" sc="249,0,264,0,190,-80,277,100" owari="249,-15.0,264,6.0,110,-39.0,377,48.0" /></mjloggm>