<mjloggm ver="2.3"><GO type="225" lobby="0"/><UN n0="%56%76%56%76%56" n1="%E3%82%BF%E3%83%8A%E3%82%AE" n2="%E3%83%AA%E3%83%A7%E3%82%AA" n3="%E3%82%A6%E3%83%AB%E3%83%88%E3%83%A9%E7%AB%8B%E7%9B%B4" dan="16,17,16,16" rate="2092.07,2150.47,2110.38,2025.07" sx="M,M,M,M"/><TAIKYOKU oya="0"/><INIT seed="0,0,0,4,0,119" ten="250,250,250,250" oya="0" hai0="76,102,46,69,87,89,113,60,130,0,127,96,80" hai1="129,53,20,65,27,108,59,93,97,86,32,57,44" hai2="121,116,134,132,66,50,34,67,13,28,101,131,99" hai3="122,98,126,64,31,7,10,15,17,105,29,124,6"/><T25/><D113/><U81/><E108/><V112/><F121/><W100/><G64/><T39/><D0/><U48/><E129/><V84/><F116/><W47/><G47/><T36/><D130/><U135/><E32/><V90/><F131/><W91/><G91/><T77/><D127/><N who="3" m="48681" /><G122/><T79/><D46/><U74/><E135/><N who="2" m="51755" /><F112/><W92/><G105/><T19/><D69/><U52/><E74/><V33/><F50/><W9/><G17/><T58/><D19/><N who="1" m="12703" /><E65/><N who="2" m="24587" /><F28/><W23/><G23/><T37/><D25/><U4/><E4/><V104/><F13/><AGARI ba="0,0" hai="6,7,9,10,13,15,29,31,92,98,100" m="48681" machi="13" ten="30,1000,0" yaku="18,1" doraHai="119" who="3" fromWho="2" sc="250,0,250,0,250,-10,250,10" /><INIT seed="1,0,0,3,5,118" ten="250,250,240,260" oya="1" hai0="25,120,6,88,56,49,96,125,60,22,33,18,99" hai1="94,40,135,13,36,71,108,3,116,72,130,110,46" hai2="127,32,11,61,117,128,82,101,51,102,115,28,20" hai3="57,54,27,39,131,93,126,103,77,84,98,2,92"/><U95/><E116/><V59/><F117/><W100/><G2/><T5/><D125/><U0/><E72/><V41/><F127/><W86/><G39/><T111/><D111/><N who="1" m="42539" /><E130/><V113/><F32/><W68/><G68/><T50/><D33/><U62/><E135/><V66/><F11/><W132/><G126/><T55/><D120/><U121/><E121/><V129/><F82/><W48/><G132/><T76/><D76/><U7/><E13/><V47/><F20/><W80/><G131/><N who="2" m="50249" /><F28/><W81/><G27/><T97/><D88/><U17/><E17/><V89/><F89/><W75/><REACH who="3" step="1"/><G81/><REACH who="3" ten="250,250,240,250" step="2"/><T83/><D83/><U112/><E3/><V106/><F106/><W58/><G58/><T21/><D22/><U69/><E69/><V64/><F102/><W19/><G19/><T14/><D25/><U1/><E1/><V35/><F101/><W114/><G114/><N who="2" m="43529" /><F35/><W74/><G74/><T23/><D23/><U26/><E112/><V37/><F37/><W123/><G123/><T78/><D78/><U67/><E26/><V24/><F24/><W91/><G91/><T12/><D14/><U15/><E15/><V29/><F29/><W44/><G44/><T119/><D119/><U42/><E0/><V133/><F133/><W31/><G31/><T8/><D21/><U85/><E7/><AGARI ba="0,1" hai="5,6,7,8,12,18,49,50,55,56,60,96,97,99" machi="7" ten="40,1300,0" yaku="8,1" doraHai="118" who="0" fromWho="1" sc="250,23,250,-13,240,0,250,0" /><INIT seed="2,0,0,2,0,78" ten="273,237,240,250" oya="2" hai0="129,56,135,110,46,22,105,1,107,41,31,11,69" hai1="113,34,26,89,68,120,12,124,53,70,39,80,77" hai2="51,74,109,111,86,132,106,126,128,48,93,134,25" hai3="98,35,83,3,65,115,60,57,47,37,2,28,32"/><V10/><F106/><W40/><G115/><T101/><D69/><U121/><E113/><V92/><F74/><W63/><G32/><T52/><D135/><N who="2" m="51754" /><F128/><W49/><G28/><T19/><D31/><N who="1" m="19831" /><E39/><V122/><F126/><W42/><G35/><T64/><D129/><U85/><E124/><V4/><F25/><W44/><G98/><T62/><D101/><U99/><E12/><N who="2" m="5191" /><F122/><N who="1" m="47209" /><E53/><V133/><F133/><W20/><G20/><T119/><D119/><U18/><E18/><V50/><F86/><W13/><G13/><T55/><D107/><U8/><E8/><V66/><F66/><W112/><G112/><T29/><D105/><U58/><E58/><V87/><F87/><W72/><REACH who="3" step="1"/><G63/><REACH who="3" ten="273,237,240,240" step="2"/><T94/><D29/><U30/><E30/><V9/><F9/><W43/><G43/><T61/><D61/><U15/><E15/><V73/><F73/><W36/><G36/><T103/><D11/><U102/><E99/><V97/><F97/><W100/><G100/><T21/><D41/><U95/><E102/><V118/><F118/><W23/><G23/><T14/><D103/><U16/><E16/><V79/><F79/><AGARI ba="0,1" hai="2,3,37,40,42,44,47,49,57,60,65,72,79,83" machi="79" ten="40,2600,0" yaku="1,1,52,1,53,0" doraHai="78" doraHaiUra="88" who="3" fromWho="2" sc="273,0,237,0,240,-26,240,36" /><INIT seed="3,0,0,4,0,54" ten="273,237,214,276" oya="3" hai0="57,35,50,77,60,8,104,123,33,79,13,72,101" hai1="98,17,115,56,64,134,83,51,68,132,52,86,121" hai2="24,91,41,129,85,46,22,95,42,119,87,116,15" hai3="12,11,89,109,10,1,82,16,29,20,124,26,133"/><W93/><G124/><T92/><D104/><U99/><E121/><V61/><F129/><W4/><G133/><N who="1" m="51306" /><E115/><V107/><F107/><W45/><G109/><T108/><D108/><U112/><E112/><V23/><F15/><W5/><G45/><T14/><D123/><U19/><E68/><V69/><F42/><W96/><G82/><T6/><D50/><U28/><E28/><V75/><F75/><W127/><REACH who="3" step="1"/><G127/><REACH who="3" ten="273,237,214,266" step="2"/><T58/><D72/><U126/><E126/><V25/><F119/><W131/><G131/><T43/><D43/><U34/><E83/><V7/><F116/><W103/><G103/><T21/><D101/><U84/><E99/><N who="2" m="57855" /><F7/><AGARI ba="0,1" hai="1,4,5,7,10,11,12,16,20,26,29,89,93,96" machi="7" ten="40,3900,0" yaku="1,1,54,1,53,0" doraHai="54" doraHaiUra="65" who="3" fromWho="2" sc="273,0,237,0,214,-39,266,49" owari="273,7.0,237,-16.0,175,-32.0,315,41.0" /></mjloggm>