<mjloggm ver="2.3"><GO type="97" lobby="0"/><UN n0="%6D%69%79%75" n1="%E5%8D%81%E5%85%AD%E8%8C%B6%EF%BC%A0%EF%BD%8B%EF%BD%93%EF%BD%8B" n2="%E3%82%A6%E3%83%AB%E3%83%88%E3%83%A9%E7%AB%8B%E7%9B%B4" n3="%E3%82%84%E3%82%93%E3%82%84%E3%82%93" dan="14,14,16,15" rate="1888.52,1933.17,1985.17,1971.09" sx="M,M,M,M"/><TAIKYOKU oya="0"/><INIT seed="0,0,0,4,5,49" ten="250,250,250,250" oya="0" hai0="10,16,47,103,65,113,80,78,37,125,17,15,0" hai1="38,95,23,118,44,2,68,4,72,25,63,126,99" hai2="45,119,111,52,11,132,24,50,34,86,104,41,12" hai3="81,42,92,51,35,30,70,129,1,69,40,106,84"/><T75/><D113/><U64/><E118/><V116/><F104/><W5/><G106/><T121/><D121/><U101/><E126/><V62/><F111/><W26/><G129/><T115/><D115/><U13/><E72/><V83/><F132/><W130/><G130/><T71/><D125/><U55/><E2/><V122/><F122/><W112/><G112/><T60/><D103/><U33/><E33/><V127/><F127/><W19/><G92/><T14/><D14/><U29/><E4/><N who="2" m="3175" /><F24/><W32/><G32/><T59/><D71/><U39/><E13/><V102/><F102/><W57/><G42/><N who="0" m="22991" /><D15/><U108/><E108/><V58/><F34/><W53/><G40/><T6/><AGARI ba="0,0" hai="0,6,10,16,17,59,60,65,75,78,80" m="22991" machi="6" ten="30,3000,0" yaku="25,1,54,1" doraHai="49" who="0" fromWho="0" sc="250,30,250,-10,250,-10,250,-10" /><INIT seed="0,1,0,4,4,124" ten="280,240,240,240" oya="0" hai0="81,110,106,82,91,86,128,41,133,125,49,1,4" hai1="117,28,103,135,0,68,16,18,11,105,14,99,7" hai2="30,72,52,58,27,56,64,109,121,15,88,78,51" hai3="95,107,25,53,77,31,60,74,3,131,123,57,94"/><T63/><D125/><U114/><E117/><V70/><F70/><W101/><G3/><T43/><D106/><U65/><E135/><V35/><F121/><W54/><G123/><T47/><D133/><U118/><E118/><V22/><F109/><W84/><G107/><T2/><D110/><U129/><E129/><V89/><F78/><W116/><G116/><T44/><D4/><U113/><E28/><V20/><F72/><W61/><G74/><T122/><D122/><U12/><E68/><V29/><F35/><W50/><G131/><T37/><D128/><U87/><E87/><V120/><F120/><W67/><G101/><T55/><REACH who="0" step="1"/><D81/><REACH who="0" ten="270,240,240,240" step="2"/><U33/><E114/><V119/><F119/><W42/><G95/><T5/><D5/><U59/><E113/><V40/><F40/><W73/><G42/><T108/><D108/><U9/><E7/><V32/><F32/><W80/><G94/><T83/><D83/><U132/><E33/><V75/><F75/><W102/><G73/><T127/><D127/><U104/><E132/><V13/><F13/><W48/><G80/><T39/><D39/><U112/><E112/><V134/><F134/><W23/><G25/><T76/><D76/><U38/><E38/><V62/><F15/><W93/><G77/><T90/><D90/><U34/><E34/><V6/><F6/><W10/><G93/><T96/><D96/><U46/><E105/><V21/><F27/><W26/><G26/><T36/><D36/><U130/><E130/><V111/><F111/><W8/><G102/><T17/><D17/><U85/><E103/><RYUUKYOKU ba="1,1" sc="270,15,240,-15,240,15,240,-15" hai0="1,2,37,41,43,44,47,49,55,63,82,86,91" hai2="20,21,22,29,30,51,52,56,58,62,64,88,89" /><INIT seed="0,2,1,3,2,117" ten="285,225,255,225" oya="0" hai0="112,134,21,46,37,124,102,48,97,51,60,72,14" hai1="88,71,30,32,130,39,53,16,1,104,84,76,24" hai2="17,34,33,57,92,132,64,7,109,66,47,6,95" hai3="28,29,23,121,126,115,101,111,62,108,89,114,125"/><T59/><D112/><N who="3" m="43049" /><G101/><T20/><D72/><U70/><E1/><V68/><F68/><W5/><G62/><T35/><D35/><U54/><E39/><V82/><F82/><W3/><G89/><T69/><D124/><N who="3" m="47721" /><G121/><T94/><D134/><U27/><E130/><V50/><F57/><W93/><G93/><T65/><D37/><U42/><E42/><V61/><F61/><W119/><G119/><T8/><D69/><U106/><E76/><V31/><F50/><N who="0" m="18986" /><D46/><U77/><E77/><V113/><F47/><W52/><G52/><T56/><D56/><U103/><E71/><V55/><F55/><W15/><G3/><T99/><D99/><U78/><E78/><V43/><F43/><W12/><G5/><AGARI ba="2,1" hai="5,8,14,20,21,59,60,65,94,97,102" m="18986" machi="5" ten="30,1500,0" yaku="8,1" doraHai="117" who="0" fromWho="3" sc="285,31,225,0,255,0,225,-21" /><INIT seed="0,3,0,2,1,75" ten="316,225,255,204" oya="0" hai0="8,99,102,121,5,77,3,73,67,48,98,84,38" hai1="1,112,80,74,133,90,54,100,104,4,15,62,66" hai2="127,132,117,37,123,83,114,24,87,60,101,43,18" hai3="131,50,120,111,79,35,78,41,122,33,109,11,34"/><T57/><D121/><N who="3" m="46697" /><G11/><T130/><D38/><U61/><E1/><V28/><F123/><W103/><G103/><T116/><D116/><U12/><E133/><V88/><F114/><W32/><N who="3" m="8704" /><DORA hai="108" /><W6/><G6/><T110/><D73/><U97/><E112/><V82/><F132/><W58/><G58/><T20/><D110/><N who="3" m="41993" /><G131/><T76/><D130/><U9/><E4/><V95/><F101/><W26/><G26/><T105/><D99/><U126/><E9/><V14/><F117/><W94/><G94/><T23/><D84/><U92/><E100/><V44/><F60/><W118/><G118/><T25/><D20/><U46/><E62/><V36/><F95/><W81/><G81/><T16/><REACH who="0" step="1"/><D67/><REACH who="0" ten="306,225,255,204" step="2"/><U107/><E97/><V0/><F37/><W30/><G30/><T128/><D128/><U86/><E66/><V49/><F36/><W53/><G41/><T55/><AGARI ba="3,1" hai="3,5,8,16,23,25,48,55,57,76,77,98,102,105" machi="55" ten="30,18000,2" yaku="1,1,0,1,52,2,54,1,53,2" doraHai="75,108" doraHaiUra="51,22" who="0" fromWho="0" sc="306,199,225,-63,255,-63,204,-63" /><INIT seed="0,4,0,2,2,9" ten="505,162,192,141" oya="0" hai0="91,51,40,126,76,132,20,29,19,26,98,59,95" hai1="21,57,88,24,30,3,74,0,4,125,108,86,110" hai2="39,56,115,44,109,123,97,72,128,1,81,47,93" hai3="62,25,23,82,80,22,116,100,11,13,46,71,131"/><T69/><D69/><U96/><E125/><V61/><F123/><W5/><G116/><T48/><D126/><U43/><E74/><V119/><F115/><W8/><G131/><T32/><D132/><U68/><E68/><V18/><F119/><W64/><G100/><T55/><D76/><U66/><E43/><V101/><F128/><W112/><G112/><T75/><D75/><U63/><E96/><V102/><F109/><N who="1" m="42089" /><E4/><V73/><F1/><W117/><G117/><T83/><D83/><AGARI ba="4,0" hai="0,3,21,24,30,57,63,66,83,86,88" m="42089" machi="83" ten="30,2000,0" yaku="14,1,54,1" doraHai="9" who="1" fromWho="0" sc="505,-32,162,32,192,0,141,0" /><INIT seed="1,0,0,3,2,89" ten="473,194,192,141" oya="1" hai0="23,105,73,99,19,43,41,116,18,12,31,46,109" hai1="77,85,54,128,129,67,121,93,70,52,40,57,125" hai2="42,65,133,71,68,8,28,84,51,44,55,66,17" hai3="79,95,103,81,76,106,127,120,102,56,37,100,69"/><U113/><E121/><V82/><F28/><W39/><G69/><T47/><D116/><U108/><E70/><V124/><F124/><W13/><G120/><T0/><D0/><U60/><E113/><V75/><F75/><W50/><G127/><T11/><D73/><U97/><E125/><V26/><F133/><W15/><G106/><T122/><D122/><U34/><E34/><V80/><F80/><W126/><G126/><T61/><D31/><U74/><E74/><V123/><F123/><W119/><G119/><T63/><D109/><U104/><E40/><N who="0" m="15433" /><D105/><U62/><E62/><N who="0" m="23561" /><D99/><U58/><E104/><V101/><F68/><W32/><G32/><T14/><AGARI ba="0,0" hai="11,12,14,18,19,23,46,47" m="23561,15433" machi="14" ten="30,1100,0" yaku="8,1" doraHai="89" who="0" fromWho="0" sc="473,11,194,-5,192,-3,141,-3" /><INIT seed="2,0,0,1,5,85" ten="484,189,189,138" oya="2" hai0="20,43,99,105,40,67,15,53,88,122,65,127,117" hai1="8,98,5,128,12,79,32,30,89,94,39,63,3" hai2="49,119,129,73,74,134,100,58,110,83,68,19,66" hai3="34,42,26,96,97,118,31,7,37,78,57,48,125"/><V115/><F68/><W47/><G118/><T25/><D117/><U116/><E116/><V60/><F119/><W113/><G125/><T104/><D122/><U50/><E39/><V130/><F115/><W4/><G113/><T29/><D127/><U121/><E128/><N who="2" m="49259" /><F134/><W102/><G78/><T56/><D105/><U6/><E121/><V76/><F110/><W93/><G97/><T24/><D104/><U71/><E79/><V126/><F126/><W87/><G87/><T55/><D15/><U13/><E6/><V38/><F38/><W27/><G27/><T109/><D109/><U124/><E124/><V22/><F49/><W75/><G75/><T21/><D99/><U10/><E8/><V131/><N who="2" m="49267" /><V111/><DORA hai="120" /><F100/><W106/><G106/><T18/><D43/><U52/><E30/><V92/><F92/><W84/><G84/><T23/><D40/><U95/><E32/><V69/><F69/><W114/><G114/><T108/><D108/><U86/><E63/><V51/><F51/><W11/><REACH who="3" step="1"/><G11/><REACH who="3" ten="484,189,189,128" step="2"/><T1/><D25/><U72/><E72/><N who="2" m="43399" /><F111/><W135/><G135/><T70/><D70/><U112/><E71/><V36/><F36/><W41/><G41/><T44/><D24/><AGARI ba="0,1" hai="19,22,24,58,60,66,73,74" m="43399,49267" machi="24" ten="40,2000,0" yaku="19,1" doraHai="85,120" who="2" fromWho="0" sc="484,-20,189,0,189,30,128,0" /><INIT seed="2,1,0,1,0,60" ten="464,189,219,128" oya="2" hai0="52,98,23,88,58,20,31,21,73,99,134,115,68" hai1="27,130,67,51,57,95,26,39,79,78,6,15,125" hai2="132,113,120,109,94,97,29,96,86,114,59,126,128" hai3="84,45,49,110,124,103,106,112,8,89,24,4,9"/><V35/><F35/><W108/><G112/><T117/><D73/><U92/><E39/><V74/><F29/><W122/><G122/><T50/><D115/><U102/><E125/><V11/><F74/><W83/><G124/><T42/><D68/><U37/><E130/><V46/><F120/><W56/><G106/><T0/><D0/><U5/><E37/><V63/><F126/><W47/><G103/><T16/><D134/><U85/><E102/><V107/><F107/><W44/><G24/><N who="1" m="9258" /><E15/><V72/><F72/><W100/><G100/><T10/><D117/><U71/><E71/><V40/><F132/><W61/><G110/><T116/><D116/><U81/><E78/><V53/><F109/><W64/><G108/><T41/><D31/><U90/><E79/><V48/><F128/><W7/><REACH who="3" step="1"/><G49/><REACH who="3" ten="464,189,219,118" step="2"/><T25/><D25/><U77/><E51/><V127/><F127/><W66/><G66/><T62/><D50/><U30/><E67/><V22/><F114/><W105/><G105/><T33/><D33/><U133/><E133/><V70/><F113/><W2/><G2/><T119/><D119/><U131/><E131/><V14/><F70/><W87/><G87/><T17/><D99/><U28/><E85/><V123/><F123/><W38/><G38/><T121/><D121/><U69/><E69/><V54/><F86/><W55/><G55/><T111/><D111/><U1/><E1/><V43/><F97/><W75/><G75/><T34/><D34/><U82/><E30/><V3/><F3/><W18/><G18/><T93/><D17/><U101/><E28/><RYUUKYOKU ba="1,1" sc="464,15,189,-15,219,-15,118,15" hai0="10,16,20,21,23,41,42,52,58,62,88,93,98" hai3="4,7,8,9,44,45,47,56,61,64,83,84,89" /><INIT seed="3,2,1,2,4,123" ten="479,174,204,133" oya="3" hai0="89,119,92,34,38,53,114,133,58,104,54,27,32" hai1="36,130,116,124,41,125,67,134,2,128,24,94,110" hai2="132,35,117,93,96,33,95,73,107,60,18,106,63" hai3="17,105,68,43,127,59,40,74,10,26,5,131,29"/><W44/><G68/><T71/><D119/><U87/><E67/><V120/><F18/><W115/><G115/><T20/><D104/><U99/><E116/><V3/><F96/><W66/><G105/><T83/><D71/><U21/><E2/><V90/><F90/><W56/><G74/><T103/><D38/><U85/><E41/><V65/><F65/><W51/><G131/><N who="1" m="50218" /><E110/><V50/><F50/><W46/><G127/><N who="1" m="48714" /><E36/><V126/><F126/><W42/><G17/><T28/><D114/><U98/><E98/><V57/><F117/><W45/><G51/><T101/><D133/><U112/><E112/><V23/><F132/><W86/><G86/><N who="0" m="50399" /><D34/><U135/><E87/><V80/><F3/><W16/><G66/><T15/><D32/><U108/><E85/><V9/><F73/><W52/><G52/><N who="0" m="20075" /><D58/><U82/><E108/><V62/><F57/><W70/><G70/><T22/><D92/><U91/><E82/><V78/><F80/><W77/><G77/><T69/><D69/><U122/><E122/><V129/><F78/><W72/><G72/><T102/><D103/><U111/><E111/><V84/><F129/><W64/><G64/><T0/><D0/><U48/><E48/><V88/><F120/><W81/><G81/><T4/><D20/><U14/><E14/><V37/><F23/><N who="3" m="15583" /><G5/><T39/><D39/><U25/><E25/><V30/><F37/><W76/><G76/><T100/><D100/><U75/><E75/><V11/><F63/><W12/><AGARI ba="2,1" hai="10,12,16,40,42,43,44,45,46,56,59" m="15583" machi="12" ten="40,3900,0" yaku="8,1,54,1" doraHai="123" who="3" fromWho="3" sc="479,-15,174,-15,204,-15,133,55" /><INIT seed="3,3,0,1,2,122" ten="464,159,189,188" oya="3" hai0="38,22,111,107,17,45,88,2,13,104,6,131,80" hai1="58,1,110,24,53,101,32,130,63,10,105,133,47" hai2="33,41,118,26,9,64,106,116,59,7,15,71,78" hai3="86,69,72,66,128,19,135,89,132,82,114,129,11"/><W108/><G114/><T77/><D111/><U65/><E110/><V73/><F59/><W102/><G108/><T75/><D131/><N who="3" m="50249" /><G66/><T115/><D115/><U49/><E130/><V98/><F41/><W123/><G69/><T20/><D20/><U74/><E133/><N who="3" m="51274" /><G123/><T92/><D6/><U34/><E74/><V112/><F78/><N who="3" m="44359" /><G11/><T113/><D2/><U100/><E105/><V84/><F84/><W55/><G55/><T51/><D113/><U68/><E1/><V3/><F73/><W83/><G19/><T43/><D38/><U12/><E68/><V60/><F3/><W91/><G102/><T121/><D121/><U126/><E126/><V62/><F112/><W27/><G27/><T134/><D134/><U76/><E76/><AGARI ba="3,0" hai="76,83,86,89,91" m="44359,51274,50249" machi="76" ten="30,11600,0" yaku="19,1,20,1,34,2" doraHai="122" who="3" fromWho="1" sc="464,0,159,-125,189,0,188,125" /><INIT seed="3,4,0,1,0,75" ten="464,34,189,313" oya="3" hai0="114,63,112,31,82,5,106,33,32,120,17,56,87" hai1="29,50,121,109,118,23,93,95,127,90,86,115,130" hai2="9,70,102,111,101,54,129,25,131,53,74,48,26" hai3="6,16,49,57,28,24,117,104,39,44,19,12,7"/><W99/><G117/><T135/><D120/><U122/><E29/><V21/><F70/><W51/><G39/><T22/><D106/><U125/><E23/><V84/><F74/><W61/><G104/><T103/><D103/><U89/><E50/><V55/><F48/><W45/><G99/><T43/><D135/><U97/><E118/><V59/><F59/><W52/><G49/><T3/><D43/><U15/><E15/><V1/><F84/><W38/><G38/><T35/><D31/><U133/><E115/><N who="0" m="44073" /><D5/><U14/><E14/><V128/><F21/><N who="3" m="15375" /><G45/><T64/><D3/><U62/><E62/><V83/><F83/><W72/><G72/><T126/><D126/><N who="1" m="48139" /><E133/><V27/><F111/><W2/><G2/><T69/><D69/><U88/><E109/><V46/><F46/><W47/><G47/><T80/><D87/><N who="1" m="52383" /><E130/><V4/><AGARI ba="4,0" hai="1,4,9,25,26,27,53,54,55,101,102,128,129,131" machi="4" ten="40,8000,1" yaku="0,1,29,2,19,1" doraHai="75" who="2" fromWho="2" sc="464,-24,34,-24,189,92,313,-44" owari="440,54.0,10,-49.0,281,8.0,269,-13.0" /></mjloggm>