<mjloggm ver="2.3"><GO type="97" lobby="0"/><UN n0="%67%61%6B%75%63%68%6F" n1="%E3%81%88%E3%81%A3%E3%81%98" n2="%E3%82%A6%E3%83%AB%E3%83%88%E3%83%A9%E7%AB%8B%E7%9B%B4" n3="%E3%81%9F%E3%81%84%E3%82%89%E3%81%9F%E3%81%84%E3%81%AF%E3%82%93" dan="14,14,14,14" rate="1931.16,1914.53,1878.50,1942.98" sx="M,M,M,M"/><TAIKYOKU oya="0"/><INIT seed="0,0,0,4,0,125" ten="250,250,250,250" oya="0" hai0="6,64,31,61,58,52,4,23,35,95,134,12,28" hai1="48,89,44,112,43,21,51,126,94,81,39,63,17" hai2="93,114,108,101,22,19,2,119,90,68,105,79,24" hai3="66,100,7,69,82,11,98,88,86,8,59,41,92"/><T36/><D36/><U30/><E126/><V32/><F114/><W116/><G116/><T80/><D134/><U65/><E112/><V129/><F108/><W104/><G41/><T33/><D80/><U85/><E30/><N who="0" m="11305" /><D35/><U91/><E94/><V29/><F68/><W0/><G11/><N who="0" m="4199" /><D33/><U50/><E39/><V87/><F119/><W133/><G133/><T16/><D6/><U13/><REACH who="1" step="1"/><E91/><REACH who="1" ten="250,240,250,250" step="2"/><V75/><F29/><W97/><G69/><AGARI ba="0,1" hai="13,17,21,43,44,48,50,51,63,65,69,81,85,89" machi="69" ten="30,3900,0" yaku="1,1,2,1,7,1,53,0" doraHai="125" doraHaiUra="118" who="1" fromWho="3" sc="250,0,240,49,250,0,250,-39" /><INIT seed="1,0,0,0,5,21" ten="250,289,250,211" oya="1" hai0="67,105,83,75,48,94,35,26,72,107,30,127,128" hai1="55,10,100,97,81,42,44,37,66,134,122,77,65" hai2="131,33,15,57,23,108,113,82,71,93,16,52,1" hai3="123,14,64,86,69,101,22,58,118,103,91,116,70"/><U96/><E122/><V92/><F71/><W79/><G123/><T120/><D120/><U114/><E114/><V110/><F113/><W3/><G3/><T126/><D128/><U80/><E134/><V111/><F131/><W13/><G79/><N who="0" m="44519" /><D48/><U28/><E28/><V25/><F1/><W41/><G41/><T61/><D94/><U19/><E55/><V46/><F46/><W2/><G2/><T89/><D89/><U60/><E77/><V85/><F33/><W27/><G58/><T98/><D75/><U54/><E54/><V34/><F34/><W88/><G64/><T102/><D105/><U45/><E45/><V18/><F82/><W99/><G99/><T62/><D62/><U51/><E96/><V104/><F104/><W68/><G86/><T49/><D49/><U43/><E65/><V119/><F85/><W50/><G50/><T56/><D56/><U7/><E51/><N who="2" m="30879" /><F119/><N who="3" m="45611" /><G27/><T32/><D32/><U39/><E39/><V59/><F59/><W0/><G0/><T130/><D130/><U24/><E37/><V5/><F5/><W4/><G22/><AGARI ba="0,0" hai="15,16,18,22,23,25,92,93,108,110,111" m="30879" machi="22" ten="30,7700,0" yaku="14,1,52,1,54,2" doraHai="21" who="2" fromWho="3" sc="250,0,289,0,250,77,211,-77" /><INIT seed="2,0,0,3,3,112" ten="250,289,327,134" oya="2" hai0="24,34,108,25,42,89,48,57,133,93,107,68,114" hai1="46,19,129,30,13,72,33,101,50,95,59,79,29" hai2="47,70,36,41,98,88,131,39,87,124,122,128,81" hai3="73,76,117,26,37,31,38,54,32,78,35,66,111"/><V85/><F70/><W94/><G117/><T118/><D107/><U115/><E115/><V71/><F71/><W96/><G111/><T10/><D68/><U90/><E129/><N who="2" m="49739" /><F122/><W119/><G119/><T17/><D114/><U43/><E101/><V130/><N who="2" m="49747" /><V83/><DORA hai="99" /><F124/><W110/><G110/><T86/><D108/><U23/><E33/><V58/><F58/><W52/><G35/><T9/><D118/><U49/><E79/><N who="2" m="46271" /><F98/><W2/><G2/><T1/><D1/><U18/><E18/><V120/><F120/><W4/><G4/><T105/><D105/><U45/><E72/><V16/><F16/><W91/><G66/><T0/><D0/><U103/><E103/><V125/><F125/><W116/><G116/><T60/><D133/><U6/><E6/><V40/><F40/><W53/><REACH who="3" step="1"/><G73/><REACH who="3" ten="250,289,327,124" step="2"/><T67/><D34/><U97/><E59/><V104/><F104/><W44/><G44/><N who="0" m="25623" /><D17/><U80/><REACH who="1" step="1"/><E80/><REACH who="1" ten="250,279,327,124" step="2"/><V7/><F7/><W123/><G123/><T92/><D92/><U27/><E27/><AGARI ba="0,2" hai="9,10,24,25,27,57,60,67,86,89,93" m="25623" machi="27" ten="30,1000,0" yaku="8,1" doraHai="112,99" who="0" fromWho="1" sc="250,30,279,-10,327,0,124,0" /><INIT seed="3,0,0,2,1,51" ten="280,269,327,124" oya="3" hai0="75,119,50,114,66,132,94,24,23,14,8,133,74" hai1="7,3,48,60,129,87,126,108,77,30,84,83,99" hai2="45,52,26,39,62,44,38,49,113,73,18,19,105" hai3="36,58,115,76,42,68,120,25,80,100,104,32,64"/><W95/><G115/><T96/><D114/><U67/><E30/><V2/><F2/><W97/><G95/><T27/><D66/><U12/><E3/><V35/><F73/><N who="0" m="27658" /><D23/><U13/><E126/><V56/><F105/><W0/><G120/><T81/><D81/><U89/><E129/><V106/><F106/><W59/><G0/><T55/><D119/><U31/><E108/><V63/><F35/><W112/><G112/><T6/><D94/><N who="1" m="54591" /><E31/><V40/><F26/><W109/><G109/><T131/><D96/><U102/><E48/><V116/><F18/><W1/><G1/><T34/><D34/><U46/><E46/><V69/><F19/><W20/><G20/><T57/><D131/><U72/><E72/><V86/><F86/><N who="3" m="48391" /><G42/><T53/><D53/><U78/><E78/><V134/><F113/><W28/><G36/><T11/><D11/><U85/><E85/><V47/><F134/><AGARI ba="0,0" hai="6,8,14,24,27,50,55,57,132,133,134" m="27658" machi="134" ten="30,2000,0" yaku="20,1,52,1" doraHai="51" who="0" fromWho="2" sc="280,20,269,0,327,-20,124,0" owari="300,10.0,269,-13.0,307,41.0,124,-38.0" /></mjloggm>