<mjloggm ver="2.3"><GO type="41" lobby="0"/><UN n0="%E6%8A%BC%E5%BF%8D%EF%BC%81%E6%93%8D" n1="%E3%83%AD%E3%83%A1%E3%82%AA" n2="%64%6F%67%32" n3="%E3%82%A6%E3%83%AB%E3%83%88%E3%83%A9%E7%AB%8B%E7%9B%B4" dan="14,14,15,16" rate="1938.05,1896.74,1932.54,2026.76" sx="M,M,M,M"/><TAIKYOKU oya="0"/><INIT seed="0,0,0,2,1,112" ten="250,250,250,250" oya="0" hai0="107,7,20,42,127,5,35,101,64,0,17,124,115" hai1="61,134,104,133,131,44,125,48,36,40,41,52,109" hai2="34,93,43,68,38,69,74,128,71,105,45,16,108" hai3="66,6,11,113,54,30,135,79,22,78,106,10,98"/><T91/><D35/><U99/><E104/><V33/><F108/><W87/><G113/><T73/><D73/><U62/><E99/><V39/><F128/><W111/><G135/><N who="1" m="51722" /><E109/><V72/><F105/><W102/><G111/><T46/><D115/><U47/><E131/><V37/><F16/><W65/><G11/><T75/><D75/><N who="2" m="28714" /><F93/><W110/><G110/><T15/><D64/><U50/><E125/><N who="0" m="48201" /><D0/><U84/><E84/><V19/><F19/><W86/><G65/><T121/><D121/><U1/><E1/><V13/><F13/><W14/><G66/><T132/><D132/><U3/><E3/><V97/><F97/><W81/><G54/><T28/><D28/><U31/><E31/><V118/><F45/><AGARI ba="0,0" hai="36,40,41,44,45,47,48,50,52,61,62" m="51722" machi="45" ten="30,7700,0" yaku="20,1,34,2,54,1" doraHai="112" who="1" fromWho="2" sc="250,0,250,77,250,-77,250,0" /><INIT seed="1,0,0,5,1,79" ten="250,327,173,250" oya="1" hai0="99,35,53,11,18,60,30,39,78,64,101,69,117" hai1="19,91,130,17,135,132,44,118,23,85,126,31,33" hai2="89,0,70,97,32,73,27,38,4,68,80,61,134" hai3="96,28,67,119,34,116,40,93,22,45,65,127,46"/><U82/><E118/><V123/><F123/><W106/><G34/><T62/><D39/><U95/><E130/><V25/><F38/><W26/><G106/><T14/><D117/><N who="3" m="45129" /><G127/><T57/><D78/><U77/><E126/><V20/><F32/><W6/><G6/><T115/><D35/><U112/><E33/><V75/><F0/><W50/><G46/><T113/><REACH who="0" step="1"/><D30/><REACH who="0" ten="240,327,173,250" step="2"/><U42/><E31/><V76/><F76/><W3/><G3/><T114/><D114/><U128/><E112/><V133/><F133/><W41/><G41/><T63/><D63/><U56/><E128/><V111/><F134/><W124/><G124/><T109/><D109/><U90/><E135/><V49/><F111/><W8/><G28/><T59/><D59/><U102/><E56/><V120/><F61/><W48/><G40/><T10/><D10/><U108/><E132/><V36/><F120/><W100/><G8/><T15/><D15/><U55/><E108/><V24/><F36/><W103/><G45/><T7/><D7/><U121/><E42/><V104/><F4/><W71/><G50/><T58/><D58/><U52/><E121/><V110/><F49/><W12/><G48/><T9/><D9/><U16/><E44/><V81/><F110/><W72/><G12/><T84/><D84/><U5/><E5/><V21/><F70/><W37/><G37/><T129/><D129/><U131/><E131/><V43/><F43/><W122/><G71/><T74/><D74/><N who="2" m="28170" /><F68/><W66/><G122/><T13/><D13/><U29/><E29/><V88/><F21/><W87/><G22/><RYUUKYOKU ba="0,1" sc="240,30,327,-10,173,-10,250,-10" hai0="11,14,18,53,57,60,62,64,69,99,101,113,115" /><INIT seed="2,1,1,0,2,85" ten="270,317,163,240" oya="2" hai0="25,45,67,3,55,94,99,50,10,134,83,70,9" hai1="69,108,113,122,114,23,106,123,19,124,66,89,76" hai2="43,47,90,34,30,59,40,11,128,121,96,79,75" hai3="110,84,125,95,82,36,131,105,1,132,27,72,91"/><V62/><F121/><N who="1" m="46089" /><E108/><V77/><F128/><W24/><G36/><T130/><D130/><U16/><E106/><V46/><F34/><W28/><G1/><T20/><D134/><U38/><E38/><V13/><F30/><W39/><G39/><T4/><D10/><U93/><E76/><N who="2" m="29259" /><F75/><W48/><G131/><T12/><D70/><U109/><E109/><V32/><F32/><W102/><G110/><T8/><D67/><U101/><E101/><V61/><F43/><W117/><G117/><T63/><D63/><N who="2" m="24074" /><F59/><W51/><G132/><T18/><D83/><U56/><E69/><V81/><F40/><W35/><G125/><T71/><D71/><U133/><E124/><V29/><F29/><W116/><G116/><T17/><D17/><N who="1" m="6731" /><E23/><V80/><F80/><W68/><G68/><T73/><D73/><U57/><E133/><V120/><F120/><W64/><G64/><T22/><REACH who="0" step="1"/><D25/><REACH who="0" ten="260,317,163,240" step="2"/><U33/><E66/><V54/><F81/><W31/><G72/><T65/><D65/><U78/><E78/><V0/><F0/><W119/><G119/><T58/><D58/><N who="1" m="22635" /><E33/><V118/><F118/><W53/><G35/><T100/><AGARI ba="1,2" hai="3,4,8,9,12,18,20,22,45,50,55,94,99,100" machi="100" ten="20,2700,0" yaku="1,1,0,1,7,1,53,0" doraHai="85" doraHaiUra="127" who="0" fromWho="0" sc="260,50,317,-8,163,-14,240,-8" /><INIT seed="3,0,0,0,0,51" ten="310,309,149,232" oya="3" hai0="31,113,33,37,105,34,14,124,44,83,111,53,129" hai1="110,40,77,88,126,7,65,4,30,9,80,99,135" hai2="54,78,39,52,29,16,122,74,89,76,90,47,60" hai3="1,36,42,87,85,115,133,104,95,132,71,117,20"/><W91/><G1/><T63/><D53/><N who="2" m="20586" /><F122/><W26/><G71/><T2/><D63/><U96/><E65/><V75/><F39/><W24/><G104/><T28/><D44/><U27/><E40/><V22/><F47/><N who="3" m="24007" /><G115/><T92/><D83/><U23/><E110/><V8/><F75/><W100/><G117/><T98/><D98/><U41/><E41/><V49/><F74/><W134/><G100/><T46/><D46/><U93/><E135/><N who="3" m="34562" /><W61/><DORA hai="125" /><G61/><T108/><D92/><U103/><E9/><V120/><F120/><W18/><G26/><N who="0" m="18583" /><D105/><U79/><E126/><V121/><F121/><W66/><G66/><T0/><D37/><U38/><E38/><V82/><F49/><W112/><G112/><T50/><D50/><U119/><E119/><V59/><F8/><W21/><G21/><T3/><D113/><U56/><E56/><V62/><F29/><W116/><G116/><T57/><D57/><U17/><E30/><V5/><F5/><N who="1" m="2121" /><E96/><AGARI ba="0,0" hai="18,20,24,85,87,91,95,96" m="34562,24007" machi="96" ten="40,2000,0" yaku="20,1" doraHai="51,125" who="3" fromWho="1" sc="310,0,309,-20,149,0,232,20" /><INIT seed="3,1,0,2,5,28" ten="310,289,149,252" oya="3" hai0="70,13,93,50,26,97,76,68,78,91,33,49,113" hai1="131,3,63,12,55,6,108,65,39,71,73,79,43" hai2="112,85,87,11,129,19,62,0,14,69,86,20,10" hai3="59,51,125,107,42,106,103,66,31,80,75,18,34"/><W117/><G117/><T44/><D113/><U53/><E108/><V58/><F112/><W64/><G125/><T60/><D49/><U83/><E12/><V29/><F69/><W47/><G106/><T82/><D78/><U22/><E22/><V48/><F129/><W36/><G66/><T127/><D127/><U9/><REACH who="1" step="1"/><E131/><REACH who="1" ten="310,279,149,252" step="2"/><V110/><F110/><W120/><G120/><T98/><D13/><U130/><E130/><V122/><F122/><W77/><G18/><T72/><D26/><U102/><E102/><V30/><F0/><W126/><G126/><T114/><D114/><U40/><E40/><V56/><F30/><W121/><G121/><T119/><D119/><U17/><E17/><V104/><F29/><W52/><G64/><T92/><D33/><U116/><E116/><V128/><F128/><W61/><G103/><T16/><D16/><U118/><E118/><V133/><F133/><W7/><G7/><T57/><D57/><U105/><E105/><V132/><F132/><W8/><G107/><T46/><D46/><AGARI ba="1,1" hai="3,6,9,39,43,46,53,55,63,65,71,73,79,83" machi="46" ten="40,5200,0" yaku="1,1,25,2,53,0" doraHai="28" doraHaiUra="134" who="1" fromWho="0" sc="310,-55,279,65,149,0,252,0" /><INIT seed="4,0,0,4,0,88" ten="255,344,149,252" oya="0" hai0="82,31,91,57,102,92,35,111,7,97,127,69,96" hai1="135,94,122,83,74,79,59,100,12,85,45,50,21" hai2="93,75,15,4,13,77,117,56,114,120,11,44,115" hai3="18,126,47,34,19,26,0,104,109,24,65,28,38"/><T36/><D36/><U8/><E122/><V130/><F120/><W73/><G109/><T14/><D69/><U113/><E113/><V62/><F117/><W17/><G65/><T9/><D111/><U39/><E39/><V16/><F130/><W90/><G104/><T27/><D127/><U41/><E135/><V95/><F44/><W134/><G73/><T123/><D123/><U43/><E59/><V70/><F70/><W112/><G47/><T124/><D124/><U49/><E21/><V42/><F42/><W25/><G38/><T52/><D82/><U46/><E74/><V30/><F30/><N who="3" m="19783" /><G90/><T60/><REACH who="0" step="1"/><D102/><REACH who="0" ten="245,344,149,252" step="2"/><U40/><E100/><V51/><F75/><W48/><G126/><T33/><D33/><U2/><E41/><V68/><F68/><W128/><G134/><T76/><D76/><U116/><E116/><V5/><F77/><W86/><G128/><T89/><D89/><U84/><E83/><V108/><F108/><W132/><G132/><T106/><D106/><U23/><E79/><V66/><F51/><W53/><G48/><T64/><D64/><U54/><E43/><V133/><F133/><W61/><G53/><T32/><D32/><U20/><E50/><V129/><F129/><W22/><G61/><T119/><D119/><U55/><E40/><V107/><F107/><W103/><G103/><T1/><D1/><U121/><E2/><V67/><F67/><W78/><G0/><T72/><D72/><U37/><E55/><V99/><F115/><W105/><G105/><T101/><D101/><U118/><E121/><V125/><F114/><RYUUKYOKU ba="0,1" sc="245,30,344,-10,149,-10,252,-10" hai0="7,9,14,27,31,35,52,57,60,91,92,96,97" /><INIT seed="4,1,1,1,5,102" ten="275,334,139,242" oya="0" hai0="14,43,31,76,134,75,68,66,1,86,82,115,59" hai1="81,21,20,49,100,42,119,129,11,111,126,63,45" hai2="78,94,51,25,122,9,83,32,92,54,89,77,55" hai3="99,34,128,38,109,37,131,73,120,117,98,93,114"/><T40/><D1/><U13/><E13/><V127/><F122/><W19/><G19/><T90/><D68/><U50/><E119/><V35/><F127/><W108/><G93/><T133/><D31/><U112/><E111/><V41/><F35/><W33/><G73/><T3/><D3/><U5/><E126/><V44/><F32/><W48/><G48/><T110/><D110/><U87/><E129/><V23/><F9/><W70/><G70/><T10/><D115/><U132/><E132/><N who="0" m="50793" /><D59/><U124/><E124/><V18/><F94/><W58/><G58/><T0/><D66/><U116/><E100/><V125/><F125/><W91/><G91/><T135/><D0/><U64/><E50/><V61/><F83/><W104/><G114/><T15/><N who="0" m="50801" /><T103/><DORA hai="12" /><D103/><U16/><E112/><V101/><F101/><W71/><G71/><T105/><D105/><U95/><E116/><V72/><F72/><W65/><G65/><T36/><D36/><U118/><E64/><V67/><F67/><W106/><G117/><T46/><D14/><U7/><E118/><V69/><F69/><W74/><G74/><T29/><D29/><U57/><E57/><V47/><F61/><W107/><G106/><T52/><D52/><U88/><E63/><V113/><F113/><W84/><G84/><T53/><D53/><N who="2" m="19978" /><F47/><W8/><G8/><T96/><D46/><U2/><E2/><V4/><F4/><W123/><AGARI ba="1,1" hai="33,34,37,38,98,99,104,107,108,109,120,123,128,131" machi="123" ten="25,8000,1" yaku="0,1,22,2,52,2" doraHai="102,12" who="3" fromWho="3" sc="275,-41,334,-21,139,-21,242,93" /><INIT seed="5,0,0,1,1,73" ten="234,313,118,335" oya="1" hai0="116,59,18,26,121,19,78,71,94,29,99,14,9" hai1="76,23,81,4,37,3,41,70,134,38,46,53,82" hai2="11,36,45,92,84,129,112,44,52,1,8,24,42" hai3="126,79,68,87,105,96,131,48,108,95,80,60,119"/><U25/><E70/><V31/><F129/><W65/><G108/><T110/><D71/><U63/><E134/><V111/><F111/><W115/><G131/><T89/><D110/><U72/><E82/><V22/><F1/><W74/><G119/><T93/><D116/><U127/><E81/><V12/><F112/><W85/><G115/><T21/><D121/><U83/><E127/><V16/><F92/><W56/><G126/><T35/><D59/><U106/><E106/><V103/><F84/><W47/><G105/><T113/><D113/><U130/><E130/><V118/><F103/><W34/><G34/><T66/><D66/><U61/><E38/><V49/><REACH who="2" step="1"/><F118/><REACH who="2" ten="234,313,108,335" step="2"/><W102/><G85/><T43/><D94/><U90/><E3/><V69/><F69/><W2/><G2/><T15/><D43/><U58/><E4/><V107/><F107/><W5/><G68/><T133/><D133/><U104/><E104/><V97/><F97/><W91/><G102/><T114/><D114/><U128/><E128/><V77/><F77/><W120/><G87/><T51/><REACH who="0" step="1"/><D51/><REACH who="0" ten="224,313,108,335" step="2"/><U101/><E37/><V27/><F27/><W32/><G48/><T55/><D55/><U20/><E53/><V6/><F6/><W98/><G5/><T135/><D135/><U57/><E25/><V39/><F39/><W10/><G95/><T123/><D123/><U125/><E41/><V67/><F67/><W88/><G65/><T7/><D7/><U132/><E125/><V50/><F50/><W13/><G120/><T122/><D122/><U40/><E132/><V75/><F75/><RYUUKYOKU ba="0,2" sc="224,15,313,-15,108,15,335,-15" hai0="9,14,15,18,19,21,26,29,35,78,89,93,99" hai2="8,11,12,16,22,24,31,36,42,44,45,49,52" /><INIT seed="6,1,2,4,0,34" ten="239,298,123,320" oya="2" hai0="111,123,31,83,0,94,135,128,97,125,21,23,17" hai1="54,119,50,52,13,62,40,7,8,9,46,16,70" hai2="118,77,43,36,106,60,45,84,10,25,102,74,47" hai3="76,28,108,55,63,19,65,117,105,132,56,22,95"/><V134/><F118/><W69/><G108/><T41/><D111/><U64/><REACH who="1" step="1"/><E119/><REACH who="1" ten="239,288,123,320" step="2"/><V61/><F134/><W15/><G117/><T2/><D135/><U53/><E53/><V100/><F74/><W103/><G132/><T85/><D123/><U124/><E124/><V14/><F25/><W48/><G28/><T72/><D125/><U109/><E109/><V6/><F47/><W107/><G76/><T133/><D72/><U44/><E44/><V58/><F106/><W26/><G26/><T24/><D133/><U35/><E35/><V75/><F75/><W101/><G107/><T51/><D128/><U110/><E110/><V29/><F29/><W49/><G105/><T73/><D73/><U81/><E81/><V66/><REACH who="2" step="1"/><F61/><REACH who="2" ten="239,288,113,320" step="2"/><W78/><G63/><T131/><D131/><U120/><E120/><V114/><F114/><W32/><G32/><T92/><D31/><U86/><E86/><V57/><F57/><W121/><G56/><T39/><D85/><U38/><E38/><V87/><F87/><W5/><G121/><T112/><D39/><U113/><E113/><V82/><AGARI ba="1,4" hai="6,10,14,36,43,45,58,60,66,77,82,84,100,102" machi="82" ten="30,6000,0" yaku="1,1,0,1,53,1" doraHai="34" doraHaiUra="71" who="2" fromWho="2" sc="239,-21,288,-21,113,103,320,-21" /><INIT seed="6,2,0,0,5,60" ten="218,267,216,299" oya="2" hai0="117,50,43,18,99,41,1,69,113,13,29,32,91" hai1="96,31,85,16,80,65,120,14,0,42,56,44,125" hai2="86,62,75,129,52,37,102,19,7,46,73,17,61" hai3="68,21,97,123,93,11,9,103,34,121,116,128,77"/><V20/><F129/><W72/><G34/><T122/><D1/><U82/><E0/><V8/><F75/><W22/><G68/><T95/><D122/><U25/><E120/><V112/><F73/><W45/><G116/><T10/><D69/><U105/><E125/><V109/><F109/><W51/><G72/><T76/><D117/><U127/><E127/><V79/><F112/><W23/><G77/><T98/><D76/><U124/><E124/><V126/><F102/><W2/><G2/><T5/><D113/><U26/><E105/><V4/><F37/><W39/><G39/><T63/><D63/><N who="2" m="24074" /><F126/><W48/><G123/><T94/><D5/><N who="2" m="2122" /><F8/><N who="3" m="3147" /><G121/><T12/><D12/><U115/><E115/><V88/><F79/><W74/><G74/><T38/><D38/><U114/><E114/><V83/><F20/><W110/><G128/><T81/><D81/><U57/><E82/><V132/><F132/><W134/><G110/><T106/><D106/><U33/><E33/><V67/><F67/><W131/><G131/><T78/><D78/><N who="1" m="46231" /><E65/><V92/><F83/><W130/><G130/><T64/><D64/><U118/><E118/><V15/><F15/><W84/><G134/><T3/><D3/><U87/><E14/><V40/><F40/><W101/><G101/><T104/><D104/><U71/><E42/><V55/><F55/><W89/><G103/><T54/><D32/><U30/><E71/><V49/><AGARI ba="2,0" hai="17,19,46,49,52,86,88,92" m="2122,24074" machi="49" ten="30,6000,0" yaku="8,1,54,2" doraHai="60" who="2" fromWho="2" sc="218,-22,267,-22,216,66,299,-22" /><INIT seed="6,3,0,0,2,98" ten="196,245,282,277" oya="2" hai0="73,47,83,84,4,60,31,68,53,54,96,92,14" hai1="45,72,27,0,25,122,3,50,103,43,16,66,134" hai2="109,11,37,129,15,61,38,82,80,126,8,131,100" hai3="41,125,34,2,32,9,108,99,95,93,130,59,22"/><V71/><F109/><W63/><G108/><T18/><D73/><U29/><E72/><V12/><F126/><W42/><G125/><T74/><D74/><U13/><E122/><V104/><F71/><W21/><G130/><T77/><D31/><U97/><E134/><V40/><F61/><W75/><G75/><T24/><D68/><U20/><E66/><V107/><REACH who="2" step="1"/><F40/><REACH who="2" ten="196,245,272,277" step="2"/><W69/><G69/><T120/><D120/><U78/><E78/><V46/><F46/><W115/><G42/><T128/><D128/><U49/><E49/><V112/><F112/><W135/><G41/><T56/><D47/><U88/><E88/><V101/><AGARI ba="3,1" hai="8,11,12,15,37,38,80,82,100,101,104,107,129,131" machi="101" ten="25,18000,2" yaku="1,1,0,1,22,2,52,2,53,0" doraHai="98" doraHaiUra="85" who="2" fromWho="2" sc="196,-63,245,-63,272,199,277,-63" /><INIT seed="6,4,0,1,0,23" ten="133,182,471,214" oya="2" hai0="76,63,10,83,21,120,74,26,57,45,73,130,114" hai1="33,78,97,81,17,70,126,79,123,91,46,68,4" hai2="7,42,16,118,99,9,30,72,62,117,48,65,25" hai3="129,101,41,38,111,32,100,27,104,47,49,90,44"/><V98/><F72/><W24/><G111/><T116/><D116/><U18/><E33/><V84/><F118/><W35/><G129/><T29/><D120/><U55/><E123/><V102/><F84/><W103/><G90/><T134/><D130/><U2/><E2/><V52/><F42/><W31/><G104/><T12/><D134/><U115/><E4/><V86/><F86/><W119/><G119/><T3/><D3/><U82/><E115/><V22/><F30/><W121/><G121/><T64/><D45/><U125/><E91/><V66/><F117/><W88/><G88/><T77/><D114/><U128/><E97/><V87/><F87/><W95/><G95/><T133/><D133/><U6/><E6/><V135/><F135/><W112/><G112/><T59/><D77/><N who="1" m="29195" /><E55/><V110/><F110/><W15/><G15/><T11/><D74/><U14/><E14/><N who="2" m="5439" /><F102/><W51/><G47/><T40/><D40/><U109/><E46/><N who="2" m="27671" /><F62/><W94/><G94/><T127/><D127/><N who="1" m="48651" /><E109/><V85/><F85/><W20/><REACH who="3" step="1"/><G35/><REACH who="3" ten="133,182,471,204" step="2"/><T43/><D43/><U5/><E128/><V19/><F19/><AGARI ba="4,1" hai="19,20,24,27,31,32,38,41,44,49,51,100,101,103" machi="19" ten="40,8000,1" yaku="1,1,2,1,52,2,53,0" doraHai="23" doraHaiUra="60" who="3" fromWho="2" sc="133,0,182,0,471,-92,204,102" /><INIT seed="7,0,0,2,3,20" ten="133,182,379,306" oya="3" hai0="103,119,94,97,128,130,53,61,80,93,112,122,47" hai1="85,121,100,2,45,62,132,105,44,51,30,60,88" hai2="84,72,127,81,42,95,131,9,6,65,1,71,3" hai3="83,48,55,125,120,36,91,78,58,129,77,28,7"/><W126/><G36/><T17/><D122/><U69/><E121/><V43/><F131/><W19/><G120/><T40/><D119/><U21/><E2/><V123/><F123/><W107/><G107/><T68/><D130/><U23/><E69/><V116/><F116/><W124/><G129/><T33/><D128/><U4/><E45/><V16/><F1/><W115/><G7/><T109/><D33/><U67/><E67/><V22/><F72/><W57/><G115/><T52/><D109/><U106/><E106/><V8/><F71/><W0/><G0/><T14/><D112/><U10/><E100/><V102/><F65/><W110/><G110/><T46/><D68/><U118/><E105/><V31/><F9/><W101/><G101/><T79/><D94/><U27/><E23/><V12/><F31/><W90/><G28/><T70/><D70/><U66/><E66/><V29/><F29/><W74/><G78/><T34/><D34/><U54/><E132/><V133/><F127/><W63/><REACH who="3" step="1"/><G19/><REACH who="3" ten="133,182,379,296" step="2"/><T24/><D79/><U11/><E118/><V38/><F133/><W96/><G96/><T89/><D103/><U117/><E117/><V15/><F38/><W35/><G35/><T92/><D89/><U87/><E4/><V49/><F3/><W104/><G104/><T98/><D17/><U82/><E87/><V56/><F102/><W25/><G25/><T18/><D24/><U5/><E5/><V39/><F39/><W75/><G75/><T26/><D26/><U99/><E99/><V41/><F6/><W114/><G114/><T108/><D108/><RYUUKYOKU ba="0,1" sc="133,-15,182,15,379,-15,296,15" hai1="10,11,21,27,30,44,51,54,60,62,82,85,88" hai3="48,55,57,58,63,74,77,83,90,91,124,125,126" /><INIT seed="7,1,1,3,5,3" ten="118,197,364,311" oya="3" hai0="52,19,39,59,64,129,14,120,58,18,102,123,44" hai1="46,50,12,67,32,34,118,124,51,16,79,54,43" hai2="92,17,91,7,113,70,106,132,135,72,47,122,101" hai3="117,26,4,6,88,107,23,90,57,116,81,110,94"/><W28/><G107/><T24/><D102/><U128/><E128/><V130/><F130/><W115/><G116/><T15/><D129/><U13/><E124/><V42/><F122/><W60/><G117/><T53/><D64/><U0/><E0/><V20/><F70/><W98/><G110/><T65/><D65/><U134/><E118/><V8/><F72/><W80/><G115/><T48/><D24/><U68/><E134/><N who="2" m="51243" /><F113/><W103/><G103/><T66/><D66/><U100/><E100/><V76/><F76/><W11/><G90/><T125/><D125/><U105/><E105/><V31/><F101/><W69/><G69/><T77/><D77/><U9/><E79/><V5/><F8/><W119/><G119/><T41/><D41/><U56/><E67/><V97/><F31/><W36/><G36/><T126/><D126/><U38/><E68/><V74/><F74/><W114/><G114/><T121/><D39/><U85/><E38/><N who="2" m="21975" /><F106/><W111/><G111/><T25/><D25/><AGARI ba="1,1" hai="5,7,17,20,25,91,92,97" m="21975,51243" machi="25" ten="30,3900,0" yaku="20,1,52,2" doraHai="3" who="2" fromWho="0" sc="118,-42,197,0,364,52,311,0" owari="76,-42.0,197,-20.0,416,51.0,311,11.0" /></mjloggm>