<mjloggm ver="2.3"><GO type="169" lobby="0"/><UN n0="%E7%AB%8B%E8%8F%AF%E5%A5%8F" n1="%E2%97%87%E8%88%AA%E6%B4%8B%E2%97%86" n2="%E3%82%84%E3%82%80%E3%81%A1%E3%82%83%EF%BD%99%EF%BD%90" n3="%E3%82%A6%E3%83%AB%E3%83%88%E3%83%A9%E7%AB%8B%E7%9B%B4" dan="17,16,17,16" rate="2230.08,2122.21,2166.39,2039.86" sx="F,M,M,M"/><TAIKYOKU oya="0"/><INIT seed="0,0,0,0,0,71" ten="250,250,250,250" oya="0" hai0="124,75,35,121,89,41,91,130,74,80,68,31,47" hai1="122,57,129,84,46,39,110,120,6,0,51,59,30" hai2="112,7,23,119,132,58,36,14,15,40,11,56,34" hai3="8,38,97,101,16,64,54,115,128,82,90,131,87"/><T63/><D121/><U18/><E30/><V78/><F34/><W43/><G64/><T61/><D124/><U85/><E0/><V126/><F112/><W111/><G54/><T99/><D130/><N who="3" m="49705" /><G115/><T67/><D63/><U73/><E129/><V134/><F126/><W77/><G77/><T102/><D80/><U83/><E6/><V125/><F125/><W103/><G111/><T76/><D76/><U114/><E114/><V2/><F78/><W20/><G8/><T116/><D116/><U127/><E127/><V32/><F32/><W37/><G43/><T12/><D12/><N who="2" m="4650" /><F23/><W69/><G69/><T62/><D62/><U72/><E18/><V135/><F119/><W86/><G86/><T24/><D89/><U29/><E29/><V52/><F52/><W109/><G109/><T50/><D91/><U96/><E110/><V22/><F22/><W9/><G9/><T93/><AGARI ba="0,0" hai="24,31,35,41,47,50,61,67,68,74,75,93,99,102" machi="93" ten="20,2100,0" yaku="0,1,7,1" doraHai="71" who="0" fromWho="0" sc="250,21,250,-7,250,-7,250,-7" /><INIT seed="0,1,0,5,3,93" ten="271,243,243,243" oya="0" hai0="10,44,1,60,64,79,113,53,50,92,54,23,95" hai1="109,59,115,9,91,96,98,0,102,18,81,61,56" hai2="49,34,52,43,12,6,84,72,5,28,16,110,131" hai3="17,111,46,38,83,116,32,65,87,82,104,47,129"/><T94/><D113/><U108/><E115/><V134/><F72/><W11/><G32/><T97/><D79/><U3/><E56/><V63/><F110/><N who="1" m="42601" /><E102/><V68/><F131/><W100/><G83/><T48/><D23/><U14/><E81/><V8/><F134/><W124/><G124/><T127/><D127/><U51/><E91/><V135/><F135/><W130/><G116/><T30/><D30/><U21/><E51/><V73/><F73/><W37/><G65/><T67/><D60/><U22/><E22/><V7/><F43/><W88/><G111/><T117/><D117/><U126/><E126/><V39/><F39/><W103/><G38/><T62/><D62/><U101/><E101/><V45/><F84/><W107/><G37/><T106/><D106/><U33/><E33/><V2/><F63/><W29/><G103/><T90/><D64/><N who="1" m="38975" /><E21/><N who="2" m="11399" /><F68/><W36/><G104/><T119/><D67/><U75/><E75/><V74/><F74/><W27/><G36/><T125/><D125/><U20/><E20/><V24/><AGARI ba="1,0" hai="2,5,6,7,8,24,28,34,45,49,52" m="11399" machi="24" ten="30,4000,0" yaku="24,1,54,2" doraHai="93" who="2" fromWho="2" sc="271,-21,243,-11,243,43,243,-11" /><INIT seed="1,0,0,3,2,97" ten="250,232,286,232" oya="1" hai0="102,66,120,61,125,73,37,41,12,9,33,109,99" hai1="128,24,58,10,113,132,5,31,116,82,54,46,13" hai2="78,122,57,27,38,105,39,119,126,121,4,111,7" hai3="14,124,86,80,63,35,71,49,77,103,11,88,94"/><U3/><E116/><V67/><F105/><W16/><G35/><T112/><D112/><U47/><E113/><V123/><F119/><W23/><G124/><T8/><D125/><U101/><E128/><V62/><F126/><W74/><G49/><T28/><D73/><U91/><E101/><V100/><F78/><W135/><G135/><T87/><D120/><U2/><E132/><V98/><F27/><W117/><G117/><T15/><D109/><U45/><E91/><V131/><F131/><W76/><G103/><T44/><D87/><U21/><REACH who="1" step="1"/><E82/><REACH who="1" ten="250,222,286,232" step="2"/><V114/><F114/><W90/><G90/><T36/><D102/><U130/><E130/><V93/><REACH who="2" step="1"/><F111/><REACH who="2" ten="250,222,276,232" step="2"/><W51/><G77/><T25/><D25/><U50/><AGARI ba="0,2" hai="2,3,5,10,13,21,24,31,45,46,47,50,54,58" machi="50" ten="30,3000,0" yaku="1,1,0,1,53,0" doraHai="97" doraHaiUra="69" who="1" fromWho="1" sc="250,-10,222,50,276,-10,232,-10" /><INIT seed="1,1,0,5,1,6" ten="240,272,266,222" oya="1" hai0="54,11,0,135,100,17,90,44,130,107,83,63,22" hai1="98,131,70,78,111,88,75,103,116,84,115,102,77" hai2="16,127,69,15,85,2,29,32,30,124,121,95,59" hai3="23,41,33,35,108,40,65,47,81,9,113,39,36"/><U62/><E116/><V31/><F69/><W10/><G23/><T42/><D130/><U125/><E115/><V118/><F118/><W105/><G65/><T82/><D135/><U45/><E131/><V66/><F2/><W96/><G113/><T37/><D90/><U92/><E125/><N who="2" m="48203" /><F121/><W73/><G108/><T104/><D63/><U94/><E111/><V53/><F66/><W46/><G81/><T61/><D61/><U4/><E4/><V79/><F32/><W48/><G73/><T86/><D54/><U52/><E75/><V20/><F79/><N who="1" m="30217" /><E70/><V19/><F19/><W80/><G80/><T8/><D0/><U97/><E45/><V132/><F132/><W64/><G64/><T119/><D119/><U12/><E12/><V25/><F25/><W21/><G21/><T50/><D37/><U122/><E122/><V87/><F95/><W58/><G58/><T93/><D107/><U56/><E94/><V55/><F55/><W28/><G48/><AGARI ba="1,0" hai="15,16,20,29,30,31,48,53,59,85,87" m="48203" machi="48" ten="30,2000,0" yaku="18,1,54,1" doraHai="6" who="2" fromWho="3" sc="240,0,272,0,266,23,222,-23" /><INIT seed="2,0,0,1,2,88" ten="240,272,289,199" oya="2" hai0="26,51,53,19,70,123,48,73,79,135,12,80,94" hai1="132,130,112,98,57,129,6,106,91,52,87,18,134" hai2="84,81,104,128,101,15,109,127,27,113,40,23,74" hai3="4,58,68,64,95,36,66,76,75,7,85,60,96"/><V100/><F113/><W16/><G75/><T28/><D123/><U119/><E6/><V89/><F128/><N who="1" m="49257" /><E112/><V108/><F127/><W102/><G36/><T122/><D122/><U133/><E18/><V3/><F3/><W54/><G68/><T14/><D70/><U2/><E2/><V49/><F15/><W86/><G7/><T35/><D135/><U62/><E119/><V20/><F74/><W17/><G4/><T45/><D51/><U31/><E31/><V82/><F82/><N who="3" m="47303" /><G86/><T107/><D107/><U33/><E33/><V8/><F8/><W114/><G114/><T77/><D77/><U30/><E30/><V38/><F38/><W83/><G83/><T39/><D39/><U5/><E5/><V121/><F121/><W110/><G110/><N who="2" m="42601" /><F104/><W97/><G97/><T71/><D71/><U105/><E98/><V22/><F27/><W120/><G120/><T34/><D34/><U25/><E25/><V111/><F111/><W42/><G42/><T13/><REACH who="0" step="1"/><D94/><AGARI ba="0,0" hai="52,57,62,87,91,94,105,106,132,133,134" m="49257" machi="94" ten="40,8000,1" yaku="20,1,19,1,52,1,54,1" doraHai="88" who="1" fromWho="0" sc="240,-80,272,80,289,0,199,0" /><INIT seed="3,0,0,4,5,45" ten="160,352,289,199" oya="3" hai0="32,63,132,26,34,52,16,123,69,23,105,29,56" hai1="124,43,17,70,110,76,130,117,103,134,66,73,83" hai2="78,107,7,93,129,44,25,94,50,51,115,38,39" hai3="40,5,10,68,20,119,57,24,46,21,35,121,1"/><W49/><G68/><T30/><D123/><U116/><E110/><V89/><F107/><W101/><G121/><T92/><D105/><U3/><E3/><V14/><F115/><W12/><G119/><N who="1" m="45642" /><E70/><V71/><F71/><W85/><G101/><T90/><D69/><U112/><E66/><V74/><F129/><W114/><G114/><T77/><D77/><U120/><E120/><V75/><F78/><W126/><G126/><T6/><D6/><U15/><E112/><V91/><F25/><W11/><G85/><T42/><D42/><U111/><E43/><V37/><F44/><W113/><G113/><T128/><D128/><U99/><E130/><V18/><F7/><W28/><G57/><T97/><REACH who="0" step="1"/><D132/><REACH who="0" ten="150,352,289,199" step="2"/><U88/><E134/><V80/><F39/><W36/><G36/><T104/><D104/><U2/><E124/><V100/><F100/><W64/><G64/><T122/><D122/><U27/><E111/><V86/><F38/><W31/><G28/><AGARI ba="0,1" hai="16,23,26,28,29,30,32,34,52,56,63,90,92,97" machi="28" ten="40,8000,1" yaku="1,1,25,2,54,2,53,0" doraHai="45" doraHaiUra="72" who="0" fromWho="3" sc="150,90,352,0,289,0,199,-80" /><INIT seed="4,0,0,0,4,1" ten="240,352,289,119" oya="0" hai0="106,123,62,4,85,18,110,46,81,108,3,69,130" hai1="38,20,60,72,8,2,49,17,87,79,88,115,91" hai2="129,14,120,16,96,31,22,114,94,45,10,24,54" hai3="73,84,11,28,80,13,111,92,107,99,43,89,95"/><T98/><D123/><U82/><E38/><V19/><F129/><W65/><G111/><N who="0" m="42539" /><D130/><U42/><E115/><V105/><F114/><W39/><G39/><T112/><D112/><U109/><E109/><V15/><F105/><W122/><G122/><T50/><D18/><U12/><E60/><V100/><F120/><W90/><G43/><T23/><D23/><U97/><E97/><V103/><F45/><W74/><G28/><T70/><D62/><U125/><E125/><V44/><F44/><W6/><G107/><T32/><D32/><U71/><E71/><N who="0" m="27145" /><D98/><U30/><E42/><V33/><F54/><W47/><G47/><T48/><D106/><U26/><E49/><V113/><F113/><W41/><G41/><T135/><D135/><U35/><E72/><V132/><F132/><W128/><G128/><T133/><D133/><U68/><E68/><V25/><F25/><W77/><REACH who="3" step="1"/><G65/><REACH who="3" ten="240,352,289,109" step="2"/><T104/><D104/><U126/><E126/><V117/><F117/><W55/><G55/><T131/><D131/><U76/><E76/><V29/><F29/><W27/><G27/><T102/><D46/><U36/><E36/><V40/><F40/><W121/><G121/><T0/><D102/><AGARI ba="0,1" hai="10,14,15,16,19,22,24,31,33,94,96,100,102,103" machi="102" ten="30,2000,0" yaku="7,1,54,1" doraHai="1" who="2" fromWho="0" sc="240,-20,352,0,289,30,109,0" /><INIT seed="5,0,0,1,0,60" ten="220,352,319,109" oya="1" hai0="133,35,31,107,112,8,7,5,51,58,71,122,56" hai1="85,89,21,46,49,77,104,86,26,127,45,73,11" hai2="6,109,40,28,98,1,100,29,2,9,105,119,118" hai3="82,39,110,53,120,84,79,83,76,116,47,36,87"/><U134/><E104/><V129/><F2/><W132/><G110/><T64/><D107/><U55/><E127/><V23/><F109/><W33/><G33/><T67/><D122/><U16/><E134/><V115/><F115/><W43/><G120/><T126/><D133/><U121/><E121/><V103/><F103/><W18/><G132/><T72/><D72/><U4/><E73/><V131/><F40/><W14/><G116/><T57/><D112/><U37/><E37/><V54/><F54/><W13/><G53/><T101/><D101/><U78/><E46/><V114/><F114/><W94/><G94/><T3/><D71/><U19/><E85/><V22/><F119/><W93/><G93/><T81/><D126/><U27/><E4/><V44/><F44/><W63/><G63/><T113/><D113/><U15/><E27/><V74/><F74/><W25/><G39/><T62/><D7/><U12/><E26/><V128/><F118/><W108/><G108/><T66/><D81/><AGARI ba="0,0" hai="11,12,15,16,19,21,45,49,55,77,78,81,86,89" machi="81" ten="30,12000,1" yaku="7,1,25,2,8,1,54,1" doraHai="60" who="1" fromWho="0" sc="220,-120,352,120,319,0,109,0" /><INIT seed="5,1,0,1,5,6" ten="100,472,319,109" oya="1" hai0="107,18,120,28,5,62,113,86,76,74,135,99,77" hai1="114,34,4,42,97,22,54,25,67,52,94,106,78" hai2="9,71,103,131,104,0,60,117,16,109,10,134,121" hai3="21,80,13,7,57,50,83,27,26,55,40,88,43"/><U65/><E106/><V132/><F121/><W15/><G27/><T69/><D120/><U68/><E34/><V119/><F109/><W36/><G36/><T105/><D74/><U82/><E42/><V124/><F0/><W91/><G43/><T32/><D135/><N who="2" m="51754" /><F131/><W128/><G40/><T59/><D113/><U75/><E114/><V20/><F124/><W29/><G128/><T93/><D69/><U84/><E75/><V64/><F103/><W49/><G49/><T92/><D5/><U85/><E85/><V30/><F104/><W3/><G3/><T127/><D127/><U2/><E4/><V90/><F90/><W81/><G15/><T48/><D48/><U56/><E2/><V1/><F1/><W70/><G70/><T116/><D116/><N who="2" m="44618" /><F30/><W101/><G101/><T53/><D28/><N who="1" m="17463" /><E68/><V130/><F130/><W125/><G125/><T19/><D32/><U39/><E39/><V24/><AGARI ba="1,0" hai="9,10,16,20,24,60,64,71" m="44618,51754" machi="24" ten="30,7900,0" yaku="20,1,52,2,54,1" doraHai="6" who="2" fromWho="2" sc="100,-21,472,-40,319,82,109,-21" /><INIT seed="6,0,0,4,2,41" ten="79,432,401,88" oya="2" hai0="49,76,108,20,109,113,48,64,67,36,38,100,106" hai1="134,63,105,131,33,122,3,24,115,95,127,75,90" hai2="84,19,39,92,78,120,125,30,101,43,60,13,66" hai3="55,22,47,119,37,9,59,14,61,126,2,27,89"/><V93/><F120/><W45/><G2/><T70/><D76/><U74/><RYUUKYOKU type="yao9" ba="0,0" sc="79,0,432,0,401,0,88,0" hai1="3,24,33,63,74,75,90,95,105,115,122,127,131,134" /><INIT seed="6,1,0,5,4,54" ten="79,432,401,88" oya="2" hai0="17,27,53,134,28,57,75,52,1,64,3,97,16" hai1="56,93,124,91,34,129,96,41,130,109,81,110,74" hai2="79,77,18,120,36,50,55,82,121,46,26,131,37" hai3="20,15,113,11,85,45,128,7,83,31,10,105,76"/><V87/><F79/><W0/><G105/><T133/><D75/><U92/><E41/><V119/><F119/><W66/><G128/><N who="1" m="49258" /><E34/><V132/><F132/><N who="0" m="50794" /><D64/><U98/><E56/><V43/><F131/><W63/><G113/><T84/><D97/><U99/><E124/><V111/><F111/><N who="1" m="42505" /><E74/><V89/><F77/><W116/><G116/><T30/><D84/><AGARI ba="1,0" hai="81,84,91,92,93,96,98,99" m="42505,49258" machi="84" ten="40,5200,0" yaku="19,1,34,2" doraHai="54" who="1" fromWho="0" sc="79,-55,432,55,401,0,88,0" /><INIT seed="7,0,0,1,5,50" ten="24,487,401,88" oya="3" hai0="34,27,30,57,102,19,122,130,75,91,101,80,63" hai1="32,111,78,67,108,99,132,98,9,33,46,135,20" hai2="76,89,47,86,6,105,83,118,104,18,103,62,17" hai3="25,51,127,54,114,61,113,14,94,3,134,110,72"/><W77/><G77/><T112/><D122/><U90/><E67/><V66/><F118/><W87/><G72/><T92/><D130/><U85/><E46/><V31/><F6/><W58/><G3/><T131/><D131/><U121/><E121/><V93/><F31/><W120/><G127/><T128/><D128/><U65/><E65/><V48/><F104/><W8/><G134/><N who="1" m="51242" /><E78/><V40/><F103/><W125/><G125/><T116/><D116/><U107/><E9/><V43/><F43/><W119/><G119/><T96/><D112/><U53/><E53/><V24/><F105/><W12/><G120/><T10/><D75/><U97/><E20/><V22/><F62/><W60/><G25/><T5/><D80/><N who="1" m="49447" /><E107/><V2/><F2/><W68/><G14/><T11/><D11/><U115/><E115/><N who="3" m="44042" /><G68/><T38/><D38/><U123/><E123/><V1/><F1/><W73/><G73/><T133/><D133/><U55/><E55/><V126/><F126/><W45/><G45/><T109/><D109/><AGARI ba="0,0" hai="32,33,97,98,99,108,109,111" m="49447,51242" machi="109" ten="40,1300,0" yaku="20,1" doraHai="50" who="1" fromWho="0" sc="24,-13,487,13,401,0,88,0" owari="11,-49.0,500,60.0,401,20.0,88,-31.0" /></mjloggm>