<mjloggm ver="2.3"><GO type="97" lobby="0"/><UN n0="%E3%82%A6%E3%83%AB%E3%83%88%E3%83%A9%E7%AB%8B%E7%9B%B4" n1="%E5%8C%97%E9%A2%A8%E4%B8%87%E4%BD%9C" n2="%62%61%6B%61%62%6F%6E%31" n3="%E3%81%86%E3%81%BE%E3%81%8A%E3%83%91%E3%83%91" dan="15,13,14,14" rate="1992.31,1874.33,1980.05,1901.50" sx="M,M,M,M"/><TAIKYOKU oya="0"/><INIT seed="0,0,0,2,5,90" ten="250,250,250,250" oya="0" hai0="39,84,57,72,18,8,42,120,22,78,41,85,124" hai1="28,66,89,111,40,75,43,32,122,95,131,127,133" hai2="93,37,68,10,44,70,1,23,34,123,135,102,107" hai3="73,82,47,79,67,77,17,53,0,31,129,58,96"/><T61/><D120/><U63/><E122/><V71/><F123/><W64/><G129/><T48/><D124/><U128/><E127/><V20/><F135/><W112/><G112/><T36/><D72/><U60/><E133/><V116/><F116/><W5/><G79/><T50/><D8/><U125/><E75/><V33/><F20/><W108/><G31/><T106/><D106/><U105/><E105/><V109/><F23/><W110/><G47/><T16/><D78/><U24/><E125/><V115/><F93/><W26/><G26/><T74/><D74/><U52/><E111/><N who="3" m="42538" /><G17/><T30/><D22/><U6/><E6/><N who="2" m="1359" /><F115/><W46/><G46/><T98/><D30/><U12/><E12/><V88/><F88/><W130/><G130/><N who="1" m="49706" /><E63/><V14/><F14/><W51/><G96/><T15/><D61/><U38/><E38/><V69/><F109/><W114/><G114/><T65/><D15/><U13/><E13/><V104/><F71/><W87/><G73/><T9/><D98/><N who="1" m="57711" /><E52/><V113/><F113/><W56/><G56/><AGARI ba="0,0" hai="24,28,32,40,43,56,60,66" m="57711,49706" machi="56" ten="30,2000,0" yaku="19,1,52,1" doraHai="90" who="1" fromWho="3" sc="250,0,250,20,250,0,250,-20" /><INIT seed="1,0,0,0,0,127" ten="250,270,250,230" oya="1" hai0="108,15,75,27,57,54,28,44,34,113,102,13,109" hai1="16,69,53,58,101,92,103,36,126,124,122,22,24" hai2="42,131,128,134,39,30,89,73,135,60,1,96,78" hai3="99,18,9,132,77,5,49,0,20,32,55,95,70"/><U37/><E69/><V116/><F1/><W67/><G132/><N who="2" m="50729" /><F116/><W84/><G32/><T46/><D75/><U123/><E92/><N who="2" m="56335" /><F30/><W87/><G77/><T106/><D102/><N who="1" m="38923" /><E58/><V94/><F39/><N who="1" m="14921" /><E53/><V104/><F42/><W12/><G70/><T52/><D106/><U47/><E47/><V112/><F104/><W6/><G67/><T130/><D57/><U114/><E114/><V119/><F60/><W26/><G6/><T82/><D34/><U105/><E105/><V31/><F31/><W86/><G0/><T68/><D28/><U65/><E65/><V72/><F119/><W66/><G66/><T88/><D68/><U51/><E51/><V125/><F125/><AGARI ba="0,0" hai="16,22,24,122,123,124,125,126" m="14921,38923" machi="125" ten="30,2900,0" yaku="18,1,54,1" doraHai="127" who="1" fromWho="2" sc="250,0,270,29,250,-29,230,0" /><INIT seed="1,1,0,1,5,83" ten="250,299,221,230" oya="1" hai0="5,102,81,38,58,48,50,16,7,12,13,73,114" hai1="27,89,55,45,68,96,105,93,66,88,2,9,11" hai2="44,59,3,113,130,80,127,49,62,33,79,75,91" hai3="63,103,65,94,125,106,60,35,131,24,18,110,107"/><U129/><E105/><V70/><F113/><W98/><G131/><T84/><D73/><U17/><E129/><V112/><F112/><W72/><G72/><T134/><D38/><U119/><E119/><V57/><F130/><W115/><G115/><T54/><D114/><U82/><E68/><V123/><F123/><W86/><G125/><T23/><D134/><U30/><E66/><V74/><F3/><W64/><G110/><T111/><D111/><U26/><E2/><V133/><F33/><W87/><G107/><T99/><D50/><N who="1" m="29135" /><E30/><V135/><F75/><W104/><G104/><T117/><D117/><U32/><E32/><V100/><F127/><W121/><G121/><T36/><D36/><U116/><E116/><V118/><F118/><W95/><G95/><N who="0" m="58751" /><D13/><N who="1" m="7343" /><E11/><V52/><F100/><W124/><G124/><T37/><D37/><U61/><E61/><V20/><F70/><W77/><G106/><T8/><D23/><U4/><E4/><V51/><F20/><N who="3" m="13335" /><G35/><T0/><D0/><U71/><E71/><V6/><F6/><W14/><G63/><T10/><D10/><U31/><E31/><V122/><F122/><W67/><G60/><T15/><D15/><U29/><E29/><V92/><F51/><W43/><G14/><T42/><D42/><U126/><E126/><V21/><F21/><W78/><G43/><T19/><D7/><U28/><E28/><V90/><F59/><W109/><G109/><T69/><D69/><U34/><E34/><V56/><F56/><W97/><G67/><T47/><D58/><U128/><E128/><V101/><F57/><RYUUKYOKU ba="1,0" sc="250,15,299,15,221,-15,230,-15" hai0="5,8,12,16,19,47,48,54,81,84" hai1="26,27,82,88,89,93,96" /><INIT seed="1,2,0,5,4,3" ten="265,314,206,215" oya="1" hai0="34,50,30,2,85,9,90,44,115,73,130,109,94" hai1="116,118,4,46,127,12,135,84,69,21,68,98,27" hai2="79,108,48,54,40,114,105,23,113,49,0,28,61" hai3="41,29,71,18,89,121,16,100,55,42,107,43,47"/><U58/><E135/><V106/><F105/><W123/><G71/><T103/><D73/><U17/><E127/><V96/><F106/><W117/><G117/><T57/><D115/><N who="2" m="44042" /><F0/><W11/><G29/><T64/><D130/><U70/><E98/><V25/><F108/><W8/><G107/><T20/><D34/><U75/><E75/><V14/><F79/><W53/><G100/><T81/><D109/><U104/><E104/><V6/><F40/><W129/><G129/><T131/><D131/><U80/><E46/><V65/><F96/><W102/><G102/><T87/><D9/><N who="3" m="3657" /><G47/><T95/><D2/><U7/><E58/><N who="2" m="33095" /><F14/><W111/><G111/><T92/><D87/><U59/><E59/><N who="2" m="37055" /><F49/><W88/><G123/><T101/><D101/><U74/><E74/><V124/><F124/><W133/><G121/><T97/><D103/><U33/><E116/><V10/><F10/><W62/><G133/><T31/><D97/><U134/><E134/><V32/><F32/><W51/><G62/><N who="0" m="37967" /><D20/><U52/><E118/><V99/><F99/><W91/><G51/><T119/><D119/><U39/><E39/><V63/><F63/><W76/><G76/><T132/><D132/><U5/><E33/><V1/><F1/><W13/><G13/><T37/><D37/><U38/><E38/><V26/><F26/><W122/><G122/><T128/><D128/><U66/><E12/><V67/><F67/><W126/><G126/><T45/><D45/><U83/><E66/><V120/><F120/><W35/><G35/><T112/><D112/><U19/><E27/><V110/><F110/><RYUUKYOKU ba="2,0" sc="265,10,314,-30,206,10,215,10" hai0="30,31,44,50,81,85,90,92,94,95" hai2="6,23,25,28" hai3="16,18,41,42,43,53,55,88,89,91" /><INIT seed="2,3,0,5,0,118" ten="275,284,216,225" oya="2" hai0="3,0,125,68,78,58,22,134,11,111,59,124,52" hai1="60,119,74,15,26,135,121,45,29,113,106,56,95" hai2="6,46,67,82,49,30,40,130,101,98,35,89,48" hai3="75,73,97,96,10,57,81,87,128,2,9,86,44"/><V117/><F117/><W47/><G128/><T19/><D68/><U99/><E135/><V131/><F35/><W129/><G129/><N who="2" m="49161" /><F30/><W61/><G2/><T64/><D78/><U104/><E74/><V36/><F6/><W76/><G76/><T85/><D85/><U54/><E121/><V32/><F32/><W133/><G133/><T63/><D134/><U115/><E119/><V23/><F67/><W70/><G70/><T53/><D64/><U14/><E113/><V92/><F23/><W62/><G57/><T120/><D120/><U91/><E115/><V38/><F38/><W55/><G55/><T126/><D11/><U72/><E72/><V5/><F5/><W105/><G81/><T109/><D3/><U24/><E24/><V20/><F20/><W77/><G77/><T112/><D0/><U107/><REACH who="1" step="1"/><E45/><REACH who="1" ten="275,274,216,225" step="2"/><V127/><F127/><W100/><G75/><T110/><D112/><U27/><E27/><V90/><F82/><W116/><G73/><T103/><D124/><U4/><E4/><V33/><F33/><AGARI ba="3,1" hai="14,15,26,29,33,54,56,60,91,95,99,104,106,107" machi="33" ten="40,1300,0" yaku="1,1,53,0" doraHai="118" doraHaiUra="65" who="1" fromWho="2" sc="275,0,274,32,216,-22,225,0" /><INIT seed="3,0,0,1,5,1" ten="275,306,194,225" oya="3" hai0="54,75,90,113,69,70,58,77,128,67,79,53,27" hai1="57,97,116,8,0,123,47,98,30,107,22,71,23" hai2="18,66,101,45,64,95,49,83,4,41,19,135,56" hai3="21,36,122,28,124,31,118,92,2,109,132,42,52"/><W114/><G122/><T105/><D105/><U127/><E71/><V108/><F108/><W3/><G118/><T35/><D67/><U43/><E123/><V117/><F135/><W84/><G114/><T89/><D27/><U5/><E127/><V59/><F117/><W61/><G132/><T55/><D35/><U14/><E116/><V100/><F83/><W9/><G124/><T111/><D58/><U121/><E121/><V81/><F81/><W32/><G32/><T39/><D39/><U10/><E30/><V102/><F95/><W99/><G109/><T112/><D111/><U13/><E0/><V46/><F4/><W91/><G36/><T50/><D50/><N who="1" m="27007" /><E57/><V51/><F100/><N who="3" m="60519" /><G42/><AGARI ba="0,0" hai="18,19,41,42,45,46,49,51,56,59,64,66,101,102" machi="42" ten="25,3200,0" yaku="22,2,8,1" doraHai="1" who="2" fromWho="3" sc="275,0,306,0,194,32,225,-32" owari="275,8.0,306,40.0,226,-17.0,193,-31.0" /></mjloggm>