<mjloggm ver="2.3"><GO type="97" lobby="0"/><UN n0="%47%45%52%42%45%52" n1="%E3%81%A6%E3%82%82%E3%81%BF%E3%82%93" n2="%6F%74%61%73%31%33%36" n3="%E3%82%A6%E3%83%AB%E3%83%88%E3%83%A9%E7%AB%8B%E7%9B%B4" dan="14,14,13,14" rate="2000.84,1973.67,1930.82,1867.22" sx="M,M,M,M"/><TAIKYOKU oya="0"/><INIT seed="0,0,0,1,4,76" ten="250,250,250,250" oya="0" hai0="60,57,125,122,52,133,135,131,45,10,95,134,4" hai1="123,110,46,21,16,102,43,50,101,59,113,6,13" hai2="66,83,91,80,96,68,64,115,77,55,14,84,79" hai3="47,31,25,51,108,87,11,105,98,58,99,88,34"/><T130/><D122/><U39/><E123/><V9/><F115/><W3/><G108/><T8/><D95/><U44/><E110/><V92/><F68/><W97/><G58/><T22/><D22/><U63/><E113/><V118/><F55/><W49/><G105/><T116/><D116/><U121/><E121/><V114/><F114/><W124/><G124/><T48/><D4/><U78/><E6/><V72/><F118/><W85/><G3/><T1/><D1/><U23/><E23/><V19/><AGARI ba="0,0" hai="9,14,19,64,66,72,77,79,80,83,84,91,92,96" machi="19" ten="20,5200,0" yaku="0,1,7,1,52,2" doraHai="76" who="2" fromWho="2" sc="250,-26,250,-13,250,52,250,-13" /><INIT seed="1,0,0,2,5,72" ten="224,237,302,237" oya="1" hai0="21,125,48,84,76,40,114,71,1,127,108,42,115" hai1="58,45,78,133,9,29,61,32,30,120,85,117,4" hai2="124,132,107,68,90,7,64,102,116,131,22,101,77" hai3="62,53,39,27,36,8,106,12,123,80,51,96,6"/><U128/><E120/><V37/><F116/><W88/><G123/><T126/><D71/><U55/><E117/><V99/><F37/><W59/><G27/><T18/><D1/><U91/><E133/><V15/><F132/><W97/><G106/><T20/><D108/><U43/><E128/><V23/><F131/><W50/><G96/><T33/><D33/><U5/><E32/><V65/><F124/><W89/><G89/><T111/><D111/><U73/><E73/><V79/><F68/><W63/><G51/><T109/><D109/><U94/><E78/><N who="2" m="29707" /><F107/><W98/><G98/><T57/><D21/><N who="2" m="7690" /><F7/><W34/><G34/><T118/><D118/><U47/><E5/><V16/><F99/><W121/><G121/><T11/><D11/><U17/><E17/><V95/><F90/><W103/><G103/><N who="2" m="39433" /><F95/><W113/><G113/><N who="0" m="43019" /><D57/><U134/><E134/><V44/><F44/><W46/><G39/><T26/><D48/><U25/><E47/><V31/><F31/><W70/><G70/><T3/><D3/><U74/><E74/><V19/><F15/><W54/><G36/><T135/><D135/><U122/><E122/><V100/><N who="2" m="39441" /><V130/><DORA hai="110" /><F130/><W69/><G69/><T104/><D104/><U83/><E94/><V49/><F49/><N who="3" m="31183" /><G97/><T13/><D13/><N who="1" m="5287" /><E25/><V105/><F105/><W67/><G12/><T82/><AGARI ba="0,0" hai="18,20,26,40,42,76,82,84,125,126,127" m="43019" machi="82" ten="40,8000,1" yaku="18,1,52,4" doraHai="72,110" who="0" fromWho="0" sc="224,80,237,-40,302,-20,237,-20" /><INIT seed="2,0,0,5,4,28" ten="304,197,282,217" oya="2" hai0="8,56,96,55,111,64,135,26,69,37,112,116,72" hai1="0,129,15,132,48,40,47,124,59,115,94,76,126" hai2="106,65,2,45,121,85,34,30,110,63,128,127,49" hai3="89,27,107,125,83,100,122,3,87,101,31,86,80"/><V11/><F121/><W114/><G3/><T133/><D112/><U24/><E0/><V42/><F106/><W7/><G122/><T84/><D72/><U92/><E115/><V118/><F118/><W98/><G114/><T62/><D116/><U78/><E15/><V130/><F2/><W103/><G7/><T6/><D111/><U19/><E132/><N who="0" m="50761" /><D37/><U123/><E129/><N who="2" m="49771" /><F110/><W113/><G113/><T36/><D36/><U17/><E59/><N who="2" m="37119" /><F127/><N who="1" m="48681" /><E123/><V54/><F11/><W39/><G39/><T75/><D75/><U131/><E131/><V61/><F85/><W22/><REACH who="3" step="1"/><G125/><REACH who="3" ten="304,197,282,207" step="2"/><T29/><D84/><U88/><E78/><AGARI ba="0,1" hai="22,27,31,78,80,83,86,87,89,98,100,101,103,107" machi="78" ten="30,3900,0" yaku="1,1,2,1,7,1,53,0" doraHai="28" doraHaiUra="57" who="3" fromWho="1" sc="304,0,197,-39,282,0,207,49" /><INIT seed="3,0,0,2,4,110" ten="304,158,282,256" oya="3" hai0="72,15,11,31,32,42,95,109,2,132,64,63,75" hai1="66,12,19,108,4,107,113,105,59,133,49,8,104" hai2="77,128,76,89,85,78,16,80,135,10,0,71,99" hai3="120,134,119,22,124,23,93,33,86,39,55,1,62"/><W40/><G120/><T74/><D2/><U29/><E108/><V34/><F71/><W54/><G119/><T70/><D109/><U44/><E133/><V37/><F37/><W67/><G33/><T18/><D132/><U90/><E29/><V13/><F135/><W14/><G1/><T9/><D42/><U96/><E66/><V6/><F128/><W114/><G114/><T123/><D123/><U26/><E59/><V91/><F34/><W83/><G134/><T87/><D31/><U118/><E118/><V27/><F27/><W100/><G124/><T5/><D32/><U47/><E47/><V98/><REACH who="2" step="1"/><F91/><REACH who="2" ten="304,158,272,256" step="2"/><N who="3" m="51679" /><G39/><T45/><D45/><U101/><E113/><V116/><F116/><W117/><G117/><T41/><D41/><U65/><E65/><V125/><F125/><W57/><G40/><T68/><D68/><U131/><E131/><V46/><F46/><W102/><G102/><T122/><D122/><U48/><E90/><V126/><F126/><W82/><G82/><T79/><D79/><U51/><REACH who="1" step="1"/><E44/><REACH who="1" ten="304,148,272,256" step="2"/><V61/><F61/><W52/><G14/><T35/><D15/><U92/><E92/><V21/><AGARI ba="0,2" hai="0,6,10,13,16,21,76,77,78,80,85,89,98,99" machi="21" ten="30,4000,0" yaku="1,1,0,1,54,1,53,0" doraHai="110" doraHaiUra="97" who="2" fromWho="2" sc="304,-10,148,-10,272,60,256,-20" owari="294,9.0,138,-36.0,332,43.0,236,-16.0" /></mjloggm>