<mjloggm ver="2.3"><GO type="97" lobby="0"/><UN n0="%72%65%6E%61%67%69" n1="%E7%84%A1%E5%8F%8C%E3%81%AE%EF%BC%96%E6%89%93%E3%81%A1%E3%81%A6%E3%81%88" n2="%73%68%65%6E%6C%65%65" n3="%E3%82%A6%E3%83%AB%E3%83%88%E3%83%A9%E7%AB%8B%E7%9B%B4" dan="13,15,13,16" rate="1838.61,1998.55,1835.96,2000.43" sx="M,M,M,M"/><TAIKYOKU oya="0"/><INIT seed="0,0,0,0,3,120" ten="250,250,250,250" oya="0" hai0="53,114,97,60,127,46,57,104,26,5,30,61,90" hai1="8,9,20,64,10,18,31,35,34,39,107,42,72" hai2="121,14,23,92,17,124,133,48,52,11,85,7,98" hai3="58,47,108,41,2,115,88,56,116,59,29,67,69"/><T50/><D114/><U105/><E72/><V117/><F121/><W100/><G2/><T79/><D127/><U1/><E64/><V126/><F133/><W96/><G29/><T87/><D5/><U82/><E82/><V4/><F117/><W131/><G100/><T49/><D104/><U80/><E80/><V55/><F126/><W54/><G96/><T12/><D79/><U132/><E132/><V113/><F113/><W44/><G88/><T68/><D12/><U70/><E70/><V76/><F124/><W66/><G115/><T111/><D68/><U77/><E77/><V75/><F75/><W125/><G125/><T13/><D97/><U33/><E31/><V118/><F118/><W32/><G32/><T128/><D13/><U25/><REACH who="1" step="1"/><E1/><REACH who="1" ten="250,240,250,250" step="2"/><V71/><F71/><W83/><G83/><T78/><D78/><U74/><E74/><V0/><F7/><W51/><G116/><T129/><D128/><U37/><E37/><V24/><F0/><W110/><G131/><T43/><D129/><U119/><E119/><V106/><F106/><W95/><G95/><T122/><D122/><U84/><E84/><V103/><F48/><N who="3" m="26639" /><G69/><T109/><D87/><U63/><E63/><V27/><F27/><W94/><G94/><T28/><D28/><U81/><E81/><AGARI ba="0,1" hai="4,11,14,17,23,24,52,55,76,81,85,92,98,103" machi="81" ten="40,2600,0" yaku="8,1,54,1" doraHai="120" who="2" fromWho="1" sc="250,0,240,-26,250,36,250,0" /><INIT seed="1,0,0,5,1,28" ten="250,214,286,250" oya="1" hai0="67,4,78,111,68,45,69,129,91,22,23,77,135" hai1="72,31,60,75,83,101,102,54,119,51,21,64,6" hai2="8,132,56,13,94,105,124,35,12,70,17,47,113" hai3="80,16,25,59,65,41,108,63,85,107,82,126,92"/><U15/><E119/><V38/><F113/><W29/><G107/><T57/><D4/><U125/><E125/><V61/><F132/><W1/><G1/><T74/><D135/><U66/><E75/><V62/><F124/><W40/><G126/><T46/><D74/><U18/><E6/><V32/><F105/><W131/><G131/><T114/><D129/><U2/><E2/><V43/><F70/><W26/><G108/><T116/><D111/><U10/><E72/><V122/><F122/><W97/><G82/><T106/><D106/><U7/><E83/><V19/><F94/><W20/><G85/><T48/><D48/><U76/><E76/><V49/><F38/><W55/><G80/><T117/><D57/><N who="1" m="36879" /><E66/><V109/><F109/><W121/><G121/><T81/><D81/><U39/><E39/><V123/><F123/><W30/><G30/><T110/><D110/><U24/><E31/><V120/><F120/><W36/><G36/><T134/><D67/><U84/><E84/><V42/><F42/><W130/><G130/><T73/><D73/><U118/><E118/><V133/><F133/><W14/><G65/><T115/><D134/><U0/><E0/><V90/><F90/><AGARI ba="0,0" hai="22,23,45,46,68,69,77,78,90,91,114,115,116,117" machi="90" ten="25,1600,0" yaku="22,2" doraHai="28" who="0" fromWho="2" sc="250,16,214,0,286,-16,250,0" /><INIT seed="2,0,0,2,2,113" ten="266,214,270,250" oya="2" hai0="128,54,117,16,31,35,91,14,52,42,53,30,63" hai1="34,66,100,22,87,133,131,58,76,68,106,17,104" hai2="6,127,23,41,108,93,77,1,79,112,120,122,72" hai3="61,43,78,88,125,90,119,29,37,2,13,86,0"/><V24/><F112/><W74/><G74/><T130/><D42/><U102/><E34/><V95/><F108/><W3/><G29/><T45/><D45/><U28/><E68/><V55/><F127/><W85/><G43/><T89/><D35/><U38/><E28/><N who="0" m="10793" /><D63/><U110/><E38/><V80/><F77/><W32/><G32/><T33/><D33/><U123/><E110/><V73/><F73/><W5/><G37/><T105/><D105/><N who="1" m="40555" /><E58/><V62/><F41/><W15/><G78/><T96/><D96/><U75/><E66/><V25/><F25/><W71/><G61/><T114/><D114/><U101/><E22/><V56/><F6/><W18/><G71/><T81/><D81/><N who="1" m="45215" /><E17/><V70/><F70/><W40/><G40/><T83/><D83/><U111/><E111/><V39/><F39/><W21/><G21/><T129/><D117/><U59/><E59/><V107/><F1/><W26/><G18/><T103/><D103/><N who="1" m="39499" /><E123/><V64/><F64/><W7/><G3/><T124/><D124/><U51/><N who="1" m="39507" /><U60/><DORA hai="27" /><E87/><V118/><F107/><W134/><G125/><T10/><AGARI ba="0,0" hai="10,14,16,52,53,54,89,91,128,129,130" m="10793" machi="10" ten="40,12000,2" yaku="19,1,52,3,54,2" doraHai="113,27" who="0" fromWho="0" sc="266,120,214,-30,270,-60,250,-30" /><INIT seed="3,0,0,0,3,73" ten="386,184,210,220" oya="3" hai0="77,45,39,40,69,107,30,83,62,82,125,15,5" hai1="88,23,110,21,44,89,95,59,103,116,13,128,14" hai2="27,111,134,130,86,118,36,48,20,16,129,131,25" hai3="33,127,109,66,18,54,17,96,53,42,55,58,92"/><W22/><G33/><T122/><D122/><U24/><E110/><V112/><F36/><W79/><G109/><T3/><D15/><U37/><E128/><V75/><F75/><W98/><G127/><T67/><D83/><U63/><E116/><V29/><F86/><W65/><G42/><T41/><D41/><U126/><E126/><V78/><F78/><W135/><G135/><T90/><D90/><N who="1" m="34923" /><E44/><V133/><F48/><W8/><G79/><T12/><D12/><N who="1" m="4715" /><E37/><V91/><F91/><W68/><G68/><T124/><D30/><U10/><E10/><V57/><F57/><W94/><G8/><N who="0" m="2111" /><D107/><U123/><E123/><V102/><F102/><W108/><G108/><T101/><D101/><U9/><E9/><V61/><F61/><W35/><G35/><T80/><D80/><U2/><E2/><V0/><F118/><W1/><G1/><T121/><D121/><U87/><E24/><V113/><F111/><W120/><G120/><T81/><D81/><U76/><E87/><V114/><REACH who="2" step="1"/><F0/><REACH who="2" ten="386,184,200,220" step="2"/><W106/><G58/><T46/><D46/><U100/><E76/><V56/><F56/><W64/><G106/><T19/><D125/><U132/><E132/><V60/><F60/><W6/><G6/><T104/><D124/><U117/><E117/><V7/><F7/><W32/><G98/><T26/><D104/><U49/><E49/><V31/><F31/><W84/><G96/><T47/><D47/><U72/><E72/><V70/><F70/><W51/><G51/><T38/><D38/><U119/><E119/><V34/><AGARI ba="0,1" hai="16,20,25,27,29,34,112,113,114,129,130,131,133,134" machi="34" ten="40,12000,2" yaku="1,1,0,1,19,1,34,3,54,1,53,0" doraHai="73" doraHaiUra="71" who="2" fromWho="2" sc="386,-30,184,-30,200,130,220,-60" owari="356,46.0,154,-35.0,330,13.0,160,-24.0" /></mjloggm>