<mjloggm ver="2.3"><GO type="97" lobby="0"/><UN n0="%E3%82%A6%E3%83%AB%E3%83%88%E3%83%A9%E7%AB%8B%E7%9B%B4" n1="%E5%BB%A3%E6%B8%88%E5%A0%82%E6%9C%AC%E5%BA%97" n2="%6E%2E%61%6F" n3="%E6%85%A7%E6%85%A7%E6%85%A7" dan="15,14,14,14" rate="1974.46,1906.40,1995.25,1948.98" sx="M,M,M,M"/><TAIKYOKU oya="0"/><INIT seed="0,0,0,5,0,61" ten="250,250,250,250" oya="0" hai0="97,23,32,22,118,47,54,133,35,107,78,83,94" hai1="99,34,50,6,80,60,73,81,123,129,135,105,85" hai2="3,9,37,120,52,82,55,111,125,11,14,91,69" hai3="17,132,13,39,106,4,90,103,43,77,89,2,49"/><T86/><D133/><U5/><E123/><V87/><F120/><W72/><G132/><T26/><D118/><U21/><E135/><V65/><F37/><W1/><G49/><T76/><D107/><U100/><E34/><V28/><F28/><W51/><G51/><N who="0" m="29055" /><D32/><U117/><E117/><V56/><F69/><W124/><G1/><T59/><D35/><U44/><E129/><V108/><F3/><W115/><G103/><N who="0" m="60855" /><D59/><U104/><E104/><V95/><F125/><W101/><G124/><T38/><D38/><U66/><E21/><N who="0" m="7689" /><D26/><U31/><E31/><V25/><F25/><W68/><G68/><T33/><D33/><U16/><E16/><V45/><F45/><N who="3" m="23807" /><G101/><T18/><D18/><U109/><E109/><N who="2" m="42059" /><F65/><W46/><G46/><T53/><D53/><U0/><E0/><V74/><F74/><W71/><G71/><T20/><N who="0" m="7697" /><T98/><DORA hai="126" /><D98/><U57/><E73/><V12/><F55/><W75/><G75/><T84/><D84/><U42/><E81/><V127/><F127/><W134/><G106/><T113/><D113/><U70/><E70/><V93/><F12/><W79/><G115/><T88/><AGARI ba="0,0" hai="76,78,83,86,88" m="7697,60855,29055" machi="88" ten="30,3000,0" yaku="8,1,54,1" doraHai="61,126" who="0" fromWho="0" sc="250,30,250,-10,250,-10,250,-10" /><INIT seed="0,1,0,4,5,128" ten="280,240,240,240" oya="0" hai0="65,35,67,101,21,61,5,110,71,113,39,45,56" hai1="1,105,22,85,87,57,78,66,94,40,18,63,34" hai2="131,59,116,54,76,74,104,133,51,91,48,12,36" hai3="106,92,20,90,123,108,117,38,96,58,23,7,129"/><T120/><D35/><U97/><E105/><V32/><F36/><W88/><G38/><T0/><D120/><U122/><E122/><V52/><F104/><W17/><G106/><T31/><D113/><U46/><E34/><V115/><F115/><W124/><G123/><T68/><D110/><U134/><E1/><V84/><F32/><W75/><G129/><T30/><D101/><U60/><E60/><V73/><F76/><W99/><G75/><T55/><D5/><U42/><E134/><V37/><F37/><W79/><G79/><T127/><D0/><U89/><E78/><V114/><F114/><W119/><G7/><T10/><D10/><U16/><E18/><V135/><F131/><W81/><G17/><T49/><D127/><U14/><E42/><V107/><F107/><W33/><G124/><T41/><D21/><U102/><REACH who="1" step="1"/><E102/><REACH who="1" ten="280,230,240,240" step="2"/><V80/><F116/><W125/><G33/><T86/><D67/><U109/><E109/><V47/><F12/><W130/><G108/><T93/><D68/><U77/><E77/><V111/><F111/><W53/><G125/><T95/><D31/><U100/><E100/><V27/><F27/><W69/><G130/><T6/><D30/><U50/><AGARI ba="1,1" hai="14,16,22,40,46,50,57,63,66,85,87,89,94,97" machi="50" ten="20,12000,2" yaku="1,1,0,1,7,1,8,1,54,1,53,1" doraHai="128" doraHaiUra="43" who="1" fromWho="1" sc="280,-61,230,133,240,-31,240,-31" /><INIT seed="1,0,0,0,3,85" ten="219,363,209,209" oya="1" hai0="15,5,63,32,6,69,101,82,102,23,4,67,109" hai1="90,21,65,31,110,112,47,46,28,117,58,94,113" hai2="66,135,14,93,74,78,80,132,125,111,99,95,79" hai3="43,51,34,70,11,19,71,18,77,53,41,133,72"/><U73/><E117/><V30/><F30/><W103/><G34/><T7/><D32/><U107/><E107/><V87/><F66/><W84/><G72/><T2/><D2/><U122/><E122/><V126/><F14/><W49/><G103/><T128/><D128/><U26/><E73/><V56/><F56/><W68/><G133/><N who="2" m="51273" /><F74/><W0/><G0/><T119/><D109/><U106/><E106/><V91/><F111/><W61/><G84/><T81/><D119/><U98/><E110/><V76/><F95/><W75/><G75/><T120/><D120/><U16/><E113/><V115/><F115/><W89/><G11/><T12/><N who="0" m="1024" /><DORA hai="96" /><T10/><D10/><U55/><E65/><V64/><F64/><W27/><G77/><AGARI ba="0,0" hai="76,77,78,79,80,87,91,93,99,125,126" m="51273" machi="77" ten="30,7700,0" yaku="20,1,34,2,52,1" doraHai="85,96" who="2" fromWho="3" sc="219,0,363,0,209,77,209,-77" /><INIT seed="2,0,0,0,5,51" ten="219,363,286,132" oya="2" hai0="127,121,70,96,126,50,134,100,64,42,14,78,93" hai1="29,84,130,133,19,54,35,34,4,119,33,123,0" hai2="80,18,76,79,24,104,125,30,31,73,117,20,103" hai3="77,101,22,88,57,45,82,38,86,92,5,60,2"/><V25/><F117/><W23/><G101/><T91/><D121/><U118/><E130/><V108/><F79/><W98/><G5/><T52/><D134/><U75/><E75/><V59/><F125/><N who="0" m="47626" /><D78/><U131/><E133/><V135/><F135/><W132/><G2/><T43/><D14/><U11/><E123/><V74/><F108/><W87/><G132/><T58/><D64/><U16/><E84/><V122/><F122/><W114/><G114/><T53/><D70/><U113/><E113/><V26/><F74/><W48/><G86/><T27/><D27/><N who="1" m="18623" /><E54/><N who="0" m="21097" /><D58/><U17/><E131/><V9/><F103/><W40/><REACH who="3" step="1"/><G38/><REACH who="3" ten="219,363,286,122" step="2"/><T107/><D50/><U112/><E112/><V106/><F106/><W68/><G68/><T62/><D62/><U49/><E49/><V21/><F104/><W41/><G41/><T13/><D13/><U109/><E109/><V56/><REACH who="2" step="1"/><F9/><REACH who="2" ten="219,363,276,122" step="2"/><W97/><G97/><AGARI ba="0,2" hai="42,43,91,93,96,97,100,107" m="21097,47626" machi="97" ten="30,8000,1" yaku="18,1,52,3,54,1" doraHai="51" who="0" fromWho="3" sc="219,100,363,0,276,0,122,-80" /><INIT seed="3,0,0,5,1,3" ten="319,363,276,42" oya="3" hai0="93,16,61,51,129,86,111,113,132,55,5,57,112" hai1="62,2,37,74,130,75,1,10,123,53,33,43,0" hai2="94,64,20,82,28,11,69,135,90,56,66,47,98" hai3="70,101,36,114,22,7,68,96,119,27,76,17,106"/><W9/><G119/><T4/><D111/><U21/><E123/><V102/><F69/><W15/><G114/><N who="0" m="44139" /><D129/><U60/><E130/><V26/><F135/><W44/><REACH who="3" step="1"/><G76/><REACH who="3" ten="319,363,276,32" step="2"/><T133/><D133/><U78/><E78/><V97/><F82/><W18/><G18/><T35/><D132/><U125/><E75/><V108/><F108/><W40/><AGARI ba="0,1" hai="7,9,15,17,22,27,36,40,44,68,70,96,101,106" machi="40" ten="30,6000,0" yaku="1,1,0,1,52,1,53,0" doraHai="3" doraHaiUra="117" who="3" fromWho="3" sc="319,-20,363,-20,276,-20,32,70" /><INIT seed="3,1,0,5,3,85" ten="299,343,256,102" oya="3" hai0="133,80,37,24,44,33,61,25,31,105,122,79,128" hai1="124,13,123,34,39,64,117,114,50,57,115,116,5" hai2="112,19,121,130,106,67,63,14,126,36,99,72,68" hai3="131,3,76,27,47,101,83,104,17,96,62,60,77"/><W70/><G3/><T66/><D128/><U2/><E123/><V45/><F112/><W69/><G131/><T35/><D133/><U16/><E39/><V88/><F72/><W46/><G17/><T49/><D122/><U91/><E124/><V59/><F130/><W52/><G27/><T135/><D135/><U87/><E34/><V6/><F6/><W103/><G96/><T54/><D37/><U82/><E5/><V119/><F119/><N who="1" m="45641" /><E2/><V71/><F121/><W89/><G83/><T102/><D102/><U23/><E64/><V97/><F126/><W43/><G104/><T98/><D98/><U48/><E48/><V81/><F99/><W53/><REACH who="3" step="1"/><G43/><REACH who="3" ten="299,343,256,92" step="2"/><T7/><D105/><U21/><E115/><V111/><F106/><W74/><G74/><T129/><D129/><U4/><E114/><V22/><F97/><W1/><G1/><T94/><D25/><U55/><E4/><V134/><F134/><W12/><G12/><T28/><D7/><U93/><E82/><V113/><F113/><W11/><G11/><AGARI ba="1,1" hai="11,13,16,21,23,50,55,57,87,91,93" m="45641" machi="11" ten="30,3900,0" yaku="12,1,52,1,54,1" doraHai="85" who="1" fromWho="3" sc="299,0,343,52,256,0,92,-42" owari="299,10.0,395,49.0,256,-14.0,50,-45.0" /></mjloggm>