<mjloggm ver="2.3"><GO type="97" lobby="0"/><UN n0="%E3%82%A6%E3%83%AB%E3%83%88%E3%83%A9%E7%AB%8B%E7%9B%B4" n1="%54%41%4B%55%53%4F%4E" n2="%79%61%6D%61%7A%61%61%61" n3="%E3%83%9E%E3%83%AB%E3%83%8D%E3%83%95%E5%A4%AB%E4%BA%BA" dan="15,13,14,14" rate="2072.60,1894.48,1915.08,1925.72" sx="M,M,M,F"/><TAIKYOKU oya="0"/><INIT seed="0,0,0,3,0,68" ten="250,250,250,250" oya="0" hai0="36,21,96,127,123,83,50,7,43,99,98,19,46" hai1="129,65,29,26,114,16,125,119,54,5,22,86,77" hai2="40,66,103,126,84,81,62,67,60,24,130,48,71" hai3="6,102,134,111,112,9,0,85,131,73,34,117,17"/><T120/><D127/><U124/><E119/><V108/><F103/><W95/><G73/><T25/><D7/><U45/><E129/><V11/><F108/><W15/><G111/><T78/><REACH who="0" step="1"/><D50/><REACH who="0" ten="240,250,250,250" step="2"/><N who="1" m="29007" /><E114/><V88/><F126/><N who="1" m="48745" /><E5/><V72/><F130/><W133/><G112/><T2/><D2/><U118/><E118/><V28/><F48/><W116/><G117/><T110/><D110/><U39/><E39/><V122/><F122/><W51/><G116/><T31/><D31/><U44/><E29/><V18/><F28/><W79/><G51/><T132/><D132/><U42/><E42/><V115/><F40/><W57/><G131/><T14/><D14/><U121/><E121/><V38/><F115/><W70/><G133/><T1/><D1/><U106/><E106/><V91/><F24/><W109/><G109/><T58/><D58/><U27/><E44/><V135/><F135/><W75/><G57/><T41/><D41/><U53/><E65/><V64/><F71/><W49/><G70/><T52/><D52/><U105/><E53/><V33/><F66/><W13/><G49/><T93/><D93/><U82/><E105/><V92/><F64/><W89/><G0/><T69/><D69/><U20/><E27/><V3/><F67/><W113/><G134/><T8/><D8/><U30/><E30/><V32/><F3/><W128/><G128/><T74/><AGARI ba="0,1" hai="19,21,25,36,43,46,74,78,83,96,98,99,120,123" machi="74" ten="30,6000,0" yaku="1,1,0,1,52,1,53,0" doraHai="68" doraHaiUra="4" who="0" fromWho="0" sc="240,70,250,-20,250,-20,250,-20" /><INIT seed="0,1,0,3,4,94" ten="310,230,230,230" oya="0" hai0="130,122,2,89,64,120,82,9,44,14,76,8,12" hai1="34,110,39,129,67,24,57,47,6,16,0,114,83" hai2="116,29,66,56,28,38,42,97,30,101,63,84,45" hai3="1,77,123,11,128,93,58,23,72,80,99,69,95"/><T131/><D64/><U108/><E83/><V21/><F116/><W98/><G69/><T7/><D44/><U115/><E39/><V109/><F84/><W124/><G124/><T68/><D89/><U48/><E67/><V96/><F109/><N who="1" m="42089" /><E57/><V107/><REACH who="2" step="1"/><F97/><REACH who="2" ten="310,230,220,230" step="2"/><W133/><G99/><T37/><D68/><U73/><E73/><V103/><F103/><W105/><G98/><T125/><D125/><U79/><E79/><V36/><F36/><W3/><G77/><T74/><D37/><U126/><E126/><V20/><AGARI ba="1,1" hai="20,21,28,29,30,38,42,45,56,63,66,96,101,107" machi="20" ten="30,4000,0" yaku="1,1,0,1,52,1,53,0" doraHai="94" doraHaiUra="106" who="2" fromWho="2" sc="310,-21,230,-11,220,53,230,-11" /><INIT seed="1,0,0,3,4,81" ten="289,219,273,219" oya="1" hai0="86,3,34,100,120,18,94,68,17,132,14,38,115" hai1="5,79,131,91,71,15,124,57,95,29,106,125,65" hai2="55,82,98,78,123,99,46,128,42,48,66,21,54" hai3="35,4,121,117,104,76,32,27,127,63,70,30,93"/><U61/><E106/><V49/><F66/><W83/><G121/><T16/><D3/><U19/><E29/><V74/><F128/><W7/><G127/><N who="1" m="48714" /><E131/><V36/><F123/><W47/><G117/><T11/><D38/><U110/><E79/><V108/><F108/><W25/><G104/><T9/><D68/><U105/><E105/><V89/><F89/><W133/><G133/><T0/><D132/><U69/><E5/><V101/><F21/><W92/><G47/><T23/><D34/><U56/><E110/><V116/><F116/><W44/><G44/><T45/><D115/><U26/><E26/><V112/><F112/><W33/><G63/><T118/><D0/><U84/><E71/><V51/><REACH who="2" step="1"/><F99/><REACH who="2" ten="289,219,263,219" step="2"/><W62/><G35/><T75/><D120/><U107/><E107/><AGARI ba="0,1" hai="36,42,46,48,49,51,54,55,74,78,82,98,101,107" machi="107" ten="40,2600,0" yaku="1,1,2,1,53,0" doraHai="81" doraHaiUra="53" who="2" fromWho="1" sc="289,0,219,-26,263,36,219,0" /><INIT seed="2,0,0,2,0,45" ten="289,193,299,219" oya="2" hai0="63,66,16,43,121,114,1,69,81,86,122,55,78" hai1="104,126,77,39,73,54,22,87,46,107,85,35,79" hai2="7,28,93,131,36,119,37,9,42,97,72,100,110" hai3="71,92,60,105,47,64,70,50,10,32,117,41,120"/><V103/><F72/><W102/><G120/><T116/><D1/><U24/><E35/><V96/><F119/><W83/><G105/><T115/><D116/><U84/><E39/><V49/><F28/><W127/><G127/><T58/><D43/><U51/><E126/><V53/><F131/><W14/><G32/><T129/><D129/><U128/><E128/><V111/><F42/><W56/><G117/><T6/><D6/><U27/><E73/><V135/><F135/><W132/><G132/><T98/><D122/><U76/><REACH who="1" step="1"/><E22/><REACH who="1" ten="289,183,299,219" step="2"/><V113/><F113/><W125/><G125/><T67/><D121/><U3/><E3/><V57/><F37/><W52/><G83/><T130/><D130/><U20/><E20/><V13/><REACH who="2" step="1"/><F36/><REACH who="2" ten="289,183,289,219" step="2"/><W31/><G31/><T75/><D75/><U2/><E2/><V82/><F82/><W94/><G71/><T26/><D69/><U19/><E19/><V88/><F88/><W34/><G70/><T99/><D114/><U118/><E118/><V23/><F23/><W8/><G8/><T90/><D115/><U40/><E40/><V89/><F89/><W62/><G41/><T33/><D33/><U65/><E65/><N who="0" m="24585" /><D90/><U80/><E80/><V15/><F15/><W44/><G34/><T74/><D74/><U95/><E95/><AGARI ba="0,2" hai="7,9,13,49,53,57,93,95,96,97,100,103,110,111" machi="95" ten="40,12000,1" yaku="1,1,9,1,52,1,53,1" doraHai="45" doraHaiUra="11" who="2" fromWho="1" sc="289,0,183,-120,289,140,219,0" /><INIT seed="2,1,0,3,5,77" ten="289,63,429,219" oya="2" hai0="7,82,40,105,89,90,43,10,103,128,97,102,79" hai1="73,114,62,116,132,17,19,53,130,48,80,22,6" hai2="113,56,74,32,67,51,87,34,118,76,108,26,64" hai3="20,120,33,58,121,72,47,92,110,135,70,122,37"/><V100/><F74/><W83/><G33/><T78/><D128/><U52/><E116/><V50/><F118/><W38/><G110/><T11/><D7/><U30/><E114/><V124/><F100/><W57/><G135/><T71/><D71/><U84/><E73/><V54/><F113/><W21/><G70/><T8/><D8/><U134/><E130/><V86/><F124/><W1/><G1/><T14/><D14/><U61/><E6/><V0/><F0/><W119/><G119/><T55/><D55/><U133/><E30/><V4/><F4/><W36/><G92/><T101/><D101/><U115/><E115/><V49/><F108/><W111/><G111/><T66/><D66/><N who="2" m="25130" /><F32/><W93/><G47/><T131/><D131/><U41/><E41/><V112/><F34/><W35/><G35/><T3/><D3/><U85/><E85/><V25/><F87/><W5/><G5/><T81/><D105/><U127/><E127/><V28/><F28/><W60/><G120/><T98/><AGARI ba="1,0" hai="10,11,40,43,78,79,81,82,89,90,97,98,102,103" machi="98" ten="25,12000,2" yaku="0,1,22,2,8,1,52,2" doraHai="77" who="0" fromWho="0" sc="289,123,63,-31,429,-61,219,-31" /><INIT seed="3,0,0,5,3,26" ten="412,32,368,188" oya="3" hai0="93,116,25,53,82,24,84,131,29,35,109,56,74" hai1="83,32,75,27,89,102,112,85,6,48,98,97,54" hai2="79,125,28,9,100,71,2,120,119,108,91,58,33" hai3="22,37,20,106,44,80,45,50,78,17,128,124,86"/><W65/><G106/><T105/><D105/><U99/><E6/><V43/><F71/><W3/><G3/><T110/><D116/><U23/><E54/><V121/><F100/><W96/><G128/><T59/><D131/><U47/><E48/><V68/><F58/><W55/><G124/><T76/><D25/><U61/><E47/><V31/><F68/><W101/><G65/><T30/><D30/><N who="2" m="11306" /><F33/><W87/><G87/><T38/><D38/><U81/><E32/><V64/><F119/><W0/><G0/><T133/><D133/><U42/><E61/><V62/><F125/><W18/><G37/><T103/><D53/><U90/><E42/><V8/><F43/><W73/><G73/><T52/><D52/><U123/><E27/><V34/><F34/><W10/><G44/><T129/><D129/><U72/><E23/><V21/><F79/><W111/><G10/><T67/><D67/><U51/><E51/><V126/><F126/><W115/><G115/><T16/><D59/><U7/><E7/><V49/><F108/><W130/><G111/><T5/><D56/><U14/><E14/><V117/><F117/><W134/><G130/><T118/><D118/><U13/><E13/><V57/><F2/><W88/><G78/><T69/><D69/><U127/><E112/><V63/><F63/><W40/><G40/><T95/><D35/><U135/><E127/><V66/><F66/><W36/><G36/><T15/><D110/><U107/><E135/><V46/><F21/><N who="3" m="8299" /><G134/><T132/><D132/><U92/><E123/><N who="2" m="47179" /><F91/><W41/><G41/><T70/><D109/><RYUUKYOKU ba="0,0" sc="412,-15,32,-15,368,15,188,15" hai2="8,9,46,49,57,62,64" hai3="17,18,45,50,55,80,86,88,96,101" /><INIT seed="3,1,0,0,3,1" ten="397,17,383,203" oya="3" hai0="111,81,10,25,65,101,28,95,62,57,16,125,133" hai1="34,0,107,58,55,90,33,13,30,52,76,4,82" hai2="59,54,85,88,44,61,42,75,9,112,87,67,14" hai3="37,123,100,29,56,91,12,71,120,104,22,124,108"/><W32/><G37/><T98/><D111/><U126/><E90/><V19/><F75/><W43/><G124/><T102/><D125/><U3/><E126/><V121/><F112/><W45/><G108/><T114/><D133/><U17/><E82/><V106/><F106/><W99/><G71/><T49/><D81/><U69/><E76/><V129/><F129/><W8/><G32/><T78/><D78/><U72/><E52/><V2/><F2/><W110/><G110/><T132/><D132/><U135/><E55/><V131/><F131/><W7/><G43/><T41/><D114/><U96/><E58/><V97/><F121/><W21/><G45/><N who="0" m="25775" /><D28/><U115/><E96/><V53/><F97/><W86/><G56/><T130/><D130/><U18/><E107/><V68/><F68/><W26/><REACH who="3" step="1"/><G22/><REACH who="3" ten="397,17,383,193" step="2"/><N who="0" m="13511" /><D102/><U113/><E69/><V80/><F44/><W27/><G27/><T48/><D48/><U35/><E135/><V20/><F42/><W77/><G77/><T46/><D46/><U73/><E72/><V79/><F20/><W40/><G40/><T134/><D134/><U64/><E73/><V105/><F105/><W6/><G6/><T51/><D51/><U66/><E34/><V50/><F50/><W118/><G118/><T23/><D23/><U24/><E64/><V11/><F11/><AGARI ba="1,1" hai="10,11,57,62,65,95,98,101" m="13511,25775" machi="11" ten="30,2000,0" yaku="8,1,54,1" doraHai="1" who="0" fromWho="2" sc="397,33,17,0,383,-23,193,0" owari="430,53.0,17,-48.0,360,16.0,193,-21.0" /></mjloggm>