<mjloggm ver="2.3"><GO type="97" lobby="0"/><UN n0="%56%6F%64%6B%61%42%6F%6E" n1="%E3%82%A6%E3%83%AB%E3%83%88%E3%83%A9%E7%AB%8B%E7%9B%B4" n2="%E8%84%B3%E5%A7%89%E5%A4%A2" n3="%E9%87%8C%E4%B8%AD%E4%BA%9C%E7%9F%A2%E5%AD%90" dan="14,16,14,13" rate="1949.31,2000.99,1886.75,1865.09" sx="M,M,M,F"/><TAIKYOKU oya="0"/><INIT seed="0,0,0,2,5,60" ten="250,250,250,250" oya="0" hai0="123,97,59,85,43,100,128,117,103,48,35,42,50" hai1="64,33,80,135,88,107,30,118,0,39,94,57,70" hai2="22,11,119,96,77,54,83,63,55,90,25,53,98" hai3="87,133,101,24,38,99,114,3,71,4,2,109,89"/><T102/><D123/><U47/><E0/><V32/><F32/><W106/><G114/><T76/><D35/><U66/><E107/><V29/><F119/><W28/><G109/><T37/><D37/><U73/><E70/><V20/><F11/><W131/><G133/><T10/><D117/><U5/><E118/><V125/><F125/><W34/><G131/><T115/><D115/><U93/><E5/><V7/><F7/><W91/><G38/><T14/><D128/><U58/><E33/><V13/><F63/><W1/><G87/><T81/><D97/><U134/><E30/><V61/><F61/><W45/><G45/><T21/><D21/><U104/><E104/><V62/><F62/><W46/><G46/><T126/><D126/><U44/><E39/><V23/><F13/><W41/><G41/><N who="0" m="15371" /><D59/><U12/><E12/><V129/><F129/><W51/><G71/><T17/><AGARI ba="0,0" hai="10,14,17,48,50,76,81,85,100,102,103" m="15371" machi="17" ten="30,1500,0" yaku="8,1" doraHai="60" who="0" fromWho="0" sc="250,15,250,-5,250,-5,250,-5" /><INIT seed="0,1,0,0,1,44" ten="265,245,245,245" oya="0" hai0="54,108,94,18,104,92,15,25,110,100,58,125,24" hai1="97,16,111,0,53,86,131,96,3,128,27,83,134" hai2="60,62,56,9,23,48,115,82,127,11,87,76,103" hai3="80,109,13,74,73,129,122,130,61,102,17,7,29"/><T116/><D116/><U114/><E114/><V93/><F127/><W135/><G109/><N who="0" m="42091" /><D104/><U57/><E111/><V71/><F71/><W10/><G135/><T85/><D125/><U5/><E134/><V28/><F115/><W45/><G122/><T38/><D38/><U66/><E66/><V101/><F62/><W72/><G29/><T119/><D119/><U65/><E65/><N who="2" m="39047" /><F48/><W132/><G61/><T118/><D118/><U40/><E40/><V37/><F37/><W21/><G132/><T121/><D121/><U79/><E5/><V33/><F33/><W41/><G102/><N who="2" m="38921" /><F93/><N who="0" m="35946" /><D100/><U4/><E4/><V2/><F2/><W12/><REACH who="3" step="1"/><G80/><REACH who="3" ten="265,245,245,235" step="2"/><T133/><D133/><U120/><E120/><V39/><F28/><W89/><G89/><T90/><D90/><U52/><E83/><V99/><F82/><W26/><G26/><T14/><D85/><U95/><E86/><V112/><F87/><W1/><G1/><T124/><D124/><U59/><E27/><N who="0" m="10313" /><D18/><U78/><E95/><V63/><F112/><W47/><G47/><T81/><D81/><U70/><E16/><V105/><F76/><W69/><G69/><AGARI ba="1,1" hai="0,3,52,53,57,59,69,70,78,79,96,97,128,131" machi="69" ten="25,3200,0" yaku="22,2,54,1" doraHai="44" who="1" fromWho="3" sc="265,0,245,45,245,0,235,-35" /><INIT seed="1,0,0,4,5,75" ten="265,290,245,200" oya="1" hai0="12,30,78,37,131,105,23,79,130,4,102,133,65" hai1="84,70,74,86,52,43,68,35,55,5,135,104,128" hai2="25,111,107,125,94,32,21,60,22,62,113,39,49" hai3="83,93,38,46,18,51,31,3,77,90,69,36,20"/><U129/><E74/><V85/><F60/><W71/><G3/><T64/><D37/><U2/><E104/><V59/><F49/><W80/><G31/><T34/><D34/><U8/><E35/><V44/><F22/><W121/><G121/><T53/><D53/><U16/><E43/><V13/><F13/><W119/><G119/><T54/><D54/><N who="1" m="20523" /><E135/><V61/><F61/><W92/><G51/><T98/><D133/><U7/><E16/><V89/><F32/><W40/><G36/><T106/><D105/><U110/><E8/><V27/><F27/><W97/><G93/><T134/><D134/><U19/><E19/><V57/><F57/><W122/><G83/><T24/><D4/><N who="1" m="1611" /><E2/><V47/><F107/><W124/><G124/><T10/><D10/><U116/><E116/><V120/><F125/><W15/><REACH who="3" step="1"/><G122/><REACH who="3" ten="265,290,245,190" step="2"/><T63/><D12/><U127/><E127/><V87/><F120/><W114/><G114/><T99/><D98/><U9/><E110/><V123/><F113/><W126/><G126/><T6/><D6/><U1/><E1/><V109/><F123/><W88/><G88/><T48/><D48/><U73/><E9/><V100/><F111/><W67/><G67/><N who="0" m="25675" /><D63/><U11/><E11/><V58/><F109/><W101/><G101/><T112/><D112/><U81/><E81/><N who="2" m="49327" /><F100/><W96/><G96/><T45/><D45/><U115/><E115/><V29/><F47/><W91/><G91/><T50/><D50/><U17/><E17/><V72/><F39/><W76/><G76/><T117/><D117/><U103/><E103/><V41/><F44/><RYUUKYOKU ba="0,1" sc="265,15,290,-15,245,-15,190,15" hai0="23,24,30,78,79,99,102,106,130,131" hai3="15,18,20,38,40,46,69,71,77,80,90,92,97" /><INIT seed="2,1,1,3,5,9" ten="280,275,230,205" oya="2" hai0="17,1,119,2,129,23,92,57,62,71,84,3,34" hai1="65,30,39,73,113,123,52,10,60,24,67,95,86" hai2="94,81,43,127,53,63,49,116,72,54,131,83,33" hai3="79,101,55,78,130,87,128,104,51,107,80,12,90"/><V122/><F33/><W27/><G27/><T69/><D34/><U114/><E73/><V21/><F43/><W112/><G112/><T20/><D119/><U26/><E39/><V32/><F32/><W76/><G55/><T5/><D5/><U108/><E108/><V16/><F122/><W4/><G51/><T66/><D129/><N who="3" m="49769" /><G4/><T97/><D84/><U46/><E123/><V88/><F127/><W40/><G40/><T133/><D133/><U22/><E114/><V7/><F72/><N who="3" m="43015" /><G12/><T89/><REACH who="0" step="1"/><D23/><REACH who="0" ten="270,275,230,205" step="2"/><U0/><E113/><V109/><F7/><W110/><G110/><T117/><D117/><U56/><E0/><V42/><F109/><W11/><G11/><T29/><D29/><U50/><E10/><V99/><F116/><W77/><G101/><T106/><D106/><U121/><E121/><V37/><F131/><W45/><G45/><T68/><D68/><U48/><E46/><N who="2" m="27831" /><F37/><W38/><G38/><T13/><AGARI ba="1,2" hai="1,2,3,13,17,20,57,62,66,69,71,89,92,97" machi="13" ten="30,4000,0" yaku="1,1,0,1,52,1,53,0" doraHai="9" doraHaiUra="82" who="0" fromWho="0" sc="270,63,275,-11,230,-21,205,-11" /><INIT seed="3,0,0,3,5,43" ten="333,264,209,194" oya="3" hai0="24,81,5,67,21,74,17,44,68,39,35,57,10" hai1="121,135,16,61,89,96,49,47,132,53,25,14,2" hai2="133,90,51,58,27,4,112,7,1,41,63,113,103" hai3="38,64,69,101,22,56,36,70,0,128,52,134,88"/><W15/><G0/><T87/><D74/><U109/><E2/><V46/><F133/><N who="1" m="51273" /><E121/><V76/><F103/><W26/><G134/><T20/><D68/><U122/><E122/><V97/><F76/><W115/><G115/><T11/><D35/><U85/><E25/><V120/><F120/><W77/><G77/><N who="0" m="46511" /><D39/><U94/><E61/><V116/><F116/><W93/><G101/><T60/><D5/><U59/><E109/><V50/><F50/><W92/><G128/><T72/><D72/><U30/><E30/><V33/><F1/><W99/><G93/><T126/><D126/><U48/><E48/><V32/><F32/><W8/><G69/><T31/><D44/><U18/><E59/><V102/><F113/><W106/><G106/><T86/><D86/><U123/><E123/><V95/><F112/><W13/><G70/><T105/><D105/><U110/><E110/><V130/><F130/><W83/><G83/><T45/><D45/><U84/><E18/><V127/><F127/><W129/><G129/><T82/><D82/><U91/><E91/><V78/><F78/><W6/><G64/><T73/><D73/><U65/><E65/><N who="2" m="39159" /><F90/><W100/><G100/><T125/><D125/><U34/><E34/><V3/><F3/><W55/><G55/><T98/><D98/><U80/><E80/><V108/><F108/><W23/><G38/><T107/><D107/><U12/><E12/><AGARI ba="0,0" hai="10,11,12,17,20,21,24,31,57,60,67" m="46511" machi="12" ten="30,1000,0" yaku="8,1" doraHai="43" who="0" fromWho="1" sc="333,10,264,-10,209,0,194,0" owari="343,45.0,254,5.0,209,-19.0,194,-31.0" /></mjloggm>