<mjloggm ver="2.3"><GO type="97" lobby="0"/><UN n0="%E3%81%A1%E3%82%83%E3%81%BE%E3%82%8D" n1="%E3%82%A6%E3%83%AB%E3%83%88%E3%83%A9%E7%AB%8B%E7%9B%B4" n2="%E3%83%9E%E3%82%B8%E3%83%87%E3%82%B8" n3="%41%74%72%69%61%40%68%73" dan="15,15,13,15" rate="1956.51,1998.16,1852.15,2038.94" sx="M,M,F,M"/><TAIKYOKU oya="0"/><INIT seed="0,0,0,4,4,8" ten="250,250,250,250" oya="0" hai0="77,135,26,85,102,125,29,14,58,1,115,106,24" hai1="123,59,108,128,62,130,121,90,111,43,61,83,41" hai2="92,101,12,89,9,13,25,57,109,127,42,84,22" hai3="74,118,2,99,80,96,10,67,27,18,86,50,132"/><T81/><D1/><U40/><E90/><V63/><F109/><N who="1" m="42057" /><E83/><V6/><F127/><W117/><G132/><T28/><D115/><U119/><E119/><V49/><F42/><W55/><G74/><T91/><D135/><U16/><E16/><N who="2" m="10511" /><F25/><W11/><G2/><T60/><D102/><U7/><E7/><V35/><F35/><W129/><G67/><N who="0" m="39319" /><D106/><U98/><E98/><V17/><F49/><W82/><G129/><N who="1" m="49770" /><E59/><V4/><F101/><W68/><G82/><T39/><D125/><U48/><E48/><V113/><F113/><W73/><G50/><T47/><D91/><U19/><E19/><V45/><F45/><W51/><G18/><T30/><D47/><U124/><E124/><V31/><F31/><W56/><G51/><T88/><D77/><U105/><E105/><V46/><F46/><W131/><G131/><T52/><D26/><U78/><E78/><V65/><AGARI ba="0,0" hai="4,6,9,12,17,57,63,65,84,89,92" m="10511" machi="65" ten="30,7900,0" yaku="8,1,52,2,54,1" doraHai="8" who="2" fromWho="2" sc="250,-39,250,-20,250,79,250,-20" /><INIT seed="1,0,0,3,0,129" ten="211,230,329,230" oya="1" hai0="78,108,125,97,112,60,65,111,89,90,67,103,49" hai1="63,0,59,1,124,46,73,22,21,19,100,72,44" hai2="96,69,29,64,84,58,2,101,3,134,27,115,34" hai3="14,113,118,98,123,10,36,79,24,54,130,74,50"/><U128/><E128/><V106/><F115/><W105/><G130/><T13/><D112/><U26/><E124/><V66/><F69/><W33/><G123/><T28/><D125/><U117/><E117/><V88/><F134/><W61/><G113/><T109/><D78/><U39/><E100/><V127/><F127/><W119/><G36/><T135/><D135/><U40/><E46/><V12/><F12/><W5/><G61/><T62/><D28/><U102/><E102/><V57/><F57/><W93/><G105/><T41/><D13/><U20/><E20/><V51/><F66/><W92/><G79/><T45/><D65/><U8/><E22/><V70/><F70/><W53/><G74/><T110/><N who="0" m="28160" /><DORA hai="131" /><T85/><D85/><U38/><E38/><V17/><F17/><W35/><G24/><T99/><D99/><U18/><E18/><V16/><F16/><W116/><G54/><T75/><D75/><U94/><E94/><N who="3" m="36458" /><G98/><T43/><D43/><U133/><E133/><V9/><F96/><W104/><G104/><N who="0" m="63599" /><D62/><U81/><E81/><V122/><F106/><W56/><AGARI ba="0,0" hai="5,10,14,33,35,50,53,56,116,118,119" m="36458" machi="56" ten="40,1500,0" yaku="12,1" doraHai="129,131" who="3" fromWho="3" sc="211,-4,230,-7,329,-4,230,15" /><INIT seed="2,0,0,4,4,96" ten="207,223,325,245" oya="2" hai0="70,100,40,74,81,53,2,62,10,22,31,28,101" hai1="113,49,67,92,47,131,16,77,65,106,48,24,102" hai2="52,133,64,25,125,3,57,58,87,110,35,36,129" hai3="17,8,13,38,135,43,103,71,134,128,89,97,41"/><V132/><F36/><W111/><G71/><T112/><D112/><U83/><E106/><V121/><F121/><W63/><G111/><T0/><D40/><U94/><E131/><V82/><F110/><W95/><G128/><T127/><D127/><U46/><E113/><V114/><F114/><W51/><G38/><T56/><D70/><U18/><E83/><V119/><F119/><W30/><G30/><T109/><D109/><U23/><E77/><V105/><F105/><W50/><G63/><T93/><D0/><U5/><E5/><V116/><F116/><W91/><G43/><T12/><D2/><U21/><E24/><V11/><F129/><W61/><G61/><T32/><D32/><U85/><E85/><V19/><F125/><W126/><G126/><T33/><D33/><U55/><E55/><V69/><F132/><N who="3" m="50731" /><G41/><T78/><D93/><U20/><E20/><V9/><F133/><W27/><G27/><T37/><D37/><U34/><E34/><V14/><F69/><W117/><G117/><T68/><D68/><U80/><E80/><V15/><F25/><W39/><G39/><T26/><REACH who="0" step="1"/><D31/><REACH who="0" ten="197,223,325,245" step="2"/><U60/><E92/><V45/><F35/><W104/><G95/><T7/><AGARI ba="0,1" hai="7,10,12,22,26,28,53,56,62,74,78,81,100,101" machi="7" ten="20,12000,2" yaku="1,1,2,1,0,1,7,1,52,2,53,0" doraHai="96" doraHaiUra="44" who="0" fromWho="0" sc="197,130,223,-30,325,-60,245,-30" /><INIT seed="3,0,0,0,4,39" ten="327,193,265,215" oya="3" hai0="112,55,25,130,8,67,9,6,41,104,84,128,87" hai1="92,109,60,45,99,125,127,119,72,97,122,37,38" hai2="75,126,11,29,81,107,71,63,105,102,13,82,22" hai3="90,17,16,106,14,43,46,53,54,51,113,26,19"/><W62/><G113/><T117/><D104/><U91/><E122/><V20/><F126/><N who="1" m="48137" /><E72/><V93/><F75/><W7/><G106/><T118/><D41/><N who="1" m="22703" /><E38/><V115/><F71/><W121/><G121/><T73/><D55/><N who="3" m="21001" /><G62/><T100/><D67/><U85/><E60/><V76/><F63/><W74/><G74/><T135/><D73/><U18/><E109/><V23/><F115/><W69/><G69/><T1/><D117/><U2/><E2/><V129/><F107/><W36/><G36/><T57/><D1/><U4/><E4/><V47/><F105/><W70/><G70/><T12/><D6/><U98/><E18/><V33/><F29/><W42/><G26/><T59/><D112/><U103/><E103/><V132/><F33/><W96/><G43/><T95/><D100/><U79/><E79/><V110/><F102/><W0/><G0/><T50/><D50/><U108/><E108/><V49/><F110/><W10/><G7/><T131/><D128/><U89/><E89/><V21/><F49/><W114/><G114/><T31/><D130/><U101/><E101/><V66/><F129/><W48/><G48/><T86/><D25/><U133/><E133/><V68/><F68/><W77/><G77/><T5/><D135/><U120/><E120/><V111/><F76/><W123/><G123/><T88/><D31/><U27/><E27/><V61/><F111/><W24/><G24/><T44/><D131/><U35/><E35/><V64/><F61/><W65/><G65/><T32/><D32/><U34/><E34/><V83/><F64/><W52/><G42/><RYUUKYOKU ba="0,0" sc="327,-15,193,15,265,-15,215,15" hai1="85,91,92,97,98,99,119" hai3="10,14,16,17,19,46,51,52,90,96" /><INIT seed="3,1,0,5,2,41" ten="312,208,250,230" oya="3" hai0="32,70,127,99,74,123,117,113,61,54,35,7,120" hai1="125,1,126,57,21,79,9,28,26,131,11,43,80" hai2="130,77,16,4,13,63,83,18,30,15,38,86,68" hai3="103,108,101,25,36,133,6,129,47,88,105,90,81"/><W93/><G105/><T60/><D74/><U109/><E57/><V106/><F106/><W50/><G36/><T53/><D117/><U46/><E131/><V95/><F130/><W69/><G69/><T52/><D127/><N who="1" m="48651" /><E109/><V134/><F134/><W40/><G129/><T23/><D7/><U92/><E92/><V118/><F118/><W10/><G133/><T110/><D110/><U89/><E89/><V17/><F38/><W98/><G108/><T82/><D82/><U121/><E1/><V0/><F0/><W119/><G119/><T20/><D99/><U115/><E115/><V49/><F30/><W94/><G25/><T56/><D70/><U34/><E34/><N who="0" m="12841" /><D56/><U33/><E33/><V8/><F68/><W112/><G81/><T76/><D76/><U5/><E5/><V39/><F39/><W84/><G112/><T44/><D44/><U58/><E58/><V78/><F63/><N who="0" m="24138" /><D113/><U111/><E111/><V66/><F66/><W24/><REACH who="3" step="1"/><G24/><REACH who="3" ten="312,208,250,220" step="2"/><T48/><D48/><N who="1" m="26719" /><E121/><AGARI ba="1,1" hai="20,23,52,53,54,120,121,123" m="24138,12841" machi="121" ten="40,5200,0" yaku="28,2,54,1" doraHai="41" who="0" fromWho="1" sc="312,65,208,-55,250,0,220,0" owari="377,48.0,153,-35.0,250,5.0,220,-18.0" /></mjloggm>