<mjloggm ver="2.3"><GO type="97" lobby="0"/><UN n0="%E3%82%A6%E3%83%AB%E3%83%88%E3%83%A9%E7%AB%8B%E7%9B%B4" n1="%E3%82%89%E3%82%80%E3%81%A0%E6%9D%91" n2="%72%61%74%69%6F" n3="%6B%6F%2D%73%68%69%72%6F" dan="15,13,13,14" rate="1993.17,1871.27,1822.10,1942.42" sx="M,M,M,M"/><TAIKYOKU oya="0"/><INIT seed="0,0,0,3,5,74" ten="250,250,250,250" oya="0" hai0="105,25,121,120,34,2,44,123,52,47,131,110,84" hai1="106,64,71,118,85,122,29,79,11,20,69,78,65" hai2="6,92,50,107,55,23,26,19,4,77,0,31,99" hai3="81,93,57,76,48,22,8,33,51,15,88,27,17"/><T133/><D105/><U38/><E106/><V87/><F107/><W30/><G33/><T109/><D2/><U113/><E122/><V12/><F0/><W108/><G108/><N who="0" m="41579" /><D131/><U66/><E118/><V28/><F28/><W116/><G116/><T54/><D133/><U132/><E132/><V134/><F134/><W5/><G5/><N who="2" m="2153" /><F99/><N who="3" m="57767" /><G57/><T59/><D84/><AGARI ba="0,0" hai="8,15,17,22,27,30,48,51,76,81,84" m="57767" machi="84" ten="30,3900,0" yaku="8,1,52,1,54,1" doraHai="74" who="3" fromWho="0" sc="250,-39,250,0,250,0,250,39" /><INIT seed="1,0,0,3,2,38" ten="211,250,250,289" oya="1" hai0="74,121,129,42,51,57,78,117,85,65,113,20,87" hai1="132,54,13,4,69,32,82,110,100,3,71,91,89" hai2="55,31,70,68,37,77,120,25,64,128,90,11,24" hai3="10,108,86,92,16,76,8,67,6,50,30,62,22"/><U58/><E132/><V61/><F120/><W15/><G108/><T105/><D105/><U75/><E110/><V125/><F77/><W112/><G112/><T130/><D117/><U99/><E3/><V7/><F37/><W35/><G50/><T5/><D113/><U134/><E134/><V46/><F128/><N who="0" m="49258" /><D121/><U41/><E32/><V133/><F133/><W93/><G35/><T14/><D74/><U21/><E69/><V106/><F106/><W49/><G49/><T47/><D78/><U63/><E71/><V39/><F55/><W66/><G30/><T29/><D5/><U34/><E34/><N who="2" m="20839" /><F68/><W79/><G8/><T102/><D102/><U104/><E41/><N who="2" m="22847" /><F90/><W80/><G79/><T101/><D101/><U88/><E75/><V27/><F27/><N who="3" m="14791" /><G62/><N who="0" m="38095" /><D14/><U115/><E115/><V60/><F60/><W119/><G119/><T33/><D20/><U12/><E82/><V127/><F25/><AGARI ba="0,0" hai="25,29,33,42,47,51,85,87" m="38095,49258" machi="25" ten="30,2000,0" yaku="19,1,52,1" doraHai="38" who="0" fromWho="2" sc="211,20,250,0,250,-20,289,0" /><INIT seed="2,0,0,1,5,71" ten="231,250,230,289" oya="2" hai0="79,44,38,114,52,60,35,81,18,100,49,67,115" hai1="6,121,47,5,15,89,17,122,65,118,96,53,22" hai2="77,7,93,37,59,134,127,56,64,130,32,105,41" hai3="40,21,73,80,74,57,76,50,20,106,88,123,63"/><V24/><F93/><W103/><G123/><T13/><D35/><U26/><E118/><V61/><F77/><W128/><G128/><T85/><D100/><U9/><E65/><N who="2" m="39079" /><F24/><W11/><G74/><T36/><D114/><U86/><E96/><V30/><F32/><W110/><G110/><T33/><D33/><U108/><E108/><V31/><F7/><W16/><G106/><T68/><D115/><U135/><E135/><V28/><F105/><W129/><G129/><T119/><D119/><U95/><E122/><V83/><F83/><W58/><G103/><T23/><AGARI ba="0,0" hai="13,18,23,36,38,44,49,52,60,67,68,79,81,85" machi="23" ten="20,8000,1" yaku="0,1,7,1,52,2,54,1" doraHai="71" who="0" fromWho="0" sc="231,80,250,-20,230,-40,289,-20" /><INIT seed="3,0,0,2,3,74" ten="311,230,190,269" oya="3" hai0="29,44,124,36,95,67,58,115,45,48,76,82,42" hai1="128,8,28,37,14,123,15,69,49,57,39,66,7" hai2="61,30,64,77,117,53,60,132,105,90,97,26,27" hai3="1,85,5,96,4,119,131,11,130,59,101,52,43"/><W86/><G119/><T56/><D124/><U38/><E123/><V22/><F117/><W84/><G4/><T63/><D115/><U120/><E120/><V70/><F132/><W62/><REACH who="3" step="1"/><G43/><REACH who="3" ten="311,230,190,259" step="2"/><T25/><D42/><U23/><E128/><V114/><F90/><W78/><G78/><T73/><D76/><U125/><E125/><V110/><F114/><W109/><G109/><T50/><D36/><U122/><E122/><V65/><F110/><W102/><G102/><T81/><D73/><U100/><E100/><N who="2" m="62607" /><F53/><W12/><G12/><T68/><D67/><U71/><E15/><V88/><F88/><W92/><AGARI ba="0,1" hai="1,5,11,52,59,62,84,85,86,92,96,101,130,131" machi="92" ten="30,12000,1" yaku="1,1,0,1,54,1,53,2" doraHai="74" doraHaiUra="127" who="3" fromWho="3" sc="311,-40,230,-40,190,-40,259,130" owari="271,7.0,190,-21.0,150,-35.0,389,49.0" /></mjloggm>