<mjloggm ver="2.3"><GO type="97" lobby="0"/><UN n0="%6F%6E%65%73%74%61%72" n1="%E3%82%A6%E3%83%AB%E3%83%88%E3%83%A9%E7%AB%8B%E7%9B%B4" n2="%E4%B8%89%E4%B8%87%E5%8D%98%E9%A8%8E%E3%81%AE%E9%AC%BC" n3="%E3%82%B6%E3%82%AC%E3%83%AD" dan="14,15,15,15" rate="1891.47,1916.43,2073.08,2088.26" sx="M,M,M,M"/><TAIKYOKU oya="0"/><INIT seed="0,0,0,3,5,20" ten="250,250,250,250" oya="0" hai0="64,18,120,67,119,110,106,66,127,63,84,21,114" hai1="86,75,77,116,90,29,23,32,100,30,113,93,61" hai2="36,28,56,126,7,12,72,47,34,133,65,135,82" hai3="111,59,15,31,13,104,6,103,1,46,57,53,73"/><T101/><D119/><U124/><E116/><V3/><F12/><W81/><G111/><T70/><D114/><U129/><E32/><V102/><F102/><W123/><G1/><T16/><D120/><U118/><E118/><V92/><F92/><W48/><G123/><T87/><D110/><U121/><E30/><V2/><F65/><W41/><G6/><T4/><D127/><U68/><E68/><V55/><F126/><W17/><G31/><T88/><D4/><U40/><E61/><V95/><F95/><W9/><G15/><T45/><D18/><U24/><E40/><N who="2" m="22919" /><F56/><W71/><G71/><T115/><D87/><U0/><E100/><V76/><F55/><W39/><G59/><T14/><D115/><U89/><E0/><N who="2" m="43" /><F7/><W130/><G103/><T54/><D54/><U79/><E113/><V107/><F107/><W52/><G53/><T99/><REACH who="0" step="1"/><D45/><REACH who="0" ten="240,250,250,250" step="2"/><U128/><E121/><V94/><F135/><W43/><G17/><T134/><D134/><U117/><E117/><V125/><F133/><W33/><G52/><T97/><D97/><N who="1" m="57519" /><E124/><V8/><F125/><W105/><G46/><T38/><D38/><U44/><E44/><V78/><F72/><W112/><G39/><T122/><D122/><U25/><E75/><V69/><F28/><W98/><G73/><T108/><D108/><U62/><E29/><V11/><F76/><W37/><G112/><T85/><D85/><U49/><E79/><V26/><F78/><W132/><G37/><T50/><D50/><U60/><E49/><V74/><F74/><W58/><G132/><T83/><AGARI ba="0,1" hai="14,16,21,63,64,66,67,70,83,84,88,99,101,106" machi="83" ten="20,18000,2" yaku="1,1,5,1,0,1,7,1,54,2,53,1" doraHai="20" doraHaiUra="80" who="0" fromWho="0" sc="240,190,250,-60,250,-60,250,-60" /><INIT seed="0,1,0,4,4,0" ten="430,190,190,190" oya="0" hai0="97,27,127,135,43,31,92,28,51,35,88,42,126" hai1="66,53,110,86,115,67,7,81,34,94,57,19,47" hai2="5,125,54,14,2,120,105,119,109,59,23,70,78" hai3="48,29,112,84,39,89,73,69,102,12,50,60,91"/><T30/><D135/><U41/><E34/><V114/><F78/><W40/><G73/><T16/><D35/><U8/><E19/><V26/><F59/><W130/><G112/><T24/><D51/><U124/><E94/><V4/><F54/><W90/><G39/><T132/><D132/><U75/><E124/><N who="0" m="47657" /><D24/><U65/><E75/><V134/><F70/><W15/><G130/><T106/><D106/><U76/><E110/><V44/><F105/><W58/><G69/><T18/><D27/><U80/><E80/><V118/><F44/><N who="3" m="25607" /><G102/><T131/><D131/><U11/><E115/><V9/><F134/><W21/><G50/><T104/><D104/><U45/><E41/><AGARI ba="1,0" hai="16,18,28,30,31,41,42,43,88,92,97" m="47657" machi="41" ten="30,5800,0" yaku="18,1,54,2" doraHai="0" who="0" fromWho="1" sc="430,61,190,-61,190,0,190,0" /><INIT seed="0,2,0,1,4,28" ten="491,129,190,190" oya="0" hai0="47,78,90,74,129,29,44,27,70,88,113,119,131" hai1="89,16,53,120,57,10,104,106,117,17,80,92,127" hai2="20,0,63,114,130,42,69,133,98,107,83,36,97" hai3="2,66,99,31,109,1,25,110,115,33,46,43,105"/><T22/><D119/><U9/><E117/><V96/><F114/><W135/><G115/><T7/><D70/><U82/><E120/><V37/><F0/><W21/><G66/><T108/><D113/><U39/><E39/><V124/><F133/><W94/><G135/><T73/><D7/><U50/><E127/><V45/><F124/><W86/><G86/><T122/><D122/><U26/><E104/><V58/><F69/><W121/><G121/><T65/><D65/><U123/><E106/><V61/><F130/><N who="0" m="49674" /><D108/><N who="3" m="41577" /><G105/><T126/><D126/><U13/><E123/><V87/><F107/><W52/><G21/><T76/><D47/><U18/><E10/><V118/><F118/><W62/><G43/><T11/><D44/><U102/><E102/><V91/><F37/><W132/><G132/><T85/><D11/><U6/><REACH who="1" step="1"/><E26/><REACH who="1" ten="491,119,190,190" step="2"/><V79/><F36/><W24/><G25/><T64/><D27/><U59/><E59/><V55/><F58/><N who="3" m="35143" /><G46/><T103/><D103/><AGARI ba="2,1" hai="1,2,24,31,33,94,99,103" m="35143,41577" machi="103" ten="30,3900,0" yaku="14,1,52,1,54,1" doraHai="28" who="3" fromWho="0" sc="491,-45,119,0,190,0,190,55" /><INIT seed="1,0,0,4,3,129" ten="446,119,190,245" oya="1" hai0="12,90,115,55,39,2,9,67,112,8,132,74,87" hai1="47,118,99,85,106,52,111,3,36,114,68,100,98" hai2="56,51,72,48,45,17,21,105,62,40,60,25,5" hai3="84,92,80,89,23,37,107,22,30,76,49,102,15"/><U71/><E3/><V38/><F105/><W66/><G37/><T53/><D74/><U29/><E118/><V109/><F72/><N who="3" m="43015" /><G66/><T59/><D39/><U11/><E114/><V133/><F109/><W94/><G94/><T32/><D67/><U135/><E111/><V43/><F133/><W101/><G101/><T73/><D73/><U104/><E29/><V18/><F5/><W13/><G49/><T134/><D32/><U117/><E117/><V42/><F18/><W77/><G77/><T82/><D2/><U1/><E135/><N who="0" m="51753" /><D9/><U7/><E85/><V28/><F17/><W26/><G23/><T123/><D123/><U64/><E64/><V130/><F130/><W93/><G93/><T58/><D58/><U54/><E36/><V116/><F116/><W41/><G41/><N who="2" m="15977" /><F38/><W127/><G127/><T88/><D90/><U124/><E124/><V44/><F44/><W86/><G89/><T119/><D119/><U0/><E0/><V70/><F70/><W16/><G22/><T50/><D55/><AGARI ba="0,0" hai="21,25,28,43,45,48,51,55,56,60,62" m="15977" machi="55" ten="30,1000,0" yaku="8,1" doraHai="129" who="2" fromWho="0" sc="446,-10,119,0,190,10,245,0" /><INIT seed="2,0,0,1,2,110" ten="436,119,200,245" oya="2" hai0="108,102,90,2,4,9,73,118,65,78,47,85,104" hai1="105,76,99,29,13,64,131,39,124,38,91,0,27" hai2="28,45,130,121,101,24,48,53,18,111,50,115,128" hai3="98,30,16,66,35,34,8,81,95,125,117,1,10"/><V119/><F119/><W59/><G117/><T7/><D118/><U51/><E0/><V100/><F121/><W62/><G125/><T5/><D108/><U135/><E51/><V113/><F111/><W89/><G1/><T52/><D65/><U57/><E13/><V84/><F18/><W127/><G127/><T75/><D78/><U67/><E57/><V82/><F50/><W93/><G81/><T11/><D102/><N who="2" m="39530" /><F84/><W32/><G30/><T79/><D104/><U26/><E105/><V134/><F82/><W25/><REACH who="3" step="1"/><G95/><REACH who="3" ten="436,119,200,235" step="2"/><N who="0" m="54735" /><D2/><U74/><E29/><V126/><F126/><W19/><G19/><T120/><D5/><U55/><E124/><V97/><F28/><W122/><G122/><T106/><D7/><U56/><E131/><V43/><F128/><W58/><G58/><T133/><D4/><U70/><E56/><V129/><F130/><W72/><G72/><T77/><D75/><U22/><E74/><V46/><F129/><W87/><G87/><T14/><D73/><U109/><E109/><V63/><F46/><W61/><G61/><T3/><D120/><U68/><E68/><V44/><F63/><W12/><G12/><T69/><D3/><U112/><E70/><V132/><F44/><W15/><G15/><T123/><D69/><U49/><E27/><V96/><F45/><W103/><G103/><T40/><D47/><U41/><E26/><V42/><F42/><W116/><G116/><T21/><D14/><U31/><E41/><V23/><F43/><W88/><G88/><T92/><D40/><U71/><E71/><V6/><F24/><RYUUKYOKU ba="0,1" sc="436,-10,119,-10,200,-10,235,30" hai3="8,10,16,25,32,34,35,59,62,66,89,93,98" /><INIT seed="3,1,1,4,1,62" ten="426,109,190,265" oya="3" hai0="82,49,15,130,123,93,7,10,24,52,2,18,1" hai1="75,3,6,91,118,114,36,16,112,32,4,134,38" hai2="47,128,67,39,121,104,25,61,8,107,111,110,34" hai3="56,41,72,77,132,84,46,85,65,73,99,119,33"/><W113/><G119/><T14/><D123/><U66/><E91/><V54/><F121/><W17/><G113/><T19/><D130/><U90/><E90/><V126/><F128/><W122/><G122/><T43/><D43/><U78/><E78/><V105/><F126/><W96/><G33/><T94/><D82/><U5/><E32/><V20/><F8/><W12/><G132/><T131/><D131/><U81/><E81/><V98/><F98/><N who="3" m="37419" /><G72/><T103/><D103/><U124/><E75/><V116/><F116/><W89/><G73/><T51/><D51/><U83/><E83/><V30/><F20/><N who="3" m="11303" /><G77/><T35/><D1/><U37/><E118/><V102/><F102/><W108/><G108/><N who="2" m="41513" /><F54/><W135/><G135/><T53/><D53/><U109/><E134/><V31/><F31/><W106/><G106/><T117/><D117/><U64/><E109/><V11/><F11/><W9/><G9/><T45/><D2/><U13/><E3/><V127/><F127/><W58/><G89/><T63/><D35/><U92/><E124/><V44/><F39/><W27/><G27/><T68/><D24/><U40/><E40/><V23/><F34/><W88/><G88/><T42/><D7/><U28/><E28/><V125/><F125/><W22/><G22/><N who="0" m="11607" /><D68/><AGARI ba="1,1" hai="23,25,30,44,47,61,67,68,104,105,107" m="41513" machi="68" ten="40,2600,0" yaku="14,1,52,1" doraHai="62" who="2" fromWho="0" sc="426,-29,109,0,190,39,265,0" owari="397,49.0,109,-39.0,229,-17.0,265,7.0" /></mjloggm>