<mjloggm ver="2.3"><GO type="97" lobby="0"/><UN n0="%63%6F%6D%6D%6F%6E%73" n1="%E3%82%A6%E3%83%AB%E3%83%88%E3%83%A9%E7%AB%8B%E7%9B%B4" n2="%EF%BC%A0%E3%81%91%E3%82%93" n3="%E3%81%9F%E3%81%8F%E3%82%8D%E3%83%BC" dan="15,15,14,15" rate="2059.61,1985.30,2047.02,1975.75" sx="M,M,M,M"/><TAIKYOKU oya="0"/><INIT seed="0,0,0,0,1,83" ten="250,250,250,250" oya="0" hai0="44,29,108,92,8,19,134,54,97,122,112,66,106" hai1="101,60,72,40,102,0,62,114,6,98,21,125,10" hai2="25,80,87,55,14,111,35,42,77,20,31,93,18" hai3="22,57,105,4,24,95,100,121,74,51,53,41,91"/><T13/><D112/><U38/><E114/><V128/><F111/><W116/><G116/><T45/><D122/><U61/><E125/><V33/><F128/><W81/><G121/><T129/><D106/><U39/><E72/><V64/><F42/><W75/><G4/><T46/><D129/><U132/><E132/><V118/><F118/><W86/><G41/><T5/><D134/><U47/><E39/><V130/><F130/><W119/><G119/><T1/><D29/><U52/><E21/><V110/><F110/><W26/><G26/><T67/><D108/><U17/><E17/><V11/><F64/><W56/><G56/><T90/><REACH who="0" step="1"/><D54/><REACH who="0" ten="240,250,250,250" step="2"/><U34/><E52/><V70/><F70/><W85/><G105/><T68/><D68/><U115/><E115/><V123/><F123/><W135/><G135/><T73/><D73/><U27/><E34/><V49/><REACH who="2" step="1"/><F93/><REACH who="2" ten="240,250,240,250" step="2"/><W16/><REACH who="3" step="1"/><G100/><REACH who="3" ten="240,250,240,240" step="2"/><T59/><D59/><AGARI ba="0,3" hai="11,14,18,20,25,31,33,35,49,55,59,77,80,87" machi="59" ten="30,12000,2" yaku="1,1,2,1,7,1,52,1,53,2" doraHai="83" doraHaiUra="28" who="2" fromWho="0" sc="240,-120,250,0,240,150,240,0" /><INIT seed="1,0,0,2,3,109" ten="120,250,390,240" oya="1" hai0="74,21,39,36,105,75,108,61,55,92,47,23,11" hai1="125,50,63,98,89,104,129,101,85,62,54,128,44" hai2="102,90,96,97,43,67,86,83,99,122,1,59,114" hai3="28,66,132,34,135,76,68,91,73,77,26,53,70"/><U37/><E37/><V52/><F1/><W30/><G91/><T3/><D105/><U111/><E111/><V7/><F122/><W6/><G6/><T56/><D108/><U94/><REACH who="1" step="1"/><E125/><REACH who="1" ten="120,240,390,240" step="2"/><V13/><F102/><W87/><G135/><T4/><D92/><U10/><E10/><V78/><F43/><W27/><G132/><T16/><D39/><U35/><E35/><V0/><F83/><W116/><G116/><T130/><D130/><AGARI ba="0,1" hai="44,50,54,62,63,85,89,94,98,101,104,128,129,130" machi="130" ten="40,3900,0" yaku="1,1,19,1,53,0" doraHai="109" doraHaiUra="38" who="1" fromWho="0" sc="120,-39,240,49,390,0,240,0" /><INIT seed="1,1,0,0,0,19" ten="81,289,390,240" oya="1" hai0="63,55,89,104,123,65,40,85,7,51,14,110,6" hai1="18,69,49,13,108,21,26,25,101,50,5,30,37" hai2="88,92,28,116,112,41,79,10,83,61,2,73,106" hai3="36,45,33,70,96,59,97,4,48,102,57,82,9"/><U71/><E37/><V16/><F116/><W133/><G133/><T111/><D110/><U114/><E114/><V95/><F106/><W107/><G70/><T53/><D104/><U80/><E108/><V98/><F112/><W74/><G36/><T1/><D123/><U93/><E71/><V78/><F28/><W23/><G33/><T86/><D1/><U20/><E69/><V91/><F41/><W81/><G97/><T134/><D134/><U68/><E68/><V94/><F2/><W124/><G124/><T132/><D111/><U87/><E93/><V77/><F61/><W122/><G122/><T121/><D121/><U56/><E101/><N who="2" m="60615" /><F16/><W100/><G100/><T60/><D40/><U27/><E56/><V131/><F10/><W54/><G81/><T135/><D135/><U72/><E72/><V22/><F22/><N who="1" m="8809" /><E5/><V66/><F66/><W0/><REACH who="3" step="1"/><G23/><REACH who="3" ten="81,289,390,230" step="2"/><T43/><D132/><U44/><E30/><V67/><F67/><W42/><G42/><T76/><D43/><U64/><E64/><V103/><F103/><W12/><G12/><T84/><D65/><U15/><E15/><V129/><F83/><W34/><G34/><T58/><D14/><U3/><E3/><V127/><F127/><W99/><G99/><T38/><D38/><U113/><E113/><V17/><F73/><W32/><G32/><T126/><D126/><U117/><E13/><V109/><F109/><W75/><G75/><T29/><D29/><U125/><E125/><V52/><F95/><W118/><G118/><T128/><D55/><U11/><E117/><V8/><F94/><RYUUKYOKU ba="1,1" sc="81,-10,289,-10,390,-10,230,30" hai3="0,4,9,45,48,54,57,59,74,82,96,102,107" /><INIT seed="2,2,1,4,2,8" ten="71,279,380,260" oya="2" hai0="108,11,30,82,135,91,39,85,58,92,41,87,53" hai1="129,27,3,134,34,16,59,26,88,107,70,99,125" hai2="15,50,20,83,109,56,61,100,76,114,113,64,69" hai3="43,29,115,46,7,13,9,1,31,14,117,95,37"/><V4/><F100/><W60/><G117/><T48/><D108/><U120/><E70/><V111/><F114/><W131/><G115/><T19/><D135/><U132/><E3/><V127/><F113/><W49/><G131/><T68/><D68/><U62/><E107/><V93/><F127/><W116/><G116/><T101/><D30/><U65/><E125/><V84/><F93/><W28/><G37/><T122/><D122/><U47/><E120/><V104/><F104/><W79/><G79/><T38/><D101/><U75/><E75/><V35/><F35/><W102/><REACH who="3" step="1"/><G60/><REACH who="3" ten="71,279,380,250" step="2"/><T123/><D123/><U2/><E129/><V130/><F130/><W24/><G24/><T25/><D41/><U51/><E27/><V73/><F111/><W54/><G54/><T17/><D25/><U57/><E134/><V72/><F109/><W94/><G94/><T103/><D92/><N who="1" m="56711" /><E132/><V6/><F76/><W44/><G44/><T10/><D53/><N who="1" m="31935" /><E34/><V126/><F126/><W40/><G40/><T128/><D39/><U133/><E133/><V33/><F33/><W96/><AGARI ba="2,2" hai="1,7,9,13,14,28,29,31,43,46,49,95,96,102" machi="96" ten="30,7900,0" yaku="1,1,0,1,52,2,53,0" doraHai="8" doraHaiUra="78" who="3" fromWho="3" sc="71,-22,279,-22,380,-41,250,105" /><INIT seed="3,0,0,0,3,85" ten="49,257,339,355" oya="3" hai0="1,51,102,124,39,47,3,122,121,73,104,41,78" hai1="10,21,126,14,84,123,109,111,115,79,130,13,9" hai2="67,66,71,81,89,52,100,129,4,68,106,70,131" hai3="105,35,135,64,38,82,18,90,19,63,116,97,40"/><W93/><G116/><T83/><D124/><U132/><E84/><N who="2" m="50319" /><F106/><W76/><G35/><T37/><D51/><U29/><E79/><V101/><F4/><W16/><G135/><T0/><D122/><U80/><E80/><V77/><F77/><W59/><G105/><T53/><D53/><U46/><E46/><V119/><F119/><W31/><G31/><T72/><D121/><U49/><E49/><V62/><F52/><W57/><G57/><T54/><D54/><U92/><E92/><V118/><F118/><W61/><G61/><T103/><D103/><N who="2" m="39498" /><F62/><W11/><G38/><T33/><D33/><U5/><E123/><V15/><F15/><W34/><G34/><T65/><D65/><U114/><E126/><V27/><F27/><W94/><G94/><T128/><D128/><AGARI ba="0,0" hai="66,67,68,70,71,128,129,131" m="39498,50319" machi="128" ten="40,2600,0" yaku="19,1,52,1" doraHai="85" who="2" fromWho="0" sc="49,-26,257,0,339,26,355,0" owari="23,-48.0,257,-14.0,365,46.0,355,16.0" /></mjloggm>