<mjloggm ver="2.3"><GO type="41" lobby="0"/><UN n0="%E8%87%AA%E7%94%B1%E4%B8%BB%E7%BE%A9" n1="%E3%82%A6%E3%83%AB%E3%83%88%E3%83%A9%E7%AB%8B%E7%9B%B4" n2="%73%69%6D%69%72%69%6E" n3="%64%61%73%48%61%75%73" dan="13,16,14,14" rate="1838.24,2062.64,1900.73,1958.43" sx="M,M,M,M"/><TAIKYOKU oya="0"/><INIT seed="0,0,0,5,3,84" ten="250,250,250,250" oya="0" hai0="102,82,11,26,52,126,80,96,81,104,118,79,125" hai1="94,120,4,59,69,22,14,92,8,127,21,58,70" hai2="25,55,122,86,54,34,116,131,33,110,100,10,39" hai3="130,60,13,76,128,89,109,56,90,115,27,106,85"/><T88/><D118/><U63/><E127/><N who="0" m="48649" /><D11/><U66/><E120/><V108/><F122/><W0/><G0/><T72/><D26/><U29/><E69/><V43/><F116/><W40/><G115/><T41/><D41/><U124/><E124/><V73/><F73/><W97/><G40/><T74/><D52/><N who="2" m="20010" /><F100/><N who="3" m="62735" /><G109/><N who="2" m="42089" /><F10/><W35/><G76/><N who="0" m="44039" /><D82/><U98/><E22/><V57/><F57/><W2/><G2/><T3/><D3/><U119/><E119/><V93/><F43/><W113/><G85/><T17/><D17/><U1/><E94/><V18/><F39/><W6/><G113/><T47/><D47/><U111/><E111/><V30/><F131/><N who="3" m="50219" /><G6/><T134/><D134/><U44/><E44/><V23/><F30/><N who="3" m="19935" /><G13/><T71/><D71/><U78/><E14/><V135/><F135/><W123/><G123/><T83/><D83/><U37/><E37/><V112/><F112/><W5/><G5/><T31/><D31/><U133/><E133/><V65/><F65/><AGARI ba="0,0" hai="56,60,65,89,90" m="19935,50219,62735" machi="65" ten="30,3900,0" yaku="19,1,52,2" doraHai="84" who="3" fromWho="2" sc="250,0,250,0,250,-39,250,39" /><INIT seed="1,0,0,4,4,104" ten="250,250,211,289" oya="1" hai0="94,82,114,34,55,60,0,4,59,76,105,90,13" hai1="26,115,36,71,25,8,45,102,17,7,121,89,83" hai2="68,50,111,61,46,43,118,47,40,133,42,125,41" hai3="32,109,15,75,9,77,78,24,93,84,69,52,53"/><U116/><E121/><V2/><F2/><W119/><G69/><T58/><D34/><U18/><E116/><V54/><F118/><W127/><G119/><T100/><D114/><U12/><E71/><V29/><F29/><W81/><G127/><T31/><D31/><U101/><E115/><V64/><F125/><W103/><G109/><T10/><D105/><U19/><E45/><V51/><F111/><W57/><G103/><N who="1" m="39434" /><E36/><V35/><F35/><W117/><G117/><T6/><D100/><U124/><E124/><V108/><F108/><W91/><G78/><T27/><D27/><U48/><E48/><V21/><F21/><W99/><G32/><T120/><D120/><U74/><E74/><V56/><F133/><W134/><G134/><T80/><D80/><U132/><E132/><V44/><AGARI ba="0,0" hai="40,41,42,43,44,46,47,50,51,54,56,61,64,68" machi="44" ten="30,12000,2" yaku="0,1,35,6" doraHai="104" who="2" fromWho="2" sc="250,-30,250,-60,211,120,289,-30" /><INIT seed="2,0,0,1,0,1" ten="220,190,331,259" oya="2" hai0="83,66,41,56,71,74,47,5,57,79,104,65,110" hai1="8,38,10,58,37,20,18,7,23,67,111,89,59" hai2="122,100,121,135,70,29,118,119,84,94,130,63,35" hai3="82,25,61,40,97,34,124,53,120,123,103,101,43"/><V99/><F29/><W81/><G124/><T50/><D104/><U21/><E111/><V127/><F35/><W131/><G131/><T15/><D110/><U102/><E102/><V14/><F130/><W134/><G134/><T90/><D90/><U86/><E18/><V78/><F135/><W129/><G129/><T105/><D105/><U106/><E106/><N who="2" m="63775" /><F14/><W33/><G61/><T125/><D125/><U16/><E16/><V45/><F45/><W92/><G92/><T69/><D15/><U30/><E30/><V93/><F63/><W39/><G97/><T108/><D108/><U76/><E67/><V2/><F70/><W13/><G13/><T12/><D71/><U0/><E76/><V60/><F2/><W91/><G91/><T44/><D69/><U115/><E115/><V4/><F60/><W109/><G53/><T26/><D26/><U112/><E112/><V72/><F4/><W19/><G25/><T11/><REACH who="0" step="1"/><D44/><REACH who="0" ten="210,190,331,259" step="2"/><U113/><E113/><V126/><F126/><W68/><G109/><T9/><D9/><U48/><E10/><V42/><F127/><W46/><G46/><T55/><D55/><U73/><E8/><V85/><F42/><W17/><G68/><T88/><D88/><U116/><E89/><N who="2" m="53415" /><F94/><W117/><G101/><T133/><D133/><U36/><E58/><AGARI ba="0,1" hai="5,11,12,41,47,50,56,57,58,65,66,74,79,83" machi="58" ten="40,8000,1" yaku="1,1,52,1,53,3" doraHai="1" doraHaiUra="52" who="0" fromWho="1" sc="210,90,190,-80,331,0,259,0" /><INIT seed="3,0,0,5,4,88" ten="300,110,331,259" oya="3" hai0="31,85,5,47,123,104,57,113,76,114,15,23,46" hai1="4,12,68,39,71,36,86,122,60,87,22,16,128" hai2="45,79,9,124,28,118,93,108,0,111,56,100,120" hai3="109,99,125,65,102,70,53,121,134,59,14,126,25"/><W13/><G121/><T82/><D123/><U69/><E122/><V94/><F118/><W34/><G134/><T27/><D104/><U78/><E128/><V135/><F120/><W10/><G70/><T119/><D119/><U129/><E129/><V3/><F100/><W58/><G109/><N who="2" m="42057" /><F135/><W74/><G74/><T33/><D57/><U24/><E60/><V52/><F124/><N who="3" m="47723" /><G65/><T50/><D47/><U20/><E4/><N who="2" m="1159" /><F3/><W19/><G34/><T84/><D84/><U40/><E40/><V101/><F101/><W44/><G44/><T51/><D51/><U81/><REACH who="1" step="1"/><E87/><REACH who="1" ten="300,100,331,259" step="2"/><V75/><F75/><W35/><G59/><T62/><D62/><U132/><E132/><V106/><F79/><W103/><G103/><T48/><D48/><U77/><E77/><V98/><F106/><W1/><G1/><T7/><D7/><U115/><E115/><V30/><F45/><W2/><G2/><T54/><D5/><U49/><E49/><N who="2" m="30735" /><F98/><W72/><G72/><T8/><D114/><U127/><E127/><V90/><F90/><W131/><G131/><T64/><D113/><U80/><E80/><V130/><F130/><W96/><G96/><T89/><D89/><U67/><E67/><V92/><AGARI ba="0,1" hai="28,30,92,93,94" m="30735,1159,42057" machi="92" ten="30,8000,1" yaku="14,1,52,3,54,1" doraHai="88" who="2" fromWho="2" sc="300,-20,100,-20,331,90,259,-40" /><INIT seed="4,0,0,2,2,75" ten="280,80,421,219" oya="0" hai0="117,37,123,74,23,113,36,16,12,80,107,33,49" hai1="85,115,10,40,87,60,106,88,122,43,121,44,98" hai2="29,59,63,129,51,81,18,97,95,109,52,24,105" hai3="128,21,31,124,94,79,125,101,83,112,58,78,119"/><T130/><D33/><U55/><E43/><V9/><F105/><W91/><G119/><T114/><D117/><U99/><E115/><N who="0" m="44041" /><D123/><U22/><E87/><V54/><F129/><W108/><G108/><T100/><D130/><U28/><E106/><V66/><F109/><W67/><G128/><T42/><D107/><U93/><E122/><V34/><F9/><W41/><G112/><T77/><D100/><U4/><E121/><V65/><F18/><W131/><G131/><T50/><D42/><U17/><E28/><V1/><F1/><W111/><G111/><T7/><D7/><U39/><E60/><V118/><F118/><W25/><G41/><T84/><D74/><U46/><E55/><V89/><REACH who="2" step="1"/><F81/><REACH who="2" ten="280,80,411,219" step="2"/><W120/><G120/><T56/><D36/><U103/><E10/><V3/><F3/><W110/><G110/><T6/><D37/><U126/><E4/><V30/><F30/><W134/><G83/><T20/><D6/><U92/><E126/><V132/><F132/><W35/><G134/><T96/><D80/><U69/><E39/><V14/><F14/><W90/><G125/><T11/><D11/><U38/><E38/><V8/><F8/><W73/><G124/><T76/><D12/><U86/><E17/><V82/><F82/><W61/><G73/><T45/><D16/><U5/><E5/><V47/><AGARI ba="0,1" hai="24,29,34,47,51,52,54,59,63,65,66,89,95,97" machi="47" ten="20,5200,0" yaku="1,1,0,1,7,1,54,1,53,0" doraHai="75" doraHaiUra="64" who="2" fromWho="2" sc="280,-26,80,-13,411,62,219,-13" /><INIT seed="5,0,0,5,5,32" ten="254,67,473,206" oya="1" hai0="59,79,126,0,37,67,9,15,86,44,16,107,72" hai1="84,85,38,18,33,124,121,20,41,134,13,1,35" hai2="61,105,76,25,82,30,131,110,46,115,100,101,127" hai3="14,123,125,2,62,19,70,36,56,6,99,55,64"/><U29/><E85/><V50/><F110/><W48/><G123/><T77/><D107/><U3/><E84/><V66/><F131/><W87/><G125/><T120/><D120/><U133/><E41/><V7/><F127/><W54/><G99/><T74/><D126/><U81/><E81/><V112/><F7/><W93/><G36/><T21/><D77/><U57/><E57/><V78/><F50/><W129/><G129/><T31/><D67/><U42/><E42/><V90/><F46/><W8/><G55/><T27/><D59/><U73/><E73/><V130/><F130/><W128/><G128/><T10/><D37/><U17/><E38/><V102/><F25/><W114/><G114/><N who="2" m="43561" /><F30/><W122/><G122/><T104/><D104/><U34/><E124/><V58/><F105/><W68/><G87/><AGARI ba="0,0" hai="58,61,66,76,78,82,87,90,100,101,102" m="43561" machi="87" ten="30,2000,0" yaku="15,1,11,1" doraHai="32" who="2" fromWho="3" sc="254,0,67,0,473,20,206,-20" /><INIT seed="6,0,0,0,3,91" ten="254,67,493,186" oya="2" hai0="12,117,28,71,51,115,70,42,57,119,75,25,10" hai1="87,84,95,44,99,118,54,29,37,68,40,24,77" hai2="1,39,83,62,92,86,22,46,128,135,33,124,120" hai3="126,103,101,67,55,17,8,94,5,63,93,36,73"/><V19/><F33/><W59/><G73/><T79/><D75/><U61/><E118/><N who="0" m="45065" /><D79/><U64/><E77/><V65/><F1/><W52/><G36/><T88/><D115/><U47/><E47/><V66/><F120/><W30/><G126/><T41/><D57/><U114/><E114/><V26/><F124/><W133/><G133/><T109/><D51/><U56/><E68/><N who="0" m="26153" /><D109/><U131/><E131/><V81/><F135/><W45/><G30/><T15/><D88/><U112/><E112/><V72/><F128/><W108/><G108/><T49/><D49/><U125/><E125/><V90/><F72/><W113/><G113/><T107/><D107/><U121/><E121/><V35/><F35/><W11/><G5/><N who="0" m="3151" /><D15/><U31/><E54/><V0/><F0/><W34/><G34/><AGARI ba="0,0" hai="25,28,34,41,42" m="3151,26153,45065" machi="34" ten="30,1000,0" yaku="12,1" doraHai="91" who="0" fromWho="3" sc="254,10,67,0,493,0,186,-10" /><INIT seed="7,0,0,2,4,11" ten="264,67,493,176" oya="3" hai0="126,70,66,48,102,38,84,82,1,89,41,109,26" hai1="104,77,115,40,110,118,94,7,24,54,128,91,75" hai2="37,46,119,93,30,27,14,22,34,111,78,83,113" hai3="116,79,20,120,3,28,2,17,58,92,15,88,19"/><W106/><G120/><T51/><D109/><U55/><E110/><V9/><F111/><W76/><G106/><T39/><D102/><U13/><E118/><V49/><F119/><W65/><G116/><T103/><D103/><U10/><E128/><V90/><F113/><W23/><G28/><T56/><D1/><U62/><E115/><V53/><F37/><W134/><G134/><T123/><D123/><U73/><E104/><V29/><F34/><W72/><G3/><T100/><D100/><U67/><E75/><V81/><F30/><W59/><G2/><T0/><D0/><U44/><E24/><V124/><F124/><W133/><G133/><T71/><D26/><U132/><E132/><V95/><F78/><N who="3" m="29739" /><G72/><T131/><D126/><U64/><E64/><V61/><F61/><W135/><G135/><T25/><D131/><U35/><E35/><V87/><F83/><W74/><G74/><T108/><D108/><U57/><E77/><V129/><F129/><W21/><G65/><T96/><D66/><U50/><REACH who="1" step="1"/><E73/><REACH who="1" ten="264,57,493,176" step="2"/><V36/><REACH who="2" step="1"/><F36/><REACH who="2" ten="264,57,483,176" step="2"/><W85/><G21/><T127/><D38/><U47/><E47/><V68/><F68/><W18/><G18/><AGARI ba="0,2" hai="9,14,18,22,27,29,46,49,53,81,87,90,93,95" machi="18" ten="30,12000,2" yaku="1,1,7,1,25,2,8,1,52,1,53,1" doraHai="11" doraHaiUra="16" who="2" fromWho="3" sc="264,0,57,0,483,140,176,-120" owari="264,6.0,57,-34.0,623,72.0,56,-44.0" /></mjloggm>