<mjloggm ver="2.3"><GO type="97" lobby="0"/><UN n0="%4D%4F%2D%46%55" n1="%E3%82%A6%E3%83%AB%E3%83%88%E3%83%A9%E7%AB%8B%E7%9B%B4" n2="%E3%81%97%E3%82%85%E3%82%93%E3%81%A6%E3%81%83%EF%BD%9E%E3%81%AC" n3="%E3%81%B1%E3%82%8B%E3%81%95" dan="13,15,15,13" rate="1894.29,1979.51,2021.62,1895.34" sx="M,M,M,M"/><TAIKYOKU oya="0"/><INIT seed="0,0,0,0,2,0" ten="250,250,250,250" oya="0" hai0="32,16,135,71,41,21,109,56,96,83,95,9,125" hai1="133,60,25,118,134,105,113,123,24,40,117,121,80" hai2="61,23,110,127,131,53,130,111,75,97,12,14,93" hai3="58,87,77,20,92,102,4,49,1,128,36,70,116"/><T103/><D71/><U7/><E80/><V100/><F75/><W62/><G116/><T30/><D41/><U78/><E60/><V91/><F61/><W35/><G35/><T94/><D32/><U55/><E55/><V85/><F53/><W108/><G108/><N who="2" m="41513" /><F23/><W11/><G128/><N who="2" m="49193" /><F14/><W90/><G36/><T47/><D125/><U13/><E40/><V39/><F39/><W89/><G70/><T6/><D135/><U65/><E65/><V115/><F12/><W82/><G49/><T132/><D83/><U124/><E105/><N who="2" m="63631" /><F127/><W50/><G50/><T119/><D47/><U54/><E54/><V33/><F33/><W81/><G102/><T74/><D109/><U129/><E13/><V3/><F3/><W31/><G20/><T73/><D56/><U18/><E124/><V22/><F22/><W27/><G27/><T101/><D30/><U120/><E25/><V68/><F68/><W42/><G31/><T86/><D21/><U48/><E24/><V64/><F64/><W59/><G42/><T88/><D9/><U112/><E18/><V28/><F28/><W106/><G106/><T5/><D16/><U66/><E66/><V76/><F76/><W45/><G45/><T122/><D101/><U17/><E78/><V26/><F26/><W38/><G38/><T34/><D103/><U107/><E129/><V10/><F10/><W46/><G46/><T126/><D34/><U72/><E72/><V19/><F19/><W69/><G69/><T104/><D126/><U44/><E17/><V63/><F63/><W29/><G62/><T114/><D74/><RYUUKYOKU ba="0,0" sc="250,-10,250,-10,250,30,250,-10" hai2="85,91,93,115" /><INIT seed="1,1,0,5,0,52" ten="240,240,280,240" oya="1" hai0="66,97,105,79,36,38,35,62,31,125,19,134,92" hai1="124,106,76,8,51,13,104,101,47,20,100,122,73" hai2="34,25,91,75,14,54,37,67,10,64,109,96,58" hai3="9,18,77,7,132,83,120,28,53,112,108,42,90"/><U49/><E122/><V43/><F109/><W117/><G120/><T50/><D105/><U59/><E124/><V74/><F37/><W127/><G112/><T85/><D125/><U133/><E106/><V32/><F43/><W2/><G127/><T107/><D19/><N who="1" m="8615" /><E73/><V40/><F40/><W61/><G108/><T82/><D134/><U102/><E104/><V114/><F114/><W70/><G132/><T27/><D50/><N who="1" m="18955" /><E133/><V30/><F34/><W71/><G117/><T26/><D26/><U16/><E76/><V128/><F74/><W55/><G42/><T12/><D12/><N who="1" m="9223" /><E47/><V60/><F75/><W103/><G103/><T78/><D107/><U126/><E126/><V72/><F72/><W121/><G121/><T1/><D79/><U63/><E102/><V93/><REACH who="2" step="1"/><F128/><REACH who="2" ten="240,240,270,240" step="2"/><W113/><G113/><T23/><D35/><U21/><E21/><V130/><F130/><W129/><G129/><T68/><REACH who="0" step="1"/><D1/><REACH who="0" ten="230,240,270,240" step="2"/><U98/><E98/><V115/><F115/><W29/><G2/><T89/><AGARI ba="1,2" hai="23,27,31,36,38,62,66,68,78,82,85,89,92,97" machi="89" ten="20,5200,0" yaku="1,1,2,1,0,1,7,1,53,0" doraHai="52" doraHaiUra="135" who="0" fromWho="0" sc="230,75,240,-27,270,-14,240,-14" /><INIT seed="2,0,0,5,5,32" ten="305,213,256,226" oya="2" hai0="49,69,57,132,16,66,30,38,36,117,107,68,105" hai1="35,99,31,133,42,115,7,72,103,120,28,14,44" hai2="108,41,87,91,106,104,135,23,88,109,111,46,19" hai3="27,17,83,80,97,4,53,81,79,70,125,122,54"/><V21/><F135/><W100/><G122/><T123/><D123/><U78/><E115/><V34/><F34/><W75/><G125/><T62/><D132/><U47/><E120/><V74/><F74/><W18/><G4/><T84/><D30/><U92/><E133/><V82/><F91/><W61/><G70/><T9/><D84/><U20/><E35/><V71/><F71/><W121/><G121/><T56/><D117/><U33/><E33/><V58/><F58/><W113/><G113/><T64/><D9/><U59/><E72/><V63/><F63/><W5/><G5/><T95/><D95/><U48/><E78/><V26/><F23/><W37/><G37/><AGARI ba="0,0" hai="19,21,26,37,41,46,82,87,88,104,106,108,109,111" machi="37" ten="40,7700,0" yaku="14,1,10,1,54,1" doraHai="32" who="2" fromWho="3" sc="305,0,213,0,256,77,226,-77" /><INIT seed="2,1,0,3,5,79" ten="305,213,333,149" oya="2" hai0="127,123,7,129,53,54,70,96,1,59,133,109,88" hai1="93,15,135,134,114,90,11,25,32,91,17,78,48" hai2="9,52,76,95,106,68,128,86,14,12,35,75,62" hai3="119,105,81,30,111,39,71,38,27,3,45,99,92"/><V44/><F128/><W36/><G119/><T126/><D129/><U132/><E114/><V29/><F106/><W19/><G111/><T115/><D109/><U26/><E32/><V121/><F121/><W67/><G3/><T73/><D70/><U80/><E48/><V77/><F35/><W118/><G118/><T58/><D73/><U49/><E49/><N who="2" m="28711" /><F68/><W125/><G125/><N who="0" m="47627" /><D133/><U20/><E93/><V69/><F69/><W57/><G105/><T89/><D115/><U110/><E110/><V42/><F75/><W34/><G71/><T21/><D21/><U131/><E131/><V101/><F29/><W22/><G81/><T102/><D123/><U98/><E98/><N who="2" m="59615" /><F42/><W60/><G45/><T5/><D1/><U50/><E50/><V97/><F97/><W47/><G47/><T18/><D18/><U51/><E51/><V66/><F14/><W28/><REACH who="3" step="1"/><G34/><REACH who="3" ten="305,213,333,139" step="2"/><T117/><D117/><U84/><REACH who="1" step="1"/><E26/><REACH who="1" ten="305,203,333,139" step="2"/><V104/><F104/><W112/><G112/><T4/><D102/><AGARI ba="1,2" hai="19,22,27,28,30,36,38,39,57,60,67,92,99,102" machi="102" ten="40,1300,0" yaku="1,1,53,0" doraHai="79" doraHaiUra="72" who="3" fromWho="0" sc="305,-16,203,0,333,0,139,36" /><INIT seed="3,0,0,3,3,119" ten="289,203,333,175" oya="3" hai0="37,122,87,69,120,35,131,50,85,26,33,3,66" hai1="106,134,107,92,101,74,47,98,126,96,7,5,14" hai2="0,109,108,27,82,45,113,38,10,99,79,23,102" hai3="34,6,30,97,17,25,121,36,114,65,94,93,129"/><W62/><G114/><T125/><D3/><U68/><E68/><V56/><F113/><W72/><G36/><T110/><D50/><U42/><E74/><N who="2" m="43383" /><F56/><W73/><G129/><T77/><D131/><U116/><E116/><V86/><F86/><W16/><G121/><T11/><D11/><U28/><E126/><V70/><F70/><W59/><G94/><T83/><D125/><U2/><E134/><V89/><F89/><W67/><G67/><T31/><D37/><U130/><E130/><V57/><F57/><W46/><G6/><T18/><D110/><N who="2" m="42602" /><F10/><W39/><G73/><T127/><D18/><U44/><E44/><V117/><F0/><W60/><G72/><N who="0" m="43431" /><D127/><U132/><E2/><V51/><F38/><W80/><G80/><T20/><D85/><U90/><E132/><V64/><F64/><W111/><G111/><T22/><D20/><U9/><E28/><V95/><F117/><W88/><REACH who="3" step="1"/><G62/><REACH who="3" ten="289,203,333,165" step="2"/><N who="0" m="40151" /><D22/><U118/><E118/><V112/><F112/><W8/><G8/><T104/><D104/><U32/><E106/><V103/><F23/><W105/><G105/><T29/><D87/><U53/><E7/><V78/><F95/><W55/><G55/><T40/><D40/><AGARI ba="0,1" hai="16,17,25,30,34,39,40,46,59,60,65,88,93,97" machi="40" ten="40,7700,0" yaku="1,1,54,2,53,0" doraHai="119" doraHaiUra="4" who="3" fromWho="0" sc="289,-77,203,0,333,0,165,87" /><INIT seed="3,1,0,1,4,117" ten="212,203,333,252" oya="3" hai0="130,4,115,98,13,40,132,23,92,29,80,103,113" hai1="101,9,24,128,46,104,27,131,14,5,60,49,44" hai2="20,89,16,15,58,102,28,11,109,105,54,57,84" hai3="42,129,43,38,116,125,41,107,118,8,112,100,87"/><W66/><G112/><N who="0" m="43083" /><D130/><N who="1" m="49707" /><E60/><V10/><F109/><W134/><G129/><T114/><D114/><U53/><E104/><V36/><F36/><W75/><G75/><T122/><D122/><U35/><E101/><V77/><F77/><W26/><G134/><T48/><D132/><U67/><E67/><V68/><F68/><W133/><G133/><T51/><D40/><U7/><E7/><V64/><F105/><W70/><G125/><T39/><D80/><U56/><E35/><V126/><F102/><W32/><G87/><T74/><D39/><U71/><E71/><V108/><F108/><W73/><G73/><T120/><D74/><U59/><E56/><V69/><F69/><W33/><G8/><N who="0" m="4231" /><D120/><U86/><E86/><V121/><F121/><W97/><G38/><T18/><D29/><U65/><E65/><V1/><F20/><W124/><G124/><T96/><D96/><U82/><E82/><V12/><F15/><AGARI ba="1,0" hai="15,18,23,48,51,92,98,103" m="4231,43083" machi="15" ten="30,1000,0" yaku="11,1" doraHai="117" who="0" fromWho="2" sc="212,13,203,0,333,-13,252,0" owari="225,-17.0,203,-30.0,320,42.0,252,5.0" /></mjloggm>