<mjloggm ver="2.3"><GO type="97" lobby="0"/><UN n0="%76%69%66" n1="%67%77%65%6E%64%6C%79%6E" n2="%E3%82%A6%E3%83%AB%E3%83%88%E3%83%A9%E7%AB%8B%E7%9B%B4" n3="%E3%82%B9%E3%82%B3%E3%83%83%E3%83%86%E3%82%A3%E3%81%95%E3%82%93" dan="14,13,15,15" rate="1914.80,1898.96,1978.63,2009.15" sx="M,M,M,M"/><TAIKYOKU oya="0"/><INIT seed="0,0,0,5,0,34" ten="250,250,250,250" oya="0" hai0="131,130,71,129,22,55,64,132,120,65,100,77,59" hai1="23,36,60,88,12,40,45,28,122,92,17,19,1" hai2="125,31,33,57,74,52,97,93,50,58,103,26,113" hai3="9,37,10,84,27,107,119,89,72,4,133,91,127"/><T48/><D120/><U104/><E122/><V75/><F113/><W3/><G72/><T128/><D132/><U99/><E104/><V96/><F125/><W123/><G119/><T44/><D100/><U30/><E1/><V18/><F18/><W102/><G127/><T21/><D77/><U126/><E126/><V43/><F43/><W46/><G133/><T124/><D124/><U98/><E99/><V6/><F6/><W25/><G89/><T114/><D114/><U54/><E19/><V78/><F78/><W20/><G123/><T80/><D80/><U5/><E5/><V79/><F79/><W7/><G102/><T63/><N who="0" m="33280" /><DORA hai="2" /><T86/><D86/><U29/><E28/><V68/><F68/><W101/><G101/><T95/><D95/><U39/><E39/><V111/><F97/><W115/><G107/><T13/><D13/><U116/><E116/><V112/><F112/><W83/><G115/><T49/><D65/><U87/><REACH who="1" step="1"/><E98/><REACH who="1" ten="250,240,250,250" step="2"/><V38/><F38/><W32/><G37/><T0/><REACH who="0" step="1"/><D0/><REACH who="0" ten="240,240,250,250" step="2"/><U117/><E117/><V47/><F96/><W67/><G3/><T14/><D14/><U73/><E73/><V15/><F15/><W70/><G25/><T82/><D82/><U118/><E118/><V66/><F74/><W16/><G83/><T110/><D110/><U109/><E109/><V76/><F75/><W105/><G27/><T8/><D8/><U69/><E69/><V24/><F24/><W81/><G9/><T134/><D134/><U108/><E108/><V90/><F111/><W56/><G10/><T61/><D61/><RYUUKYOKU ba="0,2" sc="240,15,240,15,250,-15,250,-15" hai0="21,22,44,48,49,55,59,63,64,71" hai1="12,17,23,29,30,36,40,45,54,60,87,88,92" /><INIT seed="0,1,2,5,4,104" ten="255,255,235,235" oya="0" hai0="20,53,10,128,103,18,1,49,24,15,44,7,2" hai1="115,96,63,113,32,45,76,73,58,77,101,11,17" hai2="6,99,127,108,46,3,126,93,129,25,75,13,121" hai3="86,62,69,118,67,0,135,105,134,120,131,132,5"/><T34/><D128/><U50/><E32/><V51/><F121/><W85/><G105/><T71/><D71/><U22/><E11/><N who="2" m="4343" /><F25/><W78/><G120/><T8/><D103/><U106/><E73/><V109/><F3/><W33/><G33/><T36/><D36/><U114/><E58/><V64/><F64/><W122/><G122/><T14/><REACH who="0" step="1"/><D34/><REACH who="0" ten="245,255,235,235" step="2"/><U111/><E111/><N who="2" m="42571" /><F129/><W83/><G131/><T42/><D42/><N who="1" m="24887" /><E63/><V54/><F75/><W110/><G110/><T60/><D60/><U89/><E89/><AGARI ba="1,3" hai="46,51,54,89,93,99,126,127" m="42571,4343" machi="89" ten="30,1000,0" yaku="14,1" doraHai="104" who="2" fromWho="1" sc="245,0,255,-13,235,43,235,0" /><INIT seed="1,0,0,3,1,97" ten="245,242,278,235" oya="1" hai0="135,1,89,33,55,106,64,14,5,44,127,68,116" hai1="29,38,92,84,3,99,100,126,133,48,15,91,131" hai2="11,111,80,10,81,103,87,12,90,43,72,40,109" hai3="36,28,82,121,66,9,79,47,85,65,52,19,112"/><U8/><E38/><V69/><F69/><W63/><G112/><T4/><D116/><U17/><E3/><V16/><F72/><W50/><G121/><T23/><D33/><U0/><E0/><V101/><F81/><W115/><G115/><T22/><D1/><U53/><E126/><V57/><F57/><N who="3" m="35239" /><G36/><T108/><D127/><U96/><E131/><V71/><F71/><W62/><G28/><T74/><D74/><U123/><E123/><V70/><F70/><W26/><G62/><T27/><D64/><U130/><E130/><V18/><F109/><W34/><G34/><T45/><D68/><U102/><E133/><V25/><F111/><W76/><G76/><T119/><D119/><U94/><E29/><V59/><F59/><W42/><G42/><N who="2" m="15913" /><F11/><W67/><G47/><T105/><D108/><U88/><E84/><V39/><F39/><W78/><G50/><T107/><D135/><U95/><E95/><V6/><F25/><W54/><G54/><T120/><D55/><U41/><E41/><V86/><F86/><W110/><G110/><T21/><D120/><U83/><E83/><V37/><F37/><W125/><G125/><T20/><D89/><U118/><REACH who="1" step="1"/><E118/><REACH who="1" ten="245,232,278,235" step="2"/><V98/><F98/><W31/><G85/><T49/><D107/><U60/><E60/><V104/><F104/><W30/><G82/><T124/><D106/><U73/><E73/><V58/><F80/><W114/><G114/><T77/><D105/><U113/><E113/><V46/><F87/><W117/><G117/><T75/><D75/><U61/><E61/><V7/><F7/><RYUUKYOKU ba="0,1" sc="245,-10,232,30,278,-10,235,-10" hai1="8,15,17,48,53,88,91,92,94,96,99,100,102" /><INIT seed="1,1,1,0,0,28" ten="235,262,268,225" oya="1" hai0="17,22,33,126,38,19,5,94,25,41,24,72,45" hai1="129,14,13,74,106,21,105,107,20,128,35,125,58" hai2="71,67,100,92,59,88,115,109,114,121,70,95,81" hai3="1,42,61,26,48,133,12,99,79,83,65,80,47"/><U6/><E74/><V44/><F121/><W131/><G1/><T50/><D72/><U54/><E125/><V30/><F100/><W53/><G133/><T116/><D116/><U2/><E2/><V51/><F30/><W4/><G131/><N who="1" m="50250" /><E6/><V31/><F31/><W49/><G99/><T40/><D5/><U85/><E85/><N who="2" m="50223" /><F59/><N who="3" m="37055" /><G26/><T34/><D126/><U39/><E39/><V118/><F118/><W86/><G83/><T46/><D94/><N who="2" m="35882" /><F67/><W57/><G12/><N who="1" m="4714" /><E35/><V73/><F73/><W96/><G4/><T55/><D41/><U11/><E11/><V3/><F3/><W68/><G68/><T132/><D132/><U110/><E110/><V16/><F109/><W98/><AGARI ba="1,1" hai="42,47,48,49,53,57,79,80,86,96,98" m="37055" machi="98" ten="30,1100,0" yaku="8,1" doraHai="28" who="3" fromWho="3" sc="235,-4,262,-6,268,-4,225,24" /><INIT seed="2,0,0,2,4,126" ten="231,256,264,249" oya="2" hai0="2,14,64,88,112,36,42,17,4,116,57,100,111" hai1="58,93,25,30,67,108,123,113,109,120,46,81,41" hai2="72,47,39,96,90,40,27,87,13,3,55,16,97" hai3="132,92,11,83,89,18,32,134,12,130,110,128,127"/><V28/><F72/><W82/><G32/><T105/><D112/><U76/><E113/><V135/><F3/><W19/><G110/><N who="1" m="42602" /><E93/><V22/><F55/><W78/><G19/><T103/><D111/><U61/><E46/><V70/><F70/><W63/><G63/><T91/><D36/><U122/><E41/><V73/><F73/><N who="3" m="43343" /><G83/><T101/><D105/><U102/><E102/><V114/><F135/><N who="3" m="51755" /><G127/><T119/><D42/><U84/><E25/><V34/><F114/><W107/><G107/><T15/><D2/><U85/><E30/><V23/><F34/><W44/><G44/><T69/><D69/><U50/><E50/><V99/><F39/><W95/><G95/><T117/><D4/><U52/><E85/><AGARI ba="0,0" hai="11,12,18,85,89,92,128,130" m="51755,43343" machi="85" ten="30,3900,0" yaku="20,1,52,2" doraHai="126" who="3" fromWho="1" sc="231,0,256,-39,264,0,249,39" /><INIT seed="3,0,0,3,4,0" ten="231,217,264,288" oya="3" hai0="114,14,79,122,35,17,126,18,28,5,3,64,27" hai1="70,87,30,36,82,94,112,110,93,53,65,38,37" hai2="130,121,100,41,39,74,107,116,50,26,128,132,19" hai3="21,106,4,66,127,61,63,86,1,15,85,113,20"/><W13/><G106/><T58/><D122/><U46/><E112/><V108/><F74/><W6/><G113/><T123/><D123/><U92/><E110/><V56/><F116/><W69/><G1/><T96/><D114/><U49/><E30/><V51/><F121/><W42/><G42/><T11/><D79/><U52/><E65/><V95/><F107/><W32/><G32/><T7/><D126/><U133/><E70/><V60/><F108/><W48/><G48/><T119/><D96/><U104/><E104/><V40/><F95/><W22/><G69/><T97/><D97/><U12/><E133/><V115/><F100/><W120/><G120/><T43/><D43/><N who="2" m="16458" /><F115/><W125/><G20/><N who="0" m="11319" /><D119/><U111/><E111/><V71/><F19/><W118/><G118/><T84/><D84/><U72/><E72/><V91/><F26/><W54/><G54/><T2/><D64/><AGARI ba="0,0" hai="4,6,13,15,21,22,61,63,64,66,85,86,125,127" machi="64" ten="25,9600,0" yaku="22,2,52,2" doraHai="0" who="3" fromWho="0" sc="231,-96,217,0,264,0,288,96" owari="135,-36.0,217,-18.0,264,6.0,384,48.0" /></mjloggm>