<mjloggm ver="2.3"><GO type="97" lobby="0"/><UN n0="%E3%82%A6%E3%83%AB%E3%83%88%E3%83%A9%E7%AB%8B%E7%9B%B4" n1="%6D%75%75%6E%6E" n2="%E5%86%85%E7%94%B0%E6%96%87%E6%98%8E" n3="%E9%A3%9B%E7%AB%9C" dan="15,14,13,14" rate="1995.90,1924.60,1813.99,1899.36" sx="M,M,M,M"/><TAIKYOKU oya="0"/><INIT seed="0,0,0,2,2,40" ten="250,250,250,250" oya="0" hai0="42,90,127,65,57,26,132,88,45,110,32,13,33" hai1="95,75,28,106,79,52,56,73,85,109,9,12,96" hai2="55,126,99,15,91,102,7,37,116,104,111,67,19" hai3="115,17,70,36,89,92,53,86,133,4,30,22,68"/><T69/><D69/><U24/><E109/><V113/><F113/><W94/><G133/><T38/><D132/><U47/><E106/><V11/><F111/><W122/><G36/><T63/><D110/><U77/><E75/><V100/><F37/><W82/><G115/><T34/><D127/><U51/><E73/><V97/><F116/><W35/><G122/><T128/><D128/><U84/><E79/><V129/><F129/><W108/><G108/><T119/><D119/><U3/><E56/><V80/><F67/><W43/><G4/><T48/><D13/><U6/><E77/><V23/><F126/><W49/><G70/><T124/><D124/><U41/><E41/><V66/><F66/><W64/><G43/><T10/><D10/><U71/><E3/><V5/><F55/><W61/><G30/><T20/><REACH who="0" step="1"/><D38/><REACH who="0" ten="240,250,250,250" step="2"/><U135/><E71/><V131/><F131/><W83/><G35/><T107/><D107/><U60/><E135/><V1/><F7/><W78/><G78/><T112/><D112/><U123/><E123/><V72/><F72/><W121/><G121/><T130/><D130/><U59/><E9/><V118/><F118/><W44/><G82/><T14/><D14/><AGARI ba="0,1" hai="14,17,22,44,49,53,61,64,68,83,86,89,92,94" machi="14" ten="30,2000,0" yaku="7,1,52,1" doraHai="40" who="3" fromWho="0" sc="240,-20,250,0,250,0,250,30" /><INIT seed="1,0,0,4,4,79" ten="220,250,250,280" oya="1" hai0="62,47,36,12,130,16,14,133,106,46,76,121,101" hai1="19,104,112,6,93,96,84,69,9,85,57,0,42" hai2="10,119,24,77,94,72,131,95,80,54,111,23,122" hai3="134,102,125,68,109,67,4,11,61,82,18,35,21"/><U105/><E69/><V123/><F119/><W26/><G109/><T90/><D121/><U34/><E112/><V30/><F111/><W59/><G125/><T135/><D14/><U89/><E34/><V91/><F131/><W5/><G134/><N who="0" m="51211" /><D36/><U78/><E42/><V107/><F107/><W27/><G102/><T129/><D76/><U3/><E3/><V128/><F128/><N who="0" m="49258" /><D101/><U52/><E78/><V126/><F126/><W56/><G35/><T45/><D106/><U13/><E104/><V83/><F10/><W40/><G40/><T29/><D29/><U38/><E38/><V50/><F95/><W103/><G103/><T25/><D25/><U17/><E105/><V53/><F53/><W22/><G5/><T32/><D32/><U43/><E0/><V41/><F41/><W65/><G65/><T88/><D62/><N who="1" m="36135" /><E43/><V37/><F37/><W74/><G74/><T116/><D116/><U48/><E17/><V115/><F115/><W49/><G49/><T58/><D58/><U127/><E127/><V44/><REACH who="2" step="1"/><F80/><REACH who="2" ten="220,250,240,280" step="2"/><W98/><G82/><T20/><AGARI ba="0,1" hai="12,16,20,45,46,47,88,90" m="49258,51211" machi="20" ten="40,8000,1" yaku="20,1,19,1,54,2" doraHai="79" who="0" fromWho="0" sc="220,90,250,-40,240,-20,280,-20" /><INIT seed="2,0,0,0,0,26" ten="310,210,220,260" oya="2" hai0="121,124,47,39,46,109,12,104,67,19,102,53,5" hai1="72,73,34,132,11,62,70,91,96,56,1,48,99" hai2="28,82,87,108,21,66,92,3,101,106,36,17,64" hai3="57,14,20,22,90,111,7,89,31,78,68,33,25"/><V65/><F3/><W59/><G68/><T75/><D75/><U103/><E70/><V76/><F36/><W30/><G111/><T15/><D67/><U86/><E34/><V71/><F106/><W95/><G78/><T58/><D121/><U115/><E115/><V69/><F108/><W63/><G33/><T127/><D109/><U44/><E132/><V0/><F0/><W60/><G7/><T4/><D39/><U98/><E103/><V13/><F71/><W61/><G14/><T49/><D102/><U23/><E23/><N who="3" m="8746" /><G25/><T37/><D104/><U83/><E11/><V117/><F117/><W32/><G32/><T114/><D114/><U8/><E8/><V77/><F69/><W129/><G129/><T116/><D116/><U43/><REACH who="1" step="1"/><E1/><REACH who="1" ten="310,200,220,260" step="2"/><V131/><F131/><W16/><G16/><T51/><D19/><U24/><E24/><N who="2" m="16399" /><F101/><W85/><G90/><T29/><D15/><U80/><E80/><V35/><F35/><W81/><G81/><T10/><D12/><U79/><E79/><N who="2" m="46559" /><F92/><W9/><G9/><AGARI ba="0,1" hai="9,13,17,64,65,66,76,77" m="46559,16399" machi="9" ten="30,2900,0" yaku="8,1,52,1" doraHai="26" who="2" fromWho="3" sc="310,0,200,0,220,39,260,-29" /><INIT seed="2,1,0,2,5,119" ten="310,200,259,231" oya="2" hai0="75,110,80,76,36,99,19,57,49,96,8,14,66" hai1="47,135,5,28,27,54,59,106,93,16,91,38,67" hai2="60,128,68,1,42,58,26,92,30,61,112,15,126" hai3="44,121,64,23,7,134,78,45,118,3,12,113,77"/><V125/><F112/><W71/><G118/><T123/><D36/><U129/><E106/><V90/><F1/><W40/><G3/><T50/><D123/><U94/><E129/><V11/><F42/><W72/><G72/><T65/><D110/><U32/><E5/><V55/><F68/><W107/><G107/><T73/><D73/><U133/><E67/><V24/><F61/><W74/><G74/><T88/><D99/><U102/><E102/><V33/><F26/><W9/><G134/><T105/><D105/><U87/><E93/><V70/><F70/><W114/><G121/><T81/><D50/><U43/><REACH who="1" step="1"/><E16/><REACH who="1" ten="310,190,259,231" step="2"/><V22/><F128/><W4/><G64/><T21/><D66/><U17/><E17/><V53/><F33/><W31/><G71/><T97/><D21/><U84/><E84/><V109/><F109/><W51/><G4/><T115/><D96/><U29/><E29/><V100/><F100/><W127/><G127/><N who="2" m="48649" /><F92/><W25/><REACH who="3" step="1"/><G45/><REACH who="3" ten="310,190,259,221" step="2"/><T62/><D65/><U18/><E18/><N who="2" m="8575" /><F90/><W39/><G39/><T111/><D88/><U37/><E37/><V101/><F101/><W83/><G83/><T6/><D80/><U41/><E41/><V35/><F35/><W98/><G98/><T120/><D97/><U10/><E10/><V69/><F69/><W0/><G0/><T56/><D6/><U63/><AGARI ba="1,2" hai="27,28,32,38,43,47,54,59,63,87,91,94,133,135" machi="63" ten="30,2000,0" yaku="1,1,0,1,53,0" doraHai="119" doraHaiUra="117" who="1" fromWho="1" sc="310,-6,190,43,259,-11,221,-6" /><INIT seed="3,0,0,2,5,40" ten="304,233,248,215" oya="3" hai0="72,45,122,56,73,33,44,82,100,79,114,0,103" hai1="130,22,17,61,26,57,97,111,53,102,110,31,50" hai2="99,14,124,10,126,55,3,95,87,67,2,125,4" hai3="15,132,96,133,58,18,80,107,35,49,29,42,123"/><W36/><G123/><T84/><D33/><U52/><E130/><V9/><F67/><W117/><G117/><T1/><D56/><U20/><E20/><V54/><F87/><W105/><G80/><T11/><D84/><U101/><E31/><V6/><REACH who="2" step="1"/><F14/><REACH who="2" ten="304,233,238,215" step="2"/><W16/><G36/><T43/><D122/><U78/><E97/><V64/><F64/><W41/><G96/><T135/><D1/><U34/><E34/><V66/><F66/><W93/><G107/><T121/><D0/><U81/><E110/><V91/><AGARI ba="0,1" hai="2,3,4,6,9,10,54,55,91,95,99,124,125,126" machi="91" ten="30,7900,0" yaku="1,1,0,1,9,1,18,1,53,0" doraHai="40" doraHaiUra="70" who="2" fromWho="2" sc="304,-20,233,-20,238,89,215,-39" owari="284,8.0,213,-19.0,327,43.0,176,-32.0" /></mjloggm>