<mjloggm ver="2.3"><GO type="169" lobby="0"/><UN n0="%47%33%E9%BE%8D%E9%96%80" n1="%E3%82%A6%E3%83%AB%E3%83%88%E3%83%A9%E7%AB%8B%E7%9B%B4" n2="%EF%BC%88%E2%88%AA%EF%BC%BE%CF%89%EF%BC%BE%29%E2%98%86" n3="%6D%61%73%61%6B%69%2D%74" dan="18,17,16,16" rate="2185.27,2048.12,2116.41,2090.92" sx="M,M,F,F"/><TAIKYOKU oya="0"/><INIT seed="0,0,0,0,1,131" ten="250,250,250,250" oya="0" hai0="22,132,100,74,120,34,93,118,26,125,49,53,11" hai1="105,98,103,97,116,61,81,4,29,13,40,20,5" hai2="73,14,88,85,109,38,9,79,45,104,84,63,27" hai3="33,51,66,71,94,46,54,44,128,87,99,113,58"/><T52/><D120/><U82/><E116/><V102/><F109/><W68/><G113/><T95/><D118/><U55/><E40/><V111/><F111/><W126/><G33/><T107/><D132/><U31/><E105/><V123/><F123/><W115/><G115/><T48/><D34/><U65/><E65/><V135/><F73/><W39/><G128/><T12/><D74/><U36/><E36/><V62/><F102/><W8/><G87/><T80/><D80/><U106/><E106/><V19/><F104/><W10/><G126/><T56/><D100/><U42/><E42/><V67/><F135/><W124/><G124/><T25/><D107/><U101/><E61/><V64/><F84/><W96/><G96/><T60/><D60/><N who="2" m="23082" /><F38/><W41/><G46/><N who="0" m="27671" /><D125/><U129/><E129/><V72/><F79/><W114/><G66/><N who="2" m="25129" /><F72/><W17/><G114/><T59/><D59/><U122/><E122/><V50/><F27/><N who="0" m="10250" /><D22/><U37/><E37/><V57/><F57/><W16/><G10/><T92/><D92/><U15/><REACH who="1" step="1"/><E20/><REACH who="1" ten="250,240,250,250" step="2"/><V69/><F69/><W89/><REACH who="3" step="1"/><G8/><REACH who="3" ten="250,240,250,240" step="2"/><T75/><D75/><U30/><E30/><V43/><F9/><W6/><G6/><AGARI ba="0,2" hai="6,11,12,49,53,56,93,95" m="10250,27671" machi="6" ten="30,2900,0" yaku="8,1,54,1" doraHai="131" who="0" fromWho="3" sc="250,49,240,0,250,0,240,-29" /><INIT seed="0,1,0,2,2,101" ten="299,240,250,211" oya="0" hai0="32,5,11,112,53,94,117,88,102,64,114,39,14" hai1="113,46,68,118,79,90,6,38,135,73,58,20,89" hai2="7,10,27,60,98,36,110,100,28,108,59,16,43" hai3="17,80,83,115,61,122,77,85,103,70,78,9,34"/><T41/><D117/><U66/><E89/><V49/><F36/><W55/><G122/><T26/><D64/><U96/><E20/><V133/><F133/><W69/><G34/><T127/><D102/><U42/><E90/><V81/><F81/><W71/><G115/><T82/><D82/><U4/><E96/><V76/><F76/><W74/><G103/><T56/><D127/><U111/><E6/><V44/><F16/><W21/><G9/><T37/><D32/><U31/><E31/><V51/><F51/><W12/><REACH who="3" step="1"/><G55/><REACH who="3" ten="299,240,250,201" step="2"/><T47/><D37/><U13/><E38/><V97/><F100/><W3/><G3/><T130/><D130/><U131/><E131/><V23/><F110/><W121/><G121/><T65/><D65/><AGARI ba="1,1" hai="12,17,21,61,65,69,70,71,74,77,78,80,83,85" machi="65" ten="40,1300,0" yaku="1,1,53,0" doraHai="101" doraHaiUra="93" who="3" fromWho="0" sc="299,-16,240,0,250,0,201,26" /><INIT seed="1,0,0,1,3,52" ten="283,240,250,227" oya="1" hai0="123,47,100,13,88,94,128,74,80,3,130,86,54" hai1="66,43,44,85,125,83,17,41,45,79,129,39,42" hai2="27,21,14,110,102,62,132,56,55,32,81,25,34" hai3="92,19,116,90,6,98,53,87,95,38,120,64,70"/><U18/><E125/><V76/><F110/><W109/><G120/><T30/><D3/><U122/><E122/><V101/><F132/><W23/><G109/><T134/><D134/><U33/><E33/><V5/><F25/><W11/><G38/><T135/><D135/><U111/><E111/><V26/><F26/><W51/><G70/><T119/><D119/><U107/><E107/><V77/><F77/><W1/><G64/><T124/><D124/><U36/><E129/><N who="0" m="49769" /><D30/><U16/><REACH who="1" step="1"/><E66/><REACH who="1" ten="283,230,250,227" step="2"/><V15/><F32/><W9/><G116/><T2/><D123/><U67/><E67/><V93/><F34/><W131/><G131/><T113/><D113/><U72/><E72/><V12/><F5/><W48/><G11/><T91/><D74/><U61/><E61/><V20/><F20/><W117/><G117/><T29/><D94/><U121/><E121/><V89/><F93/><W118/><G118/><T103/><D80/><U84/><E84/><N who="2" m="50319" /><F76/><W96/><G87/><T106/><D86/><U10/><E10/><V133/><F133/><W97/><G97/><T35/><D106/><U46/><AGARI ba="0,1" hai="16,17,18,36,39,41,42,43,44,45,46,79,83,85" machi="46" ten="40,12000,1" yaku="1,1,0,1,29,2,54,1,53,0" doraHai="52" doraHaiUra="65" who="1" fromWho="1" sc="283,-40,230,130,250,-40,227,-40" /><INIT seed="1,1,0,0,0,132" ten="243,360,210,187" oya="1" hai0="76,108,129,87,30,84,122,97,34,12,61,64,26" hai1="116,90,47,86,59,35,104,57,119,123,126,3,111" hai2="9,89,24,33,110,88,23,37,91,70,41,121,135" hai3="27,115,65,39,134,82,74,102,38,63,85,125,49"/><U95/><E35/><V107/><F121/><W96/><G134/><T56/><D108/><U124/><E3/><V10/><F33/><W11/><G115/><T29/><D122/><U112/><E123/><V133/><F110/><W8/><G74/><T51/><D129/><U103/><E111/><V71/><F107/><W67/><G49/><T50/><D29/><U16/><E47/><V114/><F114/><W78/><G27/><T66/><D66/><U14/><E112/><V48/><F37/><W118/><G118/><T131/><D131/><U2/><E2/><V0/><F133/><W18/><G65/><T60/><D60/><U93/><E104/><V6/><F10/><W53/><G53/><T98/><D12/><U81/><E103/><V45/><REACH who="2" step="1"/><F135/><REACH who="2" ten="243,360,200,187" step="2"/><W62/><G11/><T20/><D34/><U105/><E105/><V17/><AGARI ba="1,1" hai="0,6,9,17,23,24,41,45,48,70,71,88,89,91" machi="17" ten="30,8000,1" yaku="1,1,2,1,0,1,54,1,53,1" doraHai="132" doraHaiUra="1" who="2" fromWho="2" sc="243,-21,360,-41,200,93,187,-21" /><INIT seed="2,0,0,3,2,31" ten="222,319,293,166" oya="2" hai0="88,103,27,46,45,40,11,7,126,38,49,53,24" hai1="95,124,89,101,96,13,135,73,78,22,72,35,68" hai2="59,16,65,6,4,61,111,62,64,122,19,44,119" hai3="63,8,74,97,10,9,123,133,102,113,112,1,86"/><V83/><F119/><W128/><G123/><T52/><D126/><U127/><E68/><V69/><F122/><W58/><G74/><T120/><D120/><U109/><E22/><V85/><F44/><W67/><G133/><T130/><D130/><U70/><E13/><V2/><F111/><W36/><G36/><T34/><D103/><U77/><E70/><V39/><F39/><W121/><G121/><T75/><D75/><N who="1" m="28747" /><E35/><V26/><F2/><W0/><G86/><T76/><D76/><N who="1" m="29291" /><E135/><V5/><REACH who="2" step="1"/><F26/><REACH who="2" ten="222,319,283,166" step="2"/><W32/><G128/><T118/><D27/><U28/><E109/><V91/><AGARI ba="0,1" hai="4,5,6,16,19,59,61,62,64,65,69,83,85,91" machi="91" ten="30,18000,2" yaku="1,1,2,1,0,1,54,1,53,2" doraHai="31" doraHaiUra="14" who="2" fromWho="2" sc="222,-60,319,-60,283,190,166,-60" /><INIT seed="2,1,0,1,4,97" ten="162,259,473,106" oya="2" hai0="118,63,62,127,8,119,29,52,122,133,64,44,91" hai1="45,77,104,19,46,128,36,117,51,92,23,116,35" hai2="10,100,47,94,59,123,134,24,126,124,78,5,21" hai3="85,88,82,131,42,96,34,57,26,98,87,37,38"/><V107/><F107/><W113/><G113/><T86/><D122/><U12/><E104/><V43/><F134/><W93/><G131/><T50/><D133/><U41/><E35/><V54/><F78/><W56/><G96/><T58/><D127/><U32/><E32/><V89/><F123/><W130/><G130/><T66/><D29/><U40/><E128/><V9/><F100/><W2/><G2/><T14/><D91/><U11/><E77/><V27/><F27/><W30/><G87/><T99/><D99/><U18/><E92/><V60/><F124/><W15/><G15/><AGARI ba="1,0" hai="11,12,15,18,19,23,36,40,41,45,46,51,116,117" machi="15" ten="30,1000,0" yaku="7,1" doraHai="97" who="1" fromWho="3" sc="162,0,259,13,473,0,106,-13" /><INIT seed="3,0,0,2,3,91" ten="162,272,473,93" oya="3" hai0="3,97,117,85,38,69,20,115,13,0,132,92,72" hai1="6,32,7,46,64,15,68,77,76,44,121,11,40" hai2="59,57,66,56,113,24,18,29,45,105,65,10,48" hai3="93,118,131,102,129,19,120,1,86,61,30,49,50"/><W35/><G120/><T119/><D72/><U74/><E32/><V125/><F105/><W43/><G118/><T116/><D69/><U17/><E64/><V41/><F113/><W42/><G1/><T98/><D115/><U5/><E68/><V128/><F128/><N who="3" m="49227" /><G61/><T104/><D132/><U99/><E121/><V23/><F125/><W4/><G4/><T39/><D85/><U27/><E27/><V73/><F73/><W62/><G62/><T130/><D130/><U9/><E74/><V108/><F108/><W12/><G30/><T16/><D104/><U52/><E11/><V55/><F41/><N who="3" m="15371" /><G35/><T80/><D80/><U25/><E7/><V51/><F51/><W88/><G102/><T34/><D34/><U63/><E6/><V81/><F81/><W21/><AGARI ba="0,0" hai="12,19,21,49,50,86,88,93" m="15371,49227" machi="21" ten="30,6000,0" yaku="19,1,52,1,54,1" doraHai="91" who="3" fromWho="3" sc="162,-20,272,-20,473,-20,93,60" /><INIT seed="3,1,0,4,5,43" ten="142,252,453,153" oya="3" hai0="83,30,101,10,103,61,62,56,57,120,48,18,66" hai1="96,29,0,115,47,31,119,135,127,134,89,23,132" hai2="75,93,130,33,40,88,51,92,69,54,65,117,20" hai3="125,121,16,133,76,90,113,128,3,58,105,111,35"/><W64/><RYUUKYOKU type="yao9" ba="1,0" sc="142,0,252,0,453,0,153,0" hai3="3,16,35,58,64,76,90,105,111,113,121,125,128,133" /><INIT seed="3,2,0,0,1,113" ten="142,252,453,153" oya="3" hai0="14,76,38,91,35,81,117,0,36,25,10,66,18" hai1="127,50,85,13,109,119,68,124,57,21,51,45,106" hai2="28,40,23,29,98,118,16,1,42,103,88,77,71" hai3="47,9,80,93,20,39,3,132,37,115,131,64,55"/><W128/><G115/><T59/><D117/><U74/><E74/><V133/><F1/><W110/><G132/><T95/><D0/><U105/><E68/><V121/><F118/><W56/><G110/><T52/><D66/><U26/><E109/><V17/><F71/><W8/><G64/><T125/><D125/><N who="1" m="48203" /><E13/><V19/><F77/><W78/><G93/><T22/><D35/><U99/><E99/><V63/><F121/><W24/><G3/><T83/><D91/><U101/><E101/><V7/><F7/><W75/><G47/><T61/><D95/><U67/><E85/><V82/><F63/><N who="3" m="36255" /><G39/><T54/><D54/><N who="1" m="31967" /><E67/><V89/><F133/><W96/><G96/><T65/><D65/><U112/><E112/><V90/><F82/><W41/><G41/><N who="2" m="15977" /><F23/><W73/><G73/><T107/><D107/><U102/><E119/><V120/><F120/><W122/><G37/><T27/><D81/><U84/><E45/><V94/><AGARI ba="2,0" hai="16,17,19,28,29,88,89,90,94,98,103" m="15977" machi="94" ten="40,5200,0" yaku="8,1,54,2" doraHai="113" who="2" fromWho="2" sc="142,-15,252,-15,453,58,153,-28" /><INIT seed="4,0,0,0,3,19" ten="127,237,511,125" oya="0" hai0="106,36,86,71,10,97,78,132,112,100,59,41,12" hai1="62,84,46,29,92,28,3,105,108,75,135,39,103" hai2="63,44,48,68,109,21,94,133,114,49,11,90,104" hai3="23,14,22,113,126,72,65,118,27,9,35,125,26"/><T0/><D71/><U127/><E3/><V6/><F104/><W73/><G118/><T58/><D112/><U2/><E2/><V95/><F109/><W38/><G38/><T56/><D132/><U131/><E75/><N who="3" m="28746" /><G65/><T60/><D0/><U120/><E62/><V51/><F114/><W124/><G113/><T111/><D111/><U47/><E84/><V67/><F94/><W110/><G110/><T89/><D78/><U77/><E92/><V45/><F21/><N who="3" m="7691" /><G35/><T101/><D101/><U50/><E103/><V115/><F133/><W74/><G74/><T1/><D1/><U117/><E39/><V18/><F18/><AGARI ba="0,0" hai="9,14,18,26,27,124,125,126" m="7691,28746" machi="18" ten="40,8000,1" yaku="18,1,52,3" doraHai="19" who="3" fromWho="2" sc="127,0,237,0,511,-80,125,80" /><INIT seed="5,0,0,2,5,31" ten="127,237,431,205" oya="1" hai0="100,135,123,69,97,18,118,9,85,64,6,40,89" hai1="133,124,96,108,92,109,56,20,23,120,87,73,63" hai2="126,77,107,67,84,43,86,71,19,83,116,53,0" hai3="10,49,28,66,45,4,110,14,24,68,76,131,125"/><U46/><E73/><V119/><F0/><W48/><G110/><N who="1" m="42602" /><E120/><V2/><F2/><W104/><G104/><T33/><D123/><U122/><E122/><V70/><F107/><W13/><G131/><T94/><D118/><U134/><E87/><V8/><F43/><W22/><G49/><T21/><D135/><N who="1" m="51723" /><E46/><V130/><F84/><W113/><G113/><T15/><D40/><U58/><E124/><V3/><F126/><W34/><G125/><T82/><D64/><N who="1" m="39015" /><E58/><V81/><F86/><W54/><G76/><T115/><D115/><U114/><E114/><V78/><F78/><W25/><G68/><T50/><D69/><U41/><E41/><V57/><F77/><W51/><G66/><T74/><D74/><U91/><AGARI ba="0,0" hai="20,23,91,92,96" m="39015,51723,42602" machi="91" ten="30,3000,0" yaku="10,1,20,1" doraHai="31" who="1" fromWho="1" sc="127,-10,237,30,431,-10,205,-10" /><INIT seed="5,1,0,2,1,74" ten="117,267,421,195" oya="1" hai0="93,20,129,34,133,66,77,85,31,125,107,109,21" hai1="25,122,18,1,80,30,37,102,104,10,68,42,12" hai2="15,7,57,6,135,94,54,19,121,64,76,39,47" hai3="55,124,16,119,0,70,26,9,118,3,128,73,41"/><U22/><E68/><V78/><F64/><W4/><G73/><T32/><D109/><U36/><E122/><V75/><F75/><W79/><G70/><T127/><D107/><U56/><E102/><V2/><F2/><N who="3" m="151" /><G41/><T33/><D66/><U88/><E104/><V95/><F135/><W35/><G55/><T117/><D117/><N who="3" m="44553" /><G79/><N who="2" m="30249" /><F47/><W43/><G43/><T105/><D105/><U132/><E42/><V58/><F39/><W92/><G92/><N who="2" m="35369" /><F58/><W48/><G48/><T101/><D133/><U27/><E37/><V81/><F81/><W90/><G90/><T108/><D77/><U103/><E36/><V62/><F121/><W111/><G111/><T17/><D108/><U67/><E56/><V61/><F61/><W52/><G52/><T106/><D106/><U84/><E67/><V50/><F50/><W82/><G82/><T114/><D93/><U53/><E53/><V113/><F113/><W69/><G69/><T131/><D114/><U91/><E132/><V38/><F38/><W116/><G116/><T98/><D101/><U134/><E103/><V112/><F112/><W99/><G99/><T29/><D98/><U120/><E120/><V87/><F87/><W45/><G45/><T8/><D85/><U89/><E134/><V59/><F59/><W130/><G35/><T5/><D34/><U126/><E84/><V51/><F51/><W71/><G71/><T115/><D115/><U100/><E80/><V83/><F83/><W63/><G63/><T13/><D33/><U49/><E49/><V40/><F40/><W96/><G96/><T123/><D32/><RYUUKYOKU ba="1,0" sc="117,-10,267,-10,421,30,195,-10" hai2="6,7,15,19,54,57,62" /><INIT seed="6,2,0,1,3,74" ten="107,257,451,185" oya="2" hai0="59,129,43,107,39,61,37,13,38,85,16,82,68" hai1="63,73,128,53,50,46,89,2,28,66,114,98,94" hai2="83,110,35,20,5,10,123,4,54,12,115,102,19" hai3="45,75,62,93,1,6,97,80,57,124,27,58,51"/><V65/><F65/><W126/><G27/><T26/><D129/><U30/><E2/><V11/><F102/><W101/><G1/><T70/><D107/><U34/><E34/><V125/><F35/><W81/><G6/><T49/><D26/><U100/><E73/><V96/><F96/><W121/><G121/><T90/><D49/><U134/><E134/><V104/><F104/><W120/><G120/><T44/><D44/><U87/><E114/><V0/><F115/><W122/><G122/><T99/><D99/><U111/><E111/><V22/><F125/><N who="3" m="48235" /><G62/><T105/><D43/><U15/><E15/><V78/><F110/><W91/><G101/><T7/><D7/><U42/><E42/><V127/><F127/><W103/><G91/><T108/><D105/><U106/><E128/><V92/><F4/><W36/><G36/><T29/><D29/><U71/><AGARI ba="2,0" hai="28,30,46,50,53,63,66,71,87,89,94,98,100,106" machi="71" ten="20,1500,0" yaku="0,1,7,1" doraHai="74" who="1" fromWho="1" sc="107,-6,257,21,451,-9,185,-6" /><INIT seed="7,0,0,0,0,55" ten="101,278,442,179" oya="3" hai0="113,13,108,46,59,17,69,28,60,54,121,1,125" hai1="51,31,7,41,56,74,122,3,68,126,118,132,33" hai2="26,8,37,134,34,88,80,101,6,76,135,65,24" hai3="105,87,5,115,123,129,72,82,39,12,66,120,70"/><W100/><G39/><T38/><D121/><U86/><E86/><V48/><F37/><W94/><G115/><T52/><D108/><U128/><E31/><V47/><F101/><W16/><G5/><T10/><D113/><U2/><E51/><V90/><F65/><W93/><G72/><T98/><D125/><U35/><E41/><N who="2" m="24687" /><F26/><W58/><G70/><T84/><D69/><U21/><E21/><V78/><F78/><W130/><G105/><T64/><D1/><U83/><E83/><V14/><F24/><W95/><G100/><T44/><D28/><U4/><E56/><V114/><F34/><W117/><G117/><T110/><D110/><U119/><E7/><V71/><F71/><W57/><G66/><T89/><D98/><U116/><E4/><V81/><F81/><W111/><G111/><T27/><D27/><U11/><E11/><V133/><F114/><W91/><G123/><T102/><D102/><U61/><E61/><V112/><F112/><W49/><G49/><T40/><D46/><U43/><E43/><V77/><F77/><W36/><G36/><T30/><D30/><U131/><E68/><V50/><F50/><W107/><G107/><T9/><D9/><U25/><E74/><AGARI ba="0,0" hai="6,8,14,74,76,80,88,90,133,134,135" m="24687" machi="74" ten="30,2000,0" yaku="20,1,54,1" doraHai="55" who="2" fromWho="1" sc="101,0,278,-20,442,20,179,0" owari="101,-40.0,258,6.0,462,56.0,179,-22.0" /></mjloggm>