<mjloggm ver="2.3"><GO type="97" lobby="0"/><UN n0="%73%75%67%69%7A%61%6B%69" n1="%E3%82%A6%E3%83%AB%E3%83%88%E3%83%A9%E7%AB%8B%E7%9B%B4" n2="%EF%BC%9C%E3%81%BD%E3%81%93%E3%81%9F%E3%82%93%EF%BC%9E" n3="%61%6F%79%61%67%69%39%36" dan="14,15,13,14" rate="1883.15,2024.29,1944.28,1979.13" sx="M,M,M,M"/><TAIKYOKU oya="0"/><INIT seed="0,0,0,1,3,92" ten="250,250,250,250" oya="0" hai0="21,47,36,100,70,86,1,56,48,52,29,32,97" hai1="25,35,50,80,60,30,12,33,58,113,37,54,82" hai2="77,133,114,117,134,2,96,5,125,88,118,63,16" hai3="53,127,108,57,15,27,91,26,61,8,3,101,51"/><T44/><D1/><U135/><E37/><V49/><F77/><W112/><G112/><T124/><D70/><U132/><E113/><V79/><F114/><W83/><G127/><T89/><D124/><U67/><E12/><V76/><F76/><W73/><G3/><T41/><D32/><U99/><E35/><V19/><F125/><W20/><G108/><T122/><D122/><U98/><E82/><V90/><F79/><W4/><G73/><T72/><D72/><U28/><E80/><V64/><F49/><W11/><G101/><T17/><D29/><U59/><REACH who="1" step="1"/><E30/><REACH who="1" ten="250,240,250,250" step="2"/><V81/><F81/><W62/><G11/><T9/><D9/><U102/><E102/><V38/><F38/><W42/><G42/><T74/><D74/><U120/><E120/><V121/><F121/><W22/><G27/><T115/><D115/><U14/><E14/><V65/><F2/><W107/><G22/><T85/><D89/><U106/><E106/><V24/><F24/><W103/><G107/><T23/><D23/><U94/><E94/><V71/><F5/><W66/><G103/><T68/><D21/><U110/><E110/><V123/><F123/><W34/><G34/><T128/><D36/><U43/><E43/><V10/><F10/><W0/><G0/><T75/><D41/><U45/><E45/><V93/><F93/><W119/><G91/><T105/><D44/><U78/><E78/><V7/><F7/><W39/><G83/><T116/><D75/><U84/><E84/><V46/><F46/><N who="3" m="27895" /><G39/><T104/><D104/><U18/><E18/><N who="2" m="6699" /><F90/><W6/><G6/><RYUUKYOKU ba="0,1" sc="250,-10,240,30,250,-10,250,-10" hai1="25,28,33,50,54,58,59,60,67,98,99,132,135" /><INIT seed="1,1,1,5,3,89" ten="240,270,240,240" oya="1" hai0="53,81,46,49,17,52,20,121,24,104,129,4,100" hai1="116,48,22,119,87,69,0,34,108,113,27,118,135" hai2="18,97,96,7,126,8,84,117,37,32,130,127,63" hai3="45,44,31,29,59,47,2,3,115,19,83,77,51"/><U30/><E69/><V12/><F37/><W98/><G115/><T106/><D121/><U85/><E113/><V109/><F32/><W133/><G133/><T90/><D129/><U95/><E0/><V132/><F117/><W60/><G3/><T66/><D66/><U71/><E71/><V128/><F63/><W61/><G2/><T101/><D4/><U23/><E135/><V21/><F132/><W122/><G122/><T86/><D104/><U62/><E62/><V25/><F84/><N who="3" m="48239" /><G98/><T10/><D106/><U120/><E48/><V134/><F97/><W82/><G82/><T14/><REACH who="0" step="1"/><D53/><REACH who="0" ten="230,270,240,240" step="2"/><U5/><E120/><V40/><F134/><W70/><G70/><T75/><D75/><U26/><E5/><V125/><F40/><W68/><G68/><T110/><D110/><U91/><E108/><V15/><F109/><W28/><G51/><T1/><D1/><U99/><REACH who="1" step="1"/><E34/><REACH who="1" ten="230,260,240,240" step="2"/><V73/><F73/><W13/><G59/><T67/><D67/><U57/><E57/><V55/><F55/><W123/><G123/><T6/><AGARI ba="1,3" hai="6,10,14,17,20,24,46,49,52,81,86,90,100,101" machi="6" ten="20,8000,1" yaku="1,1,0,1,7,1,8,1,54,1,53,0" doraHai="89" doraHaiUra="102" who="0" fromWho="0" sc="230,113,260,-41,240,-21,240,-21" /><INIT seed="2,0,0,1,5,27" ten="343,219,219,219" oya="2" hai0="37,29,119,32,57,42,116,111,95,83,52,82,39" hai1="115,45,131,103,113,12,44,123,53,43,98,14,24" hai2="58,49,40,110,99,70,19,16,92,30,78,51,124" hai3="118,10,87,5,85,50,4,61,8,20,84,33,11"/><V128/><F70/><W105/><G105/><T26/><D111/><U6/><E131/><V112/><F112/><W60/><G118/><N who="0" m="45099" /><D95/><N who="1" m="58847" /><E113/><V1/><F1/><W15/><G33/><T68/><D68/><U127/><E115/><V38/><F38/><N who="0" m="14346" /><D42/><U90/><E127/><V72/><F124/><W81/><G50/><AGARI ba="0,0" hai="26,29,32,50,52,57,82,83" m="14346,45099" machi="50" ten="30,3900,0" yaku="12,1,52,1,54,1" doraHai="27" who="0" fromWho="3" sc="343,39,219,0,219,0,219,-39" /><INIT seed="3,0,0,2,4,34" ten="382,219,219,180" oya="3" hai0="107,126,62,53,91,71,8,68,39,104,105,113,100" hai1="85,9,119,75,11,92,95,64,12,19,80,93,49" hai2="81,103,134,40,28,26,3,82,16,29,43,45,90" hai3="98,6,110,50,2,55,38,127,58,25,10,131,37"/><W52/><G131/><T74/><D74/><U70/><E75/><V20/><F3/><W1/><G127/><T31/><D39/><U94/><E70/><V88/><F134/><W97/><G110/><T69/><D31/><N who="2" m="11850" /><F103/><W86/><G25/><T44/><D8/><N who="1" m="6535" /><E64/><V135/><F135/><W17/><G86/><T124/><D91/><N who="2" m="34858" /><F45/><W36/><G17/><T61/><D100/><U63/><E63/><N who="0" m="24073" /><D113/><U41/><N who="1" m="23552" /><DORA hai="109" /><U118/><E119/><V15/><F15/><W120/><G120/><T130/><D53/><U73/><E73/><V78/><F78/><W59/><REACH who="3" step="1"/><G1/><REACH who="3" ten="382,219,219,170" step="2"/><T83/><D130/><U46/><E118/><V60/><F60/><AGARI ba="0,1" hai="2,6,10,36,37,38,50,52,55,58,59,60,97,98" machi="60" ten="40,12000,1" yaku="1,1,2,1,52,1,54,1,53,1" doraHai="34,109" doraHaiUra="32,101" who="3" fromWho="2" sc="382,0,219,0,219,-120,170,130" /><INIT seed="3,1,0,2,5,97" ten="382,219,99,300" oya="3" hai0="23,13,113,9,40,108,0,106,79,87,126,124,25" hai1="125,91,86,73,85,104,2,76,69,61,44,71,130" hai2="29,22,90,105,6,14,10,127,37,93,67,114,4" hai3="46,70,89,56,122,15,26,132,3,94,7,88,18"/><W103/><G70/><T131/><D0/><U92/><E2/><V30/><F114/><W43/><G122/><T24/><D40/><U31/><E31/><V72/><F105/><W47/><G132/><T32/><D106/><U118/><E61/><V55/><F72/><W51/><G3/><T101/><D32/><U17/><E17/><V64/><F37/><W96/><G47/><T28/><D24/><U99/><E44/><V83/><F127/><N who="0" m="48682" /><D113/><U21/><E21/><V49/><F6/><W81/><G81/><N who="0" m="47551" /><D108/><U20/><E20/><V59/><F30/><W134/><G134/><T119/><D131/><U65/><E65/><V42/><F42/><W115/><G115/><T110/><D110/><U34/><E34/><V68/><F68/><W117/><G117/><T133/><D133/><U12/><E12/><V111/><F111/><W98/><G26/><T84/><D84/><N who="1" m="32363" /><E71/><V27/><REACH who="2" step="1"/><F83/><REACH who="2" ten="382,219,89,300" step="2"/><W45/><G7/><T80/><D80/><U77/><E69/><V19/><F19/><W39/><G56/><T58/><D58/><U109/><E125/><V52/><F52/><W78/><G78/><T120/><D28/><U60/><E109/><V33/><F33/><W5/><G5/><T75/><D120/><U38/><E77/><V100/><F100/><W102/><G18/><T66/><D101/><U8/><E76/><V16/><F16/><W53/><G15/><T121/><D13/><U123/><E38/><V35/><F35/><W82/><G82/><T62/><D66/><U107/><E73/><V50/><F50/><W116/><G116/><T112/><D119/><RYUUKYOKU ba="1,1" sc="382,-15,219,-15,89,15,300,15" hai2="4,10,14,22,27,29,49,55,59,64,67,90,93" hai3="39,43,45,46,51,53,88,89,94,96,98,102,103" /><INIT seed="3,2,1,2,0,35" ten="367,204,104,315" oya="3" hai0="115,56,17,119,38,74,109,12,71,81,20,34,97" hai1="105,122,0,86,48,39,43,114,64,27,29,118,40" hai2="50,19,102,87,95,128,49,113,63,31,112,61,120" hai3="65,45,28,107,14,133,94,37,55,123,110,54,79"/><W23/><G123/><T72/><D119/><U3/><E105/><V4/><F128/><W22/><G107/><T73/><D34/><N who="1" m="20799" /><E48/><V132/><F120/><W8/><G133/><T30/><D30/><U125/><E86/><V13/><F132/><W9/><G79/><T53/><D71/><U89/><E89/><V103/><F113/><W100/><G110/><T7/><D38/><U46/><E122/><V124/><F112/><W68/><G68/><T131/><D131/><U111/><E43/><V21/><F31/><W52/><G65/><T5/><D109/><U82/><E82/><V117/><F124/><W91/><G100/><T57/><D115/><U32/><E114/><V11/><F117/><W62/><G37/><T60/><D57/><U84/><E84/><V70/><F70/><W41/><G62/><T96/><REACH who="0" step="1"/><D81/><REACH who="0" ten="357,204,104,315" step="2"/><U24/><E118/><V58/><F103/><W18/><G45/><T51/><D51/><U66/><E66/><V126/><F126/><W106/><G106/><T44/><D44/><U121/><E64/><V1/><F102/><W78/><G78/><T116/><D116/><U69/><E69/><V75/><F75/><W59/><G59/><T6/><AGARI ba="2,2" hai="5,6,7,12,17,20,53,56,60,72,73,74,96,97" machi="6" ten="40,2700,0" yaku="1,1,0,1,53,0" doraHai="35" doraHaiUra="67" who="0" fromWho="0" sc="357,53,204,-9,104,-9,315,-15" owari="410,50.0,195,-20.0,95,-40.0,300,10.0" /></mjloggm>