<mjloggm ver="2.3"><GO type="97" lobby="0"/><UN n0="%E3%82%A6%E3%83%AB%E3%83%88%E3%83%A9%E7%AB%8B%E7%9B%B4" n1="%E3%81%86%E2%98%86%E3%81%93%E3%81%AB%E3%82%84%E3%81%95%E3%81%97%E3%81%84" n2="%73%75%67%69%7A%61%6B%69" n3="%62%75%75%75%62%75" dan="15,13,14,13" rate="2008.98,1899.70,1911.92,1927.76" sx="M,F,M,M"/><TAIKYOKU oya="0"/><INIT seed="0,0,0,2,2,0" ten="250,250,250,250" oya="0" hai0="85,41,116,15,31,26,21,90,73,78,37,18,104" hai1="6,75,8,118,68,71,113,38,2,123,54,105,70" hai2="35,88,64,16,96,121,19,49,56,129,133,69,14" hai3="74,101,28,94,47,132,134,122,46,111,1,103,98"/><T79/><D104/><U83/><E54/><V97/><F121/><W86/><G28/><T22/><D116/><U23/><E23/><V53/><F35/><W125/><G1/><T72/><D73/><U63/><E123/><V81/><F129/><W13/><G122/><T115/><D72/><U59/><E59/><V61/><F133/><N who="3" m="51307" /><G13/><T80/><D115/><U7/><E118/><V130/><F130/><W62/><G62/><T102/><D102/><N who="3" m="38921" /><G111/><T33/><D33/><U32/><E105/><V128/><F128/><W60/><G60/><T124/><D124/><U5/><E113/><V99/><REACH who="2" step="1"/><F14/><REACH who="2" ten="250,250,240,250" step="2"/><W110/><G110/><T20/><D37/><U17/><E32/><V106/><F106/><W76/><G125/><T127/><D127/><U107/><E107/><V100/><F100/><N who="3" m="60503" /><G74/><T112/><D112/><U84/><E75/><V42/><F42/><W3/><G3/><T12/><D41/><U10/><E63/><V126/><F126/><W120/><G120/><T67/><D67/><U40/><E40/><V92/><F92/><W52/><G76/><T45/><D15/><U109/><E109/><V50/><F50/><N who="3" m="28759" /><G86/><AGARI ba="0,1" hai="16,19,49,53,56,61,64,69,81,86,88,96,97,99" machi="86" ten="40,5200,0" yaku="1,1,54,2,53,0" doraHai="0" doraHaiUra="29" who="2" fromWho="3" sc="250,0,250,0,240,62,250,-52" /><INIT seed="1,0,0,5,3,59" ten="250,250,302,198" oya="1" hai0="40,108,47,24,118,30,78,32,80,132,134,76,121" hai1="122,15,9,4,115,12,51,29,6,42,21,5,98" hai2="33,123,50,2,74,11,54,64,85,95,17,99,135" hai3="35,83,72,86,111,114,107,89,70,88,43,130,57"/><U113/><E42/><V96/><F74/><W62/><G114/><T19/><D118/><U37/><E37/><V63/><F123/><W90/><G70/><T18/><D121/><U36/><E36/><V39/><F39/><W1/><G35/><T52/><D108/><U102/><E51/><V87/><F135/><N who="0" m="51754" /><D40/><U45/><E45/><V127/><F127/><W7/><G111/><T125/><D125/><U14/><E122/><V66/><F33/><W60/><G130/><T68/><D68/><U112/><E98/><V56/><F64/><W75/><G43/><T109/><D109/><U25/><REACH who="1" step="1"/><E102/><REACH who="1" ten="250,240,302,198" step="2"/><V82/><F96/><W0/><G107/><T94/><D47/><U110/><E110/><V120/><F120/><W117/><G117/><T73/><D73/><U13/><AGARI ba="0,1" hai="4,5,6,9,12,13,14,15,21,25,29,112,113,115" machi="13" ten="40,18000,2" yaku="1,1,0,1,34,3,53,1" doraHai="59" doraHaiUra="16" who="1" fromWho="1" sc="250,-60,240,190,302,-60,198,-60" /><INIT seed="1,1,0,2,1,120" ten="190,430,242,138" oya="1" hai0="67,70,57,97,107,113,105,3,28,63,134,127,92" hai1="11,41,129,125,75,72,61,12,38,54,121,112,131" hai2="74,46,52,99,4,111,27,45,1,31,69,80,39" hai3="117,19,50,53,55,128,82,24,133,77,110,56,36"/><U62/><E121/><V89/><F69/><W30/><G128/><N who="1" m="49226" /><E112/><V13/><F1/><W91/><G133/><T132/><D3/><U37/><E125/><V100/><F100/><W49/><G36/><N who="1" m="13930" /><E41/><V58/><F39/><W130/><G130/><T85/><D113/><U18/><E54/><V71/><F71/><W94/><G117/><T124/><D28/><U20/><E11/><V109/><F4/><W73/><G19/><T6/><D6/><U15/><E15/><V79/><F13/><W64/><G64/><T119/><D70/><U122/><E122/><V126/><F126/><N who="0" m="48170" /><D119/><U16/><E18/><V9/><F9/><W29/><G110/><N who="2" m="41993" /><F89/><W135/><G24/><T114/><D114/><U90/><E90/><V76/><F99/><W106/><G106/><N who="0" m="40459" /><D85/><U42/><E42/><V0/><F76/><W78/><G78/><T14/><D14/><U10/><E10/><V25/><F0/><W88/><G135/><T108/><D108/><U87/><E87/><V35/><F27/><W51/><G91/><AGARI ba="1,0" hai="57,63,67,91,92,97,132,134" m="40459,48170" machi="91" ten="30,1000,0" yaku="18,1" doraHai="120" who="0" fromWho="3" sc="190,13,430,0,242,0,138,-13" /><INIT seed="2,0,0,4,0,66" ten="203,430,242,125" oya="2" hai0="49,111,31,134,40,117,97,25,112,13,43,41,90" hai1="62,10,9,61,126,74,16,7,27,105,64,2,98" hai2="55,129,47,22,46,50,44,123,81,57,133,135,4" hai3="127,56,58,53,35,28,63,119,93,45,102,8,86"/><V78/><F123/><W73/><G119/><T128/><D112/><U131/><E74/><V42/><F129/><W19/><G73/><T29/><D128/><U92/><E105/><V6/><F22/><W87/><G127/><T120/><D120/><U51/><E51/><V34/><F34/><W38/><G35/><T12/><D134/><N who="2" m="51210" /><F42/><W37/><G28/><T130/><D111/><U48/><E126/><V33/><F33/><W114/><G114/><T67/><D130/><U77/><E131/><V59/><F59/><W84/><G45/><T80/><D117/><U101/><E77/><V106/><F106/><W103/><G58/><T109/><D109/><U36/><E36/><V18/><F18/><W20/><G8/><T23/><D31/><U79/><E79/><V108/><F108/><W24/><REACH who="3" step="1"/><G93/><REACH who="3" ten="203,430,242,115" step="2"/><T100/><D23/><N who="1" m="13799" /><E9/><V118/><F118/><W3/><G3/><T30/><D29/><U68/><E10/><V70/><F6/><W83/><G83/><T125/><D80/><U89/><E92/><V26/><F4/><W71/><G71/><T88/><D30/><U17/><E68/><V60/><F70/><W132/><G132/><T52/><D125/><U39/><E7/><V91/><F81/><W104/><G104/><T99/><D67/><U0/><E64/><V72/><F72/><W110/><G110/><T121/><D121/><U107/><E0/><V85/><F78/><W14/><G14/><T116/><D13/><U65/><E2/><V32/><F32/><W21/><G21/><T122/><D12/><U96/><E107/><V94/><F94/><RYUUKYOKU ba="0,1" sc="203,-10,430,-10,242,-10,115,30" hai3="19,20,24,37,38,53,56,63,84,86,87,102,103" /><INIT seed="3,1,1,4,2,64" ten="193,420,232,145" oya="3" hai0="56,123,95,96,29,58,24,80,21,53,57,118,87" hai1="83,104,43,13,93,48,67,113,115,98,22,35,82" hai2="125,75,39,34,117,46,91,37,28,11,110,78,88" hai3="9,135,33,5,50,4,106,128,92,20,134,84,114"/><W7/><G114/><T105/><D105/><U1/><E35/><V133/><F117/><W102/><G106/><T76/><D118/><U23/><E104/><V131/><F11/><W127/><G33/><T130/><D130/><U109/><E1/><V3/><F3/><W79/><G20/><T42/><D42/><U40/><E67/><V119/><F119/><W108/><G9/><T44/><D44/><U71/><E71/><V31/><F133/><N who="3" m="50699" /><G50/><T68/><D68/><U90/><E113/><V52/><F131/><W10/><G10/><T60/><D123/><U0/><E0/><V25/><F31/><W12/><G12/><T15/><D15/><U86/><E115/><V122/><F122/><W19/><G19/><T103/><AGARI ba="1,1" hai="21,24,29,53,56,57,58,60,76,80,87,95,96,103" machi="103" ten="20,2700,0" yaku="0,1,7,1,8,1" doraHai="64" who="0" fromWho="0" sc="193,40,420,-8,232,-8,145,-14" owari="233,3.0,412,52.0,224,-18.0,131,-37.0" /></mjloggm>