<mjloggm ver="2.3"><GO type="97" lobby="0"/><UN n0="%67%65%6D" n1="%6B%69%74%6F%6B%69%74%6F" n2="%E3%82%B9%E3%82%A4%E3%83%88" n3="%E3%82%A6%E3%83%AB%E3%83%88%E3%83%A9%E7%AB%8B%E7%9B%B4" dan="14,13,14,15" rate="1936.68,1832.67,2040.31,1930.54" sx="F,F,F,M"/><TAIKYOKU oya="0"/><INIT seed="0,0,0,2,3,111" ten="250,250,250,250" oya="0" hai0="79,61,1,18,8,21,76,105,13,27,130,14,40" hai1="117,32,122,16,25,30,45,96,95,60,77,50,48" hai2="9,108,55,24,17,91,112,129,22,6,126,106,52" hai3="84,120,72,62,82,73,68,47,33,97,135,70,34"/><T113/><D105/><U125/><E122/><V65/><F106/><W88/><G120/><T86/><D130/><U127/><E117/><V134/><F129/><W87/><G135/><T83/><D113/><U57/><E77/><V104/><F134/><W54/><G97/><T102/><D102/><U119/><E119/><V28/><F104/><W81/><G68/><T85/><D40/><U69/><E69/><V4/><F112/><W115/><G115/><T58/><D1/><U59/><E16/><V44/><F108/><W123/><G123/><T114/><D114/><U2/><E2/><V42/><F65/><W107/><G107/><T109/><D109/><U11/><E11/><V103/><F103/><W121/><G121/><T74/><D14/><U15/><E15/><N who="2" m="7407" /><F126/><N who="1" m="48137" /><E45/><V64/><F64/><W51/><G70/><T29/><REACH who="0" step="1"/><D79/><REACH who="0" ten="240,250,250,250" step="2"/><U75/><E75/><V36/><F42/><W128/><G128/><T67/><AGARI ba="0,1" hai="8,13,18,21,27,29,58,61,67,74,76,83,85,86" machi="67" ten="20,7800,0" yaku="1,1,2,1,0,1,7,1,53,0" doraHai="111" doraHaiUra="92" who="0" fromWho="0" sc="240,88,250,-26,250,-26,250,-26" /><INIT seed="0,1,0,1,2,4" ten="328,224,224,224" oya="0" hai0="18,91,13,132,31,78,20,46,71,52,88,62,107" hai1="29,40,24,36,32,74,119,0,30,21,92,64,109" hai2="83,97,84,44,125,49,39,100,25,58,133,43,59" hai3="80,96,98,33,90,103,54,87,3,2,79,10,128"/><T94/><D107/><U50/><E119/><V28/><F133/><W93/><G33/><T63/><D132/><U67/><E74/><V72/><F72/><W22/><G128/><T89/><D71/><U34/><E109/><V15/><F15/><W27/><G54/><T118/><D118/><U76/><E50/><V9/><F9/><W120/><G120/><T65/><D78/><U48/><E76/><V53/><F125/><W14/><G3/><T61/><D31/><U68/><E0/><V86/><F83/><W82/><G2/><T99/><D65/><U122/><E122/><V42/><F58/><W73/><G96/><T127/><D127/><U106/><E106/><V35/><F43/><W41/><G41/><T126/><D126/><U55/><E36/><V104/><AGARI ba="1,0" hai="25,28,35,39,42,44,49,53,59,84,86,97,100,104" machi="104" ten="20,1500,0" yaku="0,1,7,1" doraHai="4" who="2" fromWho="2" sc="328,-8,224,-5,224,18,224,-5" /><INIT seed="1,0,0,3,2,61" ten="320,219,242,219" oya="1" hai0="46,31,132,40,38,2,13,87,99,39,18,104,114" hai1="37,48,57,126,123,15,129,34,21,84,116,1,78" hai2="20,76,80,52,108,10,65,16,82,26,125,32,68" hai3="121,59,41,60,127,117,45,96,6,97,56,72,25"/><U49/><E123/><V100/><F32/><W43/><G72/><T3/><D114/><U110/><E116/><V36/><F125/><W47/><G121/><T77/><D132/><U12/><E126/><V14/><F108/><W30/><G127/><T55/><D31/><U83/><E1/><V5/><F100/><W27/><G6/><T42/><D55/><U115/><E34/><V94/><F94/><W9/><G9/><T54/><D54/><N who="1" m="31943" /><E37/><V122/><F122/><W51/><G117/><T124/><D124/><U95/><E115/><V105/><F105/><W81/><G81/><T119/><D119/><U73/><E110/><V11/><F76/><W7/><G7/><T89/><D77/><U23/><E73/><V44/><F68/><W90/><G90/><T63/><D63/><U93/><E129/><V79/><F79/><W22/><G27/><T134/><D134/><U53/><E23/><V75/><F75/><W86/><G86/><T109/><D109/><U128/><E128/><V62/><F36/><W4/><G4/><T17/><D17/><N who="1" m="10407" /><E15/><V133/><F133/><W8/><G8/><T0/><D104/><U64/><E64/><V69/><REACH who="2" step="1"/><F11/><REACH who="2" ten="320,219,232,219" step="2"/><W29/><G22/><T74/><D74/><U103/><E103/><V71/><F71/><W101/><G101/><T130/><D130/><U66/><E95/><V91/><F91/><W107/><G107/><T70/><D70/><U50/><E93/><V118/><F118/><W67/><G97/><T135/><D99/><U113/><E113/><V98/><F98/><W131/><G96/><T120/><D135/><RYUUKYOKU ba="0,1" sc="320,-10,219,-10,232,30,219,-10" hai2="5,10,14,16,20,26,44,52,62,65,69,80,82" /><INIT seed="2,1,1,0,2,131" ten="310,209,262,209" oya="2" hai0="46,107,24,133,124,66,15,31,126,71,49,60,5" hai1="1,59,54,37,13,42,58,92,132,22,93,7,76" hai2="38,9,20,70,75,104,8,117,106,80,16,30,50" hai3="33,41,68,105,89,39,55,17,10,94,29,67,53"/><V120/><F120/><W83/><G105/><T23/><D107/><U79/><E1/><V4/><F117/><W118/><G118/><T112/><D112/><U63/><E37/><V123/><F123/><W0/><G29/><T62/><D62/><U130/><E130/><V101/><F30/><W77/><G33/><T73/><D73/><U57/><E42/><V69/><F9/><W103/><G103/><T27/><D27/><U115/><E115/><V45/><F38/><W12/><G0/><T100/><D100/><U129/><E129/><V82/><F104/><W14/><G67/><T98/><D98/><U99/><E132/><V121/><F121/><W114/><G68/><T64/><D64/><U81/><E7/><V110/><F110/><W119/><G119/><T28/><D28/><U61/><E13/><V113/><F113/><W19/><G114/><T95/><D95/><N who="1" m="36427" /><E99/><V108/><F108/><W111/><G111/><T40/><REACH who="0" step="1"/><D133/><REACH who="0" ten="300,209,262,209" step="2"/><U96/><E96/><V74/><F106/><W43/><G94/><T135/><D135/><U122/><E122/><V35/><F75/><W65/><G65/><T88/><D88/><U125/><E63/><V2/><F74/><W48/><G89/><T47/><D47/><U78/><E81/><N who="2" m="31339" /><F35/><W134/><G134/><T128/><D128/><U18/><E125/><V36/><F101/><W90/><G90/><T102/><D102/><U87/><E87/><V91/><F91/><W32/><G83/><T21/><D21/><U52/><E61/><V116/><F116/><W56/><G32/><T6/><D6/><U85/><E85/><RYUUKYOKU ba="1,2" sc="300,15,209,15,262,-15,209,-15" hai0="5,15,23,24,31,40,46,49,60,66,71,124,126" hai1="18,22,52,54,57,58,59,76,78,79" /><INIT seed="3,2,2,5,5,78" ten="315,224,247,194" oya="3" hai0="49,7,131,85,108,101,128,118,115,29,34,69,130" hai1="56,67,12,36,98,20,43,112,41,68,74,105,65" hai2="13,135,126,99,89,134,6,57,63,31,50,111,106" hai3="54,129,27,113,70,73,127,117,66,116,32,14,53"/><W45/><G73/><T61/><D118/><N who="3" m="45673" /><G14/><T59/><D69/><U91/><E112/><V52/><F126/><W51/><G27/><T96/><D108/><U28/><E74/><V11/><F111/><W88/><G88/><T1/><D49/><U114/><E114/><V55/><F31/><W122/><G32/><T87/><D115/><U109/><E68/><V97/><F106/><W64/><G113/><T125/><D125/><U19/><E109/><V110/><F110/><W46/><G127/><T83/><D1/><U100/><E36/><V95/><REACH who="2" step="1"/><F99/><REACH who="2" ten="315,224,237,194" step="2"/><W120/><G129/><T81/><D29/><U33/><E28/><V9/><F9/><W39/><G70/><T37/><D96/><U82/><E33/><V75/><F75/><W44/><G39/><T124/><D34/><U86/><E67/><N who="3" m="25642" /><G51/><T79/><D124/><U123/><REACH who="1" step="1"/><E123/><AGARI ba="2,3" hai="44,45,46,53,54,120,122,123" m="25642,45673" machi="123" ten="40,12000,1" yaku="28,2,34,2" doraHai="78" who="3" fromWho="1" sc="315,0,224,-126,237,0,194,156" owari="315,12.0,98,-40.0,237,-16.0,350,44.0" /></mjloggm>