<mjloggm ver="2.3"><GO type="41" lobby="0"/><UN n0="%EF%BD%9E%E9%9A%BC%EF%BD%9E" n1="%6B%69%72%69%73%69%74%61" n2="%E3%82%A6%E3%83%AB%E3%83%88%E3%83%A9%E7%AB%8B%E7%9B%B4" n3="%4F%5A%4B%59" dan="15,13,16,14" rate="2014.92,1848.22,2019.53,1878.12" sx="M,M,M,M"/><TAIKYOKU oya="0"/><INIT seed="0,0,0,0,3,126" ten="250,250,250,250" oya="0" hai0="104,121,132,69,119,23,114,91,43,63,59,30,12" hai1="35,122,4,44,38,94,133,93,83,58,71,111,80" hai2="56,36,129,54,41,15,13,81,88,7,127,18,29" hai3="2,89,20,67,33,65,123,135,101,90,128,51,52"/><T115/><D119/><U42/><E122/><V5/><F127/><W110/><G33/><T86/><D121/><U21/><E71/><V78/><F29/><W6/><G123/><T77/><D104/><U14/><E35/><V79/><F41/><W49/><G2/><T46/><D132/><U74/><E133/><V85/><F36/><W27/><G6/><N who="2" m="2057" /><F129/><W113/><G113/><T117/><D77/><N who="2" m="29194" /><F18/><W19/><G135/><T34/><D69/><U105/><E105/><V31/><F31/><W1/><G1/><T40/><D34/><U57/><E74/><V134/><F134/><W98/><G128/><T48/><D40/><U99/><E111/><V17/><F17/><W16/><G110/><T64/><D117/><U45/><E38/><V100/><F100/><W61/><G19/><T112/><D12/><U84/><E42/><V11/><F11/><W73/><G67/><T118/><D118/><U82/><E84/><V66/><F66/><W87/><G73/><T107/><D107/><U47/><E99/><V24/><F24/><W102/><G51/><AGARI ba="0,0" hai="13,15,51,54,56,81,85,88" m="29194,2057" machi="51" ten="30,2000,0" yaku="8,1,54,1" doraHai="126" who="2" fromWho="3" sc="250,0,250,0,250,20,250,-20" /><INIT seed="1,0,0,0,2,34" ten="250,250,270,230" oya="1" hai0="55,49,14,39,20,31,33,111,52,113,59,93,61" hai1="76,51,63,69,102,100,12,56,19,13,122,16,47" hai2="35,85,70,109,5,115,105,25,9,96,71,29,108" hai3="130,18,87,43,92,79,127,15,119,83,81,131,4"/><U129/><E122/><V74/><F85/><W26/><G43/><T103/><D39/><U64/><E129/><N who="3" m="49162" /><G4/><T90/><D113/><U48/><E69/><V124/><F124/><W126/><G26/><T37/><D37/><U89/><E76/><V38/><F38/><W128/><N who="3" m="49170" /><W94/><DORA hai="135" /><G15/><N who="1" m="5706" /><E89/><V32/><F32/><W53/><G18/><N who="1" m="6698" /><E51/><V17/><F17/><W28/><G53/><AGARI ba="0,0" hai="47,48,53,56,63,64,100,102" m="6698,5706" machi="53" ten="30,2900,0" yaku="8,1,54,1" doraHai="34,135" who="1" fromWho="3" sc="250,0,250,29,270,0,230,-29" /><INIT seed="1,1,0,1,3,45" ten="250,279,270,201" oya="1" hai0="69,56,123,106,90,108,34,58,127,7,131,74,16" hai1="133,66,24,121,42,109,112,33,19,2,92,80,76" hai2="50,87,53,17,89,27,99,97,9,57,134,114,30" hai3="62,4,60,5,52,44,41,0,128,15,8,21,129"/><U11/><E121/><V49/><F114/><W47/><G21/><T104/><D74/><U37/><E112/><V36/><F36/><W59/><G62/><T1/><D34/><U78/><E78/><V91/><F134/><W40/><G0/><T65/><D123/><U83/><E133/><V26/><F89/><W23/><G23/><T71/><D1/><U86/><E83/><V39/><F39/><W13/><G47/><T110/><D7/><N who="3" m="2633" /><G8/><T117/><D65/><U116/><E66/><V98/><F30/><W130/><G41/><T79/><D79/><U122/><E116/><V28/><F28/><W14/><G14/><T20/><D90/><U68/><E68/><V81/><F9/><W70/><G70/><T118/><D20/><U31/><E2/><V38/><F38/><AGARI ba="1,0" hai="13,15,38,40,44,52,59,60,128,129,130" m="2633" machi="38" ten="30,2000,0" yaku="19,1,54,1" doraHai="45" who="3" fromWho="2" sc="250,0,279,0,270,-23,201,23" /><INIT seed="2,0,0,5,2,6" ten="250,279,247,224" oya="2" hai0="5,59,43,41,20,21,88,63,3,113,34,70,110" hai1="107,66,95,46,71,58,100,25,126,128,115,114,125" hai2="109,81,122,87,85,28,77,13,94,101,55,127,18" hai3="8,49,116,30,103,106,102,7,54,130,68,96,111"/><V131/><F122/><W93/><G116/><T74/><D70/><U89/><E71/><V83/><F127/><N who="1" m="48649" /><E25/><V123/><F123/><W124/><G68/><T26/><D74/><U99/><E46/><V118/><F118/><W50/><G111/><T40/><D110/><U51/><E51/><V48/><F109/><W32/><G124/><T120/><D120/><U2/><E2/><V60/><F28/><W35/><G130/><T44/><D113/><N who="1" m="43019" /><E58/><V15/><F131/><W27/><G50/><T9/><D44/><U45/><E45/><V29/><F29/><W76/><G76/><T73/><D73/><U31/><E31/><V23/><F60/><W62/><G62/><T135/><D34/><U61/><E61/><V91/><F15/><W133/><G133/><T36/><D21/><U78/><E66/><V134/><F134/><W39/><G39/><T82/><D36/><U105/><E78/><V0/><F0/><W108/><G108/><T24/><D24/><U69/><E69/><V1/><F1/><W72/><G72/><T14/><D3/><U86/><E128/><V90/><F77/><W33/><G106/><AGARI ba="0,0" hai="86,89,95,99,100,105,106,107" m="43019,48649" machi="106" ten="30,3900,0" yaku="18,1,34,2" doraHai="6" who="1" fromWho="3" sc="250,0,279,39,247,0,224,-39" /><INIT seed="3,0,0,5,0,115" ten="250,318,247,185" oya="3" hai0="63,99,102,1,5,48,114,89,129,88,87,22,54" hai1="118,80,78,68,35,113,97,15,39,29,27,0,123" hai2="37,30,26,43,76,69,51,84,121,103,72,101,91" hai3="98,46,44,81,28,111,130,90,93,13,116,82,56"/><W105/><G116/><T17/><D114/><U59/><E68/><V47/><F121/><W92/><G28/><T122/><D122/><U55/><E39/><V52/><F69/><W67/><G130/><T74/><D74/><U133/><E113/><V71/><F71/><W36/><G105/><T75/><D75/><U31/><E123/><V73/><F76/><W2/><G2/><T19/><D129/><U14/><E0/><V77/><F77/><W50/><G111/><T132/><D132/><U79/><E133/><V70/><F70/><W109/><G109/><T107/><D63/><U7/><E79/><V45/><F73/><W120/><G120/><T106/><D107/><U61/><E97/><V65/><F65/><W11/><G36/><T41/><D41/><U128/><E128/><V62/><F62/><N who="3" m="38343" /><G93/><T125/><D125/><U25/><E7/><V95/><REACH who="2" step="1"/><F72/><REACH who="2" ten="250,318,237,185" step="2"/><W112/><G112/><T94/><D89/><U58/><E78/><V117/><F117/><W53/><G44/><T134/><D134/><U124/><E118/><V110/><F110/><W38/><G38/><T127/><D127/><U3/><E124/><V10/><F10/><W34/><G34/><AGARI ba="0,1" hai="26,30,34,37,43,45,47,51,52,84,91,95,101,103" machi="34" ten="30,3900,0" yaku="1,1,7,1,54,1,53,0" doraHai="115" doraHaiUra="4" who="2" fromWho="3" sc="250,0,318,0,237,49,185,-39" /><INIT seed="4,0,0,4,5,30" ten="250,318,286,146" oya="0" hai0="123,47,114,128,8,35,11,25,5,73,99,14,53" hai1="84,27,31,122,37,24,66,0,115,95,20,26,3" hai2="80,55,78,127,17,50,4,81,113,45,28,6,19" hai3="130,124,13,89,103,1,49,108,43,116,118,102,83"/><T120/><D73/><U44/><E122/><V135/><F127/><W105/><G124/><T59/><D128/><U125/><E66/><V56/><F135/><W112/><G130/><T98/><D114/><U58/><E37/><V70/><F70/><W75/><G112/><T77/><D77/><U97/><E44/><V63/><F28/><W22/><G1/><T79/><D79/><U132/><E125/><V41/><F113/><W2/><G2/><T87/><D47/><U39/><E39/><V101/><F101/><W34/><G34/><T119/><D119/><U93/><E132/><V29/><F29/><W18/><G108/><T74/><D74/><U21/><E26/><V133/><F133/><W96/><G102/><T110/><D110/><U68/><E68/><V71/><F71/><W23/><G23/><T36/><D36/><U42/><E42/><V85/><F81/><W76/><G89/><T94/><D87/><U82/><E95/><V33/><F33/><W88/><G88/><T91/><D98/><U46/><E46/><V32/><F32/><W48/><REACH who="3" step="1"/><G43/><REACH who="3" ten="250,318,286,136" step="2"/><T109/><D109/><U107/><E115/><V65/><F41/><W62/><G62/><N who="0" m="36207" /><D35/><U129/><E3/><V7/><AGARI ba="0,1" hai="4,6,7,17,19,45,50,55,56,63,65,78,80,85" machi="7" ten="30,2000,0" yaku="0,1,8,1" doraHai="30" who="2" fromWho="2" sc="250,-10,318,-5,286,30,136,-5" /><INIT seed="5,0,0,3,4,34" ten="240,313,316,131" oya="1" hai0="55,57,90,117,51,97,18,24,87,40,25,66,115" hai1="74,125,76,120,75,130,37,96,22,41,1,67,44" hai2="118,69,79,16,71,8,116,92,54,111,36,100,23" hai3="83,104,7,3,31,89,38,70,35,52,2,86,82"/><U47/><E120/><V127/><F111/><W124/><G104/><T108/><D117/><U30/><E130/><V93/><F127/><W77/><G70/><T42/><D108/><U43/><E67/><V68/><F36/><W101/><G38/><T58/><D115/><U132/><E132/><V73/><F92/><W133/><G124/><T26/><D97/><U4/><E96/><V81/><F8/><W128/><G128/><T72/><D72/><U78/><E125/><V109/><F109/><W28/><G133/><T20/><D58/><U98/><E98/><V80/><F93/><W129/><G129/><T29/><D66/><U63/><E63/><V49/><F81/><W46/><G101/><T14/><REACH who="0" step="1"/><D29/><REACH who="0" ten="230,313,316,131" step="2"/><U62/><E30/><V27/><REACH who="2" step="1"/><F100/><REACH who="2" ten="230,313,306,131" step="2"/><W113/><G113/><T56/><D56/><AGARI ba="0,2" hai="16,23,27,49,54,56,68,69,71,73,79,80,116,118" machi="56" ten="40,5200,0" yaku="1,1,2,1,54,1,53,0" doraHai="34" doraHaiUra="122" who="2" fromWho="0" sc="230,-52,313,0,306,72,131,0" /><INIT seed="6,0,0,3,0,109" ten="178,313,378,131" oya="2" hai0="119,111,44,106,27,67,91,73,95,78,31,133,129" hai1="2,24,75,69,128,70,101,33,11,113,108,23,39" hai2="5,90,41,104,65,66,115,52,12,4,40,50,26" hai3="132,86,45,25,107,125,18,88,122,14,3,38,46"/><V85/><F104/><W53/><G122/><T60/><D111/><U124/><RYUUKYOKU type="yao9" ba="0,0" sc="178,0,313,0,378,0,131,0" hai1="2,11,23,24,33,39,69,70,75,101,108,113,124,128" /><INIT seed="6,1,0,1,5,117" ten="178,313,378,131" oya="2" hai0="40,96,87,101,44,8,13,107,35,20,48,63,82" hai1="86,98,102,76,83,42,22,25,128,68,14,41,18" hai2="131,135,7,92,37,43,81,120,69,124,12,116,30" hai3="129,103,108,31,15,77,93,121,90,111,112,84,130"/><V24/><F69/><W9/><G31/><T109/><D35/><U106/><E128/><N who="3" m="49258" /><G9/><T45/><D109/><N who="3" m="42057" /><G15/><T89/><D63/><U118/><E118/><V11/><F116/><W64/><G64/><T57/><D20/><U36/><E36/><V71/><F71/><W19/><G19/><T38/><D57/><U134/><E134/><V59/><F135/><W49/><G49/><T3/><D3/><U122/><E68/><V5/><F5/><W26/><G26/><T67/><D67/><U52/><E122/><V119/><F120/><W74/><G103/><T85/><D44/><U56/><REACH who="1" step="1"/><E14/><REACH who="1" ten="178,303,378,131" step="2"/><V127/><F131/><W88/><G121/><T27/><D13/><U10/><E10/><V105/><F119/><W46/><G112/><T104/><D8/><U1/><E1/><V16/><F37/><W94/><G46/><T55/><D45/><U75/><E75/><V34/><F11/><W54/><G74/><T100/><D38/><U72/><E72/><V60/><F12/><W78/><G54/><T17/><D55/><U99/><E99/><AGARI ba="1,1" hai="77,78,84,88,90,93,94,99" m="42057,49258" machi="99" ten="30,7700,0" yaku="19,1,34,2,54,1" doraHai="117" who="3" fromWho="1" sc="178,0,303,-80,378,0,131,90" /><INIT seed="7,0,0,1,4,131" ten="178,223,378,221" oya="3" hai0="68,42,59,25,102,63,9,74,103,44,129,2,4" hai1="20,13,104,101,98,38,19,60,85,8,97,18,107" hai2="91,114,31,113,134,100,45,40,112,99,79,47,118" hai3="76,69,27,34,122,120,67,119,133,43,12,80,126"/><W52/><G119/><T77/><D129/><U3/><E38/><V125/><F134/><W81/><G43/><T135/><D68/><U32/><E32/><V54/><F125/><W55/><G126/><T66/><D25/><U7/><E60/><V33/><F79/><W111/><G111/><T117/><D117/><U92/><E98/><V127/><F127/><W29/><G133/><T36/><REACH who="0" step="1"/><D135/><REACH who="0" ten="168,223,378,221" step="2"/><U24/><REACH who="1" step="1"/><E85/><REACH who="1" ten="168,213,378,221" step="2"/><V71/><F118/><W50/><G122/><T64/><D64/><U10/><AGARI ba="0,2" hai="3,7,8,10,13,18,19,20,24,92,97,101,104,107" machi="10" ten="20,5200,0" yaku="1,1,2,1,0,1,7,1,53,0" doraHai="131" doraHaiUra="26" who="1" fromWho="1" sc="168,-13,213,72,378,-13,221,-26" owari="155,-34.0,285,9.0,365,45.0,195,-20.0" /></mjloggm>