<mjloggm ver="2.3"><GO type="169" lobby="0"/><UN n0="%E3%82%B9%E3%83%86%E3%83%AB%E3%82%B9%6B%69%6E%6F" n1="%EF%BC%88%E2%89%A7%E2%96%BD%E2%89%A6%EF%BC%89" n2="%E3%82%B3%E3%83%AD%E3%83%A9%E3%83%89" n3="%E3%81%8B%E3%82%8A%E3%82%93%E3%81%95%E3%82%93" dan="17,19,17,17" rate="2173.80,2313.61,2208.65,2196.23" sx="F,M,M,F"/><TAIKYOKU oya="0"/><INIT seed="0,0,0,5,0,8" ten="250,250,250,250" oya="0" hai0="123,40,129,27,92,97,47,83,46,66,56,15,13" hai1="14,10,130,119,115,135,102,3,95,48,72,36,98" hai2="125,104,111,121,54,128,122,81,105,79,33,101,107" hai3="84,89,114,18,44,100,94,91,30,55,16,64,22"/><T126/><D123/><N who="2" m="47114" /><F54/><W0/><G114/><T52/><D129/><U75/><E36/><V106/><F33/><W62/><G0/><T124/><D66/><U93/><E119/><V57/><F57/><W23/><G100/><N who="0" m="60455" /><D27/><U7/><E115/><V51/><F51/><W61/><G30/><T45/><D83/><U120/><E120/><V19/><F19/><W82/><G44/><T9/><D9/><U109/><E130/><V34/><F34/><W60/><G55/><T67/><D67/><U65/><E65/><V37/><F37/><W116/><G116/><T50/><D40/><U76/><E3/><V90/><F128/><W131/><G131/><T2/><D2/><U43/><E43/><V88/><F125/><AGARI ba="0,0" hai="13,15,45,46,47,50,52,56,124,125,126" m="60455" machi="125" ten="30,11600,0" yaku="18,1,52,2,54,1" doraHai="8" who="0" fromWho="2" sc="250,116,250,0,250,-116,250,0" /><INIT seed="0,1,0,4,0,88" ten="366,250,134,250" oya="0" hai0="8,91,0,2,89,32,111,68,6,105,52,66,57" hai1="34,42,20,17,63,129,82,21,106,104,46,107,33" hai2="24,94,7,135,79,96,40,78,65,133,87,1,60" hai3="71,30,70,128,59,16,81,103,35,27,118,37,5"/><T109/><D105/><U86/><E129/><V124/><F124/><W112/><G112/><T67/><D32/><U3/><E3/><V53/><F40/><W95/><G118/><T14/><D2/><U61/><E61/><V121/><F121/><W41/><G128/><T98/><D0/><U55/><E55/><V131/><F131/><W18/><G5/><T122/><D122/><U119/><E63/><V28/><F53/><W4/><G4/><T47/><D47/><U64/><E64/><N who="0" m="24617" /><D98/><U73/><E73/><V49/><F49/><W12/><G59/><T19/><D19/><U26/><E21/><N who="2" m="15375" /><F87/><W92/><G18/><T134/><D134/><N who="2" m="51210" /><F7/><W117/><G117/><T132/><D68/><U75/><E75/><V31/><F31/><W23/><G71/><T11/><D11/><U43/><E119/><V9/><F9/><W85/><G70/><T29/><D29/><U25/><E34/><V83/><F1/><W39/><G103/><T38/><D38/><U100/><E100/><N who="2" m="60439" /><F83/><W125/><G125/><T22/><D22/><U58/><E33/><V102/><F102/><W101/><G101/><T36/><D36/><U126/><E126/><V56/><AGARI ba="1,0" hai="56,60,65,78,79" m="60439,51210,15375" machi="56" ten="30,4000,0" yaku="25,1,20,1,52,1" doraHai="88" who="2" fromWho="2" sc="366,-21,250,-11,134,43,250,-11" /><INIT seed="1,0,0,1,0,77" ten="345,239,177,239" oya="1" hai0="29,121,119,114,134,80,28,131,120,87,47,65,97" hai1="130,104,51,52,125,7,105,38,36,9,107,89,101" hai2="68,110,92,90,34,126,128,108,115,54,12,124,111" hai3="76,22,8,17,64,41,132,39,61,118,117,102,112"/><U35/><E35/><V56/><F68/><W66/><G112/><T6/><D119/><U81/><E101/><V5/><F34/><W3/><G132/><T94/><D114/><U11/><E125/><N who="2" m="48235" /><F115/><W26/><G102/><N who="0" m="60727" /><D131/><U91/><E130/><V67/><F67/><W96/><G96/><T63/><D47/><U73/><E89/><V46/><F46/><W50/><G39/><T113/><D6/><U98/><E98/><N who="2" m="57623" /><F128/><W70/><G64/><T109/><D109/><U18/><E18/><V85/><F85/><W57/><G41/><T133/><D113/><U93/><E93/><V16/><F5/><W0/><G118/><T30/><D65/><U103/><E103/><V37/><F37/><W82/><G117/><T19/><D19/><U13/><E11/><N who="2" m="6175" /><F111/><W32/><G8/><T62/><D134/><U83/><E73/><V78/><F78/><W48/><G32/><T55/><D133/><U86/><REACH who="1" step="1"/><E81/><REACH who="1" ten="345,229,177,239" step="2"/><V20/><F20/><W75/><G70/><T25/><D80/><U14/><E14/><V127/><F127/><W59/><G82/><T4/><D4/><U84/><E84/><V69/><F69/><W27/><G75/><T44/><D87/><U10/><E10/><V49/><AGARI ba="0,1" hai="49,54,56,108,110" m="6175,57623,48235" machi="49" ten="30,2000,0" yaku="18,1,54,1" doraHai="77" who="2" fromWho="2" sc="345,-5,229,-10,177,30,239,-5" /><INIT seed="2,0,0,0,5,119" ten="340,219,207,234" oya="2" hai0="41,48,32,76,53,35,112,21,26,61,38,101,15" hai1="37,46,118,50,66,4,81,121,2,43,72,104,97" hai2="55,10,124,88,57,133,78,47,42,93,40,58,122" hai3="20,94,129,29,106,36,125,100,80,123,132,74,71"/><V126/><F133/><W14/><G29/><T33/><D112/><U24/><E24/><V25/><F78/><W67/><G67/><T27/><D76/><N who="1" m="44167" /><E50/><N who="2" m="30967" /><F25/><W130/><G20/><T86/><D61/><U68/><E118/><V116/><F116/><W108/><G14/><T18/><D41/><U115/><E115/><V120/><F58/><W109/><G36/><T114/><D38/><U5/><E5/><V82/><F82/><W107/><G71/><T92/><D114/><U117/><E117/><V103/><F103/><W13/><G13/><T11/><D101/><N who="1" m="62511" /><E121/><V22/><F22/><W105/><G123/><N who="2" m="47145" /><F47/><W44/><G44/><T9/><D27/><U7/><E7/><V1/><F10/><W110/><G132/><T63/><D26/><U75/><E75/><V52/><F52/><W65/><G65/><T87/><D63/><N who="1" m="40031" /><E4/><V39/><F39/><W64/><G64/><T51/><D51/><U113/><E113/><V99/><F1/><AGARI ba="0,0" hai="1,2,37,43,46" m="40031,62511,44167" machi="1" ten="30,2000,0" yaku="33,2" doraHai="119" who="1" fromWho="2" sc="340,0,219,20,207,-20,234,0" /><INIT seed="3,0,0,3,4,115" ten="340,239,187,234" oya="3" hai0="6,112,14,89,29,119,109,67,62,11,49,32,55" hai1="22,65,60,123,97,92,41,30,77,45,122,76,54" hai2="81,105,132,95,40,23,99,44,131,69,134,85,48" hai3="16,18,25,98,27,93,101,72,111,80,2,117,128"/><W94/><G2/><T61/><D109/><U59/><E122/><V4/><F69/><W91/><G128/><T19/><D112/><U108/><E108/><V26/><F105/><W96/><G111/><T39/><D39/><U36/><E123/><V10/><F131/><W103/><G72/><T37/><D37/><U66/><E66/><V53/><F53/><W107/><G80/><T88/><D119/><U58/><E30/><V13/><F95/><W113/><G113/><T7/><D29/><U126/><E126/><V38/><F99/><W84/><REACH who="3" step="1"/><G117/><REACH who="3" ten="340,239,187,224" step="2"/><T86/><D32/><U73/><E73/><V82/><F82/><W0/><G0/><T34/><D34/><U56/><E76/><V33/><F33/><W110/><G110/><T21/><D67/><U133/><E77/><V51/><F132/><W125/><G125/><T71/><D71/><U52/><E133/><V31/><F134/><W106/><G106/><T124/><D124/><U79/><E79/><AGARI ba="0,1" hai="4,10,13,23,26,31,38,40,44,48,51,79,81,85" machi="79" ten="30,1000,0" yaku="7,1" doraHai="115" who="2" fromWho="1" sc="340,0,239,-10,187,20,224,0" /><INIT seed="4,0,0,2,5,26" ten="340,229,207,224" oya="0" hai0="53,60,71,46,100,39,50,120,79,105,72,128,68" hai1="119,62,31,94,59,135,36,65,35,93,8,84,15" hai2="97,133,85,125,124,77,38,134,80,109,106,37,24" hai3="52,47,104,123,21,42,91,34,22,40,43,41,87"/><T127/><D120/><U49/><E36/><V3/><F3/><W9/><G104/><T129/><D127/><N who="2" m="48714" /><F24/><W69/><G69/><T48/><D39/><N who="2" m="14858" /><F109/><W90/><G34/><T32/><D32/><U19/><E119/><V96/><F106/><W20/><G123/><T132/><D132/><AGARI ba="0,0" hai="77,80,85,96,97,132,133,134" m="14858,48714" machi="132" ten="40,2600,0" yaku="20,1,18,1" doraHai="26" who="2" fromWho="0" sc="340,-26,229,0,207,26,224,0" /><INIT seed="5,0,0,2,4,5" ten="314,229,233,224" oya="1" hai0="24,75,46,31,134,51,93,122,85,131,58,49,109" hai1="98,50,76,133,53,47,14,84,119,18,123,65,66" hai2="77,32,62,71,35,117,108,102,95,17,69,60,135" hai3="116,2,45,23,15,87,106,30,13,22,64,104,20"/><U34/><E123/><V57/><F108/><W72/><G72/><T6/><D75/><U68/><E119/><V90/><F117/><W52/><G116/><T73/><D109/><U127/><E34/><V10/><F102/><W113/><G113/><T4/><D73/><U0/><E0/><V118/><F118/><W11/><G30/><T132/><D122/><U43/><E133/><N who="0" m="51305" /><D131/><U70/><E127/><V81/><F135/><W121/><G121/><T36/><D36/><U100/><E70/><V97/><F71/><W129/><G129/><T63/><D93/><N who="1" m="58447" /><E68/><V33/><F69/><W7/><G64/><N who="1" m="24682" /><E84/><V92/><F57/><W94/><G104/><T48/><D85/><U80/><E80/><V101/><F81/><W124/><G106/><T88/><D46/><U29/><E29/><V110/><F110/><W96/><G124/><T21/><D58/><U25/><E25/><V103/><F92/><W128/><G87/><T9/><D63/><U55/><E76/><V107/><F77/><W74/><G74/><T120/><D120/><U28/><E28/><V89/><F62/><W12/><G128/><T83/><D83/><U112/><E112/><V59/><F60/><W16/><G94/><T19/><D31/><U67/><N who="1" m="24690" /><U3/><DORA hai="78" /><E3/><V91/><F59/><W125/><G125/><T26/><D26/><U105/><E105/><V8/><F33/><W82/><G82/><T130/><D130/><U115/><E115/><V38/><F38/><W86/><G86/><T27/><D27/><U56/><E56/><V41/><F35/><W54/><G2/><RYUUKYOKU ba="0,0" sc="314,-10,229,30,233,-10,224,-10" hai1="14,18,43,47,50,53,55" /><INIT seed="5,1,0,3,2,69" ten="304,259,223,214" oya="1" hai0="102,1,24,62,4,21,17,99,19,26,74,43,126" hai1="42,112,25,133,111,33,132,60,36,12,83,92,73" hai2="119,128,65,27,38,61,30,56,108,47,57,29,51" hai3="50,91,77,64,23,15,135,75,10,79,7,96,101"/><U100/><E112/><V18/><F108/><W71/><G135/><N who="1" m="51786" /><E111/><V3/><F119/><W44/><G75/><T37/><D74/><U32/><E12/><V84/><F3/><W76/><G91/><T95/><D126/><U97/><E60/><N who="2" m="38023" /><F38/><W28/><G71/><T107/><D62/><U129/><E129/><V122/><F122/><W115/><G64/><T104/><D4/><U106/><E92/><V103/><F103/><W131/><G131/><T68/><D68/><U105/><E25/><V117/><F117/><W40/><G115/><T86/><D1/><U134/><E106/><V121/><F121/><W70/><G70/><T41/><D86/><U16/><E16/><V89/><F18/><W54/><G28/><T93/><D107/><U87/><E134/><V85/><F27/><W81/><G23/><T13/><D26/><U9/><E9/><V110/><F110/><W118/><G118/><T11/><REACH who="0" step="1"/><D43/><REACH who="0" ten="294,259,223,214" step="2"/><U72/><E72/><V88/><F128/><W49/><G40/><T34/><D34/><U45/><E73/><V114/><F114/><W116/><G116/><T0/><D0/><U35/><E32/><V80/><F61/><W113/><G113/><T55/><D55/><U52/><E52/><N who="2" m="29823" /><F57/><W82/><G54/><T14/><D14/><U46/><E46/><AGARI ba="1,1" hai="11,13,17,19,21,24,37,41,46,93,95,99,102,104" machi="46" ten="40,2600,0" yaku="1,1,52,1,53,0" doraHai="69" doraHaiUra="78" who="0" fromWho="1" sc="294,39,259,-29,223,0,214,0" /><INIT seed="6,0,0,5,5,101" ten="333,230,223,214" oya="2" hai0="42,88,103,74,135,26,32,85,92,17,12,117,34" hai1="2,49,23,75,8,122,118,39,112,61,119,18,59" hai2="83,87,104,36,1,31,25,89,63,128,58,91,9" hai3="73,37,13,98,27,43,114,71,66,96,14,106,51"/><V29/><F36/><W35/><G73/><T109/><D74/><U67/><E39/><V108/><F128/><W90/><G37/><T62/><D109/><U33/><E33/><V11/><F108/><W6/><G6/><T10/><D42/><U80/><E122/><V44/><F44/><W68/><G114/><T22/><D135/><U30/><E112/><V20/><F1/><W7/><G7/><T65/><D103/><U93/><E30/><V100/><F31/><W55/><G43/><T115/><D115/><U97/><E8/><V64/><REACH who="2" step="1"/><F91/><REACH who="2" ten="333,230,213,214" step="2"/><W21/><G90/><T99/><D88/><U102/><E2/><V77/><F77/><W111/><G111/><T48/><D117/><U129/><E129/><V105/><F105/><W0/><G106/><T127/><D34/><U72/><E118/><V47/><F47/><W52/><G0/><T130/><D32/><U4/><E119/><V107/><F107/><W124/><G35/><T95/><D130/><U40/><E102/><V84/><F84/><W134/><G96/><AGARI ba="0,1" hai="9,11,20,25,29,58,63,64,83,87,89,96,100,104" machi="96" ten="40,7700,0" yaku="1,1,52,1,53,1" doraHai="101" doraHaiUra="56" who="2" fromWho="3" sc="333,0,230,0,213,87,214,-77" /><INIT seed="6,1,0,0,1,20" ten="333,230,300,137" oya="2" hai0="46,58,54,131,119,30,86,105,112,1,121,101,21" hai1="44,32,27,60,25,16,107,26,91,73,109,15,92" hai2="114,42,0,57,97,103,40,133,14,59,48,29,8" hai3="84,75,108,36,113,80,49,51,33,67,88,125,55"/><V37/><F0/><W93/><G36/><T34/><D34/><U10/><E107/><V17/><F37/><W118/><G118/><T111/><D111/><U96/><E109/><V31/><F114/><W124/><G108/><T126/><D1/><U115/><E115/><V68/><F68/><W47/><G113/><T116/><D121/><U18/><E73/><V76/><F133/><W7/><G67/><T134/><D112/><U11/><E44/><V72/><F76/><W5/><G33/><T100/><D134/><U90/><E32/><V50/><F72/><W9/><G51/><N who="2" m="19497" /><F97/><W28/><G28/><N who="2" m="10825" /><F103/><W130/><G130/><T3/><D131/><U83/><E60/><V79/><F79/><W127/><REACH who="3" step="1"/><G9/><REACH who="3" ten="333,230,300,127" step="2"/><N who="1" m="3082" /><E15/><V132/><F132/><W56/><G56/><AGARI ba="1,1" hai="8,14,17,40,42,56,57,59" m="10825,19497" machi="56" ten="30,1500,0" yaku="8,1" doraHai="20" who="2" fromWho="3" sc="333,0,230,0,300,28,127,-18" /><INIT seed="6,2,0,2,4,122" ten="333,230,328,109" oya="2" hai0="22,38,11,44,108,76,2,0,109,25,27,47,101" hai1="132,20,115,126,98,89,66,80,70,67,43,48,35" hai2="86,81,99,82,118,106,15,42,117,61,119,96,133" hai3="58,59,83,13,127,97,46,31,17,87,4,105,102"/><V50/><F61/><W110/><G110/><T114/><D101/><U72/><E35/><V41/><F15/><W92/><G31/><T63/><D63/><U6/><E70/><V124/><F50/><W85/><G4/><T95/><D95/><N who="1" m="56687" /><E72/><V68/><F68/><W16/><G127/><T128/><D76/><U40/><E132/><V135/><F124/><W123/><G123/><T90/><D90/><U129/><E115/><V113/><F113/><W65/><G17/><T93/><D93/><U100/><E100/><N who="2" m="62727" /><F99/><W116/><G116/><T23/><D114/><U56/><E66/><V34/><F34/><W121/><G121/><T33/><D33/><U84/><E6/><V39/><F39/><W60/><G105/><T79/><D79/><U69/><E67/><V21/><F21/><W19/><G19/><T32/><D32/><U1/><E69/><V53/><F53/><W29/><G29/><T73/><D38/><U14/><E20/><V18/><F18/><W3/><G3/><T49/><D49/><U112/><E1/><V10/><F10/><W64/><G46/><T111/><D111/><U57/><E112/><V78/><F82/><W12/><G83/><T107/><D107/><U24/><E80/><V74/><F86/><N who="3" m="32779" /><G16/><T130/><D11/><U26/><E84/><V37/><F37/><W51/><G51/><T7/><D7/><U71/><E48/><V30/><F30/><W125/><G125/><T94/><D94/><U9/><E126/><V131/><F131/><W91/><G102/><T36/><D36/><U120/><E120/><V28/><F28/><RYUUKYOKU ba="2,0" sc="333,10,230,-30,328,10,109,10" hai0="0,2,22,23,25,27,44,47,73,108,109,128,130" hai2="41,42,74,78,81,117,118,119,133,135" hai3="12,13,58,59,60,64,65,91,92,97" /><INIT seed="6,3,0,0,1,90" ten="343,200,338,119" oya="2" hai0="122,130,6,125,98,11,42,99,38,114,10,35,63" hai1="108,126,94,15,54,104,75,85,127,82,78,81,89" hai2="115,51,124,112,60,95,84,79,70,0,66,1,118" hai3="86,18,102,92,17,96,61,29,13,110,32,117,80"/><V8/><F118/><W100/><G110/><T43/><D122/><U120/><E108/><V24/><F124/><N who="1" m="47657" /><E120/><V65/><F65/><W57/><G117/><T4/><D35/><U72/><E15/><V109/><F109/><W131/><G131/><T135/><D125/><U49/><E104/><V53/><F24/><W37/><G37/><T21/><D21/><U128/><E128/><V132/><F132/><W123/><G123/><T73/><D73/><N who="1" m="28235" /><E78/><V71/><F71/><W59/><G102/><T88/><D130/><U133/><E133/><V116/><F116/><W58/><G13/><T22/><D22/><U67/><E67/><V46/><F8/><W45/><G61/><T129/><D63/><U23/><E23/><V91/><REACH who="2" step="1"/><F79/><REACH who="2" ten="343,200,328,119" step="2"/><W74/><G74/><T3/><D135/><U93/><E82/><V20/><F20/><W105/><G32/><T56/><D129/><U14/><E14/><V69/><F69/><W52/><G29/><T64/><D64/><U34/><E34/><V47/><F47/><AGARI ba="3,1" hai="47,49,54,81,85,89,93,94" m="28235,47657" machi="47" ten="30,3900,0" yaku="18,1,52,2" doraHai="90" who="1" fromWho="2" sc="343,0,200,58,328,-48,119,0" /><INIT seed="7,0,0,3,5,43" ten="343,258,280,119" oya="3" hai0="124,116,20,9,14,7,110,107,84,15,130,125,92" hai1="88,1,114,99,57,77,66,8,18,79,111,25,3" hai2="47,61,54,121,134,65,96,100,82,75,28,31,119" hai3="71,58,16,21,98,19,118,59,32,80,127,109,91"/><W74/><G118/><T115/><D110/><U34/><E111/><V72/><F119/><W63/><G109/><T49/><D107/><U129/><E129/><V62/><F134/><W95/><G32/><T26/><D130/><U106/><E114/><V89/><F121/><W53/><G127/><T135/><D135/><U40/><E106/><V103/><F89/><W83/><G71/><T51/><D15/><N who="1" m="7527" /><E1/><V13/><F13/><W97/><G74/><T120/><D120/><U76/><E3/><V81/><F47/><W94/><G59/><T2/><D14/><U68/><E40/><V41/><F41/><W38/><G38/><T122/><D51/><U133/><E68/><V112/><F54/><W55/><G55/><T60/><D60/><N who="1" m="38159" /><E34/><V70/><F70/><W50/><G50/><T69/><D26/><U10/><E10/><V17/><F65/><W4/><G4/><T93/><D84/><U29/><E29/><V33/><F33/><W30/><G30/><T12/><D20/><U27/><E133/><V56/><F112/><W132/><G132/><T105/><D93/><AGARI ba="0,0" hai="25,27,76,77,79,88,93,99" m="38159,7527" machi="93" ten="30,2000,0" yaku="8,1,54,1" doraHai="43" who="1" fromWho="0" sc="343,-20,258,20,280,0,119,0" owari="323,42.0,278,-12.0,280,8.0,119,-38.0" /></mjloggm>