<mjloggm ver="2.3"><GO type="169" lobby="0"/><UN n0="%E3%82%A6%E3%83%AB%E3%83%88%E3%83%A9%E7%AB%8B%E7%9B%B4" n1="%E6%9C%88%E9%95%B7%E7%9F%B3" n2="%E6%82%A0%E9%9B%85" n3="%E6%9C%88%E5%8D%83%E4%B8%80%E5%A4%9C" dan="16,16,17,16" rate="2025.86,2039.76,2085.27,2128.14" sx="M,M,M,F"/><TAIKYOKU oya="0"/><INIT seed="0,0,0,4,2,131" ten="250,250,250,250" oya="0" hai0="109,35,81,24,79,28,53,13,128,123,14,10,119" hai1="75,44,72,84,1,104,63,133,59,102,130,101,34" hai2="126,70,3,6,114,21,121,18,17,23,98,88,15" hai3="20,43,69,80,96,8,54,115,95,64,66,29,45"/><T62/><D123/><U12/><E34/><V107/><F121/><W41/><G115/><T38/><D119/><U5/><E1/><V67/><F114/><W108/><G108/><T134/><D38/><U127/><E130/><V103/><F126/><W117/><G117/><T46/><D128/><U32/><E127/><V51/><F70/><W113/><G8/><T26/><D109/><U58/><E32/><V36/><F36/><W91/><G69/><T112/><D112/><U52/><E44/><V122/><F122/><W31/><G80/><T93/><D26/><U9/><E133/><V116/><F67/><W16/><G54/><T40/><D134/><U0/><E0/><V37/><F37/><W7/><G7/><T118/><D118/><U111/><E111/><V135/><F135/><W124/><G113/><T94/><D14/><U97/><E101/><V61/><F61/><W27/><G124/><T77/><D77/><U132/><E132/><V85/><F116/><W47/><G47/><T68/><D68/><U19/><E5/><V39/><F39/><W92/><G92/><T86/><D40/><N who="3" m="15433" /><G45/><T74/><D74/><U33/><E33/><V48/><F6/><W129/><G129/><T57/><REACH who="0" step="1"/><D46/><REACH who="0" ten="240,250,250,250" step="2"/><U125/><E125/><V22/><F3/><W82/><G29/><T106/><D106/><U71/><E71/><V99/><F15/><W60/><G31/><T105/><D105/><U50/><E72/><V55/><F107/><W2/><G2/><T120/><D120/><U42/><E75/><V78/><F78/><W4/><G27/><T83/><D83/><RYUUKYOKU ba="0,1" sc="240,30,250,-10,250,-10,250,-10" hai0="10,13,24,28,35,53,57,62,79,81,86,93,94" /><INIT seed="0,1,1,4,4,114" ten="270,240,240,240" oya="0" hai0="68,11,104,28,60,92,122,59,79,48,4,5,33" hai1="39,108,128,126,38,94,109,118,107,87,13,54,42" hai2="24,10,132,12,70,17,58,77,135,75,50,119,125" hai3="129,124,25,32,57,90,69,74,111,91,45,99,26"/><T15/><D104/><U73/><E107/><V3/><F70/><W2/><G111/><N who="1" m="42570" /><E73/><V51/><F3/><W67/><G74/><T1/><D122/><U93/><E126/><V105/><F105/><W23/><G124/><T120/><D120/><U117/><E128/><V103/><F103/><W41/><G2/><T16/><D79/><U40/><E54/><V8/><F125/><W86/><G69/><T106/><D106/><U95/><E13/><V66/><F77/><W9/><G32/><T100/><D28/><U31/><E87/><V121/><F75/><W52/><G67/><T127/><D33/><U21/><E21/><V30/><F121/><W62/><G9/><T64/><D127/><U76/><E76/><V14/><F14/><W85/><G99/><T7/><D1/><U19/><E19/><V133/><F10/><W123/><G129/><T83/><D83/><U0/><E0/><V134/><F135/><W18/><G26/><T29/><D29/><U112/><E31/><V130/><F130/><W81/><G123/><T46/><D68/><U37/><E112/><V27/><F27/><W36/><G86/><T49/><REACH who="0" step="1"/><D46/><REACH who="0" ten="260,240,240,240" step="2"/><U43/><AGARI ba="1,2" hai="37,38,39,40,42,43,93,94,95,117,118" m="42570" machi="43" ten="50,12000,2" yaku="29,2,28,2,14,1,52,2" doraHai="114" who="1" fromWho="1" sc="260,-61,240,143,240,-31,240,-31" /><INIT seed="1,0,0,0,4,127" ten="199,383,209,209" oya="1" hai0="59,57,126,75,28,84,119,46,48,99,32,29,104" hai1="67,107,70,47,27,26,114,129,38,64,49,89,120" hai2="45,52,76,83,33,133,10,18,116,100,73,79,95" hai3="78,88,35,65,51,96,37,69,135,77,6,55,124"/><U14/><E107/><V87/><F116/><W108/><G108/><T42/><D75/><U86/><E38/><V0/><F33/><W132/><G37/><T110/><D119/><U30/><E120/><V56/><F133/><N who="3" m="51275" /><G35/><T118/><D118/><U34/><E114/><V61/><F73/><W74/><G74/><T81/><D110/><U3/><E3/><V19/><F76/><W85/><G96/><T21/><D126/><U103/><E103/><V5/><REACH who="2" step="1"/><F45/><REACH who="2" ten="199,383,199,209" step="2"/><W91/><G78/><T11/><D32/><U8/><E34/><V130/><F130/><W31/><G77/><T23/><D46/><U112/><E129/><V9/><F9/><W113/><G124/><T44/><D11/><U12/><E8/><V43/><F43/><W105/><G113/><T125/><D125/><U92/><E112/><V54/><F54/><W134/><G55/><T16/><D21/><U102/><E47/><V68/><F68/><W71/><G69/><T24/><D57/><U115/><E70/><V39/><F39/><W80/><G71/><T1/><D59/><U60/><E115/><V90/><F90/><W53/><G91/><T94/><D44/><U72/><E89/><V36/><F36/><W122/><G88/><T109/><D42/><U93/><E72/><V62/><F62/><W20/><G53/><T58/><D23/><U128/><E60/><V66/><F66/><W25/><G65/><T101/><D109/><U40/><E128/><V22/><F22/><W2/><G20/><T63/><D63/><U7/><E67/><V131/><F131/><W41/><G134/><RYUUKYOKU ba="0,1" sc="199,-10,383,-10,199,30,209,-10" hai2="0,5,10,18,19,52,56,61,79,83,87,95,100" /><INIT seed="2,1,1,0,3,73" ten="189,373,229,199" oya="2" hai0="18,82,83,0,112,85,13,93,43,119,12,34,124" hai1="14,86,23,71,113,4,26,117,63,47,55,58,105" hai2="50,129,27,49,57,132,109,59,104,74,9,53,35" hai3="102,134,10,120,64,15,66,116,1,78,128,108,70"/><V41/><F104/><W96/><G116/><T5/><D0/><U16/><E105/><V125/><F125/><W97/><G120/><T92/><D34/><U48/><E71/><V95/><F132/><W22/><G108/><T65/><D112/><U7/><E117/><V114/><F114/><W45/><G128/><T21/><D124/><U121/><E121/><V133/><F133/><W123/><G123/><T30/><D30/><U3/><E3/><V110/><F129/><W127/><G70/><T67/><D43/><U28/><E86/><V88/><F74/><W38/><G1/><T33/><D33/><U94/><E94/><N who="0" m="36457" /><D119/><U44/><E44/><N who="2" m="25743" /><F9/><W11/><G10/><N who="0" m="4175" /><D83/><U37/><E37/><V135/><F135/><W17/><G38/><T2/><D2/><U101/><E101/><V131/><F131/><W89/><G102/><T46/><D46/><U90/><E90/><AGARI ba="1,1" hai="13,18,21,65,67,82,85,90" m="4175,36457" machi="90" ten="30,1000,0" yaku="8,1" doraHai="73" who="0" fromWho="1" sc="189,23,373,-13,229,0,199,0" /><INIT seed="3,0,0,4,4,82" ten="212,360,229,199" oya="3" hai0="32,17,26,15,63,117,61,14,102,134,86,95,54" hai1="83,59,18,22,111,113,106,7,90,128,3,88,52" hai2="67,71,105,70,76,10,46,2,98,64,0,38,110" hai3="89,29,11,119,115,24,55,25,45,51,65,50,16"/><W80/><G115/><T85/><D32/><U84/><E106/><V40/><F110/><W56/><G119/><T1/><D1/><U107/><E111/><V129/><F129/><W20/><G65/><T131/><D117/><U96/><E128/><V43/><F43/><W122/><G122/><T72/><D72/><U39/><E39/><V23/><F23/><N who="3" m="13415" /><G11/><T81/><D131/><U91/><E7/><V37/><F37/><W19/><G29/><T47/><D134/><U126/><E3/><V124/><F124/><W73/><G73/><T78/><D102/><U41/><E41/><V104/><F64/><W108/><G108/><T135/><D135/><U34/><E34/><V27/><F27/><W68/><G68/><T36/><D26/><U9/><E9/><V132/><F132/><W93/><G80/><N who="0" m="47255" /><D95/><U49/><E126/><V42/><F104/><W92/><G89/><N who="0" m="51407" /><D36/><U62/><E113/><V99/><F105/><W77/><G77/><T6/><D6/><U4/><E4/><V114/><F76/><W60/><G60/><N who="0" m="23115" /><D17/><U66/><E107/><V103/><F114/><W133/><G133/><T44/><D54/><AGARI ba="0,0" hai="19,20,25,45,50,51,54,55,56,92,93" m="13415" machi="54" ten="30,2900,0" yaku="8,1,54,1" doraHai="82" who="3" fromWho="0" sc="212,-29,360,0,229,0,199,29" /><INIT seed="3,1,0,1,0,80" ten="183,360,229,228" oya="3" hai0="5,117,75,73,58,22,63,92,24,33,23,78,72" hai1="108,95,132,62,124,35,121,54,37,68,83,127,4" hai2="116,77,115,66,49,129,20,118,61,135,11,50,90" hai3="16,122,102,101,125,19,106,98,94,79,51,39,21"/><W2/><G122/><T103/><D117/><U128/><E121/><V46/><F115/><W60/><G39/><T67/><D78/><U17/><E35/><V56/><F77/><W89/><G2/><T38/><D38/><U31/><E37/><V32/><F32/><W13/><G125/><T100/><D33/><U48/><E83/><V74/><F74/><W64/><G79/><T69/><D5/><U55/><E31/><V65/><F11/><W109/><G109/><T85/><D69/><U107/><E4/><V76/><F76/><W70/><G106/><T34/><D34/><U113/><E17/><V104/><F104/><W133/><G133/><T93/><D93/><U3/><E95/><V114/><F135/><W40/><REACH who="3" step="1"/><G19/><REACH who="3" ten="183,360,229,218" step="2"/><T120/><D120/><U82/><E107/><V25/><F116/><W29/><G29/><T131/><D73/><U126/><E132/><V111/><F118/><W96/><G96/><T123/><D75/><U86/><E3/><V110/><F110/><W84/><G84/><T59/><D72/><U1/><E108/><V45/><F111/><W97/><G97/><T12/><D123/><U28/><E1/><V26/><F114/><W43/><G43/><T10/><D85/><U15/><E28/><V130/><F130/><W105/><G105/><T91/><D131/><U119/><E128/><V9/><F129/><W99/><G99/><T112/><D112/><U81/><E113/><V18/><F18/><W53/><G53/><T7/><D103/><U57/><E55/><V52/><F52/><W71/><G71/><T8/><D100/><RYUUKYOKU ba="1,1" sc="183,-10,360,-10,229,-10,218,30" hai3="13,16,21,40,51,60,64,70,89,94,98,101,102" /><INIT seed="3,2,1,2,1,119" ten="173,350,219,248" oya="3" hai0="71,49,82,112,34,23,113,25,78,125,42,73,105" hai1="15,96,52,67,88,121,35,131,2,40,33,44,19" hai2="133,5,124,37,30,28,98,43,60,17,53,36,101" hai3="91,107,106,93,127,97,72,92,54,58,22,48,41"/><W103/><G72/><T79/><D105/><U6/><E2/><V109/><F5/><W24/><G127/><T27/><D71/><U85/><E6/><V55/><F124/><W117/><G41/><T118/><D125/><U20/><E121/><V123/><F123/><W31/><REACH who="3" step="1"/><G117/><REACH who="3" ten="173,350,219,238" step="2"/><T132/><D118/><U12/><E40/><V126/><F43/><W7/><G7/><T21/><D42/><U39/><E131/><V59/><F126/><W8/><G8/><T32/><D73/><U114/><E114/><V38/><F38/><W3/><G3/><T99/><D113/><U4/><E39/><V86/><F36/><W81/><G81/><T128/><D82/><U74/><E4/><V130/><F37/><W129/><G129/><T104/><D112/><U13/><E74/><V14/><F130/><W84/><AGARI ba="2,2" hai="22,24,31,48,54,58,84,91,92,93,97,103,106,107" machi="84" ten="20,3900,0" yaku="1,1,0,1,7,1,53,0" doraHai="119" doraHaiUra="122" who="3" fromWho="3" sc="173,-15,350,-15,219,-15,238,65" /><INIT seed="3,3,0,1,4,62" ten="158,335,204,303" oya="3" hai0="131,128,93,129,135,25,108,67,30,123,122,69,11" hai1="8,79,109,74,57,132,31,10,4,6,124,39,5" hai2="54,84,110,41,120,45,88,47,42,51,116,86,71" hai3="19,46,100,24,75,126,38,58,73,78,36,3,81"/><W127/><G3/><T121/><D93/><U107/><E107/><V60/><F116/><W111/><G111/><T37/><D37/><U12/><E109/><V15/><F110/><W66/><G100/><T113/><D108/><U119/><E39/><V9/><F120/><W95/><G75/><T80/><D80/><U16/><E79/><V28/><F28/><W89/><G46/><T18/><D69/><U14/><E74/><V61/><F84/><W76/><G76/><T40/><D40/><U27/><E57/><V26/><F26/><W90/><G90/><T72/><D72/><U118/><E124/><N who="3" m="47658" /><G19/><T130/><N who="0" m="32768" /><DORA hai="50" /><T33/><D67/><U23/><E132/><V59/><F71/><W68/><G24/><T64/><D64/><U70/><E70/><V112/><F112/><W134/><G68/><T103/><D103/><U115/><E115/><V63/><F41/><W87/><G134/><T2/><D135/><U98/><E98/><V44/><F42/><W133/><G133/><T96/><D96/><U7/><AGARI ba="3,0" hai="4,5,6,7,8,10,12,14,16,23,27,31,118,119" machi="7" ten="30,8000,1" yaku="0,1,34,3,54,1" doraHai="62,50" who="1" fromWho="1" sc="158,-23,335,89,204,-23,303,-43" /><INIT seed="4,0,0,4,4,67" ten="135,424,181,260" oya="0" hai0="127,18,112,106,38,115,72,116,49,92,19,17,79" hai1="124,129,9,89,6,53,47,86,35,39,57,28,12" hai2="44,78,93,91,77,55,121,33,123,22,58,110,118" hai3="48,66,3,4,0,63,60,5,51,14,13,103,90"/><T102/><D38/><U87/><E124/><V119/><F33/><W80/><G66/><T36/><D36/><U56/><E129/><V75/><F22/><W83/><REACH who="3" step="1"/><G90/><REACH who="3" ten="135,424,181,250" step="2"/><T37/><D37/><U117/><E39/><V84/><F123/><W133/><G133/><T59/><D116/><U85/><E117/><V21/><F121/><W73/><G73/><T68/><D127/><U95/><E35/><V43/><F118/><W109/><G109/><T15/><D72/><U69/><E69/><V108/><F119/><W104/><G104/><T134/><D106/><U100/><E100/><AGARI ba="0,1" hai="0,3,4,5,13,14,48,51,60,63,80,83,100,103" machi="100" ten="25,3200,0" yaku="1,1,22,2,53,0" doraHai="67" doraHaiUra="27" who="3" fromWho="1" sc="135,0,424,-32,181,0,250,42" /><INIT seed="5,0,0,3,1,17" ten="135,392,181,292" oya="1" hai0="89,101,51,126,40,119,98,64,110,42,76,37,52" hai1="85,39,70,66,111,59,27,79,48,135,132,95,84" hai2="47,105,86,57,24,116,71,75,11,2,54,74,43" hai3="107,91,134,0,65,58,9,120,44,22,82,100,108"/><U124/><E111/><V125/><F116/><W78/><G108/><T112/><D110/><U93/><E39/><V36/><F105/><W18/><G120/><T8/><D119/><U73/><E124/><V34/><F125/><W117/><G134/><N who="1" m="51242" /><E73/><V118/><F118/><W53/><G91/><T61/><D126/><U88/><E70/><V128/><F128/><W50/><G100/><T87/><D112/><U6/><E6/><V55/><F55/><W30/><G107/><T29/><D76/><U19/><E79/><V20/><F34/><W10/><G30/><T23/><D8/><U103/><E103/><V41/><F41/><W7/><G10/><T45/><D37/><U67/><E84/><V127/><F71/><W32/><G32/><T26/><D87/><U90/><E90/><V80/><F127/><W92/><G92/><N who="0" m="58567" /><D89/><U121/><E93/><V106/><F106/><W4/><G4/><T104/><D104/><U122/><E121/><V97/><F97/><W81/><G117/><T3/><D3/><U113/><E122/><V15/><F2/><W16/><G78/><T46/><D46/><U62/><E113/><V35/><F35/><W133/><G133/><T115/><D115/><U31/><E85/><V69/><F86/><W96/><G96/><T72/><D72/><U129/><E88/><V77/><F75/><W56/><G81/><T49/><D49/><U21/><E48/><N who="2" m="30919" /><F80/><W83/><G82/><T114/><D114/><U60/><E95/><V94/><F94/><W130/><G83/><T28/><D28/><U5/><E129/><V33/><F77/><RYUUKYOKU ba="0,0" sc="135,30,392,-10,181,-10,292,-10" hai0="23,26,29,40,42,45,51,52,61,64" /><INIT seed="6,1,0,0,3,53" ten="165,382,171,282" oya="2" hai0="83,110,82,60,32,127,78,7,77,97,134,35,73" hai1="132,3,72,96,105,123,22,112,133,1,63,67,130" hai2="116,65,41,108,98,120,69,26,28,107,44,48,61" hai3="36,99,91,76,18,42,129,68,131,31,118,88,37"/><V80/><F116/><W4/><G118/><T54/><D110/><U87/><E72/><V11/><F108/><W10/><G68/><T45/><D127/><U117/><E112/><V40/><F80/><W6/><G76/><T89/><D134/><N who="1" m="51819" /><E117/><V17/><F120/><W52/><G31/><T27/><D7/><U102/><E130/><V55/><F11/><W70/><G10/><T95/><D27/><U62/><E123/><V0/><F17/><W43/><G18/><T115/><D115/><U46/><E46/><V12/><F12/><W79/><G70/><T33/><D45/><U93/><E22/><V125/><F0/><N who="1" m="73" /><E67/><V121/><F125/><W34/><G79/><T85/><REACH who="0" step="1"/><D35/><REACH who="0" ten="155,382,171,282" step="2"/><U16/><E105/><V104/><F121/><W109/><G34/><T128/><D128/><U29/><E29/><V14/><F107/><W94/><G129/><T122/><D122/><U49/><E16/><V50/><F14/><W81/><G131/><T24/><D24/><U113/><E113/><V114/><F114/><W135/><G6/><T15/><D15/><U119/><E119/><V59/><F104/><W58/><G4/><T51/><D51/><U66/><E49/><V2/><F2/><W56/><G109/><T103/><D103/><U64/><E62/><V100/><F100/><W75/><G135/><T39/><D39/><U106/><E63/><V71/><F71/><W13/><G13/><T47/><D47/><U9/><E9/><V84/><F41/><W25/><G42/><T23/><D23/><U19/><E19/><V101/><F40/><W92/><G43/><RYUUKYOKU ba="1,1" sc="155,15,382,15,171,-15,282,-15" hai0="32,33,54,60,73,77,78,82,83,85,89,95,97" hai1="64,66,87,93,96,102,106" /><INIT seed="7,2,1,3,4,46" ten="170,397,156,267" oya="3" hai0="95,96,6,103,129,42,125,25,37,63,70,131,33" hai1="67,73,110,134,12,45,15,35,74,83,93,115,54" hai2="34,60,39,36,121,133,77,90,120,82,27,55,56" hai3="69,48,94,97,68,130,64,50,18,122,102,76,99"/><W81/><G122/><N who="2" m="47209" /><F90/><W57/><G130/><N who="0" m="49675" /><D125/><U87/><E93/><V22/><F34/><W135/><G135/><T111/><D111/><U128/><E67/><V104/><F104/><W53/><G97/><T49/><D37/><U79/><E12/><V107/><F107/><W28/><G28/><N who="0" m="19599" /><D6/><U117/><E45/><V26/><F133/><W30/><G30/><T29/><D29/><U132/><E54/><V62/><F62/><N who="3" m="36143" /><G68/><T14/><D14/><U3/><E3/><V72/><F26/><W124/><G69/><T32/><D32/><U4/><E110/><V11/><F11/><W66/><G124/><T118/><D118/><U84/><E35/><V85/><F72/><W31/><G31/><AGARI ba="2,1" hai="22,27,31,36,39,55,56,60,77,82,85" m="47209" machi="31" ten="30,1000,0" yaku="13,1" doraHai="46" who="2" fromWho="3" sc="170,0,397,0,156,26,267,-16" owari="170,-33.0,397,50.0,182,-22.0,251,5.0" /></mjloggm>