<mjloggm ver="2.3"><GO type="97" lobby="0"/><UN n0="%E5%AD%A3%E9%81%95%E3%81%84%E4%BF%B3%E4%BA%BA" n1="%E3%82%A8%E3%83%AB%E3%83%81" n2="%E3%82%AA%E3%82%A4%E3%82%BF%E3%83%B3" n3="%E3%82%A6%E3%83%AB%E3%83%88%E3%83%A9%E7%AB%8B%E7%9B%B4" dan="15,13,13,15" rate="1992.82,1869.07,1882.08,1981.32" sx="M,F,M,M"/><TAIKYOKU oya="0"/><INIT seed="0,0,0,4,1,99" ten="250,250,250,250" oya="0" hai0="120,62,126,16,15,95,102,19,73,33,48,131,115" hai1="101,109,6,65,41,25,135,30,37,34,96,113,127" hai2="124,88,45,75,89,118,53,61,44,67,17,129,114" hai3="93,72,71,108,23,63,79,117,97,9,98,85,90"/><T2/><D120/><U59/><E113/><V82/><F114/><W86/><G117/><T56/><D115/><U77/><E135/><V31/><F118/><W104/><G9/><T28/><D73/><U111/><E127/><V27/><F124/><W105/><G63/><T81/><D2/><U40/><E6/><V52/><F129/><W26/><G23/><T12/><D126/><U0/><E77/><V24/><F75/><W128/><G26/><T64/><D131/><U36/><E41/><V10/><F82/><N who="3" m="45415" /><G71/><T14/><D81/><U60/><E0/><V84/><F10/><W94/><G128/><T29/><D48/><U47/><E36/><V91/><F84/><N who="3" m="32363" /><G108/><T103/><D95/><U133/><E133/><V132/><F132/><W13/><G13/><T8/><D33/><U76/><E76/><V106/><F44/><W70/><G70/><T68/><D68/><U4/><E4/><V20/><F45/><W38/><G38/><T130/><D130/><U119/><E119/><V74/><F74/><W54/><G54/><T11/><D15/><U92/><AGARI ba="0,0" hai="25,30,34,37,40,47,59,60,65,92,96,101,109,111" machi="92" ten="30,2000,0" yaku="0,1,52,1" doraHai="99" who="1" fromWho="1" sc="250,-10,250,20,250,-5,250,-5" /><INIT seed="1,0,0,0,5,107" ten="240,270,245,245" oya="1" hai0="19,104,29,118,43,116,125,133,114,30,26,32,108" hai1="88,110,77,60,58,47,40,25,1,48,115,82,11" hai2="123,103,96,73,59,57,83,105,41,78,13,33,86" hai3="61,100,112,97,20,4,31,44,16,45,130,10,62"/><U89/><E115/><V7/><F123/><W71/><G31/><T28/><D104/><U106/><E106/><V126/><F33/><W121/><G112/><T49/><D114/><U131/><E131/><V68/><F126/><W117/><G130/><T12/><D125/><U128/><E128/><V53/><F68/><W129/><G129/><T119/><D133/><U34/><E110/><V122/><F122/><W56/><G121/><T65/><D65/><U113/><E113/><V39/><F59/><W18/><G71/><T21/><REACH who="0" step="1"/><D108/><REACH who="0" ten="230,270,245,245" step="2"/><U90/><E34/><V9/><F39/><W69/><G117/><T46/><AGARI ba="0,1" hai="12,19,21,26,28,29,30,32,43,46,49,116,118,119" machi="46" ten="40,5200,0" yaku="1,1,2,1,0,1,53,0" doraHai="107" doraHaiUra="84" who="0" fromWho="0" sc="230,62,270,-26,245,-13,245,-13" /><INIT seed="2,0,0,2,3,134" ten="292,244,232,232" oya="2" hai0="20,14,102,57,109,43,94,71,12,23,2,8,128" hai1="75,106,105,65,13,115,11,130,68,55,129,3,85" hai2="28,133,107,91,17,74,83,82,117,45,7,98,125" hai3="42,15,21,77,81,124,41,103,18,9,36,90,52"/><V32/><F117/><W59/><G103/><T121/><D71/><U84/><E115/><V4/><F133/><W95/><G36/><T100/><D121/><U50/><E3/><V92/><F107/><N who="1" m="40969" /><E75/><V0/><F4/><W93/><G93/><T35/><D35/><U46/><E68/><V108/><F108/><W24/><G124/><T26/><D109/><U27/><E27/><V72/><F125/><W16/><G81/><T87/><D2/><U25/><E25/><V56/><F32/><W131/><G77/><T76/><D43/><U54/><E65/><V97/><F28/><W96/><REACH who="3" step="1"/><G131/><REACH who="3" ten="292,244,232,222" step="2"/><N who="1" m="50186" /><E54/><V79/><F82/><W132/><G132/><T40/><D128/><U122/><E122/><V66/><F74/><W88/><G88/><T86/><D76/><U112/><E112/><V22/><F98/><W53/><G53/><T62/><D100/><U113/><E113/><V44/><F0/><W70/><G70/><T60/><D102/><U104/><E104/><V111/><F111/><W127/><G127/><T38/><D94/><U5/><AGARI ba="0,1" hai="5,11,13,46,50,55,84,85" m="50186,40969" machi="5" ten="30,1100,0" yaku="19,1" doraHai="134" who="1" fromWho="1" sc="292,-3,244,21,232,-5,222,-3" /><INIT seed="3,0,0,4,2,76" ten="289,265,227,219" oya="3" hai0="120,40,52,58,5,39,126,132,97,67,121,70,59" hai1="69,113,26,101,94,128,68,95,125,72,102,104,81" hai2="87,8,117,78,30,89,103,49,27,21,99,129,63" hai3="114,3,13,56,119,93,96,1,0,23,71,12,10"/><W53/><G71/><T37/><D5/><U55/><E113/><V112/><F117/><W57/><G119/><T82/><D82/><U111/><E26/><V35/><F112/><W60/><G114/><T135/><D97/><U4/><E4/><V92/><F129/><W130/><G130/><T110/><D110/><U7/><E7/><V11/><F35/><W118/><G118/><T108/><D108/><U88/><E55/><V106/><F63/><W134/><G134/><N who="0" m="51243" /><D126/><U98/><E69/><V2/><F49/><W51/><G10/><T22/><D22/><U123/><E68/><V24/><F2/><W50/><G23/><T83/><D83/><U47/><E47/><V100/><F24/><W73/><G73/><T32/><D32/><U34/><E34/><V91/><F103/><W65/><REACH who="3" step="1"/><G50/><REACH who="3" ten="289,265,227,209" step="2"/><N who="0" m="30999" /><D70/><U14/><E128/><V25/><F8/><W127/><G127/><T46/><D37/><U54/><E125/><V133/><F11/><W43/><G43/><T86/><D39/><U41/><E111/><V6/><F133/><W45/><G45/><T62/><D40/><U85/><E41/><V79/><F6/><W115/><G115/><T19/><D46/><U90/><E72/><V116/><F116/><W33/><G33/><T29/><D121/><U38/><E38/><V105/><F21/><W48/><G48/><T16/><D120/><U42/><E42/><V44/><F44/><W77/><G77/><T124/><D124/><U74/><E123/><V15/><F79/><W75/><G75/><T31/><D59/><U61/><E74/><V80/><F78/><RYUUKYOKU ba="0,1" sc="289,-10,265,-10,227,-10,209,30" hai3="0,1,3,12,13,51,53,56,57,60,65,93,96" /><INIT seed="3,1,1,1,2,4" ten="279,255,217,239" oya="3" hai0="109,129,124,10,43,34,13,17,98,68,122,80,23" hai1="54,118,75,71,44,61,116,38,29,95,102,111,76" hai2="58,33,91,113,21,64,133,82,92,8,105,110,7" hai3="62,114,47,59,11,28,37,15,103,51,127,18,20"/><W35/><G37/><T84/><D122/><U85/><E111/><V125/><F105/><W48/><G114/><T126/><D68/><U9/><E29/><V83/><F113/><W49/><G35/><T55/><D34/><U1/><E54/><V112/><F112/><W107/><G127/><N who="0" m="48683" /><D109/><U117/><E85/><V31/><F110/><W3/><G107/><T69/><D69/><U88/><E102/><V120/><F125/><W2/><G103/><T60/><D129/><U67/><E88/><V74/><F33/><W32/><G32/><T89/><D43/><N who="1" m="22647" /><E95/><V90/><F120/><W24/><REACH who="3" step="1"/><G47/><REACH who="3" ten="279,255,217,229" step="2"/><T86/><D80/><N who="1" m="45087" /><E116/><V41/><F83/><W46/><G46/><T56/><D23/><U70/><E118/><V119/><F119/><W12/><G12/><T5/><D5/><N who="1" m="1199" /><E117/><V22/><F74/><W53/><AGARI ba="1,2" hai="2,3,11,15,18,20,24,28,48,49,51,53,59,62" machi="53" ten="30,6000,0" yaku="1,1,0,1,52,1,53,0" doraHai="4" doraHaiUra="72" who="3" fromWho="3" sc="279,-21,255,-21,217,-21,229,83" owari="258,6.0,234,-17.0,196,-30.0,312,41.0" /></mjloggm>