<mjloggm ver="2.3"><GO type="97" lobby="0"/><UN n0="%EF%BD%9B%E3%83%BB%CF%89%E3%83%BB%EF%BD%9D" n1="%E4%B8%8A%E5%8D%93%E3%82%B9%E3%83%AC%E5%85%8E%E3%81%A1%E3%82%83%E3%82%93" n2="%E8%97%A4%E5%A0%82%E8%A6%81" n3="%E3%82%A6%E3%83%AB%E3%83%88%E3%83%A9%E7%AB%8B%E7%9B%B4" dan="13,14,15,15" rate="1863.37,1982.47,1965.20,1988.15" sx="F,F,F,M"/><TAIKYOKU oya="0"/><INIT seed="0,0,0,0,5,1" ten="250,250,250,250" oya="0" hai0="75,134,83,76,24,115,111,8,16,51,131,132,22" hai1="127,72,122,32,118,59,56,60,102,65,9,5,29" hai2="91,121,101,120,54,112,99,98,73,87,82,95,20" hai3="53,46,31,106,64,28,114,58,12,15,26,43,68"/><T84/><D115/><U21/><E122/><N who="2" m="47211" /><F54/><W40/><G68/><T107/><D107/><U25/><E118/><V81/><F20/><W57/><G106/><T96/><D96/><U100/><E72/><V14/><F14/><W67/><G114/><T97/><D97/><U66/><E127/><V133/><F112/><W44/><G53/><T70/><D70/><U119/><E119/><V62/><F62/><W47/><G47/><T113/><D113/><U13/><REACH who="1" step="1"/><E32/><REACH who="1" ten="250,240,250,250" step="2"/><V36/><F133/><W52/><G40/><T123/><D134/><U34/><E34/><V0/><F73/><W6/><G43/><T39/><D132/><U85/><E85/><V2/><F87/><W42/><G42/><T79/><D123/><U92/><E92/><V109/><F82/><W89/><G46/><T116/><D75/><U4/><E4/><V126/><F81/><W71/><G44/><T135/><D135/><U3/><E3/><V110/><F0/><W77/><G6/><T61/><D116/><U90/><E90/><V55/><F2/><W38/><G89/><T50/><D84/><U104/><E104/><V69/><F91/><W130/><G77/><T74/><D79/><U10/><E10/><V128/><F95/><W49/><G130/><T78/><D131/><U125/><E125/><V108/><F128/><W23/><G23/><T7/><D76/><U80/><E80/><V103/><F126/><W105/><G105/><T30/><D83/><U88/><E88/><V124/><F109/><W11/><G11/><T63/><D111/><U93/><E93/><V37/><F110/><RYUUKYOKU ba="0,1" sc="250,-10,240,30,250,-10,250,-10" hai1="5,9,13,21,25,29,56,59,60,65,66,100,102" /><INIT seed="1,1,1,3,5,127" ten="240,270,240,240" oya="1" hai0="129,102,51,56,57,82,18,128,36,76,103,45,12" hai1="130,11,3,80,38,69,65,68,46,98,1,62,100" hai2="50,118,59,111,15,0,54,86,55,43,4,78,30" hai3="93,114,121,79,108,117,33,110,107,41,53,75,27"/><U14/><E69/><V99/><F118/><W71/><G71/><T74/><D36/><U116/><E116/><V120/><F120/><W6/><G107/><T77/><D77/><U16/><E80/><V94/><F111/><W47/><G114/><T73/><D73/><U83/><E83/><V106/><F106/><W95/><G121/><T97/><D97/><U90/><E90/><V60/><F30/><N who="3" m="19679" /><G53/><T52/><D57/><U115/><E115/><V96/><F0/><W81/><G6/><T133/><D133/><U26/><E26/><V88/><F43/><W135/><G117/><T131/><D45/><U32/><E32/><V113/><F78/><W10/><G10/><AGARI ba="1,1" hai="10,12,18,51,52,56,74,76,82,102,103,128,129,131" machi="10" ten="40,8000,1" yaku="19,1,52,3,54,1" doraHai="127" who="0" fromWho="3" sc="240,93,270,0,240,0,240,-83" /><INIT seed="2,0,0,4,1,113" ten="333,270,240,157" oya="2" hai0="10,114,27,31,88,48,115,79,32,112,133,40,104" hai1="117,111,81,107,50,124,6,11,39,14,119,127,128" hai2="15,105,95,72,74,82,17,98,51,4,122,35,80" hai3="84,109,23,63,129,120,30,36,3,132,26,52,2"/><V34/><F122/><W102/><G36/><T47/><D104/><U65/><E111/><V70/><F70/><W7/><G120/><T57/><D133/><U56/><E128/><V62/><F105/><W45/><G129/><T58/><D79/><U16/><E107/><V46/><F4/><W106/><G109/><T125/><D125/><N who="1" m="48203" /><E39/><V92/><F62/><W61/><G132/><T118/><D118/><N who="1" m="45067" /><E81/><V68/><F82/><W100/><G63/><T67/><D67/><U18/><E65/><V43/><F80/><W19/><G106/><T121/><D121/><U87/><E87/><V89/><F92/><W130/><G130/><T135/><D135/><U77/><E77/><V8/><F72/><W99/><G84/><T12/><D115/><U53/><AGARI ba="0,0" hai="6,11,14,16,18,50,53,56" m="45067,48203" machi="53" ten="40,8000,1" yaku="18,1,52,3,54,1" doraHai="113" who="1" fromWho="1" sc="333,-20,270,80,240,-40,157,-20" /><INIT seed="3,0,0,4,0,54" ten="313,350,200,137" oya="3" hai0="70,78,61,81,13,84,74,21,115,23,6,80,19" hai1="111,101,30,48,131,64,128,8,127,71,0,75,27" hai2="94,108,12,53,28,10,112,25,104,134,92,3,26" hai3="38,98,77,58,29,120,116,91,79,33,95,34,125"/><W72/><G38/><T133/><D115/><U114/><E114/><V22/><F104/><W69/><G69/><T89/><D133/><U90/><E111/><V93/><F134/><W119/><G33/><T130/><D130/><N who="1" m="49707" /><E127/><V40/><F112/><W60/><G120/><T59/><D70/><U57/><E75/><V110/><F3/><W118/><G125/><T31/><D6/><N who="1" m="1095" /><E101/><V109/><F53/><W100/><G72/><T62/><D62/><N who="1" m="40343" /><E90/><V63/><F63/><W105/><G29/><T107/><D107/><U47/><E57/><V14/><F40/><W35/><G79/><T97/><D97/><U16/><E16/><N who="2" m="12487" /><F10/><W39/><G77/><T46/><D46/><U103/><E103/><V24/><F24/><W87/><REACH who="3" step="1"/><G39/><REACH who="3" ten="313,350,200,127" step="2"/><T4/><D31/><U52/><E30/><V66/><F66/><AGARI ba="0,1" hai="34,35,58,60,66,87,91,95,98,100,105,116,118,119" machi="66" ten="40,7700,0" yaku="1,1,2,1,52,1,53,0" doraHai="54" doraHaiUra="2" who="3" fromWho="2" sc="313,0,350,0,200,-77,127,87" /><INIT seed="3,1,0,5,4,24" ten="313,350,123,214" oya="3" hai0="49,37,25,82,34,29,1,12,28,21,48,114,81" hai1="17,52,45,55,122,124,33,87,56,90,35,3,60" hai2="43,10,134,126,23,113,100,133,16,41,30,97,59" hai3="119,112,8,18,54,106,128,61,101,120,127,98,0"/><W104/><G120/><T91/><D1/><U125/><E122/><V85/><F113/><W105/><G127/><N who="1" m="48714" /><E17/><V44/><F126/><W39/><G128/><T92/><D37/><U53/><E3/><V77/><F59/><W129/><G129/><T50/><D114/><U95/><E45/><V102/><F77/><W99/><G54/><AGARI ba="1,0" hai="33,35,52,53,54,55,56,60,87,90,95" m="48714" machi="54" ten="30,2000,0" yaku="18,1,54,1" doraHai="24" who="1" fromWho="3" sc="313,0,350,23,123,0,214,-23" owari="313,11.0,373,48.0,123,-38.0,191,-21.0" /></mjloggm>