<mjloggm ver="2.3"><GO type="97" lobby="0"/><UN n0="%43%75%70%72%6F%6E%69%63" n1="%E3%82%A6%E3%83%AB%E3%83%88%E3%83%A9%E7%AB%8B%E7%9B%B4" n2="%E3%81%93%E3%82%93%E3%81%BA%E3%81%84%E3%81%A8%E3%81%86%31%39" n3="%E6%95%AC%E5%A4%AA%E6%9C%97" dan="13,15,14,14" rate="1863.01,1997.88,1859.83,1909.83" sx="M,M,M,M"/><TAIKYOKU oya="0"/><INIT seed="0,0,0,2,0,36" ten="250,250,250,250" oya="0" hai0="91,20,57,96,33,14,78,47,10,106,23,94,4" hai1="56,126,0,134,110,26,124,71,119,93,28,62,86" hai2="70,19,65,115,118,43,9,85,32,68,125,105,83" hai3="104,31,89,122,66,82,130,3,113,92,6,87,121"/><T46/><D106/><U75/><E71/><V42/><F115/><W116/><G113/><T120/><D120/><U117/><E75/><V44/><F32/><W123/><G104/><T131/><D131/><U11/><E134/><V2/><F105/><W13/><G3/><T84/><D33/><U64/><E110/><V129/><F129/><W25/><G130/><T8/><D8/><U76/><E11/><V81/><F125/><N who="1" m="48233" /><E0/><V90/><F118/><W102/><G116/><T99/><D57/><U73/><E73/><V1/><F65/><W38/><G38/><T59/><D59/><U34/><E76/><V30/><F30/><W5/><G66/><T15/><D15/><U55/><E55/><V58/><F58/><W39/><G39/><T18/><D23/><U101/><E86/><V21/><F83/><W80/><G13/><N who="0" m="9295" /><D78/><U60/><E62/><V27/><F43/><W112/><G112/><T77/><D99/><AGARI ba="0,0" hai="26,28,34,56,60,64,93,99,101,117,119" m="48233" machi="99" ten="30,1000,0" yaku="18,1" doraHai="36" who="1" fromWho="0" sc="250,-10,250,10,250,0,250,0" /><INIT seed="1,0,0,5,5,104" ten="240,260,250,250" oya="1" hai0="62,1,26,11,110,67,38,133,58,40,49,22,46" hai1="84,92,91,109,10,66,30,24,57,72,20,93,7" hai2="118,94,51,129,117,119,2,127,61,135,64,63,53" hai3="105,59,5,100,125,80,65,132,78,25,69,121,29"/><U130/><E130/><V44/><F2/><W74/><G121/><T33/><D133/><U96/><E72/><V75/><F75/><W87/><G132/><T83/><D110/><U21/><E109/><V122/><F135/><W42/><G5/><T35/><D83/><U98/><E21/><V28/><F28/><W56/><G42/><T128/><D128/><U107/><E107/><V45/><F129/><W77/><G125/><T120/><D120/><U14/><E93/><V17/><F122/><W106/><G105/><T124/><D124/><U116/><E116/><V126/><F17/><W95/><G77/><T86/><D86/><U12/><E14/><V101/><F101/><W82/><G80/><T123/><D123/><U89/><REACH who="1" step="1"/><E91/><REACH who="1" ten="240,250,250,250" step="2"/><V34/><F94/><W3/><G3/><T48/><D11/><U108/><E108/><V54/><F34/><W16/><G106/><T115/><D33/><U88/><E88/><V8/><F8/><W103/><G74/><T134/><D35/><U71/><E71/><V6/><F126/><W9/><G95/><T31/><D134/><U68/><E68/><V41/><F127/><W47/><G69/><T4/><D115/><U18/><E18/><V111/><F111/><W13/><G16/><T60/><D1/><U37/><E37/><N who="2" m="21551" /><F6/><W36/><G13/><T27/><D4/><U113/><E113/><V99/><F117/><W102/><G29/><T43/><D31/><U52/><E52/><N who="2" m="29807" /><F118/><W55/><G36/><T97/><D38/><U79/><E79/><V19/><F119/><W73/><G78/><T39/><D39/><RYUUKYOKU ba="0,1" sc="240,-10,250,30,250,-10,250,-10" hai1="7,10,12,20,24,30,57,66,84,89,92,96,98" /><INIT seed="1,1,1,0,3,97" ten="230,280,240,240" oya="1" hai0="50,109,26,76,70,53,49,81,1,128,20,10,59" hai1="75,4,62,42,74,120,65,82,45,22,87,8,103" hai2="28,132,85,134,90,105,94,124,93,89,56,32,101" hai3="48,34,29,15,98,106,51,68,5,130,117,126,14"/><U16/><E120/><V100/><F56/><W27/><G68/><T39/><D109/><U66/><E75/><V30/><F32/><W104/><G117/><T41/><D128/><U92/><E74/><V18/><F18/><W0/><G130/><T33/><D70/><U6/><E92/><V129/><F129/><W110/><G110/><T7/><D33/><U19/><E19/><V123/><F124/><W69/><G69/><T40/><D49/><N who="1" m="26807" /><E8/><V91/><F123/><W2/><G126/><T121/><D39/><U58/><E66/><V83/><F105/><W111/><G111/><T72/><REACH who="0" step="1"/><D121/><REACH who="0" ten="220,280,240,240" step="2"/><U36/><E36/><V107/><F132/><W67/><G48/><T125/><D125/><U52/><E62/><V86/><F134/><W23/><G51/><T102/><D102/><N who="2" m="39530" /><F107/><W38/><G106/><T63/><D63/><U43/><E103/><V44/><F44/><W3/><G104/><T133/><D133/><U24/><E58/><V80/><F80/><W79/><G38/><T60/><D60/><U78/><E82/><V25/><F25/><W119/><G27/><T73/><D73/><U46/><E24/><V127/><F127/><W113/><G34/><T99/><D99/><AGARI ba="1,2" hai="28,30,83,85,86,89,90,91,93,94,99" m="39530" machi="99" ten="30,7700,0" yaku="8,1,52,3" doraHai="97" who="2" fromWho="0" sc="220,-80,280,0,240,100,240,0" /><INIT seed="2,0,0,0,2,49" ten="140,280,340,240" oya="2" hai0="35,74,77,27,87,58,122,31,112,132,117,28,113" hai1="71,0,26,5,79,100,81,90,127,12,13,40,7" hai2="47,116,108,135,44,22,57,41,95,59,32,93,104" hai3="119,120,4,23,66,83,130,11,78,55,73,63,111"/><V21/><F116/><W53/><G119/><T19/><D117/><U131/><E71/><V85/><F135/><W97/><G120/><T65/><D122/><U29/><E100/><V124/><F32/><W61/><G130/><T123/><D123/><U68/><E68/><V56/><F124/><W52/><G111/><T16/><D132/><U134/><E134/><V37/><F108/><W2/><G66/><T92/><D74/><U72/><E131/><V76/><F104/><W6/><G6/><T102/><D102/><U42/><E127/><V69/><F69/><W39/><G39/><T25/><D92/><U48/><E90/><V96/><F44/><W84/><G97/><T43/><D43/><U126/><E126/><V38/><F38/><W75/><REACH who="3" step="1"/><G23/><REACH who="3" ten="140,280,340,230" step="2"/><T34/><D113/><U3/><E7/><V88/><F21/><W89/><G89/><T8/><D112/><U30/><E5/><V60/><F22/><W33/><G33/><T114/><D114/><U115/><E115/><V70/><F88/><W36/><G36/><T106/><D106/><U54/><E3/><V17/><F37/><W62/><AGARI ba="0,1" hai="2,4,11,52,53,55,61,62,63,73,75,78,83,84" machi="62" ten="30,12000,2" yaku="1,1,0,1,52,3,54,1,53,0" doraHai="49" doraHaiUra="128" who="3" fromWho="3" sc="140,-30,280,-30,340,-60,230,130" /><INIT seed="3,0,0,3,3,34" ten="110,250,280,360" oya="3" hai0="107,16,3,96,58,108,130,88,61,103,100,2,53" hai1="59,12,29,35,23,106,1,122,112,55,50,114,110" hai2="17,48,38,125,36,127,124,90,121,42,84,14,87" hai3="40,70,60,93,71,41,89,27,101,25,95,39,132"/><W64/><G71/><T37/><D108/><U54/><E106/><V75/><F75/><W6/><G132/><T117/><D130/><U65/><E65/><V129/><F129/><W52/><G101/><T104/><D117/><U86/><E122/><V57/><F121/><W105/><G105/><T94/><D37/><N who="2" m="14442" /><F90/><W18/><G6/><T33/><D33/><U115/><E35/><V67/><F42/><W20/><G27/><T119/><D119/><U0/><E110/><V10/><F48/><W126/><G93/><T31/><D31/><U5/><E86/><V47/><F47/><W28/><G28/><T44/><D44/><U118/><E118/><V22/><F22/><W120/><G120/><T109/><D109/><U49/><E29/><V98/><F98/><W11/><G39/><T24/><D104/><U9/><E23/><V102/><F102/><W83/><G40/><T51/><D51/><U4/><REACH who="1" step="1"/><E5/><REACH who="1" ten="110,240,280,360" step="2"/><V21/><F21/><W77/><G20/><N who="0" m="13319" /><D107/><U131/><E131/><V63/><AGARI ba="0,1" hai="10,14,17,57,63,67,84,87,124,125,127" m="14442" machi="63" ten="40,1500,0" yaku="18,1" doraHai="34" who="2" fromWho="2" sc="110,-4,240,-4,280,25,360,-7" owari="106,-39.0,236,-16.0,305,11.0,353,44.0" /></mjloggm>