<mjloggm ver="2.3"><GO type="97" lobby="0"/><UN n0="%68%61%74%61%68%69%74%6F" n1="%E3%82%A6%E3%83%AB%E3%83%88%E3%83%A9%E7%AB%8B%E7%9B%B4" n2="%73%75%6E%63%68%69%6C%64" n3="%40%68%61%72%75%40" dan="14,15,13,13" rate="1913.01,1984.39,1851.09,1898.63" sx="M,M,M,F"/><TAIKYOKU oya="0"/><INIT seed="0,0,0,4,4,124" ten="250,250,250,250" oya="0" hai0="108,95,92,109,48,22,9,123,88,59,19,116,98" hai1="121,54,35,122,91,32,69,72,17,84,0,97,105" hai2="34,65,12,61,135,11,10,110,55,50,13,44,25" hai3="52,79,74,90,118,75,47,114,130,94,33,78,125"/><T4/><D123/><U99/><E0/><V103/><F135/><W20/><G125/><T30/><D116/><U132/><E72/><V131/><F110/><N who="0" m="42602" /><D30/><U64/><E132/><V82/><F103/><W58/><G33/><T68/><D68/><U41/><E64/><V113/><F113/><W2/><G47/><T107/><D107/><U28/><E28/><V73/><F73/><W101/><G2/><T51/><D95/><U56/><E69/><V128/><F82/><W89/><G101/><T15/><D59/><U111/><E111/><V27/><F34/><W57/><G114/><T67/><D67/><U7/><E56/><V46/><F46/><W66/><G94/><T77/><D77/><U8/><E105/><V127/><F127/><W70/><G66/><T80/><D80/><U112/><E112/><V117/><F117/><W100/><G70/><T18/><D18/><U62/><E17/><V39/><F39/><W38/><G100/><T81/><D81/><U37/><E35/><V45/><F45/><W3/><G38/><T93/><D92/><N who="1" m="54375" /><E32/><V120/><F120/><W31/><G31/><T129/><D129/><N who="2" m="49738" /><F65/><W126/><G126/><T26/><AGARI ba="0,0" hai="4,9,15,19,22,26,48,51,88,93,98" m="42602" machi="26" ten="30,6000,0" yaku="14,1,10,1,54,1" doraHai="124" who="0" fromWho="0" sc="250,60,250,-20,250,-20,250,-20" /><INIT seed="0,1,0,0,0,83" ten="310,230,230,230" oya="0" hai0="38,30,94,134,85,62,33,0,8,6,70,100,21" hai1="19,92,111,56,79,71,67,29,43,108,84,103,98" hai2="22,115,114,64,57,50,74,135,13,36,5,44,90" hai3="47,128,109,77,4,14,42,87,104,32,48,91,41"/><T93/><D134/><U59/><E29/><V131/><F74/><W52/><G109/><N who="1" m="42058" /><E43/><V120/><F22/><W129/><G104/><T116/><D116/><U78/><E71/><V58/><F13/><W39/><G77/><N who="1" m="29194" /><E67/><V60/><F5/><W113/><G113/><T106/><D38/><U1/><E1/><V65/><F90/><W88/><G91/><T86/><D106/><U45/><E45/><V81/><F81/><N who="3" m="49263" /><G32/><T101/><D33/><U61/><E61/><V95/><F95/><N who="0" m="36362" /><D62/><U73/><E73/><V2/><F2/><W27/><G27/><N who="0" m="16751" /><D70/><U76/><E19/><V54/><F120/><W123/><G123/><T124/><D124/><U80/><AGARI ba="1,0" hai="56,59,76,80,84,92,98,103" m="29194,42058" machi="80" ten="30,2000,0" yaku="14,1,52,1" doraHai="83" who="1" fromWho="1" sc="310,-11,230,23,230,-6,230,-6" /><INIT seed="1,0,0,4,1,104" ten="299,253,224,224" oya="1" hai0="1,95,134,121,19,90,63,99,66,127,73,5,3" hai1="42,24,131,64,124,37,38,34,118,31,48,61,22" hai2="12,116,50,69,101,98,94,33,123,71,103,88,6" hai3="11,97,28,45,13,32,30,80,53,29,102,128,96"/><U2/><E118/><V86/><F33/><W25/><G128/><T70/><D134/><U27/><E131/><V100/><F116/><W49/><G97/><T129/><D129/><U0/><E124/><V52/><F123/><W10/><G10/><T41/><D127/><U26/><E26/><V74/><F74/><W51/><G51/><T21/><D121/><U65/><E48/><V18/><F6/><W17/><REACH who="3" step="1"/><G80/><REACH who="3" ten="299,253,224,214" step="2"/><T111/><D111/><U130/><E130/><V35/><F35/><W132/><G132/><T122/><D122/><U126/><E126/><V135/><F135/><W92/><AGARI ba="0,1" hai="11,13,17,25,28,29,30,32,45,49,53,92,96,102" machi="92" ten="20,2700,0" yaku="1,1,0,1,7,1,53,0" doraHai="104" doraHaiUra="60" who="3" fromWho="3" sc="299,-7,253,-13,224,-7,214,37" /><INIT seed="2,0,0,3,0,105" ten="292,240,217,251" oya="2" hai0="44,25,130,98,89,66,34,55,7,109,43,60,24" hai1="70,121,32,46,124,71,20,17,122,92,64,61,1" hai2="40,85,80,120,30,133,97,15,86,8,51,115,135" hai3="28,10,12,104,82,72,41,37,39,67,62,76,48"/><V23/><F120/><N who="1" m="46185" /><E32/><V126/><F115/><W22/><G104/><T3/><D130/><U57/><E1/><V112/><F112/><W5/><G28/><T100/><D109/><U118/><E118/><V11/><F126/><W127/><G22/><T21/><D89/><U106/><E106/><V117/><F117/><W65/><G127/><T38/><D21/><U50/><E92/><V87/><F97/><W16/><G67/><T68/><D34/><U26/><E124/><V49/><F40/><AGARI ba="0,0" hai="17,20,26,40,46,50,57,61,64,70,71" m="46185" machi="40" ten="30,1000,0" yaku="13,1" doraHai="105" who="1" fromWho="2" sc="292,0,240,10,217,-10,251,0" /><INIT seed="3,0,0,2,0,36" ten="292,250,207,251" oya="3" hai0="107,48,26,7,130,68,27,106,113,100,84,76,93" hai1="28,119,19,24,75,15,11,81,46,47,80,0,120" hai2="91,74,104,128,54,40,70,121,97,118,69,53,30" hai3="65,49,64,63,110,103,102,4,45,122,16,39,3"/><W117/><G117/><T94/><D68/><U23/><E120/><V33/><F118/><W99/><G39/><T105/><D7/><U60/><E75/><V111/><F121/><W61/><G4/><T95/><D48/><U55/><E0/><V42/><F74/><W5/><G5/><T9/><D9/><U25/><E119/><V22/><F22/><W67/><G3/><T127/><D130/><U43/><E25/><V115/><F115/><W71/><G71/><T2/><D2/><U82/><E43/><V108/><F128/><W8/><G122/><T79/><D27/><U92/><E92/><V18/><F18/><W41/><G110/><N who="2" m="42025" /><F91/><W51/><G51/><T114/><D26/><U13/><REACH who="1" step="1"/><E13/><REACH who="1" ten="292,240,207,251" step="2"/><V88/><F30/><W133/><G133/><T44/><D127/><U34/><E34/><V59/><F33/><W85/><G85/><T73/><D73/><U126/><E126/><V125/><F125/><W78/><G78/><T52/><D113/><U56/><AGARI ba="0,1" hai="11,15,19,23,24,28,46,47,55,56,60,80,81,82" machi="56" ten="30,4000,0" yaku="1,1,0,1,8,1,53,0" doraHai="36" doraHaiUra="89" who="1" fromWho="1" sc="292,-10,240,50,207,-10,251,-20" /><INIT seed="4,0,0,2,3,103" ten="282,290,197,231" oya="0" hai0="85,36,4,114,15,83,67,88,28,24,6,57,61" hai1="99,50,116,65,8,26,127,100,1,47,55,70,68" hai2="109,120,104,101,37,117,115,7,128,132,86,122,87" hai3="80,97,30,41,113,52,126,54,64,94,17,98,93"/><T60/><D36/><U18/><E116/><V89/><F7/><W58/><G113/><T34/><D114/><U53/><E127/><V91/><F37/><W102/><G41/><T90/><D15/><U69/><E55/><N who="3" m="21034" /><G30/><T21/><D34/><U82/><E82/><V63/><F63/><N who="3" m="38007" /><G80/><T35/><D35/><U46/><E46/><V92/><F115/><W49/><G126/><T129/><D129/><U118/><E118/><V44/><F44/><W110/><G110/><T12/><D12/><U74/><E74/><V48/><F48/><W9/><G49/><T62/><D90/><U59/><E68/><V31/><F31/><W51/><G51/><T23/><D23/><N who="1" m="13687" /><E69/><V5/><F5/><AGARI ba="0,0" hai="4,5,6,21,24,28,57,60,61,62,67,83,85,88" machi="5" ten="40,3900,0" yaku="8,1,54,1" doraHai="103" who="0" fromWho="2" sc="282,39,290,0,197,-39,231,0" owari="321,42.0,290,9.0,158,-34.0,231,-17.0" /></mjloggm>