<mjloggm ver="2.3"><GO type="41" lobby="0"/><UN n0="%E3%81%94%E3%81%A3%E3%81%8D%E3%83%BC" n1="%E3%82%A6%E3%83%AB%E3%83%88%E3%83%A9%E7%AB%8B%E7%9B%B4" n2="%44%69%72%74%79%41%54%4D" n3="%E3%81%A0%E3%81%A6%E3%83%A1%E3%82%AC%E3%83%8D" dan="13,16,15,15" rate="1972.85,2047.40,1946.53,2016.25" sx="M,M,M,M"/><TAIKYOKU oya="0"/><INIT seed="0,0,0,1,1,63" ten="250,250,250,250" oya="0" hai0="127,72,36,49,135,119,30,15,13,99,78,129,91" hai1="46,23,92,89,57,87,19,60,48,31,131,108,42" hai2="112,80,12,2,27,0,14,65,33,122,113,121,37" hai3="128,116,45,59,93,62,101,77,103,54,52,20,50"/><T124/><D36/><U3/><E3/><V39/><F80/><W10/><G116/><T94/><D119/><U102/><E131/><V18/><F18/><W64/><G128/><T81/><D129/><U55/><E108/><V67/><REACH who="2" step="1"/><F27/><REACH who="2" ten="250,250,240,250" step="2"/><W11/><G77/><T9/><D135/><U114/><E114/><V69/><F69/><W24/><G11/><T32/><D9/><U6/><E6/><V82/><F82/><W107/><G10/><T109/><D109/><U83/><E31/><V29/><F29/><N who="3" m="17543" /><G107/><T66/><D30/><U35/><E35/><AGARI ba="0,1" hai="0,2,12,14,33,35,37,39,65,67,112,113,121,122" machi="35" ten="25,12000,2" yaku="1,1,22,2,52,2,53,2" doraHai="63" doraHaiUra="117" who="2" fromWho="1" sc="250,0,250,-120,240,130,250,0" /><INIT seed="1,0,0,2,3,109" ten="250,130,370,250" oya="1" hai0="22,125,90,63,92,16,61,57,114,108,96,66,93" hai1="85,44,12,115,84,100,81,102,77,28,89,64,33" hai2="104,41,37,11,21,101,46,121,72,35,15,6,18" hai3="45,75,29,10,52,58,83,71,74,3,0,131,60"/><U54/><E28/><V65/><F72/><W123/><G123/><T43/><D114/><U78/><E33/><V95/><F121/><W80/><G131/><T56/><D108/><U76/><E64/><V88/><F65/><W19/><G29/><T1/><D1/><U47/><E54/><V17/><F104/><W14/><G71/><T133/><D133/><U103/><E12/><V26/><F101/><W73/><REACH who="3" step="1"/><G45/><REACH who="3" ten="250,130,370,240" step="2"/><T34/><D125/><U53/><E47/><V49/><F37/><W135/><G135/><T91/><D34/><U31/><E31/><V24/><F35/><W8/><G8/><T110/><D110/><U4/><E44/><V7/><REACH who="2" step="1"/><F26/><REACH who="2" ten="250,130,360,240" step="2"/><W59/><G59/><T106/><D56/><U50/><E53/><V67/><F67/><W5/><G5/><T116/><D57/><U9/><E4/><V105/><F105/><W62/><G62/><T79/><D66/><U20/><E50/><V32/><F32/><W38/><G38/><T94/><D63/><U126/><E126/><V97/><AGARI ba="0,2" hai="6,7,11,15,17,18,21,24,41,46,49,88,95,97" machi="97" ten="20,12000,2" yaku="1,1,0,1,7,1,8,1,54,1,53,1" doraHai="109" doraHaiUra="36" who="2" fromWho="2" sc="250,-30,130,-60,360,140,240,-30" /><INIT seed="2,0,0,5,4,3" ten="220,70,500,210" oya="2" hai0="132,107,67,127,98,104,124,108,38,87,114,135,100" hai1="29,95,41,134,32,106,85,84,4,48,66,21,129" hai2="49,94,33,53,52,112,115,19,54,7,65,14,45" hai3="28,42,23,76,96,56,117,75,92,18,26,51,73"/><V71/><F33/><W131/><G117/><T43/><D114/><U89/><E106/><V61/><F94/><W111/><G131/><T120/><D120/><U27/><E129/><V118/><F118/><W133/><G133/><N who="0" m="51275" /><D67/><U64/><E134/><V116/><F116/><W17/><G111/><T110/><D43/><U35/><E35/><V74/><F74/><W16/><G76/><T68/><D38/><U105/><E105/><V20/><REACH who="2" step="1"/><F7/><REACH who="2" ten="220,70,490,210" step="2"/><W6/><G6/><T58/><D104/><U126/><E32/><V69/><F69/><W60/><G51/><T0/><D68/><U130/><E130/><V70/><F70/><W62/><G60/><T86/><D110/><U83/><E4/><V24/><F24/><W128/><G128/><T1/><D108/><U31/><E126/><V79/><F79/><W40/><G75/><T102/><D127/><U97/><E84/><V109/><F109/><W88/><REACH who="3" step="1"/><G73/><REACH who="3" ten="220,70,490,200" step="2"/><T93/><D124/><U25/><E48/><V30/><F30/><W11/><G11/><T9/><D9/><U10/><E10/><V15/><F15/><W125/><G125/><T57/><D0/><U8/><E8/><V123/><F123/><W113/><G113/><AGARI ba="0,2" hai="14,19,20,45,49,52,53,54,61,65,71,112,113,115" machi="113" ten="40,3900,0" yaku="1,1,54,1,53,0" doraHai="3" doraHaiUra="122" who="2" fromWho="3" sc="220,0,70,0,490,59,200,-39" /><INIT seed="2,1,0,2,5,121" ten="220,70,549,161" oya="2" hai0="5,12,65,0,63,87,56,115,39,30,131,72,57" hai1="97,90,25,126,106,114,78,35,43,77,59,70,37" hai2="116,119,8,20,38,105,21,75,55,36,100,109,74" hai3="18,76,95,89,123,22,60,125,27,6,103,50,7"/><V54/><F8/><W33/><G123/><T10/><D72/><U44/><E114/><V132/><F100/><W108/><G33/><T69/><D39/><U129/><E126/><V4/><F4/><W98/><G125/><T91/><D115/><U118/><E118/><V66/><F66/><W53/><G76/><T14/><D131/><U79/><E70/><V88/><F88/><W130/><G130/><T26/><D12/><U133/><E133/><V80/><F80/><W48/><G108/><T102/><D102/><U128/><E59/><V71/><F109/><W61/><G103/><T29/><D0/><U67/><E67/><V73/><F73/><W107/><G107/><T49/><D49/><U47/><E106/><V92/><F92/><W113/><G113/><T83/><REACH who="0" step="1"/><D29/><REACH who="0" ten="210,70,549,161" step="2"/><U117/><E129/><V24/><F24/><W42/><G48/><T13/><D13/><U84/><E128/><V3/><F3/><W31/><G31/><T111/><D111/><U104/><E37/><V99/><F36/><W124/><G124/><T112/><D112/><U101/><E101/><V45/><F38/><W19/><G50/><T15/><D15/><U52/><E104/><V135/><F105/><W134/><G27/><T68/><D68/><U93/><E25/><V32/><F71/><W85/><G134/><T1/><D1/><U16/><E117/><V2/><F2/><W62/><G42/><T81/><D81/><U17/><E43/><V64/><F119/><W34/><G34/><AGARI ba="1,1" hai="5,10,14,26,30,34,56,57,63,65,69,83,87,91" machi="34" ten="30,2000,0" yaku="1,1,7,1,53,0" doraHai="121" doraHaiUra="110" who="0" fromWho="3" sc="210,33,70,0,549,0,161,-23" /><INIT seed="3,0,0,1,5,67" ten="243,70,549,138" oya="3" hai0="70,35,75,22,134,5,54,23,46,103,133,82,90" hai1="87,47,61,72,16,97,42,118,63,51,68,10,44" hai2="98,76,131,117,7,91,28,95,80,129,78,83,94" hai3="1,18,132,40,3,66,101,9,122,32,99,62,55"/><W58/><G32/><T57/><D35/><U85/><E72/><V112/><F28/><W41/><G122/><T64/><D103/><U53/><E118/><V24/><F7/><W79/><G132/><N who="0" m="50795" /><D5/><U49/><E97/><N who="2" m="57567" /><F24/><W127/><G127/><T126/><D126/><U123/><E123/><V84/><F117/><W116/><G79/><N who="2" m="30249" /><F112/><W14/><G116/><T19/><D75/><U77/><E77/><N who="2" m="46095" /><F83/><W130/><G130/><T100/><D100/><AGARI ba="0,0" hai="95,98,100,129,131" m="46095,30249,57567" machi="100" ten="30,2000,0" yaku="34,2" doraHai="67" who="2" fromWho="0" sc="243,-20,70,0,549,20,138,0" /><INIT seed="4,0,0,5,0,86" ten="223,70,569,138" oya="0" hai0="108,27,133,132,102,5,18,120,69,122,114,23,25" hai1="116,135,98,39,84,35,12,52,112,119,88,70,34" hai2="126,104,28,73,94,21,68,63,121,46,111,20,81" hai3="107,50,105,90,77,29,36,128,59,71,60,48,134"/><T101/><D69/><U113/><E70/><V24/><F121/><W110/><G36/><T83/><D5/><U79/><E39/><V14/><F104/><W47/><G110/><T67/><D67/><U1/><E1/><V75/><F111/><W13/><G71/><T62/><D62/><U44/><E98/><V51/><F126/><W32/><G77/><T56/><D56/><U40/><E79/><V0/><F0/><W93/><G128/><T16/><D108/><U58/><E12/><V74/><F63/><W6/><G134/><N who="0" m="51819" /><D114/><N who="1" m="44139" /><E135/><V3/><F68/><W87/><G29/><N who="0" m="17599" /><D83/><N who="1" m="49183" /><E40/><V31/><F3/><W42/><G32/><N who="1" m="12330" /><E44/><V97/><F14/><W72/><G50/><AGARI ba="0,0" hai="50,52,58,116,119" m="12330,49183,44139" machi="50" ten="30,8000,1" yaku="15,1,11,1,52,1,54,2" doraHai="86" who="1" fromWho="3" sc="223,0,70,80,569,0,138,-80" /><INIT seed="5,0,0,5,4,66" ten="223,150,569,58" oya="1" hai0="108,129,114,51,109,68,131,48,22,111,86,84,77" hai1="79,25,7,94,78,55,45,14,38,71,128,135,90" hai2="73,91,37,123,106,24,101,103,61,88,1,56,112" hai3="119,23,8,83,60,20,116,98,43,64,134,74,27"/><U89/><E128/><N who="0" m="49225" /><D114/><U18/><E135/><V82/><F123/><W16/><G134/><T125/><D125/><U122/><E122/><V50/><F1/><W29/><G43/><T93/><D22/><U102/><E71/><V49/><F37/><W35/><G98/><T9/><D9/><U31/><E7/><V6/><F6/><W41/><G41/><T3/><D3/><U72/><E72/><V105/><F112/><W53/><G53/><T39/><D39/><U54/><E102/><V110/><F110/><N who="0" m="28162" /><T130/><N who="0" m="49233" /><DORA hai="2" /><T80/><DORA hai="85" /><D68/><U97/><E38/><V115/><F115/><W81/><G74/><T26/><D26/><U65/><E65/><V5/><F5/><W75/><G75/><T76/><D93/><U13/><E54/><V87/><F24/><W40/><G40/><T62/><D62/><U132/><E132/><V30/><F30/><W107/><G107/><T11/><D11/><U63/><E63/><V96/><F106/><W32/><G8/><T67/><D67/><U4/><E55/><V46/><F73/><W58/><G35/><T92/><D92/><N who="1" m="56463" /><E45/><V59/><F46/><W15/><REACH who="3" step="1"/><G32/><REACH who="3" ten="223,150,569,48" step="2"/><T19/><D19/><U57/><E18/><V120/><F105/><W36/><G36/><T126/><D126/><U121/><E121/><V70/><F120/><W95/><G95/><T17/><D17/><U124/><E124/><V69/><F70/><W33/><G33/><T28/><D28/><U113/><E113/><V10/><F69/><W21/><G21/><T42/><D42/><U34/><E34/><V0/><F10/><RYUUKYOKU ba="0,1" sc="223,15,150,-15,569,-15,48,15" hai0="48,51,76,77,80,84,86" hai3="15,16,20,23,27,29,58,60,64,81,83,116,119" /><INIT seed="6,1,1,2,0,59" ten="238,135,554,63" oya="2" hai0="63,64,0,43,119,111,39,116,32,127,91,42,61" hai1="117,11,19,15,48,25,17,46,134,101,96,130,68" hai2="84,98,23,129,67,109,10,107,86,69,123,114,75" hai3="92,5,108,13,28,133,31,44,122,35,52,65,20"/><V105/><F123/><W14/><G122/><T112/><D0/><U27/><E117/><N who="0" m="45129" /><D32/><U97/><E130/><V57/><F129/><W22/><G108/><T21/><D111/><U29/><E134/><V118/><F69/><W36/><G133/><T106/><D106/><U71/><E97/><V74/><F10/><W24/><G65/><T78/><D78/><U131/><E131/><V38/><F23/><W41/><G5/><T40/><D21/><U115/><E115/><V95/><F118/><W135/><G135/><T70/><D112/><U53/><E19/><V1/><F114/><W4/><G4/><T45/><D91/><U6/><E6/><V76/><F1/><W73/><G73/><T37/><D127/><U60/><E27/><V62/><F75/><W8/><G35/><T58/><D45/><U128/><E128/><V83/><F107/><W93/><G8/><T110/><D110/><U9/><E9/><V80/><F109/><W47/><G31/><T51/><D51/><U30/><E30/><V50/><F105/><W79/><G79/><T126/><D126/><U18/><E29/><V55/><F74/><W72/><G72/><T132/><D132/><U54/><E25/><V90/><F38/><W3/><G3/><T88/><D88/><U34/><E34/><V26/><F26/><W16/><REACH who="3" step="1"/><G13/><REACH who="3" ten="238,135,554,53" step="2"/><T120/><D120/><U2/><E2/><V100/><F67/><AGARI ba="1,2" hai="37,39,40,42,43,58,61,63,64,67,70" m="45129" machi="67" ten="30,8000,1" yaku="12,1,34,2,52,2" doraHai="59" who="0" fromWho="2" sc="238,103,135,0,554,-83,53,0" /><INIT seed="7,0,0,4,5,30" ten="341,135,471,53" oya="3" hai0="129,88,69,71,75,106,33,26,37,115,25,61,94" hai1="127,92,65,15,120,3,17,123,128,29,63,38,82" hai2="22,48,20,72,6,119,130,44,132,5,11,95,76" hai3="99,45,32,116,108,126,39,114,80,41,67,60,47"/><W113/><G32/><T64/><D75/><U125/><E38/><V91/><F119/><W104/><G116/><T134/><D37/><U111/><E3/><V46/><F132/><W42/><G80/><T100/><D134/><U124/><E29/><V87/><F5/><W54/><G104/><T84/><D129/><U62/><E128/><V96/><F44/><W110/><G99/><T79/><D79/><U21/><E111/><N who="3" m="42538" /><G54/><T118/><D118/><U81/><E92/><V77/><F130/><W49/><G126/><N who="1" m="32258" /><U31/><DORA hai="78" /><E31/><V109/><F109/><W86/><G86/><T27/><D115/><U135/><E135/><V36/><F36/><W19/><G19/><T73/><D73/><U53/><E53/><V51/><F72/><W50/><G50/><T93/><D93/><U105/><E105/><V40/><F51/><W28/><G28/><T70/><REACH who="0" step="1"/><D33/><REACH who="0" ten="331,135,471,53" step="2"/><U121/><E63/><V43/><F76/><W10/><G10/><T56/><D56/><AGARI ba="0,1" hai="15,17,21,56,62,65,81,82,120,121,123" m="32258" machi="56" ten="50,6400,0" yaku="18,1,52,2" doraHai="30,78" who="1" fromWho="0" sc="331,-64,135,74,471,0,53,0" /><AGARI ba="0,0" hai="39,41,42,45,47,49,56,60,67,113,114" m="42538" machi="56" ten="30,5800,0" yaku="10,1,34,2" doraHai="30,78" who="3" fromWho="0" sc="267,-58,209,0,471,0,53,58" /><INIT seed="7,1,0,5,3,69" ten="209,209,471,111" oya="3" hai0="114,0,1,41,34,116,60,83,87,100,62,97,123" hai1="117,63,8,110,15,56,26,35,58,54,95,36,135" hai2="102,57,132,75,112,122,29,2,85,49,10,124,48" hai3="125,129,71,23,101,9,51,96,66,113,7,107,55"/><W50/><G113/><T27/><D116/><U19/><E117/><V18/><F102/><W6/><G125/><T3/><D123/><U33/><E110/><V84/><F112/><W78/><G129/><T22/><D34/><U130/><E36/><V70/><F124/><W32/><G32/><T39/><D114/><U90/><E130/><V82/><F70/><W128/><G128/><T37/><D41/><U103/><E103/><V12/><F2/><W65/><G78/><T40/><D40/><U121/><E121/><V93/><F122/><W104/><G104/><T94/><D60/><U92/><E92/><V38/><F75/><W24/><G50/><T52/><D62/><U126/><E126/><V67/><F38/><W31/><G71/><T105/><D52/><U89/><E89/><V91/><F29/><W28/><G28/><T4/><D4/><U134/><E58/><V59/><F49/><W99/><G99/><T13/><D13/><U42/><E42/><V74/><F74/><W30/><G30/><T53/><D53/><U131/><E131/><V133/><F67/><W73/><G73/><T119/><D105/><U11/><E11/><V64/><F48/><W43/><G43/><T98/><D98/><N who="1" m="57719" /><E26/><V106/><F64/><N who="3" m="24683" /><G9/><T47/><D47/><U68/><E68/><V111/><F106/><W127/><G127/><T14/><D14/><U118/><E118/><V115/><F115/><W25/><G25/><T81/><D119/><U77/><E77/><V76/><F111/><W108/><G108/><T16/><D83/><U46/><E46/><V72/><F72/><RYUUKYOKU ba="1,0" sc="209,0,209,0,471,0,111,0" hai0="0,1,3,16,22,27,37,39,81,87,94,97,100" hai1="8,15,19,33,35,54,56,63,134,135" hai2="10,12,18,57,59,76,82,84,85,91,93,132,133" hai3="6,7,23,24,31,51,55,96,101,107" /><INIT seed="7,2,0,1,3,27" ten="209,209,471,111" oya="3" hai0="52,103,41,79,102,84,104,129,15,119,60,117,97" hai1="3,42,122,125,128,10,56,65,22,72,58,64,44" hai2="74,45,54,112,88,130,61,30,120,81,55,114,4" hai3="63,2,62,123,70,101,89,98,105,8,50,127,20"/><W75/><G123/><T80/><D129/><U95/><E72/><V100/><F120/><W25/><G75/><T48/><D41/><U82/><E122/><V24/><F130/><W7/><G127/><T77/><D103/><U71/><E71/><V67/><F4/><W37/><G37/><T38/><D38/><U32/><E32/><V40/><F100/><W132/><G132/><T86/><D60/><U135/><E128/><V13/><F13/><W66/><G63/><T76/><D15/><U78/><E125/><V116/><F116/><W121/><G121/><T39/><D39/><U111/><E135/><V11/><F11/><W9/><G9/><T34/><D34/><U83/><E22/><N who="2" m="15639" /><F45/><W68/><G89/><T21/><D21/><U134/><E44/><V47/><F47/><W28/><REACH who="3" step="1"/><G50/><REACH who="3" ten="209,209,471,101" step="2"/><T46/><REACH who="0" step="1"/><D86/><REACH who="0" ten="199,209,471,101" step="2"/><U99/><E134/><V126/><F126/><W110/><G110/><T87/><D87/><U115/><E111/><V53/><F74/><W16/><G16/><T51/><D51/><U107/><E10/><V92/><F61/><W90/><G90/><AGARI ba="2,2" hai="46,48,52,76,77,79,80,84,90,97,102,104,117,119" machi="90" ten="40,2600,0" yaku="1,1,54,1,53,0" doraHai="27" doraHaiUra="106" who="0" fromWho="3" sc="199,52,209,0,471,0,101,-32" owari="251,5.0,209,-19.0,471,57.0,69,-43.0" /></mjloggm>