<mjloggm ver="2.3"><GO type="169" lobby="0"/><UN n0="%E3%82%A8%E3%83%88%E3%81%BA%E3%83%B3" n1="%E3%82%A6%E3%83%AB%E3%83%88%E3%83%A9%E7%AB%8B%E7%9B%B4" n2="%E3%83%9E%E3%83%84%E3%82%B6%E3%82%AD" n3="%E9%8F%A1%E4%B9%8B%E5%8A%A9" dan="17,16,16,16" rate="2183.86,2056.47,2024.21,2044.97" sx="F,M,F,M"/><TAIKYOKU oya="0"/><INIT seed="0,0,0,2,3,99" ten="250,250,250,250" oya="0" hai0="63,117,30,59,39,92,118,80,112,116,2,86,14" hai1="44,6,124,40,89,64,83,52,21,28,12,10,131" hai2="128,114,61,60,66,85,134,73,26,123,13,31,54" hai3="96,56,98,58,109,42,25,103,62,94,72,70,55"/><T129/><D2/><U43/><E124/><V20/><F73/><W106/><G72/><T45/><D112/><U93/><E64/><V95/><F114/><W0/><G0/><T88/><D129/><U57/><E131/><V15/><F134/><W38/><G109/><T27/><D14/><U48/><E83/><V71/><F123/><W115/><G115/><T18/><D18/><U32/><E32/><V75/><F75/><W133/><G133/><T130/><D130/><U8/><E8/><V101/><F128/><W108/><G108/><T11/><D11/><U126/><E126/><V100/><F13/><W53/><G70/><T17/><D17/><U90/><E43/><V78/><F15/><W36/><G42/><T74/><D45/><U120/><E120/><V68/><F68/><W33/><G25/><T82/><D39/><U69/><E69/><V7/><F7/><W97/><G33/><T127/><D127/><U16/><E93/><V77/><F77/><W122/><G122/><T22/><REACH who="0" step="1"/><D74/><REACH who="0" ten="240,250,250,250" step="2"/><U37/><E28/><V50/><F31/><W135/><G135/><T51/><D51/><U9/><E10/><V23/><F50/><W107/><G38/><T4/><D4/><U3/><AGARI ba="0,1" hai="3,6,9,12,16,21,37,40,44,48,52,57,89,90" machi="3" ten="20,5200,0" yaku="0,1,7,1,54,2" doraHai="99" who="1" fromWho="1" sc="240,-26,250,62,250,-13,250,-13" /><INIT seed="1,0,0,1,2,123" ten="214,312,237,237" oya="1" hai0="75,127,50,54,61,15,114,110,0,87,116,33,106" hai1="118,12,134,71,91,35,126,28,80,62,99,117,74" hai2="96,30,48,25,88,81,79,14,125,45,44,69,55" hai3="13,5,1,11,90,72,53,31,68,20,40,42,70"/><U9/><E91/><V56/><F69/><W100/><G72/><T85/><D75/><U130/><E99/><V2/><F2/><W78/><G78/><T6/><D33/><U105/><E80/><V52/><F125/><W17/><G100/><T93/><D106/><U41/><E62/><V58/><F14/><W119/><G119/><T43/><D116/><U19/><E41/><V133/><F133/><W67/><G53/><T60/><D114/><U82/><E82/><V36/><F36/><W131/><G131/><T18/><D43/><U26/><E71/><V23/><F79/><W122/><G122/><T107/><D107/><U46/><E46/><V108/><F108/><W7/><G7/><T84/><D110/><U47/><E47/><V24/><F24/><W63/><G90/><T29/><D29/><U32/><E74/><V86/><F96/><W34/><REACH who="3" step="1"/><G68/><REACH who="3" ten="214,312,237,227" step="2"/><T109/><D6/><U64/><E117/><V97/><REACH who="2" step="1"/><F97/><REACH who="2" ten="214,312,227,227" step="2"/><W76/><G76/><T124/><D124/><U111/><E126/><V21/><F21/><W89/><G89/><T94/><D127/><U57/><E118/><V59/><F59/><W22/><G22/><T92/><D109/><U83/><E111/><V101/><F101/><W102/><G102/><T49/><D85/><U129/><E35/><V98/><F98/><W95/><G95/><T73/><D87/><U66/><E130/><V112/><F112/><W4/><G4/><T113/><D84/><U121/><E129/><V128/><F128/><W104/><G104/><T115/><D73/><U51/><E105/><V37/><F37/><RYUUKYOKU ba="0,2" sc="214,-15,312,-15,227,15,227,15" hai2="23,25,30,44,45,48,52,55,56,58,81,86,88" hai3="1,5,11,13,17,20,31,34,40,42,63,67,70" /><INIT seed="2,1,2,3,1,78" ten="199,297,242,242" oya="2" hai0="101,103,117,122,77,112,62,100,127,102,110,10,107" hai1="14,15,48,85,119,36,113,111,125,67,29,23,22" hai2="91,86,115,47,88,42,31,106,20,61,1,104,87" hai3="32,89,27,66,99,19,120,52,17,41,12,64,57"/><V16/><F115/><W50/><G120/><T121/><D112/><U73/><E73/><V71/><F1/><W80/><G32/><T72/><D117/><U38/><E113/><V123/><F123/><W49/><G27/><T76/><D62/><U45/><E38/><V65/><F31/><W58/><G19/><T96/><D10/><U33/><E36/><V84/><F104/><W70/><G70/><T9/><D9/><U60/><E33/><V94/><F106/><W24/><G24/><T124/><D110/><U68/><E111/><V25/><F91/><W95/><G80/><N who="0" m="45063" /><D77/><U56/><E119/><V34/><F34/><W54/><REACH who="3" step="1"/><G41/><REACH who="3" ten="199,297,242,232" step="2"/><T30/><D30/><U116/><E68/><V46/><REACH who="2" step="1"/><F46/><REACH who="2" ten="199,297,232,232" step="2"/><W51/><G51/><AGARI ba="1,4" hai="16,20,25,42,47,51,61,65,71,84,86,87,88,94" machi="51" ten="30,12000,1" yaku="1,1,2,1,7,1,54,2,53,0" doraHai="78" doraHaiUra="69" who="2" fromWho="3" sc="199,0,297,0,232,163,232,-123" /><INIT seed="2,2,0,5,3,64" ten="199,297,395,109" oya="2" hai0="8,36,77,3,74,53,24,84,22,85,16,12,98" hai1="1,95,26,33,134,17,65,21,57,89,122,103,107" hai2="112,101,54,109,19,71,133,115,66,100,125,108,129" hai3="55,92,104,50,46,124,9,38,96,117,11,32,131"/><V45/><F125/><W44/><G124/><T106/><D36/><U49/><E1/><V40/><F129/><W58/><G104/><T62/><D3/><U61/><E134/><V130/><F130/><W28/><G117/><T2/><D2/><U56/><E33/><V76/><F76/><W35/><G131/><T73/><D73/><U80/><E107/><V25/><F54/><W119/><G119/><T78/><D74/><U87/><E122/><V97/><F133/><W15/><G28/><T31/><D106/><U4/><E4/><V113/><F19/><W81/><G81/><T20/><D98/><U7/><E7/><V126/><F25/><W132/><G132/><T29/><D29/><U0/><E0/><V102/><F97/><W123/><G123/><T68/><D22/><U121/><E121/><V135/><F135/><W86/><G86/><N who="0" m="33387" /><D68/><U69/><REACH who="1" step="1"/><E49/><REACH who="1" ten="199,287,395,109" step="2"/><N who="2" m="26791" /><F126/><W118/><G35/><T63/><D63/><U67/><E67/><V99/><F66/><W37/><G32/><T47/><D62/><U91/><E91/><V59/><F115/><W82/><G118/><T90/><D90/><U83/><E83/><V13/><F113/><W111/><G82/><T43/><D43/><U18/><E18/><V27/><F112/><W79/><G111/><T51/><AGARI ba="2,1" hai="8,12,16,20,24,31,47,51,53,77,78" m="33387" machi="51" ten="30,2000,0" yaku="8,1,54,1" doraHai="64" who="0" fromWho="0" sc="199,36,287,-7,395,-12,109,-7" /><INIT seed="3,0,0,3,5,3" ten="235,280,383,102" oya="3" hai0="74,16,11,7,55,34,115,100,96,6,53,2,83" hai1="17,127,43,10,51,45,59,77,66,68,44,20,13" hai2="31,25,8,76,97,105,71,98,113,81,36,111,4" hai3="27,18,132,56,78,63,85,61,37,14,109,79,116"/><W102/><G116/><T48/><D34/><U101/><E68/><V69/><F111/><W91/><G132/><T110/><D110/><U41/><E127/><V117/><F117/><W86/><G37/><T82/><D115/><U130/><E101/><N who="2" m="62639" /><F98/><W60/><G102/><T72/><D72/><U135/><E130/><V30/><F30/><W112/><G112/><T62/><D74/><U47/><E77/><V50/><F50/><W131/><G131/><T15/><D62/><U107/><E107/><V92/><F92/><W119/><G56/><T73/><D53/><U129/><E129/><V12/><F36/><W124/><G27/><T54/><D55/><U120/><E120/><V39/><F39/><W9/><G124/><T49/><D49/><U133/><E47/><V64/><F64/><W26/><G119/><T24/><D24/><U121/><E121/><V67/><F67/><W40/><G40/><T42/><D42/><U32/><E32/><V38/><F38/><W94/><G109/><T21/><D73/><U118/><E118/><V33/><F113/><W29/><REACH who="3" step="1"/><G86/><REACH who="3" ten="235,280,383,92" step="2"/><T114/><D114/><U128/><E128/><V35/><F71/><W0/><G0/><T22/><D100/><U19/><E133/><V88/><F69/><W1/><G1/><T104/><D2/><U28/><E135/><V93/><F25/><W125/><G125/><T87/><D87/><U90/><E43/><V57/><F57/><W126/><G126/><T46/><D96/><U103/><E41/><V75/><F31/><W106/><G106/><T5/><D104/><U58/><E28/><RYUUKYOKU ba="0,1" sc="235,10,280,-30,383,10,92,10" hai0="5,6,7,11,15,16,21,22,46,48,54,82,83" hai2="4,8,12,33,35,75,76,81,88,93" hai3="9,14,18,26,29,60,61,63,78,79,85,91,94" /><INIT seed="3,1,1,2,5,101" ten="245,250,393,102" oya="3" hai0="102,28,87,112,104,43,62,32,105,4,34,127,23" hai1="118,1,40,65,110,71,76,106,60,73,107,8,90" hai2="119,14,5,108,29,63,89,9,41,19,133,70,94" hai3="42,16,99,64,22,80,51,36,17,86,130,75,18"/><W55/><G130/><T11/><D102/><U26/><E90/><V114/><F108/><W48/><G75/><T57/><D43/><U54/><E54/><V69/><F114/><W74/><G74/><T83/><D112/><U79/><E79/><V125/><F119/><W98/><G36/><T116/><D116/><U128/><E118/><V109/><F109/><W52/><G64/><T13/><D127/><U37/><E110/><V131/><F131/><W21/><G42/><T33/><D23/><N who="3" m="8713" /><G86/><T50/><D50/><N who="3" m="18985" /><G80/><T88/><REACH who="0" step="1"/><D28/><REACH who="0" ten="235,250,393,102" step="2"/><U97/><E128/><V47/><F29/><W84/><G84/><T85/><D85/><U132/><E97/><AGARI ba="1,2" hai="16,17,18,52,55,97,98,99" m="18985,8713" machi="97" ten="30,12000,1" yaku="28,2,8,1,54,2" doraHai="101" who="3" fromWho="1" sc="235,0,250,-123,393,0,102,143" /><INIT seed="3,2,0,3,4,30" ten="235,127,393,245" oya="3" hai0="113,25,135,85,36,53,21,31,20,116,67,13,29" hai1="125,126,60,95,102,84,2,15,40,103,43,42,18" hai2="33,83,8,66,81,98,118,58,131,76,39,114,127" hai3="3,38,32,5,61,109,11,104,80,52,69,27,1"/><W23/><G104/><T101/><D36/><U108/><E2/><V119/><F39/><W97/><G109/><T63/><D116/><U45/><E108/><V74/><F114/><W82/><G38/><T14/><D113/><U64/><E126/><V87/><F127/><W50/><G97/><T122/><D122/><U92/><E125/><V130/><F33/><W59/><G1/><T26/><D135/><U7/><E7/><V89/><F8/><W86/><G82/><T0/><D0/><U90/><E45/><V105/><F58/><W34/><G69/><T56/><D101/><U44/><E44/><V55/><F55/><W132/><G61/><T99/><D99/><U123/><E123/><V49/><F49/><W62/><G62/><T72/><D72/><U107/><E107/><V73/><F66/><W70/><G70/><T93/><D67/><U110/><E95/><N who="2" m="56687" /><F105/><W134/><G132/><T35/><D35/><U117/><E117/><N who="2" m="44555" /><F73/><W120/><G120/><T19/><D19/><U54/><E54/><V46/><F46/><W4/><G4/><T75/><D75/><U78/><E110/><V10/><F10/><W115/><G115/><T51/><D63/><U68/><REACH who="1" step="1"/><E78/><AGARI ba="2,0" hai="74,76,78,81,83,87,130,131" m="44555,56687" machi="78" ten="30,2000,0" yaku="34,2" doraHai="30" who="2" fromWho="1" sc="235,0,127,-26,393,26,245,0" /><INIT seed="4,0,0,0,3,91" ten="235,101,419,245" oya="0" hai0="103,119,99,94,55,33,23,126,80,100,32,63,21" hai1="9,11,98,64,29,66,134,90,8,86,30,122,45" hai2="0,52,101,2,53,131,41,76,125,44,12,25,39" hai3="7,132,3,128,38,6,89,37,95,75,17,50,83"/><T78/><D119/><U20/><E122/><V127/><F131/><W43/><G128/><T84/><D126/><N who="2" m="48138" /><F101/><W121/><G121/><T22/><D103/><U59/><E134/><V48/><F76/><W18/><G132/><T130/><D130/><U58/><E98/><V31/><F12/><W56/><G38/><T47/><D47/><U109/><E45/><N who="2" m="27663" /><F53/><N who="3" m="31799" /><G75/><T70/><REACH who="0" step="1"/><D55/><REACH who="0" ten="225,101,419,245" step="2"/><U51/><E109/><V117/><F117/><W102/><G43/><T88/><D88/><U61/><E64/><AGARI ba="0,1" hai="21,22,23,32,33,63,64,70,78,80,84,94,99,100" machi="64" ten="40,3900,0" yaku="1,1,52,1,53,0" doraHai="91" doraHaiUra="112" who="0" fromWho="1" sc="225,49,101,-39,419,0,245,0" /><INIT seed="4,1,0,2,2,53" ten="274,62,419,245" oya="0" hai0="19,91,42,101,33,128,118,114,22,46,23,30,74" hai1="106,21,77,80,79,25,96,110,29,67,2,63,31" hai2="83,3,38,82,47,124,40,97,126,36,52,8,105" hai3="88,119,107,56,103,37,109,32,7,14,20,39,44"/><T90/><D118/><U26/><E2/><V18/><F38/><W64/><G119/><T85/><D74/><U54/><E110/><V98/><F52/><W60/><G109/><T131/><D101/><U93/><E106/><V111/><F111/><W62/><G32/><T122/><D122/><U104/><E54/><V9/><F9/><W68/><G44/><T130/><D114/><U43/><E43/><V134/><F134/><W51/><G51/><T76/><D76/><U28/><E104/><V41/><F41/><W4/><G39/><T87/><D33/><U10/><E10/><V78/><F105/><W55/><G37/><N who="0" m="21839" /><D30/><U61/><E61/><V95/><F95/><W59/><G68/><T45/><D45/><U116/><E116/><V57/><F57/><W129/><G129/><T65/><D65/><U50/><E77/><V0/><F0/><W11/><G20/><N who="0" m="7723" /><D19/><U84/><E26/><V48/><F48/><W15/><G103/><T99/><D99/><N who="2" m="37898" /><F83/><W49/><G107/><T73/><D73/><U35/><E50/><V125/><F18/><W89/><REACH who="3" step="1"/><G49/><REACH who="3" ten="274,62,419,235" step="2"/><T71/><D71/><U132/><E35/><V69/><F69/><W6/><G6/><T13/><D13/><U58/><E132/><V102/><F102/><AGARI ba="1,1" hai="21,25,28,29,31,58,63,67,79,80,84,93,96,102" machi="102" ten="30,8000,1" yaku="7,1,25,2,8,1,52,1" doraHai="53" who="1" fromWho="2" sc="274,0,62,93,419,-83,235,0" /><INIT seed="5,0,0,0,1,40" ten="274,155,336,235" oya="1" hai0="44,30,87,123,51,124,134,4,8,131,34,0,101" hai1="60,79,127,73,120,2,82,31,9,111,55,108,92" hai2="99,63,20,29,109,77,39,23,100,5,94,25,57" hai3="80,125,133,56,26,103,37,93,61,15,43,47,117"/><U17/><E120/><V66/><F109/><N who="1" m="42057" /><E127/><V119/><F119/><W33/><G125/><T116/><D124/><U7/><E31/><V104/><F39/><W88/><G117/><T6/><D116/><U89/><E17/><V76/><F104/><W71/><G133/><T110/><D110/><U35/><E35/><V83/><F83/><W16/><G71/><T105/><D134/><U18/><E18/><V74/><F74/><W85/><G33/><T115/><D123/><U126/><E126/><V81/><F81/><W3/><G26/><T50/><D6/><U72/><E60/><V12/><F23/><W95/><G3/><T128/><D30/><U64/><E64/><V132/><F132/><W91/><G103/><T24/><D24/><U19/><E19/><V130/><F130/><W21/><G91/><T96/><D34/><U45/><E73/><V49/><F49/><W67/><AGARI ba="0,0" hai="15,16,21,37,43,47,56,61,67,80,85,88,93,95" machi="67" ten="20,8000,1" yaku="0,1,7,1,52,1,54,2" doraHai="40" who="3" fromWho="3" sc="274,-20,155,-40,336,-20,235,80" /><INIT seed="6,0,0,1,4,46" ten="254,115,316,315" oya="2" hai0="47,39,41,124,125,108,80,99,19,70,36,51,83" hai1="88,44,101,53,105,123,111,96,3,74,38,1,40" hai2="62,77,8,69,55,89,106,31,63,13,66,64,22" hai3="12,103,135,131,37,128,79,102,122,127,17,29,59"/><V4/><F106/><W16/><G37/><T71/><D99/><U10/><E111/><V129/><F129/><N who="3" m="49739" /><G122/><T93/><D93/><U42/><E123/><V134/><F134/><W33/><G135/><T82/><D108/><U18/><E42/><V81/><F89/><W48/><G79/><T126/><REACH who="0" step="1"/><D19/><REACH who="0" ten="244,115,316,315" step="2"/><U20/><E96/><V133/><F133/><W57/><G17/><T76/><D76/><U107/><E18/><V73/><F31/><W60/><G29/><T5/><D5/><U104/><E104/><V54/><REACH who="2" step="1"/><F22/><REACH who="2" ten="244,115,306,315" step="2"/><W117/><G33/><T68/><AGARI ba="0,2" hai="36,39,41,47,51,68,70,71,80,82,83,124,125,126" machi="68" ten="50,12000,2" yaku="1,1,0,1,29,2,18,1,52,1,53,0" doraHai="46" doraHaiUra="9" who="0" fromWho="0" sc="244,140,115,-30,306,-60,315,-30" /><INIT seed="7,0,0,3,1,21" ten="384,85,246,285" oya="3" hai0="67,39,69,91,81,71,61,62,75,125,7,131,64" hai1="122,53,116,41,49,132,65,60,117,48,92,63,76" hai2="9,25,99,95,108,35,119,86,102,4,28,80,56" hai3="36,46,72,88,112,121,27,44,6,30,55,29,120"/><W114/><G72/><T22/><D39/><U115/><E92/><V31/><F108/><W83/><G6/><T51/><D125/><U26/><E76/><V101/><F119/><W18/><G36/><T133/><D133/><U5/><E5/><V33/><F56/><W3/><G3/><T38/><D38/><U127/><E26/><V98/><F31/><N who="3" m="11787" /><G55/><T50/><D131/><U43/><E65/><V40/><F40/><W12/><G12/><T93/><D22/><U59/><E59/><V100/><F35/><W68/><G68/><T126/><D126/><U17/><E17/><V82/><F86/><N who="3" m="50271" /><G46/><T15/><D15/><U84/><E84/><V32/><F32/><W124/><G44/><T87/><D7/><U134/><E127/><V47/><F47/><W19/><G124/><T94/><D94/><U104/><E104/><V8/><F102/><W73/><G73/><T109/><D109/><U135/><E135/><V110/><F110/><W10/><G10/><T74/><D74/><U11/><E11/><V42/><F42/><W45/><G45/><T85/><D75/><U70/><E70/><V13/><F9/><W34/><G34/><T90/><AGARI ba="0,0" hai="50,51,61,62,64,67,69,71,81,85,87,90,91,93" machi="90" ten="20,2700,0" yaku="0,1,7,1,9,1" doraHai="21" who="0" fromWho="0" sc="384,27,85,-7,246,-7,285,-13" owari="411,51.0,78,-42.0,239,-16.0,272,7.0" /></mjloggm>