<mjloggm ver="2.3"><GO type="97" lobby="0"/><UN n0="%E7%81%AB%E9%87%8E%E6%98%A0%E5%8F%B8" n1="%E3%83%A9%E3%82%A4%E3%83%95%E3%83%91%E3%83%BC%E3%83%88%E3%83%8A%E3%83%BC" n2="%E4%B8%8A%E9%87%8D%E6%BC%AB" n3="%E3%82%A6%E3%83%AB%E3%83%88%E3%83%A9%E7%AB%8B%E7%9B%B4" dan="14,13,13,15" rate="1918.78,1806.89,1884.93,1982.32" sx="M,M,F,M"/><TAIKYOKU oya="0"/><INIT seed="0,0,0,5,0,110" ten="250,250,250,250" oya="0" hai0="80,106,48,56,103,132,12,86,26,89,67,115,46" hai1="9,32,54,43,7,30,75,44,64,121,83,13,112" hai2="19,17,61,37,92,104,28,20,113,1,10,134,117" hai3="52,131,126,22,122,93,57,39,114,85,59,42,129"/><T81/><D132/><U3/><E121/><V116/><F104/><W33/><G33/><T119/><D119/><N who="2" m="45642" /><F37/><W29/><G59/><T72/><D115/><U71/><E54/><V62/><F134/><W109/><G42/><T25/><D12/><U120/><E120/><V58/><F113/><W2/><G2/><T74/><D106/><U128/><E128/><V90/><F28/><W65/><G39/><T123/><D103/><U34/><E30/><V77/><F77/><W102/><G114/><T127/><D127/><U101/><E101/><V4/><F61/><W16/><G126/><T66/><D123/><U107/><E112/><V51/><F51/><W105/><G29/><T60/><D67/><U53/><E53/><N who="2" m="34127" /><F20/><W97/><G65/><T135/><D135/><U18/><E107/><V111/><F111/><W55/><G122/><T63/><D63/><N who="1" m="40351" /><E18/><V68/><F68/><W5/><G109/><T8/><D8/><U108/><E13/><V50/><F50/><W45/><G129/><T70/><D70/><U24/><E24/><V6/><F6/><W40/><G5/><T76/><REACH who="0" step="1"/><D74/><REACH who="0" ten="240,250,250,250" step="2"/><U27/><E27/><V14/><F14/><N who="3" m="9495" /><G105/><T133/><D133/><U21/><E108/><V84/><AGARI ba="0,1" hai="1,4,10,17,19,84,90,92" m="34127,45642" machi="84" ten="30,1100,0" yaku="12,1" doraHai="110" who="2" fromWho="2" sc="240,-5,250,-3,250,21,250,-3" /><INIT seed="1,0,0,5,2,29" ten="235,247,271,247" oya="1" hai0="128,23,49,99,16,102,28,120,90,87,91,11,68" hai1="19,125,127,107,63,22,53,45,60,40,66,93,8" hai2="58,4,15,51,43,80,37,105,77,41,101,62,14" hai3="94,123,108,134,59,114,24,83,36,76,89,118,6"/><U78/><E107/><V103/><F37/><W70/><G70/><T71/><D68/><U75/><E75/><V117/><F105/><W74/><G114/><T17/><D71/><U52/><E78/><V32/><F117/><W35/><G123/><T135/><D120/><U30/><E8/><N who="2" m="4359" /><F32/><W3/><G118/><T119/><D119/><U20/><E93/><V46/><F41/><W110/><G134/><T130/><D135/><U27/><E63/><V44/><F44/><W39/><G59/><T12/><D28/><U98/><E98/><V7/><F77/><W67/><G67/><T10/><D49/><N who="1" m="26791" /><E60/><V42/><F42/><W85/><G39/><T81/><D91/><U64/><E125/><V47/><F80/><W109/><G36/><T82/><D82/><U97/><E97/><V121/><F47/><W112/><G112/><T34/><D34/><U57/><E127/><V73/><F73/><W84/><G74/><T86/><D86/><U131/><E131/><N who="0" m="50217" /><D17/><U48/><E53/><N who="2" m="34127" /><F121/><W5/><G3/><T33/><D33/><U95/><E95/><AGARI ba="0,0" hai="10,11,12,16,23,81,87,90,95,99,102" m="50217" machi="95" ten="30,2000,0" yaku="19,1,54,1" doraHai="29" who="0" fromWho="1" sc="235,20,247,-20,271,0,247,0" /><INIT seed="2,0,0,5,1,115" ten="255,227,271,247" oya="2" hai0="23,22,126,40,82,43,59,70,37,39,19,16,45" hai1="72,62,17,52,105,11,60,18,69,100,78,6,63" hai2="24,68,121,36,38,127,49,83,76,33,129,91,26" hai3="92,71,132,67,31,1,112,51,94,29,123,73,116"/><V20/><F121/><W53/><G1/><T81/><D70/><U74/><E69/><V128/><F68/><W10/><G73/><T125/><REACH who="0" step="1"/><D59/><REACH who="0" ten="245,227,271,247" step="2"/><U117/><E117/><V119/><F119/><W79/><G116/><T103/><D103/><U15/><E105/><V88/><F127/><W95/><G71/><T57/><D57/><U111/><E100/><V54/><F38/><W3/><G112/><T48/><D48/><U35/><E111/><V114/><F36/><W108/><G51/><T28/><D28/><U75/><E78/><V93/><F114/><W97/><G31/><T110/><D110/><U14/><E35/><V41/><F128/><W66/><G29/><T4/><D4/><U87/><E87/><V99/><F129/><W107/><G79/><T25/><D25/><U13/><REACH who="1" step="1"/><E52/><REACH who="1" ten="245,217,271,247" step="2"/><V50/><F33/><W134/><G53/><T8/><D8/><U106/><E106/><V7/><F54/><W85/><G108/><T102/><D102/><U21/><E21/><V58/><F20/><W44/><G85/><T55/><D55/><U122/><E122/><V98/><F76/><W89/><G123/><T109/><D109/><U47/><E47/><AGARI ba="0,2" hai="16,19,22,23,37,39,40,43,45,47,81,82,125,126" machi="47" ten="25,12000,2" yaku="1,1,22,2,54,1,53,2" doraHai="115" doraHaiUra="42" who="0" fromWho="1" sc="245,140,217,-120,271,0,247,0" /><INIT seed="3,0,0,1,3,51" ten="385,97,271,247" oya="3" hai0="57,75,95,93,5,126,110,25,35,59,37,97,130" hai1="124,41,6,74,61,84,56,11,131,129,113,62,63" hai2="15,65,4,21,123,92,112,73,28,18,60,111,69" hai3="17,19,117,94,50,121,64,10,79,115,3,8,26"/><W43/><G117/><T66/><D75/><U116/><E84/><V9/><F112/><W38/><G38/><T87/><D37/><U36/><E74/><V101/><F73/><W133/><G121/><T91/><D130/><U83/><E83/><V33/><F123/><W118/><G118/><T47/><D126/><U80/><E80/><V77/><F111/><W102/><G115/><T128/><D110/><U71/><E11/><N who="3" m="4138" /><G133/><T32/><D128/><N who="1" m="49227" /><E6/><V78/><F101/><W53/><G3/><T29/><D5/><U23/><E23/><V106/><F92/><W34/><G34/><T12/><D12/><U67/><E113/><V24/><F106/><W119/><G119/><T135/><D135/><U90/><E90/><V13/><AGARI ba="0,0" hai="4,9,13,15,18,21,24,28,33,60,65,69,77,78" machi="13" ten="20,1500,0" yaku="0,1,7,1" doraHai="51" who="2" fromWho="2" sc="385,-4,97,-4,271,15,247,-7" owari="381,48.0,93,-41.0,286,9.0,240,-16.0" /></mjloggm>