<mjloggm ver="2.3"><GO type="97" lobby="0"/><UN n0="%61%76%72%69%76%61%61%76" n1="%E2%98%85%73%61%6D%61%6E%73%61" n2="%E3%82%A6%E3%83%AB%E3%83%88%E3%83%A9%E7%AB%8B%E7%9B%B4" n3="%E3%83%92%E3%82%B7%E3%83%A3%E3%83%BC%E3%83%A0" dan="14,13,15,15" rate="1917.10,1888.13,2004.70,2000.22" sx="F,F,M,M"/><TAIKYOKU oya="0"/><INIT seed="0,0,0,2,5,57" ten="250,250,250,250" oya="0" hai0="125,53,19,106,79,21,24,96,66,126,69,1,72" hai1="80,111,44,8,119,11,83,5,99,56,132,28,35" hai2="107,18,105,31,59,61,60,120,20,14,133,127,129" hai3="63,27,84,78,123,73,32,10,100,26,3,30,98"/><T102/><D1/><U121/><E119/><V15/><F120/><W124/><G123/><T36/><D36/><U48/><E121/><V74/><F74/><W88/><G124/><T91/><D53/><U92/><E111/><V94/><F31/><W17/><G73/><T70/><D91/><U39/><E39/><V81/><F127/><N who="0" m="48650" /><D66/><U113/><E132/><V115/><F115/><W112/><G78/><T97/><D97/><U64/><E28/><V134/><F129/><W122/><G112/><T65/><D65/><U75/><E75/><V116/><F81/><AGARI ba="0,0" hai="19,21,24,69,70,72,79,81,96,102,106" m="48650" machi="81" ten="30,1500,0" yaku="18,1" doraHai="57" who="0" fromWho="2" sc="250,15,250,0,250,-15,250,0" /><INIT seed="0,1,0,3,1,86" ten="265,250,235,250" oya="0" hai0="92,12,9,133,36,3,90,57,4,45,11,41,30" hai1="31,121,35,70,33,118,0,89,67,14,112,107,27" hai2="115,135,42,61,26,94,81,24,56,132,95,131,88" hai3="1,124,119,85,125,127,73,109,53,75,84,122,59"/><T5/><D133/><N who="2" m="51274" /><F115/><W105/><G1/><T18/><D30/><U51/><E118/><V8/><F131/><W43/><G43/><T60/><D18/><U19/><E121/><V104/><F104/><W50/><G119/><T130/><D130/><U13/><E107/><V123/><F123/><W69/><G122/><T64/><REACH who="0" step="1"/><D92/><REACH who="0" ten="255,250,235,250" step="2"/><U38/><E112/><V21/><F94/><W62/><G105/><T52/><D52/><U126/><E35/><V97/><F42/><W2/><G109/><T34/><D34/><U129/><E129/><V74/><F8/><W17/><G17/><T80/><D80/><U82/><E82/><V96/><F21/><W117/><G117/><T71/><D71/><U25/><E70/><V113/><F113/><W68/><G68/><T15/><D15/><U103/><E14/><V7/><F7/><W101/><G2/><T39/><D39/><U32/><E38/><V6/><F6/><W114/><G114/><T63/><D63/><U44/><E33/><V40/><F40/><W58/><G69/><T93/><D93/><U76/><E32/><V110/><F110/><W55/><G101/><T47/><D47/><U10/><E44/><V23/><F23/><W102/><G102/><T20/><D20/><U78/><E13/><V100/><F100/><W128/><G128/><T22/><D22/><U83/><E103/><V72/><F97/><W79/><G79/><T99/><D99/><U46/><E78/><N who="2" m="44231" /><F74/><AGARI ba="1,1" hai="50,53,55,58,59,62,73,74,75,84,85,124,125,127" machi="74" ten="50,1600,0" yaku="18,1" doraHai="86" who="3" fromWho="2" sc="255,0,250,0,235,-19,250,29" /><INIT seed="1,0,0,2,1,116" ten="255,250,216,279" oya="1" hai0="135,69,1,36,129,24,20,99,61,79,85,91,22" hai1="8,10,105,59,90,121,113,63,71,12,96,102,112" hai2="30,75,83,60,32,26,106,15,124,33,120,55,4" hai3="103,64,68,84,82,58,28,122,46,43,7,39,18"/><U114/><E71/><V29/><F106/><W118/><G118/><T73/><D135/><U126/><E126/><V67/><F55/><W80/><G28/><T0/><D129/><U131/><E131/><V54/><F54/><W81/><G103/><T38/><D99/><U16/><E90/><V44/><F124/><W17/><G68/><T93/><D22/><U89/><E89/><V47/><F120/><W125/><G125/><T2/><D79/><U78/><E78/><V56/><F75/><W107/><G107/><T115/><D73/><U104/><E104/><V134/><F134/><W48/><G122/><T65/><REACH who="0" step="1"/><D115/><REACH who="0" ten="245,250,216,279" step="2"/><U52/><E121/><V98/><F98/><W25/><G84/><T128/><D128/><U66/><E66/><V23/><F23/><W45/><G64/><T76/><D76/><U95/><E105/><V110/><F67/><W13/><G25/><T111/><D111/><U14/><E114/><V37/><F110/><W100/><G100/><T72/><D72/><U86/><REACH who="1" step="1"/><E86/><REACH who="1" ten="245,240,216,279" step="2"/><V50/><F83/><W51/><G82/><T130/><D130/><U101/><E101/><V108/><F108/><W40/><G81/><T133/><D133/><U77/><E77/><V119/><F119/><W41/><G80/><T5/><D5/><AGARI ba="0,2" hai="5,8,10,12,14,16,52,59,63,95,96,102,112,113" machi="5" ten="30,12000,1" yaku="1,1,7,1,54,2,53,1" doraHai="116" doraHaiUra="53" who="1" fromWho="0" sc="245,-120,240,140,216,0,279,0" /><INIT seed="1,1,0,3,4,78" ten="125,380,216,279" oya="1" hai0="73,131,91,14,124,46,42,74,31,66,49,114,61" hai1="9,16,79,87,113,55,86,130,80,25,84,30,95" hai2="26,117,100,64,82,112,126,36,76,107,108,111,18" hai3="67,115,83,92,133,29,62,40,56,53,7,103,52"/><U106/><E113/><V0/><F0/><W65/><G115/><T97/><D114/><U105/><E130/><V102/><F36/><W2/><G133/><T23/><D131/><U96/><E55/><V68/><F117/><W10/><G29/><T4/><D124/><U116/><E116/><V94/><F126/><W63/><G40/><T22/><D74/><U44/><E44/><V128/><F128/><W101/><G83/><T17/><D73/><U12/><E106/><V123/><F107/><W32/><G32/><T24/><D4/><U27/><E105/><V39/><F39/><W51/><G51/><T57/><D97/><U35/><E27/><V45/><F123/><W120/><G120/><T59/><REACH who="0" step="1"/><D91/><AGARI ba="1,0" hai="9,12,16,25,30,35,79,80,84,86,87,91,95,96" machi="91" ten="30,5800,0" yaku="7,1,52,1,54,1" doraHai="78" who="1" fromWho="0" sc="125,-61,380,61,216,0,279,0" /><INIT seed="1,2,0,5,0,114" ten="64,441,216,279" oya="1" hai0="78,59,62,45,48,2,69,54,57,38,32,11,23" hai1="66,99,15,128,67,4,22,73,108,25,63,27,36" hai2="46,70,50,24,6,39,84,115,21,118,88,13,33" hai3="17,109,106,72,37,55,111,105,117,83,43,53,3"/><U95/><E36/><V76/><F70/><W71/><G71/><T60/><D78/><U1/><E1/><V14/><F39/><W18/><G3/><T56/><D23/><U42/><E73/><V98/><F33/><W103/><G37/><T116/><D11/><U101/><E42/><V112/><F115/><W110/><G43/><N who="0" m="22775" /><D32/><U86/><E128/><V126/><F118/><W135/><G135/><T8/><D8/><U100/><E86/><V81/><F126/><W130/><G130/><T51/><D2/><U122/><E122/><V64/><F64/><W113/><G113/><T12/><D12/><U19/><E4/><V93/><F112/><W87/><G72/><T96/><D96/><U74/><E74/><V30/><REACH who="2" step="1"/><F6/><REACH who="2" ten="64,441,206,279" step="2"/><W133/><G117/><T124/><D116/><U91/><E67/><V9/><F9/><W79/><G133/><T29/><D124/><U26/><REACH who="1" step="1"/><E108/><REACH who="1" ten="64,431,206,279" step="2"/><V89/><F89/><W10/><G111/><T123/><D123/><U34/><E34/><V52/><AGARI ba="2,2" hai="13,14,21,24,30,46,50,52,76,81,84,88,93,98" machi="52" ten="20,12000,2" yaku="1,1,0,1,7,1,8,1,54,2,53,0" doraHai="114" doraHaiUra="129" who="2" fromWho="2" sc="64,-32,431,-62,206,146,279,-32" /><INIT seed="2,0,0,3,2,76" ten="32,369,352,247" oya="2" hai0="135,111,5,125,40,71,102,27,104,127,106,29,84" hai1="109,45,118,55,91,82,87,126,15,53,6,95,17" hai2="81,11,56,112,119,9,68,107,44,21,51,41,60" hai3="20,2,64,1,100,7,114,120,132,28,131,62,99"/><V94/><F107/><W24/><G120/><T46/><D71/><U67/><E118/><V97/><F68/><W48/><G132/><T83/><D5/><U49/><E109/><V58/><F112/><W103/><G131/><T32/><D111/><U78/><E126/><V116/><F119/><W74/><G114/><T23/><D135/><U77/><E67/><V57/><F116/><W98/><G74/><T14/><D102/><U37/><E37/><V69/><F21/><W33/><G48/><T70/><D70/><U35/><E35/><V122/><F122/><W12/><G12/><T73/><D73/><U8/><E6/><V108/><F108/><W93/><G7/><T92/><D92/><U90/><E55/><V19/><F69/><W16/><G33/><T30/><D30/><U85/><AGARI ba="0,0" hai="8,15,17,45,49,53,77,78,82,85,87,90,91,95" machi="85" ten="20,12000,2" yaku="0,1,7,1,25,2,8,1,52,1" doraHai="76" who="1" fromWho="1" sc="32,-30,369,120,352,-60,247,-30" /><INIT seed="3,0,0,4,3,103" ten="2,489,292,217" oya="3" hai0="105,54,81,107,72,35,127,126,49,57,135,71,119" hai1="106,66,122,104,17,56,6,116,7,12,47,42,94" hai2="52,39,67,102,13,82,63,34,31,78,95,69,108" hai3="84,58,60,85,101,48,79,44,130,92,112,10,50"/><W118/><G112/><T129/><D35/><U18/><E122/><V43/><F13/><W114/><G118/><T133/><D71/><U88/><E116/><V87/><F95/><W0/><G114/><T111/><D119/><U70/><E70/><V75/><F52/><N who="3" m="33863" /><G0/><T97/><D97/><N who="1" m="57543" /><E104/><N who="0" m="40009" /><D111/><U73/><E106/><V8/><F87/><N who="3" m="33355" /><G130/><T20/><D20/><N who="1" m="11303" /><E73/><V28/><F102/><W113/><G113/><T132/><D81/><U109/><E109/><V98/><F98/><N who="3" m="59591" /><G10/><T33/><D72/><U89/><E18/><V5/><F31/><W74/><G74/><T26/><D26/><U29/><E29/><V41/><F108/><W77/><G50/><T38/><D38/><U117/><E117/><V120/><F120/><W91/><G91/><T61/><D61/><N who="1" m="38183" /><E89/><V14/><F14/><W134/><G134/><T22/><D22/><U24/><E24/><V53/><F34/><W4/><G4/><T1/><D1/><U15/><E15/><V90/><F28/><W40/><G79/><T51/><D51/><AGARI ba="0,0" hai="6,7,42,47,51" m="38183,11303,57543" machi="51" ten="30,2000,0" yaku="8,1,54,1" doraHai="103" who="1" fromWho="0" sc="2,-20,489,20,292,0,217,0" owari="-18,-52.0,509,61.0,292,9.0,217,-18.0" /></mjloggm>