<mjloggm ver="2.3"><GO type="97" lobby="0"/><UN n0="%E5%A4%A2%E7%8E%96%E6%96%97" n1="%49%53%53%4F%4E%32" n2="%E3%82%A6%E3%83%AB%E3%83%88%E3%83%A9%E7%AB%8B%E7%9B%B4" n3="%42%2E%54%2E" dan="14,13,15,14" rate="1999.46,1921.38,2026.53,1845.28" sx="M,M,M,M"/><TAIKYOKU oya="0"/><INIT seed="0,0,0,0,2,20" ten="250,250,250,250" oya="0" hai0="56,47,73,127,35,72,99,106,43,37,33,45,65" hai1="111,4,59,58,110,89,78,118,6,67,61,87,51" hai2="132,77,85,53,36,17,93,125,75,76,54,113,66" hai3="123,5,119,96,24,26,42,131,32,107,50,60,103"/><T94/><D127/><U68/><E118/><V0/><F75/><W49/><G119/><T71/><D47/><U134/><E78/><V100/><F0/><W102/><G5/><N who="1" m="2154" /><E51/><V46/><F36/><W84/><G102/><N who="0" m="62815" /><D56/><U40/><E40/><V122/><F125/><W88/><G131/><T116/><D94/><N who="1" m="54591" /><E134/><V114/><F132/><W92/><G123/><T52/><D52/><U133/><E133/><V128/><F54/><W44/><G60/><N who="0" m="40359" /><D116/><U31/><E31/><V22/><F53/><W80/><G32/><AGARI ba="0,0" hai="32,33,35,37,43,45,72,73" m="40359,62815" machi="32" ten="30,2900,0" yaku="33,2" doraHai="20" who="0" fromWho="3" sc="250,29,250,0,250,0,250,-29" /><INIT seed="0,1,0,1,1,103" ten="279,250,250,221" oya="0" hai0="48,120,123,83,35,38,61,66,85,118,37,109,100" hai1="80,2,91,92,96,27,125,134,89,55,93,32,8" hai2="122,47,115,18,28,119,71,95,21,22,84,45,64" hai3="56,127,129,69,25,23,74,72,104,12,26,65,42"/><T20/><D35/><U11/><E80/><V41/><F122/><W50/><G69/><T82/><D118/><U58/><E2/><V70/><F115/><W132/><G132/><T39/><D100/><U6/><E6/><V116/><F28/><W90/><G104/><T97/><D97/><U67/><E67/><V33/><F33/><W60/><G127/><T108/><D20/><U76/><E76/><V79/><F79/><W133/><G133/><T62/><D85/><U44/><E44/><V98/><F84/><W101/><G129/><T121/><D48/><U81/><E81/><N who="0" m="30729" /><D66/><U31/><E134/><V99/><F64/><W17/><G101/><T7/><D7/><U107/><E125/><V135/><F135/><W16/><G90/><T77/><D77/><U112/><E112/><V63/><F95/><W0/><G0/><T128/><D128/><U102/><E93/><V40/><REACH who="2" step="1"/><F63/><AGARI ba="1,0" hai="37,38,39,61,62,63,108,109,120,121,123" m="30729" machi="63" ten="50,4800,0" yaku="28,2" doraHai="103" who="0" fromWho="2" sc="279,51,250,0,250,-51,221,0" /><INIT seed="0,2,0,4,5,59" ten="330,250,199,221" oya="0" hai0="40,98,67,80,29,20,74,125,71,130,134,9,102" hai1="36,91,69,89,115,128,5,12,37,55,50,127,46" hai2="117,119,132,1,24,44,33,16,104,126,38,94,66" hai3="124,19,7,60,87,23,96,15,26,62,75,111,11"/><T49/><D134/><U100/><E69/><V113/><F104/><W107/><G111/><T103/><D130/><U82/><E128/><V3/><F113/><W77/><G75/><T99/><D125/><U129/><E129/><V93/><F126/><W25/><G124/><T28/><D74/><U4/><E127/><V53/><F132/><W56/><G56/><T34/><D80/><U51/><E100/><V118/><F66/><W48/><G26/><T121/><D121/><U76/><E115/><V106/><F106/><W135/><G135/><T110/><D34/><U47/><E76/><V78/><F78/><W39/><G39/><T68/><D20/><U0/><E0/><N who="2" m="75" /><F33/><W83/><REACH who="3" step="1"/><G48/><REACH who="3" ten="330,250,199,211" step="2"/><T41/><D49/><U54/><E12/><V42/><F53/><W31/><G31/><T58/><D58/><U65/><E65/><V97/><F97/><W17/><G17/><T92/><D67/><U57/><E57/><V43/><F43/><W105/><G105/><T13/><D110/><U114/><E114/><V2/><N who="2" m="83" /><V84/><DORA hai="79" /><F84/><W30/><G30/><T21/><D29/><U73/><E73/><V70/><F70/><W85/><G85/><T122/><D71/><U6/><E6/><V22/><AGARI ba="2,1" hai="16,22,24,38,42,44,93,94,117,118,119" m="83" machi="22" ten="50,3200,0" yaku="12,1,54,1" doraHai="59,79" who="2" fromWho="2" sc="330,-18,250,-10,199,48,211,-10" /><INIT seed="1,0,0,0,2,75" ten="312,240,247,201" oya="1" hai0="109,111,106,108,121,0,64,54,10,127,78,66,76" hai1="19,30,32,104,69,100,83,44,124,39,12,123,4" hai2="2,17,15,63,27,20,117,48,62,46,38,59,7" hai3="70,103,25,67,13,36,102,81,23,6,9,42,8"/><U53/><E123/><V96/><F38/><W135/><G135/><T45/><D121/><U47/><E69/><V21/><F117/><W90/><G67/><N who="0" m="25643" /><D106/><U71/><E71/><V85/><F2/><W52/><G70/><T116/><D116/><U133/><E4/><V101/><F59/><W99/><G9/><T1/><D127/><U95/><E104/><V35/><F35/><W56/><G42/><T125/><D125/><U37/><E124/><V61/><F85/><N who="3" m="50479" /><G36/><T77/><D10/><U33/><E133/><V26/><F7/><W88/><G88/><T94/><D94/><U74/><E37/><V11/><F11/><W92/><G92/><T119/><D119/><U87/><E74/><V43/><REACH who="2" step="1"/><F21/><REACH who="2" ten="312,240,237,201" step="2"/><W82/><G8/><T73/><D73/><U51/><E39/><V3/><F3/><N who="0" m="1098" /><D45/><U130/><E33/><V118/><F118/><W126/><G6/><T80/><D80/><U112/><E44/><V86/><F86/><W113/><G82/><T41/><D54/><U110/><E47/><V128/><F128/><W60/><G52/><T40/><AGARI ba="0,1" hai="40,41,76,77,78,108,109,111" m="1098,25643" machi="40" ten="50,12000,2" yaku="28,2,14,1,52,3" doraHai="75" who="0" fromWho="0" sc="312,130,240,-60,237,-30,201,-30" /><INIT seed="2,0,0,2,1,49" ten="442,180,207,171" oya="2" hai0="54,55,17,97,16,53,28,72,95,61,50,77,52" hai1="126,5,74,86,121,124,31,85,102,108,83,56,119" hai2="94,60,37,58,132,4,36,21,106,25,133,127,63" hai3="71,35,92,46,2,91,48,32,38,88,81,82,134"/><V67/><F106/><W101/><G38/><T26/><D72/><U70/><E70/><V96/><F127/><W39/><G39/><T47/><D77/><N who="1" m="44471" /><E31/><V42/><F4/><W11/><G71/><T113/><D113/><U73/><E5/><V15/><F15/><W105/><G134/><N who="2" m="51817" /><F42/><W114/><G114/><T130/><D130/><U84/><E56/><V14/><F14/><W69/><G69/><T87/><D61/><U64/><E64/><V120/><F63/><W75/><G75/><T93/><D87/><U19/><E19/><N who="0" m="7241" /><D97/><U99/><E73/><V98/><F120/><W79/><G105/><T76/><D76/><U65/><E65/><V23/><F96/><W122/><G122/><T89/><D89/><U128/><E121/><V24/><F37/><W0/><G91/><T100/><D100/><U78/><E128/><V27/><F36/><W13/><G101/><AGARI ba="0,0" hai="21,23,24,25,27,58,60,67,94,98,101" m="51817" machi="101" ten="30,1500,0" yaku="20,1" doraHai="49" who="2" fromWho="3" sc="442,0,180,0,207,15,171,-15" /><INIT seed="2,1,0,5,0,69" ten="442,180,222,156" oya="2" hai0="14,57,94,16,22,113,123,75,47,110,30,89,55" hai1="87,95,25,65,133,108,129,107,32,125,82,81,116" hai2="58,17,74,9,34,61,91,117,103,67,45,122,101" hai3="31,115,97,40,2,18,72,128,130,0,86,70,134"/><V127/><F34/><W60/><G72/><T29/><D123/><U99/><E65/><V53/><F74/><W98/><G134/><T109/><D75/><U121/><E25/><V52/><F127/><W49/><G31/><T76/><D76/><U50/><E32/><V36/><F122/><W83/><G115/><T37/><D37/><U8/><E50/><N who="2" m="28751" /><F36/><W90/><G18/><T35/><D35/><U85/><E8/><V24/><F117/><W6/><G60/><N who="0" m="35903" /><D47/><U119/><E121/><V48/><F67/><W12/><G70/><T124/><D113/><U62/><E62/><V54/><F54/><W88/><G90/><T23/><D23/><U21/><E21/><N who="2" m="13359" /><F61/><W135/><G135/><T19/><D19/><U73/><E133/><V51/><F51/><W79/><G49/><T1/><D1/><N who="3" m="617" /><G40/><T39/><D39/><U68/><E68/><V20/><F9/><N who="3" m="4151" /><G79/><T7/><D7/><U77/><E73/><V71/><F71/><W56/><G56/><T120/><D124/><U4/><E125/><V11/><F11/><W28/><G28/><T33/><D33/><U42/><E116/><V26/><F91/><W105/><G105/><T111/><D120/><U41/><E107/><V93/><F93/><W78/><G78/><T118/><D118/><U59/><E119/><V3/><F3/><W114/><G114/><T126/><D126/><U15/><E77/><V43/><F43/><W66/><G66/><T112/><D112/><U80/><E42/><V104/><F104/><W10/><G10/><T106/><D106/><U132/><E41/><V46/><F46/><RYUUKYOKU ba="1,0" sc="442,10,180,-30,222,10,156,10" hai0="14,16,22,29,30,89,94,109,110,111" hai2="20,26,48,53,58,101,103" hai3="83,86,88,97,98,128,130" /><INIT seed="2,2,0,0,0,18" ten="452,150,232,166" oya="2" hai0="38,62,135,118,75,17,59,66,92,2,98,29,61" hai1="87,101,25,36,71,47,3,70,102,103,44,119,15" hai2="32,68,113,133,23,48,10,53,107,90,94,126,112" hai3="111,56,104,91,24,58,50,109,100,86,8,82,76"/><V28/><F107/><W63/><G8/><T34/><D75/><U110/><E3/><V46/><F32/><W52/><G24/><T117/><D38/><U16/><E119/><N who="0" m="45577" /><D2/><U85/><E110/><N who="3" m="41994" /><G100/><N who="0" m="60487" /><D135/><U37/><E25/><N who="2" m="16447" /><F68/><W12/><G12/><T69/><D29/><U116/><E116/><V77/><F126/><W39/><G39/><T31/><D17/><U7/><E7/><V78/><F133/><W93/><G104/><T6/><D6/><U105/><E105/><V122/><F122/><W95/><G76/><N who="2" m="29289" /><F113/><W42/><G42/><T99/><D99/><U114/><E114/><V27/><F112/><W35/><G35/><T11/><D11/><U123/><E123/><V88/><F10/><W96/><G96/><T80/><D80/><U89/><E37/><V4/><F4/><W84/><G84/><T73/><D73/><U97/><E36/><V121/><F121/><W45/><G45/><N who="1" m="17482" /><E70/><V72/><F72/><W13/><G13/><T131/><D131/><U79/><E71/><V19/><F94/><W65/><AGARI ba="2,0" hai="50,52,56,58,63,65,82,86,91,93,95" m="41994" machi="65" ten="30,2000,0" yaku="14,1,54,1" doraHai="18" who="3" fromWho="3" sc="452,-7,150,-7,232,-12,166,26" /><INIT seed="3,0,0,0,1,34" ten="445,143,220,192" oya="3" hai0="120,95,92,12,96,42,72,113,3,99,9,75,40" hai1="55,36,77,89,66,119,132,109,87,17,105,118,131" hai2="23,91,0,35,128,54,44,108,84,74,133,51,67" hai3="1,30,31,124,33,80,101,53,126,78,122,22,130"/><W18/><G122/><T121/><D12/><U58/><E36/><V46/><F35/><W5/><G101/><T24/><D9/><U65/><E105/><V49/><F74/><W4/><G53/><T61/><D61/><U25/><E77/><V52/><F128/><W123/><G130/><T116/><D24/><U90/><E131/><V73/><F73/><W129/><G129/><T125/><D125/><N who="3" m="48233" /><G123/><T110/><D110/><U94/><E109/><V76/><F108/><W107/><G107/><T50/><D50/><U115/><E115/><V81/><F133/><W93/><G93/><T38/><D38/><U47/><E132/><V88/><F0/><W112/><G112/><T21/><D21/><U114/><E114/><V15/><F67/><W135/><G135/><T56/><D56/><U8/><E66/><V134/><F134/><W85/><G33/><T27/><D27/><U48/><E65/><V68/><F68/><W79/><G79/><T64/><D64/><U6/><E58/><V11/><F23/><W29/><G1/><T26/><D26/><AGARI ba="0,0" hai="4,5,18,22,26,29,30,31,78,80,85" m="48233" machi="26" ten="30,1500,0" yaku="18,1" doraHai="34" who="3" fromWho="0" sc="445,-15,143,0,220,0,192,15" /><INIT seed="3,1,0,4,0,115" ten="430,143,220,207" oya="3" hai0="41,67,129,109,12,32,40,21,117,110,97,27,36" hai1="127,79,125,77,123,118,91,131,64,81,133,48,37" hai2="84,49,57,112,33,82,31,14,107,15,45,76,86" hai3="22,43,101,24,17,63,94,35,18,105,73,98,99"/><W53/><G73/><T74/><D117/><U16/><E37/><V7/><F107/><W26/><G43/><T8/><D74/><U54/><E64/><V9/><F112/><W20/><G35/><T30/><D129/><U62/><E62/><V102/><F102/><W135/><G135/><T59/><D36/><U132/><E123/><V106/><F106/><W4/><G4/><N who="0" m="3079" /><D32/><U87/><E54/><N who="2" m="29999" /><F33/><W0/><G0/><T89/><D67/><U83/><E48/><V88/><F31/><W55/><REACH who="3" step="1"/><G63/><REACH who="3" ten="430,143,220,197" step="2"/><T72/><D72/><N who="1" m="43175" /><E16/><V6/><F6/><W68/><G68/><T19/><D110/><U58/><E58/><V124/><F57/><W100/><AGARI ba="1,1" hai="17,18,20,22,24,26,53,55,94,98,99,100,101,105" machi="100" ten="20,7800,0" yaku="1,1,0,1,7,1,9,1,53,0" doraHai="115" doraHaiUra="25" who="3" fromWho="3" sc="430,-27,143,-27,220,-27,197,91" /><INIT seed="3,2,0,1,4,30" ten="403,116,193,288" oya="3" hai0="81,34,58,91,50,122,126,57,95,73,75,53,86" hai1="66,27,82,116,41,106,38,17,74,14,55,111,118" hai2="45,52,90,123,89,56,105,7,10,31,112,135,78" hai3="22,49,76,68,1,60,129,77,96,21,3,133,121"/><W127/><G121/><T132/><D122/><U16/><E106/><V33/><F105/><W43/><G133/><T114/><D132/><U88/><E66/><V26/><F112/><W25/><G129/><T125/><D34/><U80/><E41/><V15/><F135/><W18/><G127/><N who="0" m="48651" /><D114/><U47/><E38/><V42/><F123/><W54/><G96/><N who="0" m="57471" /><D58/><U84/><E111/><V115/><F115/><W108/><G108/><T72/><D72/><U5/><E5/><V13/><F13/><W59/><G1/><T113/><D113/><U39/><E27/><V98/><F78/><AGARI ba="2,0" hai="50,53,57,73,75,78,81,86" m="57471,48651" machi="78" ten="30,1000,0" yaku="18,1" doraHai="30" who="0" fromWho="2" sc="403,16,116,0,193,-16,288,0" owari="419,51.0,116,-38.0,177,-22.0,288,9.0" /></mjloggm>