<mjloggm ver="2.3"><GO type="97" lobby="0"/><UN n0="%E8%B5%A4%E3%81%AB%E3%82%8F%E3%81%A8%E3%82%8A" n1="%E7%96%BE%E9%A2%A8%E7%9F%A5%E5%8B%81%E8%8D%89" n2="%46%43" n3="%E3%82%A6%E3%83%AB%E3%83%88%E3%83%A9%E7%AB%8B%E7%9B%B4" dan="14,15,13,15" rate="1997.25,1972.88,1926.87,1956.43" sx="M,M,M,M"/><TAIKYOKU oya="0"/><INIT seed="0,0,0,4,5,23" ten="250,250,250,250" oya="0" hai0="54,93,35,131,128,119,105,65,33,58,106,76,41" hai1="4,100,130,12,31,99,90,91,50,75,77,108,135" hai2="86,7,132,104,19,36,15,87,127,32,43,26,60" hai3="112,38,45,88,37,3,120,47,14,27,80,8,2"/><T53/><D119/><U1/><E1/><V82/><F104/><W22/><G112/><T92/><D76/><U123/><E123/><V70/><F132/><W122/><G2/><T117/><D117/><U68/><E68/><V10/><F127/><W30/><G3/><T25/><D41/><U13/><E135/><V74/><F70/><W16/><G38/><T96/><D65/><U97/><E108/><V46/><F60/><W121/><G37/><T129/><D25/><U83/><E130/><V72/><F72/><W107/><G107/><N who="0" m="40971" /><D96/><U52/><E31/><V34/><F34/><N who="0" m="12810" /><D58/><U21/><E12/><V39/><F39/><W17/><G17/><T124/><D124/><U113/><E113/><V5/><F5/><W69/><G69/><T28/><D28/><U73/><E73/><V9/><F9/><W0/><G0/><T48/><D48/><U44/><E99/><V20/><REACH who="2" step="1"/><F32/><REACH who="2" ten="250,250,240,250" step="2"/><W40/><G40/><T98/><D98/><U109/><E109/><V63/><F63/><W85/><AGARI ba="0,1" hai="8,14,16,22,27,30,45,47,80,85,88,120,121,122" machi="85" ten="40,8000,1" yaku="0,1,13,1,52,1,54,2" doraHai="23" who="3" fromWho="3" sc="250,-40,250,-20,240,-20,250,90" /><INIT seed="1,0,0,2,2,64" ten="210,230,220,340" oya="1" hai0="79,20,111,75,118,30,89,15,104,61,52,36,99" hai1="41,50,1,53,25,95,44,125,46,8,71,123,84" hai2="76,108,21,106,115,7,65,92,27,112,35,107,70" hai3="77,126,55,68,113,117,13,42,51,135,87,22,32"/><U73/><E73/><V114/><F76/><W34/><G34/><T86/><D36/><U129/><E123/><V24/><F7/><W59/><G32/><T2/><D118/><U90/><E129/><V39/><F39/><W121/><G121/><T31/><D2/><U105/><E105/><V54/><F54/><W80/><G113/><T17/><D111/><U11/><E125/><V72/><F72/><W97/><G126/><T124/><D124/><U83/><E1/><V9/><F108/><W132/><G42/><T130/><D130/><U110/><E110/><V116/><F9/><W109/><G97/><T0/><D0/><U47/><E71/><V38/><F116/><W119/><G68/><T12/><D79/><U60/><E60/><V14/><F38/><W63/><G63/><T43/><D75/><U62/><E62/><N who="2" m="40247" /><F92/><W29/><G109/><T56/><D43/><U28/><E83/><V98/><F35/><W37/><G37/><T134/><D134/><U74/><E74/><V19/><F98/><W5/><G117/><T94/><D15/><U40/><E40/><V33/><F27/><W48/><G119/><T23/><D20/><N who="1" m="15399" /><E41/><V96/><F96/><W101/><G132/><T49/><REACH who="0" step="1"/><D61/><REACH who="0" ten="200,230,220,340" step="2"/><U45/><AGARI ba="0,1" hai="8,11,44,45,46,47,50,53,84,90,95" m="15399" machi="45" ten="30,1500,0" yaku="8,1" doraHai="64" who="1" fromWho="1" sc="200,-5,230,25,220,-5,340,-5" /><INIT seed="1,1,0,4,2,106" ten="195,255,215,335" oya="1" hai0="17,32,135,60,20,108,64,115,125,107,71,2,121" hai1="37,102,133,7,93,12,100,88,72,53,134,91,25" hai2="76,26,114,44,126,35,96,109,3,128,54,116,24" hai3="112,40,83,19,78,27,59,57,119,80,31,117,74"/><U16/><E37/><V48/><F116/><N who="3" m="44619" /><G40/><T73/><D17/><U81/><E7/><V0/><F128/><W70/><G70/><T85/><D20/><U34/><E53/><V49/><F126/><W52/><G19/><T95/><D85/><U6/><E6/><V94/><F114/><W63/><G112/><T65/><D95/><U5/><E5/><V101/><F109/><W39/><G39/><T67/><D65/><U38/><E38/><V50/><F76/><W77/><G59/><T130/><D64/><U15/><E34/><V14/><F14/><W111/><G111/><T62/><D67/><U9/><E25/><V122/><F122/><W58/><G58/><T82/><D60/><U129/><E129/><V132/><F132/><N who="1" m="50793" /><E12/><V69/><F69/><W10/><G27/><T90/><D62/><U79/><E91/><V68/><F68/><W98/><G31/><T21/><D90/><U22/><E9/><V41/><F35/><W86/><G10/><T61/><D21/><U66/><E66/><V120/><F120/><W47/><G47/><T1/><D61/><U30/><E30/><V118/><F118/><W18/><G18/><T36/><REACH who="0" step="1"/><D82/><REACH who="0" ten="185,255,215,335" step="2"/><U29/><E29/><V43/><F3/><W92/><G83/><T104/><D104/><U75/><E75/><V124/><F0/><W23/><G80/><T99/><D99/><AGARI ba="1,1" hai="15,16,22,72,79,81,88,93,99,100,102" m="50793" machi="99" ten="30,11600,0" yaku="20,1,52,1,54,2" doraHai="106" who="1" fromWho="0" sc="185,-119,255,129,215,0,335,0" /><INIT seed="1,2,0,4,4,101" ten="66,384,215,335" oya="1" hai0="117,24,48,11,91,31,46,135,65,125,70,17,96" hai1="15,26,40,2,23,61,68,123,84,126,18,120,42" hai2="127,60,14,37,51,12,45,6,49,13,19,131,36" hai3="33,5,8,9,56,44,128,28,71,41,112,97,38"/><U1/><E126/><V90/><F131/><W106/><G9/><T95/><D117/><U55/><E84/><V116/><F127/><W110/><G56/><T59/><D125/><U7/><E68/><V80/><F116/><W92/><G92/><T21/><D135/><U105/><E105/><V129/><F129/><W54/><G54/><T118/><D118/><U4/><E61/><V58/><F6/><W130/><G112/><T121/><D121/><U39/><E39/><V102/><F102/><N who="3" m="62799" /><G71/><T72/><D72/><U119/><E55/><V82/><F90/><W52/><G52/><T94/><D70/><U134/><E134/><V66/><F19/><W114/><G114/><T78/><D78/><U47/><E119/><V43/><REACH who="2" step="1"/><F51/><REACH who="2" ten="66,384,205,335" step="2"/><W104/><G128/><T50/><D11/><N who="1" m="6527" /><E7/><V122/><F122/><W69/><G8/><T113/><D113/><U29/><E4/><V35/><F35/><W53/><G5/><T57/><D17/><U133/><E133/><V115/><F115/><W77/><G33/><T32/><D32/><U30/><E2/><V76/><F76/><W67/><G77/><T132/><D132/><U85/><E1/><V88/><F88/><W3/><G3/><T63/><D46/><U107/><E47/><V99/><F99/><W20/><G130/><T10/><D10/><U100/><E123/><V111/><F111/><W103/><G110/><T22/><D22/><U64/><E23/><V79/><F79/><W108/><G108/><T74/><D74/><U62/><E120/><V27/><F27/><N who="3" m="16487" /><G44/><T16/><D31/><U98/><E30/><RYUUKYOKU ba="2,1" sc="66,-10,384,-10,205,30,335,-10" hai2="12,13,14,36,37,43,45,49,58,60,66,80,82" /><INIT seed="2,3,1,1,2,2" ten="56,374,235,325" oya="2" hai0="112,45,44,126,67,96,28,119,102,89,99,108,62" hai1="52,48,110,64,66,109,117,122,105,41,24,88,31" hai2="46,32,60,36,8,78,19,83,121,131,55,7,30" hai3="37,35,124,17,53,39,97,27,116,23,107,12,16"/><V120/><F131/><W71/><G116/><T1/><D119/><U57/><E117/><V81/><F60/><W115/><G115/><T61/><D112/><U95/><E105/><V125/><F125/><W79/><G124/><T77/><D126/><U10/><E122/><V135/><F135/><W34/><G34/><T118/><D118/><U103/><E41/><V15/><F32/><W90/><G79/><T4/><D108/><N who="1" m="41579" /><E10/><V65/><F65/><W100/><G90/><T14/><D1/><U29/><E103/><V38/><F38/><W82/><G82/><T129/><D77/><U134/><E134/><V68/><F83/><W72/><G72/><T40/><D28/><N who="1" m="10827" /><E24/><V106/><F30/><W63/><G35/><T33/><D33/><U123/><E123/><V50/><F106/><W0/><G0/><T94/><D129/><U113/><E113/><V111/><F68/><W47/><G71/><T22/><D40/><U74/><E74/><V54/><F111/><W5/><G107/><T76/><D76/><U59/><E57/><V3/><F36/><W18/><G39/><T84/><D99/><AGARI ba="3,1" hai="48,52,59,64,66,88,95,99" m="10827,41579" machi="99" ten="30,3900,0" yaku="14,1,54,2" doraHai="2" who="1" fromWho="0" sc="56,-48,374,58,235,0,325,0" /><INIT seed="3,0,0,2,1,62" ten="8,432,235,325" oya="3" hai0="82,114,92,33,98,45,36,121,115,74,70,54,97" hai1="103,102,37,129,10,77,44,28,56,63,106,52,40" hai2="88,101,73,107,78,31,9,117,14,127,113,124,95" hai3="116,38,76,80,133,86,93,126,104,105,75,122,109"/><W131/><G38/><T18/><D70/><U100/><E129/><V5/><F117/><W120/><G116/><T111/><D33/><U108/><E108/><V84/><F113/><N who="0" m="43018" /><D121/><U90/><E77/><V21/><F31/><W46/><G46/><T15/><D111/><U110/><E110/><V32/><F21/><W16/><G16/><T59/><D45/><U35/><E10/><V128/><F32/><W17/><G17/><T1/><D36/><U2/><E2/><V55/><F55/><W119/><G119/><T26/><D1/><U81/><E106/><N who="3" m="41066" /><G109/><T132/><D26/><U71/><E71/><V39/><F128/><W27/><G27/><T6/><D6/><U123/><E123/><N who="3" m="47146" /><G131/><T57/><D132/><U23/><E35/><V99/><REACH who="2" step="1"/><F39/><REACH who="2" ten="8,432,225,325" step="2"/><W89/><G133/><T50/><D59/><U43/><E28/><V29/><F29/><W61/><G61/><T134/><D134/><U20/><E43/><V25/><F25/><W91/><G126/><T11/><D92/><U65/><E52/><V4/><F4/><W135/><G135/><T3/><D3/><U34/><E34/><V67/><F67/><W12/><G12/><T130/><D130/><U79/><E37/><V118/><F118/><W41/><G41/><T7/><D7/><U96/><E40/><V13/><F13/><W8/><G8/><T30/><D30/><U85/><E63/><V24/><F24/><W112/><G112/><T51/><D51/><U19/><E20/><V49/><F49/><W47/><G47/><T125/><D125/><U58/><E44/><V22/><F22/><RYUUKYOKU ba="0,1" sc="8,10,432,-30,225,10,325,10" hai0="11,15,18,50,54,57,74,82,97,98" hai2="5,9,14,73,78,84,88,95,99,101,107,124,127" hai3="75,76,80,86,89,91,93" /><INIT seed="3,1,1,3,5,37" ten="18,402,235,335" oya="3" hai0="71,26,84,40,129,54,31,48,64,45,14,116,41" hai1="23,101,8,38,72,99,69,46,89,97,73,83,34" hai2="82,1,10,6,124,117,77,93,98,11,94,50,88" hai3="122,9,90,133,15,59,121,0,7,29,91,128,66"/><W24/><G0/><T39/><D116/><U79/><E34/><V100/><F117/><W62/><G128/><T87/><D129/><U21/><E69/><V102/><F124/><W3/><G133/><T132/><D132/><U104/><E73/><V103/><F1/><W17/><G91/><T22/><D14/><U27/><E8/><V126/><F6/><W61/><G90/><T16/><D31/><U123/><E123/><V12/><F50/><W47/><G62/><T127/><D127/><U43/><E97/><V106/><F126/><W57/><G57/><T58/><REACH who="0" step="1"/><D41/><REACH who="0" ten="8,402,235,335" step="2"/><U60/><E43/><V51/><F12/><W107/><G47/><T65/><D65/><U85/><E46/><V42/><F106/><W67/><G107/><T56/><D56/><U13/><E104/><V44/><REACH who="2" step="1"/><F94/><REACH who="2" ten="8,402,225,335" step="2"/><W130/><G130/><T76/><D76/><U120/><E79/><V74/><AGARI ba="1,3" hai="10,11,42,44,51,74,77,82,88,93,98,100,102,103" machi="74" ten="30,8000,1" yaku="1,1,2,1,0,1,52,1,54,1,53,0" doraHai="37" doraHaiUra="52" who="2" fromWho="2" sc="8,-21,402,-21,225,113,335,-41" owari="-13,-51.0,381,48.0,338,14.0,294,-11.0" /></mjloggm>