<mjloggm ver="2.3"><GO type="225" lobby="0"/><UN n0="%EF%BC%88%E2%88%A9%EF%BC%BE%CF%89%EF%BC%BE%E2%88%A9%EF%BC%89" n1="%6A%79%75%6E%6F%68" n2="%E3%82%A6%E3%83%AB%E3%83%88%E3%83%A9%E7%AB%8B%E7%9B%B4" n3="%4E%4F%42%55%53%48%49" dan="17,16,16,16" rate="2139.74,2114.83,2017.67,2090.73" sx="M,M,M,M"/><TAIKYOKU oya="0"/><INIT seed="0,0,0,0,1,84" ten="250,250,250,250" oya="0" hai0="114,30,112,68,22,101,118,16,76,23,134,131,89" hai1="70,13,33,60,69,105,56,37,12,124,21,135,110" hai2="18,88,115,17,111,62,3,132,59,81,50,20,2" hai3="98,35,48,53,92,4,43,108,44,19,100,130,125"/><T90/><D68/><U99/><E33/><V29/><F115/><W26/><G125/><T10/><D118/><U54/><E124/><V116/><F116/><W119/><G119/><T46/><D76/><U95/><E105/><V123/><F123/><W72/><G72/><T47/><D101/><U129/><E110/><V28/><F111/><W42/><G108/><T104/><D104/><U32/><E32/><V36/><F36/><W94/><G130/><T0/><D131/><U127/><E127/><V58/><F3/><W117/><G117/><T97/><D97/><U14/><E129/><V25/><F2/><W107/><G4/><T96/><D96/><U39/><E135/><V52/><F132/><W120/><G120/><T61/><D134/><U15/><E70/><V109/><F29/><W11/><G35/><T34/><D34/><U82/><E69/><V78/><F109/><W27/><G94/><T121/><D121/><U45/><E82/><V79/><F78/><W113/><G107/><T91/><D61/><U6/><E45/><N who="0" m="16905" /><D0/><U1/><E1/><V24/><F79/><W63/><G113/><N who="0" m="43627" /><D30/><U65/><E65/><N who="2" m="39127" /><F25/><N who="3" m="9227" /><G63/><T122/><D122/><U67/><E67/><V73/><F73/><W74/><G74/><T93/><D93/><U80/><E80/><V40/><F40/><W83/><G83/><T41/><D41/><U86/><E39/><V51/><F51/><W128/><G128/><T75/><D75/><U87/><E37/><V8/><F8/><W49/><G49/><T5/><D5/><U31/><E6/><V71/><F71/><W102/><G102/><RYUUKYOKU ba="0,0" sc="250,10,250,-30,250,10,250,10" hai0="10,16,22,23,89,90,91" hai2="17,18,20,24,28,50,52,59,81,88" hai3="11,19,42,43,44,48,53,92,98,100" /><INIT seed="0,1,0,4,4,61" ten="260,220,260,260" oya="0" hai0="12,97,30,72,2,39,80,123,42,100,103,0,9" hai1="79,37,44,8,46,114,109,62,1,3,81,54,99" hai2="128,129,4,83,112,25,10,7,18,118,17,13,94" hai3="124,91,116,87,135,107,126,47,60,132,95,113,27"/><T55/><D123/><U11/><E109/><V51/><F94/><W106/><G113/><T74/><D30/><U45/><E114/><V85/><F51/><W93/><G27/><T84/><D103/><U43/><E99/><V40/><F40/><W58/><G47/><T102/><D100/><U127/><E127/><N who="3" m="48682" /><G116/><T105/><D39/><U78/><E11/><V56/><F56/><W28/><G28/><T68/><D42/><U53/><E78/><V14/><F112/><W77/><G77/><T125/><D125/><U67/><E46/><V75/><F75/><W110/><G110/><T117/><D117/><U64/><E45/><V57/><F57/><W134/><G95/><T15/><D68/><U21/><E21/><V122/><F25/><W19/><G19/><T23/><D55/><AGARI ba="1,0" hai="55,58,60,87,91,93,106,107,132,134,135" m="48682" machi="55" ten="40,2600,0" yaku="20,1,18,1" doraHai="61" who="3" fromWho="0" sc="260,-29,220,0,260,0,260,29" /><INIT seed="1,0,0,0,2,14" ten="231,220,260,289" oya="1" hai0="45,109,51,93,97,65,26,70,24,134,91,49,42" hai1="3,15,4,125,123,89,53,41,36,80,67,82,54" hai2="61,77,113,126,58,96,94,110,57,111,127,88,11" hai3="33,7,56,46,130,59,128,12,133,99,135,30,75"/><U74/><E123/><V22/><F113/><W29/><G75/><T8/><D109/><N who="2" m="41482" /><F77/><W5/><G46/><T81/><D134/><N who="3" m="51209" /><G99/><T62/><D49/><U40/><E3/><V0/><F22/><W72/><G72/><T118/><D118/><U38/><E74/><V47/><F47/><W131/><G33/><T86/><REACH who="0" step="1"/><D8/><REACH who="0" ten="221,220,260,289" step="2"/><U39/><E39/><V63/><F11/><W32/><G131/><T76/><AGARI ba="0,1" hai="24,26,42,45,51,62,65,70,76,81,86,91,93,97" machi="76" ten="20,5200,0" yaku="1,1,2,1,0,1,7,1,53,0" doraHai="14" doraHaiUra="68" who="0" fromWho="0" sc="221,62,220,-26,260,-13,289,-13" /><INIT seed="2,0,0,3,5,113" ten="283,194,247,276" oya="2" hai0="10,92,64,82,121,78,132,93,44,66,118,117,29" hai1="60,65,6,91,70,61,55,104,88,107,125,79,39" hai2="40,42,14,53,83,122,100,16,46,47,73,59,86" hai3="9,124,134,62,54,52,69,68,23,43,106,35,18"/><V130/><F73/><W1/><G106/><T90/><D121/><U131/><E39/><V5/><F5/><W89/><G35/><T27/><D132/><U72/><E125/><V102/><F130/><W71/><G134/><T11/><D44/><N who="2" m="16938" /><F122/><W41/><G124/><T34/><D64/><U95/><E131/><V96/><F96/><W17/><G89/><T77/><D66/><U58/><E6/><V24/><F24/><W101/><G101/><N who="2" m="39017" /><F53/><W97/><G97/><N who="0" m="57495" /><D93/><U67/><E55/><V80/><F59/><W114/><G1/><T12/><D12/><U3/><E3/><V74/><F74/><W103/><G103/><T127/><D127/><U36/><E36/><V45/><N who="2" m="16946" /><V22/><DORA hai="111" /><F83/><W133/><G54/><T51/><D51/><U87/><REACH who="1" step="1"/><E91/><AGARI ba="0,0" hai="14,16,22,40,42,80,86,91" m="39017,16946" machi="91" ten="30,2900,0" yaku="8,1,54,1" doraHai="113,111" who="2" fromWho="1" sc="283,0,194,-29,247,29,276,0" /><INIT seed="2,1,0,3,2,121" ten="283,165,276,276" oya="2" hai0="109,99,34,31,126,83,16,125,103,120,114,88,115" hai1="5,98,130,50,37,24,43,127,74,104,18,17,22" hai2="40,77,76,39,54,84,44,111,68,110,106,107,119" hai3="20,38,85,32,97,25,82,12,71,28,128,72,41"/><V36/><F68/><W14/><G71/><T61/><D120/><U75/><E37/><V19/><F119/><W4/><G72/><T132/><D132/><U124/><E5/><V134/><F134/><W69/><G69/><T118/><D61/><U70/><E70/><V94/><F54/><W57/><G128/><T89/><D118/><U93/><E104/><V42/><F19/><W133/><G133/><T11/><D34/><U129/><E17/><V80/><F94/><W116/><G116/><T0/><D31/><U73/><E43/><V122/><F122/><W131/><G131/><T29/><D29/><U3/><E3/><V117/><F117/><W30/><G97/><T67/><D67/><U8/><E8/><V56/><F56/><W10/><G57/><T87/><D89/><U51/><E130/><V33/><F33/><W48/><G38/><T60/><D60/><U113/><E113/><V86/><F80/><W112/><G112/><T47/><D47/><AGARI ba="1,0" hai="36,39,40,42,44,47,76,77,84,86,106,107,110,111" machi="47" ten="25,9600,0" yaku="22,2,52,2" doraHai="121" who="2" fromWho="0" sc="283,-99,165,0,276,99,276,0" /><INIT seed="2,2,0,3,5,57" ten="184,165,375,276" oya="2" hai0="53,100,11,112,56,128,114,96,46,115,38,65,101" hai1="63,29,79,35,20,91,122,110,36,14,87,121,126" hai2="15,17,103,132,9,33,118,78,5,34,62,93,10" hai3="107,1,32,135,74,31,90,106,83,133,22,27,98"/><V94/><F118/><W13/><G1/><T86/><D128/><U52/><E36/><V55/><F78/><N who="3" m="44503" /><G90/><T81/><D65/><U49/><E110/><V2/><F93/><W3/><G3/><T23/><D11/><U26/><E79/><V111/><F103/><W130/><G98/><T40/><D23/><U129/><E129/><V109/><F94/><W105/><G13/><T75/><D75/><U25/><E14/><V64/><F55/><W82/><G22/><T7/><D7/><U97/><E97/><V16/><F17/><W59/><G59/><T39/><D39/><U12/><E12/><V8/><F8/><W61/><G82/><T125/><D125/><U117/><E126/><V116/><F116/><W71/><G130/><T4/><D4/><U108/><E117/><V70/><F132/><W102/><G102/><T95/><D101/><U92/><E108/><AGARI ba="2,0" hai="2,5,9,10,15,16,33,34,62,64,70,108,109,111" machi="108" ten="40,12000,1" yaku="14,1,10,1,52,1,54,1" doraHai="57" who="2" fromWho="1" sc="184,0,165,-126,375,126,276,0" /><INIT seed="2,3,0,1,2,111" ten="184,39,501,276" oya="2" hai0="95,29,78,66,83,70,20,23,100,21,120,104,42" hai1="118,85,11,44,10,86,63,26,105,131,112,73,7" hai2="30,67,31,133,88,98,25,89,109,124,1,108,115" hai3="24,49,5,50,130,101,116,127,39,0,117,119,18"/><V3/><F98/><W122/><G39/><T47/><D120/><U53/><E73/><V77/><F67/><W14/><G122/><T55/><D104/><U8/><E105/><V90/><F25/><W114/><G101/><T69/><D55/><U12/><E118/><V48/><F48/><W75/><G75/><T71/><D29/><U28/><E131/><V37/><F37/><W82/><G82/><T46/><D66/><U103/><E103/><V4/><F4/><W64/><G64/><T33/><D33/><U96/><E96/><V91/><F91/><W72/><G72/><T134/><D134/><U51/><E112/><V79/><F90/><W43/><G43/><T126/><D42/><U38/><E38/><V17/><F17/><W13/><G50/><T54/><D54/><U58/><E11/><V40/><F40/><W106/><G49/><T84/><D126/><U125/><E10/><V123/><F123/><W22/><G106/><T16/><D16/><U80/><E125/><V32/><F32/><W35/><G127/><T41/><D41/><U62/><E80/><V132/><F124/><W15/><G130/><T57/><D57/><U76/><E76/><V68/><F68/><W92/><G92/><T93/><D93/><U2/><E2/><V110/><F110/><W113/><G35/><T97/><AGARI ba="3,0" hai="20,21,23,46,47,69,70,71,78,83,84,95,97,100" machi="97" ten="40,1500,0" yaku="0,1" doraHai="111" who="0" fromWho="0" sc="184,24,39,-7,501,-10,276,-7" /><INIT seed="3,0,0,1,5,80" ten="208,32,491,269" oya="3" hai0="6,63,93,53,24,75,56,7,9,86,118,1,76" hai1="123,61,122,29,13,33,83,8,101,135,111,116,31" hai2="45,38,46,23,69,77,104,65,36,125,81,57,126" hai3="113,18,15,17,20,128,26,115,105,14,50,94,110"/><W132/><G105/><T39/><D39/><U4/><E101/><V82/><F23/><W0/><G0/><T55/><D118/><U49/><E116/><V67/><F57/><W89/><G132/><T3/><D75/><U79/><E135/><V133/><F77/><W48/><G128/><T62/><D24/><U109/><E61/><V41/><F133/><W32/><G110/><T28/><D28/><U10/><E49/><V90/><F90/><W52/><G50/><T34/><D34/><U16/><E83/><V112/><F41/><W11/><G32/><T103/><D76/><U60/><E60/><V127/><F127/><W68/><G26/><T114/><D114/><U22/><E79/><V5/><F69/><W129/><G68/><T30/><D30/><U37/><E37/><V21/><F104/><W74/><G74/><T85/><D103/><U64/><E64/><V121/><F121/><W96/><REACH who="3" step="1"/><G129/><REACH who="3" ten="208,32,491,259" step="2"/><T71/><D71/><U88/><E88/><V12/><F38/><W44/><AGARI ba="0,1" hai="11,14,15,17,18,20,44,48,52,89,94,96,113,115" machi="44" ten="20,12000,1" yaku="1,1,2,1,0,1,7,1,54,1,53,0" doraHai="80" doraHaiUra="131" who="3" fromWho="3" sc="208,-40,32,-40,491,-40,259,130" owari="168,-23.0,-8,-51.0,451,55.0,389,19.0" /></mjloggm>