<mjloggm ver="2.3"><GO type="97" lobby="0"/><UN n0="%70%6F%69%70%6F%69%70%70" n1="%E4%BA%94%E6%AE%B5" n2="%48%4F%48" n3="%E3%82%A6%E3%83%AB%E3%83%88%E3%83%A9%E7%AB%8B%E7%9B%B4" dan="13,15,14,15" rate="1884.63,2025.24,1948.40,1991.50" sx="M,M,M,M"/><TAIKYOKU oya="0"/><INIT seed="0,0,0,3,2,28" ten="250,250,250,250" oya="0" hai0="123,62,120,29,126,124,45,108,27,17,94,57,9" hai1="66,68,32,116,60,20,128,3,129,73,74,133,132" hai2="112,65,61,106,121,6,82,90,96,54,10,85,50" hai3="114,67,49,38,118,105,77,122,37,34,99,30,35"/><T83/><D45/><U43/><E20/><V110/><F106/><W53/><G118/><T46/><D46/><U2/><E116/><V109/><F112/><W13/><G114/><T127/><D83/><U76/><E43/><V100/><F121/><W135/><G122/><T71/><D71/><U84/><E84/><V51/><F54/><W12/><G30/><T131/><D131/><N who="1" m="50251" /><E32/><N who="3" m="12330" /><G67/><N who="0" m="39375" /><D94/><U113/><E113/><V58/><F96/><W39/><G77/><T16/><D9/><U41/><E41/><V63/><F63/><W64/><G64/><T47/><D47/><U119/><E119/><V24/><F24/><W59/><G99/><T75/><D75/><N who="1" m="28683" /><E76/><V70/><F100/><W87/><G87/><T80/><D80/><U88/><E88/><V89/><F90/><W7/><G7/><T48/><D48/><U18/><E18/><N who="0" m="7273" /><D29/><U55/><E55/><V111/><REACH who="2" step="1"/><F58/><REACH who="2" ten="250,250,240,250" step="2"/><W103/><G103/><T86/><D27/><U5/><E5/><V0/><AGARI ba="0,1" hai="0,6,10,50,51,61,65,70,82,85,89,109,110,111" machi="0" ten="30,7900,0" yaku="1,1,2,1,0,1,14,1,53,0" doraHai="28" doraHaiUra="93" who="2" fromWho="2" sc="250,-39,250,-20,240,89,250,-20" /><INIT seed="1,0,0,0,1,122" ten="211,230,329,230" oya="1" hai0="59,129,31,93,62,44,103,88,95,64,3,120,10" hai1="24,19,55,70,69,90,15,94,54,80,123,28,33" hai2="27,12,124,76,126,117,79,130,116,66,30,36,18" hai3="135,112,82,87,26,98,108,110,43,5,61,35,121"/><U73/><E123/><V14/><F36/><W63/><G121/><T92/><D120/><U118/><E118/><N who="2" m="45675" /><F66/><W75/><G75/><T104/><D129/><U111/><E111/><N who="3" m="42538" /><G5/><T38/><D31/><U127/><E127/><N who="2" m="48683" /><F130/><W96/><G43/><T132/><D132/><U32/><E32/><N who="2" m="20575" /><F12/><W50/><G50/><T42/><D103/><U102/><E102/><V119/><F119/><W109/><N who="3" m="42546" /><W46/><DORA hai="100" /><G46/><T115/><D95/><U41/><E41/><V97/><F97/><N who="3" m="37483" /><G135/><T113/><D93/><U47/><E94/><V65/><F65/><W58/><G58/><T107/><D59/><U17/><E47/><V37/><F37/><W52/><G52/><T16/><D64/><U128/><E55/><V134/><F134/><W72/><G72/><T9/><D44/><U7/><E54/><V51/><F51/><W49/><G49/><T133/><D133/><U20/><E73/><V71/><F71/><W11/><G63/><T45/><D45/><U25/><E7/><V34/><F34/><W0/><G61/><T81/><D62/><U86/><REACH who="1" step="1"/><E128/><REACH who="1" ten="211,220,329,230" step="2"/><V48/><F48/><W78/><G35/><T57/><D42/><U131/><E131/><V39/><F39/><W101/><G101/><T67/><D38/><U13/><E13/><V99/><F99/><W56/><G82/><T4/><D81/><U21/><AGARI ba="0,1" hai="15,17,19,20,21,24,25,28,33,69,70,80,86,90" machi="21" ten="20,12000,1" yaku="1,1,0,1,7,1,53,2" doraHai="122,100" doraHaiUra="8,77" who="1" fromWho="1" sc="211,-40,220,130,329,-40,230,-40" /><INIT seed="1,1,0,1,2,89" ten="171,350,289,190" oya="1" hai0="1,90,132,5,30,14,113,72,38,24,54,118,73" hai1="102,124,130,43,21,94,12,69,74,20,114,62,78" hai2="27,15,16,128,41,111,52,50,91,84,65,107,22" hai3="116,61,127,100,55,33,96,53,103,95,28,123,88"/><U2/><E2/><V7/><F107/><W32/><G123/><T83/><D118/><U106/><E106/><V76/><F128/><W85/><G116/><T117/><D113/><U68/><E114/><V8/><F111/><W46/><G127/><T119/><D117/><U120/><E120/><V25/><F65/><W35/><G103/><T109/><D38/><U92/><E124/><V99/><F41/><W79/><G79/><T135/><D119/><U101/><E130/><V63/><F63/><W51/><G61/><T36/><D36/><U56/><E43/><V129/><F129/><W6/><G6/><T4/><D1/><U134/><E134/><N who="0" m="51241" /><D14/><U44/><E44/><N who="2" m="27719" /><F99/><W80/><REACH who="3" step="1"/><G55/><REACH who="3" ten="171,350,289,180" step="2"/><T81/><D54/><U110/><E78/><V10/><F76/><W31/><AGARI ba="1,1" hai="28,31,32,33,35,46,51,53,80,85,88,95,96,100" machi="31" ten="40,8000,1" yaku="1,1,2,1,0,1,52,1,54,1,53,0" doraHai="89" doraHaiUra="71" who="3" fromWho="3" sc="171,-21,350,-41,289,-21,180,93" /><INIT seed="2,0,0,5,0,68" ten="150,309,268,273" oya="2" hai0="9,126,115,77,0,3,59,72,96,111,71,63,23" hai1="106,19,37,24,21,99,75,53,124,133,38,57,6" hai2="119,122,52,1,83,127,86,35,5,4,18,11,45" hai3="47,46,80,32,60,36,65,131,112,82,69,7,43"/><V13/><F35/><W130/><G32/><T33/><D115/><U100/><E75/><V123/><F119/><W135/><G112/><T17/><D33/><U95/><E133/><V27/><F27/><W34/><G34/><T26/><D111/><U10/><E124/><V129/><F127/><W117/><G117/><T28/><D126/><U74/><E74/><V88/><F129/><N who="3" m="49163" /><G135/><T102/><D71/><U2/><REACH who="1" step="1"/><E106/><REACH who="1" ten="150,299,268,273" step="2"/><V20/><REACH who="2" step="1"/><F4/><REACH who="2" ten="150,299,258,273" step="2"/><W30/><G7/><T70/><D72/><U128/><E128/><V49/><AGARI ba="0,2" hai="1,5,11,13,18,20,45,49,52,83,86,88,122,123" machi="49" ten="30,12000,1" yaku="1,1,2,1,0,1,54,2,53,0" doraHai="68" doraHaiUra="22" who="2" fromWho="2" sc="150,-40,299,-40,258,140,273,-40" /><INIT seed="2,1,0,4,5,115" ten="110,259,398,233" oya="2" hai0="15,5,70,10,133,0,31,106,3,1,67,20,18" hai1="11,83,92,125,48,119,81,74,19,62,73,107,30" hai2="24,52,50,90,77,101,13,110,98,118,63,85,44" hai3="121,60,37,58,22,71,87,104,56,69,23,103,41"/><V33/><F77/><W38/><G87/><T131/><D106/><U128/><E107/><V25/><F110/><W120/><G104/><T89/><D89/><U36/><E36/><V84/><F101/><W99/><G99/><T2/><D67/><U66/><E128/><V82/><F98/><W108/><G103/><T126/><D70/><U4/><E125/><V75/><F75/><W78/><G78/><T54/><D54/><U42/><E30/><V39/><F33/><W61/><G23/><T12/><D131/><U64/><E19/><V88/><F39/><W97/><G22/><T86/><D86/><U49/><E92/><V27/><F13/><W21/><G21/><T68/><D68/><U9/><E4/><V29/><F63/><W57/><G97/><T76/><D76/><U102/><E102/><V79/><F79/><W80/><G80/><T116/><D126/><U100/><E100/><V6/><F6/><W45/><G58/><T32/><D133/><U55/><E62/><V130/><F130/><W135/><G135/><T51/><D51/><U95/><E95/><V117/><REACH who="2" step="1"/><F29/><REACH who="2" ten="110,259,388,233" step="2"/><W123/><G123/><T28/><D28/><U127/><E127/><V112/><F112/><W114/><G114/><T109/><D15/><U93/><E74/><V134/><F134/><W96/><G96/><T132/><D132/><U53/><E73/><V59/><F59/><W26/><G108/><T7/><D7/><U113/><E113/><V14/><F14/><W105/><G38/><T122/><D109/><U40/><E93/><AGARI ba="1,1" hai="24,25,27,44,50,52,82,84,85,88,90,93,117,118" machi="93" ten="40,12000,1" yaku="1,1,52,2,54,2,53,0" doraHai="115" doraHaiUra="8" who="2" fromWho="1" sc="110,0,259,-123,388,133,233,0" /><INIT seed="2,2,0,0,1,52" ten="110,136,521,233" oya="2" hai0="107,53,86,33,83,0,85,39,72,130,95,47,48" hai1="119,108,71,91,35,61,51,118,87,45,126,74,11" hai2="98,127,94,64,67,24,43,113,22,80,4,18,12" hai3="134,104,44,7,10,99,78,97,27,112,109,66,50"/><V76/><F43/><W122/><G122/><T23/><D107/><U129/><E74/><V60/><F113/><W128/><G112/><T6/><D33/><U124/><E35/><V96/><F127/><N who="1" m="48681" /><E108/><V110/><F110/><W26/><G109/><T114/><D114/><U89/><E11/><V106/><F106/><W1/><G128/><T29/><D72/><U92/><E129/><V88/><F80/><W132/><G78/><T131/><D130/><U49/><E91/><V28/><F76/><W36/><G36/><T116/><D39/><U103/><E103/><V32/><F98/><W69/><G97/><T68/><D68/><U73/><E73/><V41/><F41/><N who="3" m="24847" /><G99/><T84/><D116/><N who="1" m="44587" /><E45/><V37/><F37/><W105/><G105/><T135/><D0/><U15/><E15/><V90/><F90/><W57/><G104/><T133/><D131/><U125/><N who="1" m="48689" /><U46/><DORA hai="93" /><E46/><V65/><REACH who="2" step="1"/><F4/><REACH who="2" ten="110,136,511,233" step="2"/><W13/><G7/><T25/><D6/><U30/><E89/><V54/><F54/><W100/><G100/><T40/><D40/><U38/><E38/><V111/><F111/><W3/><G132/><N who="0" m="50763" /><D95/><U19/><E92/><V42/><F42/><W120/><G134/><T56/><D83/><U79/><E79/><V58/><AGARI ba="2,1" hai="12,18,22,24,28,32,58,60,64,65,67,88,94,96" machi="58" ten="20,18000,2" yaku="1,1,0,1,7,1,52,2,54,1,53,0" doraHai="52,93" doraHaiUra="101,115" who="2" fromWho="2" sc="110,-62,136,-62,511,196,233,-62" /><INIT seed="2,3,0,2,4,106" ten="48,74,707,171" oya="2" hai0="37,99,1,107,105,64,67,66,113,69,121,3,34" hai1="84,22,126,9,87,76,103,88,30,25,12,78,74" hai2="23,11,57,56,75,18,29,77,45,83,101,39,19" hai3="2,72,28,109,120,53,73,93,55,119,90,130,111"/><V42/><F101/><W128/><G28/><T115/><D99/><U35/><E126/><V46/><F29/><W98/><G2/><T62/><D121/><U0/><E103/><V79/><F23/><W49/><G120/><T40/><D34/><U61/><E61/><V27/><F27/><W38/><G38/><T8/><D8/><U85/><E88/><V132/><F132/><W135/><G135/><T131/><D131/><N who="3" m="50217" /><G119/><T68/><D66/><U20/><E20/><V71/><F71/><W14/><G14/><T51/><D51/><U80/><E78/><V58/><F46/><N who="3" m="27831" /><G55/><T52/><D52/><U65/><E65/><V17/><REACH who="2" step="1"/><F79/><REACH who="2" ten="48,74,697,171" step="2"/><W41/><G41/><T32/><D115/><U7/><E22/><V33/><F33/><W24/><G24/><T44/><D113/><U43/><E43/><V100/><F100/><W102/><G102/><T118/><D32/><U48/><E35/><V81/><F81/><W50/><G50/><T86/><D118/><U89/><E48/><V13/><AGARI ba="3,1" hai="11,13,17,18,19,39,42,45,56,57,58,75,77,83" machi="13" ten="30,6000,0" yaku="1,1,0,1,52,1,53,0" doraHai="106" doraHaiUra="97" who="2" fromWho="2" sc="48,-23,74,-23,697,79,171,-23" /><INIT seed="2,4,0,2,2,73" ten="25,51,776,148" oya="2" hai0="60,102,7,98,39,80,37,81,28,21,131,46,64" hai1="19,86,52,100,68,118,56,115,20,69,123,43,120" hai2="114,77,132,12,85,74,122,93,25,47,97,8,48" hai3="16,105,3,95,89,63,4,67,119,24,2,71,38"/><V31/><F74/><W133/><G105/><T84/><D7/><U58/><E115/><V53/><F114/><W65/><G38/><T75/><D75/><U22/><E118/><V26/><F122/><N who="1" m="46633" /><E43/><V61/><F132/><W129/><G4/><T111/><D111/><U42/><E42/><V130/><F130/><W17/><G17/><T127/><D127/><U121/><E100/><V11/><F61/><W78/><G16/><T55/><D81/><U99/><E99/><V88/><F12/><W128/><G24/><N who="2" m="9321" /><F31/><W91/><G133/><T6/><D6/><U13/><E121/><V50/><F50/><W10/><G65/><T5/><D5/><U113/><E113/><V34/><F34/><W96/><G63/><T35/><D35/><U90/><E22/><V117/><F117/><W94/><G67/><T108/><D108/><U103/><E103/><V45/><F45/><W49/><G49/><T54/><D54/><U116/><E116/><V106/><F106/><W104/><G104/><T29/><D29/><U76/><E76/><V41/><F41/><W30/><G78/><T40/><D28/><U62/><E58/><V27/><F27/><W66/><G30/><T18/><D131/><U14/><E14/><V72/><F72/><W36/><G119/><T0/><D40/><U70/><E70/><V112/><F112/><W57/><G71/><T92/><D18/><U126/><E126/><V134/><F134/><W125/><G125/><T32/><D32/><U110/><E110/><V135/><F135/><W87/><G128/><T83/><D21/><U109/><E109/><RYUUKYOKU ba="4,0" sc="25,-15,51,15,776,15,148,-15" hai1="13,19,20,52,56,62,68,69,86,90" hai2="8,11,47,48,53,77,85,88,93,97" /><INIT seed="2,5,0,0,5,96" ten="10,66,791,133" oya="2" hai0="65,130,38,31,46,51,59,56,62,19,7,91,5" hai1="107,127,116,111,39,120,53,88,101,25,57,87,61" hai2="4,29,20,34,10,60,115,64,113,73,82,97,12" hai3="112,109,67,58,125,124,8,98,123,126,72,50,63"/><V133/><F20/><W119/><G72/><T122/><D130/><U49/><E116/><V26/><F133/><W131/><G119/><T70/><D122/><U81/><E120/><V90/><F73/><W17/><G123/><T3/><D38/><U45/><E111/><V21/><F82/><W134/><G134/><T13/><D3/><U48/><E127/><V16/><F90/><W104/><G131/><T37/><D31/><U74/><E74/><V103/><F10/><W33/><G33/><T28/><D28/><U27/><E39/><V105/><REACH who="2" step="1"/><F4/><REACH who="2" ten="10,66,781,133" step="2"/><W95/><G8/><T89/><D91/><U2/><E88/><V68/><AGARI ba="5,1" hai="12,16,21,26,29,34,60,64,68,97,103,105,113,115" machi="68" ten="20,24000,3" yaku="1,1,2,1,0,1,7,1,25,2,52,1,54,1,53,0" doraHai="96" doraHaiUra="77" who="2" fromWho="2" sc="10,-85,66,-85,781,265,133,-85" owari="-75,-58.0,-19,-42.0,1046,115.0,48,-15.0" /></mjloggm>