<mjloggm ver="2.3"><GO type="97" lobby="0"/><UN n0="%53%49%47%4D%41" n1="%68%61%6E%61%6E%61" n2="%E3%82%A6%E3%83%AB%E3%83%88%E3%83%A9%E7%AB%8B%E7%9B%B4" n3="%72%61%69%6E%79%67%75%65" dan="15,14,15,14" rate="1976.50,1967.52,2001.29,1846.23" sx="M,M,M,M"/><TAIKYOKU oya="0"/><INIT seed="0,0,0,0,3,106" ten="250,250,250,250" oya="0" hai0="133,45,75,123,129,12,99,112,19,25,117,134,124" hai1="83,64,9,108,40,41,5,128,103,35,111,47,84" hai2="65,29,88,57,62,50,79,56,59,96,43,49,91" hai3="89,90,14,61,73,21,87,38,24,102,121,116,39"/><T80/><D25/><U8/><E35/><V68/><F68/><W94/><G116/><T115/><D45/><U100/><E64/><V36/><F36/><W110/><G73/><T76/><D117/><U101/><E128/><V31/><F79/><W78/><G121/><T105/><D123/><U26/><E26/><V22/><F22/><W0/><G110/><T118/><D118/><U10/><E5/><V27/><F27/><W52/><G0/><T126/><D19/><U113/><E113/><N who="0" m="43593" /><D12/><U104/><E104/><V17/><F17/><W125/><G125/><N who="0" m="48235" /><D129/><U33/><E33/><V109/><F109/><N who="1" m="42057" /><E47/><N who="2" m="25855" /><F57/><W63/><G14/><T4/><D4/><U58/><E58/><V92/><F91/><AGARI ba="0,0" hai="8,9,10,40,41,83,84,91,100,101,103" m="42057" machi="91" ten="40,1300,0" yaku="14,1" doraHai="106" who="1" fromWho="2" sc="250,0,250,13,250,-13,250,0" /><INIT seed="1,0,0,5,4,72" ten="250,263,237,250" oya="1" hai0="64,11,51,22,45,62,34,75,70,54,19,24,129" hai1="17,69,47,59,3,67,36,93,37,6,116,87,42" hai2="15,105,107,60,91,100,38,122,135,127,2,118,88" hai3="78,121,130,89,7,104,81,44,32,39,103,134,61"/><U117/><E3/><V125/><F2/><W55/><G121/><T120/><D120/><U35/><E35/><V1/><F1/><W46/><G32/><T31/><D129/><U132/><E6/><V10/><F38/><N who="1" m="14953" /><E17/><V58/><F135/><W128/><G134/><T27/><D75/><U41/><E93/><V5/><F118/><N who="1" m="45673" /><E87/><V82/><F122/><W49/><G7/><T23/><D11/><U14/><E14/><V112/><F112/><W18/><G89/><T40/><D34/><U119/><N who="1" m="45681" /><U12/><DORA hai="95" /><E12/><V65/><F91/><W30/><G30/><T111/><D111/><U113/><E132/><V9/><F9/><W92/><G104/><T63/><D63/><N who="1" m="40191" /><E113/><V21/><F21/><W76/><G18/><T131/><D131/><U56/><E42/><V0/><F0/><W20/><G20/><T71/><D40/><U57/><E57/><AGARI ba="0,0" hai="19,22,23,24,27,31,45,51,54,57,62,64,70,71" machi="57" ten="30,1000,0" yaku="7,1" doraHai="72,95" who="0" fromWho="1" sc="250,10,263,-10,237,0,250,0" /><INIT seed="2,0,0,0,4,114" ten="260,253,237,250" oya="2" hai0="109,75,93,134,84,62,15,24,88,85,32,45,130" hai1="78,60,74,104,111,7,8,123,47,17,27,38,118" hai2="122,46,82,92,108,73,94,10,113,87,57,90,40" hai3="117,3,49,35,58,5,28,86,36,131,22,48,112"/><V124/><F122/><W99/><G36/><T127/><D75/><U23/><E123/><V4/><F113/><W19/><G131/><T95/><D130/><U68/><E104/><V51/><F124/><W79/><G112/><T33/><D127/><U37/><E111/><V56/><F108/><W125/><G125/><T120/><D109/><U42/><E38/><V30/><F30/><W29/><G117/><T96/><D120/><U59/><E68/><V106/><F106/><W25/><G99/><T41/><D15/><U20/><E20/><V89/><F73/><W83/><G58/><T31/><D62/><U13/><E74/><V100/><F100/><W12/><G29/><T0/><D0/><U2/><E78/><V126/><F126/><W133/><REACH who="3" step="1"/><G133/><REACH who="3" ten="260,253,237,240" step="2"/><T52/><D134/><U116/><REACH who="1" step="1"/><E2/><REACH who="1" ten="260,243,237,240" step="2"/><V53/><F57/><W129/><G129/><T110/><D110/><U14/><E14/><V9/><F56/><W76/><G76/><T64/><D32/><U72/><E72/><V80/><F46/><W61/><G61/><T55/><D64/><AGARI ba="0,2" hai="7,8,13,17,23,27,37,42,47,59,60,64,116,118" machi="64" ten="30,7700,0" yaku="1,1,7,1,52,2,53,0" doraHai="114" doraHaiUra="135" who="1" fromWho="0" sc="260,-77,243,97,237,0,240,0" /><INIT seed="3,0,0,5,3,113" ten="183,340,237,240" oya="3" hai0="70,72,63,91,93,29,55,16,14,122,125,5,76" hai1="38,40,26,89,8,98,31,102,6,135,111,51,118" hai2="33,106,88,9,71,42,103,110,28,79,104,130,60" hai3="27,4,121,17,100,59,115,123,116,78,133,105,37"/><W2/><G115/><T69/><D122/><U99/><E111/><V35/><F42/><W95/><G37/><T65/><D125/><U80/><E135/><V10/><F79/><W108/><G133/><T127/><D127/><U74/><E118/><V134/><F134/><W24/><G116/><T83/><D29/><U7/><E38/><V101/><F88/><W34/><G108/><T120/><D120/><U30/><E74/><V77/><F77/><W53/><G105/><T67/><D5/><U68/><E68/><V97/><F110/><W32/><G78/><T61/><D55/><U12/><E7/><V52/><F52/><W43/><G123/><T49/><D49/><U39/><E39/><V85/><F85/><W54/><G121/><T19/><REACH who="0" step="1"/><D14/><REACH who="0" ten="173,340,237,240" step="2"/><U58/><E31/><V15/><F15/><W94/><G4/><T129/><D129/><U128/><E128/><V46/><F28/><W25/><G2/><T82/><D82/><U117/><E117/><V64/><F130/><W47/><G54/><T57/><D57/><U41/><E58/><V44/><F71/><W45/><G53/><T86/><AGARI ba="0,1" hai="16,19,61,63,65,67,69,70,72,76,83,86,91,93" machi="86" ten="20,8000,1" yaku="1,1,0,1,7,1,9,1,54,1,53,0" doraHai="113" doraHaiUra="92" who="0" fromWho="0" sc="173,90,340,-20,237,-20,240,-40" owari="263,6.0,320,42.0,217,-18.0,200,-30.0" /></mjloggm>