<mjloggm ver="2.3"><GO type="41" lobby="0"/><UN n0="%E3%82%A6%E3%83%AB%E3%83%88%E3%83%A9%E7%AB%8B%E7%9B%B4" n1="%E3%81%82%E3%81%A3%E3%81%8D%E3%83%BC%E3%82%89%EF%BC%97%EF%BC%97%EF%BC%97" n2="%E3%81%82%E3%81%83%E3%81%B3%E3%81%83%E3%82%8C%E3%81%83%E3%81%AB%E3%81%83" n3="%E3%82%AA%E3%82%AB%E3%82%B7" dan="16,14,15,13" rate="2026.73,1958.09,1982.08,1854.33" sx="M,M,M,M"/><TAIKYOKU oya="0"/><INIT seed="0,0,0,2,2,94" ten="250,250,250,250" oya="0" hai0="12,128,43,37,24,50,121,91,10,60,4,88,27" hai1="42,107,53,39,9,11,66,116,132,3,18,69,33" hai2="59,35,68,119,97,44,80,72,49,7,95,40,92" hai3="76,38,117,96,22,126,87,106,46,89,135,54,0"/><T83/><D37/><U130/><E116/><V70/><F35/><W104/><G117/><T14/><D121/><U82/><E33/><V6/><F119/><W113/><G113/><T48/><D128/><U112/><E130/><V129/><F129/><W98/><G135/><T109/><D109/><U26/><E112/><V47/><F95/><W73/><G126/><T41/><D60/><U45/><E132/><V131/><F47/><W62/><G0/><T61/><D61/><U90/><E107/><V51/><F131/><W8/><G8/><T114/><D114/><U100/><E100/><V13/><F59/><W122/><G122/><T74/><D74/><U123/><E123/><V124/><F51/><W81/><G38/><T75/><D75/><U120/><E120/><V21/><F124/><W16/><G106/><T55/><D83/><U1/><E1/><V110/><F110/><W29/><G29/><T86/><D86/><U36/><E36/><V111/><F111/><W77/><G104/><T63/><D63/><U19/><E3/><V17/><F80/><W125/><G125/><T28/><D14/><U56/><E66/><V103/><REACH who="2" step="1"/><F72/><REACH who="2" ten="250,250,240,250" step="2"/><W79/><G73/><T108/><D108/><U64/><E82/><V31/><F31/><W58/><G46/><N who="0" m="28055" /><D28/><U5/><E45/><V85/><F85/><W2/><G2/><T15/><D50/><U52/><E39/><V65/><F65/><W25/><AGARI ba="0,1" hai="16,22,25,54,58,62,76,77,79,81,87,89,96,98" machi="25" ten="30,8000,1" yaku="0,1,8,1,52,2,54,1" doraHai="94" who="3" fromWho="3" sc="250,-40,250,-20,240,-20,250,90" /><INIT seed="1,0,0,4,2,99" ten="210,230,220,340" oya="1" hai0="35,89,34,51,98,25,32,122,53,106,48,37,22" hai1="102,28,21,101,109,114,60,126,38,45,100,120,78" hai2="15,107,135,96,69,105,111,39,86,43,113,97,57" hai3="75,72,71,68,76,124,125,29,26,103,9,61,55"/><U7/><E114/><V80/><F69/><W49/><G9/><T92/><D37/><U121/><E7/><V50/><F39/><W123/><G123/><T33/><N who="0" m="8704" /><DORA hai="41" /><T10/><D122/><U23/><E78/><V31/><F31/><W36/><G26/><T82/><D106/><U47/><E60/><V117/><F117/><W91/><G29/><T104/><D104/><U66/><E66/><V81/><F15/><W63/><G76/><T58/><D82/><U1/><E1/><V14/><F14/><W13/><G91/><T94/><D94/><U65/><E65/><V16/><F16/><W20/><G13/><T116/><D10/><U19/><E38/><V6/><F6/><W127/><G20/><T44/><D116/><U56/><E56/><V40/><F57/><N who="3" m="33007" /><G103/><T24/><REACH who="0" step="1"/><D22/><REACH who="0" ten="200,230,220,340" step="2"/><U8/><E8/><V11/><F11/><W119/><G119/><T95/><D95/><U17/><E120/><V12/><F105/><W30/><G36/><T132/><D132/><U84/><E121/><V2/><F107/><W73/><G30/><T112/><D112/><U74/><E28/><V62/><F113/><W52/><G71/><T110/><D110/><U83/><E109/><V4/><F111/><W115/><G68/><T3/><D3/><U42/><E21/><V0/><F2/><W77/><G115/><T18/><D18/><U90/><E23/><V134/><F0/><W46/><G77/><T108/><D108/><U54/><E17/><V128/><F135/><W87/><G87/><T27/><D27/><U133/><E19/><V64/><F134/><RYUUKYOKU ba="0,1" sc="200,15,230,-15,220,-15,340,15" hai0="24,25,44,48,51,53,58,89,92,98" hai3="46,52,61,63,72,73,75,124,125,127" /><INIT seed="2,1,1,4,1,41" ten="215,215,205,355" oya="2" hai0="57,97,5,79,114,34,80,65,48,52,71,16,105" hai1="13,7,83,38,127,30,91,19,42,77,59,119,128" hai2="133,31,28,102,132,29,20,99,106,62,21,36,87" hai3="113,64,12,9,75,131,24,67,73,1,125,55,107"/><V50/><F36/><W86/><G107/><T126/><D114/><U18/><E119/><V14/><F62/><W33/><G113/><T2/><D126/><U103/><E127/><V58/><F87/><W46/><G1/><T6/><D34/><U22/><E128/><V115/><F115/><W90/><G131/><T51/><D2/><U27/><E103/><V122/><F122/><W45/><G125/><T70/><D70/><U93/><E7/><V68/><F68/><W111/><G111/><T40/><D65/><U92/><E42/><V44/><F58/><W66/><G55/><T15/><D71/><U117/><E38/><V84/><F84/><W116/><G116/><T130/><D130/><U112/><E112/><V23/><REACH who="2" step="1"/><F14/><REACH who="2" ten="215,215,195,355" step="2"/><W32/><G73/><T89/><D15/><U120/><E59/><V95/><F95/><W26/><G75/><T74/><D74/><U63/><E92/><V82/><F82/><N who="3" m="49495" /><G33/><T98/><D80/><U4/><E83/><V129/><F129/><W100/><G32/><T60/><D60/><U35/><E63/><V56/><F56/><W123/><G123/><T10/><D57/><U121/><E35/><V85/><F85/><W11/><G100/><T39/><D39/><U17/><E120/><V76/><F76/><W49/><G49/><T53/><D79/><U61/><E77/><V47/><F47/><N who="3" m="17931" /><G12/><T88/><D51/><U94/><E13/><V69/><F69/><W72/><G72/><T104/><D48/><U3/><E121/><V78/><F78/><W25/><AGARI ba="1,2" hai="9,11,24,25,26,64,66,67" m="17931,49495" machi="25" ten="40,8000,1" yaku="8,1,52,3" doraHai="41" who="3" fromWho="3" sc="215,-21,215,-21,195,-41,355,103" /><INIT seed="3,0,0,2,3,77" ten="194,194,154,458" oya="3" hai0="124,106,98,12,99,20,101,35,53,8,47,57,116" hai1="21,52,6,68,13,30,103,43,18,108,24,82,79" hai2="59,63,41,92,127,19,91,27,113,97,120,129,25" hai3="46,128,126,50,3,114,74,65,131,105,93,84,102"/><W135/><G3/><T121/><D35/><U73/><E68/><V75/><F75/><W60/><G114/><T7/><D121/><U110/><E43/><V132/><F113/><W33/><G33/><T67/><D116/><U42/><E42/><V64/><F41/><W17/><G74/><T45/><D124/><U62/><E103/><V86/><F127/><W111/><G126/><T80/><D67/><U71/><E6/><V112/><F112/><W9/><G105/><T10/><D99/><U107/><E107/><V104/><F129/><N who="3" m="49739" /><G135/><T88/><D20/><U31/><E31/><V22/><F132/><W134/><G134/><T119/><D10/><U11/><REACH who="1" step="1"/><E71/><REACH who="1" ten="194,184,154,458" step="2"/><V133/><F133/><W56/><G102/><T72/><D119/><U115/><E115/><V32/><F120/><W94/><G9/><T123/><D123/><U38/><E38/><V89/><F104/><W96/><G17/><T76/><REACH who="0" step="1"/><D88/><REACH who="0" ten="184,184,154,458" step="2"/><U0/><E0/><V16/><F91/><W28/><G96/><T14/><D14/><U36/><E36/><V5/><F97/><W23/><G111/><T83/><D83/><U61/><E61/><AGARI ba="0,2" hai="7,8,12,45,47,53,57,61,72,76,80,98,101,106" machi="61" ten="30,3900,0" yaku="1,1,7,1,52,1,53,0" doraHai="77" doraHaiUra="70" who="0" fromWho="1" sc="184,59,184,-39,154,0,458,0" /><INIT seed="4,0,0,2,5,5" ten="243,145,154,458" oya="0" hai0="25,21,60,95,40,87,131,77,73,133,112,88,20" hai1="129,37,116,94,29,125,127,126,18,98,103,46,51" hai2="135,134,19,81,62,76,9,6,4,58,67,8,121" hai3="57,130,102,38,45,83,75,28,36,7,91,61,13"/><T78/><D131/><U27/><E116/><V48/><F121/><W96/><G130/><T82/><D133/><N who="2" m="50698" /><F48/><W104/><G28/><T101/><D112/><U14/><E129/><V106/><F106/><W132/><G132/><T120/><D120/><U30/><E37/><V32/><F32/><W54/><G45/><T35/><D35/><U100/><E100/><V24/><F24/><W31/><G31/><T64/><D21/><N who="1" m="11479" /><E27/><V70/><F19/><W3/><G3/><T33/><D33/><U79/><E79/><V124/><F124/><W68/><G68/><T2/><D2/><U90/><E103/><V113/><F113/><W99/><G75/><T111/><D111/><U59/><E59/><V109/><F70/><W93/><REACH who="3" step="1"/><G83/><REACH who="3" ten="243,145,154,448" step="2"/><T85/><D73/><U108/><E108/><V50/><F109/><W10/><AGARI ba="0,1" hai="7,10,13,36,38,54,57,61,91,93,96,99,102,104" machi="10" ten="30,7900,0" yaku="1,1,2,1,0,1,52,1,53,0" doraHai="5" doraHaiUra="17" who="3" fromWho="3" sc="243,-39,145,-20,154,-20,448,89" /><INIT seed="5,0,0,3,1,59" ten="204,125,134,537" oya="1" hai0="107,83,8,64,79,129,68,101,46,82,124,43,27" hai1="52,10,104,74,90,34,21,127,128,134,98,50,95" hai2="84,2,38,13,117,19,16,56,108,47,105,125,36" hai3="91,67,132,80,23,121,85,113,51,20,89,106,0"/><U63/><E34/><V28/><F2/><W81/><G106/><T72/><D124/><U24/><E74/><V110/><F105/><W130/><G121/><T116/><D116/><U48/><E127/><V22/><F125/><W42/><G113/><T18/><D129/><U1/><E128/><V14/><F117/><W135/><G130/><T6/><D83/><U71/><E104/><V5/><F28/><W69/><G0/><T70/><D18/><U120/><E120/><V62/><F5/><W53/><G42/><T102/><D27/><U55/><E134/><N who="3" m="51242" /><G81/><T40/><D40/><U44/><E1/><V61/><F47/><N who="3" m="27903" /><G91/><T15/><D107/><U33/><E33/><V97/><F84/><W29/><G29/><T31/><D31/><N who="1" m="17807" /><E71/><V60/><F56/><W57/><G69/><T96/><D70/><U122/><E122/><V45/><F97/><W118/><G118/><T114/><D96/><U88/><E10/><V66/><F66/><W112/><G112/><T12/><D114/><U73/><E73/><V109/><REACH who="2" step="1"/><F45/><REACH who="2" ten="204,125,124,537" step="2"/><W37/><G37/><T94/><D64/><U11/><E44/><V126/><F126/><W76/><G57/><T25/><D68/><U99/><E99/><V123/><F123/><W86/><G67/><T32/><D72/><U103/><E98/><V100/><F100/><W75/><G85/><T4/><D102/><U30/><E103/><V54/><F54/><W17/><G75/><T3/><D101/><U78/><E30/><V133/><F133/><W131/><G131/><T35/><D46/><U41/><E55/><V115/><F115/><RYUUKYOKU ba="0,1" sc="204,-10,125,-10,124,30,537,-10" hai2="13,14,16,19,22,36,38,60,61,62,108,109,110" /><INIT seed="6,1,1,2,5,18" ten="194,115,154,527" oya="2" hai0="109,93,39,78,12,13,51,127,0,68,74,60,57" hai1="133,66,30,70,42,130,46,120,86,83,48,92,1" hai2="121,118,107,128,101,53,85,84,119,110,131,135,43" hai3="56,38,67,88,32,24,45,15,8,19,87,79,6"/><V123/><F43/><W125/><G125/><T122/><D0/><U2/><E120/><N who="2" m="46155" /><F53/><W129/><G129/><N who="2" m="49737" /><F135/><W22/><G79/><T23/><D39/><U108/><E130/><V105/><F110/><W116/><G116/><N who="2" m="44585" /><F101/><W40/><G56/><T27/><D57/><U91/><E108/><V100/><F100/><W71/><G67/><T77/><D109/><U9/><E133/><V94/><F94/><W117/><G117/><T124/><D93/><U96/><E92/><V112/><F112/><W134/><G134/><T17/><D122/><U82/><E66/><V36/><F36/><W113/><G71/><T132/><D68/><U35/><E70/><V11/><F11/><W25/><G113/><T28/><D132/><U47/><E9/><V10/><F10/><W75/><G75/><T104/><D74/><U81/><E42/><V33/><F33/><W80/><REACH who="3" step="1"/><G32/><REACH who="3" ten="194,115,154,517" step="2"/><T5/><D124/><U72/><E35/><V97/><F97/><W4/><G4/><T111/><D127/><U103/><E96/><V115/><F115/><W49/><G49/><T3/><D5/><U126/><E48/><V64/><F64/><W59/><G59/><T34/><D51/><U54/><E126/><V62/><F62/><W95/><G95/><T89/><D60/><U29/><E72/><V61/><F61/><W106/><G106/><AGARI ba="1,2" hai="84,85,105,106,107" m="44585,49737,46155" machi="106" ten="40,12000,1" yaku="28,2,19,1,34,2" doraHai="18" who="2" fromWho="3" sc="194,0,115,0,154,143,517,-123" /><INIT seed="6,2,0,5,0,3" ten="194,115,297,394" oya="2" hai0="14,53,116,88,40,78,71,128,114,30,68,119,73" hai1="75,97,120,129,12,1,35,21,87,102,15,86,41" hai2="96,110,92,85,132,19,84,43,70,27,122,17,124" hai3="101,8,28,6,79,100,125,94,45,117,58,104,55"/><V64/><F122/><W23/><G117/><T107/><D107/><U65/><E1/><V123/><F123/><W126/><G79/><T0/><D0/><U5/><E35/><V113/><F43/><W52/><G104/><T109/><D78/><U99/><E75/><V48/><F48/><N who="3" m="28687" /><G28/><T69/><D73/><U111/><E120/><V131/><F64/><W62/><G23/><T77/><D77/><U93/><E111/><V108/><F70/><W63/><G63/><T82/><D109/><N who="2" m="42090" /><F27/><W103/><G126/><T49/><D40/><U98/><E129/><V44/><F44/><W2/><G2/><T33/><D128/><U59/><E41/><V67/><F67/><W31/><G31/><T18/><D30/><U66/><E102/><N who="2" m="60679" /><F131/><W91/><G125/><T76/><D116/><U74/><E66/><V57/><F124/><W36/><G36/><T51/><D119/><U105/><E65/><V24/><F57/><W95/><G91/><T135/><D71/><U54/><E59/><V56/><F56/><W37/><G37/><T16/><D69/><U34/><E105/><V112/><F24/><W9/><G9/><T13/><D68/><U115/><E34/><V20/><F20/><W29/><G29/><T26/><D33/><U11/><E21/><V121/><F121/><W134/><G134/><T89/><D26/><U130/><E11/><V90/><F132/><W83/><G8/><T127/><D135/><U39/><E130/><V80/><F85/><W22/><G22/><T38/><D127/><U25/><E86/><V32/><F32/><W4/><G83/><RYUUKYOKU ba="2,0" sc="194,-15,115,-15,297,15,394,15" hai2="17,19,80,84,90,112,113" hai3="4,6,55,58,62,94,95,100,101,103" /><INIT seed="6,3,0,1,4,6" ten="179,100,312,409" oya="2" hai0="54,42,135,105,48,126,47,20,130,26,98,62,27" hai1="34,0,134,112,106,114,78,1,16,10,57,61,116" hai2="131,39,11,68,9,24,44,67,80,22,46,108,97" hai3="35,91,123,85,90,41,51,103,14,38,132,25,133"/><V122/><F122/><W87/><G123/><T55/><D126/><U18/><E106/><V4/><F131/><W15/><G38/><T2/><D130/><U69/><E69/><V84/><F108/><W52/><G41/><T5/><D135/><N who="3" m="51785" /><G103/><T81/><D27/><U64/><E134/><V45/><F97/><W111/><G111/><T110/><D110/><U115/><E116/><V60/><F4/><W117/><G117/><T23/><D23/><U100/><E100/><V17/><REACH who="2" step="1"/><F39/><REACH who="2" ten="179,100,302,409" step="2"/><W102/><G102/><T59/><D98/><U8/><E112/><V63/><F63/><W71/><G71/><T76/><D62/><U19/><E61/><V49/><F49/><W13/><G35/><T104/><D5/><U82/><E34/><V89/><AGARI ba="3,1" hai="9,11,17,22,24,44,45,46,60,67,68,80,84,89" machi="89" ten="30,11700,0" yaku="1,1,0,1,52,2,53,0" doraHai="6" doraHaiUra="101" who="2" fromWho="2" sc="179,-42,100,-42,302,136,409,-42" /><INIT seed="6,4,0,3,4,114" ten="137,58,438,367" oya="2" hai0="9,60,45,116,32,55,122,111,37,81,28,7,124" hai1="103,125,43,38,112,85,35,94,40,51,54,59,80" hai2="126,33,49,120,106,109,18,100,22,26,72,34,47" hai3="25,89,27,53,29,108,78,11,123,101,95,129,91"/><V63/><F72/><W42/><G123/><T130/><D122/><U87/><E35/><V8/><F120/><W50/><G42/><T104/><D104/><U3/><E3/><V15/><F63/><W88/><G78/><T110/><D28/><U16/><E112/><V52/><F126/><W79/><G79/><T31/><D81/><U65/><E125/><V84/><F84/><W121/><G121/><T61/><D124/><U24/><E65/><V57/><F47/><N who="3" m="27871" /><G108/><T113/><D31/><U135/><E135/><V5/><REACH who="2" step="1"/><F109/><REACH who="2" ten="137,58,428,367" step="2"/><W127/><G127/><T82/><D60/><U115/><E85/><V102/><F102/><W107/><G107/><T12/><D61/><U23/><E87/><V62/><F62/><W64/><G129/><T36/><D45/><U46/><E103/><V19/><F19/><W133/><G64/><T66/><D66/><U119/><E16/><V118/><F118/><W30/><G133/><T96/><D116/><U97/><E119/><V90/><F90/><N who="3" m="34923" /><G101/><T71/><D130/><U76/><E46/><V6/><F6/><W131/><G131/><T58/><D7/><U67/><E67/><V70/><F70/><W99/><G11/><T68/><D9/><U69/><E69/><V48/><F48/><W132/><G132/><T56/><D68/><U17/><E51/><V128/><F128/><W93/><G95/><T1/><D71/><U83/><E94/><V92/><F92/><W105/><G105/><T134/><D134/><U14/><E17/><V44/><F44/><W4/><G4/><T98/><D110/><U0/><E76/><RYUUKYOKU ba="4,1" sc="137,-15,58,-15,428,15,367,15" hai2="5,8,15,18,22,26,33,34,49,52,57,100,106" hai3="25,27,29,30,91,93,99" /><INIT seed="6,5,1,2,5,24" ten="122,43,443,382" oya="2" hai0="122,23,72,83,85,109,11,73,94,67,70,114,10" hai1="16,56,108,111,76,30,93,5,44,95,62,45,31" hai2="86,101,121,78,75,125,123,54,61,105,79,115,132" hai3="88,99,41,135,55,119,107,2,27,81,19,74,60"/><V80/><F61/><W116/><G2/><T48/><D11/><U104/><E104/><V33/><F54/><W127/><G135/><T128/><D67/><U118/><E118/><V18/><F18/><W37/><G127/><T82/><D70/><U39/><E5/><V63/><F63/><W98/><G41/><T38/><D38/><U113/><E76/><N who="2" m="44063" /><F33/><W102/><G37/><T129/><D23/><U130/><E130/><V32/><F32/><W13/><G27/><T28/><D48/><U14/><E113/><V46/><F46/><N who="1" m="18025" /><E108/><V106/><F115/><W124/><G124/><T103/><D114/><U100/><E39/><V29/><F29/><N who="1" m="10761" /><E100/><V84/><F125/><W96/><G74/><T77/><D73/><U53/><E111/><V134/><F101/><W17/><G17/><T12/><D109/><U51/><E62/><V89/><F105/><W110/><G110/><T6/><D128/><U35/><E35/><V117/><F106/><W0/><G0/><T92/><D129/><U21/><AGARI ba="5,1" hai="14,16,21,51,53,56,93,95" m="10761,18025" machi="21" ten="30,8000,1" yaku="8,1,52,3,54,1" doraHai="24" who="1" fromWho="1" sc="122,-25,43,105,443,-45,382,-25" /><INIT seed="7,0,0,4,4,54" ten="97,148,398,357" oya="3" hai0="39,119,75,59,101,56,13,104,25,35,44,7,87" hai1="64,131,71,98,47,3,84,67,88,6,22,50,69" hai2="2,79,20,80,111,74,37,94,107,21,91,125,89" hai3="112,58,105,129,48,116,118,1,76,83,90,134,31"/><W15/><G1/><T53/><D75/><U121/><E121/><V43/><F2/><W99/><G31/><T135/><D119/><U26/><E98/><V113/><F107/><W30/><G30/><T96/><D135/><U66/><E131/><V132/><F43/><W63/><G134/><T61/><D39/><U106/><E106/><V29/><F37/><W103/><G129/><T108/><D108/><U9/><E22/><V51/><F111/><W38/><G48/><T8/><D35/><U77/><E26/><V102/><F132/><W0/><G38/><T36/><D25/><U60/><E77/><V133/><F133/><W126/><G0/><T117/><D117/><U68/><E60/><V62/><F62/><W93/><G15/><T124/><D124/><U70/><E69/><V55/><F125/><W11/><G11/><T17/><D7/><U46/><E50/><V52/><F55/><W95/><G95/><T41/><D87/><U19/><E19/><V34/><F34/><W130/><G126/><T82/><D82/><U81/><AGARI ba="0,0" hai="3,6,9,46,47,64,66,67,68,70,71,81,84,88" machi="81" ten="40,2700,0" yaku="0,1,54,1" doraHai="54" who="1" fromWho="1" sc="97,-7,148,27,398,-7,357,-13" owari="90,-41.0,175,-22.0,391,49.0,344,14.0" /></mjloggm>