<mjloggm ver="2.3"><GO type="97" lobby="0"/><UN n0="%61%6B%61%6D%75%74%75%33" n1="%E3%82%A6%E3%83%AB%E3%83%88%E3%83%A9%E7%AB%8B%E7%9B%B4" n2="%E3%82%B5%E3%82%AE%E3%82%BF%E3%83%97%E3%83%AD" n3="%62%6F%72%61%37" dan="14,15,14,14" rate="1934.24,2016.11,1884.57,1913.54" sx="M,M,F,M"/><TAIKYOKU oya="0"/><INIT seed="0,0,0,2,4,114" ten="250,250,250,250" oya="0" hai0="85,32,105,95,93,9,109,130,123,39,6,135,121" hai1="124,31,88,24,19,2,22,38,16,97,48,74,134" hai2="21,37,117,99,132,115,65,61,20,71,59,23,60" hai3="43,29,89,120,67,100,63,106,40,35,51,73,133"/><T45/><D105/><U82/><E38/><V5/><F115/><W128/><G73/><T91/><D32/><U46/><E2/><V84/><F37/><W69/><G128/><T127/><D130/><U70/><E70/><V94/><F132/><W110/><G110/><T27/><D135/><U68/><E68/><V53/><F5/><W131/><G133/><T103/><D127/><U102/><E124/><V14/><F14/><W56/><G131/><T41/><D109/><U28/><E28/><V42/><F42/><W36/><G89/><T86/><D27/><U55/><E134/><V108/><F108/><W26/><G36/><T76/><D76/><U50/><E50/><V79/><F79/><W4/><G4/><T98/><REACH who="0" step="1"/><D85/><REACH who="0" ten="240,250,250,250" step="2"/><N who="1" m="50231" /><E74/><V80/><F84/><W0/><G120/><T64/><D64/><U12/><E12/><AGARI ba="0,1" hai="6,9,12,39,41,45,86,91,93,95,98,103,121,123" machi="12" ten="30,5800,0" yaku="1,1,7,1,53,1" doraHai="114" doraHaiUra="92" who="0" fromWho="1" sc="240,68,250,-58,250,0,250,0" /><INIT seed="0,1,0,5,5,124" ten="308,192,250,250" oya="0" hai0="26,37,6,43,101,31,99,120,123,111,9,78,7" hai1="97,45,25,95,77,86,122,38,4,87,127,84,91" hai2="59,62,88,55,41,70,8,53,61,3,69,90,5" hai3="114,24,115,39,104,15,72,135,131,130,126,52,133"/><T40/><D78/><U32/><E122/><V113/><F113/><N who="3" m="43019" /><G72/><T23/><D111/><U83/><E4/><V132/><F132/><N who="3" m="50763" /><G104/><T65/><D65/><U79/><E127/><V121/><F121/><W93/><G93/><T58/><D6/><U48/><E38/><V102/><F102/><W112/><N who="3" m="43027" /><W33/><DORA hai="82" /><G39/><T54/><D37/><U128/><E128/><N who="3" m="49194" /><G52/><T2/><D123/><U64/><E64/><V118/><F118/><W46/><G46/><T85/><D85/><U81/><E25/><V89/><F41/><W11/><G24/><T66/><D66/><U105/><E32/><V98/><F98/><W116/><G33/><T20/><D120/><U29/><E29/><V129/><F129/><W10/><G116/><T27/><D99/><U117/><E117/><V68/><REACH who="2" step="1"/><F55/><REACH who="2" ten="308,192,240,250" step="2"/><W19/><G126/><T92/><D101/><U28/><E105/><V17/><F17/><W80/><G80/><N who="1" m="30794" /><E28/><V76/><F76/><W49/><G49/><AGARI ba="1,1" hai="3,5,8,49,53,59,61,62,68,69,70,88,89,90" machi="49" ten="50,3200,0" yaku="1,1,54,1,53,0" doraHai="124,82" doraHaiUra="63,94" who="2" fromWho="3" sc="308,0,192,0,240,45,250,-35" /><INIT seed="1,0,0,0,4,3" ten="308,192,285,215" oya="1" hai0="22,37,66,107,97,135,61,4,78,125,24,75,80" hai1="94,2,32,106,68,9,110,41,59,14,112,5,93" hai2="47,27,0,96,10,12,28,51,124,17,77,11,60" hai3="43,73,91,127,62,81,126,118,116,34,16,111,104"/><U7/><E68/><V33/><F77/><N who="3" m="44207" /><G91/><T65/><D125/><N who="3" m="47625" /><G104/><T87/><D135/><U74/><E32/><V92/><F124/><W129/><G34/><T71/><D66/><U15/><E2/><V89/><F60/><W6/><G43/><T115/><D115/><U103/><E74/><V79/><F79/><W95/><G95/><N who="1" m="36362" /><E106/><V102/><F102/><W38/><G62/><T53/><D37/><U19/><E112/><V76/><F76/><W64/><G64/><T54/><D107/><U31/><E110/><V20/><REACH who="2" step="1"/><F0/><REACH who="2" ten="308,192,275,215" step="2"/><W85/><G111/><T109/><D109/><U119/><E119/><N who="3" m="45610" /><G38/><T122/><D122/><U48/><E103/><V29/><F29/><W105/><G105/><T8/><D78/><U21/><E31/><V101/><F101/><W86/><G129/><T72/><D61/><U132/><E132/><V58/><F58/><W36/><G36/><T67/><D71/><U100/><E100/><V130/><F130/><W117/><G117/><T46/><D75/><U25/><E59/><V108/><F108/><W90/><G90/><T18/><D72/><U42/><E48/><V1/><F1/><W82/><G82/><T52/><D80/><U44/><E44/><V23/><F23/><W26/><G86/><T45/><D22/><U128/><E128/><V35/><F35/><W63/><G63/><T84/><D46/><U114/><E114/><V83/><F83/><W113/><G85/><T70/><D84/><U123/><E123/><V56/><F56/><W121/><G113/><T39/><D70/><U50/><E50/><V131/><F131/><RYUUKYOKU ba="0,1" sc="308,-15,192,15,275,15,215,-15" hai1="5,7,9,14,15,19,21,25,41,42" hai2="10,11,12,17,20,27,28,33,47,51,89,92,96" /><INIT seed="1,1,1,0,2,64" ten="293,207,290,200" oya="1" hai0="62,9,86,108,121,118,99,135,82,28,8,83,133" hai1="10,114,117,61,11,58,63,57,89,128,102,35,33" hai2="14,47,120,45,81,16,103,84,112,76,15,30,66" hai3="125,122,79,80,52,126,98,17,32,96,46,0,50"/><U18/><E102/><V21/><F120/><W127/><G122/><T131/><D118/><U93/><E117/><V7/><F112/><W26/><G0/><T39/><D39/><U85/><E114/><V97/><F30/><N who="3" m="19543" /><G17/><T78/><D121/><U129/><E18/><V68/><F7/><W92/><G92/><T132/><D108/><U88/><E93/><V3/><F3/><W124/><N who="3" m="32256" /><DORA hai="104" /><W106/><G106/><T67/><D131/><U91/><E89/><V73/><F73/><AGARI ba="1,1" hai="46,50,52,73,79,80,96,98" m="32256,19543" machi="73" ten="60,7700,0" yaku="18,1,52,1,54,1" doraHai="64,104" who="3" fromWho="2" sc="293,0,207,0,290,-80,200,90" /><INIT seed="2,0,0,2,1,47" ten="293,207,210,290" oya="2" hai0="134,87,18,89,41,52,0,49,130,124,74,116,63" hai1="20,43,51,17,76,70,5,135,11,59,12,10,1" hai2="93,68,19,110,45,62,23,16,73,71,36,120,103" hai3="121,54,46,80,60,14,83,27,122,64,131,106,108"/><V22/><F120/><W37/><G106/><T72/><D0/><U126/><E70/><V127/><F73/><W96/><G108/><T100/><D124/><U97/><E126/><V98/><F127/><W33/><G131/><T21/><D41/><U35/><E35/><V77/><F77/><W117/><G117/><T44/><D130/><U58/><E135/><V29/><F29/><W111/><G111/><T78/><D134/><U86/><E97/><V25/><F110/><W99/><G37/><T50/><D116/><U112/><E112/><V38/><F71/><W28/><G14/><T84/><D100/><U30/><E30/><V119/><F119/><W107/><G96/><T57/><D72/><U82/><E11/><V118/><F118/><W32/><G32/><T125/><D74/><U109/><E109/><V24/><REACH who="2" step="1"/><F45/><REACH who="2" ten="293,207,200,290" step="2"/><W4/><G121/><T2/><D125/><U101/><E58/><V6/><F6/><W66/><G4/><T128/><D78/><U85/><E59/><V39/><F39/><W69/><G122/><T9/><D128/><U55/><E5/><V61/><F61/><W26/><G64/><AGARI ba="0,1" hai="16,19,22,23,24,25,36,38,62,64,68,93,98,103" machi="64" ten="40,7700,0" yaku="1,1,9,1,54,1,53,0" doraHai="47" doraHaiUra="7" who="2" fromWho="3" sc="293,0,207,0,200,87,290,-77" /><INIT seed="2,1,0,0,2,23" ten="293,207,287,213" oya="2" hai0="120,135,97,117,104,131,118,8,83,113,49,25,96" hai1="15,101,37,44,106,61,92,62,121,99,66,128,54" hai2="67,75,93,36,5,109,77,94,82,86,91,22,50" hai3="78,87,133,34,76,31,110,28,32,30,123,48,40"/><V124/><F36/><W51/><G123/><T43/><D113/><U35/><E121/><V14/><F124/><W68/><G87/><T16/><D120/><U56/><E128/><V72/><F67/><W114/><G40/><T45/><D131/><U126/><E126/><V132/><F132/><W60/><G60/><T53/><D135/><U107/><E35/><N who="3" m="13354" /><G133/><T13/><D83/><U112/><E112/><V12/><F93/><W4/><G4/><T119/><D104/><U58/><E37/><V80/><F80/><W129/><G114/><T102/><D102/><U64/><E15/><V73/><F5/><W69/><G129/><T7/><D43/><U79/><E79/><N who="3" m="30250" /><G110/><T105/><D105/><U74/><E74/><V88/><F109/><W103/><G103/><T84/><D84/><U63/><REACH who="1" step="1"/><E44/><REACH who="1" ten="293,197,287,213" step="2"/><V9/><F73/><W98/><G98/><T57/><D45/><U134/><E134/><V1/><F75/><W115/><G115/><T90/><D90/><U39/><E39/><V27/><F91/><W52/><G52/><T81/><D81/><U111/><E111/><V29/><F1/><W38/><G38/><T20/><AGARI ba="1,1" hai="7,8,13,16,20,25,49,53,57,96,97,117,118,119" machi="20" ten="40,8000,1" yaku="0,1,12,1,52,1,54,1" doraHai="23" who="0" fromWho="0" sc="293,93,197,-21,287,-41,213,-21" /><INIT seed="3,0,0,0,4,102" ten="386,176,246,192" oya="3" hai0="9,27,38,18,47,80,57,77,70,74,83,61,125" hai1="122,25,89,76,115,56,8,120,22,81,73,134,33" hai2="133,48,64,69,54,98,90,68,103,101,4,42,44" hai3="19,128,5,78,14,10,58,116,13,95,72,99,11"/><W34/><G116/><T17/><D70/><U46/><E33/><V6/><F133/><W36/><G128/><T55/><D83/><U28/><E134/><V16/><F69/><W118/><G118/><T53/><D125/><U135/><E135/><V65/><F68/><W66/><G34/><T96/><D96/><U129/><E129/><V132/><F132/><W62/><G36/><T32/><D18/><U60/><E115/><V84/><F16/><N who="3" m="8247" /><G72/><T50/><D38/><U12/><E89/><V35/><F35/><W39/><G39/><T94/><D94/><U119/><E119/><V117/><F117/><W112/><G112/><T121/><D121/><U91/><E91/><V110/><F110/><W45/><G45/><T51/><D32/><U108/><E108/><V126/><F126/><W97/><G78/><T111/><D111/><U130/><E46/><V79/><F79/><W75/><G75/><T85/><D74/><U43/><E43/><V49/><F4/><W92/><G5/><T40/><D40/><U86/><E73/><V104/><F6/><W82/><G82/><T24/><D61/><U131/><E131/><V37/><F37/><W3/><G3/><T105/><D105/><U52/><E130/><V71/><F71/><W41/><G41/><T26/><D26/><U0/><E0/><V107/><F107/><W113/><G113/><T93/><D93/><AGARI ba="0,0" hai="11,14,19,58,62,66,92,93,95,97,99" m="8247" machi="93" ten="30,2900,0" yaku="8,1,54,1" doraHai="102" who="3" fromWho="0" sc="386,-29,176,0,246,0,192,29" /><INIT seed="3,1,0,1,3,110" ten="357,176,246,221" oya="3" hai0="134,50,71,83,63,33,120,76,97,19,60,64,100" hai1="32,58,30,12,44,122,90,23,69,35,4,103,53" hai2="28,114,125,89,75,10,105,67,9,39,29,113,88" hai3="130,55,80,132,36,96,99,66,87,116,109,129,59"/><W26/><G116/><T108/><D120/><U81/><E69/><V38/><F125/><W22/><G36/><T121/><D108/><U112/><E122/><V27/><F27/><W93/><G66/><T6/><D121/><U61/><E35/><V0/><F67/><W51/><G109/><T77/><D134/><U135/><E32/><V3/><REACH who="2" step="1"/><F75/><REACH who="2" ten="357,176,236,221" step="2"/><W13/><G132/><T1/><D64/><U106/><E135/><V8/><F8/><W34/><G34/><T65/><D33/><U49/><E106/><AGARI ba="1,1" hai="0,3,9,10,28,29,38,39,88,89,105,106,113,114" machi="106" ten="25,12000,2" yaku="1,1,22,2,52,2,54,1,53,0" doraHai="110" doraHaiUra="18" who="2" fromWho="1" sc="357,0,176,-123,236,133,221,0" owari="357,16.0,53,-45.0,369,47.0,221,-18.0" /></mjloggm>