<mjloggm ver="2.3"><GO type="97" lobby="0"/><UN n0="%73%65%61%72%69%61%6C" n1="%53%45%41%35%31" n2="%75%73%75%75%73%75" n3="%E3%82%A6%E3%83%AB%E3%83%88%E3%83%A9%E7%AB%8B%E7%9B%B4" dan="15,14,13,15" rate="1974.22,1886.00,1883.31,1985.07" sx="M,M,M,M"/><TAIKYOKU oya="0"/><INIT seed="0,0,0,0,4,86" ten="250,250,250,250" oya="0" hai0="31,35,123,12,73,14,120,82,53,16,96,44,62" hai1="63,93,135,48,22,51,104,30,121,8,18,41,125" hai2="2,69,39,103,67,70,4,65,37,111,42,79,118" hai3="60,95,122,9,43,97,36,84,124,19,98,71,99"/><T15/><D35/><U46/><E104/><V34/><F34/><W110/><G122/><T91/><D31/><U57/><E121/><V24/><F79/><W129/><G124/><T13/><D73/><U17/><E125/><V74/><F74/><W108/><G129/><T56/><D44/><U26/><E135/><V1/><F103/><W50/><G36/><T105/><D105/><U72/><E72/><V54/><F24/><W66/><G50/><T134/><D134/><U5/><E51/><V11/><F118/><W27/><G43/><T10/><REACH who="0" step="1"/><D82/><REACH who="0" ten="240,250,250,250" step="2"/><U89/><E30/><V90/><F111/><W133/><G133/><T55/><D55/><U106/><E106/><V3/><F54/><W29/><G108/><T33/><D33/><U25/><E5/><V0/><F42/><W102/><G110/><T117/><D117/><U88/><E46/><V130/><F130/><W85/><G29/><T114/><D114/><U23/><E41/><V127/><F127/><W94/><G19/><T109/><D109/><U92/><E18/><V75/><F75/><W7/><G7/><T40/><D40/><U107/><E17/><V45/><F45/><W112/><G66/><T100/><D100/><U59/><E107/><V68/><REACH who="2" step="1"/><F90/><REACH who="2" ten="240,250,240,250" step="2"/><W20/><G102/><T132/><D132/><U83/><E88/><V32/><F32/><W52/><G52/><T131/><D131/><U76/><E89/><V38/><AGARI ba="0,2" hai="0,1,2,3,4,11,37,38,39,65,67,68,69,70" machi="38" ten="50,8000,1" yaku="1,1,0,1,29,2,53,0" doraHai="86" doraHaiUra="126" who="2" fromWho="2" sc="240,-40,250,-20,240,100,250,-20" /><INIT seed="1,0,0,1,3,33" ten="200,230,340,230" oya="1" hai0="5,123,42,56,83,132,92,127,128,30,17,3,49" hai1="22,6,106,28,27,85,37,133,26,4,110,104,12" hai2="59,97,66,15,20,62,93,130,9,63,58,87,125" hai3="100,119,84,55,116,57,1,61,65,19,24,81,51"/><U75/><E75/><V67/><F130/><W88/><G100/><T70/><D128/><U25/><E37/><V107/><F125/><W109/><G109/><T47/><D123/><U115/><E115/><V103/><F87/><W114/><G114/><T31/><D127/><U41/><E41/><V98/><F20/><W120/><G120/><T36/><D70/><U102/><E110/><V126/><F126/><W34/><G1/><T113/><D113/><U91/><E133/><V76/><F76/><W29/><REACH who="3" step="1"/><G19/><REACH who="3" ten="200,230,340,220" step="2"/><T60/><D132/><U108/><E108/><V38/><F38/><W44/><AGARI ba="0,1" hai="24,29,34,44,51,55,57,61,65,81,84,88,116,119" machi="44" ten="30,8000,1" yaku="1,1,2,1,0,1,54,1,53,1" doraHai="33" doraHaiUra="80" who="3" fromWho="3" sc="200,-20,230,-40,340,-20,220,90" /><INIT seed="2,0,0,4,2,33" ten="180,190,320,310" oya="2" hai0="90,25,17,94,55,49,79,36,6,97,53,18,74" hai1="115,12,39,46,69,21,48,120,62,38,114,76,10" hai2="96,129,5,19,64,124,1,45,52,117,30,128,78" hai3="130,42,60,123,77,81,16,100,122,32,31,108,41"/><V14/><F117/><W104/><G42/><T92/><D36/><N who="1" m="13867" /><E21/><V24/><F64/><W68/><G41/><T35/><D74/><U127/><E76/><V125/><F78/><W59/><G59/><T71/><D79/><U3/><E12/><V28/><F96/><N who="3" m="61447" /><G16/><T73/><D73/><U75/><E75/><V116/><F116/><W103/><G103/><T84/><D71/><U134/><E62/><V70/><F70/><W113/><G113/><T57/><D6/><U112/><E48/><V50/><F5/><W111/><G81/><T8/><D8/><U83/><E83/><V58/><F58/><W29/><G77/><T56/><D25/><U91/><E46/><V88/><F88/><W51/><G31/><N who="2" m="11817" /><F24/><N who="3" m="18471" /><G51/><T109/><D109/><N who="3" m="42057" /><G130/><N who="2" m="50281" /><F1/><W72/><G72/><T9/><D9/><AGARI ba="0,0" hai="9,14,19,45,50,52,124,125" m="50281,11817" machi="9" ten="30,2900,0" yaku="19,1,54,1" doraHai="33" who="2" fromWho="0" sc="180,-29,190,0,320,29,310,0" /><INIT seed="2,1,0,4,1,50" ten="151,190,349,310" oya="2" hai0="53,100,112,22,46,116,69,34,33,78,23,66,26" hai1="36,9,6,127,104,85,106,1,94,5,125,38,24" hai2="83,39,2,96,0,7,47,42,8,74,132,40,77" hai3="52,15,101,59,120,79,92,72,102,55,82,126,111"/><V81/><F132/><W128/><G120/><T130/><D112/><U45/><E6/><V134/><F134/><W123/><G123/><T64/><D130/><U93/><E24/><V3/><F42/><W62/><G128/><T32/><D116/><U31/><E31/><V58/><F58/><W37/><G37/><N who="1" m="14442" /><E45/><V87/><REACH who="2" step="1"/><F96/><REACH who="2" ten="151,190,339,310" step="2"/><W25/><G126/><T117/><D69/><U90/><E127/><V67/><F67/><W105/><G105/><T18/><D66/><U108/><E106/><V35/><F35/><W124/><G124/><T4/><D64/><U110/><E104/><V115/><F115/><W21/><G111/><T11/><D33/><U122/><E125/><V54/><F54/><W16/><G55/><T51/><D34/><U75/><E122/><V114/><F114/><W73/><G73/><T71/><D32/><U43/><E75/><V17/><F17/><W44/><G44/><T84/><D71/><U107/><E43/><V121/><F121/><W131/><G131/><T113/><D113/><U27/><E107/><V76/><AGARI ba="1,1" hai="0,2,3,7,8,39,40,47,74,76,77,81,83,87" machi="76" ten="20,12000,1" yaku="1,1,0,1,7,1,25,2,53,0" doraHai="50" doraHaiUra="48" who="2" fromWho="2" sc="151,-41,190,-41,339,133,310,-41" /><INIT seed="2,2,0,5,1,116" ten="110,149,472,269" oya="2" hai0="20,90,70,128,112,27,55,118,25,93,47,28,52" hai1="119,99,19,85,30,36,84,80,49,114,66,2,21" hai2="78,83,4,63,125,31,111,110,43,69,89,87,54" hai3="6,0,64,15,132,3,102,109,103,13,117,22,77"/><V9/><F43/><W92/><G117/><T126/><D118/><U68/><E36/><V97/><F31/><W35/><G35/><T82/><D112/><U1/><E114/><V56/><F69/><W8/><G132/><T60/><D126/><U96/><E119/><V50/><F125/><W72/><G109/><T45/><D128/><U65/><E30/><V51/><F97/><W104/><G104/><T79/><D70/><U12/><E49/><V131/><F131/><W42/><G64/><T26/><D79/><U34/><E34/><V16/><F78/><W133/><G133/><T24/><D82/><U61/><E65/><V17/><F51/><W62/><G62/><T14/><D55/><U115/><E84/><V41/><F41/><W94/><G42/><T73/><D73/><U44/><E44/><V113/><F63/><W33/><G33/><T57/><REACH who="0" step="1"/><D14/><REACH who="0" ten="100,149,472,269" step="2"/><N who="1" m="9463" /><E115/><V7/><F113/><W67/><G15/><T98/><AGARI ba="2,1" hai="20,24,25,26,27,28,45,47,52,57,60,90,93,98" machi="98" ten="30,7900,0" yaku="1,1,0,1,8,1,54,1,53,0" doraHai="116" doraHaiUra="11" who="0" fromWho="0" sc="100,95,149,-22,472,-41,269,-22" /><INIT seed="3,0,0,1,3,83" ten="195,127,431,247" oya="3" hai0="16,11,67,86,6,87,36,43,99,112,18,39,8" hai1="7,14,98,65,5,126,17,127,51,21,115,12,70" hai2="128,113,41,119,110,97,28,84,95,76,134,27,3" hai3="64,24,89,102,77,105,23,20,103,50,78,44,108"/><W125/><G125/><T32/><D32/><U94/><E70/><V29/><F119/><W92/><G108/><T9/><D6/><U15/><E65/><V34/><F113/><W111/><G111/><T22/><D67/><U45/><E115/><V80/><F110/><W10/><G10/><T106/><D112/><U85/><E127/><V68/><F68/><W131/><G131/><T2/><D2/><U4/><E126/><V61/><F128/><W117/><G117/><T109/><D109/><U40/><REACH who="1" step="1"/><E85/><REACH who="1" ten="195,117,431,247" step="2"/><V116/><F116/><W132/><G64/><T118/><D118/><U93/><E93/><V96/><F134/><W100/><G105/><T13/><D106/><U49/><E49/><V56/><F3/><W53/><G132/><T54/><D99/><U104/><E104/><V48/><F29/><N who="3" m="17543" /><G23/><T124/><D124/><U59/><E59/><V101/><F97/><AGARI ba="0,1" hai="44,50,53,77,78,89,92,97,100,102,103" m="17543" machi="97" ten="30,1500,0" yaku="8,1" doraHai="83" who="3" fromWho="2" sc="195,0,117,0,431,-15,247,25" /><INIT seed="3,1,0,4,2,44" ten="195,117,416,272" oya="3" hai0="118,17,30,0,132,130,15,114,124,116,79,133,63" hai1="103,89,25,94,100,16,51,111,10,65,127,46,4" hai2="35,66,24,13,7,90,129,8,96,91,80,121,55" hai3="125,19,76,47,41,20,131,67,72,115,40,126,2"/><W22/><G2/><T82/><D0/><U52/><E111/><V62/><F121/><W113/><G76/><T38/><D38/><U48/><E127/><N who="3" m="48650" /><G72/><T18/><D124/><U119/><E119/><V108/><F108/><W54/><G67/><T64/><D30/><U95/><E65/><V27/><F129/><W14/><G131/><T29/><D29/><U58/><E95/><V34/><F34/><W112/><G54/><T105/><D130/><U106/><E106/><V11/><F35/><W128/><G128/><T56/><D105/><U104/><E104/><V70/><F55/><W26/><G47/><T88/><D114/><U98/><E4/><V6/><F91/><W33/><G33/><T42/><D42/><N who="1" m="24663" /><E25/><V31/><F31/><AGARI ba="1,0" hai="14,19,20,22,26,31,40,41,112,113,115" m="48650" machi="31" ten="40,2000,0" yaku="18,1" doraHai="44" who="3" fromWho="2" sc="195,0,117,0,416,-23,272,23" /><INIT seed="3,2,0,5,2,103" ten="195,117,393,295" oya="3" hai0="89,130,69,44,40,102,39,42,8,16,0,35,9" hai1="28,112,131,79,106,111,115,94,119,2,100,4,34" hai2="22,30,12,99,21,125,33,27,46,52,84,49,113" hai3="91,122,134,116,90,109,101,17,128,63,60,74,120"/><W71/><G116/><T31/><D69/><U93/><E4/><V97/><F113/><N who="1" m="43593" /><E2/><V86/><F125/><W29/><G74/><T56/><D35/><U68/><E28/><V18/><F33/><W50/><G29/><T81/><D31/><U124/><E68/><V76/><F76/><W82/><G120/><T36/><D8/><U66/><E66/><V3/><F3/><W126/><G122/><T7/><D40/><U96/><E34/><V114/><F114/><W80/><G126/><T57/><D39/><U48/><E48/><V62/><F62/><W38/><G38/><T13/><D56/><U95/><E124/><V14/><F14/><W10/><G101/><T37/><D57/><U54/><E54/><V45/><F45/><W24/><G71/><T67/><D67/><U108/><E119/><V73/><F73/><W78/><G78/><T133/><D37/><U32/><E32/><V98/><AGARI ba="2,0" hai="12,18,21,22,27,30,46,49,52,84,86,97,98,99" machi="98" ten="30,4000,0" yaku="0,1,8,1,54,1" doraHai="103" who="2" fromWho="2" sc="195,-12,117,-12,393,46,295,-22" owari="183,-22.0,105,-39.0,439,54.0,273,7.0" /></mjloggm>