<mjloggm ver="2.3"><GO type="41" lobby="0"/><UN n0="%E3%82%AA%E3%83%AB%E3%82%B4%E3%83%BC%E3%83%AB" n1="%E5%A4%A2%E5%B9%BB%E6%88%A6%E5%A3%AB%E3%83%B4%E3%82%A1%E3%83%AA%E3%82%B9" n2="%E3%82%A6%E3%83%AB%E3%83%88%E3%83%A9%E7%AB%8B%E7%9B%B4" n3="%E3%81%91%E3%82%93%E3%81%9F%E3%83%A9%E3%83%96" dan="13,16,15,14" rate="1801.52,2025.32,1989.09,1831.69" sx="M,M,M,M"/><TAIKYOKU oya="0"/><INIT seed="0,0,0,4,2,26" ten="250,250,250,250" oya="0" hai0="124,8,117,20,98,32,71,4,73,19,44,35,7" hai1="83,30,100,67,88,97,130,25,36,96,106,13,81" hai2="33,128,51,132,127,16,91,102,107,10,68,53,41" hai3="125,66,58,65,78,76,99,111,56,23,63,116,85"/><T120/><D71/><U95/><E36/><V11/><F68/><W79/><G116/><T14/><D73/><U109/><E109/><V114/><F114/><W131/><G111/><T112/><D112/><U82/><E130/><V87/><F128/><W29/><G131/><T77/><D117/><U1/><E1/><V28/><F41/><W74/><G74/><T89/><D77/><U69/><E13/><V42/><F42/><W62/><G125/><T115/><D115/><U129/><E129/><V40/><F40/><W84/><REACH who="3" step="1"/><G99/><REACH who="3" ten="250,250,250,240" step="2"/><T105/><D124/><U50/><E50/><V72/><F72/><W90/><G90/><T22/><D89/><U5/><E5/><V108/><F91/><W60/><G60/><T43/><D98/><U126/><E126/><V17/><F51/><W122/><G122/><T24/><D4/><U104/><E104/><V9/><F107/><W64/><G64/><T48/><D105/><U18/><E67/><V134/><F108/><W80/><G80/><T59/><D7/><U21/><REACH who="1" step="1"/><E69/><REACH who="1" ten="250,240,250,240" step="2"/><V135/><F127/><W2/><G2/><T34/><D48/><U119/><E119/><V52/><F134/><W118/><G118/><T49/><D49/><U121/><E121/><V39/><F135/><W37/><G37/><T103/><D120/><U27/><E27/><AGARI ba="0,2" hai="23,27,29,56,58,62,63,65,66,76,78,79,84,85" machi="27" ten="40,8000,1" yaku="1,1,9,1,8,1,52,1,53,0" doraHai="26" doraHaiUra="123" who="3" fromWho="1" sc="250,0,240,-80,250,0,240,100" /><INIT seed="1,0,0,1,5,45" ten="250,160,250,340" oya="1" hai0="65,124,34,69,40,66,9,103,54,38,70,37,39" hai1="76,42,1,68,47,0,26,71,59,120,105,84,117" hai2="64,116,25,41,94,122,36,32,50,43,24,112,57" hai3="115,91,102,132,129,23,82,79,92,87,10,126,83"/><U46/><E105/><V121/><F32/><W67/><G115/><T51/><D34/><U101/><E101/><V3/><F3/><W30/><G132/><T48/><D103/><U130/><E117/><V97/><F25/><W6/><G129/><T52/><D9/><U8/><E120/><V88/><F116/><W11/><G126/><T107/><D107/><U95/><E130/><V134/><F134/><W44/><G67/><T31/><D31/><U77/><E26/><V62/><F112/><W98/><G30/><T119/><D119/><U13/><E59/><V49/><F36/><W110/><G23/><T106/><D106/><U22/><E22/><V72/><F72/><W4/><G110/><T21/><D21/><U12/><E95/><V133/><F133/><W93/><G44/><T104/><D37/><U56/><E56/><V7/><F24/><W20/><G20/><T99/><D99/><U28/><E28/><V17/><F7/><N who="3" m="2603" /><G83/><T33/><D33/><U78/><E8/><V60/><F17/><W131/><G131/><T111/><D104/><U86/><REACH who="1" step="1"/><E77/><REACH who="1" ten="250,150,250,340" step="2"/><V81/><F122/><W109/><G109/><T135/><D111/><U114/><E114/><V27/><F27/><W19/><G19/><T74/><D135/><U35/><E35/><V123/><F123/><W29/><G29/><T127/><REACH who="0" step="1"/><D74/><REACH who="0" ten="240,150,250,340" step="2"/><U85/><E85/><N who="2" m="50223" /><F121/><W108/><G108/><T2/><D2/><U15/><E15/><V96/><F96/><AGARI ba="0,2" hai="10,11,79,82,87,91,92,93,96,98,102" m="2603" machi="96" ten="30,1000,0" yaku="8,1" doraHai="45" who="3" fromWho="2" sc="240,0,150,0,250,-10,340,30" /><INIT seed="2,0,0,3,0,135" ten="240,150,240,370" oya="2" hai0="91,43,0,109,11,117,22,54,36,100,99,83,129" hai1="50,15,69,94,79,13,62,63,12,55,118,39,88" hai2="38,92,104,126,51,47,133,120,18,102,80,112,74" hai3="61,46,123,3,53,32,71,2,66,49,17,132,34"/><V30/><F104/><W25/><G132/><T20/><D109/><U84/><E39/><V86/><F38/><W68/><G68/><T70/><D70/><U16/><E118/><V72/><F133/><W96/><G123/><T23/><D117/><U9/><E79/><V98/><F120/><W35/><G17/><T87/><D43/><U6/><E69/><V45/><F112/><W44/><G44/><T59/><D36/><U107/><E107/><V48/><F30/><W122/><G122/><T134/><D134/><U60/><REACH who="1" step="1"/><E6/><REACH who="1" ten="240,140,240,370" step="2"/><V65/><F74/><W115/><G115/><T130/><D0/><U127/><E127/><V101/><F72/><W67/><G3/><T85/><D130/><U56/><AGARI ba="0,1" hai="9,12,13,15,16,50,55,56,60,62,63,84,88,94" machi="56" ten="30,8000,1" yaku="1,1,0,1,8,1,54,2,53,0" doraHai="135" doraHaiUra="73" who="1" fromWho="1" sc="240,-20,140,90,240,-40,370,-20" /><INIT seed="3,0,0,2,1,96" ten="220,230,200,350" oya="3" hai0="118,88,100,1,43,18,126,124,5,55,112,129,44" hai1="76,95,85,75,56,40,67,12,65,41,22,34,130" hai2="28,9,91,111,89,2,72,92,113,74,122,114,73" hai3="78,49,35,77,31,108,47,63,58,70,57,116,115"/><W38/><G115/><N who="2" m="44041" /><F9/><W69/><G116/><T16/><D112/><U45/><E130/><V127/><F2/><W4/><G4/><T46/><D118/><U125/><E125/><N who="0" m="48233" /><D129/><U86/><E34/><V61/><F61/><W131/><G131/><T90/><D100/><U32/><E32/><V99/><F28/><W25/><G108/><T10/><D44/><U30/><E75/><V105/><F127/><W6/><G6/><T8/><D10/><U71/><E71/><V39/><F39/><W84/><G38/><N who="0" m="21879" /><D55/><U121/><E56/><V120/><F111/><W81/><G78/><T119/><D119/><U82/><E41/><V79/><F105/><W48/><G58/><T93/><D90/><N who="2" m="34314" /><F79/><W68/><REACH who="3" step="1"/><G47/><REACH who="3" ten="220,230,200,340" step="2"/><T106/><D106/><U128/><E128/><V62/><F62/><W24/><G24/><T50/><D50/><U134/><E45/><V52/><F52/><AGARI ba="0,1" hai="25,31,35,48,49,52,57,63,68,69,70,77,81,84" machi="52" ten="40,3900,0" yaku="1,1,54,1,53,0" doraHai="96" doraHaiUra="15" who="3" fromWho="2" sc="220,0,230,0,200,-39,340,49" /><INIT seed="3,1,0,4,3,129" ten="220,230,161,389" oya="3" hai0="34,122,24,70,12,126,38,79,85,83,3,135,112" hai1="77,95,82,51,50,84,21,10,61,16,47,111,114" hai2="53,54,63,101,118,107,94,55,29,1,86,48,125" hai3="22,39,75,13,104,6,66,32,18,81,78,110,14"/><W90/><G104/><T91/><D70/><U67/><E114/><V99/><F1/><W124/><G39/><T98/><D38/><U37/><E10/><V46/><F118/><W103/><G103/><T30/><D3/><U27/><E111/><V130/><F130/><W106/><G106/><T2/><D2/><U56/><E37/><V120/><F120/><W132/><G110/><T68/><D68/><U20/><E47/><V87/><F125/><W44/><G124/><T100/><D126/><U43/><E43/><V25/><F107/><W123/><G123/><T93/><D122/><U41/><E41/><V35/><F55/><W65/><G32/><T71/><D71/><U92/><E21/><V80/><F80/><W33/><G33/><T45/><D112/><U26/><E27/><V121/><F121/><W76/><G44/><T117/><D117/><U52/><REACH who="1" step="1"/><E51/><REACH who="1" ten="220,220,161,389" step="2"/><V89/><F48/><W73/><G22/><T72/><D45/><U19/><E19/><V11/><F46/><W15/><G18/><T127/><D127/><U97/><E97/><V96/><F11/><W40/><G6/><T0/><D24/><U58/><AGARI ba="1,1" hai="16,20,26,50,52,56,58,61,67,77,82,84,92,95" machi="58" ten="20,12000,2" yaku="1,1,0,1,7,1,8,1,54,2,53,0" doraHai="129" doraHaiUra="108" who="1" fromWho="1" sc="220,-31,220,133,161,-31,389,-61" /><INIT seed="4,0,0,3,0,78" ten="189,353,130,328" oya="0" hai0="51,22,116,92,11,84,58,4,38,102,60,109,12" hai1="24,54,64,117,52,9,63,21,86,28,70,123,53" hai2="65,44,94,124,10,73,29,101,130,90,96,107,132" hai3="69,110,43,88,33,30,131,56,99,93,79,95,121"/><T61/><D38/><U77/><E117/><V1/><F10/><W13/><G69/><T133/><D116/><U35/><E123/><V105/><F1/><W55/><G121/><T45/><D133/><U32/><REACH who="1" step="1"/><E9/><REACH who="1" ten="189,343,130,328" step="2"/><V72/><F132/><W128/><G131/><T91/><D109/><U40/><E40/><V87/><F130/><W6/><G128/><T83/><D22/><U62/><E62/><V104/><F124/><W23/><G43/><N who="0" m="25023" /><D58/><U118/><E118/><V75/><F44/><W76/><G110/><T97/><AGARI ba="0,1" hai="4,11,12,60,61,83,84,91,92,97,102" m="25023" machi="97" ten="30,3000,0" yaku="8,1,52,1" doraHai="78" who="0" fromWho="0" sc="189,40,343,-10,130,-10,328,-10" /><INIT seed="4,1,0,0,0,82" ten="229,333,120,318" oya="0" hai0="69,78,58,30,7,105,117,26,102,92,93,41,48" hai1="118,126,57,120,32,37,56,94,66,119,11,68,106" hai2="18,108,67,45,2,104,121,62,79,63,43,83,88" hai3="80,28,130,114,46,107,91,73,113,97,54,65,134"/><T127/><D69/><U40/><E106/><V12/><F2/><W21/><G65/><T16/><D117/><U96/><E32/><V51/><F104/><W33/><G33/><T109/><D105/><U10/><E120/><V75/><F121/><W52/><G46/><T5/><D127/><U76/><E126/><V31/><F108/><W74/><G134/><T99/><D109/><U103/><E76/><V135/><F135/><W98/><G130/><T53/><D78/><U0/><E68/><V36/><F31/><W22/><G28/><T3/><D3/><U29/><E29/><V131/><F131/><W112/><G107/><T34/><D41/><U15/><E0/><V85/><F36/><W132/><G132/><T60/><D48/><U111/><E111/><V61/><F67/><W90/><G114/><T47/><D47/><U20/><E20/><V4/><F4/><W71/><G80/><T39/><D39/><U25/><E25/><V17/><REACH who="2" step="1"/><F12/><REACH who="2" ten="229,333,110,318" step="2"/><W123/><G71/><T101/><REACH who="0" step="1"/><D16/><REACH who="0" ten="219,333,110,318" step="2"/><U86/><E118/><V70/><F70/><W35/><G123/><T13/><D13/><U84/><E15/><V64/><F64/><W8/><G35/><T116/><D116/><U59/><E66/><V129/><F129/><W72/><G113/><T125/><D125/><U1/><E119/><V23/><F23/><W128/><G112/><T133/><D133/><U122/><E122/><V27/><F27/><W50/><G128/><T9/><D9/><U19/><E10/><V24/><F24/><W6/><G8/><T124/><D124/><U89/><E11/><RYUUKYOKU ba="1,2" sc="219,15,333,-15,110,15,318,-15" hai0="5,7,26,30,34,53,58,60,92,93,99,101,102" hai2="17,18,43,45,51,61,62,63,75,79,83,85,88" /><INIT seed="4,2,2,3,3,85" ten="234,318,125,303" oya="0" hai0="33,40,32,86,2,61,127,108,97,103,100,42,111" hai1="110,72,133,48,8,104,120,14,67,16,122,3,115" hai2="105,71,123,92,77,129,22,21,45,27,28,134,76" hai3="6,18,81,128,68,130,98,56,96,39,113,47,116"/><T69/><D2/><U59/><E72/><V91/><F105/><W79/><G113/><T36/><D36/><U5/><E104/><V34/><F71/><W119/><G68/><T30/><D127/><U83/><E115/><V43/><F123/><W78/><G56/><T58/><D69/><U44/><E110/><N who="0" m="42025" /><D30/><U20/><E133/><V102/><F102/><W57/><G57/><T118/><D118/><U65/><E83/><V7/><F134/><W37/><G6/><T63/><D103/><U9/><E9/><V24/><F7/><W54/><G47/><T74/><D74/><U109/><E109/><V88/><F34/><N who="0" m="13418" /><D86/><U107/><E107/><V11/><F92/><W84/><G84/><T125/><D125/><U131/><E65/><V12/><F129/><W29/><G29/><T35/><D35/><U73/><E73/><V117/><F117/><W135/><G135/><T26/><D26/><U50/><E131/><V89/><F12/><W52/><G81/><T66/><D63/><U93/><E93/><AGARI ba="2,2" hai="40,42,58,61,66,93,97,100" m="13418,42025" machi="93" ten="30,1500,0" yaku="10,1" doraHai="85" who="0" fromWho="1" sc="234,41,318,-21,125,0,303,0" /><INIT seed="4,3,0,4,3,30" ten="275,297,125,303" oya="0" hai0="51,43,96,87,12,6,133,37,31,115,41,131,35" hai1="15,22,105,103,135,91,52,28,67,95,1,98,23" hai2="55,63,118,84,72,92,123,104,24,14,62,29,47" hai3="13,71,122,76,44,134,102,109,4,90,7,21,49"/><T68/><D68/><U121/><E121/><V101/><F72/><W130/><G109/><T77/><D37/><U0/><E67/><V34/><F123/><W99/><G122/><T61/><D115/><U64/><E64/><V65/><F118/><W17/><G71/><T59/><D133/><U93/><E135/><V60/><F14/><W83/><G134/><T106/><D131/><U5/><E105/><V79/><F55/><W38/><G38/><T18/><D6/><U2/><E28/><V53/><F53/><W124/><G124/><T10/><D31/><U127/><E127/><V73/><F47/><W27/><G130/><T74/><D74/><U86/><E22/><V132/><F132/><W94/><G102/><T32/><D106/><U75/><E75/><V66/><F73/><W54/><G27/><T81/><D96/><U126/><E126/><V113/><F113/><W117/><G117/><T40/><REACH who="0" step="1"/><D51/><REACH who="0" ten="265,297,125,303" step="2"/><U48/><E5/><V42/><F104/><W116/><G116/><T33/><D33/><U70/><E70/><V9/><F34/><W125/><G125/><T78/><D78/><U25/><E2/><V36/><F79/><W26/><G26/><T8/><D8/><U45/><E1/><V119/><F9/><W88/><G76/><T111/><D111/><U108/><E108/><V89/><F24/><W19/><G19/><T80/><D80/><U39/><E0/><V120/><F29/><W3/><G3/><T20/><D20/><U114/><E114/><V69/><F120/><W112/><G112/><T46/><D46/><U58/><E39/><RYUUKYOKU ba="3,1" sc="265,15,297,-15,125,-15,303,15" hai0="10,12,18,32,35,40,41,43,59,61,77,81,87" hai3="4,7,13,17,21,44,49,54,83,88,90,94,99" /><INIT seed="4,4,1,3,3,68" ten="280,282,110,318" oya="0" hai0="105,79,121,131,62,7,47,58,113,92,127,30,33" hai1="63,76,51,6,61,39,15,55,110,95,28,57,2" hai2="102,35,59,23,50,111,98,120,29,56,21,125,27" hai3="73,24,78,14,100,87,19,71,109,82,75,41,1"/><T124/><D105/><U46/><E110/><V94/><F111/><W25/><G109/><T123/><D113/><U74/><E28/><V26/><F120/><W80/><G1/><T37/><D131/><U13/><E2/><V52/><F125/><N who="0" m="48202" /><D79/><U83/><E95/><V91/><F35/><W31/><G71/><T53/><D7/><U132/><E132/><V104/><F104/><W67/><G67/><T5/><D5/><U97/><E97/><V9/><F9/><W96/><G41/><N who="0" m="22959" /><D92/><U44/><E6/><V81/><F81/><W0/><G0/><T90/><D90/><U64/><E44/><V36/><F36/><W112/><G112/><T69/><D69/><U128/><E128/><V103/><REACH who="2" step="1"/><F59/><REACH who="2" ten="280,282,100,318" step="2"/><W101/><G82/><T89/><D89/><U16/><E39/><V84/><F84/><W93/><G87/><T11/><D11/><N who="1" m="6207" /><E57/><V43/><F43/><W108/><G108/><T38/><D38/><U72/><E72/><V126/><F126/><W116/><G73/><T107/><D107/><U129/><E129/><V66/><F66/><W88/><G75/><T42/><D42/><U10/><E64/><V70/><F70/><W99/><G80/><T32/><D32/><U20/><E10/><V135/><F135/><W86/><G86/><T106/><D106/><U18/><E74/><V65/><F65/><W130/><G130/><T3/><D3/><U122/><E122/><V114/><F114/><W48/><G99/><T17/><D123/><U119/><E83/><V49/><F49/><W134/><G48/><T77/><D121/><U22/><E51/><RYUUKYOKU ba="4,2" sc="280,-10,282,-10,100,30,318,-10" hai2="21,23,26,27,29,50,52,56,91,94,98,102,103" /><INIT seed="5,5,2,2,0,39" ten="270,272,130,308" oya="1" hai0="7,3,118,68,99,9,38,29,132,8,46,135,133" hai1="49,77,28,57,1,117,53,93,6,17,111,45,116" hai2="36,10,122,42,131,40,74,88,55,90,82,54,13" hai3="61,89,100,129,71,80,120,52,109,97,87,67,58"/><U16/><E77/><V127/><F122/><W76/><G120/><T115/><D68/><U125/><E111/><V30/><F36/><W26/><G109/><T32/><D99/><U72/><E72/><V119/><F74/><W107/><G129/><T65/><D65/><U86/><E28/><V4/><F131/><W69/><G26/><N who="0" m="18487" /><D38/><U34/><E34/><V23/><F119/><W5/><G5/><N who="0" m="1087" /><D46/><U24/><E125/><V59/><F127/><W106/><G106/><T81/><D81/><U84/><E57/><V103/><F103/><W51/><G76/><T75/><D75/><U11/><E84/><N who="2" m="50199" /><F90/><W110/><REACH who="3" step="1"/><G110/><REACH who="3" ten="270,272,130,298" step="2"/><T123/><D123/><U126/><E126/><V101/><F101/><W124/><G124/><T83/><D118/><U102/><E116/><V25/><F55/><W31/><G31/><T19/><D115/><U130/><E117/><V50/><AGARI ba="5,3" hai="4,10,13,23,25,30,40,42,50,54,59" m="50199" machi="50" ten="30,7900,0" yaku="8,1,52,2,54,1" doraHai="39" who="2" fromWho="2" sc="270,-25,272,-44,130,124,298,-25" /><INIT seed="6,0,0,0,3,52" ten="245,228,254,273" oya="2" hai0="131,110,35,9,55,43,71,27,5,46,56,111,98" hai1="65,85,57,39,48,49,81,78,102,34,42,32,47" hai2="53,19,24,99,129,11,25,82,22,20,120,75,16" hai3="101,51,108,121,80,109,28,115,89,130,63,17,70"/><V116/><F116/><W6/><G121/><T72/><D71/><U105/><E105/><V66/><F120/><W64/><G130/><T79/><D131/><U12/><E102/><V95/><F66/><W29/><G115/><T45/><D46/><U23/><E39/><V134/><F129/><W60/><G101/><T132/><D132/><U83/><E83/><V0/><F134/><W33/><G6/><T44/><D44/><U67/><E67/><V36/><F36/><W135/><G135/><T88/><D79/><U97/><E97/><V123/><F123/><W94/><G80/><T122/><D72/><U14/><E49/><V41/><F41/><W73/><G73/><T112/><D112/><U62/><REACH who="1" step="1"/><E23/><REACH who="1" ten="245,218,254,273" step="2"/><V4/><F82/><W2/><G109/><T50/><D122/><U86/><E86/><V100/><F75/><W7/><G108/><T90/><D111/><U118/><E118/><V59/><F100/><W68/><G64/><T106/><D98/><U113/><E113/><V40/><F99/><W107/><G51/><T61/><D106/><U13/><AGARI ba="0,1" hai="12,13,14,32,34,42,47,48,57,62,65,78,81,85" machi="13" ten="30,4000,0" yaku="1,1,0,1,52,1,53,0" doraHai="52" doraHaiUra="127" who="1" fromWho="1" sc="245,-10,218,50,254,-20,273,-10" /><INIT seed="7,0,0,0,1,39" ten="235,268,234,263" oya="3" hai0="80,126,64,95,61,42,131,86,123,87,121,2,103" hai1="124,57,41,7,36,119,49,48,94,12,0,16,29" hai2="132,75,53,44,104,65,91,21,43,27,70,15,74" hai3="85,122,115,1,117,130,112,17,90,10,47,135,20"/><W34/><G34/><T110/><D2/><U24/><E124/><V118/><F104/><W89/><G122/><T14/><D110/><U82/><E119/><V55/><F118/><W125/><G117/><T76/><D126/><U108/><E108/><V109/><F109/><W88/><G125/><T114/><D42/><U35/><E82/><V51/><F132/><W79/><G135/><T92/><D131/><U33/><E33/><V120/><F120/><W59/><G130/><T133/><D133/><U97/><E57/><V30/><F15/><W116/><G116/><T129/><D129/><U111/><E111/><V96/><F74/><W6/><G59/><T56/><D114/><N who="3" m="43561" /><G47/><T58/><D56/><U134/><E134/><V67/><F75/><W46/><G46/><T8/><D92/><U72/><E72/><V102/><F102/><W69/><G69/><T25/><D25/><U66/><E66/><N who="2" m="25099" /><F70/><W73/><G73/><T52/><D64/><U107/><E107/><V60/><F60/><W18/><G20/><T40/><D40/><U62/><E62/><V106/><F106/><W50/><G50/><T101/><D103/><U127/><E127/><V113/><F113/><W98/><G98/><N who="0" m="59615" /><D87/><U3/><E36/><V5/><F5/><W100/><G100/><T31/><D31/><U4/><E4/><V26/><F26/><W83/><AGARI ba="0,0" hai="1,6,10,17,18,79,83,85,88,89,90" m="43561" machi="83" ten="40,3900,0" yaku="15,1,54,1" doraHai="39" who="3" fromWho="3" sc="235,-13,268,-13,234,-13,263,39" owari="222,-18.0,255,6.0,221,-28.0,302,40.0" /></mjloggm>