<mjloggm ver="2.3"><GO type="97" lobby="0"/><UN n0="%E3%82%B8%E3%82%A7%E3%82%B9%E3%82%BF%E3%83%BC" n1="%6F%6E%69%72%6F%6B%75" n2="%E3%82%A6%E3%83%AB%E3%83%88%E3%83%A9%E7%AB%8B%E7%9B%B4" n3="%4D%75%6C%6C%65%72" dan="16,14,15,15" rate="2046.07,1986.88,1963.81,1986.27" sx="M,M,M,M"/><TAIKYOKU oya="0"/><INIT seed="0,0,0,5,0,87" ten="250,250,250,250" oya="0" hai0="1,54,84,108,94,39,63,18,98,19,134,129,37" hai1="48,74,23,96,113,56,33,60,85,59,13,30,100" hai2="38,29,90,43,36,89,46,61,111,2,45,114,127" hai3="99,73,69,26,62,58,4,17,51,10,122,35,121"/><T78/><D1/><U65/><E74/><V72/><F72/><W91/><G73/><T115/><D115/><U42/><E33/><V92/><F2/><W22/><G35/><T25/><D129/><U135/><E135/><V126/><F114/><W70/><G51/><T68/><D134/><U120/><E120/><V133/><F133/><W105/><G105/><T40/><D40/><U123/><E123/><V112/><F112/><W55/><G122/><T79/><D79/><U53/><E85/><V64/><F29/><W132/><G132/><T14/><D25/><U107/><E42/><N who="2" m="22727" /><F92/><W7/><G121/><T75/><D75/><U128/><E128/><V83/><F83/><W125/><G125/><N who="2" m="47625" /><F111/><W82/><G7/><T8/><D108/><U116/><E116/><V49/><F38/><W118/><G118/><T6/><D39/><U57/><E113/><V12/><F12/><W32/><G32/><T50/><D37/><U9/><E30/><V28/><F28/><W106/><G106/><T88/><D68/><AGARI ba="0,0" hai="43,46,49,61,64,68,89,90" m="47625,22727" machi="68" ten="30,3900,0" yaku="18,1,52,2" doraHai="87" who="2" fromWho="0" sc="250,-39,250,0,250,39,250,0" /><INIT seed="1,0,0,0,4,112" ten="211,250,289,250" oya="1" hai0="100,89,34,104,124,126,6,95,73,37,57,79,52" hai1="58,21,17,30,54,33,68,109,97,113,7,81,122" hai2="38,35,22,10,46,72,85,111,131,82,99,15,76" hai3="71,45,36,14,107,94,134,108,92,84,41,115,125"/><U64/><E122/><V28/><F111/><W66/><G115/><T80/><D37/><U74/><E113/><V88/><F131/><W83/><G108/><T3/><D34/><U50/><E109/><V116/><F35/><W59/><G107/><T132/><D132/><U11/><E33/><V130/><F130/><W18/><G134/><T77/><D77/><U2/><E30/><V27/><F99/><W78/><G125/><T39/><D39/><U40/><E97/><V87/><F72/><W67/><G71/><T121/><D121/><U16/><E40/><V25/><F25/><W61/><G67/><T135/><D135/><U44/><E68/><V75/><F75/><W128/><G128/><T5/><D100/><U90/><E21/><AGARI ba="0,0" hai="14,18,21,36,41,45,59,61,66,78,83,84,92,94" machi="21" ten="30,1000,0" yaku="7,1" doraHai="112" who="3" fromWho="1" sc="211,0,250,-10,289,0,250,10" /><INIT seed="2,0,0,3,2,61" ten="211,240,289,260" oya="2" hai0="52,53,104,79,28,40,98,115,18,119,2,93,64" hai1="30,33,124,76,95,8,109,106,24,70,113,21,131" hai2="7,10,13,56,78,85,43,27,38,47,29,94,58" hai3="35,87,100,82,50,123,42,23,46,15,51,120,60"/><V133/><F133/><W96/><G35/><T26/><D115/><U103/><E113/><V118/><F118/><W71/><G51/><T116/><D104/><U112/><E112/><V86/><F86/><W19/><G60/><T92/><D2/><U11/><E124/><V107/><F107/><W17/><G71/><T63/><D79/><U125/><E125/><V81/><REACH who="2" step="1"/><F94/><REACH who="2" ten="211,240,279,260" step="2"/><W83/><G123/><T127/><D127/><U25/><E131/><V77/><F77/><W80/><G120/><T59/><D93/><U49/><E109/><V36/><F36/><W84/><G84/><T108/><D108/><U114/><E76/><V97/><F97/><W48/><G87/><T88/><D119/><U22/><E106/><V12/><F12/><W72/><G72/><T102/><D116/><U134/><E134/><V54/><F54/><W99/><G99/><T1/><D1/><U128/><E128/><V126/><F126/><W45/><G83/><T20/><D40/><U110/><E114/><V122/><F122/><W129/><G129/><T121/><D121/><U132/><E132/><V135/><F135/><W9/><G96/><T4/><D102/><U91/><E110/><V55/><F55/><N who="0" m="21066" /><D4/><U16/><E103/><V31/><F31/><AGARI ba="0,1" hai="18,20,26,28,31,59,63,64,88,92,98" m="21066" machi="31" ten="30,7700,0" yaku="8,1,52,1,54,2" doraHai="61" who="0" fromWho="2" sc="211,87,240,0,279,-77,260,0" /><INIT seed="3,0,0,5,0,38" ten="298,240,202,260" oya="3" hai0="49,81,27,127,100,134,16,52,133,114,8,109,61" hai1="10,58,90,89,36,125,3,94,121,122,59,18,130" hai2="21,69,43,45,86,46,105,24,96,32,0,35,92" hai3="65,80,55,31,1,88,15,128,131,87,112,6,9"/><W14/><G112/><T60/><D114/><U30/><E36/><V85/><F0/><W103/><G65/><T116/><D116/><U83/><E125/><V23/><F69/><W19/><G31/><T119/><D119/><U91/><E130/><N who="3" m="49706" /><G103/><T126/><D100/><U113/><E113/><V4/><F4/><W11/><G55/><T64/><D81/><U108/><E3/><AGARI ba="0,0" hai="1,3,6,9,11,14,15,19,80,87,88" m="49706" machi="3" ten="30,2900,0" yaku="19,1,54,1" doraHai="38" who="3" fromWho="1" sc="298,0,240,-29,202,0,260,29" /><INIT seed="3,1,0,1,2,40" ten="298,211,202,289" oya="3" hai0="28,129,82,69,9,97,90,14,88,124,37,39,89" hai1="50,51,95,1,56,78,62,64,116,16,46,63,128" hai2="96,127,6,53,24,55,22,68,36,73,125,133,0" hai3="21,75,121,43,94,8,102,111,132,123,45,65,66"/><W118/><G75/><T130/><D69/><U49/><E1/><V67/><F73/><W54/><G118/><T61/><D61/><U112/><E78/><V93/><F67/><W4/><G54/><T44/><D28/><U114/><E95/><V104/><F68/><W5/><G66/><T115/><D115/><U35/><E35/><V120/><F104/><W108/><G65/><T57/><D57/><N who="1" m="36943" /><E16/><N who="2" m="12359" /><F0/><W23/><G94/><T126/><D82/><U26/><E26/><V81/><F81/><W71/><G102/><T119/><D119/><U134/><E116/><V105/><F105/><W86/><G86/><T110/><D97/><U12/><E12/><V42/><F6/><N who="3" m="2667" /><G8/><T59/><D59/><U15/><E15/><V85/><F85/><W13/><G71/><T135/><D110/><N who="3" m="42025" /><G132/><T72/><D135/><U32/><E32/><V48/><F133/><W41/><G41/><N who="0" m="22575" /><D39/><U80/><E80/><V77/><F36/><N who="3" m="21735" /><G13/><T3/><D72/><U101/><E101/><N who="2" m="60559" /><F77/><W31/><G31/><T109/><D3/><U7/><E7/><V2/><F2/><W52/><G52/><N who="2" m="20041" /><F42/><W70/><G70/><T18/><D109/><U11/><E134/><V131/><F48/><N who="1" m="18537" /><E11/><V113/><F113/><W29/><G29/><T27/><D27/><U76/><E114/><V100/><F100/><W99/><G99/><T47/><D47/><U58/><E112/><V83/><F83/><W98/><G98/><T38/><D38/><U17/><E76/><V10/><F10/><W122/><AGARI ba="1,0" hai="21,23,121,122,123" m="21735,42025,2667" machi="122" ten="40,7800,0" yaku="14,1,10,1,52,1" doraHai="40" who="3" fromWho="3" sc="298,-27,211,-27,202,-27,289,81" owari="271,7.0,184,-22.0,175,-32.0,370,47.0" /></mjloggm>