<mjloggm ver="2.3"><GO type="97" lobby="0"/><UN n0="%E3%82%A6%E3%83%AB%E3%83%88%E3%83%A9%E7%AB%8B%E7%9B%B4" n1="%48%69%70%70%6F%70%6F" n2="%46%43" n3="%E3%83%A9%E3%83%9F%E3%82%A8%E3%83%AB" dan="15,13,13,13" rate="1985.69,1920.47,1838.95,1868.44" sx="M,M,M,F"/><TAIKYOKU oya="0"/><INIT seed="0,0,0,0,3,7" ten="250,250,250,250" oya="0" hai0="10,111,55,16,119,70,66,15,114,31,61,74,60" hai1="108,33,118,101,99,86,125,43,131,87,134,126,51" hai2="120,5,65,107,96,72,35,83,32,103,110,23,102" hai3="42,115,45,62,48,47,81,100,69,127,67,104,132"/><T18/><D74/><U36/><E33/><V25/><F120/><W76/><G115/><T22/><D119/><U84/><E118/><V94/><F110/><W85/><G127/><N who="1" m="48650" /><E108/><V98/><F65/><W2/><G132/><T28/><D114/><U68/><E68/><V95/><F5/><W91/><G2/><T0/><D111/><U117/><E117/><V106/><F72/><W29/><G29/><T8/><D0/><U27/><E27/><V97/><F83/><W54/><G104/><T73/><D73/><U124/><E124/><V52/><F52/><W105/><G105/><T53/><D70/><U109/><E109/><V4/><F4/><W24/><G24/><T121/><D121/><U78/><E51/><V122/><F122/><W26/><G26/><T58/><D66/><U3/><E3/><V39/><F39/><W13/><G13/><N who="0" m="7223" /><D22/><U41/><E134/><V129/><F129/><W6/><G6/><T133/><D133/><U34/><E34/><V56/><F56/><AGARI ba="0,0" hai="8,15,18,28,31,53,55,56,58,60,61" m="7223" machi="56" ten="30,11600,0" yaku="8,1,52,2,54,1" doraHai="7" who="0" fromWho="2" sc="250,116,250,0,250,-116,250,0" /><INIT seed="0,1,0,2,5,60" ten="366,250,134,250" oya="0" hai0="28,111,16,57,126,79,9,89,42,18,114,33,25" hai1="86,10,51,63,2,5,59,15,85,20,109,69,67" hai2="123,88,90,24,54,108,74,98,0,105,99,7,56" hai3="38,17,122,41,13,100,127,49,128,113,73,97,46"/><T27/><D114/><U45/><E109/><V84/><F123/><W68/><G122/><T92/><D111/><U133/><E133/><V31/><F108/><W110/><G73/><T40/><D126/><U102/><E102/><V61/><F74/><W93/><G110/><T50/><D79/><U22/><E69/><V32/><F0/><W124/><G113/><T53/><D25/><U58/><E58/><V130/><F7/><W131/><G68/><T115/><D115/><U78/><E2/><V48/><F130/><W43/><G38/><T8/><D8/><U65/><E86/><V103/><F98/><W44/><G43/><T26/><D18/><U71/><E71/><V81/><REACH who="2" step="1"/><F48/><REACH who="2" ten="366,250,124,250" step="2"/><W35/><G35/><T34/><D34/><U70/><E70/><V1/><F1/><W129/><REACH who="3" step="1"/><G46/><REACH who="3" ten="366,250,124,240" step="2"/><T96/><D33/><U83/><E67/><V55/><F55/><AGARI ba="1,2" hai="5,10,15,20,22,45,51,55,59,63,65,78,83,85" machi="55" ten="30,3900,0" yaku="7,1,8,1,52,1" doraHai="60" who="1" fromWho="2" sc="366,0,250,62,124,-42,240,0" /><INIT seed="1,0,0,5,4,4" ten="366,312,82,240" oya="1" hai0="5,52,58,37,3,85,87,49,88,119,97,44,43" hai1="2,8,120,117,48,25,34,50,69,71,111,40,84" hai2="36,94,126,118,125,68,16,45,35,11,13,135,107" hai3="24,103,14,59,82,15,127,112,22,55,75,33,81"/><U99/><E117/><V134/><F68/><W1/><G112/><T98/><D119/><U92/><E120/><V122/><F107/><W20/><G1/><T104/><D104/><U32/><E84/><V101/><F118/><W131/><G103/><T73/><D73/><U78/><E78/><V21/><F36/><W108/><G33/><T113/><D113/><U128/><E128/><V114/><F45/><W19/><G127/><N who="2" m="48649" /><F94/><W124/><G131/><T0/><D87/><U12/><E2/><V95/><F114/><W63/><G124/><T109/><D109/><U72/><E72/><V110/><F95/><W28/><G108/><T60/><D0/><U64/><E111/><V79/><F101/><W83/><REACH who="3" step="1"/><G75/><REACH who="3" ten="366,312,82,230" step="2"/><T6/><D3/><U115/><E34/><V26/><F110/><W51/><G51/><T65/><D37/><U106/><E50/><V54/><F122/><W86/><G86/><T56/><D98/><U61/><E115/><V129/><F129/><W17/><G17/><T80/><D97/><U100/><E106/><V90/><F90/><W27/><AGARI ba="0,1" hai="14,15,19,20,22,24,27,28,55,59,63,81,82,83" machi="27" ten="30,4000,0" yaku="1,1,0,1,8,1,53,0" doraHai="4" doraHaiUra="116" who="3" fromWho="3" sc="366,-10,312,-20,82,-10,230,50" /><INIT seed="2,0,0,2,0,99" ten="356,292,72,280" oya="2" hai0="43,68,82,98,63,0,24,9,84,17,130,52,66" hai1="57,37,5,42,61,21,51,14,116,102,59,96,32" hai2="38,89,3,95,48,94,123,128,83,133,41,113,22" hai3="11,25,135,15,129,46,45,110,33,2,1,134,6"/><V88/><F123/><W31/><G46/><T69/><D130/><U56/><E32/><V23/><F113/><W70/><G70/><T16/><D69/><U62/><E116/><V131/><F3/><W119/><G45/><T30/><D43/><U67/><E5/><V132/><F38/><W28/><G119/><T71/><D71/><U100/><E96/><N who="2" m="57415" /><F48/><W105/><G105/><T18/><D98/><U7/><E37/><V125/><F41/><W53/><G53/><T10/><D52/><N who="1" m="31775" /><E42/><V47/><F47/><W72/><G72/><T29/><D0/><U54/><E7/><V109/><F23/><W13/><G129/><N who="2" m="49737" /><F22/><W65/><G65/><T106/><D106/><U90/><E90/><V114/><F83/><W4/><G31/><T97/><D30/><U101/><E21/><V74/><F114/><W49/><G49/><T20/><REACH who="0" step="1"/><D97/><REACH who="0" ten="346,292,72,280" step="2"/><U64/><E54/><V126/><F74/><W127/><G1/><T73/><D73/><U104/><E104/><V50/><F109/><W60/><G110/><T80/><D80/><U120/><E120/><V78/><F78/><AGARI ba="0,1" hai="9,10,16,17,18,20,24,29,63,66,68,78,82,84" machi="78" ten="40,2600,0" yaku="1,1,54,1,53,0" doraHai="99" doraHaiUra="36" who="0" fromWho="2" sc="346,36,292,0,72,-26,280,0" /><INIT seed="3,0,0,5,1,38" ten="382,292,46,280" oya="3" hai0="62,111,84,28,113,91,128,131,69,97,89,107,76" hai1="23,54,46,7,51,36,117,58,44,103,13,75,104" hai2="82,100,35,63,96,133,52,108,79,10,50,85,99" hai3="39,31,93,18,41,5,135,73,3,27,132,123,87"/><W57/><G123/><T49/><D113/><U14/><E75/><V80/><F35/><W15/><G73/><T9/><D111/><U22/><E117/><V8/><F63/><W95/><G57/><T34/><D76/><U83/><E104/><V94/><F133/><N who="3" m="51275" /><G5/><T37/><D37/><U121/><E121/><V114/><F108/><W126/><G3/><T66/><D49/><U127/><E127/><V105/><F114/><W116/><G116/><T72/><D72/><U68/><E68/><V115/><F115/><W29/><G126/><T12/><D28/><N who="3" m="10825" /><G27/><T17/><D34/><U129/><E103/><V86/><F10/><N who="3" m="6519" /><G87/><T119/><D119/><U47/><E7/><V130/><F8/><W134/><N who="3" m="51283" /><W65/><DORA hai="122" /><G65/><T43/><D84/><U61/><E83/><V88/><F50/><W112/><G112/><T124/><D124/><U11/><E36/><V56/><F52/><W24/><G24/><T92/><D66/><U71/><E71/><V81/><F56/><W4/><G4/><T110/><D69/><U40/><E11/><V101/><REACH who="2" step="1"/><F130/><REACH who="2" ten="382,292,36,280" step="2"/><W16/><G16/><T77/><D17/><N who="1" m="10543" /><E129/><V20/><F20/><W25/><G25/><T59/><D9/><U1/><E1/><V33/><F33/><W74/><G74/><T6/><D131/><U70/><E70/><V90/><F90/><W42/><G39/><T2/><D128/><U45/><E23/><V120/><F120/><W125/><G125/><T98/><D2/><U21/><E21/><V55/><F55/><W0/><G0/><T67/><D6/><U106/><E14/><RYUUKYOKU ba="0,1" sc="382,-30,292,10,36,10,280,10" hai1="40,44,45,46,47,51,54,58,61,106" hai2="79,80,81,82,85,86,88,94,96,99,100,101,105" hai3="41,42,93,95" /><INIT seed="3,1,1,3,0,5" ten="352,302,46,290" oya="3" hai0="68,49,56,108,34,51,72,86,11,92,104,117,8" hai1="77,91,109,36,87,63,64,96,81,39,129,97,111" hai2="60,80,131,45,95,128,48,42,7,21,15,102,106" hai3="9,132,44,30,79,90,25,100,4,134,112,23,71"/><W130/><G112/><T57/><D108/><N who="1" m="41547" /><E129/><V22/><F106/><W120/><G71/><T41/><D104/><U74/><E63/><V126/><F126/><W133/><G120/><T66/><D34/><U105/><E39/><V85/><F60/><W47/><G130/><T3/><D72/><U101/><E64/><V37/><F131/><W118/><G118/><T88/><D3/><U65/><E36/><V135/><F128/><W75/><G100/><T82/><D68/><U19/><E65/><V61/><F135/><W123/><G123/><T84/><D66/><U32/><E19/><V43/><F61/><W114/><G114/><T113/><D113/><U99/><E32/><V46/><F37/><W73/><G90/><N who="0" m="51479" /><D117/><U69/><E69/><V122/><F122/><W18/><G30/><T119/><D119/><U83/><AGARI ba="1,1" hai="74,77,81,83,87,91,96,97,99,101,105" m="41547" machi="83" ten="30,4000,0" yaku="14,1,34,2" doraHai="5" who="1" fromWho="1" sc="352,-11,302,53,46,-11,290,-21" owari="341,14.0,355,45.0,35,-46.0,269,-13.0" /></mjloggm>