<mjloggm ver="2.3"><GO type="41" lobby="0"/><UN n0="%4F%72%69%6F%6E" n1="%E3%81%9F%E3%81%8B%E3%81%82%E3%81%8D" n2="%E3%82%A6%E3%83%AB%E3%83%88%E3%83%A9%E7%AB%8B%E7%9B%B4" n3="%4D%61%75%72%6F" dan="13,14,16,14" rate="1805.17,1965.94,2064.40,1911.40" sx="M,M,M,M"/><TAIKYOKU oya="0"/><INIT seed="0,0,0,2,2,131" ten="250,250,250,250" oya="0" hai0="99,66,93,72,24,132,121,57,26,103,34,76,0" hai1="23,114,64,48,12,51,97,9,41,61,67,53,2" hai2="101,123,102,33,7,60,117,98,38,20,119,129,135" hai3="27,85,40,110,88,107,31,68,16,70,127,37,118"/><T43/><D34/><U4/><E114/><V94/><F33/><W100/><G110/><T71/><D71/><U39/><E51/><V6/><F38/><W69/><G118/><T124/><D0/><U90/><E39/><V130/><F20/><W112/><G112/><T58/><D121/><U47/><E2/><V30/><F30/><W46/><G127/><T21/><D124/><U111/><E111/><V75/><F60/><W32/><G107/><T133/><D43/><U126/><E126/><V79/><F7/><W113/><G113/><T83/><D66/><U125/><E125/><V116/><F6/><W35/><G100/><T128/><D128/><N who="2" m="49258" /><F123/><W18/><REACH who="3" step="1"/><G35/><REACH who="3" ten="250,250,250,240" step="2"/><T28/><REACH who="0" step="1"/><D26/><REACH who="0" ten="240,250,250,240" step="2"/><U3/><E3/><V96/><F119/><W77/><G77/><T44/><D44/><U62/><E41/><V13/><F117/><W25/><G25/><T45/><D45/><U82/><E67/><V1/><F116/><W74/><G74/><T108/><D108/><U95/><E64/><V11/><F79/><W49/><G49/><T86/><D86/><U5/><E61/><V105/><F75/><W19/><G19/><T92/><D92/><AGARI ba="0,2" hai="16,18,27,31,32,37,40,46,68,69,70,85,88,92" machi="92" ten="40,5200,0" yaku="1,1,54,2,53,0" doraHai="131" doraHaiUra="120" who="3" fromWho="0" sc="240,-52,250,0,250,0,240,72" /><INIT seed="1,0,0,4,4,111" ten="188,250,250,312" oya="1" hai0="119,19,15,108,134,68,125,99,46,124,31,5,90" hai1="11,30,54,77,65,58,122,40,95,92,94,8,25" hai2="35,135,64,57,13,130,110,117,56,73,18,93,59" hai3="61,27,100,42,60,34,62,12,127,4,71,52,28"/><U70/><E70/><V26/><F73/><W66/><G127/><N who="0" m="48715" /><D108/><U104/><E104/><V82/><F130/><W49/><G42/><T81/><D68/><U51/><E77/><V83/><F135/><W84/><G100/><T101/><D31/><U96/><E122/><V109/><F117/><W128/><G128/><T133/><D119/><U75/><E75/><V39/><F39/><W16/><G4/><T0/><D46/><U98/><E40/><V132/><F132/><N who="0" m="50794" /><D81/><U23/><E65/><V102/><F110/><W76/><G76/><T24/><D90/><N who="1" m="55319" /><E95/><V9/><F109/><W78/><G78/><T20/><D99/><U120/><E120/><V47/><F47/><W10/><G84/><T118/><D101/><AGARI ba="0,0" hai="8,11,23,25,30,51,54,58,94,98,101" m="55319" machi="101" ten="30,1500,0" yaku="8,1" doraHai="111" who="1" fromWho="0" sc="188,-15,250,15,250,0,312,0" /><INIT seed="1,1,0,4,5,32" ten="173,265,250,312" oya="1" hai0="115,106,22,120,78,23,111,62,18,26,50,76,15" hai1="12,132,3,77,11,34,82,4,20,94,125,87,83" hai2="108,98,33,47,90,129,96,54,64,93,95,42,9" hai3="45,13,40,25,113,51,59,58,2,14,110,130,103"/><U80/><E132/><V69/><F33/><W46/><G103/><T73/><D106/><U127/><E34/><V99/><F129/><W128/><G25/><T49/><D73/><U86/><E20/><V112/><F112/><W16/><G51/><T24/><D115/><U107/><E107/><V63/><F108/><W41/><G16/><N who="0" m="12359" /><D111/><U57/><E57/><V101/><F54/><W43/><G110/><T114/><D62/><U85/><E94/><V19/><F19/><W79/><G79/><N who="0" m="30251" /><D114/><U27/><E27/><V89/><F9/><W118/><G113/><T91/><D120/><U102/><E102/><V37/><F99/><W36/><G43/><T100/><D100/><AGARI ba="1,0" hai="37,42,47,63,64,69,89,90,93,95,96,98,100,101" machi="100" ten="30,2000,0" yaku="7,1,9,1" doraHai="32" who="2" fromWho="0" sc="173,-23,265,0,250,23,312,0" /><INIT seed="2,0,0,2,0,102" ten="150,265,273,312" oya="2" hai0="92,126,96,53,33,113,105,26,131,13,97,12,135" hai1="9,35,65,79,64,0,54,22,16,14,44,29,119" hai2="39,75,19,108,107,87,129,134,21,124,46,30,106" hai3="80,130,2,95,83,25,73,37,77,8,58,94,3"/><V114/><F114/><W69/><G69/><T78/><D113/><U66/><E119/><V40/><F75/><W61/><G130/><T82/><D131/><U68/><E79/><V76/><F129/><W55/><G37/><T125/><D33/><U120/><E120/><V10/><F124/><N who="0" m="47722" /><D53/><U45/><E68/><V101/><F134/><W41/><G41/><T115/><D26/><U98/><E98/><V85/><F101/><W56/><G80/><T20/><D115/><U5/><REACH who="1" step="1"/><E54/><REACH who="1" ten="150,255,273,312" step="2"/><V132/><F132/><W91/><G55/><T103/><D135/><U70/><E70/><V59/><F76/><W104/><G77/><T81/><D20/><U32/><E32/><V15/><F87/><W109/><G73/><N who="0" m="43215" /><D82/><U116/><E116/><V74/><F74/><W99/><G83/><T100/><AGARI ba="0,1" hai="12,13,92,96,97,100,103,105" m="43215,47722" machi="100" ten="30,2000,0" yaku="18,1,52,1" doraHai="102" who="0" fromWho="0" sc="150,30,255,-5,273,-10,312,-5" /><INIT seed="3,0,0,4,4,132" ten="180,250,263,307" oya="3" hai0="7,42,123,101,102,124,17,21,65,88,115,18,51" hai1="27,25,131,81,12,116,59,47,35,87,112,1,120" hai2="117,52,72,36,4,76,48,46,134,70,57,82,33" hai3="5,113,103,19,15,31,108,44,122,77,71,111,135"/><W130/><G71/><T100/><D123/><U40/><E120/><V39/><F117/><W23/><G122/><T69/><D115/><U10/><E116/><V95/><F134/><W106/><G135/><T126/><D69/><U83/><E112/><V119/><F119/><W6/><G113/><T68/><D68/><U129/><E1/><V22/><F4/><W30/><G77/><T0/><D65/><U127/><E59/><V90/><F70/><W104/><G44/><N who="0" m="26007" /><D7/><N who="3" m="2569" /><G103/><T49/><D0/><U37/><E35/><V85/><F33/><W58/><G58/><T43/><D21/><U53/><E53/><V99/><F22/><W74/><G74/><T92/><D49/><U24/><E81/><V96/><F96/><W118/><G118/><T41/><D41/><U62/><E62/><V28/><F28/><N who="3" m="10795" /><G130/><N who="1" m="49674" /><E12/><V45/><F45/><W89/><G89/><T54/><D54/><U55/><E10/><V121/><F121/><W97/><G97/><N who="0" m="57479" /><D43/><U94/><E94/><V78/><F78/><W8/><G8/><T14/><D14/><U73/><E73/><V38/><F72/><W110/><AGARI ba="0,0" hai="15,19,23,104,106,108,110,111" m="10795,2569" machi="110" ten="40,3900,0" yaku="14,1,10,1" doraHai="132" who="3" fromWho="3" sc="180,-13,250,-13,263,-13,307,39" /><INIT seed="3,1,0,1,0,47" ten="167,237,250,346" oya="3" hai0="103,104,55,29,17,126,66,119,31,54,68,52,134" hai1="53,34,50,115,83,36,58,27,81,87,23,62,97" hai2="106,75,80,42,25,28,22,132,123,86,101,63,4" hai3="89,39,84,1,3,16,43,82,108,6,60,102,109"/><W64/><G102/><T2/><D119/><U30/><E115/><V94/><F123/><W118/><G118/><T120/><D2/><U67/><E36/><V38/><F132/><W110/><G39/><T93/><D134/><U19/><E97/><V92/><F75/><W116/><G116/><T71/><D104/><U131/><E131/><V21/><F106/><W135/><G135/><T33/><D33/><U114/><E114/><V26/><F38/><W78/><G43/><T35/><D120/><U70/><E87/><V5/><F42/><W12/><G6/><T10/><D35/><U124/><REACH who="1" step="1"/><E124/><REACH who="1" ten="167,227,250,346" step="2"/><V48/><F86/><W100/><G100/><T69/><D126/><U41/><E41/><V127/><F101/><W15/><G78/><T96/><D66/><U133/><E133/><V37/><F127/><W125/><G125/><T18/><REACH who="0" step="1"/><D10/><REACH who="0" ten="157,227,250,346" step="2"/><U20/><E20/><V85/><F22/><W51/><G64/><T79/><D79/><U77/><E77/><V130/><F21/><W45/><G110/><T49/><D49/><U122/><E122/><V46/><F48/><W40/><G51/><T72/><D72/><U61/><E61/><V91/><F63/><W99/><G60/><T11/><D11/><U65/><E65/><V0/><F37/><W7/><G109/><T90/><D90/><U95/><E95/><V44/><F92/><W14/><G108/><T74/><D74/><U76/><E76/><V111/><F94/><W24/><G89/><T113/><D113/><U105/><E105/><V56/><F111/><W32/><G40/><T88/><D88/><RYUUKYOKU ba="1,2" sc="157,15,227,15,250,-15,346,-15" hai0="17,18,29,31,52,54,55,68,69,71,93,96,103" hai1="19,23,27,30,34,50,53,58,62,67,70,81,83" /><INIT seed="4,2,2,1,4,83" ten="172,242,235,331" oya="0" hai0="17,110,39,99,119,124,91,1,112,101,75,87,68" hai1="65,49,44,28,51,106,86,41,3,42,48,18,37" hai2="2,19,114,121,40,133,5,80,109,132,85,50,111" hai3="135,78,25,4,107,72,74,58,27,52,128,90,129"/><T53/><D68/><U43/><E106/><V14/><F121/><W131/><G107/><T67/><D39/><U24/><E3/><V125/><F2/><W45/><G135/><N who="2" m="51785" /><F5/><W76/><G45/><T127/><D1/><U116/><E116/><V81/><F81/><W26/><G4/><T104/><D75/><N who="3" m="28713" /><G90/><T47/><D119/><U100/><E100/><V93/><F93/><W69/><G69/><T9/><D67/><U70/><E18/><V115/><F50/><AGARI ba="2,2" hai="25,26,27,50,52,58,76,78,128,129,131" m="28713" machi="50" ten="40,2600,0" yaku="19,1,54,1" doraHai="83" who="3" fromWho="2" sc="172,0,242,0,235,-32,331,52" /><INIT seed="5,0,0,5,0,45" ten="172,242,203,383" oya="1" hai0="126,37,123,119,97,72,129,81,27,101,10,36,22" hai1="115,54,69,55,112,82,46,117,25,59,56,89,64" hai2="40,132,111,127,134,2,100,80,11,125,116,26,135" hai3="34,39,0,49,29,53,43,13,68,24,16,91,120"/><U5/><E5/><N who="2" m="1463" /><F100/><W61/><G120/><T73/><D123/><U4/><E4/><V15/><F80/><W121/><G121/><T104/><D119/><U47/><E25/><V42/><F40/><W31/><G0/><T130/><D10/><U103/><E103/><V76/><F42/><W48/><G39/><N who="0" m="14923" /><D22/><U77/><E89/><V106/><F76/><W98/><G68/><T50/><D27/><U67/><E82/><V99/><F99/><W114/><G114/><N who="1" m="43562" /><E77/><V88/><F88/><W87/><G98/><T8/><D8/><U7/><E7/><V33/><F106/><W19/><G34/><T52/><D81/><U62/><E117/><V38/><F38/><W63/><G24/><T84/><D126/><N who="2" m="48138" /><F116/><W109/><G31/><T17/><D84/><U58/><E67/><V107/><F107/><W3/><G29/><T122/><D17/><U60/><E58/><V57/><F57/><W12/><G16/><T95/><D104/><U66/><E66/><V23/><F33/><W128/><G87/><T30/><D30/><U41/><E41/><V74/><F74/><W133/><G91/><T113/><D122/><U90/><E90/><V102/><F102/><W124/><G124/><T92/><D113/><U70/><E70/><V51/><F15/><W83/><G13/><T28/><D95/><U18/><E18/><V93/><F93/><W35/><G19/><T110/><D28/><U108/><E108/><V20/><F111/><W21/><G109/><T78/><D110/><U118/><E118/><V65/><F26/><W131/><G83/><N who="0" m="45511" /><D73/><U75/><E75/><RYUUKYOKU ba="0,0" sc="172,15,242,15,203,-15,383,-15" hai0="50,52,92,97,101,129,130" hai1="46,47,54,55,56,59,60,62,64,69" /><INIT seed="5,1,0,1,2,49" ten="187,257,188,368" oya="1" hai0="82,105,135,11,4,77,19,1,64,93,13,103,48" hai1="124,81,69,114,99,45,12,50,129,22,36,18,46" hai2="78,55,79,30,76,73,27,88,87,110,130,83,75" hai3="109,61,92,96,37,51,132,39,133,10,128,17,5"/><U125/><E69/><V62/><F110/><W115/><G109/><T97/><D135/><N who="3" m="51785" /><G115/><T113/><D113/><U3/><E3/><V98/><F130/><W24/><G128/><T112/><D112/><U54/><E114/><V38/><F38/><W23/><G51/><T9/><D64/><U80/><E129/><V14/><F14/><N who="3" m="5455" /><G61/><T33/><D33/><U29/><E29/><V57/><REACH who="2" step="1"/><F98/><REACH who="2" ten="187,257,178,368" step="2"/><W70/><G39/><T108/><D108/><U89/><E99/><V44/><F44/><W32/><G37/><T35/><D35/><AGARI ba="1,1" hai="27,30,35,55,57,62,73,75,76,78,79,83,87,88" machi="35" ten="40,5200,0" yaku="1,1,52,1,54,1,53,0" doraHai="49" doraHaiUra="0" who="2" fromWho="0" sc="187,-55,257,0,178,65,368,0" /><INIT seed="6,0,0,5,0,40" ten="132,257,243,368" oya="2" hai0="88,30,68,118,63,47,132,0,15,6,112,71,123" hai1="56,61,32,2,27,51,111,100,70,108,101,34,36" hai2="16,11,95,76,57,82,60,37,44,75,26,38,49" hai3="19,52,33,39,134,1,113,72,97,117,66,99,131"/><V28/><F95/><W92/><G117/><T87/><D118/><U89/><E2/><V65/><F11/><W24/><G131/><T104/><D104/><U94/><E36/><V62/><F62/><W50/><G39/><T93/><D0/><U45/><E70/><V91/><F91/><W7/><G66/><T125/><D123/><U120/><E120/><V83/><F83/><W53/><G72/><T107/><D112/><U73/><E73/><V121/><F121/><W55/><G113/><T25/><D107/><U135/><E135/><V98/><F98/><W109/><G109/><T133/><D125/><U77/><E77/><V18/><F38/><W23/><G134/><T48/><D63/><U17/><E34/><V103/><F103/><W74/><G33/><T128/><D133/><U3/><E3/><V86/><F75/><W114/><G74/><T78/><D132/><U81/><E81/><V80/><F80/><W122/><G114/><T119/><D78/><U31/><E17/><V5/><F5/><W10/><G99/><T43/><D128/><U59/><E59/><V127/><F127/><W12/><G1/><T96/><D119/><U105/><E105/><V64/><F64/><W13/><G13/><T42/><D96/><N who="1" m="57423" /><E111/><V9/><F9/><W46/><G122/><T110/><D110/><U126/><E126/><V102/><F102/><AGARI ba="0,0" hai="7,10,12,19,23,24,46,50,52,53,55,92,97,102" machi="102" ten="30,7700,0" yaku="7,1,8,1,52,1,54,1" doraHai="40" who="3" fromWho="2" sc="132,0,257,0,243,-77,368,77" /><INIT seed="7,0,0,3,3,37" ten="132,257,166,445" oya="3" hai0="33,25,110,13,3,53,77,75,128,38,96,125,39" hai1="123,41,56,111,29,113,82,59,1,48,49,26,8" hai2="65,83,121,45,14,0,30,109,70,54,106,131,63" hai3="24,44,67,7,86,60,135,11,35,58,73,104,108"/><W117/><G73/><T22/><D3/><U6/><E123/><V62/><F0/><W46/><G135/><T122/><D122/><U101/><E111/><V119/><F109/><W81/><G104/><T28/><D110/><U103/><E113/><V132/><F121/><W94/><G117/><T71/><D128/><U5/><E82/><V130/><F119/><W133/><G94/><T129/><D125/><U18/><E26/><V95/><F106/><W9/><G133/><T57/><D129/><N who="2" m="49162" /><F132/><W4/><G35/><T88/><D71/><U92/><E92/><V68/><F30/><W52/><G24/><T20/><D77/><U72/><E72/><V2/><F2/><W105/><G105/><T100/><D75/><U64/><E1/><V107/><F107/><W69/><G69/><N who="2" m="26729" /><F83/><W10/><G108/><T112/><D112/><U66/><E29/><V80/><F80/><W42/><G67/><T12/><D33/><U115/><E115/><V124/><F124/><W23/><G23/><T47/><D22/><U76/><E76/><V16/><F95/><W19/><G19/><T89/><D38/><U36/><E36/><V51/><F65/><W84/><G84/><T91/><D47/><U55/><E18/><V90/><F90/><N who="3" m="51535" /><G46/><T126/><D39/><U50/><E8/><AGARI ba="0,0" hai="8,14,16,45,51,54,62,63" m="26729,49162" machi="8" ten="30,2000,0" yaku="19,1,54,1" doraHai="37" who="2" fromWho="1" sc="132,0,257,-20,166,20,445,0" owari="132,-37.0,237,4.0,186,-21.0,445,54.0" /></mjloggm>