<mjloggm ver="2.3"><GO type="169" lobby="0"/><UN n0="%E3%82%86%E3%81%86%E3%81%9F%E3%82%93" n1="%E3%82%A6%E3%83%AB%E3%83%88%E3%83%A9%E7%AB%8B%E7%9B%B4" n2="%EF%BC%88%EF%BC%8A%EF%BC%9E%EF%BC%9C%EF%BC%89" n3="%E3%81%B2%E3%81%A3%E3%81%B4%E3%81%93%E3%82%93" dan="16,17,17,16" rate="2086.91,2059.21,2179.97,2153.23" sx="M,M,M,M"/><TAIKYOKU oya="0"/><INIT seed="0,0,0,5,1,2" ten="250,250,250,250" oya="0" hai0="81,42,26,28,132,64,73,63,95,109,59,85,120" hai1="22,78,133,5,84,1,79,20,61,35,117,46,112" hai2="119,10,43,15,103,67,75,9,30,21,74,40,106" hai3="65,92,130,97,134,89,24,55,129,8,66,44,4"/><T123/><D73/><U116/><E35/><V18/><F119/><W70/><G134/><T48/><D132/><U127/><E133/><V98/><F67/><W87/><G24/><T118/><D118/><U90/><E127/><V23/><F74/><W49/><G97/><T82/><D109/><U71/><E79/><V91/><F75/><W47/><G47/><T17/><D17/><U39/><E78/><V53/><F53/><W36/><G36/><T122/><D42/><U126/><E22/><V72/><F72/><W60/><REACH who="3" step="1"/><G66/><REACH who="3" ten="250,250,250,240" step="2"/><T27/><D27/><U107/><E46/><V100/><F98/><W110/><G110/><T93/><D120/><U12/><E39/><V57/><F106/><W96/><G96/><T29/><D123/><U128/><E107/><V131/><F131/><W104/><G104/><T83/><D122/><U86/><E128/><V108/><F108/><W114/><G114/><T52/><D26/><U124/><E112/><V11/><F100/><W80/><G80/><N who="0" m="30827" /><D29/><U25/><E25/><N who="2" m="16687" /><F103/><W37/><G37/><T31/><D28/><U121/><E121/><V33/><F33/><W32/><G32/><T88/><D31/><U19/><E117/><V58/><F91/><W3/><AGARI ba="0,1" hai="3,4,8,44,49,55,60,65,70,87,89,92,129,130" machi="3" ten="30,7900,0" yaku="1,1,0,1,52,1,53,1" doraHai="2" doraHaiUra="34" who="3" fromWho="3" sc="250,-39,250,-20,250,-20,240,89" /><INIT seed="1,0,0,5,3,129" ten="211,230,230,329" oya="1" hai0="46,27,48,88,63,33,18,117,122,92,51,61,93" hai1="132,110,22,131,116,9,104,72,34,111,25,56,84" hai2="30,17,118,109,45,32,36,120,64,8,19,57,114" hai3="26,86,128,90,58,6,29,69,106,39,107,47,125"/><U75/><E104/><V126/><F120/><W77/><G69/><T133/><D117/><U7/><E34/><V74/><F118/><W134/><G128/><T97/><D122/><U127/><E116/><V80/><F114/><W14/><G77/><T79/><D79/><U4/><E4/><V65/><F80/><W55/><G125/><T121/><D121/><U37/><E37/><V95/><F95/><W40/><G14/><T89/><D133/><U5/><E5/><V119/><F30/><W85/><G134/><T83/><D83/><U10/><E10/><V1/><F32/><W123/><G86/><T70/><D70/><U81/><E56/><V28/><F28/><W21/><G6/><T50/><D46/><U115/><E115/><V68/><F68/><W62/><REACH who="3" step="1"/><G123/><REACH who="3" ten="211,230,230,319" step="2"/><T76/><D76/><N who="1" m="46119" /><E131/><V103/><F126/><W41/><G41/><T71/><D71/><U135/><E127/><V23/><F119/><W35/><G35/><T44/><D33/><U54/><E75/><V99/><F74/><W13/><G13/><T91/><D44/><U102/><E72/><V73/><F45/><W112/><G112/><T24/><D97/><U67/><E132/><V15/><F99/><W3/><G3/><T101/><D27/><U12/><E135/><V108/><F73/><W96/><G96/><N who="0" m="59535" /><D92/><AGARI ba="0,1" hai="21,26,29,39,40,47,55,58,62,85,90,92,106,107" machi="92" ten="30,2000,0" yaku="1,1,7,1,53,0" doraHai="129" doraHaiUra="105" who="3" fromWho="0" sc="211,-20,230,0,230,0,319,30" /><INIT seed="2,0,0,2,3,29" ten="191,230,230,349" oya="2" hai0="128,62,91,18,10,88,86,97,26,50,122,129,1" hai1="72,20,59,119,77,49,70,66,103,53,135,41,51" hai2="118,75,84,78,110,90,30,46,35,108,132,21,56" hai3="101,16,27,19,96,8,31,130,68,87,37,64,69"/><V32/><F132/><W106/><G87/><T60/><D122/><U42/><E103/><V2/><F2/><W111/><G69/><T63/><D50/><U58/><E77/><V134/><F134/><W38/><G130/><N who="0" m="50283" /><D97/><U6/><E72/><V79/><F118/><W112/><G111/><N who="2" m="42537" /><F46/><W43/><G43/><T76/><D76/><N who="2" m="29226" /><F75/><W120/><G120/><T4/><D86/><U40/><E20/><AGARI ba="0,0" hai="1,4,10,18,20,26,60,62,63,88,91" m="50283" machi="20" ten="30,2000,0" yaku="19,1,54,1" doraHai="29" who="0" fromWho="1" sc="191,20,230,-20,230,0,349,0" /><INIT seed="3,0,0,3,1,121" ten="211,210,230,349" oya="3" hai0="124,41,66,63,133,48,104,130,19,8,84,90,55" hai1="120,18,115,45,17,106,102,78,128,85,9,1,33" hai2="4,27,74,20,22,125,86,95,5,79,113,126,105" hai3="35,108,28,23,61,51,25,58,88,122,26,53,129"/><W13/><G122/><T93/><D104/><U62/><E33/><V82/><F105/><W68/><G129/><T81/><D130/><U31/><E31/><V109/><F113/><W67/><G13/><N who="0" m="7591" /><D133/><U99/><E120/><V73/><F22/><W30/><REACH who="3" step="1"/><G88/><REACH who="3" ten="211,210,230,339" step="2"/><T52/><D124/><U110/><E128/><V77/><F126/><W111/><AGARI ba="0,1" hai="23,25,26,28,30,35,51,53,58,61,67,68,108,111" machi="111" ten="30,12000,1" yaku="1,1,2,1,0,1,52,2,53,0" doraHai="121" doraHaiUra="39" who="3" fromWho="3" sc="211,-40,210,-40,230,-40,339,130" /><INIT seed="3,1,0,0,3,104" ten="171,170,190,469" oya="3" hai0="18,107,2,10,77,100,53,79,7,92,75,59,115" hai1="78,123,47,38,80,35,135,128,48,40,17,37,133" hai2="118,19,119,45,82,88,108,12,20,32,5,116,46" hai3="29,117,60,64,41,14,28,91,33,13,84,0,130"/><W8/><G117/><T131/><D107/><U44/><E123/><V101/><F32/><W23/><G41/><T97/><D131/><U34/><E17/><V129/><F129/><W22/><G130/><T30/><D30/><U51/><E128/><V110/><F101/><W73/><G73/><T27/><D115/><U114/><E114/><V39/><F5/><W112/><G112/><T127/><D127/><U126/><E126/><V3/><F3/><W95/><G0/><T66/><D66/><U52/><E35/><V124/><F124/><W21/><G33/><T120/><D120/><U62/><E34/><V83/><F39/><W6/><REACH who="3" step="1"/><G13/><REACH who="3" ten="171,170,190,459" step="2"/><T99/><D75/><U54/><E38/><V55/><F118/><W81/><G81/><T50/><D2/><U111/><E80/><V69/><F12/><W125/><G125/><T25/><D92/><U24/><E37/><V93/><F93/><W42/><G42/><T89/><D27/><U31/><E24/><V56/><F82/><W67/><G67/><T15/><D25/><U121/><E40/><V1/><F83/><W9/><G9/><T122/><D122/><U109/><E121/><V98/><F1/><W113/><G113/><T65/><D65/><U85/><E54/><V94/><F55/><W49/><G49/><T36/><D36/><U132/><E52/><V70/><F94/><W16/><G16/><T11/><D18/><U96/><E51/><V4/><F19/><W76/><G76/><T90/><D11/><U102/><E48/><V105/><F119/><W106/><G106/><N who="0" m="63759" /><D90/><U134/><E134/><RYUUKYOKU ba="1,1" sc="171,15,170,-15,190,-15,459,15" hai0="7,10,15,50,53,59,77,79,89,99" hai3="6,8,14,21,22,23,28,29,60,64,84,91,95" /><INIT seed="3,2,1,3,3,76" ten="186,155,175,474" oya="3" hai0="53,60,126,29,106,101,93,114,33,57,94,66,43" hai1="11,50,42,113,22,108,135,83,70,47,44,117,59" hai2="132,6,41,5,84,38,7,12,56,120,125,13,88" hai3="30,78,77,58,27,112,61,36,104,74,52,4,24"/><W72/><G104/><T134/><D106/><U116/><E70/><V64/><F120/><W133/><G36/><T96/><D134/><U130/><E113/><V68/><F68/><W34/><G133/><T92/><D114/><U100/><E135/><V8/><F132/><W119/><G119/><T107/><D126/><U124/><E100/><V19/><F125/><W127/><G112/><T89/><D43/><U128/><E11/><V28/><F28/><W85/><G127/><T67/><D89/><U48/><E22/><V17/><F41/><W121/><G4/><T20/><D33/><U31/><E31/><V0/><F38/><W32/><G121/><T54/><D67/><U40/><E124/><V25/><F25/><W65/><G65/><T18/><D29/><U98/><E98/><V15/><F0/><W86/><G27/><T1/><D1/><U129/><E83/><N who="2" m="49183" /><F8/><W123/><G34/><T115/><D115/><U110/><E59/><V51/><F64/><W122/><G123/><T63/><D66/><U69/><E69/><V105/><F105/><W102/><G122/><T87/><D107/><U45/><E45/><V49/><F56/><W3/><G3/><T97/><D57/><U75/><E75/><V55/><F55/><W21/><G32/><T46/><D54/><U95/><E95/><V109/><F109/><AGARI ba="2,1" hai="40,42,44,47,48,50,108,109,110,116,117,128,129,130" machi="109" ten="50,12000,2" yaku="9,1,14,1,19,1,34,3" doraHai="76" who="1" fromWho="2" sc="186,0,155,136,175,-126,474,0" /><INIT seed="4,0,0,5,1,67" ten="186,291,49,474" oya="0" hai0="48,75,29,132,41,59,32,112,12,127,86,131,122" hai1="88,66,76,57,104,80,101,44,92,73,46,20,3" hai2="106,51,40,11,115,124,18,125,45,97,21,27,17" hai3="130,60,8,55,113,133,54,14,109,6,65,62,50"/><T117/><D12/><U72/><E72/><V96/><F115/><W129/><G109/><T90/><D59/><U63/><E3/><V69/><F106/><W83/><G113/><T89/><D48/><U22/><E46/><V121/><F121/><W42/><G62/><T38/><D41/><U53/><E44/><V128/><F128/><W120/><G42/><T114/><D29/><U134/><E134/><V135/><F135/><W33/><G133/><T30/><D89/><U111/><E111/><V126/><F11/><W64/><G120/><T74/><D90/><U61/><E101/><V28/><REACH who="2" step="1"/><F69/><REACH who="2" ten="186,291,39,474" step="2"/><W26/><G8/><T19/><D114/><U49/><E104/><V36/><F36/><W99/><G130/><T102/><D112/><U0/><E0/><V2/><F2/><W43/><G129/><T37/><D38/><U71/><E49/><V81/><F81/><W85/><G83/><T47/><D37/><U56/><E56/><V82/><F82/><W7/><G50/><T35/><D131/><U31/><E80/><V58/><F58/><W116/><G116/><T68/><D132/><U108/><E57/><V1/><F1/><W103/><G60/><T119/><D117/><U10/><E63/><V9/><F9/><W39/><G39/><T25/><D119/><U98/><E61/><V93/><F93/><W107/><G65/><T110/><D122/><U100/><E66/><V123/><F123/><W23/><G64/><T13/><D68/><U16/><E71/><V79/><F79/><W70/><G70/><T118/><D118/><U95/><E76/><RYUUKYOKU ba="0,1" sc="186,-10,291,-10,39,30,474,-10" hai2="17,18,21,27,28,40,45,51,96,97,124,125,126" /><INIT seed="5,1,1,1,4,32" ten="176,281,69,464" oya="1" hai0="44,5,6,95,109,47,42,19,38,63,115,39,110" hai1="26,119,58,79,117,18,65,2,56,108,28,12,112" hai2="51,80,60,113,84,116,48,131,132,77,127,35,17" hai3="81,46,93,3,15,55,120,7,9,50,133,14,30"/><U53/><E2/><V76/><F116/><W111/><G120/><T122/><D122/><U1/><E1/><V31/><F31/><W97/><G111/><T129/><D115/><U22/><E112/><V121/><F121/><W21/><G133/><T24/><D129/><U45/><E108/><V118/><F35/><W57/><G81/><T87/><D63/><U128/><E128/><V49/><F113/><W25/><G46/><T54/><D6/><U34/><E45/><V94/><F131/><W134/><G134/><T75/><D75/><U27/><E79/><V90/><F132/><W41/><G41/><T101/><D5/><U106/><E106/><V36/><F36/><W91/><AGARI ba="1,1" hai="3,7,9,14,15,21,25,30,50,55,57,91,93,97" machi="91" ten="20,2700,0" yaku="0,1,7,1,52,1" doraHai="32" who="3" fromWho="3" sc="176,-8,281,-14,69,-8,464,40" /><INIT seed="6,0,0,2,1,118" ten="168,267,61,504" oya="2" hai0="109,70,46,132,64,96,28,43,98,108,52,6,134" hai1="65,85,128,94,34,81,78,48,25,88,13,51,77" hai2="56,32,105,14,69,47,82,27,30,116,76,103,87" hai3="86,83,60,54,133,124,123,80,4,125,2,115,53"/><V58/><F116/><W117/><G117/><T71/><D28/><U122/><E65/><V92/><F47/><W107/><G107/><T41/><D6/><U11/><E128/><V37/><F37/><W3/><G83/><T19/><D19/><U61/><E61/><V79/><F79/><W7/><G115/><T15/><D15/><U20/><E122/><V35/><F35/><W113/><G123/><T135/><D64/><U40/><E40/><N who="0" m="15433" /><D52/><N who="3" m="20073" /><G133/><T1/><D46/><U55/><E55/><V93/><F69/><N who="0" m="26122" /><D1/><N who="3" m="9" /><G60/><T38/><D38/><U106/><E106/><V57/><REACH who="2" step="1"/><F14/><REACH who="2" ten="168,267,51,504" step="2"/><W119/><G119/><T12/><D12/><U63/><E34/><V129/><F129/><W17/><G113/><T10/><D10/><U29/><E78/><V36/><F36/><W111/><G111/><AGARI ba="0,1" hai="96,98,108,109,111,132,134,135" m="26122,15433" machi="111" ten="40,5200,0" yaku="28,2,20,1" doraHai="118" who="0" fromWho="3" sc="168,62,267,0,51,0,504,-52" /><INIT seed="7,0,0,0,5,6" ten="230,267,51,452" oya="3" hai0="118,45,42,135,44,1,105,17,70,76,64,96,110" hai1="132,101,67,116,2,59,25,18,114,53,81,10,108" hai2="89,77,13,29,99,88,40,34,93,57,43,23,121" hai3="115,92,123,128,12,131,30,39,41,74,71,55,27"/><W87/><G74/><T60/><D118/><U8/><E108/><V11/><F121/><W113/><G71/><T28/><D110/><U83/><E2/><V98/><F34/><W49/><G41/><T112/><D1/><U62/><E116/><V24/><F77/><W75/><G39/><T125/><D76/><U7/><E7/><V79/><F79/><W69/><G69/><T73/><D73/><U124/><E124/><V48/><F57/><W5/><G75/><T54/><D125/><U130/><E130/><V19/><F48/><W133/><G133/><T68/><D135/><U90/><E132/><V52/><F40/><W32/><G123/><T119/><D119/><U66/><E101/><V36/><F36/><W85/><G92/><T107/><D70/><U95/><E114/><V78/><F43/><W100/><G100/><N who="0" m="62599" /><D107/><U91/><E25/><V103/><F78/><W15/><G15/><T31/><D112/><U104/><E104/><V22/><F103/><W26/><G26/><T16/><D54/><U47/><E18/><N who="0" m="7273" /><D42/><U4/><E4/><V35/><F35/><W94/><G94/><T127/><D127/><U38/><E38/><V117/><F117/><W61/><G5/><T126/><D126/><U80/><E91/><V0/><F0/><W84/><G32/><T50/><D50/><N who="1" m="28895" /><E66/><V37/><F37/><W46/><G131/><T82/><D82/><N who="1" m="20995" /><U120/><DORA hai="97" /><E120/><V56/><F89/><W122/><G128/><T109/><D109/><U51/><E51/><V86/><F23/><W134/><G115/><T111/><D111/><U14/><E14/><RYUUKYOKU ba="0,0" sc="230,10,267,10,51,10,452,-30" hai0="28,31,44,45,60,64,68" hai1="8,10,59,62,67,90,95" hai2="11,13,19,22,24,29,52,56,86,88,93,98,99" owari="240,-16.0,277,8.0,61,-44.0,422,52.0" /></mjloggm>