<mjloggm ver="2.3"><GO type="97" lobby="0"/><UN n0="%E3%82%A6%E3%83%AB%E3%83%88%E3%83%A9%E7%AB%8B%E7%9B%B4" n1="%67%75%70%70%79%39%38" n2="%69%2E%6E%2E%67%6F%64%76" n3="%E3%82%86%E3%81%A8%E3%82%8A%E3%81%AE" dan="15,15,13,13" rate="2008.10,2054.20,1844.60,1875.41" sx="M,M,M,M"/><TAIKYOKU oya="0"/><INIT seed="0,0,0,5,3,89" ten="250,250,250,250" oya="0" hai0="92,94,58,12,34,106,6,75,78,134,30,48,5" hai1="1,18,8,68,70,102,86,108,117,32,114,20,99" hai2="97,28,35,79,27,62,83,129,16,39,46,43,120" hai3="104,47,10,126,50,112,65,40,82,93,37,9,45"/><T17/><D106/><U24/><E114/><V125/><F120/><W127/><G112/><T90/><D134/><U130/><E117/><V110/><F110/><W23/><G65/><T4/><D78/><U26/><E130/><V7/><F125/><N who="3" m="47627" /><G104/><T111/><D75/><U15/><E108/><V85/><F129/><W133/><G133/><T14/><D111/><U11/><E86/><V25/><F7/><W57/><G82/><T42/><D30/><N who="1" m="19527" /><E99/><V109/><F109/><W49/><G57/><T124/><D34/><U96/><E96/><V87/><F97/><W21/><G93/><N who="0" m="35947" /><D124/><U33/><E102/><V29/><F62/><W72/><G72/><T36/><D36/><U3/><E70/><V73/><F16/><W115/><G37/><T128/><D128/><U123/><E68/><V0/><REACH who="2" step="1"/><F0/><REACH who="2" ten="250,250,240,250" step="2"/><N who="1" m="73" /><E123/><V71/><F71/><W116/><G115/><T81/><D17/><N who="1" m="12559" /><E33/><AGARI ba="0,1" hai="25,27,28,29,33,35,39,43,46,73,79,83,85,87" machi="33" ten="30,3900,0" yaku="1,1,7,1,9,1,53,0" doraHai="89" doraHaiUra="118" who="2" fromWho="1" sc="250,0,250,-39,240,49,250,0" /><INIT seed="1,0,0,1,2,89" ten="250,211,289,250" oya="1" hai0="41,105,51,96,47,2,101,13,37,62,42,116,78" hai1="71,17,132,115,100,55,84,22,46,118,77,60,99" hai2="35,102,9,38,128,48,18,93,0,126,23,119,129" hai3="16,54,85,108,66,113,97,80,73,98,3,127,79"/><U14/><E118/><V28/><F38/><W103/><G3/><T11/><D116/><U34/><E115/><V131/><F119/><W117/><G113/><T120/><D120/><U70/><E132/><V8/><F126/><W91/><G66/><T27/><D2/><U76/><E34/><V94/><F102/><W109/><G117/><T83/><D27/><U111/><E111/><N who="3" m="42570" /><G54/><T52/><D62/><U24/><E71/><V57/><F35/><W110/><N who="3" m="42578" /><W12/><DORA hai="49" /><G127/><T82/><D37/><U68/><E68/><V121/><F0/><W92/><G103/><T6/><REACH who="0" step="1"/><D83/><REACH who="0" ten="240,211,289,250" step="2"/><U29/><E70/><V114/><F121/><W36/><G36/><T5/><D5/><U43/><E60/><V104/><F114/><W21/><AGARI ba="0,1" hai="12,16,21,73,79,80,85,91,92,97,98" m="42578" machi="21" ten="40,5200,0" yaku="14,1,52,1,54,1" doraHai="89,49" who="3" fromWho="3" sc="240,-13,211,-26,289,-13,250,62" /><INIT seed="2,0,0,2,2,114" ten="227,185,276,312" oya="2" hai0="74,61,17,102,38,111,121,112,29,109,67,34,78" hai1="60,36,96,89,53,119,76,15,4,3,83,135,65" hai2="37,82,124,101,107,39,50,79,72,31,8,16,128" hai3="52,91,23,99,35,66,90,130,0,68,125,54,64"/><V95/><F128/><W85/><G68/><T97/><D17/><U62/><E3/><V131/><F131/><W81/><G35/><T48/><D48/><U33/><E33/><V20/><F124/><W86/><G0/><T70/><D112/><U46/><E135/><V71/><F71/><W51/><G99/><T126/><D126/><U133/><E133/><V22/><F107/><W21/><G130/><T123/><D38/><U9/><E119/><V120/><F120/><W13/><G125/><T113/><D113/><U58/><E36/><V56/><F39/><W104/><G104/><T87/><D87/><U57/><E46/><V73/><F73/><W132/><G132/><T10/><D10/><U93/><E83/><V108/><F108/><W11/><G11/><T14/><D14/><U44/><E44/><V118/><F37/><W117/><G117/><T92/><D78/><U94/><E94/><V41/><F118/><W26/><G13/><T110/><D74/><U5/><REACH who="1" step="1"/><E76/><REACH who="1" ten="227,175,276,312" step="2"/><V127/><F127/><W63/><G81/><T106/><D92/><U75/><E75/><V80/><F72/><W1/><G1/><T98/><D98/><U69/><E69/><V105/><F79/><W32/><G32/><T7/><D7/><AGARI ba="0,1" hai="4,5,7,9,15,53,57,58,60,62,65,89,93,96" machi="7" ten="30,7700,0" yaku="1,1,7,1,8,1,53,1" doraHai="114" doraHaiUra="6" who="1" fromWho="0" sc="227,-77,175,87,276,0,312,0" /><INIT seed="3,0,0,5,1,130" ten="150,262,276,312" oya="3" hai0="65,113,91,16,111,74,52,20,114,49,86,22,97" hai1="85,6,72,69,56,57,23,66,12,63,126,93,24" hai2="124,99,128,107,7,81,102,21,4,127,44,11,98" hai3="106,104,90,131,5,37,71,96,117,41,67,19,125"/><W9/><G117/><T68/><D74/><U10/><E126/><N who="2" m="48171" /><F128/><W119/><G125/><T89/><D65/><U45/><E72/><V32/><F32/><W120/><G119/><T43/><D68/><U15/><E15/><N who="2" m="5607" /><F7/><W116/><G116/><T58/><D43/><U122/><E122/><V78/><F98/><W50/><G37/><T53/><D111/><U92/><E45/><V94/><F44/><W18/><G71/><T135/><D135/><U30/><E69/><V51/><F51/><W108/><G108/><T70/><D70/><U123/><E123/><V35/><F21/><W28/><G120/><T79/><D22/><U25/><E25/><V134/><F35/><W0/><G131/><T88/><D97/><U29/><E29/><V110/><F110/><W121/><G0/><T118/><D118/><U76/><REACH who="1" step="1"/><E56/><REACH who="1" ten="150,252,276,312" step="2"/><V84/><F107/><W82/><G121/><T33/><D33/><U83/><AGARI ba="0,1" hai="6,10,12,23,24,30,57,63,66,76,83,85,92,93" machi="83" ten="30,8000,1" yaku="1,1,2,1,0,1,8,1,53,1" doraHai="130" doraHaiUra="60" who="1" fromWho="1" sc="150,-20,252,90,276,-20,312,-40" owari="130,-37.0,342,44.0,256,-14.0,272,7.0" /></mjloggm>