<mjloggm ver="2.3"><GO type="225" lobby="0"/><UN n0="%E9%87%98%E5%AE%AE%E7%97%85%E6%82%A3%E8%80%85" n1="%E3%82%A6%E3%83%AB%E3%83%88%E3%83%A9%E7%AB%8B%E7%9B%B4" n2="%6D%61%62%6F%6F%6F" n3="%E9%A3%9B%E7%BE%BD%E6%84%9B%E6%AD%8C" dan="17,16,16,16" rate="2149.29,2061.10,2104.18,2065.74" sx="F,M,M,M"/><TAIKYOKU oya="0"/><INIT seed="0,0,0,2,5,120" ten="250,250,250,250" oya="0" hai0="97,11,101,55,4,113,109,67,26,39,70,131,90" hai1="77,111,133,6,2,96,64,38,91,36,41,54,132" hai2="115,23,118,63,66,89,69,12,8,134,78,49,100" hai3="116,37,94,95,9,50,52,40,105,35,88,124,135"/><T7/><D113/><U58/><E77/><V107/><F78/><W43/><G105/><N who="0" m="63663" /><D90/><U46/><E6/><V48/><F89/><W45/><G35/><T20/><D55/><U128/><E2/><V5/><F115/><W92/><G116/><T126/><D7/><U117/><E91/><V103/><F118/><W93/><G135/><N who="1" m="51786" /><E96/><V60/><F134/><W15/><G124/><T130/><D39/><N who="1" m="21823" /><E117/><V28/><F107/><W119/><G119/><T44/><D126/><U99/><E99/><V14/><F66/><W17/><G37/><N who="1" m="14442" /><E128/><N who="0" m="49193" /><D20/><U10/><E10/><V72/><F69/><W98/><AGARI ba="0,0" hai="9,15,17,40,43,45,50,52,88,92,93,94,95,98" machi="98" ten="30,7900,0" yaku="0,1,8,1,54,2" doraHai="120" who="3" fromWho="3" sc="250,-39,250,-20,250,-20,250,79" /><INIT seed="1,0,0,4,4,36" ten="211,230,230,329" oya="1" hai0="5,131,127,89,66,9,31,85,55,24,76,41,125" hai1="83,78,99,61,77,22,110,44,109,133,14,58,8" hai2="35,30,57,50,42,92,29,16,103,71,114,17,107" hai3="72,46,53,116,79,73,65,74,69,129,4,98,102"/><U93/><E22/><V59/><F107/><W121/><G121/><T19/><D66/><U40/><E133/><V128/><F71/><W45/><G129/><T134/><D131/><U75/><E78/><V15/><F35/><W105/><G116/><T91/><D134/><U38/><E58/><N who="2" m="22027" /><F114/><W100/><G100/><T2/><D19/><N who="2" m="7242" /><F15/><W87/><G4/><T13/><D13/><U126/><E61/><V43/><F128/><W62/><G53/><T12/><D12/><U112/><E112/><V96/><F50/><W7/><G7/><T120/><D120/><U54/><E54/><V135/><F135/><W56/><G69/><T130/><D130/><U25/><E25/><V32/><F32/><W3/><G3/><T26/><D26/><U124/><E14/><V20/><F20/><W80/><AGARI ba="0,0" hai="45,46,56,62,65,72,73,74,79,80,87,98,102,105" machi="80" ten="40,1500,0" yaku="0,1" doraHai="36" who="3" fromWho="3" sc="211,-4,230,-7,230,-4,329,15" /><INIT seed="2,0,0,5,4,7" ten="207,223,226,344" oya="2" hai0="14,6,91,126,36,30,109,26,52,66,111,63,51" hai1="69,21,48,118,2,120,76,104,58,90,56,10,80" hai2="117,102,50,122,93,29,25,65,40,62,47,39,64" hai3="132,114,127,99,68,130,24,53,101,106,96,11,78"/><V107/><F122/><W100/><G68/><T8/><D36/><U1/><E104/><V49/><F117/><W22/><G130/><T17/><D126/><U110/><E69/><V92/><F65/><W112/><G127/><T61/><D91/><U31/><E118/><V33/><F93/><W125/><G125/><T9/><D30/><U135/><E110/><N who="0" m="41993" /><D66/><U124/><E135/><V20/><F33/><W18/><G132/><T77/><D77/><U15/><E120/><V19/><F107/><W60/><G78/><T59/><D26/><N who="1" m="16847" /><E1/><AGARI ba="0,0" hai="1,6,8,9,14,17,51,52,59,61,63" m="41993" machi="1" ten="30,7700,0" yaku="14,1,52,2,54,1" doraHai="7" who="0" fromWho="1" sc="207,77,223,-77,226,0,344,0" /><INIT seed="3,0,0,1,2,117" ten="284,146,226,344" oya="3" hai0="135,16,29,48,32,130,69,66,114,65,84,43,88" hai1="12,6,129,40,77,134,132,42,52,21,113,70,47" hai2="82,108,63,87,27,4,128,19,3,125,15,72,14" hai3="23,51,96,56,102,74,38,97,98,53,28,124,11"/><W55/><G74/><T31/><D130/><U10/><E70/><V106/><F106/><W79/><G38/><T99/><D135/><U127/><E113/><V103/><F72/><W94/><G124/><T59/><D114/><U45/><E127/><V0/><F103/><W83/><G11/><T20/><D69/><U68/><E68/><V92/><F125/><W81/><G55/><N who="0" m="32231" /><D43/><U110/><E129/><V120/><F92/><N who="3" m="58631" /><G79/><T8/><D99/><N who="3" m="37897" /><G94/><N who="0" m="54535" /><D8/><U90/><E110/><V1/><F1/><W24/><AGARI ba="0,0" hai="23,24,28,51,53,56,81,83" m="37897,58631" machi="24" ten="30,1500,0" yaku="8,1" doraHai="117" who="3" fromWho="3" sc="284,-5,146,-5,226,-5,344,15" owari="279,8.0,141,-36.0,221,-18.0,359,46.0" /></mjloggm>