<mjloggm ver="2.3"><GO type="41" lobby="0"/><UN n0="%E3%83%93%E3%83%AA%E3%83%BC%E9%9A%8A%E9%95%B7%E8%A3%9C%E4%BD%90" n1="%E7%89%8C%E5%8A%B9%E7%8E%87%E5%88%9D%E5%BF%83%E8%80%85" n2="%E3%82%A6%E3%83%AB%E3%83%88%E3%83%A9%E7%AB%8B%E7%9B%B4" n3="%72%68%61%70%30" dan="14,15,16,15" rate="1941.96,2003.84,2060.70,1985.31" sx="M,M,M,M"/><TAIKYOKU oya="0"/><INIT seed="0,0,0,3,3,19" ten="250,250,250,250" oya="0" hai0="87,8,54,43,122,63,125,118,89,58,50,108,123" hai1="121,100,116,38,85,11,105,132,5,90,72,1,41" hai2="101,73,22,128,14,34,102,18,47,0,106,112,133" hai3="127,80,7,129,135,12,86,81,52,6,59,25,24"/><T103/><D118/><U119/><E121/><V9/><F112/><W45/><G127/><T13/><D125/><U68/><E68/><V20/><F73/><W84/><G129/><T92/><D103/><U88/><E132/><V42/><F128/><W29/><G135/><T23/><D108/><U104/><E72/><V77/><F77/><W97/><G97/><T56/><D43/><U55/><E90/><V124/><F34/><W40/><G81/><T32/><D32/><U15/><E38/><V27/><F124/><W71/><G71/><T74/><D74/><U30/><E41/><V21/><F0/><W98/><G98/><T65/><D8/><U67/><E67/><V37/><F133/><W109/><G109/><T66/><D66/><U2/><E2/><V94/><F106/><W76/><G84/><T35/><D35/><U83/><E30/><V78/><F78/><W120/><G120/><T3/><D3/><U131/><E131/><V110/><F110/><W44/><G44/><T46/><D46/><U62/><E1/><V49/><F37/><W130/><G130/><T33/><D33/><U134/><E134/><V111/><F111/><W51/><G29/><T57/><D57/><N who="1" m="35135" /><E100/><N who="2" m="38507" /><F94/><W48/><G7/><AGARI ba="0,0" hai="7,9,14,18,20,21,22,27,42,47,49" m="38507" machi="7" ten="30,7700,0" yaku="8,1,52,3" doraHai="19" who="2" fromWho="3" sc="250,0,250,0,250,77,250,-77" /><INIT seed="1,0,0,4,1,108" ten="250,250,327,173" oya="1" hai0="122,132,36,93,3,114,77,21,76,1,111,123,44" hai1="78,112,65,59,121,72,83,58,35,41,26,96,5" hai2="118,125,117,97,100,104,17,29,119,53,94,23,75" hai3="42,43,133,101,8,16,124,135,25,134,30,64,27"/><U99/><E112/><V15/><F75/><W47/><G124/><T102/><D132/><U126/><E121/><N who="0" m="46089" /><D111/><U81/><E126/><V89/><F125/><W82/><G101/><T91/><D102/><U54/><E41/><V6/><F29/><W37/><G64/><T51/><D36/><U88/><E5/><V67/><F67/><W107/><G107/><T4/><D21/><U24/><E65/><V68/><F68/><W109/><G109/><T38/><D38/><U66/><E66/><V45/><F6/><W115/><G42/><N who="0" m="24983" /><D77/><U18/><E59/><V69/><F69/><W74/><G30/><T61/><D61/><U9/><E35/><V98/><F45/><W0/><G115/><T85/><D76/><U103/><E9/><V50/><F50/><W63/><G63/><T7/><D7/><U48/><E18/><V105/><F105/><W73/><G0/><N who="0" m="75" /><D4/><U19/><E19/><V87/><F53/><W34/><G34/><T127/><D127/><U32/><E32/><V2/><F2/><W106/><G106/><T70/><D70/><U113/><E113/><AGARI ba="0,0" hai="85,91,93,113,114" m="75,24983,46089" machi="113" ten="30,3900,0" yaku="13,1,52,2" doraHai="108" who="0" fromWho="1" sc="250,39,250,-39,327,0,173,0" /><INIT seed="2,0,0,3,4,54" ten="289,211,327,173" oya="2" hai0="125,46,50,76,71,97,120,117,80,61,57,95,133" hai1="16,102,51,119,33,124,121,70,23,134,17,25,89" hai2="74,53,12,99,35,100,75,30,68,65,4,56,113" hai3="93,24,79,103,116,129,126,31,96,109,59,78,69"/><V58/><F113/><W55/><G116/><T1/><D120/><U101/><E119/><V10/><F68/><W15/><G69/><T40/><D117/><U82/><E70/><V85/><F30/><W111/><G126/><T45/><D1/><U83/><E124/><V48/><F35/><W72/><G129/><T88/><D125/><U29/><E121/><V19/><F85/><W84/><G72/><T21/><D133/><U66/><E134/><V49/><F4/><W67/><G67/><T47/><D71/><U60/><E51/><V5/><F5/><W34/><G15/><T27/><D80/><U43/><E43/><V52/><F65/><W91/><G109/><T114/><D76/><U20/><E102/><V18/><F18/><W39/><G39/><T112/><D112/><U131/><E101/><V44/><F44/><W32/><G32/><T135/><D114/><U87/><E131/><V7/><F7/><W8/><G8/><T77/><D77/><U110/><E110/><V3/><F3/><W64/><G64/><T98/><D98/><U2/><E2/><V92/><AGARI ba="0,0" hai="10,12,19,48,49,52,53,56,58,74,75,92,99,100" machi="92" ten="20,18000,2" yaku="0,1,7,1,9,1,52,2,54,1" doraHai="54" who="2" fromWho="2" sc="289,-60,211,-60,327,180,173,-60" /><INIT seed="2,1,0,2,1,40" ten="229,151,507,113" oya="2" hai0="103,107,36,65,21,45,121,125,57,49,60,26,20" hai1="73,126,47,131,10,132,30,118,81,70,38,54,75" hai2="78,84,58,74,97,129,64,66,59,28,48,120,123" hai3="13,122,67,33,32,94,86,69,1,34,43,134,112"/><V104/><F74/><W82/><G1/><T55/><D121/><U91/><E118/><V42/><F28/><W7/><G122/><T52/><D125/><U68/><E126/><V96/><F84/><W111/><G112/><T100/><D21/><U0/><E132/><V5/><F5/><W92/><G111/><T37/><D107/><U51/><E131/><V27/><F27/><W71/><G134/><T63/><D37/><U72/><E30/><V109/><F78/><W6/><G43/><T106/><D36/><U19/><E38/><V31/><F31/><W102/><G102/><T124/><D124/><U87/><E0/><V113/><F42/><W110/><G110/><T9/><D9/><U95/><E95/><V56/><F109/><W135/><G135/><T50/><D106/><U83/><E83/><V16/><F104/><W79/><G7/><T77/><D77/><U53/><E54/><V127/><F127/><W101/><G101/><T18/><REACH who="0" step="1"/><D63/><REACH who="0" ten="219,151,507,113" step="2"/><U128/><E128/><V114/><F129/><W89/><G79/><T76/><D76/><U85/><E85/><V117/><F123/><W62/><G33/><T130/><D130/><U2/><E2/><V88/><F120/><W39/><G39/><T35/><D35/><U93/><E93/><N who="3" m="35946" /><G34/><T14/><D14/><AGARI ba="1,1" hai="10,14,19,47,51,53,68,70,72,73,75,81,87,91" machi="14" ten="40,5200,0" yaku="25,2,52,1" doraHai="40" who="1" fromWho="0" sc="219,-55,151,65,507,0,113,0" /><INIT seed="3,0,0,4,1,37" ten="164,216,507,113" oya="3" hai0="3,20,84,94,40,39,131,96,71,4,85,83,24" hai1="11,73,45,50,6,89,57,90,86,80,95,115,60" hai2="97,31,9,1,69,22,72,61,54,118,135,92,102" hai3="108,104,133,99,13,109,76,107,117,25,17,46,41"/><W44/><G117/><T0/><D131/><U62/><E115/><V70/><F72/><W16/><G133/><T113/><D71/><U30/><E30/><V100/><F118/><W116/><G116/><T26/><D113/><U101/><E101/><V124/><F124/><W51/><G76/><T8/><D3/><U38/><E38/><V55/><F102/><W66/><G66/><T93/><D93/><U59/><E59/><V121/><F135/><W126/><G126/><T68/><D68/><U2/><E57/><V33/><F33/><W67/><G67/><T28/><D26/><U120/><E120/><V123/><F22/><N who="3" m="13511" /><G99/><T74/><D74/><U29/><E29/><V125/><F31/><W18/><G46/><T105/><D105/><N who="3" m="40521" /><G13/><T35/><D35/><U64/><E64/><V32/><F32/><W88/><G88/><T21/><D21/><U114/><E114/><V65/><F70/><W106/><G106/><T134/><D134/><U110/><E73/><V112/><F112/><W63/><G63/><T79/><D84/><N who="1" m="52647" /><E60/><V48/><F125/><W87/><G87/><T56/><D56/><U129/><E129/><V77/><F61/><W75/><G75/><T43/><REACH who="0" step="1"/><D39/><REACH who="0" ten="154,216,507,113" step="2"/><U122/><E122/><V10/><F123/><W7/><G109/><T42/><D42/><N who="1" m="24887" /><E110/><V132/><F121/><W5/><G108/><T34/><D34/><U27/><E27/><V15/><F132/><W111/><G111/><T81/><D81/><U12/><E2/><V52/><F1/><W103/><G103/><AGARI ba="0,1" hai="0,4,8,20,24,28,40,43,79,83,85,94,96,103" machi="103" ten="30,8000,1" yaku="1,1,7,1,52,2,53,1" doraHai="37" doraHaiUra="19" who="0" fromWho="3" sc="154,90,216,0,507,0,113,-80" /><INIT seed="4,0,0,0,0,48" ten="244,216,507,33" oya="0" hai0="61,38,84,100,4,22,71,7,6,40,83,43,110" hai1="120,46,42,108,124,70,62,119,28,21,45,11,133" hai2="94,112,117,97,23,3,123,75,29,25,0,65,51" hai3="79,76,72,55,113,89,56,32,114,53,96,14,5"/><T92/><D110/><U109/><E120/><V16/><F75/><W67/><G32/><T34/><D34/><U41/><E119/><V81/><F123/><W58/><G67/><T63/><D22/><U60/><E133/><V37/><F37/><W33/><G33/><T87/><D38/><U59/><E124/><V99/><F99/><W134/><G134/><T24/><D24/><U1/><E70/><V66/><F3/><W13/><G72/><T95/><D71/><U122/><E122/><V35/><F0/><W85/><G96/><T88/><D100/><U135/><E135/><V90/><F112/><N who="3" m="43115" /><G5/><T77/><D95/><U68/><E68/><V101/><F117/><W86/><G89/><T10/><D10/><U125/><E125/><V27/><F51/><W118/><G118/><T107/><D107/><U106/><E106/><V17/><F65/><W132/><G132/><T128/><D128/><U126/><E126/><V12/><F66/><W39/><G39/><T50/><D50/><U20/><E1/><V2/><F2/><W116/><G116/><T111/><REACH who="0" step="1"/><D111/><REACH who="0" ten="234,216,507,33" step="2"/><U69/><E109/><V64/><F35/><W103/><G103/><T57/><D57/><N who="3" m="22121" /><G14/><T47/><D47/><U93/><E45/><V9/><F101/><W105/><G13/><T73/><D73/><U36/><E46/><V8/><F12/><W78/><G105/><T104/><D104/><U52/><E108/><V102/><F102/><W31/><G31/><T26/><D26/><N who="2" m="9738" /><F29/><W54/><AGARI ba="0,1" hai="53,54,55,76,78,79,85,86" m="22121,43115" machi="54" ten="40,12000,2" yaku="28,2,15,1,52,3" doraHai="48" who="3" fromWho="3" sc="234,-60,216,-30,507,-30,33,130" /><INIT seed="5,0,0,3,4,121" ten="174,186,477,163" oya="1" hai0="119,80,24,23,48,11,4,88,9,85,126,90,64" hai1="109,33,95,104,106,42,87,41,66,21,83,81,8" hai2="13,84,55,100,96,135,105,93,115,39,34,25,22" hai3="5,130,67,113,65,97,56,28,69,32,1,35,70"/><U2/><E33/><V112/><F39/><W101/><G113/><N who="2" m="43593" /><F135/><W38/><G130/><T86/><D119/><U110/><E66/><V73/><F73/><W94/><G38/><T76/><D126/><U18/><E95/><V107/><F34/><W45/><G45/><T118/><D118/><U51/><E2/><V30/><F13/><W129/><G129/><T79/><D64/><U52/><E8/><V36/><F36/><W7/><G35/><T124/><D124/><U62/><E62/><V122/><F122/><W78/><G1/><T60/><D60/><U128/><E128/><V75/><F75/><W120/><G32/><T91/><D48/><U127/><E127/><V71/><F71/><W77/><G70/><T17/><D4/><U46/><E106/><V82/><F55/><W0/><G0/><T68/><D68/><U58/><E104/><V50/><F50/><W89/><G69/><T26/><D26/><N who="1" m="14647" /><E87/><V19/><F30/><W43/><G28/><T12/><D24/><U133/><E133/><V108/><F105/><W54/><G67/><T49/><D49/><N who="1" m="30991" /><E41/><V53/><F107/><N who="3" m="63919" /><G65/><T47/><D47/><U123/><E123/><V125/><F125/><W20/><G43/><T40/><D40/><U63/><E63/><V44/><F53/><W15/><G120/><T102/><D102/><U116/><E116/><V3/><F3/><W74/><G74/><T134/><D134/><U57/><E57/><V131/><F131/><W114/><G56/><T98/><D98/><U111/><AGARI ba="0,0" hai="42,46,51,81,83,109,110,111" m="30991,14647" machi="111" ten="30,12000,1" yaku="10,1,52,3,54,1" doraHai="121" who="1" fromWho="1" sc="174,-40,186,120,477,-40,163,-40" /><INIT seed="5,1,0,4,2,119" ten="134,306,437,123" oya="1" hai0="123,11,25,29,82,113,81,55,133,84,127,3,17" hai1="135,10,2,114,74,75,22,117,104,6,112,28,101" hai2="49,115,66,69,42,132,106,131,13,128,105,24,1" hai3="39,0,100,58,16,59,23,64,8,103,68,65,60"/><U57/><E117/><V53/><F1/><W83/><G39/><T111/><D111/><U124/><E135/><V41/><F132/><W118/><G118/><T98/><D133/><U99/><E124/><V50/><F24/><W121/><G68/><T130/><D127/><U94/><E104/><V61/><F13/><W46/><G121/><T33/><D130/><U38/><E38/><V7/><F7/><W85/><G46/><T116/><D116/><U125/><E125/><V87/><F87/><W62/><G8/><T126/><D126/><U54/><E22/><V107/><F50/><W51/><G51/><T108/><D108/><U80/><E28/><V47/><F115/><N who="1" m="44073" /><E80/><V110/><F110/><W92/><G92/><T48/><D113/><U63/><AGARI ba="1,0" hai="2,6,10,54,57,63,74,75,94,99,101" m="44073" machi="63" ten="30,1500,0" yaku="15,1" doraHai="119" who="1" fromWho="1" sc="134,-6,306,18,437,-6,123,-6" /><INIT seed="5,2,0,4,4,76" ten="128,324,431,117" oya="1" hai0="107,13,64,126,121,69,118,67,129,93,6,33,97" hai1="117,73,66,81,62,30,49,92,108,20,101,4,74" hai2="90,75,36,1,77,71,27,114,11,34,31,14,59" hai3="57,87,9,56,83,15,18,23,26,51,25,5,109"/><U53/><E117/><V3/><F71/><W113/><G109/><T68/><D118/><U131/><E131/><V100/><F36/><W91/><G113/><T116/><D116/><U122/><E122/><V135/><F135/><W119/><G119/><T47/><D129/><U55/><E108/><V80/><F114/><W105/><G105/><T103/><D121/><U32/><E32/><V123/><F123/><W52/><REACH who="3" step="1"/><G57/><REACH who="3" ten="128,324,431,107" step="2"/><T37/><D33/><U45/><E45/><V41/><F59/><W35/><G35/><T130/><D130/><U39/><E73/><V2/><F34/><W58/><G58/><T112/><D112/><U40/><E74/><V70/><F75/><W82/><G82/><T38/><D126/><U128/><E81/><V88/><F80/><W48/><G48/><T110/><D110/><U95/><E49/><V28/><F70/><W24/><AGARI ba="2,1" hai="5,9,15,18,23,24,25,26,51,52,56,83,87,91" machi="24" ten="20,12000,2" yaku="1,1,0,1,7,1,8,1,52,1,54,1,53,1" doraHai="76" doraHaiUra="12" who="3" fromWho="3" sc="128,-32,324,-62,431,-32,107,136" /><INIT seed="6,0,0,5,4,89" ten="96,262,399,243" oya="2" hai0="14,45,71,49,52,25,117,127,93,19,13,42,5" hai1="51,75,68,34,46,33,15,85,60,135,20,39,12" hai2="55,130,28,134,18,83,119,1,48,121,36,23,100" hai3="58,0,125,116,82,21,77,91,79,3,120,63,81"/><V40/><F1/><W104/><G116/><T44/><D117/><U94/><E75/><V73/><F121/><W69/><G120/><T26/><D127/><U109/><E39/><V53/><F119/><W95/><G104/><T76/><D71/><U37/><E37/><V32/><F130/><W105/><G105/><T99/><D76/><U10/><E109/><V43/><F134/><W132/><G69/><T65/><D65/><U86/><E135/><V31/><F32/><W97/><G132/><T88/><D5/><U62/><E68/><V128/><F73/><W129/><G129/><T30/><D30/><U8/><E33/><V11/><F11/><W74/><G125/><T50/><D14/><U106/><E34/><V54/><F128/><W47/><G47/><T41/><REACH who="0" step="1"/><D42/><REACH who="0" ten="86,262,399,243" step="2"/><U110/><E15/><V16/><F31/><W6/><G6/><T61/><D61/><U123/><E12/><V112/><F28/><W27/><G79/><T92/><D92/><U101/><E94/><V108/><F40/><W118/><G118/><T57/><D57/><U114/><E62/><V72/><F43/><W17/><G82/><T122/><D122/><U133/><E60/><V96/><F83/><W131/><G131/><T66/><D66/><AGARI ba="0,1" hai="0,3,17,21,27,58,63,66,74,77,81,91,95,97" machi="66" ten="30,2000,0" yaku="7,1,52,1" doraHai="89" who="3" fromWho="0" sc="86,-20,262,0,399,0,243,30" /><INIT seed="7,0,0,0,1,116" ten="66,262,399,273" oya="3" hai0="87,67,120,22,92,90,107,108,79,28,41,39,10" hai1="57,61,56,5,94,118,75,32,66,7,19,15,89" hai2="31,105,103,60,62,50,73,17,127,2,119,29,93" hai3="82,54,33,55,106,84,110,100,49,23,63,72,96"/><W123/><G33/><T111/><D108/><U53/><E75/><V25/><F105/><W24/><G72/><T76/><D111/><U104/><E104/><V27/><F2/><W48/><G110/><T3/><D107/><U58/><E32/><V51/><F73/><W46/><G123/><T86/><D67/><U70/><E118/><V98/><F127/><W34/><G34/><T4/><D39/><U112/><E112/><V74/><F74/><W128/><G128/><T37/><D37/><U80/><E80/><V69/><F69/><W109/><G109/><T95/><D41/><U131/><E131/><V78/><F78/><W135/><G63/><T85/><D120/><U21/><REACH who="1" step="1"/><E53/><REACH who="1" ten="66,252,399,273" step="2"/><V130/><F130/><W18/><G135/><T133/><D133/><U77/><E77/><V125/><F119/><W64/><G64/><T8/><D8/><U13/><E13/><V134/><F125/><W114/><G114/><T59/><D59/><U129/><E129/><V35/><F134/><W68/><G68/><T115/><D115/><U124/><E124/><V65/><F65/><W132/><G132/><T36/><D36/><U122/><E122/><V9/><F35/><W43/><REACH who="3" step="1"/><G49/><REACH who="3" ten="66,252,399,263" step="2"/><T1/><D1/><U42/><E42/><V11/><F51/><W81/><G81/><T97/><REACH who="0" step="1"/><D95/><REACH who="0" ten="56,252,399,263" step="2"/><U44/><E44/><V0/><F50/><W88/><AGARI ba="0,3" hai="18,23,24,43,46,48,54,55,82,84,88,96,100,106" machi="88" ten="20,12000,1" yaku="1,1,0,1,7,1,54,1,53,1" doraHai="116" doraHaiUra="83" who="3" fromWho="3" sc="56,-40,252,-40,399,-40,263,150" owari="16,-48.0,212,-19.0,359,16.0,413,51.0" /></mjloggm>