<mjloggm ver="2.3"><GO type="97" lobby="0"/><UN n0="%E3%82%A6%E3%83%AB%E3%83%88%E3%83%A9%E7%AB%8B%E7%9B%B4" n1="%E3%81%86%E3%81%95%E3%81%A3%E3%81%A1%2C" n2="%E6%A1%9C%E6%B2%A2%E3%81%BF%E3%81%BF%E3%81%AA" n3="%75%6B%69%79%6F%6E%6F%79" dan="15,13,13,13" rate="2004.71,1908.49,1868.39,2041.71" sx="M,M,F,M"/><TAIKYOKU oya="0"/><INIT seed="0,0,0,4,4,66" ten="250,250,250,250" oya="0" hai0="124,75,68,100,88,135,59,114,93,53,129,78,62" hai1="108,55,70,89,60,0,16,96,119,126,11,120,52" hai2="122,90,58,67,15,5,12,9,63,10,6,47,97" hai3="4,21,117,79,24,99,42,131,19,133,1,127,107"/><T101/><D114/><U29/><E119/><V115/><F122/><W103/><G117/><T116/><D116/><U113/><E120/><V112/><F47/><W49/><G79/><T23/><D124/><U77/><E113/><V109/><F109/><W98/><G98/><T40/><D135/><U13/><E126/><V41/><F41/><W27/><G27/><T8/><D129/><U91/><E108/><V84/><REACH who="2" step="1"/><F97/><REACH who="2" ten="250,250,240,250" step="2"/><W31/><G42/><T134/><D40/><U61/><E96/><V56/><F56/><W81/><G99/><T83/><D134/><U86/><E0/><V39/><F39/><W50/><G1/><T105/><D100/><U128/><E128/><V17/><F17/><W95/><G19/><T102/><D101/><U94/><E29/><V36/><F36/><W87/><G103/><T82/><D102/><U104/><E104/><V72/><F72/><W132/><G107/><T35/><D105/><U3/><E3/><V76/><F76/><W73/><G73/><T106/><D106/><U130/><E77/><V46/><F46/><W45/><G45/><T125/><D78/><U74/><E130/><V71/><F71/><W118/><G131/><T80/><D75/><U14/><E74/><V34/><F34/><W121/><G121/><T85/><D35/><U69/><E69/><V28/><F28/><W65/><G31/><T48/><D125/><U32/><E32/><V110/><F110/><W54/><G127/><T38/><D38/><U33/><E33/><V37/><F37/><W44/><G133/><T51/><D68/><U2/><E70/><RYUUKYOKU ba="0,1" sc="250,-10,250,-10,240,30,250,-10" hai2="5,6,9,10,12,15,58,63,67,84,90,112,115" /><INIT seed="1,1,1,2,4,132" ten="240,240,270,240" oya="1" hai0="130,127,37,59,122,38,93,66,79,68,15,6,46" hai1="86,31,64,53,63,88,113,72,89,123,135,120,28" hai2="80,115,5,39,91,109,43,8,125,81,117,0,1" hai3="85,48,27,57,16,17,60,134,50,44,26,84,104"/><U25/><E113/><V19/><F115/><W128/><G104/><T94/><D68/><U114/><E114/><V12/><F117/><W111/><G111/><T65/><D79/><U23/><E72/><V102/><F109/><W61/><G128/><T99/><D130/><U83/><E135/><V7/><F102/><W13/><G134/><T90/><D122/><U96/><E53/><V10/><F125/><W110/><G110/><T29/><D29/><U70/><E96/><V103/><F103/><W11/><G57/><T105/><D105/><U47/><E47/><V131/><F131/><W73/><G73/><T22/><D46/><U3/><E3/><V107/><F107/><W49/><G44/><T95/><D90/><U33/><E33/><V92/><F43/><W18/><G13/><T82/><D82/><U97/><REACH who="1" step="1"/><E31/><REACH who="1" ten="240,230,270,240" step="2"/><V41/><F41/><W51/><N who="3" m="12800" /><DORA hai="119" /><W87/><G11/><T124/><D99/><U20/><E20/><V101/><F1/><W74/><G74/><T56/><D22/><U32/><E32/><V4/><F0/><W54/><G54/><T35/><D35/><U45/><E45/><V112/><F10/><W100/><G100/><T71/><D38/><U9/><E9/><V108/><F39/><W24/><AGARI ba="1,2" hai="16,17,18,24,26,27,60,61,84,85,87" m="12800" machi="24" ten="50,32000,5" yakuman="40" doraHai="132,119" who="3" fromWho="3" sc="240,-81,230,-161,270,-81,240,343" /><INIT seed="2,0,0,5,1,75" ten="159,69,189,583" oya="2" hai0="55,52,56,100,128,61,59,51,87,125,102,90,47" hai1="133,63,118,114,20,97,6,82,96,74,1,80,13" hai2="95,36,94,113,41,91,18,81,8,29,34,62,86" hai3="32,127,85,9,40,50,84,89,17,27,106,23,119"/><V54/><F113/><W67/><G119/><T26/><D125/><U48/><E1/><V12/><F34/><W124/><G106/><T57/><D128/><U35/><E35/><V99/><F29/><W70/><G32/><T43/><D26/><U14/><E118/><V7/><F41/><W103/><G103/><T53/><D61/><U24/><E114/><V25/><F36/><W108/><G108/><T112/><D112/><U10/><E133/><V73/><F73/><W107/><G107/><T72/><D72/><U64/><E14/><V15/><F25/><W33/><G9/><T60/><D60/><U101/><E48/><V120/><F99/><W3/><G3/><T66/><D66/><U126/><E126/><N who="3" m="48170" /><G89/><T16/><D16/><U88/><E97/><V4/><F120/><W131/><G131/><T83/><AGARI ba="0,0" hai="43,47,51,52,53,55,56,57,59,83,87,90,100,102" machi="83" ten="30,4000,0" yaku="0,1,8,1,54,1" doraHai="75" who="0" fromWho="0" sc="159,40,69,-10,189,-20,583,-10" /><INIT seed="3,0,0,2,3,39" ten="199,59,169,573" oya="3" hai0="97,110,120,65,104,116,29,67,54,112,15,83,117" hai1="108,53,106,33,90,122,132,133,34,38,94,3,84" hai2="129,102,58,107,96,89,13,128,98,101,74,114,130" hai3="0,61,52,46,70,18,43,111,42,57,68,40,1"/><W24/><G46/><T78/><D120/><U32/><E122/><V16/><F58/><W47/><G47/><T105/><D29/><U72/><E72/><V81/><F114/><W36/><G36/><T25/><D25/><U35/><N who="1" m="8704" /><DORA hai="125" /><U126/><E3/><V10/><F74/><W55/><G55/><T44/><D15/><U6/><E6/><V115/><F115/><W14/><G24/><T62/><D112/><U69/><E69/><V99/><F107/><W66/><G111/><T19/><D19/><U109/><E106/><V23/><F23/><W31/><G31/><T12/><D12/><U51/><E38/><V11/><F11/><W30/><G30/><T56/><D110/><U4/><E4/><V59/><F59/><W123/><G123/><T135/><D104/><U85/><E85/><AGARI ba="0,0" hai="10,13,16,81,85,89,96,98,99,101,102,128,129,130" machi="85" ten="50,8000,1" yaku="19,1,52,3,54,1" doraHai="39,125" who="2" fromWho="1" sc="199,0,59,-80,169,80,573,0" owari="199,-20.0,-21,-52.0,249,5.0,573,67.0" /></mjloggm>