<mjloggm ver="2.3"><GO type="97" lobby="0"/><UN n0="%E2%80%BB%34%33%33%E2%80%BB" n1="%73%75%6F" n2="%E3%81%8B%E3%81%AE%E3%81%93%E3%81%95%E3%81%BE" n3="%E3%82%A6%E3%83%AB%E3%83%88%E3%83%A9%E7%AB%8B%E7%9B%B4" dan="14,13,13,15" rate="1839.04,1861.28,1935.21,2015.72" sx="M,F,F,M"/><TAIKYOKU oya="0"/><BYE who="1" /><UN n1="%73%75%6F" /><INIT seed="0,0,0,1,3,28" ten="250,250,250,250" oya="0" hai0="94,131,77,72,133,30,135,42,1,34,122,14,12" hai1="130,68,24,59,129,90,22,78,64,93,79,69,45" hai2="26,57,2,117,4,31,80,19,18,8,51,40,21" hai3="47,13,127,39,32,29,100,111,98,85,37,20,113"/><T3/><D42/><U44/><E44/><V96/><F117/><W41/><G113/><T58/><D72/><U108/><E45/><V70/><F70/><N who="1" m="27241" /><E59/><V89/><F40/><W132/><G39/><T86/><D122/><U52/><E64/><V36/><F36/><W82/><G127/><T67/><D67/><U116/><E52/><V25/><F51/><W63/><G111/><T53/><D77/><U56/><E56/><V134/><F57/><W74/><G74/><T54/><D58/><U106/><E106/><V27/><F134/><W118/><G132/><T97/><D86/><N who="1" m="52439" /><E108/><V109/><F109/><W46/><G46/><T84/><D84/><U95/><E95/><V7/><F96/><W48/><G118/><T76/><D76/><U120/><E116/><V87/><F4/><W119/><G119/><T66/><D66/><U62/><E62/><V38/><F38/><W65/><G37/><T81/><D94/><U6/><E6/><V114/><F114/><W9/><G63/><T105/><D105/><U49/><E49/><V110/><F110/><W99/><G65/><T33/><D81/><U15/><E15/><V11/><F11/><W103/><G82/><T73/><D97/><U91/><E91/><V16/><AGARI ba="0,0" hai="2,7,8,16,18,19,21,25,26,27,31,80,87,89" machi="16" ten="30,2000,0" yaku="0,1,54,1" doraHai="28" who="2" fromWho="2" sc="250,-10,250,-5,250,20,250,-5" /><INIT seed="1,0,0,0,0,32" ten="240,245,270,245" oya="1" hai0="85,80,99,14,113,94,10,34,22,116,12,103,6" hai1="48,59,13,17,81,75,19,70,7,63,62,84,4" hai2="49,56,23,8,72,61,109,5,68,77,27,132,40" hai3="86,58,9,133,114,78,120,24,20,3,51,105,28"/><U101/><E101/><V87/><F68/><W35/><G105/><T38/><D38/><U95/><E70/><V135/><F72/><W123/><G114/><T79/><D113/><U0/><E75/><V130/><F109/><W118/><G118/><T41/><D116/><U31/><E31/><V93/><F130/><W47/><G133/><T26/><D34/><U128/><E128/><V2/><F49/><W82/><G58/><T21/><D41/><U129/><E129/><V115/><F115/><W16/><G35/><T91/><D21/><U111/><E0/><V39/><F40/><W37/><G37/><T102/><REACH who="0" step="1"/><D14/><REACH who="0" ten="230,245,270,245" step="2"/><U107/><E13/><V66/><F39/><W122/><G122/><T15/><D15/><U89/><E111/><V90/><REACH who="2" step="1"/><F77/><REACH who="2" ten="230,245,260,245" step="2"/><W57/><G78/><T55/><D55/><N who="1" m="32231" /><E7/><V71/><F71/><W112/><G112/><T67/><D67/><U45/><E4/><V97/><F97/><W64/><G64/><T42/><D42/><U11/><E45/><V54/><F54/><W104/><G47/><T69/><D69/><U106/><E11/><V127/><F127/><W92/><G9/><T100/><D100/><U65/><E65/><V33/><F33/><W98/><G120/><T74/><D74/><U126/><E126/><V96/><F96/><W18/><G123/><T30/><AGARI ba="0,2" hai="6,10,12,22,26,30,79,80,85,91,94,99,102,103" machi="30" ten="20,5200,0" yaku="1,1,0,1,7,1,8,1,53,0" doraHai="32" doraHaiUra="134" who="0" fromWho="0" sc="230,72,245,-26,260,-13,245,-13" /><INIT seed="2,0,0,5,1,19" ten="302,219,247,232" oya="2" hai0="35,46,38,83,12,82,18,92,120,22,75,17,118" hai1="53,133,86,130,70,33,85,56,32,25,71,61,49" hai2="98,87,36,106,107,108,88,41,57,14,122,45,76" hai3="115,44,119,112,9,113,100,0,30,4,20,134,58"/><V68/><F122/><W65/><G100/><T13/><D35/><U51/><E133/><V60/><F68/><N who="1" m="26153" /><E33/><V127/><F127/><W5/><G44/><T97/><D75/><U37/><E32/><V126/><F126/><W95/><G95/><T103/><D120/><U135/><E37/><V47/><F47/><W96/><G96/><T27/><D118/><U7/><E7/><V77/><F108/><W1/><G58/><T43/><D27/><U89/><E85/><V72/><F72/><W28/><G65/><T124/><D124/><U16/><E130/><V59/><F59/><W50/><G50/><T54/><D54/><U94/><E135/><V125/><F125/><W11/><G134/><T131/><D131/><U74/><E74/><V63/><F63/><W110/><G119/><T114/><D114/><U26/><E26/><V52/><F14/><W29/><G110/><T15/><D13/><U42/><E42/><V128/><F128/><W81/><G81/><T91/><D103/><U78/><E78/><V93/><REACH who="2" step="1"/><F98/><REACH who="2" ten="302,219,237,232" step="2"/><W116/><G116/><T102/><D15/><U121/><E121/><V31/><F31/><W80/><G80/><T69/><D17/><U8/><E25/><AGARI ba="0,1" hai="0,1,4,5,9,11,20,25,28,29,30,112,113,115" machi="25" ten="40,12000,2" yaku="9,1,11,1,34,3,52,1" doraHai="19" who="3" fromWho="1" sc="302,0,219,-120,237,0,232,130" /><INIT seed="3,0,0,5,5,66" ten="302,99,237,362" oya="3" hai0="114,93,90,99,48,58,125,108,83,29,126,113,5" hai1="44,68,111,43,72,120,3,42,61,26,60,70,134" hai2="30,4,95,80,97,45,1,78,20,33,41,34,39" hai3="98,77,59,53,86,96,27,132,121,67,88,127,16"/><W122/><G127/><N who="0" m="48651" /><D29/><U56/><E3/><V7/><F20/><N who="3" m="13703" /><G132/><T24/><D24/><U11/><E72/><V112/><F112/><N who="0" m="43114" /><D5/><U54/><E11/><V51/><F4/><W8/><G121/><T116/><D58/><N who="1" m="34903" /><E120/><V107/><F51/><W52/><G59/><T105/><D48/><N who="1" m="26647" /><E134/><V94/><F94/><W19/><G53/><T91/><D116/><U63/><E26/><V0/><F95/><W79/><G52/><T40/><D40/><U118/><E118/><V13/><F13/><N who="3" m="7591" /><G122/><T35/><D35/><U76/><E76/><N who="3" m="29258" /><G67/><T62/><D62/><N who="1" m="23563" /><E111/><V17/><F17/><W119/><G119/><T32/><D32/><N who="2" m="12394" /><F30/><W36/><G36/><T133/><D133/><U82/><E82/><AGARI ba="0,0" hai="82,86,88,96,98" m="29258,7591,13703" machi="82" ten="30,5800,0" yaku="8,1,54,2" doraHai="66" who="3" fromWho="1" sc="302,0,99,-58,237,0,362,58" owari="302,10.0,41,-46.0,237,-16.0,420,52.0" /></mjloggm>