<mjloggm ver="2.3"><GO type="97" lobby="0"/><UN n0="%E3%82%A6%E3%83%AB%E3%83%88%E3%83%A9%E7%AB%8B%E7%9B%B4" n1="%E3%83%99%E3%82%BF%E3%82%AA%E3%83%AA%E5%8D%81%E6%AE%B5" n2="%76%69%76%61" n3="%3C%62%72%3E" dan="14,13,15,16" rate="1906.79,1800.10,1994.35,1949.95" sx="M,F,F,M"/><TAIKYOKU oya="0"/><INIT seed="0,0,0,0,2,61" ten="250,250,250,250" oya="0" hai0="127,122,75,31,111,135,104,7,57,6,73,96,59" hai1="55,41,53,99,44,92,13,50,132,108,25,36,102" hai2="11,79,48,29,83,106,95,12,84,28,113,116,45" hai3="1,105,64,128,63,88,30,24,54,33,89,65,97"/><T86/><D122/><U35/><E108/><V101/><F113/><W51/><G1/><T109/><D31/><U85/><E132/><V19/><F106/><W76/><G128/><T134/><D86/><U77/><E13/><V3/><F116/><W21/><G76/><T78/><D96/><U38/><E38/><V2/><F2/><W69/><G65/><T98/><D98/><U119/><E119/><V16/><F3/><W100/><REACH who="3" step="1"/><G21/><REACH who="3" ten="250,250,250,240" step="2"/><T126/><D104/><N who="1" m="63583" /><E77/><AGARI ba="0,1" hai="6,7,57,59,73,75,77,78,109,111,126,127,134,135" machi="77" ten="25,2400,0" yaku="22,2" doraHai="61" who="0" fromWho="1" sc="250,34,250,-24,250,0,240,0" /><INIT seed="0,1,0,0,3,123" ten="284,226,250,240" oya="0" hai0="27,36,107,47,51,62,69,24,11,121,113,19,126" hai1="111,26,53,31,97,58,21,94,129,40,25,32,4" hai2="122,128,3,20,68,86,72,127,124,46,61,33,42" hai3="17,6,34,75,35,54,77,95,80,100,18,45,2"/><T5/><D121/><U102/><E129/><V23/><F33/><W106/><G95/><T60/><D113/><U132/><E132/><V92/><F72/><W55/><G55/><T63/><D107/><U43/><E4/><V22/><F3/><W99/><G17/><T30/><D126/><N who="2" m="48170" /><F122/><W48/><REACH who="3" step="1"/><G18/><REACH who="3" ten="284,226,250,230" step="2"/><T82/><D19/><U105/><E105/><V114/><F114/><W98/><G98/><T39/><D27/><U59/><E111/><V109/><F109/><W29/><G29/><T65/><D24/><U134/><E134/><V71/><F128/><W91/><G91/><T116/><D30/><U15/><E15/><V57/><F92/><W74/><G74/><T117/><D117/><U81/><E81/><V85/><F85/><W83/><G83/><T101/><D82/><U88/><E102/><V112/><F86/><W1/><G1/><T130/><D116/><U110/><E110/><V14/><F14/><W28/><G28/><T96/><D130/><U9/><E94/><V79/><F112/><W131/><G131/><T12/><D96/><U104/><E97/><V78/><F78/><W0/><G0/><T49/><D101/><U133/><E53/><N who="2" m="33967" /><F79/><W120/><G120/><T13/><D13/><U115/><E133/><V7/><F7/><W73/><G73/><T108/><D108/><U10/><E115/><V41/><F41/><W103/><G103/><T84/><D84/><U70/><E104/><V44/><F42/><W93/><G93/><T64/><D12/><U135/><E40/><V90/><F90/><W37/><G37/><T16/><D39/><RYUUKYOKU ba="1,1" sc="284,-15,226,-15,250,15,230,15" hai2="20,22,23,44,46,68,71" hai3="2,6,34,35,45,48,54,75,77,80,99,100,106" /><INIT seed="1,2,1,1,5,26" ten="269,211,265,245" oya="1" hai0="16,33,57,124,44,49,79,41,119,131,50,108,128" hai1="88,23,0,102,106,62,133,74,35,120,91,130,75" hai2="56,40,83,38,7,4,37,65,82,76,87,100,116" hai3="2,122,105,111,29,127,14,70,97,72,10,89,48"/><U98/><E35/><V61/><F116/><W51/><G89/><N who="1" m="34378" /><E0/><V109/><F100/><W73/><G14/><T126/><D119/><U3/><E3/><V30/><F109/><W117/><G10/><T18/><D33/><U95/><E23/><V94/><F94/><W68/><G97/><T135/><D79/><U47/><E47/><V107/><F107/><W32/><G2/><T77/><D77/><U69/><E62/><V93/><F93/><W66/><G105/><T55/><D108/><U21/><E21/><V71/><F83/><W92/><G92/><T58/><D135/><U80/><E69/><V118/><F118/><W53/><G68/><T114/><D114/><U134/><E120/><V8/><F40/><W101/><G70/><T15/><D57/><U121/><E121/><V28/><F71/><W12/><G32/><T9/><REACH who="0" step="1"/><D18/><REACH who="0" ten="259,211,265,245" step="2"/><U6/><E6/><V81/><F4/><W103/><G122/><T39/><D39/><U90/><E130/><AGARI ba="2,2" hai="9,15,16,41,44,49,50,55,58,124,126,128,130,131" machi="130" ten="40,5200,0" yaku="1,1,19,1,54,1,53,0" doraHai="26" doraHaiUra="60" who="0" fromWho="1" sc="259,78,211,-58,265,0,245,0" /><INIT seed="2,0,0,1,2,113" ten="337,153,265,245" oya="2" hai0="129,115,13,84,74,94,92,121,14,87,67,98,25" hai1="131,86,73,1,60,47,37,10,30,135,82,79,32" hai2="27,20,6,36,102,110,126,22,125,96,65,17,106" hai3="134,95,62,112,16,109,132,122,34,4,63,11,75"/><V43/><F6/><W23/><G112/><T35/><D115/><U38/><E86/><V114/><F114/><W123/><G34/><T45/><D74/><U8/><E8/><V85/><F65/><W111/><G75/><T54/><D121/><N who="3" m="46089" /><G95/><T61/><D129/><U33/><E131/><V9/><F9/><W48/><G48/><T130/><D130/><U56/><E56/><V40/><F110/><N who="3" m="41995" /><G62/><T133/><D133/><U31/><E31/><V58/><F58/><W66/><G63/><T88/><D35/><U72/><E72/><V2/><F2/><N who="3" m="407" /><G66/><T55/><D67/><U12/><E12/><AGARI ba="0,0" hai="12,16,23,132,134" m="407,41995,46089" machi="12" ten="30,7700,0" yaku="14,1,34,2,54,1" doraHai="113" who="3" fromWho="1" sc="337,0,153,-77,265,0,245,77" /><INIT seed="3,0,0,4,1,67" ten="337,76,265,322" oya="3" hai0="65,87,20,104,106,85,117,77,24,98,19,75,4" hai1="99,3,33,134,36,37,121,12,132,122,30,105,10" hai2="52,21,74,62,90,100,38,23,103,70,72,6,97" hai3="61,91,16,92,64,25,31,66,28,119,8,26,5"/><W9/><G119/><T112/><D117/><U2/><E12/><V123/><F38/><W83/><G83/><T124/><D112/><U107/><E10/><V60/><F123/><W111/><G111/><T76/><D124/><U59/><E30/><V46/><F6/><W27/><G16/><T1/><D1/><U51/><E59/><V40/><F90/><W34/><G34/><T101/><D4/><U131/><E51/><V63/><F40/><W18/><G18/><T96/><D65/><N who="3" m="25193" /><G61/><T14/><D14/><U120/><E99/><V35/><F35/><W79/><G79/><T71/><D71/><U73/><E120/><V80/><F70/><W135/><G135/><T86/><D75/><U89/><E89/><V110/><F110/><W43/><G43/><T13/><D13/><U69/><E33/><V95/><F103/><AGARI ba="0,0" hai="19,20,24,76,77,85,86,87,96,98,101,103,104,106" machi="103" ten="40,1300,0" yaku="9,1" doraHai="67" who="0" fromWho="2" sc="337,13,76,0,265,-13,322,0" owari="350,45.0,76,-42.0,252,-15.0,322,12.0" /></mjloggm>