<mjloggm ver="2.3"><GO type="97" lobby="0"/><UN n0="%EF%BC%A0%E3%81%8F%E3%81%AC%E3%81%8E" n1="%E3%82%A6%E3%83%AB%E3%83%88%E3%83%A9%E7%AB%8B%E7%9B%B4" n2="%E3%82%B6%E3%82%AC%E3%83%AD" n3="%72%69%63%65%5F%31%32" dan="13,15,13,13" rate="1850.00,1981.02,1920.76,1867.27" sx="M,M,M,M"/><TAIKYOKU oya="0"/><INIT seed="0,0,0,4,5,51" ten="250,250,250,250" oya="0" hai0="104,72,23,117,132,49,35,46,116,89,19,44,29" hai1="102,16,97,3,0,41,47,34,83,6,75,28,68" hai2="53,36,66,7,101,93,57,61,10,103,127,131,15" hai3="79,5,52,64,31,115,114,95,30,54,22,37,63"/><T40/><D104/><U110/><E68/><V105/><F105/><W67/><G37/><T8/><D132/><U45/><E45/><V113/><F113/><W13/><G79/><T109/><D72/><U32/><E110/><V126/><F36/><W94/><G22/><T81/><D109/><U9/><E3/><V90/><F131/><W14/><G63/><T84/><D8/><U133/><E28/><V71/><F71/><W27/><G27/><T42/><D29/><U78/><E16/><V70/><F70/><W73/><G73/><T60/><D35/><U118/><E118/><V128/><F66/><W38/><G38/><T43/><D60/><U65/><E65/><V82/><F82/><W17/><G17/><T122/><D122/><U21/><E21/><V99/><REACH who="2" step="1"/><F128/><REACH who="2" ten="250,250,240,250" step="2"/><W50/><G50/><T20/><D116/><U11/><E133/><V1/><F1/><W111/><G111/><T18/><D117/><U123/><E123/><V4/><F4/><AGARI ba="0,1" hai="4,5,13,14,30,31,52,54,64,67,94,95,114,115" machi="4" ten="25,8000,1" yaku="22,2,52,2,54,1" doraHai="51" who="3" fromWho="2" sc="250,0,250,0,240,-80,250,90" /><INIT seed="1,0,0,3,0,100" ten="250,250,160,340" oya="1" hai0="69,7,33,19,36,81,88,128,8,45,48,74,62" hai1="110,108,6,103,50,75,41,39,59,42,20,106,134" hai2="24,32,17,118,102,10,99,123,16,120,37,1,112" hai3="56,57,121,27,77,21,35,31,0,131,22,104,85"/><U79/><E6/><V26/><F37/><W49/><G121/><T29/><D128/><U12/><E39/><V98/><F118/><W132/><G0/><T58/><D69/><U97/><E134/><V68/><F68/><W122/><G122/><T11/><D11/><U55/><E79/><V96/><F112/><W89/><G131/><T14/><D36/><U38/><E75/><V87/><F102/><W130/><G130/><T43/><D29/><U105/><E105/><V5/><F87/><W76/><G132/><T64/><D33/><U65/><E65/><V86/><F86/><W72/><G104/><T125/><D125/><U60/><E60/><V90/><F90/><W44/><G72/><T101/><D101/><U9/><E38/><V63/><F63/><W129/><G129/><T83/><D74/><U93/><E93/><V80/><F80/><W114/><G114/><T46/><D46/><U113/><E20/><V116/><F116/><W53/><G35/><T23/><REACH who="0" step="1"/><D88/><REACH who="0" ten="240,250,160,340" step="2"/><U25/><E113/><V30/><REACH who="2" step="1"/><F17/><REACH who="2" ten="240,250,150,340" step="2"/><W109/><G89/><T133/><D133/><U2/><E103/><V13/><F13/><AGARI ba="0,2" hai="7,8,13,14,19,23,43,45,48,58,62,64,81,83" machi="13" ten="30,3900,0" yaku="1,1,7,1,8,1,53,0" doraHai="100" doraHaiUra="84" who="0" fromWho="2" sc="240,59,250,0,150,-39,340,0" /><INIT seed="2,0,0,0,2,103" ten="299,250,111,340" oya="2" hai0="11,19,25,129,79,31,39,53,5,130,6,54,16" hai1="50,128,66,97,41,43,72,8,9,21,38,17,33" hai2="126,125,22,46,30,109,44,104,84,88,56,85,23" hai3="27,127,64,67,115,121,52,0,10,99,114,89,70"/><V116/><F116/><W122/><G127/><N who="2" m="48649" /><F109/><W118/><G118/><T4/><D39/><U133/><E33/><V76/><F76/><W94/><G27/><T47/><D79/><U100/><E72/><V96/><F56/><W134/><G134/><T131/><D11/><U48/><E38/><V110/><F110/><W81/><G81/><T80/><D80/><U112/><E133/><V29/><F96/><W123/><G70/><T120/><D120/><U59/><E112/><N who="3" m="43050" /><G52/><N who="0" m="20075" /><D47/><N who="2" m="17962" /><F104/><W86/><G99/><T102/><D102/><U82/><E59/><V106/><F106/><W113/><G113/><T107/><D107/><U69/><E100/><V90/><F84/><W32/><G32/><AGARI ba="0,0" hai="4,5,6,16,19,25,31,32,129,130,131" m="20075" machi="32" ten="40,5200,0" yaku="19,1,54,2" doraHai="103" who="0" fromWho="3" sc="299,52,250,0,111,0,340,-52" /><INIT seed="3,0,0,2,4,39" ten="351,250,111,288" oya="3" hai0="26,80,53,94,81,89,8,3,15,56,6,44,12" hai1="133,108,123,29,114,14,120,5,77,57,52,70,30" hai2="67,61,86,35,34,127,1,11,32,132,27,47,96" hai3="106,48,24,63,40,23,115,50,91,31,128,28,2"/><W117/><G115/><T20/><D3/><U111/><E70/><V82/><F132/><W60/><G117/><T78/><D78/><U54/><E114/><V113/><F113/><W126/><G106/><T42/><D15/><U19/><E5/><V38/><F127/><W90/><G2/><T68/><D68/><U7/><E7/><V79/><F96/><W76/><G126/><T75/><D75/><U73/><E77/><V25/><F1/><W135/><G135/><T0/><D0/><U93/><E93/><V125/><F125/><W134/><G134/><T124/><D42/><U58/><E133/><V129/><F11/><W21/><G76/><T74/><D44/><U100/><E100/><V105/><F105/><W102/><G102/><T131/><D74/><U55/><E73/><V118/><F129/><W116/><G116/><T45/><D45/><U107/><E107/><V17/><F118/><W122/><G122/><N who="1" m="46634" /><E19/><V88/><F79/><W4/><G4/><T43/><D43/><U92/><E92/><V130/><F130/><W112/><G128/><T84/><D124/><U16/><E16/><V41/><REACH who="2" step="1"/><F17/><REACH who="2" ten="351,250,101,288" step="2"/><W121/><G112/><T9/><D9/><U98/><E98/><V64/><F64/><W33/><G121/><T10/><D10/><U46/><E111/><V13/><F13/><W103/><G28/><N who="0" m="17479" /><D131/><U36/><E14/><V66/><F66/><W83/><G31/><N who="1" m="11786" /><E108/><V110/><F110/><W65/><G65/><T37/><D37/><U22/><E22/><V85/><F85/><W109/><G21/><T99/><D84/><U104/><E104/><RYUUKYOKU ba="0,1" sc="351,10,250,10,101,10,288,-30" hai0="6,8,12,53,56,80,81,89,94,99" hai1="36,46,52,54,55,57,58" hai2="25,27,32,34,35,38,41,47,61,67,82,86,88" owari="371,47.0,260,6.0,111,-39.0,258,-14.0" /></mjloggm>