<mjloggm ver="2.3"><GO type="97" lobby="0"/><UN n0="%68%6F%67%65%74%61" n1="%E3%82%A6%E3%83%AB%E3%83%88%E3%83%A9%E7%AB%8B%E7%9B%B4" n2="%E5%A1%A9%E3%82%B5%E3%83%90" n3="%64%61%69%6B%69%74%69" dan="13,15,14,15" rate="1862.34,2026.90,1963.88,2041.03" sx="M,M,M,M"/><TAIKYOKU oya="0"/><INIT seed="0,0,0,3,4,121" ten="250,250,250,250" oya="0" hai0="101,59,106,67,77,112,62,35,8,19,13,126,21" hai1="99,133,73,70,72,2,103,132,39,27,94,45,68" hai2="26,37,118,92,16,65,42,58,57,4,89,83,31" hai3="74,15,79,76,48,130,100,33,122,29,113,41,69"/><T91/><D112/><U82/><E2/><V9/><F118/><W7/><G113/><T5/><D35/><U98/><E27/><V129/><F129/><W90/><G130/><T54/><D126/><U128/><E98/><V115/><F115/><W88/><G122/><T78/><D106/><U86/><E128/><V111/><F111/><W20/><G69/><T80/><D101/><U96/><E96/><V125/><F125/><W97/><G33/><T14/><D67/><U46/><E70/><V22/><F42/><W51/><G74/><T49/><D62/><U11/><E11/><V64/><F83/><W17/><G29/><T134/><D134/><N who="1" m="51819" /><E68/><V93/><F37/><W53/><G7/><T124/><D124/><U105/><E105/><V47/><F47/><N who="1" m="17929" /><E39/><V50/><F4/><W108/><G108/><T24/><D24/><U23/><E23/><V120/><F120/><W84/><G41/><T63/><D63/><U116/><E116/><V0/><F0/><W6/><G6/><T38/><D38/><U75/><E75/><V34/><F34/><W25/><G25/><T135/><D135/><U114/><E114/><V56/><F50/><N who="3" m="18987" /><G53/><T61/><D61/><U85/><E85/><AGARI ba="0,0" hai="5,8,13,14,19,21,49,54,59,77,78,80,85,91" machi="85" ten="40,2000,0" yaku="8,1" doraHai="121" who="0" fromWho="1" sc="250,20,250,-20,250,0,250,0" /><INIT seed="0,1,0,2,5,102" ten="270,230,250,250" oya="0" hai0="58,132,45,69,127,4,112,48,64,80,79,91,130" hai1="54,49,42,71,119,40,12,78,95,111,131,56,11" hai2="63,31,87,59,19,93,43,86,70,109,126,9,124" hai3="41,25,134,66,23,76,133,44,32,53,96,81,15"/><T46/><D112/><U67/><E131/><V24/><F70/><W18/><G66/><T14/><D130/><U60/><E111/><V33/><F109/><W100/><G53/><T118/><D118/><U83/><E95/><V82/><F43/><W122/><G122/><T21/><D69/><U27/><E27/><V108/><F108/><W68/><G68/><T116/><D116/><U6/><REACH who="1" step="1"/><E119/><REACH who="1" ten="270,220,250,250" step="2"/><V90/><F19/><W117/><G117/><T34/><D4/><U89/><E89/><V5/><F124/><W37/><G25/><T8/><D127/><U55/><E55/><V38/><F38/><W39/><G39/><T103/><D91/><U106/><E106/><V113/><F113/><W52/><G52/><T92/><D92/><U73/><AGARI ba="1,1" hai="6,11,12,40,42,49,54,56,60,67,71,73,78,83" machi="73" ten="20,5200,0" yaku="1,1,0,1,7,1,53,1" doraHai="102" doraHaiUra="75" who="1" fromWho="1" sc="270,-27,220,65,250,-14,250,-14" /><INIT seed="1,0,0,0,4,99" ten="243,285,236,236" oya="1" hai0="12,92,59,87,19,84,14,82,67,129,88,3,51" hai1="50,109,69,80,47,120,52,10,78,26,106,21,90" hai2="95,62,97,55,133,111,43,27,108,116,36,110,91" hai3="16,61,33,35,23,64,65,31,18,68,94,11,25"/><U104/><E120/><V54/><F116/><W20/><G64/><T70/><D3/><U103/><E109/><V1/><F1/><W40/><G40/><T98/><D70/><U4/><E69/><V134/><F27/><W17/><G11/><T135/><D135/><N who="2" m="51722" /><F62/><W44/><G44/><AGARI ba="0,0" hai="36,43,44,54,55,91,95,97,108,110,111" m="51722" machi="44" ten="40,2600,0" yaku="14,1,20,1" doraHai="99" who="2" fromWho="3" sc="243,0,285,0,236,26,236,-26" /><INIT seed="2,0,0,2,0,96" ten="243,285,262,210" oya="2" hai0="9,101,122,47,87,33,38,14,93,15,26,130,57" hai1="95,89,23,70,54,42,61,109,85,126,110,115,73" hai2="63,82,128,97,51,81,24,27,80,83,88,49,90" hai3="134,46,50,133,106,7,20,91,117,98,102,53,132"/><V34/><F34/><W79/><G117/><T86/><D122/><U36/><E73/><V121/><F121/><W2/><G79/><T118/><D118/><U19/><E115/><V16/><F128/><W64/><G64/><T35/><D38/><U0/><E0/><V59/><N who="2" m="20992" /><DORA hai="3" /><V58/><F97/><W119/><G119/><T17/><D35/><U12/><E126/><V124/><F124/><W56/><G20/><T1/><D1/><U76/><E76/><V65/><F27/><W29/><G29/><T8/><D33/><U44/><E70/><V129/><F129/><W84/><G46/><T116/><D47/><U25/><E25/><V11/><F11/><W100/><G100/><T45/><D45/><U105/><E105/><V92/><F92/><W66/><G66/><T5/><D26/><U72/><E72/><V18/><F18/><W120/><G120/><T125/><D125/><U40/><E40/><V112/><F112/><W43/><G43/><T32/><D32/><U71/><E71/><V48/><REACH who="2" step="1"/><F58/><REACH who="2" ten="243,285,252,210" step="2"/><W114/><G114/><T94/><D130/><U52/><E19/><V21/><AGARI ba="0,1" hai="16,21,24,48,49,51,59,63,65,88,90" m="20992" machi="21" ten="50,18000,2" yaku="1,1,2,1,0,1,8,1,54,2,53,0" doraHai="96,3" doraHaiUra="107,30" who="2" fromWho="2" sc="243,-60,285,-60,252,190,210,-60" /><INIT seed="2,1,0,1,3,113" ten="183,225,442,150" oya="2" hai0="82,94,54,27,69,31,101,111,25,133,67,0,51" hai1="81,119,91,97,71,22,46,130,124,102,74,8,11" hai2="92,95,65,32,37,64,56,135,36,123,7,104,44" hai3="19,84,15,105,90,78,76,132,9,6,103,75,40"/><V39/><F123/><W107/><G132/><T77/><D0/><U60/><E119/><V5/><F104/><W83/><G76/><T108/><D133/><U96/><E124/><V126/><F32/><W79/><G79/><T116/><D116/><U128/><E22/><V134/><F126/><W42/><G105/><T131/><D131/><N who="1" m="50219" /><E46/><V122/><F122/><W66/><G66/><N who="2" m="25705" /><F56/><W34/><G34/><T23/><D69/><U16/><E60/><V121/><F44/><W70/><G70/><T110/><D67/><U118/><E71/><V13/><F13/><W89/><G89/><T109/><D108/><U35/><E35/><V1/><F1/><W62/><G62/><T43/><D43/><U24/><E118/><V125/><F125/><W112/><G112/><T80/><D77/><N who="1" m="44215" /><E91/><V88/><F88/><W120/><G120/><T21/><D94/><N who="2" m="35882" /><F121/><W20/><G103/><T18/><REACH who="0" step="1"/><D101/><REACH who="0" ten="173,225,442,150" step="2"/><U115/><E115/><V4/><AGARI ba="1,1" hai="4,5,7,36,37,39,134,135" m="35882,25705" machi="4" ten="40,3900,0" yaku="28,2" doraHai="113" who="2" fromWho="2" sc="173,-14,225,-14,442,52,150,-14" /><INIT seed="2,2,0,5,3,73" ten="159,211,494,136" oya="2" hai0="68,107,9,52,14,90,120,117,102,99,83,22,75" hai1="61,121,78,43,17,20,28,35,125,2,80,45,55" hai2="106,91,30,12,59,130,76,74,26,38,70,44,128" hai3="42,51,16,82,18,114,115,57,100,0,135,36,112"/><V109/><F70/><W122/><G122/><T41/><D68/><U71/><E125/><V84/><F106/><W88/><G135/><T101/><D120/><U85/><E2/><V3/><F3/><W133/><G133/><T7/><D117/><U89/><E28/><V118/><F118/><W119/><G119/><T58/><D41/><U103/><E35/><V72/><F12/><W134/><G134/><T81/><D102/><U113/><E113/><V5/><F5/><W21/><G0/><T132/><D132/><U6/><E6/><V116/><F109/><W33/><G33/><T19/><D75/><U53/><E103/><V32/><F72/><W50/><G100/><T104/><D107/><U77/><E121/><V108/><F108/><W56/><G36/><T13/><REACH who="0" step="1"/><D90/><REACH who="0" ten="149,211,494,136" step="2"/><U110/><E110/><V97/><F116/><W10/><G10/><T69/><D69/><U60/><E71/><V25/><F74/><W63/><G42/><T39/><D39/><U47/><E43/><V131/><F38/><W129/><G129/><T62/><AGARI ba="2,1" hai="7,9,13,14,19,22,52,58,62,81,83,99,101,104" machi="62" ten="20,8000,1" yaku="1,1,0,1,7,1,54,1,53,1" doraHai="73" doraHaiUra="93" who="0" fromWho="0" sc="149,96,211,-22,494,-42,136,-22" /><INIT seed="3,0,0,4,1,49" ten="245,189,452,114" oya="3" hai0="125,97,91,71,79,104,5,120,129,7,100,47,133" hai1="118,95,98,48,76,31,8,9,78,134,16,38,54" hai2="135,60,115,57,69,116,89,52,41,11,25,58,56" hai3="65,92,1,103,6,90,22,128,112,40,124,20,35"/><W36/><G112/><T53/><D120/><U19/><E38/><V123/><F116/><W50/><G124/><T46/><D71/><U121/><E31/><V132/><F115/><W44/><G128/><T12/><D129/><U33/><E33/><V13/><F25/><W26/><G103/><T39/><D79/><N who="1" m="30251" /><E121/><V21/><F21/><W107/><G107/><T62/><D39/><U10/><E134/><N who="2" m="51243" /><F41/><W4/><G65/><T113/><D133/><U81/><E81/><V83/><F69/><W55/><G35/><T75/><D75/><U74/><E74/><V127/><F127/><W70/><G70/><T15/><D125/><U34/><E34/><V2/><F2/><W99/><G1/><T29/><D29/><U131/><E131/><V66/><F66/><W122/><G20/><T18/><D15/><U67/><E67/><V77/><F89/><W63/><G122/><T110/><D91/><N who="1" m="55679" /><E118/><V45/><F45/><AGARI ba="0,0" hai="8,9,10,16,19,45,48,54" m="55679,30251" machi="45" ten="30,3900,0" yaku="8,1,52,1,54,1" doraHai="49" who="1" fromWho="2" sc="245,0,189,39,452,-39,114,0" owari="245,5.0,228,-17.0,413,51.0,114,-39.0" /></mjloggm>