<mjloggm ver="2.3"><GO type="41" lobby="0"/><UN n0="%E3%82%B4%E3%83%83%E3%83%89%E3%83%90%E3%83%BC%E3%83%89" n1="%E6%88%A6%E5%9B%BD%E4%BE%8D%E3%81%A7%E3%81%99%E3%80%82" n2="%E9%AF%89%E5%BF%83" n3="%E3%82%A6%E3%83%AB%E3%83%88%E3%83%A9%E7%AB%8B%E7%9B%B4" dan="16,13,16,15" rate="2002.34,1975.75,2101.98,1987.67" sx="M,M,M,M"/><TAIKYOKU oya="0"/><INIT seed="0,0,0,5,4,63" ten="250,250,250,250" oya="0" hai0="73,130,87,80,69,60,124,25,17,89,52,135,16" hai1="111,96,64,79,102,110,23,86,40,37,67,8,90" hai2="12,62,30,105,18,75,71,112,132,82,4,21,123" hai3="36,91,49,24,56,9,120,103,43,61,19,83,68"/><T128/><D135/><U127/><E79/><V57/><F105/><W70/><G103/><T116/><D116/><U39/><E23/><V66/><F112/><W104/><G104/><T20/><D73/><U78/><E78/><V14/><F123/><W99/><G120/><T119/><D119/><U55/><E55/><V42/><F132/><W101/><G101/><T48/><D124/><U5/><E96/><V126/><F126/><W0/><G36/><N who="1" m="13898" /><E102/><V115/><F115/><W58/><G9/><T26/><D26/><U2/><E40/><V27/><F42/><W35/><G0/><T54/><D17/><U1/><E1/><V65/><F75/><W29/><G19/><T85/><D85/><U108/><E127/><V45/><F45/><W97/><G97/><T44/><REACH who="0" step="1"/><D54/><REACH who="0" ten="240,250,250,250" step="2"/><U74/><E74/><V88/><F18/><W113/><G24/><T76/><D76/><U84/><E84/><V59/><F27/><W94/><G113/><T53/><D53/><U106/><E106/><V41/><F41/><W32/><G43/><T13/><D13/><U31/><E31/><V121/><F12/><W129/><G29/><T109/><D109/><U93/><AGARI ba="0,1" hai="2,5,8,64,67,86,90,93,108,110,111" m="13898" machi="93" ten="40,5200,0" yaku="14,1,52,2" doraHai="63" who="1" fromWho="1" sc="240,-26,250,62,250,-13,250,-13" /><INIT seed="1,0,0,4,5,13" ten="214,312,237,237" oya="1" hai0="87,32,133,40,101,15,0,118,100,63,88,31,91" hai1="131,4,83,22,86,96,132,59,20,18,90,85,64" hai2="44,92,68,124,113,47,66,2,73,126,6,108,134" hai3="115,8,23,102,135,35,79,117,94,72,81,10,29"/><U14/><E131/><V51/><F73/><W120/><G115/><T50/><D0/><U80/><E132/><V77/><F77/><W122/><G135/><T12/><D118/><U1/><E1/><V56/><F6/><W53/><G117/><T52/><D32/><U57/><E96/><V17/><F2/><W24/><G120/><T97/><D31/><U62/><E4/><V103/><F134/><W95/><G122/><T107/><D133/><U67/><E20/><V38/><F38/><W78/><G78/><T70/><D40/><U33/><E33/><V60/><F113/><W74/><G74/><T123/><D123/><U49/><E49/><V111/><F103/><N who="0" m="39498" /><D63/><U129/><E129/><V93/><F92/><W9/><G102/><T82/><D70/><U34/><E34/><V43/><F93/><W61/><G35/><T114/><D107/><U109/><E109/><N who="2" m="42059" /><F44/><W58/><AGARI ba="0,0" hai="8,9,10,23,24,29,53,58,61,72,79,81,94,95" machi="58" ten="30,1100,0" yaku="0,1" doraHai="13" who="3" fromWho="3" sc="214,-3,312,-5,237,-3,237,11" /><INIT seed="2,0,0,4,1,37" ten="211,307,234,248" oya="2" hai0="29,0,46,47,30,115,55,95,19,7,74,22,80" hai1="131,83,133,117,98,121,14,125,5,33,82,113,76" hai2="62,85,12,50,38,20,1,61,39,100,48,75,128" hai3="126,58,90,66,57,70,45,102,130,88,110,8,17"/><V54/><F75/><W13/><G126/><T18/><D115/><U32/><E113/><V132/><F1/><W73/><G73/><T119/><D119/><U10/><E117/><V64/><F100/><W118/><G118/><T56/><D7/><U44/><E125/><V43/><F85/><W26/><G130/><T122/><D0/><U16/><E131/><V89/><F89/><W101/><G70/><T135/><D122/><U92/><E83/><V105/><F20/><W93/><G110/><T109/><D109/><U52/><E5/><V134/><F12/><W108/><G108/><T87/><D74/><U11/><E11/><V15/><F15/><W53/><G26/><N who="0" m="14679" /><D19/><U6/><E6/><V60/><F105/><W114/><G114/><T35/><D95/><U63/><E133/><N who="2" m="51307" /><F128/><W34/><G34/><T77/><D35/><U28/><E28/><N who="0" m="10857" /><D135/><U4/><E4/><V107/><F107/><W124/><G124/><T49/><AGARI ba="0,0" hai="46,47,49,55,56,77,80,87" m="10857,14679" machi="49" ten="30,1100,0" yaku="8,1" doraHai="37" who="0" fromWho="0" sc="211,11,307,-3,234,-5,248,-3" /><INIT seed="3,0,0,4,3,127" ten="222,304,229,245" oya="3" hai0="17,21,66,108,31,88,106,14,0,113,114,84,102" hai1="35,64,23,134,5,2,79,86,115,135,87,118,91" hai2="70,81,103,109,13,54,72,41,92,6,29,20,39" hai3="56,125,130,57,111,61,34,27,107,16,48,96,53"/><W65/><G125/><T28/><D0/><U97/><E35/><V52/><F70/><W89/><G111/><T44/><D66/><U116/><E64/><V110/><F39/><W99/><G107/><T12/><D12/><U8/><E115/><N who="0" m="44041" /><D44/><U7/><E23/><V19/><F41/><W69/><G69/><T132/><D108/><N who="2" m="41578" /><F72/><W50/><G34/><T3/><D3/><U123/><E5/><V129/><F81/><W47/><G89/><T131/><D132/><N who="1" m="50731" /><E123/><V9/><F29/><N who="0" m="11338" /><D102/><U67/><E67/><V71/><F71/><W90/><G90/><T40/><D40/><U15/><E2/><V37/><F37/><W49/><G130/><T68/><D106/><U55/><E55/><V26/><F129/><W101/><G101/><T18/><D18/><U58/><E58/><V85/><F85/><N who="1" m="32265" /><E79/><V33/><F33/><W46/><G50/><T24/><D68/><U51/><E51/><V80/><F80/><W38/><G38/><T117/><D131/><U59/><E59/><V45/><F45/><W133/><G133/><T62/><D62/><U121/><E121/><V78/><F78/><W126/><G126/><T63/><D63/><U32/><E32/><V36/><F36/><W22/><REACH who="3" step="1"/><G56/><REACH who="3" ten="222,304,229,235" step="2"/><T75/><D75/><U95/><AGARI ba="0,1" hai="7,8,15,91,95,97,116,118" m="32265,50731" machi="95" ten="40,1500,0" yaku="20,1" doraHai="127" who="1" fromWho="1" sc="222,-4,304,25,229,-4,235,-7" /><INIT seed="4,0,0,5,2,55" ten="218,329,225,228" oya="0" hai0="9,96,83,107,39,81,3,66,88,34,11,100,58" hai1="8,20,41,53,72,40,1,114,86,46,99,65,12" hai2="28,87,91,54,35,85,16,67,38,24,56,37,106" hai3="129,6,90,84,63,25,21,127,70,131,31,57,126"/><T113/><D39/><U95/><E72/><V59/><F106/><W62/><G6/><T0/><D34/><U98/><E65/><V5/><F5/><W36/><G36/><T27/><D3/><U30/><E1/><V101/><F101/><W80/><G63/><N who="0" m="38263" /><D0/><U121/><E121/><V64/><F87/><W92/><G70/><T120/><D107/><U18/><E114/><V109/><F109/><W124/><REACH who="3" step="1"/><G80/><REACH who="3" ten="218,329,225,218" step="2"/><N who="0" m="30795" /><D120/><U116/><E116/><V7/><F38/><W103/><G103/><T73/><D100/><U49/><E86/><V119/><F85/><W32/><G32/><T52/><D73/><U130/><E130/><V74/><F74/><W89/><G89/><T71/><D71/><U42/><E95/><V76/><F119/><W69/><G69/><T118/><D118/><U45/><E98/><V47/><F37/><W26/><G26/><T61/><D27/><N who="1" m="16743" /><E99/><V82/><F24/><W19/><G19/><T44/><D113/><U50/><AGARI ba="0,1" hai="8,12,18,40,41,42,45,46,49,50,53" m="16743" machi="50" ten="30,1100,0" yaku="8,1" doraHai="55" who="1" fromWho="1" sc="218,-5,329,21,225,-3,218,-3" /><INIT seed="5,0,0,2,5,34" ten="213,350,222,215" oya="1" hai0="45,70,14,3,49,63,38,87,91,119,73,52,133" hai1="28,46,55,41,113,132,96,37,16,69,42,40,43" hai2="77,31,106,115,25,89,101,103,21,99,97,117,65" hai3="13,39,22,12,30,123,18,104,54,110,116,6,51"/><U128/><E28/><V36/><F117/><W108/><G104/><T118/><D73/><U17/><E69/><V127/><F36/><W131/><G39/><T71/><D71/><U112/><E128/><V120/><F120/><W5/><G54/><T102/><D102/><U23/><E132/><V64/><F127/><W90/><G51/><T124/><D14/><U20/><E55/><V122/><F122/><W84/><G90/><T10/><D133/><U92/><E20/><V79/><F115/><N who="1" m="44105" /><E23/><V105/><REACH who="2" step="1"/><F89/><AGARI ba="0,0" hai="16,17,37,40,41,42,43,46,89,92,96" m="44105" machi="89" ten="30,2900,0" yaku="15,1,54,1" doraHai="34" who="1" fromWho="2" sc="213,0,350,29,222,-29,215,0" /><INIT seed="5,1,0,0,0,78" ten="213,379,193,215" oya="1" hai0="13,69,2,71,53,95,127,15,103,16,33,126,86" hai1="6,121,24,105,123,115,84,42,37,65,66,118,18" hai2="107,20,54,133,135,97,11,51,14,125,131,113,88" hai3="93,122,48,72,61,73,117,38,28,19,12,111,110"/><U67/><E118/><V31/><F125/><N who="0" m="47626" /><D2/><U1/><E105/><V128/><F113/><W21/><G38/><T83/><D33/><U10/><E115/><V27/><F107/><W109/><G117/><T87/><D13/><U82/><E42/><V23/><F23/><W64/><G122/><T89/><D53/><U49/><E49/><V62/><F62/><W35/><G35/><T5/><D5/><U108/><E37/><V59/><F97/><W99/><G28/><T101/><D87/><U4/><E4/><V114/><F114/><W76/><G48/><T92/><D92/><U45/><E45/><V56/><F56/><W0/><G0/><T17/><D17/><U68/><E68/><N who="0" m="26185" /><D95/><U7/><E7/><N who="2" m="3455" /><F88/><W22/><G22/><AGARI ba="1,0" hai="15,16,22,83,86,89,101,103" m="26185,47626" machi="22" ten="30,3900,0" yaku="18,1,52,1,54,1" doraHai="78" who="0" fromWho="3" sc="213,42,379,0,193,0,215,-42" /><INIT seed="6,0,0,3,1,129" ten="255,379,193,173" oya="2" hai0="13,8,1,0,74,83,116,32,47,39,54,33,50" hai1="127,46,41,92,55,59,67,80,40,75,107,120,35" hai2="51,27,45,22,44,81,5,58,106,24,126,26,110" hai3="112,89,57,124,60,103,16,48,113,95,98,78,117"/><V36/><F106/><W108/><G117/><T68/><D68/><U100/><E107/><V123/><F123/><W84/><G108/><T104/><D104/><U18/><E35/><V85/><F126/><W25/><G48/><T11/><D1/><U135/><E127/><V52/><F110/><W86/><G78/><T10/><D0/><U128/><E128/><V62/><F5/><W63/><G124/><T77/><D116/><U64/><E40/><V121/><F121/><W12/><G25/><N who="2" m="9833" /><F36/><W79/><G79/><T70/><D70/><U21/><E80/><V105/><F105/><W4/><G4/><T82/><D82/><U23/><E23/><V115/><F115/><N who="3" m="44107" /><G103/><T28/><D32/><U71/><E21/><V43/><F45/><W88/><G89/><T94/><D39/><U66/><E75/><V30/><F85/><N who="3" m="32875" /><G57/><T3/><D3/><U134/><E120/><V102/><F81/><W69/><G69/><T61/><D33/><U73/><E73/><V20/><F20/><AGARI ba="0,0" hai="12,16,20,60,63,88,95,98" m="32875,44107" machi="20" ten="30,7700,0" yaku="15,1,11,1,54,2" doraHai="129" who="3" fromWho="2" sc="255,0,379,0,193,-77,173,77" /><INIT seed="7,0,0,2,0,109" ten="255,379,116,250" oya="3" hai0="14,77,81,105,54,85,4,36,80,95,60,76,58" hai1="131,90,100,27,24,120,127,37,82,23,1,31,83" hai2="35,64,125,88,98,39,5,50,66,12,86,103,42" hai3="97,45,2,26,67,118,21,102,40,11,111,134,91"/><W18/><G118/><T22/><D36/><U20/><E1/><V3/><F125/><W69/><G134/><T59/><D105/><U43/><E120/><V25/><F35/><W6/><G111/><T33/><D95/><U72/><E127/><V99/><F39/><W89/><G67/><T75/><D58/><U34/><E34/><V114/><F3/><W57/><G57/><T55/><D33/><U79/><E100/><V110/><F110/><W113/><G69/><T7/><D55/><U84/><E131/><V135/><F25/><W15/><G2/><T132/><D132/><U128/><E128/><V46/><F135/><W53/><G53/><T47/><D47/><U73/><E43/><V41/><F41/><W93/><G113/><T130/><D130/><U115/><E115/><V17/><F5/><W92/><REACH who="3" step="1"/><G93/><REACH who="3" ten="255,379,116,240" step="2"/><T78/><D54/><U10/><E83/><V44/><F114/><W116/><G116/><T133/><D59/><U16/><E37/><AGARI ba="0,1" hai="6,11,15,18,21,26,37,40,45,89,91,92,97,102" machi="37" ten="30,2900,0" yaku="1,1,7,1,53,0" doraHai="109" doraHaiUra="112" who="3" fromWho="1" sc="255,0,379,-29,116,0,240,39" /><INIT seed="7,1,0,1,3,20" ten="255,350,116,279" oya="3" hai0="55,90,43,76,5,65,42,98,121,37,21,135,105" hai1="23,83,26,53,12,106,110,120,119,25,41,95,30" hai2="114,32,16,127,108,59,10,109,107,102,104,3,84" hai3="75,1,69,100,61,31,9,66,60,72,58,87,115"/><W112/><G31/><T131/><D76/><U78/><E106/><V96/><F114/><N who="3" m="43563" /><G100/><T113/><D65/><U0/><E0/><V11/><F127/><W57/><G87/><T97/><D5/><U88/><E110/><V19/><F84/><W116/><G116/><T40/><D121/><U34/><E12/><V13/><F104/><W28/><G28/><T56/><D113/><U71/><E71/><V45/><F32/><W67/><G69/><T128/><D135/><U52/><E41/><V38/><F38/><W117/><G117/><T130/><D37/><U36/><E36/><V89/><F89/><W33/><G33/><T73/><D73/><U7/><E7/><AGARI ba="1,0" hai="1,7,9,57,58,60,61,66,67,72,75" m="43563" machi="7" ten="30,1500,0" yaku="15,1" doraHai="20" who="3" fromWho="1" sc="255,0,350,-18,116,0,279,18" /><INIT seed="7,2,0,1,0,86" ten="255,332,116,297" oya="3" hai0="38,122,95,42,31,10,32,109,66,70,41,8,52" hai1="133,9,107,79,111,103,130,55,7,126,27,134,75" hai2="46,124,14,23,76,129,98,58,36,81,54,104,48" hai3="135,62,108,84,99,59,83,116,15,61,113,16,33"/><W49/><G33/><T119/><D122/><U24/><E111/><V3/><F124/><W89/><G116/><T26/><D109/><U105/><E126/><V51/><F129/><W53/><G108/><T125/><D119/><U50/><E130/><V65/><F36/><W77/><G135/><N who="1" m="51722" /><E79/><V131/><F3/><W40/><G40/><T74/><D74/><U47/><E75/><V44/><F131/><W73/><G113/><T69/><D66/><U18/><E18/><V67/><F104/><N who="1" m="40009" /><E103/><V117/><F117/><W101/><G101/><T13/><D10/><U19/><E19/><V90/><F58/><W0/><G0/><AGARI ba="2,0" hai="0,7,9,24,27,47,50,55" m="40009,51722" machi="0" ten="30,1000,0" yaku="20,1" doraHai="86" who="1" fromWho="3" sc="255,0,332,16,116,0,297,-16" owari="255,-14.0,348,44.0,116,-38.0,281,8.0" /></mjloggm>