<mjloggm ver="2.3"><GO type="169" lobby="0"/><UN n0="%EF%BC%88%E2%89%A7%E2%96%BD%E2%89%A6%EF%BC%89" n1="%38%38%32%33%E2%80%90%E9%9A%BC" n2="%2D%72%6F%6E%2D" n3="%E3%81%AD%E3%81%98%E3%81%BE%E3%81%8D%E9%B3%A5%E2%88%AE" dan="19,16,17,16" rate="2317.97,2030.80,2187.43,2070.41" sx="M,M,M,M"/><TAIKYOKU oya="0"/><INIT seed="0,0,0,2,1,26" ten="250,250,250,250" oya="0" hai0="57,134,107,125,132,130,78,88,66,38,81,37,117" hai1="124,20,101,102,105,34,45,98,135,97,12,14,40" hai2="23,119,116,113,103,99,128,64,7,53,3,4,85" hai3="126,89,52,93,72,69,22,16,112,68,84,0,21"/><T104/><D117/><N who="2" m="45130" /><F113/><W92/><G0/><T39/><D125/><U42/><E34/><V82/><F64/><W76/><G112/><T19/><D130/><U15/><E135/><N who="0" m="51753" /><D19/><U118/><E124/><V48/><F23/><W95/><G126/><T63/><D88/><U36/><E42/><V96/><F128/><W17/><G76/><T67/><D66/><U100/><E118/><V28/><F28/><W25/><G72/><AGARI ba="0,0" hai="37,38,39,57,63,67,72,78,81,104,107" m="51753" machi="72" ten="40,2000,0" yaku="20,1" doraHai="26" who="0" fromWho="3" sc="250,20,250,0,250,0,250,-20" /><INIT seed="0,1,0,4,3,65" ten="270,250,250,230" oya="0" hai0="130,122,13,76,113,81,93,84,87,69,30,44,2" hai1="104,12,117,25,46,90,31,119,99,22,41,8,107" hai2="102,34,106,11,70,16,0,14,39,50,123,33,125" hai3="26,48,111,109,80,58,71,77,3,47,83,78,114"/><T7/><D122/><U64/><E117/><V63/><F39/><W23/><G3/><T61/><D113/><U60/><E119/><V133/><F123/><W66/><G114/><T120/><D120/><U79/><E99/><V131/><F131/><W54/><G47/><T101/><D130/><U74/><E74/><V21/><F125/><W1/><G1/><T96/><D2/><U91/><E79/><V6/><F50/><W38/><G38/><T129/><D129/><U59/><E104/><V110/><F110/><N who="3" m="41995" /><G80/><T4/><D30/><U92/><E92/><V115/><F133/><W45/><G45/><T53/><D13/><U57/><E57/><V75/><F75/><N who="3" m="43455" /><G78/><T9/><D84/><U28/><E107/><V19/><F115/><W100/><G100/><T124/><D124/><U52/><E64/><V24/><F102/><W20/><G26/><T72/><D72/><U121/><E31/><V98/><F98/><W56/><G56/><T88/><D76/><U73/><E73/><V40/><F40/><W29/><G29/><T67/><REACH who="0" step="1"/><D9/><REACH who="0" ten="260,250,250,230" step="2"/><U62/><E121/><V126/><F126/><W68/><G66/><T10/><D10/><U51/><REACH who="1" step="1"/><E62/><REACH who="1" ten="260,240,250,230" step="2"/><V97/><F63/><W55/><G55/><T42/><D42/><U128/><E128/><V82/><F97/><W105/><G105/><T95/><D95/><U18/><AGARI ba="1,2" hai="8,12,18,22,25,28,41,46,51,52,59,60,90,91" machi="18" ten="20,8000,1" yaku="1,1,0,1,7,1,8,1,54,1,53,0" doraHai="65" doraHaiUra="108" who="1" fromWho="1" sc="260,-41,240,103,250,-21,230,-21" /><INIT seed="1,0,0,3,0,60" ten="219,343,229,209" oya="1" hai0="101,106,35,82,25,56,69,115,123,15,14,24,7" hai1="117,49,118,17,12,79,3,127,4,22,23,80,46" hai2="114,10,95,76,85,74,38,135,19,31,44,103,98" hai3="133,86,45,70,92,65,68,6,47,113,67,1,20"/><U72/><E127/><V93/><F135/><W77/><G113/><T119/><D69/><U84/><E72/><V110/><F110/><W36/><G133/><T41/><D115/><U64/><E4/><V71/><F71/><W73/><G20/><T30/><D119/><U96/><E3/><V94/><F31/><W120/><G120/><T55/><D123/><U124/><E124/><V2/><F114/><W112/><G112/><T126/><D126/><U105/><E23/><V63/><F63/><W134/><G134/><T87/><D41/><U51/><E51/><V9/><F9/><N who="3" m="2255" /><G47/><T42/><D42/><U104/><E96/><V27/><F27/><W75/><G75/><T59/><D59/><U88/><E79/><V32/><F19/><W91/><G70/><T81/><D81/><U43/><REACH who="1" step="1"/><E64/><REACH who="1" ten="219,333,229,209" step="2"/><V48/><F48/><W108/><G108/><T11/><D7/><U34/><E34/><V102/><F32/><W50/><G50/><T129/><D35/><U54/><E54/><V62/><F98/><W121/><G121/><T89/><D55/><U18/><E18/><V78/><F78/><W53/><G53/><T33/><D33/><U109/><E109/><V111/><F111/><W21/><G21/><T128/><D30/><U130/><E130/><V40/><F85/><W61/><G67/><T57/><D129/><U37/><E37/><V29/><F29/><W28/><G28/><T16/><D128/><U26/><E26/><N who="0" m="10345" /><D14/><U13/><E13/><V0/><F0/><W5/><G5/><T132/><D132/><U39/><E39/><V116/><F38/><RYUUKYOKU ba="0,1" sc="219,15,333,15,229,-15,209,-15" hai0="11,15,16,56,57,82,87,89,101,106" hai1="12,17,22,43,46,49,80,84,88,104,105,117,118" /><INIT seed="1,1,1,1,2,88" ten="234,348,214,194" oya="1" hai0="121,64,13,32,26,11,23,58,114,70,109,16,93" hai1="51,118,107,66,54,53,4,36,100,15,90,105,21" hai2="52,9,41,129,62,60,72,103,101,124,110,85,39" hai3="122,87,91,17,128,78,67,22,126,92,123,10,125"/><U81/><E118/><V57/><F72/><W80/><G67/><T135/><D114/><U27/><E36/><V77/><F124/><N who="3" m="47723" /><G10/><T45/><D70/><U29/><E66/><V46/><F129/><W18/><G128/><T34/><D121/><N who="3" m="46089" /><G22/><T127/><D127/><U69/><E69/><V133/><F110/><W3/><G3/><T115/><D109/><U86/><E54/><V104/><F133/><W83/><G18/><T24/><D135/><U7/><E100/><V132/><F132/><W65/><G17/><T79/><D115/><U59/><REACH who="1" step="1"/><E15/><REACH who="1" ten="234,338,214,194" step="2"/><V76/><F103/><W102/><G65/><T120/><D64/><U75/><E75/><V117/><F101/><W0/><G0/><T113/><D13/><U5/><AGARI ba="1,2" hai="4,5,7,21,27,29,51,53,59,81,86,90,105,107" machi="5" ten="30,3000,0" yaku="1,1,0,1,53,0" doraHai="88" doraHaiUra="33" who="1" fromWho="1" sc="234,-11,338,53,214,-11,194,-11" /><INIT seed="1,2,0,4,3,55" ten="223,391,203,183" oya="1" hai0="108,6,15,112,124,48,59,93,105,60,64,21,99" hai1="106,94,5,123,70,7,127,41,45,74,17,37,49" hai2="120,11,128,66,109,91,114,73,101,119,72,32,1" hai3="34,57,117,84,46,63,87,133,58,81,29,78,14"/><U31/><E123/><V39/><RYUUKYOKU type="yao9" ba="2,0" sc="223,0,391,0,203,0,183,0" hai2="1,11,32,39,66,72,73,91,101,109,114,119,120,128" /><INIT seed="1,3,0,0,2,45" ten="223,391,203,183" oya="1" hai0="78,6,125,64,44,20,43,58,107,40,16,132,70" hai1="7,121,62,87,67,0,71,66,126,134,85,22,89" hai2="41,17,65,35,124,48,57,42,88,74,28,52,27" hai3="39,51,24,92,1,69,110,96,80,21,116,133,31"/><U101/><E101/><V117/><F117/><W94/><G39/><T56/><D107/><U84/><E121/><V75/><F124/><W76/><G69/><T115/><D115/><U55/><E126/><V12/><F74/><W19/><G1/><T131/><D125/><U113/><E113/><V97/><F75/><W34/><G116/><T122/><D122/><U123/><E123/><V61/><F97/><W36/><G36/><T73/><D132/><U23/><E67/><V37/><F37/><W112/><G112/><T104/><D104/><U79/><E79/><V33/><F33/><W114/><G114/><T9/><D131/><U60/><E134/><V103/><F103/><W50/><G133/><T47/><D70/><U32/><E32/><V128/><F128/><W77/><G110/><T8/><D78/><U29/><E60/><V129/><F129/><W72/><G77/><T118/><D73/><U25/><E55/><V108/><F108/><W109/><G109/><T82/><D82/><U68/><E68/><V127/><F88/><W135/><G135/><T46/><D118/><U14/><E0/><V4/><F127/><W95/><REACH who="3" step="1"/><G96/><REACH who="3" ten="223,391,203,173" step="2"/><T26/><D43/><U102/><E71/><V106/><F42/><W90/><G90/><T119/><D40/><U63/><E89/><V30/><F41/><W105/><G105/><T53/><D119/><U83/><E102/><V86/><F106/><W120/><G120/><T18/><D6/><U81/><E7/><V2/><F2/><W15/><AGARI ba="3,1" hai="15,19,21,24,31,34,50,51,72,76,80,92,94,95" machi="15" ten="30,7900,0" yaku="1,1,0,1,52,2,53,0" doraHai="45" doraHaiUra="3" who="3" fromWho="3" sc="223,-23,391,-42,203,-23,173,98" /><INIT seed="2,0,0,2,0,40" ten="200,349,180,271" oya="2" hai0="8,108,73,42,29,58,47,5,45,70,102,20,38" hai1="57,133,68,100,36,30,43,0,31,72,26,54,65" hai2="117,115,105,130,4,110,112,116,37,62,27,24,75" hai3="39,33,129,22,106,123,124,44,53,83,76,1,3"/><V131/><F105/><W91/><G123/><T59/><D70/><U127/><E127/><V61/><F75/><W23/><G33/><T86/><D108/><U13/><E133/><V104/><F104/><W7/><G106/><T98/><D73/><U64/><E100/><V9/><F37/><W135/><G124/><T79/><D29/><U92/><E0/><V101/><F101/><W95/><G135/><T48/><D20/><U77/><E68/><V51/><F51/><W121/><G121/><T128/><D128/><N who="2" m="49194" /><F61/><W113/><G129/><T81/><D98/><U19/><E72/><V111/><F62/><W56/><G113/><N who="2" m="43593" /><F9/><W126/><G39/><T96/><D102/><U99/><E36/><V93/><F4/><W52/><G7/><T10/><D96/><U88/><E43/><V103/><F103/><W16/><G91/><T109/><D109/><N who="2" m="41482" /><F93/><W87/><G95/><T63/><D63/><U12/><E92/><V50/><F50/><W66/><G83/><T41/><D10/><U2/><E88/><V60/><F60/><W97/><G97/><T55/><REACH who="0" step="1"/><D55/><REACH who="0" ten="190,349,180,271" step="2"/><U107/><E54/><V114/><N who="2" m="43601" /><V122/><DORA hai="28" /><F122/><W69/><G52/><T34/><D34/><U89/><E99/><V120/><F120/><W14/><G53/><T11/><D11/><U94/><E89/><V35/><F35/><W74/><G74/><T132/><D132/><U134/><E134/><V17/><F17/><W21/><G16/><T119/><D119/><AGARI ba="0,1" hai="24,27,116,117,119" m="41482,43601,49194" machi="119" ten="50,18000,2" yaku="28,2,19,1,14,1,10,1,34,2" doraHai="40,28" who="2" fromWho="0" sc="190,-180,349,0,180,190,271,0" /><INIT seed="2,1,0,2,1,54" ten="10,349,370,271" oya="2" hai0="0,28,5,126,3,122,55,82,72,86,120,57,71" hai1="25,46,102,6,29,83,73,12,78,110,21,47,99" hai2="105,14,22,9,75,93,41,42,77,20,85,107,16" hai3="104,124,76,88,80,31,59,109,84,53,92,90,103"/><V96/><F75/><W44/><G109/><T69/><D72/><U27/><E110/><V32/><F32/><W18/><G124/><T49/><D126/><U100/><E100/><V127/><F127/><W2/><G2/><T38/><D38/><U40/><E27/><V43/><F105/><W113/><G31/><T8/><D0/><U13/><E47/><V68/><F68/><W112/><G44/><T51/><D28/><U114/><E6/><V10/><F10/><W1/><G1/><T108/><D108/><U97/><E97/><V30/><F30/><W129/><G129/><T62/><D51/><U87/><E73/><V7/><F107/><W106/><G18/><T58/><D120/><U35/><E114/><N who="3" m="44138" /><G103/><T64/><REACH who="0" step="1"/><D122/><REACH who="0" ten="0,349,370,271" step="2"/><U118/><E35/><V125/><F125/><W81/><G104/><T121/><D121/><U39/><E118/><V91/><F7/><W36/><G36/><T17/><D17/><U95/><AGARI ba="1,1" hai="12,13,21,25,29,39,40,46,78,83,87,95,99,102" machi="95" ten="20,1500,0" yaku="0,1,7,1" doraHai="54" who="1" fromWho="1" sc="0,-5,349,28,370,-8,271,-5" owari="-5,-51.0,377,48.0,362,16.0,266,-13.0" /></mjloggm>