<mjloggm ver="2.3"><GO type="97" lobby="0"/><UN n0="%E7%A5%9E%E4%BB%A3%E5%B0%8F%E8%92%94%E2%98%85" n1="%E3%82%A6%E3%83%AB%E3%83%88%E3%83%A9%E7%AB%8B%E7%9B%B4" n2="%E3%81%8A%E3%81%97%E3%82%83%E3%81%B5%E3%81%87%E3%81%AB" n3="%72%69%6B%75%32%37%31" dan="14,15,15,14" rate="1975.30,1998.00,2053.04,1913.69" sx="F,M,F,M"/><TAIKYOKU oya="0"/><INIT seed="0,0,0,0,1,41" ten="250,250,250,250" oya="0" hai0="53,28,60,31,35,122,12,73,126,40,104,93,107" hai1="77,69,23,129,3,83,36,30,7,18,119,10,47" hai2="42,92,86,127,106,49,121,98,51,33,81,91,102" hai3="9,116,29,0,62,26,96,66,19,38,57,37,90"/><T58/><D122/><U20/><E69/><V16/><F33/><W101/><G116/><T27/><D73/><U97/><E119/><V64/><F121/><W65/><G65/><T14/><D31/><U21/><E129/><V124/><F64/><W79/><G79/><T76/><D126/><N who="2" m="48170" /><F106/><W87/><G19/><T44/><D76/><U105/><E30/><V59/><F59/><W123/><G123/><T15/><REACH who="0" step="1"/><D93/><REACH who="0" ten="240,250,250,250" step="2"/><U80/><E80/><V100/><F81/><W17/><G9/><T6/><D6/><U50/><E83/><V109/><F92/><W39/><G17/><T99/><D99/><U25/><E77/><V8/><F98/><W112/><G112/><T70/><D70/><U22/><E105/><V114/><F16/><W46/><G96/><T48/><AGARI ba="0,1" hai="12,14,15,27,28,35,40,44,48,53,58,60,104,107" machi="48" ten="30,6000,0" yaku="1,1,0,1,52,1,53,0" doraHai="41" doraHaiUra="32" who="0" fromWho="0" sc="240,70,250,-20,250,-20,250,-20" /><INIT seed="0,1,0,3,5,94" ten="310,230,230,230" oya="0" hai0="117,27,91,127,25,103,52,42,74,69,0,131,37" hai1="70,43,68,107,124,111,122,118,101,24,119,34,113" hai2="11,130,23,20,128,19,7,22,26,56,105,12,51" hai3="30,95,75,64,4,135,132,99,126,86,39,61,65"/><T71/><D117/><N who="1" m="44555" /><E43/><V110/><F105/><W66/><G75/><T59/><D74/><U33/><E124/><V80/><F56/><W108/><G108/><T78/><D0/><U5/><E5/><V134/><F51/><W1/><G39/><T46/><D78/><U85/><E85/><V84/><F80/><W47/><G126/><T96/><D127/><U81/><E81/><V76/><F84/><W13/><G1/><T104/><D131/><N who="2" m="50218" /><F76/><W121/><G121/><T54/><D54/><U40/><E40/><V17/><F110/><W102/><G30/><T35/><D91/><U15/><E111/><V8/><F134/><N who="3" m="51243" /><G86/><T109/><D109/><U36/><E36/><V112/><F112/><W3/><G3/><AGARI ba="1,0" hai="3,7,8,11,12,17,19,20,22,23,26" m="50218" machi="3" ten="30,3900,0" yaku="19,1,34,2" doraHai="94" who="2" fromWho="3" sc="310,0,230,0,230,42,230,-42" /><INIT seed="1,0,0,0,3,67" ten="310,230,272,188" oya="1" hai0="29,107,131,116,92,47,0,13,36,9,41,110,20" hai1="76,70,17,10,132,4,94,71,98,55,57,113,31" hai2="12,86,19,114,105,103,26,64,127,135,75,68,123" hai3="119,125,1,32,73,33,49,101,74,95,44,82,97"/><U42/><E113/><V58/><F75/><W43/><G119/><T91/><D116/><U130/><E130/><V89/><F123/><W83/><G125/><T2/><D107/><U111/><E132/><V46/><F103/><W102/><G102/><T40/><D131/><U88/><E111/><V50/><F105/><W96/><G96/><T79/><D79/><U39/><E31/><V87/><F26/><W90/><G90/><T25/><D41/><U34/><E34/><V120/><F120/><W24/><G1/><T18/><REACH who="0" step="1"/><D110/><REACH who="0" ten="300,230,272,188" step="2"/><U60/><E76/><V65/><F114/><W35/><REACH who="3" step="1"/><G24/><REACH who="3" ten="300,230,272,178" step="2"/><T62/><D62/><U77/><E77/><V45/><F127/><W15/><G15/><T81/><D81/><AGARI ba="0,2" hai="32,33,35,43,44,49,73,74,81,82,83,95,97,101" machi="81" ten="40,1300,0" yaku="1,1,53,0" doraHai="67" doraHaiUra="66" who="3" fromWho="0" sc="300,-13,230,0,272,0,178,33" /><INIT seed="2,0,0,1,2,68" ten="287,230,272,211" oya="2" hai0="131,134,49,84,19,27,4,66,125,5,132,73,45" hai1="67,60,46,133,53,117,33,17,123,86,114,124,64" hai2="90,96,12,94,72,110,39,61,88,80,81,93,40" hai3="87,37,34,32,38,50,11,54,23,8,35,13,83"/><V18/><F110/><W119/><G119/><T109/><D73/><U69/><E33/><V113/><F113/><W43/><G43/><T116/><D109/><U48/><E114/><V97/><F72/><W102/><G102/><T36/><D116/><U15/><E117/><V79/><F79/><W7/><G23/><N who="0" m="13823" /><D66/><U59/><E123/><V98/><F98/><W91/><REACH who="3" step="1"/><G11/><REACH who="3" ten="287,230,272,201" step="2"/><T120/><D120/><U62/><E124/><V65/><F40/><W10/><G10/><T47/><D125/><U101/><E101/><V108/><F108/><W100/><G100/><T95/><D131/><U51/><E133/><V20/><REACH who="2" step="1"/><F39/><REACH who="2" ten="287,230,262,201" step="2"/><W44/><AGARI ba="0,2" hai="7,8,13,32,34,35,37,38,44,50,54,83,87,91" machi="44" ten="30,7900,0" yaku="1,1,0,1,52,2,53,0" doraHai="68" doraHaiUra="122" who="3" fromWho="3" sc="287,-20,230,-20,262,-39,201,99" /><INIT seed="3,0,0,3,3,116" ten="267,210,223,300" oya="3" hai0="80,69,14,4,84,3,78,106,21,117,32,48,67" hai1="74,133,108,73,123,44,39,54,37,87,64,109,76" hai2="66,65,72,101,102,75,1,2,27,0,130,86,30" hai3="95,36,41,26,96,7,46,100,125,51,98,124,8"/><W128/><G128/><T89/><D3/><U103/><E64/><V82/><F130/><W99/><G26/><T68/><D32/><U107/><E87/><V129/><F129/><W38/><G98/><T71/><D106/><U11/><E11/><V104/><F65/><W29/><G29/><T121/><D121/><U35/><E54/><V6/><F66/><W15/><REACH who="3" step="1"/><G99/><REACH who="3" ten="267,210,223,290" step="2"/><T16/><D117/><U79/><E35/><V13/><F27/><W49/><G49/><T135/><D48/><U22/><E133/><V62/><F30/><W134/><G134/><T55/><D135/><U113/><E113/><V83/><F62/><W70/><G70/><T57/><D71/><U114/><E114/><V88/><F104/><W53/><G53/><T42/><D42/><N who="1" m="22607" /><E39/><AGARI ba="0,1" hai="7,8,15,36,38,39,41,46,51,95,96,100,124,125" machi="39" ten="40,3900,0" yaku="1,1,53,1" doraHai="116" doraHaiUra="92" who="3" fromWho="1" sc="267,0,210,-39,223,0,290,49" owari="267,7.0,171,-33.0,223,-18.0,339,44.0" /></mjloggm>