<mjloggm ver="2.3"><GO type="97" lobby="0"/><UN n0="%E3%82%A6%E3%83%AB%E3%83%88%E3%83%A9%E7%AB%8B%E7%9B%B4" n1="%6B%61%6D%6F%73%75%6B%65" n2="%EF%BE%8F%EF%BE%82%EF%BD%B6%EF%BD%BE%EF%BE%9E" n3="%E5%A4%A9%E3%83%B2%E7%BF%94%E3%82%8B%E6%9A%B4%E9%BE%8D" dan="15,15,14,15" rate="1972.35,2047.07,1947.24,2013.69" sx="M,M,M,M"/><TAIKYOKU oya="0"/><INIT seed="0,0,0,2,0,35" ten="250,250,250,250" oya="0" hai0="93,127,79,105,57,42,98,116,58,38,67,46,134" hai1="39,91,97,55,32,31,133,62,27,125,92,121,53" hai2="110,95,4,40,15,128,34,48,16,11,43,101,45" hai3="50,29,99,59,108,61,124,119,63,33,82,112,23"/><T54/><D105/><U70/><E121/><V90/><F110/><W104/><G112/><T0/><D116/><U18/><E125/><V69/><F128/><W56/><G33/><T132/><D79/><U131/><E39/><V12/><F34/><W89/><G124/><T87/><D87/><U28/><E133/><N who="0" m="51305" /><D127/><U36/><E36/><V17/><F69/><W49/><G119/><T84/><D84/><U72/><E72/><V26/><F101/><W52/><G108/><T102/><D67/><U37/><E37/><V77/><F77/><W41/><G41/><T8/><D54/><U20/><E131/><V21/><F43/><W85/><G104/><T10/><D10/><U71/><E55/><V74/><F74/><W113/><G113/><T103/><D103/><U19/><E71/><V122/><F122/><W30/><G99/><T73/><D73/><U1/><E70/><V114/><F114/><W3/><G3/><T76/><D76/><U130/><E1/><V22/><F90/><W96/><G96/><T7/><AGARI ba="0,0" hai="0,7,8,38,42,46,57,58,93,98,102" m="51305" machi="7" ten="30,3000,0" yaku="20,1,52,1" doraHai="35" who="0" fromWho="0" sc="250,30,250,-10,250,-10,250,-10" /><INIT seed="0,1,0,5,1,103" ten="280,240,240,240" oya="0" hai0="1,67,65,3,39,88,40,42,101,36,53,87,34" hai1="115,69,82,99,125,38,135,86,43,45,50,9,93" hai2="54,16,70,119,123,25,80,113,14,63,20,92,62" hai3="120,51,127,134,114,78,104,98,32,96,49,35,29"/><T10/><D34/><U28/><E69/><V74/><F123/><W110/><G114/><T47/><D101/><U24/><E115/><V0/><F113/><W15/><G120/><T61/><D53/><U71/><E71/><V112/><F112/><W76/><G110/><T108/><D108/><U26/><E135/><V128/><F128/><W72/><G134/><T121/><D121/><U94/><E125/><V57/><F119/><W132/><G132/><T102/><D102/><U5/><E38/><V17/><F0/><W41/><G127/><T111/><D111/><U79/><E99/><V109/><F109/><W122/><G122/><T59/><D67/><U22/><REACH who="1" step="1"/><E26/><REACH who="1" ten="280,230,240,240" step="2"/><V105/><F70/><W21/><G98/><T4/><D39/><U11/><E11/><V117/><F117/><W23/><G96/><T107/><D36/><U131/><E131/><V68/><F68/><W55/><G32/><T18/><D10/><U116/><E116/><V126/><F126/><W124/><G35/><T31/><D1/><AGARI ba="1,1" hai="1,5,9,22,24,28,43,45,50,79,82,86,93,94" machi="1" ten="30,2000,0" yaku="1,1,7,1,53,0" doraHai="103" doraHaiUra="58" who="1" fromWho="0" sc="280,-23,230,33,240,0,240,0" /><INIT seed="1,0,0,1,0,41" ten="257,263,240,240" oya="1" hai0="97,125,132,12,30,2,127,101,31,49,133,11,25" hai1="82,55,103,76,9,16,4,18,23,135,102,57,104" hai2="119,129,54,65,40,52,77,34,10,14,105,134,126" hai3="0,74,83,35,24,112,96,47,108,19,67,17,1"/><U42/><E135/><N who="0" m="51785" /><D49/><U109/><E104/><V99/><F134/><W75/><G112/><T38/><D38/><U5/><E42/><V32/><F126/><N who="0" m="48138" /><D2/><U106/><E106/><V70/><F129/><W130/><G130/><T90/><D90/><U36/><E36/><V56/><F119/><W115/><G115/><T78/><D78/><U131/><E131/><V94/><F105/><W92/><G75/><T84/><D84/><N who="1" m="48199" /><E109/><V8/><F70/><W72/><G74/><T13/><D97/><U79/><E79/><V89/><F77/><W88/><G72/><T33/><D101/><N who="1" m="38411" /><E9/><V81/><F81/><W98/><G98/><T121/><D121/><U61/><E18/><V3/><F40/><W113/><G96/><T122/><D122/><U87/><E87/><V15/><F3/><W66/><G19/><N who="0" m="8607" /><D31/><U120/><E120/><V6/><F65/><W27/><G1/><T46/><D13/><AGARI ba="0,0" hai="4,5,13,16,23,55,57,61" m="38411,48199" machi="13" ten="30,2900,0" yaku="8,1,54,1" doraHai="41" who="1" fromWho="0" sc="257,-29,263,29,240,0,240,0" /><INIT seed="1,1,0,3,2,82" ten="228,292,240,240" oya="1" hai0="113,3,41,51,23,48,86,28,64,2,75,26,76" hai1="17,50,6,44,95,122,116,69,11,34,16,119,52" hai2="67,77,135,105,18,103,4,83,20,78,30,47,38" hai3="46,19,123,31,54,1,88,8,66,12,45,85,49"/><U79/><E122/><V81/><F135/><W53/><G123/><T62/><D75/><U129/><E69/><V74/><F30/><W7/><G66/><T55/><D113/><U94/><E34/><V72/><F67/><W120/><G120/><T22/><D41/><U73/><E129/><V128/><F128/><W112/><G112/><T65/><D48/><U114/><E114/><V93/><F4/><W21/><G31/><T61/><D23/><U125/><E125/><V40/><F105/><W108/><G108/><T56/><D64/><U87/><E73/><V131/><F131/><W68/><G68/><T127/><D62/><U117/><E95/><V102/><REACH who="2" step="1"/><F93/><REACH who="2" ten="228,292,230,240" step="2"/><W100/><G100/><T99/><D127/><U111/><E111/><V84/><F84/><W25/><G1/><T59/><D99/><U10/><E6/><V36/><F36/><W32/><G32/><T57/><D3/><U96/><E87/><V13/><AGARI ba="1,1" hai="13,18,20,38,40,47,72,74,77,78,81,83,102,103" machi="13" ten="20,5200,0" yaku="1,1,0,1,7,1,9,1,53,0" doraHai="82" doraHaiUra="60" who="2" fromWho="2" sc="228,-14,292,-27,230,65,240,-14" /><INIT seed="2,0,0,1,3,40" ten="214,265,295,226" oya="2" hai0="73,67,79,30,121,86,89,46,48,113,24,14,26" hai1="133,100,129,25,5,56,90,103,53,81,76,91,39" hai2="135,65,111,37,69,8,82,68,50,57,61,45,62" hai3="18,71,95,96,130,101,77,2,116,44,12,98,55"/><V16/><F135/><W33/><G2/><T42/><D121/><U102/><E133/><V23/><F111/><W6/><G71/><T126/><D113/><U131/><E39/><V41/><F8/><W54/><G116/><T99/><D126/><U13/><E25/><V132/><F132/><W87/><G33/><T112/><D112/><U94/><E13/><V9/><F9/><N who="3" m="4151" /><G130/><N who="1" m="49674" /><E5/><V128/><F128/><W60/><G18/><T63/><D73/><N who="1" m="43151" /><E94/><V104/><F104/><W15/><G15/><T27/><D14/><U59/><E59/><V1/><F1/><W125/><G125/><T117/><D117/><U28/><E28/><V20/><F82/><N who="3" m="47567" /><G96/><T119/><D119/><U11/><E11/><V52/><F16/><W22/><G22/><T34/><D99/><U3/><E3/><V124/><F124/><W80/><G80/><T109/><D79/><U84/><E84/><V17/><REACH who="2" step="1"/><F17/><REACH who="2" ten="214,265,285,226" step="2"/><W127/><G127/><T31/><D109/><U118/><E118/><V47/><F47/><W66/><G44/><T7/><D7/><U122/><E122/><V123/><F123/><W29/><G29/><T108/><D108/><U38/><E38/><V0/><F0/><W106/><G106/><T43/><D31/><U21/><E21/><V51/><F51/><AGARI ba="0,1" hai="51,53,56,90,91,100,102,103" m="43151,49674" machi="51" ten="30,1000,0" yaku="19,1" doraHai="40" who="1" fromWho="2" sc="214,0,265,20,285,-10,226,0" /><INIT seed="3,0,0,1,5,9" ten="214,285,275,226" oya="3" hai0="43,0,73,128,32,94,25,20,19,98,64,39,88" hai1="83,116,127,132,111,15,131,60,125,5,84,66,80" hai2="36,26,113,67,7,45,47,118,55,85,31,101,112" hai3="86,123,76,49,54,126,87,24,103,46,18,11,17"/><W107/><G123/><T124/><D73/><U108/><E131/><V4/><F118/><W42/><G126/><N who="1" m="48138" /><E132/><V100/><F67/><W35/><G107/><T134/><D124/><U6/><E116/><V56/><F36/><W10/><G103/><T68/><D128/><U30/><E30/><V72/><F72/><W2/><G35/><T27/><D134/><U74/><E74/><V33/><F113/><W79/><G2/><T40/><D0/><U93/><E93/><V75/><F75/><W90/><G42/><T119/><D119/><U61/><E61/><V37/><F112/><W57/><G57/><T91/><D39/><U106/><E106/><V22/><F33/><W130/><G130/><T129/><D129/><U12/><E5/><N who="2" m="2123" /><F37/><W78/><G86/><T28/><D68/><N who="1" m="42055" /><E6/><V14/><F85/><W82/><G82/><N who="1" m="31274" /><E84/><V77/><F77/><W95/><G18/><T120/><D120/><U65/><E65/><V50/><F101/><W53/><G54/><T23/><D64/><U1/><E1/><V117/><F100/><W48/><G49/><T81/><D32/><U109/><AGARI ba="0,0" hai="12,15,108,109,111" m="31274,42055,48138" machi="109" ten="40,8000,1" yaku="14,1,18,1,52,2" doraHai="9" who="1" fromWho="1" sc="214,-20,285,80,275,-20,226,-40" owari="194,-21.0,365,46.0,255,6.0,186,-31.0" /></mjloggm>