<mjloggm ver="2.3"><GO type="97" lobby="0"/><UN n0="%EF%BE%8F%EF%BE%82%EF%BD%B6%EF%BD%BE%EF%BE%9E" n1="%74%69%2D%68%6F%2D" n2="%E3%82%A6%E3%83%AB%E3%83%88%E3%83%A9%E7%AB%8B%E7%9B%B4" n3="%4F%69%E3%81%AE%E3%81%B6%E5%AD%90" dan="15,13,15,15" rate="1987.49,1864.79,1998.92,1949.99" sx="M,M,M,M"/><TAIKYOKU oya="0"/><INIT seed="0,0,0,4,1,111" ten="250,250,250,250" oya="0" hai0="70,19,125,99,16,98,120,58,31,43,67,89,1" hai1="115,12,33,110,9,126,50,22,107,35,127,7,32" hai2="47,60,15,65,34,13,59,133,118,113,85,108,132" hai3="71,128,79,39,66,29,64,131,73,124,51,28,103"/><T21/><D125/><N who="1" m="47627" /><E107/><V10/><F34/><W38/><G124/><T119/><D120/><U90/><E50/><V41/><F108/><W30/><G103/><T91/><D119/><U26/><E110/><V5/><F85/><W53/><G79/><T3/><D70/><U36/><E90/><N who="0" m="34313" /><D1/><U42/><E42/><V105/><F105/><W54/><G29/><T104/><D104/><U80/><E80/><V129/><F15/><W76/><G76/><T27/><D3/><U56/><E56/><V84/><F84/><W88/><G88/><T74/><D43/><U87/><E87/><V72/><F72/><W101/><G101/><T24/><D74/><U122/><E36/><N who="2" m="21927" /><F118/><W57/><G73/><T61/><D27/><U14/><E122/><V77/><F77/><W11/><G71/><T63/><D63/><U46/><E46/><V82/><F82/><W20/><G51/><T18/><AGARI ba="0,0" hai="16,18,19,21,24,31,58,61,67,98,99" m="34313" machi="18" ten="30,3000,0" yaku="8,1,54,1" doraHai="111" who="0" fromWho="0" sc="250,30,250,-10,250,-10,250,-10" /><INIT seed="0,1,0,1,3,42" ten="280,240,240,240" oya="0" hai0="53,6,37,77,32,111,46,48,71,51,50,66,39" hai1="26,101,78,49,45,68,98,43,96,9,22,88,57" hai2="99,14,27,102,61,0,132,105,41,131,15,130,100" hai3="95,124,134,13,81,87,118,40,91,73,128,109,33"/><T106/><D106/><U8/><E68/><V92/><F0/><W7/><G118/><T11/><D111/><U69/><E69/><V113/><F113/><W115/><G115/><T94/><D32/><U16/><E78/><V135/><F61/><W12/><G109/><T21/><D77/><U133/><E133/><N who="2" m="51275" /><F27/><W38/><G134/><T55/><D94/><U122/><E122/><V23/><F23/><W117/><G117/><T36/><D21/><U34/><E34/><V80/><F80/><W93/><G33/><T2/><D2/><U59/><E98/><N who="2" m="61591" /><F41/><W54/><G40/><N who="0" m="22791" /><D11/><N who="1" m="4171" /><E101/><V35/><F35/><W70/><G81/><T19/><D19/><U72/><E72/><V52/><F52/><N who="0" m="20042" /><D6/><U62/><E62/><AGARI ba="1,0" hai="37,39,48,50,51,62,66,71" m="20042,22791" machi="62" ten="30,18000,2" yaku="35,5,52,1,54,1" doraHai="42" who="0" fromWho="1" sc="280,183,240,-183,240,0,240,0" /><INIT seed="0,2,0,4,2,80" ten="463,57,240,240" oya="0" hai0="65,5,127,17,7,75,122,117,1,0,19,71,31" hai1="53,40,3,18,4,128,92,28,16,76,68,85,70" hai2="41,100,123,73,94,35,47,64,32,29,14,46,69" hai3="101,83,102,57,114,113,87,8,67,20,48,10,63"/><T135/><D127/><U126/><E28/><V27/><F73/><W37/><G37/><T124/><D124/><U120/><E126/><V33/><F123/><W111/><G111/><T95/><D75/><U25/><E120/><V98/><F47/><W79/><G20/><T82/><D122/><U132/><E3/><V55/><F55/><W86/><G48/><T26/><D135/><U30/><E40/><V121/><F14/><W39/><G39/><T90/><D82/><N who="1" m="47303" /><E4/><V21/><F121/><W93/><G114/><T56/><D71/><U130/><E132/><V110/><F110/><W129/><G129/><N who="1" m="49770" /><E53/><V96/><F46/><W38/><G38/><T97/><D117/><U77/><E77/><V6/><F41/><W115/><G113/><T50/><D0/><U116/><E116/><V60/><F6/><W84/><G115/><T99/><D1/><U106/><E106/><V13/><F13/><W52/><G67/><T15/><D99/><U23/><E92/><V54/><F54/><W72/><REACH who="3" step="1"/><G93/><REACH who="3" ten="463,57,240,230" step="2"/><T107/><D107/><U118/><E118/><V42/><F42/><W12/><G12/><T109/><D109/><U131/><N who="1" m="49778" /><U49/><DORA hai="2" /><E49/><V51/><F51/><W24/><G24/><T125/><D125/><U61/><E61/><V58/><F21/><W81/><G81/><T105/><D105/><U36/><E36/><V108/><F108/><W103/><AGARI ba="2,1" hai="8,10,52,57,63,72,79,83,84,86,87,101,102,103" machi="103" ten="30,12000,2" yaku="1,1,0,1,52,3,54,1,53,0" doraHai="80,2" doraHaiUra="11,89" who="3" fromWho="3" sc="463,-62,57,-32,240,-32,230,136" /><INIT seed="1,0,0,4,0,132" ten="401,25,208,366" oya="1" hai0="127,54,7,85,8,37,1,92,130,3,28,46,102" hai1="115,6,113,114,112,121,38,19,76,15,55,111,5" hai2="50,33,12,58,22,75,117,100,24,104,39,49,134" hai3="97,71,105,23,68,13,133,119,110,30,94,107,29"/><U47/><N who="1" m="29184" /><DORA hai="21" /><U62/><E76/><V52/><F39/><W70/><G133/><T89/><D127/><U88/><E121/><V93/><F104/><W103/><G110/><T2/><D130/><U91/><E111/><V86/><F33/><W118/><G13/><T129/><D129/><U87/><E38/><V25/><F75/><W26/><REACH who="3" step="1"/><G30/><REACH who="3" ten="401,25,208,356" step="2"/><T80/><D1/><U81/><E91/><N who="2" m="53495" /><F134/><W65/><G65/><T43/><D2/><U131/><E131/><V123/><F123/><W11/><G11/><T99/><D28/><U109/><E109/><V67/><F67/><W98/><G98/><T36/><D54/><U4/><E62/><V108/><F108/><W106/><AGARI ba="0,1" hai="23,26,29,68,70,71,94,97,103,105,106,107,118,119" machi="106" ten="40,5200,0" yaku="1,1,0,1,52,1,53,0" doraHai="132,21" doraHaiUra="53,84" who="3" fromWho="3" sc="401,-13,25,-26,208,-13,356,62" owari="388,19.0,-1,-50.0,195,-20.0,418,51.0" /></mjloggm>