<mjloggm ver="2.3"><GO type="97" lobby="0"/><UN n0="%E3%82%B7%E3%83%BC%E3%82%B7%E3%83%A3" n1="%E3%82%82%E3%83%BC%E3%81%9F%E3%83%BC" n2="%E3%82%A6%E3%83%AB%E3%83%88%E3%83%A9%E7%AB%8B%E7%9B%B4" n3="%E3%81%BB%E3%82%8D%E3%82%8D" dan="13,13,15,14" rate="1976.32,1903.67,2050.04,1841.96" sx="F,M,M,M"/><TAIKYOKU oya="0"/><INIT seed="0,0,0,2,0,26" ten="250,250,250,250" oya="0" hai0="13,17,3,11,59,6,105,20,48,84,97,127,25" hai1="43,51,61,46,93,98,9,94,123,88,2,30,86" hai2="81,56,83,74,42,12,108,77,117,5,124,21,135" hai3="134,133,116,122,78,53,40,4,45,63,67,72,129"/><T36/><D36/><U114/><E2/><V62/><F124/><W102/><G116/><T71/><D71/><U112/><E123/><V27/><F135/><N who="3" m="51723" /><G122/><T75/><D75/><U73/><E73/><V132/><F108/><W118/><G118/><T119/><D119/><U57/><E9/><V106/><F106/><W35/><G129/><T82/><D127/><U19/><E19/><V39/><F132/><W69/><G4/><T52/><D105/><U126/><E126/><V54/><F117/><W0/><G0/><T100/><D100/><U90/><REACH who="1" step="1"/><E30/><REACH who="1" ten="250,240,250,250" step="2"/><V91/><F74/><W96/><G72/><T99/><REACH who="0" step="1"/><D3/><REACH who="0" ten="240,240,250,250" step="2"/><U15/><E15/><V89/><F12/><W80/><G102/><T125/><D125/><U131/><E131/><V101/><F101/><W18/><G69/><T70/><D70/><U33/><E33/><V109/><F109/><W76/><G35/><T95/><D95/><U49/><E49/><V85/><F39/><W38/><G38/><T29/><D29/><U41/><E41/><V110/><F42/><W37/><G40/><T22/><D22/><U115/><E115/><V47/><F110/><W16/><G37/><T68/><D68/><U34/><E34/><V10/><F21/><W50/><G80/><T24/><D24/><U1/><E1/><N who="2" m="303" /><F27/><W107/><G107/><T130/><D130/><U32/><E32/><V120/><F120/><W7/><G76/><AGARI ba="0,2" hai="6,11,13,17,20,25,48,52,59,76,82,84,97,99" machi="76" ten="30,12000,1" yaku="1,1,7,1,8,1,54,1,53,1" doraHai="26" doraHaiUra="8" who="0" fromWho="3" sc="240,140,240,0,250,0,250,-120" /><INIT seed="0,1,0,0,4,66" ten="380,240,250,130" oya="0" hai0="39,75,12,26,1,96,84,107,94,64,111,6,114" hai1="28,5,100,97,93,90,52,32,29,47,21,42,128" hai2="99,16,45,133,58,112,125,44,13,43,101,2,123" hai3="15,62,59,76,67,82,48,126,88,50,79,36,121"/><T63/><D75/><U55/><E32/><V115/><F2/><W92/><G36/><T38/><D114/><U116/><E116/><V27/><F123/><W72/><G121/><T103/><D1/><U25/><E29/><V37/><F125/><W19/><G126/><T9/><D111/><U131/><E5/><V49/><F133/><W132/><G79/><T89/><REACH who="0" step="1"/><D26/><REACH who="0" ten="370,240,250,130" step="2"/><U40/><E131/><V7/><F112/><W122/><G122/><T34/><D34/><U53/><E128/><V117/><F115/><W134/><G132/><T10/><D10/><U33/><E33/><V98/><F27/><W54/><G134/><T69/><AGARI ba="1,1" hai="6,9,12,38,39,63,64,69,84,89,94,96,103,107" machi="69" ten="20,12000,1" yaku="1,1,0,1,7,1,52,1,53,1" doraHai="66" doraHaiUra="8" who="0" fromWho="0" sc="370,133,240,-41,250,-41,130,-41" /><INIT seed="0,2,0,2,4,67" ten="503,199,209,89" oya="0" hai0="120,121,114,82,21,8,50,86,14,84,105,78,58" hai1="27,126,52,112,79,40,46,104,69,31,35,117,17" hai2="63,80,91,116,94,76,124,64,34,110,43,42,68" hai3="106,70,118,56,113,19,13,88,109,47,97,107,45"/><T3/><D105/><U129/><E17/><V55/><F34/><W24/><G113/><T60/><D114/><U115/><E117/><V36/><F116/><W100/><G118/><T101/><D101/><U18/><E18/><V51/><F124/><W96/><G109/><T32/><D32/><U4/><E126/><V77/><F110/><W93/><G24/><T103/><D103/><U127/><E127/><V65/><F65/><W26/><G26/><T61/><D61/><U57/><E104/><V2/><F2/><W5/><G5/><T66/><D3/><U85/><E4/><V11/><F11/><W134/><G134/><T6/><D21/><U28/><E28/><V54/><F54/><W49/><G107/><T87/><REACH who="0" step="1"/><D50/><REACH who="0" ten="493,199,209,89" step="2"/><U130/><E115/><V122/><F51/><W132/><G132/><T29/><D29/><U71/><E112/><V22/><F22/><W23/><G70/><T123/><AGARI ba="2,1" hai="6,8,14,58,60,66,78,82,84,86,87,120,121,123" machi="123" ten="30,6000,0" yaku="1,1,0,1,53,1" doraHai="67" doraHaiUra="62" who="0" fromWho="0" sc="493,76,199,-22,209,-22,89,-22" /><INIT seed="0,3,0,0,1,83" ten="569,177,187,67" oya="0" hai0="59,82,119,33,116,52,48,56,96,110,31,57,36" hai1="130,66,32,111,120,62,133,41,26,106,1,44,113" hai2="63,89,117,0,13,74,123,51,112,37,46,8,81" hai3="35,131,16,61,95,99,23,84,47,72,53,65,18"/><T38/><D110/><U90/><E90/><V85/><F123/><W2/><G72/><T9/><D9/><U124/><E26/><V98/><F112/><W125/><G2/><T134/><D134/><U70/><E62/><V127/><F127/><W19/><G125/><T15/><D15/><U80/><E80/><V17/><F117/><W10/><G131/><T43/><D96/><U102/><E102/><V21/><F37/><N who="0" m="14442" /><D82/><U101/><E44/><V94/><F74/><W11/><G35/><T3/><D3/><U30/><E41/><V58/><F0/><W135/><G135/><T34/><D31/><U22/><E66/><V122/><F122/><W114/><G114/><T14/><D14/><U50/><E101/><V104/><F104/><W91/><G23/><T76/><D76/><U20/><E50/><V121/><F121/><W86/><G10/><T88/><D88/><U132/><E22/><V39/><F39/><W108/><G11/><T87/><D87/><N who="3" m="33321" /><G108/><T69/><D33/><U12/><E20/><V54/><F21/><W7/><G7/><T109/><D34/><U107/><E132/><V115/><F115/><W118/><G118/><N who="0" m="45099" /><D69/><U77/><E70/><V27/><F81/><W105/><G105/><T42/><D109/><U28/><E120/><V126/><F126/><W4/><G4/><T60/><D60/><U29/><E111/><V49/><F63/><W25/><G25/><T73/><D73/><U5/><E113/><V128/><F27/><W129/><G129/><T45/><AGARI ba="3,0" hai="42,43,45,48,52,56,57,59" m="45099,14442" machi="45" ten="40,7800,0" yaku="34,2,54,1" doraHai="83" who="0" fromWho="0" sc="569,87,177,-29,187,-29,67,-29" /><INIT seed="0,4,0,0,4,82" ten="656,148,158,38" oya="0" hai0="24,75,46,134,103,18,110,65,112,39,45,96,135" hai1="42,90,125,44,98,124,35,38,69,21,29,105,80" hai2="5,22,83,53,127,52,37,63,94,86,50,77,84" hai3="30,128,67,109,115,32,7,31,118,60,92,116,54"/><T97/><D75/><U16/><E69/><V68/><F37/><W17/><G115/><T4/><D4/><U27/><E105/><V121/><F121/><W87/><G128/><T91/><D112/><U41/><E41/><V15/><F127/><W114/><G114/><T108/><D65/><U3/><E3/><V78/><F68/><W101/><G109/><N who="0" m="42091" /><D91/><U33/><E98/><N who="0" m="37993" /><D103/><U126/><E29/><V49/><F63/><W85/><G7/><T57/><D57/><U76/><REACH who="1" step="1"/><E90/><REACH who="1" ten="656,138,158,38" step="2"/><N who="2" m="53591" /><F78/><W71/><G71/><T129/><D129/><U61/><E61/><V23/><F50/><W47/><G60/><T102/><D39/><U120/><E120/><V51/><F51/><W14/><G30/><T74/><D102/><U40/><E40/><V12/><F49/><W113/><G31/><T26/><D46/><U70/><E70/><V89/><F77/><W64/><G47/><T13/><D45/><U28/><E28/><V55/><F5/><W79/><G32/><T11/><D18/><U59/><E59/><V62/><F62/><W58/><G17/><T36/><D36/><U8/><E8/><V99/><F99/><W20/><G116/><T25/><D11/><U95/><E95/><V19/><F19/><N who="3" m="10359" /><G118/><T48/><D48/><U133/><E133/><V131/><F131/><W6/><G113/><T43/><D43/><U122/><E122/><V0/><F0/><W1/><G6/><T9/><D9/><U132/><E132/><V81/><F23/><W93/><G1/><T104/><D135/><U56/><E56/><V111/><F22/><W117/><G93/><RYUUKYOKU ba="4,1" sc="656,-10,138,30,158,-10,38,-10" hai1="16,21,27,33,35,38,42,44,76,80,124,125,126" /><INIT seed="1,5,1,3,2,125" ten="646,168,148,28" oya="1" hai0="82,24,79,90,20,65,92,28,108,33,112,10,16" hai1="49,105,75,38,6,48,117,51,71,87,132,8,102" hai2="25,5,11,41,31,23,22,111,27,39,131,66,129" hai3="123,0,12,109,72,47,95,37,81,91,106,59,1"/><U44/><E75/><V128/><F66/><W9/><G123/><T7/><D112/><U96/><E71/><V113/><F113/><W15/><G106/><T103/><D103/><U86/><E117/><V104/><F104/><W78/><G109/><T19/><D108/><U97/><E97/><V133/><F111/><W122/><G122/><T57/><D57/><U40/><REACH who="1" step="1"/><E132/><REACH who="1" ten="646,158,148,28" step="2"/><V88/><F133/><W55/><G72/><T36/><D36/><U42/><E42/><V46/><F88/><W101/><G91/><T17/><D65/><U2/><AGARI ba="5,2" hai="2,6,8,38,40,44,48,49,51,86,87,96,102,105" machi="2" ten="30,3000,0" yaku="1,1,0,1,53,0" doraHai="125" doraHaiUra="134" who="1" fromWho="1" sc="646,-15,158,65,148,-15,28,-15" /><INIT seed="1,6,0,5,4,79" ten="631,223,133,13" oya="1" hai0="111,46,112,75,15,109,95,50,94,47,9,29,3" hai1="61,12,81,14,98,114,117,41,85,33,27,1,132" hai2="51,99,21,38,97,16,92,121,74,78,10,64,101" hai3="106,34,90,127,0,56,57,129,18,48,31,19,4"/><U76/><E1/><V20/><F38/><W100/><G129/><T113/><D75/><U91/><E117/><V7/><F121/><W123/><G123/><T43/><D3/><U116/><E116/><V102/><F64/><W69/><G127/><T96/><D29/><U63/><E114/><V70/><F70/><W107/><G69/><T134/><D134/><U60/><E132/><V118/><F118/><W83/><G31/><T37/><D112/><U55/><E33/><V93/><F51/><W5/><G34/><T104/><D104/><U25/><E41/><V73/><F7/><W87/><G0/><T54/><D113/><U133/><E133/><V45/><F45/><W103/><G48/><T84/><D84/><N who="1" m="48167" /><E55/><V44/><F44/><W120/><G120/><T22/><D22/><U11/><E98/><V30/><F30/><W126/><G126/><T125/><D125/><U110/><E110/><N who="0" m="41993" /><D96/><U86/><E86/><V62/><F74/><W88/><G87/><T122/><D122/><U42/><E42/><V119/><F119/><W82/><AGARI ba="6,0" hai="4,5,18,19,56,57,82,83,88,90,100,103,106,107" machi="82" ten="25,12000,2" yaku="0,1,22,2,52,2,54,1" doraHai="79" who="3" fromWho="3" sc="631,-36,223,-66,133,-36,13,138" /><INIT seed="2,0,0,4,5,123" ten="595,157,97,151" oya="2" hai0="50,63,88,119,115,61,13,34,51,55,35,56,4" hai1="3,107,21,64,33,41,82,49,81,40,10,77,111" hai2="60,9,95,78,24,94,126,128,106,36,129,37,38" hai3="92,52,80,98,44,91,116,19,32,30,65,27,131"/><V26/><F106/><W72/><G116/><T18/><D115/><U22/><E107/><V125/><F9/><W69/><G131/><N who="2" m="50249" /><F60/><W121/><G121/><T20/><D119/><U15/><E33/><V66/><F78/><W42/><G19/><T120/><D120/><U86/><E3/><V58/><F58/><W73/><G65/><T71/><D71/><U2/><E2/><V122/><F66/><W100/><G69/><T90/><D34/><U53/><E64/><V101/><F122/><W17/><G17/><T76/><D76/><U114/><E81/><V109/><F101/><W102/><G73/><T6/><D35/><U124/><E114/><V103/><F103/><W0/><G0/><T130/><D63/><U117/><E117/><V54/><F54/><W43/><G72/><T84/><D130/><U79/><E79/><V113/><F113/><W75/><G75/><T83/><D90/><U11/><E41/><V104/><F104/><W85/><G100/><T89/><D89/><U25/><E40/><V57/><F57/><W110/><G43/><T70/><D70/><U12/><E11/><V68/><F68/><W31/><G42/><T133/><D133/><U99/><E99/><V45/><F45/><W134/><G134/><T67/><D67/><U97/><E97/><V132/><F132/><W14/><G98/><T8/><D4/><U5/><E5/><V23/><F109/><W47/><G110/><T112/><D112/><U29/><E111/><V48/><F48/><W7/><G7/><T96/><D96/><U87/><E10/><V39/><F37/><RYUUKYOKU ba="0,0" sc="595,30,157,-10,97,-10,151,-10" hai0="6,8,13,18,20,50,51,55,56,61,83,84,88" /><INIT seed="3,1,0,2,0,48" ten="625,147,87,141" oya="3" hai0="33,120,16,92,118,11,117,81,55,84,114,66,63" hai1="20,31,24,17,102,104,7,111,91,86,44,45,37" hai2="82,4,72,1,10,115,128,95,105,71,85,59,99" hai3="76,57,9,77,97,125,28,60,108,110,135,127,89"/><W15/><G135/><T78/><D33/><U22/><E37/><V100/><F128/><W34/><G28/><T8/><D120/><U13/><E111/><N who="3" m="42538" /><G34/><T41/><D41/><U101/><E104/><V58/><F71/><W21/><G21/><T35/><D35/><U12/><E7/><V52/><F115/><W134/><G134/><T29/><D29/><U14/><E101/><V61/><F59/><W130/><G130/><T6/><D114/><U131/><E102/><V109/><F109/><W88/><G97/><T27/><D27/><N who="1" m="16871" /><E131/><V46/><F46/><W38/><G38/><T43/><D16/><U93/><AGARI ba="1,0" hai="12,13,14,17,22,24,44,45,86,91,93" m="16871" machi="93" ten="30,1100,0" yaku="8,1" doraHai="48" who="1" fromWho="1" sc="625,-4,147,14,87,-4,141,-6" owari="621,72.0,161,-4.0,83,-42.0,135,-26.0" /></mjloggm>