<mjloggm ver="2.3"><GO type="41" lobby="0"/><UN n0="%E3%81%A1%E3%82%85%E3%81%8B%E3%81%95" n1="%E3%82%A6%E3%83%AB%E3%83%88%E3%83%A9%E7%AB%8B%E7%9B%B4" n2="%79%6F%73%69%6B%69" n3="%4E%6F%31%30%31%30%38" dan="13,16,15,13" rate="1908.84,2057.10,1985.51,1859.52" sx="M,M,M,M"/><TAIKYOKU oya="0"/><INIT seed="0,0,0,2,1,54" ten="250,250,250,250" oya="0" hai0="44,130,16,103,93,129,106,17,0,42,119,66,64" hai1="41,114,20,33,34,31,110,92,82,94,46,77,111" hai2="86,62,53,101,85,27,13,99,96,70,74,18,65" hai3="97,118,6,80,63,120,124,84,30,112,116,127,83"/><T132/><D0/><U22/><E114/><V87/><F74/><W40/><G30/><T52/><D119/><N who="3" m="45609" /><G6/><T5/><D5/><U25/><E34/><V69/><F69/><W121/><G63/><T76/><D76/><U26/><E33/><V59/><F27/><W115/><G40/><T81/><D132/><U28/><E110/><V125/><F125/><N who="3" m="48203" /><G97/><T105/><D81/><N who="3" m="31305" /><G84/><T126/><D126/><U79/><E111/><V55/><F55/><W36/><G36/><T91/><D52/><U47/><E82/><V37/><F37/><W60/><G60/><T12/><D103/><U128/><E128/><N who="0" m="49257" /><D105/><U122/><E122/><AGARI ba="0,0" hai="112,115,120,121,122" m="31305,48203,45609" machi="122" ten="40,12000,2" yaku="28,2,13,1,18,1,34,2" doraHai="54" who="3" fromWho="1" sc="250,0,250,-120,250,0,250,120" /><INIT seed="1,0,0,1,1,67" ten="250,130,250,370" oya="1" hai0="133,49,32,50,93,3,42,4,51,69,80,60,2" hai1="135,7,91,54,41,103,97,81,132,46,87,77,12" hai2="88,107,66,64,130,82,20,29,53,101,16,15,6" hai3="131,68,26,10,31,99,129,73,55,14,106,113,74"/><U1/><E1/><V5/><F130/><N who="3" m="49675" /><G113/><T30/><D32/><U79/><E54/><V76/><F107/><W58/><G99/><T134/><D30/><U83/><E12/><V36/><F36/><W90/><G90/><T33/><D33/><U59/><E7/><V44/><F101/><W56/><G106/><T25/><D25/><U96/><E59/><N who="3" m="22570" /><G55/><T89/><D80/><U112/><E112/><V0/><F0/><W75/><G14/><T95/><D42/><U43/><E91/><V117/><F117/><W23/><G10/><T121/><D121/><U8/><E8/><V120/><F120/><W110/><G110/><T105/><D105/><U102/><REACH who="1" step="1"/><E87/><REACH who="1" ten="250,120,250,370" step="2"/><V62/><F5/><W111/><G111/><T40/><D2/><U38/><E38/><V52/><F6/><W119/><G119/><T57/><D3/><U100/><E100/><V70/><F53/><W47/><G47/><AGARI ba="0,1" hai="41,43,46,47,77,79,81,83,96,97,102,103,132,135" machi="47" ten="25,4800,0" yaku="1,1,22,2,53,0" doraHai="67" doraHaiUra="123" who="1" fromWho="3" sc="250,0,120,58,250,0,370,-48" /><INIT seed="1,1,0,0,0,51" ten="250,178,250,322" oya="1" hai0="107,103,66,1,97,44,46,79,61,130,127,121,90" hai1="110,70,9,42,95,2,31,26,27,86,87,50,37" hai2="134,83,106,69,21,105,20,34,35,102,40,85,91" hai3="62,132,65,63,36,78,48,73,0,109,93,115,113"/><U56/><E70/><V60/><F69/><W47/><G0/><T75/><D1/><U7/><E110/><V38/><F134/><W96/><G109/><T5/><D121/><U72/><E72/><V81/><F60/><W94/><G132/><T131/><D127/><U80/><E27/><V89/><F85/><W77/><G73/><T74/><D5/><U112/><E112/><V135/><F135/><W59/><G36/><T54/><D74/><U11/><E37/><V125/><F125/><W122/><G122/><T15/><D75/><U92/><E11/><V101/><F38/><W88/><G115/><T129/><D79/><U17/><E17/><V71/><F71/><W67/><G94/><T30/><D30/><U49/><E86/><V118/><REACH who="2" step="1"/><F40/><REACH who="2" ten="250,178,240,322" step="2"/><N who="3" m="24679" /><G113/><T55/><D90/><U58/><E42/><V99/><F99/><W23/><G23/><T45/><REACH who="0" step="1"/><D15/><REACH who="0" ten="240,178,240,322" step="2"/><U119/><E2/><V25/><F25/><W100/><G100/><T108/><D108/><U8/><E26/><V12/><F12/><W43/><G43/><T52/><D52/><U16/><E7/><V117/><AGARI ba="1,2" hai="20,21,34,35,81,83,89,91,101,102,105,106,117,118" machi="117" ten="25,12000,2" yaku="1,1,0,1,22,2,53,2" doraHai="51" doraHaiUra="28" who="2" fromWho="2" sc="240,-31,178,-61,240,143,322,-31" /><INIT seed="2,0,0,1,4,30" ten="209,117,383,291" oya="2" hai0="135,35,21,127,14,102,62,125,122,84,57,19,82" hai1="6,44,50,131,25,58,49,22,0,89,105,42,99" hai2="94,52,46,115,4,134,5,43,36,15,13,124,29" hai3="8,85,27,40,72,48,47,39,51,86,106,119,88"/><V101/><F115/><W34/><G119/><T87/><D122/><U33/><E131/><V38/><F29/><W18/><G106/><T117/><D117/><U128/><E128/><V3/><F3/><W2/><G72/><T71/><D71/><U83/><E6/><V133/><F94/><W32/><G85/><T12/><D135/><N who="2" m="51722" /><F101/><W1/><G1/><T130/><D130/><U129/><E0/><V67/><F67/><W126/><G126/><N who="0" m="48139" /><D102/><U24/><E129/><V60/><F124/><W109/><G109/><T114/><D114/><U59/><E105/><V91/><F91/><W104/><G104/><T31/><D31/><U123/><E123/><V26/><F26/><W132/><G132/><T113/><D113/><U63/><E25/><V100/><F100/><W78/><G78/><T96/><D96/><U9/><E99/><V17/><F15/><W118/><G118/><T79/><D35/><U120/><E33/><V116/><F116/><W37/><G27/><N who="0" m="14783" /><D84/><U45/><E120/><V97/><F97/><W11/><G2/><T70/><D70/><U80/><E24/><V81/><F81/><W74/><G74/><T66/><AGARI ba="0,0" hai="12,14,57,62,66,79,82,87" m="14783,48139" machi="66" ten="30,1100,0" yaku="18,1" doraHai="30" who="0" fromWho="0" sc="209,11,117,-3,383,-5,291,-3" /><INIT seed="3,0,0,4,0,63" ten="220,114,378,288" oya="3" hai0="101,89,18,110,59,45,75,38,135,90,100,67,96" hai1="22,93,97,37,46,131,36,13,33,48,102,74,107" hai2="91,3,12,121,78,123,108,25,51,24,122,44,116" hai3="115,83,77,111,61,47,20,106,1,49,43,125,9"/><W99/><G115/><T134/><D110/><U62/><E33/><V53/><F3/><W79/><G111/><T40/><D75/><U109/><E109/><V132/><F108/><W87/><G125/><T70/><D70/><U103/><E131/><V58/><F116/><W10/><G77/><T128/><D128/><U114/><E114/><V14/><F78/><W117/><G106/><T113/><D113/><U64/><E74/><V16/><F12/><W126/><G117/><T104/><D101/><U81/><E81/><V0/><F0/><W69/><G126/><T56/><D18/><U92/><E107/><V52/><F132/><N who="0" m="50730" /><D59/><U31/><E37/><V35/><F91/><W68/><G99/><T94/><D104/><U124/><E36/><V39/><F39/><W7/><G10/><T29/><D29/><U19/><E31/><V73/><F73/><W28/><REACH who="3" step="1"/><G61/><AGARI ba="0,0" hai="38,40,45,56,61,67,89,90,94,96,100" m="50730" machi="61" ten="30,2000,0" yaku="20,1,52,1" doraHai="63" who="0" fromWho="3" sc="220,20,114,0,378,0,288,-20" /><INIT seed="4,0,0,4,0,110" ten="240,114,378,268" oya="0" hai0="113,69,48,84,40,60,19,58,55,86,111,36,78" hai1="20,65,67,129,32,23,133,119,98,17,125,130,103" hai2="74,42,82,1,104,93,49,116,44,57,128,59,6" hai3="71,90,120,41,132,117,9,30,73,51,22,79,37"/><T45/><D69/><U106/><E119/><V63/><F104/><W85/><G117/><T38/><D111/><U101/><E32/><V5/><F116/><W28/><G132/><T109/><D109/><U10/><E10/><V107/><F107/><W76/><G120/><T24/><D113/><U35/><E35/><V91/><F128/><W83/><G71/><T96/><D96/><U8/><E8/><V131/><F131/><N who="1" m="50185" /><E133/><V77/><F1/><W43/><G37/><T72/><D72/><U97/><E125/><V66/><REACH who="2" step="1"/><F59/><REACH who="2" ten="240,114,368,268" step="2"/><W100/><G73/><T53/><D36/><U114/><E106/><V7/><F7/><W135/><G135/><T0/><D0/><U124/><E124/><V25/><F25/><W18/><G100/><T75/><D38/><U15/><E103/><V39/><F39/><W105/><G105/><T27/><D75/><U21/><E101/><V121/><F121/><W70/><G70/><T4/><D4/><U50/><E15/><V2/><F2/><W29/><G9/><T115/><D115/><U122/><E122/><V118/><F118/><W134/><G134/><T47/><D45/><U64/><E17/><V16/><F16/><W14/><G41/><T87/><D40/><U95/><E114/><V33/><F33/><W34/><G34/><T61/><D19/><U56/><E56/><V123/><F123/><W80/><G80/><N who="0" m="47127" /><D61/><U68/><E95/><V52/><F52/><W3/><G3/><T11/><D11/><U112/><E112/><V89/><F89/><W108/><G108/><T127/><D127/><U31/><E68/><RYUUKYOKU ba="0,1" sc="240,10,114,-30,368,10,268,10" hai0="24,27,47,48,53,55,58,60,86,87" hai2="5,6,42,44,49,57,63,66,74,77,82,91,93" hai3="14,18,22,28,29,30,43,51,76,79,83,85,90" /><INIT seed="4,1,1,5,0,72" ten="250,84,378,278" oya="0" hai0="14,97,84,80,130,2,86,22,44,63,102,3,67" hai1="69,25,87,124,116,76,85,111,57,62,107,127,79" hai2="91,132,71,45,54,30,93,9,129,99,49,61,66" hai3="38,123,8,113,40,18,50,135,65,119,60,27,64"/><T90/><D130/><U23/><E69/><V34/><F129/><W77/><G119/><T125/><D125/><N who="1" m="48203" /><E107/><V74/><F132/><W83/><G135/><T88/><D44/><U55/><E111/><V56/><F74/><W12/><G113/><T29/><D14/><U52/><E55/><V121/><F121/><W0/><G123/><T51/><D51/><U105/><E105/><V15/><F30/><W108/><G0/><T58/><D22/><U89/><E116/><V122/><F34/><W94/><G108/><T128/><D128/><U104/><E104/><V36/><F122/><W47/><G38/><T75/><D75/><U98/><E98/><V70/><REACH who="2" step="1"/><F36/><REACH who="2" ten="250,84,368,278" step="2"/><W39/><G39/><T101/><D29/><N who="1" m="17599" /><E87/><V92/><F92/><AGARI ba="1,2" hai="52,57,62,76,79,85,89,92" m="17599,48203" machi="92" ten="30,7700,0" yaku="18,1,52,2,54,1" doraHai="72" who="1" fromWho="2" sc="250,0,84,100,368,-80,278,0" /><INIT seed="5,0,0,4,4,110" ten="250,184,288,278" oya="1" hai0="68,118,129,22,116,3,21,69,40,124,64,39,90" hai1="7,100,106,2,49,80,105,32,113,43,71,19,30" hai2="86,5,121,29,42,131,25,61,123,128,107,103,1" hai3="23,0,33,63,53,114,73,58,119,95,99,125,14"/><U56/><E71/><V54/><F42/><W24/><G119/><T45/><D3/><U79/><E113/><V31/><F31/><W81/><G114/><T104/><D104/><U75/><E100/><V84/><F54/><W48/><G125/><T50/><D124/><U17/><E17/><V12/><F103/><W27/><G33/><T70/><D129/><N who="2" m="49738" /><F107/><N who="1" m="40969" /><E19/><V94/><F1/><W15/><G0/><T111/><D90/><U38/><E49/><V52/><F5/><W122/><G122/><N who="2" m="46601" /><F94/><W60/><G81/><T41/><D21/><U78/><E56/><N who="2" m="34951" /><F12/><N who="3" m="4651" /><G73/><T134/><D22/><AGARI ba="0,0" hai="22,25,29,84,86" m="34951,46601,49738" machi="22" ten="30,2000,0" yaku="19,1,54,1" doraHai="110" who="2" fromWho="0" sc="250,-20,184,0,288,20,278,0" /><INIT seed="6,0,0,5,5,2" ten="230,184,308,278" oya="2" hai0="117,107,55,18,79,52,124,84,111,24,90,70,43" hai1="91,25,109,71,96,53,37,122,16,15,4,95,19" hai2="22,85,77,23,56,82,65,44,131,72,78,128,3" hai3="7,35,67,87,32,26,48,113,89,110,30,104,114"/><V106/><F106/><W127/><G110/><T21/><D107/><U51/><E37/><V135/><F3/><W36/><G104/><T102/><D102/><U1/><E71/><V20/><F44/><W17/><G36/><T86/><D117/><U119/><E119/><V58/><F65/><W29/><G48/><T130/><D130/><N who="2" m="49706" /><F135/><W88/><G67/><T103/><D103/><U60/><E109/><V62/><F62/><W41/><G41/><T10/><D70/><U125/><E125/><V54/><F54/><W8/><G127/><T123/><D123/><U80/><E122/><V133/><F133/><W116/><G17/><N who="1" m="6730" /><E60/><V121/><F121/><W108/><G108/><T12/><D124/><U40/><E40/><V50/><F50/><W134/><G134/><T75/><D111/><U31/><E1/><V9/><F9/><W74/><G74/><T92/><D43/><U73/><E73/><V34/><F34/><N who="3" m="12843" /><G26/><T11/><D75/><U101/><E25/><V118/><F118/><W120/><G116/><T39/><D39/><U94/><E31/><N who="3" m="11786" /><G87/><T49/><D11/><N who="1" m="4583" /><E51/><V6/><F72/><W66/><G66/><T115/><D115/><N who="3" m="44041" /><G120/><T68/><D68/><U28/><E28/><V0/><F0/><AGARI ba="0,0" hai="0,7,8,88,89" m="44041,11786,12843" machi="0" ten="30,7700,0" yaku="15,1,11,1,52,1,54,1" doraHai="2" who="3" fromWho="2" sc="230,0,184,0,308,-77,278,77" /><INIT seed="7,0,0,0,4,121" ten="230,184,231,355" oya="3" hai0="59,21,8,27,70,11,44,108,116,86,132,65,14" hai1="81,131,19,66,73,33,79,15,40,122,72,124,80" hai2="77,109,93,39,102,20,41,47,112,99,1,26,107" hai3="57,135,113,2,22,118,9,100,49,58,53,96,128"/><W24/><G118/><T91/><D116/><U105/><E33/><V31/><F112/><W50/><G113/><T16/><D132/><U114/><E114/><V129/><F129/><W98/><G128/><T28/><D70/><U55/><E122/><V101/><F77/><W35/><G135/><T89/><D108/><U126/><E131/><V56/><F1/><W13/><G35/><T123/><D123/><U68/><E105/><V64/><F102/><W42/><G2/><T125/><D125/><U106/><E106/><V67/><F109/><W74/><G74/><T111/><D111/><U51/><E40/><V78/><F78/><W52/><G42/><T29/><D44/><U127/><E66/><V10/><F107/><W87/><G87/><T48/><D11/><U61/><E61/><V62/><REACH who="2" step="1"/><F10/><REACH who="2" ten="230,184,221,355" step="2"/><W119/><G100/><T130/><D130/><U92/><E68/><V95/><F95/><W23/><G119/><T37/><D37/><U63/><E63/><V104/><F104/><W97/><G24/><T30/><D89/><U38/><E38/><V12/><F12/><W134/><G134/><T60/><D48/><U7/><E92/><V88/><F88/><W83/><G83/><T117/><D117/><U75/><E79/><V120/><F120/><W133/><G133/><T54/><D65/><AGARI ba="0,1" hai="20,26,31,39,41,47,56,62,64,65,67,93,99,101" machi="65" ten="30,7700,0" yaku="1,1,7,1,25,2,53,0" doraHai="121" doraHaiUra="45" who="2" fromWho="0" sc="230,-77,184,0,221,87,355,0" owari="153,-35.0,184,-22.0,308,11.0,355,46.0" /></mjloggm>