<mjloggm ver="2.3"><GO type="41" lobby="0"/><UN n0="%E6%B5%81%E3%82%8C%E8%80%85%51" n1="%E3%82%A6%E3%83%AB%E3%83%88%E3%83%A9%E7%AB%8B%E7%9B%B4" n2="%E6%98%9F%E5%B1%91%E3%81%98%E3%81%8E%E3%83%BC" n3="%61%73%61%72%65%6E" dan="13,16,16,13" rate="1837.54,2069.93,2061.14,1902.89" sx="M,M,M,M"/><TAIKYOKU oya="0"/><INIT seed="0,0,0,2,5,66" ten="250,250,250,250" oya="0" hai0="60,111,128,59,54,73,118,131,76,44,27,19,14" hai1="83,4,85,121,38,39,105,61,99,107,32,109,36" hai2="55,103,79,42,106,29,91,78,110,62,81,96,74" hai3="15,50,26,129,20,21,56,6,112,46,16,122,102"/><T72/><D118/><U9/><E121/><V18/><F110/><W117/><G112/><T17/><D111/><U133/><E109/><V87/><F29/><W12/><G117/><T114/><D114/><U77/><E133/><V86/><F42/><W7/><G129/><N who="0" m="49739" /><D76/><U52/><E32/><V75/><F18/><N who="0" m="6666" /><D14/><U119/><E119/><V48/><F62/><W135/><G135/><T13/><D13/><U30/><E30/><V115/><F115/><W84/><G122/><T88/><D27/><U58/><REACH who="1" step="1"/><E99/><REACH who="1" ten="250,240,250,250" step="2"/><V100/><F48/><W71/><G84/><T45/><D73/><N who="2" m="27658" /><F55/><W97/><G97/><T93/><D72/><U134/><E134/><V37/><F37/><W3/><G3/><AGARI ba="0,1" hai="3,4,9,36,38,39,52,58,61,77,83,85,105,107" machi="3" ten="40,2600,0" yaku="1,1,54,1,53,0" doraHai="66" doraHaiUra="123" who="1" fromWho="3" sc="250,0,240,36,250,0,250,-26" /><INIT seed="1,0,0,2,1,95" ten="250,276,250,224" oya="1" hai0="125,23,0,14,65,66,100,106,6,18,1,60,99" hai1="35,70,16,54,64,21,42,41,4,101,78,32,91" hai2="29,115,117,30,3,110,51,7,134,34,132,122,36" hai3="80,116,49,90,120,31,68,109,10,86,88,39,33"/><U103/><E4/><V108/><F36/><W131/><G120/><T105/><D125/><U133/><E133/><N who="2" m="51307" /><F122/><W97/><G131/><T74/><D74/><U113/><E113/><V38/><F38/><W98/><G68/><T135/><D135/><U47/><E78/><V96/><F117/><W55/><G39/><T112/><D112/><U82/><E64/><V28/><F51/><W48/><G116/><T13/><D66/><U26/><E70/><V85/><F85/><W25/><G109/><N who="2" m="42089" /><F115/><W128/><G128/><T118/><D118/><U73/><E42/><V89/><F89/><W52/><G10/><T127/><D127/><U22/><E41/><V119/><F96/><W43/><G90/><T19/><D6/><U76/><E47/><V102/><F102/><W93/><G93/><T129/><D129/><U77/><E54/><V56/><F56/><W12/><G12/><T45/><D45/><U11/><E77/><V75/><F75/><W8/><G8/><T121/><D121/><U5/><E91/><V87/><F87/><W50/><G43/><T84/><D84/><U126/><E126/><V92/><F92/><W40/><G40/><T57/><D106/><U114/><E114/><V104/><F104/><W124/><G124/><T24/><D24/><N who="1" m="14375" /><E103/><V46/><F46/><W59/><G48/><T130/><D130/><U44/><E101/><V94/><F94/><W107/><G107/><T20/><AGARI ba="0,0" hai="0,1,13,14,18,19,20,23,57,60,65,99,100,105" machi="20" ten="20,5200,0" yaku="0,1,7,1,9,1,52,1" doraHai="95" who="0" fromWho="0" sc="250,52,276,-26,250,-13,224,-13" /><INIT seed="2,0,0,1,3,24" ten="302,250,237,211" oya="2" hai0="135,126,43,35,70,42,134,87,26,52,122,121,64" hai1="104,102,63,100,44,89,1,71,22,56,31,7,18" hai2="14,12,20,25,115,37,6,21,16,83,94,131,114" hai3="68,123,111,27,19,86,72,117,132,74,124,76,55"/><V97/><F37/><W75/><G123/><T77/><D126/><U47/><E71/><V46/><F131/><W8/><G124/><T129/><D129/><U108/><E108/><V3/><F3/><W29/><G111/><T23/><D35/><U11/><E102/><V4/><F46/><W127/><G127/><T30/><D77/><U15/><E100/><V2/><F2/><W49/><G68/><T84/><D64/><U62/><E104/><V36/><F36/><W103/><G132/><N who="0" m="50731" /><D52/><U32/><E89/><V66/><F66/><W90/><G103/><T113/><D70/><U120/><E120/><N who="0" m="46185" /><D113/><U60/><REACH who="1" step="1"/><E56/><REACH who="1" ten="302,240,237,211" step="2"/><V34/><F115/><W59/><G90/><T98/><D98/><U130/><E130/><V13/><F114/><W125/><G125/><T95/><D87/><U48/><E48/><V82/><F34/><W10/><G86/><T112/><D112/><U119/><E119/><V54/><F21/><W9/><G117/><T79/><D79/><U41/><E41/><V65/><F65/><W53/><G55/><T69/><D69/><U85/><E85/><V0/><F54/><W133/><G133/><T78/><D78/><U73/><E73/><V88/><F0/><W5/><G76/><T58/><D58/><U51/><E51/><V116/><F116/><W38/><G72/><T99/><D84/><U101/><E101/><AGARI ba="0,1" hai="23,26,30,42,43,95,99,101" m="46185,50731" machi="101" ten="30,2000,0" yaku="20,1,52,1" doraHai="24" who="0" fromWho="1" sc="302,30,240,-20,237,0,211,0" /><INIT seed="3,0,0,1,5,78" ten="332,220,237,211" oya="3" hai0="82,3,128,79,15,122,26,27,113,29,41,100,28" hai1="53,135,16,17,104,2,74,125,32,14,134,22,108" hai2="7,87,61,90,68,110,97,38,81,8,130,19,58" hai3="37,119,111,21,44,52,109,86,118,13,102,50,116"/><W65/><G102/><T60/><D3/><U11/><E104/><V105/><F38/><W127/><G127/><T30/><D122/><U10/><E74/><V72/><F68/><W133/><G133/><N who="1" m="50698" /><E53/><V47/><F110/><N who="3" m="41995" /><G86/><N who="0" m="48479" /><D113/><U129/><E108/><V56/><F130/><W1/><G1/><T69/><D69/><U85/><E85/><V48/><F72/><W114/><G114/><T107/><D107/><U34/><E125/><V57/><F19/><N who="3" m="10479" /><G65/><T91/><D100/><U24/><E129/><V54/><F105/><W106/><G106/><T94/><D128/><U121/><E121/><V132/><F132/><W98/><G98/><N who="0" m="57695" /><D15/><U89/><E89/><V20/><F97/><W101/><G101/><T42/><D60/><U123/><E123/><V36/><F36/><AGARI ba="0,0" hai="36,37,44,50,52,116,118,119" m="10479,41995" machi="36" ten="40,7700,0" yaku="14,1,10,1,54,1" doraHai="78" who="3" fromWho="2" sc="332,0,220,0,237,-77,211,77" /><INIT seed="3,1,0,1,0,108" ten="332,220,160,288" oya="3" hai0="130,87,100,72,59,91,19,40,8,34,38,50,80" hai1="5,96,61,18,99,33,56,78,86,28,121,62,21" hai2="71,32,29,1,41,17,7,107,64,93,111,74,20" hai3="68,27,128,66,6,13,26,118,135,25,115,47,120"/><W73/><G120/><T134/><D34/><U4/><E121/><V119/><F119/><W9/><G118/><T117/><D117/><U125/><E125/><V81/><F111/><W51/><G73/><T65/><D38/><U60/><E28/><V103/><F41/><W58/><G135/><T49/><D134/><U55/><E33/><V39/><F39/><W52/><G128/><T70/><D70/><U106/><E106/><V69/><F74/><W53/><G115/><T14/><D72/><U12/><E86/><V11/><F81/><W10/><G10/><T15/><D100/><U129/><E78/><V82/><F82/><W30/><G68/><T43/><D130/><U2/><E129/><V42/><F42/><N who="0" m="15914" /><D15/><U98/><E2/><V109/><F109/><W88/><G88/><T77/><D77/><U89/><REACH who="1" step="1"/><E89/><REACH who="1" ten="332,210,160,288" step="2"/><V112/><F29/><W104/><G104/><T123/><D123/><U36/><E36/><V113/><F32/><W105/><G105/><T83/><D83/><U23/><E23/><V31/><F31/><W16/><G30/><T37/><D37/><U131/><E131/><V95/><F107/><W24/><G6/><AGARI ba="1,1" hai="4,5,6,12,18,21,55,56,60,61,62,96,98,99" machi="6" ten="40,8000,1" yaku="1,1,8,1,53,3" doraHai="108" doraHaiUra="57" who="1" fromWho="3" sc="332,0,210,93,160,0,288,-83" /><INIT seed="4,0,0,5,5,87" ten="332,303,160,205" oya="0" hai0="94,119,47,125,68,113,8,29,114,62,52,48,44" hai1="9,83,71,46,22,32,74,42,121,6,64,3,60" hai2="101,112,93,115,0,21,55,58,36,134,132,102,91" hai3="98,31,1,18,20,135,26,130,2,12,15,35,117"/><T107/><D119/><U120/><E22/><V75/><F36/><W40/><G117/><T99/><D107/><U63/><E63/><V23/><F0/><W78/><G40/><T38/><D125/><U70/><E70/><V28/><F75/><W53/><G53/><T123/><D123/><U96/><E96/><V73/><F73/><W45/><G45/><T110/><D29/><U33/><E120/><V97/><F28/><W90/><G78/><T5/><D110/><U89/><E121/><V124/><F124/><W65/><G65/><T129/><D129/><U41/><E41/><V128/><F128/><W4/><G130/><T104/><D104/><U103/><E103/><V79/><F79/><W77/><G77/><T30/><D30/><U51/><E74/><V25/><F23/><W61/><G61/><T7/><D68/><U24/><E24/><V108/><F108/><W39/><G39/><T59/><D38/><U56/><E71/><V131/><F131/><W43/><G43/><T57/><D62/><U100/><E100/><N who="2" m="38507" /><F25/><W54/><G54/><T50/><D114/><N who="2" m="43562" /><F21/><W80/><G135/><N who="2" m="51753" /><F55/><W34/><G34/><T86/><D113/><U118/><E118/><V106/><F58/><N who="0" m="22026" /><D86/><N who="1" m="50399" /><E33/><V37/><F37/><W92/><G80/><T14/><D7/><U85/><E85/><V13/><F13/><W127/><G127/><T16/><D5/><U133/><E32/><V105/><AGARI ba="0,0" hai="91,93,97,105,106" m="51753,43562,38507" machi="105" ten="40,8000,1" yaku="15,1,20,1,34,2,52,1" doraHai="87" who="2" fromWho="2" sc="332,-40,303,-20,160,80,205,-20" /><INIT seed="5,0,0,4,1,2" ten="292,283,240,185" oya="1" hai0="111,118,52,4,98,121,114,113,29,116,6,17,32" hai1="45,85,83,61,117,5,58,24,59,81,112,130,91" hai2="131,12,133,62,104,75,44,127,55,122,16,38,36" hai3="51,120,123,10,110,74,27,56,132,3,39,77,1"/><U54/><E117/><N who="0" m="45161" /><D98/><U49/><E130/><V28/><F131/><W107/><G110/><T25/><D52/><U7/><E112/><N who="0" m="43113" /><D111/><U92/><E58/><V63/><F122/><W11/><G107/><T72/><D72/><U35/><E35/><V109/><F109/><W105/><G105/><T94/><D94/><U31/><E31/><V60/><F127/><W33/><G132/><T37/><D37/><U100/><E24/><V43/><F133/><W76/><G39/><T21/><D121/><U26/><E26/><AGARI ba="0,0" hai="4,6,17,21,25,26,29,32" m="43113,45161" machi="26" ten="30,8000,1" yaku="15,1,34,2,52,2" doraHai="2" who="0" fromWho="1" sc="292,80,283,-80,240,0,185,0" /><INIT seed="6,0,0,1,5,52" ten="372,203,240,185" oya="2" hai0="43,127,76,29,38,26,40,115,45,93,75,3,85" hai1="92,119,0,133,91,124,30,97,14,37,123,82,35" hai2="5,22,89,19,116,102,11,15,68,62,73,63,78" hai3="103,67,51,1,42,105,50,46,113,120,121,125,100"/><V135/><F116/><W101/><G125/><T58/><D127/><U88/><E0/><V25/><F135/><W72/><G72/><T48/><D3/><U65/><E124/><V94/><F102/><W57/><G1/><T87/><D75/><U111/><E111/><V66/><F73/><W34/><G34/><T18/><D43/><U49/><E37/><V83/><F83/><W12/><G12/><T110/><D110/><U106/><E106/><V60/><REACH who="2" step="1"/><F78/><REACH who="2" ten="372,203,230,185" step="2"/><W129/><G120/><T131/><D76/><U55/><E119/><V71/><F71/><W17/><G121/><T10/><D131/><U61/><E133/><V90/><F90/><W41/><G129/><T39/><D87/><AGARI ba="0,1" hai="5,11,15,19,22,25,60,62,63,66,68,87,89,94" machi="87" ten="30,5800,0" yaku="1,1,7,1,53,1" doraHai="52" doraHaiUra="2" who="2" fromWho="0" sc="372,-58,203,0,230,68,185,0" /><INIT seed="6,1,0,1,0,112" ten="314,203,298,185" oya="2" hai0="16,88,97,14,55,30,67,33,69,68,40,50,104" hai1="29,64,35,79,107,0,15,54,17,2,19,133,72" hai2="134,12,1,131,126,77,56,43,87,7,49,24,98" hai3="93,32,23,100,127,108,58,110,82,11,76,22,116"/><V70/><F70/><W13/><G32/><T120/><D120/><U71/><E79/><V96/><F1/><N who="1" m="617" /><E54/><V89/><F131/><W21/><G127/><T31/><D40/><U42/><E64/><V92/><F126/><W119/><G58/><T125/><D125/><U111/><E72/><V52/><F134/><W53/><G53/><T117/><D69/><U57/><E57/><V27/><F43/><W59/><G59/><T3/><D67/><U102/><E102/><V4/><F77/><W75/><G93/><T51/><D51/><U124/><E107/><V28/><F27/><W135/><G135/><T45/><D68/><U36/><E36/><V121/><F121/><W47/><G47/><T9/><D104/><U26/><E42/><V105/><F105/><W84/><G100/><T114/><D114/><U91/><E91/><V18/><F24/><W74/><G75/><T123/><D123/><U99/><E99/><N who="2" m="37931" /><F28/><W130/><G130/><T44/><D44/><U73/><E71/><V113/><F113/><W122/><G122/><T63/><D63/><U90/><E124/><V39/><F39/><W5/><REACH who="3" step="1"/><G74/><REACH who="3" ten="314,203,298,175" step="2"/><T46/><D46/><U41/><E73/><V25/><F25/><W95/><G95/><T65/><D45/><U83/><E133/><V20/><AGARI ba="1,1" hai="4,7,12,18,20,49,52,56,87,89,92" m="37931" machi="20" ten="30,6000,0" yaku="25,1,8,1,54,1" doraHai="112" who="2" fromWho="2" sc="314,-21,203,-21,298,73,175,-21" /><INIT seed="6,2,0,3,4,30" ten="293,182,371,154" oya="2" hai0="14,3,74,101,41,84,118,22,51,49,108,102,40" hai1="26,33,69,54,94,128,93,112,71,47,11,58,67" hai2="70,123,64,32,2,73,79,105,134,95,110,132,52" hai3="25,65,21,18,55,63,90,43,75,44,129,82,48"/><V34/><F105/><W119/><G119/><T131/><D108/><U56/><E47/><V59/><F123/><W98/><G129/><T78/><D3/><U36/><E36/><V0/><F110/><W13/><G75/><T23/><D118/><U87/><E128/><V121/><F121/><W66/><G66/><T89/><D74/><U39/><E39/><V42/><F42/><N who="0" m="16490" /><D78/><U104/><E104/><V68/><F95/><W61/><G61/><T10/><D131/><U27/><E67/><V126/><F126/><W38/><G82/><N who="0" m="49303" /><D23/><U15/><E87/><V109/><F109/><W99/><G90/><T35/><D35/><N who="2" m="13354" /><F79/><W60/><G60/><T133/><D22/><U9/><E33/><V92/><F73/><W107/><G107/><T17/><D133/><N who="2" m="51306" /><F92/><W122/><G122/><T117/><D117/><U124/><E94/><V31/><F31/><W81/><G81/><T19/><D17/><U72/><E93/><V7/><F64/><W76/><G76/><T57/><D57/><U125/><E72/><V20/><F20/><W91/><G91/><T62/><D62/><U24/><E124/><V103/><F103/><AGARI ba="2,0" hai="10,14,19,49,51,101,102,103" m="49303,16490" machi="103" ten="30,1000,0" yaku="8,1" doraHai="30" who="0" fromWho="2" sc="293,16,182,0,371,-16,154,0" /><INIT seed="7,0,0,0,5,124" ten="309,182,355,154" oya="3" hai0="25,106,72,107,129,40,0,55,41,101,122,99,12" hai1="36,47,135,69,53,29,134,42,44,94,15,51,125" hai2="91,79,63,83,22,21,119,132,9,61,100,131,86" hai3="2,77,18,102,52,71,38,65,7,56,14,90,78"/><W114/><G38/><T13/><D122/><U76/><E125/><V115/><F119/><W58/><G102/><T93/><D0/><U49/><E76/><V127/><F127/><W64/><G114/><T54/><D72/><U66/><E29/><V73/><F115/><W81/><G71/><T59/><D25/><U92/><E15/><V80/><F132/><N who="1" m="50729" /><E51/><V104/><F9/><W48/><G2/><T85/><D85/><U5/><E5/><V11/><F11/><N who="3" m="6495" /><G7/><T27/><D27/><U19/><E19/><V130/><F100/><W84/><G58/><T118/><D118/><U70/><E66/><AGARI ba="0,0" hai="48,52,56,64,65,66,77,78,81,84,90" m="6495" machi="66" ten="30,2900,0" yaku="8,1,54,1" doraHai="124" who="3" fromWho="1" sc="309,0,182,-29,355,0,154,29" /><INIT seed="7,1,0,5,5,4" ten="309,153,355,183" oya="3" hai0="87,32,55,96,74,120,127,95,60,40,66,68,101" hai1="117,75,49,82,106,126,105,118,17,130,48,63,104" hai2="52,113,7,5,122,1,51,34,121,92,44,71,102" hai3="83,24,13,64,111,22,80,81,72,69,56,9,90"/><W31/><G111/><T99/><D120/><N who="2" m="46186" /><F71/><W20/><G69/><T124/><D32/><U61/><E82/><V25/><F113/><W28/><G72/><T16/><D74/><U133/><E75/><V76/><F76/><W84/><G64/><T43/><D87/><U19/><E126/><N who="0" m="48169" /><D99/><U41/><E41/><N who="0" m="15945" /><D55/><U46/><E46/><V21/><F34/><W73/><G73/><T3/><D3/><U97/><E97/><N who="2" m="59687" /><F1/><W65/><G65/><T131/><D131/><U129/><REACH who="1" step="1"/><E106/><REACH who="1" ten="309,143,355,183" step="2"/><V53/><F44/><W59/><G56/><T58/><D58/><U18/><E18/><AGARI ba="1,1" hai="16,18,60,66,68,95,96,101" m="15945,48169" machi="18" ten="30,2000,0" yaku="18,1,54,1" doraHai="4" who="0" fromWho="1" sc="309,33,143,-23,355,0,183,0" owari="342,14.0,120,-38.0,355,46.0,183,-22.0" /></mjloggm>