<mjloggm ver="2.3"><GO type="97" lobby="0"/><UN n0="%E9%88%B4%E4%BE%8D" n1="%E3%82%A6%E3%83%AB%E3%83%88%E3%83%A9%E7%AB%8B%E7%9B%B4" n2="%79%6F%75%6B%69%35%35%35" n3="%E3%83%9F%E3%83%B3%E3%83%88%E3%82%AC%E3%83%A0" dan="15,15,14,13" rate="1959.53,1951.42,1912.12,2016.05" sx="M,M,M,M"/><TAIKYOKU oya="0"/><INIT seed="0,0,0,0,2,105" ten="250,250,250,250" oya="0" hai0="67,22,117,129,40,121,97,133,48,83,113,130,24" hai1="124,86,66,46,12,79,134,15,84,53,120,35,63" hai2="34,80,128,64,19,57,93,112,28,111,126,125,96" hai3="43,20,118,109,70,50,71,91,72,6,73,41,135"/><T122/><D117/><U85/><E35/><V68/><F112/><W30/><G118/><T62/><D113/><U39/><E120/><V87/><F68/><W76/><G135/><T38/><D133/><U56/><E134/><V102/><F19/><W74/><G109/><T61/><D97/><U81/><E124/><N who="2" m="47723" /><F28/><W103/><G91/><T108/><D108/><U44/><E39/><V21/><F21/><W27/><G76/><T47/><D38/><U60/><E46/><V5/><F5/><W33/><G103/><T45/><D83/><U106/><E106/><V119/><F119/><W92/><G92/><T69/><D45/><U58/><REACH who="1" step="1"/><E44/><REACH who="1" ten="250,240,250,250" step="2"/><V132/><F34/><W4/><G33/><T0/><D122/><U75/><AGARI ba="0,1" hai="12,15,53,56,58,60,63,66,75,79,81,84,85,86" machi="75" ten="30,7900,0" yaku="1,1,2,1,0,1,52,1,53,0" doraHai="105" doraHaiUra="25" who="1" fromWho="1" sc="250,-39,240,89,250,-20,250,-20" /><INIT seed="1,0,0,3,2,130" ten="211,329,230,230" oya="1" hai0="95,67,18,98,57,100,102,71,103,124,6,3,39" hai1="2,82,25,1,7,107,134,80,106,42,32,92,93" hai2="22,104,33,116,133,109,118,123,53,44,65,63,21" hai3="20,38,48,85,28,13,43,119,128,62,24,131,113"/><U8/><E42/><V125/><F33/><W5/><G113/><T122/><D122/><U59/><E59/><V52/><F104/><W26/><G119/><N who="2" m="45609" /><F123/><W74/><G74/><T70/><D39/><U47/><E47/><V12/><F12/><W54/><G62/><T37/><D37/><U31/><E92/><V135/><F22/><W14/><G26/><T29/><D124/><U64/><E93/><V30/><F30/><W49/><G85/><T19/><D29/><U4/><E64/><V34/><F34/><W61/><G61/><T23/><D6/><U121/><E121/><V55/><F21/><W56/><G49/><T105/><D3/><U129/><E82/><V66/><F109/><W91/><G91/><T77/><D77/><U41/><E80/><V78/><F78/><W0/><G0/><T87/><D87/><U84/><E84/><V15/><F15/><W36/><G36/><T120/><D120/><U10/><E41/><V96/><F96/><W99/><G99/><N who="0" m="61695" /><D102/><U112/><E112/><V88/><F125/><W94/><G94/><T46/><D46/><U40/><E40/><V27/><F27/><W73/><G73/><T111/><D111/><U72/><E107/><V68/><F88/><W86/><G86/><T101/><D101/><U17/><E106/><V108/><F108/><W35/><G5/><T110/><D110/><U114/><E72/><V16/><F16/><N who="0" m="6186" /><D23/><U115/><E1/><V89/><F89/><W58/><G35/><T81/><D81/><U9/><E2/><V60/><F44/><N who="3" m="23671" /><G56/><AGARI ba="0,0" hai="52,53,55,56,60,63,65,66,68,133,135" m="45609" machi="56" ten="30,8000,1" yaku="34,2,52,2,54,1" doraHai="130" who="2" fromWho="3" sc="211,0,329,0,230,80,230,-80" /><INIT seed="2,0,0,2,4,18" ten="211,329,310,150" oya="2" hai0="83,98,46,50,116,35,87,57,105,114,11,97,120" hai1="41,45,31,10,93,101,49,70,32,38,103,111,16" hai2="0,51,25,28,82,5,76,81,15,91,118,27,24" hai3="52,36,85,44,134,96,128,78,62,2,20,34,47"/><V95/><F118/><W61/><G34/><T72/><D114/><U84/><E70/><V3/><F82/><W126/><G2/><T23/><D116/><U99/><E111/><V124/><F124/><W43/><G126/><T110/><D120/><U102/><E38/><V19/><F51/><W71/><G71/><T94/><D35/><U73/><E73/><V77/><F77/><W129/><G96/><T100/><D110/><U107/><E31/><V69/><F69/><W29/><G134/><T112/><D112/><U122/><E32/><V92/><F92/><W67/><G67/><T106/><D57/><U88/><E122/><V21/><F5/><W75/><G75/><T115/><D115/><U22/><E10/><V48/><F48/><N who="3" m="28679" /><G85/><T60/><D72/><U90/><E90/><V109/><F109/><W104/><G104/><T117/><D117/><U59/><E59/><V86/><REACH who="2" step="1"/><F28/><REACH who="2" ten="211,329,300,150" step="2"/><W37/><G78/><T56/><D106/><U66/><E107/><V113/><F113/><W79/><G79/><T74/><D105/><U127/><E127/><V40/><F40/><W63/><G37/><T119/><D119/><U121/><E121/><V89/><F89/><W12/><G29/><T55/><D74/><AGARI ba="0,1" hai="0,3,15,19,21,24,25,27,74,76,81,86,91,95" machi="74" ten="40,3900,0" yaku="1,1,52,1,53,0" doraHai="18" doraHaiUra="42" who="2" fromWho="0" sc="211,-39,329,0,300,49,150,0" /><INIT seed="2,1,0,0,4,57" ten="172,329,349,150" oya="2" hai0="27,89,10,73,43,17,29,113,63,108,127,51,2" hai1="8,124,118,45,107,54,128,28,24,31,94,20,82" hai2="81,34,84,119,56,90,30,101,41,77,11,32,78" hai3="6,102,26,126,42,93,66,46,52,131,72,95,109"/><V9/><F119/><W7/><G72/><T69/><D113/><U49/><E107/><V38/><F38/><W19/><G109/><T114/><D114/><U79/><E118/><V21/><F34/><W55/><G131/><T125/><D108/><U91/><E124/><N who="0" m="47689" /><D73/><U112/><E128/><V92/><F32/><W58/><G126/><T122/><D122/><U135/><E135/><V76/><F41/><W37/><G7/><N who="0" m="1399" /><D17/><U100/><E100/><V44/><F44/><W96/><G6/><T130/><D130/><U80/><E79/><V35/><F35/><W18/><G95/><T13/><D13/><U15/><E28/><V120/><F120/><W85/><G85/><T99/><D99/><N who="1" m="57823" /><E112/><V36/><F36/><W5/><G5/><AGARI ba="1,0" hai="5,8,15,20,24,31,45,49,54,80,82" m="57823" machi="5" ten="30,1000,0" yaku="8,1" doraHai="57" who="1" fromWho="3" sc="172,0,329,13,349,0,150,-13" /><INIT seed="3,0,0,4,5,39" ten="172,342,349,137" oya="3" hai0="70,40,36,12,51,33,104,64,13,81,47,46,133" hai1="56,84,60,124,38,112,110,43,22,126,120,31,37" hai2="119,55,32,26,11,1,54,49,59,127,77,80,97" hai3="28,131,85,90,96,123,62,103,14,79,0,65,34"/><W52/><G0/><T29/><D104/><U53/><E120/><V78/><F119/><W125/><G131/><T66/><D133/><U17/><E112/><V93/><F127/><N who="1" m="48681" /><E110/><V74/><F78/><W115/><G125/><T7/><D47/><N who="1" m="24047" /><E38/><V98/><F55/><W4/><G115/><T118/><D13/><N who="1" m="9519" /><E84/><V50/><F50/><W107/><G123/><T132/><D36/><U61/><E31/><V9/><F1/><W105/><G105/><T102/><D29/><U5/><E5/><V63/><F49/><AGARI ba="0,0" hai="49,53,56,60,61" m="9519,24047,48681" machi="49" ten="30,2000,0" yaku="18,1,52,1" doraHai="39" who="1" fromWho="2" sc="172,0,342,20,349,-20,137,0" owari="172,-23.0,362,46.0,329,13.0,137,-36.0" /></mjloggm>