<mjloggm ver="2.3"><GO type="41" lobby="0"/><UN n0="%E3%81%99%E3%82%82%E3%82%93%E3%82%82" n1="%E3%83%90%E3%82%A4%E3%83%90%E3%82%A4%E3%83%8B%E3%83%BC%E3%83%88" n2="%E3%82%A6%E3%83%AB%E3%83%88%E3%83%A9%E7%AB%8B%E7%9B%B4" n3="%E3%83%95%E3%83%AB%E3%83%9C%E3%83%83%E3%82%B3%EF%BC%9E%EF%BC%9C%EF%BC%9B" dan="14,14,16,14" rate="1989.06,1881.52,2053.66,1914.69" sx="M,M,M,F"/><TAIKYOKU oya="0"/><INIT seed="0,0,0,4,5,13" ten="250,250,250,250" oya="0" hai0="87,108,91,110,55,10,56,7,80,57,32,47,115" hai1="43,102,85,70,22,44,132,20,133,19,27,23,28" hai2="109,71,8,119,64,5,46,42,61,30,41,97,14" hai3="69,53,26,124,125,67,122,60,11,3,120,83,33"/><T72/><D115/><U18/><E70/><V126/><F126/><N who="3" m="48747" /><G83/><T129/><D72/><U111/><E102/><V68/><F109/><W65/><G53/><T89/><D32/><U35/><E85/><V76/><F119/><W92/><G92/><T54/><D129/><U2/><E43/><V31/><F68/><W49/><G49/><T96/><D96/><U45/><E45/><V25/><F42/><W77/><G65/><T130/><D130/><U112/><E44/><V73/><F97/><W0/><G77/><T84/><D47/><U81/><E81/><V39/><F73/><W50/><G50/><T29/><D29/><U38/><E38/><V117/><F76/><W66/><G66/><T113/><D113/><U131/><E131/><V1/><F117/><W106/><G106/><T86/><D80/><U88/><E88/><N who="0" m="33865" /><D10/><U12/><E112/><V74/><F74/><W58/><G11/><T98/><D98/><U94/><E94/><V78/><F78/><W75/><G58/><N who="0" m="22635" /><D7/><U51/><E51/><V103/><F39/><W36/><G36/><T62/><D62/><U135/><E2/><N who="3" m="554" /><G75/><T15/><D15/><N who="1" m="9311" /><E35/><V121/><F71/><W52/><G52/><AGARI ba="0,0" hai="52,54,55,84,86,87,108,110" m="22635,33865" machi="52" ten="40,12000,1" yaku="28,2,54,2" doraHai="13" who="0" fromWho="3" sc="250,120,250,0,250,0,250,-120" /><INIT seed="0,1,0,5,3,10" ten="370,250,250,130" oya="0" hai0="36,3,109,29,81,104,88,71,94,19,44,33,42" hai1="77,0,60,7,61,113,87,13,54,112,122,106,16" hai2="121,66,46,79,57,115,118,120,101,6,39,116,64" hai3="124,83,72,58,111,28,27,107,20,55,85,51,12"/><T68/><D104/><U8/><E122/><V26/><F101/><W73/><G111/><T30/><D3/><U5/><E106/><V15/><F79/><W35/><G107/><T135/><D19/><U74/><E74/><V21/><F115/><N who="1" m="44105" /><E54/><V23/><F57/><W84/><G124/><T53/><D68/><U102/><E102/><V128/><F128/><W110/><G110/><T92/><D71/><U63/><E0/><V91/><F91/><W97/><G97/><T48/><D109/><U45/><E45/><V50/><F39/><W38/><G38/><T89/><D33/><U126/><E126/><V103/><F103/><W99/><G99/><T114/><D114/><U75/><E75/><V86/><F86/><W56/><G56/><T131/><D131/><U37/><E37/><V59/><F59/><W105/><G105/><T133/><D81/><AGARI ba="1,0" hai="5,7,8,13,16,60,61,63,77,81,87" m="44105" machi="81" ten="30,3900,0" yaku="11,1,52,1,54,1" doraHai="10" who="1" fromWho="0" sc="370,-42,250,42,250,0,130,0" /><INIT seed="1,0,0,1,3,118" ten="328,292,250,130" oya="1" hai0="61,127,93,112,99,17,25,39,55,76,79,64,135" hai1="113,27,15,11,34,24,3,94,41,91,106,85,103" hai2="2,81,35,26,96,23,62,80,100,8,114,16,42" hai3="47,117,30,37,33,4,104,69,67,45,19,32,107"/><U53/><E113/><V9/><F114/><W63/><G117/><T119/><D112/><U109/><E3/><V29/><F42/><W38/><G4/><T72/><D119/><U60/><E41/><V86/><F2/><W126/><G126/><T14/><D39/><U10/><E34/><V77/><F81/><W0/><G0/><T98/><D72/><U92/><E106/><V88/><F77/><W121/><G121/><T49/><D127/><U129/><E129/><V82/><F82/><W111/><G111/><T6/><D6/><U101/><E109/><V50/><F50/><W133/><G133/><T52/><D25/><N who="1" m="9803" /><E11/><V115/><F115/><W18/><G18/><T31/><D31/><U108/><E108/><V1/><F1/><W89/><G89/><T83/><D83/><U54/><E94/><V116/><F116/><W57/><G30/><T132/><D99/><U105/><E105/><V21/><F62/><W78/><G107/><T87/><D87/><U90/><E90/><V131/><F131/><W58/><G104/><T97/><D98/><U124/><E124/><V71/><F71/><W51/><G78/><T44/><D55/><N who="1" m="21003" /><E60/><V128/><F128/><W125/><G69/><T28/><D28/><U102/><E101/><V73/><F73/><W56/><G32/><T95/><D95/><U12/><E12/><N who="2" m="9351" /><F35/><W134/><G33/><T120/><D120/><U20/><E20/><V122/><F122/><W68/><G125/><T84/><D135/><U65/><E65/><V43/><F43/><W123/><G134/><T75/><D132/><U70/><E70/><RYUUKYOKU ba="0,0" sc="328,-15,292,15,250,15,130,-15" hai1="10,15,85,91,92,102,103" hai2="8,9,23,26,29,80,86,88,96,100" /><INIT seed="1,1,0,1,1,12" ten="313,307,265,115" oya="1" hai0="4,116,108,40,101,75,48,3,9,73,44,130,109" hai1="26,79,23,0,54,14,74,86,15,37,88,64,100" hai2="52,95,58,30,41,91,83,6,68,123,133,22,112" hai3="82,111,16,131,105,10,67,25,115,102,34,60,46"/><U72/><E0/><V65/><F123/><W110/><G115/><T121/><D116/><U49/><E37/><V103/><F112/><W1/><G131/><T98/><D121/><U38/><E38/><V89/><F41/><W129/><G129/><T28/><D28/><U107/><E64/><V69/><F133/><W8/><G82/><T56/><D56/><U132/><E132/><V13/><F65/><W21/><G1/><T31/><D31/><U127/><E127/><V94/><F68/><N who="3" m="42087" /><G46/><T135/><D135/><U7/><E107/><V117/><F69/><W42/><G42/><T19/><D19/><U76/><E100/><V124/><F124/><W85/><G85/><T33/><D33/><U53/><E74/><V27/><F117/><W51/><G51/><T47/><D47/><N who="1" m="27839" /><E72/><V93/><F103/><W35/><G102/><T120/><D120/><U71/><E71/><V55/><F83/><W66/><G66/><T84/><D84/><U87/><E54/><V99/><F55/><W92/><G105/><T80/><D80/><N who="1" m="47391" /><E76/><V18/><F6/><W5/><G92/><T17/><D130/><U11/><E11/><N who="3" m="4138" /><G5/><T104/><REACH who="0" step="1"/><D17/><REACH who="0" ten="303,307,265,115" step="2"/><N who="1" m="12655" /><E7/><V113/><F113/><W59/><G59/><T70/><D70/><U106/><E106/><V126/><F126/><W90/><G34/><T81/><D81/><AGARI ba="1,1" hai="14,15,81,87,88" m="12655,47391,27839" machi="81" ten="30,5800,0" yaku="8,1,52,1,54,1" doraHai="12" who="1" fromWho="0" sc="303,-61,307,71,265,0,115,0" /><INIT seed="1,2,0,5,5,128" ten="242,378,265,115" oya="1" hai0="62,105,40,119,107,80,42,15,8,48,49,39,21" hai1="9,85,122,5,109,104,115,26,135,24,81,82,38" hai2="51,108,95,133,68,126,112,79,74,125,102,45,18" hai3="33,4,55,72,90,27,73,129,111,11,75,100,76"/><U57/><E122/><V47/><F68/><W25/><G111/><T53/><D39/><U13/><E115/><V98/><F112/><W123/><G129/><T0/><D0/><U69/><E69/><V103/><F108/><W10/><G123/><T134/><D119/><U93/><E104/><V78/><F74/><W31/><G27/><T28/><D107/><U23/><E109/><V97/><F18/><W30/><G30/><T113/><D105/><U64/><E38/><V16/><F16/><W43/><G43/><T117/><D117/><U71/><E93/><V63/><F63/><W118/><G118/><T56/><D113/><U130/><E130/><V60/><F60/><W20/><G33/><T66/><D80/><U86/><E71/><V67/><F95/><W36/><G36/><T83/><D83/><U96/><E96/><V35/><F35/><W37/><G37/><T124/><D124/><U61/><E26/><V50/><REACH who="2" step="1"/><F67/><REACH who="2" ten="242,378,255,115" step="2"/><W110/><G110/><T65/><D66/><U7/><E61/><V1/><F1/><W54/><G72/><T121/><D121/><U84/><E64/><V58/><F58/><W6/><G73/><T59/><D59/><U70/><E57/><V22/><F22/><W131/><G75/><T12/><D65/><U132/><E70/><V46/><F46/><W19/><G19/><T87/><D62/><U89/><E5/><V29/><F29/><W77/><G31/><T44/><D56/><U88/><REACH who="1" step="1"/><E85/><REACH who="1" ten="242,368,255,115" step="2"/><V34/><F34/><W14/><G4/><T99/><D87/><U2/><E2/><V17/><F17/><AGARI ba="2,2" hai="7,9,13,17,23,24,81,82,84,86,88,89,132,135" machi="17" ten="40,18000,2" yaku="1,1,6,1,9,1,52,2,54,1,53,0" doraHai="128" doraHaiUra="32" who="1" fromWho="2" sc="242,0,368,206,255,-186,115,0" /><INIT seed="1,3,0,1,0,11" ten="242,574,69,115" oya="1" hai0="111,34,4,80,71,21,15,128,81,75,130,6,17" hai1="61,114,59,2,19,93,103,95,36,60,7,123,88" hai2="112,24,27,56,62,106,5,23,41,121,120,82,38" hai3="92,50,35,94,8,78,119,91,89,108,3,104,68"/><U43/><E114/><V98/><F112/><W105/><G108/><T31/><D71/><U1/><E123/><V116/><F116/><W87/><G119/><T118/><D118/><U53/><E61/><V58/><F5/><W65/><G35/><T30/><D75/><U127/><E127/><V16/><F56/><W125/><G125/><T76/><D76/><U85/><E7/><V79/><F27/><W73/><G73/><T52/><D81/><U135/><E135/><V51/><F51/><W102/><G102/><T10/><D80/><U110/><E110/><V64/><F106/><W18/><G78/><T96/><D96/><U14/><E43/><V133/><F98/><W9/><G68/><T47/><D111/><U86/><E36/><V12/><F133/><W39/><G65/><T90/><D90/><U99/><REACH who="1" step="1"/><E86/><REACH who="1" ten="242,564,69,115" step="2"/><V69/><F69/><W72/><G39/><T109/><D109/><U37/><E37/><V97/><F41/><W42/><G42/><T77/><D128/><U117/><E117/><V131/><F38/><W13/><G87/><T33/><D130/><U45/><E45/><V129/><F129/><W100/><G72/><T134/><D47/><U113/><E113/><V0/><F131/><W84/><G84/><T57/><D134/><U46/><E46/><V101/><F121/><W66/><G105/><T40/><D40/><U25/><E25/><V49/><F120/><W32/><G104/><T20/><D4/><U22/><AGARI ba="3,1" hai="1,2,14,19,22,53,59,60,85,88,93,95,99,103" machi="22" ten="20,18000,2" yaku="1,1,0,1,7,1,52,1,54,1,53,1" doraHai="11" doraHaiUra="83" who="1" fromWho="1" sc="242,-63,564,199,69,-63,115,-63" /><INIT seed="1,4,0,0,2,49" ten="179,763,6,52" oya="1" hai0="68,21,133,67,29,93,83,100,51,94,107,10,104" hai1="78,60,121,34,5,110,101,123,0,3,76,35,126" hai2="16,2,73,77,41,19,56,14,88,57,81,64,12" hai3="103,135,55,89,4,130,48,40,86,79,134,20,70"/><U23/><E101/><V13/><F2/><W1/><G70/><T28/><D68/><U96/><E96/><V50/><F73/><W63/><G1/><T116/><D67/><U128/><E78/><V7/><F77/><W85/><G4/><T25/><D116/><U18/><E76/><V99/><F7/><W92/><G20/><T54/><D29/><U95/><E95/><N who="2" m="56807" /><F81/><W102/><G130/><T91/><D10/><N who="1" m="2343" /><E60/><N who="2" m="37895" /><F41/><W80/><G63/><T72/><D133/><N who="3" m="50697" /><G40/><T108/><D108/><U122/><E3/><V9/><F9/><W26/><G26/><T74/><D74/><U59/><E59/><AGARI ba="4,0" hai="48,55,59,79,80,85,86,89,92,102,103" m="50697" machi="59" ten="30,2000,0" yaku="20,1,52,1" doraHai="49" who="3" fromWho="1" sc="179,0,763,-32,6,0,52,32" /><INIT seed="2,0,0,4,3,19" ten="179,731,6,84" oya="2" hai0="75,118,93,116,89,45,124,56,67,113,28,18,27" hai1="99,85,36,25,72,88,63,135,3,2,74,100,133" hai2="50,60,96,68,119,23,37,105,130,9,101,43,122" hai3="14,40,125,123,21,66,49,81,115,29,70,129,57"/><V53/><F122/><W120/><G123/><T106/><D75/><U103/><E36/><V112/><F112/><W111/><G120/><T117/><D106/><U24/><E63/><V86/><F119/><W52/><G129/><T16/><D113/><U108/><E108/><V41/><F130/><W20/><G111/><T131/><D131/><U94/><E25/><V32/><F37/><W38/><G38/><T46/><D124/><U134/><E24/><V65/><F9/><W128/><G125/><T62/><D46/><U110/><E110/><V42/><F42/><W26/><G128/><T132/><D45/><U91/><E3/><V44/><F32/><W35/><G115/><T73/><D73/><N who="1" m="28267" /><E2/><V4/><F4/><W5/><G5/><T58/><D58/><U15/><E15/><V59/><F86/><W6/><G6/><T102/><D132/><U82/><AGARI ba="0,0" hai="82,85,88,91,94,99,100,103,133,134,135" m="28267" machi="82" ten="40,8000,1" yaku="20,1,34,2,54,1" doraHai="19" who="1" fromWho="1" sc="179,-20,731,80,6,-40,84,-20" owari="159,-4.0,811,91.0,-34,-53.0,64,-34.0" /></mjloggm>