<mjloggm ver="2.3"><GO type="169" lobby="0"/><UN n0="%E3%81%9F%E3%81%98%E3%81%BE%E3%81%AA%E3%81%BF" n1="%EF%BC%88%E2%89%A7%E2%96%BD%E2%89%A6%EF%BC%89" n2="%E8%B5%A4%E9%9B%AA%57%45%4C" n3="%54%4C%49%43%30%33" dan="17,19,16,16" rate="2187.79,2324.81,2108.02,2038.03" sx="F,M,M,M"/><TAIKYOKU oya="0"/><INIT seed="0,0,0,0,1,47" ten="250,250,250,250" oya="0" hai0="77,92,86,26,7,37,100,17,104,76,32,31,50" hai1="8,20,114,54,97,64,41,34,35,2,110,44,103" hai2="74,24,59,96,108,132,69,28,128,10,3,80,101" hai3="133,12,91,123,107,61,134,120,19,38,52,127,29"/><T40/><D37/><N who="1" m="21551" /><E54/><V42/><F59/><N who="3" m="35047" /><G38/><T65/><D104/><N who="1" m="63599" /><E20/><V6/><F42/><W27/><G107/><T9/><D17/><U98/><E98/><V117/><F117/><W125/><G27/><T71/><D71/><U62/><E110/><V75/><F108/><W124/><G29/><T55/><D65/><U21/><E21/><V39/><F39/><W60/><G60/><T121/><D40/><U122/><E122/><N who="3" m="46634" /><G91/><T84/><D121/><U43/><E43/><V56/><F56/><W116/><G116/><T106/><D106/><U94/><E62/><V18/><F69/><W85/><G85/><T83/><D100/><U66/><E66/><V49/><F101/><W131/><G131/><T11/><D7/><U70/><E64/><V126/><F6/><W90/><G90/><T16/><D77/><U25/><E25/><V119/><F24/><W135/><G19/><T36/><D36/><U30/><E30/><V67/><F18/><W111/><G12/><T105/><D105/><U33/><E70/><V0/><F28/><W112/><G111/><T78/><D16/><U95/><E34/><V15/><F15/><W79/><G79/><T88/><REACH who="0" step="1"/><D78/><REACH who="0" ten="240,250,250,250" step="2"/><U53/><E53/><V118/><F67/><W46/><G112/><T109/><D109/><U22/><E114/><V99/><F119/><W102/><G102/><T73/><D73/><U81/><E2/><V68/><F3/><W72/><G72/><T4/><D4/><U23/><E35/><V13/><F0/><W113/><G113/><T87/><D87/><U48/><E33/><V130/><F75/><RYUUKYOKU ba="0,1" sc="240,15,250,-15,250,-15,250,15" hai0="9,11,26,31,32,50,55,76,83,84,86,88,92" hai3="46,124,125,127,133,134,135" /><INIT seed="0,1,1,5,5,132" ten="255,235,235,265" oya="0" hai0="20,36,91,11,2,63,6,9,106,99,25,7,126" hai1="86,87,38,33,31,60,84,58,8,49,123,119,52" hai2="56,109,59,32,100,5,130,127,83,129,17,41,111" hai3="40,85,110,101,53,66,47,68,131,92,21,13,12"/><T77/><D36/><U122/><E38/><V23/><F32/><W44/><G110/><N who="2" m="41993" /><F41/><W30/><G131/><N who="2" m="50185" /><F5/><W115/><G115/><T118/><D77/><U71/><E119/><V54/><F100/><W113/><G113/><T24/><D118/><U73/><E73/><V43/><F43/><W64/><G40/><T114/><D114/><U96/><E96/><V35/><F35/><W48/><G68/><T95/><D106/><U107/><E107/><V37/><F37/><W88/><G47/><T108/><D108/><U70/><E8/><V105/><F105/><W125/><G125/><T61/><D126/><U116/><E116/><V45/><F83/><W94/><G13/><T98/><D98/><U46/><E122/><V29/><F29/><W133/><G133/><T93/><D93/><U102/><E102/><V120/><F120/><W62/><G62/><T28/><REACH who="0" step="1"/><D25/><REACH who="0" ten="245,235,235,265" step="2"/><U97/><E123/><V4/><F127/><W75/><G94/><T16/><D16/><U80/><E97/><V22/><F4/><W39/><G39/><T121/><D121/><U34/><E80/><V57/><F17/><W65/><G101/><T42/><D42/><U26/><REACH who="1" step="1"/><E33/><REACH who="1" ten="245,225,235,265" step="2"/><V18/><F18/><N who="3" m="10439" /><G75/><T67/><D67/><AGARI ba="1,3" hai="26,31,34,46,49,52,58,60,67,70,71,84,86,87" machi="67" ten="40,2600,0" yaku="1,1,54,1,53,0" doraHai="132" doraHaiUra="19" who="1" fromWho="0" sc="245,-29,225,59,235,0,265,0" /><INIT seed="1,0,0,5,3,9" ten="216,284,235,265" oya="1" hai0="124,47,51,91,83,42,113,23,89,25,72,80,36" hai1="120,86,125,11,109,22,75,16,123,44,85,100,26" hai2="8,132,55,66,82,39,67,96,27,34,76,59,58" hai3="97,87,90,5,57,98,41,99,24,53,28,40,56"/><U31/><E75/><V133/><F39/><W117/><G117/><T78/><D113/><U106/><E125/><V130/><F130/><W52/><G5/><T1/><D1/><U7/><E109/><V103/><F8/><W45/><G45/><T65/><D65/><U20/><E106/><V68/><F68/><W135/><G135/><N who="2" m="51785" /><F58/><N who="3" m="22635" /><G24/><T14/><D124/><U49/><E100/><V50/><F27/><W84/><G28/><T127/><D127/><U32/><E123/><V134/><F34/><W15/><G15/><T81/><D36/><U114/><E114/><V43/><F43/><N who="3" m="16459" /><G90/><T29/><D72/><U0/><E120/><V79/><F79/><W131/><G131/><T18/><REACH who="0" step="1"/><D78/><REACH who="0" ten="206,284,235,265" step="2"/><U62/><E0/><V108/><F134/><W95/><G95/><T126/><D126/><U107/><E107/><N who="2" m="63975" /><F108/><W17/><G17/><T19/><D19/><U38/><E16/><V70/><F70/><W73/><G73/><AGARI ba="0,1" hai="50,55,59,66,67,73,76,82" m="63975,51785" machi="73" ten="30,1000,0" yaku="20,1" doraHai="9" who="2" fromWho="3" sc="206,0,284,0,235,20,265,-10" /><INIT seed="2,0,0,4,5,63" ten="206,284,255,255" oya="2" hai0="71,41,69,119,27,135,2,65,38,123,61,85,97" hai1="55,8,133,34,3,0,18,104,107,88,52,103,37" hai2="94,124,101,78,49,47,7,95,108,84,120,70,17" hai3="75,126,100,32,80,68,98,112,79,66,11,6,40"/><V96/><F120/><W19/><G19/><T81/><D2/><U39/><E34/><V92/><F124/><W82/><G126/><T113/><D123/><U130/><E18/><V15/><F70/><W111/><G111/><T5/><D113/><U1/><E8/><V86/><F7/><W115/><G40/><T57/><D5/><U31/><E31/><V13/><F108/><W22/><G22/><T99/><D119/><U56/><E133/><V44/><F44/><W129/><G129/><T33/><D135/><U72/><E72/><V20/><F15/><W48/><G48/><T118/><D118/><U121/><E130/><V125/><F125/><W76/><G32/><T36/><D71/><U128/><E128/><V109/><F109/><W24/><G115/><T127/><D127/><U83/><E55/><V62/><F62/><N who="3" m="40023" /><G24/><T87/><D87/><N who="2" m="33322" /><F78/><W23/><G23/><T16/><D33/><U59/><E121/><V74/><F74/><N who="3" m="43031" /><G11/><T35/><D35/><U106/><E59/><V45/><F45/><W10/><G10/><T134/><D134/><U46/><E46/><V53/><AGARI ba="0,0" hai="13,17,20,47,49,53,92,94,95,96,101" m="33322" machi="53" ten="30,1500,0" yaku="8,1" doraHai="63" who="2" fromWho="2" sc="206,-5,284,-5,255,15,255,-5" /><INIT seed="2,1,0,1,5,129" ten="201,279,270,250" oya="2" hai0="49,96,75,61,97,94,127,79,65,120,28,130,6" hai1="62,132,98,122,20,29,11,24,7,15,103,10,8" hai2="106,67,95,108,118,59,114,110,80,52,78,26,74" hai3="27,43,126,119,21,93,16,84,55,31,30,51,1"/><V73/><F118/><W99/><G1/><T83/><D120/><U101/><E122/><V81/><F106/><W117/><G126/><T70/><D127/><U34/><E132/><V104/><F104/><W112/><G112/><T44/><D130/><U128/><E128/><V64/><F114/><W41/><G119/><T38/><D38/><U92/><E103/><V4/><F4/><W82/><G117/><T60/><D60/><U54/><REACH who="1" step="1"/><E34/><REACH who="1" ten="201,269,270,250" step="2"/><V72/><F108/><W39/><G39/><T23/><D6/><U121/><E121/><V125/><F110/><W115/><G115/><T107/><D107/><U66/><E66/><V14/><F125/><W105/><G105/><T133/><D133/><U77/><E77/><V71/><F67/><W56/><G43/><T18/><D28/><U13/><E13/><V89/><F64/><W46/><G41/><T45/><D65/><U123/><E123/><V22/><F71/><W48/><G31/><T0/><D70/><U63/><E63/><V124/><F14/><W35/><G35/><T91/><D61/><U87/><E87/><V57/><F124/><W86/><G30/><T58/><D0/><U12/><E12/><V76/><F73/><W9/><G9/><T102/><D102/><U85/><E85/><V2/><F2/><W17/><G82/><T37/><D97/><U100/><E100/><V131/><F131/><W25/><G86/><T19/><D96/><U5/><E5/><V135/><F135/><W47/><G84/><T40/><D83/><U111/><E111/><V33/><F81/><W32/><G32/><RYUUKYOKU ba="1,1" sc="201,-10,269,30,270,-10,250,-10" hai1="7,8,10,11,15,20,24,29,54,62,92,98,101" /><INIT seed="3,2,1,5,0,130" ten="191,299,260,240" oya="3" hai0="7,3,29,10,36,120,64,128,60,126,92,94,67" hai1="121,97,9,43,41,49,44,5,77,114,95,62,108" hai2="106,135,107,82,104,75,79,80,8,2,46,34,48" hai3="109,100,74,21,91,132,127,111,118,25,26,105,30"/><W84/><G74/><T31/><D120/><U117/><E114/><V63/><F34/><W27/><G118/><T56/><D128/><U11/><E121/><V124/><F124/><W6/><G127/><T15/><D126/><U16/><E117/><V123/><F123/><W59/><G132/><T85/><D36/><U12/><E108/><N who="3" m="41546" /><G6/><T125/><D125/><U88/><E77/><V98/><F80/><N who="3" m="49543" /><G59/><T68/><D68/><U73/><E62/><V54/><F63/><W72/><G72/><T69/><D69/><U24/><E73/><V13/><F2/><W35/><G35/><T51/><D3/><U0/><E24/><V57/><F57/><W33/><G33/><T50/><D67/><U55/><AGARI ba="2,1" hai="0,5,9,11,12,16,41,43,44,49,55,88,95,97" machi="55" ten="20,5200,0" yaku="0,1,7,1,54,2" doraHai="130" who="1" fromWho="1" sc="191,-15,299,68,260,-15,240,-28" /><INIT seed="4,0,0,5,0,26" ten="176,367,245,212" oya="0" hai0="107,131,105,92,95,74,91,70,54,46,133,22,106" hai1="71,122,116,38,109,10,101,69,99,94,111,72,126" hai2="34,52,6,56,23,35,75,29,123,25,114,28,64" hai3="44,89,98,81,108,77,112,57,1,88,124,40,16"/><T135/><D70/><U4/><E116/><V12/><F75/><W31/><G108/><T97/><D74/><U104/><E122/><V129/><F64/><W66/><G1/><T80/><D80/><U85/><E126/><V87/><F123/><W67/><G124/><T0/><D0/><U11/><E38/><V73/><F73/><W51/><G112/><T119/><D119/><U37/><E37/><V82/><F114/><W61/><G67/><T2/><D2/><U90/><E10/><N who="2" m="4183" /><F34/><W19/><G31/><T33/><D33/><U96/><E72/><V41/><F35/><W55/><G40/><T117/><D117/><U78/><E111/><V130/><F41/><W18/><REACH who="3" step="1"/><G98/><REACH who="3" ten="176,367,245,202" step="2"/><N who="0" m="57631" /><D135/><U110/><E110/><V127/><F127/><W24/><G24/><T103/><D133/><U118/><E99/><V134/><F134/><W42/><G42/><T32/><D97/><U60/><E109/><V113/><F113/><W43/><G43/><T62/><D107/><U13/><E118/><V5/><F130/><W53/><G53/><T50/><D106/><U36/><E104/><V102/><F129/><W20/><G20/><T59/><D105/><U93/><E36/><V21/><F25/><W128/><G128/><T14/><D131/><U49/><E96/><V48/><F102/><W79/><G79/><T30/><D32/><U65/><E78/><N who="2" m="46551" /><F5/><W8/><G8/><T45/><D30/><AGARI ba="0,1" hai="21,23,28,29,30,48,52,56" m="46551,4183" machi="30" ten="30,8000,1" yaku="8,1,52,3,54,1" doraHai="26" who="2" fromWho="0" sc="176,-80,367,0,245,90,202,0" /><INIT seed="5,0,0,0,1,37" ten="96,367,335,202" oya="1" hai0="134,79,22,32,88,47,4,40,11,133,99,126,127" hai1="60,26,91,63,77,110,98,5,123,48,61,31,83" hai2="36,124,57,29,67,74,54,92,84,115,20,15,97" hai3="111,80,7,33,52,113,62,0,9,10,8,87,18"/><U58/><E123/><V66/><F36/><W1/><G111/><T75/><D32/><U23/><E110/><V90/><F74/><W43/><G113/><T129/><D22/><U104/><E5/><V28/><F115/><W78/><G33/><T19/><D19/><U55/><E104/><V68/><F68/><W64/><G0/><T12/><D79/><U50/><E50/><V72/><F72/><W135/><G135/><N who="0" m="51723" /><D75/><U89/><REACH who="1" step="1"/><E98/><REACH who="1" ten="96,357,335,202" step="2"/><V65/><F97/><W82/><G7/><T35/><D129/><U44/><E44/><V128/><F128/><W122/><G122/><T13/><D35/><U114/><E114/><V105/><F105/><W16/><G1/><T14/><D127/><U93/><E93/><V86/><F124/><W25/><G82/><T70/><D126/><U119/><E119/><V49/><F86/><AGARI ba="0,1" hai="23,26,31,48,55,58,60,61,63,77,83,86,89,91" machi="86" ten="40,7700,0" yaku="1,1,8,1,53,1" doraHai="37" doraHaiUra="27" who="1" fromWho="2" sc="96,0,357,87,335,-77,202,0" /><INIT seed="5,1,0,0,3,27" ten="96,444,258,202" oya="1" hai0="9,122,117,55,79,94,108,63,135,8,24,75,103" hai1="60,26,25,62,105,90,22,50,78,119,10,52,45" hai2="44,96,19,66,32,36,46,123,21,71,42,120,31" hai3="3,84,131,49,134,34,11,76,113,88,13,58,40"/><U28/><E105/><V92/><F32/><W115/><G3/><T116/><D108/><U104/><E104/><V43/><F66/><W91/><G34/><T53/><D135/><U130/><E119/><V70/><F31/><W1/><G1/><T125/><D122/><U37/><E37/><V61/><F61/><W64/><G134/><T2/><D125/><U111/><E130/><V48/><F120/><W83/><G131/><T124/><D124/><U89/><E78/><V20/><F123/><W95/><G95/><T110/><BYE who="3" /><D110/><U0/><E111/><V57/><F57/><W73/><G73/><T69/><D75/><U15/><E0/><V12/><REACH who="2" step="1"/><F21/><REACH who="2" ten="96,444,248,202" step="2"/><W14/><G14/><T68/><D117/><U17/><E60/><V98/><F98/><W129/><G129/><T38/><D116/><UN n3="%54%4C%49%43%30%33" /><U29/><E62/><V59/><F59/><W6/><G115/><T133/><D133/><U56/><E56/><V51/><F51/><W97/><G113/><T127/><D127/><U39/><E39/><V118/><F118/><W33/><G33/><AGARI ba="1,1" hai="10,15,17,22,25,26,28,29,33,45,50,52,89,90" machi="33" ten="30,11600,0" yaku="7,1,52,2,54,1" doraHai="27" who="1" fromWho="3" sc="96,0,444,129,248,0,202,-119" /><INIT seed="5,2,0,0,0,16" ten="96,573,248,83" oya="1" hai0="18,97,130,92,6,81,90,133,7,75,58,33,129" hai1="27,46,132,9,68,62,3,31,60,39,44,109,91" hai2="116,100,103,99,43,38,125,67,78,47,128,118,89" hai3="72,71,80,15,123,94,52,65,102,19,28,21,95"/><U134/><E109/><V101/><F125/><W50/><G123/><T4/><D33/><U87/><E9/><V73/><F128/><W64/><G71/><T2/><D133/><U29/><E3/><V108/><F108/><W105/><G105/><T49/><D2/><U83/><E39/><V131/><F131/><N who="0" m="50186" /><D18/><U93/><E68/><V42/><F67/><N who="3" m="25675" /><G72/><T74/><D81/><U124/><E124/><V96/><F43/><W35/><G35/><T88/><D90/><U98/><E31/><V22/><F78/><W36/><G36/><T17/><D17/><U48/><E91/><V54/><F73/><W121/><G121/><T119/><D119/><U11/><E29/><V61/><F89/><W26/><G80/><T24/><D24/><U0/><E27/><V12/><F118/><W112/><G112/><T37/><D37/><U1/><E83/><V76/><F76/><W122/><G122/><T86/><D86/><U107/><E87/><V20/><F12/><W113/><G113/><T8/><D8/><U70/><E1/><V51/><F61/><W120/><G120/><T45/><D58/><U55/><E0/><V69/><F69/><W30/><G15/><T114/><D114/><U41/><E70/><V34/><F34/><W5/><G5/><T13/><D13/><U32/><E32/><V77/><F77/><W127/><G127/><T111/><D111/><U53/><E134/><V59/><REACH who="2" step="1"/><F116/><REACH who="2" ten="96,573,238,83" step="2"/><W10/><G26/><T56/><D75/><U14/><E41/><V106/><F106/><W57/><G30/><T66/><D74/><U126/><E126/><RYUUKYOKU ba="2,1" sc="96,-10,573,-10,238,30,83,-10" hai2="20,22,38,42,47,51,54,59,96,99,100,101,103" /><INIT seed="6,3,1,2,0,23" ten="86,563,268,73" oya="2" hai0="20,11,16,130,82,117,101,84,91,12,72,54,112" hai1="120,26,77,135,88,62,119,107,31,73,81,104,29" hai2="51,124,63,102,19,39,66,27,95,114,58,17,41" hai3="32,132,28,71,24,125,25,116,110,60,98,53,89"/><V2/><F2/><W97/><G110/><T134/><D112/><U128/><E31/><V21/><F39/><W9/><G116/><T79/><D134/><U115/><E119/><V7/><F7/><W92/><G132/><T100/><D117/><U87/><E120/><V30/><F114/><W5/><G125/><T90/><D130/><U93/><E128/><V4/><F4/><W6/><G6/><T118/><D118/><U67/><E135/><V105/><F105/><W22/><G98/><T129/><D129/><U57/><E115/><V8/><F8/><W70/><G53/><T15/><D54/><U34/><AGARI ba="3,1" hai="26,29,34,57,62,67,73,77,81,87,88,93,104,107" machi="34" ten="20,5200,0" yaku="0,1,7,1,52,1,54,1" doraHai="23" who="1" fromWho="1" sc="86,-16,563,71,268,-29,73,-16" /><INIT seed="7,0,0,1,4,86" ten="70,634,239,57" oya="3" hai0="116,82,44,114,93,111,5,7,60,68,57,121,52" hai1="115,90,36,46,66,95,134,18,77,96,6,127,106" hai2="42,83,132,72,51,94,38,30,129,24,131,8,33" hai3="102,109,25,108,0,64,133,87,61,120,130,19,28"/><W13/><G120/><T62/><D111/><N who="3" m="42569" /><G0/><T31/><D121/><U110/><E106/><V23/><F38/><W67/><G130/><T122/><D122/><U43/><E110/><V112/><F8/><N who="3" m="6567" /><G133/><T74/><D114/><U20/><E115/><V79/><F94/><W100/><G87/><T123/><D123/><U56/><E134/><V113/><F132/><W91/><G91/><T81/><D116/><U71/><E90/><V9/><F9/><W26/><G26/><T10/><D74/><U98/><E95/><V17/><F113/><W104/><G104/><T45/><D31/><U16/><E96/><V70/><F112/><W126/><G126/><T47/><D93/><U63/><E98/><V69/><F129/><W59/><G67/><T101/><D101/><U128/><E127/><V2/><F131/><W37/><G37/><T55/><D68/><U99/><E128/><V92/><F2/><W84/><G84/><T12/><D5/><U34/><E6/><V29/><F69/><W48/><G48/><T4/><D4/><U75/><E71/><V78/><F70/><W65/><G65/><T103/><D103/><U14/><E66/><V41/><F51/><W49/><G49/><T135/><D135/><U27/><E36/><V89/><F79/><W117/><G117/><T21/><D21/><AGARI ba="0,0" hai="21,25,28,59,61,64,100,102" m="6567,42569" machi="21" ten="30,1500,0" yaku="10,1" doraHai="86" who="3" fromWho="0" sc="70,-15,634,0,239,0,57,15" /><INIT seed="7,1,0,1,4,66" ten="55,634,239,72" oya="3" hai0="84,7,89,24,77,105,72,20,92,27,107,32,36" hai1="73,9,119,40,132,39,117,120,63,17,98,0,116" hai2="131,28,78,68,122,83,10,74,54,53,101,55,99" hai3="76,133,112,102,127,125,104,42,19,96,85,29,80"/><W62/><G29/><T86/><D36/><U65/><E120/><V106/><F122/><W130/><G42/><T16/><D72/><U11/><E11/><V82/><F131/><W81/><G130/><T67/><D7/><U60/><E60/><V18/><F68/><W114/><G62/><T13/><D67/><U58/><E98/><V31/><F83/><N who="3" m="47335" /><G133/><T59/><D59/><U25/><E73/><V126/><F126/><N who="3" m="48139" /><G19/><T33/><D27/><U115/><E25/><V108/><F108/><W91/><G91/><T134/><D134/><U51/><E132/><V3/><F3/><W5/><G5/><T88/><D77/><U48/><E0/><V4/><F4/><W121/><G121/><T95/><REACH who="0" step="1"/><D32/><REACH who="0" ten="45,634,239,72" step="2"/><U37/><E40/><V49/><F49/><W100/><G100/><T22/><D22/><U71/><E17/><V75/><F75/><W109/><G109/><T103/><D103/><U124/><E63/><V94/><F10/><W61/><G61/><T69/><D69/><U12/><E71/><V15/><F18/><W128/><G128/><T6/><D6/><U47/><E116/><V118/><F118/><W34/><G34/><T21/><D21/><U14/><E119/><V79/><F79/><W135/><G135/><T41/><D41/><U50/><E117/><V87/><F15/><W30/><G30/><AGARI ba="1,1" hai="13,16,20,24,30,33,84,86,88,89,92,95,105,107" machi="30" ten="40,8000,1" yaku="1,1,9,1,54,2,53,0" doraHai="66" doraHaiUra="113" who="0" fromWho="3" sc="45,93,634,0,239,0,72,-83" owari="138,-26.0,634,73.0,239,4.0,-11,-51.0" /></mjloggm>