<mjloggm ver="2.3"><GO type="97" lobby="0"/><UN n0="%43%61%6C%6B%61%6E" n1="%E7%A4%BE%E4%BC%9A%E4%BF%9D%E9%99%BA%E5%BA%81%E8%81%B7%E5%93%A1" n2="%E3%82%A6%E3%83%AB%E3%83%88%E3%83%A9%E7%AB%8B%E7%9B%B4" n3="%46%55%53%45%4B%49%54%49" dan="15,14,15,13" rate="1967.19,1954.06,1962.29,1845.90" sx="M,M,M,M"/><TAIKYOKU oya="0"/><INIT seed="0,0,0,5,4,25" ten="250,250,250,250" oya="0" hai0="67,2,60,113,112,53,88,115,34,9,43,22,117" hai1="77,7,86,110,96,1,90,114,56,57,36,84,104" hai2="8,49,30,82,85,131,58,29,95,76,33,3,106" hai3="108,129,78,83,100,122,71,111,127,51,41,65,92"/><T32/><D117/><U19/><E114/><V87/><F106/><W15/><G71/><T97/><D43/><U70/><E70/><V44/><F33/><W47/><G65/><T91/><D53/><U130/><E36/><V135/><F131/><W31/><G122/><T45/><D45/><U5/><E19/><V121/><F135/><W125/><G15/><T89/><D97/><U107/><E96/><V27/><F121/><W75/><G100/><T128/><D128/><U68/><E68/><V132/><F132/><W28/><G92/><T72/><D72/><U109/><E77/><V105/><F105/><W73/><G129/><T93/><D93/><U61/><E130/><V69/><F69/><W120/><G73/><T103/><D103/><U98/><E98/><V79/><F58/><W64/><G64/><T23/><D67/><U0/><REACH who="1" step="1"/><E90/><REACH who="1" ten="250,240,250,250" step="2"/><V48/><F76/><W63/><G120/><T37/><D37/><U17/><E17/><V55/><F79/><W101/><G101/><T80/><D80/><U21/><E21/><N who="0" m="7689" /><D32/><U133/><E133/><V11/><F82/><W42/><G41/><T46/><D34/><U119/><E119/><V62/><F95/><W18/><G83/><T118/><D118/><U39/><E39/><V35/><F35/><W134/><G78/><T52/><D9/><U38/><E38/><V54/><F11/><W94/><G134/><T126/><D126/><N who="3" m="48137" /><G75/><T74/><D74/><U16/><E16/><V99/><F99/><W12/><G94/><T50/><D2/><U20/><E20/><V116/><F3/><W4/><G18/><RYUUKYOKU ba="0,1" sc="250,15,240,15,250,-15,250,-15" hai0="46,50,52,60,88,89,91,112,113,115" hai1="0,1,5,7,56,57,61,84,86,104,107,109,110" /><INIT seed="0,1,1,4,5,107" ten="265,255,235,235" oya="0" hai0="74,113,46,56,20,89,134,39,72,127,104,30,117" hai1="94,59,57,90,17,108,2,4,126,42,34,27,77" hai2="80,125,49,132,43,18,63,60,73,129,64,69,10" hai3="120,111,32,5,41,109,86,38,35,12,115,36,29"/><T122/><D122/><U123/><E123/><V14/><F125/><W51/><G120/><T31/><D117/><U85/><E77/><V19/><F129/><W55/><G115/><T61/><D113/><U70/><E70/><V103/><F132/><W110/><G86/><T101/><D134/><U118/><E108/><V28/><F28/><W114/><G114/><T106/><D127/><U15/><E126/><V8/><F103/><W16/><G5/><T78/><D106/><U102/><E102/><V79/><F63/><W128/><G128/><T112/><D112/><U131/><E118/><V11/><REACH who="2" step="1"/><F14/><REACH who="2" ten="265,255,225,235" step="2"/><W22/><G29/><T93/><D31/><U83/><E131/><V99/><F99/><W130/><G130/><T3/><D3/><U88/><E34/><N who="3" m="12842" /><G41/><T65/><D101/><U92/><E2/><V84/><F84/><W13/><G13/><T50/><D104/><U44/><E27/><V40/><F40/><W81/><G81/><T91/><D39/><U97/><E97/><V133/><F133/><W116/><G116/><T47/><D30/><U67/><E42/><V45/><AGARI ba="1,2" hai="8,10,11,18,19,43,45,49,60,64,69,73,79,80" machi="45" ten="30,7900,0" yaku="1,1,0,1,52,1,53,1" doraHai="107" doraHaiUra="75" who="2" fromWho="2" sc="265,-40,255,-21,225,102,235,-21" /><INIT seed="1,0,0,2,2,28" ten="225,234,327,214" oya="1" hai0="30,107,48,131,37,133,76,86,21,22,50,24,73" hai1="46,103,119,94,62,2,89,5,113,125,23,105,55" hai2="18,68,78,13,7,41,0,1,51,82,57,74,29" hai3="120,116,19,88,127,16,104,11,47,83,39,45,49"/><U108/><E113/><V33/><F68/><W102/><G120/><T114/><D107/><U63/><E108/><V130/><F130/><W4/><G127/><T44/><D73/><U96/><E119/><V75/><F75/><W20/><G116/><T72/><D72/><U124/><E2/><V115/><F7/><W34/><G39/><T100/><D100/><U91/><E5/><V65/><F115/><W25/><G104/><T64/><D64/><U123/><E123/><V32/><F29/><W42/><G102/><T14/><D133/><U53/><E23/><V10/><F0/><W97/><G47/><T106/><D106/><U8/><E8/><V56/><F1/><W6/><G6/><T71/><D71/><U69/><E69/><V95/><F95/><W110/><G110/><T117/><D114/><U85/><E91/><V9/><F9/><W80/><G34/><T3/><D3/><U129/><E129/><V90/><F90/><W101/><G101/><T43/><D131/><U79/><E46/><V87/><F74/><W54/><G42/><T15/><D117/><U38/><E38/><V77/><F77/><W27/><G4/><T122/><D122/><U58/><E79/><V52/><F41/><W26/><G11/><T70/><D70/><U12/><E12/><N who="0" m="4649" /><D22/><U111/><E111/><V84/><F84/><W112/><G112/><T60/><D60/><U118/><E118/><V40/><F40/><W93/><G19/><T61/><D61/><U109/><E109/><V35/><F35/><W59/><G45/><T121/><D121/><U128/><E128/><RYUUKYOKU ba="0,0" sc="225,0,234,0,327,0,214,0" hai0="21,24,30,37,43,44,48,50,76,86" hai1="53,55,58,62,63,85,89,94,96,103,105,124,125" hai2="10,13,18,32,33,51,52,56,57,65,78,82,87" hai3="16,20,25,26,27,49,54,59,80,83,88,93,97" /><INIT seed="1,1,0,0,4,52" ten="225,234,327,214" oya="1" hai0="73,30,5,80,31,35,104,93,20,49,77,78,99" hai1="10,24,22,131,135,16,25,112,33,121,72,106,37" hai2="29,134,46,102,94,48,114,123,62,76,59,4,27" hai3="91,128,124,18,40,43,55,127,66,82,23,74,61"/><U84/><E72/><V12/><F123/><W67/><G128/><T53/><D35/><U15/><E37/><V130/><F130/><W75/><G91/><T87/><D5/><U38/><E106/><V32/><F134/><W90/><G90/><N who="0" m="53471" /><D77/><U0/><E38/><V42/><F76/><W13/><G55/><T8/><D8/><U96/><E96/><N who="2" m="59671" /><F32/><W65/><G82/><T119/><D20/><N who="1" m="11295" /><E84/><V79/><F79/><W86/><G86/><T103/><D119/><U51/><E51/><V129/><F129/><W45/><G61/><T126/><D126/><N who="3" m="48169" /><G45/><AGARI ba="1,0" hai="30,31,45,49,53,73,78,80,99,103,104" m="53471" machi="45" ten="30,1000,0" yaku="24,1" doraHai="52" who="0" fromWho="3" sc="225,13,234,0,327,0,214,-13" /><INIT seed="2,0,0,2,5,23" ten="238,234,327,201" oya="2" hai0="6,24,74,9,59,0,27,95,42,69,51,115,113" hai1="77,79,19,32,108,1,11,107,86,31,30,73,25" hai2="57,41,76,36,8,97,100,18,40,82,21,106,94" hai3="4,7,34,83,105,14,2,53,66,98,104,64,65"/><V5/><F106/><W116/><G116/><T20/><D69/><U45/><E73/><V129/><F129/><W75/><G2/><T88/><D74/><U50/><E107/><V16/><F57/><W67/><N who="3" m="16896" /><DORA hai="110" /><W125/><G34/><T114/><D20/><U62/><E31/><V48/><F36/><W49/><G125/><T87/><REACH who="0" step="1"/><D59/><REACH who="0" ten="228,234,327,201" step="2"/><U126/><E126/><V78/><F21/><W127/><G127/><T91/><D91/><U124/><E124/><V44/><F78/><W81/><G75/><T12/><D12/><U92/><E108/><V17/><F76/><W84/><G14/><T13/><D13/><U133/><E1/><V54/><F82/><W132/><G132/><T85/><D85/><U68/><E133/><V10/><F10/><W63/><G84/><T56/><D56/><U22/><E11/><V120/><F120/><W135/><G135/><T52/><D52/><U33/><E33/><V123/><F123/><W58/><G104/><T109/><D109/><U118/><E118/><V134/><F134/><W117/><G105/><T46/><AGARI ba="0,1" hai="0,6,9,24,27,42,46,51,87,88,95,113,114,115" machi="46" ten="40,16000,3" yaku="1,1,0,1,52,5,54,1,53,0" doraHai="23,110" doraHaiUra="131,70" who="0" fromWho="0" sc="228,170,234,-40,327,-80,201,-40" /><INIT seed="3,0,0,5,0,46" ten="398,194,247,161" oya="3" hai0="92,93,76,35,6,55,4,71,113,27,108,25,127" hai1="16,66,53,32,95,121,100,41,43,102,111,89,79" hai2="24,30,118,132,101,5,90,83,60,114,109,38,94" hai3="64,86,120,70,67,74,34,82,80,8,63,36,23"/><W14/><G34/><T77/><D71/><U11/><E32/><V112/><F38/><W61/><G36/><T97/><D35/><U107/><E66/><V9/><F118/><W59/><G120/><T125/><D113/><U42/><E79/><N who="0" m="30281" /><D55/><U103/><E107/><V20/><F132/><W10/><G74/><T98/><D108/><U105/><E111/><V50/><F60/><W68/><G59/><T88/><D127/><U128/><E105/><V134/><F134/><W131/><G131/><T124/><D124/><U133/><E133/><V123/><F123/><W37/><G37/><T40/><D40/><U135/><E135/><V21/><F21/><W26/><G86/><T44/><D44/><U96/><E128/><V31/><F31/><W33/><G33/><T115/><D115/><U58/><E121/><V18/><F30/><W119/><G119/><T117/><D117/><U3/><E3/><V122/><F122/><W91/><G91/><N who="0" m="55455" /><D125/><U52/><E58/><V62/><F109/><W81/><REACH who="3" step="1"/><G14/><AGARI ba="0,0" hai="11,14,16,41,42,43,52,53,89,95,96,100,102,103" machi="14" ten="40,5200,0" yaku="8,1,54,2" doraHai="46" who="1" fromWho="3" sc="398,0,194,52,247,0,161,-52" owari="398,49.0,246,-15.0,247,5.0,109,-39.0" /></mjloggm>