<mjloggm ver="2.3"><GO type="97" lobby="0"/><UN n0="%E5%8C%97%E4%BA%AC%E9%BE%8D" n1="%4C%61%6E%63%65%74" n2="%E6%98%AD%E5%92%8C%E3%81%AE%E3%81%98%E3%82%83%E3%82%93%E3%81%97" n3="%E3%82%A6%E3%83%AB%E3%83%88%E3%83%A9%E7%AB%8B%E7%9B%B4" dan="14,13,14,15" rate="1968.22,1838.23,1928.60,2010.58" sx="M,M,M,M"/><TAIKYOKU oya="0"/><INIT seed="0,0,0,5,4,111" ten="250,250,250,250" oya="0" hai0="46,21,107,129,98,57,75,49,118,63,128,50,2" hai1="76,103,5,30,55,37,59,130,78,106,38,24,14" hai2="45,113,109,16,85,0,28,127,89,79,73,94,33" hai3="42,29,66,95,116,87,86,99,121,15,119,32,74"/><T18/><D2/><U13/><E130/><N who="0" m="50281" /><D75/><U126/><E126/><V56/><F0/><W48/><G74/><T108/><D118/><U71/><E71/><V40/><F109/><W104/><G104/><T92/><D107/><U9/><E14/><V114/><F127/><W4/><G121/><T93/><D108/><U88/><E103/><V115/><F56/><W35/><G35/><T105/><D105/><U81/><E106/><V41/><F16/><W124/><G124/><T43/><D50/><U133/><E133/><V7/><F7/><W90/><G119/><T17/><D98/><U96/><E38/><V36/><F40/><W54/><G116/><T8/><D18/><U67/><E67/><V72/><REACH who="2" step="1"/><F79/><REACH who="2" ten="250,250,240,250" step="2"/><W123/><G42/><T100/><D8/><U122/><E78/><V62/><F62/><W31/><G66/><N who="0" m="39279" /><D100/><U131/><E9/><V19/><F19/><W117/><G117/><T83/><D83/><U58/><E131/><V80/><F80/><W65/><G65/><T97/><D97/><U132/><E81/><V1/><F1/><W61/><G99/><T64/><D64/><U69/><E96/><V26/><AGARI ba="0,1" hai="26,28,33,36,41,45,72,73,85,89,94,113,114,115" machi="26" ten="40,12000,2" yaku="1,1,0,1,52,3,53,1" doraHai="111" doraHaiUra="23" who="2" fromWho="2" sc="250,-60,250,-30,240,130,250,-30" /><INIT seed="1,0,0,5,0,68" ten="190,220,370,220" oya="1" hai0="32,43,2,63,126,14,60,112,115,95,33,23,13" hai1="69,123,28,0,21,116,87,49,98,84,110,50,80" hai2="4,121,73,128,108,85,104,99,57,135,92,61,117" hai3="83,75,42,64,44,130,103,65,12,66,106,93,25"/><U96/><E116/><V89/><F4/><W109/><G109/><T36/><D2/><U17/><E123/><V40/><F121/><W131/><G106/><T29/><D95/><U72/><E72/><V67/><F73/><W94/><G12/><T100/><D100/><U90/><E69/><V107/><F108/><W3/><G3/><T113/><D126/><U16/><E0/><V38/><F117/><W91/><G25/><T129/><D129/><N who="3" m="49161" /><G103/><T88/><D29/><U20/><E87/><V22/><F135/><W97/><G94/><T70/><D70/><U5/><E5/><V114/><F114/><W31/><G31/><T102/><D102/><U76/><E76/><V47/><F128/><W101/><G101/><T134/><D134/><U122/><E122/><V58/><F58/><W118/><G118/><T55/><D55/><U51/><E110/><V127/><F127/><W19/><G19/><N who="1" m="7242" /><E21/><V132/><F132/><W37/><G83/><T105/><D23/><U56/><E56/><V27/><F85/><W11/><G11/><T133/><D133/><U74/><E74/><AGARI ba="0,0" hai="37,42,44,64,65,66,74,75,91,93,97" m="49161" machi="74" ten="30,2000,0" yaku="19,1,52,1" doraHai="68" who="3" fromWho="1" sc="190,0,220,-20,370,0,220,20" /><INIT seed="2,0,0,2,5,66" ten="190,200,370,240" oya="2" hai0="28,12,133,125,2,115,40,127,70,35,134,65,63" hai1="99,64,54,42,86,38,60,44,126,108,121,41,104" hai2="103,119,53,50,49,110,106,85,43,90,51,61,75" hai3="8,92,93,83,72,80,58,26,52,22,45,77,130"/><V113/><F119/><W116/><G130/><T29/><D115/><U9/><E42/><V34/><F34/><W46/><G116/><T102/><D12/><U96/><E126/><N who="0" m="48137" /><D2/><U69/><E108/><V71/><F75/><W47/><G8/><T117/><D117/><U74/><E74/><V78/><F78/><W89/><G89/><T18/><D18/><U124/><E124/><V11/><F43/><W15/><G15/><T122/><D122/><U67/><E67/><V109/><F11/><W33/><G33/><T55/><D55/><U105/><E121/><V10/><F10/><W19/><REACH who="3" step="1"/><G83/><REACH who="3" ten="190,200,370,230" step="2"/><T20/><D35/><U81/><E9/><V111/><F113/><W128/><G128/><T79/><D79/><U24/><E24/><V112/><F112/><W0/><G0/><T6/><D6/><U56/><E104/><V68/><F106/><W57/><G57/><T101/><D20/><U23/><E23/><V25/><F25/><W36/><G36/><T17/><D17/><U1/><E1/><V114/><F114/><W14/><G14/><T37/><D29/><U91/><E105/><V30/><F103/><N who="0" m="39434" /><D28/><U32/><REACH who="1" step="1"/><E32/><REACH who="1" ten="190,190,370,230" step="2"/><V21/><F21/><W100/><G100/><T16/><D16/><U118/><E118/><V97/><F30/><W88/><G88/><T4/><D4/><U13/><E13/><V39/><F39/><W95/><G95/><T31/><D31/><U131/><E131/><V7/><F109/><W107/><G107/><T5/><D5/><U94/><E94/><V129/><F7/><W82/><G82/><T120/><D120/><RYUUKYOKU ba="0,2" sc="190,10,190,10,370,-30,230,10" hai0="37,40,63,65,70,133,134" hai1="38,41,44,54,56,60,64,69,81,86,91,96,99" hai3="19,22,26,45,46,47,52,58,72,77,80,92,93" /><INIT seed="3,1,2,2,2,73" ten="200,200,340,240" oya="3" hai0="104,81,109,7,132,91,43,27,34,24,28,88,75" hai1="22,39,112,64,14,70,26,8,32,107,5,118,127" hai2="130,123,25,51,12,74,37,134,13,135,56,59,79" hai3="61,38,67,68,78,41,66,82,108,36,116,83,80"/><W89/><G116/><T98/><D109/><U119/><E107/><V128/><F37/><W76/><G108/><T126/><D7/><U101/><E101/><V19/><F123/><W9/><G89/><T60/><D43/><U10/><E112/><V44/><F25/><W52/><G41/><T15/><D15/><N who="1" m="5519" /><E127/><V100/><F100/><W115/><G115/><T48/><D126/><U92/><E39/><V23/><F13/><W50/><G38/><T77/><D132/><N who="2" m="50730" /><F79/><N who="3" m="30251" /><G68/><T96/><D24/><U3/><E3/><V122/><F74/><W63/><G9/><T121/><D121/><U55/><E55/><N who="2" m="30183" /><F122/><W6/><G6/><T29/><D29/><U103/><E64/><N who="3" m="24618" /><G36/><T46/><D60/><U110/><E70/><V99/><F99/><W84/><G84/><T33/><D33/><U114/><E114/><V31/><F31/><W85/><G85/><T30/><D30/><U90/><E103/><V40/><F40/><W62/><G62/><T54/><D104/><U117/><E32/><V65/><F65/><W133/><G133/><T58/><D98/><N who="1" m="57623" /><E14/><V124/><F124/><W49/><G49/><T53/><D96/><U97/><E10/><V11/><F11/><W45/><AGARI ba="1,2" hai="45,50,52,61,63,80,82,83" m="24618,30251" machi="45" ten="30,12000,1" yaku="8,1,52,3,54,1" doraHai="73" who="3" fromWho="3" sc="200,-41,200,-41,340,-41,240,143" owari="159,-24.0,159,-34.0,299,10.0,383,48.0" /></mjloggm>