<mjloggm ver="2.3"><GO type="97" lobby="0"/><UN n0="%E3%81%8D%E3%81%8C%E3%82%89%E3%81%8F" n1="%E7%A4%BE%E4%BC%9A%E4%BF%9D%E9%99%BA%E5%BA%81%E8%81%B7%E5%93%A1" n2="%E3%83%88%E3%83%A9%E3%83%83%E3%83%88%E3%83%AA%E3%82%A2" n3="%E3%82%A6%E3%83%AB%E3%83%88%E3%83%A9%E7%AB%8B%E7%9B%B4" dan="13,14,13,15" rate="1833.83,1912.12,1920.70,2013.54" sx="M,M,M,M"/><TAIKYOKU oya="0"/><INIT seed="0,0,0,5,2,8" ten="250,250,250,250" oya="0" hai0="101,59,82,65,129,28,111,62,64,110,42,29,85" hai1="61,100,109,71,11,81,80,112,51,117,128,105,90" hai2="23,52,19,135,56,22,122,33,119,96,91,134,74" hai3="2,132,121,18,13,83,10,55,89,70,26,68,87"/><T123/><D123/><U35/><E128/><V92/><F122/><W9/><G121/><T14/><D101/><U127/><E112/><V0/><F0/><W63/><G132/><N who="2" m="50729" /><F74/><W38/><G38/><T69/><D42/><U99/><E117/><V50/><F33/><W102/><G102/><T103/><D103/><U58/><E109/><N who="0" m="41481" /><D129/><U108/><E108/><V114/><F119/><W40/><G40/><T76/><D65/><U98/><E127/><V78/><F78/><W130/><G130/><T48/><D69/><U118/><E118/><V32/><F32/><W46/><G63/><T75/><D48/><U66/><E35/><V47/><F114/><W41/><G41/><T17/><D75/><U34/><E34/><V95/><F95/><W93/><G93/><T97/><D97/><U72/><E81/><V39/><F39/><W126/><G126/><T125/><D125/><U4/><E72/><V104/><F104/><W124/><G124/><T20/><AGARI ba="0,0" hai="14,17,20,28,29,59,62,64,76,82,85" m="41481" machi="20" ten="30,6000,0" yaku="14,1,10,1,52,1" doraHai="8" who="0" fromWho="0" sc="250,60,250,-20,250,-20,250,-20" /><INIT seed="0,1,0,1,2,59" ten="310,230,230,230" oya="0" hai0="134,12,65,119,106,57,121,99,132,44,109,13,126" hai1="112,96,31,9,32,85,42,37,110,86,0,78,20" hai2="97,52,128,100,16,1,34,67,130,51,8,22,127" hai3="71,70,63,2,54,68,50,108,6,14,73,101,47"/><T122/><D119/><U74/><E110/><V98/><F34/><W60/><G2/><T19/><D126/><U76/><E112/><V40/><F127/><W28/><G73/><T104/><D44/><N who="1" m="23631" /><E20/><V64/><F40/><W125/><G125/><T94/><D109/><U5/><E96/><N who="2" m="36971" /><F100/><W56/><G108/><T87/><D87/><U72/><E78/><V83/><F1/><W89/><G101/><T111/><D111/><U93/><E74/><V88/><F8/><W15/><G28/><T24/><D24/><N who="1" m="18535" /><E93/><V129/><F83/><AGARI ba="1,0" hai="0,5,9,72,76,83,85,86" m="18535,23631" machi="83" ten="30,1000,0" yaku="25,1" doraHai="59" who="1" fromWho="2" sc="310,0,230,13,230,-13,230,0" /><INIT seed="1,0,0,1,2,108" ten="310,243,217,230" oya="1" hai0="118,56,80,14,90,95,1,49,71,86,83,26,58" hai1="96,129,122,69,0,51,66,7,22,54,53,89,41" hai2="64,130,63,85,100,23,28,27,124,115,65,107,38" hai3="121,62,17,120,20,111,105,68,21,87,50,73,19"/><U32/><E122/><V16/><F124/><W106/><G87/><T12/><D71/><U39/><E129/><V35/><F130/><W36/><G50/><T42/><D1/><U52/><E32/><V97/><F38/><W33/><G33/><T93/><D118/><U15/><E0/><V133/><F133/><W94/><G94/><T13/><D26/><U102/><E89/><V72/><F72/><W75/><G62/><T77/><D42/><U113/><E39/><V10/><F10/><W60/><G60/><T2/><D2/><U114/><E66/><V126/><F126/><W119/><G36/><T125/><D125/><U76/><E69/><N who="2" m="42143" /><F85/><W91/><G91/><T57/><REACH who="0" step="1"/><D49/><REACH who="0" ten="300,243,217,230" step="2"/><U61/><E61/><V134/><F134/><W78/><G68/><T44/><D44/><U127/><E127/><V70/><F70/><W79/><G111/><T110/><D110/><U18/><E41/><V46/><F46/><W55/><G55/><T132/><D132/><U8/><E51/><V4/><F65/><W82/><G119/><T11/><D11/><U104/><REACH who="1" step="1"/><E76/><REACH who="1" ten="300,233,217,230" step="2"/><V128/><F128/><W5/><G79/><T81/><D81/><U45/><E45/><V3/><F3/><W48/><G78/><T101/><D101/><U59/><E59/><V29/><F100/><W74/><G48/><T24/><D24/><U99/><E99/><V31/><F97/><W109/><G109/><T116/><D116/><U30/><E30/><V43/><F27/><W123/><G82/><T98/><D98/><U37/><E37/><V47/><F31/><W34/><G121/><RYUUKYOKU ba="0,2" sc="300,15,233,15,217,-15,230,-15" hai0="12,13,14,56,57,58,77,80,83,86,90,93,95" hai1="7,8,15,18,22,52,53,54,96,102,104,113,114" /><INIT seed="1,1,2,4,1,26" ten="315,248,202,215" oya="1" hai0="16,102,76,113,52,134,101,99,14,126,81,12,25" hai1="75,98,71,89,123,124,60,73,88,77,116,3,106" hai2="108,83,110,96,121,85,74,23,22,103,117,27,17" hai3="130,120,133,21,50,9,64,33,42,72,18,115,34"/><U68/><E123/><V128/><F121/><W43/><G120/><T58/><D113/><U45/><E116/><V0/><F117/><W4/><G72/><T6/><D126/><U10/><E124/><V49/><F0/><W2/><G115/><T87/><D134/><U97/><E45/><V62/><F74/><W131/><G133/><T69/><D69/><U129/><E106/><V1/><F1/><W93/><G64/><T80/><D80/><U44/><E44/><V118/><F49/><W46/><G43/><T122/><D122/><U54/><E129/><N who="3" m="49162" /><G93/><T30/><D99/><U8/><E3/><V67/><F118/><W51/><G51/><T82/><D82/><U86/><E77/><V135/><F135/><W61/><G61/><T48/><D14/><AGARI ba="1,2" hai="2,4,9,14,18,21,33,34,42,46,50" m="49162" machi="14" ten="30,1000,0" yaku="19,1" doraHai="26" who="3" fromWho="0" sc="315,-13,248,0,202,0,215,33" /><INIT seed="2,0,0,3,0,18" ten="302,248,202,248" oya="2" hai0="73,98,29,135,100,96,77,56,13,48,42,8,109" hai1="130,30,104,50,53,28,55,86,121,37,124,51,22" hai2="111,129,15,103,87,128,74,71,31,80,75,131,107" hai3="79,113,38,62,45,14,127,24,120,26,94,52,68"/><V89/><F71/><W70/><G120/><T54/><D135/><U93/><E104/><V78/><F31/><N who="1" m="11817" /><E37/><V1/><F15/><W125/><G113/><T21/><D109/><U118/><E118/><V84/><F1/><W40/><G79/><T115/><D115/><U23/><E121/><V27/><F27/><W72/><G72/><T132/><D132/><U19/><E19/><V119/><F119/><W90/><G14/><T101/><D77/><U110/><E110/><V32/><F32/><W34/><G34/><T105/><D73/><U0/><E0/><V122/><F122/><W41/><G41/><T60/><D42/><U92/><E124/><N who="3" m="47690" /><G68/><T117/><D117/><U46/><E130/><V99/><F111/><W97/><G70/><T58/><D29/><U39/><E39/><V11/><F11/><W43/><G43/><T61/><D56/><AGARI ba="0,0" hai="24,26,38,40,45,52,56,62,90,94,97" m="47690" machi="56" ten="30,2000,0" yaku="18,1,54,1" doraHai="18" who="3" fromWho="0" sc="302,-20,248,0,202,0,248,20" /><INIT seed="3,0,0,1,2,30" ten="282,248,202,268" oya="3" hai0="40,65,4,114,1,93,79,11,88,74,76,96,120" hai1="68,83,38,45,36,10,91,128,107,71,100,66,19" hai2="116,129,54,117,43,77,85,103,92,133,81,31,119" hai3="3,56,12,109,110,127,95,113,18,78,122,60,64"/><W35/><G3/><T118/><D118/><U61/><E128/><V21/><F43/><W123/><G78/><T14/><D120/><U105/><E68/><V16/><F31/><W29/><G113/><T0/><D114/><U13/><E38/><V130/><F133/><W58/><G95/><T72/><D65/><U24/><E36/><V17/><F54/><W84/><G84/><T134/><D134/><U99/><E105/><V32/><F32/><W69/><G69/><T73/><REACH who="0" step="1"/><D40/><REACH who="0" ten="272,248,202,268" step="2"/><U131/><E131/><N who="2" m="50187" /><F21/><W112/><G112/><T108/><D108/><N who="3" m="41577" /><G127/><T82/><D82/><U39/><E83/><V8/><F8/><N who="3" m="6407" /><G58/><T97/><D97/><AGARI ba="0,1" hai="16,17,77,81,85,92,97,103,116,117,119" m="50187" machi="97" ten="40,2600,0" yaku="19,1,54,1" doraHai="30" who="2" fromWho="0" sc="272,-26,248,0,202,36,268,0" /><INIT seed="4,0,0,0,5,76" ten="246,248,238,268" oya="0" hai0="75,93,9,113,6,33,85,27,47,81,64,41,44" hai1="103,61,115,121,49,82,31,8,45,119,89,72,114" hai2="7,42,34,66,118,83,32,0,10,56,78,2,21" hai3="126,58,91,133,38,17,92,87,25,102,131,18,28"/><T69/><D75/><U52/><E119/><V74/><F118/><W99/><G38/><T90/><D113/><N who="1" m="43019" /><E121/><V59/><F42/><W123/><G123/><T30/><D69/><U127/><E127/><V39/><F39/><W95/><G126/><T80/><D64/><U11/><E103/><V124/><F0/><W107/><G131/><T109/><D109/><U24/><E61/><V65/><F21/><W70/><G70/><T43/><D43/><U67/><E67/><V54/><F59/><W13/><G133/><T1/><D47/><U12/><E12/><V128/><F128/><W57/><G107/><T134/><REACH who="0" step="1"/><D134/><REACH who="0" ten="236,248,238,268" step="2"/><U14/><E72/><V37/><F124/><W84/><G58/><T112/><D112/><U62/><E62/><V94/><F37/><AGARI ba="0,1" hai="1,6,9,27,30,33,37,41,44,80,81,85,90,93" machi="37" ten="30,11600,0" yaku="1,1,7,1,52,2,53,0" doraHai="76" doraHaiUra="53" who="0" fromWho="2" sc="236,126,248,0,238,-116,268,0" owari="362,46.0,248,-15.0,122,-38.0,268,7.0" /></mjloggm>