<mjloggm ver="2.3"><GO type="97" lobby="0"/><UN n0="%5A%28%EF%BD%80%D0%94%C2%B4%5A%EF%BC%89" n1="%E6%9D%8F%E4%BB%81%E3%81%A9%E3%81%86%E3%81%B5%E3%83%BC" n2="%E3%82%A6%E3%83%AB%E3%83%88%E3%83%A9%E7%AB%8B%E7%9B%B4" n3="%E9%9F%B3%E5%A7%89%E3%83%BB%E6%9C%80%E9%AB%98%21%21" dan="15,16,15,14" rate="2005.04,2067.45,1973.40,1957.28" sx="M,M,M,F"/><TAIKYOKU oya="0"/><INIT seed="0,0,0,1,0,97" ten="250,250,250,250" oya="0" hai0="19,25,119,93,44,30,0,104,123,63,77,129,40" hai1="92,50,79,62,61,31,114,131,125,112,81,70,32" hai2="39,74,69,126,118,84,42,107,96,105,13,133,26" hai3="1,10,8,57,24,90,134,83,34,2,45,132,111"/><T21/><D104/><U86/><E131/><V12/><F42/><W109/><G57/><T88/><D119/><U16/><E125/><V130/><F26/><W75/><G45/><T38/><D123/><U54/><E92/><V65/><F13/><W78/><G90/><T66/><D0/><N who="3" m="105" /><G83/><T58/><D129/><U27/><E16/><V73/><F65/><W33/><G78/><T35/><D77/><U89/><E79/><V124/><F12/><W4/><G75/><T67/><D67/><U15/><E15/><V23/><F69/><W120/><G120/><T52/><D66/><U101/><E70/><V18/><F39/><W47/><G47/><T135/><D135/><N who="3" m="51753" /><G4/><T56/><D56/><U55/><E55/><V121/><F133/><W48/><G48/><T36/><D36/><U5/><E5/><V80/><F121/><W28/><G34/><T102/><D102/><U11/><E101/><V117/><F130/><W128/><G128/><T49/><D38/><U110/><E32/><V14/><F74/><W37/><G37/><T51/><D51/><U108/><E50/><V6/><F73/><W46/><G46/><T99/><D35/><U95/><E81/><V59/><F6/><W103/><G103/><T127/><D127/><N who="2" m="48682" /><F107/><W53/><G53/><T22/><D22/><U60/><E54/><V68/><F68/><W100/><G100/><T91/><D91/><U71/><E71/><V85/><F105/><W76/><G76/><T116/><D116/><U94/><E89/><V113/><F117/><W64/><G64/><T106/><D106/><U87/><E61/><RYUUKYOKU ba="0,0" sc="250,15,250,-15,250,-15,250,15" hai0="19,21,25,30,40,44,49,52,58,63,88,93,99" hai3="8,10,24,28,33,109,111" /><INIT seed="0,1,0,3,4,114" ten="265,235,235,265" oya="0" hai0="96,88,89,30,116,53,42,9,99,27,123,58,10" hai1="66,108,132,129,124,131,5,97,106,105,73,115,95" hai2="2,28,38,55,102,100,61,135,3,22,119,85,52" hai3="21,33,81,56,45,54,24,57,39,26,101,75,1"/><T107/><D116/><U36/><E115/><V63/><F38/><W60/><G1/><T118/><D118/><U90/><E36/><V17/><F119/><W67/><G101/><T15/><D123/><U80/><E5/><V6/><F28/><W82/><G75/><T34/><D42/><U74/><E66/><V37/><F37/><W14/><G33/><T51/><D10/><U79/><E132/><V71/><F135/><W41/><G14/><T29/><D29/><U70/><E70/><V4/><F85/><W49/><G26/><T78/><D78/><U31/><E31/><AGARI ba="1,0" hai="21,24,31,39,41,45,49,54,56,57,60,67,81,82" machi="31" ten="30,1000,0" yaku="7,1" doraHai="114" who="3" fromWho="1" sc="265,0,235,-13,235,0,265,13" /><INIT seed="1,0,0,3,4,115" ten="265,222,235,278" oya="1" hai0="41,24,25,19,122,39,51,69,112,88,35,58,14" hai1="108,4,89,79,107,30,94,12,55,59,78,135,132" hai2="130,86,15,117,92,64,91,31,134,54,65,11,60" hai3="29,101,66,23,133,20,8,67,100,33,21,97,47"/><U22/><E107/><V6/><F130/><W40/><G133/><N who="1" m="51274" /><E108/><V53/><F134/><W56/><G33/><T5/><D112/><U49/><E4/><V103/><F64/><W2/><G2/><T126/><D69/><U28/><E28/><V105/><F105/><W116/><G116/><T1/><D126/><U73/><E73/><V87/><F103/><W83/><G83/><T48/><D39/><U50/><E50/><V77/><F31/><W85/><G8/><N who="0" m="2095" /><D122/><U120/><E120/><V44/><F117/><W63/><G85/><T9/><D41/><U45/><E45/><V37/><F37/><W68/><G66/><T43/><D43/><U72/><E72/><V16/><F6/><W74/><G74/><T113/><D113/><U36/><E36/><V34/><F34/><W111/><G111/><T3/><D3/><U61/><E61/><V80/><REACH who="2" step="1"/><F44/><REACH who="2" ten="265,222,225,278" step="2"/><W32/><G32/><T128/><D128/><U98/><E30/><V106/><F106/><W93/><G100/><T42/><D35/><U10/><E10/><V71/><AGARI ba="0,1" hai="11,15,16,53,54,60,65,71,77,80,86,87,91,92" machi="71" ten="20,5200,0" yaku="1,1,0,1,7,1,54,1,53,0" doraHai="115" doraHaiUra="119" who="2" fromWho="2" sc="265,-13,222,-26,225,62,278,-13" /><INIT seed="2,0,0,0,4,75" ten="252,196,287,265" oya="2" hai0="78,14,30,116,121,83,21,79,103,6,120,114,82" hai1="110,37,40,124,95,71,133,89,119,32,26,2,132" hai2="69,53,101,129,65,84,122,105,46,58,66,74,77" hai3="27,88,35,72,70,22,7,16,91,38,117,18,41"/><V94/><F69/><W131/><G117/><T107/><D114/><U86/><E119/><V12/><F122/><W43/><G70/><T113/><D113/><U118/><E118/><V57/><F74/><W31/><G72/><T61/><D116/><U130/><E2/><V96/><F105/><W111/><G131/><T108/><D108/><U3/><E3/><V15/><F129/><W44/><G111/><T10/><D61/><U33/><E130/><V29/><F29/><W81/><G41/><T63/><D63/><U13/><E110/><V76/><F46/><W56/><G56/><N who="2" m="21609" /><F53/><W42/><G42/><T104/><D30/><U25/><E71/><V60/><F60/><W85/><G7/><T99/><D21/><U127/><E13/><N who="2" m="5195" /><F84/><W97/><G35/><N who="1" m="13386" /><E40/><V67/><AGARI ba="0,0" hai="65,66,67,76,77,94,96,101" m="5195,21609" machi="67" ten="30,6000,0" yaku="8,1,52,2" doraHai="75" who="2" fromWho="2" sc="252,-20,196,-20,287,60,265,-20" /><INIT seed="2,1,0,2,1,51" ten="232,176,347,245" oya="2" hai0="78,49,66,71,31,87,102,84,98,86,55,126,101" hai1="64,34,73,68,123,122,32,12,93,107,112,85,18" hai2="56,65,89,23,96,114,90,62,74,38,45,104,40" hai3="70,67,116,58,50,95,91,42,54,129,77,135,35"/><V41/><F74/><W132/><G116/><T118/><D118/><U130/><E107/><V46/><F114/><W83/><G35/><T9/><D126/><U47/><E73/><V69/><F104/><W16/><G129/><T108/><D108/><U124/><E112/><V28/><F96/><W48/><G70/><T131/><D131/><U7/><E130/><V39/><F28/><W22/><G67/><T27/><D78/><U94/><E7/><V36/><F23/><W5/><G5/><T88/><D9/><U53/><E124/><V105/><F105/><W60/><G42/><N who="2" m="16489" /><F90/><W63/><G50/><T110/><D110/><U117/><E117/><V0/><F89/><W11/><G11/><T75/><D75/><U119/><E119/><V113/><F0/><W19/><G19/><T15/><D15/><U120/><E64/><V33/><F33/><N who="1" m="12905" /><E68/><V24/><F113/><W25/><G83/><T61/><D102/><U103/><E103/><V111/><F24/><W134/><REACH who="3" step="1"/><G77/><REACH who="3" ten="232,176,347,235" step="2"/><T21/><D71/><U43/><E85/><AGARI ba="1,1" hai="16,22,25,48,54,58,60,63,85,91,95,132,134,135" machi="85" ten="40,8000,1" yaku="1,1,2,1,20,1,52,1,54,1,53,0" doraHai="51" doraHaiUra="99" who="3" fromWho="1" sc="232,0,176,-83,347,0,235,93" /><INIT seed="3,0,0,1,3,26" ten="232,93,347,328" oya="3" hai0="38,45,124,121,1,42,58,114,30,49,67,102,66" hai1="47,54,108,101,90,115,23,88,8,105,78,64,16" hai2="34,31,73,20,128,18,57,37,81,44,7,119,69" hai3="86,104,52,107,19,116,46,61,70,129,118,117,13"/><W51/><G129/><T100/><D121/><U95/><E115/><V83/><F69/><W96/><G96/><T106/><D1/><U98/><E108/><V126/><F119/><W130/><G130/><T97/><D30/><U36/><E78/><V111/><F31/><W15/><G86/><T85/><D124/><U43/><E64/><V71/><F34/><W123/><G123/><T92/><D114/><U135/><E135/><V68/><F7/><W134/><G134/><T3/><D3/><U55/><E8/><V50/><F111/><W89/><G89/><T60/><D66/><U103/><E103/><V5/><F5/><W53/><G13/><T59/><D106/><U112/><E90/><V113/><F113/><W63/><G70/><T4/><D4/><U10/><E10/><V94/><F68/><W56/><REACH who="3" step="1"/><G63/><REACH who="3" ten="232,93,347,318" step="2"/><T110/><D60/><U65/><E112/><V72/><F71/><W28/><G28/><T21/><D67/><U84/><REACH who="1" step="1"/><E65/><REACH who="1" ten="232,83,347,318" step="2"/><V75/><F128/><W62/><G62/><T99/><D102/><U27/><AGARI ba="0,2" hai="16,23,27,36,43,47,54,55,84,88,95,98,101,105" machi="27" ten="20,12000,2" yaku="1,1,2,1,0,1,7,1,54,2,53,1" doraHai="26" doraHaiUra="17" who="1" fromWho="1" sc="232,-30,83,140,347,-30,318,-60" owari="202,-30.0,223,-18.0,317,42.0,258,6.0" /></mjloggm>