<mjloggm ver="2.3"><GO type="97" lobby="0"/><UN n0="%E3%82%A8%E3%83%B3%E3%82%B8" n1="%46%72%65%65%2D%53" n2="%E2%98%86%E9%9A%BC%E2%98%86" n3="%E3%82%A6%E3%83%AB%E3%83%88%E3%83%A9%E7%AB%8B%E7%9B%B4" dan="15,15,15,15" rate="1949.12,1981.23,2061.41,2023.16" sx="M,M,M,M"/><TAIKYOKU oya="0"/><INIT seed="0,0,0,1,4,4" ten="250,250,250,250" oya="0" hai0="80,42,91,18,40,31,24,92,82,98,29,44,52" hai1="12,88,78,69,121,128,113,96,72,33,126,85,36" hai2="70,119,32,48,122,51,87,21,19,10,94,41,75" hai3="110,17,26,34,81,101,20,117,62,45,46,38,11"/><T55/><D18/><U90/><E69/><V134/><F32/><W123/><G117/><T129/><D129/><U37/><E33/><V28/><F70/><W115/><G34/><T109/><D109/><U120/><E12/><V53/><F122/><W22/><G115/><T132/><D132/><U84/><E78/><V89/><F75/><W60/><G110/><T1/><D1/><U66/><E66/><V83/><F119/><W67/><G123/><T76/><D42/><U5/><E5/><V124/><F124/><W6/><G22/><T97/><D97/><U99/><E72/><V131/><F131/><W3/><G38/><T23/><D31/><U133/><E128/><V114/><F114/><W106/><G101/><T86/><REACH who="0" step="1"/><D82/><REACH who="0" ten="240,250,250,250" step="2"/><U16/><E16/><V127/><F83/><W100/><G81/><T61/><D61/><U25/><E133/><V116/><F41/><W0/><G62/><T65/><D65/><U43/><E43/><V107/><F134/><W59/><G17/><T64/><D64/><U130/><E130/><V74/><F116/><W9/><G60/><T56/><D56/><U8/><E113/><V79/><F127/><W47/><G59/><T73/><D73/><U118/><E118/><V50/><F74/><W13/><G67/><T49/><AGARI ba="0,1" hai="23,24,29,40,44,49,52,55,76,80,86,91,92,98" machi="49" ten="20,12000,1" yaku="1,1,0,1,7,1,8,1,54,1,53,0" doraHai="4" doraHaiUra="14" who="0" fromWho="0" sc="240,130,250,-40,250,-40,250,-40" /><INIT seed="0,1,0,3,2,16" ten="370,210,210,210" oya="0" hai0="122,94,46,44,65,109,96,130,81,131,107,2,114" hai1="63,0,35,74,17,95,61,38,26,32,66,45,47" hai2="22,84,111,71,121,127,135,37,7,48,119,31,116" hai3="68,36,70,51,52,87,25,4,92,112,93,90,99"/><T126/><D122/><U30/><E0/><V41/><F121/><W98/><G36/><T91/><D114/><U88/><E74/><V124/><F71/><W1/><G112/><T77/><D2/><U49/><E38/><V8/><F111/><W19/><G4/><T120/><D120/><U125/><E125/><N who="2" m="48203" /><F135/><W103/><G1/><T123/><D123/><U43/><E47/><N who="2" m="25711" /><F37/><W100/><G19/><T14/><D109/><U69/><E63/><V9/><F84/><W33/><G33/><T15/><D65/><U75/><E75/><V53/><F53/><W24/><G70/><T5/><D126/><U79/><E79/><V133/><F133/><W110/><G68/><T28/><D28/><U11/><E11/><N who="2" m="4171" /><F7/><W39/><G39/><T40/><D107/><U115/><E115/><V42/><F42/><W132/><G132/><T50/><D44/><U108/><E108/><V86/><F86/><W80/><G110/><T128/><D5/><U64/><E66/><V20/><F31/><W129/><G129/><T73/><AGARI ba="1,0" hai="14,15,40,46,50,73,77,81,91,94,96,128,130,131" machi="73" ten="30,3000,0" yaku="0,1,19,1" doraHai="16" who="0" fromWho="0" sc="370,33,210,-11,210,-11,210,-11" /><INIT seed="0,2,0,0,1,70" ten="403,199,199,199" oya="0" hai0="97,48,18,98,127,105,130,115,13,24,25,69,107" hai1="39,23,53,44,63,64,89,81,5,15,77,2,131" hai2="52,86,108,37,14,121,71,29,49,99,34,41,78" hai3="73,91,62,96,102,61,117,74,72,125,88,36,59"/><T93/><D115/><U122/><E89/><V100/><F121/><W47/><G117/><T134/><D69/><U46/><E46/><V109/><F71/><W4/><G4/><T68/><D68/><U54/><E122/><V119/><F119/><W94/><G125/><T83/><D127/><U95/><E95/><V60/><F60/><W90/><REACH who="3" step="1"/><G59/><REACH who="3" ten="403,199,199,189" step="2"/><T84/><D134/><U124/><E5/><V129/><F108/><W85/><G85/><T50/><D84/><U8/><E124/><V133/><F86/><W32/><G32/><T12/><D130/><U51/><E131/><V110/><F109/><W42/><AGARI ba="2,1" hai="36,42,47,61,62,72,73,74,88,90,91,94,96,102" machi="42" ten="40,8000,1" yaku="1,1,0,1,52,1,54,1,53,0" doraHai="70" doraHaiUra="35" who="3" fromWho="3" sc="403,-42,199,-22,199,-22,189,96" /><INIT seed="1,0,0,0,4,17" ten="361,177,177,285" oya="1" hai0="36,30,133,34,130,23,45,125,32,113,54,75,18" hai1="3,88,44,24,115,63,49,65,69,116,4,108,105" hai2="110,67,43,98,53,85,87,9,21,117,46,41,59" hai3="8,40,51,126,48,122,16,15,66,29,37,83,112"/><U86/><E116/><V11/><F117/><W55/><G112/><T99/><D113/><U96/><E115/><V0/><F110/><W100/><G122/><T10/><D133/><U58/><E108/><V114/><F114/><W128/><G126/><T95/><D125/><U6/><E24/><V1/><F67/><W111/><G111/><T50/><D130/><U94/><E3/><V61/><F1/><W60/><G128/><T89/><D75/><U91/><E69/><V62/><F0/><W73/><G100/><T33/><D36/><U5/><E105/><V118/><F118/><W132/><G37/><T121/><D121/><U107/><E107/><V102/><F61/><W28/><G132/><T123/><D123/><U82/><REACH who="1" step="1"/><E4/><REACH who="1" ten="361,167,177,285" step="2"/><V134/><F134/><W27/><G27/><T131/><D131/><U71/><E71/><V12/><F41/><AGARI ba="0,1" hai="5,6,41,44,49,58,63,65,82,86,88,91,94,96" machi="41" ten="30,11600,0" yaku="1,1,7,1,8,1,54,1,53,0" doraHai="17" doraHaiUra="74" who="1" fromWho="2" sc="361,0,167,126,177,-116,285,0" /><INIT seed="1,1,0,5,2,8" ten="361,293,61,285" oya="1" hai0="100,113,15,10,107,7,59,23,123,29,25,35,50" hai1="74,101,69,132,3,49,48,5,127,133,66,88,93" hai2="95,111,45,80,131,118,24,94,21,33,110,86,20" hai3="82,27,67,98,97,61,38,63,13,12,128,32,65"/><U41/><E74/><V22/><F118/><W117/><G38/><T108/><D123/><U90/><E5/><V71/><F71/><W126/><G32/><T14/><D113/><U52/><E3/><V73/><F131/><W109/><G128/><T125/><D125/><U17/><E127/><V53/><F73/><W116/><G82/><T39/><D39/><U106/><E106/><V46/><F33/><W37/><G37/><T129/><D129/><U40/><E101/><V28/><F111/><W34/><G34/><T57/><D108/><U47/><E17/><V51/><F110/><W105/><G109/><T102/><D107/><U103/><E103/><N who="0" m="39465" /><D35/><U0/><E0/><V92/><REACH who="2" step="1"/><F46/><REACH who="2" ten="361,293,51,285" step="2"/><W75/><G75/><T124/><D124/><U19/><E132/><V114/><F114/><W120/><G126/><T36/><D59/><U4/><E133/><V6/><F6/><W54/><G105/><T85/><D57/><U31/><E4/><V16/><F16/><W1/><G120/><T89/><D7/><U79/><E19/><V70/><F70/><W115/><G115/><T84/><D84/><U42/><E69/><V77/><AGARI ba="1,1" hai="20,21,22,24,28,45,51,53,77,80,86,92,94,95" machi="77" ten="30,4000,0" yaku="1,1,0,1,8,1,53,0" doraHai="8" doraHaiUra="121" who="2" fromWho="2" sc="361,-11,293,-21,51,53,285,-11" /><INIT seed="2,0,0,3,5,129" ten="350,272,104,274" oya="2" hai0="104,16,68,47,70,85,23,80,90,108,11,39,114" hai1="69,46,100,66,10,78,116,22,75,122,96,12,128" hai2="113,94,49,19,42,135,51,57,124,60,36,132,88" hai3="61,6,28,81,64,103,26,127,18,3,65,13,5"/><V126/><F19/><W123/><G123/><T102/><D114/><U107/><E116/><V30/><F30/><W130/><G130/><T71/><D108/><U29/><E128/><V48/><F113/><W1/><G103/><T52/><D11/><U106/><E122/><V105/><F105/><W73/><G64/><T63/><D102/><U54/><E107/><V117/><F117/><W25/><G61/><T27/><D104/><U0/><E0/><N who="3" m="74" /><G81/><T62/><REACH who="0" step="1"/><D39/><REACH who="0" ten="340,272,104,274" step="2"/><U92/><E106/><V111/><F111/><W15/><G73/><T89/><D89/><U43/><E75/><V131/><F131/><W93/><G93/><T121/><D121/><U110/><E110/><V79/><F79/><W83/><G83/><T125/><D125/><N who="2" m="48234" /><F36/><W33/><G65/><T55/><D55/><U14/><E54/><N who="2" m="33847" /><F42/><W31/><G127/><T50/><AGARI ba="0,1" hai="16,23,27,47,50,52,62,63,68,70,71,80,85,90" machi="50" ten="40,8000,1" yaku="1,1,0,1,54,2,53,1" doraHai="129" doraHaiUra="82" who="0" fromWho="0" sc="340,90,272,-20,104,-40,274,-20" /><INIT seed="3,0,0,1,5,64" ten="430,252,64,254" oya="3" hai0="51,16,32,55,10,4,131,91,83,13,35,110,87" hai1="15,5,28,23,30,76,44,96,130,46,54,126,116" hai2="11,41,73,94,59,38,65,90,101,14,99,37,118" hai3="56,85,135,18,119,75,103,20,70,82,88,53,89"/><W8/><G75/><T19/><D131/><U31/><E130/><V100/><F118/><W12/><G119/><T39/><D39/><U25/><E116/><V120/><F73/><W2/><G135/><T69/><D69/><U63/><E126/><V128/><F120/><W111/><G111/><T98/><D110/><U125/><E76/><V77/><F128/><W1/><G103/><T107/><D107/><U105/><E105/><V113/><F113/><W95/><G70/><T34/><REACH who="0" step="1"/><D98/><REACH who="0" ten="420,252,64,254" step="2"/><U43/><E96/><V26/><F77/><W60/><G8/><T106/><D106/><U123/><E123/><V45/><F38/><W97/><AGARI ba="0,1" hai="1,2,12,18,20,53,56,60,82,85,88,89,95,97" machi="97" ten="20,3900,0" yaku="0,1,7,1,54,1" doraHai="64" who="3" fromWho="3" sc="420,-13,252,-13,64,-13,254,49" /><INIT seed="3,1,0,0,2,34" ten="407,239,51,303" oya="3" hai0="134,68,109,122,46,131,15,91,13,111,6,133,12" hai1="75,47,72,44,87,126,125,14,27,100,94,118,39" hai2="108,64,88,117,35,40,57,25,53,115,5,130,58" hai3="78,36,67,48,11,113,33,70,9,95,61,54,31"/><W62/><G36/><T17/><D68/><U22/><E118/><V65/><F117/><W49/><G113/><T7/><D122/><U79/><E14/><N who="0" m="5737" /><D91/><U43/><E47/><V45/><F5/><N who="0" m="1546" /><D46/><U105/><E105/><V128/><F25/><W99/><G78/><T52/><D52/><U42/><E43/><V51/><F35/><W76/><G76/><T59/><D59/><U50/><E39/><V129/><F88/><N who="3" m="55783" /><G33/><T81/><D81/><U104/><E104/><V83/><F83/><W80/><G80/><T18/><D131/><U60/><E75/><V2/><F2/><W114/><G70/><T1/><D1/><U37/><E72/><V112/><F108/><N who="0" m="41546" /><D18/><U77/><E37/><V90/><F90/><W56/><G54/><T127/><D127/><U23/><E79/><V69/><F69/><W120/><G62/><T121/><D121/><U96/><E60/><V41/><F58/><W124/><G120/><T38/><D38/><U32/><E77/><V0/><F0/><W19/><G19/><T119/><D119/><U92/><E32/><V55/><F55/><W107/><G107/><T8/><AGARI ba="1,0" hai="8,15,17,133,134" m="41546,1546,5737" machi="8" ten="40,5200,0" yaku="14,1,34,2" doraHai="34" who="0" fromWho="0" sc="407,55,239,-14,51,-14,303,-27" owari="462,55.0,225,-17.0,37,-46.0,276,8.0" /></mjloggm>