<mjloggm ver="2.3"><GO type="97" lobby="0"/><UN n0="%E3%82%A6%E3%83%AB%E3%83%88%E3%83%A9%E7%AB%8B%E7%9B%B4" n1="%4D%75%72%6F" n2="%E3%82%AF%E3%83%A9%E3%83%B3%E3%82%AD%E3%83%BC" n3="%4C%49%4E%4B" dan="15,14,13,14" rate="2002.49,1919.64,1838.19,2025.71" sx="M,M,M,M"/><TAIKYOKU oya="0"/><INIT seed="0,0,0,1,1,133" ten="250,250,250,250" oya="0" hai0="11,62,127,124,54,96,41,26,88,63,3,44,70" hai1="2,0,98,8,23,126,39,60,121,61,64,86,48" hai2="93,82,79,29,92,99,129,119,115,33,114,40,22" hai3="75,35,122,65,12,19,72,107,31,30,55,85,16"/><T100/><D26/><U27/><E39/><V38/><F129/><W68/><G107/><T6/><D54/><U45/><E121/><V78/><F119/><W46/><G122/><T120/><D120/><U18/><E126/><N who="0" m="48169" /><D88/><U37/><E37/><V87/><F33/><W116/><G116/><T10/><D10/><U13/><E86/><V14/><F78/><W69/><G35/><T77/><D77/><U21/><E21/><V90/><F93/><W58/><G55/><T104/><D70/><U134/><E134/><V105/><F40/><W43/><G69/><T118/><D118/><U4/><E61/><V108/><F114/><W32/><G68/><T123/><D123/><U106/><E106/><V52/><F105/><W74/><G32/><T67/><D67/><U51/><E51/><AGARI ba="0,0" hai="3,6,11,41,44,51,62,63,96,100,104" m="48169" machi="51" ten="30,11600,0" yaku="18,1,52,3" doraHai="133" who="0" fromWho="1" sc="250,116,250,-116,250,0,250,0" /><INIT seed="0,1,0,1,3,32" ten="366,134,250,250" oya="0" hai0="29,72,50,88,71,39,76,2,90,43,34,33,130" hai1="54,87,65,74,46,63,85,47,41,35,10,24,52" hai2="68,115,93,30,92,112,86,94,83,8,96,28,133" hai3="77,89,114,13,17,126,12,57,58,122,110,19,25"/><T7/><D50/><U27/><E74/><V127/><F133/><W59/><G114/><T20/><D20/><U104/><E104/><V38/><F127/><W102/><G126/><T61/><D29/><U108/><E108/><V118/><F118/><W73/><G110/><T6/><D6/><U60/><E35/><V121/><F121/><W1/><G1/><T62/><D62/><U101/><E101/><V18/><F68/><W132/><G122/><T66/><D88/><U123/><E123/><V131/><F131/><W113/><G113/><T80/><D90/><U78/><E78/><N who="2" m="46455" /><F38/><W36/><G36/><T120/><D120/><U70/><E10/><V4/><F4/><W45/><G45/><N who="0" m="23807" /><D130/><U79/><E79/><V124/><F124/><W37/><G37/><T97/><D97/><U44/><E41/><V48/><F48/><W95/><G77/><T106/><D106/><U31/><E31/><N who="2" m="11819" /><F112/><W135/><G102/><T9/><AGARI ba="1,0" hai="2,7,9,33,34,61,66,71,72,76,80" m="23807" machi="9" ten="30,11700,0" yaku="25,1,33,2,52,1" doraHai="32" who="0" fromWho="0" sc="366,120,134,-40,250,-40,250,-40" /><INIT seed="0,2,0,5,3,91" ten="486,94,210,210" oya="0" hai0="84,20,69,82,34,92,85,0,25,38,74,78,65" hai1="129,95,26,50,130,124,125,10,94,75,11,132,33" hai2="15,106,51,127,131,63,43,83,21,41,6,47,104" hai3="111,90,119,118,133,39,8,128,44,12,71,27,61"/><T100/><D38/><U31/><E75/><V35/><F35/><W64/><G128/><N who="1" m="49258" /><E50/><V87/><F131/><W30/><G133/><T52/><D0/><U117/><E117/><V120/><F120/><W54/><G111/><T80/><D34/><U122/><E122/><V36/><F127/><N who="1" m="48713" /><E132/><V73/><F73/><W24/><G39/><T5/><D5/><U79/><E79/><V55/><F41/><W66/><G66/><T17/><D74/><U2/><E2/><V123/><F63/><W1/><G1/><T46/><D69/><U13/><E11/><V68/><F68/><W101/><G101/><T89/><D65/><U134/><E134/><V93/><F123/><W97/><G44/><T59/><D46/><U32/><E32/><V18/><F6/><AGARI ba="2,0" hai="6,10,13,26,31,33,94,95" m="48713,49258" machi="6" ten="30,7700,0" yaku="19,1,18,1,52,2" doraHai="91" who="1" fromWho="2" sc="486,0,94,83,210,-83,210,0" /><INIT seed="1,0,0,2,3,99" ten="486,177,127,210" oya="1" hai0="38,72,18,68,31,128,24,54,132,45,88,115,85" hai1="57,48,20,50,95,29,36,111,103,131,64,75,22" hai2="105,96,62,2,12,80,89,109,100,47,35,11,16" hai3="116,120,77,106,21,129,82,59,126,3,66,56,26"/><U83/><E36/><V86/><F109/><W112/><G3/><T7/><D72/><U73/><E111/><V14/><F35/><W127/><G112/><T19/><D68/><U49/><E131/><V60/><F2/><W84/><G120/><T27/><D7/><U46/><E83/><V65/><F65/><W33/><G33/><T34/><D115/><U133/><E133/><V44/><REACH who="2" step="1"/><F14/><REACH who="2" ten="486,177,117,210" step="2"/><W79/><G129/><T17/><D128/><U55/><E73/><V125/><F125/><N who="3" m="47627" /><G116/><T102/><D34/><U92/><E75/><V10/><F10/><W74/><G66/><T13/><D13/><U28/><E64/><V101/><F101/><W67/><G67/><T94/><D102/><U51/><E103/><V93/><F93/><N who="1" m="35913" /><E57/><N who="3" m="22090" /><G106/><T30/><D132/><U1/><E1/><V123/><F123/><W110/><G110/><T114/><D114/><U63/><E63/><AGARI ba="0,1" hai="11,12,16,44,47,60,62,63,80,86,89,96,100,105" machi="63" ten="40,8000,1" yaku="1,1,52,1,54,1,53,1" doraHai="99" doraHaiUra="87" who="2" fromWho="1" sc="486,0,177,-80,117,90,210,0" /><INIT seed="2,0,0,5,1,61" ten="486,97,207,210" oya="2" hai0="112,65,54,131,105,115,125,43,23,7,98,101,1" hai1="78,84,46,41,132,24,6,133,122,49,70,100,14" hai2="10,109,63,97,121,21,106,93,18,104,87,31,25" hai3="123,129,111,28,128,40,108,66,102,74,99,20,3"/><V124/><F121/><W116/><G3/><T79/><D43/><U56/><E122/><V126/><F109/><N who="3" m="42059" /><G74/><T110/><D110/><U47/><E70/><V67/><F87/><W60/><G40/><T120/><D120/><U119/><E119/><V2/><F2/><W85/><G85/><T51/><D79/><U62/><E100/><N who="2" m="60463" /><F18/><W64/><G116/><T11/><D23/><U30/><E47/><V103/><F103/><W135/><G135/><T17/><D17/><U81/><E30/><V55/><F55/><W37/><G37/><T92/><D105/><U80/><E80/><V113/><F10/><W130/><G60/><T15/><D1/><U89/><E133/><V33/><F33/><W9/><G9/><T90/><D101/><U19/><E132/><V95/><F95/><N who="3" m="58751" /><G123/><T48/><D11/><U8/><E24/><AGARI ba="0,0" hai="20,24,28,64,66,128,129,130" m="58751,42059" machi="24" ten="40,8000,1" yaku="19,1,14,1,52,2" doraHai="61" who="3" fromWho="1" sc="486,0,97,-80,207,0,210,80" /><INIT seed="3,0,0,5,4,109" ten="486,17,207,290" oya="3" hai0="98,45,34,30,27,88,97,18,31,35,57,39,1" hai1="37,134,84,42,33,86,72,3,64,8,118,100,91" hai2="116,50,96,135,9,76,26,47,49,14,99,121,10" hai3="106,74,12,6,111,89,92,13,108,68,41,129,82"/><W95/><G106/><T5/><D5/><U59/><E118/><V36/><F116/><W38/><G68/><T46/><D1/><U40/><E134/><V23/><F135/><W104/><G104/><T44/><D39/><U54/><E72/><V119/><F119/><W16/><G129/><T133/><D18/><U20/><E33/><V103/><F121/><W19/><G41/><T60/><D88/><U51/><E100/><V62/><F76/><W94/><G38/><T131/><D131/><U22/><E37/><V102/><F36/><W71/><G71/><T107/><D107/><U123/><E123/><V105/><F62/><W32/><G32/><T120/><D120/><U132/><E132/><V77/><F77/><W114/><G114/><T29/><D29/><U58/><E3/><V2/><F2/><W78/><G89/><T81/><D81/><U43/><E8/><V112/><F49/><W66/><G66/><T83/><D83/><U48/><E91/><V0/><F0/><W56/><G56/><N who="1" m="21546" /><E84/><V126/><F126/><W117/><G117/><T61/><D133/><U115/><E64/><V125/><F125/><W113/><G113/><T65/><D60/><U130/><E130/><V79/><F79/><W21/><REACH who="3" step="1"/><G6/><REACH who="3" ten="486,17,207,280" step="2"/><T67/><D67/><U87/><E115/><V25/><F112/><W73/><G73/><T15/><D57/><U70/><E70/><V93/><F105/><W52/><G52/><T101/><D61/><U69/><E69/><V128/><F128/><W53/><G53/><T90/><D65/><U4/><E4/><V85/><F103/><RYUUKYOKU ba="0,1" sc="486,-10,17,-10,207,-10,280,30" hai3="12,13,16,19,21,74,78,82,92,94,95,108,111" /><INIT seed="3,1,1,4,0,97" ten="476,7,197,310" oya="3" hai0="92,7,120,129,25,6,117,50,128,96,98,52,44" hai1="42,130,1,116,88,19,43,83,124,132,111,38,49" hai2="71,73,0,8,10,28,48,51,82,64,91,23,105" hai3="56,12,27,85,11,101,35,122,22,123,63,47,89"/><W18/><G35/><T125/><D120/><U70/><E49/><V99/><F71/><W33/><G33/><T65/><D117/><U36/><E43/><V37/><F37/><W118/><G118/><T93/><D65/><U133/><E42/><V119/><F119/><W109/><G109/><T75/><D25/><U34/><E88/><V76/><F64/><W62/><G62/><T30/><D30/><U115/><E83/><V104/><F104/><W46/><G122/><T68/><D75/><U15/><E19/><V31/><F31/><W57/><G123/><T94/><D68/><U127/><E15/><V86/><F10/><W26/><G26/><T106/><D106/><U107/><E38/><V102/><F28/><W60/><G60/><T53/><D53/><U108/><E108/><V77/><F77/><W41/><G101/><T74/><D96/><U81/><E81/><V87/><F87/><W78/><G78/><T14/><D98/><U113/><E113/><V114/><F114/><W58/><G63/><T100/><D100/><U17/><E17/><V112/><F112/><W79/><G79/><T21/><D7/><U95/><E95/><N who="2" m="54775" /><F23/><W32/><G32/><T135/><D93/><U103/><E103/><V61/><F61/><W29/><REACH who="3" step="1"/><G41/><REACH who="3" ten="476,7,197,300" step="2"/><T59/><D128/><U80/><E80/><AGARI ba="1,2" hai="11,12,18,22,27,29,46,47,56,57,58,80,85,89" machi="80" ten="40,7700,0" yaku="1,1,2,1,8,1,53,0" doraHai="97" doraHaiUra="134" who="3" fromWho="1" sc="476,0,7,-80,197,0,300,100" owari="476,57.0,-73,-57.0,197,-20.0,400,20.0" /></mjloggm>