<mjloggm ver="2.3"><GO type="97" lobby="0"/><UN n0="%E2%80%A0%52%49%4B%55%E2%80%A0" n1="%E3%81%BE%E3%81%A3%E3%81%A1%E3%82%83%E3%82%93%E3%83%91%E3%83%91" n2="%E3%82%A6%E3%83%AB%E3%83%88%E3%83%A9%E7%AB%8B%E7%9B%B4" n3="%E3%82%88%E3%83%BC%E3%81%90%E3%82%8B%E3%81%A8" dan="13,15,15,14" rate="1856.76,1985.89,1932.87,1906.98" sx="M,M,M,M"/><TAIKYOKU oya="0"/><INIT seed="0,0,0,2,1,89" ten="250,250,250,250" oya="0" hai0="31,2,36,61,49,59,105,99,54,116,70,24,21" hai1="113,17,55,8,62,46,11,78,127,39,37,71,122" hai2="118,58,106,3,124,130,42,135,104,67,7,51,125" hai3="44,98,112,120,13,95,132,19,6,83,23,90,97"/><T0/><D116/><U94/><E122/><V107/><F7/><W84/><G120/><T108/><D108/><U10/><E127/><N who="2" m="48715" /><F3/><W102/><G132/><T75/><D75/><U15/><E113/><V87/><F67/><W22/><G112/><T123/><D123/><U121/><E121/><V63/><F63/><W57/><G6/><T53/><D36/><U101/><E78/><V60/><F60/><W117/><G117/><T79/><D79/><U133/><E133/><V65/><F65/><W29/><G29/><T30/><D70/><U12/><E71/><V73/><F51/><W93/><G44/><T48/><D61/><U34/><E34/><V47/><F58/><W126/><G57/><T77/><D77/><U82/><E82/><V35/><F47/><W27/><G126/><T52/><D54/><U33/><E33/><V74/><F35/><W66/><G66/><T114/><D114/><U40/><E39/><V43/><F118/><W32/><G32/><T119/><D119/><U134/><E134/><V50/><F50/><W128/><G128/><T18/><D0/><U131/><E131/><V110/><F130/><W64/><G64/><T28/><D2/><U38/><E38/><V20/><F135/><W69/><G69/><T100/><REACH who="0" step="1"/><D31/><REACH who="0" ten="240,250,250,250" step="2"/><U5/><E37/><V14/><F74/><W1/><G1/><T96/><D96/><N who="1" m="59543" /><E62/><V88/><F73/><W109/><G109/><T26/><D26/><U56/><E55/><V25/><F110/><W41/><G41/><T111/><D111/><U91/><E40/><V115/><F115/><W103/><G27/><RYUUKYOKU ba="0,1" sc="240,15,250,-15,250,-15,250,15" hai0="18,21,24,28,30,48,49,52,53,59,99,100,105" hai3="13,19,22,23,83,84,90,93,95,97,98,102,103" /><INIT seed="0,1,1,2,1,23" ten="255,235,235,265" oya="0" hai0="135,100,51,120,123,12,95,64,38,90,129,76,56" hai1="71,88,89,44,24,119,109,22,94,110,21,48,36" hai2="82,74,126,118,113,3,78,47,2,49,102,54,32" hai3="68,125,132,15,19,62,58,34,111,37,81,29,52"/><T63/><D38/><U40/><E119/><V27/><F113/><W8/><G37/><T4/><D129/><U10/><E71/><V69/><F69/><W45/><G132/><T115/><D135/><U33/><E10/><V1/><F126/><W61/><G125/><T114/><D76/><U105/><E105/><V28/><F118/><W83/><G111/><N who="1" m="42506" /><E36/><V9/><REACH who="2" step="1"/><F102/><REACH who="2" ten="255,235,225,265" step="2"/><W75/><G68/><N who="0" m="42015" /><D114/><U6/><E6/><AGARI ba="1,2" hai="1,2,3,6,9,27,28,32,47,49,54,74,78,82" machi="6" ten="40,2600,0" yaku="1,1,52,1,53,0" doraHai="23" doraHaiUra="57" who="2" fromWho="1" sc="255,0,235,-29,225,49,265,0" /><INIT seed="1,0,0,5,1,8" ten="255,206,274,265" oya="1" hai0="41,9,33,93,55,64,129,24,18,94,44,12,109" hai1="62,37,2,22,75,19,36,82,77,60,50,91,107" hai2="132,120,7,74,25,30,101,95,83,68,88,79,106" hai3="40,39,134,0,127,81,73,121,38,45,3,113,76"/><U78/><E2/><V100/><F68/><W96/><G113/><T48/><D109/><U130/><E107/><V116/><F116/><W28/><G121/><T11/><D129/><U63/><E130/><V86/><F120/><W47/><G134/><T52/><D64/><U34/><E34/><V32/><F132/><W58/><G58/><T131/><D131/><U65/><E65/><V123/><F123/><W104/><G28/><T1/><D1/><U111/><E111/><V128/><F128/><W89/><G127/><T110/><D110/><U125/><E125/><V15/><F7/><W126/><G126/><T5/><D5/><U72/><E50/><V119/><F119/><W31/><G31/><T35/><D24/><U21/><E91/><V17/><F106/><W105/><G89/><T115/><D115/><U13/><REACH who="1" step="1"/><E21/><AGARI ba="0,0" hai="15,17,21,25,30,32,74,79,83,86,88,95,100,101" machi="21" ten="30,3900,0" yaku="7,1,52,1,54,1" doraHai="8" who="2" fromWho="1" sc="255,0,206,-39,274,39,265,0" /><INIT seed="2,0,0,0,2,106" ten="255,167,313,265" oya="2" hai0="110,84,28,20,14,3,21,1,101,65,64,124,12" hai1="122,89,13,81,53,61,71,97,34,134,102,52,0" hai2="108,40,76,75,113,32,30,117,107,8,43,23,133" hai3="119,11,54,87,86,123,82,58,88,93,67,24,36"/><V96/><F32/><W80/><G119/><T10/><D124/><U17/><E0/><N who="0" m="73" /><D101/><U33/><E122/><V42/><F117/><W109/><G123/><T26/><D84/><U99/><E134/><V116/><F116/><W70/><G36/><T66/><D110/><U9/><E34/><V72/><F113/><W92/><G109/><T118/><D118/><U103/><E33/><V31/><F108/><W79/><G11/><T2/><D10/><U41/><E41/><V135/><F8/><W78/><G70/><T128/><D28/><N who="2" m="10794" /><F76/><W130/><G130/><T29/><D26/><U120/><E120/><V50/><F50/><W127/><G127/><T51/><D51/><U105/><E81/><V121/><F121/><W39/><G39/><T37/><D37/><U125/><E125/><V132/><F23/><N who="0" m="8778" /><D29/><U94/><REACH who="1" step="1"/><E103/><AGARI ba="0,0" hai="40,42,43,72,75,96,103,107,132,133,135" m="10794" machi="103" ten="40,7700,0" yaku="20,1,52,2" doraHai="106" who="2" fromWho="1" sc="255,0,167,-77,313,77,265,0" /><INIT seed="2,1,0,3,2,0" ten="255,90,390,265" oya="2" hai0="32,104,22,59,50,109,53,37,6,128,45,108,127" hai1="96,103,18,8,2,76,4,91,19,97,98,25,27" hai2="43,12,52,132,106,123,1,80,105,60,71,131,46" hai3="124,125,77,78,93,36,70,10,15,24,28,100,82"/><V119/><F1/><W90/><G70/><T110/><D32/><U86/><E76/><V99/><F123/><W94/><G36/><T74/><D104/><U57/><E57/><V26/><F119/><W62/><G62/><T120/><D120/><U83/><REACH who="1" step="1"/><E103/><REACH who="1" ten="255,80,390,265" step="2"/><V116/><F71/><W64/><G100/><T114/><D109/><U21/><E21/><V66/><F116/><W85/><G78/><T73/><D22/><U101/><E101/><V133/><F66/><W113/><G64/><T61/><D110/><U31/><E31/><V130/><F106/><W30/><G77/><T118/><D108/><U11/><E11/><V33/><F105/><W9/><G9/><T129/><D118/><U3/><E3/><V88/><F132/><W81/><G10/><T29/><D29/><U111/><E111/><V112/><F133/><W23/><G30/><T65/><D128/><U39/><E39/><V55/><F131/><W69/><G23/><T67/><D129/><U79/><E79/><V89/><F130/><W41/><G28/><T63/><D59/><U87/><E87/><V5/><F33/><W49/><G85/><T14/><D74/><U44/><E44/><V134/><F46/><W47/><G47/><T107/><D73/><U121/><E121/><V75/><F134/><W135/><G135/><T16/><D45/><U68/><E68/><V35/><F75/><W92/><G69/><T126/><D37/><U115/><E115/><V102/><F35/><W48/><G113/><T54/><D114/><U51/><E51/><V84/><F84/><W117/><G49/><RYUUKYOKU ba="1,1" sc="255,-10,80,30,390,-10,265,-10" hai1="2,4,8,18,19,25,27,83,86,91,96,97,98" /><INIT seed="3,2,1,0,2,94" ten="245,110,380,255" oya="3" hai0="68,125,41,134,100,1,81,92,89,129,107,46,72" hai1="14,97,102,7,16,99,110,126,49,70,88,23,55" hai2="60,131,42,65,80,85,47,86,17,122,31,10,101" hai3="26,75,117,135,91,119,6,71,5,104,123,2,62"/><W9/><G91/><T108/><D68/><U98/><E70/><V90/><F31/><W74/><G123/><T77/><D1/><U118/><E118/><N who="3" m="45066" /><G26/><T27/><D27/><U121/><E121/><V51/><F101/><W28/><G28/><T21/><D21/><U38/><E38/><V36/><F86/><W0/><G135/><T52/><D52/><U66/><E126/><V95/><F80/><W127/><G127/><T50/><D125/><U83/><E110/><V79/><F79/><W84/><G84/><N who="0" m="52263" /><D134/><U124/><E124/><V32/><F32/><W37/><G37/><T30/><D30/><U112/><E112/><V19/><F36/><W25/><G25/><T4/><D4/><U133/><E133/><V13/><F19/><W93/><G93/><T45/><D45/><N who="1" m="28079" /><E66/><V48/><F122/><W106/><G62/><T82/><D82/><U64/><E64/><V43/><F17/><W54/><G54/><T130/><D108/><U109/><E109/><V128/><F13/><W57/><G57/><T96/><AGARI ba="2,1" hai="41,46,50,72,77,81,96,100,107,129,130" m="52263" machi="96" ten="30,2000,0" yaku="24,1,52,1" doraHai="94" who="0" fromWho="0" sc="245,36,110,-7,380,-7,255,-12" owari="281,8.0,103,-40.0,373,48.0,243,-16.0" /></mjloggm>