<mjloggm ver="2.3"><GO type="169" lobby="0"/><UN n0="%52%65%6C%6D" n1="%E3%81%AF%E3%82%86%E3%81%86" n2="%E3%81%8C%E3%81%A1%E3%82%85%E3%81%86" n3="%EF%BC%88%E2%89%A7%E2%96%BD%E2%89%A6%EF%BC%89" dan="16,16,16,19" rate="2062.32,2064.14,2046.34,2323.39" sx="F,M,M,M"/><TAIKYOKU oya="0"/><INIT seed="0,0,0,4,1,46" ten="250,250,250,250" oya="0" hai0="31,49,36,20,60,56,79,62,95,26,58,99,102" hai1="111,75,32,113,17,55,15,30,125,117,41,104,101" hai2="110,5,124,35,64,73,72,130,9,87,108,7,25" hai3="0,120,92,33,94,133,82,103,4,85,8,52,37"/><T44/><D36/><U76/><E111/><V115/><F115/><W2/><G37/><T38/><D38/><U100/><E125/><V89/><F124/><W23/><G33/><T39/><D39/><U16/><E117/><V98/><F130/><W48/><G133/><T42/><D79/><U13/><E113/><V57/><F98/><W40/><G40/><T129/><D129/><U131/><E131/><V69/><F69/><W50/><G120/><T43/><D43/><U59/><E41/><V14/><F7/><W34/><G34/><T86/><D86/><U135/><E135/><V74/><F25/><W77/><G0/><T19/><D19/><U80/><E30/><V28/><F28/><W119/><G119/><T21/><D21/><U122/><E32/><V65/><F35/><W66/><G66/><T116/><D116/><U70/><E70/><V132/><F132/><W88/><G23/><T93/><D93/><U134/><E134/><V83/><REACH who="2" step="1"/><F57/><AGARI ba="0,0" hai="20,26,31,42,44,49,56,57,58,60,62,95,99,102" machi="57" ten="40,3900,0" yaku="8,1,52,1" doraHai="46" who="0" fromWho="2" sc="250,39,250,0,250,-39,250,0" /><INIT seed="0,1,0,1,4,97" ten="289,250,211,250" oya="0" hai0="88,53,114,28,67,72,25,10,69,18,124,39,85" hai1="21,32,52,119,128,38,76,104,105,35,54,83,110" hai2="16,29,22,64,98,126,101,132,47,17,26,46,91" hai3="55,30,60,103,65,133,107,109,100,33,80,42,7"/><T34/><D72/><U23/><E119/><V113/><F113/><W70/><G133/><T59/><D114/><U90/><E38/><V62/><F132/><W3/><G109/><T68/><D39/><U86/><E110/><V1/><F1/><W75/><G42/><T0/><D67/><U36/><E36/><V24/><F126/><W77/><G55/><T66/><D66/><U63/><E128/><V130/><F91/><W127/><G127/><T89/><D89/><U121/><E121/><V45/><F130/><W81/><G81/><T43/><D43/><U19/><E23/><V31/><F29/><W61/><G61/><T20/><D10/><U115/><E115/><V93/><REACH who="2" step="1"/><F24/><REACH who="2" ten="289,250,201,250" step="2"/><W79/><G79/><T5/><D0/><U8/><E90/><V74/><F74/><W4/><G3/><T135/><D124/><U27/><E76/><V51/><F51/><W125/><G125/><T44/><D135/><U41/><E27/><V129/><F129/><W12/><G12/><T58/><D28/><U99/><E63/><V116/><F116/><W57/><G30/><T131/><D131/><U49/><E49/><V118/><F118/><W14/><G14/><T117/><D117/><U2/><E2/><V73/><F73/><W123/><G75/><T112/><D112/><U108/><E108/><V94/><F94/><W11/><G77/><T120/><D120/><U134/><E134/><V15/><F15/><W82/><G123/><T13/><D13/><U92/><E92/><V122/><F122/><W71/><G4/><T87/><D5/><U40/><E8/><RYUUKYOKU ba="1,1" sc="289,-10,250,-10,201,30,250,-10" hai2="16,17,22,26,31,45,46,47,62,64,93,98,101" /><INIT seed="1,2,1,0,0,38" ten="279,240,231,240" oya="1" hai0="59,68,96,13,115,23,54,97,20,127,7,6,85" hai1="9,4,49,39,40,61,57,119,78,81,103,88,111" hai2="16,113,30,63,114,76,124,80,134,45,72,8,135" hai3="26,11,18,86,73,28,126,94,75,118,15,93,123"/><U58/><E119/><V14/><F124/><W106/><G123/><T100/><D68/><U2/><E111/><V98/><F30/><W132/><G106/><T83/><D127/><U24/><E103/><V102/><F63/><W79/><G126/><T117/><D117/><U5/><E5/><V91/><F91/><W99/><G118/><T92/><D97/><U104/><E104/><N who="2" m="63575" /><F45/><W44/><G132/><AGARI ba="2,1" hai="8,14,16,72,76,80,113,114,132,134,135" m="63575" machi="132" ten="30,2000,0" yaku="20,1,54,1" doraHai="38" who="2" fromWho="3" sc="279,0,240,0,231,36,240,-26" /><INIT seed="2,0,0,1,3,17" ten="279,240,267,214" oya="2" hai0="8,81,110,48,107,47,88,77,119,108,4,25,104" hai1="109,122,30,9,82,38,111,42,131,124,64,92,3" hai2="22,28,5,10,6,126,60,72,35,113,97,68,49" hai3="70,21,87,75,11,89,76,101,90,18,58,121,83"/><V36/><F113/><W80/><G121/><T95/><D119/><U117/><E117/><V103/><F36/><W130/><G70/><T79/><D25/><U134/><E64/><V66/><F72/><W34/><G34/><T32/><D32/><U115/><E42/><V132/><F132/><W91/><G130/><T0/><D107/><U24/><E38/><V71/><F126/><W116/><G116/><T59/><D59/><U118/><E82/><V12/><F5/><W62/><G11/><T135/><D104/><U67/><E67/><V78/><F78/><W133/><G101/><T129/><D129/><U2/><E92/><V123/><F123/><W100/><G100/><T120/><D120/><U40/><E40/><V46/><F35/><W73/><G73/><T99/><D135/><U102/><E102/><V114/><F114/><W31/><G31/><T65/><D65/><U45/><E45/><V23/><F28/><W51/><G51/><T15/><D0/><U44/><E44/><V1/><F1/><W63/><G133/><T54/><REACH who="0" step="1"/><D81/><REACH who="0" ten="269,240,267,214" step="2"/><U53/><E3/><V14/><F14/><W112/><G112/><T55/><D55/><U61/><E115/><V106/><F68/><W128/><G128/><T27/><D27/><U57/><E134/><V39/><F39/><W94/><G58/><T50/><D50/><U19/><E131/><V37/><F37/><W7/><G83/><T127/><D127/><U86/><E124/><V98/><F98/><W84/><G80/><T105/><D105/><U26/><E122/><V96/><F96/><W93/><G75/><RYUUKYOKU ba="0,1" sc="269,15,240,-15,267,15,214,-15" hai0="4,8,15,47,48,54,77,79,88,95,99,108,110" hai2="6,10,12,22,23,46,49,60,66,71,97,103,106" /><INIT seed="2,1,1,1,5,69" ten="284,225,282,199" oya="2" hai0="38,112,106,79,98,83,64,109,128,52,24,23,105" hai1="56,62,42,111,57,63,130,43,78,33,46,107,41" hai2="3,125,100,45,96,91,108,10,18,81,92,61,20" hai3="102,49,17,47,53,88,135,7,82,16,90,1,34"/><V13/><F125/><W0/><G34/><T86/><D112/><U28/><E107/><V134/><F134/><W73/><G135/><T95/><D64/><U116/><E78/><V120/><F120/><W60/><G102/><T6/><D6/><U72/><E72/><V5/><F108/><W68/><G68/><T31/><D109/><U71/><E28/><V2/><F61/><N who="1" m="23049" /><E71/><V126/><F126/><W110/><G110/><T133/><D133/><U37/><E33/><V22/><F45/><W70/><G70/><T58/><D38/><N who="1" m="21815" /><E111/><V121/><F81/><W39/><G60/><T66/><D66/><U65/><E116/><V94/><F121/><W15/><G39/><T113/><D113/><U59/><E130/><V114/><F114/><W93/><G7/><T101/><D128/><U74/><E74/><V19/><F19/><W124/><G17/><T97/><D97/><U118/><E118/><V26/><F20/><W14/><G14/><T80/><D80/><U11/><E11/><V21/><F21/><N who="3" m="11423" /><G124/><T76/><REACH who="0" step="1"/><D79/><REACH who="0" ten="274,225,282,199" step="2"/><U115/><E115/><V8/><F5/><W54/><G82/><T32/><D32/><U89/><E65/><V9/><F3/><W85/><G0/><T131/><D131/><U4/><E4/><N who="2" m="3271" /><F2/><W25/><G1/><T117/><D117/><U129/><E37/><V103/><F96/><W104/><G49/><AGARI ba="1,2" hai="23,24,31,49,52,58,76,83,86,95,98,101,105,106" machi="49" ten="30,3900,0" yaku="1,1,7,1,54,1,53,0" doraHai="69" doraHaiUra="84" who="0" fromWho="3" sc="274,62,225,0,282,0,199,-42" /><INIT seed="3,0,0,5,2,82" ten="336,225,282,157" oya="3" hai0="39,78,40,37,4,49,41,36,8,87,43,125,129" hai1="2,118,13,77,10,57,89,18,44,69,134,32,64" hai2="42,30,38,123,124,61,127,90,22,106,65,104,94" hai3="88,128,74,1,92,24,80,110,101,29,0,51,83"/><W105/><G128/><T70/><D70/><U21/><E134/><V46/><F123/><W85/><G110/><T114/><D129/><U31/><E118/><V23/><F22/><W17/><G17/><T98/><D98/><U54/><E77/><V96/><F23/><W12/><G12/><T9/><D9/><U133/><E133/><V5/><F5/><W107/><G107/><T60/><D60/><U72/><E72/><V15/><F15/><W67/><G67/><T113/><D125/><N who="2" m="48202" /><F30/><W48/><G80/><N who="0" m="47511" /><D114/><U84/><E44/><V73/><F73/><W76/><G0/><T53/><D37/><U26/><E64/><V111/><F111/><W131/><G1/><T50/><D39/><U59/><E69/><AGARI ba="0,0" hai="38,42,46,61,65,69,90,94,96,104,106" m="48202" machi="69" ten="30,1000,0" yaku="18,1" doraHai="82" who="2" fromWho="1" sc="336,0,225,-10,282,10,157,0" /><INIT seed="4,0,0,4,3,132" ten="336,215,292,157" oya="0" hai0="114,99,37,69,1,91,3,46,58,71,121,62,66" hai1="7,95,54,74,52,101,96,0,134,98,43,119,45" hai2="67,81,116,111,110,65,128,39,94,29,77,84,28" hai3="107,80,36,4,34,126,17,63,76,31,25,92,90"/><T64/><D121/><U86/><E74/><V13/><F39/><W27/><G36/><T56/><D114/><U57/><E134/><V51/><F128/><W123/><G107/><T50/><D1/><U106/><E119/><V103/><F116/><W53/><G123/><T130/><D3/><U55/><E86/><V15/><F51/><W124/><G4/><T122/><D122/><U109/><E109/><V120/><F120/><W21/><G53/><N who="0" m="31799" /><D91/><U135/><E135/><V113/><F113/><W102/><G63/><N who="0" m="40415" /><D99/><U79/><E79/><V83/><F94/><W12/><G102/><T2/><D2/><U16/><E57/><V48/><F48/><W32/><G27/><T33/><D33/><U133/><E133/><V35/><F35/><W26/><G26/><T47/><D130/><U100/><E0/><V105/><F105/><W14/><G14/><T72/><D72/><U19/><REACH who="1" step="1"/><E7/><REACH who="1" ten="336,205,292,157" step="2"/><V93/><F77/><W87/><REACH who="3" step="1"/><G34/><REACH who="3" ten="336,205,292,147" step="2"/><T23/><D69/><U131/><E131/><V125/><F111/><W68/><G68/><T73/><D73/><AGARI ba="0,2" hai="12,17,21,25,31,32,73,76,80,87,90,92,124,126" machi="73" ten="40,5200,0" yaku="1,1,52,2,53,0" doraHai="132" doraHaiUra="42" who="3" fromWho="0" sc="336,-52,205,0,292,0,147,72" /><INIT seed="5,0,0,2,2,111" ten="284,205,292,219" oya="1" hai0="82,89,135,29,92,7,126,81,61,9,6,94,123" hai1="120,48,50,129,117,45,5,26,83,28,14,35,104" hai2="31,18,38,97,55,84,134,80,34,63,109,10,93" hai3="108,128,0,37,66,76,19,127,122,51,40,3,75"/><U77/><E117/><V105/><F109/><W72/><G108/><T67/><D123/><U98/><E129/><V68/><F38/><W13/><G122/><T2/><D6/><U99/><E120/><V52/><F134/><W107/><G107/><T118/><D135/><U73/><E104/><V133/><F133/><W53/><G128/><T30/><D118/><U23/><E50/><V21/><F105/><W15/><G127/><T41/><D41/><U54/><REACH who="1" step="1"/><E23/><REACH who="1" ten="284,195,292,219" step="2"/><V4/><F34/><W79/><G37/><T27/><D126/><U17/><E17/><V95/><F21/><W131/><G19/><T100/><D30/><U8/><AGARI ba="0,1" hai="5,8,14,26,28,35,45,48,54,73,77,83,98,99" machi="8" ten="30,3000,0" yaku="1,1,0,1,53,0" doraHai="111" doraHaiUra="130" who="1" fromWho="1" sc="284,-10,195,40,292,-10,219,-10" /><INIT seed="5,1,0,3,5,30" ten="274,235,282,209" oya="1" hai0="15,134,49,92,4,35,107,12,66,20,113,18,76" hai1="135,97,67,16,10,69,128,119,127,3,45,58,63" hai2="27,108,123,91,133,82,1,100,5,62,114,125,65" hai3="79,7,88,46,61,72,38,8,129,102,99,101,50"/><U57/><E119/><V78/><F108/><W34/><G34/><T95/><D107/><U110/><E135/><V86/><F123/><W22/><G129/><T94/><D134/><U111/><E128/><V81/><F133/><W103/><G38/><T11/><D113/><U55/><E127/><V51/><F125/><W117/><G117/><T14/><D76/><U42/><E97/><V98/><F51/><W32/><G32/><T126/><D35/><U124/><E124/><V21/><F5/><W104/><G22/><T48/><D66/><U17/><E3/><V29/><F1/><W33/><G33/><T75/><D75/><U0/><E0/><V118/><F118/><W26/><G26/><T13/><D126/><U53/><E10/><V87/><F114/><W120/><G61/><T39/><D39/><N who="1" m="21727" /><E16/><V56/><F98/><W106/><G120/><T83/><D83/><U47/><E17/><V60/><F60/><W116/><G116/><T112/><D112/><U77/><E77/><V2/><F2/><N who="3" m="119" /><G79/><T130/><D130/><U93/><E93/><V74/><F74/><W36/><G72/><T68/><D68/><U121/><E121/><V90/><F100/><W70/><G70/><T71/><D71/><U64/><E47/><V80/><F78/><W9/><G106/><T54/><D14/><U40/><E40/><V25/><F25/><W96/><G104/><T131/><D15/><U109/><E67/><V59/><F80/><W84/><G9/><T41/><D131/><U37/><E37/><V28/><F28/><W115/><G115/><T24/><D11/><RYUUKYOKU ba="1,0" sc="274,-15,235,15,282,15,209,-15" hai1="53,55,57,58,63,64,69,109,110,111" hai2="21,27,29,56,59,62,65,81,82,86,87,90,91" /><INIT seed="5,2,0,4,2,87" ten="259,250,297,194" oya="1" hai0="122,90,114,11,80,21,103,72,104,129,30,112,32" hai1="61,99,9,20,13,101,58,38,70,36,111,6,81" hai2="124,57,26,71,73,88,37,123,31,47,77,125,120" hai3="133,102,74,130,46,12,67,117,84,62,93,28,106"/><U98/><E70/><V65/><F57/><W97/><G117/><T116/><D32/><U91/><E111/><V86/><F77/><W113/><G113/><N who="0" m="43627" /><D11/><U14/><E98/><V128/><F73/><W8/><G133/><T19/><D30/><U108/><E108/><V43/><F128/><W24/><G130/><T83/><D129/><U45/><E45/><V110/><F110/><W0/><G46/><T126/><D116/><U127/><E127/><N who="2" m="48715" /><F65/><W109/><G74/><T42/><D42/><U54/><E20/><N who="2" m="15815" /><F71/><W78/><G0/><T52/><D126/><U22/><E22/><V79/><F79/><W94/><G109/><T48/><D72/><U100/><E100/><V63/><F63/><W15/><G15/><N who="0" m="9471" /><D103/><U118/><E13/><V23/><F23/><W95/><G12/><T131/><D104/><U2/><E2/><V35/><F35/><W119/><G119/><T27/><D27/><U55/><E118/><V64/><F64/><W41/><G106/><T89/><D122/><U10/><E10/><V53/><F53/><W5/><G8/><T40/><D40/><U17/><E54/><V34/><F34/><W3/><G3/><T107/><D107/><N who="1" m="63935" /><E38/><V92/><AGARI ba="2,0" hai="37,43,47,86,88,92,120,123" m="15815,48715" machi="92" ten="30,4000,0" yaku="18,1,52,1,54,1" doraHai="87" who="2" fromWho="2" sc="259,-12,250,-22,297,46,194,-12" /><INIT seed="6,0,0,3,0,63" ten="247,228,343,182" oya="2" hai0="2,61,42,27,99,93,101,82,13,92,80,121,10" hai1="48,126,11,98,59,23,128,3,17,9,56,76,35" hai2="109,103,55,120,131,100,118,58,6,69,112,125,133" hai3="51,14,24,116,85,68,134,130,108,41,104,40,53"/><V45/><F120/><W22/><G116/><T84/><D2/><U73/><E35/><V67/><F118/><W107/><G108/><T110/><D110/><U8/><E128/><V66/><F109/><W60/><G134/><T113/><D113/><U65/><E126/><V18/><F112/><W4/><G130/><T12/><D42/><U115/><E115/><V5/><F131/><W50/><G104/><T96/><D27/><U31/><E31/><V135/><F69/><W19/><G107/><T32/><D32/><U111/><E3/><V122/><F122/><W46/><G85/><T74/><D74/><U25/><E111/><V43/><F18/><W20/><G50/><T102/><D121/><U97/><E76/><V15/><F45/><W89/><G89/><T49/><D49/><U7/><E7/><N who="2" m="2571" /><F15/><W57/><G68/><T1/><D1/><U54/><E73/><V90/><F90/><W38/><G4/><T87/><REACH who="0" step="1"/><D10/><REACH who="0" ten="237,228,343,182" step="2"/><U95/><E8/><V78/><F43/><W81/><G38/><T123/><D123/><U75/><E75/><V30/><F135/><W16/><REACH who="3" step="1"/><G81/><REACH who="3" ten="237,228,343,172" step="2"/><T52/><D52/><AGARI ba="0,2" hai="14,16,19,20,22,24,40,41,46,51,52,53,57,60" machi="52" ten="30,12000,2" yaku="1,1,2,1,7,1,8,1,54,2,53,0" doraHai="63" doraHaiUra="34" who="3" fromWho="0" sc="237,-120,228,0,343,0,172,140" /><INIT seed="7,0,0,4,5,34" ten="117,228,343,312" oya="3" hai0="78,101,9,59,55,133,90,108,40,98,66,26,85" hai1="12,6,128,105,3,39,120,10,17,81,25,30,38" hai2="130,83,23,70,14,116,61,29,91,42,64,115,86" hai3="94,103,16,28,107,69,109,95,72,93,127,74,87"/><W71/><G28/><T104/><D78/><U92/><E105/><V33/><F116/><W58/><G71/><T20/><D108/><U27/><E128/><V110/><F110/><W1/><G69/><T123/><D66/><U51/><E120/><V45/><F130/><W125/><G109/><T47/><D123/><U119/><E119/><V96/><F96/><N who="3" m="61927" /><G58/><T73/><D73/><N who="3" m="28265" /><G16/><T132/><D9/><U19/><E51/><V80/><F33/><W11/><G11/><T129/><D129/><U4/><E39/><V122/><F122/><W43/><G1/><T84/><D47/><U67/><E67/><V48/><F115/><W0/><G0/><T2/><D40/><U49/><E49/><V97/><F97/><W62/><G62/><T131/><D131/><U5/><E38/><V53/><F42/><W31/><G31/><T118/><D118/><U63/><E63/><V114/><F114/><W126/><G43/><T36/><D36/><U117/><E117/><V134/><F14/><W89/><AGARI ba="0,0" hai="87,89,93,94,95,125,126,127" m="28265,61927" machi="89" ten="40,7800,0" yaku="18,1,34,2" doraHai="34" who="3" fromWho="3" sc="117,-26,228,-26,343,-26,312,78" owari="91,-41.0,202,-20.0,317,12.0,390,49.0" /></mjloggm>