<mjloggm ver="2.3"><GO type="97" lobby="0"/><UN n0="%E5%8D%97%E5%A4%A9%E7%BF%94" n1="%61%6B%75%62%69" n2="%E3%82%A6%E3%83%AB%E3%83%88%E3%83%A9%E7%AB%8B%E7%9B%B4" n3="%E3%81%B3%E3%82%8B%E3%81%92%E3%81%84%E9%85%92" dan="15,14,15,13" rate="1938.78,1861.87,1993.20,1856.05" sx="M,M,M,M"/><TAIKYOKU oya="0"/><INIT seed="0,0,0,4,3,120" ten="250,250,250,250" oya="0" hai0="121,61,110,45,46,122,83,111,24,3,32,1,128" hai1="49,96,6,53,66,79,133,102,82,88,127,74,5" hai2="106,9,58,81,33,109,72,95,22,38,62,43,28" hai3="91,29,90,13,36,103,41,20,80,39,98,101,131"/><T44/><D128/><U27/><E66/><V84/><F106/><W105/><G131/><T94/><D83/><U134/><E27/><V78/><F33/><W34/><G34/><T135/><D32/><U129/><E129/><V30/><F22/><W75/><G39/><T50/><D24/><U123/><E123/><V89/><F109/><N who="0" m="41482" /><D135/><N who="1" m="51723" /><E127/><V2/><F58/><W12/><G41/><T70/><D94/><N who="1" m="56391" /><E102/><V35/><F62/><W77/><G36/><T119/><D119/><U42/><E42/><V124/><F35/><W54/><G54/><N who="0" m="30023" /><D70/><U107/><E107/><V0/><F124/><W25/><G103/><T73/><D73/><U26/><E26/><V56/><F30/><W52/><G52/><T87/><D61/><U114/><E114/><V130/><F130/><W108/><G108/><T60/><D60/><U85/><E74/><V17/><F72/><W40/><G40/><T18/><D122/><U116/><E116/><V86/><F43/><W4/><G4/><T63/><D121/><U71/><E71/><V69/><F69/><W19/><G29/><T112/><D63/><U47/><AGARI ba="0,0" hai="5,6,47,49,53,79,82,85" m="56391,51723" machi="47" ten="30,2000,0" yaku="20,1,54,1" doraHai="120" who="1" fromWho="1" sc="250,-10,250,20,250,-5,250,-5" /><INIT seed="1,0,0,3,2,92" ten="240,270,245,245" oya="1" hai0="17,13,11,132,2,5,82,34,129,22,51,94,12" hai1="39,10,24,80,53,135,91,31,109,75,87,72,122" hai2="84,41,86,99,74,66,64,98,105,106,62,18,0" hai3="16,19,52,70,29,114,20,50,54,57,58,56,23"/><U121/><E39/><V124/><F0/><W102/><G114/><T55/><D82/><U125/><E125/><V26/><F74/><W81/><G70/><T49/><D132/><U101/><E135/><V134/><F134/><W32/><G32/><T88/><D34/><U36/><E36/><V33/><F41/><W126/><G126/><T71/><D71/><U119/><E119/><V128/><F124/><W67/><G81/><T69/><D69/><U90/><E101/><V6/><F6/><W100/><G67/><T118/><D129/><U110/><E10/><V79/><F33/><W113/><G113/><T115/><D118/><U48/><E91/><V77/><F62/><W73/><G73/><T15/><D115/><U83/><E75/><V44/><F44/><W76/><G76/><T60/><D60/><U47/><E80/><V63/><F63/><W133/><G133/><T45/><REACH who="0" step="1"/><D51/><REACH who="0" ten="230,270,245,245" step="2"/><U89/><E72/><V25/><REACH who="2" step="1"/><F18/><REACH who="2" ten="230,270,235,245" step="2"/><W14/><G29/><T78/><D78/><U59/><E31/><V1/><F1/><W35/><G35/><T21/><D21/><U65/><E65/><V61/><F61/><W28/><G28/><T130/><D130/><AGARI ba="0,2" hai="25,26,64,66,77,79,84,86,98,99,105,106,128,130" machi="130" ten="25,8000,1" yaku="1,1,22,2,52,2,53,0" doraHai="92" doraHaiUra="107" who="2" fromWho="0" sc="230,-80,270,0,235,100,245,0" /><INIT seed="2,0,0,0,4,9" ten="150,270,335,245" oya="2" hai0="94,38,87,68,67,47,44,129,72,17,16,123,81" hai1="33,109,30,53,70,118,6,91,58,60,112,25,120" hai2="134,62,78,96,42,88,133,39,45,74,54,105,31" hai3="10,99,128,111,119,55,29,7,76,126,130,95,108"/><V0/><F0/><N who="3" m="359" /><G29/><T116/><D129/><N who="3" m="49769" /><G55/><T98/><D123/><U125/><E70/><V18/><F31/><W24/><G76/><T36/><D116/><U63/><E120/><V12/><F78/><W19/><G119/><T3/><D72/><U50/><E118/><V66/><F74/><W77/><G77/><T92/><D3/><U43/><E112/><V59/><F105/><W20/><G95/><T52/><D68/><U110/><E125/><V89/><F54/><W83/><G83/><T64/><D98/><U26/><E26/><V27/><F27/><W79/><G79/><T49/><D81/><U113/><E113/><V15/><F96/><W90/><G90/><N who="2" m="34921" /><F18/><W32/><G99/><T131/><D131/><U40/><E6/><V56/><F56/><W100/><G100/><T4/><D87/><U48/><E91/><V8/><F8/><W75/><G75/><T11/><D11/><U14/><E63/><V82/><F82/><W124/><G32/><T34/><D34/><U80/><E80/><V51/><F39/><W46/><G46/><T2/><D2/><U57/><E50/><V102/><F102/><W13/><G24/><T97/><D97/><U101/><E101/><V41/><F41/><W5/><G5/><T35/><D35/><U73/><E73/><V21/><F21/><W114/><G114/><T121/><D4/><U1/><E43/><V106/><F106/><W69/><G69/><T107/><D107/><U65/><E1/><V84/><F84/><W115/><G115/><T71/><D71/><U135/><E40/><V104/><F104/><RYUUKYOKU ba="0,0" sc="150,-15,270,-15,335,15,245,15" hai2="12,15,42,45,51,59,62,66,133,134" hai3="13,19,20,108,111,124,126" /><INIT seed="2,1,0,4,2,31" ten="135,255,350,260" oya="2" hai0="85,122,23,75,37,119,89,83,27,84,103,72,94" hai1="12,116,92,2,62,15,66,61,102,13,115,79,58" hai2="69,76,112,86,117,77,20,81,16,38,17,108,26" hai3="55,80,96,60,56,67,131,78,36,32,100,125,14"/><V97/><F69/><W135/><G135/><T33/><D37/><U40/><E2/><V28/><F38/><W106/><G131/><T42/><D122/><U46/><E116/><V91/><F112/><W114/><G114/><T39/><D119/><U120/><E120/><V48/><F108/><W24/><G125/><T73/><D39/><U104/><E104/><V4/><F4/><W113/><G113/><T22/><D42/><U99/><E79/><V98/><F117/><W82/><G36/><T21/><D103/><U29/><E115/><V52/><F77/><W90/><G90/><T53/><D53/><U30/><E62/><V134/><F134/><W50/><G14/><T64/><D64/><U126/><E126/><V19/><F91/><W129/><G129/><T109/><D109/><U1/><E1/><V57/><AGARI ba="1,0" hai="16,17,19,20,26,28,48,52,57,76,81,86,97,98" machi="57" ten="30,11700,0" yaku="0,1,8,1,54,2" doraHai="31" who="2" fromWho="2" sc="135,-40,255,-40,350,120,260,-40" /><INIT seed="2,2,0,3,5,23" ten="95,215,470,220" oya="2" hai0="128,105,110,39,27,129,75,58,55,19,61,1,90" hai1="6,62,73,125,17,45,134,10,86,24,35,20,100" hai2="53,18,8,42,74,12,51,57,98,26,56,132,94" hai3="91,66,69,43,101,46,95,106,0,13,59,48,64"/><V70/><F70/><W112/><G112/><T99/><D39/><U130/><E73/><V3/><F3/><W49/><G0/><T87/><D1/><U121/><E35/><V119/><F74/><W32/><G32/><T34/><D75/><U102/><E121/><V40/><F132/><W15/><G69/><T76/><D110/><U93/><E125/><V4/><F57/><W133/><G133/><T107/><D76/><U104/><E104/><V135/><F135/><W30/><G30/><T85/><D129/><U88/><E130/><V9/><F9/><W5/><G5/><T77/><D128/><U37/><E134/><V113/><F113/><W114/><G114/><T115/><D115/><U124/><E124/><V29/><F4/><W68/><G68/><T72/><D72/><U65/><E45/><V96/><F96/><W16/><G106/><T28/><D19/><U11/><E37/><V33/><F119/><W123/><G123/><T117/><D117/><U127/><E127/><V131/><F131/><W97/><G101/><AGARI ba="2,0" hai="8,12,18,26,29,33,40,42,51,53,56,94,98,101" machi="101" ten="30,2900,0" yaku="7,1,52,1" doraHai="23" who="2" fromWho="3" sc="95,0,215,0,470,35,220,-35" /><INIT seed="2,3,0,2,2,15" ten="95,215,505,185" oya="2" hai0="59,24,57,14,51,41,122,35,127,132,54,0,61" hai1="82,26,104,97,126,65,56,118,45,115,111,69,43" hai2="64,46,18,75,91,108,120,31,34,62,4,66,17" hai3="40,114,79,60,112,128,63,9,27,67,103,55,52"/><V23/><F75/><W96/><G79/><T68/><D122/><U7/><E82/><V88/><F34/><W117/><G117/><T93/><D0/><U53/><E26/><N who="2" m="16863" /><F120/><W86/><G86/><T28/><D132/><U49/><E7/><V78/><F78/><W50/><G128/><T70/><D127/><U13/><E13/><V2/><F2/><W20/><G9/><T37/><D93/><U131/><E97/><V90/><F4/><W25/><G40/><T133/><D133/><U129/><E104/><V12/><F12/><W10/><G10/><T44/><D14/><U33/><E33/><V76/><F76/><W16/><G27/><T134/><D134/><U73/><E73/><V84/><F108/><W105/><G63/><N who="0" m="36279" /><D35/><U99/><E99/><V72/><F72/><W109/><G109/><T100/><D100/><U130/><E111/><V8/><F8/><W125/><G125/><T92/><D92/><U113/><E126/><V89/><F46/><W83/><G83/><T87/><D87/><U6/><E6/><V74/><F74/><W124/><G124/><T85/><D85/><U102/><E102/><V71/><F71/><N who="0" m="27178" /><D28/><U5/><E5/><V77/><F77/><W38/><G38/><T32/><D32/><U21/><E21/><V123/><F123/><W94/><G105/><T1/><D24/><U22/><E22/><V81/><F62/><W98/><G98/><T39/><D1/><U11/><E11/><V121/><F121/><W116/><G116/><T42/><D42/><U107/><E107/><V19/><AGARI ba="3,0" hai="17,18,19,64,66,81,84,88,89,90,91" m="16863" machi="19" ten="30,12000,1" yaku="8,1,52,3,54,1" doraHai="15" who="2" fromWho="2" sc="95,-43,215,-43,505,129,185,-43" /><INIT seed="2,4,0,1,5,55" ten="52,172,634,142" oya="2" hai0="22,6,53,66,62,121,99,107,102,36,135,34,129" hai1="77,80,104,95,47,2,52,0,74,93,14,130,35" hai2="96,3,125,58,26,108,20,29,84,85,41,13,113" hai3="132,12,128,9,43,49,46,25,18,16,83,15,21"/><V119/><F3/><W69/><G128/><T110/><D121/><U65/><E104/><V72/><F72/><W17/><G132/><T40/><D135/><U30/><E35/><V57/><F113/><W59/><G69/><T94/><D129/><U81/><E30/><V114/><F114/><W68/><G68/><T106/><D34/><U45/><E65/><V115/><F115/><W120/><G120/><T79/><D110/><U5/><E130/><V60/><F119/><W11/><G83/><T10/><D79/><U31/><E31/><V71/><F125/><W44/><REACH who="3" step="1"/><G44/><REACH who="3" ten="52,172,634,132" step="2"/><T105/><D53/><U88/><E45/><V37/><F71/><W127/><G127/><T27/><D40/><U75/><E80/><V24/><F41/><W56/><AGARI ba="4,1" hai="9,11,12,15,16,17,18,21,25,43,46,49,56,59" machi="56" ten="30,12000,2" yaku="1,1,0,1,9,1,8,1,52,2,54,1,53,0" doraHai="55" doraHaiUra="32" who="3" fromWho="3" sc="52,-34,172,-34,634,-64,132,142" /><INIT seed="3,0,0,3,1,100" ten="18,138,570,274" oya="3" hai0="57,16,84,113,25,101,99,1,11,5,98,90,135" hai1="56,19,89,52,87,66,48,4,9,104,82,80,43" hai2="97,44,133,68,74,7,116,75,6,65,120,13,46" hai3="63,81,94,51,53,76,130,50,39,14,124,59,22"/><W77/><G130/><T40/><D135/><U54/><E104/><V10/><F133/><W96/><G39/><T127/><D113/><U27/><E43/><V55/><F65/><W72/><G124/><T134/><D127/><U92/><E66/><V31/><F68/><W28/><G76/><T112/><D134/><U88/><E54/><V18/><F31/><W117/><G117/><T0/><D112/><U29/><E19/><V121/><F97/><W123/><G123/><T15/><D40/><U103/><E103/><V47/><F55/><W132/><G132/><T42/><D42/><U118/><E89/><V91/><F91/><W23/><G23/><T93/><D0/><U115/><E118/><V33/><F116/><W37/><G37/><T105/><D1/><U79/><E79/><V122/><F33/><W71/><G71/><T26/><D5/><AGARI ba="0,0" hai="5,6,7,10,13,18,44,46,47,74,75,120,121,122" machi="5" ten="50,1600,0" yaku="13,1" doraHai="100" who="2" fromWho="0" sc="18,-16,138,0,570,16,274,0" owari="2,-50.0,138,-26.0,586,69.0,274,7.0" /></mjloggm>