<mjloggm ver="2.3"><GO type="169" lobby="0"/><UN n0="%E3%82%86%E3%81%A3%E3%81%8D%E3%82%85%E3%82%93" n1="%E3%82%A6%E3%83%AB%E3%83%88%E3%83%A9%E7%AB%8B%E7%9B%B4" n2="%5A%69%6C%61%6E%74" n3="%E9%96%A2%E7%99%BD%E5%A4%B1%E8%84%9A" dan="16,16,17,16" rate="2083.22,2017.98,2186.50,2093.48" sx="F,M,M,M"/><TAIKYOKU oya="0"/><INIT seed="0,0,0,0,5,73" ten="250,250,250,250" oya="0" hai0="55,91,89,3,58,96,27,0,13,107,43,22,127" hai1="87,103,124,111,11,70,102,130,115,29,64,38,21" hai2="123,108,35,62,33,81,19,99,28,128,83,122,72" hai3="24,45,16,7,85,120,113,6,80,95,112,37,74"/><T129/><D127/><U94/><E38/><V97/><F128/><W10/><G120/><T51/><D129/><U36/><E36/><V41/><F41/><W40/><G95/><T79/><D13/><U14/><E70/><V17/><F62/><W104/><G6/><T100/><D43/><U5/><E124/><V114/><F72/><W57/><G57/><T42/><D42/><U133/><E133/><V30/><REACH who="2" step="1"/><F108/><REACH who="2" ten="250,250,240,250" step="2"/><W67/><G74/><T117/><D117/><U116/><E111/><V8/><F8/><W121/><G121/><T110/><D110/><U4/><E130/><V61/><F61/><W15/><G67/><T101/><D3/><U135/><E135/><V12/><F12/><W49/><G37/><T93/><D0/><U34/><E64/><V78/><F78/><N who="3" m="46231" /><G104/><T59/><D107/><U26/><E116/><V53/><F53/><W50/><G50/><T106/><D106/><U23/><E14/><V98/><F98/><W1/><G1/><T92/><D79/><U105/><E105/><V118/><F118/><W90/><G90/><T48/><D51/><U2/><E2/><V77/><F77/><W125/><G125/><T46/><D91/><U76/><E76/><V75/><F75/><W52/><G52/><T18/><D100/><U68/><E102/><V66/><F66/><W84/><G84/><AGARI ba="0,1" hai="18,22,27,46,48,55,58,59,84,89,92,93,96,101" machi="84" ten="30,2900,0" yaku="7,1,8,1" doraHai="73" who="0" fromWho="3" sc="250,39,250,0,240,0,250,-29" /><INIT seed="0,1,0,4,2,51" ten="289,250,240,221" oya="0" hai0="116,104,75,1,46,90,92,73,130,125,67,123,47" hai1="70,84,79,34,106,131,18,16,27,61,40,43,7" hai2="69,11,122,112,107,89,121,111,88,48,108,74,113" hai3="127,36,99,132,5,6,14,56,49,134,8,96,29"/><T62/><D116/><U114/><E7/><V2/><F69/><W124/><G36/><T3/><D123/><N who="2" m="47114" /><F2/><W117/><G117/><T58/><D125/><N who="3" m="48201" /><G29/><T12/><D104/><U71/><E27/><V91/><F11/><W33/><G33/><T37/><D130/><U15/><E61/><V66/><F66/><W77/><G77/><T93/><D3/><U20/><E15/><V52/><F74/><W100/><G5/><T57/><D1/><U13/><E13/><V50/><F107/><N who="3" m="63879" /><G99/><T63/><D37/><U81/><E34/><V10/><F10/><W21/><G21/><T23/><D75/><U80/><E20/><V133/><F133/><W110/><G110/><N who="2" m="42025" /><F50/><W128/><G128/><T32/><D73/><U85/><E106/><V41/><F41/><W17/><G6/><T4/><D32/><U129/><E79/><V65/><F65/><W60/><G49/><T78/><D78/><U24/><E24/><V38/><F38/><W53/><AGARI ba="1,0" hai="8,14,17,53,56,60,132,134" m="63879,48201" machi="53" ten="30,2000,0" yaku="18,1,52,1" doraHai="51" who="3" fromWho="3" sc="289,-11,250,-6,240,-6,221,23" /><INIT seed="1,0,0,5,0,98" ten="278,244,234,244" oya="1" hai0="116,46,48,113,36,29,31,73,40,2,4,9,105" hai1="97,53,124,39,111,99,50,66,78,18,26,126,63" hai2="102,118,1,52,61,75,37,81,67,122,110,92,77" hai3="95,106,115,21,104,51,90,129,28,38,134,84,60"/><U64/><E39/><V76/><F118/><W133/><G38/><T132/><D113/><U91/><E78/><V79/><F37/><W19/><G28/><T87/><D116/><U120/><E120/><V107/><F122/><W47/><G115/><T14/><D132/><U103/><E111/><V131/><F1/><W3/><G3/><T35/><D105/><U94/><E18/><V74/><F110/><W10/><G10/><T112/><D112/><U62/><E26/><V20/><F131/><W56/><G129/><T89/><D35/><U70/><E53/><V27/><F107/><W22/><G22/><T25/><D25/><U68/><E50/><V13/><F13/><N who="3" m="9455" /><G60/><T0/><D36/><U57/><REACH who="1" step="1"/><E57/><REACH who="1" ten="278,234,234,244" step="2"/><V130/><F77/><W83/><G56/><T15/><D73/><U69/><E69/><V80/><F79/><W85/><G134/><T34/><D31/><U54/><E54/><V41/><F52/><N who="3" m="29823" /><G133/><T8/><D29/><U58/><E58/><V45/><F75/><W121/><G121/><T33/><D34/><U59/><E59/><V11/><F74/><W72/><G72/><T108/><D33/><U43/><E43/><V7/><F41/><W42/><G42/><T71/><D71/><U30/><E30/><V101/><F130/><W128/><G128/><T109/><D109/><U23/><E23/><V12/><F20/><W5/><G5/><N who="0" m="3343" /><D108/><U16/><E16/><V127/><F7/><W96/><G106/><AGARI ba="0,1" hai="62,63,64,66,68,70,91,94,97,99,103,106,124,126" machi="106" ten="40,7700,0" yaku="1,1,9,1,52,1,53,0" doraHai="98" doraHaiUra="49" who="1" fromWho="3" sc="278,0,234,87,234,0,244,-77" /><INIT seed="1,1,0,2,2,58" ten="278,321,234,167" oya="1" hai0="99,63,77,15,72,132,41,89,101,31,25,116,50" hai1="105,120,131,133,14,87,97,100,18,114,6,82,65" hai2="7,32,49,125,108,11,17,98,104,40,122,124,56" hai3="106,75,70,128,88,123,96,64,94,103,1,80,35"/><U36/><E36/><V60/><F122/><W26/><G1/><T2/><D116/><U130/><E120/><V102/><F32/><W85/><G123/><T69/><D132/><U24/><E114/><V54/><F108/><W90/><G128/><T34/><D2/><U61/><E133/><V127/><F17/><W67/><G75/><T115/><D89/><U95/><E6/><V20/><F20/><W22/><G35/><T59/><D115/><U33/><E95/><V107/><F107/><W126/><G126/><T76/><D72/><U43/><E43/><V47/><F7/><W28/><REACH who="3" step="1"/><G70/><REACH who="3" ten="278,321,234,157" step="2"/><T57/><D69/><U112/><E112/><V129/><REACH who="2" step="1"/><F11/><REACH who="2" ten="278,321,224,157" step="2"/><W37/><G37/><T117/><D34/><U45/><E131/><AGARI ba="1,2" hai="40,47,49,54,56,60,98,102,104,124,125,127,129,131" machi="131" ten="50,8000,1" yaku="1,1,2,1,18,1,52,1,53,0" doraHai="58" doraHaiUra="3" who="2" fromWho="1" sc="278,0,321,-83,224,103,157,0" /><INIT seed="2,0,0,1,2,86" ten="278,238,327,157" oya="2" hai0="17,78,34,51,109,14,103,89,90,50,73,124,61" hai1="45,15,76,7,70,128,55,101,30,44,126,107,72" hai2="6,93,56,9,105,35,66,114,82,2,24,11,16" hai3="60,49,94,27,92,12,120,111,98,21,67,33,133"/><V38/><F105/><W91/><G120/><T85/><D109/><U39/><E70/><V77/><F38/><W121/><G121/><T36/><D36/><U119/><E107/><V74/><F114/><W80/><G111/><T58/><D124/><U83/><E119/><V115/><F115/><W102/><G133/><T65/><D34/><U32/><E101/><V31/><F93/><W63/><G80/><N who="0" m="47255" /><D73/><U48/><E126/><V117/><F117/><W46/><G33/><T13/><D103/><U29/><E32/><V37/><F37/><W5/><G5/><T100/><D100/><U20/><E128/><V113/><F113/><W104/><G12/><N who="0" m="4715" /><D17/><U106/><E106/><V75/><F75/><W127/><G127/><T69/><D69/><U1/><E15/><V96/><F11/><W135/><G135/><T130/><D130/><U122/><E20/><V3/><F3/><W99/><G104/><T118/><D118/><U19/><E19/><V123/><F123/><W88/><G102/><T8/><D8/><N who="1" m="2159" /><E122/><V47/><F16/><N who="3" m="12711" /><G67/><T81/><D81/><U57/><E83/><V64/><F64/><W97/><G97/><T129/><D129/><U79/><E72/><V42/><F96/><W112/><G112/><T52/><D65/><U54/><E29/><V131/><F131/><W10/><G10/><T43/><D43/><AGARI ba="0,0" hai="43,46,49,60,63,88,91,92,94,98,99" m="12711" machi="43" ten="30,8000,1" yaku="8,1,52,2,54,2" doraHai="86" who="3" fromWho="0" sc="278,-80,238,0,327,0,157,80" /><INIT seed="3,0,0,5,1,9" ten="198,238,327,237" oya="3" hai0="1,115,5,34,56,32,16,80,53,119,88,50,46" hai1="41,40,65,107,86,69,51,13,2,45,30,60,129" hai2="112,81,84,52,123,8,59,67,18,64,97,96,83" hai3="22,133,29,61,79,31,43,132,128,15,99,98,106"/><W57/><G128/><T114/><D119/><U19/><E107/><V100/><F112/><N who="0" m="43050" /><D5/><U111/><E2/><V103/><F123/><W82/><G43/><T26/><D1/><U110/><E129/><V121/><F121/><W72/><G106/><T12/><D26/><U25/><E86/><V7/><F18/><N who="3" m="10591" /><G31/><T91/><D56/><U33/><REACH who="1" step="1"/><E41/><REACH who="1" ten="198,228,327,237" step="2"/><V90/><F84/><W42/><G42/><T17/><D17/><U130/><E130/><V14/><F96/><W127/><G29/><T11/><D91/><U35/><E35/><V73/><F90/><W87/><G72/><T38/><D38/><U122/><E122/><V135/><F73/><W116/><G116/><T78/><D78/><U95/><E95/><N who="2" m="58431" /><F103/><W23/><G79/><T37/><D37/><U77/><E77/><V21/><F135/><W76/><G133/><T134/><D134/><U58/><E58/><V3/><F3/><W48/><G132/><T71/><D71/><U126/><E126/><V4/><F83/><W27/><G127/><T125/><D125/><U105/><E105/><V89/><F89/><W109/><G57/><T117/><D117/><U85/><E85/><AGARI ba="0,1" hai="11,12,16,32,34,46,50,53,80,85,88" m="43050" machi="85" ten="30,8000,1" yaku="25,1,11,1,52,1,54,2" doraHai="9" who="0" fromWho="1" sc="198,90,228,-80,327,0,237,0" /><INIT seed="4,0,0,2,2,123" ten="288,148,327,237" oya="0" hai0="134,72,135,112,24,129,11,109,34,64,44,17,99" hai1="37,98,102,39,100,69,49,79,7,106,22,76,61" hai2="5,91,63,2,27,46,68,96,12,62,1,85,90" hai3="95,18,23,48,131,14,31,130,19,6,114,113,43"/><T82/><D112/><N who="3" m="43113" /><G95/><T124/><D129/><N who="3" m="49161" /><G43/><T40/><D124/><U58/><E100/><V122/><F122/><W108/><G48/><T107/><D64/><U52/><E7/><V86/><F96/><W51/><G51/><T97/><D34/><U10/><E10/><V45/><F68/><W41/><G41/><T127/><D127/><U59/><E22/><V126/><F126/><W105/><G105/><T50/><D107/><U77/><REACH who="1" step="1"/><E69/><REACH who="1" ten="288,138,327,237" step="2"/><V33/><F5/><W118/><G118/><T42/><D11/><U0/><E0/><V78/><F1/><W101/><G101/><T32/><D32/><U115/><E115/><V3/><F2/><W16/><G108/><T70/><D70/><U111/><E111/><V47/><F3/><W65/><G6/><T56/><D109/><U35/><E35/><V73/><F33/><W74/><G74/><T92/><D72/><U117/><E117/><V81/><F73/><W28/><G65/><AGARI ba="0,1" hai="37,39,49,52,58,59,61,65,76,77,79,98,102,106" machi="65" ten="40,5200,0" yaku="1,1,54,1,53,1" doraHai="123" doraHaiUra="60" who="1" fromWho="3" sc="288,0,138,62,327,0,237,-52" /><INIT seed="5,0,0,1,5,106" ten="288,200,327,185" oya="1" hai0="18,72,13,125,0,111,104,64,120,78,50,39,30" hai1="109,68,74,86,98,103,65,11,23,135,44,9,71" hai2="29,122,54,70,37,58,76,69,91,53,118,105,81" hai3="25,12,24,38,52,55,1,63,110,33,79,131,121"/><U15/><E74/><V3/><F122/><W56/><G1/><T82/><D111/><U34/><E34/><V133/><F118/><W99/><G110/><T95/><D125/><U31/><E109/><V107/><F37/><W41/><G121/><T119/><D119/><U32/><E135/><V45/><F3/><W124/><G124/><T128/><D128/><U49/><E32/><V17/><F29/><W132/><G132/><T96/><D120/><U21/><E65/><V92/><F133/><W19/><G131/><T6/><D39/><U60/><E60/><V126/><F45/><W75/><G33/><T93/><D30/><U116/><E116/><V10/><F70/><W16/><G38/><T47/><D64/><U43/><E86/><V134/><F69/><W61/><G41/><T117/><D117/><U130/><E130/><V123/><F123/><W80/><G99/><T14/><D0/><U102/><E68/><V20/><F10/><N who="1" m="3593" /><E71/><V57/><F126/><W94/><G94/><T129/><D129/><U4/><E4/><V85/><F134/><W22/><G19/><T89/><D6/><U46/><E46/><V5/><F5/><W26/><G26/><T28/><D47/><U59/><E59/><AGARI ba="0,0" hai="12,16,22,24,25,52,55,56,59,61,63,75,79,80" machi="59" ten="40,8000,1" yaku="9,1,52,1,54,2" doraHai="106" who="3" fromWho="1" sc="288,0,200,-80,327,0,185,80" /><INIT seed="6,0,0,3,4,134" ten="288,120,327,265" oya="2" hai0="88,14,9,45,63,33,73,82,99,81,122,109,47" hai1="30,125,54,50,111,69,112,129,43,41,110,24,118" hai2="2,70,22,48,130,95,77,7,60,29,100,59,96" hai3="35,78,62,79,4,15,65,68,115,93,85,71,87"/><V39/><F39/><W0/><G35/><T113/><D109/><N who="1" m="41483" /><E24/><N who="2" m="16535" /><F70/><W58/><G0/><T106/><D122/><U44/><E30/><V5/><F2/><W46/><G115/><T36/><D33/><U11/><E11/><V17/><F130/><W18/><G4/><T67/><D113/><U20/><E20/><V3/><F3/><W117/><G117/><T49/><D36/><U55/><E112/><V92/><F77/><W38/><G38/><T27/><D27/><U72/><E72/><V74/><F74/><W66/><G46/><T121/><D121/><U32/><E32/><V23/><F48/><W114/><G114/><T101/><D73/><U64/><E118/><V91/><F95/><W1/><G1/><T52/><D47/><U124/><E129/><V89/><F7/><W84/><G93/><T127/><D127/><N who="1" m="48715" /><E41/><V120/><F5/><W83/><G78/><T80/><D9/><U16/><E16/><V56/><F120/><W8/><G79/><T19/><D19/><U31/><E31/><V103/><F17/><W53/><G83/><T25/><D14/><U132/><E132/><V40/><F40/><W116/><G116/><T42/><D25/><U98/><E98/><V102/><F23/><W86/><G86/><N who="0" m="50247" /><D42/><U26/><E26/><V6/><F6/><W133/><G133/><T105/><D105/><U61/><AGARI ba="0,0" hai="43,44,50,54,55,61,64,69" m="48715,41483" machi="61" ten="40,12000,2" yaku="18,1,34,2,52,3" doraHai="134" who="1" fromWho="1" sc="288,-30,120,120,327,-60,265,-30" /><INIT seed="7,0,0,0,4,34" ten="258,240,267,235" oya="3" hai0="65,43,54,102,55,40,13,113,70,71,108,127,79" hai1="45,16,89,36,131,95,110,123,97,109,100,111,19" hai2="15,94,67,128,35,92,133,39,82,75,22,122,87" hai3="105,32,51,62,1,90,72,116,104,126,64,81,103"/><W88/><G116/><T68/><D102/><U8/><E123/><V27/><F39/><W30/><G1/><T23/><D79/><U107/><E131/><V20/><F75/><W96/><G105/><T10/><D23/><U21/><E45/><V3/><F3/><W2/><G2/><T38/><D108/><U7/><E36/><V69/><F128/><W25/><G51/><T41/><D13/><U28/><E28/><V6/><F133/><W84/><G72/><T33/><D10/><U50/><E50/><V86/><F35/><W44/><G44/><N who="0" m="23575" /><D33/><U63/><E63/><V59/><F69/><N who="0" m="26730" /><D127/><U17/><E8/><V80/><F6/><W132/><G132/><T37/><D113/><U135/><E7/><V98/><F15/><W120/><G120/><T26/><D26/><U29/><E135/><V101/><F122/><W93/><G126/><T78/><D78/><U14/><E29/><N who="2" m="17639" /><F22/><N who="3" m="15671" /><G104/><T76/><D76/><U24/><REACH who="1" step="1"/><E14/><REACH who="1" ten="258,230,267,235" step="2"/><V119/><F119/><W121/><G121/><T53/><D37/><U91/><E91/><N who="2" m="53375" /><F86/><AGARI ba="0,1" hai="16,17,19,21,24,86,89,95,97,100,107,109,110,111" machi="86" ten="40,2600,0" yaku="1,1,54,1,53,0" doraHai="34" doraHaiUra="4" who="1" fromWho="2" sc="258,0,230,36,267,-26,235,0" /><INIT seed="8,0,0,4,0,29" ten="258,266,241,235" oya="0" hai0="15,51,72,17,75,19,70,60,74,56,62,135,14" hai1="82,134,37,50,103,3,54,66,77,130,7,114,111" hai2="102,39,123,26,33,46,128,20,83,97,40,96,58" hai3="34,80,99,104,108,121,79,125,78,93,31,81,23"/><T90/><D135/><U16/><E37/><V43/><F123/><W86/><G121/><T76/><D76/><U68/><E111/><V1/><F1/><W116/><G108/><T64/><D51/><U22/><E134/><V88/><F43/><W132/><G132/><T44/><D44/><U38/><E38/><V71/><F71/><W84/><G34/><T63/><D90/><U127/><E103/><V6/><F6/><W118/><G31/><T67/><D63/><U106/><E106/><V13/><F128/><W21/><G104/><T92/><D92/><U30/><E82/><V8/><F33/><W42/><G42/><T48/><D48/><U4/><E77/><V45/><F45/><W65/><G65/><T98/><D98/><U133/><E50/><V24/><F58/><W61/><G61/><T25/><D25/><U28/><E66/><V85/><F97/><W95/><G99/><T113/><D113/><U0/><E54/><V12/><F8/><W36/><G36/><T122/><D122/><U120/><E68/><V9/><F9/><W10/><G10/><T101/><D101/><U126/><E120/><V59/><F59/><W87/><G86/><T94/><D94/><U117/><E133/><V52/><F52/><W115/><G115/><T124/><D124/><AGARI ba="0,0" hai="21,23,78,79,80,81,84,87,93,95,116,118,124,125" machi="124" ten="25,1600,0" yaku="22,2" doraHai="29" who="3" fromWho="0" sc="258,-16,266,0,241,0,235,16" /><INIT seed="9,0,0,1,1,27" ten="242,266,241,251" oya="1" hai0="29,53,57,79,18,87,10,63,106,28,39,3,120" hai1="46,123,4,134,66,116,130,78,33,72,102,68,127" hai2="132,26,95,108,38,51,70,55,12,9,2,98,56" hai3="97,64,99,131,34,42,112,85,129,128,124,6,19"/><U117/><E123/><V76/><F108/><W45/><G112/><T37/><D120/><U47/><E127/><V75/><F38/><W107/><G6/><T111/><D111/><U83/><E130/><V41/><F70/><W52/><G64/><T135/><D106/><U125/><E125/><V110/><F110/><W20/><G34/><T122/><D122/><U69/><E4/><V8/><F41/><W49/><G124/><T100/><D100/><U7/><E7/><V88/><F132/><W90/><G42/><T54/><D135/><U101/><E33/><V74/><F2/><W60/><G60/><T50/><D39/><U36/><E134/><V43/><F43/><W126/><G107/><T105/><D105/><U80/><E36/><V113/><F113/><W24/><G126/><T15/><D3/><U71/><E66/><V23/><F76/><W73/><G73/><T21/><D10/><U121/><E121/><V109/><F109/><W14/><G14/><T93/><D37/><U118/><E80/><AGARI ba="0,0" hai="19,20,24,45,49,52,80,85,90,97,99,128,129,131" machi="80" ten="40,2600,0" yaku="19,1,54,1" doraHai="27" who="3" fromWho="1" sc="242,0,266,-26,241,0,251,26" /><INIT seed="10,0,0,4,2,66" ten="242,240,241,277" oya="2" hai0="69,18,122,88,108,8,16,133,40,103,30,77,117" hai1="64,46,34,116,125,123,62,80,27,109,78,129,4" hai2="60,102,92,106,91,89,95,20,126,22,29,17,83" hai3="114,42,0,23,99,130,111,50,127,63,98,47,7"/><V85/><F126/><W97/><G111/><T37/><D108/><U115/><E109/><V105/><F29/><W54/><G127/><T73/><D122/><U67/><E125/><V48/><F48/><W13/><G0/><T11/><D133/><U93/><E115/><V82/><F60/><W3/><G3/><T71/><D103/><U15/><E67/><V65/><F65/><W33/><G33/><T38/><D73/><U134/><E93/><V45/><F45/><W44/><G130/><T57/><D30/><N who="1" m="19807" /><E46/><V35/><F35/><W26/><G114/><T72/><D72/><U41/><E41/><V121/><F121/><W53/><G63/><T101/><D101/><U19/><E4/><V119/><F119/><W25/><G47/><T12/><D77/><U107/><E107/><V128/><F128/><W70/><G70/><T43/><D57/><U131/><E134/><V118/><F118/><W1/><G1/><T9/><D9/><N who="1" m="6639" /><E116/><V120/><F120/><W24/><G7/><T58/><D58/><N who="1" m="36951" /><E123/><V124/><F124/><W96/><N who="3" m="25088" /><DORA hai="59" /><W39/><G39/><T55/><D55/><N who="3" m="21001" /><G13/><T112/><D12/><U74/><E129/><V75/><F102/><W86/><G86/><T84/><D84/><U32/><E32/><V49/><F75/><W51/><G51/><T104/><D104/><U61/><E61/><V68/><F49/><W36/><G36/><T21/><D117/><U14/><E14/><V113/><F113/><W110/><G110/><T90/><D112/><U132/><E131/><V31/><F68/><W56/><G56/><T5/><D5/><RYUUKYOKU ba="0,0" sc="242,10,240,10,241,-30,277,10" hai0="8,11,16,18,21,37,38,40,43,69,71,88,90" hai1="74,78,80,132" hai3="23,24,25,26,42,44,50" /><INIT seed="11,1,0,2,1,40" ten="252,250,211,287" oya="3" hai0="51,108,13,83,90,85,55,46,25,127,130,15,72" hai1="62,124,8,104,9,64,67,30,102,0,122,114,121" hai2="24,134,23,58,26,128,123,61,21,88,34,100,125" hai3="131,10,78,56,92,80,117,7,103,69,112,63,59"/><W17/><G112/><T133/><D108/><U36/><E114/><V76/><F76/><W110/><G17/><T68/><D68/><U99/><E64/><V113/><F113/><W31/><G31/><T89/><D130/><U77/><E77/><V132/><F100/><W11/><G11/><T75/><D133/><N who="2" m="51306" /><F128/><W41/><G41/><T116/><D127/><U60/><E124/><V66/><F125/><W2/><G103/><T65/><D65/><U82/><E0/><V16/><F123/><W12/><G92/><T33/><D116/><U94/><E104/><V37/><F37/><W39/><G39/><T109/><D109/><U101/><E36/><V52/><F34/><W106/><G106/><T120/><D120/><U98/><E67/><V129/><F129/><W32/><G32/><T87/><D75/><U86/><E30/><N who="2" m="17679" /><F66/><W3/><G78/><T54/><D72/><U28/><E28/><V48/><F61/><W79/><G63/><N who="1" m="24106" /><E121/><V14/><F26/><W35/><G35/><T29/><D55/><U53/><E53/><V73/><F73/><W97/><G69/><T6/><D6/><U95/><E122/><V22/><F22/><W119/><G110/><T44/><D46/><U126/><E126/><V4/><F4/><W74/><G131/><T93/><AGARI ba="1,0" hai="13,15,25,29,33,44,51,54,83,85,87,89,90,93" machi="93" ten="20,2700,0" yaku="0,1,7,1,52,1" doraHai="40" who="0" fromWho="0" sc="252,30,250,-8,211,-8,287,-14" owari="282,39.0,242,-16.0,203,-30.0,273,7.0" /></mjloggm>