<mjloggm ver="2.3"><GO type="97" lobby="0"/><UN n0="%E9%9B%80%E6%9C%88%E5%A4%9C" n1="%E3%82%B7%E3%83%AD%E3%82%AF%E3%83%AD" n2="%E3%83%89%E3%83%A9%E3%82%B4%E3%83%8B%E3%83%83%E3%83%88" n3="%E3%82%A6%E3%83%AB%E3%83%88%E3%83%A9%E7%AB%8B%E7%9B%B4" dan="13,15,14,14" rate="1825.58,2027.37,1827.41,1876.63" sx="F,M,M,M"/><TAIKYOKU oya="0"/><INIT seed="0,0,0,2,0,131" ten="250,250,250,250" oya="0" hai0="102,98,12,106,72,43,134,59,79,45,19,34,95" hai1="60,119,88,87,115,15,44,5,105,99,17,110,23" hai2="81,20,57,75,48,51,27,78,86,71,66,53,116" hai3="73,56,32,9,42,65,41,1,49,80,25,125,113"/><T117/><D117/><U13/><E119/><V94/><F116/><W114/><G80/><T2/><D34/><U107/><E115/><V38/><F38/><W10/><G73/><T7/><D106/><U8/><E110/><V21/><F71/><W35/><G49/><T14/><D2/><U103/><E44/><V123/><F66/><W132/><G65/><T3/><D3/><U76/><E76/><V84/><F123/><W96/><G1/><T133/><D59/><U30/><E60/><V16/><F75/><W111/><G25/><T82/><D7/><U130/><E130/><V128/><F128/><W36/><G56/><T39/><REACH who="0" step="1"/><D14/><REACH who="0" ten="240,250,250,250" step="2"/><U4/><E105/><V46/><F57/><W100/><G114/><T77/><D77/><U68/><E68/><V0/><F0/><W37/><G35/><T89/><D89/><U67/><E4/><V26/><F78/><W122/><G32/><T92/><D92/><U63/><E5/><V40/><F94/><W112/><G113/><T62/><D62/><U126/><E13/><V108/><F108/><W104/><G112/><T55/><D55/><U64/><E15/><V6/><F6/><W121/><G111/><T101/><D101/><U52/><E103/><V124/><F81/><W90/><G100/><T85/><D85/><U24/><E107/><V18/><F84/><W97/><G104/><T50/><D50/><U28/><E87/><V69/><F86/><W135/><G90/><T58/><D58/><U83/><E88/><V54/><F69/><W91/><G91/><T11/><AGARI ba="0,1" hai="11,12,19,39,43,45,72,79,82,95,98,102,133,134" machi="11" ten="30,11700,0" yaku="1,1,0,1,52,2,53,0" doraHai="131" doraHaiUra="22" who="0" fromWho="0" sc="240,127,250,-39,250,-39,250,-39" /><INIT seed="0,1,0,0,0,41" ten="367,211,211,211" oya="0" hai0="115,51,82,27,85,3,94,81,36,39,58,46,84" hai1="69,121,100,123,61,76,22,109,130,47,93,95,17" hai2="67,35,119,21,128,131,7,42,11,43,88,118,30" hai3="50,55,75,79,13,28,20,120,114,106,33,74,34"/><T25/><D3/><U108/><E76/><V54/><F35/><W73/><G114/><T72/><D115/><U111/><E130/><N who="2" m="49707" /><F30/><W56/><G120/><N who="1" m="46154" /><E100/><V12/><F21/><W4/><G106/><T107/><D107/><U40/><E61/><V129/><N who="2" m="49715" /><V66/><DORA hai="126" /><F54/><W45/><G79/><T90/><D72/><U134/><E69/><V8/><F88/><W97/><G97/><T57/><D94/><U19/><E134/><V53/><F11/><W96/><G96/><T38/><D27/><N who="1" m="14799" /><E19/><V127/><F53/><W5/><G33/><T32/><D25/><U62/><E62/><V77/><F77/><W68/><G34/><T91/><REACH who="0" step="1"/><D32/><REACH who="0" ten="357,211,211,211" step="2"/><U64/><E64/><N who="2" m="24619" /><F127/><W60/><G75/><T59/><D59/><U133/><E133/><V16/><F7/><W92/><G74/><T24/><D24/><U104/><E104/><V80/><F80/><W124/><G73/><T135/><D135/><U99/><E99/><V26/><F26/><N who="3" m="16455" /><G124/><T52/><AGARI ba="1,1" hai="36,38,39,46,51,52,57,58,81,82,84,85,90,91" machi="52" ten="30,12000,1" yaku="1,1,0,1,9,1,52,1,54,1,53,0" doraHai="41,126" doraHaiUra="6,15" who="0" fromWho="0" sc="357,133,211,-41,211,-41,211,-41" /><INIT seed="0,2,0,5,4,47" ten="490,170,170,170" oya="0" hai0="18,22,57,10,129,114,58,64,32,105,126,123,133" hai1="74,2,84,94,100,87,109,75,82,106,120,7,130" hai2="45,125,67,9,16,11,26,134,70,19,118,14,98" hai3="41,53,112,31,55,89,6,0,124,79,59,102,93"/><T54/><D123/><U3/><E120/><V15/><F134/><W127/><G112/><T88/><D114/><U42/><E42/><V72/><F72/><N who="1" m="27689" /><E7/><V43/><F125/><N who="3" m="48203" /><G79/><T99/><D126/><U61/><E61/><V66/><F70/><W80/><G31/><T21/><D133/><U68/><E68/><V5/><F118/><W92/><G41/><T65/><D129/><U12/><E12/><V73/><F73/><W34/><G34/><T121/><D121/><U103/><E2/><V76/><F76/><W62/><G102/><N who="1" m="38954" /><E3/><V33/><F98/><W24/><G24/><T8/><D32/><U52/><E52/><N who="3" m="20042" /><G6/><T35/><D54/><U115/><E115/><V78/><F78/><W46/><G46/><T131/><D35/><U119/><E109/><V36/><F5/><W20/><G20/><T56/><D18/><U113/><E113/><V71/><F71/><W28/><G28/><AGARI ba="2,0" hai="9,11,14,15,16,19,26,28,33,36,43,45,66,67" machi="28" ten="40,2600,0" yaku="9,1,54,1" doraHai="47" who="2" fromWho="3" sc="490,0,170,0,170,32,170,-32" /><INIT seed="1,0,0,5,1,39" ten="490,170,202,138" oya="1" hai0="122,29,127,5,82,107,95,30,84,68,24,108,128" hai1="15,34,32,41,121,125,120,52,49,85,0,25,101" hai2="18,61,126,55,91,103,73,134,77,72,57,86,74" hai3="23,44,80,116,78,97,115,48,31,102,70,7,64"/><U69/><E0/><V123/><F123/><W92/><G115/><T19/><D122/><U54/><E69/><V71/><F134/><W76/><G116/><T118/><D127/><U89/><E101/><V79/><F126/><W21/><G70/><T110/><D68/><U132/><E125/><V47/><F103/><W35/><G35/><T4/><D118/><U94/><E132/><V135/><F135/><W112/><G112/><T1/><D128/><U105/><E105/><V6/><F6/><W90/><G64/><T106/><D95/><U13/><E32/><V75/><N who="2" m="18944" /><DORA hai="20" /><V45/><F18/><W36/><G36/><T43/><D43/><U114/><E114/><V109/><F109/><W93/><G7/><T8/><D5/><U65/><E65/><V40/><F47/><W11/><G11/><T131/><D131/><U38/><E120/><V63/><F61/><W2/><G2/><T67/><D67/><U113/><E113/><V60/><F63/><W9/><G9/><T133/><D133/><U96/><E121/><V12/><F12/><N who="1" m="4681" /><E38/><V66/><F66/><W100/><G100/><T62/><D62/><U14/><E96/><V28/><F71/><W46/><G102/><T59/><D30/><N who="1" m="19791" /><E14/><V124/><F124/><W22/><G97/><T42/><D1/><U33/><E33/><V50/><F40/><W58/><G31/><T104/><D29/><U26/><E26/><V111/><F28/><W37/><G37/><T119/><D24/><U27/><E27/><V99/><F60/><W51/><G23/><T17/><D119/><U98/><E98/><RYUUKYOKU ba="0,0" sc="490,-10,170,30,202,-10,138,-10" hai1="41,49,52,54,85,89,94" /><INIT seed="1,1,0,4,3,18" ten="480,200,192,128" oya="1" hai0="7,51,31,29,34,66,126,24,89,48,62,125,122" hai1="20,56,123,85,87,107,92,46,16,101,81,86,39" hai2="124,106,12,8,105,9,73,75,113,1,100,133,88" hai3="43,59,15,38,33,131,74,55,82,37,54,23,70"/><U4/><E107/><V132/><F124/><N who="0" m="47722" /><D122/><U58/><E123/><V99/><F113/><W72/><G33/><T108/><D108/><U32/><E32/><V95/><F106/><W42/><G70/><N who="0" m="42327" /><D31/><U63/><E39/><V67/><F67/><W98/><G98/><T104/><D104/><U14/><E4/><V109/><F109/><W120/><G120/><T40/><D40/><U30/><E30/><V119/><F119/><W117/><G117/><T128/><D128/><U47/><E81/><V6/><F100/><W50/><G131/><T22/><D7/><U53/><E58/><V44/><F44/><W49/><G82/><T5/><D5/><U76/><E76/><V91/><F105/><W57/><REACH who="3" step="1"/><G15/><REACH who="3" ten="480,200,192,118" step="2"/><T115/><D115/><U94/><E92/><V26/><F12/><W36/><G36/><T80/><D34/><U114/><E114/><V71/><F1/><W110/><G110/><T13/><D13/><U28/><E28/><V118/><F118/><W3/><G3/><T111/><D111/><U121/><E121/><V11/><F6/><W69/><G69/><T93/><D80/><U116/><E116/><V41/><F71/><W2/><G2/><T112/><D112/><U97/><AGARI ba="1,1" hai="14,16,20,46,47,53,56,63,85,86,87,94,97,101" machi="97" ten="30,11700,0" yaku="0,1,8,1,52,1,54,1" doraHai="18" who="1" fromWho="1" sc="480,-40,200,130,192,-40,118,-40" /><INIT seed="1,2,0,3,0,67" ten="440,330,152,78" oya="1" hai0="96,30,27,18,13,86,93,102,40,42,1,131,17" hai1="5,114,82,37,110,87,118,29,79,68,80,113,0" hai2="45,88,84,89,20,34,60,126,22,55,59,43,121" hai3="9,127,7,106,129,94,92,62,31,12,134,116,128"/><U58/><E118/><V135/><F126/><W56/><G106/><T101/><D1/><U90/><E37/><V100/><F135/><W24/><G116/><T83/><D131/><U85/><E68/><V15/><F121/><W124/><G94/><T76/><D101/><U125/><E125/><N who="3" m="48202" /><G92/><T95/><D95/><U108/><E29/><V39/><F34/><N who="3" m="20839" /><G62/><T99/><D99/><U54/><E0/><V81/><F100/><W75/><G56/><T77/><D77/><U26/><E5/><V98/><F98/><W112/><G75/><T11/><D17/><U46/><E26/><V2/><F89/><W19/><G112/><T119/><D119/><U71/><E46/><V14/><F45/><W53/><G53/><T44/><D44/><U97/><E71/><V36/><F43/><W115/><G115/><N who="1" m="44042" /><E54/><V104/><F104/><W47/><G47/><T63/><D63/><U23/><E23/><AGARI ba="2,0" hai="11,13,18,23,27,30,40,42,76,83,86,93,96,102" machi="23" ten="30,2000,0" yaku="7,1,8,1" doraHai="67" who="0" fromWho="1" sc="440,26,330,-26,152,0,78,0" /><INIT seed="2,0,0,0,2,24" ten="466,304,152,78" oya="2" hai0="126,105,14,36,98,32,66,6,1,68,0,111,38" hai1="100,83,79,108,90,125,70,13,7,53,133,123,127" hai2="121,76,27,62,113,15,25,12,52,72,81,3,110" hai3="95,84,120,96,88,2,47,4,45,97,29,44,56"/><V119/><F3/><W78/><G120/><T107/><D32/><U20/><E70/><V129/><F121/><W114/><G114/><T64/><D111/><U55/><E108/><V102/><F113/><W112/><G112/><T49/><D126/><N who="1" m="48139" /><E123/><V71/><F110/><W134/><G134/><T39/><D49/><U16/><E100/><V34/><F119/><W75/><G75/><T10/><D98/><U9/><E90/><V74/><F34/><W54/><G4/><T77/><D77/><U92/><E92/><V48/><F129/><W8/><G8/><T61/><REACH who="0" step="1"/><D66/><REACH who="0" ten="456,304,152,78" step="2"/><U17/><E133/><V43/><F102/><W19/><G78/><T28/><D28/><U115/><E115/><V85/><F72/><W132/><G132/><T94/><D94/><U30/><E30/><V118/><F74/><W124/><G124/><T86/><D86/><N who="1" m="48511" /><E17/><V135/><F118/><W73/><G19/><T46/><D46/><U80/><E80/><V91/><F135/><W40/><G73/><T116/><D116/><U22/><E22/><V117/><F117/><W104/><G40/><T122/><D122/><U58/><E58/><N who="2" m="35143" /><F71/><W130/><G130/><T63/><D63/><U128/><E128/><V5/><F76/><W69/><G69/><T59/><D59/><U51/><E51/><V57/><F43/><W106/><G29/><T50/><D50/><U18/><E18/><V26/><F5/><W67/><G67/><T42/><D42/><U131/><E131/><V89/><F89/><W41/><G88/><T37/><N who="0" m="9728" /><DORA hai="31" /><T21/><D21/><U99/><E99/><RYUUKYOKU ba="0,1" sc="456,10,304,10,152,10,78,-30" hai0="0,1,6,10,14,61,64,68,105,107" hai1="7,9,13,16,20,53,55" hai2="12,15,25,26,27,48,57,81,85,91" /><INIT seed="2,1,1,1,5,125" ten="466,314,162,48" oya="2" hai0="117,22,47,106,40,12,32,18,48,10,65,101,73" hai1="17,0,81,52,120,92,28,13,68,102,115,51,20" hai2="78,118,34,114,131,27,87,15,124,129,89,132,50" hai3="109,93,107,39,3,75,60,104,62,38,25,105,30"/><V110/><F114/><W134/><G75/><T98/><D73/><U2/><E115/><V5/><F118/><W21/><G3/><T9/><D117/><U128/><E68/><V46/><F78/><W7/><G7/><T79/><D32/><U135/><E120/><V72/><F72/><W41/><G109/><T113/><D113/><U99/><E135/><V45/><F132/><W70/><G134/><T55/><D79/><U122/><E122/><V94/><F124/><W67/><G41/><T126/><D126/><U63/><E63/><V90/><F34/><W4/><G4/><T91/><D91/><U26/><E81/><N who="2" m="49391" /><F27/><W24/><G93/><T103/><D103/><U16/><E17/><V42/><F15/><W29/><REACH who="3" step="1"/><G62/><REACH who="3" ten="466,314,162,38" step="2"/><T35/><D40/><U111/><E0/><V8/><F5/><W56/><G56/><T31/><D65/><U127/><E2/><V58/><F42/><W6/><G6/><T112/><D112/><U119/><E92/><V66/><F110/><W86/><G86/><T57/><D57/><U44/><E111/><V85/><F66/><W36/><G36/><T49/><D49/><U123/><E51/><V64/><F50/><W59/><G59/><T37/><D37/><U80/><E127/><V71/><F58/><W53/><G53/><T33/><D48/><U19/><E52/><V130/><F64/><W69/><G69/><T54/><D55/><U121/><E123/><V116/><F71/><W77/><G77/><T95/><D54/><U1/><E1/><V83/><F116/><W88/><G88/><T43/><D43/><RYUUKYOKU ba="1,2" sc="466,-10,314,-10,162,-10,38,30" hai3="21,24,25,29,30,38,39,60,67,70,104,105,107" /><INIT seed="3,2,2,3,5,112" ten="456,304,152,68" oya="3" hai0="79,3,103,115,62,45,90,93,7,55,116,105,17" hai1="96,10,97,25,20,121,94,68,42,14,107,67,84" hai2="15,118,65,72,58,66,43,104,56,23,61,73,59" hai3="50,134,113,132,63,53,35,75,8,24,109,41,44"/><W91/><G75/><T22/><D116/><U37/><E107/><V124/><F104/><W98/><G113/><T5/><D115/><U40/><E121/><V76/><F76/><W126/><G8/><T38/><D79/><U122/><E122/><V129/><F73/><W64/><G126/><T101/><D105/><U1/><E67/><N who="2" m="25611" /><F72/><W117/><G117/><T120/><D120/><U110/><E68/><V74/><F23/><W36/><G109/><T69/><D69/><U32/><E32/><V119/><F15/><W46/><G91/><T85/><D38/><U29/><E1/><V102/><F102/><W34/><G98/><T127/><D127/><U47/><E40/><V87/><F87/><W54/><G24/><T48/><D62/><U88/><E110/><V111/><F111/><W100/><G100/><N who="0" m="38475" /><D3/><U125/><E125/><V131/><F74/><W82/><G82/><T2/><D2/><U49/><E37/><V81/><F81/><W77/><G77/><T26/><AGARI ba="2,2" hai="5,7,17,22,26,45,48,55,85,90,93" m="38475" machi="26" ten="30,1100,0" yaku="8,1" doraHai="112" who="0" fromWho="0" sc="456,37,304,-5,152,-5,68,-7" owari="493,59.0,299,10.0,147,-25.0,61,-44.0" /></mjloggm>