<mjloggm ver="2.3"><GO type="169" lobby="0"/><UN n0="%E3%81%A4%E3%81%B0%E3%81%8D%E3%81%A1%30%33" n1="%E3%82%8A%E3%81%9B%E3%81%8D%E3%81%A1" n2="%E6%98%BC%E4%BC%91%E3%81%BF%E3%81%AE%E6%AE%8B%E6%A5%AD" n3="%E3%82%A6%E3%83%AB%E3%83%88%E3%83%A9%E7%AB%8B%E7%9B%B4" dan="17,16,16,17" rate="2222.06,2049.44,2148.48,2059.58" sx="M,M,M,M"/><TAIKYOKU oya="0"/><INIT seed="0,0,0,3,4,118" ten="250,250,250,250" oya="0" hai0="105,98,90,131,31,92,112,20,109,38,2,23,114" hai1="37,56,79,53,120,15,116,96,32,7,129,26,74" hai2="29,82,124,0,126,117,102,70,77,47,64,19,51" hai3="45,119,106,33,1,6,17,46,22,61,86,36,101"/><T44/><D2/><U84/><E37/><V97/><F0/><W48/><G119/><T111/><D105/><U135/><E116/><V8/><F29/><W122/><G33/><T65/><D65/><U89/><E129/><V35/><F19/><W108/><G108/><N who="0" m="41547" /><D131/><U60/><E120/><V123/><F8/><W125/><G106/><T110/><N who="0" m="41555" /><T113/><DORA hai="88" /><D31/><U100/><E135/><V83/><F35/><W59/><G6/><T72/><D72/><U63/><E32/><V42/><F70/><W12/><G125/><T21/><D44/><U80/><E26/><V103/><F64/><W18/><G46/><T107/><D107/><U11/><E63/><V87/><F117/><W16/><G45/><T50/><D50/><U99/><REACH who="1" step="1"/><E100/><REACH who="1" ten="250,240,250,250" step="2"/><V71/><F103/><W25/><G61/><T130/><D130/><U91/><E91/><V54/><F126/><W76/><G101/><T24/><D24/><U9/><E9/><V78/><F102/><W128/><G25/><T115/><D115/><U81/><AGARI ba="0,1" hai="7,11,15,53,56,60,74,79,80,81,84,89,96,99" machi="81" ten="20,2700,0" yaku="1,1,0,1,7,1,53,0" doraHai="118,88" doraHaiUra="132,121" who="1" fromWho="1" sc="250,-13,240,37,250,-7,250,-7" /><INIT seed="1,0,0,5,2,88" ten="237,277,243,243" oya="1" hai0="20,122,38,4,89,133,13,114,47,95,75,127,2" hai1="115,10,67,61,43,91,7,25,42,87,45,64,128" hai2="1,110,77,37,46,66,52,116,22,57,34,86,40" hai3="123,3,80,82,74,12,83,103,36,11,129,119,55"/><U72/><E72/><V90/><F34/><W125/><G3/><T24/><D114/><U131/><E115/><V19/><F1/><W73/><G123/><T49/><D127/><U39/><E43/><V63/><F77/><W0/><G0/><T15/><D133/><U17/><E25/><V104/><F104/><W32/><G32/><T98/><D38/><U28/><E28/><V16/><F116/><W78/><G125/><T121/><D75/><U9/><E17/><V31/><F110/><W96/><G36/><T58/><D58/><N who="1" m="36919" /><E67/><V124/><F124/><W81/><G55/><N who="0" m="30143" /><D4/><U35/><E7/><V113/><F113/><W5/><G119/><T68/><D68/><U53/><E53/><V56/><F31/><W100/><G129/><N who="1" m="49738" /><E35/><V8/><F8/><W132/><G132/><T62/><D62/><U93/><AGARI ba="0,0" hai="9,10,39,42,45,87,91,93" m="49738,36919" machi="93" ten="30,3000,0" yaku="19,1,52,1" doraHai="88" who="1" fromWho="1" sc="237,-10,277,30,243,-10,243,-10" /><INIT seed="1,1,0,5,1,65" ten="227,307,233,233" oya="1" hai0="127,80,28,105,45,114,82,22,125,17,32,35,40" hai1="20,123,8,95,11,3,9,50,112,42,53,88,102" hai2="12,131,24,67,14,113,85,81,56,93,59,1,4" hai3="119,43,62,7,37,110,73,16,98,129,94,107,58"/><U29/><E123/><V55/><F1/><W15/><G107/><T47/><D105/><U74/><E74/><V122/><F122/><W117/><G73/><T116/><D116/><U36/><E112/><V120/><F120/><W132/><G7/><T128/><D114/><U79/><E79/><V75/><F75/><W87/><G87/><T101/><D101/><U135/><E102/><V21/><F93/><W51/><G37/><T134/><D28/><U31/><E3/><V126/><F67/><W99/><G129/><T77/><D128/><U18/><E42/><V46/><F113/><W133/><G110/><T92/><D92/><U130/><E36/><V34/><F34/><N who="0" m="12842" /><D134/><N who="3" m="51817" /><G94/><T44/><D40/><U0/><E135/><V84/><F81/><N who="0" m="31338" /><D17/><U72/><E130/><V52/><F131/><W33/><G33/><T61/><D22/><U106/><E72/><V121/><F21/><N who="3" m="11423" /><G99/><T48/><D48/><U70/><E106/><V60/><F121/><W39/><G98/><T6/><D61/><U38/><E38/><V49/><F60/><W111/><G39/><T68/><D6/><U41/><E0/><V83/><F4/><W89/><G111/><T13/><D13/><U118/><E118/><V90/><F83/><W103/><G103/><T76/><D68/><U104/><E70/><V64/><F12/><W63/><G63/><T78/><AGARI ba="1,0" hai="44,45,47,76,77,78,125,127" m="31338,12842" machi="78" ten="40,2700,0" yaku="28,2" doraHai="65" who="0" fromWho="0" sc="227,30,307,-14,233,-8,233,-8" /><INIT seed="2,0,0,2,2,100" ten="257,293,225,225" oya="2" hai0="5,51,86,110,73,48,62,20,105,11,104,25,112" hai1="10,36,94,93,61,39,69,53,124,7,30,47,111" hai2="31,60,9,50,23,92,33,135,79,101,49,96,118" hai3="34,121,66,3,127,95,114,115,42,44,76,113,90"/><V65/><F135/><W134/><G121/><T59/><D73/><U107/><E107/><V52/><F118/><W103/><G34/><T106/><D86/><U46/><E111/><V8/><F33/><W58/><G3/><T74/><D74/><U26/><E124/><V75/><F75/><W56/><G76/><T108/><D112/><U123/><E123/><V122/><F79/><W120/><G120/><T12/><D62/><U133/><E133/><V4/><F122/><W19/><G134/><T45/><D59/><U78/><E78/><V102/><F101/><W41/><G103/><T97/><D97/><U81/><E81/><V57/><F50/><W70/><G127/><T16/><REACH who="0" step="1"/><D51/><REACH who="0" ten="247,293,225,225" step="2"/><U91/><E36/><V13/><F49/><W55/><G58/><T68/><D68/><U14/><E39/><V35/><F35/><W117/><G56/><T126/><D126/><U85/><E69/><V28/><F65/><W130/><G66/><T18/><D18/><U0/><E61/><V17/><REACH who="2" step="1"/><F9/><REACH who="2" ten="247,293,215,225" step="2"/><W119/><G115/><T22/><D22/><N who="1" m="15703" /><E10/><V29/><F29/><W82/><G117/><T1/><D1/><AGARI ba="0,2" hai="1,4,8,13,17,23,28,31,52,57,60,92,96,102" machi="1" ten="30,5800,0" yaku="1,1,7,1,54,1,53,0" doraHai="100" doraHaiUra="43" who="2" fromWho="0" sc="247,-58,293,0,215,78,225,0" /><INIT seed="2,1,0,2,2,24" ten="189,293,293,225" oya="2" hai0="10,80,21,71,6,82,41,87,47,25,14,73,120" hai1="96,38,36,94,16,1,124,101,91,70,130,2,52" hai2="103,18,7,104,32,127,23,63,74,39,64,55,5" hai3="75,122,66,42,111,119,40,97,56,0,108,45,15"/><V50/><F39/><W79/><G0/><T27/><D120/><U135/><E124/><V109/><F74/><W3/><G3/><T43/><D71/><U68/><E130/><V28/><F127/><W125/><G125/><T98/><D73/><U49/><E135/><V12/><F109/><W93/><G40/><T17/><D98/><U30/><E38/><V117/><F117/><W59/><G122/><T100/><D100/><U107/><E36/><V131/><F131/><W78/><G119/><T26/><D80/><U4/><E2/><V67/><F64/><W118/><G118/><T46/><D43/><U95/><E107/><V9/><F103/><W57/><G66/><T65/><D65/><U77/><E77/><V76/><F76/><W19/><G75/><T115/><D115/><U86/><E4/><V110/><F7/><W83/><G83/><T89/><REACH who="0" step="1"/><D47/><REACH who="0" ten="179,293,293,225" step="2"/><U116/><E70/><V106/><F67/><W11/><G45/><T35/><D35/><U123/><E68/><V8/><F32/><W37/><G42/><T114/><D114/><U31/><E123/><V60/><F106/><W85/><G111/><T33/><D33/><U44/><E116/><V29/><F104/><W53/><G108/><T90/><D90/><U121/><E121/><V54/><F110/><W133/><G78/><T134/><D134/><U69/><E69/><V112/><F112/><W126/><G133/><T51/><AGARI ba="1,1" hai="6,10,14,17,21,25,26,27,41,46,51,82,87,89" machi="51" ten="20,5200,0" yaku="1,1,0,1,7,1,8,1,53,0" doraHai="24" doraHaiUra="58" who="0" fromWho="0" sc="179,65,293,-14,293,-27,225,-14" /><INIT seed="3,0,0,5,2,17" ten="244,279,266,211" oya="3" hai0="19,66,134,117,58,37,60,47,64,16,2,45,49" hai1="41,0,127,95,96,129,43,59,24,40,110,4,54" hai2="80,36,81,85,61,14,44,3,32,42,9,97,133" hai3="101,116,104,99,108,118,53,128,122,68,56,76,27"/><W100/><G122/><T79/><D2/><U135/><E110/><V48/><F32/><W105/><G108/><T119/><D79/><U125/><E129/><V22/><F3/><W51/><G128/><T86/><D86/><U88/><E135/><V107/><F36/><W71/><G76/><T109/><D109/><U126/><E4/><V69/><F133/><W10/><G10/><T87/><D134/><U77/><E0/><V114/><F114/><W21/><G71/><T120/><D120/><U52/><E77/><V63/><F69/><W103/><G68/><T73/><D73/><U12/><E12/><V50/><F97/><W123/><G123/><T39/><D87/><U72/><E72/><V78/><F107/><W65/><G65/><T30/><D49/><N who="1" m="31119" /><E54/><V93/><F93/><W83/><G83/><T89/><D60/><U18/><E43/><V31/><F50/><W46/><G46/><T84/><D84/><U28/><E18/><V70/><F70/><W113/><G113/><T131/><D58/><U121/><E121/><V74/><F74/><W94/><G105/><T11/><D11/><U35/><AGARI ba="0,0" hai="24,28,35,40,41,88,95,96,125,126,127" m="31119" machi="35" ten="30,4000,0" yaku="18,1,54,2" doraHai="17" who="1" fromWho="1" sc="244,-10,279,40,266,-10,211,-20" /><INIT seed="4,0,0,5,3,64" ten="234,319,256,191" oya="0" hai0="114,45,104,63,87,28,120,15,60,82,33,83,61" hai1="107,72,68,46,40,8,55,73,5,62,103,128,1" hai2="122,67,38,69,11,48,65,6,117,39,54,26,125" hai3="10,88,30,106,7,17,124,131,101,74,115,121,58"/><T2/><D2/><U81/><E128/><V126/><F122/><W51/><G74/><T99/><D120/><U25/><E107/><V47/><F26/><W24/><G121/><T116/><D116/><U31/><E103/><V134/><F6/><W34/><G131/><T93/><D114/><U97/><E97/><V102/><F102/><W132/><G115/><T98/><D104/><U29/><E81/><N who="0" m="30729" /><D33/><U0/><E0/><V85/><F11/><W18/><G101/><T127/><D28/><U4/><E4/><V76/><F67/><W113/><G106/><T92/><D127/><N who="2" m="48650" /><F85/><W57/><G124/><T9/><D45/><U42/><E73/><V71/><F65/><W90/><G113/><T75/><D75/><U109/><E72/><V56/><F76/><W22/><G18/><N who="0" m="8559" /><D93/><U16/><E109/><V27/><F117/><W70/><G34/><T53/><D53/><U19/><E55/><N who="2" m="30111" /><F134/><W105/><G132/><T12/><D12/><U135/><E135/><V3/><F27/><W13/><G30/><T77/><D77/><U100/><E25/><V89/><F3/><W95/><G105/><T79/><D79/><U94/><E1/><V43/><F43/><W84/><G24/><T41/><D41/><U130/><E42/><V49/><F89/><AGARI ba="0,0" hai="60,61,63,87,89,92,98,99" m="8559,30729" machi="89" ten="30,1500,0" yaku="8,1" doraHai="64" who="0" fromWho="2" sc="234,15,319,0,256,-15,191,0" /><INIT seed="4,1,0,1,3,9" ten="249,319,241,191" oya="0" hai0="86,66,48,39,72,85,81,47,127,52,1,96,68" hai1="135,19,101,99,11,71,12,107,102,90,112,2,100" hai2="130,80,129,23,59,0,36,15,30,113,115,108,67" hai3="98,131,57,24,20,13,134,56,69,70,4,44,29"/><T65/><D127/><U16/><E71/><V91/><F30/><W87/><G70/><T8/><D96/><U74/><E74/><V76/><F91/><W106/><G69/><T35/><D35/><U92/><E135/><V7/><F0/><W123/><G134/><T116/><D116/><U125/><E125/><V6/><F7/><W126/><G126/><T43/><D72/><U111/><E112/><N who="2" m="43083" /><F108/><W55/><G131/><N who="2" m="50185" /><F36/><W61/><G123/><T105/><D105/><U117/><E117/><V109/><F109/><W110/><G110/><T83/><D68/><U82/><E82/><V77/><F80/><W128/><G128/><T49/><D39/><U93/><E111/><V75/><F75/><W89/><G98/><T32/><D32/><U18/><E2/><V27/><F67/><W118/><G118/><T88/><D8/><U104/><REACH who="1" step="1"/><E93/><REACH who="1" ten="249,309,241,191" step="2"/><V5/><F77/><W133/><G133/><T3/><D3/><U34/><E34/><V21/><F76/><W42/><G106/><AGARI ba="1,1" hai="11,12,16,18,19,90,92,99,100,101,102,104,106,107" machi="106" ten="40,8000,1" yaku="1,1,52,1,54,1,53,1" doraHai="9" doraHaiUra="84" who="1" fromWho="3" sc="249,0,309,93,241,0,191,-83" /><INIT seed="5,0,0,4,1,46" ten="249,402,241,108" oya="1" hai0="45,98,21,93,20,135,134,97,119,47,6,84,14" hai1="104,82,133,87,12,42,40,81,28,5,3,112,73" hai2="103,67,125,54,59,71,26,80,0,74,32,96,132" hai3="129,36,131,78,39,118,27,72,7,115,38,62,76"/><U23/><E104/><V90/><F0/><W111/><G111/><T100/><D84/><U102/><E112/><V101/><F125/><W65/><G115/><T130/><D119/><U43/><E133/><N who="0" m="50697" /><D130/><U92/><E3/><V16/><F32/><W110/><G110/><T117/><D117/><U75/><E82/><V4/><F67/><W44/><G72/><T58/><D58/><U68/><E68/><V18/><F4/><W24/><G118/><T88/><D6/><U127/><E73/><V126/><F71/><W106/><G106/><N who="0" m="63759" /><D14/><U19/><E75/><V99/><F74/><W66/><G7/><T120/><D120/><U34/><E5/><V25/><F126/><W35/><G44/><AGARI ba="0,0" hai="20,21,44,45,47,88,93,98" m="63759,50697" machi="44" ten="30,2000,0" yaku="20,1,54,1" doraHai="46" who="0" fromWho="3" sc="249,20,402,0,241,0,108,-20" /><INIT seed="6,0,0,4,4,25" ten="269,402,241,88" oya="2" hai0="81,120,27,23,132,103,45,105,77,46,98,87,55" hai1="56,94,88,22,71,47,3,78,48,124,97,109,58" hai2="64,101,110,24,63,38,12,126,30,26,93,90,80" hai3="74,14,60,51,113,116,17,49,34,16,76,8,92"/><V44/><F126/><W9/><G116/><T31/><D120/><U39/><E71/><V19/><F110/><W6/><G113/><T82/><D132/><U73/><E3/><V29/><F44/><W119/><G119/><T89/><REACH who="0" step="1"/><D55/><REACH who="0" ten="259,402,241,88" step="2"/><U57/><E109/><V130/><F130/><W112/><G112/><T61/><D61/><U121/><E124/><V96/><F38/><W10/><G60/><T40/><D40/><U75/><E121/><V2/><F63/><W118/><G118/><T114/><D114/><U41/><E41/><V125/><F125/><W100/><G51/><T102/><D102/><U127/><E48/><V5/><F64/><W67/><G49/><T52/><D52/><U123/><E123/><V32/><F101/><W11/><G67/><T104/><D104/><U83/><E39/><V122/><F122/><W18/><G100/><T72/><AGARI ba="0,1" hai="23,27,31,45,46,72,77,81,82,87,89,98,103,105" machi="72" ten="20,12000,2" yaku="1,1,0,1,7,1,52,1,53,2" doraHai="25" doraHaiUra="42" who="0" fromWho="0" sc="259,130,402,-30,241,-60,88,-30" /><INIT seed="7,0,0,3,0,108" ten="389,372,181,58" oya="3" hai0="78,8,71,109,120,20,100,39,79,89,61,130,98" hai1="56,114,72,19,24,92,40,119,41,91,36,52,17" hai2="51,85,77,70,84,125,115,50,2,134,118,83,6" hai3="37,65,14,75,1,42,116,30,13,129,45,66,44"/><W128/><G1/><T105/><D109/><U93/><E72/><V60/><F118/><W15/><G75/><T104/><D104/><U11/><E114/><V122/><F115/><W4/><G116/><T94/><D39/><U63/><E36/><V73/><F6/><W74/><G74/><T43/><D43/><U53/><E53/><V21/><F2/><W82/><G4/><T99/><D120/><U86/><E93/><V12/><F70/><W28/><G82/><T95/><D8/><U46/><E46/><N who="3" m="18026" /><G42/><T132/><D132/><U55/><E55/><V34/><F134/><W0/><G0/><T32/><D32/><U87/><E87/><V3/><F34/><W62/><G62/><T102/><D20/><N who="1" m="13327" /><E119/><V81/><F73/><W123/><G123/><T107/><D61/><U57/><E56/><V133/><F3/><W112/><G112/><T67/><D67/><N who="3" m="25609" /><G37/><T5/><D5/><U103/><E103/><V23/><F133/><W38/><G38/><T124/><D71/><U131/><E131/><AGARI ba="0,0" hai="13,14,15,28,30,128,129,131" m="25609,18026" machi="131" ten="40,7700,0" yaku="28,2,19,1" doraHai="108" who="3" fromWho="1" sc="389,0,372,-77,181,0,58,77" /><INIT seed="7,1,0,5,4,105" ten="389,295,181,135" oya="3" hai0="128,44,67,9,76,108,135,27,58,51,126,26,75" hai1="34,37,47,124,23,97,6,29,74,83,94,33,32" hai2="57,65,22,55,42,121,104,86,0,102,30,64,71" hai3="73,123,14,89,49,45,54,10,91,50,62,3,82"/><W17/><G3/><T85/><D75/><U18/><E124/><V12/><F0/><W111/><G123/><T8/><D108/><U118/><E6/><V25/><F71/><W38/><G38/><T19/><D135/><U66/><E66/><V36/><F104/><W119/><G119/><T125/><D128/><U11/><E118/><V15/><F36/><W31/><G111/><T7/><D7/><U56/><E56/><V46/><F102/><W4/><G31/><T21/><D27/><U2/><E47/><V96/><F96/><W107/><G107/><T81/><D58/><U99/><E37/><V133/><F133/><W80/><G62/><T16/><D67/><N who="2" m="25674" /><F46/><N who="3" m="27959" /><G4/><T87/><D87/><U61/><E61/><N who="2" m="36031" /><F42/><N who="3" m="24887" /><G73/><T48/><D48/><U114/><E74/><V43/><F43/><W28/><G28/><T116/><D116/><U35/><E35/><V5/><F121/><W13/><G13/><N who="2" m="5193" /><F5/><W93/><G89/><T78/><D78/><U131/><E34/><V72/><F72/><W20/><G10/><T70/><D70/><U68/><E11/><V88/><F88/><W79/><G79/><T40/><D19/><U103/><E18/><V106/><F106/><W69/><G69/><T110/><D110/><U130/><E68/><V117/><F117/><W132/><G132/><T77/><D77/><U113/><E33/><V63/><F63/><W84/><AGARI ba="1,0" hai="14,17,20,80,82,84,91,93" m="24887,27959" machi="84" ten="30,1500,0" yaku="8,1" doraHai="105" who="3" fromWho="3" sc="389,-6,295,-6,181,-6,135,18" /><INIT seed="7,2,0,0,3,77" ten="383,289,175,153" oya="3" hai0="103,71,132,80,114,25,95,96,129,135,104,115,16" hai1="20,32,110,123,48,7,67,45,43,131,49,125,108" hai2="44,59,56,53,41,73,119,75,97,92,34,102,28" hai3="88,90,65,126,101,52,19,12,14,113,74,70,58"/><W86/><G74/><T81/><D71/><U31/><E32/><V93/><F119/><W117/><G117/><T105/><D129/><U15/><E123/><V3/><F3/><W72/><G72/><T64/><D64/><U62/><E131/><V124/><F124/><W11/><G126/><T79/><D25/><U116/><E125/><V120/><F120/><W107/><G65/><T76/><D16/><U111/><E116/><V82/><F82/><N who="0" m="31850" /><D79/><U26/><E49/><N who="2" m="26767" /><F28/><W21/><G70/><T57/><D57/><U78/><E78/><V55/><F34/><W36/><G36/><T127/><D76/><U99/><E99/><N who="2" m="59751" /><F75/><W39/><G39/><T46/><D46/><U38/><E38/><V68/><F68/><W0/><G0/><T40/><D40/><U27/><E27/><V47/><F73/><W17/><G86/><T84/><D127/><U18/><E7/><V89/><F47/><W22/><G11/><T37/><D37/><U63/><E67/><V35/><F35/><W33/><G33/><T94/><D94/><U61/><REACH who="1" step="1"/><E15/><REACH who="1" ten="383,279,175,153" step="2"/><V112/><F112/><N who="0" m="43050" /><D84/><U98/><E98/><V2/><F2/><W100/><G113/><T30/><D30/><AGARI ba="2,1" hai="18,20,26,30,31,43,45,48,61,62,63,108,110,111" machi="30" ten="50,8000,1" yaku="1,1,53,3" doraHai="77" doraHaiUra="122" who="1" fromWho="0" sc="383,-86,279,96,175,0,153,0" owari="297,10.0,375,47.0,175,-22.0,153,-35.0" /></mjloggm>