<mjloggm ver="2.3"><GO type="97" lobby="0"/><UN n0="%E7%A4%BE%E4%BC%9A%E4%BF%9D%E9%99%BA%E5%BA%81%E8%81%B7%E5%93%A1" n1="%E6%9A%B4%E5%8A%9B%E6%9F%94%E8%A1%93" n2="%E3%82%A6%E3%83%AB%E3%83%88%E3%83%A9%E7%AB%8B%E7%9B%B4" n3="%E3%81%97%E3%81%A4%E3%81%BD" dan="14,14,15,15" rate="1947.91,1921.13,1957.05,1967.36" sx="M,M,M,M"/><TAIKYOKU oya="0"/><INIT seed="0,0,0,5,1,32" ten="250,250,250,250" oya="0" hai0="12,56,113,104,53,124,129,7,118,4,74,115,18" hai1="3,15,116,43,102,128,10,67,78,101,76,60,22" hai2="31,63,126,14,97,112,44,121,131,119,38,109,80" hai3="75,19,40,66,86,1,82,135,73,125,68,69,87"/><T50/><D104/><U114/><E116/><V48/><F38/><W117/><G117/><T11/><D118/><U111/><E114/><V17/><F119/><W77/><G40/><T36/><D36/><U107/><E43/><V103/><F121/><W120/><G120/><T35/><D35/><U99/><E102/><V9/><F112/><W71/><G125/><T33/><D33/><U23/><E128/><V89/><F126/><W105/><G105/><T0/><D124/><U20/><E111/><V64/><F109/><W72/><G135/><T34/><D34/><U62/><E62/><V130/><F31/><W108/><G108/><T2/><D129/><U26/><E26/><V49/><F49/><W83/><G19/><T70/><D70/><U91/><E91/><V21/><F21/><W123/><G123/><T88/><D74/><U95/><E107/><V13/><F13/><W92/><G92/><T110/><D110/><U94/><E94/><V84/><F97/><W59/><G59/><T47/><D113/><U54/><E54/><N who="2" m="29959" /><F103/><W28/><G28/><T5/><D115/><U8/><E3/><V37/><F37/><W100/><G100/><T6/><N who="0" m="1536" /><DORA hai="132" /><T39/><D39/><U45/><E45/><V16/><F17/><W27/><G27/><T46/><REACH who="0" step="1"/><D88/><REACH who="0" ten="240,250,250,250" step="2"/><U24/><E101/><V85/><F84/><W79/><REACH who="3" step="1"/><G1/><AGARI ba="0,1" hai="0,1,2,11,12,18,46,47,50,53,56" m="1536" machi="1" ten="50,12000,1" yaku="1,1,2,1,52,3,53,0" doraHai="32,132" doraHaiUra="58,127" who="0" fromWho="3" sc="240,130,250,0,250,0,250,-120" /><INIT seed="0,1,0,2,1,89" ten="370,250,250,130" oya="0" hai0="98,87,49,54,101,40,67,52,122,69,119,108,126" hai1="135,88,72,64,66,79,134,104,45,131,112,48,65" hai2="82,109,107,8,62,133,23,75,76,22,12,85,74" hai3="1,68,41,121,97,118,29,78,21,42,43,110,30"/><T47/><D119/><U93/><E104/><V39/><F107/><W102/><G118/><T123/><D126/><U96/><E112/><V7/><F39/><W4/><G68/><T81/><D108/><U86/><E72/><V94/><F109/><W115/><G115/><T34/><D34/><U19/><E19/><V2/><F133/><N who="1" m="50697" /><E131/><V27/><F62/><W17/><G110/><T15/><D67/><U28/><E28/><V31/><F2/><W59/><G78/><T58/><D69/><U132/><N who="1" m="50705" /><U20/><DORA hai="57" /><E20/><V83/><F83/><W84/><G84/><T0/><D0/><U125/><E125/><V71/><F71/><W130/><G130/><T63/><D40/><N who="1" m="24615" /><E79/><V95/><REACH who="2" step="1"/><F22/><REACH who="2" ten="370,250,240,130" step="2"/><W73/><G73/><AGARI ba="1,1" hai="7,8,12,23,27,31,73,74,75,76,82,85,94,95" machi="73" ten="40,8000,1" yaku="1,1,2,1,52,2,53,1" doraHai="89,57" doraHaiUra="26,60" who="2" fromWho="3" sc="370,0,250,0,240,93,130,-83" /><INIT seed="1,0,0,2,0,123" ten="370,250,333,47" oya="1" hai0="95,74,93,135,20,109,22,104,92,89,111,52,51" hai1="102,69,131,18,125,94,15,4,83,134,30,120,88" hai2="1,16,53,77,68,55,71,42,105,10,36,31,0" hai3="40,26,11,87,113,6,57,12,81,35,106,73,132"/><U78/><E69/><V3/><F105/><W90/><G113/><T17/><D104/><U41/><E120/><V110/><F31/><W21/><G106/><T80/><D135/><U33/><E102/><V82/><F53/><W84/><G35/><T23/><D74/><U64/><E64/><V27/><F55/><W45/><G73/><T127/><D127/><U60/><E60/><V114/><F114/><W86/><G132/><T5/><D5/><U100/><E134/><V98/><F98/><W75/><G75/><T66/><D66/><U112/><E100/><V7/><F16/><W38/><G57/><N who="0" m="32927" /><D17/><U103/><E103/><V124/><F27/><W19/><REACH who="3" step="1"/><G38/><REACH who="3" ten="370,250,333,37" step="2"/><T72/><D72/><U25/><E125/><V28/><F124/><W34/><G34/><T101/><D101/><U76/><E112/><V91/><F68/><W46/><G46/><T129/><D129/><U13/><E131/><V43/><F71/><W99/><G99/><T133/><D89/><U85/><E33/><V50/><F91/><W59/><G59/><T107/><D133/><U49/><E88/><V70/><F70/><W96/><G96/><T61/><D107/><U79/><E79/><V2/><F36/><W44/><G44/><T108/><D61/><U65/><E78/><V54/><F77/><W122/><G122/><T62/><D62/><U37/><E76/><V117/><F50/><W63/><G63/><T97/><D97/><U24/><E37/><V67/><F67/><W29/><G29/><T119/><D80/><U126/><E65/><V14/><F82/><W115/><G115/><RYUUKYOKU ba="0,1" sc="370,15,250,-15,333,-15,37,15" hai0="20,22,23,92,93,95,108,109,111,119" hai3="6,11,12,19,21,26,40,45,81,84,86,87,90" /><INIT seed="2,1,1,1,2,37" ten="385,235,318,52" oya="2" hai0="64,45,127,16,27,89,86,96,128,26,6,68,133" hai1="39,25,38,101,65,31,24,120,131,114,23,11,67" hai2="100,41,44,105,106,71,88,17,9,20,125,5,0" hai3="74,75,76,118,21,28,57,97,91,135,46,102,112"/><V83/><F71/><W10/><G118/><T130/><D6/><U13/><E114/><V129/><F129/><N who="0" m="49770" /><D133/><U43/><E131/><V56/><F125/><W53/><G135/><T47/><D127/><U99/><E120/><V62/><F100/><W115/><G112/><T85/><D64/><U84/><E84/><N who="0" m="32361" /><D68/><U66/><E25/><N who="0" m="9225" /><D16/><U12/><E12/><V78/><F88/><W90/><G115/><T55/><D55/><U93/><REACH who="1" step="1"/><E43/><REACH who="1" ten="385,225,318,52" step="2"/><V1/><F1/><W107/><G46/><T121/><D121/><U35/><E35/><V87/><F20/><W81/><G75/><T70/><D70/><U32/><E32/><V69/><F69/><W52/><G53/><T124/><D124/><U104/><E104/><V103/><F17/><AGARI ba="1,2" hai="11,13,17,23,24,31,38,39,65,66,67,93,99,101" machi="17" ten="40,1300,0" yaku="1,1,53,0" doraHai="37" doraHaiUra="123" who="1" fromWho="2" sc="385,0,225,36,318,-16,52,0" /><INIT seed="3,0,0,5,5,116" ten="385,261,302,52" oya="3" hai0="14,76,13,113,10,104,33,23,30,66,78,61,20" hai1="120,129,48,41,15,88,121,37,12,119,107,71,38" hai2="58,108,28,130,118,75,18,89,22,100,45,96,36" hai3="17,95,27,117,1,114,40,35,84,85,77,102,8"/><W81/><G117/><T86/><D104/><U123/><E107/><V21/><F75/><W109/><G114/><T105/><D105/><U72/><E72/><V16/><F118/><W49/><G1/><T91/><D113/><U97/><E71/><V2/><F2/><W87/><G109/><T42/><D33/><U50/><E119/><V9/><F9/><W94/><G35/><T90/><D42/><U46/><E129/><V79/><F79/><N who="0" m="30250" /><D61/><U57/><E50/><V62/><F28/><W125/><G125/><T6/><D66/><U65/><E65/><V4/><F4/><W59/><G102/><T56/><D56/><U54/><REACH who="1" step="1"/><E38/><REACH who="1" ten="385,251,302,52" step="2"/><V0/><F36/><W131/><G131/><T98/><D90/><U43/><E43/><V74/><F89/><W34/><G34/><T92/><D98/><U126/><E126/><V29/><F74/><W19/><G95/><AGARI ba="0,1" hai="12,15,37,41,46,48,54,57,88,95,97,120,121,123" machi="95" ten="40,8000,1" yaku="1,1,52,3,54,1,53,0" doraHai="116" doraHaiUra="80" who="1" fromWho="3" sc="385,0,251,90,302,0,52,-80" owari="385,49.0,341,14.0,302,-10.0,-28,-53.0" /></mjloggm>