<mjloggm ver="2.3"><GO type="225" lobby="0"/><UN n0="%E3%82%A6%E3%83%AB%E3%83%88%E3%83%A9%E7%AB%8B%E7%9B%B4" n1="%E3%82%AA%E3%82%A2%E3%83%AA%E3%83%A0%E3%81%AE%E8%A9%A0%E5%94%B1" n2="%6D%61%62%6F%6F%6F" n3="%4D%72%2E%6E%69%6B%75%39" dan="16,16,16,16" rate="2012.06,2065.69,2109.44,2153.50" sx="M,M,M,M"/><TAIKYOKU oya="0"/><INIT seed="0,0,0,1,5,74" ten="250,250,250,250" oya="0" hai0="106,48,20,112,15,100,29,36,17,85,116,57,132" hai1="119,126,27,60,111,84,81,76,28,93,12,86,101" hai2="1,88,105,108,21,117,130,110,51,31,6,128,94" hai3="64,35,90,72,16,44,39,54,5,38,124,78,82"/><T42/><D112/><U118/><E111/><N who="2" m="42539" /><F105/><W37/><G35/><T50/><D116/><U9/><E126/><V68/><F68/><W13/><G124/><T56/><D132/><U40/><E40/><V125/><F117/><W135/><G135/><T92/><D106/><U43/><E43/><V107/><F107/><W115/><G115/><T41/><D36/><U91/><E101/><V62/><F62/><W14/><G64/><T109/><D109/><U129/><E60/><V4/><F125/><W96/><G5/><N who="2" m="2153" /><F51/><N who="0" m="19498" /><D56/><U131/><E119/><V122/><F122/><W53/><G44/><T83/><D57/><U34/><REACH who="1" step="1"/><E118/><REACH who="1" ten="250,240,250,250" step="2"/><V99/><F1/><W61/><G61/><T121/><D42/><U49/><E49/><V33/><F33/><W79/><G38/><T104/><D41/><U55/><E55/><V80/><F80/><W102/><G82/><T22/><D121/><U8/><E8/><V26/><AGARI ba="0,1" hai="21,26,31,88,94,99,128,130" m="2153,42539" machi="26" ten="40,2700,0" yaku="14,1,54,1" doraHai="74" who="2" fromWho="2" sc="250,-13,240,-7,250,37,250,-7" /><INIT seed="1,0,0,4,4,36" ten="237,233,287,243" oya="1" hai0="127,91,83,63,60,112,117,131,9,65,4,110,113" hai1="33,41,56,14,62,2,48,111,1,45,95,123,88" hai2="43,92,85,129,133,74,47,64,42,86,78,44,27" hai3="23,89,120,68,114,71,94,82,28,126,115,21,40"/><U66/><E33/><V76/><F74/><W67/><G120/><T90/><D117/><U59/><E123/><V52/><F64/><W121/><G121/><T84/><D110/><U26/><E26/><V135/><F129/><W118/><G118/><T93/><D131/><U57/><E14/><V134/><F27/><W12/><G82/><T87/><D127/><U35/><E35/><V106/><F106/><W80/><G80/><T116/><D116/><U54/><E111/><V101/><F101/><W8/><G67/><T119/><D119/><U61/><REACH who="1" step="1"/><E59/><REACH who="1" ten="237,223,287,243" step="2"/><V19/><F133/><W81/><G115/><T24/><D24/><U109/><E109/><V25/><F134/><W46/><G114/><T32/><D32/><U16/><E16/><V132/><F25/><W30/><G30/><T39/><D112/><U69/><E69/><V98/><F19/><N who="3" m="8583" /><G28/><T124/><D113/><U38/><E38/><V37/><F37/><N who="3" m="21775" /><G71/><T50/><D39/><U70/><E70/><V58/><F58/><W20/><G68/><T34/><D34/><U77/><E77/><V100/><F78/><W96/><G126/><T103/><D124/><U72/><E72/><V5/><F76/><W107/><G23/><T97/><D9/><U6/><E6/><V10/><F135/><W122/><G122/><T99/><D4/><U0/><E0/><V128/><F132/><W104/><G21/><T79/><D79/><U7/><E7/><V125/><F125/><W108/><G20/><T49/><D103/><U55/><E55/><V17/><F100/><N who="3" m="60439" /><G108/><T31/><D31/><U105/><E105/><RYUUKYOKU ba="0,1" sc="237,-15,223,15,287,-15,243,15" hai1="1,2,41,45,48,54,56,57,61,62,66,88,95" hai3="81,89,104,107" /><INIT seed="1,1,1,1,0,46" ten="222,238,272,258" oya="1" hai0="26,10,22,69,33,15,135,75,70,54,109,90,21" hai1="91,128,88,89,27,47,127,87,86,78,35,121,34" hai2="84,100,6,62,64,106,57,96,126,42,58,5,0" hai3="71,94,36,92,105,115,134,23,82,104,65,103,77"/><U55/><E121/><V113/><F0/><W60/><G115/><T12/><D75/><U79/><E127/><V80/><F126/><W14/><G36/><T133/><D109/><U4/><E128/><V118/><F118/><W30/><G134/><N who="0" m="51211" /><D90/><U2/><E2/><V25/><F113/><W44/><G44/><T8/><D54/><U11/><E11/><N who="0" m="4137" /><D69/><U9/><E9/><V61/><F42/><W53/><G53/><T18/><D70/><U107/><E107/><V99/><F25/><W39/><G39/><T132/><N who="0" m="51219" /><T1/><DORA hai="41" /><D1/><U17/><E4/><V38/><F38/><W74/><G104/><T83/><D83/><U50/><E34/><V117/><F117/><W66/><G66/><T81/><D81/><U97/><E35/><V111/><F111/><W59/><G71/><T63/><D63/><U43/><E55/><V48/><F100/><W85/><G74/><T19/><D33/><U101/><E101/><V110/><F106/><W31/><G105/><T125/><D125/><U76/><E97/><V122/><F110/><W124/><G124/><T93/><D93/><N who="3" m="35945" /><G103/><T32/><D32/><U37/><E37/><V68/><F64/><W67/><G65/><T114/><D114/><U51/><E51/><V7/><F68/><W16/><AGARI ba="1,1" hai="14,16,23,30,31,59,60,67,77,82,85" m="35945" machi="16" ten="30,2000,0" yaku="8,1,54,1" doraHai="46,41" who="3" fromWho="3" sc="222,-6,238,-11,272,-6,258,33" /><INIT seed="2,0,0,0,5,118" ten="216,227,266,291" oya="2" hai0="97,130,47,29,128,133,18,83,9,0,46,65,78" hai1="55,113,26,2,22,89,41,50,85,24,88,129,60" hai2="70,15,17,68,95,104,31,58,101,135,87,126,11" hai3="106,33,73,82,107,28,32,62,94,112,34,20,84"/><V102/><F135/><W100/><G112/><T1/><D133/><U4/><E113/><V10/><F104/><W6/><G73/><T125/><D125/><U19/><E129/><N who="0" m="49769" /><D29/><U124/><E124/><V108/><F126/><W51/><G6/><T80/><D65/><U72/><E72/><V74/><F74/><W132/><G132/><T63/><D63/><U30/><E41/><V81/><F31/><W16/><G28/><T35/><D35/><U66/><E4/><V98/><F102/><W59/><G51/><T5/><D1/><U117/><E2/><V36/><F36/><W69/><G69/><T131/><N who="0" m="49777" /><T25/><DORA hai="49" /><D97/><U77/><E117/><V12/><F108/><W71/><G71/><T90/><D90/><U92/><E89/><V3/><F3/><W86/><G34/><T21/><D80/><U61/><E66/><V38/><F38/><W114/><G32/><T57/><D57/><N who="1" m="33015" /><E77/><V110/><F110/><W103/><G33/><T105/><D105/><U8/><E26/><V44/><F44/><W27/><G114/><T43/><D43/><U39/><E39/><V54/><F81/><W79/><G107/><T45/><D83/><U115/><E115/><V53/><F70/><W56/><G106/><T134/><D134/><U111/><E111/><V116/><F68/><W119/><G119/><T67/><D67/><U121/><E121/><V99/><F116/><W13/><G27/><T48/><D78/><U109/><E109/><V123/><F123/><W122/><G122/><T75/><D75/><U40/><E40/><V52/><F101/><RYUUKYOKU ba="0,0" sc="216,15,227,15,266,-15,291,-15" hai0="0,5,9,18,21,25,45,46,47,48" hai1="8,19,22,24,30,60,61,85,88,92" /><INIT seed="3,1,0,3,1,23" ten="231,242,251,276" oya="3" hai0="11,120,15,94,6,104,65,41,37,1,7,24,62" hai1="12,55,25,111,95,4,89,28,117,110,75,91,32" hai2="8,77,78,21,26,69,121,48,74,27,125,44,82" hai3="54,129,80,39,88,14,34,79,108,59,66,73,114"/><W127/><G114/><T106/><D120/><U45/><E75/><V43/><F69/><W50/><G39/><T51/><D37/><U93/><E117/><V128/><F121/><W87/><G34/><T81/><D81/><U17/><E4/><V107/><F107/><W57/><G129/><T40/><D7/><U86/><E55/><V60/><F128/><W116/><G116/><T115/><D1/><U103/><E45/><V53/><F125/><W96/><G127/><T0/><D0/><U9/><REACH who="1" step="1"/><E103/><REACH who="1" ten="231,232,251,276" step="2"/><V118/><F118/><W92/><G73/><T113/><D113/><U71/><E71/><V3/><F53/><W99/><G108/><T131/><D115/><U63/><E63/><V132/><F60/><W2/><G54/><T90/><D131/><U72/><E72/><V56/><F74/><W19/><G66/><T97/><D62/><U64/><E64/><V98/><F44/><W105/><G59/><T83/><D65/><U46/><E46/><V30/><F56/><W68/><G68/><T122/><D122/><U10/><E10/><V126/><F8/><N who="3" m="6599" /><G57/><T76/><D41/><U85/><AGARI ba="1,1" hai="9,12,17,25,28,32,85,86,89,91,93,95,110,111" machi="85" ten="30,7900,0" yaku="1,1,0,1,9,1,52,1,53,0" doraHai="23" doraHaiUra="49" who="1" fromWho="1" sc="231,-21,232,92,251,-21,276,-40" owari="210,-29.0,324,42.0,230,-17.0,236,4.0" /></mjloggm>