<mjloggm ver="2.3"><GO type="97" lobby="0"/><UN n0="%E6%96%B0%E7%A4%BE%E5%93%A1" n1="%E3%81%9A%E3%81%AB" n2="%E3%82%A6%E3%83%AB%E3%83%88%E3%83%A9%E7%AB%8B%E7%9B%B4" n3="%72%79%6F%6F" dan="14,14,15,14" rate="1952.02,1858.27,1974.89,1940.35" sx="F,M,M,M"/><TAIKYOKU oya="0"/><INIT seed="0,0,0,1,0,46" ten="250,250,250,250" oya="0" hai0="26,76,6,33,129,75,105,25,71,92,84,61,85" hai1="82,40,79,47,48,12,101,29,125,8,62,128,64" hai2="81,42,45,7,117,44,80,113,120,28,39,55,24" hai3="70,5,94,89,10,27,66,35,17,2,123,69,65"/><T11/><D85/><N who="1" m="48351" /><E125/><V106/><F120/><W103/><G123/><T116/><D116/><U74/><E128/><V36/><F113/><W131/><G103/><T49/><D25/><U126/><E74/><V87/><F106/><W97/><G131/><T96/><D75/><U90/><E126/><V91/><F7/><W57/><G66/><T134/><D129/><U54/><E101/><V68/><F68/><W102/><G35/><T60/><D60/><U53/><E29/><V110/><F110/><W122/><G122/><T118/><D118/><U119/><E90/><V121/><F121/><W38/><G38/><T67/><D134/><U15/><E15/><V124/><F124/><W19/><G19/><T4/><D76/><U18/><E119/><V22/><F117/><W43/><G43/><T93/><D84/><U20/><E20/><V14/><F14/><W34/><G34/><T58/><D93/><U86/><E86/><V23/><F80/><W78/><G78/><T63/><D63/><U77/><E77/><V30/><F22/><W72/><G72/><T9/><D92/><U99/><E99/><V115/><F115/><W13/><G27/><T127/><D127/><U41/><E41/><V56/><F30/><W132/><G132/><T112/><D112/><U51/><E51/><V32/><F32/><W31/><G31/><N who="0" m="19703" /><D6/><U83/><E83/><V16/><F28/><W100/><G102/><N who="0" m="62663" /><D4/><U130/><E130/><V52/><F56/><AGARI ba="0,0" hai="8,12,18,40,47,48,53,54,56,62,64" m="48351" machi="56" ten="30,2000,0" yaku="8,1,52,1" doraHai="46" who="1" fromWho="2" sc="250,0,250,20,250,-20,250,0" /><INIT seed="1,0,0,0,1,107" ten="250,270,230,250" oya="1" hai0="76,33,10,90,87,69,64,96,21,49,115,103,67" hai1="18,71,133,126,101,48,70,118,26,134,129,110,6" hai2="43,117,95,41,102,61,120,81,106,12,93,27,47" hai3="125,121,127,3,88,80,22,92,17,53,83,35,82"/><U97/><E118/><V51/><F117/><W98/><G121/><T2/><D115/><U91/><E129/><V66/><F120/><W46/><G35/><T74/><D67/><U75/><E75/><V57/><F106/><W131/><G3/><T104/><D21/><U24/><E126/><V114/><F114/><W7/><G7/><T116/><D116/><U100/><E6/><V25/><F43/><W44/><G131/><T15/><D15/><U16/><E48/><V99/><F93/><W89/><G89/><T63/><D49/><U135/><E91/><V123/><F123/><W31/><G31/><T77/><D77/><U14/><E110/><V130/><F130/><W20/><G20/><T38/><D90/><U54/><E54/><V59/><F12/><W0/><G0/><T124/><D87/><U62/><E62/><V36/><F36/><W68/><G68/><N who="1" m="26154" /><E18/><V65/><REACH who="2" step="1"/><F81/><REACH who="2" ten="250,270,220,250" step="2"/><W11/><G127/><T8/><D124/><U111/><E111/><V50/><F50/><W85/><G125/><T79/><D38/><U56/><E56/><V132/><F132/><W119/><G119/><T78/><D104/><N who="1" m="63503" /><E101/><V45/><F45/><W40/><G46/><T5/><D103/><U52/><E52/><V109/><F109/><W42/><G53/><T128/><D128/><U112/><E112/><V34/><F34/><W58/><G44/><T122/><D2/><U13/><E13/><V72/><F72/><W60/><G58/><T30/><D74/><U94/><E94/><V29/><F29/><W73/><G92/><T55/><D122/><U4/><E4/><RYUUKYOKU ba="0,1" sc="250,-15,270,15,220,15,250,-15" hai1="14,16,24,26,133,134,135" hai2="25,27,41,47,51,57,59,61,65,66,95,99,102" /><INIT seed="1,1,1,0,4,15" ten="235,285,235,235" oya="1" hai0="81,73,121,97,108,116,101,102,66,118,95,1,78" hai1="6,39,19,62,52,96,11,40,128,83,5,74,98" hai2="88,9,92,114,133,47,29,23,8,17,51,50,115" hai3="67,35,103,126,119,14,112,134,69,87,109,20,56"/><U71/><E39/><V111/><F29/><W76/><G112/><N who="2" m="43049" /><F133/><W34/><G69/><T53/><D1/><U117/><E117/><N who="0" m="45161" /><D53/><U28/><E40/><N who="2" m="24935" /><F51/><W64/><G119/><T113/><D66/><U44/><E128/><V77/><F77/><W13/><G134/><T10/><D10/><U129/><E28/><V91/><F111/><W36/><G36/><T89/><D113/><U120/><E129/><V24/><F91/><W2/><G2/><T82/><D108/><U55/><E120/><V25/><F25/><W49/><G109/><T86/><D121/><U105/><E105/><V32/><F32/><W18/><G13/><T57/><D57/><N who="1" m="35111" /><E74/><V22/><F22/><W135/><G135/><T42/><D42/><U12/><E71/><V31/><F31/><W65/><G34/><T79/><AGARI ba="1,1" hai="73,78,79,81,82,86,89,95,97,101,102" m="45161" machi="79" ten="30,2000,0" yaku="34,2" doraHai="15" who="0" fromWho="0" sc="235,33,285,-11,235,-6,235,-6" /><INIT seed="2,0,0,3,1,60" ten="268,274,229,229" oya="2" hai0="54,71,47,134,37,65,64,21,120,115,26,39,31" hai1="63,55,95,35,48,58,20,56,36,86,99,124,62" hai2="32,100,3,38,19,87,10,114,61,22,128,77,125" hai3="106,108,130,72,40,98,132,116,91,104,4,11,121"/><V94/><F32/><W113/><G121/><T50/><D120/><U127/><E35/><V76/><F114/><W129/><G116/><T74/><D74/><U118/><E118/><V49/><F38/><W18/><G72/><T45/><D115/><U2/><E2/><V57/><F125/><N who="1" m="48201" /><E36/><N who="0" m="13897" /><D21/><U69/><E86/><V6/><F128/><N who="3" m="49259" /><G113/><T83/><D83/><U53/><E20/><V89/><F100/><W97/><G18/><T59/><D26/><U27/><E27/><V17/><F17/><W33/><G33/><T122/><D31/><U8/><E8/><V52/><REACH who="2" step="1"/><F61/><REACH who="2" ten="268,274,219,229" step="2"/><W23/><G132/><T25/><D134/><U105/><E63/><V101/><F101/><W92/><G108/><T15/><D122/><U14/><E69/><V34/><F34/><W51/><G106/><T135/><D135/><U81/><E105/><V29/><F29/><W112/><G112/><T9/><D9/><U111/><E62/><V117/><F117/><W75/><G104/><T16/><D16/><U13/><E111/><V110/><F110/><W73/><G4/><T96/><D25/><AGARI ba="0,1" hai="3,6,10,19,22,25,49,52,57,76,77,87,89,94" machi="25" ten="30,5800,0" yaku="1,1,7,1,54,1,53,0" doraHai="60" doraHaiUra="30" who="2" fromWho="0" sc="268,-58,274,0,219,68,229,0" /><INIT seed="2,1,0,5,0,77" ten="210,274,287,229" oya="2" hai0="56,90,48,109,35,127,34,87,8,36,10,97,45" hai1="78,117,83,64,29,120,111,96,91,43,53,3,44" hai2="89,82,93,74,105,98,63,24,58,114,62,69,54" hai3="128,18,15,6,72,31,46,129,39,104,119,49,27"/><V7/><F105/><W123/><G119/><T40/><D109/><U20/><E3/><V99/><F114/><W116/><G116/><T73/><D73/><U130/><E117/><V108/><F108/><W133/><G123/><T125/><D97/><U81/><E120/><V60/><F69/><W11/><G104/><T25/><D56/><U68/><E111/><V47/><F7/><W92/><G39/><T59/><D59/><U66/><E68/><V50/><F99/><W71/><G71/><T67/><D67/><N who="1" m="25643" /><E78/><V75/><F75/><W30/><G72/><T107/><D107/><U12/><E43/><V95/><F74/><W65/><G65/><T100/><D100/><U26/><E12/><V106/><F106/><W112/><G112/><T57/><D36/><U126/><E130/><N who="3" m="50282" /><G133/><T118/><D118/><U23/><E23/><V37/><F37/><W88/><G27/><T4/><D57/><U21/><E21/><V70/><F70/><W41/><G6/><T13/><D25/><U76/><E126/><N who="0" m="48137" /><D10/><U101/><E76/><V115/><F115/><W85/><AGARI ba="1,0" hai="11,15,18,30,31,41,46,49,85,88,92" m="50282" machi="85" ten="30,2000,0" yaku="19,1,54,1" doraHai="77" who="3" fromWho="3" sc="210,-6,274,-6,287,-11,229,23" /><INIT seed="3,0,0,4,2,40" ten="204,268,276,252" oya="3" hai0="69,85,48,2,91,72,73,125,55,126,98,52,87" hai1="9,4,56,35,74,86,109,32,26,131,39,15,95" hai2="119,81,59,49,130,83,100,117,53,13,50,121,3" hai3="127,38,107,23,16,37,79,10,24,0,18,132,77"/><W96/><G127/><N who="0" m="48651" /><D2/><U34/><E39/><V67/><F3/><W5/><G132/><T42/><D69/><U25/><E74/><N who="0" m="28777" /><D98/><U120/><E120/><V134/><F67/><W71/><G71/><T63/><D63/><U80/><E109/><V112/><F121/><W110/><G110/><T99/><D99/><U44/><E131/><V62/><F130/><W66/><G66/><T14/><D14/><U92/><E56/><V17/><F134/><W19/><G37/><T123/><D123/><U78/><E26/><V106/><F62/><W20/><G38/><T54/><D91/><U29/><REACH who="1" step="1"/><E44/><AGARI ba="0,0" hai="42,44,48,52,54,55,85,87" m="28777,48651" machi="44" ten="40,5200,0" yaku="18,1,52,1,54,1" doraHai="40" who="0" fromWho="1" sc="204,52,268,-52,276,0,252,0" /><INIT seed="4,0,0,1,1,38" ten="256,216,276,252" oya="0" hai0="0,83,106,76,113,23,81,104,126,128,119,55,42" hai1="6,111,41,32,98,116,84,121,10,63,61,125,99" hai2="82,114,11,18,96,5,78,115,2,85,67,53,37" hai3="31,118,135,49,102,75,108,90,4,95,8,87,35"/><T16/><D0/><U109/><E32/><V21/><F67/><W133/><G118/><T71/><D119/><U110/><E116/><V105/><F37/><W117/><G117/><T68/><D113/><N who="2" m="43018" /><F53/><W19/><G75/><T12/><D126/><U36/><E121/><V70/><F70/><W56/><G108/><T52/><D128/><U29/><E125/><V123/><F123/><W40/><G102/><T100/><D100/><U112/><E112/><V72/><F96/><W51/><G19/><T88/><D76/><U103/><E29/><V60/><F60/><W73/><G73/><T14/><D23/><U50/><E84/><V46/><F46/><W57/><G31/><T122/><D122/><U79/><E79/><V101/><F101/><W97/><G35/><T120/><D120/><U27/><E27/><N who="2" m="14775" /><F85/><W132/><G97/><T34/><D34/><U26/><E98/><V3/><F3/><N who="3" m="31" /><G40/><T129/><D129/><U107/><E26/><V77/><F77/><W44/><G44/><T20/><D42/><U54/><E41/><V93/><F93/><W45/><G45/><T80/><D88/><U7/><E36/><V89/><F89/><W43/><G43/><T1/><D1/><U64/><E64/><V92/><F92/><W74/><G74/><T91/><D91/><U59/><REACH who="1" step="1"/><E7/><REACH who="1" ten="256,206,276,252" step="2"/><V39/><F39/><W25/><G25/><T124/><D124/><U24/><E24/><V130/><F130/><W127/><G127/><T134/><D106/><AGARI ba="0,1" hai="2,5,11,72,78,82,105,106" m="14775,43018" machi="106" ten="30,1000,0" yaku="15,1" doraHai="38" who="2" fromWho="0" sc="256,-10,206,0,276,20,252,0" /><INIT seed="5,0,0,1,4,55" ten="246,206,296,252" oya="1" hai0="41,134,46,103,130,22,118,79,36,66,98,102,94" hai1="65,105,96,89,31,4,67,47,121,82,131,125,124" hai2="129,48,83,26,35,109,62,64,13,20,112,87,38" hai3="56,27,104,16,72,25,75,6,8,49,95,99,116"/><U113/><E121/><V132/><F38/><W91/><G116/><T23/><D118/><U77/><E113/><V126/><F109/><W127/><G104/><T117/><D117/><U61/><E131/><V135/><F129/><W70/><G70/><T2/><D130/><U52/><E31/><V73/><F73/><W29/><G127/><N who="1" m="48714" /><E4/><V110/><F110/><W43/><G27/><T76/><D2/><U81/><E81/><V92/><F13/><W40/><G43/><T19/><D134/><U37/><E37/><V45/><F35/><W74/><G29/><T59/><D22/><U120/><E120/><V122/><F112/><W107/><G107/><T28/><D103/><N who="1" m="62695" /><E89/><V100/><F122/><W53/><G40/><T101/><D101/><U123/><E123/><V60/><F126/><W51/><G49/><T133/><D133/><U90/><E90/><N who="2" m="51583" /><F135/><W24/><REACH who="3" step="1"/><G16/><REACH who="3" ten="246,206,296,242" step="2"/><T1/><D19/><U44/><E44/><V84/><F132/><W108/><G108/><T32/><D32/><U7/><E7/><V11/><F45/><W115/><G115/><T93/><D46/><U0/><E0/><AGARI ba="0,1" hai="0,6,8,24,25,51,53,56,72,74,75,91,95,99" machi="0" ten="40,2600,0" yaku="1,1,52,1,53,0" doraHai="55" doraHaiUra="18" who="3" fromWho="1" sc="246,0,206,-26,296,0,242,36" /><INIT seed="6,0,0,4,3,18" ten="246,180,296,278" oya="2" hai0="31,17,131,50,57,56,54,108,5,98,87,82,25" hai1="14,100,73,88,21,120,30,60,32,104,114,92,117" hai2="9,62,107,102,33,43,97,83,0,20,3,86,28" hai3="29,1,101,59,116,10,127,103,69,84,19,63,38"/><V4/><F3/><W58/><G116/><T94/><D108/><U51/><E117/><V122/><F122/><W85/><G38/><T34/><D5/><U37/><E37/><V45/><F33/><W36/><G36/><T48/><D131/><U2/><E2/><V40/><F62/><W15/><G29/><T71/><D71/><U64/><E73/><V126/><F126/><W61/><G69/><T135/><D135/><U123/><E114/><V74/><F74/><W115/><G1/><T134/><D134/><U22/><E51/><V95/><F107/><W91/><G127/><T72/><D72/><U125/><E14/><N who="2" m="5415" /><F45/><W23/><G10/><T7/><D7/><U42/><E42/><V26/><F0/><W35/><G35/><T24/><D24/><N who="1" m="18503" /><E125/><V53/><F53/><N who="3" m="33999" /><G115/><T129/><D129/><U128/><E128/><V77/><AGARI ba="0,0" hai="20,26,28,40,43,77,83,86,95,97,102" m="5415" machi="77" ten="30,3000,0" yaku="8,1,52,1" doraHai="18" who="2" fromWho="2" sc="246,-10,180,-10,296,30,278,-10" owari="236,-16.0,170,-33.0,326,42.0,268,7.0" /></mjloggm>