<mjloggm ver="2.3"><GO type="97" lobby="0"/><UN n0="%E4%B8%8A%E9%87%8D%E6%BC%AB" n1="%E3%82%A6%E3%83%AB%E3%83%88%E3%83%A9%E7%AB%8B%E7%9B%B4" n2="%E3%81%B5%E3%82%82%E3%81%B5%E3%82%82%CE%B2" n3="%E3%82%89%E3%82%80%E3%81%A0%E6%9D%91" dan="15,15,15,13" rate="2004.21,1994.43,1961.53,1836.85" sx="F,M,M,M"/><TAIKYOKU oya="0"/><INIT seed="0,0,0,5,3,34" ten="250,250,250,250" oya="0" hai0="128,58,103,25,132,22,127,100,97,12,57,19,2" hai1="106,33,108,48,29,78,95,125,5,56,55,70,89" hai2="92,61,45,59,68,109,27,32,98,113,31,120,53" hai3="4,37,21,13,47,130,122,0,117,46,65,129,94"/><T115/><D115/><U76/><E106/><V82/><F113/><W75/><G117/><T118/><D118/><U14/><E70/><V91/><F109/><W52/><G122/><T26/><D132/><U114/><E108/><V79/><F120/><W83/><G65/><T111/><D111/><U84/><E33/><V63/><F45/><W40/><G94/><T88/><D128/><U20/><E114/><V90/><F68/><W123/><G123/><T116/><D116/><U133/><E133/><V104/><F104/><W50/><G13/><T96/><D127/><U6/><E125/><V43/><F43/><W107/><G21/><T51/><D2/><U15/><E29/><V9/><F9/><N who="3" m="2183" /><G107/><T35/><D35/><U30/><E30/><V39/><F39/><W85/><G85/><T10/><D25/><U119/><E119/><V36/><F36/><W38/><G38/><T54/><D57/><U77/><E15/><V67/><F67/><W3/><G3/><T81/><D97/><U87/><E87/><V71/><F71/><W105/><G105/><T24/><D24/><U86/><E86/><V64/><F64/><W11/><G11/><T28/><D81/><U134/><E134/><V99/><F99/><W17/><G17/><AGARI ba="0,0" hai="5,6,14,17,20,48,55,56,76,77,78,84,89,95" machi="17" ten="40,5200,0" yaku="25,2,8,1" doraHai="34" who="1" fromWho="3" sc="250,0,250,52,250,0,250,-52" /><INIT seed="1,0,0,2,3,110" ten="250,302,250,198" oya="1" hai0="27,8,100,67,52,24,127,18,73,19,75,102,23" hai1="6,21,70,26,55,34,68,65,126,4,91,15,79" hai2="93,134,61,5,49,62,2,123,83,11,32,124,54" hai3="89,56,14,57,3,53,1,86,45,42,84,130,60"/><U48/><E34/><V69/><F123/><W115/><G130/><T82/><D127/><U133/><E126/><V39/><F124/><W30/><G30/><T108/><D108/><U103/><E103/><V29/><F39/><W97/><G3/><T38/><D38/><U28/><E79/><V106/><F134/><W78/><G1/><T122/><D122/><U76/><E76/><V31/><F106/><W44/><G57/><T71/><D71/><U111/><E111/><V92/><F83/><W63/><G63/><T119/><D67/><U47/><E133/><V50/><F50/><W33/><G33/><T16/><D119/><U17/><E70/><V20/><F32/><W117/><G117/><T129/><D129/><U112/><E112/><V98/><F93/><W81/><G14/><N who="0" m="7239" /><D82/><U131/><E65/><V40/><F40/><W96/><G115/><T66/><D66/><U116/><E68/><V90/><F69/><W0/><G0/><T101/><D75/><U94/><E131/><V77/><F77/><W51/><REACH who="3" step="1"/><G45/><REACH who="3" ten="250,302,250,188" step="2"/><T7/><D73/><U58/><E47/><V9/><F31/><W59/><G59/><T95/><D27/><U118/><E118/><V25/><F2/><W135/><G135/><T107/><D24/><U74/><E116/><V46/><F5/><W12/><G12/><T113/><D7/><U64/><E6/><V37/><F37/><W128/><G128/><T35/><D35/><U88/><E4/><V99/><F61/><W109/><G109/><T104/><D113/><U41/><E28/><V87/><F62/><W120/><G120/><RYUUKYOKU ba="0,1" sc="250,-15,302,-15,250,15,188,15" hai2="9,11,20,25,29,46,49,54,87,90,92,98,99" hai3="42,44,51,53,56,60,78,81,84,86,89,96,97" /><INIT seed="2,1,1,2,2,68" ten="235,287,265,203" oya="2" hai0="109,73,41,6,101,45,61,37,129,17,124,121,44" hai1="38,53,85,23,3,35,5,14,116,134,88,79,42" hai2="89,15,4,75,47,26,91,64,111,127,60,78,120" hai3="80,20,29,90,12,99,98,76,106,77,10,7,55"/><V72/><F120/><W66/><G77/><T33/><D121/><U135/><E35/><V92/><F127/><W102/><G66/><T103/><D124/><U104/><E79/><V58/><F111/><W16/><G55/><T114/><D109/><U46/><E104/><V70/><F78/><W54/><G54/><T108/><D73/><U87/><E3/><V25/><F91/><W130/><G130/><T132/><D108/><U96/><E53/><V30/><F47/><W82/><G29/><T22/><D33/><U107/><E116/><V115/><F115/><W74/><G82/><T1/><D114/><U67/><E67/><V32/><F26/><W100/><G90/><T36/><D132/><N who="1" m="50731" /><E107/><V24/><F24/><W11/><REACH who="3" step="1"/><G7/><REACH who="3" ten="235,287,265,193" step="2"/><T83/><D129/><U34/><E5/><V51/><F4/><W94/><AGARI ba="1,2" hai="10,11,12,16,20,74,76,80,94,98,99,100,102,106" machi="94" ten="20,8000,1" yaku="1,1,2,1,0,1,7,1,54,1,53,0" doraHai="68" doraHaiUra="40" who="3" fromWho="3" sc="235,-21,287,-21,265,-41,193,103" /><INIT seed="3,0,0,2,1,111" ten="214,266,224,296" oya="3" hai0="22,43,0,61,80,26,115,97,118,2,69,24,103" hai1="1,83,37,31,9,75,84,87,55,12,113,133,132" hai2="15,72,124,13,4,96,105,117,10,78,40,48,102" hai3="135,41,7,39,5,18,71,93,119,70,20,62,130"/><W109/><G119/><T67/><D118/><U107/><E107/><V68/><F117/><W21/><G93/><T66/><D66/><U106/><E106/><V134/><F68/><N who="3" m="26155" /><G62/><T16/><D43/><U59/><E37/><V116/><F116/><W23/><G18/><T110/><D110/><U131/><E31/><V127/><F134/><W82/><G109/><T36/><D36/><U99/><E75/><V35/><F35/><W42/><G135/><N who="1" m="51786" /><E1/><V85/><F15/><W58/><G58/><T74/><D115/><U108/><E99/><V126/><F72/><W123/><G82/><T38/><D38/><U8/><E108/><V128/><F128/><W11/><G11/><T46/><D46/><U53/><E9/><V60/><F60/><W76/><G76/><T92/><REACH who="0" step="1"/><D24/><REACH who="0" ten="204,266,224,296" step="2"/><U52/><E131/><V90/><F127/><W91/><G130/><T47/><D47/><U29/><E59/><V125/><F125/><W34/><G39/><T51/><D51/><U45/><E45/><N who="2" m="25639" /><F90/><W98/><G42/><T50/><D50/><U89/><E55/><V77/><F77/><AGARI ba="0,1" hai="0,2,16,22,26,61,67,69,74,77,80,92,97,103" machi="77" ten="40,5200,0" yaku="1,1,54,1,53,1" doraHai="111" doraHaiUra="73" who="0" fromWho="2" sc="204,62,266,0,224,-52,296,0" /><INIT seed="4,0,0,0,1,112" ten="266,266,172,296" oya="0" hai0="42,12,19,113,49,76,31,48,79,90,50,85,7" hai1="82,28,117,67,0,127,30,57,130,13,33,3,46" hai2="22,54,10,26,124,64,71,122,5,15,81,35,58" hai3="39,134,20,114,132,73,89,68,14,61,108,129,84"/><T109/><D113/><U60/><E33/><V131/><F122/><W115/><G73/><T106/><D106/><U100/><E3/><V51/><F131/><W1/><G1/><T37/><D109/><U55/><E0/><V83/><F124/><W27/><G39/><T34/><D7/><U9/><E127/><V135/><F135/><W74/><G74/><T111/><D111/><U105/><E117/><V8/><F35/><W75/><G75/><T23/><D34/><U88/><E100/><V59/><F71/><W36/><G36/><T95/><D31/><U128/><E105/><V87/><F10/><W110/><G68/><T98/><D37/><U120/><E120/><V121/><F121/><W52/><G115/><T41/><REACH who="0" step="1"/><D98/><REACH who="0" ten="256,266,172,296" step="2"/><U11/><E128/><V6/><F6/><W47/><G129/><T123/><D123/><U43/><E30/><N who="2" m="17751" /><F87/><W116/><G134/><T118/><D118/><U17/><E28/><V78/><F78/><AGARI ba="0,1" hai="12,19,23,41,42,48,49,50,76,78,79,85,90,95" machi="78" ten="40,3900,0" yaku="1,1,8,1,53,0" doraHai="112" doraHaiUra="96" who="0" fromWho="2" sc="256,49,266,0,172,-39,296,0" owari="305,40.0,266,-13.0,133,-37.0,296,10.0" /></mjloggm>