<mjloggm ver="2.3"><GO type="97" lobby="0"/><UN n0="%E4%BF%BA%E3%82%82%E3%81%86%E3%83%80%E3%83%A1%E3%81%A0" n1="%64%61%6D%61%74%65%6E" n2="%E3%82%A6%E3%83%AB%E3%83%88%E3%83%A9%E7%AB%8B%E7%9B%B4" n3="%73%68%69%72%75%30%34%33" dan="15,13,15,14" rate="1989.56,1804.74,2007.38,1904.92" sx="M,M,M,M"/><TAIKYOKU oya="0"/><INIT seed="0,0,0,2,0,79" ten="250,250,250,250" oya="0" hai0="90,75,32,110,44,4,108,49,124,51,56,99,119" hai1="102,117,25,85,74,126,35,68,86,83,59,69,20" hai2="58,84,62,105,134,133,50,73,114,89,135,106,121" hai3="61,52,34,11,42,91,9,66,100,82,88,47,128"/><T21/><D119/><U7/><E117/><V40/><F73/><W122/><G34/><T95/><D32/><U103/><E126/><V6/><F6/><W101/><G122/><T111/><D124/><U94/><E7/><V31/><F31/><W41/><G128/><T67/><D4/><U33/><E59/><V37/><F37/><W64/><G47/><T129/><D129/><U30/><E74/><V81/><F121/><W104/><G61/><T127/><D127/><U18/><E86/><V53/><F114/><W107/><REACH who="3" step="1"/><G52/><REACH who="3" ten="250,250,250,240" step="2"/><N who="0" m="31759" /><D67/><U46/><E46/><AGARI ba="0,1" hai="40,46,50,53,58,62,81,84,89,105,106,133,134,135" machi="46" ten="40,2600,0" yaku="20,1,52,1" doraHai="79" who="2" fromWho="1" sc="250,0,250,-26,250,36,240,0" /><INIT seed="1,0,0,0,1,37" ten="250,224,286,240" oya="1" hai0="59,44,115,30,48,112,121,45,128,105,116,25,96" hai1="56,26,42,60,100,7,51,125,8,49,113,28,53" hai2="75,97,76,34,35,92,95,71,43,50,99,94,86" hai3="104,3,117,13,67,22,101,2,55,63,41,10,134"/><U46/><E113/><V17/><F71/><W6/><G117/><T102/><D116/><U24/><E125/><V124/><F75/><W123/><G123/><T130/><D121/><U77/><E77/><V36/><F36/><W69/><G134/><T62/><D112/><U81/><E81/><N who="2" m="47399" /><F34/><W80/><G80/><T18/><D18/><U54/><E100/><V33/><F35/><W58/><G101/><T1/><D1/><U114/><E114/><V78/><F33/><W98/><G104/><T70/><D115/><U74/><E74/><V31/><F31/><W119/><G98/><T19/><D19/><U29/><E26/><V79/><F79/><W84/><G84/><T126/><D70/><U14/><REACH who="1" step="1"/><E24/><REACH who="1" ten="250,214,286,240" step="2"/><V135/><F78/><W93/><G119/><T118/><D126/><U15/><E15/><V5/><F124/><W91/><G13/><T12/><D12/><U11/><E11/><V82/><F135/><W103/><G103/><T122/><D118/><U21/><E21/><V106/><F82/><W32/><G22/><T111/><D122/><U108/><E108/><V127/><F127/><W133/><G32/><T0/><D111/><U110/><E110/><V65/><F106/><W64/><G133/><T9/><D9/><U107/><E107/><V88/><F95/><W129/><G2/><T83/><D83/><U40/><E40/><V90/><F94/><W87/><G41/><T38/><D0/><U85/><E85/><V89/><F92/><W109/><G109/><T66/><D25/><U4/><E4/><V47/><F5/><W132/><G132/><RYUUKYOKU ba="0,1" sc="250,-10,214,30,286,-10,240,-10" hai1="7,8,14,28,29,42,46,49,51,53,54,56,60" /><INIT seed="1,1,1,1,5,87" ten="240,244,276,230" oya="1" hai0="44,75,97,21,59,77,56,16,69,116,100,15,66" hai1="122,24,48,89,29,90,109,115,68,65,41,108,52" hai2="73,11,99,47,131,58,20,94,91,74,34,105,49" hai3="36,2,60,27,51,85,1,132,10,107,45,129,8"/><U7/><E122/><V110/><F34/><W17/><G107/><T50/><D116/><U67/><E115/><V127/><F105/><W82/><G36/><T120/><D120/><U28/><E7/><V103/><F127/><W18/><G132/><T62/><D77/><U26/><E41/><V64/><F131/><W61/><G129/><T133/><D75/><U117/><E117/><V57/><F110/><N who="1" m="42601" /><E68/><V106/><F58/><W80/><G82/><T84/><D133/><U83/><E83/><V78/><F78/><W55/><G1/><T95/><REACH who="0" step="1"/><D84/><REACH who="0" ten="230,244,276,230" step="2"/><U96/><E96/><V114/><F74/><W111/><G111/><T23/><D23/><N who="1" m="15391" /><E67/><V0/><F64/><W9/><G2/><T76/><D76/><U134/><E65/><V119/><F0/><W6/><G6/><T38/><D38/><U130/><E134/><V4/><F73/><W46/><G8/><T53/><AGARI ba="1,2" hai="15,16,21,44,50,53,56,59,62,66,69,95,97,100" machi="53" ten="20,8000,1" yaku="1,1,0,1,7,1,54,1,53,1" doraHai="87" doraHaiUra="40" who="0" fromWho="0" sc="230,103,244,-41,276,-21,230,-21" /><INIT seed="2,0,0,0,2,89" ten="333,203,255,209" oya="2" hai0="30,66,7,97,69,48,64,77,4,50,26,32,59" hai1="1,86,87,113,55,123,56,119,85,11,21,10,83" hai2="12,125,46,34,96,129,44,43,130,93,23,76,79" hai3="108,107,117,67,14,28,17,111,27,25,73,88,135"/><V68/><F34/><W99/><G73/><T118/><D77/><U39/><E119/><V9/><F23/><W101/><G117/><T100/><D118/><U60/><E113/><V18/><F68/><W92/><G67/><T8/><D66/><U5/><E39/><V106/><F106/><W78/><G135/><T81/><D81/><U54/><E123/><V61/><F61/><W16/><G78/><T94/><D69/><U121/><E121/><V104/><F104/><W95/><G107/><T103/><D4/><U84/><E21/><V15/><F15/><W126/><G126/><T131/><D131/><N who="2" m="50186" /><F46/><W53/><G53/><T58/><D64/><U37/><E37/><N who="2" m="21615" /><F125/><W24/><G28/><T42/><D42/><U22/><E22/><V71/><F71/><W45/><G45/><T19/><D19/><U90/><E11/><V127/><F127/><W122/><G122/><T112/><D112/><U62/><E62/><V115/><F115/><W105/><G105/><T82/><D58/><U70/><E70/><V134/><F134/><W132/><G132/><T98/><D59/><U116/><E116/><V133/><F133/><W13/><G14/><T120/><D120/><U75/><E75/><V29/><F29/><W124/><G124/><T91/><D7/><U2/><E54/><V128/><N who="2" m="50194" /><V80/><DORA hai="65" /><F80/><W31/><G31/><T110/><D8/><U57/><REACH who="1" step="1"/><E57/><REACH who="1" ten="333,193,255,209" step="2"/><V102/><AGARI ba="0,1" hai="9,12,18,76,79,93,96,102" m="21615,50194" machi="102" ten="40,3900,0" yaku="19,1,52,1" doraHai="89,65" who="2" fromWho="2" sc="333,-13,193,-13,255,49,209,-13" /><INIT seed="2,1,0,4,0,128" ten="320,180,304,196" oya="2" hai0="25,93,72,96,102,21,65,133,53,17,28,110,46" hai1="41,30,67,27,50,36,26,94,126,121,99,134,43" hai2="2,32,62,75,4,20,13,95,19,118,74,59,105" hai3="100,56,16,68,111,117,103,132,124,35,54,86,78"/><V51/><F105/><W71/><G35/><T69/><D110/><U85/><E36/><V107/><F107/><W109/><G117/><T119/><D72/><U122/><E67/><V87/><F32/><W116/><G116/><T104/><D119/><U66/><E66/><V101/><F118/><W3/><G3/><T9/><D104/><U70/><E70/><N who="3" m="26666" /><G124/><T24/><D65/><U44/><E85/><V135/><F62/><W79/><G16/><T39/><D69/><U34/><E126/><V88/><F101/><N who="3" m="38987" /><G132/><T0/><D133/><U125/><E125/><V113/><F113/><W63/><G86/><T42/><D53/><U38/><E27/><V84/><F84/><W114/><G114/><T22/><D0/><U49/><E134/><V45/><F135/><W12/><G12/><T129/><D9/><U5/><E5/><V115/><F115/><W7/><G7/><T47/><D47/><U18/><E18/><V29/><F29/><W58/><G58/><T57/><D57/><U55/><E38/><V89/><F89/><W52/><G54/><T77/><D77/><U108/><E108/><V11/><F45/><W76/><G111/><T73/><D73/><U14/><E14/><V23/><F23/><W61/><G109/><T37/><D129/><U6/><E6/><V130/><F130/><W33/><G33/><T8/><D8/><U90/><REACH who="1" step="1"/><E50/><AGARI ba="1,0" hai="17,21,22,24,25,28,37,39,42,46,50,93,96,102" machi="50" ten="30,1000,0" yaku="7,1" doraHai="128" who="0" fromWho="1" sc="320,13,180,-13,304,0,196,0" /><INIT seed="3,0,0,1,3,67" ten="333,167,304,196" oya="3" hai0="19,94,88,4,90,0,87,57,121,1,50,63,112" hai1="86,41,120,61,118,129,21,53,12,125,46,43,49" hai2="5,126,65,29,54,127,98,73,34,25,79,83,133" hai3="70,81,76,101,80,68,56,35,18,93,108,119,27"/><W20/><G119/><T103/><D121/><U104/><E120/><V58/><F5/><W39/><G39/><T15/><D112/><U28/><E118/><V40/><F40/><W130/><G130/><T106/><D4/><U69/><E104/><V85/><F98/><W102/><G108/><T64/><D90/><U8/><E129/><V111/><F111/><W11/><G80/><T42/><D106/><U30/><E125/><N who="2" m="47627" /><F65/><W113/><G113/><T9/><D103/><U26/><E86/><V60/><F133/><W59/><G35/><T74/><D74/><AGARI ba="0,0" hai="25,29,34,54,58,60,73,74,79,83,85" m="47627" machi="74" ten="30,1000,0" yaku="18,1" doraHai="67" who="2" fromWho="0" sc="333,-10,167,0,304,10,196,0" owari="323,42.0,167,-33.0,314,11.0,196,-20.0" /></mjloggm>