<mjloggm ver="2.3"><GO type="97" lobby="0"/><UN n0="%4D%41%4E%41%42%55" n1="%E3%82%A6%E3%83%AB%E3%83%88%E3%83%A9%E7%AB%8B%E7%9B%B4" n2="%E7%84%A1%E5%8F%8C%E3%81%AE%EF%BC%96%E6%89%93%E3%81%A1%E3%81%A6%E3%81%88" n3="%48%4F%55%53%45%49" dan="13,15,14,14" rate="1962.27,1995.16,1971.38,1843.27" sx="M,M,M,M"/><TAIKYOKU oya="0"/><INIT seed="0,0,0,4,1,133" ten="250,250,250,250" oya="0" hai0="64,23,91,88,30,109,90,32,44,49,119,42,28" hai1="1,82,61,100,68,124,45,98,14,21,19,46,92" hai2="73,114,12,62,95,126,48,56,16,75,135,93,40" hai3="9,85,117,71,129,77,22,103,108,99,122,69,13"/><T60/><D119/><U17/><E1/><V31/><F114/><W102/><G117/><T47/><D109/><U76/><E68/><V54/><F135/><W83/><G108/><T26/><D47/><U94/><E61/><V35/><F126/><W127/><G129/><T125/><D125/><U27/><E124/><V43/><F75/><W86/><G86/><T10/><D10/><U112/><E112/><V4/><F4/><W65/><G122/><T96/><D32/><U70/><E70/><V97/><F73/><W18/><G65/><T33/><D33/><U0/><E0/><V11/><F62/><W24/><G127/><T80/><D30/><U121/><E121/><V15/><F15/><W7/><REACH who="3" step="1"/><G103/><REACH who="3" ten="250,250,250,240" step="2"/><T8/><D8/><U130/><E100/><V58/><F58/><W38/><G38/><T6/><D6/><U20/><E130/><V84/><F84/><W78/><G78/><T72/><D72/><U37/><E37/><V107/><F107/><AGARI ba="0,1" hai="7,9,13,18,22,24,69,71,77,83,85,99,102,107" machi="107" ten="30,2000,0" yaku="1,1,7,1,53,0" doraHai="133" doraHaiUra="131" who="3" fromWho="2" sc="250,0,250,0,250,-20,240,30" /><INIT seed="1,0,0,5,5,91" ten="250,250,230,270" oya="1" hai0="51,102,128,122,105,107,97,28,94,26,82,11,25" hai1="20,3,132,83,130,65,89,125,129,103,38,9,58" hai2="76,54,117,18,90,43,104,34,119,84,75,111,79" hai3="116,115,21,44,52,66,131,2,15,24,56,98,87"/><U74/><E38/><V113/><F34/><W40/><G115/><T124/><D122/><U135/><E103/><V0/><F0/><W10/><G2/><T78/><D128/><N who="1" m="49259" /><E20/><V81/><F113/><W6/><G131/><T17/><D124/><U47/><E47/><V114/><F114/><W126/><G126/><T49/><D105/><U118/><E118/><V60/><F104/><W41/><G116/><T59/><D107/><U85/><E74/><V109/><F43/><W110/><G110/><N who="2" m="41993" /><F18/><W121/><G121/><T23/><D59/><U12/><E3/><V35/><F35/><W27/><G66/><T42/><D42/><U57/><E125/><V36/><F36/><W45/><G27/><T29/><D11/><U4/><E65/><V77/><F75/><W64/><G64/><T53/><D53/><U22/><E22/><V13/><F13/><W72/><G72/><T93/><D93/><U133/><AGARI ba="0,0" hai="4,9,12,57,58,83,85,89,132,133,135" m="49259" machi="133" ten="40,3900,0" yaku="20,1,19,1" doraHai="91" who="1" fromWho="1" sc="250,-13,250,39,230,-13,270,-13" /><INIT seed="1,1,0,0,1,34" ten="237,289,217,257" oya="1" hai0="25,15,100,86,70,80,74,113,77,84,119,48,95" hai1="134,106,36,93,103,98,18,63,65,90,94,112,17" hai2="133,85,27,110,46,83,1,57,43,87,101,72,82" hai3="78,129,92,35,16,7,61,5,96,11,20,0,19"/><U24/><E36/><V125/><F72/><W130/><G78/><T9/><D70/><U126/><E112/><V75/><F75/><W79/><G79/><T127/><D113/><U99/><E126/><V68/><F68/><W45/><G45/><T21/><D127/><U49/><E134/><V131/><F125/><W10/><G61/><T37/><D37/><U88/><E49/><V69/><F69/><W71/><G71/><T60/><D119/><U62/><E24/><V31/><F133/><W54/><G54/><T3/><D60/><U123/><E123/><V116/><F116/><W73/><G73/><T6/><D15/><U107/><E103/><V29/><F101/><W58/><G58/><T8/><D8/><U51/><E51/><V81/><F110/><W22/><G92/><T128/><D128/><N who="3" m="49257" /><G96/><T64/><D64/><AGARI ba="1,0" hai="17,18,62,63,64,65,88,90,93,94,98,99,106,107" machi="64" ten="25,4800,0" yaku="22,2,54,1" doraHai="34" who="1" fromWho="0" sc="237,-51,289,51,217,0,257,0" /><INIT seed="1,2,0,3,3,108" ten="186,340,217,257" oya="1" hai0="55,129,59,92,39,94,131,104,0,17,114,84,103" hai1="109,86,54,34,72,78,79,51,111,95,76,82,25" hai2="44,12,119,43,38,132,117,69,58,53,102,88,96" hai3="115,87,90,89,123,24,49,35,6,27,107,29,77"/><U101/><E25/><V135/><F69/><W68/><G68/><T40/><D0/><U23/><E23/><V80/><F12/><W45/><G123/><T62/><D104/><U112/><E34/><V130/><F130/><N who="0" m="49674" /><D39/><U28/><E28/><V15/><F15/><W32/><G107/><T122/><D40/><U106/><E51/><V81/><F102/><W2/><G2/><T13/><D122/><U46/><E54/><V134/><F96/><W121/><G121/><T126/><D126/><U65/><E46/><V71/><F71/><W31/><G6/><T48/><D103/><U52/><E52/><V127/><F127/><W124/><G124/><T8/><D62/><U50/><E50/><N who="2" m="31031" /><F88/><W1/><G1/><T33/><D33/><U128/><E65/><V4/><F4/><W105/><G105/><T11/><D11/><U91/><E128/><V41/><F41/><W61/><G61/><T37/><D37/><U18/><E109/><V120/><F120/><W22/><G22/><T110/><D110/><U57/><E111/><V98/><F98/><W64/><G64/><T42/><D42/><U75/><E106/><V125/><F125/><W73/><G73/><T14/><D14/><U83/><E75/><V100/><F100/><W93/><G77/><T3/><D3/><U9/><E72/><V113/><F43/><N who="3" m="24767" /><G90/><N who="0" m="53319" /><D94/><U47/><E101/><V70/><F70/><W116/><G116/><N who="2" m="44617" /><F38/><W133/><G35/><T7/><D7/><U99/><E78/><V118/><N who="2" m="44625" /><V16/><DORA hai="97" /><F44/><W56/><G32/><T30/><D30/><U26/><E47/><RYUUKYOKU ba="2,0" sc="186,30,340,-10,217,-10,257,-10" hai0="8,13,17,48,55,59,114" /><INIT seed="2,3,0,3,2,99" ten="216,330,207,247" oya="2" hai0="52,128,7,72,54,46,35,23,98,78,64,62,31" hai1="88,97,109,125,124,80,51,33,56,76,29,43,24" hai2="27,132,82,0,66,71,79,36,20,3,45,105,58" hai3="127,130,135,26,126,91,32,37,4,104,15,107,34"/><V85/><F71/><W12/><G37/><T115/><D115/><U120/><E109/><V19/><F105/><W106/><G135/><T69/><D128/><U38/><E38/><V17/><F132/><W65/><G130/><T95/><D7/><U57/><E120/><V40/><REACH who="2" step="1"/><F19/><REACH who="2" ten="216,330,197,247" step="2"/><W60/><G107/><T39/><D35/><U11/><E33/><V16/><F16/><W63/><G12/><T116/><D116/><U93/><E24/><V67/><F67/><W59/><G4/><T14/><D14/><U102/><E11/><V5/><F5/><W68/><G15/><T87/><D78/><U70/><E70/><V73/><F73/><W6/><G6/><T110/><D72/><U75/><E125/><V42/><F42/><W103/><G34/><T90/><D110/><U25/><E124/><V28/><F28/><W89/><G32/><T21/><D31/><U83/><E25/><V84/><F84/><W55/><G26/><T1/><D1/><U18/><E18/><V101/><F101/><W133/><G133/><T117/><D117/><U108/><E29/><V123/><F123/><W113/><G113/><T94/><D87/><N who="1" m="50303" /><E108/><V134/><F134/><W74/><G74/><T9/><D69/><U44/><E75/><V86/><F86/><W50/><G127/><T8/><D64/><U92/><E76/><V131/><F131/><W122/><G126/><T47/><D39/><U53/><E43/><V61/><AGARI ba="3,1" hai="0,3,17,20,27,36,40,45,58,61,66,79,82,85" machi="61" ten="30,6000,0" yaku="1,1,0,1,53,1" doraHai="99" doraHaiUra="81" who="2" fromWho="2" sc="216,-23,330,-23,197,79,247,-23" /><INIT seed="2,4,0,2,2,24" ten="193,307,276,224" oya="2" hai0="61,20,113,124,129,65,81,0,64,2,114,108,122" hai1="8,55,70,54,46,51,36,66,79,87,42,130,135" hai2="62,71,100,29,109,85,41,52,110,118,58,77,10" hai3="72,134,34,90,101,37,121,131,80,99,83,68,88"/><V56/><F118/><W12/><G37/><T13/><D81/><U98/><E79/><V39/><F71/><W21/><G68/><T116/><D61/><N who="1" m="40271" /><E87/><V18/><F100/><W92/><G34/><T96/><D96/><U14/><E98/><V69/><F69/><W125/><G121/><T4/><D65/><U22/><E22/><V111/><F58/><W40/><G40/><T16/><D64/><U84/><E84/><V75/><F75/><W63/><G63/><T31/><D122/><U15/><E15/><N who="2" m="7543" /><F29/><W132/><G12/><T27/><D116/><U59/><E14/><V127/><F127/><W33/><G21/><N who="0" m="15855" /><D124/><U82/><E8/><V117/><F117/><W25/><G125/><T119/><D119/><U43/><E82/><N who="3" m="31274" /><G131/><T28/><D129/><U94/><E130/><V74/><F85/><W35/><G72/><T126/><D126/><U50/><E94/><V76/><F74/><W3/><G3/><N who="0" m="1067" /><D108/><U32/><E32/><N who="3" m="12362" /><G25/><N who="0" m="16423" /><D4/><U120/><E120/><V9/><F41/><W67/><G67/><T78/><D78/><N who="2" m="30314" /><F39/><W47/><G47/><T105/><D105/><U6/><E43/><V103/><F103/><W17/><G101/><T7/><D7/><U23/><E6/><V30/><F30/><W19/><G90/><T97/><D97/><U91/><E42/><V123/><F123/><W1/><G1/><T95/><D95/><U38/><E38/><V89/><F89/><W104/><G104/><T44/><D44/><U133/><E36/><V57/><F57/><W11/><G99/><T73/><D73/><U26/><E91/><V107/><F107/><RYUUKYOKU ba="4,0" sc="193,10,307,10,276,10,224,-30" hai0="13,16,113,114" hai1="23,26,46,50,51,54,55,59,133,135" hai2="9,52,56,62,109,110,111" /><INIT seed="2,5,0,3,4,93" ten="203,317,286,194" oya="2" hai0="36,11,77,21,44,117,109,95,46,49,102,133,17" hai1="84,71,58,25,57,126,0,83,87,5,118,60,103" hai2="42,79,37,38,14,110,23,104,74,4,2,20,1" hai3="66,32,45,8,67,128,88,3,123,70,19,82,28"/><V51/><F104/><W62/><G123/><T90/><D117/><U125/><E118/><V15/><F110/><W41/><G67/><T75/><D133/><U106/><E87/><V94/><F94/><W108/><G108/><T78/><D109/><U121/><E121/><V52/><F79/><W63/><G63/><T80/><D36/><U69/><E5/><V91/><F91/><W105/><G105/><T33/><D33/><U64/><E0/><V92/><F92/><W132/><G132/><T13/><D78/><U31/><E58/><V111/><F111/><W61/><G61/><T40/><D102/><U107/><E57/><V9/><F74/><W7/><G128/><T135/><D135/><U59/><E59/><V129/><F129/><W100/><G100/><T22/><REACH who="0" step="1"/><D46/><REACH who="0" ten="193,317,286,194" step="2"/><U130/><E130/><V122/><F122/><W53/><G45/><T10/><D10/><U131/><E131/><V124/><F38/><W30/><G32/><T16/><D16/><U72/><E103/><V50/><F37/><W113/><G113/><T127/><D127/><U65/><E125/><V116/><F124/><W47/><G19/><T35/><D35/><U48/><E126/><V55/><F116/><W29/><G29/><T6/><D6/><U43/><E31/><V56/><F9/><W12/><G3/><T26/><D26/><U86/><E25/><V101/><F4/><W81/><G47/><T76/><D76/><U99/><E71/><V39/><F39/><W112/><G112/><T85/><AGARI ba="5,1" hai="11,13,17,21,22,40,44,49,75,77,80,85,90,95" machi="85" ten="20,2700,0" yaku="1,1,0,1,7,1,53,0" doraHai="93" doraHaiUra="96" who="0" fromWho="0" sc="193,52,317,-12,286,-18,194,-12" /><INIT seed="3,0,0,1,3,25" ten="245,305,268,182" oya="3" hai0="0,119,5,109,110,121,42,85,7,24,65,70,47" hai1="113,11,3,9,120,58,30,10,133,80,105,96,41" hai2="126,129,83,62,128,122,68,77,6,50,61,86,115" hai3="34,107,87,72,20,104,66,14,44,28,12,123,112"/><W43/><G123/><T17/><D121/><U55/><E3/><V31/><F122/><W79/><G72/><T132/><D119/><U102/><E113/><V63/><F115/><W131/><G112/><T71/><D85/><U53/><E120/><V99/><F126/><W124/><G34/><T64/><D0/><U73/><E133/><V59/><F68/><W32/><G32/><T92/><D92/><N who="1" m="58631" /><E73/><V2/><F99/><W75/><G75/><T91/><D91/><U108/><E105/><V52/><REACH who="2" step="1"/><F31/><REACH who="2" ten="245,305,258,182" step="2"/><W1/><G124/><T40/><D24/><U69/><E69/><V117/><F117/><W8/><G131/><T88/><D88/><U93/><E30/><V118/><F118/><W135/><G135/><T38/><D17/><U54/><E108/><N who="0" m="41577" /><D132/><U16/><E16/><V100/><F100/><W89/><G79/><T35/><D35/><U116/><E116/><V36/><F36/><W127/><G127/><T94/><D94/><U130/><E93/><V49/><F49/><W29/><G107/><T26/><D71/><U97/><E97/><V23/><F23/><W15/><G104/><T13/><D70/><U4/><E80/><V48/><F48/><N who="3" m="26655" /><G66/><T74/><D65/><U27/><E130/><V125/><F125/><W101/><G101/><T98/><D64/><U78/><E78/><V51/><F51/><W76/><G20/><T45/><D98/><U56/><E4/><V114/><F114/><W21/><G21/><T90/><D7/><U82/><E82/><V46/><F46/><W103/><G103/><T134/><D45/><U57/><E41/><RYUUKYOKU ba="0,1" sc="245,-15,305,15,258,15,182,-15" hai1="9,10,11,27,53,54,55,56,57,58" hai2="2,6,50,52,59,61,62,63,77,83,86,128,129" owari="230,-17.0,330,43.0,273,7.0,167,-33.0" /></mjloggm>