<mjloggm ver="2.3"><GO type="97" lobby="0"/><UN n0="%E3%82%A6%E3%83%AB%E3%83%88%E3%83%A9%E7%AB%8B%E7%9B%B4" n1="%6E%75%63%63%6C%65%6E%65" n2="%E3%82%AF%E3%83%AA%E3%83%BC%E3%83%B3%E5%B0%BE%E5%B4%8E" n3="%74%61%74%65%6B%61%65" dan="15,14,14,13" rate="2009.54,1927.49,1921.45,1881.66" sx="M,M,M,M"/><TAIKYOKU oya="0"/><INIT seed="0,0,0,2,4,114" ten="250,250,250,250" oya="0" hai0="23,116,33,17,86,119,74,101,49,97,39,80,72" hai1="55,108,66,30,24,3,75,124,8,35,102,50,62" hai2="73,135,128,129,110,79,11,82,134,42,56,120,40" hai3="26,14,93,34,96,87,85,27,32,41,91,38,1"/><T21/><BYE who="3" /><D39/><U64/><E75/><V46/><F120/><W6/><G6/><T115/><D33/><U109/><E124/><V31/><F110/><W95/><G95/><T36/><D36/><U71/><E66/><V43/><F31/><W133/><G133/><N who="2" m="50697" /><F11/><W100/><G100/><T4/><D4/><U20/><E3/><V2/><F2/><W57/><G57/><T29/><D115/><U67/><E8/><V126/><F126/><W103/><G103/><T76/><D29/><U9/><E9/><V7/><F7/><W111/><G111/><T83/><D49/><U45/><E67/><V60/><F46/><W88/><G88/><N who="0" m="51295" /><D17/><U70/><E70/><V90/><F90/><W58/><G58/><T5/><D21/><U65/><E20/><V89/><F89/><W92/><G92/><N who="0" m="58535" /><D23/><U118/><E109/><V25/><F25/><W13/><G13/><T68/><D68/><U112/><E108/><V54/><AGARI ba="0,0" hai="40,42,43,54,56,60,73,79,82,128,129" m="50697" machi="54" ten="40,1500,0" yaku="20,1" doraHai="114" who="2" fromWho="2" sc="250,-7,250,-4,250,15,250,-4" /><INIT seed="1,0,0,0,1,32" ten="243,246,265,246" oya="1" hai0="92,135,54,102,110,65,12,67,71,82,48,93,25" hai1="5,87,134,20,44,56,10,75,0,104,79,13,9" hai2="31,121,4,113,52,14,62,83,26,15,74,38,128" hai3="16,7,43,53,129,80,29,99,57,98,42,34,85"/><U77/><E104/><V118/><F38/><W88/><G88/><T55/><D71/><U47/><E75/><UN n3="%74%61%74%65%6B%61%65" /><V8/><F121/><W109/><G109/><T119/><D119/><U107/><E107/><V49/><F113/><W68/><G68/><T11/><D110/><U106/><E106/><V120/><F128/><W37/><G37/><T72/><D72/><U133/><E56/><V123/><F62/><W1/><G129/><T112/><D112/><U131/><E20/><V127/><F118/><W117/><G117/><T66/><D135/><N who="1" m="51723" /><E131/><V24/><F24/><W94/><G99/><T36/><D36/><U46/><E87/><V105/><F15/><W19/><G34/><T132/><D25/><U116/><E116/><V101/><F127/><W100/><G29/><T96/><D132/><U114/><E114/><V84/><F74/><W95/><G95/><T86/><D92/><U60/><E60/><V45/><F101/><W35/><G35/><T125/><D125/><U70/><E70/><V23/><REACH who="2" step="1"/><F105/><REACH who="2" ten="243,246,255,246" step="2"/><W17/><G1/><T2/><D2/><U33/><E33/><V21/><F21/><W111/><G111/><T61/><D61/><U51/><E51/><V69/><F69/><W76/><REACH who="3" step="1"/><G7/><AGARI ba="0,1" hai="0,5,7,9,10,13,44,46,47,77,79" m="51723" machi="7" ten="30,2900,0" yaku="20,1,52,1" doraHai="32" who="1" fromWho="3" sc="243,0,246,39,255,0,246,-29" /><INIT seed="1,1,0,3,4,58" ten="243,285,255,217" oya="1" hai0="128,84,6,80,53,8,3,94,113,119,118,18,121" hai1="88,106,41,38,61,11,25,27,122,79,81,116,70" hai2="126,98,19,47,111,29,90,107,132,69,23,130,134" hai3="14,13,65,44,54,74,39,104,78,110,64,32,50"/><U133/><E116/><V68/><F29/><W95/><G104/><T60/><D113/><U59/><E122/><V24/><F111/><W101/><G32/><T26/><D121/><U86/><E106/><V46/><F130/><W9/><G110/><T42/><D94/><U75/><E70/><V83/><F126/><W120/><G39/><T0/><D42/><U22/><E133/><N who="2" m="51307" /><F83/><W55/><G120/><T123/><D3/><U12/><E41/><V16/><F19/><W103/><G74/><T62/><D128/><U96/><E38/><V20/><F20/><W37/><G78/><T71/><D123/><U89/><E96/><V34/><F34/><W97/><G37/><T63/><D71/><N who="2" m="27210" /><F90/><N who="1" m="34921" /><E75/><V114/><F114/><W91/><G55/><T92/><D92/><U4/><E22/><V36/><F36/><W117/><G117/><T124/><D124/><U49/><E49/><V56/><F56/><W77/><G77/><T45/><D118/><U102/><E102/><AGARI ba="1,0" hai="16,23,24,46,47,98,102,107" m="27210,51307" machi="102" ten="30,2000,0" yaku="20,1,54,1" doraHai="58" who="2" fromWho="1" sc="243,0,285,-23,255,23,217,0" /><INIT seed="2,0,0,3,4,113" ten="243,262,278,217" oya="2" hai0="61,2,78,36,87,25,72,102,27,9,54,50,18" hai1="69,129,23,126,21,128,132,99,29,96,10,3,53" hai2="112,39,133,28,35,80,76,22,86,74,117,64,43" hai3="24,55,47,48,70,4,106,71,81,89,107,73,5"/><V103/><F112/><W65/><G24/><T121/><D36/><U31/><E69/><V45/><F35/><W82/><G71/><T134/><D72/><U130/><E53/><V88/><F133/><W79/><G70/><T51/><D121/><U8/><E132/><V95/><F64/><W93/><G65/><T97/><D134/><U85/><E85/><V12/><F117/><W119/><G119/><T92/><D2/><U110/><E3/><V56/><F56/><W34/><G34/><T19/><D61/><U49/><E49/><V116/><F116/><W127/><G127/><T120/><D120/><U66/><E66/><V32/><F32/><W63/><G63/><T6/><D6/><U38/><E38/><V42/><F42/><W41/><G82/><N who="0" m="47575" /><D51/><U57/><E57/><V26/><F12/><W44/><G107/><T52/><D54/><U108/><REACH who="1" step="1"/><E129/><REACH who="1" ten="243,252,278,217" step="2"/><V30/><REACH who="2" step="1"/><F103/><REACH who="2" ten="243,252,268,217" step="2"/><W40/><G40/><T98/><D102/><U101/><E101/><V13/><F13/><W131/><G41/><T91/><D52/><U115/><E115/><V46/><F46/><W75/><G131/><T14/><D14/><U124/><AGARI ba="0,2" hai="8,10,21,23,29,31,96,99,108,110,124,126,128,130" machi="124" ten="25,6400,0" yaku="1,1,0,1,22,2,53,0" doraHai="113" doraHaiUra="67" who="1" fromWho="1" sc="243,-16,252,84,268,-32,217,-16" /><INIT seed="3,0,0,3,5,96" ten="227,336,236,201" oya="3" hai0="47,118,30,65,105,110,74,44,28,8,1,50,132" hai1="5,45,92,11,97,89,4,49,19,57,66,79,82" hai2="116,53,131,31,37,103,55,62,98,130,21,27,25" hai3="63,135,60,46,52,16,56,106,122,35,29,99,114"/><W90/><G114/><T6/><D118/><U54/><E19/><N who="2" m="12479" /><F37/><W124/><G122/><T77/><D105/><U41/><E66/><V73/><F62/><W115/><G115/><T78/><D65/><U70/><E70/><V48/><F48/><W91/><G135/><T88/><D88/><U85/><E11/><V2/><F2/><W83/><G124/><T12/><D1/><U100/><E79/><N who="0" m="30217" /><D74/><U109/><E109/><V129/><F116/><W43/><G35/><T86/><D110/><U51/><AGARI ba="0,0" hai="4,5,41,45,49,51,54,57,82,85,89,92,97,100" machi="51" ten="20,5200,0" yaku="0,1,7,1,8,1,52,1" doraHai="96" who="1" fromWho="1" sc="227,-13,336,52,236,-13,201,-26" owari="214,-19.0,388,49.0,223,2.0,175,-32.0" /></mjloggm>