<mjloggm ver="2.3"><GO type="169" lobby="0"/><UN n0="%E3%81%BF%E3%82%84%E3%81%93%E3%82%93%EF%BC%99%E6%AD%B3" n1="%E3%83%90%E3%83%88%E3%83%AB%E3%83%89%E3%83%BC%E3%83%A0%EF%BC%81" n2="%E3%81%B4%E3%81%83%E3%81%B4%E3%81%83" n3="%E3%82%A6%E3%83%AB%E3%83%88%E3%83%A9%E7%AB%8B%E7%9B%B4" dan="17,16,17,16" rate="2180.84,2124.56,2137.10,2032.42" sx="F,M,M,M"/><TAIKYOKU oya="0"/><INIT seed="0,0,0,3,0,80" ten="250,250,250,250" oya="0" hai0="36,69,47,108,62,114,39,91,84,109,111,77,38" hai1="131,103,8,65,129,82,118,15,40,34,9,85,22" hai2="93,127,28,73,100,26,24,86,67,17,126,41,14" hai3="90,23,0,51,21,59,96,120,49,3,50,132,99"/><T74/><D114/><U1/><E34/><V68/><F73/><W48/><N who="3" m="12288" /><DORA hai="116" /><W2/><G59/><T56/><D69/><U53/><E40/><V30/><F41/><W113/><G113/><T11/><D11/><U123/><E65/><V110/><F110/><W130/><G130/><N who="1" m="49674" /><E118/><V72/><F72/><W60/><G60/><T102/><D102/><U20/><E103/><V33/><F67/><W112/><G112/><T79/><D74/><U107/><E107/><V89/><F68/><W5/><G5/><T42/><D42/><U119/><E119/><V121/><F100/><W128/><G128/><T55/><REACH who="0" step="1"/><D47/><REACH who="0" ten="240,250,250,250" step="2"/><U122/><E9/><V61/><F126/><W133/><G133/><T54/><D54/><U46/><E53/><V43/><F127/><W13/><G132/><T7/><D7/><N who="1" m="3487" /><E46/><V88/><F43/><W44/><G44/><T101/><D101/><U94/><E122/><V95/><F61/><W29/><G120/><T16/><D16/><U35/><E123/><V12/><F121/><W83/><G3/><T32/><D32/><U37/><E35/><V92/><F17/><W78/><G0/><T124/><D124/><U45/><E45/><V66/><F66/><W52/><G2/><T70/><D70/><U27/><E1/><V104/><F104/><W117/><G52/><T97/><D97/><U105/><E105/><V6/><F33/><W106/><G106/><T75/><D75/><U18/><E18/><V31/><F6/><W134/><G99/><T58/><D58/><U57/><E57/><V64/><F64/><W4/><G96/><RYUUKYOKU ba="0,1" sc="240,30,250,-10,250,-10,250,-10" hai0="36,38,39,55,56,62,77,79,84,91,108,109,111" /><INIT seed="0,1,1,3,3,73" ten="270,240,240,240" oya="0" hai0="104,11,64,78,10,91,115,60,110,12,102,41,129" hai1="37,132,118,54,2,59,63,109,71,74,123,72,53" hai2="65,84,100,134,31,44,119,70,9,42,6,113,106" hai3="125,5,135,18,88,93,61,26,13,81,28,7,15"/><T66/><D115/><U45/><E118/><V82/><F113/><W14/><G125/><T101/><D129/><U52/><E123/><V39/><F134/><W25/><G135/><T98/><D41/><U107/><E132/><V69/><F119/><W116/><G116/><T96/><D110/><U16/><E109/><V120/><F120/><W36/><G36/><T55/><D91/><U47/><E107/><V38/><F31/><W17/><G61/><T29/><D29/><U51/><E2/><V58/><F39/><W23/><G81/><T80/><D55/><N who="1" m="21067" /><E16/><N who="3" m="6250" /><G26/><T3/><D3/><U33/><E33/><V57/><F100/><W0/><G0/><T35/><D35/><U86/><E86/><AGARI ba="1,1" hai="5,7,13,14,15,23,25,28,86,88,93" m="6250" machi="86" ten="30,3900,0" yaku="8,1,54,2" doraHai="73" who="3" fromWho="1" sc="270,0,240,-42,240,0,240,52" /><INIT seed="1,0,0,5,0,112" ten="270,198,240,292" oya="1" hai0="56,87,100,103,84,106,72,43,105,49,115,110,33" hai1="121,38,28,75,4,126,83,73,66,50,46,78,132" hai2="82,117,64,65,12,15,8,70,52,54,29,108,98" hai3="119,124,37,118,39,88,122,97,62,123,42,20,44"/><U25/><E121/><N who="3" m="46090" /><G20/><T102/><D33/><U80/><E126/><V99/><F29/><W114/><G88/><T34/><D34/><U27/><E132/><V85/><F70/><W95/><G97/><T74/><D43/><U130/><E130/><V53/><F108/><W5/><G95/><T133/><D49/><U63/><E38/><N who="3" m="14346" /><G5/><T131/><D56/><U1/><E4/><N who="2" m="3079" /><F117/><N who="3" m="44555" /><G124/><T41/><D106/><U35/><E1/><V13/><F13/><W55/><G114/><T61/><D105/><U94/><E94/><V24/><F24/><W32/><G32/><T45/><D103/><U60/><E25/><V2/><F2/><W101/><G101/><T129/><D102/><U6/><E6/><V16/><F98/><W120/><G120/><T135/><D100/><U76/><REACH who="1" step="1"/><E66/><REACH who="1" ten="270,188,240,292" step="2"/><V96/><F65/><W58/><G44/><T92/><D45/><U71/><E71/><V18/><F96/><W51/><G42/><AGARI ba="0,1" hai="27,28,35,42,46,50,60,63,73,75,76,78,80,83" machi="42" ten="30,11600,0" yaku="1,1,7,1,9,1,53,1" doraHai="112" doraHaiUra="47" who="1" fromWho="3" sc="270,0,188,126,240,0,292,-116" /><INIT seed="1,1,0,2,5,73" ten="270,314,240,176" oya="1" hai0="10,111,62,120,2,7,54,90,76,32,40,28,15" hai1="100,38,135,22,61,96,21,78,133,57,9,0,25" hai2="35,109,132,124,60,93,26,39,53,18,127,58,106" hai3="59,91,128,14,121,113,69,45,1,37,50,56,115"/><U48/><E38/><V94/><F106/><W27/><G1/><T117/><D117/><U74/><E48/><V68/><F39/><W3/><G3/><T110/><D120/><U85/><E74/><V34/><F109/><N who="0" m="41482" /><D40/><U47/><E47/><V20/><F132/><N who="1" m="50761" /><E9/><V134/><F134/><W123/><G91/><T107/><D107/><N who="1" m="63879" /><E0/><V98/><F68/><W108/><G69/><T104/><D104/><U11/><E11/><V72/><F72/><W81/><G37/><T4/><D4/><U55/><E25/><V51/><F51/><W114/><G108/><T103/><D2/><U70/><E70/><V130/><F130/><W8/><G27/><T79/><D62/><U129/><E129/><V17/><F17/><W88/><G128/><T65/><D54/><U84/><E84/><V105/><F105/><W77/><G123/><T31/><D65/><U66/><E66/><V41/><F41/><N who="3" m="24879" /><G121/><T97/><D103/><U83/><AGARI ba="1,0" hai="21,22,55,57,61,78,83,85" m="63879,50761" machi="83" ten="30,3000,0" yaku="20,1,52,1" doraHai="73" who="1" fromWho="1" sc="270,-11,314,33,240,-11,176,-11" /><INIT seed="1,2,0,5,0,12" ten="259,347,229,165" oya="1" hai0="6,111,13,22,93,2,90,27,35,126,120,99,3" hai1="87,86,24,21,109,31,96,0,113,33,69,75,44" hai2="4,95,116,49,29,108,74,103,36,14,117,84,67" hai3="45,106,73,133,80,88,16,112,18,82,78,119,102"/><U43/><E113/><V54/><F74/><W72/><G112/><T115/><D115/><U51/><E75/><V23/><F36/><W37/><G119/><T9/><D120/><U62/><E0/><V123/><F123/><W135/><G102/><T89/><D126/><U47/><E109/><V34/><F108/><W8/><G106/><T98/><D111/><U41/><E96/><V66/><F34/><W128/><G128/><T58/><D35/><U71/><E33/><V20/><F116/><W125/><G8/><T55/><D98/><U65/><REACH who="1" step="1"/><E71/><REACH who="1" ten="259,337,229,165" step="2"/><V101/><F117/><W25/><G125/><T124/><D124/><U39/><AGARI ba="2,1" hai="21,24,31,39,41,43,44,47,51,62,65,69,86,87" machi="39" ten="20,12000,1" yaku="1,1,2,1,0,1,7,1,53,1" doraHai="12" doraHaiUra="64" who="1" fromWho="1" sc="259,-42,337,136,229,-42,165,-42" /><INIT seed="1,3,0,1,3,7" ten="217,473,187,123" oya="1" hai0="11,29,89,98,134,120,67,125,93,17,13,83,133" hai1="63,56,124,2,15,16,78,94,135,106,37,79,40" hai2="76,115,64,91,24,73,69,44,53,127,87,20,126" hai3="86,111,54,30,19,123,70,84,9,82,1,104,74"/><U118/><E106/><V66/><F115/><W52/><G74/><T92/><D125/><N who="2" m="47626" /><F69/><W101/><G70/><T6/><D120/><U96/><E2/><V25/><F76/><W8/><G123/><T100/><D67/><N who="2" m="25642" /><F73/><W103/><G104/><T77/><D29/><U105/><E105/><V131/><F131/><W27/><G1/><T18/><D92/><U21/><E118/><V32/><F32/><W119/><G30/><T26/><D100/><N who="3" m="38473" /><G119/><T72/><REACH who="0" step="1"/><D26/><REACH who="0" ten="207,473,187,123" step="2"/><U22/><E124/><V60/><F25/><W57/><G111/><T34/><D34/><U12/><E94/><V43/><F24/><W14/><G27/><T10/><D10/><U122/><E122/><V114/><F20/><N who="3" m="11383" /><G54/><T81/><D81/><U59/><E21/><V85/><F53/><W90/><G84/><T4/><D4/><U108/><E22/><V33/><F87/><W65/><G65/><T39/><D39/><U38/><E37/><V75/><F85/><W42/><G42/><T47/><D47/><U58/><E38/><V49/><F44/><W109/><G109/><T80/><D80/><U0/><E108/><V45/><F45/><W99/><G99/><T117/><D117/><U110/><E110/><V50/><F43/><W116/><G116/><T129/><D129/><U31/><E40/><V28/><F75/><W71/><G71/><T130/><D130/><U61/><E31/><V36/><F28/><W128/><G128/><T113/><D113/><U121/><E121/><V68/><F36/><W3/><G3/><T107/><D107/><U41/><E41/><V112/><F68/><RYUUKYOKU ba="3,1" sc="207,15,473,-15,187,-15,123,15" hai0="6,11,13,17,18,72,77,83,89,93,98,133,134" hai3="8,9,52,57,82,86,90" /><INIT seed="2,4,1,1,0,51" ten="222,458,172,138" oya="2" hai0="57,48,71,83,127,95,42,104,33,55,94,128,129" hai1="80,47,73,82,18,117,101,22,78,13,133,34,64" hai2="25,39,62,105,60,91,53,107,134,28,122,100,59" hai3="56,81,116,46,90,67,26,85,16,21,61,44,63"/><V72/><F122/><W108/><G116/><T88/><D104/><U120/><E117/><V115/><F115/><W19/><G108/><T103/><D33/><U114/><E34/><V52/><F39/><W58/><REACH who="3" step="1"/><G19/><REACH who="3" ten="222,458,172,128" step="2"/><T93/><D71/><U125/><E18/><V126/><F126/><W35/><G35/><T1/><D1/><U89/><E125/><V12/><F134/><W24/><G24/><T65/><D127/><U17/><E17/><V84/><F25/><W69/><G69/><T2/><D2/><U123/><E133/><V99/><F28/><W54/><AGARI ba="4,2" hai="16,21,26,44,46,54,56,58,61,63,67,81,85,90" machi="54" ten="20,16000,3" yaku="1,1,0,1,7,1,8,1,52,1,54,1,53,2" doraHai="51" doraHaiUra="43" who="3" fromWho="3" sc="222,-44,458,-44,172,-84,128,192" /><INIT seed="3,0,0,0,1,72" ten="178,414,88,320" oya="3" hai0="4,27,75,58,96,85,19,128,32,110,77,79,0" hai1="80,53,20,125,129,82,105,93,68,130,121,7,48" hai2="119,120,26,13,10,5,40,33,132,84,109,103,52" hai3="97,107,14,61,31,29,91,115,70,104,88,124,41"/><W67/><G115/><T56/><D75/><U134/><E121/><V30/><F119/><W100/><G107/><T36/><D36/><U101/><E105/><V114/><F120/><W9/><G124/><T73/><D73/><U66/><E7/><V102/><F114/><W6/><G41/><T43/><D43/><U35/><E35/><V123/><F123/><W47/><G47/><T39/><D39/><U45/><E20/><V24/><F132/><W38/><G38/><T34/><D4/><U51/><E125/><V92/><F40/><W18/><G18/><T55/><D0/><U49/><E134/><V57/><F109/><W127/><G127/><T122/><D85/><U86/><E66/><V23/><F92/><W71/><REACH who="3" step="1"/><G70/><REACH who="3" ten="178,414,88,310" step="2"/><T11/><D19/><U112/><E68/><V116/><F116/><W37/><G37/><T135/><D135/><U131/><E112/><V113/><F113/><W12/><G12/><T126/><D126/><U108/><E108/><V78/><F13/><W8/><G8/><T22/><D11/><U28/><E45/><V95/><F10/><W54/><G54/><T89/><D55/><U25/><E53/><V106/><F106/><W1/><G1/><T83/><D110/><U90/><E129/><V74/><F52/><W16/><G16/><T98/><D122/><U64/><E130/><V63/><F24/><W69/><G69/><T87/><D27/><U59/><E131/><V50/><F26/><W60/><G60/><T15/><D15/><U46/><E46/><V99/><F63/><W3/><G3/><T94/><D128/><RYUUKYOKU ba="0,1" sc="178,-10,414,-10,88,-10,310,30" hai3="6,9,14,29,31,61,67,71,88,91,97,100,104" /><INIT seed="3,1,1,4,5,106" ten="168,404,78,340" oya="3" hai0="74,27,5,112,46,88,38,126,47,65,37,50,93" hai1="131,21,84,78,69,16,28,20,48,1,118,4,62" hai2="109,7,54,40,129,11,24,60,55,125,32,17,44" hai3="120,53,15,36,115,73,57,86,116,108,42,92,29"/><W75/><G120/><T105/><D105/><U124/><E124/><V99/><F125/><W68/><G116/><T77/><D126/><U94/><E118/><V25/><F109/><W95/><G115/><T100/><D100/><U12/><E131/><V18/><F129/><W22/><G68/><T13/><D65/><U0/><E48/><V90/><F99/><W128/><G92/><T71/><D27/><U26/><E4/><V10/><F90/><N who="3" m="53719" /><G29/><T76/><D93/><U135/><E135/><V104/><F104/><W72/><G128/><T59/><D71/><U81/><REACH who="1" step="1"/><E94/><REACH who="1" ten="168,394,78,340" step="2"/><V41/><F7/><W61/><G108/><T127/><D50/><U35/><E35/><V14/><F32/><W117/><G117/><T23/><D5/><U64/><AGARI ba="1,2" hai="0,1,12,16,20,21,26,28,62,64,69,78,81,84" machi="64" ten="30,4000,0" yaku="1,1,0,1,54,1,53,0" doraHai="106" doraHaiUra="98" who="1" fromWho="1" sc="168,-11,394,63,78,-11,340,-21" /><INIT seed="4,0,0,0,1,3" ten="157,457,67,319" oya="0" hai0="92,29,30,15,125,134,93,1,94,2,109,112,63" hai1="13,133,91,38,118,100,78,121,68,97,10,85,115" hai2="127,6,14,86,37,101,67,55,11,130,41,75,70" hai3="25,128,32,117,20,83,23,110,12,65,126,89,84"/><T35/><D112/><U34/><E38/><V49/><F75/><W43/><G32/><T132/><D125/><U36/><E36/><V56/><F127/><W108/><G126/><T103/><D103/><U51/><E51/><V59/><F130/><W9/><G117/><T17/><D63/><U7/><E68/><V66/><F101/><W22/><G128/><T90/><D90/><U42/><E42/><V106/><F106/><W21/><G43/><T57/><D57/><U72/><E118/><V96/><F96/><W16/><REACH who="3" step="1"/><G65/><REACH who="3" ten="157,457,67,309" step="2"/><T69/><D35/><U111/><E34/><V124/><F124/><W39/><G39/><T60/><D109/><U80/><E111/><V129/><F129/><W120/><G120/><T122/><D122/><U113/><E121/><V0/><F37/><W8/><G8/><T61/><D134/><U5/><E133/><V52/><F41/><W28/><AGARI ba="0,1" hai="9,12,16,20,21,22,23,25,28,83,84,89,108,110" machi="28" ten="30,4000,0" yaku="1,1,0,1,54,1,53,0" doraHai="3" doraHaiUra="62" who="3" fromWho="3" sc="157,-20,457,-10,67,-10,309,50" /><INIT seed="5,0,0,5,5,64" ten="137,447,57,359" oya="1" hai0="99,53,29,101,71,48,43,74,4,93,91,94,16" hai1="90,113,3,34,73,100,18,33,116,89,60,40,132" hai2="114,70,66,79,67,130,52,14,38,22,49,63,31" hai3="88,128,106,47,77,103,17,86,78,21,1,35,27"/><U28/><E116/><V96/><F79/><W95/><G1/><T23/><D74/><U111/><E3/><V82/><F82/><W123/><G123/><T126/><D126/><U115/><E40/><V118/><F118/><W121/><G121/><T59/><D4/><U45/><E73/><V46/><F130/><W39/><G128/><T105/><D29/><U37/><E100/><V12/><F114/><W15/><G39/><T97/><D43/><U134/><E60/><V54/><F38/><W69/><G47/><T11/><D11/><U109/><E45/><V30/><F96/><W92/><G106/><T129/><D129/><U75/><E75/><V85/><F85/><W62/><G35/><T112/><D112/><U84/><E37/><V13/><F67/><W108/><G108/><T58/><D71/><U68/><E84/><V131/><F131/><W20/><G95/><T50/><D105/><U55/><E18/><V19/><REACH who="2" step="1"/><F54/><REACH who="2" ten="137,447,47,359" step="2"/><W26/><G78/><T51/><REACH who="0" step="1"/><D53/><REACH who="0" ten="127,447,47,359" step="2"/><U36/><E55/><V87/><F87/><W72/><G86/><T10/><D10/><U119/><E119/><V104/><F104/><W41/><G72/><T25/><AGARI ba="0,2" hai="16,23,25,48,50,51,58,59,91,93,94,97,99,101" machi="25" ten="30,12000,2" yaku="1,1,0,1,8,1,54,1,53,3" doraHai="64" doraHaiUra="44" who="0" fromWho="0" sc="127,140,447,-60,47,-30,359,-30" /><INIT seed="6,0,0,4,4,87" ten="267,387,17,329" oya="2" hai0="62,14,132,28,49,12,135,50,37,113,57,95,75" hai1="59,65,35,34,43,97,67,66,84,96,17,39,103" hai2="38,94,10,47,2,54,11,19,112,83,108,89,40" hai3="80,92,64,41,119,123,124,128,21,33,86,91,131"/><V121/><F121/><W53/><G33/><T72/><D37/><U130/><E130/><N who="3" m="49706" /><G41/><T55/><D28/><U88/><E39/><V29/><F112/><W63/><G123/><T60/><D113/><U36/><E36/><V106/><F108/><W116/><G53/><T78/><D50/><U9/><E43/><V51/><F106/><W120/><G120/><T70/><D78/><U76/><E76/><V111/><F111/><W133/><G21/><T26/><D26/><U126/><E126/><V100/><F29/><W82/><G124/><T31/><D31/><U56/><E34/><V109/><F109/><W52/><G133/><N who="0" m="51275" /><D95/><N who="1" m="58815" /><E96/><V122/><F122/><W118/><G64/><N who="0" m="41239" /><D60/><U93/><E35/><V107/><F2/><W99/><G63/><T134/><D134/><U61/><E61/><V0/><F0/><W42/><G42/><T15/><AGARI ba="0,0" hai="12,14,15,49,55,57,72,75" m="41239,51275" machi="15" ten="30,1100,0" yaku="20,1" doraHai="87" who="0" fromWho="0" sc="267,11,387,-3,17,-5,329,-3" /><INIT seed="7,0,0,4,4,100" ten="278,384,12,326" oya="3" hai0="7,95,92,53,40,103,86,30,128,90,99,8,85" hai1="77,9,110,133,83,79,57,126,0,70,129,1,69" hai2="60,29,80,71,28,38,47,15,96,10,119,49,135" hai3="22,115,91,122,68,14,45,18,87,117,4,23,101"/><W56/><G68/><T81/><D128/><U78/><E110/><V2/><F49/><W19/><G117/><T63/><D30/><U88/><E57/><V132/><F80/><W84/><G122/><T102/><D40/><U24/><E24/><V51/><F96/><W33/><G33/><T130/><D130/><U35/><E35/><V127/><F51/><W118/><G118/><T74/><D63/><U41/><E41/><V82/><F82/><W116/><G116/><T120/><D120/><U13/><E129/><V124/><F60/><W125/><G125/><T11/><D53/><U17/><E88/><V113/><F47/><W36/><G4/><T50/><D50/><U94/><E94/><V65/><F15/><N who="3" m="9567" /><G36/><T66/><D66/><U3/><E83/><V39/><F10/><W48/><G115/><T89/><D74/><U32/><E32/><V25/><F25/><W114/><G114/><T58/><D7/><U12/><E126/><V108/><F65/><W104/><G45/><T93/><REACH who="0" step="1"/><D58/><REACH who="0" ten="268,384,12,326" step="2"/><U42/><E42/><V106/><F29/><W44/><G44/><T73/><D73/><U46/><E46/><V134/><F28/><W61/><G48/><T16/><D16/><U6/><E17/><V55/><F55/><W107/><G56/><T21/><D21/><U26/><E6/><V31/><F31/><W67/><G61/><T27/><D27/><U97/><E26/><V34/><F135/><W52/><G67/><T112/><D112/><U54/><E133/><V76/><F134/><W20/><G20/><T75/><D75/><U123/><E54/><RYUUKYOKU ba="0,1" sc="268,30,384,-10,12,-10,326,-10" hai0="8,11,81,85,86,89,90,92,93,95,99,102,103" owari="298,-10.0,384,48.0,2,-50.0,316,12.0" /></mjloggm>