<mjloggm ver="2.3"><GO type="97" lobby="0"/><UN n0="%E3%81%9F%E3%81%84%E3%82%89%E3%81%9F%E3%81%84%E3%81%AF%E3%82%93" n1="%E3%82%A6%E3%83%AB%E3%83%88%E3%83%A9%E7%AB%8B%E7%9B%B4" n2="%E6%B3%95%E7%9A%87%E3%81%AE%E7%B7%91" n3="%79%75%75%72%65%69%31%35" dan="13,14,13,13" rate="1896.51,1921.68,1831.01,1895.61" sx="M,M,M,M"/><TAIKYOKU oya="0"/><INIT seed="0,0,0,4,0,115" ten="250,250,250,250" oya="0" hai0="70,72,34,125,119,129,49,109,8,80,23,127,58" hai1="24,6,37,44,122,94,36,112,18,135,42,117,46" hai2="55,108,21,11,59,73,54,82,39,103,22,33,121" hai3="63,9,128,93,19,123,81,116,104,31,98,50,126"/><T118/><D34/><U17/><E122/><V43/><F121/><W20/><G104/><T0/><D70/><U96/><E112/><V132/><F33/><W5/><G123/><T3/><D129/><U14/><E135/><V12/><F132/><W86/><G31/><T51/><D23/><U78/><E78/><V97/><F108/><W75/><G75/><T77/><D109/><U15/><E24/><V35/><F35/><W74/><G74/><T90/><D90/><U106/><E6/><V85/><F73/><W134/><G134/><T32/><D32/><U68/><E106/><V111/><F111/><W26/><G128/><T16/><D58/><U57/><E57/><V61/><F54/><W47/><G63/><T91/><D91/><U79/><E79/><V71/><F71/><W56/><G56/><T120/><D120/><U7/><E7/><V41/><F39/><W76/><G126/><N who="0" m="48139" /><D0/><U66/><E68/><V25/><F22/><W131/><G131/><T64/><D64/><U107/><E66/><V87/><F87/><W124/><G124/><T102/><D102/><U52/><E96/><V130/><F130/><W83/><G83/><T110/><D110/><U38/><E14/><V67/><F67/><W27/><G27/><T95/><D95/><U62/><E94/><V88/><F97/><W101/><G5/><N who="0" m="1087" /><D16/><N who="1" m="6251" /><E15/><V60/><F103/><W45/><G9/><T10/><D10/><U69/><E107/><V105/><F105/><W29/><G29/><T133/><D133/><U40/><E69/><V30/><F60/><W1/><G1/><T65/><D65/><RYUUKYOKU ba="0,0" sc="250,15,250,-15,250,15,250,-15" hai0="49,51,72,77,80,118,119" hai2="11,12,21,25,30,41,43,55,59,61,82,85,88" /><INIT seed="0,1,0,4,1,111" ten="265,235,265,235" oya="0" hai0="23,96,115,4,51,68,75,84,101,40,63,126,119" hai1="98,118,134,18,24,52,46,125,108,135,117,112,64" hai2="7,122,35,60,123,55,45,3,67,9,95,106,25" hai3="71,33,8,12,36,41,29,81,32,15,90,30,13"/><T65/><D115/><U27/><E64/><V82/><F106/><W20/><G71/><T102/><D119/><U91/><E108/><V66/><F66/><W10/><G41/><T47/><D126/><U78/><E78/><V74/><F95/><W124/><G36/><T89/><D75/><U80/><E125/><V100/><F100/><W58/><G58/><T31/><D4/><U53/><E91/><V11/><F11/><N who="3" m="4139" /><G81/><T87/><D102/><U61/><E98/><V14/><F14/><N who="3" m="5739" /><G90/><T93/><D89/><U34/><E80/><V104/><F104/><W99/><G99/><T72/><D72/><U48/><E61/><V131/><F131/><W130/><G130/><T92/><D92/><U73/><E73/><V0/><F0/><W38/><G38/><T39/><D39/><U16/><E48/><V110/><F110/><W21/><G124/><T103/><D103/><U83/><E83/><V28/><F55/><W49/><N who="3" m="5747" /><W79/><DORA hai="109" /><G49/><T26/><AGARI ba="1,0" hai="23,26,31,40,47,51,63,65,68,84,87,93,96,101" machi="26" ten="30,1500,0" yaku="0,1" doraHai="111,109" who="0" fromWho="0" sc="265,18,235,-6,265,-6,235,-6" /><INIT seed="0,2,0,0,4,82" ten="283,229,259,229" oya="0" hai0="57,64,129,108,74,68,35,85,59,100,30,70,110" hai1="38,73,97,23,90,93,39,94,116,40,46,16,106" hai2="34,135,99,45,63,29,101,20,3,69,33,124,91" hai3="126,12,50,41,61,117,92,9,37,114,78,131,80"/><T52/><D74/><U14/><E116/><V77/><F124/><W17/><G37/><T24/><D100/><U104/><E73/><V48/><F135/><W111/><G117/><T11/><D11/><U43/><REACH who="1" step="1"/><E93/><REACH who="1" ten="283,219,259,229" step="2"/><V25/><F3/><W1/><G114/><T121/><D121/><U109/><E109/><N who="0" m="42089" /><D129/><U113/><E113/><V132/><F132/><W134/><G134/><T107/><D107/><U47/><AGARI ba="2,1" hai="14,16,23,38,39,40,43,46,47,90,94,97,104,106" machi="47" ten="30,8000,1" yaku="1,1,0,1,9,1,54,1,53,1" doraHai="82" doraHaiUra="19" who="1" fromWho="1" sc="283,-42,219,96,259,-22,229,-22" /><INIT seed="1,0,0,0,3,8" ten="241,315,237,207" oya="1" hai0="119,20,54,60,68,105,77,37,9,44,133,125,59" hai1="6,81,58,48,10,100,124,126,101,112,0,42,123" hai2="131,61,1,38,86,24,80,90,4,104,108,57,134" hai3="35,5,50,65,23,63,117,11,128,71,84,14,28"/><U22/><E123/><V129/><F104/><W43/><G35/><T12/><D119/><U88/><E112/><V39/><F134/><W83/><G117/><T85/><D105/><U87/><E22/><V130/><F108/><W2/><G128/><T17/><D125/><N who="1" m="48235" /><E42/><V15/><F1/><W91/><G43/><T120/><D120/><U40/><E40/><V47/><F47/><W74/><G74/><T3/><D133/><U106/><E106/><V79/><F79/><W29/><G50/><T69/><D37/><U36/><E36/><V32/><F32/><W93/><G83/><T89/><D77/><U21/><E21/><V18/><F24/><W118/><G118/><T56/><D44/><U72/><E72/><V132/><F4/><W34/><REACH who="3" step="1"/><G34/><REACH who="3" ten="241,315,237,197" step="2"/><T45/><D45/><U41/><E41/><V115/><F115/><W55/><G55/><AGARI ba="0,1" hai="0,6,10,48,55,58,81,87,88,100,101" m="48235" machi="55" ten="30,2900,0" yaku="18,1,54,1" doraHai="8" who="1" fromWho="3" sc="241,0,315,39,237,0,197,-29" /><INIT seed="1,1,0,4,1,119" ten="241,354,237,168" oya="1" hai0="51,23,75,40,131,116,112,65,42,120,44,34,93" hai1="31,41,6,108,127,74,38,97,18,10,49,126,77" hai2="32,59,64,69,122,79,95,56,54,113,48,22,135" hai3="109,71,4,91,30,84,12,25,7,8,58,103,133"/><U100/><E31/><V46/><F135/><W21/><G71/><T124/><D75/><U14/><E38/><V39/><F32/><W37/><G37/><T104/><D34/><U121/><E74/><V47/><F79/><W94/><G133/><T52/><D104/><U114/><E77/><V2/><F2/><W99/><G109/><T3/><D3/><U70/><E70/><V85/><F113/><W53/><G4/><T5/><D112/><U81/><E81/><V66/><F22/><W105/><G105/><T83/><D116/><U101/><E114/><V63/><F95/><W24/><G24/><T68/><D131/><U110/><E49/><V72/><F85/><W134/><G134/><T102/><D124/><N who="1" m="47659" /><E41/><N who="2" m="22847" /><F72/><W80/><G58/><N who="2" m="22057" /><F66/><W88/><REACH who="3" step="1"/><G53/><REACH who="3" ten="241,354,237,158" step="2"/><T117/><D117/><U61/><E6/><V111/><F111/><W118/><G118/><T115/><D115/><U90/><E108/><V132/><F132/><W123/><G123/><AGARI ba="1,1" hai="47,48,54,63,64,69,122,123" m="22057,22847" machi="123" ten="30,7700,0" yaku="34,2,52,2" doraHai="119" who="2" fromWho="3" sc="241,0,354,0,237,90,158,-80" /><INIT seed="2,0,0,3,5,81" ten="241,354,327,78" oya="2" hai0="19,7,24,43,128,64,94,59,3,100,108,45,112" hai1="9,1,50,62,57,135,124,41,110,80,133,116,34" hai2="4,129,99,44,11,28,58,38,20,33,13,104,17" hai3="74,65,67,69,107,105,68,26,93,51,134,5,14"/><V37/><F129/><W25/><G74/><T117/><D112/><U16/><E34/><V119/><F119/><W63/><G134/><T122/><D128/><U46/><E116/><V47/><F104/><W40/><G5/><T126/><D126/><U0/><E124/><V70/><F70/><W83/><G83/><T30/><D117/><U8/><E110/><V77/><F77/><W97/><G14/><T53/><D108/><U31/><E31/><V18/><F99/><W61/><G40/><T115/><D122/><U123/><E123/><V66/><F66/><W111/><G111/><T21/><D115/><U88/><E1/><V10/><F58/><W127/><G127/><T98/><D3/><U82/><E0/><V39/><F33/><W6/><G6/><T42/><D7/><U87/><E82/><V109/><F28/><W92/><G51/><T106/><D106/><U52/><E16/><V90/><F109/><W73/><G73/><T36/><D36/><U54/><E41/><V49/><F90/><W125/><G125/><T12/><D45/><U89/><E89/><V56/><F56/><W79/><REACH who="3" step="1"/><G97/><REACH who="3" ten="241,354,327,68" step="2"/><T95/><D94/><U121/><E121/><V91/><F49/><W32/><G32/><T27/><D27/><U22/><E133/><V75/><F75/><W132/><G132/><T114/><D114/><U131/><E135/><V102/><F39/><W84/><G84/><T101/><D101/><U29/><E131/><V15/><F20/><W76/><AGARI ba="0,1" hai="25,26,61,63,65,67,68,69,76,79,92,93,105,107" machi="76" ten="25,6400,0" yaku="1,1,0,1,22,2,53,0" doraHai="81" doraHaiUra="55" who="3" fromWho="3" sc="241,-16,354,-16,327,-32,68,74" /><INIT seed="3,0,0,0,4,27" ten="225,338,295,142" oya="3" hai0="6,50,18,67,129,32,70,13,56,2,83,31,4" hai1="59,12,16,113,111,115,66,72,79,39,92,84,108" hai2="55,42,11,68,23,41,19,112,29,28,21,126,14" hai3="62,82,0,103,95,47,74,105,120,99,22,58,121"/><W37/><G0/><T35/><D83/><U20/><E39/><V30/><F112/><W134/><G134/><T80/><D80/><N who="1" m="47135" /><E72/><V5/><F68/><W48/><G37/><T101/><D101/><U122/><E122/><V102/><F126/><W88/><G22/><N who="2" m="8201" /><F102/><W69/><G69/><T9/><D70/><U127/><E92/><V8/><F5/><W49/><G49/><T73/><D73/><U24/><E24/><V36/><F36/><W76/><G58/><T78/><D78/><U71/><E71/><V64/><F8/><W131/><G62/><T132/><D67/><U10/><E10/><V75/><F64/><W125/><G125/><T118/><D118/><U87/><E127/><V54/><F75/><W7/><G7/><N who="0" m="1271" /><D50/><U53/><E66/><V51/><F55/><W25/><G25/><N who="0" m="18543" /><D56/><AGARI ba="0,0" hai="11,14,19,28,29,30,41,42,51,54,56" m="8201" machi="56" ten="30,7700,0" yaku="8,1,52,3" doraHai="27" who="2" fromWho="0" sc="225,-77,338,0,295,77,142,0" owari="148,-25.0,338,14.0,372,47.0,142,-36.0" /></mjloggm>