<mjloggm ver="2.3"><GO type="225" lobby="0"/><UN n0="%E9%A3%9B%E7%BE%BD%E6%84%9B%E6%AD%8C" n1="%E3%82%B3%E3%83%BC%E3%83%B3%E3%83%9D%E3%82%BF%E3%83%BC%E3%82%B8%E3%83%A5" n2="%E9%87%98%E5%AE%AE%E7%97%85%E6%82%A3%E8%80%85" n3="%E3%82%A6%E3%83%AB%E3%83%88%E3%83%A9%E7%AB%8B%E7%9B%B4" dan="16,16,17,16" rate="2074.01,2105.45,2148.75,2049.48" sx="M,M,F,M"/><TAIKYOKU oya="0"/><INIT seed="0,0,0,2,1,2" ten="250,250,250,250" oya="0" hai0="82,123,126,3,104,25,114,134,110,86,56,63,96" hai1="35,52,62,5,64,71,98,14,77,76,58,39,40" hai2="34,119,66,122,38,17,26,20,89,87,95,132,10" hai3="68,109,19,24,8,60,133,106,117,59,105,103,74"/><T57/><D123/><U50/><E35/><V51/><F122/><W69/><G74/><T79/><D114/><U75/><E75/><V21/><F38/><W33/><G117/><T65/><D134/><U112/><E112/><V93/><F132/><W16/><G133/><T31/><D126/><U129/><E129/><V37/><F37/><W118/><G118/><T107/><D110/><U36/><E98/><V113/><F113/><W99/><G106/><T13/><D3/><U44/><E39/><V100/><F34/><W30/><G109/><T131/><D131/><U54/><E54/><V116/><F66/><W92/><G105/><T18/><D57/><U4/><E14/><V61/><F61/><W9/><G9/><T127/><D96/><U128/><E128/><V72/><F72/><W0/><G0/><T12/><D12/><U42/><E40/><V48/><F20/><W120/><G120/><T111/><D111/><U28/><E28/><V101/><F10/><W125/><G125/><T124/><D127/><U11/><E11/><V49/><REACH who="2" step="1"/><F95/><REACH who="2" ten="250,250,240,250" step="2"/><W46/><G8/><N who="0" m="6439" /><D124/><U55/><REACH who="1" step="1"/><E55/><REACH who="1" ten="250,240,240,250" step="2"/><V135/><F135/><W45/><G33/><N who="0" m="20719" /><D107/><U47/><E47/><V15/><F15/><W84/><G46/><T90/><D104/><U81/><E81/><V6/><F6/><AGARI ba="0,2" hai="4,5,6,36,42,44,50,52,58,62,64,71,76,77" machi="6" ten="40,16000,3" yaku="1,1,24,2,52,3,54,1,53,3" doraHai="2" doraHaiUra="1" who="1" fromWho="2" sc="250,0,240,180,240,-160,250,0" /><INIT seed="1,0,0,2,3,52" ten="250,420,80,250" oya="1" hai0="76,33,94,56,37,117,15,5,71,116,85,129,82" hai1="19,79,40,55,4,39,7,23,126,133,57,90,130" hai2="125,20,54,62,8,45,65,59,101,115,109,63,12" hai3="11,48,3,108,84,26,2,99,58,22,27,50,9"/><U89/><E126/><V49/><F109/><W60/><G108/><T70/><D33/><U16/><E79/><V64/><F125/><W91/><G99/><T118/><D37/><U132/><E130/><V83/><F115/><W102/><G102/><T88/><D129/><U42/><E39/><V46/><F101/><W53/><G3/><T106/><D106/><U77/><E77/><V114/><F114/><W30/><G26/><T104/><D104/><U112/><E112/><V38/><F20/><W35/><G35/><T69/><D56/><U123/><E123/><V72/><F72/><W107/><G107/><T47/><D47/><N who="2" m="17930" /><F83/><N who="3" m="49567" /><G2/><T110/><D110/><U25/><E19/><V17/><F38/><W78/><G78/><T66/><D66/><AGARI ba="0,0" hai="8,12,17,49,54,59,62,63,64,65,66" m="17930" machi="66" ten="30,2000,0" yaku="8,1,52,1" doraHai="52" who="2" fromWho="0" sc="250,-20,420,0,80,20,250,0" /><INIT seed="2,0,0,4,4,63" ten="230,420,100,250" oya="2" hai0="91,59,35,123,88,94,65,110,122,95,72,32,129" hai1="1,116,100,75,15,61,80,22,132,93,28,64,3" hai2="125,39,86,127,55,112,135,36,103,89,130,25,53" hai3="92,10,21,24,128,14,44,121,49,71,5,34,45"/><V56/><F103/><W69/><G121/><T119/><D72/><U66/><E116/><V102/><F102/><W98/><G128/><T79/><D79/><U109/><E109/><V87/><F112/><W70/><G34/><T114/><D114/><U107/><E107/><V29/><F130/><W113/><G113/><T81/><D129/><U19/><E132/><V12/><F12/><W73/><G73/><T17/><D110/><U37/><E37/><N who="2" m="14411" /><F135/><W57/><G57/><T20/><D119/><U18/><E15/><V115/><F115/><W7/><G7/><T60/><D81/><U108/><E100/><V105/><F105/><W104/><G104/><T83/><D83/><U16/><E108/><V52/><F56/><W101/><G70/><T117/><D117/><U111/><E3/><V97/><F97/><W41/><G69/><T0/><D0/><U11/><E1/><V133/><F133/><W4/><G71/><T78/><D78/><U27/><E111/><V2/><F2/><W51/><G14/><N who="0" m="9271" /><D32/><U68/><E68/><V77/><F77/><W54/><G10/><T74/><D35/><U13/><E75/><V6/><F6/><W50/><G5/><T134/><D74/><U31/><E13/><V76/><F76/><W23/><G4/><T85/><D134/><U120/><E120/><V26/><F26/><W82/><G82/><T40/><D40/><U84/><E27/><V124/><F89/><W42/><G24/><T47/><D47/><U30/><E11/><V131/><F131/><W67/><G44/><T48/><D122/><U62/><E22/><AGARI ba="0,0" hai="22,25,29,52,53,55,86,87,124,125,127" m="14411" machi="22" ten="40,7700,0" yaku="6,1,18,1,54,1" doraHai="63" who="2" fromWho="1" sc="230,0,420,-77,100,77,250,0" /><INIT seed="2,1,0,5,3,54" ten="230,343,177,250" oya="2" hai0="42,28,46,79,83,32,126,20,111,11,7,16,27" hai1="4,33,85,115,82,65,104,12,67,125,127,49,105" hai2="112,72,23,97,95,96,87,35,70,84,13,26,8" hai3="69,114,34,68,25,1,60,52,118,71,98,39,31"/><V47/><F70/><W116/><G1/><T124/><D111/><U66/><E33/><V133/><F72/><W21/><G39/><T81/><D32/><U130/><E115/><V55/><F112/><W3/><G3/><N who="0" m="511" /><D28/><U48/><E130/><V45/><F35/><W122/><G122/><T37/><D81/><U14/><E82/><V6/><F133/><W61/><G114/><T100/><D100/><U113/><E113/><V22/><F22/><W29/><G29/><T94/><D94/><U2/><E85/><N who="2" m="32843" /><F55/><W102/><G21/><T89/><D89/><U19/><E125/><V91/><F96/><W88/><G88/><T73/><AGARI ba="1,0" hai="16,20,27,37,42,46,73,79,83,124,126" m="511" machi="73" ten="30,2000,0" yaku="25,1,54,1" doraHai="54" who="0" fromWho="0" sc="230,23,343,-6,177,-11,250,-6" /><INIT seed="3,0,0,2,2,56" ten="253,337,166,244" oya="3" hai0="122,98,83,15,61,116,99,125,89,2,37,27,43" hai1="62,72,129,32,19,135,63,133,20,88,74,5,126" hai2="104,94,75,66,118,23,35,128,64,127,123,48,26" hai3="18,80,110,78,59,106,71,117,102,36,68,65,53"/><W81/><G36/><T39/><D2/><U22/><E32/><V13/><F118/><W31/><G117/><T86/><D116/><U77/><E126/><V76/><F104/><W47/><G110/><T0/><D0/><U3/><E129/><V73/><F128/><W95/><G31/><T91/><D122/><U93/><E5/><V6/><F127/><W85/><G106/><T119/><D119/><U1/><E77/><V103/><F123/><W41/><G65/><T14/><D39/><U90/><E93/><V44/><F35/><W109/><G109/><T115/><D37/><U60/><E60/><V54/><F75/><W100/><G81/><T121/><D121/><U40/><E19/><V113/><F113/><W70/><G95/><T108/><D83/><U130/><E130/><V21/><F73/><W33/><G33/><T52/><D61/><U17/><E17/><V58/><F76/><W96/><G96/><T55/><D125/><U67/><E67/><V132/><F132/><W87/><G87/><T79/><D79/><U105/><E105/><V111/><F111/><W97/><G97/><T12/><D99/><U82/><E82/><V46/><F66/><W24/><G47/><T25/><D98/><U42/><AGARI ba="0,0" hai="1,3,20,22,40,42,62,63,72,74,88,90,133,135" machi="42" ten="25,12000,2" yaku="0,1,22,2,52,2,54,1" doraHai="56" who="1" fromWho="1" sc="253,-30,337,120,166,-30,244,-60" owari="223,2.0,457,56.0,136,-36.0,184,-22.0" /></mjloggm>