<mjloggm ver="2.3"><GO type="97" lobby="0"/><UN n0="%E3%82%A6%E3%83%AB%E3%83%88%E3%83%A9%E7%AB%8B%E7%9B%B4" n1="%E7%8C%AB%E4%BD%BF%E3%81%84" n2="%E3%83%88%E3%83%A0%E3%83%BC" n3="%E3%81%BE%E3%82%81%E6%B4%97%E5%9D%82" dan="15,13,15,14" rate="2005.32,1825.89,1960.83,1940.72" sx="M,F,F,M"/><TAIKYOKU oya="0"/><INIT seed="0,0,0,0,4,97" ten="250,250,250,250" oya="0" hai0="33,21,5,84,39,0,40,75,109,81,68,13,18" hai1="126,112,83,128,28,67,76,73,100,19,74,107,60" hai2="114,9,118,69,110,72,43,49,91,14,15,98,131" hai3="129,70,56,96,42,121,101,134,11,94,37,120,7"/><T87/><D68/><U127/><E112/><V63/><F114/><W90/><G70/><T34/><D109/><U117/><E117/><V102/><F72/><W104/><G134/><T55/><D84/><U23/><E74/><V16/><F110/><W82/><G129/><T124/><D124/><N who="1" m="47659" /><E28/><V3/><F3/><W122/><G56/><T41/><D55/><U17/><E128/><V86/><F118/><W116/><G116/><T30/><D40/><U80/><E80/><V95/><F131/><W59/><G59/><T65/><D65/><U113/><E113/><V125/><F125/><W135/><G82/><T108/><D108/><U111/><E111/><V119/><F119/><W54/><G54/><T12/><D87/><U61/><E19/><V53/><F69/><W99/><G135/><T52/><D52/><U77/><E77/><V24/><F63/><W20/><G20/><T106/><D106/><U44/><E44/><V64/><F64/><W36/><REACH who="3" step="1"/><G42/><REACH who="3" ten="250,250,250,240" step="2"/><T35/><D41/><U71/><E61/><V89/><F43/><W38/><G38/><T133/><D39/><U103/><E107/><V62/><F62/><W45/><G45/><T105/><D105/><U58/><E71/><V22/><F53/><W31/><G31/><T130/><D133/><U88/><E58/><V47/><F47/><W115/><G115/><T32/><D130/><U92/><E23/><V93/><F22/><W25/><G25/><N who="0" m="18511" /><D81/><U48/><E67/><V79/><F79/><W51/><G51/><T6/><D35/><U27/><E48/><V57/><F57/><W123/><G123/><RYUUKYOKU ba="0,1" sc="250,-10,250,-10,250,-10,240,30" hai3="7,11,36,37,90,94,96,99,101,104,120,121,122" /><INIT seed="1,1,1,1,0,61" ten="240,240,240,270" oya="1" hai0="82,98,13,15,64,122,80,68,7,50,11,119,66" hai1="93,108,95,74,26,40,128,111,88,59,6,5,105" hai2="65,1,9,22,27,135,21,55,114,43,45,14,31" hai3="127,41,2,46,38,62,131,16,87,77,28,18,112"/><U123/><E105/><V52/><F135/><W120/><G112/><T79/><D68/><U54/><E74/><V29/><F114/><W117/><G117/><T69/><D69/><U60/><E123/><V115/><F115/><W39/><G120/><T106/><D119/><U58/><E128/><V49/><F1/><W109/><G131/><T56/><D122/><U4/><E40/><V130/><F130/><W30/><G2/><T71/><D71/><U57/><E26/><V86/><F86/><W51/><G127/><T83/><D79/><U94/><E54/><V133/><F133/><W91/><G77/><T134/><D134/><U124/><E124/><V32/><F32/><W48/><G109/><N who="1" m="42058" /><E60/><V37/><F37/><W96/><G96/><AGARI ba="1,1" hai="4,5,6,57,58,59,88,93,94,95,96" m="42058" machi="96" ten="40,7700,0" yaku="14,1,10,1,54,1" doraHai="61" who="1" fromWho="3" sc="240,0,240,90,240,0,270,-80" /><INIT seed="1,2,0,1,0,72" ten="240,330,240,190" oya="1" hai0="66,39,46,40,120,55,135,27,7,65,92,103,96" hai1="78,86,36,19,17,111,16,18,11,70,133,127,20" hai2="59,21,38,32,74,88,8,98,5,113,10,60,93" hai3="48,26,6,97,77,54,50,22,110,15,62,104,44"/><U2/><E36/><V63/><F38/><W116/><G116/><T12/><D135/><U51/><E70/><V37/><F37/><W25/><G110/><T76/><D120/><U118/><E118/><V102/><F32/><W84/><G62/><T29/><D55/><U31/><E111/><V87/><F113/><W57/><G104/><T132/><D132/><U83/><E133/><V129/><F129/><W115/><G97/><T56/><D56/><U122/><E122/><V109/><F109/><W49/><G115/><T68/><D68/><U1/><E127/><V82/><F21/><W9/><G25/><T119/><D119/><U128/><E128/><V94/><F10/><W69/><G69/><T79/><D7/><U43/><E31/><V101/><F63/><W130/><G130/><T33/><REACH who="0" step="1"/><D12/><REACH who="0" ten="230,330,240,190" step="2"/><U67/><E67/><AGARI ba="2,1" hai="27,29,33,39,40,46,65,66,67,76,79,92,96,103" machi="67" ten="40,8000,1" yaku="1,1,2,1,52,2,53,0" doraHai="72" doraHaiUra="3" who="0" fromWho="1" sc="230,96,330,-86,240,0,190,0" /><INIT seed="2,0,0,5,0,99" ten="326,244,240,190" oya="2" hai0="128,29,30,122,22,14,89,120,129,76,69,37,134" hai1="119,121,40,1,3,2,9,10,26,20,23,114,98" hai2="81,116,67,127,90,87,105,118,91,92,110,84,130" hai3="51,132,12,55,50,97,52,82,131,13,6,38,111"/><V124/><F67/><W54/><G38/><T93/><D37/><U7/><E40/><V86/><F130/><N who="0" m="50282" /><D69/><U31/><E114/><V24/><F24/><W35/><G35/><T18/><D76/><U68/><E68/><V33/><F33/><W8/><G131/><T79/><D79/><U77/><E77/><V117/><F105/><W96/><G82/><T83/><D83/><U75/><E75/><V123/><F123/><N who="0" m="47146" /><D134/><U21/><E98/><AGARI ba="0,0" hai="14,18,22,29,30,89,93,98" m="47146,50282" machi="98" ten="30,1000,0" yaku="19,1" doraHai="99" who="0" fromWho="1" sc="326,10,244,-10,240,0,190,0" /><INIT seed="3,0,0,1,1,19" ten="336,234,240,190" oya="3" hai0="44,31,59,61,127,7,107,103,66,113,77,68,58" hai1="114,48,0,40,119,111,8,108,47,121,65,35,89" hai2="42,36,39,46,123,26,133,79,78,11,56,28,63" hai3="92,22,67,91,17,97,37,135,54,112,115,4,71"/><W51/><G37/><T84/><D7/><N who="1" m="1127" /><E35/><V128/><F133/><W45/><G135/><T15/><D15/><U16/><E114/><V81/><F128/><W30/><G30/><T50/><D127/><U52/><E121/><V60/><F123/><W85/><G4/><T83/><D113/><U1/><E1/><V86/><F78/><W106/><G71/><T73/><D73/><U126/><E65/><V27/><F27/><W118/><G67/><T32/><D103/><U3/><E3/><V43/><F11/><W33/><G33/><T24/><D107/><U75/><E75/><V100/><F100/><W129/><G118/><T12/><D12/><U130/><E130/><V87/><F87/><W82/><G106/><T80/><D80/><U57/><E89/><V2/><F2/><W116/><G116/><T109/><D109/><N who="1" m="42059" /><E119/><V105/><F105/><W124/><G124/><T95/><D95/><U120/><E120/><V18/><F18/><W49/><G49/><T76/><D76/><U13/><E126/><V5/><F5/><W70/><G70/><T14/><D14/><U20/><E40/><AGARI ba="0,0" hai="24,31,32,40,44,50,58,59,61,66,68,77,83,84" machi="40" ten="30,1000,0" yaku="7,1" doraHai="19" who="0" fromWho="1" sc="336,10,234,-10,240,0,190,0" owari="346,45.0,224,-18.0,240,4.0,190,-31.0" /></mjloggm>