<mjloggm ver="2.3"><GO type="97" lobby="0"/><UN n0="%E3%82%81%E3%81%9F%E3%82%8B%E3%81%8D%E3%82%93%E3%81%90" n1="%E3%81%A7%E3%82%93%E3%81%A7%E3%82%93%E2%99%AA" n2="%E7%99%BD%E9%8A%80%E3%81%8F%E3%82%93" n3="%E3%82%A6%E3%83%AB%E3%83%88%E3%83%A9%E7%AB%8B%E7%9B%B4" dan="15,14,15,15" rate="2000.07,1982.30,1995.84,2043.53" sx="M,F,M,M"/><TAIKYOKU oya="0"/><INIT seed="0,0,0,2,1,115" ten="250,250,250,250" oya="0" hai0="4,27,127,34,52,48,108,114,99,14,134,110,118" hai1="65,50,30,42,53,121,120,60,91,76,94,84,79" hai2="33,105,125,106,36,64,28,111,78,112,87,35,93" hai3="133,51,131,19,96,15,117,0,41,66,5,26,80"/><T6/><D114/><U90/><E42/><V68/><F112/><W32/><G66/><T126/><D134/><U128/><E128/><V81/><F36/><W130/><G51/><T95/><D27/><U55/><E121/><V83/><F111/><N who="0" m="42538" /><D34/><U72/><E72/><V86/><F125/><N who="0" m="47626" /><D14/><U21/><E120/><V47/><F47/><W109/><G41/><T122/><D122/><U18/><E30/><V29/><F93/><W40/><G40/><T1/><D1/><U102/><E102/><V119/><F64/><W116/><G109/><T10/><D10/><U16/><E90/><V20/><F20/><N who="3" m="11391" /><G133/><T44/><D118/><N who="3" m="45673" /><G96/><T113/><D113/><U98/><E18/><V69/><F119/><W74/><G80/><T101/><AGARI ba="0,0" hai="4,6,44,48,52,95,99,101" m="47626,42538" machi="101" ten="30,11700,0" yaku="14,1,10,1,18,1,54,1" doraHai="115" who="0" fromWho="0" sc="250,117,250,-39,250,-39,250,-39" /><INIT seed="0,1,0,0,3,92" ten="367,211,211,211" oya="0" hai0="110,7,59,73,20,18,82,88,113,39,38,40,66" hai1="26,32,79,41,50,65,11,104,31,55,1,72,78" hai2="115,93,106,86,81,135,117,54,101,114,83,60,6" hai3="58,87,67,2,8,90,48,127,125,10,64,44,84"/><T68/><D68/><U16/><E104/><V30/><F135/><W122/><G122/><T42/><D113/><U70/><E41/><V134/><F134/><W102/><G102/><T4/><D39/><U119/><E119/><V80/><F6/><W51/><G58/><T57/><D73/><U33/><E33/><V25/><F117/><W126/><G2/><T112/><D112/><U24/><E72/><V17/><F17/><W77/><G90/><T45/><D40/><U99/><E99/><V9/><F9/><W36/><G36/><T43/><D43/><U61/><E1/><V12/><F12/><W74/><G74/><T120/><D110/><U19/><E26/><V89/><F60/><W56/><G56/><T98/><D120/><U130/><E130/><V13/><F13/><W14/><G14/><T128/><D128/><U85/><E85/><N who="3" m="32842" /><G77/><T107/><D107/><U52/><E55/><V75/><F54/><W121/><G121/><T34/><D38/><U46/><REACH who="1" step="1"/><E19/><REACH who="1" ten="367,201,211,211" step="2"/><V129/><F129/><W22/><G126/><T109/><D18/><U94/><E94/><V95/><F95/><W96/><G125/><T71/><D34/><U97/><E97/><N who="2" m="61743" /><F25/><W131/><G127/><T100/><D42/><U116/><E116/><V63/><F75/><W5/><G131/><T47/><D98/><U29/><E29/><V91/><F30/><W111/><G67/><T0/><D66/><U124/><E124/><V35/><F115/><W132/><G64/><T49/><D0/><U118/><E118/><V28/><F114/><W62/><G132/><T123/><D123/><RYUUKYOKU ba="1,1" sc="367,-10,201,30,211,-10,211,-10" hai1="11,16,24,31,32,46,50,52,61,65,70,78,79" /><INIT seed="1,2,1,0,3,104" ten="357,231,201,201" oya="1" hai0="72,28,55,59,117,116,44,22,119,75,130,73,131" hai1="51,83,16,18,5,60,135,15,42,24,96,11,1" hai2="86,93,0,57,101,45,102,121,127,65,118,49,114" hai3="13,105,32,84,8,90,47,52,10,77,108,7,79"/><U3/><E135/><V81/><F121/><W19/><G32/><T69/><D44/><U103/><E83/><V110/><F118/><W99/><G108/><T43/><D43/><U4/><E60/><V33/><F110/><W68/><G68/><T87/><D87/><U113/><E113/><V26/><F0/><W107/><G107/><T82/><D82/><U70/><E70/><V74/><F127/><W9/><G99/><T66/><D66/><U6/><E1/><V89/><F114/><W134/><G105/><T78/><D78/><U50/><E3/><V124/><F124/><W67/><G67/><T14/><D69/><U132/><E132/><V128/><F128/><N who="0" m="49194" /><D14/><N who="1" m="7263" /><E24/><V111/><F57/><W106/><G106/><T129/><D129/><U54/><E42/><V98/><F65/><W12/><G12/><T63/><D22/><N who="1" m="11615" /><E54/><V29/><F111/><W125/><G125/><T85/><D85/><U62/><E62/><V61/><F61/><W17/><G134/><T20/><D20/><U88/><E103/><V38/><F38/><W100/><G100/><T133/><D133/><U97/><E97/><V2/><F2/><W23/><G79/><T120/><D28/><U95/><AGARI ba="2,1" hai="4,5,6,50,51,88,95,96" m="11615,7263" machi="95" ten="30,6000,0" yaku="8,1,54,2" doraHai="104" who="1" fromWho="1" sc="357,-22,231,76,201,-22,201,-22" /><INIT seed="1,3,0,4,0,33" ten="335,307,179,179" oya="1" hai0="53,60,18,13,11,100,120,40,70,104,125,2,35" hai1="30,99,72,45,21,52,103,75,94,128,130,36,31" hai2="109,0,22,77,9,105,29,132,61,16,113,111,89" hai3="81,131,46,34,1,5,39,7,91,98,4,126,43"/><U32/><E32/><V129/><F105/><W83/><G34/><T123/><D35/><U58/><E45/><V79/><F129/><N who="1" m="49769" /><E36/><V10/><F132/><W78/><G131/><T85/><D40/><U37/><E37/><V23/><F113/><W82/><G126/><T3/><D125/><U76/><E76/><V14/><F61/><W17/><G17/><T54/><D54/><U62/><E21/><V41/><F41/><W49/><G39/><T112/><D112/><U65/><E65/><V122/><F122/><W67/><G67/><T15/><D100/><U51/><E62/><V26/><F89/><W48/><G48/><T24/><D104/><U118/><E118/><V50/><F50/><W97/><G78/><T92/><D24/><U110/><E110/><N who="2" m="41995" /><F79/><W63/><G63/><T115/><D115/><U117/><E117/><V8/><F77/><W116/><G116/><T57/><D70/><U25/><E25/><V28/><F28/><AGARI ba="3,0" hai="28,30,31,51,52,58,72,75,94,99,103" m="49769" machi="28" ten="30,2900,0" yaku="19,1,54,1" doraHai="33" who="1" fromWho="2" sc="335,0,307,38,179,-38,179,0" /><INIT seed="1,4,0,5,2,63" ten="335,345,141,179" oya="1" hai0="121,101,99,91,52,41,86,17,131,90,62,30,130" hai1="50,53,2,13,64,22,43,49,79,117,12,114,44" hai2="82,85,4,75,78,134,36,87,16,0,113,37,51" hai3="76,109,46,93,115,105,98,97,5,3,9,67,70"/><U132/><E114/><V116/><F116/><W89/><G115/><T123/><D41/><U83/><E2/><V80/><F113/><W65/><G70/><T60/><D30/><U57/><E117/><V112/><F112/><W94/><G105/><T108/><D17/><U15/><E132/><V61/><F134/><W58/><G109/><T77/><D77/><U38/><E38/><V74/><F61/><W110/><G110/><T20/><D20/><U135/><E135/><V39/><F51/><W19/><G76/><T14/><D14/><U55/><E43/><V33/><F33/><W81/><G81/><N who="0" m="49487" /><D91/><U106/><E106/><V27/><F4/><W129/><G129/><N who="0" m="49163" /><D108/><U26/><E64/><V6/><F6/><W59/><G19/><T88/><D88/><U11/><E22/><V102/><F102/><W23/><G23/><T84/><D84/><N who="1" m="48255" /><E26/><V124/><F0/><W24/><G24/><T45/><D45/><U56/><E56/><N who="3" m="21546" /><G3/><T107/><D52/><U72/><E72/><V126/><F75/><W111/><G111/><T133/><D133/><U10/><AGARI ba="4,0" hai="10,11,12,13,15,44,49,50,53,55,57" m="48255" machi="10" ten="30,1500,0" yaku="8,1" doraHai="63" who="1" fromWho="1" sc="335,-9,345,27,141,-9,179,-9" /><INIT seed="1,5,0,2,5,123" ten="326,372,132,170" oya="1" hai0="48,12,75,59,134,34,103,29,112,46,74,20,9" hai1="108,122,44,130,60,66,128,61,90,42,68,47,51" hai2="99,64,120,33,52,26,40,65,18,67,124,0,32" hai3="22,114,69,41,88,53,102,87,28,116,105,131,4"/><U73/><E73/><V101/><F120/><W133/><G69/><T2/><D112/><U56/><E90/><V119/><F119/><W24/><G114/><T86/><D34/><U5/><E5/><V78/><F0/><W7/><G116/><T58/><D134/><U27/><E27/><V110/><F124/><W43/><G131/><N who="1" m="50218" /><E122/><V21/><F78/><W95/><G133/><T94/><D2/><U39/><E60/><V37/><F110/><W11/><G105/><T132/><D75/><U10/><E10/><V63/><F40/><W111/><G102/><T70/><D74/><U121/><E121/><V15/><F37/><W135/><G135/><T89/><D132/><U93/><E93/><V76/><F76/><W91/><G111/><T49/><D103/><U8/><E8/><V127/><F127/><W97/><G53/><T83/><D94/><U84/><E84/><V54/><F63/><W98/><G98/><T81/><D81/><U36/><E36/><V79/><F79/><W117/><G117/><T57/><D70/><U62/><E62/><V80/><F80/><W104/><G104/><T1/><D1/><U100/><E100/><V35/><REACH who="2" step="1"/><F26/><REACH who="2" ten="326,372,122,170" step="2"/><W13/><G4/><T30/><D83/><AGARI ba="5,1" hai="7,11,13,22,24,28,41,43,83,87,88,91,95,97" machi="83" ten="30,3900,0" yaku="7,1,8,1,54,1" doraHai="123" who="3" fromWho="0" sc="326,-54,372,0,122,0,170,64" /><INIT seed="2,0,0,3,2,80" ten="272,372,122,234" oya="2" hai0="44,13,6,100,10,125,68,117,14,72,27,66,59" hai1="129,4,85,5,12,97,1,58,35,39,40,123,47" hai2="105,99,34,131,15,84,65,22,18,11,124,73,71" hai3="56,53,21,87,108,0,109,89,75,94,62,115,127"/><V60/><F73/><W23/><G75/><T45/><D72/><U77/><E35/><V86/><F34/><W93/><G0/><T51/><D68/><U49/><E1/><V106/><F124/><W78/><G78/><T70/><D70/><U28/><E129/><V7/><F131/><W32/><G32/><T121/><D121/><U67/><E123/><V24/><REACH who="2" step="1"/><F99/><REACH who="2" ten="272,372,112,234" step="2"/><W90/><G127/><T126/><D125/><U33/><E33/><V20/><F20/><W8/><G115/><T57/><D126/><U101/><E97/><V16/><F16/><W69/><G8/><T79/><D10/><N who="1" m="4167" /><E5/><V82/><F82/><W81/><G81/><T37/><D6/><U96/><E96/><V29/><F29/><W130/><G130/><T120/><D120/><U36/><E28/><V63/><F63/><W118/><G23/><T128/><D128/><U17/><E17/><V31/><F31/><W102/><G21/><T134/><D117/><U133/><E101/><V122/><F122/><W38/><G102/><T95/><D100/><U114/><E114/><V76/><F76/><W111/><G118/><T98/><D79/><U112/><E112/><V46/><F46/><W9/><G9/><T50/><D45/><U113/><E113/><V25/><F25/><W119/><G119/><T64/><D27/><U48/><E133/><V88/><F88/><W42/><G90/><T52/><D44/><U30/><E30/><V55/><F55/><W43/><G89/><T135/><D52/><N who="1" m="32015" /><E67/><V61/><F61/><W83/><G62/><T41/><D134/><U92/><E92/><RYUUKYOKU ba="0,1" sc="272,-15,372,15,112,15,234,-15" hai1="36,39,40,47,48,77,85" hai2="7,11,15,18,22,24,60,65,71,84,86,105,106" /><INIT seed="2,1,1,5,4,83" ten="257,387,127,219" oya="2" hai0="37,70,103,22,113,130,18,47,123,44,58,86,36" hai1="116,108,31,32,106,81,45,97,25,110,82,52,128" hai2="29,55,6,26,109,2,14,67,15,33,4,10,17" hai3="13,91,21,71,61,76,107,9,41,78,90,60,74"/><V57/><F67/><W23/><G107/><T125/><D70/><U122/><E116/><V69/><F69/><W131/><G41/><T87/><D123/><U104/><E122/><V35/><F109/><N who="1" m="42089" /><E128/><V129/><F129/><W46/><G46/><N who="0" m="17451" /><D37/><U132/><E132/><V34/><F55/><W1/><G1/><T12/><D36/><U95/><E95/><V59/><F57/><W5/><G74/><T11/><D130/><U79/><E97/><V20/><F59/><W112/><G112/><T124/><D113/><U16/><E16/><V80/><F80/><N who="1" m="30825" /><E79/><N who="3" m="30250" /><G131/><T92/><D58/><U49/><AGARI ba="1,1" hai="25,31,32,45,49,52,104,106" m="30825,42089" machi="49" ten="30,2000,0" yaku="14,1,54,1" doraHai="83" who="1" fromWho="1" sc="257,-6,387,33,127,-11,219,-6" /><INIT seed="3,0,0,1,5,34" ten="251,420,116,213" oya="3" hai0="104,57,68,0,59,133,94,69,93,43,58,85,52" hai1="125,128,24,92,80,38,72,134,29,121,30,100,130" hai2="63,76,35,31,110,48,12,81,132,111,89,64,97" hai3="120,54,102,7,41,49,28,124,82,56,95,53,70"/><W90/><G70/><T123/><D104/><U5/><E121/><V22/><F132/><W131/><G124/><T91/><D123/><U50/><E38/><V44/><F35/><W77/><G131/><N who="1" m="50218" /><E134/><V46/><F97/><W1/><G102/><T109/><D133/><U21/><E125/><V55/><F89/><W19/><G28/><T14/><D0/><U39/><E39/><V126/><F126/><W32/><G32/><T127/><D127/><U26/><E5/><V106/><F106/><W101/><G101/><T23/><D43/><U88/><E50/><V122/><F122/><W40/><G54/><T13/><D109/><U4/><E4/><V87/><F110/><W27/><G120/><T103/><D69/><U16/><E100/><V36/><F111/><W99/><G1/><T9/><D68/><U65/><E65/><V135/><F135/><W8/><G7/><T107/><D107/><U86/><E26/><V119/><F119/><W62/><G49/><N who="0" m="30863" /><D23/><U3/><E3/><V75/><F75/><W114/><G114/><T67/><D67/><U71/><E71/><V73/><F73/><W66/><G66/><T2/><D2/><U60/><E60/><V98/><F98/><W115/><G115/><T96/><D14/><U79/><AGARI ba="0,0" hai="16,21,24,29,30,72,79,80,86,88,92" m="50218" machi="79" ten="30,4000,0" yaku="19,1,54,2" doraHai="34" who="1" fromWho="1" sc="251,-10,420,40,116,-10,213,-20" owari="241,4.0,460,56.0,106,-39.0,193,-21.0" /></mjloggm>