<mjloggm ver="2.3"><GO type="97" lobby="0"/><UN n0="%67%61%72%75%63%69%61" n1="%E3%82%A8%E3%82%BB%E3%83%87%E3%82%B8%E3%82%BF%E3%83%AB%EF%BC%92%E5%8F%B7" n2="%E3%83%9E%E3%83%9C" n3="%E3%82%A6%E3%83%AB%E3%83%88%E3%83%A9%E7%AB%8B%E7%9B%B4" dan="14,14,14,15" rate="1967.78,1965.55,1939.16,2042.74" sx="M,M,M,M"/><TAIKYOKU oya="0"/><INIT seed="0,0,0,5,0,88" ten="250,250,250,250" oya="0" hai0="58,39,22,95,26,99,127,19,116,64,107,53,90" hai1="131,13,69,12,42,34,122,94,59,44,66,21,121" hai2="62,85,52,76,61,8,84,0,46,87,109,130,124" hai3="86,126,110,135,101,57,43,41,5,111,29,112,125"/><T24/><D116/><U71/><E131/><V2/><F109/><N who="3" m="41483" /><G112/><T32/><D39/><U10/><E34/><V118/><F118/><W70/><G70/><T123/><D123/><U132/><E132/><V129/><F76/><W55/><G135/><T17/><D107/><U56/><E122/><V60/><F124/><N who="3" m="47723" /><G29/><T91/><D127/><U93/><E121/><V114/><F114/><W82/><G5/><T92/><D64/><U78/><E78/><V65/><F8/><W33/><G33/><T77/><D77/><U31/><E69/><V3/><F65/><W106/><G101/><T73/><D73/><U1/><E1/><V28/><F28/><W120/><G106/><T51/><D32/><U48/><E71/><V117/><F117/><W23/><G23/><T20/><D95/><N who="1" m="36363" /><E66/><V104/><F104/><W25/><G82/><T50/><D50/><AGARI ba="0,0" hai="0,2,3,46,50,52,60,61,62,84,85,87,129,130" machi="50" ten="50,6400,0" yaku="29,2,54,1" doraHai="88" who="2" fromWho="0" sc="250,-64,250,0,250,64,250,0" /><INIT seed="1,0,0,3,5,14" ten="186,250,314,250" oya="1" hai0="51,98,125,31,74,1,101,43,116,102,128,42,85" hai1="107,25,119,90,104,68,97,11,18,12,95,8,132" hai2="35,36,94,75,109,22,32,80,117,64,19,37,110" hai3="57,47,44,33,30,112,82,123,115,45,129,21,88"/><U135/><E119/><V93/><F117/><W27/><G123/><T77/><D116/><U103/><E68/><V41/><F64/><W89/><G129/><T55/><D1/><U122/><E122/><V5/><F5/><W79/><G33/><T60/><D74/><U46/><E46/><V34/><F75/><W67/><G115/><T49/><D128/><U10/><E25/><V106/><F106/><W3/><G3/><T100/><D125/><U50/><E50/><V16/><F80/><W78/><G112/><T99/><D60/><U84/><REACH who="1" step="1"/><E104/><REACH who="1" ten="186,240,314,250" step="2"/><V15/><F36/><W92/><G45/><T83/><D49/><U111/><E111/><V114/><F114/><W59/><G47/><N who="0" m="28159" /><D31/><U17/><E17/><V86/><F19/><W29/><G44/><T134/><D134/><AGARI ba="0,1" hai="8,10,11,12,18,84,90,95,97,103,107,132,134,135" machi="134" ten="40,7700,0" yaku="1,1,20,1,52,1,53,0" doraHai="14" doraHaiUra="73" who="1" fromWho="0" sc="186,-77,240,87,314,0,250,0" /><INIT seed="1,1,0,0,5,8" ten="109,327,314,250" oya="1" hai0="83,104,114,39,80,43,124,36,37,109,50,87,131" hai1="48,44,22,3,116,20,57,112,10,85,63,38,65" hai2="54,70,5,75,113,21,135,94,52,88,93,24,29" hai3="28,73,45,30,110,16,120,4,90,86,98,6,107"/><U78/><E116/><V89/><F70/><W111/><G73/><T32/><D114/><U129/><E112/><V74/><F113/><W127/><G120/><T115/><D115/><U55/><E129/><V103/><F135/><W68/><G68/><T15/><D32/><U128/><E128/><V0/><F0/><W96/><G45/><T7/><D131/><U77/><E38/><V105/><F105/><W91/><G86/><T60/><D104/><U23/><REACH who="1" step="1"/><E85/><REACH who="1" ten="109,317,314,250" step="2"/><V2/><F75/><W19/><G107/><T102/><D37/><U100/><E100/><V101/><F74/><W97/><G97/><T133/><D39/><U13/><E13/><V64/><F103/><W35/><G35/><T56/><D36/><U9/><E9/><V81/><F101/><W14/><G127/><T1/><D124/><U66/><E66/><V17/><F64/><W59/><G14/><T69/><D1/><U41/><E41/><V34/><F2/><W117/><G117/><T119/><D119/><U61/><E61/><V62/><F62/><W42/><G42/><T47/><D102/><U125/><E125/><V49/><F54/><W79/><G96/><T72/><D72/><U126/><E126/><V95/><F52/><W134/><G98/><T99/><D99/><U25/><E25/><V84/><F24/><W46/><G134/><T31/><D133/><U53/><E53/><V12/><F12/><W118/><G118/><T106/><D15/><U108/><E108/><V121/><F84/><W132/><G132/><T51/><D87/><U92/><E92/><V26/><F95/><RYUUKYOKU ba="1,1" sc="109,-10,317,30,314,-10,250,-10" hai1="3,10,20,22,23,44,48,55,57,63,65,77,78" /><INIT seed="1,2,1,0,3,118" ten="99,347,304,240" oya="1" hai0="56,127,3,13,70,48,81,46,74,102,95,117,17" hai1="113,4,109,66,123,135,30,63,25,132,86,52,24" hai2="29,133,37,103,71,100,65,114,90,93,5,77,108" hai3="53,111,67,98,38,60,61,34,33,27,39,126,14"/><U121/><E113/><V59/><F114/><W97/><G14/><T64/><D3/><U82/><E4/><V79/><F37/><W134/><G27/><N who="1" m="10314" /><E30/><V12/><F71/><W55/><G67/><T115/><D70/><N who="1" m="42335" /><E52/><V41/><F41/><W83/><G83/><T57/><D115/><U107/><E107/><V87/><F29/><W1/><G1/><T28/><D117/><U91/><E109/><V105/><F108/><W10/><G10/><T6/><D28/><U101/><E101/><N who="2" m="38987" /><F105/><W88/><G111/><T84/><D74/><U22/><E22/><V130/><F5/><W122/><G39/><T50/><D6/><U42/><E42/><V8/><F8/><W7/><G7/><T16/><D64/><U62/><E62/><V89/><F65/><W58/><G38/><T120/><D17/><U49/><E49/><V124/><F59/><W51/><G58/><T19/><D19/><U112/><E112/><V128/><F12/><W96/><G51/><T110/><D110/><U47/><E47/><V11/><F11/><W45/><G45/><T21/><D57/><U76/><E76/><V31/><F31/><W32/><G60/><T116/><D116/><U9/><E9/><V2/><F2/><W125/><G61/><T23/><D23/><U18/><E18/><V72/><F77/><W26/><G34/><T35/><D35/><U99/><E99/><V54/><F79/><W78/><G33/><T40/><D56/><U68/><E68/><V44/><F54/><W131/><G32/><T43/><D50/><U104/><E104/><V69/><F69/><RYUUKYOKU ba="2,1" sc="99,-10,347,30,304,-10,240,-10" hai1="82,86,91,121,123,132,135" /><INIT seed="1,3,1,3,5,115" ten="89,377,294,230" oya="1" hai0="14,121,16,2,125,9,3,83,126,127,43,93,56" hai1="60,63,53,21,133,135,65,130,117,31,54,45,42" hai2="119,109,47,24,51,82,106,111,55,35,129,132,84" hai3="73,122,62,81,107,19,89,114,131,80,91,108,30"/><U49/><E31/><V70/><F70/><W41/><G30/><T96/><D83/><U90/><E21/><V8/><F106/><W78/><G41/><T36/><D121/><U116/><E90/><V6/><F132/><N who="1" m="50761" /><E130/><V97/><F129/><W64/><G131/><T13/><D56/><N who="1" m="34831" /><E42/><V76/><F97/><W85/><G107/><T23/><D43/><U44/><E44/><V102/><F102/><W58/><G114/><T22/><D36/><U69/><AGARI ba="3,1" hai="45,49,54,63,65,69,116,117" m="34831,50761" machi="69" ten="30,12000,1" yaku="20,1,34,2,52,2" doraHai="115" who="1" fromWho="1" sc="89,-43,377,139,294,-43,230,-43" /><INIT seed="1,4,0,3,3,63" ten="46,516,251,187" oya="1" hai0="70,9,86,121,130,25,77,76,122,71,97,133,35" hai1="66,124,24,108,93,40,134,49,67,10,12,96,4" hai2="34,16,62,99,6,3,73,79,38,109,98,0,43" hai3="50,126,116,23,128,104,19,91,129,69,100,83,54"/><U123/><E123/><N who="0" m="47113" /><D9/><U87/><E124/><V117/><F34/><W57/><G69/><N who="0" m="26123" /><D97/><U32/><E134/><V14/><F117/><W74/><G116/><T20/><D35/><U65/><E108/><V81/><F43/><W18/><G126/><T42/><D133/><U85/><E32/><V2/><F38/><W105/><G100/><T47/><D86/><N who="1" m="32779" /><E24/><V17/><F109/><W103/><G103/><T46/><D130/><N who="3" m="50281" /><G19/><T112/><D112/><U39/><E39/><V84/><F73/><W135/><G135/><T59/><D59/><U78/><E78/><N who="0" m="30313" /><D42/><U107/><E107/><V75/><F75/><W115/><G115/><T102/><D102/><N who="1" m="60687" /><E40/><V51/><F51/><AGARI ba="4,0" hai="4,10,12,49,51,65,66,67" m="60687,32779" machi="51" ten="30,11600,0" yaku="8,1,52,3" doraHai="63" who="1" fromWho="2" sc="46,0,516,128,251,-128,187,0" /><INIT seed="1,5,0,0,4,9" ten="46,644,123,187" oya="1" hai0="64,91,39,42,33,49,123,84,40,28,0,100,132" hai1="128,120,97,37,83,114,8,38,107,134,76,130,55" hai2="73,102,1,94,7,106,25,78,74,108,109,67,23" hai3="133,115,36,13,11,30,22,3,18,70,44,77,63"/><U98/><E120/><V45/><F106/><W81/><G115/><T95/><D39/><N who="1" m="14859" /><E114/><V69/><F67/><W61/><G133/><T31/><D0/><U15/><E134/><V129/><F69/><W104/><G104/><T105/><D123/><U87/><E107/><V125/><F125/><W27/><G70/><T41/><D132/><U90/><E55/><V119/><F119/><W43/><REACH who="3" step="1"/><G3/><REACH who="3" ten="46,644,123,177" step="2"/><T116/><D116/><U20/><E76/><V118/><F78/><W72/><AGARI ba="5,1" hai="11,13,18,22,27,30,36,43,44,61,63,72,77,81" machi="72" ten="20,12000,2" yaku="1,1,2,1,0,1,7,1,52,1,53,2" doraHai="9" doraHaiUra="59" who="3" fromWho="3" sc="46,-35,644,-65,123,-35,177,145" /><INIT seed="2,0,0,2,0,113" ten="11,579,88,322" oya="2" hai0="45,13,10,2,129,55,48,54,16,43,79,82,80" hai1="6,63,58,33,4,36,0,38,7,71,123,19,94" hai2="91,118,81,69,41,3,8,65,31,115,27,104,78" hai3="135,46,22,109,30,50,12,105,66,97,21,39,110"/><V20/><F104/><W61/><G39/><T86/><D2/><U107/><E107/><V73/><F115/><W88/><G135/><T120/><D120/><U17/><E71/><V14/><F3/><W119/><G12/><T130/><REACH who="0" step="1"/><D82/><REACH who="0" ten="1,579,88,322" step="2"/><U40/><E0/><V25/><F81/><W112/><G112/><T26/><D26/><U59/><E123/><V28/><F27/><W24/><G24/><T64/><D64/><U77/><E33/><V106/><F25/><W89/><G66/><T52/><AGARI ba="0,1" hai="10,13,16,43,45,48,52,54,55,79,80,86,129,130" machi="52" ten="30,12000,2" yaku="1,1,0,1,54,2,53,3" doraHai="113" doraHaiUra="49" who="0" fromWho="0" sc="1,130,579,-30,88,-60,322,-30" /><INIT seed="3,0,0,0,1,22" ten="131,549,28,292" oya="3" hai0="63,93,30,117,33,113,44,129,108,54,101,92,62" hai1="66,124,31,50,121,133,109,100,65,126,43,55,75" hai2="78,29,38,14,98,116,17,23,32,73,39,120,35" hai3="36,69,11,119,34,25,60,76,51,64,26,47,37"/><W104/><G104/><T81/><D117/><U85/><E121/><V135/><F39/><W48/><G119/><T27/><D108/><U97/><E75/><V107/><F38/><W83/><G36/><T77/><D129/><U4/><E109/><V53/><F107/><W5/><G34/><T84/><D113/><U130/><E43/><V8/><F98/><W24/><G37/><T89/><D101/><U61/><E130/><V82/><F53/><W49/><G47/><T90/><D44/><U79/><E133/><V87/><F116/><W2/><G83/><T115/><D115/><U45/><E4/><V118/><F118/><W20/><REACH who="3" step="1"/><G76/><REACH who="3" ten="131,549,28,282" step="2"/><T94/><D54/><U59/><E55/><V86/><F120/><W10/><G10/><T95/><N who="0" m="24064" /><DORA hai="7" /><T3/><REACH who="0" step="1"/><D3/><REACH who="0" ten="121,549,28,282" step="2"/><U71/><E79/><V132/><F78/><W91/><G91/><AGARI ba="0,2" hai="27,30,33,62,63,77,81,84,89,90,91" m="24064" machi="91" ten="50,6400,0" yaku="1,1,2,1,52,1,53,0" doraHai="22,7" doraHaiUra="40,103" who="0" fromWho="3" sc="121,84,549,0,28,0,282,-64" owari="205,-19.0,549,64.0,28,-47.0,218,2.0" /></mjloggm>