<mjloggm ver="2.3"><GO type="41" lobby="0"/><UN n0="%E3%82%A6%E3%83%AB%E3%83%88%E3%83%A9%E7%AB%8B%E7%9B%B4" n1="%E9%9B%80%E3%82%AD%E3%83%AB%EF%BC%B9%EF%BC%AF%EF%BC%B5" n2="%65%78%63%69%74%65" n3="%E3%81%84%E3%81%B5%E3%81%84%E3%82%80" dan="16,15,14,15" rate="2082.29,2037.89,2266.90,1937.69" sx="M,M,F,M"/><TAIKYOKU oya="0"/><INIT seed="0,0,0,2,4,31" ten="250,250,250,250" oya="0" hai0="127,56,51,71,117,3,10,92,15,4,64,84,45" hai1="94,52,58,110,19,99,72,80,116,21,49,60,132" hai2="25,87,13,17,103,11,129,79,18,114,97,62,91" hai3="29,101,74,120,93,90,20,6,34,36,59,119,57"/><T70/><D117/><U9/><E110/><V130/><F114/><W12/><G36/><T104/><D104/><U1/><E116/><V126/><F79/><W124/><G74/><T121/><D121/><U113/><E132/><V63/><F126/><W32/><G119/><T95/><D127/><U76/><E113/><V102/><F102/><W98/><G124/><T89/><D3/><U42/><E42/><V115/><F115/><W69/><G69/><T111/><D111/><U66/><E9/><V77/><F77/><W109/><G109/><T16/><D4/><U53/><E1/><V88/><F91/><W30/><G30/><T8/><D8/><U122/><E122/><V118/><F118/><W26/><G120/><T75/><D75/><U85/><E72/><V108/><F108/><W35/><REACH who="3" step="1"/><G101/><REACH who="3" ten="250,250,250,240" step="2"/><T37/><D37/><U41/><E41/><V44/><F130/><W48/><G48/><T7/><D70/><U55/><E49/><V54/><F129/><W86/><G86/><T38/><D71/><U61/><E61/><V105/><F62/><W106/><G106/><T133/><D38/><U47/><E47/><V107/><F63/><W96/><G96/><T78/><D45/><U46/><E46/><V68/><F107/><W23/><G23/><T27/><D51/><U135/><E135/><V112/><F68/><W28/><G28/><T50/><D133/><U14/><E99/><V131/><F112/><W128/><G128/><T22/><D50/><U43/><E43/><V5/><F131/><W123/><G123/><T24/><D22/><U67/><E67/><RYUUKYOKU ba="0,1" sc="250,-15,250,15,250,-15,240,15" hai1="14,19,21,52,53,55,58,60,66,76,80,85,94" hai3="6,12,20,26,29,32,34,35,57,59,90,93,98" /><INIT seed="1,1,1,5,2,89" ten="235,265,235,255" oya="1" hai0="122,115,67,72,79,42,23,17,88,60,12,14,117" hai1="27,135,18,51,5,132,40,33,98,112,91,9,1" hai2="34,65,45,113,120,133,83,41,50,19,126,24,131" hai3="78,129,102,59,90,21,39,70,82,3,68,94,43"/><U121/><E40/><V134/><F120/><W69/><G3/><T86/><D117/><U123/><E98/><V111/><F113/><W8/><G43/><T110/><D115/><U35/><E51/><V127/><F65/><W99/><G39/><T62/><D122/><N who="1" m="46603" /><E112/><V29/><F19/><W57/><G8/><T100/><D62/><U61/><E61/><V0/><F0/><W11/><G11/><T116/><D116/><U105/><E105/><V22/><F34/><N who="1" m="12809" /><E91/><V32/><F32/><W6/><G6/><T124/><D100/><U64/><E64/><V87/><F111/><W95/><G21/><AGARI ba="1,1" hai="1,5,9,18,21,27,132,135" m="12809,46603" machi="21" ten="40,3900,0" yaku="34,2" doraHai="89" who="1" fromWho="3" sc="235,0,265,52,235,0,255,-42" /><INIT seed="1,2,0,5,3,73" ten="235,317,235,213" oya="1" hai0="102,133,26,97,124,88,101,22,13,119,65,126,80" hai1="108,66,0,63,100,96,32,87,2,9,29,17,45" hai2="43,56,113,76,31,25,120,98,67,53,19,33,46" hai3="99,72,59,12,78,55,20,112,18,74,95,58,10"/><U37/><E87/><V122/><F113/><W3/><G112/><T103/><D119/><U42/><E17/><V23/><F67/><W35/><G35/><T132/><D13/><U83/><E83/><V51/><F98/><W50/><G3/><T52/><D65/><U38/><E38/><V94/><F94/><W130/><G130/><T104/><D22/><U14/><E14/><V131/><F131/><W81/><G72/><T90/><D26/><U93/><E9/><V107/><F107/><W39/><G39/><T44/><D104/><U92/><E92/><V4/><F4/><W8/><REACH who="3" step="1"/><G59/><REACH who="3" ten="235,317,235,203" step="2"/><T111/><D111/><U70/><E108/><V48/><F122/><W75/><G75/><T118/><D118/><U54/><E0/><V109/><F120/><W57/><G57/><T7/><D126/><U61/><E2/><V114/><F109/><W60/><G60/><T68/><D124/><U135/><E63/><V82/><F114/><W15/><G15/><T115/><D115/><U116/><E116/><V49/><F49/><W85/><G85/><T47/><D133/><U125/><E135/><V77/><REACH who="2" step="1"/><F82/><REACH who="2" ten="235,317,225,203" step="2"/><W62/><G62/><T5/><D80/><U127/><E125/><V121/><F121/><W24/><G24/><AGARI ba="2,2" hai="19,23,24,25,31,33,43,46,48,51,53,56,76,77" machi="24" ten="30,8000,1" yaku="1,1,7,1,52,2,53,1" doraHai="73" doraHaiUra="36" who="2" fromWho="3" sc="235,0,317,0,225,106,203,-86" /><INIT seed="2,0,0,1,4,126" ten="235,317,331,117" oya="2" hai0="55,44,45,48,105,11,96,121,119,114,67,8,111" hai1="22,0,79,82,85,115,83,10,28,21,117,20,109" hai2="23,93,46,66,101,43,50,74,56,107,70,80,124" hai3="17,69,98,123,2,133,4,57,61,103,51,73,16"/><V5/><F107/><W95/><G73/><T132/><D114/><U24/><E115/><V88/><F124/><W122/><G69/><T29/><D121/><U26/><E117/><V99/><F70/><W130/><G4/><T9/><D132/><U113/><E113/><V49/><F5/><W131/><G2/><T112/><D112/><U15/><E109/><V108/><F108/><W58/><G51/><T30/><D111/><U104/><E104/><V60/><F74/><W100/><G100/><T63/><D119/><U81/><E0/><V116/><F116/><W7/><G7/><T32/><D45/><U110/><E110/><V37/><REACH who="2" step="1"/><F23/><REACH who="2" ten="235,317,321,117" step="2"/><N who="1" m="8777" /><E24/><V19/><F19/><AGARI ba="0,1" hai="10,15,19,22,26,28,79,81,82,83,85" m="8777" machi="19" ten="30,1000,0" yaku="8,1" doraHai="126" who="1" fromWho="2" sc="235,0,317,20,321,-10,117,0" /><INIT seed="3,0,0,3,0,106" ten="235,337,311,117" oya="3" hai0="90,42,108,44,105,116,86,12,92,48,117,49,65" hai1="19,1,60,121,69,54,80,78,43,57,38,34,72" hai2="64,59,130,24,58,61,109,20,68,75,83,135,41" hai3="23,39,26,46,110,126,104,71,10,123,93,120,112"/><W45/><G104/><T114/><D105/><U82/><E34/><V40/><F109/><W103/><G71/><T6/><D108/><U62/><E121/><V4/><F4/><W101/><G110/><T84/><D114/><U36/><E1/><V111/><F111/><W14/><G112/><T66/><D116/><U7/><E7/><V133/><F130/><W21/><G126/><T70/><D70/><U128/><E128/><V87/><F68/><W56/><G123/><T27/><D27/><U122/><E122/><V33/><F33/><W2/><G2/><T107/><D107/><U127/><E127/><V11/><F11/><W102/><G39/><T29/><D29/><U28/><E28/><V96/><F96/><W53/><G93/><T13/><D13/><U30/><E30/><N who="2" m="17671" /><F58/><W91/><G91/><T98/><D117/><U124/><E80/><V73/><F41/><W67/><G67/><T25/><D25/><U76/><E43/><V9/><F9/><W118/><G120/><T32/><D32/><U52/><E19/><V97/><F97/><W132/><G118/><T134/><D66/><U77/><E69/><V3/><F40/><W74/><G26/><T31/><D65/><U131/><E36/><V94/><F94/><W37/><G37/><T8/><D31/><U50/><E38/><V95/><F95/><W17/><G74/><N who="2" m="28169" /><F3/><W35/><G35/><T47/><D98/><U81/><E131/><V129/><F129/><W5/><G5/><T99/><D99/><U85/><E124/><V0/><F0/><W113/><G113/><T55/><D86/><RYUUKYOKU ba="0,0" sc="235,15,337,-15,311,15,117,-15" hai0="6,8,12,42,44,47,48,49,55,84,90,92,134" hai2="59,61,64,83,87,133,135" /><INIT seed="4,1,0,5,1,110" ten="250,322,326,102" oya="0" hai0="114,125,58,93,82,27,30,72,43,10,70,13,46" hai1="37,3,122,135,106,100,74,92,38,123,112,69,32" hai2="132,65,76,103,115,99,68,83,22,9,117,20,113" hai3="61,94,85,107,23,17,80,90,0,42,133,50,105"/><T127/><D70/><U79/><RYUUKYOKU type="yao9" ba="1,0" sc="250,0,322,0,326,0,102,0" hai1="3,32,37,38,69,74,79,92,100,106,112,122,123,135" /><INIT seed="4,2,0,5,3,58" ten="250,322,326,102" oya="0" hai0="97,100,11,61,17,122,18,76,39,72,55,73,62" hai1="96,32,102,131,47,117,112,36,113,95,9,78,91" hai2="14,94,37,118,106,2,74,77,121,105,90,124,22" hai3="10,23,68,33,127,48,52,16,46,93,82,25,98"/><T81/><D39/><U51/><E32/><V134/><F37/><W42/><G127/><T64/><D122/><U44/><E117/><V111/><F2/><W30/><G68/><T114/><D114/><N who="1" m="44139" /><E78/><V15/><F121/><W110/><G110/><T135/><D135/><U75/><E75/><V41/><F111/><W13/><G82/><T38/><D38/><U31/><E31/><V103/><F134/><W34/><REACH who="3" step="1"/><G42/><REACH who="3" ten="250,322,326,92" step="2"/><T88/><D72/><U83/><E83/><V108/><F41/><W8/><G8/><T107/><D11/><U66/><E9/><V116/><F108/><W60/><G60/><T86/><D55/><U4/><E66/><V125/><F116/><W50/><G50/><T63/><D64/><U27/><E51/><V12/><F118/><W43/><G43/><T119/><D119/><U59/><E36/><V54/><F124/><W130/><G130/><T99/><D73/><U132/><E131/><V109/><F54/><W104/><G104/><T67/><D67/><U56/><E132/><V26/><F109/><W49/><G49/><T0/><D0/><U101/><E44/><V128/><F128/><W65/><G65/><T79/><D79/><U20/><E59/><V53/><F53/><W89/><AGARI ba="2,1" hai="10,13,16,23,25,30,33,34,46,48,52,89,93,98" machi="89" ten="20,12000,2" yaku="1,1,0,1,7,1,54,2,53,1" doraHai="58" doraHaiUra="21" who="3" fromWho="3" sc="250,-62,322,-32,326,-32,92,136" /><INIT seed="5,0,0,2,0,83" ten="188,290,294,228" oya="1" hai0="25,55,75,84,23,34,20,103,3,13,6,9,125" hai1="120,48,131,89,100,53,77,88,36,70,129,97,69" hai2="12,73,35,106,78,33,101,126,105,51,82,92,39" hai3="121,95,68,123,41,102,113,85,2,58,127,128,27"/><U57/><E36/><V122/><F39/><W79/><G68/><T80/><D125/><U31/><E120/><V72/><F126/><W46/><G2/><T67/><D67/><U44/><E77/><V50/><F122/><W54/><G127/><T104/><D75/><U124/><E124/><V111/><F111/><W22/><G128/><N who="1" m="49226" /><E31/><V135/><F135/><W45/><G102/><T65/><D65/><U71/><E44/><V108/><F108/><W21/><G46/><T32/><D103/><U118/><E118/><V110/><F110/><W60/><G123/><T8/><D104/><AGARI ba="0,0" hai="48,53,57,69,70,71,88,89,97,100,104" m="49226" machi="104" ten="40,3900,0" yaku="19,1,54,1" doraHai="83" who="1" fromWho="0" sc="188,-39,290,39,294,0,228,0" /><INIT seed="5,1,0,3,3,94" ten="149,329,294,228" oya="1" hai0="75,78,107,135,83,85,46,111,32,50,28,40,77" hai1="54,22,41,57,126,134,128,120,1,6,131,95,42" hai2="66,64,132,14,118,74,21,87,0,102,99,100,110" hai3="33,16,47,10,127,112,84,116,133,125,68,65,39"/><U37/><E120/><V34/><F74/><W86/><G33/><T92/><D107/><U53/><E37/><V3/><F34/><W103/><G103/><T59/><D111/><U80/><E1/><V19/><F102/><W15/><G65/><T114/><D114/><U117/><E6/><V4/><F110/><W23/><G68/><T106/><D106/><U60/><E117/><V93/><F118/><W96/><G116/><T81/><D135/><U105/><E105/><V121/><F121/><W119/><G119/><T13/><D28/><U51/><E134/><V72/><F72/><W52/><G39/><T109/><D32/><U98/><E126/><V123/><F123/><W79/><G133/><T20/><D109/><U35/><E35/><V104/><F132/><W49/><G112/><T31/><D59/><U90/><E80/><V27/><F3/><W73/><G73/><T8/><D20/><U29/><E29/><V55/><F0/><W26/><G96/><T76/><D31/><U18/><E128/><V25/><F55/><W56/><G79/><T101/><D75/><U82/><E82/><V124/><F124/><N who="3" m="47691" /><G47/><T122/><D122/><U88/><E90/><V58/><F58/><W7/><AGARI ba="1,0" hai="7,10,15,16,23,26,49,52,56,84,86" m="47691" machi="7" ten="30,4000,0" yaku="18,1,54,2" doraHai="94" who="3" fromWho="3" sc="149,-11,329,-21,294,-11,228,43" /><INIT seed="6,0,0,3,5,31" ten="138,308,283,271" oya="2" hai0="63,123,4,58,47,27,110,22,37,48,70,122,93" hai1="112,18,103,60,108,97,24,0,32,101,65,55,100" hai2="82,95,90,69,20,88,128,81,134,1,71,29,6" hai3="116,57,52,64,13,96,130,111,132,131,33,19,25"/><V54/><F134/><W91/><G116/><T94/><D110/><U83/><E108/><V109/><F109/><W84/><G111/><T117/><D117/><U129/><E0/><V74/><F128/><W115/><G132/><T92/><D70/><U61/><E112/><V3/><F6/><W21/><G115/><T86/><D37/><U99/><E129/><V2/><F54/><W119/><G119/><T75/><D75/><U113/><E113/><V79/><F82/><W51/><G64/><T67/><D4/><U98/><E83/><V49/><F49/><W104/><G96/><T46/><D123/><U78/><E78/><V10/><F10/><W114/><G104/><T50/><D122/><U105/><E55/><V38/><F38/><W44/><G44/><T28/><D86/><U30/><E60/><V5/><F5/><W72/><G72/><T120/><D120/><U77/><E77/><V126/><F90/><W40/><G40/><T106/><D106/><U80/><E80/><V17/><F29/><N who="3" m="19631" /><G114/><T85/><D85/><U34/><E18/><V56/><F56/><W133/><G133/><T45/><AGARI ba="0,0" hai="22,27,28,45,46,47,48,50,58,63,67,92,93,94" machi="45" ten="30,2000,0" yaku="0,1,8,1" doraHai="31" who="0" fromWho="0" sc="138,20,308,-5,283,-10,271,-5" /><INIT seed="7,0,0,1,3,64" ten="158,303,273,266" oya="3" hai0="110,29,41,124,75,1,35,30,123,25,20,9,109" hai1="93,38,74,127,18,36,66,134,60,26,76,33,55" hai2="2,135,90,128,114,65,120,34,7,17,62,126,131" hai3="13,58,51,44,45,59,119,107,15,57,10,130,108"/><W43/><G107/><T8/><D41/><U16/><E76/><V77/><F34/><W78/><G119/><T85/><D85/><U27/><E74/><V113/><F77/><W54/><G108/><T101/><D101/><U4/><E4/><V91/><F120/><W50/><G130/><N who="2" m="49705" /><F2/><W14/><REACH who="3" step="1"/><G78/><REACH who="3" ten="158,303,273,256" step="2"/><T12/><D75/><U63/><E127/><V106/><F126/><W24/><G24/><N who="0" m="18855" /><D124/><U6/><E27/><V98/><F7/><AGARI ba="0,1" hai="7,10,13,14,15,43,44,45,50,51,54,57,58,59" machi="7" ten="40,3900,0" yaku="1,1,8,1,53,0" doraHai="64" doraHaiUra="73" who="3" fromWho="2" sc="158,0,303,0,273,-39,256,49" owari="158,-34.0,303,10.0,234,-17.0,305,41.0" /></mjloggm>