<mjloggm ver="2.3"><GO type="41" lobby="0"/><UN n0="%E5%87%B6" n1="%E3%82%8F%E3%81%A3%E3%81%91" n2="%E3%82%A6%E3%83%AB%E3%83%88%E3%83%A9%E7%AB%8B%E7%9B%B4" n3="%E3%81%A0%E3%81%A6%E3%83%A1%E3%82%AC%E3%83%8D" dan="14,13,16,15" rate="1913.51,1844.84,2052.61,2014.94" sx="M,M,M,M"/><TAIKYOKU oya="0"/><INIT seed="0,0,0,3,2,35" ten="250,250,250,250" oya="0" hai0="116,96,99,127,108,84,75,47,102,20,76,68,91" hai1="65,110,22,34,52,101,70,7,80,92,115,72,97" hai2="39,124,85,73,4,29,51,129,30,9,94,23,42" hai3="103,26,67,87,78,119,58,18,130,59,125,40,121"/><T12/><D68/><U0/><E34/><V64/><F124/><W6/><G125/><T134/><D127/><U79/><E115/><V60/><F73/><W27/><G119/><T93/><D116/><U50/><E110/><V123/><F123/><W53/><G103/><T89/><D47/><U83/><E83/><V31/><F39/><W10/><G40/><T120/><D120/><U105/><E22/><V107/><F107/><W17/><G121/><T11/><D20/><U88/><E70/><V111/><F111/><W131/><G67/><T100/><D108/><U117/><E117/><V15/><F129/><N who="3" m="49163" /><G78/><T44/><D44/><U109/><E109/><V95/><F23/><W133/><G87/><T19/><D134/><U8/><E65/><V112/><F112/><W90/><G90/><T86/><D19/><N who="3" m="7177" /><G133/><T49/><D11/><U126/><E126/><V106/><F106/><W46/><G46/><T37/><D37/><U74/><E74/><V71/><F85/><N who="0" m="32874" /><D49/><U122/><E122/><V14/><F51/><N who="3" m="31039" /><G59/><T1/><D1/><AGARI ba="0,0" hai="1,6,10,26,27" m="31039,7177,49163" machi="1" ten="30,2000,0" yaku="19,1,52,1" doraHai="35" who="3" fromWho="0" sc="250,-20,250,0,250,0,250,20" /><INIT seed="1,0,0,3,1,0" ten="230,250,250,270" oya="1" hai0="10,27,11,29,13,50,124,63,126,96,65,117,20" hai1="132,102,41,19,61,107,69,6,16,100,75,121,85" hai2="82,12,87,133,112,92,79,128,97,83,94,7,105" hai3="86,18,134,37,71,67,36,93,57,130,43,73,135"/><U28/><E121/><V120/><F120/><W47/><G73/><T46/><D117/><U54/><E75/><V109/><F112/><W81/><G130/><T32/><D124/><U74/><E74/><V25/><F128/><W5/><G93/><T58/><D126/><U66/><E28/><V127/><F127/><W35/><G35/><T114/><D114/><U21/><E41/><V51/><F133/><W72/><G72/><T119/><D119/><U89/><E132/><N who="3" m="50730" /><G71/><T104/><D104/><U68/><E68/><V84/><F109/><W14/><G67/><T4/><D11/><U60/><E107/><V90/><F25/><W22/><G57/><T52/><REACH who="0" step="1"/><D96/><REACH who="0" ten="220,250,250,270" step="2"/><U42/><E42/><V17/><F105/><W80/><G43/><T1/><D1/><U34/><E34/><AGARI ba="0,1" hai="4,10,13,20,27,29,32,34,46,50,52,58,63,65" machi="34" ten="40,5200,0" yaku="1,1,52,1,54,1,53,0" doraHai="0" doraHaiUra="116" who="0" fromWho="1" sc="220,62,250,-52,250,0,270,0" /><INIT seed="2,0,0,2,3,64" ten="282,198,250,270" oya="2" hai0="48,68,124,28,11,4,105,74,127,29,135,61,99" hai1="109,60,10,37,81,54,71,39,122,93,34,23,31" hai2="40,114,118,36,51,121,62,132,15,97,45,19,18" hai3="73,78,3,14,67,131,126,16,70,83,123,35,86"/><V133/><F121/><W41/><G3/><T125/><D74/><U84/><E34/><V46/><F118/><W92/><G35/><T89/><D135/><U88/><E122/><V47/><F114/><W90/><G123/><T13/><D48/><U58/><E109/><V53/><F19/><W119/><G119/><T22/><D22/><U101/><E10/><V87/><F97/><W55/><G126/><T24/><D24/><U52/><E71/><V134/><F87/><W21/><G131/><T5/><D4/><U12/><E54/><V0/><F0/><W38/><G55/><T104/><D89/><U85/><E101/><V80/><F80/><W25/><G38/><T116/><D116/><U79/><REACH who="1" step="1"/><E12/><REACH who="1" ten="282,188,250,270" step="2"/><V33/><F33/><W59/><G14/><T49/><D13/><U32/><E32/><V115/><F115/><W102/><G102/><T27/><D124/><U63/><E63/><V65/><F15/><W2/><G70/><T100/><D68/><U75/><E75/><V94/><F18/><W20/><G16/><T17/><D61/><U8/><E8/><V91/><F62/><W108/><G73/><T95/><D127/><U9/><E9/><V107/><F65/><W110/><G67/><T7/><D125/><U30/><E30/><V130/><F130/><W96/><G110/><T43/><D29/><U77/><E77/><V26/><F47/><W1/><G108/><T117/><D117/><U128/><E128/><V106/><F26/><AGARI ba="0,1" hai="23,26,31,37,39,52,58,60,79,81,84,85,88,93" machi="26" ten="40,5200,0" yaku="1,1,54,2,53,0" doraHai="64" doraHaiUra="6" who="1" fromWho="2" sc="282,0,188,62,250,-52,270,0" /><INIT seed="3,0,0,3,2,25" ten="282,250,198,270" oya="3" hai0="71,49,32,66,63,68,65,94,34,76,72,74,31" hai1="48,106,2,42,37,96,47,61,20,70,73,89,38" hai2="46,3,5,41,131,64,126,4,127,123,116,119,69" hai3="84,57,112,23,88,83,59,109,121,100,56,75,97"/><W120/><G112/><T111/><D76/><U55/><E73/><V58/><F4/><W85/><G109/><T107/><D94/><U82/><E2/><V115/><F5/><W19/><G75/><T7/><D7/><U11/><E11/><V33/><F3/><W128/><G85/><T81/><D81/><U110/><E110/><V45/><F33/><W87/><G87/><T44/><D111/><U14/><E82/><V133/><F115/><W54/><G128/><T92/><D92/><U78/><E78/><V62/><F131/><W118/><G118/><T12/><D12/><U29/><E70/><V86/><F86/><W113/><G54/><T22/><D22/><U8/><E8/><V28/><F28/><W77/><G77/><T67/><D66/><U135/><E135/><V26/><F26/><W15/><REACH who="3" step="1"/><G113/><REACH who="3" ten="282,250,198,260" step="2"/><T53/><D53/><U43/><E55/><V16/><F119/><W50/><G50/><T90/><D49/><U91/><E48/><V105/><F116/><W6/><G6/><T21/><D72/><U129/><E129/><V80/><F80/><W108/><G108/><T114/><D74/><U18/><E38/><V17/><F133/><W52/><G52/><T79/><D79/><U125/><E37/><V39/><F39/><W35/><G35/><T130/><D130/><U99/><E43/><V0/><F41/><W95/><AGARI ba="0,1" hai="15,19,23,56,57,59,83,84,88,95,97,100,120,121" machi="95" ten="30,11700,0" yaku="1,1,0,1,54,1,53,1" doraHai="25" doraHaiUra="93" who="3" fromWho="3" sc="282,-39,250,-39,198,-39,260,127" /><INIT seed="3,1,0,0,5,31" ten="243,211,159,387" oya="3" hai0="28,107,74,4,101,67,103,5,124,126,80,84,11" hai1="118,91,88,20,109,130,134,81,10,54,61,78,68" hai2="89,7,83,99,71,127,19,62,48,119,64,90,46" hai3="6,38,33,125,65,34,110,42,122,25,72,47,82"/><W95/><G122/><T86/><D67/><U79/><E109/><V8/><F119/><W131/><G95/><T39/><D39/><U9/><E130/><V52/><F127/><W106/><G125/><T0/><D28/><U17/><E118/><V133/><F133/><W27/><G131/><T29/><D29/><U15/><E134/><V92/><F19/><W13/><G65/><T120/><D11/><U41/><E41/><V96/><F83/><W108/><G106/><T113/><D80/><U129/><E129/><V44/><F44/><W87/><G72/><T56/><D56/><U117/><E117/><V77/><F77/><W93/><G93/><T40/><D40/><U50/><E61/><V114/><F114/><W69/><G69/><T55/><D74/><U24/><E68/><V73/><F73/><W18/><G6/><T2/><D55/><U111/><E111/><N who="3" m="42538" /><G25/><T22/><D107/><U35/><E9/><V105/><F105/><W49/><G27/><T43/><D113/><U59/><E35/><V58/><F71/><W36/><G36/><T100/><D100/><U135/><E135/><V45/><F45/><W102/><G102/><T121/><D43/><U26/><E26/><V14/><F96/><W85/><G38/><T112/><D112/><U116/><E116/><V53/><F64/><W32/><G82/><T104/><D104/><U1/><E1/><V115/><REACH who="2" step="1"/><F115/><REACH who="2" ten="243,211,149,387" step="2"/><W132/><G132/><T94/><D94/><U16/><E78/><V23/><F23/><AGARI ba="1,1" hai="13,18,23,32,33,34,42,47,49,85,87" m="42538" machi="23" ten="40,12000,1" yaku="14,1,10,1,52,3" doraHai="31" who="3" fromWho="2" sc="243,0,211,0,149,-123,387,133" /><AGARI ba="1,0" hai="0,2,4,5,22,23,84,86,101,103,120,121,124,126" machi="23" ten="25,1600,0" yaku="22,2" doraHai="31" who="0" fromWho="2" sc="243,16,211,0,26,-16,520,0" /><INIT seed="3,2,0,4,1,40" ten="259,211,10,520" oya="3" hai0="90,133,83,100,108,67,109,62,28,25,95,8,128" hai1="12,78,89,123,39,64,16,34,59,103,52,7,27" hai2="114,29,124,92,68,112,129,3,110,61,58,63,134" hai3="86,98,115,46,104,81,18,48,130,17,55,79,121"/><W30/><G121/><T71/><D128/><U50/><E123/><V56/><F29/><W135/><G130/><T120/><D120/><U9/><E39/><V20/><F3/><W97/><G115/><T53/><D133/><U85/><E103/><V105/><F105/><W113/><G113/><N who="2" m="43625" /><F20/><W6/><G135/><T70/><D53/><U54/><E64/><V2/><F92/><W118/><G118/><T44/><D8/><U41/><E41/><V91/><F91/><W1/><G30/><T38/><D83/><U82/><E78/><V26/><F26/><W116/><G116/><T94/><D71/><U45/><E34/><V106/><F106/><W66/><G66/><T131/><D131/><U126/><E126/><V77/><F77/><W125/><G125/><T35/><D100/><U23/><E54/><N who="2" m="33943" /><F2/><W87/><G104/><T74/><D74/><U32/><E32/><V60/><F124/><W37/><G6/><T15/><D15/><U73/><E73/><V122/><F129/><W132/><G132/><T43/><REACH who="0" step="1"/><D95/><REACH who="0" ten="249,211,10,520" step="2"/><U84/><E85/><AGARI ba="2,1" hai="25,28,35,38,43,44,62,67,70,85,90,94,108,109" machi="85" ten="40,8000,1" yaku="1,1,2,1,52,1,53,1" doraHai="40" doraHaiUra="57" who="0" fromWho="1" sc="249,96,211,-86,10,0,520,0" /><INIT seed="4,0,0,1,2,10" ten="345,125,10,520" oya="0" hai0="42,126,113,34,106,17,9,21,50,111,4,5,23" hai1="72,94,35,103,87,2,12,43,110,119,124,28,47" hai2="117,114,121,92,135,19,14,37,76,83,22,58,78" hai3="102,39,125,109,86,98,27,52,32,134,11,38,51"/><T18/><D106/><U55/><E119/><V88/><F37/><W30/><G109/><T75/><D75/><U68/><E110/><V48/><F121/><W133/><G11/><T129/><D42/><U89/><E72/><V96/><F117/><W82/><G125/><T95/><D111/><U74/><E74/><V127/><F127/><W118/><G118/><T56/><D56/><U97/><E2/><V59/><F135/><N who="3" m="51723" /><G86/><T84/><D126/><U0/><E0/><V93/><F114/><W66/><G66/><T120/><D50/><U54/><E124/><V57/><F83/><W15/><G15/><N who="0" m="7407" /><D95/><U85/><E68/><V80/><F80/><W105/><G82/><T90/><D90/><U104/><E85/><V73/><F73/><W61/><G61/><T36/><D84/><U128/><E35/><V71/><F71/><W62/><G62/><T131/><D36/><U26/><E28/><V101/><F48/><W1/><G1/><T25/><D34/><U41/><E26/><V64/><F64/><W132/><G132/><T100/><D100/><U107/><E107/><V13/><F13/><W16/><G16/><N who="0" m="12455" /><D113/><U29/><E104/><V130/><F130/><N who="0" m="49674" /><D120/><U40/><E128/><V44/><F44/><AGARI ba="0,0" hai="27,30,32,38,39,44,51,52,98,102,105" m="51723" machi="44" ten="30,2000,0" yaku="20,1,54,1" doraHai="10" who="3" fromWho="2" sc="345,0,125,0,10,-20,520,20" owari="345,15.0,125,-27.0,-10,-51.0,540,63.0" /></mjloggm>