<mjloggm ver="2.3"><GO type="225" lobby="0"/><UN n0="%E3%81%88%EF%BC%8D%E3%82%8F%E3%81%84" n1="%6E%61%72%72%6F%77%31%39" n2="%E3%82%AA%E3%83%A9%E3%82%B4%E3%83%B3%E3%82%AF%E3%82%A8%E3%82%B9%EF%BD%94" n3="%E3%82%A6%E3%83%AB%E3%83%88%E3%83%A9%E7%AB%8B%E7%9B%B4" dan="17,16,17,16" rate="2213.21,2072.81,2181.89,2022.08" sx="M,F,M,M"/><TAIKYOKU oya="0"/><INIT seed="0,0,0,3,4,53" ten="250,250,250,250" oya="0" hai0="21,111,6,61,64,122,104,132,58,20,102,95,26" hai1="73,15,54,98,41,59,28,133,70,29,96,94,8" hai2="2,126,56,69,93,40,100,7,74,52,3,120,125" hai3="44,66,62,123,19,76,105,131,45,91,115,135,47"/><T5/><D122/><U30/><E70/><V121/><F69/><W92/><G105/><T68/><D68/><U119/><E73/><V17/><F74/><W49/><G123/><N who="2" m="47177" /><F7/><N who="0" m="2570" /><D104/><U33/><E33/><V99/><F40/><W37/><G76/><T83/><D132/><U50/><E133/><V12/><F12/><W34/><G34/><T1/><D1/><U27/><E119/><V79/><F17/><W60/><G37/><T36/><D36/><U116/><E116/><V65/><F65/><W77/><G77/><T42/><D111/><U84/><E41/><V110/><F79/><W72/><G66/><T23/><D42/><U85/><E27/><V10/><F10/><W129/><G72/><T124/><D124/><N who="2" m="47722" /><F110/><W81/><G135/><T118/><D118/><U57/><E96/><V90/><F100/><W4/><G4/><T114/><D114/><U43/><E43/><V113/><F113/><W128/><G115/><T101/><D101/><N who="1" m="60631" /><E15/><V87/><F99/><W38/><G38/><T89/><D102/><U117/><E8/><V106/><F106/><W109/><G109/><T51/><D26/><U67/><E117/><V46/><F46/><W16/><G45/><T75/><D75/><U112/><E112/><V31/><F31/><W18/><G47/><T0/><D0/><U63/><AGARI ba="0,0" hai="28,29,30,50,54,57,59,63,67,84,85" m="60631" machi="63" ten="30,4000,0" yaku="8,1,52,2" doraHai="53" who="1" fromWho="1" sc="250,-20,250,40,250,-10,250,-10" /><INIT seed="1,0,0,4,4,29" ten="230,290,240,240" oya="1" hai0="75,96,97,18,32,102,108,5,67,57,38,115,13" hai1="123,61,134,56,114,4,59,89,103,84,87,2,71" hai2="94,31,106,82,95,122,19,135,77,93,104,126,28" hai3="21,100,52,49,127,86,76,24,46,12,10,11,118"/><U27/><E123/><V85/><F122/><W37/><G37/><T3/><D38/><U7/><E114/><V73/><F19/><W120/><G127/><T119/><D75/><U33/><E134/><V63/><F63/><W14/><G120/><T81/><D119/><U69/><E103/><V34/><F28/><W116/><G100/><T98/><D81/><U128/><E128/><V79/><F31/><W40/><G116/><T113/><D108/><U65/><E56/><V124/><F34/><W74/><G74/><T111/><D111/><U8/><E7/><V107/><F135/><W44/><G118/><T6/><D32/><U101/><E101/><V66/><F66/><W105/><G105/><T125/><D125/><N who="2" m="48234" /><F77/><W51/><G11/><T109/><D109/><U129/><E129/><V55/><F55/><W70/><G70/><T121/><D121/><U26/><E84/><AGARI ba="0,0" hai="73,79,82,84,85,93,94,95,104,106,107" m="48234" machi="84" ten="40,5200,0" yaku="18,1,34,2" doraHai="29" who="2" fromWho="1" sc="230,0,290,-52,240,52,240,0" /><INIT seed="2,0,0,4,3,114" ten="230,238,292,240" oya="2" hai0="4,134,56,84,2,45,32,1,86,99,39,47,13" hai1="77,48,29,70,3,124,10,106,50,131,43,44,69" hai2="79,18,35,34,110,38,60,58,75,65,119,89,46" hai3="96,57,93,8,6,71,55,130,97,41,90,127,0"/><V126/><F126/><W36/><G71/><T14/><D32/><U115/><E124/><V133/><F133/><W113/><G130/><T122/><D39/><U83/><E131/><V105/><F105/><W128/><G127/><T22/><D122/><U21/><E115/><V42/><F119/><W129/><G113/><T107/><D107/><U11/><E106/><V92/><F18/><W100/><G41/><T12/><D134/><U74/><E11/><V59/><F59/><W15/><G36/><T28/><D99/><U78/><E78/><V109/><F79/><W64/><G64/><T102/><D102/><U76/><E76/><V23/><F23/><W52/><G55/><T63/><D1/><U51/><E29/><V66/><F66/><W94/><REACH who="3" step="1"/><G15/><REACH who="3" ten="230,238,292,230" step="2"/><T82/><D2/><U85/><E21/><V24/><F38/><W123/><G123/><T33/><D33/><U98/><E3/><V54/><F65/><W88/><G88/><N who="0" m="51223" /><D4/><U104/><E69/><V108/><F34/><W37/><G37/><T111/><D12/><U61/><E70/><V53/><F54/><W87/><G87/><T135/><D13/><U95/><E85/><N who="2" m="52271" /><F35/><W120/><G120/><T103/><D86/><U117/><E117/><V26/><F75/><W27/><G27/><T73/><D135/><U7/><E43/><V9/><F24/><W112/><G112/><T121/><D121/><U91/><E44/><V116/><F26/><W101/><G101/><T16/><D103/><U31/><E104/><V17/><F116/><W67/><G67/><T25/><D73/><U81/><E74/><RYUUKYOKU ba="0,1" sc="230,-10,238,-10,292,-10,230,30" hai3="0,6,8,52,57,90,93,94,96,97,100,128,129" /><INIT seed="3,1,1,2,4,118" ten="220,228,282,260" oya="3" hai0="29,21,47,17,53,76,77,64,131,109,128,124,4" hai1="85,27,117,116,83,107,41,58,93,57,0,71,123" hai2="89,56,50,28,126,75,92,127,12,79,106,130,69" hai3="60,96,110,98,48,97,70,49,90,11,62,38,10"/><W135/><G38/><T134/><D134/><U73/><E107/><V86/><F69/><W78/><G70/><T14/><D124/><N who="2" m="47658" /><F130/><N who="0" m="49706" /><D77/><N who="1" m="44463" /><E71/><V52/><F106/><W42/><G78/><T115/><D115/><U55/><E41/><V30/><F12/><W87/><G110/><T51/><D76/><U68/><E68/><V113/><F113/><W101/><G101/><T119/><D109/><U95/><E0/><V66/><F66/><W20/><G20/><N who="0" m="11319" /><D64/><U74/><E74/><V22/><F22/><W63/><G135/><T24/><D4/><U37/><E37/><V100/><F100/><W23/><G23/><T108/><D108/><U7/><E7/><V132/><F132/><W45/><REACH who="3" step="1"/><G49/><REACH who="3" ten="220,228,282,250" step="2"/><T25/><D25/><U84/><E27/><V31/><F79/><W36/><G36/><T33/><D119/><U43/><E116/><V40/><F75/><W94/><AGARI ba="1,2" hai="10,11,42,45,48,60,62,63,87,90,94,96,97,98" machi="94" ten="30,6000,0" yaku="1,1,0,1,8,1,53,0" doraHai="118" doraHaiUra="105" who="3" fromWho="3" sc="220,-21,228,-21,282,-21,250,83" owari="199,-30.0,207,-19.0,261,6.0,333,43.0" /></mjloggm>