<mjloggm ver="2.3"><GO type="97" lobby="0"/><UN n0="%E3%83%A9%E3%83%83%E3%82%AD%E3%83%BC%E3%83%89%E3%83%83%E3%82%B0" n1="%E7%87%95%E5%85%90" n2="%E3%81%A8%E3%81%8D%E3%82%8F%E8%8D%98%E8%8A%B8%E4%BA%BA" n3="%E3%82%A6%E3%83%AB%E3%83%88%E3%83%A9%E7%AB%8B%E7%9B%B4" dan="15,15,14,15" rate="1997.65,1951.39,2001.19,2029.23" sx="M,F,M,M"/><TAIKYOKU oya="0"/><INIT seed="0,0,0,4,4,81" ten="250,250,250,250" oya="0" hai0="128,76,71,93,39,44,56,102,68,80,51,69,103" hai1="88,47,4,119,7,9,107,3,61,126,122,72,14" hai2="6,79,54,17,89,41,86,53,125,31,46,95,106" hai3="96,49,2,59,29,32,115,94,58,0,62,60,70"/><T73/><D128/><U116/><E72/><V40/><F106/><W28/><G70/><T133/><D133/><U34/><E107/><V90/><F31/><W129/><G32/><T112/><D112/><U10/><E122/><V38/><F6/><W120/><G129/><T30/><D30/><U12/><E126/><V101/><F125/><W15/><G49/><T132/><D132/><U66/><E3/><V55/><F101/><W84/><G15/><T110/><D110/><U19/><E34/><V118/><F118/><W91/><G96/><T78/><D78/><U48/><E19/><V117/><F79/><W113/><G94/><T130/><D130/><U82/><E48/><V20/><F117/><W36/><G91/><T75/><D75/><U92/><E82/><V121/><F121/><W8/><G8/><T18/><D18/><U74/><E47/><V104/><F104/><W135/><G135/><T64/><D93/><U35/><E35/><V33/><F33/><W97/><G97/><T42/><REACH who="0" step="1"/><D51/><REACH who="0" ten="240,250,250,250" step="2"/><U124/><E74/><V87/><F38/><W5/><G36/><T11/><D11/><U109/><E124/><V43/><F46/><W99/><G120/><T1/><D1/><U123/><E109/><V67/><F67/><W37/><G37/><T131/><D131/><U85/><E123/><V100/><F100/><W24/><G0/><T22/><D22/><U134/><REACH who="1" step="1"/><E134/><REACH who="1" ten="240,240,250,250" step="2"/><V77/><F77/><W57/><G2/><T114/><D114/><U45/><E45/><V27/><F95/><W16/><G115/><T65/><D65/><U105/><E105/><RYUUKYOKU ba="0,2" sc="240,10,240,10,250,10,250,-30" hai0="39,42,44,56,64,68,69,71,73,76,80,102,103" hai1="4,7,9,10,12,14,61,66,85,88,92,116,119" hai2="17,20,27,40,41,43,53,54,55,86,87,89,90" /><INIT seed="0,1,2,5,5,6" ten="250,250,260,220" oya="0" hai0="114,67,45,88,16,121,65,71,56,46,72,97,64" hai1="131,110,41,117,50,32,28,25,86,119,57,66,130" hai2="75,73,102,78,20,68,84,59,22,133,43,122,15" hai3="11,31,9,118,104,12,76,33,30,82,35,0,90"/><T53/><D72/><U94/><E110/><V92/><F68/><W107/><G90/><T103/><D121/><U134/><E86/><V112/><F122/><W60/><G60/><N who="0" m="35855" /><D71/><U81/><E81/><V91/><F112/><W77/><G82/><T18/><D103/><U29/><E134/><V5/><F133/><W116/><REACH who="3" step="1"/><G12/><REACH who="3" ten="250,250,260,210" step="2"/><T80/><D114/><U79/><E119/><V63/><F78/><W21/><G21/><T95/><D80/><U4/><E117/><V87/><F87/><W108/><G108/><T123/><D123/><U101/><E79/><V54/><F75/><W40/><G40/><T69/><D69/><U13/><E41/><V83/><F83/><W34/><G34/><T52/><D46/><U27/><E32/><V39/><F102/><W2/><AGARI ba="1,3" hai="0,2,9,11,30,31,33,35,76,77,104,107,116,118" machi="2" ten="25,16000,3" yaku="1,1,0,1,22,2,52,2,53,2" doraHai="6" doraHaiUra="115" who="3" fromWho="3" sc="250,-81,250,-41,260,-41,210,193" /><INIT seed="1,0,0,3,0,34" ten="169,209,219,403" oya="1" hai0="62,117,126,6,121,23,94,25,118,92,134,90,78" hai1="104,120,95,133,87,68,108,111,51,89,26,123,35" hai2="101,3,84,100,65,83,50,19,28,86,114,60,75" hai3="71,15,115,129,12,22,124,46,33,88,73,48,125"/><U14/><E35/><V52/><F75/><W105/><G33/><T29/><D134/><U7/><E26/><V77/><F114/><W119/><G71/><T116/><D126/><U130/><E68/><V24/><F19/><W98/><G73/><T4/><D121/><N who="1" m="46667" /><E14/><V107/><F84/><W44/><G115/><T82/><D62/><U10/><E51/><V37/><F37/><W128/><G105/><T135/><D135/><U32/><E32/><V93/><F93/><N who="3" m="56615" /><G46/><T55/><D55/><U18/><E18/><V30/><F30/><W99/><G99/><T57/><D57/><U43/><E43/><V56/><F3/><W11/><G22/><T54/><D54/><U20/><E20/><N who="2" m="15367" /><F107/><W102/><G102/><T81/><D4/><U47/><E47/><AGARI ba="0,0" hai="47,50,52,56,60,65,77,83,86,100,101" m="15367" machi="47" ten="30,2000,0" yaku="8,1,54,1" doraHai="34" who="2" fromWho="1" sc="169,0,209,-20,219,20,403,0" /><INIT seed="2,0,0,4,2,14" ten="169,189,239,403" oya="2" hai0="110,80,24,32,57,82,121,48,92,36,101,124,25" hai1="108,49,44,83,76,134,62,85,114,120,61,111,129" hai2="69,135,5,20,2,18,113,16,39,52,91,132,22" hai3="42,94,105,64,3,103,43,29,11,67,23,99,89"/><V73/><F69/><W95/><G105/><T98/><D36/><U28/><E120/><V118/><F73/><W96/><G3/><T75/><D121/><U86/><E114/><V90/><F39/><W50/><G11/><T112/><D112/><U122/><E122/><V116/><F113/><W79/><G79/><T71/><D71/><U81/><E134/><N who="2" m="51243" /><F5/><W10/><G10/><T88/><D124/><U38/><E129/><V55/><F2/><W84/><G84/><T78/><D110/><N who="1" m="42027" /><E38/><V126/><F126/><W125/><G125/><T30/><D24/><U131/><E131/><V45/><F22/><W107/><G107/><T51/><D51/><U1/><E28/><V100/><F100/><W128/><G128/><T8/><D8/><U19/><E1/><V104/><F104/><W0/><G0/><T97/><D82/><U68/><E68/><V117/><F18/><W33/><G33/><T6/><D6/><U109/><N who="1" m="42035" /><U74/><DORA hai="56" /><E74/><V4/><F4/><W115/><G115/><T7/><D7/><U77/><E19/><V37/><F37/><W53/><G23/><T102/><REACH who="0" step="1"/><D98/><REACH who="0" ten="159,189,239,403" step="2"/><U65/><E65/><N who="3" m="25162" /><G29/><T133/><D133/><U47/><E49/><N who="2" m="28719" /><F55/><AGARI ba="0,1" hai="25,30,32,48,55,57,75,78,80,88,92,97,101,102" machi="55" ten="40,5200,0" yaku="1,1,54,1,53,1" doraHai="14,56" doraHaiUra="87,60" who="0" fromWho="2" sc="159,62,189,0,239,-52,403,0" /><INIT seed="3,0,0,2,4,102" ten="221,189,187,403" oya="3" hai0="129,125,132,101,46,45,119,55,47,122,80,1,66" hai1="62,34,57,12,99,4,79,44,131,69,60,111,31" hai2="117,81,25,87,2,76,71,18,24,78,20,134,121" hai3="30,96,104,33,72,23,13,52,107,22,100,73,133"/><W75/><G52/><T70/><D1/><U98/><E111/><V109/><F71/><W64/><G13/><T5/><D5/><U41/><E131/><V50/><F2/><W38/><G23/><T114/><D122/><U0/><E0/><V97/><F117/><W93/><G22/><T53/><D119/><U77/><E69/><V92/><F109/><W120/><G38/><T3/><D3/><U90/><E31/><V94/><F134/><W58/><G58/><T15/><D15/><U74/><E34/><V65/><F121/><W63/><G63/><N who="0" m="40287" /><D80/><U19/><E4/><V124/><F124/><W26/><G64/><T130/><D101/><U14/><E74/><V10/><F65/><W113/><G120/><T118/><D118/><U39/><E12/><N who="2" m="7447" /><F50/><W123/><G123/><T126/><D114/><U106/><E62/><V8/><F8/><W89/><G113/><T32/><D32/><U83/><E60/><V59/><F59/><W112/><G112/><T86/><D132/><U115/><E57/><V51/><F51/><W48/><G48/><T56/><D56/><U84/><E115/><V36/><F36/><W116/><G116/><T37/><D37/><U42/><E41/><V16/><F25/><W91/><G133/><T82/><D125/><U11/><E106/><V135/><F135/><W54/><G54/><N who="0" m="20491" /><D126/><U17/><E19/><V128/><F128/><W7/><G7/><T85/><D130/><U35/><E35/><V95/><F78/><W110/><G110/><T43/><D129/><U9/><E11/><V67/><F67/><W105/><AGARI ba="0,0" hai="26,30,33,72,73,75,89,91,93,96,100,104,105,107" machi="105" ten="40,12000,1" yaku="5,1,0,1,52,3" doraHai="102" who="3" fromWho="3" sc="221,-40,189,-40,187,-40,403,120" owari="181,-2.0,149,-25.0,147,-35.0,523,62.0" /></mjloggm>