<mjloggm ver="2.3"><GO type="97" lobby="0"/><UN n0="%6D%69%73%61%6B%69" n1="%E3%82%A6%E3%83%AB%E3%83%88%E3%83%A9%E7%AB%8B%E7%9B%B4" n2="%E3%81%BE%E3%81%98%E3%81%8B%E3%82%8B%E3%81%8F%E3%81%A3%E3%81%8D%E3%83%BC" n3="%E5%A1%A9%E3%82%B5%E3%83%90" dan="14,15,14,13" rate="1904.69,2004.70,1930.68,1851.85" sx="F,M,F,M"/><TAIKYOKU oya="0"/><INIT seed="0,0,0,3,4,7" ten="250,250,250,250" oya="0" hai0="26,104,111,121,46,97,10,120,101,116,95,9,58" hai1="127,76,44,135,53,0,99,63,40,59,41,87,38" hai2="117,51,124,68,28,93,134,34,27,2,21,122,103" hai3="14,30,125,65,6,90,81,102,24,77,112,13,12"/><T110/><D116/><U113/><E0/><V100/><F117/><W50/><G112/><T39/><D104/><U42/><E113/><V115/><F115/><W60/><G125/><T92/><D92/><U32/><E32/><V75/><F75/><W119/><G119/><T55/><D26/><U106/><E127/><V67/><F124/><W62/><G102/><T37/><D37/><U105/><E135/><V45/><F2/><W80/><G50/><T74/><D74/><U130/><E130/><V15/><F134/><W82/><G77/><T73/><D73/><U85/><E99/><V11/><F34/><W20/><G90/><T131/><D131/><U94/><E87/><V49/><F122/><W70/><REACH who="3" step="1"/><G60/><REACH who="3" ten="250,250,250,240" step="2"/><N who="0" m="35935" /><D121/><U23/><E76/><V129/><F103/><W29/><G29/><T72/><D120/><U86/><E105/><V31/><F31/><W78/><G78/><T123/><D123/><U66/><E106/><V107/><F107/><W43/><G43/><N who="0" m="22911" /><D72/><U56/><E38/><V69/><F129/><W18/><G18/><T57/><D57/><U132/><E59/><V22/><F100/><W79/><G79/><T33/><D33/><U61/><E132/><V133/><F133/><W3/><G3/><T114/><D114/><U88/><E61/><V1/><F1/><W108/><G108/><AGARI ba="0,1" hai="9,10,95,97,101,108,110,111" m="22911,35935" machi="108" ten="30,11600,0" yaku="14,1,10,1,52,2" doraHai="7" who="0" fromWho="3" sc="250,126,250,0,250,0,240,-116" /><INIT seed="0,1,0,0,5,55" ten="376,250,250,124" oya="0" hai0="84,15,113,49,119,39,41,65,45,8,4,28,5" hai1="130,68,100,128,85,118,46,56,57,37,95,104,64" hai2="76,133,38,19,23,91,126,27,74,135,40,111,17" hai3="109,52,125,69,112,78,132,134,9,86,21,99,87"/><T7/><D119/><U81/><E104/><V24/><F126/><W58/><G112/><T122/><D122/><U98/><E118/><V114/><F114/><W123/><G125/><T61/><D113/><U6/><E64/><V73/><F91/><W13/><G69/><T11/><D28/><U102/><E102/><V67/><F67/><W66/><G66/><T88/><D39/><U22/><E68/><V71/><F71/><W106/><G109/><T79/><D79/><U97/><E97/><V26/><F111/><W70/><G70/><T59/><D11/><U83/><E6/><V110/><F110/><W48/><G21/><T60/><D60/><U53/><E22/><V96/><F96/><W51/><G51/><T62/><D62/><U82/><E85/><V44/><F76/><W3/><G3/><T105/><D105/><U121/><E121/><V30/><F17/><W131/><G131/><N who="1" m="50218" /><E53/><V127/><F127/><W108/><G108/><T93/><AGARI ba="1,0" hai="4,5,7,8,15,41,45,49,59,61,65,84,88,93" machi="93" ten="20,12000,1" yaku="0,1,7,1,8,1,52,1,54,1" doraHai="55" who="0" fromWho="0" sc="376,123,250,-41,250,-41,124,-41" /><INIT seed="0,2,0,0,3,37" ten="499,209,209,83" oya="0" hai0="23,7,95,88,119,45,26,20,86,134,4,0,105" hai1="38,114,79,42,3,40,32,10,28,116,122,56,46" hai2="94,39,50,41,127,9,80,5,77,90,98,33,17" hai3="16,68,124,47,48,75,72,78,100,131,6,63,13"/><T101/><D119/><U132/><E122/><V129/><F127/><W2/><G124/><T55/><D134/><U14/><E132/><V51/><F129/><W35/><G131/><T12/><D0/><U69/><E69/><V61/><F61/><W99/><G35/><T93/><D105/><U125/><E125/><V64/><F64/><W29/><G29/><T81/><D23/><U49/><E3/><N who="2" m="191" /><F17/><W8/><G78/><T108/><D108/><U112/><E116/><V70/><F70/><W128/><G128/><T123/><D123/><U66/><E79/><V103/><F103/><W31/><G31/><T120/><D120/><U113/><E28/><V27/><F27/><W89/><G89/><T84/><D101/><U60/><E32/><V121/><F33/><W111/><G111/><T97/><D12/><U118/><E118/><V76/><F76/><W18/><G18/><N who="0" m="12567" /><D97/><U22/><E22/><V44/><F121/><W110/><G110/><T71/><D71/><U59/><E14/><V96/><F96/><W107/><G68/><T87/><D55/><N who="1" m="31855" /><E10/><V52/><F52/><W126/><G126/><T115/><D45/><N who="1" m="23703" /><E114/><V21/><F21/><W54/><G63/><T109/><D115/><U24/><E24/><V62/><F62/><W106/><G106/><T11/><D109/><U130/><E130/><V74/><AGARI ba="2,0" hai="39,41,44,50,51,74,77,80,90,94,98" m="191" machi="74" ten="30,2000,0" yaku="25,1,52,1" doraHai="37" who="2" fromWho="2" sc="499,-12,209,-7,209,26,83,-7" /><INIT seed="1,0,0,3,3,40" ten="487,202,235,76" oya="1" hai0="35,122,52,6,12,88,1,7,106,113,25,10,127" hai1="55,17,100,126,116,60,97,94,2,44,15,68,27" hai2="61,86,78,135,115,130,3,77,102,125,29,81,0" hai3="19,119,9,99,75,46,39,50,30,134,74,33,117"/><U69/><E2/><V114/><F125/><W82/><G39/><T131/><D106/><U36/><E116/><N who="3" m="44618" /><G99/><T51/><D113/><U18/><E126/><V45/><F102/><W57/><G57/><T49/><D127/><U31/><E18/><V103/><F103/><W22/><G134/><T110/><D110/><U73/><E73/><V104/><F61/><W42/><G9/><T63/><D131/><U53/><E53/><V5/><F104/><W79/><G30/><T66/><D122/><U4/><E4/><V11/><F5/><W70/><G70/><T98/><D51/><U76/><E76/><V121/><F77/><W132/><G132/><T129/><D129/><U87/><E87/><V89/><F78/><W105/><G105/><T20/><D35/><U28/><E28/><V21/><F29/><W38/><G33/><T41/><D41/><U64/><E69/><V34/><F135/><W95/><G95/><T133/><D133/><U92/><E92/><V84/><F130/><W23/><G38/><T16/><D1/><U124/><E124/><V120/><F0/><W123/><G123/><T85/><D98/><U101/><E101/><V112/><F3/><W56/><G56/><N who="0" m="32783" /><D63/><U109/><E109/><V65/><F114/><W47/><G47/><T71/><D71/><U111/><E111/><V93/><F115/><W128/><G128/><T107/><D66/><U37/><E44/><V62/><F112/><W48/><G48/><T108/><D107/><U90/><E100/><V43/><F121/><W91/><G91/><T58/><D108/><U72/><E37/><RYUUKYOKU ba="0,0" sc="487,0,202,0,235,0,76,0" /><INIT seed="2,1,0,2,1,76" ten="487,202,235,76" oya="2" hai0="69,51,1,55,35,99,101,107,126,13,82,50,57" hai1="31,77,45,18,43,106,78,6,8,88,121,59,11" hai2="65,93,89,85,124,29,25,71,4,92,9,60,86" hai3="90,75,129,44,122,117,128,120,97,47,72,48,20"/><V23/><F124/><W133/><G117/><T91/><D69/><U28/><E106/><V111/><F111/><W3/><G3/><T7/><D1/><U110/><E110/><V100/><F100/><W24/><G133/><T42/><D35/><U135/><E135/><V17/><F29/><W105/><G48/><T79/><D126/><U70/><E70/><V67/><F65/><W125/><G125/><T5/><D91/><U56/><E18/><V134/><F134/><W38/><G38/><T127/><D127/><U63/><E121/><V16/><F17/><W21/><G24/><T119/><D13/><U113/><E113/><V64/><F64/><W98/><G90/><T10/><D10/><U114/><E114/><V131/><F131/><W22/><REACH who="3" step="1"/><G20/><REACH who="3" ten="487,202,235,66" step="2"/><T118/><D118/><U62/><E62/><V68/><F89/><W74/><G74/><T33/><D119/><U26/><E63/><V41/><F60/><W37/><G37/><T80/><D50/><U96/><E88/><V103/><F23/><W104/><AGARI ba="1,1" hai="21,22,44,47,72,75,97,98,104,105,120,122,128,129" machi="104" ten="25,6400,0" yaku="1,1,0,1,22,2,53,0" doraHai="76" doraHaiUra="36" who="3" fromWho="3" sc="487,-17,202,-17,235,-33,66,77" /><INIT seed="3,0,0,1,1,48" ten="470,185,202,143" oya="3" hai0="72,12,7,108,86,127,115,78,36,0,20,124,88" hai1="116,57,90,51,87,49,106,9,25,82,53,37,1" hai2="76,58,6,5,44,131,34,80,83,74,63,24,27" hai3="97,119,18,66,81,123,126,41,79,40,11,55,114"/><W93/><G123/><T50/><D36/><U14/><E106/><V30/><F131/><W94/><G114/><T121/><D121/><U77/><E37/><V52/><F44/><W45/><G119/><T122/><D122/><U110/><E1/><V29/><F83/><W47/><G126/><N who="0" m="48171" /><D108/><U35/><E110/><V135/><F135/><W43/><G66/><T71/><D71/><U2/><E2/><V101/><F101/><W68/><G68/><T99/><D115/><U33/><E116/><V56/><F56/><W21/><G11/><N who="0" m="2535" /><D99/><U62/><E33/><AGARI ba="0,0" hai="5,6,24,27,29,30,33,34,52,58,63,74,76,80" machi="33" ten="30,7700,0" yaku="7,1,9,1,52,1,54,1" doraHai="48" who="2" fromWho="1" sc="470,0,185,-77,202,77,143,0" owari="470,57.0,108,-39.0,279,8.0,143,-26.0" /></mjloggm>