<mjloggm ver="2.3"><GO type="97" lobby="0"/><UN n0="%E3%82%A6%E3%83%AB%E3%83%88%E3%83%A9%E7%AB%8B%E7%9B%B4" n1="%E8%A6%8B%E3%81%9F%E7%9B%AE%E3%82%88%E3%82%8A%E4%B8%88%E5%A4%AB" n2="%E3%81%B5%E3%81%83%E3%81%82" n3="%70%6F%6D%65%6B%6F" dan="16,13,15,14" rate="2002.77,1840.60,1983.45,1904.73" sx="M,F,M,F"/><TAIKYOKU oya="0"/><INIT seed="0,0,0,2,5,77" ten="250,250,250,250" oya="0" hai0="7,13,90,98,23,132,6,128,70,116,95,64,84" hai1="47,119,38,39,24,0,109,60,52,25,8,74,105" hai2="89,107,10,48,71,1,108,43,32,87,3,50,110" hai3="106,2,99,40,62,72,78,131,34,45,133,104,63"/><T100/><D116/><U69/><E105/><V29/><F107/><W44/><G45/><T118/><D118/><U55/><E119/><V113/><F113/><W33/><G62/><T54/><D128/><U36/><E109/><N who="2" m="42091" /><F71/><W66/><G131/><T129/><D129/><U76/><E76/><V86/><F86/><W121/><G121/><T125/><D125/><U75/><E47/><N who="2" m="25727" /><F50/><W58/><G2/><T65/><D132/><U92/><E60/><V82/><F10/><W126/><G126/><T9/><D70/><U17/><E8/><V67/><F67/><W57/><G57/><T30/><D7/><U122/><E0/><V97/><F97/><W59/><G59/><T15/><D54/><U88/><E122/><V27/><AGARI ba="0,0" hai="1,3,27,29,32,82,87,89" m="25727,42091" machi="27" ten="30,2000,0" yaku="14,1,52,1" doraHai="77" who="2" fromWho="2" sc="250,-10,250,-5,250,20,250,-5" /><INIT seed="1,0,0,4,5,31" ten="240,245,270,245" oya="1" hai0="37,117,101,48,40,5,19,105,130,22,44,63,119" hai1="42,38,106,116,88,125,83,107,56,0,113,58,4" hai2="11,46,49,1,80,13,115,126,112,3,51,54,78" hai3="114,91,123,102,103,50,100,34,96,134,43,33,121"/><U131/><E116/><V61/><F126/><W24/><G24/><T75/><D101/><U98/><E125/><V10/><F61/><W21/><G114/><N who="2" m="43561" /><F51/><W35/><G21/><T60/><D105/><U8/><E131/><V72/><F11/><W120/><G134/><T84/><D75/><U9/><E113/><V109/><F109/><W124/><G124/><T23/><D130/><U129/><E129/><V7/><AGARI ba="0,0" hai="1,3,7,10,13,46,49,54,72,78,80" m="43561" machi="7" ten="30,1100,0" yaku="11,1" doraHai="31" who="2" fromWho="2" sc="240,-3,245,-5,270,11,245,-3" /><INIT seed="2,0,0,4,2,73" ten="237,240,281,242" oya="2" hai0="35,27,7,17,47,68,88,61,126,78,87,12,127" hai1="53,123,24,29,111,128,3,107,38,63,15,37,44" hai2="54,55,101,72,46,122,42,25,85,118,28,129,58" hai3="119,132,65,4,81,100,74,99,33,48,0,120,18"/><V133/><F118/><W75/><G33/><T8/><D61/><U116/><E3/><V80/><F122/><W56/><G75/><T84/><D68/><U39/><E116/><V59/><F133/><W1/><G119/><T41/><D35/><U14/><E111/><V51/><F72/><W22/><G120/><T94/><D27/><U57/><E128/><V76/><F129/><W89/><G132/><T13/><D13/><U9/><E107/><V19/><F101/><W82/><G82/><T34/><D17/><U106/><E106/><V43/><F19/><W2/><G89/><T66/><D66/><U79/><E15/><V130/><F130/><W16/><G18/><T98/><D34/><U95/><E95/><V134/><F134/><W83/><G81/><T103/><D103/><U110/><E110/><V117/><F117/><W67/><G4/><T64/><D64/><U71/><E71/><V11/><F11/><W21/><G22/><T90/><D90/><U92/><E92/><V5/><F5/><W20/><G21/><T91/><D91/><U93/><E93/><V108/><F108/><W77/><G65/><T50/><D87/><U112/><E9/><V62/><F46/><W104/><G67/><T96/><D96/><U23/><E44/><V124/><F124/><W69/><G69/><T60/><D60/><U32/><E123/><V121/><F121/><W31/><G31/><T26/><D26/><U52/><E112/><V10/><F10/><W45/><G56/><T97/><D97/><U70/><E70/><V135/><F135/><W49/><G45/><RYUUKYOKU ba="0,0" sc="237,10,240,-30,281,10,242,10" hai0="7,8,12,41,47,50,78,84,88,94,98,126,127" hai2="25,28,42,43,51,54,55,58,59,62,76,80,85" hai3="0,1,2,16,20,48,49,74,77,83,99,100,104" /><INIT seed="2,1,0,2,1,134" ten="247,210,291,252" oya="2" hai0="112,23,38,119,32,58,113,94,19,132,77,62,99" hai1="11,105,103,135,16,46,56,51,78,39,84,35,96" hai2="64,63,67,108,101,90,21,12,72,45,131,18,47" hai3="95,85,28,115,128,57,8,129,71,124,49,98,25"/><V10/><F72/><W121/><G121/><T40/><D32/><U106/><E35/><V22/><F131/><W9/><G71/><T76/><D132/><U86/><E39/><V36/><F108/><W44/><G115/><T82/><D119/><U83/><E135/><V5/><F101/><W24/><G57/><T53/><D40/><U13/><E56/><V110/><F110/><W88/><G25/><T127/><D38/><U65/><E65/><N who="2" m="25163" /><F36/><W81/><G128/><T70/><D70/><U123/><E123/><V133/><F133/><W109/><G129/><T130/><D130/><U107/><REACH who="1" step="1"/><E86/><REACH who="1" ten="247,200,291,252" step="2"/><V1/><F47/><W68/><G109/><T42/><D113/><U97/><E97/><V27/><F45/><W31/><G68/><T48/><D112/><U30/><E30/><V43/><F63/><W122/><G31/><T20/><D62/><U55/><AGARI ba="1,1" hai="11,13,16,46,51,55,78,83,84,96,103,105,106,107" machi="55" ten="20,5200,0" yaku="1,1,0,1,7,1,54,1,53,0" doraHai="134" doraHaiUra="60" who="1" fromWho="1" sc="247,-14,200,65,291,-27,252,-14" /><INIT seed="3,0,0,4,1,108" ten="233,265,264,238" oya="3" hai0="135,22,14,132,58,102,104,90,70,49,84,93,131" hai1="40,0,65,66,15,119,64,75,37,1,77,134,28" hai2="2,63,10,68,23,39,128,69,123,38,33,101,99" hai3="124,87,94,67,12,41,74,16,121,3,96,60,29"/><W113/><G121/><T98/><D70/><U44/><E134/><V100/><F123/><W19/><G74/><T35/><D35/><U6/><E28/><V89/><F128/><W24/><G3/><T115/><D131/><U88/><E119/><V51/><F33/><W34/><G19/><T31/><D49/><U46/><E46/><V62/><F51/><W80/><G124/><T13/><D58/><U110/><E15/><V118/><F23/><W107/><G41/><T97/><D14/><U57/><E0/><V47/><F99/><W27/><G27/><T125/><D13/><U50/><E110/><V120/><F89/><W55/><G55/><T17/><D17/><U32/><E50/><V92/><F92/><W7/><G7/><T122/><D22/><U86/><E32/><V20/><F20/><W76/><G107/><N who="0" m="63959" /><D31/><U8/><E57/><V78/><F2/><W73/><G94/><T26/><D26/><U82/><E64/><V45/><F120/><W126/><G96/><T129/><D122/><U85/><E85/><V127/><F127/><W95/><G95/><AGARI ba="0,0" hai="1,6,8,37,40,44,65,66,75,77,82,86,88,95" machi="95" ten="30,7700,0" yaku="7,1,25,2,54,1" doraHai="108" who="1" fromWho="3" sc="233,0,265,77,264,0,238,-77" owari="233,-17.0,342,45.0,264,6.0,161,-34.0" /></mjloggm>