<mjloggm ver="2.3"><GO type="169" lobby="0"/><UN n0="%E9%AB%98%E7%94%BA%E3%83%B4%E3%82%A3%E3%83%B4%E3%82%A3%E3%82%AA%E2%98%86" n1="%E8%8A%8B%EF%BC%A0%EF%BC%90%EF%BC%98%E2%80%99" n2="%E3%83%87%E3%82%B8%E3%82%BF%E3%83%AB%E4%BB%99%E4%BA%BA" n3="%EF%BC%88%E2%89%A7%E2%96%BD%E2%89%A6%EF%BC%89" dan="17,16,19,19" rate="2108.78,2123.66,2218.80,2310.40" sx="F,M,F,M"/><TAIKYOKU oya="0"/><INIT seed="0,0,0,4,4,109" ten="250,250,250,250" oya="0" hai0="76,61,28,73,113,110,8,11,104,85,86,91,64" hai1="31,70,24,65,14,105,130,111,125,74,48,93,132" hai2="46,5,135,99,94,69,26,41,92,44,2,57,120" hai3="59,106,101,95,97,133,126,128,21,32,131,12,9"/><T103/><D113/><U22/><E105/><V54/><F69/><W66/><G32/><T50/><D110/><U119/><E111/><V4/><F120/><W114/><G126/><T116/><D116/><U56/><E74/><V134/><F26/><W89/><G133/><N who="2" m="50697" /><F2/><W7/><G21/><T58/><D28/><U25/><E132/><V72/><F72/><W35/><G35/><T36/><D36/><U15/><E119/><V55/><F46/><W88/><G114/><T67/><D67/><U83/><E125/><V42/><F42/><W90/><REACH who="3" step="1"/><G106/><REACH who="3" ten="250,250,250,240" step="2"/><T53/><D104/><U40/><E22/><V3/><F3/><W117/><G117/><T19/><D8/><U39/><E31/><V37/><F94/><W75/><G75/><T23/><D73/><U13/><E93/><V0/><F0/><W62/><AGARI ba="0,1" hai="7,9,12,59,62,66,88,89,90,95,97,101,128,131" machi="62" ten="30,4000,0" yaku="1,1,0,1,54,1,53,0" doraHai="109" doraHaiUra="20" who="3" fromWho="3" sc="250,-20,250,-10,250,-10,240,50" /><INIT seed="1,0,0,3,5,91" ten="230,240,240,290" oya="1" hai0="22,72,85,126,18,83,55,103,127,102,67,50,124" hai1="80,109,31,8,113,15,32,95,120,60,37,65,68" hai2="62,1,93,89,58,75,134,117,51,78,54,33,108" hai3="7,132,99,76,73,9,61,106,70,56,79,0,45"/><U69/><E113/><V81/><F117/><W44/><G132/><T10/><D72/><U115/><E115/><V11/><F33/><W84/><G70/><T74/><D74/><U71/><E120/><V19/><F108/><W46/><G73/><T6/><D67/><U104/><E37/><V14/><F134/><W48/><G48/><T118/><D118/><U86/><E104/><V12/><F12/><W94/><G84/><T114/><D114/><U4/><E109/><V20/><F1/><W34/><G34/><T110/><D110/><U128/><E128/><V64/><F11/><W112/><G106/><T13/><D55/><U119/><E119/><V3/><F3/><W66/><REACH who="3" step="1"/><G112/><REACH who="3" ten="230,240,240,280" step="2"/><T87/><D50/><U5/><E69/><V29/><F29/><W16/><G16/><T47/><D87/><U122/><E71/><V82/><F75/><W40/><G40/><T38/><D38/><U92/><E122/><V130/><F130/><W2/><G2/><N who="0" m="343" /><D47/><U59/><E68/><V97/><F78/><AGARI ba="0,1" hai="13,18,22,78,83,85,102,103,124,126,127" m="343" machi="78" ten="30,1000,0" yaku="18,1" doraHai="91" who="0" fromWho="2" sc="230,20,240,0,240,-10,280,0" /><INIT seed="2,0,0,2,1,126" ten="250,240,230,280" oya="2" hai0="80,35,60,81,46,10,21,47,114,19,104,115,1" hai1="106,0,96,20,82,112,77,74,88,39,129,45,72" hai2="128,78,15,64,2,83,125,59,63,75,92,7,3" hai3="44,4,12,11,62,91,13,14,33,127,105,40,50"/><V119/><F119/><W101/><G127/><T79/><D104/><U6/><E112/><V68/><F125/><W93/><G33/><T31/><D35/><U9/><E74/><V51/><F92/><W120/><G120/><T25/><D60/><U5/><E5/><V122/><F122/><W86/><G105/><T121/><D121/><U73/><E73/><V117/><F117/><W43/><G101/><T95/><D81/><U71/><E20/><V97/><F97/><W108/><G108/><T22/><D95/><N who="1" m="56423" /><E71/><V53/><REACH who="2" step="1"/><F128/><REACH who="2" ten="250,240,220,280" step="2"/><W56/><REACH who="3" step="1"/><G43/><REACH who="3" ten="250,240,220,270" step="2"/><T123/><D123/><U61/><E106/><V102/><F102/><W116/><G116/><T94/><D115/><U98/><E98/><V18/><F18/><W135/><G135/><T124/><D19/><U90/><E129/><V38/><F38/><W69/><G69/><T85/><D124/><U32/><E39/><V24/><F24/><W17/><G17/><T70/><D25/><U107/><E107/><V30/><F30/><W89/><G89/><T130/><D31/><U134/><E90/><V118/><F118/><W48/><G48/><T26/><D130/><U65/><E134/><V55/><F55/><AGARI ba="0,2" hai="4,11,12,13,14,40,44,50,55,56,62,86,91,93" machi="55" ten="30,7700,0" yaku="1,1,7,1,8,1,53,1" doraHai="126" doraHaiUra="52" who="3" fromWho="2" sc="250,0,240,0,220,-77,270,97" /><INIT seed="3,0,0,5,4,34" ten="250,240,143,367" oya="3" hai0="94,101,122,118,16,57,20,33,46,42,70,49,85" hai1="98,132,18,79,45,80,67,28,37,61,133,99,109" hai2="77,75,86,72,128,106,69,129,63,17,92,126,40" hai3="21,8,35,54,113,19,64,135,13,130,62,88,76"/><W14/><G35/><T25/><D118/><U117/><E117/><V90/><F40/><W58/><G113/><T107/><D70/><U60/><E28/><V131/><F126/><W31/><G130/><T15/><D122/><U105/><E109/><V51/><F51/><W111/><G135/><N who="1" m="51786" /><E105/><V95/><F106/><W120/><G120/><T112/><D112/><U26/><E26/><V134/><F134/><W104/><G104/><T100/><D107/><U55/><E18/><V116/><F116/><W89/><G111/><T114/><D114/><U74/><E37/><V115/><F115/><W47/><G76/><T2/><D2/><U38/><E38/><V0/><F0/><W96/><G96/><N who="1" m="36906" /><E67/><V24/><F77/><W110/><G110/><T123/><D123/><U119/><E119/><V84/><F24/><N who="3" m="16783" /><G13/><T82/><D25/><U108/><E108/><V30/><F17/><W78/><G78/><N who="0" m="46295" /><D33/><U12/><E12/><V73/><F30/><W23/><G23/><T91/><D57/><U59/><E45/><V56/><F69/><W127/><G127/><T50/><D101/><U87/><E61/><V5/><F5/><W29/><G29/><T93/><D100/><U102/><E102/><V125/><F125/><W68/><G68/><T43/><D91/><N who="3" m="34889" /><G47/><AGARI ba="0,0" hai="15,16,20,42,43,46,47,49,50,93,94" m="46295" machi="47" ten="30,2000,0" yaku="8,1,54,1" doraHai="34" who="0" fromWho="3" sc="250,20,240,0,143,0,367,-20" /><INIT seed="4,0,0,5,5,33" ten="270,240,143,347" oya="0" hai0="128,57,97,11,95,32,61,68,77,70,124,75,7" hai1="74,56,82,90,31,53,20,118,36,135,108,58,129" hai2="26,18,51,113,101,106,22,80,0,63,123,92,60" hai3="15,8,4,94,28,12,134,6,78,126,133,103,64"/><T42/><D32/><U35/><E108/><V89/><F123/><W43/><G126/><T10/><D124/><U3/><E118/><V39/><F113/><W62/><G78/><T1/><D128/><U86/><E35/><V24/><F39/><W47/><G28/><T122/><D122/><U65/><E36/><V16/><F0/><N who="3" m="7" /><G6/><T96/><D42/><U81/><E129/><V52/><F80/><W38/><G94/><T66/><D96/><U30/><E135/><N who="3" m="51722" /><G103/><T76/><D11/><U102/><E102/><V83/><F83/><W37/><G37/><T41/><D41/><U71/><E3/><V2/><F2/><W107/><G107/><T17/><D17/><U79/><E71/><AGARI ba="0,0" hai="12,15,38,43,47,62,64,71" m="51722,7" machi="71" ten="30,2000,0" yaku="20,1,52,1" doraHai="33" who="3" fromWho="1" sc="270,0,240,-20,143,0,347,20" /><INIT seed="5,0,0,5,5,116" ten="270,220,143,367" oya="1" hai0="87,66,114,103,19,76,51,90,44,69,72,77,70" hai1="34,98,92,36,23,45,56,47,89,96,82,134,117" hai2="16,17,101,74,80,99,10,95,18,113,48,71,49" hai3="21,124,61,43,126,42,13,7,125,9,119,11,63"/><U5/><E117/><V91/><F71/><W50/><G119/><T55/><D72/><U108/><E34/><V4/><F113/><W20/><G11/><T53/><D114/><U38/><E134/><V15/><REACH who="2" step="1"/><F74/><REACH who="2" ten="270,220,133,367" step="2"/><W30/><G125/><T35/><D69/><U102/><E108/><V120/><F120/><W1/><G126/><T94/><D70/><U54/><E38/><V107/><F107/><W84/><G124/><T0/><D35/><U67/><E36/><V135/><F135/><W121/><G121/><T129/><D129/><U3/><E67/><V68/><F68/><W132/><G132/><T31/><D66/><U58/><E3/><V75/><F75/><W62/><G1/><T128/><D0/><U24/><E5/><V109/><F109/><W73/><G73/><T93/><D128/><U83/><E102/><V32/><F32/><W79/><G7/><T115/><D103/><U37/><E37/><V41/><F41/><W110/><G42/><T40/><D40/><U81/><E54/><V14/><F14/><W130/><G13/><T33/><D55/><U78/><E78/><V27/><F27/><W127/><G79/><T12/><D53/><U25/><E25/><V8/><F8/><W111/><G9/><T46/><D76/><U22/><E22/><N who="3" m="8810" /><G111/><T123/><D77/><U26/><E26/><V106/><F106/><W57/><G110/><T131/><D33/><U85/><E23/><V64/><F64/><W100/><G127/><T39/><D131/><U60/><E24/><V133/><F133/><W6/><G130/><T59/><D115/><RYUUKYOKU ba="0,1" sc="270,-10,220,-10,133,30,367,-10" hai2="4,10,15,16,17,18,48,49,80,91,95,99,101" /><INIT seed="6,1,1,5,4,103" ten="260,210,163,357" oya="2" hai0="28,128,96,41,15,16,50,20,107,105,95,47,72" hai1="68,114,57,70,1,66,36,77,106,101,109,65,111" hai2="98,7,4,63,134,85,127,44,80,11,89,19,62" hai3="14,82,88,104,81,54,61,9,116,91,123,67,76"/><V18/><F134/><W56/><G104/><T32/><D72/><U69/><E1/><V2/><F127/><W64/><G116/><T43/><D128/><U30/><E77/><V74/><F74/><W124/><G123/><T34/><D43/><U59/><E30/><V23/><F7/><W131/><G131/><T121/><D121/><U27/><E27/><V25/><F19/><W39/><G39/><T75/><D75/><U53/><E101/><V60/><F44/><W130/><G124/><T55/><D55/><U45/><E106/><V90/><REACH who="2" step="1"/><F98/><REACH who="2" ten="260,210,153,357" step="2"/><W8/><G130/><T93/><D96/><U6/><E6/><V58/><F58/><N who="1" m="22025" /><E114/><V115/><F115/><W87/><G56/><T51/><D47/><U99/><E99/><V33/><F33/><W21/><G64/><N who="1" m="24682" /><E53/><V35/><F35/><W112/><G54/><T0/><D34/><U49/><E49/><V31/><F31/><W92/><G112/><T126/><D50/><U37/><E45/><V38/><F38/><AGARI ba="1,2" hai="36,37,38,68,69,70,109,111" m="24682,22025" machi="38" ten="40,8000,1" yaku="28,2,34,2" doraHai="103" who="1" fromWho="2" sc="260,0,210,103,153,-83,357,0" /><INIT seed="7,0,0,1,5,28" ten="260,313,70,357" oya="3" hai0="5,102,57,92,73,82,33,84,12,121,112,35,114" hai1="62,120,46,86,109,37,100,58,68,24,124,45,16" hai2="29,117,108,20,93,64,133,78,48,99,23,125,134" hai3="111,103,105,31,94,55,101,70,9,34,69,83,107"/><W11/><G111/><T122/><D73/><U116/><E109/><V4/><F108/><W72/><G94/><T10/><D57/><U131/><E120/><N who="0" m="46185" /><D92/><U47/><E116/><V81/><F117/><W110/><G55/><T8/><D102/><U15/><E68/><V115/><F115/><N who="0" m="44074" /><D10/><U54/><E131/><V59/><F4/><W127/><G9/><T106/><D106/><U3/><E124/><V6/><F6/><W42/><G127/><T1/><D1/><U135/><E3/><V18/><F125/><W60/><G11/><T7/><D7/><U17/><E100/><V30/><F23/><W91/><G103/><T80/><D80/><U26/><E37/><V128/><F128/><W85/><G83/><T19/><D19/><U39/><E39/><V38/><F38/><W129/><G101/><T36/><D36/><U89/><E17/><V40/><F81/><W74/><G70/><T61/><D61/><U96/><E96/><V95/><F95/><W22/><G69/><T32/><D32/><U43/><E43/><V130/><F130/><W66/><G34/><T67/><D67/><U88/><E89/><AGARI ba="0,0" hai="5,8,12,33,35,82,84,89" m="44074,46185" machi="89" ten="30,7700,0" yaku="15,1,11,1,52,2" doraHai="28" who="0" fromWho="1" sc="260,77,313,-77,70,0,357,0" owari="337,14.0,236,-16.0,70,-43.0,357,45.0" /></mjloggm>