<mjloggm ver="2.3"><GO type="41" lobby="0"/><UN n0="%E5%B9%B3%E5%87%A1%E3%82%AD%E3%83%83%E3%82%AF" n1="%E5%86%A5%E7%95%8C%E3%81%AE%E9%AD%94%E7%8E%8B" n2="%E3%82%A6%E3%83%AB%E3%83%88%E3%83%A9%E7%AB%8B%E7%9B%B4" n3="%64%31" dan="14,14,16,13" rate="1924.89,2018.67,2059.25,1825.63" sx="M,M,M,M"/><TAIKYOKU oya="0"/><INIT seed="0,0,0,2,2,55" ten="250,250,250,250" oya="0" hai0="103,89,79,15,11,53,88,92,124,127,13,130,84" hai1="122,61,20,10,98,39,135,48,25,115,59,4,52" hai2="114,69,27,106,134,49,110,30,65,43,62,100,118" hai3="73,93,97,132,38,70,82,78,35,94,117,14,23"/><T126/><D130/><U72/><E122/><V46/><F118/><W24/><G38/><T16/><D103/><U33/><E33/><V17/><F17/><W81/><G70/><T109/><D109/><U131/><E131/><V99/><F110/><W28/><G117/><T87/><D79/><U6/><E72/><V31/><F31/><W56/><G132/><T22/><D53/><U105/><E135/><V45/><F45/><W29/><G82/><T123/><D123/><U60/><E39/><V76/><F76/><W119/><G119/><T26/><REACH who="0" step="1"/><D11/><REACH who="0" ten="240,250,250,250" step="2"/><U113/><E115/><V91/><F134/><W18/><G29/><T133/><D133/><U1/><E113/><V21/><F114/><W80/><G81/><AGARI ba="0,1" hai="13,15,16,22,26,81,84,87,88,89,92,124,126,127" machi="81" ten="40,12000,1" yaku="1,1,18,1,54,2,53,0" doraHai="55" doraHaiUra="36" who="0" fromWho="3" sc="240,130,250,0,250,0,250,-120" /><INIT seed="0,1,0,4,3,70" ten="370,250,250,130" oya="0" hai0="20,113,24,95,55,17,101,87,51,72,10,126,36" hai1="9,129,50,37,48,5,2,132,62,29,134,18,66" hai2="135,81,53,74,116,47,82,8,102,54,4,56,106" hai3="75,123,120,31,90,125,58,21,121,23,46,119,91"/><T3/><D113/><U114/><E29/><V63/><F116/><W96/><G75/><T41/><D72/><U98/><E129/><V11/><F135/><W128/><G119/><T109/><D126/><U14/><E98/><V44/><F74/><W43/><G125/><T80/><D109/><U76/><E76/><V1/><F102/><W13/><G128/><T97/><D3/><U30/><E30/><V107/><F4/><W84/><G31/><T40/><D10/><U112/><E50/><V100/><F100/><W22/><G58/><T12/><D36/><U15/><E48/><V77/><F77/><W0/><G0/><T131/><D24/><U65/><E2/><V99/><F1/><W133/><G133/><N who="1" m="51306" /><E37/><V85/><F99/><W32/><G32/><T93/><D93/><U69/><E65/><V27/><F85/><W92/><G13/><T110/><D110/><U103/><E103/><V104/><F27/><W105/><G105/><T38/><D38/><U52/><E52/><V78/><F78/><W88/><REACH who="3" step="1"/><G84/><REACH who="3" ten="370,250,250,120" step="2"/><T42/><D131/><U86/><E86/><V45/><F56/><W33/><G33/><T115/><D115/><N who="1" m="44075" /><E15/><V59/><F59/><W39/><AGARI ba="1,1" hai="21,22,23,39,43,46,88,90,91,92,96,120,121,123" machi="39" ten="40,8000,1" yaku="1,1,0,1,13,1,52,1,54,1,53,0" doraHai="70" doraHaiUra="34" who="3" fromWho="3" sc="370,-41,250,-21,250,-21,120,93" /><INIT seed="1,0,0,3,0,52" ten="329,229,229,213" oya="1" hai0="17,40,15,0,129,77,26,66,45,21,27,79,70" hai1="53,90,50,69,117,8,42,78,108,60,23,18,130" hai2="56,5,4,104,85,28,124,91,122,19,63,116,111" hai3="127,105,37,112,9,25,51,58,99,75,35,74,20"/><U72/><E117/><V44/><F104/><W121/><G37/><T29/><D0/><U134/><E134/><V57/><F122/><W86/><G112/><T107/><D107/><U12/><E130/><V31/><F116/><W132/><G121/><T39/><D129/><U93/><E108/><V125/><F111/><W2/><G35/><T131/><D131/><U100/><E100/><V118/><F44/><W61/><G132/><T103/><D103/><U16/><E42/><V89/><F118/><W98/><G127/><T80/><D70/><U109/><E109/><V76/><F63/><W11/><G74/><T68/><D68/><U7/><E69/><V71/><F71/><W49/><G75/><T128/><D128/><U101/><E101/><V33/><F19/><W22/><G86/><T123/><D123/><U113/><E113/><V114/><F85/><W43/><G105/><T119/><D119/><U102/><E102/><V96/><F96/><W14/><G2/><T115/><D115/><U83/><E60/><V41/><F114/><W36/><G36/><T97/><D97/><U48/><E53/><V95/><F95/><W88/><G43/><T30/><D66/><U106/><E18/><V6/><F41/><W120/><G120/><T126/><D126/><N who="2" m="48746" /><F76/><W10/><G14/><T81/><D77/><U87/><REACH who="1" step="1"/><E106/><REACH who="1" ten="329,219,229,213" step="2"/><V47/><F31/><N who="3" m="17831" /><G61/><T133/><D133/><U92/><E92/><V94/><F94/><N who="3" m="56647" /><G99/><T24/><D79/><U54/><E54/><V13/><F28/><W82/><G82/><T59/><D80/><U55/><E55/><V46/><F89/><RYUUKYOKU ba="0,1" sc="329,-10,219,30,229,-10,213,-10" hai1="7,8,12,16,23,48,50,72,78,83,87,90,93" /><INIT seed="1,1,1,0,3,57" ten="319,249,219,203" oya="1" hai0="37,46,88,67,93,130,100,48,125,5,122,107,0" hai1="59,105,101,53,112,26,29,56,1,135,102,103,10" hai2="121,120,133,77,85,128,63,82,61,75,86,80,69" hai3="119,25,27,34,33,98,51,89,3,20,21,11,113"/><U108/><E112/><V42/><F75/><W8/><G51/><T55/><D37/><U126/><E135/><V52/><F133/><W73/><G73/><T129/><D100/><U78/><E78/><V79/><F42/><W60/><G98/><T123/><D107/><U76/><E76/><V31/><F31/><W95/><G95/><T50/><D125/><U38/><E38/><V7/><F7/><W41/><G41/><T106/><D106/><U84/><E126/><V23/><F23/><W65/><G89/><T74/><D74/><U44/><E108/><V116/><F116/><W109/><G65/><T6/><D67/><U58/><E84/><V39/><F39/><W54/><G54/><T45/><D0/><U68/><E68/><V118/><F118/><W16/><G119/><T13/><D13/><U19/><E105/><V17/><F17/><N who="3" m="12431" /><G60/><T94/><D55/><U83/><E83/><V40/><F40/><W97/><G97/><T132/><D132/><U14/><E1/><V111/><F111/><W115/><G109/><T91/><AGARI ba="1,1" hai="5,6,45,46,48,50,88,91,93,94,122,123,129,130" machi="91" ten="25,6400,0" yaku="0,1,22,2,54,1" doraHai="57" who="0" fromWho="0" sc="319,77,249,-33,219,-17,203,-17" /><INIT seed="2,0,0,3,4,56" ten="396,216,202,186" oya="2" hai0="39,134,106,86,9,122,4,26,130,61,69,43,101" hai1="60,2,15,54,47,11,72,23,85,32,25,77,10" hai2="97,104,132,108,127,123,16,31,45,111,13,92,93" hai3="63,49,110,120,53,126,107,74,87,65,33,3,19"/><V67/><F123/><W80/><G74/><T21/><D122/><U42/><E72/><V38/><F31/><W83/><G120/><T64/><D130/><U22/><E32/><V100/><F127/><W119/><G119/><T103/><D134/><U94/><E2/><V48/><F38/><W129/><G126/><T52/><D43/><U99/><E10/><V62/><F132/><W109/><G107/><T91/><D39/><U105/><E105/><V73/><F73/><W24/><G3/><T131/><D106/><U116/><E116/><V34/><F34/><W37/><G37/><T44/><D131/><U84/><E77/><V14/><F14/><W114/><G114/><T128/><D128/><U71/><E42/><V76/><F76/><W20/><G33/><T6/><D6/><U115/><E115/><V81/><F81/><W90/><G129/><T50/><D9/><U96/><E96/><V0/><F0/><W125/><G125/><T95/><REACH who="0" step="1"/><D4/><REACH who="0" ten="386,216,202,186" step="2"/><U102/><E11/><V113/><F113/><W18/><G110/><T57/><D57/><N who="1" m="34871" /><E71/><V5/><F5/><W124/><G109/><N who="2" m="42057" /><F45/><W117/><G124/><T46/><D46/><U70/><E70/><N who="2" m="42359" /><F48/><W68/><G117/><T78/><D78/><U28/><E47/><V51/><F51/><W82/><REACH who="3" step="1"/><G19/><AGARI ba="0,1" hai="19,21,26,44,50,52,61,64,69,86,91,95,101,103" machi="19" ten="30,8000,1" yaku="1,1,7,1,52,1,54,1,53,1" doraHai="56" doraHaiUra="17" who="0" fromWho="3" sc="386,90,216,0,202,0,186,-80" /><AGARI ba="0,0" hai="15,19,22,23,25,28,84,85,94,99,102" m="34871" machi="19" ten="30,2000,0" yaku="8,1,52,1" doraHai="56" who="1" fromWho="3" sc="476,0,216,20,202,0,106,-20" /><INIT seed="3,0,0,2,3,36" ten="476,236,202,86" oya="3" hai0="39,28,3,14,57,35,74,81,25,87,22,121,73" hai1="66,27,134,103,42,19,53,47,109,75,44,46,9" hai2="18,43,124,20,64,49,5,52,17,131,107,102,55" hai3="8,61,71,62,2,90,108,111,59,96,104,31,112"/><W45/><G112/><T4/><D121/><U10/><E75/><V84/><F124/><W1/><G31/><T16/><D39/><U63/><E103/><V69/><F131/><W113/><G113/><T26/><D57/><U115/><E115/><V6/><F64/><W126/><G71/><T68/><D26/><U86/><E134/><V133/><F102/><W82/><G126/><T65/><D65/><U76/><E109/><N who="3" m="42058" /><G104/><T97/><D97/><U85/><E53/><N who="2" m="20555" /><F69/><W98/><G82/><T23/><D23/><N who="1" m="13823" /><E66/><V118/><F107/><W125/><G125/><T129/><D68/><U116/><E63/><N who="3" m="24074" /><G59/><T30/><D30/><U41/><E116/><V94/><F118/><W13/><G45/><N who="1" m="11522" /><U37/><DORA hai="32" /><E37/><V72/><F133/><W58/><G58/><T79/><D129/><U120/><E120/><V67/><F67/><W77/><G77/><T92/><D92/><U135/><E135/><V54/><F94/><N who="3" m="56407" /><G98/><T24/><D24/><U21/><E21/><V56/><F72/><W60/><N who="3" m="24082" /><W40/><DORA hai="0" /><G40/><N who="1" m="15466" /><E76/><V95/><F43/><W11/><G11/><AGARI ba="0,0" hai="3,4,11,14,16,22,25,28,35,73,74,79,81,87" machi="11" ten="40,8000,1" yaku="24,2,52,2,54,1" doraHai="36,32,0" who="0" fromWho="3" sc="476,80,236,0,202,0,86,-80" /><AGARI ba="0,0" hai="9,10,11,85,86" m="15466,11522,13823" machi="11" ten="40,8000,1" yaku="8,1,52,3" doraHai="36,32,0" who="1" fromWho="3" sc="556,0,236,80,202,0,6,-80" owari="556,65.0,316,12.0,202,-20.0,-74,-57.0" /></mjloggm>