<mjloggm ver="2.3"><GO type="97" lobby="0"/><UN n0="%E3%83%9E%E3%83%AA%E3%83%BC%E3%81%AB%E3%81%8F%E3%81%A1%E3%81%A5%E3%81%91" n1="%E9%80%86%E8%B5%B0" n2="%E3%82%AB%E3%83%B3%E3%82%B7%E3%83%B3" n3="%E3%82%A6%E3%83%AB%E3%83%88%E3%83%A9%E7%AB%8B%E7%9B%B4" dan="14,13,14,14" rate="1986.05,1813.16,1976.47,1911.60" sx="M,M,M,M"/><TAIKYOKU oya="0"/><INIT seed="0,0,0,5,2,31" ten="250,250,250,250" oya="0" hai0="25,23,110,30,123,11,134,33,18,58,130,73,17" hai1="39,59,60,41,70,43,102,34,76,88,80,47,135" hai2="113,107,2,66,108,126,106,45,19,124,132,79,12" hai3="49,52,95,74,24,16,7,22,89,6,14,13,83"/><T82/><D123/><U114/><E70/><V69/><F2/><W116/><G116/><T29/><D73/><U3/><E3/><V125/><F113/><W121/><G121/><T72/><D72/><U53/><E102/><V109/><F132/><W51/><G83/><T100/><D100/><U71/><E71/><V28/><F28/><W128/><G74/><T78/><D134/><U64/><E135/><V63/><F79/><W35/><G128/><T56/><D130/><U46/><E114/><V54/><F54/><W101/><G101/><T105/><D105/><N who="2" m="39946" /><F45/><N who="3" m="27695" /><G35/><T77/><D110/><U111/><E34/><V119/><F119/><W131/><G131/><T32/><D82/><U127/><E76/><V20/><AGARI ba="0,0" hai="12,19,20,63,66,69,108,109,124,125,126" m="39946" machi="20" ten="40,1500,0" yaku="18,1" doraHai="31" who="2" fromWho="2" sc="250,-7,250,-4,250,15,250,-4" /><INIT seed="1,0,0,0,1,116" ten="243,246,265,246" oya="1" hai0="81,68,44,97,114,127,39,65,93,34,133,62,26" hai1="73,120,38,69,30,1,56,31,87,32,102,121,96" hai2="129,82,124,101,117,95,11,109,118,25,60,122,106" hai3="98,17,5,131,84,0,104,43,8,92,28,61,6"/><U10/><E31/><V41/><F106/><W27/><G131/><T18/><D114/><U35/><E56/><V21/><F41/><W107/><G6/><T135/><D127/><U76/><E87/><V4/><F129/><W126/><G126/><T119/><D119/><U83/><E69/><V123/><F124/><W37/><G43/><T88/><D81/><U63/><E63/><V91/><F82/><W70/><G37/><T99/><D99/><U85/><E85/><V58/><F101/><W22/><G84/><T20/><D39/><U103/><E103/><V67/><F109/><W53/><G28/><T90/><D44/><U59/><E59/><V14/><F118/><W55/><G53/><T132/><D34/><U100/><E100/><AGARI ba="0,0" hai="18,20,26,62,65,68,88,90,93,97,100,132,133,135" machi="100" ten="40,2600,0" yaku="20,1,54,1" doraHai="116" who="0" fromWho="1" sc="243,26,246,-26,265,0,246,0" /><INIT seed="2,0,0,5,4,34" ten="269,220,265,246" oya="2" hai0="135,84,26,105,125,72,38,42,97,59,23,104,15" hai1="129,53,21,92,46,41,49,121,61,63,111,27,134" hai2="44,45,124,99,47,100,60,69,56,3,126,24,116" hai3="22,82,0,67,40,112,20,1,66,132,117,8,73"/><V68/><F3/><N who="3" m="1099" /><G40/><T64/><D72/><U77/><E121/><V78/><F78/><N who="3" m="44367" /><G117/><T14/><D125/><N who="2" m="48234" /><F24/><W95/><G95/><T107/><D135/><U32/><E32/><V17/><F17/><W54/><G54/><T127/><D127/><U83/><E134/><V98/><F116/><W48/><G48/><T76/><D42/><U79/><E129/><V106/><F98/><W131/><G8/><T6/><D38/><U122/><E111/><V28/><F28/><W118/><G118/><T36/><D36/><U57/><E122/><V12/><F12/><W115/><G132/><T58/><D97/><U103/><E63/><V130/><F130/><W108/><G131/><T75/><D75/><U7/><E7/><V90/><F90/><W128/><G128/><T18/><D64/><AGARI ba="0,0" hai="44,45,47,56,60,64,68,69,99,100,106" m="48234" machi="64" ten="30,1500,0" yaku="18,1" doraHai="34" who="2" fromWho="0" sc="269,-15,220,0,265,15,246,0" /><INIT seed="2,1,0,4,1,104" ten="254,220,280,246" oya="2" hai0="79,120,130,82,100,30,85,51,47,29,110,108,15" hai1="133,16,135,23,53,17,6,127,22,27,114,5,4" hai2="69,126,3,121,28,18,26,129,134,50,35,128,49" hai3="105,102,66,89,88,41,118,91,57,63,117,14,92"/><V96/><F69/><W64/><G105/><T123/><D130/><N who="2" m="50282" /><F121/><W11/><G41/><T56/><D100/><U75/><E53/><V52/><F3/><W31/><G31/><T55/><D15/><N who="1" m="9503" /><E114/><V39/><F39/><W45/><G45/><T25/><D47/><U43/><E43/><V124/><F134/><N who="1" m="51209" /><E75/><V46/><F96/><W1/><G1/><T95/><D30/><U132/><E132/><V42/><F18/><W10/><G66/><T8/><D8/><U87/><E87/><V20/><F35/><W109/><G109/><N who="0" m="42091" /><D95/><U2/><E127/><N who="2" m="48683" /><F50/><W38/><G38/><T54/><D54/><AGARI ba="1,0" hai="20,26,28,42,46,49,52,54" m="48683,50282" machi="54" ten="30,5800,0" yaku="19,1,18,1,54,1" doraHai="104" who="2" fromWho="0" sc="254,-61,220,0,280,61,246,0" /><INIT seed="2,2,0,3,4,4" ten="193,220,341,246" oya="2" hai0="74,39,134,32,54,27,42,60,133,66,115,85,33" hai1="0,61,71,46,50,93,43,95,86,117,62,97,78" hai2="80,1,103,22,132,102,16,113,26,129,110,75,120" hai3="124,100,15,2,89,82,111,130,25,81,88,11,99"/><V108/><F113/><W122/><G2/><T52/><D115/><U64/><E61/><V29/><F120/><W19/><G122/><T119/><D119/><U23/><E117/><V96/><F1/><W73/><G124/><T45/><D74/><U37/><E0/><V84/><F75/><W87/><G130/><T35/><D27/><U41/><E41/><V58/><F129/><W53/><G111/><N who="2" m="42537" /><F132/><W40/><G40/><T72/><D72/><U28/><E37/><V30/><F58/><W13/><G53/><T34/><D85/><U135/><E135/><N who="0" m="51721" /><D34/><U131/><E131/><V36/><F36/><W127/><G127/><T101/><D101/><N who="2" m="38410" /><F96/><W68/><G68/><AGARI ba="2,0" hai="32,33,35,39,42,45,52,54,60,66,68" m="51721" machi="68" ten="40,2600,0" yaku="20,1,54,1" doraHai="4" who="0" fromWho="3" sc="193,32,220,0,341,0,246,-32" /><INIT seed="3,0,0,3,4,38" ten="225,220,341,214" oya="3" hai0="7,102,52,76,32,135,103,121,82,18,9,125,75" hai1="37,33,83,106,84,77,67,48,13,132,12,22,10" hai2="108,87,110,35,122,105,113,88,78,24,43,56,98" hai3="15,46,54,101,68,128,131,34,28,116,73,115,69"/><W119/><G73/><T95/><D121/><U61/><E37/><V40/><F113/><W57/><G115/><T4/><D32/><U70/><E33/><V53/><F78/><W104/><G101/><T126/><D135/><U5/><E106/><V25/><F122/><W8/><G104/><T44/><D18/><U45/><E132/><V58/><F98/><W14/><G46/><T31/><D31/><U29/><E29/><N who="2" m="19879" /><F25/><W107/><G107/><T91/><D7/><U27/><E27/><V92/><F105/><W99/><G99/><T79/><D79/><U96/><E96/><V124/><F124/><N who="0" m="47722" /><D52/><U59/><E22/><V71/><F71/><N who="3" m="27211" /><G28/><T55/><D44/><U2/><E70/><V123/><F123/><W3/><G34/><T6/><D55/><AGARI ba="0,0" hai="2,5,10,12,13,45,48,55,59,61,67,77,83,84" machi="55" ten="30,1000,0" yaku="7,1" doraHai="38" who="1" fromWho="0" sc="225,-10,220,10,341,0,214,0" owari="215,-18.0,230,3.0,341,44.0,214,-29.0" /></mjloggm>