<mjloggm ver="2.3"><GO type="97" lobby="0"/><UN n0="%E3%81%82%E3%81%8D%E3%81%A8%EF%BC%BE%E3%80%82%EF%BC%BE" n1="%E3%82%A6%E3%83%AB%E3%83%88%E3%83%A9%E7%AB%8B%E7%9B%B4" n2="%4B%50%58" n3="%E3%81%A8%E3%81%A3%E3%81%B7%E3%82%8D%E3%83%BC%E3%81%A9" dan="13,15,13,14" rate="1810.35,2017.46,1824.62,1977.58" sx="M,M,M,M"/><TAIKYOKU oya="0"/><INIT seed="0,0,0,2,2,9" ten="250,250,250,250" oya="0" hai0="14,72,130,74,12,102,107,95,36,6,43,116,129" hai1="59,24,87,51,60,16,88,131,44,50,41,3,45" hai2="81,96,112,63,20,47,54,84,86,78,115,121,49" hai3="30,17,75,31,66,46,37,76,73,123,53,100,28"/><T127/><D116/><U83/><E3/><V67/><F121/><W27/><G123/><T26/><D107/><U90/><E131/><N who="0" m="50185" /><D127/><U56/><E90/><V118/><F118/><W91/><G100/><T32/><D36/><U120/><E120/><V33/><F33/><W117/><G117/><T104/><D104/><U111/><E111/><V103/><F20/><W85/><G66/><T89/><D43/><N who="1" m="24863" /><E60/><V122/><F86/><W135/><G135/><T77/><D102/><U133/><E133/><V99/><F122/><W98/><G98/><N who="0" m="57711" /><D6/><U55/><E41/><V5/><F5/><W94/><G37/><T110/><D110/><U39/><E39/><V134/><F134/><W128/><G128/><T52/><D77/><U35/><E35/><V114/><REACH who="2" step="1"/><F103/><REACH who="2" ten="250,250,240,250" step="2"/><W93/><G75/><N who="0" m="28715" /><D52/><U58/><E45/><V40/><F40/><W80/><G53/><T38/><D38/><U25/><E55/><V105/><F105/><W70/><G46/><T23/><D32/><U101/><E101/><V13/><F13/><W2/><G73/><T61/><D61/><U21/><E51/><V65/><F65/><W42/><G42/><T15/><D15/><AGARI ba="0,1" hai="15,16,21,24,25,56,58,59,83,87,88" m="24863" machi="15" ten="30,7700,0" yaku="8,1,52,1,54,2" doraHai="9" who="1" fromWho="0" sc="250,-77,250,87,240,0,250,0" /><INIT seed="1,0,0,1,2,119" ten="173,337,240,250" oya="1" hai0="13,98,121,108,132,31,15,54,105,112,9,89,20" hai1="114,63,64,26,2,81,99,93,14,113,25,80,76" hai2="84,22,50,104,0,78,90,72,23,86,116,127,123" hai3="102,88,37,34,92,27,73,11,3,103,41,85,95"/><U75/><E2/><V44/><F123/><W109/><G109/><T16/><D112/><U94/><E14/><V110/><F116/><W107/><G73/><T47/><D108/><U36/><E36/><V40/><F110/><W33/><G107/><T19/><D132/><U10/><E10/><V30/><F104/><W68/><G68/><T91/><D121/><U28/><E81/><V65/><F0/><W77/><G77/><T24/><D105/><U120/><E93/><V43/><F65/><W8/><G3/><T18/><D98/><U83/><E83/><N who="2" m="47223" /><F127/><W106/><G106/><T118/><D118/><U129/><E25/><N who="2" m="16695" /><F23/><W29/><G34/><T60/><D19/><U61/><E129/><V5/><F72/><W130/><G130/><T125/><D125/><U70/><E120/><V42/><F5/><W56/><G37/><T46/><D46/><U74/><E74/><V71/><F71/><W134/><G41/><T1/><D1/><U6/><E6/><V59/><F59/><W38/><G38/><T100/><D100/><U101/><E113/><V49/><F49/><W133/><G56/><N who="0" m="34839" /><D47/><U17/><E114/><V45/><F45/><W87/><G103/><T117/><D117/><U111/><E111/><V122/><F122/><W12/><G102/><T7/><D7/><U69/><E69/><V53/><F40/><W67/><G67/><T39/><D39/><U4/><E4/><V135/><F135/><N who="3" m="51723" /><G12/><T32/><D32/><N who="1" m="20503" /><E64/><V82/><AGARI ba="0,0" hai="42,43,44,50,53,82,86,90" m="16695,47223" machi="82" ten="30,1100,0" yaku="8,1" doraHai="119" who="2" fromWho="2" sc="173,-3,337,-5,240,11,250,-3" /><INIT seed="2,0,0,4,3,83" ten="170,332,251,247" oya="2" hai0="57,70,44,12,123,75,26,34,79,133,3,30,42" hai1="49,127,116,15,14,10,114,124,92,7,90,38,66" hai2="24,50,53,56,78,109,65,74,71,100,23,91,86" hai3="40,22,89,120,47,19,61,76,82,17,107,39,35"/><V119/><F119/><W13/><G35/><T101/><D123/><U121/><E38/><V8/><F109/><W63/><G120/><T110/><D3/><U16/><E121/><V20/><F74/><W4/><G107/><T131/><D70/><U87/><E114/><V125/><F125/><N who="1" m="48201" /><E66/><V105/><F78/><W41/><G40/><T118/><D131/><U43/><E116/><V45/><F71/><W88/><G4/><T115/><D118/><U96/><E49/><V67/><F105/><W135/><G135/><T36/><D115/><U48/><E48/><V132/><F132/><W130/><G130/><T60/><D133/><U134/><E43/><N who="2" m="24895" /><F100/><W2/><G2/><T128/><D128/><U104/><E134/><V77/><F77/><W29/><G29/><T98/><D110/><U112/><E112/><V58/><F8/><W106/><G106/><T21/><D75/><U99/><E104/><V54/><F23/><AGARI ba="0,0" hai="7,10,14,15,16,23,87,90,92,96,99" m="48201" machi="23" ten="30,3900,0" yaku="18,1,52,1,54,1" doraHai="83" who="1" fromWho="2" sc="170,0,332,39,251,-39,247,0" /><INIT seed="3,0,0,2,0,31" ten="170,371,212,247" oya="3" hai0="20,22,124,54,8,88,98,102,29,130,123,19,78" hai1="45,83,116,57,79,70,10,119,82,84,108,40,126" hai2="115,73,9,135,55,0,91,38,50,52,80,3,111" hai3="44,64,85,56,58,47,53,59,113,66,129,69,61"/><W42/><G113/><T21/><D123/><U133/><E70/><V89/><F115/><W128/><G85/><T86/><D130/><U122/><E126/><V33/><F38/><W24/><G24/><T16/><D124/><U110/><E57/><N who="3" m="22122" /><G129/><T51/><D78/><N who="1" m="46167" /><E10/><V87/><F73/><W5/><G5/><T32/><D8/><U109/><E122/><V67/><F135/><W2/><G2/><T63/><D63/><U23/><E133/><V132/><F132/><W103/><G103/><T121/><D121/><U4/><E23/><V41/><F9/><W30/><G30/><T14/><D32/><U39/><E4/><V99/><F67/><N who="3" m="25643" /><G128/><T28/><D14/><U15/><E15/><V26/><F41/><W96/><G96/><T1/><D1/><U97/><E97/><V18/><F0/><W75/><G75/><AGARI ba="0,0" hai="39,40,45,75,79,83,108,109,110,116,119" m="46167" machi="75" ten="30,1000,0" yaku="14,1" doraHai="31" who="1" fromWho="3" sc="170,0,371,10,212,0,247,-10" owari="170,-33.0,381,48.0,212,-19.0,237,4.0" /></mjloggm>