<mjloggm ver="2.3"><GO type="97" lobby="0"/><UN n0="%E4%B8%80%E5%88%80%E4%B8%A1%E6%96%AD" n1="%E3%82%B3%E3%83%B3%E3%83%81%E3%83%8D%E3%83%B3%E3%82%BF%E3%83%AB%E2%85%A2" n2="%61%62%2D%61%62%2D%61%62" n3="%E3%82%A6%E3%83%AB%E3%83%88%E3%83%A9%E7%AB%8B%E7%9B%B4" dan="15,14,14,15" rate="2032.29,1933.16,1891.59,1995.58" sx="F,M,M,M"/><TAIKYOKU oya="0"/><INIT seed="0,0,0,2,5,87" ten="250,250,250,250" oya="0" hai0="77,95,118,10,18,134,110,94,44,81,4,106,66" hai1="62,116,33,53,13,51,40,55,8,132,45,129,42" hai2="36,76,73,35,135,12,112,126,58,25,7,127,82" hai3="102,48,74,59,54,41,131,123,84,52,103,104,117"/><T21/><D106/><U78/><E33/><V60/><F112/><W24/><G74/><T20/><D118/><U124/><E116/><V93/><F36/><W50/><G41/><T26/><D66/><U11/><E124/><N who="2" m="47659" /><F135/><W63/><G123/><T43/><D134/><U113/><E132/><V83/><F83/><W70/><G117/><T125/><D21/><U111/><E129/><V67/><F93/><W16/><G131/><T17/><D17/><U128/><E111/><V68/><F25/><W101/><G104/><T108/><D125/><U115/><E128/><V91/><F35/><W96/><G96/><T37/><D95/><U72/><E11/><N who="2" m="4223" /><F68/><W56/><G70/><T30/><D94/><U0/><E0/><V119/><F119/><W79/><G63/><T99/><D30/><U22/><E22/><V2/><F2/><W32/><G32/><T122/><D99/><U39/><E42/><V6/><F6/><W85/><G79/><T98/><D98/><U61/><E78/><V109/><F109/><N who="0" m="42090" /><D122/><U64/><E72/><V69/><F69/><W3/><G3/><N who="0" m="287" /><D81/><U27/><E27/><V133/><F133/><W65/><G65/><T97/><D97/><U9/><E9/><V49/><F49/><W57/><G24/><T89/><D77/><U28/><E28/><V105/><F105/><W5/><G5/><T1/><D1/><U120/><E120/><V80/><F80/><W31/><G31/><T23/><D20/><U34/><E34/><V19/><F19/><W29/><G16/><T90/><AGARI ba="0,0" hai="18,23,26,37,43,44,89,90" m="287,42090" machi="90" ten="30,11700,0" yaku="14,1,10,1,52,2" doraHai="87" who="0" fromWho="0" sc="250,117,250,-39,250,-39,250,-39" /><INIT seed="0,1,0,3,0,3" ten="367,211,211,211" oya="0" hai0="48,45,5,114,69,23,9,56,37,78,51,16,4" hai1="29,74,44,83,54,134,13,117,43,100,92,27,31" hai2="36,38,34,19,22,32,17,112,85,40,129,47,86" hai3="72,97,26,81,131,64,116,123,6,94,99,113,63"/><T0/><D69/><U41/><E134/><V25/><F129/><W84/><G72/><T106/><D37/><U42/><E117/><V71/><F112/><W77/><G113/><T110/><D106/><U76/><E54/><V126/><F71/><W79/><G131/><T12/><D114/><U103/><E44/><V59/><F126/><W66/><G123/><T60/><D78/><U132/><E132/><V133/><F133/><W111/><G111/><T52/><D110/><U61/><E61/><V115/><F115/><W53/><G116/><T124/><D124/><U82/><E82/><V10/><F36/><W33/><G77/><T109/><D109/><U127/><E127/><V80/><F59/><W119/><G119/><T20/><D51/><U98/><E103/><V46/><F46/><W35/><G35/><T15/><D0/><U96/><E96/><V90/><F86/><W68/><G99/><T21/><D15/><U87/><E74/><V65/><F65/><AGARI ba="1,0" hai="4,5,9,12,16,20,21,23,45,48,52,56,60,65" machi="65" ten="40,12000,1" yaku="8,1,52,2,54,2" doraHai="3" who="0" fromWho="2" sc="367,123,211,0,211,-123,211,0" /><INIT seed="0,2,0,3,0,7" ten="490,211,88,211" oya="0" hai0="85,127,48,117,134,3,54,97,108,37,13,88,46" hai1="20,102,86,19,111,5,95,21,15,12,60,27,35" hai2="45,98,38,64,110,23,71,8,96,52,68,129,113" hai3="0,120,43,26,74,40,22,28,18,80,65,17,94"/><T103/><D3/><U25/><E111/><V42/><F113/><W105/><G105/><T2/><D2/><U34/><E60/><V76/><F129/><W30/><G0/><T9/><D117/><U24/><E86/><V75/><F110/><W6/><G6/><T121/><D121/><U92/><E102/><V124/><F124/><W33/><G33/><N who="1" m="12298" /><E95/><V126/><F126/><W128/><G80/><N who="0" m="49191" /><D37/><U59/><E59/><V104/><F76/><W31/><G74/><T91/><D127/><U39/><E92/><V79/><F79/><W1/><G1/><T131/><D131/><U51/><E51/><V87/><F75/><W132/><G120/><T66/><D134/><U4/><E39/><V56/><F23/><N who="1" m="8777" /><E19/><V70/><F87/><W90/><G132/><T125/><D125/><U119/><E119/><V99/><F104/><W63/><G128/><T32/><D32/><U55/><E55/><V61/><REACH who="2" step="1"/><F8/><REACH who="2" ten="490,211,78,211" step="2"/><W62/><G94/><N who="0" m="58807" /><D108/><U84/><E84/><V115/><F115/><W29/><G90/><T106/><D106/><U118/><E118/><V112/><F112/><W47/><G65/><AGARI ba="2,1" hai="38,42,45,52,56,61,64,65,68,70,71,96,98,99" machi="65" ten="50,3200,0" yaku="1,1,54,1,53,0" doraHai="7" doraHaiUra="83" who="2" fromWho="3" sc="490,0,211,0,78,48,211,-38" /><INIT seed="1,0,0,2,3,25" ten="490,211,126,173" oya="1" hai0="104,97,18,15,114,52,0,29,43,127,113,49,38" hai1="35,86,6,19,110,112,54,123,96,108,60,59,22" hai2="58,45,36,41,83,77,56,48,7,93,23,73,81" hai3="118,90,106,1,109,65,119,70,47,129,103,68,132"/><U32/><E123/><V61/><F7/><W125/><G65/><T135/><D0/><U111/><E112/><V69/><F93/><W57/><G57/><T21/><D38/><U40/><E40/><V128/><F128/><W100/><G47/><T131/><D43/><U88/><E96/><V130/><F130/><W62/><G62/><T71/><D131/><U116/><E6/><V39/><F83/><W134/><G90/><T51/><D71/><U46/><E46/><V72/><F72/><W85/><G85/><T3/><D3/><U33/><E116/><V27/><F36/><W9/><G129/><T89/><D135/><N who="3" m="51753" /><G106/><T37/><D127/><U30/><E30/><V34/><F34/><W16/><G125/><T91/><D37/><U14/><E35/><V67/><REACH who="2" step="1"/><F39/><REACH who="2" ten="490,211,116,173" step="2"/><W11/><G103/><T64/><D104/><U53/><REACH who="1" step="1"/><E53/><REACH who="1" ten="490,201,116,173" step="2"/><V66/><F66/><W107/><G118/><T76/><D64/><U121/><E121/><V92/><F92/><AGARI ba="0,2" hai="14,19,22,32,33,54,59,60,86,88,92,108,110,111" machi="92" ten="40,12000,1" yaku="1,1,14,1,10,1,54,1,53,0" doraHai="25" doraHaiUra="44" who="1" fromWho="2" sc="490,0,201,140,116,-120,173,0" owari="490,59.0,341,14.0,-4,-50.0,173,-23.0" /></mjloggm>