<mjloggm ver="2.3"><GO type="97" lobby="0"/><UN n0="%E3%82%A6%E3%83%AB%E3%83%88%E3%83%A9%E7%AB%8B%E7%9B%B4" n1="%E9%88%B4%E6%9C%A8%E6%84%9B%E7%90%86" n2="%EF%BC%88%E2%88%A9%EF%BC%BE%CF%89%EF%BC%BE%E2%88%A9%EF%BC%89" n3="%66%69%76%65%5F%4D%61%6F" dan="15,15,13,14" rate="1999.71,1963.20,1934.47,1999.07" sx="M,F,M,M"/><TAIKYOKU oya="0"/><INIT seed="0,0,0,0,0,10" ten="250,250,250,250" oya="0" hai0="114,104,33,60,3,23,46,26,123,52,17,66,36" hai1="14,4,116,30,63,44,102,125,76,48,39,84,90" hai2="47,127,69,119,45,92,62,19,1,93,12,128,40" hai3="86,74,41,94,132,79,113,87,112,78,89,61,72"/><T56/><D104/><U110/><E116/><V16/><F1/><W28/><G28/><T70/><D123/><U53/><E125/><V5/><F127/><W105/><G41/><T64/><D114/><U120/><E120/><V20/><F119/><W126/><G61/><T11/><D33/><U43/><E110/><V96/><F128/><W58/><G58/><T29/><D70/><U111/><E111/><V32/><F32/><W59/><G59/><T97/><D97/><U118/><E118/><V15/><F5/><W115/><G126/><T21/><D36/><U81/><E102/><V55/><F69/><W24/><G24/><T85/><D46/><N who="2" m="17418" /><F40/><W49/><G49/><T131/><D131/><U7/><E39/><V67/><F67/><W0/><G0/><T77/><D11/><N who="1" m="4479" /><E4/><V6/><F6/><W129/><G129/><T98/><D3/><U38/><E38/><V88/><F93/><W130/><G130/><T82/><REACH who="0" step="1"/><D98/><REACH who="0" ten="240,250,250,250" step="2"/><U117/><E117/><V121/><F121/><W27/><G105/><T83/><D83/><U22/><E81/><V25/><F19/><W37/><G113/><T13/><AGARI ba="0,1" hai="13,17,21,23,26,29,52,56,60,64,66,77,82,85" machi="13" ten="20,18000,2" yaku="1,1,0,1,7,1,8,1,52,1,54,1,53,0" doraHai="10" doraHaiUra="99" who="0" fromWho="0" sc="240,190,250,-60,250,-60,250,-60" /><INIT seed="0,1,0,1,5,83" ten="430,190,190,190" oya="0" hai0="130,1,119,62,18,128,105,89,85,60,39,126,96" hai1="80,74,69,109,112,133,30,121,102,16,21,10,20" hai2="135,67,12,3,110,68,38,14,87,55,129,40,122" hai3="0,43,131,45,100,120,26,29,53,76,5,28,90"/><T108/><D1/><U88/><E121/><V9/><F122/><W103/><G120/><T71/><D39/><U33/><E133/><V134/><F3/><W8/><G131/><T35/><D35/><U25/><E109/><V31/><F110/><W115/><G115/><T97/><D119/><U72/><E112/><V114/><F114/><W15/><G53/><T104/><D18/><U11/><E69/><V111/><F111/><W125/><G125/><T13/><D13/><U117/><E117/><V2/><F31/><W47/><G47/><T78/><D78/><U86/><E33/><V24/><F24/><W70/><G70/><T127/><D108/><U19/><E30/><V27/><F27/><W7/><G28/><T95/><D71/><U94/><E74/><V59/><F129/><N who="0" m="49770" /><D60/><U118/><E118/><V32/><F32/><W56/><G76/><T54/><D54/><U101/><E72/><V34/><F34/><W58/><G7/><T49/><D49/><U41/><E41/><V50/><F2/><W66/><G26/><T75/><D62/><U17/><E25/><V48/><F48/><W63/><G0/><T99/><D75/><U124/><E124/><AGARI ba="1,0" hai="85,89,95,96,97,99,104,105,124,126,127" m="49770" machi="124" ten="40,12000,1" yaku="18,1,19,1,34,2,52,1" doraHai="83" who="0" fromWho="1" sc="430,123,190,-123,190,0,190,0" /><INIT seed="0,2,0,3,4,43" ten="553,67,190,190" oya="0" hai0="93,31,2,3,70,72,12,79,46,103,74,1,78" hai1="67,29,21,24,122,113,84,95,9,92,38,59,62" hai2="100,39,94,98,107,118,77,104,80,32,129,65,81" hai3="133,105,88,112,97,134,30,23,56,19,89,45,55"/><T131/><D70/><U48/><E122/><V61/><F32/><W123/><G123/><T35/><D31/><U6/><E113/><V96/><F39/><W42/><G30/><T125/><D35/><U119/><E38/><V5/><F5/><W75/><G75/><T68/><D68/><U16/><E119/><V13/><F118/><W54/><G112/><T71/><D71/><U69/><E29/><V109/><F13/><W18/><G105/><T91/><D103/><U33/><E33/><V36/><F36/><N who="3" m="21703" /><G97/><T130/><D12/><U15/><E69/><V111/><F129/><W116/><G116/><T117/><D117/><U40/><REACH who="1" step="1"/><E84/><REACH who="1" ten="553,57,190,190" step="2"/><V47/><F111/><W27/><G18/><T37/><D37/><U121/><E121/><V0/><F109/><W28/><G28/><T127/><D74/><U132/><E132/><N who="3" m="50794" /><G55/><T26/><D72/><U51/><E51/><AGARI ba="2,1" hai="19,23,27,51,54,56,88,89" m="50794,21703" machi="51" ten="30,3900,0" yaku="20,1,52,1,54,1" doraHai="43" who="3" fromWho="1" sc="553,0,57,-45,190,0,190,55" /><INIT seed="1,0,0,4,5,109" ten="553,12,190,245" oya="1" hai0="85,88,92,111,10,116,9,80,125,60,69,5,51" hai1="98,49,87,28,86,29,96,19,135,15,34,38,106" hai2="21,18,58,46,73,42,6,40,45,119,26,0,25" hai3="11,12,103,66,118,56,95,59,53,126,61,17,131"/><U7/><E38/><V91/><F73/><W70/><G126/><T101/><D116/><U57/><E135/><V105/><F119/><W90/><G131/><T27/><D125/><U3/><E106/><V74/><F74/><W110/><G110/><T47/><D27/><U127/><E127/><V1/><F105/><W120/><G118/><T104/><D104/><U94/><E34/><V108/><F108/><W93/><G120/><T2/><D10/><U115/><E115/><V82/><F26/><W77/><G77/><T54/><D111/><U102/><E7/><V72/><F6/><W129/><G129/><T75/><D75/><U134/><E3/><V24/><F24/><W124/><G124/><T128/><D128/><U67/><E134/><V44/><F58/><W48/><G103/><T62/><D69/><U83/><E98/><V63/><F63/><W114/><G114/><T30/><D30/><N who="1" m="11883" /><E83/><V133/><F133/><W71/><G93/><T8/><D8/><N who="1" m="6631" /><E67/><V112/><F112/><W130/><G130/><T32/><D32/><U132/><E132/><V13/><F72/><W23/><G11/><T39/><D39/><U81/><E81/><V16/><F0/><W36/><G36/><T122/><D122/><U43/><E43/><V64/><F64/><W20/><G20/><T117/><D117/><U37/><E37/><V121/><F1/><W97/><AGARI ba="0,0" hai="12,17,23,48,53,56,59,61,66,70,71,90,95,97" machi="97" ten="20,1500,0" yaku="0,1,7,1" doraHai="109" who="3" fromWho="3" sc="553,-4,12,-7,190,-4,245,15" /><INIT seed="2,0,0,3,3,95" ten="549,5,186,260" oya="2" hai0="123,38,59,39,131,55,14,5,37,17,28,58,73" hai1="61,4,100,110,124,67,134,15,41,56,54,91,40" hai2="22,13,26,33,120,88,111,93,34,50,128,21,105" hai3="29,6,74,3,81,60,52,42,12,102,75,103,86"/><V87/><F120/><W78/><G3/><T7/><D73/><U16/><E110/><V112/><F112/><W89/><G29/><T19/><D28/><U72/><E134/><V115/><F115/><W18/><G6/><T126/><D123/><U116/><E116/><V1/><F1/><W107/><G107/><T92/><D126/><U36/><E124/><V133/><F133/><W109/><G109/><T122/><D122/><U9/><E72/><V44/><F111/><W11/><G42/><T135/><D135/><U113/><E113/><V83/><F128/><W119/><G119/><T108/><D108/><U98/><E91/><V68/><F68/><W32/><G32/><T48/><D131/><U49/><E36/><V35/><F105/><W65/><G52/><T117/><D117/><U47/><E4/><V130/><F130/><W82/><G75/><T118/><D118/><U104/><AGARI ba="0,0" hai="9,15,16,40,41,47,49,54,56,61,67,98,100,104" machi="104" ten="20,5200,0" yaku="0,1,7,1,52,1,54,1" doraHai="95" who="1" fromWho="1" sc="549,-13,5,52,186,-26,260,-13" /><INIT seed="3,0,0,1,2,132" ten="536,57,160,247" oya="3" hai0="17,38,83,110,133,61,120,92,41,42,75,76,35" hai1="5,99,106,14,128,72,131,25,129,20,57,37,112" hai2="109,91,40,104,31,45,114,32,9,66,100,97,4" hai3="93,47,6,103,107,2,101,53,111,13,52,125,50"/><W77/><G125/><T118/><D41/><U127/><E112/><V78/><F78/><W117/><G117/><T60/><D35/><U98/><E72/><V96/><F114/><W62/><G2/><T27/><D118/><U46/><E57/><V33/><F66/><W48/><G107/><T44/><D120/><U89/><E99/><V124/><F124/><W126/><G126/><T51/><D133/><U21/><E127/><V19/><F19/><W135/><G135/><T87/><D110/><U58/><E58/><V7/><F7/><W49/><G77/><T82/><D82/><U63/><E63/><V119/><F119/><W71/><G71/><T39/><D39/><U55/><E5/><V121/><F121/><W105/><G105/><T34/><D34/><U11/><E11/><V16/><F16/><W90/><G62/><T65/><D38/><U28/><E14/><V68/><F68/><W113/><G113/><T123/><D123/><U24/><E37/><V102/><F91/><W108/><G13/><T10/><D75/><U64/><E64/><V85/><F85/><N who="3" m="52431" /><G6/><T15/><D27/><U74/><E74/><V81/><F81/><W56/><G49/><T130/><D130/><U116/><E116/><V94/><F109/><AGARI ba="0,0" hai="47,48,50,52,53,56,101,103,108,109,111" m="52431" machi="109" ten="30,5800,0" yaku="14,1,10,1,54,1" doraHai="132" who="3" fromWho="2" sc="536,0,57,0,160,-58,247,58" /><INIT seed="3,1,0,5,1,82" ten="536,57,102,305" oya="3" hai0="27,66,133,5,117,2,89,26,134,71,91,123,96" hai1="62,22,112,54,46,84,55,132,13,29,135,20,32" hai2="9,3,1,101,73,77,121,36,40,25,0,83,79" hai3="114,64,127,130,111,21,42,45,63,106,87,80,74"/><W99/><G111/><T92/><D123/><U108/><E112/><V85/><F121/><W57/><G114/><T7/><D66/><U30/><E108/><V81/><F101/><W16/><G74/><T86/><D71/><U51/><E32/><V43/><F25/><N who="0" m="9226" /><D2/><U129/><E129/><V115/><F115/><W34/><G34/><T78/><D78/><U94/><E29/><V116/><F116/><W98/><G127/><T105/><D117/><U128/><E128/><V49/><F49/><N who="3" m="26807" /><G106/><T67/><D67/><U47/><E30/><V53/><F53/><W60/><G60/><T19/><D19/><U50/><E62/><V14/><REACH who="2" step="1"/><F36/><REACH who="2" ten="536,57,92,305" step="2"/><W72/><G130/><T120/><D120/><U100/><E100/><V75/><F75/><W97/><G72/><T125/><D125/><U95/><E13/><V110/><F110/><W37/><G37/><T68/><D68/><U24/><E24/><V65/><F65/><W107/><G107/><T118/><D118/><U17/><E17/><AGARI ba="1,1" hai="0,1,3,9,14,17,40,43,73,77,79,81,83,85" machi="17" ten="40,2600,0" yaku="1,1,52,1,53,0" doraHai="82" doraHaiUra="44" who="2" fromWho="1" sc="536,0,57,-29,92,39,305,0" owari="536,63.0,28,-47.0,131,-27.0,305,11.0" /></mjloggm>