<mjloggm ver="2.3"><GO type="225" lobby="0"/><UN n0="%E3%82%B7%E3%83%9F%E3%83%AA%E3%82%B9%EF%BC%94" n1="%E7%9C%9F%E7%B4%85%E3%81%A3%E3%81%8F" n2="%E3%82%A6%E3%83%AB%E3%83%88%E3%83%A9%E7%AB%8B%E7%9B%B4" n3="%E5%85%89%E5%B8%9D%E3%82%BF%E3%82%AD%E3%82%AA%E3%83%B3" dan="16,17,16,16" rate="2083.48,2186.56,2002.43,2117.85" sx="F,F,M,M"/><TAIKYOKU oya="0"/><INIT seed="0,0,0,2,4,24" ten="250,250,250,250" oya="0" hai0="102,26,122,62,67,3,55,54,20,15,52,30,66" hai1="56,89,120,16,13,42,108,47,14,121,65,60,131" hai2="10,91,81,40,44,68,21,86,1,0,7,123,45" hai3="78,83,135,35,50,73,119,43,8,84,37,23,103"/><T112/><D3/><U133/><E108/><V113/><F113/><W63/><G37/><T97/><D122/><U98/><E133/><V57/><F68/><W2/><G35/><T94/><D112/><U58/><E131/><V9/><F123/><W61/><G119/><T90/><D15/><U114/><E58/><V19/><F57/><W70/><G135/><T115/><D115/><U111/><E111/><V109/><F109/><W41/><G103/><T25/><D25/><U33/><E33/><V76/><F91/><W105/><G105/><T88/><D66/><U29/><E13/><V75/><F86/><W48/><G84/><T117/><REACH who="0" step="1"/><D117/><REACH who="0" ten="240,250,250,250" step="2"/><U39/><E114/><V126/><F1/><W51/><G2/><T134/><D134/><U87/><E120/><V5/><F0/><W132/><G132/><T28/><D28/><U127/><E14/><V69/><F5/><W12/><G12/><T93/><D93/><U118/><E29/><V104/><F7/><W92/><G92/><T11/><D11/><U64/><E118/><V22/><F10/><W79/><G8/><T77/><D77/><U36/><E65/><V100/><F9/><W31/><G79/><T110/><D110/><U99/><E121/><V72/><F76/><W34/><G31/><T95/><D95/><U17/><E64/><V101/><F104/><W106/><G78/><T107/><D107/><U49/><E17/><V6/><F19/><W74/><G106/><T85/><D85/><U124/><E16/><V129/><F6/><W125/><G73/><T59/><AGARI ba="0,1" hai="20,26,30,52,54,55,59,62,67,88,90,94,97,102" machi="59" ten="30,24000,3" yaku="1,1,0,1,25,2,8,1,52,1,54,2,53,1" doraHai="24" doraHaiUra="27" who="0" fromWho="0" sc="240,250,250,-80,250,-80,250,-80" /><INIT seed="0,1,0,1,4,110" ten="490,170,170,170" oya="0" hai0="86,92,90,4,31,22,98,107,55,57,81,123,38" hai1="113,80,17,87,40,32,67,9,68,1,133,20,106" hai2="21,118,135,100,91,95,82,129,37,104,33,79,83" hai3="130,116,94,66,63,114,13,111,127,65,108,39,77"/><T73/><D38/><U131/><E32/><V48/><F37/><W30/><G116/><T16/><D4/><U93/><E106/><V102/><F33/><W7/><G39/><T14/><D123/><U96/><E40/><V75/><F21/><W12/><G130/><T35/><D73/><U89/><E131/><V101/><F48/><W70/><G127/><T23/><D35/><U27/><E133/><V112/><F118/><W52/><G30/><T88/><D107/><U28/><E113/><V41/><F41/><W132/><G132/><T24/><D57/><U10/><E1/><V36/><F36/><W45/><G66/><T2/><D2/><U84/><E84/><N who="2" m="52711" /><F129/><W0/><G77/><T11/><D55/><U125/><E125/><V15/><F15/><W97/><G114/><T64/><D64/><U78/><E28/><V54/><F54/><W25/><G25/><T134/><D134/><U122/><E122/><V34/><F34/><W61/><G0/><T50/><D50/><U126/><E126/><V119/><F119/><W49/><G63/><T121/><D121/><U60/><AGARI ba="1,0" hai="9,10,17,20,27,60,67,68,78,80,87,89,93,96" machi="60" ten="30,1100,0" yaku="0,1" doraHai="110" who="1" fromWho="1" sc="490,-6,170,14,170,-4,170,-4" /><INIT seed="1,0,0,1,0,78" ten="484,184,166,166" oya="1" hai0="1,61,94,37,0,62,44,4,9,3,82,92,19" hai1="18,130,99,20,13,89,10,121,43,5,106,101,109" hai2="77,110,111,52,71,70,16,45,29,49,131,95,74" hai3="75,25,132,30,123,79,67,102,120,31,63,7,115"/><U8/><E121/><V103/><F29/><W86/><G115/><T81/><D19/><U76/><E130/><V97/><F131/><W134/><G75/><T118/><D118/><U68/><E68/><V6/><F6/><W48/><G102/><T117/><D117/><U69/><E69/><V128/><F128/><W42/><G7/><T64/><D64/><U12/><E109/><N who="2" m="41483" /><F74/><W15/><G15/><T104/><D104/><U93/><E76/><V125/><F125/><W27/><G42/><T47/><D3/><U54/><E43/><V126/><F126/><W80/><G48/><T34/><D4/><U59/><E20/><V98/><F77/><W87/><G79/><T32/><D9/><U133/><E133/><V85/><F85/><W51/><G51/><T112/><D37/><U90/><REACH who="1" step="1"/><E106/><REACH who="1" ten="484,174,166,166" step="2"/><V58/><F70/><W55/><G123/><T114/><AGARI ba="0,1" hai="0,1,32,34,44,47,61,62,81,82,92,94,112,114" machi="114" ten="25,8000,1" yaku="0,1,22,2,52,2" doraHai="78" who="0" fromWho="0" sc="484,90,174,-40,166,-20,166,-20" /><INIT seed="2,0,0,4,1,114" ten="574,134,146,146" oya="2" hai0="130,61,48,53,51,13,132,1,3,55,131,101,0" hai1="7,90,119,121,62,66,115,31,74,124,40,63,37" hai2="79,100,128,125,93,42,14,35,4,84,87,112,72" hai3="129,34,11,107,122,47,111,52,95,45,70,28,96"/><V33/><F33/><W29/><G122/><T22/><D101/><U30/><E115/><V6/><F35/><W106/><G70/><T57/><D132/><U65/><E74/><V27/><F112/><W20/><G111/><T88/><D88/><U44/><E121/><V18/><F72/><W89/><G129/><N who="0" m="49163" /><D55/><U134/><E134/><V24/><F125/><W8/><G34/><T46/><D46/><U56/><E119/><V91/><F100/><W99/><G95/><T36/><D36/><U127/><E7/><N who="2" m="2603" /><F42/><W77/><G89/><T26/><D13/><U15/><E15/><V39/><F39/><W102/><G102/><T123/><D123/><U78/><E78/><V116/><F116/><W25/><G20/><T85/><D85/><U19/><E19/><AGARI ba="0,0" hai="0,1,3,19,22,26,48,51,53,57,61" m="49163" machi="19" ten="40,1300,0" yaku="19,1" doraHai="114" who="0" fromWho="1" sc="574,13,134,-13,146,0,146,0" /><INIT seed="3,0,0,0,0,117" ten="587,121,146,146" oya="3" hai0="78,128,39,61,82,35,67,84,94,110,135,63,108" hai1="29,85,6,103,8,97,102,46,44,130,48,33,62" hai2="87,55,91,132,9,2,16,124,1,14,107,106,45" hai3="89,133,114,56,125,37,23,28,51,54,34,13,123"/><W10/><G114/><T92/><D39/><U50/><E130/><V83/><F124/><W122/><G34/><T80/><D35/><U40/><E85/><V60/><F132/><W19/><G37/><T96/><D128/><U119/><E119/><V20/><F20/><W18/><G28/><T112/><D112/><U47/><E62/><V71/><F71/><W127/><G89/><T90/><D135/><U68/><E68/><V115/><F115/><W26/><REACH who="3" step="1"/><G133/><REACH who="3" ten="587,121,146,136" step="2"/><T121/><D90/><U73/><E29/><V100/><F100/><W5/><G5/><T109/><D110/><U64/><E33/><V41/><F2/><W57/><G57/><T75/><D109/><U4/><E103/><V79/><F1/><W38/><G38/><T65/><D108/><U3/><E4/><V17/><F91/><W36/><G36/><T30/><D30/><U52/><E102/><V131/><F131/><W113/><G113/><T66/><D67/><U134/><E64/><V42/><F17/><W86/><G86/><T104/><D66/><U76/><E134/><V70/><F87/><W31/><G31/><T105/><D65/><U43/><E3/><V69/><F69/><W27/><G27/><T32/><D32/><U81/><E6/><V59/><F70/><W126/><AGARI ba="0,1" hai="10,13,18,19,23,26,51,54,56,122,123,125,126,127" machi="126" ten="30,12000,1" yaku="1,1,0,1,18,1,52,2,53,0" doraHai="117" doraHaiUra="88" who="3" fromWho="3" sc="587,-40,121,-40,146,-40,136,130" /><INIT seed="3,1,0,3,3,22" ten="547,81,106,266" oya="3" hai0="59,125,52,65,45,88,73,85,91,58,116,64,5" hai1="50,19,72,3,38,23,39,31,29,54,108,0,49" hai2="133,62,55,71,43,24,61,44,11,47,115,34,33" hai3="14,119,110,78,80,128,36,135,100,113,12,121,18"/><W1/><G18/><T20/><D73/><U99/><E72/><V68/><F11/><W30/><G14/><T6/><D125/><U106/><E108/><V122/><F33/><W107/><G12/><T101/><D116/><U129/><E129/><V10/><F10/><W37/><G80/><N who="0" m="49191" /><D101/><U112/><E112/><V96/><F24/><W90/><G90/><T53/><D45/><U79/><E79/><V95/><F95/><W102/><G100/><T27/><D91/><U134/><E134/><V123/><F96/><W7/><G7/><N who="0" m="2571" /><D53/><U104/><E54/><V98/><F34/><W117/><G102/><T75/><D75/><U69/><E19/><V120/><F98/><W84/><G84/><T111/><D111/><U4/><E99/><V93/><F93/><W87/><G87/><T26/><D59/><U9/><E4/><V82/><F82/><W46/><G46/><T94/><D94/><U28/><E9/><V60/><F115/><W118/><G30/><N who="1" m="7682" /><U86/><DORA hai="40" /><E86/><V97/><F97/><W35/><G78/><T41/><D41/><U25/><E69/><V66/><F68/><W51/><G119/><T56/><D26/><U70/><E70/><V63/><F55/><W83/><G118/><T77/><D77/><U127/><E127/><V130/><F130/><W57/><G128/><T16/><D58/><U42/><E25/><V74/><F74/><W32/><G117/><T103/><D103/><U48/><E23/><V13/><F13/><W76/><G35/><T15/><D15/><U2/><E42/><V17/><F17/><W89/><G32/><RYUUKYOKU ba="1,0" sc="547,15,81,15,106,-15,266,-15" hai0="16,20,27,52,56,64,65" hai1="0,2,3,38,39,48,49,50,104,106" owari="562,66.0,96,-30.0,91,-41.0,251,5.0" /></mjloggm>