<mjloggm ver="2.3"><GO type="97" lobby="0"/><UN n0="%E3%82%A6%E3%83%AB%E3%83%88%E3%83%A9%E7%AB%8B%E7%9B%B4" n1="%E3%82%AF%E3%83%AA%E3%82%B9%E6%9D%BE%E6%9D%91%E5%85%88%E8%BC%A9" n2="%73%68%61%72" n3="%E3%82%B9%E3%82%B3%E3%83%83%E3%83%86%E3%82%A3%E3%81%95%E3%82%93" dan="15,14,15,14" rate="1991.52,1946.87,1999.89,1918.53" sx="M,M,M,M"/><TAIKYOKU oya="0"/><INIT seed="0,0,0,3,1,8" ten="250,250,250,250" oya="0" hai0="17,120,5,48,6,116,39,110,24,131,121,10,18" hai1="4,109,55,102,52,50,70,16,90,125,59,112,111" hai2="115,45,68,42,97,46,133,75,65,72,91,79,32" hai3="124,84,134,13,51,108,85,114,0,53,1,27,12"/><T22/><D39/><U44/><E102/><V96/><F115/><W3/><G114/><T25/><D48/><U14/><E4/><V64/><F32/><W129/><G129/><T128/><D116/><U113/><E70/><V81/><F75/><W31/><G108/><N who="1" m="41546" /><E90/><V60/><F65/><W41/><G134/><T105/><D105/><U118/><E118/><V2/><F2/><W87/><G41/><T77/><D77/><U88/><E125/><V11/><F133/><W43/><G43/><T49/><D110/><U94/><E59/><V61/><F61/><W20/><REACH who="3" step="1"/><G124/><REACH who="3" ten="250,250,250,240" step="2"/><T119/><D119/><U126/><E126/><V62/><F42/><W98/><G98/><T37/><D37/><U29/><E29/><V34/><F97/><W35/><G35/><T66/><D128/><U21/><E55/><V135/><F96/><AGARI ba="0,1" hai="14,16,21,44,50,52,88,94,96,112,113" m="41546" machi="96" ten="30,8000,1" yaku="14,1,52,1,54,3" doraHai="8" who="1" fromWho="2" sc="250,0,250,90,250,-80,240,0" /><INIT seed="1,0,0,4,1,92" ten="250,340,170,240" oya="1" hai0="68,73,55,5,66,87,100,14,123,36,37,47,86" hai1="112,32,95,88,90,117,2,89,50,114,91,128,31" hai2="61,120,84,29,85,3,41,70,125,9,105,104,56" hai3="13,77,118,133,121,30,124,51,110,79,67,53,75"/><U107/><E117/><V69/><F120/><W60/><G121/><T74/><D66/><U27/><E107/><V35/><F41/><W78/><G133/><T116/><D68/><U52/><E2/><V94/><F125/><W98/><G110/><T57/><D116/><U48/><E48/><V16/><F70/><W44/><G118/><T28/><D74/><U22/><E128/><V115/><F69/><W80/><G124/><T130/><D73/><U81/><E81/><V111/><F115/><W76/><G30/><T58/><D123/><U134/><E134/><V71/><F71/><W4/><G77/><T63/><D28/><U17/><E112/><V49/><F49/><W1/><G1/><T62/><D47/><U15/><E91/><V129/><F111/><W6/><G6/><T96/><D130/><U82/><E82/><V21/><F129/><W64/><G64/><T40/><D40/><U83/><E83/><V65/><F35/><W122/><G122/><T99/><D55/><U127/><E114/><V11/><F29/><W43/><G43/><T101/><D14/><U102/><E102/><V39/><F39/><W103/><G75/><T59/><D59/><U42/><E42/><V19/><F19/><W10/><G80/><T18/><D18/><U97/><E127/><V46/><F46/><AGARI ba="0,0" hai="15,17,22,27,31,32,46,50,52,88,89,90,95,97" machi="46" ten="30,11600,0" yaku="7,1,52,1,54,2" doraHai="92" who="1" fromWho="2" sc="250,0,340,116,170,-116,240,0" /><INIT seed="1,1,0,4,5,7" ten="250,456,54,240" oya="1" hai0="77,84,88,126,131,38,61,25,117,53,85,31,59" hai1="9,41,12,57,130,37,82,15,2,47,86,29,16" hai2="92,95,70,6,81,99,74,122,32,94,110,101,30" hai3="135,51,97,118,119,19,114,60,34,64,83,69,120"/><U134/><E29/><V50/><F70/><W20/><G120/><T96/><D38/><U125/><E2/><V42/><F122/><W56/><G114/><T106/><D117/><N who="3" m="44553" /><G34/><T65/><D126/><U5/><E134/><V46/><F110/><W87/><G135/><T63/><D131/><U28/><E130/><V39/><F50/><W10/><G97/><T0/><D0/><U23/><E28/><V45/><F45/><W3/><G51/><T66/><D77/><U68/><E57/><V55/><F55/><W116/><N who="3" m="44561" /><W129/><DORA hai="4" /><G129/><T43/><D43/><U52/><E125/><V67/><F67/><W111/><G111/><T128/><D53/><U105/><E105/><V90/><F6/><N who="3" m="1375" /><G69/><T108/><D108/><U11/><E68/><V44/><F44/><W102/><G102/><T78/><D128/><U98/><E52/><V33/><F33/><W123/><G123/><T1/><D65/><U49/><E98/><V48/><F48/><W75/><G75/><T113/><D66/><U27/><E37/><V36/><F36/><W104/><G104/><T71/><D106/><U13/><REACH who="1" step="1"/><E5/><REACH who="1" ten="250,446,54,240" step="2"/><V109/><F109/><W100/><G19/><T40/><D96/><U14/><N who="1" m="3584" /><DORA hai="18" /><U89/><AGARI ba="1,1" hai="9,11,16,23,27,41,47,49,82,86,89" m="3584" machi="89" ten="40,24000,3" yaku="1,1,4,1,0,1,8,1,52,5,54,1,53,0" doraHai="7,4,18" doraHaiUra="124,73,115" who="1" fromWho="1" sc="250,-81,446,253,54,-81,240,-81" owari="169,-3.0,699,80.0,-27,-53.0,159,-24.0" /></mjloggm>