<mjloggm ver="2.3"><GO type="97" lobby="0"/><UN n0="%E7%89%8C%E5%AD%90" n1="%48%4F%48" n2="%E3%82%AA%E3%83%AC%E3%83%A0%E3%83%97" n3="%E3%82%A6%E3%83%AB%E3%83%88%E3%83%A9%E7%AB%8B%E7%9B%B4" dan="13,14,14,15" rate="1954.73,1887.36,1984.68,1999.74" sx="M,M,M,M"/><TAIKYOKU oya="0"/><INIT seed="0,0,0,0,0,104" ten="250,250,250,250" oya="0" hai0="78,117,92,63,125,85,90,129,55,112,79,59,87" hai1="133,34,110,47,40,99,62,97,53,46,30,28,119" hai2="19,68,37,17,18,16,8,54,57,2,131,7,122" hai3="77,41,107,116,95,113,24,51,15,93,121,75,132"/><T32/><D112/><U70/><E47/><V83/><F68/><W102/><G51/><T36/><D117/><U105/><E119/><V82/><F122/><W108/><G41/><T88/><D36/><U73/><E133/><V11/><F37/><W66/><G66/><T12/><D32/><U89/><E99/><V91/><F131/><W43/><G43/><T25/><D129/><U23/><E23/><V49/><F91/><W38/><G15/><T118/><D118/><U20/><E20/><V123/><F123/><W39/><G24/><T58/><D125/><U35/><E28/><V69/><F69/><W14/><G14/><T71/><D71/><U103/><E89/><V74/><F74/><W109/><G116/><T76/><D25/><N who="1" m="18767" /><E53/><V50/><F50/><W115/><G39/><T10/><D59/><U13/><E13/><V9/><N who="2" m="4608" /><DORA hai="135" /><V67/><F67/><W29/><G29/><T21/><D21/><U33/><E110/><N who="3" m="42602" /><G38/><T98/><REACH who="0" step="1"/><D90/><REACH who="0" ten="240,250,250,250" step="2"/><U31/><E33/><V27/><F27/><W65/><G113/><T44/><D44/><U80/><E46/><V42/><F42/><W6/><G115/><T72/><D72/><U126/><E40/><V48/><F48/><W45/><G75/><T111/><D111/><U114/><E114/><V52/><F54/><W64/><G45/><T1/><D1/><U130/><E130/><V101/><F2/><W22/><G22/><T26/><D26/><N who="1" m="18935" /><E73/><V3/><F3/><W84/><G132/><T86/><D86/><U4/><E70/><V127/><F52/><W106/><G84/><T96/><D96/><RYUUKYOKU ba="0,1" sc="240,30,250,-10,250,-10,250,-10" hai0="10,12,55,58,63,76,78,79,85,87,88,92,98" /><INIT seed="0,1,1,3,0,24" ten="270,240,240,240" oya="0" hai0="48,35,3,59,61,95,76,97,75,64,115,30,50" hai1="96,37,120,19,13,33,8,132,42,119,45,126,11" hai2="60,87,14,53,15,25,38,121,118,85,111,73,103" hai3="123,82,102,98,10,125,135,29,116,110,92,67,122"/><T81/><D115/><U107/><E33/><V51/><F38/><W114/><G114/><T104/><D3/><U43/><E120/><N who="3" m="46122" /><G116/><T86/><D75/><U36/><E119/><V101/><F73/><W9/><G125/><T18/><D104/><U23/><E132/><V1/><F1/><W106/><G106/><T40/><D18/><U83/><E126/><V133/><F121/><W124/><G124/><T65/><D64/><U56/><E56/><V7/><F118/><W16/><G67/><T134/><D134/><U31/><E83/><V27/><F133/><W108/><G82/><T109/><D109/><N who="3" m="42089" /><G135/><T54/><D65/><U90/><E43/><V94/><F111/><W84/><G84/><T12/><D40/><U28/><E37/><V129/><F87/><W93/><G93/><T99/><D99/><U89/><E89/><V0/><F85/><W88/><G29/><T44/><D30/><N who="1" m="11307" /><E36/><V131/><F94/><W47/><G47/><T68/><D35/><U52/><E42/><V69/><F103/><W72/><G72/><T77/><D77/><U70/><E70/><V57/><F69/><W128/><G128/><T91/><D68/><U127/><E107/><V113/><F101/><W2/><G102/><T130/><D130/><N who="2" m="49674" /><F113/><W100/><G100/><T21/><D44/><U5/><E127/><V20/><F60/><W117/><G117/><T6/><D61/><U58/><E45/><V55/><F57/><W79/><G79/><T26/><D76/><U71/><E71/><V17/><F51/><W66/><G2/><T112/><D112/><U49/><E5/><RYUUKYOKU ba="1,1" sc="270,-10,240,30,240,-10,240,-10" hai1="8,11,13,19,23,49,52,58,90,96" /><INIT seed="1,2,1,4,5,122" ten="260,270,230,230" oya="1" hai0="71,49,72,54,12,67,125,77,86,65,76,84,129" hai1="1,44,116,126,114,91,48,134,3,103,135,95,94" hai2="15,0,87,119,13,47,131,34,74,5,37,33,81" hai3="11,101,128,31,132,79,36,57,96,10,117,53,50"/><U46/><E103/><V16/><F119/><W100/><G36/><T61/><D67/><U56/><E116/><V75/><F131/><W21/><G117/><T6/><D129/><U19/><E19/><V32/><F0/><N who="1" m="73" /><E56/><V24/><F5/><W85/><G128/><T30/><D125/><U2/><E2/><V70/><F70/><W80/><G132/><N who="1" m="50730" /><E114/><V55/><F24/><N who="3" m="16783" /><G96/><T59/><D30/><U62/><E62/><V35/><N who="2" m="8704" /><DORA hai="52" /><V28/><F28/><W130/><G130/><T110/><D71/><U23/><E23/><V112/><F112/><W39/><G39/><T38/><D38/><U109/><E126/><V58/><F47/><N who="1" m="17961" /><E48/><V14/><F37/><W123/><G123/><T42/><D65/><U115/><E115/><V111/><F16/><W124/><G124/><T113/><D113/><U98/><E95/><V121/><F121/><W18/><G18/><T106/><D61/><U120/><E120/><V90/><F58/><W25/><G25/><T60/><D60/><U4/><E4/><V17/><F17/><W118/><G118/><T73/><D6/><U7/><E7/><V26/><F26/><W78/><G101/><T133/><D49/><U99/><E99/><V97/><F97/><W64/><G100/><T22/><D22/><U20/><E20/><V93/><F93/><W107/><G64/><T8/><D59/><U29/><E29/><V89/><F89/><W127/><G127/><T40/><D12/><U108/><AGARI ba="2,1" hai="91,94,98,108,109" m="17961,50730,73" machi="108" ten="40,7800,0" yaku="20,1,52,2" doraHai="122,52" who="1" fromWho="1" sc="260,-28,270,94,230,-28,230,-28" /><INIT seed="1,3,0,3,4,0" ten="232,364,202,202" oya="1" hai0="68,126,128,10,34,4,125,91,131,123,22,33,56" hai1="18,105,95,114,83,113,46,121,16,133,15,55,37" hai2="82,45,64,58,71,111,135,63,35,106,80,24,98" hai3="116,66,69,94,48,47,96,79,41,109,124,102,62"/><U29/><E105/><V19/><F135/><W32/><G32/><N who="0" m="12395" /><D68/><U78/><E29/><V75/><F111/><W87/><G109/><T28/><D56/><U17/><E133/><V31/><F58/><W90/><G116/><T1/><D91/><U120/><E15/><V74/><F19/><W43/><G79/><T93/><D93/><U67/><E67/><V122/><F122/><W99/><G124/><N who="0" m="47723" /><D123/><U134/><E134/><V30/><F30/><W9/><G96/><T92/><D92/><U20/><E20/><V127/><F127/><W76/><G76/><T42/><D42/><U21/><E21/><V89/><F45/><W39/><G43/><T81/><D81/><U118/><E118/><V60/><F60/><W7/><G102/><T104/><D104/><U50/><E120/><V110/><F110/><W23/><G99/><T65/><D65/><U129/><E121/><V61/><F61/><W49/><REACH who="3" step="1"/><G23/><REACH who="3" ten="232,364,202,192" step="2"/><T72/><D72/><N who="2" m="27690" /><F89/><W8/><G8/><T115/><D115/><U70/><E113/><V6/><F98/><W13/><AGARI ba="3,1" hai="7,9,13,39,41,47,48,49,62,66,69,87,90,94" machi="13" ten="20,8000,1" yaku="1,1,0,1,7,1,52,1,53,1" doraHai="0" doraHaiUra="88" who="3" fromWho="3" sc="232,-23,364,-43,202,-23,192,99" /><INIT seed="2,0,0,1,2,98" ten="209,321,179,291" oya="2" hai0="56,18,82,65,69,47,23,87,54,11,126,45,93" hai1="94,128,101,113,78,74,129,31,22,43,123,39,35" hai2="114,99,77,90,102,2,60,14,6,41,10,88,121" hai3="105,131,16,26,86,118,4,132,21,71,63,57,48"/><V33/><F121/><W100/><G118/><T75/><D126/><U27/><E123/><V120/><F120/><W36/><G36/><T68/><D11/><U108/><E113/><V122/><F122/><W83/><G131/><N who="1" m="50250" /><E108/><V73/><F33/><W3/><G132/><T76/><D69/><U5/><E5/><V119/><F119/><W107/><G71/><T85/><D68/><U127/><E127/><V117/><F117/><W116/><G48/><N who="0" m="30791" /><D75/><U112/><E112/><V62/><F114/><W84/><G4/><T66/><D87/><U110/><E110/><V1/><F41/><W64/><G3/><T135/><D135/><U17/><E78/><V53/><F2/><W103/><G105/><T38/><D38/><U111/><E74/><V50/><F1/><W44/><G107/><T52/><D93/><U12/><E111/><V133/><F133/><W37/><G116/><T42/><D42/><U96/><E43/><V81/><F90/><W29/><G44/><N who="0" m="16971" /><D52/><U92/><E92/><V7/><F7/><W130/><G37/><AGARI ba="0,0" hai="12,17,22,27,31,35,37,39,94,96,101" m="50250" machi="37" ten="30,2000,0" yaku="19,1,52,1" doraHai="98" who="1" fromWho="3" sc="209,0,321,20,179,0,291,-20" /><INIT seed="3,0,0,4,4,17" ten="209,341,179,271" oya="3" hai0="44,63,5,91,37,35,114,73,120,109,1,76,95" hai1="124,51,28,129,96,131,111,10,11,84,102,20,7" hai2="80,0,47,57,67,90,33,77,122,24,49,60,107" hai3="71,93,69,39,8,27,133,30,65,50,52,116,21"/><W48/><G39/><T98/><D120/><U55/><E84/><V12/><F0/><W62/><G116/><T64/><D35/><U104/><E124/><V29/><F107/><W135/><G50/><T118/><D118/><U87/><E87/><V110/><F122/><W34/><G8/><N who="0" m="2095" /><D63/><U82/><E82/><V3/><F3/><W13/><G93/><T113/><D64/><U117/><E117/><V119/><F119/><W97/><G97/><T9/><D9/><U86/><E86/><V18/><F90/><W126/><G126/><T94/><D94/><U61/><E61/><V58/><F58/><W115/><G115/><N who="0" m="44043" /><D109/><U23/><E28/><V128/><F110/><W53/><G69/><T112/><N who="0" m="44051" /><T72/><DORA hai="68" /><D76/><U105/><E105/><V46/><F128/><N who="1" m="49225" /><E111/><V88/><F77/><W2/><G2/><T85/><D85/><U66/><E66/><V134/><F80/><W43/><G43/><AGARI ba="0,0" hai="37,43,44,72,73,91,95,98" m="44051,2095" machi="43" ten="40,2600,0" yaku="11,1,52,1" doraHai="17,68" who="0" fromWho="3" sc="209,26,341,0,179,0,271,-26" owari="235,-16.0,341,43.0,179,-32.0,245,5.0" /></mjloggm>