<mjloggm ver="2.3"><GO type="97" lobby="0"/><UN n0="%64%75%66%66%62%65%65%72" n1="%E5%AD%A3%E9%81%95%E3%81%84%E4%BF%B3%E4%BA%BA" n2="%E5%AE%87%E5%AE%99%E9%9B%86%E4%BC%9A" n3="%E3%82%A6%E3%83%AB%E3%83%88%E3%83%A9%E7%AB%8B%E7%9B%B4" dan="15,15,14,15" rate="1976.16,2009.14,2012.56,1982.90" sx="M,M,F,M"/><TAIKYOKU oya="0"/><INIT seed="0,0,0,0,5,10" ten="250,250,250,250" oya="0" hai0="27,87,39,66,12,121,78,135,119,117,23,17,128" hai1="92,38,33,111,60,32,56,62,94,127,89,51,86" hai2="112,8,120,103,25,115,61,24,109,19,35,6,96" hai3="7,20,41,11,21,82,81,105,93,22,130,126,26"/><T125/><D121/><U36/><E111/><V31/><F61/><W97/><G105/><T107/><D39/><U108/><E108/><V71/><F71/><W102/><G126/><T46/><D125/><U133/><E127/><V95/><F109/><W5/><G130/><T42/><D128/><U30/><E133/><V104/><F120/><W47/><G26/><T54/><D107/><U85/><E51/><V106/><F104/><W65/><G65/><T13/><D135/><U114/><E114/><V123/><F123/><W80/><REACH who="3" step="1"/><G11/><REACH who="3" ten="250,250,250,240" step="2"/><T3/><D66/><U99/><E33/><V70/><F106/><W122/><G122/><T16/><D27/><U91/><E32/><V84/><F115/><W4/><G4/><T59/><D119/><U2/><E30/><V9/><F112/><W28/><G28/><T129/><D117/><U72/><E99/><V113/><F113/><W69/><G69/><T57/><D129/><U29/><E29/><V131/><F131/><W0/><G0/><T88/><D3/><U134/><E2/><V64/><F64/><W98/><G98/><T55/><D17/><U37/><E134/><V67/><F67/><W79/><G79/><T68/><D78/><U76/><E76/><V124/><F124/><W15/><G15/><T52/><D13/><U74/><E74/><V73/><F70/><W118/><G118/><T45/><D68/><U83/><E72/><V48/><F73/><W58/><G58/><T132/><D132/><U75/><E56/><V50/><F96/><W49/><AGARI ba="0,1" hai="5,7,20,21,22,41,47,49,80,81,82,93,97,102" machi="49" ten="30,4000,0" yaku="1,1,0,1,8,1,53,0" doraHai="10" doraHaiUra="63" who="3" fromWho="3" sc="250,-20,250,-10,250,-10,240,50" /><INIT seed="1,0,0,1,5,76" ten="230,240,240,290" oya="1" hai0="42,1,26,114,118,115,91,18,25,72,125,117,121" hai1="120,64,44,9,33,99,94,54,50,22,79,0,8" hai2="24,23,30,52,61,134,4,101,53,48,84,124,81" hai3="27,80,73,98,19,107,5,20,102,14,105,6,32"/><U92/><E120/><V36/><F36/><W130/><G105/><T131/><D72/><U128/><E33/><V122/><F122/><W21/><G32/><T34/><D121/><U67/><E128/><V129/><F129/><W74/><G130/><T38/><D131/><U41/><E79/><V43/><F134/><W109/><G109/><T126/><D42/><U62/><E0/><V87/><F124/><N who="0" m="47722" /><D38/><U17/><E41/><V103/><F4/><W63/><G63/><T93/><D1/><U35/><E35/><V135/><F135/><W11/><G6/><T28/><D93/><U112/><E112/><N who="0" m="43049" /><D91/><N who="1" m="55711" /><E94/><V111/><F111/><W78/><G21/><AGARI ba="0,0" hai="18,21,25,26,28,34,117,118" m="43049,47722" machi="21" ten="30,3900,0" yaku="18,1,34,2" doraHai="76" who="0" fromWho="3" sc="230,39,240,0,240,0,290,-39" /><INIT seed="2,0,0,1,3,21" ten="269,240,240,251" oya="2" hai0="42,122,50,8,63,16,14,49,71,19,18,29,66" hai1="9,94,132,32,96,3,13,111,33,25,95,133,84" hai2="67,30,91,78,46,38,105,130,57,61,72,81,97" hai3="110,23,103,87,48,75,62,22,88,39,73,90,41"/><V99/><F130/><W5/><G39/><T56/><D122/><U107/><E3/><V51/><F38/><W92/><G103/><T85/><D85/><U44/><E111/><V106/><F105/><W6/><G110/><T1/><D1/><U64/><E64/><V119/><F119/><W135/><G135/><N who="1" m="51786" /><E44/><V127/><F127/><W55/><G75/><T4/><D42/><U36/><E36/><V37/><F37/><W69/><G73/><T117/><D117/><U134/><N who="1" m="51794" /><U120/><DORA hai="115" /><E120/><V58/><F58/><N who="3" m="35167" /><G69/><T10/><D10/><U123/><E123/><V89/><F30/><W82/><G48/><T77/><D77/><U26/><E84/><V15/><F15/><W40/><G40/><T35/><REACH who="0" step="1"/><D71/><REACH who="0" ten="259,240,240,251" step="2"/><U27/><E107/><V7/><F7/><N who="3" m="2571" /><G41/><T24/><AGARI ba="0,1" hai="4,8,14,16,18,19,24,29,35,49,50,56,63,66" machi="24" ten="30,8000,1" yaku="1,1,0,1,52,1,54,1,53,1" doraHai="21,115" doraHaiUra="31,125" who="0" fromWho="0" sc="259,90,240,-20,240,-40,251,-20" /><INIT seed="3,0,0,4,2,30" ten="349,220,200,231" oya="3" hai0="91,45,43,6,89,130,3,7,126,22,29,71,23" hai1="62,85,109,86,115,134,55,120,97,125,27,113,5" hai2="42,28,84,2,26,82,54,9,100,117,12,99,1" hai3="95,119,88,32,121,49,61,110,83,108,48,104,21"/><W19/><G104/><T64/><D126/><U24/><E120/><V31/><F117/><W17/><G83/><T93/><D130/><U14/><E125/><V118/><F118/><W51/><G121/><T10/><D7/><U18/><E109/><N who="3" m="42090" /><G119/><T38/><D29/><U106/><E134/><V11/><F42/><W15/><G61/><T52/><D64/><U116/><E116/><V94/><F54/><W39/><G39/><T98/><D71/><U75/><E75/><V133/><F133/><W111/><N who="3" m="42098" /><W79/><DORA hai="74" /><G79/><T101/><D52/><U127/><E127/><V60/><F60/><W114/><G114/><T50/><D38/><U56/><E113/><V129/><F129/><W33/><G19/><T8/><D8/><N who="1" m="4367" /><E106/><V68/><F68/><W128/><G128/><T69/><D69/><U92/><E115/><V124/><F124/><W66/><G66/><T122/><D122/><U36/><E36/><V131/><F131/><W107/><G107/><T20/><AGARI ba="0,0" hai="3,6,10,20,22,23,43,45,50,89,91,93,98,101" machi="20" ten="30,1100,0" yaku="0,1" doraHai="30,74" who="0" fromWho="0" sc="349,11,220,-3,200,-3,231,-5" owari="360,45.0,217,-18.0,197,-30.0,226,3.0" /></mjloggm>