<mjloggm ver="2.3"><GO type="97" lobby="0"/><UN n0="%E3%82%A6%E3%83%AB%E3%83%88%E3%83%A9%E7%AB%8B%E7%9B%B4" n1="%E3%82%B7%E3%82%A7%E3%83%95%E3%83%81%E3%83%A7%E3%82%B3" n2="%E7%9A%86%E4%BC%9D%E2%99%AA" n3="%E9%A2%A8%E9%96%93%E7%AB%9C%E4%B8%80" dan="15,14,14,14" rate="2020.41,1965.34,2049.68,1953.71" sx="M,M,M,F"/><TAIKYOKU oya="0"/><INIT seed="0,0,0,1,1,59" ten="250,250,250,250" oya="0" hai0="6,8,45,92,126,7,123,10,125,1,96,40,111" hai1="55,83,19,76,98,102,54,135,132,4,77,3,115" hai2="58,128,22,71,17,50,95,86,131,127,16,13,124" hai3="49,21,103,41,106,122,30,12,116,52,2,29,118"/><T53/><D53/><U85/><E115/><V73/><F73/><W81/><G2/><T46/><D123/><U91/><E4/><V9/><F71/><W99/><G41/><T11/><D11/><U56/><E3/><V44/><F58/><W133/><G133/><N who="1" m="51274" /><E19/><V88/><F50/><W79/><G122/><T75/><D75/><U109/><E109/><V100/><F100/><W134/><G30/><T60/><D111/><U51/><E55/><V62/><F62/><W32/><G32/><T48/><D60/><U69/><E69/><V84/><F44/><W101/><G101/><T72/><D72/><U39/><E39/><V20/><F86/><W34/><G34/><T25/><D25/><U90/><E90/><V114/><F114/><W64/><G64/><T26/><D26/><U24/><E24/><N who="2" m="14343" /><F9/><W35/><G134/><T47/><D40/><U68/><E68/><V107/><F107/><AGARI ba="0,0" hai="51,54,56,76,77,83,85,91,98,102,107" m="51274" machi="107" ten="30,1000,0" yaku="20,1" doraHai="59" who="1" fromWho="2" sc="250,0,250,10,250,-10,250,0" /><INIT seed="1,0,0,1,3,90" ten="250,260,240,250" oya="1" hai0="128,48,78,49,66,0,69,58,60,25,116,39,135" hai1="103,82,119,65,114,50,126,108,117,20,42,26,62" hai2="93,2,10,132,37,24,113,85,45,67,12,34,74" hai3="110,84,130,92,81,109,77,55,16,64,33,124,75"/><U22/><E114/><V111/><F74/><W72/><G33/><T15/><D0/><U118/><E126/><V17/><F113/><W106/><G106/><T101/><D116/><U63/><E108/><N who="3" m="41578" /><G124/><T5/><D39/><U41/><E103/><V97/><F132/><W32/><G32/><T28/><D135/><U121/><E121/><V131/><F131/><W56/><G64/><T9/><D128/><U53/><E82/><V44/><F67/><W76/><G76/><T95/><D78/><U88/><E88/><N who="2" m="55463" /><F34/><W47/><G47/><N who="2" m="17993" /><F37/><W122/><G122/><T134/><D134/><U107/><E107/><V80/><F2/><W86/><G130/><T99/><REACH who="0" step="1"/><D69/><REACH who="0" ten="240,260,240,250" step="2"/><U123/><E123/><V29/><F111/><W104/><G75/><T31/><D31/><U61/><E119/><V120/><F120/><W21/><G72/><T54/><D54/><U79/><E118/><V83/><F29/><W71/><G71/><T89/><D89/><U43/><E117/><V3/><F3/><W6/><G55/><T125/><D125/><U27/><E79/><N who="2" m="46239" /><F83/><W94/><G81/><T13/><D13/><U129/><E129/><V8/><F24/><W98/><G77/><T40/><D40/><U87/><E27/><V105/><F105/><W35/><G104/><T14/><D14/><U23/><E26/><V51/><F51/><W7/><G86/><T30/><D30/><U127/><E87/><V133/><F133/><W96/><G84/><T73/><D73/><U57/><E127/><V91/><F91/><W68/><G68/><T102/><D102/><U46/><AGARI ba="0,1" hai="20,22,23,41,42,43,46,50,53,57,61,62,63,65" machi="46" ten="30,6000,0" yaku="5,1,0,1,8,1" doraHai="90" who="1" fromWho="1" sc="240,-20,260,70,240,-20,250,-20" /><INIT seed="1,1,0,5,4,75" ten="220,330,220,230" oya="1" hai0="18,31,72,42,11,62,76,23,5,124,1,77,127" hai1="10,90,109,27,32,59,133,64,57,131,130,16,33" hai2="85,36,88,60,56,39,73,120,67,68,4,117,55" hai3="111,126,110,65,35,122,93,22,14,63,129,53,113"/><U82/><E133/><V25/><F120/><W2/><G122/><T119/><D119/><U46/><E109/><N who="3" m="41482" /><G113/><T44/><D31/><U50/><E82/><V123/><F123/><W40/><G35/><N who="1" m="13386" /><E90/><V104/><F117/><W78/><G2/><T41/><D62/><U43/><E64/><V112/><F112/><W49/><G40/><T24/><D42/><U54/><E43/><V84/><F73/><W121/><G121/><T70/><D70/><U80/><E80/><V86/><F4/><W0/><G0/><T9/><D9/><U83/><E83/><V19/><F104/><W101/><G14/><T89/><D89/><U116/><E116/><V118/><F118/><W92/><G22/><T105/><D105/><U15/><E27/><V81/><F39/><W61/><G61/><T66/><D66/><U107/><E107/><V128/><F36/><W20/><G20/><T48/><REACH who="0" step="1"/><D72/><REACH who="0" ten="210,330,220,230" step="2"/><U37/><E37/><V115/><F115/><W135/><G63/><T79/><AGARI ba="1,1" hai="1,5,11,18,23,24,41,44,48,76,77,79,124,127" machi="79" ten="30,12000,2" yaku="1,1,2,1,0,1,52,3,53,0" doraHai="75" doraHaiUra="102" who="0" fromWho="0" sc="210,133,330,-61,220,-31,230,-31" /><INIT seed="2,0,0,0,1,63" ten="343,269,189,199" oya="2" hai0="0,69,57,10,77,94,135,5,124,101,68,89,118" hai1="37,23,64,72,21,80,87,16,121,115,41,40,98" hai2="46,28,110,105,48,6,95,19,85,111,76,123,59" hai3="126,117,2,38,3,78,65,93,134,70,92,107,14"/><V20/><F123/><W13/><G117/><T84/><D118/><U90/><E121/><V39/><F105/><W47/><G107/><T67/><D124/><U51/><E115/><V7/><F28/><W91/><G92/><T97/><D77/><U131/><E131/><V55/><F39/><W132/><G78/><T45/><D45/><U119/><E37/><V71/><F71/><W17/><G14/><T15/><D135/><N who="3" m="51753" /><G38/><T79/><D79/><U42/><E119/><V1/><F1/><W56/><G70/><T22/><D22/><U9/><E72/><V53/><F76/><W88/><G47/><T122/><D0/><N who="3" m="41" /><G93/><T8/><D8/><U130/><E130/><V25/><F95/><W108/><G108/><N who="2" m="41513" /><F85/><W128/><G128/><T54/><D68/><U43/><E98/><V29/><F29/><W83/><G83/><T34/><D69/><U99/><E99/><V109/><N who="2" m="41521" /><V100/><DORA hai="27" /><F100/><W62/><G126/><T30/><D30/><U125/><E125/><V18/><F18/><W11/><AGARI ba="0,0" hai="11,13,17,56,62,65,88,91" m="41,51753" machi="11" ten="30,4000,0" yaku="20,1,52,1,54,1" doraHai="63,27" who="3" fromWho="3" sc="343,-10,269,-10,189,-20,199,40" /><INIT seed="3,0,0,4,4,38" ten="333,259,169,239" oya="3" hai0="74,81,12,11,34,106,60,19,99,118,35,21,130" hai1="125,126,127,47,96,83,88,122,39,76,28,33,105" hai2="79,134,97,9,7,36,115,13,132,52,100,32,114" hai3="37,46,53,102,90,135,94,23,24,82,113,41,50"/><W27/><G113/><T14/><D118/><U42/><E122/><V8/><F79/><W55/><G135/><N who="2" m="51753" /><F36/><W108/><G108/><T1/><D1/><U101/><E88/><V48/><F48/><N who="3" m="26703" /><G102/><T112/><D130/><U20/><E33/><V73/><F52/><N who="3" m="20043" /><G37/><T64/><D112/><N who="2" m="43050" /><F73/><W59/><G50/><T75/><D75/><N who="1" m="43423" /><E20/><V4/><F97/><N who="3" m="57559" /><G59/><N who="0" m="36895" /><D74/><U10/><E28/><V93/><F100/><W3/><G3/><T72/><D72/><U49/><E39/><V31/><F93/><W110/><G110/><T133/><D106/><U51/><E51/><V67/><F67/><W131/><G131/><T58/><D133/><U104/><E104/><V18/><F9/><AGARI ba="0,0" hai="9,10,42,47,49,96,101,105,125,126,127" m="43423" machi="9" ten="30,2000,0" yaku="18,1,52,1" doraHai="38" who="1" fromWho="2" sc="333,0,259,20,169,-20,239,0" owari="333,43.0,279,8.0,149,-35.0,239,-16.0" /></mjloggm>