<mjloggm ver="2.3"><GO type="41" lobby="0"/><UN n0="%73%75%6D%69%79%61" n1="%67%70%65%72%65" n2="%E3%82%A6%E3%83%AB%E3%83%88%E3%83%A9%E7%AB%8B%E7%9B%B4" n3="%E3%82%AA%E3%83%9A%E3%83%A9%E5%BA%A7%E3%81%AE%4F" dan="15,14,16,15" rate="1980.69,1960.02,2072.79,1971.31" sx="M,M,M,M"/><TAIKYOKU oya="0"/><INIT seed="0,0,0,1,3,61" ten="250,250,250,250" oya="0" hai0="27,121,9,122,128,119,47,15,92,72,35,131,59" hai1="41,6,71,36,77,114,1,80,91,63,135,125,58" hai2="12,123,74,16,37,97,53,23,107,96,60,81,20" hai3="120,17,105,26,115,101,112,48,42,132,57,109,19"/><T31/><D72/><U113/><E71/><V118/><F123/><N who="0" m="47114" /><D59/><U0/><E36/><V50/><F37/><W106/><G106/><T89/><D92/><U7/><E41/><V65/><F118/><W64/><G105/><T133/><D47/><U3/><E135/><V94/><F107/><W51/><G132/><T87/><D89/><U108/><E125/><V104/><F104/><W99/><G120/><T32/><D87/><U29/><E29/><V70/><F94/><W28/><G64/><T116/><D133/><U66/><E91/><V67/><F67/><W83/><G48/><T8/><D35/><U84/><REACH who="1" step="1"/><E108/><REACH who="1" ten="250,240,250,250" step="2"/><V126/><F126/><W100/><G109/><T134/><D134/><U76/><E76/><V24/><F81/><W4/><G42/><T30/><D31/><U78/><E78/><V69/><F69/><W13/><G83/><T117/><D8/><U127/><E127/><V88/><F88/><W54/><G28/><T33/><D33/><U34/><E34/><V21/><F70/><W18/><G112/><AGARI ba="0,1" hai="0,1,3,6,7,58,63,66,77,80,84,112,113,114" machi="112" ten="50,6400,0" yaku="1,1,11,1,52,1,53,0" doraHai="61" doraHaiUra="130" who="1" fromWho="3" sc="250,0,240,74,250,0,250,-64" /><INIT seed="1,0,0,5,0,71" ten="250,314,250,186" oya="1" hai0="58,21,119,100,23,56,82,4,94,48,52,16,36" hai1="129,44,126,91,118,15,11,0,55,34,50,117,7" hai2="101,106,122,110,66,121,8,39,6,75,132,130,133" hai3="113,46,31,14,2,95,61,109,72,22,30,120,35"/><U41/><E126/><V3/><F66/><W135/><G72/><T123/><D119/><U99/><E129/><V29/><F29/><W37/><G113/><T107/><D107/><U69/><E69/><V77/><F130/><W28/><G2/><T93/><D123/><U19/><E34/><V78/><F78/><W40/><G120/><T64/><D23/><U90/><E90/><V17/><F17/><W10/><G109/><T62/><D36/><U104/><E91/><V70/><F70/><W5/><G135/><T124/><D124/><U83/><E83/><N who="2" m="45503" /><F121/><W38/><G35/><T18/><D4/><U73/><E73/><V96/><F122/><W85/><G61/><T26/><D100/><U87/><E87/><V13/><F13/><W116/><G116/><T97/><D82/><U125/><E125/><V86/><F86/><W88/><REACH who="3" step="1"/><G38/><REACH who="3" ten="250,314,250,176" step="2"/><T128/><D128/><U89/><E117/><V108/><F39/><W81/><G81/><T42/><D42/><U63/><E118/><V60/><F60/><W114/><G114/><T67/><D67/><U80/><E0/><V59/><F133/><W68/><G68/><T134/><D134/><U79/><E63/><V131/><F132/><W54/><G54/><T1/><D1/><U127/><E127/><V51/><F131/><W115/><G115/><T74/><D74/><U92/><E55/><N who="2" m="32255" /><F108/><W102/><G102/><N who="0" m="60719" /><D94/><U43/><E104/><V25/><F110/><W20/><AGARI ba="0,1" hai="5,10,14,20,22,28,30,31,37,40,46,85,88,95" machi="20" ten="30,7900,0" yaku="1,1,0,1,52,1,54,1,53,0" doraHai="71" doraHaiUra="12" who="3" fromWho="3" sc="250,-20,314,-39,250,-20,176,89" /><INIT seed="2,0,0,2,4,9" ten="230,275,230,265" oya="2" hai0="110,70,12,19,51,77,44,28,62,5,97,103,52" hai1="3,56,82,43,63,42,104,8,79,38,100,87,35" hai2="58,94,109,23,39,128,106,37,91,20,59,111,113" hai3="89,65,95,84,15,121,85,133,33,27,11,102,96"/><V107/><F94/><W25/><G121/><T101/><D110/><N who="2" m="41994" /><F91/><W24/><G133/><T0/><D28/><U50/><E100/><V81/><F81/><W117/><G117/><T129/><D129/><U45/><E104/><N who="2" m="39979" /><F113/><W18/><G65/><T114/><D114/><U57/><E35/><V22/><F128/><W6/><G33/><T47/><D44/><U29/><E29/><V132/><F132/><W32/><G32/><T125/><D125/><U90/><E90/><V112/><F112/><W67/><G67/><T88/><D77/><U115/><E115/><V76/><F76/><W7/><REACH who="3" step="1"/><G84/><REACH who="3" ten="230,275,230,255" step="2"/><T131/><D131/><U36/><E87/><V71/><F71/><W21/><G21/><T30/><D70/><U126/><E126/><V122/><F122/><W74/><G74/><T10/><D30/><U26/><E82/><AGARI ba="0,1" hai="6,7,11,15,18,24,25,27,82,85,89,95,96,102" machi="82" ten="40,8000,1" yaku="1,1,8,1,52,1,53,1" doraHai="9" doraHaiUra="86" who="3" fromWho="1" sc="230,0,275,-80,230,0,255,90" /><INIT seed="3,0,0,1,3,40" ten="230,195,230,345" oya="3" hai0="60,90,47,125,58,64,65,24,86,115,52,54,1" hai1="100,68,110,76,45,50,39,38,22,28,132,128,48" hai2="17,112,10,46,73,91,21,57,121,5,74,123,15" hai3="18,135,66,129,89,23,107,43,94,30,16,27,11"/><W70/><G107/><T119/><D1/><U87/><E68/><V72/><F112/><W124/><G124/><T12/><D119/><U111/><E100/><V105/><F105/><W133/><G129/><T34/><D125/><U103/><E128/><V118/><F118/><W26/><G43/><T98/><D98/><U41/><E132/><N who="3" m="50762" /><G11/><T36/><D115/><U49/><E103/><V81/><F57/><W75/><G75/><T108/><D108/><N who="1" m="41515" /><E39/><V44/><F91/><W88/><G94/><T63/><D34/><U13/><E13/><V71/><F81/><W31/><G66/><T20/><D12/><U80/><E38/><V25/><REACH who="2" step="1"/><F71/><REACH who="2" ten="230,195,220,345" step="2"/><W82/><G70/><T126/><D126/><U37/><E37/><V2/><F2/><W117/><G117/><T130/><D130/><U29/><E80/><V59/><F59/><W67/><G82/><N who="0" m="49495" /><D36/><U78/><E76/><V19/><F19/><N who="3" m="7211" /><G67/><T62/><D65/><U69/><E69/><V33/><F33/><AGARI ba="0,1" hai="23,26,27,30,31,33,88,89" m="7211,50762" machi="33" ten="30,5800,0" yaku="20,1,54,2" doraHai="40" who="3" fromWho="2" sc="230,0,195,0,220,-58,345,68" /><INIT seed="3,1,0,5,0,54" ten="230,195,162,413" oya="3" hai0="69,35,85,91,37,26,10,47,51,74,6,101,68" hai1="95,50,83,20,75,7,24,131,103,104,57,46,53" hai2="107,126,28,22,110,0,132,61,120,134,97,31,114" hai3="82,93,99,88,32,13,112,96,33,3,116,100,86"/><W43/><G3/><T21/><D35/><U23/><E104/><V94/><F107/><W84/><G112/><T121/><D101/><U11/><E131/><V19/><F0/><W60/><G116/><T122/><D74/><U124/><E124/><V130/><F114/><W125/><G125/><T70/><D37/><U133/><E133/><V62/><F126/><W45/><G84/><T14/><D122/><U41/><E75/><V30/><F120/><W71/><G13/><T25/><D121/><U123/><E123/><V105/><F105/><W81/><G81/><T18/><D26/><U113/><E113/><V77/><F130/><W49/><G71/><T17/><D68/><U5/><E83/><V38/><F38/><W8/><G8/><T42/><D6/><U111/><E20/><V89/><F110/><W78/><REACH who="3" step="1"/><G60/><REACH who="3" ten="230,195,162,403" step="2"/><T119/><D119/><U109/><E11/><V48/><F132/><W67/><G67/><T106/><D106/><AGARI ba="1,1" hai="32,33,43,45,49,78,82,86,88,93,96,99,100,106" machi="106" ten="30,11600,0" yaku="1,1,7,1,54,1,53,1" doraHai="54" doraHaiUra="76" who="3" fromWho="0" sc="230,-119,195,0,162,0,403,129" /><INIT seed="3,2,0,0,5,81" ten="111,195,162,532" oya="3" hai0="93,92,21,0,54,109,46,65,44,36,80,60,25" hai1="41,114,2,87,3,14,89,66,88,67,79,131,12" hai2="108,105,57,59,53,24,96,38,19,76,70,85,130" hai3="23,124,102,84,115,49,39,74,37,52,77,62,9"/><W58/><G74/><T17/><D109/><U100/><E41/><V1/><F70/><W91/><G115/><T8/><D0/><U82/><E114/><V7/><F38/><W50/><G124/><T31/><D36/><U13/><E100/><V26/><F130/><W132/><G132/><T27/><D46/><U73/><E131/><V56/><F108/><W134/><G134/><T71/><D80/><U127/><E127/><V104/><F7/><W6/><G102/><T83/><D8/><U86/><E73/><V122/><F1/><W16/><G77/><T61/><D83/><U22/><E22/><V5/><F5/><W35/><G35/><T63/><D63/><U90/><E2/><V135/><F135/><W125/><G125/><T20/><D44/><U110/><E3/><V118/><F118/><W10/><G37/><T68/><D54/><U120/><E120/><V128/><F128/><W121/><G121/><T113/><D113/><U78/><E110/><V103/><F105/><W4/><G39/><T34/><D34/><U97/><E97/><V101/><F122/><W106/><G106/><T64/><AGARI ba="2,0" hai="17,20,21,25,27,31,60,61,64,65,68,71,92,93" machi="64" ten="30,2000,0" yaku="0,1,9,1" doraHai="81" who="0" fromWho="0" sc="111,26,195,-7,162,-7,532,-12" /><INIT seed="4,0,0,1,0,37" ten="137,188,155,520" oya="0" hai0="105,43,28,61,70,35,126,17,113,109,101,96,40" hai1="68,71,23,5,30,131,78,29,57,9,122,100,132" hai2="89,103,129,62,44,39,85,83,97,125,11,56,81" hai3="4,110,112,45,76,135,52,114,80,48,95,77,74"/><T73/><D113/><N who="3" m="43625" /><G76/><T116/><D116/><U93/><E122/><V8/><F125/><W90/><G110/><T87/><D126/><U41/><E78/><V127/><F127/><W64/><G4/><T31/><D73/><U54/><E71/><V7/><F129/><W67/><G135/><T99/><D17/><U119/><E68/><V60/><F83/><W107/><G107/><T26/><D28/><U42/><E119/><V36/><F60/><W21/><G21/><T14/><D14/><N who="1" m="5423" /><E131/><V82/><F82/><W98/><AGARI ba="0,0" hai="45,48,52,64,67,74,77,80,90,95,98" m="43625" machi="98" ten="30,2000,0" yaku="15,1,54,1" doraHai="37" who="3" fromWho="3" sc="137,-10,188,-5,155,-5,520,20" /><INIT seed="5,0,0,3,2,34" ten="127,183,150,540" oya="1" hai0="65,28,132,134,128,48,95,106,102,100,53,50,109" hai1="69,72,66,96,54,129,135,71,39,123,115,15,76" hai2="58,86,81,126,82,89,47,3,38,29,131,55,43" hai3="111,118,8,24,6,92,83,117,26,27,12,44,57"/><U10/><E123/><V5/><F126/><W107/><G107/><T62/><D109/><U110/><E110/><V51/><F131/><W70/><G70/><T112/><D128/><U18/><E39/><V124/><F124/><W13/><G111/><T88/><D106/><U91/><E129/><V68/><F29/><W90/><G83/><T31/><D112/><U11/><E66/><V119/><F119/><N who="3" m="45579" /><G44/><T22/><D65/><U120/><E120/><V87/><F68/><W113/><G113/><T41/><D41/><U45/><E115/><V125/><F125/><W114/><G114/><T16/><D62/><U23/><E71/><V75/><F75/><W85/><G57/><N who="0" m="32935" /><D50/><U61/><E69/><V99/><F99/><W36/><G36/><T0/><D0/><AGARI ba="0,0" hai="0,6,8,12,13,24,26,27,85,90,92" m="45579" machi="0" ten="30,2000,0" yaku="12,1,52,1" doraHai="34" who="3" fromWho="0" sc="127,-20,183,0,150,0,540,20" /><INIT seed="6,0,0,0,4,62" ten="107,183,150,560" oya="2" hai0="135,40,121,109,76,54,10,120,97,99,127,113,87" hai1="0,85,103,66,82,9,53,17,60,108,96,91,73" hai2="35,90,84,6,93,38,57,25,26,128,37,16,131" hai3="129,22,69,95,7,112,107,36,41,59,2,55,110"/><V52/><F6/><W58/><G69/><T15/><D109/><U64/><E108/><V8/><F35/><W11/><G107/><T21/><D113/><U105/><E0/><V34/><F34/><W86/><G110/><T29/><D135/><U111/><E111/><V4/><F4/><W81/><G112/><T92/><D127/><U27/><E60/><N who="2" m="35879" /><F26/><W106/><G106/><T100/><D99/><U31/><E73/><V119/><F119/><W79/><G129/><N who="2" m="49737" /><F25/><W13/><G22/><T28/><D40/><U116/><E116/><V98/><F84/><W50/><G2/><T118/><D118/><U94/><E105/><V71/><F71/><W18/><G18/><T47/><D121/><U65/><E31/><V123/><F123/><W67/><G13/><AGARI ba="0,0" hai="8,13,16,37,38,90,93,98" m="49737,35879" machi="13" ten="30,5800,0" yaku="19,1,54,2" doraHai="62" who="2" fromWho="3" sc="107,0,183,0,150,58,560,-58" /><INIT seed="6,1,0,2,4,89" ten="107,183,208,502" oya="2" hai0="25,58,109,125,26,113,22,119,49,69,38,18,52" hai1="70,95,73,30,99,111,75,88,2,98,57,13,41" hai2="4,60,103,132,44,20,107,121,135,85,3,32,83" hai3="74,128,84,31,28,48,112,65,15,86,93,122,27"/><V127/><F32/><W77/><G112/><T63/><D109/><U53/><E2/><V82/><F121/><W115/><G128/><T21/><D113/><U102/><E70/><V126/><F4/><W72/><G65/><T61/><D125/><U19/><E30/><V55/><F3/><W24/><G28/><T78/><D119/><U62/><E41/><V97/><F20/><W23/><G122/><T108/><D38/><U110/><E75/><V0/><F0/><W14/><G27/><T37/><D37/><U87/><E73/><V124/><F60/><W7/><G74/><T5/><D108/><U12/><E12/><V130/><F55/><W116/><G72/><T91/><D5/><U134/><E134/><N who="2" m="51243" /><F44/><W50/><G116/><T68/><D78/><U39/><E39/><V47/><F47/><W96/><G115/><T1/><D1/><U56/><E56/><V34/><F34/><W43/><G77/><T54/><D91/><U90/><E90/><N who="2" m="51511" /><F83/><W46/><G48/><T105/><D105/><U35/><E35/><V76/><F76/><W101/><G7/><T59/><D49/><U66/><E110/><V67/><F67/><W92/><G84/><T33/><REACH who="0" step="1"/><D33/><REACH who="0" ten="97,183,208,502" step="2"/><U117/><E117/><V94/><F107/><W9/><G46/><T64/><D64/><U11/><E111/><V79/><F79/><W131/><G43/><T123/><D123/><U36/><E36/><V81/><F81/><W16/><G23/><T114/><D114/><U71/><E102/><V45/><F45/><W42/><G101/><T51/><D51/><AGARI ba="1,1" hai="11,13,19,51,53,57,62,66,71,87,88,95,98,99" machi="51" ten="30,3900,0" yaku="7,1,52,1,54,1" doraHai="89" who="1" fromWho="0" sc="97,-42,183,52,208,0,502,0" /><INIT seed="7,0,0,3,0,100" ten="55,235,208,502" oya="3" hai0="106,99,30,95,36,58,124,135,0,33,81,26,6" hai1="88,41,28,131,108,63,16,55,118,60,47,92,83" hai2="122,117,48,32,27,50,96,107,46,105,45,24,15" hai3="97,79,130,64,2,126,110,133,123,51,125,37,49"/><W76/><G64/><T18/><D135/><U19/><E108/><V86/><F86/><W62/><G133/><T70/><D124/><U54/><E131/><V14/><F96/><W61/><G2/><T101/><D58/><U40/><E28/><V13/><F32/><W75/><G110/><T23/><D36/><U59/><E83/><V72/><F72/><W121/><G97/><T74/><D95/><U89/><E47/><V98/><F98/><W25/><G25/><T71/><D18/><N who="1" m="6699" /><E118/><V102/><F102/><W116/><G37/><T4/><D23/><U94/><E55/><V87/><F87/><W84/><G84/><T91/><D6/><U65/><E92/><V113/><F113/><W5/><G5/><T78/><REACH who="0" step="1"/><D91/><REACH who="0" ten="45,235,208,502" step="2"/><N who="1" m="34891" /><E94/><V68/><F117/><W80/><G51/><T77/><D77/><U53/><E65/><V104/><F68/><W9/><G9/><AGARI ba="0,1" hai="0,4,9,26,30,33,70,71,74,78,81,99,101,106" machi="9" ten="40,12000,2" yaku="1,1,33,3,52,1,53,2" doraHai="100" doraHaiUra="67" who="0" fromWho="3" sc="45,130,235,0,208,0,502,-120" owari="175,-32.0,235,4.0,208,-19.0,382,47.0" /></mjloggm>