<mjloggm ver="2.3"><GO type="97" lobby="0"/><UN n0="%E3%81%BE%E3%82%81%E3%81%8A" n1="%E3%82%A6%E3%83%AB%E3%83%88%E3%83%A9%E7%AB%8B%E7%9B%B4" n2="%46%43" n3="%6C%6C%67%65%71" dan="16,15,14,14" rate="2022.89,2009.19,1897.09,1990.56" sx="M,M,M,M"/><TAIKYOKU oya="0"/><INIT seed="0,0,0,2,1,79" ten="250,250,250,250" oya="0" hai0="75,11,37,4,128,118,74,132,87,6,108,85,101" hai1="95,23,66,104,73,9,34,54,82,30,117,81,12" hai2="110,70,125,92,91,65,105,2,41,5,124,15,7" hai3="8,21,116,113,102,83,76,133,51,131,77,42,44"/><T72/><D118/><U40/><E104/><V25/><F105/><W53/><G116/><T115/><D115/><U94/><E34/><V49/><F110/><W93/><G113/><T106/><D108/><U45/><E66/><V96/><F2/><W63/><G133/><T10/><D132/><U59/><E73/><V122/><F122/><W43/><G131/><T18/><D128/><U19/><E117/><V24/><F70/><W3/><G77/><T26/><D37/><U1/><E95/><V71/><F71/><W56/><G21/><T86/><D106/><U32/><E32/><V134/><F65/><W123/><G123/><T39/><D39/><U31/><E94/><V98/><F134/><W14/><G3/><T20/><REACH who="0" step="1"/><D101/><REACH who="0" ten="240,250,250,250" step="2"/><U50/><E1/><V58/><F98/><W0/><G102/><T52/><D52/><U13/><E31/><V38/><F38/><W62/><G0/><T88/><D88/><U36/><E30/><V69/><F41/><W47/><G63/><T33/><D33/><U48/><E36/><V97/><F96/><W99/><G99/><T107/><D107/><U126/><E126/><V111/><F125/><W112/><G112/><T114/><D114/><U29/><E29/><V135/><F124/><W35/><G35/><T90/><D90/><U130/><E130/><V78/><F135/><W57/><G62/><T120/><D120/><U61/><E61/><V89/><F111/><W109/><G109/><T27/><D27/><U68/><E68/><V67/><F97/><W60/><G60/><T84/><N who="0" m="22016" /><DORA hai="129" /><T16/><D16/><AGARI ba="0,1" hai="9,12,13,16,19,23,40,45,48,50,54,59,81,82" machi="16" ten="30,12000,2" yaku="6,1,7,1,8,1,52,2,54,1" doraHai="79,129" who="1" fromWho="0" sc="240,-120,250,130,250,0,250,0" /><INIT seed="1,0,0,5,4,66" ten="120,380,250,250" oya="1" hai0="121,21,90,95,123,125,114,34,89,73,88,134,93" hai1="133,91,24,31,96,41,94,109,12,47,78,50,64" hai2="25,54,36,113,107,45,11,74,120,71,119,67,42" hai3="103,104,112,37,30,5,60,99,27,106,75,14,124"/><U77/><E133/><V7/><F119/><W132/><G112/><T115/><D34/><U40/><E109/><V16/><F120/><N who="0" m="46154" /><D21/><U81/><E41/><V61/><F113/><N who="0" m="43018" /><D134/><U126/><E126/><V129/><F129/><W0/><G132/><T9/><D9/><U57/><E12/><V82/><F107/><W72/><G124/><T98/><D125/><U97/><E97/><V23/><F54/><W8/><G14/><T100/><D73/><U35/><E81/><V59/><F82/><W56/><G106/><AGARI ba="0,0" hai="88,89,90,93,95,98,100,106" m="43018,46154" machi="106" ten="40,8000,1" yaku="13,1,34,2,54,1" doraHai="66" who="0" fromWho="3" sc="120,80,380,0,250,0,250,-80" /><INIT seed="2,0,0,1,0,12" ten="200,380,250,170" oya="2" hai0="58,111,106,60,119,27,97,30,65,108,92,85,126" hai1="5,96,91,1,100,47,117,44,54,93,17,35,70" hai2="86,53,6,135,32,125,19,45,31,114,18,103,15" hai3="131,107,22,98,24,83,49,46,74,40,73,128,82"/><V64/><F114/><W88/><G107/><T75/><D126/><U102/><E70/><V52/><F125/><W7/><G7/><T78/><D119/><U42/><E35/><V109/><F103/><W101/><G101/><T61/><D106/><U57/><E117/><V122/><F122/><W76/><G74/><T87/><D61/><U116/><E116/><V95/><F64/><W121/><G121/><T2/><D2/><U4/><E5/><V48/><F135/><W94/><REACH who="3" step="1"/><G83/><REACH who="3" ten="200,380,250,160" step="2"/><T43/><D75/><U9/><E4/><V14/><F6/><W37/><G37/><T118/><D118/><U89/><E1/><V130/><F130/><W33/><G33/><T105/><D105/><U62/><E102/><V132/><F132/><W21/><G21/><T66/><D92/><U99/><E93/><V72/><F72/><W3/><G3/><T110/><D108/><U81/><E81/><V56/><F109/><W13/><G13/><N who="2" m="4617" /><F32/><W90/><G90/><T34/><D110/><U112/><E91/><N who="2" m="53751" /><F31/><AGARI ba="0,1" hai="22,24,31,40,46,49,73,76,82,88,94,98,128,131" machi="31" ten="40,2600,0" yaku="1,1,54,1,53,0" doraHai="12" doraHaiUra="80" who="3" fromWho="2" sc="200,0,380,0,250,-26,160,36" /><INIT seed="3,0,0,1,4,80" ten="200,380,224,196" oya="3" hai0="104,99,130,135,41,70,2,45,91,28,43,46,7" hai1="37,97,105,33,61,9,102,49,108,116,72,83,15" hai2="98,96,44,79,5,107,12,93,55,120,75,92,31" hai3="73,26,81,24,100,77,1,123,3,126,69,90,35"/><W8/><G123/><T38/><D135/><U87/><E37/><V89/><F120/><W58/><G126/><T78/><D130/><U47/><E33/><V32/><F31/><W76/><G69/><T134/><D134/><U13/><E108/><V128/><F32/><W125/><G125/><T85/><D70/><U34/><E34/><V14/><F128/><W4/><G77/><T25/><D78/><U84/><E13/><V63/><F107/><W17/><G100/><T113/><D113/><U62/><E72/><V94/><F5/><W74/><G74/><T82/><D2/><U88/><E87/><V51/><F63/><W110/><G110/><T54/><D7/><U42/><E116/><V6/><F6/><AGARI ba="0,0" hai="6,9,15,42,47,49,61,62,83,84,88,97,102,105" machi="6" ten="30,3900,0" yaku="7,1,52,1,54,1" doraHai="80" who="1" fromWho="2" sc="200,0,380,39,224,-39,196,0" owari="200,0.0,419,51.0,185,-31.0,196,-20.0" /></mjloggm>