<mjloggm ver="2.3"><GO type="169" lobby="0"/><UN n0="%E3%81%BF%E3%82%84%E3%81%93%E3%82%93%EF%BC%99%E6%AD%B3" n1="%74%6A%2D%6D%69%63%72%6F" n2="%E3%81%A4%E3%81%B0%E3%81%8D%E3%81%A1%30%33" n3="%E3%82%A6%E3%83%AB%E3%83%88%E3%83%A9%E7%AB%8B%E7%9B%B4" dan="16,17,17,16" rate="2170.94,2199.06,2188.11,2018.31" sx="F,M,M,M"/><TAIKYOKU oya="0"/><INIT seed="0,0,0,0,2,67" ten="250,250,250,250" oya="0" hai0="58,96,89,114,130,69,90,119,45,62,82,84,127" hai1="44,107,3,71,48,11,0,46,21,72,122,115,131" hai2="121,91,37,4,50,102,73,20,12,105,14,1,120" hai3="64,66,65,118,74,40,95,94,26,80,30,93,13"/><T55/><D119/><U33/><E33/><V79/><F37/><W88/><G118/><T34/><D114/><U31/><E107/><V108/><F108/><W111/><G111/><T6/><D34/><U135/><E72/><V10/><F91/><W87/><G40/><T101/><D127/><U86/><E122/><V19/><F14/><W23/><G74/><T8/><D130/><U54/><E131/><V123/><F50/><W125/><G125/><T56/><D45/><U97/><E115/><V29/><F29/><W126/><G126/><T85/><D58/><U7/><E46/><V116/><F116/><W99/><REACH who="3" step="1"/><G13/><REACH who="3" ten="250,250,250,240" step="2"/><T63/><D69/><U98/><E71/><V81/><F105/><W9/><G9/><T59/><D84/><U109/><E86/><V76/><F76/><AGARI ba="0,1" hai="23,26,30,64,65,66,76,80,87,88,93,94,95,99" machi="76" ten="40,8000,1" yaku="1,1,8,1,54,1,53,1" doraHai="67" doraHaiUra="17" who="3" fromWho="2" sc="250,0,250,0,250,-80,240,90" /><INIT seed="1,0,0,4,3,58" ten="250,250,170,330" oya="1" hai0="130,53,12,15,90,38,119,67,18,125,131,102,60" hai1="89,111,107,106,92,62,103,8,116,71,23,75,113" hai2="19,85,24,11,96,13,73,109,46,94,48,26,33" hai3="17,129,95,101,77,2,112,29,45,6,20,43,83"/><U39/><E113/><V121/><F109/><W32/><G112/><T35/><D119/><U25/><E116/><V68/><F73/><W133/><G129/><T51/><D38/><U34/><E39/><V93/><F121/><W41/><G41/><T128/><D125/><U54/><E111/><V118/><F33/><W4/><G133/><T110/><D110/><U30/><E75/><V97/><F68/><W57/><G29/><T63/><D67/><U44/><E8/><V115/><F115/><W37/><G32/><T104/><D35/><U86/><E23/><V123/><F123/><W55/><G2/><T100/><D90/><U88/><E89/><N who="2" m="53423" /><F118/><W117/><G95/><T98/><D100/><U81/><E44/><V127/><F127/><W31/><G31/><T120/><D120/><U49/><E49/><V135/><F135/><W40/><G101/><T16/><D12/><U64/><REACH who="1" step="1"/><E54/><REACH who="1" ten="250,240,170,330" step="2"/><N who="2" m="29975" /><F97/><AGARI ba="0,1" hai="25,30,34,62,64,71,81,86,88,92,97,103,106,107" machi="97" ten="40,12000,1" yaku="1,1,52,1,54,1,53,1" doraHai="58" doraHaiUra="56" who="1" fromWho="2" sc="250,0,240,130,170,-120,330,0" /><INIT seed="1,1,0,2,3,67" ten="250,370,50,330" oya="1" hai0="57,29,54,8,22,52,113,15,5,35,112,121,9" hai1="16,94,91,19,80,84,102,115,26,61,51,0,25" hai2="40,82,88,53,37,126,4,75,31,62,103,74,14" hai3="95,32,13,28,3,63,60,70,106,64,135,131,69"/><U100/><E115/><V44/><F126/><W110/><G13/><T117/><D117/><U89/><E0/><V48/><F103/><W107/><G95/><T101/><D121/><U119/><E119/><V93/><F31/><W12/><G12/><T21/><D101/><U104/><E104/><V50/><F62/><W10/><G131/><T90/><D35/><U111/><E111/><V76/><F75/><W24/><G110/><T42/><D42/><U1/><E1/><V20/><F53/><W45/><G45/><T130/><D130/><U68/><E100/><V129/><F129/><W118/><G118/><T34/><D34/><U59/><E51/><V11/><REACH who="2" step="1"/><F20/><REACH who="2" ten="250,370,40,330" step="2"/><W78/><G63/><T43/><D52/><U46/><E102/><V120/><F120/><W79/><G60/><T108/><D21/><U33/><E33/><V58/><F58/><W116/><G32/><T109/><D22/><U36/><E59/><V49/><F49/><W39/><G116/><T125/><D29/><U128/><E128/><V7/><F7/><W30/><G30/><T83/><D5/><U66/><E46/><V122/><F122/><W96/><G28/><T123/><D123/><U127/><E127/><V99/><AGARI ba="1,1" hai="4,11,14,37,40,44,48,50,74,76,82,88,93,99" machi="99" ten="20,5200,0" yaku="1,1,0,1,7,1,54,1,53,0" doraHai="67" doraHaiUra="56" who="2" fromWho="2" sc="250,-14,370,-27,40,65,330,-14" /><INIT seed="2,0,0,2,5,124" ten="236,343,105,316" oya="2" hai0="132,114,44,67,41,83,109,115,80,4,113,31,32" hai1="25,64,21,22,33,27,104,82,26,45,19,63,0" hai2="95,36,81,47,66,133,14,126,7,79,105,50,106" hai3="96,112,24,102,62,130,125,131,38,118,86,59,17"/><V100/><F126/><W35/><G38/><T16/><D109/><U73/><E0/><V28/><F28/><N who="3" m="19847" /><G17/><T85/><D132/><U53/><E104/><V9/><F66/><W6/><G6/><T134/><D134/><U8/><E53/><V108/><F36/><W37/><G37/><T13/><D4/><U48/><E48/><V94/><F133/><W23/><G23/><T15/><D67/><U61/><E45/><V56/><F56/><W97/><G118/><T71/><D71/><U29/><E8/><V117/><F117/><W55/><G125/><T2/><D2/><U87/><E73/><V54/><F108/><W129/><G112/><T40/><D32/><U107/><E107/><V60/><F106/><N who="3" m="63815" /><G86/><T103/><D31/><U57/><E63/><V75/><REACH who="2" step="1"/><F60/><REACH who="2" ten="236,343,95,316" step="2"/><W52/><G97/><AGARI ba="0,1" hai="7,9,14,47,50,54,75,79,81,94,95,97,100,105" machi="97" ten="40,3900,0" yaku="1,1,2,1,53,0" doraHai="124" doraHaiUra="70" who="2" fromWho="3" sc="236,0,343,0,95,49,316,-39" /><INIT seed="2,1,0,1,1,129" ten="236,343,144,277" oya="2" hai0="128,114,6,18,64,22,17,124,106,59,118,27,107" hai1="90,75,89,71,60,36,127,104,79,93,12,113,135" hai2="98,130,0,108,25,110,30,3,125,9,91,49,65" hai3="33,19,4,50,77,87,10,34,103,40,20,82,120"/><V123/><F123/><W109/><G120/><T131/><D114/><U7/><E36/><V43/><F65/><W88/><G109/><N who="2" m="42089" /><F130/><N who="0" m="49706" /><D124/><U8/><E104/><N who="0" m="39977" /><D6/><U119/><E113/><V14/><F125/><W72/><G103/><T78/><D78/><U83/><E127/><V35/><F98/><W121/><G121/><T115/><D115/><U97/><E119/><V100/><F100/><W96/><G96/><T47/><D47/><U42/><E42/><V51/><F91/><W132/><G34/><T84/><D84/><U112/><E112/><V92/><F92/><W55/><G33/><T54/><D64/><U56/><E71/><V63/><F63/><W41/><G72/><T45/><D45/><U53/><REACH who="1" step="1"/><E90/><REACH who="1" ten="236,333,144,277" step="2"/><V5/><F43/><W26/><G41/><T85/><D118/><U111/><E111/><V23/><F0/><W86/><G40/><T1/><D1/><U58/><E58/><V81/><F81/><W134/><G88/><T57/><D59/><U28/><E28/><V74/><F74/><W80/><G80/><T11/><D57/><U73/><E73/><V38/><F38/><W44/><REACH who="3" step="1"/><G86/><REACH who="3" ten="236,333,144,267" step="2"/><T99/><D85/><U117/><E117/><V62/><F62/><W29/><G29/><T116/><D116/><U15/><E15/><AGARI ba="1,2" hai="4,10,15,19,20,26,44,50,55,77,82,87,132,134" machi="15" ten="40,5200,0" yaku="1,1,52,2,53,0" doraHai="129" doraHaiUra="101" who="3" fromWho="1" sc="236,0,333,-55,144,0,267,75" /><INIT seed="3,0,0,2,4,24" ten="236,278,144,342" oya="3" hai0="44,48,4,112,49,8,19,114,120,55,12,45,47" hai1="66,58,35,37,100,81,118,63,32,28,125,10,33" hai2="113,18,34,84,78,131,57,88,93,135,99,127,50" hai3="133,61,116,65,104,39,67,83,79,36,52,60,9"/><W121/><G104/><T74/><D74/><U17/><E37/><V107/><F113/><N who="0" m="43626" /><D120/><U6/><E125/><V85/><F34/><W5/><G121/><T94/><D94/><U92/><E118/><V91/><F127/><W21/><G116/><T95/><D95/><U134/><E17/><V109/><F18/><W42/><G133/><T22/><D55/><U7/><E81/><N who="2" m="47159" /><F57/><W69/><G52/><N who="0" m="29703" /><D49/><U86/><E134/><V29/><F50/><W38/><G21/><T119/><D119/><U101/><E101/><N who="2" m="62911" /><F135/><W41/><G9/><T71/><D71/><U115/><E10/><V70/><F70/><N who="3" m="42279" /><G5/><T73/><D73/><U56/><E6/><V108/><F131/><W20/><G20/><T51/><D51/><U30/><E7/><V25/><F25/><AGARI ba="0,0" hai="4,8,12,19,22,25,45,47" m="29703,43626" machi="25" ten="30,2000,0" yaku="11,1,54,1" doraHai="24" who="0" fromWho="2" sc="236,20,278,0,144,-20,342,0" /><INIT seed="4,0,0,5,2,120" ten="256,278,124,342" oya="0" hai0="17,115,30,92,53,132,66,105,99,63,134,79,133" hai1="48,97,73,128,28,91,16,56,62,75,35,116,94" hai2="124,123,88,57,47,0,72,3,80,70,95,24,10" hai3="18,7,1,25,59,19,114,102,89,96,13,109,74"/><T117/><D117/><U121/><E116/><V118/><F118/><W65/><G74/><T6/><D105/><U83/><E121/><V69/><F123/><W20/><G7/><T100/><D115/><U67/><E128/><V32/><F124/><W103/><G1/><T9/><D30/><U76/><E28/><V52/><F47/><W11/><G114/><T107/><D79/><U98/><E35/><V37/><F37/><W27/><G27/><T61/><D17/><U106/><E48/><V38/><F38/><W126/><G126/><T130/><D130/><U36/><E36/><V50/><F32/><W49/><G49/><T55/><D107/><U122/><E122/><V40/><F40/><W42/><G42/><T87/><D87/><U4/><E4/><V113/><F113/><W85/><G96/><T84/><D84/><U21/><E75/><V5/><F24/><W112/><G112/><T58/><REACH who="0" step="1"/><D63/><REACH who="0" ten="246,278,124,342" step="2"/><U64/><E106/><V90/><F0/><AGARI ba="0,1" hai="0,6,9,53,55,58,61,66,92,99,100,132,133,134" machi="0" ten="40,12000,1" yaku="1,1,2,1,20,1,53,1" doraHai="120" doraHaiUra="93" who="0" fromWho="2" sc="246,130,278,0,124,-120,342,0" /><INIT seed="4,1,0,4,3,135" ten="376,278,4,342" oya="0" hai0="116,0,113,52,93,56,74,51,63,88,75,14,58" hai1="77,7,117,124,68,104,45,111,21,123,82,106,37" hai2="92,33,40,4,64,125,50,99,9,89,36,90,107" hai3="126,121,114,46,120,29,23,73,25,72,127,76,115"/><T84/><D0/><U30/><E117/><V5/><F33/><W112/><G46/><T32/><D32/><U15/><E123/><N who="3" m="47178" /><G76/><T48/><D116/><U11/><E68/><V54/><F107/><W131/><G131/><T2/><D2/><U81/><E111/><V97/><F64/><W102/><G102/><T24/><D24/><U22/><E82/><V59/><F36/><W61/><G61/><T12/><D113/><U86/><E22/><V85/><F40/><W60/><G60/><N who="0" m="35847" /><D75/><AGARI ba="1,0" hai="23,25,29,72,73,75,112,114,115,126,127" m="47178" machi="75" ten="40,8000,1" yaku="15,1,13,1,52,2" doraHai="135" who="3" fromWho="0" sc="376,-83,278,0,4,0,342,83" /><INIT seed="5,0,0,4,3,8" ten="293,278,4,425" oya="1" hai0="5,77,120,9,84,14,117,25,42,98,7,45,80" hai1="4,109,122,48,57,30,39,83,128,49,111,1,10" hai2="130,35,116,31,47,82,119,32,19,60,104,133,106" hai3="6,107,63,23,94,24,115,50,70,86,88,20,52"/><U76/><E39/><V105/><F19/><W124/><G107/><T125/><D125/><U102/><E122/><V99/><F99/><W16/><G115/><T79/><D117/><N who="2" m="45130" /><F31/><W43/><G6/><T132/><D120/><U68/><E68/><V58/><F58/><W59/><G124/><T44/><D132/><U81/><E102/><V53/><F53/><W2/><G2/><T11/><D25/><U74/><E128/><V112/><F60/><W61/><G70/><T118/><D118/><U92/><E92/><V55/><F55/><W91/><G43/><T22/><D22/><U41/><E41/><V73/><F47/><W134/><G134/><T66/><D66/><U46/><E46/><V13/><F13/><N who="3" m="9231" /><G91/><T33/><D33/><N who="2" m="12874" /><F133/><W101/><G101/><T90/><D98/><U127/><E127/><V56/><F56/><W15/><G15/><N who="0" m="5551" /><D42/><U12/><E1/><V72/><F82/><W93/><G93/><T129/><D129/><U121/><E121/><V51/><F51/><W113/><G113/><T123/><D123/><U37/><E37/><V96/><F96/><W34/><G34/><T100/><D100/><U3/><E3/><V21/><F21/><W40/><G40/><T131/><D131/><U0/><E0/><V62/><F130/><W17/><AGARI ba="0,0" hai="17,23,24,50,52,59,61,63,86,88,94" m="9231" machi="17" ten="30,12000,2" yaku="25,1,8,1,52,1,54,3" doraHai="8" who="3" fromWho="3" sc="293,-30,278,-60,4,-30,425,120" owari="263,6.0,218,-18.0,-26,-53.0,545,65.0" /></mjloggm>