<mjloggm ver="2.3"><GO type="97" lobby="0"/><UN n0="%73%75%67%6F%6D%6F%72%69" n1="%E3%83%87%E3%83%AC%E3%81%AF%E3%81%AA%E3%81%84" n2="%E8%9B%87%E3%81%AB%E8%A6%8B%E3%81%88%E3%81%9F%E3%81%8B%EF%BC%9F" n3="%E3%82%A6%E3%83%AB%E3%83%88%E3%83%A9%E7%AB%8B%E7%9B%B4" dan="14,14,15,14" rate="1959.81,1935.32,2056.22,1886.22" sx="F,M,F,M"/><TAIKYOKU oya="0"/><INIT seed="0,0,0,0,2,107" ten="250,250,250,250" oya="0" hai0="24,113,73,98,58,36,65,6,44,60,18,97,47" hai1="135,115,104,5,17,119,93,87,108,75,92,9,38" hai2="21,88,84,111,89,54,56,77,33,37,120,82,35" hai3="94,74,22,105,125,76,81,67,114,71,116,34,8"/><T57/><D113/><U106/><E38/><V20/><F120/><W112/><G34/><T40/><D6/><U30/><E75/><V14/><F37/><W64/><G116/><T23/><D73/><U43/><E115/><V101/><F101/><W27/><G125/><T63/><REACH who="0" step="1"/><D47/><REACH who="0" ten="240,250,250,250" step="2"/><U52/><E119/><V86/><F111/><W39/><G114/><T128/><D128/><U130/><E130/><V122/><F122/><W26/><G112/><T109/><D109/><U4/><E108/><V59/><F77/><W62/><G39/><T90/><D90/><U103/><E135/><V2/><F82/><W31/><G81/><T7/><D7/><U32/><E5/><V19/><F2/><W51/><G76/><T55/><AGARI ba="0,1" hai="18,23,24,36,40,44,55,57,58,60,63,65,97,98" machi="55" ten="20,3900,0" yaku="1,1,0,1,7,1,53,0" doraHai="107" doraHaiUra="100" who="0" fromWho="0" sc="240,49,250,-13,250,-13,250,-13" /><INIT seed="0,1,0,0,5,45" ten="289,237,237,237" oya="0" hai0="16,126,86,6,27,66,107,93,56,29,85,69,58" hai1="40,11,48,30,122,127,82,43,24,106,9,83,22" hai2="23,14,37,28,125,18,104,4,59,97,1,5,80" hai3="53,49,94,84,52,7,102,129,88,64,133,113,130"/><T44/><D107/><U73/><E122/><V38/><F125/><W51/><G113/><T81/><D126/><U61/><E127/><V90/><F28/><W36/><G36/><T12/><D6/><U75/><E106/><V121/><F121/><W78/><G133/><T62/><D44/><U20/><E61/><V119/><F119/><W96/><G64/><T95/><D86/><U128/><E24/><V115/><F115/><W3/><G7/><T8/><D58/><U134/><E30/><V92/><F104/><W79/><G3/><T77/><REACH who="0" step="1"/><D69/><REACH who="0" ten="279,237,237,237" step="2"/><U13/><E134/><V124/><F124/><W74/><G74/><T120/><D120/><U19/><E128/><V132/><F132/><W68/><G68/><T135/><D135/><U26/><E73/><V42/><F59/><N who="3" m="33167" /><G130/><T17/><D17/><N who="1" m="12559" /><E75/><V39/><F4/><W35/><G129/><T31/><D31/><U108/><E108/><V111/><F111/><W101/><G35/><AGARI ba="1,1" hai="8,12,16,27,29,35,56,62,66,77,81,85,93,95" machi="35" ten="30,11600,0" yaku="1,1,7,1,54,1,53,1" doraHai="45" doraHaiUra="55" who="0" fromWho="3" sc="279,129,237,0,237,0,237,-119" /><INIT seed="0,2,0,1,0,129" ten="408,237,237,118" oya="0" hai0="99,11,51,102,22,37,21,127,15,18,122,71,36" hai1="30,84,26,47,117,100,87,44,123,2,124,20,120" hai2="119,83,70,49,54,68,92,134,86,13,6,16,91" hai3="101,46,24,106,115,40,72,3,128,52,121,85,114"/><T58/><D122/><U27/><E2/><V56/><F6/><W31/><G72/><T61/><D127/><U35/><E117/><V88/><F119/><W69/><G69/><T104/><D51/><U42/><E124/><V12/><F12/><W45/><G3/><T133/><D133/><U95/><E44/><V118/><F118/><W105/><G121/><T73/><D73/><U98/><E123/><V32/><F32/><W1/><G1/><T43/><D71/><U39/><REACH who="1" step="1"/><E120/><REACH who="1" ten="408,227,237,118" step="2"/><V94/><F134/><W78/><G46/><T132/><D132/><U80/><E80/><V48/><F83/><W76/><G45/><T53/><REACH who="0" step="1"/><D43/><REACH who="0" ten="398,227,237,118" step="2"/><U41/><E41/><V67/><F48/><W50/><G50/><T75/><D75/><U57/><E57/><V126/><F126/><W38/><G40/><T33/><D33/><U90/><E90/><V130/><F130/><W103/><G128/><T28/><D28/><AGARI ba="2,2" hai="20,26,27,28,30,35,39,42,47,84,87,95,98,100" machi="28" ten="30,3900,0" yaku="1,1,7,1,53,1" doraHai="129" doraHaiUra="29" who="1" fromWho="0" sc="398,-45,227,65,237,0,118,0" /><INIT seed="1,0,0,0,1,100" ten="353,292,237,118" oya="1" hai0="0,9,12,93,128,134,112,19,103,72,65,117,111" hai1="107,23,14,28,53,130,85,30,27,32,24,74,114" hai2="78,88,42,135,46,31,94,13,22,10,25,61,70" hai3="121,21,47,92,124,131,45,1,115,51,16,123,3"/><U81/><E114/><V55/><F135/><W116/><G115/><T77/><D112/><U104/><E130/><V48/><F78/><W17/><G131/><T91/><D117/><U71/><E74/><V57/><F70/><W60/><G124/><T106/><D128/><U11/><E71/><V80/><F80/><W8/><G116/><T133/><D111/><U98/><E98/><V18/><REACH who="2" step="1"/><F94/><REACH who="2" ten="353,292,227,118" step="2"/><W95/><G8/><T66/><D77/><U15/><E11/><V54/><F54/><W59/><G95/><T87/><D72/><U63/><E53/><V62/><F62/><W79/><G92/><T90/><D106/><U64/><E63/><V2/><F2/><W110/><G79/><T7/><D133/><U105/><REACH who="1" step="1"/><E64/><REACH who="1" ten="353,282,227,118" step="2"/><V89/><AGARI ba="0,2" hai="10,13,18,22,25,31,42,46,48,55,57,61,88,89" machi="89" ten="30,8000,1" yaku="1,1,0,1,8,1,54,1,53,1" doraHai="100" doraHaiUra="26" who="2" fromWho="2" sc="353,-20,282,-40,227,100,118,-20" /><INIT seed="2,0,0,1,5,47" ten="333,242,327,98" oya="2" hai0="9,27,67,41,69,110,79,18,10,119,64,39,132" hai1="127,15,44,101,105,26,68,90,102,16,53,21,59" hai2="111,5,55,75,123,81,0,54,131,50,98,14,72" hai3="74,126,96,60,17,82,92,121,91,120,93,63,6"/><V114/><F123/><W73/><G6/><T106/><D110/><U113/><E127/><V86/><F0/><W49/><G126/><T77/><D132/><U43/><E113/><V42/><F114/><W117/><G117/><T109/><D109/><U35/><E68/><V100/><F111/><W97/><G17/><T19/><D106/><U40/><E40/><V124/><F124/><W45/><G60/><T33/><D119/><U118/><E118/><V57/><F131/><W103/><G63/><T29/><D41/><U65/><E65/><V76/><F55/><W133/><G133/><T46/><D39/><U48/><E90/><V3/><F3/><W8/><G8/><T23/><D46/><U99/><E102/><V61/><F61/><W122/><REACH who="3" step="1"/><G82/><REACH who="3" ten="333,242,327,88" step="2"/><T130/><D130/><U24/><REACH who="1" step="1"/><E35/><REACH who="1" ten="333,232,327,88" step="2"/><V128/><F128/><W116/><G116/><T28/><D33/><U87/><E87/><V36/><F75/><W108/><G108/><T85/><D69/><U84/><E84/><V56/><F72/><W83/><G83/><T78/><D85/><U115/><E115/><V25/><F86/><W134/><G134/><T7/><D67/><U88/><E88/><V30/><F81/><W95/><G95/><T112/><D64/><U34/><E34/><V66/><F66/><W94/><G94/><T52/><D112/><U70/><E70/><V71/><F71/><W22/><G22/><T38/><D23/><U12/><E12/><V2/><F14/><W51/><G51/><AGARI ba="0,2" hai="15,16,21,24,26,43,44,48,51,53,59,99,101,105" machi="51" ten="30,8000,1" yaku="1,1,7,1,52,2,54,1,53,0" doraHai="47" doraHaiUra="107" who="1" fromWho="3" sc="333,0,232,100,327,0,88,-80" /><INIT seed="3,0,0,4,5,63" ten="333,332,327,8" oya="3" hai0="17,36,118,53,13,134,101,61,57,132,15,58,84" hai1="104,131,116,130,4,77,103,14,119,31,105,76,80" hai2="121,91,67,12,113,129,82,117,47,87,46,123,120" hai3="22,85,21,89,115,78,3,109,23,2,128,59,9"/><W48/><G115/><T8/><D118/><U65/><E31/><V94/><F117/><N who="1" m="45129" /><E14/><V114/><F67/><W11/><G78/><N who="1" m="30314" /><E4/><V52/><F129/><N who="1" m="49161" /><E80/><V102/><F12/><W19/><G128/><T20/><D36/><U83/><E83/><V55/><F82/><N who="3" m="49335" /><G2/><T99/><D84/><U126/><E126/><V71/><F71/><W69/><G69/><T98/><D58/><U97/><E65/><V72/><F72/><W107/><G107/><AGARI ba="0,0" hai="97,103,104,105,107" m="49161,30314,45129" machi="107" ten="40,8000,1" yaku="12,1,19,1,34,2" doraHai="63" who="1" fromWho="3" sc="333,0,332,80,327,0,8,-80" owari="333,13.0,412,51.0,327,-7.0,-72,-57.0" /></mjloggm>