<mjloggm ver="2.3"><GO type="169" lobby="0"/><UN n0="%E7%B7%B4%E7%BF%92%E5%B7%A1%E6%B4%8B%E8%89%A6" n1="%E3%82%B9%E3%83%BC%E3%83%8B" n2="%64%61%6D%64%61%6D" n3="%E3%82%A6%E3%83%AB%E3%83%88%E3%83%A9%E7%AB%8B%E7%9B%B4" dan="16,17,16,17" rate="2029.52,2161.64,2041.19,2056.71" sx="M,M,M,M"/><TAIKYOKU oya="0"/><INIT seed="0,0,0,5,4,22" ten="250,250,250,250" oya="0" hai0="69,15,72,54,124,29,103,91,128,34,79,102,39" hai1="61,26,109,77,96,13,14,133,106,122,24,58,95" hai2="56,20,76,37,105,4,125,112,130,30,68,59,121" hai3="84,134,67,87,47,35,118,51,101,107,17,82,74"/><T33/><D39/><U78/><E106/><V45/><F121/><W19/><G118/><T38/><D38/><U0/><E0/><V85/><F68/><W113/><G113/><T3/><D91/><N who="1" m="55423" /><E109/><V64/><F112/><W114/><G74/><T57/><D69/><U53/><E133/><V28/><F105/><W71/><G134/><T50/><D3/><U132/><E132/><V65/><F4/><W73/><G73/><T123/><D34/><U116/><E116/><V1/><F1/><W119/><G119/><T31/><D31/><U131/><E131/><V23/><F130/><W27/><G87/><T127/><D123/><U83/><E122/><V111/><F37/><W5/><G5/><T43/><D43/><U94/><E94/><V41/><F85/><W12/><G114/><T55/><D128/><U10/><E83/><V75/><F75/><W108/><G101/><T11/><D72/><U66/><E66/><V89/><F89/><W88/><G107/><T9/><D79/><N who="1" m="30219" /><E14/><V100/><F100/><W117/><G117/><T97/><D15/><U42/><E42/><V129/><F129/><W6/><G108/><T99/><D103/><U90/><E90/><V36/><F41/><W32/><G32/><T92/><D33/><U7/><AGARI ba="0,0" hai="7,10,13,24,26,53,58,61" m="30219,55423" machi="7" ten="30,4000,0" yaku="8,1,52,2" doraHai="22" who="1" fromWho="1" sc="250,-20,250,40,250,-10,250,-10" /><INIT seed="1,0,0,2,5,46" ten="230,290,240,240" oya="1" hai0="25,113,80,29,123,109,36,63,65,132,38,64,114" hai1="133,121,15,45,135,12,49,70,95,72,107,122,43" hai2="61,10,44,19,9,4,17,68,87,39,110,101,14" hai3="93,120,128,50,56,129,83,8,54,57,92,130,82"/><U60/><E107/><V99/><F110/><W118/><G120/><T91/><D109/><U125/><E72/><V96/><F87/><W98/><G118/><T90/><D123/><N who="1" m="47115" /><E95/><V58/><F68/><W6/><G57/><T26/><D80/><U35/><E35/><V112/><F112/><W40/><G40/><T94/><D94/><U89/><E89/><V75/><F75/><W108/><G108/><T48/><D132/><N who="1" m="50763" /><E125/><V74/><F74/><W119/><G119/><T7/><D63/><U47/><E47/><V21/><F44/><W2/><REACH who="3" step="1"/><G93/><REACH who="3" ten="230,290,240,230" step="2"/><T76/><D113/><U24/><E70/><V42/><F58/><W85/><G85/><T52/><D114/><U1/><E60/><V53/><F61/><W134/><G134/><T103/><D65/><U77/><E43/><V115/><F42/><W28/><G28/><T116/><D64/><U117/><E117/><V86/><F86/><W105/><G105/><T27/><D29/><U13/><E45/><V18/><F115/><W59/><G59/><T124/><D116/><U41/><E41/><V127/><F99/><W73/><G73/><T97/><D97/><U69/><E69/><V67/><F67/><W126/><G126/><T20/><D124/><U100/><E100/><AGARI ba="0,1" hai="2,6,8,50,54,56,82,83,92,98,100,128,129,130" machi="100" ten="40,5200,0" yaku="1,1,19,1,52,1,53,0" doraHai="46" doraHaiUra="81" who="3" fromWho="1" sc="230,0,290,-52,240,0,230,62" /><INIT seed="2,0,0,3,3,67" ten="230,238,240,292" oya="2" hai0="54,15,88,110,35,19,68,133,36,74,55,14,0" hai1="28,2,85,97,48,134,108,9,32,43,16,70,121" hai2="45,96,6,58,11,94,125,52,38,83,44,71,23" hai3="79,114,62,113,93,124,29,42,76,73,24,8,81"/><V27/><F125/><W78/><G124/><T56/><D0/><U105/><E134/><V51/><F71/><W99/><G42/><T84/><D35/><U128/><E128/><V3/><F83/><W33/><G8/><T102/><D74/><U107/><E108/><V126/><F38/><W37/><G62/><T127/><D36/><U10/><E121/><V26/><F126/><W116/><G37/><T60/><D127/><U86/><E48/><V100/><REACH who="2" step="1"/><F27/><REACH who="2" ten="230,238,230,292" step="2"/><W59/><G116/><T17/><D68/><U103/><E70/><V18/><AGARI ba="0,1" hai="3,6,11,18,23,26,44,45,51,52,58,94,96,100" machi="18" ten="20,12000,1" yaku="1,1,2,1,0,1,7,1,54,1,53,0" doraHai="67" doraHaiUra="39" who="2" fromWho="2" sc="230,-40,238,-40,230,130,292,-40" /><INIT seed="2,1,0,3,3,53" ten="190,198,360,252" oya="2" hai0="32,77,65,66,107,4,126,33,102,50,64,8,90" hai1="111,92,109,110,100,73,45,130,123,85,2,118,13" hai2="22,57,30,104,9,14,105,133,87,86,58,62,35" hai3="52,117,80,120,121,47,63,83,1,106,16,40,131"/><V91/><F133/><W67/><G1/><T56/><D126/><U82/><E2/><V116/><F35/><W10/><G106/><T94/><D77/><N who="1" m="44335" /><E13/><V49/><F116/><W29/><G29/><T96/><D50/><U38/><E38/><V27/><F49/><W48/><G117/><T20/><D20/><U26/><E45/><V124/><F124/><W0/><G131/><T113/><D113/><U24/><E118/><V101/><F101/><W115/><G115/><T34/><D4/><U39/><E39/><V18/><F87/><W21/><G83/><T98/><REACH who="0" step="1"/><D8/><REACH who="0" ten="180,198,360,252" step="2"/><U60/><E130/><V41/><F9/><W112/><G112/><T31/><D31/><U6/><E6/><V81/><F30/><W61/><G121/><T132/><D132/><U7/><E7/><V44/><F22/><W134/><G120/><T128/><D128/><U15/><E123/><V122/><F122/><W42/><G134/><T74/><D74/><U69/><E109/><V43/><F18/><W25/><G10/><T125/><D125/><U17/><E111/><V71/><F62/><AGARI ba="1,1" hai="32,33,34,56,62,64,65,66,90,94,96,98,102,107" machi="62" ten="40,2600,0" yaku="1,1,52,1,53,0" doraHai="53" doraHaiUra="70" who="0" fromWho="2" sc="180,39,198,0,360,-29,252,0" /><INIT seed="3,0,0,4,3,47" ten="219,198,331,252" oya="3" hai0="63,135,1,50,101,72,32,114,130,6,19,83,58" hai1="14,56,92,103,81,33,70,93,12,97,25,102,68" hai2="11,7,132,0,37,15,87,66,86,73,133,51,107" hai3="85,121,60,61,119,67,10,95,120,48,57,112,31"/><W117/><G112/><T134/><D32/><U22/><E33/><V110/><F73/><W43/><G31/><T109/><D114/><U96/><E68/><V116/><F37/><W128/><G128/><T29/><D29/><U30/><E70/><V42/><F116/><W78/><G119/><T53/><D109/><U24/><E24/><V90/><F107/><W100/><G117/><T75/><D130/><U9/><E81/><V89/><F110/><W111/><G111/><T20/><D101/><U98/><E98/><V94/><F66/><W77/><G61/><T8/><D63/><U62/><REACH who="1" step="1"/><E9/><REACH who="1" ten="219,188,331,252" step="2"/><V59/><F133/><N who="0" m="50698" /><D83/><U115/><E115/><V45/><F132/><W127/><G120/><T35/><D35/><U18/><E18/><V27/><F27/><AGARI ba="0,1" hai="1,6,8,19,20,27,50,53,58,72,75" m="50698" machi="27" ten="30,2000,0" yaku="20,1,52,1" doraHai="47" who="0" fromWho="2" sc="219,30,188,0,331,-20,252,0" /><INIT seed="4,0,0,5,4,36" ten="249,188,311,252" oya="0" hai0="111,70,43,23,123,60,132,99,101,39,126,64,61" hai1="105,69,135,115,19,12,1,113,74,68,49,129,103" hai2="76,122,77,44,72,25,8,30,114,82,78,38,3" hai3="95,5,57,10,16,22,85,66,87,48,18,37,92"/><T117/><D123/><U34/><E74/><V71/><F122/><W119/><G37/><T6/><D117/><U46/><E1/><V128/><F71/><W53/><G66/><T116/><D116/><U102/><E34/><V127/><F114/><N who="1" m="43529" /><E135/><V130/><F127/><W120/><G120/><T14/><D132/><U4/><E4/><N who="2" m="1055" /><F78/><W134/><G134/><T94/><D126/><U96/><E103/><V32/><F77/><W110/><G110/><T0/><D111/><U86/><E86/><V104/><F104/><W47/><G87/><T67/><D0/><U84/><E84/><V107/><F107/><W97/><G85/><T2/><D2/><U54/><E129/><V131/><F131/><W52/><G119/><T81/><D81/><U51/><E51/><V124/><F124/><W7/><G10/><AGARI ba="0,0" hai="10,12,19,46,49,54,68,69,96,102,105" m="43529" machi="10" ten="30,2000,0" yaku="15,1,11,1" doraHai="36" who="1" fromWho="3" sc="249,0,188,20,311,0,252,-20" /><INIT seed="5,0,0,2,0,106" ten="249,208,311,232" oya="1" hai0="31,27,47,103,119,48,87,84,78,85,101,68,95" hai1="57,131,72,18,9,74,69,67,83,135,76,16,124" hai2="11,62,14,12,8,96,42,21,44,129,17,77,86" hai3="79,33,3,61,107,35,24,73,113,49,97,91,128"/><U60/><E74/><V51/><F129/><W15/><G3/><T110/><D68/><U50/><E131/><V43/><F96/><W30/><G35/><T99/><D110/><U41/><E135/><V81/><F62/><W109/><G109/><T13/><D119/><U2/><E124/><V117/><F117/><W52/><G128/><T28/><D78/><U118/><E118/><V55/><REACH who="2" step="1"/><F21/><REACH who="2" ten="249,208,301,232" step="2"/><W130/><G61/><T23/><D99/><U1/><E69/><V134/><F134/><W37/><G97/><T39/><D23/><U75/><E60/><V125/><F125/><W7/><G130/><T63/><D63/><U104/><E104/><V82/><F82/><W102/><G107/><T65/><D65/><U116/><E67/><V92/><F92/><W20/><G20/><T123/><D95/><U64/><E64/><V32/><F32/><W56/><G33/><T4/><D103/><U40/><E83/><V115/><F115/><W71/><G102/><T58/><D101/><U54/><E116/><V88/><F88/><W100/><G91/><T133/><D133/><U112/><E112/><V38/><F38/><W94/><G37/><T132/><D39/><U66/><E66/><V59/><F59/><W5/><G71/><T36/><D58/><U29/><E57/><V22/><F22/><N who="3" m="15639" /><G94/><T53/><D36/><U26/><E50/><V80/><F80/><N who="3" m="45167" /><G100/><T120/><D132/><U0/><E76/><V114/><F114/><W45/><G113/><T89/><D89/><U105/><E105/><V98/><F98/><W93/><G56/><T19/><D48/><RYUUKYOKU ba="0,1" sc="249,-10,208,-10,301,30,232,-10" hai2="8,11,12,14,17,42,43,44,51,55,77,81,86" /><INIT seed="6,1,1,1,0,125" ten="239,198,331,222" oya="2" hai0="29,20,52,97,21,116,58,1,27,64,99,6,23" hai1="5,17,120,51,105,119,4,114,56,16,86,100,65" hai2="63,89,128,82,73,78,101,132,0,91,129,39,80" hai3="41,113,36,75,26,130,77,81,2,118,42,67,127"/><V135/><F39/><W49/><G118/><T121/><D121/><U28/><E119/><V12/><F0/><W8/><G49/><T112/><D116/><U88/><E105/><V115/><F115/><W124/><G42/><T85/><D64/><U69/><E69/><V93/><F12/><W40/><G40/><T48/><D112/><U134/><E114/><V102/><F63/><W98/><G26/><T107/><D107/><U62/><E100/><N who="2" m="38507" /><F82/><W111/><G98/><T50/><D50/><U3/><E3/><V22/><F22/><N who="0" m="8810" /><D1/><U131/><E120/><V30/><F30/><W60/><G113/><T55/><D6/><N who="1" m="2667" /><E134/><N who="2" m="51243" /><F91/><W61/><G2/><T19/><D29/><U14/><E28/><V9/><F9/><W133/><G133/><T72/><D99/><AGARI ba="1,1" hai="73,78,80,89,93,99,128,129" m="51243,38507" machi="99" ten="30,12000,1" yaku="20,1,34,2,52,2" doraHai="125" who="2" fromWho="0" sc="239,-123,198,0,331,133,222,0" /><INIT seed="6,2,0,5,3,58" ten="116,198,464,222" oya="2" hai0="50,16,53,104,126,129,88,80,37,59,48,47,63" hai1="66,42,121,21,72,125,103,122,131,119,97,127,99" hai2="71,133,100,78,28,84,45,62,26,90,70,98,120" hai3="108,134,46,56,13,20,135,115,61,65,64,95,55"/><V12/><F120/><N who="1" m="46185" /><E42/><V43/><F78/><W111/><G95/><T49/><D104/><N who="1" m="63599" /><E66/><N who="3" m="25706" /><G13/><T11/><D126/><N who="1" m="48139" /><E21/><V101/><F12/><W77/><G20/><T89/><D129/><U117/><E131/><V67/><F43/><W124/><G124/><T6/><D37/><U23/><E23/><V54/><F54/><W34/><G34/><T9/><D6/><U35/><E35/><V57/><F45/><W112/><G46/><T19/><D47/><U96/><E72/><V130/><F130/><W52/><G55/><T113/><D113/><N who="3" m="43593" /><G77/><T92/><D80/><U123/><E123/><V24/><F24/><W51/><G51/><N who="0" m="13059" /><T38/><DORA hai="106" /><D38/><U18/><E18/><N who="0" m="6697" /><D89/><U41/><E41/><V75/><F90/><W39/><G39/><T32/><D32/><U79/><E79/><V118/><F75/><W4/><G4/><T14/><D14/><U22/><E22/><V33/><F33/><W2/><G2/><T86/><AGARI ba="2,0" hai="9,11,53,59,63,86,88,92" m="6697,13059" machi="86" ten="40,8000,1" yaku="8,1,52,1,54,2" doraHai="58,106" who="0" fromWho="0" sc="116,86,198,-22,464,-42,222,-22" /><INIT seed="7,0,0,1,5,123" ten="202,176,422,200" oya="3" hai0="44,25,93,2,97,124,14,38,98,77,110,46,115" hai1="4,11,105,112,58,95,130,55,17,24,90,106,120" hai2="129,5,18,61,22,37,132,119,27,60,62,94,63" hai3="128,65,108,45,10,59,81,32,12,19,3,92,56"/><W72/><G32/><T67/><D2/><U0/><E112/><V48/><F119/><W16/><G3/><T39/><D67/><U52/><E130/><V100/><F37/><W84/><G128/><T75/><D25/><U66/><E120/><V91/><F129/><W117/><G117/><T113/><D124/><U57/><E66/><V133/><F100/><W1/><G1/><T43/><D110/><U36/><E36/><V6/><F63/><W71/><G72/><T8/><D77/><U35/><E57/><V107/><F48/><W40/><G92/><T41/><D75/><U69/><E69/><V29/><F29/><W89/><G108/><T76/><D76/><U131/><E131/><V103/><F103/><W114/><G114/><N who="0" m="43531" /><D93/><U23/><E35/><V30/><F30/><W53/><G65/><T42/><D43/><U73/><E73/><V34/><F34/><W70/><G40/><T78/><D78/><U88/><E55/><V109/><F109/><W99/><G70/><T49/><D39/><U83/><E83/><V80/><F80/><W101/><G71/><T111/><D111/><U7/><E7/><AGARI ba="0,0" hai="7,8,14,38,41,42,44,46,49,97,98" m="43531" machi="7" ten="30,2000,0" yaku="15,1,11,1" doraHai="123" who="0" fromWho="1" sc="202,20,176,-20,422,0,200,0" owari="222,2.0,156,-34.0,422,52.0,200,-20.0" /></mjloggm>