<mjloggm ver="2.3"><GO type="97" lobby="0"/><UN n0="%E3%82%B2%E3%82%AA%E3%83%AB%E3%82%B2%E3%83%8F%E3%82%B8%39%34" n1="%4E%6F%61%6B%61%67%69" n2="%E3%82%A6%E3%83%AB%E3%83%88%E3%83%A9%E7%AB%8B%E7%9B%B4" n3="%43%46%76%E5%91%86%E5%91%86" dan="15,14,15,15" rate="2058.97,1893.23,2022.57,1981.35" sx="M,M,M,F"/><TAIKYOKU oya="0"/><INIT seed="0,0,0,5,4,28" ten="250,250,250,250" oya="0" hai0="57,68,110,42,94,115,40,95,118,92,93,44,27" hai1="29,121,130,134,88,78,91,65,32,73,22,108,56" hai2="25,30,53,122,116,80,15,117,112,86,72,107,4" hai3="58,70,8,119,41,1,31,50,38,20,123,11,45"/><T21/><D68/><U77/><E121/><V69/><F107/><W82/><G119/><N who="2" m="45641" /><F69/><W74/><G70/><T60/><D118/><U111/><E134/><V105/><F105/><W55/><G1/><T132/><D115/><U9/><E130/><V39/><F39/><W113/><G123/><T36/><D132/><U5/><E22/><V120/><F72/><W101/><G113/><T26/><D110/><N who="1" m="42027" /><E56/><V2/><F2/><W3/><G3/><T133/><D133/><U37/><E65/><V67/><F67/><W99/><G20/><T84/><D42/><U104/><E37/><V19/><F4/><W87/><G31/><T71/><D71/><U33/><E104/><V79/><F53/><W100/><G74/><T59/><D27/><N who="1" m="18495" /><E33/><N who="2" m="20687" /><F112/><W7/><G7/><T83/><N who="0" m="23552" /><DORA hai="64" /><T124/><D124/><U75/><E75/><V96/><F96/><W128/><G128/><T109/><D109/><U51/><E51/><V0/><F0/><W129/><G129/><T102/><D102/><U23/><E23/><AGARI ba="0,0" hai="15,19,23,79,80,86,120,122" m="20687,45641" machi="23" ten="30,2000,0" yaku="12,1,52,1" doraHai="28,64" who="2" fromWho="1" sc="250,0,250,-20,250,20,250,0" /><INIT seed="1,0,0,1,1,119" ten="250,230,270,250" oya="1" hai0="50,34,46,110,1,91,115,11,123,105,107,77,85" hai1="21,121,2,118,15,106,88,108,111,116,109,120,25" hai2="6,81,41,26,67,135,56,5,24,23,128,36,95" hai3="101,74,75,76,134,12,133,100,71,49,0,126,51"/><U84/><E106/><V122/><F36/><W130/><G0/><T96/><D34/><U99/><E99/><V3/><F41/><W98/><G71/><T83/><D115/><U73/><E73/><V80/><F3/><W127/><G12/><T55/><D110/><U44/><E44/><V60/><F128/><W18/><G18/><T17/><D123/><N who="1" m="47179" /><E15/><V87/><F135/><N who="3" m="51723" /><G130/><T117/><D117/><U58/><E58/><V10/><F122/><W47/><G51/><T68/><D68/><U102/><E102/><N who="3" m="39530" /><G98/><T94/><REACH who="0" step="1"/><D17/><REACH who="0" ten="240,230,270,250" step="2"/><N who="1" m="12463" /><E2/><V61/><F56/><W9/><G126/><T37/><D37/><U27/><E27/><V66/><F26/><W113/><G127/><T7/><AGARI ba="0,1" hai="1,7,11,46,50,55,77,83,85,91,94,96,105,107" machi="7" ten="30,4000,0" yaku="1,1,0,1,53,1" doraHai="119" doraHaiUra="32" who="0" fromWho="0" sc="240,50,230,-20,270,-10,250,-10" /><INIT seed="2,0,0,4,5,53" ten="290,210,260,240" oya="2" hai0="57,40,106,51,69,80,85,28,17,16,89,133,44" hai1="111,64,73,114,37,41,49,79,27,94,70,54,86" hai2="91,107,13,2,131,113,110,118,6,12,130,35,34" hai3="132,39,77,38,129,95,67,20,84,42,23,100,134"/><V47/><F107/><W125/><G67/><T82/><D69/><U127/><E114/><V109/><F47/><W56/><G39/><T72/><D106/><U63/><E127/><V55/><F91/><W9/><G125/><T97/><D133/><N who="3" m="51305" /><G42/><T26/><D97/><U24/><E111/><N who="2" m="42507" /><F55/><W19/><G38/><T45/><D45/><U32/><E73/><V102/><F102/><W14/><G129/><N who="2" m="49161" /><F113/><W62/><G100/><T121/><D121/><U112/><E112/><V78/><F78/><W50/><G50/><T119/><D119/><U122/><E122/><V90/><F90/><N who="3" m="53703" /><G77/><T126/><D126/><U22/><E79/><V75/><F75/><W96/><G96/><T93/><D72/><U104/><E104/><V101/><F101/><W61/><G56/><T135/><D135/><U31/><E37/><V65/><F65/><W87/><G87/><T115/><D115/><U21/><E41/><V43/><F43/><W33/><G62/><T3/><D57/><U1/><E1/><V36/><F36/><W105/><G61/><T0/><D82/><U117/><E117/><V10/><F118/><W99/><G105/><T58/><D58/><U60/><E60/><V7/><F2/><N who="0" m="554" /><D80/><U103/><E103/><V4/><F10/><W68/><G99/><T116/><D116/><U128/><E128/><V81/><F81/><W25/><G68/><T46/><D46/><N who="1" m="27959" /><E86/><V123/><F123/><W5/><G33/><AGARI ba="0,0" hai="4,6,7,12,13,33,34,35" m="49161,42507" machi="33" ten="40,18000,2" yaku="28,2,14,1,10,1,19,1,34,2" doraHai="53" who="2" fromWho="3" sc="290,0,210,0,260,180,240,-180" /><INIT seed="2,1,0,2,3,109" ten="290,210,440,60" oya="2" hai0="104,51,2,112,65,60,91,32,75,38,36,85,31" hai1="69,84,39,30,4,73,62,57,131,18,125,48,53" hai2="97,76,29,135,7,98,124,134,42,122,71,12,88" hai3="106,96,101,83,47,9,90,35,44,13,130,132,100"/><V103/><F71/><W77/><G35/><T133/><D75/><U61/><E73/><V79/><F42/><W26/><G130/><T119/><D2/><U59/><E131/><V58/><F29/><W11/><G132/><N who="2" m="50729" /><F58/><W46/><G100/><T34/><D104/><U6/><E125/><V66/><F66/><W116/><G116/><T129/><D119/><U80/><E30/><V28/><F28/><W3/><G90/><T50/><D129/><U40/><E18/><V8/><F122/><W117/><G117/><T67/><D133/><U110/><E110/><V37/><F37/><W107/><G3/><T121/><D121/><U14/><E14/><V95/><F124/><W24/><G107/><AGARI ba="1,0" hai="7,8,12,76,79,88,95,97,98,103,107" m="50729" machi="107" ten="30,2900,0" yaku="20,1,54,1" doraHai="109" who="2" fromWho="3" sc="290,0,210,0,440,32,60,-32" /><INIT seed="2,2,0,1,3,42" ten="290,210,472,28" oya="2" hai0="133,28,64,8,69,96,38,119,101,132,9,135,22" hai1="117,78,13,102,123,92,53,130,114,41,24,125,67" hai2="73,45,61,124,3,23,104,6,110,94,99,20,121" hai3="12,50,127,66,128,120,32,19,87,56,46,90,75"/><V30/><F73/><W60/><G120/><T129/><D38/><U2/><E13/><V47/><F104/><W27/><G127/><T113/><D113/><U109/><E24/><V116/><F116/><W83/><G128/><T85/><D129/><U21/><E53/><V31/><F121/><W112/><G112/><T91/><D119/><U81/><E21/><N who="2" m="8267" /><F3/><W1/><G1/><T34/><D34/><U122/><E67/><V82/><F110/><W11/><G75/><T63/><D28/><N who="2" m="10794" /><F124/><W15/><G32/><T134/><N who="0" m="33792" /><DORA hai="105" /><T103/><D22/><U93/><E2/><V62/><F82/><W17/><G27/><T33/><D33/><U100/><E81/><V86/><F86/><W55/><REACH who="3" step="1"/><G12/><REACH who="3" ten="290,210,472,18" step="2"/><T26/><D26/><U29/><E125/><V39/><F39/><W10/><G10/><T49/><D8/><U76/><E130/><V59/><F6/><W74/><G74/><T16/><D9/><U79/><E114/><V52/><F62/><W88/><G88/><AGARI ba="2,1" hai="45,47,52,59,61,88,94,99" m="10794,8267" machi="88" ten="30,12000,1" yaku="8,1,52,2,54,2" doraHai="42,105" who="2" fromWho="3" sc="290,0,210,0,472,136,18,-126" owari="290,9.0,210,-19.0,608,71.0,-108,-61.0" /></mjloggm>