<mjloggm ver="2.3"><GO type="41" lobby="0"/><UN n0="%E3%83%A9%E3%83%B3%E3%82%AB%E3%83%A9%E3%83%B3%E3%82%AB" n1="%E3%81%9F%E3%82%8D%E3%81%98" n2="%E3%82%A6%E3%83%AB%E3%83%88%E3%83%A9%E7%AB%8B%E7%9B%B4" n3="%E8%A6%AA%E4%B8%8D%E5%AD%9D%E3%82%81%21%21" dan="14,14,16,13" rate="1909.27,1852.82,2053.70,1922.71" sx="F,M,M,M"/><TAIKYOKU oya="0"/><INIT seed="0,0,0,2,5,20" ten="250,250,250,250" oya="0" hai0="84,74,50,115,7,106,61,29,123,103,10,44,120" hai1="43,2,128,98,125,73,67,55,54,114,129,102,78" hai2="28,38,42,124,132,63,119,85,86,113,1,23,69" hai3="70,30,82,34,77,131,76,121,11,79,45,31,71"/><T5/><D115/><U81/><E2/><V87/><F1/><W26/><G31/><T37/><D37/><U101/><E114/><V3/><F3/><W109/><G109/><T116/><D116/><U134/><E43/><V93/><F113/><W118/><G118/><T107/><D74/><U51/><E67/><V80/><F42/><W60/><G131/><N who="1" m="50250" /><E125/><V33/><F38/><W122/><G82/><T4/><D10/><U21/><E134/><V59/><F33/><W111/><G111/><T25/><D61/><U19/><E51/><V56/><F69/><W48/><G11/><T92/><D120/><N who="3" m="46185" /><G60/><T110/><D110/><U117/><E117/><V47/><F63/><W35/><G35/><T66/><D66/><U0/><E0/><V90/><F119/><W126/><G126/><T135/><D135/><U53/><E98/><V133/><F124/><W32/><G32/><T64/><D64/><U83/><E83/><V75/><F80/><W100/><G100/><T40/><D123/><U18/><E18/><V57/><F132/><W24/><G24/><AGARI ba="0,0" hai="19,21,24,53,54,55,73,78,81,101,102" m="50250" machi="24" ten="30,2000,0" yaku="19,1,52,1" doraHai="20" who="1" fromWho="3" sc="250,0,250,20,250,0,250,-20" /><INIT seed="1,0,0,5,1,77" ten="250,270,250,230" oya="1" hai0="132,85,36,54,13,50,15,31,91,117,49,113,71" hai1="39,72,8,133,17,121,67,87,57,38,111,34,86" hai2="47,19,127,61,135,112,48,11,102,69,37,20,114" hai3="66,46,12,25,119,80,45,52,130,129,30,43,62"/><U110/><E121/><V98/><F37/><W83/><G119/><T10/><D113/><U68/><E68/><V51/><F127/><W64/><G12/><T7/><D36/><U42/><E34/><V14/><F135/><W22/><G43/><T126/><D117/><U33/><E33/><V24/><F61/><W106/><G106/><T100/><D132/><U3/><E133/><V2/><F69/><W108/><G108/><N who="1" m="41514" /><E72/><V89/><F2/><W0/><G0/><T97/><D126/><U9/><E39/><V16/><F89/><W1/><G1/><T18/><D71/><U81/><E87/><V123/><F123/><W116/><G116/><T56/><D31/><U21/><E3/><V99/><F99/><W29/><G62/><T70/><D70/><U103/><E42/><V5/><F112/><W92/><G92/><T27/><D27/><U32/><E32/><V84/><F84/><W94/><G94/><T26/><D26/><N who="1" m="14639" /><E38/><V104/><F114/><W93/><G93/><T6/><D15/><U28/><E28/><V35/><F35/><W44/><G30/><T88/><D50/><U105/><E105/><V128/><F51/><W73/><G73/><T107/><D91/><N who="1" m="51663" /><E103/><V40/><REACH who="2" step="1"/><F128/><REACH who="2" ten="250,270,240,230" step="2"/><N who="3" m="49259" /><G52/><T109/><REACH who="0" step="1"/><D109/><REACH who="0" ten="240,270,240,230" step="2"/><U124/><E124/><V120/><F120/><W23/><G23/><T101/><D101/><U4/><E8/><V53/><F53/><W82/><AGARI ba="0,2" hai="22,25,29,44,45,46,64,66,80,82,83" m="49259" machi="82" ten="40,8000,1" yaku="19,1,52,3" doraHai="77" who="3" fromWho="3" sc="240,-20,270,-40,240,-20,230,100" /><INIT seed="2,0,0,0,0,7" ten="220,230,220,330" oya="2" hai0="116,101,120,65,129,1,96,16,132,21,99,86,40" hai1="39,31,13,3,81,130,11,119,113,10,102,122,25" hai2="59,58,14,60,22,36,42,2,134,53,93,32,85" hai3="23,64,95,29,112,8,68,114,61,131,38,20,30"/><V50/><F32/><W67/><G38/><T127/><D120/><U109/><E119/><V44/><F2/><W43/><G43/><T62/><D127/><U63/><E113/><N who="3" m="43626" /><G131/><T49/><D129/><U46/><E130/><V66/><F134/><W45/><G45/><T24/><D132/><U75/><E122/><V37/><F85/><W84/><G67/><T9/><D116/><U104/><E63/><N who="2" m="38263" /><F93/><W74/><G74/><T133/><D133/><U70/><E70/><V88/><F88/><N who="3" m="53639" /><G8/><T80/><D101/><U79/><E39/><N who="2" m="14923" /><F22/><AGARI ba="0,0" hai="20,22,23,29,30,61,64,68" m="53639,43626" machi="22" ten="30,2000,0" yaku="11,1,54,1" doraHai="7" who="3" fromWho="2" sc="220,0,230,0,220,-20,330,20" /><INIT seed="3,0,0,4,3,135" ten="220,230,200,350" oya="3" hai0="81,105,110,116,83,96,26,68,49,131,9,74,7" hai1="35,77,36,20,89,71,67,6,72,90,73,62,64" hai2="107,34,21,8,86,37,53,100,123,111,31,51,99" hai3="122,106,57,2,130,19,112,88,54,30,97,38,3"/><W17/><G112/><T16/><D116/><U39/><E35/><V43/><F111/><W24/><G38/><T94/><D110/><U87/><E6/><V56/><F34/><W133/><G122/><T1/><D68/><U79/><E20/><V55/><F123/><W29/><G133/><T22/><D131/><U108/><E108/><V59/><F8/><W132/><G132/><T12/><D105/><U127/><E71/><V41/><F37/><W113/><G113/><T134/><D134/><U0/><E87/><V47/><F47/><W125/><G106/><T28/><D74/><U40/><E40/><V120/><F120/><W114/><G114/><T78/><D78/><U115/><E115/><V80/><F21/><W4/><G130/><T92/><D49/><U103/><E62/><V15/><F15/><W121/><G4/><T101/><REACH who="0" step="1"/><D94/><REACH who="0" ten="210,230,200,350" step="2"/><U85/><E73/><V98/><F107/><W60/><G121/><T32/><AGARI ba="0,1" hai="1,7,9,12,16,22,26,28,32,81,83,92,96,101" machi="32" ten="20,12000,2" yaku="1,1,2,1,0,1,7,1,24,2,54,1,53,0" doraHai="135" doraHaiUra="118" who="0" fromWho="0" sc="210,130,230,-30,200,-30,350,-60" /><INIT seed="4,0,0,1,1,86" ten="340,200,170,290" oya="0" hai0="17,46,11,122,45,117,115,75,88,10,62,5,65" hai1="23,73,126,120,132,104,96,125,22,123,85,55,70" hai2="80,133,32,20,21,84,38,13,94,74,130,19,87" hai3="68,53,100,14,76,72,112,3,66,9,40,2,111"/><T16/><D117/><U116/><E116/><V89/><F32/><W6/><G111/><T15/><D75/><U134/><E70/><V99/><F38/><W127/><G112/><T25/><D115/><U83/><E73/><V63/><F130/><W33/><G33/><T110/><D122/><U95/><E104/><V101/><F133/><N who="1" m="51305" /><E55/><V50/><F74/><W41/><G127/><N who="1" m="48650" /><E23/><V90/><F50/><W34/><G34/><T28/><D110/><U60/><E60/><V79/><F63/><W119/><G100/><T42/><D17/><U7/><E7/><V78/><REACH who="2" step="1"/><F21/><REACH who="2" ten="340,200,160,290" step="2"/><W8/><G72/><T4/><D42/><U97/><E22/><V121/><F121/><N who="1" m="46665" /><E95/><AGARI ba="0,1" hai="13,19,20,78,79,80,84,87,89,90,94,95,99,101" machi="95" ten="30,12000,2" yaku="1,1,7,1,8,1,52,2,53,1" doraHai="86" doraHaiUra="98" who="2" fromWho="1" sc="340,0,200,-120,160,130,290,0" /><INIT seed="5,0,0,1,5,10" ten="340,80,290,290" oya="1" hai0="74,105,42,101,52,58,80,112,18,30,123,134,78" hai1="133,27,124,114,100,99,31,125,37,135,46,76,2" hai2="68,0,36,115,93,103,86,73,63,54,25,59,67" hai3="39,108,120,24,130,16,11,61,9,109,116,14,56"/><U5/><E114/><V85/><F0/><W21/><G39/><T132/><D112/><U62/><E62/><V17/><F73/><W126/><G120/><T60/><D42/><N who="1" m="22863" /><E76/><V1/><F1/><W97/><G116/><T32/><D123/><U28/><E2/><V19/><F36/><W87/><G130/><T92/><D105/><N who="1" m="63647" /><E5/><V84/><F115/><W111/><G126/><N who="1" m="48746" /><E27/><V98/><REACH who="2" step="1"/><F25/><REACH who="2" ten="340,80,280,290" step="2"/><W128/><G128/><T26/><REACH who="0" step="1"/><D18/><REACH who="0" ten="330,80,280,290" step="2"/><U53/><E53/><V49/><AGARI ba="0,2" hai="17,19,49,54,59,63,67,68,84,85,86,93,98,103" machi="49" ten="30,4000,0" yaku="1,1,2,1,0,1,53,0" doraHai="10" doraHaiUra="4" who="2" fromWho="2" sc="330,-10,80,-20,280,60,290,-10" /><INIT seed="6,0,0,1,1,85" ten="320,60,340,280" oya="2" hai0="1,93,48,105,53,56,135,113,84,39,95,4,23" hai1="50,5,14,51,57,15,97,81,117,103,16,63,69" hai2="78,55,102,72,0,125,82,34,28,54,98,122,38" hai3="134,9,83,89,80,79,3,29,104,43,45,86,121"/><V129/><F122/><W124/><G121/><T62/><D39/><U87/><E117/><V40/><F125/><W120/><G120/><T92/><D113/><U114/><E69/><V59/><F129/><W61/><G124/><T37/><D37/><U10/><E114/><V94/><F28/><W74/><G134/><T25/><D25/><U2/><E2/><V58/><F34/><W60/><G104/><T44/><D135/><U7/><E7/><V70/><F70/><W67/><G29/><T77/><D23/><U100/><E100/><V115/><F115/><W96/><G96/><T65/><D105/><U126/><E126/><V19/><F0/><W76/><G67/><T108/><D108/><U90/><E97/><V46/><F19/><W127/><G127/><T18/><D18/><U91/><E103/><V64/><F64/><W133/><G133/><T66/><D66/><U11/><REACH who="1" step="1"/><E90/><REACH who="1" ten="320,50,340,280" step="2"/><V8/><F102/><W49/><G79/><T123/><D123/><U36/><E36/><V88/><F38/><W33/><REACH who="3" step="1"/><G33/><REACH who="3" ten="320,50,340,270" step="2"/><T26/><D77/><U35/><E35/><V110/><F78/><W128/><G128/><T73/><D1/><U68/><E68/><V13/><F98/><W75/><G75/><T41/><D73/><U106/><E106/><V22/><F72/><W101/><G101/><T52/><D4/><AGARI ba="0,2" hai="3,4,9,43,45,49,60,61,74,76,80,83,86,89" machi="4" ten="40,2600,0" yaku="1,1,52,1,53,0" doraHai="85" doraHaiUra="99" who="3" fromWho="0" sc="320,-26,50,0,340,0,270,46" /><INIT seed="7,0,0,1,0,59" ten="294,50,340,316" oya="3" hai0="110,68,3,32,131,31,104,120,14,103,130,6,86" hai1="74,101,38,12,124,87,27,60,55,44,88,115,18" hai2="28,69,100,96,21,36,117,121,5,33,94,51,20" hai3="63,111,72,77,97,41,128,42,70,13,30,54,134"/><W16/><G30/><T64/><D110/><U102/><E74/><V129/><F36/><W71/><G111/><T15/><D120/><U9/><E115/><V133/><F117/><W122/><G122/><T34/><D86/><U45/><E124/><V8/><F69/><W49/><G97/><N who="0" m="61551" /><D34/><U26/><E38/><V52/><F121/><W118/><G118/><T2/><D15/><U29/><E27/><V0/><F129/><N who="0" m="49162" /><D14/><U91/><E91/><V39/><F39/><W84/><G128/><T92/><D92/><U62/><E45/><V85/><F85/><W112/><G112/><T73/><D6/><U67/><E67/><V48/><F33/><W47/><G72/><T17/><D17/><U57/><E44/><V22/><F28/><W83/><G134/><T24/><D73/><U99/><E99/><V79/><F133/><W98/><G98/><T78/><D78/><U81/><REACH who="1" step="1"/><E62/><AGARI ba="0,0" hai="2,3,24,31,32,62,64,68" m="49162,61551" machi="62" ten="30,7700,0" yaku="25,1,19,1,23,1,52,1" doraHai="59" who="0" fromWho="1" sc="294,77,50,-77,340,0,316,0" owari="371,47.0,-27,-53.0,340,14.0,316,-8.0" /></mjloggm>