<mjloggm ver="2.3"><GO type="97" lobby="0"/><UN n0="%E7%A5%9E%E4%BB%A3%E5%B0%8F%E8%92%94%E2%98%85" n1="%E3%82%A6%E3%83%AB%E3%83%88%E3%83%A9%E7%AB%8B%E7%9B%B4" n2="%6B%61%6D%65%6E%61%6E%6E" n3="%E7%BE%BD%E7%94%9F%E5%85%AB%E5%86%A0" dan="14,15,14,13" rate="1936.81,2005.52,1877.75,1821.63" sx="F,M,M,M"/><TAIKYOKU oya="0"/><INIT seed="0,0,0,2,3,50" ten="250,250,250,250" oya="0" hai0="23,82,35,40,62,130,106,68,27,118,52,86,4" hai1="20,38,73,39,59,13,115,90,110,42,83,60,99" hai2="56,66,54,9,49,41,1,131,18,100,127,67,111" hai3="29,74,45,11,85,109,10,3,112,124,89,113,46"/><T95/><D118/><U25/><E110/><V32/><F111/><W43/><G109/><T64/><D106/><U55/><E115/><V2/><F32/><W70/><G74/><T44/><D35/><U120/><E120/><V103/><F131/><W36/><G70/><T37/><D130/><U114/><E114/><V8/><F127/><W21/><G124/><T28/><D95/><U14/><E39/><V75/><F75/><W17/><G29/><T121/><D4/><U22/><E42/><V98/><F100/><W6/><G11/><T5/><D5/><U87/><E38/><V77/><F77/><W129/><G46/><T119/><D119/><U88/><E73/><V79/><F79/><W0/><G0/><T93/><D93/><N who="1" m="56743" /><E22/><V47/><F1/><W97/><G97/><T57/><D121/><U122/><E122/><V58/><F2/><W78/><G78/><T81/><D86/><U126/><E126/><V26/><F8/><W135/><G135/><T128/><D128/><U94/><E94/><V48/><F58/><W69/><G69/><T84/><D84/><U125/><E125/><V61/><F61/><AGARI ba="0,0" hai="23,27,28,37,40,44,52,57,61,62,64,68,81,82" machi="61" ten="30,5800,0" yaku="7,1,52,1,54,1" doraHai="50" who="0" fromWho="2" sc="250,58,250,0,250,-58,250,0" /><INIT seed="0,1,0,1,2,63" ten="308,250,192,250" oya="0" hai0="2,30,26,135,7,117,11,89,91,5,9,38,36" hai1="74,44,33,120,107,101,62,72,118,84,0,75,114" hai2="14,132,56,42,79,19,129,49,50,133,81,80,102" hai3="99,4,12,10,134,22,95,119,18,17,39,90,115"/><T40/><D117/><U32/><E114/><V8/><F129/><W131/><G115/><T77/><D77/><U83/><E118/><V68/><F68/><W58/><G131/><T53/><D135/><N who="2" m="51786" /><F102/><W73/><G134/><T109/><D109/><U47/><E0/><V45/><F56/><W112/><G119/><T41/><D53/><U123/><E101/><V106/><F106/><W98/><G112/><T37/><D30/><U116/><E107/><V52/><F79/><W122/><G122/><T94/><D26/><U71/><E116/><V31/><F31/><W104/><G73/><T34/><D34/><U66/><E44/><V27/><F27/><W67/><G39/><T78/><D78/><U70/><E47/><V3/><F3/><W15/><G104/><T61/><D61/><N who="1" m="40271" /><E84/><V130/><F130/><W108/><G4/><T59/><D59/><U54/><E83/><N who="2" m="31819" /><F49/><W124/><G124/><T64/><D94/><U92/><E92/><V23/><F42/><W100/><G108/><T96/><D96/><U128/><E54/><V48/><F48/><W113/><G113/><T76/><D76/><U21/><E128/><V55/><F55/><W86/><G100/><T121/><D37/><U87/><E87/><V97/><F97/><W82/><G82/><T125/><D121/><U46/><E46/><V69/><F69/><W93/><G93/><T29/><D2/><U28/><E120/><V110/><F110/><W111/><G111/><T25/><D29/><U1/><E123/><V105/><F105/><W35/><G35/><T65/><D25/><N who="1" m="16431" /><E1/><V85/><F85/><RYUUKYOKU ba="1,0" sc="308,0,250,0,192,0,250,0" hai0="5,7,9,11,36,38,40,41,64,65,89,91,125" hai1="32,33,62,71,72,74,75" hai2="8,14,19,23,45,50,52" hai3="10,12,15,17,18,22,58,67,86,90,95,98,99" /><INIT seed="0,2,0,1,2,69" ten="308,250,192,250" oya="0" hai0="107,96,67,129,15,21,28,19,81,12,102,4,11" hai1="32,117,39,94,43,41,87,0,48,101,109,111,16" hai2="103,108,66,65,112,130,121,72,1,132,93,46,78" hai3="119,64,29,133,30,7,104,25,83,54,31,79,116"/><T23/><D129/><U120/><E32/><V33/><F93/><W95/><G104/><T61/><D81/><U68/><E0/><V20/><F78/><W134/><G64/><T3/><D28/><N who="3" m="10857" /><G95/><T18/><D67/><U24/><E68/><V10/><F46/><W56/><G7/><T9/><D61/><U36/><E117/><N who="3" m="45130" /><G25/><T62/><D62/><U38/><E120/><V57/><F103/><W77/><N who="3" m="10865" /><W118/><N who="3" m="45138" /><DORA hai="14" /><W82/><DORA hai="76" /><G54/><T37/><REACH who="0" step="1"/><D37/><REACH who="0" ten="298,250,192,250" step="2"/><U97/><E48/><V131/><F66/><W47/><G47/><T106/><D106/><U115/><E39/><V75/><F65/><W58/><G79/><T110/><D110/><U55/><E38/><V88/><F108/><W6/><G77/><T22/><AGARI ba="2,1" hai="3,4,9,11,12,15,18,19,21,22,23,96,102,107" machi="22" ten="20,12000,1" yaku="1,1,0,1,7,1,52,2,53,0" doraHai="69,14,76" doraHaiUra="85,74,91" who="0" fromWho="0" sc="298,136,250,-42,192,-42,250,-42" /><INIT seed="0,3,0,5,4,109" ten="434,208,150,208" oya="0" hai0="53,5,66,108,95,20,134,133,45,124,23,115,94" hai1="43,49,10,58,25,96,92,113,71,47,104,27,121" hai2="132,0,86,68,4,78,34,61,118,80,84,52,15" hai3="82,17,31,22,97,91,64,46,106,126,127,119,9"/><T40/><D108/><U122/><E71/><V65/><F34/><W30/><G119/><T131/><D131/><U67/><E104/><V37/><F0/><W28/><G64/><T100/><D124/><N who="3" m="47657" /><G46/><T16/><D5/><U75/><E75/><V103/><F37/><W54/><G54/><T77/><D77/><U62/><E121/><V11/><F118/><W117/><G117/><T135/><D66/><U55/><E122/><V69/><F132/><W83/><G9/><T116/><D53/><U6/><E113/><V51/><F69/><W81/><G106/><T35/><D35/><U125/><E125/><V32/><F32/><W76/><G97/><N who="0" m="59447" /><D95/><U8/><E55/><V21/><F21/><W39/><G39/><N who="0" m="21663" /><D116/><U99/><E99/><V107/><F107/><W29/><N who="3" m="7680" /><DORA hai="105" /><W128/><G128/><T12/><D23/><U36/><E36/><V110/><F110/><W13/><G91/><T123/><D123/><U50/><E50/><V79/><F103/><W60/><G60/><T88/><D88/><N who="1" m="55303" /><E10/><V120/><F120/><W2/><G2/><T44/><D44/><U72/><E8/><V57/><F78/><AGARI ba="3,0" hai="13,17,22,76,78,81,82,83" m="7680,47657" machi="78" ten="50,1600,0" yaku="18,1" doraHai="109,105" who="3" fromWho="2" sc="434,0,208,0,150,-25,208,25" /><INIT seed="1,0,0,0,5,77" ten="434,208,125,233" oya="1" hai0="71,79,43,31,109,64,92,19,107,62,72,32,78" hai1="98,57,21,73,47,7,93,1,67,56,99,89,113" hai2="14,16,52,49,60,39,91,118,55,65,95,132,22" hai3="5,29,30,82,108,15,103,94,38,119,121,27,70"/><U66/><E113/><V90/><F118/><W54/><G70/><T116/><D107/><U130/><E73/><V75/><F75/><W58/><G119/><T111/><D116/><U115/><E115/><V23/><F39/><W53/><G38/><T88/><D43/><U28/><E130/><V50/><F132/><W81/><G121/><T9/><D32/><U26/><E47/><V18/><F65/><N who="1" m="24585" /><E1/><V104/><F104/><W6/><G108/><N who="0" m="41547" /><D31/><N who="3" m="11785" /><G27/><T120/><D72/><U34/><E34/><V48/><F60/><N who="3" m="35919" /><G54/><N who="2" m="20521" /><F95/><W25/><G25/><AGARI ba="0,0" hai="14,16,18,22,23,25,48,49,50,90,91" m="20521" machi="25" ten="30,3900,0" yaku="8,1,54,2" doraHai="77" who="2" fromWho="3" sc="434,0,208,0,125,39,233,-39" /><INIT seed="2,0,0,3,4,108" ten="434,208,164,194" oya="2" hai0="102,77,68,75,11,85,129,10,16,3,56,48,59" hai1="4,40,132,87,97,111,32,92,121,1,45,15,88" hai2="51,104,8,39,19,82,65,113,84,124,46,52,123" hai3="69,29,120,24,72,41,43,71,74,135,80,53,110"/><V42/><F123/><W96/><G120/><T67/><D75/><U86/><E32/><V0/><F104/><W70/><G110/><T109/><D3/><U64/><E132/><V38/><F124/><W58/><G135/><T37/><D37/><U12/><E1/><V36/><F113/><W99/><G80/><N who="0" m="47247" /><D68/><U34/><E34/><V81/><F65/><W61/><G96/><T47/><D129/><U26/><E26/><V95/><F95/><W101/><G74/><T126/><D126/><U20/><E64/><V30/><F30/><W6/><G6/><T49/><D102/><U78/><E78/><V22/><F81/><W25/><G72/><T14/><D10/><N who="1" m="4167" /><E111/><V57/><F8/><W93/><REACH who="3" step="1"/><G25/><REACH who="3" ten="434,208,164,184" step="2"/><T131/><D109/><U112/><E121/><V106/><F0/><W98/><G98/><T127/><D127/><U63/><E97/><V55/><F106/><W89/><G89/><T7/><D7/><U62/><E88/><V83/><F84/><W17/><G17/><T2/><D131/><U76/><E87/><V119/><F83/><W105/><G105/><T44/><D2/><U115/><E86/><V100/><F82/><W91/><G91/><T130/><D130/><U116/><E92/><V103/><F100/><W128/><G128/><T50/><D67/><U94/><E94/><V66/><F103/><W33/><AGARI ba="0,1" hai="24,29,33,41,43,53,58,61,69,70,71,93,99,101" machi="33" ten="30,4000,0" yaku="1,1,0,1,53,1" doraHai="108" doraHaiUra="54" who="3" fromWho="3" sc="434,-10,208,-10,164,-20,184,50" /><INIT seed="3,0,0,5,0,108" ten="424,198,144,234" oya="3" hai0="84,55,110,33,50,4,19,76,7,49,120,97,45" hai1="94,131,86,91,92,127,16,24,69,47,116,128,56" hai2="88,134,38,60,44,101,30,96,8,57,89,133,62" hai3="46,98,106,118,34,77,130,53,68,82,29,119,2"/><W51/><G2/><T66/><D120/><U61/><E69/><V95/><F30/><W3/><G3/><T74/><D74/><U18/><E116/><V22/><F22/><W123/><G123/><T1/><D33/><U11/><E127/><V114/><F8/><W25/><G68/><T81/><D1/><U67/><E47/><V122/><F122/><W126/><G126/><T48/><D66/><U107/><E107/><V42/><F62/><W87/><REACH who="3" step="1"/><G130/><REACH who="3" ten="424,198,144,224" step="2"/><T5/><D110/><U135/><E128/><V39/><F39/><W21/><G21/><T124/><D124/><U23/><E131/><V27/><F27/><W59/><G59/><T71/><D71/><U43/><E135/><V64/><REACH who="2" step="1"/><F114/><REACH who="2" ten="424,198,134,224" step="2"/><W37/><G37/><T75/><D45/><U132/><E132/><AGARI ba="0,2" hai="38,42,44,57,60,64,88,89,95,96,101,132,133,134" machi="132" ten="40,8000,1" yaku="1,1,2,1,20,1,54,1,53,0" doraHai="108" doraHaiUra="72" who="2" fromWho="1" sc="424,0,198,-80,134,100,224,0" owari="424,53.0,118,-38.0,234,3.0,224,-18.0" /></mjloggm>