<mjloggm ver="2.3"><GO type="97" lobby="0"/><UN n0="%E3%82%B8%E3%82%A7%E3%82%B9%E3%82%BF%E3%83%BC" n1="%68%61%6A%69%70%6F%70" n2="%E3%82%A6%E3%83%AB%E3%83%88%E3%83%A9%E7%AB%8B%E7%9B%B4" n3="%67%77%65%6E%64%6C%79%6E" dan="16,13,15,14" rate="2054.62,1889.24,1990.93,1896.27" sx="M,M,M,M"/><TAIKYOKU oya="0"/><INIT seed="0,0,0,5,4,129" ten="250,250,250,250" oya="0" hai0="78,7,11,33,4,38,97,47,65,108,39,120,122" hai1="101,12,111,49,130,32,27,82,90,125,44,0,106" hai2="91,45,109,79,20,83,121,104,62,92,30,127,14" hai3="96,116,105,68,59,112,132,73,5,66,56,19,18"/><T126/><D33/><U70/><E0/><V61/><F104/><W100/><G73/><T67/><D126/><U26/><E130/><V8/><F109/><W87/><G116/><T28/><D28/><U22/><E125/><V131/><F127/><W16/><G112/><T119/><D119/><U80/><E70/><V81/><F121/><W57/><G5/><T13/><D78/><U42/><E111/><V43/><F20/><W46/><G132/><T63/><D108/><U31/><E106/><V29/><F29/><W74/><G74/><T41/><D38/><U58/><E101/><V134/><F134/><W37/><G87/><T94/><D4/><U23/><E12/><V107/><F30/><W51/><G37/><T9/><D9/><U103/><E103/><V93/><F107/><W77/><G77/><T60/><D60/><U35/><E35/><V21/><F21/><W110/><G110/><T88/><REACH who="0" step="1"/><D67/><REACH who="0" ten="240,250,250,250" step="2"/><U75/><E32/><V25/><F62/><W10/><G10/><T133/><D133/><U123/><E123/><V118/><F61/><W17/><G66/><T15/><D15/><U124/><E124/><V71/><F14/><W85/><G68/><AGARI ba="0,1" hai="7,11,13,39,41,47,63,65,68,88,94,97,120,122" machi="68" ten="30,5800,0" yaku="1,1,7,1,54,1,53,0" doraHai="129" doraHaiUra="54" who="0" fromWho="3" sc="240,68,250,0,250,0,250,-58" /><INIT seed="0,1,0,5,0,71" ten="308,250,250,192" oya="0" hai0="109,52,26,86,47,108,104,46,45,70,55,79,53" hai1="10,134,132,118,23,75,41,67,103,99,129,80,114" hai2="111,31,63,117,20,81,15,65,76,8,130,112,27" hai3="35,126,13,110,91,97,25,95,131,106,116,11,33"/><T100/><D70/><U61/><E118/><V28/><F111/><N who="0" m="42570" /><D26/><U120/><E120/><V51/><F130/><W124/><G116/><T87/><D79/><U94/><E114/><V56/><F112/><W113/><G113/><T92/><D104/><U82/><E41/><V122/><F122/><W102/><G131/><T54/><D54/><U101/><E129/><V68/><F117/><W43/><G110/><T34/><D34/><U59/><E10/><V5/><F68/><W74/><G74/><T77/><D77/><U30/><E103/><V127/><F127/><N who="3" m="48683" /><G43/><T135/><D135/><U62/><E62/><V88/><F51/><W29/><G35/><T115/><D115/><U21/><E21/><V50/><F50/><W128/><G128/><T39/><D39/><U17/><E75/><V14/><F76/><W60/><G60/><T12/><D12/><U78/><E78/><V6/><F15/><W19/><G91/><T0/><D0/><U32/><E32/><V22/><F31/><W107/><AGARI ba="1,0" hai="11,13,19,25,29,33,95,97,102,106,107" m="48683" machi="107" ten="30,1100,0" yaku="18,1" doraHai="71" who="3" fromWho="3" sc="308,-6,250,-4,250,-4,192,14" /><INIT seed="1,0,0,3,3,65" ten="302,246,246,206" oya="1" hai0="124,123,20,63,99,30,112,116,135,117,122,71,102" hai1="77,73,1,9,41,96,111,92,58,119,70,86,51" hai2="23,33,52,42,105,50,8,107,48,133,113,25,19" hai3="16,132,6,35,13,84,74,46,61,78,43,91,2"/><U17/><E119/><V104/><F133/><W36/><G132/><T106/><D135/><U40/><E73/><V128/><F128/><W47/><G35/><T134/><D134/><U98/><E111/><V103/><F33/><W7/><G2/><T83/><D112/><U115/><E115/><V82/><F113/><W67/><G47/><T97/><D83/><U125/><E125/><V108/><F108/><W100/><G100/><T81/><D81/><U31/><E31/><V101/><F8/><W126/><G126/><T121/><D124/><U37/><E37/><V62/><F62/><W5/><G78/><T34/><D97/><U131/><E131/><V120/><F120/><W114/><G74/><T127/><D20/><U22/><E98/><V66/><F66/><W80/><G114/><T110/><D110/><U44/><E41/><V55/><F82/><W3/><G3/><T21/><D21/><U93/><E77/><V72/><F42/><W59/><REACH who="3" step="1"/><G5/><REACH who="3" ten="302,246,246,196" step="2"/><T29/><D127/><U90/><E1/><V12/><F72/><W109/><G109/><T95/><D106/><U130/><E96/><V53/><F104/><W32/><G32/><T64/><D34/><U79/><E130/><V75/><F75/><W129/><G129/><T4/><REACH who="0" step="1"/><D4/><REACH who="0" ten="292,246,246,196" step="2"/><U60/><E79/><V26/><F107/><W56/><G56/><T0/><D0/><U39/><E58/><V28/><F105/><W88/><G88/><T89/><D89/><U11/><E90/><V68/><F103/><W38/><G38/><T10/><D10/><AGARI ba="0,2" hai="6,7,10,13,16,36,43,46,59,61,67,80,84,91" machi="10" ten="30,7700,0" yaku="1,1,7,1,54,1,53,1" doraHai="65" doraHaiUra="76" who="3" fromWho="0" sc="292,-77,246,0,246,0,196,97" /><INIT seed="2,0,0,0,1,58" ten="215,246,246,293" oya="2" hai0="109,3,16,10,12,120,9,96,44,89,123,114,128" hai1="105,34,5,132,7,1,100,38,129,0,62,116,118" hai2="57,68,64,122,117,92,50,72,2,78,56,14,131" hai3="53,103,47,80,71,76,84,67,65,111,135,46,41"/><V28/><F2/><W61/><G135/><T60/><D114/><U113/><E38/><V69/><F122/><W82/><G111/><T79/><D109/><U29/><E113/><V124/><F117/><W30/><G65/><T66/><D79/><U115/><E115/><V70/><F28/><W26/><G103/><T93/><D44/><U25/><E100/><V55/><F124/><W54/><G82/><T36/><D36/><U19/><E105/><V22/><F131/><W95/><G95/><T40/><D40/><U85/><E85/><V23/><F14/><W39/><REACH who="3" step="1"/><G47/><REACH who="3" ten="215,246,246,283" step="2"/><T15/><D128/><U87/><E132/><V45/><F92/><W42/><G42/><T11/><D3/><U74/><E129/><V112/><F112/><W31/><G31/><T98/><D98/><U91/><E118/><V24/><F45/><W18/><G18/><T73/><D73/><U90/><E19/><V37/><F72/><W6/><G6/><T35/><D35/><AGARI ba="0,1" hai="26,30,35,39,41,46,53,54,61,67,71,76,80,84" machi="35" ten="30,3900,0" yaku="1,1,7,1,52,1,53,0" doraHai="58" doraHaiUra="94" who="3" fromWho="0" sc="215,-39,246,0,246,0,283,49" /><INIT seed="3,0,0,1,1,84" ten="176,246,246,332" oya="3" hai0="12,73,81,64,133,96,54,94,71,70,45,22,109" hai1="72,69,62,39,41,6,93,85,104,131,17,132,87" hai2="99,105,18,15,30,117,10,4,77,118,122,31,103" hai3="51,28,61,42,91,65,101,78,111,76,9,121,100"/><W98/><G121/><T127/><D109/><U63/><E104/><V115/><F115/><W23/><G111/><T129/><D127/><U44/><E72/><V5/><F122/><W34/><G34/><T46/><D133/><U79/><E6/><V52/><F77/><W110/><G110/><T135/><D135/><U124/><E132/><V80/><F80/><W50/><G9/><T1/><D1/><U89/><E124/><V19/><F52/><W13/><G42/><T112/><D129/><U74/><E74/><V123/><F123/><W24/><G13/><T35/><D35/><U2/><E2/><V53/><F53/><W90/><G100/><T92/><D112/><U33/><E33/><V20/><F99/><W119/><G119/><T126/><D70/><U86/><E131/><V128/><F103/><W95/><G76/><T106/><D71/><U37/><E37/><V58/><F58/><N who="3" m="37047" /><G78/><T120/><D106/><U56/><E69/><V125/><F105/><W66/><G66/><T102/><D73/><U48/><E39/><V59/><F59/><W8/><G8/><T16/><D120/><U38/><E38/><V107/><F107/><W32/><G32/><T75/><D126/><U88/><E17/><V27/><F125/><W29/><G29/><N who="2" m="10761" /><F118/><W130/><G130/><T3/><D3/><U0/><E0/><V7/><F117/><W116/><G116/><T36/><D36/><U21/><E56/><V114/><F128/><W47/><G47/><T134/><D75/><U108/><E108/><V43/><F114/><W11/><G11/><T113/><D113/><RYUUKYOKU type="nm" ba="0,0" sc="176,80,246,-20,246,-20,332,-40" hai2="4,5,7,10,15,18,19,20,27,43" hai3="23,24,28,50,51,90,91,95,98,101" /><INIT seed="3,1,0,2,1,40" ten="256,226,226,292" oya="3" hai0="120,49,0,103,111,52,97,28,50,74,38,109,58" hai1="43,117,26,62,18,21,60,20,17,69,126,124,84" hai2="113,42,100,1,89,15,114,4,90,41,94,104,121" hai3="133,80,95,32,68,71,33,112,101,10,29,87,51"/><W79/><G112/><T22/><D38/><U107/><E107/><V5/><F104/><W93/><G133/><T76/><D0/><U31/><E43/><V37/><F37/><W9/><G51/><T122/><D50/><U86/><E117/><V16/><F100/><W134/><G134/><T72/><D72/><U135/><E69/><V130/><F130/><W91/><G101/><T45/><D58/><U110/><E135/><V105/><F105/><W12/><G9/><T119/><D119/><U48/><E48/><V115/><F121/><W2/><G2/><T98/><D98/><U61/><E110/><V11/><F90/><W25/><G33/><T14/><D120/><U34/><E34/><V75/><F75/><W36/><G36/><T23/><D122/><U127/><E31/><V44/><F1/><W65/><G65/><T118/><D118/><U116/><E116/><V125/><F125/><W96/><G93/><T81/><D23/><N who="1" m="8779" /><E26/><V129/><F129/><W19/><AGARI ba="1,0" hai="10,12,19,25,29,32,68,71,79,80,87,91,95,96" machi="19" ten="20,2100,0" yaku="0,1,7,1" doraHai="40" who="3" fromWho="3" sc="256,-8,226,-8,226,-8,292,24" owari="248,5.0,218,-18.0,218,-28.0,316,41.0" /></mjloggm>