<mjloggm ver="2.3"><GO type="41" lobby="0"/><UN n0="%E6%B2%A2%E5%AE%AE%E3%82%A8%E3%83%AA%E3%83%8A" n1="%6E%69%72%65%61" n2="%E3%82%A6%E3%83%AB%E3%83%88%E3%83%A9%E7%AB%8B%E7%9B%B4" n3="%E3%82%80%E3%81%8E%E3%81%A1%E3%82%83%E3%82%93%E4%BF%BA%E3%81%A0" dan="15,14,16,14" rate="1995.81,1882.37,2048.09,2024.84" sx="F,M,M,M"/><TAIKYOKU oya="0"/><INIT seed="0,0,0,4,0,50" ten="250,250,250,250" oya="0" hai0="8,25,104,102,42,65,110,20,101,52,9,19,87" hai1="54,32,132,90,26,99,82,43,120,111,64,113,96" hai2="53,30,46,31,69,56,59,72,100,93,55,35,95" hai3="11,27,36,68,24,129,133,38,5,91,60,41,112"/><T77/><D65/><U3/><E120/><V75/><F46/><W1/><G112/><T45/><D110/><U40/><E111/><V92/><F100/><N who="0" m="38506" /><D42/><U114/><E3/><V47/><F47/><W86/><G129/><T118/><D104/><U97/><E64/><V49/><F69/><W7/><G133/><T33/><D33/><U85/><E132/><V57/><F35/><W12/><G68/><T130/><D130/><U39/><E39/><V17/><F17/><W62/><G38/><T58/><D45/><U122/><E122/><V73/><REACH who="2" step="1"/><F49/><REACH who="2" ten="250,250,240,250" step="2"/><W10/><G36/><T83/><D118/><U6/><E6/><V67/><F67/><W128/><G128/><T23/><D23/><U127/><E32/><V105/><F105/><W51/><G51/><AGARI ba="0,1" hai="8,9,19,20,25,51,52,58,77,83,87" m="38506" machi="51" ten="30,5800,0" yaku="8,1,52,1,54,1" doraHai="50" who="0" fromWho="3" sc="250,68,250,0,240,0,250,-58" /><INIT seed="0,1,0,4,2,29" ten="318,250,240,192" oya="0" hai0="47,51,63,12,21,39,79,28,103,25,38,64,27" hai1="4,134,37,83,46,34,78,96,3,82,80,102,59" hai2="86,57,97,0,11,1,54,111,106,95,81,125,32" hai3="133,98,30,45,55,35,58,14,9,93,104,105,48"/><T2/><D2/><U112/><E112/><V26/><F106/><W71/><G71/><T72/><D103/><U75/><E134/><V56/><F125/><W92/><G133/><T61/><D61/><U52/><E34/><V41/><F111/><W18/><G35/><T118/><D118/><U84/><E84/><V99/><F41/><W135/><G135/><T66/><D66/><U73/><E73/><V44/><F44/><W132/><G132/><T69/><D12/><U121/><E121/><V40/><F40/><W100/><G30/><T5/><D5/><U119/><E119/><V17/><F57/><W131/><G131/><T129/><D129/><U7/><E7/><V16/><F99/><W42/><REACH who="3" step="1"/><G104/><REACH who="3" ten="318,250,240,182" step="2"/><T13/><D28/><U19/><E3/><V65/><F1/><W67/><G67/><T62/><D64/><U20/><E4/><V122/><F65/><W123/><G123/><T53/><D69/><U6/><E6/><V36/><F122/><W10/><G10/><T88/><D21/><U117/><E117/><V130/><F130/><W31/><G31/><T50/><D25/><U24/><E37/><AGARI ba="1,1" hai="9,14,18,37,42,45,48,55,58,92,93,98,100,105" machi="37" ten="30,3900,0" yaku="1,1,7,1,53,1" doraHai="29" doraHaiUra="101" who="3" fromWho="1" sc="318,0,250,-42,240,0,182,52" /><INIT seed="1,0,0,2,1,113" ten="318,208,240,234" oya="1" hai0="56,63,83,115,92,70,21,8,22,99,66,78,32" hai1="116,130,40,88,86,25,41,48,49,131,33,57,58" hai2="87,101,84,69,15,12,111,24,77,0,107,102,110" hai3="85,126,51,76,7,122,3,60,18,47,132,109,45"/><U29/><E116/><V79/><F24/><W14/><G122/><T117/><D32/><U52/><E57/><V2/><REACH who="2" step="1"/><F107/><REACH who="2" ten="318,208,230,234" step="2"/><W74/><G109/><T30/><D115/><U61/><E41/><V125/><F125/><W53/><G126/><T59/><D30/><U1/><E40/><V16/><F16/><W93/><G18/><T46/><D117/><U105/><E105/><V6/><F6/><W64/><G7/><T133/><D133/><U34/><E34/><V75/><F75/><W19/><G74/><T128/><D128/><N who="1" m="49195" /><E1/><V4/><F4/><W100/><G3/><T31/><D31/><U104/><E104/><V96/><F96/><W134/><G19/><T62/><D99/><U90/><E90/><V114/><F114/><W120/><G120/><T72/><D78/><U9/><E9/><V118/><F118/><W123/><G76/><T80/><D72/><U73/><E73/><V43/><F43/><W26/><G123/><T108/><D8/><U89/><E89/><V97/><F97/><W23/><G23/><T67/><D21/><U65/><E65/><V124/><F124/><W119/><G64/><T35/><D22/><U36/><E36/><V95/><F95/><AGARI ba="0,1" hai="25,29,33,48,49,52,58,61,86,88,95" m="49195" machi="95" ten="30,5800,0" yaku="19,1,54,2" doraHai="113" who="1" fromWho="2" sc="318,0,208,68,230,-58,234,0" /><INIT seed="1,1,0,4,4,112" ten="318,276,172,234" oya="1" hai0="75,10,91,77,60,74,31,95,53,67,20,97,55" hai1="40,24,21,46,22,93,100,56,32,106,4,109,86" hai2="28,68,54,36,132,57,0,122,127,49,94,111,102" hai3="104,115,6,84,25,2,78,45,42,116,62,101,52"/><U3/><E106/><V126/><F0/><W131/><G115/><T87/><D10/><U63/><E109/><V12/><F122/><W16/><G131/><T50/><D77/><U128/><E128/><V69/><F28/><W44/><G104/><T66/><D66/><U17/><E32/><V120/><F120/><W73/><G101/><T123/><D123/><U13/><E4/><V27/><F27/><W33/><G73/><T83/><D31/><U48/><E3/><V79/><F79/><W76/><G2/><T58/><D53/><U47/><E47/><V129/><F12/><W90/><G6/><T89/><REACH who="0" step="1"/><D20/><REACH who="0" ten="308,276,172,234" step="2"/><U92/><E100/><V80/><F102/><W26/><G78/><T1/><D1/><U125/><E125/><V135/><F129/><W30/><G76/><T119/><D119/><U7/><E7/><V51/><F111/><W34/><G116/><T85/><D85/><U35/><E86/><V41/><F126/><W64/><G42/><T107/><D107/><U43/><E40/><V18/><F127/><W114/><G114/><T8/><D8/><U99/><E35/><V117/><F41/><W11/><G34/><T110/><D110/><U71/><E99/><V96/><F96/><W124/><G124/><T37/><D37/><U133/><E133/><V65/><F36/><W23/><G11/><T61/><D61/><U98/><E98/><V59/><F132/><W108/><G52/><T82/><D82/><U118/><E118/><V103/><F135/><W38/><G38/><T121/><D121/><U5/><E5/><V14/><F117/><RYUUKYOKU ba="1,1" sc="308,30,276,-10,172,-10,234,-10" hai0="50,55,58,60,67,74,75,83,87,89,91,95,97" /><INIT seed="2,2,1,0,0,55" ten="338,266,162,224" oya="2" hai0="40,100,44,99,115,56,102,76,47,130,132,127,123" hai1="84,16,73,57,1,68,13,71,89,45,95,103,66" hai2="69,31,92,126,109,10,114,124,33,122,34,77,19" hai3="43,32,94,131,21,65,36,9,107,11,86,70,12"/><V46/><F69/><W7/><G32/><T119/><D115/><U125/><E1/><V129/><F31/><W22/><G107/><T64/><D123/><U97/><E73/><V14/><F122/><W88/><G131/><T108/><D130/><U0/><E0/><V48/><F129/><W3/><G36/><T59/><D119/><U5/><E5/><V113/><F77/><W17/><REACH who="3" step="1"/><G43/><REACH who="3" ten="338,266,162,214" step="2"/><T2/><D40/><U62/><E125/><N who="2" m="48235" /><F34/><W18/><G18/><T75/><D127/><U8/><REACH who="1" step="1"/><E45/><REACH who="1" ten="338,256,162,214" step="2"/><V87/><F114/><W63/><AGARI ba="2,3" hai="3,7,9,11,12,17,21,22,63,65,70,86,88,94" machi="63" ten="30,4000,0" yaku="1,1,0,1,54,1,53,0" doraHai="55" doraHaiUra="72" who="3" fromWho="3" sc="338,-12,256,-12,162,-22,214,76" /><INIT seed="3,0,0,3,1,39" ten="326,244,140,290" oya="3" hai0="116,112,125,16,84,76,121,48,131,122,114,0,13" hai1="2,9,44,28,80,135,20,98,17,46,82,45,25" hai2="64,126,133,128,6,102,117,72,43,86,77,14,96" hai3="1,123,50,30,33,3,36,113,65,10,85,26,8"/><W120/><G36/><T105/><D0/><U40/><E135/><V93/><F117/><W18/><G65/><T15/><D105/><U99/><E2/><N who="3" m="522" /><G50/><T19/><D116/><U95/><E98/><V4/><F133/><W42/><G42/><T118/><D118/><U92/><E92/><V129/><F72/><W66/><G66/><T106/><D106/><U29/><E9/><N who="3" m="3690" /><G85/><T108/><D84/><U5/><E5/><V109/><F64/><W119/><G119/><T71/><D76/><U21/><E40/><V81/><F43/><W127/><G113/><T38/><D38/><U83/><REACH who="1" step="1"/><E21/><REACH who="1" ten="326,234,140,290" step="2"/><V103/><F96/><W53/><G123/><T74/><D122/><U24/><E24/><V47/><F93/><W70/><G26/><T97/><D121/><U27/><E27/><V56/><F81/><W101/><G33/><T104/><D97/><U60/><E60/><V130/><F130/><W7/><G7/><T100/><D131/><U89/><AGARI ba="0,1" hai="17,20,25,28,29,44,45,46,80,82,83,89,95,99" machi="89" ten="30,12000,2" yaku="1,1,0,1,8,1,53,3" doraHai="39" doraHaiUra="41" who="1" fromWho="1" sc="326,-30,234,130,140,-30,290,-60" /><INIT seed="4,0,0,1,3,55" ten="296,364,110,230" oya="0" hai0="110,57,27,122,38,95,3,22,24,81,124,53,83" hai1="131,96,13,102,34,29,18,59,21,127,123,50,9" hai2="60,77,129,82,86,61,99,125,23,120,11,37,19" hai3="54,109,80,26,98,135,8,62,40,56,87,73,45"/><T130/><D122/><U108/><E123/><V70/><F37/><W7/><G109/><T44/><D110/><U65/><E108/><V92/><F120/><W35/><G73/><T104/><D104/><U64/><E34/><V121/><F121/><W89/><G135/><T79/><D3/><U33/><E33/><V94/><F125/><W85/><G35/><T49/><D124/><U128/><E127/><V112/><F129/><N who="1" m="49737" /><E29/><V72/><F112/><W47/><G26/><T69/><D69/><U51/><E9/><V68/><F11/><W48/><G45/><T133/><D133/><U114/><E114/><V75/><F68/><W126/><G126/><T88/><D130/><U93/><E64/><V119/><F119/><W17/><G17/><N who="0" m="12367" /><D38/><U91/><E102/><V46/><F46/><W67/><G80/><T107/><D107/><U1/><E1/><V134/><F134/><W117/><G67/><T116/><D116/><U2/><E2/><V118/><F118/><W113/><G113/><T90/><D79/><U101/><E101/><V132/><F132/><W41/><G41/><N who="0" m="24719" /><D27/><U78/><E78/><V28/><F70/><W58/><G117/><T14/><D14/><U52/><E65/><V15/><F77/><W106/><G106/><T20/><D20/><U42/><E42/><V6/><F28/><W71/><G71/><T10/><D10/><U30/><E30/><V12/><F23/><W43/><G43/><T0/><D0/><U4/><E4/><V103/><F6/><W115/><G115/><T100/><D100/><U5/><E5/><V63/><F12/><RYUUKYOKU ba="0,0" sc="296,-10,364,30,110,-10,230,-10" hai1="13,18,21,50,51,52,59,91,93,96" /><INIT seed="5,1,0,1,5,16" ten="286,394,100,220" oya="1" hai0="38,51,25,47,66,86,72,135,68,102,32,77,50" hai1="52,100,7,31,114,113,130,70,20,48,22,43,134" hai2="9,122,117,104,35,26,3,96,42,99,123,115,107" hai3="131,33,45,13,116,83,71,128,112,129,101,53,81"/><U79/><E70/><V110/><F42/><W88/><G112/><N who="1" m="43114" /><E31/><V95/><F115/><W61/><G33/><T29/><D72/><U109/><E134/><V94/><F9/><W92/><G101/><T46/><D135/><U6/><E43/><V80/><F26/><W56/><G116/><T10/><D102/><U4/><E130/><V90/><F3/><W67/><G13/><T41/><D10/><U62/><E62/><V108/><F35/><W64/><G45/><T120/><D66/><N who="3" m="25129" /><G71/><T78/><D68/><U2/><E2/><V69/><F69/><W57/><G56/><T87/><D120/><U105/><E109/><V132/><F132/><W121/><G121/><T17/><D38/><U28/><E28/><V133/><F133/><W8/><G8/><T124/><D29/><U23/><E79/><V89/><F80/><W127/><G127/><T98/><D124/><U59/><E100/><V84/><F84/><AGARI ba="1,0" hai="53,57,61,81,83,84,88,92,128,129,131" m="25129" machi="84" ten="30,2000,0" yaku="19,1,54,1" doraHai="16" who="3" fromWho="2" sc="286,0,394,0,100,-23,220,23" /><INIT seed="6,0,0,5,2,24" ten="286,394,77,243" oya="2" hai0="88,49,112,35,122,11,30,109,108,4,124,41,87" hai1="133,83,77,48,8,114,31,116,98,56,74,75,85" hai2="129,134,37,9,72,23,115,125,61,101,67,54,70" hai3="1,121,94,89,111,3,63,60,117,65,15,36,58"/><V34/><F72/><W45/><G121/><T57/><D122/><U14/><E116/><V106/><F125/><W100/><G117/><T44/><D124/><U12/><E133/><V123/><F134/><W91/><G111/><T66/><D112/><U68/><E68/><V2/><F123/><W110/><G110/><T99/><D99/><U39/><E39/><V79/><F115/><W131/><G100/><T53/><D66/><U82/><E114/><V93/><F79/><W102/><G102/><T17/><D17/><U71/><E71/><V119/><F119/><W33/><G33/><T22/><D35/><U80/><E98/><N who="2" m="61751" /><F23/><W126/><G126/><T132/><D132/><U55/><E31/><V64/><F93/><W32/><G32/><T84/><D84/><U43/><E43/><V7/><F54/><W90/><G94/><T38/><D30/><U135/><E135/><V86/><F86/><W40/><G131/><T13/><REACH who="0" step="1"/><D22/><REACH who="0" ten="276,394,77,243" step="2"/><U47/><E8/><V107/><F34/><W76/><G65/><T97/><D97/><U62/><E75/><V42/><F67/><W78/><G78/><T95/><AGARI ba="0,1" hai="4,11,13,38,41,44,49,53,57,87,88,95,108,109" machi="95" ten="20,5200,0" yaku="1,1,0,1,7,1,54,1,53,0" doraHai="24" doraHaiUra="128" who="0" fromWho="0" sc="276,62,394,-13,77,-26,243,-13" /><INIT seed="7,0,0,4,2,124" ten="338,381,51,230" oya="3" hai0="102,101,125,80,122,63,75,36,7,86,118,12,115" hai1="53,108,46,23,107,95,72,27,133,132,79,127,6" hai2="61,113,55,54,33,21,44,38,74,2,67,41,110" hai3="8,92,109,0,120,97,5,78,60,131,83,66,129"/><W3/><G120/><T29/><D122/><U105/><E108/><V58/><F21/><W88/><G3/><T76/><D118/><U18/><E127/><V68/><F33/><W77/><G109/><T35/><D125/><U114/><E6/><V31/><F31/><W116/><G116/><T106/><D36/><U94/><E114/><V30/><F30/><W123/><G123/><T73/><D115/><U98/><E94/><V40/><F74/><W119/><G119/><T93/><D75/><U84/><E72/><V130/><F2/><W128/><G83/><T9/><D29/><U16/><E18/><V104/><F104/><W20/><G20/><T26/><D26/><U64/><E64/><V43/><F113/><W135/><G135/><N who="1" m="51786" /><E79/><V70/><F110/><W52/><G52/><N who="2" m="20009" /><F130/><W126/><G126/><T89/><D35/><U48/><E84/><V65/><F65/><W11/><G8/><T100/><D63/><U50/><E50/><V17/><F17/><W47/><G47/><T103/><D103/><AGARI ba="0,0" hai="16,23,27,46,48,53,95,98,103,105,107" m="51786" machi="103" ten="30,2000,0" yaku="20,1,54,1" doraHai="124" who="1" fromWho="0" sc="338,-20,381,20,51,0,230,0" owari="318,12.0,401,50.0,51,-45.0,230,-17.0" /></mjloggm>