<mjloggm ver="2.3"><GO type="97" lobby="0"/><UN n0="%E3%81%9F%E3%81%86%E3%82%88%E3%81%97" n1="%E3%82%8D%E3%82%93%E3%81%8F%E3%82%93%E3%81%AE%E4%B9%B3%E9%A6%96" n2="%E3%82%A6%E3%83%AB%E3%83%88%E3%83%A9%E7%AB%8B%E7%9B%B4" n3="%33%75%52%61" dan="13,14,15,13" rate="1890.89,1938.29,1986.59,1901.48" sx="M,F,M,M"/><TAIKYOKU oya="0"/><INIT seed="0,0,0,2,4,62" ten="250,250,250,250" oya="0" hai0="50,103,15,72,119,80,51,133,58,20,24,127,76" hai1="95,28,106,82,1,98,96,129,16,101,42,71,52" hai2="117,32,55,75,45,13,91,97,83,14,131,25,66" hai3="104,94,7,67,128,102,36,132,86,46,56,92,57"/><T12/><D119/><U26/><E71/><V11/><F117/><W27/><G7/><T4/><D133/><U120/><E120/><V37/><F131/><W49/><G132/><T124/><D103/><U115/><E129/><V5/><F14/><W21/><G36/><T134/><D134/><U65/><E65/><V43/><F55/><W111/><G128/><T31/><D4/><U78/><E1/><V22/><F32/><W105/><G111/><T3/><D3/><U109/><E109/><V59/><F59/><W108/><G57/><T118/><D118/><U79/><E42/><V61/><F61/><W6/><G6/><T34/><D58/><U18/><E115/><V85/><F97/><W35/><G35/><T81/><D81/><U10/><E79/><V70/><F75/><W123/><G123/><T87/><D72/><U112/><E112/><V93/><F70/><W17/><G108/><T99/><D99/><U126/><E10/><V73/><F73/><W116/><G116/><T8/><D8/><U122/><E122/><V19/><REACH who="2" step="1"/><F83/><REACH who="2" ten="250,250,240,250" step="2"/><W130/><G130/><T125/><D12/><U64/><E96/><V54/><F54/><W0/><G0/><T47/><D15/><U121/><E52/><V44/><F44/><W30/><G56/><T48/><D34/><U41/><E121/><V107/><F107/><W100/><G105/><T74/><D74/><U60/><E106/><V63/><F63/><W2/><G104/><T9/><D47/><U69/><E41/><V68/><F68/><W110/><G46/><T33/><D33/><U29/><E69/><RYUUKYOKU ba="0,1" sc="250,15,250,-15,240,15,250,-15" hai0="9,20,24,31,48,50,51,76,80,87,124,125,127" hai2="5,11,13,19,22,25,37,43,45,66,85,91,93" /><INIT seed="0,1,1,2,1,21" ten="265,235,255,235" oya="0" hai0="31,32,28,4,132,14,109,41,89,73,116,35,124" hai1="86,85,134,11,69,33,114,127,108,10,18,12,15" hai2="3,128,58,77,65,67,64,117,27,47,29,24,103" hai3="57,42,45,72,92,130,51,91,63,48,70,36,34"/><T38/><D116/><U98/><E69/><V59/><F3/><W120/><G120/><T115/><D115/><U133/><E114/><V122/><F122/><W100/><G100/><T90/><D124/><U16/><E33/><V19/><F117/><W81/><G130/><T110/><D110/><U43/><BYE who="0" /><E43/><V84/><F128/><W78/><G70/><T80/><D80/><U107/><E108/><V30/><F19/><UN n0="%E3%81%9F%E3%81%86%E3%82%88%E3%81%97" /><W1/><G1/><T52/><D109/><U121/><E121/><V53/><F103/><W66/><REACH who="3" step="1"/><G34/><REACH who="3" ten="265,235,255,225" step="2"/><T93/><D35/><U75/><E127/><V62/><F30/><W79/><G79/><T101/><D32/><U125/><E125/><V76/><F29/><W96/><AGARI ba="1,2" hai="36,42,45,48,51,57,63,66,72,78,81,91,92,96" machi="96" ten="20,2700,0" yaku="1,1,0,1,7,1,53,0" doraHai="21" doraHaiUra="20" who="3" fromWho="3" sc="265,-14,235,-8,255,-8,225,50" /><INIT seed="1,0,0,4,2,27" ten="251,227,247,275" oya="1" hai0="52,46,98,37,96,41,112,55,71,20,11,126,89" hai1="24,107,75,44,8,78,65,4,92,97,54,28,125" hai2="48,33,111,69,32,36,16,64,105,76,113,122,59" hai3="129,21,43,121,40,120,93,100,34,38,47,109,103"/><U115/><E107/><V14/><F122/><W45/><G34/><T61/><D112/><U117/><E115/><V74/><F36/><W13/><G129/><T108/><D108/><U72/><E117/><V35/><F113/><W58/><G109/><T49/><D126/><U106/><E106/><V18/><F111/><W110/><G110/><T1/><D20/><U10/><E125/><V132/><F105/><W104/><G58/><N who="0" m="33039" /><D55/><U84/><E65/><V26/><F69/><W2/><G2/><T80/><D11/><U60/><E75/><V22/><F132/><W56/><G56/><T39/><D39/><U90/><E72/><V134/><F134/><W123/><G93/><T124/><D1/><U7/><E84/><V9/><F48/><W102/><G104/><T6/><D6/><N who="1" m="2091" /><E78/><V15/><F76/><W12/><REACH who="3" step="1"/><G21/><REACH who="3" ten="251,227,247,265" step="2"/><T127/><D124/><U30/><E44/><V3/><F59/><W135/><G135/><T25/><D127/><U94/><E94/><V79/><F3/><W99/><G99/><T17/><D98/><U88/><E90/><V133/><F133/><W87/><G87/><T91/><D96/><U62/><E54/><V57/><F57/><W70/><G70/><T114/><D91/><U81/><E81/><V19/><F64/><W85/><G85/><T53/><D89/><U23/><E30/><N who="2" m="19543" /><F74/><W130/><G130/><T83/><D114/><U31/><E31/><V67/><F67/><W119/><G119/><T116/><D116/><U66/><E66/><V131/><F131/><W42/><G42/><T0/><D41/><U128/><E128/><RYUUKYOKU ba="0,1" sc="251,-15,227,15,247,-15,265,15" hai1="8,10,23,24,28,60,62,88,92,97" hai3="12,13,38,40,43,45,47,100,102,103,120,121,123" /><INIT seed="1,1,1,4,3,90" ten="236,242,232,280" oya="1" hai0="39,70,32,65,4,10,11,25,132,2,50,99,43" hai1="56,28,51,73,100,64,37,27,124,81,0,85,46" hai2="7,41,79,36,1,9,47,8,95,130,40,117,69" hai3="82,129,102,110,103,106,24,19,111,57,131,53,134"/><U77/><E124/><V120/><F120/><W87/><G106/><T33/><D11/><U119/><E119/><V97/><F117/><W123/><G123/><T78/><D132/><U66/><E0/><V68/><F130/><N who="3" m="49675" /><G19/><T31/><D99/><U23/><E100/><V17/><F41/><W108/><G24/><T35/><D50/><U63/><E37/><V59/><F59/><W128/><N who="3" m="49683" /><W105/><DORA hai="127" /><G105/><T135/><D135/><U91/><E73/><V88/><F79/><N who="3" m="46559" /><G134/><T52/><D78/><U38/><E38/><V76/><F76/><W14/><G14/><T94/><D52/><N who="1" m="34183" /><E77/><V3/><F17/><W62/><AGARI ba="1,1" hai="53,57,62,102,103,108,110,111" m="46559,49683" machi="62" ten="50,12000,2" yaku="14,1,19,1,52,4" doraHai="90,127" who="3" fromWho="3" sc="236,-31,242,-61,232,-31,280,133" /><INIT seed="2,0,0,3,1,68" ten="205,181,201,413" oya="2" hai0="22,69,111,2,52,83,128,63,48,42,95,97,47" hai1="13,123,114,9,89,70,86,15,108,31,124,36,16" hai2="109,39,32,65,18,73,96,105,79,131,33,4,38" hai3="51,98,121,21,61,104,45,56,1,40,115,135,35"/><V41/><F18/><W82/><G35/><N who="2" m="13385" /><F41/><W67/><G1/><T50/><D111/><U60/><E114/><V26/><F26/><W84/><G115/><T102/><D2/><U106/><E106/><V85/><F85/><W46/><G121/><T12/><D128/><U37/><E108/><V120/><F4/><W118/><G118/><T8/><D83/><U5/><E123/><V11/><F11/><W30/><G135/><T125/><D125/><U3/><E31/><V64/><F65/><W25/><G46/><N who="0" m="25687" /><D69/><U75/><E75/><V87/><F87/><W27/><G27/><T133/><D133/><U74/><E74/><V112/><F120/><W88/><G98/><T14/><D63/><U91/><E91/><V76/><F76/><W92/><REACH who="3" step="1"/><G104/><REACH who="3" ten="205,181,201,403" step="2"/><T116/><D116/><U49/><E3/><V77/><F112/><W24/><G24/><T103/><D14/><U7/><E15/><V0/><F0/><W17/><G17/><N who="0" m="8327" /><D22/><U66/><E16/><V113/><F109/><W59/><G59/><T81/><D97/><U72/><E5/><V19/><F96/><W55/><G55/><T23/><D23/><U58/><E58/><V132/><F105/><W119/><G119/><T54/><D54/><U129/><E13/><V53/><F53/><W130/><G130/><T78/><D52/><U134/><E7/><V80/><F113/><W90/><G90/><T44/><D44/><U110/><E110/><V107/><F107/><W127/><G127/><T29/><D47/><U62/><E124/><V20/><F131/><W126/><G126/><T122/><D122/><RYUUKYOKU ba="0,1" sc="205,-10,181,-10,201,-10,403,30" hai3="21,25,30,40,45,51,56,61,67,82,84,88,92" /><INIT seed="3,1,1,4,3,135" ten="195,171,191,433" oya="3" hai0="69,85,28,98,89,81,64,50,27,57,79,126,80" hai1="121,11,88,68,62,91,63,133,30,101,96,0,16" hai2="115,106,31,49,1,23,42,86,58,59,72,54,119" hai3="74,130,125,128,40,67,35,5,127,82,87,29,39"/><W114/><G74/><T134/><D134/><U56/><E133/><V111/><F106/><W7/><G67/><T117/><D117/><U10/><E121/><V132/><F1/><W103/><G103/><T4/><D126/><N who="3" m="48137" /><G114/><T14/><D69/><U120/><E120/><V131/><F131/><N who="3" m="50219" /><G40/><T76/><D14/><U61/><E30/><V99/><F31/><W102/><G102/><T13/><D64/><N who="1" m="38951" /><E0/><V52/><F42/><W36/><G29/><T12/><D28/><U8/><E68/><V26/><F72/><W70/><G35/><T60/><D76/><U108/><E108/><V46/><F111/><W9/><G70/><T21/><D79/><U110/><E110/><V18/><F132/><W105/><G105/><T100/><D100/><U113/><E113/><V83/><F115/><W90/><G7/><T15/><D4/><U44/><E16/><V116/><F116/><W3/><AGARI ba="1,1" hai="3,5,9,36,39,82,87,90" m="50219,48137" machi="3" ten="30,12000,1" yaku="18,1,19,1,52,3" doraHai="135" who="3" fromWho="3" sc="195,-41,171,-41,191,-41,433,133" owari="154,-5.0,130,-37.0,150,-25.0,566,67.0" /></mjloggm>