<mjloggm ver="2.3"><GO type="97" lobby="0"/><UN n0="%E3%83%8E%E3%82%A4%E3%81%9B%E3%82%93%E3%81%9B%E3%83%BC" n1="%E5%B2%A1%CF%80" n2="%E3%82%A6%E3%83%AB%E3%83%88%E3%83%A9%E7%AB%8B%E7%9B%B4" n3="%E3%83%A9%E3%83%9F%E3%82%A8%E3%83%AB" dan="13,14,15,13" rate="1829.33,1968.70,2008.22,1914.73" sx="F,F,M,F"/><TAIKYOKU oya="0"/><INIT seed="0,0,0,0,5,125" ten="250,250,250,250" oya="0" hai0="103,12,68,114,83,45,7,70,38,74,86,57,130" hai1="72,113,81,92,73,30,15,85,133,62,104,75,55" hai2="18,31,56,82,76,134,106,80,22,41,21,28,110" hai3="112,64,52,100,129,34,128,117,115,120,99,42,119"/><T58/><D74/><U135/><E104/><V10/><F106/><W126/><G42/><T49/><D114/><N who="3" m="43561" /><G34/><T4/><D38/><U95/><E113/><V17/><F41/><W9/><G9/><T118/><D118/><N who="3" m="45065" /><G64/><T43/><D103/><U36/><E36/><V8/><F56/><W33/><G33/><T51/><D51/><U71/><E30/><V63/><F63/><W116/><N who="3" m="45073" /><W26/><DORA hai="11" /><G26/><T88/><D7/><U107/><E107/><V40/><F40/><W19/><G126/><T131/><D58/><U93/><E71/><V46/><F46/><W54/><G19/><T69/><REACH who="0" step="1"/><D57/><REACH who="0" ten="240,250,250,250" step="2"/><U35/><E72/><V94/><F10/><AGARI ba="0,1" hai="4,10,12,43,45,49,68,69,70,83,86,88,130,131" machi="10" ten="50,18000,2" yaku="1,1,2,1,52,3,54,1,53,0" doraHai="125,11" doraHaiUra="96,53" who="0" fromWho="2" sc="240,190,250,0,250,-180,250,0" /><INIT seed="0,1,0,5,4,85" ten="430,250,70,250" oya="0" hai0="34,22,122,95,103,8,130,90,65,76,107,46,64" hai1="92,51,126,91,125,111,123,23,3,114,2,17,99" hai2="7,6,77,36,40,35,26,132,69,79,106,68,109" hai3="115,119,12,86,98,100,32,67,33,43,127,131,129"/><T53/><D122/><U110/><E123/><V134/><F106/><W50/><G119/><T116/><D34/><U18/><E114/><V52/><F40/><W56/><G115/><T16/><D107/><U81/><E81/><V19/><F36/><W82/><G127/><T60/><D76/><U25/><E18/><V62/><F62/><W120/><G120/><T10/><D103/><U38/><E38/><V13/><F35/><W112/><G12/><T0/><D116/><U58/><E58/><V88/><F19/><W89/><G112/><T71/><D0/><U61/><E61/><V128/><F13/><W70/><G67/><T78/><D78/><U55/><E55/><V45/><F45/><W74/><G70/><T1/><D1/><N who="1" m="11" /><E51/><V105/><F105/><W54/><G43/><T15/><D65/><U24/><E24/><V87/><F26/><W48/><G50/><T135/><D135/><U84/><E84/><V41/><F41/><W28/><G74/><T14/><D53/><U31/><E31/><V4/><F52/><W9/><G9/><T124/><D46/><U29/><E29/><V113/><F113/><W37/><G37/><T94/><D124/><AGARI ba="1,0" hai="17,23,25,91,92,99,110,111,124,125,126" m="11" machi="124" ten="30,2000,0" yaku="18,1,52,1" doraHai="85" who="1" fromWho="0" sc="430,-23,250,23,70,0,250,0" /><INIT seed="1,0,0,0,0,100" ten="407,273,70,250" oya="1" hai0="117,35,22,64,76,42,99,109,87,129,36,38,30" hai1="77,2,63,119,96,46,72,44,73,6,121,14,62" hai2="13,70,23,91,19,116,108,37,60,34,134,94,9" hai3="92,106,61,8,65,104,80,32,25,59,98,111,130"/><U18/><E121/><V12/><F34/><W17/><G111/><T125/><D117/><U45/><E119/><V16/><F37/><W58/><G80/><T88/><D35/><U49/><E49/><V132/><F116/><W128/><G8/><T68/><D68/><U71/><E2/><V126/><F70/><W47/><G47/><T127/><D64/><U52/><E6/><V123/><F60/><W31/><G17/><T81/><D129/><N who="3" m="49769" /><G59/><T131/><D131/><U48/><E71/><V55/><F55/><W53/><G65/><T41/><D109/><U82/><E72/><V28/><F108/><W97/><G92/><N who="0" m="56711" /><D30/><U7/><E7/><V95/><F28/><W69/><G69/><T74/><D74/><U112/><E112/><V27/><F27/><W86/><G86/><T122/><D22/><U11/><REACH who="1" step="1"/><E96/><AGARI ba="0,0" hai="25,31,32,53,58,61,96,97,98,104,106" m="49769" machi="96" ten="30,3900,0" yaku="19,1,52,2" doraHai="100" who="3" fromWho="1" sc="407,0,273,-39,70,0,250,39" /><INIT seed="2,0,0,5,0,127" ten="407,234,70,289" oya="2" hai0="112,9,111,8,39,50,101,6,23,13,102,129,94" hai1="49,79,44,74,56,87,53,76,10,77,88,46,59" hai2="106,108,21,130,47,72,114,33,58,123,78,29,90" hai3="36,3,28,122,11,31,91,118,55,45,43,48,67"/><V96/><F21/><W134/><G122/><T42/><D112/><U113/><E113/><V24/><F58/><W26/><G118/><T4/><D39/><U126/><E126/><V73/><F90/><W38/><G134/><T52/><D111/><U1/><E74/><N who="2" m="28779" /><F78/><W98/><G67/><T16/><D42/><U70/><E70/><V135/><F114/><W64/><G64/><T105/><D105/><U80/><E1/><V17/><F17/><W116/><G36/><T34/><D34/><U5/><E5/><V63/><F123/><W117/><G11/><T25/><D129/><U110/><E110/><V12/><F12/><W27/><G3/><T121/><D94/><U35/><E35/><V100/><F108/><W61/><G61/><T95/><D95/><U82/><E10/><V75/><N who="2" m="28787" /><V68/><DORA hai="92" /><F47/><W19/><G19/><T37/><D37/><U69/><E69/><V103/><F103/><W41/><G91/><T128/><D128/><U62/><REACH who="1" step="1"/><E80/><REACH who="1" ten="407,224,70,289" step="2"/><V30/><F30/><W7/><G7/><T115/><D115/><U89/><E89/><V86/><F86/><W15/><G31/><T54/><D121/><U83/><E83/><V97/><F97/><W99/><G28/><T124/><D124/><U66/><AGARI ba="0,1" hai="44,46,49,53,56,59,62,66,76,77,79,82,87,88" machi="66" ten="30,8000,1" yaku="1,1,0,1,8,1,54,1,53,1" doraHai="127,92" doraHaiUra="125,51" who="1" fromWho="1" sc="407,-20,224,90,70,-40,289,-20" /><INIT seed="3,0,0,2,5,99" ten="387,314,30,269" oya="3" hai0="68,117,129,90,65,105,29,120,130,97,101,24,3" hai1="35,59,87,102,74,133,2,58,14,103,124,135,127" hai2="100,30,84,34,61,122,119,27,79,80,76,82,95" hai3="46,112,125,57,7,1,10,93,116,64,106,9,47"/><W75/><G116/><T69/><D120/><U77/><E2/><V111/><F61/><W4/><G75/><T131/><D3/><U38/><E38/><V15/><F15/><W60/><G106/><T25/><D117/><U98/><E35/><V88/><F27/><N who="0" m="10314" /><D29/><U31/><E31/><V134/><F30/><W104/><G112/><T12/><D12/><U96/><E14/><V123/><F34/><W55/><G104/><T6/><D6/><U16/><E74/><V22/><F22/><W42/><G125/><T36/><D90/><U11/><E11/><V115/><F119/><W41/><G93/><T91/><D91/><U17/><E87/><V108/><F115/><W110/><G110/><N who="2" m="42025" /><F134/><W32/><G32/><T56/><D36/><U71/><E77/><V49/><F49/><W48/><G46/><T78/><D78/><U19/><E19/><V132/><F132/><W83/><G83/><T128/><D128/><U53/><E53/><V44/><F44/><W50/><G50/><T51/><D51/><U114/><E114/><V26/><F26/><W37/><G37/><T28/><D28/><U62/><E62/><AGARI ba="0,0" hai="56,62,65,68,69,97,101,105,129,130,131" m="10314" machi="62" ten="40,2600,0" yaku="19,1,52,1" doraHai="99" who="0" fromWho="1" sc="387,26,314,-26,30,0,269,0" owari="413,51.0,288,9.0,30,-47.0,269,-13.0" /></mjloggm>