<mjloggm ver="2.3"><GO type="169" lobby="0"/><UN n0="%E3%83%AC%E3%83%87%E3%82%B9%E3%83%9E" n1="%63%68%72%6F%6E%75%73" n2="%E3%82%A6%E3%83%AB%E3%83%88%E3%83%A9%E7%AB%8B%E7%9B%B4" n3="%E2%80%9C%72%61%69%6E%E2%80%9D" dan="16,16,16,16" rate="2076.82,2056.82,2048.23,2065.81" sx="M,M,M,M"/><TAIKYOKU oya="0"/><INIT seed="0,0,0,2,2,21" ten="250,250,250,250" oya="0" hai0="92,114,122,72,11,9,123,108,84,32,7,57,30" hai1="86,20,58,67,2,47,112,107,50,5,81,22,3" hai2="102,36,56,48,88,82,26,49,25,71,117,55,46" hai3="104,125,69,66,70,8,87,54,80,64,94,121,131"/><T127/><D72/><U68/><E107/><V33/><F36/><W126/><G104/><T51/><D114/><U100/><E100/><V98/><F71/><N who="3" m="27147" /><G131/><T18/><D127/><N who="3" m="48649" /><G121/><T105/><D105/><U53/><E68/><V128/><F33/><W28/><G28/><T45/><D30/><U4/><E112/><V90/><F117/><W17/><G94/><T135/><D32/><U40/><E67/><V62/><F128/><W42/><G42/><T61/><D92/><U109/><E3/><V44/><F102/><W85/><G54/><T96/><D123/><U10/><E5/><V83/><F98/><W91/><G87/><T113/><D84/><U75/><E109/><V37/><F37/><W19/><G19/><T97/><D18/><U73/><E73/><V59/><F55/><W12/><AGARI ba="0,0" hai="8,12,17,64,66,80,85,91" m="48649,27147" machi="12" ten="40,1500,0" yaku="18,1" doraHai="21" who="3" fromWho="3" sc="250,-7,250,-4,250,-4,250,15" /><INIT seed="1,0,0,1,5,56" ten="243,246,246,265" oya="1" hai0="88,125,22,38,61,54,81,55,34,64,7,110,1" hai1="78,21,93,109,89,116,103,59,133,95,69,76,75" hai2="63,68,20,122,130,33,113,32,82,72,105,77,87" hai3="74,73,6,115,107,27,112,100,135,121,94,128,0"/><U60/><E69/><V104/><F20/><W102/><G27/><T97/><D34/><N who="2" m="13418" /><F87/><W50/><G50/><T106/><D38/><U48/><E116/><V119/><F119/><W84/><G6/><T24/><D110/><U25/><E133/><V28/><F28/><W120/><G0/><T8/><D125/><U98/><E75/><N who="3" m="28682" /><G128/><T67/><D67/><N who="1" m="39327" /><E48/><V3/><F122/><N who="3" m="47211" /><G135/><T66/><D66/><U41/><E109/><V86/><F86/><W37/><G37/><T126/><D81/><U124/><E41/><V35/><N who="2" m="13426" /><V90/><DORA hai="83" /><F130/><W127/><G127/><T71/><D126/><U117/><E117/><V4/><F90/><N who="3" m="53575" /><G107/><T10/><D106/><U58/><E124/><V57/><F57/><W11/><G11/><T132/><D132/><U131/><E58/><V31/><F31/><W52/><G52/><T123/><D123/><U30/><E131/><V92/><F105/><W9/><G9/><T91/><D10/><U14/><E14/><V85/><F104/><W36/><G36/><T49/><D55/><U29/><E30/><V42/><F3/><W46/><G46/><T39/><D39/><U111/><E111/><V5/><F68/><W118/><G118/><T45/><REACH who="0" step="1"/><D97/><AGARI ba="0,0" hai="21,25,29,76,78,89,93,95,97,98,103" m="39327" machi="97" ten="30,5800,0" yaku="25,1,8,1,52,1" doraHai="56,83" who="1" fromWho="0" sc="243,-58,246,58,246,0,265,0" /><INIT seed="1,1,0,0,1,130" ten="185,304,246,265" oya="1" hai0="117,88,124,104,32,27,75,13,62,11,78,29,132" hai1="61,110,122,40,9,19,96,98,52,42,37,81,101" hai2="133,65,0,24,76,77,10,25,87,90,128,44,123" hai3="5,72,51,109,7,16,86,103,120,21,95,129,126"/><U36/><E122/><V8/><F123/><W43/><G120/><T70/><D117/><U102/><E81/><V56/><F128/><W22/><G72/><T67/><D104/><U127/><E127/><V83/><F0/><W100/><G126/><T38/><D124/><U50/><E110/><V41/><F56/><W74/><G74/><T118/><D118/><U125/><E61/><V119/><F65/><W57/><G109/><T134/><D38/><U71/><E71/><V14/><F119/><W108/><G129/><T18/><REACH who="0" step="1"/><D88/><REACH who="0" ten="175,304,246,265" step="2"/><U84/><E37/><V68/><F90/><N who="3" m="53719" /><G108/><T12/><D12/><N who="1" m="7567" /><E36/><V49/><F14/><W91/><G91/><T73/><D73/><U121/><E125/><V82/><F82/><AGARI ba="1,1" hai="11,13,18,27,29,32,62,67,70,75,78,82,132,134" machi="82" ten="40,8000,1" yaku="1,1,52,2,53,1" doraHai="130" doraHaiUra="66" who="0" fromWho="2" sc="175,93,304,0,246,-83,265,0" /><INIT seed="2,0,0,5,0,61" ten="268,304,163,265" oya="2" hai0="72,48,33,99,119,115,106,20,60,35,58,39,54" hai1="7,62,92,94,74,34,124,101,118,8,87,130,117" hai2="3,0,53,76,11,71,120,97,125,67,14,82,107" hai3="95,70,68,12,100,59,69,104,73,10,128,109,6"/><V111/><F120/><W121/><G121/><T5/><D115/><U64/><E74/><V38/><F38/><W116/><G116/><T52/><D39/><U81/><E34/><V86/><F125/><W98/><G73/><T29/><D72/><U110/><E124/><V47/><F111/><W50/><G109/><T112/><D112/><U135/><E110/><V123/><F123/><W57/><G128/><T66/><D5/><U55/><E135/><V105/><F3/><W126/><G126/><T40/><D40/><U37/><E37/><V132/><F0/><W80/><G80/><T15/><D54/><U44/><E130/><V84/><F132/><W75/><G75/><T51/><D51/><U24/><E24/><V23/><F23/><W133/><G133/><T88/><D119/><U129/><E129/><V108/><F108/><W32/><G32/><T90/><D35/><U30/><E55/><V21/><F21/><W16/><G50/><T36/><D33/><U78/><E7/><N who="2" m="3455" /><F86/><W43/><G43/><T114/><D36/><U22/><E87/><V2/><F2/><W79/><G104/><N who="2" m="40009" /><F97/><W131/><G131/><T113/><D90/><U31/><E117/><V9/><F9/><N who="3" m="6159" /><G79/><T63/><D113/><U18/><E78/><V1/><F1/><N who="3" m="335" /><G69/><T85/><D114/><U13/><E118/><V77/><F77/><W102/><G102/><T122/><D122/><U134/><E101/><V65/><F71/><N who="3" m="27179" /><G100/><T127/><D127/><U19/><E134/><V26/><F26/><W25/><G25/><T28/><D106/><U91/><E22/><V56/><F47/><RYUUKYOKU ba="0,0" sc="268,-15,304,-15,163,15,265,15" hai2="53,56,65,67,76,82,84" hai3="57,59,95,98" /><INIT seed="2,1,0,5,2,50" ten="253,289,178,280" oya="2" hai0="60,53,27,89,133,84,35,73,40,93,29,104,41" hai1="95,38,77,22,16,121,61,80,125,88,105,119,120" hai2="34,19,54,96,100,103,86,11,7,21,31,112,42" hai3="87,55,2,49,13,57,82,71,118,129,126,111,46"/><V69/><F69/><W12/><G118/><T20/><D73/><U114/><E105/><V6/><F112/><W128/><G2/><T85/><D104/><U97/><E38/><V28/><F34/><W17/><G71/><T115/><D115/><U33/><E114/><V92/><F42/><N who="3" m="24791" /><G17/><T67/><D133/><U37/><E37/><V23/><F103/><W10/><G10/><T58/><D85/><N who="1" m="48271" /><E33/><V131/><F131/><N who="3" m="50251" /><G111/><T43/><REACH who="0" step="1"/><D35/><REACH who="0" ten="243,289,178,280" step="2"/><U14/><E119/><V26/><F86/><W91/><G126/><T56/><D56/><U108/><E125/><V63/><F11/><W25/><G25/><T81/><D81/><U39/><E108/><V117/><F117/><W78/><G78/><T98/><D98/><U0/><E97/><V9/><F9/><W74/><G74/><T68/><D68/><U113/><E113/><V102/><F102/><W79/><G79/><T90/><D90/><U32/><E88/><V99/><F99/><W124/><G124/><T47/><D47/><U75/><E32/><V106/><F106/><W4/><G91/><T109/><D109/><U15/><E75/><V83/><F83/><W62/><G82/><T110/><D110/><U65/><E95/><V123/><F123/><W3/><G87/><T122/><D122/><U64/><E121/><V5/><F23/><W134/><G134/><T48/><D48/><U44/><E22/><V70/><F70/><W94/><G94/><T116/><D116/><U30/><E120/><V24/><F24/><W72/><G72/><T18/><D18/><U66/><E16/><V36/><F36/><RYUUKYOKU ba="1,1" sc="243,10,289,-30,178,10,280,10" hai0="20,27,29,40,41,43,53,58,60,67,84,89,93" hai2="5,6,7,19,21,26,28,31,54,63,92,96,100" hai3="3,4,12,13,55,57,62" /><INIT seed="2,2,1,5,4,124" ten="253,259,188,290" oya="2" hai0="115,23,3,77,89,17,20,55,116,106,37,32,97" hai1="93,13,102,53,9,134,28,73,114,84,59,99,135" hai2="113,94,4,121,41,47,19,120,76,0,75,79,39" hai3="48,68,85,63,107,83,12,128,65,29,61,30,96"/><V109/><F79/><W51/><G63/><T15/><D115/><U131/><E73/><V117/><F113/><W103/><G128/><T11/><D32/><U57/><E114/><V81/><F117/><W91/><REACH who="3" step="1"/><G12/><REACH who="3" ten="253,259,188,280" step="2"/><T45/><D15/><U82/><E131/><V123/><F109/><W36/><G36/><T70/><D37/><U110/><E110/><V127/><F127/><W64/><G64/><T111/><D111/><U125/><E125/><V18/><REACH who="2" step="1"/><F94/><REACH who="2" ten="253,259,178,280" step="2"/><W40/><G40/><T22/><D116/><U56/><E93/><V80/><F80/><W46/><G46/><T126/><D45/><U66/><E82/><V38/><F38/><W35/><G35/><T8/><D126/><U92/><E92/><V95/><F95/><W87/><G87/><T54/><D106/><U21/><E84/><V86/><F86/><W98/><G98/><T50/><D97/><U88/><E99/><V101/><F101/><W67/><G67/><T90/><D89/><U72/><E88/><V14/><F14/><W5/><G5/><T7/><D90/><U118/><E102/><V69/><F69/><W43/><G43/><T112/><D112/><U33/><E66/><V119/><F119/><W49/><AGARI ba="2,3" hai="29,30,48,49,51,61,65,68,83,85,91,96,103,107" machi="49" ten="30,2000,0" yaku="1,1,0,1,53,0" doraHai="124" doraHaiUra="52" who="3" fromWho="3" sc="253,-7,259,-7,178,-12,280,56" /><INIT seed="3,0,0,4,4,127" ten="246,252,166,336" oya="3" hai0="84,4,131,65,109,55,72,33,20,53,128,135,49" hai1="26,44,123,27,22,112,124,116,102,95,57,87,113" hai2="28,8,60,68,129,35,110,37,74,118,67,130,71" hai3="99,52,106,6,86,34,16,21,70,105,66,48,7"/><W15/><G34/><T42/><D33/><U85/><E123/><V108/><F74/><W9/><G86/><T50/><D72/><U125/><E116/><V51/><F118/><W58/><G99/><T3/><D109/><N who="2" m="42090" /><F68/><W104/><REACH who="3" step="1"/><G9/><REACH who="3" ten="246,252,166,326" step="2"/><T17/><D84/><U90/><E87/><V98/><F98/><W92/><G92/><T97/><D97/><U23/><E95/><V81/><F8/><W24/><G24/><T47/><D135/><U107/><E27/><N who="2" m="18847" /><F51/><W31/><G31/><T100/><D50/><U62/><E85/><V19/><F19/><W93/><G93/><T63/><D17/><U134/><E134/><V32/><F32/><W75/><G75/><T45/><D49/><U61/><E124/><V29/><F29/><W43/><G43/><T40/><D40/><U30/><E125/><V96/><F96/><W38/><G38/><T25/><D42/><U132/><E30/><V83/><F37/><W79/><G79/><T2/><D25/><U77/><E26/><V111/><F111/><W41/><G41/><T122/><D20/><U76/><E23/><V101/><F101/><W88/><G88/><T103/><D100/><U46/><E90/><V91/><F91/><W11/><G11/><T82/><D103/><U73/><E22/><V115/><F115/><W78/><G78/><T0/><D82/><AGARI ba="0,1" hai="60,67,71,81,82,83,129,130" m="18847,42090" machi="82" ten="30,3900,0" yaku="14,1,52,2" doraHai="127" who="2" fromWho="0" sc="246,-39,252,0,166,49,326,0" /><INIT seed="4,0,0,4,4,119" ten="207,252,215,326" oya="0" hai0="75,8,43,76,81,23,106,105,90,73,10,6,112" hai1="11,70,124,0,33,107,21,39,86,93,85,52,87" hai2="100,37,132,65,27,77,53,22,122,45,30,113,129" hai3="94,18,34,41,104,57,3,67,14,83,72,108,62"/><T61/><D75/><U121/><E107/><V17/><F77/><W97/><G3/><T56/><D112/><U78/><E33/><V117/><F37/><W19/><G34/><T2/><D10/><U103/><E70/><V36/><F36/><W48/><G104/><T98/><D43/><U44/><E124/><V50/><F113/><W32/><G32/><T99/><D23/><U29/><E0/><V4/><F4/><W12/><G108/><T69/><D69/><U64/><E64/><V101/><F129/><W54/><G41/><T20/><D20/><U49/><E39/><V111/><F111/><W109/><G109/><T110/><D110/><U80/><E11/><V15/><F117/><W130/><G130/><T89/><D99/><N who="1" m="59887" /><E121/><V55/><F122/><W114/><G114/><T38/><D38/><U120/><E120/><V28/><F65/><W31/><G31/><T26/><D26/><AGARI ba="0,0" hai="21,26,29,44,49,52,78,80,85,86,87" m="59887" machi="26" ten="30,2000,0" yaku="8,1,54,1" doraHai="119" who="1" fromWho="0" sc="207,-20,252,20,215,0,326,0" /><INIT seed="5,0,0,3,0,67" ten="187,272,215,326" oya="1" hai0="33,18,131,14,13,10,51,122,1,117,93,3,15" hai1="134,114,96,37,41,86,104,42,63,85,43,133,32" hai2="36,62,45,78,113,31,87,25,40,109,16,24,77" hai3="99,0,119,21,125,20,49,100,135,128,38,76,91"/><U108/><E32/><V112/><F109/><W69/><G38/><T81/><D117/><U80/><E108/><V127/><F87/><W46/><G0/><T103/><D33/><U68/><E37/><V102/><F102/><W115/><G115/><N who="2" m="44105" /><F127/><W111/><G99/><T75/><D131/><U35/><E35/><N who="2" m="20967" /><F62/><W64/><G100/><T124/><D124/><U7/><E114/><V110/><F110/><W55/><G128/><T6/><D51/><U84/><E7/><V50/><F36/><W27/><G119/><T72/><D122/><U29/><E29/><V82/><F82/><W44/><G125/><T129/><D129/><U94/><E104/><V101/><F101/><W71/><G111/><T132/><D132/><N who="1" m="50795" /><E80/><V59/><F59/><W98/><G135/><T57/><D57/><U30/><E30/><V54/><F40/><W130/><G130/><T47/><D81/><U53/><E53/><V65/><F65/><W126/><G55/><T95/><D93/><U120/><E120/><V56/><F56/><W12/><G64/><T116/><D116/><U105/><E105/><V58/><F58/><W106/><G106/><T88/><D95/><U9/><E63/><V121/><F121/><W79/><G126/><T39/><D39/><U23/><E42/><V26/><F26/><W52/><G27/><T70/><D75/><U60/><E43/><V118/><F118/><W107/><G107/><T34/><D72/><U89/><E41/><V28/><F28/><W22/><G52/><T74/><D74/><U2/><E60/><V4/><F4/><W17/><G79/><RYUUKYOKU ba="0,0" sc="187,-10,272,-10,215,30,326,-10" hai2="16,25,45,50,54,77,78" /><INIT seed="6,1,0,1,1,18" ten="177,262,245,316" oya="2" hai0="65,24,115,19,94,16,99,46,36,45,71,29,107" hai1="128,130,70,114,33,10,82,97,53,131,37,63,64" hai2="77,92,133,31,112,7,30,113,100,34,67,55,78" hai3="110,6,48,9,88,11,66,40,127,50,102,27,56"/><V86/><F67/><W118/><G110/><T54/><D115/><N who="2" m="44106" /><F133/><W35/><G102/><T125/><D125/><U62/><E114/><V44/><F7/><W122/><G27/><T101/><D45/><U93/><E33/><V68/><F68/><W20/><G66/><T41/><D94/><U1/><E37/><V106/><F106/><W39/><G39/><T22/><REACH who="0" step="1"/><D54/><REACH who="0" ten="167,262,245,316" step="2"/><U105/><E53/><V72/><F55/><W47/><G127/><T52/><D52/><U17/><E93/><V81/><F44/><W129/><G47/><T104/><D104/><U134/><E105/><V42/><F92/><W4/><G122/><T87/><D87/><U15/><E128/><V69/><F86/><W8/><G129/><T98/><D98/><U21/><E97/><V103/><F103/><W25/><G40/><T111/><D111/><U75/><E75/><BYE who="1" /><V73/><F100/><W121/><G121/><T90/><D90/><U119/><E119/><V60/><F42/><W32/><G88/><T124/><D124/><U85/><E85/><V38/><F73/><UN n1="%63%68%72%6F%6E%75%73" /><W108/><G118/><T51/><D51/><U23/><E130/><V116/><F38/><W49/><G50/><T12/><D12/><U126/><E131/><V5/><F116/><W74/><G74/><T96/><D96/><U135/><E126/><V2/><F72/><W28/><G108/><T109/><D109/><U89/><E15/><V117/><F117/><W13/><G13/><T57/><D57/><U59/><E59/><V14/><F14/><W123/><G123/><T61/><AGARI ba="1,1" hai="16,19,22,24,29,36,41,46,61,65,71,99,101,107" machi="61" ten="30,7900,0" yaku="1,1,0,1,52,1,54,1,53,0" doraHai="18" doraHaiUra="0" who="0" fromWho="0" sc="167,92,262,-21,245,-40,316,-21" /><INIT seed="7,0,0,5,0,19" ten="259,241,205,295" oya="3" hai0="47,71,83,52,44,22,107,81,100,98,18,99,112" hai1="93,91,135,94,49,116,2,96,66,89,6,105,106" hai2="0,12,77,50,128,132,88,25,63,15,1,123,117" hai3="125,34,134,68,7,129,133,8,95,126,108,82,110"/><W4/><G68/><T69/><D112/><U42/><E135/><N who="3" m="51722" /><G129/><T60/><D99/><U5/><E66/><V14/><F132/><W20/><G34/><T27/><D71/><U120/><E120/><V17/><F117/><W61/><G82/><T70/><D70/><U130/><E130/><V43/><F128/><W37/><G37/><T30/><D30/><U127/><E127/><N who="3" m="48650" /><G61/><T62/><D62/><U33/><E33/><V76/><F123/><W92/><G20/><T48/><D69/><U114/><E116/><V109/><F109/><N who="3" m="42091" /><G7/><T56/><D60/><U74/><E6/><V97/><F63/><W51/><G51/><T38/><D38/><U21/><E49/><V124/><F124/><W119/><G119/><T67/><D67/><U46/><E21/><N who="2" m="13487" /><F0/><AGARI ba="0,0" hai="0,4,8,92,95" m="42091,48650,51722" machi="0" ten="40,7700,0" yaku="20,1,18,1,10,1" doraHai="19" who="3" fromWho="2" sc="259,0,241,0,205,-77,295,77" owari="259,6.0,241,-16.0,128,-37.0,372,47.0" /></mjloggm>