<mjloggm ver="2.3"><GO type="97" lobby="0"/><UN n0="%E3%82%A6%E3%83%AB%E3%83%88%E3%83%A9%E7%AB%8B%E7%9B%B4" n1="%73%61%6C%74%79%64%6F%67" n2="%E3%81%98%E3%82%8D%E3%81%99" n3="%E3%82%B6%E3%82%AC%E3%83%AD" dan="15,14,15,15" rate="1999.59,1932.43,1898.62,1995.71" sx="M,M,M,M"/><TAIKYOKU oya="0"/><INIT seed="0,0,0,3,0,125" ten="250,250,250,250" oya="0" hai0="28,75,124,113,43,60,15,44,68,97,129,88,59" hai1="25,50,101,41,12,31,33,57,3,7,6,80,16" hai2="128,54,87,71,69,135,91,119,26,4,103,121,74" hai3="20,0,84,51,63,58,76,134,77,21,102,126,79"/><T17/><D75/><U132/><E101/><V11/><F121/><W66/><G0/><T65/><D113/><U13/><E80/><V30/><F74/><W114/><G114/><T109/><D28/><U27/><E57/><V29/><F103/><W40/><G126/><T111/><D124/><U94/><E94/><V86/><F135/><W98/><G134/><T42/><D68/><U105/><E50/><V70/><F119/><W122/><G122/><T45/><D17/><U106/><E41/><N who="0" m="15369" /><D15/><N who="1" m="5707" /><E105/><V100/><F100/><W117/><G117/><T130/><D97/><U37/><E106/><V92/><F86/><W5/><G5/><N who="1" m="1546" /><E37/><V64/><F64/><W47/><REACH who="3" step="1"/><G84/><REACH who="3" ten="250,250,250,240" step="2"/><T53/><D88/><U34/><E132/><V62/><F87/><W90/><G90/><T108/><D65/><U2/><E34/><V72/><F91/><W78/><N who="3" m="19968" /><DORA hai="18" /><W67/><G67/><T14/><D14/><U99/><E99/><V32/><F32/><W89/><G89/><T116/><D116/><U38/><E38/><V22/><F71/><W35/><G35/><T83/><D83/><U61/><E61/><V115/><F70/><W112/><G112/><T73/><D73/><U39/><E39/><V96/><F69/><W85/><G85/><T36/><D36/><U81/><E81/><V82/><F72/><W93/><AGARI ba="0,1" hai="20,21,40,47,51,58,63,66,93,98,102" m="19968" machi="93" ten="40,16000,3" yaku="1,1,0,1,8,1,52,2,53,3" doraHai="125,18" doraHaiUra="19,56" who="3" fromWho="3" sc="250,-80,250,-40,250,-40,240,170" /><INIT seed="1,0,0,5,2,28" ten="170,210,210,410" oya="1" hai0="86,54,48,11,122,7,37,110,12,84,1,115,6" hai1="119,49,58,72,101,76,121,113,120,91,130,40,70" hai2="135,82,109,128,22,74,19,112,21,35,97,39,31" hai3="94,13,123,129,114,85,98,88,117,125,0,71,65"/><U45/><E101/><V30/><F82/><W78/><G0/><T14/><D37/><U59/><E91/><V116/><F97/><W93/><G71/><T118/><D118/><U104/><E104/><V44/><F44/><W105/><G65/><T108/><D115/><U26/><E113/><V27/><F74/><W36/><G36/><T50/><D1/><U99/><E99/><V52/><F39/><W106/><G13/><N who="0" m="5227" /><D54/><U42/><E26/><N who="2" m="18903" /><F52/><W24/><G24/><T68/><D11/><U38/><E76/><V67/><F67/><W15/><G15/><T20/><D20/><U133/><E72/><V111/><F112/><W3/><G3/><T89/><D89/><U46/><E119/><V18/><F116/><W25/><G25/><T96/><D96/><U57/><E133/><V8/><F128/><W95/><G114/><T124/><D68/><U5/><E5/><N who="0" m="1545" /><D122/><N who="1" m="47211" /><E70/><V9/><F135/><W60/><G117/><T61/><D61/><U77/><E77/><V53/><F53/><W79/><G123/><T56/><D56/><N who="1" m="14339" /><U87/><DORA hai="51" /><E87/><N who="0" m="33321" /><D124/><U107/><E107/><V63/><F63/><W64/><G60/><T132/><D132/><U4/><E4/><V103/><F103/><W41/><G125/><T131/><D131/><AGARI ba="0,0" hai="38,40,42,45,46,49,130,131" m="14339,47211" machi="131" ten="40,3900,0" yaku="34,2" doraHai="28,51" who="1" fromWho="0" sc="170,-39,210,39,210,0,410,0" /><INIT seed="1,1,0,4,3,25" ten="131,249,210,410" oya="1" hai0="111,55,38,80,96,39,125,72,8,5,14,41,49" hai1="76,37,135,67,32,62,124,13,34,108,69,119,129" hai2="99,17,115,30,132,27,100,117,123,60,64,83,0" hai3="112,3,54,101,103,120,59,57,19,1,43,102,40"/><U26/><E119/><V128/><F117/><W90/><G112/><T12/><D111/><U71/><E13/><V29/><F123/><W20/><G120/><T94/><D125/><U28/><E124/><V82/><F115/><W114/><G114/><T44/><D39/><U121/><E121/><V6/><F132/><W52/><G90/><T50/><D38/><U105/><E76/><V113/><F113/><W88/><G88/><T16/><D72/><U92/><E92/><N who="2" m="58471" /><F128/><W116/><G116/><T10/><D80/><N who="2" m="30762" /><F0/><W98/><G98/><T65/><D65/><U87/><E135/><V15/><F6/><W109/><G109/><T126/><D126/><U127/><E129/><V118/><F118/><W104/><G104/><T78/><D78/><U107/><E108/><V85/><F27/><N who="3" m="14751" /><G1/><T31/><D31/><N who="2" m="11786" /><F85/><W18/><G3/><T23/><D10/><U73/><E127/><V35/><F35/><W70/><G70/><T134/><D134/><U95/><E71/><V21/><F60/><N who="3" m="35879" /><G18/><T74/><D74/><U122/><E122/><V9/><F64/><W4/><G4/><T61/><D61/><AGARI ba="1,0" hai="40,43,54,59,61,101,102,103" m="35879,14751" machi="61" ten="30,2000,0" yaku="8,1,54,1" doraHai="25" who="3" fromWho="0" sc="131,-23,249,0,210,0,410,23" /><INIT seed="2,0,0,5,4,44" ten="108,249,210,433" oya="2" hai0="55,53,63,9,90,49,10,85,119,127,70,72,132" hai1="18,126,117,65,14,134,122,39,1,46,42,125,114" hai2="40,97,130,16,35,64,99,31,48,13,95,2,28" hai3="81,79,37,86,105,118,100,94,27,109,76,51,23"/><V113/><F113/><W98/><G37/><T21/><D72/><U88/><E1/><V108/><F2/><W6/><G118/><T131/><D119/><U50/><E117/><V107/><F107/><W11/><G109/><T62/><D127/><N who="1" m="48651" /><E114/><V19/><F64/><W5/><G79/><T12/><D131/><U45/><E122/><V123/><F123/><W111/><G111/><T96/><D132/><U93/><E65/><V135/><F108/><W26/><G11/><T60/><D70/><U87/><E134/><V104/><F104/><W133/><G133/><T3/><D96/><N who="2" m="36938" /><F135/><W57/><G105/><T116/><D116/><U120/><E120/><V124/><F130/><W47/><G57/><N who="0" m="32943" /><D3/><U92/><E46/><N who="2" m="25671" /><F35/><W73/><G73/><T25/><D55/><U128/><E128/><V33/><F33/><W56/><G56/><T34/><D34/><U80/><E39/><V89/><F124/><W101/><G101/><T71/><D71/><U67/><E67/><V54/><F54/><N who="3" m="30079" /><G27/><T75/><D75/><U74/><E74/><V30/><F13/><W22/><G22/><AGARI ba="0,0" hai="14,18,22,42,45,50,80,87,88,92,93" m="48651" machi="22" ten="30,3900,0" yaku="18,1,52,1,54,1" doraHai="44" who="1" fromWho="3" sc="108,0,249,39,210,0,433,-39" /><INIT seed="3,0,0,0,2,38" ten="108,288,210,394" oya="3" hai0="82,6,133,79,44,98,63,20,12,53,34,19,1" hai1="41,47,24,125,37,121,4,45,28,72,42,57,61" hai2="134,97,99,73,39,118,127,83,17,130,104,65,43" hai3="85,102,66,116,107,91,108,94,75,84,59,113,58"/><W32/><G75/><T110/><D110/><U135/><E121/><V124/><F118/><W26/><G116/><T21/><D133/><U96/><E72/><V106/><F65/><W46/><G113/><T7/><D34/><U95/><E135/><V92/><F17/><W77/><G108/><T23/><D1/><U103/><E125/><N who="2" m="48203" /><F39/><W33/><G107/><N who="2" m="41001" /><F134/><W69/><G69/><T8/><D98/><N who="2" m="37386" /><F130/><W30/><G102/><T89/><D89/><U105/><E4/><V100/><F100/><W52/><G33/><T29/><D29/><U81/><E81/><V115/><F115/><W87/><G66/><T68/><D68/><U78/><E105/><V10/><F10/><W70/><G70/><T119/><D119/><U62/><E78/><V132/><F132/><W71/><G71/><T109/><D109/><U55/><E62/><V13/><F73/><W64/><G64/><T80/><D79/><U60/><E61/><V49/><F49/><N who="3" m="28727" /><G77/><T111/><D111/><U122/><E122/><V112/><F112/><W54/><G32/><T90/><D90/><U31/><REACH who="1" step="1"/><E24/><REACH who="1" ten="108,278,210,394" step="2"/><V123/><F83/><N who="3" m="49567" /><G26/><T18/><D80/><U128/><E128/><V0/><F0/><W22/><G94/><T67/><D82/><U51/><AGARI ba="0,1" hai="28,31,37,41,42,45,47,51,55,57,60,95,96,103" machi="51" ten="20,12000,2" yaku="1,1,0,1,7,1,52,2,53,2" doraHai="38" doraHaiUra="27" who="1" fromWho="1" sc="108,-30,278,130,210,-30,394,-60" owari="78,-42.0,408,51.0,180,-22.0,334,13.0" /></mjloggm>