<mjloggm ver="2.3"><GO type="41" lobby="0"/><UN n0="%E3%82%A6%E3%83%AB%E3%83%88%E3%83%A9%E7%AB%8B%E7%9B%B4" n1="%6E%75%2D%62%75%72%61" n2="%E3%81%8D%E3%82%8A%E3%82%84%E3%81%BE" n3="%74%68%61%6E%6B%73%5F%66" dan="16,13,15,13" rate="2016.26,1859.46,1951.62,1929.03" sx="M,M,M,M"/><TAIKYOKU oya="0"/><INIT seed="0,0,0,2,4,73" ten="250,250,250,250" oya="0" hai0="134,120,131,0,18,100,126,129,107,78,31,44,48" hai1="38,112,102,8,13,34,14,11,51,87,90,110,71" hai2="70,92,66,56,93,77,21,5,57,86,133,81,65" hai3="115,6,19,29,123,106,63,72,79,54,23,62,64"/><T16/><D0/><U45/><E38/><V27/><F133/><W30/><G115/><T68/><D68/><U124/><E71/><V122/><F122/><W91/><G106/><T98/><D120/><U104/><E34/><V121/><F5/><W130/><G130/><N who="0" m="49675" /><D134/><U95/><E112/><V10/><F10/><W37/><G123/><T76/><D31/><U88/><E124/><V1/><F1/><W109/><G109/><T15/><D126/><U127/><E127/><V28/><F121/><W47/><G6/><T75/><D75/><U33/><E33/><V26/><F26/><W20/><G20/><N who="0" m="11295" /><D18/><N who="1" m="8487" /><E104/><V42/><F70/><W25/><G30/><T59/><D59/><N who="2" m="22602" /><F42/><AGARI ba="0,0" hai="42,44,48,76,78,98,100,107" m="11295,49675" machi="42" ten="30,11600,0" yaku="19,1,52,2,54,1" doraHai="73" who="0" fromWho="2" sc="250,116,250,0,250,-116,250,0" /><INIT seed="0,1,0,1,4,46" ten="366,250,134,250" oya="0" hai0="20,117,88,83,68,47,29,78,21,85,125,72,105" hai1="39,17,4,11,131,110,133,134,53,54,87,9,108" hai2="82,89,91,122,59,90,55,70,30,127,64,96,126" hai3="60,102,3,42,84,98,75,13,2,86,74,80,44"/><T40/><D68/><U6/><E39/><V16/><F30/><W19/><G86/><T109/><D117/><U8/><E87/><V63/><F82/><W12/><G12/><T50/><D125/><U36/><E36/><V27/><F122/><W101/><G101/><T112/><D112/><U130/><E11/><V57/><F96/><W51/><G60/><T48/><D105/><U33/><E33/><V1/><F1/><W45/><G45/><T77/><D109/><U121/><REACH who="1" step="1"/><E17/><REACH who="1" ten="366,240,134,250" step="2"/><V34/><F34/><W97/><G74/><T99/><D72/><U132/><E132/><V124/><REACH who="2" step="1"/><F55/><REACH who="2" ten="366,240,124,250" step="2"/><W37/><G98/><T56/><D99/><U79/><E79/><V69/><F69/><W128/><G128/><T14/><D77/><U94/><E94/><V92/><F92/><W95/><G75/><T62/><D78/><U23/><E23/><AGARI ba="1,2" hai="16,23,27,57,59,63,64,70,89,90,91,124,126,127" machi="23" ten="50,6400,0" yaku="1,1,18,1,54,1,53,0" doraHai="46" doraHaiUra="43" who="2" fromWho="1" sc="366,0,240,-67,124,87,250,0" /><INIT seed="1,0,0,3,0,63" ten="366,173,211,250" oya="1" hai0="111,124,127,87,70,116,44,53,60,132,39,62,119" hai1="24,30,33,45,95,19,8,35,126,133,43,93,14" hai2="69,20,113,47,110,75,56,2,59,13,108,82,83" hai3="129,38,41,109,37,135,99,28,72,97,11,1,73"/><U58/><E126/><N who="0" m="48169" /><D87/><U131/><E133/><V125/><F2/><W68/><G109/><T98/><D98/><U88/><E131/><V48/><F113/><W49/><G129/><T57/><D111/><U115/><E115/><V101/><F101/><W18/><G135/><T74/><D74/><U89/><E58/><V42/><F125/><W100/><G73/><T112/><D112/><U22/><E89/><V71/><F13/><W121/><G72/><T6/><D6/><U4/><E95/><V76/><F20/><W15/><G121/><T51/><D132/><U85/><REACH who="1" step="1"/><E30/><REACH who="1" ten="366,163,211,250" step="2"/><V80/><F108/><W9/><G28/><T32/><D116/><U27/><E27/><V92/><F92/><W10/><G68/><T54/><D119/><U102/><E102/><V123/><F110/><W77/><G100/><T84/><D70/><U29/><E29/><V114/><F114/><W78/><G1/><T90/><D57/><U25/><E25/><V50/><F56/><W61/><G61/><T128/><D60/><U40/><E40/><V66/><F123/><W17/><G41/><T96/><D62/><U105/><E105/><V12/><F69/><W23/><G78/><T104/><D104/><U130/><E130/><V91/><F91/><W65/><G77/><T107/><D107/><U94/><E94/><V117/><F76/><W134/><G134/><T5/><D128/><U7/><E7/><V118/><F117/><W64/><G18/><T86/><D90/><U0/><E0/><V67/><F71/><W79/><G79/><T26/><D5/><U21/><E21/><RYUUKYOKU ba="0,1" sc="366,-10,163,30,211,-10,250,-10" hai1="4,8,14,19,22,24,33,35,43,45,85,88,93" /><INIT seed="1,1,1,4,4,88" ten="356,193,201,240" oya="1" hai0="44,78,114,31,117,28,86,59,14,70,72,95,9" hai1="2,43,49,35,50,132,120,126,46,45,87,130,79" hai2="33,97,106,108,54,133,26,29,52,1,30,73,17" hai3="21,20,112,115,64,80,11,61,22,128,39,90,65"/><U57/><E120/><V69/><F73/><W6/><G128/><T19/><D70/><U75/><E130/><V66/><F1/><W111/><G111/><T16/><D72/><U122/><E122/><V116/><F116/><W119/><G119/><T68/><D68/><U8/><E75/><V89/><F108/><W85/><G39/><T55/><D114/><U0/><E35/><V15/><F30/><W34/><G34/><T124/><D117/><U48/><E126/><V98/><F98/><W24/><G24/><T99/><D44/><U4/><E132/><V42/><F42/><W32/><G32/><T27/><D124/><U51/><E0/><V40/><F40/><W63/><G115/><T74/><D74/><U123/><E123/><V105/><F105/><W12/><REACH who="3" step="1"/><G112/><REACH who="3" ten="356,193,201,230" step="2"/><T23/><D31/><U62/><E43/><V38/><F33/><W93/><G93/><T109/><D28/><U83/><N who="1" m="12288" /><DORA hai="82" /><U121/><REACH who="1" step="1"/><E121/><REACH who="1" ten="356,183,201,230" step="2"/><V56/><F133/><W25/><G25/><T10/><D109/><U18/><E18/><V104/><F17/><W118/><G118/><T3/><D19/><U53/><AGARI ba="1,3" hai="2,4,8,45,46,53,57,62,79,83,87" m="12288" machi="53" ten="40,12000,1" yaku="1,1,0,1,52,1,53,1" doraHai="88,82" doraHaiUra="110,76" who="1" fromWho="1" sc="356,-41,183,153,201,-41,230,-41" /><INIT seed="1,2,0,1,1,130" ten="315,336,160,189" oya="1" hai0="75,117,57,14,98,47,108,42,52,17,20,95,28" hai1="93,9,32,27,13,103,97,115,121,71,65,53,54" hai2="41,107,109,105,120,133,123,8,31,18,125,58,46" hai3="59,96,111,64,131,15,78,122,49,134,45,1,68"/><U51/><E115/><V34/><F109/><W72/><G1/><T90/><D75/><U0/><E121/><V24/><F58/><W66/><G122/><T50/><D108/><U113/><E113/><V124/><F18/><W102/><G111/><T5/><D117/><U112/><E112/><V25/><F25/><W36/><G131/><T86/><D28/><U91/><E0/><V118/><F8/><W19/><G68/><T39/><D98/><U60/><E91/><V80/><F80/><W26/><G26/><T135/><D5/><U89/><E89/><V67/><F67/><W128/><G128/><T84/><D84/><U7/><REACH who="1" step="1"/><E51/><REACH who="1" ten="315,326,160,189" step="2"/><V77/><F120/><W3/><G3/><T104/><D104/><U11/><E11/><V116/><F123/><W6/><G36/><T74/><D74/><U62/><E62/><V85/><F105/><W114/><G72/><T73/><D73/><U126/><E126/><V61/><F61/><W70/><G114/><T55/><D55/><U30/><AGARI ba="2,1" hai="7,9,13,27,30,32,53,54,60,65,71,93,97,103" machi="30" ten="30,6000,0" yaku="1,1,0,1,53,1" doraHai="130" doraHaiUra="10" who="1" fromWho="1" sc="315,-22,326,76,160,-22,189,-22" /><INIT seed="1,3,0,0,5,107" ten="293,402,138,167" oya="1" hai0="86,49,45,75,93,62,53,79,133,23,22,51,106" hai1="1,96,55,108,77,57,72,81,63,100,127,40,85" hai2="88,19,101,39,32,92,12,20,89,84,122,104,61" hai3="25,58,64,134,69,90,21,135,110,116,71,15,98"/><U2/><E127/><V37/><F122/><W36/><G36/><T9/><D106/><U87/><E40/><V42/><F32/><W46/><G46/><T34/><D34/><U41/><E108/><V130/><F130/><W6/><G110/><T35/><D35/><U17/><E41/><V54/><F42/><W33/><G33/><T48/><D133/><N who="3" m="50697" /><G116/><T0/><D0/><U112/><E112/><V13/><F13/><W114/><G114/><T66/><D9/><U128/><E128/><V3/><F3/><W82/><G15/><T27/><D22/><U44/><E44/><V109/><F109/><W118/><G6/><T31/><D75/><U76/><E17/><V105/><F89/><W73/><G118/><T10/><D10/><U115/><E115/><V91/><F91/><W43/><G43/><T5/><D5/><U119/><E119/><V132/><F132/><W78/><G90/><T67/><D67/><U126/><E126/><V18/><F18/><N who="3" m="12471" /><G98/><T117/><D117/><U11/><E2/><V60/><F60/><AGARI ba="3,0" hai="58,60,64,69,71,73,78,82" m="12471,50697" machi="60" ten="30,2000,0" yaku="20,1,52,1" doraHai="107" who="3" fromWho="2" sc="293,0,402,0,138,-29,167,29" /><INIT seed="2,0,0,1,4,4" ten="293,402,109,196" oya="2" hai0="104,20,74,118,54,52,11,124,112,129,38,122,75" hai1="13,65,7,63,39,111,17,97,16,58,78,96,76" hai2="86,29,113,87,110,45,108,93,89,41,105,115,83" hai3="2,55,134,131,109,44,60,88,119,1,95,107,77"/><V128/><F29/><W33/><G119/><T125/><D104/><U67/><E39/><V121/><F105/><W9/><G107/><T12/><D38/><U92/><E111/><N who="2" m="42539" /><F45/><W26/><G109/><T10/><D112/><N who="2" m="43082" /><F41/><W24/><G134/><T135/><D135/><U35/><E35/><V84/><F128/><W22/><G131/><T40/><D40/><U101/><E67/><V120/><F84/><W114/><G114/><T127/><D129/><U99/><E7/><V5/><F5/><W8/><G77/><AGARI ba="0,0" hai="77,83,86,87,89,93,120,121" m="43082,42539" machi="77" ten="30,11600,0" yaku="14,1,10,1,34,2" doraHai="4" who="2" fromWho="3" sc="293,0,402,0,109,116,196,-116" /><INIT seed="2,1,0,2,4,97" ten="293,402,225,80" oya="2" hai0="55,20,95,123,131,102,117,74,70,77,75,68,1" hai1="109,128,49,105,98,119,11,56,23,84,104,47,73" hai2="106,61,21,12,45,67,19,31,112,71,44,83,94" hai3="121,43,38,18,78,34,32,28,35,134,92,103,85"/><V57/><F112/><W40/><G121/><T66/><D1/><U125/><E119/><V9/><F106/><W113/><G113/><T129/><D123/><U89/><E109/><V76/><F71/><W81/><G38/><T26/><D117/><U132/><E73/><V96/><F83/><W50/><G134/><T118/><D118/><U0/><E132/><V91/><F76/><W79/><G18/><T64/><D55/><U52/><E125/><V46/><REACH who="2" step="1"/><F31/><REACH who="2" ten="293,402,215,80" step="2"/><W22/><G78/><T4/><D77/><U53/><E128/><V110/><F110/><W15/><G79/><T126/><D68/><U108/><E108/><V86/><F86/><W82/><G82/><T30/><D70/><U87/><E105/><V88/><F88/><W54/><G81/><T24/><D131/><U72/><E72/><V60/><F60/><W107/><G85/><T48/><D129/><U27/><E104/><V133/><F133/><W39/><G107/><T65/><D75/><U2/><E98/><V13/><F13/><W5/><G15/><T51/><D74/><U127/><E127/><V41/><F41/><W90/><G43/><T116/><D126/><U62/><E2/><V69/><F69/><W99/><G40/><T36/><D116/><U29/><E89/><V130/><F130/><W8/><G28/><T59/><D30/><U63/><E63/><V16/><F16/><W101/><G90/><T14/><D14/><U6/><AGARI ba="1,1" hai="0,6,11,23,27,29,47,49,52,53,56,62,84,87" machi="6" ten="30,2000,0" yaku="0,1,54,1" doraHai="97" who="1" fromWho="1" sc="293,-6,402,33,215,-11,80,-6" /><INIT seed="3,0,0,1,2,7" ten="287,435,204,74" oya="3" hai0="76,72,11,128,37,73,109,90,83,78,129,97,30" hai1="60,46,89,107,52,130,81,26,10,106,9,104,69" hai2="87,132,120,17,112,135,105,31,25,117,79,124,100" hai3="88,15,94,121,114,110,126,13,131,34,38,75,28"/><W93/><G114/><T4/><D30/><U118/><E130/><N who="0" m="50281" /><D37/><U63/><E118/><V116/><F112/><W3/><G121/><T18/><D18/><U125/><E125/><V16/><F124/><W82/><G126/><T5/><D5/><U54/><E26/><V123/><F79/><N who="0" m="30250" /><D109/><U47/><E81/><V62/><F87/><W92/><G131/><T61/><D61/><N who="1" m="23627" /><E89/><V22/><F62/><W134/><G3/><N who="0" m="415" /><D97/><U21/><E21/><V68/><F68/><W51/><G38/><T64/><D64/><U66/><E66/><V41/><F41/><W80/><G75/><T53/><D53/><N who="1" m="20587" /><E69/><V20/><F31/><W43/><G28/><T36/><D36/><U113/><E113/><V101/><F25/><W55/><G34/><T12/><D12/><U6/><E6/><V24/><F24/><W119/><G13/><T85/><AGARI ba="0,0" hai="72,73,83,85,90" m="415,30250,50281" machi="85" ten="30,2000,0" yaku="19,1,52,1" doraHai="7" who="0" fromWho="0" sc="287,20,435,-5,204,-5,74,-10" /><INIT seed="4,0,0,4,0,67" ten="307,430,199,64" oya="0" hai0="87,35,86,105,49,134,45,51,44,15,38,10,102" hai1="1,5,89,113,3,128,101,31,115,107,82,0,41" hai2="97,65,84,127,79,46,111,19,54,120,36,47,95" hai3="50,23,106,25,61,39,55,71,66,119,93,11,69"/><T94/><D35/><U64/><E128/><V60/><F111/><W43/><G106/><T12/><D38/><U73/><E31/><V112/><F120/><W121/><G11/><T68/><D105/><U30/><E30/><V88/><F112/><N who="1" m="43081" /><E41/><V40/><F127/><W108/><G93/><T53/><D134/><U90/><E5/><V110/><F110/><W56/><G108/><T129/><D129/><U59/><E101/><V116/><F116/><W77/><G77/><T24/><D24/><U78/><E107/><V98/><F79/><W85/><G85/><T125/><D125/><U75/><E75/><V74/><F74/><W118/><G121/><T81/><D68/><N who="3" m="26185" /><G23/><T14/><D94/><U6/><E6/><V130/><F19/><W63/><G25/><T100/><D10/><U32/><E32/><V42/><F130/><W13/><G13/><T57/><D100/><U21/><E21/><V8/><F8/><W34/><G34/><T80/><D102/><U70/><E59/><V114/><F114/><W133/><G133/><T109/><D109/><U58/><E58/><V124/><F124/><W22/><G22/><T83/><D57/><U18/><E18/><V26/><F26/><W103/><G103/><T29/><D29/><U9/><E9/><V2/><F2/><W7/><G7/><T20/><D20/><U99/><E99/><V37/><F97/><W76/><G76/><T62/><D87/><U131/><E131/><V17/><F98/><W123/><G123/><T52/><D86/><U126/><E126/><V33/><F33/><W104/><G104/><RYUUKYOKU ba="0,0" sc="307,15,430,15,199,-15,64,-15" hai0="12,14,15,44,45,49,51,52,53,62,80,81,83" hai1="0,1,3,64,70,73,78,82,89,90" /><INIT seed="4,1,0,3,2,92" ten="322,445,184,49" oya="0" hai0="105,84,70,119,77,3,81,58,7,2,61,1,41" hai1="73,11,126,6,56,55,23,4,20,95,111,83,54" hai2="44,0,108,53,99,89,69,40,28,42,117,5,100" hai3="124,75,14,25,34,37,74,121,63,57,90,46,127"/><T21/><D70/><U103/><E111/><V32/><F108/><W116/><G116/><T101/><D119/><U24/><E126/><N who="3" m="48170" /><G14/><T31/><D41/><U18/><E73/><N who="3" m="27658" /><G90/><T125/><D125/><U8/><E83/><V118/><F89/><W43/><G121/><T64/><D7/><N who="1" m="2603" /><E23/><V132/><F0/><W39/><G57/><T86/><D86/><U128/><E128/><V130/><F5/><W26/><G63/><T102/><REACH who="0" step="1"/><D105/><REACH who="0" ten="312,445,184,49" step="2"/><U65/><E8/><V49/><F69/><W59/><G59/><T68/><D68/><U79/><E11/><V51/><F117/><W22/><G34/><T133/><D133/><U112/><E56/><V80/><F132/><W76/><G76/><T15/><D15/><U35/><E79/><V48/><F32/><W123/><G123/><T33/><D33/><U45/><E35/><V113/><F118/><W13/><G13/><T87/><D87/><U129/><E24/><AGARI ba="1,1" hai="1,2,3,21,24,31,58,61,64,77,81,84,101,102" machi="24" ten="40,2000,0" yaku="1,1,53,0" doraHai="92" doraHaiUra="114" who="0" fromWho="1" sc="312,33,445,-23,184,0,49,0" /><INIT seed="4,2,0,5,1,72" ten="345,422,184,49" oya="0" hai0="53,5,36,122,32,25,16,98,79,130,109,22,64" hai1="116,23,69,94,24,97,103,39,119,85,114,13,88" hai2="105,10,87,82,59,31,76,14,86,120,77,99,95" hai3="8,115,81,106,80,100,123,45,71,38,49,63,135"/><T17/><D32/><U127/><E39/><V28/><F105/><W4/><G115/><T27/><D122/><U57/><E69/><V113/><F113/><W62/><G135/><T83/><D109/><U70/><E114/><V7/><F59/><W134/><G38/><T61/><D130/><U42/><E70/><V125/><F125/><W52/><G134/><T60/><D5/><U19/><E127/><V118/><F118/><W93/><G106/><T84/><D36/><U73/><E42/><V75/><F75/><W101/><G123/><T41/><D41/><U30/><E57/><V0/><F0/><W37/><G37/><T131/><D131/><U132/><E73/><V126/><F126/><W121/><G121/><T89/><D64/><U34/><REACH who="1" step="1"/><E132/><REACH who="1" ten="345,412,184,49" step="2"/><V92/><F120/><W133/><G133/><T18/><D27/><U90/><E90/><N who="2" m="55703" /><F95/><AGARI ba="2,1" hai="13,19,23,24,30,34,85,88,94,95,97,103,116,119" machi="95" ten="30,3900,0" yaku="1,1,7,1,54,1,53,0" doraHai="72" doraHaiUra="110" who="1" fromWho="2" sc="345,0,412,55,184,-45,49,0" /><INIT seed="5,0,0,5,2,74" ten="345,467,139,49" oya="1" hai0="83,109,10,135,88,97,48,8,13,4,73,7,59" hai1="0,104,5,75,113,108,44,19,122,18,60,114,51" hai2="37,36,66,130,50,99,47,105,118,23,126,103,110" hai3="3,111,100,24,120,90,72,49,134,32,39,28,96"/><U71/><E122/><V89/><F110/><W106/><G111/><T78/><D109/><U80/><E108/><V131/><F118/><W16/><G120/><T35/><D35/><U42/><E104/><V11/><F126/><W125/><G39/><T53/><D135/><U117/><E117/><V133/><F133/><W127/><G134/><T17/><D10/><N who="1" m="2343" /><E71/><V132/><F132/><W58/><G72/><T56/><D56/><U121/><E121/><V128/><F66/><W46/><G58/><T15/><REACH who="0" step="1"/><D15/><REACH who="0" ten="335,467,139,49" step="2"/><U87/><E75/><V91/><F11/><W2/><G125/><T119/><D119/><U34/><E34/><V123/><F123/><W6/><G127/><T62/><D62/><U65/><E60/><V101/><F23/><W77/><G32/><T33/><D33/><U68/><E68/><V116/><F116/><W30/><G24/><T45/><D45/><U107/><E65/><V64/><F64/><W1/><G46/><T9/><D9/><U31/><E107/><V124/><F124/><W38/><G106/><T67/><D67/><U79/><E31/><V84/><F47/><W43/><G30/><T81/><D81/><U102/><E102/><V86/><F101/><W70/><G28/><T112/><D112/><AGARI ba="0,1" hai="18,19,42,44,51,79,80,87,112,113,114" m="2343" machi="112" ten="30,2900,0" yaku="15,1,52,1" doraHai="74" who="1" fromWho="0" sc="335,-29,467,39,139,0,49,0" /><INIT seed="5,1,0,1,4,124" ten="306,506,139,49" oya="1" hai0="10,52,43,71,46,4,135,134,82,59,16,79,111" hai1="7,68,64,129,95,45,33,110,19,81,94,8,99" hai2="11,112,100,63,18,0,80,103,108,57,91,72,27" hai3="107,97,117,75,69,83,1,104,122,93,58,67,127"/><U48/><E33/><V44/><F108/><W49/><G122/><T66/><D111/><U53/><E110/><V118/><F118/><W20/><G127/><T65/><D71/><U133/><E133/><V87/><F72/><W6/><G117/><T26/><D134/><U25/><E81/><V37/><F112/><W38/><G38/><T119/><D135/><U114/><E114/><V24/><F24/><W115/><G115/><T15/><D119/><U32/><E64/><V61/><F61/><W77/><G69/><T21/><D46/><U78/><E68/><V132/><F132/><W5/><G20/><T36/><D43/><U51/><E78/><V85/><F0/><W70/><G70/><T23/><D23/><N who="1" m="13567" /><E32/><V121/><F121/><W3/><G3/><T113/><D36/><U35/><E35/><V101/><F44/><W123/><G123/><T74/><REACH who="0" step="1"/><D113/><REACH who="0" ten="296,506,139,49" step="2"/><U76/><E45/><V105/><F37/><W47/><G58/><T42/><D42/><U102/><E102/><V39/><F101/><W30/><G47/><T29/><D29/><U31/><E31/><V120/><F100/><W109/><G30/><T130/><D130/><U9/><E129/><V131/><F103/><W17/><G109/><T55/><D55/><U73/><E53/><V12/><F131/><W88/><G67/><T126/><D126/><U60/><E9/><V34/><F11/><W56/><G56/><T62/><AGARI ba="1,1" hai="4,10,15,16,21,26,52,59,62,65,66,74,79,82" machi="62" ten="20,8000,1" yaku="1,1,0,1,7,1,54,2,53,0" doraHai="124" doraHaiUra="98" who="0" fromWho="0" sc="296,93,506,-41,139,-21,49,-21" /><INIT seed="6,0,0,0,4,133" ten="389,465,118,28" oya="2" hai0="131,53,88,134,118,79,98,36,75,132,11,119,130" hai1="18,25,95,91,16,72,23,123,77,120,135,97,100" hai2="32,73,58,39,65,87,105,68,37,8,7,34,112" hai3="24,90,1,108,50,106,93,61,74,3,82,5,59"/><V29/><F87/><W99/><G108/><T33/><D53/><U66/><E135/><N who="0" m="51753" /><D11/><U13/><E66/><V121/><F58/><W101/><G50/><T64/><D64/><U110/><E110/><V85/><F85/><W129/><G129/><N who="0" m="49163" /><D36/><U60/><E60/><V80/><F112/><W111/><G111/><T128/><D33/><U126/><E77/><V127/><F121/><N who="1" m="46665" /><E72/><V9/><F73/><W56/><G56/><T71/><D71/><U28/><E100/><V27/><F37/><W10/><G24/><T113/><D128/><U76/><E76/><V70/><F39/><W30/><G30/><T22/><D22/><N who="1" m="11535" /><E28/><V19/><F29/><W44/><G44/><T2/><D2/><U94/><E94/><V116/><F65/><W48/><G48/><T0/><D0/><U92/><E92/><V83/><F68/><W109/><G109/><T102/><D113/><U84/><E97/><V54/><F54/><N who="3" m="34039" /><G10/><T124/><D102/><U41/><E41/><V117/><F8/><W86/><G5/><T89/><D98/><U103/><E103/><V17/><F7/><W107/><G1/><T12/><D89/><U6/><E6/><V35/><F9/><W20/><G3/><T45/><D88/><U40/><E40/><V115/><F115/><W49/><G49/><T31/><D45/><U62/><E62/><V69/><F70/><W63/><G63/><T104/><D104/><U14/><E25/><V51/><F105/><W21/><G107/><T15/><D31/><U125/><AGARI ba="0,0" hai="14,18,23,84,91,95,125,126" m="11535,46665" machi="125" ten="30,7900,0" yaku="13,1,52,2,54,1" doraHai="133" who="1" fromWho="1" sc="389,-20,465,79,118,-39,28,-20" /><INIT seed="7,0,0,0,5,16" ten="369,544,79,8" oya="3" hai0="2,94,31,119,111,68,13,134,129,54,28,96,127" hai1="43,130,97,4,116,58,10,3,132,23,113,108,52" hai2="114,53,106,112,89,46,101,78,14,95,99,120,60" hai3="19,37,86,64,12,11,87,103,104,1,26,15,81"/><W34/><G37/><T65/><D13/><U83/><E108/><V27/><F120/><W128/><G128/><T5/><D54/><U75/><E130/><V41/><F78/><W109/><G109/><T7/><D94/><U17/><E113/><N who="2" m="43627" /><F14/><W135/><G135/><T62/><D96/><U82/><E132/><V21/><F53/><W29/><G1/><T56/><D28/><U45/><E116/><V24/><F60/><W48/><G81/><T115/><D31/><U8/><E8/><V105/><F24/><W126/><G126/><T73/><D7/><U74/><E97/><N who="2" m="57583" /><F101/><W32/><G32/><T47/><D5/><U92/><E92/><V117/><F117/><W98/><G64/><T124/><D47/><U90/><E90/><V63/><F63/><W35/><G35/><T121/><D56/><U51/><E75/><V44/><F99/><W72/><G72/><T59/><D59/><U40/><E74/><V20/><F27/><W25/><G25/><T38/><D62/><U55/><E40/><V85/><F85/><W79/><G79/><T39/><D65/><U84/><E84/><V91/><F91/><W76/><G76/><T57/><D57/><U33/><E33/><V9/><F9/><W77/><G77/><T110/><D110/><U71/><E55/><V50/><F44/><W93/><G104/><AGARI ba="0,0" hai="20,21,41,46,50,104,105,106" m="57583,43627" machi="104" ten="30,3900,0" yaku="15,1,52,2" doraHai="16" who="2" fromWho="3" sc="369,0,544,0,79,39,8,-39" owari="369,17.0,544,64.0,118,-28.0,-31,-53.0" /></mjloggm>