<mjloggm ver="2.3"><GO type="97" lobby="0"/><UN n0="%E3%82%A2%E3%82%B7%E3%83%A5%E3%83%AA%E3%83%BC" n1="%64%6F%72%6F%62%61%62%61" n2="%E7%8C%9F%E5%AE%98%E3%83%90%E3%83%8B%E3%83%B3%E3%82%B0%E3%82%B9" n3="%E3%82%A6%E3%83%AB%E3%83%88%E3%83%A9%E7%AB%8B%E7%9B%B4" dan="14,13,14,15" rate="1889.31,1853.78,2062.85,1983.11" sx="F,F,M,M"/><TAIKYOKU oya="0"/><INIT seed="0,0,0,5,3,47" ten="250,250,250,250" oya="0" hai0="46,95,72,37,65,117,83,66,116,76,115,28,60" hai1="106,11,40,3,58,52,78,16,38,15,62,98,94" hai2="91,18,0,49,4,92,103,118,69,107,55,10,77" hai3="6,44,129,127,45,29,33,85,124,22,57,36,121"/><T101/><D115/><U67/><E106/><V31/><F69/><W74/><G74/><T75/><D28/><U41/><E78/><V96/><F118/><W111/><G33/><T70/><D66/><U34/><E34/><V13/><F31/><W134/><G111/><T64/><D64/><U30/><E30/><V120/><F77/><W108/><G108/><T21/><D21/><U123/><E3/><V1/><F120/><W104/><G104/><T105/><D105/><U112/><E112/><V35/><F35/><W59/><G6/><T132/><D132/><U51/><E38/><V19/><F1/><W43/><G22/><T63/><D60/><U84/><E84/><V48/><F55/><W79/><G29/><T90/><D101/><U126/><E126/><V26/><F26/><W9/><G9/><T87/><REACH who="0" step="1"/><D72/><REACH who="0" ten="240,250,250,250" step="2"/><U88/><REACH who="1" step="1"/><E123/><REACH who="1" ten="240,240,250,250" step="2"/><V125/><F107/><W80/><G121/><T7/><D7/><U135/><E135/><V71/><F4/><W24/><G134/><T68/><D68/><AGARI ba="0,2" hai="11,15,16,40,41,51,52,58,62,67,68,88,94,98" machi="68" ten="30,12000,2" yaku="1,1,7,1,52,1,54,3,53,0" doraHai="47" doraHaiUra="113" who="1" fromWho="0" sc="240,-120,240,140,250,0,250,0" /><INIT seed="1,0,0,4,2,123" ten="120,380,250,250" oya="1" hai0="27,7,121,35,30,100,65,131,13,29,111,44,57" hai1="59,96,62,88,47,102,67,32,6,1,2,31,34" hai2="68,0,17,38,124,118,94,79,5,104,60,82,125" hai3="87,12,4,8,107,52,119,23,11,61,45,48,64"/><U70/><E47/><V54/><F118/><W37/><G107/><T51/><D121/><U126/><E126/><V26/><F104/><W41/><G119/><T85/><D131/><U69/><E34/><V109/><F38/><W3/><G23/><T101/><D111/><U16/><E2/><V116/><F116/><W25/><G25/><T77/><D29/><U99/><E1/><V134/><F94/><W40/><G87/><T24/><D24/><U90/><E6/><V22/><F134/><W14/><G37/><T42/><D65/><U75/><E75/><V130/><F130/><W128/><G128/><T76/><D57/><U78/><E78/><V122/><F122/><W66/><G3/><T18/><D76/><U129/><E32/><V89/><F79/><W92/><G92/><T50/><D50/><U72/><E72/><V53/><F5/><W43/><REACH who="3" step="1"/><G61/><REACH who="3" ten="120,380,250,240" step="2"/><T97/><D97/><U120/><E120/><V28/><F0/><W21/><G21/><T74/><D74/><U81/><E99/><V15/><F82/><W117/><G117/><T33/><D33/><U115/><E81/><V133/><F133/><W49/><G49/><T63/><D63/><U95/><E129/><V36/><F36/><W19/><AGARI ba="0,1" hai="4,8,11,12,14,19,40,41,43,45,48,52,64,66" machi="19" ten="30,7900,0" yaku="1,1,0,1,8,1,54,1,53,0" doraHai="123" doraHaiUra="55" who="3" fromWho="3" sc="120,-20,380,-39,250,-20,240,89" /><INIT seed="2,0,0,1,3,84" ten="100,341,230,329" oya="2" hai0="125,90,120,129,25,64,67,66,122,19,75,2,105" hai1="77,4,30,51,109,50,43,78,22,33,21,104,91" hai2="42,99,89,15,56,11,53,123,69,85,55,31,101" hai3="94,102,62,20,124,54,65,87,133,130,27,96,79"/><V116/><F116/><W106/><G124/><T45/><D2/><U28/><BYE who="0" /><E104/><V76/><F123/><W48/><G130/><T10/><D10/><U95/><E4/><V98/><F69/><UN n0="%E3%82%A2%E3%82%B7%E3%83%A5%E3%83%AA%E3%83%BC" /><W74/><G133/><T71/><D105/><U52/><E43/><V93/><F42/><W49/><G74/><T115/><D115/><U29/><E33/><V39/><F39/><W132/><G132/><T127/><D75/><U128/><E50/><V126/><F126/><N who="0" m="48138" /><D129/><U111/><E128/><V12/><F31/><W23/><G23/><N who="1" m="8714" /><E109/><V113/><F113/><W18/><G54/><N who="2" m="20489" /><F56/><N who="3" m="37063" /><G106/><T5/><D5/><U41/><E41/><V9/><F76/><W26/><G26/><T44/><D71/><U73/><E73/><V36/><F36/><W40/><G40/><T6/><D6/><U1/><E1/><V72/><F72/><W14/><G27/><T92/><D25/><U118/><E118/><V0/><F0/><W97/><G49/><T107/><D107/><U8/><E8/><N who="2" m="3147" /><F101/><W47/><G102/><T57/><D57/><N who="1" m="32927" /><E111/><V114/><F114/><W17/><G48/><T103/><D103/><U134/><E134/><V13/><AGARI ba="0,0" hai="12,13,15,85,89,93,98,99" m="3147,20489" machi="13" ten="30,3000,0" yaku="8,1,52,1" doraHai="84" who="2" fromWho="2" sc="100,-10,341,-10,230,30,329,-10" /><INIT seed="2,1,0,2,4,21" ten="90,331,260,319" oya="2" hai0="106,5,28,126,2,120,19,124,34,1,7,30,93" hai1="94,62,104,13,41,117,70,32,17,53,52,39,101" hai2="48,85,65,20,14,23,37,18,102,105,0,6,72" hai3="99,80,64,31,116,61,26,128,119,108,44,27,24"/><V54/><F72/><W86/><G128/><T83/><D106/><U132/><E32/><V35/><F37/><W92/><G108/><T67/><D67/><U11/><E104/><V118/><F118/><W113/><G113/><T50/><D50/><U76/><E117/><V75/><F75/><W33/><G33/><T74/><D74/><U73/><E41/><V71/><F35/><W112/><G112/><T12/><D93/><U134/><E39/><V87/><F0/><N who="0" m="106" /><D83/><U81/><E62/><V110/><F6/><N who="0" m="2058" /><D120/><U82/><E73/><V107/><F110/><W129/><G129/><T16/><D124/><U51/><E53/><V59/><F105/><W109/><G109/><T3/><N who="0" m="114" /><T78/><DORA hai="55" /><D78/><U133/><E70/><V49/><F49/><W4/><G44/><T69/><D69/><U91/><E101/><V127/><F127/><W47/><G47/><T77/><D77/><U42/><E42/><V100/><F107/><W95/><G95/><T9/><D126/><U40/><E40/><V38/><F38/><W43/><G43/><T98/><D98/><N who="1" m="57695" /><E76/><V29/><F65/><W114/><G114/><T63/><D63/><U56/><AGARI ba="1,0" hai="11,13,17,51,52,56,81,82,132,133,134" m="57695" machi="56" ten="30,4000,0" yaku="20,1,52,1,54,1" doraHai="21,55" who="1" fromWho="1" sc="90,-11,331,43,260,-21,319,-11" /><INIT seed="3,0,0,0,3,76" ten="79,374,239,308" oya="3" hai0="124,115,29,120,58,99,39,90,84,95,134,119,114" hai1="28,79,94,46,62,12,36,88,31,96,131,117,126" hai2="2,45,73,25,21,106,17,14,130,75,38,66,19" hai3="108,61,8,101,105,34,82,112,3,132,80,87,57"/><W64/><G34/><T48/><D48/><U59/><E117/><V118/><F118/><W71/><G112/><T81/><D81/><N who="3" m="31337" /><G105/><T41/><D41/><U1/><E79/><V54/><F2/><W100/><G71/><T0/><D84/><U70/><E1/><V85/><F106/><W23/><G3/><T122/><D90/><U69/><E126/><V55/><F73/><W16/><G132/><T89/><D95/><U78/><E131/><V68/><F75/><W125/><G125/><T104/><D89/><U32/><E78/><V7/><F130/><W63/><G108/><T40/><D99/><U129/><E129/><V116/><F116/><W13/><G87/><T44/><D40/><U51/><E36/><V20/><F85/><W10/><G63/><T47/><D47/><U26/><E12/><V43/><F68/><W65/><G65/><T24/><D44/><U133/><E31/><V33/><F33/><W67/><G67/><T123/><D58/><U128/><E133/><V103/><F66/><W53/><G64/><T102/><D102/><AGARI ba="0,0" hai="8,10,13,16,23,53,57,61,100,101,102" m="31337" machi="102" ten="30,12000,1" yaku="8,1,52,3,54,1" doraHai="76" who="3" fromWho="0" sc="79,-120,374,0,239,0,308,120" owari="-41,-54.0,374,17.0,239,-16.0,428,53.0" /></mjloggm>