<mjloggm ver="2.3"><GO type="97" lobby="0"/><UN n0="%E3%82%A6%E3%83%AB%E3%83%88%E3%83%A9%E7%AB%8B%E7%9B%B4" n1="%30%30%30%30%30%30%30" n2="%E6%94%BE%E6%B5%AA%E3%81%AE%E3%83%97%E3%83%AA%E3%83%B3%E3%82%B9" n3="%E4%BD%91%E5%A4%AA" dan="15,14,15,13" rate="1996.47,1952.43,1986.05,1880.80" sx="M,M,M,M"/><TAIKYOKU oya="0"/><INIT seed="0,0,0,2,2,49" ten="250,250,250,250" oya="0" hai0="21,102,94,48,78,61,26,65,45,128,133,101,27" hai1="54,73,59,3,110,122,116,90,53,66,40,32,115" hai2="1,76,7,35,42,113,69,37,19,57,80,105,120" hai3="89,14,123,23,119,72,10,132,43,58,111,127,56"/><T13/><D128/><U12/><E122/><V124/><F120/><W103/><G123/><T29/><D133/><U112/><E110/><V95/><F105/><W134/><G111/><T82/><D26/><U15/><E73/><V11/><F69/><W36/><G119/><T114/><D114/><N who="1" m="43563" /><E32/><V129/><F113/><W39/><G72/><T18/><D82/><U83/><E3/><V75/><F129/><W77/><G77/><T63/><D78/><U52/><E40/><V100/><F35/><W93/><G103/><T33/><D94/><U55/><E66/><V70/><F70/><W0/><G127/><T125/><D125/><U2/><E2/><V22/><F124/><W71/><G71/><T87/><D87/><N who="1" m="50559" /><E116/><V25/><F42/><W84/><G0/><T34/><D34/><U99/><E99/><V106/><F106/><W30/><G30/><T47/><D47/><U46/><E46/><V109/><F109/><W108/><G108/><T131/><D131/><U81/><E81/><V118/><F118/><W97/><G23/><T88/><D33/><U121/><E121/><V96/><F37/><W68/><G68/><T24/><D29/><U67/><E67/><V85/><F75/><W98/><G98/><T8/><D65/><U17/><E17/><V51/><F57/><N who="3" m="22123" /><G97/><T6/><D24/><U130/><E130/><V16/><F19/><N who="3" m="8663" /><G43/><N who="0" m="24639" /><D88/><U62/><AGARI ba="0,0" hai="12,15,52,53,54,55,59,62" m="50559,43563" machi="62" ten="30,12000,2" yaku="11,1,52,4,54,1" doraHai="49" who="1" fromWho="1" sc="250,-60,250,120,250,-30,250,-30" /><INIT seed="1,0,0,2,3,6" ten="190,370,220,220" oya="1" hai0="76,75,88,19,8,28,13,0,32,100,1,90,33" hai1="97,45,123,81,50,109,57,128,4,18,30,84,39" hai2="114,61,58,103,56,66,110,9,7,115,48,133,20" hai3="34,131,53,55,135,127,124,23,12,93,22,122,85"/><U91/><E39/><V102/><F110/><W68/><G34/><N who="0" m="13419" /><D76/><U46/><E30/><V49/><F133/><W101/><G68/><T98/><D75/><U112/><E128/><V51/><F20/><W3/><G3/><N who="0" m="1099" /><D88/><U63/><E123/><V21/><F21/><N who="3" m="7691" /><G12/><N who="0" m="7559" /><D90/><U62/><E109/><V70/><F70/><W94/><G122/><T105/><D98/><U54/><E4/><V99/><F58/><W132/><G85/><T116/><D100/><U130/><E112/><N who="2" m="43051" /><F99/><W117/><G117/><T52/><D52/><N who="3" m="20041" /><G101/><T96/><D96/><U89/><E130/><V80/><F80/><W118/><G118/><T107/><D105/><U69/><E69/><V67/><F66/><W77/><G77/><T111/><D107/><U29/><E97/><V43/><F43/><W87/><G131/><T37/><D37/><U42/><E81/><V113/><N who="2" m="43059" /><V17/><DORA hai="78" /><F17/><W129/><G129/><T120/><D111/><U35/><E42/><V27/><F27/><W72/><G72/><T15/><D116/><U59/><E57/><V108/><F108/><W40/><G40/><T121/><D28/><U79/><E29/><V31/><F31/><W47/><G47/><T104/><D104/><U25/><E45/><V95/><F95/><N who="3" m="36363" /><G87/><T125/><D121/><U16/><E84/><V11/><F7/><W44/><G44/><T14/><D120/><U41/><E46/><V73/><F73/><W65/><G65/><T10/><D125/><AGARI ba="0,0" hai="124,125,127,132,135" m="36363,20041,7691" machi="125" ten="40,8000,1" yaku="28,2,18,1,54,1" doraHai="6,78" who="3" fromWho="0" sc="190,-80,370,0,220,0,220,80" /><INIT seed="2,0,0,2,0,13" ten="110,370,220,300" oya="2" hai0="25,86,112,118,10,126,20,26,90,88,3,65,111" hai1="34,60,73,55,1,23,49,131,108,51,128,54,69" hai2="48,83,130,41,125,123,37,77,119,42,78,19,134" hai3="52,113,35,67,27,47,29,135,72,91,121,18,93"/><V33/><F119/><W115/><G121/><T17/><D118/><U132/><E34/><V117/><F117/><W96/><G72/><T66/><D112/><N who="3" m="43081" /><G135/><T46/><D126/><U92/><E73/><V40/><F123/><W75/><G75/><T122/><D122/><U36/><E1/><V102/><F37/><W98/><G67/><T57/><D111/><U120/><E120/><V28/><F134/><W95/><G18/><T124/><D124/><U4/><E4/><V68/><F125/><W2/><G2/><T9/><D3/><U31/><E36/><V97/><F68/><W16/><G16/><N who="0" m="12423" /><D46/><U107/><E107/><V81/><F130/><W50/><G93/><N who="0" m="54423" /><D90/><U74/><E108/><V101/><F28/><W76/><G76/><N who="2" m="29289" /><F33/><W104/><G104/><T129/><D129/><U71/><E74/><V61/><F19/><W110/><G110/><T32/><D32/><U85/><E31/><V133/><F133/><W7/><G7/><T53/><D10/><U21/><E132/><V45/><F102/><W30/><G29/><T63/><D26/><U94/><E128/><V14/><F101/><W99/><AGARI ba="0,0" hai="27,30,35,47,50,52,91,95,96,98,99" m="43081" machi="99" ten="30,2000,0" yaku="11,1,54,1" doraHai="13" who="3" fromWho="3" sc="110,-5,370,-5,220,-10,300,20" /><INIT seed="3,0,0,1,3,22" ten="105,365,210,320" oya="3" hai0="95,116,131,53,129,13,74,52,8,124,38,69,114" hai1="50,60,103,80,108,32,100,96,20,1,118,71,33" hai2="102,42,34,21,16,135,39,83,41,107,73,0,43" hai3="36,106,91,76,31,133,12,130,23,4,119,75,113"/><W18/><G119/><T70/><D95/><U2/><E1/><V25/><F0/><W49/><G113/><T54/><D13/><U79/><E2/><V24/><F135/><W81/><G36/><T84/><D84/><U111/><E103/><V115/><F115/><W28/><G133/><T11/><D114/><U61/><E71/><V66/><F66/><W127/><G127/><T86/><D86/><U35/><E50/><V128/><F128/><W109/><G130/><N who="0" m="49675" /><D74/><U14/><E118/><V56/><F39/><W77/><G106/><T40/><D11/><U117/><E117/><V15/><F34/><W120/><G120/><T105/><D8/><U125/><E125/><V98/><REACH who="2" step="1"/><F56/><REACH who="2" ten="105,365,200,320" step="2"/><W27/><G109/><T72/><D116/><U123/><E33/><V44/><F44/><W134/><G134/><T101/><D72/><U94/><E32/><V45/><F45/><W58/><G75/><T65/><D101/><U90/><E35/><V87/><F87/><N who="3" m="50671" /><G4/><T10/><D105/><U126/><E123/><V67/><F67/><W37/><G37/><T132/><D132/><U47/><E126/><V5/><F5/><W88/><G88/><T17/><D124/><U104/><E111/><V89/><F89/><W110/><G110/><T85/><D85/><U99/><E108/><V63/><F63/><W122/><G122/><T6/><D6/><U29/><E60/><V51/><F51/><W57/><G57/><T62/><D70/><U30/><E61/><V3/><F3/><W9/><G31/><T93/><D69/><U46/><E29/><V7/><F7/><RYUUKYOKU ba="0,1" sc="105,-15,365,-15,200,15,320,15" hai2="15,16,21,24,25,41,42,43,73,83,98,102,107" hai3="9,12,18,23,27,28,49,58,76,77" /><INIT seed="3,1,1,4,3,101" ten="90,350,215,335" oya="3" hai0="92,98,18,105,126,79,68,74,118,82,23,123,35" hai1="116,75,47,119,8,71,51,16,109,55,64,91,133" hai2="115,67,132,129,58,117,96,102,85,2,7,111,100" hai3="84,114,9,108,128,61,42,89,83,86,60,48,106"/><W24/><G114/><T112/><D68/><U36/><E75/><V65/><F85/><N who="3" m="50367" /><G106/><T28/><D28/><U95/><E133/><V73/><F58/><W63/><G128/><T43/><D35/><U5/><E109/><V29/><F67/><W87/><G108/><T34/><D34/><U57/><E16/><V122/><F7/><W94/><G9/><T78/><D43/><U56/><E71/><V10/><F29/><W31/><G31/><T107/><D18/><U93/><E95/><V41/><F102/><W72/><G72/><N who="0" m="43335" /><D23/><U22/><E22/><V124/><F100/><W59/><G24/><T113/><D118/><N who="1" m="45099" /><E64/><V90/><F90/><N who="3" m="53575" /><G59/><T125/><D123/><U0/><E36/><V103/><F103/><W32/><G32/><T66/><D66/><U120/><E120/><V17/><F17/><W134/><G134/><T99/><D74/><U40/><E40/><V1/><F65/><W44/><AGARI ba="1,1" hai="42,44,48,60,61,63,86,87" m="53575,50367" machi="44" ten="30,1500,0" yaku="8,1" doraHai="101" who="3" fromWho="3" sc="90,-6,350,-6,215,-6,335,28" owari="84,-42.0,344,14.0,209,-19.0,363,47.0" /></mjloggm>