<mjloggm ver="2.3"><GO type="97" lobby="0"/><UN n0="%E3%81%B5%E3%81%8F%E3%81%99%E3%81%91%E3%81%8F%E3%82%93" n1="%E5%8F%A3%E3%83%AA%E3%82%AE%E3%81%97%E3%81%92%E3%82%8B" n2="%E3%82%A6%E3%83%AB%E3%83%88%E3%83%A9%E7%AB%8B%E7%9B%B4" n3="%74%69%2D%68%6F%2D" dan="15,15,15,15" rate="2076.16,1969.85,2010.87,1941.81" sx="M,M,M,M"/><TAIKYOKU oya="0"/><INIT seed="0,0,0,1,1,105" ten="250,250,250,250" oya="0" hai0="71,45,89,110,70,4,119,36,67,29,125,14,1" hai1="0,9,41,117,13,101,130,25,92,2,104,57,52" hai2="118,23,50,126,26,91,68,48,44,59,42,12,128" hai3="107,54,30,6,84,49,80,56,114,55,108,127,83"/><T93/><D119/><U20/><E104/><V97/><F68/><W123/><G107/><T21/><D1/><U86/><E130/><V131/><F126/><W76/><G114/><T87/><D125/><U24/><E41/><V74/><F12/><W73/><G127/><T88/><D110/><U113/><E25/><V35/><F35/><W132/><G6/><T60/><D71/><U18/><E113/><V51/><F118/><W95/><G30/><T78/><D78/><U63/><E117/><V99/><F74/><W129/><G123/><T33/><D33/><U72/><E72/><V46/><F59/><W10/><G10/><T28/><D36/><U5/><E101/><V75/><F75/><W82/><G129/><N who="2" m="49737" /><F91/><W90/><G132/><T81/><D45/><N who="2" m="17514" /><F42/><W64/><G64/><T38/><D38/><U43/><REACH who="1" step="1"/><E43/><REACH who="1" ten="250,240,250,250" step="2"/><V111/><F111/><W37/><G108/><T40/><D40/><U22/><E22/><V106/><F106/><W61/><G37/><T103/><D103/><U79/><E79/><V15/><F15/><W124/><G124/><T120/><D120/><U27/><E27/><V19/><AGARI ba="0,1" hai="19,23,26,48,50,51,97,99" m="17514,49737" machi="19" ten="40,1500,0" yaku="19,1" doraHai="105" who="2" fromWho="2" sc="250,-7,240,-4,250,25,250,-4" /><INIT seed="1,0,0,2,0,33" ten="243,236,275,246" oya="1" hai0="16,19,71,82,108,73,48,113,21,103,128,65,25" hai1="72,46,85,51,99,15,3,101,116,5,20,40,78" hai2="52,63,80,135,24,75,28,59,50,31,131,68,56" hai3="123,13,100,120,95,102,43,41,124,29,106,112,39"/><U54/><E116/><V122/><F122/><W76/><G39/><T90/><D113/><U8/><E72/><V104/><F104/><W35/><G35/><T93/><D108/><U10/><E20/><V91/><F131/><W127/><G106/><T12/><D128/><U49/><E78/><V66/><F135/><W44/><G76/><T42/><D103/><N who="3" m="39465" /><G29/><T7/><D65/><U64/><E85/><N who="2" m="50599" /><F68/><W70/><G44/><T130/><D71/><U38/><E64/><V88/><F75/><W53/><G70/><T1/><D130/><U34/><E54/><V32/><F32/><W74/><G74/><T86/><D1/><U79/><E79/><V84/><F24/><W23/><G53/><T134/><D7/><U98/><E34/><V55/><F55/><W94/><G23/><T133/><D73/><U110/><E110/><V45/><F45/><W11/><G13/><T0/><D0/><U81/><E81/><AGARI ba="0,0" hai="28,31,50,52,56,59,63,66,81,84,88" m="50599" machi="81" ten="30,3900,0" yaku="8,1,54,2" doraHai="33" who="2" fromWho="1" sc="243,0,236,-39,275,39,246,0" /><INIT seed="2,0,0,0,0,62" ten="243,197,314,246" oya="2" hai0="84,117,110,35,75,54,89,83,60,42,124,128,125" hai1="94,23,14,67,29,57,105,72,31,45,7,4,99" hai2="1,103,16,26,66,47,52,122,102,39,69,129,86" hai3="92,64,135,33,3,114,9,12,90,50,112,127,55"/><V51/><F1/><W22/><G3/><T56/><D35/><U24/><E105/><V6/><F6/><W40/><G33/><T8/><D110/><U76/><E45/><V120/><F129/><W5/><G40/><T41/><D128/><U27/><E76/><V38/><F38/><W34/><G34/><T20/><D75/><U71/><E14/><V113/><F113/><N who="3" m="43627" /><G22/><T0/><D117/><U11/><E11/><V19/><F39/><W121/><G121/><T87/><D20/><N who="1" m="15495" /><E71/><V85/><F26/><W2/><G135/><T93/><D0/><U116/><E72/><V88/><F85/><N who="3" m="52303" /><G127/><N who="0" m="48715" /><D8/><U82/><E82/><N who="2" m="49239" /><F69/><W96/><G96/><T107/><D107/><U28/><E28/><V59/><F120/><W108/><G108/><T30/><D30/><U134/><E134/><V101/><F122/><W111/><G111/><T36/><D36/><U109/><E109/><V44/><F44/><N who="3" m="28103" /><G2/><T133/><D133/><U25/><E25/><V13/><F13/><W79/><G79/><AGARI ba="0,0" hai="41,42,54,56,60,79,83,84,87,89,93" m="48715" machi="79" ten="30,1000,0" yaku="18,1" doraHai="62" who="0" fromWho="3" sc="243,10,197,0,314,0,246,-10" /><INIT seed="3,0,0,5,0,41" ten="253,197,314,236" oya="3" hai0="125,17,67,99,87,44,118,82,47,75,129,33,64" hai1="8,53,7,100,27,52,11,95,55,35,65,119,108" hai2="126,85,83,66,127,103,122,128,116,89,101,90,106" hai3="104,58,32,114,134,12,43,29,78,88,71,42,92"/><W91/><G71/><T1/><D118/><U57/><E119/><V4/><F116/><W63/><G104/><T59/><D75/><U86/><E108/><V21/><F128/><W19/><G114/><T70/><D70/><U9/><E35/><V123/><F66/><N who="0" m="25130" /><D33/><U62/><E27/><V40/><F40/><N who="3" m="15403" /><G32/><T0/><D129/><U34/><E34/><V133/><F133/><W80/><G134/><T131/><D131/><U74/><E74/><V124/><F106/><W49/><G29/><T13/><D0/><U72/><E72/><V115/><F115/><W28/><G28/><T51/><D1/><U61/><E61/><V37/><F37/><W111/><G111/><T93/><D125/><U79/><E79/><V77/><F4/><W60/><G78/><N who="0" m="46551" /><D59/><U14/><REACH who="1" step="1"/><E100/><REACH who="1" ten="253,187,314,236" step="2"/><N who="2" m="38475" /><F122/><W23/><G80/><T18/><D51/><U69/><E69/><V46/><F123/><W30/><G30/><T73/><D73/><U50/><E50/><V10/><F126/><W102/><G102/><N who="0" m="60783" /><D13/><U109/><E109/><V24/><F124/><W81/><G81/><T48/><D48/><U3/><E3/><V121/><F127/><W38/><G38/><T113/><D113/><U16/><E16/><AGARI ba="0,1" hai="16,17,18,44,47" m="60783,46551,25130" machi="16" ten="30,7700,0" yaku="8,1,52,2,54,1" doraHai="41" who="0" fromWho="1" sc="253,87,187,-77,314,0,236,0" owari="340,44.0,110,-39.0,314,11.0,236,-16.0" /></mjloggm>