<mjloggm ver="2.3"><GO type="41" lobby="0"/><UN n0="%E3%82%A6%E3%83%AB%E3%83%88%E3%83%A9%E7%AB%8B%E7%9B%B4" n1="%E6%B0%B4%E5%88%86%E8%A3%9C%E7%B5%A6" n2="%61%6C%69%63%65" n3="%E3%81%88%E3%82%80%E8%94%B5" dan="16,13,13,15" rate="2069.90,1904.80,1881.37,2026.97" sx="M,M,M,M"/><TAIKYOKU oya="0"/><INIT seed="0,0,0,1,0,17" ten="250,250,250,250" oya="0" hai0="132,2,108,103,63,60,45,58,93,88,11,126,76" hai1="77,54,66,90,28,23,36,95,111,114,50,61,21" hai2="112,118,24,15,14,9,3,99,125,25,40,82,10" hai3="91,105,130,41,47,89,134,20,98,22,71,100,81"/><T46/><D132/><U68/><E111/><V18/><F112/><W131/><G71/><T104/><D126/><U12/><E36/><V56/><F40/><W7/><G7/><T35/><D35/><U51/><E77/><V72/><F3/><W43/><G134/><T57/><D108/><U84/><E114/><V13/><F118/><W80/><G47/><T62/><D76/><U42/><E28/><V122/><F122/><W109/><G109/><T30/><D30/><U44/><E12/><V127/><F99/><W55/><G55/><T102/><D104/><U73/><REACH who="1" step="1"/><E73/><REACH who="1" ten="250,240,250,250" step="2"/><V94/><F15/><W101/><G105/><T106/><D106/><U107/><E107/><V79/><F94/><W96/><AGARI ba="0,1" hai="20,22,41,43,80,81,89,91,96,98,100,101,130,131" machi="96" ten="25,8000,1" yaku="0,1,22,2,52,2" doraHai="17" who="3" fromWho="3" sc="250,-40,240,-20,250,-20,250,90" /><INIT seed="1,0,0,3,1,24" ten="210,220,230,340" oya="1" hai0="78,3,135,89,120,41,77,116,25,76,6,42,28" hai1="125,33,69,72,47,92,122,36,107,58,54,126,57" hai2="115,83,46,8,87,9,40,18,102,43,117,119,67" hai3="68,30,22,88,20,114,128,50,97,59,7,63,71"/><U131/><E72/><V21/><F102/><W34/><G114/><T109/><D116/><U118/><E107/><V86/><F67/><W17/><G7/><T56/><D120/><U29/><E118/><V61/><F61/><W31/><G128/><T14/><D3/><U75/><E75/><V124/><F124/><N who="1" m="47721" /><E69/><V100/><F100/><W79/><G34/><T62/><D89/><U32/><E122/><V23/><F115/><W16/><G79/><T121/><D121/><U73/><E73/><V39/><F83/><W1/><G1/><T60/><D60/><U110/><E33/><V48/><F48/><W35/><G35/><T81/><D81/><U49/><E110/><V74/><F74/><W95/><G50/><T11/><D109/><U112/><E131/><V37/><F18/><N who="3" m="7275" /><G68/><T45/><D45/><AGARI ba="0,0" hai="8,9,21,23,37,39,40,43,45,46,86,87,117,119" machi="45" ten="25,1600,0" yaku="22,2" doraHai="24" who="2" fromWho="0" sc="210,-16,220,0,230,16,340,0" /><INIT seed="2,0,0,2,3,22" ten="194,220,246,340" oya="2" hai0="46,17,53,7,69,104,73,90,62,75,101,15,132" hai1="126,93,71,81,60,31,50,86,14,34,48,23,0" hai2="134,98,119,111,38,4,42,9,68,131,78,40,66" hai3="121,91,33,6,57,56,102,89,125,12,13,94,21"/><V115/><F119/><W106/><G121/><T100/><D132/><U113/><E0/><V109/><F115/><W127/><G33/><T80/><D7/><U88/><E34/><V18/><F134/><W128/><G128/><T55/><D75/><U118/><E126/><N who="3" m="48138" /><G6/><T19/><D73/><U36/><E36/><V25/><F78/><W54/><G21/><T120/><D120/><U123/><E113/><V122/><F131/><W84/><G91/><T43/><D19/><U45/><E118/><V87/><F122/><W44/><G44/><T52/><D104/><U10/><E123/><V64/><F87/><W117/><G56/><T58/><D69/><U32/><E32/><V37/><F98/><N who="3" m="61783" /><G117/><T49/><D90/><U108/><E45/><V35/><F4/><W16/><G16/><T110/><D80/><U28/><E81/><V79/><F79/><W107/><G107/><T20/><REACH who="0" step="1"/><D110/><REACH who="0" ten="184,220,246,340" step="2"/><N who="2" m="41994" /><F18/><W30/><G30/><T82/><D82/><U112/><E31/><N who="2" m="19951" /><F68/><W29/><G29/><T11/><D11/><U77/><E112/><V65/><F9/><W2/><G89/><T39/><D39/><AGARI ba="0,1" hai="37,38,39,40,42,64,65,66" m="19951,41994" machi="39" ten="40,7700,0" yaku="14,1,10,1,52,1" doraHai="22" who="2" fromWho="0" sc="184,-77,220,0,246,87,340,0" /><INIT seed="2,1,0,1,0,98" ten="107,220,333,340" oya="2" hai0="22,4,90,24,96,55,109,75,131,60,102,29,18" hai1="115,65,78,41,28,97,14,31,6,93,27,99,114" hai2="63,2,57,101,110,104,53,47,46,76,123,103,124" hai3="134,82,17,121,40,26,116,129,111,36,133,107,16"/><V128/><F123/><W58/><G121/><T105/><D75/><U44/><E97/><V83/><F2/><W35/><G116/><T87/><D131/><U32/><E78/><V64/><F128/><W100/><G129/><T45/><D4/><U20/><E65/><V13/><F124/><W33/><G111/><T108/><D45/><N who="2" m="16906" /><F104/><W74/><G40/><T0/><D0/><U9/><E31/><V84/><F110/><W50/><G50/><T7/><D7/><U117/><E32/><V66/><F13/><W135/><G36/><T15/><D55/><U130/><E117/><V67/><AGARI ba="1,0" hai="53,57,63,64,66,67,76,83,84,101,103" m="16906" machi="67" ten="30,6000,0" yaku="8,1,52,2" doraHai="98" who="2" fromWho="2" sc="107,-21,220,-21,333,63,340,-21" /><INIT seed="2,2,0,3,3,72" ten="86,199,396,319" oya="2" hai0="34,59,41,37,64,19,127,95,100,24,45,132,63" hai1="21,43,75,18,33,128,50,121,118,55,1,123,10" hai2="122,108,56,38,65,13,88,69,29,83,31,120,104" hai3="124,60,89,102,68,101,109,112,25,40,16,14,11"/><V67/><F38/><W91/><G109/><T119/><D119/><U32/><E43/><V106/><F13/><W115/><G40/><T54/><D127/><U97/><E75/><V92/><F83/><W114/><G124/><T53/><D132/><U6/><E97/><V44/><F44/><W52/><G25/><T99/><D34/><U48/><E128/><V5/><F5/><W42/><G42/><T35/><D35/><U78/><E78/><V87/><F69/><W23/><G11/><T0/><D0/><U57/><E50/><V2/><F2/><W76/><G76/><T9/><D9/><U20/><E20/><V36/><F36/><W66/><REACH who="3" step="1"/><G52/><REACH who="3" ten="86,199,396,309" step="2"/><T79/><D24/><N who="1" m="14391" /><E118/><V46/><F108/><W126/><G126/><T90/><D19/><U117/><E117/><V93/><F120/><AGARI ba="2,1" hai="1,6,10,32,33,48,55,57,120,121,123" m="14391" machi="120" ten="30,1000,0" yaku="13,1" doraHai="72" who="1" fromWho="2" sc="86,0,199,26,396,-16,309,0" /><INIT seed="3,0,0,3,0,106" ten="86,225,380,309" oya="3" hai0="100,54,19,95,38,34,110,58,90,118,5,6,94" hai1="21,91,120,15,68,16,35,32,52,39,53,134,43" hai2="27,22,126,83,25,86,1,123,11,127,131,85,55" hai3="122,10,84,28,92,115,40,51,33,73,42,17,75"/><W133/><G122/><T72/><D38/><U135/><E68/><V97/><F123/><W107/><G115/><T26/><D118/><U109/><E109/><V50/><F131/><W116/><G107/><T119/><D119/><U124/><E124/><N who="2" m="47659" /><F97/><W113/><G116/><T36/><D36/><U80/><E120/><V129/><F129/><W45/><G113/><T57/><D110/><U18/><E43/><V101/><F101/><W82/><G42/><T104/><D104/><U103/><E39/><V3/><F11/><W102/><G133/><N who="1" m="50698" /><E103/><V60/><F60/><W87/><G102/><T56/><D100/><U128/><E128/><V125/><N who="2" m="47667" /><V2/><DORA hai="4" /><F85/><W76/><G33/><N who="1" m="12874" /><E18/><V70/><F22/><W20/><G20/><T0/><D34/><U98/><E98/><V65/><F65/><W44/><G28/><T7/><D54/><U78/><E91/><N who="2" m="51679" /><F70/><W41/><G17/><T89/><D19/><U105/><E105/><V81/><F81/><W14/><G82/><T30/><D30/><U9/><E21/><V114/><F114/><W8/><G84/><AGARI ba="0,0" hai="9,15,16,52,53,78,80,84" m="12874,50698" machi="84" ten="30,7700,0" yaku="20,1,52,1,54,2" doraHai="106,4" who="1" fromWho="3" sc="86,0,225,77,380,0,309,-77" /><INIT seed="4,0,0,3,0,115" ten="86,302,380,232" oya="0" hai0="119,98,16,49,124,14,75,83,42,43,54,134,109" hai1="60,133,77,71,36,18,19,45,130,3,29,125,108" hai2="67,128,27,76,73,48,107,55,94,22,52,127,5" hai3="47,92,120,20,41,8,101,84,23,2,90,50,82"/><T10/><D124/><U110/><E29/><V81/><F107/><W74/><G120/><T117/><D134/><U99/><E99/><V13/><F127/><W65/><G65/><T63/><D109/><U4/><E19/><V88/><F128/><W89/><G101/><T32/><D32/><U64/><E18/><V1/><F1/><W57/><G74/><T24/><D24/><U70/><E125/><V34/><F67/><W33/><G33/><T61/><D98/><U97/><E97/><V135/><F135/><W12/><G57/><T39/><D39/><U86/><E130/><V53/><F34/><W62/><G62/><T123/><D123/><U51/><E36/><V105/><F105/><W58/><G58/><T40/><D75/><U44/><E45/><V118/><F118/><W21/><G2/><T112/><D112/><U0/><E71/><V79/><F79/><W30/><G30/><T100/><D100/><U131/><E3/><V104/><F104/><W17/><REACH who="3" step="1"/><G8/><REACH who="3" ten="86,302,380,222" step="2"/><T93/><D63/><U116/><E60/><V114/><F114/><W85/><AGARI ba="0,1" hai="12,17,20,21,23,41,47,50,82,84,85,89,90,92" machi="85" ten="20,8000,1" yaku="1,1,2,1,0,1,7,1,8,1,53,0" doraHai="115" doraHaiUra="31" who="3" fromWho="3" sc="86,-40,302,-20,380,-20,222,90" /><INIT seed="5,0,0,5,4,78" ten="46,282,360,312" oya="1" hai0="54,27,87,68,14,134,13,85,53,129,59,103,20" hai1="94,72,37,100,1,24,127,3,90,22,40,97,17" hai2="2,91,47,123,107,65,108,23,84,39,18,121,75" hai3="12,25,69,38,119,21,76,15,73,111,70,43,58"/><U118/><E118/><V117/><F107/><W0/><G0/><T82/><D68/><U16/><E127/><V36/><F2/><W128/><G111/><T112/><D112/><U98/><E72/><V64/><F75/><W34/><G34/><T19/><D129/><U66/><E66/><V96/><F117/><W29/><G119/><T77/><D134/><U56/><E56/><V10/><F108/><W132/><G58/><T122/><D122/><U95/><REACH who="1" step="1"/><E17/><REACH who="1" ten="46,272,360,312" step="2"/><V114/><F114/><W6/><G132/><T105/><D105/><U115/><E115/><V79/><F64/><W33/><G69/><T63/><D103/><U62/><E62/><V35/><F65/><W11/><G70/><T89/><REACH who="0" step="1"/><D54/><REACH who="0" ten="36,272,360,312" step="2"/><U124/><E124/><V110/><F110/><W8/><G128/><T88/><D88/><U120/><E120/><V67/><F91/><W74/><G76/><T57/><D57/><U116/><E116/><V50/><F67/><W133/><G133/><T51/><D51/><U61/><E61/><V46/><F50/><W104/><G38/><T71/><D71/><U44/><AGARI ba="0,2" hai="1,3,16,22,24,37,40,44,90,94,95,97,98,100" machi="44" ten="30,6000,0" yaku="1,1,0,1,54,1,53,0" doraHai="78" doraHaiUra="26" who="1" fromWho="1" sc="36,-20,272,80,360,-20,312,-20" /><INIT seed="5,1,0,3,3,73" ten="16,352,340,292" oya="1" hai0="95,123,128,24,117,2,49,100,45,43,98,127,23" hai1="96,99,14,31,125,60,58,37,77,55,102,132,79" hai2="12,13,71,74,92,33,107,131,16,8,35,69,42" hai3="25,11,68,18,106,10,67,113,26,134,118,76,110"/><U6/><E37/><V61/><F107/><W19/><G106/><T133/><D2/><U1/><E1/><V130/><F74/><W119/><G68/><T87/><D117/><N who="3" m="44553" /><G67/><T34/><D34/><U62/><E125/><V52/><F42/><W38/><G38/><T91/><D127/><U59/><E132/><V97/><F13/><N who="3" m="7479" /><G76/><N who="1" m="29258" /><E31/><V64/><F71/><W78/><G78/><T9/><D133/><U126/><E102/><V103/><REACH who="2" step="1"/><F52/><REACH who="2" ten="16,352,330,292" step="2"/><W75/><G75/><T86/><D123/><U27/><E126/><V53/><F53/><W66/><G134/><T39/><D39/><U51/><E27/><V4/><F4/><W7/><G66/><T94/><D128/><AGARI ba="1,1" hai="8,12,16,33,35,61,64,69,92,97,103,128,130,131" machi="128" ten="40,5200,0" yaku="1,1,19,1,54,1,53,0" doraHai="73" doraHaiUra="47" who="2" fromWho="0" sc="16,-55,352,0,330,65,292,0" owari="-39,-54.0,352,15.0,395,50.0,292,-11.0" /></mjloggm>