<mjloggm ver="2.3"><GO type="97" lobby="0"/><UN n0="%E9%83%A1%E5%B1%B1%E7%83%88%E7%81%AB" n1="%58%69" n2="%E3%82%A6%E3%83%AB%E3%83%88%E3%83%A9%E7%AB%8B%E7%9B%B4" n3="%52%41%44%49%41%4E%43%45" dan="14,15,15,16" rate="1915.53,2038.81,2017.66,2044.60" sx="M,M,M,M"/><TAIKYOKU oya="0"/><INIT seed="0,0,0,4,4,6" ten="250,250,250,250" oya="0" hai0="57,12,107,130,30,70,126,1,44,120,29,119,17" hai1="45,101,105,109,42,127,91,15,84,74,96,116,48" hai2="7,77,40,4,94,87,89,75,65,72,100,88,104" hai3="115,125,43,63,82,122,56,114,16,73,76,135,86"/><T54/><D119/><U97/><E116/><V13/><F65/><W93/><G122/><T28/><D120/><U19/><E109/><V62/><F62/><W117/><G117/><T123/><D123/><U111/><E111/><V33/><F40/><W106/><G43/><T79/><D107/><U18/><E127/><V66/><F66/><W108/><G108/><T2/><D70/><U3/><E3/><V50/><F50/><W34/><G34/><T32/><D32/><U14/><E74/><V99/><F7/><W37/><G37/><T35/><D35/><U133/><E133/><V61/><F61/><W9/><G106/><T20/><D79/><U5/><E5/><V129/><F33/><W53/><G125/><T78/><D78/><U60/><E60/><V121/><F121/><W118/><G118/><T110/><D110/><U58/><E58/><V132/><F132/><W85/><G135/><T134/><D134/><U26/><E97/><N who="2" m="61455" /><F13/><W92/><G85/><T64/><D126/><U102/><E102/><N who="2" m="60791" /><F4/><W90/><REACH who="3" step="1"/><G92/><REACH who="3" ten="250,250,250,240" step="2"/><T113/><D113/><U47/><E42/><V0/><F0/><W103/><G103/><T59/><D2/><U95/><E105/><V131/><F131/><W81/><G81/><T55/><D1/><U67/><E101/><V46/><F129/><W51/><G51/><T11/><D130/><U24/><E48/><V69/><F87/><W98/><G98/><T39/><D39/><U36/><E96/><V31/><F72/><W49/><G49/><T25/><D44/><U27/><E36/><V124/><F75/><W41/><G41/><RYUUKYOKU ba="0,1" sc="250,-10,250,-10,250,-10,240,30" hai3="9,16,53,56,63,73,76,82,86,90,93,114,115" /><INIT seed="1,1,1,2,4,56" ten="240,240,240,270" oya="1" hai0="61,40,115,84,5,69,75,54,127,88,58,66,37" hai1="116,91,123,27,31,62,131,34,60,25,20,21,117" hai2="85,105,11,98,125,82,86,135,133,51,114,71,80" hai3="90,39,81,7,94,0,22,33,112,74,16,1,44"/><U26/><E123/><V23/><F71/><W48/><G33/><T109/><D75/><U28/><E131/><V110/><F11/><W67/><G39/><T97/><D115/><U36/><E36/><V42/><F23/><W9/><G112/><T78/><D5/><U130/><E130/><V18/><F18/><W92/><G0/><T17/><D109/><U118/><REACH who="1" step="1"/><E91/><REACH who="1" ten="240,230,240,270" step="2"/><V49/><F114/><W64/><G90/><T30/><D37/><U6/><E6/><V3/><F125/><W120/><G120/><T119/><D127/><U99/><E99/><V35/><F98/><W8/><G7/><T57/><D97/><U95/><E95/><V12/><F105/><W104/><G104/><T113/><D113/><U101/><E101/><V29/><F110/><W129/><G129/><T59/><D88/><U108/><E108/><V106/><F106/><W65/><G94/><T87/><D119/><U134/><E134/><V93/><F93/><W102/><G92/><T38/><D38/><U72/><E72/><V32/><F133/><W41/><G102/><T53/><D87/><U73/><E73/><V89/><F135/><W83/><G1/><T55/><D84/><U43/><E43/><V24/><F3/><W107/><G107/><T19/><D40/><U79/><E79/><V15/><F42/><W126/><G126/><T124/><D78/><U111/><E111/><V2/><F2/><W122/><G122/><T10/><D124/><U47/><E47/><V77/><F77/><N who="3" m="44215" /><G83/><T103/><D103/><U128/><E128/><V68/><F89/><W45/><G45/><RYUUKYOKU ba="1,2" sc="240,-15,230,15,240,-15,270,15" hai1="20,21,25,26,27,28,31,34,60,62,116,117,118" hai3="8,9,16,22,41,44,48,64,65,67" /><INIT seed="1,2,2,0,2,57" ten="225,245,225,285" oya="1" hai0="135,24,75,118,63,23,99,14,0,28,89,96,46" hai1="60,114,86,76,33,58,19,77,84,85,42,95,12" hai2="1,73,32,117,21,88,3,92,30,79,87,72,26" hai3="80,38,17,66,82,119,13,69,7,31,74,45,8"/><U113/><E33/><V94/><F117/><W105/><G105/><T130/><D118/><U101/><E42/><V128/><F128/><W6/><G31/><T41/><D75/><U27/><E27/><V107/><F107/><W109/><G119/><T90/><D0/><U132/><E132/><V48/><F73/><W123/><G123/><T65/><D135/><U70/><E70/><V18/><F79/><W98/><G98/><T97/><D14/><U124/><E124/><V106/><F106/><W122/><G122/><T37/><REACH who="0" step="1"/><D130/><REACH who="0" ten="215,245,225,285" step="2"/><U133/><E133/><V51/><F72/><W25/><G74/><T112/><D112/><U102/><E113/><V16/><F1/><W78/><G25/><T5/><D5/><U127/><E114/><V100/><F3/><W29/><G7/><T53/><D53/><N who="1" m="33871" /><E127/><V35/><F35/><W10/><G6/><T47/><D47/><U22/><E102/><V81/><F32/><W34/><G45/><T39/><D39/><U120/><E120/><V11/><F100/><W20/><G13/><T121/><D121/><U129/><E129/><V61/><F11/><W104/><G38/><T71/><AGARI ba="2,3" hai="23,24,28,37,41,46,63,65,71,89,90,96,97,99" machi="71" ten="30,4000,0" yaku="1,1,0,1,52,1,53,0" doraHai="57" doraHaiUra="111" who="0" fromWho="0" sc="215,76,245,-22,225,-12,285,-12" /><INIT seed="2,0,0,0,2,18" ten="291,223,213,273" oya="2" hai0="114,91,54,44,123,94,102,68,127,36,120,27,107" hai1="34,113,25,30,77,132,31,39,23,74,45,10,129" hai2="128,119,75,16,66,116,101,112,60,95,57,84,100" hai3="89,125,96,17,28,4,61,35,135,82,19,87,40"/><V121/><F75/><W9/><G135/><T24/><D114/><U2/><E113/><V104/><F112/><W81/><G40/><T43/><D68/><U110/><E132/><V33/><F33/><W92/><G81/><T3/><D3/><U49/><E49/><V63/><F121/><W8/><G125/><T133/><D133/><U26/><E77/><V6/><F6/><W7/><G61/><T53/><D127/><U79/><E79/><V50/><F128/><W1/><G28/><T67/><D67/><U32/><E74/><V15/><F50/><W98/><G35/><T115/><D115/><U5/><E45/><V20/><F63/><W73/><G73/><T47/><D107/><U71/><E71/><V122/><F122/><W12/><REACH who="3" step="1"/><G98/><REACH who="3" ten="291,223,213,263" step="2"/><T134/><D134/><U109/><E39/><V51/><F51/><W37/><G37/><T105/><D123/><U48/><E48/><V93/><F104/><W99/><G99/><T13/><D120/><U83/><E83/><V124/><F124/><W42/><G42/><T0/><D43/><U55/><E55/><V76/><F116/><W29/><G29/><T64/><D36/><U52/><E129/><V111/><F119/><W126/><G126/><T21/><D54/><U80/><E80/><N who="2" m="47111" /><F111/><N who="1" m="42505" /><E52/><V118/><F118/><W59/><G59/><T69/><D53/><U41/><E41/><V108/><F108/><W86/><G86/><T46/><D69/><U62/><E62/><V58/><F58/><W38/><G38/><T88/><D64/><U22/><AGARI ba="0,1" hai="2,5,10,22,23,25,26,30,31,32,34" m="42505" machi="22" ten="30,8000,1" yaku="14,1,34,2,52,2" doraHai="18" who="1" fromWho="1" sc="291,-20,223,90,213,-40,263,-20" /><INIT seed="3,0,0,3,4,50" ten="271,313,173,243" oya="3" hai0="32,55,1,33,93,127,117,102,92,120,88,83,90" hai1="60,89,128,123,64,101,57,129,27,106,68,118,18" hai2="8,82,103,104,107,15,86,12,11,72,100,44,59" hai3="79,111,96,25,4,134,130,87,29,108,30,125,36"/><W2/><G36/><T61/><D117/><U69/><E123/><V16/><F72/><W65/><G65/><T109/><D120/><U42/><E118/><V48/><F59/><W20/><G134/><T112/><D1/><U116/><E116/><V39/><F39/><W99/><G130/><N who="1" m="50282" /><E42/><V9/><F104/><W121/><G121/><T53/><D102/><U110/><E110/><N who="3" m="42026" /><G125/><T113/><D109/><U67/><E67/><V105/><F105/><W49/><G29/><T114/><D61/><U85/><E101/><V52/><F107/><W76/><G49/><T126/><D114/><U135/><E106/><V73/><F73/><W19/><G30/><T35/><D35/><U14/><E27/><V46/><F46/><W97/><G87/><T70/><D83/><N who="1" m="49343" /><E135/><V74/><F74/><W38/><G38/><T22/><D22/><AGARI ba="0,0" hai="14,18,22,57,60,64,68,69" m="49343,50282" machi="22" ten="30,1000,0" yaku="19,1" doraHai="50" who="1" fromWho="0" sc="271,-10,313,10,173,0,243,0" owari="261,6.0,323,43.0,173,-33.0,243,-16.0" /></mjloggm>