<mjloggm ver="2.3"><GO type="97" lobby="0"/><UN n0="%E3%82%B3%E3%83%AD%E3%83%B3%E3%83%9C%33%30" n1="%E3%81%AF%E3%81%8B%E3%81%AA%E3%81%8D%E5%A4%A2" n2="%EF%BC%B3%EF%BC%A5%EF%BC%A3%EF%BC%B2%EF%BC%A5%EF%BC%B4" n3="%E3%82%A6%E3%83%AB%E3%83%88%E3%83%A9%E7%AB%8B%E7%9B%B4" dan="13,14,15,15" rate="1867.27,1985.52,2004.05,1973.53" sx="M,M,M,M"/><TAIKYOKU oya="0"/><INIT seed="0,0,0,3,2,42" ten="250,250,250,250" oya="0" hai0="6,3,74,38,88,32,51,28,129,72,79,12,48" hai1="27,44,97,46,29,30,65,99,59,85,130,23,7" hai2="71,62,31,35,127,114,67,56,121,61,123,49,122" hai3="118,68,25,90,120,16,47,115,8,45,15,40,132"/><T57/><D38/><U124/><E124/><V53/><F31/><W82/><G118/><T52/><D3/><U76/><E30/><V94/><F35/><W89/><G115/><T36/><D36/><U5/><E130/><V86/><F114/><W126/><G68/><T84/><D129/><U135/><E135/><V60/><F94/><W87/><G132/><T64/><D64/><U13/><E13/><V75/><F86/><N who="3" m="50391" /><G126/><T101/><D101/><U104/><E104/><V66/><F75/><W18/><G40/><T41/><D28/><U11/><E11/><V55/><F127/><W20/><G120/><T9/><D32/><U37/><E37/><V10/><F10/><W107/><G107/><T117/><D79/><U133/><E133/><V110/><F110/><W125/><G125/><T81/><D117/><U78/><E78/><V22/><F22/><W24/><G24/><T14/><D12/><U95/><E76/><V43/><F43/><W103/><G103/><T70/><D70/><U102/><E85/><V4/><F4/><N who="1" m="1609" /><E97/><V34/><F34/><W91/><G91/><T128/><D128/><U33/><E33/><V54/><F54/><W17/><G17/><T69/><D69/><U93/><E93/><AGARI ba="0,0" hai="8,15,16,18,20,25,45,47,87,90,93" m="50391" machi="93" ten="30,7700,0" yaku="8,1,52,2,54,1" doraHai="42" who="3" fromWho="1" sc="250,0,250,-77,250,0,250,77" /><INIT seed="1,0,0,3,3,131" ten="250,173,250,327" oya="1" hai0="105,47,37,93,10,20,88,41,125,11,60,67,36" hai1="120,94,116,128,3,66,45,55,78,52,102,106,111" hai2="7,68,26,130,21,33,44,89,43,85,81,76,38" hai3="40,0,46,59,63,101,35,34,30,51,92,57,84"/><U71/><E120/><V8/><F130/><W99/><G0/><T86/><D105/><U135/><E116/><V12/><F68/><W73/><G73/><T22/><D125/><U82/><E106/><V42/><F43/><W72/><G72/><T1/><D37/><U122/><E122/><V18/><REACH who="2" step="1"/><F33/><REACH who="2" ten="250,173,240,327" step="2"/><W24/><G35/><T31/><D1/><U54/><E3/><V79/><AGARI ba="0,1" hai="7,8,12,18,21,26,38,42,44,76,79,81,85,89" machi="79" ten="30,4000,0" yaku="1,1,2,1,0,1,53,0" doraHai="131" doraHaiUra="32" who="2" fromWho="2" sc="250,-10,173,-20,240,50,327,-10" /><INIT seed="2,0,0,1,4,43" ten="240,153,290,317" oya="2" hai0="96,47,105,108,97,123,114,83,100,77,106,57,75" hai1="53,31,8,7,51,116,94,30,69,84,102,89,64" hai2="111,33,82,18,99,80,60,86,5,133,3,127,13" hai3="37,52,45,130,107,128,63,73,66,11,54,131,71"/><V15/><F3/><W70/><G73/><T121/><D114/><U119/><E119/><V20/><F33/><W98/><G71/><T112/><D112/><U10/><E116/><V125/><F133/><W62/><G11/><T95/><D57/><U36/><E36/><V2/><F2/><W103/><G62/><T120/><D108/><U12/><E102/><V55/><F111/><W48/><G37/><T40/><D97/><U32/><E32/><V21/><F99/><W16/><G16/><T110/><D110/><U135/><E135/><V49/><F60/><W38/><G38/><T124/><D124/><U59/><E69/><V132/><F132/><W78/><G78/><T72/><REACH who="0" step="1"/><D75/><REACH who="0" ten="230,153,290,317" step="2"/><U50/><E64/><V44/><F127/><W61/><G61/><T29/><D29/><U28/><E10/><N who="2" m="4303" /><F125/><W24/><G130/><T41/><D41/><U122/><E122/><V117/><F117/><W19/><G54/><T115/><D115/><U22/><REACH who="1" step="1"/><E51/><AGARI ba="0,1" hai="40,47,51,72,77,83,95,96,100,105,106,120,121,123" machi="51" ten="40,2600,0" yaku="1,1,52,1,53,0" doraHai="43" doraHaiUra="1" who="0" fromWho="1" sc="230,36,153,-26,290,0,317,0" /><INIT seed="3,0,0,4,2,37" ten="266,127,290,317" oya="3" hai0="87,7,2,59,53,80,91,133,107,85,20,135,116" hai1="118,110,102,86,24,132,26,17,130,108,52,81,76" hai2="13,60,131,49,75,95,124,10,119,16,51,104,66" hai3="32,83,68,43,77,19,89,126,54,21,61,69,8"/><W42/><G32/><T36/><D107/><U22/><E132/><V120/><F104/><W45/><G69/><T34/><D34/><U113/><E113/><V117/><F75/><W92/><G8/><T50/><D36/><U64/><E64/><V55/><F120/><W96/><G68/><T82/><D116/><U48/><E118/><V6/><F124/><W9/><G9/><T56/><D20/><U105/><E130/><V97/><F131/><W88/><G89/><T27/><D27/><U65/><E65/><V109/><F109/><W25/><G126/><T128/><D128/><U106/><E102/><V125/><F125/><W0/><G0/><T122/><D122/><U11/><E11/><V111/><F111/><W15/><G15/><T121/><D7/><U71/><E71/><V93/><F119/><W29/><G29/><T28/><D28/><U1/><E1/><V33/><F33/><W4/><G4/><T94/><D2/><U18/><E110/><V38/><F38/><W44/><G44/><T23/><D23/><U72/><E72/><V12/><F117/><W41/><G45/><T3/><D3/><U67/><E67/><V46/><F51/><W63/><G54/><T35/><D35/><U73/><E73/><V114/><F114/><W103/><G77/><T100/><D121/><U79/><E108/><V5/><F6/><W14/><G25/><T74/><D59/><U129/><E129/><V58/><F97/><W123/><G123/><T70/><D74/><U40/><E79/><V112/><F112/><W99/><G99/><N who="0" m="59511" /><D70/><U30/><E106/><RYUUKYOKU ba="0,0" sc="266,10,127,-30,290,10,317,10" hai0="50,53,56,80,82,85,87,91,133,135" hai2="5,10,12,13,16,46,49,55,58,60,66,93,95" hai3="14,19,21,41,42,43,61,63,83,88,92,96,103" owari="276,-12.0,97,-40.0,300,10.0,327,42.0" /></mjloggm>