<mjloggm ver="2.3"><GO type="97" lobby="0"/><UN n0="%E3%82%A6%E3%83%AB%E3%83%88%E3%83%A9%E7%AB%8B%E7%9B%B4" n1="%68%69%6E%6F%67%6E%75%64" n2="%E3%82%81%E3%82%93%E3%81%9D%E3%82%8C" n3="%72%69%76%65%72%6B" dan="15,14,13,15" rate="1994.11,1917.89,1930.72,1933.92" sx="M,M,M,M"/><TAIKYOKU oya="0"/><INIT seed="0,0,0,3,5,133" ten="250,250,250,250" oya="0" hai0="87,23,15,24,96,68,103,135,115,100,4,94,55" hai1="129,114,64,86,53,72,38,98,48,36,76,26,67" hai2="113,8,83,44,12,131,75,71,61,89,5,127,57" hai3="3,111,92,17,91,34,107,6,102,124,41,109,50"/><T88/><D135/><U0/><E72/><V118/><F113/><W121/><G34/><T63/><D115/><U128/><E114/><V82/><F71/><W78/><G78/><T35/><D35/><U11/><E26/><V18/><F131/><N who="1" m="50249" /><E98/><V42/><F118/><W80/><G80/><T60/><D68/><U51/><E0/><V58/><F57/><W29/><G102/><T104/><D100/><U19/><E76/><V93/><F75/><W39/><G29/><T27/><D55/><U20/><E86/><V43/><F5/><W45/><G107/><T84/><D84/><U56/><E51/><V14/><F14/><W9/><G121/><T106/><D106/><U54/><E53/><V25/><F25/><W134/><G134/><T22/><D24/><N who="1" m="14367" /><E11/><V66/><F127/><W116/><G17/><T73/><D73/><U112/><E112/><V13/><F13/><W123/><G116/><T130/><D130/><U79/><E79/><V81/><F44/><W70/><G70/><T28/><REACH who="0" step="1"/><D23/><REACH who="0" ten="240,250,250,250" step="2"/><U110/><E110/><V90/><F43/><W119/><G123/><T122/><D122/><U37/><AGARI ba="0,1" hai="36,37,38,48,54,56,64,67" m="14367,50249" machi="37" ten="40,1500,0" yaku="19,1" doraHai="133" who="1" fromWho="1" sc="240,-7,250,25,250,-4,250,-4" /><INIT seed="1,0,0,1,4,64" ten="233,275,246,246" oya="1" hai0="63,60,103,105,95,47,85,111,59,12,71,19,115" hai1="53,22,9,68,35,41,29,92,73,24,108,36,109" hai2="18,93,90,118,130,3,72,20,81,44,58,124,5" hai3="15,51,50,25,31,74,61,98,1,54,132,76,0"/><U123/><E123/><V131/><F118/><W33/><G132/><T17/><D115/><U57/><E73/><V126/><F3/><W39/><G39/><T2/><D2/><U21/><E36/><V7/><F72/><W27/><G61/><T121/><D111/><N who="1" m="42571" /><E41/><V77/><F58/><W23/><G51/><T10/><D121/><U89/><E9/><V37/><F37/><W42/><G42/><T78/><D105/><U11/><E11/><V122/><F44/><W75/><G15/><T102/><D71/><U96/><E68/><V99/><F122/><W4/><G98/><T65/><D60/><AGARI ba="0,0" hai="21,22,24,29,35,53,57,60,89,92,96" m="42571" machi="60" ten="30,2900,0" yaku="14,1,10,1" doraHai="64" who="1" fromWho="0" sc="233,-29,275,29,246,0,246,0" /><INIT seed="1,1,0,2,2,87" ten="204,304,246,246" oya="1" hai0="65,116,9,102,106,123,113,108,4,27,3,118,103" hai1="44,5,70,80,56,127,38,10,25,22,47,86,124" hai2="24,110,41,72,109,33,133,88,43,57,75,34,101" hai3="81,67,16,1,37,93,90,92,58,68,105,96,130"/><U64/><E70/><V69/><F69/><W50/><G68/><T121/><D65/><U126/><E38/><V23/><F101/><W98/><G37/><T128/><D102/><U13/><E64/><V49/><F133/><W73/><G1/><T8/><D103/><U15/><E13/><V6/><F6/><W32/><G32/><T19/><D106/><U53/><E56/><V84/><F57/><W26/><G105/><T100/><D100/><U40/><E40/><N who="2" m="15435" /><F49/><W117/><G117/><N who="0" m="45163" /><D113/><U45/><E53/><V63/><F63/><N who="3" m="38391" /><G73/><T131/><D108/><N who="2" m="41578" /><F23/><N who="3" m="13671" /><G130/><N who="0" m="49707" /><D9/><U74/><E74/><N who="2" m="28203" /><F24/><W7/><G7/><T82/><D82/><AGARI ba="1,0" hai="33,34,82,84,88" m="28203,41578,15435" machi="82" ten="30,3900,0" yaku="14,1,52,1,54,1" doraHai="87" who="2" fromWho="0" sc="204,-42,304,0,246,42,246,0" /><INIT seed="2,0,0,4,5,122" ten="162,304,288,246" oya="2" hai0="84,119,62,100,71,93,73,51,58,97,20,37,132" hai1="102,33,60,28,114,21,49,5,6,130,75,19,80" hai2="129,65,82,120,22,59,88,29,124,111,27,69,77" hai3="125,36,92,67,105,95,121,13,63,35,43,106,38"/><V10/><F120/><W86/><G35/><T14/><D73/><U40/><E114/><V115/><F115/><W133/><G121/><T26/><D37/><U110/><E102/><V70/><F129/><W64/><G63/><T96/><D119/><U50/><E130/><V52/><F124/><W134/><G125/><T118/><D118/><U46/><E28/><V94/><F10/><W56/><G56/><T39/><D39/><U61/><E33/><V44/><F44/><W12/><G86/><T109/><D132/><U103/><E103/><V135/><F65/><W116/><G43/><T85/><D71/><U16/><E49/><V112/><F112/><W66/><G66/><N who="0" m="39255" /><D97/><U87/><E75/><V57/><F57/><W7/><G7/><N who="1" m="2570" /><E110/><V127/><F127/><W107/><G107/><T123/><D123/><U11/><E11/><V99/><F135/><W108/><G116/><T126/><D126/><U23/><E21/><V2/><F2/><W15/><G15/><T48/><D14/><N who="1" m="9623" /><E19/><V3/><F3/><W31/><G31/><N who="0" m="17863" /><D109/><AGARI ba="0,0" hai="12,13,36,38,64,67,92,95,105,106,108,109,133,134" machi="109" ten="25,6400,0" yaku="22,2,52,2" doraHai="122" who="3" fromWho="0" sc="162,-64,304,0,288,0,246,64" /><INIT seed="3,0,0,1,3,132" ten="98,304,288,310" oya="3" hai0="110,80,18,30,62,17,36,121,126,7,61,79,56" hai1="29,43,31,58,72,100,94,134,66,111,15,88,84" hai2="48,26,54,83,39,67,95,119,0,33,98,123,16" hai3="6,4,118,133,129,40,47,37,113,25,50,23,49"/><W42/><G118/><T45/><D121/><U12/><E72/><V46/><F119/><W130/><G133/><T44/><D110/><U89/><E134/><V63/><F123/><W53/><G113/><T135/><D135/><U24/><E111/><V115/><F115/><W77/><G77/><T103/><D30/><N who="1" m="11275" /><E43/><V92/><F0/><W106/><G106/><T81/><D7/><N who="3" m="2601" /><G37/><T9/><D56/><U10/><E24/><V55/><F33/><W13/><G13/><N who="1" m="5194" /><E10/><V78/><F39/><W114/><G114/><T105/><D36/><U14/><N who="1" m="5202" /><U3/><DORA hai="101" /><E3/><V86/><F55/><W117/><G117/><T69/><D103/><U122/><E122/><V59/><F98/><W27/><G50/><T19/><D79/><U76/><E100/><V87/><F87/><W93/><G93/><T91/><D18/><U73/><E73/><V52/><F67/><W125/><G27/><T97/><D97/><U74/><E74/><V1/><F1/><W128/><G125/><T70/><D9/><U102/><E102/><V34/><F34/><W28/><AGARI ba="0,0" hai="23,25,28,40,42,47,49,53,128,129,130" m="2601" machi="28" ten="40,2100,0" yaku="19,1" doraHai="132,101" who="3" fromWho="3" sc="98,-7,304,-7,288,-7,310,21" owari="91,-41.0,297,10.0,281,-12.0,331,43.0" /></mjloggm>