<mjloggm ver="2.3"><GO type="97" lobby="0"/><UN n0="%E3%82%A6%E3%83%AB%E3%83%88%E3%83%A9%E7%AB%8B%E7%9B%B4" n1="%28%CE%93%60%D0%94%27%29%CE%93" n2="%73%74%65%6E" n3="%E3%80%90%E7%90%86%E3%81%A1%E3%82%83%E3%82%93%E3%80%91" dan="15,13,15,14" rate="2001.09,1890.88,2045.36,1933.89" sx="M,M,M,M"/><TAIKYOKU oya="0"/><INIT seed="0,0,0,5,5,6" ten="250,250,250,250" oya="0" hai0="45,121,2,48,71,91,29,106,20,76,62,9,120" hai1="28,8,103,27,132,80,63,75,86,74,112,18,119" hai2="90,51,87,57,58,47,43,82,14,111,128,95,110" hai3="30,100,64,15,35,98,129,41,85,105,97,60,108"/><T101/><D76/><U113/><E119/><V26/><F128/><W39/><G129/><T67/><D91/><U114/><E103/><V118/><F118/><W89/><G108/><N who="2" m="41513" /><F26/><W32/><G97/><T69/><D69/><U53/><E132/><V24/><F24/><W117/><G117/><T13/><D29/><U11/><E53/><V17/><F82/><W44/><G30/><T88/><D20/><AGARI ba="0,0" hai="14,17,20,43,47,51,57,58,87,90,95" m="41513" machi="20" ten="30,1000,0" yaku="14,1" doraHai="6" who="2" fromWho="0" sc="250,-10,250,0,250,10,250,0" /><INIT seed="1,0,0,2,0,82" ten="240,250,260,250" oya="1" hai0="121,119,134,132,76,65,83,122,69,38,47,37,12" hai1="110,93,7,66,32,116,114,62,15,29,86,24,21" hai2="107,106,131,33,27,98,92,71,60,101,3,111,112" hai3="100,128,125,0,81,127,13,75,48,43,40,90,25"/><U115/><E116/><V89/><F111/><W80/><G0/><T67/><D12/><U22/><E110/><V6/><F131/><W97/><G128/><T130/><D130/><U31/><E31/><V8/><F112/><W50/><G25/><T99/><D99/><U28/><E28/><N who="2" m="19615" /><F89/><W124/><G75/><T10/><D10/><U63/><E32/><V105/><F92/><W72/><G72/><T120/><D119/><U4/><E4/><V133/><F133/><N who="0" m="51306" /><D69/><U87/><E114/><V55/><F55/><W44/><G13/><T1/><D1/><U135/><E135/><V95/><F95/><N who="3" m="58431" /><G90/><T126/><D126/><U26/><E115/><V54/><F54/><W77/><G77/><T64/><D47/><AGARI ba="0,0" hai="40,43,44,47,48,50,80,81,124,125,127" m="58431" machi="47" ten="30,1000,0" yaku="18,1" doraHai="82" who="3" fromWho="0" sc="240,-10,250,0,260,0,250,10" /><INIT seed="2,0,0,5,0,101" ten="230,250,260,260" oya="2" hai0="134,81,74,129,19,126,92,116,59,71,10,0,75" hai1="90,45,17,85,3,11,7,14,115,131,31,113,37" hai2="24,127,64,27,50,26,82,56,49,44,133,79,89" hai3="124,125,122,30,13,20,106,51,110,54,22,38,118"/><V119/><F119/><W15/><G118/><T2/><D59/><U102/><E102/><V73/><F127/><N who="3" m="48715" /><G38/><T109/><D92/><U46/><E131/><V28/><F133/><W32/><G122/><T6/><D81/><U42/><E45/><V39/><F39/><W91/><G91/><T98/><D98/><U33/><E33/><V112/><F112/><W53/><G110/><T68/><D19/><U88/><E31/><V48/><F89/><W87/><G87/><T104/><D10/><U135/><E90/><V80/><F80/><W84/><G84/><T58/><D6/><U97/><E97/><V76/><F76/><W114/><G114/><T8/><D58/><U36/><E36/><V120/><F120/><W1/><G1/><T34/><D8/><U16/><E135/><V4/><F4/><W105/><G32/><T66/><D66/><U29/><E17/><V47/><REACH who="2" step="1"/><F28/><REACH who="2" ten="230,250,250,260" step="2"/><W57/><G30/><T117/><D117/><U100/><E29/><V21/><F21/><N who="3" m="8299" /><G53/><T128/><D128/><U60/><E7/><V93/><F93/><W9/><G9/><T77/><D77/><U94/><E3/><V108/><F108/><W25/><G25/><T107/><D0/><U65/><REACH who="1" step="1"/><E100/><REACH who="1" ten="230,240,250,260" step="2"/><V40/><F40/><W86/><G86/><T111/><D111/><U5/><E5/><V35/><F35/><W123/><G123/><T61/><D34/><U70/><AGARI ba="0,2" hai="11,14,16,37,42,46,60,65,70,85,88,94,113,115" machi="70" ten="20,12000,2" yaku="1,1,0,1,7,1,54,2,53,1" doraHai="101" doraHaiUra="69" who="1" fromWho="1" sc="230,-30,240,140,250,-60,260,-30" /><INIT seed="3,0,0,2,2,131" ten="200,380,190,230" oya="3" hai0="133,35,16,125,89,21,1,118,66,29,10,56,65" hai1="122,112,82,79,116,106,28,18,130,132,45,98,5" hai2="0,22,92,39,57,100,77,76,86,53,27,6,43" hai3="87,95,114,49,83,50,54,9,36,31,91,33,84"/><W23/><G36/><T64/><D118/><U11/><E132/><V117/><F117/><W63/><G114/><T24/><D125/><U2/><E112/><V88/><F39/><W85/><G33/><T113/><D113/><U13/><E116/><V71/><F71/><W55/><G63/><T14/><D133/><U25/><E130/><V99/><F43/><W12/><G83/><T107/><D107/><U134/><E134/><V105/><F6/><W73/><G73/><T20/><D89/><U68/><E68/><V121/><F0/><W78/><G78/><T44/><D44/><U40/><E122/><V60/><REACH who="2" step="1"/><F121/><REACH who="2" ten="200,380,180,230" step="2"/><W94/><G31/><AGARI ba="0,1" hai="22,27,31,53,57,60,76,77,86,88,92,99,100,105" machi="31" ten="30,8000,1" yaku="1,1,2,1,7,1,54,1,53,1" doraHai="131" doraHaiUra="19" who="2" fromWho="3" sc="200,0,380,0,180,90,230,-80" owari="200,-20.0,380,48.0,270,7.0,150,-35.0" /></mjloggm>