<mjloggm ver="2.3"><GO type="169" lobby="0"/><UN n0="%E9%9D%9E%E5%8A%B9%E7%8E%87%E6%89%93%E6%B3%95" n1="%EF%BC%88%E2%89%A7%E2%96%BD%E2%89%A6%EF%BC%89" n2="%6D%61%63%6A%72" n3="%EF%BC%88%2A%C2%B4%E3%83%BC%EF%BD%80%2A%EF%BC%89" dan="17,19,17,16" rate="2115.42,2312.56,2172.97,2062.79" sx="M,M,F,F"/><TAIKYOKU oya="0"/><INIT seed="0,0,0,1,1,102" ten="250,250,250,250" oya="0" hai0="117,41,10,128,37,83,129,118,108,119,125,29,20" hai1="35,130,68,96,107,49,132,7,90,0,52,110,3" hai2="1,135,48,27,103,101,91,95,40,36,8,24,18" hai3="2,25,81,67,53,45,66,55,99,105,116,47,131"/><T11/><D37/><U111/><E68/><V14/><F36/><W123/><G2/><T60/><D41/><U19/><E35/><V92/><F135/><W82/><G116/><T34/><D60/><U51/><E132/><V97/><F1/><W93/><G25/><N who="0" m="18735" /><D83/><U61/><E61/><V23/><F27/><W78/><G123/><T13/><D125/><U65/><E65/><V70/><F70/><W12/><G131/><N who="0" m="50251" /><D108/><U115/><E130/><V46/><REACH who="2" step="1"/><F92/><REACH who="2" ten="250,250,240,250" step="2"/><W85/><G93/><T72/><D72/><U69/><E69/><V106/><F106/><W44/><G105/><T100/><D13/><U113/><E0/><V38/><F38/><W64/><G12/><T122/><D122/><U32/><E3/><V112/><F112/><W94/><G82/><T77/><D117/><U4/><E115/><V30/><AGARI ba="0,1" hai="8,14,18,23,24,30,40,46,48,91,95,97,101,103" machi="30" ten="20,8000,1" yaku="1,1,0,1,7,1,8,1,53,1" doraHai="102" doraHaiUra="16" who="2" fromWho="2" sc="250,-40,250,-20,240,90,250,-20" /><INIT seed="1,0,0,3,4,92" ten="210,230,330,230" oya="1" hai0="12,29,101,106,13,48,56,100,98,58,42,1,17" hai1="129,108,55,32,23,47,123,93,68,124,61,45,84" hai2="127,19,135,121,114,107,53,117,99,26,49,22,30" hai3="28,37,33,50,110,122,120,36,38,74,76,128,134"/><U24/><E123/><V60/><F121/><W40/><G40/><T18/><D1/><U131/><E32/><V125/><F117/><W88/><G50/><T82/><D29/><U73/><E73/><V14/><F60/><W65/><G110/><T71/><D71/><U62/><E124/><V132/><F49/><W7/><G7/><T46/><D101/><U133/><E133/><N who="2" m="51275" /><F53/><W97/><G134/><T21/><REACH who="0" step="1"/><D82/><REACH who="0" ten="200,230,330,230" step="2"/><U75/><E68/><V91/><F114/><W87/><G122/><T39/><D39/><U72/><E108/><V64/><F125/><W90/><G37/><T118/><D118/><U94/><E131/><V25/><F127/><W9/><G128/><T27/><D27/><U95/><E24/><V85/><F30/><W15/><G38/><T86/><D86/><U57/><E84/><V20/><F25/><W130/><G36/><T35/><D35/><U3/><E129/><V79/><F26/><W105/><G33/><T104/><D104/><U126/><E126/><V96/><F107/><W83/><G28/><T102/><D102/><U70/><E3/><V51/><F85/><W67/><G130/><T16/><D16/><U5/><E70/><V41/><F14/><W6/><G120/><T4/><D4/><U112/><E5/><V34/><F19/><W103/><REACH who="3" step="1"/><G90/><REACH who="3" ten="200,230,330,220" step="2"/><T81/><D81/><AGARI ba="0,2" hai="6,9,15,65,67,74,76,81,83,87,88,97,103,105" machi="81" ten="30,8000,1" yaku="1,1,2,1,7,1,52,1,54,1,53,0" doraHai="92" doraHaiUra="119" who="3" fromWho="0" sc="200,-80,230,0,330,0,220,100" /><INIT seed="2,0,0,5,1,134" ten="120,230,330,320" oya="2" hai0="70,121,27,75,77,31,61,43,68,92,38,123,58" hai1="51,101,122,6,116,44,23,117,26,88,37,12,22" hai2="69,59,14,124,74,17,45,2,118,128,85,5,32" hai3="34,50,28,25,20,126,15,108,39,13,80,7,114"/><V53/><F74/><W10/><G39/><T54/><D75/><U76/><E122/><V99/><F69/><W86/><G108/><T1/><D1/><U41/><E101/><V95/><F118/><W46/><G114/><T110/><D77/><U94/><E76/><V106/><F32/><W111/><G111/><T127/><D110/><U98/><E37/><V71/><F71/><W36/><G36/><T132/><D132/><U81/><E81/><V130/><F106/><W131/><G131/><T125/><D68/><U21/><REACH who="1" step="1"/><E26/><REACH who="1" ten="120,220,330,320" step="2"/><V83/><F83/><W84/><G80/><T113/><D113/><U11/><AGARI ba="0,1" hai="6,11,12,21,22,23,41,44,51,88,94,98,116,117" machi="11" ten="30,7900,0" yaku="1,1,2,1,0,1,54,1,53,0" doraHai="134" doraHaiUra="109" who="1" fromWho="1" sc="120,-20,220,89,330,-39,320,-20" /><INIT seed="3,0,0,1,0,115" ten="100,309,291,300" oya="3" hai0="53,0,1,114,62,110,2,19,86,97,25,126,33" hai1="52,80,15,89,81,125,56,117,122,38,3,42,4" hai2="54,26,99,68,29,36,121,22,48,104,37,128,95" hai3="45,107,11,46,91,8,135,103,41,130,18,71,88"/><W58/><G71/><T87/><D114/><U35/><E35/><V79/><F128/><W109/><G130/><T92/><D110/><U23/><E122/><V67/><F121/><W113/><G113/><T66/><D53/><U120/><E120/><V40/><F104/><W124/><G107/><T77/><D77/><U123/><E125/><V133/><F133/><W21/><G135/><T96/><D96/><U47/><E3/><V7/><F40/><W70/><G70/><T90/><D126/><U119/><E123/><V5/><F79/><W84/><G124/><T49/><D49/><U82/><E89/><N who="3" m="34378" /><G84/><T75/><D75/><U102/><E102/><V34/><F34/><W13/><G103/><T6/><D6/><U118/><E23/><V131/><F131/><W14/><G41/><T10/><D10/><N who="1" m="4551" /><E81/><V134/><F134/><W101/><G101/><T51/><D33/><U64/><E64/><V98/><F7/><N who="3" m="3231" /><G109/><T17/><D0/><U76/><E76/><V105/><F5/><N who="3" m="3439" /><G58/><T30/><D2/><U65/><E65/><V78/><F78/><W127/><G127/><T57/><D1/><U74/><E74/><V28/><F105/><W27/><AGARI ba="0,0" hai="18,21,27,45,46" m="3439,3231,34378" machi="27" ten="30,3000,0" yaku="8,1,54,1" doraHai="115" who="3" fromWho="3" sc="100,-10,309,-10,291,-10,300,30" /><INIT seed="3,1,0,1,0,10" ten="90,299,281,330" oya="3" hai0="55,102,14,124,105,2,68,115,127,104,90,13,64" hai1="43,131,29,20,62,78,19,60,108,107,88,89,22" hai2="30,15,109,35,11,129,59,7,70,34,31,99,77" hai3="101,132,5,121,118,12,25,26,71,86,98,117,17"/><W81/><G71/><T66/><D2/><U4/><E107/><N who="0" m="41033" /><D102/><U6/><E78/><V135/><F70/><W51/><G121/><T97/><D55/><U47/><E29/><N who="2" m="10763" /><F59/><W79/><G5/><T94/><D115/><U106/><E106/><V110/><F99/><W112/><G112/><T40/><D40/><U73/><E43/><V56/><F56/><W120/><G120/><T133/><D68/><U122/><E122/><V134/><F77/><W58/><G118/><T75/><D75/><U85/><E73/><V9/><F129/><W87/><G87/><T67/><D133/><N who="2" m="50698" /><F9/><N who="3" m="6287" /><G132/><T74/><D74/><U23/><E131/><V27/><F27/><N who="3" m="10251" /><G117/><T32/><D32/><AGARI ba="1,0" hai="7,11,15,32,34,35,109,110" m="50698,10763" machi="32" ten="40,8000,1" yaku="20,1,34,2,52,1" doraHai="10" who="2" fromWho="0" sc="90,-83,299,0,281,83,330,0" /><INIT seed="4,0,0,0,4,98" ten="7,299,364,330" oya="0" hai0="53,121,128,77,69,79,88,133,109,94,119,95,40" hai1="61,99,1,106,54,112,47,62,124,110,15,9,5" hai2="75,45,39,11,89,32,19,57,37,113,100,29,127" hai3="104,82,13,66,2,71,38,63,85,55,43,81,83"/><T44/><D69/><U64/><E110/><V80/><F113/><W35/><G2/><T22/><D109/><U49/><E124/><V18/><F127/><W131/><G131/><T117/><D121/><U36/><E112/><V96/><F32/><W74/><G74/><T4/><D128/><U33/><E33/><V17/><F29/><W41/><G35/><T120/><D120/><U31/><E31/><V129/><F129/><W118/><G118/><T42/><D4/><U20/><E36/><V115/><F115/><W14/><G104/><T52/><D22/><U24/><E1/><V46/><F11/><W73/><G73/><T91/><D44/><U122/><E122/><V116/><F116/><W60/><G85/><T92/><D95/><U48/><E48/><V70/><F70/><W16/><G14/><T105/><D105/><U67/><E99/><V30/><F30/><W87/><G87/><T111/><D111/><U114/><E106/><V123/><F123/><W68/><G38/><T97/><D97/><U86/><E86/><N who="2" m="50375" /><F75/><W26/><G26/><T50/><D50/><U23/><E114/><V90/><F39/><W126/><G126/><T101/><D133/><U10/><E10/><V103/><F37/><W78/><G78/><T12/><D12/><U58/><REACH who="1" step="1"/><E24/><REACH who="1" ten="7,289,364,330" step="2"/><V132/><F132/><W27/><G27/><T6/><D6/><U28/><E28/><V34/><F34/><W134/><G134/><T72/><D72/><U107/><E107/><V59/><F96/><W108/><G108/><T3/><D3/><U51/><E51/><V21/><F21/><RYUUKYOKU ba="0,1" sc="7,15,289,15,364,-15,330,-15" hai0="40,42,52,53,77,79,88,91,92,94,101,117,119" hai1="5,9,15,20,23,47,49,54,58,61,62,64,67" /><INIT seed="4,1,1,2,0,118" ten="22,304,349,315" oya="0" hai0="120,51,3,65,30,79,83,54,38,2,60,56,22" hai1="31,76,23,41,77,39,111,122,85,134,113,97,8" hai2="96,129,32,101,86,88,19,64,62,47,68,21,34" hai3="11,46,71,6,26,48,33,7,93,128,42,55,27"/><T59/><D38/><U40/><E111/><V24/><F129/><W53/><G71/><T73/><REACH who="0" step="1"/><D120/><REACH who="0" ten="12,304,349,315" step="2"/><U72/><E122/><V108/><F108/><W132/><G128/><T29/><D29/><U74/><E31/><V75/><F75/><W58/><G132/><T20/><D20/><U82/><E23/><V131/><F131/><W125/><G33/><T109/><D109/><U18/><E39/><V80/><F47/><W94/><G46/><T135/><D135/><U117/><E74/><V133/><F133/><W25/><G11/><T14/><D14/><U50/><E8/><V0/><F0/><W36/><G26/><AGARI ba="1,2" hai="2,3,22,26,30,51,54,56,59,60,65,73,79,83" machi="26" ten="40,3900,0" yaku="1,1,53,1" doraHai="118" doraHaiUra="49" who="0" fromWho="3" sc="12,62,304,0,349,0,315,-42" /><INIT seed="4,2,0,5,2,108" ten="74,304,349,273" oya="0" hai0="100,74,121,14,11,9,88,10,128,23,94,66,26" hai1="83,12,126,56,41,115,80,49,124,64,92,97,29" hai2="76,51,98,16,30,32,112,130,36,17,114,48,1" hai3="24,127,21,79,3,38,63,22,52,54,132,35,129"/><T117/><D117/><U119/><E29/><V110/><F36/><W99/><G38/><T20/><D121/><U123/><E123/><V6/><F110/><W62/><G3/><T120/><D74/><U2/><E2/><V45/><F76/><W68/><G68/><T44/><D120/><U60/><E119/><V65/><F65/><W90/><G79/><T7/><D128/><U86/><E12/><V111/><F111/><W31/><G129/><T84/><D66/><U27/><E27/><N who="2" m="18527" /><F130/><W53/><G132/><T73/><D73/><U43/><E80/><V134/><F98/><W28/><G127/><N who="1" m="48682" /><E49/><V89/><F89/><W116/><G116/><T71/><D71/><U75/><E75/><V125/><F48/><W39/><G39/><T113/><D113/><N who="2" m="43626" /><F134/><W93/><G35/><T46/><D100/><N who="1" m="60455" /><E115/><V131/><F131/><W55/><N who="3" m="13312" /><DORA hai="104" /><W61/><G24/><T118/><D118/><U105/><E105/><V109/><F109/><W133/><G133/><T67/><D67/><U106/><E106/><V37/><F51/><W107/><G107/><T50/><D26/><U58/><E58/><V69/><F69/><W47/><G47/><N who="0" m="17963" /><D50/><U85/><E56/><V18/><F125/><W87/><G99/><T122/><D122/><U78/><E64/><V40/><F1/><W13/><G31/><T25/><D25/><U72/><E60/><V102/><F102/><W96/><G62/><T19/><D7/><AGARI ba="2,0" hai="6,7,16,17,18,37,40,45" m="43626,18527" machi="7" ten="30,8000,1" yaku="15,1,52,3,54,1" doraHai="108,104" who="2" fromWho="0" sc="74,-86,304,0,349,86,273,0" owari="-12,-51.0,304,10.0,435,54.0,273,-13.0" /></mjloggm>