<mjloggm ver="2.3"><GO type="97" lobby="0"/><UN n0="%52%79%64%65%65%6E" n1="%E3%82%A6%E3%83%AB%E3%83%88%E3%83%A9%E7%AB%8B%E7%9B%B4" n2="%E3%83%A6%E3%83%AA%E3%82%B9" n3="%E4%B8%89%E4%B8%87%E5%8D%98%E9%A8%8E%E3%81%AE%E9%AC%BC" dan="13,16,14,15" rate="1915.42,1997.48,1931.20,2017.54" sx="M,M,M,M"/><TAIKYOKU oya="0"/><INIT seed="0,0,0,0,3,110" ten="250,250,250,250" oya="0" hai0="63,11,88,131,79,21,18,122,14,36,38,51,16" hai1="112,12,135,95,108,34,121,74,85,43,28,111,1" hai2="87,92,24,60,49,23,50,3,104,77,57,89,58" hai3="128,82,86,54,33,83,93,133,32,72,30,70,100"/><T62/><D122/><U84/><E1/><V13/><F3/><W101/><G70/><T130/><D79/><U4/><E28/><V71/><F104/><W103/><G54/><T15/><D51/><U80/><E34/><V117/><F71/><W81/><G30/><T66/><D63/><U114/><E12/><V68/><F68/><W98/><G32/><T17/><D17/><U39/><E4/><V9/><F117/><W116/><G33/><T7/><D7/><U132/><E43/><V124/><F77/><N who="3" m="44199" /><G116/><T69/><REACH who="0" step="1"/><D88/><REACH who="0" ten="240,250,250,250" step="2"/><N who="1" m="53647" /><E121/><V107/><F50/><W78/><G133/><N who="1" m="51274" /><E74/><V44/><F60/><W129/><G82/><T59/><D59/><U113/><E39/><AGARI ba="0,1" hai="11,14,15,16,18,21,36,38,39,62,66,69,130,131" machi="39" ten="40,3900,0" yaku="1,1,54,1,53,0" doraHai="110" doraHaiUra="73" who="0" fromWho="1" sc="240,49,250,-39,250,0,250,0" /><INIT seed="0,1,0,1,2,106" ten="289,211,250,250" oya="0" hai0="40,55,96,28,24,68,39,8,75,16,60,125,53" hai1="117,58,45,108,9,31,94,65,78,118,69,126,36" hai2="128,17,29,90,116,62,4,64,92,103,7,89,15" hai3="35,121,63,124,19,84,111,73,110,133,72,59,87"/><T21/><D125/><U44/><E31/><V11/><F29/><W120/><G35/><T5/><D75/><N who="3" m="28745" /><G124/><T25/><D96/><U113/><E94/><V82/><F116/><W34/><G34/><T22/><D40/><U123/><E9/><V88/><F82/><W77/><G19/><T0/><REACH who="0" step="1"/><D39/><REACH who="0" ten="279,211,250,250" step="2"/><U10/><E36/><V102/><F102/><W76/><G121/><T93/><D93/><U101/><E126/><V67/><F92/><W66/><G120/><T131/><D131/><U46/><E123/><V135/><F103/><W99/><G99/><T48/><D48/><U56/><E101/><V86/><F128/><W71/><G71/><T37/><D37/><U114/><E118/><V105/><F105/><W129/><G129/><T18/><D18/><U85/><E117/><V119/><F119/><W107/><G107/><T97/><D97/><U109/><E113/><V112/><F112/><W6/><G6/><T47/><D47/><U132/><E114/><V130/><F130/><W83/><G133/><T49/><D49/><U20/><E45/><V30/><F135/><W134/><G134/><T38/><D38/><U50/><E132/><V100/><F100/><W98/><G98/><T51/><D51/><U57/><E50/><V52/><F30/><W43/><G43/><T23/><D23/><U3/><E46/><V32/><F32/><W80/><G110/><T1/><D1/><U2/><E44/><V12/><F4/><W26/><G111/><N who="1" m="42570" /><E20/><N who="2" m="11303" /><F86/><W61/><G61/><T127/><D127/><U122/><E3/><V81/><F62/><W79/><G79/><RYUUKYOKU ba="1,1" sc="279,15,211,-15,250,-15,250,15" hai0="0,5,8,16,21,22,24,25,28,53,55,60,68" hai3="26,59,63,66,76,77,80,83,84,87" /><INIT seed="0,2,1,3,2,126" ten="294,196,235,265" oya="0" hai0="77,128,11,3,36,51,24,68,86,104,27,94,53" hai1="127,95,15,110,91,75,133,35,50,16,93,116,102" hai2="13,38,5,97,121,118,37,98,107,131,88,108,32" hai3="22,85,44,69,72,65,99,20,101,46,134,96,112"/><T124/><D124/><U64/><E35/><V61/><F32/><W30/><G112/><T63/><D104/><U58/><E75/><V83/><F121/><W33/><G72/><T78/><D36/><U12/><E116/><V130/><F118/><W67/><G67/><BYE who="3" /><T113/><D113/><U21/><E127/><V92/><F108/><W42/><G42/><T66/><D128/><N who="2" m="49194" /><F83/><W62/><G62/><T119/><D119/><U120/><E133/><V8/><F61/><W40/><G40/><T55/><D55/><U2/><E120/><V105/><F105/><W109/><G109/><T71/><D71/><U1/><E2/><V82/><F82/><W25/><G25/><T79/><D94/><U60/><E1/><V56/><F56/><W90/><G90/><T57/><REACH who="0" step="1"/><D86/><REACH who="0" ten="284,196,235,265" step="2"/><N who="1" m="52471" /><E110/><V28/><F28/><W84/><G84/><T106/><D106/><U73/><E73/><V76/><F76/><W111/><G111/><T47/><D47/><U26/><E50/><V0/><F0/><W103/><G103/><AGARI ba="2,2" hai="5,8,13,37,38,88,92,97,98,103,107" m="49194" machi="103" ten="30,8000,1" yaku="19,1,52,3,54,1" doraHai="126" who="2" fromWho="3" sc="284,0,196,0,235,106,265,-86" /><INIT seed="1,0,0,4,0,93" ten="284,196,341,179" oya="1" hai0="49,94,15,64,7,62,65,14,56,96,129,101,35" hai1="45,75,135,133,102,66,6,21,73,12,1,104,100" hai2="13,127,67,132,103,115,32,0,63,51,69,40,125" hai3="46,128,124,19,118,79,48,39,110,134,81,95,50"/><U58/><E1/><V29/><F0/><W5/><G5/><T123/><D35/><U107/><E58/><V55/><F13/><W34/><G34/><T26/><D129/><UN n3="%E4%B8%89%E4%B8%87%E5%8D%98%E9%A8%8E%E3%81%AE%E9%AC%BC" /><U27/><E66/><V38/><F29/><W41/><G128/><T119/><D119/><U24/><E45/><N who="2" m="23703" /><F103/><W126/><G118/><T76/><D76/><U33/><E33/><V130/><F32/><W89/><G110/><T106/><D106/><U113/><E12/><N who="0" m="4649" /><D7/><U88/><E6/><V112/><F130/><W61/><G134/><N who="1" m="51210" /><E21/><V9/><F9/><W86/><G61/><T78/><D78/><U121/><E121/><V54/><F132/><W30/><G30/><T17/><D49/><U90/><E27/><V70/><F70/><W71/><G19/><T116/><D116/><U87/><E24/><V31/><F31/><W44/><G71/><T131/><D131/><U120/><E120/><V20/><F20/><W91/><G91/><N who="1" m="34858" /><E87/><V68/><F68/><W108/><G108/><T97/><D123/><U109/><E109/><V99/><F99/><N who="3" m="57839" /><G44/><T83/><D83/><U18/><E18/><V85/><F85/><W57/><G57/><T117/><D117/><U60/><E60/><V8/><F8/><W82/><G81/><T59/><D59/><U105/><E113/><N who="2" m="43595" /><F51/><W42/><G41/><T92/><D64/><U25/><E25/><V2/><F2/><W74/><G74/><AGARI ba="0,0" hai="73,74,75,100,102,104,105,107" m="34858,51210" machi="74" ten="40,18000,2" yaku="28,2,20,1,34,2,54,1" doraHai="93" who="1" fromWho="3" sc="284,0,196,180,341,0,179,-180" owari="284,-12.0,376,48.0,341,14.0,-1,-50.0" /></mjloggm>