<mjloggm ver="2.3"><GO type="97" lobby="0"/><UN n0="%4C%4D%41%62%61%63%69" n1="%46%61%62%69%6F" n2="%E3%82%A6%E3%83%AB%E3%83%88%E3%83%A9%E7%AB%8B%E7%9B%B4" n3="%6E%61%6B%61%68%61%72%61" dan="14,15,15,14" rate="1979.62,1985.08,1969.50,1939.15" sx="M,M,M,M"/><TAIKYOKU oya="0"/><INIT seed="0,0,0,5,2,33" ten="250,250,250,250" oya="0" hai0="106,18,15,98,4,81,5,122,34,104,123,24,124" hai1="86,126,37,56,78,76,112,65,120,35,22,17,28" hai2="114,87,133,100,127,21,25,60,94,49,40,80,27" hai3="52,96,32,75,121,119,66,92,31,3,72,2,70"/><T135/><D81/><U110/><E120/><N who="0" m="46121" /><D98/><U85/><E37/><V26/><F114/><W54/><G119/><T130/><D106/><U1/><E112/><V14/><F127/><W45/><G121/><T6/><D104/><U63/><E126/><V101/><F133/><W93/><G66/><T79/><D79/><N who="1" m="30251" /><E110/><V105/><F105/><W59/><G70/><T29/><D124/><U108/><E1/><V12/><F21/><W7/><G7/><T107/><D107/><U103/><E35/><V23/><F23/><W68/><G68/><T48/><D48/><U47/><E28/><V38/><F38/><W69/><G69/><T42/><D42/><U128/><E128/><V58/><F49/><W19/><G32/><T84/><D84/><N who="1" m="32363" /><E108/><V44/><F40/><W118/><G118/><T99/><D99/><U39/><E39/><V125/><F125/><W115/><G96/><T67/><D67/><U61/><E61/><V16/><F60/><W89/><G115/><T116/><D116/><U102/><E47/><V36/><F44/><W88/><G45/><T43/><D43/><U10/><E10/><V20/><F36/><W117/><G117/><T91/><D135/><U97/><E97/><N who="2" m="59447" /><F58/><W41/><G41/><T51/><D130/><U53/><E53/><V134/><F134/><W131/><G131/><T83/><D51/><U8/><E8/><V64/><F64/><W90/><G90/><T73/><D91/><U109/><E109/><V111/><F111/><W30/><G59/><T11/><D11/><U132/><E132/><V50/><F50/><W55/><G55/><RYUUKYOKU ba="0,0" sc="250,-15,250,15,250,-15,250,15" hai1="17,22,56,63,65,102,103" hai3="2,3,19,30,31,52,54,72,75,88,89,92,93" /><INIT seed="1,1,0,1,3,38" ten="235,265,235,265" oya="1" hai0="74,117,11,23,119,3,28,59,106,20,83,55,12" hai1="13,63,31,18,17,104,54,99,52,51,49,2,58" hai2="30,126,61,130,116,75,50,125,89,33,120,66,115" hai3="96,80,37,134,84,60,41,122,57,128,111,44,135"/><U70/><E2/><V101/><F120/><W15/><G122/><T27/><D106/><U78/><E78/><V36/><F36/><W48/><G111/><T32/><D83/><U40/><E31/><V24/><F116/><N who="0" m="44618" /><D55/><U22/><E70/><N who="2" m="42319" /><F115/><W35/><G35/><T77/><D59/><U47/><E104/><V85/><F75/><W123/><G123/><T68/><D74/><U93/><E18/><V94/><F50/><W43/><G96/><T65/><D65/><N who="1" m="39159" /><E51/><V21/><F21/><N who="0" m="8266" /><D77/><U114/><E114/><V16/><F16/><W92/><G92/><T133/><D68/><U39/><E39/><V1/><F1/><W9/><G128/><T26/><D3/><U45/><E45/><V56/><F130/><W86/><G86/><T90/><D90/><AGARI ba="1,0" hai="13,17,22,40,47,49,52,54,90,93,99" m="39159" machi="90" ten="30,5800,0" yaku="8,1,52,1,54,1" doraHai="38" who="1" fromWho="0" sc="235,-61,265,61,235,0,265,0" /><INIT seed="1,2,0,1,1,89" ten="174,326,235,265" oya="1" hai0="133,102,125,108,12,65,58,15,122,118,132,6,40" hai1="46,128,123,42,4,135,85,80,62,16,124,95,25" hai2="5,84,120,101,54,43,41,32,60,56,75,52,57" hai3="130,98,30,126,106,72,8,64,115,127,3,2,96"/><U45/><E123/><V68/><F75/><W78/><G115/><T11/><D118/><U67/><E128/><V109/><F68/><W94/><G130/><T44/><D122/><U13/><E135/><N who="0" m="51785" /><D125/><N who="3" m="47625" /><G30/><T103/><D15/><U26/><E124/><V9/><F32/><W22/><G22/><T38/><D108/><U37/><E4/><V59/><F109/><W20/><G20/><T82/><D82/><U113/><E113/><V34/><F34/><W93/><G64/><T63/><AGARI ba="2,0" hai="6,11,12,38,40,44,58,63,65,102,103" m="51785" machi="63" ten="30,1100,0" yaku="20,1" doraHai="89" who="0" fromWho="0" sc="174,17,326,-7,235,-5,265,-5" /><INIT seed="2,0,0,4,3,4" ten="191,319,230,260" oya="2" hai0="64,77,129,49,19,26,74,117,114,38,123,40,42" hai1="57,72,31,95,37,18,23,89,21,39,47,67,86" hai2="63,22,50,127,20,61,75,14,34,101,0,81,69" hai3="119,62,46,44,135,65,96,53,118,76,13,45,52"/><V10/><F34/><W7/><G76/><T103/><D123/><U9/><E72/><V59/><F127/><W87/><G87/><T91/><D114/><U55/><E31/><V33/><F33/><W109/><G96/><T131/><D38/><U35/><E35/><V3/><F101/><W112/><G13/><T58/><D103/><U130/><E130/><N who="0" m="49673" /><D91/><U115/><E115/><V12/><F69/><N who="3" m="42167" /><G7/><T93/><D93/><U1/><E1/><V98/><F75/><W25/><G25/><T24/><D77/><U97/><E97/><V41/><F98/><W27/><G27/><N who="0" m="10283" /><D74/><U104/><E104/><V82/><F82/><W125/><G112/><T113/><D117/><N who="3" m="44553" /><G125/><T8/><D113/><U51/><E37/><V128/><F81/><W92/><G92/><T17/><D17/><U29/><E39/><V6/><F128/><W134/><G109/><T71/><D8/><U43/><E43/><V70/><F41/><W85/><G85/><T5/><D19/><U124/><E124/><V121/><F10/><W79/><G79/><T48/><D5/><U116/><E116/><V30/><F6/><W111/><G111/><T120/><D40/><U36/><E36/><V100/><F100/><W108/><G108/><T15/><D42/><U54/><E67/><V88/><F88/><W66/><G66/><T56/><D15/><N who="1" m="7535" /><E29/><V84/><F30/><W73/><G73/><T132/><D64/><U106/><E106/><V122/><F84/><W94/><G94/><T107/><D107/><U16/><E16/><V126/><F70/><W28/><G28/><T60/><D71/><RYUUKYOKU ba="0,0" sc="191,-15,319,15,230,-15,260,15" hai1="21,23,47,51,54,55,57,86,89,95" hai3="44,45,46,52,53,134,135" /><INIT seed="3,1,0,4,3,88" ten="176,334,215,275" oya="3" hai0="36,66,95,48,39,46,17,69,121,59,10,15,26" hai1="25,131,70,103,64,30,44,1,67,52,78,16,65" hai2="80,108,117,74,58,9,115,23,120,62,51,125,31" hai3="94,22,75,7,0,34,53,82,123,83,68,20,13"/><W100/><G123/><T35/><D121/><U99/><E1/><V93/><F120/><W5/><G68/><T56/><D35/><U101/><E131/><V55/><F117/><W84/><G34/><T111/><D111/><U133/><E133/><V119/><F119/><W18/><G75/><T106/><D106/><U126/><E126/><V91/><F115/><W76/><G0/><T116/><D116/><U104/><E103/><V63/><F125/><W14/><G83/><T33/><D33/><U61/><E78/><V102/><F102/><W135/><G135/><T27/><D59/><U38/><E16/><V114/><F114/><W113/><G113/><T47/><D46/><U8/><E8/><V45/><F80/><W87/><G53/><T109/><D109/><U129/><E129/><V118/><F74/><W127/><G127/><T49/><D49/><N who="1" m="28711" /><E38/><V3/><F118/><W41/><G41/><T11/><D11/><U28/><E28/><V42/><F108/><W2/><G2/><T92/><D69/><U90/><E90/><V130/><F130/><W24/><G14/><T89/><D89/><U72/><E72/><V57/><F9/><W29/><G87/><T32/><D32/><AGARI ba="1,0" hai="25,30,32,61,64,65,67,70,99,101,104" m="28711" machi="32" ten="30,2000,0" yaku="25,1,54,1" doraHai="88" who="1" fromWho="0" sc="176,-23,334,23,215,0,275,0" owari="153,-35.0,357,45.0,215,-18.0,275,8.0" /></mjloggm>