<mjloggm ver="2.3"><GO type="169" lobby="0"/><UN n0="%E3%81%9F%E3%81%98%E3%81%BE%E3%81%AA%E3%81%BF" n1="%E6%B2%A2%E5%AE%AE%E3%82%A8%E3%83%AA%E3%83%8A" n2="%E3%82%A6%E3%83%AB%E3%83%88%E3%83%A9%E7%AB%8B%E7%9B%B4" n3="%E3%81%A8%E3%81%AA%E3%81%BF" dan="17,16,17,17" rate="2162.39,2038.52,2066.15,2186.21" sx="F,M,M,M"/><TAIKYOKU oya="0"/><INIT seed="0,0,0,4,4,41" ten="250,250,250,250" oya="0" hai0="52,43,12,24,89,95,28,42,25,116,45,117,74" hai1="71,112,23,13,120,60,38,80,11,125,3,72,9" hai2="53,107,86,118,92,128,40,93,123,124,104,97,102" hai3="85,126,108,1,106,114,15,34,77,32,119,36,67"/><T35/><D74/><U48/><E120/><V81/><F40/><W62/><G1/><T49/><D25/><U99/><E38/><V26/><F123/><W134/><G106/><T14/><D43/><U83/><E125/><V73/><F26/><W135/><G36/><T47/><D116/><U56/><E71/><V27/><F27/><W101/><G101/><T55/><D55/><U5/><E112/><V129/><F53/><W44/><G114/><T30/><D30/><U6/><E23/><V50/><F50/><W91/><G119/><T64/><D64/><U82/><E99/><V109/><F118/><W76/><G126/><T103/><D103/><U90/><E48/><V133/><F124/><W84/><G15/><T122/><D122/><U4/><E4/><V61/><F61/><W8/><G8/><T98/><REACH who="0" step="1"/><D117/><REACH who="0" ten="240,250,250,250" step="2"/><U10/><E72/><V21/><F73/><W110/><G67/><T20/><D20/><U115/><E115/><V59/><F21/><W105/><G34/><T88/><D88/><U54/><E90/><V69/><F102/><W31/><G91/><T87/><D87/><U58/><E10/><V2/><F86/><W75/><G85/><T33/><D33/><U37/><E11/><V78/><F97/><W63/><G84/><T51/><AGARI ba="0,1" hai="12,14,24,28,35,42,45,47,49,51,52,89,95,98" machi="51" ten="20,24000,3" yaku="1,1,0,1,7,1,52,2,54,1,53,2" doraHai="41" doraHaiUra="46" who="0" fromWho="0" sc="240,250,250,-80,250,-80,250,-80" /><INIT seed="0,1,0,1,2,100" ten="490,170,170,170" oya="0" hai0="66,109,33,8,58,134,79,14,0,67,128,17,31" hai1="83,37,119,63,75,91,55,57,84,97,20,40,24" hai2="102,6,114,130,23,88,9,26,87,116,120,25,29" hai3="82,60,71,89,42,11,13,52,46,98,49,51,16"/><T126/><D128/><U56/><E119/><V132/><F114/><W54/><G71/><T93/><D126/><U35/><E35/><V117/><F120/><W111/><G60/><T62/><D134/><U72/><E97/><V10/><F132/><W73/><G73/><T101/><D79/><U86/><E40/><V122/><F122/><W127/><G127/><T110/><D0/><U45/><E45/><V34/><F102/><W129/><G129/><T106/><D93/><U18/><E37/><V2/><F130/><W94/><G111/><T43/><D43/><U74/><E74/><V108/><F108/><N who="0" m="41578" /><D67/><U105/><E105/><V48/><F48/><W30/><G30/><T44/><D44/><U12/><E24/><V50/><F50/><W135/><G135/><T85/><D85/><U133/><E133/><V76/><F76/><W104/><G51/><T4/><D4/><U118/><E118/><V81/><REACH who="2" step="1"/><F10/><REACH who="2" ten="490,170,160,170" step="2"/><W36/><G36/><T112/><D112/><U28/><E63/><V131/><F131/><W92/><G104/><T65/><D106/><U96/><E75/><V3/><F3/><W113/><G113/><T5/><D101/><U22/><E72/><V70/><F70/><W21/><G11/><T64/><D62/><U27/><E91/><V77/><F77/><W68/><G68/><T53/><D8/><U103/><E103/><V107/><F107/><W124/><G124/><T115/><D115/><U39/><E39/><V7/><F7/><W59/><G49/><T95/><D5/><U47/><E47/><V123/><F123/><W1/><G1/><RYUUKYOKU ba="1,1" sc="490,-10,170,-10,160,30,170,-10" hai2="2,6,9,23,25,26,29,34,81,87,88,116,117" /><INIT seed="1,2,1,1,5,78" ten="480,160,190,160" oya="1" hai0="80,116,125,22,52,107,98,41,5,16,45,70,34" hai1="128,113,118,58,82,50,26,36,126,17,122,72,39" hai2="21,37,40,14,27,60,109,13,73,75,28,62,33" hai3="35,123,56,61,25,53,101,9,71,93,106,67,49"/><U32/><E113/><V117/><F40/><W51/><G93/><T83/><D34/><U88/><E118/><V112/><F37/><W86/><G9/><T46/><D70/><U105/><E122/><V119/><F112/><W84/><G49/><T99/><D5/><U12/><E105/><V24/><F21/><W29/><REACH who="3" step="1"/><G123/><REACH who="3" ten="480,160,190,150" step="2"/><T64/><D116/><U4/><E50/><V108/><REACH who="2" step="1"/><F28/><REACH who="2" ten="480,160,180,150" step="2"/><W38/><G38/><T57/><D125/><U23/><E126/><V65/><F65/><W30/><G30/><T102/><D64/><U2/><E39/><V133/><F133/><W59/><G59/><T100/><D57/><U55/><E36/><V7/><F7/><W132/><G132/><T3/><D41/><U104/><E4/><V76/><F76/><W94/><G94/><T11/><D107/><U54/><E104/><V74/><F74/><W31/><G31/><T66/><D11/><U115/><E72/><V129/><F129/><W92/><G92/><T6/><D66/><U97/><E128/><V68/><F68/><W42/><G42/><T19/><D6/><U90/><E58/><V43/><F43/><W124/><G124/><T127/><D127/><U121/><E121/><V8/><F8/><W77/><G77/><T18/><D22/><U131/><E131/><V134/><F134/><W63/><G63/><T15/><D52/><U110/><E55/><V89/><F89/><W96/><AGARI ba="2,3" hai="25,29,35,51,53,56,61,67,71,84,86,96,101,106" machi="96" ten="30,8000,1" yaku="1,1,0,1,25,2,53,1" doraHai="78" doraHaiUra="47" who="3" fromWho="3" sc="480,-22,160,-42,180,-22,150,116" /><INIT seed="2,0,0,4,1,86" ten="458,118,158,266" oya="2" hai0="66,73,114,90,6,100,133,124,57,128,58,40,126" hai1="118,107,17,108,125,117,54,24,51,8,79,72,32" hai2="85,116,35,71,44,45,7,46,129,43,52,95,62" hai3="82,68,30,10,21,111,109,29,83,91,69,103,97"/><V47/><F35/><W38/><G38/><T98/><D73/><U5/><E107/><V89/><F116/><W122/><G122/><T31/><D114/><U110/><E72/><V33/><F33/><W134/><G134/><T88/><D133/><U101/><E101/><V70/><F129/><W18/><G10/><T120/><D120/><U56/><E79/><V41/><F7/><W102/><G97/><T78/><D78/><U104/><E104/><V27/><F27/><W55/><G55/><T63/><D40/><U135/><E135/><V60/><F43/><W132/><G132/><T13/><D31/><N who="1" m="19559" /><E17/><V34/><F34/><W20/><G18/><T15/><D58/><U80/><E80/><V12/><F12/><N who="0" m="4682" /><D6/><U19/><E19/><V42/><F42/><W105/><G105/><T4/><D4/><U9/><E9/><V16/><F16/><W49/><G49/><T2/><D2/><N who="1" m="55" /><E125/><N who="0" m="48233" /><D128/><U113/><E113/><V106/><F106/><AGARI ba="0,0" hai="57,63,66,88,90,98,100,106" m="48233,4682" machi="106" ten="30,7700,0" yaku="18,1,52,2,54,1" doraHai="86" who="0" fromWho="2" sc="458,77,118,0,158,-77,266,0" /><INIT seed="3,0,0,5,2,42" ten="535,118,81,266" oya="3" hai0="67,12,6,29,56,71,91,55,64,47,112,117,99" hai1="30,33,122,7,76,131,129,115,85,50,18,15,103" hai2="40,45,65,94,70,0,88,82,46,53,86,41,81" hai3="126,83,105,104,107,93,125,134,77,1,2,69,128"/><W92/><G69/><T19/><D71/><U44/><E122/><V74/><F0/><W79/><G2/><T5/><D29/><U48/><E115/><V121/><F65/><W89/><G1/><T58/><D117/><U119/><E7/><V3/><F70/><W20/><G20/><T24/><D24/><N who="1" m="18631" /><E103/><V22/><F3/><W108/><G128/><N who="1" m="49226" /><E119/><V97/><F121/><W16/><G16/><T10/><D112/><U52/><E50/><N who="2" m="28887" /><F74/><W36/><G36/><T118/><D118/><U84/><E76/><N who="3" m="29258" /><G134/><T95/><D58/><U111/><E111/><V80/><F22/><AGARI ba="0,0" hai="15,18,22,44,48,52,84,85" m="49226,18631" machi="22" ten="30,3900,0" yaku="19,1,52,1,54,1" doraHai="42" who="1" fromWho="2" sc="535,0,118,39,81,-39,266,0" /><INIT seed="4,0,0,4,2,70" ten="535,157,42,266" oya="0" hai0="73,14,2,23,6,113,54,112,78,133,87,17,39" hai1="1,97,77,80,41,38,45,96,19,98,126,9,4" hai2="84,34,12,106,64,40,134,11,55,130,104,31,120" hai3="51,117,53,71,103,128,47,52,131,135,43,92,0"/><T100/><D133/><U60/><E60/><V118/><F120/><W67/><G0/><T116/><D116/><U121/><E19/><V91/><F130/><N who="3" m="49707" /><G103/><T26/><D100/><U115/><E121/><V129/><F134/><W132/><G92/><T10/><D73/><U18/><E18/><V82/><F118/><W89/><G89/><T62/><D39/><U44/><E44/><V76/><F31/><W125/><G117/><T79/><D87/><U74/><REACH who="1" step="1"/><E115/><REACH who="1" ten="535,147,42,266" step="2"/><V59/><F129/><W13/><G135/><T109/><D112/><U3/><E3/><V114/><F114/><W105/><G132/><T85/><D2/><U46/><E46/><V58/><F40/><W56/><G47/><T48/><D113/><U42/><E42/><V122/><F122/><W30/><G43/><T81/><D17/><U124/><AGARI ba="0,1" hai="1,4,9,38,41,45,74,77,80,96,97,98,124,126" machi="124" ten="30,8000,1" yaku="1,1,0,1,25,2,52,1,53,0" doraHai="70" doraHaiUra="27" who="1" fromWho="1" sc="535,-40,147,90,42,-20,266,-20" /><INIT seed="5,0,0,0,1,104" ten="495,237,22,246" oya="1" hai0="94,7,0,53,82,2,21,50,40,131,81,30,72" hai1="25,23,118,102,122,127,34,65,119,78,83,135,12" hai2="15,33,123,5,48,9,46,32,27,1,86,43,35" hai3="13,11,87,57,79,106,8,26,51,38,101,110,125"/><U31/><E122/><V103/><F103/><W107/><G38/><T22/><D131/><U16/><E135/><V71/><F71/><W18/><G110/><T134/><D40/><U63/><E127/><V4/><F123/><W68/><G68/><T44/><D7/><U88/><E102/><V42/><F42/><W121/><G121/><T126/><D81/><U66/><E88/><V117/><F117/><W10/><G125/><T61/><D61/><U45/><E45/><V28/><F5/><W132/><G132/><T56/><D56/><U124/><E124/><V14/><F14/><W95/><G26/><T41/><D2/><U112/><E112/><V92/><F92/><W6/><G107/><T73/><D94/><U109/><E109/><V37/><F48/><W74/><G57/><T98/><D50/><U113/><E113/><V97/><F97/><N who="3" m="61743" /><G51/><T58/><D58/><U129/><E129/><V128/><F86/><W3/><G6/><T59/><D59/><U24/><E25/><V39/><F128/><W76/><G76/><T64/><D126/><U36/><E36/><V108/><F108/><W49/><G49/><T120/><D120/><U20/><E20/><V54/><F54/><W85/><G3/><T105/><D22/><U115/><E115/><V89/><F37/><W52/><G52/><T19/><D21/><U80/><E80/><V90/><REACH who="2" step="1"/><F1/><REACH who="2" ten="495,237,12,246" step="2"/><W111/><G111/><T99/><D0/><U84/><E65/><V114/><F114/><W17/><G95/><T67/><D134/><U96/><E96/><V60/><F60/><W133/><G133/><RYUUKYOKU ba="0,1" sc="495,-15,237,15,12,15,246,-15" hai1="12,16,23,24,31,34,63,66,78,83,84,118,119" hai2="4,9,15,27,28,32,33,35,39,43,46,89,90" /><INIT seed="5,1,1,3,3,90" ten="480,252,27,231" oya="1" hai0="36,59,40,19,87,97,134,92,38,58,133,113,2" hai1="94,70,25,4,63,31,79,39,81,102,46,74,78" hai2="118,104,68,33,27,129,80,115,50,75,101,109,12" hai3="126,29,124,21,7,103,69,45,132,125,56,89,122"/><U23/><E4/><V6/><F12/><W26/><G69/><T83/><D2/><U15/><E78/><V44/><F50/><W35/><G122/><T93/><D93/><U131/><E131/><V127/><F44/><W57/><G132/><N who="0" m="50795" /><D19/><U95/><E15/><V51/><F51/><W48/><G103/><N who="0" m="60839" /><D113/><U130/><E130/><V10/><F115/><W24/><G7/><T49/><D49/><U135/><E135/><V112/><F129/><W71/><G71/><T34/><D34/><U53/><E102/><V65/><F112/><W5/><G5/><T62/><D40/><U42/><REACH who="1" step="1"/><E53/><REACH who="1" ten="480,242,27,231" step="2"/><V16/><F6/><W114/><G114/><T13/><D13/><U37/><E37/><V96/><F101/><W64/><G124/><T106/><D38/><U72/><E72/><V43/><F75/><W86/><G126/><T117/><D36/><U121/><E121/><V98/><F127/><W116/><G125/><T41/><D117/><U54/><E54/><V32/><F118/><W84/><G116/><T17/><D41/><U52/><E52/><V28/><F43/><W77/><G77/><T107/><D62/><U1/><E1/><V120/><F120/><W91/><G89/><T66/><D106/><U0/><E0/><V82/><F104/><W128/><G91/><T119/><D107/><U73/><E73/><V85/><F109/><W123/><G123/><T76/><D119/><U3/><E3/><V8/><F65/><AGARI ba="1,2" hai="23,25,31,39,42,46,63,65,70,74,79,81,94,95" machi="65" ten="40,7700,0" yaku="1,1,52,2,53,0" doraHai="90" doraHaiUra="110" who="1" fromWho="2" sc="480,0,242,100,27,-80,231,0" owari="480,58.0,342,14.0,-53,-55.0,231,-17.0" /></mjloggm>