<mjloggm ver="2.3"><GO type="169" lobby="0"/><UN n0="%E3%82%BD%E3%83%BC%E3%82%BF%E3%83%8B" n1="%E2%98%86%E3%82%BF%E3%82%AA%E3%83%91%E3%82%A4%E3%83%91%E3%82%A4%E2%98%86" n2="%E3%82%A6%E3%83%AB%E3%83%88%E3%83%A9%E7%AB%8B%E7%9B%B4" n3="%E3%83%AA%E3%83%BC%E3%83%81%EF%BC%91" dan="16,16,16,17" rate="2105.97,2115.50,2055.06,2078.19" sx="M,M,M,M"/><TAIKYOKU oya="0"/><INIT seed="0,0,0,5,2,113" ten="250,250,250,250" oya="0" hai0="16,71,1,89,66,127,118,74,44,132,40,27,126" hai1="3,68,53,61,20,83,47,54,24,72,0,131,4" hai2="79,65,92,42,93,134,59,52,100,95,107,97,37" hai3="28,85,128,125,64,123,15,9,63,55,69,105,114"/><T7/><D74/><U82/><E131/><V135/><F65/><W112/><G105/><T98/><D132/><N who="2" m="50730" /><F42/><W110/><G128/><T22/><D66/><U77/><E68/><V106/><F37/><W109/><G28/><T129/><D71/><U78/><E4/><V36/><F36/><W14/><G125/><N who="0" m="47627" /><D129/><U10/><E10/><V76/><F107/><W116/><G123/><T23/><D23/><U46/><E61/><AGARI ba="0,0" hai="52,59,61,76,79,92,93,95,97,100,106" m="50730" machi="61" ten="30,2000,0" yaku="20,1,54,1" doraHai="113" who="2" fromWho="1" sc="250,0,250,-20,250,20,250,0" /><INIT seed="1,0,0,2,0,35" ten="250,230,270,250" oya="1" hai0="23,43,27,133,6,128,113,41,123,116,82,110,97" hai1="24,73,81,10,44,106,68,129,40,134,18,69,42" hai2="3,21,130,71,30,89,29,12,94,0,52,78,11" hai3="19,16,124,58,4,112,20,61,76,118,80,66,132"/><U36/><E106/><V121/><F71/><W37/><G112/><T90/><D113/><U38/><E129/><V87/><F121/><W33/><G33/><T1/><D116/><U119/><E119/><V47/><F130/><W7/><G118/><T83/><D128/><U65/><E134/><V115/><F115/><W32/><G32/><T74/><D123/><U51/><E65/><V111/><F78/><W117/><G117/><T84/><D133/><U62/><E62/><V72/><F72/><W59/><G37/><T45/><D110/><U98/><E98/><V93/><F93/><W60/><G124/><T95/><D74/><U54/><E38/><V85/><F85/><N who="3" m="48263" /><G132/><T48/><D41/><U125/><E42/><V31/><F21/><W50/><G50/><T9/><REACH who="0" step="1"/><D97/><REACH who="0" ten="240,230,270,250" step="2"/><U108/><E108/><V105/><F111/><W57/><G66/><T104/><D104/><U131/><E131/><V101/><F105/><W77/><G61/><T109/><D109/><U92/><E73/><V15/><F101/><W67/><G67/><T55/><D55/><U53/><E54/><V14/><REACH who="2" step="1"/><F11/><REACH who="2" ten="240,230,260,250" step="2"/><W103/><G103/><T127/><D127/><U28/><E10/><V102/><F102/><W79/><G60/><T26/><D26/><U13/><E24/><V8/><F8/><W75/><G75/><T70/><D70/><U46/><E68/><V107/><F107/><W56/><G20/><T99/><D99/><U135/><E69/><V5/><F5/><W64/><G7/><T114/><D114/><U39/><E125/><V34/><F34/><W63/><G4/><RYUUKYOKU ba="0,2" sc="240,10,230,-30,260,10,250,10" hai0="1,6,9,23,27,43,45,48,82,83,84,90,95" hai2="0,3,12,14,15,29,30,31,47,52,87,89,94" hai3="16,19,56,57,58,59,63,64,77,79" /><INIT seed="2,1,2,5,2,47" ten="250,200,270,260" oya="2" hai0="71,42,134,9,48,126,38,110,25,132,1,52,58" hai1="49,20,0,103,105,131,73,89,54,84,5,3,46" hai2="61,29,80,56,34,123,55,6,107,129,37,57,8" hai3="93,69,75,130,122,28,24,114,98,44,102,87,72"/><V32/><F37/><W67/><G122/><T85/><D71/><U50/><E131/><V97/><F123/><W4/><G130/><T79/><D110/><U10/><E73/><V30/><F129/><W60/><G114/><T15/><D1/><U81/><E20/><V53/><F32/><N who="3" m="20487" /><G4/><T12/><D126/><U111/><E111/><V128/><F34/><W112/><G44/><N who="0" m="25623" /><D38/><U7/><E49/><V120/><F120/><W22/><G22/><T41/><D41/><U119/><E119/><V11/><F128/><W116/><G116/><T19/><D25/><U96/><REACH who="1" step="1"/><E5/><REACH who="1" ten="250,190,270,260" step="2"/><V65/><F6/><W63/><G112/><T127/><D127/><U40/><E40/><V104/><F30/><W51/><G51/><N who="0" m="31007" /><D9/><U117/><E117/><V43/><F11/><W21/><G75/><T108/><D108/><U26/><E26/><V86/><F8/><W35/><G72/><T113/><D113/><U59/><E59/><V115/><F57/><W135/><G35/><T121/><D121/><U31/><E31/><V62/><F56/><W100/><G21/><T106/><D19/><U78/><E78/><V16/><F16/><W66/><G69/><T2/><D79/><U17/><E17/><V14/><F43/><W94/><G63/><T39/><D39/><U90/><E90/><V99/><F62/><W82/><G60/><T27/><D27/><U18/><E18/><V133/><F61/><W95/><G100/><T33/><D33/><U125/><E125/><V36/><F36/><W70/><G70/><T109/><D109/><U13/><AGARI ba="1,3" hai="0,3,7,10,13,46,50,54,81,84,89,96,103,105" machi="13" ten="20,5200,0" yaku="1,1,0,1,7,1,52,1,53,0" doraHai="47" doraHaiUra="23" who="1" fromWho="1" sc="250,-14,190,85,270,-27,260,-14" /><INIT seed="3,0,0,3,0,87" ten="236,275,243,246" oya="3" hai0="105,88,115,72,24,62,12,104,47,124,84,98,78" hai1="109,20,60,26,59,56,9,126,127,6,11,2,77" hai2="43,90,129,19,42,107,119,80,135,28,0,40,49" hai3="34,89,41,51,103,1,102,22,101,121,63,106,66"/><W33/><G121/><T122/><D122/><U76/><E11/><V96/><F0/><W79/><G1/><T91/><D124/><N who="1" m="47659" /><E109/><V44/><F119/><W53/><G41/><T32/><D115/><U25/><E56/><V120/><F120/><W23/><G79/><N who="1" m="30282" /><E20/><V50/><F28/><W65/><G106/><T30/><D78/><U112/><E112/><V71/><F71/><W10/><G10/><T3/><D72/><U118/><E118/><V39/><F19/><W29/><G34/><T132/><D132/><U48/><E48/><V54/><F135/><W134/><G134/><T27/><D3/><U92/><E92/><V97/><F50/><W5/><G5/><T16/><D27/><U52/><AGARI ba="0,0" hai="2,6,9,25,26,52,59,60" m="30282,47659" machi="52" ten="30,2000,0" yaku="18,1,54,1" doraHai="87" who="1" fromWho="1" sc="236,-5,275,20,243,-5,246,-10" /><INIT seed="4,0,0,0,1,122" ten="231,295,238,236" oya="0" hai0="34,77,58,76,69,81,66,63,111,80,27,92,15" hai1="114,41,61,73,88,108,68,133,56,83,97,67,1" hai2="23,105,65,6,98,74,45,54,86,119,89,112,43" hai3="12,14,24,57,104,0,96,124,16,7,10,116,91"/><T20/><D34/><U40/><E1/><V103/><F112/><W21/><G116/><T102/><D69/><U50/><E114/><V11/><F65/><W70/><G70/><T78/><D15/><U117/><E117/><V46/><F74/><W37/><G37/><T135/><D135/><U47/><E133/><V121/><F121/><W5/><G124/><T90/><D102/><U62/><E108/><V18/><F54/><W120/><G120/><T107/><D107/><U82/><E41/><V131/><F131/><W125/><G125/><T127/><D127/><U110/><E73/><V31/><F31/><W134/><G134/><T126/><D111/><U49/><E49/><V94/><F43/><W75/><G75/><T101/><D101/><U13/><E13/><V17/><F18/><W25/><G57/><T99/><REACH who="0" step="1"/><D126/><REACH who="0" ten="221,295,238,236" step="2"/><U51/><E68/><V85/><F105/><W115/><G104/><T29/><AGARI ba="0,1" hai="20,27,29,58,63,66,76,77,78,80,81,90,92,99" machi="29" ten="30,11700,0" yaku="1,1,2,1,0,1,8,1,53,0" doraHai="122" doraHaiUra="33" who="0" fromWho="0" sc="221,127,295,-39,238,-39,236,-39" /><INIT seed="4,1,0,3,5,103" ten="348,256,199,197" oya="0" hai0="27,75,38,95,60,97,67,19,66,12,113,13,88" hai1="82,71,1,124,101,125,110,36,18,44,126,131,128" hai2="4,74,52,3,127,118,11,35,77,9,69,40,119" hai3="17,121,111,22,91,64,42,85,16,104,29,80,26"/><T132/><D75/><U78/><E71/><V130/><F69/><W122/><G111/><T117/><D117/><U62/><E110/><V133/><F35/><W61/><G42/><T45/><D113/><U46/><E1/><V47/><F11/><W50/><G50/><T112/><D112/><U2/><E2/><V90/><F90/><W73/><G73/><T92/><D132/><U102/><E62/><V23/><F23/><W134/><G134/><T59/><D66/><U84/><E18/><V8/><F8/><W20/><G104/><T49/><D38/><U5/><E5/><V31/><F31/><W96/><G96/><N who="0" m="57351" /><D19/><U6/><E6/><V115/><F133/><W48/><G48/><T63/><D27/><U123/><E123/><N who="3" m="47114" /><G20/><T56/><D56/><AGARI ba="1,0" hai="16,17,22,26,29,56,61,64,80,85,91" m="47114" machi="56" ten="30,2000,0" yaku="13,1,54,1" doraHai="103" who="3" fromWho="0" sc="348,-23,256,0,199,0,197,23" /><INIT seed="5,0,0,4,1,129" ten="325,256,199,220" oya="1" hai0="21,114,72,76,98,100,111,23,130,116,14,32,126" hai1="24,48,128,17,0,19,25,120,91,39,13,10,115" hai2="64,52,110,74,85,42,54,75,63,96,28,89,7" hai3="38,101,20,9,106,31,29,41,1,109,65,81,12"/><U132/><E39/><V59/><F110/><W57/><G1/><T90/><D111/><U127/><E120/><V131/><F131/><W43/><G109/><T87/><D116/><U70/><E128/><V133/><F75/><W60/><G106/><T78/><D32/><U45/><E70/><V6/><F74/><W2/><G2/><T49/><D130/><U5/><E115/><V8/><F42/><W88/><G101/><T135/><D114/><U83/><E127/><V121/><F121/><W27/><G31/><T34/><D34/><U26/><E0/><V125/><F28/><W4/><G38/><T107/><D126/><U71/><E71/><V22/><F22/><W66/><REACH who="3" step="1"/><G65/><REACH who="3" ten="325,256,199,210" step="2"/><T62/><D107/><U113/><E113/><V124/><F64/><W92/><G92/><T47/><D100/><U103/><E103/><V55/><F124/><W58/><G58/><T134/><D47/><U51/><E132/><V3/><F133/><W86/><AGARI ba="0,1" hai="4,9,12,20,27,29,41,43,57,60,66,81,86,88" machi="86" ten="30,7900,0" yaku="1,1,0,1,8,1,54,1,53,0" doraHai="129" doraHaiUra="104" who="3" fromWho="3" sc="325,-20,256,-39,199,-20,210,89" /><INIT seed="6,0,0,1,5,72" ten="305,217,179,299" oya="2" hai0="58,120,111,9,3,121,46,130,25,59,70,52,109" hai1="107,129,103,28,42,127,22,117,36,66,60,125,15" hai2="115,83,113,128,44,124,132,64,71,80,119,34,29" hai3="110,102,97,24,86,57,45,38,55,39,10,12,131"/><V134/><F29/><W4/><G110/><T77/><D70/><U27/><E117/><V69/><F34/><W53/><G131/><T104/><D104/><U79/><E129/><V67/><F128/><W33/><G86/><T23/><D130/><U78/><E15/><V95/><F95/><W8/><G53/><T63/><D46/><N who="1" m="23879" /><E103/><V35/><F35/><W105/><G45/><T99/><D99/><U94/><E94/><V54/><F44/><W61/><G33/><T92/><D92/><U7/><E7/><V81/><F54/><W100/><G24/><T2/><D58/><N who="1" m="37143" /><E107/><V1/><F1/><W126/><G102/><T50/><D9/><U21/><E21/><V11/><F11/><W123/><G10/><T108/><D50/><U6/><E6/><V133/><F119/><W37/><G123/><T16/><REACH who="0" step="1"/><D77/><REACH who="0" ten="295,217,179,299" step="2"/><U76/><E76/><V65/><F124/><W30/><G126/><T31/><D31/><U49/><E79/><V122/><F122/><AGARI ba="0,1" hai="2,3,16,23,25,52,59,63,108,109,111,120,121,122" machi="122" ten="50,6400,0" yaku="1,1,54,2,53,0" doraHai="72" doraHaiUra="106" who="0" fromWho="2" sc="295,74,217,0,179,-64,299,0" /><INIT seed="7,0,0,3,0,73" ten="369,217,115,299" oya="3" hai0="72,87,45,31,112,36,81,64,43,82,99,96,3" hai1="30,122,59,123,27,102,47,121,13,5,106,98,15" hai2="40,74,118,28,86,76,79,84,58,11,20,95,18" hai3="128,124,56,135,132,68,78,51,107,24,114,57,29"/><W53/><G107/><T44/><D3/><U66/><E5/><V32/><F74/><W2/><G2/><T91/><D64/><U109/><E109/><V50/><F32/><W14/><G68/><T116/><D116/><U103/><E102/><V104/><F104/><W94/><G124/><T89/><D112/><U120/><E47/><V83/><F118/><W61/><G114/><T65/><D31/><U80/><N who="1" m="31232" /><DORA hai="37" /><U62/><REACH who="1" step="1"/><E80/><REACH who="1" ten="369,207,115,299" step="2"/><N who="2" m="47111" /><F95/><W90/><G94/><T133/><D82/><U25/><E25/><N who="2" m="16423" /><F58/><W9/><G57/><T93/><D93/><U42/><E42/><V55/><F55/><W105/><G53/><T75/><D43/><U127/><E127/><V60/><F60/><W110/><G61/><T22/><D81/><U126/><E126/><V7/><F7/><W52/><G52/><T41/><D41/><U39/><E39/><V23/><F50/><W16/><G51/><T6/><D36/><U111/><E111/><V1/><F1/><W130/><G56/><T131/><D6/><U119/><E119/><V63/><F63/><W12/><G105/><T71/><D44/><U48/><E48/><V134/><F40/><W125/><G110/><T21/><D45/><U97/><E97/><V117/><F117/><W33/><G125/><T46/><D99/><U108/><E108/><V70/><F70/><W101/><G101/><T19/><D96/><U129/><E129/><V69/><F69/><W49/><G130/><T17/><D131/><U115/><E115/><V4/><F134/><W77/><G128/><T100/><D133/><N who="3" m="51273" /><G24/><T85/><D46/><RYUUKYOKU ba="0,1" sc="369,-10,207,30,115,-10,299,-10" hai1="13,15,27,30,59,62,66,98,103,106" owari="369,46.0,237,-16.0,105,-39.0,289,9.0" /></mjloggm>