<mjloggm ver="2.3"><GO type="41" lobby="0"/><UN n0="%E7%99%BD%E7%B3%96%E3%83%A1%E3%83%AD%E3%83%B3" n1="%E3%81%98%E3%81%82%E3%81%8D%E3%82%93%E3%81%90" n2="%E3%82%A6%E3%83%AB%E3%83%88%E3%83%A9%E7%AB%8B%E7%9B%B4" n3="%44%69%72%74%79%41%54%4D" dan="14,14,16,15" rate="1922.81,1921.29,2064.02,1928.98" sx="M,M,M,M"/><TAIKYOKU oya="0"/><INIT seed="0,0,0,4,2,54" ten="250,250,250,250" oya="0" hai0="52,65,134,44,105,30,56,4,103,86,73,128,83" hai1="91,8,75,96,7,18,3,6,57,42,98,131,15" hai2="33,74,88,79,24,39,41,47,71,51,92,32,97" hai3="72,125,11,43,126,66,132,129,94,10,37,67,5"/><T122/><D122/><U133/><E75/><V120/><F120/><W127/><G72/><T81/><D128/><U114/><E131/><V20/><F71/><W76/><G76/><T61/><D134/><U17/><E42/><V100/><F79/><W84/><G132/><T23/><D4/><U1/><E133/><V102/><F74/><W106/><G106/><T62/><D73/><U31/><E31/><V38/><F33/><W80/><G129/><T89/><D105/><U34/><E34/><V36/><REACH who="2" step="1"/><F32/><REACH who="2" ten="250,250,240,250" step="2"/><W55/><G125/><T85/><D103/><U101/><E1/><V123/><F123/><W68/><G68/><T2/><D2/><U107/><E3/><V22/><F22/><W13/><G126/><T59/><D44/><U35/><E35/><V118/><F118/><W109/><G127/><T95/><D86/><U113/><E114/><V111/><F111/><W19/><G109/><T58/><D58/><U46/><E113/><V0/><F0/><W12/><G37/><T16/><D30/><AGARI ba="0,1" hai="20,24,30,36,38,39,41,47,51,88,92,97,100,102" machi="30" ten="40,2600,0" yaku="1,1,54,1,53,0" doraHai="54" doraHaiUra="130" who="2" fromWho="0" sc="250,-26,250,0,240,36,250,0" /><INIT seed="1,0,0,3,5,112" ten="224,250,276,250" oya="1" hai0="29,20,43,107,108,25,116,18,62,11,135,114,95" hai1="6,78,127,7,123,86,30,12,133,87,104,65,15" hai2="121,97,21,99,88,131,109,17,22,45,47,82,49" hai3="14,23,16,8,74,129,9,53,103,46,13,27,71"/><U50/><E123/><V63/><F109/><W77/><G71/><T73/><D108/><U117/><E117/><V84/><F121/><W66/><G129/><T75/><D107/><U2/><E104/><V26/><F131/><W60/><G103/><T110/><D110/><U90/><E65/><V68/><F68/><W125/><G125/><T124/><D124/><U79/><E127/><V83/><F63/><W61/><G77/><T1/><D114/><U59/><E30/><V128/><F128/><W113/><G74/><T120/><D120/><U35/><E35/><V89/><F45/><W72/><G113/><T41/><D116/><U42/><E133/><V115/><F22/><W4/><G72/><T55/><D135/><U96/><E96/><V0/><F0/><W91/><G66/><T118/><D118/><U52/><E42/><V19/><F19/><W48/><REACH who="3" step="1"/><G91/><REACH who="3" ten="224,250,276,240" step="2"/><T81/><D75/><U51/><E90/><V28/><F115/><W85/><G85/><T80/><D73/><U76/><E79/><V56/><F89/><W122/><G122/><T106/><D106/><U100/><E100/><V67/><F83/><W37/><G37/><T98/><D81/><U24/><E76/><V70/><F70/><W105/><G105/><T134/><D80/><U102/><E102/><V111/><F111/><W126/><G126/><T33/><D134/><U32/><E78/><V34/><F88/><W3/><G3/><T92/><D98/><U31/><E2/><V130/><F97/><W54/><G54/><T40/><D55/><U5/><E86/><V44/><F84/><RYUUKYOKU ba="0,1" sc="224,-10,250,-10,276,-10,240,30" hai3="4,8,9,13,14,16,23,27,46,48,53,60,61" /><INIT seed="2,1,1,0,0,56" ten="214,240,266,270" oya="2" hai0="39,117,57,134,121,123,59,3,19,51,68,43,96" hai1="118,115,103,113,11,41,26,46,21,71,132,122,125" hai2="93,102,92,119,79,2,40,17,87,105,94,84,72" hai3="64,81,111,82,120,104,27,80,83,22,91,10,58"/><V53/><F2/><W4/><G120/><T90/><D3/><U38/><E71/><V12/><F40/><W23/><G104/><T78/><D117/><U49/><E118/><V6/><F6/><W77/><G111/><T109/><D109/><U28/><E122/><V20/><F119/><W18/><G91/><T48/><D78/><U62/><E125/><V0/><F0/><W86/><G22/><T34/><D34/><U60/><E11/><V101/><F72/><W47/><G47/><T14/><D39/><U5/><E5/><V128/><F105/><W133/><G133/><T129/><D134/><U98/><E132/><V124/><F124/><W1/><G81/><T74/><D68/><U110/><E110/><V66/><F66/><W29/><G29/><T36/><D36/><U25/><E38/><V63/><F128/><W32/><G32/><T31/><D129/><U33/><E115/><V37/><F37/><W9/><G10/><T126/><D31/><U106/><E113/><V76/><F76/><W112/><G112/><T107/><D74/><U16/><AGARI ba="1,1" hai="16,21,25,26,28,33,41,46,49,60,62,98,103,106" machi="16" ten="20,8000,1" yaku="0,1,7,1,52,2,54,1" doraHai="56" who="1" fromWho="1" sc="214,-21,240,93,266,-41,270,-21" /><INIT seed="3,0,0,3,2,55" ten="193,333,225,249" oya="3" hai0="98,62,60,8,79,110,40,33,131,41,20,69,75" hai1="57,113,38,17,36,37,86,134,51,47,90,53,94" hai2="116,44,67,2,105,30,126,97,32,14,5,83,77" hai3="87,91,111,85,16,92,7,127,104,117,29,27,34"/><W52/><G117/><T63/><D33/><U119/><E113/><V123/><F116/><W45/><G104/><T101/><D131/><U19/><E119/><V133/><F123/><W66/><G7/><T3/><D69/><U100/><E134/><V130/><F14/><W122/><G122/><T25/><D110/><U61/><REACH who="1" step="1"/><E100/><REACH who="1" ten="193,323,225,249" step="2"/><V68/><F133/><W72/><G111/><T6/><D75/><U4/><E4/><V93/><F5/><W35/><G72/><T64/><D64/><AGARI ba="0,1" hai="17,19,36,37,38,47,51,53,57,61,64,86,90,94" machi="64" ten="40,2600,0" yaku="1,1,52,1,53,0" doraHai="55" doraHaiUra="95" who="1" fromWho="0" sc="193,-26,323,36,225,0,249,0" /><INIT seed="4,0,0,5,3,7" ten="167,359,225,249" oya="0" hai0="87,52,91,107,97,67,49,113,60,121,30,99,31" hai1="108,0,19,83,13,129,27,122,11,65,70,86,115" hai2="35,10,81,59,34,128,15,26,95,102,125,61,106" hai3="109,71,68,104,42,63,89,33,112,82,24,80,62"/><T111/><D121/><U16/><E122/><V1/><F106/><W36/><G112/><T133/><D113/><U93/><E115/><V131/><F1/><W74/><G109/><T37/><D37/><U44/><E70/><V98/><F81/><W132/><G104/><T134/><D111/><U20/><E65/><V50/><F50/><W103/><G132/><N who="0" m="50795" /><D107/><U75/><E75/><V123/><F123/><W105/><G89/><T55/><D30/><U76/><E108/><V45/><F45/><W92/><G82/><N who="0" m="49655" /><D31/><U56/><E56/><V73/><F26/><W32/><G24/><T124/><D124/><U40/><E0/><V127/><F73/><W4/><G74/><T117/><D117/><U6/><E93/><V69/><F69/><W23/><G92/><T78/><D78/><U100/><E100/><V90/><F102/><W126/><G103/><T130/><D130/><U101/><E129/><V5/><F131/><W94/><G126/><N who="2" m="48137" /><F128/><W57/><G94/><T72/><D72/><U84/><E101/><V25/><F25/><W110/><G105/><T21/><D21/><U14/><E86/><V39/><F39/><W38/><G23/><T47/><D55/><AGARI ba="0,0" hai="5,10,15,34,35,55,59,61,90,95,98" m="48137" machi="55" ten="30,2000,0" yaku="18,1,52,1" doraHai="7" who="2" fromWho="0" sc="167,-20,359,0,225,20,249,0" /><INIT seed="5,0,0,0,1,79" ten="147,359,245,249" oya="1" hai0="120,74,87,107,0,44,66,53,5,81,121,65,7" hai1="45,25,112,91,35,60,129,128,122,1,110,102,14" hai2="70,43,49,42,32,114,86,61,46,4,20,132,80" hai3="104,26,113,73,115,55,78,89,15,9,125,72,38"/><U51/><E122/><V99/><F32/><W124/><G38/><T126/><D107/><U58/><E1/><V52/><F132/><W84/><G104/><T59/><D126/><N who="3" m="48745" /><G26/><T62/><D74/><N who="3" m="28777" /><G55/><T33/><D33/><U100/><E112/><N who="3" m="43082" /><G15/><T68/><D44/><U119/><E119/><V117/><F117/><W12/><G9/><T131/><D131/><U41/><E35/><V95/><F114/><W118/><G12/><T90/><D0/><U18/><E25/><V111/><F4/><W106/><G106/><T98/><D98/><U30/><E30/><V116/><F116/><W127/><G127/><T88/><D90/><U40/><E91/><V64/><F20/><W13/><G13/><T109/><D109/><U77/><E110/><V96/><F111/><W6/><G6/><N who="0" m="2059" /><D68/><U57/><E58/><V17/><F17/><W47/><G47/><T108/><D108/><U27/><E27/><V56/><F70/><W63/><G63/><T36/><D36/><U75/><E40/><V135/><F96/><W71/><G71/><T123/><AGARI ba="0,0" hai="53,59,62,65,66,81,87,88,120,121,123" m="2059" machi="123" ten="40,5200,0" yaku="13,1,52,1,54,1" doraHai="79" who="0" fromWho="0" sc="147,52,359,-26,245,-13,249,-13" /><INIT seed="6,0,0,2,2,74" ten="199,333,232,236" oya="2" hai0="106,102,61,14,76,90,133,55,31,15,59,81,1" hai1="16,57,28,4,130,96,126,69,51,13,9,21,122" hai2="117,79,114,66,47,11,27,71,32,124,121,49,84" hai3="115,29,23,87,18,56,17,120,85,129,93,26,12"/><V54/><F121/><W91/><G120/><T89/><D1/><U46/><E122/><V50/><F117/><W38/><G129/><T128/><D128/><U70/><E130/><V77/><F124/><W109/><G38/><T6/><D133/><U30/><E126/><V103/><F114/><W2/><G115/><T132/><D132/><U125/><E125/><V110/><F110/><W104/><G2/><T134/><D31/><U3/><E57/><V34/><F34/><W92/><G104/><T53/><D134/><U52/><REACH who="1" step="1"/><E96/><REACH who="1" ten="199,323,232,236" step="2"/><V98/><F71/><AGARI ba="0,1" hai="3,4,9,13,16,21,28,30,46,51,52,69,70,71" machi="71" ten="40,8000,1" yaku="1,1,2,1,54,2,53,1" doraHai="74" doraHaiUra="40" who="1" fromWho="2" sc="199,0,323,90,232,-80,236,0" /><INIT seed="7,0,0,4,3,49" ten="199,413,152,236" oya="3" hai0="40,37,89,108,129,44,95,122,51,111,50,39,15" hai1="135,74,54,86,127,120,102,61,103,35,131,36,23" hai2="78,62,53,60,71,31,133,93,3,13,14,18,42" hai3="76,126,24,17,68,70,128,109,79,115,65,77,87"/><W1/><G1/><T113/><D122/><U118/><E35/><V5/><F3/><W75/><G75/><T7/><D7/><U98/><E36/><V10/><F71/><W46/><G46/><N who="0" m="25927" /><D15/><U19/><E120/><V117/><F117/><W4/><G4/><T82/><D82/><U119/><E74/><V45/><F133/><W85/><G109/><N who="0" m="42059" /><D89/><U52/><E135/><V33/><F78/><W67/><G24/><T125/><D95/><U114/><E114/><V91/><F31/><W20/><G20/><T26/><D26/><N who="1" m="14719" /><E86/><N who="3" m="32778" /><G115/><T123/><D123/><U29/><E29/><V90/><F33/><W105/><G17/><T116/><D113/><U100/><E131/><V21/><F93/><W66/><G128/><T22/><D22/><U96/><E127/><V55/><F90/><W132/><G126/><T121/><D121/><U41/><E41/><V63/><REACH who="2" step="1"/><F91/><REACH who="2" ten="199,413,142,236" step="2"/><W124/><G124/><T104/><D125/><U12/><E119/><V81/><F81/><W59/><G132/><T28/><D116/><U34/><E118/><V48/><AGARI ba="0,1" hai="5,10,13,14,18,21,42,45,48,53,55,60,62,63" machi="48" ten="30,12000,2" yaku="1,1,0,1,8,1,52,2,53,1" doraHai="49" doraHaiUra="2" who="2" fromWho="2" sc="199,-30,413,-30,142,130,236,-60" owari="169,-33.0,383,48.0,272,7.0,176,-22.0" /></mjloggm>