<mjloggm ver="2.3"><GO type="97" lobby="0"/><UN n0="%E6%97%8B%E7%90%89" n1="%E3%82%A6%E3%83%AB%E3%83%88%E3%83%A9%E7%AB%8B%E7%9B%B4" n2="%E3%81%8A%E3%81%AB%E3%82%93%E3%81%AB%E3%82%93%E3%83%91%E3%82%B9%E3%82%BF" n3="%6B%6F%2D%73%68%69%72%6F" dan="13,15,14,15" rate="1881.55,1997.04,1867.71,2037.92" sx="F,M,F,M"/><TAIKYOKU oya="0"/><INIT seed="0,0,0,2,2,84" ten="250,250,250,250" oya="0" hai0="48,97,11,2,128,25,127,76,63,15,99,96,118" hai1="21,65,5,92,22,125,35,74,37,1,59,119,133" hai2="52,24,54,44,33,111,120,114,39,103,126,89,93" hai3="31,61,14,75,70,50,98,51,29,130,34,86,91"/><T80/><D118/><U124/><E74/><V56/><F120/><W94/><G130/><T81/><D128/><U9/><E37/><V110/><F114/><W53/><G75/><T27/><D127/><N who="1" m="48715" /><E35/><V7/><F126/><W100/><G34/><T95/><D2/><U85/><E133/><V73/><F73/><W28/><G14/><T0/><D0/><U6/><E6/><V12/><F33/><W62/><G70/><T131/><D131/><U69/><E69/><V32/><F32/><W43/><G43/><T122/><D122/><U18/><E18/><V83/><F39/><W113/><G113/><T60/><D48/><U41/><E41/><V107/><F107/><W17/><G17/><N who="0" m="8447" /><D95/><U4/><E4/><V8/><F24/><N who="0" m="9290" /><D76/><U134/><E134/><V115/><F115/><W121/><G121/><T20/><D20/><U88/><E119/><V129/><F129/><W46/><REACH who="3" step="1"/><G50/><REACH who="3" ten="250,250,250,240" step="2"/><T101/><D101/><U104/><E104/><AGARI ba="0,1" hai="28,29,31,46,51,53,61,62,86,91,94,98,100,104" machi="104" ten="40,5200,0" yaku="1,1,2,1,52,1,53,0" doraHai="84" doraHaiUra="16" who="3" fromWho="1" sc="250,0,250,-52,250,0,240,62" /><INIT seed="1,0,0,1,5,129" ten="250,198,250,302" oya="1" hai0="78,82,15,113,123,51,103,74,106,127,73,120,35" hai1="7,126,111,11,125,46,39,85,77,70,43,72,26" hai2="40,9,58,75,50,66,105,3,101,115,91,63,118" hai3="119,98,29,33,97,116,21,67,14,99,102,128,13"/><U32/><E85/><V107/><F118/><N who="3" m="45099" /><G128/><T36/><D113/><U64/><E111/><V80/><F115/><W83/><G33/><T104/><D127/><N who="1" m="48651" /><E26/><V4/><F101/><W135/><G135/><T65/><D35/><U38/><E32/><V28/><F28/><W133/><G133/><T100/><D36/><N who="1" m="21863" /><E64/><V76/><F91/><W68/><G83/><T62/><D51/><U94/><E94/><V130/><F130/><W86/><G86/><T52/><D15/><N who="3" m="5641" /><G67/><T0/><D0/><N who="1" m="487" /><E70/><V45/><AGARI ba="0,0" hai="3,4,9,40,45,50,58,63,66,75,76,80,105,107" machi="45" ten="30,1100,0" yaku="0,1" doraHai="129" who="2" fromWho="2" sc="250,-3,198,-5,250,11,302,-3" /><INIT seed="2,0,0,2,0,47" ten="247,193,261,299" oya="2" hai0="43,77,17,7,104,124,80,131,61,36,1,135,31" hai1="21,4,26,64,111,130,20,52,6,62,58,38,48" hai2="40,25,70,27,49,129,10,128,71,86,29,0,76" hai3="57,39,33,93,19,83,35,15,126,45,84,73,115"/><V50/><F0/><W81/><G115/><T54/><D31/><U94/><E130/><N who="2" m="50283" /><F10/><W78/><G126/><T110/><D104/><U55/><E111/><V66/><F66/><W88/><G57/><N who="0" m="34999" /><D110/><U92/><E38/><V114/><F114/><W112/><G112/><T3/><D3/><U134/><E134/><V132/><F40/><W117/><G117/><T69/><D69/><N who="2" m="26122" /><F132/><W120/><G120/><T63/><D135/><U56/><E64/><V127/><F127/><W113/><G113/><T97/><D43/><U28/><E20/><N who="2" m="15527" /><F27/><W23/><G39/><T100/><D36/><U59/><E59/><V9/><F9/><W34/><G45/><T12/><D1/><U98/><E94/><V22/><F22/><W44/><G44/><T65/><D124/><U13/><E13/><V121/><F121/><W5/><G5/><T89/><D7/><U118/><E118/><V119/><F119/><W14/><G14/><T53/><D12/><U16/><E28/><V2/><F2/><W91/><G34/><T116/><D116/><U101/><AGARI ba="0,0" hai="4,6,16,21,26,48,52,55,56,58,62,92,98,101" machi="101" ten="20,12000,2" yaku="0,1,7,1,8,1,52,1,54,2" doraHai="47" who="1" fromWho="1" sc="247,-30,193,120,261,-60,299,-30" /><INIT seed="3,0,0,2,4,108" ten="217,313,201,269" oya="3" hai0="75,25,127,104,109,36,115,22,88,64,120,67,51" hai1="134,84,35,98,40,106,23,124,21,113,69,122,82" hai2="24,68,48,95,39,90,65,3,105,12,10,100,34" hai3="42,86,55,59,53,73,135,131,93,85,103,31,26"/><W114/><G135/><T87/><D120/><U123/><E113/><V52/><F39/><W126/><G131/><T117/><D117/><U7/><E35/><V1/><F105/><W57/><G126/><T11/><D36/><U5/><E69/><V80/><F100/><W50/><G114/><T6/><D75/><U112/><E112/><V58/><F80/><W121/><G121/><T119/><D119/><U20/><E40/><V17/><F68/><W33/><G73/><T19/><D109/><U49/><E49/><V133/><F65/><W116/><G116/><T110/><D110/><U14/><E14/><V9/><F133/><W60/><G42/><T38/><D38/><U107/><E134/><V78/><F78/><W27/><REACH who="3" step="1"/><G26/><REACH who="3" ten="217,313,201,259" step="2"/><T99/><D127/><U47/><E124/><V128/><F128/><W30/><G30/><T37/><D115/><U111/><E122/><V76/><F76/><W118/><G118/><T8/><D64/><U83/><E123/><V13/><F34/><W45/><G45/><T91/><D67/><U79/><E47/><V0/><F24/><W2/><G2/><T129/><D129/><U96/><E111/><V44/><F44/><W70/><G70/><T63/><D25/><U32/><E32/><V94/><REACH who="2" step="1"/><F90/><REACH who="2" ten="217,313,191,259" step="2"/><W92/><G92/><T56/><D88/><N who="1" m="51223" /><E107/><V4/><AGARI ba="0,2" hai="0,1,3,4,9,10,12,13,17,48,52,58,94,95" machi="4" ten="30,4000,0" yaku="1,1,0,1,54,1,53,0" doraHai="108" doraHaiUra="101" who="2" fromWho="2" sc="217,-10,313,-10,191,60,259,-20" owari="207,-29.0,303,40.0,251,5.0,239,-16.0" /></mjloggm>