<mjloggm ver="2.3"><GO type="97" lobby="0"/><UN n0="%65%74%61%6B%61%32%34" n1="%E4%BF%BA%E3%82%82%E3%81%86%E3%83%80%E3%83%A1%E3%81%A0" n2="%E6%A5%BD%E5%9C%92%E3%82%AF%E3%83%B3" n3="%E3%82%A6%E3%83%AB%E3%83%88%E3%83%A9%E7%AB%8B%E7%9B%B4" dan="13,15,13,15" rate="1852.40,1974.20,1893.85,1938.27" sx="M,M,M,M"/><TAIKYOKU oya="0"/><INIT seed="0,0,0,4,2,44" ten="250,250,250,250" oya="0" hai0="22,76,67,85,96,130,47,91,81,35,29,9,15" hai1="17,126,61,10,56,124,117,101,74,60,114,37,113" hai2="112,133,36,43,82,45,88,111,68,39,34,14,46" hai3="95,80,4,27,32,42,99,49,77,135,98,28,102"/><T115/><D115/><U23/><E74/><V86/><F34/><W0/><G135/><T30/><D130/><U84/><E37/><V13/><F112/><N who="1" m="43113" /><E101/><V71/><F133/><W105/><G98/><T106/><D35/><U89/><E10/><V21/><F111/><W5/><G0/><T109/><D109/><U26/><E117/><V94/><F94/><W69/><G69/><T58/><D106/><U8/><E8/><V125/><F125/><N who="1" m="48233" /><E56/><V6/><F14/><W110/><G105/><T19/><D47/><U1/><E1/><V72/><F72/><W3/><G3/><T33/><D33/><U55/><E55/><V63/><F63/><W92/><G32/><T57/><D67/><U2/><E2/><V66/><F66/><W16/><G102/><T53/><D9/><U132/><E132/><V38/><F38/><W54/><G54/><T65/><D65/><U25/><E25/><V116/><F116/><W100/><G27/><T64/><D64/><U127/><N who="1" m="48241" /><U129/><DORA hai="90" /><E129/><V123/><F123/><W134/><G100/><T93/><D58/><U59/><E59/><V12/><F12/><W73/><G134/><T11/><D11/><U7/><E7/><V119/><F119/><W103/><G5/><T78/><D78/><U75/><E75/><V118/><F118/><W128/><G77/><T41/><D41/><U40/><E40/><N who="2" m="22663" /><F6/><W79/><G4/><T20/><D20/><U70/><E70/><V131/><F131/><W18/><G128/><T121/><D121/><U97/><E97/><V83/><F71/><W62/><G110/><RYUUKYOKU ba="0,0" sc="250,15,250,15,250,-15,250,-15" hai0="15,19,22,29,30,53,57,76,81,85,91,93,96" hai1="17,23,26,60,61,84,89" /><INIT seed="0,1,0,1,1,117" ten="265,265,235,235" oya="0" hai0="44,6,78,83,31,54,4,80,53,39,96,124,32" hai1="56,34,19,86,45,21,26,129,72,5,87,33,82" hai2="131,66,90,75,95,81,29,13,8,25,17,7,121" hai3="97,55,76,24,99,35,128,20,50,11,125,52,70"/><T61/><D124/><U91/><E129/><V103/><F131/><W49/><G35/><T88/><D32/><U110/><E72/><V84/><F66/><W113/><G70/><T89/><D31/><U105/><E105/><V63/><F63/><W67/><G67/><T94/><D39/><U41/><E5/><N who="0" m="2153" /><D78/><U69/><E69/><V3/><F75/><W130/><G76/><T10/><D10/><U107/><E107/><V27/><F27/><W22/><G11/><T122/><D122/><U104/><E104/><V42/><F42/><W135/><G24/><T16/><D54/><U43/><E56/><V18/><F18/><W118/><G125/><T116/><D116/><U9/><E43/><V71/><F71/><W127/><G127/><T134/><D134/><U111/><E9/><V15/><F15/><W1/><G118/><T0/><D0/><U62/><E62/><V93/><F103/><W57/><G57/><N who="0" m="34991" /><D44/><U68/><E68/><V132/><F132/><W85/><G135/><T48/><D48/><U101/><E101/><V74/><F74/><W30/><G30/><T60/><D60/><U59/><E59/><V73/><F73/><W106/><G106/><T123/><D123/><U109/><REACH who="1" step="1"/><E86/><REACH who="1" ten="265,255,235,235" step="2"/><V47/><F47/><W51/><G85/><N who="0" m="50215" /><D83/><U65/><E65/><V120/><F120/><W98/><G130/><T92/><D92/><U100/><E100/><V77/><F121/><W23/><G128/><T38/><D38/><AGARI ba="1,1" hai="19,21,26,33,34,38,41,45,82,87,91,109,110,111" machi="38" ten="40,2600,0" yaku="1,1,14,1,53,0" doraHai="117" doraHaiUra="133" who="1" fromWho="0" sc="265,-29,255,39,235,0,235,0" /><INIT seed="1,0,0,4,5,16" ten="236,294,235,235" oya="1" hai0="7,12,113,43,128,50,129,76,45,87,68,98,90" hai1="18,118,109,124,9,119,88,19,62,70,22,39,121" hai2="57,78,97,53,17,34,3,100,38,51,35,84,79" hai3="65,2,122,72,135,33,73,120,133,60,8,54,102"/><U29/><E121/><N who="3" m="46698" /><G54/><T61/><D113/><U42/><E29/><V132/><F3/><W71/><G102/><T95/><D68/><U24/><E42/><V28/><F38/><W36/><G36/><T89/><D61/><U105/><E39/><V21/><F132/><N who="3" m="50763" /><G33/><T86/><D90/><U111/><E105/><V44/><F28/><W11/><G11/><N who="0" m="4223" /><D98/><U41/><E41/><V55/><F35/><W56/><G56/><T47/><D47/><U6/><E124/><V134/><F34/><W92/><G92/><T75/><D75/><U10/><E88/><V83/><F134/><W15/><G2/><T20/><D20/><N who="1" m="13335" /><E70/><V74/><F74/><W114/><G114/><T99/><D99/><U0/><E62/><V23/><F17/><AGARI ba="0,0" hai="8,15,17,60,65,71,72,73" m="50763,46698" machi="17" ten="30,1000,0" yaku="20,1" doraHai="16" who="3" fromWho="2" sc="236,0,294,0,235,-10,235,10" /><INIT seed="2,0,0,3,4,16" ten="236,294,225,245" oya="2" hai0="18,67,1,98,131,74,19,6,23,83,24,34,45" hai1="13,2,85,25,48,46,20,123,76,17,119,58,12" hai2="103,59,114,104,80,95,110,84,4,75,132,134,57" hai3="43,116,81,8,37,109,97,124,29,10,64,51,108"/><V127/><F4/><W105/><G37/><T14/><D67/><U44/><E2/><V118/><F114/><W92/><G105/><T50/><D131/><U129/><E119/><V0/><F0/><W40/><G64/><T22/><D98/><U122/><E129/><V125/><F59/><W21/><G81/><T42/><D74/><U54/><E122/><V115/><F115/><W126/><G116/><T82/><D34/><U91/><E76/><N who="2" m="44063" /><F57/><W96/><G92/><T41/><D41/><U15/><REACH who="1" step="1"/><E123/><REACH who="1" ten="236,284,225,245" step="2"/><V38/><F118/><W5/><G126/><N who="2" m="48137" /><F38/><W89/><G124/><T49/><D1/><U117/><E117/><V36/><F36/><W56/><G40/><N who="0" m="24743" /><D6/><U72/><E72/><V47/><F47/><AGARI ba="0,1" hai="14,18,19,22,23,24,42,47,50,82,83" m="24743" machi="47" ten="30,3900,0" yaku="8,1,52,2" doraHai="16" who="0" fromWho="2" sc="236,49,284,0,225,-39,245,0" /><INIT seed="3,0,0,0,3,8" ten="285,284,186,245" oya="3" hai0="134,121,85,86,17,33,120,116,84,22,106,91,0" hai1="88,71,123,73,56,102,65,4,76,122,69,83,105" hai2="100,15,124,77,135,111,101,109,82,40,28,132,61" hai3="39,31,35,110,68,19,6,25,57,34,95,92,32"/><W54/><G68/><T67/><D116/><U20/><E56/><V112/><F40/><W72/><G72/><T1/><D33/><U127/><E20/><V59/><F28/><W53/><G39/><T46/><D106/><U27/><E27/><V125/><F59/><W62/><G6/><T90/><D67/><U41/><E41/><V58/><F15/><W104/><G104/><T36/><D134/><N who="2" m="51242" /><F58/><W23/><G110/><N who="2" m="41993" /><F61/><W52/><REACH who="3" step="1"/><G31/><REACH who="3" ten="285,284,186,235" step="2"/><T119/><D119/><U96/><E69/><V81/><F112/><W103/><G103/><N who="2" m="39497" /><F77/><W12/><G12/><T5/><D36/><U50/><E4/><V55/><F55/><AGARI ba="0,1" hai="19,23,25,32,34,35,52,53,54,55,57,62,92,95" machi="55" ten="50,4800,0" yaku="1,1,54,1,53,0" doraHai="8" doraHaiUra="98" who="3" fromWho="2" sc="285,0,284,0,186,-48,235,58" /><INIT seed="3,1,0,3,5,128" ten="285,284,138,293" oya="3" hai0="18,49,81,15,22,70,7,8,32,46,37,61,106" hai1="38,78,30,47,62,97,99,44,98,24,124,134,56" hai2="116,90,3,48,133,123,91,1,120,111,115,88,108" hai3="41,96,16,114,103,125,129,6,132,43,101,89,25"/><W57/><G114/><T135/><D106/><U121/><E121/><N who="2" m="46667" /><F48/><W36/><G36/><T76/><D32/><U23/><E124/><V33/><F33/><W20/><G125/><T112/><D37/><U85/><E134/><V117/><F115/><W27/><G132/><T73/><D112/><U74/><E74/><V39/><F133/><W13/><G129/><T110/><D135/><U64/><E38/><V72/><F72/><W42/><G57/><T63/><D110/><N who="2" m="42026" /><F39/><W109/><G109/><T82/><D82/><AGARI ba="1,0" hai="23,24,30,44,47,56,62,64,78,82,85,97,98,99" machi="82" ten="40,1300,0" yaku="8,1" doraHai="128" who="1" fromWho="0" sc="285,-16,284,16,138,0,293,0" owari="269,-13.0,300,40.0,138,-36.0,293,9.0" /></mjloggm>