<mjloggm ver="2.3"><GO type="97" lobby="0"/><UN n0="%E3%81%8B%E3%81%BF%E3%81%8B%E3%81%BF" n1="%E3%82%A6%E3%83%AB%E3%83%88%E3%83%A9%E7%AB%8B%E7%9B%B4" n2="%70%63%67%65%6E%6A%69%6E" n3="%48%65%6E%72%79%32%6E%64" dan="14,15,13,14" rate="1883.00,1914.97,1855.24,1902.80" sx="F,M,M,M"/><TAIKYOKU oya="0"/><INIT seed="0,0,0,1,0,126" ten="250,250,250,250" oya="0" hai0="86,67,21,134,10,102,109,62,18,118,74,127,11" hai1="47,131,52,71,23,31,59,50,76,26,95,4,75" hai2="97,33,25,114,8,111,32,70,46,119,133,5,84" hai3="123,78,94,45,38,113,6,49,0,64,107,58,20"/><T105/><D74/><U43/><E71/><V66/><F114/><W85/><G107/><T61/><D118/><U112/><E112/><V129/><F84/><W24/><G113/><T110/><D127/><U117/><E117/><V104/><F119/><W29/><G38/><T82/><D134/><U88/><E4/><V73/><F73/><W44/><G123/><T121/><D121/><U106/><E106/><V51/><F133/><W36/><G36/><T125/><D125/><U1/><E1/><V30/><F33/><W120/><G120/><T65/><D102/><U63/><E75/><V60/><F51/><W12/><G0/><T68/><D105/><U16/><E76/><V132/><F46/><W98/><G78/><T69/><D21/><U22/><E131/><V53/><F53/><W116/><G85/><T115/><D115/><U80/><E80/><V56/><F56/><W34/><G34/><T57/><D57/><U89/><E95/><V35/><F35/><W48/><G48/><T15/><REACH who="0" step="1"/><D10/><REACH who="0" ten="240,250,250,250" step="2"/><U91/><E23/><V99/><F132/><W14/><G116/><T100/><D100/><U40/><E31/><V128/><F111/><W9/><G58/><T37/><D37/><U108/><E108/><V96/><REACH who="2" step="1"/><F104/><REACH who="2" ten="240,250,240,250" step="2"/><W101/><G64/><AGARI ba="0,2" hai="16,22,26,40,43,47,50,52,59,63,64,88,89,91" machi="64" ten="40,8000,1" yaku="8,1,54,3" doraHai="126" who="1" fromWho="3" sc="240,0,250,100,240,0,250,-80" /><INIT seed="1,0,0,2,5,1" ten="240,350,240,170" oya="1" hai0="120,74,132,65,62,124,28,72,90,100,85,30,47" hai1="12,129,48,97,25,54,81,16,60,45,79,18,103" hai2="20,22,24,88,57,36,8,11,135,53,51,76,95" hai3="4,55,78,105,0,83,5,122,43,38,46,86,21"/><U56/><E129/><V7/><F36/><W110/><G105/><T59/><D120/><U35/><E35/><V9/><F135/><W104/><G104/><T96/><D132/><U50/><E25/><V126/><F126/><W3/><G122/><T61/><D124/><U77/><E81/><V98/><F76/><W94/><G110/><T27/><D47/><U26/><E26/><V39/><F39/><W6/><G21/><T33/><D30/><U66/><E50/><V82/><F82/><W13/><G13/><T52/><D90/><U121/><E121/><V87/><F98/><W32/><G32/><T44/><D85/><U131/><E131/><V49/><F49/><W115/><G115/><T34/><D34/><U116/><E116/><V89/><F89/><W109/><G109/><T23/><D44/><U113/><E113/><V10/><REACH who="2" step="1"/><F24/><REACH who="2" ten="240,350,230,170" step="2"/><W15/><G15/><AGARI ba="0,1" hai="7,8,9,10,11,15,20,22,51,53,57,87,88,95" machi="15" ten="40,8000,1" yaku="1,1,2,1,8,1,52,1,54,1,53,0" doraHai="1" doraHaiUra="31" who="2" fromWho="3" sc="240,0,350,0,230,90,170,-80" /><INIT seed="2,0,0,5,1,54" ten="240,350,320,90" oya="2" hai0="69,32,9,11,105,6,67,130,104,26,17,1,10" hai1="101,132,76,126,16,82,49,133,20,31,40,15,118" hai2="60,71,131,94,89,98,109,95,33,38,112,51,65" hai3="88,93,70,87,36,111,103,108,0,34,53,50,100"/><V97/><F112/><W42/><G70/><T59/><D130/><U8/><E118/><V113/><F131/><W14/><G0/><T45/><D69/><U125/><E101/><V74/><F113/><W127/><G34/><T72/><D72/><U62/><E62/><V21/><F38/><W78/><G78/><T43/><D104/><U117/><E117/><V77/><F33/><W22/><G127/><N who="1" m="48650" /><E49/><V90/><F109/><N who="3" m="42059" /><G36/><T68/><D68/><U12/><E40/><V102/><F102/><W116/><G42/><T25/><D105/><U7/><E31/><V41/><F21/><W56/><G116/><T57/><D67/><U99/><E99/><V107/><F107/><W30/><G30/><T35/><D17/><AGARI ba="0,0" hai="14,17,22,50,53,56,87,88,93,100,103" m="42059" machi="17" ten="30,7700,0" yaku="25,1,14,1,52,1,54,1" doraHai="54" who="3" fromWho="0" sc="240,-77,350,0,320,0,90,77" /><INIT seed="3,0,0,3,3,94" ten="163,350,320,167" oya="3" hai0="52,56,20,113,32,11,0,12,67,130,70,104,80" hai1="124,13,60,121,75,73,8,125,116,74,18,96,31" hai2="40,53,34,97,101,135,27,88,122,114,10,3,41" hai3="25,83,19,30,106,38,133,86,112,44,21,134,37"/><W92/><G112/><T62/><D104/><U128/><E121/><V39/><F114/><W76/><G106/><T90/><D113/><U103/><E116/><V95/><F135/><N who="3" m="51723" /><G44/><T23/><D32/><U110/><E128/><V9/><F122/><W72/><G30/><T132/><D132/><U1/><E1/><V82/><F53/><W66/><G66/><T102/><D130/><U57/><E31/><V4/><F39/><W51/><G51/><T7/><D102/><U119/><E119/><V111/><F111/><W63/><G63/><T35/><D35/><U117/><E110/><V131/><F131/><W77/><G77/><T28/><D28/><U5/><E5/><V48/><F48/><W100/><G72/><T115/><D115/><U42/><E42/><V58/><F58/><W6/><G6/><T118/><D118/><U78/><E78/><V109/><F10/><W16/><G19/><T91/><D0/><U45/><E45/><V29/><REACH who="2" step="1"/><F109/><REACH who="2" ten="163,350,310,167" step="2"/><W26/><G38/><T69/><D69/><U85/><E117/><V105/><F105/><W47/><G26/><T99/><D70/><U89/><E57/><V54/><F54/><W64/><G64/><T24/><D67/><U79/><E60/><V129/><F129/><W68/><G68/><T59/><D24/><U81/><E125/><V50/><F50/><W14/><G25/><T65/><D59/><U61/><E124/><V93/><F93/><W17/><G37/><T15/><D65/><U55/><E55/><V127/><F127/><W107/><G107/><T49/><D62/><U123/><E61/><RYUUKYOKU ba="0,1" sc="163,-10,350,-10,310,30,167,-10" hai2="3,4,9,27,29,34,40,41,82,88,95,97,101" owari="153,-35.0,350,45.0,340,14.0,157,-24.0" /></mjloggm>