<mjloggm ver="2.3"><GO type="97" lobby="0"/><UN n0="%E3%83%A6%E3%83%AA%E3%82%B9" n1="%E6%A1%9C%E7%AB%9C%E2%80%A0%E3%82%BF%E3%83%9E" n2="%E3%82%A6%E3%83%AB%E3%83%88%E3%83%A9%E7%AB%8B%E7%9B%B4" n3="%E3%83%89%E3%83%AD%E3%81%93" dan="15,14,15,14" rate="1989.99,1971.60,2039.79,1899.68" sx="M,F,M,M"/><TAIKYOKU oya="0"/><INIT seed="0,0,0,4,3,106" ten="250,250,250,250" oya="0" hai0="43,82,90,61,6,99,52,36,17,125,133,0,77" hai1="94,132,69,135,107,37,112,113,62,85,103,119,41" hai2="25,110,57,40,67,29,130,129,70,24,63,58,47" hai3="97,59,88,38,79,65,9,2,111,93,131,64,16"/><T55/><D125/><U30/><E30/><V22/><F25/><W98/><G111/><T56/><D133/><N who="1" m="51275" /><E94/><V14/><F14/><W68/><G68/><T53/><D17/><U15/><E15/><V83/><F110/><W33/><G33/><T13/><D13/><U115/><E85/><V3/><F3/><W114/><G38/><T87/><D43/><U123/><E103/><V7/><F7/><W5/><G131/><N who="2" m="50185" /><F83/><W50/><G114/><T27/><D27/><U76/><E76/><V18/><F18/><W120/><G120/><T95/><REACH who="0" step="1"/><D36/><AGARI ba="0,0" hai="22,24,29,36,40,47,57,58,63,67,70" m="50185" machi="36" ten="30,1000,0" yaku="19,1" doraHai="106" who="2" fromWho="0" sc="250,-10,250,0,250,10,250,0" /><INIT seed="1,0,0,0,3,5" ten="240,250,260,250" oya="1" hai0="100,33,15,103,64,67,134,111,8,128,113,36,23" hai1="85,58,47,116,54,133,120,55,112,44,34,126,28" hai2="62,95,26,51,110,4,102,76,92,57,45,20,108" hai3="53,16,65,9,7,70,130,86,79,125,3,90,81"/><U89/><E116/><V66/><F76/><W18/><G130/><T14/><D128/><U2/><E120/><V122/><F122/><W35/><G35/><T41/><D33/><U118/><E118/><V97/><F92/><W56/><G125/><T99/><D113/><U74/><E126/><V13/><F13/><W123/><G123/><T105/><D111/><U52/><E112/><V80/><F4/><W27/><G27/><T84/><D134/><U29/><E74/><V22/><F80/><W50/><G70/><T73/><D73/><U21/><E2/><V71/><F71/><W25/><G65/><T77/><D103/><U87/><E34/><V114/><F114/><W11/><G25/><T24/><D41/><U124/><E124/><V37/><F37/><W131/><G131/><T49/><D49/><U129/><E129/><V43/><REACH who="2" step="1"/><F22/><REACH who="2" ten="240,250,250,250" step="2"/><W91/><G3/><T78/><D36/><U104/><E104/><V82/><F82/><W39/><G39/><T63/><D78/><U32/><E133/><V109/><F109/><W132/><G7/><T42/><D77/><U59/><E32/><V46/><F46/><N who="1" m="17449" /><E21/><V94/><F94/><W101/><G132/><T88/><D23/><U119/><E119/><V127/><F127/><W117/><G117/><T1/><D1/><U69/><E69/><V98/><F98/><W0/><G0/><T96/><D99/><U93/><E87/><V48/><F48/><W30/><G101/><T6/><D100/><U115/><E115/><V19/><AGARI ba="0,1" hai="19,20,26,43,45,51,57,62,66,95,97,102,108,110" machi="19" ten="30,2000,0" yaku="1,1,0,1,53,0" doraHai="5" doraHaiUra="72" who="2" fromWho="2" sc="240,-5,250,-10,250,30,250,-5" /><INIT seed="2,0,0,0,4,64" ten="235,240,280,245" oya="2" hai0="43,87,49,14,2,22,58,23,127,19,60,122,34" hai1="29,8,33,20,53,61,97,36,106,102,118,32,108" hai2="84,17,38,85,100,105,72,114,131,71,51,113,12" hai3="69,79,16,30,73,54,13,120,63,65,39,109,56"/><V86/><F38/><W124/><G109/><T25/><D2/><U35/><E118/><V83/><F51/><W50/><G124/><T104/><D127/><U77/><E108/><V130/><F71/><W7/><G7/><T44/><D104/><U103/><E36/><V70/><F70/><W4/><G4/><T66/><D122/><U112/><E112/><N who="2" m="43115" /><F17/><W48/><G30/><T21/><D34/><U95/><E8/><V110/><F12/><W88/><G120/><T82/><REACH who="0" step="1"/><D25/><REACH who="0" ten="225,240,280,245" step="2"/><U111/><E106/><V134/><F110/><W9/><G39/><T90/><AGARI ba="0,1" hai="14,19,21,22,23,43,44,49,58,60,66,82,87,90" machi="90" ten="20,8000,1" yaku="1,1,2,1,0,1,7,1,8,1,53,0" doraHai="64" doraHaiUra="0" who="0" fromWho="0" sc="225,90,240,-20,280,-40,245,-20" /><INIT seed="3,0,0,0,3,134" ten="315,220,240,225" oya="3" hai0="23,122,26,14,83,10,33,76,97,118,82,1,46" hai1="22,99,129,16,7,110,4,128,51,12,6,43,88" hai2="100,40,84,105,70,39,132,20,50,93,18,94,47" hai3="130,42,78,41,55,54,13,69,17,91,117,111,90"/><W108/><G117/><T11/><D118/><U114/><E114/><V32/><F32/><W66/><G78/><T96/><D33/><U131/><E110/><N who="3" m="42026" /><G130/><T106/><D1/><U75/><E75/><V62/><F132/><W52/><G69/><T72/><D83/><U8/><E43/><N who="3" m="16394" /><G66/><T31/><D122/><U73/><E73/><V9/><F39/><W89/><G17/><T63/><D106/><U38/><E38/><V98/><F70/><W112/><G13/><T19/><D46/><U49/><E8/><V45/><F9/><W59/><G59/><T2/><D63/><U61/><E61/><V21/><F62/><W71/><G71/><T123/><D123/><U87/><REACH who="1" step="1"/><E99/><REACH who="1" ten="315,210,240,225" step="2"/><V29/><F98/><W68/><G68/><T119/><D119/><U60/><E60/><V121/><F40/><W107/><G107/><T48/><D97/><U25/><E25/><V86/><F105/><W44/><G44/><T92/><D96/><U36/><E36/><V80/><F47/><W24/><G24/><T53/><D10/><U124/><E124/><V65/><F45/><W30/><G112/><T37/><D37/><U3/><E3/><V5/><F121/><W34/><G30/><T74/><D2/><U135/><E135/><V125/><F29/><W104/><G104/><T79/><D74/><U35/><E35/><AGARI ba="0,1" hai="34,35,52,54,55,89,90,91" m="16394,42026" machi="35" ten="40,12000,1" yaku="28,2,14,1,10,1,54,1" doraHai="134" who="3" fromWho="1" sc="315,0,210,-120,240,0,225,130" owari="315,12.0,90,-41.0,240,-16.0,355,45.0" /></mjloggm>