<mjloggm ver="2.3"><GO type="97" lobby="0"/><UN n0="%44%6F%6C%74%6F%6E" n1="%E3%82%A6%E3%83%AB%E3%83%88%E3%83%A9%E7%AB%8B%E7%9B%B4" n2="%50%6F%6D%35%30%30" n3="%66%65%6E%67%67%61%6E%67" dan="15,15,13,15" rate="1971.85,1984.01,1871.07,1980.95" sx="M,M,M,M"/><TAIKYOKU oya="0"/><INIT seed="0,0,0,4,5,85" ten="250,250,250,250" oya="0" hai0="110,9,73,86,53,14,23,83,79,45,109,80,61" hai1="46,113,31,124,94,116,81,10,68,111,44,51,38" hai2="119,72,70,66,93,3,84,2,54,35,95,127,59" hai3="20,82,52,126,129,89,114,12,29,62,24,42,5"/><T60/><D23/><U11/><E68/><V41/><F35/><W135/><G114/><T58/><D61/><U106/><E106/><V39/><F72/><W75/><G75/><T87/><D45/><U7/><E116/><V0/><F119/><W22/><G126/><T97/><D97/><U27/><E124/><V105/><F105/><W6/><G129/><T78/><REACH who="0" step="1"/><D73/><REACH who="0" ten="240,250,250,250" step="2"/><U33/><E44/><V37/><F127/><W34/><G22/><T122/><D122/><U28/><E46/><V1/><F41/><W123/><G42/><T26/><D26/><U48/><E27/><V88/><F93/><W19/><G123/><T90/><D90/><U100/><E94/><V21/><F21/><W40/><G40/><T17/><AGARI ba="0,1" hai="9,14,17,53,58,60,78,79,80,83,86,87,109,110" machi="17" ten="30,6000,0" yaku="1,1,0,1,9,1,53,0" doraHai="85" doraHaiUra="65" who="0" fromWho="0" sc="240,70,250,-20,250,-20,250,-20" /><INIT seed="0,1,0,4,1,124" ten="310,230,230,230" oya="0" hai0="100,110,131,7,56,123,2,94,88,114,34,128,83" hai1="58,36,76,78,16,25,11,104,111,53,0,106,30" hai2="5,90,130,55,4,85,20,62,135,71,54,24,32" hai3="1,61,86,95,66,97,120,103,127,41,73,74,37"/><T39/><D114/><U115/><E36/><V87/><F32/><W44/><G1/><T80/><D123/><U122/><E122/><V77/><F135/><W12/><G120/><T92/><D34/><U29/><E115/><V15/><F77/><W51/><G127/><T105/><D39/><U69/><E69/><V49/><F87/><W35/><G35/><T67/><D105/><U102/><E102/><V14/><F71/><W48/><G12/><T17/><D100/><U13/><E0/><V47/><F130/><N who="0" m="49706" /><D110/><U68/><E111/><V129/><F129/><W107/><G51/><T89/><D17/><U8/><E16/><V38/><F38/><W45/><G86/><N who="0" m="52247" /><D56/><U9/><E58/><V59/><F5/><W119/><G107/><T27/><D27/><U21/><E25/><V108/><F4/><W116/><G119/><T84/><D67/><U42/><E104/><V50/><F108/><W26/><G26/><T133/><D133/><U113/><E106/><V98/><F98/><W43/><G116/><T65/><D65/><U31/><E113/><V79/><F79/><W63/><G61/><T118/><D118/><U81/><E76/><V18/><REACH who="2" step="1"/><F62/><REACH who="2" ten="310,230,220,230" step="2"/><W64/><G63/><T75/><D75/><U28/><E78/><V22/><F22/><W6/><G73/><T10/><AGARI ba="1,1" hai="2,7,10,80,83,84,89,94" m="52247,49706" machi="10" ten="30,12000,1" yaku="19,1,52,3,54,1" doraHai="124" who="0" fromWho="0" sc="310,133,230,-41,220,-41,230,-41" /><INIT seed="0,2,0,5,2,94" ten="443,189,179,189" oya="0" hai0="88,87,43,81,55,132,116,123,115,3,52,112,2" hai1="101,69,133,27,76,12,58,5,120,90,40,68,106" hai2="114,45,61,126,46,127,33,44,39,42,24,56,62" hai3="124,65,30,104,77,31,53,72,66,54,8,135,63"/><T74/><D123/><U16/><E120/><V83/><F33/><W14/><G124/><N who="2" m="47657" /><F83/><W10/><G135/><T82/><D116/><U25/><E133/><V105/><F105/><W108/><G108/><T11/><D132/><U128/><E5/><V100/><F100/><W49/><G104/><T85/><D74/><U13/><E76/><V47/><F24/><W96/><G77/><T117/><D43/><U20/><E40/><V75/><F75/><W125/><G72/><T35/><D117/><U95/><E27/><V121/><F121/><W28/><G125/><T102/><D102/><U60/><E128/><V15/><F15/><W7/><G96/><T71/><D71/><U84/><E12/><V73/><F73/><W111/><G111/><T70/><D70/><U67/><REACH who="1" step="1"/><E13/><REACH who="1" ten="443,179,179,189" step="2"/><V109/><F109/><W129/><G7/><T1/><D1/><U89/><E89/><V36/><F114/><W4/><G14/><T34/><D11/><U6/><E6/><V98/><F98/><AGARI ba="2,1" hai="16,20,25,58,60,67,68,69,84,90,95,98,101,106" machi="98" ten="40,5200,0" yaku="1,1,52,1,54,1,53,0" doraHai="94" doraHaiUra="122" who="1" fromWho="2" sc="443,0,179,68,179,-58,189,0" /><INIT seed="1,0,0,3,5,100" ten="443,247,121,189" oya="1" hai0="107,2,41,43,112,101,80,28,77,104,111,34,5" hai1="93,12,102,42,103,4,87,15,90,125,0,83,57" hai2="79,60,123,127,116,70,91,109,7,25,44,33,73" hai3="39,124,24,85,134,114,11,14,59,54,132,3,61"/><U53/><E0/><V29/><F123/><W120/><G114/><T117/><D112/><U84/><E42/><V45/><F116/><W50/><G120/><T52/><D117/><U94/><E125/><V65/><F127/><W119/><G124/><T56/><D111/><U121/><E121/><V1/><F109/><W10/><G119/><T76/><D34/><U78/><E4/><V66/><F66/><W35/><G39/><T40/><D28/><U8/><E8/><V32/><F32/><W51/><G3/><T62/><D101/><N who="1" m="38411" /><E94/><V110/><F110/><W18/><G10/><T68/><D68/><U21/><E21/><V16/><F7/><W96/><G96/><T64/><D5/><U89/><E90/><V88/><F1/><W113/><G113/><T9/><D9/><U115/><E115/><V92/><F79/><W108/><G108/><T72/><D2/><U48/><AGARI ba="0,0" hai="12,15,48,53,57,78,83,84,87,89,93" m="38411" machi="48" ten="30,1500,0" yaku="8,1" doraHai="100" who="1" fromWho="1" sc="443,-5,247,15,121,-5,189,-5" /><INIT seed="1,1,0,1,1,87" ten="438,262,116,184" oya="1" hai0="29,1,27,65,124,135,90,23,56,69,83,75,60" hai1="103,112,128,59,116,130,98,10,8,25,84,108,20" hai2="92,36,51,63,102,94,104,19,3,67,12,64,109" hai3="41,13,37,49,14,132,58,88,76,77,11,50,68"/><U9/><E116/><V38/><F36/><W5/><G68/><T28/><D1/><U52/><E112/><V0/><F3/><W100/><G37/><T107/><D107/><U22/><E84/><V15/><F38/><W42/><G100/><T85/><D135/><U53/><E108/><V7/><F0/><W96/><G132/><T66/><D124/><U125/><E125/><V111/><F51/><N who="3" m="19467" /><G58/><T73/><REACH who="0" step="1"/><D29/><REACH who="0" ten="428,262,116,184" step="2"/><U71/><E128/><V61/><F104/><W74/><G74/><T106/><D106/><U62/><E130/><V18/><F102/><W131/><G131/><T118/><D118/><U33/><E33/><V72/><REACH who="2" step="1"/><F7/><REACH who="2" ten="428,262,106,184" step="2"/><W79/><G14/><T44/><D44/><U99/><E103/><V31/><F31/><W45/><G45/><T30/><D30/><U40/><E25/><V97/><F97/><W129/><G129/><T26/><D26/><U101/><E99/><V39/><F39/><W91/><G96/><T134/><D134/><U47/><E98/><V120/><F120/><W78/><N who="3" m="19968" /><DORA hai="48" /><W114/><G114/><T2/><D2/><U133/><E101/><V70/><F70/><W24/><G24/><T115/><D115/><U46/><E71/><V95/><F95/><W57/><G57/><T113/><D113/><U17/><E133/><V54/><F54/><W6/><G6/><T123/><D123/><U110/><E53/><V86/><F86/><W81/><G81/><T55/><D55/><U117/><E52/><V93/><F93/><W4/><G4/><T16/><D16/><U21/><E117/><V80/><F80/><RYUUKYOKU ba="1,2" sc="428,10,262,-30,106,10,184,10" hai0="23,27,28,56,60,65,66,69,73,75,83,85,90" hai2="12,15,18,19,61,63,64,67,72,92,94,109,111" hai3="5,11,13,41,42,88,91" /><INIT seed="2,2,2,0,5,37" ten="438,232,116,194" oya="2" hai0="84,102,129,78,110,106,128,68,63,105,76,22,62" hai1="11,122,86,33,3,101,135,4,59,98,7,12,70" hai2="58,123,132,124,29,52,111,55,24,116,25,34,107" hai3="47,103,89,125,134,13,9,1,65,119,117,69,82"/><V127/><F107/><N who="0" m="40970" /><D102/><U0/><E70/><V121/><F116/><W113/><G1/><T36/><D36/><U20/><E33/><V94/><F132/><W114/><G125/><N who="2" m="48201" /><F94/><W85/><G134/><T10/><D110/><U118/><E118/><V72/><F72/><W97/><G65/><N who="0" m="41015" /><D63/><U45/><E135/><V18/><F111/><W100/><G69/><T133/><D133/><U17/><E98/><V71/><F71/><W90/><G47/><T91/><D22/><U6/><E101/><N who="3" m="38986" /><G13/><T57/><D57/><U8/><E59/><V43/><F43/><W131/><G9/><N who="1" m="3658" /><E86/><V87/><F87/><W40/><G40/><T53/><D10/><U46/><E46/><V48/><F55/><W93/><G131/><N who="0" m="50251" /><D53/><U23/><E45/><V41/><F41/><W56/><G56/><T80/><AGARI ba="2,2" hai="76,78,80,84,91" m="50251,41015,40970" machi="80" ten="30,1100,0" yaku="19,1" doraHai="37" who="0" fromWho="0" sc="438,37,232,-5,116,-7,194,-5" /><INIT seed="3,0,0,1,0,112" ten="475,227,109,189" oya="3" hai0="41,79,64,44,108,25,52,53,7,22,60,31,27" hai1="80,118,81,40,84,46,65,62,70,6,87,8,86" hai2="89,82,95,72,90,135,59,106,45,71,132,74,105" hai3="129,35,73,115,30,10,38,56,33,57,16,63,127"/><W122/><G115/><T24/><D108/><U114/><E114/><V29/><F71/><W128/><G122/><T94/><D79/><U104/><E104/><N who="2" m="40043" /><F29/><W18/><G73/><N who="2" m="28265" /><F45/><W96/><G38/><T120/><D120/><U130/><E118/><V126/><F59/><W103/><G127/><T121/><D121/><U134/><E130/><N who="3" m="50282" /><G56/><N who="0" m="36871" /><D7/><U133/><E80/><V101/><F126/><W117/><G117/><T17/><D94/><U36/><REACH who="1" step="1"/><E81/><REACH who="1" ten="475,217,109,189" step="2"/><V98/><F101/><W77/><G77/><T61/><D61/><U66/><E66/><V9/><F9/><W110/><G110/><T100/><D100/><U67/><E67/><V0/><F0/><AGARI ba="0,1" hai="0,6,8,36,40,46,62,65,70,84,86,87,133,134" machi="0" ten="40,1300,0" yaku="1,1,53,0" doraHai="112" doraHaiUra="48" who="1" fromWho="2" sc="475,0,217,23,109,-13,189,0" owari="475,57.0,240,4.0,96,-40.0,189,-21.0" /></mjloggm>