<mjloggm ver="2.3"><GO type="97" lobby="0"/><UN n0="%E3%82%A6%E3%83%AB%E3%83%88%E3%83%A9%E7%AB%8B%E7%9B%B4" n1="%53%49%47%4D%41" n2="%E3%81%99%E3%81%9A%E3%82%81%E3%83%95%E3%82%A1%E3%83%B3%E3%82%B7%E3%83%BC" n3="%63%6F%66%66%65%65%2E%53" dan="15,14,13,14" rate="1998.06,1874.12,1955.73,1953.87" sx="M,M,F,M"/><TAIKYOKU oya="0"/><INIT seed="0,0,0,0,2,17" ten="250,250,250,250" oya="0" hai0="32,24,132,78,94,57,106,45,16,52,61,92,122" hai1="76,114,68,70,42,12,90,60,77,131,82,59,104" hai2="134,23,21,100,4,74,91,83,48,9,33,5,2" hai3="38,116,43,95,93,49,47,117,125,127,64,129,80"/><T8/><D106/><U20/><E104/><V107/><F33/><W26/><G80/><T40/><D122/><U128/><E114/><V7/><F134/><W50/><G93/><T13/><D132/><U110/><E42/><V115/><F115/><W51/><G95/><T53/><D78/><U31/><E90/><V120/><F120/><W22/><G64/><T30/><REACH who="0" step="1"/><D53/><REACH who="0" ten="240,250,250,250" step="2"/><U123/><E123/><V56/><F107/><W75/><G129/><T62/><D62/><U66/><E77/><V113/><F113/><W79/><G79/><T44/><D44/><U29/><E110/><V99/><F74/><W111/><G75/><T36/><AGARI ba="0,1" hai="8,13,16,24,30,32,36,40,45,52,57,61,92,94" machi="36" ten="20,12000,1" yaku="1,1,0,1,7,1,54,2,53,0" doraHai="17" doraHaiUra="86" who="0" fromWho="0" sc="240,130,250,-40,250,-40,250,-40" /><INIT seed="0,1,0,4,5,80" ten="370,210,210,210" oya="0" hai0="19,42,45,70,63,104,124,51,53,78,105,57,11" hai1="131,133,86,112,89,29,25,41,134,87,47,12,115" hai2="79,99,71,120,44,50,38,94,27,54,35,75,123" hai3="69,93,129,8,107,48,102,74,83,31,13,109,21"/><T43/><D124/><U114/><E89/><V17/><F71/><W91/><G107/><T9/><D70/><U61/><E61/><V97/><F38/><W10/><G69/><T56/><D104/><U3/><E3/><V116/><F116/><W128/><G74/><T73/><D105/><U76/><E76/><V46/><F75/><W132/><G132/><N who="1" m="50794" /><E12/><V101/><F79/><W39/><G39/><T22/><D78/><U77/><E77/><V103/><F44/><W16/><G109/><T108/><D73/><U135/><N who="1" m="50802" /><U5/><DORA hai="127" /><E5/><V7/><F7/><W60/><G60/><T58/><D63/><U37/><E131/><N who="3" m="50250" /><G31/><T119/><D108/><U36/><E36/><V72/><F72/><W65/><G65/><T68/><D68/><U34/><AGARI ba="1,0" hai="25,29,34,37,41,47,86,87,112,114,115" m="50802" machi="34" ten="50,8000,1" yaku="11,1,20,1,52,2" doraHai="80,127" who="1" fromWho="1" sc="370,-41,210,83,210,-21,210,-21" /><INIT seed="1,0,0,0,0,18" ten="329,293,189,189" oya="1" hai0="84,90,135,109,52,115,56,55,112,81,122,80,36" hai1="108,35,117,62,2,79,134,124,133,57,41,42,60" hai2="72,85,69,37,16,101,10,51,27,3,29,78,107" hai3="5,0,8,6,99,46,43,13,96,63,91,93,70"/><U58/><E35/><V34/><F37/><W82/><G70/><T20/><D36/><U12/><E2/><V71/><F72/><W100/><G63/><N who="1" m="24106" /><E12/><V45/><F107/><W106/><G82/><T87/><D109/><U32/><E32/><V97/><F78/><W38/><REACH who="3" step="1"/><G0/><REACH who="3" ten="329,293,189,179" step="2"/><T132/><D81/><U121/><E108/><V113/><F113/><W33/><G33/><T92/><D80/><U17/><E121/><V44/><F69/><W31/><G31/><T23/><D122/><U102/><E79/><V88/><F71/><W25/><G25/><T111/><D111/><U28/><E28/><V77/><F77/><W89/><G89/><T11/><D90/><U15/><E102/><V40/><F3/><W4/><AGARI ba="0,1" hai="4,5,6,8,13,38,43,46,91,93,96,99,100,106" machi="4" ten="20,2700,0" yaku="1,1,0,1,7,1,53,0" doraHai="18" doraHaiUra="14" who="3" fromWho="3" sc="329,-7,293,-13,189,-7,179,37" /><INIT seed="2,0,0,4,1,53" ten="322,280,182,216" oya="2" hai0="68,85,11,56,41,75,130,0,4,123,1,108,51" hai1="102,52,9,38,44,48,21,17,104,112,19,78,6" hai2="79,126,5,34,122,121,28,125,60,32,65,16,25" hai3="50,70,83,82,10,54,114,111,131,63,101,8,118"/><V105/><F79/><W128/><G118/><T15/><D68/><U23/><E112/><V29/><F105/><W61/><G101/><T124/><D75/><U18/><E38/><V127/><F5/><W113/><G70/><T135/><D123/><N who="2" m="47114" /><F60/><W12/><G12/><T22/><D22/><U67/><E67/><V69/><F65/><W33/><G50/><T91/><D15/><U39/><E39/><V36/><F36/><W7/><G7/><T110/><D11/><U86/><E104/><V116/><F116/><W119/><G119/><T84/><D51/><U97/><E102/><V95/><F95/><W35/><REACH who="3" step="1"/><G54/><REACH who="3" ten="322,280,182,206" step="2"/><T129/><D4/><U88/><E6/><V76/><F69/><W43/><G43/><T106/><D41/><U87/><E9/><V40/><F40/><W103/><G103/><T3/><D3/><U72/><E72/><V2/><F2/><W132/><G132/><T42/><D135/><U26/><E26/><N who="2" m="18455" /><F76/><W80/><G80/><T20/><D42/><U74/><E74/><V73/><F73/><W94/><G94/><T77/><D1/><U27/><E78/><V117/><F117/><W64/><G64/><T90/><D77/><U99/><E27/><V14/><F126/><W45/><G45/><T93/><D0/><U47/><E47/><V134/><F134/><W92/><G92/><T100/><D93/><N who="1" m="56487" /><E99/><V58/><F58/><W62/><G62/><T55/><D56/><U24/><E24/><V115/><F115/><W96/><G96/><N who="0" m="61703" /><D124/><U59/><E44/><V107/><F107/><W71/><G71/><T49/><D85/><AGARI ba="0,1" hai="17,18,19,21,23,48,52,59,85,86,87" m="56487" machi="85" ten="30,8000,1" yaku="6,1,8,1,52,1,54,2" doraHai="53" who="1" fromWho="0" sc="322,-80,280,90,182,0,206,0" /><INIT seed="3,0,0,2,3,51" ten="242,370,182,206" oya="3" hai0="98,50,32,131,64,53,63,103,121,79,33,128,24" hai1="18,3,30,88,106,46,67,21,89,80,13,27,20" hai2="42,34,7,73,57,52,85,44,74,102,56,48,84" hai3="54,45,105,2,97,107,65,41,111,115,126,35,25"/><W92/><G115/><T59/><D79/><U113/><E106/><V132/><F34/><W101/><G2/><T40/><D40/><U87/><E113/><V90/><F132/><W26/><G65/><T71/><D121/><U4/><E67/><V133/><F133/><W94/><G126/><T17/><D17/><U112/><E112/><V58/><F102/><W66/><G66/><T82/><D82/><U36/><E3/><V0/><F42/><W96/><G111/><T69/><D69/><U125/><E125/><V75/><REACH who="2" step="1"/><F90/><REACH who="2" ten="242,370,172,206" step="2"/><W116/><G35/><T120/><D32/><U68/><E89/><V83/><F83/><W91/><G116/><T110/><D110/><U130/><E68/><V109/><F109/><W61/><G41/><T124/><D124/><U70/><E70/><V76/><F76/><W49/><REACH who="3" step="1"/><G61/><REACH who="3" ten="242,370,172,196" step="2"/><T119/><D119/><U78/><E36/><V8/><AGARI ba="0,2" hai="0,7,8,44,48,52,56,57,58,73,74,75,84,85" machi="8" ten="40,12000,2" yaku="1,1,0,1,52,1,54,1,53,3" doraHai="51" doraHaiUra="55" who="2" fromWho="2" sc="242,-30,370,-30,172,140,196,-60" owari="212,-19.0,340,44.0,312,11.0,136,-36.0" /></mjloggm>