<mjloggm ver="2.3"><GO type="97" lobby="0"/><UN n0="%6B%6F%2D%73%68%69%72%6F" n1="%E3%82%A6%E3%83%AB%E3%83%88%E3%83%A9%E7%AB%8B%E7%9B%B4" n2="%63%61%63%61%6F" n3="%E3%83%88%E3%83%AA%E3%83%8E%E3%82%B3%E3%82%B7%E3%83%86%E3%82%A3" dan="14,15,14,15" rate="1952.26,1963.57,1950.63,2054.74" sx="M,M,M,M"/><TAIKYOKU oya="0"/><INIT seed="0,0,0,2,0,30" ten="250,250,250,250" oya="0" hai0="67,82,131,84,37,2,103,41,97,85,80,64,45" hai1="9,95,11,15,53,73,0,21,107,117,47,61,88" hai2="112,83,44,60,14,127,55,126,26,22,100,87,90" hai3="65,129,46,102,27,115,104,120,23,17,135,99,40"/><T101/><D131/><U130/><E107/><V7/><F112/><W39/><G129/><T32/><D2/><U78/><E130/><V89/><F100/><W58/><G135/><T118/><D118/><U34/><E117/><V50/><F60/><W63/><REACH who="3" step="1"/><G115/><REACH who="3" ten="250,250,250,240" step="2"/><T81/><D32/><U49/><E34/><V75/><F126/><W13/><G13/><T16/><D16/><U42/><E0/><V105/><F127/><W10/><G10/><T110/><D110/><U109/><E109/><V134/><F14/><W128/><G128/><T111/><D111/><U98/><E21/><V59/><F134/><W48/><G48/><T71/><D71/><U36/><E15/><V57/><F22/><W5/><G5/><T86/><REACH who="0" step="1"/><D103/><REACH who="0" ten="240,250,250,240" step="2"/><U19/><E19/><V124/><F124/><W51/><G51/><T76/><D76/><U68/><E11/><V125/><F125/><W70/><G70/><T18/><D18/><U93/><E9/><V77/><F7/><W114/><G114/><T116/><D116/><U94/><E78/><V92/><F77/><W43/><G43/><T1/><D1/><U119/><E119/><V24/><F24/><W62/><G62/><T132/><D132/><U38/><E68/><V91/><F26/><W113/><G113/><T108/><D108/><U79/><E61/><V74/><F50/><W6/><G6/><T29/><D29/><U8/><E8/><V106/><F44/><W121/><AGARI ba="0,2" hai="17,23,27,39,40,46,58,63,65,99,102,104,120,121" machi="121" ten="30,2000,0" yaku="1,1,0,1,53,0" doraHai="30" doraHaiUra="35" who="3" fromWho="3" sc="240,-10,250,-5,250,-5,240,40" /><INIT seed="1,0,0,2,2,79" ten="230,245,245,280" oya="1" hai0="12,67,32,69,83,68,123,84,95,14,127,5,9" hai1="112,87,66,11,35,70,99,15,10,82,72,90,132" hai2="124,60,25,126,120,46,64,114,118,29,129,113,130" hai3="58,8,135,93,52,17,37,62,56,104,40,34,119"/><U131/><E112/><N who="2" m="43115" /><F46/><W27/><G104/><T81/><D123/><U101/><E131/><N who="2" m="50187" /><F60/><W54/><G135/><T39/><D127/><N who="2" m="48682" /><F64/><W97/><G119/><T31/><D39/><U98/><E132/><V117/><F120/><W13/><G40/><T48/><D48/><U3/><E72/><V33/><AGARI ba="0,0" hai="25,29,33,117,118" m="48682,50187,43115" machi="33" ten="40,12000,2" yaku="11,1,19,1,18,1,23,1,34,2" doraHai="79" who="2" fromWho="2" sc="230,-30,245,-60,245,120,280,-30" /><INIT seed="2,0,0,5,4,78" ten="200,185,365,250" oya="2" hai0="114,135,56,66,67,33,129,40,44,100,102,28,4" hai1="84,1,113,88,60,18,81,119,108,51,6,21,95" hai2="34,93,120,130,118,26,13,17,39,42,41,101,8" hai3="112,3,73,133,29,123,89,15,126,49,92,110,68"/><V47/><F120/><W80/><G3/><T53/><D114/><U16/><E113/><V83/><F118/><W98/><G112/><T23/><D135/><U94/><E119/><V72/><F42/><W125/><G68/><T117/><D117/><U43/><E108/><V124/><F124/><W121/><G29/><T61/><D129/><U37/><E37/><V74/><F130/><W132/><G49/><N who="0" m="26759" /><D33/><U91/><E1/><V22/><F34/><W85/><G73/><T134/><D4/><U38/><E38/><V62/><F62/><W9/><G9/><T59/><D134/><N who="3" m="51817" /><G15/><T45/><D45/><N who="1" m="26047" /><E6/><V116/><F116/><W55/><G55/><T63/><D53/><U54/><E91/><V36/><F36/><W99/><G99/><T111/><D111/><U57/><E18/><V32/><F32/><W7/><G7/><T12/><D12/><AGARI ba="0,0" hai="12,16,21,54,57,60,81,84,88,94,95" m="26047" machi="12" ten="30,7700,0" yaku="8,1,52,1,54,2" doraHai="78" who="1" fromWho="0" sc="200,-77,185,77,365,0,250,0" /><INIT seed="3,0,0,3,3,63" ten="123,262,365,250" oya="3" hai0="33,105,39,64,75,107,103,59,14,52,135,122,60" hai1="127,115,108,90,44,3,25,84,93,23,109,47,77" hai2="28,24,88,49,7,113,73,45,62,42,119,101,83" hai3="43,87,110,124,4,50,68,31,100,125,99,18,2"/><W35/><G68/><T54/><D122/><U27/><E3/><V41/><F119/><W95/><G18/><T132/><D39/><U114/><E77/><V38/><F7/><W58/><G110/><N who="1" m="42602" /><E127/><V134/><F113/><N who="1" m="43017" /><E25/><V10/><F10/><W116/><G116/><T5/><D75/><U19/><AGARI ba="0,0" hai="19,23,27,44,47,84,90,93" m="43017,42602" machi="19" ten="30,1100,0" yaku="14,1" doraHai="63" who="1" fromWho="1" sc="123,-3,262,11,365,-3,250,-5" owari="120,-38.0,273,7.0,362,46.0,245,-15.0" /></mjloggm>