<mjloggm ver="2.3"><GO type="41" lobby="0"/><UN n0="%E3%82%A6%E3%83%AB%E3%83%88%E3%83%A9%E7%AB%8B%E7%9B%B4" n1="%4E%2D%54%61%6B%65%72" n2="%74%6F%6D%6F%73%68%69%6E" n3="%E3%83%81%E3%83%A3%E3%82%A4" dan="15,15,14,14" rate="1983.79,1999.93,1982.13,1926.17" sx="M,M,M,M"/><TAIKYOKU oya="0"/><INIT seed="0,0,0,4,3,134" ten="250,250,250,250" oya="0" hai0="80,106,89,26,4,83,31,41,2,92,43,109,113" hai1="56,64,5,120,132,133,127,18,73,76,86,15,72" hai2="69,11,129,116,87,114,118,48,52,131,100,103,36" hai3="62,95,20,24,8,13,44,25,45,88,119,42,130"/><T126/><D106/><U98/><E120/><V115/><F69/><W60/><G119/><N who="2" m="45609" /><F36/><W84/><G130/><N who="2" m="49673" /><F11/><W54/><G24/><T124/><D4/><U121/><E121/><V107/><F48/><W46/><G42/><N who="0" m="15883" /><D2/><U63/><E5/><V123/><F123/><W105/><G105/><T17/><D17/><U108/><E108/><V50/><F107/><W71/><G71/><T51/><D51/><U22/><E98/><V65/><F65/><W104/><G104/><T0/><D0/><U40/><E40/><V78/><F50/><W16/><REACH who="3" step="1"/><G54/><REACH who="3" ten="250,250,250,240" step="2"/><T102/><D26/><U23/><E133/><V85/><F52/><W49/><G49/><T101/><D109/><U70/><E70/><V77/><F115/><W37/><G37/><T38/><D113/><U34/><E132/><V75/><F114/><W91/><G91/><T33/><D38/><U81/><E63/><V112/><F112/><W90/><G90/><T28/><D33/><U9/><E34/><V135/><F135/><W58/><G58/><T82/><D89/><U27/><E56/><V66/><F66/><W19/><AGARI ba="0,1" hai="8,13,16,19,20,25,44,45,46,60,62,84,88,95" machi="19" ten="30,8000,1" yaku="1,1,0,1,8,1,54,2,53,0" doraHai="134" doraHaiUra="97" who="3" fromWho="3" sc="250,-40,250,-20,250,-20,240,90" /><INIT seed="1,0,0,4,2,0" ten="210,230,230,330" oya="1" hai0="23,55,8,11,90,125,69,54,83,13,91,26,86" hai1="6,51,127,113,43,9,31,67,121,33,65,24,28" hai2="111,84,29,73,133,50,117,25,88,66,130,46,68" hai3="38,17,132,98,36,108,107,52,21,123,64,40,62"/><U95/><E121/><V5/><F73/><W4/><G123/><T20/><D69/><U45/><E113/><V15/><F117/><W122/><G122/><T112/><D112/><U32/><E127/><V79/><F79/><W34/><G34/><T56/><D125/><U128/><E128/><V78/><F78/><W103/><G132/><T48/><D90/><U124/><E95/><V30/><F68/><W109/><G40/><T100/><D100/><U1/><E124/><V126/><F126/><W101/><G101/><T85/><D85/><U74/><E74/><V37/><F37/><W114/><G114/><T59/><D11/><U87/><REACH who="1" step="1"/><E87/><REACH who="1" ten="210,220,230,330" step="2"/><V27/><F130/><W39/><G64/><T105/><D105/><U92/><E92/><V16/><F66/><W102/><G103/><T106/><D106/><U76/><E76/><V80/><F133/><W77/><G77/><T22/><D86/><U44/><E44/><V93/><F93/><W49/><G107/><T14/><D91/><U19/><E19/><V53/><F30/><W71/><G102/><T99/><D83/><U2/><E2/><V94/><F29/><W47/><G98/><T97/><D97/><U61/><E61/><V82/><F5/><W118/><G118/><T134/><D99/><U35/><E35/><V57/><F82/><W58/><G4/><T41/><D134/><U89/><E89/><N who="2" m="51335" /><F46/><W81/><G81/><T70/><D26/><AGARI ba="0,1" hai="1,6,9,24,26,28,31,32,33,43,45,51,65,67" machi="26" ten="40,7700,0" yaku="1,1,9,1,52,1,53,0" doraHai="0" doraHaiUra="72" who="1" fromWho="0" sc="210,-77,220,87,230,0,330,0" /><INIT seed="1,1,0,1,0,91" ten="133,307,230,330" oya="1" hai0="35,120,41,6,115,109,23,40,25,90,9,131,86" hai1="16,73,106,62,44,113,27,119,116,105,59,68,12" hai2="49,132,33,45,92,71,101,79,77,75,130,15,19" hai3="51,58,74,121,14,88,94,38,36,53,76,39,98"/><U65/><E113/><V55/><F33/><W30/><G121/><T4/><D35/><U21/><E73/><V103/><F71/><W70/><G70/><T96/><D115/><U0/><E0/><V118/><F118/><W95/><G30/><T18/><D120/><U52/><E44/><V72/><F75/><W124/><G74/><T123/><D123/><U31/><E116/><V56/><F72/><W46/><G76/><T10/><D131/><U26/><E119/><V13/><F132/><W17/><G124/><T1/><D96/><U85/><E85/><V110/><F110/><W127/><G127/><T114/><D114/><U133/><E133/><V50/><F130/><W29/><G29/><T122/><D109/><U47/><E47/><V37/><F37/><W104/><G104/><T112/><D112/><U102/><E102/><V93/><F79/><W7/><G7/><T42/><D122/><U135/><E135/><V43/><F77/><W8/><REACH who="3" step="1"/><G95/><REACH who="3" ten="133,307,230,320" step="2"/><N who="2" m="36425" /><F15/><W32/><G32/><T99/><D1/><U129/><E129/><V34/><F34/><W134/><G134/><T61/><D6/><U48/><E27/><V20/><AGARI ba="1,1" hai="13,19,20,43,45,49,50,55,56,101,103" m="36425" machi="20" ten="30,7900,0" yaku="8,1,52,3" doraHai="91" who="2" fromWho="2" sc="133,-21,307,-40,230,92,320,-21" /><INIT seed="2,0,0,4,1,57" ten="112,267,322,299" oya="2" hai0="114,25,113,1,130,64,129,82,72,60,112,128,14" hai1="118,23,39,131,79,61,19,53,135,91,55,133,124" hai2="86,31,33,41,56,126,29,26,34,95,24,9,35" hai3="70,85,11,84,103,4,109,2,45,106,51,18,15"/><V117/><F117/><W108/><G70/><T46/><D1/><U81/><E39/><V122/><F122/><W59/><G103/><T99/><D25/><U76/><E118/><V6/><F126/><W80/><G106/><T43/><D14/><U74/><E124/><V49/><F35/><W73/><G59/><T78/><D99/><U69/><E131/><V17/><F17/><W7/><G73/><T20/><D20/><U47/><E47/><V36/><F36/><W40/><G84/><T22/><D22/><U102/><E102/><V127/><F127/><W54/><G40/><T87/><D87/><U100/><E100/><V110/><F110/><N who="3" m="42603" /><G2/><T32/><D32/><U71/><E91/><AGARI ba="0,0" hai="4,7,11,15,18,45,51,54,80,85,91" m="42603" machi="91" ten="30,2000,0" yaku="25,1,14,1" doraHai="57" who="3" fromWho="1" sc="112,0,267,-20,322,0,299,20" /><INIT seed="3,0,0,0,3,97" ten="112,247,322,319" oya="3" hai0="99,65,45,49,43,102,25,13,52,12,37,42,36" hai1="44,33,14,96,34,128,11,91,38,21,114,111,94" hai2="134,28,8,88,67,10,131,81,51,112,84,78,17" hai3="125,18,7,115,1,50,64,122,118,23,80,48,76"/><W101/><G122/><T22/><D65/><U121/><E121/><V132/><F131/><W31/><G115/><T100/><D37/><U87/><E114/><V3/><F112/><W53/><G118/><T83/><D83/><U71/><E71/><V93/><F28/><W62/><G31/><T105/><D36/><U77/><E111/><V124/><F124/><W104/><G125/><T90/><D105/><U107/><E21/><V47/><F67/><W57/><G7/><T79/><D79/><U109/><E109/><V0/><F17/><W106/><G1/><T120/><D120/><U41/><E128/><V69/><F69/><W26/><G50/><T119/><D119/><U63/><E63/><V19/><F19/><W92/><G80/><T126/><D126/><U15/><E15/><N who="0" m="5705" /><D90/><U60/><E60/><V85/><F8/><W32/><G32/><T30/><D99/><U24/><E24/><V86/><F86/><W130/><G76/><T72/><D72/><U98/><E77/><V74/><F74/><W59/><REACH who="3" step="1"/><G130/><REACH who="3" ten="112,247,322,309" step="2"/><T5/><D5/><U68/><E34/><V89/><F78/><W9/><G9/><T46/><D46/><U117/><E33/><V110/><F110/><W58/><G58/><T20/><D20/><U35/><E35/><V127/><F127/><W113/><G113/><T70/><D70/><U40/><E68/><V4/><F0/><W2/><G2/><T66/><D66/><U73/><E44/><V133/><F51/><W56/><G56/><T61/><D61/><U55/><E117/><V16/><F16/><W123/><G123/><RYUUKYOKU ba="0,1" sc="112,10,247,-30,322,10,309,10" hai0="22,25,30,42,43,45,49,52,100,102" hai2="3,4,10,47,81,84,85,88,89,93,132,133,134" hai3="18,23,26,48,53,57,59,62,64,92,101,104,106" /><INIT seed="3,1,1,3,5,48" ten="122,217,332,319" oya="3" hai0="45,16,78,90,81,20,76,25,111,133,50,95,77" hai1="125,105,62,11,72,33,127,94,99,6,82,103,39" hai2="116,109,96,121,59,26,38,110,115,60,28,135,73" hai3="32,30,87,108,24,100,119,80,122,130,31,55,19"/><W23/><G119/><T93/><D133/><U34/><E39/><V132/><F116/><W41/><G122/><T5/><D5/><U112/><E112/><V14/><F38/><W35/><G41/><T83/><D111/><N who="2" m="42506" /><F73/><W104/><G108/><T49/><D49/><U113/><E113/><V98/><F115/><W15/><G100/><T9/><D9/><U75/><E94/><V10/><F121/><W71/><G71/><T36/><D36/><U65/><E6/><N who="2" m="3415" /><F59/><W107/><G130/><T17/><D17/><U37/><E11/><V57/><F26/><W46/><G31/><T4/><D4/><U8/><E8/><V92/><F28/><W29/><G29/><T97/><REACH who="0" step="1"/><D93/><REACH who="0" ten="112,217,332,319" step="2"/><U22/><E37/><V79/><F92/><W102/><G35/><T74/><D74/><U61/><E72/><V86/><F135/><W117/><G117/><T101/><D101/><U63/><E34/><V91/><F132/><W88/><REACH who="3" step="1"/><G102/><REACH who="3" ten="112,217,332,309" step="2"/><T27/><D27/><U131/><E33/><V120/><F120/><W12/><G12/><T1/><D1/><U13/><E13/><V40/><F40/><AGARI ba="1,3" hai="16,20,25,40,45,50,76,77,78,81,83,90,95,97" machi="40" ten="40,8000,1" yaku="1,1,8,1,54,1,53,1" doraHai="48" doraHaiUra="21" who="0" fromWho="2" sc="112,113,217,0,332,-83,309,0" /><INIT seed="4,0,0,4,3,51" ten="225,217,249,309" oya="0" hai0="7,4,28,110,43,114,59,26,95,45,29,13,9" hai1="12,22,58,3,119,104,125,127,73,96,42,50,67" hai2="121,102,88,60,123,70,2,16,122,91,10,76,117" hai3="128,99,27,53,38,44,124,33,1,17,105,14,47"/><T133/><D110/><U25/><E119/><V74/><F117/><W69/><G1/><T81/><D133/><U30/><E73/><V79/><F74/><W113/><G113/><T5/><D114/><U11/><E3/><V92/><F102/><W61/><G128/><T94/><D81/><U0/><E0/><V24/><F91/><W101/><G38/><T135/><D135/><U62/><E104/><V85/><F70/><W126/><G14/><T64/><D95/><U134/><E96/><V49/><F60/><W18/><G44/><T20/><D94/><U71/><E134/><V97/><F97/><W111/><G111/><T132/><D29/><U82/><E82/><V6/><REACH who="2" step="1"/><F49/><REACH who="2" ten="225,217,239,309" step="2"/><W55/><G69/><T108/><D132/><U120/><E71/><V130/><F130/><W23/><G61/><N who="0" m="37951" /><D108/><U84/><E62/><V37/><F37/><W46/><G101/><T15/><D9/><U106/><E50/><AGARI ba="0,1" hai="4,5,7,13,15,20,26,28,43,45,50" m="37951" machi="50" ten="30,1500,0" yaku="8,1" doraHai="51" who="0" fromWho="1" sc="225,25,217,-15,239,0,309,0" /><INIT seed="4,1,0,4,0,123" ten="250,202,239,309" oya="0" hai0="8,92,90,83,74,64,134,22,135,54,106,82,63" hai1="30,17,104,95,117,73,121,72,110,7,32,88,75" hai2="131,112,80,9,101,77,41,120,16,47,113,96,37" hai3="67,42,36,103,33,85,2,4,100,124,60,58,38"/><T26/><D106/><U51/><E121/><V84/><F120/><W13/><G33/><T69/><D8/><U68/><E104/><V49/><F131/><W118/><G118/><T29/><D54/><U57/><E68/><V59/><F37/><W79/><G2/><T126/><D126/><U48/><E117/><V18/><F59/><W122/><G124/><T5/><D5/><U10/><E17/><V39/><F39/><W53/><G122/><T28/><D28/><U56/><E30/><V81/><F81/><W132/><G132/><N who="0" m="50731" /><D74/><U86/><E110/><V61/><F61/><W98/><G42/><T40/><D40/><U108/><E108/><V52/><F41/><W89/><G79/><T55/><D55/><U105/><E32/><V66/><F66/><W43/><G43/><T93/><D93/><U130/><E105/><V65/><F65/><W14/><G67/><T99/><AGARI ba="1,0" hai="22,26,29,63,64,69,82,83,90,92,99" m="50731" machi="99" ten="30,1500,0" yaku="20,1" doraHai="123" who="0" fromWho="0" sc="250,18,202,-6,239,-6,309,-6" /><INIT seed="4,2,0,4,4,103" ten="268,196,233,303" oya="0" hai0="59,32,131,61,47,77,134,28,105,114,74,10,121" hai1="130,40,16,51,125,111,70,7,78,9,92,104,24" hai2="56,123,25,108,71,43,50,48,52,135,97,30,80" hai3="18,19,126,8,122,128,95,73,33,89,99,22,81"/><T106/><D121/><U124/><E111/><V68/><F108/><W90/><G33/><T38/><D28/><U63/><E78/><V37/><F123/><W93/><G122/><T54/><D32/><U84/><E130/><V65/><F135/><W4/><G128/><T2/><D131/><U14/><E70/><N who="2" m="26667" /><F80/><W116/><G116/><T15/><D134/><U112/><E63/><N who="2" m="38119" /><F97/><W44/><G126/><T98/><D98/><U41/><E112/><V21/><F30/><W85/><G44/><T100/><D100/><U110/><E51/><V6/><F21/><W36/><G36/><T115/><D2/><U64/><E64/><V34/><F6/><W23/><G73/><T102/><D102/><U96/><E110/><V107/><F25/><W88/><G19/><T67/><D77/><U119/><E119/><V66/><F107/><N who="0" m="40970" /><D74/><U133/><E104/><V3/><F3/><W31/><G31/><T0/><D0/><U53/><E133/><V120/><F34/><W5/><G8/><T82/><D82/><U45/><E9/><V42/><F120/><W39/><G39/><T109/><D109/><U72/><E72/><V60/><F37/><W57/><G57/><T58/><D58/><U26/><E96/><V35/><F35/><W117/><G117/><T69/><D59/><U86/><E124/><V62/><F62/><W79/><G79/><T13/><D13/><U46/><E14/><V29/><F29/><W75/><G75/><T87/><D87/><U101/><E84/><V132/><F132/><W20/><G18/><N who="0" m="8567" /><D38/><U17/><E86/><AGARI ba="2,0" hai="4,5,20,22,23,81,85,86,88,89,90,93,95,99" machi="86" ten="40,2600,0" yaku="8,1,54,1" doraHai="103" who="3" fromWho="1" sc="268,0,196,-32,233,0,303,32" /><INIT seed="5,0,0,4,3,62" ten="268,164,233,335" oya="1" hai0="88,23,72,68,112,58,78,49,120,31,32,91,10" hai1="3,66,71,47,18,60,115,70,40,11,132,85,75" hai2="29,21,117,53,1,37,134,113,63,126,4,95,74" hai3="97,36,101,118,109,14,12,45,19,103,98,119,125"/><U28/><E75/><V129/><F117/><N who="3" m="44555" /><G109/><T128/><D68/><U76/><E115/><V64/><F37/><W65/><G125/><T8/><D32/><U80/><E132/><V96/><F74/><W7/><G7/><T83/><D112/><U111/><E111/><V20/><F126/><W26/><G36/><T124/><D124/><U38/><E28/><V56/><F1/><W108/><G45/><T17/><D120/><U104/><E104/><V89/><F129/><W41/><G41/><T135/><D128/><U51/><E38/><V5/><F134/><W39/><G39/><T52/><D31/><U33/><E33/><V81/><F113/><W50/><G50/><T6/><D135/><U16/><REACH who="1" step="1"/><E71/><REACH who="1" ten="268,154,233,335" step="2"/><V42/><F29/><W110/><G110/><T67/><D72/><U2/><E2/><V54/><F63/><W93/><G108/><T79/><D79/><U0/><E0/><V105/><F105/><W107/><G26/><T15/><D78/><U27/><E27/><V9/><F42/><W84/><G12/><T131/><D131/><U122/><E122/><V59/><F59/><W127/><G127/><T77/><D77/><U102/><E102/><V48/><F56/><W130/><G130/><T57/><D57/><U121/><E121/><V133/><F133/><W94/><G107/><T99/><D58/><U34/><E34/><V13/><F13/><W90/><G103/><T82/><D15/><U116/><E116/><V73/><F73/><W92/><G101/><T61/><D49/><U25/><E25/><V24/><F24/><W123/><G123/><RYUUKYOKU ba="0,1" sc="268,-10,154,30,233,-10,335,-10" hai1="3,11,16,18,40,47,51,60,66,70,76,80,85" /><INIT seed="5,1,1,5,4,46" ten="258,184,223,325" oya="1" hai0="10,87,20,130,53,56,58,104,105,100,24,0,128" hai1="14,49,97,7,75,30,50,60,3,31,1,82,74" hai2="120,47,81,110,33,129,25,93,88,107,52,22,5" hai3="117,61,96,68,135,124,73,55,42,114,85,86,126"/><U45/><E97/><V102/><F33/><W98/><G42/><T57/><D100/><U62/><E45/><V40/><F110/><W34/><G34/><T32/><D32/><U83/><E14/><V123/><F129/><N who="0" m="49770" /><D87/><U113/><E7/><V66/><F66/><W78/><G68/><T77/><D77/><U6/><E6/><V72/><F123/><W101/><G61/><T109/><D109/><U13/><E13/><V134/><F120/><W80/><G55/><T125/><D10/><U16/><REACH who="1" step="1"/><E113/><REACH who="1" ten="258,174,223,325" step="2"/><V121/><F121/><W76/><G114/><T118/><D24/><U90/><E90/><V79/><F5/><W67/><G98/><T35/><D35/><U28/><E28/><V18/><F134/><W94/><G67/><T127/><D20/><U103/><E103/><V26/><F102/><W23/><G23/><T43/><D43/><U64/><E64/><V69/><F107/><W119/><G96/><T122/><D105/><U27/><E27/><V116/><F116/><W133/><G101/><T112/><D104/><U8/><E8/><V36/><F69/><W115/><G115/><T12/><D112/><U17/><AGARI ba="1,2" hai="1,3,16,17,30,31,49,50,60,62,74,75,82,83" machi="17" ten="25,18000,2" yaku="1,1,0,1,22,2,52,2,54,1,53,0" doraHai="46" doraHaiUra="19" who="1" fromWho="1" sc="258,-61,174,203,223,-61,325,-61" /><INIT seed="5,2,0,1,0,118" ten="197,377,162,264" oya="1" hai0="124,130,120,40,31,113,7,22,41,86,84,23,65" hai1="13,92,103,133,33,62,47,20,53,105,110,109,97" hai2="98,88,78,34,76,77,93,135,112,37,21,81,63" hai3="5,15,119,1,99,29,125,46,87,100,131,70,39"/><U96/><E33/><V61/><F34/><W108/><G119/><T79/><D65/><U89/><E133/><V72/><F37/><W111/><G70/><T75/><D75/><U64/><E47/><V30/><F135/><W102/><G15/><T4/><D79/><U114/><E114/><V38/><F38/><W134/><G100/><T117/><D117/><U32/><E32/><V17/><F112/><W90/><G134/><T57/><D113/><U122/><E122/><V0/><F30/><W116/><G29/><T132/><D31/><U45/><E45/><V56/><F0/><W82/><G116/><T8/><D132/><U91/><E53/><V10/><F10/><W27/><G27/><T54/><D8/><U85/><E20/><V60/><REACH who="2" step="1"/><F56/><REACH who="2" ten="197,377,152,264" step="2"/><W55/><G39/><T107/><D57/><N who="1" m="36943" /><E110/><V94/><F94/><W66/><G111/><T59/><D59/><U69/><E92/><V58/><F58/><W25/><G108/><T129/><D107/><U36/><E105/><V104/><F104/><W51/><G1/><T6/><D23/><U9/><E36/><V26/><AGARI ba="2,1" hai="17,21,26,60,61,63,72,76,77,78,81,88,93,98" machi="26" ten="30,12000,2" yaku="1,1,0,1,54,1,53,3" doraHai="118" doraHaiUra="74" who="2" fromWho="2" sc="197,-32,377,-62,152,136,264,-32" /><INIT seed="6,0,0,3,4,16" ten="165,315,288,232" oya="2" hai0="66,53,7,1,0,39,77,57,106,52,101,28,109" hai1="103,22,4,73,135,71,60,12,3,24,2,51,55" hai2="44,32,68,104,67,100,122,90,30,134,11,74,78" hai3="94,96,80,89,41,9,59,5,15,86,34,43,13"/><V50/><F122/><W75/><G34/><T92/><D106/><U40/><E73/><V85/><F134/><W72/><G75/><T88/><D39/><U23/><E135/><V84/><F74/><W132/><G132/><T119/><D101/><U26/><E103/><V8/><F78/><W6/><G72/><T105/><D105/><U113/><E113/><V81/><F104/><W133/><G133/><T98/><D109/><U61/><E40/><V129/><F100/><W65/><G6/><T91/><D77/><U83/><E83/><V46/><F129/><W19/><G65/><T27/><D119/><U93/><E93/><V18/><F68/><W58/><G43/><T38/><D38/><U62/><E12/><V35/><F35/><W117/><G41/><T20/><D1/><U79/><E79/><N who="2" m="46143" /><F67/><W124/><G124/><T121/><D121/><U47/><E71/><V123/><F123/><W70/><G70/><T31/><D91/><U21/><REACH who="1" step="1"/><E4/><REACH who="1" ten="165,305,288,232" step="2"/><V48/><F32/><W97/><G117/><T87/><D7/><U45/><E45/><N who="2" m="17515" /><F30/><W102/><REACH who="3" step="1"/><G97/><REACH who="3" ten="165,305,288,222" step="2"/><T56/><D98/><U95/><E95/><N who="2" m="54735" /><F8/><AGARI ba="0,2" hai="5,8,9,13,15,19,58,59,80,86,89,94,96,102" machi="8" ten="30,8000,1" yaku="1,1,7,1,8,1,53,2" doraHai="16" doraHaiUra="10" who="3" fromWho="2" sc="165,0,305,0,288,-80,222,100" /><INIT seed="7,0,0,1,0,97" ten="165,305,208,322" oya="3" hai0="82,26,42,34,107,122,119,132,134,73,78,121,54" hai1="59,126,64,2,129,31,56,6,8,84,115,33,40" hai2="4,68,65,103,27,21,81,133,45,36,7,83,49" hai3="67,85,96,23,127,77,52,114,128,116,9,76,88"/><W104/><G116/><T55/><D42/><U11/><E115/><V102/><F133/><N who="0" m="51306" /><D54/><U58/><E129/><V89/><F36/><W35/><G35/><T113/><D55/><U50/><E126/><V32/><F32/><W13/><G67/><T112/><D119/><U75/><E75/><V93/><F68/><W39/><G39/><T95/><D107/><U12/><E84/><N who="2" m="52391" /><F65/><W111/><G23/><T16/><D34/><U46/><E31/><N who="2" m="17903" /><F83/><W66/><G66/><T105/><D105/><U100/><E33/><V70/><F70/><W99/><G114/><N who="0" m="44139" /><D95/><U120/><E120/><N who="0" m="46185" /><D26/><U92/><E64/><V43/><F81/><W29/><G104/><T86/><D16/><U101/><E92/><V98/><F98/><W44/><G99/><T63/><D63/><U108/><E56/><V28/><F28/><W19/><G96/><T17/><D17/><U90/><E58/><V47/><F47/><W125/><G44/><T94/><D94/><U15/><E59/><V117/><F117/><W118/><G118/><T51/><D51/><U69/><E50/><V60/><F60/><W20/><G19/><T79/><D73/><U131/><E46/><V130/><F130/><W106/><G128/><T18/><D18/><U38/><E131/><V57/><F57/><W22/><G106/><T0/><D0/><U71/><E2/><V80/><F80/><W109/><G125/><T5/><D5/><AGARI ba="0,0" hai="4,5,7,43,45,49,102,103" m="17903,52391" machi="5" ten="30,3900,0" yaku="8,1,52,2" doraHai="97" who="2" fromWho="0" sc="165,-39,305,0,208,39,322,0" owari="126,-37.0,305,11.0,247,-15.0,322,41.0" /></mjloggm>