<mjloggm ver="2.3"><GO type="97" lobby="0"/><UN n0="%E3%82%A6%E3%83%AB%E3%83%88%E3%83%A9%E7%AB%8B%E7%9B%B4" n1="%E3%82%AB%E3%83%BC%E3%83%AB" n2="%E7%8C%AB%E3%81%97%E3%82%83%E3%82%93%E3%81%BA%E3%82%8D%E3%81%BA%E3%82%8D" n3="%54%41%43%48%59%4F%4E" dan="15,14,14,14" rate="1977.89,1942.03,1947.84,1918.46" sx="M,M,M,M"/><TAIKYOKU oya="0"/><INIT seed="0,0,0,3,2,71" ten="250,250,250,250" oya="0" hai0="107,64,124,93,26,116,123,43,69,134,17,54,10" hai1="53,82,103,117,88,40,48,20,38,18,21,84,35" hai2="13,79,99,5,73,30,102,47,66,19,85,55,89" hai3="114,106,14,28,39,57,63,74,72,75,33,50,16"/><T104/><D64/><U46/><E117/><V94/><F5/><W62/><G114/><T0/><D69/><U42/><E35/><V90/><F66/><W97/><G33/><T76/><D104/><U25/><E103/><V7/><F7/><W52/><G28/><T121/><D107/><U132/><E132/><V110/><F110/><W24/><G24/><T125/><D76/><U87/><E38/><V81/><F30/><W8/><G106/><T120/><D43/><U113/><E113/><V135/><F135/><W130/><G130/><T109/><D134/><U59/><E21/><V65/><F65/><W95/><REACH who="3" step="1"/><G39/><REACH who="3" ten="250,250,250,240" step="2"/><T80/><D121/><U112/><E112/><V108/><F108/><W11/><G11/><T100/><D109/><U115/><E115/><V1/><F1/><W15/><G15/><T3/><D123/><U34/><E34/><V32/><F32/><W61/><G61/><T78/><D120/><U12/><E25/><V29/><F29/><W131/><G131/><T44/><D3/><U127/><E127/><V36/><F36/><W37/><G37/><T56/><D0/><U122/><E122/><V45/><F13/><W83/><G83/><T129/><D129/><U92/><E46/><V111/><F81/><W101/><AGARI ba="0,1" hai="8,14,16,50,52,57,62,63,72,74,75,95,97,101" machi="101" ten="30,8000,1" yaku="1,1,0,1,54,2,53,1" doraHai="71" doraHaiUra="98" who="3" fromWho="3" sc="250,-40,250,-20,250,-20,240,90" /><INIT seed="1,0,0,5,2,8" ten="210,230,230,330" oya="1" hai0="72,118,31,3,91,10,26,88,50,37,16,20,131" hai1="4,38,127,76,135,27,108,59,36,11,114,24,128" hai2="41,18,0,57,111,98,60,17,97,106,51,73,117" hai3="53,22,69,130,78,87,122,125,123,6,85,100,89"/><U21/><E114/><V103/><F117/><W2/><G69/><T48/><D37/><U23/><E76/><V32/><F73/><W61/><G130/><T101/><D72/><U129/><E127/><V54/><F111/><W96/><G125/><T75/><D75/><U94/><E108/><V109/><F109/><W112/><G112/><T82/><D118/><U65/><E135/><V52/><F41/><W126/><G126/><T46/><D131/><N who="1" m="50251" /><E94/><V42/><F42/><W119/><G119/><T43/><D101/><U121/><E121/><V70/><F32/><W133/><G133/><T113/><D113/><U25/><E59/><V71/><F0/><W64/><G2/><T34/><D82/><U92/><E65/><V12/><F97/><W19/><G6/><N who="0" m="1375" /><D48/><U56/><E56/><V74/><F18/><W47/><G78/><T58/><D58/><U90/><E38/><V110/><F74/><W63/><G63/><T1/><D1/><N who="1" m="399" /><E36/><V14/><F110/><W134/><G134/><T95/><D95/><U29/><E29/><V13/><REACH who="2" step="1"/><F17/><REACH who="2" ten="210,230,220,330" step="2"/><W40/><G123/><T7/><D7/><U39/><E39/><V84/><F84/><AGARI ba="0,1" hai="21,23,24,25,27,84,90,92" m="399,50251" machi="84" ten="30,1500,0" yaku="19,1" doraHai="8" who="1" fromWho="2" sc="210,0,230,25,220,-15,330,0" /><INIT seed="1,1,0,2,2,64" ten="210,255,205,330" oya="1" hai0="12,87,108,117,13,114,76,115,71,75,123,39,29" hai1="36,31,105,26,134,23,11,128,83,48,50,42,8" hai2="21,7,112,5,91,85,54,102,65,56,10,32,81" hai3="72,86,53,78,92,15,107,96,80,111,58,97,77"/><U17/><E128/><V95/><F32/><W33/><G33/><T43/><D87/><U37/><E134/><V99/><F112/><W19/><G111/><T51/><D51/><U118/><E118/><V1/><F7/><W68/><G68/><T30/><D43/><U44/><E105/><V18/><F65/><W101/><G77/><T47/><D76/><U41/><E83/><V110/><F110/><W90/><G97/><T61/><D61/><U113/><E113/><V49/><F21/><W131/><G131/><T135/><D47/><U14/><REACH who="1" step="1"/><E8/><REACH who="1" ten="210,245,205,330" step="2"/><V52/><F54/><W27/><G107/><T93/><D117/><U67/><E67/><V20/><F10/><W100/><G72/><T45/><D75/><U55/><E55/><V35/><F35/><W130/><G130/><T9/><D9/><U34/><E34/><V122/><F122/><W133/><G133/><T3/><D135/><U119/><E119/><V126/><F126/><W57/><G57/><T0/><D123/><U84/><E84/><V94/><F81/><W22/><G15/><T106/><D106/><U59/><E59/><V125/><F125/><W28/><G28/><T82/><D82/><U124/><E124/><V121/><F121/><W127/><G127/><T69/><D108/><U25/><E25/><N who="2" m="14487" /><F1/><W46/><G46/><AGARI ba="1,1" hai="11,14,17,23,26,31,36,37,41,42,44,46,48,50" machi="46" ten="40,3900,0" yaku="1,1,9,1,53,0" doraHai="64" doraHaiUra="66" who="1" fromWho="3" sc="210,0,245,52,205,0,330,-42" /><INIT seed="1,2,0,3,2,16" ten="210,297,205,288" oya="1" hai0="50,98,77,79,39,107,58,125,52,1,111,10,134" hai1="113,2,86,92,133,22,18,72,11,90,97,64,116" hai2="61,121,6,21,36,4,14,105,114,41,88,108,47" hai3="31,63,132,19,34,81,120,32,29,95,71,24,46"/><U37/><E113/><V89/><F121/><W69/><G120/><T68/><D68/><U17/><E116/><V3/><F114/><W96/><G132/><T44/><D134/><U43/><E133/><V70/><F108/><W94/><G81/><T45/><D111/><U126/><E72/><V60/><F105/><W30/><G46/><T27/><D125/><U131/><E126/><V91/><F3/><W26/><G19/><T103/><D45/><U135/><E135/><V104/><F104/><W66/><G31/><T55/><D39/><U57/><E131/><V28/><F4/><W123/><G123/><T93/><D107/><U85/><E37/><V25/><REACH who="2" step="1"/><F70/><REACH who="2" ten="210,297,195,288" step="2"/><W15/><G15/><T56/><D1/><U106/><E106/><V82/><F82/><W118/><G118/><T76/><D10/><AGARI ba="2,1" hai="6,10,14,21,25,28,36,41,47,60,61,88,89,91" machi="10" ten="40,5200,0" yaku="1,1,52,1,54,1,53,0" doraHai="16" doraHaiUra="101" who="2" fromWho="0" sc="210,-58,297,0,195,68,288,0" /><INIT seed="2,0,0,4,1,72" ten="152,297,263,288" oya="2" hai0="2,69,102,71,107,106,104,68,94,60,129,53,81" hai1="122,93,1,37,133,32,75,25,67,120,9,51,44" hai2="79,21,6,65,38,24,66,14,34,83,100,103,87" hai3="70,135,90,22,85,134,10,40,56,114,112,20,5"/><V109/><F38/><W33/><G70/><T13/><D13/><U84/><E75/><V7/><F34/><W11/><G56/><T95/><D102/><N who="2" m="38954" /><F109/><W23/><G40/><T0/><D53/><U78/><E37/><V59/><F59/><W89/><G85/><T49/><D49/><U115/><E67/><N who="2" m="25611" /><F14/><W108/><G108/><T35/><D81/><U127/><E115/><N who="3" m="44074" /><G33/><T17/><D35/><U54/><E127/><V8/><F8/><N who="3" m="3115" /><G5/><T117/><D117/><U131/><E32/><V124/><F124/><W30/><G30/><AGARI ba="0,0" hai="6,7,21,24,30,79,83,87" m="25611,38954" machi="30" ten="30,2900,0" yaku="8,1,52,1" doraHai="72" who="2" fromWho="3" sc="152,0,297,0,263,29,288,-29" /><INIT seed="2,1,0,2,4,102" ten="152,297,292,259" oya="2" hai0="17,101,120,134,93,70,66,31,26,46,69,24,110" hai1="47,20,32,62,18,5,92,25,1,109,106,48,75" hai2="16,114,42,27,7,58,108,100,33,49,97,52,128" hai3="14,72,80,57,119,124,94,131,112,126,3,95,90"/><V19/><F114/><W82/><G3/><T64/><D120/><U39/><E109/><V68/><F7/><W45/><G45/><T115/><D115/><U133/><E133/><V50/><F128/><W78/><G112/><T6/><D110/><U13/><E39/><V51/><F108/><W9/><G57/><T74/><D74/><U76/><E106/><V107/><F68/><W34/><G34/><T123/><D123/><U91/><E62/><V98/><F98/><N who="3" m="57687" /><G9/><T132/><D6/><U83/><E1/><V40/><F19/><W130/><G14/><T54/><D46/><U125/><E125/><N who="3" m="48234" /><G119/><T77/><D69/><U44/><E48/><V63/><REACH who="2" step="1"/><F33/><REACH who="2" ten="152,297,282,259" step="2"/><W99/><G82/><T35/><D70/><U55/><E32/><V22/><AGARI ba="1,1" hai="16,22,27,40,42,49,50,51,52,58,63,97,100,107" machi="22" ten="30,18000,2" yaku="1,1,2,1,0,1,52,1,54,2,53,1" doraHai="102" doraHaiUra="56" who="2" fromWho="2" sc="152,-61,297,-61,282,193,259,-61" /><INIT seed="2,2,0,1,1,47" ten="91,236,475,198" oya="2" hai0="74,54,71,90,130,42,133,97,44,55,63,81,4" hai1="39,76,78,48,114,16,77,58,92,79,57,111,53" hai2="101,66,124,37,129,62,121,135,123,65,83,85,88" hai3="116,126,52,35,89,91,98,117,19,36,22,84,104"/><V33/><F33/><W107/><G126/><T82/><D130/><U73/><E114/><V113/><F113/><W72/><G36/><T115/><D115/><U103/><E39/><V100/><F37/><W80/><G35/><T106/><D133/><U17/><E111/><V118/><F118/><W120/><G120/><T50/><D74/><U128/><E128/><V0/><F0/><W3/><G3/><T14/><D106/><U38/><E38/><V86/><F83/><W6/><G6/><T75/><D75/><U51/><N who="1" m="19456" /><DORA hai="34" /><U45/><E73/><V10/><F129/><W13/><G72/><T23/><D71/><U43/><E58/><V61/><F10/><W25/><G107/><T8/><D23/><U2/><E2/><V93/><F93/><W15/><G116/><T26/><D26/><U12/><E12/><V119/><F119/><W49/><G117/><T30/><D30/><U125/><E125/><V108/><F124/><W68/><G68/><T131/><D131/><U31/><E31/><V5/><F135/><W56/><G104/><T24/><D24/><U102/><E102/><V109/><F5/><W122/><G122/><T70/><D70/><U60/><E60/><V112/><F112/><W94/><AGARI ba="2,0" hai="13,15,19,22,25,49,52,56,80,84,89,91,94,98" machi="94" ten="30,7900,0" yaku="0,1,8,1,52,1,54,1" doraHai="47,34" who="3" fromWho="3" sc="91,-22,236,-22,475,-41,198,85" /><INIT seed="3,0,0,1,4,50" ten="69,214,434,283" oya="3" hai0="133,98,122,45,61,63,72,96,35,53,4,75,71" hai1="97,113,37,31,54,108,51,2,93,29,76,70,132" hai2="114,48,3,105,65,42,34,109,52,67,126,135,39" hai3="47,26,49,117,6,81,17,124,123,115,103,46,1"/><W15/><G123/><T86/><D45/><U30/><E108/><V73/><RYUUKYOKU type="yao9" ba="0,0" sc="69,0,214,0,434,0,283,0" hai2="3,34,39,42,48,52,65,67,73,105,109,114,126,135" /><INIT seed="3,1,0,0,4,25" ten="69,214,434,283" oya="3" hai0="22,114,128,91,85,56,40,90,88,86,127,100,116" hai1="57,117,123,71,63,41,77,82,87,48,10,42,115" hai2="133,110,18,45,76,2,72,50,39,83,23,118,134" hai3="47,119,112,70,99,130,51,102,28,97,103,1,81"/><W95/><G119/><T20/><D116/><U58/><E123/><V79/><F118/><W15/><G70/><T64/><D114/><U4/><E115/><V124/><F39/><W30/><G1/><T49/><D127/><U0/><E117/><V38/><F38/><W9/><G112/><T16/><D128/><U73/><E73/><V11/><F124/><W5/><G130/><T13/><D100/><U53/><E71/><V96/><F96/><W93/><G81/><T32/><D32/><U8/><E10/><V14/><F79/><W12/><G12/><T109/><D109/><U69/><REACH who="1" step="1"/><E69/><REACH who="1" ten="69,204,434,283" step="2"/><V24/><F110/><W104/><REACH who="3" step="1"/><G104/><REACH who="3" ten="69,204,434,273" step="2"/><T7/><D7/><U80/><E80/><V94/><F2/><W19/><G19/><T75/><D75/><U125/><E125/><V126/><F126/><W43/><AGARI ba="1,2" hai="5,9,15,28,30,43,47,51,93,95,97,99,102,103" machi="43" ten="20,18000,2" yaku="1,1,0,1,7,1,9,1,8,1,52,2,53,0" doraHai="25" doraHaiUra="31" who="3" fromWho="3" sc="69,-61,204,-61,434,-61,273,203" owari="8,-49.0,143,-26.0,373,17.0,476,58.0" /></mjloggm>