<mjloggm ver="2.3"><GO type="97" lobby="0"/><UN n0="%E6%9C%B1%E3%81%84%E9%9B%80" n1="%74%65%6E%67%6F%6B%75" n2="%74%6F%70%77%69%6E%64" n3="%E3%82%A6%E3%83%AB%E3%83%88%E3%83%A9%E7%AB%8B%E7%9B%B4" dan="13,14,13,15" rate="1813.23,1836.17,1910.19,1987.92" sx="M,M,M,M"/><TAIKYOKU oya="0"/><INIT seed="0,0,0,0,3,58" ten="250,250,250,250" oya="0" hai0="2,105,111,52,102,85,71,6,0,77,43,63,129" hai1="28,98,23,60,44,118,66,130,133,35,16,87,78" hai2="95,86,76,30,75,36,116,62,131,128,82,83,46" hai3="67,101,21,72,88,132,40,55,99,89,41,110,4"/><T10/><D71/><U11/><E118/><V74/><F30/><W14/><G72/><T113/><D43/><U124/><E124/><V125/><F116/><W121/><G110/><T91/><D113/><U9/><E133/><V79/><F36/><W122/><G132/><T115/><D77/><U106/><E130/><V120/><F120/><W73/><G73/><T109/><D115/><U53/><E35/><V26/><F26/><W57/><G67/><T5/><D102/><U70/><E28/><V18/><F18/><N who="3" m="10455" /><G4/><T96/><D96/><U13/><E78/><V108/><F125/><W33/><G33/><T25/><D105/><U126/><E126/><V17/><F17/><W107/><G107/><T84/><D25/><U27/><E87/><N who="0" m="33353" /><D91/><N who="3" m="34889" /><G122/><T123/><D123/><U134/><E134/><V1/><F1/><N who="0" m="618" /><D10/><U81/><E81/><V37/><F108/><N who="0" m="41546" /><D129/><N who="2" m="49738" /><F95/><N who="3" m="58623" /><G121/><T69/><D69/><U117/><E117/><V104/><F104/><W97/><G97/><T15/><D15/><U8/><E106/><V56/><F86/><W29/><G29/><T49/><D49/><AGARI ba="0,0" hai="40,41,49,55,57" m="58623,34889,10455" machi="49" ten="30,2000,0" yaku="8,1,54,1" doraHai="58" who="3" fromWho="0" sc="250,-20,250,0,250,0,250,20" /><INIT seed="1,0,0,3,3,46" ten="230,250,250,270" oya="1" hai0="112,108,123,62,116,102,26,81,41,129,68,90,21" hai1="13,61,29,39,49,131,84,115,25,1,17,6,14" hai2="28,134,20,95,35,85,7,100,94,87,4,101,63" hai3="3,75,130,124,79,38,55,15,114,111,67,27,36"/><U86/><E115/><V19/><F134/><W105/><G15/><T92/><D116/><U64/><E39/><V8/><F63/><W54/><G27/><T110/><D123/><U74/><E74/><V60/><F60/><W125/><G79/><T127/><D112/><U96/><E131/><V31/><F35/><W10/><G10/><T77/><D41/><U121/><E121/><V32/><F32/><W56/><G105/><T126/><D68/><U83/><E96/><V93/><F8/><W59/><G75/><T40/><D62/><U88/><E84/><N who="2" m="32331" /><F19/><W122/><G3/><T119/><D40/><U5/><E1/><V66/><F66/><W98/><G98/><N who="0" m="57623" /><D119/><U118/><E118/><V12/><F12/><W73/><G73/><N who="0" m="43183" /><D26/><U16/><E25/><V69/><F69/><W24/><G24/><T57/><D21/><N who="1" m="11407" /><E29/><N who="2" m="11339" /><F20/><W65/><G122/><T120/><D57/><N who="1" m="36911" /><E49/><V42/><F42/><W117/><G117/><T45/><D45/><U33/><E33/><V78/><F78/><W107/><G114/><T80/><D120/><U133/><E133/><V70/><F70/><W89/><G107/><T23/><D23/><AGARI ba="0,0" hai="5,6,14,17,23,83,86,88" m="36911,11407" machi="23" ten="30,5800,0" yaku="8,1,54,2" doraHai="46" who="1" fromWho="0" sc="230,-58,250,58,250,0,270,0" /><INIT seed="1,1,0,5,3,96" ten="172,308,250,270" oya="1" hai0="61,9,128,94,126,80,99,16,14,6,36,72,127" hai1="48,59,62,75,123,83,120,113,115,116,82,8,65" hai2="27,88,18,37,107,86,74,106,135,41,84,134,91" hai3="119,25,57,2,101,85,70,24,28,112,17,54,20"/><U110/><E116/><V105/><F41/><W63/><G2/><T93/><D36/><U87/><E110/><V35/><F37/><W111/><G111/><T49/><D61/><U78/><E8/><V114/><F114/><W47/><G112/><T77/><D128/><U121/><REACH who="1" step="1"/><E48/><REACH who="1" ten="172,298,250,270" step="2"/><V1/><F1/><W64/><G119/><T90/><D49/><U31/><E31/><V102/><F18/><W109/><G109/><T53/><D6/><U129/><E129/><V23/><F35/><W73/><G47/><T97/><REACH who="0" step="1"/><D53/><REACH who="0" ten="162,298,250,270" step="2"/><U45/><E45/><V52/><F52/><W95/><G54/><T71/><D71/><U43/><E43/><V21/><F134/><W98/><G70/><T33/><D33/><U122/><E122/><V108/><F135/><W100/><G63/><T7/><D7/><U55/><E55/><V104/><F108/><W3/><G64/><T132/><D132/><U42/><E42/><V15/><F105/><W40/><G40/><T58/><D58/><U92/><E92/><V60/><F106/><W13/><G95/><T4/><D4/><U51/><E51/><V19/><F104/><W89/><G57/><T118/><D118/><U10/><E10/><V66/><F107/><W103/><G3/><T34/><D34/><U117/><E117/><V133/><F133/><W30/><G30/><T29/><D29/><U68/><E68/><V50/><F74/><W125/><G73/><T11/><D11/><U79/><AGARI ba="1,2" hai="59,62,65,75,78,79,82,83,87,113,115,120,121,123" machi="79" ten="40,3900,0" yaku="1,1,0,1,53,0" doraHai="96" doraHaiUra="0" who="1" fromWho="1" sc="162,-14,298,62,250,-14,270,-14" /><INIT seed="1,2,0,1,0,127" ten="148,360,236,256" oya="1" hai0="1,30,51,95,106,72,52,45,132,21,83,40,101" hai1="64,44,56,90,116,12,126,73,14,94,17,109,87" hai2="24,124,66,18,46,43,100,131,22,79,62,4,23" hai3="28,6,76,9,32,80,53,69,74,104,99,29,115"/><U31/><E116/><V0/><F124/><W118/><G115/><T33/><D1/><U89/><E126/><V121/><F121/><W20/><G20/><T57/><D106/><U55/><E73/><V39/><F79/><W37/><G53/><T98/><D132/><U54/><E109/><V85/><F100/><N who="3" m="62495" /><G29/><T84/><D72/><U103/><E103/><V110/><F110/><W86/><G86/><T38/><D33/><U35/><E35/><V88/><F4/><W19/><G19/><T11/><D30/><U3/><E31/><V47/><F0/><N who="3" m="199" /><G118/><T36/><D21/><U67/><E3/><V34/><F34/><W130/><G69/><T41/><D11/><U78/><E78/><V8/><F46/><W27/><G37/><T93/><D41/><U75/><E75/><V97/><F97/><W61/><G61/><T60/><D95/><U102/><E102/><V70/><F8/><W10/><G10/><T42/><REACH who="0" step="1"/><D40/><REACH who="0" ten="138,360,236,256" step="2"/><U111/><E94/><V134/><F134/><W119/><G119/><T59/><D59/><U15/><E111/><V65/><F65/><W81/><G81/><T129/><D129/><AGARI ba="2,1" hai="27,28,32,74,76,80,129,130" m="199,62495" machi="129" ten="30,3900,0" yaku="23,1,52,2" doraHai="127" who="3" fromWho="0" sc="138,-45,360,0,236,0,256,55" /><INIT seed="2,0,0,5,4,118" ten="93,360,236,311" oya="2" hai0="95,70,93,73,66,133,28,67,72,6,82,114,14" hai1="2,91,123,77,85,102,61,90,17,124,122,26,46" hai2="43,37,22,63,21,65,68,130,31,131,12,4,50" hai3="105,8,120,111,69,49,60,88,110,53,16,41,80"/><V19/><F37/><W44/><G105/><T119/><D119/><U125/><E2/><V76/><F76/><W92/><G80/><T99/><D114/><U79/><E102/><V52/><F43/><W40/><G69/><T86/><D28/><U104/><E104/><V112/><F112/><W30/><G30/><T34/><D34/><U42/><E61/><V35/><F35/><W1/><G1/><T15/><D82/><N who="1" m="49463" /><E91/><V62/><F63/><W18/><G120/><N who="1" m="46122" /><E17/><N who="3" m="6762" /><G8/><T117/><D86/><U55/><E55/><V97/><F4/><W101/><G101/><T78/><D117/><U100/><E100/><V33/><F33/><W84/><G60/><T94/><D78/><N who="1" m="29707" /><E26/><V29/><F21/><W134/><G134/><T132/><D6/><U71/><E71/><V96/><F29/><W83/><G83/><T23/><D70/><U103/><E103/><V87/><F87/><W7/><G7/><T9/><D9/><U81/><E81/><V128/><REACH who="2" step="1"/><F31/><REACH who="2" ten="93,360,226,311" step="2"/><W59/><G40/><T11/><D23/><U107/><E107/><V38/><F38/><AGARI ba="0,1" hai="38,42,46,124,125" m="29707,46122,49463" machi="38" ten="30,7700,0" yaku="13,1,52,3" doraHai="118" who="1" fromWho="2" sc="93,0,360,87,226,-77,311,0" /><INIT seed="3,0,0,2,1,15" ten="93,447,149,311" oya="3" hai0="14,34,112,81,33,87,133,84,5,11,131,53,44" hai1="35,89,78,129,95,117,2,90,31,63,50,122,66" hai2="45,77,134,18,135,97,67,119,24,13,124,29,71" hai3="60,127,0,108,3,126,61,20,130,22,12,74,120"/><W8/><G74/><T62/><D112/><U93/><E122/><V36/><F119/><W80/><G80/><T48/><D133/><N who="2" m="50698" /><F77/><W83/><G83/><T41/><D131/><U68/><E117/><V21/><F97/><W91/><G91/><T30/><D30/><U111/><E129/><V9/><F124/><N who="3" m="47659" /><G61/><T47/><D62/><U25/><E50/><V114/><F114/><W72/><G60/><T128/><D128/><U107/><E111/><V115/><F115/><W49/><G49/><T56/><D47/><U100/><E78/><V55/><F71/><W76/><G76/><T92/><D92/><N who="1" m="35403" /><E2/><N who="3" m="554" /><G72/><T85/><D33/><U70/><E70/><V113/><F113/><W37/><G37/><T94/><D34/><U59/><E59/><V39/><F67/><W16/><G130/><T10/><D10/><U118/><E118/><V1/><F1/><W82/><G82/><T109/><D109/><U40/><E40/><V19/><F55/><W27/><G108/><T110/><D110/><U132/><E132/><V99/><F99/><AGARI ba="0,0" hai="25,31,35,63,66,68,89,90,99,100,107" m="35403" machi="99" ten="30,1000,0" yaku="25,1" doraHai="15" who="1" fromWho="2" sc="93,0,447,10,149,-10,311,0" owari="93,-41.0,457,56.0,139,-26.0,311,11.0" /></mjloggm>