<mjloggm ver="2.3"><GO type="97" lobby="0"/><UN n0="%E3%81%B6%E3%81%9F%EF%BC%A0%E3%81%A1%E3%82%85%E3%81%86" n1="%E3%82%A6%E3%83%AB%E3%83%88%E3%83%A9%E7%AB%8B%E7%9B%B4" n2="%E3%81%A8%E3%81%93%E3%81%93" n3="%E5%87%8C%E3%81%8E%E3%81%AE%E3%82%BF%E3%83%B3%E3%82%AF%E3%83%AD%E3%83%BC" dan="15,14,14,13" rate="1993.49,1847.06,1977.34,1919.08" sx="M,M,F,M"/><TAIKYOKU oya="0"/><INIT seed="0,0,0,1,3,6" ten="250,250,250,250" oya="0" hai0="105,36,80,97,17,101,64,130,94,95,27,51,87" hai1="34,99,37,16,8,28,134,13,122,114,26,123,126" hai2="67,96,113,53,52,112,129,48,11,110,102,82,85" hai3="78,72,92,14,44,61,73,116,124,109,135,89,119"/><T45/><D36/><U81/><E37/><V68/><F110/><W79/><G44/><T132/><D132/><U121/><E134/><V83/><F129/><W58/><G135/><T74/><D74/><N who="3" m="28777" /><G58/><T108/><D108/><U91/><E114/><V93/><F83/><W71/><G61/><T29/><D130/><U128/><E128/><V2/><F67/><W77/><G14/><T5/><D5/><U90/><E126/><V75/><F68/><W69/><G71/><T7/><D7/><U33/><E33/><V23/><F23/><W47/><G47/><T25/><D64/><U35/><E35/><V63/><F75/><W103/><G69/><T120/><D120/><U104/><REACH who="1" step="1"/><E81/><REACH who="1" ten="250,240,250,250" step="2"/><V0/><F112/><W15/><G109/><T125/><D125/><U39/><E39/><V46/><F113/><W65/><G124/><T38/><D38/><U62/><E62/><V86/><F82/><W40/><G116/><T22/><D80/><U18/><E18/><V107/><F0/><W106/><G119/><T4/><D4/><U41/><E41/><V118/><F2/><W100/><G40/><T70/><D17/><U60/><E60/><V24/><F118/><W21/><G79/><T55/><D29/><U117/><E117/><V76/><F63/><W12/><G78/><T42/><D42/><U131/><E131/><V57/><F76/><W10/><G77/><T54/><D70/><U111/><E111/><V88/><F24/><W9/><G65/><T20/><D27/><U32/><E32/><V31/><F31/><W1/><G1/><T50/><D25/><RYUUKYOKU ba="0,1" sc="250,-10,240,30,250,-10,250,-10" hai1="8,13,16,26,28,34,90,91,99,104,121,122,123" /><INIT seed="1,1,1,2,1,84" ten="240,270,240,240" oya="1" hai0="50,116,122,88,78,51,20,16,74,133,81,96,104" hai1="76,33,28,101,42,15,0,12,73,102,29,87,44" hai2="115,57,26,30,64,60,48,55,27,17,80,125,103" hai3="89,54,9,14,134,124,3,25,79,67,23,100,83"/><U69/><E69/><V92/><F115/><W112/><G3/><T121/><D116/><U24/><E0/><V11/><F125/><W46/><G112/><T53/><D133/><U19/><E73/><V2/><F80/><W118/><G124/><T95/><D104/><U127/><E127/><V22/><F2/><W21/><G134/><T59/><REACH who="0" step="1"/><D51/><REACH who="0" ten="230,270,240,240" step="2"/><U99/><E29/><V107/><F30/><W18/><G118/><T77/><D77/><U4/><E28/><V86/><F107/><W130/><G79/><T110/><D110/><U129/><E129/><V72/><F72/><W91/><G130/><T63/><D63/><U62/><E62/><V113/><F113/><W75/><G75/><T135/><D135/><U132/><E76/><V71/><F11/><W108/><G9/><T126/><D126/><U123/><E132/><V32/><F32/><W70/><G108/><T13/><AGARI ba="1,2" hai="13,16,20,50,53,59,74,78,81,88,95,96,121,122" machi="13" ten="30,12000,2" yaku="1,1,0,1,52,1,54,2,53,1" doraHai="84" doraHaiUra="10" who="0" fromWho="0" sc="230,143,270,-61,240,-31,240,-31" /><INIT seed="2,0,0,1,2,130" ten="373,209,209,209" oya="2" hai0="25,85,81,106,13,89,6,107,56,112,108,127,4" hai1="100,53,47,11,52,58,73,8,57,91,125,54,115" hai2="49,10,59,94,92,82,18,12,83,132,101,90,75" hai3="84,104,46,41,37,102,65,28,135,67,42,16,80"/><V78/><F132/><W114/><G135/><T76/><D112/><U133/><E133/><V21/><F101/><W60/><G114/><T123/><D123/><U69/><E115/><V33/><F33/><W96/><G28/><T70/><D70/><U14/><E125/><V34/><F34/><W27/><G42/><T44/><D127/><U66/><E73/><V116/><F116/><W3/><G3/><T36/><D108/><U0/><E100/><V122/><F122/><W74/><G74/><T99/><D36/><U118/><E118/><V1/><F83/><W79/><REACH who="3" step="1"/><G60/><REACH who="3" ten="373,209,209,199" step="2"/><T98/><D107/><U2/><E2/><V129/><F1/><W32/><G32/><T17/><D106/><U55/><E0/><V50/><F129/><W61/><G61/><T87/><D4/><U62/><E47/><V128/><F128/><W45/><G45/><T19/><D6/><U88/><N who="1" m="13312" /><DORA hai="119" /><U22/><E22/><AGARI ba="0,1" hai="16,22,27,37,41,46,65,67,79,80,84,96,102,104" machi="22" ten="40,5200,0" yaku="1,1,54,1,53,1" doraHai="130,119" doraHaiUra="111,23" who="3" fromWho="1" sc="373,0,209,-52,209,0,199,62" /><INIT seed="3,0,0,4,4,122" ten="373,157,209,261" oya="3" hai0="30,79,91,113,55,85,3,105,12,132,1,74,84" hai1="112,110,65,82,98,14,134,78,59,124,8,107,13" hai2="114,41,64,66,88,63,10,120,87,47,37,116,32" hai3="49,71,92,44,2,18,24,99,17,104,83,77,111"/><W103/><G71/><T95/><D132/><U48/><E112/><V117/><F114/><W93/><G2/><T53/><D105/><U119/><E134/><V125/><F125/><W129/><G129/><T62/><D74/><U127/><E119/><V96/><F96/><W109/><G24/><T135/><D135/><U89/><E48/><V102/><F102/><W58/><G58/><T28/><D3/><U126/><E59/><V16/><F32/><W0/><G0/><T115/><D1/><U80/><E65/><V94/><F120/><W133/><G133/><T39/><D39/><U50/><E50/><V54/><F54/><N who="0" m="20490" /><D62/><U60/><E60/><V23/><F10/><W73/><G49/><T40/><D40/><U15/><E8/><V81/><F81/><N who="1" m="31337" /><E78/><V56/><REACH who="2" step="1"/><F66/><REACH who="2" ten="373,157,199,261" step="2"/><W121/><G121/><T22/><D115/><U25/><E25/><AGARI ba="0,1" hai="16,23,25,37,41,47,56,63,64,87,88,94,116,117" machi="25" ten="30,12000,2" yaku="1,1,2,1,7,1,54,2,53,1" doraHai="122" doraHaiUra="20" who="2" fromWho="1" sc="373,0,157,-120,199,130,261,0" owari="373,47.0,37,-46.0,329,13.0,261,-14.0" /></mjloggm>