<mjloggm ver="2.3"><GO type="97" lobby="0"/><UN n0="%4D%41%53%41%E3%83%BB%53" n1="%E3%81%94%E3%81%B6%E3%82%8C%E3%81%84%E3%82%80" n2="%73%75%62%6A%65%63%74" n3="%E3%82%A6%E3%83%AB%E3%83%88%E3%83%A9%E7%AB%8B%E7%9B%B4" dan="13,13,14,15" rate="1840.46,1925.37,1841.99,2004.11" sx="M,F,M,M"/><TAIKYOKU oya="0"/><INIT seed="0,0,0,5,5,94" ten="250,250,250,250" oya="0" hai0="37,17,68,60,77,26,96,88,103,12,49,66,50" hai1="23,104,14,74,1,91,22,48,44,70,129,122,7" hai2="111,6,46,117,130,128,125,13,55,57,24,120,113" hai3="21,33,63,11,54,83,105,118,127,72,98,87,79"/><T93/><D37/><U58/><E70/><V135/><F113/><W69/><G127/><T101/><D77/><U4/><E104/><V110/><F120/><W52/><G118/><T41/><D26/><U59/><E74/><V29/><F46/><W31/><G21/><N who="1" m="7690" /><E1/><V99/><F117/><W102/><G87/><T25/><D25/><U3/><E3/><V0/><F0/><W89/><G89/><T75/><D75/><U34/><E34/><N who="2" m="20775" /><F99/><W16/><G31/><T43/><D41/><U132/><E132/><V114/><F114/><W124/><G33/><T76/><D76/><U10/><E129/><N who="2" m="49771" /><F125/><W80/><G124/><T78/><D78/><U53/><E122/><V39/><F39/><W86/><G86/><T61/><D61/><U73/><E73/><V45/><F45/><W20/><G80/><T32/><D32/><U38/><E38/><V71/><F71/><W56/><G69/><T84/><D43/><U134/><E134/><V81/><F81/><W95/><G11/><T51/><REACH who="0" step="1"/><D84/><REACH who="0" ten="240,250,250,250" step="2"/><U133/><E133/><V36/><F36/><W64/><G105/><T65/><D65/><U40/><E40/><V8/><F135/><W126/><G126/><T42/><D42/><U47/><E47/><V92/><F57/><N who="1" m="21513" /><E91/><V62/><F62/><W18/><G20/><AGARI ba="0,1" hai="12,17,20,49,50,51,60,66,68,88,93,96,101,103" machi="20" ten="40,7700,0" yaku="1,1,52,1,54,1,53,0" doraHai="94" doraHaiUra="131" who="0" fromWho="3" sc="240,87,250,0,250,0,250,-77" /><INIT seed="0,1,0,0,3,2" ten="327,250,250,173" oya="0" hai0="131,42,58,59,102,50,128,28,23,130,83,64,46" hai1="114,84,68,105,27,57,96,78,10,81,40,71,85" hai2="97,48,41,116,75,108,95,31,12,35,88,45,79" hai3="70,93,51,33,107,92,15,86,61,8,43,29,94"/><T76/><D102/><U38/><E71/><V101/><F108/><W135/><G107/><T110/><D64/><U74/><E68/><V14/><F116/><W80/><G135/><T122/><D122/><U63/><E105/><V89/><F31/><W90/><G29/><T115/><D115/><U98/><E38/><V55/><F35/><W54/><G33/><T13/><D110/><U26/><E40/><V117/><F117/><W52/><G61/><T99/><D99/><N who="1" m="37931" /><E74/><V3/><F3/><W113/><G70/><T91/><D91/><N who="2" m="34890" /><F75/><W11/><G113/><T47/><D46/><U5/><E114/><V82/><F82/><W87/><G87/><T17/><REACH who="0" step="1"/><D28/><REACH who="0" ten="317,250,250,173" step="2"/><U66/><E85/><AGARI ba="1,1" hai="13,17,23,42,47,50,58,59,76,83,85,128,130,131" machi="85" ten="40,7700,0" yaku="1,1,2,1,19,1,53,0" doraHai="2" doraHaiUra="60" who="0" fromWho="1" sc="317,90,250,-80,250,0,173,0" /><INIT seed="0,2,0,0,1,35" ten="407,170,250,173" oya="0" hai0="127,15,68,43,96,74,51,49,34,38,102,36,30" hai1="7,27,39,45,103,47,110,70,50,73,1,19,59" hai2="80,20,60,24,90,107,101,8,4,71,2,133,120" hai3="95,94,130,16,98,76,123,40,85,87,128,6,115"/><T114/><D74/><U100/><E73/><V48/><F120/><W129/><G115/><T83/><D114/><U28/><E110/><V53/><F133/><W135/><G135/><T106/><D127/><U125/><E125/><V13/><F101/><W44/><G123/><T18/><D83/><U134/><E70/><V65/><F107/><W66/><G66/><T22/><D68/><U52/><E134/><V122/><F122/><W93/><G6/><T124/><D124/><U56/><E1/><V61/><F61/><W82/><G16/><T46/><REACH who="0" step="1"/><D38/><REACH who="0" ten="397,170,250,173" step="2"/><U33/><E7/><V75/><F80/><W104/><G82/><T108/><D108/><U131/><E131/><V109/><F75/><W55/><G76/><T5/><D5/><U113/><E113/><V0/><F71/><W84/><G129/><T37/><D37/><U81/><E81/><V88/><F4/><W29/><G130/><T23/><D23/><U54/><E19/><V78/><F109/><W17/><G128/><T21/><D21/><U86/><E86/><V132/><F20/><W25/><G17/><T79/><D79/><U111/><E111/><V77/><F77/><W10/><G87/><T118/><D118/><U58/><REACH who="1" step="1"/><E54/><REACH who="1" ten="397,160,250,173" step="2"/><V3/><F53/><W9/><G55/><T97/><D97/><U117/><E117/><V32/><F132/><W92/><G85/><T91/><D91/><N who="2" m="34858" /><F78/><W11/><G84/><T67/><D67/><U99/><E99/><V62/><F65/><W63/><N who="3" m="23552" /><DORA hai="126" /><W41/><G98/><T42/><D42/><AGARI ba="2,2" hai="27,28,33,39,42,45,47,50,52,56,58,59,100,103" machi="42" ten="40,5200,0" yaku="1,1,54,1,53,1" doraHai="35,126" doraHaiUra="12,69" who="1" fromWho="0" sc="397,-58,160,78,250,0,173,0" /><INIT seed="1,0,0,5,4,55" ten="339,238,250,173" oya="1" hai0="46,121,80,96,38,114,58,37,1,115,61,78,12" hai1="6,132,123,5,88,24,10,129,69,47,97,42,43" hai2="52,56,93,108,9,34,125,8,74,51,94,119,22" hai3="68,36,49,72,66,116,75,99,76,105,98,113,111"/><U17/><E123/><V131/><F119/><W92/><G36/><T84/><D1/><U13/><E69/><V79/><F34/><W67/><G116/><T14/><D121/><U26/><E132/><V44/><F108/><W117/><G113/><T73/><D96/><U127/><E127/><V45/><F125/><W62/><G117/><T23/><D73/><U60/><E129/><V107/><F131/><W104/><G111/><T70/><D70/><U86/><E60/><V15/><F107/><W65/><G62/><T82/><D80/><U122/><E122/><V39/><F79/><W27/><G68/><T124/><D124/><U33/><E33/><V19/><F74/><W103/><G76/><T31/><D14/><U95/><E42/><V135/><F135/><W29/><G49/><T41/><D38/><U77/><E47/><N who="2" m="17995" /><F39/><W53/><G53/><T28/><D28/><U71/><E71/><V126/><F126/><W18/><G18/><T102/><D102/><U4/><E43/><V25/><F8/><W59/><G75/><T54/><REACH who="0" step="1"/><D12/><REACH who="0" ten="329,238,250,173" step="2"/><U120/><E120/><V130/><F130/><W106/><G72/><T0/><D0/><U57/><E57/><V110/><F110/><W50/><G99/><T7/><D7/><AGARI ba="0,1" hai="7,9,15,19,22,25,51,52,56,93,94" m="17995" machi="7" ten="30,3900,0" yaku="8,1,52,1,54,1" doraHai="55" who="2" fromWho="0" sc="329,-39,238,0,250,49,173,0" /><INIT seed="2,0,0,2,4,40" ten="290,238,299,173" oya="2" hai0="72,120,4,106,1,27,131,125,7,68,59,22,87" hai1="100,19,91,95,51,93,38,107,31,2,89,96,98" hai2="46,20,74,67,35,24,119,122,14,92,112,28,101" hai3="16,111,105,129,64,45,13,103,6,56,34,37,58"/><V43/><F112/><W63/><G34/><T80/><D120/><U11/><E38/><V78/><F122/><W10/><G129/><T17/><D125/><U82/><E31/><V57/><F119/><W26/><G111/><T115/><D68/><U94/><E2/><V77/><F74/><W9/><G105/><T109/><D106/><U113/><E113/><V121/><F121/><W53/><G103/><T49/><D72/><U90/><E51/><N who="2" m="27103" /><F35/><W84/><G84/><T36/><D115/><U55/><E55/><V62/><F14/><W110/><G110/><T18/><D36/><U69/><E69/><V15/><F15/><W39/><G45/><T102/><D109/><U133/><E19/><V83/><F83/><W12/><REACH who="3" step="1"/><G26/><REACH who="3" ten="290,238,299,163" step="2"/><T21/><D102/><U0/><E0/><V104/><F104/><W44/><G44/><T116/><D1/><U29/><E11/><V32/><F32/><W124/><G124/><T97/><D131/><U23/><E107/><V3/><F3/><W128/><G128/><T60/><D116/><U134/><E100/><V79/><F101/><W5/><G5/><T54/><D97/><U99/><E82/><V25/><F25/><AGARI ba="0,1" hai="23,25,29,89,90,91,93,94,95,96,98,99,133,134" machi="25" ten="50,3200,0" yaku="29,2" doraHai="40" who="1" fromWho="2" sc="290,0,238,42,299,-32,163,0" /><INIT seed="3,0,0,4,4,47" ten="290,280,267,163" oya="3" hai0="115,113,82,15,135,35,11,67,6,54,28,123,130" hai1="78,55,80,101,39,44,56,132,81,33,105,46,45" hai2="94,4,57,49,37,114,119,97,72,111,48,96,42" hai3="18,59,61,31,134,50,21,122,71,2,20,17,68"/><W26/><G2/><T108/><D123/><U112/><E112/><N who="0" m="43081" /><D108/><U117/><E33/><V93/><F114/><W77/><G122/><T92/><D130/><U0/><E0/><V23/><F119/><W85/><G134/><T14/><D135/><U52/><E39/><V8/><F111/><W9/><G9/><T129/><D129/><U64/><E117/><V131/><F131/><W83/><G31/><T116/><D116/><U58/><E105/><V99/><F72/><W30/><G30/><T100/><D82/><U65/><E101/><V104/><F104/><W76/><G68/><T1/><D67/><U38/><E38/><V51/><F57/><W110/><G71/><T84/><D54/><U32/><E32/><V107/><F107/><W95/><G110/><T40/><D40/><U128/><E128/><V13/><REACH who="2" step="1"/><F23/><REACH who="2" ten="290,280,257,163" step="2"/><W12/><G95/><T3/><D35/><U70/><E132/><V53/><F53/><W43/><G43/><T109/><D109/><U63/><E70/><V98/><N who="2" m="25088" /><DORA hai="126" /><V36/><F36/><W106/><G106/><T120/><D120/><U88/><E65/><V133/><F133/><W69/><G69/><T29/><D100/><U127/><E64/><V25/><F25/><W86/><G61/><T102/><D102/><U34/><E34/><V60/><F60/><W87/><G77/><T16/><D92/><U121/><E121/><V10/><F10/><W22/><G22/><N who="0" m="11543" /><D84/><N who="1" m="48151" /><E127/><V74/><F74/><W103/><G103/><T7/><D7/><U66/><E58/><V41/><F41/><W125/><G125/><T75/><D75/><RYUUKYOKU ba="0,1" sc="290,0,280,0,257,0,163,0" hai0="1,3,6,11,15,28,29" hai1="44,45,46,52,55,56,63,66,81,88" hai2="4,8,13,37,42,48,49,51,93,94" hai3="12,17,18,20,21,26,50,59,76,83,85,86,87" /><INIT seed="3,1,1,2,1,64" ten="290,280,257,163" oya="3" hai0="100,122,26,27,109,131,82,106,57,8,70,34,20" hai1="13,94,92,84,48,97,95,129,41,31,43,24,96" hai2="63,2,38,32,60,25,72,130,104,56,42,107,46" hai3="33,126,93,54,1,16,19,15,114,51,37,28,18"/><W132/><G37/><T89/><D122/><U113/><E113/><V4/><F130/><W14/><G114/><T50/><D109/><U65/><E129/><V115/><F115/><W61/><G1/><T75/><D70/><U102/><E65/><V77/><F63/><W119/><G119/><T69/><D69/><U74/><E74/><V111/><F111/><W108/><G108/><T68/><D68/><U110/><E110/><V121/><F121/><W103/><G61/><T5/><D131/><U91/><E13/><V53/><F25/><W40/><G40/><T79/><D34/><U9/><E9/><N who="2" m="2199" /><F32/><W23/><G126/><T90/><D27/><U29/><E48/><V86/><F86/><W135/><G33/><T85/><D75/><U99/><E24/><V81/><AGARI ba="1,1" hai="38,42,46,53,56,60,72,77,81,104,107" m="2199" machi="81" ten="30,1100,0" yaku="25,1" doraHai="64" who="2" fromWho="2" sc="290,-4,280,-4,257,24,163,-6" /><INIT seed="4,0,0,3,1,106" ten="286,276,281,157" oya="0" hai0="18,97,45,74,126,89,62,99,46,69,110,7,34" hai1="19,60,116,61,121,117,124,92,78,98,54,91,79" hai2="84,134,87,28,41,118,66,82,101,3,35,90,77" hai3="112,72,125,81,113,39,1,29,26,119,103,14,2"/><T8/><D34/><U95/><E121/><V56/><F134/><W115/><G119/><T36/><D74/><U50/><E124/><V96/><F118/><W64/><G125/><T42/><D126/><U31/><E31/><V128/><F3/><W57/><G14/><T88/><D110/><U63/><E116/><V93/><F128/><W5/><G103/><T129/><D18/><U6/><E6/><V20/><F35/><W0/><G57/><T71/><D129/><U58/><E117/><V27/><F41/><W10/><G64/><T73/><D73/><U21/><REACH who="1" step="1"/><E95/><REACH who="1" ten="286,266,281,157" step="2"/><N who="2" m="58527" /><F66/><W43/><G26/><AGARI ba="0,1" hai="19,21,26,50,54,58,60,61,63,78,79,91,92,98" machi="26" ten="40,2600,0" yaku="1,1,8,1,53,0" doraHai="106" doraHaiUra="80" who="1" fromWho="3" sc="286,0,266,36,281,0,157,-26" owari="286,9.0,302,40.0,281,-12.0,131,-37.0" /></mjloggm>