<mjloggm ver="2.3"><GO type="169" lobby="0"/><UN n0="%EF%BC%88%2A%C2%B4%E3%83%BC%EF%BD%80%2A%EF%BC%89" n1="%E3%81%BE%E3%81%AA%E3%81%84%E3%81%9F%E3%82%88%E3%81%86%E3%81%98%E3%82%87" n2="%E3%80%93%E7%A9%B6%E9%A2%A8%E3%80%93" n3="%E3%82%A6%E3%83%AB%E3%83%88%E3%83%A9%E7%AB%8B%E7%9B%B4" dan="18,16,17,16" rate="2236.81,2084.30,2193.83,2054.33" sx="F,M,M,M"/><TAIKYOKU oya="0"/><INIT seed="0,0,0,5,3,127" ten="250,250,250,250" oya="0" hai0="106,15,100,112,9,74,27,108,117,126,94,23,24" hai1="68,79,30,121,113,39,78,69,124,32,89,2,20" hai2="115,85,91,128,123,125,132,61,60,1,62,81,130" hai3="43,87,88,134,99,82,114,11,119,93,56,47,5"/><T70/><D70/><U110/><E121/><V6/><F123/><W13/><G119/><T25/><D117/><U44/><E2/><V80/><F115/><W71/><G71/><T75/><D106/><U4/><E32/><V48/><F125/><W133/><G114/><T104/><D104/><U12/><E113/><V118/><F118/><W8/><G8/><T58/><D112/><U129/><E89/><V40/><F132/><W42/><G56/><T90/><D100/><U77/><E124/><V95/><F6/><W109/><G109/><T0/><D126/><U97/><E97/><V36/><F36/><W86/><G86/><T131/><D108/><U45/><E39/><V49/><F1/><W28/><G28/><T38/><D38/><U63/><E30/><V84/><F95/><W33/><G33/><T55/><D0/><U17/><E68/><V83/><F40/><W19/><G19/><T122/><D23/><U72/><E4/><V22/><F22/><W51/><REACH who="3" step="1"/><G42/><REACH who="3" ten="250,250,250,240" step="2"/><T98/><D122/><U50/><E69/><V31/><F31/><W73/><G73/><T14/><D75/><U59/><E72/><V34/><F34/><W101/><AGARI ba="0,1" hai="5,11,13,43,47,51,82,87,88,93,99,101,133,134" machi="101" ten="30,7900,0" yaku="1,1,0,1,54,1,53,1" doraHai="127" doraHaiUra="96" who="3" fromWho="3" sc="250,-39,250,-20,250,-20,240,89" /><INIT seed="1,0,0,1,3,128" ten="211,230,230,329" oya="1" hai0="70,3,74,14,86,134,77,32,121,118,53,124,13" hai1="23,11,6,55,129,109,8,97,45,107,27,46,98" hai2="41,20,73,52,1,130,91,126,9,10,48,80,89" hai3="30,101,93,105,47,60,21,25,123,82,56,37,133"/><U22/><E129/><V127/><F130/><W110/><G105/><T19/><D118/><U102/><E109/><V24/><F41/><W103/><G123/><T108/><D32/><U58/><E97/><V122/><F122/><W29/><G110/><T62/><D3/><U51/><E22/><V111/><F111/><W7/><G7/><T36/><D74/><U54/><E54/><V65/><F65/><W112/><G112/><T35/><D36/><U90/><E90/><V84/><F91/><W34/><G34/><T79/><D35/><U100/><E100/><V120/><F73/><W114/><G30/><T42/><D42/><U72/><E72/><V49/><F49/><W50/><G37/><T61/><D53/><U119/><E119/><V87/><F87/><W43/><G82/><T38/><D38/><U67/><E67/><V31/><F120/><W64/><G114/><T26/><D121/><U78/><E78/><V99/><F99/><N who="3" m="59631" /><G103/><T76/><D77/><U68/><E68/><V44/><REACH who="2" step="1"/><F1/><REACH who="2" ten="211,230,220,329" step="2"/><W117/><G117/><T16/><D108/><U94/><E51/><V104/><F104/><W88/><G88/><T57/><D79/><U92/><E107/><V2/><F2/><W71/><G71/><T5/><D70/><U15/><E98/><V63/><F63/><W75/><G75/><T4/><D62/><U116/><E116/><V83/><F83/><W28/><G60/><T81/><D61/><U131/><E102/><V59/><F59/><W40/><G56/><T135/><D57/><U96/><E96/><V115/><F115/><W12/><G64/><RYUUKYOKU ba="0,1" sc="211,-10,230,-10,220,30,329,-10" hai2="9,10,20,24,31,44,48,52,80,84,89,126,127" /><INIT seed="2,1,1,5,0,32" ten="201,220,250,319" oya="2" hai0="34,26,79,66,7,105,85,113,17,101,44,24,72" hai1="100,22,23,107,81,123,51,13,96,131,134,118,77" hai2="55,6,48,58,120,132,98,129,25,128,39,61,20" hai3="14,11,73,121,116,36,49,50,5,99,1,53,62"/><V94/><F120/><W125/><G121/><T117/><D113/><U130/><E118/><V9/><F39/><W67/><G116/><T92/><D117/><U115/><E115/><V64/><F132/><W103/><G36/><T114/><D34/><U86/><E123/><V21/><F94/><W4/><G73/><T65/><D7/><U108/><E108/><V63/><F98/><W29/><G29/><T10/><D72/><U60/><E134/><V95/><F95/><W15/><G125/><T87/><D105/><U70/><E51/><V112/><F112/><W83/><G83/><T78/><D44/><U2/><E13/><V3/><F63/><W122/><G122/><T89/><D114/><U110/><E110/><V91/><F91/><W111/><G111/><T127/><D127/><U106/><E106/><V119/><F119/><W37/><G37/><T52/><D101/><U90/><E90/><V126/><F126/><W40/><G99/><T80/><D79/><U54/><E77/><V69/><REACH who="2" step="1"/><F20/><REACH who="2" ten="201,220,240,319" step="2"/><W33/><G62/><T31/><D92/><U56/><E22/><V0/><F0/><W102/><G1/><T59/><D89/><U46/><E23/><V18/><AGARI ba="1,2" hai="3,6,9,18,21,25,48,55,58,61,64,69,128,129" machi="18" ten="30,11700,0" yaku="1,1,0,1,52,1,53,1" doraHai="32" doraHaiUra="45" who="2" fromWho="2" sc="201,-40,220,-40,240,140,319,-40" /><INIT seed="2,2,0,5,1,13" ten="161,180,380,279" oya="2" hai0="40,83,18,5,34,92,17,109,111,93,121,117,133" hai1="95,112,79,24,84,71,132,53,130,114,106,48,87" hai2="122,1,82,124,80,15,76,25,58,56,105,7,54" hai3="44,90,65,31,3,20,45,57,78,66,108,86,70"/><V64/><F105/><W135/><G3/><T38/><D121/><U131/><E71/><V30/><F1/><W47/><G70/><T59/><D117/><U110/><E48/><V49/><F124/><W96/><G135/><T129/><D34/><U116/><E53/><V37/><F37/><W39/><G39/><T104/><D104/><U97/><E24/><V14/><F122/><W2/><G2/><T68/><D68/><U60/><E60/><N who="2" m="37911" /><F7/><W22/><G108/><N who="0" m="41547" /><D133/><U81/><E110/><V99/><F99/><W67/><G31/><T88/><D5/><U33/><E33/><V75/><F75/><W101/><G78/><T62/><D129/><N who="1" m="49163" /><E116/><V46/><F46/><W43/><G57/><T126/><D126/><U9/><E132/><V0/><F0/><W36/><G36/><T72/><D72/><U51/><E106/><V100/><F56/><W128/><G128/><T29/><D38/><U113/><E97/><V52/><F54/><W11/><G96/><N who="0" m="57351" /><D40/><U8/><E113/><V23/><F49/><W73/><G43/><T134/><D134/><U77/><E51/><V115/><F115/><W21/><G73/><T27/><D62/><U91/><E112/><V50/><F50/><W120/><G120/><T102/><D59/><U127/><E114/><V32/><F32/><W118/><G118/><T28/><D28/><U41/><E127/><V103/><F52/><W125/><G125/><T16/><D29/><U55/><E55/><V61/><F61/><W107/><G107/><T6/><D6/><U12/><E41/><V69/><F69/><W42/><G42/><RYUUKYOKU ba="2,0" sc="161,0,180,0,380,0,279,0" /><INIT seed="3,3,0,3,3,117" ten="161,180,380,279" oya="3" hai0="58,105,96,50,56,89,37,3,123,7,133,55,20" hai1="132,0,16,114,12,2,127,35,10,54,23,99,36" hai2="64,86,5,60,102,41,51,97,30,135,62,93,80" hai3="126,104,25,85,4,8,13,14,112,131,48,110,76"/><W59/><G104/><T28/><D37/><U74/><E74/><V95/><F135/><W67/><G112/><T77/><D133/><U119/><E36/><V40/><F62/><W49/><G126/><T57/><D77/><U113/><E132/><V29/><F95/><W125/><G125/><T103/><D3/><U6/><E127/><V106/><F5/><W90/><G131/><T100/><D7/><U32/><E99/><V44/><F40/><W65/><G110/><T24/><D100/><U128/><E54/><V34/><F34/><N who="1" m="12841" /><E128/><V47/><F47/><W115/><G115/><N who="1" m="44042" /><E119/><V69/><F106/><W45/><G14/><AGARI ba="3,0" hai="0,2,6,10,12,14,16,23" m="44042,12841" machi="14" ten="30,3900,0" yaku="34,2,54,1" doraHai="117" who="1" fromWho="3" sc="161,0,180,48,380,0,279,-48" /><INIT seed="4,0,0,5,3,7" ten="161,228,380,231" oya="0" hai0="21,64,55,49,5,31,81,29,123,105,12,74,118" hai1="63,82,2,15,101,72,39,52,133,17,4,77,6" hai2="28,76,40,42,90,38,78,36,13,73,122,27,23" hai3="88,54,132,9,53,26,120,62,95,37,59,102,84"/><T0/><D123/><U119/><E119/><V32/><F122/><W124/><G37/><T94/><D105/><U50/><E133/><V48/><F90/><W79/><G120/><T19/><D118/><U67/><E39/><V18/><F48/><W65/><G132/><T92/><D64/><U58/><E101/><V126/><F126/><W61/><G124/><T44/><D0/><U121/><E2/><V30/><F30/><W91/><G79/><T87/><D74/><U16/><E121/><V1/><F38/><W69/><G26/><T75/><D75/><U93/><E93/><N who="0" m="35945" /><D5/><U106/><E106/><V125/><F125/><W103/><G91/><AGARI ba="0,0" hai="12,19,21,29,31,44,49,55,81,87,91" m="35945" machi="91" ten="30,1500,0" yaku="8,1" doraHai="7" who="0" fromWho="3" sc="161,15,228,0,380,0,231,-15" /><INIT seed="4,1,0,4,1,111" ten="176,228,380,216" oya="0" hai0="58,124,81,88,23,30,72,123,56,101,44,110,122" hai1="35,71,17,128,134,42,55,46,117,121,22,57,18" hai2="112,47,89,50,118,93,79,87,19,36,0,31,127" hai3="65,133,94,69,75,5,11,131,103,135,119,61,106"/><T76/><D110/><U114/><E35/><V41/><F127/><W45/><G119/><T39/><D124/><U126/><E18/><V129/><F129/><W4/><G131/><T33/><D33/><U24/><E117/><V20/><F118/><W86/><G75/><T85/><D101/><U97/><E126/><V130/><F0/><W54/><G106/><T2/><D2/><U108/><E128/><V125/><F125/><W52/><G45/><T34/><D34/><U96/><E108/><V83/><F31/><W77/><G5/><T98/><D98/><U95/><E121/><V104/><F104/><W120/><G120/><T115/><D123/><U62/><E134/><N who="3" m="51210" /><G77/><T49/><D39/><N who="1" m="21855" /><E71/><V102/><F102/><W70/><G70/><T64/><D122/><U1/><E1/><V59/><F130/><W84/><G84/><N who="0" m="48167" /><D64/><U25/><E97/><V38/><F59/><W51/><G86/><T43/><D72/><U27/><E25/><V113/><F38/><W132/><G132/><T29/><D29/><U7/><E27/><V15/><REACH who="2" step="1"/><F36/><REACH who="2" ten="176,228,370,216" step="2"/><W53/><G103/><T92/><D115/><U32/><E114/><V40/><F40/><W107/><G107/><T13/><D30/><U6/><E32/><V14/><F14/><W16/><G69/><T116/><D116/><U63/><E57/><V91/><F91/><W68/><G68/><T73/><D58/><U26/><E26/><V21/><F21/><W48/><G11/><T28/><D56/><U37/><E37/><V66/><F66/><W60/><G65/><T105/><D105/><U3/><E22/><RYUUKYOKU ba="1,1" sc="176,-10,228,-10,370,30,216,-10" hai2="15,19,20,41,47,50,79,83,87,89,93,112,113" /><INIT seed="5,2,1,0,1,80" ten="166,218,400,206" oya="1" hai0="119,7,114,55,27,41,90,33,62,1,125,124,63" hai1="74,71,61,103,99,100,69,39,42,12,121,5,126" hai2="28,14,22,29,21,8,93,87,15,82,109,116,79" hai3="104,75,54,4,31,131,92,56,23,50,106,108,118"/><U135/><E121/><V25/><F109/><W68/><G75/><T36/><D114/><U18/><E74/><V26/><F116/><W40/><G108/><T128/><D119/><U88/><E5/><V117/><F117/><W73/><G73/><T123/><D123/><U65/><E71/><V17/><F15/><W86/><G68/><T102/><D102/><U133/><E39/><V95/><AGARI ba="2,1" hai="8,14,17,21,22,25,26,28,29,79,82,87,93,95" machi="95" ten="30,7900,0" yaku="0,1,9,1,8,1,52,1" doraHai="80" who="2" fromWho="2" sc="166,-22,218,-41,400,95,206,-22" /><INIT seed="6,0,0,2,1,106" ten="144,177,495,184" oya="2" hai0="18,134,26,37,40,129,58,16,90,15,120,82,121" hai1="0,8,81,70,114,38,53,104,56,44,62,99,74" hai2="51,93,32,126,13,3,61,88,89,48,11,59,57" hai3="7,50,21,91,97,60,85,125,34,100,52,132,86"/><V130/><F32/><W128/><G34/><T110/><D110/><U84/><E114/><V20/><F3/><W4/><G125/><T6/><D6/><U123/><E123/><V109/><F130/><W29/><G60/><T5/><D5/><N who="1" m="1063" /><E84/><V67/><F126/><W135/><G86/><T83/><D129/><U17/><E17/><V10/><F109/><W95/><G128/><T72/><D120/><U39/><E39/><V131/><F131/><W33/><G33/><T124/><D121/><U12/><E12/><V14/><F20/><W73/><G73/><T30/><D124/><U113/><E113/><V42/><F42/><W133/><G21/><N who="0" m="13623" /><D30/><U76/><E70/><V25/><F25/><W23/><G23/><N who="0" m="11679" /><D37/><U27/><E27/><V54/><F10/><W28/><G28/><T118/><D72/><U1/><E1/><V79/><F13/><W36/><G36/><T103/><D103/><U101/><E101/><V22/><F22/><W68/><G68/><T47/><D118/><U78/><E104/><V71/><F71/><W63/><G29/><T102/><D102/><U24/><E24/><V43/><F14/><W65/><G4/><T98/><D58/><U55/><E99/><V9/><F59/><N who="3" m="33175" /><G7/><T94/><D134/><U46/><E38/><V31/><F9/><W111/><G111/><T92/><D92/><U115/><E115/><V75/><F93/><N who="3" m="54511" /><G132/><T41/><D47/><U64/><E46/><N who="2" m="25695" /><F11/><W116/><G116/><T69/><D69/><U112/><E112/><V105/><F31/><W96/><G96/><T107/><D107/><U87/><E44/><RYUUKYOKU ba="0,0" sc="144,10,177,10,495,-30,184,10" hai0="40,41,82,83,90,94,98" hai1="53,55,56,62,64,74,76,78,81,87" hai3="63,65,95,97,100,133,135" /><INIT seed="7,1,0,0,0,127" ten="154,187,465,194" oya="3" hai0="5,82,87,131,92,79,80,81,130,41,37,98,113" hai1="44,129,88,105,31,120,13,50,48,25,57,99,21" hai2="47,101,69,123,46,38,76,4,36,10,22,106,39" hai3="2,83,134,19,40,112,35,0,27,111,18,54,8"/><W85/><G40/><T17/><D5/><U55/><E120/><V118/><F22/><W109/><G134/><T110/><D110/><U64/><E64/><V61/><F118/><W53/><G112/><T66/><D66/><U11/><E129/><N who="0" m="49161" /><D113/><U78/><E78/><V59/><F69/><W89/><G2/><T95/><D17/><N who="1" m="8383" /><E105/><V132/><F36/><W28/><G18/><T135/><D135/><U3/><E3/><V115/><F39/><W26/><G0/><T77/><D41/><N who="1" m="24591" /><E99/><V65/><F38/><W121/><G121/><T7/><D37/><U125/><E125/><V117/><F76/><N who="0" m="29258" /><D7/><U103/><E103/><V124/><F47/><W1/><G19/><T16/><D16/><U72/><E72/><V43/><F123/><W15/><G109/><T51/><D98/><U12/><E12/><N who="2" m="5191" /><F46/><W20/><G111/><T58/><D87/><U114/><E114/><V93/><F43/><W91/><G85/><T24/><D24/><U62/><E88/><V30/><F30/><W128/><G27/><T108/><D108/><U74/><E74/><V70/><F70/><W33/><G128/><T67/><D67/><U133/><E133/><V116/><F132/><W102/><G26/><T14/><D14/><U9/><E9/><V126/><F115/><W60/><G15/><T34/><D34/><U73/><E73/><V84/><F126/><W86/><G8/><T104/><D104/><U97/><E97/><N who="2" m="61743" /><F124/><W75/><G75/><T68/><D68/><U100/><E100/><V56/><F56/><N who="3" m="34831" /><G102/><T119/><D119/><U94/><E94/><V29/><F29/><RYUUKYOKU ba="1,0" sc="154,10,187,10,465,10,194,-30" hai0="51,58,80,81,82,92,95" hai1="21,25,31,50,55,57,62" hai2="59,61,65,84,93,116,117" owari="164,-24.0,197,0.0,475,58.0,164,-34.0" /></mjloggm>