<mjloggm ver="2.3"><GO type="97" lobby="0"/><UN n0="%E3%83%AA%E3%83%B3%E3%82%AC%E3%83%B3%E3%82%BF%E3%83%AB%E3%83%91%E3%82%BA" n1="%E5%A0%80%E5%AE%AE%E5%90%9B" n2="%E3%82%A6%E3%83%AB%E3%83%88%E3%83%A9%E7%AB%8B%E7%9B%B4" n3="%68%61%6E%61%6E%61" dan="14,15,15,14" rate="1988.14,1989.68,1977.91,1920.55" sx="M,F,M,M"/><TAIKYOKU oya="0"/><INIT seed="0,0,0,5,1,58" ten="250,250,250,250" oya="0" hai0="67,63,133,78,116,79,24,62,120,97,12,14,125" hai1="96,113,122,99,60,34,65,32,84,52,80,42,9" hai2="91,15,121,59,55,44,21,117,33,48,70,77,72" hai3="0,126,53,83,31,90,46,7,30,39,13,114,128"/><T115/><D115/><U124/><E122/><V43/><F33/><W131/><G114/><T66/><D120/><U86/><E113/><V132/><F121/><W81/><G0/><T54/><D116/><U40/><E124/><V92/><F132/><W35/><G126/><T49/><D125/><U87/><E80/><V68/><F117/><W57/><G35/><T104/><D133/><U93/><E34/><V10/><F77/><W47/><G39/><T89/><D24/><U25/><E32/><V98/><F21/><W118/><G118/><T22/><D104/><U75/><E75/><V123/><F72/><W61/><G7/><T3/><D3/><U107/><E107/><V100/><F100/><W4/><G4/><T82/><D22/><U95/><E65/><V11/><F123/><W69/><G13/><T18/><D82/><U5/><E25/><V102/><F102/><W85/><G83/><T2/><D2/><U38/><E38/><V135/><F135/><W76/><G76/><T45/><D97/><N who="1" m="37451" /><E9/><V103/><F103/><W74/><G69/><T134/><D134/><U36/><E5/><V112/><F112/><W1/><G1/><T23/><D89/><U41/><E36/><V129/><F129/><N who="3" m="49739" /><G74/><T50/><D14/><U37/><E37/><V51/><F11/><W20/><G20/><T64/><D50/><U101/><E101/><V56/><F68/><W111/><G111/><T73/><D73/><U71/><E71/><V27/><F70/><W119/><G119/><T105/><D105/><U28/><E28/><AGARI ba="0,0" hai="28,30,31,46,47,53,57,61,81,85,90" m="49739" machi="28" ten="30,2000,0" yaku="19,1,52,1" doraHai="58" who="3" fromWho="1" sc="250,0,250,-20,250,0,250,20" /><INIT seed="1,0,0,0,4,20" ten="250,230,250,270" oya="1" hai0="90,120,30,65,12,73,118,64,102,51,60,67,3" hai1="123,128,50,105,59,134,112,22,26,66,127,11,49" hai2="91,110,111,109,56,119,5,39,52,54,63,92,116" hai3="131,53,1,94,47,70,10,133,4,121,83,129,80"/><U62/><BYE who="0" /><E123/><V35/><F35/><W106/><G121/><T81/><D81/><U29/><E105/><V114/><F39/><W93/><G106/><T78/><D78/><U46/><E112/><V72/><F72/><W96/><G70/><T0/><D0/><U61/><E128/><V107/><F107/><W69/><G69/><T9/><D9/><U76/><E134/><V99/><F5/><W57/><G47/><T95/><D95/><U19/><E127/><V98/><F114/><W103/><G94/><T2/><D2/><U21/><E76/><V115/><F115/><W85/><G133/><T6/><D6/><U101/><E11/><V71/><F71/><W77/><REACH who="3" step="1"/><G83/><REACH who="3" ten="250,230,250,260" step="2"/><T58/><D58/><U122/><E122/><V15/><F99/><W25/><G25/><T37/><D37/><U117/><E117/><V42/><F116/><W31/><G31/><T34/><D34/><U75/><E101/><V88/><F119/><W126/><G126/><T113/><D113/><U135/><E135/><V48/><F42/><W44/><G44/><T41/><D41/><U74/><E74/><V18/><F92/><W108/><G108/><T87/><D87/><U32/><E75/><V33/><F33/><W23/><G23/><T24/><D24/><N who="1" m="16535" /><E32/><V36/><F36/><W8/><G8/><T28/><D28/><U104/><E104/><V100/><F100/><W45/><G45/><T89/><D89/><U132/><E132/><V86/><F86/><W7/><G7/><T68/><D68/><N who="1" m="42063" /><E46/><N who="2" m="27671" /><F98/><UN n0="%E3%83%AA%E3%83%B3%E3%82%AC%E3%83%B3%E3%82%BF%E3%83%AB%E3%83%91%E3%82%BA" /><W125/><G125/><T17/><D118/><U84/><E84/><RYUUKYOKU ba="0,1" sc="250,-30,230,10,250,10,260,10" hai1="19,21,26,49,50,59,62" hai2="15,18,54,56,63,88,91,109,110,111" hai3="1,4,10,53,57,77,80,85,93,96,103,129,131" /><INIT seed="1,1,1,4,1,3" ten="220,240,260,270" oya="1" hai0="68,96,116,31,135,54,104,86,25,63,24,33,130" hai1="66,10,78,91,13,58,60,59,108,21,74,98,115" hai2="89,29,16,62,35,132,105,71,94,11,134,43,122" hai3="48,120,41,121,0,14,113,103,123,19,97,82,111"/><U18/><E115/><V70/><F105/><W72/><G113/><T40/><D116/><U9/><E108/><V99/><F122/><W51/><G0/><T30/><D135/><N who="2" m="51754" /><F43/><W79/><G111/><T37/><D130/><U28/><E74/><V42/><F42/><W112/><G112/><T5/><D5/><U7/><E78/><V131/><F131/><W26/><G26/><T95/><D104/><U67/><E28/><V93/><F29/><W34/><G34/><T88/><D96/><U45/><E45/><V119/><F35/><W106/><REACH who="3" step="1"/><G41/><REACH who="3" ten="220,240,260,260" step="2"/><T57/><D40/><U87/><E98/><V52/><F119/><W6/><G6/><T117/><D117/><U56/><E10/><AGARI ba="1,2" hai="10,14,19,48,51,72,79,82,97,103,106,120,121,123" machi="10" ten="40,2600,0" yaku="1,1,53,1" doraHai="3" doraHaiUra="76" who="3" fromWho="1" sc="220,0,240,-29,260,0,260,49" /><INIT seed="2,0,0,0,5,15" ten="220,211,260,309" oya="2" hai0="111,74,36,23,109,51,110,126,59,113,50,114,135" hai1="92,25,63,1,47,76,32,134,71,104,16,18,20" hai2="53,81,90,27,35,48,2,82,80,120,89,0,96" hai3="94,101,129,91,33,87,6,86,78,41,102,133,68"/><V55/><F120/><W28/><G68/><T77/><D36/><U98/><E1/><V117/><F117/><W61/><G133/><T8/><D135/><U64/><E104/><V52/><F48/><N who="0" m="18474" /><D126/><U75/><E134/><V122/><F122/><W40/><G129/><T26/><D59/><U84/><E47/><V38/><F38/><W97/><G6/><T60/><D60/><U30/><E75/><V85/><F96/><W108/><G108/><T103/><D103/><U14/><E18/><V11/><F11/><W62/><G33/><T19/><D8/><U119/><E119/><V95/><REACH who="2" step="1"/><F89/><REACH who="2" ten="220,211,250,309" step="2"/><W56/><G78/><T125/><D125/><U21/><E32/><V39/><BYE who="0" /><F39/><W13/><G28/><AGARI ba="0,1" hai="0,2,27,28,35,52,53,55,80,81,82,85,90,95" machi="28" ten="40,3900,0" yaku="1,1,54,1,53,0" doraHai="15" doraHaiUra="118" who="2" fromWho="3" sc="220,0,211,0,250,49,309,-39" /><INIT seed="2,1,0,5,2,85" ten="220,211,299,270" oya="2" hai0="103,105,40,47,25,65,59,39,102,114,108,21,52" hai1="110,16,0,56,131,8,90,34,75,27,109,96,106" hai2="119,15,19,67,41,127,125,50,58,29,20,107,9" hai3="116,92,24,4,63,1,31,64,113,76,23,88,36"/><V26/><F107/><W99/><G116/><T55/><D55/><U45/><E75/><V117/><F41/><W22/><G113/><T12/><D12/><N who="1" m="7175" /><E0/><V72/><F72/><W3/><G36/><T53/><D53/><U61/><E131/><V60/><REACH who="2" step="1"/><F50/><REACH who="2" ten="220,211,289,270" step="2"/><W7/><G76/><T129/><D129/><U46/><E106/><V62/><F62/><W5/><REACH who="3" step="1"/><G23/><REACH who="3" ten="220,211,289,260" step="2"/><T86/><D86/><U91/><E34/><V104/><F104/><W83/><G83/><T78/><D78/><U122/><E122/><UN n0="%E3%83%AA%E3%83%B3%E3%82%AC%E3%83%B3%E3%82%BF%E3%83%AB%E3%83%91%E3%82%BA" /><V49/><F49/><W13/><G13/><T38/><D114/><U6/><E6/><V121/><F121/><W17/><G17/><T126/><D21/><U120/><E120/><V132/><F132/><W79/><G79/><T128/><D39/><U73/><E73/><V135/><F135/><W97/><G97/><T82/><D38/><U11/><E96/><V111/><F111/><N who="1" m="42505" /><E11/><V51/><F51/><W30/><G30/><T54/><D108/><U69/><E69/><AGARI ba="1,2" hai="1,3,4,5,7,22,24,31,63,64,69,88,92,99" machi="69" ten="40,5200,0" yaku="1,1,52,1,54,1,53,0" doraHai="85" doraHaiUra="81" who="3" fromWho="1" sc="220,0,211,-55,289,0,260,75" /><INIT seed="3,0,0,0,1,135" ten="220,156,289,335" oya="3" hai0="34,82,96,57,42,95,22,127,126,85,74,113,76" hai1="98,66,29,87,119,41,90,38,49,62,112,131,80" hai2="103,128,117,40,99,19,68,86,83,27,24,61,84" hai3="94,105,4,125,28,120,77,23,102,12,56,0,6"/><W46/><G120/><T79/><D34/><U7/><E119/><V108/><F108/><W101/><G125/><N who="0" m="47627" /><D113/><U70/><E112/><V31/><F128/><W52/><G105/><T93/><D42/><U114/><E131/><V5/><F5/><N who="3" m="2155" /><G0/><T2/><D2/><U9/><E114/><V51/><F117/><W15/><G77/><N who="0" m="44343" /><D22/><U18/><E18/><V121/><F121/><W65/><G65/><T43/><D43/><U55/><E29/><V48/><F40/><W3/><G3/><T59/><D59/><U132/><E132/><V36/><F36/><W133/><G46/><T1/><D57/><U75/><E75/><V111/><F111/><W129/><G129/><T81/><D1/><U134/><E134/><V63/><F68/><W64/><G64/><T37/><D37/><U13/><E98/><V50/><F99/><N who="3" m="59639" /><G102/><N who="0" m="60687" /><D95/><U14/><E41/><V54/><F103/><W60/><G133/><T8/><D8/><U118/><E38/><V115/><F115/><W21/><G21/><T123/><D123/><U25/><E118/><V30/><F54/><W92/><G92/><T110/><D110/><U78/><E14/><V53/><F53/><W116/><G116/><T35/><D35/><U107/><E107/><V17/><F50/><W89/><G89/><AGARI ba="0,0" hai="76,79,81,85,89" m="60687,44343,47627" machi="89" ten="30,12000,2" yaku="18,1,34,2,52,3" doraHai="135" who="0" fromWho="3" sc="220,120,156,0,289,0,335,-120" owari="340,43.0,156,-34.0,289,9.0,215,-18.0" /></mjloggm>