<mjloggm ver="2.3"><GO type="41" lobby="0"/><UN n0="%E3%83%94%E3%83%B3%E3%82%AF%E3%81%AE%E3%81%8A%E3%81%BE%E3%82%81" n1="%63%68%72%6F%6E%75%73" n2="%E3%82%A6%E3%83%AB%E3%83%88%E3%83%A9%E7%AB%8B%E7%9B%B4" n3="%E9%97%98%E5%BF%A0%E4%B8%B8" dan="13,15,16,14" rate="1914.16,2014.62,2046.37,2051.40" sx="F,M,M,M"/><TAIKYOKU oya="0"/><INIT seed="0,0,0,5,3,18" ten="250,250,250,250" oya="0" hai0="89,102,32,36,7,31,129,103,112,131,124,106,64" hai1="37,118,132,93,123,77,23,76,43,10,47,111,83" hai2="71,86,11,90,2,68,109,99,117,97,98,12,4" hai3="87,38,130,24,74,9,45,1,16,84,81,53,60"/><T41/><D112/><U54/><E118/><V108/><F117/><W114/><G130/><T107/><D7/><U63/><E123/><V82/><REACH who="2" step="1"/><F2/><REACH who="2" ten="250,250,240,250" step="2"/><W5/><G114/><T39/><D129/><U19/><E111/><AGARI ba="0,1" hai="4,11,12,68,71,82,86,90,97,98,99,108,109,111" machi="111" ten="40,5200,0" yaku="1,1,2,1,14,1,53,0" doraHai="18" doraHaiUra="127" who="2" fromWho="1" sc="250,0,250,-52,240,62,250,0" /><INIT seed="1,0,0,3,3,6" ten="250,198,302,250" oya="1" hai0="23,134,118,133,85,43,9,2,120,124,78,90,7" hai1="17,122,64,33,117,116,79,59,83,4,0,82,65" hai2="105,132,10,123,129,52,25,24,108,53,66,35,49" hai3="14,46,19,26,38,21,32,101,30,37,50,84,102"/><U16/><E122/><V34/><F105/><W95/><G38/><T96/><D118/><U51/><E33/><V87/><F123/><W56/><G37/><T130/><D120/><U100/><E100/><V15/><F66/><W91/><REACH who="3" step="1"/><G56/><REACH who="3" ten="250,198,302,240" step="2"/><T74/><D133/><U1/><E59/><V76/><F132/><W107/><G107/><T45/><D134/><U70/><E70/><V89/><F129/><W119/><G119/><T72/><D130/><U68/><E68/><V40/><F108/><W61/><G61/><T135/><D135/><U126/><E51/><V98/><F49/><W103/><G103/><T127/><D124/><U114/><E126/><V113/><F113/><W109/><G109/><T11/><D127/><U131/><E131/><V20/><F40/><AGARI ba="0,1" hai="14,19,21,26,30,32,40,46,50,84,91,95,101,102" machi="40" ten="30,2000,0" yaku="1,1,7,1,53,0" doraHai="6" doraHaiUra="111" who="3" fromWho="2" sc="250,0,198,0,302,-20,240,30" /><INIT seed="2,0,0,1,2,56" ten="250,198,282,270" oya="2" hai0="2,12,45,80,67,119,31,38,76,13,83,129,102" hai1="11,27,34,58,3,100,73,19,57,110,128,75,1" hai2="123,36,64,15,126,124,33,4,127,14,29,97,42" hai3="63,130,62,89,99,32,118,120,107,53,78,133,9"/><V8/><F42/><W111/><G32/><T16/><D2/><U18/><E110/><V68/><F36/><W41/><G118/><T87/><D31/><U113/><E113/><V115/><F97/><W92/><G120/><T50/><D119/><U40/><E100/><V93/><F93/><W52/><G41/><T98/><D38/><U60/><E128/><V46/><F46/><W131/><G111/><T61/><D129/><N who="3" m="49161" /><G133/><T96/><D83/><U10/><E40/><V70/><F123/><W91/><G78/><T26/><D26/><U20/><E34/><V39/><F39/><W106/><G9/><N who="0" m="6159" /><D13/><U132/><E132/><V6/><F115/><W117/><G117/><T105/><D105/><N who="3" m="39945" /><G91/><T72/><D102/><U51/><E51/><V88/><F88/><W125/><G125/><T135/><D135/><U114/><E114/><V122/><F122/><W66/><G66/><T121/><D121/><U35/><E35/><V109/><F109/><W116/><G116/><T17/><D17/><U71/><E27/><N who="2" m="18623" /><F64/><W85/><G99/><T23/><D72/><U79/><E79/><V54/><F14/><W101/><G101/><T24/><D24/><U21/><REACH who="1" step="1"/><E71/><REACH who="1" ten="250,188,282,270" step="2"/><V55/><F68/><W108/><G108/><T28/><D76/><U30/><E30/><V69/><F69/><W84/><G84/><T5/><D28/><U43/><E43/><V65/><F70/><W7/><G7/><T0/><D5/><U112/><E112/><V74/><F6/><W48/><G48/><T37/><D50/><U22/><E22/><V44/><F4/><W86/><G86/><RYUUKYOKU ba="0,1" sc="250,-15,188,15,282,-15,270,15" hai1="1,3,10,11,18,19,20,21,57,58,60,73,75" hai3="52,53,62,63,85,89,92" /><INIT seed="3,1,1,1,1,78" ten="235,203,267,285" oya="3" hai0="34,40,65,11,49,124,79,104,61,92,14,18,81" hai1="35,50,123,127,95,2,76,59,115,25,42,131,46" hai2="10,5,70,39,60,71,24,58,75,77,36,16,30" hai3="86,82,19,38,31,63,99,83,91,8,23,96,87"/><W51/><G38/><T13/><D34/><U4/><E123/><V130/><F70/><W32/><G63/><T66/><D104/><U27/><E115/><V41/><F71/><W37/><G37/><T121/><D121/><U110/><E110/><V9/><F130/><W111/><G111/><T74/><D124/><U0/><E127/><V84/><F75/><W134/><G134/><T88/><D14/><U52/><E131/><V62/><F39/><W44/><G32/><T102/><D102/><U73/><E35/><V98/><F60/><W112/><G31/><T1/><D1/><U21/><E4/><V135/><F135/><W68/><G68/><T69/><D40/><U119/><E119/><V55/><F98/><W101/><G101/><T113/><D113/><U64/><E64/><V103/><F103/><W109/><G109/><T80/><D66/><U67/><E67/><V128/><F128/><W116/><G116/><T90/><D49/><U107/><E107/><V120/><F120/><W28/><G28/><T89/><REACH who="0" step="1"/><D81/><REACH who="0" ten="225,203,267,285" step="2"/><N who="1" m="45199" /><E95/><AGARI ba="1,2" hai="11,13,18,61,65,69,74,79,80,88,89,90,92,95" machi="95" ten="40,5200,0" yaku="1,1,52,1,54,1,53,0" doraHai="78" doraHaiUra="48" who="0" fromWho="1" sc="225,75,203,-55,267,0,285,0" /><INIT seed="4,0,0,0,3,79" ten="300,148,267,285" oya="0" hai0="40,7,68,8,112,12,133,104,114,25,27,14,15" hai1="110,99,30,131,74,0,4,124,102,56,111,119,83" hai2="115,31,43,82,76,52,77,70,101,34,123,61,95" hai3="106,92,73,94,33,17,47,54,67,19,57,49,132"/><T88/><D68/><U51/><E119/><V62/><F123/><W3/><G106/><T107/><D40/><U129/><E30/><V105/><F77/><W97/><G33/><T64/><D64/><U66/><E0/><V85/><F115/><N who="0" m="44074" /><D133/><U45/><E4/><V46/><F105/><N who="0" m="40522" /><D88/><U116/><E116/><V37/><F70/><W24/><G132/><T41/><D41/><U80/><E74/><V58/><F62/><N who="3" m="38351" /><G3/><AGARI ba="0,0" hai="3,7,8,12,14,15,25,27" m="40522,44074" machi="3" ten="40,2000,0" yaku="15,1" doraHai="79" who="0" fromWho="3" sc="300,20,148,0,267,0,285,-20" /><INIT seed="4,1,0,4,2,108" ten="320,148,267,265" oya="0" hai0="77,64,11,75,34,12,57,62,37,38,18,87,6" hai1="92,39,42,10,0,116,110,76,29,96,61,17,133" hai2="123,69,131,59,91,66,25,73,40,135,8,120,84" hai3="124,70,94,52,106,47,88,36,85,21,1,90,107"/><T19/><D34/><U41/><E110/><V44/><F73/><W93/><G70/><T78/><D75/><U128/><E116/><V74/><F74/><W23/><G1/><T7/><D7/><U60/><E133/><V104/><F104/><W20/><G124/><T65/><D87/><U28/><E128/><V119/><F135/><W121/><G121/><T101/><D101/><U46/><E76/><V5/><F131/><W102/><G102/><T122/><D122/><U72/><E72/><V51/><F119/><W71/><G71/><T13/><D64/><U80/><E80/><V100/><F100/><W53/><G36/><T68/><D6/><U58/><E42/><V81/><F69/><W2/><G2/><T45/><D68/><U30/><E0/><V105/><F25/><W26/><G26/><T114/><D114/><U127/><E127/><V129/><F129/><W24/><G24/><T125/><D125/><U79/><E79/><V97/><F97/><W22/><N who="3" m="5632" /><DORA hai="48" /><W43/><G43/><T103/><D103/><U49/><E39/><N who="0" m="14857" /><D45/><U16/><E10/><V82/><F105/><W27/><G27/><T95/><D95/><U113/><E113/><V15/><F81/><W31/><G31/><T111/><D111/><U50/><E50/><V112/><F112/><W117/><G117/><T126/><D126/><U54/><REACH who="1" step="1"/><E61/><REACH who="1" ten="320,138,267,265" step="2"/><V9/><F9/><W4/><G4/><N who="0" m="3175" /><D78/><U3/><E3/><V86/><F123/><W109/><G109/><T98/><D77/><U99/><E99/><V32/><F120/><W55/><G47/><T35/><D98/><AGARI ba="1,1" hai="52,53,55,85,88,90,93,94,98,106,107" m="5632" machi="98" ten="50,12000,2" yaku="6,1,52,3,54,2" doraHai="108,48" who="3" fromWho="0" sc="320,-123,138,0,267,0,265,133" /><INIT seed="5,0,0,4,5,89" ten="197,138,267,398" oya="1" hai0="19,97,82,130,113,51,69,45,44,29,95,36,116" hai1="42,101,129,99,32,126,74,66,93,52,35,131,13" hai2="57,61,56,60,33,3,96,103,8,119,14,47,79" hai3="7,73,38,72,0,67,108,76,120,64,41,109,37"/><U34/><E74/><V49/><F33/><W22/><G22/><T102/><D69/><U59/><E66/><N who="3" m="25130" /><G76/><T110/><D116/><U90/><E42/><V75/><F3/><W55/><G55/><T71/><D71/><U121/><E121/><V85/><F75/><N who="3" m="28747" /><G41/><T1/><D1/><U114/><E114/><V84/><F119/><W77/><G77/><T5/><D113/><U125/><E13/><V27/><F27/><W111/><G0/><T30/><D5/><U58/><E90/><V2/><F2/><W31/><G7/><T26/><D110/><U70/><E70/><V28/><F28/><W123/><G31/><T105/><D30/><U106/><E106/><V68/><F68/><W104/><G104/><T98/><D29/><U127/><E59/><V10/><F79/><W17/><G17/><T132/><D105/><U12/><E12/><V50/><F14/><W81/><G81/><T117/><D117/><U20/><E20/><V124/><F96/><W16/><G16/><T46/><D98/><U54/><E54/><V78/><F78/><W128/><G128/><T107/><D19/><U15/><E15/><V6/><F6/><W134/><G134/><T4/><D132/><U21/><E21/><V94/><F103/><W9/><G9/><T24/><D107/><U135/><E135/><V92/><F47/><W65/><G65/><T18/><D130/><U11/><E11/><V115/><F115/><W83/><G83/><T100/><D82/><U122/><E122/><AGARI ba="0,0" hai="37,38,108,109,111,120,122,123" m="28747,25130" machi="122" ten="40,2600,0" yaku="28,2" doraHai="89" who="3" fromWho="1" sc="197,0,138,-26,267,0,398,26" /><INIT seed="6,0,0,1,5,8" ten="197,112,267,424" oya="2" hai0="42,1,60,5,124,26,24,4,2,61,3,22,77" hai1="106,91,7,68,0,135,17,79,27,43,45,48,90" hai2="101,134,69,11,109,81,112,103,120,80,9,47,122" hai3="6,118,13,108,23,34,88,41,71,29,133,54,15"/><V62/><F62/><W70/><G41/><T97/><D42/><U46/><E68/><V67/><F67/><W58/><G118/><T107/><D77/><U44/><E106/><V96/><F69/><W65/><G108/><T73/><D73/><U125/><E135/><V40/><F134/><W115/><G133/><T110/><D110/><U57/><E125/><V72/><F109/><W16/><G65/><T66/><D124/><U20/><E79/><V85/><F11/><W89/><G34/><T123/><D123/><U113/><E113/><V86/><F9/><W102/><G29/><T127/><D127/><U50/><E0/><V38/><F72/><W18/><G6/><T100/><D61/><U82/><E7/><V55/><F55/><W39/><G39/><T128/><D128/><U84/><E91/><V76/><F112/><W131/><G115/><T119/><D119/><U104/><E104/><V130/><F130/><W114/><G114/><T35/><D26/><U52/><REACH who="1" step="1"/><E48/><REACH who="1" ten="197,102,267,424" step="2"/><V37/><F101/><W59/><G102/><T36/><D36/><U105/><E105/><V12/><F37/><W83/><G131/><T93/><D107/><U64/><E64/><V14/><F120/><W94/><G71/><T98/><D3/><U53/><E53/><V30/><F122/><W75/><G54/><T129/><D2/><U126/><E126/><V28/><F103/><W32/><G70/><T99/><D129/><U56/><E56/><V25/><F38/><W74/><G59/><N who="0" m="37151" /><D1/><U95/><E95/><V63/><F76/><W10/><G58/><T117/><D117/><RYUUKYOKU ba="0,1" sc="197,-10,102,30,267,-10,424,-10" hai1="17,20,27,43,44,45,46,50,52,57,82,84,90" /><INIT seed="7,1,1,0,5,101" ten="187,132,257,414" oya="3" hai0="77,39,51,133,87,88,50,121,123,6,85,36,25" hai1="11,72,117,22,27,114,7,5,75,16,57,74,64" hai2="100,49,134,78,35,96,38,80,33,47,14,93,131" hai3="12,42,65,1,3,118,106,91,108,84,20,68,45"/><W18/><G118/><T105/><D105/><U55/><E117/><V15/><F38/><W76/><G106/><T40/><D6/><U125/><E64/><V21/><F131/><W107/><G107/><T81/><D25/><U9/><E114/><V109/><F109/><W61/><G76/><T17/><D133/><U111/><E111/><V127/><F134/><W124/><G124/><T41/><D121/><U0/><E125/><V102/><F102/><W110/><G110/><T90/><D123/><U67/><E67/><V82/><F80/><W23/><G23/><T71/><D71/><U119/><E119/><V59/><F59/><W19/><G19/><T37/><D17/><U60/><REACH who="1" step="1"/><E75/><REACH who="1" ten="187,122,257,414" step="2"/><V48/><F127/><W126/><G126/><T62/><D37/><U28/><E28/><V26/><F35/><W120/><G108/><T113/><D113/><U115/><E115/><V104/><F33/><W89/><G120/><T69/><D69/><U54/><E54/><V73/><F73/><W56/><G68/><T63/><D77/><U128/><E128/><V2/><F78/><W116/><G65/><T130/><D130/><U34/><E34/><V58/><F100/><W32/><G32/><T83/><AGARI ba="1,2" hai="36,39,40,41,50,51,62,63,81,83,85,87,88,90" machi="83" ten="25,6400,0" yaku="0,1,22,2,54,1" doraHai="101" who="0" fromWho="0" sc="187,87,122,-17,257,-17,414,-33" owari="274,7.0,105,-39.0,240,-16.0,381,48.0" /></mjloggm>