<mjloggm ver="2.3"><GO type="97" lobby="0"/><UN n0="%42%42%51" n1="%E3%82%A2%E3%83%83%E3%83%97%E3%83%AB%E3%82%AD%E3%83%83%E3%83%89" n2="%E3%82%A6%E3%83%AB%E3%83%88%E3%83%A9%E7%AB%8B%E7%9B%B4" n3="%E3%81%97%E3%82%8D%E3%81%AA%E3%81%8C%E3%81%99%E3%81%8F%E3%81%98%E3%82%89" dan="13,15,15,13" rate="1880.95,2022.69,1986.91,1819.86" sx="M,M,M,M"/><TAIKYOKU oya="0"/><INIT seed="0,0,0,3,4,110" ten="250,250,250,250" oya="0" hai0="65,52,91,41,18,44,9,123,81,96,69,40,75" hai1="79,45,19,42,117,63,29,84,74,83,104,124,30" hai2="97,105,11,126,109,127,78,82,0,4,100,14,87" hai3="23,38,12,22,8,1,106,2,31,16,7,134,114"/><T94/><D123/><U107/><E124/><V111/><REACH who="2" step="1"/><F0/><REACH who="2" ten="250,250,240,250" step="2"/><W34/><G38/><T58/><D69/><U26/><E117/><V53/><F53/><W37/><G37/><T128/><D128/><U116/><E116/><V62/><F62/><W119/><G119/><T51/><D75/><U80/><E107/><V103/><F103/><W47/><G106/><T32/><D81/><U13/><E104/><V71/><F71/><W17/><G134/><T95/><D94/><U133/><E63/><V55/><F55/><W68/><G68/><T35/><D65/><U85/><E133/><V72/><F72/><W92/><G92/><T89/><D41/><U50/><E74/><V88/><F88/><W57/><G57/><T135/><D91/><U56/><E56/><V15/><F15/><N who="3" m="5535" /><G47/><T131/><D135/><U6/><E6/><V28/><F28/><W27/><G114/><T90/><D90/><U99/><E29/><V48/><F48/><W61/><G61/><T120/><D131/><U98/><E30/><V21/><F21/><W39/><G39/><T46/><D120/><U130/><E130/><V77/><F77/><W66/><G66/><T10/><D46/><U25/><E25/><AGARI ba="0,1" hai="1,2,12,16,17,22,23,25,27,31,34" m="5535" machi="25" ten="30,12000,2" yaku="35,5,54,1" doraHai="110" who="3" fromWho="1" sc="250,0,250,-120,240,0,250,130" /><INIT seed="1,0,0,5,3,3" ten="250,130,240,380" oya="1" hai0="97,54,90,79,31,2,93,53,68,17,16,99,113" hai1="9,126,38,110,132,41,39,4,50,100,73,34,130" hai2="85,101,94,51,42,135,61,14,128,78,1,52,15" hai3="25,18,65,21,134,8,33,60,47,120,91,84,109"/><U13/><E132/><V67/><F1/><W32/><G120/><T125/><D113/><U56/><E130/><V87/><F128/><W121/><G109/><T12/><D125/><U29/><E126/><V57/><F135/><W133/><G121/><T71/><D2/><U63/><E73/><V111/><F111/><W83/><G134/><T124/><D124/><U30/><E110/><V81/><F42/><W59/><G133/><T119/><D119/><U116/><E116/><V64/><F64/><W75/><G75/><T112/><D112/><U70/><E100/><V82/><F94/><W26/><G26/><T92/><D79/><U40/><E40/><V74/><F101/><W37/><G37/><T76/><D76/><U103/><E103/><V0/><F0/><W28/><G47/><T58/><D31/><U80/><E80/><V98/><F98/><W102/><REACH who="3" step="1"/><G102/><REACH who="3" ten="250,130,240,370" step="2"/><T86/><D58/><U106/><E70/><V35/><F74/><W122/><G122/><T49/><D68/><U88/><E106/><V72/><F72/><W96/><G96/><T7/><D71/><U62/><E38/><V10/><F35/><W123/><G123/><T45/><D99/><U105/><E39/><V46/><F10/><W36/><G36/><T117/><D117/><U77/><E105/><V19/><F19/><W22/><G22/><T95/><D97/><U107/><E107/><V89/><AGARI ba="0,1" hai="14,15,46,51,52,57,61,67,78,81,82,85,87,89" machi="89" ten="20,5200,0" yaku="0,1,7,1,8,1,54,1" doraHai="3" who="2" fromWho="2" sc="250,-13,130,-26,240,62,370,-13" /><INIT seed="2,0,0,4,5,55" ten="237,104,302,357" oya="2" hai0="77,109,3,28,125,34,124,39,60,121,100,1,43" hai1="102,62,98,65,93,128,114,97,52,129,106,18,2" hai2="58,113,56,38,105,57,29,11,81,45,78,44,73" hai3="80,76,69,61,92,41,36,123,25,20,126,50,75"/><V66/><F105/><W84/><G123/><T104/><D121/><U110/><E114/><V67/><F113/><W13/><G126/><N who="0" m="48747" /><D60/><U83/><E2/><V107/><F107/><W49/><G36/><T15/><D15/><U59/><E110/><V120/><F120/><W12/><G49/><T70/><D109/><U22/><E83/><V91/><F29/><W99/><G75/><T82/><D70/><U115/><E115/><V26/><F26/><W101/><G41/><T87/><D43/><U94/><E106/><V71/><F71/><W19/><REACH who="3" step="1"/><G50/><REACH who="3" ten="237,104,302,347" step="2"/><T46/><D39/><U27/><REACH who="1" step="1"/><E65/><AGARI ba="0,1" hai="12,13,19,20,25,61,65,69,76,80,84,92,99,101" machi="65" ten="40,2600,0" yaku="1,1,2,1,53,0" doraHai="55" doraHaiUra="37" who="3" fromWho="1" sc="237,0,104,-26,302,0,347,36" /><INIT seed="3,0,0,2,3,6" ten="237,78,302,383" oya="3" hai0="85,4,90,3,55,131,125,86,21,63,7,13,121" hai1="49,30,76,88,103,72,118,129,102,126,128,111,36" hai2="135,62,5,40,48,83,10,33,95,94,14,61,47" hai3="78,133,108,106,1,116,56,60,51,65,132,74,50"/><W92/><G116/><T98/><D121/><U16/><E36/><V44/><F33/><W25/><G1/><T9/><D131/><U35/><E118/><V39/><F135/><N who="3" m="51787" /><G106/><T110/><D125/><U31/><E126/><V77/><F44/><W54/><G108/><T0/><D110/><U2/><E111/><V38/><F38/><W37/><G37/><T69/><D21/><U122/><E2/><V81/><F39/><W127/><G127/><T52/><D13/><U15/><E122/><V12/><F83/><W82/><G92/><T114/><D114/><U79/><E49/><V28/><F28/><W113/><G113/><T42/><D42/><U109/><E109/><V32/><F32/><W67/><G50/><T105/><D105/><U34/><E72/><V123/><F123/><W70/><G65/><T20/><D20/><U43/><E15/><V58/><F14/><W68/><G25/><T101/><D69/><AGARI ba="0,0" hai="51,54,56,60,67,68,69,70,74,78,82" m="51787" machi="69" ten="30,1500,0" yaku="20,1" doraHai="6" who="3" fromWho="0" sc="237,-15,78,0,302,0,383,15" owari="222,-18.0,78,-42.0,302,10.0,398,50.0" /></mjloggm>