<mjloggm ver="2.3"><GO type="97" lobby="0"/><UN n0="%E3%82%A6%E3%83%AB%E3%83%88%E3%83%A9%E7%AB%8B%E7%9B%B4" n1="%E3%81%A8%E3%81%8D%E3%81%95%E3%81%8B%E3%82%82" n2="%62%6C%61%63%6B%64%6F%67" n3="%62%6C%6F%63%6B%65%6E%4B" dan="15,15,14,14" rate="1952.71,1922.69,1945.45,1964.98" sx="M,M,M,M"/><TAIKYOKU oya="0"/><INIT seed="0,0,0,1,2,0" ten="250,250,250,250" oya="0" hai0="87,95,70,115,116,3,100,36,30,31,19,26,112" hai1="29,129,8,28,27,125,43,105,38,111,42,54,34" hai2="88,73,110,80,11,120,72,32,64,98,76,131,123" hai3="35,81,104,69,94,17,71,24,10,118,96,82,16"/><T5/><D36/><U134/><E125/><V103/><F64/><W124/><G118/><T61/><D116/><U97/><E129/><V25/><F25/><W40/><G124/><T122/><D122/><N who="2" m="46634" /><F11/><W92/><G40/><T66/><D30/><U114/><E29/><V39/><F39/><W57/><G10/><T106/><D19/><U126/><E126/><V68/><F68/><W130/><G57/><T83/><D95/><U15/><E38/><V50/><F50/><W90/><G104/><T20/><D5/><U74/><E114/><V101/><F32/><W84/><G130/><T75/><D3/><U4/><E54/><V12/><F12/><W52/><G52/><T41/><D41/><U127/><E127/><V37/><F37/><W132/><G132/><T60/><D60/><U55/><E134/><V1/><F1/><W58/><G58/><T14/><D14/><U22/><E55/><V86/><F131/><W49/><G49/><T113/><D75/><N who="2" m="28746" /><F110/><W128/><G128/><T48/><D48/><U133/><E111/><V91/><F103/><W13/><G69/><T23/><D23/><U107/><E133/><V79/><F79/><W99/><G71/><T21/><D21/><U63/><E63/><V85/><F85/><W47/><G35/><T109/><D109/><U56/><E56/><V89/><F76/><W9/><G47/><T102/><REACH who="0" step="1"/><D106/><AGARI ba="0,0" hai="80,86,88,89,91,98,101,106" m="28746,46634" machi="106" ten="30,3900,0" yaku="34,2,54,1" doraHai="0" who="2" fromWho="0" sc="250,-39,250,0,250,39,250,0" /><INIT seed="1,0,0,0,0,14" ten="211,250,289,250" oya="1" hai0="3,19,72,102,80,45,49,82,95,65,50,124,39" hai1="91,70,121,108,20,36,134,73,114,109,35,4,38" hai2="21,100,125,42,126,57,24,63,12,62,97,76,106" hai3="85,46,129,86,41,131,11,40,56,10,123,135,53"/><U96/><E38/><V133/><F133/><W105/><G105/><T74/><D3/><U0/><E4/><V51/><F76/><W48/><G123/><T7/><D7/><U130/><E20/><V22/><F12/><W67/><G135/><T118/><D118/><U58/><E58/><V32/><F32/><W103/><G103/><T27/><D65/><U113/><E113/><V112/><F112/><W117/><G117/><T23/><D39/><U52/><E52/><N who="2" m="31903" /><F42/><W17/><G10/><T104/><D104/><U29/><E29/><V110/><F110/><W54/><G67/><T55/><D124/><N who="2" m="47722" /><F22/><W28/><G28/><AGARI ba="0,0" hai="21,24,28,62,63,97,100,106" m="47722,31903" machi="28" ten="30,2000,0" yaku="18,1,54,1" doraHai="14" who="2" fromWho="3" sc="211,0,250,0,289,20,250,-20" /><INIT seed="2,0,0,0,4,116" ten="211,250,309,230" oya="2" hai0="44,32,8,91,106,64,52,11,107,68,120,29,77" hai1="110,30,71,123,76,75,84,57,61,108,50,70,7" hai2="60,101,79,133,85,78,113,23,4,42,59,86,21" hai3="98,38,49,18,43,35,131,24,126,88,39,128,94"/><V115/><F101/><W69/><G69/><T31/><D77/><U28/><E75/><V105/><F105/><W46/><G126/><T62/><D91/><U56/><E7/><V130/><F130/><N who="3" m="49707" /><G18/><T22/><D22/><U13/><E13/><V9/><F42/><W104/><G104/><T72/><D72/><U10/><E10/><V37/><F37/><W83/><G83/><T48/><D31/><AGARI ba="0,0" hai="24,31,35,38,39,43,46,49,88,94,98" m="49707" machi="31" ten="30,2000,0" yaku="19,1,54,1" doraHai="116" who="3" fromWho="0" sc="211,-20,250,0,309,0,230,20" /><INIT seed="3,0,0,0,3,125" ten="191,250,309,250" oya="3" hai0="103,100,80,54,67,66,99,117,36,19,56,29,42" hai1="26,39,91,77,74,112,15,101,85,0,30,68,14" hai2="88,33,124,5,11,2,50,59,78,47,44,121,32" hai3="13,81,76,95,61,130,69,27,62,113,107,93,58"/><W102/><G113/><T71/><D117/><U6/><E112/><V40/><F121/><W84/><G130/><T87/><D71/><U9/><E68/><V73/><F124/><W131/><G131/><T10/><D29/><U25/><E101/><V53/><F47/><W41/><G41/><T34/><D34/><U128/><E128/><V51/><F78/><W17/><G27/><T115/><D42/><U120/><E120/><V7/><F73/><W106/><G106/><T24/><D36/><U60/><E39/><V35/><F7/><W22/><G69/><T82/><D115/><U133/><E133/><V92/><F35/><W123/><G123/><T46/><D46/><U48/><E60/><V96/><AGARI ba="0,0" hai="2,5,11,32,33,40,44,50,51,53,59,88,92,96" machi="96" ten="20,2700,0" yaku="0,1,7,1,54,1" doraHai="125" who="2" fromWho="2" sc="191,-7,250,-7,309,27,250,-13" owari="184,-32.0,243,4.0,336,44.0,237,-16.0" /></mjloggm>