<mjloggm ver="2.3"><GO type="169" lobby="0"/><UN n0="%E9%81%8A%E8%B5%B0" n1="%E2%98%85%E7%8E%89%E9%9F%BF%E2%98%85" n2="%EF%BC%88%E2%89%A7%E2%96%BD%E2%89%A6%EF%BC%89" n3="%E6%B9%8A%E3%81%AE%E9%87%A3%E5%B8%AB" dan="16,16,19,16" rate="2099.02,2137.47,2324.34,2115.72" sx="F,F,M,M"/><TAIKYOKU oya="0"/><INIT seed="0,0,0,5,3,38" ten="250,250,250,250" oya="0" hai0="114,73,129,133,53,76,87,11,51,4,44,32,126" hai1="36,63,118,48,128,13,71,10,2,134,89,28,12" hai2="68,27,100,113,101,75,41,21,15,84,1,37,85" hai3="104,50,43,59,116,81,80,33,131,6,115,79,18"/><T67/><D114/><U91/><E36/><V26/><F75/><W120/><G115/><T23/><D73/><U132/><E118/><V56/><F68/><W20/><G33/><T55/><D32/><U69/><E28/><V5/><F1/><W22/><G104/><T82/><D126/><U96/><E128/><V108/><F108/><W107/><G107/><T19/><D133/><N who="1" m="51307" /><E2/><V112/><F56/><W99/><G99/><T64/><D129/><U40/><E13/><V17/><F5/><W78/><G6/><T86/><D55/><U7/><E63/><V8/><F15/><W45/><G116/><T135/><D135/><U103/><E89/><V88/><F88/><W58/><G131/><T119/><D119/><U74/><E91/><V42/><F37/><W9/><G9/><T102/><D102/><U97/><E97/><V14/><F14/><N who="3" m="9303" /><G22/><T109/><D109/><U30/><E30/><V62/><F21/><W110/><G110/><T29/><D29/><U47/><E74/><V46/><F8/><W39/><G39/><T123/><D123/><U31/><E31/><V60/><F17/><W34/><G34/><T25/><REACH who="0" step="1"/><D87/><REACH who="0" ten="240,250,250,250" step="2"/><U70/><E70/><V111/><F111/><W35/><G120/><T130/><D130/><U122/><E122/><V93/><F93/><AGARI ba="0,1" hai="7,10,12,40,47,48,69,71,93,96,103" m="51307" machi="93" ten="30,2000,0" yaku="20,1,52,1" doraHai="38" who="1" fromWho="2" sc="240,0,250,30,250,-20,250,0" /><INIT seed="1,0,0,1,3,11" ten="240,280,230,250" oya="1" hai0="3,96,105,102,54,114,64,72,19,124,57,120,32" hai1="9,67,4,78,119,99,121,113,42,128,97,21,10" hai2="43,68,79,6,2,37,65,134,85,14,129,36,53" hai3="103,88,22,91,46,92,127,74,15,69,76,7,49"/><U26/><E121/><V13/><F68/><W31/><G69/><T80/><D120/><U41/><E113/><V73/><F65/><W75/><G127/><T95/><D3/><U61/><E119/><V30/><F30/><W40/><G75/><T98/><D114/><U8/><E4/><V116/><F116/><W0/><G0/><T115/><D115/><U38/><E128/><V86/><F53/><W133/><G133/><T84/><D124/><U24/><E78/><V55/><F55/><W93/><G76/><T60/><D32/><U1/><E1/><V89/><F134/><W125/><G74/><T34/><D34/><U35/><E35/><V12/><F129/><W23/><G31/><T25/><D72/><U63/><E26/><V44/><F89/><N who="3" m="34379" /><G125/><T51/><D98/><N who="1" m="37387" /><E67/><V122/><F36/><W47/><G47/><T101/><D101/><U90/><E90/><V135/><F122/><W56/><G103/><T110/><D110/><U66/><E66/><V45/><F45/><W28/><G28/><T81/><D105/><U29/><E38/><V131/><F131/><W71/><G71/><T132/><D132/><U17/><E29/><V117/><F117/><W33/><G33/><T77/><D80/><U18/><E18/><V39/><F39/><W123/><G123/><T100/><D100/><U112/><E112/><V50/><F135/><W59/><G7/><T118/><D118/><U20/><E20/><V82/><REACH who="2" step="1"/><F37/><REACH who="2" ten="240,280,220,250" step="2"/><W106/><G106/><T16/><REACH who="0" step="1"/><D25/><REACH who="0" ten="230,280,220,250" step="2"/><U111/><E111/><V70/><F70/><AGARI ba="0,2" hai="16,19,51,54,57,60,64,70,77,81,84,95,96,102" machi="70" ten="30,7700,0" yaku="1,1,2,1,7,1,54,1,53,0" doraHai="11" doraHaiUra="108" who="0" fromWho="2" sc="230,97,280,0,220,-77,250,0" /><INIT seed="2,0,0,4,5,45" ten="327,280,143,250" oya="2" hai0="127,87,39,1,90,96,44,18,7,49,103,94,41" hai1="28,134,113,27,13,86,73,104,75,16,83,131,29" hai2="8,15,120,57,78,126,110,25,58,114,112,9,89" hai3="2,22,72,102,10,80,92,20,14,128,64,42,56"/><V81/><F120/><W67/><G2/><T85/><D127/><U91/><E113/><V63/><F126/><W101/><G128/><T43/><D1/><U31/><E131/><V77/><F110/><W133/><G133/><T51/><D7/><U88/><E134/><V19/><F114/><W124/><G124/><T116/><D116/><U65/><E104/><V40/><F112/><W38/><G38/><T107/><D43/><U108/><E108/><V21/><F40/><W132/><G132/><T105/><D105/><U97/><E65/><V82/><F89/><W118/><G42/><T119/><D119/><U129/><E27/><V62/><F25/><W70/><G70/><T4/><D4/><U135/><E135/><V68/><F68/><W93/><G80/><T106/><D106/><U74/><E129/><V17/><F21/><N who="3" m="8299" /><G72/><T59/><D59/><U11/><REACH who="1" step="1"/><E97/><REACH who="1" ten="327,270,143,250" step="2"/><V95/><F95/><W50/><G93/><T0/><D107/><U34/><E34/><V53/><REACH who="2" step="1"/><F15/><REACH who="2" ten="327,270,133,250" step="2"/><W84/><G92/><T30/><D94/><U24/><E24/><V47/><F47/><W54/><G118/><T109/><D44/><U46/><E46/><V69/><F69/><W55/><G101/><T130/><D109/><U115/><E115/><V71/><F71/><W36/><G102/><T123/><D103/><U33/><E33/><V32/><F32/><W61/><G36/><T48/><D39/><U125/><E125/><V35/><F35/><W6/><G14/><T76/><D130/><U3/><E3/><V23/><F23/><W117/><G117/><T5/><D0/><RYUUKYOKU ba="0,2" sc="327,-15,270,15,133,15,250,-15" hai1="11,13,16,28,29,31,73,74,75,83,86,88,91" hai2="8,9,17,19,53,57,58,62,63,77,78,81,82" /><INIT seed="2,1,2,2,5,48" ten="312,285,148,235" oya="2" hai0="108,130,127,91,94,118,40,133,46,9,110,80,42" hai1="54,124,81,41,115,95,101,65,113,89,17,55,69" hai2="8,27,99,120,7,52,100,23,98,82,2,25,76" hai3="30,126,11,62,31,111,35,50,116,14,109,21,132"/><V75/><F120/><W3/><G116/><T24/><D118/><U51/><E101/><V18/><F100/><W66/><G132/><T39/><D130/><U73/><E17/><V28/><REACH who="2" step="1"/><F52/><REACH who="2" ten="312,285,138,235" step="2"/><W92/><G111/><T107/><D108/><U43/><E55/><V72/><F72/><W119/><G109/><T0/><D110/><U57/><E54/><V6/><F6/><W5/><G5/><T49/><D40/><U4/><E43/><V60/><F60/><W33/><G62/><T19/><D42/><U129/><E41/><V88/><F88/><W64/><G119/><T1/><D91/><U117/><E89/><V26/><F26/><W37/><G37/><T87/><D24/><U74/><E74/><V112/><F112/><W83/><G126/><T103/><D39/><U36/><E124/><V121/><F121/><W128/><G128/><T105/><D103/><U77/><E129/><V102/><F102/><W114/><G114/><T96/><D127/><U123/><E36/><V32/><AGARI ba="1,3" hai="2,7,8,18,23,25,27,28,32,75,76,82,98,99" machi="32" ten="20,3900,0" yaku="1,1,0,1,7,1,53,0" doraHai="48" doraHaiUra="84" who="2" fromWho="2" sc="312,-14,285,-14,138,72,235,-14" /><INIT seed="2,2,0,0,3,59" ten="298,271,210,221" oya="2" hai0="86,66,23,22,80,96,16,68,117,84,57,12,58" hai1="128,133,18,102,5,13,89,91,115,94,73,103,19" hai2="78,20,110,98,132,108,79,45,125,88,83,6,8" hai3="70,3,62,0,39,10,24,116,120,95,65,37,67"/><V31/><F125/><W1/><G116/><T32/><D117/><U123/><E115/><V33/><F33/><W87/><G120/><T119/><D32/><U75/><E123/><V76/><F132/><W131/><G131/><T130/><D119/><U126/><E126/><V124/><F124/><W97/><G87/><T74/><D130/><U25/><E128/><V46/><F20/><W36/><G24/><T135/><D68/><U77/><E133/><V121/><F31/><W129/><G129/><T111/><D135/><U52/><E5/><V104/><F121/><W29/><G29/><T90/><D111/><N who="2" m="42538" /><F104/><W49/><G49/><T30/><D74/><U60/><E75/><V17/><F17/><W118/><G118/><T69/><D69/><U34/><E73/><V11/><F83/><W100/><REACH who="3" step="1"/><G67/><REACH who="3" ten="298,271,210,211" step="2"/><T4/><D66/><U50/><E50/><V14/><F11/><AGARI ba="2,1" hai="0,1,3,10,11,36,37,39,62,65,70,95,97,100" machi="11" ten="50,6400,0" yaku="1,1,2,1,52,1,53,0" doraHai="59" doraHaiUra="41" who="3" fromWho="2" sc="298,0,271,0,210,-70,211,80" /><INIT seed="3,0,0,1,4,23" ten="298,271,140,291" oya="3" hai0="17,39,41,114,83,67,37,16,122,87,24,11,131" hai1="47,28,115,76,106,61,77,26,92,78,56,96,0" hai2="31,70,52,50,125,109,123,128,100,110,15,86,9" hai3="73,20,82,94,118,135,48,105,10,63,25,84,95"/><W54/><G118/><T44/><D122/><U49/><E106/><V30/><F123/><W120/><G120/><T43/><D114/><U99/><E0/><V12/><F70/><W129/><G105/><T40/><D131/><U124/><E124/><V32/><F125/><W34/><G73/><T42/><D67/><U58/><E115/><V27/><F128/><W80/><G34/><T90/><D11/><U113/><E113/><V107/><F31/><W8/><G63/><T117/><D117/><U75/><E75/><V19/><F86/><W104/><G104/><T72/><D37/><U68/><E68/><V13/><F100/><W64/><G64/><T130/><D130/><U103/><E96/><V66/><F66/><W133/><G82/><T85/><D72/><U126/><E126/><V57/><REACH who="2" step="1"/><F107/><REACH who="2" ten="298,271,130,291" step="2"/><W59/><G129/><T36/><D36/><U46/><E103/><V29/><F29/><N who="3" m="17575" /><G135/><T55/><D85/><U7/><E28/><V18/><F18/><W35/><G133/><T1/><D17/><U69/><E69/><V89/><F89/><N who="3" m="51335" /><G35/><T53/><D16/><U121/><E121/><V21/><F21/><W91/><G91/><T116/><D116/><U14/><E76/><V119/><F119/><W38/><G38/><T22/><D1/><U62/><E77/><V4/><F4/><W112/><G112/><T93/><D83/><U51/><E78/><V79/><F79/><W108/><G108/><AGARI ba="0,1" hai="9,12,13,15,19,27,30,32,50,52,57,108,109,110" machi="108" ten="40,8000,1" yaku="1,1,14,1,52,1,54,1,53,0" doraHai="23" doraHaiUra="134" who="2" fromWho="3" sc="298,0,271,0,130,90,291,-80" /><INIT seed="4,0,0,2,4,101" ten="298,271,220,211" oya="0" hai0="57,116,19,98,118,121,42,112,67,6,54,20,75" hai1="108,89,114,40,28,46,126,85,25,60,64,36,105" hai2="48,50,30,88,37,93,49,96,53,18,70,3,119" hai3="110,107,100,39,94,21,125,131,109,16,117,81,78"/><T103/><D121/><U129/><E129/><V22/><F70/><W102/><G131/><T86/><D75/><U2/><E126/><V127/><F37/><W52/><G39/><T104/><D112/><U115/><E108/><V76/><F3/><W77/><G117/><T58/><D6/><U1/><E105/><V56/><F119/><W47/><G125/><T99/><D99/><U90/><E2/><V45/><F127/><W84/><G78/><T72/><D72/><U41/><E41/><V97/><F76/><W44/><G44/><T9/><D9/><U79/><E79/><V82/><F82/><W26/><G94/><T80/><D42/><U69/><E1/><V34/><F34/><W14/><G26/><T32/><D67/><U65/><E64/><V123/><F30/><W68/><G68/><T124/><D32/><U13/><E13/><N who="2" m="9551" /><F123/><W133/><G133/><T27/><D124/><U120/><E120/><V24/><F24/><W111/><REACH who="3" step="1"/><G107/><REACH who="3" ten="298,271,220,201" step="2"/><T12/><D27/><U11/><E114/><V132/><F132/><W51/><AGARI ba="0,1" hai="14,16,21,47,51,52,77,81,84,100,102,109,110,111" machi="51" ten="40,8000,1" yaku="1,1,2,1,0,1,54,2,53,0" doraHai="101" doraHaiUra="33" who="3" fromWho="3" sc="298,-40,271,-20,220,-20,201,90" /><INIT seed="5,0,0,1,2,39" ten="258,251,200,291" oya="1" hai0="126,38,88,127,90,14,125,102,21,45,41,6,96" hai1="104,44,123,77,95,99,27,93,131,106,7,67,103" hai2="71,120,15,22,54,79,16,2,46,66,122,5,0" hai3="63,1,32,26,80,132,4,48,89,19,94,76,82"/><U135/><E123/><V133/><F133/><W30/><G132/><T110/><D110/><U121/><E121/><V10/><F0/><W49/><G19/><N who="0" m="10487" /><D6/><U60/><E135/><V86/><F71/><W25/><G25/><T61/><D61/><U18/><E131/><V130/><F66/><W57/><G4/><T87/><D87/><U124/><E7/><V111/><F130/><W85/><G1/><T114/><D114/><U37/><E77/><V112/><F112/><W75/><G82/><T73/><D73/><U116/><E116/><V84/><F111/><W72/><G75/><T36/><D36/><U35/><E124/><N who="0" m="31745" /><T134/><DORA hai="42" /><D134/><U92/><E104/><AGARI ba="0,0" hai="38,41,45,88,90,96,102,104" m="31745,10487" machi="104" ten="40,8000,1" yaku="18,1,52,2,54,1" doraHai="39,42" who="0" fromWho="1" sc="258,80,251,-80,200,0,291,0" /><INIT seed="6,0,0,1,4,38" ten="338,171,200,291" oya="2" hai0="54,96,22,73,124,9,74,108,52,32,88,31,121" hai1="49,95,90,40,71,85,101,24,42,119,59,126,61" hai2="130,107,77,48,44,105,132,100,0,57,2,35,30" hai3="34,16,111,18,37,41,45,118,75,87,113,58,56"/><V109/><F109/><W69/><G118/><T106/><D121/><U28/><E119/><V129/><F132/><W81/><G75/><T134/><D108/><U68/><E126/><V62/><F77/><W67/><G34/><T116/><D116/><U14/><E101/><V83/><F83/><W50/><G111/><T47/><D134/><U114/><E114/><V76/><F76/><N who="3" m="46503" /><G58/><T128/><D32/><U10/><E49/><V43/><F30/><W13/><G13/><T64/><D124/><U21/><E68/><V66/><F35/><W6/><G6/><T92/><D106/><N who="2" m="40458" /><F100/><W115/><G69/><T70/><D9/><U122/><E71/><V123/><F123/><W19/><G19/><T133/><D133/><U60/><E122/><V78/><F78/><W97/><G97/><T53/><D47/><U82/><E82/><V125/><F125/><W89/><G89/><T110/><D110/><U3/><E3/><V39/><F39/><W117/><G117/><T25/><D128/><AGARI ba="0,0" hai="0,2,43,44,48,57,62,66,128,129,130" m="40458" machi="128" ten="30,2900,0" yaku="19,1,52,1" doraHai="38" who="2" fromWho="0" sc="338,-29,171,0,200,29,291,0" /><INIT seed="6,1,0,0,3,52" ten="309,171,229,291" oya="2" hai0="48,11,126,122,71,106,119,78,85,38,39,19,112" hai1="72,28,58,1,130,0,3,109,80,82,81,116,2" hai2="66,134,63,34,121,87,47,111,65,101,105,79,30" hai3="118,36,76,64,99,98,97,135,44,22,75,51,37"/><V96/><F121/><W18/><G118/><T10/><D122/><U127/><E116/><V29/><F134/><W94/><G135/><T41/><D106/><U15/><E109/><V128/><F111/><W73/><G64/><T102/><D71/><U104/><E104/><V74/><F128/><W110/><G110/><T57/><D119/><U89/><E130/><V103/><F103/><W67/><G67/><T50/><D112/><U17/><E127/><V23/><F87/><W27/><G94/><T20/><D102/><U53/><E28/><V26/><F47/><W7/><G7/><T117/><D126/><U108/><N who="1" m="0" /><DORA hai="77" /><U42/><E42/><V123/><F123/><W32/><G32/><T91/><D78/><U120/><E120/><V25/><REACH who="2" step="1"/><F63/><REACH who="2" ten="309,171,219,291" step="2"/><W88/><G44/><T33/><D85/><N who="1" m="50359" /><E72/><V84/><F84/><W49/><G75/><T133/><D133/><U69/><E108/><V83/><AGARI ba="1,1" hai="23,25,26,29,30,34,65,66,74,79,83,96,101,105" machi="83" ten="30,18000,2" yaku="1,1,0,1,52,1,53,3" doraHai="52,77" doraHaiUra="60,16" who="2" fromWho="2" sc="309,-61,171,-61,219,193,291,-61" /><INIT seed="6,2,0,5,4,66" ten="248,110,412,230" oya="2" hai0="8,69,9,29,34,22,115,1,0,73,36,78,55" hai1="79,133,98,59,54,46,96,31,6,110,103,80,101" hai2="17,94,2,3,86,68,93,100,95,18,38,60,23" hai3="24,67,90,118,131,37,89,123,62,125,97,107,91"/><V104/><F38/><W50/><G118/><T124/><D36/><U116/><E116/><V130/><F130/><W82/><G123/><T122/><D122/><U63/><E110/><V84/><F104/><W57/><G37/><T42/><D42/><U64/><E133/><V106/><F100/><W21/><G125/><T56/><D124/><U48/><E31/><V19/><F23/><W88/><G131/><T92/><D69/><U87/><REACH who="1" step="1"/><E6/><REACH who="1" ten="248,100,412,230" step="2"/><V45/><F2/><W71/><G107/><T121/><D29/><U76/><E76/><V127/><F3/><W5/><G5/><T10/><D1/><U128/><E128/><V61/><F106/><W99/><G82/><T41/><D78/><U134/><E134/><V129/><F127/><W53/><N who="3" m="23040" /><DORA hai="51" /><W81/><REACH who="3" step="1"/><G81/><REACH who="3" ten="248,100,412,220" step="2"/><T25/><D121/><U72/><E72/><V111/><F129/><W32/><G32/><T85/><D73/><U120/><E120/><V105/><F105/><W12/><G12/><T112/><D0/><U44/><E44/><V14/><F45/><W126/><G126/><T35/><D34/><U30/><E30/><AGARI ba="2,2" hai="21,24,30,50,53,57,62,67,71,97,99" m="23040" machi="30" ten="50,8000,1" yaku="1,1,52,2,54,1,53,1" doraHai="66,51" doraHaiUra="65,11" who="3" fromWho="1" sc="248,0,100,-86,412,0,220,106" /><INIT seed="7,0,0,2,5,88" ten="248,14,412,326" oya="3" hai0="79,127,23,5,117,64,62,39,107,77,7,120,38" hai1="128,22,49,122,131,84,29,46,0,57,108,123,16" hai2="68,121,76,70,18,31,99,135,52,40,33,104,114" hai3="41,86,6,45,100,106,28,2,36,89,50,98,103"/><W105/><G28/><T67/><D120/><U21/><E0/><V126/><F40/><W96/><G6/><T95/><D107/><U1/><E1/><V78/><F31/><W11/><G2/><T109/><D117/><U25/><E57/><V133/><F33/><W87/><G11/><T24/><D109/><U53/><E84/><V69/><F121/><W19/><G19/><T85/><D127/><U118/><E53/><V3/><F3/><W97/><G36/><T90/><D39/><U81/><E49/><V56/><F126/><W13/><G13/><T130/><D38/><U54/><E54/><V94/><F18/><W42/><G42/><T132/><D130/><U58/><E46/><V83/><F68/><W82/><G87/><T15/><D132/><U124/><E58/><V110/><F135/><W71/><G71/><T111/><D111/><U73/><E81/><V112/><F110/><W116/><G97/><T12/><D15/><U48/><E48/><V74/><F133/><W32/><G32/><T37/><D37/><U44/><E44/><V115/><F99/><W30/><G30/><N who="0" m="17695" /><D12/><U4/><E73/><V43/><F43/><W80/><G116/><T47/><D47/><U91/><E108/><V101/><F69/><W8/><G8/><T51/><D51/><U119/><E91/><V102/><F70/><W60/><G60/><T27/><D27/><U72/><E72/><V125/><F74/><W61/><G61/><T14/><D62/><U10/><E124/><V113/><F125/><W59/><G59/><T9/><D7/><U35/><E4/><RYUUKYOKU ba="0,0" sc="248,15,14,-15,412,-15,326,15" hai0="5,9,14,64,67,77,79,85,90,95" hai3="41,45,50,80,82,86,89,96,98,100,103,105,106" owari="263,-14.0,-1,-50.0,397,50.0,341,14.0" /></mjloggm>