<mjloggm ver="2.3"><GO type="41" lobby="0"/><UN n0="%E7%B5%B6%E6%9C%9B%E3%81%A8%E3%81%84%E3%81%86%E7%97%85" n1="%E3%82%A6%E3%83%AB%E3%83%88%E3%83%A9%E7%AB%8B%E7%9B%B4" n2="%E6%B2%96%E7%94%B0%E5%BD%B1%E8%99%8E" n3="%EF%BC%AC%EF%BC%A5%EF%BC%B6%EF%BC%A5%EF%BC%AC%EF%BC%94%EF%BC%92" dan="14,15,14,14" rate="1932.64,1989.82,1848.06,1896.82" sx="M,M,M,M"/><TAIKYOKU oya="0"/><INIT seed="0,0,0,5,2,112" ten="250,250,250,250" oya="0" hai0="32,74,103,82,46,125,54,52,80,6,122,26,25" hai1="78,90,111,109,83,33,132,37,44,81,4,134,133" hai2="8,71,36,116,30,39,23,34,7,62,88,2,98" hai3="16,100,110,65,115,45,5,91,94,114,89,58,79"/><T108/><D122/><U127/><E33/><V38/><F62/><W76/><G5/><T77/><D6/><U0/><E44/><V69/><F23/><W93/><G110/><N who="1" m="41994" /><E37/><V85/><F98/><W14/><G100/><T50/><D108/><U107/><E4/><V31/><F31/><W18/><G45/><T68/><D68/><U29/><E29/><V17/><F17/><W59/><G14/><T63/><D32/><U56/><E56/><V131/><F131/><W51/><G51/><T124/><D103/><U101/><E0/><V67/><F67/><AGARI ba="0,0" hai="16,18,58,59,65,67,76,79,89,91,93,94,114,115" machi="67" ten="25,3200,0" yaku="22,2,54,1" doraHai="112" who="3" fromWho="2" sc="250,0,250,0,250,-32,250,32" /><INIT seed="1,0,0,0,0,39" ten="250,250,218,282" oya="1" hai0="120,132,62,121,2,74,23,87,55,4,109,51,64" hai1="85,44,41,71,81,54,114,9,45,122,107,69,42" hai2="116,73,105,70,97,52,128,17,93,131,21,34,96" hai3="26,89,46,130,57,82,129,104,22,10,112,77,25"/><U106/><E54/><V79/><F116/><W86/><G104/><T100/><D74/><U49/><E122/><N who="0" m="47209" /><D100/><U76/><E114/><V63/><F34/><W53/><G112/><T37/><D37/><U35/><E35/><V84/><F73/><W15/><G46/><N who="0" m="28151" /><D132/><U28/><E28/><V58/><F70/><W134/><G134/><T20/><D109/><U127/><E127/><V0/><F0/><W123/><G123/><T7/><D87/><U43/><E107/><V11/><F11/><W33/><G33/><T101/><D101/><U5/><E106/><V31/><F31/><W88/><G26/><T125/><D125/><U66/><E66/><V95/><F105/><W135/><G135/><T50/><D50/><U91/><E91/><V98/><F79/><W99/><G99/><T103/><D103/><U78/><E78/><V24/><REACH who="2" step="1"/><F84/><REACH who="2" ten="250,250,208,282" step="2"/><W108/><G108/><T13/><D2/><U94/><E71/><V61/><F61/><N who="3" m="36015" /><G130/><AGARI ba="0,1" hai="17,21,24,52,58,63,93,95,96,97,98,128,130,131" machi="130" ten="40,5200,0" yaku="1,1,19,1,54,1,53,0" doraHai="39" doraHaiUra="72" who="2" fromWho="3" sc="250,0,250,0,208,62,282,-52" /><INIT seed="2,0,0,4,2,31" ten="250,250,270,230" oya="2" hai0="95,116,16,73,102,76,10,103,7,119,29,40,105" hai1="108,121,71,55,134,66,100,79,91,41,20,28,46" hai2="104,96,75,60,34,26,65,124,52,36,67,58,84" hai3="24,117,80,45,112,50,132,32,59,61,23,0,93"/><V11/><F75/><W72/><G0/><N who="0" m="359" /><D105/><U5/><E134/><V111/><F36/><W42/><G132/><T14/><D29/><U88/><E108/><V30/><F124/><W3/><G3/><T6/><D6/><U98/><E66/><V35/><F111/><W99/><G112/><T130/><D40/><U107/><E71/><V113/><F113/><W53/><G117/><N who="0" m="45131" /><D130/><U110/><E110/><V1/><F1/><W82/><G72/><T89/><D76/><U49/><E121/><V13/><F104/><W69/><G69/><T129/><D73/><U106/><E106/><V15/><F96/><W128/><G128/><T126/><D126/><U127/><E127/><V94/><F15/><W120/><G120/><T19/><D129/><U18/><E5/><V135/><F135/><W92/><G92/><T27/><D27/><U57/><E28/><V44/><F44/><W51/><G51/><T21/><D19/><U78/><E78/><V83/><F94/><W17/><G32/><T33/><D33/><U115/><E79/><N who="2" m="46207" /><F35/><W56/><G56/><T118/><N who="0" m="45139" /><T22/><DORA hai="39" /><D22/><U25/><REACH who="1" step="1"/><E115/><REACH who="1" ten="250,240,270,230" step="2"/><V109/><F109/><W86/><REACH who="3" step="1"/><G86/><AGARI ba="0,1" hai="14,16,21,86,89,95,102,103" m="45139,359" machi="86" ten="40,2600,0" yaku="12,1,54,1" doraHai="31,39" who="0" fromWho="3" sc="250,36,240,0,270,0,230,-26" /><INIT seed="3,0,0,3,4,107" ten="286,240,270,204" oya="3" hai0="101,31,76,28,18,122,73,3,100,8,88,98,132" hai1="106,39,112,54,42,53,84,72,34,134,6,89,9" hai2="17,83,14,27,35,133,103,96,78,116,0,95,1" hai3="113,87,108,10,104,37,128,65,81,20,61,11,41"/><W110/><G104/><T124/><D122/><U7/><E34/><V57/><F116/><W119/><G119/><T121/><D121/><U74/><E106/><V33/><F133/><W55/><G113/><T47/><D132/><U93/><E112/><V38/><F38/><W75/><G55/><T29/><D47/><U59/><E134/><V105/><F105/><W32/><G32/><T30/><D124/><U85/><E42/><V117/><F117/><W131/><G41/><T118/><D118/><U46/><E39/><V15/><F15/><W63/><G20/><T114/><D114/><U13/><E7/><V22/><F35/><W56/><G63/><T64/><D64/><U126/><E126/><V125/><F125/><W109/><G37/><T111/><D111/><U97/><E97/><V52/><F33/><W69/><G69/><T21/><D31/><U67/><E67/><V48/><REACH who="2" step="1"/><F14/><REACH who="2" ten="286,240,260,204" step="2"/><W90/><REACH who="3" step="1"/><G75/><AGARI ba="0,1" hai="0,1,17,22,27,48,52,57,75,78,83,95,96,103" machi="75" ten="30,12000,2" yaku="1,1,2,1,7,1,52,1,54,1,53,1" doraHai="107" doraHaiUra="92" who="2" fromWho="3" sc="286,0,240,0,260,130,204,-120" /><INIT seed="4,0,0,3,5,57" ten="286,240,390,84" oya="0" hai0="30,40,129,66,80,75,49,76,117,53,103,124,97" hai1="42,2,121,12,89,31,114,14,83,79,21,27,22" hai2="102,64,35,127,107,133,104,106,115,3,10,6,134" hai3="1,36,54,94,95,78,131,90,25,98,72,15,58"/><T116/><D129/><U51/><E2/><V32/><F115/><W13/><G1/><T20/><D40/><U50/><E121/><V62/><F102/><W108/><G36/><T28/><D124/><U135/><E135/><N who="2" m="51723" /><F127/><W65/><G131/><T74/><D75/><U0/><E0/><V26/><F26/><W84/><G108/><T11/><D11/><U9/><E114/><V118/><F118/><W86/><G72/><T130/><D130/><U85/><E89/><V112/><F112/><W132/><G65/><T8/><D8/><U19/><REACH who="1" step="1"/><E42/><REACH who="1" ten="286,230,390,84" step="2"/><V126/><F126/><W120/><G120/><T48/><D117/><U33/><E33/><V16/><F16/><AGARI ba="0,1" hai="9,12,14,16,19,21,22,27,31,50,51,79,83,85" machi="16" ten="30,7700,0" yaku="1,1,7,1,8,1,54,1,53,0" doraHai="57" doraHaiUra="29" who="1" fromWho="2" sc="286,0,230,87,390,-77,84,0" /><INIT seed="5,0,0,3,1,115" ten="286,317,313,84" oya="1" hai0="93,126,97,38,79,12,120,94,41,24,103,33,78" hai1="130,29,37,16,108,86,95,132,117,5,76,54,51" hai2="26,100,70,122,121,75,87,111,0,133,3,27,25" hai3="44,105,80,131,47,88,43,49,66,89,8,22,110"/><U57/><E37/><V72/><F70/><W28/><G105/><T61/><D120/><N who="2" m="46186" /><F100/><W2/><G110/><T119/><D61/><U53/><E108/><V14/><F111/><W104/><G104/><T56/><D56/><U77/><E117/><V34/><F87/><W84/><G66/><T60/><D60/><U9/><E130/><V129/><F129/><W23/><G131/><T55/><D55/><U107/><E107/><V99/><F99/><W6/><G28/><T91/><D119/><U113/><E29/><V52/><F52/><W134/><G134/><T73/><D73/><N who="2" m="28234" /><F133/><W124/><G124/><T96/><D126/><U118/><E118/><V67/><F67/><W20/><G20/><T31/><REACH who="0" step="1"/><D12/><REACH who="0" ten="276,317,313,84" step="2"/><U83/><E132/><V92/><F14/><W85/><REACH who="3" step="1"/><G47/><AGARI ba="0,1" hai="24,31,33,38,41,47,78,79,91,93,94,96,97,103" machi="47" ten="40,5200,0" yaku="1,1,2,1,53,1" doraHai="115" doraHaiUra="42" who="0" fromWho="3" sc="276,62,317,0,313,0,84,-52" /><INIT seed="6,0,0,4,5,124" ten="338,317,313,32" oya="2" hai0="77,16,101,96,12,17,130,113,11,114,78,6,43" hai1="132,75,98,102,13,106,129,74,76,108,93,45,36" hai2="72,135,54,3,127,19,14,27,104,0,91,82,83" hai3="105,61,59,31,86,79,26,22,57,9,39,69,95"/><V23/><F127/><W89/><G39/><T109/><D109/><U120/><E45/><V62/><F104/><W118/><G105/><N who="0" m="63655" /><D43/><U2/><E13/><V85/><F135/><W51/><G118/><T55/><D55/><U133/><E2/><V88/><F72/><N who="1" m="27689" /><E36/><V99/><F99/><W4/><G79/><N who="0" m="30219" /><D130/><U111/><E76/><V64/><F54/><W68/><G57/><T117/><D117/><U53/><E53/><V30/><F82/><W65/><REACH who="3" step="1"/><G51/><REACH who="3" ten="338,317,313,22" step="2"/><T46/><D114/><U100/><E111/><V71/><REACH who="2" step="1"/><F91/><REACH who="2" ten="338,317,303,22" step="2"/><W92/><G92/><T60/><D113/><U63/><E106/><V90/><F90/><W21/><G21/><AGARI ba="0,2" hai="0,3,14,19,21,23,27,30,62,64,71,83,85,88" machi="21" ten="30,11600,0" yaku="1,1,7,1,54,1,53,1" doraHai="124" doraHaiUra="80" who="2" fromWho="3" sc="338,0,317,0,303,136,22,-116" owari="338,14.0,317,-8.0,439,53.0,-94,-59.0" /></mjloggm>