<mjloggm ver="2.3"><GO type="97" lobby="0"/><UN n0="%E7%BD%B5%E5%80%92%EF%BC%B2%EF%BC%B5%EF%BC%B3%EF%BC%A8" n1="%E7%84%A1%E6%95%B5%69%6E%67" n2="%E3%82%A6%E3%83%AB%E3%83%88%E3%83%A9%E7%AB%8B%E7%9B%B4" n3="%72%65%67%65%64%69%74" dan="13,13,15,14" rate="1922.58,1809.52,1987.90,2001.23" sx="M,M,M,M"/><TAIKYOKU oya="0"/><INIT seed="0,0,0,3,0,84" ten="250,250,250,250" oya="0" hai0="26,127,7,13,125,110,106,103,126,46,102,88,68" hai1="36,41,24,101,118,8,73,33,56,6,82,50,78" hai2="134,10,67,42,66,28,47,20,133,18,100,111,124" hai3="120,69,132,52,63,90,34,109,86,112,97,64,30"/><T1/><D68/><U122/><E118/><V60/><F111/><W53/><G112/><T59/><D110/><U119/><E119/><V92/><F124/><W72/><G109/><T71/><D71/><U37/><E122/><V116/><F116/><W74/><G120/><T55/><D46/><U9/><E101/><V70/><F66/><W39/><G39/><T35/><D106/><U131/><E131/><V128/><F128/><W80/><G132/><N who="2" m="50793" /><F10/><W87/><G97/><T135/><D135/><U23/><E33/><V115/><F28/><W44/><G53/><T76/><D76/><U105/><E105/><V85/><F115/><W62/><G86/><T117/><D117/><U99/><E99/><N who="2" m="59495" /><F85/><W83/><G83/><T57/><D1/><U49/><E36/><N who="2" m="21959" /><F20/><W48/><REACH who="3" step="1"/><G63/><REACH who="3" ten="250,250,250,240" step="2"/><T94/><D127/><U123/><E37/><V27/><F27/><AGARI ba="0,1" hai="27,30,34,44,48,52,62,64,69,72,74,80,87,90" machi="27" ten="40,8000,1" yaku="1,1,2,1,52,1,54,1,53,1" doraHai="84" doraHaiUra="81" who="3" fromWho="2" sc="250,0,250,0,250,-80,240,90" /><INIT seed="1,0,0,3,0,62" ten="250,250,170,330" oya="1" hai0="18,3,97,52,47,129,135,28,86,34,0,134,66" hai1="116,131,10,26,133,104,106,80,96,90,77,107,70" hai2="11,37,113,35,42,78,110,112,109,13,40,123,15" hai3="95,58,103,44,21,25,33,79,27,118,67,2,53"/><U99/><E70/><V39/><F78/><W127/><G118/><T114/><D114/><N who="2" m="44138" /><F35/><W12/><G2/><T61/><D129/><U38/><E38/><N who="2" m="14347" /><F11/><W57/><G127/><T50/><D97/><U82/><E10/><V84/><F84/><W56/><G33/><T74/><D74/><U49/><E26/><V87/><F87/><W76/><G67/><T102/><D102/><U9/><E9/><V124/><F124/><W4/><G103/><T17/><D86/><N who="1" m="50503" /><E116/><V55/><F55/><W20/><G95/><T41/><D41/><N who="2" m="15978" /><F123/><W65/><G4/><T132/><D34/><U68/><E131/><V6/><F6/><W72/><G72/><T130/><D28/><U1/><E1/><N who="0" m="585" /><D130/><U119/><E119/><V8/><F8/><W120/><G120/><T81/><D81/><U117/><E117/><V48/><F48/><W59/><G12/><AGARI ba="0,0" hai="12,13,15,109,110" m="15978,14347,44138" machi="12" ten="40,5200,0" yaku="28,2,11,1" doraHai="62" who="2" fromWho="3" sc="250,0,250,0,170,52,330,-52" /><INIT seed="2,0,0,1,1,49" ten="250,250,222,278" oya="2" hai0="109,97,2,8,133,20,79,131,4,76,30,42,134" hai1="51,95,43,13,115,67,122,113,23,18,99,46,121" hai2="66,116,7,126,132,5,89,124,90,130,103,59,3" hai3="50,58,108,82,72,40,112,45,98,77,81,62,6"/><V120/><F120/><N who="1" m="46185" /><E67/><V33/><F33/><W31/><G108/><T94/><D42/><U60/><E60/><N who="2" m="38175" /><F116/><W63/><G112/><T100/><D131/><U28/><E28/><V65/><F65/><W27/><G6/><N who="2" m="2057" /><F3/><W125/><G125/><N who="2" m="48233" /><F130/><W101/><G81/><T17/><D109/><U1/><E1/><V41/><F132/><N who="0" m="50794" /><D30/><U119/><E119/><V73/><F73/><W75/><G58/><T127/><D127/><U32/><E32/><V114/><F114/><W55/><G40/><T16/><D17/><U105/><E105/><V12/><F103/><AGARI ba="0,0" hai="13,18,23,43,46,51,95,99,103,113,115" m="46185" machi="103" ten="30,1000,0" yaku="13,1" doraHai="49" who="1" fromWho="2" sc="250,0,250,10,222,-10,278,0" /><INIT seed="3,0,0,2,1,110" ten="250,260,212,278" oya="3" hai0="25,39,121,115,109,5,71,104,9,12,1,114,32" hai1="60,88,99,79,135,91,49,52,133,50,85,62,72" hai2="31,18,100,16,86,15,56,101,81,125,30,36,95" hai3="33,45,129,53,106,97,17,41,87,78,80,77,73"/><W2/><G33/><T28/><D104/><U122/><E122/><V24/><F36/><W51/><G2/><T130/><D71/><U108/><E72/><V107/><F107/><W126/><G73/><T4/><D39/><U10/><E108/><V112/><F125/><W6/><G126/><T89/><D121/><U3/><E99/><V98/><F112/><N who="0" m="43050" /><D89/><U58/><E79/><V75/><F75/><W92/><G106/><T40/><D109/><U46/><E3/><V57/><F101/><W111/><G111/><T8/><D40/><U64/><E10/><V105/><F105/><W76/><G129/><AGARI ba="0,0" hai="1,4,5,8,9,12,25,28,32,129,130" m="43050" machi="129" ten="30,12000,2" yaku="11,1,34,2,52,3" doraHai="110" who="0" fromWho="3" sc="250,120,260,0,212,0,278,-120" owari="370,47.0,260,6.0,212,-19.0,158,-34.0" /></mjloggm>