<mjloggm ver="2.3"><GO type="97" lobby="0"/><UN n0="%E3%81%8D%E3%81%8C%E3%82%89%E3%81%8F" n1="%E3%81%AC%E3%81%98" n2="%4E%65%61%73%65" n3="%E3%82%A6%E3%83%AB%E3%83%88%E3%83%A9%E7%AB%8B%E7%9B%B4" dan="13,15,14,15" rate="1860.20,1986.40,1876.69,1987.77" sx="M,M,M,M"/><TAIKYOKU oya="0"/><INIT seed="0,0,0,4,0,98" ten="250,250,250,250" oya="0" hai0="74,42,129,28,82,43,55,11,87,65,123,61,35" hai1="106,2,118,119,10,108,100,5,92,21,30,68,126" hai2="37,39,83,4,54,116,130,44,63,46,16,99,66" hai3="34,64,26,69,17,3,7,40,58,133,86,53,52"/><T89/><D123/><U125/><E68/><V111/><F116/><N who="1" m="44585" /><E92/><V84/><F4/><W103/><G133/><T135/><D135/><U73/><E73/><V50/><F46/><W31/><G40/><T29/><D129/><U32/><E108/><V38/><F111/><W115/><G115/><T51/><D74/><U19/><E100/><V0/><F130/><W57/><G7/><T59/><D11/><U45/><E45/><V81/><F0/><W56/><G3/><T36/><D35/><U15/><E106/><V70/><F99/><W120/><G120/><T94/><D94/><U127/><E30/><V23/><REACH who="2" step="1"/><F84/><REACH who="2" ten="250,250,240,250" step="2"/><W90/><G86/><T33/><D33/><AGARI ba="0,1" hai="2,5,10,15,19,21,32,33,125,126,127" m="44585" machi="33" ten="40,5200,0" yaku="18,1,34,2" doraHai="98" who="1" fromWho="0" sc="250,-52,250,62,240,0,250,0" /><INIT seed="1,0,0,2,5,43" ten="198,312,240,250" oya="1" hai0="19,69,88,0,111,119,86,68,126,34,9,46,93" hai1="5,118,16,20,41,64,35,40,103,27,77,44,39" hai2="90,92,107,11,95,47,99,30,60,97,120,89,21" hai3="15,63,18,8,72,109,50,28,29,115,78,125,48"/><U91/><E118/><V73/><F73/><W23/><G115/><T113/><D34/><U66/><E35/><V71/><F107/><W67/><G125/><T7/><D119/><U24/><E5/><V106/><F106/><W17/><G109/><T2/><D113/><U135/><E135/><V33/><F33/><W134/><G134/><T83/><D2/><U76/><E27/><V49/><F120/><W127/><G127/><T70/><D126/><U124/><E124/><V4/><F60/><W132/><G132/><T104/><D104/><U54/><E103/><V130/><F71/><W37/><G37/><T123/><D123/><U131/><E131/><V128/><F21/><W61/><G61/><T65/><D111/><U114/><E114/><V112/><F30/><W38/><G38/><T133/><D133/><U56/><E41/><V116/><F112/><W6/><G18/><T3/><D3/><U79/><REACH who="1" step="1"/><E91/><REACH who="1" ten="198,302,240,250" step="2"/><V42/><REACH who="2" step="1"/><F116/><REACH who="2" ten="198,302,230,250" step="2"/><W84/><G29/><T22/><D65/><U13/><E13/><AGARI ba="0,2" hai="4,11,13,42,47,49,89,90,92,95,97,99,128,130" machi="13" ten="40,12000,2" yaku="1,1,2,1,9,1,52,1,53,2" doraHai="43" doraHaiUra="87" who="2" fromWho="1" sc="198,0,302,-120,230,140,250,0" /><INIT seed="2,0,0,0,2,39" ten="198,182,370,250" oya="2" hai0="13,103,94,68,57,69,93,40,80,55,33,129,4" hai1="132,22,17,60,14,31,56,92,126,77,119,104,46" hai2="51,118,79,8,76,110,38,122,134,88,131,113,90" hai3="86,63,2,23,82,19,72,66,98,11,18,41,114"/><V43/><F38/><W49/><G98/><T74/><D33/><U52/><E119/><V117/><F113/><W32/><G32/><T27/><D129/><U106/><E132/><V83/><F122/><W105/><G105/><T61/><D74/><U75/><E126/><V102/><F134/><W124/><G72/><T34/><D80/><U54/><E31/><V10/><F131/><W115/><G124/><T87/><D34/><U20/><E20/><V100/><F110/><W107/><G107/><T26/><D103/><N who="2" m="39466" /><F118/><W35/><G35/><T73/><D73/><U109/><E109/><V7/><F7/><W58/><G2/><T30/><D87/><U123/><E123/><V16/><F117/><W120/><G11/><N who="2" m="4137" /><F16/><W135/><G135/><T9/><D68/><U29/><E29/><V99/><F83/><W78/><G120/><T0/><D69/><U42/><E54/><V121/><F121/><W5/><G5/><T64/><D0/><U84/><E75/><V50/><F50/><W97/><G19/><T28/><D64/><U59/><E59/><V1/><F1/><W81/><G81/><T62/><D62/><U12/><E12/><V95/><F90/><W36/><G36/><T116/><D116/><U127/><E127/><V133/><F133/><W130/><G130/><T125/><D125/><U96/><E96/><V53/><F53/><W65/><G97/><T6/><D6/><U48/><E77/><V101/><N who="2" m="39474" /><V37/><DORA hai="85" /><F37/><W67/><G114/><T89/><D89/><U91/><AGARI ba="0,0" hai="14,17,22,42,46,48,52,56,60,84,91,92,104,106" machi="91" ten="30,7900,0" yaku="0,1,52,2,54,1" doraHai="39,85" who="1" fromWho="1" sc="198,-20,182,79,370,-39,250,-20" /><INIT seed="3,0,0,4,4,110" ten="178,261,331,230" oya="3" hai0="15,128,16,30,12,54,8,80,3,109,125,38,63" hai1="108,104,61,56,23,60,130,67,131,44,121,106,111" hai2="41,86,11,129,46,94,85,105,26,115,9,71,65" hai3="36,76,13,1,50,32,28,42,79,114,92,35,70"/><W59/><G1/><T40/><D109/><N who="1" m="42059" /><E23/><V132/><F105/><W49/><G70/><T39/><D125/><U89/><E89/><V124/><F124/><W10/><G36/><T135/><D135/><U96/><E96/><V4/><F132/><W37/><G37/><T103/><D128/><N who="1" m="49195" /><E106/><V57/><F129/><W88/><G114/><T21/><D103/><U72/><E72/><V34/><F71/><W24/><G35/><T84/><D30/><U14/><E14/><V55/><F115/><W52/><G49/><T102/><D3/><U113/><E104/><V123/><F26/><W33/><G42/><T134/><D134/><U90/><E90/><V27/><F27/><W17/><REACH who="3" step="1"/><G33/><REACH who="3" ten="178,261,331,220" step="2"/><T53/><D39/><U120/><E113/><V66/><F34/><W58/><G58/><T107/><D38/><U43/><E61/><V98/><F41/><W91/><G91/><T31/><D40/><U68/><E68/><V64/><F57/><W7/><G7/><T101/><D107/><U77/><E77/><V82/><F4/><W20/><G20/><T18/><D31/><U112/><E112/><V51/><F51/><AGARI ba="0,1" hai="43,44,51,56,60,67,120,121" m="49195,42059" machi="51" ten="30,7700,0" yaku="14,1,19,1,34,2" doraHai="110" who="1" fromWho="2" sc="178,0,261,87,331,-77,220,0" owari="178,-32.0,348,45.0,254,5.0,220,-18.0" /></mjloggm>