<mjloggm ver="2.3"><GO type="97" lobby="0"/><UN n0="%E3%83%8D%E3%83%83%E3%83%88%E9%9B%80%E5%A3%AB" n1="%E3%82%86%E3%81%86%E3%81%93%E3%82%8A%E3%82%93" n2="%C2%B1%30" n3="%E3%82%A6%E3%83%AB%E3%83%88%E3%83%A9%E7%AB%8B%E7%9B%B4" dan="14,14,15,15" rate="1872.63,1944.00,2056.29,1943.84" sx="M,F,M,M"/><TAIKYOKU oya="0"/><INIT seed="0,0,0,1,1,44" ten="250,250,250,250" oya="0" hai0="130,101,54,53,75,64,41,43,40,122,113,108,2" hai1="84,68,128,37,50,87,123,6,80,27,119,73,110" hai2="38,79,131,91,65,93,98,103,78,16,117,70,19" hai3="47,71,24,116,11,135,14,86,115,48,0,132,46"/><T72/><D122/><U10/><E119/><V90/><F38/><W83/><G0/><T74/><D2/><U12/><E123/><V39/><F39/><W96/><G71/><T102/><D113/><U118/><E118/><V21/><F117/><W120/><G47/><T99/><D130/><U88/><E37/><V82/><F131/><W105/><G24/><T7/><D7/><U58/><E68/><V76/><F70/><W55/><G115/><T28/><D64/><U125/><E128/><V13/><F65/><W85/><G116/><T15/><D108/><U32/><E125/><V114/><F114/><W111/><G111/><T30/><D15/><U34/><E110/><V127/><F127/><W52/><G86/><T49/><D99/><U59/><E73/><V66/><F66/><W134/><G120/><T9/><D9/><U25/><E34/><V29/><F29/><N who="0" m="11370" /><D49/><U36/><E36/><V51/><F19/><N who="3" m="8671" /><G96/><T89/><D89/><N who="1" m="51335" /><E32/><V92/><F82/><W94/><G105/><T45/><D45/><U104/><E104/><V23/><F23/><W18/><G94/><T26/><D26/><N who="1" m="9739" /><E50/><V8/><F21/><W57/><G18/><T109/><D109/><U42/><E42/><V77/><N who="2" m="19968" /><DORA hai="56" /><V3/><F3/><W1/><G1/><T22/><D22/><U121/><E121/><V17/><F17/><W126/><G126/><T67/><D67/><U5/><E6/><V63/><F93/><AGARI ba="0,0" hai="5,10,12,58,59,87,88,93" m="9739,51335" machi="93" ten="30,2000,0" yaku="8,1,54,1" doraHai="44,56" who="1" fromWho="2" sc="250,0,250,20,250,-20,250,0" /><INIT seed="1,0,0,5,3,71" ten="250,270,230,250" oya="1" hai0="6,112,79,2,129,113,13,100,115,33,85,84,124" hai1="31,30,120,111,126,58,32,77,18,35,4,47,7" hai2="131,43,91,108,38,22,89,106,64,21,104,107,125" hai3="65,80,132,34,28,96,12,11,93,94,9,68,123"/><U75/><E120/><V122/><F122/><W51/><G123/><T46/><D2/><U83/><E126/><V86/><F125/><W57/><G68/><T74/><D124/><U127/><E127/><V72/><F72/><W114/><G28/><T117/><D117/><U15/><E35/><V52/><F64/><W3/><G34/><T135/><D33/><U41/><E111/><V76/><F76/><W29/><G29/><T8/><D135/><U69/><E69/><V134/><F134/><W39/><G93/><T0/><D129/><U24/><E31/><V14/><F108/><W101/><G80/><T92/><D0/><U44/><E58/><V81/><F131/><W70/><G70/><T78/><D46/><U54/><E54/><V56/><F91/><W55/><G65/><T128/><D128/><U50/><REACH who="1" step="1"/><E47/><REACH who="1" ten="250,260,230,250" step="2"/><V63/><REACH who="2" step="1"/><F14/><REACH who="2" ten="250,260,220,250" step="2"/><W66/><G12/><T67/><D13/><U118/><E118/><V27/><F27/><W25/><G25/><T73/><D113/><U109/><E109/><V61/><F61/><W116/><G116/><T10/><D112/><U90/><E90/><V49/><F49/><W119/><G51/><T130/><D115/><U26/><E26/><V53/><F53/><W20/><G55/><T59/><D130/><U98/><E98/><V62/><F62/><W97/><G97/><T133/><D133/><U88/><E88/><V45/><AGARI ba="0,2" hai="21,22,38,43,45,52,56,63,81,86,89,104,106,107" machi="45" ten="40,12000,2" yaku="1,1,0,1,52,1,54,1,53,2" doraHai="71" doraHaiUra="19" who="2" fromWho="2" sc="250,-30,260,-60,220,140,250,-30" /><INIT seed="2,0,0,5,5,49" ten="220,200,360,220" oya="2" hai0="58,110,87,32,30,9,43,106,122,133,70,39,53" hai1="91,34,98,50,55,108,40,94,23,117,125,10,5" hai2="0,37,52,76,4,67,86,100,29,63,99,31,7" hai3="113,2,96,130,107,92,1,66,80,14,116,57,84"/><V44/><F37/><W48/><G107/><T88/><D122/><U101/><E117/><V54/><F0/><W16/><G116/><T59/><D106/><U121/><E34/><V19/><F19/><W51/><G2/><T81/><D70/><U103/><E121/><V46/><F76/><N who="3" m="46087" /><G1/><T115/><D115/><U79/><E79/><V120/><F120/><W131/><G113/><T17/><D110/><U90/><E108/><V15/><F86/><W132/><G132/><T134/><D30/><N who="2" m="11274" /><F67/><W71/><G71/><T8/><D32/><U27/><E125/><V127/><F127/><W28/><G28/><T6/><D17/><N who="1" m="12783" /><E40/><V41/><F63/><N who="3" m="38255" /><G131/><T123/><D123/><U105/><E105/><V75/><F75/><W13/><G13/><T64/><D64/><U124/><E124/><V65/><F65/><W73/><G73/><T104/><D104/><U85/><E5/><N who="2" m="2123" /><F15/><W38/><G38/><T18/><D39/><U72/><E72/><V33/><F33/><W24/><G130/><T82/><D133/><U36/><E36/><V56/><F56/><W95/><G24/><T119/><D59/><N who="1" m="33271" /><E10/><V62/><F62/><W69/><G69/><T21/><D9/><U102/><E102/><V60/><F60/><W126/><G126/><T47/><D8/><U78/><E78/><V22/><F22/><N who="3" m="11543" /><G95/><AGARI ba="0,0" hai="85,90,91,94,95,98,101,103" m="33271,12783" machi="95" ten="30,2000,0" yaku="8,1,52,1" doraHai="49" who="1" fromWho="3" sc="220,0,200,20,360,0,220,-20" /><INIT seed="3,0,0,1,3,111" ten="220,220,360,200" oya="3" hai0="66,47,74,58,27,64,19,127,119,53,29,89,42" hai1="70,34,77,108,28,13,83,110,71,109,73,86,72" hai2="91,12,123,76,113,0,10,51,56,33,69,17,104" hai3="103,37,95,132,117,120,131,116,1,92,78,94,16"/><W55/><G1/><T65/><D119/><U8/><E70/><V24/><F69/><W36/><G120/><T68/><D68/><U25/><E71/><V125/><F104/><W41/><G103/><T59/><D74/><U60/><REACH who="1" step="1"/><E60/><REACH who="1" ten="220,210,360,200" step="2"/><V67/><F123/><W54/><G78/><T50/><D127/><U30/><E30/><V63/><F76/><W31/><G31/><T11/><D29/><U88/><E88/><V101/><F91/><W84/><G84/><T5/><D89/><U100/><E100/><V49/><F101/><W2/><G2/><T26/><D65/><U23/><E23/><V133/><F0/><W130/><G132/><T98/><D66/><U38/><E38/><N who="3" m="14954" /><G16/><AGARI ba="0,1" hai="8,13,16,25,28,34,72,73,77,83,86,108,109,110" machi="16" ten="40,12000,2" yaku="1,1,14,1,54,1,53,3" doraHai="111" doraHaiUra="121" who="1" fromWho="3" sc="220,0,210,130,360,0,200,-120" owari="220,-18.0,340,14.0,360,46.0,80,-42.0" /></mjloggm>