<mjloggm ver="2.3"><GO type="97" lobby="0"/><UN n0="%70%69%61%6E%69%63" n1="%E6%B3%95%E7%9A%87%E3%81%AE%E7%B7%91" n2="%E3%82%A6%E3%83%AB%E3%83%88%E3%83%A9%E7%AB%8B%E7%9B%B4" n3="%E2%80%A0%E3%83%9E%E3%83%9B%E3%81%9F%EF%BD%8E%E2%80%A0" dan="13,13,14,13" rate="1834.27,1837.29,1923.51,1896.84" sx="M,M,M,F"/><TAIKYOKU oya="0"/><INIT seed="0,0,0,0,1,80" ten="250,250,250,250" oya="0" hai0="4,48,0,73,15,66,108,129,98,63,112,16,53" hai1="54,61,14,29,28,1,77,43,126,21,27,39,11" hai2="101,5,115,85,110,32,42,9,3,96,91,22,117" hai3="76,68,100,59,18,93,94,132,8,30,2,104,37"/><T34/><D73/><U86/><E126/><V70/><F70/><W130/><G68/><T57/><D112/><U102/><E1/><V60/><F32/><W64/><G37/><T69/><D34/><U44/><E102/><V40/><F115/><W111/><G30/><T45/><D129/><U99/><E99/><V134/><F110/><W25/><G94/><T33/><D108/><U62/><E29/><V50/><F134/><W58/><G93/><T118/><D33/><U84/><E77/><V19/><F60/><W114/><G18/><T47/><D118/><U88/><E54/><V55/><F117/><W135/><G59/><T56/><D98/><U12/><E12/><V120/><F120/><W97/><G58/><T36/><D0/><U83/><REACH who="1" step="1"/><E86/><REACH who="1" ten="250,240,250,250" step="2"/><V78/><F78/><W71/><G97/><T131/><D131/><U74/><E74/><V103/><F103/><W123/><G76/><T81/><D81/><U109/><E109/><V133/><F101/><W89/><G100/><T51/><D36/><U92/><E92/><V35/><F96/><W52/><G111/><T79/><D79/><U82/><E82/><V125/><F125/><W90/><G135/><T46/><D4/><AGARI ba="0,1" hai="4,11,14,21,27,28,39,43,44,61,62,83,84,88" machi="4" ten="30,7700,0" yaku="1,1,7,1,52,1,54,1,53,0" doraHai="80" doraHaiUra="105" who="1" fromWho="0" sc="250,-77,240,87,250,0,250,0" /><INIT seed="1,0,0,2,2,47" ten="173,327,250,250" oya="1" hai0="20,94,66,121,100,76,119,63,129,10,78,11,31" hai1="135,118,104,34,126,35,16,39,57,58,70,55,26" hai2="62,97,88,61,33,110,101,133,25,79,75,116,24" hai3="18,46,27,90,69,115,40,86,19,122,98,14,114"/><U80/><E118/><V8/><F116/><W0/><G122/><T132/><D119/><U92/><E104/><V53/><F133/><W87/><G0/><T65/><D132/><U23/><E135/><V130/><F130/><W36/><G69/><T120/><D129/><U42/><E70/><V29/><F110/><W9/><G98/><N who="0" m="59479" /><D31/><U49/><E126/><V131/><F131/><W32/><G87/><T73/><D20/><U93/><E39/><V117/><F117/><W64/><G64/><N who="0" m="24683" /><D63/><U1/><E1/><V125/><F125/><W83/><REACH who="3" step="1"/><G19/><REACH who="3" ten="173,327,250,240" step="2"/><T6/><D73/><U2/><E2/><V43/><F97/><W106/><G106/><T59/><D120/><U96/><E42/><V21/><F43/><W48/><G48/><T85/><D121/><U81/><E35/><V30/><F75/><W102/><G102/><T71/><D6/><U67/><E34/><V127/><F101/><W54/><G54/><T41/><D71/><U51/><E93/><V12/><F127/><W15/><G15/><T84/><D41/><U13/><E13/><V112/><F53/><W95/><G95/><T72/><D72/><U4/><E4/><V99/><F99/><W44/><G44/><T17/><D85/><U38/><E38/><V89/><F33/><W56/><G56/><T124/><D59/><U109/><E109/><V7/><F12/><W123/><G123/><T74/><D17/><U105/><E105/><V22/><F7/><W45/><G45/><T60/><D74/><U82/><E58/><V5/><F5/><W107/><G107/><T111/><D124/><RYUUKYOKU ba="0,1" sc="173,-10,327,-10,250,-10,240,30" hai3="9,14,18,27,32,36,40,46,83,86,90,114,115" /><INIT seed="2,1,1,0,5,33" ten="163,317,240,270" oya="2" hai0="99,67,133,104,23,75,87,88,130,22,4,128,21" hai1="76,107,57,79,47,110,55,129,90,134,64,92,97" hai2="5,82,2,48,36,44,125,114,120,108,86,69,118" hai3="15,111,100,43,37,3,49,7,24,66,1,116,0"/><V31/><F120/><W98/><G116/><T32/><D75/><U93/><E110/><V105/><F118/><W72/><G72/><T25/><D67/><U35/><E134/><V26/><F114/><W102/><G37/><T126/><D133/><U95/><E129/><N who="0" m="49769" /><D126/><U127/><E127/><V83/><F125/><W16/><G111/><T85/><D4/><U38/><E35/><V123/><F123/><W77/><G77/><T60/><D60/><U27/><E27/><V91/><F108/><W39/><G39/><T54/><D54/><U14/><E64/><V46/><F69/><W50/><G66/><T11/><D11/><U109/><E109/><V81/><F105/><W34/><G7/><T135/><D135/><U65/><E65/><V12/><F36/><W115/><G115/><T112/><D112/><U101/><E38/><V80/><F48/><W56/><G43/><T124/><D124/><U117/><E117/><V78/><F78/><W18/><G102/><N who="0" m="62559" /><D32/><U41/><E14/><V71/><F71/><W131/><G131/><T89/><D25/><U84/><E41/><V74/><F12/><W121/><G121/><T106/><D106/><U94/><E47/><V52/><F52/><W122/><G122/><T58/><D58/><U68/><E68/><V8/><REACH who="2" step="1"/><F74/><REACH who="2" ten="163,317,230,270" step="2"/><W20/><G15/><T9/><D9/><U40/><E40/><V28/><F28/><W61/><G50/><T59/><D59/><U70/><E107/><V51/><F51/><W113/><G49/><T63/><D63/><U96/><E70/><V29/><F29/><W42/><G113/><RYUUKYOKU ba="1,2" sc="163,15,317,-15,230,15,270,-15" hai0="21,22,23,85,87,88,89" hai2="2,5,8,26,31,44,46,80,81,82,83,86,91" /><INIT seed="2,2,2,4,1,93" ten="178,302,245,255" oya="2" hai0="57,61,37,132,72,12,47,48,44,8,34,24,128" hai1="133,32,17,95,124,92,15,45,75,25,87,131,6" hai2="56,64,33,63,35,121,38,13,65,22,69,129,78" hai3="71,1,130,96,122,28,84,105,46,99,91,9,49"/><V52/><F121/><W80/><G71/><T134/><D72/><U101/><E124/><V90/><F38/><W76/><G122/><T118/><D118/><U31/><E133/><N who="0" m="51305" /><D128/><U4/><E131/><V27/><F129/><W81/><G130/><T20/><D34/><U107/><E75/><V116/><F116/><W106/><G28/><N who="0" m="17415" /><D37/><U55/><E55/><V36/><F36/><W97/><G1/><T119/><D48/><U3/><E3/><V83/><F90/><W59/><G9/><T51/><D51/><U66/><E107/><V102/><F102/><W67/><G67/><N who="0" m="39343" /><D119/><U30/><E30/><V70/><F33/><W135/><G135/><T100/><D100/><U103/><E66/><V115/><F115/><W110/><G110/><T41/><D41/><U60/><E60/><V29/><F69/><W86/><REACH who="3" step="1"/><G59/><REACH who="3" ten="178,302,245,245" step="2"/><T74/><D74/><U14/><E14/><V7/><F70/><W89/><G89/><T19/><AGARI ba="2,3" hai="8,12,19,44,47" m="39343,17415,51305" machi="19" ten="30,1100,0" yaku="20,1" doraHai="93" who="0" fromWho="0" sc="178,47,302,-5,245,-7,245,-5" /><INIT seed="3,0,0,2,4,63" ten="225,297,238,240" oya="3" hai0="40,69,82,6,92,106,51,111,101,131,59,100,117" hai1="93,76,80,48,18,60,129,43,105,119,72,120,17" hai2="29,68,122,56,5,44,99,73,85,11,98,20,36" hai3="13,38,90,112,115,130,124,4,58,49,75,61,12"/><W54/><G38/><T10/><D117/><U1/><E1/><V128/><F73/><W91/><G75/><T95/><D69/><U70/><E120/><V88/><F68/><W57/><G130/><T107/><D131/><U9/><E119/><V127/><F122/><W116/><G116/><T123/><D123/><U50/><E50/><V66/><F127/><W133/><G124/><T103/><D111/><U96/><E129/><V97/><F128/><W135/><G112/><T132/><D132/><N who="3" m="50761" /><G115/><T87/><D59/><U118/><E118/><V37/><F20/><W25/><G25/><T42/><D107/><U84/><E84/><V24/><F24/><W39/><G39/><T15/><D106/><U78/><E78/><V41/><F29/><W104/><G104/><T114/><D114/><U109/><E105/><V52/><F37/><W65/><G4/><T77/><D42/><U113/><E113/><V23/><F23/><W53/><G53/><T22/><D22/><U35/><E35/><V31/><F31/><W28/><G28/><T46/><AGARI ba="0,0" hai="6,10,15,40,46,51,77,82,87,92,95,100,101,103" machi="46" ten="30,7900,0" yaku="0,1,25,2,8,1" doraHai="63" who="0" fromWho="0" sc="225,79,297,-20,238,-20,240,-39" owari="304,40.0,277,8.0,218,-18.0,201,-30.0" /></mjloggm>