<mjloggm ver="2.3"><GO type="97" lobby="0"/><UN n0="%6A%6F%6D%61%6D%61" n1="%E3%81%82%E3%81%95%E3%81%98%E3%82%93" n2="%E3%82%A6%E3%83%AB%E3%83%88%E3%83%A9%E7%AB%8B%E7%9B%B4" n3="%E4%B8%83%E8%89%B2%E3%81%8A%E3%81%8A%E3%81%8B%E3%81%BF" dan="14,13,15,14" rate="1881.59,1842.72,1996.10,1951.35" sx="M,M,M,M"/><TAIKYOKU oya="0"/><INIT seed="0,0,0,5,3,62" ten="250,250,250,250" oya="0" hai0="80,124,71,47,58,15,19,115,7,9,0,102,42" hai1="116,131,75,109,36,126,45,2,17,104,48,29,125" hai2="34,10,6,12,31,27,81,59,66,112,88,13,63" hai3="56,50,101,103,95,22,57,51,117,123,28,121,118"/><T18/><D115/><U92/><E75/><V30/><F112/><W26/><G95/><T60/><D71/><U99/><E116/><V110/><F110/><W84/><G84/><T46/><D102/><N who="3" m="38921" /><G50/><T132/><D132/><U94/><E36/><V97/><F31/><W38/><G38/><T1/><D124/><N who="1" m="47723" /><E109/><V93/><REACH who="2" step="1"/><F81/><REACH who="2" ten="250,250,240,250" step="2"/><W68/><G123/><T24/><D80/><U76/><E29/><V127/><F127/><W107/><G121/><T5/><D0/><AGARI ba="0,1" hai="0,6,10,12,13,27,30,34,59,63,66,88,93,97" machi="0" ten="30,7700,0" yaku="1,1,7,1,52,1,54,1,53,0" doraHai="62" doraHaiUra="82" who="2" fromWho="0" sc="250,-77,250,0,240,87,250,0" /><INIT seed="1,0,0,1,3,63" ten="173,250,327,250" oya="1" hai0="28,56,15,48,35,38,109,91,105,47,12,51,34" hai1="100,58,103,18,102,68,69,122,80,8,4,31,96" hai2="40,45,59,84,98,52,6,124,121,123,110,95,92" hai3="11,133,97,90,125,50,83,21,76,66,44,3,127"/><U108/><E122/><V39/><F124/><W22/><G133/><T120/><D120/><U70/><E31/><V53/><F53/><W43/><G97/><T94/><D109/><U16/><E80/><V93/><F110/><W126/><G90/><T1/><D105/><U86/><E108/><V62/><F6/><W17/><G66/><T57/><D1/><U104/><E86/><V54/><F98/><W41/><G41/><T115/><D115/><U10/><E58/><V27/><F84/><W9/><G3/><T19/><D12/><U26/><E26/><V67/><F27/><W14/><REACH who="3" step="1"/><G11/><REACH who="3" ten="173,250,327,240" step="2"/><T128/><D38/><U101/><REACH who="1" step="1"/><E8/><REACH who="1" ten="173,240,327,240" step="2"/><V79/><F121/><W113/><G113/><T42/><D128/><U75/><E75/><AGARI ba="0,2" hai="9,14,17,21,22,43,44,50,75,76,83,125,126,127" machi="75" ten="40,5200,0" yaku="1,1,18,1,53,1" doraHai="63" doraHaiUra="5" who="3" fromWho="1" sc="173,0,240,-52,327,0,240,72" /><INIT seed="2,0,0,5,3,74" ten="173,188,327,312" oya="2" hai0="52,78,59,100,13,89,134,14,50,82,34,25,7" hai1="71,24,40,51,123,117,30,38,36,41,81,110,20" hai2="120,97,0,116,28,102,31,129,1,65,131,16,119" hai3="72,29,106,87,54,111,68,91,108,88,9,94,92"/><V103/><F65/><W118/><G118/><T26/><D100/><N who="2" m="38442" /><F97/><N who="3" m="57479" /><G72/><T124/><D124/><U47/><E117/><N who="2" m="45131" /><F120/><W27/><G106/><T105/><D105/><U42/><E71/><V22/><F22/><W67/><G67/><T85/><D134/><U33/><E123/><V114/><F114/><W90/><G90/><T6/><D34/><U21/><E110/><N who="3" m="42026" /><G68/><T107/><D107/><U69/><E69/><V15/><F15/><N who="0" m="5642" /><D89/><U62/><E62/><V5/><F5/><AGARI ba="0,0" hai="5,6,7,25,26,50,52,59,78,82,85" m="5642" machi="5" ten="30,3900,0" yaku="8,1,52,1,54,1" doraHai="74" who="0" fromWho="2" sc="173,39,188,0,327,-39,312,0" /><INIT seed="3,0,0,5,5,8" ten="212,188,288,312" oya="3" hai0="102,31,95,90,10,71,2,82,61,35,36,39,59" hai1="30,81,106,60,86,48,27,98,54,38,5,32,70" hai2="116,58,109,80,53,44,16,41,62,129,130,55,66" hai3="11,119,117,101,9,7,127,91,126,112,6,76,75"/><W87/><G112/><T43/><D71/><U12/><E38/><N who="2" m="21559" /><F80/><N who="3" m="45087" /><G101/><T122/><D122/><U26/><E70/><V50/><F16/><W63/><G63/><T134/><D134/><U121/><E121/><V20/><F20/><W85/><G85/><T93/><D31/><U25/><E60/><V73/><F73/><W131/><G131/><N who="2" m="50185" /><F116/><W29/><G29/><T104/><D35/><U96/><E106/><V118/><F118/><W100/><G100/><T13/><D102/><U45/><E5/><V110/><F55/><W14/><G7/><T92/><D104/><U77/><REACH who="1" step="1"/><E12/><REACH who="1" ten="212,178,288,312" step="2"/><V94/><F94/><W19/><G6/><T33/><D2/><U89/><E89/><V49/><F49/><W97/><G91/><T88/><D90/><U124/><E124/><V120/><F120/><W21/><G117/><T99/><D93/><U115/><E115/><V37/><F37/><W18/><G119/><T132/><D36/><U133/><E133/><V52/><F53/><W125/><G127/><T74/><D132/><U3/><E3/><V103/><F103/><W28/><G126/><T113/><D95/><U46/><E46/><AGARI ba="0,1" hai="46,50,52,58,62,66,109,110" m="50185,21559" machi="46" ten="30,7700,0" yaku="19,1,34,2,54,1" doraHai="8" who="2" fromWho="1" sc="212,0,178,-77,288,87,312,0" owari="212,-19.0,101,-40.0,375,48.0,312,11.0" /></mjloggm>