<mjloggm ver="2.3"><GO type="97" lobby="0"/><UN n0="%E3%82%A6%E3%83%AB%E3%83%88%E3%83%A9%E7%AB%8B%E7%9B%B4" n1="%73%68%73%72" n2="%E3%81%97%E3%82%85%E3%82%8B" n3="%70%6F%72%6E%6F" dan="15,14,13,13" rate="1984.87,1947.27,1870.52,1894.56" sx="M,M,M,M"/><TAIKYOKU oya="0"/><INIT seed="0,0,0,0,2,55" ten="250,250,250,250" oya="0" hai0="63,8,71,4,124,134,59,47,7,91,109,106,3" hai1="29,119,13,70,116,118,61,15,14,37,31,97,40" hai2="19,11,23,54,125,111,128,78,114,127,87,5,84" hai3="58,62,12,0,34,43,81,24,93,83,96,102,132"/><T56/><D106/><U60/><E70/><V57/><F114/><W33/><G0/><T53/><D124/><N who="2" m="47690" /><F128/><W21/><G43/><T32/><D32/><U22/><E97/><V86/><F111/><W90/><G132/><T74/><D74/><U104/><E104/><V112/><F112/><W16/><G34/><T50/><D134/><U122/><E122/><V27/><F78/><W28/><REACH who="3" step="1"/><G102/><REACH who="3" ten="250,250,250,240" step="2"/><T66/><D109/><U10/><E40/><V88/><F5/><W9/><G9/><T72/><D7/><U41/><E41/><V117/><F11/><W92/><G92/><T35/><D35/><U44/><E10/><V76/><F117/><W107/><G107/><T79/><REACH who="0" step="1"/><D91/><REACH who="0" ten="240,250,250,240" step="2"/><U25/><E119/><V131/><F131/><W64/><AGARI ba="0,2" hai="12,16,21,24,28,33,58,62,64,81,83,90,93,96" machi="64" ten="20,8000,1" yaku="1,1,0,1,7,1,52,1,54,1,53,0" doraHai="55" doraHaiUra="75" who="3" fromWho="3" sc="240,-40,250,-20,250,-20,240,100" /><INIT seed="1,0,0,0,0,81" ten="200,230,230,340" oya="1" hai0="27,82,55,25,21,58,15,49,133,36,93,110,92" hai1="128,47,126,45,32,60,86,10,88,57,39,66,108" hai2="13,74,134,120,115,125,12,135,53,11,85,42,124" hai3="41,104,3,117,122,64,121,4,44,73,114,52,71"/><U35/><E128/><V1/><F74/><W87/><G73/><T2/><D36/><U40/><E126/><N who="2" m="48747" /><F120/><W70/><G104/><T109/><D2/><U43/><E108/><N who="0" m="41577" /><D133/><N who="2" m="50698" /><F42/><W91/><G114/><T0/><D0/><U20/><E20/><V129/><F53/><W95/><G117/><T28/><D15/><U48/><REACH who="1" step="1"/><E10/><REACH who="1" ten="200,220,230,340" step="2"/><V5/><F115/><W89/><G122/><T80/><D27/><U83/><AGARI ba="0,1" hai="32,35,39,40,43,45,47,48,57,60,66,83,86,88" machi="83" ten="20,18000,2" yaku="1,1,2,1,0,1,7,1,52,1,54,1,53,0" doraHai="81" doraHaiUra="131" who="1" fromWho="1" sc="200,-60,220,190,230,-60,340,-60" /><INIT seed="1,1,0,4,0,61" ten="140,410,170,280" oya="1" hai0="19,27,116,86,71,64,123,5,32,14,78,53,83" hai1="133,24,45,96,106,124,21,9,48,69,109,91,47" hai2="54,129,112,66,121,22,114,113,101,90,6,62,28" hai3="88,41,82,52,39,16,30,84,118,36,128,2,12"/><U77/><E133/><V97/><F6/><W117/><G2/><T130/><D116/><U74/><E124/><V37/><F37/><W104/><G104/><T108/><D123/><U120/><E69/><V72/><F72/><W7/><G7/><T13/><D130/><U68/><E120/><V40/><F40/><W1/><G1/><T59/><D108/><U76/><E68/><V111/><F121/><W105/><G30/><T35/><D35/><U132/><E132/><V73/><F73/><W17/><G105/><T43/><D43/><U49/><E109/><V4/><F4/><W50/><G128/><T94/><D94/><N who="1" m="56415" /><E106/><V134/><F134/><W57/><G41/><T126/><D126/><U51/><E74/><V75/><F75/><W55/><G55/><T31/><D5/><U65/><E9/><V87/><F111/><W99/><G99/><T10/><D14/><U29/><E65/><V42/><F42/><W3/><G3/><T127/><D127/><U115/><E115/><V25/><F129/><W60/><G60/><T20/><D71/><U102/><E102/><V80/><F54/><W85/><G85/><T26/><D26/><U103/><E103/><V18/><F97/><W0/><G0/><T23/><REACH who="0" step="1"/><D64/><REACH who="0" ten="130,410,170,280" step="2"/><U81/><E81/><V70/><F101/><W46/><G12/><T11/><D11/><U110/><E110/><V67/><F67/><W125/><G125/><T58/><D58/><U135/><E135/><V44/><F44/><AGARI ba="1,1" hai="21,24,29,44,45,47,48,49,51,76,77" m="56415" machi="44" ten="30,1500,0" yaku="8,1" doraHai="61" who="1" fromWho="2" sc="130,0,410,28,170,-18,280,0" /><INIT seed="1,2,0,3,3,123" ten="130,438,152,280" oya="1" hai0="57,116,27,29,71,93,13,31,115,36,94,18,95" hai1="129,119,34,86,4,91,8,3,14,23,73,21,20" hai2="112,24,54,68,37,67,110,126,32,125,51,28,98" hai3="113,19,99,26,108,124,85,96,87,114,134,40,15"/><U56/><E119/><V0/><F112/><W66/><G66/><T75/><D71/><U58/><E73/><V33/><F0/><W107/><G40/><T97/><D36/><U25/><E129/><V81/><F37/><W133/><G26/><T5/><D115/><N who="3" m="44041" /><G19/><T22/><D75/><U132/><E132/><N who="3" m="50794" /><G15/><T52/><D116/><U46/><E46/><V127/><F81/><W117/><G117/><T88/><D5/><U131/><E131/><V12/><F33/><W79/><G124/><T62/><REACH who="0" step="1"/><D29/><REACH who="0" ten="120,438,152,280" step="2"/><U64/><E4/><V102/><F68/><W128/><G128/><T47/><D47/><U109/><E109/><V72/><F72/><W60/><G108/><T35/><AGARI ba="2,1" hai="13,18,22,27,31,35,52,57,62,88,93,94,95,97" machi="35" ten="20,8000,1" yaku="1,1,0,1,7,1,54,2,53,0" doraHai="123" doraHaiUra="77" who="0" fromWho="0" sc="120,96,438,-42,152,-22,280,-22" /><INIT seed="2,0,0,2,4,116" ten="216,396,130,258" oya="2" hai0="43,70,133,110,35,16,111,128,59,77,73,37,114" hai1="91,67,68,124,121,75,38,95,2,126,99,3,81" hai2="10,1,9,123,66,6,98,58,11,54,32,17,27" hai3="134,119,85,96,125,94,104,89,49,13,80,4,127"/><V22/><F123/><W105/><G49/><T115/><D35/><U63/><E38/><V47/><F32/><W118/><G13/><T50/><D77/><N who="1" m="44223" /><E121/><V82/><F66/><W8/><G8/><T18/><D73/><U71/><E71/><V41/><F82/><W60/><G60/><T132/><D70/><U74/><E74/><V29/><F98/><W23/><G23/><T102/><D102/><U42/><E42/><V7/><F1/><W103/><G4/><T24/><D24/><U40/><E40/><V76/><F76/><W117/><G134/><N who="0" m="51819" /><D37/><U61/><E61/><V20/><F47/><W107/><AGARI ba="0,0" hai="80,85,89,94,96,103,104,105,107,117,118,119,125,127" machi="107" ten="40,8000,1" yaku="0,1,34,3" doraHai="116" who="3" fromWho="3" sc="216,-20,396,-20,130,-40,258,80" /><INIT seed="3,0,0,0,3,39" ten="196,376,90,338" oya="3" hai0="76,75,27,89,0,52,68,3,12,106,79,108,70" hai1="95,50,44,56,9,24,127,20,26,98,60,11,109" hai2="54,16,90,124,49,63,80,42,132,28,55,111,100" hai3="15,23,72,119,83,126,66,121,47,99,131,33,18"/><W130/><G33/><T14/><D27/><U123/><E123/><V77/><F111/><W31/><G121/><T71/><D106/><U57/><E109/><V32/><F32/><W35/><G119/><T114/><D108/><U69/><E127/><V112/><F112/><W82/><G66/><T34/><D34/><U7/><E69/><V17/><F28/><W41/><G126/><T22/><D22/><U134/><E134/><V105/><F132/><W122/><G122/><T93/><D93/><U73/><E73/><V133/><F133/><W6/><G99/><T92/><D92/><U59/><E60/><V25/><F124/><W51/><G6/><T117/><D75/><U67/><E67/><V45/><F90/><W19/><G19/><T96/><D96/><U5/><E26/><V38/><F105/><W53/><G72/><T81/><D81/><U94/><E94/><V61/><F100/><W107/><G107/><T135/><D89/><N who="1" m="55663" /><E11/><V30/><F55/><W37/><G31/><T10/><D10/><U58/><N who="1" m="14336" /><DORA hai="13" /><U85/><E9/><V4/><F4/><W116/><G35/><T43/><D71/><U40/><E85/><N who="2" m="48271" /><F38/><W86/><G83/><T110/><D135/><U118/><E118/><V128/><F128/><N who="3" m="49195" /><G116/><T113/><D110/><U48/><E48/><V84/><F84/><W2/><G2/><T21/><D117/><U62/><E62/><N who="2" m="23563" /><F54/><W104/><G104/><T88/><D52/><U64/><E64/><V103/><F103/><W102/><G102/><T46/><D113/><U36/><E36/><V125/><F125/><W78/><G37/><RYUUKYOKU ba="0,0" sc="196,-30,376,10,90,10,338,10" hai1="5,7,20,24,40,44,50" hai2="16,17,25,30,42,45,49" hai3="15,18,23,41,47,51,53,78,82,86" /><INIT seed="3,1,0,1,3,87" ten="166,386,100,348" oya="3" hai0="31,126,4,19,14,44,59,135,67,72,122,133,45" hai1="103,107,35,15,8,76,65,108,132,39,64,130,48" hai2="62,115,102,58,46,47,96,124,99,118,22,3,121" hai3="123,117,40,61,27,73,77,125,93,43,34,13,51"/><W20/><G123/><T97/><D72/><U111/><E39/><V120/><F3/><W112/><G117/><T88/><D122/><U92/><E35/><V98/><F22/><W94/><G112/><T10/><D31/><U18/><E107/><V82/><F118/><W32/><G125/><T41/><D126/><U21/><E132/><N who="0" m="50761" /><D41/><U128/><E76/><V89/><F115/><W71/><G13/><T134/><N who="0" m="50769" /><T129/><DORA hai="101" /><D129/><N who="1" m="49771" /><E48/><V114/><F114/><W52/><G34/><T81/><D67/><N who="1" m="25675" /><E8/><V25/><F121/><W79/><G32/><T113/><D59/><U54/><E54/><V55/><F120/><W28/><G61/><T90/><D113/><U0/><E0/><V91/><F124/><W7/><G7/><T110/><D110/><N who="1" m="42027" /><E103/><V109/><F109/><W106/><G106/><T5/><D5/><U37/><E37/><V119/><F119/><W29/><G71/><T11/><D45/><N who="2" m="16906" /><F82/><W74/><G29/><T100/><D81/><U24/><E92/><N who="3" m="35434" /><G74/><T49/><D49/><U63/><E63/><V131/><F131/><W83/><G83/><T56/><D56/><U33/><E33/><V78/><F102/><W23/><G23/><T38/><D44/><U2/><E2/><V66/><F78/><N who="3" m="29707" /><G73/><T86/><D38/><U60/><E60/><V116/><F116/><W53/><G53/><T104/><D86/><U69/><E69/><V17/><F66/><W50/><G50/><T95/><D104/><U85/><E85/><V70/><F70/><W36/><G36/><T84/><D84/><U9/><E9/><V6/><F6/><RYUUKYOKU ba="1,0" sc="166,0,386,0,100,0,348,0" hai0="4,10,11,14,19,88,90,95,97,100" hai1="15,18,21,24" hai2="17,25,55,58,62,89,91,96,98,99" hai3="20,27,28,40,43,51,52" /><INIT seed="3,2,0,2,3,90" ten="166,386,100,348" oya="3" hai0="77,112,125,40,130,105,111,27,101,94,88,56,99" hai1="82,9,123,72,87,74,44,91,54,78,103,42,115" hai2="68,51,120,1,41,64,49,45,33,2,67,47,98" hai3="22,36,69,106,20,5,3,124,113,119,107,24,122"/><W100/><G122/><T31/><D112/><U81/><E123/><V50/><F33/><W135/><G113/><T134/><D125/><U92/><E115/><V60/><F2/><W83/><G119/><T89/><D130/><U8/><E54/><V48/><F120/><W26/><G69/><T28/><D134/><U12/><E103/><V25/><F1/><W6/><G36/><T37/><D111/><U59/><E59/><V79/><F79/><W75/><G124/><T23/><D77/><U29/><E29/><V108/><F25/><W109/><G135/><T35/><D40/><U10/><E74/><V46/><F98/><W34/><G34/><T86/><D37/><U7/><REACH who="1" step="1"/><E81/><REACH who="1" ten="166,376,100,348" step="2"/><V102/><F108/><W80/><G109/><T104/><D31/><U93/><E93/><V73/><F102/><W65/><G100/><T16/><D101/><U55/><E55/><N who="2" m="30095" /><F73/><W128/><G75/><T96/><D56/><U57/><E57/><N who="2" m="36879" /><F41/><W126/><G126/><T0/><D105/><U114/><E114/><V61/><AGARI ba="2,1" hai="46,47,49,50,51,61,67,68" m="36879,30095" machi="61" ten="30,8000,1" yaku="35,5" doraHai="90" who="2" fromWho="2" sc="166,-22,376,-22,100,96,348,-42" owari="144,-36.0,354,45.0,196,-20.0,306,11.0" /></mjloggm>