<mjloggm ver="2.3"><GO type="41" lobby="0"/><UN n0="%E7%A5%9E%E5%9F%9F%E3%81%AE%E6%89%8B%E6%B7%AB%E4%BC%9D%E8%AA%AC" n1="%E6%9F%93%E4%BA%94%E9%83%8E" n2="%41%72%63%61%64%65" n3="%E3%82%A6%E3%83%AB%E3%83%88%E3%83%A9%E7%AB%8B%E7%9B%B4" dan="15,14,15,16" rate="1991.72,1894.61,2000.32,2048.09" sx="M,M,M,M"/><TAIKYOKU oya="0"/><INIT seed="0,0,0,1,4,85" ten="250,250,250,250" oya="0" hai0="107,80,54,121,123,63,119,29,6,104,5,94,132" hai1="76,61,101,53,95,0,125,126,56,74,91,105,43" hai2="96,49,106,82,18,120,12,41,36,4,37,59,70" hai3="100,57,97,31,115,48,111,81,77,86,30,79,65"/><T112/><D119/><U92/><E0/><V87/><F70/><W102/><G115/><T1/><D112/><U58/><E43/><V34/><F34/><W11/><G111/><T88/><D132/><U25/><E74/><V99/><F120/><W78/><G11/><T40/><D40/><U75/><E75/><V3/><F3/><W73/><G73/><T13/><D80/><U133/><E133/><V103/><F96/><W84/><G65/><T44/><D29/><U89/><E76/><N who="2" m="46535" /><F59/><W109/><G109/><T27/><D27/><U108/><E108/><V38/><F18/><W46/><G57/><T130/><D130/><U60/><E25/><V50/><F50/><W35/><G35/><T22/><D22/><U83/><E83/><V134/><F38/><W21/><G84/><N who="0" m="52487" /><D1/><U32/><E32/><V72/><F72/><W69/><G69/><T122/><D104/><U51/><E51/><V28/><F28/><W131/><G131/><T15/><D107/><U68/><E105/><V45/><F134/><W42/><G21/><T20/><D20/><U47/><E68/><V17/><F17/><W90/><REACH who="3" step="1"/><G102/><REACH who="3" ten="250,250,250,240" step="2"/><T117/><D122/><U10/><E10/><AGARI ba="0,1" hai="4,10,12,36,37,41,45,49,99,103,106" m="46535" machi="10" ten="30,1000,0" yaku="25,1" doraHai="85" who="2" fromWho="1" sc="250,0,250,-10,250,20,240,0" /><INIT seed="1,0,0,3,2,60" ten="250,240,270,240" oya="1" hai0="97,36,104,108,64,69,43,133,92,11,132,10,33" hai1="113,78,42,109,72,103,98,84,89,115,100,110,12" hai2="7,55,54,62,73,120,128,16,74,2,134,125,90" hai3="96,14,13,83,35,18,26,6,112,127,135,31,107"/><U102/><E42/><V58/><F120/><W3/><G112/><T53/><D33/><U88/><E12/><V51/><F128/><W124/><G96/><T23/><D104/><U118/><E118/><V32/><F32/><W20/><G107/><T44/><D108/><N who="1" m="41579" /><E98/><V0/><F134/><N who="0" m="51818" /><D23/><U5/><E5/><V34/><F34/><W30/><G83/><T77/><D77/><U63/><E63/><V48/><F125/><W106/><G106/><T47/><D47/><U126/><E126/><N who="3" m="48170" /><G135/><T1/><D53/><U68/><E68/><V80/><F7/><W38/><G38/><T22/><D22/><U129/><E129/><V45/><F62/><W17/><G31/><T46/><D46/><U49/><E49/><V111/><F111/><W67/><G6/><T121/><D121/><U28/><E28/><V86/><F16/><N who="3" m="10255" /><G3/><T24/><D1/><U66/><E66/><V93/><F2/><W117/><G117/><T119/><D64/><U9/><E9/><V116/><F0/><W57/><G14/><T81/><D119/><U52/><E52/><V61/><F116/><W75/><G67/><T50/><D81/><N who="1" m="45255" /><E89/><V71/><F51/><W21/><G57/><T56/><D50/><U123/><E123/><V122/><F122/><W25/><G75/><N who="2" m="28681" /><F71/><W19/><AGARI ba="0,0" hai="17,18,19,21,25,26,30,35" m="10255,48170" machi="19" ten="30,7900,0" yaku="18,1,34,2,54,1" doraHai="60" who="3" fromWho="3" sc="250,-20,240,-39,270,-20,240,79" /><INIT seed="2,0,0,1,5,132" ten="230,201,250,319" oya="2" hai0="3,69,27,20,76,95,36,97,1,107,56,28,32" hai1="10,12,113,70,11,92,77,86,26,37,127,83,90" hai2="8,33,4,41,116,30,110,85,45,50,104,115,67" hai3="99,21,78,49,38,29,48,44,114,119,14,73,129"/><V5/><F115/><W60/><G119/><T75/><D36/><U22/><E113/><V66/><F116/><W109/><G114/><T120/><D120/><U0/><E70/><V131/><F104/><W94/><G129/><T52/><D69/><U80/><E37/><V55/><F131/><W111/><G38/><T23/><D107/><U15/><E0/><V122/><F122/><W17/><G29/><T54/><D54/><U133/><E133/><V61/><F110/><W118/><G118/><T9/><D76/><U128/><E128/><V102/><F102/><W130/><G130/><T105/><D75/><U82/><E77/><V72/><F72/><W34/><G34/><T125/><D105/><U106/><E106/><V2/><F5/><W51/><G60/><T24/><D125/><U112/><E127/><V62/><F85/><W57/><G57/><T126/><D126/><U74/><E74/><V98/><F98/><W19/><G19/><T64/><D64/><N who="2" m="24618" /><F55/><W68/><G78/><T7/><D1/><U108/><E108/><N who="3" m="41546" /><G73/><T39/><D39/><U135/><E135/><V42/><F42/><N who="3" m="24599" /><G68/><T103/><REACH who="0" step="1"/><D27/><REACH who="0" ten="220,201,250,319" step="2"/><U13/><REACH who="1" step="1"/><E112/><REACH who="1" ten="220,191,250,319" step="2"/><V87/><F2/><W71/><G71/><T46/><D46/><U91/><E91/><AGARI ba="0,2" hai="14,17,21,49,51,91,94,99" m="24599,41546" machi="91" ten="30,1000,0" yaku="14,1" doraHai="132" who="3" fromWho="1" sc="220,0,191,-10,250,0,319,30" /><INIT seed="3,0,0,3,3,80" ten="220,181,250,349" oya="3" hai0="29,23,76,71,59,35,9,119,73,98,49,87,30" hai1="91,50,105,42,120,10,84,34,37,92,8,56,85" hai2="130,127,39,3,22,109,0,101,5,32,53,74,90" hai3="81,113,28,135,77,111,26,99,31,132,61,36,125"/><W133/><G36/><T123/><D73/><U68/><E34/><V6/><F39/><W96/><G113/><T115/><D123/><U116/><E68/><V126/><F74/><W60/><G125/><N who="2" m="47625" /><F101/><W129/><G129/><T40/><D119/><U107/><E120/><V94/><F32/><W43/><G43/><T97/><D71/><U67/><E37/><V124/><F109/><W57/><G111/><T14/><D35/><U134/><E116/><V21/><F130/><W106/><G60/><T20/><D115/><U41/><E134/><V110/><F110/><W48/><G48/><T118/><D118/><U95/><E50/><V58/><F21/><N who="0" m="8266" /><D29/><U93/><E93/><V102/><F22/><W15/><G15/><T64/><D30/><N who="3" m="11305" /><G26/><T66/><D40/><U55/><E67/><N who="0" m="25641" /><D59/><U79/><E56/><V38/><F38/><W19/><G106/><T62/><D62/><U2/><E2/><N who="2" m="555" /><F124/><W121/><G121/><T83/><D49/><U89/><E55/><V18/><F53/><W7/><G57/><T69/><D69/><U13/><E13/><V122/><F58/><W72/><G61/><T54/><D54/><U4/><E4/><AGARI ba="0,0" hai="4,9,14,76,83,87,97,98" m="25641,8266" machi="4" ten="30,2000,0" yaku="8,1,52,1" doraHai="80" who="0" fromWho="1" sc="220,20,181,-20,250,0,349,0" /><INIT seed="4,0,0,0,5,75" ten="240,161,250,349" oya="0" hai0="52,131,33,108,5,48,77,110,124,73,42,20,45" hai1="92,47,63,96,121,134,51,129,53,19,103,38,46" hai2="10,9,123,88,91,82,89,130,128,66,79,113,36" hai3="81,68,30,2,87,67,0,49,93,83,132,24,3"/><T4/><D33/><U97/><E121/><V41/><F123/><W99/><G132/><T117/><D117/><U114/><E134/><V34/><F34/><W111/><G111/><N who="0" m="42539" /><D131/><N who="2" m="50218" /><F66/><W7/><G83/><N who="0" m="45487" /><D124/><U58/><E129/><V101/><F101/><W135/><G135/><T105/><D105/><U116/><E116/><V44/><F113/><W60/><G49/><N who="0" m="26807" /><D20/><U127/><E127/><V55/><F55/><W25/><G7/><T102/><D102/><U84/><E114/><V86/><AGARI ba="0,0" hai="9,10,36,41,44,79,82,86,88,89,91" m="50218" machi="86" ten="30,4000,0" yaku="19,1,52,1,54,1" doraHai="75" who="2" fromWho="2" sc="240,-20,161,-10,250,40,349,-10" /><INIT seed="5,0,0,2,0,71" ten="220,151,290,339" oya="1" hai0="49,117,122,73,32,128,63,104,12,41,76,1,106" hai1="21,65,70,43,66,54,10,60,46,78,97,114,37" hai2="19,2,3,25,132,33,9,121,59,50,56,131,88" hai3="26,74,7,125,107,8,16,38,96,11,64,116,34"/><U95/><E78/><V18/><F121/><W135/><G74/><T42/><D117/><U101/><E114/><V86/><F2/><W6/><G64/><T36/><D1/><U127/><E127/><V69/><F69/><W118/><G96/><T51/><D32/><U91/><E10/><V100/><F131/><W105/><G125/><T24/><D122/><U45/><E21/><N who="2" m="13495" /><F33/><W29/><G105/><T110/><D128/><U15/><E15/><N who="2" m="7663" /><F132/><W67/><G107/><T4/><D110/><U83/><E83/><N who="2" m="49247" /><F3/><W23/><G135/><T93/><D106/><U115/><E115/><V47/><F100/><W55/><G38/><T90/><D104/><U28/><E28/><V103/><F103/><W31/><G31/><T5/><D36/><U77/><E77/><V0/><F0/><W72/><G72/><T98/><D73/><U44/><E101/><V113/><F113/><W126/><G126/><T13/><D76/><U20/><E20/><V87/><F87/><W75/><G75/><T40/><D63/><U61/><REACH who="1" step="1"/><E54/><AGARI ba="0,0" hai="47,50,54,56,59" m="49247,7663,13495" machi="54" ten="30,3900,0" yaku="25,1,8,1,54,1" doraHai="71" who="2" fromWho="1" sc="220,0,151,-39,290,39,339,0" /><INIT seed="6,0,0,2,2,95" ten="220,112,329,339" oya="2" hai0="44,106,56,27,53,39,61,25,3,111,116,129,101" hai1="76,15,112,13,60,113,125,66,6,131,108,78,79" hai2="110,42,82,12,24,48,91,126,93,86,31,109,75" hai3="74,16,21,4,5,128,62,36,115,88,117,46,10"/><V98/><F75/><W72/><G117/><T119/><D111/><N who="2" m="42506" /><F12/><W99/><G128/><T94/><D3/><U104/><E108/><V123/><F123/><W134/><G134/><T77/><D129/><U121/><E121/><V43/><F48/><W19/><G115/><T1/><D1/><U18/><E104/><V0/><F0/><W132/><G132/><T51/><D106/><U87/><E87/><V28/><F126/><W29/><G29/><N who="2" m="11337" /><F24/><W59/><G74/><T127/><D77/><AGARI ba="0,0" hai="42,43,77,82,86,91,93,98" m="11337,42506" machi="77" ten="30,2900,0" yaku="10,1,52,1" doraHai="95" who="2" fromWho="0" sc="220,-29,112,0,329,29,339,0" /><INIT seed="6,1,0,1,2,78" ten="191,112,358,339" oya="2" hai0="47,76,12,96,20,80,77,82,65,54,39,86,135" hai1="85,19,60,72,75,7,57,10,22,61,122,48,67" hai2="114,8,70,62,63,107,89,14,0,116,9,50,58" hai3="106,46,128,24,92,90,126,97,111,45,129,104,93"/><V35/><F116/><W64/><G64/><T118/><D118/><U3/><E122/><V59/><F70/><W88/><G24/><T18/><D135/><U1/><E1/><V117/><F117/><W130/><G46/><T33/><D33/><U134/><E134/><V91/><F35/><W98/><G45/><T74/><D65/><U40/><E40/><V113/><F50/><W71/><G71/><T115/><D115/><U102/><E102/><V43/><F43/><W121/><G121/><T79/><D96/><U95/><E48/><V124/><F14/><W52/><G52/><T36/><D54/><U49/><E61/><V84/><F84/><W30/><G30/><T21/><D47/><U101/><E49/><V6/><F107/><N who="3" m="41003" /><G126/><T127/><D127/><U56/><E56/><V81/><F124/><W25/><G25/><T15/><D79/><U53/><E67/><V83/><F6/><W103/><G103/><T125/><D125/><U55/><E55/><V120/><F0/><W112/><G112/><T2/><D2/><U38/><E38/><V99/><F120/><W133/><G133/><T11/><REACH who="0" step="1"/><D20/><REACH who="0" ten="181,112,358,339" step="2"/><U17/><E3/><V5/><F113/><W44/><G44/><T29/><D29/><U68/><E53/><V4/><F114/><W73/><G111/><T23/><D23/><U110/><E22/><V131/><F99/><W34/><G34/><T123/><D123/><U132/><E110/><V31/><F31/><W28/><G28/><T108/><D108/><U13/><E132/><V105/><F105/><W16/><G98/><T109/><D109/><RYUUKYOKU ba="1,1" sc="181,15,112,-15,358,15,339,-15" hai0="11,12,15,18,21,36,39,74,76,77,80,82,86" hai2="4,5,8,9,58,59,62,63,81,83,89,91,131" /><INIT seed="6,2,1,4,3,48" ten="196,97,373,324" oya="2" hai0="119,81,42,82,86,94,6,34,43,18,129,35,54" hai1="133,74,113,4,40,124,29,120,89,25,90,41,87" hai2="108,100,99,132,17,57,10,92,118,46,31,68,47" hai3="73,75,2,12,60,49,135,121,39,98,16,63,125"/><V106/><F68/><W80/><G39/><T66/><D66/><U52/><E74/><V79/><F118/><W14/><G2/><T56/><D119/><U134/><E4/><V96/><F132/><W26/><G121/><T102/><D129/><U130/><E130/><V95/><F108/><W122/><G122/><T111/><D111/><U58/><E120/><V1/><F31/><W115/><G135/><N who="1" m="51722" /><E113/><V30/><F30/><W85/><G115/><T65/><D34/><N who="1" m="20783" /><E124/><V123/><F123/><W84/><G125/><T51/><D35/><U22/><E22/><V107/><F79/><W8/><G75/><T77/><D6/><U78/><E78/><V104/><F1/><W97/><G73/><T0/><D0/><U23/><E23/><V131/><F131/><W70/><G26/><T64/><D18/><U88/><E87/><V9/><F9/><W19/><G70/><T27/><D27/><U114/><E114/><V50/><F10/><W36/><G8/><T44/><D82/><U126/><E126/><V32/><F17/><W37/><G80/><T93/><D93/><U76/><E76/><V101/><REACH who="2" step="1"/><F32/><REACH who="2" ten="196,97,363,324" step="2"/><W3/><G3/><T109/><D109/><U67/><E67/><N who="0" m="25673" /><D44/><U21/><E21/><V15/><F15/><W62/><G14/><T72/><D72/><U105/><E105/><V5/><F5/><W110/><G12/><T128/><D128/><U24/><E24/><V117/><F117/><W91/><G110/><T83/><D83/><U33/><E33/><V11/><F11/><W55/><G19/><T53/><D81/><U103/><E103/><RYUUKYOKU ba="2,2" sc="196,-15,97,15,363,15,324,-15" hai1="40,41,52,58,88,89,90" hai2="46,47,50,57,92,95,96,99,100,101,104,106,107" /><INIT seed="6,3,2,5,5,102" ten="181,112,378,309" oya="2" hai0="109,130,10,5,105,68,36,69,24,35,81,64,101" hai1="100,59,28,135,8,26,96,124,33,118,126,89,91" hai2="47,122,53,18,90,29,16,4,82,34,3,6,57" hai3="79,73,58,31,114,50,23,128,110,93,107,72,132"/><V134/><F122/><W45/><G110/><T87/><D109/><U63/><E118/><V92/><F134/><W74/><G132/><T113/><D36/><U127/><E135/><V60/><F34/><W104/><G79/><T21/><D130/><U85/><E85/><V22/><F3/><W106/><G128/><T65/><D113/><U66/><REACH who="1" step="1"/><E8/><REACH who="1" ten="181,102,378,309" step="2"/><V98/><F82/><W20/><G114/><T112/><D87/><U1/><E1/><V77/><F77/><W119/><G119/><T38/><D81/><U32/><E32/><V108/><F108/><W44/><G23/><T9/><D112/><U133/><E133/><V0/><F0/><W75/><G75/><T49/><D35/><U17/><E17/><V76/><F76/><W125/><G20/><T11/><D10/><U56/><E56/><V52/><F18/><W62/><G31/><T95/><D9/><U42/><E42/><V88/><F29/><W14/><G74/><T51/><D11/><U25/><E25/><N who="2" m="14535" /><F90/><W121/><G73/><T19/><D21/><U131/><E131/><V7/><F47/><W39/><G72/><T116/><D19/><U84/><E84/><V78/><F78/><W15/><G45/><T2/><D2/><U117/><E117/><V103/><F88/><W99/><G44/><T120/><D116/><U111/><E111/><V67/><AGARI ba="3,3" hai="4,6,7,52,53,57,60,67,92,98,103" m="14535" machi="67" ten="30,6000,0" yaku="8,1,54,2" doraHai="102" who="2" fromWho="2" sc="181,-23,102,-23,378,99,309,-23" /><INIT seed="6,4,0,1,5,60" ten="158,79,477,286" oya="2" hai0="64,33,103,110,48,104,83,0,125,61,27,45,40" hai1="123,126,20,70,19,100,4,85,8,120,10,7,21" hai2="2,80,134,41,56,95,89,71,81,75,86,131,122" hai3="15,84,79,44,1,22,107,18,17,9,98,65,133"/><V115/><F71/><W127/><G127/><T46/><D110/><U23/><E70/><V51/><F122/><N who="1" m="46633" /><E85/><V88/><F2/><W6/><G133/><T35/><D0/><U42/><E42/><V69/><F69/><W67/><G18/><T11/><D125/><U106/><E106/><V129/><F134/><W119/><G119/><T76/><D11/><N who="1" m="4139" /><E100/><V68/><F68/><W113/><G113/><T72/><D46/><U26/><E126/><V55/><F41/><W24/><G1/><T94/><D104/><U29/><E19/><V49/><F115/><W105/><G105/><T124/><D124/><U3/><E3/><V78/><F51/><W112/><G112/><T108/><D108/><U132/><E132/><V99/><AGARI ba="4,0" hai="49,55,56,75,78,80,81,86,88,89,95,99,129,131" machi="99" ten="30,3000,0" yaku="0,1,54,1" doraHai="60" who="2" fromWho="2" sc="158,-14,79,-14,477,42,286,-14" /><INIT seed="6,5,0,3,5,116" ten="144,65,519,272" oya="2" hai0="22,62,99,5,31,2,14,25,85,93,11,60,58" hai1="51,8,122,9,52,81,124,105,102,118,101,70,17" hai2="96,80,56,83,127,97,100,50,135,78,15,103,43" hai3="117,18,53,111,128,36,71,32,65,7,86,12,94"/><V0/><F0/><W19/><G117/><T3/><D85/><U44/><E70/><V92/><F127/><W129/><G36/><T87/><D87/><U20/><E118/><V13/><F135/><W125/><G65/><T90/><REACH who="0" step="1"/><D62/><REACH who="0" ten="134,65,519,272" step="2"/><U134/><E134/><V126/><F126/><W46/><G125/><T110/><D110/><U104/><E124/><V23/><F78/><W33/><G111/><T130/><D130/><U113/><E113/><V88/><F96/><W132/><G86/><T24/><D24/><U10/><E81/><V114/><F97/><W109/><G109/><T98/><D98/><U121/><E105/><V115/><F83/><W6/><G132/><T55/><AGARI ba="5,1" hai="2,3,5,11,14,22,25,31,55,58,60,90,93,99" machi="55" ten="20,2700,0" yaku="1,1,0,1,7,1,53,0" doraHai="116" doraHaiUra="38" who="0" fromWho="0" sc="134,52,65,-12,519,-18,272,-12" /><INIT seed="7,0,0,4,5,22" ten="186,53,501,260" oya="3" hai0="108,14,19,53,74,58,33,127,52,105,97,100,121" hai1="39,75,98,107,130,41,68,114,17,118,60,32,102" hai2="95,30,13,40,129,80,89,59,132,124,99,16,4" hai3="36,109,77,44,23,47,78,70,20,67,1,106,45"/><W38/><G1/><T0/><D108/><U21/><E17/><V2/><F124/><W43/><G106/><T50/><D0/><U3/><E21/><V26/><F129/><W28/><G23/><T72/><D127/><U64/><E130/><V6/><F2/><W81/><G109/><T73/><D121/><U101/><E101/><V66/><F40/><W123/><G123/><T27/><D33/><U92/><E92/><V57/><F80/><W134/><G78/><T49/><D73/><U11/><E118/><V110/><F132/><W90/><G90/><T24/><D72/><U83/><E114/><V104/><F104/><W10/><G10/><T12/><D74/><U69/><E69/><V122/><F110/><W91/><G91/><T117/><D117/><U62/><E62/><V86/><F86/><W61/><G134/><T93/><D105/><U135/><E135/><V76/><F76/><W113/><G38/><T133/><D133/><U63/><E63/><V25/><F30/><W82/><G82/><T88/><D100/><U56/><E56/><N who="2" m="21579" /><F66/><W120/><G120/><T18/><D12/><U42/><E83/><V8/><F122/><W85/><REACH who="3" step="1"/><G113/><REACH who="3" ten="186,53,501,250" step="2"/><T125/><D125/><U116/><E116/><V128/><F128/><W31/><G31/><T55/><D18/><U84/><E39/><V15/><F4/><W9/><G9/><AGARI ba="0,1" hai="6,8,9,13,15,16,25,26,89,95,99" m="21579" machi="9" ten="30,7700,0" yaku="8,1,52,2,54,1" doraHai="22" who="2" fromWho="3" sc="186,0,53,0,501,87,250,-77" owari="186,-1.0,53,-45.0,588,69.0,173,-23.0" /></mjloggm>