<mjloggm ver="2.3"><GO type="97" lobby="0"/><UN n0="%6A%6F%6D%61%6D%61" n1="%73%65%6E%75%72%6C" n2="%E3%82%A6%E3%83%AB%E3%83%88%E3%83%A9%E7%AB%8B%E7%9B%B4" n3="%E3%81%97%E3%81%A3%E3%81%BD%E3%82%8A%E3%83%BC%E3%81%AA" dan="14,15,15,15" rate="1854.17,2040.37,1984.38,2048.35" sx="M,F,M,F"/><TAIKYOKU oya="0"/><INIT seed="0,0,0,5,2,98" ten="250,250,250,250" oya="0" hai0="43,57,36,124,80,62,112,41,78,70,134,51,109" hai1="132,9,4,19,0,66,3,123,92,2,116,88,8" hai2="133,72,85,84,13,97,91,39,65,67,38,44,12" hai3="108,48,107,129,125,50,64,33,114,83,54,18,135"/><T35/><D112/><U59/><E116/><V111/><F97/><W93/><G18/><T87/><D35/><U103/><E123/><V101/><F44/><W99/><G48/><T77/><D124/><U53/><E132/><V102/><F91/><W79/><G33/><T25/><D25/><U120/><E120/><V46/><F46/><W131/><G64/><T60/><D134/><U15/><E66/><V86/><F86/><W128/><G125/><T81/><D109/><U10/><E103/><V82/><F82/><W95/><G83/><T58/><D70/><U106/><E106/><V24/><F24/><W45/><G108/><T47/><D36/><U52/><E10/><V61/><F111/><W17/><G135/><T26/><D26/><U27/><E27/><V69/><F133/><W40/><G79/><T7/><D7/><U126/><E126/><V22/><F22/><W100/><G114/><T56/><REACH who="0" step="1"/><D43/><REACH who="0" ten="240,250,250,250" step="2"/><U121/><E121/><V5/><F5/><W20/><G40/><T32/><D32/><U113/><E113/><V28/><F69/><W90/><G131/><T71/><D71/><U29/><E29/><V68/><F68/><W127/><G127/><T130/><D130/><U94/><E4/><V23/><F28/><W73/><G129/><T115/><D115/><U16/><E3/><V105/><F39/><W118/><G128/><T31/><D31/><U55/><E2/><V63/><F38/><W42/><G42/><T119/><D119/><U21/><E0/><V74/><F12/><W34/><G118/><T110/><D110/><U89/><E15/><RYUUKYOKU ba="0,1" sc="240,30,250,-10,250,-10,250,-10" hai0="41,47,51,56,57,58,60,62,77,78,80,81,87" /><INIT seed="0,1,1,5,2,112" ten="270,240,240,240" oya="0" hai0="35,102,6,14,23,73,85,28,15,9,69,58,109" hai1="100,80,88,21,118,41,93,124,116,68,131,89,38" hai2="61,70,25,19,51,22,11,133,76,54,12,126,56" hai3="44,62,113,79,74,71,91,10,57,4,96,104,123"/><T84/><D69/><U34/><E34/><V106/><F106/><W59/><G113/><T72/><D109/><U67/><E68/><V43/><F126/><W63/><G71/><T55/><D102/><U33/><E67/><V117/><F133/><W87/><G44/><T94/><D35/><U16/><E33/><V5/><F76/><W27/><G27/><T8/><D8/><U99/><E38/><V46/><F70/><W81/><G123/><T77/><D77/><U135/><E41/><V45/><F45/><W103/><G62/><T132/><D132/><U82/><E135/><V40/><REACH who="2" step="1"/><F117/><REACH who="2" ten="270,240,230,240" step="2"/><W32/><G63/><T36/><D73/><U125/><E118/><V47/><F47/><W30/><G30/><T78/><D72/><U111/><E116/><V122/><F122/><W13/><REACH who="3" step="1"/><G32/><REACH who="3" ten="270,240,230,230" step="2"/><T20/><D36/><U52/><E125/><V108/><F108/><W130/><G130/><T98/><D28/><U92/><E131/><V2/><F2/><W48/><G48/><N who="0" m="31079" /><D78/><U29/><E124/><V129/><F129/><W114/><G114/><T90/><D20/><U95/><E111/><V86/><F86/><W134/><G134/><T18/><AGARI ba="1,3" hai="6,9,14,15,18,23,84,85,90,94,98" m="31079" machi="18" ten="30,1500,0" yaku="8,1" doraHai="112" who="0" fromWho="0" sc="270,48,240,-6,230,-6,230,-6" /><INIT seed="0,2,0,2,4,110" ten="318,234,224,224" oya="0" hai0="20,5,115,128,49,132,133,6,101,27,19,32,72" hai1="9,29,14,22,73,36,129,92,116,96,89,3,103" hai2="69,13,38,0,78,86,35,94,46,90,10,104,74" hai3="47,17,107,55,126,82,64,28,58,135,100,87,111"/><T83/><D115/><U81/><E116/><V123/><F123/><W93/><G111/><T60/><D128/><U68/><E68/><V15/><F35/><W98/><G135/><N who="0" m="51787" /><D101/><U43/><E129/><V24/><F104/><W127/><G28/><N who="0" m="19487" /><D60/><U40/><E3/><V109/><F109/><W84/><G64/><T39/><D39/><U114/><E114/><V76/><F69/><W50/><G17/><T77/><D49/><U120/><E36/><V66/><F66/><W53/><G107/><T134/><N who="0" m="51795" /><T70/><DORA hai="57" /><D70/><U25/><E120/><V54/><F38/><W34/><G34/><T52/><D52/><U71/><E71/><V42/><F54/><W4/><G4/><T56/><D56/><U95/><E103/><V67/><F46/><W21/><G21/><T61/><D61/><U23/><E43/><V102/><F42/><W11/><G11/><T41/><D41/><U31/><E40/><V18/><F10/><W108/><G108/><T106/><D106/><U26/><E73/><V99/><F74/><W91/><REACH who="3" step="1"/><G87/><REACH who="3" ten="318,234,224,214" step="2"/><T122/><D122/><U65/><E65/><V80/><F67/><W8/><G8/><T85/><D85/><N who="1" m="50351" /><E96/><V79/><F99/><W51/><AGARI ba="2,1" hai="47,50,51,53,55,58,82,84,91,93,98,100,126,127" machi="51" ten="30,2000,0" yaku="1,1,0,1,53,0" doraHai="110,57" doraHaiUra="37,16" who="3" fromWho="3" sc="318,-12,234,-7,224,-7,214,36" /><INIT seed="1,0,0,2,0,97" ten="306,227,217,250" oya="1" hai0="58,79,68,8,96,50,131,123,31,26,119,107,27" hai1="9,95,57,38,11,14,130,91,126,44,104,64,23" hai2="61,54,105,24,62,55,34,21,60,73,101,5,93" hai3="100,42,128,116,115,135,49,134,80,77,2,89,127"/><U17/><E104/><V48/><F73/><W7/><G115/><T29/><D119/><U113/><E113/><V111/><F105/><W124/><G116/><T35/><D68/><U19/><E126/><N who="3" m="48170" /><G2/><T52/><D131/><U22/><E130/><V40/><F34/><W47/><G7/><T109/><D109/><U98/><E38/><V88/><F111/><W59/><G59/><T85/><D123/><U133/><E133/><N who="3" m="50698" /><G89/><T6/><D85/><U94/><E44/><N who="2" m="25607" /><F5/><W118/><G118/><T51/><D79/><U120/><E120/><V76/><F76/><W65/><G65/><T20/><D96/><U66/><E95/><V78/><F78/><W92/><G128/><T3/><REACH who="0" step="1"/><D107/><REACH who="0" ten="296,227,217,250" step="2"/><U33/><E33/><V125/><F125/><W103/><G92/><T45/><D45/><U43/><E43/><V25/><F93/><W114/><G114/><T121/><D121/><U102/><E91/><V16/><F88/><W122/><G122/><T28/><D28/><U4/><E4/><V56/><F56/><W129/><G129/><T41/><D41/><U117/><E117/><V1/><F55/><W53/><G53/><T13/><D13/><N who="1" m="9519" /><E57/><V36/><F54/><W0/><G0/><T99/><D99/><U32/><E32/><V71/><F1/><W86/><AGARI ba="0,1" hai="42,47,49,77,80,86,100,103" m="50698,48170" machi="86" ten="30,7900,0" yaku="18,1,20,1,52,2" doraHai="97" who="3" fromWho="3" sc="296,-20,227,-39,217,-20,250,89" /><INIT seed="2,0,0,5,4,54" ten="276,188,197,339" oya="2" hai0="55,38,39,56,62,51,93,47,131,10,40,28,37" hai1="116,59,24,123,36,107,119,67,69,101,19,92,126" hai2="21,117,73,2,81,133,135,74,9,32,65,34,64" hai3="70,129,41,49,7,115,91,130,96,84,13,87,18"/><V72/><F21/><N who="3" m="11471" /><G70/><T23/><D131/><N who="3" m="50185" /><G115/><T108/><D108/><U71/><E36/><V25/><F81/><N who="3" m="49551" /><G7/><T3/><D93/><U128/><E92/><V6/><F117/><W22/><G22/><T48/><D10/><U14/><E71/><V104/><F104/><W42/><G96/><T35/><D35/><U109/><E69/><V80/><F80/><W118/><G118/><T60/><REACH who="0" step="1"/><D3/><REACH who="0" ten="266,188,197,339" step="2"/><U83/><E119/><V124/><F34/><W68/><G68/><T78/><D78/><U132/><E116/><V27/><F32/><W4/><G4/><T111/><D111/><U89/><E109/><V1/><F9/><W53/><G87/><T112/><D112/><U15/><E128/><V79/><F6/><W100/><G100/><T12/><D12/><U45/><E15/><V120/><F2/><W105/><G105/><T88/><D88/><U99/><E14/><V97/><F1/><W31/><G31/><T82/><D82/><U75/><E83/><V98/><F79/><W63/><G63/><T134/><D134/><U103/><E132/><V125/><REACH who="2" step="1"/><F74/><REACH who="2" ten="266,188,187,339" step="2"/><W66/><G66/><T61/><D61/><N who="1" m="38335" /><E75/><V50/><F50/><W33/><G33/><T77/><D77/><U110/><E107/><V20/><F20/><W113/><G113/><T16/><D16/><U58/><E110/><V95/><F95/><W0/><G0/><T11/><D11/><U102/><E19/><V114/><F114/><W94/><G94/><T26/><AGARI ba="0,2" hai="23,26,28,37,38,39,40,47,48,51,55,56,60,62" machi="26" ten="40,5200,0" yaku="1,1,0,1,52,1,53,0" doraHai="54" doraHaiUra="29" who="0" fromWho="0" sc="266,72,188,-13,187,-26,339,-13" /><INIT seed="3,0,0,1,0,75" ten="338,175,161,326" oya="3" hai0="135,121,108,34,64,1,76,9,82,129,69,54,105" hai1="94,59,111,103,44,83,68,24,29,46,2,27,119" hai2="114,16,90,17,85,122,72,110,78,55,89,47,130" hai3="87,126,93,40,12,49,62,19,134,80,61,57,58"/><W51/><G134/><T0/><D121/><U102/><E68/><V7/><F72/><W21/><G126/><T120/><D120/><U53/><E2/><V25/><F122/><W84/><G93/><T81/><D108/><U26/><E111/><V127/><F110/><W79/><G87/><T33/><D9/><U71/><E71/><V77/><F127/><W88/><G88/><N who="2" m="33897" /><F114/><W123/><G123/><T8/><D8/><U23/><E119/><V116/><F116/><W35/><G35/><T5/><D69/><U4/><E4/><V15/><F130/><W63/><G40/><T117/><D5/><U73/><E73/><V66/><F66/><N who="3" m="39215" /><G63/><T101/><D64/><AGARI ba="0,0" hai="12,19,21,49,51,58,62,64,79,80,84" m="39215" machi="64" ten="30,2900,0" yaku="8,1,52,1" doraHai="75" who="3" fromWho="0" sc="338,-29,175,0,161,0,326,29" owari="309,11.0,175,-22.0,161,-34.0,355,45.0" /></mjloggm>