<mjloggm ver="2.3"><GO type="225" lobby="0"/><UN n0="%53%4C%42%EF%BC%A0" n1="%EF%BF%A1%E3%81%BA%E3%82%93%E3%81%BA%E3%82%93%EF%BF%A1" n2="%4E%4F%42%55%53%48%49" n3="%E3%82%A6%E3%83%AB%E3%83%88%E3%83%A9%E7%AB%8B%E7%9B%B4" dan="17,16,16,16" rate="2163.16,2121.23,2092.73,2024.04" sx="F,M,M,M"/><TAIKYOKU oya="0"/><INIT seed="0,0,0,3,0,85" ten="250,250,250,250" oya="0" hai0="54,21,83,82,22,1,115,5,9,42,65,71,99" hai1="15,100,53,119,40,105,13,48,25,95,110,39,88" hai2="129,60,46,63,94,47,30,126,55,128,3,44,77" hai3="70,8,93,78,114,120,66,133,86,16,28,127,27"/><T68/><D115/><U36/><E119/><V132/><F3/><W135/><G66/><T6/><D42/><U45/><E110/><V124/><F30/><W26/><G70/><T121/><D121/><U49/><E105/><V74/><F77/><W125/><G120/><T58/><D6/><U41/><E100/><V107/><F74/><W122/><G122/><T62/><D99/><N who="1" m="57831" /><E39/><V38/><F94/><W72/><G72/><T17/><D71/><U92/><E36/><V80/><F80/><W23/><G114/><T33/><D33/><U109/><E109/><V10/><F10/><W73/><G73/><T131/><D131/><N who="2" m="50250" /><F107/><W2/><G78/><T19/><D22/><U134/><E134/><N who="3" m="51210" /><G93/><T118/><D118/><U90/><E25/><V57/><F132/><W101/><G101/><T56/><D68/><U91/><E91/><V67/><F38/><W43/><G86/><T34/><D34/><U130/><E130/><V69/><AGARI ba="0,0" hai="44,46,47,55,57,60,63,67,69,124,126" m="50250" machi="69" ten="40,5200,0" yaku="19,1,34,2" doraHai="85" who="2" fromWho="2" sc="250,-26,250,-13,250,52,250,-13" /><INIT seed="1,0,0,5,5,14" ten="224,237,302,237" oya="1" hai0="0,118,22,3,103,88,73,58,41,38,112,65,18" hai1="80,115,129,49,93,20,122,75,25,71,107,72,134" hai2="110,70,47,1,109,10,117,15,84,6,96,83,135" hai3="87,66,33,104,17,94,116,127,59,45,130,97,86"/><U121/><E107/><V55/><F70/><W100/><G33/><T27/><D112/><U131/><E71/><V29/><F117/><W36/><G127/><T67/><D118/><U7/><E115/><V119/><F119/><W42/><G130/><N who="1" m="49674" /><E134/><V2/><F135/><W19/><G116/><T123/><D123/><N who="1" m="47115" /><E80/><V105/><F83/><W46/><G104/><T85/><D73/><U90/><E49/><V57/><F105/><W74/><G74/><T92/><D103/><U133/><E7/><V81/><F81/><W124/><G124/><T62/><REACH who="0" step="1"/><D67/><REACH who="0" ten="214,237,302,237" step="2"/><U120/><E133/><V101/><F101/><W108/><G100/><T76/><D76/><U40/><E120/><V43/><F110/><W56/><G108/><T132/><D132/><U111/><E111/><V61/><F109/><W113/><G66/><T48/><D48/><U102/><E102/><V128/><F128/><W95/><G113/><T13/><D13/><U21/><E75/><V82/><F15/><W52/><G36/><T35/><D35/><U16/><E72/><V30/><F2/><W34/><G34/><T60/><D60/><U11/><E25/><V126/><F126/><W9/><G97/><T39/><D39/><U54/><E90/><V63/><F96/><W91/><G91/><T4/><D4/><U51/><E51/><N who="2" m="27135" /><F61/><W99/><G99/><T26/><D26/><U44/><E40/><V28/><F1/><W125/><G42/><T23/><D23/><U5/><E21/><V78/><F6/><W53/><G125/><T50/><D50/><U106/><E20/><V69/><F10/><AGARI ba="0,1" hai="9,10,17,19,45,46,52,53,56,59,86,87,94,95" machi="10" ten="25,12000,2" yaku="6,1,22,2,8,1,52,2,54,1" doraHai="14" who="3" fromWho="2" sc="214,0,237,0,302,-120,237,130" /><INIT seed="2,0,0,1,0,33" ten="214,237,182,367" oya="2" hai0="7,17,11,22,67,91,73,95,45,112,19,35,59" hai1="44,34,111,72,9,18,55,6,48,117,12,49,1" hai2="54,5,20,13,63,93,43,116,96,38,61,69,62" hai3="10,86,75,80,8,42,4,108,133,32,68,115,0"/><V78/><F116/><W120/><G68/><T109/><D73/><U103/><E117/><V37/><F69/><W85/><G32/><T114/><D109/><U125/><E111/><V128/><F128/><W84/><G108/><T56/><D35/><U58/><E34/><V130/><F130/><W60/><G60/><T30/><D114/><U113/><E72/><V70/><F70/><W36/><G10/><T123/><D112/><U94/><E113/><V66/><F66/><W41/><G120/><T25/><D45/><U118/><E125/><V135/><F135/><W129/><G42/><T102/><D102/><U89/><E103/><V71/><F71/><W100/><G100/><T76/><D76/><U79/><E79/><V57/><F78/><W106/><G106/><T15/><D123/><U90/><E94/><V131/><F131/><W134/><G129/><T98/><D67/><U50/><E118/><V29/><F43/><W3/><G115/><T14/><D30/><U77/><E77/><V104/><F104/><W31/><G31/><T110/><D110/><U24/><E44/><V81/><F81/><W53/><G80/><T83/><D83/><U51/><REACH who="1" step="1"/><E24/><REACH who="1" ten="214,227,182,367" step="2"/><N who="2" m="16519" /><F38/><W105/><G75/><T126/><D126/><U27/><E27/><V28/><F37/><W88/><G36/><T2/><D25/><U107/><E107/><V52/><F28/><W101/><G105/><T99/><D99/><U127/><E127/><V119/><F119/><W26/><G134/><T23/><AGARI ba="0,1" hai="2,7,11,14,15,17,19,22,23,56,59,91,95,98" machi="23" ten="20,5200,0" yaku="0,1,7,1,9,1,52,1" doraHai="33" who="0" fromWho="0" sc="214,62,227,-13,182,-26,367,-13" /><INIT seed="3,0,0,1,4,104" ten="276,214,156,354" oya="3" hai0="18,42,10,83,93,29,81,87,21,95,129,128,58" hai1="53,118,106,99,56,6,52,123,112,40,22,89,91" hai2="12,125,46,26,111,13,27,72,65,34,28,101,5" hai3="9,55,61,85,86,114,41,45,79,63,105,74,14"/><W20/><G74/><T67/><D42/><U37/><E123/><V71/><F125/><W11/><G86/><T30/><D10/><U120/><E6/><V117/><F117/><W100/><G14/><T119/><D83/><U70/><E70/><V84/><F111/><W122/><G55/><T1/><D1/><U68/><E68/><V103/><F72/><W110/><G85/><T135/><D135/><U19/><E53/><V102/><F5/><W131/><G100/><T51/><D119/><U78/><E91/><V66/><F71/><W132/><G79/><T107/><D107/><U57/><E89/><V48/><F84/><W121/><G45/><T127/><D127/><U94/><E78/><V50/><F46/><W16/><G20/><T124/><D124/><U54/><E57/><V115/><F115/><W35/><G114/><T98/><D51/><N who="2" m="19498" /><F28/><W88/><G132/><T130/><D98/><U126/><E99/><V7/><F34/><W3/><G35/><T49/><D49/><U59/><E126/><V133/><F7/><W23/><G105/><T32/><D32/><U75/><E106/><V43/><F43/><W113/><G113/><T33/><D33/><U38/><E40/><V108/><F108/><W76/><G41/><T8/><D30/><U39/><E112/><V25/><F133/><W0/><G110/><T92/><D29/><U36/><E118/><V134/><F134/><W4/><G0/><T82/><D128/><U97/><E75/><V109/><F109/><W116/><G3/><T2/><D129/><U64/><N who="1" m="9216" /><DORA hai="60" /><U80/><E54/><RYUUKYOKU ba="0,0" sc="276,-10,214,-10,156,30,354,-10" hai2="12,13,25,26,27,65,66,101,102,103" owari="266,7.0,204,-20.0,186,-31.0,344,44.0" /></mjloggm>