<mjloggm ver="2.3"><GO type="97" lobby="0"/><UN n0="%E3%82%A6%E3%83%AB%E3%83%88%E3%83%A9%E7%AB%8B%E7%9B%B4" n1="%54%45%41%EF%BC%A0%33%30%E6%9C%9F" n2="%E3%83%8D%E3%82%B8%E3%82%AD" n3="%E3%81%9F%E3%81%97%E3%82%82" dan="15,14,15,13" rate="2016.77,1982.33,1994.73,2022.04" sx="M,M,M,M"/><TAIKYOKU oya="0"/><INIT seed="0,0,0,1,3,124" ten="250,250,250,250" oya="0" hai0="86,38,134,120,60,102,4,58,32,39,133,107,76" hai1="1,104,135,131,67,127,9,88,27,57,25,2,30" hai2="128,111,0,82,106,109,119,46,89,22,43,17,66" hai3="79,21,8,93,126,73,62,56,125,54,74,122,118"/><T108/><D32/><U16/><E104/><V91/><F106/><W132/><G122/><T75/><D75/><U29/><E127/><V19/><F0/><N who="1" m="105" /><E67/><V69/><F119/><W11/><G118/><T28/><D4/><U53/><E88/><N who="2" m="33867" /><F82/><W99/><G132/><N who="0" m="50795" /><D28/><N who="1" m="10859" /><E53/><V6/><F6/><W35/><G35/><T130/><D120/><U98/><E98/><V10/><F10/><W101/><G125/><T114/><D102/><U100/><E100/><V44/><F66/><W123/><G123/><T40/><D107/><U81/><E81/><V15/><F69/><W37/><G37/><T103/><D103/><U31/><E57/><V116/><F19/><W42/><G42/><T68/><D68/><U65/><E65/><V48/><F116/><W59/><G59/><T77/><D40/><U97/><E97/><V12/><F46/><W129/><G74/><T55/><D38/><U3/><E135/><V14/><F15/><W95/><G93/><T49/><D39/><U92/><E92/><V115/><F14/><W33/><G126/><T63/><D77/><U41/><E41/><V94/><F94/><W84/><G95/><T18/><D76/><U52/><E52/><V80/><F80/><W13/><G79/><T113/><D86/><U47/><E47/><V78/><F78/><W34/><G73/><T112/><D112/><U87/><E87/><V64/><F115/><W90/><G99/><T50/><D114/><U7/><N who="1" m="10867" /><U72/><DORA hai="23" /><E72/><V45/><F45/><W85/><G101/><T110/><D113/><U117/><E117/><V20/><F44/><RYUUKYOKU ba="0,0" sc="250,0,250,0,250,0,250,0" /><INIT seed="1,1,0,0,1,99" ten="250,250,250,250" oya="1" hai0="36,65,20,101,37,70,18,29,115,68,28,58,77" hai1="42,127,51,89,47,110,96,38,117,52,62,39,108" hai2="3,19,132,60,40,122,44,1,63,92,45,87,46" hai3="113,134,102,85,53,30,13,125,107,6,43,66,129"/><U128/><E117/><V26/><F122/><W34/><G66/><T111/><D115/><U69/><E89/><N who="2" m="53311" /><F1/><W23/><G34/><T59/><D77/><U105/><E96/><V11/><F3/><W120/><G43/><T93/><D93/><U81/><E105/><V49/><F132/><W95/><G85/><T10/><D20/><U14/><E81/><V90/><F90/><W71/><G71/><T135/><D10/><U7/><E127/><V50/><F44/><W104/><G104/><T15/><D15/><U21/><E128/><V0/><F0/><W109/><G95/><T17/><D65/><N who="1" m="41143" /><E7/><V88/><F88/><W97/><G53/><T25/><D135/><U78/><E78/><V54/><F26/><W121/><G120/><T82/><D25/><U112/><E112/><V123/><F123/><W106/><G121/><T35/><D82/><U75/><E75/><V8/><F8/><W4/><G134/><T83/><D83/><U124/><E124/><V100/><F100/><W118/><G102/><T67/><D101/><U57/><E39/><V27/><F11/><W12/><G125/><T9/><D9/><U2/><E2/><V64/><F64/><W5/><G113/><T32/><REACH who="0" step="1"/><D67/><REACH who="0" ten="240,250,250,250" step="2"/><U130/><E130/><V61/><F27/><W24/><G129/><T41/><D41/><U94/><E94/><V116/><F116/><W103/><G107/><T31/><D31/><U16/><AGARI ba="1,1" hai="14,16,21,38,42,47,51,52,57,108,110" m="41143" machi="16" ten="30,6000,0" yaku="24,1,54,2" doraHai="99" who="1" fromWho="1" sc="240,-21,250,73,250,-21,250,-21" /><INIT seed="1,2,0,1,0,4" ten="219,323,229,229" oya="1" hai0="8,104,59,57,69,1,66,113,81,55,105,23,128" hai1="114,62,122,96,56,58,90,101,64,63,18,74,91" hai2="35,5,134,60,88,115,26,47,110,120,77,7,83" hai3="3,10,15,93,103,71,80,32,125,39,61,127,67"/><U78/><E122/><V75/><F120/><W121/><G3/><T34/><D34/><U100/><E114/><V84/><F115/><W17/><G32/><T46/><D69/><U99/><E74/><V123/><F123/><W65/><G39/><T126/><D113/><U118/><E118/><V130/><F110/><W79/><G67/><T12/><D1/><U21/><E78/><V98/><F130/><W51/><G121/><T54/><D128/><U95/><E21/><V13/><F134/><W36/><G36/><T43/><D66/><U11/><E18/><V87/><F60/><W70/><G51/><N who="0" m="27103" /><D104/><U31/><E31/><V45/><F75/><W25/><G103/><T124/><D105/><U40/><E40/><V44/><F98/><W131/><G93/><T97/><D81/><U52/><E11/><N who="2" m="4351" /><F35/><W133/><G25/><T50/><D97/><U29/><E29/><V135/><F135/><W108/><G131/><T53/><D23/><U72/><E72/><V117/><F117/><W109/><G133/><T76/><D76/><U41/><E41/><V111/><F111/><N who="3" m="42571" /><G71/><T89/><D89/><U94/><AGARI ba="2,0" hai="52,56,58,62,63,64,90,91,94,95,96,99,100,101" machi="94" ten="20,12000,1" yaku="0,1,7,1,9,1,8,1,54,1" doraHai="4" who="1" fromWho="1" sc="219,-42,323,126,229,-42,229,-42" /><INIT seed="1,3,0,4,3,102" ten="177,449,187,187" oya="1" hai0="12,86,60,73,4,29,31,71,27,77,6,40,90" hai1="13,54,69,95,85,104,92,118,59,38,81,130,30" hai2="82,21,89,80,62,55,47,98,8,105,84,119,41" hai3="124,97,67,94,112,58,103,132,126,18,7,74,109"/><U83/><E104/><V45/><F119/><W72/><G7/><T122/><D122/><U127/><E118/><V106/><F21/><W19/><G112/><T22/><D73/><U116/><E116/><V28/><F28/><W26/><G132/><T51/><D77/><U76/><E38/><V128/><F128/><W42/><G42/><T100/><D100/><U5/><E69/><V20/><F20/><W96/><G109/><T24/><D71/><U23/><E130/><V0/><F82/><W135/><G135/><T129/><D129/><U34/><E34/><V134/><F134/><W66/><G26/><N who="0" m="16599" /><D60/><U114/><E114/><V91/><F47/><W52/><G96/><T16/><D31/><U88/><E127/><N who="3" m="48682" /><G74/><T44/><D24/><N who="1" m="16671" /><E5/><V101/><F105/><W70/><G72/><T1/><D1/><U37/><E37/><V33/><F33/><W133/><G133/><T39/><D39/><U125/><E13/><V49/><F0/><W65/><G70/><T46/><D27/><U110/><E110/><V113/><F113/><W48/><AGARI ba="3,0" hai="18,19,48,52,58,65,66,67,94,97,103" m="48682" machi="48" ten="30,2000,0" yaku="18,1,54,1" doraHai="102" who="3" fromWho="3" sc="177,-8,449,-13,187,-8,187,29" /><INIT seed="2,0,0,5,4,26" ten="169,436,179,216" oya="2" hai0="31,94,54,68,117,45,21,129,71,7,25,53,9" hai1="79,102,128,119,127,39,10,83,115,65,2,80,50" hai2="18,125,93,107,59,106,47,23,67,12,3,64,24" hai3="77,109,38,114,134,34,131,89,101,76,1,91,60"/><V8/><F125/><W52/><G1/><T27/><D129/><U82/><E115/><V70/><F70/><W100/><G34/><T49/><D117/><U72/><E119/><V35/><F47/><W28/><G38/><T133/><D133/><U105/><E127/><V95/><F106/><W33/><G33/><T132/><D132/><U108/><E65/><N who="2" m="25163" /><F107/><W97/><G134/><T15/><D94/><U63/><E63/><V87/><F87/><W120/><G60/><T46/><D27/><U75/><E128/><V43/><F43/><W55/><G131/><T4/><REACH who="0" step="1"/><D7/><REACH who="0" ten="159,436,179,216" step="2"/><U85/><E105/><V124/><F124/><W22/><G120/><T11/><D11/><U0/><E82/><V126/><F126/><W123/><G123/><T16/><D16/><U92/><E83/><V110/><F110/><W40/><G109/><T17/><D17/><U36/><E108/><V61/><F93/><W5/><G5/><T104/><D104/><U84/><E10/><V41/><F95/><W81/><G114/><T56/><D56/><U37/><E92/><V122/><F122/><W113/><G113/><T69/><D69/><U13/><E80/><V118/><F118/><W103/><G100/><T98/><D98/><U135/><E102/><V99/><F99/><W66/><G97/><T73/><D73/><U32/><E135/><V42/><F8/><W111/><G81/><T58/><D58/><U19/><E75/><V74/><F74/><W116/><G101/><T48/><AGARI ba="0,1" hai="4,9,15,21,25,31,45,46,48,49,53,54,68,71" machi="48" ten="30,7900,0" yaku="1,1,0,1,9,1,52,1,53,0" doraHai="26" doraHaiUra="86" who="0" fromWho="0" sc="159,89,436,-20,179,-39,216,-20" /><INIT seed="3,0,0,1,3,2" ten="248,416,140,196" oya="3" hai0="94,133,124,92,23,122,102,130,28,120,76,88,82" hai1="101,20,91,70,5,0,24,14,50,103,97,80,25" hai2="77,39,54,36,98,115,63,134,125,27,35,47,59" hai3="118,61,114,32,64,86,65,105,46,112,132,41,95"/><W87/><G105/><T56/><D124/><U75/><E70/><V4/><F115/><W43/><G32/><T62/><D130/><U33/><E33/><V1/><F125/><W111/><G95/><T11/><D133/><U89/><E0/><V58/><F134/><W22/><G22/><T126/><D126/><U116/><E75/><V83/><F98/><W131/><G132/><T81/><D76/><U117/><E50/><V68/><F68/><W100/><G100/><N who="1" m="38474" /><E5/><V7/><F1/><W73/><G118/><N who="1" m="45674" /><E14/><V85/><F58/><W121/><G131/><T13/><D122/><U74/><E74/><V37/><REACH who="2" step="1"/><F47/><REACH who="2" ten="248,416,130,196" step="2"/><W66/><G46/><T104/><D56/><U123/><E123/><V34/><F34/><W67/><G121/><T72/><D120/><U8/><E91/><V107/><F107/><W96/><G114/><T44/><D88/><U40/><E40/><V119/><F119/><W106/><G96/><T9/><D44/><U53/><E53/><V135/><F135/><W10/><G43/><T55/><D104/><U99/><E8/><V84/><F84/><W109/><G41/><T49/><D9/><U60/><E25/><V15/><F15/><W51/><G112/><T30/><D13/><U93/><E60/><V127/><F127/><W57/><G106/><T78/><D62/><U90/><E80/><V38/><N who="2" m="9216" /><DORA hai="42" /><V128/><F128/><W108/><G57/><T110/><D11/><U45/><E45/><V52/><F52/><W113/><G61/><T3/><D55/><U17/><E99/><V48/><F48/><W29/><G51/><RYUUKYOKU ba="0,1" sc="248,-15,416,15,130,15,196,-15" hai1="17,20,24,89,90,93,97" hai2="4,7,27,35,54,59,63,77,83,85" owari="233,3.0,441,54.0,145,-35.0,181,-22.0" /></mjloggm>