<mjloggm ver="2.3"><GO type="41" lobby="0"/><UN n0="%70%69%2D%79%61%6D%61" n1="%E3%82%A6%E3%83%AB%E3%83%88%E3%83%A9%E7%AB%8B%E7%9B%B4" n2="%E3%83%8F%E3%83%AB%E3%83%93%E3%83%B3" n3="%79%61%67%69%68%65%69" dan="14,16,13,13" rate="2043.90,2026.82,1870.46,1925.70" sx="M,M,M,M"/><TAIKYOKU oya="0"/><INIT seed="0,0,0,4,0,51" ten="250,250,250,250" oya="0" hai0="68,112,121,95,85,131,83,117,58,29,65,37,45" hai1="67,39,24,71,49,92,130,122,108,120,84,41,99" hai2="11,72,69,33,66,23,124,106,13,98,31,26,35" hai3="5,46,7,34,32,20,2,57,70,36,15,38,40"/><T79/><D117/><U81/><E39/><V101/><F72/><W6/><G70/><T19/><D121/><U90/><E130/><V62/><F124/><W42/><G2/><T133/><D112/><U132/><E132/><V88/><F33/><W80/><G80/><T126/><D133/><U75/><E75/><V100/><F100/><W30/><G57/><T63/><D131/><U104/><E104/><V27/><F27/><W4/><N who="3" m="1536" /><DORA hai="17" /><W22/><G15/><T103/><D126/><U56/><E108/><V110/><F110/><W3/><G3/><T118/><D118/><U91/><E24/><V107/><F107/><W21/><REACH who="3" step="1"/><G30/><REACH who="3" ten="250,250,250,240" step="2"/><T116/><D29/><U128/><E128/><V86/><F13/><W111/><G111/><T0/><D0/><U77/><E71/><V28/><F28/><W94/><G94/><T87/><D116/><U109/><E109/><V10/><F23/><W8/><G8/><T59/><D68/><U14/><E14/><V9/><F10/><W18/><G18/><T129/><D19/><U47/><E122/><V60/><F60/><W48/><G48/><T96/><D129/><U127/><E120/><V76/><F76/><W119/><G119/><T134/><D134/><U54/><E127/><V78/><F78/><W44/><AGARI ba="0,1" hai="20,21,22,32,34,36,38,40,42,44,46" m="1536" machi="44" ten="50,16000,3" yaku="1,1,0,1,9,1,52,3,53,4" doraHai="51,17" doraHaiUra="12,1" who="3" fromWho="3" sc="250,-80,250,-40,250,-40,240,170" /><INIT seed="1,0,0,3,4,70" ten="170,210,210,410" oya="1" hai0="67,116,28,131,26,63,89,72,18,23,17,61,80" hai1="60,118,113,112,79,64,43,129,33,93,62,75,82" hai2="107,50,11,114,55,41,133,115,4,34,39,105,84" hai3="123,0,48,29,104,128,16,95,125,47,5,10,49"/><U88/><E33/><V94/><F34/><W109/><G104/><T32/><D116/><U76/><E118/><V20/><F20/><W127/><G123/><T6/><D131/><U57/><E129/><V126/><F126/><N who="3" m="48139" /><G128/><T54/><D6/><U45/><E79/><V25/><F25/><W13/><G109/><T69/><D32/><U68/><E62/><V102/><F133/><W117/><G29/><T122/><D122/><U111/><E68/><V7/><F7/><W73/><G73/><T19/><D72/><U44/><E44/><V96/><F84/><W21/><G117/><T37/><D61/><U42/><E111/><V46/><F107/><W121/><G121/><T40/><D54/><U124/><E124/><V120/><F120/><W35/><G35/><T74/><D74/><U135/><E135/><V71/><F71/><W56/><G56/><T87/><REACH who="0" step="1"/><D40/><REACH who="0" ten="160,210,210,410" step="2"/><U38/><REACH who="1" step="1"/><E42/><REACH who="1" ten="160,200,210,410" step="2"/><V77/><F41/><W130/><G130/><T1/><D1/><U106/><E106/><V58/><F105/><W78/><G0/><T59/><D59/><U27/><E27/><V103/><F58/><W108/><G108/><T101/><D101/><U31/><E31/><V110/><F103/><W66/><G66/><T14/><D14/><U119/><E119/><V12/><F110/><W90/><G13/><T9/><D9/><U15/><E15/><V36/><F77/><W97/><G78/><T30/><D30/><U51/><E51/><V85/><F12/><N who="3" m="9351" /><G47/><T24/><D24/><U53/><E53/><V91/><F55/><W100/><G100/><T2/><D2/><RYUUKYOKU ba="0,2" sc="160,10,200,10,210,-30,410,10" hai0="17,18,19,23,26,28,37,63,67,69,80,87,89" hai1="38,43,45,57,60,64,75,76,82,88,93,112,113" hai3="5,10,48,49,90,95,97" /><INIT seed="1,1,2,4,4,89" ten="170,210,180,420" oya="1" hai0="104,92,87,78,66,77,86,23,8,99,0,44,14" hai1="16,112,72,2,135,71,6,82,49,85,19,28,1" hai2="12,117,76,42,90,17,133,61,100,30,95,5,68" hai3="108,121,128,122,81,64,38,37,101,105,47,53,11"/><U111/><E72/><V59/><F117/><W7/><G64/><T130/><D104/><U118/><E71/><V80/><F68/><W123/><G108/><T39/><D66/><U26/><E118/><V126/><F5/><W41/><G128/><T60/><D60/><U51/><E112/><V43/><F30/><W48/><G105/><T96/><D130/><U103/><E111/><V18/><F126/><W57/><G101/><T27/><D0/><U106/><E135/><V62/><F62/><W21/><G21/><T116/><D116/><U33/><E1/><V91/><F100/><W132/><G132/><T45/><D39/><U31/><E31/><V67/><F133/><W22/><G22/><T9/><D23/><U54/><E49/><V55/><F90/><W10/><G38/><T69/><D69/><U34/><E34/><V75/><F18/><W46/><G46/><T94/><REACH who="0" step="1"/><D14/><REACH who="0" ten="160,210,180,420" step="2"/><U50/><E106/><V97/><REACH who="2" step="1"/><F67/><REACH who="2" ten="160,210,170,420" step="2"/><W56/><G121/><T70/><D70/><U107/><E2/><V15/><F15/><W32/><G122/><T13/><D13/><U20/><E33/><V25/><F25/><AGARI ba="1,4" hai="8,9,25,27,44,45,77,78,86,87,92,94,96,99" machi="25" ten="25,12000,2" yaku="1,1,22,2,8,1,52,2,53,0" doraHai="89" doraHaiUra="3" who="0" fromWho="2" sc="160,163,210,0,170,-123,420,0" /><INIT seed="2,0,0,5,0,78" ten="323,210,47,420" oya="2" hai0="62,98,130,95,47,21,58,82,135,116,18,37,67" hai1="85,94,101,35,63,121,104,56,90,111,23,28,13" hai2="17,45,44,39,103,131,22,75,119,43,9,31,87" hai3="68,102,64,76,26,29,113,12,11,40,80,107,15"/><V6/><F75/><W77/><G113/><T32/><D130/><U3/><E3/><V96/><F119/><W99/><G40/><T41/><D32/><U4/><E121/><V10/><F31/><W117/><G117/><T19/><D135/><U126/><E126/><V100/><F131/><W8/><G68/><T93/><D116/><U24/><E111/><V118/><F118/><W73/><G76/><T92/><D98/><U2/><E104/><V34/><F34/><W105/><G64/><T70/><D70/><U69/><E69/><V133/><F133/><W122/><G107/><T55/><D67/><U84/><E84/><V89/><F44/><W54/><G54/><T79/><REACH who="0" step="1"/><D21/><REACH who="0" ten="313,210,47,420" step="2"/><U53/><E35/><V5/><F10/><W71/><G71/><T114/><D114/><U30/><E101/><V110/><F110/><W125/><G122/><T42/><D42/><U81/><E2/><V123/><F123/><W129/><G129/><T14/><D14/><U59/><E13/><V112/><F112/><W128/><G128/><T97/><D97/><U60/><E23/><V33/><F33/><N who="3" m="20663" /><G125/><T52/><D52/><N who="1" m="33799" /><E24/><V46/><F100/><W74/><G15/><T51/><D51/><U1/><E1/><V25/><F6/><N who="3" m="3095" /><G11/><T65/><D65/><U7/><E7/><V66/><F66/><W124/><G124/><T132/><D132/><U115/><E4/><V36/><F36/><W120/><G120/><T88/><D88/><N who="1" m="51247" /><E115/><V50/><F39/><W106/><G106/><T91/><D91/><U109/><E109/><V86/><F89/><W16/><G102/><RYUUKYOKU ba="0,1" sc="313,15,210,15,47,-15,420,-15" hai0="18,19,37,41,47,55,58,62,79,82,92,93,95" hai1="28,30,53,59,63,90,94" /><INIT seed="3,1,1,2,5,39" ten="328,225,32,405" oya="3" hai0="135,94,66,83,117,9,125,70,59,71,40,49,55" hai1="27,25,7,77,102,45,20,32,16,61,3,21,128" hai2="72,50,100,52,105,11,119,0,41,78,48,91,24" hai3="23,63,62,8,124,106,90,96,103,120,60,36,84"/><W5/><G120/><T112/><D117/><U44/><E128/><V65/><F119/><W79/><G124/><T68/><D125/><U113/><E32/><V87/><F72/><W18/><G36/><T19/><D135/><U126/><E126/><V122/><F78/><W34/><G34/><T15/><D112/><U74/><E113/><V121/><F105/><W57/><G79/><T123/><D123/><U35/><E35/><V98/><F121/><W33/><G33/><T95/><D83/><U17/><E102/><V28/><F122/><W110/><G110/><T38/><REACH who="0" step="1"/><D66/><REACH who="0" ten="318,225,32,405" step="2"/><U88/><E74/><V116/><F65/><W89/><G57/><T47/><AGARI ba="1,2" hai="9,15,19,38,40,47,49,55,59,68,70,71,94,95" machi="47" ten="40,8000,1" yaku="1,1,2,1,0,1,52,1,53,0" doraHai="39" doraHaiUra="73" who="0" fromWho="0" sc="318,103,225,-21,32,-21,405,-41" /><INIT seed="4,0,0,2,5,49" ten="421,204,11,364" oya="0" hai0="88,24,79,43,83,118,91,13,85,87,115,72,123" hai1="34,100,57,66,68,122,129,127,32,77,53,110,112" hai2="78,46,38,17,58,92,54,96,111,12,25,15,107" hai3="0,37,20,106,2,128,73,132,36,42,4,27,120"/><T45/><D118/><U103/><E34/><V8/><F107/><W93/><G93/><T22/><D123/><U21/><E32/><V125/><F111/><W3/><G42/><T65/><D65/><U59/><E68/><V74/><F125/><W31/><G106/><T6/><D115/><U134/><E122/><V50/><F74/><W40/><G73/><T7/><D13/><U101/><E127/><V131/><F78/><W71/><G71/><T124/><D124/><U108/><E112/><V10/><F131/><W119/><G40/><T130/><D130/><U29/><E129/><V95/><F25/><N who="3" m="16807" /><G37/><T47/><D72/><U61/><E134/><V98/><F38/><W39/><G36/><T86/><D79/><U113/><E77/><V9/><F46/><N who="0" m="17418" /><D43/><U5/><E113/><V94/><REACH who="2" step="1"/><F17/><REACH who="2" ten="421,204,1,364" step="2"/><W52/><G128/><T121/><D121/><U104/><E104/><V30/><F30/><W105/><G27/><T55/><D83/><U126/><E126/><V99/><AGARI ba="0,1" hai="8,9,10,12,15,50,54,58,92,94,95,96,98,99" machi="99" ten="40,12000,2" yaku="1,1,0,1,29,2,8,1,52,1,53,0" doraHai="49" doraHaiUra="84" who="2" fromWho="2" sc="421,-60,204,-30,1,130,364,-30" /><INIT seed="5,0,0,3,1,37" ten="361,174,131,334" oya="1" hai0="52,60,54,104,39,2,10,47,93,121,62,28,99" hai1="84,7,34,133,124,14,135,58,89,112,8,15,41" hai2="113,123,126,110,114,115,65,122,31,85,48,40,42" hai3="75,46,27,127,20,55,29,108,79,96,11,71,74"/><U83/><E34/><V90/><F31/><W24/><G108/><T134/><D104/><U101/><E124/><V13/><F110/><W120/><G71/><T3/><D134/><N who="1" m="51211" /><E112/><V32/><F32/><W16/><G120/><N who="2" m="46121" /><F126/><W91/><G127/><T33/><D121/><U36/><E101/><V1/><F1/><W78/><G75/><T56/><D33/><U12/><E58/><V116/><F116/><W21/><G11/><T35/><D35/><U18/><E18/><V97/><F97/><W94/><REACH who="3" step="1"/><G74/><REACH who="3" ten="361,174,131,324" step="2"/><T131/><D10/><U119/><E119/><V66/><F48/><AGARI ba="0,1" hai="16,20,21,24,27,29,46,48,55,78,79,91,94,96" machi="48" ten="40,8000,1" yaku="1,1,2,1,8,1,54,1,53,0" doraHai="37" doraHaiUra="130" who="3" fromWho="2" sc="361,0,174,0,131,-80,324,90" /><INIT seed="6,0,0,2,0,89" ten="361,174,51,414" oya="2" hai0="114,126,130,98,73,16,107,12,53,123,134,74,40" hai1="34,29,9,99,113,90,32,135,59,18,96,92,1" hai2="105,20,84,95,65,31,110,109,37,104,22,25,4" hai3="55,83,111,119,118,67,81,63,28,35,112,39,117"/><V103/><F37/><W71/><G111/><N who="2" m="42505" /><F65/><W72/><G35/><T15/><D123/><U14/><E135/><V102/><F4/><W122/><G28/><T94/><D134/><U116/><E116/><V131/><F131/><W38/><G72/><T54/><D107/><N who="2" m="41034" /><F84/><W26/><G83/><T13/><D74/><U57/><E113/><V17/><F95/><W56/><G81/><T33/><D114/><U97/><E1/><V121/><F121/><W70/><G26/><AGARI ba="0,0" hai="17,20,22,25,26,31,102,103" m="41034,42505" machi="26" ten="30,1500,0" yaku="10,1" doraHai="89" who="2" fromWho="3" sc="361,0,174,0,51,15,414,-15" /><INIT seed="6,1,0,4,2,55" ten="361,174,66,399" oya="2" hai0="47,110,23,127,87,63,86,112,73,50,99,51,60" hai1="75,39,4,53,96,111,20,8,57,21,37,94,38" hai2="76,131,89,36,24,105,97,19,35,65,22,46,26" hai3="122,108,12,84,67,62,109,81,29,2,120,16,118"/><V135/><F76/><W77/><G2/><T45/><D110/><U103/><E75/><V134/><F131/><W25/><G118/><T113/><D73/><U130/><E130/><V40/><F65/><W0/><G0/><T121/><D23/><U104/><E104/><V34/><F26/><W74/><G74/><T72/><D72/><U1/><REACH who="1" step="1"/><E111/><REACH who="1" ten="361,164,66,399" step="2"/><V93/><REACH who="2" step="1"/><F105/><REACH who="2" ten="361,164,56,399" step="2"/><W18/><G109/><T85/><D113/><U7/><E7/><V101/><F101/><W70/><G108/><T115/><D112/><U125/><E125/><V79/><F79/><W78/><G77/><T11/><D127/><U32/><E32/><AGARI ba="1,2" hai="19,22,24,32,34,35,36,40,46,89,93,97,134,135" machi="32" ten="40,2000,0" yaku="1,1,53,0" doraHai="55" doraHaiUra="9" who="2" fromWho="1" sc="361,0,164,-23,56,43,399,0" /><INIT seed="6,2,0,1,0,118" ten="361,141,99,399" oya="2" hai0="41,102,133,68,9,53,100,97,89,101,62,126,69" hai1="44,38,127,77,30,39,1,67,99,26,65,75,94" hai2="15,7,72,66,10,120,19,104,52,3,105,59,6" hai3="111,117,4,82,70,32,23,45,109,63,33,40,93"/><V103/><F72/><W5/><G117/><T20/><D41/><U84/><E1/><V50/><F66/><W56/><G70/><T18/><D9/><U135/><E75/><V132/><F132/><W42/><G93/><T11/><D11/><U0/><E0/><V121/><F6/><W78/><G23/><T88/><D126/><U49/><E39/><V58/><F59/><W51/><G40/><T95/><D89/><N who="1" m="55759" /><E38/><V48/><F104/><W34/><G4/><T110/><D110/><U71/><E71/><V112/><F112/><W43/><G42/><T25/><D133/><U60/><E60/><V92/><F105/><W21/><G21/><T129/><D129/><U80/><E127/><V12/><F48/><W35/><G5/><T122/><D122/><U57/><E57/><AGARI ba="2,0" hai="18,20,25,53,57,62,68,69,88,95,97,100,101,102" machi="57" ten="40,5200,0" yaku="25,2,54,1" doraHai="118" who="0" fromWho="1" sc="361,58,141,-58,99,0,399,0" /><INIT seed="7,0,0,5,2,87" ten="419,83,99,399" oya="3" hai0="65,75,112,33,110,117,6,4,20,55,29,91,52" hai1="71,93,106,41,108,2,17,109,50,11,8,99,114" hai2="66,51,23,21,9,15,74,0,57,46,56,30,92" hai3="3,70,113,90,104,130,105,22,118,18,131,19,83"/><W96/><G118/><T64/><D110/><U81/><E71/><V60/><F74/><W28/><G113/><T40/><D117/><U37/><E106/><V128/><F0/><W134/><G134/><T111/><D111/><U44/><E114/><V58/><F128/><N who="3" m="49195" /><G70/><T35/><D40/><U102/><E37/><V67/><F67/><W129/><N who="3" m="49203" /><W43/><DORA hai="59" /><G3/><T101/><D91/><U61/><E61/><V79/><F79/><W89/><G43/><T45/><D52/><U86/><E11/><V49/><F49/><W85/><G28/><T53/><D20/><N who="2" m="7754" /><F30/><W62/><G62/><T119/><D29/><U94/><E94/><V103/><F103/><N who="3" m="62567" /><G105/><T100/><D100/><U34/><E34/><V133/><F133/><W88/><G18/><T121/><D4/><U84/><E17/><V13/><F92/><W48/><G48/><T14/><D112/><U36/><E50/><V132/><F132/><W16/><G19/><T76/><D119/><U115/><E115/><V72/><F9/><W68/><G68/><T31/><D31/><U97/><E109/><V26/><F51/><W122/><G122/><T47/><D35/><U126/><E108/><V7/><F7/><W63/><G63/><T125/><D33/><U12/><E2/><V95/><F95/><W78/><G78/><T69/><D69/><U98/><E81/><V73/><F60/><W116/><G116/><T123/><D123/><U77/><E77/><V120/><F120/><W5/><G5/><T42/><D121/><U25/><E93/><V39/><F39/><W10/><G10/><RYUUKYOKU ba="0,0" sc="419,-10,83,-10,99,-10,399,30" hai3="16,22,83,85,88,89,90" owari="409,21.0,73,-43.0,89,-31.0,429,53.0" /></mjloggm>