<mjloggm ver="2.3"><GO type="41" lobby="0"/><UN n0="%E3%81%93%E3%81%84%E3%82%8F%E3%81%84%E3%82%88%E3%81%A4%E3%81%B0" n1="%E6%84%9B%E7%87%A6%E7%87%A6" n2="%E3%82%AF%E3%83%AA%E3%82%B9%E3%83%86%E3%83%A9" n3="%E3%82%A6%E3%83%AB%E3%83%88%E3%83%A9%E7%AB%8B%E7%9B%B4" dan="13,16,13,15" rate="1851.22,2017.62,1839.11,1982.20" sx="M,M,M,M"/><TAIKYOKU oya="0"/><INIT seed="0,0,0,2,5,23" ten="250,250,250,250" oya="0" hai0="92,44,89,25,111,81,14,58,2,109,96,6,129" hai1="100,69,33,82,115,123,61,8,37,55,74,101,66" hai2="127,29,95,57,119,38,35,49,84,85,72,45,77" hai3="40,120,116,65,24,73,62,51,78,93,54,59,46"/><T42/><D2/><U26/><E123/><V108/><F38/><W99/><G78/><T17/><D129/><U122/><E122/><V118/><F108/><N who="0" m="41546" /><D58/><U16/><E115/><V0/><F0/><W135/><G73/><T117/><D117/><N who="2" m="44554" /><F127/><W94/><G116/><T124/><D124/><U43/><E55/><N who="2" m="30127" /><F72/><W97/><G120/><T126/><D126/><U53/><E53/><V83/><F57/><W71/><G135/><T36/><D81/><U107/><E100/><V131/><F131/><W3/><G3/><T32/><D6/><U113/><E113/><V110/><F110/><W80/><G80/><T91/><D32/><U11/><E82/><V67/><F67/><W48/><G94/><T76/><D76/><U64/><E64/><V34/><F29/><W4/><G4/><T56/><D56/><U68/><E69/><V102/><F85/><W39/><G51/><T112/><D112/><U41/><E74/><V98/><AGARI ba="0,0" hai="34,35,77,83,84,95,98,102" m="30127,44554" machi="98" ten="30,1100,0" yaku="12,1" doraHai="23" who="2" fromWho="2" sc="250,-5,250,-3,250,11,250,-3" /><INIT seed="1,0,0,0,2,19" ten="245,247,261,247" oya="1" hai0="50,33,133,47,77,70,41,29,130,2,6,108,14" hai1="94,95,101,9,35,55,43,4,85,82,113,98,61" hai2="129,31,90,45,63,17,122,123,10,71,40,117,0" hai3="13,92,120,76,72,87,128,104,105,91,119,135,22"/><U8/><E113/><V97/><F117/><W96/><G120/><T132/><D70/><U81/><E35/><V114/><F114/><W121/><G121/><T46/><D2/><U37/><E37/><V53/><F129/><W131/><G119/><T102/><D130/><N who="3" m="49705" /><G72/><T11/><D102/><U99/><E43/><V23/><F31/><W89/><G76/><T26/><D77/><U15/><E9/><V127/><F127/><W51/><G51/><T3/><D3/><U25/><E85/><V75/><F75/><W21/><G13/><T100/><D100/><N who="1" m="60503" /><E25/><V64/><F0/><W34/><G34/><T30/><D30/><U73/><E73/><V60/><F10/><W79/><G79/><T124/><D46/><U65/><E65/><V42/><F45/><W67/><G67/><T48/><D48/><U110/><E110/><V109/><F109/><W56/><G56/><AGARI ba="0,0" hai="4,8,15,55,56,61,81,82,95,99,101" m="60503" machi="56" ten="30,1500,0" yaku="8,1" doraHai="19" who="1" fromWho="3" sc="245,0,247,15,261,0,247,-15" /><INIT seed="1,1,0,2,3,4" ten="245,262,261,232" oya="1" hai0="102,117,116,135,26,29,54,82,21,17,15,14,90" hai1="114,110,8,113,93,0,71,38,76,69,98,68,86" hai2="133,33,77,88,6,134,10,83,127,79,97,73,9" hai3="124,24,62,63,94,11,40,48,61,7,41,84,111"/><U32/><E32/><V55/><F33/><W109/><G124/><T44/><D135/><N who="2" m="51722" /><F127/><W95/><G24/><T66/><D102/><U1/><E38/><V47/><F77/><W43/><G48/><T57/><D15/><U16/><E76/><V85/><F97/><W67/><G67/><T87/><D66/><U100/><E86/><V132/><N who="2" m="51730" /><V49/><DORA hai="64" /><F6/><W119/><G119/><T45/><D117/><U96/><E110/><N who="3" m="41994" /><G84/><T3/><D3/><AGARI ba="1,0" hai="3,7,11,40,41,43,61,62,63,94,95" m="41994" machi="3" ten="40,2600,0" yaku="14,1,52,1" doraHai="4,64" who="3" fromWho="0" sc="245,-29,262,0,261,0,232,29" /><INIT seed="2,0,0,2,2,55" ten="216,262,261,261" oya="2" hai0="8,109,77,34,37,72,30,35,112,111,127,46,24" hai1="28,44,105,128,68,18,106,29,16,102,40,80,26" hai2="3,131,103,33,27,0,4,113,6,60,73,115,92" hai3="100,14,63,76,2,83,130,119,9,51,54,23,17"/><V78/><F131/><W114/><G119/><T20/><D112/><U58/><E128/><V108/><F108/><W116/><G116/><T88/><D127/><U67/><E29/><V43/><F43/><W87/><G114/><T120/><D120/><U81/><E68/><V95/><F60/><W74/><G74/><T53/><D8/><U75/><E106/><V59/><F59/><W121/><G121/><T96/><D77/><U61/><E105/><V50/><F50/><W82/><G100/><T134/><D72/><U19/><E102/><V11/><F78/><W93/><G93/><N who="0" m="56359" /><D134/><U118/><E75/><V65/><F73/><W97/><G97/><T101/><D101/><U12/><E12/><V69/><F69/><W41/><G82/><T110/><D37/><U99/><E99/><V91/><F65/><W36/><G36/><T39/><D39/><U79/><E118/><V1/><F103/><W49/><G2/><T89/><D89/><U135/><E135/><V123/><F123/><W122/><G122/><T62/><D46/><U13/><E13/><V98/><F95/><W129/><G129/><T56/><AGARI ba="0,0" hai="20,24,30,34,35,53,56,62,109,110,111" m="56359" machi="56" ten="40,5200,0" yaku="14,1,52,1,54,1" doraHai="55" who="0" fromWho="0" sc="216,52,262,-13,261,-26,261,-13" /><INIT seed="3,0,0,2,5,56" ten="268,249,235,248" oya="3" hai0="99,3,14,6,45,0,19,60,109,75,88,128,20" hai1="21,96,62,134,5,122,46,135,93,59,91,79,36" hai2="117,77,53,123,92,95,119,84,129,55,115,34,74" hai3="132,97,68,105,108,69,89,35,42,102,50,90,48"/><W47/><G132/><N who="1" m="50730" /><E122/><V43/><F123/><W51/><G35/><T38/><D75/><U107/><E79/><V81/><F115/><W11/><G11/><T54/><D3/><U71/><E71/><V37/><F34/><W103/><G108/><T78/><D109/><U29/><E5/><V58/><F129/><W16/><G16/><T127/><D78/><U98/><E46/><V87/><F53/><W1/><G1/><T133/><D128/><U113/><E36/><V41/><F117/><W67/><G103/><T86/><D99/><N who="1" m="57791" /><E107/><V111/><F119/><W104/><G104/><T22/><D0/><U28/><E113/><V44/><F111/><W13/><G69/><T116/><D6/><U39/><E39/><V83/><F43/><W94/><G13/><T64/><D38/><U7/><E7/><V110/><F110/><W114/><G114/><T63/><D64/><N who="1" m="39007" /><E29/><V112/><F112/><W32/><G105/><T12/><D116/><U4/><E4/><V65/><F65/><W27/><G67/><T125/><D133/><U2/><E2/><V76/><F74/><W80/><G68/><T57/><D45/><U15/><E15/><V23/><F23/><W101/><G47/><T130/><D130/><U10/><E10/><V106/><F106/><W17/><G42/><T52/><D20/><U8/><E8/><V85/><F87/><W30/><G17/><T66/><D12/><U24/><AGARI ba="0,0" hai="21,24,28,96,98" m="39007,57791,50730" machi="24" ten="30,2000,0" yaku="20,1,52,1" doraHai="56" who="1" fromWho="1" sc="268,-5,249,20,235,-5,248,-10" /><INIT seed="4,0,0,1,2,93" ten="263,269,230,238" oya="0" hai0="117,30,98,79,71,9,2,15,126,13,95,11,52" hai1="124,84,50,22,14,36,134,56,111,94,109,24,55" hai2="81,80,39,27,47,38,101,64,65,131,102,90,107" hai3="1,57,108,3,121,25,72,129,34,68,83,62,7"/><T120/><D120/><U69/><E36/><V18/><F131/><W119/><G57/><T41/><D117/><U122/><E69/><V12/><F27/><W32/><G119/><T60/><D2/><U76/><E134/><V40/><F39/><W49/><G49/><T97/><D126/><U29/><E124/><V118/><F118/><W106/><G108/><T44/><D30/><U105/><E105/><V46/><F47/><W8/><G3/><T88/><D79/><U31/><E29/><V100/><F107/><W77/><G129/><T89/><D71/><U61/><E122/><V63/><F64/><W78/><G78/><T130/><D130/><U59/><E14/><N who="0" m="5129" /><D41/><U17/><E31/><V75/><F90/><N who="0" m="34922" /><D95/><U110/><E94/><V23/><REACH who="2" step="1"/><F75/><REACH who="2" ten="263,269,220,238" step="2"/><W73/><G73/><T70/><D70/><AGARI ba="0,1" hai="12,18,23,38,40,46,63,65,70,80,81,100,101,102" machi="70" ten="40,2600,0" yaku="1,1,2,1,53,0" doraHai="93" doraHaiUra="45" who="2" fromWho="0" sc="263,-26,269,0,220,36,238,0" /><INIT seed="5,0,0,1,3,70" ten="237,269,256,238" oya="1" hai0="110,134,67,127,16,21,82,78,12,4,52,51,102" hai1="81,123,132,50,128,100,54,26,3,71,117,97,91" hai2="101,94,79,18,29,99,98,125,113,62,33,37,38" hai3="25,10,8,89,49,28,88,107,2,39,119,108,116"/><U130/><E123/><V72/><F125/><W92/><G107/><T6/><D110/><U20/><E3/><V87/><F113/><W111/><G49/><T55/><D127/><U61/><E117/><N who="3" m="45130" /><G2/><T22/><D134/><U45/><E132/><V118/><F118/><W112/><G112/><T40/><D102/><U104/><E71/><V105/><F62/><W129/><G129/><N who="1" m="49770" /><E61/><V126/><F126/><W24/><G39/><T131/><D131/><U47/><E81/><V9/><F72/><W106/><G106/><T43/><D67/><U93/><E47/><V57/><F57/><W14/><G92/><T85/><D21/><U63/><E63/><V15/><F29/><W65/><G65/><T64/><D64/><U109/><E109/><N who="3" m="42058" /><G28/><T114/><D114/><U80/><E80/><V13/><F33/><W30/><G30/><T135/><D135/><U56/><E45/><V19/><F79/><W77/><G77/><T34/><D34/><U48/><E50/><V5/><F87/><W103/><G103/><T115/><D115/><U66/><E66/><V69/><F69/><W122/><G122/><T44/><REACH who="0" step="1"/><D55/><REACH who="0" ten="227,269,256,238" step="2"/><U0/><E104/><V17/><REACH who="2" step="1"/><F13/><REACH who="2" ten="227,269,246,238" step="2"/><W1/><G14/><T35/><D35/><U31/><E0/><V36/><F36/><W83/><G1/><T74/><D74/><U32/><E32/><V60/><F60/><W68/><G68/><T58/><D58/><U124/><E124/><V121/><F121/><W76/><G24/><T96/><D96/><U46/><E56/><V53/><F53/><W11/><G25/><T7/><AGARI ba="0,2" hai="4,6,7,12,16,22,40,43,44,51,52,78,82,85" machi="7" ten="30,12000,2" yaku="1,1,5,1,0,1,8,1,54,2,53,1" doraHai="70" doraHaiUra="42" who="0" fromWho="0" sc="227,140,269,-60,246,-30,238,-30" /><INIT seed="6,0,0,5,1,51" ten="367,209,216,208" oya="2" hai0="33,69,83,29,78,57,117,92,97,1,71,132,11" hai1="73,3,26,86,18,65,53,15,8,28,126,32,124" hai2="34,108,21,88,101,5,133,50,48,25,125,135,121" hai3="85,63,36,45,67,46,0,131,112,13,119,54,58"/><V37/><F121/><W110/><G0/><T31/><D1/><U84/><E73/><V98/><F108/><W55/><G110/><T104/><D104/><U7/><E65/><V60/><F37/><W87/><G119/><T4/><D4/><U43/><E43/><V23/><F125/><N who="1" m="48233" /><E53/><N who="3" m="19978" /><G36/><T76/><D83/><U79/><E79/><V14/><F34/><W9/><G112/><T116/><D57/><U102/><E102/><V47/><F60/><W72/><G72/><T35/><D92/><U109/><E109/><V20/><F25/><W107/><G107/><T95/><D95/><U62/><E62/><V16/><F5/><N who="3" m="3247" /><G131/><T64/><D71/><U41/><E41/><V75/><F75/><W114/><G114/><T99/><D69/><U10/><AGARI ba="0,0" hai="3,7,8,10,15,18,26,28,32,84,86" m="48233" machi="10" ten="30,1100,0" yaku="18,1" doraHai="51" who="1" fromWho="1" sc="367,-3,209,11,216,-5,208,-3" /><INIT seed="7,0,0,2,2,94" ten="364,220,211,205" oya="3" hai0="124,24,95,57,93,55,26,117,59,61,2,76,21" hai1="48,97,82,49,122,102,67,51,32,100,47,44,73" hai2="29,108,87,81,75,85,132,66,68,80,34,114,6" hai3="104,96,119,13,56,115,15,62,5,14,36,74,18"/><W12/><G36/><T53/><D2/><U111/><E111/><V20/><F108/><W8/><G74/><T40/><D117/><U45/><E122/><V126/><F34/><W4/><G119/><T79/><D124/><U63/><E32/><V38/><F126/><W112/><G112/><T7/><D7/><U25/><E25/><V128/><F114/><W0/><G115/><T16/><D40/><U65/><E82/><V9/><F38/><W28/><G28/><T134/><D26/><U37/><E73/><V31/><F75/><W50/><G50/><N who="0" m="30903" /><D134/><U116/><E116/><V101/><F132/><W125/><G125/><T3/><D3/><U130/><E130/><V23/><F128/><W27/><G27/><T39/><D39/><U129/><E129/><V90/><F101/><W91/><G0/><T35/><D35/><U1/><E1/><V106/><F106/><W33/><G33/><T19/><D19/><U43/><E37/><V72/><F72/><W54/><REACH who="3" step="1"/><G104/><REACH who="3" ten="364,220,211,195" step="2"/><T135/><D135/><U103/><E43/><V64/><F68/><W60/><G60/><T71/><D71/><U78/><E63/><V113/><F113/><W84/><G84/><T46/><D61/><U133/><E133/><V118/><F118/><W10/><G10/><T131/><D131/><U22/><E22/><V41/><F41/><W123/><G123/><T30/><D21/><U121/><E121/><V120/><F120/><W77/><G77/><T109/><D76/><U88/><E78/><N who="2" m="46231" /><F9/><W110/><G110/><T52/><D109/><U127/><E127/><V11/><F11/><RYUUKYOKU ba="0,1" sc="364,-15,220,15,211,-15,195,15" hai1="44,45,47,48,49,51,65,67,88,97,100,102,103" hai3="4,5,8,12,13,14,15,18,54,56,62,91,96" /><INIT seed="7,1,1,1,3,48" ten="349,235,196,210" oya="3" hai0="6,92,96,134,111,119,49,27,118,132,60,1,43" hai1="84,69,135,44,52,53,106,123,31,114,93,2,88" hai2="4,68,58,74,112,128,36,8,24,22,79,42,63" hai3="125,21,50,86,89,54,100,32,77,122,10,115,39"/><W98/><G32/><T56/><D111/><U73/><E73/><V26/><F68/><W16/><G39/><T23/><D6/><U34/><E123/><V110/><F110/><W108/><G122/><T124/><D1/><U30/><E106/><V99/><F128/><W33/><G33/><T12/><D12/><U105/><E105/><V45/><F112/><W101/><G10/><T5/><D5/><U66/><E2/><N who="2" m="23" /><F99/><W51/><G51/><T131/><D49/><N who="1" m="28711" /><E34/><V129/><F129/><W38/><G38/><T0/><D43/><U91/><E69/><V37/><F37/><W11/><G11/><T19/><D0/><U127/><E114/><V55/><F22/><W3/><G3/><T104/><D104/><U13/><E135/><N who="0" m="51753" /><D131/><U17/><E127/><V65/><F65/><W133/><G125/><T67/><D124/><U20/><E66/><V97/><F97/><W64/><G64/><T82/><D82/><AGARI ba="1,1" hai="24,26,36,42,45,55,58,63,74,79,82" m="23" machi="82" ten="30,2000,0" yaku="25,1,52,1" doraHai="48" who="2" fromWho="0" sc="349,-23,235,0,196,33,210,0" owari="326,42.0,235,4.0,229,-17.0,210,-29.0" /></mjloggm>