<mjloggm ver="2.3"><GO type="97" lobby="0"/><UN n0="%E3%82%A6%E3%83%AB%E3%83%88%E3%83%A9%E7%AB%8B%E7%9B%B4" n1="%E4%B8%89%E7%9B%B4%E6%94%AF%E9%83%A8%E4%BC%9A%E9%95%B7" n2="%E3%82%B8%E3%83%A3%E3%82%A2%E3%82%AF%E3%83%95%E3%83%AD%E3%82%B9%E3%83%88" n3="%E3%82%8A%E3%81%8D%E3%81%96%E3%81%84%E3%82%8B%E2%98%86" dan="14,13,13,16" rate="1879.99,1969.27,2022.09,2050.47" sx="M,M,M,F"/><TAIKYOKU oya="0"/><INIT seed="0,0,0,5,3,86" ten="250,250,250,250" oya="0" hai0="20,52,124,115,82,66,69,56,132,73,49,118,39" hai1="95,96,113,134,87,100,16,50,84,101,90,43,94" hai2="77,65,111,25,27,6,42,85,108,53,48,80,130" hai3="32,104,121,74,23,71,51,62,0,105,46,38,61"/><T31/><D118/><U88/><E134/><V14/><F65/><W106/><G32/><T79/><D115/><U131/><E113/><V102/><F102/><W99/><G121/><T35/><D132/><U47/><E131/><V135/><F42/><W7/><G38/><T34/><D124/><U109/><E109/><N who="2" m="42059" /><F135/><W67/><G74/><T55/><D39/><U114/><E114/><V33/><F33/><W60/><G23/><T21/><D35/><U112/><E112/><V40/><F40/><W89/><G7/><T8/><D55/><U97/><E101/><V4/><F130/><W93/><REACH who="3" step="1"/><G0/><REACH who="3" ten="250,250,250,240" step="2"/><T78/><D21/><U54/><E100/><V2/><F4/><W41/><AGARI ba="0,1" hai="41,46,51,60,61,62,67,71,89,93,99,104,105,106" machi="41" ten="30,7900,0" yaku="1,1,2,1,0,1,52,1,53,0" doraHai="86" doraHaiUra="76" who="3" fromWho="3" sc="250,-39,250,-20,250,-20,240,89" /><INIT seed="1,0,0,1,1,59" ten="211,230,230,329" oya="1" hai0="93,35,133,15,104,26,77,65,74,39,82,61,53" hai1="72,94,112,25,109,51,114,122,80,32,38,91,117" hai2="111,76,127,52,103,118,101,41,131,110,86,29,58" hai3="123,33,48,0,85,62,24,87,69,99,40,73,75"/><U84/><E38/><V1/><F118/><W88/><G0/><T98/><D133/><U89/><E117/><V36/><F1/><W28/><G123/><T44/><D15/><U7/><E122/><V116/><F116/><W34/><G34/><T96/><D104/><U134/><E134/><V30/><F127/><W121/><G121/><T106/><D106/><U54/><E7/><V125/><F125/><W119/><G119/><T31/><D93/><U4/><E4/><V23/><F131/><W95/><G40/><T63/><D39/><U6/><E6/><V46/><F23/><W57/><G48/><T128/><D128/><U18/><E72/><V130/><F130/><W50/><G50/><T90/><D90/><U11/><E109/><N who="2" m="41483" /><F86/><W12/><G12/><T129/><D129/><U68/><E68/><V22/><F76/><W132/><G69/><T3/><D3/><U67/><E67/><V64/><F64/><W70/><G70/><T19/><D19/><U10/><E32/><V126/><F126/><W55/><G132/><T115/><D115/><U120/><E120/><V5/><F5/><W105/><G85/><T20/><D35/><U100/><E100/><N who="2" m="38475" /><F22/><W42/><G105/><T13/><D65/><U45/><E114/><V2/><F2/><W92/><G42/><T107/><D107/><U43/><E112/><V124/><F124/><W71/><G71/><T14/><D96/><N who="1" m="57423" /><E43/><V8/><F8/><W83/><G95/><T135/><D98/><U56/><E45/><V27/><F27/><W102/><AGARI ba="0,0" hai="24,28,33,55,57,62,73,75,83,87,88,92,99,102" machi="102" ten="20,5200,0" yaku="0,1,7,1,52,1,54,1" doraHai="59" who="3" fromWho="3" sc="211,-13,230,-26,230,-13,329,52" /><INIT seed="2,0,0,1,3,91" ten="198,204,217,381" oya="2" hai0="124,36,133,97,123,8,7,43,56,32,78,44,107" hai1="51,132,106,40,119,95,61,4,33,134,118,67,58" hai2="55,75,108,3,101,59,45,93,49,113,26,131,6" hai3="27,74,20,37,72,31,71,29,121,117,128,70,21"/><V41/><F113/><W23/><G117/><N who="1" m="44554" /><E106/><V2/><F75/><W15/><G128/><T46/><D123/><U111/><E33/><V66/><F66/><W135/><G37/><T105/><D124/><U120/><E4/><V88/><F131/><W30/><G135/><N who="1" m="51754" /><E120/><V12/><F101/><W14/><G121/><T5/><D133/><U34/><E95/><V25/><F108/><W69/><G27/><T48/><D32/><U42/><E34/><V112/><F112/><W52/><G52/><T1/><D7/><U77/><E77/><V83/><F83/><W82/><G82/><T125/><D125/><U114/><E114/><V100/><F100/><W17/><G17/><T96/><D56/><U81/><E81/><V13/><F3/><W22/><N who="3" m="5632" /><DORA hai="90" /><W54/><G54/><T19/><D19/><U76/><E76/><V63/><F2/><W64/><G64/><T89/><D78/><U47/><E111/><V28/><F6/><W73/><AGARI ba="0,0" hai="14,15,29,30,31,69,70,71,72,73,74" m="5632" machi="73" ten="60,32000,5" yakuman="40" doraHai="91,90" who="3" fromWho="3" sc="198,-80,204,-80,217,-160,381,320" /><INIT seed="3,0,0,1,5,79" ten="118,124,57,701" oya="3" hai0="0,23,104,126,61,49,60,78,16,124,109,11,88" hai1="26,54,43,114,37,133,97,98,65,22,5,13,125" hai2="107,72,130,38,129,121,103,12,48,95,90,115,31" hai3="27,67,18,35,120,71,25,19,4,59,77,7,73"/><W102/><G120/><T117/><D104/><U1/><E1/><V112/><F38/><W46/><G71/><T82/><D88/><U53/><E114/><N who="2" m="43563" /><F48/><W36/><G102/><T21/><D117/><U75/><E75/><V99/><F31/><W66/><G73/><N who="0" m="43343" /><D49/><U86/><E37/><V32/><F12/><W17/><G77/><T50/><D50/><U119/><E43/><V63/><F63/><W134/><G134/><T68/><D68/><U96/><E133/><V74/><F32/><W128/><G128/><N who="2" m="49257" /><F121/><W55/><G46/><T85/><D61/><U83/><E119/><V42/><F42/><W14/><G36/><T29/><D29/><U105/><E105/><V135/><F135/><W94/><G35/><T41/><D60/><U122/><E122/><V62/><F62/><N who="3" m="36223" /><G14/><T20/><D41/><U33/><E33/><V118/><F118/><W80/><G25/><T58/><D58/><U108/><E65/><V51/><F51/><W106/><G27/><T131/><D0/><U89/><E125/><V2/><F2/><W56/><G66/><T44/><D131/><U47/><E47/><V127/><F127/><W69/><G67/><T87/><D44/><U10/><E108/><V70/><F70/><W39/><G56/><T57/><D57/><U132/><E132/><V116/><F116/><W76/><G69/><T28/><D28/><AGARI ba="0,0" hai="5,10,13,22,26,28,53,54,83,86,89,96,97,98" machi="28" ten="40,2600,0" yaku="8,1,52,1" doraHai="79" who="1" fromWho="0" sc="118,-26,124,26,57,0,701,0" owari="92,-31.0,150,-5.0,57,-44.0,701,80.0" /></mjloggm>