<mjloggm ver="2.3"><GO type="225" lobby="0"/><UN n0="%E5%8F%8D%E9%80%86%E3%81%84%E3%82%8B%E3%81%84%E3%82%8B" n1="%E3%82%A6%E3%83%AB%E3%83%88%E3%83%A9%E7%AB%8B%E7%9B%B4" n2="%E5%8D%97%E5%9B%BD%E9%9B%80" n3="%E9%AC%BC%E7%95%9C%E6%88%A6%E5%A3%AB" dan="17,16,16,16" rate="2175.69,2004.54,2137.92,2110.82" sx="F,M,M,M"/><TAIKYOKU oya="0"/><INIT seed="0,0,0,1,4,111" ten="250,250,250,250" oya="0" hai0="78,3,77,85,43,52,102,5,12,27,118,72,21" hai1="0,124,95,100,105,38,18,90,84,126,108,69,75" hai2="127,119,47,135,14,65,114,42,57,130,6,23,22" hai3="58,35,54,2,83,34,112,36,106,76,53,98,19"/><T115/><D118/><U37/><E0/><V62/><F119/><W67/><G112/><T44/><D3/><U64/><E37/><V91/><F114/><W121/><G36/><T129/><D115/><U26/><E38/><V33/><F135/><W28/><G2/><T4/><D72/><U41/><E41/><V24/><F130/><W96/><G67/><T11/><D129/><U30/><E18/><V29/><F127/><W92/><G19/><N who="0" m="8607" /><D43/><U20/><E108/><V1/><F1/><W110/><G110/><T45/><D102/><U128/><E128/><V61/><F61/><W86/><G28/><N who="0" m="17519" /><D45/><U88/><E75/><V133/><F133/><W66/><G66/><T73/><D73/><U56/><E69/><V125/><F125/><N who="1" m="48233" /><E105/><V10/><REACH who="2" step="1"/><F91/><REACH who="2" ten="250,250,240,250" step="2"/><W40/><G121/><T107/><D107/><U82/><E90/><V70/><F70/><W79/><G106/><T120/><D120/><U89/><E89/><V101/><F101/><W117/><G117/><T25/><D25/><U31/><E100/><V81/><F81/><W80/><G83/><N who="0" m="47343" /><D78/><U8/><E26/><V74/><F74/><W15/><G76/><T94/><D94/><U60/><E95/><V93/><F93/><W49/><G92/><T131/><D131/><U17/><E82/><V59/><F59/><W63/><G80/><T122/><D122/><U97/><E56/><V71/><F71/><W104/><G79/><T55/><D44/><U123/><E123/><V99/><F99/><N who="3" m="37931" /><G104/><T32/><D32/><U16/><E97/><V39/><AGARI ba="0,1" hai="6,10,14,22,23,24,29,33,39,42,47,57,62,65" machi="39" ten="20,2700,0" yaku="1,1,0,1,7,1,53,0" doraHai="111" doraHaiUra="134" who="2" fromWho="2" sc="250,-13,250,-7,240,37,250,-7" /><INIT seed="1,0,0,2,5,22" ten="237,243,277,243" oya="1" hai0="36,5,129,45,62,74,130,35,24,119,113,32,41" hai1="39,6,91,107,109,8,10,124,99,111,42,64,95" hai2="80,19,29,85,73,55,50,58,96,131,72,31,98" hai3="90,1,108,102,57,100,27,78,93,37,4,44,135"/><U43/><E107/><V70/><F70/><W66/><G108/><N who="1" m="41546" /><E64/><V132/><F132/><W105/><G105/><T71/><D119/><U16/><E39/><V79/><F131/><N who="0" m="50186" /><D113/><U61/><E61/><V82/><F19/><W60/><G78/><T122/><D122/><U116/><E116/><V69/><F69/><W94/><G94/><T48/><D74/><U23/><E124/><V21/><F73/><W75/><G75/><T0/><D48/><U40/><E6/><V49/><F49/><W9/><G135/><T65/><D24/><AGARI ba="0,0" hai="8,10,16,23,24,40,42,43,91,95,99" m="41546" machi="24" ten="30,11600,0" yaku="14,1,10,1,52,1,54,1" doraHai="22" who="1" fromWho="0" sc="237,-116,243,116,277,0,243,0" /><INIT seed="1,1,0,0,2,2" ten="121,359,277,243" oya="1" hai0="68,27,77,96,86,57,87,58,99,115,117,83,53" hai1="37,8,3,128,32,31,6,85,12,34,45,22,17" hai2="84,109,63,101,125,70,93,91,133,9,56,35,127" hai3="113,52,43,29,51,75,18,41,54,62,36,40,39"/><U59/><E45/><V11/><F70/><W5/><G75/><T60/><D68/><U88/><E37/><N who="3" m="14410" /><G18/><T81/><D117/><U73/><E73/><V112/><F35/><W76/><G76/><T98/><D115/><U123/><E123/><V104/><F112/><W7/><G29/><T129/><D129/><U66/><E128/><V0/><F109/><W135/><G113/><T126/><D126/><N who="2" m="48138" /><F0/><W79/><G79/><T64/><D27/><U55/><E66/><N who="2" m="39271" /><F133/><W74/><G74/><T131/><D131/><U21/><E31/><V10/><F101/><W15/><G15/><T61/><REACH who="0" step="1"/><D99/><REACH who="0" ten="111,359,277,243" step="2"/><U121/><E121/><V26/><F26/><W13/><G135/><T107/><D107/><AGARI ba="1,1" hai="9,10,11,84,91,93,104,107" m="39271,48138" machi="107" ten="30,1000,0" yaku="18,1" doraHai="2" who="2" fromWho="0" sc="111,-13,359,0,277,23,243,0" /><INIT seed="2,0,0,2,1,6" ten="98,359,300,243" oya="2" hai0="117,20,27,36,101,46,106,28,87,57,111,31,128" hai1="131,99,73,120,21,52,110,45,2,55,69,121,71" hai2="50,34,95,29,72,10,39,102,82,24,89,47,51" hai3="14,113,11,58,86,13,67,9,12,125,94,43,126"/><V112/><F112/><W118/><G118/><T26/><D117/><U83/><E2/><V40/><F102/><W90/><G113/><T25/><D111/><U5/><E110/><V97/><F72/><W37/><G37/><T22/><D128/><U56/><E99/><V48/><F82/><W98/><G43/><T134/><D134/><U53/><E131/><V30/><F30/><W130/><G130/><T35/><D106/><U15/><E45/><V105/><F105/><W104/><G67/><T109/><D101/><U114/><E114/><V79/><F79/><W4/><G58/><T115/><D115/><U66/><E66/><V78/><F78/><W129/><G129/><T85/><D109/><U49/><E83/><V91/><F91/><N who="3" m="55647" /><G104/><T80/><D80/><U96/><E96/><V77/><F77/><W133/><G4/><T68/><D68/><U88/><E69/><V127/><F127/><N who="3" m="48651" /><G133/><T1/><D1/><U135/><E71/><V84/><F97/><W33/><G33/><T16/><REACH who="0" step="1"/><D57/><REACH who="0" ten="88,359,300,243" step="2"/><U76/><E135/><V63/><F95/><AGARI ba="0,1" hai="9,11,12,13,14,86,90,95" m="48651,55647" machi="95" ten="30,3900,0" yaku="18,1,52,2" doraHai="6" who="3" fromWho="2" sc="88,0,359,0,300,-39,243,49" /><INIT seed="3,0,0,0,0,42" ten="88,359,261,292" oya="3" hai0="116,106,107,80,17,108,3,21,26,92,129,29,70" hai1="12,88,45,96,53,68,10,54,37,76,24,19,35" hai2="25,99,56,14,60,121,51,4,47,74,40,55,120" hai3="95,113,46,15,86,84,2,130,127,98,128,82,34"/><W72/><G113/><T20/><D116/><U119/><E68/><V104/><F74/><W38/><G2/><T132/><D132/><U90/><E76/><V8/><REACH who="2" step="1"/><F25/><REACH who="2" ten="88,359,251,292" step="2"/><W118/><G118/><T48/><D26/><U125/><E24/><V110/><F110/><W117/><G117/><T63/><D108/><U69/><E119/><V44/><F44/><W1/><G127/><T81/><D129/><U13/><E45/><V61/><F61/><W112/><G72/><T50/><D63/><U5/><E125/><V124/><F124/><W122/><G112/><T6/><D106/><U30/><E35/><V39/><F39/><W94/><G122/><T73/><D107/><U87/><E37/><V83/><F83/><W134/><G38/><T66/><D66/><U67/><E67/><V62/><F62/><W131/><G134/><T36/><D70/><U111/><E111/><V97/><F97/><W75/><G34/><T101/><D36/><U78/><E96/><V89/><F89/><W7/><G75/><T65/><D73/><U85/><E88/><V114/><F114/><W16/><G128/><T0/><D65/><U58/><E90/><V23/><F23/><W109/><G130/><T71/><D21/><U41/><E85/><V57/><F57/><W79/><G131/><T126/><D20/><U22/><E58/><V100/><AGARI ba="0,1" hai="4,8,14,40,47,51,55,56,60,99,100,104,120,121" machi="100" ten="30,4000,0" yaku="1,1,0,1,52,1,53,0" doraHai="42" doraHaiUra="31" who="2" fromWho="2" sc="88,-10,359,-10,251,50,292,-20" owari="78,-42.0,349,45.0,301,10.0,272,-13.0" /></mjloggm>