<mjloggm ver="2.3"><GO type="97" lobby="0"/><UN n0="%68%6F%72%6F%72%61%6B%75" n1="%6D%61%79%75%31%36" n2="%E3%82%A6%E3%83%AB%E3%83%88%E3%83%A9%E7%AB%8B%E7%9B%B4" n3="%E3%81%BD%E3%81%BD%E3%82%8D%E3%81%A3%E3%81%A8%E2%99%AA" dan="15,13,16,13" rate="1932.24,1870.20,2003.32,1921.93" sx="M,F,M,M"/><TAIKYOKU oya="0"/><INIT seed="0,0,0,4,1,131" ten="250,250,250,250" oya="0" hai0="129,83,59,130,60,119,20,57,50,11,135,125,3" hai1="29,90,23,132,15,48,21,75,67,5,27,51,110" hai2="98,31,72,96,101,40,18,85,120,108,49,97,26" hai3="2,32,4,53,134,95,62,37,35,47,65,16,43"/><T33/><D33/><U34/><E75/><V100/><F18/><W122/><G122/><T123/><D119/><U45/><E110/><V13/><F13/><W54/><G95/><T63/><D123/><U127/><E132/><V107/><F49/><W91/><G91/><T38/><D38/><U111/><E127/><V55/><F55/><W66/><G134/><T36/><D36/><U102/><E111/><V14/><F14/><W1/><G4/><T77/><D135/><U68/><E102/><N who="2" m="62919" /><F26/><W126/><G126/><T86/><D125/><U71/><E67/><V56/><F56/><W22/><G2/><T82/><D20/><U70/><E51/><V58/><F58/><W99/><G1/><T88/><D50/><U6/><E90/><V128/><F31/><W105/><G35/><T12/><D3/><U46/><E46/><V103/><F40/><W124/><G32/><T114/><D114/><U79/><E79/><V116/><F108/><W25/><G124/><T117/><D117/><U78/><E78/><V61/><F61/><N who="0" m="23626" /><D130/><U30/><E30/><V115/><F115/><W84/><G84/><N who="0" m="48207" /><D129/><U0/><E0/><V8/><F8/><W64/><REACH who="3" step="1"/><G62/><REACH who="3" ten="250,250,250,240" step="2"/><T41/><D41/><U28/><E34/><V9/><F120/><W113/><G113/><T24/><D24/><U93/><E5/><AGARI ba="0,1" hai="5,11,12,57,59,83,86,88" m="48207,23626" machi="5" ten="30,2900,0" yaku="8,1,54,1" doraHai="131" who="0" fromWho="1" sc="250,39,250,-29,250,0,240,0" /><INIT seed="0,1,0,0,2,116" ten="289,221,250,240" oya="0" hai0="6,124,101,79,3,41,63,81,30,102,107,125,40" hai1="103,42,135,62,119,109,56,77,4,71,27,23,7" hai2="54,37,38,113,64,95,52,39,12,74,86,111,91" hai3="66,17,85,20,93,26,129,118,67,35,127,76,10"/><T29/><D63/><U90/><E109/><V31/><F74/><W133/><G127/><N who="0" m="48715" /><D3/><U25/><E135/><V123/><F113/><W94/><G133/><T19/><D6/><U131/><E119/><V112/><F112/><W18/><G129/><T108/><D108/><U126/><E131/><V11/><F111/><W68/><G118/><T43/><D19/><U46/><E71/><V78/><F78/><W98/><G68/><T89/><D89/><U9/><E126/><V134/><F134/><W24/><G35/><T130/><D130/><U128/><E128/><V83/><F64/><W61/><G61/><T28/><D107/><U50/><E77/><V22/><F123/><W14/><G26/><T59/><D59/><U114/><E103/><N who="0" m="39433" /><D79/><U2/><E7/><V13/><F95/><N who="3" m="36363" /><G98/><T69/><D81/><AGARI ba="1,0" hai="10,14,17,18,20,24,66,67,76,81,85" m="36363" machi="81" ten="30,1000,0" yaku="8,1" doraHai="116" who="3" fromWho="0" sc="289,-13,221,0,250,0,240,13" /><INIT seed="1,0,0,3,4,68" ten="276,221,250,253" oya="1" hai0="116,130,99,62,132,89,92,51,67,82,12,41,30" hai1="83,111,1,100,70,135,47,76,75,9,8,52,4" hai2="120,14,84,126,106,19,127,93,79,20,2,95,73" hai3="91,33,71,5,28,85,133,23,78,102,46,114,13"/><U56/><E70/><V103/><F2/><W25/><G71/><T40/><D116/><U21/><E135/><V80/><F120/><W131/><G133/><T44/><D130/><U54/><E111/><V113/><F113/><W66/><G131/><T72/><D132/><U11/><E100/><V0/><F0/><W88/><G114/><T119/><D119/><U59/><E21/><V121/><F121/><W26/><G66/><T39/><D30/><U128/><E47/><V94/><F14/><W129/><G129/><T86/><D72/><U15/><E1/><V37/><F19/><W115/><G115/><T34/><D34/><U18/><E4/><V53/><F53/><W112/><G112/><T96/><D12/><U22/><E128/><V42/><F20/><W108/><G108/><T123/><D123/><U101/><E101/><V45/><REACH who="2" step="1"/><F84/><REACH who="2" ten="276,221,240,253" step="2"/><W61/><G23/><T49/><D41/><U35/><E35/><V109/><F109/><W118/><G13/><T10/><D10/><U16/><E11/><V65/><F65/><W50/><G85/><T69/><REACH who="0" step="1"/><D96/><AGARI ba="0,1" hai="37,42,45,73,79,80,93,94,95,96,103,106,126,127" machi="96" ten="40,2600,0" yaku="1,1,52,1,53,0" doraHai="68" doraHaiUra="63" who="2" fromWho="0" sc="276,-26,221,0,240,36,253,0" /><INIT seed="2,0,0,1,4,7" ten="250,221,276,253" oya="2" hai0="38,86,23,113,22,37,21,10,2,56,104,11,96" hai1="33,105,132,17,129,24,88,3,30,128,109,103,4" hai2="75,35,101,25,72,28,120,99,57,53,106,83,32" hai3="69,119,97,61,82,94,62,90,47,36,60,126,91"/><V107/><F120/><W118/><G126/><T43/><D113/><U48/><E103/><V20/><F107/><W45/><G69/><T40/><D2/><U55/><E105/><V66/><F66/><W80/><G36/><T1/><D1/><U125/><E125/><V27/><F83/><N who="3" m="31787" /><G94/><T42/><D86/><U115/><E115/><V134/><F134/><W58/><G58/><T64/><D104/><U16/><E132/><V19/><F35/><W111/><G97/><T89/><D96/><U18/><E109/><V63/><AGARI ba="0,0" hai="19,20,25,27,28,32,53,57,63,72,75,99,101,106" machi="63" ten="20,2100,0" yaku="0,1,7,1" doraHai="7" who="2" fromWho="2" sc="250,-7,221,-7,276,21,253,-7" /><INIT seed="2,1,0,0,4,99" ten="243,214,297,246" oya="2" hai0="12,8,130,71,97,112,22,80,2,53,132,79,17" hai1="7,51,13,94,63,1,46,54,29,3,96,60,41" hai2="119,23,122,40,55,81,92,115,9,121,24,129,66" hai3="83,135,116,30,105,65,88,101,128,76,52,69,84"/><V38/><F40/><W0/><G116/><T70/><D112/><U48/><E29/><V113/><F38/><W27/><G135/><T14/><D132/><U67/><E3/><V19/><F66/><W110/><G128/><T77/><D130/><U87/><E1/><V36/><F36/><W25/><G0/><T82/><D2/><U47/><E87/><V108/><F55/><W78/><G110/><T124/><D124/><U37/><E67/><V75/><F92/><W20/><G27/><T18/><D97/><U118/><E37/><V114/><F81/><W33/><G33/><T109/><D109/><U98/><E98/><V28/><F75/><W10/><G10/><T111/><D111/><U49/><E49/><V68/><F68/><W120/><G120/><T125/><D125/><U131/><E118/><V127/><F108/><W31/><G31/><T58/><D80/><U72/><E72/><V73/><F73/><W106/><G52/><T5/><D5/><U11/><E131/><V32/><F129/><W74/><G101/><AGARI ba="1,0" hai="7,11,13,41,46,47,48,51,54,60,63,94,96,101" machi="101" ten="30,3900,0" yaku="7,1,8,1,52,1" doraHai="99" who="1" fromWho="3" sc="243,0,214,42,297,0,246,-42" /><INIT seed="3,0,0,4,0,46" ten="243,256,297,204" oya="3" hai0="115,67,80,88,19,86,75,50,122,17,7,79,4" hai1="74,45,43,58,89,31,18,104,54,34,103,53,98" hai2="96,25,9,1,90,6,66,99,132,108,133,61,3" hai3="29,97,32,134,70,52,72,77,92,100,81,2,60"/><W36/><G134/><N who="2" m="51817" /><F108/><W12/><G2/><T44/><D122/><U125/><E125/><V73/><F73/><W129/><G129/><T37/><D37/><U15/><E74/><V47/><F47/><W10/><G36/><T28/><D28/><U40/><E31/><V55/><F55/><W78/><G78/><T48/><D115/><U91/><E34/><V49/><F49/><N who="0" m="19050" /><D67/><U23/><E53/><V38/><F38/><W94/><G29/><T5/><D75/><U42/><REACH who="1" step="1"/><E45/><REACH who="1" ten="243,246,297,204" step="2"/><V71/><F1/><W39/><G32/><T113/><D44/><U64/><E64/><V117/><F117/><W106/><G39/><T41/><D41/><U131/><E131/><V83/><F25/><W65/><REACH who="3" step="1"/><G52/><REACH who="3" ten="243,246,297,194" step="2"/><T118/><D113/><U124/><E124/><V26/><F26/><W107/><G107/><T110/><D118/><U119/><E119/><V95/><F3/><W82/><G82/><N who="0" m="47455" /><D110/><U120/><E120/><V111/><F111/><W127/><G127/><T20/><D20/><U21/><E21/><V93/><F83/><W69/><G69/><T112/><D112/><U102/><E102/><V11/><F71/><W22/><G22/><T27/><D27/><U33/><E33/><V105/><F105/><W59/><G59/><T8/><D8/><U24/><E24/><V121/><F11/><W63/><G63/><AGARI ba="0,2" hai="15,18,23,40,42,43,54,58,63,89,91,98,103,104" machi="63" ten="40,1300,0" yaku="1,1,53,0" doraHai="46" doraHaiUra="68" who="1" fromWho="3" sc="243,0,246,33,297,0,194,-13" /><INIT seed="4,0,0,1,2,53" ten="243,279,297,181" oya="0" hai0="51,135,125,39,106,60,118,99,87,96,28,61,30" hai1="128,72,114,8,64,34,85,46,76,95,129,105,94" hai2="97,98,32,18,107,68,3,113,1,123,4,55,108" hai3="13,58,116,11,65,81,7,5,19,93,67,10,43"/><T104/><D118/><U78/><E34/><V9/><F108/><W74/><G116/><T90/><D39/><U131/><E64/><V6/><F123/><W117/><G117/><T101/><D135/><U15/><E105/><V100/><F68/><W42/><G19/><T14/><D125/><U29/><E29/><V82/><F32/><W26/><G26/><T121/><D121/><U45/><E72/><V86/><F113/><W73/><G93/><N who="1" m="35338" /><E114/><V92/><F18/><W69/><G69/><T112/><D112/><U50/><E85/><V17/><F17/><W37/><G37/><T122/><D87/><U124/><E124/><V56/><F56/><W110/><G110/><T134/><D122/><U40/><E46/><V102/><F55/><W12/><REACH who="3" step="1"/><G81/><REACH who="3" ten="243,279,297,171" step="2"/><T38/><D134/><U2/><E2/><V59/><F3/><W35/><G35/><T62/><D30/><U54/><E40/><V33/><F33/><W27/><G27/><T36/><D28/><U109/><E109/><V24/><F24/><W71/><G71/><T75/><D36/><U84/><E131/><V70/><F70/><W91/><G91/><T115/><D90/><U126/><E129/><V25/><F25/><W79/><G79/><T77/><D38/><U48/><E128/><V47/><F1/><W120/><G120/><T133/><D77/><U23/><E78/><V119/><F82/><W89/><G89/><T16/><D115/><U21/><E76/><V80/><F80/><W0/><G0/><T44/><D16/><U66/><E126/><V41/><F119/><W57/><AGARI ba="0,1" hai="5,7,10,11,12,13,42,43,57,58,65,67,73,74" machi="57" ten="25,12000,2" yaku="1,1,5,1,0,1,22,2,52,2,53,0" doraHai="53" doraHaiUra="88" who="3" fromWho="3" sc="243,-60,279,-30,297,-30,171,130" owari="183,-32.0,249,-15.0,267,7.0,301,40.0" /></mjloggm>