<mjloggm ver="2.3"><GO type="97" lobby="0"/><UN n0="%E3%82%A6%E3%83%AB%E3%83%88%E3%83%A9%E7%AB%8B%E7%9B%B4" n1="%E3%83%9A%E3%83%81%E3%83%A7%E3%83%BC%E3%83%AA%E3%83%B3%E3%83%81%E3%83%BC" n2="%6B%6F%75%6A%69%32%37" n3="%E7%B4%85%E8%8C%B6%30%37" dan="15,15,13,14" rate="1975.60,2026.30,1871.75,1943.14" sx="M,F,M,F"/><TAIKYOKU oya="0"/><INIT seed="0,0,0,2,3,9" ten="250,250,250,250" oya="0" hai0="89,73,70,97,51,76,102,131,78,114,1,93,3" hai1="17,37,83,123,100,42,23,50,57,129,0,35,59" hai2="58,74,96,5,128,34,82,36,104,68,52,88,49" hai3="134,48,24,19,75,30,87,125,28,64,84,6,45"/><T41/><D70/><U109/><E123/><V117/><F117/><W107/><G107/><T105/><D114/><U14/><E35/><V94/><F128/><W16/><G75/><T126/><D131/><U13/><E0/><V133/><F133/><W69/><G134/><T81/><D78/><U112/><E37/><V55/><F68/><W56/><G69/><T31/><D126/><U43/><E112/><V130/><F130/><W103/><G103/><T122/><D122/><U60/><E109/><V111/><F111/><W2/><G125/><T33/><D33/><U80/><E100/><V115/><F115/><W63/><G2/><T8/><D31/><N who="3" m="11817" /><G6/><T62/><D62/><U110/><E129/><V20/><F34/><W113/><G113/><T21/><D21/><U66/><E110/><V72/><F36/><W22/><G19/><T53/><D8/><U38/><E38/><V18/><F5/><W44/><G45/><T11/><D11/><U101/><E101/><V124/><F124/><W15/><G24/><T61/><D41/><AGARI ba="0,0" hai="15,16,22,41,44,48,56,63,64,84,87" m="11817" machi="41" ten="30,3900,0" yaku="8,1,52,1,54,1" doraHai="9" who="3" fromWho="0" sc="250,-39,250,0,250,0,250,39" /><INIT seed="1,0,0,4,1,37" ten="211,250,250,289" oya="1" hai0="25,50,30,125,105,119,118,88,41,5,78,18,77" hai1="102,112,26,117,21,1,14,108,32,58,85,35,67" hai2="44,127,17,113,95,33,98,6,96,62,40,48,104" hai3="39,97,49,63,13,22,92,81,72,3,89,94,28"/><U53/><E67/><V23/><F33/><W34/><G39/><T122/><D105/><U43/><E117/><V47/><F127/><W111/><G3/><T66/><D125/><U75/><E112/><V82/><F113/><W9/><G34/><T128/><D128/><U110/><E75/><V11/><F82/><W56/><G72/><T27/><D122/><U8/><E1/><V16/><F62/><W36/><G36/><T61/><D5/><N who="1" m="3343" /><E85/><V10/><F104/><W83/><G49/><T106/><D106/><U76/><E102/><V73/><F73/><W69/><G69/><T80/><D30/><N who="1" m="17743" /><E76/><V99/><F95/><W55/><G94/><T59/><D118/><U68/><E68/><V114/><F114/><W115/><G115/><T121/><D119/><U124/><E124/><V70/><F70/><W134/><G134/><T19/><D121/><U57/><E57/><V103/><F103/><W129/><G129/><T86/><D78/><U133/><E43/><V120/><F120/><W91/><G91/><T51/><D77/><U93/><E93/><V116/><F116/><W12/><G111/><N who="1" m="42538" /><E133/><V135/><F135/><W60/><G56/><T126/><D126/><U109/><N who="1" m="42546" /><U84/><DORA hai="4" /><E84/><V7/><F47/><W87/><G92/><T52/><D66/><U130/><E130/><V74/><F74/><W123/><G87/><T45/><D61/><AGARI ba="0,0" hai="32,35,53,58,61" m="42546,17743,3343" machi="61" ten="40,7700,0" yaku="14,1,10,1,52,1" doraHai="37,4" who="1" fromWho="0" sc="211,-77,250,77,250,0,289,0" /><INIT seed="1,1,0,4,0,25" ten="134,327,250,289" oya="1" hai0="34,15,62,105,64,88,66,38,114,4,94,36,128" hai1="85,55,132,90,98,30,11,3,97,125,133,101,23" hai2="104,87,24,130,7,117,121,31,131,76,54,95,68" hai3="82,61,83,44,120,10,20,100,37,119,81,12,78"/><U2/><E125/><V47/><F121/><W26/><G120/><T93/><D105/><N who="1" m="63663" /><E98/><V108/><F117/><W135/><G100/><T13/><D34/><U19/><E30/><V74/><F74/><W39/><G135/><N who="1" m="51786" /><E11/><V56/><F68/><W99/><G119/><T69/><D114/><U22/><E55/><V32/><F104/><W127/><G127/><T60/><D4/><U70/><E70/><V42/><F7/><W107/><G61/><T17/><D128/><U79/><E79/><V134/><F134/><W96/><G107/><T48/><D48/><U113/><E113/><V84/><F76/><W102/><G102/><T72/><D72/><U71/><E71/><V86/><F95/><W0/><G0/><N who="1" m="42" /><E19/><V67/><F67/><W115/><G115/><T14/><D17/><U8/><E8/><V65/><F65/><W50/><G78/><T110/><D110/><U59/><BYE who="0" /><E59/><V18/><F108/><W35/><G35/><T80/><D80/><AGARI ba="1,0" hai="22,23,80,85,90" m="42,51786,63663" machi="80" ten="30,1500,0" yaku="20,1" doraHai="25" who="1" fromWho="0" sc="134,-18,327,18,250,0,289,0" /><INIT seed="1,2,0,5,1,76" ten="116,345,250,289" oya="1" hai0="78,53,121,31,89,65,112,104,109,132,22,56,37" hai1="75,90,84,69,134,110,81,73,118,57,85,11,0" hai2="72,127,27,12,21,74,59,83,20,40,5,9,35" hai3="46,120,135,95,24,36,79,80,91,106,71,13,130"/><U82/><E69/><UN n0="%E3%82%A6%E3%83%AB%E3%83%88%E3%83%A9%E7%AB%8B%E7%9B%B4" /><V62/><F127/><W113/><G106/><T54/><D104/><U122/><E118/><V43/><F35/><W2/><G71/><T107/><D107/><U124/><E122/><V30/><F21/><W129/><G2/><T17/><D37/><U55/><E124/><V29/><F29/><W58/><G113/><T105/><D105/><U98/><E98/><V108/><F108/><W131/><G120/><T86/><D121/><U15/><E0/><V42/><REACH who="2" step="1"/><F83/><REACH who="2" ten="116,345,240,289" step="2"/><W70/><G135/><T116/><D109/><U28/><E110/><V128/><F128/><W93/><G130/><T119/><D132/><U63/><E28/><V41/><N who="2" m="10752" /><DORA hai="66" /><V52/><AGARI ba="2,1" hai="5,9,12,20,27,30,52,59,62,72,74" m="10752" machi="52" ten="40,8000,1" yaku="1,1,4,1,0,1,54,1,53,0" doraHai="76,66" doraHaiUra="125,133" who="2" fromWho="2" sc="116,-22,345,-42,240,96,289,-22" /><INIT seed="2,0,0,0,4,100" ten="94,303,336,267" oya="2" hai0="10,111,75,134,47,105,53,88,7,97,9,116,61" hai1="3,57,119,51,82,67,42,115,87,76,103,106,77" hai2="113,66,32,132,96,29,46,129,20,63,114,0,26" hai3="13,11,41,2,27,64,78,6,81,133,70,112,23"/><V107/><F132/><W93/><G133/><T123/><D75/><U37/><E115/><V130/><F0/><W89/><G112/><T19/><D134/><U22/><E119/><V60/><F46/><W101/><G101/><T84/><D123/><U83/><E3/><V85/><F85/><W45/><G64/><T28/><D116/><U8/><E37/><V69/><F60/><W36/><G70/><T65/><D28/><U72/><E8/><V127/><F20/><W95/><G13/><T102/><D111/><U94/><E94/><V39/><F39/><W56/><G56/><T1/><D10/><U31/><E67/><V50/><F50/><W24/><G89/><T15/><D65/><U109/><E109/><V12/><F12/><W21/><G21/><T38/><D38/><U62/><E62/><V5/><F5/><W98/><G98/><T34/><D34/><U55/><E42/><V99/><F99/><W30/><REACH who="3" step="1"/><G27/><REACH who="3" ten="94,303,336,257" step="2"/><T118/><D118/><U104/><REACH who="1" step="1"/><E103/><REACH who="1" ten="94,293,336,257" step="2"/><N who="2" m="62951" /><F127/><W90/><G90/><T124/><D124/><U73/><E73/><AGARI ba="0,2" hai="2,6,11,23,24,30,36,41,45,73,78,81,93,95" machi="73" ten="30,7700,0" yaku="1,1,7,1,25,2,53,0" doraHai="100" doraHaiUra="126" who="3" fromWho="1" sc="94,0,293,-77,336,0,257,97" /><INIT seed="3,0,0,3,2,100" ten="94,216,336,354" oya="3" hai0="132,45,87,26,121,104,0,110,49,103,71,60,85" hai1="94,9,12,92,72,25,17,112,1,125,63,109,50" hai2="51,34,18,105,8,107,13,43,74,11,19,118,123" hai3="27,15,96,134,127,124,20,113,114,66,129,78,115"/><W56/><G129/><T41/><D0/><U135/><E112/><V47/><F118/><W62/><G134/><T106/><D121/><U53/><E135/><V55/><F74/><W73/><G96/><T82/><D132/><U30/><E109/><V16/><F34/><W59/><G15/><T68/><D110/><U122/><E125/><N who="3" m="48202" /><G78/><T2/><D2/><U117/><E117/><V57/><F123/><W81/><G81/><T36/><D103/><U21/><E72/><V24/><F24/><W130/><G73/><T126/><D126/><U70/><E122/><V89/><F89/><W39/><G39/><T97/><D97/><U69/><E69/><V35/><F35/><W116/><G116/><T29/><D36/><U3/><E3/><V84/><F84/><W52/><G130/><T38/><D38/><U65/><E1/><V120/><F120/><W75/><G75/><T90/><D85/><U77/><E77/><V44/><F44/><AGARI ba="0,0" hai="9,12,17,21,25,30,44,50,53,63,65,70,92,94" machi="44" ten="30,1000,0" yaku="7,1" doraHai="100" who="1" fromWho="2" sc="94,0,216,10,336,-10,354,0" owari="94,-41.0,226,-17.0,326,13.0,354,45.0" /></mjloggm>