<mjloggm ver="2.3"><GO type="97" lobby="0"/><UN n0="%E3%81%8B%E3%81%8C%E3%81%BF%4C%6F%76%65" n1="%E3%82%A6%E3%83%AB%E3%83%88%E3%83%A9%E7%AB%8B%E7%9B%B4" n2="%70%6F%63%68%69%74%6F" n3="%53%6F%6B%75%68%61%74%75" dan="14,15,14,15" rate="1877.61,2002.41,1897.96,2007.72" sx="M,M,M,M"/><TAIKYOKU oya="0"/><INIT seed="0,0,0,1,3,52" ten="250,250,250,250" oya="0" hai0="49,10,106,132,3,23,13,123,94,107,26,25,115" hai1="47,114,57,59,11,31,68,14,84,61,108,36,101" hai2="63,43,0,60,7,93,111,95,41,8,30,29,91" hai3="46,102,120,56,75,116,121,42,71,113,127,53,98"/><T28/><BYE who="1" /><D115/><UN n1="%E3%82%A6%E3%83%AB%E3%83%88%E3%83%A9%E7%AB%8B%E7%9B%B4" /><U17/><E17/><V86/><BYE who="1" /><F111/><UN n1="%E3%82%A6%E3%83%AB%E3%83%88%E3%83%A9%E7%AB%8B%E7%9B%B4" /><W50/><G113/><T18/><D123/><N who="3" m="47177" /><G116/><T69/><D132/><U89/><E89/><BYE who="1" /><UN n1="%E3%82%A6%E3%83%AB%E3%83%88%E3%83%A9%E7%AB%8B%E7%9B%B4" /><V6/><F95/><N who="3" m="58719" /><G75/><T83/><D69/><U38/><E38/><V39/><BYE who="1" /><F7/><UN n1="%E3%82%A6%E3%83%AB%E3%83%88%E3%83%A9%E7%AB%8B%E7%9B%B4" /><W85/><G85/><T110/><D110/><U15/><E108/><V74/><F74/><W129/><G71/><T77/><D94/><U117/><E68/><V34/><F34/><W19/><G19/><T51/><D26/><U12/><E36/><V96/><F39/><N who="3" m="21855" /><G129/><T55/><D3/><U4/><E114/><V126/><F126/><AGARI ba="0,0" hai="50,53,56,126,127" m="21855,58719,47177" machi="126" ten="30,2000,0" yaku="13,1,52,1" doraHai="52" who="3" fromWho="2" sc="250,0,250,0,250,-20,250,20" /><INIT seed="1,0,0,3,5,84" ten="250,250,230,270" oya="1" hai0="125,43,47,1,132,17,92,8,10,21,20,36,89" hai1="4,26,113,110,68,74,9,80,41,103,45,119,33" hai2="121,31,11,130,55,75,25,38,123,19,76,82,83" hai3="29,114,30,53,79,107,13,135,48,39,52,3,94"/><U22/><E110/><V6/><F38/><W34/><G114/><T69/><D69/><U66/><E113/><V24/><F130/><W120/><G3/><T134/><D125/><U122/><E122/><V98/><F83/><W57/><G120/><T23/><D17/><U27/><E119/><V109/><F109/><W93/><G107/><T16/><D1/><U97/><E27/><V50/><F19/><W99/><G39/><T62/><D62/><U46/><E46/><V112/><F112/><W117/><G117/><T85/><REACH who="0" step="1"/><D16/><REACH who="0" ten="240,250,230,270" step="2"/><U111/><E111/><V81/><F121/><W133/><G135/><AGARI ba="0,1" hai="8,10,20,21,23,36,43,47,85,89,92,132,134,135" machi="135" ten="40,8000,1" yaku="1,1,2,1,20,1,52,1,53,0" doraHai="84" doraHaiUra="116" who="0" fromWho="3" sc="240,90,250,0,230,0,270,-80" /><INIT seed="2,0,0,0,3,103" ten="330,250,230,190" oya="2" hai0="65,15,53,102,11,71,110,70,68,21,129,7,101" hai1="44,105,83,84,111,78,27,1,100,56,90,51,48" hai2="22,95,130,4,62,61,106,6,32,119,126,20,122" hai3="38,3,52,79,104,43,112,133,80,19,33,74,40"/><V58/><F122/><W124/><G33/><T135/><D65/><U75/><E1/><V25/><F119/><W12/><G40/><T47/><D135/><U91/><E111/><V77/><F130/><W54/><G133/><T96/><D110/><U67/><E27/><V132/><F132/><W57/><G124/><T2/><D129/><U28/><E28/><V123/><F123/><W81/><G112/><T64/><D64/><U120/><E120/><V109/><F126/><W93/><G3/><T16/><REACH who="0" step="1"/><D96/><REACH who="0" ten="320,250,230,190" step="2"/><U36/><E67/><V88/><F109/><W134/><G134/><T121/><D121/><U114/><E114/><V29/><F32/><W99/><G104/><T82/><D82/><U0/><E83/><V131/><F106/><W108/><G81/><T9/><D9/><U107/><E107/><V23/><F131/><W128/><G128/><T118/><D118/><U69/><E105/><V26/><F22/><W50/><G108/><T97/><D97/><U85/><E69/><V89/><F95/><W76/><G79/><T30/><D30/><U125/><E78/><V18/><F77/><W55/><G38/><T35/><D35/><U49/><E36/><V72/><F72/><W13/><G99/><T31/><D31/><U46/><E75/><V127/><F127/><W45/><G93/><T117/><D117/><U37/><E37/><V94/><F94/><W92/><G92/><T98/><D98/><U113/><E125/><V24/><F29/><W34/><G34/><T60/><D60/><U116/><E113/><V63/><F61/><N who="3" m="36007" /><G19/><T5/><D5/><RYUUKYOKU ba="0,1" sc="320,15,250,-15,230,-15,190,15" hai0="2,7,11,15,16,21,47,53,68,70,71,101,102" hai3="12,13,43,45,50,54,55,74,76,80" /><INIT seed="3,1,1,3,1,26" ten="335,235,215,205" oya="3" hai0="37,63,20,96,50,14,121,4,38,54,40,57,116" hai1="44,60,58,33,127,36,84,25,80,18,3,71,75" hai2="7,16,47,130,21,76,39,65,90,1,49,9,119" hai3="6,91,133,13,106,82,69,43,132,98,83,8,131"/><W12/><G69/><T81/><D121/><U111/><E111/><V92/><F39/><W122/><G122/><T108/><D116/><U129/><E127/><V55/><F119/><W100/><G131/><T62/><D108/><U114/><E129/><V59/><F130/><W128/><G128/><T85/><D96/><U94/><E114/><V56/><F76/><W103/><G100/><T113/><D113/><U31/><E3/><V118/><F118/><W93/><G43/><T34/><D34/><U104/><E104/><V102/><F102/><W101/><G13/><T86/><D86/><U110/><E71/><V61/><F90/><W11/><G11/><T123/><D123/><U134/><E110/><V125/><F125/><W70/><G70/><T67/><D62/><U87/><E134/><N who="3" m="51818" /><G103/><T52/><D38/><U105/><E105/><V24/><F92/><W115/><G115/><T51/><D37/><U27/><E94/><V95/><F95/><W32/><G32/><T42/><D42/><U45/><E36/><V53/><F65/><W48/><G48/><N who="0" m="18475" /><D40/><U19/><E75/><V109/><F109/><W135/><N who="3" m="51826" /><W22/><DORA hai="46" /><G22/><T117/><D117/><U78/><E84/><AGARI ba="1,1" hai="6,8,12,82,83,84,91,93,98,101,106" m="51826" machi="84" ten="40,2000,0" yaku="20,1" doraHai="26,46" who="3" fromWho="1" sc="335,0,235,-23,215,0,205,33" /><INIT seed="3,2,0,3,2,67" ten="335,212,215,238" oya="3" hai0="3,128,53,6,120,16,89,85,79,4,77,37,104" hai1="125,42,57,51,69,81,132,18,122,102,110,39,70" hai2="46,61,106,116,7,24,82,73,84,118,64,123,11" hai3="15,30,50,71,56,33,114,90,83,47,131,87,72"/><W93/><G114/><T5/><D3/><U25/><E102/><V109/><F73/><W31/><G131/><T54/><D120/><U29/><E122/><V35/><F123/><W65/><G72/><T36/><D104/><U115/><E115/><V43/><F106/><W44/><G56/><T129/><D16/><U119/><E18/><V135/><F135/><W20/><G33/><T22/><D22/><N who="1" m="15543" /><E81/><V103/><F103/><W12/><G44/><T74/><D74/><U100/><E39/><N who="0" m="14921" /><D89/><U133/><E100/><V34/><F116/><W32/><G32/><T59/><D59/><U75/><E75/><V113/><F113/><W91/><G65/><T97/><D97/><U60/><E119/><V68/><F118/><W49/><G71/><N who="1" m="27146" /><E60/><V80/><F24/><N who="3" m="16647" /><G31/><T40/><D85/><U105/><E105/><V98/><F98/><N who="3" m="57655" /><G50/><T45/><D45/><N who="1" m="26039" /><E57/><V0/><F34/><W9/><G9/><T10/><D10/><U58/><E58/><V95/><F35/><W76/><G76/><N who="0" m="29259" /><D40/><AGARI ba="2,0" hai="12,15,40,47,49,83,87,91" m="57655,16647" machi="40" ten="30,1500,0" yaku="8,1" doraHai="67" who="3" fromWho="0" sc="335,-21,212,0,215,0,238,21" /><INIT seed="3,3,0,1,3,124" ten="314,212,215,259" oya="3" hai0="61,20,22,39,28,62,70,118,101,71,100,122,99" hai1="85,109,6,3,4,116,75,13,25,86,64,117,56" hai2="53,48,97,10,102,9,94,51,81,5,43,45,133" hai3="12,120,79,50,55,73,135,69,8,95,17,66,123"/><W37/><G37/><T106/><D39/><U111/><E75/><V68/><F133/><W60/><G135/><T114/><D122/><U44/><E25/><V36/><F68/><W128/><G128/><T24/><D118/><N who="1" m="45675" /><E13/><V103/><F36/><W54/><G95/><T59/><D114/><U46/><E56/><N who="2" m="32807" /><F81/><W52/><REACH who="3" step="1"/><G50/><REACH who="3" ten="314,212,215,249" step="2"/><T129/><D129/><U98/><E98/><V67/><F97/><W131/><G131/><T65/><D101/><U74/><E74/><V119/><F94/><W108/><G108/><N who="1" m="41546" /><E64/><V15/><F119/><W126/><G126/><T76/><D76/><U88/><E88/><V26/><F67/><W72/><G72/><T127/><D127/><U83/><E83/><AGARI ba="3,1" hai="8,12,17,52,54,55,60,66,69,73,79,83,120,123" machi="83" ten="40,3900,0" yaku="1,1,54,1,53,0" doraHai="124" doraHaiUra="29" who="3" fromWho="1" sc="314,0,212,-48,215,0,249,58" /><INIT seed="3,4,0,3,2,59" ten="314,164,215,307" oya="3" hai0="35,75,28,64,14,85,116,100,2,6,3,52,128" hai1="86,101,135,27,77,115,11,44,25,24,127,90,20" hai2="91,19,72,61,95,117,83,63,97,34,21,121,23" hai3="125,98,65,108,114,70,60,74,87,68,5,123,71"/><W9/><G114/><T119/><D75/><U93/><E127/><V26/><F117/><W45/><G123/><T105/><D128/><U62/><E135/><V48/><F121/><W99/><G125/><T81/><D14/><U41/><E115/><V8/><F34/><W13/><G74/><T49/><D64/><U107/><E77/><V124/><F124/><W88/><G108/><T40/><D40/><U16/><E11/><V133/><F133/><W12/><G12/><T18/><D18/><U7/><E7/><V110/><F110/><W36/><G36/><T57/><D100/><U10/><E10/><V32/><F32/><W82/><REACH who="3" step="1"/><G45/><REACH who="3" ten="314,164,215,297" step="2"/><T56/><D119/><U109/><E109/><V31/><F72/><W4/><G4/><T76/><D116/><U15/><E107/><V1/><F1/><W66/><G66/><T73/><D105/><U126/><E126/><V134/><F134/><W103/><G103/><T113/><D113/><U37/><E101/><V46/><F8/><W94/><G94/><T122/><D122/><U22/><E22/><V55/><REACH who="2" step="1"/><F83/><REACH who="2" ten="314,164,205,297" step="2"/><W106/><G106/><T51/><D73/><U92/><E92/><V39/><F39/><W58/><AGARI ba="4,2" hai="5,9,13,58,60,65,68,70,71,82,87,88,98,99" machi="58" ten="30,18000,2" yaku="1,1,0,1,52,1,54,1,53,3" doraHai="59" doraHaiUra="67" who="3" fromWho="3" sc="314,-64,164,-64,205,-64,297,212" owari="250,5.0,100,-40.0,141,-26.0,509,61.0" /></mjloggm>