<mjloggm ver="2.3"><GO type="97" lobby="0"/><UN n0="%E3%82%A6%E3%83%AB%E3%83%88%E3%83%A9%E7%AB%8B%E7%9B%B4" n1="%73%65%76%65%6E" n2="%E3%83%9F%E3%83%BC%E3%82%A2" n3="%E3%81%82%E3%82%89%E3%81%84%E3%82%82%E3%81%AE" dan="15,15,13,15" rate="1985.52,2008.91,1853.91,1973.80" sx="M,M,M,M"/><TAIKYOKU oya="0"/><INIT seed="0,0,0,5,2,64" ten="250,250,250,250" oya="0" hai0="52,46,133,97,118,99,72,47,33,70,88,38,2" hai1="82,61,117,37,11,62,36,101,111,127,4,63,104" hai2="91,25,83,57,126,35,131,114,98,134,21,15,116" hai3="55,0,92,78,77,103,81,9,40,93,125,26,27"/><T5/><D33/><U24/><E117/><V115/><F116/><W128/><G125/><T44/><D72/><U85/><E127/><V23/><F126/><W60/><G40/><T120/><D120/><U123/><E123/><V50/><F131/><W65/><G55/><T122/><D122/><U94/><E104/><V119/><F119/><W68/><G128/><T96/><D118/><U108/><E24/><V112/><F134/><W34/><G78/><T74/><D74/><U102/><E37/><V90/><F98/><W3/><G26/><T124/><D38/><U129/><E36/><V66/><F35/><W100/><G92/><T39/><D39/><U87/><E129/><V32/><F32/><W29/><G93/><T17/><D70/><U45/><E45/><V105/><F105/><W109/><G109/><N who="1" m="42058" /><E94/><V121/><F121/><W54/><G54/><T89/><D124/><U18/><E18/><V49/><F83/><W41/><G41/><T110/><D110/><U30/><E30/><V14/><F25/><W69/><G0/><T113/><D113/><U48/><E48/><V84/><F84/><N who="1" m="32329" /><E82/><V42/><F42/><W1/><G1/><AGARI ba="0,0" hai="1,4,11,61,62,63,101,102" m="32329,42058" machi="1" ten="30,1000,0" yaku="14,1" doraHai="64" who="1" fromWho="3" sc="250,0,250,10,250,0,250,-10" /><INIT seed="1,0,0,0,2,92" ten="250,260,250,240" oya="1" hai0="56,27,124,76,9,85,102,49,14,88,26,130,59" hai1="122,125,2,119,31,118,39,134,54,46,43,81,97" hai2="66,96,120,73,45,64,98,19,103,36,23,48,101" hai3="131,82,83,53,3,15,80,42,17,63,113,32,37"/><U68/><E2/><V6/><F73/><W94/><G113/><T105/><D124/><U4/><E4/><V79/><F120/><W135/><G3/><T7/><D130/><U111/><E68/><V44/><F79/><W71/><G32/><T62/><D76/><U29/><E122/><V112/><F112/><W77/><G131/><T40/><D102/><N who="2" m="38922" /><F36/><W126/><G126/><T57/><D105/><U108/><E125/><V51/><F6/><W22/><G135/><T33/><D33/><U13/><E134/><V5/><F5/><W38/><G42/><T20/><D62/><U47/><E13/><N who="2" m="9711" /><F64/><W0/><G0/><T8/><D8/><U128/><E128/><V72/><F66/><W41/><G41/><T129/><D129/><U58/><E81/><V24/><F24/><W67/><G77/><T90/><D90/><U99/><E31/><V110/><F72/><W12/><G12/><T133/><D133/><U104/><E29/><V93/><F93/><W35/><G35/><T95/><D20/><U127/><E127/><V11/><F11/><W70/><G70/><T117/><D117/><N who="1" m="44555" /><E104/><V1/><F1/><W25/><G25/><T30/><D30/><U55/><E47/><AGARI ba="0,0" hai="7,9,14,26,27,40,47,49,56,57,59,85,88,95" machi="47" ten="40,2600,0" yaku="8,1,54,1" doraHai="92" who="0" fromWho="1" sc="250,26,260,-26,250,0,240,0" /><INIT seed="2,0,0,2,5,90" ten="276,234,250,240" oya="2" hai0="67,49,95,40,102,22,113,122,5,81,4,121,80" hai1="134,8,74,54,34,104,1,16,20,103,12,132,31" hai2="71,70,101,3,109,51,66,78,18,126,93,97,100" hai3="75,106,82,128,86,98,39,53,89,127,96,92,105"/><V83/><F3/><W77/><G39/><T69/><D69/><U26/><E74/><V52/><F126/><W99/><G127/><T112/><D67/><U118/><E118/><V108/><F101/><W65/><G65/><T21/><D102/><U73/><E73/><V135/><F18/><W129/><G53/><T110/><D49/><U59/><E103/><V60/><F135/><N who="1" m="51753" /><E104/><AGARI ba="0,0" hai="75,77,82,86,89,92,96,98,99,104,105,106,128,129" machi="104" ten="40,8000,1" yaku="34,3,52,1" doraHai="90" who="3" fromWho="1" sc="276,0,234,-80,250,0,240,80" /><INIT seed="3,0,0,1,0,46" ten="276,154,250,320" oya="3" hai0="24,99,101,107,18,36,32,80,9,86,92,109,19" hai1="123,28,115,105,125,131,94,1,20,114,12,49,130" hai2="102,126,127,116,2,39,37,113,122,54,47,100,29" hai3="108,4,75,51,22,15,74,16,83,128,26,81,63"/><W45/><G128/><N who="1" m="49194" /><E105/><V65/><F113/><N who="1" m="43017" /><E94/><V21/><F2/><W132/><G132/><T119/><D36/><U7/><E49/><V44/><F116/><W82/><G108/><T84/><D109/><U58/><E58/><V95/><F29/><W25/><G63/><T124/><D124/><N who="2" m="47658" /><F21/><W8/><REACH who="3" step="1"/><G26/><REACH who="3" ten="276,154,250,310" step="2"/><T120/><D24/><N who="1" m="16391" /><E125/><V10/><F122/><W129/><G129/><T88/><D120/><U90/><E123/><V69/><F37/><W71/><G71/><T73/><D107/><U77/><E77/><V135/><F39/><W104/><G104/><T17/><D73/><U66/><E66/><V87/><F65/><W134/><G134/><T59/><D80/><U85/><E85/><V33/><F69/><W78/><G78/><T72/><D86/><U43/><E43/><AGARI ba="0,1" hai="4,8,15,16,22,25,43,45,51,74,75,81,82,83" machi="43" ten="40,12000,1" yaku="1,1,52,1,54,1,53,1" doraHai="46" doraHaiUra="0" who="3" fromWho="1" sc="276,0,154,-120,250,0,310,130" owari="276,8.0,34,-47.0,250,-15.0,440,54.0" /></mjloggm>