<mjloggm ver="2.3"><GO type="97" lobby="0"/><UN n0="%E6%B2%B3%E6%B5%AA%E5%8D%83%E9%B6%B4" n1="%E5%90%89%E5%B7%9D%E5%85%83%E6%98%A5" n2="%E5%8D%93%E4%B8%8A%E3%81%AE%E9%AD%94%E8%A1%93%E5%B8%AB%E2%99%AA" n3="%E3%82%A6%E3%83%AB%E3%83%88%E3%83%A9%E7%AB%8B%E7%9B%B4" dan="15,13,14,15" rate="2066.02,1826.98,1995.81,2021.69" sx="F,M,F,M"/><TAIKYOKU oya="0"/><INIT seed="0,0,0,2,2,77" ten="250,250,250,250" oya="0" hai0="80,122,25,17,1,11,49,48,42,108,27,4,75" hai1="51,40,81,132,33,88,66,38,72,22,13,36,116" hai2="71,57,32,95,7,115,52,43,44,2,19,83,104" hai3="73,59,82,135,124,113,14,8,47,70,78,23,62"/><T112/><D112/><U16/><E116/><V99/><F115/><W26/><G113/><T117/><D117/><U130/><E33/><V89/><F71/><W128/><G124/><T21/><D122/><U3/><E3/><V120/><F120/><W6/><G128/><T20/><D108/><U39/><E130/><V119/><F119/><W69/><G47/><T55/><D42/><U98/><E132/><V9/><F32/><W5/><G5/><T125/><D125/><U35/><E35/><V118/><F118/><W106/><G106/><T64/><D64/><U110/><E110/><V34/><F34/><W134/><G134/><T10/><D10/><U121/><E121/><V84/><F104/><W109/><G109/><T37/><D37/><U107/><E66/><V24/><F24/><W101/><G101/><T30/><REACH who="0" step="1"/><D55/><REACH who="0" ten="240,250,250,250" step="2"/><U31/><E40/><V0/><F43/><W97/><G135/><T18/><D18/><U86/><E36/><V111/><F19/><W28/><G97/><T103/><D103/><U96/><E39/><V74/><F111/><W67/><AGARI ba="0,1" hai="6,8,14,23,26,28,59,62,67,69,70,73,78,82" machi="67" ten="20,2700,0" yaku="0,1,7,1,52,1" doraHai="77" who="3" fromWho="3" sc="240,-13,250,-7,250,-7,250,37" /><INIT seed="1,0,0,2,1,26" ten="227,243,243,287" oya="1" hai0="100,81,108,99,74,82,129,9,70,20,39,19,3" hai1="105,124,23,44,54,46,2,121,45,97,96,4,59" hai2="12,17,120,60,85,40,48,107,83,113,65,135,98" hai3="14,75,29,61,80,63,47,52,130,106,36,42,86"/><U30/><E121/><V15/><F120/><W67/><G75/><T109/><D129/><U102/><E124/><V91/><F113/><W110/><G106/><T119/><D119/><U92/><E2/><V115/><F115/><W24/><G14/><T6/><D70/><U37/><E4/><V49/><F135/><W0/><G0/><T114/><D39/><U64/><E64/><V72/><F72/><W16/><G16/><T101/><D74/><U10/><E10/><V127/><F127/><W33/><G130/><T34/><D34/><U103/><E23/><V13/><F40/><W62/><G110/><N who="0" m="42603" /><D101/><U66/><E66/><V73/><F73/><W68/><REACH who="3" step="1"/><G52/><REACH who="3" ten="227,243,243,277" step="2"/><T22/><D114/><U51/><REACH who="1" step="1"/><E37/><REACH who="1" ten="227,233,243,277" step="2"/><V90/><F17/><W111/><G111/><T76/><D19/><U41/><E41/><V69/><F13/><W28/><G28/><AGARI ba="0,2" hai="28,30,44,45,46,51,54,59,92,96,97,102,103,105" machi="28" ten="40,12000,1" yaku="1,1,52,2,53,1" doraHai="26" doraHaiUra="50" who="1" fromWho="3" sc="227,0,233,140,243,0,277,-120" /><INIT seed="1,1,0,4,2,44" ten="227,373,243,157" oya="1" hai0="132,106,91,88,48,26,13,49,32,84,27,122,16" hai1="73,36,1,90,78,133,54,3,98,119,77,80,92" hai2="113,69,6,128,74,114,34,118,124,115,7,30,76" hai3="120,66,17,38,0,58,134,104,109,85,23,31,117"/><U55/><E119/><V87/><F74/><W11/><G120/><T2/><D2/><U64/><E36/><V15/><F118/><W51/><G38/><T29/><D106/><U110/><E133/><V47/><F69/><W21/><G104/><T59/><D132/><U68/><E110/><V4/><F128/><W107/><G107/><T10/><D122/><U42/><E42/><V81/><F124/><W79/><G134/><T126/><D27/><U101/><E78/><V100/><F100/><W86/><G109/><T111/><D111/><U57/><E68/><V20/><F34/><W52/><G117/><T72/><D72/><U41/><E41/><V116/><F116/><W22/><G31/><T28/><D28/><U24/><E24/><N who="2" m="16647" /><F47/><W130/><G130/><T53/><D126/><U94/><E64/><V129/><F129/><W14/><G0/><T102/><D102/><U135/><E135/><V93/><F93/><W89/><G79/><T45/><D84/><U71/><E71/><V18/><F18/><W37/><G37/><T67/><D67/><U65/><E65/><V5/><F5/><W83/><G66/><T56/><D56/><U127/><E127/><V19/><F19/><W108/><G108/><T25/><D25/><U33/><E33/><V63/><F63/><W125/><G125/><T40/><AGARI ba="1,0" hai="10,13,16,26,29,32,40,45,48,49,53,59,88,91" machi="40" ten="20,12000,2" yaku="0,1,7,1,52,2,54,2" doraHai="44" who="0" fromWho="0" sc="227,123,373,-61,243,-31,157,-31" /><INIT seed="2,0,0,2,0,6" ten="350,312,212,126" oya="2" hai0="116,40,2,15,113,122,19,108,29,114,68,23,95" hai1="70,97,132,99,98,21,66,134,82,42,5,102,16" hai2="20,51,37,0,107,52,93,121,87,90,109,27,104" hai3="133,8,80,59,10,39,34,106,46,124,112,81,120"/><V86/><F37/><W79/><G120/><T1/><D68/><U74/><E42/><V62/><F121/><W135/><G34/><T85/><D40/><U60/><E5/><V78/><F0/><N who="0" m="106" /><D85/><U129/><E129/><V57/><F109/><W7/><G106/><T75/><D95/><N who="1" m="58687" /><E82/><N who="3" m="31850" /><G79/><T24/><D75/><U110/><E74/><V111/><F111/><W92/><G7/><T127/><D122/><U31/><E31/><V33/><F33/><W72/><G72/><T12/><D108/><U67/><E67/><V118/><F118/><W25/><G46/><T4/><D116/><U126/><E110/><V117/><F117/><W22/><G39/><T18/><D127/><U69/><E69/><V26/><F78/><W49/><G92/><T103/><D103/><U76/><E76/><V101/><F87/><W96/><G96/><T43/><D43/><U84/><E84/><V38/><F38/><W73/><G73/><T105/><D4/><U123/><E123/><V61/><F26/><W119/><G119/><T55/><D105/><U115/><E115/><V131/><F131/><W88/><G88/><T50/><D113/><U71/><E71/><V125/><F125/><W94/><G94/><T64/><D114/><U44/><E126/><V56/><F101/><W28/><G124/><T130/><D130/><U100/><E44/><V30/><F51/><W91/><G91/><T41/><D41/><U9/><E100/><V32/><F32/><W53/><G112/><T89/><D89/><U128/><E128/><V13/><F13/><N who="0" m="5194" /><D64/><AGARI ba="0,0" hai="20,27,30,52,56,57,61,62,64,86,90,93,104,107" machi="64" ten="30,2900,0" yaku="7,1,54,1" doraHai="6" who="2" fromWho="0" sc="350,-29,312,0,212,29,126,0" /><INIT seed="2,1,0,0,4,124" ten="321,312,241,126" oya="2" hai0="10,15,121,12,88,28,3,53,63,119,91,128,110" hai1="9,100,84,109,40,49,76,22,105,127,1,90,8" hai2="45,122,120,77,30,94,42,67,92,68,101,111,131" hai3="41,35,29,66,86,93,97,7,80,39,70,133,104"/><V34/><F77/><W56/><G7/><T107/><D121/><U24/><E127/><V50/><F111/><W36/><G133/><T116/><D110/><U87/><E109/><V129/><F34/><W123/><G123/><N who="2" m="47145" /><F30/><W65/><G41/><T33/><D107/><U117/><E117/><N who="0" m="45129" /><D3/><U25/><E1/><V20/><F20/><W112/><G56/><N who="0" m="35215" /><D15/><U71/><E105/><V47/><F101/><W103/><G65/><T115/><D115/><U14/><E100/><V118/><F118/><W134/><G93/><T52/><D52/><U5/><E14/><V126/><F126/><W98/><G98/><T31/><D31/><U113/><E113/><V44/><F94/><W62/><G112/><T73/><D73/><U78/><E25/><V106/><F92/><W102/><G102/><T82/><D82/><U79/><E24/><V46/><F106/><W135/><G86/><T55/><D55/><U48/><E87/><V61/><AGARI ba="1,0" hai="42,44,45,46,47,50,61,67,68,129,131" m="47145" machi="61" ten="40,12000,1" yaku="34,2,52,2" doraHai="124" who="2" fromWho="2" sc="321,-41,312,-41,241,123,126,-41" /><INIT seed="2,2,0,3,2,52" ten="280,271,364,85" oya="2" hai0="11,41,32,22,113,112,76,61,17,54,109,110,47" hai1="12,40,88,105,74,103,19,101,37,13,56,67,28" hai2="49,34,121,21,43,108,4,24,42,134,127,78,68" hai3="100,31,129,66,118,27,58,29,35,70,131,79,90"/><V116/><F121/><W104/><G118/><T89/><D32/><U45/><E74/><V95/><F116/><W14/><G79/><T72/><D11/><U65/><E28/><V7/><F68/><W81/><G31/><T135/><D89/><U83/><E13/><V71/><F71/><W48/><G14/><T93/><D93/><U122/><E122/><V60/><F34/><W5/><G5/><T0/><D0/><U87/><E67/><V8/><F78/><W124/><G124/><T117/><D117/><U51/><E37/><V53/><F127/><W96/><G90/><T15/><D76/><U50/><E105/><V36/><F60/><N who="3" m="40263" /><G81/><T2/><D2/><U77/><E77/><V23/><F8/><W128/><G48/><T46/><D72/><U18/><E51/><V44/><F21/><W130/><N who="3" m="32768" /><DORA hai="9" /><W115/><G58/><N who="0" m="35031" /><D47/><U97/><E97/><V26/><F44/><W91/><G91/><T86/><D86/><U20/><REACH who="1" step="1"/><E19/><REACH who="1" ten="280,261,364,85" step="2"/><V125/><F125/><W16/><G16/><T3/><D3/><U73/><E73/><V59/><F4/><W120/><G120/><T6/><D6/><U111/><E111/><V114/><F108/><W57/><G57/><T119/><D109/><U126/><E126/><V85/><F59/><W64/><G64/><T132/><D110/><U39/><E39/><V98/><F36/><W106/><G106/><T94/><D119/><U25/><E25/><V10/><F24/><W63/><G63/><AGARI ba="2,1" hai="12,18,20,40,45,50,56,63,65,83,87,88,101,103" machi="63" ten="40,12000,2" yaku="1,1,8,1,52,2,54,1,53,1" doraHai="52,9" doraHaiUra="75,82" who="1" fromWho="3" sc="280,0,261,136,364,0,85,-126" owari="280,-12.0,397,50.0,364,16.0,-41,-54.0" /></mjloggm>