<mjloggm ver="2.3"><GO type="169" lobby="0"/><UN n0="%EF%BC%B5%EF%BC%A4%EF%BC%AE%EF%BC%AB" n1="%76%66%72%6E%6F%72%69" n2="%E3%82%A6%E3%83%AB%E3%83%88%E3%83%A9%E7%AB%8B%E7%9B%B4" n3="%E3%81%84%E3%81%AE%E3%81%91%E3%82%93" dan="17,16,16,16" rate="2189.10,2079.05,2017.96,2123.87" sx="M,M,M,F"/><TAIKYOKU oya="0"/><INIT seed="0,0,0,4,5,109" ten="250,250,250,250" oya="0" hai0="77,12,127,135,51,119,41,30,90,59,6,114,112" hai1="111,123,2,129,108,1,19,74,131,34,24,38,60" hai2="70,36,75,64,39,57,18,105,85,35,113,69,97" hai3="67,20,63,3,104,47,7,8,81,91,28,40,76"/><T56/><D119/><U89/><E38/><N who="2" m="14379" /><F85/><W128/><G128/><N who="1" m="49226" /><E74/><V21/><F18/><W68/><G104/><T45/><D30/><N who="1" m="19783" /><E89/><V10/><F21/><W80/><G91/><T100/><D100/><U44/><E60/><V53/><F10/><W71/><G71/><T96/><D77/><U132/><E44/><V58/><F35/><W32/><G20/><T65/><D65/><U79/><E79/><V5/><F5/><W33/><G28/><T62/><D62/><U84/><E84/><V52/><F97/><W98/><G98/><T43/><D90/><U55/><E55/><N who="2" m="21067" /><F105/><W110/><G81/><T26/><D26/><U126/><E123/><V125/><F75/><W31/><G31/><T95/><D95/><U134/><E126/><V101/><F101/><W116/><G116/><T22/><D127/><U14/><E2/><V50/><F125/><W93/><G93/><T130/><D96/><U83/><E83/><V49/><F64/><W120/><G120/><T17/><D130/><U27/><E27/><V48/><F69/><W133/><G80/><T54/><D54/><U15/><E1/><V107/><F107/><W103/><G76/><T61/><D61/><U23/><E14/><V115/><F70/><W102/><G103/><T11/><D12/><U117/><E117/><V78/><F78/><W106/><G102/><T122/><D122/><U82/><E82/><V66/><F66/><W88/><G106/><T4/><D56/><AGARI ba="0,0" hai="48,49,50,56,57,58,113,115" m="21067,14379" machi="56" ten="40,12000,2" yaku="28,2,34,2,52,2,54,1" doraHai="109" who="2" fromWho="0" sc="250,-120,250,0,250,120,250,0" /><INIT seed="1,0,0,3,0,65" ten="130,250,370,250" oya="1" hai0="75,40,130,129,58,117,78,7,115,82,24,23,108" hai1="8,12,51,92,53,125,66,3,96,33,113,31,32" hai2="6,67,63,30,128,73,57,90,36,28,5,87,122" hai3="102,103,91,71,14,44,116,101,47,1,59,43,88"/><U2/><E113/><V106/><F73/><W61/><G1/><T110/><D117/><U84/><E125/><V109/><F106/><W69/><G116/><T50/><D115/><U37/><E37/><V72/><F72/><W112/><G112/><T74/><D7/><U77/><E66/><V11/><F36/><W93/><G14/><T104/><D104/><U120/><E120/><V134/><F122/><W35/><G35/><T22/><D74/><U48/><E31/><V89/><F128/><N who="0" m="49258" /><D40/><U133/><E133/><V70/><F5/><W4/><G4/><T105/><D105/><U76/><E84/><V124/><F124/><W79/><G79/><T68/><D68/><U15/><E8/><V20/><F70/><W25/><G25/><T0/><D0/><U9/><E9/><V45/><F11/><W114/><G114/><T80/><D82/><U18/><E92/><V126/><F6/><W34/><G34/><T95/><D95/><U29/><E29/><V27/><F134/><W56/><G93/><T83/><D83/><U60/><E60/><V55/><F30/><W41/><G103/><T86/><D75/><U97/><REACH who="1" step="1"/><E53/><REACH who="1" ten="130,240,370,250" step="2"/><N who="2" m="34223" /><F126/><W52/><G61/><T49/><D23/><U64/><E64/><V127/><F67/><W131/><G131/><T118/><D118/><U81/><E81/><V26/><F127/><W19/><G19/><AGARI ba="0,1" hai="2,3,12,15,18,19,32,33,48,51,76,77,96,97" machi="19" ten="25,4800,0" yaku="1,1,22,2,53,0" doraHai="65" doraHaiUra="42" who="1" fromWho="3" sc="130,0,240,58,370,0,250,-48" /><INIT seed="1,1,0,1,5,3" ten="130,298,370,202" oya="1" hai0="128,34,22,93,119,66,39,44,131,83,77,17,5" hai1="85,113,112,84,28,121,24,102,61,129,108,90,122" hai2="79,53,56,91,117,43,65,50,126,124,100,13,110" hai3="31,41,23,96,63,20,35,27,118,67,133,16,37"/><U105/><E61/><V115/><F100/><W68/><G133/><T69/><D34/><U10/><E10/><V40/><F79/><W125/><G125/><N who="2" m="48233" /><F117/><W109/><G109/><T42/><D93/><U75/><E24/><V134/><F110/><W60/><G118/><T57/><D69/><U103/><E28/><V95/><F134/><W78/><G63/><T132/><D119/><U32/><E32/><V58/><F115/><W15/><G78/><T74/><D132/><U86/><E108/><V116/><F116/><W106/><G41/><T99/><D99/><U29/><E29/><V76/><F76/><W97/><G37/><T9/><D57/><U6/><E6/><V111/><F111/><W18/><REACH who="3" step="1"/><G106/><REACH who="3" ten="130,298,370,192" step="2"/><T12/><REACH who="0" step="1"/><D66/><REACH who="0" ten="120,298,370,192" step="2"/><U46/><E105/><V92/><F65/><W38/><G38/><T62/><D62/><U64/><E64/><V26/><F50/><W114/><G114/><T33/><D33/><U94/><E113/><V80/><F43/><W71/><G71/><T21/><D21/><U47/><E112/><V1/><F40/><W73/><G73/><T98/><D98/><U70/><E75/><V7/><F53/><W30/><G30/><T52/><D52/><U2/><E70/><V82/><F56/><W135/><G135/><T104/><D104/><U8/><E47/><V87/><F58/><W4/><G4/><T120/><D120/><U11/><E46/><V19/><F7/><W72/><G72/><T88/><D88/><U55/><E55/><V107/><F91/><W54/><G54/><T51/><D51/><U36/><E90/><RYUUKYOKU ba="1,2" sc="120,15,298,-15,370,-15,192,15" hai0="5,9,12,17,22,39,42,44,74,77,83,128,131" hai3="15,16,18,20,23,27,31,35,60,67,68,96,97" /><INIT seed="2,2,2,5,0,12" ten="135,283,355,207" oya="2" hai0="130,39,121,109,2,9,104,126,72,103,105,42,65" hai1="113,81,107,51,122,71,45,30,54,66,134,58,16" hai2="88,84,38,116,87,98,49,7,6,64,40,95,117" hai3="111,3,100,26,108,62,128,112,18,8,32,44,106"/><V19/><F38/><W99/><G128/><T70/><RYUUKYOKU type="yao9" ba="2,2" sc="135,0,283,0,355,0,207,0" hai0="2,9,39,42,65,70,72,103,104,105,109,121,126,130" /><INIT seed="2,3,2,0,5,54" ten="135,283,355,207" oya="2" hai0="70,106,19,71,118,115,26,55,10,44,33,48,132" hai1="57,82,81,90,7,35,127,87,43,66,9,86,64" hai2="98,23,108,0,14,92,124,100,69,25,13,5,46" hai3="113,89,105,56,53,75,15,73,131,129,135,91,94"/><V68/><F0/><W2/><G2/><T22/><D106/><U42/><E35/><V32/><F32/><W112/><G105/><T126/><D115/><N who="3" m="44105" /><G135/><T4/><D132/><U123/><E123/><V24/><F124/><W34/><G34/><T99/><D126/><U101/><E101/><V85/><F108/><W65/><G65/><T104/><D118/><U45/><E127/><V47/><F69/><W8/><G75/><T60/><D33/><U3/><E66/><V52/><F68/><W83/><G73/><T21/><D21/><U51/><E43/><V79/><F5/><N who="3" m="3471" /><G83/><T50/><D60/><U133/><E133/><V38/><F38/><W110/><G110/><T17/><D17/><U103/><E103/><V122/><F122/><W78/><G78/><T74/><D74/><U1/><E64/><V18/><F47/><W117/><G117/><T128/><D128/><N who="3" m="49225" /><G94/><T31/><D70/><U16/><E1/><V67/><F67/><W120/><G120/><T121/><D71/><U72/><E72/><V49/><F14/><W93/><G93/><T95/><D104/><U41/><E41/><V84/><F79/><W30/><G30/><T40/><D31/><U11/><E11/><V20/><F25/><W114/><N who="3" m="44113" /><W62/><AGARI ba="3,2" hai="53,56,62,89,91" m="49225,3471,44113" machi="62" ten="50,8000,1" yaku="4,1,11,1,19,1,52,1" doraHai="54" who="3" fromWho="3" sc="135,-23,283,-23,355,-43,207,109" /><INIT seed="3,0,0,1,5,39" ten="112,260,312,316" oya="3" hai0="49,12,119,102,96,84,91,72,80,24,88,106,71" hai1="5,104,35,62,17,22,1,30,59,57,76,74,26" hai2="79,66,3,27,132,101,125,38,86,128,130,11,113" hai3="92,64,123,47,58,18,116,6,70,44,93,126,127"/><W60/><G6/><T114/><D71/><U4/><E104/><V21/><F113/><W111/><G123/><T112/><D12/><U54/><E1/><V118/><F118/><W40/><G116/><T135/><D24/><U122/><E122/><V75/><F75/><W53/><G18/><T108/><D49/><U14/><E76/><V19/><F101/><W50/><G111/><T109/><D119/><U98/><E74/><V103/><F103/><W89/><G47/><T82/><D135/><U48/><REACH who="1" step="1"/><E98/><REACH who="1" ten="112,250,312,316" step="2"/><V131/><F79/><W63/><REACH who="3" step="1"/><G93/><REACH who="3" ten="112,250,312,306" step="2"/><T25/><D112/><U33/><E33/><V77/><F130/><W99/><AGARI ba="0,2" hai="40,44,50,53,58,60,63,64,70,89,92,99,126,127" machi="99" ten="30,12000,1" yaku="1,1,2,1,0,1,52,1,53,1" doraHai="39" doraHaiUra="61" who="3" fromWho="3" sc="112,-40,250,-40,312,-40,306,140" /><INIT seed="3,1,0,1,0,44" ten="72,210,272,446" oya="3" hai0="95,109,18,134,61,32,63,31,27,48,67,124,77" hai1="127,66,117,132,80,92,98,4,133,118,82,76,11" hai2="14,84,23,103,20,70,8,58,99,89,108,5,75" hai3="21,38,7,123,49,1,83,96,129,88,10,135,55"/><W3/><G38/><T110/><D124/><U36/><E66/><V87/><F75/><W29/><G123/><T26/><D134/><N who="1" m="51819" /><E36/><V68/><F68/><W25/><G135/><T52/><D77/><U131/><E11/><V64/><F70/><W114/><G114/><T13/><D27/><U72/><E4/><V101/><F87/><W120/><G120/><T69/><D61/><U111/><E127/><V93/><F101/><W79/><G129/><T104/><D95/><U122/><E122/><V57/><F108/><W35/><G35/><T112/><D104/><U43/><E43/><V2/><F2/><W65/><G65/><T28/><D28/><U62/><E62/><V90/><F90/><W100/><G3/><T22/><REACH who="0" step="1"/><D112/><REACH who="0" ten="62,210,272,446" step="2"/><U54/><E111/><V91/><F91/><W85/><G79/><T73/><D73/><U94/><E131/><V24/><F24/><W6/><G29/><T9/><D9/><U15/><E15/><V128/><F128/><W113/><G113/><T115/><D115/><U97/><E82/><N who="2" m="49303" /><F64/><W51/><G10/><T19/><D19/><U60/><E94/><V78/><F78/><W106/><G1/><T86/><D86/><U33/><E92/><V47/><F93/><W41/><G25/><T107/><D107/><U30/><E30/><V45/><F103/><W126/><G126/><T34/><D34/><U125/><E33/><V16/><F99/><N who="1" m="37897" /><E125/><V42/><F8/><W53/><G21/><T0/><D0/><U121/><E121/><V59/><F23/><W119/><G106/><T56/><AGARI ba="1,1" hai="13,18,22,26,31,32,48,52,56,63,67,69,109,110" machi="56" ten="30,7900,0" yaku="1,1,0,1,52,1,54,1,53,0" doraHai="44" doraHaiUra="74" who="0" fromWho="0" sc="62,92,210,-21,272,-21,446,-40" /><INIT seed="4,0,0,5,1,134" ten="154,189,251,406" oya="0" hai0="57,125,112,6,92,8,27,18,43,30,119,123,58" hai1="118,97,35,62,120,91,95,23,12,128,94,4,47" hai2="0,66,81,20,5,67,111,54,101,77,106,46,28" hai3="82,60,104,56,29,33,21,55,114,108,42,121,52"/><T126/><D112/><U13/><E35/><V69/><F66/><W38/><G108/><T51/><D119/><U135/><E120/><V39/><F20/><W32/><G104/><T34/><D123/><U10/><E118/><V116/><F28/><W129/><G121/><T84/><D18/><N who="1" m="10703" /><E135/><V71/><F54/><W3/><G114/><T48/><D43/><U93/><E128/><V124/><F67/><W22/><G3/><T59/><D92/><N who="1" m="35435" /><E62/><V9/><F116/><W72/><G129/><T75/><D84/><U127/><E127/><N who="0" m="48649" /><D75/><U15/><E15/><AGARI ba="0,0" hai="6,8,15,27,30,34,48,51,57,58,59" m="48649" machi="15" ten="30,11600,0" yaku="18,1,52,3" doraHai="134" who="0" fromWho="1" sc="154,116,189,-116,251,0,406,0" /><INIT seed="4,1,0,4,3,60" ten="270,73,251,406" oya="0" hai0="11,93,83,55,63,31,61,129,3,97,42,41,38" hai1="135,13,49,108,47,33,85,89,134,86,50,70,132" hai2="96,27,126,116,104,75,94,106,52,26,88,35,57" hai3="79,101,36,17,123,103,67,59,113,7,32,65,14"/><T68/><D129/><U81/><E33/><V20/><F75/><W92/><G32/><T100/><D31/><U53/><E108/><V18/><F116/><W107/><G107/><T62/><D68/><U118/><E70/><V15/><F126/><W111/><G111/><T4/><D38/><U1/><E1/><V90/><F90/><W8/><G36/><T80/><REACH who="0" step="1"/><D55/><REACH who="0" ten="260,73,251,406" step="2"/><N who="1" m="30143" /><E118/><V10/><F35/><W99/><G123/><T22/><D22/><U98/><E13/><V82/><F27/><W46/><G113/><T120/><D120/><U112/><E112/><V21/><F21/><W109/><G109/><T87/><D87/><N who="1" m="50415" /><E98/><V91/><F26/><W128/><G128/><T122/><D122/><U73/><E73/><V71/><F20/><W28/><G99/><T16/><D16/><U76/><E76/><V43/><F71/><W64/><G17/><T66/><D66/><U23/><E23/><V114/><F114/><W5/><G28/><T84/><D84/><U2/><E2/><V119/><F119/><W102/><G79/><T74/><D74/><U30/><E30/><V72/><F72/><W48/><G5/><T40/><AGARI ba="1,1" hai="3,4,11,40,41,42,61,62,63,80,83,93,97,100" machi="40" ten="30,3000,0" yaku="1,1,0,1,53,0" doraHai="60" doraHaiUra="133" who="0" fromWho="0" sc="260,43,73,-11,251,-11,406,-11" /><INIT seed="4,2,0,4,5,29" ten="303,62,240,395" oya="0" hai0="122,43,3,98,73,78,62,10,119,23,26,47,44" hai1="112,126,27,28,127,53,33,37,40,52,21,90,35" hai2="4,50,61,60,104,85,94,117,111,80,20,96,132" hai3="19,0,134,105,83,67,76,91,75,77,135,116,58"/><T133/><D122/><U8/><E112/><V59/><F104/><W70/><G116/><T49/><D119/><U38/><E8/><V81/><F111/><W16/><G0/><T41/><D133/><N who="3" m="50697" /><G105/><T66/><D78/><U55/><E90/><V87/><F117/><W15/><G70/><T1/><D73/><U84/><E84/><V56/><F4/><W114/><G114/><T46/><D98/><U39/><REACH who="1" step="1"/><E40/><REACH who="1" ten="303,52,240,395" step="2"/><V124/><F85/><W110/><G91/><T129/><D10/><U24/><E24/><V102/><F87/><W82/><G110/><T51/><D129/><U22/><E22/><V89/><F89/><W7/><G77/><T88/><D88/><U9/><E9/><V106/><F20/><W42/><G42/><T64/><D43/><U86/><E86/><V97/><F132/><W12/><G83/><T32/><D41/><U34/><AGARI ba="2,1" hai="21,27,28,33,34,35,37,38,39,52,53,55,126,127" machi="34" ten="50,16000,3" yaku="1,1,0,1,29,2,52,3,54,1,53,0" doraHai="29" doraHaiUra="63" who="1" fromWho="1" sc="303,-82,52,176,240,-42,395,-42" /><INIT seed="5,0,0,5,4,20" ten="221,228,198,353" oya="1" hai0="126,63,132,54,71,121,113,124,15,19,105,123,115" hai1="61,91,73,78,28,60,117,77,135,49,35,27,21" hai2="116,0,1,72,69,64,66,40,108,81,6,107,102" hai3="7,100,67,103,33,84,59,14,58,44,86,22,110"/><U29/><E117/><V106/><F66/><W39/><G110/><T47/><D105/><N who="2" m="39946" /><F102/><N who="3" m="38955" /><G33/><T48/><D132/><U89/><E135/><V37/><F116/><W111/><G111/><T34/><D34/><U65/><E35/><V119/><F119/><W125/><G125/><N who="0" m="48235" /><D71/><U101/><E101/><V51/><F51/><W18/><G39/><T131/><D131/><U55/><E73/><V85/><F85/><N who="3" m="32875" /><G67/><T76/><D76/><N who="1" m="29291" /><E29/><V11/><F108/><W134/><G134/><T50/><D63/><N who="1" m="24139" /><E65/><V12/><F64/><W2/><G2/><T16/><D19/><U79/><N who="1" m="29299" /><U93/><DORA hai="41" /><E93/><V30/><F30/><W26/><G44/><AGARI ba="0,0" hai="21,27,28,44,49,55,89,91" m="24139,29299" machi="44" ten="30,5800,0" yaku="8,1,52,2" doraHai="20,41" who="1" fromWho="3" sc="221,0,228,58,198,0,353,-58" /><INIT seed="5,1,0,0,1,24" ten="221,286,198,295" oya="1" hai0="69,8,112,53,11,54,48,88,128,1,123,114,4" hai1="71,101,43,62,16,29,66,60,70,126,37,27,64" hai2="30,133,111,36,132,97,106,102,59,83,93,124,49" hai3="46,25,12,17,51,20,40,9,61,100,91,119,2"/><U107/><E126/><V110/><F36/><W118/><G100/><T22/><D69/><U82/><E82/><V7/><F7/><W38/><G2/><T89/><D123/><U130/><E16/><V76/><F49/><W13/><G61/><T117/><D128/><U56/><E56/><V73/><F59/><W3/><G3/><T19/><D11/><U116/><E130/><V52/><F52/><N who="0" m="20074" /><D48/><U80/><E80/><V104/><F30/><N who="3" m="17703" /><G38/><T94/><D94/><U55/><E55/><V33/><F33/><W63/><G63/><T14/><D117/><N who="3" m="44553" /><G13/><T6/><D4/><U134/><E116/><V98/><F124/><W45/><G45/><T96/><D96/><N who="1" m="61863" /><E43/><V79/><F79/><W32/><G91/><T99/><D99/><U31/><E31/><V131/><F131/><W35/><AGARI ba="1,0" hai="9,12,17,32,35,40,46,51" m="44553,17703" machi="35" ten="30,2000,0" yaku="12,1,52,1" doraHai="24" who="3" fromWho="3" sc="221,-6,286,-11,198,-6,295,23" /><INIT seed="6,0,0,4,3,98" ten="215,275,192,318" oya="2" hai0="10,126,76,39,29,40,103,62,94,55,112,50,111" hai1="119,69,128,13,14,99,49,15,114,37,51,101,35" hai2="83,20,129,48,71,68,108,105,66,134,63,47,17" hai3="19,106,130,64,124,7,31,122,32,56,8,34,79"/><V26/><F108/><W70/><G122/><T46/><D111/><U2/><E37/><V45/><F129/><W78/><G130/><T61/><D112/><U73/><E2/><V90/><F134/><W80/><G124/><T117/><D126/><U58/><E73/><V5/><F105/><W89/><G106/><T11/><D29/><U6/><E69/><V81/><F71/><W116/><G70/><T109/><D76/><U4/><E35/><V53/><F5/><W92/><G116/><T12/><D11/><U113/><E128/><V131/><F131/><W102/><G34/><T93/><D93/><N who="1" m="58607" /><E119/><V67/><F67/><W127/><G127/><T28/><D28/><U65/><E65/><V107/><F107/><W104/><G104/><T23/><D23/><U57/><E6/><V41/><REACH who="2" step="1"/><F90/><REACH who="2" ten="215,275,182,318" step="2"/><W25/><G7/><N who="0" m="3167" /><D109/><U27/><E4/><V86/><F86/><W60/><G89/><T133/><D133/><U84/><E84/><V77/><F77/><W120/><G78/><T3/><D117/><U18/><E114/><V125/><F125/><W44/><G79/><T21/><D3/><U97/><E113/><V82/><F82/><W85/><G80/><T72/><D72/><U87/><E87/><V121/><F121/><W52/><G85/><T115/><D115/><U33/><E97/><V118/><F118/><W91/><G91/><T42/><D94/><U100/><E33/><V38/><AGARI ba="0,1" hai="17,20,26,38,41,45,47,48,53,63,66,68,81,83" machi="38" ten="20,3900,0" yaku="1,1,0,1,7,1,53,0" doraHai="98" doraHaiUra="24" who="2" fromWho="2" sc="215,-13,275,-13,182,49,318,-13" /><INIT seed="6,1,0,5,5,11" ten="202,262,231,305" oya="2" hai0="99,50,35,74,80,135,37,23,43,129,42,125,57" hai1="2,83,87,56,92,47,115,112,132,66,26,21,95" hai2="114,30,88,40,31,33,134,51,105,128,10,84,90" hai3="96,111,101,79,18,44,6,127,1,14,62,98,113"/><V54/><F105/><W45/><G111/><T5/><D35/><U106/><E106/><V103/><F103/><W122/><G122/><T49/><D37/><U58/><E2/><V0/><F33/><W120/><G120/><T36/><D36/><U102/><E132/><V16/><F134/><W76/><G127/><T68/><D68/><U118/><E47/><V24/><F40/><W7/><G1/><T107/><D5/><N who="3" m="1545" /><G113/><N who="1" m="43594" /><E118/><V67/><F114/><W78/><G62/><T100/><D125/><U116/><E116/><V69/><F128/><W63/><G63/><T53/><D129/><U89/><E66/><V131/><F131/><W41/><G41/><T29/><D135/><U121/><E121/><V65/><F69/><W72/><G72/><T85/><D74/><U9/><E9/><V17/><F0/><W94/><G98/><T104/><D104/><U19/><E95/><V4/><F4/><W12/><G12/><T117/><D117/><U60/><E60/><V8/><F84/><W86/><G86/><T3/><D3/><U25/><E26/><V73/><F73/><W64/><G64/><T123/><D49/><U70/><E70/><V48/><F54/><W13/><G13/><T20/><D123/><U81/><E81/><V133/><F133/><W91/><G101/><T130/><D130/><U46/><E46/><V32/><F32/><W39/><G39/><T34/><D42/><U38/><E38/><V124/><F124/><W93/><G93/><T52/><D43/><U119/><E119/><V97/><F24/><W82/><G82/><T75/><D80/><RYUUKYOKU ba="1,0" sc="202,-30,262,10,231,10,305,10" hai1="19,21,25,56,58,83,87,89,92,102" hai2="8,10,16,17,30,31,48,51,65,67,88,90,97" hai3="14,18,44,45,76,78,79,91,94,96" /><INIT seed="6,2,0,5,4,4" ten="172,272,241,315" oya="2" hai0="63,64,29,112,103,55,70,71,20,85,12,128,22" hai1="124,97,132,54,89,116,105,9,131,8,77,80,100" hai2="101,106,117,129,115,90,79,11,53,24,109,1,120" hai3="50,31,33,96,38,87,75,72,37,42,91,94,44"/><V73/><F117/><W30/><G75/><T62/><D112/><U15/><E116/><V25/><F120/><W16/><G72/><T35/><D128/><U135/><E131/><V110/><F129/><W26/><G31/><T34/><D103/><U102/><E15/><V40/><F115/><W108/><G108/><N who="2" m="41577" /><F40/><W61/><G61/><T134/><D29/><U127/><E102/><V51/><F79/><W118/><G118/><T67/><D12/><U125/><E89/><V123/><F73/><W28/><G28/><T119/><D119/><U83/><E54/><V49/><F49/><W19/><REACH who="3" step="1"/><G96/><REACH who="3" ten="172,272,241,305" step="2"/><T68/><D68/><U65/><E65/><V98/><F123/><W122/><G122/><T39/><D134/><N who="1" m="51243" /><E83/><V92/><F98/><W46/><G46/><T76/><D67/><U6/><E6/><V78/><F106/><W69/><G69/><T2/><D64/><U81/><E81/><V93/><F93/><W88/><G88/><T41/><D70/><U121/><E121/><V104/><F104/><W74/><G74/><AGARI ba="2,1" hai="8,9,74,77,80,97,100,105,124,125,127" m="51243" machi="74" ten="40,8000,1" yaku="18,1,20,1,52,2" doraHai="4" who="1" fromWho="3" sc="172,0,272,96,241,0,305,-86" /><INIT seed="7,0,0,2,2,21" ten="172,368,241,219" oya="3" hai0="121,29,89,30,106,92,104,27,95,109,126,76,80" hai1="56,64,48,83,78,37,10,40,73,133,13,79,75" hai2="32,51,53,96,62,113,14,54,70,44,66,98,57" hai3="50,45,63,127,118,9,72,135,130,60,103,46,129"/><W77/><G103/><T128/><D121/><U112/><E133/><V86/><F32/><W125/><G77/><T132/><D109/><U93/><E112/><V67/><F113/><W117/><G72/><T11/><D132/><U52/><E93/><V81/><F14/><W100/><G100/><T18/><D95/><U101/><E101/><V47/><F47/><N who="3" m="17931" /><G135/><T49/><D49/><U108/><E108/><V1/><F1/><W111/><G9/><T25/><D126/><N who="3" m="48137" /><G50/><T61/><D61/><N who="3" m="23625" /><G111/><T31/><D128/><AGARI ba="0,0" hai="117,118,128,129,130" m="23625,48137,17931" machi="128" ten="40,18000,2" yaku="28,2,19,1,18,1,34,2" doraHai="21" who="3" fromWho="0" sc="172,-180,368,0,241,0,219,180" owari="-8,-51.0,368,17.0,241,-16.0,399,50.0" /></mjloggm>