<mjloggm ver="2.3"><GO type="97" lobby="0"/><UN n0="%E8%B5%A4%E7%99%BD%E9%9D%92%E7%B4%AB%E9%BB%84%E7%B7%91" n1="%73%61%6C%74%79%64%6F%67" n2="%E5%8B%9D%E8%B2%A0%E5%B8%AB%E2%99%AA" n3="%E3%82%A6%E3%83%AB%E3%83%88%E3%83%A9%E7%AB%8B%E7%9B%B4" dan="13,14,15,15" rate="1908.25,1906.70,1995.45,1998.79" sx="M,M,M,M"/><TAIKYOKU oya="0"/><INIT seed="0,0,0,1,4,28" ten="250,250,250,250" oya="0" hai0="132,32,5,93,88,83,122,67,82,18,72,15,113" hai1="128,91,73,0,35,13,42,77,11,25,57,2,39" hai2="107,40,70,114,124,95,26,109,126,85,29,120,87" hai3="80,112,56,50,4,23,8,101,31,97,98,68,27"/><T21/><D113/><U16/><E57/><V19/><F114/><W103/><G68/><T74/><D122/><U75/><E91/><V99/><F107/><W45/><G112/><T84/><D132/><U71/><E71/><V134/><F120/><W117/><G56/><T62/><D5/><U118/><E118/><V20/><F70/><W24/><G80/><T22/><D22/><U123/><E123/><V61/><F61/><W10/><G117/><T51/><D51/><U46/><E128/><V37/><F109/><W111/><G111/><T129/><D129/><U41/><E42/><V86/><F134/><W92/><G27/><T89/><D82/><U135/><E135/><V131/><F131/><W7/><G7/><T33/><D74/><U130/><E130/><V63/><F63/><W30/><G30/><T14/><D14/><U96/><E96/><V115/><F115/><W3/><G3/><T47/><D47/><U121/><E121/><V100/><F40/><W6/><G6/><T78/><D89/><U54/><E54/><V34/><REACH who="2" step="1"/><F37/><REACH who="2" ten="250,250,240,250" step="2"/><W108/><G108/><T48/><D48/><U94/><E39/><V44/><F44/><W49/><G49/><T81/><D93/><U106/><E94/><V66/><F66/><W76/><G50/><T105/><D105/><U69/><E106/><V64/><F64/><W53/><G45/><T65/><D65/><U102/><E46/><V9/><F9/><W119/><G10/><T59/><AGARI ba="0,1" hai="15,18,21,32,33,59,62,67,72,78,81,83,84,88" machi="59" ten="20,12000,1" yaku="0,1,7,1,52,2,54,1" doraHai="28" who="0" fromWho="0" sc="250,130,250,-40,240,-40,250,-40" /><INIT seed="0,1,0,2,2,124" ten="380,210,200,210" oya="0" hai0="19,134,97,34,29,67,135,90,63,14,37,5,121" hai1="89,113,36,43,84,28,130,94,24,75,126,54,132" hai2="78,125,22,56,27,98,2,100,95,109,101,87,59" hai3="8,68,128,104,47,79,58,50,42,20,62,38,65"/><T85/><D37/><U119/><E119/><V12/><F125/><W105/><G79/><T82/><D121/><U96/><E126/><V44/><F2/><W1/><G20/><T77/><D5/><U31/><E113/><V3/><F3/><W83/><G83/><T120/><D120/><U133/><E75/><V99/><F44/><W9/><G9/><T13/><D34/><U30/><E54/><V52/><F109/><W92/><G92/><N who="0" m="56471" /><D29/><U60/><E60/><N who="2" m="35847" /><F12/><W116/><G116/><T64/><D13/><U46/><E24/><V122/><F122/><W69/><G104/><T49/><D49/><U72/><E72/><V66/><F87/><W114/><G105/><T108/><D108/><U16/><E84/><V80/><F80/><W48/><G114/><T32/><D32/><U117/><E117/><V102/><F78/><W33/><G33/><T70/><D64/><U7/><E7/><V91/><F99/><W26/><G1/><T86/><D86/><U6/><E6/><V131/><F131/><W103/><G26/><T123/><D123/><U57/><E130/><V118/><F118/><W61/><G128/><T110/><D110/><U23/><E57/><V15/><F15/><W115/><G115/><T53/><D53/><U93/><E94/><V0/><F0/><W35/><G35/><T10/><D85/><U129/><E129/><V71/><F71/><W21/><G68/><T45/><D45/><U127/><E127/><V81/><F81/><W106/><G69/><T17/><D17/><U51/><E36/><V11/><F11/><W39/><G8/><RYUUKYOKU ba="1,0" sc="380,15,210,15,200,-15,210,-15" hai0="10,14,19,63,67,70,77,82,134,135" hai1="16,23,28,30,31,43,46,51,89,93,96,132,133" /><INIT seed="0,2,0,4,5,37" ten="395,225,185,195" oya="0" hai0="36,22,127,88,90,25,107,76,115,70,7,32,92" hai1="9,71,131,63,72,77,27,15,59,121,110,5,100" hai2="29,23,42,97,133,108,51,12,79,65,66,18,62" hai3="89,114,109,87,31,50,78,74,101,14,128,67,11"/><T38/><D70/><U24/><E121/><V96/><F133/><W126/><G114/><T135/><D115/><U130/><E71/><V8/><F108/><W85/><G74/><T75/><D107/><U113/><E110/><V117/><F117/><W57/><G126/><T64/><D32/><U134/><E134/><V41/><F51/><W40/><G128/><N who="1" m="49194" /><E113/><V104/><F79/><W95/><G101/><T52/><D135/><U6/><E100/><V26/><F104/><W73/><G73/><T103/><D64/><N who="2" m="24682" /><F62/><N who="3" m="38351" /><G31/><T106/><D127/><U0/><E77/><V35/><F35/><W3/><G3/><T91/><D7/><N who="1" m="2571" /><E72/><V69/><F69/><W20/><G20/><T82/><D106/><U1/><E1/><V49/><F49/><W55/><G78/><T80/><D80/><U60/><E0/><V28/><F28/><W10/><G109/><T4/><D4/><N who="1" m="3495" /><E59/><V122/><F122/><W83/><G83/><T45/><D103/><U125/><E125/><V54/><F54/><W13/><G55/><T86/><D52/><U61/><AGARI ba="2,0" hai="24,27,60,61,63" m="3495,2571,49194" machi="61" ten="40,1500,0" yaku="19,1" doraHai="37" who="1" fromWho="1" sc="395,-9,225,21,185,-6,195,-6" /><INIT seed="1,0,0,2,0,34" ten="386,246,179,189" oya="1" hai0="108,35,70,47,39,44,102,80,128,0,20,90,38" hai1="111,112,96,54,17,89,29,109,76,134,86,71,79" hai2="69,132,10,74,24,131,67,46,104,31,94,6,16" hai3="114,15,97,1,22,45,25,92,18,68,99,60,32"/><U72/><E71/><V43/><F104/><W50/><G114/><T91/><D35/><U11/><E29/><V64/><F74/><W55/><G1/><T14/><D70/><U48/><E112/><V116/><F132/><W51/><G32/><T41/><D0/><U40/><E40/><V83/><F116/><W58/><G68/><T5/><D102/><U33/><E33/><V135/><F131/><W115/><G115/><T28/><D128/><U81/><E79/><V27/><F135/><W62/><G97/><T113/><D113/><U2/><E96/><V77/><F94/><W36/><G36/><T26/><D108/><N who="1" m="41547" /><E134/><V107/><F107/><W122/><G122/><T106/><D106/><U120/><E120/><V133/><F133/><W12/><G51/><T4/><D80/><N who="1" m="49351" /><E17/><V7/><F31/><W57/><G60/><T75/><D75/><U110/><N who="1" m="41555" /><U84/><DORA hai="82" /><E72/><V63/><F67/><W23/><G23/><T130/><D130/><U42/><E42/><V59/><F69/><W103/><REACH who="3" step="1"/><G58/><REACH who="3" ten="386,246,179,179" step="2"/><T119/><D119/><U53/><E48/><N who="2" m="26719" /><F77/><W87/><G87/><T126/><D39/><U8/><E2/><V127/><F83/><W124/><G124/><T73/><D126/><U21/><E21/><V9/><F127/><W78/><G78/><T66/><D20/><U123/><E123/><V101/><F9/><AGARI ba="0,1" hai="8,9,11,53,54,76,81,84" m="49351,41555" machi="9" ten="40,12000,1" yaku="14,1,10,1,52,2" doraHai="34,82" who="1" fromWho="2" sc="386,0,246,130,179,-120,179,0" /><INIT seed="1,1,0,4,2,23" ten="386,376,59,179" oya="1" hai0="42,33,45,27,4,47,79,99,69,121,28,82,13" hai1="83,97,26,117,60,51,57,17,107,111,43,9,56" hai2="64,103,95,0,65,62,109,59,70,92,49,91,29" hai3="20,14,32,12,101,129,127,72,134,15,58,102,128"/><U80/><E117/><V2/><F109/><W119/><G72/><T34/><D69/><U108/><E107/><V86/><F29/><W90/><G58/><T120/><D99/><U50/><E97/><V5/><F5/><W116/><G32/><T96/><D96/><U85/><E43/><V114/><F114/><W106/><G20/><T11/><D34/><U67/><E56/><V24/><F24/><W124/><G90/><T135/><D135/><U132/><E132/><V61/><F103/><N who="3" m="39435" /><G106/><T115/><D115/><U25/><E80/><V8/><F95/><W126/><G134/><T133/><D133/><U44/><E44/><V66/><F8/><W113/><G113/><T3/><D47/><U54/><E67/><V122/><F122/><W98/><G98/><T55/><D55/><U81/><E83/><V87/><F64/><W41/><G41/><T35/><D35/><U48/><E81/><V104/><F104/><W18/><G18/><T73/><REACH who="0" step="1"/><D13/><REACH who="0" ten="376,376,59,179" step="2"/><N who="1" m="7343" /><E85/><V94/><REACH who="2" step="1"/><F49/><AGARI ba="1,1" hai="3,4,11,27,28,33,42,45,49,73,79,82,120,121" machi="49" ten="40,5200,0" yaku="1,1,52,1,53,1" doraHai="23" doraHaiUra="77" who="0" fromWho="2" sc="376,65,376,0,59,-55,179,0" /><INIT seed="2,0,0,1,2,8" ten="441,376,4,179" oya="2" hai0="14,80,99,116,3,70,115,96,59,119,51,124,34" hai1="103,7,13,10,118,104,126,5,107,43,87,84,31" hai2="92,65,66,45,11,18,67,23,52,28,16,68,22" hai3="77,0,82,71,46,49,55,108,93,134,90,121,91"/><V9/><F68/><W27/><G71/><T111/><D70/><U50/><E118/><N who="0" m="45097" /><D115/><U131/><E126/><V125/><F125/><W47/><G121/><T48/><D3/><U15/><E131/><V33/><F33/><W135/><G108/><T54/><D124/><U64/><E31/><V133/><F133/><N who="3" m="50699" /><G0/><T74/><D34/><U2/><E2/><V114/><F114/><W24/><G47/><T60/><D111/><U113/><E113/><V25/><F28/><W109/><G109/><T29/><D29/><U37/><E37/><V42/><F92/><W83/><G83/><T120/><D120/><U102/><E64/><V112/><F112/><W79/><G79/><N who="0" m="44151" /><D14/><U129/><E129/><V127/><F127/><W63/><G63/><T17/><D17/><U132/><E132/><V38/><F52/><W110/><G110/><T26/><D26/><AGARI ba="0,0" hai="9,11,16,18,22,23,25,26,38,42,45,65,66,67" machi="26" ten="40,3900,0" yaku="9,1,54,1" doraHai="8" who="2" fromWho="0" sc="441,-39,376,0,4,39,179,0" /><INIT seed="2,1,0,3,5,79" ten="402,376,43,179" oya="2" hai0="3,47,37,15,131,24,110,63,23,28,12,122,39" hai1="59,106,42,89,109,117,62,65,111,127,126,75,36" hai2="133,53,43,82,81,114,96,130,61,38,66,18,83" hai3="52,92,93,35,49,101,97,72,58,128,64,85,120"/><V77/><F114/><W6/><G128/><T57/><D122/><U20/><E75/><V2/><F2/><W13/><G35/><T8/><D131/><U14/><E106/><V112/><F112/><W1/><G1/><T5/><D110/><N who="1" m="41995" /><E117/><V33/><F130/><W51/><G72/><T108/><D108/><U7/><E89/><V19/><F133/><W60/><G120/><T99/><D47/><N who="1" m="24007" /><E7/><V4/><F4/><W105/><G51/><T104/><D104/><U80/><E80/><V29/><F77/><W45/><G85/><T124/><D124/><N who="1" m="47659" /><E20/><V121/><F121/><W129/><G129/><T88/><D37/><U50/><E50/><V94/><F53/><W31/><G31/><T86/><D39/><U69/><E14/><V135/><F135/><W113/><G113/><T115/><D99/><U71/><AGARI ba="1,0" hai="59,62,65,69,71" m="47659,24007,41995" machi="71" ten="40,8000,1" yaku="14,1,18,1,34,2" doraHai="79" who="1" fromWho="1" sc="402,-21,376,83,43,-41,179,-21" /><INIT seed="3,0,0,0,3,129" ten="381,459,2,158" oya="3" hai0="122,5,12,6,107,95,120,110,90,14,42,97,132" hai1="25,84,38,75,93,21,10,67,27,98,37,60,55" hai2="43,128,88,124,63,126,36,48,11,77,118,104,70" hai3="76,16,13,108,86,47,4,1,30,78,18,133,66"/><W106/><G106/><T65/><D107/><U99/><E75/><V135/><F118/><W134/><G66/><T80/><D65/><U72/><E72/><V125/><F77/><N who="3" m="29803" /><G86/><T73/><D42/><U91/><E37/><V17/><F104/><W127/><G1/><T117/><D73/><U61/><E38/><V96/><F36/><W85/><G85/><T39/><D39/><U22/><E10/><V111/><F111/><W123/><G123/><T28/><D80/><N who="1" m="49543" /><E55/><V79/><F79/><W20/><G108/><T24/><D110/><U105/><E105/><V112/><F112/><W116/><G116/><T57/><D117/><U71/><E71/><V51/><F63/><N who="1" m="24137" /><E67/><V35/><F70/><W33/><G127/><T114/><D114/><U69/><E69/><V89/><F35/><W119/><G119/><T32/><D57/><U58/><E58/><V64/><F64/><W7/><G47/><T92/><D92/><U31/><E93/><V100/><F43/><W121/><G121/><T0/><D0/><U41/><E41/><V50/><F11/><W40/><G40/><T15/><D122/><U19/><AGARI ba="0,0" hai="19,21,22,25,27,31,98,99" m="24137,49543" machi="19" ten="30,1100,0" yaku="8,1" doraHai="129" who="1" fromWho="1" sc="381,-3,459,11,2,-3,158,-5" owari="378,18.0,470,57.0,-1,-50.0,153,-25.0" /></mjloggm>