<mjloggm ver="2.3"><GO type="169" lobby="0"/><UN n0="%E3%81%A4%E3%81%B0%E3%81%8D%E3%81%A1%30%33" n1="%EF%BC%88%E2%89%A7%E2%96%BD%E2%89%A6%EF%BC%89" n2="%70%65%72%6F%32" n3="%41%6B%61%2D%75%72%61" dan="17,19,16,17" rate="2173.65,2249.60,2099.07,2113.20" sx="M,M,M,M"/><TAIKYOKU oya="0"/><INIT seed="0,0,0,3,2,128" ten="250,250,250,250" oya="0" hai0="47,2,79,39,42,52,18,72,46,19,106,98,86" hai1="99,12,50,34,112,110,113,111,88,127,54,75,36" hai2="130,131,74,24,114,96,118,107,6,22,21,134,35" hai3="92,85,5,9,78,14,11,80,41,126,1,90,73"/><T59/><D2/><U123/><E36/><V57/><F114/><N who="1" m="44137" /><E34/><V25/><F74/><W23/><G41/><T102/><D47/><N who="1" m="27999" /><E75/><V135/><F57/><W103/><G126/><T38/><D38/><U63/><E127/><V89/><F35/><W13/><G23/><N who="2" m="8713" /><F6/><W16/><REACH who="3" step="1"/><G103/><REACH who="3" ten="250,250,250,240" step="2"/><T71/><D102/><U32/><E32/><V91/><F118/><W20/><G20/><T125/><D125/><U8/><E123/><V49/><F24/><W108/><G108/><T61/><D39/><U67/><E111/><V93/><F25/><W115/><G115/><T40/><D40/><U124/><E110/><V33/><F33/><W56/><G56/><T15/><D42/><U0/><E124/><V122/><F122/><W70/><G70/><T120/><D71/><N who="1" m="42495" /><E0/><AGARI ba="0,1" hai="0,1,5,9,11,13,14,16,73,78,80,85,90,92" machi="0" ten="40,2600,0" yaku="1,1,54,1,53,0" doraHai="128" doraHaiUra="43" who="3" fromWho="1" sc="250,0,250,-26,250,0,240,36" /><INIT seed="1,0,0,0,5,16" ten="250,224,250,276" oya="1" hai0="32,67,122,86,119,31,100,29,40,112,37,95,82" hai1="43,65,111,101,36,74,25,51,44,21,4,60,94" hai2="80,83,52,46,20,12,6,39,34,1,61,135,17" hai3="127,87,117,64,103,0,115,72,121,116,24,118,15"/><U68/><E74/><V11/><F135/><W89/><G0/><T5/><D112/><U18/><E4/><V47/><F34/><W102/><G121/><T85/><D119/><U96/><REACH who="1" step="1"/><E111/><REACH who="1" ten="250,214,250,276" step="2"/><V109/><F109/><W125/><G72/><T108/><D5/><U53/><E53/><V33/><F52/><W28/><G117/><T58/><D108/><U71/><E71/><V110/><F6/><W97/><G116/><T126/><D122/><U42/><E42/><V3/><F110/><W57/><G118/><T10/><D40/><U48/><AGARI ba="0,1" hai="18,21,25,36,43,44,48,51,60,65,68,94,96,101" machi="48" ten="30,11700,0" yaku="1,1,0,1,52,1,53,1" doraHai="16" doraHaiUra="99" who="1" fromWho="1" sc="250,-39,214,127,250,-39,276,-39" /><INIT seed="1,1,0,3,4,14" ten="211,341,211,237" oya="1" hai0="0,118,44,6,67,102,105,51,95,58,52,124,43" hai1="9,116,61,13,104,88,2,83,127,117,134,29,7" hai2="57,78,135,35,91,128,84,110,111,28,80,120,129" hai3="81,40,50,98,94,26,17,53,76,20,113,86,5"/><U106/><E134/><V48/><F120/><W56/><G113/><T21/><D118/><U18/><E127/><V75/><F28/><W126/><G126/><T36/><D124/><U114/><E114/><V101/><F35/><W34/><G34/><T97/><D21/><U59/><E29/><V1/><F1/><W3/><G40/><T23/><D23/><U71/><E71/><V89/><F48/><W49/><G3/><T74/><D74/><U47/><E47/><V112/><F112/><W107/><G107/><T115/><D115/><U121/><E121/><V92/><F57/><W122/><G5/><T99/><D67/><U70/><E70/><V38/><F38/><W32/><G32/><T131/><D131/><N who="2" m="50250" /><F135/><W24/><G122/><T31/><D31/><U25/><E25/><V4/><F4/><W125/><G125/><T68/><D68/><U55/><E117/><V64/><F64/><W19/><G26/><T54/><D54/><U103/><E103/><V60/><F60/><N who="3" m="35855" /><G19/><T69/><D69/><U15/><E116/><V108/><F75/><W130/><G130/><T11/><REACH who="0" step="1"/><D97/><AGARI ba="1,0" hai="78,80,84,89,91,92,97,101,108,110,111" m="50250" machi="97" ten="40,8000,1" yaku="14,1,19,1,34,2" doraHai="14" who="2" fromWho="0" sc="211,-83,341,0,211,83,237,0" /><INIT seed="2,0,0,3,3,88" ten="128,341,294,237" oya="2" hai0="36,8,0,79,16,92,14,76,106,107,110,114,82" hai1="127,102,39,3,117,130,5,111,100,41,126,99,57" hai2="54,35,17,98,33,4,44,2,70,46,29,66,15" hai3="78,122,134,48,60,59,49,113,28,123,67,96,13"/><V72/><F72/><W43/><G78/><T104/><D114/><U58/><E117/><V56/><F66/><W118/><G118/><T121/><D121/><U24/><E102/><V19/><F70/><W120/><G28/><T71/><D71/><U6/><E24/><V65/><F65/><W129/><G129/><T80/><D110/><U18/><E18/><V131/><F131/><W108/><G108/><T109/><D109/><U22/><E22/><V68/><F68/><W11/><G113/><T81/><D36/><U20/><E20/><V119/><F119/><W47/><G134/><T89/><REACH who="0" step="1"/><D0/><REACH who="0" ten="118,341,294,237" step="2"/><U105/><E3/><V74/><F2/><W51/><G123/><T69/><D69/><U26/><E111/><V112/><F112/><W27/><G122/><T61/><D61/><U91/><E39/><V1/><F1/><W125/><G120/><T97/><AGARI ba="0,1" hai="8,14,16,76,79,80,81,82,89,92,97,104,106,107" machi="97" ten="40,8000,1" yaku="1,1,0,1,52,1,54,1,53,1" doraHai="88" doraHaiUra="85" who="0" fromWho="0" sc="118,90,341,-20,294,-40,237,-20" /><INIT seed="3,0,0,5,1,28" ten="208,321,254,217" oya="3" hai0="4,40,93,76,89,9,134,19,48,1,66,20,42" hai1="25,14,38,30,49,91,116,36,2,101,99,115,15" hai2="72,126,77,80,131,128,57,102,64,11,110,69,50" hai3="98,21,113,90,119,97,75,124,74,122,61,81,43"/><W18/><G119/><T105/><D134/><U114/><E2/><V31/><F110/><W54/><G122/><T22/><D105/><U125/><E116/><V45/><F102/><W44/><G113/><T135/><D135/><U17/><E125/><V84/><F126/><W117/><G117/><T85/><D66/><U23/><E14/><V121/><F121/><W79/><G75/><T32/><D32/><U118/><E118/><V112/><F112/><W92/><G124/><T132/><D132/><U60/><E91/><V59/><F11/><W104/><G104/><T58/><D76/><U34/><E115/><V8/><F8/><W96/><G61/><T71/><D71/><U82/><E82/><V86/><F31/><W107/><G54/><N who="0" m="32071" /><D22/><U87/><E87/><V103/><F103/><W63/><G63/><T111/><D111/><U37/><E60/><V123/><F69/><W95/><G107/><T16/><D19/><U41/><E114/><V127/><F123/><W68/><G95/><T24/><D1/><U73/><E73/><V3/><F3/><W100/><G100/><T70/><D70/><U26/><E49/><V27/><F64/><W108/><G68/><T33/><D33/><U130/><E37/><V56/><F127/><W6/><G108/><T129/><D129/><N who="2" m="49738" /><F27/><N who="3" m="14775" /><G6/><T88/><D89/><U39/><E130/><V109/><F109/><W13/><G13/><T46/><D46/><N who="1" m="23847" /><E15/><V7/><F7/><W106/><G106/><T52/><D52/><AGARI ba="0,0" hai="45,50,52,56,57,59,72,77,80,84,86" m="49738" machi="52" ten="30,2000,0" yaku="19,1,54,1" doraHai="28" who="2" fromWho="0" sc="208,-20,321,0,254,20,217,0" /><INIT seed="4,0,0,5,0,37" ten="188,321,274,217" oya="0" hai0="13,116,82,16,64,57,100,24,66,92,133,68,48" hai1="96,4,129,29,81,79,46,9,53,75,55,42,50" hai2="23,8,94,113,117,71,44,26,73,84,86,88,69" hai3="2,132,83,63,14,103,43,25,125,93,31,3,85"/><T76/><D116/><U65/><E129/><V30/><F73/><W109/><G109/><T17/><D133/><U47/><E65/><V121/><F121/><W19/><G132/><T10/><D68/><U7/><E29/><V70/><F117/><W5/><G125/><T98/><D24/><U1/><E4/><V74/><F74/><W45/><G63/><T123/><D17/><U12/><E12/><V128/><F128/><W127/><G127/><T130/><D130/><U91/><E96/><V122/><F122/><W18/><G18/><T22/><D10/><U110/><E91/><V112/><F8/><W38/><G5/><T118/><D123/><U49/><E110/><V72/><F72/><W80/><G80/><T33/><D33/><U101/><E101/><V131/><F131/><W104/><G104/><T6/><D6/><U106/><E106/><V36/><REACH who="2" step="1"/><F86/><REACH who="2" ten="188,321,264,217" step="2"/><W95/><G85/><N who="0" m="48327" /><D118/><U120/><E120/><V124/><F124/><W102/><G102/><T15/><D15/><U27/><E27/><V58/><F58/><W35/><G103/><T59/><D59/><U114/><E114/><V54/><F54/><AGARI ba="0,1" hai="13,16,22,48,54,57,64,66,92,98,100" m="48327" machi="54" ten="30,2900,0" yaku="8,1,54,1" doraHai="37" who="0" fromWho="2" sc="188,39,321,0,264,-29,217,0" /><AGARI ba="0,0" hai="1,7,9,42,46,47,49,50,53,54,55,75,79,81" machi="54" ten="30,2000,0" yaku="7,1,52,1" doraHai="37" who="1" fromWho="2" sc="227,0,321,20,235,-20,217,0" /><INIT seed="4,1,0,3,0,105" ten="227,341,215,217" oya="0" hai0="36,35,96,109,95,90,9,40,10,82,75,126,92" hai1="26,107,83,132,133,131,101,4,61,97,57,21,52" hai2="53,102,125,86,117,135,99,127,19,65,44,115,121" hai3="93,63,79,64,28,6,29,17,94,46,134,42,47"/><T54/><D35/><U30/><E131/><V130/><F121/><W77/><G6/><T7/><D126/><N who="2" m="48138" /><F65/><W80/><G134/><N who="1" m="51818" /><E83/><V122/><F135/><W39/><G46/><N who="0" m="23815" /><D95/><U62/><E4/><V100/><F122/><W128/><G77/><N who="0" m="44351" /><D9/><U67/><E67/><V85/><F130/><W112/><G128/><T22/><D22/><U70/><E70/><V55/><F117/><W68/><G112/><T69/><D54/><U113/><E113/><V37/><F115/><W84/><REACH who="3" step="1"/><G17/><REACH who="3" ten="227,341,215,207" step="2"/><T20/><D109/><U58/><E58/><V43/><F19/><W76/><G76/><T114/><D114/><U81/><E81/><V108/><F108/><W78/><G78/><T3/><D20/><U27/><E27/><V111/><F111/><W14/><G14/><T33/><D33/><U49/><AGARI ba="1,1" hai="21,26,30,49,52,57,61,62,97,101,107" m="51818" machi="49" ten="30,2000,0" yaku="20,1,54,1" doraHai="105" who="1" fromWho="1" sc="227,-11,341,33,215,-6,207,-6" /><INIT seed="5,0,0,2,4,49" ten="216,374,209,201" oya="1" hai0="101,34,89,70,92,36,41,110,57,28,114,17,9" hai1="50,83,79,134,112,48,135,85,63,127,96,61,71" hai2="10,75,31,22,111,37,78,62,133,15,44,122,30" hai3="93,38,125,40,23,11,67,8,95,120,24,55,18"/><U126/><E112/><V72/><F122/><W94/><G120/><T58/><D110/><U43/><E96/><V4/><F111/><W108/><G108/><T90/><D70/><U80/><E43/><V100/><F100/><W29/><G125/><N who="1" m="47626" /><E80/><V107/><F133/><N who="1" m="50697" /><E63/><V132/><F62/><W1/><G67/><AGARI ba="0,0" hai="48,50,61,67,71,79,83,85" m="50697,47626" machi="67" ten="30,2900,0" yaku="18,1,20,1" doraHai="49" who="1" fromWho="3" sc="216,0,374,29,209,0,201,-29" /><INIT seed="5,1,0,0,3,84" ten="216,403,209,172" oya="1" hai0="2,9,134,93,8,27,117,78,55,13,46,83,108" hai1="101,62,4,99,102,44,73,113,11,3,33,63,30" hai2="50,104,56,57,105,131,39,32,66,54,18,69,19" hai3="48,94,76,70,71,23,36,28,81,72,123,59,111"/><U47/><E73/><V112/><F32/><W95/><G36/><T7/><D117/><U52/><E102/><V41/><F131/><W90/><G111/><T38/><D108/><U92/><E113/><V86/><F112/><W120/><G95/><T96/><D27/><U20/><E33/><V42/><F86/><W132/><G132/><T17/><D134/><U35/><E35/><V10/><F56/><W49/><G70/><T133/><D133/><U121/><E121/><V130/><F130/><W67/><G71/><T34/><D34/><U97/><E97/><V61/><F42/><W74/><G74/><T106/><D106/><N who="2" m="41066" /><F10/><W26/><G49/><T124/><D38/><U80/><E80/><V77/><F77/><W25/><G25/><T21/><D8/><U16/><E30/><V40/><F40/><W88/><G48/><T98/><D93/><U128/><E128/><V127/><F127/><W82/><G82/><T60/><D124/><U15/><REACH who="1" step="1"/><E52/><REACH who="1" ten="216,393,209,172" step="2"/><V79/><F54/><W75/><G75/><T135/><D135/><U125/><E125/><V53/><F53/><W51/><G120/><T126/><D126/><U89/><E89/><V65/><F41/><W115/><G115/><T110/><D110/><U119/><E119/><V58/><F79/><W37/><G123/><T14/><D78/><U45/><AGARI ba="1,1" hai="3,4,11,15,16,20,44,45,47,62,63,92,99,101" machi="45" ten="30,6000,0" yaku="1,1,0,1,54,1,53,0" doraHai="84" doraHaiUra="129" who="1" fromWho="1" sc="216,-21,393,73,209,-21,172,-21" /><INIT seed="5,2,0,2,1,121" ten="195,466,188,151" oya="1" hai0="94,123,90,89,66,83,57,50,120,98,10,115,70" hai1="60,8,0,81,99,95,118,39,126,38,34,105,43" hai2="130,84,29,31,44,18,71,48,124,104,26,111,132" hai3="46,106,33,27,73,82,74,3,131,21,59,79,80"/><U25/><E95/><V41/><F104/><W20/><G3/><T119/><D119/><U32/><E81/><V91/><F71/><W1/><G1/><T12/><D115/><U15/><E15/><V51/><F111/><W88/><G106/><T87/><D70/><U65/><E43/><V53/><F132/><W14/><G131/><T110/><D110/><U35/><E25/><V11/><F130/><W61/><G46/><T77/><D66/><U76/><E76/><V22/><F124/><W97/><G74/><T19/><D57/><U49/><E49/><V37/><F11/><W114/><G114/><T113/><D113/><U69/><E126/><V45/><REACH who="2" step="1"/><F37/><REACH who="2" ten="195,466,178,151" step="2"/><W85/><G97/><T24/><D123/><U102/><E118/><V129/><F129/><W64/><REACH who="3" step="1"/><G14/><REACH who="3" ten="195,466,178,141" step="2"/><T9/><D120/><U54/><E105/><V16/><F16/><W109/><G109/><T55/><D12/><U78/><E99/><V125/><F125/><W7/><G7/><T122/><D122/><U28/><E0/><V134/><F134/><W47/><G47/><T128/><D98/><U86/><E39/><V4/><F4/><W72/><G72/><T100/><D128/><U103/><E38/><V62/><F62/><W117/><G117/><T75/><D75/><U67/><E60/><V30/><F30/><AGARI ba="2,2" hai="20,21,27,30,33,59,61,64,73,79,80,82,85,88" machi="30" ten="40,8000,1" yaku="1,1,54,1,53,2" doraHai="121" doraHaiUra="17" who="3" fromWho="2" sc="195,0,466,0,178,-86,141,106" /><INIT seed="6,0,0,0,4,107" ten="195,466,92,247" oya="2" hai0="14,86,113,62,114,41,9,117,58,96,10,38,0" hai1="45,130,36,102,85,31,3,50,81,47,99,20,131" hai2="43,127,61,11,55,84,64,70,116,77,8,80,76" hai3="59,87,63,26,33,115,111,57,40,121,91,56,90"/><V92/><F116/><W82/><G111/><T7/><D117/><U133/><E3/><V135/><F135/><W60/><G121/><T94/><D86/><U112/><E36/><V24/><F127/><W68/><G68/><T75/><D41/><U23/><E112/><N who="0" m="43113" /><D38/><U46/><E50/><V88/><F43/><W32/><G40/><T12/><D10/><U29/><E29/><V98/><F55/><W71/><G71/><T18/><D18/><U83/><E83/><V37/><F37/><W110/><G110/><T2/><D75/><U109/><E31/><V120/><F120/><W93/><G26/><T65/><D0/><U30/><E30/><V42/><F42/><W54/><G115/><T13/><D2/><U52/><E52/><V25/><REACH who="2" step="1"/><F77/><REACH who="2" ten="195,466,82,247" step="2"/><W34/><G54/><T129/><D129/><N who="1" m="49163" /><E133/><V97/><F97/><W125/><G125/><T118/><D118/><U108/><E109/><V104/><F104/><W49/><G49/><T105/><D105/><N who="1" m="63711" /><E108/><V5/><F5/><W1/><G1/><T35/><D7/><U132/><E132/><V27/><AGARI ba="0,1" hai="8,11,24,25,27,61,64,70,76,80,84,88,92,98" machi="27" ten="30,6000,0" yaku="1,1,0,1,54,1,53,0" doraHai="107" doraHaiUra="100" who="2" fromWho="2" sc="195,-20,466,-20,82,70,247,-20" /><INIT seed="6,1,0,4,2,84" ten="175,446,152,227" oya="2" hai0="109,36,5,24,74,0,11,101,62,18,99,73,2" hai1="131,88,4,59,120,98,126,8,44,114,75,30,46" hai2="52,38,130,106,47,50,10,93,34,124,57,33,102" hai3="82,135,128,77,104,118,72,31,86,71,125,7,107"/><V91/><F124/><W9/><G118/><T41/><D109/><U25/><E75/><V48/><F130/><W111/><G111/><T79/><D2/><U90/><E120/><V3/><F38/><W39/><G125/><T132/><D132/><U67/><E114/><V12/><F3/><W133/><G39/><T95/><D79/><U58/><E98/><V49/><F106/><W127/><G127/><T63/><D36/><U35/><E131/><V116/><F102/><W123/><G123/><T16/><D41/><U113/><E113/><V22/><F116/><W100/><G71/><T27/><D74/><U119/><E119/><V64/><F64/><W23/><G72/><T55/><D73/><U97/><E97/><V83/><F83/><W20/><G128/><T105/><D105/><U78/><E78/><V129/><F129/><W37/><G37/><T14/><D55/><U61/><E58/><V89/><F22/><W66/><G104/><T87/><D87/><U32/><E32/><V117/><F117/><W112/><G112/><T45/><D45/><U110/><E110/><V85/><F91/><W68/><G107/><T108/><D108/><U122/><E122/><V121/><F121/><W42/><G133/><T17/><D0/><N who="1" m="7" /><E126/><V29/><F29/><W94/><G135/><T13/><D13/><U1/><E1/><V96/><F96/><W21/><G68/><T81/><D81/><U69/><E69/><V54/><F48/><W28/><G66/><T51/><D51/><U40/><E67/><V76/><F76/><W115/><G115/><T60/><AGARI ba="1,0" hai="5,11,14,16,17,18,24,27,60,62,63,95,99,101" machi="60" ten="30,7900,0" yaku="5,1,0,1,8,1,54,1" doraHai="84" who="0" fromWho="0" sc="175,82,446,-21,152,-40,227,-21" /><INIT seed="7,0,0,0,0,101" ten="257,425,112,206" oya="3" hai0="18,126,20,7,106,38,49,26,12,63,97,120,109" hai1="37,40,102,48,86,71,89,91,45,58,44,113,9" hai2="127,90,43,65,132,122,118,4,32,74,81,77,13" hai3="28,3,34,46,108,57,129,31,73,114,41,98,54"/><W14/><G3/><T82/><D38/><U111/><E71/><V75/><F118/><W21/><G73/><T24/><D120/><U110/><E102/><V84/><F32/><W2/><G2/><T64/><D106/><U72/><E72/><V62/><F43/><W80/><G129/><T8/><D109/><U0/><E113/><V29/><F29/><W60/><G34/><T103/><D126/><U117/><E91/><V66/><F13/><W42/><G114/><T15/><D82/><U99/><E99/><V61/><F4/><W56/><G80/><T47/><D97/><U133/><E133/><V131/><F131/><W59/><G98/><T23/><D103/><U83/><E58/><N who="3" m="22634" /><G108/><T78/><D78/><U17/><E117/><V5/><F5/><W130/><G130/><T67/><D63/><N who="2" m="24074" /><F132/><W22/><G22/><T33/><D33/><U30/><E30/><V94/><F127/><W35/><G35/><T1/><D1/><U104/><E0/><V10/><F10/><W107/><G31/><N who="0" m="17799" /><D15/><N who="1" m="7407" /><E104/><V6/><F6/><W25/><G107/><T27/><D27/><U100/><E100/><V55/><F122/><W87/><G14/><T135/><D135/><U92/><E92/><V128/><F128/><W112/><G112/><T50/><D12/><U39/><E39/><V53/><F74/><W16/><G28/><T116/><D116/><U88/><E89/><V96/><F75/><W19/><G42/><N who="0" m="24823" /><D8/><U134/><E134/><V51/><F53/><AGARI ba="0,0" hai="37,40,44,45,48,53,83,86,88,110,111" m="7407" machi="53" ten="30,2000,0" yaku="25,1,54,1" doraHai="101" who="1" fromWho="2" sc="257,0,425,20,112,-20,206,0" owari="257,6.0,445,54.0,92,-41.0,206,-19.0" /></mjloggm>