<mjloggm ver="2.3"><GO type="97" lobby="0"/><UN n0="%E3%82%A6%E3%83%AB%E3%83%88%E3%83%A9%E7%AB%8B%E7%9B%B4" n1="%E3%81%96%E3%81%A3%E3%81%8D%E3%83%BC%EF%BC%9E%EF%BC%9C" n2="%50%6F%6B%65%47%61%6D%65" n3="%E3%81%82%E3%81%B2%E3%82%8B%E3%81%95%E3%82%93" dan="15,14,14,15" rate="2065.52,1917.14,1868.95,1934.88" sx="M,M,M,M"/><TAIKYOKU oya="0"/><INIT seed="0,0,0,4,4,70" ten="250,250,250,250" oya="0" hai0="31,65,33,15,83,63,126,121,105,78,37,119,59" hai1="4,106,3,21,127,28,8,64,67,79,20,7,90" hai2="132,76,109,88,89,17,130,91,38,128,23,24,103" hai3="97,111,77,93,96,29,87,25,135,0,104,10,41"/><T66/><D121/><U26/><E106/><V85/><F132/><W13/><G135/><T61/><D119/><U71/><E127/><V107/><F109/><W92/><G111/><T110/><D105/><U42/><E79/><V98/><F38/><W133/><G133/><T86/><D110/><U30/><E71/><V56/><F56/><W51/><G0/><T19/><D126/><U113/><E113/><V125/><F125/><W68/><G68/><T50/><D37/><U95/><E42/><V134/><F134/><W115/><G104/><T39/><D39/><U40/><E40/><V131/><F76/><W34/><G115/><T74/><D50/><U82/><E82/><AGARI ba="0,0" hai="17,23,24,82,85,88,89,91,98,103,107,128,130,131" machi="82" ten="40,2600,0" yaku="19,1,54,1" doraHai="70" who="2" fromWho="1" sc="250,0,250,-26,250,26,250,0" /><INIT seed="1,0,0,0,3,52" ten="250,224,276,250" oya="1" hai0="45,4,55,43,91,86,2,32,101,7,15,109,28" hai1="0,42,92,90,58,98,70,119,94,97,108,83,93" hai2="89,121,133,44,100,41,39,117,78,13,113,132,110" hai3="48,22,80,122,116,127,124,82,102,34,18,129,77"/><U76/><E70/><V130/><F121/><W64/><G122/><T47/><D109/><U24/><E0/><V46/><F117/><W128/><G34/><T57/><D101/><U27/><E119/><V14/><F110/><W106/><G116/><T19/><D2/><U16/><E42/><V11/><F113/><W123/><G123/><T81/><D28/><U8/><E108/><V61/><F130/><N who="3" m="50283" /><G48/><N who="0" m="30951" /><D32/><U53/><E27/><V29/><F29/><W54/><G54/><T25/><D25/><U63/><E98/><V69/><F100/><W135/><G64/><T9/><D43/><U12/><E24/><V3/><F46/><AGARI ba="0,0" hai="4,7,9,15,19,45,46,47,81,86,91" m="30951" machi="46" ten="30,2000,0" yaku="8,1,52,1" doraHai="52" who="0" fromWho="2" sc="250,20,224,0,276,-20,250,0" /><INIT seed="2,0,0,3,2,74" ten="270,224,256,250" oya="2" hai0="91,3,37,75,62,53,68,6,69,21,73,135,105" hai1="34,124,111,81,52,90,50,119,89,4,22,98,79" hai2="31,107,114,71,20,132,110,97,1,13,28,36,95" hai3="44,77,100,83,130,99,27,26,9,64,48,113,103"/><V40/><F71/><W23/><G130/><T122/><D53/><U47/><E34/><V14/><F107/><W115/><G64/><T58/><D91/><U94/><E119/><V106/><F1/><W60/><G60/><T134/><D58/><U78/><E111/><V129/><F106/><W88/><G9/><N who="0" m="2271" /><D21/><U54/><E124/><V30/><F114/><N who="3" m="43531" /><G27/><T70/><D62/><U101/><E4/><V24/><F129/><W29/><G103/><T61/><D61/><U15/><E54/><V80/><F110/><W72/><G100/><T96/><D37/><U56/><E47/><V33/><F36/><W46/><G48/><T128/><D128/><U104/><E104/><V123/><F40/><W12/><G12/><T38/><D38/><U133/><E133/><N who="0" m="50697" /><D122/><U65/><E65/><V5/><F123/><W7/><G7/><T43/><D43/><U45/><E45/><V125/><F132/><W109/><G109/><T67/><D67/><U87/><E101/><AGARI ba="0,0" hai="68,69,70,73,75,96,101,105" m="50697,2271" machi="101" ten="40,2600,0" yaku="20,1,23,1" doraHai="74" who="0" fromWho="1" sc="270,26,224,-26,256,0,250,0" /><INIT seed="3,0,0,0,4,116" ten="296,198,256,250" oya="3" hai0="103,132,109,23,32,125,45,105,55,77,99,102,126" hai1="43,63,128,118,122,80,66,104,4,33,30,97,47" hai2="64,110,60,88,107,35,0,67,94,87,86,19,62" hai3="92,50,27,134,119,90,57,48,85,113,25,100,71"/><W11/><G119/><T21/><D32/><U41/><E118/><V13/><F107/><W69/><G113/><T16/><D109/><U58/><E128/><V124/><F35/><W20/><G134/><T61/><D132/><U3/><E58/><V56/><F0/><W106/><G71/><T9/><D77/><U114/><E80/><V70/><F110/><W75/><G69/><T76/><D76/><U129/><E114/><V101/><F101/><W34/><G75/><T84/><D84/><U91/><E91/><V39/><F39/><W111/><G111/><T5/><D103/><N who="1" m="62575" /><E129/><V37/><F37/><W14/><G34/><T130/><D130/><U65/><E65/><V135/><F135/><W36/><G36/><T98/><D98/><U17/><E17/><V31/><F31/><W120/><G106/><T112/><D112/><U123/><E4/><V59/><F70/><W115/><G100/><T74/><D74/><U15/><E15/><V2/><F2/><W6/><G27/><N who="0" m="14823" /><D21/><U54/><E3/><V93/><F86/><W79/><G115/><T81/><D81/><U7/><E7/><V29/><F29/><W38/><G79/><T108/><D108/><U40/><E54/><V82/><F124/><W117/><G117/><T24/><D24/><N who="1" m="18631" /><E47/><V28/><F28/><W52/><G38/><T89/><D89/><U51/><E51/><V96/><F96/><W12/><G50/><N who="0" m="29135" /><D61/><U127/><E127/><V73/><F73/><W95/><G25/><T26/><D26/><U1/><E1/><V42/><F42/><N who="1" m="10753" /><U133/><DORA hai="49" /><E133/><V83/><F83/><RYUUKYOKU ba="0,0" sc="296,10,198,10,256,10,250,-30" hai0="5,9,99,102,105,125,126" hai1="63,66,122,123" hai2="13,19,56,59,60,62,64,67,82,87,88,93,94" owari="306,40.0,208,-29.0,266,7.0,220,-18.0" /></mjloggm>