<mjloggm ver="2.3"><GO type="97" lobby="0"/><UN n0="%52%6F%73%65%52%65%64" n1="%E3%82%A6%E3%83%AB%E3%83%88%E3%83%A9%E7%AB%8B%E7%9B%B4" n2="%E3%81%AD%E3%82%80%E3%82%8A%E3%82%93" n3="%74%6F%6D%75%74%6F%6D%69" dan="14,15,14,14" rate="1927.39,1999.80,1939.98,1978.51" sx="F,M,F,M"/><TAIKYOKU oya="0"/><INIT seed="0,0,0,5,2,67" ten="250,250,250,250" oya="0" hai0="35,43,25,130,107,29,116,86,16,31,13,97,56" hai1="20,52,9,38,24,48,32,108,10,113,64,118,46" hai2="28,23,58,15,73,82,109,115,110,5,126,6,45" hai3="79,132,72,53,117,0,61,96,134,123,36,22,135"/><T19/><D116/><U55/><E38/><V85/><F115/><W80/><G117/><T111/><D111/><N who="2" m="42506" /><F73/><W133/><G36/><T102/><D130/><U44/><E32/><V63/><F126/><W26/><G0/><T93/><D29/><U105/><E105/><V87/><F45/><W34/><G34/><T74/><D74/><U76/><E108/><V120/><F15/><W12/><G12/><T91/><D43/><U68/><E118/><V21/><F120/><W57/><N who="3" m="34304" /><DORA hai="14" /><W37/><G37/><T3/><D3/><U121/><E76/><V62/><F28/><W42/><G96/><T124/><D124/><U122/><E122/><V125/><F125/><W2/><G2/><T7/><REACH who="0" step="1"/><D56/><REACH who="0" ten="240,250,250,250" step="2"/><U49/><E121/><V103/><F58/><W70/><G123/><T81/><D81/><U54/><E113/><V114/><F114/><W60/><G42/><T98/><D98/><U30/><E54/><V17/><F103/><W99/><G99/><T75/><D75/><U100/><E100/><V4/><F82/><W89/><G89/><T90/><D90/><U84/><E84/><N who="2" m="32331" /><F17/><W40/><G40/><T27/><D27/><U8/><E24/><V129/><F129/><W33/><G26/><T1/><D1/><U92/><E30/><V77/><F77/><W65/><G33/><T88/><D88/><U11/><E55/><V128/><F128/><W131/><G131/><T119/><D119/><U101/><E52/><V95/><F95/><W66/><G53/><T112/><D112/><U39/><N who="1" m="2048" /><DORA hai="71" /><U94/><E92/><V47/><F47/><RYUUKYOKU ba="0,1" sc="240,10,250,-30,250,10,250,10" hai0="7,13,16,19,25,31,35,86,91,93,97,102,107" hai2="4,5,6,21,23,62,63" hai3="22,57,60,61,65,66,70,72,79,80" /><INIT seed="0,1,1,5,0,43" ten="250,220,260,260" oya="0" hai0="83,63,85,24,112,42,102,64,45,25,131,82,111" hai1="76,16,1,26,71,81,39,48,122,7,110,65,89" hai2="9,120,35,104,41,91,4,92,32,98,67,126,34" hai3="128,29,95,17,36,21,72,113,106,101,31,124,13"/><T86/><D112/><U109/><E122/><V15/><F120/><W37/><G113/><T56/><D131/><U61/><E39/><V80/><F126/><W10/><G72/><T105/><D111/><N who="1" m="42507" /><E7/><V130/><F130/><W46/><G106/><T115/><D102/><U40/><E1/><V132/><F132/><W57/><G124/><T114/><D105/><U5/><E5/><V54/><F104/><W38/><G128/><T62/><D115/><U88/><E40/><V94/><F80/><W52/><G95/><T55/><D82/><U11/><E48/><V66/><F94/><W96/><G96/><T59/><D85/><U121/><E121/><V51/><REACH who="2" step="1"/><F41/><REACH who="2" ten="250,220,250,260" step="2"/><W27/><G101/><T75/><D114/><U44/><E81/><V74/><F74/><W127/><G127/><T108/><D75/><U47/><E76/><V60/><F60/><W8/><G8/><T53/><D108/><U18/><E89/><V2/><F2/><W119/><G31/><T49/><REACH who="0" step="1"/><D64/><REACH who="0" ten="240,220,250,260" step="2"/><U90/><E90/><AGARI ba="1,3" hai="24,25,42,45,49,53,55,56,59,62,63,83,86,90" machi="90" ten="30,18000,2" yaku="1,1,2,1,7,1,9,1,8,1,52,1,53,0" doraHai="43" doraHaiUra="100" who="0" fromWho="1" sc="240,213,220,-183,250,0,260,0" /><INIT seed="0,2,0,3,0,110" ten="453,37,250,260" oya="0" hai0="129,93,72,97,113,87,134,31,19,40,14,47,106" hai1="16,70,28,119,25,79,12,81,90,39,34,99,49" hai2="107,43,62,27,128,56,76,74,7,122,37,36,124" hai3="123,101,75,53,78,55,117,1,38,69,114,33,21"/><T116/><D116/><U111/><E70/><V94/><F122/><W60/><G114/><T65/><D72/><U108/><E39/><V73/><F107/><W85/><G117/><T57/><D113/><U46/><E119/><V71/><F71/><W15/><G33/><T126/><D106/><U59/><E59/><V35/><F128/><W84/><G1/><T54/><D129/><U32/><E32/><V125/><F7/><W48/><G38/><T80/><D134/><U50/><E90/><V135/><F94/><W13/><G101/><T11/><D31/><U103/><E99/><V115/><F115/><W98/><G98/><T86/><D80/><U51/><E103/><V109/><F109/><W132/><G132/><T120/><D65/><U30/><E30/><N who="2" m="19935" /><F135/><W2/><G2/><T96/><D96/><U66/><E66/><V6/><F6/><W131/><G131/><T64/><D64/><U26/><E26/><V42/><F42/><W100/><G69/><T52/><D54/><U121/><E121/><V5/><F5/><W8/><G100/><T63/><D120/><U44/><E111/><V89/><F89/><W91/><G75/><N who="2" m="28681" /><F76/><W0/><G0/><T3/><D3/><U112/><E108/><V77/><F77/><W67/><G67/><T102/><D126/><N who="2" m="48746" /><F43/><W20/><G123/><T104/><D104/><U118/><E112/><V45/><F45/><N who="1" m="17513" /><E118/><V130/><F130/><W41/><G41/><T88/><D102/><U29/><E79/><V10/><F10/><W61/><G78/><T9/><D9/><N who="1" m="6159" /><E81/><V83/><F83/><W95/><G8/><RYUUKYOKU ba="2,0" sc="453,10,37,10,250,10,260,-30" hai0="11,14,19,40,47,52,57,63,86,87,88,93,97" hai1="25,28,29,34,49,50,51" hai2="36,37,56,62" /><INIT seed="0,3,0,2,1,126" ten="463,47,260,230" oya="0" hai0="49,41,118,111,116,26,96,135,75,37,90,78,83" hai1="113,67,5,16,14,17,11,87,106,47,89,121,22" hai2="8,43,20,99,35,68,104,9,74,13,33,117,86" hai3="97,95,34,7,30,32,73,82,21,18,62,2,54"/><T38/><D116/><U42/><E106/><V115/><F74/><W15/><G73/><T65/><D135/><U60/><E121/><V0/><F117/><W130/><G82/><T3/><D118/><U27/><E113/><V108/><F115/><W29/><G54/><T71/><D3/><U101/><E101/><V123/><F123/><W28/><G62/><T39/><D65/><U70/><E17/><V124/><F68/><W109/><G95/><T45/><D71/><U6/><E6/><V76/><F124/><W105/><G97/><T93/><REACH who="0" step="1"/><D26/><REACH who="0" ten="453,47,260,230" step="2"/><U88/><REACH who="1" step="1"/><E87/><REACH who="1" ten="453,37,260,230" step="2"/><V55/><F108/><AGARI ba="3,2" hai="37,38,39,41,45,49,75,78,83,90,93,96,108,111" machi="108" ten="50,4800,0" yaku="1,1,2,1,53,0" doraHai="126" doraHaiUra="119" who="0" fromWho="2" sc="453,77,37,0,260,-57,230,0" /><INIT seed="0,4,0,3,3,9" ten="530,37,203,230" oya="0" hai0="21,34,124,72,122,50,15,13,60,111,61,8,7" hai1="117,22,46,115,110,99,78,106,80,62,112,49,123" hai2="130,83,71,57,86,41,53,85,82,132,92,64,95" hai3="66,2,127,121,126,109,26,1,12,120,114,113,4"/><T6/><D122/><N who="3" m="47209" /><G66/><T104/><D72/><U23/><E123/><V134/><F130/><W108/><G26/><T79/><D104/><U89/><E117/><V91/><F41/><W98/><G98/><T70/><D79/><U40/><E110/><N who="3" m="42602" /><G12/><T100/><D111/><U11/><E62/><V0/><F0/><N who="3" m="107" /><G4/><T107/><D70/><U51/><E11/><V24/><F24/><W102/><G102/><T90/><D100/><U38/><E22/><V129/><F129/><W43/><G43/><T31/><D90/><U76/><E23/><V103/><F103/><W101/><G101/><T10/><D50/><U77/><E106/><V44/><F44/><W116/><G116/><T87/><D87/><N who="1" m="50407" /><E99/><V94/><F64/><W47/><G47/><T118/><D107/><U67/><E67/><V52/><F71/><W55/><G55/><T16/><D118/><U30/><E30/><V48/><REACH who="2" step="1"/><F53/><REACH who="2" ten="530,37,193,230" step="2"/><W14/><G14/><T133/><D15/><U74/><E74/><V27/><F27/><W81/><G81/><T29/><D13/><U84/><E46/><V54/><F54/><W35/><G35/><T36/><D34/><U5/><E40/><V131/><F131/><W65/><G65/><T88/><D7/><U45/><E5/><V73/><F73/><W17/><G17/><T39/><D6/><U25/><E25/><V97/><F97/><W37/><G37/><T20/><D16/><U75/><E75/><V119/><F119/><W59/><G59/><T68/><D68/><U33/><E38/><V135/><F135/><W18/><G18/><T69/><D69/><RYUUKYOKU ba="4,1" sc="530,-15,37,-15,193,15,230,15" hai2="48,52,57,82,83,85,86,91,92,94,95,132,134" hai3="113,114,126,127" /><INIT seed="1,5,1,1,5,115" ten="515,22,208,245" oya="1" hai0="68,49,9,120,132,66,72,21,13,86,103,18,119" hai1="92,8,44,41,45,55,94,125,52,32,38,29,90" hai2="83,100,116,23,10,0,77,126,75,58,129,17,127" hai3="28,114,11,51,124,46,111,25,101,47,95,131,34"/><U19/><E125/><V81/><F116/><W110/><G114/><T102/><D119/><U22/><E32/><V16/><F129/><W24/><G131/><T84/><D72/><U97/><E29/><V61/><F83/><W1/><G124/><N who="2" m="47657" /><F100/><W27/><G46/><T33/><D33/><U48/><E8/><V30/><F0/><W31/><G95/><T96/><D120/><U71/><E71/><V50/><F50/><W133/><G101/><T123/><D123/><U85/><E38/><V26/><F10/><W57/><G57/><T118/><D132/><U105/><E105/><V39/><F39/><W4/><G133/><T67/><D103/><U122/><E122/><V59/><F59/><W99/><G99/><T82/><D68/><U89/><REACH who="1" step="1"/><E45/><REACH who="1" ten="515,12,208,245" step="2"/><V53/><AGARI ba="5,2" hai="16,17,23,26,30,53,58,61,75,77,81" m="47657" machi="53" ten="30,2000,0" yaku="18,1,54,1" doraHai="115" who="2" fromWho="2" sc="515,-10,12,-15,208,55,245,-10" owari="505,60.0,-3,-50.0,263,6.0,235,-16.0" /></mjloggm>