<mjloggm ver="2.3"><GO type="97" lobby="0"/><UN n0="%E5%AE%89%E8%8A%B8%E3%81%AE%E5%B9%B3%E6%B0%8F" n1="%E3%82%A6%E3%83%AB%E3%83%88%E3%83%A9%E7%AB%8B%E7%9B%B4" n2="%E6%85%8E%E5%B9%B3" n3="%E3%83%81%E3%82%AD%E3%83%B3" dan="15,15,14,14" rate="1986.02,1981.76,1915.32,1990.21" sx="M,M,M,M"/><TAIKYOKU oya="0"/><INIT seed="0,0,0,0,1,10" ten="250,250,250,250" oya="0" hai0="112,131,104,18,124,129,15,118,31,54,20,9,23" hai1="91,122,94,92,98,113,42,40,67,117,88,134,123" hai2="77,45,97,100,12,36,103,2,7,95,55,89,21" hai3="38,11,52,107,16,74,14,76,60,68,41,133,120"/><T102/><D104/><U59/><E117/><V37/><F2/><W3/><G3/><T75/><D102/><U71/><E71/><V46/><F77/><W90/><G107/><T101/><D101/><U22/><E113/><V93/><F55/><W114/><G114/><T128/><D75/><U28/><E134/><V50/><F50/><W5/><G133/><T19/><D112/><U127/><E127/><V83/><F83/><W66/><G120/><T96/><D96/><U125/><E125/><V115/><F115/><W132/><G132/><T72/><D72/><U65/><E22/><V35/><F35/><W82/><G5/><T135/><D118/><U73/><E28/><V126/><F126/><W58/><G38/><T106/><D106/><U49/><E73/><V80/><F80/><W81/><G41/><T25/><D124/><U110/><E110/><V87/><F100/><W26/><G26/><N who="0" m="14615" /><D54/><N who="1" m="32207" /><E122/><V56/><F56/><W64/><REACH who="3" step="1"/><G68/><REACH who="3" ten="250,250,250,240" step="2"/><T119/><D119/><U108/><E123/><V43/><F7/><W79/><G79/><T63/><D135/><U105/><E105/><V121/><F121/><W78/><G78/><T32/><D63/><U86/><E108/><V130/><F37/><W109/><G109/><T29/><D32/><U70/><E70/><V34/><F36/><W62/><G62/><T111/><D111/><U51/><E51/><V44/><F43/><AGARI ba="0,1" hai="40,42,43,65,67,86,88,91,92,94,98" m="32207" machi="43" ten="30,2000,0" yaku="8,1,54,1" doraHai="10" who="1" fromWho="2" sc="250,0,250,30,250,-20,240,0" /><INIT seed="1,0,0,3,3,80" ten="250,280,230,240" oya="1" hai0="19,92,3,73,133,114,51,29,21,74,50,53,121" hai1="76,72,82,40,75,115,130,28,38,126,0,86,68" hai2="105,24,17,34,54,26,99,113,44,112,109,30,1" hai3="129,36,16,103,123,84,67,47,122,88,46,56,18"/><U49/><E68/><V70/><F1/><W117/><G129/><T125/><D114/><U89/><E115/><N who="2" m="44107" /><F109/><W134/><G103/><T41/><D3/><U83/><E130/><V52/><F70/><W98/><G98/><T79/><D125/><U124/><E0/><V127/><F127/><N who="1" m="48681" /><E38/><V91/><F44/><W104/><G104/><T6/><D6/><U13/><E28/><N who="2" m="19719" /><F17/><W100/><G100/><T93/><D133/><U35/><E35/><N who="2" m="20951" /><F105/><W94/><G134/><T25/><D121/><U63/><E13/><V4/><F4/><W11/><G117/><T45/><D29/><U106/><E106/><V77/><F77/><W128/><G128/><T119/><D119/><U131/><E131/><V43/><F43/><W90/><G36/><T20/><D20/><U97/><E63/><V107/><F107/><W101/><G101/><T132/><D132/><U10/><E49/><V9/><F9/><W96/><G11/><T62/><D62/><U118/><E40/><V71/><F71/><W15/><G123/><T23/><D23/><U110/><E10/><V37/><F37/><W135/><G122/><T12/><D12/><U27/><E27/><V120/><F120/><W60/><G135/><T64/><D25/><U111/><E118/><V8/><F8/><N who="3" m="6247" /><G18/><T78/><D19/><U39/><E39/><V108/><F108/><N who="1" m="41513" /><E97/><V65/><F65/><W95/><AGARI ba="0,0" hai="46,47,56,60,67,84,88,90,94,95,96" m="6247" machi="95" ten="30,7900,0" yaku="8,1,52,1,54,2" doraHai="80" who="3" fromWho="3" sc="250,-20,280,-39,230,-20,240,79" /><INIT seed="2,0,0,0,5,15" ten="230,241,210,319" oya="2" hai0="46,101,94,10,12,18,32,44,36,133,11,3,89" hai1="25,111,100,35,66,112,60,135,97,30,78,83,128" hai2="38,117,82,106,87,23,16,81,79,63,72,61,47" hai3="121,24,62,49,102,105,13,115,42,124,134,59,57"/><V69/><F117/><W85/><G121/><T27/><D133/><U129/><E135/><V9/><F106/><W39/><G39/><T95/><D36/><U29/><E29/><V86/><F9/><W131/><G134/><T91/><D101/><U84/><E111/><V71/><F72/><W76/><G115/><T123/><D123/><U8/><E8/><V26/><F63/><W130/><G124/><T132/><D132/><U20/><E112/><V58/><F47/><N who="3" m="25847" /><G13/><T70/><D70/><U53/><E53/><V17/><F17/><W127/><G24/><T14/><D3/><U90/><E90/><V21/><F21/><W114/><G114/><T48/><D32/><U2/><E2/><V98/><F98/><N who="3" m="61655" /><G62/><T22/><D27/><U0/><E0/><V64/><REACH who="2" step="1"/><F38/><REACH who="2" ten="230,241,200,319" step="2"/><W80/><G127/><T103/><D22/><U74/><E84/><V126/><F126/><W4/><G4/><T99/><D46/><U119/><E119/><V41/><F41/><W118/><G118/><T120/><D120/><U6/><E6/><V55/><F55/><W65/><G65/><T108/><D10/><U104/><E20/><V31/><F31/><W125/><G125/><T40/><D12/><U122/><E122/><V107/><F107/><W28/><G28/><T1/><D40/><U7/><E7/><V109/><F109/><W93/><G85/><N who="0" m="52527" /><D108/><U43/><E43/><V92/><F92/><W54/><G93/><T51/><D44/><U110/><E110/><V56/><F56/><N who="3" m="21579" /><G54/><T75/><D75/><U96/><E96/><V19/><F19/><W67/><G67/><RYUUKYOKU ba="0,1" sc="230,-30,241,10,200,10,319,10" hai1="25,30,35,60,66,74,78,83,97,100,104,128,129" hai2="16,23,26,58,61,64,69,71,79,81,82,86,87" hai3="76,80,130,131" /><INIT seed="2,1,1,0,1,30" ten="200,251,210,329" oya="2" hai0="45,70,134,67,23,99,24,10,90,102,89,8,26" hai1="101,95,76,94,55,119,54,38,13,2,18,127,0" hai2="15,43,124,118,40,6,104,41,33,107,16,28,21" hai3="83,106,128,5,103,64,93,29,80,34,120,122,133"/><V1/><F124/><W47/><G5/><T81/><D134/><U112/><E38/><V130/><F118/><W78/><G64/><T11/><D70/><U91/><E76/><V131/><F104/><W62/><G62/><T125/><D125/><U73/><E73/><V63/><F63/><W96/><G47/><T65/><D45/><U110/><E127/><V116/><F107/><W84/><G34/><T60/><D81/><U22/><E119/><V39/><F116/><W105/><G29/><T126/><D126/><U31/><E110/><V117/><F117/><W44/><G44/><T35/><D35/><U27/><E112/><V115/><F39/><W32/><G32/><T9/><D60/><U49/><E55/><V69/><F69/><W123/><G133/><T19/><D26/><U42/><E42/><V57/><F57/><W68/><G68/><T37/><D37/><U132/><E132/><V46/><F46/><W12/><G12/><T72/><D72/><U114/><E114/><V97/><F97/><W82/><G128/><T61/><N who="0" m="2560" /><DORA hai="56" /><T25/><D25/><U111/><E111/><V74/><F74/><N who="3" m="43095" /><G82/><T86/><D86/><N who="1" m="52599" /><E27/><N who="2" m="18591" /><F115/><W58/><G58/><N who="0" m="37047" /><D67/><U7/><E49/><V51/><F6/><W88/><AGARI ba="1,1" hai="83,84,88,93,96,103,105,106,120,122,123" m="43095" machi="88" ten="30,4000,0" yaku="34,2,54,1" doraHai="30,56" who="3" fromWho="3" sc="200,-11,251,-11,210,-21,329,53" /><INIT seed="3,0,0,0,4,110" ten="189,240,189,382" oya="3" hai0="131,51,68,83,26,49,72,107,105,64,9,48,43" hai1="74,103,66,132,5,60,125,96,59,70,114,12,22" hai2="119,2,82,128,63,84,67,69,135,14,117,42,36" hai3="54,73,52,133,4,47,126,111,80,3,33,91,34"/><W85/><G73/><T113/><D131/><U28/><E74/><V17/><F128/><W65/><G111/><T40/><D72/><U16/><E125/><V53/><F135/><W87/><G65/><T37/><D83/><U109/><E132/><V11/><F2/><W100/><G133/><T44/><D26/><U106/><E109/><V86/><F86/><W15/><G85/><T19/><D19/><U124/><E124/><V129/><F129/><W35/><G3/><T45/><D9/><U20/><E114/><V55/><F55/><W58/><G100/><T18/><D18/><U31/><E5/><V116/><F53/><W30/><G47/><N who="0" m="23951" /><D105/><U38/><E38/><V8/><F8/><W6/><G30/><T101/><D101/><U95/><E106/><V90/><F36/><W122/><G122/><T76/><D76/><U88/><E31/><V79/><REACH who="2" step="1"/><F42/><REACH who="2" ten="189,240,179,382" step="2"/><W92/><G54/><N who="0" m="29959" /><D107/><U120/><E120/><V112/><F112/><W1/><G1/><T32/><D32/><U13/><E20/><V104/><F104/><W121/><G34/><T25/><D25/><U46/><E22/><V23/><F23/><W115/><G35/><T10/><D10/><U29/><E12/><V98/><F98/><W99/><G33/><T56/><D113/><U81/><E96/><V39/><F39/><W77/><G15/><T134/><D134/><U93/><E13/><V24/><F24/><W21/><G99/><T75/><D75/><U78/><E78/><AGARI ba="0,1" hai="11,14,17,63,67,69,78,79,82,84,90,116,117,119" machi="78" ten="40,1300,0" yaku="1,1,53,0" doraHai="110" doraHaiUra="89" who="2" fromWho="1" sc="189,0,240,-13,179,23,382,0" owari="189,-31.0,227,3.0,202,-20.0,382,48.0" /></mjloggm>