<mjloggm ver="2.3"><GO type="225" lobby="0"/><UN n0="%E3%82%A6%E3%83%AB%E3%83%88%E3%83%A9%E7%AB%8B%E7%9B%B4" n1="%69%73%61%6B%75%79%61" n2="%E3%81%8A%E3%81%BE%E3%81%A4%E3%82%8A" n3="%40%E7%B4%94%E3%81%A1%E3%82%83%E3%82%93" dan="16,17,16,17" rate="2017.38,2138.51,2126.35,2219.97" sx="M,M,F,M"/><TAIKYOKU oya="0"/><INIT seed="0,0,0,2,2,104" ten="250,250,250,250" oya="0" hai0="109,44,96,13,81,27,30,51,113,112,135,29,121" hai1="49,10,127,87,73,76,56,63,16,2,86,36,80" hai2="58,78,115,74,7,88,68,53,120,122,3,67,117" hai3="9,38,75,119,0,33,19,28,126,99,128,42,57"/><T101/><D121/><U5/><E127/><V114/><F3/><W123/><G99/><T69/><D135/><U61/><E36/><V79/><F7/><N who="3" m="1255" /><G57/><T71/><D109/><U11/><E49/><V84/><F67/><W62/><G62/><T118/><D118/><U17/><E10/><V72/><F117/><W21/><G75/><N who="2" m="28713" /><F68/><W90/><G90/><T106/><D71/><U8/><E63/><V22/><F22/><W55/><G55/><T43/><D69/><U45/><E45/><V32/><F32/><W4/><G42/><T131/><D81/><U12/><E17/><V102/><F53/><AGARI ba="0,0" hai="2,5,8,11,12,16,53,56,61,73,76,80,86,87" machi="53" ten="30,3900,0" yaku="7,1,52,1,54,1" doraHai="104" who="1" fromWho="2" sc="250,0,250,39,250,-39,250,0" /><INIT seed="1,0,0,0,5,63" ten="250,289,211,250" oya="1" hai0="122,19,128,53,54,59,126,77,15,100,114,5,41" hai1="52,76,33,94,95,121,23,127,75,98,71,12,135" hai2="116,111,85,14,21,118,43,18,51,27,74,35,104" hai3="84,96,107,22,64,88,92,134,123,97,125,62,72"/><U6/><E33/><V7/><F74/><W89/><G125/><T69/><D69/><U105/><E121/><V3/><F104/><W40/><G134/><T106/><D5/><U83/><E71/><V9/><F85/><W120/><G40/><T25/><D100/><U80/><E127/><V82/><F82/><W113/><G113/><T20/><D106/><U57/><E135/><V48/><F43/><W49/><G49/><T17/><D128/><U26/><E83/><V68/><F68/><W66/><G72/><T1/><D1/><U8/><E105/><V131/><F131/><W47/><G47/><T110/><D110/><U61/><REACH who="1" step="1"/><E98/><REACH who="1" ten="250,279,211,250" step="2"/><V132/><F132/><W44/><G97/><T31/><D122/><U67/><E67/><V28/><REACH who="2" step="1"/><F111/><REACH who="2" ten="250,279,201,250" step="2"/><W65/><G107/><T129/><D126/><U117/><E117/><AGARI ba="0,2" hai="3,7,9,14,18,21,27,28,35,48,51,116,117,118" machi="117" ten="40,8000,1" yaku="1,1,2,1,24,2,53,0" doraHai="63" doraHaiUra="36" who="2" fromWho="1" sc="250,0,279,-80,201,100,250,0" /><INIT seed="2,0,0,0,5,106" ten="250,199,301,250" oya="2" hai0="4,77,62,33,104,17,45,11,82,76,43,38,75" hai1="122,118,58,127,46,120,72,96,133,93,40,64,19" hai2="53,54,101,67,79,0,95,61,60,24,35,42,105" hai3="84,50,52,97,129,80,81,22,25,132,73,110,23"/><V88/><F0/><W10/><G110/><T51/><D104/><U78/><E118/><V119/><F42/><W117/><G129/><T18/><D33/><U94/><E127/><V28/><F79/><W39/><G132/><T70/><D77/><U108/><E108/><V100/><F119/><W44/><G39/><T115/><D115/><U92/><E133/><V41/><F41/><W13/><G117/><T57/><D51/><U130/><E130/><V116/><F116/><W89/><G97/><T15/><REACH who="0" step="1"/><D70/><REACH who="0" ten="240,199,301,250" step="2"/><U90/><E122/><V124/><F124/><W85/><G73/><T49/><D49/><N who="1" m="26823" /><E72/><V31/><F105/><W134/><G134/><T86/><D86/><U30/><E120/><V12/><F35/><W66/><G85/><T55/><AGARI ba="0,1" hai="4,11,15,17,18,38,43,45,55,57,62,75,76,82" machi="55" ten="20,8000,1" yaku="1,1,0,1,7,1,52,1,53,1" doraHai="106" doraHaiUra="9" who="0" fromWho="0" sc="240,90,199,-20,301,-40,250,-20" /><INIT seed="3,0,0,2,3,25" ten="330,179,261,230" oya="3" hai0="71,46,26,22,132,23,119,97,34,82,8,57,90" hai1="31,18,96,14,3,28,116,20,98,83,37,65,68" hai2="63,12,17,77,11,112,62,122,50,55,45,1,4" hai3="15,102,13,43,79,58,109,80,134,76,115,10,7"/><W51/><G134/><T64/><D71/><U72/><E3/><V78/><F112/><W30/><G109/><T89/><D34/><U73/><E37/><V86/><F122/><W113/><G79/><T114/><D23/><U81/><E116/><V95/><F77/><W16/><G102/><T87/><D132/><U127/><E127/><V88/><REACH who="2" step="1"/><F78/><REACH who="2" ten="330,179,251,230" step="2"/><W118/><G118/><T130/><D119/><U124/><E124/><V94/><F94/><W69/><G113/><T44/><D114/><U53/><E72/><V99/><F99/><N who="1" m="37929" /><E73/><V129/><F129/><W100/><G115/><T61/><D130/><U131/><E131/><V66/><F66/><W49/><G76/><T33/><D97/><U9/><E65/><V36/><F36/><W24/><G80/><N who="1" m="30794" /><E68/><V38/><F38/><W41/><G69/><T54/><D64/><U123/><E123/><V29/><F29/><N who="1" m="11337" /><E53/><V126/><F126/><W133/><G100/><T39/><D54/><U111/><E111/><V59/><F59/><W67/><G58/><T48/><D57/><U93/><E93/><V19/><F19/><W52/><G67/><T40/><D39/><U42/><E42/><V27/><F27/><W60/><G133/><T101/><D26/><U85/><E85/><V32/><F32/><N who="3" m="20551" /><G43/><T117/><D40/><U128/><E128/><V121/><F121/><W105/><G41/><T104/><D87/><U110/><E110/><V120/><F120/><W135/><G135/><T74/><D74/><U125/><E125/><V5/><F5/><W92/><G7/><T2/><D117/><U35/><E35/><RYUUKYOKU ba="0,1" sc="330,-15,179,15,251,15,230,-15" hai1="9,14,18,20" hai2="1,4,11,12,17,45,50,55,62,63,86,88,95" owari="325,42.0,194,-31.0,266,7.0,215,-18.0" /></mjloggm>