<mjloggm ver="2.3"><GO type="41" lobby="0"/><UN n0="%E3%82%8D%E3%81%8D%E3%81%97%E3%81%82%E3%82%93" n1="%E3%82%A6%E3%83%AB%E3%83%88%E3%83%A9%E7%AB%8B%E7%9B%B4" n2="%E7%B4%A0%E6%A7%8D%E3%81%AE%E3%81%93%E3%82%8D%E3%81%AA" n3="%42%6C%69%63%6B" dan="13,16,13,13" rate="1861.00,2066.99,1904.17,1881.02" sx="M,M,M,F"/><TAIKYOKU oya="0"/><INIT seed="0,0,0,0,2,11" ten="250,250,250,250" oya="0" hai0="131,49,128,73,36,130,129,101,3,66,51,89,90" hai1="104,56,122,10,134,37,80,5,42,72,60,123,62" hai2="113,8,74,2,105,30,28,29,78,127,52,67,26" hai3="16,68,121,27,46,111,32,41,95,22,99,100,76"/><T24/><D36/><U4/><E104/><V120/><F67/><W20/><G111/><T59/><D3/><U114/><E114/><V135/><F52/><W58/><G68/><T126/><D73/><U33/><E33/><V102/><F78/><W34/><G76/><T106/><D126/><U17/><E134/><V84/><F84/><W118/><G118/><T115/><D115/><U64/><E5/><V44/><F102/><W15/><G58/><T53/><D24/><U117/><E117/><V83/><F44/><W85/><G85/><T94/><D106/><U48/><E17/><V103/><F83/><W108/><G121/><T0/><D128/><U9/><E9/><V116/><F103/><W93/><G93/><T82/><D0/><U45/><E62/><V38/><F38/><W21/><G108/><T119/><D66/><U1/><E48/><V63/><F63/><W39/><REACH who="3" step="1"/><G22/><REACH who="3" ten="250,250,250,240" step="2"/><T81/><D119/><U132/><E132/><V23/><F135/><W77/><G77/><AGARI ba="0,1" hai="1,4,10,37,42,45,56,60,64,72,77,80,122,123" machi="77" ten="40,2600,0" yaku="25,2" doraHai="11" who="1" fromWho="3" sc="250,0,250,36,250,0,240,-26" /><INIT seed="1,0,0,5,3,44" ten="250,286,250,214" oya="1" hai0="56,63,122,7,25,81,14,88,0,71,12,87,2" hai1="52,75,16,100,40,68,50,11,134,124,20,33,69" hai2="103,80,74,121,55,9,34,106,21,51,36,77,120" hai3="58,70,24,108,105,90,57,42,18,95,45,17,92"/><U118/><E33/><V65/><F34/><W117/><G105/><T61/><D122/><U84/><E75/><V43/><F65/><W72/><G108/><T31/><D0/><U135/><E118/><V73/><F73/><W96/><G70/><T119/><D119/><U4/><E100/><V62/><F62/><W67/><G72/><T8/><D71/><U109/><E109/><V123/><F9/><W27/><G27/><T132/><D132/><N who="1" m="50731" /><E40/><V78/><F78/><W59/><G67/><T22/><REACH who="0" step="1"/><D63/><REACH who="0" ten="240,286,250,214" step="2"/><U53/><E69/><V129/><F129/><W15/><G117/><T79/><D79/><U1/><E68/><V6/><F120/><W89/><G24/><T3/><D3/><U23/><E124/><V111/><F121/><W82/><G15/><T13/><D13/><N who="1" m="7231" /><E53/><AGARI ba="0,1" hai="2,7,8,12,14,22,25,31,53,56,61,81,87,88" machi="53" ten="30,3900,0" yaku="1,1,7,1,54,1,53,0" doraHai="44" doraHaiUra="127" who="0" fromWho="1" sc="240,49,286,-39,250,0,214,0" /><INIT seed="2,0,0,2,0,108" ten="289,247,250,214" oya="2" hai0="83,120,95,113,71,109,9,78,86,1,89,91,84" hai1="47,52,7,74,131,73,50,53,31,128,119,133,16" hai2="42,55,38,54,77,48,23,90,19,3,93,18,102" hai3="127,101,122,124,98,30,46,80,57,118,70,99,8"/><V96/><F3/><W82/><G70/><T2/><D71/><U35/><E119/><V129/><F129/><W111/><G118/><T41/><D41/><U12/><E7/><V125/><F125/><N who="3" m="48203" /><G122/><T13/><D120/><U59/><E133/><V44/><F18/><W107/><G30/><T51/><D51/><U37/><E37/><V132/><F132/><W25/><G25/><T20/><D109/><U5/><E5/><V88/><F77/><W0/><G46/><T69/><D69/><U34/><E31/><V81/><F54/><W135/><G57/><T64/><D20/><U43/><E34/><V56/><REACH who="2" step="1"/><F81/><REACH who="2" ten="289,247,240,214" step="2"/><W22/><G82/><T126/><D1/><U110/><E53/><V85/><F85/><W123/><G80/><T114/><D2/><U92/><E110/><V11/><F11/><W130/><G111/><T66/><D126/><U62/><E128/><V27/><AGARI ba="0,1" hai="19,23,27,38,42,44,48,55,56,88,90,93,96,102" machi="27" ten="20,7800,0" yaku="1,1,0,1,7,1,54,1,53,0" doraHai="108" doraHaiUra="28" who="2" fromWho="2" sc="289,-26,247,-26,240,88,214,-26" /><INIT seed="2,1,0,2,1,95" ten="263,221,328,188" oya="2" hai0="68,82,56,123,42,59,30,51,126,76,27,35,13" hai1="66,65,50,5,28,112,33,67,40,38,106,2,71" hai2="3,57,16,25,74,117,91,6,133,69,53,94,129" hai3="92,81,96,118,55,101,48,131,127,46,34,7,97"/><V100/><F69/><W107/><G118/><T116/><D123/><U10/><E112/><V85/><F117/><W36/><G34/><T58/><D116/><U29/><E71/><V14/><F74/><W73/><G7/><T124/><D68/><U72/><E33/><V99/><F129/><W9/><G9/><T77/><D13/><U119/><E119/><V122/><F122/><W90/><G131/><T109/><D109/><U8/><E50/><V130/><F130/><W98/><G127/><N who="0" m="48683" /><D82/><U93/><E93/><N who="2" m="58479" /><F133/><W113/><G113/><T39/><D39/><U17/><E106/><V4/><F3/><W114/><G114/><T54/><D42/><U15/><REACH who="1" step="1"/><E72/><REACH who="1" ten="263,211,328,188" step="2"/><V134/><F134/><W49/><G36/><T60/><D51/><U64/><N who="1" m="16896" /><DORA hai="11" /><U45/><AGARI ba="1,1" hai="2,5,8,10,15,17,28,29,38,40,45" m="16896" machi="45" ten="40,8000,1" yaku="1,1,4,1,0,1,52,1,53,0" doraHai="95,11" doraHaiUra="84,21" who="1" fromWho="1" sc="263,-21,211,93,328,-41,188,-21" /><INIT seed="3,0,0,0,3,13" ten="242,304,287,167" oya="3" hai0="28,57,90,42,77,59,82,73,81,60,83,99,11" hai1="115,95,65,122,97,20,113,86,3,16,70,23,74" hai2="127,80,66,75,0,110,18,37,64,108,130,43,58" hai3="36,45,79,9,47,101,40,133,24,31,2,27,103"/><W10/><G133/><T25/><D42/><U71/><E3/><V84/><F0/><W35/><G79/><T8/><D99/><U106/><E74/><V89/><F127/><W123/><G123/><T12/><D8/><U128/><E122/><V7/><F7/><W96/><G47/><T109/><D109/><N who="2" m="42090" /><F75/><W48/><G27/><T50/><D50/><U87/><E106/><V78/><F78/><W88/><G2/><T34/><D90/><U92/><E65/><V61/><F130/><W118/><G118/><T55/><REACH who="0" step="1"/><D59/><REACH who="0" ten="232,304,287,167" step="2"/><U41/><E41/><V63/><F43/><W68/><G68/><T15/><D15/><U6/><E97/><V1/><F37/><W135/><G36/><T21/><D21/><U104/><E128/><V39/><F39/><W17/><G135/><T4/><AGARI ba="0,1" hai="4,11,12,25,28,34,55,57,60,73,77,81,82,83" machi="4" ten="20,2700,0" yaku="1,1,0,1,7,1,53,0" doraHai="13" doraHaiUra="121" who="0" fromWho="0" sc="232,37,304,-7,287,-7,167,-13" /><INIT seed="4,0,0,2,5,66" ten="269,297,280,154" oya="0" hai0="61,102,48,12,30,33,25,126,77,50,129,122,113" hai1="87,10,86,108,119,28,80,72,94,68,44,46,125" hai2="23,127,95,32,106,53,62,111,20,116,22,97,92" hai3="8,133,93,110,41,120,42,56,4,57,124,75,17"/><T43/><D122/><U1/><E119/><V85/><F116/><W21/><G110/><T54/><D113/><U78/><E108/><V73/><F73/><W101/><G120/><T67/><D126/><U88/><E125/><V117/><F117/><W107/><G107/><T39/><D129/><U36/><E28/><V19/><F32/><W7/><G75/><T103/><D39/><U118/><E118/><V115/><F127/><W79/><G133/><T112/><D112/><U35/><E35/><V74/><F74/><W34/><G34/><T99/><D43/><U130/><E130/><V58/><F111/><W91/><G79/><T90/><D77/><U24/><E24/><V81/><F115/><W11/><G101/><T70/><D90/><U13/><E68/><V38/><F38/><W98/><G124/><T65/><D103/><U105/><E105/><V100/><F106/><W16/><G21/><T63/><D54/><U31/><E31/><V114/><F95/><W26/><G26/><T123/><D12/><U128/><E128/><V69/><F69/><W3/><G41/><T2/><D2/><U37/><E1/><V14/><F114/><W18/><REACH who="3" step="1"/><G42/><REACH who="3" ten="269,297,280,144" step="2"/><T60/><D123/><U49/><E72/><V9/><F20/><W40/><G40/><T6/><D102/><U109/><E109/><V83/><F22/><W134/><G134/><T132/><D132/><U5/><E37/><V0/><F23/><W64/><G64/><T71/><D65/><U55/><E36/><V135/><F135/><W89/><G89/><T131/><D67/><U27/><E27/><RYUUKYOKU ba="0,1" sc="269,-15,297,15,280,-15,144,15" hai1="5,10,13,44,46,49,55,78,80,86,87,88,94" hai3="3,4,7,8,11,16,17,18,56,57,91,93,98" /><INIT seed="5,1,1,4,1,99" ten="254,312,265,159" oya="1" hai0="100,128,115,117,70,3,107,27,50,79,11,17,75" hai1="108,93,39,68,36,64,2,43,90,135,24,63,77" hai2="91,13,20,80,113,65,94,54,61,105,57,120,23" hai3="104,119,69,8,129,85,118,102,133,84,42,121,33"/><U58/><E2/><V26/><F105/><W52/><G33/><T5/><D117/><N who="3" m="44553" /><G121/><T82/><D128/><U96/><E135/><V86/><F120/><W92/><G69/><T47/><D115/><U114/><E114/><V49/><F113/><W123/><G123/><T44/><D70/><U110/><E77/><V28/><F13/><W55/><G42/><T12/><D27/><U4/><E4/><V73/><F73/><W131/><G104/><T40/><D107/><U56/><E43/><V130/><F130/><N who="3" m="49675" /><G8/><T22/><D100/><U9/><E9/><V29/><F20/><W21/><G21/><T19/><D47/><U60/><E68/><V1/><F1/><W18/><G18/><T72/><D19/><U97/><E36/><V38/><F38/><W59/><G59/><T87/><AGARI ba="1,1" hai="3,5,11,12,17,22,40,44,50,72,75,79,82,87" machi="87" ten="20,1500,0" yaku="0,1,7,1" doraHai="99" who="0" fromWho="0" sc="254,28,312,-8,265,-5,159,-5" /><INIT seed="6,0,0,3,0,57" ten="282,304,260,154" oya="2" hai0="30,27,43,130,104,81,45,115,68,80,52,10,74" hai1="26,60,31,93,101,92,9,112,0,118,102,4,55" hai2="23,121,133,14,88,99,18,90,50,29,106,105,131" hai3="36,8,96,108,117,54,79,124,97,49,70,51,87"/><V37/><F37/><W44/><G108/><T82/><D104/><U120/><E118/><V21/><F121/><W103/><G117/><T126/><D130/><U119/><E119/><V100/><F131/><W116/><G116/><T38/><D126/><U76/><E120/><V86/><F133/><W61/><G124/><T109/><D109/><U19/><E76/><V107/><F90/><W53/><G36/><T20/><D115/><U98/><E112/><V125/><F125/><W113/><G113/><T56/><D68/><U7/><E7/><V58/><F50/><W3/><G3/><T127/><D127/><U62/><E19/><V39/><F39/><W128/><G128/><T132/><D132/><U15/><E0/><V33/><F33/><W72/><G72/><T47/><D47/><U46/><E55/><V16/><F58/><W48/><G8/><T67/><D67/><U34/><E46/><V25/><F29/><W85/><G70/><T114/><D10/><U42/><E42/><V17/><REACH who="2" step="1"/><F18/><REACH who="2" ten="282,304,250,154" step="2"/><W123/><G51/><T5/><D114/><U84/><E34/><V95/><AGARI ba="0,1" hai="14,16,17,21,23,25,86,88,95,99,100,105,106,107" machi="95" ten="20,18000,2" yaku="1,1,2,1,0,1,7,1,54,2,53,0" doraHai="57" doraHaiUra="129" who="2" fromWho="2" sc="282,-60,304,-60,250,190,154,-60" /><INIT seed="6,1,0,3,4,52" ten="222,244,440,94" oya="2" hai0="1,35,110,111,121,113,128,14,135,43,41,116,64" hai1="71,22,46,95,15,55,50,132,89,112,12,77,21" hai2="45,36,103,102,70,29,107,42,76,28,131,3,126" hai3="119,65,90,40,11,18,34,60,118,47,67,33,123"/><V78/><F70/><W117/><G123/><T80/><D1/><U105/><E71/><V9/><F126/><W30/><G30/><T73/><D64/><U120/><E105/><V72/><F131/><W66/><G90/><T4/><D4/><U61/><E120/><V58/><F107/><W74/><G74/><T93/><D14/><U19/><E132/><V79/><F72/><W5/><G18/><T99/><D43/><U129/><E129/><V127/><F127/><W108/><G108/><T32/><D41/><U104/><E104/><V85/><F3/><W44/><G44/><T48/><D48/><U75/><E75/><V82/><F9/><W0/><REACH who="3" step="1"/><G60/><REACH who="3" ten="222,244,440,84" step="2"/><T13/><D111/><U92/><E61/><V57/><F28/><W115/><G115/><T91/><D110/><U2/><E112/><V39/><F29/><W83/><G83/><T62/><D113/><U17/><E77/><V56/><REACH who="2" step="1"/><F36/><AGARI ba="1,1" hai="0,5,11,33,34,36,40,47,65,66,67,117,118,119" machi="36" ten="50,1600,0" yaku="1,1,53,0" doraHai="52" doraHaiUra="106" who="3" fromWho="2" sc="222,0,244,0,440,-19,84,29" /><INIT seed="7,0,0,1,2,102" ten="222,244,421,113" oya="3" hai0="105,3,30,126,68,122,51,19,85,37,92,62,46" hai1="93,104,41,73,69,64,128,14,74,84,88,24,99" hai2="55,86,13,117,106,125,56,17,15,83,54,11,82" hai3="77,9,91,32,110,115,29,50,129,65,61,123,0"/><W101/><G123/><T90/><D122/><U4/><E41/><V95/><F106/><W79/><G101/><T135/><D135/><U103/><E14/><V76/><F125/><W22/><G32/><T12/><D126/><U98/><E4/><N who="2" m="3303" /><F117/><W89/><G115/><T43/><D3/><U113/><E24/><V26/><F26/><N who="3" m="16599" /><G129/><T52/><D30/><U21/><E21/><N who="2" m="11455" /><F95/><W39/><G39/><T53/><D105/><N who="1" m="63735" /><E64/><V127/><F127/><W120/><G120/><T57/><D53/><N who="2" m="19978" /><F83/><W109/><G50/><T96/><D12/><U118/><E69/><V121/><F121/><W132/><G132/><T45/><D19/><U116/><E113/><V34/><F34/><W66/><G0/><T131/><D131/><U80/><E128/><V100/><F100/><W107/><G9/><T111/><D111/><N who="3" m="42505" /><G107/><T44/><D46/><U114/><E114/><V48/><F48/><W58/><G66/><N who="0" m="41047" /><D45/><U20/><E104/><V97/><F97/><AGARI ba="0,0" hai="37,43,44,51,52,57,85,90,92,96,97" m="41047" machi="97" ten="30,2000,0" yaku="24,1,54,1" doraHai="102" who="0" fromWho="2" sc="222,20,244,0,421,-20,113,0" owari="242,-16.0,244,4.0,401,51.0,113,-39.0" /></mjloggm>