<mjloggm ver="2.3"><GO type="225" lobby="0"/><UN n0="%4C%61%73%6B%26%59%75" n1="%E3%82%A6%E3%83%AB%E3%83%88%E3%83%A9%E7%AB%8B%E7%9B%B4" n2="%6E%61%6F%68%69%72%6F%EF%BD%8B" n3="%51%42%E3%82%A2%E3%82%A4%E3%83%AA" dan="16,16,17,16" rate="2136.68,2009.54,2138.92,2031.07" sx="M,M,M,F"/><TAIKYOKU oya="0"/><INIT seed="0,0,0,2,3,121" ten="250,250,250,250" oya="0" hai0="101,48,113,126,61,24,4,92,16,104,54,65,78" hai1="103,110,22,129,77,44,118,53,42,87,25,27,5" hai2="15,132,82,18,93,66,29,102,28,130,56,119,70" hai3="3,58,7,94,57,123,38,47,95,90,67,69,34"/><T71/><D113/><U111/><E118/><V8/><F130/><W105/><G105/><T89/><D126/><U74/><E74/><V125/><F132/><W127/><G127/><T14/><D78/><U86/><E129/><V0/><F125/><W108/><G69/><T2/><D24/><U19/><E5/><V33/><F119/><W60/><G57/><T13/><D2/><U36/><E103/><V1/><F70/><W72/><G72/><T100/><D104/><U98/><E98/><V135/><F135/><W107/><G94/><T88/><D4/><U114/><E114/><V62/><F82/><W80/><G80/><T26/><D26/><U73/><E73/><V83/><F83/><W52/><G34/><T128/><D13/><U96/><E96/><V50/><F50/><W43/><G107/><T35/><D35/><U6/><E6/><V131/><F131/><W116/><G116/><T39/><D39/><U134/><E134/><V76/><F76/><W99/><G123/><T109/><D128/><U12/><E53/><V106/><F106/><W46/><G3/><T51/><D92/><U117/><E117/><V37/><F37/><W10/><G10/><T75/><D75/><U20/><E12/><V21/><F33/><W85/><G7/><T31/><D14/><U30/><E77/><V11/><F0/><W97/><G38/><T17/><D65/><U64/><E64/><V41/><F41/><W124/><G67/><T120/><D120/><U122/><E122/><V68/><F68/><W112/><G124/><T40/><D71/><U45/><E45/><RYUUKYOKU ba="0,0" sc="250,-10,250,30,250,-10,250,-10" hai1="19,20,22,25,27,30,36,42,44,86,87,110,111" /><INIT seed="1,1,0,2,5,40" ten="240,280,240,240" oya="1" hai0="86,64,134,132,66,3,23,56,107,65,36,130,27" hai1="106,82,100,126,91,73,123,74,61,32,31,90,6" hai2="49,113,63,33,0,44,11,43,4,7,110,92,10" hai3="28,41,59,1,101,62,67,18,29,37,88,79,97"/><U111/><E31/><V118/><F110/><W96/><G1/><T135/><D107/><U120/><E32/><V26/><F118/><W72/><G97/><T81/><D3/><U98/><E6/><V114/><F63/><W119/><G119/><T115/><D115/><U89/><E61/><V116/><F116/><W5/><G5/><T47/><D56/><U42/><E42/><V84/><F84/><W39/><G39/><T108/><D108/><U129/><E111/><V99/><F26/><W8/><G79/><T131/><D36/><U52/><E52/><V124/><F124/><W133/><G72/><N who="1" m="27754" /><E126/><V125/><F33/><W14/><G37/><T55/><D23/><U127/><E127/><V34/><F34/><W22/><G41/><T68/><D27/><U76/><E129/><V69/><F69/><W77/><G77/><N who="0" m="46383" /><D68/><U19/><E19/><V87/><F87/><AGARI ba="1,0" hai="76,82,87,89,90,91,98,100,106,120,123" m="27754" machi="87" ten="30,2900,0" yaku="34,2" doraHai="40" who="1" fromWho="2" sc="240,0,280,32,240,-32,240,0" /><INIT seed="1,2,0,2,1,20" ten="240,312,208,240" oya="1" hai0="129,32,70,2,135,91,23,25,113,35,78,45,40" hai1="71,114,81,75,24,79,130,28,10,13,66,123,29" hai2="69,99,97,31,105,26,11,38,132,102,103,3,17" hai3="88,87,85,119,134,39,53,94,63,86,104,100,36"/><U34/><E123/><V98/><F132/><W74/><G134/><T111/><D135/><U9/><E114/><V116/><F116/><W46/><G74/><T133/><D133/><U49/><E130/><V131/><F131/><W65/><G119/><T5/><D70/><U7/><E66/><V68/><F38/><W72/><G72/><T101/><D32/><U125/><E71/><V126/><F126/><W95/><G104/><T54/><D35/><U42/><E125/><V21/><F97/><N who="3" m="59447" /><G36/><T67/><D113/><U64/><E64/><V84/><F84/><W22/><G39/><T52/><D67/><U57/><E29/><V83/><F83/><W122/><G122/><T107/><D78/><U12/><E42/><V89/><F89/><W55/><G46/><T115/><D91/><U8/><REACH who="1" step="1"/><E7/><REACH who="1" ten="240,302,208,240" step="2"/><V19/><F31/><W44/><G65/><T112/><D112/><U73/><E73/><V51/><F69/><W30/><G55/><AGARI ba="2,1" hai="8,9,10,12,13,24,28,34,49,55,57,75,79,81" machi="55" ten="40,3900,0" yaku="1,1,52,1,53,0" doraHai="20" doraHaiUra="18" who="1" fromWho="3" sc="240,0,302,55,208,0,240,-45" /><INIT seed="1,3,0,5,5,25" ten="240,357,208,195" oya="1" hai0="52,48,113,86,63,33,100,108,49,98,90,114,27" hai1="103,109,1,59,120,60,42,20,91,66,72,84,94" hai2="51,9,30,35,5,19,62,55,16,58,40,127,101" hai3="41,0,106,124,37,123,73,29,119,10,4,2,107"/><U17/><E1/><V18/><F127/><W130/><G124/><T118/><D118/><U43/><E72/><V89/><F101/><W38/><G123/><T117/><D117/><U128/><E128/><V14/><F89/><W78/><G119/><T32/><D108/><U92/><E109/><V70/><F70/><W115/><G130/><T112/><D63/><U3/><E3/><V53/><F40/><W105/><G115/><T45/><D49/><U129/><E129/><V133/><F133/><W22/><G0/><T36/><D36/><U13/><E120/><V46/><F35/><W65/><G22/><T6/><D6/><U31/><E31/><AGARI ba="3,0" hai="5,9,14,16,18,19,30,31,46,51,53,55,58,62" machi="31" ten="40,8000,1" yaku="8,1,52,2,54,1" doraHai="25" who="2" fromWho="1" sc="240,0,357,-89,208,89,195,0" /><INIT seed="2,0,0,3,2,115" ten="240,268,297,195" oya="2" hai0="75,128,86,44,122,50,26,14,93,99,126,35,0" hai1="132,17,129,78,72,42,120,67,23,124,106,43,85" hai2="89,51,102,2,33,117,77,15,65,130,133,38,9" hai3="48,55,101,96,97,39,25,111,32,54,108,109,41"/><V37/><F117/><W116/><G116/><T69/><D122/><U3/><E3/><V84/><F133/><W21/><G32/><T71/><D75/><U59/><E106/><V60/><F33/><W68/><G68/><T12/><D0/><U5/><E72/><V13/><F130/><W127/><G127/><T91/><D126/><U134/><E5/><V114/><F114/><W28/><G39/><T61/><D128/><U73/><E73/><V49/><F102/><W62/><G41/><T105/><D69/><U92/><E124/><V100/><F100/><W1/><G1/><T121/><D121/><U18/><E18/><V8/><F77/><W135/><G135/><T83/><D105/><U82/><E129/><V19/><F2/><W76/><G76/><T4/><D4/><U31/><E31/><V40/><F38/><W87/><G87/><T79/><D61/><N who="1" m="38335" /><E120/><V98/><F98/><N who="3" m="37995" /><G62/><T47/><D71/><U119/><E119/><V74/><F37/><W27/><G27/><T110/><D35/><U104/><E104/><V123/><F74/><W90/><G90/><T34/><D34/><U107/><E107/><V112/><F112/><W131/><G131/><T22/><D47/><U113/><E113/><V11/><F123/><W118/><G101/><T29/><REACH who="0" step="1"/><D110/><REACH who="0" ten="230,268,297,195" step="2"/><U56/><E134/><V70/><F70/><W30/><G118/><T6/><D6/><U7/><E7/><V10/><F60/><W95/><G111/><T81/><D81/><U125/><E132/><V64/><F64/><W63/><G109/><T88/><D88/><U52/><E82/><RYUUKYOKU ba="0,1" sc="230,30,268,-10,297,-10,195,-10" hai0="12,14,22,26,29,44,50,79,83,86,91,93,99" /><INIT seed="3,1,1,3,1,11" ten="260,258,287,185" oya="3" hai0="118,5,99,101,127,92,29,114,65,90,77,46,32" hai1="134,111,16,113,120,103,3,51,130,69,47,133,128" hai2="84,105,98,6,21,39,107,96,100,38,82,121,13" hai3="60,1,10,89,53,7,8,35,95,34,20,25,116"/><W61/><G116/><T132/><D118/><U72/><E72/><V59/><F121/><W123/><G123/><T67/><D127/><U66/><E3/><V81/><F59/><W125/><G125/><T87/><D77/><U22/><E113/><V74/><F74/><W119/><G119/><T17/><D5/><U0/><E0/><V94/><F107/><W122/><G122/><T75/><D75/><U97/><E66/><V52/><F52/><W93/><G8/><T73/><D73/><U86/><E86/><V131/><F131/><N who="1" m="50217" /><E69/><V14/><F14/><N who="3" m="5471" /><G34/><T57/><D114/><U126/><E111/><V9/><F21/><W115/><G35/><T19/><D29/><U41/><E120/><V58/><F58/><N who="3" m="34895" /><G115/><T91/><D32/><U64/><E64/><V23/><F23/><W85/><G1/><T56/><D67/><U31/><E31/><V63/><F63/><W76/><G61/><T108/><D65/><U37/><E37/><V44/><F44/><W102/><G76/><T48/><D108/><U43/><E43/><V33/><F33/><W54/><G54/><N who="0" m="29975" /><D56/><U104/><E126/><V80/><REACH who="2" step="1"/><F84/><REACH who="2" ten="260,258,277,185" step="2"/><W27/><G20/><T42/><D57/><U71/><E71/><V30/><F30/><W4/><G4/><T88/><D87/><U24/><AGARI ba="1,2" hai="16,22,24,41,47,51,97,103,104,133,134" m="50217" machi="24" ten="30,2000,0" yaku="19,1,54,1" doraHai="11" who="1" fromWho="1" sc="260,-6,258,43,277,-6,185,-11" owari="254,-15.0,301,41.0,271,7.0,174,-33.0" /></mjloggm>