<mjloggm ver="2.3"><GO type="97" lobby="0"/><UN n0="%E7%B5%82%E9%9B%BB" n1="%E3%82%BF%E3%82%A6%E3%83%8B%E3%83%A5%E3%83%BC%E3%83%88%E3%83%AA%E3%83%8E" n2="%E3%82%A6%E3%83%AB%E3%83%88%E3%83%A9%E7%AB%8B%E7%9B%B4" n3="%6D%6F%6B%69%6F" dan="14,14,15,15" rate="1909.27,1988.14,2030.78,2036.73" sx="F,M,M,M"/><TAIKYOKU oya="0"/><INIT seed="0,0,0,0,5,20" ten="250,250,250,250" oya="0" hai0="24,92,113,2,122,58,49,130,1,37,112,3,12" hai1="26,85,94,82,47,21,88,63,103,34,14,115,22" hai2="30,66,87,70,5,76,4,77,29,8,107,79,32" hai3="25,67,68,97,33,16,42,38,90,11,120,131,59"/><T132/><D122/><U27/><E34/><V64/><F107/><W95/><G131/><T35/><D37/><U105/><E105/><V50/><F70/><W0/><G68/><T118/><D118/><U48/><E115/><V73/><F73/><W74/><G74/><T61/><D49/><U126/><E63/><V69/><F69/><W60/><G38/><T91/><D130/><U109/><E109/><V40/><F87/><W10/><G42/><T127/><D12/><U125/><E14/><V57/><F8/><W135/><G0/><T128/><D128/><U46/><E21/><V54/><F40/><W45/><G45/><T119/><D119/><U78/><E103/><V86/><F86/><W53/><G135/><T6/><D6/><N who="2" m="2666" /><F32/><W104/><G33/><T102/><D102/><U9/><E9/><N who="3" m="3082" /><G104/><T39/><D39/><U124/><E22/><V110/><F110/><W7/><G7/><T116/><D116/><U55/><E47/><V13/><F13/><W99/><G120/><T41/><D41/><U28/><E28/><AGARI ba="0,0" hai="28,29,30,50,54,57,64,66,76,77,79" m="2666" machi="28" ten="30,1000,0" yaku="8,1" doraHai="20" who="2" fromWho="1" sc="250,0,250,-10,250,10,250,0" /><INIT seed="1,0,0,2,5,81" ten="250,240,260,250" oya="1" hai0="134,1,6,72,50,120,58,76,36,55,5,34,24" hai1="69,31,70,22,108,61,27,26,52,129,90,131,28" hai2="121,77,64,63,126,123,7,130,92,4,135,18,82" hai3="93,41,124,119,40,21,32,116,0,48,35,9,78"/><U115/><E115/><V8/><F126/><W112/><G124/><T79/><D36/><U29/><E108/><V132/><F92/><W33/><G78/><T73/><D134/><N who="2" m="51242" /><F18/><W102/><G48/><T67/><D1/><U133/><E133/><V111/><F111/><W23/><G102/><T56/><D120/><U53/><E90/><V11/><F130/><N who="1" m="49673" /><E28/><V101/><F101/><W57/><G57/><T42/><D72/><U10/><E10/><N who="2" m="3627" /><F7/><N who="3" m="1255" /><G93/><T80/><D76/><U16/><E29/><V86/><F4/><W39/><G39/><T87/><D73/><U96/><E96/><V117/><F117/><N who="3" m="45131" /><G112/><T113/><D113/><U60/><E60/><V37/><F37/><W38/><G38/><T54/><D34/><N who="1" m="20855" /><E69/><AGARI ba="0,0" hai="63,64,69,77,82,86,121,123" m="3627,51242" machi="69" ten="30,2000,0" yaku="20,1,52,1" doraHai="81" who="2" fromWho="1" sc="250,0,240,-20,260,20,250,0" /><INIT seed="2,0,0,0,1,29" ten="250,220,280,250" oya="2" hai0="64,23,134,37,127,62,106,71,95,17,7,82,67" hai1="18,112,111,117,118,46,43,92,69,59,11,20,54" hai2="124,15,35,33,40,91,48,110,27,97,19,132,41" hai3="42,38,86,131,122,1,120,133,84,5,24,6,94"/><V14/><F27/><W79/><G133/><T81/><D106/><U83/><E111/><V99/><F48/><W125/><G125/><T123/><D123/><U57/><E69/><V129/><F110/><W47/><G131/><T34/><D134/><U2/><E112/><V75/><F75/><W126/><G126/><T87/><D37/><U96/><E83/><V56/><F56/><W53/><G86/><T109/><D109/><U74/><E74/><V50/><F50/><W113/><G113/><T26/><D127/><U101/><E11/><V116/><F124/><W135/><G135/><T0/><D64/><U30/><E30/><V63/><F63/><W114/><G114/><T70/><D70/><U9/><E9/><V51/><F51/><W88/><G53/><T80/><D7/><U89/><E101/><V98/><F132/><W93/><G79/><T32/><D0/><U44/><E2/><V102/><F102/><W105/><G105/><T31/><D31/><U78/><E78/><V3/><F3/><W36/><G1/><T60/><D60/><N who="1" m="35895" /><E59/><V104/><F104/><W85/><G24/><T58/><REACH who="0" step="1"/><D71/><REACH who="0" ten="240,220,280,250" step="2"/><U128/><E128/><V13/><F129/><W45/><G122/><T108/><D108/><U72/><E118/><V121/><F121/><W115/><G120/><T65/><D65/><U4/><E117/><V55/><F116/><W77/><G115/><T61/><D61/><U107/><E107/><V25/><F19/><W100/><G5/><T39/><D39/><U103/><E4/><V68/><F68/><W66/><G6/><T21/><D21/><RYUUKYOKU ba="0,1" sc="240,30,220,-10,280,-10,250,-10" hai0="17,23,26,32,34,58,62,67,80,81,82,87,95" /><INIT seed="3,1,1,1,1,116" ten="270,210,270,240" oya="3" hai0="135,32,108,113,94,92,93,59,77,7,5,114,73" hai1="111,128,36,51,39,4,12,79,25,132,29,16,8" hai2="125,96,91,109,11,90,1,14,58,26,87,19,123" hai3="100,120,54,27,71,33,134,83,81,46,107,3,110"/><W115/><G3/><T117/><D117/><U82/><E111/><V88/><F1/><W15/><G115/><N who="0" m="44043" /><D32/><U70/><E70/><V112/><F112/><W68/><G134/><T9/><D135/><U122/><E132/><V105/><F123/><W24/><G15/><N who="0" m="5551" /><D108/><U35/><E122/><V126/><F109/><W98/><G110/><T95/><N who="0" m="23552" /><DORA hai="31" /><T38/><D38/><U28/><E28/><V121/><F121/><W74/><G120/><T60/><D7/><U99/><E128/><V30/><F58/><W84/><G74/><T106/><D106/><U41/><E99/><V97/><F87/><W44/><G81/><N who="0" m="45231" /><D60/><U55/><E41/><V64/><F64/><W2/><G2/><T118/><D59/><U48/><E4/><V101/><REACH who="2" step="1"/><F97/><REACH who="2" ten="270,210,260,240" step="2"/><W42/><G98/><T23/><D118/><U61/><E36/><V52/><F52/><W85/><G54/><T80/><D23/><AGARI ba="1,2" hai="11,14,19,23,26,30,88,90,91,96,101,105,125,126" machi="23" ten="40,5200,0" yaku="1,1,54,1,53,1" doraHai="116,31" doraHaiUra="21,34" who="2" fromWho="0" sc="270,-55,210,0,260,75,240,0" owari="215,-18.0,210,-29.0,335,43.0,240,4.0" /></mjloggm>