<mjloggm ver="2.3"><GO type="225" lobby="0"/><UN n0="%6E%61%6F%68%69%72%6F%EF%BD%8B" n1="%E3%82%A6%E3%83%AB%E3%83%88%E3%83%A9%E7%AB%8B%E7%9B%B4" n2="%31%73%E3%81%A7%E3%81%84%E3%81%84%E3%81%9D%E3%81%86" n3="%51%42%E3%82%A2%E3%82%A4%E3%83%AA" dan="17,16,17,16" rate="2145.22,2011.17,2151.58,2028.79" sx="M,M,M,F"/><TAIKYOKU oya="0"/><INIT seed="0,0,0,3,0,19" ten="250,250,250,250" oya="0" hai0="65,130,94,115,43,96,16,74,88,57,118,107,41" hai1="129,2,53,60,116,48,52,47,32,17,59,5,100" hai2="1,15,123,33,18,63,106,79,89,68,117,13,50" hai3="66,83,23,108,72,103,9,112,87,64,42,10,20"/><T90/><D115/><U21/><E32/><V114/><F1/><W46/><G108/><T78/><D118/><U30/><E116/><V58/><F117/><W6/><G72/><T67/><D107/><U36/><E36/><V128/><F33/><W3/><G112/><T0/><D130/><U44/><E129/><V11/><F106/><W27/><G103/><T84/><D0/><U133/><E133/><V77/><F123/><W55/><G55/><T126/><D126/><U24/><E100/><V37/><F37/><W45/><G9/><T93/><D74/><U25/><E5/><V98/><F68/><W70/><G45/><T135/><D78/><U12/><E2/><V125/><F125/><W75/><G27/><T105/><D135/><U110/><E110/><V29/><F29/><W111/><G111/><T35/><D35/><U109/><E109/><V71/><F71/><W31/><G31/><T97/><D105/><U39/><REACH who="1" step="1"/><E30/><REACH who="1" ten="250,240,250,250" step="2"/><V119/><F119/><W104/><G3/><T40/><D84/><U86/><E86/><V82/><F114/><W92/><G87/><T56/><REACH who="0" step="1"/><D16/><REACH who="0" ten="240,240,250,250" step="2"/><U69/><E69/><V120/><F128/><W28/><G70/><T95/><D95/><U124/><E124/><V34/><F34/><W80/><G92/><T51/><D51/><U132/><E132/><V99/><F50/><W131/><G104/><T73/><D73/><U122/><E122/><V4/><F120/><W14/><G131/><T102/><D102/><U121/><E121/><V113/><F113/><W76/><G75/><T127/><D127/><U91/><E91/><RYUUKYOKU ba="0,2" sc="240,15,240,15,250,-15,250,-15" hai0="40,41,43,56,57,65,67,88,90,93,94,96,97" hai1="12,17,21,24,25,39,44,47,48,52,53,59,60" /><INIT seed="0,1,2,3,4,35" ten="255,255,235,235" oya="0" hai0="60,21,119,110,59,89,0,5,46,106,131,73,99" hai1="100,102,133,34,115,76,30,51,120,23,69,85,103" hai2="50,109,38,65,135,118,1,52,10,16,105,124,18" hai3="36,7,70,126,88,78,125,39,75,37,71,77,43"/><T3/><D119/><U44/><E69/><N who="3" m="26122" /><G43/><T68/><D73/><U9/><E34/><V11/><F38/><W15/><G75/><T47/><D131/><U90/><E115/><V22/><F105/><W66/><G66/><T31/><D110/><U6/><E76/><N who="3" m="29290" /><G15/><T111/><D111/><U62/><E62/><V14/><F65/><W134/><G7/><T67/><D5/><U32/><E32/><V117/><F109/><W95/><G95/><T123/><D123/><U97/><E97/><V42/><F42/><W64/><G64/><T93/><D68/><U74/><E74/><V12/><F124/><N who="3" m="47723" /><G88/><T28/><D106/><U80/><E102/><V61/><F61/><W25/><G25/><T112/><D112/><U94/><E103/><V55/><F135/><AGARI ba="1,2" hai="36,37,39,134,135" m="47723,29290,26122" machi="135" ten="50,6400,0" yaku="28,2,18,1" doraHai="35" who="3" fromWho="2" sc="255,0,255,0,235,-67,235,87" /><INIT seed="1,0,0,4,1,7" ten="255,255,168,322" oya="1" hai0="53,86,21,28,56,108,74,62,54,35,120,55,25" hai1="132,52,118,106,123,65,133,125,98,11,36,26,94" hai2="71,12,135,105,58,22,109,20,110,107,27,95,126" hai3="73,75,100,57,18,9,44,13,129,127,42,32,59"/><U41/><E106/><V64/><F71/><W46/><G32/><T112/><D108/><N who="2" m="41578" /><F95/><W68/><G68/><T97/><D112/><U60/><E123/><V63/><F126/><W0/><G46/><T45/><D74/><U84/><E125/><V29/><F135/><N who="1" m="51785" /><E118/><V5/><F22/><W114/><G114/><T43/><D120/><U67/><E41/><V1/><F1/><W19/><G0/><T31/><D97/><U76/><E36/><V40/><F40/><W15/><G127/><T50/><D35/><U81/><E26/><V80/><F80/><W101/><G73/><T2/><D2/><U111/><E111/><V14/><F14/><W93/><G75/><T131/><D131/><U17/><E17/><V8/><AGARI ba="0,0" hai="5,8,12,20,27,29,58,63,64,105,107" m="41578" machi="8" ten="30,2000,0" yaku="14,1,52,1" doraHai="7" who="2" fromWho="2" sc="255,-5,255,-10,168,20,322,-5" /><INIT seed="2,0,0,2,2,98" ten="250,245,188,317" oya="2" hai0="72,81,93,76,90,88,112,96,134,29,21,87,0" hai1="31,123,17,113,43,9,41,39,4,104,64,50,92" hai2="49,23,38,36,82,69,79,37,86,133,80,71,18" hai3="59,68,35,116,135,119,8,101,84,22,110,73,103"/><V114/><F114/><W60/><G110/><T54/><D0/><U42/><E104/><V131/><F133/><W20/><G35/><T61/><D112/><U55/><E39/><V115/><F115/><W132/><G73/><T5/><D5/><U97/><E113/><V51/><F131/><W19/><G68/><T130/><D130/><U122/><E64/><V46/><F82/><W128/><G128/><T58/><D134/><N who="3" m="51241" /><G8/><T94/><D21/><N who="3" m="8297" /><G19/><T65/><REACH who="0" step="1"/><D29/><REACH who="0" ten="240,245,188,317" step="2"/><U16/><E31/><V25/><REACH who="2" step="1"/><F51/><REACH who="2" ten="240,245,178,317" step="2"/><W125/><G125/><T126/><D126/><U24/><E122/><V124/><F124/><W7/><G119/><T32/><D32/><U74/><E123/><V109/><F109/><W120/><G120/><T118/><D118/><U53/><E50/><V129/><F129/><W100/><G116/><T127/><D127/><U26/><E26/><V111/><F111/><W34/><G34/><T14/><D14/><U105/><E24/><V52/><AGARI ba="0,2" hai="18,23,25,36,37,38,46,49,52,69,71,79,80,86" machi="52" ten="30,11700,0" yaku="1,1,0,1,54,1,53,1" doraHai="98" doraHaiUra="45" who="2" fromWho="2" sc="240,-39,245,-39,178,137,317,-39" /><INIT seed="2,1,0,5,3,38" ten="201,206,315,278" oya="2" hai0="17,132,71,126,123,133,46,8,34,97,2,26,125" hai1="45,103,44,14,131,50,92,59,90,100,110,65,84" hai2="115,128,122,72,33,41,19,134,113,30,135,49,5" hai3="78,6,74,80,62,60,104,16,55,43,77,119,98"/><V76/><F122/><W36/><G119/><T42/><D71/><U28/><E131/><V23/><F5/><W101/><G78/><T68/><D68/><U82/><E110/><V52/><F30/><W54/><G6/><N who="0" m="1111" /><D97/><N who="1" m="57495" /><E28/><V12/><F33/><W57/><G16/><T10/><D123/><U51/><E14/><V114/><F128/><W96/><G96/><T1/><D1/><U95/><E95/><V79/><F41/><W64/><REACH who="3" step="1"/><G62/><REACH who="3" ten="201,206,315,268" step="2"/><T24/><D17/><U83/><E103/><V106/><F106/><W7/><G7/><T94/><D126/><U66/><E100/><V9/><F9/><W93/><G93/><T129/><D94/><U111/><E83/><V27/><F12/><W81/><G81/><T67/><D10/><U109/><E82/><V91/><F91/><W69/><G69/><T107/><D125/><U89/><E89/><V88/><F88/><W121/><G121/><T47/><D129/><U124/><E124/><V56/><F72/><W75/><G75/><T118/><D118/><U116/><E116/><V13/><F13/><W11/><G11/><T21/><D107/><U108/><E84/><V117/><F117/><W37/><G37/><T105/><D105/><U3/><E3/><V31/><F19/><W58/><G58/><T120/><D120/><U15/><E15/><V0/><F0/><W61/><G61/><T20/><D133/><AGARI ba="1,1" hai="23,27,31,49,52,56,76,79,113,114,115,133,134,135" machi="133" ten="50,4800,0" yaku="20,1,54,1" doraHai="38" who="2" fromWho="0" sc="201,-51,206,0,315,61,268,0" /><INIT seed="2,2,0,4,3,131" ten="150,206,376,268" oya="2" hai0="118,59,129,10,96,34,103,109,117,21,65,19,90" hai1="127,14,70,115,11,17,47,100,35,121,108,23,84" hai2="30,58,75,89,36,44,20,81,85,110,6,49,116" hai3="73,57,119,31,87,71,135,50,128,104,74,2,86"/><V5/><F116/><N who="0" m="44650" /><D109/><U12/><E70/><V112/><F112/><W102/><G71/><T41/><D129/><U46/><E108/><V88/><F75/><W48/><G2/><T52/><D34/><U56/><E35/><V55/><F110/><W126/><G126/><T40/><D65/><U32/><E32/><V92/><F36/><W66/><G66/><T106/><D10/><U4/><E127/><V68/><F68/><W13/><G57/><T25/><D90/><U42/><E121/><V15/><F44/><W45/><G45/><T22/><D22/><U105/><E115/><V93/><F81/><W8/><G8/><T1/><D1/><U91/><E42/><V51/><F51/><AGARI ba="2,0" hai="19,21,25,40,41,51,52,59,96,103,106" m="44650" machi="51" ten="30,2000,0" yaku="12,1,54,1" doraHai="131" who="0" fromWho="2" sc="150,26,206,0,376,-26,268,0" /><INIT seed="3,0,0,0,1,64" ten="176,206,350,268" oya="3" hai0="48,133,121,72,38,73,70,60,90,104,51,27,44" hai1="127,129,134,49,96,30,39,31,61,76,68,42,71" hai2="125,6,75,0,17,112,122,18,94,95,77,26,52" hai3="114,34,35,132,66,103,40,111,32,82,7,47,20"/><W16/><G114/><T69/><D121/><U1/><E1/><V84/><F112/><W21/><G103/><T128/><D104/><U37/><E76/><V11/><F122/><W46/><G7/><T24/><D90/><U116/><E96/><V29/><F75/><N who="0" m="28746" /><D60/><U105/><E105/><V14/><F125/><W100/><G100/><T89/><D89/><U80/><E80/><N who="2" m="47119" /><F0/><W36/><G66/><T107/><D107/><U108/><E31/><V109/><F109/><W83/><G111/><T87/><D87/><U91/><E91/><V120/><F120/><W63/><G63/><T123/><D123/><U54/><E30/><V93/><F52/><W56/><G56/><T23/><D23/><AGARI ba="0,0" hai="6,11,14,17,18,23,26,29,93,94,95" m="47119" machi="23" ten="30,1000,0" yaku="8,1" doraHai="64" who="2" fromWho="0" sc="176,-10,206,0,350,10,268,0" owari="166,-33.0,206,-19.0,360,45.0,268,7.0" /></mjloggm>