<mjloggm ver="2.3"><GO type="97" lobby="0"/><UN n0="%48%69%6D%61%47%69%6B%75" n1="%E3%82%A6%E3%83%AB%E3%83%88%E3%83%A9%E7%AB%8B%E7%9B%B4" n2="%EF%BC%98%E9%A0%AD%E8%BA%AB%CE%B1" n3="%E3%83%AA%E3%82%A2%E3%83%AB%E3%83%95%E3%82%A9%E3%83%BC%E3%82%B9" dan="13,15,15,14" rate="1955.32,1994.82,2036.36,1978.57" sx="M,M,M,M"/><TAIKYOKU oya="0"/><INIT seed="0,0,0,1,4,47" ten="250,250,250,250" oya="0" hai0="23,100,93,88,50,16,75,15,46,85,118,1,33" hai1="122,49,35,117,126,99,77,73,125,55,12,131,0" hai2="61,106,28,20,63,40,62,56,67,13,121,79,111" hai3="90,45,25,5,87,127,3,2,30,27,37,135,124"/><T10/><D118/><U48/><E0/><N who="3" m="42" /><G5/><T116/><D116/><U114/><E35/><V91/><F106/><W4/><G4/><T31/><D75/><U78/><E117/><V53/><F121/><W74/><G74/><T110/><D100/><U42/><E122/><V32/><F32/><N who="3" m="20559" /><G27/><T68/><D68/><U64/><E64/><V17/><F79/><N who="1" m="30217" /><E73/><V80/><F40/><W21/><G21/><T34/><D110/><U119/><E119/><V92/><F80/><W107/><G107/><T123/><D123/><U24/><E24/><V115/><F111/><W84/><G135/><T101/><D101/><U83/><E83/><V76/><F76/><W105/><G105/><T132/><D132/><U7/><E99/><V95/><F115/><W133/><G133/><T54/><REACH who="0" step="1"/><D31/><REACH who="0" ten="240,250,250,250" step="2"/><U18/><E114/><V81/><F28/><W128/><G127/><T22/><D22/><U19/><E125/><V69/><F69/><W39/><G124/><T38/><D38/><U66/><E126/><V108/><F108/><W14/><G37/><T120/><D120/><U109/><E109/><V52/><F67/><W112/><G39/><T113/><D113/><U57/><E66/><V104/><F104/><W58/><G112/><T72/><D72/><U11/><E131/><V71/><F71/><W6/><G128/><T44/><D44/><AGARI ba="0,1" hai="7,11,12,18,19,42,44,48,49,55,57" m="30217" machi="44" ten="30,3900,0" yaku="8,1,52,2" doraHai="47" who="1" fromWho="0" sc="240,-39,250,49,250,0,250,0" /><INIT seed="1,0,0,1,3,96" ten="201,299,250,250" oya="1" hai0="66,109,51,8,102,11,119,50,15,38,60,122,53" hai1="110,68,87,70,120,67,55,82,3,12,72,89,44" hai2="86,105,121,81,83,46,31,100,98,107,5,59,13" hai3="112,48,54,108,52,90,97,84,135,124,40,9,114"/><U92/><E3/><V132/><F121/><W111/><G124/><T113/><D119/><U27/><E120/><V30/><F132/><W43/><G135/><T36/><D122/><U39/><E67/><V57/><F107/><W0/><G97/><T6/><D113/><N who="3" m="43625" /><G9/><T62/><D109/><N who="3" m="42057" /><G0/><T26/><D102/><U65/><E65/><V76/><F83/><N who="3" m="49439" /><G54/><T35/><D11/><U94/><E55/><V20/><F46/><AGARI ba="0,0" hai="40,43,46,48,52" m="49439,42057,43625" machi="46" ten="30,2000,0" yaku="14,1,54,1" doraHai="96" who="3" fromWho="2" sc="201,0,299,0,250,-20,250,20" /><INIT seed="2,0,0,5,2,32" ten="201,299,230,270" oya="2" hai0="33,77,1,91,114,75,70,112,24,35,22,113,116" hai1="103,117,20,58,122,54,57,11,79,65,108,115,55" hai2="42,111,82,125,25,0,87,84,39,133,90,12,46" hai3="26,99,71,78,6,28,102,2,135,31,66,49,51"/><V4/><F133/><W130/><G135/><T64/><D116/><U126/><E117/><V76/><F125/><W17/><G78/><T13/><D91/><U43/><E115/><V19/><F25/><W15/><G130/><T128/><D128/><U48/><E126/><V44/><F44/><W109/><G109/><T129/><D129/><U5/><E108/><V121/><F121/><W92/><G66/><T72/><D13/><U52/><E122/><V73/><F111/><W18/><G71/><T69/><D22/><U104/><E104/><V119/><F119/><W97/><G18/><T123/><D123/><U50/><E103/><V29/><F29/><W59/><G99/><T118/><D118/><U110/><E110/><V86/><F12/><W34/><G59/><N who="1" m="22538" /><E79/><V62/><F62/><W105/><G31/><T61/><D24/><U3/><E65/><V14/><F14/><W36/><G36/><T101/><D101/><U134/><E134/><V124/><F124/><W106/><G106/><T95/><D95/><U100/><E100/><V16/><REACH who="2" step="1"/><F90/><REACH who="2" ten="201,299,220,270" step="2"/><W107/><G15/><T132/><D132/><U80/><E48/><V27/><F27/><N who="3" m="18719" /><G51/><T94/><D70/><U37/><E50/><V45/><F45/><W9/><G49/><T63/><D63/><U38/><E37/><V96/><F96/><W7/><G26/><T83/><D113/><U89/><E38/><V74/><F74/><W131/><G97/><T68/><D112/><U120/><E120/><V8/><AGARI ba="0,1" hai="0,4,8,16,19,39,42,46,73,76,82,84,86,87" machi="8" ten="30,18000,2" yaku="1,1,0,1,25,2,52,1,54,1,53,0" doraHai="32" doraHaiUra="47" who="2" fromWho="2" sc="201,-60,299,-60,220,190,270,-60" /><INIT seed="2,1,0,1,2,1" ten="141,239,410,210" oya="2" hai0="122,77,7,113,4,118,2,49,109,27,53,30,21" hai1="36,18,119,91,132,94,33,69,125,42,103,22,38" hai2="123,111,58,131,99,19,45,76,129,17,114,126,70" hai3="31,48,135,74,8,57,96,56,39,54,128,13,87"/><V63/><F70/><W84/><G74/><T62/><D122/><U44/><E33/><V11/><F123/><W51/><G39/><T24/><D113/><U46/><E103/><V41/><F114/><W130/><G135/><T102/><D2/><U35/><E35/><V37/><F126/><W28/><G96/><T80/><D109/><U133/><E69/><V89/><F76/><W59/><G13/><T25/><D118/><U6/><E119/><V104/><F111/><W43/><G8/><T32/><D102/><U3/><E125/><V29/><F29/><N who="3" m="11339" /><G43/><T116/><D62/><U50/><E44/><V86/><F99/><W105/><G105/><T55/><D116/><U108/><E108/><V82/><F104/><W34/><G34/><T12/><D12/><U98/><E133/><V92/><F92/><W71/><G71/><T67/><D67/><U134/><E132/><V83/><F82/><W100/><G100/><T61/><D61/><U23/><E134/><V40/><F41/><W60/><G60/><T72/><D53/><U115/><E22/><V93/><F93/><W124/><G124/><T10/><D10/><U26/><REACH who="1" step="1"/><E115/><REACH who="1" ten="141,229,410,210" step="2"/><V5/><F131/><N who="3" m="50219" /><G48/><T88/><D32/><U107/><E107/><V85/><F129/><W52/><G51/><T20/><D27/><U117/><E117/><V15/><REACH who="2" step="1"/><F86/><AGARI ba="1,1" hai="52,54,56,57,59,84,86,87" m="50219,11339" machi="86" ten="40,8000,1" yaku="28,2,19,1,54,1" doraHai="1" who="3" fromWho="2" sc="141,0,229,0,410,-83,210,93" /><INIT seed="3,0,0,0,0,98" ten="141,229,327,303" oya="3" hai0="13,124,36,92,28,52,65,59,73,27,88,122,96" hai1="19,44,89,97,109,18,105,66,115,41,14,48,57" hai2="91,99,43,8,69,23,24,114,104,3,126,45,74" hai3="116,17,102,10,128,80,5,38,37,55,129,62,15"/><W81/><G116/><T0/><D122/><U58/><E115/><V94/><F69/><W29/><G29/><T121/><D121/><U25/><E109/><V20/><F114/><W79/><G102/><T120/><D120/><U82/><E66/><V84/><F126/><W85/><G81/><T35/><D0/><U7/><E7/><V103/><F74/><W78/><G78/><T95/><D73/><U125/><E125/><V49/><F3/><W16/><G17/><T132/><D124/><U83/><E83/><V117/><F117/><W87/><G87/><T76/><D132/><U130/><E130/><N who="3" m="50282" /><G5/><T106/><D36/><N who="3" m="13929" /><G55/><T90/><D106/><U64/><E105/><V26/><F8/><W46/><G46/><T133/><D133/><U56/><E25/><N who="2" m="9835" /><F104/><W30/><G30/><T40/><D40/><U61/><E19/><V50/><F50/><W93/><G93/><T107/><D107/><U71/><E97/><V31/><F31/><W22/><G62/><T110/><D110/><U72/><E72/><V123/><F123/><W131/><N who="3" m="50290" /><W60/><DORA hai="86" /><G60/><T63/><D13/><U9/><REACH who="1" step="1"/><E82/><REACH who="1" ten="141,219,327,303" step="2"/><V134/><F134/><W77/><G77/><T108/><D108/><U2/><E2/><V47/><F99/><W101/><G101/><T127/><D127/><U111/><E111/><V113/><F103/><W4/><G4/><T34/><D76/><U119/><E119/><V67/><F67/><W54/><G54/><T68/><D68/><U51/><E51/><N who="2" m="27071" /><F113/><W53/><G53/><AGARI ba="0,1" hai="20,23,47,49,53,84,91,94" m="27071,9835" machi="53" ten="30,2000,0" yaku="8,1,52,1" doraHai="98,86" who="2" fromWho="3" sc="141,0,219,0,327,30,303,-20" owari="141,-36.0,219,-18.0,357,46.0,283,8.0" /></mjloggm>