<mjloggm ver="2.3"><GO type="97" lobby="0"/><UN n0="%E6%96%B0%E8%A6%8F" n1="%E3%83%A1%E3%83%AA%E3%83%BC%EF%BC%AB" n2="%74%73%68%69%6D%75%72%61" n3="%E3%82%A6%E3%83%AB%E3%83%88%E3%83%A9%E7%AB%8B%E7%9B%B4" dan="14,13,13,15" rate="1969.11,1841.70,1973.34,2040.87" sx="M,F,M,M"/><TAIKYOKU oya="0"/><INIT seed="0,0,0,5,5,71" ten="250,250,250,250" oya="0" hai0="76,26,6,46,11,14,23,98,36,34,125,13,132" hai1="49,108,95,39,3,119,85,83,57,121,120,21,126" hai2="124,135,5,67,127,102,50,94,89,96,10,111,133" hai3="130,19,68,30,105,131,12,75,84,18,51,58,92"/><T91/><D125/><N who="2" m="48202" /><F67/><W113/><G75/><T0/><D76/><U24/><E3/><V43/><F50/><W79/><G105/><T77/><D77/><U66/><E108/><V74/><F10/><W4/><G68/><T103/><D132/><N who="2" m="50762" /><F5/><W86/><G113/><T31/><D91/><U123/><E119/><V70/><F70/><W25/><G51/><T38/><D46/><U17/><E126/><V101/><F43/><W107/><G58/><T22/><D22/><U48/><E95/><V62/><F62/><W118/><G92/><N who="0" m="58823" /><D14/><U110/><E110/><V56/><F56/><W15/><G15/><T128/><D128/><U69/><E69/><V2/><F2/><W16/><G12/><T9/><D9/><U104/><E104/><V61/><F61/><W45/><G107/><T109/><D109/><U117/><E117/><V82/><F111/><W93/><G118/><T8/><D8/><U27/><E66/><V78/><AGARI ba="0,0" hai="74,78,82,89,94,96,101,102" m="50762,48202" machi="78" ten="40,8000,1" yaku="18,1,20,1,34,2" doraHai="71" who="2" fromWho="2" sc="250,-40,250,-20,250,80,250,-20" /><INIT seed="1,0,0,5,2,24" ten="210,230,330,230" oya="1" hai0="100,113,64,63,110,36,25,54,114,43,3,81,118" hai1="39,28,131,82,133,35,16,31,59,117,89,7,77" hai2="102,108,38,26,71,78,2,0,128,73,75,85,6" hai3="57,105,94,33,72,130,95,101,1,107,86,119,76"/><U126/><E117/><V98/><F71/><W4/><G57/><T134/><D3/><U111/><E35/><V80/><F0/><W83/><G4/><T68/><D25/><U58/><E39/><V23/><F38/><W10/><G10/><T45/><D81/><U27/><E126/><V116/><F116/><W55/><G55/><T44/><D100/><U37/><E37/><V50/><F128/><W56/><G56/><N who="0" m="35223" /><D118/><U109/><E131/><V8/><F50/><W11/><G11/><T9/><D9/><U61/><E133/><V48/><F48/><W17/><G17/><T120/><D134/><U41/><E41/><V53/><F53/><W92/><G1/><T22/><D22/><N who="1" m="13767" /><E7/><V135/><F135/><W19/><G19/><T18/><D18/><U52/><E89/><V125/><F125/><W87/><G33/><T97/><D97/><U20/><E20/><V129/><F129/><W69/><G69/><T5/><D5/><U42/><E42/><V123/><F123/><W46/><G46/><N who="0" m="23911" /><D120/><U40/><E59/><V62/><F62/><W74/><G130/><T51/><D110/><N who="1" m="41995" /><E40/><V115/><F108/><W15/><G119/><T132/><D132/><U30/><E30/><V127/><F127/><W49/><G15/><T104/><D104/><N who="3" m="40009" /><G49/><T67/><D68/><U47/><E47/><N who="0" m="17993" /><D51/><U21/><E21/><V12/><F12/><W70/><G70/><T99/><D114/><U91/><E91/><V79/><F115/><W106/><N who="3" m="40017" /><W60/><DORA hai="34" /><G60/><T122/><D113/><U103/><E103/><V88/><F102/><W93/><G101/><RYUUKYOKU ba="0,0" sc="210,-15,230,15,330,-15,230,15" hai1="28,31,52,58,61,77,82" hai3="72,74,76,83,86,87,92,93,94,95" /><INIT seed="1,1,0,4,2,92" ten="195,245,315,245" oya="1" hai0="64,71,93,12,104,123,78,97,33,29,132,7,35" hai1="28,88,41,54,133,118,60,34,83,116,27,38,66" hai2="130,49,126,47,115,5,90,103,107,124,69,44,89" hai3="102,121,48,105,59,87,30,77,55,1,11,120,25"/><U51/><E133/><V6/><F69/><W9/><G1/><T135/><D104/><U40/><E40/><V70/><F70/><W57/><G105/><T112/><D112/><U84/><E38/><V94/><F115/><W127/><G102/><N who="0" m="60719" /><D78/><U18/><E41/><V119/><F119/><W65/><G127/><N who="2" m="48681" /><F89/><W100/><G100/><T106/><D106/><U24/><E18/><V110/><F130/><W122/><G87/><T108/><D29/><U13/><E13/><V109/><F103/><W32/><REACH who="3" step="1"/><G77/><REACH who="3" ten="195,245,315,235" step="2"/><T15/><D123/><U14/><E14/><N who="0" m="5161" /><D7/><N who="2" m="2570" /><F107/><W113/><G113/><T3/><D3/><U58/><REACH who="1" step="1"/><E24/><REACH who="1" ten="195,235,315,235" step="2"/><V23/><F110/><W37/><G37/><T76/><D132/><U114/><E114/><V80/><F109/><W95/><G95/><T19/><D135/><U2/><E2/><V73/><F94/><W42/><G42/><T4/><D108/><U20/><E20/><V74/><F23/><W68/><G68/><AGARI ba="1,2" hai="27,28,34,51,54,58,60,66,68,83,84,88,116,118" machi="68" ten="30,5800,0" yaku="1,1,7,1,54,1,53,0" doraHai="92" doraHaiUra="17" who="1" fromWho="3" sc="195,0,235,81,315,0,235,-61" /><INIT seed="1,2,0,0,5,112" ten="195,316,315,174" oya="1" hai0="21,90,99,131,63,33,81,77,132,100,124,91,35" hai1="47,95,97,23,44,88,75,50,116,110,1,39,68" hai2="70,114,5,48,10,64,104,22,0,43,122,74,94" hai3="65,93,129,130,54,134,15,105,66,36,82,14,101"/><U98/><E116/><V135/><F104/><W19/><G105/><N who="0" m="63647" /><D63/><U103/><E75/><V3/><F74/><W24/><G36/><T123/><D21/><U62/><E1/><V40/><F114/><W29/><G82/><T83/><D123/><U11/><E11/><V8/><F122/><W102/><G93/><T16/><D16/><U115/><E115/><V18/><F70/><W71/><G19/><T87/><D33/><U128/><E128/><V17/><F64/><W45/><G45/><T121/><D35/><U55/><E23/><V86/><F48/><W127/><G54/><T85/><D121/><U49/><E39/><V67/><F67/><W27/><G29/><T111/><D131/><U108/><E68/><V78/><F17/><W96/><G96/><T2/><D2/><U109/><E62/><V73/><F73/><W107/><G71/><T92/><D124/><U26/><E26/><V84/><F86/><W76/><G107/><T7/><D7/><U79/><E79/><V89/><F78/><W113/><G76/><N who="0" m="46247" /><D132/><U4/><E4/><V20/><F20/><W42/><G113/><T37/><D37/><U59/><REACH who="1" step="1"/><E49/><REACH who="1" ten="195,306,315,174" step="2"/><V56/><F135/><W53/><G134/><T52/><D77/><U126/><E126/><V60/><F8/><W117/><G127/><T119/><D119/><U57/><E57/><V61/><F3/><W12/><G117/><T58/><D58/><U125/><E125/><V41/><REACH who="2" step="1"/><F56/><REACH who="2" ten="195,306,305,174" step="2"/><W46/><G129/><T13/><D13/><AGARI ba="2,2" hai="0,5,10,13,18,22,40,41,43,60,61,84,89,94" machi="13" ten="40,2600,0" yaku="1,1,2,1,53,0" doraHai="112" doraHaiUra="106" who="2" fromWho="0" sc="195,-32,306,0,305,52,174,0" /><INIT seed="2,0,0,5,4,126" ten="163,306,357,174" oya="2" hai0="13,127,99,132,28,105,60,56,36,46,65,79,113" hai1="110,98,125,128,75,52,121,12,10,22,133,44,45" hai2="80,103,77,106,82,55,76,83,34,81,41,129,93" hai3="49,47,26,101,6,64,69,14,24,112,84,17,86"/><V87/><F34/><W71/><G112/><T108/><D113/><U61/><E121/><V53/><F41/><W35/><G6/><T88/><D108/><U131/><E110/><V85/><F55/><W89/><G101/><T58/><D127/><U117/><E125/><V4/><F4/><W124/><G124/><T120/><D120/><U9/><E117/><V39/><F39/><W134/><G134/><T57/><D132/><U25/><E133/><V97/><F53/><W23/><G71/><T42/><D79/><U123/><E123/><V114/><F114/><W51/><G35/><T91/><D28/><N who="1" m="17463" /><E75/><V115/><F115/><W116/><G116/><T31/><D31/><U72/><E72/><V16/><F16/><W0/><G0/><T94/><D105/><U109/><E109/><V50/><F50/><W100/><G100/><T66/><D66/><U68/><E98/><V111/><F111/><W63/><G86/><T135/><D135/><U78/><E78/><V7/><F7/><W74/><G74/><T29/><D29/><U70/><E70/><V104/><F129/><N who="1" m="49737" /><E10/><V62/><F62/><W15/><G63/><T73/><D73/><U18/><E52/><V119/><F119/><W67/><G69/><T107/><D107/><AGARI ba="0,0" hai="76,77,80,81,82,83,85,87,93,97,103,104,106,107" machi="107" ten="40,18000,2" yaku="9,1,35,6" doraHai="126" who="2" fromWho="0" sc="163,-180,306,0,357,180,174,0" owari="-17,-52.0,306,11.0,537,64.0,174,-23.0" /></mjloggm>