<mjloggm ver="2.3"><GO type="225" lobby="0"/><UN n0="%68%69%67%68%31%35%31%35" n1="%E4%B8%8A%E5%AE%B6%E9%B3%B4%E3%81%8B%E3%81%9B%E3%82%8D" n2="%E3%82%A6%E3%83%AB%E3%83%88%E3%83%A9%E7%AB%8B%E7%9B%B4" n3="%74%61%69%74%61%6B%65%37" dan="18,16,16,16" rate="2260.35,2099.94,2041.91,2153.94" sx="M,M,M,M"/><TAIKYOKU oya="0"/><INIT seed="0,0,0,5,1,58" ten="250,250,250,250" oya="0" hai0="94,0,72,39,110,121,133,37,43,10,135,22,49" hai1="128,26,52,77,48,116,23,9,109,87,51,62,15" hai2="1,34,12,24,55,106,117,42,112,68,66,59,32" hai3="134,76,38,63,65,18,84,99,13,35,89,93,20"/><T6/><D121/><U67/><E109/><V36/><F1/><W40/><G134/><N who="0" m="51211" /><D72/><U105/><E105/><V54/><F106/><W97/><G35/><T64/><D110/><U61/><E128/><V90/><F24/><W127/><G127/><T83/><D83/><N who="1" m="47599" /><E67/><V95/><F32/><W14/><G76/><T103/><D64/><U122/><E122/><V114/><F34/><W131/><G131/><T33/><D33/><U47/><E51/><V124/><F124/><W44/><REACH who="3" step="1"/><G14/><REACH who="3" ten="250,250,250,240" step="2"/><T108/><D108/><U70/><E116/><V115/><F117/><W28/><G28/><T29/><D29/><N who="1" m="17631" /><E70/><AGARI ba="0,1" hai="13,18,20,38,40,44,63,65,70,84,89,93,97,99" machi="70" ten="30,3900,0" yaku="1,1,7,1,52,1,53,0" doraHai="58" doraHaiUra="132" who="3" fromWho="1" sc="250,0,250,-39,250,0,240,49" /><INIT seed="1,0,0,4,3,103" ten="250,211,250,289" oya="1" hai0="90,74,21,86,31,26,39,80,69,41,58,30,35" hai1="111,49,17,18,37,65,70,32,55,56,99,71,42" hai2="113,38,4,106,119,0,120,61,84,10,82,87,63" hai3="19,20,131,97,101,98,118,78,117,102,28,126,94"/><U57/><E32/><V27/><F119/><W133/><G28/><T76/><D69/><U108/><E99/><V68/><F120/><W46/><G46/><T59/><D31/><U125/><E125/><V109/><F38/><W3/><G3/><T29/><D29/><U73/><E73/><V132/><F27/><W114/><G114/><T122/><D122/><U12/><E12/><V9/><F82/><W67/><G67/><T75/><D35/><U81/><E81/><V66/><F66/><W7/><G7/><T100/><D100/><U36/><E18/><V96/><F96/><W43/><G43/><T93/><D74/><U11/><E17/><V1/><F68/><N who="1" m="26153" /><E11/><V51/><F4/><W25/><G126/><T34/><D34/><U23/><E23/><V5/><F5/><W47/><G47/><T104/><D104/><U15/><E15/><V105/><F51/><W115/><G115/><T123/><D123/><U6/><E6/><V50/><F50/><W130/><G78/><T33/><D33/><U22/><E22/><V127/><F127/><W116/><REACH who="3" step="1"/><G133/><REACH who="3" ten="250,211,250,279" step="2"/><T134/><D134/><U89/><E42/><V54/><F132/><W8/><G8/><T95/><D76/><U72/><E72/><V79/><F79/><W110/><G110/><N who="1" m="42026" /><E89/><V91/><F109/><W14/><G14/><T24/><D75/><U88/><E88/><V129/><F91/><W52/><G52/><T124/><D124/><U77/><E77/><V16/><F54/><W2/><G2/><T40/><D40/><U64/><E64/><V62/><F0/><W92/><AGARI ba="0,1" hai="19,20,25,92,94,97,98,101,102,116,117,118,130,131" machi="92" ten="40,8000,1" yaku="1,1,5,1,0,1,9,1,12,1,53,0" doraHai="103" doraHaiUra="44" who="3" fromWho="3" sc="250,-20,211,-40,250,-20,279,90" /><INIT seed="2,0,0,3,5,74" ten="230,171,230,369" oya="2" hai0="110,20,46,4,115,120,72,39,24,62,83,15,5" hai1="18,71,35,42,66,34,48,26,43,102,96,122,59" hai2="30,117,14,114,92,9,76,11,69,73,107,21,36" hai3="86,54,80,121,27,16,63,130,91,44,127,112,106"/><V32/><F69/><W94/><G121/><T10/><D120/><U98/><E71/><V8/><F107/><W37/><G106/><T70/><D110/><U67/><E122/><V68/><F68/><W103/><G112/><T56/><D70/><U123/><E123/><V60/><F36/><W40/><G130/><T3/><D115/><U28/><E35/><V95/><F114/><W6/><G6/><T77/><D5/><U75/><E75/><V108/><F32/><W41/><G127/><T93/><D93/><N who="2" m="35914" /><F73/><W131/><G131/><T85/><D85/><U118/><E118/><V82/><F117/><W78/><G103/><T133/><D133/><U99/><E102/><V113/><F113/><W89/><G89/><T22/><D15/><U119/><E119/><V132/><F132/><W135/><G135/><T12/><D12/><U79/><E79/><V100/><F100/><W61/><G41/><N who="0" m="22847" /><D24/><U109/><E109/><V13/><F108/><W52/><G61/><T7/><D7/><U33/><E33/><V31/><F60/><W57/><G54/><AGARI ba="0,0" hai="3,4,10,20,22,54,56,62,72,77,83" m="22847" machi="54" ten="30,2000,0" yaku="25,1,52,1" doraHai="74" who="0" fromWho="3" sc="230,20,171,0,230,0,369,-20" /><INIT seed="3,0,0,1,4,94" ten="250,171,230,349" oya="3" hai0="88,116,60,127,102,99,76,16,98,27,125,12,5" hai1="117,85,91,7,25,118,106,72,67,84,63,92,51" hai2="130,134,87,97,48,35,17,52,135,121,38,30,133" hai3="128,1,34,86,46,23,89,114,39,129,82,3,75"/><W28/><G114/><T55/><D116/><U37/><E37/><V13/><F38/><W120/><G120/><T29/><D5/><U43/><E106/><V57/><F130/><N who="3" m="50283" /><G34/><N who="0" m="20799" /><D76/><U10/><E72/><V124/><F124/><N who="0" m="47690" /><D88/><U20/><E117/><V11/><F121/><W59/><G59/><N who="0" m="34943" /><D102/><U110/><E118/><V26/><F87/><W64/><G64/><T31/><D31/><U93/><E110/><V71/><F71/><W47/><G75/><T105/><D105/><U104/><E104/><V80/><F80/><W53/><G53/><T132/><D132/><U40/><E51/><V24/><F24/><N who="3" m="16415" /><G39/><T19/><D19/><U66/><E66/><V111/><F111/><W36/><G36/><T77/><D77/><U61/><E61/><V101/><F101/><W78/><G78/><T96/><D96/><AGARI ba="0,0" hai="11,13,17,26,30,35,48,52,57,96,97,133,134,135" machi="96" ten="40,8000,1" yaku="20,1,52,2,54,1" doraHai="94" who="2" fromWho="0" sc="250,-80,171,0,230,80,349,0" owari="170,-33.0,171,-23.0,310,11.0,349,45.0" /></mjloggm>