<mjloggm ver="2.3"><GO type="97" lobby="0"/><UN n0="%E3%81%84%E3%82%93%E3%81%B1%E3%82%89" n1="%E3%82%A6%E3%83%AB%E3%83%88%E3%83%A9%E7%AB%8B%E7%9B%B4" n2="%6B%61%73%68%65%6C%6C%79" n3="%6D%61%6A%6F%72%69%74%79" dan="13,15,15,13" rate="1922.87,2014.24,1910.90,1841.14" sx="M,M,M,M"/><TAIKYOKU oya="0"/><INIT seed="0,0,0,4,3,79" ten="250,250,250,250" oya="0" hai0="106,31,123,93,37,66,62,87,73,110,36,109,21" hai1="80,43,1,107,118,17,64,125,134,65,34,132,30" hai2="86,133,81,10,44,83,91,78,70,5,102,130,7" hai3="117,89,135,122,55,28,114,2,46,53,72,6,13"/><T111/><D123/><U116/><E107/><V100/><F70/><W74/><G122/><T29/><D106/><U131/><E1/><V20/><F130/><W121/><G121/><T19/><D73/><U38/><E30/><N who="0" m="11273" /><D93/><U98/><E34/><V56/><F133/><W126/><G135/><N who="1" m="51754" /><E43/><V48/><F56/><W101/><G74/><T59/><D87/><U108/><E38/><V23/><F100/><W49/><G101/><T4/><D4/><N who="2" m="1610" /><F10/><W9/><G6/><T120/><D120/><U96/><E131/><V0/><F102/><W113/><G113/><T127/><D127/><U129/><E17/><V75/><F75/><W67/><G126/><T50/><D50/><U16/><E16/><V32/><F32/><W8/><G49/><T82/><D82/><N who="2" m="31242" /><F78/><W12/><G72/><T25/><AGARI ba="0,0" hai="19,21,25,36,37,59,62,66,109,110,111" m="11273" machi="25" ten="40,3900,0" yaku="14,1,10,1" doraHai="79" who="0" fromWho="0" sc="250,39,250,-13,250,-13,250,-13" /><INIT seed="0,1,0,2,1,113" ten="289,237,237,237" oya="0" hai0="3,100,68,117,134,80,130,135,33,77,95,92,23" hai1="11,89,114,109,16,7,22,87,31,30,26,39,88" hai2="27,21,5,9,108,18,8,49,71,65,42,38,105" hai3="63,129,58,29,76,132,44,62,79,97,25,75,24"/><T101/><D117/><U28/><E39/><V60/><F105/><W72/><G132/><N who="0" m="50731" /><D130/><U1/><E114/><V55/><F108/><W56/><G129/><T127/><D127/><U35/><E109/><V121/><F5/><W83/><G44/><T40/><D68/><U45/><E45/><N who="2" m="23767" /><F121/><W67/><G97/><T32/><D3/><U66/><E66/><V17/><F17/><W85/><G76/><T15/><D40/><U128/><E128/><V12/><F12/><W74/><REACH who="3" step="1"/><G29/><REACH who="3" ten="289,237,237,227" step="2"/><T2/><D77/><U125/><E125/><V123/><F123/><W36/><G36/><T13/><D33/><U53/><E89/><V120/><F120/><W4/><G4/><T61/><D32/><U98/><E98/><V57/><AGARI ba="1,1" hai="8,9,18,21,27,49,55,57,60,65,71" m="23767" machi="57" ten="30,1100,0" yaku="24,1" doraHai="113" who="2" fromWho="2" sc="289,-6,237,-4,237,24,227,-4" /><INIT seed="1,0,0,3,4,107" ten="283,233,261,223" oya="1" hai0="67,17,70,9,121,114,11,34,120,48,44,39,35" hai1="41,25,8,6,53,29,84,54,103,68,95,135,37" hai2="117,97,55,64,5,105,125,134,92,36,51,19,96" hai3="12,1,40,90,89,82,3,74,86,132,60,27,46"/><U133/><E68/><V93/><F36/><W130/><G130/><T77/><D114/><U127/><E41/><V61/><F117/><W45/><G132/><N who="1" m="50762" /><E37/><V94/><F134/><W78/><G60/><N who="0" m="40295" /><D39/><U0/><E127/><V80/><F125/><W7/><G27/><T102/><D102/><U62/><E62/><V2/><F105/><W85/><G89/><T63/><D63/><U43/><E43/><V100/><F19/><W116/><G116/><T33/><D77/><U59/><E59/><V101/><F5/><W49/><G46/><T18/><D18/><U75/><E75/><V69/><F2/><W122/><G122/><N who="0" m="47211" /><D17/><U13/><E0/><V76/><F94/><W10/><G74/><T14/><D14/><U65/><E65/><V15/><F15/><W72/><REACH who="3" step="1"/><G72/><REACH who="3" ten="283,233,261,213" step="2"/><T111/><D111/><U71/><E71/><V24/><F24/><W73/><G73/><T23/><D44/><U31/><E31/><V30/><F30/><W109/><G109/><T56/><D56/><U88/><E103/><V123/><F61/><W58/><G58/><T98/><D35/><AGARI ba="0,1" hai="6,8,13,25,29,35,53,54,84,88,95" m="50762" machi="35" ten="30,2900,0" yaku="20,1,54,1" doraHai="107" who="1" fromWho="0" sc="283,-29,233,39,261,0,213,0" /><INIT seed="1,1,0,0,3,30" ten="254,272,261,213" oya="1" hai0="42,80,119,75,132,57,44,45,79,64,40,110,124" hai1="91,24,101,87,38,1,133,61,72,128,12,18,19" hai2="36,67,130,103,134,86,56,3,49,93,31,95,59" hai3="51,55,112,120,77,22,127,54,104,0,94,118,81"/><U115/><E1/><V5/><F36/><W74/><G112/><T20/><D119/><U129/><E72/><V63/><F130/><N who="1" m="50281" /><E38/><V84/><F134/><W111/><G120/><T4/><D132/><U15/><E101/><V100/><F3/><W97/><G104/><T13/><D124/><U43/><E43/><V11/><F31/><W85/><G127/><T46/><D110/><U71/><E115/><V122/><F122/><W82/><G111/><T6/><D20/><U17/><E24/><V108/><F108/><W53/><G0/><T98/><D98/><U107/><E107/><V123/><F123/><W88/><G118/><T126/><D126/><U89/><E89/><V99/><F103/><W32/><G22/><T7/><REACH who="0" step="1"/><D13/><REACH who="0" ten="244,272,261,213" step="2"/><U29/><E133/><V2/><F99/><W28/><G28/><T106/><D106/><U23/><E29/><V117/><F117/><W21/><G21/><T116/><D116/><U41/><E15/><V26/><F2/><W8/><G8/><T68/><D68/><U25/><E12/><V90/><F11/><W113/><G113/><T62/><AGARI ba="1,1" hai="4,6,7,40,42,44,45,46,57,62,64,75,79,80" machi="62" ten="40,2700,0" yaku="1,1,0,1,53,0" doraHai="30" doraHaiUra="66" who="0" fromWho="0" sc="244,40,272,-14,261,-8,213,-8" /><INIT seed="2,0,0,0,4,36" ten="284,258,253,205" oya="2" hai0="109,111,32,40,65,2,96,7,80,74,129,127,68" hai1="121,41,92,12,72,81,98,44,52,53,99,118,35" hai2="59,56,1,16,62,43,6,90,25,77,112,27,57" hai3="3,97,58,30,91,113,134,70,107,119,85,95,73"/><V116/><F112/><W33/><G70/><T103/><D129/><U108/><E35/><V117/><F77/><W19/><G3/><T64/><D127/><U123/><E118/><V47/><F116/><W89/><G119/><T82/><D32/><U31/><E31/><V63/><F117/><W125/><G125/><T46/><D74/><U5/><E99/><V54/><F90/><W8/><G113/><T126/><D126/><U11/><E108/><N who="0" m="41545" /><D68/><U135/><E135/><V106/><F106/><W17/><G134/><T67/><D2/><U20/><E20/><N who="2" m="13447" /><F1/><W9/><G73/><T114/><D114/><U83/><E72/><V122/><F6/><W29/><G107/><N who="0" m="63975" /><D7/><U49/><E121/><V61/><F122/><W48/><G33/><T120/><D120/><U88/><E123/><V66/><F27/><W28/><G58/><N who="2" m="22633" /><F66/><N who="0" m="16898" /><T101/><DORA hai="51" /><D101/><U94/><E94/><V100/><F100/><W93/><G95/><T50/><AGARI ba="0,0" hai="40,46,50,80,82" m="16898,63975,41545" machi="50" ten="40,2700,0" yaku="14,1,52,1" doraHai="36,51" who="0" fromWho="0" sc="284,27,258,-7,253,-13,205,-7" /><INIT seed="3,0,0,1,4,61" ten="311,251,240,198" oya="3" hai0="49,95,97,6,68,114,81,104,29,113,109,55,25" hai1="51,93,78,21,17,14,110,77,13,16,62,37,18" hai2="46,24,92,79,85,35,83,121,74,125,98,42,64" hai3="40,71,50,31,8,82,111,19,127,112,96,38,54"/><W131/><G112/><N who="0" m="43115" /><D109/><U69/><E37/><V70/><F125/><W86/><G127/><T44/><D68/><U101/><E110/><V90/><F121/><W117/><G111/><T129/><D129/><U4/><E4/><V5/><F5/><W41/><G117/><T99/><D6/><U52/><E18/><V9/><F9/><W115/><G71/><T23/><D104/><U75/><E75/><V22/><F35/><W133/><G115/><T84/><D95/><U126/><E126/><V76/><F64/><W12/><G131/><T39/><D39/><U88/><E101/><V11/><F70/><W32/><G133/><T33/><D33/><U106/><E62/><V26/><F11/><W87/><G38/><T34/><D34/><U65/><E65/><V59/><F59/><N who="3" m="33239" /><G32/><T105/><D105/><U47/><E106/><V123/><F123/><W36/><G36/><T66/><D66/><U89/><E69/><V108/><F108/><W122/><G122/><T3/><D3/><U0/><E0/><V58/><F58/><W48/><G31/><T7/><D7/><U80/><E80/><V1/><F1/><W132/><G132/><T94/><D94/><U134/><E134/><V45/><F74/><W57/><G96/><T43/><D43/><N who="3" m="16457" /><G82/><T2/><D2/><U27/><E27/><V100/><F26/><W10/><G10/><T20/><D20/><N who="1" m="11279" /><E93/><V119/><F119/><W63/><G48/><T135/><D135/><U103/><E103/><V120/><F120/><W102/><G102/><T107/><D107/><U30/><E30/><N who="2" m="17687" /><F42/><W130/><G130/><RYUUKYOKU ba="0,0" sc="311,0,251,0,240,0,198,0" hai0="23,25,29,44,49,55,81,84,97,99" hai1="14,17,21,47,51,52,77,78,88,89" hai2="45,46,76,79,83,85,90,92,98,100" hai3="8,12,19,57,63,86,87" /><INIT seed="3,1,0,5,3,89" ten="311,251,240,198" oya="3" hai0="74,102,7,87,44,45,94,96,93,5,82,70,14" hai1="103,28,54,3,99,113,101,123,110,38,48,64,132" hai2="86,37,83,15,116,66,23,55,43,120,126,35,77" hai3="80,2,27,131,31,92,10,69,118,52,46,30,122"/><W73/><G118/><T130/><D70/><U100/><E38/><V18/><F35/><W115/><G122/><T111/><D74/><U85/><E3/><V49/><F116/><W32/><G115/><T21/><D130/><U20/><E123/><V104/><F104/><W71/><G131/><T33/><D33/><U81/><E64/><V4/><F120/><W57/><G31/><T56/><D111/><U106/><E110/><V68/><F126/><W47/><G92/><N who="0" m="58631" /><D56/><U88/><E132/><V105/><F105/><W114/><G114/><T8/><D21/><U1/><E1/><V76/><F37/><W117/><G117/><T26/><D26/><U129/><E129/><V121/><F121/><W97/><G97/><T107/><D107/><U134/><E134/><V79/><F43/><W127/><G127/><T62/><D62/><U12/><E113/><V119/><F119/><W25/><G25/><T60/><D60/><U67/><E67/><V91/><F68/><W41/><G47/><N who="0" m="17995" /><D7/><U42/><E42/><V13/><F66/><W11/><G69/><T125/><D125/><U29/><E106/><V128/><F128/><W22/><G71/><T39/><D39/><U124/><E124/><V63/><F63/><N who="3" m="36263" /><G32/><T34/><D34/><U61/><E61/><V109/><F109/><W59/><G59/><T98/><D98/><U40/><E99/><V112/><F112/><W78/><G2/><T53/><D53/><U135/><E135/><V90/><F13/><W65/><G65/><T75/><D75/><U6/><E40/><V72/><F72/><W108/><G108/><RYUUKYOKU ba="1,0" sc="311,15,251,-15,240,-15,198,15" hai0="5,8,14,82,87,93,94" hai3="10,11,22,27,30,41,46,73,78,80" /><INIT seed="3,2,0,4,4,24" ten="326,236,225,213" oya="3" hai0="21,109,35,105,90,100,82,22,32,72,40,121,36" hai1="119,58,83,7,97,79,78,3,63,129,118,53,112" hai2="42,110,88,13,10,116,65,57,108,9,52,20,132" hai3="80,50,60,47,89,85,98,74,120,68,124,130,54"/><W0/><G120/><T101/><D121/><U123/><E123/><V103/><F116/><N who="1" m="44585" /><E112/><V48/><F103/><W75/><G0/><T126/><D101/><U114/><E114/><V77/><F77/><W56/><G130/><T117/><D117/><U61/><E129/><V5/><F132/><W107/><G124/><T87/><D126/><U69/><E97/><V71/><F42/><W111/><G111/><N who="2" m="42537" /><F20/><W34/><G34/><T102/><D109/><U66/><E83/><V67/><F71/><W76/><G68/><T128/><D128/><U11/><AGARI ba="2,0" hai="3,7,11,53,58,61,63,66,69,78,79" m="44585" machi="11" ten="30,1100,0" yaku="12,1" doraHai="24" who="1" fromWho="1" sc="326,-5,236,17,225,-5,213,-7" owari="321,42.0,253,5.0,220,-18.0,206,-29.0" /></mjloggm>