<mjloggm ver="2.3"><GO type="97" lobby="0"/><UN n0="%E3%82%A4%E3%83%83%E3%83%9D%E3%83%B3" n1="%E3%82%A6%E3%83%AB%E3%83%88%E3%83%A9%E7%AB%8B%E7%9B%B4" n2="%E6%B6%85%E7%9C%A0" n3="%E3%81%AC%E3%81%93%E5%85%83%E6%B0%97" dan="14,15,14,14" rate="1966.16,1984.17,1904.69,1989.89" sx="M,M,M,M"/><TAIKYOKU oya="0"/><INIT seed="0,0,0,3,5,78" ten="250,250,250,250" oya="0" hai0="99,127,50,42,84,76,65,32,63,43,51,7,81" hai1="114,54,28,124,102,34,88,89,37,57,98,17,12" hai2="126,96,14,83,64,59,109,73,68,119,44,23,1" hai3="101,40,133,80,74,62,113,94,66,130,107,13,55"/><T36/><D32/><U60/><E37/><V128/><F119/><W104/><G113/><T112/><D112/><U118/><E118/><V2/><F128/><W121/><G40/><T82/><D127/><U86/><E124/><V70/><F126/><W91/><G130/><T30/><D30/><U135/><E114/><V22/><F109/><W25/><G133/><T18/><D36/><U10/><E135/><V108/><F108/><W69/><G25/><T3/><D3/><U123/><E123/><V120/><F120/><W4/><G101/><T58/><D7/><U77/><E28/><V6/><F70/><W75/><G75/><T46/><D99/><U122/><E34/><V85/><F73/><W52/><G104/><T0/><D0/><U5/><E122/><V117/><F117/><W72/><G72/><T47/><D18/><U87/><E17/><V38/><F68/><W61/><G107/><T103/><D103/><U21/><E21/><V26/><F2/><W92/><G92/><T93/><D93/><N who="1" m="58703" /><E87/><V19/><F1/><W35/><G35/><T131/><D131/><U100/><E100/><V105/><F105/><W8/><G62/><T16/><D16/><U71/><E71/><V27/><F38/><W116/><G116/><T29/><D29/><U90/><E77/><V115/><F115/><W134/><G134/><T67/><D67/><U45/><E45/><V79/><F6/><W39/><G39/><T31/><D31/><U20/><E20/><V111/><F111/><W15/><G69/><T110/><D110/><U95/><AGARI ba="0,0" hai="5,10,12,54,57,60,86,88,89,90,95" m="58703" machi="95" ten="30,2000,0" yaku="8,1,54,1" doraHai="78" who="1" fromWho="1" sc="250,-10,250,20,250,-5,250,-5" /><INIT seed="1,0,0,0,5,41" ten="240,270,245,245" oya="1" hai0="35,60,73,47,121,31,1,134,89,24,105,107,81" hai1="63,75,87,0,58,54,6,106,14,30,127,122,102" hai2="93,28,32,37,82,40,45,77,120,133,85,12,3" hai3="52,111,99,46,17,116,94,65,50,123,100,39,51"/><U103/><E75/><V117/><F120/><W2/><G123/><T7/><D134/><U22/><E0/><V79/><F133/><W113/><G39/><T5/><D5/><U84/><E122/><V18/><F117/><W98/><G113/><T80/><D80/><U101/><E106/><V108/><F3/><W112/><G112/><T91/><D121/><U53/><E127/><V131/><F131/><W96/><G2/><T119/><D119/><U110/><E110/><V36/><F108/><W104/><G111/><T49/><D60/><U135/><E135/><V74/><F93/><W59/><G116/><T90/><D1/><U4/><E4/><V115/><F115/><W86/><G65/><T124/><D7/><U69/><E69/><V114/><F114/><W33/><G33/><T25/><D124/><U78/><E78/><V10/><F37/><W126/><G126/><T44/><D49/><U132/><E132/><V88/><REACH who="2" step="1"/><F74/><REACH who="2" ten="240,270,235,245" step="2"/><W20/><G104/><T83/><D73/><U19/><E87/><V68/><F68/><W67/><G86/><T95/><D95/><U97/><E84/><V42/><F42/><N who="3" m="24919" /><G67/><T11/><D105/><U43/><E43/><V56/><F56/><W9/><G9/><T92/><D107/><U64/><E97/><V71/><F71/><W27/><AGARI ba="0,1" hai="17,20,27,51,52,59,94,96,98,99,100" m="24919" machi="27" ten="30,4000,0" yaku="8,1,52,1,54,1" doraHai="41" who="3" fromWho="3" sc="240,-10,270,-20,235,-10,245,50" /><INIT seed="2,0,0,3,2,40" ten="230,250,225,295" oya="2" hai0="125,14,131,126,21,127,6,109,85,121,10,65,94" hai1="108,100,18,98,68,30,17,4,129,37,90,19,60" hai2="62,23,97,133,102,73,96,16,89,134,28,111,118" hai3="72,87,82,35,5,124,71,63,75,115,119,33,84"/><V99/><F118/><W83/><G119/><T29/><D121/><U104/><E4/><V7/><F111/><W106/><G124/><T116/><D109/><U58/><E90/><V49/><F7/><W51/><G106/><T45/><D116/><U86/><E86/><V20/><F73/><W92/><G92/><T120/><D120/><U22/><E37/><V122/><F122/><W103/><G103/><T128/><D65/><U24/><E108/><V50/><F89/><W52/><G5/><T13/><D85/><U91/><E91/><V132/><F62/><W101/><G101/><T80/><D80/><U26/><E68/><V54/><F102/><W41/><G41/><T48/><D94/><U74/><E74/><V69/><F69/><W0/><G0/><N who="0" m="327" /><D29/><U113/><E113/><V123/><F123/><W81/><G115/><T11/><D21/><N who="2" m="8266" /><F28/><W32/><G84/><T34/><D34/><U43/><E26/><V77/><F77/><W117/><G87/><T130/><D11/><U88/><E22/><V55/><F16/><W42/><G42/><AGARI ba="0,0" hai="13,14,42,45,48,125,126,127,128,130,131" m="327" machi="42" ten="40,5200,0" yaku="18,1,19,1,52,1" doraHai="40" who="0" fromWho="3" sc="230,52,250,0,225,0,295,-52" /><INIT seed="3,0,0,5,3,16" ten="282,250,225,243" oya="3" hai0="120,5,14,42,122,49,131,63,119,90,108,123,31" hai1="20,27,55,44,70,12,0,56,96,6,112,126,103" hai2="134,93,135,73,11,17,88,62,19,97,54,9,53" hai3="87,81,84,82,66,127,29,129,74,106,33,130,18"/><W25/><G127/><T34/><D119/><U47/><E70/><V50/><F73/><W59/><G106/><T99/><D131/><N who="3" m="50185" /><G18/><T39/><D39/><U114/><E0/><V91/><F19/><W77/><G82/><T13/><D108/><U109/><E109/><V78/><F78/><W92/><G92/><T98/><D63/><AGARI ba="0,0" hai="25,29,33,59,63,66,74,77,81,84,87" m="50185" machi="63" ten="30,1500,0" yaku="19,1" doraHai="16" who="3" fromWho="0" sc="282,-15,250,0,225,0,243,15" /><INIT seed="3,1,0,2,4,127" ten="267,250,225,258" oya="3" hai0="85,118,83,14,114,78,81,59,56,126,17,100,34" hai1="29,120,30,35,45,7,133,50,122,104,128,13,51" hai2="92,57,37,18,69,55,95,22,125,38,12,101,112" hai3="32,103,131,86,6,107,89,28,31,62,115,124,24"/><W44/><G115/><T105/><D34/><U40/><E104/><V26/><F112/><W36/><G124/><T25/><D118/><U70/><E70/><V121/><F125/><W123/><G123/><T134/><D25/><U2/><E2/><V53/><F69/><W1/><G31/><T60/><D126/><U16/><E7/><V33/><F121/><W106/><G131/><T109/><D109/><U97/><E30/><V99/><F95/><W73/><G73/><T19/><D134/><U84/><E97/><V52/><F57/><W43/><G103/><T94/><D114/><U79/><E133/><V64/><F64/><W82/><REACH who="3" step="1"/><G62/><REACH who="3" ten="267,250,225,248" step="2"/><T21/><D60/><U49/><E29/><V74/><F74/><W77/><G77/><T75/><D105/><U48/><E120/><V9/><REACH who="2" step="1"/><F33/><REACH who="2" ten="267,250,215,248" step="2"/><W88/><G88/><T130/><D130/><U11/><E35/><V93/><F93/><W96/><G96/><T67/><D94/><U108/><E128/><V90/><F90/><W39/><G39/><T47/><D100/><U63/><E122/><V41/><F41/><W113/><G113/><T58/><D67/><U61/><E108/><V10/><F10/><AGARI ba="1,2" hai="1,6,10,24,28,32,36,43,44,82,86,89,106,107" machi="10" ten="40,3900,0" yaku="1,1,53,1" doraHai="127" doraHaiUra="76" who="3" fromWho="2" sc="267,0,250,0,215,-42,248,62" owari="267,7.0,250,-15.0,173,-33.0,310,41.0" /></mjloggm>