<mjloggm ver="2.3"><GO type="97" lobby="0"/><UN n0="%E3%82%A6%E3%83%AB%E3%83%88%E3%83%A9%E7%AB%8B%E7%9B%B4" n1="%28%2A%EF%BF%A3%E2%88%80%EF%BF%A3%29%E3%83%8E" n2="%E6%9F%8A%E3%81%AE%E5%A6%B9" n3="%E8%8C%A8%E3%81%AE%E9%81%93" dan="15,13,14,15" rate="2048.40,1899.98,1966.29,1962.63" sx="M,F,M,M"/><TAIKYOKU oya="0"/><INIT seed="0,0,0,3,0,28" ten="250,250,250,250" oya="0" hai0="88,4,98,22,61,118,10,115,8,103,130,135,31" hai1="52,77,12,113,50,53,82,0,6,55,17,123,26" hai2="64,59,39,110,33,108,72,96,3,91,37,44,122" hai3="58,87,128,35,41,49,76,95,127,54,27,66,121"/><T67/><D118/><U124/><E123/><V68/><F122/><W38/><G121/><T2/><D115/><U29/><E113/><V111/><F72/><W129/><G66/><T23/><D130/><N who="3" m="50281" /><G127/><T20/><D135/><U90/><E124/><V74/><F74/><W7/><G7/><T102/><D10/><U14/><E90/><V43/><F3/><W16/><G41/><T78/><D78/><U47/><E0/><V9/><F9/><W94/><G38/><T81/><D31/><U84/><E6/><V70/><F37/><W80/><G35/><T25/><D25/><U107/><E107/><V42/><F33/><W133/><G133/><T117/><D117/><U18/><E14/><V46/><F91/><W56/><G56/><T114/><D114/><U97/><E97/><V48/><F96/><W11/><G11/><T131/><D131/><U119/><E119/><V45/><F45/><W104/><G104/><T19/><D19/><U106/><E106/><V62/><AGARI ba="0,0" hai="39,42,43,44,46,48,59,62,64,68,70,108,110,111" machi="62" ten="40,8000,1" yaku="0,1,14,1,34,3" doraHai="28" who="2" fromWho="2" sc="250,-40,250,-20,250,80,250,-20" /><INIT seed="1,0,0,1,3,102" ten="210,230,330,230" oya="1" hai0="36,74,83,28,103,91,69,14,111,127,44,46,70" hai1="51,62,0,116,29,118,112,96,35,47,21,93,32" hai2="97,113,22,23,99,27,60,117,37,132,5,98,76" hai3="126,79,67,95,3,131,1,50,19,55,100,128,123"/><U86/><E112/><V17/><F117/><W61/><G123/><T63/><D28/><U34/><E0/><V101/><F37/><W122/><G122/><T82/><D103/><U30/><E86/><V26/><F132/><W43/><G43/><T45/><D36/><U9/><E9/><V89/><F113/><W7/><G79/><T129/><D74/><U4/><E4/><V48/><F76/><W33/><G33/><T57/><D14/><U135/><E135/><V77/><F77/><W105/><G95/><T84/><D83/><U6/><E6/><V104/><F5/><W2/><G19/><T106/><D106/><U88/><E30/><V73/><F73/><W40/><G40/><T80/><D80/><U38/><E38/><V59/><F48/><W134/><G134/><T42/><D42/><U66/><E29/><V58/><F60/><W16/><G16/><T15/><D15/><U108/><E21/><V92/><F98/><N who="3" m="61591" /><G7/><T107/><D107/><U120/><E120/><V41/><F41/><W56/><G126/><T31/><D127/><U115/><E115/><V24/><REACH who="2" step="1"/><F22/><REACH who="2" ten="210,230,320,230" step="2"/><W94/><G50/><T78/><D78/><U13/><E118/><V20/><F20/><W110/><G1/><T125/><D125/><U65/><E116/><V109/><F109/><W12/><G110/><T18/><D111/><U121/><E108/><V85/><F85/><W87/><G2/><T53/><D63/><U133/><E133/><V71/><F71/><N who="3" m="42479" /><G3/><T68/><D68/><U39/><E121/><V114/><F114/><W11/><G87/><N who="0" m="50679" /><D70/><U8/><E39/><RYUUKYOKU ba="0,1" sc="210,-10,230,-10,320,30,230,-10" hai2="17,23,24,26,27,58,59,89,92,97,99,101,104" /><INIT seed="2,1,1,5,2,118" ten="200,220,350,220" oya="2" hai0="99,83,65,44,113,40,96,21,48,4,45,20,50" hai1="14,97,28,18,0,107,128,2,126,130,94,24,60" hai2="1,89,135,55,12,49,53,54,33,41,112,129,27" hai3="110,58,52,85,61,115,25,104,68,35,11,74,26"/><V93/><F112/><W79/><G115/><T7/><D65/><U16/><E60/><V38/><F1/><N who="1" m="617" /><E107/><V32/><F38/><W100/><G74/><T29/><D113/><U116/><E116/><V76/><F76/><W9/><G68/><T15/><D83/><U37/><E37/><V66/><F66/><W75/><G75/><T88/><D29/><U70/><E70/><V67/><F67/><W87/><G35/><T56/><D56/><U86/><E86/><N who="3" m="32778" /><G104/><T57/><D57/><U34/><E126/><V114/><F114/><W124/><G124/><T80/><D80/><U95/><E97/><N who="0" m="37449" /><D88/><U105/><E105/><V73/><F73/><W43/><G79/><T131/><D131/><N who="1" m="50219" /><E18/><V109/><F129/><W90/><G90/><T134/><D134/><U119/><E119/><V8/><F49/><W62/><G62/><T106/><D106/><U10/><AGARI ba="1,1" hai="10,14,16,24,28,34,94,95" m="50219,617" machi="10" ten="30,2000,0" yaku="19,1,54,1" doraHai="118" who="1" fromWho="1" sc="200,-6,220,33,350,-11,220,-6" /><INIT seed="3,0,0,5,3,37" ten="194,253,339,214" oya="3" hai0="54,5,0,121,24,84,89,122,103,109,29,48,27" hai1="132,87,43,125,17,128,68,32,31,78,34,2,66" hai2="60,46,93,67,111,72,123,113,114,75,40,1,45" hai3="52,6,119,51,102,120,8,38,22,97,91,61,79"/><W116/><G120/><T100/><D109/><U131/><E2/><V53/><F111/><W18/><G38/><T92/><D121/><U10/><E125/><V15/><F1/><W47/><G79/><T42/><D122/><U130/><E31/><V127/><F127/><W101/><G91/><T50/><D5/><U30/><E30/><V13/><F123/><W59/><G8/><T82/><D0/><U21/><E10/><V35/><F35/><W58/><G58/><N who="0" m="33095" /><D29/><U33/><E132/><V106/><F106/><W25/><G6/><T57/><D57/><U9/><E9/><V115/><F53/><W99/><G102/><N who="0" m="38955" /><D92/><U83/><E66/><V7/><F7/><W98/><REACH who="3" step="1"/><G101/><REACH who="3" ten="194,253,339,204" step="2"/><T44/><AGARI ba="0,1" hai="24,27,42,44,50,82,84,89" m="38955,33095" machi="44" ten="30,2000,0" yaku="8,1,52,1" doraHai="37" who="0" fromWho="0" sc="194,30,253,-5,339,-5,204,-10" owari="224,-18.0,248,5.0,334,44.0,194,-31.0" /></mjloggm>