<mjloggm ver="2.3"><GO type="97" lobby="0"/><UN n0="%62%65%6C%6C%61%67%69%6F" n1="%E3%82%A6%E3%83%AB%E3%83%88%E3%83%A9%E7%AB%8B%E7%9B%B4" n2="%E6%A3%AE%E3%81%AE%E3%83%86%E3%82%B0%E3%83%BC" n3="%6E%69%6E%6F%6B%75%6E" dan="13,15,13,13" rate="1891.19,1935.65,1929.76,1869.24" sx="M,M,M,M"/><TAIKYOKU oya="0"/><INIT seed="0,0,0,1,0,81" ten="250,250,250,250" oya="0" hai0="21,67,106,62,19,50,9,64,108,25,90,73,94" hai1="113,91,80,0,38,29,74,98,59,92,60,37,18" hai2="104,117,48,42,24,23,105,78,134,41,111,32,110" hai3="118,27,13,58,52,46,69,45,57,7,36,85,132"/><T53/><D73/><U33/><E0/><V66/><F66/><W35/><G118/><T125/><D106/><U112/><E29/><V68/><F68/><W123/><G69/><T86/><D125/><U126/><E33/><V2/><F2/><W63/><G123/><T124/><D124/><U31/><E31/><V28/><F32/><W127/><G127/><T65/><D108/><N who="2" m="41514" /><F117/><W130/><G132/><T49/><D9/><U101/><E18/><V72/><F134/><W14/><G130/><T83/><D83/><U93/><E126/><V107/><F48/><W56/><G36/><T114/><D114/><N who="1" m="44139" /><E80/><AGARI ba="0,0" hai="23,24,28,41,42,72,78,80,104,105,107" m="41514" machi="80" ten="40,1300,0" yaku="14,1" doraHai="81" who="2" fromWho="1" sc="250,0,250,-13,250,13,250,0" /><INIT seed="1,0,0,2,1,69" ten="250,237,263,250" oya="1" hai0="30,34,45,13,19,101,48,61,120,82,11,25,38" hai1="72,131,85,80,3,119,21,96,0,79,44,105,23" hai2="15,66,111,112,65,81,49,127,76,71,47,132,94" hai3="52,109,135,14,88,129,17,108,75,28,74,18,37"/><U20/><E131/><V121/><F111/><W2/><G129/><T115/><D115/><U50/><E119/><V84/><F121/><W60/><G2/><T110/><D110/><N who="3" m="42601" /><G28/><T39/><D120/><U5/><E5/><V22/><F112/><W97/><G37/><T29/><D101/><U93/><E105/><V7/><F132/><W63/><G135/><T103/><D103/><U118/><E118/><V58/><F127/><W83/><G63/><T56/><D82/><U8/><E72/><N who="3" m="27690" /><G14/><T1/><D30/><U102/><REACH who="1" step="1"/><E8/><REACH who="1" ten="250,227,263,250" step="2"/><N who="2" m="4511" /><F71/><W122/><G122/><T51/><D1/><U67/><E67/><V26/><F65/><W86/><G97/><T10/><D10/><U40/><AGARI ba="0,1" hai="0,3,20,21,23,40,44,50,79,80,85,93,96,102" machi="40" ten="30,3000,0" yaku="1,1,0,1,53,0" doraHai="69" doraHaiUra="106" who="1" fromWho="1" sc="250,-10,227,40,263,-10,250,-10" /><INIT seed="1,1,0,2,3,104" ten="240,267,253,240" oya="1" hai0="15,11,66,53,105,63,39,62,74,54,3,124,88" hai1="12,127,43,40,120,69,37,26,100,45,68,19,34" hai2="91,28,70,9,133,29,7,113,75,42,123,98,55" hai3="18,84,117,36,107,112,83,114,121,67,50,126,71"/><U110/><E120/><V16/><F70/><W89/><G121/><T85/><D3/><U49/><E127/><V13/><F42/><W41/><G126/><T116/><D105/><U61/><E110/><V99/><F123/><W119/><G107/><T17/><D124/><U22/><E100/><V111/><F111/><W60/><G36/><T47/><D116/><N who="3" m="44617" /><G18/><T76/><D53/><U92/><E34/><V115/><F133/><W94/><G94/><T77/><D74/><U56/><E92/><V122/><F55/><W25/><G25/><T52/><D39/><U96/><E96/><V57/><F57/><W8/><G8/><T90/><D90/><U103/><E103/><V86/><F75/><W128/><G128/><T132/><D132/><U81/><E81/><V5/><F5/><W59/><G59/><T65/><D65/><U32/><E37/><V97/><F122/><W48/><G48/><N who="0" m="28703" /><D54/><U31/><E43/><V10/><F86/><W20/><G20/><T93/><D66/><AGARI ba="1,0" hai="12,19,22,26,31,32,40,45,49,56,61,66,68,69" machi="66" ten="30,1500,0" yaku="7,1" doraHai="104" who="1" fromWho="0" sc="240,-18,267,18,253,0,240,0" /><INIT seed="1,2,0,4,0,86" ten="222,285,253,240" oya="1" hai0="87,121,60,73,85,100,104,125,82,38,18,20,7" hai1="17,120,26,62,111,93,108,37,41,49,91,71,77" hai2="88,66,31,50,115,89,118,64,116,39,83,102,9" hai3="84,101,81,24,67,110,128,96,103,35,21,30,132"/><U42/><E77/><V6/><F39/><W27/><G110/><N who="1" m="42026" /><E37/><V10/><F31/><W61/><G128/><T51/><D38/><U63/><E120/><V76/><F102/><W65/><G132/><T12/><D125/><U135/><E135/><V124/><F124/><W47/><G47/><T54/><D73/><U130/><E130/><V4/><F50/><W48/><G48/><T70/><D121/><U92/><E92/><V57/><F57/><W52/><G103/><T119/><D119/><U15/><E26/><V45/><F45/><W122/><G122/><T113/><D113/><U69/><E49/><V68/><F83/><W14/><G14/><T107/><D87/><N who="1" m="52479" /><E69/><V127/><F76/><W106/><G27/><T23/><D100/><U112/><E112/><V25/><F127/><W44/><G35/><T53/><D70/><U80/><E80/><V1/><F25/><W46/><G46/><T55/><D60/><N who="1" m="23083" /><E71/><V28/><F68/><W59/><G44/><T3/><D51/><U29/><E29/><V126/><F126/><W0/><G0/><T114/><D114/><U90/><E90/><AGARI ba="2,0" hai="21,24,30,52,59,61,65,67,81,84,90,96,101,106" machi="90" ten="30,3900,0" yaku="7,1,52,1,54,1" doraHai="86" who="3" fromWho="1" sc="222,0,285,-45,253,0,240,45" /><INIT seed="2,0,0,1,1,131" ten="222,240,253,285" oya="2" hai0="8,43,122,77,100,27,58,44,40,102,117,30,63" hai1="130,70,128,38,16,123,62,6,111,95,55,107,2" hai2="32,69,9,125,52,89,49,134,127,126,66,23,7" hai3="112,90,98,129,133,22,82,12,106,41,42,74,121"/><V36/><F36/><W5/><G121/><T26/><D122/><U109/><E107/><V47/><F32/><W15/><G112/><T61/><D117/><U118/><E38/><V113/><F113/><W60/><G133/><T93/><D77/><U28/><E28/><V4/><F134/><W114/><G129/><N who="1" m="49770" /><E6/><V116/><F116/><W75/><G114/><T35/><D8/><U31/><E31/><V53/><F23/><W104/><G60/><T110/><D110/><N who="1" m="41995" /><E2/><V115/><F115/><W135/><G135/><T39/><D43/><U85/><E123/><V72/><F72/><W88/><G98/><T99/><D26/><U92/><E118/><V94/><F53/><W97/><G97/><T76/><D76/><U79/><E85/><N who="2" m="52527" /><F9/><W65/><G82/><T0/><D0/><U50/><E79/><V101/><F101/><W51/><G51/><T124/><D124/><U34/><E34/><V80/><F80/><W71/><G5/><T17/><D17/><U108/><N who="1" m="42003" /><U10/><DORA hai="25" /><E62/><AGARI ba="0,0" hai="4,7,47,49,52,62,66,69,125,126,127" m="52527" machi="62" ten="30,2900,0" yaku="18,1,54,1" doraHai="131,25" who="2" fromWho="1" sc="222,0,240,-29,253,29,285,0" /><INIT seed="2,1,0,3,5,14" ten="222,211,282,285" oya="2" hai0="27,51,30,74,76,135,60,115,61,78,119,16,123" hai1="116,7,20,83,5,36,126,97,101,66,6,56,17" hai2="21,88,80,58,34,70,31,125,59,54,86,107,8" hai3="72,118,99,29,65,81,33,35,93,39,98,120,79"/><V89/><F70/><W92/><G120/><T22/><D123/><U46/><E116/><V18/><F107/><W64/><G118/><T23/><D119/><U63/><E126/><V50/><F125/><W68/><G68/><T95/><D115/><U24/><E83/><V104/><F104/><W9/><G9/><T47/><D74/><U49/><E36/><V96/><F34/><W122/><G39/><T37/><D37/><U90/><E90/><V32/><F32/><W114/><G122/><T129/><D129/><U25/><E25/><V84/><F31/><W13/><G13/><N who="0" m="9487" /><D95/><U19/><E20/><V62/><F96/><W3/><G3/><T52/><D135/><U4/><N who="1" m="1024" /><DORA hai="1" /><U0/><E24/><N who="2" m="14391" /><F8/><W100/><G114/><T75/><D75/><U12/><E12/><V113/><F113/><W40/><G40/><T108/><D108/><U87/><E87/><N who="2" m="33323" /><F80/><W44/><G44/><T57/><D61/><U53/><REACH who="1" step="1"/><E0/><REACH who="1" ten="222,201,282,285" step="2"/><V130/><F130/><W133/><G133/><T124/><D124/><U82/><E82/><V10/><F10/><W85/><G72/><T71/><D71/><U43/><E43/><AGARI ba="1,1" hai="23,27,30,43,47,51,52,57,60,76,78" m="9487" machi="43" ten="30,7700,0" yaku="8,1,52,1,54,2" doraHai="14,1" who="0" fromWho="1" sc="222,90,201,-80,282,0,285,0" /><INIT seed="3,0,0,1,4,59" ten="312,121,282,285" oya="3" hai0="33,117,103,82,86,107,15,5,17,47,35,78,11" hai1="112,89,6,108,115,44,18,29,31,54,128,39,88" hai2="25,8,26,113,99,133,119,110,134,129,19,12,40" hai3="63,64,51,7,121,28,100,37,13,69,81,14,0"/><W36/><G121/><T114/><D117/><U48/><E39/><V46/><F119/><W120/><G100/><T75/><D114/><U125/><E112/><V122/><F113/><W66/><G120/><T124/><D124/><U67/><E115/><V126/><F126/><W22/><G81/><T130/><D130/><U23/><E125/><V80/><F80/><W127/><G127/><T116/><D116/><U71/><E128/><V50/><F129/><W106/><G106/><T21/><D47/><U65/><E108/><V55/><F122/><W90/><G51/><T68/><D68/><U87/><E6/><V76/><F76/><W111/><G90/><T70/><D70/><U135/><E135/><V62/><F110/><W53/><G53/><T30/><D30/><U56/><E71/><V72/><F72/><W94/><G94/><T20/><D20/><U58/><E89/><V98/><F98/><W24/><G66/><T1/><REACH who="0" step="1"/><D86/><REACH who="0" ten="302,121,282,285" step="2"/><U49/><E58/><N who="2" m="35167" /><F99/><AGARI ba="0,1" hai="1,5,11,15,17,21,33,35,75,78,82,99,103,107" machi="99" ten="40,1300,0" yaku="1,1,53,0" doraHai="59" doraHaiUra="27" who="0" fromWho="2" sc="302,23,121,0,282,-13,285,0" owari="325,42.0,121,-38.0,269,-13.0,285,9.0" /></mjloggm>