<mjloggm ver="2.3"><GO type="41" lobby="0"/><UN n0="%E3%82%A6%E3%83%AB%E3%83%88%E3%83%A9%E7%AB%8B%E7%9B%B4" n1="%E3%88%B1%E3%81%9F%E3%82%8B%E3%81%9F%E3%82%8B" n2="%E3%81%AA%E3%81%A3%E3%81%A8%E3%81%86%E3%81%98%E3%82%83%E3%81%91" n3="%E3%82%B7%E3%83%A3%E3%83%A2%E3%82%A2%30%33%31%33" dan="16,14,14,13" rate="2016.03,1872.94,1838.20,2005.59" sx="M,M,M,M"/><TAIKYOKU oya="0"/><INIT seed="0,0,0,5,2,8" ten="250,250,250,250" oya="0" hai0="46,0,12,131,78,130,9,7,47,50,49,52,132" hai1="21,6,64,123,55,65,113,104,107,38,15,10,22" hai2="44,31,100,133,84,61,119,102,60,37,71,126,135" hai3="66,73,124,16,53,19,23,39,75,114,2,103,69"/><T59/><D132/><U83/><E123/><V115/><F115/><W67/><G114/><T18/><D78/><U28/><E113/><V79/><F126/><W99/><G124/><T90/><D90/><U117/><E117/><V81/><F119/><W42/><G2/><T86/><D86/><U20/><E28/><V72/><F31/><W32/><G19/><T93/><D93/><U82/><E38/><V56/><F71/><W27/><G53/><T116/><D116/><U68/><E68/><V110/><F110/><W40/><G39/><T57/><D57/><U97/><E107/><V74/><F56/><W129/><G129/><N who="0" m="49163" /><D50/><U122/><E122/><V11/><F11/><AGARI ba="0,0" hai="0,7,9,11,12,18,46,47,49,52,59" m="49163" machi="11" ten="30,5800,0" yaku="19,1,52,1,54,1" doraHai="8" who="0" fromWho="2" sc="250,58,250,0,250,-58,250,0" /><INIT seed="0,1,0,2,0,64" ten="308,250,192,250" oya="0" hai0="101,6,107,102,108,110,16,41,20,109,82,38,36" hai1="134,79,77,63,80,60,94,33,53,131,44,118,8" hai2="78,59,14,135,73,17,106,70,31,47,99,66,56" hai3="122,69,96,19,129,119,13,93,115,55,85,71,123"/><T51/><D6/><U87/><E118/><V35/><F135/><W121/><G119/><T32/><D32/><U84/><E134/><V130/><F130/><W11/><G115/><T21/><D21/><U4/><E33/><V81/><F47/><W1/><G129/><T34/><D34/><U27/><E131/><V24/><F17/><W49/><G85/><T98/><D101/><U54/><E27/><V58/><F14/><W128/><G1/><T39/><D82/><U3/><E94/><V88/><F66/><W50/><G128/><T25/><D51/><N who="3" m="19465" /><G55/><T89/><D89/><AGARI ba="1,0" hai="11,13,19,69,71,89,93,96,121,122,123" m="19465" machi="89" ten="30,3900,0" yaku="13,1,52,2" doraHai="64" who="3" fromWho="0" sc="308,-42,250,0,192,0,250,42" /><INIT seed="1,0,0,0,4,54" ten="266,250,192,292" oya="1" hai0="89,119,95,47,63,114,113,91,56,40,45,82,100" hai1="96,115,105,5,15,9,78,133,83,10,21,27,12" hai2="69,76,59,103,131,42,31,62,6,81,99,129,4" hai3="19,58,74,26,11,104,126,32,68,97,43,35,102"/><U85/><E115/><V14/><F42/><W30/><G126/><T28/><D119/><U93/><E133/><V37/><F37/><W77/><G35/><T0/><D0/><U116/><E105/><V122/><F122/><W80/><G43/><T108/><D108/><U57/><E116/><V73/><F31/><W111/><G111/><T1/><D1/><U25/><E21/><V8/><F69/><W34/><G34/><T22/><D47/><U109/><E109/><V52/><REACH who="2" step="1"/><F6/><REACH who="2" ten="266,250,182,292" step="2"/><W135/><G135/><T79/><D40/><U123/><E123/><V110/><F110/><W75/><G68/><T98/><D113/><U38/><E38/><V20/><F20/><W53/><G11/><T39/><D114/><U29/><E29/><V18/><F18/><W86/><REACH who="3" step="1"/><G19/><REACH who="3" ten="266,250,182,282" step="2"/><T65/><D39/><U61/><E10/><V16/><F16/><W7/><G7/><T84/><D45/><U92/><E12/><V134/><F134/><W44/><G44/><T50/><D22/><U88/><REACH who="1" step="1"/><E92/><AGARI ba="0,2" hai="4,8,14,52,59,62,73,76,81,92,99,103,129,131" machi="92" ten="40,8000,1" yaku="1,1,52,1,54,1,53,1" doraHai="54" doraHaiUra="48" who="2" fromWho="1" sc="266,0,250,-80,182,100,282,0" /><INIT seed="2,0,0,0,4,124" ten="266,170,282,282" oya="2" hai0="46,48,6,96,35,131,11,17,39,113,8,41,80" hai1="53,44,61,56,22,129,30,125,58,7,108,40,32" hai2="76,94,10,115,85,91,45,75,42,70,87,67,20" hai3="105,111,114,16,102,47,122,100,97,55,13,64,73"/><V99/><F115/><W38/><G122/><T23/><D35/><U110/><E125/><V1/><F20/><W109/><G114/><T72/><D113/><U121/><E32/><V14/><F1/><W63/><G73/><T43/><D96/><U3/><E7/><V54/><F54/><W112/><G112/><T15/><D41/><U49/><E3/><V36/><F76/><W119/><G119/><T130/><D48/><N who="1" m="26631" /><E22/><V128/><F128/><N who="0" m="49194" /><D6/><U33/><E30/><V98/><F75/><W62/><G100/><T135/><D135/><U78/><E78/><AGARI ba="0,0" hai="8,11,15,17,23,39,43,46,72,78,80" m="49194" machi="78" ten="30,7700,0" yaku="19,1,52,3" doraHai="124" who="0" fromWho="1" sc="266,77,170,-77,282,0,282,0" /><INIT seed="3,0,0,2,4,109" ten="343,93,282,282" oya="3" hai0="54,112,33,28,6,46,25,56,0,58,130,5,111" hai1="49,37,102,35,124,120,114,128,20,27,97,45,113" hai2="36,119,47,126,41,52,1,116,32,74,83,75,84" hai3="19,85,107,59,132,106,42,31,43,86,100,90,101"/><W65/><G132/><T69/><D69/><U44/><E120/><V50/><F32/><W127/><G127/><T76/><D56/><U63/><E124/><V55/><F1/><W14/><G31/><T70/><D70/><U95/><E128/><V30/><F30/><W91/><G59/><T68/><D68/><U121/><E121/><V48/><F126/><W66/><G14/><T15/><D76/><U62/><E35/><V125/><F125/><W60/><G19/><T29/><D46/><U122/><E122/><V16/><F16/><W12/><G12/><T80/><D80/><U64/><E37/><V23/><F23/><W87/><G86/><T81/><D29/><U78/><E78/><V18/><F18/><W98/><REACH who="3" step="1"/><G60/><REACH who="3" ten="343,93,282,272" step="2"/><T13/><D13/><U117/><E117/><V2/><F119/><W118/><G118/><T105/><D15/><U110/><E110/><V17/><F116/><W134/><G134/><T26/><D58/><U4/><E4/><V115/><F17/><W24/><G24/><T71/><D26/><U104/><E63/><V40/><F2/><W73/><G73/><T135/><D25/><U51/><E104/><V72/><F84/><W53/><G53/><T57/><D54/><U77/><E77/><V89/><F75/><W7/><G7/><T96/><D6/><U123/><E123/><V10/><F74/><W8/><G8/><T11/><D11/><U22/><E27/><V99/><F72/><W129/><G129/><T92/><D130/><U88/><E62/><V67/><F10/><W3/><G3/><T103/><D0/><RYUUKYOKU ba="0,1" sc="343,-10,93,-10,282,-10,272,30" hai3="42,43,65,66,85,87,90,91,98,100,101,106,107" /><INIT seed="3,1,1,3,5,135" ten="333,83,272,302" oya="3" hai0="45,17,93,32,62,20,132,101,118,69,88,31,123" hai1="76,30,36,95,75,68,41,13,85,133,16,63,58" hai2="42,60,112,71,114,21,109,2,120,73,59,47,35" hai3="18,100,129,96,130,107,122,79,14,124,98,86,128"/><W10/><G122/><T115/><D132/><U134/><E133/><V113/><F73/><W56/><G56/><T106/><D123/><U4/><E134/><V125/><F2/><W72/><G72/><T104/><D118/><U8/><E68/><V3/><F3/><W57/><G57/><T78/><D78/><U54/><E30/><V127/><F35/><W90/><G98/><T92/><D45/><U1/><E1/><V50/><F120/><W97/><G97/><T77/><D77/><U43/><E75/><V48/><F21/><W11/><G79/><T27/><D93/><U66/><E36/><N who="2" m="21959" /><F109/><W117/><G117/><T39/><D39/><U26/><E66/><N who="2" m="39199" /><F71/><W33/><G33/><T61/><D104/><U105/><E105/><V23/><F23/><W116/><G10/><T28/><D32/><U94/><E76/><V55/><F55/><W84/><G84/><N who="0" m="52231" /><D69/><U82/><E82/><V51/><AGARI ba="1,1" hai="48,50,51,112,113,114,125,127" m="39199,21959" machi="51" ten="40,8000,1" yaku="34,2,52,2" doraHai="135" who="2" fromWho="2" sc="333,-21,83,-21,272,93,302,-41" /><INIT seed="4,0,0,1,2,35" ten="312,62,365,261" oya="0" hai0="3,124,51,91,123,12,57,109,126,59,114,85,111" hai1="5,71,31,7,69,83,107,45,131,2,26,43,4" hai2="34,128,44,62,55,40,113,64,96,80,1,135,101" hai3="14,122,86,22,73,0,125,32,98,46,110,37,33"/><T27/><D27/><U8/><E107/><V28/><F128/><W106/><G110/><N who="0" m="41995" /><D123/><U17/><E131/><V23/><F135/><W79/><G122/><T127/><D114/><U81/><E17/><V68/><F34/><W84/><G125/><T108/><D108/><U61/><E5/><V38/><F1/><W89/><G22/><T134/><D134/><U29/><E7/><V52/><F80/><W94/><G14/><T42/><D12/><U25/><E26/><V100/><F113/><W54/><G84/><T30/><D30/><U66/><E69/><V97/><F23/><W103/><G0/><T74/><D74/><U78/><E25/><V56/><F28/><W121/><G121/><T120/><D120/><U92/><E92/><V24/><F24/><W132/><G132/><T36/><D36/><U72/><REACH who="1" step="1"/><E83/><REACH who="1" ten="312,52,365,261" step="2"/><V67/><F68/><W93/><G93/><N who="0" m="54511" /><D3/><U99/><E99/><V21/><F97/><W15/><G15/><T53/><D42/><U88/><E88/><V9/><F96/><W50/><REACH who="3" step="1"/><G37/><AGARI ba="0,1" hai="2,4,8,29,31,37,43,45,61,66,71,72,78,81" machi="37" ten="30,8000,1" yaku="1,1,7,1,25,2,52,1,53,0" doraHai="35" doraHaiUra="95" who="1" fromWho="3" sc="312,0,52,90,365,0,261,-80" /><INIT seed="5,0,0,0,4,9" ten="312,142,365,181" oya="1" hai0="124,40,77,18,29,59,85,133,27,49,71,98,22" hai1="35,92,78,123,63,81,97,34,122,73,11,106,39" hai2="65,28,110,24,100,129,111,36,67,115,72,135,68" hai3="74,54,87,41,84,46,94,45,60,104,2,16,1"/><U37/><E11/><V48/><F36/><N who="1" m="13897" /><E63/><V38/><F38/><W82/><G104/><T31/><D71/><U99/><E92/><V86/><F72/><W53/><G74/><T44/><D98/><U61/><E61/><V52/><F135/><W127/><G127/><T43/><D124/><U14/><E14/><V15/><F100/><W33/><G33/><N who="1" m="12298" /><E97/><V103/><F103/><AGARI ba="0,0" hai="73,78,81,99,103,106,122,123" m="12298,13897" machi="103" ten="30,1500,0" yaku="23,1" doraHai="9" who="1" fromWho="2" sc="312,0,142,15,365,-15,181,0" /><INIT seed="5,1,0,3,1,132" ten="312,157,350,181" oya="1" hai0="96,112,82,53,78,121,22,131,102,40,93,15,127" hai1="71,14,0,135,6,49,80,28,51,37,116,88,90" hai2="69,75,31,27,11,8,55,64,45,95,109,77,29" hai3="107,129,103,97,44,33,9,56,72,74,79,35,73"/><U91/><E116/><V134/><F109/><W24/><G56/><T100/><D40/><U34/><E37/><V16/><F134/><W63/><G63/><T106/><D53/><U38/><E38/><V130/><F130/><W133/><G133/><T21/><D15/><U126/><E135/><V86/><F75/><W57/><G57/><T50/><D50/><U85/><E0/><V76/><F64/><W115/><G129/><T1/><D1/><U3/><E3/><V12/><F69/><W105/><G115/><T81/><D131/><U39/><E39/><V108/><F108/><W128/><G128/><T119/><D22/><U113/><E71/><V125/><F125/><W92/><G9/><T59/><D59/><U68/><E68/><V42/><F55/><W13/><G13/><T94/><D21/><U43/><E113/><V36/><F29/><W110/><G110/><T104/><D127/><U4/><E126/><V98/><F86/><W111/><G111/><T32/><D32/><U52/><E43/><V62/><F11/><W120/><G120/><T54/><D54/><U2/><E2/><V19/><F19/><W25/><G44/><T58/><D58/><N who="1" m="33039" /><E51/><V87/><F87/><W123/><G123/><T84/><D112/><U61/><E61/><V124/><F62/><W10/><G35/><T20/><D121/><U117/><E117/><V122/><F122/><W67/><G33/><T60/><D60/><U70/><E70/><V48/><F36/><W83/><G67/><T114/><D114/><U26/><E4/><V66/><F124/><W65/><G65/><RYUUKYOKU ba="1,0" sc="312,-10,157,30,350,-10,181,-10" hai1="6,14,26,28,34,80,85,88,90,91" /><INIT seed="5,2,0,0,1,57" ten="302,187,340,171" oya="1" hai0="122,108,34,0,86,55,56,73,29,8,132,116,39" hai1="33,21,6,54,110,106,38,20,31,49,81,117,45" hai2="30,13,24,112,123,130,79,84,127,75,58,121,115" hai3="135,101,80,83,42,61,95,47,119,90,52,65,9"/><U124/><E117/><V85/><F13/><W94/><G119/><T27/><D116/><U107/><E38/><V28/><F127/><W35/><G35/><T131/><D108/><U17/><E110/><V70/><F70/><W46/><G135/><T72/><D132/><U22/><E124/><V4/><F4/><W66/><G9/><T7/><D39/><U103/><E6/><V3/><F3/><W133/><G133/><T2/><D2/><U44/><E81/><V12/><F12/><W32/><G32/><T36/><D36/><U26/><E103/><V71/><F71/><W113/><G113/><N who="2" m="43593" /><F75/><W118/><G101/><T104/><D104/><U50/><REACH who="1" step="1"/><E17/><REACH who="1" ten="302,177,340,171" step="2"/><V10/><F130/><W125/><G118/><T37/><D131/><U98/><E98/><V11/><F123/><W87/><G125/><T76/><D37/><U97/><E97/><V67/><F121/><W74/><G83/><T53/><D122/><U14/><E14/><V68/><F28/><W5/><G5/><T89/><D29/><U60/><E60/><V77/><F30/><W40/><G61/><T91/><D7/><U16/><E16/><V15/><F24/><W62/><G62/><T59/><D27/><U1/><E1/><V23/><F15/><W82/><G80/><T19/><D19/><U69/><E69/><V102/><F68/><W64/><G82/><T100/><D0/><U88/><E88/><V25/><F102/><W41/><G90/><T48/><D91/><U120/><E120/><V18/><F18/><W128/><G128/><T109/><D100/><U99/><E99/><RYUUKYOKU ba="2,1" sc="302,-10,177,30,340,-10,171,-10" hai1="20,21,22,26,31,33,44,45,49,50,54,106,107" /><INIT seed="5,3,1,0,5,85" ten="292,207,330,161" oya="1" hai0="132,29,11,32,0,128,65,49,111,28,131,8,113" hai1="130,98,71,91,92,42,47,53,122,16,93,70,108" hai2="105,107,99,68,58,39,21,37,86,87,45,135,95" hai3="133,55,57,3,43,88,102,17,6,125,4,129,90"/><U23/><E122/><V60/><F68/><W67/><G129/><N who="0" m="49739" /><D111/><U104/><E130/><V76/><F135/><W27/><G133/><T36/><D36/><U106/><E53/><V22/><F45/><W112/><G112/><T20/><D132/><U56/><E56/><V109/><F109/><W124/><G102/><T61/><D113/><U40/><E108/><V19/><F76/><W119/><G67/><T10/><D32/><U46/><E98/><V94/><F58/><W7/><G43/><T34/><D34/><U13/><E13/><V14/><F14/><W120/><G3/><T50/><D0/><U78/><E78/><V38/><F99/><W48/><G119/><T59/><D20/><U115/><E115/><V24/><F24/><W2/><G2/><T81/><D81/><U64/><E64/><V116/><F116/><W5/><N who="3" m="1536" /><DORA hai="123" /><W63/><G63/><T31/><AGARI ba="3,1" hai="8,10,11,28,29,31,49,50,59,61,65" m="49739" machi="31" ten="40,1500,0" yaku="19,1" doraHai="85,123" who="0" fromWho="0" sc="292,34,207,-10,330,-7,161,-7" /><INIT seed="6,0,0,1,4,130" ten="326,197,323,154" oya="2" hai0="21,48,46,124,52,80,17,109,37,32,131,29,119" hai1="3,89,15,112,31,134,53,28,16,111,22,75,102" hai2="127,125,64,42,87,108,110,55,84,8,23,49,74" hai3="81,126,103,133,123,68,90,99,34,118,106,36,92"/><V88/><F74/><W121/><G118/><T56/><D131/><U59/><E111/><N who="2" m="42539" /><F64/><W105/><G36/><T14/><D119/><U51/><E112/><V69/><F69/><W120/><G68/><T27/><D124/><N who="2" m="47690" /><F42/><W61/><G61/><T41/><D109/><U62/><E3/><V11/><F23/><W114/><G34/><T70/><D70/><U67/><E75/><V9/><F88/><W72/><G114/><T24/><D80/><U66/><E102/><V45/><AGARI ba="0,0" hai="8,9,11,45,49,55,84,87" m="47690,42539" machi="45" ten="40,3900,0" yaku="10,1,18,1" doraHai="130" who="2" fromWho="2" sc="326,-13,197,-13,323,39,154,-13" /><INIT seed="6,1,0,3,0,13" ten="313,184,362,141" oya="2" hai0="29,104,68,4,43,111,88,107,58,81,11,27,108" hai1="78,26,65,23,90,69,86,116,106,5,45,134,12" hai2="114,85,129,80,77,36,42,32,124,76,87,15,123" hai3="44,73,119,132,10,54,56,96,112,72,55,51,60"/><V39/><F123/><W102/><G119/><T125/><D68/><U95/><E116/><V89/><F124/><W46/><G132/><T92/><D125/><U24/><E106/><V82/><F32/><W2/><G112/><T49/><D81/><U48/><E134/><V91/><F15/><W53/><G2/><T130/><D130/><U67/><E69/><V118/><F118/><W113/><G113/><T19/><D104/><U33/><E33/><V98/><F114/><W28/><G28/><T62/><D107/><U122/><E122/><V79/><F42/><W35/><G35/><T7/><D108/><U1/><E1/><V99/><REACH who="2" step="1"/><F79/><REACH who="2" ten="313,184,352,141" step="2"/><W74/><G10/><T131/><D11/><N who="1" m="4207" /><E78/><V34/><F34/><W14/><G14/><T133/><D133/><U70/><E26/><V126/><F126/><W22/><G22/><N who="0" m="15607" /><D131/><AGARI ba="1,1" hai="36,39,76,77,80,82,85,87,89,91,98,99,129,131" machi="131" ten="25,12000,1" yaku="1,1,22,2,53,2" doraHai="13" doraHaiUra="93" who="2" fromWho="0" sc="313,-123,184,0,352,133,141,0" /><INIT seed="6,2,0,0,1,95" ten="190,184,485,141" oya="2" hai0="55,89,7,46,50,1,102,33,76,104,27,131,42" hai1="112,2,92,15,45,113,85,32,87,30,98,91,121" hai2="70,14,38,115,128,34,29,43,118,12,116,60,119" hai3="74,44,37,66,67,114,68,130,6,72,57,123,0"/><V9/><F115/><N who="1" m="44105" /><E2/><V78/><F78/><W19/><G114/><T129/><D76/><U20/><E121/><V69/><F128/><N who="0" m="49226" /><D89/><U124/><E124/><V35/><F60/><W54/><G130/><T134/><D134/><U41/><E32/><V49/><F38/><W120/><G19/><T81/><D81/><U105/><E105/><V125/><F125/><W84/><G84/><T53/><D102/><U61/><E61/><V90/><F90/><W110/><G110/><T40/><D104/><U117/><E117/><V103/><F103/><W135/><G135/><T94/><D94/><U51/><E15/><V73/><F73/><W71/><G6/><T82/><D82/><U52/><E41/><V24/><F49/><W26/><G26/><AGARI ba="2,0" hai="20,26,30,45,51,52,85,87,91,92,98" m="44105" machi="26" ten="30,3900,0" yaku="15,1,52,1,54,1" doraHai="95" who="1" fromWho="3" sc="190,0,184,45,485,0,141,-45" /><INIT seed="7,0,0,5,1,9" ten="190,229,485,96" oya="3" hai0="26,20,97,103,67,100,42,18,40,102,105,91,68" hai1="44,116,24,4,92,99,37,33,120,70,104,119,118" hai2="57,94,73,78,7,72,80,60,134,16,39,1,126" hai3="135,54,45,106,65,55,113,89,46,83,71,5,98"/><W115/><G135/><T25/><D105/><U129/><E120/><V122/><F134/><W58/><G71/><T127/><D127/><U41/><E4/><V77/><F126/><W19/><G5/><T48/><D68/><U29/><E129/><V86/><F39/><W114/><G65/><T8/><D67/><U31/><E31/><V13/><F7/><W10/><G106/><T47/><D8/><U63/><E104/><V79/><F1/><W53/><G58/><T17/><D42/><U2/><E2/><V35/><F35/><W27/><G27/><T15/><D18/><U130/><E130/><V66/><F94/><AGARI ba="0,0" hai="15,17,20,25,26,40,47,48,91,94,97,100,102,103" machi="94" ten="40,2600,0" yaku="8,1,52,1" doraHai="9" who="0" fromWho="2" sc="190,26,229,0,485,-26,96,0" owari="216,-18.0,229,3.0,459,55.0,96,-40.0" /></mjloggm>