<mjloggm ver="2.3"><GO type="97" lobby="0"/><UN n0="%E3%81%B6%E3%82%8B%E3%81%82%E3%81%82%E3%81%82%E3%81%82%E3%81%82%EF%BC%81" n1="%E7%8C%AB%E7%9B%AE%E5%B0%8F%E5%83%A7" n2="%E3%82%A8%E3%83%98%E3%83%98%E3%83%98" n3="%E3%82%A6%E3%83%AB%E3%83%88%E3%83%A9%E7%AB%8B%E7%9B%B4" dan="14,13,14,15" rate="1937.39,1862.98,1963.30,1991.80" sx="M,M,M,M"/><TAIKYOKU oya="0"/><INIT seed="0,0,0,3,5,27" ten="250,250,250,250" oya="0" hai0="35,109,42,118,113,25,43,91,38,47,21,53,71" hai1="13,92,116,52,76,100,28,97,72,130,98,6,104" hai2="115,96,74,62,93,70,110,34,30,79,78,31,119" hai3="82,85,105,83,124,32,103,67,126,37,94,101,129"/><T48/><D118/><U17/><E116/><V112/><F119/><W69/><G67/><T22/><D113/><U128/><E72/><V41/><F115/><W58/><G58/><T20/><D71/><U60/><E76/><V86/><F112/><W84/><G37/><T0/><D0/><U81/><E81/><V102/><F74/><W68/><G32/><T88/><D109/><U63/><E104/><V46/><F110/><W117/><G117/><T127/><D127/><U90/><E6/><V135/><F34/><W95/><G105/><T9/><D9/><U7/><E7/><V45/><F135/><W131/><G69/><T123/><D123/><U87/><E100/><V133/><F133/><W122/><REACH who="3" step="1"/><G68/><REACH who="3" ten="250,250,250,240" step="2"/><T61/><D43/><U66/><E66/><V120/><F120/><AGARI ba="0,1" hai="82,83,84,85,94,95,101,103,120,122,124,126,129,131" machi="120" ten="25,12000,2" yaku="1,1,2,1,22,2,34,3,53,0" doraHai="27" doraHaiUra="107" who="3" fromWho="2" sc="250,0,250,0,250,-120,240,130" /><INIT seed="1,0,0,2,0,62" ten="250,250,130,370" oya="1" hai0="8,112,83,25,34,69,18,122,61,66,67,77,41" hai1="88,4,60,134,131,22,94,52,118,87,54,36,33" hai2="70,2,24,0,117,103,53,26,68,121,39,12,71" hai3="91,132,6,51,23,27,129,78,72,42,56,32,10"/><U48/><E118/><V89/><F117/><W133/><G32/><T64/><D112/><U82/><E134/><N who="3" m="51818" /><G129/><T20/><D122/><U65/><E36/><V128/><F121/><W58/><G91/><T16/><D41/><U17/><E33/><V28/><F128/><W100/><G100/><T13/><D34/><U97/><E131/><V85/><F39/><W110/><G110/><T124/><D124/><U120/><E120/><V74/><F74/><AGARI ba="0,0" hai="8,13,16,18,20,25,61,64,66,67,69,74,77,83" machi="74" ten="30,8000,1" yaku="7,1,52,3,54,1" doraHai="62" who="0" fromWho="2" sc="250,80,250,0,130,-80,370,0" /><INIT seed="2,0,0,1,5,109" ten="330,250,50,370" oya="2" hai0="93,22,106,37,108,131,127,89,88,52,36,45,48" hai1="116,83,74,126,85,51,8,29,81,21,54,71,42" hai2="101,25,110,76,5,59,20,119,44,0,91,16,117" hai3="79,33,69,35,102,120,63,66,70,24,125,2,3"/><V41/><F110/><W27/><G120/><T1/><D1/><U68/><E116/><V67/><F101/><W99/><G79/><T114/><D108/><U82/><E126/><V61/><F76/><W84/><G84/><T19/><D106/><U39/><E74/><V77/><F77/><W10/><G125/><T58/><D127/><U92/><E39/><V32/><F32/><W87/><G87/><T62/><D131/><U23/><E42/><V86/><F5/><N who="3" m="1335" /><G27/><T15/><D89/><U34/><E34/><V103/><F103/><W57/><G57/><T97/><D114/><U56/><E68/><V12/><F0/><W115/><G69/><T6/><REACH who="0" step="1"/><D6/><REACH who="0" ten="320,250,50,370" step="2"/><U123/><E123/><V17/><F17/><W49/><G3/><T80/><D80/><U111/><E111/><V9/><F9/><W7/><G7/><T118/><D118/><U124/><E124/><V100/><F100/><W129/><G129/><T40/><AGARI ba="0,1" hai="15,19,22,36,37,40,45,48,52,58,62,88,93,97" machi="40" ten="20,8000,1" yaku="1,1,0,1,7,1,54,2,53,0" doraHai="109" doraHaiUra="134" who="0" fromWho="0" sc="320,90,250,-20,50,-40,370,-20" /><INIT seed="3,0,0,0,4,23" ten="410,230,10,350" oya="3" hai0="3,69,127,58,101,76,13,36,28,126,86,85,51" hai1="97,132,49,128,29,1,6,114,125,92,46,25,41" hai2="123,66,38,105,77,35,20,40,119,93,96,129,82" hai3="133,110,44,39,8,52,5,107,73,79,113,104,63"/><W50/><G110/><T12/><D3/><U60/><E114/><V24/><F119/><W109/><G109/><T72/><D69/><U32/><E125/><N who="0" m="47625" /><D36/><U37/><E128/><V134/><F129/><W65/><G113/><T57/><D101/><U99/><E132/><V19/><F105/><W16/><G133/><T83/><D28/><U112/><E112/><V48/><F134/><W33/><G39/><T42/><D58/><U47/><E60/><V124/><F38/><W31/><G79/><T131/><D131/><U30/><E30/><V59/><F124/><W116/><G73/><T135/><D135/><U80/><E80/><V45/><F123/><W56/><G116/><T102/><D102/><U75/><E75/><V88/><F35/><W61/><G61/><T74/><D72/><U9/><REACH who="1" step="1"/><E92/><REACH who="1" ten="410,220,10,350" step="2"/><V122/><F122/><W106/><G106/><T34/><D74/><U55/><AGARI ba="0,1" hai="1,6,9,25,29,32,37,41,46,47,49,55,97,99" machi="55" ten="20,8000,1" yaku="1,1,2,1,0,1,7,1,52,1,53,0" doraHai="23" doraHaiUra="100" who="1" fromWho="1" sc="410,-20,220,90,10,-20,350,-40" owari="390,49.0,310,11.0,-10,-51.0,310,-9.0" /></mjloggm>