<mjloggm ver="2.3"><GO type="97" lobby="0"/><UN n0="%E8%84%B3%E5%A7%89%E5%A4%A2" n1="%79%61%6D%61%7A%61%61%61" n2="%68%6F%73%68%69%37%37%37" n3="%E3%82%A6%E3%83%AB%E3%83%88%E3%83%A9%E7%AB%8B%E7%9B%B4" dan="13,14,14,15" rate="1823.73,1909.92,1954.19,2005.90" sx="M,M,M,M"/><TAIKYOKU oya="0"/><INIT seed="0,0,0,1,0,131" ten="250,250,250,250" oya="0" hai0="30,25,111,2,97,114,32,23,34,135,37,85,99" hai1="112,95,69,11,81,31,27,55,116,118,63,113,76" hai2="58,89,90,12,67,71,26,65,18,43,104,48,117" hai3="121,91,49,122,13,66,92,74,87,45,129,70,17"/><T98/><D37/><U39/><E39/><V4/><F117/><W16/><G74/><T15/><D114/><N who="1" m="44139" /><E11/><V35/><F104/><W107/><G107/><T57/><D111/><U83/><E95/><V64/><F71/><W9/><G129/><T125/><D125/><U120/><E120/><N who="3" m="46186" /><G66/><T108/><D108/><U36/><E36/><V14/><F35/><W72/><G72/><T106/><D106/><U84/><E83/><V28/><F28/><W94/><G70/><T80/><D2/><U128/><E128/><V54/><F43/><N who="3" m="24767" /><G94/><T130/><D130/><U53/><E69/><V126/><F126/><W42/><G42/><T60/><D15/><N who="2" m="5674" /><F4/><AGARI ba="0,0" hai="4,9,13,16,17,87,91,92" m="24767,46186" machi="4" ten="30,2000,0" yaku="13,1,54,1" doraHai="131" who="3" fromWho="2" sc="250,0,250,0,250,-20,250,20" /><INIT seed="1,0,0,3,2,67" ten="250,250,230,270" oya="1" hai0="68,26,92,91,9,94,2,10,17,59,126,54,132" hai1="38,71,96,111,20,74,3,5,13,90,14,61,79" hai2="125,28,31,87,35,107,42,122,98,30,16,34,108" hai3="123,78,104,27,65,72,57,93,41,100,40,84,73"/><U116/><E116/><V112/><F122/><W36/><G36/><T128/><D126/><U15/><E38/><V22/><F112/><W95/><G104/><T25/><D128/><U8/><E111/><V23/><F108/><W109/><G109/><T75/><D75/><U110/><E110/><V51/><F125/><W130/><G73/><T115/><D115/><U21/><E74/><V7/><F107/><W133/><G72/><T103/><D132/><U58/><E79/><V89/><F98/><N who="3" m="59471" /><G123/><T37/><D37/><U70/><E21/><V0/><F0/><W64/><G133/><T1/><D68/><U55/><REACH who="1" step="1"/><E20/><REACH who="1" ten="250,240,230,270" step="2"/><V11/><F23/><W44/><G78/><T127/><D127/><U62/><E62/><V97/><F34/><W77/><G77/><T49/><D26/><U50/><E50/><V29/><F35/><W88/><G27/><T56/><D25/><U43/><E43/><V12/><F51/><N who="3" m="27015" /><G41/><T47/><D49/><U39/><E39/><V102/><F42/><W113/><G113/><T124/><D124/><U118/><E118/><V6/><F22/><W32/><G32/><T53/><D10/><U60/><E60/><V82/><N who="2" m="7680" /><DORA hai="76" /><V4/><F97/><W66/><G130/><T131/><D9/><U33/><E33/><V85/><F85/><W135/><G135/><T129/><D131/><U63/><E63/><AGARI ba="0,1" hai="57,63,64,65,66,84,88,95" m="27015,59471" machi="63" ten="30,2000,0" yaku="8,1,54,1" doraHai="67,76" who="3" fromWho="1" sc="250,0,240,-20,230,0,270,30" /><INIT seed="2,0,0,4,1,125" ten="250,220,230,300" oya="2" hai0="116,100,0,60,3,20,131,27,93,35,90,34,113" hai1="28,79,98,44,73,92,112,81,94,128,86,21,56" hai2="53,119,134,29,36,37,16,115,85,1,121,2,135" hai3="127,40,77,89,133,109,14,9,32,132,4,104,96"/><V13/><F121/><W61/><G32/><N who="0" m="12331" /><D90/><U23/><E112/><V97/><F29/><W41/><G127/><T26/><D93/><U87/><E94/><V88/><F115/><W17/><G109/><T59/><D100/><U54/><E44/><V62/><F119/><W39/><G39/><N who="2" m="14921" /><F97/><W52/><G77/><T30/><D59/><U107/><E128/><V83/><F62/><W47/><G104/><T25/><D60/><U66/><E107/><V82/><F53/><W106/><G106/><T78/><D78/><U124/><E66/><V74/><F74/><W19/><G96/><T49/><D49/><U67/><E67/><V24/><F24/><N who="0" m="9322" /><D131/><U110/><E110/><V70/><F70/><W72/><G72/><T75/><D75/><U101/><E124/><V10/><F83/><W84/><G84/><T65/><D65/><U15/><E73/><V122/><F122/><W130/><G130/><T46/><D46/><U42/><E87/><V117/><F117/><W76/><G76/><T99/><D99/><U108/><E108/><V114/><F114/><W120/><G120/><T69/><D69/><U63/><E42/><N who="3" m="16490" /><G89/><T8/><D113/><U102/><E102/><V11/><F11/><W118/><G118/><T64/><D64/><U45/><E45/><V95/><F82/><W58/><G47/><T129/><D129/><U57/><E57/><V48/><F48/><W38/><G38/><T50/><D50/><U55/><E55/><V71/><F71/><W7/><G52/><T31/><D116/><U123/><E123/><V80/><F80/><W43/><G58/><RYUUKYOKU ba="0,0" sc="250,-10,220,-10,230,30,300,-10" hai2="1,2,10,13,16,85,88,95,134,135" /><INIT seed="2,1,0,2,0,50" ten="240,210,260,290" oya="2" hai0="71,105,29,100,75,83,15,109,116,23,70,17,65" hai1="39,66,120,94,55,115,25,46,89,88,92,97,101" hai2="32,128,82,31,56,99,130,11,16,5,91,121,113" hai3="123,6,1,45,119,69,85,134,135,35,132,33,47"/><V34/><F121/><W40/><G119/><T0/><D109/><U42/><E115/><V126/><F113/><W108/><G123/><T21/><D116/><U129/><E129/><N who="2" m="49771" /><F126/><W49/><G69/><T95/><D0/><U59/><E120/><V38/><F38/><N who="3" m="21655" /><G108/><T26/><D105/><U63/><E25/><V9/><F56/><W131/><G131/><T87/><D75/><U80/><E80/><V78/><F99/><W57/><G57/><T2/><D65/><U20/><E20/><V125/><F125/><W36/><G36/><T61/><D61/><U64/><E101/><V53/><F53/><N who="3" m="29887" /><G85/><AGARI ba="1,0" hai="39,42,46,55,59,63,64,66,85,88,89,92,94,97" machi="85" ten="30,3900,0" yaku="7,1,52,1,54,1" doraHai="50" who="1" fromWho="3" sc="240,0,210,42,260,0,290,-42" /><INIT seed="3,0,0,3,2,99" ten="240,252,260,248" oya="3" hai0="27,78,113,39,12,5,92,105,26,17,52,61,0" hai1="67,132,130,38,71,53,70,22,131,34,29,10,88" hai2="82,49,35,107,47,86,75,25,95,119,68,108,123" hai3="97,9,98,110,65,96,40,37,11,41,104,106,45"/><W124/><G124/><T60/><D105/><U57/><E38/><V30/><F107/><W100/><G110/><T31/><D39/><U115/><E34/><V89/><F108/><W24/><G41/><T62/><D113/><U118/><E115/><V2/><F123/><W94/><G104/><T44/><D78/><U125/><E118/><V93/><F119/><W77/><G77/><T111/><D111/><U129/><E10/><V51/><F68/><W8/><G65/><T72/><D72/><U120/><E120/><V33/><F75/><W21/><REACH who="3" step="1"/><G106/><REACH who="3" ten="240,252,260,238" step="2"/><T114/><D114/><U63/><E125/><V66/><F2/><W133/><G133/><T4/><D0/><U103/><E132/><V122/><F122/><W84/><G84/><T83/><D31/><AGARI ba="0,1" hai="8,9,11,21,24,31,37,40,45,94,96,97,98,100" machi="31" ten="40,3900,0" yaku="1,1,52,1,53,0" doraHai="99" doraHaiUra="54" who="3" fromWho="0" sc="240,-39,252,0,260,0,238,49" /><INIT seed="3,1,0,3,4,85" ten="201,252,260,287" oya="3" hai0="88,23,51,128,106,100,33,40,81,99,44,0,32" hai1="15,64,122,69,105,30,43,2,124,58,74,86,109" hai2="52,78,10,91,47,42,54,76,107,57,60,112,87" hai3="80,55,35,27,31,101,45,36,79,63,13,66,92"/><W8/><G36/><T39/><D0/><U123/><E74/><V130/><F107/><W133/><G133/><T50/><D128/><U59/><E2/><V67/><F112/><W120/><G120/><T89/><D23/><U34/><E105/><V119/><F119/><W127/><G127/><T118/><D118/><U24/><E124/><V65/><F130/><W126/><G126/><T98/><D81/><U108/><E43/><V90/><F10/><W20/><G35/><T84/><D84/><U4/><E69/><V26/><F26/><W29/><G29/><T1/><D1/><U17/><E4/><V41/><F47/><W37/><G37/><T62/><D62/><N who="1" m="37975" /><E59/><N who="2" m="37023" /><F87/><N who="3" m="48543" /><G66/><T96/><D106/><U53/><E53/><N who="2" m="20587" /><F57/><N who="3" m="35263" /><G45/><T111/><D100/><U110/><E86/><V83/><F67/><W25/><G25/><T9/><D33/><U125/><E125/><V115/><F115/><W134/><G134/><T71/><D32/><U48/><E48/><N who="0" m="18473" /><D71/><U82/><E82/><V12/><F12/><W49/><G49/><N who="0" m="26759" /><D9/><AGARI ba="1,0" hai="9,15,17,24,30,34,108,109,110,122,123" m="37975" machi="9" ten="30,1000,0" yaku="14,1" doraHai="85" who="1" fromWho="0" sc="201,-13,252,13,260,0,287,0" /><INIT seed="4,0,0,3,5,70" ten="188,265,260,287" oya="0" hai0="82,79,46,95,25,3,65,106,89,129,105,43,8" hai1="23,134,53,48,133,45,13,100,119,40,125,97,35" hai2="128,135,127,55,44,102,34,64,60,94,71,24,15" hai3="107,99,22,69,4,42,74,14,122,109,110,96,0"/><T114/><D129/><U68/><E35/><V27/><F127/><W104/><G14/><T51/><D114/><U130/><E68/><V16/><F135/><N who="1" m="51721" /><E119/><V84/><F128/><W41/><G22/><T76/><D65/><U115/><E130/><V36/><F102/><W30/><G69/><T50/><D25/><U29/><E125/><V1/><F1/><W120/><G30/><T117/><D117/><U6/><E6/><V38/><F27/><W62/><G62/><T131/><D131/><U12/><E115/><V66/><F66/><W86/><G86/><T37/><D105/><U77/><E77/><V31/><F55/><W90/><G90/><T61/><D106/><U56/><E29/><V121/><F121/><W59/><G59/><T88/><D61/><N who="1" m="35983" /><E23/><V57/><F71/><W85/><G4/><N who="0" m="1055" /><D76/><U10/><E10/><V92/><F44/><W101/><G0/><T93/><D93/><AGARI ba="0,0" hai="12,13,40,45,48,93,97,100" m="35983,51721" machi="93" ten="30,1000,0" yaku="20,1" doraHai="70" who="1" fromWho="0" sc="188,-10,265,10,260,0,287,0" /><INIT seed="5,0,0,4,1,131" ten="178,275,260,287" oya="1" hai0="21,37,43,95,77,67,88,25,30,52,45,16,48" hai1="80,101,89,8,132,135,13,128,62,12,51,122,104" hai2="103,98,4,32,116,134,71,87,106,39,76,102,125" hai3="34,100,33,90,55,53,81,9,56,114,38,91,115"/><U97/><E128/><V112/><F112/><N who="3" m="43051" /><G38/><T27/><D67/><U19/><E122/><V50/><F116/><W2/><G100/><T79/><D37/><U63/><E51/><V120/><F120/><W84/><G91/><T15/><D43/><U119/><E119/><V68/><F39/><W78/><G78/><N who="0" m="29707" /><D30/><U1/><E1/><V70/><F32/><N who="3" m="12395" /><G56/><T7/><D7/><AGARI ba="0,0" hai="2,7,9,53,55,81,84,90" m="12395,43051" machi="7" ten="30,1000,0" yaku="15,1" doraHai="131" who="3" fromWho="0" sc="178,-10,275,0,260,0,287,10" /><INIT seed="6,0,0,2,4,108" ten="168,275,260,297" oya="2" hai0="42,47,100,83,126,109,103,87,121,104,73,66,101" hai1="117,76,31,107,89,39,67,10,0,38,77,36,11" hai2="58,84,72,120,6,125,53,128,15,45,51,97,35" hai3="19,7,57,4,123,23,130,70,30,13,95,78,8"/><V132/><F72/><W2/><G70/><T54/><D109/><U9/><E107/><V92/><F120/><W40/><G123/><T24/><D121/><U60/><E31/><V5/><F132/><W111/><G111/><T82/><D126/><U91/><E0/><V93/><F128/><W16/><G78/><N who="1" m="30314" /><E60/><V131/><F131/><W74/><G74/><T118/><D118/><U3/><E3/><V32/><F125/><W48/><G2/><T22/><D73/><U21/><E21/><V106/><F106/><W135/><G30/><T102/><N who="0" m="26112" /><DORA hai="88" /><T56/><D66/><U12/><E12/><V1/><F1/><W79/><G79/><T122/><D87/><U28/><E28/><V14/><F35/><W34/><G34/><T71/><D71/><U124/><E124/><V37/><F37/><W81/><G135/><T86/><D86/><U62/><E62/><N who="2" m="36175" /><F32/><W61/><G61/><N who="0" m="35991" /><D104/><U90/><E67/><V98/><F84/><W116/><G116/><AGARI ba="0,0" hai="9,10,11,36,38,39,89,90,91,116,117" m="30314" machi="116" ten="40,8000,1" yaku="29,2,28,2" doraHai="108,88" who="1" fromWho="3" sc="168,0,275,80,260,0,297,-80" owari="168,-33.0,355,45.0,260,6.0,217,-18.0" /></mjloggm>