<mjloggm ver="2.3"><GO type="97" lobby="0"/><UN n0="%E3%82%A6%E3%83%AB%E3%83%88%E3%83%A9%E7%AB%8B%E7%9B%B4" n1="%E3%81%8F%E3%81%86%E3%81%93" n2="%54%6F%4D%4E%65%54" n3="%E7%9A%86%E4%BC%9D%E2%99%AA" dan="15,14,14,13" rate="2005.34,1970.54,1840.91,2046.45" sx="M,M,M,M"/><TAIKYOKU oya="0"/><INIT seed="0,0,0,0,2,25" ten="250,250,250,250" oya="0" hai0="134,52,21,108,76,20,43,69,103,31,12,45,22" hai1="28,91,62,57,3,40,77,87,41,93,35,63,118" hai2="119,67,61,73,51,89,105,123,120,124,2,97,32" hai3="99,46,47,55,126,111,84,121,94,26,83,72,66"/><T122/><D69/><U24/><E3/><V5/><F51/><W70/><G111/><T101/><D122/><U59/><E118/><V36/><F119/><W132/><G132/><T18/><D108/><U27/><E77/><V113/><F113/><W114/><G114/><T71/><D71/><U33/><E62/><V1/><F73/><W98/><G126/><T135/><D76/><U19/><E57/><V74/><F74/><W65/><G121/><T106/><D106/><U49/><E49/><V85/><F124/><W86/><G72/><T102/><D52/><U107/><E107/><V30/><F36/><W0/><G0/><T53/><D53/><U79/><E79/><V14/><F123/><W125/><G125/><T80/><D80/><U23/><REACH who="1" step="1"/><E35/><REACH who="1" ten="250,240,250,250" step="2"/><V16/><F105/><W109/><G70/><T82/><D134/><U11/><E11/><V8/><F61/><W75/><G109/><T6/><D135/><U54/><AGARI ba="0,1" hai="19,23,24,27,28,33,40,41,54,59,63,87,91,93" machi="54" ten="20,5200,0" yaku="1,1,0,1,7,1,52,1,53,0" doraHai="25" doraHaiUra="10" who="1" fromWho="1" sc="250,-26,240,62,250,-13,250,-13" /><INIT seed="1,0,0,5,3,16" ten="224,302,237,237" oya="1" hai0="24,132,112,15,19,61,52,38,85,111,130,11,67" hai1="116,60,71,70,42,7,63,89,86,131,23,122,127" hai2="3,134,50,13,0,65,8,25,82,41,83,102,120" hai3="69,110,57,49,44,135,113,87,58,107,114,37,124"/><U90/><E122/><V40/><F120/><W123/><G107/><T68/><D38/><U20/><E116/><V47/><F102/><W9/><G123/><T72/><D72/><U84/><E42/><V133/><F41/><W43/><G110/><T5/><D111/><U117/><E7/><V1/><F65/><W12/><G69/><T125/><D112/><U59/><E59/><V96/><F96/><W91/><G135/><N who="2" m="51721" /><F25/><W76/><G124/><T34/><D132/><U77/><E131/><V6/><AGARI ba="0,0" hai="0,1,3,6,8,13,40,47,50,82,83" m="51721" machi="6" ten="40,1500,0" yaku="20,1" doraHai="16" who="2" fromWho="2" sc="224,-4,302,-7,237,15,237,-4" /><INIT seed="2,0,0,3,2,60" ten="220,295,252,233" oya="2" hai0="59,6,89,131,56,45,9,50,0,69,8,16,85" hai1="71,40,113,115,25,118,74,55,62,53,48,106,86" hai2="88,34,120,79,7,2,84,75,111,82,27,112,68" hai3="17,4,31,66,28,94,92,33,117,76,14,135,49"/><V23/><F120/><W73/><G117/><T64/><D131/><U5/><E74/><V70/><F34/><W24/><G135/><T1/><D69/><U47/><E106/><V125/><F112/><W38/><G38/><T18/><D0/><U10/><E118/><V123/><F123/><W109/><G109/><T80/><D18/><U103/><E103/><V95/><F111/><W132/><G132/><T121/><D121/><U122/><E122/><V43/><F43/><W44/><G31/><T32/><D32/><U20/><E115/><V99/><F125/><W110/><G110/><T107/><D107/><U93/><E113/><V30/><F2/><W35/><G4/><T98/><D98/><U97/><E97/><V83/><F7/><W72/><G35/><T116/><D116/><U39/><E39/><V119/><REACH who="2" step="1"/><F119/><REACH who="2" ten="220,295,242,233" step="2"/><W37/><G33/><T46/><D6/><U129/><E129/><V51/><F51/><W114/><G49/><T126/><D1/><U130/><E130/><V57/><F57/><W13/><G37/><T15/><D126/><U91/><E71/><V105/><F105/><W65/><G114/><T128/><D128/><U124/><E124/><V29/><F29/><W12/><G28/><T127/><D127/><U41/><E41/><V67/><F67/><N who="3" m="25611" /><G44/><T108/><D108/><U26/><E62/><V54/><F54/><W3/><G3/><T134/><D134/><U81/><E53/><V19/><F19/><W36/><G36/><T87/><D46/><U77/><E55/><V11/><F11/><W21/><G17/><T61/><D45/><RYUUKYOKU ba="0,1" sc="220,-10,295,-10,242,30,233,-10" hai2="23,27,30,68,70,75,79,82,83,84,88,95,99" /><INIT seed="2,1,1,1,5,123" ten="210,285,272,223" oya="2" hai0="28,56,41,85,129,106,122,125,43,78,15,76,3" hai1="116,124,59,49,93,10,26,114,48,110,24,120,58" hai2="84,17,131,69,11,75,4,88,90,77,99,121,115" hai3="67,7,87,61,98,132,25,16,35,20,6,63,111"/><V2/><F121/><W27/><G132/><T113/><D106/><U46/><E120/><V39/><F69/><W133/><G133/><T100/><D3/><U104/><E104/><V94/><F115/><W135/><G135/><T101/><D122/><U91/><E116/><V19/><F131/><W83/><G111/><T70/><D70/><U128/><E114/><V130/><F130/><W118/><G118/><T34/><D34/><U96/><E128/><V30/><F30/><W72/><G72/><T107/><D107/><U22/><E124/><V95/><F39/><W51/><G51/><T134/><D28/><U12/><E110/><V0/><F2/><W18/><G98/><T44/><D85/><U126/><E126/><V127/><F127/><W64/><G35/><T36/><D36/><U117/><E117/><V40/><F40/><N who="0" m="15434" /><D44/><U81/><E81/><V80/><AGARI ba="1,1" hai="0,4,11,17,19,75,77,80,84,88,90,94,95,99" machi="80" ten="30,3000,0" yaku="0,1,54,1" doraHai="123" who="2" fromWho="2" sc="210,-11,285,-11,272,43,223,-11" /><INIT seed="2,2,0,2,0,55" ten="199,274,315,212" oya="2" hai0="1,0,99,114,77,117,87,29,18,130,62,36,113" hai1="100,93,85,86,89,63,135,112,4,5,133,129,121" hai2="98,82,27,10,40,44,53,47,31,79,16,88,26" hai3="45,91,120,59,103,28,56,80,42,24,37,68,35"/><V20/><F40/><W107/><G120/><T2/><D36/><U78/><E121/><V52/><F79/><W15/><G68/><T127/><D29/><U131/><E112/><V66/><F66/><W83/><G15/><T104/><D117/><U43/><E43/><V128/><F128/><N who="1" m="49225" /><E100/><V72/><F72/><W48/><G37/><T64/><D130/><U13/><E13/><V9/><F9/><W61/><G91/><T95/><D104/><U126/><E63/><V71/><F71/><W84/><G61/><T119/><D119/><U105/><E105/><V58/><F53/><W94/><G107/><T3/><D127/><U8/><E8/><V25/><F10/><W57/><REACH who="3" step="1"/><G84/><REACH who="3" ten="199,274,315,202" step="2"/><T67/><D0/><U92/><E78/><V22/><F27/><W21/><G21/><T60/><D113/><U49/><E49/><N who="2" m="30991" /><F82/><W116/><G116/><T51/><D114/><U74/><E74/><V81/><F81/><W69/><G69/><T30/><D1/><U54/><E126/><V12/><F12/><W39/><G39/><T41/><D3/><U118/><E118/><V14/><F14/><W73/><G73/><T6/><D2/><U108/><E4/><V90/><F90/><W7/><G7/><T111/><D6/><U46/><E5/><V134/><F134/><W132/><G132/><T50/><D50/><N who="1" m="29015" /><E135/><V75/><F75/><W34/><G34/><T65/><D62/><U122/><E133/><V106/><F106/><W33/><G33/><T11/><D60/><U101/><E101/><V109/><F109/><W102/><G102/><N who="0" m="60799" /><D111/><U38/><E108/><RYUUKYOKU ba="2,1" sc="199,-15,274,-15,315,15,202,15" hai2="16,20,22,25,26,31,44,47,88,98" hai3="24,28,35,42,45,48,56,57,59,80,83,94,103" /><INIT seed="2,3,1,0,5,89" ten="184,259,330,217" oya="2" hai0="73,35,104,88,22,79,41,132,91,13,103,105,135" hai1="42,86,62,131,112,74,19,92,63,120,32,39,102" hai2="97,33,3,34,18,26,106,129,65,81,50,116,128" hai3="64,75,52,126,117,27,107,40,85,54,121,61,6"/><V95/><F106/><N who="0" m="41066" /><D35/><U38/><E112/><V4/><F81/><W58/><G121/><T15/><D41/><U113/><E113/><V99/><F50/><W125/><G107/><T31/><D31/><U90/><E120/><V77/><F77/><W9/><G75/><T51/><D51/><U84/><E74/><V56/><F18/><W96/><G40/><T57/><D57/><U36/><E32/><V53/><F33/><W109/><G109/><T110/><D22/><U66/><E131/><V0/><F34/><W25/><G96/><N who="2" m="36937" /><F26/><N who="3" m="9739" /><G85/><T71/><D71/><U111/><E111/><V133/><F65/><W119/><G64/><T80/><D103/><U10/><E102/><V29/><F29/><W122/><G54/><T67/><D67/><U130/><E130/><N who="2" m="50283" /><F53/><W1/><G122/><T7/><D110/><U127/><E42/><V23/><F23/><W16/><G16/><T100/><D100/><U14/><E84/><V134/><F56/><W45/><G45/><T118/><D7/><U93/><E93/><V78/><F95/><W59/><G58/><T83/><D83/><U76/><E76/><V49/><F78/><W68/><G68/><T24/><D24/><U8/><E8/><V87/><F87/><W101/><G101/><T28/><D28/><U17/><E17/><V55/><F4/><W37/><G37/><T5/><D5/><U2/><E39/><V21/><F21/><W20/><G20/><T30/><D30/><U48/><E38/><V124/><F55/><W11/><G9/><T108/><D108/><U46/><E36/><V72/><F72/><RYUUKYOKU ba="3,1" sc="184,-10,259,-10,330,-10,217,30" hai3="1,6,11,52,59,61,117,119,125,126" /><INIT seed="3,4,1,5,5,98" ten="174,249,320,247" oya="3" hai0="78,68,72,34,130,25,117,105,59,8,93,23,24" hai1="73,41,77,42,44,43,54,39,67,75,28,91,29" hai2="116,16,3,45,95,102,82,86,50,119,122,38,94" hai3="62,126,32,71,103,26,18,51,1,66,132,118,70"/><W37/><G118/><T27/><D105/><U4/><E67/><V107/><F3/><W134/><G37/><T36/><D36/><U63/><E91/><V10/><F38/><W52/><G1/><T120/><D68/><U65/><E4/><V113/><F113/><W121/><G121/><T108/><D117/><U49/><E77/><V47/><F122/><W109/><G109/><T7/><D120/><U88/><E75/><V127/><F47/><N who="3" m="27775" /><G103/><T35/><D108/><U124/><E73/><V114/><F114/><W80/><G80/><T13/><D78/><U11/><E11/><V83/><F119/><W97/><G97/><T135/><D72/><U111/><E111/><V12/><F116/><W101/><G101/><T15/><D59/><N who="1" m="37119" /><E88/><N who="2" m="51287" /><F83/><W81/><G81/><T61/><D93/><U104/><E28/><V125/><F107/><W53/><G53/><T84/><D84/><U115/><E29/><V56/><F102/><W106/><G106/><T90/><D90/><U96/><E96/><V5/><F94/><W17/><G126/><N who="2" m="48137" /><F95/><W110/><G110/><T57/><D57/><N who="1" m="32975" /><E104/><V89/><F56/><N who="3" m="37191" /><G32/><N who="0" m="12331" /><D61/><U48/><E124/><V2/><F89/><W100/><G100/><T21/><D130/><U64/><E115/><V79/><F79/><W20/><G18/><N who="0" m="10463" /><D135/><AGARI ba="4,1" hai="17,20,26,70,71,132,134,135" m="37191,27775" machi="135" ten="30,2900,0" yaku="20,1,54,1" doraHai="98" who="3" fromWho="0" sc="174,-41,249,0,320,0,247,51" /><INIT seed="3,5,0,1,3,75" ten="133,249,320,298" oya="3" hai0="92,29,24,100,71,114,102,95,104,83,1,79,93" hai1="121,73,37,21,50,36,61,42,34,54,43,53,119" hai2="10,6,74,94,31,88,0,81,14,18,27,9,89" hai3="58,44,17,4,101,69,118,30,15,59,52,23,99"/><W57/><G69/><T5/><D71/><U112/><E34/><V25/><F27/><N who="3" m="16767" /><G118/><T110/><D5/><U38/><E73/><V129/><F129/><W45/><G4/><T13/><D1/><U106/><E106/><V90/><F74/><W111/><G111/><T32/><D13/><U70/><E21/><V56/><F56/><N who="3" m="21611" /><G99/><T85/><D110/><U76/><E76/><V116/><F116/><W64/><G64/><T87/><D114/><U126/><E119/><V133/><F133/><W115/><G101/><T28/><D104/><U123/><E112/><V41/><F41/><N who="1" m="15369" /><E50/><V109/><F109/><W60/><G115/><T86/><D32/><U80/><E80/><V47/><F47/><W82/><G82/><N who="0" m="47327" /><D24/><U96/><E96/><V11/><F81/><W91/><G91/><T46/><D86/><U103/><E103/><N who="0" m="39465" /><D46/><U72/><E72/><V125/><F94/><N who="0" m="24066" /><T7/><DORA hai="134" /><D7/><U66/><E123/><V12/><F0/><W63/><G63/><T117/><D117/><U16/><E121/><V48/><F48/><W26/><G26/><T122/><D122/><U2/><E2/><V128/><F25/><W3/><G3/><T135/><D135/><U108/><E108/><V98/><F6/><W39/><G39/><T62/><D62/><U67/><E16/><V107/><F18/><W49/><G60/><T33/><D33/><U127/><E67/><V120/><F107/><W77/><G77/><N who="0" m="46575" /><D29/><U132/><E132/><V84/><F31/><W131/><G45/><T78/><D28/><U19/><E19/><V105/><F120/><W8/><G44/><RYUUKYOKU ba="5,0" sc="133,10,249,10,320,-30,298,10" hai0="78" hai1="36,37,38,53,54,61,66,70,126,127" hai3="8,15,17,49,52,59,131" owari="143,-36.0,259,-14.0,290,9.0,308,41.0" /></mjloggm>