<mjloggm ver="2.3"><GO type="97" lobby="0"/><UN n0="%E3%81%8B%E3%81%84%E3%81%A8" n1="%E7%A5%9E%E4%BB%A3%E5%B0%8F%E8%92%94%E2%98%85" n2="%E3%82%A6%E3%83%AB%E3%83%88%E3%83%A9%E7%AB%8B%E7%9B%B4" n3="%66%78%78%6B%69%6E" dan="15,14,15,14" rate="1973.67,1897.19,2038.24,1959.13" sx="M,F,M,M"/><TAIKYOKU oya="0"/><INIT seed="0,0,0,0,1,49" ten="250,250,250,250" oya="0" hai0="44,91,63,2,66,112,67,84,57,69,86,30,77" hai1="113,107,87,4,132,88,131,122,33,51,56,62,133" hai2="6,94,64,73,109,39,11,20,1,7,75,25,82" hai3="26,34,23,70,22,93,119,46,42,50,100,129,3"/><T58/><D112/><U115/><E122/><V31/><F109/><W17/><G3/><T89/><D2/><U54/><E107/><V27/><F7/><W10/><G70/><T40/><D77/><U18/><E33/><V24/><F64/><W125/><G34/><T118/><D118/><U81/><E131/><V0/><F0/><W114/><G119/><T128/><D128/><U52/><BYE who="3" /><E4/><V83/><F94/><W13/><G13/><T5/><D5/><UN n3="%66%78%78%6B%69%6E" /><U105/><E18/><V8/><F8/><W16/><G10/><T97/><D97/><U126/><E105/><V36/><F20/><W12/><G114/><N who="1" m="43530" /><E126/><V101/><F101/><W90/><G125/><T120/><D120/><U59/><AGARI ba="0,0" hai="51,52,54,56,59,62,81,87,88,132,133" m="43530" machi="59" ten="30,8000,1" yaku="11,1,52,2,54,2" doraHai="49" who="1" fromWho="1" sc="250,-40,250,80,250,-20,250,-20" /><INIT seed="1,0,0,4,3,127" ten="210,330,230,230" oya="1" hai0="78,125,72,45,96,2,128,101,132,103,77,8,114" hai1="40,67,15,135,58,62,134,35,47,46,14,13,25" hai2="7,106,53,21,57,71,41,112,54,9,83,19,16" hai3="24,122,86,64,30,95,70,60,10,109,129,12,27"/><U111/><E111/><V73/><F71/><W116/><G122/><T91/><D114/><U23/><E35/><V28/><F106/><W0/><G0/><T55/><D125/><U117/><E117/><V115/><F41/><W56/><G109/><T4/><D132/><N who="1" m="50731" /><E40/><V22/><F28/><AGARI ba="0,0" hai="13,14,15,23,25,28,46,47,58,62,67" m="50731" machi="28" ten="30,1500,0" yaku="20,1" doraHai="127" who="1" fromWho="2" sc="210,0,330,15,230,-15,230,0" /><INIT seed="1,1,0,0,3,135" ten="210,345,215,230" oya="1" hai0="11,68,129,24,18,81,95,71,108,134,74,122,123" hai1="39,97,73,3,20,36,117,12,47,45,100,96,84" hai2="82,31,61,28,56,21,57,46,69,53,51,6,103" hai3="89,50,29,127,118,104,77,59,124,42,107,35,70"/><U66/><E117/><V83/><F69/><W132/><G70/><T121/><D134/><U130/><E3/><V115/><F115/><W32/><G132/><T16/><D108/><U112/><E73/><V22/><F6/><W10/><G118/><T41/><D129/><U101/><E112/><V93/><F57/><W88/><G77/><T1/><D41/><U49/><E66/><V63/><F63/><W111/><G111/><T62/><D95/><U85/><E49/><V13/><F13/><W60/><G10/><T99/><D99/><U126/><E12/><V109/><F109/><W102/><G50/><T128/><D128/><U7/><E7/><V34/><F34/><N who="3" m="12843" /><G29/><T14/><D62/><U15/><E15/><V119/><F119/><W55/><G42/><T37/><D37/><U113/><E113/><V87/><F31/><W67/><G55/><T75/><D1/><U98/><E20/><V64/><F22/><W25/><G25/><T125/><D74/><U43/><E98/><N who="2" m="59855" /><F87/><W80/><G67/><T110/><D110/><U90/><E43/><V9/><F9/><W91/><G60/><T17/><D71/><U40/><E40/><V131/><F131/><W4/><G4/><N who="0" m="3431" /><D68/><U33/><E130/><V19/><F19/><W2/><G2/><T94/><D94/><U79/><E33/><V0/><F0/><W86/><G59/><T78/><D24/><AGARI ba="1,0" hai="21,24,28,46,51,53,56,61,64,82,83" m="59855" machi="24" ten="30,2000,0" yaku="25,1,8,1" doraHai="135" who="2" fromWho="0" sc="210,-23,345,0,215,23,230,0" /><INIT seed="2,0,0,3,3,69" ten="187,345,238,230" oya="2" hai0="37,125,99,34,44,79,31,98,66,9,53,114,13" hai1="89,38,19,46,52,119,45,90,118,18,107,33,27" hai2="129,102,20,105,15,81,56,106,51,86,95,121,108" hai3="84,96,36,16,11,35,47,80,48,117,120,5,88"/><V130/><F121/><W103/><G117/><T109/><D114/><U39/><E107/><V4/><F108/><W41/><G35/><T76/><D125/><U58/><E27/><V74/><F74/><W124/><G124/><T29/><D109/><U132/><E132/><V3/><F3/><W49/><G120/><T110/><D110/><U115/><E115/><V57/><F95/><W131/><G16/><T133/><D66/><U78/><E78/><V24/><F15/><W30/><G30/><T28/><D133/><U21/><E21/><V82/><F4/><W22/><G22/><T2/><D2/><U75/><E75/><V73/><F73/><W50/><G131/><N who="2" m="50185" /><F102/><W12/><REACH who="3" step="1"/><G50/><REACH who="3" ten="187,345,238,220" step="2"/><T32/><D34/><U6/><E33/><V91/><F51/><W59/><G59/><N who="2" m="22601" /><F82/><W101/><G101/><T65/><D32/><U92/><E58/><V10/><F10/><W8/><G8/><T23/><D31/><AGARI ba="0,1" hai="20,24,31,81,86,91,105,106" m="22601,50185" machi="31" ten="30,1500,0" yaku="19,1" doraHai="69" who="2" fromWho="0" sc="187,-15,345,0,238,25,220,0" /><INIT seed="2,1,0,2,3,94" ten="172,345,263,220" oya="2" hai0="10,102,77,25,93,27,128,0,64,96,121,23,99" hai1="46,126,75,50,51,16,74,133,57,84,89,60,125" hai2="32,116,76,2,11,112,61,12,42,79,26,62,59" hai3="14,45,90,120,82,4,111,65,106,15,119,48,69"/><V129/><F116/><W95/><G106/><T41/><D121/><U91/><E133/><V29/><F112/><W55/><G111/><T54/><D128/><U13/><E75/><V66/><F129/><W68/><G120/><T134/><D77/><U3/><E74/><V49/><F2/><W101/><G119/><T130/><D134/><U70/><E70/><V105/><F105/><W20/><G101/><T109/><D130/><U17/><E3/><V31/><F31/><W104/><G82/><T1/><D109/><U30/><E30/><V135/><F135/><W71/><G104/><T88/><D41/><U9/><E17/><V108/><F108/><W58/><G4/><T5/><D64/><U107/><E107/><V110/><F110/><W40/><G20/><T37/><D37/><U100/><E100/><V115/><F115/><W43/><G65/><T86/><D99/><U56/><E60/><V73/><F73/><W28/><G28/><T114/><D114/><U132/><E132/><V81/><F81/><W80/><G80/><T124/><D124/><N who="1" m="47723" /><E91/><V123/><F62/><W24/><G24/><T98/><D98/><U35/><E35/><V53/><F42/><W18/><G18/><T6/><D54/><N who="1" m="30039" /><E51/><V36/><F36/><W44/><G40/><T78/><D78/><U122/><E122/><V52/><F53/><W97/><REACH who="3" step="1"/><G44/><REACH who="3" ten="172,345,263,210" step="2"/><T117/><D23/><U63/><E63/><AGARI ba="1,1" hai="14,15,43,45,48,55,58,63,68,69,71,90,95,97" machi="63" ten="40,12000,2" yaku="1,1,2,1,52,1,53,3" doraHai="94" doraHaiUra="67" who="3" fromWho="1" sc="172,0,345,-123,263,0,210,133" /><INIT seed="3,0,0,1,0,70" ten="172,222,263,343" oya="3" hai0="96,16,113,132,55,69,79,20,35,88,39,63,7" hai1="29,131,107,8,108,101,97,118,73,65,25,17,60" hai2="21,23,105,100,44,80,28,83,46,90,119,129,82" hai3="72,57,117,61,91,104,112,86,75,84,128,15,81"/><W103/><G112/><T52/><D132/><U94/><E108/><V98/><F119/><W5/><G117/><T59/><D113/><U48/><E118/><V64/><F129/><W109/><G128/><T18/><D35/><U135/><E131/><V32/><F32/><W122/><G122/><T125/><D79/><U41/><E135/><V11/><F90/><W12/><G109/><T110/><D110/><U87/><E73/><V127/><F127/><W77/><G104/><T30/><D125/><U99/><E87/><V47/><F28/><W115/><G103/><T45/><D7/><U22/><E48/><V53/><F53/><W0/><G0/><T37/><D69/><U68/><E41/><V130/><F130/><W116/><G115/><T89/><D30/><U78/><E78/><V13/><F64/><W93/><G116/><T1/><D1/><U111/><E111/><V120/><F120/><W92/><G92/><T58/><D45/><U106/><E8/><V71/><F71/><W74/><REACH who="3" step="1"/><G5/><REACH who="3" ten="172,222,263,333" step="2"/><T24/><D96/><U27/><E99/><V102/><F98/><W51/><G51/><T6/><D6/><U62/><E62/><V123/><F105/><W36/><G36/><T26/><REACH who="0" step="1"/><D63/><REACH who="0" ten="162,222,263,333" step="2"/><U50/><REACH who="1" step="1"/><E50/><REACH who="1" ten="162,212,263,333" step="2"/><V14/><F123/><W4/><G4/><T76/><D76/><U133/><E133/><V38/><F38/><W124/><G124/><T31/><D31/><U67/><E67/><AGARI ba="0,3" hai="12,15,57,61,67,72,74,75,77,81,84,86,91,93" machi="67" ten="40,2000,0" yaku="1,1,53,0" doraHai="70" doraHaiUra="40" who="3" fromWho="1" sc="162,0,212,-20,263,0,333,50" owari="162,-34.0,192,-21.0,263,6.0,383,49.0" /></mjloggm>