<mjloggm ver="2.3"><GO type="169" lobby="0"/><UN n0="%66%6F%6F%6C%5F%6B%65%79" n1="%E9%81%8A%E8%B5%B0" n2="%EF%BC%88%E2%89%A7%E2%96%BD%E2%89%A6%EF%BC%89" n3="%E3%82%B9%E3%82%A7%E3%83%B3%E3%83%80%E3%83%BC" dan="16,16,19,16" rate="2052.73,2111.86,2311.43,2073.37" sx="M,F,M,M"/><TAIKYOKU oya="0"/><INIT seed="0,0,0,4,2,23" ten="250,250,250,250" oya="0" hai0="115,36,63,66,95,40,125,41,117,39,60,123,109" hai1="61,25,108,101,43,129,118,120,29,26,78,72,80" hai2="77,31,20,34,70,64,130,104,99,4,0,65,2" hai3="13,84,37,127,52,27,8,50,69,12,114,73,56"/><T92/><D115/><U44/><E120/><V97/><F130/><W110/><G73/><T122/><D117/><U88/><E118/><V45/><F34/><W119/><G114/><T59/><D95/><U17/><E129/><V67/><F70/><W30/><G119/><T58/><D92/><U51/><E108/><V76/><F45/><W28/><G69/><T106/><D106/><U87/><E101/><V132/><F132/><W11/><G37/><T9/><D9/><U135/><E135/><V90/><F104/><W111/><G127/><T96/><D96/><U121/><E121/><V131/><F131/><W21/><G30/><T126/><REACH who="0" step="1"/><D66/><REACH who="0" ten="240,250,250,250" step="2"/><U102/><E102/><V116/><F65/><W113/><G113/><T71/><D71/><U93/><E29/><V47/><F31/><W19/><REACH who="3" step="1"/><G84/><REACH who="3" ten="240,250,250,240" step="2"/><T24/><D24/><U100/><E87/><V54/><F116/><W79/><G79/><T134/><D134/><U89/><E78/><V85/><F77/><W48/><G48/><T128/><D128/><U5/><E51/><V94/><F76/><W38/><G38/><T10/><D10/><U82/><E72/><V18/><F85/><W55/><G55/><T68/><D68/><U107/><E61/><V62/><F62/><W33/><G33/><T91/><D91/><U83/><E89/><V6/><F90/><W46/><G46/><T3/><D3/><U98/><E44/><V42/><F47/><W35/><G35/><T74/><D74/><U22/><E88/><V49/><F0/><W1/><G1/><T81/><D81/><U15/><E82/><RYUUKYOKU ba="0,2" sc="240,15,250,-15,250,-15,240,15" hai0="36,39,40,41,58,59,60,63,109,122,123,125,126" hai3="8,11,12,13,19,21,27,28,50,52,56,110,111" /><INIT seed="0,1,2,0,2,20" ten="255,235,235,255" oya="0" hai0="99,44,36,19,114,100,86,2,124,88,34,46,115" hai1="27,113,65,57,97,70,15,80,95,79,24,54,9" hai2="29,105,71,18,117,47,98,133,11,35,75,16,45" hai3="49,123,84,111,25,39,121,92,119,23,118,59,76"/><T120/><D2/><U67/><E70/><V51/><F75/><W3/><G39/><T8/><D34/><U64/><E113/><V4/><F71/><W96/><G3/><T5/><D120/><N who="3" m="46153" /><G111/><T82/><D5/><N who="1" m="3503" /><E80/><V130/><F117/><W41/><G84/><T7/><D7/><U56/><E79/><V116/><F116/><W72/><G76/><T1/><D1/><U87/><E87/><V37/><F37/><W28/><G72/><T108/><D36/><U126/><E126/><V22/><F35/><W62/><G49/><T85/><D124/><U91/><E57/><V58/><F58/><W127/><G41/><T129/><D108/><U122/><E122/><V60/><F4/><W52/><G127/><T33/><D33/><U131/><E131/><V13/><F130/><W0/><G0/><T38/><D129/><U78/><E78/><V112/><F112/><W63/><G63/><AGARI ba="1,2" hai="24,27,54,56,63,64,65,67,91,95,97" m="3503" machi="63" ten="30,3900,0" yaku="8,1,52,2" doraHai="20" who="1" fromWho="3" sc="255,0,235,62,235,0,255,-42" /><INIT seed="1,0,0,1,0,61" ten="255,297,235,213" oya="1" hai0="13,123,50,6,5,88,4,87,55,106,101,0,47" hai1="7,29,81,110,46,111,3,18,117,85,49,45,132" hai2="74,135,93,134,131,79,39,68,80,16,100,63,116" hai3="15,41,76,75,10,19,22,30,66,124,64,33,77"/><U126/><E117/><V35/><F116/><W62/><G124/><T118/><D118/><U53/><E126/><V60/><F39/><W38/><G62/><T40/><D123/><U65/><E132/><N who="2" m="50731" /><F131/><W20/><G38/><T95/><D13/><U54/><E29/><V107/><F35/><W28/><G41/><T90/><D90/><U113/><E113/><V70/><F107/><W82/><G76/><T67/><D67/><N who="3" m="25641" /><G33/><T91/><D91/><U96/><E65/><V98/><F63/><W58/><G75/><T17/><D17/><U8/><E96/><V36/><F60/><W43/><G43/><T119/><D119/><U94/><E18/><V51/><F36/><W37/><G37/><T72/><D72/><U108/><E94/><V122/><F122/><W24/><G58/><T59/><D101/><U21/><E21/><N who="3" m="8298" /><G24/><T32/><D32/><U103/><E46/><V127/><F127/><W12/><G12/><T121/><D106/><U84/><E54/><V56/><F70/><W42/><G42/><T52/><D121/><U104/><E104/><V133/><F68/><W130/><G130/><T89/><D0/><U83/><REACH who="1" step="1"/><E103/><REACH who="1" ten="255,287,235,213" step="2"/><V86/><F133/><W9/><G9/><T23/><D59/><U25/><E25/><V57/><F57/><W102/><G102/><T112/><D112/><U73/><E73/><V34/><F74/><N who="3" m="43319" /><G30/><T14/><D23/><U109/><N who="1" m="27648" /><DORA hai="11" /><U129/><E129/><V69/><F69/><W125/><G28/><T120/><D120/><U92/><E92/><V26/><F100/><W105/><G125/><T1/><D95/><RYUUKYOKU ba="0,1" sc="255,-15,287,15,235,-15,213,15" hai1="3,7,8,45,49,53,81,83,84,85" hai3="10,15,19,105" /><INIT seed="1,1,1,1,5,124" ten="240,302,220,228" oya="1" hai0="33,98,58,55,10,43,64,20,96,5,52,2,62" hai1="8,78,9,101,102,13,37,67,32,34,76,71,21" hai2="94,35,108,65,50,30,54,19,85,75,123,72,83" hai3="1,93,70,47,99,103,0,7,38,69,87,60,77"/><U126/><E37/><V106/><F123/><W40/><G60/><T24/><D33/><U6/><E71/><V122/><F106/><W135/><G135/><T118/><D118/><U114/><E67/><V59/><F122/><W128/><G1/><T120/><D120/><U110/><E114/><V132/><F132/><W127/><G127/><T105/><D43/><U14/><E126/><V89/><F108/><W57/><G57/><T39/><D39/><U111/><E21/><V61/><F19/><W119/><G119/><T27/><D27/><U3/><E6/><V134/><F134/><W41/><G41/><T81/><D81/><U90/><E90/><V31/><F35/><W49/><G38/><T112/><D112/><U29/><REACH who="1" step="1"/><E3/><REACH who="1" ten="240,292,220,228" step="2"/><V73/><REACH who="2" step="1"/><F83/><REACH who="2" ten="240,292,210,228" step="2"/><N who="3" m="47599" /><G7/><T12/><D5/><U121/><E121/><V36/><F36/><W91/><G0/><T46/><D2/><U42/><E42/><V116/><F116/><W4/><G4/><T74/><D55/><U97/><E97/><V109/><F109/><W68/><G99/><T95/><D98/><U26/><E26/><V48/><F48/><W28/><G49/><T17/><D96/><U25/><E25/><V15/><F15/><W82/><G40/><T129/><D24/><U23/><E23/><V45/><AGARI ba="1,3" hai="30,31,45,50,54,59,61,65,72,73,75,85,89,94" machi="45" ten="30,8000,1" yaku="1,1,0,1,53,3" doraHai="124" doraHaiUra="104" who="2" fromWho="2" sc="240,-21,292,-41,210,113,228,-21" /><INIT seed="2,0,0,0,5,119" ten="219,251,323,207" oya="2" hai0="68,88,94,53,24,27,122,23,112,90,69,37,51" hai1="131,121,41,110,91,16,46,4,95,61,75,133,64" hai2="77,58,111,13,5,11,29,48,100,70,84,104,130" hai3="72,2,28,9,43,0,57,30,96,81,42,50,114"/><V124/><F70/><W35/><G114/><T19/><D112/><U108/><E75/><V8/><F130/><W1/><G9/><T73/><D37/><U109/><E131/><V22/><F124/><W89/><G35/><T117/><D73/><U86/><E4/><V102/><F104/><W63/><G72/><T62/><D117/><U71/><E133/><V54/><F111/><W79/><G79/><T20/><D122/><U105/><E105/><V34/><F34/><W59/><G81/><T74/><D74/><U47/><E121/><V18/><F29/><W99/><G1/><T126/><D126/><U40/><REACH who="1" step="1"/><E16/><REACH who="1" ten="219,241,323,207" step="2"/><V125/><F125/><W49/><G63/><T107/><D107/><U21/><E21/><V127/><F127/><W118/><G118/><T44/><D62/><U55/><E55/><V45/><F22/><W32/><G32/><T52/><D53/><U132/><E132/><V33/><F33/><W17/><G17/><T65/><D65/><U98/><E98/><V36/><F18/><W7/><G7/><T93/><D23/><U97/><E97/><V60/><F11/><W3/><G3/><T6/><D6/><U12/><E12/><V31/><F13/><W56/><G99/><T38/><D27/><U135/><E135/><V26/><F5/><W116/><G116/><T67/><D67/><U25/><E25/><V106/><F26/><W82/><G96/><T85/><D38/><U123/><E123/><V101/><F36/><W39/><G0/><T15/><D24/><U129/><E129/><V113/><F106/><W78/><G2/><RYUUKYOKU ba="0,1" sc="219,15,241,15,323,-15,207,-15" hai0="15,19,20,44,51,52,68,69,85,88,90,93,94" hai1="40,41,46,47,61,64,71,86,91,95,108,109,110" /><INIT seed="3,1,1,1,1,120" ten="234,256,308,192" oya="3" hai0="21,52,91,17,106,83,103,45,47,97,112,90,32" hai1="15,30,79,96,125,110,70,93,126,86,64,18,16" hai2="36,65,87,68,11,46,54,55,81,130,84,75,88" hai3="51,69,5,95,114,2,118,117,116,132,76,92,33"/><W134/><G69/><T89/><D112/><U38/><E38/><V63/><F75/><W108/><G114/><T58/><D32/><U60/><E30/><V133/><F133/><N who="3" m="51307" /><G51/><T24/><REACH who="0" step="1"/><D83/><REACH who="0" ten="224,256,308,192" step="2"/><U128/><E128/><V23/><F81/><W4/><G33/><T31/><D31/><U73/><E126/><V129/><F129/><W82/><G108/><T127/><D127/><U111/><E110/><V48/><F130/><W50/><G50/><AGARI ba="1,2" hai="17,21,24,45,47,50,52,58,89,90,91,97,103,106" machi="50" ten="40,2600,0" yaku="1,1,54,1,53,0" doraHai="120" doraHaiUra="39" who="0" fromWho="3" sc="224,49,256,0,308,0,192,-29" /><INIT seed="4,0,0,0,1,2" ten="273,256,308,163" oya="0" hai0="46,112,55,111,67,84,68,72,62,127,101,10,134" hai1="103,56,120,105,53,86,69,83,108,42,25,81,9" hai2="95,19,65,63,125,16,1,129,48,89,6,12,87" hai3="4,61,102,5,36,60,64,29,130,97,17,44,98"/><T122/><D72/><U37/><E120/><V75/><F75/><W76/><G29/><T126/><D122/><U88/><E69/><V57/><F125/><N who="0" m="47626" /><D101/><U73/><E108/><V90/><F129/><W51/><G36/><T110/><D84/><U80/><E25/><V39/><F39/><W22/><G130/><T8/><D112/><U24/><E24/><V26/><F1/><W11/><G76/><T38/><D134/><U43/><E37/><V30/><F48/><W3/><G3/><T71/><D8/><U35/><E35/><V117/><F117/><W99/><G11/><T66/><D10/><U74/><E74/><V104/><F104/><W113/><G113/><T132/><D132/><U45/><E73/><V135/><F135/><W70/><G61/><N who="0" m="40015" /><D55/><U93/><E9/><N who="2" m="4151" /><F89/><W121/><G102/><T131/><D131/><U58/><E103/><V31/><F26/><W27/><G121/><T115/><D115/><U91/><E105/><V77/><F77/><W34/><REACH who="3" step="1"/><G34/><REACH who="3" ten="273,256,308,153" step="2"/><T20/><D20/><U54/><E91/><V124/><F124/><W109/><G109/><T107/><D107/><U40/><E88/><V128/><F128/><W100/><G100/><T114/><D114/><U14/><E86/><V41/><F30/><W119/><G119/><T47/><D38/><U18/><E81/><V7/><F31/><W94/><G94/><T92/><D92/><U33/><E93/><V116/><F116/><W85/><G85/><T49/><D111/><U82/><E33/><V79/><F95/><W123/><G123/><T106/><D110/><U32/><E32/><RYUUKYOKU ba="0,1" sc="273,-10,256,-10,308,-10,153,30" hai3="4,5,17,22,27,44,51,60,64,70,97,98,99" /><INIT seed="5,1,1,0,1,32" ten="263,246,298,183" oya="1" hai0="102,4,67,18,31,63,70,57,48,73,122,41,131" hai1="40,83,79,47,98,85,133,39,125,28,103,118,74" hai2="38,29,53,123,12,72,34,7,95,88,91,11,54" hai3="55,1,114,105,121,61,42,106,124,22,30,90,80"/><U46/><E118/><V86/><F123/><W101/><G121/><T127/><D122/><U8/><E133/><V130/><F38/><W134/><G134/><T104/><D73/><U62/><E125/><V15/><F72/><W52/><G124/><T64/><D127/><U26/><E47/><V100/><F130/><W60/><G42/><T81/><D131/><U94/><E62/><V99/><F34/><W68/><G80/><T24/><D67/><U97/><E97/><V37/><F29/><W3/><G30/><T13/><D4/><U111/><E111/><V36/><F36/><W10/><G22/><T14/><D81/><U78/><E8/><N who="2" m="4127" /><F37/><W21/><G21/><T93/><D93/><U76/><REACH who="1" step="1"/><E74/><REACH who="1" ten="263,236,298,183" step="2"/><V2/><F100/><W71/><G10/><N who="0" m="6455" /><D63/><U23/><AGARI ba="1,2" hai="23,26,28,39,40,46,76,78,79,83,85,94,98,103" machi="23" ten="20,3900,0" yaku="1,1,0,1,7,1,53,0" doraHai="32" doraHaiUra="50" who="1" fromWho="1" sc="263,-14,236,62,298,-14,183,-14" /><INIT seed="5,2,0,4,1,98" ten="249,298,284,169" oya="1" hai0="77,40,107,30,100,9,114,90,34,73,64,51,117" hai1="135,101,88,113,36,121,61,22,32,102,13,47,63" hai2="104,44,106,116,69,55,82,26,11,58,97,2,35" hai3="33,133,75,48,29,41,10,23,3,125,8,92,72"/><U112/><E121/><V49/><F69/><W115/><G41/><T67/><D117/><U79/><E79/><V14/><F2/><W4/><G48/><T38/><D38/><U91/><E32/><V5/><F116/><W60/><G60/><N who="1" m="23114" /><E135/><V28/><F82/><W124/><G92/><T18/><D77/><U66/><E66/><V123/><F123/><W83/><G83/><T20/><D73/><U21/><E36/><V120/><F120/><W68/><G68/><T128/><D114/><N who="1" m="44139" /><E47/><V7/><F7/><W105/><G115/><T94/><D128/><U131/><E131/><V81/><F81/><W19/><G33/><T24/><D9/><U126/><E126/><V59/><F59/><W53/><G10/><T6/><D40/><U108/><E108/><V95/><REACH who="2" step="1"/><F58/><REACH who="2" ten="249,298,274,169" step="2"/><W103/><G125/><T96/><D6/><U127/><E127/><V0/><F0/><W45/><G124/><T65/><D51/><U25/><E13/><V99/><F99/><W52/><G4/><T86/><D65/><U62/><E62/><V42/><F42/><W70/><G3/><T134/><D134/><U87/><E25/><AGARI ba="2,1" hai="18,20,24,25,30,34,64,67,86,90,94,96,100,107" machi="25" ten="30,2000,0" yaku="7,1,52,1" doraHai="98" who="0" fromWho="1" sc="249,36,298,-26,274,0,169,0" /><INIT seed="6,0,0,2,2,41" ten="285,272,274,169" oya="2" hai0="130,97,79,119,54,32,19,50,68,99,12,1,104" hai1="109,25,116,65,135,105,129,100,125,94,7,23,63" hai2="24,43,39,106,107,86,37,60,67,134,74,62,132" hai3="131,87,76,126,64,128,78,17,120,88,101,30,46"/><V58/><F74/><W29/><G120/><T42/><D68/><U3/><E116/><V75/><F75/><W82/><G126/><T36/><D1/><U5/><E109/><V66/><F24/><W9/><G64/><T55/><D32/><U98/><E125/><V47/><F86/><W48/><G101/><T71/><D71/><U49/><E135/><N who="2" m="51755" /><F37/><W44/><G48/><T72/><D36/><U26/><E129/><N who="3" m="49738" /><G9/><T96/><D130/><U61/><E105/><V8/><F8/><W103/><G17/><T34/><D104/><U81/><E81/><V85/><F85/><N who="3" m="48327" /><G103/><T13/><D79/><U70/><E3/><V38/><F39/><W51/><G51/><T28/><D72/><U108/><E108/><V18/><F18/><W4/><G4/><T53/><D28/><N who="3" m="10857" /><G78/><T31/><D31/><U6/><E61/><V27/><F27/><W35/><G35/><T2/><D2/><U21/><E25/><V133/><F133/><W20/><G20/><T95/><D34/><U16/><E23/><V114/><F114/><W69/><G69/><AGARI ba="0,0" hai="38,43,47,58,60,62,66,67,69,106,107" m="51755" machi="69" ten="30,2900,0" yaku="20,1,52,1" doraHai="41" who="2" fromWho="3" sc="285,0,272,0,274,29,169,-29" /><INIT seed="6,1,0,2,5,3" ten="285,272,303,140" oya="2" hai0="62,82,133,130,99,44,93,35,104,135,33,114,134" hai1="120,100,53,78,16,37,55,28,73,57,102,69,105" hai2="25,49,118,123,45,108,42,111,129,119,81,6,101" hai3="88,17,65,112,83,0,107,97,128,63,77,15,20"/><V34/><F101/><W125/><G125/><T12/><D104/><U132/><E69/><V115/><F81/><W10/><G128/><T47/><D114/><U24/><E37/><V98/><F98/><W59/><G112/><T87/><D130/><U76/><E120/><V43/><F129/><W54/><G107/><T103/><D62/><U121/><E121/><V29/><F123/><W50/><G0/><T21/><D21/><N who="1" m="13351" /><E73/><V72/><F72/><W4/><G77/><N who="1" m="29802" /><E105/><V89/><F115/><W48/><G97/><T2/><D2/><U41/><E132/><V7/><F43/><W85/><G20/><T80/><D12/><U124/><E124/><V94/><F118/><W38/><G38/><T92/><D92/><U68/><E68/><V52/><F42/><W1/><G1/><T19/><D19/><U122/><E122/><V106/><F106/><W79/><G50/><T126/><D126/><U110/><E110/><N who="2" m="42027" /><F119/><W8/><G79/><N who="0" m="46495" /><D82/><U27/><E41/><V70/><F70/><W9/><REACH who="3" step="1"/><G17/><REACH who="3" ten="285,272,303,130" step="2"/><T66/><D33/><U75/><E102/><V22/><F34/><W60/><G60/><T95/><D35/><U32/><E100/><V13/><F22/><W14/><G14/><T18/><D18/><U84/><E75/><V36/><F13/><W40/><G40/><T56/><D135/><U58/><E84/><N who="2" m="52519" /><F36/><W11/><G11/><T91/><D134/><U86/><E86/><V51/><F49/><W30/><G30/><T109/><D133/><U39/><E39/><V96/><F51/><W116/><G116/><T131/><D109/><U64/><E58/><AGARI ba="1,1" hai="4,8,9,10,15,48,54,58,59,63,65,83,85,88" machi="58" ten="30,12000,2" yaku="1,1,6,1,7,1,8,1,52,1,54,1,53,0" doraHai="3" doraHaiUra="117" who="3" fromWho="1" sc="285,0,272,-123,303,0,130,133" /><INIT seed="7,0,0,3,2,7" ten="285,149,303,263" oya="3" hai0="105,114,77,62,88,14,55,27,31,54,16,35,18" hai1="107,90,135,29,100,94,60,42,36,44,70,49,86" hai2="98,64,115,81,57,59,134,22,103,34,119,12,85" hai3="125,97,76,84,21,111,120,50,133,82,122,124,0"/><W46/><G0/><T28/><D105/><U102/><E135/><V41/><F34/><W13/><G133/><T78/><D114/><U53/><E107/><V106/><F119/><W121/><G111/><T92/><D31/><U63/><E29/><V52/><F134/><W132/><G132/><T1/><D1/><U95/><E95/><V58/><F41/><W5/><G97/><T40/><D40/><U87/><E87/><V128/><F64/><W104/><G104/><T109/><D109/><U26/><E26/><V30/><F128/><W6/><G6/><T69/><D18/><U65/><REACH who="1" step="1"/><E63/><REACH who="1" ten="285,139,303,263" step="2"/><V96/><F30/><W68/><G68/><T23/><D78/><U130/><E130/><V32/><F106/><W127/><G121/><T75/><D77/><U51/><E51/><V89/><F85/><W19/><REACH who="3" step="1"/><G5/><REACH who="3" ten="285,139,303,253" step="2"/><T20/><D75/><U71/><E71/><V11/><F96/><W33/><G33/><T61/><D35/><U116/><E116/><V24/><F98/><W37/><G37/><T15/><D69/><U8/><E8/><V48/><F11/><W9/><G9/><T99/><D23/><U56/><AGARI ba="0,2" hai="36,42,44,49,53,56,60,65,70,86,90,94,100,102" machi="56" ten="20,12000,2" yaku="1,1,0,1,7,1,24,2,53,1" doraHai="7" doraHaiUra="38" who="1" fromWho="1" sc="285,-30,139,140,303,-30,253,-60" /><INIT seed="8,0,0,5,3,32" ten="255,279,273,193" oya="0" hai0="124,112,111,66,31,98,60,117,86,3,63,29,4" hai1="110,59,113,0,118,19,70,133,67,14,75,56,5" hai2="9,22,135,92,8,58,94,7,12,106,102,17,15" hai3="120,34,27,108,116,134,68,73,11,49,43,46,21"/><T40/><D117/><U77/><E110/><V48/><F135/><W51/><G116/><T125/><D112/><U6/><E118/><V42/><F106/><W18/><G134/><T44/><D111/><U128/><E133/><V88/><F102/><W129/><G108/><T78/><D98/><U114/><E128/><V107/><F107/><W90/><G129/><T131/><D131/><U69/><E77/><V53/><F42/><W119/><G119/><T115/><D115/><N who="1" m="44043" /><E75/><V26/><REACH who="2" step="1"/><F88/><REACH who="2" ten="255,279,263,193" step="2"/><W89/><G120/><T71/><D78/><U123/><E123/><V65/><F65/><W122/><G122/><T91/><D124/><U93/><E93/><V101/><F101/><W121/><G121/><T103/><D103/><U52/><E67/><V104/><F104/><W84/><G68/><N who="1" m="26218" /><E0/><V61/><F61/><W57/><G89/><T23/><D125/><U45/><E45/><V127/><F127/><W10/><G73/><T105/><D105/><U109/><E109/><V82/><F82/><N who="3" m="49431" /><G34/><T37/><D63/><N who="1" m="36231" /><E59/><V36/><F36/><W62/><G51/><T83/><D60/><U13/><E13/><V126/><F126/><W130/><G130/><T64/><D71/><U99/><E99/><V87/><F87/><W39/><G39/><T2/><D66/><AGARI ba="0,1" hai="10,11,18,21,27,43,46,49,57,62,66" m="49431" machi="66" ten="30,1000,0" yaku="8,1" doraHai="32" who="3" fromWho="0" sc="255,-10,279,0,263,0,193,20" /><INIT seed="9,0,0,3,3,115" ten="245,279,263,213" oya="1" hai0="122,49,87,14,95,131,56,117,84,91,111,120,28" hai1="68,105,1,65,70,35,121,124,85,94,107,80,55" hai2="18,51,88,99,64,63,75,45,104,60,0,46,108" hai3="53,86,4,127,13,130,77,74,129,114,17,133,37"/><U6/><E94/><N who="2" m="56775" /><F0/><W44/><G114/><T101/><D111/><U98/><E121/><N who="0" m="46697" /><D131/><N who="3" m="50185" /><G74/><T20/><D101/><U100/><E107/><V10/><F75/><W83/><G133/><T41/><D87/><U113/><E113/><V78/><F78/><W50/><G127/><T97/><D84/><U30/><E55/><V8/><F104/><W2/><G2/><T5/><D5/><U59/><E124/><V3/><F3/><W24/><G4/><T58/><D117/><U36/><E36/><V110/><F110/><W42/><G24/><N who="0" m="16391" /><D14/><U21/><E35/><V47/><F108/><W79/><G79/><T93/><D93/><U22/><E6/><V15/><F64/><W109/><G109/><T34/><D34/><U11/><E1/><V82/><F82/><W25/><G25/><T69/><D69/><U126/><E80/><V54/><F8/><N who="3" m="6311" /><G53/><T33/><D33/><U32/><E126/><V103/><F103/><W9/><G9/><T112/><D112/><U89/><E11/><V23/><F10/><W39/><AGARI ba="0,0" hai="37,39,42,44,50,77,83,86" m="6311,50185" machi="39" ten="30,1100,0" yaku="19,1" doraHai="115" who="3" fromWho="3" sc="245,-3,279,-5,263,-3,213,11" /><INIT seed="10,0,0,2,5,56" ten="242,274,260,224" oya="2" hai0="80,105,32,13,21,68,110,50,131,33,92,112,8" hai1="64,72,117,125,123,67,30,45,89,88,4,100,14" hai2="99,126,102,95,101,23,83,70,36,46,51,12,79" hai3="109,57,37,19,60,17,120,75,16,66,26,61,65"/><V78/><F36/><W63/><G109/><T55/><D105/><U113/><E113/><V133/><F133/><W0/><G120/><T130/><D110/><U104/><E72/><V18/><F126/><W124/><G124/><T91/><D112/><U74/><E74/><V10/><F70/><W49/><G75/><T84/><D68/><U9/><E125/><V43/><F102/><W29/><G37/><T96/><D21/><U27/><E117/><V86/><REACH who="2" step="1"/><F23/><REACH who="2" ten="242,274,250,224" step="2"/><N who="3" m="15583" /><G0/><T59/><D131/><U87/><E100/><V108/><F108/><W6/><G6/><T82/><D130/><U93/><E4/><V28/><F28/><W34/><G34/><T47/><D33/><U77/><E30/><V73/><F73/><W76/><G76/><AGARI ba="0,1" hai="10,12,18,43,46,51,76,78,79,83,86,95,99,101" machi="76" ten="30,11600,0" yaku="1,1,7,1,8,1,53,1" doraHai="56" doraHaiUra="5" who="2" fromWho="3" sc="242,0,274,0,250,126,224,-116" owari="242,-16.0,274,7.0,376,48.0,108,-39.0" /></mjloggm>