<mjloggm ver="2.3"><GO type="97" lobby="0"/><UN n0="%70%69%6E%65%68%69%6C%6C" n1="%E5%B7%9D%E6%9D%91" n2="%E5%8B%87%E5%88%A9%E3%81%8C%E6%9C%89%E5%88%A9" n3="%E3%82%A6%E3%83%AB%E3%83%88%E3%83%A9%E7%AB%8B%E7%9B%B4" dan="13,15,15,15" rate="1838.66,2021.98,1927.45,2021.60" sx="M,M,M,M"/><TAIKYOKU oya="0"/><INIT seed="0,0,0,2,5,106" ten="250,250,250,250" oya="0" hai0="130,50,120,102,59,97,114,125,82,19,127,58,126" hai1="91,77,131,98,62,23,111,27,88,35,53,73,135" hai2="18,86,31,32,7,66,14,37,118,56,95,26,39" hai3="133,8,122,43,16,74,71,38,108,21,42,81,124"/><T96/><D114/><U10/><E35/><V17/><F118/><W41/><G71/><T45/><D120/><U116/><E116/><V90/><F7/><W47/><G122/><T44/><D130/><U104/><E131/><V33/><F33/><W92/><G124/><T49/><D19/><U11/><E111/><V78/><F18/><W12/><G108/><T119/><D82/><U34/><E34/><V132/><F132/><W64/><G64/><T134/><D119/><U69/><E135/><V103/><F103/><W80/><G133/><T113/><D102/><U61/><E62/><V129/><F129/><W52/><G92/><T87/><D87/><U85/><E73/><V128/><F78/><W79/><G81/><T22/><D134/><U48/><E77/><V123/><F123/><W25/><REACH who="3" step="1"/><G52/><REACH who="3" ten="250,250,250,240" step="2"/><T46/><D113/><U54/><E53/><V99/><F128/><W60/><G60/><T121/><D121/><U117/><E54/><V65/><F65/><W36/><G36/><T29/><D29/><AGARI ba="0,1" hai="8,12,16,21,25,29,38,41,42,43,47,74,79,80" machi="29" ten="30,8000,1" yaku="1,1,7,1,52,1,54,1,53,1" doraHai="106" doraHaiUra="13" who="3" fromWho="0" sc="250,-80,250,0,250,0,240,90" /><INIT seed="1,0,0,2,4,6" ten="170,250,250,330" oya="1" hai0="114,128,113,32,76,33,62,43,35,0,51,81,101" hai1="11,121,52,119,79,69,83,100,87,127,65,25,80" hai2="4,19,68,24,126,64,17,75,57,50,77,15,31" hai3="53,13,103,3,118,56,109,36,45,82,94,46,49"/><U104/><E119/><V41/><F126/><W112/><G3/><T59/><D0/><U16/><E121/><V133/><F133/><W132/><G112/><T63/><D101/><U8/><E127/><V27/><F4/><W10/><G109/><T78/><D128/><U29/><E104/><V74/><F68/><W95/><G36/><T106/><D106/><U73/><E100/><V47/><F19/><W2/><G2/><T38/><D38/><U86/><E73/><V129/><F129/><W90/><G132/><T115/><D43/><U91/><E52/><V120/><F120/><W111/><G111/><T93/><D93/><N who="3" m="35337" /><G103/><T85/><D76/><U124/><E16/><V67/><F77/><W23/><G23/><T44/><D59/><U70/><E124/><V42/><F75/><W135/><G135/><T5/><D5/><U1/><E1/><V105/><F74/><W9/><G13/><T117/><D117/><U34/><E70/><V72/><F72/><W125/><G118/><T123/><D123/><U110/><REACH who="1" step="1"/><E110/><REACH who="1" ten="170,240,250,330" step="2"/><V89/><F105/><W12/><G125/><T26/><D115/><U88/><E88/><V99/><F89/><W58/><G12/><T71/><D71/><U131/><E131/><V21/><F15/><W30/><G90/><T98/><D114/><U60/><AGARI ba="0,1" hai="8,11,25,29,34,60,65,69,79,80,83,86,87,91" machi="60" ten="30,11700,0" yaku="1,1,0,1,52,2,53,0" doraHai="6" doraHaiUra="39" who="1" fromWho="1" sc="170,-39,240,127,250,-39,330,-39" /><INIT seed="1,1,0,4,1,117" ten="131,367,211,291" oya="1" hai0="135,74,100,39,91,41,30,79,8,9,23,26,7" hai1="32,60,18,88,86,118,99,15,94,75,37,67,98" hai2="81,90,106,77,113,59,29,0,66,10,68,36,101" hai3="96,102,40,22,70,27,56,116,5,73,61,58,132"/><U48/><E37/><V51/><F113/><W24/><G73/><T2/><D9/><U34/><E75/><V33/><F36/><W49/><G70/><T128/><D128/><U126/><E48/><V78/><F0/><W123/><G132/><T72/><D135/><U17/><E17/><V55/><F10/><W6/><G123/><T84/><D100/><U12/><E12/><V130/><F130/><W20/><G116/><T133/><D133/><U120/><E120/><V57/><F68/><W93/><G40/><T45/><REACH who="0" step="1"/><D79/><REACH who="0" ten="121,367,211,291" step="2"/><U65/><E118/><V25/><F101/><W112/><G102/><T134/><D134/><U38/><E126/><V82/><F78/><W53/><G112/><T129/><D129/><U104/><E104/><V114/><F77/><W28/><G5/><T35/><D35/><U42/><E34/><V124/><F124/><W13/><G6/><T127/><D127/><U119/><E32/><V63/><F106/><W19/><G22/><T108/><D108/><U103/><E119/><V95/><F114/><W87/><G20/><T54/><D54/><U4/><E103/><V83/><F33/><W85/><G53/><T46/><D46/><U1/><E4/><V111/><F111/><W80/><G56/><T89/><D89/><U50/><E88/><V14/><F90/><W62/><G58/><T3/><D3/><U125/><E1/><V11/><F55/><W44/><G44/><T109/><D109/><U31/><E125/><V110/><F110/><W69/><G69/><T43/><D43/><U131/><E42/><V107/><F59/><RYUUKYOKU ba="1,1" sc="121,30,367,-10,211,-10,291,-10" hai0="2,7,8,23,26,30,39,41,45,72,74,84,91" /><INIT seed="2,2,1,5,0,3" ten="151,357,201,281" oya="2" hai0="126,118,23,9,56,58,115,33,97,49,134,135,103" hai1="106,14,32,70,27,64,82,18,71,37,79,17,20" hai2="38,75,73,85,72,46,120,34,129,57,35,55,48" hai3="128,96,113,43,130,53,36,111,121,104,66,12,40"/><V4/><F120/><W100/><G66/><T98/><D115/><U62/><E37/><V84/><F129/><N who="3" m="49771" /><G121/><T51/><D33/><U47/><E106/><V87/><F38/><W1/><G1/><T110/><D23/><U28/><E47/><V92/><F92/><W101/><G111/><T88/><D110/><U94/><E94/><V21/><F21/><W25/><G36/><T54/><D126/><U131/><E131/><V39/><F39/><W132/><G113/><T76/><D76/><U10/><E71/><V19/><F19/><W41/><G132/><T8/><D103/><U61/><E61/><V109/><F109/><W107/><G25/><T2/><D2/><U77/><REACH who="1" step="1"/><E82/><REACH who="1" ten="151,347,201,281" step="2"/><V125/><F125/><W114/><G114/><T86/><D118/><U91/><E91/><V65/><F46/><W44/><G107/><T30/><D86/><U102/><E102/><V117/><F117/><W60/><G101/><T105/><D105/><U11/><E11/><V95/><F95/><W93/><G104/><T59/><D59/><U74/><E74/><V6/><F75/><W50/><G60/><T112/><D112/><U119/><E119/><V99/><F73/><W13/><AGARI ba="2,2" hai="12,13,40,41,43,44,50,53,93,96,100" m="49771" machi="13" ten="40,1500,0" yaku="19,1" doraHai="3" who="3" fromWho="3" sc="151,-6,347,-6,201,-9,281,41" /><INIT seed="3,0,0,1,3,15" ten="145,341,192,322" oya="3" hai0="20,95,18,79,35,52,103,119,86,88,130,121,65" hai1="31,64,96,87,12,120,114,125,134,58,99,124,54" hai2="13,22,101,8,51,32,129,76,6,24,27,62,102" hai3="82,100,89,61,98,36,39,131,63,132,109,4,38"/><W46/><G109/><T91/><D35/><U75/><E75/><V59/><F129/><W113/><G113/><T40/><D119/><U23/><E114/><V84/><F32/><W45/><G131/><T48/><D121/><U110/><E120/><V28/><F27/><W80/><G4/><T83/><D130/><U42/><E110/><V68/><F68/><W106/><G132/><T26/><D65/><U112/><E112/><V49/><F76/><W60/><REACH who="3" step="1"/><G89/><REACH who="3" ten="145,341,192,312" step="2"/><T1/><D1/><U56/><E134/><V53/><F6/><W30/><G30/><T71/><D71/><U10/><E42/><V94/><F28/><W43/><G43/><T115/><D115/><U21/><E87/><V73/><F84/><W3/><G3/><T90/><D40/><U69/><E69/><V47/><F73/><W77/><G77/><T122/><D122/><U0/><E0/><V70/><F70/><W5/><G5/><T37/><D37/><U85/><E85/><V92/><F102/><W126/><G126/><N who="1" m="48746" /><E64/><V111/><F101/><W72/><G72/><T104/><D104/><U105/><E56/><V14/><F59/><W97/><G97/><N who="1" m="37450" /><E105/><V50/><F111/><W7/><G7/><T44/><REACH who="0" step="1"/><D103/><REACH who="0" ten="135,341,192,312" step="2"/><U127/><N who="1" m="48754" /><U117/><DORA hai="118" /><E117/><V93/><F47/><AGARI ba="0,2" hai="36,38,39,45,46,47,60,61,63,80,82,98,100,106" machi="47" ten="50,9600,0" yaku="1,1,53,2" doraHai="15,118" doraHaiUra="25,78" who="3" fromWho="2" sc="135,0,341,0,192,-96,312,116" owari="135,-26.0,341,14.0,96,-40.0,428,52.0" /></mjloggm>