<mjloggm ver="2.3"><GO type="97" lobby="0"/><UN n0="%E3%82%B9%E3%82%AB%E3%82%A4%E3%82%A6%E3%82%A9%E3%83%BC%E3%82%AB%E3%83%BC" n1="%E6%96%B0%E6%B2%A2%E9%9D%96%E8%87%A3" n2="%E3%82%A6%E3%83%AB%E3%83%88%E3%83%A9%E7%AB%8B%E7%9B%B4" n3="%48%61%72%72%69%73%73" dan="15,15,15,13" rate="1980.79,2047.52,1973.21,1812.02" sx="M,M,M,M"/><TAIKYOKU oya="0"/><INIT seed="0,0,0,0,2,112" ten="250,250,250,250" oya="0" hai0="127,3,60,37,134,77,124,131,83,50,86,48,28" hai1="45,74,7,26,108,128,51,135,44,0,109,75,76" hai2="94,103,91,43,6,4,13,63,90,92,59,117,119" hai3="54,57,93,15,89,111,85,47,129,62,46,40,104"/><T125/><D37/><U102/><E135/><V34/><F43/><W100/><G111/><N who="1" m="42570" /><E128/><V49/><F49/><W99/><G99/><T82/><BYE who="3" /><D3/><U19/><E102/><V64/><F34/><W36/><G36/><T101/><D101/><U52/><E45/><V58/><F103/><W126/><G126/><T133/><D28/><U30/><E19/><V114/><F114/><W10/><G10/><T78/><D60/><UN n3="%48%61%72%72%69%73%73" /><U11/><E76/><V69/><F69/><W12/><G129/><T42/><D131/><U70/><E70/><V132/><F132/><N who="0" m="50794" /><D42/><U21/><AGARI ba="0,0" hai="0,7,11,21,26,30,44,51,52,74,75" m="42570" machi="21" ten="30,2000,0" yaku="14,1,54,1" doraHai="112" who="1" fromWho="1" sc="250,-10,250,20,250,-5,250,-5" /><INIT seed="1,0,0,3,3,82" ten="240,270,245,245" oya="1" hai0="90,101,53,63,37,134,132,112,70,27,43,76,120" hai1="59,119,57,40,34,22,62,131,17,84,32,118,26" hai2="85,91,80,1,56,117,105,116,78,125,126,68,79" hai3="77,114,115,14,44,73,93,128,88,19,113,121,130"/><U9/><E131/><N who="3" m="50218" /><G44/><T45/><D112/><U2/><E40/><V25/><F68/><W16/><G121/><T72/><D101/><U10/><E59/><V0/><F56/><W103/><G103/><T65/><D120/><U122/><E122/><V12/><F25/><W7/><G7/><T100/><D100/><U94/><E32/><V109/><F12/><W21/><G19/><T107/><D107/><U54/><E34/><V83/><F105/><W33/><G33/><T28/><D90/><U29/><E2/><V87/><F91/><W135/><G135/><T71/><D53/><U52/><E54/><V69/><REACH who="2" step="1"/><F69/><REACH who="2" ten="240,270,235,245" step="2"/><W46/><G46/><T38/><D71/><U15/><E119/><V47/><F47/><W24/><G24/><T92/><D38/><U104/><E118/><V108/><AGARI ba="0,1" hai="0,1,78,79,80,83,85,87,108,109,116,117,125,126" machi="108" ten="25,12000,2" yaku="1,1,0,1,22,2,52,2,53,0" doraHai="82" doraHaiUra="20" who="2" fromWho="2" sc="240,-30,270,-60,235,130,245,-30" /><INIT seed="2,0,0,2,4,125" ten="210,210,365,215" oya="2" hai0="106,51,13,113,11,85,101,50,115,109,7,36,6" hai1="34,29,14,16,107,130,64,48,110,98,42,15,129" hai2="44,67,47,103,33,117,127,49,62,82,114,31,55" hai3="126,123,70,39,30,28,32,8,59,91,52,102,89"/><V20/><F127/><W4/><G70/><T116/><D36/><U3/><E3/><V94/><F33/><W92/><G39/><T93/><D109/><U35/><E64/><V46/><F82/><W69/><G69/><T45/><D106/><U133/><E110/><V90/><F114/><W0/><G123/><T104/><D104/><U132/><E42/><V37/><F37/><W12/><G126/><T66/><D66/><U120/><E48/><V79/><F79/><W53/><G0/><T22/><D51/><U2/><E2/><V17/><F103/><W111/><G111/><T74/><D74/><U1/><E1/><V124/><F31/><N who="3" m="11819" /><G32/><N who="1" m="12330" /><E29/><V57/><F117/><W134/><G134/><N who="1" m="51818" /><E120/><V41/><F67/><W27/><G27/><T73/><D116/><U56/><E56/><V10/><F124/><W54/><G59/><T122/><D122/><U24/><E24/><V119/><F119/><W26/><G26/><T80/><D22/><N who="1" m="11543" /><E15/><N who="2" m="7415" /><F20/><W118/><G118/><T68/><D68/><U25/><E25/><V76/><F76/><W131/><G54/><T78/><D115/><U83/><E83/><V87/><AGARI ba="0,0" hai="41,44,46,47,49,55,57,62,87,90,94" m="7415" machi="87" ten="30,1500,0" yaku="8,1" doraHai="125" who="2" fromWho="2" sc="210,-5,210,-5,365,15,215,-5" /><INIT seed="2,1,0,5,5,95" ten="205,205,380,210" oya="2" hai0="59,121,43,6,113,63,83,1,40,74,26,133,92" hai1="44,128,32,56,64,50,47,33,129,77,61,131,120" hai2="37,38,76,12,14,58,11,94,24,42,10,51,103" hai3="125,118,19,22,27,65,45,46,98,31,29,13,66"/><V23/><F76/><W91/><G118/><T85/><D113/><U69/><E77/><V96/><F38/><W97/><G125/><T84/><D74/><U35/><E120/><V122/><F37/><W28/><G13/><T34/><D133/><U123/><E123/><V130/><F130/><W82/><G82/><T79/><D6/><U80/><E80/><V81/><F81/><W109/><G91/><T67/><D1/><U16/><E16/><N who="2" m="12391" /><F122/><W89/><G109/><T134/><D134/><U3/><E3/><V15/><F42/><W8/><G8/><T36/><D36/><U53/><AGARI ba="1,0" hai="32,33,35,44,47,50,53,56,61,64,69,128,129,131" machi="53" ten="40,2700,0" yaku="0,1,19,1" doraHai="95" who="1" fromWho="1" sc="205,-8,205,30,380,-14,210,-8" /><INIT seed="3,0,0,3,5,10" ten="197,235,366,202" oya="3" hai0="55,87,107,135,119,120,71,100,130,24,22,67,38" hai1="57,21,46,29,113,78,7,116,31,114,44,0,101" hai2="128,8,81,45,47,68,99,98,93,65,27,48,15" hai3="79,118,132,122,4,63,75,26,2,80,112,115,104"/><W56/><G122/><T25/><D120/><U86/><E101/><V77/><F65/><W49/><G118/><T88/><D119/><U41/><E57/><V124/><F68/><W64/><G104/><T1/><D1/><U134/><E86/><V23/><F124/><W83/><G132/><T127/><D127/><U131/><E21/><V59/><F59/><W126/><G126/><T32/><D135/><U108/><E41/><V123/><F128/><W109/><G109/><T40/><D130/><U51/><E78/><V33/><F33/><W19/><G80/><T36/><D40/><U53/><E51/><V62/><F62/><W82/><G82/><T96/><D67/><U102/><E53/><V94/><F48/><W105/><G105/><T84/><D84/><U129/><E134/><V85/><F123/><W28/><G19/><T35/><D71/><U121/><E121/><V37/><F37/><W54/><G4/><T18/><D55/><U70/><E7/><N who="2" m="3487" /><F94/><W12/><G2/><T133/><D133/><U73/><E108/><V16/><F98/><W92/><G92/><T66/><D66/><U52/><E116/><V42/><F42/><W39/><G39/><T61/><D61/><U125/><E125/><V34/><F34/><W89/><G89/><AGARI ba="0,0" hai="16,23,27,45,47,77,81,85,89,93,99" m="3487" machi="89" ten="30,3900,0" yaku="8,1,52,1,54,1" doraHai="10" who="2" fromWho="3" sc="197,0,235,0,366,39,202,-39" owari="197,-20.0,235,4.0,405,50.0,163,-34.0" /></mjloggm>