<mjloggm ver="2.3"><GO type="169" lobby="0"/><UN n0="%2D%61%76%61%74%61%72%2D" n1="%6D%65%24%6F" n2="%E3%82%A6%E3%83%AB%E3%83%88%E3%83%A9%E7%AB%8B%E7%9B%B4" n3="%43%48%52%4F%4E%55%53" dan="16,18,16,16" rate="2095.04,2231.91,2051.80,2084.66" sx="M,M,M,M"/><TAIKYOKU oya="0"/><INIT seed="0,0,0,0,0,58" ten="250,250,250,250" oya="0" hai0="43,19,97,130,129,114,122,113,52,23,15,48,25" hai1="11,22,12,1,64,3,103,72,123,80,112,85,55" hai2="44,51,59,104,37,78,91,109,17,135,134,115,118" hai3="121,94,106,79,54,117,6,88,107,89,18,125,30"/><T27/><D43/><U77/><E123/><V81/><F104/><W40/><G117/><T10/><D97/><U57/><E112/><V24/><F115/><W128/><G125/><T90/><D90/><U26/><E103/><V127/><F91/><W70/><G70/><T124/><D124/><U110/><E110/><V93/><F93/><W131/><G121/><T105/><D105/><U35/><E35/><V63/><F37/><W49/><G40/><T29/><D122/><U16/><E64/><V56/><F56/><W116/><G116/><T32/><D129/><N who="3" m="49737" /><G79/><T60/><D60/><U45/><E45/><V13/><F109/><W71/><G71/><T39/><D39/><U100/><E100/><V86/><F118/><W75/><G75/><T47/><REACH who="0" step="1"/><D130/><REACH who="0" ten="240,250,250,250" step="2"/><U4/><E72/><V101/><F127/><W95/><G89/><T62/><D62/><AGARI ba="0,1" hai="1,3,4,11,12,16,22,26,55,57,62,77,80,85" machi="62" ten="30,3900,0" yaku="7,1,52,1,54,1" doraHai="58" who="1" fromWho="0" sc="240,-39,250,49,250,0,250,0" /><INIT seed="1,0,0,2,2,89" ten="201,299,250,250" oya="1" hai0="34,24,42,74,7,103,9,55,11,108,92,119,54" hai1="110,129,94,127,5,95,19,87,85,70,68,6,93" hai2="4,115,56,111,97,81,1,118,46,53,21,13,100" hai3="2,88,22,32,107,28,77,120,102,98,132,27,64"/><U121/><E121/><V128/><F118/><W43/><G120/><T91/><D74/><U38/><E38/><V99/><F115/><W130/><G2/><T113/><D113/><U51/><E127/><V63/><F128/><W29/><G130/><T10/><D119/><U86/><E129/><V123/><F123/><W79/><G132/><T25/><D103/><U26/><E51/><V106/><F111/><W36/><G64/><T73/><D108/><U122/><E122/><V125/><F125/><W116/><G116/><T17/><D73/><U35/><E110/><V59/><F46/><W104/><G104/><T131/><D42/><U49/><E49/><V30/><F1/><W14/><G43/><T60/><D131/><U41/><E41/><V83/><F99/><W18/><G36/><T96/><D34/><U33/><E19/><V39/><F39/><W50/><G50/><T109/><D109/><U8/><E26/><V20/><F59/><W75/><G75/><T12/><D24/><U37/><E37/><V67/><F53/><N who="0" m="19978" /><D60/><U40/><E40/><V61/><F61/><W82/><G29/><T90/><D91/><U48/><E48/><V23/><F30/><W47/><G47/><T15/><D25/><U65/><E65/><V72/><F72/><W76/><G76/><T133/><D133/><U52/><E52/><V45/><F45/><W80/><G80/><T16/><D7/><N who="1" m="2571" /><E8/><AGARI ba="0,0" hai="8,9,10,11,12,15,16,17,90,92,96" m="19978" machi="8" ten="30,3900,0" yaku="8,1,52,1,54,1" doraHai="89" who="0" fromWho="1" sc="201,39,299,-39,250,0,250,0" /><INIT seed="2,0,0,3,5,6" ten="240,260,250,250" oya="2" hai0="72,50,38,44,114,59,111,54,82,1,133,74,118" hai1="18,89,16,62,28,3,120,42,32,130,25,80,48" hai2="132,122,7,102,33,5,67,94,11,99,46,125,39" hai3="36,8,109,2,107,134,98,79,135,124,12,86,85"/><V64/><F33/><W95/><G36/><T35/><D59/><U75/><E120/><V110/><F122/><W71/><G71/><T24/><D54/><U121/><E121/><V58/><F125/><W60/><G60/><T21/><D50/><U103/><E130/><V4/><F132/><N who="3" m="50731" /><G107/><T15/><D15/><U70/><E103/><V17/><F110/><W76/><G109/><T131/><D21/><U96/><E3/><V116/><F116/><W97/><G2/><T30/><D82/><U57/><E75/><V73/><F73/><W101/><G97/><T128/><D24/><U88/><E89/><V91/><F39/><W56/><G56/><T108/><D44/><U31/><E31/><V52/><F46/><W106/><G106/><T19/><D30/><U119/><E119/><V113/><F102/><W66/><G66/><T51/><D51/><U23/><E32/><V77/><F77/><N who="3" m="29771" /><G124/><T14/><D74/><U61/><E70/><V55/><F64/><W78/><N who="3" m="29779" /><W20/><DORA hai="10" /><G20/><T47/><D111/><U26/><E62/><N who="2" m="38359" /><F113/><W83/><G83/><T63/><D114/><U115/><E80/><V90/><F90/><W43/><G43/><T53/><D128/><U87/><E42/><V92/><F92/><W13/><G13/><AGARI ba="0,0" hai="4,5,7,11,13,17,52,55,91,94,99" m="38359" machi="13" ten="30,11600,0" yaku="8,1,52,2,54,1" doraHai="6,10" who="2" fromWho="3" sc="240,0,260,0,250,116,250,-116" /><INIT seed="2,1,0,2,1,57" ten="240,260,366,134" oya="2" hai0="95,26,24,91,43,76,36,63,126,37,85,80,64" hai1="68,93,82,12,44,75,103,128,101,40,96,46,104" hai2="54,56,105,41,9,14,25,7,11,70,51,110,113" hai3="3,17,29,109,0,107,77,49,39,117,20,106,38"/><V8/><F70/><W48/><G117/><T23/><D126/><U114/><E114/><V99/><F113/><W15/><G109/><T16/><D26/><U53/><E128/><V120/><F120/><W131/><G131/><T115/><D43/><U124/><E124/><V121/><F121/><W86/><G29/><T34/><D34/><U78/><E68/><V125/><F125/><W111/><G111/><T118/><D118/><U60/><E12/><V6/><F110/><W27/><G49/><T97/><REACH who="0" step="1"/><D115/><REACH who="0" ten="230,260,366,134" step="2"/><U112/><E112/><V45/><F25/><W90/><G27/><T84/><D84/><U42/><E42/><V50/><F99/><W67/><G86/><T1/><D1/><U98/><E40/><V92/><F41/><W32/><G3/><T10/><D10/><U116/><E116/><V135/><F11/><W87/><G0/><T129/><D129/><U83/><E98/><V88/><F9/><W31/><G32/><T132/><D132/><U74/><E96/><V66/><F135/><W47/><G87/><T13/><D13/><U58/><E75/><V130/><F130/><W2/><G15/><T5/><D5/><U100/><E74/><V108/><F7/><W62/><G2/><T21/><D21/><U22/><E22/><V123/><F123/><W30/><G20/><T127/><D127/><U102/><E104/><V52/><F105/><W73/><G106/><T59/><AGARI ba="1,1" hai="16,23,24,36,37,59,63,64,76,80,85,91,95,97" machi="59" ten="20,12000,2" yaku="1,1,0,1,7,1,52,1,54,1,53,1" doraHai="57" doraHaiUra="55" who="0" fromWho="0" sc="230,133,260,-31,366,-61,134,-31" /><INIT seed="3,0,0,4,5,94" ten="363,229,305,103" oya="3" hai0="73,96,84,78,55,51,123,74,107,0,30,99,97" hai1="9,39,2,75,37,93,25,135,111,63,81,17,29" hai2="35,64,4,95,134,19,13,110,43,100,1,122,90" hai3="114,109,42,22,91,89,85,38,105,132,116,79,69"/><W124/><G116/><T119/><D0/><U87/><E135/><V76/><F35/><W130/><G114/><T23/><D119/><U48/><E111/><V101/><F110/><W113/><G132/><T53/><D107/><U117/><E117/><V21/><F134/><W15/><G109/><T54/><D123/><U14/><E2/><V121/><F76/><W88/><G113/><T49/><D84/><U86/><E63/><V126/><F126/><W120/><G69/><T62/><D62/><U11/><E11/><N who="2" m="2447" /><F43/><W67/><G120/><N who="2" m="46185" /><F64/><W60/><G124/><T118/><D118/><U72/><E72/><V115/><F115/><W6/><G130/><T65/><D65/><U92/><E75/><N who="0" m="28681" /><D78/><U28/><E39/><V83/><F83/><W127/><G105/><T133/><D133/><U27/><E37/><V125/><F125/><W24/><G127/><T12/><D30/><U46/><E81/><V61/><F61/><W108/><G108/><T104/><D104/><U80/><E28/><V59/><F59/><N who="3" m="37279" /><G38/><T44/><D44/><U5/><E29/><V129/><F129/><W8/><G42/><T102/><D102/><U45/><E46/><V77/><F77/><W18/><G79/><T3/><D3/><U82/><E45/><V98/><AGARI ba="0,0" hai="13,19,21,90,95,98,100,101" m="46185,2447" machi="98" ten="30,2000,0" yaku="13,1,52,1" doraHai="94" who="2" fromWho="2" sc="363,-5,229,-5,305,20,103,-10" /><INIT seed="4,0,0,0,0,131" ten="358,224,325,93" oya="0" hai0="77,120,9,25,113,13,19,118,52,21,108,1,132" hai1="102,107,106,65,28,110,125,61,48,8,81,12,87" hai2="23,80,43,79,91,37,88,93,41,103,78,86,60" hai3="53,111,40,112,76,121,129,0,31,73,126,22,71"/><T95/><D77/><N who="2" m="29194" /><F37/><W50/><G22/><T123/><D95/><U36/><E36/><V39/><F39/><W94/><G50/><T100/><D100/><U56/><E110/><V130/><F103/><W58/><G31/><T75/><D75/><U98/><E107/><V96/><F130/><W116/><G58/><T10/><D108/><U33/><E125/><V51/><F51/><W62/><G53/><T63/><D52/><U18/><E48/><V54/><F23/><W99/><G40/><T35/><D63/><U29/><E33/><V90/><F90/><AGARI ba="0,0" hai="8,12,18,28,29,56,61,65,81,87,90,98,102,106" machi="90" ten="30,1000,0" yaku="7,1" doraHai="131" who="1" fromWho="2" sc="358,0,224,10,325,-10,93,0" /><INIT seed="5,0,0,3,3,126" ten="358,234,315,93" oya="1" hai0="130,124,131,92,109,71,54,26,33,123,61,51,24" hai1="107,34,134,77,49,85,29,62,106,91,50,35,103" hai2="39,48,60,95,53,59,32,90,52,88,108,120,86" hai3="118,11,47,41,18,68,20,81,46,97,115,65,79"/><U132/><E77/><V105/><F105/><N who="1" m="39945" /><E103/><V7/><F39/><W43/><G115/><T12/><D123/><U129/><E62/><V42/><F120/><W70/><G118/><T119/><D119/><U128/><E50/><V93/><F32/><N who="1" m="12329" /><E49/><V101/><F101/><W75/><G97/><T9/><D33/><U3/><E29/><V69/><F69/><W64/><G11/><T112/><D71/><U58/><E58/><V66/><F7/><W127/><G127/><T2/><D112/><U82/><E3/><V63/><F63/><W13/><G68/><T10/><D2/><U96/><E96/><V121/><F121/><W87/><G75/><T135/><D61/><U104/><E104/><V6/><F6/><W76/><G70/><T114/><D51/><U111/><E111/><V125/><F125/><W36/><REACH who="3" step="1"/><G76/><REACH who="3" ten="358,234,315,83" step="2"/><T117/><D114/><U23/><E23/><V30/><F108/><W15/><G15/><T67/><D12/><U113/><E113/><V21/><F21/><W14/><G14/><T22/><D22/><U116/><E116/><V80/><F80/><W89/><G89/><T0/><D0/><U99/><E99/><V4/><F90/><W84/><G84/><T19/><D117/><U1/><E1/><V133/><F86/><W73/><G73/><T25/><D9/><U72/><E72/><V5/><F88/><W78/><G78/><T37/><D10/><U16/><E91/><V110/><F110/><W31/><G31/><T8/><D8/><U57/><E85/><V56/><F30/><W28/><G28/><T94/><D124/><RYUUKYOKU ba="0,1" sc="358,-10,234,-10,315,-10,83,30" hai3="13,18,20,36,41,43,46,47,64,65,79,81,87" /><INIT seed="6,1,1,5,0,43" ten="348,224,305,113" oya="2" hai0="34,57,7,5,8,92,56,10,54,119,1,130,129" hai1="18,36,21,29,59,118,26,32,78,98,40,117,66" hai2="0,121,102,19,105,55,62,46,31,16,37,133,97" hai3="91,131,80,4,30,89,41,101,126,103,106,48,60"/><V24/><F0/><W86/><G126/><T63/><D34/><U50/><E36/><V67/><F121/><W104/><G131/><T53/><D92/><U113/><E113/><V128/><F128/><W120/><G120/><T45/><D119/><U87/><E98/><V108/><F108/><W94/><G30/><T74/><D74/><U76/><E66/><V61/><F61/><W15/><G60/><T99/><D99/><U75/><E75/><V127/><F127/><W42/><G42/><T85/><D85/><U22/><E32/><N who="2" m="20583" /><F133/><W83/><G4/><T112/><D63/><U135/><E135/><V114/><F114/><W95/><G15/><T64/><D1/><U20/><E20/><V70/><F55/><W2/><G2/><T125/><D64/><U52/><E40/><AGARI ba="1,1" hai="16,19,37,40,46,62,67,70,97,102,105" m="20583" machi="40" ten="30,5800,0" yaku="25,1,52,1,54,1" doraHai="43" who="2" fromWho="1" sc="348,0,224,-61,305,71,113,0" /><INIT seed="6,2,0,1,0,8" ten="348,163,376,113" oya="2" hai0="114,15,110,108,129,0,68,109,28,81,117,32,60" hai1="21,2,71,133,112,82,33,50,17,58,86,83,35" hai2="75,20,19,106,49,121,89,128,91,127,95,69,24" hai3="45,134,48,84,47,107,1,88,14,78,16,43,41"/><V80/><F106/><W90/><G1/><T25/><D81/><U44/><E71/><V5/><F69/><W99/><G134/><T51/><D51/><U92/><E2/><V79/><F121/><W38/><G107/><T34/><D60/><U7/><E133/><V42/><F127/><W119/><G119/><T54/><D54/><U126/><E7/><V59/><F128/><W73/><G73/><T61/><D61/><U113/><E126/><V97/><F5/><W22/><REACH who="3" step="1"/><G99/><REACH who="3" ten="348,163,376,103" step="2"/><T52/><D0/><U102/><E113/><V132/><F132/><W122/><G122/><T74/><D114/><U64/><E112/><V46/><F59/><W12/><G12/><T6/><D15/><U96/><E58/><V123/><F123/><W63/><G63/><T55/><D74/><U116/><E116/><V72/><F72/><W120/><G120/><T103/><D68/><U125/><E125/><V27/><F27/><W104/><G104/><T101/><D25/><U105/><E105/><V56/><F56/><W76/><G76/><T67/><D117/><U53/><E86/><V29/><F75/><W3/><G3/><T98/><D98/><U135/><E135/><V9/><F79/><W115/><G115/><T13/><D13/><U31/><E96/><V87/><F97/><W23/><G23/><T57/><D57/><U111/><E21/><V77/><F77/><W65/><G65/><T26/><D67/><U100/><E64/><V118/><F118/><W10/><G10/><T66/><D66/><U85/><E85/><N who="2" m="52719" /><F9/><W40/><G40/><T30/><D26/><RYUUKYOKU ba="2,1" sc="348,-15,163,-15,376,15,103,15" hai2="19,20,24,29,42,46,49,80,87,89" hai3="14,16,22,38,41,43,45,47,48,78,84,88,90" /><INIT seed="6,3,1,2,4,103" ten="333,148,391,118" oya="2" hai0="107,127,72,106,81,93,20,84,2,1,21,76,132" hai1="62,22,92,88,130,101,44,135,78,24,12,115,113" hai2="116,91,82,41,46,105,85,51,9,102,109,126,97" hai3="117,100,104,87,54,23,8,37,99,122,29,25,71"/><V7/><F109/><W49/><G122/><T47/><D20/><U3/><E3/><V110/><F110/><W108/><G108/><T98/><D21/><U30/><E135/><V15/><REACH who="2" step="1"/><F126/><REACH who="2" ten="333,148,381,118" step="2"/><W131/><G117/><AGARI ba="3,2" hai="7,9,15,41,46,51,82,85,91,97,102,105,116,117" machi="117" ten="40,7700,0" yaku="1,1,2,1,52,1,53,0" doraHai="103" doraHaiUra="68" who="2" fromWho="3" sc="333,0,148,0,381,106,118,-86" /><INIT seed="6,4,0,2,1,17" ten="333,148,487,32" oya="2" hai0="135,123,30,24,11,132,105,127,118,98,95,113,54" hai1="29,59,36,51,97,121,109,45,21,73,102,35,100" hai2="68,131,27,38,82,99,34,124,111,69,15,43,18" hai3="0,28,49,9,25,55,8,108,23,12,81,91,115"/><V44/><F124/><W20/><G108/><T77/><D77/><U85/><E73/><V22/><F131/><W116/><G116/><T93/><D11/><U41/><E35/><V119/><F119/><W65/><G115/><T47/><D47/><U61/><E121/><V92/><F82/><W87/><G65/><T112/><D54/><U66/><E109/><V106/><F106/><W80/><G0/><T117/><D24/><U19/><E29/><V125/><F125/><W60/><G60/><T50/><D30/><U64/><E64/><V79/><F79/><W52/><G81/><T6/><D50/><U46/><E97/><V110/><F110/><W14/><G55/><T72/><D6/><U26/><E85/><V58/><F111/><W71/><G71/><T42/><D42/><AGARI ba="4,0" hai="19,21,26,36,41,42,45,46,51,59,61,66,100,102" machi="42" ten="30,2000,0" yaku="7,1,52,1" doraHai="17" who="1" fromWho="0" sc="333,-32,148,32,487,0,32,0" /><INIT seed="7,0,0,1,2,94" ten="301,180,487,32" oya="3" hai0="125,119,105,72,29,28,80,27,93,115,111,83,2" hai1="16,121,64,5,1,82,21,6,67,14,88,55,129" hai2="12,42,79,84,52,54,40,50,99,53,128,26,51" hai3="124,120,76,18,69,108,0,101,81,37,44,104,117"/><W32/><RYUUKYOKU type="yao9" ba="0,0" sc="301,0,180,0,487,0,32,0" hai3="0,18,32,37,44,69,76,81,101,104,108,117,120,124" /><INIT seed="7,1,0,2,0,101" ten="301,180,487,32" oya="3" hai0="72,135,42,25,27,39,134,116,69,51,37,73,114" hai1="86,30,15,133,74,91,112,7,76,94,26,110,84" hai2="29,46,97,43,132,83,105,71,107,36,2,5,65" hai3="31,56,9,109,108,0,129,126,95,80,117,106,45"/><W6/><G117/><T77/><D77/><U63/><E110/><N who="3" m="42602" /><G129/><T48/><D42/><U60/><E112/><V79/><F132/><W103/><G126/><T61/><D69/><U111/><E133/><V20/><F97/><N who="3" m="61807" /><G31/><T57/><D57/><U55/><E111/><V99/><F99/><W123/><G123/><T18/><D18/><U119/><E119/><V22/><F29/><W14/><G80/><T92/><D116/><U124/><E124/><V64/><F22/><W75/><G75/><T88/><D92/><U115/><E115/><V59/><F20/><W118/><G118/><T78/><D114/><U17/><E74/><N who="2" m="43511" /><F71/><W130/><G130/><T16/><D78/><U120/><E120/><V66/><F59/><W52/><G95/><T12/><D72/><U38/><E38/><V128/><F128/><W53/><G45/><T41/><D73/><U32/><E7/><V82/><F82/><W58/><G0/><T8/><D134/><U10/><E76/><V67/><N who="2" m="16384" /><DORA hai="35" /><V102/><F102/><W127/><G127/><T89/><D89/><U121/><E121/><V19/><F19/><W47/><G53/><T1/><D1/><U87/><E55/><V122/><F122/><W4/><G6/><T34/><D135/><U100/><E100/><V3/><F3/><W98/><G98/><T113/><D113/><U93/><E86/><V23/><F23/><W90/><G90/><AGARI ba="1,0" hai="10,15,17,26,30,32,60,63,84,87,90,91,93,94" machi="90" ten="40,1300,0" yaku="9,1" doraHai="101,35" who="1" fromWho="3" sc="301,0,180,16,487,0,32,-16" owari="301,10.0,196,-20.0,487,58.0,16,-48.0" /></mjloggm>