<mjloggm ver="2.3"><GO type="169" lobby="0"/><UN n0="%E3%82%A6%E3%83%AB%E3%83%88%E3%83%A9%E7%AB%8B%E7%9B%B4" n1="%70%69%79%6F%65%6D%6F%6E" n2="%E6%A3%92%E8%A7%92" n3="%E3%81%A4%E3%81%B0%E3%81%8D%E3%81%A1%30%33" dan="17,16,17,17" rate="2058.66,2071.84,2153.27,2214.18" sx="M,M,M,M"/><TAIKYOKU oya="0"/><INIT seed="0,0,0,5,5,28" ten="250,250,250,250" oya="0" hai0="114,7,52,71,105,39,77,120,67,110,24,54,123" hai1="111,8,87,133,34,22,51,92,6,11,3,20,88" hai2="57,44,91,16,121,72,63,2,101,115,62,135,41" hai3="108,27,93,68,37,43,40,66,13,109,85,18,4"/><T129/><D114/><U106/><E106/><V112/><F121/><W113/><G113/><T12/><D105/><U130/><E130/><V31/><F2/><W103/><G4/><T10/><D39/><U17/><E111/><N who="3" m="42570" /><G37/><T32/><D110/><U94/><E133/><V81/><F135/><W99/><G27/><T69/><D129/><U9/><E34/><V84/><F72/><W124/><G124/><T74/><D123/><U26/><E94/><V119/><F101/><W122/><G122/><T23/><D120/><U70/><E70/><V33/><F119/><W45/><G85/><T98/><D32/><U132/><E132/><V83/><F83/><W96/><G45/><T49/><D98/><U55/><REACH who="1" step="1"/><E20/><REACH who="1" ten="250,240,250,250" step="2"/><V42/><F115/><W61/><G96/><T29/><D69/><U131/><E131/><V5/><F33/><W75/><G75/><T100/><D71/><U50/><E50/><V107/><F112/><W118/><G118/><T30/><D49/><U90/><E90/><V60/><F91/><W21/><AGARI ba="0,1" hai="13,18,21,40,43,61,66,68,93,99,103" m="42570" machi="21" ten="30,1100,0" yaku="14,1" doraHai="28" who="3" fromWho="3" sc="250,-5,240,-3,250,-3,250,21" /><INIT seed="1,0,0,5,4,54" ten="245,237,247,271" oya="1" hai0="20,69,19,39,55,131,47,133,58,44,96,26,72" hai1="130,15,117,57,105,68,13,33,86,16,76,6,100" hai2="79,41,63,122,7,113,90,102,23,24,14,101,119" hai3="110,84,106,129,25,74,12,31,65,40,81,59,123"/><U75/><E117/><V60/><F119/><W111/><G106/><T42/><D72/><U73/><E68/><V77/><F122/><W70/><G123/><T10/><D69/><U94/><E33/><V5/><F41/><W116/><G116/><T118/><D118/><U66/><E105/><V93/><F113/><W128/><G40/><T71/><D71/><U62/><E130/><N who="3" m="50282" /><G12/><T37/><D131/><U88/><E6/><V85/><F7/><W9/><G9/><T132/><D96/><U61/><E100/><N who="2" m="38507" /><F14/><W17/><G17/><T98/><D98/><U135/><E135/><N who="0" m="51785" /><D10/><U0/><E0/><V92/><F92/><W32/><G74/><T91/><D91/><U34/><E34/><V78/><F5/><W30/><G30/><AGARI ba="0,0" hai="23,24,30,60,63,77,78,79,85,90,93" m="38507" machi="30" ten="30,1000,0" yaku="8,1" doraHai="54" who="2" fromWho="3" sc="245,0,237,0,247,10,271,-10" /><INIT seed="2,0,0,0,5,81" ten="245,237,257,261" oya="2" hai0="2,70,26,83,123,4,84,77,130,10,27,135,53" hai1="124,24,30,46,88,3,54,11,104,117,12,48,108" hai2="111,126,98,105,71,115,60,131,49,5,6,35,93" hai3="127,99,1,57,32,41,128,47,73,31,116,17,96"/><V86/><F115/><W18/><G116/><T113/><D113/><U69/><E117/><V120/><F120/><W112/><G73/><T25/><D123/><U133/><E133/><V37/><F37/><W94/><G1/><T36/><D135/><U14/><E108/><V7/><F35/><W100/><G128/><T38/><D130/><U28/><E124/><V50/><F131/><W75/><G75/><T42/><D42/><U39/><E104/><V78/><F126/><W87/><G127/><T21/><D70/><U44/><E69/><V33/><F33/><W43/><G32/><T109/><D109/><U58/><E39/><V79/><F105/><W19/><G31/><N who="1" m="11818" /><E3/><V62/><F71/><W56/><G112/><T45/><REACH who="0" step="1"/><D21/><REACH who="0" ten="235,237,257,261" step="2"/><U40/><E40/><V97/><F111/><W51/><G43/><T59/><D59/><N who="3" m="22601" /><G100/><T103/><D103/><U91/><E24/><V66/><F66/><W63/><G63/><T67/><D67/><U101/><E101/><V0/><F0/><W8/><G8/><T52/><D52/><N who="1" m="32007" /><E12/><V82/><F62/><W55/><G55/><T121/><D121/><U102/><E102/><V22/><F60/><W132/><G132/><T92/><D92/><U29/><E54/><V107/><F107/><W95/><G95/><T68/><D68/><U129/><E129/><V64/><F93/><W106/><G106/><T65/><D65/><U85/><E44/><V13/><F64/><W9/><G9/><T114/><D114/><U118/><E46/><V16/><F49/><AGARI ba="0,1" hai="2,4,10,25,26,27,36,38,45,49,53,77,83,84" machi="49" ten="40,2600,0" yaku="1,1,52,1,53,0" doraHai="81" doraHaiUra="61" who="0" fromWho="2" sc="235,36,237,0,257,-26,261,0" /><INIT seed="3,0,0,5,0,52" ten="271,237,231,261" oya="3" hai0="23,18,22,49,27,69,48,53,51,70,39,50,108" hai1="85,42,32,73,29,83,55,10,65,110,14,94,95" hai2="112,92,135,62,93,99,77,47,63,30,84,133,86" hai3="6,20,116,111,105,7,26,68,56,79,119,75,13"/><W71/><G105/><T44/><D108/><U46/><E110/><V8/><F8/><W37/><G37/><T33/><D33/><U102/><E73/><V40/><F30/><W3/><G3/><T96/><D39/><U66/><E55/><V58/><F112/><W121/><G121/><T0/><D0/><U109/><E109/><V35/><F35/><W101/><G101/><T134/><D134/><U89/><E32/><V74/><F74/><W24/><G111/><T114/><D114/><U43/><E29/><V120/><F120/><W126/><G75/><T61/><D23/><U87/><E102/><V15/><F15/><W19/><G79/><T115/><D115/><U12/><E12/><V123/><F123/><W106/><G106/><T103/><REACH who="0" step="1"/><D61/><REACH who="0" ten="261,237,231,261" step="2"/><U78/><E10/><V21/><F21/><W80/><G20/><T82/><D82/><U60/><E83/><V125/><F63/><W11/><G80/><T124/><D124/><U122/><E60/><V128/><F125/><W118/><G126/><T5/><D5/><U34/><E122/><V72/><F62/><W36/><G36/><T4/><D4/><N who="3" m="1577" /><G71/><T41/><D41/><U57/><E42/><V2/><F2/><W113/><G113/><T25/><D25/><N who="3" m="9833" /><G68/><T100/><D100/><U16/><E34/><V38/><F135/><W31/><G31/><T17/><D17/><U127/><E16/><V54/><F133/><W130/><G130/><T98/><D98/><U81/><E127/><V45/><F38/><W88/><G88/><T1/><D1/><U64/><E89/><V131/><F131/><RYUUKYOKU ba="0,1" sc="261,15,237,-15,231,-15,261,15" hai0="18,22,27,44,48,49,50,51,53,69,70,96,103" hai3="11,13,19,56,116,118,119" /><INIT seed="3,1,1,1,3,133" ten="276,222,216,276" oya="3" hai0="82,112,106,90,29,108,73,15,43,97,127,114,125" hai1="1,86,21,98,20,30,74,75,62,66,3,63,79" hai2="131,54,99,115,16,113,4,100,0,130,117,95,111" hai3="68,69,48,24,132,109,94,42,37,33,61,88,39"/><W53/><G132/><T27/><D43/><U76/><E98/><V64/><F117/><W103/><G103/><N who="0" m="62831" /><D15/><U67/><E86/><V91/><F64/><W78/><G78/><N who="0" m="44367" /><D90/><U107/><E107/><V44/><F91/><W46/><G109/><T121/><D121/><U35/><E30/><V9/><F111/><W122/><G122/><T102/><D102/><U11/><E11/><V119/><F119/><W134/><G134/><T23/><D108/><U57/><E57/><V110/><F16/><W84/><G61/><T56/><D56/><U25/><E25/><V45/><F110/><W5/><G5/><T128/><D128/><N who="2" m="49194" /><F54/><W49/><G39/><T59/><D59/><U92/><E92/><V26/><F26/><W50/><REACH who="3" step="1"/><G53/><REACH who="3" ten="276,222,216,266" step="2"/><T83/><D83/><U96/><E62/><V55/><F55/><W120/><G120/><T40/><D40/><U65/><E63/><V87/><F100/><W41/><G41/><T19/><D29/><AGARI ba="1,2" hai="24,29,33,37,42,46,48,49,50,68,69,84,88,94" machi="29" ten="40,7700,0" yaku="1,1,54,1,53,1" doraHai="133" doraHaiUra="89" who="3" fromWho="0" sc="276,-80,222,0,216,0,266,100" /><INIT seed="3,2,0,0,4,81" ten="196,222,216,366" oya="3" hai0="130,120,103,55,8,88,63,91,71,14,12,99,72" hai1="41,131,25,94,89,92,77,39,57,11,18,58,22" hai2="17,21,97,96,48,68,126,116,29,135,32,51,45" hai3="112,125,69,37,105,6,115,23,2,102,117,47,93"/><W56/><G117/><T20/><D72/><U59/><E131/><V26/><F116/><W87/><G69/><T75/><D75/><U7/><E77/><V53/><F135/><W5/><G56/><T28/><D120/><U13/><E39/><V60/><F126/><W73/><G73/><T49/><D130/><U134/><E134/><V19/><F19/><W78/><G105/><T65/><D14/><U107/><E107/><V90/><F51/><W10/><G6/><T67/><D67/><U98/><E41/><V132/><F132/><W82/><G23/><T111/><D111/><U114/><E114/><V61/><F68/><W35/><G35/><T95/><D20/><U43/><E43/><V66/><F90/><W42/><REACH who="3" step="1"/><G125/><REACH who="3" ten="196,222,216,356" step="2"/><T52/><D71/><U54/><REACH who="1" step="1"/><E94/><REACH who="1" ten="196,212,216,356" step="2"/><V85/><F66/><W36/><G36/><T4/><D65/><U27/><E27/><V15/><F26/><W24/><G24/><T44/><D28/><U3/><E3/><V62/><F29/><W9/><G9/><T33/><D33/><U46/><E46/><V70/><F45/><W1/><G1/><T38/><D38/><U122/><E122/><V119/><F32/><W128/><G128/><T16/><D4/><U86/><E86/><V79/><F85/><W127/><G127/><T101/><D95/><U133/><E133/><V124/><F124/><W76/><G76/><T123/><D123/><U106/><E106/><V121/><F79/><W113/><G113/><T104/><D104/><U110/><E110/><V40/><F121/><W109/><G109/><T74/><D44/><RYUUKYOKU ba="2,2" sc="196,-15,212,15,216,-15,356,15" hai1="7,11,13,18,22,25,54,57,58,59,89,92,98" hai3="2,5,10,37,42,47,78,82,87,93,102,112,115" /><INIT seed="3,3,2,4,0,101" ten="181,227,201,371" oya="3" hai0="59,11,72,65,118,4,53,123,80,31,48,124,132" hai1="14,34,24,122,66,9,60,20,64,127,90,116,117" hai2="135,95,15,75,96,97,1,42,89,81,98,3,102" hai3="52,106,92,46,131,47,126,6,43,115,82,87,130"/><W2/><G115/><T7/><D123/><U44/><E122/><V49/><F15/><W0/><G106/><T73/><D118/><N who="1" m="45675" /><E127/><V12/><F12/><W114/><G114/><T32/><D124/><U93/><E34/><V111/><F49/><N who="3" m="28735" /><G92/><T77/><D132/><U23/><E44/><V74/><F42/><W56/><G56/><T5/><D65/><N who="1" m="25195" /><E60/><V19/><F19/><W8/><G126/><T103/><D103/><U25/><E25/><V27/><F27/><W128/><G2/><T84/><REACH who="0" step="1"/><D11/><REACH who="0" ten="171,227,201,371" step="2"/><U100/><E100/><V38/><F135/><W86/><G82/><T105/><D105/><U83/><E83/><V58/><F81/><W119/><G119/><T57/><D57/><U21/><E24/><AGARI ba="3,3" hai="4,5,7,24,31,32,48,53,59,72,73,77,80,84" machi="24" ten="40,1300,0" yaku="1,1,53,0" doraHai="101" doraHaiUra="67" who="0" fromWho="1" sc="171,52,227,-22,201,0,371,0" /><INIT seed="4,0,0,4,2,60" ten="223,205,201,371" oya="0" hai0="70,20,128,46,15,10,8,89,2,19,122,61,95" hai1="127,103,6,90,34,44,40,14,35,59,28,113,38" hai2="0,98,82,4,24,72,87,69,111,31,9,49,51" hai3="99,84,130,110,112,77,1,115,12,107,100,29,50"/><T74/><D74/><U116/><E116/><V63/><F111/><W117/><G1/><T39/><D122/><U43/><E127/><V65/><F72/><W81/><G110/><T105/><D105/><U131/><E131/><V37/><F37/><W88/><G29/><T22/><D128/><U80/><E43/><V64/><F64/><W133/><G130/><T5/><D39/><U123/><E123/><V109/><F98/><W66/><G66/><T53/><D46/><U102/><E113/><N who="3" m="43594" /><G50/><T73/><D73/><U47/><E47/><V45/><F109/><W94/><G12/><T96/><REACH who="0" step="1"/><D53/><REACH who="0" ten="213,205,201,371" step="2"/><U58/><E44/><V125/><F45/><W92/><G117/><T121/><D121/><U27/><E38/><V120/><F120/><W68/><G133/><T55/><D55/><U97/><E40/><V13/><F125/><W78/><G68/><T36/><D36/><U132/><E132/><V16/><F0/><W25/><G25/><T114/><D114/><U7/><E27/><V79/><REACH who="2" step="1"/><F4/><REACH who="2" ten="213,205,191,371" step="2"/><W21/><G107/><T118/><D118/><U54/><E6/><V91/><F91/><W75/><G88/><T71/><D71/><U3/><E90/><V129/><F129/><W85/><G75/><T119/><D119/><U67/><E7/><V101/><F101/><W32/><G100/><T62/><D62/><U93/><E103/><V30/><F30/><W33/><G77/><T124/><D124/><U56/><E28/><V134/><F134/><W57/><G78/><T17/><D17/><U42/><E102/><V41/><F41/><W11/><G99/><RYUUKYOKU ba="0,2" sc="213,15,205,-15,191,15,371,-15" hai0="2,5,8,10,15,19,20,22,61,70,89,95,96" hai2="9,13,16,24,31,49,51,63,65,69,79,82,87" /><INIT seed="4,1,2,3,4,47" ten="228,190,206,356" oya="0" hai0="88,101,26,107,17,58,105,57,129,40,112,76,50" hai1="11,133,32,63,113,55,109,56,110,114,61,78,99" hai2="81,34,69,22,119,77,131,86,82,12,70,73,36" hai3="33,35,54,7,59,79,21,111,117,121,115,23,116"/><T3/><D3/><U71/><E32/><N who="3" m="12362" /><G79/><T44/><D105/><U95/><E78/><V10/><F34/><W130/><G111/><N who="1" m="42506" /><E11/><V18/><F36/><W96/><G96/><T124/><D101/><U28/><E28/><V92/><F119/><N who="3" m="45643" /><G7/><T53/><D107/><U2/><E2/><V106/><F106/><W122/><G115/><N who="1" m="44042" /><E133/><V87/><F92/><W84/><G84/><T52/><D76/><U13/><E13/><V43/><F73/><W60/><G130/><T45/><D129/><U15/><E15/><V9/><F131/><W64/><G64/><T19/><D112/><U66/><E99/><V24/><F10/><W20/><G20/><T65/><D65/><U0/><E0/><V134/><F134/><W30/><G21/><T102/><D26/><U83/><E83/><V41/><F87/><W72/><G23/><T38/><D38/><U126/><E95/><V27/><F82/><W6/><G6/><T85/><D19/><U67/><E67/><V118/><F27/><W98/><G98/><T93/><D17/><U100/><E100/><V62/><F118/><W123/><G30/><T120/><D102/><U103/><E103/><V68/><F22/><W128/><G128/><T16/><D16/><U135/><E135/><V42/><F24/><W49/><G72/><T4/><D93/><U91/><E91/><V51/><REACH who="2" step="1"/><F62/><AGARI ba="1,2" hai="49,54,59,60,62,121,122,123" m="45643,12362" machi="62" ten="40,2600,0" yaku="13,1,52,1" doraHai="47" who="3" fromWho="2" sc="228,0,190,0,206,-29,356,49" /><INIT seed="5,0,0,2,1,106" ten="228,190,177,405" oya="1" hai0="132,63,45,56,34,79,127,57,62,5,75,71,2" hai1="32,100,13,126,16,103,91,122,89,23,110,15,131" hai2="87,22,92,96,54,12,130,61,133,113,73,112,98" hai3="3,120,0,28,64,88,53,78,135,46,66,10,49"/><U44/><E122/><V104/><F22/><W30/><G78/><T128/><D71/><U134/><E32/><V121/><F12/><W11/><G135/><T108/><D34/><U31/><E134/><V77/><F54/><W111/><G111/><T102/><D132/><U7/><E110/><V94/><F61/><W72/><G72/><T123/><D108/><U116/><E116/><V84/><F133/><W90/><G120/><T76/><D102/><N who="1" m="38955" /><E131/><V14/><F14/><W48/><G53/><T124/><D123/><U81/><E126/><V70/><F70/><W51/><G51/><T68/><D68/><U4/><E31/><V80/><F104/><W20/><G20/><T115/><D128/><U118/><E118/><V119/><F121/><W21/><G21/><T42/><D2/><U101/><E101/><N who="2" m="60551" /><F119/><W95/><G95/><T83/><D124/><U74/><E74/><V60/><F60/><W29/><G29/><T97/><D127/><U33/><E33/><V125/><F130/><W65/><G65/><T67/><D63/><U37/><E37/><V52/><F52/><W58/><G58/><T9/><D57/><U85/><E44/><AGARI ba="0,0" hai="0,3,10,11,28,30,44,46,48,49,64,66,88,90" machi="44" ten="25,3200,0" yaku="22,2,54,1" doraHai="106" who="3" fromWho="1" sc="228,0,190,-32,177,0,405,32" /><INIT seed="6,0,0,1,0,131" ten="228,158,177,437" oya="2" hai0="24,39,5,97,121,35,129,135,134,73,88,133,117" hai1="13,81,7,37,122,87,96,89,63,72,82,130,69" hai2="75,94,26,76,112,28,59,18,103,27,120,98,12" hai3="42,49,74,2,9,51,116,34,62,93,60,109,25"/><V86/><F120/><W54/><G74/><T77/><D121/><U40/><E122/><V99/><F75/><W102/><G34/><T32/><D117/><U61/><E130/><V79/><F112/><W47/><G25/><T46/><D129/><U33/><E33/><V16/><F28/><W52/><G2/><T128/><D128/><U84/><E72/><V55/><F99/><N who="3" m="59759" /><G109/><T104/><D5/><U124/><E124/><V30/><F30/><W21/><G9/><T83/><D24/><N who="2" m="9258" /><F86/><W19/><G116/><T126/><D126/><U38/><E96/><V127/><F127/><W85/><G85/><T67/><D67/><U10/><E40/><V70/><F70/><W36/><G42/><N who="0" m="22879" /><D88/><U4/><E4/><V14/><F14/><N who="3" m="9463" /><G36/><T119/><D119/><U68/><E68/><V15/><F15/><W106/><G106/><T44/><D44/><AGARI ba="0,0" hai="44,47,49,51,52,54,60,62" m="9463,59759" machi="44" ten="30,2000,0" yaku="8,1,54,1" doraHai="131" who="3" fromWho="0" sc="228,-20,158,0,177,0,437,20" /><INIT seed="7,0,0,0,5,27" ten="208,158,177,457" oya="3" hai0="133,4,103,95,3,76,94,86,112,118,122,121,68" hai1="90,123,60,43,120,96,108,91,116,71,36,66,114" hai2="83,39,0,89,126,51,63,132,16,48,98,44,62" hai3="18,59,17,107,19,124,64,84,34,8,97,128,6"/><W109/><G124/><T54/><D68/><U7/><E108/><V1/><F39/><W119/><G119/><T53/><D118/><U80/><E116/><V12/><F126/><W15/><G128/><T115/><D4/><U129/><E129/><V23/><F132/><W70/><G70/><T40/><D40/><U32/><E32/><V81/><F0/><W69/><G69/><T65/><D3/><U57/><E114/><V13/><F1/><W110/><G34/><T31/><D31/><U105/><E7/><V29/><F29/><W28/><G28/><T134/><D65/><U79/><E123/><V73/><F73/><W35/><G35/><T82/><D103/><U111/><E111/><N who="3" m="42506" /><G84/><T38/><D86/><U131/><E131/><V21/><F98/><W113/><G113/><T88/><D115/><U77/><E120/><V87/><F83/><W11/><G64/><T93/><D112/><U104/><E71/><V56/><F56/><W50/><G59/><T74/><D122/><U130/><E130/><V49/><F44/><W52/><G11/><T22/><D121/><U78/><E105/><V101/><F101/><N who="3" m="62895" /><G50/><T30/><D74/><U127/><E127/><V37/><F37/><W102/><G102/><T58/><D38/><U92/><E104/><V106/><F106/><W135/><G52/><T100/><D53/><U20/><E20/><V42/><F42/><W47/><G47/><T99/><D134/><AGARI ba="0,0" hai="6,8,15,17,18,19,134,135" m="62895,42506" machi="134" ten="40,2000,0" yaku="10,1" doraHai="27" who="3" fromWho="0" sc="208,-20,158,0,177,0,457,20" owari="188,-1.0,158,-34.0,177,-22.0,477,57.0" /></mjloggm>