<mjloggm ver="2.3"><GO type="97" lobby="0"/><UN n0="%E7%A5%9E%E3%81%AE%E5%83%95" n1="%E3%82%B9%E3%83%86%E3%83%B3%E3%83%AC%E3%82%B9%E3%83%A2%E3%83%A2" n2="%E3%82%A6%E3%83%AB%E3%83%88%E3%83%A9%E7%AB%8B%E7%9B%B4" n3="%E4%BF%BA%E3%81%AF%E3%82%82%E3%81%86%E3%83%80%E3%83%A1%E3%81%A0%E3%81%8A" dan="14,14,15,14" rate="1893.19,1882.99,2006.05,1962.39" sx="F,F,M,F"/><TAIKYOKU oya="0"/><INIT seed="0,0,0,2,4,66" ten="250,250,250,250" oya="0" hai0="88,36,57,108,3,107,130,115,72,100,43,79,20" hai1="123,95,90,60,119,14,109,68,110,22,99,15,25" hai2="116,23,103,117,37,33,45,41,1,16,126,129,113" hai3="58,104,18,59,65,71,101,13,85,63,53,42,121"/><T38/><D115/><U134/><E123/><V31/><F1/><W124/><G42/><T132/><D3/><U133/><E119/><N who="2" m="45643" /><F113/><W28/><G28/><T4/><D4/><U12/><E68/><V24/><F126/><W9/><G124/><T7/><D7/><U26/><E60/><V114/><F114/><W17/><G85/><T70/><D70/><U30/><REACH who="1" step="1"/><E26/><REACH who="1" ten="250,240,250,250" step="2"/><V69/><F69/><W81/><G121/><T89/><D130/><U135/><AGARI ba="0,1" hai="12,14,15,22,25,30,90,95,99,109,110,133,134,135" machi="135" ten="40,8000,1" yaku="1,1,2,1,0,1,20,1,53,0" doraHai="66" doraHaiUra="73" who="1" fromWho="1" sc="250,-40,240,90,250,-20,250,-20" /><INIT seed="1,0,0,5,4,12" ten="210,330,230,230" oya="1" hai0="39,65,103,85,68,0,54,133,37,69,64,62,82" hai1="115,23,43,93,41,28,124,13,4,48,30,127,20" hai2="96,105,3,2,89,60,45,19,99,97,104,14,86" hai3="120,56,102,16,44,46,71,79,90,49,10,132,92"/><U121/><E121/><V38/><F60/><W81/><G120/><T114/><D0/><U22/><E115/><V52/><F3/><W77/><G102/><T63/><D114/><U131/><E131/><V7/><F7/><W125/><G132/><T87/><D133/><U117/><E117/><V36/><F2/><W134/><G125/><N who="1" m="48202" /><E93/><V88/><F38/><W108/><G108/><T31/><D103/><U70/><E70/><V67/><F67/><W100/><G100/><T106/><D106/><U26/><E26/><V94/><F36/><W123/><G71/><T51/><D31/><N who="1" m="11819" /><E48/><N who="2" m="28687" /><F105/><W110/><G110/><T33/><D33/><U98/><E98/><V130/><F104/><W47/><G123/><T122/><D122/><U11/><AGARI ba="0,0" hai="4,11,13,20,22,23,41,43" m="11819,48202" machi="11" ten="40,2100,0" yaku="18,1" doraHai="12" who="1" fromWho="1" sc="210,-7,330,21,230,-7,230,-7" /><INIT seed="1,1,0,1,1,46" ten="203,351,223,223" oya="1" hai0="16,126,122,129,55,50,53,67,70,82,91,79,0" hai1="105,118,66,76,32,85,110,116,12,78,2,80,54" hai2="24,81,10,120,26,86,106,115,14,45,121,114,47" hai3="64,18,132,65,40,90,83,8,68,73,103,123,44"/><U25/><E2/><V93/><F93/><W34/><G123/><T27/><D0/><U87/><E110/><V62/><F62/><W127/><G132/><T23/><D122/><U35/><E105/><V57/><F57/><W6/><G127/><T125/><D129/><U97/><E97/><V7/><F106/><W17/><G34/><T63/><D91/><U75/><E66/><V5/><F86/><W77/><G103/><T9/><D9/><U59/><E12/><V48/><F81/><W52/><G90/><T130/><D130/><U43/><E43/><V39/><F14/><W98/><G98/><T71/><D70/><U56/><E25/><V133/><F10/><W4/><G4/><T99/><D99/><U60/><E59/><V102/><F39/><W38/><G68/><T92/><D92/><U101/><E101/><V1/><F1/><N who="3" m="79" /><G64/><T69/><D71/><U3/><E3/><V113/><F102/><W111/><G65/><T135/><D135/><U30/><E30/><V89/><F89/><W36/><G36/><T58/><REACH who="0" step="1"/><D55/><REACH who="0" ten="193,351,223,223" step="2"/><U51/><E54/><V95/><F114/><W31/><G111/><T74/><AGARI ba="1,1" hai="16,23,27,50,53,58,63,67,69,74,79,82,125,126" machi="74" ten="30,12000,2" yaku="1,1,2,1,0,1,52,1,54,1,53,1" doraHai="46" doraHaiUra="61" who="0" fromWho="0" sc="193,133,351,-61,223,-31,223,-31" /><INIT seed="2,0,0,2,5,92" ten="326,290,192,192" oya="2" hai0="132,37,81,30,102,99,114,5,6,31,60,2,40" hai1="8,125,85,42,126,106,73,83,24,77,71,95,98" hai2="4,41,89,16,10,133,15,72,116,135,27,13,111" hai3="19,28,129,43,109,93,122,26,54,120,63,97,47"/><V134/><F72/><W56/><G129/><T117/><D114/><U57/><E71/><V91/><F116/><W131/><G109/><T48/><D117/><U17/><E42/><V96/><F111/><W108/><G108/><T74/><D37/><U29/><E57/><V88/><F41/><W22/><G28/><T90/><D132/><U46/><E46/><V80/><F27/><W32/><G32/><T18/><D60/><U11/><E106/><V113/><F113/><W115/><G131/><T7/><D2/><U12/><E8/><N who="2" m="6247" /><F80/><W107/><G107/><T104/><D18/><U84/><E125/><V79/><F79/><W51/><REACH who="3" step="1"/><G115/><REACH who="3" ten="326,290,192,182" step="2"/><T23/><D30/><U21/><REACH who="1" step="1"/><E126/><REACH who="1" ten="326,280,192,182" step="2"/><V100/><F100/><AGARI ba="0,2" hai="19,22,26,43,47,51,54,56,63,93,97,100,120,122" machi="100" ten="30,7700,0" yaku="1,1,2,1,7,1,52,1,53,0" doraHai="92" doraHaiUra="62" who="3" fromWho="2" sc="326,0,280,0,192,-77,182,97" /><AGARI ba="0,0" hai="11,12,17,21,24,29,73,77,83,84,85,95,98,100" machi="100" ten="30,7700,0" yaku="1,1,2,1,7,1,52,1,53,0" doraHai="92" doraHaiUra="62" who="1" fromWho="2" sc="326,0,280,77,115,-77,279,0" /><INIT seed="3,0,0,5,5,53" ten="326,357,38,279" oya="3" hai0="40,43,32,102,12,94,93,28,42,72,74,119,41" hai1="120,110,122,115,35,29,129,131,62,11,68,85,27" hai2="132,116,124,99,10,89,66,14,44,6,121,101,78" hai3="106,84,134,16,38,112,69,79,4,33,123,58,111"/><W98/><G112/><T81/><D119/><U82/><E110/><V109/><F116/><W24/><G123/><T73/><D81/><U90/><E115/><V55/><F121/><W13/><G38/><T70/><D70/><U96/><E11/><V21/><F109/><W56/><G69/><T26/><N who="0" m="10752" /><DORA hai="59" /><T103/><REACH who="0" step="1"/><D12/><REACH who="0" ten="316,357,38,279" step="2"/><U49/><E122/><V50/><F124/><W2/><G111/><T20/><D20/><U18/><E120/><V128/><F128/><W19/><G2/><T75/><N who="0" m="18944" /><DORA hai="61" /><T57/><D57/><U97/><E68/><V3/><F132/><W60/><G4/><T9/><D9/><U64/><E131/><V125/><F125/><W51/><G134/><T45/><D45/><U63/><E129/><V30/><F78/><W113/><G113/><T65/><D65/><U88/><E64/><V105/><F89/><W100/><G79/><T39/><D39/><U17/><E88/><V25/><REACH who="2" step="1"/><F14/><REACH who="2" ten="316,357,28,279" step="2"/><W67/><G84/><T104/><D104/><U92/><E90/><V77/><F77/><W83/><G83/><T127/><D127/><U8/><E82/><V108/><F108/><W135/><G135/><T36/><D36/><U91/><E91/><V130/><F130/><W133/><G133/><T117/><D117/><U48/><E97/><V52/><F52/><N who="3" m="31775" /><G13/><T76/><D76/><U80/><E96/><V37/><F37/><W71/><G98/><T1/><D1/><U0/><E0/><V54/><F54/><W87/><G87/><T23/><D23/><U34/><E85/><V95/><F95/><AGARI ba="0,2" hai="26,28,32,93,94,95,102,103" m="18944,10752" machi="95" ten="80,2600,0" yaku="1,1,53,0" doraHai="53,59,61" doraHaiUra="118,126,86" who="0" fromWho="2" sc="316,46,357,0,28,-26,279,0" owari="362,46.0,357,16.0,2,-50.0,279,-12.0" /></mjloggm>