<mjloggm ver="2.3"><GO type="97" lobby="0"/><UN n0="%E7%B4%85%E3%81%84%E7%9E%B3%E3%81%AE%E6%AD%A6%E4%B8%B8" n1="%E2%98%85%E3%83%9E%E3%83%9E%EF%BC%90%E6%AD%B3%E2%98%85" n2="%E3%82%A6%E3%83%AB%E3%83%88%E3%83%A9%E7%AB%8B%E7%9B%B4" n3="%79%75%75%5F%67%72%65%6E" dan="14,13,15,13" rate="1995.66,1873.50,1982.06,1918.88" sx="M,F,M,M"/><TAIKYOKU oya="0"/><INIT seed="0,0,0,0,2,3" ten="250,250,250,250" oya="0" hai0="15,22,128,117,58,122,56,2,26,47,50,52,60" hai1="12,54,112,13,23,1,110,61,4,129,95,53,36" hai2="27,33,74,78,46,8,106,109,44,134,97,24,116" hai3="79,119,11,81,66,108,103,115,87,91,107,85,51"/><T118/><D122/><U132/><E36/><V16/><F116/><W72/><G66/><T18/><D2/><U90/><E110/><V67/><F109/><W130/><G11/><T80/><D128/><U126/><E129/><V39/><F134/><W14/><G108/><T19/><D80/><U30/><E132/><V5/><F78/><W101/><G130/><T113/><D113/><U0/><E126/><V62/><F74/><W84/><G14/><T93/><D93/><U31/><E112/><V68/><F39/><W49/><G115/><T70/><D70/><U32/><E32/><V98/><F27/><W28/><G28/><T104/><D104/><U127/><E127/><V123/><F123/><W25/><G25/><T38/><D38/><U133/><E133/><V100/><F97/><N who="3" m="61871" /><G49/><T20/><REACH who="0" step="1"/><D58/><REACH who="0" ten="240,250,250,250" step="2"/><U42/><E0/><V83/><F83/><W41/><G81/><T124/><D124/><U96/><E1/><V37/><F37/><W71/><G71/><T45/><D45/><U48/><E61/><V21/><F33/><W63/><G63/><T9/><D9/><U17/><E42/><AGARI ba="0,1" hai="15,18,19,20,22,26,42,47,50,52,56,60,117,118" machi="42" ten="30,11600,0" yaku="1,1,7,1,54,1,53,1" doraHai="3" doraHaiUra="10" who="0" fromWho="1" sc="240,126,250,-116,250,0,250,0" /><INIT seed="0,1,0,2,2,63" ten="366,134,250,250" oya="0" hai0="98,7,55,128,105,99,134,69,85,20,3,8,125" hai1="27,61,13,32,102,135,15,107,92,38,25,10,31" hai2="132,46,43,60,124,62,5,48,11,114,119,54,71" hai3="96,18,77,120,0,51,9,6,26,17,52,19,28"/><T66/><D128/><U133/><E38/><V64/><F114/><W90/><G120/><T131/><D131/><U115/><E107/><V73/><F73/><W97/><G77/><T67/><D69/><U82/><E115/><V49/><F119/><W30/><G30/><T116/><D116/><U23/><E82/><V35/><F35/><W109/><G109/><T75/><D75/><U89/><E102/><V127/><F132/><N who="1" m="50761" /><E61/><N who="2" m="40335" /><F11/><W59/><REACH who="3" step="1"/><G90/><REACH who="3" ten="366,134,250,240" step="2"/><T36/><D134/><U108/><E89/><V126/><F5/><W103/><G103/><T88/><D125/><U76/><E76/><V47/><AGARI ba="1,1" hai="43,46,47,48,49,54,60,62,124,126,127" m="40335" machi="47" ten="40,8000,1" yaku="18,1,34,2,52,1" doraHai="63" who="2" fromWho="2" sc="366,-41,134,-21,250,93,240,-21" /><INIT seed="1,0,0,1,2,61" ten="325,113,343,219" oya="1" hai0="50,45,110,54,131,57,87,11,34,8,1,66,98" hai1="80,37,120,88,76,15,132,116,84,113,108,18,20" hai2="6,94,58,81,89,97,122,36,49,13,75,96,91" hai3="127,109,69,123,5,30,19,0,31,71,12,33,124"/><U10/><E120/><V27/><F36/><W38/><G38/><T133/><D34/><U46/><E116/><V100/><F122/><W43/><G123/><T74/><D74/><U130/><E113/><V99/><F27/><N who="3" m="18655" /><G43/><T3/><D110/><U93/><E108/><V14/><F75/><W26/><G71/><T65/><D131/><U28/><E130/><V134/><F134/><W129/><G69/><T73/><D73/><U53/><E132/><V59/><F59/><W83/><G83/><T56/><D133/><U67/><E67/><N who="0" m="25609" /><D3/><U51/><E37/><V47/><F58/><N who="0" m="22634" /><D1/><U40/><E28/><V78/><F78/><W79/><G79/><T105/><D105/><U86/><REACH who="1" step="1"/><E40/><REACH who="1" ten="325,103,343,219" step="2"/><V62/><F62/><W102/><G31/><T4/><D4/><U22/><AGARI ba="0,1" hai="10,15,18,20,22,46,51,53,76,80,84,86,88,93" machi="22" ten="30,12000,1" yaku="1,1,2,1,0,1,8,1,54,1,53,0" doraHai="61" doraHaiUra="64" who="1" fromWho="1" sc="325,-40,103,130,343,-40,219,-40" /><INIT seed="1,1,0,4,5,37" ten="285,233,303,179" oya="1" hai0="24,76,126,80,26,50,111,21,134,30,54,77,58" hai1="61,66,51,125,63,4,31,128,133,72,15,7,121" hai2="57,19,70,65,48,71,110,116,3,35,78,38,114" hai3="115,2,47,119,64,85,74,40,100,102,127,91,132"/><U131/><E72/><V17/><F38/><W12/><G115/><T5/><D111/><U87/><E121/><V18/><F35/><W55/><G119/><T73/><D126/><U99/><E125/><V10/><F116/><W53/><G127/><T59/><D134/><U46/><E133/><V56/><F78/><W95/><G132/><T33/><D5/><U16/><E31/><V118/><F118/><W41/><G74/><T9/><D9/><U52/><E99/><V28/><F28/><W120/><G120/><T68/><D68/><U86/><E86/><V8/><F3/><W49/><G2/><T0/><D0/><U96/><E96/><V124/><F124/><W129/><G129/><N who="1" m="49738" /><E87/><V98/><F98/><W123/><G123/><T42/><D76/><U81/><E81/><V94/><F94/><W14/><G64/><T84/><D73/><U88/><E88/><V93/><F65/><W44/><G14/><T69/><D69/><N who="1" m="42191" /><E63/><V62/><F62/><W43/><REACH who="3" step="1"/><G12/><REACH who="3" ten="285,233,303,169" step="2"/><T39/><D26/><U122/><E122/><V83/><F114/><W79/><G79/><T75/><D75/><U20/><AGARI ba="1,1" hai="4,7,15,16,20,46,51,52" m="42191,49738" machi="20" ten="30,6000,0" yaku="19,1,54,2" doraHai="37" who="1" fromWho="1" sc="285,-21,233,73,303,-21,169,-21" /><INIT seed="1,2,0,5,5,31" ten="264,306,282,148" oya="1" hai0="5,7,64,84,22,45,46,70,88,26,52,80,119" hai1="109,13,8,112,89,19,21,81,128,102,54,95,120" hai2="124,93,73,57,113,12,132,121,39,55,135,42,87" hai3="118,16,37,116,49,91,67,44,32,3,117,82,126"/><U127/><E120/><V47/><F73/><W104/><G104/><T114/><D114/><U72/><E112/><V97/><F121/><W125/><G37/><T4/><D119/><N who="3" m="30465" /><W20/><DORA hai="134" /><G3/><T103/><D103/><U65/><E128/><V51/><F113/><W90/><G32/><T27/><D27/><U106/><E109/><V108/><F108/><W66/><G66/><T33/><D33/><U111/><E111/><V1/><F1/><W10/><G10/><T86/><D52/><U110/><E110/><V71/><F71/><W59/><G67/><T53/><D53/><U107/><E127/><N who="3" m="48650" /><G59/><T56/><D70/><U23/><E65/><V99/><F124/><W100/><G100/><T50/><D50/><U28/><E54/><V29/><F51/><W6/><G6/><T17/><D64/><U69/><E69/><V14/><F55/><N who="3" m="30119" /><G82/><N who="0" m="49175" /><D56/><U130/><E107/><V98/><F57/><W96/><G96/><T41/><D41/><U105/><E105/><V38/><F99/><W83/><G83/><T63/><D63/><U62/><E81/><V9/><F98/><W48/><G48/><T115/><D115/><U25/><E62/><V77/><F97/><W133/><G133/><T15/><D46/><U75/><E102/><V76/><F39/><W92/><G92/><T60/><D60/><U101/><E101/><V43/><F38/><W79/><G79/><N who="0" m="46367" /><D45/><U78/><E106/><V35/><F47/><W36/><G36/><T0/><D0/><U61/><E95/><V24/><F135/><W94/><G94/><T30/><D5/><U122/><E8/><RYUUKYOKU ba="2,0" sc="264,15,306,-15,282,-15,148,15" hai0="4,7,15,17,22,26,30" hai3="16,20,90,91" /><INIT seed="2,3,0,5,0,134" ten="279,291,267,163" oya="2" hai0="30,78,35,81,85,37,42,48,88,31,101,99,115" hai1="116,75,32,29,73,38,27,74,33,60,114,36,131" hai2="44,12,39,8,19,34,83,72,121,59,77,117,22" hai3="112,118,54,92,71,61,82,11,25,84,17,15,87"/><V7/><F34/><W104/><G104/><T89/><D37/><U109/><E116/><V5/><F117/><W110/><G118/><T113/><D115/><U20/><E114/><V13/><F121/><W128/><G112/><T50/><D113/><U1/><E109/><V69/><F69/><W26/><G110/><T65/><D65/><U62/><E131/><V133/><F133/><W90/><G128/><T76/><D89/><U129/><E129/><V10/><F59/><W3/><G3/><T108/><D108/><U53/><E1/><V120/><F120/><W67/><REACH who="3" step="1"/><G54/><REACH who="3" ten="279,291,267,153" step="2"/><T28/><D35/><U95/><E53/><V123/><F123/><W135/><G135/><T107/><D42/><U52/><E36/><V46/><F39/><W9/><G9/><T2/><D2/><AGARI ba="3,1" hai="2,5,7,8,10,12,13,19,22,44,46,72,77,83" machi="2" ten="30,1500,0" yaku="7,1" doraHai="134" who="2" fromWho="0" sc="279,-24,291,0,267,34,153,0" /><INIT seed="2,4,0,5,5,5" ten="255,291,301,153" oya="2" hai0="74,11,27,19,24,82,48,96,112,45,14,111,62" hai1="94,58,95,22,80,108,9,49,114,33,117,104,75" hai2="10,125,100,119,115,113,37,34,67,8,55,64,83" hai3="52,81,84,25,29,135,124,56,127,28,88,128,41"/><V7/><F34/><W2/><G2/><T23/><D112/><U106/><E117/><V133/><F37/><W63/><G135/><T61/><D111/><U99/><E114/><V71/><F7/><W39/><G128/><T6/><D27/><U123/><E123/><V59/><F119/><W0/><G0/><T46/><D46/><U47/><E33/><V53/><F100/><W126/><REACH who="3" step="1"/><G25/><REACH who="3" ten="255,291,301,143" step="2"/><T30/><D24/><U69/><E108/><V54/><F115/><W1/><G1/><T20/><D74/><U105/><E75/><V121/><F113/><W85/><G85/><T36/><D96/><U90/><E99/><V70/><F133/><W43/><G43/><T68/><D68/><U66/><E69/><V107/><F71/><W50/><G50/><T116/><D48/><U130/><E49/><V87/><F70/><W3/><G3/><T51/><D51/><U15/><E130/><V77/><F121/><W12/><G12/><T13/><D13/><U101/><E15/><V129/><F129/><W122/><G122/><T91/><D14/><U38/><E38/><V132/><F132/><W57/><G57/><T4/><D116/><U109/><E58/><V31/><F59/><W97/><G97/><T42/><D4/><U118/><E109/><V16/><F87/><W60/><G60/><T65/><D42/><U110/><E118/><V92/><F107/><W72/><G72/><T103/><D61/><U26/><E106/><V40/><F40/><W76/><G76/><T73/><D62/><U79/><E105/><V134/><F77/><W98/><G98/><RYUUKYOKU ba="4,1" sc="255,-10,291,-10,301,-10,143,30" hai3="28,29,39,41,52,56,63,81,84,88,124,126,127" /><INIT seed="3,5,1,1,4,105" ten="245,281,291,173" oya="3" hai0="94,109,10,87,18,107,53,129,120,6,41,133,74" hai1="22,71,45,123,100,72,82,131,85,114,13,58,121" hai2="33,101,95,83,51,69,73,21,26,98,44,30,90" hai3="88,110,25,118,86,66,112,67,40,108,60,65,119"/><W99/><G112/><T59/><D120/><U128/><E71/><V3/><F3/><W24/><G40/><T39/><D107/><U78/><E58/><V92/><F69/><W102/><G60/><T111/><D129/><U28/><E45/><V93/><F33/><W36/><G36/><T89/><D133/><U55/><E55/><N who="2" m="30183" /><F73/><W62/><G62/><N who="0" m="36207" /><D18/><U47/><E47/><V57/><F57/><W64/><N who="3" m="16896" /><DORA hai="115" /><W113/><G113/><T127/><D41/><U19/><E28/><V52/><F52/><W34/><G34/><T9/><D39/><U81/><E100/><V42/><F42/><W63/><G63/><T20/><D20/><U80/><E114/><V76/><F76/><W122/><G122/><T2/><D10/><U23/><E123/><V8/><F8/><W31/><G31/><T35/><D35/><U116/><E116/><N who="3" m="44586" /><G102/><T61/><D61/><U134/><E121/><V91/><F101/><W96/><G96/><T5/><D74/><U12/><E134/><V135/><F135/><W17/><G99/><T125/><D6/><U7/><E82/><V106/><F106/><W84/><G17/><T70/><D70/><U46/><E7/><V38/><F38/><W27/><G88/><T56/><D56/><U50/><E81/><V104/><F104/><W29/><G29/><T124/><AGARI ba="5,1" hai="2,5,9,87,89,94,109,111,124,125,127" m="36207" machi="124" ten="40,1500,0" yaku="18,1" doraHai="105,115" who="0" fromWho="0" sc="245,40,281,-9,291,-9,173,-12" /><INIT seed="4,0,0,2,2,106" ten="285,272,282,161" oya="0" hai0="18,32,24,66,34,45,119,74,49,85,10,134,104" hai1="102,7,98,63,92,87,53,20,39,133,65,30,37" hai2="76,47,126,12,19,5,105,129,71,62,123,94,118" hai3="91,69,50,57,72,80,26,38,52,79,132,54,35"/><T127/><D119/><U114/><E114/><V29/><F105/><W2/><G132/><T99/><D134/><U0/><E133/><V125/><F123/><W4/><G38/><T44/><D66/><U86/><E7/><V40/><F29/><W42/><G69/><T6/><D85/><U101/><E0/><V128/><F5/><W14/><G2/><T1/><D74/><U131/><E131/><N who="2" m="50251" /><F94/><W75/><G75/><T46/><D49/><U115/><E115/><V22/><F76/><W70/><G70/><T3/><D1/><U124/><E124/><V135/><F135/><W61/><G91/><T13/><D127/><N who="2" m="48650" /><F118/><W100/><G100/><T60/><D60/><U112/><E112/><V113/><F113/><W116/><G116/><T84/><D84/><U48/><E102/><V90/><F90/><W23/><G35/><T107/><D99/><U16/><E30/><V82/><F82/><W28/><G42/><T93/><D93/><U122/><E122/><V73/><F73/><W120/><G120/><T17/><D17/><U64/><E37/><N who="2" m="21903" /><F62/><W83/><G83/><T110/><D110/><U77/><E77/><V121/><F121/><W8/><REACH who="3" step="1"/><G50/><REACH who="3" ten="285,272,282,151" step="2"/><T96/><D34/><U81/><E39/><V33/><F33/><W111/><G111/><T89/><D89/><U36/><E36/><V15/><F71/><W43/><G43/><T130/><D130/><U95/><E81/><V55/><F22/><W56/><G56/><T109/><D109/><U78/><E78/><V68/><F68/><W88/><G88/><T108/><D108/><U117/><E117/><RYUUKYOKU ba="0,1" sc="285,-10,272,-10,282,-10,151,30" hai3="4,8,14,23,26,28,52,54,57,61,72,79,80" /><INIT seed="5,1,1,1,3,101" ten="275,262,272,181" oya="1" hai0="83,109,1,97,36,92,26,86,82,40,22,123,102" hai1="130,120,35,9,72,105,68,42,113,115,54,43,23" hai2="87,55,45,3,21,89,112,57,61,32,33,4,20" hai3="124,128,135,7,111,70,29,51,108,127,131,84,47"/><U90/><E120/><V31/><F112/><N who="1" m="43081" /><E72/><V91/><F4/><W34/><G84/><T81/><D109/><N who="3" m="42057" /><G7/><T19/><D1/><U99/><E68/><V12/><F3/><W65/><G34/><T74/><D123/><U98/><E35/><V85/><F32/><W103/><G103/><T50/><D36/><U96/><E130/><N who="3" m="49706" /><G29/><T121/><D121/><U49/><E9/><V8/><F31/><W11/><G11/><T88/><D74/><U129/><E129/><V78/><F78/><W119/><G119/><T62/><D62/><U116/><E116/><V13/><F33/><W79/><G79/><T106/><D50/><U10/><E10/><V125/><F8/><W66/><G135/><T122/><D122/><U37/><E37/><V25/><F20/><W52/><G70/><T69/><D69/><U80/><E23/><V60/><F21/><W58/><G47/><T44/><D44/><N who="1" m="27943" /><E105/><V132/><F45/><W16/><G16/><T73/><D73/><U24/><E24/><V126/><F25/><W95/><G95/><T2/><D2/><U30/><E30/><V53/><F132/><W75/><G75/><T114/><D114/><U0/><E0/><V107/><F107/><W134/><G134/><T64/><D106/><U56/><E56/><AGARI ba="1,1" hai="12,13,53,55,56,57,60,61,85,87,89,91,125,126" machi="56" ten="25,1600,0" yaku="22,2" doraHai="101" who="2" fromWho="1" sc="275,0,262,-19,272,29,181,0" owari="275,8.0,243,-16.0,301,40.0,181,-32.0" /></mjloggm>