<mjloggm ver="2.3"><GO type="97" lobby="0"/><UN n0="%4E%6F%4E%61%6D%65%E3%81%82%E3%81%82" n1="%E3%82%A6%E3%83%AB%E3%83%88%E3%83%A9%E7%AB%8B%E7%9B%B4" n2="%E3%81%8A%E3%81%BC%E3%82%8C%E3%82%8B%E3%81%A6%E3%82%93%E3%81%97" n3="%E7%82%8E%E3%81%AE%E3%82%B7%E3%83%A5%E3%83%AC%E3%83%B3" dan="13,15,13,13" rate="1965.09,1991.45,1839.92,1930.91" sx="F,M,F,M"/><TAIKYOKU oya="0"/><INIT seed="0,0,0,1,2,9" ten="250,250,250,250" oya="0" hai0="70,43,88,2,97,76,10,86,0,50,114,55,8" hai1="73,85,31,52,25,98,132,110,34,103,16,113,11" hai2="131,126,120,117,111,119,99,14,63,30,65,124,22" hai3="95,62,51,4,108,6,58,47,72,129,83,105,71"/><T92/><D114/><U77/><E110/><V127/><F99/><W100/><G105/><T29/><D70/><U13/><E132/><V48/><F30/><W37/><G71/><T90/><D43/><U68/><E68/><V38/><F48/><W78/><G37/><T18/><D76/><U87/><E113/><V69/><F38/><W130/><G108/><T23/><D29/><U75/><E52/><V106/><F111/><W128/><G95/><N who="0" m="56551" /><D0/><U80/><REACH who="1" step="1"/><E75/><REACH who="1" ten="250,240,250,250" step="2"/><V56/><F69/><W12/><G72/><T133/><D133/><U64/><E64/><V116/><F106/><AGARI ba="0,1" hai="11,13,16,25,31,34,73,77,80,85,87,98,103,106" machi="106" ten="30,7700,0" yaku="1,1,7,1,52,1,54,1,53,0" doraHai="9" doraHaiUra="122" who="1" fromWho="2" sc="250,0,240,87,250,-77,250,0" /><INIT seed="1,0,0,1,0,46" ten="250,327,173,250" oya="1" hai0="69,74,31,125,118,51,4,12,116,90,105,95,110" hai1="87,68,13,99,56,50,131,10,119,103,19,126,63" hai2="91,73,49,80,28,109,120,100,72,89,96,1,92" hai3="86,61,111,58,134,122,57,2,67,44,70,128,39"/><U33/><E119/><V25/><F1/><W8/><G2/><T37/><D37/><U93/><E33/><V18/><F120/><W60/><G8/><T5/><D69/><U40/><E126/><V55/><F109/><W38/><G86/><T84/><D74/><U79/><E131/><V78/><F18/><W121/><G111/><T85/><D105/><U102/><E102/><V65/><F65/><W43/><G128/><T6/><D110/><U52/><E68/><V62/><F62/><W24/><G24/><T45/><D125/><U20/><E79/><V130/><F130/><W114/><G134/><T81/><D31/><U35/><E35/><V94/><F72/><W21/><G21/><T14/><D118/><U115/><E115/><V82/><F82/><W34/><G34/><T132/><D132/><U9/><E87/><V108/><F108/><W0/><G0/><T75/><D75/><U71/><E71/><V3/><F3/><W30/><G30/><T15/><D116/><U66/><E40/><V104/><F55/><N who="3" m="33855" /><G114/><T83/><REACH who="0" step="1"/><D84/><REACH who="0" ten="240,327,173,250" step="2"/><U7/><E7/><V76/><F76/><W41/><G70/><T112/><D112/><U106/><E106/><V16/><F104/><W36/><G36/><T47/><D47/><AGARI ba="0,1" hai="38,39,41,43,44,47,58,61,67,121,122" m="33855" machi="47" ten="30,2000,0" yaku="34,2" doraHai="46" who="3" fromWho="0" sc="240,-20,327,0,173,0,250,30" /><INIT seed="2,0,0,3,2,16" ten="220,327,173,280" oya="2" hai0="21,106,119,61,49,83,53,122,84,22,89,60,131" hai1="4,24,105,27,102,135,14,17,85,78,120,70,91" hai2="93,112,92,25,40,8,69,9,107,113,28,121,46" hai3="94,72,74,68,38,123,128,81,6,15,1,12,50"/><V98/><F69/><W87/><G38/><T5/><D122/><U97/><E70/><V19/><F107/><W48/><G123/><T51/><D106/><U11/><E135/><V33/><F121/><W63/><G128/><T118/><D131/><U126/><E126/><V90/><F92/><W43/><G1/><T45/><D5/><U20/><E78/><V7/><F9/><W110/><G110/><T32/><D32/><U71/><E71/><V2/><REACH who="2" step="1"/><F19/><REACH who="2" ten="220,327,163,280" step="2"/><W3/><G94/><T125/><D125/><U30/><E120/><V23/><F23/><N who="0" m="8714" /><D119/><U42/><E105/><V104/><F104/><W80/><G68/><T117/><D117/><U76/><E27/><V62/><F62/><W108/><G63/><T124/><D124/><U130/><E24/><V129/><F129/><W36/><G108/><T100/><D118/><U58/><E17/><V13/><F13/><W96/><G12/><T99/><D60/><U47/><E14/><V64/><F64/><W55/><G15/><T65/><D65/><U0/><E130/><V66/><F66/><W114/><G3/><T41/><D61/><U127/><E127/><V133/><F133/><W31/><G6/><T101/><D99/><U95/><E4/><V86/><F86/><W73/><G87/><T44/><AGARI ba="0,1" hai="41,44,45,49,51,53,83,84,89,100,101" m="8714" machi="44" ten="30,7900,0" yaku="8,1,52,3" doraHai="16" who="0" fromWho="0" sc="220,89,327,-20,163,-39,280,-20" /><INIT seed="3,0,0,0,0,53" ten="309,307,124,260" oya="3" hai0="107,103,68,87,32,75,38,62,21,67,95,118,47" hai1="44,40,39,76,29,115,18,104,41,51,63,117,121" hai2="77,37,116,96,66,99,43,50,6,3,23,82,42" hai3="128,122,86,5,135,13,129,110,120,112,54,91,34"/><W88/><G34/><T101/><D118/><U64/><E104/><V11/><F66/><W90/><G112/><T10/><D32/><U27/><E121/><N who="3" m="46698" /><G54/><T36/><D75/><U106/><E106/><V130/><F116/><W26/><G26/><T19/><D107/><U131/><E115/><V119/><F130/><N who="3" m="50283" /><G135/><T12/><D103/><U105/><E131/><V57/><F119/><W17/><G5/><T7/><D47/><U134/><E134/><V111/><F23/><N who="3" m="11695" /><G110/><T100/><D100/><U25/><E117/><V15/><F111/><W55/><G55/><T0/><D87/><AGARI ba="0,0" hai="86,87,88,90,91" m="11695,50283,46698" machi="87" ten="40,3900,0" yaku="19,1,54,1" doraHai="53" who="3" fromWho="0" sc="309,-39,307,0,124,0,260,39" /><INIT seed="3,1,0,5,3,128" ten="270,307,124,299" oya="3" hai0="17,123,2,117,60,90,87,26,52,20,50,65,71" hai1="134,56,121,101,131,49,3,10,114,46,102,41,23" hai2="104,19,33,53,32,64,98,110,8,48,126,14,89" hai3="1,132,66,16,88,130,109,25,91,129,78,4,76"/><W12/><G109/><T9/><D123/><U29/><E121/><V54/><F110/><W51/><G132/><T67/><D117/><U15/><E114/><V43/><F126/><W73/><G66/><T124/><D124/><U34/><E134/><V61/><F104/><W93/><G51/><T57/><D67/><U115/><E131/><N who="3" m="50186" /><G25/><T44/><D2/><U6/><E115/><V22/><F32/><W99/><G91/><T5/><D5/><U35/><E35/><V106/><F33/><W24/><G24/><T31/><D9/><U103/><E34/><V108/><F106/><W63/><G73/><T40/><D31/><U70/><E70/><V96/><F108/><W133/><G133/><T107/><D107/><U45/><E3/><V119/><F119/><W92/><G92/><T13/><D26/><N who="1" m="16607" /><E41/><V77/><F77/><N who="3" m="29803" /><G63/><T85/><REACH who="0" step="1"/><D90/><REACH who="0" ten="260,307,124,299" step="2"/><U18/><E6/><V38/><F89/><W42/><G4/><T111/><D111/><U135/><E135/><V39/><F22/><N who="3" m="11527" /><G1/><T72/><D72/><U95/><E95/><V27/><F38/><AGARI ba="1,1" hai="13,17,20,38,40,44,50,52,57,60,65,71,85,87" machi="38" ten="30,8000,1" yaku="1,1,7,1,24,2,54,1,53,0" doraHai="128" doraHaiUra="127" who="0" fromWho="2" sc="260,93,307,0,124,-83,299,0" owari="353,45.0,307,11.0,41,-46.0,299,-10.0" /></mjloggm>