<mjloggm ver="2.3"><GO type="97" lobby="0"/><UN n0="%E3%82%86%E3%81%8D%E3%81%BB" n1="%E3%82%A6%E3%83%AB%E3%83%88%E3%83%A9%E7%AB%8B%E7%9B%B4" n2="%69%2D%73%61%6E" n3="%E3%83%81%E3%83%BC%E3%82%AF%E3%83%81%E3%83%83%E3%82%AF" dan="14,15,14,14" rate="1933.86,2003.39,1962.40,1937.26" sx="F,M,M,F"/><TAIKYOKU oya="0"/><INIT seed="0,0,0,3,5,83" ten="250,250,250,250" oya="0" hai0="38,99,7,115,123,101,120,40,30,112,114,45,78" hai1="47,104,109,75,71,72,60,126,34,92,89,27,55" hai2="16,9,113,74,17,64,66,125,93,91,39,8,130" hai3="0,5,3,6,32,106,103,70,33,127,58,61,100"/><T53/><D78/><U36/><E104/><V86/><F74/><W19/><G127/><T65/><D30/><U54/><E126/><V110/><F125/><W73/><G73/><T43/><D65/><U111/><E55/><V105/><F105/><W18/><G58/><T128/><D7/><U132/><E132/><V135/><F39/><W94/><G94/><T2/><D2/><U1/><E1/><V4/><F113/><W21/><G21/><T80/><D80/><U35/><E35/><V67/><F135/><W77/><G77/><T24/><D24/><U96/><E27/><V102/><F130/><W84/><G84/><T117/><D117/><U88/><E34/><V129/><F129/><W87/><G87/><T108/><D128/><U131/><E131/><V26/><F26/><W82/><G82/><T98/><D43/><N who="1" m="23015" /><E89/><V95/><F9/><W85/><G85/><T29/><D29/><U41/><E41/><V23/><F23/><W133/><G133/><T79/><D108/><N who="1" m="41547" /><E54/><V56/><F110/><W25/><G25/><T81/><D53/><U122/><E122/><V50/><F50/><W20/><G20/><T68/><D68/><U22/><E22/><V10/><F56/><W48/><G106/><N who="0" m="63799" /><D99/><U52/><E71/><V59/><F59/><AGARI ba="0,0" hai="52,59,60,72,75,88,92,96" m="41547,23015" machi="59" ten="30,3900,0" yaku="14,1,54,2" doraHai="83" who="1" fromWho="2" sc="250,0,250,39,250,-39,250,0" /><INIT seed="1,0,0,3,1,99" ten="250,289,211,250" oya="1" hai0="133,8,131,63,23,86,29,12,9,79,52,112,39" hai1="54,2,95,76,130,31,88,59,91,89,7,61,22" hai2="100,84,10,0,58,16,114,128,65,49,60,43,109" hai3="103,46,97,113,37,71,111,98,85,17,69,107,117"/><U92/><E130/><V90/><F128/><W35/><G113/><T56/><D112/><U33/><E33/><V42/><F114/><W96/><G117/><T51/><D131/><U3/><E76/><V108/><F0/><W124/><G35/><T94/><D133/><U120/><E120/><V4/><F4/><W73/><G73/><T106/><D106/><U125/><E125/><V25/><F109/><W44/><G124/><T82/><D39/><U102/><E3/><V132/><F132/><W62/><G111/><T5/><D9/><U127/><E7/><V72/><F72/><W78/><G17/><T13/><D94/><N who="1" m="35883" /><E2/><V57/><F108/><W6/><G6/><T116/><D116/><U123/><E127/><V64/><F90/><W118/><G118/><T11/><D29/><U14/><E123/><V81/><F84/><W26/><G26/><T30/><D30/><U121/><E121/><V105/><F81/><W34/><G34/><T110/><D23/><U126/><E126/><V32/><F32/><W77/><G85/><T122/><D110/><U135/><E135/><V38/><F38/><W27/><G37/><T68/><D68/><N who="3" m="26185" /><G27/><T48/><REACH who="0" step="1"/><D122/><REACH who="0" ten="240,289,211,250" step="2"/><U24/><E14/><V75/><F105/><W1/><G1/><T55/><D55/><U45/><E22/><V93/><F10/><W36/><G36/><T21/><D21/><U70/><E31/><V19/><F16/><AGARI ba="0,1" hai="5,8,11,12,13,16,48,51,52,56,63,79,82,86" machi="16" ten="30,8000,1" yaku="1,1,7,1,8,1,54,2,53,0" doraHai="99" doraHaiUra="28" who="0" fromWho="2" sc="240,90,289,0,211,-80,250,0" /><INIT seed="2,0,0,0,4,74" ten="330,289,131,250" oya="2" hai0="20,71,115,100,4,16,13,34,113,135,65,121,33" hai1="68,116,108,72,32,92,31,98,52,93,124,120,96" hai2="82,17,130,15,73,119,117,26,8,29,129,35,107" hai3="127,60,101,97,1,89,118,6,2,103,48,0,131"/><V19/><F107/><W86/><G118/><N who="2" m="45065" /><F82/><W94/><G127/><T14/><D100/><U105/><E105/><V69/><F73/><W125/><G125/><T114/><D65/><U46/><E72/><V56/><F56/><W41/><G131/><N who="2" m="50185" /><F69/><W64/><G6/><AGARI ba="0,0" hai="6,8,15,17,19,26,29,35" m="50185,45065" machi="6" ten="30,5800,0" yaku="19,1,34,2" doraHai="74" who="2" fromWho="3" sc="330,0,289,0,131,58,250,-58" /><INIT seed="2,1,0,1,1,30" ten="330,289,189,192" oya="2" hai0="13,63,126,131,87,111,64,48,85,135,16,11,118" hai1="114,130,108,41,125,9,49,6,51,61,36,2,66" hai2="18,71,27,103,81,0,91,100,115,55,29,65,47" hai3="116,132,5,112,59,82,23,120,40,4,60,7,62"/><V106/><F115/><W20/><G120/><T133/><D111/><U53/><E114/><V56/><F29/><W14/><G112/><T119/><D131/><U32/><E108/><V78/><F0/><W57/><G116/><N who="0" m="44587" /><D126/><U33/><E130/><V46/><F106/><W72/><G132/><N who="0" m="50763" /><D48/><U39/><E125/><V84/><F71/><AGARI ba="1,0" hai="11,13,16,63,64,71,85,87" m="50763,44587" machi="71" ten="30,3900,0" yaku="12,1,20,1,54,1" doraHai="30" who="0" fromWho="2" sc="330,42,289,0,189,-42,192,0" /><INIT seed="3,0,0,2,2,84" ten="372,289,147,192" oya="3" hai0="13,111,118,69,119,107,112,27,36,38,76,30,102" hai1="103,88,56,47,18,39,105,52,101,123,114,63,54" hai2="60,64,9,127,58,115,70,133,37,43,86,51,45" hai3="28,34,15,89,24,82,95,80,12,65,85,126,78"/><W135/><G135/><T72/><D111/><U17/><E105/><V100/><F133/><W40/><G126/><T75/><D13/><U10/><E114/><V122/><F122/><W14/><G40/><T93/><D93/><U73/><E73/><N who="0" m="28233" /><D76/><U32/><E32/><V22/><F127/><W130/><G130/><T71/><D112/><U41/><E123/><V26/><F115/><W77/><G65/><T11/><D11/><U128/><E128/><V57/><F9/><W116/><G116/><N who="0" m="44587" /><D27/><U42/><E54/><V81/><F100/><N who="1" m="38473" /><E47/><V121/><F121/><W50/><REACH who="3" step="1"/><G50/><REACH who="3" ten="372,289,147,182" step="2"/><T117/><D117/><U96/><E39/><V7/><F37/><W134/><G134/><T48/><D48/><U4/><E42/><V109/><F109/><W20/><G20/><T8/><D38/><U104/><E41/><V53/><F43/><W33/><G33/><T25/><D36/><U120/><E120/><V106/><F106/><W44/><G44/><T35/><D107/><U62/><E104/><V6/><F45/><W1/><G1/><T108/><D35/><U125/><E125/><V90/><REACH who="2" step="1"/><F70/><REACH who="2" ten="372,289,137,182" step="2"/><W19/><G19/><AGARI ba="0,2" hai="6,7,19,22,26,51,53,57,58,60,64,81,86,90" machi="19" ten="30,8000,1" yaku="1,1,2,1,7,1,8,1,52,1,53,0" doraHai="84" doraHaiUra="91" who="2" fromWho="3" sc="372,0,289,0,137,100,182,-80" owari="372,47.0,289,9.0,237,-16.0,102,-40.0" /></mjloggm>