<mjloggm ver="2.3"><GO type="97" lobby="0"/><UN n0="%E9%9D%92%E9%AC%BC%E6%98%A0%E7%94%BB" n1="%50%2E%4B%61%70%61%73" n2="%55%72%61%6B%61%67%69" n3="%E3%82%A6%E3%83%AB%E3%83%88%E3%83%A9%E7%AB%8B%E7%9B%B4" dan="13,13,13,15" rate="1895.26,1945.67,1879.33,1971.29" sx="F,F,M,M"/><TAIKYOKU oya="0"/><INIT seed="0,0,0,0,1,28" ten="250,250,250,250" oya="0" hai0="131,54,9,45,103,120,91,34,24,46,12,111,110" hai1="135,85,132,119,101,42,7,20,90,92,53,61,67" hai2="114,63,105,32,118,125,15,62,84,51,97,127,70" hai3="13,74,104,128,126,43,72,117,23,87,17,124,134"/><T56/><D120/><U58/><E119/><V11/><F32/><W113/><G113/><T1/><D1/><U75/><E75/><V50/><F118/><W88/><G117/><T21/><D34/><U73/><E73/><V77/><F114/><W98/><G43/><T76/><D76/><U81/><E7/><V99/><F105/><W80/><G128/><T3/><D3/><U95/><E42/><V78/><F70/><W66/><G66/><T121/><D121/><U4/><E4/><V112/><F112/><W22/><G22/><T93/><D103/><U100/><E20/><V55/><F55/><W107/><G107/><T39/><D39/><U18/><E18/><V29/><F84/><W37/><G37/><T64/><D64/><U26/><E26/><V94/><F29/><W49/><G49/><N who="0" m="30799" /><D131/><U47/><E67/><V82/><F82/><W36/><G36/><T115/><D115/><U129/><E129/><V14/><REACH who="2" step="1"/><F11/><REACH who="2" ten="250,250,240,250" step="2"/><W60/><G74/><T59/><D9/><U68/><E68/><V40/><F40/><W30/><G72/><T2/><D2/><U86/><E86/><V133/><F133/><W65/><G134/><T6/><D21/><U48/><E135/><V109/><F109/><W57/><G30/><T0/><D0/><U19/><E132/><V27/><F27/><W35/><G35/><T31/><D24/><U16/><E81/><V116/><F116/><W69/><G69/><T130/><D31/><U96/><E101/><V108/><F108/><N who="0" m="41514" /><D130/><U44/><E53/><V5/><F5/><W102/><AGARI ba="0,1" hai="13,17,23,57,60,65,80,87,88,98,102,104,124,126" machi="102" ten="30,2000,0" yaku="0,1,54,1" doraHai="28" who="3" fromWho="3" sc="250,-10,250,-5,240,-5,250,30" /><INIT seed="1,0,0,0,0,92" ten="240,245,235,280" oya="1" hai0="7,69,61,5,42,93,17,13,54,105,49,115,43" hai1="84,59,30,15,16,125,111,95,46,133,131,101,121" hai2="97,50,39,86,60,57,33,3,127,109,22,72,126" hai3="128,83,123,80,78,28,113,71,65,124,135,32,48"/><U102/><E121/><V34/><F39/><W37/><G123/><T51/><D115/><U52/><E131/><V24/><F72/><W12/><G37/><T130/><D130/><U0/><E0/><V98/><F109/><W63/><G128/><T1/><D105/><U11/><E133/><V81/><F3/><W112/><G135/><T64/><D1/><U96/><E125/><N who="2" m="47627" /><F50/><W20/><G124/><T110/><D110/><U116/><E116/><V88/><F33/><W41/><G32/><T82/><D82/><U4/><E111/><V89/><F34/><W74/><G80/><T10/><D93/><U40/><E84/><V108/><F89/><W47/><G112/><T9/><D49/><N who="1" m="26823" /><E30/><N who="2" m="17687" /><F108/><W25/><G113/><T87/><D87/><U118/><E118/><V29/><F29/><W2/><G2/><T106/><D106/><U66/><E66/><AGARI ba="0,0" hai="57,60,66,81,86,88,97,98" m="17687,47627" machi="66" ten="30,7700,0" yaku="18,1,52,2,54,1" doraHai="92" who="2" fromWho="1" sc="240,0,245,-77,235,77,280,0" /><INIT seed="2,0,0,1,5,76" ten="240,168,312,280" oya="2" hai0="69,57,44,35,115,108,51,112,106,3,102,40,27" hai1="123,75,117,61,88,97,135,18,39,41,12,94,7" hai2="52,14,79,0,63,58,78,56,84,119,66,130,129" hai3="131,15,96,11,64,91,50,105,29,32,8,10,24"/><V101/><F119/><W53/><G131/><N who="2" m="50185" /><F0/><W31/><G31/><T87/><D3/><U122/><E117/><V65/><F101/><W125/><G125/><T110/><D69/><U121/><E135/><V67/><F14/><W62/><G91/><T48/><D87/><U118/><E118/><V86/><F58/><W13/><G53/><N who="0" m="29831" /><D106/><U42/><E7/><V55/><F79/><W109/><G50/><T25/><D35/><U23/><E75/><V107/><F107/><W30/><G30/><T16/><D102/><U36/><REACH who="1" step="1"/><E61/><REACH who="1" ten="240,158,312,280" step="2"/><N who="2" m="38055" /><F78/><W21/><G62/><T68/><D115/><U89/><E89/><V133/><F133/><W1/><G1/><T34/><D112/><U26/><E26/><V90/><F90/><W93/><G24/><T37/><D25/><U127/><E127/><V120/><F120/><W5/><G5/><T2/><D27/><U38/><AGARI ba="0,1" hai="12,18,23,36,38,39,41,42,88,94,97,121,122,123" machi="38" ten="40,8000,1" yaku="1,1,0,1,13,1,54,1,53,0" doraHai="76" doraHaiUra="77" who="1" fromWho="1" sc="240,-20,158,90,312,-40,280,-20" /><INIT seed="3,0,0,3,2,34" ten="220,248,272,260" oya="3" hai0="108,117,105,102,6,36,119,125,64,32,106,86,85" hai1="59,118,60,55,38,33,120,133,16,24,130,101,129" hai2="14,110,52,5,103,7,72,30,93,20,114,134,80" hai3="18,44,115,96,40,78,27,107,128,69,63,12,13"/><W39/><G115/><T121/><D36/><U26/><E120/><V47/><F114/><W75/><G128/><N who="1" m="49258" /><E38/><V97/><F110/><W82/><G18/><T0/><D32/><U109/><E109/><V112/><F112/><W10/><G27/><T49/><D108/><U84/><E133/><V61/><F134/><W74/><G10/><T48/><D121/><U17/><E118/><V67/><F72/><N who="3" m="43335" /><G13/><T29/><D125/><U126/><E126/><V77/><F47/><W135/><G12/><T81/><D64/><U45/><E101/><V50/><F30/><W1/><G135/><T100/><D29/><N who="1" m="19623" /><E26/><V2/><F20/><W8/><G107/><T15/><D15/><U21/><E21/><V46/><F14/><W58/><G58/><T23/><D23/><U53/><E84/><N who="2" m="48143" /><F2/><W124/><G96/><T41/><D41/><U3/><E3/><V57/><AGARI ba="0,0" hai="5,7,46,50,52,57,61,67,93,97,103" m="48143" machi="57" ten="30,2000,0" yaku="8,1,54,1" doraHai="34" who="2" fromWho="2" sc="220,-5,248,-5,272,20,260,-10" /><INIT seed="4,0,0,3,4,51" ten="215,243,292,250" oya="0" hai0="133,131,33,48,120,112,34,107,125,94,122,23,56" hai1="106,88,92,127,32,46,82,50,2,115,124,9,71" hai2="57,36,52,45,66,60,26,43,91,4,21,20,90" hai3="96,29,121,16,110,77,98,101,14,59,67,70,87"/><T108/><D107/><U30/><E71/><V134/><F4/><W111/><G70/><T93/><D108/><U86/><E106/><V10/><F10/><W1/><G1/><T7/><D112/><U27/><E115/><V89/><F134/><W105/><G121/><T35/><D133/><U44/><E92/><V74/><F74/><W79/><G96/><T19/><D7/><N who="1" m="1271" /><E50/><V63/><REACH who="2" step="1"/><F26/><REACH who="2" ten="215,243,282,250" step="2"/><W117/><G110/><T31/><D125/><AGARI ba="0,1" hai="27,30,32,44,46,82,86,88,124,125,127" m="1271" machi="125" ten="30,2000,0" yaku="18,1,54,1" doraHai="51" who="1" fromWho="0" sc="215,-20,243,30,282,0,250,0" /><INIT seed="5,0,0,0,2,28" ten="195,273,282,250" oya="1" hai0="108,86,71,40,6,72,64,100,67,94,52,56,82" hai1="114,16,117,105,22,10,128,116,14,85,124,109,18" hai2="107,69,122,47,7,104,17,95,27,9,84,13,130" hai3="131,66,74,61,62,41,126,38,19,103,46,5,45"/><U31/><E105/><V110/><F122/><W113/><G74/><T118/><D72/><U73/><E73/><V60/><F110/><W115/><G5/><T112/><D118/><N who="1" m="45675" /><E85/><V8/><F130/><W4/><G4/><T36/><D112/><N who="3" m="43081" /><G103/><T120/><D120/><U77/><E77/><V51/><F27/><W55/><G19/><T121/><D121/><U58/><E58/><V127/><F127/><W63/><G126/><T134/><D134/><U89/><E89/><V23/><F60/><W79/><G79/><T123/><D123/><U11/><E124/><V80/><F69/><N who="3" m="42191" /><G131/><T102/><D108/><U3/><E128/><V35/><F35/><W1/><G1/><T26/><D71/><U91/><E91/><V33/><F33/><W24/><G24/><T83/><D26/><N who="1" m="16855" /><E114/><V2/><F95/><W43/><G55/><T135/><D135/><U76/><E76/><V0/><F9/><W106/><G106/><T65/><D6/><N who="1" m="1375" /><E109/><V49/><F0/><W96/><G96/><T97/><D102/><U133/><E133/><V68/><F107/><W125/><G125/><T32/><D32/><U44/><E44/><V81/><F104/><W88/><G88/><T101/><D101/><U57/><E57/><V92/><F2/><W15/><G62/><T59/><D86/><U42/><E42/><V93/><F84/><W119/><G63/><N who="0" m="36231" /><D59/><U34/><E34/><V87/><F87/><W30/><G119/><T78/><D78/><U98/><E98/><V75/><F75/><W39/><G39/><T111/><D111/><U90/><E18/><V48/><F17/><RYUUKYOKU ba="0,0" sc="195,15,273,15,282,-15,250,-15" hai0="36,40,64,65,67,82,83,94,97,100" hai1="11,14,16,90" /><INIT seed="5,1,0,4,4,126" ten="210,288,267,235" oya="1" hai0="42,24,84,29,79,35,120,61,111,38,57,6,124" hai1="90,80,19,104,51,73,92,47,46,95,127,11,7" hai2="130,101,87,122,26,3,32,108,10,68,76,69,70" hai3="117,44,27,63,5,99,106,71,66,20,14,31,128"/><U56/><E104/><V110/><F87/><W98/><G117/><T112/><D112/><U4/><E127/><V54/><F54/><W93/><G106/><T116/><D116/><U36/><E36/><V16/><F122/><W134/><G134/><T96/><D120/><U9/><E73/><V88/><F76/><W78/><G98/><T114/><D114/><U33/><E33/><V115/><F115/><W8/><G78/><T129/><D129/><U2/><E19/><V82/><F101/><W113/><G113/><T65/><D111/><N who="2" m="42538" /><F82/><W39/><G39/><T62/><D124/><U75/><E56/><V50/><F50/><W52/><G128/><T43/><D62/><U77/><E51/><V13/><F130/><W55/><REACH who="3" step="1"/><G44/><REACH who="3" ten="210,288,267,225" step="2"/><T25/><D38/><U133/><E133/><V103/><F103/><AGARI ba="1,1" hai="5,8,14,20,27,31,52,55,63,66,71,93,99,103" machi="103" ten="30,7700,0" yaku="1,1,2,1,7,1,54,1,53,0" doraHai="126" doraHaiUra="100" who="3" fromWho="2" sc="210,0,288,0,267,-80,225,90" owari="210,-19.0,288,9.0,187,-31.0,315,41.0" /></mjloggm>