<mjloggm ver="2.3"><GO type="169" lobby="0"/><UN n0="%E3%82%A6%E3%83%AB%E3%83%88%E3%83%A9%E7%AB%8B%E7%9B%B4" n1="%E3%82%B6%E3%83%96%E3%83%B3%E3%82%B0%E3%83%AB" n2="%6E%61%69%74%61" n3="%52%6F%62%69%4E" dan="16,16,16,16" rate="2045.59,2131.40,2109.72,2121.55" sx="M,F,M,M"/><TAIKYOKU oya="0"/><INIT seed="0,0,0,3,2,46" ten="250,250,250,250" oya="0" hai0="33,34,90,128,132,35,64,24,131,13,4,7,49" hai1="15,11,117,60,122,96,118,127,119,125,126,101,6" hai2="124,77,50,27,0,26,130,67,38,114,1,121,28" hai3="92,135,99,30,78,76,65,23,66,68,104,17,108"/><T59/><D132/><U3/><E60/><V8/><F121/><W110/><G104/><T115/><D115/><U20/><E122/><V56/><F114/><W112/><G30/><T29/><D90/><U93/><E20/><V41/><F130/><N who="0" m="49706" /><D64/><N who="3" m="24681" /><G68/><T54/><D13/><U84/><REACH who="1" step="1"/><E84/><REACH who="1" ten="250,240,250,250" step="2"/><V107/><F124/><W83/><G112/><T45/><D33/><U25/><E25/><V100/><F27/><W120/><G120/><T36/><D35/><U88/><E88/><V98/><F26/><W71/><G135/><T61/><D36/><U53/><E53/><V37/><F38/><W86/><G71/><T9/><D9/><U70/><E70/><V39/><F37/><W2/><G23/><T21/><D34/><U129/><E129/><V19/><F39/><W62/><G62/><T134/><D134/><U47/><E47/><V106/><F67/><W63/><G63/><T58/><D61/><U79/><E79/><V14/><F77/><W80/><G78/><T10/><D10/><U91/><E91/><V81/><F41/><W51/><G86/><T85/><D85/><U97/><E97/><V5/><F98/><W16/><G99/><T74/><D45/><U18/><E18/><V55/><F19/><W73/><G16/><T52/><D54/><U44/><E44/><V22/><F55/><W133/><G17/><T42/><D42/><U103/><E103/><V82/><F100/><W87/><G87/><T48/><D52/><U75/><E75/><V69/><F8/><W111/><G73/><T109/><D74/><U43/><E43/><V89/><F69/><RYUUKYOKU ba="0,1" sc="250,-10,240,30,250,-10,250,-10" hai1="3,6,11,15,93,96,101,117,118,119,125,126,127" /><INIT seed="1,1,1,0,0,87" ten="240,270,240,240" oya="1" hai0="85,86,61,36,119,19,47,63,99,127,109,123,44" hai1="11,69,33,71,102,122,73,18,59,89,40,26,76" hai2="79,37,52,92,34,105,5,30,83,130,65,80,106" hai3="7,56,114,27,4,104,20,23,13,132,2,72,115"/><U74/><E122/><V15/><F37/><W98/><G72/><T68/><D119/><U46/><E59/><V126/><F126/><W84/><G56/><T45/><D127/><U21/><E102/><V121/><F121/><W100/><G132/><T60/><D123/><U110/><E33/><V129/><F65/><W6/><G2/><T125/><D125/><U1/><E74/><V96/><F30/><W28/><G13/><T116/><D116/><U91/><E110/><V67/><F67/><W32/><G115/><T3/><D3/><U29/><E71/><V108/><F34/><W64/><G114/><T38/><D109/><U10/><E10/><V58/><F108/><W9/><G9/><T54/><D99/><U31/><E31/><V117/><F117/><W17/><G17/><T112/><D19/><U62/><E62/><N who="2" m="36167" /><F15/><W12/><G12/><T0/><D0/><U8/><E8/><V39/><F39/><W66/><G66/><T51/><D68/><U124/><E69/><V82/><F5/><W22/><G64/><T75/><D75/><U57/><E124/><V25/><F25/><W94/><G32/><T93/><D112/><U16/><E29/><V42/><F42/><W133/><G133/><T35/><D35/><U111/><E18/><V88/><F79/><W50/><G50/><T81/><D36/><N who="1" m="21767" /><E111/><V43/><F43/><W70/><G70/><T131/><D38/><U107/><E107/><V101/><F101/><W95/><G104/><T49/><D49/><U53/><E1/><V135/><F135/><W103/><G103/><T77/><D51/><RYUUKYOKU ba="1,1" sc="240,-15,270,-15,240,15,240,15" hai2="80,82,83,88,92,96,105,106,129,130" hai3="4,6,7,20,22,23,27,28,84,94,95,98,100" /><INIT seed="2,2,1,0,0,22" ten="225,255,255,255" oya="2" hai0="29,73,123,46,106,28,117,77,59,15,56,24,0" hai1="54,83,51,74,62,129,36,48,66,14,67,9,84" hai2="120,41,111,135,70,75,10,102,23,93,43,104,53" hai3="60,52,134,40,21,2,47,1,107,57,13,105,58"/><V86/><F120/><W65/><G134/><T92/><D0/><U3/><E3/><V94/><F75/><W101/><G107/><T131/><D106/><U132/><E36/><V112/><F112/><W121/><G101/><T17/><D123/><U90/><E74/><V115/><F115/><W68/><G105/><T26/><D77/><U114/><E132/><V39/><F70/><W89/><G89/><T11/><D73/><U38/><E38/><V127/><F127/><W18/><G58/><N who="0" m="22059" /><D117/><U61/><E114/><V63/><F135/><W55/><G55/><T34/><D34/><U85/><E85/><V103/><F111/><W118/><G118/><T50/><D92/><U19/><E129/><V91/><F104/><W8/><G8/><T45/><D131/><U110/><E110/><V98/><F103/><W100/><G100/><T76/><D76/><U113/><E113/><V88/><F102/><W4/><G4/><T97/><D97/><U37/><E37/><V20/><F10/><W79/><G79/><T71/><D71/><U133/><E133/><V31/><F39/><N who="3" m="21919" /><G121/><T78/><D78/><U128/><E128/><V87/><F98/><W81/><G81/><T82/><D82/><U125/><E125/><V116/><F116/><W126/><G126/><T44/><D50/><AGARI ba="2,1" hai="1,2,13,18,21,50,52,57,60,65,68" m="21919" machi="50" ten="30,2000,0" yaku="24,1,54,1" doraHai="22" who="3" fromWho="0" sc="225,-26,255,0,255,0,255,36" /><INIT seed="3,0,0,5,3,70" ten="199,255,255,291" oya="3" hai0="58,96,128,78,9,31,33,35,102,117,23,132,121" hai1="109,30,14,17,114,108,29,112,81,65,6,95,91" hai2="38,34,7,84,94,55,71,125,120,40,43,119,83" hai3="86,99,45,124,64,118,54,72,74,92,85,3,62"/><W76/><G118/><T135/><D117/><U24/><E81/><V56/><F120/><W101/><G3/><T53/><D121/><U16/><E65/><V61/><F119/><W52/><G124/><T130/><D78/><U18/><E95/><V68/><F125/><W0/><G0/><T10/><D23/><U20/><E91/><V63/><F34/><N who="0" m="12810" /><D31/><U12/><E6/><V134/><F134/><N who="0" m="51242" /><D53/><U79/><E79/><V25/><F25/><W22/><G76/><T104/><D58/><U126/><E126/><V111/><F111/><N who="1" m="42569" /><E29/><V50/><F7/><W44/><G72/><T115/><D115/><AGARI ba="0,0" hai="12,14,16,17,18,20,24,30,112,114,115" m="42569" machi="115" ten="40,8000,1" yaku="14,1,34,2,54,1" doraHai="70" who="1" fromWho="0" sc="199,-80,255,80,255,0,291,0" /><INIT seed="4,0,0,0,5,61" ten="119,335,255,291" oya="0" hai0="84,33,78,129,20,132,64,29,121,109,79,50,22" hai1="126,46,101,15,25,119,135,74,122,31,42,11,23" hai2="60,118,77,134,6,69,52,125,1,70,27,114,14" hai3="7,34,110,37,93,38,97,83,92,124,99,58,87"/><T105/><D105/><U81/><E122/><V39/><F118/><W4/><G110/><T123/><D33/><U128/><E119/><V66/><F114/><W130/><G34/><T65/><D109/><U86/><E74/><V43/><F134/><W53/><G130/><T95/><D29/><U5/><E135/><V9/><F125/><W108/><G124/><T71/><D71/><U85/><E128/><V36/><F69/><W111/><G58/><T72/><D72/><U51/><E126/><V104/><F104/><W82/><G87/><T106/><D106/><U12/><E101/><V90/><F77/><N who="0" m="29194" /><D129/><U63/><E63/><V21/><F43/><W68/><G68/><T45/><D132/><U120/><E120/><V127/><F127/><W59/><G59/><T24/><D121/><U18/><E81/><V48/><F90/><W0/><G53/><N who="0" m="29903" /><D123/><U32/><AGARI ba="0,0" hai="5,11,12,15,18,23,25,31,32,42,46,51,85,86" machi="32" ten="20,1500,0" yaku="0,1,7,1" doraHai="61" who="1" fromWho="1" sc="119,-7,335,15,255,-4,291,-4" /><INIT seed="5,0,0,5,5,8" ten="112,350,251,287" oya="1" hai0="98,91,32,106,107,68,90,114,135,46,6,95,89" hai1="75,20,108,41,123,39,92,99,27,35,22,25,74" hai2="115,125,5,60,72,55,4,1,66,79,28,124,47" hai3="109,77,126,34,76,48,85,21,70,120,51,18,116"/><U24/><E123/><V82/><F28/><W119/><G34/><T78/><D68/><U26/><E108/><V69/><F115/><W71/><G120/><T29/><D29/><U122/><E122/><V100/><F100/><W134/><G126/><N who="2" m="48745" /><F1/><W102/><G102/><T17/><D32/><U14/><E35/><V38/><F38/><W87/><G134/><T127/><D127/><U37/><E37/><V58/><F47/><W104/><G21/><T45/><D45/><U56/><E41/><V15/><F15/><W23/><G23/><T67/><D46/><U65/><E39/><V19/><F19/><W130/><G18/><T43/><D17/><U2/><E2/><V88/><F88/><N who="0" m="33898" /><D43/><U112/><E14/><V105/><F105/><N who="0" m="39946" /><D6/><U53/><E112/><V93/><F93/><W36/><G104/><T117/><D67/><U101/><E65/><V86/><F72/><W128/><REACH who="3" step="1"/><G36/><REACH who="3" ten="112,350,251,277" step="2"/><T10/><D114/><U63/><E22/><V64/><F64/><W31/><G31/><T84/><D10/><U110/><E110/><AGARI ba="0,1" hai="48,51,70,71,76,77,85,87,109,110,116,119,128,130" machi="110" ten="25,3200,0" yaku="1,1,22,2,53,0" doraHai="8" doraHaiUra="30" who="3" fromWho="1" sc="112,0,350,-32,251,0,277,42" /><INIT seed="6,0,0,4,0,60" ten="112,318,251,319" oya="2" hai0="119,64,73,41,49,68,65,58,80,24,37,101,67" hai1="15,11,55,38,2,76,116,102,87,130,27,124,8" hai2="46,40,111,47,120,129,17,108,4,106,131,85,62" hai3="113,51,133,5,42,72,86,89,13,96,92,14,132"/><V6/><F106/><W90/><G72/><T3/><D101/><U59/><E116/><V22/><F120/><W98/><G5/><N who="2" m="2153" /><F62/><W32/><G32/><T26/><D3/><U82/><E38/><V100/><F100/><W25/><G25/><N who="0" m="9835" /><D73/><U75/><E2/><V10/><F10/><W128/><G128/><N who="2" m="49225" /><F85/><W44/><G98/><T107/><D107/><U135/><E102/><V35/><F35/><W117/><G117/><T23/><D37/><U1/><E11/><V122/><F122/><W79/><G96/><T61/><D68/><U45/><E1/><V50/><F46/><W29/><G86/><T118/><D23/><U70/><E45/><V16/><F17/><W28/><G44/><N who="0" m="25743" /><D119/><U93/><E70/><V95/><F95/><W125/><G92/><T109/><D118/><U18/><E130/><V74/><F74/><W52/><G29/><T121/><D121/><U30/><E93/><V71/><F71/><W105/><G28/><T0/><D0/><U57/><E30/><V77/><F77/><W36/><G79/><T69/><D69/><U110/><E76/><V126/><F126/><W91/><G125/><T88/><D109/><U97/><E110/><V134/><F134/><W54/><G132/><T127/><D127/><U66/><E135/><V104/><F104/><W12/><G133/><T34/><D34/><U33/><E124/><V115/><F115/><W114/><G105/><T21/><D21/><U48/><E33/><V7/><N who="2" m="2161" /><V99/><DORA hai="63" /><F99/><W19/><G113/><T9/><D9/><U94/><E75/><V123/><F123/><RYUUKYOKU ba="0,0" sc="112,15,318,-15,251,15,319,-15" hai0="58,61,64,65,67,80,88" hai2="16,22,40,47,50,108,111" /><INIT seed="6,1,0,2,1,67" ten="127,303,266,304" oya="2" hai0="134,119,68,22,31,76,88,61,127,116,128,83,117" hai1="111,120,9,52,95,47,63,73,110,115,5,131,81" hai2="4,8,74,30,37,112,71,87,90,62,80,126,12" hai3="105,84,25,133,42,45,56,33,46,59,123,0,7"/><V10/><F112/><W13/><G123/><T135/><D22/><U64/><E115/><V1/><F37/><W89/><G105/><T121/><D31/><U24/><E120/><V132/><F132/><N who="0" m="50730" /><D121/><U103/><E131/><V122/><F122/><W85/><G0/><T109/><D109/><U32/><E24/><V65/><F126/><W19/><G133/><T48/><D48/><U114/><E32/><V104/><F104/><W69/><G7/><T16/><D16/><U26/><E26/><V41/><F41/><W86/><G69/><T77/><D128/><U96/><E114/><V94/><F30/><W35/><G25/><T15/><D15/><U14/><E52/><V27/><F27/><W92/><G35/><T82/><D127/><U21/><E47/><N who="3" m="17930" /><G42/><T78/><D88/><U11/><E11/><V2/><F10/><N who="3" m="6583" /><G33/><T72/><D72/><U6/><E6/><V28/><REACH who="2" step="1"/><F28/><REACH who="2" ten="127,303,256,304" step="2"/><W34/><G34/><T39/><D39/><U3/><E21/><V54/><F54/><W43/><G43/><T118/><N who="0" m="29696" /><DORA hai="57" /><T102/><D102/><U40/><E40/><V108/><F108/><W124/><G124/><T66/><AGARI ba="1,1" hai="61,66,68,76,77,78,82,83" m="29696,50730" machi="66" ten="70,8000,1" yaku="20,1,12,1,52,2" doraHai="67,57" who="0" fromWho="0" sc="127,93,303,-21,256,-41,304,-21" /><INIT seed="7,0,0,0,5,112" ten="220,282,215,283" oya="3" hai0="56,88,87,82,101,104,120,17,38,106,18,42,128" hai1="27,2,96,10,79,134,65,129,48,8,59,72,47" hai2="45,14,44,69,53,6,20,100,35,74,84,21,64" hai3="97,57,124,76,39,98,3,23,40,132,63,43,105"/><W73/><G3/><T58/><D106/><U110/><E110/><V22/><F35/><W5/><G124/><T86/><D101/><U54/><E134/><V119/><F119/><W68/><G68/><T93/><D104/><U77/><E129/><V109/><F109/><W46/><G132/><T9/><D128/><U125/><E125/><V28/><F74/><W55/><G105/><T7/><D42/><U133/><E133/><V95/><F28/><W89/><G5/><T70/><D38/><U75/><E75/><V33/><F33/><W13/><G43/><T85/><D70/><U94/><E27/><V114/><F114/><W118/><G118/><T49/><D86/><U12/><E2/><V66/><F69/><W4/><G89/><N who="0" m="53423" /><D120/><U11/><E12/><V25/><F25/><W122/><G122/><T91/><D91/><N who="1" m="55391" /><E72/><V41/><F53/><W51/><G39/><T60/><D49/><U1/><E1/><V34/><F34/><W117/><G117/><T52/><D58/><U115/><E115/><V71/><F71/><W121/><G121/><T135/><D135/><U26/><E26/><V15/><F6/><W113/><G113/><T61/><D61/><AGARI ba="0,0" hai="8,10,11,47,48,54,59,61,65,77,79" m="55391" machi="61" ten="30,1000,0" yaku="8,1" doraHai="112" who="1" fromWho="0" sc="220,-10,282,10,215,0,283,0" /><INIT seed="8,0,0,4,4,116" ten="210,292,215,283" oya="0" hai0="34,56,0,29,30,83,111,97,60,26,35,74,59" hai1="54,127,66,41,115,42,64,67,72,4,36,135,43" hai2="104,5,102,108,47,77,129,82,38,52,84,78,18" hai3="8,106,32,73,86,9,119,90,2,55,11,37,57"/><T124/><D0/><U58/><E72/><V112/><F108/><W31/><G73/><T93/><D111/><U103/><E103/><V22/><F112/><W14/><G37/><T23/><D30/><U130/><E115/><V80/><F129/><W15/><G106/><T126/><D59/><U87/><E4/><V123/><F123/><W61/><G2/><T40/><D40/><U94/><E130/><V45/><F5/><W132/><G132/><T63/><D63/><U120/><E135/><V44/><F38/><W21/><G32/><T27/><D27/><U1/><E1/><V89/><F52/><N who="3" m="33959" /><G119/><T79/><D35/><U107/><E107/><V100/><F104/><W75/><G55/><T91/><REACH who="0" step="1"/><D34/><REACH who="0" ten="200,292,215,283" step="2"/><U121/><E36/><V19/><F19/><N who="3" m="10487" /><G31/><T113/><D113/><U118/><E118/><V46/><N who="2" m="11264" /><DORA hai="51" /><V98/><F98/><W50/><G50/><T70/><D70/><U85/><E43/><V117/><F117/><W3/><G3/><T25/><D25/><U133/><E42/><V10/><F10/><W81/><G75/><T92/><D92/><U12/><E94/><V53/><F53/><AGARI ba="0,1" hai="23,26,29,53,56,60,74,79,83,91,93,97,124,126" machi="53" ten="40,7700,0" yaku="1,1,52,1,53,1" doraHai="116,51" doraHaiUra="128,48" who="0" fromWho="2" sc="200,87,292,0,215,-77,283,0" /><INIT seed="8,1,0,5,5,53" ten="287,292,138,283" oya="0" hai0="5,45,25,20,99,16,14,90,110,126,47,28,6" hai1="80,23,30,86,119,57,19,95,61,51,103,93,85" hai2="69,104,41,62,26,34,132,50,37,122,74,87,73" hai3="68,117,9,108,52,12,116,89,77,1,0,127,115"/><T134/><D110/><U78/><E119/><N who="3" m="45642" /><G115/><T114/><D114/><U84/><E30/><V39/><F122/><W88/><G108/><T118/><D118/><U76/><E51/><V106/><F132/><W97/><G68/><T10/><D134/><U120/><E120/><V96/><F87/><N who="1" m="33353" /><E103/><N who="2" m="62567" /><F106/><W102/><G127/><T100/><D126/><U3/><E3/><N who="3" m="1098" /><G52/><T64/><D64/><N who="1" m="38959" /><E78/><V11/><F11/><W107/><G77/><T109/><D109/><U128/><E128/><V58/><F34/><W21/><G21/><T70/><D70/><U124/><E124/><V43/><F26/><AGARI ba="1,0" hai="19,23,26,76,80,86,93,95" m="38959,33353" machi="26" ten="30,2000,0" yaku="8,1,52,1" doraHai="53" who="1" fromWho="2" sc="287,0,292,23,138,-23,283,0" owari="287,9.0,315,41.0,115,-38.0,283,-12.0" /></mjloggm>