<mjloggm ver="2.3"><GO type="41" lobby="0"/><UN n0="%74%2D%73%70%69%72%69%74" n1="%E6%8A%BC%E5%BF%8D%EF%BC%81%E6%93%8D" n2="%6E%61%67%61%6D%6F" n3="%E3%82%A6%E3%83%AB%E3%83%88%E3%83%A9%E7%AB%8B%E7%9B%B4" dan="15,14,15,16" rate="2014.16,1911.46,2048.52,2052.43" sx="M,M,M,M"/><TAIKYOKU oya="0"/><INIT seed="0,0,0,4,5,55" ten="250,250,250,250" oya="0" hai0="132,134,119,28,121,124,58,107,64,123,133,75,50" hai1="104,71,44,86,13,130,66,34,32,22,0,76,111" hai2="51,114,98,38,3,69,90,112,17,135,4,59,100" hai3="94,72,88,43,52,36,83,7,12,53,46,96,20"/><T102/><D75/><U79/><E0/><V73/><F69/><W117/><G117/><T81/><D119/><U47/><E104/><V97/><F38/><W19/><REACH who="3" step="1"/><G7/><REACH who="3" ten="250,250,250,240" step="2"/><T89/><D124/><U110/><E130/><V63/><F4/><W120/><G120/><T62/><D28/><U35/><E110/><V60/><F114/><W68/><G68/><T109/><D109/><U37/><E111/><V15/><F112/><W56/><G56/><N who="0" m="36935" /><D107/><U70/><E37/><V91/><F135/><W74/><G74/><T127/><D127/><U21/><E71/><V125/><F73/><W87/><G87/><N who="0" m="50415" /><D102/><U45/><E86/><V116/><F125/><W40/><G40/><T129/><D129/><U82/><E70/><V61/><F116/><W24/><G24/><T9/><D9/><U54/><E82/><V29/><F29/><W115/><G115/><T103/><D103/><U48/><E66/><V108/><F108/><W99/><G99/><T31/><D31/><U26/><E26/><V84/><F98/><W80/><G80/><T118/><D118/><U39/><E39/><V33/><F84/><W122/><G122/><T78/><D78/><AGARI ba="0,1" hai="12,19,20,36,43,46,52,53,72,78,83,88,94,96" machi="78" ten="40,8000,1" yaku="1,1,54,2,53,2" doraHai="55" doraHaiUra="49" who="3" fromWho="0" sc="250,-80,250,0,250,0,240,90" /><INIT seed="1,0,0,5,4,24" ten="170,250,250,330" oya="1" hai0="72,113,84,66,115,45,63,13,112,22,12,10,53" hai1="70,2,71,57,108,55,94,77,131,120,103,122,31" hai2="75,4,74,97,76,35,117,85,20,7,23,48,34" hai3="67,87,86,49,126,98,99,58,114,64,88,105,89"/><U123/><E2/><V93/><F117/><W62/><G114/><T33/><D33/><U14/><E77/><V3/><F3/><W106/><G49/><T41/><D72/><U81/><E81/><V60/><F76/><W38/><G38/><T8/><D53/><U37/><E37/><V51/><F93/><W42/><G42/><T100/><D100/><U95/><E131/><V56/><F56/><W11/><G11/><T46/><D84/><U128/><E128/><V90/><F85/><W102/><G126/><T27/><D63/><U47/><E47/><V17/><F60/><W25/><G25/><T29/><D66/><U78/><E78/><V124/><F97/><W30/><G30/><T110/><D110/><U116/><E31/><V5/><F17/><W0/><G0/><T118/><D118/><U65/><E65/><V83/><F83/><W91/><G64/><T134/><D134/><U132/><E132/><V28/><F4/><W19/><G19/><T32/><D32/><U104/><E108/><V61/><F28/><W73/><G73/><T18/><REACH who="0" step="1"/><D41/><REACH who="0" ten="160,250,250,330" step="2"/><U96/><E116/><V40/><F40/><W135/><G135/><T127/><D127/><U39/><E39/><V16/><F124/><W54/><G67/><T119/><D119/><U6/><E71/><V50/><F74/><W15/><G87/><T68/><D68/><U121/><E70/><V107/><F75/><W79/><G86/><T92/><D92/><U130/><E130/><V125/><F125/><W82/><G62/><T21/><D21/><U129/><N who="1" m="31232" /><DORA hai="26" /><U101/><E129/><RYUUKYOKU ba="0,1" sc="160,30,250,-10,250,-10,330,-10" hai0="8,10,12,13,18,22,27,29,45,46,112,113,115" /><INIT seed="2,1,1,0,5,10" ten="190,240,240,320" oya="2" hai0="91,1,25,107,26,66,47,87,12,108,54,117,92" hai1="101,125,28,73,105,48,75,49,77,30,129,63,134" hai2="51,115,67,120,119,11,110,135,113,56,74,99,127" hai3="20,82,90,6,122,124,128,89,112,17,58,70,9"/><V46/><F74/><W131/><G70/><T18/><D1/><U14/><E75/><V88/><F120/><W7/><G122/><T106/><D117/><U76/><E73/><V31/><F119/><W130/><G112/><T84/><D66/><U2/><E2/><V69/><F69/><W38/><G38/><T37/><D108/><U133/><E101/><V61/><F110/><W50/><G124/><T132/><D92/><U83/><E83/><V42/><F127/><W71/><G71/><T0/><D0/><U95/><E95/><N who="2" m="56807" /><F135/><W111/><G111/><T81/><D87/><U32/><E63/><V114/><F114/><W45/><G58/><T53/><D132/><U13/><E125/><V40/><F115/><W21/><G89/><T55/><D106/><U57/><E57/><V4/><F31/><W39/><G39/><T86/><D86/><U100/><E100/><V16/><F4/><W62/><G90/><T123/><D107/><U44/><E105/><V64/><F64/><W43/><G82/><T98/><D98/><U33/><E44/><V19/><F113/><W79/><G79/><T34/><D123/><U72/><E72/><V97/><F97/><W15/><G62/><T41/><REACH who="0" step="1"/><D34/><REACH who="0" ten="180,240,240,320" step="2"/><U22/><E129/><V3/><F3/><W29/><G128/><T35/><D35/><U103/><E103/><V68/><F68/><W109/><G109/><T5/><D5/><N who="3" m="1545" /><G131/><T52/><N who="0" m="13312" /><DORA hai="78" /><T96/><D96/><U93/><E93/><V94/><F94/><W8/><G130/><T27/><D27/><AGARI ba="1,2" hai="8,9,15,17,20,21,27,29,43,45,50" m="1545" machi="27" ten="30,2000,0" yaku="8,1,52,1" doraHai="10,78" who="3" fromWho="0" sc="180,-23,240,0,240,0,320,43" /><INIT seed="3,0,0,4,2,129" ten="157,240,240,363" oya="3" hai0="63,134,17,66,27,83,28,72,45,11,120,50,130" hai1="126,51,61,133,67,103,38,121,41,19,53,52,56" hai2="110,94,111,101,39,113,109,69,21,3,59,33,25" hai3="18,87,54,85,15,118,81,8,79,37,70,26,7"/><W77/><G118/><T30/><D130/><U44/><E103/><V135/><F113/><W104/><G104/><T12/><D120/><U88/><E121/><V5/><F69/><W119/><G119/><T86/><D72/><U64/><E19/><V132/><F39/><W89/><G70/><T35/><D30/><U43/><E126/><V75/><F75/><W57/><G37/><T23/><D63/><U47/><E88/><V49/><F33/><W42/><G42/><T95/><D95/><U36/><E133/><N who="2" m="51275" /><F59/><AGARI ba="0,0" hai="36,38,41,43,44,47,51,52,53,56,59,61,64,67" machi="59" ten="30,16000,3" yaku="7,1,9,1,35,6,54,1" doraHai="129" who="1" fromWho="2" sc="157,0,240,160,240,-160,363,0" /><INIT seed="4,0,0,2,0,94" ten="157,400,80,363" oya="0" hai0="16,82,71,47,76,30,73,8,21,62,40,36,26" hai1="2,32,118,85,104,128,46,103,109,116,70,11,67" hai2="9,129,119,33,133,80,7,84,41,57,37,4,110" hai3="93,125,10,65,59,14,122,86,134,113,39,28,31"/><T95/><D71/><U34/><E85/><V99/><F119/><W131/><G39/><T126/><D126/><U54/><E54/><V108/><F33/><W120/><G125/><T81/><D81/><U111/><E46/><V96/><F7/><W63/><G131/><T15/><D62/><N who="1" m="40311" /><E128/><V24/><F129/><W52/><G134/><T53/><D53/><U49/><E49/><V12/><F133/><W115/><G65/><T132/><D132/><U68/><E68/><V45/><F24/><W91/><G28/><T50/><REACH who="0" step="1"/><D95/><REACH who="0" ten="147,400,80,363" step="2"/><U72/><E118/><V44/><F45/><W35/><G122/><T124/><D124/><U55/><E116/><V20/><F110/><W0/><G120/><T74/><D74/><U42/><E55/><V88/><F108/><W22/><G115/><T87/><D87/><U98/><E72/><V3/><REACH who="2" step="1"/><F57/><REACH who="2" ten="147,400,70,363" step="2"/><W25/><G113/><T135/><D135/><U107/><E111/><V117/><F117/><W69/><G69/><T61/><D61/><U90/><E109/><V105/><F105/><W38/><G59/><T17/><D17/><AGARI ba="0,2" hai="3,4,9,12,17,20,37,41,44,80,84,88,96,99" machi="17" ten="40,8000,1" yaku="1,1,52,2,54,1,53,1" doraHai="94" doraHaiUra="18" who="2" fromWho="0" sc="147,-80,400,0,70,100,363,0" /><INIT seed="5,0,0,0,3,51" ten="67,400,170,363" oya="1" hai0="5,4,43,25,32,35,112,52,8,38,68,73,28" hai1="56,6,74,106,129,7,82,2,14,39,42,37,19" hai2="30,49,18,86,99,17,101,123,94,113,135,46,29" hai3="110,53,100,132,126,118,98,79,11,15,54,111,80"/><U57/><E106/><V105/><F123/><W72/><G118/><T48/><D68/><U64/><E2/><V87/><F135/><W27/><G132/><T90/><D73/><U128/><E42/><V95/><F113/><W62/><G126/><T89/><D112/><U77/><E56/><V81/><F105/><W55/><G27/><T47/><D35/><U65/><E64/><V44/><F49/><W116/><G116/><T125/><D5/><U21/><E65/><V92/><F81/><W130/><G130/><N who="1" m="50282" /><E57/><V131/><F131/><W107/><REACH who="3" step="1"/><G62/><REACH who="3" ten="67,400,170,353" step="2"/><T63/><D63/><U69/><E69/><V66/><F66/><W31/><G31/><N who="2" m="11785" /><F101/><W127/><G127/><T41/><D125/><U45/><E39/><V70/><F70/><W91/><G91/><T78/><D78/><U104/><E37/><V36/><F36/><W3/><G3/><T20/><D32/><U71/><E71/><V13/><F13/><W9/><G9/><T117/><D117/><U24/><E24/><V26/><F26/><W33/><G33/><T58/><REACH who="0" step="1"/><D43/><REACH who="0" ten="57,400,170,353" step="2"/><U85/><E14/><AGARI ba="0,2" hai="4,8,14,20,25,28,38,41,47,48,52,58,89,90" machi="14" ten="30,8000,1" yaku="1,1,2,1,7,1,52,1,54,1,53,0" doraHai="51" doraHaiUra="75" who="0" fromWho="1" sc="57,100,400,-80,170,0,353,0" /><INIT seed="6,0,0,5,0,63" ten="157,320,170,353" oya="2" hai0="74,114,133,68,113,73,124,3,48,61,128,46,52" hai1="18,86,129,42,76,83,7,130,14,55,59,122,94" hai2="26,107,36,109,58,72,13,65,97,27,2,31,100" hai3="90,8,37,39,77,32,134,121,116,123,131,1,112"/><V111/><F2/><W21/><G90/><T56/><D3/><U99/><E122/><V35/><F72/><W89/><G21/><T67/><D124/><U91/><E42/><V45/><F26/><W15/><G89/><T96/><D128/><N who="1" m="49259" /><E7/><V49/><F13/><W88/><G88/><T118/><D118/><U79/><E79/><V92/><F36/><W25/><G77/><T10/><D133/><U80/><E76/><V22/><F35/><W78/><G78/><T11/><D96/><U6/><E6/><V66/><F107/><W17/><G39/><T135/><D135/><U108/><E99/><V103/><F100/><W33/><G25/><T71/><D74/><U84/><E84/><V47/><F45/><W95/><G33/><T50/><D73/><U44/><E44/><V126/><F126/><W81/><G121/><T51/><D11/><N who="1" m="6495" /><E108/><N who="2" m="41547" /><F58/><W41/><G123/><T4/><D71/><U75/><E75/><V43/><AGARI ba="0,0" hai="22,27,31,43,47,49,65,66,92,97,103" m="41547" machi="43" ten="30,6000,0" yaku="10,1,52,2" doraHai="63" who="2" fromWho="2" sc="157,-20,320,-20,170,60,353,-20" /><INIT seed="6,1,0,5,0,82" ten="137,300,230,333" oya="2" hai0="4,77,53,33,55,123,73,72,85,76,41,15,11" hai1="96,110,93,71,89,8,130,43,132,86,69,118,62" hai2="16,64,28,49,92,66,22,46,81,67,80,106,61" hai3="128,111,12,2,36,107,102,26,47,13,31,109,34"/><V58/><F106/><W129/><G102/><T52/><D33/><U122/><E118/><V60/><F28/><W50/><G36/><T45/><D123/><U5/><E122/><V88/><F81/><W68/><G68/><T97/><D97/><U3/><E110/><N who="3" m="41994" /><G107/><T10/><D10/><U44/><E130/><N who="3" m="50282" /><G2/><T113/><D113/><U91/><E132/><V104/><F80/><W48/><G48/><T63/><D63/><U103/><E62/><V117/><F104/><W29/><G50/><T98/><D98/><U38/><REACH who="1" step="1"/><E91/><REACH who="1" ten="137,290,230,333" step="2"/><V135/><F61/><W74/><G74/><T40/><D73/><U17/><E17/><V21/><F135/><W84/><G31/><T124/><D72/><U101/><E101/><V51/><F117/><W126/><G126/><T87/><D124/><U79/><E79/><N who="0" m="30281" /><D45/><U30/><E30/><V9/><F49/><W115/><G47/><T0/><D0/><U54/><E54/><N who="2" m="30071" /><F9/><W133/><G133/><T127/><D127/><U70/><E70/><V23/><F16/><W112/><G112/><T120/><D120/><U25/><E25/><V35/><F35/><W56/><G115/><T20/><D20/><U99/><E99/><AGARI ba="1,1" hai="21,22,23,58,60,64,66,67,88,92,99" m="30071" machi="99" ten="30,2900,0" yaku="8,1,54,1" doraHai="82" who="2" fromWho="1" sc="137,0,290,-32,230,42,333,0" /><INIT seed="6,2,0,5,1,30" ten="137,258,272,333" oya="2" hai0="2,59,43,62,122,124,100,75,111,101,6,14,57" hai1="128,15,5,108,116,105,85,40,4,98,79,54,47" hai2="118,1,21,72,50,24,88,104,49,109,65,117,69" hai3="19,51,103,76,29,37,27,121,127,134,123,36,61"/><V39/><F39/><W95/><G37/><T78/><D2/><U31/><E108/><V91/><F1/><W74/><G36/><T129/><D111/><U81/><E116/><V16/><F109/><W110/><G110/><T48/><D122/><U83/><E128/><V60/><F72/><W90/><G74/><T45/><D124/><U119/><E119/><V87/><F104/><W80/><G127/><T102/><D129/><U92/><E105/><V8/><F91/><W35/><G103/><T131/><D131/><U64/><E64/><V20/><F8/><W53/><G61/><T28/><D28/><U99/><E31/><V25/><F118/><W44/><G134/><T42/><D75/><U94/><E54/><V12/><F117/><W17/><G76/><T71/><D71/><U34/><E34/><V13/><F13/><W22/><G80/><T66/><D59/><U133/><E81/><V107/><F107/><W115/><G115/><T97/><D78/><U84/><E84/><V9/><F21/><W7/><G7/><N who="1" m="2634" /><E15/><V33/><F33/><W23/><G35/><T63/><D63/><U58/><E58/><V120/><F120/><W70/><G70/><T67/><D67/><U18/><E18/><V10/><F10/><W89/><G29/><T132/><D132/><U26/><E26/><V38/><F38/><W32/><G32/><T77/><D77/><U93/><E133/><V46/><F9/><W106/><G106/><N who="0" m="63759" /><D43/><U112/><E112/><V0/><F0/><W68/><G68/><T11/><D6/><U130/><E130/><V86/><F69/><RYUUKYOKU ba="2,0" sc="137,15,258,15,272,-15,333,-15" hai0="11,14,42,45,48,57,62,66,101,102" hai1="40,47,79,83,85,92,93,94,98,99" /><INIT seed="7,3,0,2,4,94" ten="152,273,257,318" oya="3" hai0="25,89,123,41,46,40,61,9,33,125,84,81,115" hai1="45,80,102,31,83,65,93,68,3,77,10,109,4" hai2="92,22,96,42,114,127,130,126,91,88,113,118,116" hai3="110,112,105,38,99,57,87,32,49,37,124,39,122"/><W12/><G32/><T21/><D125/><N who="2" m="47626" /><F42/><W66/><G124/><T121/><D33/><U47/><E109/><V54/><F54/><W132/><G12/><T29/><D121/><U131/><E131/><V74/><F130/><W73/><G73/><T44/><D123/><U13/><E31/><V7/><F74/><W134/><G49/><T107/><D107/><U43/><E65/><V100/><F22/><W111/><G57/><T35/><D35/><U14/><E68/><V117/><F7/><W67/><G122/><T82/><D61/><U78/><E45/><V56/><F56/><W133/><G67/><T8/><D115/><AGARI ba="3,0" hai="88,91,92,96,100,113,114,115,116,117,118" m="47626" machi="115" ten="40,12000,2" yaku="15,1,18,1,34,2,52,1,54,1" doraHai="94" who="2" fromWho="0" sc="152,-129,273,0,257,129,318,0" owari="23,-48.0,273,-13.0,386,49.0,318,12.0" /></mjloggm>