<mjloggm ver="2.3"><GO type="97" lobby="0"/><UN n0="%E5%8D%83%E5%92%8C" n1="%E3%82%A6%E3%83%AB%E3%83%88%E3%83%A9%E7%AB%8B%E7%9B%B4" n2="%59%E3%82%B9%E3%82%AE%59" n3="%E9%AC%BC%E3%82%BC%E3%83%B3%E3%83%84" dan="13,15,14,14" rate="1801.52,1959.97,1852.31,1957.48" sx="M,M,M,M"/><TAIKYOKU oya="0"/><INIT seed="0,0,0,0,3,14" ten="250,250,250,250" oya="0" hai0="78,12,23,2,0,27,40,13,9,41,4,62,66" hai1="16,115,55,109,3,126,97,76,35,70,107,7,101" hai2="52,87,81,43,112,103,50,96,44,77,131,83,108" hai3="37,91,11,32,106,98,121,5,56,73,20,15,85"/><T100/><D78/><U117/><E117/><V24/><F112/><W57/><G37/><T92/><D2/><U120/><E120/><V119/><F119/><W46/><G32/><T74/><D74/><U42/><E35/><V129/><F108/><W18/><G46/><T71/><D0/><U38/><E70/><V99/><F24/><W105/><G73/><T48/><D13/><U30/><E30/><V39/><F129/><W17/><G121/><T116/><D116/><U67/><E67/><V84/><F131/><W111/><G111/><T54/><D100/><U22/><E76/><V36/><F36/><W58/><G98/><T93/><D40/><U80/><E42/><V64/><F64/><W114/><G114/><T72/><D41/><U132/><E38/><V75/><F75/><W133/><G133/><T118/><D72/><U130/><E130/><V90/><REACH who="2" step="1"/><F103/><REACH who="2" ten="250,250,240,250" step="2"/><W63/><G63/><T110/><D118/><U34/><E101/><V95/><F95/><W102/><G102/><T28/><REACH who="0" step="1"/><D110/><REACH who="0" ten="240,250,240,250" step="2"/><U79/><E109/><V19/><F19/><W1/><REACH who="3" step="1"/><G18/><REACH who="3" ten="240,250,240,240" step="2"/><T33/><D33/><U59/><E34/><V65/><F65/><W122/><G122/><T45/><AGARI ba="0,3" hai="4,9,12,23,27,28,45,48,54,62,66,71,92,93" machi="45" ten="20,7800,0" yaku="1,1,0,1,7,1,53,1" doraHai="14" doraHaiUra="26" who="0" fromWho="0" sc="240,108,250,-26,240,-26,240,-26" /><INIT seed="0,1,0,1,4,38" ten="348,224,214,214" oya="0" hai0="55,63,108,118,61,122,65,115,45,18,85,114,10" hai1="79,81,111,72,87,135,0,134,60,116,7,68,17" hai2="77,129,101,121,21,15,34,73,112,83,95,46,76" hai3="127,96,35,13,119,88,52,67,104,86,84,105,40"/><T12/><D118/><U32/><E116/><V70/><F121/><W82/><G35/><T2/><D122/><U48/><E32/><V47/><F112/><W41/><G119/><T39/><D108/><U130/><E111/><V74/><F34/><W133/><G67/><T50/><D2/><U120/><E120/><V126/><F126/><W98/><G127/><T54/><D39/><U20/><E72/><V4/><F70/><W49/><G133/><N who="1" m="50698" /><E130/><V107/><F107/><W33/><G33/><T58/><REACH who="0" step="1"/><D85/><REACH who="0" ten="338,224,214,214" step="2"/><U11/><E87/><V128/><F129/><W124/><G86/><T102/><D102/><U14/><E81/><V23/><F128/><W78/><G84/><T16/><D16/><U56/><E79/><V99/><F74/><W66/><G82/><T75/><D75/><U109/><E109/><V29/><F77/><W62/><G78/><T117/><D117/><U97/><E0/><V103/><F103/><W69/><G124/><T3/><D3/><U64/><E7/><V5/><F29/><W59/><G105/><T53/><D53/><N who="1" m="31783" /><E97/><V26/><F5/><W57/><G98/><T43/><D43/><U80/><E80/><V42/><F4/><W123/><G96/><T9/><D9/><AGARI ba="1,1" hai="9,11,14,17,20,60,64,68" m="31783,50698" machi="9" ten="30,1000,0" yaku="20,1" doraHai="38" who="1" fromWho="0" sc="338,-13,224,23,214,0,214,0" /><INIT seed="1,0,0,1,2,99" ten="325,247,214,214" oya="1" hai0="29,107,113,21,76,127,37,55,104,64,126,119,118" hai1="77,39,82,68,120,67,25,51,53,3,101,63,71" hai2="114,108,84,94,79,72,44,112,14,34,20,30,26" hai3="74,117,45,13,124,28,57,66,96,81,121,10,100"/><U90/><E3/><V43/><F72/><W4/><G121/><T11/><D113/><U40/><E120/><V47/><F108/><W80/><G117/><T97/><D37/><U38/><E71/><V8/><F34/><W42/><G74/><T103/><D107/><U88/><E39/><V58/><F58/><W89/><G124/><N who="0" m="47659" /><D64/><U7/><E7/><V35/><F35/><W24/><G66/><T18/><D29/><U132/><E132/><V95/><F79/><W17/><G57/><T62/><D11/><U70/><E70/><V111/><F111/><W116/><G89/><T87/><D62/><U52/><E53/><V9/><F9/><W36/><G4/><T85/><D55/><U105/><E40/><V56/><F56/><W33/><REACH who="3" step="1"/><G116/><REACH who="3" ten="325,247,214,204" step="2"/><N who="0" m="44587" /><D76/><U61/><E77/><V129/><F112/><W0/><G0/><T86/><D86/><U50/><E67/><V6/><F114/><W106/><AGARI ba="0,1" hai="10,13,17,24,28,33,36,42,45,80,81,96,100,106" machi="106" ten="20,5200,0" yaku="1,1,0,1,7,1,52,1,53,0" doraHai="99" doraHaiUra="65" who="3" fromWho="3" sc="325,-13,247,-26,214,-13,204,62" /><INIT seed="2,0,0,0,2,81" ten="312,221,201,266" oya="2" hai0="97,100,94,70,135,20,39,134,34,98,88,106,12" hai1="104,44,64,46,74,0,4,91,96,127,77,125,87" hai2="59,108,110,51,2,33,28,8,82,19,38,69,18" hai3="40,75,66,22,80,72,101,123,24,133,21,113,78"/><V95/><F38/><W116/><G123/><T117/><D34/><U26/><E64/><V126/><F69/><W76/><G116/><T30/><D70/><U124/><E4/><N who="2" m="1047" /><F95/><W47/><G113/><T89/><D39/><U3/><E26/><N who="2" m="18583" /><F82/><W115/><G66/><T11/><D117/><U35/><E35/><V31/><F126/><W60/><G60/><T7/><D89/><U37/><E46/><V42/><F42/><W63/><G63/><T111/><REACH who="0" step="1"/><D111/><REACH who="0" ten="302,221,201,266" step="2"/><N who="2" m="42538" /><F31/><W132/><G76/><T83/><D83/><U90/><E90/><V120/><F120/><W29/><G80/><T122/><D122/><U49/><E37/><V131/><F131/><W93/><G78/><T43/><D43/><N who="1" m="24735" /><E77/><V67/><F67/><W53/><G40/><T45/><D45/><U99/><E124/><V92/><F92/><W9/><G47/><T36/><D36/><U6/><E127/><V48/><F59/><W86/><G93/><T14/><D14/><U55/><E125/><V114/><F114/><W61/><G75/><T56/><D56/><U121/><E74/><V128/><F128/><W71/><G72/><T1/><D1/><U16/><E121/><V102/><F102/><W5/><G101/><T107/><D107/><U62/><E0/><V119/><F119/><W109/><G71/><T54/><D54/><U73/><E73/><V129/><F129/><W17/><G53/><T85/><D85/><U58/><E87/><V130/><F130/><W23/><G109/><T15/><D15/><U105/><E91/><V68/><F68/><W57/><G115/><T103/><D103/><RYUUKYOKU ba="0,1" sc="302,15,221,-15,201,15,266,-15" hai0="7,11,12,20,30,88,94,97,98,100,106,134,135" hai2="18,19,48,51" /><INIT seed="2,1,1,4,2,9" ten="317,206,216,251" oya="2" hai0="14,18,107,57,129,8,37,123,46,120,5,63,97" hai1="35,68,62,125,3,94,105,76,119,117,72,131,92" hai2="53,34,4,79,89,114,73,32,134,23,80,82,13" hai3="48,98,60,0,22,109,90,106,52,93,101,70,86"/><V58/><F114/><W91/><G0/><T50/><D37/><U122/><RYUUKYOKU type="yao9" ba="1,1" sc="317,0,206,0,216,0,251,0" hai1="3,35,62,68,72,76,92,94,105,117,119,122,125,131" /><INIT seed="2,2,1,1,3,88" ten="317,206,216,251" oya="2" hai0="107,52,0,28,32,120,112,92,63,13,89,117,55" hai1="35,44,103,99,62,37,61,23,47,10,78,98,43" hai2="83,77,65,24,87,51,31,54,36,7,119,113,128" hai3="133,3,122,53,84,33,118,6,71,127,76,29,5"/><V19/><F119/><W75/><G118/><T97/><D112/><U21/><E35/><V34/><F113/><W67/><G75/><T48/><D117/><U39/><E10/><V114/><F36/><W41/><G41/><T82/><D120/><U57/><E78/><V2/><F114/><W9/><G76/><T56/><D0/><U8/><E8/><V101/><F128/><W60/><G6/><T121/><D121/><U4/><E4/><V27/><F65/><W104/><G122/><T18/><D107/><U110/><E110/><V59/><F101/><W132/><G84/><T14/><D82/><U40/><E99/><V58/><F2/><W11/><G11/><T91/><D32/><U90/><E90/><V12/><F7/><W74/><G74/><T124/><D28/><U96/><E57/><V126/><F126/><W22/><G127/><T38/><D38/><U129/><REACH who="1" step="1"/><E103/><REACH who="1" ten="317,196,216,251" step="2"/><V115/><F115/><W79/><G9/><N who="0" m="6447" /><D124/><U68/><E68/><V46/><REACH who="2" step="1"/><F27/><REACH who="2" ten="317,196,206,251" step="2"/><W64/><G3/><T85/><D14/><U42/><E42/><V111/><F111/><W80/><G5/><T86/><D91/><U45/><E45/><AGARI ba="2,3" hai="45,48,52,55,56,63,85,86,89,92,97" m="6447" machi="45" ten="30,3900,0" yaku="8,1,52,1,54,1" doraHai="88" who="0" fromWho="1" sc="317,75,196,-45,206,0,251,0" /><INIT seed="3,0,0,1,4,121" ten="392,151,206,251" oya="3" hai0="75,87,126,23,2,110,46,65,111,74,117,73,61" hai1="64,62,115,79,52,0,22,85,45,84,28,3,103" hai2="108,1,15,92,99,131,86,135,107,96,37,36,31" hai3="21,133,43,89,49,132,11,5,71,18,70,78,72"/><W120/><G120/><T17/><D117/><U82/><E115/><V100/><F1/><W119/><G119/><T80/><D2/><U58/><E3/><V102/><F31/><W40/><G78/><T32/><D32/><U125/><E0/><V83/><F15/><N who="3" m="5615" /><G72/><T116/><D116/><U48/><E125/><V114/><F37/><W38/><G38/><T104/><D104/><U13/><E103/><V95/><F36/><W66/><G89/><T55/><D46/><U53/><E84/><V122/><F122/><W47/><G43/><T63/><D55/><U7/><E28/><V67/><F67/><W12/><G66/><T34/><D34/><U109/><E109/><N who="0" m="41481" /><D126/><U81/><E81/><V25/><F25/><W90/><G90/><N who="0" m="51559" /><D65/><U26/><E26/><AGARI ba="0,0" hai="17,23,26,61,63,73,74,75" m="51559,41481" machi="26" ten="40,8000,1" yaku="14,1,52,3" doraHai="121" who="0" fromWho="1" sc="392,80,151,-80,206,0,251,0" owari="472,57.0,71,-43.0,206,-19.0,251,5.0" /></mjloggm>