<mjloggm ver="2.3"><GO type="97" lobby="0"/><UN n0="%E7%8B%AC%E9%80%B8%E4%B9%8B%E9%9B%A8%E8%9B%99" n1="%E5%A4%A7%E7%8E%84%E7%A5%9E" n2="%36%E5%8F%B7" n3="%E3%82%A6%E3%83%AB%E3%83%88%E3%83%A9%E7%AB%8B%E7%9B%B4" dan="13,13,15,15" rate="1857.10,1880.12,1946.23,1957.47" sx="M,M,M,M"/><TAIKYOKU oya="0"/><INIT seed="0,0,0,0,3,86" ten="250,250,250,250" oya="0" hai0="109,101,63,49,69,14,46,26,38,34,56,33,51" hai1="108,48,13,121,93,107,16,84,94,10,36,60,3" hai2="39,125,65,57,40,50,85,89,106,22,75,104,17" hai3="45,91,132,116,79,24,72,114,66,62,134,0,70"/><T37/><D109/><U122/><E36/><V29/><F75/><W35/><G116/><T112/><D69/><U126/><E107/><V96/><F39/><W92/><G0/><T103/><D112/><U123/><E126/><V52/><F125/><W43/><G114/><T129/><D129/><U42/><E108/><V78/><F40/><W68/><G68/><T55/><D49/><U117/><E117/><V81/><F65/><W53/><G53/><T15/><D37/><U25/><E3/><V87/><F29/><W80/><G24/><T111/><D38/><U88/><E60/><V74/><F74/><W6/><G6/><T11/><D111/><U67/><E67/><V119/><F119/><W128/><G35/><T124/><D124/><U61/><E61/><V30/><F30/><W73/><G73/><T99/><D33/><U135/><E135/><N who="3" m="51754" /><G128/><T54/><D34/><U83/><REACH who="1" step="1"/><E25/><REACH who="1" ten="250,240,250,250" step="2"/><V110/><F110/><W4/><G62/><T31/><D26/><U23/><E23/><V2/><F2/><W76/><G66/><T130/><D130/><U47/><AGARI ba="0,1" hai="10,13,16,42,47,48,83,84,88,93,94,121,122,123" machi="47" ten="40,8000,1" yaku="1,1,0,1,52,1,54,2,53,0" doraHai="86" doraHaiUra="113" who="1" fromWho="1" sc="250,-40,240,90,250,-20,250,-20" /><INIT seed="1,0,0,5,5,62" ten="210,330,230,230" oya="1" hai0="117,3,12,78,6,102,90,97,18,51,101,123,77" hai1="119,44,100,87,0,133,64,22,47,104,135,89,46" hai2="61,129,20,30,115,118,31,81,50,40,107,111,52" hai3="7,105,99,21,128,76,32,96,49,36,74,134,26"/><U109/><E119/><V131/><F118/><W68/><G36/><T29/><D117/><U91/><E0/><V57/><F107/><W70/><G128/><N who="2" m="49225" /><F111/><W23/><G134/><N who="1" m="51210" /><E22/><V58/><F115/><W16/><G32/><T15/><D3/><U108/><E64/><N who="2" m="38959" /><F40/><W5/><G105/><T94/><D123/><U88/><E100/><N who="0" m="38505" /><D29/><U9/><E9/><V38/><F38/><W4/><G70/><T93/><D93/><N who="1" m="54431" /><E104/><V86/><F20/><W2/><G68/><T103/><D6/><U37/><E37/><V98/><F98/><W80/><G2/><T1/><D1/><U92/><E92/><V66/><F66/><W45/><REACH who="3" step="1"/><G21/><REACH who="3" ten="210,330,230,220" step="2"/><T124/><D103/><U79/><E79/><AGARI ba="0,1" hai="30,31,50,52,58,79,81,86" m="38959,49225" machi="79" ten="30,3900,0" yaku="19,1,52,1,54,1" doraHai="62" who="2" fromWho="1" sc="210,0,330,-39,230,49,220,0" /><INIT seed="2,0,0,0,3,42" ten="210,291,279,220" oya="2" hai0="26,134,91,41,105,106,102,103,132,113,107,67,90" hai1="63,87,46,117,40,44,79,58,95,129,69,27,110" hai2="128,120,76,104,78,23,28,1,92,47,86,83,53" hai3="21,122,108,6,5,81,9,73,116,118,24,25,4"/><V94/><F1/><W89/><G122/><T99/><D67/><U126/><E117/><V61/><F104/><W112/><G112/><T123/><D41/><U71/><E126/><V85/><F120/><W82/><G108/><T101/><D26/><U14/><E110/><V98/><F128/><W119/><G9/><T19/><D19/><U10/><E129/><V88/><F28/><W52/><G73/><T111/><D111/><U96/><E27/><N who="3" m="10314" /><G21/><T2/><D2/><U30/><E30/><V93/><F23/><W48/><G116/><T33/><D33/><U20/><E20/><V125/><F125/><W130/><G119/><T57/><D57/><U31/><E31/><V100/><F47/><N who="1" m="17961" /><E71/><V12/><F12/><W49/><G118/><T60/><D123/><U72/><E72/><V11/><F11/><W8/><G8/><T0/><D113/><U66/><E69/><V39/><F39/><W59/><G130/><T17/><D0/><U65/><E40/><V115/><F115/><W29/><G29/><T131/><D131/><U38/><E38/><V84/><F53/><N who="3" m="32167" /><G89/><N who="0" m="33803" /><D60/><U22/><E22/><V7/><F7/><W32/><G32/><T50/><D17/><N who="1" m="8407" /><E66/><V16/><F16/><W35/><G35/><T75/><D75/><U34/><E34/><V70/><F70/><W13/><G13/><T133/><D50/><U45/><N who="1" m="17969" /><AGARI ba="0,0" hai="4,5,6,45,49,52,81,82" m="32167,10314" machi="45" ten="30,7700,0" yaku="3,1,8,1,52,1,54,1" doraHai="42" who="3" fromWho="1" sc="210,0,291,-77,279,0,220,77" /><INIT seed="3,0,0,4,4,92" ten="210,214,279,297" oya="3" hai0="57,39,23,55,31,73,112,1,76,115,71,102,100" hai1="65,29,64,81,93,83,105,7,44,110,41,10,69" hai2="77,9,121,38,85,128,19,63,2,118,12,74,6" hai3="58,90,86,34,17,49,117,131,97,89,45,101,116"/><W16/><G34/><T135/><D1/><U94/><E105/><V51/><F118/><W134/><G131/><T22/><D71/><U66/><E69/><V96/><F128/><W5/><G134/><T20/><D135/><U32/><E110/><V8/><F121/><W107/><G5/><T35/><D39/><U24/><E83/><V106/><F85/><W113/><G58/><T21/><N who="0" m="5120" /><DORA hai="62" /><T103/><D73/><U30/><E30/><V36/><F63/><W27/><G113/><N who="0" m="43595" /><D76/><U14/><REACH who="1" step="1"/><E81/><REACH who="1" ten="210,204,279,297" step="2"/><V114/><F114/><W82/><G82/><T52/><D57/><U53/><E53/><V91/><F77/><W124/><G107/><T13/><D13/><U120/><E120/><V99/><F106/><W78/><G116/><T56/><D56/><U68/><E68/><V59/><F74/><W122/><G117/><T130/><D130/><U88/><E88/><V75/><F75/><W132/><G122/><T61/><D61/><U70/><E70/><V127/><F91/><W126/><G90/><T84/><D84/><U67/><N who="1" m="16896" /><DORA hai="87" /><U129/><E129/><V33/><F59/><W79/><G89/><T47/><D47/><U11/><E11/><V111/><F9/><W3/><G86/><T26/><AGARI ba="0,1" hai="26,31,35,52,55,100,102,103" m="43595,5120" machi="26" ten="50,3200,0" yaku="11,1,54,1" doraHai="92,62,87" who="0" fromWho="0" sc="210,42,204,-8,279,-8,297,-16" /><INIT seed="4,0,0,5,1,93" ten="252,196,271,281" oya="0" hai0="9,17,2,20,63,42,121,43,27,51,41,116,126" hai1="86,104,26,55,105,123,44,79,97,92,38,61,102" hai2="32,118,30,106,31,18,80,128,81,94,111,72,135" hai3="98,28,71,22,84,35,124,77,8,24,67,107,109"/><T119/><D121/><U4/><E123/><V122/><F122/><W45/><G109/><T130/><D130/><U39/><E4/><V52/><F111/><W129/><G129/><T11/><D126/><U78/><E26/><V99/><F128/><W131/><G131/><T127/><D127/><U66/><E55/><V19/><F106/><W10/><G22/><T13/><D63/><U95/><E44/><V7/><F135/><W110/><G110/><T14/><D2/><U58/><E39/><V59/><F7/><W37/><G124/><T91/><D91/><U101/><E38/><V134/><F134/><W74/><G84/><T96/><D51/><U64/><E58/><V68/><F68/><W62/><G77/><N who="1" m="29194" /><E66/><V34/><F118/><W56/><G56/><T120/><D120/><U82/><E61/><V50/><F72/><W112/><G74/><T114/><D114/><U108/><E64/><V132/><F34/><W49/><G112/><T54/><D54/><U103/><E108/><V113/><F132/><W70/><G70/><T5/><REACH who="0" step="1"/><D96/><REACH who="0" ten="242,196,271,281" step="2"/><N who="1" m="59527" /><E103/><V60/><F113/><W133/><G133/><T40/><N who="0" m="10240" /><DORA hai="29" /><T12/><D12/><U90/><AGARI ba="0,1" hai="82,86,90,95,97,102,104,105" m="59527,29194" machi="90" ten="30,12000,2" yaku="35,5,52,2" doraHai="93,29" who="1" fromWho="1" sc="242,-60,196,130,271,-30,281,-30" owari="182,-32.0,326,43.0,241,-16.0,251,5.0" /></mjloggm>