<mjloggm ver="2.3"><GO type="97" lobby="0"/><UN n0="%73%68%73%72" n1="%E8%97%A4%E5%A0%82%E8%A6%81" n2="%E3%82%B8%E3%83%A3%E3%83%BC%E3%83%9E%E3%82%A4" n3="%E3%82%A6%E3%83%AB%E3%83%88%E3%83%A9%E7%AB%8B%E7%9B%B4" dan="14,15,14,15" rate="1965.99,2008.77,1902.95,2025.60" sx="M,F,M,M"/><TAIKYOKU oya="0"/><INIT seed="0,0,0,2,5,33" ten="250,250,250,250" oya="0" hai0="14,8,120,113,6,84,118,48,35,30,27,110,46" hai1="56,50,75,49,83,112,41,133,53,111,39,68,62" hai2="11,100,81,70,97,86,87,24,119,51,109,69,125" hai3="67,80,127,94,107,108,12,126,7,38,10,101,90"/><T104/><D118/><U61/><E75/><V65/><F119/><W115/><G38/><T89/><D120/><U40/><E83/><V128/><F87/><N who="3" m="50535" /><G67/><T122/><D122/><U31/><E31/><V117/><F117/><W114/><G107/><T21/><D113/><U99/><E99/><V4/><F65/><W64/><G64/><T121/><D121/><U20/><E20/><V0/><F125/><N who="3" m="47627" /><G108/><T124/><D124/><U29/><E29/><V72/><F109/><W45/><G45/><T42/><D110/><U17/><E17/><V43/><F72/><W26/><G26/><T66/><D66/><N who="1" m="41047" /><E112/><V52/><F128/><W88/><G101/><T15/><D104/><U19/><E19/><V63/><F24/><W132/><G132/><T28/><D28/><U123/><E123/><V57/><F43/><N who="1" m="16457" /><E133/><V9/><F9/><W37/><G37/><T71/><D71/><U36/><E111/><V1/><F0/><W3/><G12/><N who="0" m="5143" /><D35/><U93/><E93/><AGARI ba="0,0" hai="14,15,21,27,30,42,46,48,84,89,93" m="5143" machi="93" ten="30,1500,0" yaku="8,1" doraHai="33" who="0" fromWho="1" sc="250,15,250,-15,250,0,250,0" /><INIT seed="0,1,0,0,2,9" ten="265,235,250,250" oya="0" hai0="84,96,121,117,70,85,89,18,122,115,29,113,53" hai1="102,129,97,60,11,128,15,66,43,13,104,37,40" hai2="123,17,120,59,106,33,112,103,65,71,88,34,108" hai3="50,67,62,12,58,41,93,99,92,68,116,32,131"/><T95/><D70/><U124/><E124/><V24/><F112/><N who="0" m="43082" /><D29/><U45/><E40/><V0/><F59/><W76/><G32/><T49/><D18/><U22/><E22/><V132/><F132/><W73/><G116/><T75/><D53/><U86/><E86/><N who="0" m="33385" /><D49/><U44/><E44/><V47/><F47/><W7/><G68/><T77/><D117/><U74/><E74/><V52/><F17/><W107/><G73/><T100/><D100/><U48/><E48/><V16/><F0/><W2/><G58/><T98/><D98/><U5/><REACH who="1" step="1"/><E15/><REACH who="1" ten="265,225,250,250" step="2"/><V105/><F120/><N who="0" m="46186" /><D75/><U90/><E90/><V38/><F123/><W28/><G50/><T3/><D3/><U42/><E42/><V130/><F38/><W1/><G41/><T83/><D77/><U126/><E126/><V79/><F103/><W23/><G76/><T125/><D125/><U25/><E25/><V56/><F79/><W118/><G1/><T6/><D6/><U134/><E134/><V51/><F24/><W109/><G7/><T82/><AGARI ba="1,1" hai="82,83,89,95,96" m="46186,33385,43082" machi="82" ten="40,3900,0" yaku="34,2" doraHai="9" who="0" fromWho="0" sc="265,52,225,-14,250,-14,250,-14" /><INIT seed="0,2,0,4,0,86" ten="317,211,236,236" oya="0" hai0="103,64,22,50,129,94,82,25,109,89,73,125,100" hai1="88,83,99,60,36,18,11,0,74,12,3,24,57" hai2="47,8,81,112,119,32,69,80,34,95,68,116,62" hai3="122,54,40,104,45,23,70,106,66,7,131,33,105"/><T91/><D64/><U17/><E36/><V97/><F47/><W71/><G122/><T128/><D50/><U113/><E113/><V53/><F8/><W93/><G66/><T76/><D25/><U110/><E110/><V6/><F6/><W133/><G54/><T130/><D22/><U10/><E74/><V120/><F120/><W61/><G61/><T58/><D58/><U72/><E72/><V4/><F4/><W27/><G7/><T96/><D109/><U21/><E11/><V13/><F13/><W20/><G131/><T123/><D123/><U15/><E24/><V117/><F112/><W59/><G59/><T19/><D19/><U87/><REACH who="1" step="1"/><E99/><REACH who="1" ten="317,201,236,236" step="2"/><V48/><F62/><W85/><G27/><T39/><D39/><U30/><E30/><V115/><F115/><W51/><G33/><N who="2" m="12905" /><F48/><W67/><G23/><T78/><D125/><U75/><E75/><V56/><F56/><W79/><G20/><T90/><D78/><U38/><E38/><V124/><F124/><W114/><G114/><T46/><D46/><U107/><E107/><V121/><F121/><W31/><G106/><T135/><D135/><U108/><E108/><V26/><F26/><W118/><G105/><T127/><REACH who="0" step="1"/><D127/><REACH who="0" ten="307,201,236,236" step="2"/><U63/><E63/><V35/><F53/><AGARI ba="2,2" hai="0,3,10,12,15,17,18,21,53,57,60,83,87,88" machi="53" ten="30,7700,0" yaku="1,1,7,1,52,1,54,1,53,0" doraHai="86" doraHaiUra="37" who="1" fromWho="2" sc="307,0,201,103,236,-83,236,0" /><INIT seed="1,0,0,1,3,45" ten="307,304,153,236" oya="1" hai0="18,11,23,60,65,67,135,112,113,58,43,131,82" hai1="33,24,3,61,85,84,13,55,74,31,16,42,77" hai2="27,34,20,115,116,109,9,72,44,119,107,70,1" hai3="108,22,132,99,91,57,73,21,125,93,0,97,86"/><U8/><E3/><V101/><F20/><W92/><G73/><T102/><D135/><U68/><E42/><V80/><F115/><W128/><G0/><T37/><D131/><U94/><E94/><V96/><F109/><W63/><G132/><T29/><D113/><U118/><E118/><V90/><F90/><W12/><G108/><T100/><D112/><U28/><E28/><V36/><F70/><W17/><G128/><T120/><D120/><U54/><E54/><V4/><F27/><W10/><G125/><T15/><D37/><U53/><E53/><V19/><F19/><W5/><G86/><T121/><D121/><U130/><E130/><V35/><F119/><W89/><REACH who="3" step="1"/><G5/><REACH who="3" ten="307,304,153,226" step="2"/><T134/><D134/><U111/><E84/><V41/><REACH who="2" step="1"/><F116/><REACH who="2" ten="307,304,143,226" step="2"/><W69/><G69/><T56/><D43/><U95/><E68/><V110/><F110/><W59/><G59/><T50/><D58/><U38/><E111/><V52/><F52/><AGARI ba="0,2" hai="10,12,17,21,22,52,57,63,89,91,92,93,97,99" machi="52" ten="30,8000,1" yaku="1,1,7,1,9,1,8,1,54,1,53,0" doraHai="45" doraHaiUra="81" who="3" fromWho="2" sc="307,0,304,0,143,-80,226,100" /><INIT seed="2,0,0,5,2,31" ten="307,304,63,326" oya="2" hai0="124,27,132,103,13,81,0,32,48,92,63,85,23" hai1="104,130,71,64,87,44,69,78,101,3,58,111,99" hai2="39,134,49,125,59,20,56,121,126,118,52,80,67" hai3="73,43,110,72,106,30,89,28,100,11,12,117,37"/><V83/><F121/><W86/><G117/><T25/><D132/><U123/><E3/><V24/><F118/><W7/><G110/><T107/><D0/><U51/><E111/><V35/><F39/><W135/><G72/><T128/><D124/><N who="2" m="47722" /><F134/><W46/><G73/><T15/><D128/><U77/><E130/><V62/><F35/><W112/><G112/><T4/><D107/><U38/><E38/><V60/><F49/><W91/><G135/><T19/><D32/><U131/><E131/><V93/><F93/><W18/><G100/><T5/><D63/><U90/><E123/><V109/><F109/><W96/><G106/><T40/><D103/><U33/><E33/><V21/><F21/><W116/><G116/><T127/><D92/><U133/><E133/><V2/><F2/><W45/><G45/><N who="0" m="25639" /><D127/><U66/><E66/><V36/><F36/><W122/><G46/><T70/><D70/><U98/><E98/><V61/><F62/><W65/><G37/><T17/><D4/><U42/><E58/><V47/><F47/><W26/><G65/><T68/><D68/><U94/><REACH who="1" step="1"/><E69/><REACH who="1" ten="307,294,63,326" step="2"/><V82/><F82/><N who="3" m="49367" /><G122/><T57/><D57/><U119/><E119/><V1/><F1/><W14/><G96/><T16/><D5/><U88/><E88/><V115/><F115/><W50/><G91/><N who="0" m="51631" /><D13/><U95/><E95/><V76/><F76/><W102/><G14/><T120/><D120/><U97/><E97/><V8/><F8/><W34/><G34/><T79/><D79/><U113/><E113/><V53/><F67/><W41/><G11/><T129/><D129/><RYUUKYOKU ba="0,1" sc="307,10,294,10,63,10,326,-30" hai0="15,16,17,19,23,25,27" hai1="42,44,51,64,71,77,78,87,90,94,99,101,104" hai2="20,24,52,53,56,59,60,61,80,83" /><INIT seed="2,1,1,2,1,83" ten="317,304,73,296" oya="2" hai0="9,16,22,125,82,116,31,4,8,58,5,40,67" hai1="120,101,44,23,131,26,43,49,112,114,63,132,73" hai2="80,2,64,1,3,100,108,87,122,12,55,96,127" hai3="105,32,48,74,65,107,6,124,53,88,27,62,126"/><V99/><F122/><W102/><G74/><T19/><D40/><U97/><E73/><V70/><F127/><N who="3" m="48683" /><G6/><N who="0" m="2667" /><D58/><U28/><E120/><V78/><F108/><W38/><G38/><T121/><D67/><U13/><E131/><V95/><F99/><W135/><G102/><T84/><D116/><U130/><E132/><V111/><F111/><W46/><G135/><T59/><D121/><U79/><E130/><V86/><F12/><W68/><G88/><N who="0" m="51223" /><D59/><U47/><E79/><V57/><F64/><W134/><G134/><T93/><D125/><U85/><E85/><V15/><F70/><W39/><G39/><T37/><D37/><U30/><E30/><AGARI ba="1,1" hai="27,30,32,46,48,53,62,65,68,105,107" m="48683" machi="30" ten="30,1000,0" yaku="18,1" doraHai="83" who="3" fromWho="1" sc="317,0,304,-13,73,0,296,23" /><INIT seed="3,0,0,4,4,89" ten="317,291,73,319" oya="3" hai0="26,76,120,75,58,0,119,68,38,77,133,7,48" hai1="91,95,70,81,53,36,39,1,125,6,10,42,134" hai2="18,113,66,97,3,16,116,96,79,69,110,130,44" hai3="127,121,102,114,62,35,67,12,31,50,22,60,117"/><W112/><G121/><T37/><D120/><U61/><E125/><V106/><F3/><W128/><G117/><T90/><D133/><U33/><E134/><V14/><F106/><W21/><G35/><T98/><D119/><U27/><E42/><V78/><F69/><W41/><G62/><T9/><D68/><U85/><E33/><V19/><F116/><W132/><G22/><T100/><D90/><U30/><E30/><V57/><F113/><W82/><G127/><T47/><D26/><U86/><E27/><V17/><F130/><W108/><G128/><T93/><D58/><U107/><E107/><V135/><F135/><W124/><G124/><T55/><REACH who="0" step="1"/><D75/><REACH who="0" ten="307,291,73,319" step="2"/><U5/><E5/><V40/><F110/><W103/><G108/><T25/><D25/><U126/><E126/><V65/><F14/><W43/><G132/><T72/><D72/><U122/><E122/><V45/><N who="2" m="4608" /><DORA hai="64" /><V24/><F24/><N who="3" m="16783" /><G12/><T32/><D32/><U104/><E104/><V115/><F115/><W88/><G112/><T8/><D8/><U63/><E63/><V52/><F40/><W94/><G114/><T101/><D101/><U15/><E15/><V87/><F87/><N who="3" m="50295" /><G43/><T118/><D118/><U99/><E86/><V28/><F28/><W4/><G102/><T111/><D111/><U131/><E131/><V51/><F66/><W84/><G84/><T73/><D73/><U71/><E71/><V46/><REACH who="2" step="1"/><F65/><REACH who="2" ten="307,291,63,319" step="2"/><W23/><G41/><T123/><D123/><U34/><E34/><V49/><F49/><W13/><G50/><T2/><D2/><U105/><E1/><RYUUKYOKU ba="0,2" sc="307,15,291,-15,63,15,319,-15" hai0="0,7,9,37,38,47,48,55,76,77,93,98,100" hai2="44,45,46,51,52,57,78,79,96,97" owari="342,44.0,276,-12.0,78,-42.0,304,10.0" /></mjloggm>