<mjloggm ver="2.3"><GO type="97" lobby="0"/><UN n0="%E3%82%B7%E3%83%AD%E3%82%AF%E3%83%AD" n1="%6A%64%75%68%67%72%79" n2="%48%41%49%48%55%4E%E6%94%B9" n3="%E3%82%A6%E3%83%AB%E3%83%88%E3%83%A9%E7%AB%8B%E7%9B%B4" dan="15,14,13,15" rate="1965.31,1917.10,1902.40,2037.47" sx="M,M,M,M"/><TAIKYOKU oya="0"/><INIT seed="0,0,0,0,0,96" ten="250,250,250,250" oya="0" hai0="117,94,14,69,81,92,73,4,110,106,132,34,27" hai1="99,111,90,38,55,115,130,42,58,134,12,80,65" hai2="0,26,37,10,108,91,13,103,52,39,51,75,121" hai3="78,30,87,3,49,57,118,29,119,95,16,15,89"/><T8/><D117/><U1/><E1/><V105/><F75/><W109/><G3/><T100/><D132/><U120/><E120/><V107/><F0/><W46/><G109/><T129/><D69/><U47/><E111/><V84/><F121/><W66/><G78/><T50/><D129/><U85/><E134/><V7/><F108/><W77/><G77/><T28/><D110/><U98/><E130/><V86/><F86/><W71/><G71/><T101/><D73/><U67/><E115/><V19/><F7/><W56/><G118/><T45/><D81/><U5/><E98/><N who="2" m="61687" /><F26/><W36/><G36/><T123/><D106/><U64/><E99/><V35/><F107/><W32/><G32/><T70/><D70/><U11/><REACH who="1" step="1"/><E67/><REACH who="1" ten="250,240,250,250" step="2"/><V114/><F114/><W41/><G119/><T135/><D135/><U93/><E93/><N who="0" m="35945" /><D123/><U79/><E79/><V83/><F35/><W116/><G116/><T104/><D104/><U131/><E131/><V17/><F17/><W63/><REACH who="3" step="1"/><G57/><REACH who="3" ten="250,240,250,240" step="2"/><T23/><D34/><U82/><E82/><V97/><F97/><W48/><G48/><AGARI ba="0,2" hai="5,11,12,38,42,47,48,55,58,64,65,80,85,90" machi="48" ten="30,2000,0" yaku="1,1,7,1,53,0" doraHai="96" doraHaiUra="59" who="1" fromWho="3" sc="250,0,240,40,250,0,240,-20" /><INIT seed="1,0,0,3,4,97" ten="250,280,250,220" oya="1" hai0="134,112,65,6,71,39,68,100,43,56,81,8,41" hai1="47,40,125,104,28,66,128,102,117,21,35,111,1" hai2="14,64,26,94,113,86,13,82,10,15,32,126,23" hai3="53,45,30,44,7,19,22,4,135,75,69,52,37"/><U12/><E117/><V58/><F113/><W118/><G69/><T98/><D112/><U76/><E1/><V107/><F107/><W24/><G75/><T63/><D134/><U59/><E128/><V130/><F32/><W51/><G135/><T42/><D81/><U20/><E35/><V67/><F130/><W60/><G118/><T11/><D39/><U3/><E3/><V123/><F123/><W38/><G38/><T90/><D90/><U25/><E125/><V93/><F126/><W114/><G114/><T80/><D80/><U61/><E76/><N who="2" m="46407" /><F10/><W88/><G88/><T17/><D17/><U105/><E111/><V95/><F58/><W101/><G101/><T99/><D99/><U31/><E102/><V72/><F72/><W109/><G109/><T131/><D131/><U5/><E5/><V18/><AGARI ba="0,0" hai="13,14,15,18,23,26,64,67,93,94,95" m="46407" machi="18" ten="30,1100,0" yaku="8,1" doraHai="97" who="2" fromWho="2" sc="250,-3,280,-5,250,11,220,-3" /><INIT seed="2,0,0,1,4,20" ten="247,275,261,217" oya="2" hai0="115,96,2,79,24,81,49,21,99,101,91,27,83" hai1="37,34,73,86,64,134,61,124,125,39,106,41,56" hai2="110,50,114,80,59,92,30,25,120,45,32,42,98" hai3="13,94,57,29,52,135,8,126,133,95,15,121,36"/><V103/><F114/><W84/><G36/><T109/><D2/><U100/><E73/><V65/><F120/><W1/><G121/><T53/><D115/><U60/><E134/><N who="3" m="51210" /><G126/><N who="1" m="48746" /><E41/><V3/><F3/><W9/><G29/><T63/><D109/><U11/><E34/><V40/><F110/><W78/><G78/><T33/><D33/><U108/><E108/><V58/><F42/><W0/><G84/><T77/><D63/><U119/><E119/><V123/><F123/><W105/><G105/><T16/><D24/><U85/><E11/><N who="3" m="4170" /><G1/><T113/><D113/><U74/><E74/><V112/><F112/><W107/><G107/><T131/><D131/><U14/><E14/><N who="3" m="5130" /><G0/><T44/><D101/><U130/><E130/><V118/><F118/><W132/><N who="3" m="51218" /><W66/><DORA hai="10" /><G66/><T117/><D117/><U67/><E100/><V38/><F38/><N who="1" m="14345" /><E106/><V31/><F65/><W116/><G116/><T47/><D44/><U104/><E104/><V7/><F7/><W46/><G46/><T62/><D62/><AGARI ba="0,0" hai="52,57,62,94,95" m="5130,4170,51218" machi="62" ten="40,8000,1" yaku="20,1,52,3,54,1" doraHai="20,10" who="3" fromWho="0" sc="247,-80,275,0,261,0,217,80" /><INIT seed="3,0,0,5,1,6" ten="167,275,261,297" oya="3" hai0="82,19,115,126,93,130,30,11,102,99,43,123,45" hai1="94,4,31,2,129,35,81,0,101,125,5,65,9" hai2="52,132,42,12,87,75,133,100,114,13,61,68,59" hai3="128,49,57,28,113,112,8,111,80,22,48,21,41"/><W7/><G128/><T46/><D123/><U47/><E129/><V27/><F75/><W110/><G80/><T37/><D130/><U10/><E125/><V74/><F74/><W55/><G41/><T56/><D126/><U116/><E116/><V98/><F114/><W78/><G49/><T119/><D115/><N who="3" m="44105" /><G28/><T97/><D119/><U64/><E47/><V121/><F121/><W23/><G78/><T15/><D30/><U50/><E50/><V76/><F42/><W103/><G103/><T25/><D82/><U104/><E104/><N who="2" m="63511" /><F68/><W106/><G106/><T66/><D99/><U108/><E81/><N who="2" m="47527" /><F27/><W58/><G55/><T109/><D46/><U85/><E31/><V36/><F36/><W18/><G48/><T67/><D109/><N who="3" m="41481" /><G18/><T79/><D79/><U38/><E108/><V16/><F16/><W84/><G84/><T70/><D70/><U131/><E38/><V60/><F60/><W53/><G53/><T91/><D25/><U107/><E131/><V29/><F29/><W86/><G86/><T1/><D102/><U26/><E26/><V122/><F122/><W73/><G73/><T39/><D39/><U40/><E40/><V24/><F24/><W44/><G44/><T20/><REACH who="0" step="1"/><D56/><REACH who="0" ten="157,275,261,297" step="2"/><U17/><E101/><V127/><F127/><W90/><G90/><T62/><D62/><U33/><E35/><V69/><F69/><W72/><G72/><T96/><D96/><U89/><E33/><V34/><F34/><W51/><G51/><T32/><D32/><U92/><E107/><V71/><F71/><W14/><AGARI ba="0,1" hai="7,8,14,21,22,23,57,58" m="41481,44105" machi="14" ten="40,7800,0" yaku="14,1,10,1,52,1" doraHai="6" who="3" fromWho="3" sc="157,-26,275,-26,261,-26,297,88" owari="131,-37.0,249,5.0,235,-16.0,385,48.0" /></mjloggm>