<mjloggm ver="2.3"><GO type="41" lobby="0"/><UN n0="%E3%82%A6%E3%83%AB%E3%83%88%E3%83%A9%E7%AB%8B%E7%9B%B4" n1="%74%61%6B%61%73%73%61%6E" n2="%E7%89%B9%E6%94%BB%E9%87%8E%E9%83%8E%4A%42%43" n3="%6D%69%7A%6B%69%6E" dan="16,13,14,13" rate="2021.61,1966.62,1950.10,1824.88" sx="M,M,M,M"/><TAIKYOKU oya="0"/><INIT seed="0,0,0,4,1,18" ten="250,250,250,250" oya="0" hai0="105,97,56,10,117,133,129,94,75,69,132,101,22" hai1="37,86,26,40,57,13,34,88,100,39,128,126,64" hai2="61,82,122,4,112,135,41,54,134,102,113,8,78" hai3="49,89,125,63,95,1,65,5,115,130,45,66,119"/><T87/><D69/><U60/><E126/><V90/><F102/><W27/><G115/><N who="2" m="44105" /><F90/><W83/><G1/><T98/><D75/><U21/><E128/><V2/><F41/><W16/><G5/><T48/><D129/><U104/><E34/><V59/><F122/><W106/><G119/><T91/><D10/><U76/><E104/><V124/><F82/><W15/><G106/><T62/><D48/><U52/><E100/><V20/><F78/><W17/><G125/><T77/><D117/><U93/><E76/><V7/><F124/><W38/><G38/><T131/><D131/><U123/><E123/><V9/><F54/><W32/><G32/><T42/><D42/><U85/><E13/><N who="2" m="5255" /><F59/><W108/><G63/><T118/><D118/><U70/><E40/><V127/><F61/><W72/><G108/><T11/><D11/><U109/><E109/><V12/><F127/><W71/><G71/><T73/><D73/><U111/><E111/><V67/><F67/><N who="3" m="25611" /><G72/><T114/><D56/><U81/><E70/><V36/><F36/><W28/><G83/><T103/><D62/><U29/><E64/><V23/><F2/><W80/><G80/><T44/><D44/><U92/><E81/><V30/><F30/><W25/><G28/><T58/><D77/><U50/><E60/><V47/><F47/><W84/><G45/><T53/><D105/><U19/><E29/><V120/><F120/><W116/><G49/><T0/><D0/><U46/><E46/><V68/><F68/><W55/><G130/><T43/><D43/><U24/><E37/><V33/><F33/><RYUUKYOKU ba="0,0" sc="250,-10,250,-10,250,30,250,-10" hai2="7,9,12,20,23,134,135" /><INIT seed="1,1,0,5,4,124" ten="240,240,280,240" oya="1" hai0="88,77,108,31,69,106,79,46,3,83,91,95,65" hai1="130,28,56,48,30,71,44,58,125,114,132,43,57" hai2="38,127,81,96,53,19,32,42,29,62,67,21,50" hai3="34,27,17,59,13,121,131,74,101,76,61,93,40"/><U119/><E119/><V66/><F127/><W41/><G34/><T80/><D3/><U10/><E114/><V98/><F32/><W107/><G27/><T20/><D69/><U70/><E125/><V25/><F38/><W110/><G107/><T111/><D65/><U35/><E10/><V64/><F42/><W49/><G74/><N who="0" m="43063" /><D46/><U122/><E35/><V128/><F128/><W15/><G61/><T0/><D0/><U126/><E122/><V18/><F81/><W105/><G105/><T102/><D20/><U104/><E104/><V112/><F62/><W84/><G49/><T60/><D31/><U72/><E72/><V4/><F4/><W87/><G59/><T11/><D11/><U117/><E126/><V82/><F82/><W24/><G17/><N who="2" m="6153" /><F112/><W2/><G24/><T8/><D8/><U54/><E117/><V89/><F89/><N who="0" m="34378" /><D60/><U100/><E100/><V37/><F37/><W14/><G2/><T6/><D6/><U68/><E28/><V115/><F115/><W97/><G40/><T36/><D36/><N who="1" m="21607" /><E30/><V22/><F22/><W78/><G41/><T75/><D106/><U63/><E63/><V47/><AGARI ba="1,0" hai="21,25,29,47,50,53,64,66,67,96,98" m="6153" machi="47" ten="30,1100,0" yaku="8,1" doraHai="124" who="2" fromWho="2" sc="240,-4,240,-6,280,14,240,-4" /><INIT seed="2,0,0,1,4,134" ten="236,234,294,236" oya="2" hai0="80,20,49,59,50,123,107,91,98,120,121,79,28" hai1="0,111,14,90,115,103,116,65,56,16,24,66,114" hai2="39,84,101,99,25,124,22,119,7,53,87,61,58" hai3="36,51,110,135,18,10,31,94,37,23,29,64,46"/><V57/><F39/><W55/><G135/><T11/><D11/><U127/><E0/><V106/><F124/><W83/><G64/><T67/><D67/><U89/><E116/><V125/><F125/><W112/><G110/><T102/><D59/><U44/><E127/><V122/><F122/><W82/><G112/><T69/><D69/><U47/><E111/><V73/><F73/><W76/><G83/><T1/><D1/><U17/><E103/><V81/><F7/><W8/><G94/><T43/><D43/><U74/><E14/><V4/><F4/><W63/><G37/><T133/><D133/><U2/><E2/><V72/><F72/><W75/><G36/><T3/><D3/><U117/><E74/><V34/><F34/><W32/><G63/><T93/><D20/><U52/><E117/><V128/><F128/><W9/><REACH who="3" step="1"/><G32/><REACH who="3" ten="236,234,294,226" step="2"/><T118/><D118/><U104/><E114/><V113/><F81/><W30/><G30/><T77/><D49/><U97/><E115/><V13/><F119/><W68/><G68/><T6/><D50/><U40/><E104/><V71/><F71/><W19/><G19/><T38/><D28/><U42/><E24/><AGARI ba="0,1" hai="8,9,10,18,23,24,29,31,46,51,55,75,76,82" machi="24" ten="40,1300,0" yaku="1,1,53,0" doraHai="134" doraHaiUra="100" who="3" fromWho="1" sc="236,0,234,-13,294,0,226,23" /><INIT seed="3,0,0,5,0,100" ten="236,221,294,249" oya="3" hai0="125,22,114,129,18,120,96,29,13,89,30,110,77" hai1="50,108,134,59,63,84,87,38,12,76,27,83,43" hai2="34,39,45,75,98,7,24,117,135,56,6,2,115" hai3="112,15,126,107,78,10,25,74,66,102,40,33,130"/><W55/><G112/><T69/><D69/><U71/><E38/><V41/><F117/><W81/><G126/><T94/><D120/><U14/><E71/><V132/><F115/><W131/><G40/><T58/><D125/><U26/><E108/><V21/><F34/><W68/><G55/><T46/><D114/><U17/><E134/><N who="2" m="51243" /><F75/><W73/><G15/><T44/><D110/><U0/><E0/><V90/><F2/><W123/><G10/><T11/><D129/><U36/><E36/><V4/><F56/><W104/><G123/><T20/><D77/><U47/><E87/><V67/><F67/><W61/><G74/><T72/><D72/><U62/><E12/><V9/><F9/><W121/><G121/><T37/><D37/><U82/><E82/><V93/><F4/><W1/><G1/><T49/><D58/><U116/><E116/><V48/><F39/><W101/><G101/><T31/><REACH who="0" step="1"/><D46/><REACH who="0" ten="226,221,294,249" step="2"/><U28/><E59/><V57/><F57/><W16/><G131/><T19/><D19/><AGARI ba="0,1" hai="6,7,19,21,24,41,45,48,90,93,98" m="51243" machi="19" ten="30,1000,0" yaku="20,1" doraHai="100" who="2" fromWho="0" sc="226,-10,221,0,294,20,249,0" /><INIT seed="4,0,0,0,4,94" ten="216,221,314,249" oya="0" hai0="104,92,64,52,29,117,79,55,30,25,105,47,98" hai1="7,34,59,109,126,112,76,36,24,6,124,58,10" hai2="121,69,46,87,26,83,106,12,103,20,16,133,27" hai3="85,75,131,134,111,102,18,82,15,22,84,41,4"/><T43/><D117/><U40/><E109/><V88/><F69/><W8/><G111/><T0/><D0/><U65/><E36/><V23/><F121/><W9/><G131/><T57/><D79/><U54/><E40/><V93/><F106/><W35/><G134/><T38/><D30/><U127/><E76/><V67/><F67/><W80/><G35/><T66/><D55/><U118/><E118/><V81/><F103/><W48/><G75/><T120/><D120/><U42/><E42/><V122/><F122/><W63/><G63/><T74/><D74/><U73/><E73/><V71/><F71/><W62/><G62/><T119/><D119/><U89/><E112/><V14/><F46/><W33/><G33/><T28/><D28/><N who="1" m="19719" /><E65/><V91/><F83/><W96/><G9/><T115/><D115/><U3/><E7/><V50/><F50/><W125/><G125/><T86/><D86/><U108/><E108/><V32/><F32/><W100/><G48/><N who="0" m="26751" /><D104/><U61/><E59/><V130/><F130/><W99/><G41/><T21/><D38/><U13/><E89/><V45/><F45/><W90/><G8/><T31/><D105/><U110/><E110/><V1/><F1/><AGARI ba="0,0" hai="1,3,6,10,13,54,58,61,124,126,127" m="19719" machi="1" ten="30,1000,0" yaku="18,1" doraHai="94" who="1" fromWho="2" sc="216,0,221,10,314,-10,249,0" /><INIT seed="5,0,0,4,2,15" ten="216,231,304,249" oya="1" hai0="62,16,55,33,77,132,29,112,72,0,98,52,50" hai1="111,54,81,120,28,135,83,38,100,128,8,82,57" hai2="96,51,67,95,63,130,80,121,116,123,102,25,4" hai3="49,70,84,76,27,79,19,22,34,44,105,9,75"/><U93/><E38/><V122/><F116/><W101/><G70/><T61/><D0/><U12/><E120/><V14/><F130/><W23/><G75/><T6/><D6/><U32/><E128/><V125/><F125/><W92/><G105/><T10/><D29/><U35/><E111/><V106/><F80/><W85/><G34/><T126/><D33/><U7/><E135/><V58/><F51/><W40/><G9/><T56/><D72/><U2/><E28/><V39/><F39/><W41/><G41/><T48/><D126/><U36/><E36/><V66/><F25/><W20/><G101/><T68/><D68/><U65/><E65/><V86/><F67/><W109/><G109/><T43/><D43/><U134/><E134/><V117/><F117/><W53/><G40/><T74/><D74/><U119/><E119/><V59/><F106/><W114/><G114/><T108/><D108/><U47/><E47/><V37/><F37/><W87/><G92/><T69/><D69/><U17/><E100/><V131/><F102/><W103/><G103/><T99/><D77/><AGARI ba="0,0" hai="19,20,22,23,27,44,49,53,76,77,79,84,85,87" machi="77" ten="40,2600,0" yaku="8,1,52,1" doraHai="15" who="3" fromWho="0" sc="216,-26,231,0,304,0,249,26" /><INIT seed="6,0,0,2,2,56" ten="190,231,304,275" oya="2" hai0="26,117,29,82,48,24,9,8,111,12,37,32,10" hai1="129,68,65,67,62,77,118,103,96,6,108,54,114" hai2="100,18,45,110,116,66,128,106,135,59,13,21,7" hai3="63,93,5,52,131,81,71,133,73,112,122,72,51"/><V83/><F116/><W22/><G122/><T39/><D117/><U87/><E118/><V109/><F128/><W0/><G133/><T4/><D111/><N who="2" m="42506" /><F100/><W134/><G0/><T17/><D39/><U104/><E129/><V119/><F106/><W47/><G5/><N who="0" m="3087" /><D37/><U126/><E126/><V125/><F125/><W1/><G1/><N who="0" m="143" /><D48/><U31/><E114/><V46/><F135/><W28/><G134/><T43/><D43/><U95/><E108/><V76/><F7/><W33/><G93/><T53/><D53/><U34/><E6/><V61/><F119/><W16/><G73/><AGARI ba="0,0" hai="13,18,21,45,46,59,61,66,73,76,83" m="42506" machi="73" ten="30,2900,0" yaku="10,1,52,1" doraHai="56" who="2" fromWho="3" sc="190,0,231,0,304,29,275,-29" /><INIT seed="6,1,0,0,5,107" ten="190,231,333,246" oya="2" hai0="119,118,4,31,51,50,79,28,133,64,41,17,132" hai1="27,65,73,63,124,13,103,112,53,43,74,94,24" hai2="135,131,84,117,105,100,45,29,49,121,111,18,59" hai3="6,35,21,57,54,125,48,120,126,52,122,82,76"/><V14/><F121/><W12/><G35/><T70/><D4/><U85/><E112/><V62/><F111/><W129/><G6/><T11/><D64/><U36/><E124/><N who="3" m="47722" /><G21/><T116/><D70/><U75/><E36/><V99/><F29/><N who="0" m="11338" /><D41/><U19/><E43/><V83/><F131/><W88/><G12/><T39/><D39/><U23/><E53/><V134/><F49/><N who="0" m="18442" /><D11/><U104/><E104/><V81/><F45/><W113/><G54/><T77/><D17/><U22/><E22/><V102/><F117/><W25/><G25/><T95/><D95/><U61/><E61/><V96/><F18/><W32/><G32/><T30/><D30/><U68/><REACH who="1" step="1"/><E85/><REACH who="1" ten="190,221,333,246" step="2"/><V115/><F84/><N who="3" m="48199" /><G113/><T9/><D9/><U86/><E86/><V127/><F115/><W7/><G129/><T0/><D0/><U130/><E130/><V72/><F127/><W20/><G20/><T106/><D106/><U69/><E69/><V1/><F105/><W33/><G33/><T34/><D34/><U37/><E37/><V67/><F1/><W92/><G7/><T101/><D101/><U44/><E44/><V56/><F102/><W80/><G80/><T90/><D90/><U93/><E93/><V91/><F83/><W47/><G47/><T87/><D87/><AGARI ba="1,1" hai="48,52,57,87,88,92,120,122" m="48199,47722" machi="87" ten="30,3900,0" yaku="18,1,54,2" doraHai="107" who="3" fromWho="0" sc="190,-42,221,0,333,0,246,52" /><INIT seed="7,0,0,2,2,80" ten="148,221,333,298" oya="3" hai0="114,77,107,92,31,25,104,48,78,40,83,27,73" hai1="88,130,47,33,3,1,86,59,44,123,125,14,62" hai2="120,99,39,95,110,89,2,41,21,8,37,76,68" hai3="109,45,17,32,64,16,102,19,122,15,103,75,51"/><W127/><G75/><T0/><D0/><U54/><E123/><V61/><F120/><W6/><G32/><T53/><D40/><U81/><E33/><V24/><F76/><W26/><G109/><T94/><D78/><U18/><E125/><V133/><F110/><W121/><G64/><T97/><D114/><U100/><E130/><V43/><F39/><W46/><G127/><T82/><D82/><U79/><E100/><V12/><F2/><W116/><G26/><T63/><D63/><U98/><E1/><V55/><F37/><W50/><G116/><T112/><D112/><U13/><E3/><V52/><F68/><W9/><G121/><T34/><D27/><U35/><E35/><V124/><F124/><W87/><G122/><T129/><D129/><U65/><E13/><V57/><F55/><N who="3" m="30159" /><G87/><T134/><D134/><U58/><E98/><V72/><F72/><W108/><G108/><T70/><D70/><U115/><E115/><V126/><F126/><W85/><G85/><T22/><D34/><U66/><E79/><V71/><F71/><W20/><G20/><T132/><D132/><U11/><REACH who="1" step="1"/><E66/><REACH who="1" ten="148,211,333,298" step="2"/><V101/><F133/><W69/><G69/><T128/><D128/><U49/><AGARI ba="0,1" hai="11,14,18,44,47,49,54,58,59,62,65,81,86,88" machi="49" ten="20,16000,3" yaku="1,1,2,1,0,1,7,1,8,1,52,1,54,1,53,1" doraHai="80" doraHaiUra="84" who="1" fromWho="1" sc="148,-40,211,170,333,-40,298,-80" owari="108,-39.0,381,48.0,293,9.0,218,-18.0" /></mjloggm>