<mjloggm ver="2.3"><GO type="97" lobby="0"/><UN n0="%E3%81%AA%E3%81%8E%E3%81%AA%E3%81%9F%E6%88%A6%E5%A3%AB" n1="%E3%82%A6%E3%83%AB%E3%83%88%E3%83%A9%E7%AB%8B%E7%9B%B4" n2="%E3%82%B8%E3%83%A5%E3%83%A9%E3%82%A4" n3="%E3%80%93%42%69%61%73%E3%80%93" dan="14,15,15,14" rate="1888.23,1931.26,2061.56,1954.39" sx="F,M,M,M"/><TAIKYOKU oya="0"/><INIT seed="0,0,0,0,0,22" ten="250,250,250,250" oya="0" hai0="113,134,129,61,20,72,70,122,126,95,59,114,27" hai1="51,75,21,119,11,36,31,101,19,38,87,7,37" hai2="68,80,18,3,9,85,1,26,88,124,5,115,43" hai3="45,44,63,98,121,29,2,104,67,103,79,112,117"/><T84/><D122/><U111/><E119/><V8/><F115/><W48/><G112/><T73/><D134/><U86/><E75/><V16/><F68/><W135/><G117/><T106/><D106/><U125/><E125/><V55/><F124/><W130/><G121/><T120/><D120/><U90/><E101/><V35/><F43/><W14/><G2/><T71/><D71/><U108/><E31/><V69/><F69/><W83/><G130/><T91/><D70/><U39/><E51/><V53/><F35/><W110/><G110/><N who="1" m="42026" /><E90/><V93/><F80/><W123/><G123/><T15/><D129/><U49/><E49/><V30/><F30/><W92/><G135/><T131/><D131/><U94/><E94/><V25/><F3/><W34/><G104/><T62/><D73/><U46/><E11/><V82/><F1/><W50/><G50/><T6/><D72/><U102/><E7/><V65/><F65/><W118/><G118/><T105/><D105/><U17/><E102/><V97/><F5/><W12/><G48/><T109/><D109/><U40/><E17/><N who="2" m="6763" /><F9/><W128/><G128/><T74/><D74/><U56/><E38/><V13/><F8/><W89/><G83/><T78/><D126/><U42/><E39/><V81/><F13/><W0/><G103/><T76/><D114/><U116/><E40/><V33/><F33/><W127/><G14/><T96/><D113/><U66/><E37/><V60/><F82/><W133/><G12/><T64/><D15/><N who="1" m="9471" /><E116/><V32/><F32/><W52/><G127/><T41/><D6/><U77/><E77/><RYUUKYOKU ba="0,0" sc="250,-10,250,30,250,-10,250,-10" hai1="36,42,46,56,66,86,87" /><INIT seed="1,1,0,4,2,132" ten="240,280,240,240" oya="1" hai0="45,96,43,101,113,40,68,93,36,67,121,124,4" hai1="87,129,117,88,26,112,14,71,80,13,22,83,125" hai2="21,60,20,17,39,1,54,127,111,72,91,128,47" hai3="65,78,115,64,12,94,10,118,15,122,28,5,77"/><U74/><E71/><V11/><F111/><W63/><G115/><T85/><D113/><U8/><E117/><V134/><F134/><W57/><G118/><T2/><D121/><U29/><E112/><V110/><F110/><W95/><G122/><T109/><D109/><U100/><E129/><V38/><F128/><W30/><G64/><T37/><D85/><U46/><E100/><V59/><F72/><W41/><G41/><T116/><D116/><U82/><E74/><V35/><F35/><W90/><G15/><T73/><D73/><U130/><E130/><V108/><F108/><W56/><G56/><T102/><D102/><U119/><E119/><V126/><F91/><W55/><G65/><T23/><D23/><U42/><E125/><N who="2" m="47627" /><F47/><W106/><G106/><T34/><D34/><U69/><E69/><V58/><F58/><W49/><G57/><T62/><D40/><U7/><REACH who="1" step="1"/><E14/><REACH who="1" ten="240,270,240,240" step="2"/><N who="2" m="7391" /><F1/><W48/><G12/><T89/><D124/><U75/><E75/><V86/><F86/><W120/><G120/><T19/><D101/><U133/><E133/><V0/><F0/><W33/><G90/><T92/><D2/><U6/><E6/><V16/><F16/><W104/><G5/><T131/><D19/><U135/><E135/><V70/><F70/><W107/><G78/><T79/><D79/><U105/><E105/><V61/><F61/><W27/><G77/><T25/><D4/><U51/><AGARI ba="1,1" hai="7,8,13,22,26,29,42,46,51,80,82,83,87,88" machi="51" ten="20,18000,2" yaku="1,1,0,1,7,1,8,1,54,1,53,1" doraHai="132" doraHaiUra="3" who="1" fromWho="1" sc="240,-61,270,193,240,-61,240,-61" /><INIT seed="1,2,0,1,1,117" ten="179,463,179,179" oya="1" hai0="70,94,1,22,102,18,83,84,118,44,36,126,52" hai1="134,12,27,32,51,115,59,66,78,46,54,124,93" hai2="120,62,112,95,67,80,63,10,38,25,92,42,104" hai3="91,47,121,90,8,69,65,26,68,2,97,5,88"/><U55/><E115/><V107/><F112/><W103/><G121/><T43/><D118/><U81/><E124/><V35/><F120/><W109/><G109/><T75/><D75/><U111/><E66/><V30/><F10/><W131/><G131/><T53/><D126/><U127/><E127/><V101/><F80/><W76/><G76/><T19/><D70/><U74/><E111/><V71/><F63/><W28/><G47/><T79/><D1/><U50/><E134/><V13/><F13/><W113/><G113/><T37/><D37/><U57/><E93/><V73/><F73/><W105/><REACH who="3" step="1"/><G65/><REACH who="3" ten="179,463,179,169" step="2"/><T129/><D129/><U49/><E46/><N who="2" m="23895" /><F107/><W89/><N who="3" m="22528" /><DORA hai="34" /><W130/><G130/><T133/><D44/><U7/><E78/><V60/><F104/><W17/><G17/><T100/><D19/><U3/><E81/><V108/><F108/><W45/><G45/><T128/><D128/><U58/><E55/><V99/><F92/><W29/><G29/><T40/><D94/><U6/><E54/><V48/><F67/><W31/><G31/><T119/><D119/><U86/><E7/><V77/><F77/><W20/><AGARI ba="2,1" hai="2,5,8,20,26,28,68,69,97,103,105" m="22528" machi="20" ten="40,8000,1" yaku="1,1,0,1,52,1,54,1,53,0" doraHai="117,34" doraHaiUra="39,114" who="3" fromWho="3" sc="179,-22,463,-42,179,-22,169,96" /><INIT seed="2,0,0,4,2,107" ten="157,421,157,265" oya="2" hai0="75,2,84,95,65,42,120,101,13,106,38,74,67" hai1="47,24,100,129,81,46,91,73,135,55,59,98,111" hai2="118,114,123,58,53,66,0,51,131,60,83,94,34" hai3="85,130,31,32,99,110,12,72,28,21,43,39,93"/><V108/><F123/><W33/><G72/><T112/><D120/><U109/><E24/><V126/><F118/><W113/><G110/><N who="1" m="41994" /><E129/><V3/><F108/><W40/><G85/><T86/><D112/><U23/><E23/><V48/><F114/><W127/><G127/><T82/><D2/><U124/><E135/><V29/><F126/><W62/><G62/><T11/><D106/><U44/><E91/><V6/><F131/><W64/><G64/><T133/><D133/><U57/><E81/><V134/><F134/><W77/><G77/><T10/><D101/><U63/><E73/><V20/><F34/><W128/><G32/><T7/><D95/><U80/><E80/><V26/><F83/><W54/><G33/><T52/><D52/><U69/><E69/><V122/><F122/><W35/><G35/><T70/><D86/><U87/><E87/><V119/><F119/><W76/><G113/><T61/><D67/><U16/><E59/><V17/><F94/><W71/><G93/><T102/><D102/><U117/><E117/><V27/><F6/><W22/><G130/><T37/><D11/><U89/><E89/><V25/><F25/><W41/><G128/><T79/><REACH who="0" step="1"/><D37/><REACH who="0" ten="147,421,157,265" step="2"/><U92/><E124/><V121/><F121/><W1/><G39/><T4/><D4/><U90/><E100/><V15/><F66/><W30/><G1/><N who="2" m="585" /><F29/><W104/><G31/><T105/><D105/><U97/><E97/><V5/><F5/><W132/><G30/><T8/><D8/><U56/><E16/><V116/><F116/><W103/><G28/><T96/><D96/><RYUUKYOKU ba="0,1" sc="147,10,421,10,157,10,265,-30" hai0="7,10,13,38,42,61,65,70,74,75,79,82,84" hai1="44,46,47,55,56,57,63,90,92,98" hai2="15,17,20,26,27,48,51,53,58,60" /><INIT seed="2,1,1,1,5,119" ten="157,431,167,235" oya="2" hai0="45,108,35,18,49,33,71,109,60,38,129,64,17" hai1="107,116,0,34,22,84,122,99,73,79,78,113,133" hai2="6,132,50,103,85,112,48,43,81,39,42,92,62" hai3="114,58,3,19,65,88,123,54,125,89,86,66,53"/><V135/><F112/><W130/><G123/><T1/><D38/><U23/><E84/><V126/><F126/><W24/><G125/><T20/><D1/><U29/><E99/><V26/><F6/><W46/><G130/><T21/><D129/><U97/><E97/><V30/><F62/><W117/><G3/><T52/><D20/><U69/><E29/><V124/><F124/><W8/><G117/><T131/><D131/><U36/><E23/><V120/><F120/><W67/><G114/><T4/><D4/><U77/><E22/><V101/><F85/><W37/><G24/><T59/><D17/><U41/><E41/><V15/><F81/><W40/><G53/><T72/><D72/><U32/><E79/><V5/><F5/><W2/><G86/><T31/><D31/><U83/><E78/><V25/><F30/><W90/><G2/><T105/><D105/><U76/><E77/><V87/><F87/><W104/><G104/><T74/><D74/><U27/><E76/><V134/><F15/><W118/><G118/><T12/><REACH who="0" step="1"/><D71/><REACH who="0" ten="147,431,167,235" step="2"/><U9/><E69/><V102/><F92/><W115/><G115/><T14/><D14/><U57/><E113/><V55/><F39/><W128/><G128/><T51/><D51/><N who="2" m="19498" /><F55/><W80/><G37/><T11/><D11/><U56/><E36/><V98/><F135/><W110/><G8/><T10/><D10/><U106/><E9/><V70/><F70/><W93/><G54/><T63/><D63/><U100/><E133/><V127/><F127/><W121/><G121/><T61/><D61/><U68/><E122/><RYUUKYOKU ba="1,2" sc="147,30,431,-10,167,-10,235,-10" hai0="12,18,21,33,35,45,49,52,59,60,64,108,109" /><INIT seed="3,2,2,1,1,5" ten="177,421,157,225" oya="3" hai0="101,111,112,93,96,133,121,107,105,95,28,113,40" hai1="94,104,24,132,77,10,16,62,103,69,21,76,13" hai2="34,97,71,90,65,117,98,30,58,46,85,32,15" hai3="89,84,45,18,125,116,129,88,12,108,19,48,6"/><W49/><G116/><T73/><D121/><U36/><E36/><V47/><F117/><W27/><G129/><T1/><D1/><U68/><E104/><V119/><F119/><W51/><G125/><T33/><D73/><U67/><E69/><V124/><F71/><W135/><G135/><T25/><D133/><U7/><E132/><V31/><F124/><W80/><G108/><T22/><D111/><U78/><E103/><V61/><F15/><W23/><G6/><T114/><D107/><U35/><E35/><V50/><F34/><W9/><G89/><T82/><D40/><AGARI ba="2,2" hai="9,12,18,19,23,27,40,45,48,49,51,80,84,88" machi="40" ten="30,11600,0" yaku="7,1,8,1,52,1,54,1" doraHai="5" who="3" fromWho="0" sc="177,-122,421,0,157,0,225,142" /><INIT seed="3,3,0,5,0,37" ten="55,421,157,367" oya="3" hai0="48,5,83,111,130,52,126,20,135,39,4,19,131" hai1="50,41,26,24,44,84,3,108,10,85,60,53,67" hai2="129,2,55,64,91,16,103,109,32,123,65,54,122" hai3="13,98,97,63,99,96,105,59,11,74,93,31,81"/><W127/><G105/><T73/><D39/><U46/><E108/><V57/><F109/><W69/><G69/><T6/><D111/><U33/><E33/><V107/><F129/><W90/><G31/><T78/><D135/><U9/><E3/><V77/><F32/><W15/><G127/><T58/><D126/><U95/><E67/><V22/><F2/><W102/><G11/><T36/><REACH who="0" step="1"/><D36/><REACH who="0" ten="45,421,157,367" step="2"/><U119/><E119/><V29/><F122/><W30/><G30/><T56/><D56/><U118/><E118/><V92/><F29/><W134/><G134/><T45/><D45/><U7/><E46/><V94/><F123/><W132/><G132/><T18/><D18/><U88/><E44/><V110/><F110/><W120/><G120/><T42/><D42/><U23/><E41/><V89/><F57/><W14/><G74/><T101/><D101/><U0/><E7/><V66/><F103/><W112/><G112/><T40/><D40/><U49/><E0/><V124/><F124/><W114/><G114/><T43/><D43/><U106/><E106/><V28/><F28/><W117/><G117/><T104/><D104/><U8/><E60/><V27/><F107/><N who="3" m="63943" /><G99/><T47/><D47/><U61/><E61/><V12/><F16/><W25/><G98/><T82/><D82/><U34/><E50/><V79/><F94/><W68/><G68/><T128/><D128/><U35/><E35/><V76/><F92/><W75/><G25/><T86/><D86/><N who="1" m="52631" /><E34/><V51/><F27/><W62/><G59/><T125/><D125/><U70/><E70/><V17/><F51/><RYUUKYOKU ba="3,1" sc="45,10,421,-30,157,10,367,10" hai0="4,5,6,19,20,48,52,58,73,78,83,130,131" hai2="12,17,22,54,55,64,65,66,76,77,79,89,91" hai3="13,14,15,62,63,75,81,90,93,97" /><INIT seed="3,4,1,3,1,31" ten="55,391,167,377" oya="3" hai0="124,109,81,68,112,52,108,65,73,119,80,30,2" hai1="75,44,24,67,131,53,60,114,111,55,116,13,122" hai2="47,17,100,101,90,56,115,19,37,49,12,135,74" hai3="79,105,22,59,120,86,11,129,45,76,57,132,78"/><W85/><G120/><T94/><D119/><U130/><E75/><V50/><F115/><W70/><G70/><T69/><D112/><U89/><E114/><V0/><F0/><W103/><G129/><N who="1" m="49162" /><E122/><V66/><F74/><W134/><G11/><T39/><D2/><U102/><E111/><V34/><F34/><W9/><G9/><T125/><D39/><U118/><E102/><V33/><F33/><W10/><G10/><T7/><D7/><U61/><E13/><V83/><F135/><N who="3" m="51755" /><G45/><T32/><D94/><U95/><E24/><V46/><F37/><W54/><G22/><T42/><D42/><U25/><E25/><V88/><F12/><W40/><G40/><T5/><D5/><U106/><E106/><V58/><F66/><W4/><G4/><T133/><D133/><U27/><E27/><V21/><F21/><W113/><G113/><T51/><D30/><U91/><E44/><V3/><F3/><W77/><N who="3" m="19456" /><DORA hai="97" /><W128/><G128/><T26/><D26/><U96/><E91/><V82/><AGARI ba="4,1" hai="17,19,46,47,49,50,56,58,82,83,88,90,100,101" machi="82" ten="25,12000,2" yaku="0,1,22,2,8,1,52,2,54,1" doraHai="31,97" who="2" fromWho="2" sc="55,-34,391,-34,167,142,377,-64" owari="21,-48.0,357,46.0,309,-9.0,313,11.0" /></mjloggm>