<mjloggm ver="2.3"><GO type="97" lobby="0"/><UN n0="%4E%49%53%48%49" n1="%E6%9F%B4%E6%BC%AC%E3%81%91%E3%81%A8%E3%81%97" n2="%E8%8B%A5%E6%9C%AC%E8%A6%8F%E5%A4%AB" n3="%E3%82%A6%E3%83%AB%E3%83%88%E3%83%A9%E7%AB%8B%E7%9B%B4" dan="14,15,15,15" rate="1923.01,1952.03,2002.12,2019.02" sx="M,M,M,M"/><TAIKYOKU oya="0"/><INIT seed="0,0,0,3,4,54" ten="250,250,250,250" oya="0" hai0="110,65,4,49,24,120,87,135,111,81,90,6,50" hai1="57,133,9,128,68,70,3,131,118,0,73,42,10" hai2="123,34,38,78,14,106,48,35,76,43,88,66,115" hai3="36,85,59,82,96,8,129,103,74,116,64,125,77"/><T1/><D120/><U53/><E118/><V97/><F38/><W121/><G36/><T19/><D135/><U117/><E117/><V89/><F123/><W79/><G116/><T71/><D71/><U26/><E73/><V91/><F115/><W39/><G39/><T113/><D65/><U46/><E26/><V105/><F66/><W18/><G121/><T122/><D122/><U130/><E133/><V104/><F14/><W56/><G64/><T51/><D113/><U5/><E68/><V40/><F48/><W94/><G125/><T83/><D1/><N who="1" m="587" /><E70/><V29/><F29/><W119/><G119/><T61/><D81/><U112/><E112/><V58/><F58/><N who="3" m="22059" /><G74/><T134/><D61/><N who="1" m="36015" /><E5/><V101/><F101/><W52/><G129/><T126/><D134/><U37/><AGARI ba="0,0" hai="9,10,37,42,46,128,130,131" m="36015,587" machi="37" ten="40,2700,0" yaku="19,1,52,1" doraHai="54" who="1" fromWho="1" sc="250,-13,250,27,250,-7,250,-7" /><INIT seed="1,0,0,0,1,14" ten="237,277,243,243" oya="1" hai0="96,16,76,115,78,118,62,124,56,23,93,47,132" hai1="128,0,4,52,108,77,54,43,26,135,80,29,36" hai2="53,73,28,2,106,85,32,24,46,6,67,48,91" hai3="70,113,50,41,87,55,109,18,20,71,60,111,95"/><U97/><E128/><V65/><F73/><W105/><G105/><T103/><D132/><U49/><E135/><V98/><F6/><W110/><G113/><T25/><D124/><U101/><E36/><V11/><F11/><W121/><G121/><T89/><D118/><U122/><E122/><V21/><F2/><W30/><G30/><T35/><D35/><U61/><E4/><V126/><F126/><W5/><G5/><T82/><D115/><U127/><E0/><V88/><F32/><W83/><G60/><T22/><D47/><U107/><E61/><V99/><F106/><W120/><G41/><T133/><D133/><U39/><E39/><V116/><F116/><W1/><G1/><T40/><D40/><U10/><E10/><V42/><F53/><W57/><G120/><T112/><D112/><U74/><E127/><V119/><F119/><W72/><G72/><T69/><D69/><U31/><E31/><V81/><F91/><N who="3" m="53759" /><G83/><T15/><D82/><U44/><REACH who="1" step="1"/><E108/><REACH who="1" ten="237,267,243,243" step="2"/><V79/><F79/><W68/><G68/><T9/><D103/><U63/><E63/><V84/><F84/><W8/><G8/><T51/><D51/><U45/><E45/><V27/><F27/><AGARI ba="0,1" hai="18,20,27,50,55,57,70,71,109,110,111" m="53759" machi="27" ten="30,2000,0" yaku="14,1,52,1" doraHai="14" who="3" fromWho="2" sc="237,0,267,0,243,-20,243,30" /><INIT seed="2,0,0,5,0,33" ten="237,267,223,273" oya="2" hai0="8,86,12,68,91,113,83,18,15,51,11,88,65" hai1="101,78,59,100,54,57,109,127,14,66,67,75,71" hai2="114,116,96,115,13,108,50,79,126,122,31,94,0" hai3="121,46,130,58,16,120,23,61,37,95,26,133,30"/><V39/><F39/><W118/><G118/><T99/><D113/><U28/><E127/><V63/><F116/><W105/><G105/><T3/><D68/><U106/><E109/><V104/><F104/><W35/><G130/><T24/><D65/><U17/><E71/><V21/><F122/><W81/><G133/><T112/><D112/><U29/><E75/><V42/><F115/><W20/><G35/><T45/><D3/><U110/><E78/><V62/><F114/><W55/><G81/><T77/><D24/><U69/><E69/><V111/><F126/><W44/><G37/><T1/><D1/><U98/><E101/><N who="2" m="60567" /><F79/><W82/><G82/><T53/><REACH who="0" step="1"/><D99/><REACH who="0" ten="227,267,223,273" step="2"/><U134/><E98/><V22/><F0/><W38/><G120/><T25/><D25/><U49/><E67/><V27/><F108/><W103/><G121/><T70/><D70/><U43/><E110/><V5/><F111/><W124/><G124/><T102/><D102/><U93/><E100/><V107/><F107/><W52/><G103/><T119/><D119/><U6/><E106/><V2/><F2/><W41/><G26/><T123/><D123/><U36/><E66/><V4/><F4/><AGARI ba="0,1" hai="4,8,11,12,15,18,45,51,53,77,83,86,88,91" machi="4" ten="30,8000,1" yaku="1,1,7,1,8,1,54,1,53,1" doraHai="33" doraHaiUra="72" who="0" fromWho="2" sc="227,90,267,0,223,-80,273,0" /><INIT seed="3,0,0,2,0,77" ten="317,267,143,273" oya="3" hai0="98,100,5,108,46,7,39,106,102,48,123,101,57" hai1="50,38,82,56,59,130,34,45,95,67,26,61,63" hai2="92,19,33,111,30,28,4,32,54,49,71,29,52" hai3="113,94,122,3,88,80,10,93,112,84,85,126,128"/><W51/><G122/><T104/><D123/><U87/><E130/><V97/><F71/><W42/><G128/><T89/><D39/><U68/><E38/><V9/><F111/><W55/><G42/><T70/><D70/><U119/><E119/><V0/><F19/><W27/><G126/><T35/><D35/><U8/><E8/><V17/><F17/><W86/><G112/><T22/><D108/><U16/><E95/><N who="3" m="36362" /><G3/><T69/><D69/><U105/><E105/><V79/><F79/><W66/><G113/><T90/><D57/><U117/><E117/><V103/><REACH who="2" step="1"/><F54/><REACH who="2" ten="317,267,133,273" step="2"/><W37/><G66/><T124/><D124/><U114/><E114/><V132/><F132/><W118/><G118/><T58/><D106/><U121/><E121/><V115/><F115/><W125/><G125/><T2/><D104/><U96/><E16/><V23/><F23/><W62/><G10/><T116/><D22/><U135/><E135/><V53/><F53/><W110/><G27/><T36/><D116/><U43/><E26/><V47/><AGARI ba="0,1" hai="0,4,9,28,29,30,32,33,47,49,52,92,97,103" machi="47" ten="30,4000,0" yaku="1,1,0,1,54,1,53,0" doraHai="77" doraHaiUra="73" who="2" fromWho="2" sc="317,-10,267,-10,133,50,273,-20" owari="307,41.0,257,6.0,183,-32.0,253,-15.0" /></mjloggm>