<mjloggm ver="2.3"><GO type="225" lobby="0"/><UN n0="%73%68%61%72" n1="%E5%8D%97%E5%9B%BD%E9%9B%80" n2="%E3%82%A6%E3%83%AB%E3%83%88%E3%83%A9%E7%AB%8B%E7%9B%B4" n3="%E4%B8%80%E5%85%AB%E5%85%AD%E2%80%9D" dan="16,16,16,17" rate="2103.21,2112.81,2044.18,2177.64" sx="M,M,M,M"/><TAIKYOKU oya="0"/><INIT seed="0,0,0,1,4,81" ten="250,250,250,250" oya="0" hai0="28,9,104,31,87,120,110,69,82,131,123,25,49" hai1="53,126,94,76,57,15,58,63,125,117,74,85,22" hai2="91,86,121,101,8,84,90,52,102,116,34,70,122" hai3="79,45,135,44,66,134,59,68,30,128,105,18,118"/><T133/><D104/><U109/><E117/><V108/><F34/><W21/><G105/><T78/><D69/><U41/><E109/><V39/><F39/><W37/><G118/><T71/><D71/><U124/><E41/><V27/><F70/><W4/><G128/><T46/><D131/><U10/><E22/><V88/><F116/><W43/><G30/><T14/><D110/><U99/><E74/><V111/><F27/><W51/><G4/><T24/><D133/><N who="3" m="50697" /><G79/><T130/><D130/><U129/><E58/><V89/><F8/><W83/><G83/><T98/><D98/><U36/><E36/><V100/><N who="2" m="22528" /><DORA hai="29" /><V38/><F38/><W23/><G68/><T0/><D0/><U3/><E3/><V19/><F19/><W132/><G132/><T55/><D123/><N who="2" m="47114" /><F52/><N who="3" m="29799" /><G18/><N who="0" m="8527" /><D120/><U60/><E129/><V2/><F2/><W50/><G37/><T107/><D107/><U47/><E126/><V72/><F72/><W96/><G96/><T54/><D54/><U64/><E53/><V114/><F114/><W119/><G119/><T35/><D35/><U127/><E99/><V92/><F92/><W20/><G66/><T113/><D113/><U40/><E94/><V80/><F80/><W115/><G115/><T6/><D6/><U32/><E64/><V33/><F33/><W16/><G59/><T7/><D7/><U97/><E32/><V67/><F67/><W103/><G103/><T65/><D65/><U95/><E124/><V5/><F5/><W12/><AGARI ba="0,0" hai="12,16,20,21,23,43,45,50" m="29799,50697" machi="12" ten="30,4000,0" yaku="20,1,54,2" doraHai="81,29" who="3" fromWho="3" sc="250,-20,250,-10,250,-10,250,40" /><INIT seed="1,0,0,2,1,99" ten="230,240,240,290" oya="1" hai0="66,0,100,105,116,72,94,126,40,121,89,70,32" hai1="10,109,75,2,56,53,103,20,87,119,97,52,47" hai2="80,19,113,107,102,71,48,33,74,59,62,5,131" hai3="61,54,58,42,27,128,77,117,44,14,122,93,51"/><U1/><E119/><V49/><F131/><W127/><G122/><T114/><RYUUKYOKU type="yao9" ba="0,0" sc="230,0,240,0,240,0,290,0" hai0="0,32,40,66,70,72,89,94,100,105,114,116,121,126" /><INIT seed="1,1,0,0,1,53" ten="230,240,240,290" oya="1" hai0="39,46,6,112,31,66,121,14,73,62,15,78,89" hai1="135,93,115,95,116,8,20,110,71,86,77,3,97" hai2="70,42,117,37,76,30,29,102,51,68,52,79,58" hai3="7,122,114,12,120,101,9,17,18,16,22,23,60"/><U90/><E116/><V96/><F117/><W87/><G101/><T54/><D112/><U13/><E115/><V103/><F70/><W50/><G114/><T92/><D121/><N who="3" m="46697" /><G50/><T98/><D31/><U131/><E131/><V123/><F68/><W82/><G60/><T56/><D6/><U61/><E3/><V88/><F42/><W44/><G87/><T94/><D39/><U81/><E20/><N who="3" m="7722" /><G44/><T119/><D119/><U48/><E48/><V19/><F37/><W83/><G83/><T111/><D111/><U99/><E110/><V49/><F49/><W113/><G82/><T132/><D132/><U26/><E135/><V75/><F102/><W2/><G113/><T69/><D46/><U133/><E133/><V74/><F103/><W25/><G25/><T105/><D105/><U45/><E26/><V127/><F75/><W67/><G67/><T57/><D92/><U43/><E43/><V134/><F74/><W84/><G84/><T59/><D54/><U4/><E45/><V41/><F41/><W27/><G27/><T91/><D91/><N who="1" m="55551" /><E71/><V38/><F38/><W72/><G72/><T100/><D100/><U128/><E61/><V104/><F134/><W35/><G35/><T109/><D109/><U40/><E40/><V130/><F104/><W80/><G80/><T124/><D73/><U10/><E128/><V85/><F130/><W126/><G126/><T125/><D78/><N who="2" m="29738" /><F127/><AGARI ba="1,0" hai="14,15,56,57,59,62,66,69,89,94,98,124,125,127" machi="127" ten="40,8000,1" yaku="18,1,52,3" doraHai="53" who="0" fromWho="2" sc="230,83,240,0,240,-83,290,0" /><INIT seed="2,0,0,5,4,124" ten="313,240,157,290" oya="2" hai0="13,19,133,78,64,22,41,73,109,77,106,126,10" hai1="83,135,74,58,32,119,34,87,116,50,80,129,96" hai2="37,53,84,134,60,95,3,44,16,69,31,111,88" hai3="99,20,18,42,36,128,102,85,35,107,48,68,94"/><V61/><F3/><W66/><G35/><T14/><D106/><U104/><E135/><V93/><F134/><W131/><G36/><T27/><D133/><U86/><E74/><V71/><F111/><W49/><G66/><T81/><D109/><U76/><E104/><V63/><F31/><W33/><G33/><T122/><D122/><U55/><E96/><V120/><F120/><W72/><G72/><T121/><D121/><U38/><E38/><V12/><F95/><W130/><G68/><T90/><D41/><U26/><E34/><V118/><F118/><W25/><G42/><T24/><D78/><U82/><E82/><V0/><F0/><W105/><G105/><T75/><D75/><U43/><E43/><V11/><REACH who="2" step="1"/><F37/><REACH who="2" ten="313,240,147,290" step="2"/><W56/><G56/><T67/><D126/><U1/><E1/><V79/><F79/><W62/><G94/><T39/><D39/><U54/><E76/><V46/><F46/><W132/><G132/><T21/><D77/><U28/><E119/><V45/><F45/><W112/><G128/><T89/><D73/><U97/><E129/><V110/><F110/><W15/><G131/><T114/><D114/><U2/><E2/><V123/><F123/><W17/><G130/><T59/><D81/><U70/><E83/><V115/><F115/><W47/><G112/><T108/><D108/><U92/><E80/><V98/><F98/><W100/><G47/><T125/><D125/><U6/><E97/><V30/><F30/><W113/><G113/><T57/><D64/><U91/><E116/><V5/><F5/><W4/><G4/><RYUUKYOKU ba="0,1" sc="313,-10,240,-10,147,30,290,-10" hai2="11,12,16,44,53,60,61,63,69,71,84,88,93" /><INIT seed="2,1,1,0,1,11" ten="303,230,177,280" oya="2" hai0="54,58,79,31,49,3,42,87,35,25,6,133,112" hai1="2,100,70,82,86,19,57,56,17,55,118,90,73" hai2="47,124,39,0,126,121,69,65,48,101,5,18,26" hai3="131,9,92,120,102,109,117,20,128,98,61,10,71"/><V72/><F72/><W37/><G117/><T34/><D112/><U51/><E70/><V14/><F39/><W33/><G120/><T125/><D35/><U114/><E114/><V108/><F121/><W80/><G33/><T134/><D42/><U119/><E2/><V43/><F101/><W111/><G37/><T22/><D125/><N who="2" m="48234" /><F108/><N who="3" m="41547" /><G20/><T93/><D34/><U38/><E38/><V103/><F103/><W36/><G36/><T46/><D46/><U50/><E100/><V7/><F0/><W127/><G80/><T129/><D129/><N who="3" m="49737" /><G127/><T67/><D67/><AGARI ba="1,1" hai="9,10,61,67,71,92,98,102" m="49737,41547" machi="67" ten="30,2000,0" yaku="14,1,19,1" doraHai="11" who="3" fromWho="0" sc="303,-23,230,0,177,0,280,33" /><INIT seed="3,0,0,2,0,47" ten="280,230,177,313" oya="3" hai0="135,126,80,128,122,6,94,133,5,71,35,1,117" hai1="9,99,62,26,0,78,46,29,19,49,59,33,11" hai2="101,50,8,119,4,93,109,77,118,68,91,28,22" hai3="129,130,81,23,79,113,87,123,58,27,64,57,43"/><W106/><G113/><T131/><D71/><U66/><E0/><V83/><F68/><W7/><G123/><T41/><D117/><U121/><E121/><V72/><F109/><W84/><G106/><T56/><D122/><U127/><E127/><V12/><F22/><W60/><G7/><N who="0" m="2571" /><D1/><U67/><E67/><V73/><F28/><N who="3" m="17535" /><G43/><T63/><D35/><U2/><E2/><V82/><F101/><W36/><G36/><T31/><D31/><U38/><E38/><V65/><F65/><W53/><G84/><T44/><D80/><U30/><E30/><V120/><F120/><W104/><G104/><T15/><D15/><U70/><E70/><V14/><F14/><W88/><G79/><T24/><D24/><U39/><E39/><V18/><F4/><W76/><G76/><T102/><D126/><U107/><E78/><V111/><F111/><W75/><G75/><T52/><D94/><U3/><E3/><V34/><F34/><W96/><G96/><T48/><D102/><U116/><E116/><V114/><F114/><W55/><G58/><T98/><D98/><U97/><E97/><V45/><F73/><W108/><G108/><T42/><D42/><U54/><E99/><V17/><F93/><W124/><G124/><T85/><D85/><U95/><E95/><V125/><F125/><W16/><G16/><T105/><D105/><U21/><E107/><V100/><F18/><W134/><G134/><AGARI ba="0,0" hai="41,44,48,52,56,63,128,131,133,134,135" m="2571" machi="134" ten="30,3900,0" yaku="20,1,52,1,54,1" doraHai="47" who="0" fromWho="3" sc="280,39,230,0,177,0,313,-39" owari="319,42.0,230,-17.0,177,-32.0,274,7.0" /></mjloggm>