<mjloggm ver="2.3"><GO type="169" lobby="0"/><UN n0="%E3%82%A6%E3%83%AB%E3%83%88%E3%83%A9%E7%AB%8B%E7%9B%B4" n1="%E5%BC%B1%E8%99%AB" n2="%E3%82%B9%E3%83%BC%E3%83%8B" n3="%E9%8A%80%E3%81%B0%E3%81%95%E3%81%BF" dan="17,17,17,17" rate="2056.07,2169.78,2161.88,2223.18" sx="M,M,M,M"/><TAIKYOKU oya="0"/><INIT seed="0,0,0,3,2,64" ten="250,250,250,250" oya="0" hai0="16,33,49,17,135,4,107,116,57,79,124,11,95" hai1="69,100,101,114,38,102,70,66,98,25,19,90,20" hai2="115,103,26,39,10,112,121,109,55,22,15,122,47" hai3="134,43,87,24,92,132,72,99,133,32,50,34,119"/><T82/><D107/><U85/><E38/><V67/><F103/><W78/><G119/><T84/><D116/><U65/><E114/><V68/><F109/><W96/><G72/><T54/><D33/><N who="3" m="12905" /><G24/><T46/><D124/><U42/><E42/><V127/><F127/><W59/><G78/><T27/><D27/><U45/><E45/><V97/><F97/><W52/><G43/><T91/><D135/><N who="3" m="34561" /><W5/><DORA hai="12" /><G5/><T0/><REACH who="0" step="1"/><D46/><REACH who="0" ten="240,250,250,250" step="2"/><U76/><E25/><V61/><F112/><W75/><G75/><AGARI ba="0,1" hai="0,4,11,16,17,49,54,57,75,79,82,84,91,95" machi="75" ten="30,18000,2" yaku="1,1,2,1,7,1,52,2,54,1,53,0" doraHai="64,12" doraHaiUra="113,111" who="0" fromWho="3" sc="240,190,250,0,250,0,250,-180" /><INIT seed="0,1,0,5,3,75" ten="430,250,250,70" oya="0" hai0="115,92,20,80,85,3,48,53,13,11,121,30,57" hai1="52,97,93,87,132,83,99,46,103,86,7,15,100" hai2="36,111,31,81,12,60,17,96,107,122,120,78,101" hai3="130,21,112,25,9,2,72,58,32,79,133,67,131"/><T51/><D3/><U134/><E7/><V110/><F31/><W89/><G112/><T42/><D121/><U14/><E46/><V91/><F36/><W129/><G32/><T82/><D115/><U71/><E71/><V125/><F60/><N who="3" m="38295" /><G133/><N who="1" m="51306" /><E52/><V73/><F125/><W77/><G72/><T22/><D30/><U65/><E65/><V27/><F27/><W49/><G49/><T41/><D41/><U4/><E4/><V123/><F12/><N who="1" m="4649" /><E83/><V37/><F17/><N who="3" m="12463" /><G89/><T66/><D66/><U127/><E127/><V43/><F43/><W39/><G39/><T61/><D42/><U34/><E34/><V6/><F6/><AGARI ba="1,0" hai="2,6,9,77,79,129,130,131" m="12463,38295" machi="6" ten="30,3900,0" yaku="19,1,52,2" doraHai="75" who="3" fromWho="2" sc="430,0,250,0,250,-42,70,42" /><INIT seed="1,0,0,5,4,61" ten="430,250,208,112" oya="1" hai0="10,123,102,15,49,67,101,99,93,70,80,53,19" hai1="60,110,14,107,8,65,82,17,59,16,26,13,132" hai2="117,0,32,106,97,23,51,114,9,12,31,103,86" hai3="94,68,45,89,30,133,88,121,63,84,28,46,5"/><U77/><E132/><V55/><F117/><W79/><G121/><T125/><D125/><U90/><E110/><V42/><F42/><W74/><G133/><T85/><D123/><U34/><E107/><V18/><F114/><W21/><G5/><T98/><D70/><U56/><E90/><V52/><F51/><W135/><G135/><T129/><D129/><U109/><E109/><V54/><F86/><W115/><G115/><T35/><D35/><U24/><E56/><V62/><F32/><W4/><G4/><T108/><D108/><U119/><E34/><V37/><F37/><W104/><G104/><T75/><D67/><U47/><E47/><V113/><F113/><W91/><G74/><T95/><D75/><U100/><E100/><V87/><F87/><W116/><G116/><T131/><D131/><U81/><E119/><V20/><F0/><W66/><G94/><T11/><D19/><U58/><E58/><V36/><F36/><W69/><G69/><T48/><D15/><U111/><E111/><V1/><F1/><W29/><REACH who="3" step="1"/><G21/><REACH who="3" ten="430,250,208,102" step="2"/><T83/><D95/><U44/><E82/><AGARI ba="0,1" hai="28,29,30,45,46,63,66,68,79,82,84,88,89,91" machi="82" ten="40,12000,2" yaku="1,1,2,1,52,1,54,1,53,2" doraHai="61" doraHaiUra="43" who="3" fromWho="1" sc="430,0,250,-120,208,0,102,130" /><INIT seed="2,0,0,5,5,47" ten="430,130,208,232" oya="2" hai0="28,11,49,41,12,60,19,71,122,62,87,45,40" hai1="102,81,132,39,135,79,26,94,3,68,105,76,85" hai2="46,15,6,2,113,100,106,83,73,99,33,0,61" hai3="115,125,69,4,14,35,98,118,43,29,72,1,127"/><V75/><F113/><W34/><G72/><T77/><D71/><U5/><E39/><V51/><F33/><W67/><G118/><T30/><D41/><U114/><E68/><V56/><F15/><W27/><G115/><T89/><D77/><N who="1" m="29771" /><E26/><V91/><F6/><W7/><G43/><T133/><D133/><N who="1" m="51275" /><E5/><V104/><F104/><W129/><G98/><T117/><D122/><U124/><E3/><V96/><F2/><W9/><G67/><T63/><D117/><U116/><E116/><V18/><F18/><W52/><G69/><T78/><D78/><N who="1" m="46263" /><E114/><V44/><F44/><W50/><G35/><T20/><D20/><U23/><E23/><V120/><F0/><W57/><G1/><T55/><D40/><U111/><E111/><V10/><F10/><W108/><G7/><T38/><D38/><U112/><E112/><V109/><F109/><W54/><G108/><T8/><D8/><U107/><E124/><N who="3" m="47690" /><G54/><T123/><D123/><U88/><E102/><V36/><F36/><W86/><G34/><T42/><D42/><U21/><E21/><V31/><F100/><W17/><G4/><T130/><D30/><U119/><E119/><V84/><F31/><W65/><G29/><T24/><D28/><U90/><E90/><V97/><F120/><W131/><G27/><T93/><D24/><U92/><E92/><V95/><F95/><W70/><G70/><T110/><D110/><U59/><E59/><V22/><F22/><W128/><G65/><T37/><D37/><U66/><E66/><N who="2" m="39207" /><F106/><W80/><G131/><T126/><D130/><U74/><E74/><RYUUKYOKU ba="0,0" sc="430,0,130,0,208,0,232,0" hai0="11,12,19,45,49,55,60,62,63,87,89,93,126" hai1="88,94,105,107" hai2="46,51,73,75,83,84,91,96,97,99" hai3="9,14,17,50,52,57,80,86,128,129" /><INIT seed="2,1,0,5,4,79" ten="430,130,208,232" oya="2" hai0="45,11,130,58,1,4,106,43,20,89,78,18,134" hai1="10,41,16,35,49,5,101,7,131,129,126,33,6" hai2="122,39,127,135,87,48,68,23,64,61,67,51,56" hai3="105,60,44,75,77,83,19,28,100,69,46,74,53"/><V72/><F72/><W52/><G28/><T73/><D106/><U108/><E101/><V54/><F122/><W42/><G75/><T32/><D32/><N who="1" m="12363" /><E49/><V3/><F3/><W94/><G105/><T116/><D89/><U107/><E41/><V117/><F117/><W103/><G19/><T26/><D58/><U24/><E107/><V99/><F99/><W40/><G69/><T97/><D97/><U125/><E108/><V21/><F39/><W31/><G31/><T62/><D62/><U70/><E70/><V109/><F109/><W95/><G60/><T123/><D123/><U13/><E24/><V63/><F54/><W121/><G74/><T104/><D104/><U92/><E92/><V84/><F68/><W15/><G121/><T110/><D110/><U113/><E113/><V8/><F56/><W93/><G93/><T111/><D111/><U34/><N who="1" m="12371" /><U71/><DORA hai="27" /><E71/><V86/><F86/><W17/><G77/><T81/><D116/><U36/><E36/><V120/><F120/><W82/><G17/><T128/><D134/><U30/><E30/><V115/><F135/><W66/><G15/><T119/><D119/><U91/><E91/><V114/><F114/><W50/><G50/><T102/><D102/><U14/><E14/><V59/><F115/><W55/><G53/><T118/><D118/><U132/><E132/><V47/><F59/><W9/><G66/><T112/><D112/><U29/><E29/><V12/><F12/><W57/><G57/><T90/><D90/><U22/><E22/><V96/><F64/><W88/><G88/><RYUUKYOKU ba="1,0" sc="430,10,130,10,208,-30,232,10" hai0="1,4,11,18,20,26,43,45,73,78,81,128,130" hai1="5,6,7,10,13,16,125,126,129,131" hai3="9,40,42,44,46,52,55,82,83,94,95,100,103" /><INIT seed="3,2,0,0,2,105" ten="440,140,178,242" oya="3" hai0="118,29,0,44,12,66,32,97,15,3,85,22,79" hai1="121,122,30,33,69,125,89,134,14,64,87,24,116" hai2="7,18,63,109,108,40,25,31,42,37,21,51,120" hai3="17,112,16,70,27,43,72,39,77,45,13,75,65"/><W78/><G112/><T94/><D32/><U35/><E35/><V8/><F37/><W84/><G84/><T5/><D3/><U74/><E134/><V111/><F120/><W90/><G90/><T110/><D0/><U58/><E125/><V91/><F63/><W114/><G114/><T2/><D2/><U53/><E116/><V93/><F31/><W95/><G95/><T98/><D98/><U50/><E74/><V9/><F51/><W133/><G133/><T48/><D66/><U130/><E130/><V71/><F71/><W10/><G65/><T117/><D117/><U126/><E126/><V82/><F82/><W124/><G70/><T106/><D106/><U83/><E69/><V23/><F23/><W131/><G124/><T92/><D118/><U11/><REACH who="1" step="1"/><E64/><REACH who="1" ten="440,130,178,242" step="2"/><V57/><F111/><W119/><G119/><T100/><D110/><U56/><E56/><V26/><F57/><W81/><G131/><T129/><D129/><U104/><E104/><V80/><F109/><W62/><G75/><T76/><D44/><U34/><E34/><V96/><F108/><W113/><G113/><T107/><D107/><U115/><E115/><V4/><F26/><W128/><G128/><T102/><D102/><U36/><E36/><V49/><F25/><W88/><G72/><T55/><D100/><U86/><E86/><V61/><F96/><W132/><G132/><T60/><D85/><U101/><E101/><V135/><F135/><W73/><G73/><T67/><D97/><U28/><E28/><V123/><F123/><W59/><G39/><T127/><D127/><RYUUKYOKU ba="2,1" sc="440,-10,130,30,178,-10,242,-10" hai1="11,14,24,30,33,50,53,58,83,87,89,121,122" /><INIT seed="4,3,1,1,2,29" ten="430,160,168,232" oya="0" hai0="35,9,55,135,23,92,22,125,74,19,36,120,124" hai1="123,2,109,131,30,57,1,24,20,51,17,129,52" hai2="97,107,69,115,90,33,79,94,59,42,133,62,49" hai3="63,119,118,50,53,70,13,44,38,83,105,110,98"/><T96/><D74/><U85/><E123/><V67/><F115/><W56/><G83/><T100/><D36/><U14/><E109/><V99/><F79/><W4/><G4/><T25/><D120/><U41/><E41/><V91/><F133/><W104/><G13/><T48/><D135/><U40/><E40/><V121/><F121/><W84/><G84/><T45/><D9/><U113/><E113/><V18/><F33/><W28/><G28/><T93/><D35/><U106/><E106/><V76/><F76/><W88/><G110/><T27/><REACH who="0" step="1"/><D93/><REACH who="0" ten="420,160,168,232" step="2"/><U108/><E108/><V71/><F107/><W10/><G10/><T66/><D66/><U46/><E131/><V65/><F65/><N who="3" m="41279" /><G104/><T68/><D68/><U80/><E129/><V89/><F71/><W15/><G105/><T126/><D126/><U127/><E127/><V12/><F94/><W34/><G34/><T73/><D73/><U102/><E2/><V75/><F75/><W43/><G15/><T81/><D81/><U8/><E1/><V7/><F69/><W103/><G103/><T31/><AGARI ba="3,2" hai="19,22,23,25,27,31,45,48,55,92,96,100,124,125" machi="31" ten="30,3000,0" yaku="1,1,0,1,53,0" doraHai="29" doraHaiUra="58" who="0" fromWho="0" sc="420,59,160,-13,168,-13,232,-13" /><INIT seed="4,4,0,2,3,54" ten="479,147,155,219" oya="0" hai0="37,99,110,23,108,114,56,63,48,11,133,111,98" hai1="78,29,33,27,19,73,83,9,85,32,88,20,112" hai2="39,25,132,116,24,8,95,118,75,3,79,126,81" hai3="69,60,131,77,0,102,16,51,67,7,117,89,50"/><T38/><D11/><U115/><E9/><V100/><F132/><W80/><G117/><N who="2" m="45161" /><F126/><W121/><G121/><T104/><D104/><U125/><E125/><V26/><F39/><W28/><G131/><T49/><D23/><U92/><REACH who="1" step="1"/><E19/><REACH who="1" ten="479,137,155,219" step="2"/><V119/><F119/><W21/><G16/><T90/><D133/><U74/><E74/><V105/><F8/><W4/><G4/><T22/><D111/><U44/><E44/><V64/><F3/><W106/><G7/><T40/><D110/><U55/><E55/><V107/><F64/><W135/><G67/><T6/><D108/><U41/><E41/><V68/><F68/><W59/><G69/><T57/><D40/><U127/><E127/><V34/><F34/><AGARI ba="4,1" hai="20,27,29,32,33,34,73,78,83,85,88,92,112,115" machi="34" ten="40,2600,0" yaku="1,1,54,1,53,0" doraHai="54" doraHaiUra="134" who="1" fromWho="2" sc="479,0,137,48,155,-38,219,0" /><INIT seed="5,0,0,2,5,80" ten="479,185,117,219" oya="1" hai0="34,30,95,132,94,111,13,110,118,116,51,59,58" hai1="43,0,16,77,5,86,22,19,39,84,102,105,113" hai2="48,79,38,112,25,10,23,89,40,125,99,90,67" hai3="53,28,91,49,1,31,2,15,108,117,36,21,100"/><U129/><E129/><V92/><F38/><W8/><G36/><T115/><D30/><U74/><E105/><V101/><F125/><W85/><G108/><T120/><D34/><U75/><E102/><V69/><F112/><W64/><G117/><T24/><D24/><U107/><E107/><V11/><F79/><W14/><G64/><T87/><D13/><U42/><E113/><V81/><F69/><W12/><G100/><T134/><D51/><U122/><E122/><V83/><F67/><W18/><G2/><T70/><D115/><U130/><E130/><V127/><F127/><W96/><G96/><T32/><D32/><U20/><E77/><V57/><F83/><N who="3" m="49599" /><G1/><T63/><D70/><U103/><E103/><V123/><F123/><W109/><G109/><T124/><D124/><U66/><E66/><V52/><F40/><W65/><G65/><T29/><D120/><U55/><E55/><V121/><F121/><W68/><G68/><T61/><D29/><N who="3" m="11337" /><G21/><T60/><D116/><U135/><E0/><V126/><F126/><W104/><G104/><T54/><D118/><U50/><E39/><V3/><F3/><W4/><G4/><T82/><D111/><U46/><E5/><V33/><F33/><W47/><AGARI ba="0,0" hai="8,12,14,15,18,47,49,53" m="11337,49599" machi="47" ten="30,4000,0" yaku="25,1,8,1,52,1" doraHai="80" who="3" fromWho="3" sc="479,-10,185,-20,117,-10,219,40" /><INIT seed="6,0,0,0,5,71" ten="469,165,107,259" oya="2" hai0="30,99,26,95,2,42,85,49,13,40,87,37,43" hai1="28,60,92,27,44,1,132,114,24,23,12,58,3" hai2="79,8,74,109,82,25,57,88,16,86,90,122,84" hai3="101,61,51,68,4,18,93,96,53,41,89,108,111"/><V47/><F122/><W97/><G4/><T59/><D37/><U17/><E114/><V7/><F109/><W6/><G6/><T118/><D2/><U9/><E132/><V75/><F57/><W116/><G116/><T46/><D59/><U124/><E124/><V0/><F47/><W121/><G121/><T76/><D13/><U10/><E10/><V77/><F75/><W123/><G123/><T14/><D14/><U29/><E44/><V48/><F48/><W100/><G41/><T120/><D120/><U66/><REACH who="1" step="1"/><E92/><REACH who="1" ten="469,155,107,259" step="2"/><V69/><F74/><W98/><G93/><T106/><D46/><U133/><E133/><V20/><F69/><W54/><G111/><T107/><D95/><AGARI ba="0,1" hai="0,7,8,16,20,25,77,79,82,84,86,88,90,95" machi="95" ten="30,5800,0" yaku="7,1,54,2" doraHai="71" who="2" fromWho="0" sc="469,-58,155,0,107,68,259,0" /><INIT seed="6,1,0,1,0,88" ten="411,155,175,259" oya="2" hai0="91,8,25,132,30,84,102,34,9,48,110,28,66" hai1="0,108,52,79,37,44,18,46,80,111,101,13,124" hai2="54,107,104,118,33,43,74,133,63,92,96,32,7" hai3="76,98,97,87,31,120,19,6,72,103,58,51,89"/><V109/><F118/><W3/><G120/><T123/><D110/><U86/><E0/><V113/><F74/><W128/><G128/><T127/><D123/><U93/><E124/><V82/><F82/><W115/><G31/><T59/><D127/><U56/><E111/><V68/><F43/><W122/><G122/><T2/><D102/><U73/><E108/><V94/><F109/><W17/><G76/><T26/><D2/><U41/><E44/><V50/><F7/><W39/><G39/><T100/><D100/><U130/><E130/><V85/><F63/><W60/><G72/><T36/><D36/><U69/><E69/><V42/><F42/><W15/><G51/><T23/><D132/><U38/><E38/><V83/><F68/><W40/><G40/><T64/><D64/><U90/><E101/><V77/><F133/><W53/><G115/><T1/><D1/><U106/><E106/><V16/><F16/><N who="3" m="6219" /><G103/><T117/><D117/><U125/><E125/><V78/><F113/><W95/><G3/><T134/><D134/><U49/><E18/><V35/><F78/><W135/><G135/><T105/><D105/><U12/><AGARI ba="1,0" hai="12,13,37,41,46,49,52,56,73,79,80,86,90,93" machi="12" ten="30,4000,0" yaku="0,1,52,1,54,1" doraHai="88" who="1" fromWho="1" sc="411,-11,155,43,175,-21,259,-11" /><INIT seed="7,0,0,2,0,105" ten="400,198,154,248" oya="3" hai0="92,101,77,78,37,39,86,40,97,79,1,124,65" hai1="68,28,71,56,89,111,26,52,113,48,125,83,49" hai2="20,35,104,9,69,59,67,38,66,60,135,70,81" hai3="43,23,87,34,106,118,84,12,47,51,16,130,80"/><W126/><G106/><T54/><D1/><U53/><E111/><V58/><F135/><W5/><G34/><T108/><D39/><U57/><E113/><V116/><F116/><W27/><G118/><T110/><D65/><U64/><E125/><V50/><F35/><W30/><G126/><T62/><D40/><U15/><E64/><V102/><F38/><W131/><G84/><T134/><D37/><U133/><E133/><V120/><F120/><W88/><REACH who="3" step="1"/><G5/><REACH who="3" ten="400,198,154,238" step="2"/><T91/><D124/><U44/><E28/><V29/><F29/><W13/><G13/><T94/><D134/><U109/><E15/><V103/><F104/><W82/><G82/><T121/><D121/><U18/><E83/><V21/><F81/><W63/><G63/><T41/><D110/><U132/><E109/><V7/><F7/><W22/><AGARI ba="0,1" hai="12,16,22,23,27,30,43,47,51,80,87,88,130,131" machi="22" ten="30,12000,1" yaku="1,1,0,1,54,2,53,1" doraHai="105" doraHaiUra="46" who="3" fromWho="3" sc="400,-40,198,-40,154,-40,238,130" owari="360,16.0,158,-24.0,114,-39.0,368,47.0" /></mjloggm>