<mjloggm ver="2.3"><GO type="97" lobby="0"/><UN n0="%E3%83%A1%E3%83%B3%E3%82%BD%E3%83%AC%E3%83%BC%E3%82%BF%E3%83%A0" n1="%E9%BA%BB%E7%94%9F%E5%90%9B" n2="%E3%83%90%E3%83%88%E3%83%AB%E3%83%92%E3%83%BC%E3%83%AD%E3%83%BC" n3="%E3%82%A6%E3%83%AB%E3%83%88%E3%83%A9%E7%AB%8B%E7%9B%B4" dan="14,13,15,15" rate="1872.90,1895.68,2041.84,1995.89" sx="M,M,M,M"/><TAIKYOKU oya="0"/><INIT seed="0,0,0,5,3,80" ten="250,250,250,250" oya="0" hai0="126,39,104,41,91,112,122,19,88,94,3,47,63" hai1="123,67,77,36,113,10,12,82,119,125,22,116,26" hai2="49,6,43,65,134,46,17,11,107,37,132,33,101" hai3="75,0,103,61,14,121,64,95,35,79,118,70,5"/><T60/><D112/><U135/><E123/><V9/><F101/><W92/><G118/><T114/><D114/><U83/><E113/><V27/><F107/><W13/><G0/><T99/><D122/><U130/><E36/><V133/><F65/><W34/><G121/><T58/><D104/><U105/><E105/><V97/><F97/><W24/><G5/><T68/><D68/><U42/><E135/><V71/><F71/><W84/><G75/><T66/><D126/><U102/><E102/><V29/><F17/><W55/><G95/><T7/><D63/><U40/><E125/><V98/><F98/><W117/><G117/><T28/><D28/><U85/><E130/><V31/><F31/><W90/><G103/><T23/><D7/><U108/><E82/><V106/><F106/><W4/><G79/><T18/><D3/><U16/><E67/><V20/><F20/><W15/><G4/><T96/><D23/><U38/><E108/><V87/><F87/><W89/><G24/><T76/><REACH who="0" step="1"/><D76/><REACH who="0" ten="240,250,250,250" step="2"/><U56/><E116/><V73/><F73/><W81/><REACH who="3" step="1"/><G55/><REACH who="3" ten="240,250,250,240" step="2"/><T32/><D32/><U21/><E119/><V45/><F6/><W25/><G25/><T54/><D54/><AGARI ba="0,2" hai="9,11,27,29,33,37,43,45,46,49,54,132,133,134" machi="54" ten="40,1300,0" yaku="20,1" doraHai="80" who="2" fromWho="0" sc="240,-13,250,0,250,33,240,0" /><INIT seed="1,0,0,2,1,7" ten="227,250,283,240" oya="1" hai0="102,56,107,78,13,76,70,54,69,21,38,111,77" hai1="0,31,22,72,113,42,10,93,3,79,95,46,39" hai2="124,75,108,30,73,131,130,122,109,37,40,27,125" hai3="18,2,4,67,106,34,101,11,53,25,45,127,121"/><U16/><E113/><V32/><F122/><W64/><G121/><T8/><D38/><U23/><E31/><V132/><F37/><W88/><G127/><N who="2" m="48713" /><F40/><W118/><G118/><T81/><D107/><U68/><E68/><V61/><F61/><W80/><G101/><T110/><D102/><U71/><E71/><V129/><F75/><W66/><G106/><T86/><D21/><U28/><E28/><V24/><F73/><W103/><G103/><T92/><D92/><U36/><E36/><V82/><F82/><W74/><G74/><T97/><D97/><U84/><E84/><V94/><F94/><W44/><G53/><T105/><D105/><U87/><E87/><V19/><F19/><W14/><G2/><T9/><D69/><U99/><E99/><V114/><F24/><W134/><G134/><T135/><D135/><U90/><E90/><V35/><F132/><W126/><G126/><T63/><D70/><U48/><E39/><V62/><F62/><W59/><G34/><N who="2" m="12841" /><F114/><W65/><G25/><T85/><D85/><U123/><E123/><V117/><F117/><W43/><G43/><T55/><D55/><U15/><E72/><V41/><F41/><W133/><G133/><T83/><D86/><U98/><E79/><V52/><F52/><W26/><G26/><T33/><D33/><AGARI ba="0,0" hai="27,30,33,108,109,129,130,131" m="12841,48713" machi="33" ten="40,8000,1" yaku="19,1,18,1,23,1,34,2" doraHai="7" who="2" fromWho="0" sc="227,-80,250,0,283,80,240,0" /><INIT seed="2,0,0,5,1,74" ten="147,250,363,240" oya="2" hai0="66,16,93,33,35,94,108,11,105,38,22,14,71" hai1="76,24,90,54,26,23,103,39,125,97,31,98,107" hai2="85,10,7,95,42,80,87,116,25,100,43,127,4" hai3="130,3,65,51,129,135,82,61,37,119,73,50,106"/><V19/><F116/><W67/><G106/><T58/><D108/><U32/><E39/><V102/><F127/><W124/><G3/><T59/><D105/><U104/><E125/><V75/><F75/><W122/><G124/><T91/><D38/><U113/><E113/><V48/><F48/><W133/><G37/><T89/><D89/><U81/><E90/><N who="2" m="51495" /><F25/><W20/><G20/><T27/><D35/><U111/><E111/><V17/><F95/><W57/><G82/><T64/><D33/><U46/><E46/><V128/><F87/><W56/><G73/><T86/><D93/><U40/><E40/><N who="2" m="15403" /><F128/><W92/><G92/><T6/><REACH who="0" step="1"/><D71/><REACH who="0" ten="137,250,363,240" step="2"/><U114/><E114/><V84/><F102/><W53/><G119/><T12/><D12/><U60/><E60/><V83/><F100/><W34/><G34/><T115/><D115/><U28/><E32/><V70/><F70/><W5/><G61/><T112/><D112/><U29/><E26/><V9/><F9/><W126/><G126/><T88/><D88/><U110/><E110/><V18/><F10/><W101/><G101/><T1/><D1/><U79/><E107/><V117/><F117/><W2/><G2/><T78/><D78/><AGARI ba="0,1" hai="4,7,17,18,19,78,83,84" m="15403,51495" machi="78" ten="30,2900,0" yaku="8,1,52,1" doraHai="74" who="2" fromWho="0" sc="137,-29,250,0,363,39,240,0" /><INIT seed="2,1,0,4,1,55" ten="108,250,402,240" oya="2" hai0="135,119,98,11,14,52,1,41,128,132,49,87,88" hai1="44,48,113,54,101,123,28,6,110,37,71,111,75" hai2="43,90,107,78,86,76,70,38,77,36,89,126,120" hai3="4,92,99,25,129,121,116,39,58,19,60,97,33"/><V131/><F70/><W64/><G39/><T2/><D119/><U23/><E75/><V127/><F107/><W15/><G116/><T12/><D128/><U31/><E113/><V125/><F120/><W104/><G121/><T34/><D34/><U81/><E71/><V56/><F131/><W105/><G129/><T115/><D115/><U46/><E101/><V22/><F22/><W8/><G99/><T62/><D62/><U10/><E123/><V68/><F68/><W65/><G65/><T21/><D21/><U79/><E23/><V45/><F36/><W82/><G82/><N who="0" m="49271" /><D98/><U117/><E117/><V118/><F118/><W16/><G104/><T29/><D29/><U20/><E20/><V72/><F72/><W95/><G105/><T17/><D14/><N who="1" m="5463" /><E37/><V130/><F130/><W5/><G95/><T96/><D96/><U80/><E44/><V134/><F134/><N who="0" m="51242" /><D41/><U102/><E102/><V13/><F13/><W35/><G35/><T24/><D24/><U122/><E122/><V85/><F56/><AGARI ba="1,0" hai="1,2,11,12,17,49,52,56" m="51242,49271" machi="56" ten="30,7700,0" yaku="20,1,52,1,54,2" doraHai="55" who="0" fromWho="2" sc="108,80,250,0,402,-80,240,0" /><INIT seed="3,0,0,1,4,7" ten="188,250,322,240" oya="3" hai0="63,100,123,108,68,38,128,56,29,70,109,37,57" hai1="90,59,60,96,81,75,66,14,58,116,82,72,78" hai2="125,48,114,121,35,55,85,26,9,115,43,126,53" hai3="24,15,92,130,112,89,33,46,67,102,1,71,2"/><W3/><G112/><N who="2" m="43049" /><F85/><W51/><G130/><T133/><D100/><U25/><E116/><V50/><F121/><W86/><G102/><T77/><D77/><U134/><E134/><V62/><F9/><W120/><G120/><T44/><D29/><U107/><E107/><V61/><F26/><W21/><G67/><T47/><D123/><U42/><E42/><V45/><F35/><W12/><G71/><N who="0" m="27179" /><D128/><U5/><E25/><V98/><F98/><W31/><REACH who="3" step="1"/><G33/><REACH who="3" ten="188,250,322,230" step="2"/><T135/><D63/><N who="2" m="24074" /><F43/><AGARI ba="0,1" hai="1,2,3,12,15,21,24,31,43,46,51,86,89,92" machi="43" ten="40,2000,0" yaku="1,1,53,0" doraHai="7" doraHaiUra="28" who="3" fromWho="2" sc="188,0,250,0,322,-20,230,30" /><INIT seed="3,1,0,4,1,89" ten="188,250,302,260" oya="3" hai0="41,23,48,67,125,25,49,59,43,104,76,64,81" hai1="106,47,77,117,111,6,94,134,70,9,135,87,128" hai2="72,113,38,108,3,121,131,101,36,68,8,57,78" hai3="92,83,114,126,2,133,80,130,73,24,27,46,120"/><W50/><G2/><T13/><D104/><U54/><E70/><V66/><F113/><W109/><G120/><T116/><D116/><U102/><E47/><V123/><F101/><W127/><G114/><T28/><D125/><N who="3" m="47625" /><G130/><T17/><D49/><U16/><E128/><V10/><F57/><W4/><G4/><T69/><D69/><U62/><E106/><V118/><F118/><W110/><G133/><N who="1" m="50698" /><E117/><V32/><F32/><W40/><G92/><T39/><D39/><N who="2" m="14890" /><F131/><W11/><G11/><N who="2" m="4137" /><F3/><W85/><G73/><T93/><D93/><U42/><E42/><V56/><F56/><W96/><G96/><T132/><D132/><U31/><E6/><V84/><F84/><W58/><G58/><T12/><D67/><U55/><E62/><N who="2" m="40023" /><F108/><N who="3" m="41579" /><G83/><T52/><D64/><U33/><E111/><V22/><F22/><W95/><G95/><T107/><D12/><N who="1" m="7183" /><E77/><AGARI ba="1,0" hai="24,27,40,46,50,77,80,85" m="41579,47625" machi="77" ten="30,5800,0" yaku="18,1,14,1,10,1" doraHai="89" who="3" fromWho="1" sc="188,0,250,-61,302,0,260,61" owari="188,-31.0,189,-21.0,302,10.0,321,42.0" /></mjloggm>