<mjloggm ver="2.3"><GO type="97" lobby="0"/><UN n0="%74%6B%63%72%6A%38%37%34" n1="%E4%B9%9D%E9%BE%8D" n2="%38%32%31%73%68%69%6E" n3="%E3%82%A6%E3%83%AB%E3%83%88%E3%83%A9%E7%AB%8B%E7%9B%B4" dan="13,14,14,15" rate="1933.84,1890.17,1930.89,1997.28" sx="M,F,M,M"/><TAIKYOKU oya="0"/><INIT seed="0,0,0,3,0,133" ten="250,250,250,250" oya="0" hai0="43,7,86,134,68,131,56,15,104,109,101,17,97" hai1="85,115,0,49,63,84,21,120,53,51,42,111,45" hai2="90,46,30,9,112,22,130,28,129,54,125,80,62" hai3="8,16,69,73,132,33,23,89,61,78,32,34,64"/><T96/><D68/><U135/><E120/><V108/><F112/><W126/><G132/><T38/><D134/><U20/><E111/><V74/><F108/><W4/><G89/><T26/><D109/><U66/><E135/><V6/><F125/><W122/><G122/><T18/><D131/><N who="2" m="50186" /><F22/><W81/><G126/><T50/><D38/><U124/><E0/><N who="2" m="199" /><F90/><W72/><G72/><T118/><D118/><U67/><E115/><V52/><F62/><W106/><G106/><T35/><D86/><U114/><E114/><V11/><F11/><W39/><G39/><T116/><D116/><U70/><E67/><V37/><F37/><W123/><G123/><T110/><D110/><U1/><E1/><V60/><F60/><W95/><G95/><T87/><D87/><U128/><E124/><V47/><F47/><W48/><G48/><T59/><D96/><U107/><E107/><V29/><F46/><W71/><G71/><T83/><D83/><U10/><E10/><V3/><F3/><W127/><G127/><T12/><D7/><U57/><E128/><V102/><F102/><W65/><G65/><T24/><D35/><U19/><REACH who="1" step="1"/><E20/><REACH who="1" ten="250,240,250,250" step="2"/><V82/><F74/><W2/><REACH who="3" step="1"/><G34/><REACH who="3" ten="250,240,250,240" step="2"/><T113/><D113/><U13/><AGARI ba="0,2" hai="13,19,21,42,45,49,51,53,57,63,66,70,84,85" machi="13" ten="20,5200,0" yaku="1,1,2,1,0,1,7,1,53,0" doraHai="133" doraHaiUra="31" who="1" fromWho="1" sc="250,-26,240,72,250,-13,240,-13" /><INIT seed="1,0,0,4,1,34" ten="224,312,237,227" oya="1" hai0="27,120,17,52,49,0,84,83,67,102,108,60,24" hai1="70,78,116,88,30,62,25,130,103,6,33,18,65" hai2="127,97,82,32,104,3,72,124,68,48,4,54,100" hai3="2,87,71,66,125,98,14,42,10,64,39,89,79"/><U101/><E116/><V81/><F32/><W131/><G71/><T90/><D108/><U5/><E130/><V47/><F68/><W15/><G131/><T129/><D129/><U74/><E18/><V19/><F19/><W43/><G125/><N who="2" m="48201" /><F72/><W110/><G110/><T85/><D120/><U105/><E103/><V112/><F112/><W26/><G26/><T28/><D0/><U21/><E21/><V13/><F13/><W55/><G2/><T109/><D109/><U122/><E122/><V41/><F41/><N who="3" m="15371" /><G39/><T75/><D75/><U132/><E132/><V9/><AGARI ba="0,0" hai="3,4,9,47,48,54,81,82,97,100,104" m="48201" machi="9" ten="30,2000,0" yaku="18,1,52,1" doraHai="34" who="2" fromWho="2" sc="224,-5,312,-10,237,20,227,-5" /><INIT seed="2,0,0,1,2,65" ten="219,302,257,222" oya="2" hai0="73,83,132,39,122,34,53,51,75,124,127,32,24" hai1="10,59,113,46,118,28,31,86,44,133,47,87,15" hai2="45,38,81,70,79,23,16,72,108,130,69,5,42" hai3="105,100,92,49,54,90,36,98,26,67,37,112,4"/><V74/><F130/><W7/><G112/><T3/><D122/><U41/><E118/><V40/><F108/><W1/><G67/><T27/><D39/><U101/><E113/><V21/><F72/><N who="0" m="27722" /><D83/><U126/><E133/><V102/><F42/><W120/><G120/><T35/><D3/><U88/><E126/><N who="0" m="48169" /><D132/><U50/><E101/><V30/><F5/><W57/><G37/><T135/><D135/><U77/><E77/><V18/><F30/><W66/><G36/><T125/><N who="0" m="48177" /><T58/><AGARI ba="0,0" hai="24,27,32,34,35,51,53,58" m="48177,27722" machi="58" ten="50,3200,0" yaku="4,1,18,1" doraHai="65" who="0" fromWho="0" sc="219,32,302,-8,257,-16,222,-8" /><INIT seed="3,0,0,2,0,41" ten="251,294,241,214" oya="3" hai0="53,11,21,57,14,123,39,133,134,65,42,27,92" hai1="66,34,28,118,2,70,94,113,81,8,48,132,105" hai2="71,85,59,91,88,56,5,47,51,110,45,121,43" hai3="60,23,17,80,32,131,9,90,64,40,31,50,15"/><W111/><G32/><T62/><D123/><U101/><E113/><V77/><F110/><W46/><G131/><T36/><D92/><U103/><E132/><N who="0" m="50793" /><D65/><U1/><E118/><V104/><F71/><W127/><G127/><T95/><D95/><U63/><E94/><V55/><F104/><W68/><G111/><T83/><D83/><U3/><E81/><N who="2" m="47279" /><F121/><W24/><G80/><T79/><D79/><U61/><E61/><N who="2" m="35999" /><F5/><W58/><REACH who="3" step="1"/><G90/><REACH who="3" ten="251,294,241,204" step="2"/><N who="2" m="34345" /><F43/><W128/><G128/><T72/><D42/><U76/><E76/><V16/><F16/><W126/><G126/><T20/><D72/><U100/><E103/><V78/><F78/><W124/><G124/><T129/><D129/><U12/><E101/><V29/><F29/><W37/><G37/><N who="0" m="14411" /><D27/><U82/><E82/><V97/><F97/><W7/><G7/><AGARI ba="0,1" hai="7,11,14,20,21,53,57,62" m="14411,50793" machi="7" ten="30,1000,0" yaku="20,1" doraHai="41" who="0" fromWho="3" sc="251,20,294,0,241,0,204,-10" /><INIT seed="4,0,0,5,2,122" ten="271,294,241,194" oya="0" hai0="29,90,67,14,9,32,89,129,61,132,55,114,111" hai1="74,52,110,131,30,12,39,109,48,107,33,92,103" hai2="31,96,43,106,100,120,101,135,47,69,8,124,68" hai3="1,72,93,42,54,26,19,112,126,84,102,79,27"/><T13/><D114/><U80/><E39/><V75/><F120/><W73/><G1/><T21/><D132/><U25/><E131/><V50/><F135/><W0/><G0/><T127/><D127/><U38/><E38/><V4/><F124/><W98/><G126/><T3/><D129/><U65/><E65/><V56/><F75/><W119/><G119/><T10/><D3/><U20/><E107/><V130/><F130/><W23/><G112/><T66/><D32/><U2/><E2/><V11/><F31/><W62/><G42/><T16/><D111/><U6/><E80/><V85/><F100/><W63/><G73/><T49/><D29/><U46/><E74/><V17/><F56/><W60/><G72/><T77/><D77/><U121/><E121/><V97/><F96/><W91/><G79/><T95/><D21/><U24/><E6/><V99/><F97/><W51/><G27/><T35/><D35/><U7/><E12/><V125/><F125/><W76/><G76/><T40/><D40/><U113/><E7/><V64/><F85/><W134/><G134/><T83/><D83/><U36/><E36/><V82/><F82/><W18/><G18/><N who="0" m="8495" /><D61/><U5/><E5/><V88/><F4/><W105/><G63/><T117/><D117/><U15/><E15/><N who="2" m="7399" /><F11/><W87/><G87/><N who="0" m="52671" /><D90/><U28/><REACH who="1" step="1"/><E113/><REACH who="1" ten="271,284,241,194" step="2"/><V34/><F64/><W81/><REACH who="3" step="1"/><G105/><REACH who="3" ten="271,284,241,184" step="2"/><T53/><D53/><U116/><E116/><V133/><F106/><W104/><G104/><T37/><D37/><U41/><E41/><V22/><F133/><W45/><AGARI ba="0,2" hai="19,23,26,45,51,54,60,62,81,84,91,93,98,102" machi="45" ten="20,12000,2" yaku="1,1,0,1,7,1,8,1,53,2" doraHai="122" doraHaiUra="59" who="3" fromWho="3" sc="271,-60,284,-30,241,-30,184,140" owari="211,-19.0,254,5.0,211,-29.0,324,43.0" /></mjloggm>