<mjloggm ver="2.3"><GO type="41" lobby="0"/><UN n0="%6B%6D%61%6E%79" n1="%74%6F%72%61%74%6F%72%6F" n2="%E2%98%85%4C%55%43%4B" n3="%E3%82%A6%E3%83%AB%E3%83%88%E3%83%A9%E7%AB%8B%E7%9B%B4" dan="14,14,14,16" rate="1963.02,1967.31,2055.66,2074.41" sx="M,M,M,M"/><TAIKYOKU oya="0"/><INIT seed="0,0,0,1,3,115" ten="250,250,250,250" oya="0" hai0="6,128,72,125,43,64,62,51,119,91,42,103,40" hai1="109,50,80,120,17,133,70,82,37,21,98,15,79" hai2="18,78,96,107,123,126,30,11,16,44,71,25,114" hai3="90,60,9,20,61,101,110,94,23,88,3,54,124"/><T59/><D72/><U10/><E70/><V49/><F123/><W52/><G124/><T38/><D103/><U19/><E37/><V56/><F71/><W87/><G101/><T12/><D125/><U63/><E120/><V58/><F107/><W132/><G132/><T1/><D1/><U116/><E133/><V69/><F69/><W29/><G110/><T108/><D108/><U35/><E109/><V95/><F114/><W100/><G100/><T129/><D119/><U92/><E35/><V83/><F126/><W0/><G9/><N who="0" m="4151" /><D38/><U26/><E50/><V74/><F11/><W112/><G112/><T97/><D129/><U33/><E33/><V48/><F48/><W47/><G47/><N who="0" m="26087" /><D128/><U32/><E32/><V84/><F74/><W22/><G29/><T39/><D39/><U27/><E116/><V65/><F95/><AGARI ba="0,0" hai="42,43,59,62,64,91,95,97" m="26087,4151" machi="95" ten="30,1500,0" yaku="8,1" doraHai="115" who="0" fromWho="2" sc="250,15,250,0,250,-15,250,0" /><INIT seed="0,1,0,5,2,127" ten="265,250,235,250" oya="0" hai0="59,116,110,66,42,122,31,132,118,61,43,28,106" hai1="55,15,68,3,35,76,81,13,21,50,119,95,51" hai2="93,29,129,46,114,27,11,12,113,62,99,65,25" hai3="109,1,69,100,0,37,97,39,84,24,123,91,45"/><T32/><D122/><U121/><E119/><V131/><F46/><W78/><G69/><T107/><D132/><U71/><E121/><V34/><F27/><W74/><G39/><T41/><D110/><U5/><E35/><V117/><F117/><W133/><G133/><T7/><D118/><U103/><E3/><V49/><F49/><W56/><G109/><T64/><D116/><U135/><E135/><V40/><F40/><W20/><G1/><T30/><D32/><U105/><E105/><V88/><F62/><W98/><G0/><T4/><REACH who="0" step="1"/><D66/><REACH who="0" ten="255,250,235,250" step="2"/><U18/><E71/><V92/><F65/><W112/><G123/><T36/><D36/><U82/><E68/><V22/><F34/><W120/><G120/><T96/><D96/><N who="1" m="59807" /><E76/><V70/><F70/><W10/><G78/><T72/><D72/><U52/><E5/><AGARI ba="1,1" hai="4,5,7,28,30,31,41,42,43,59,61,64,106,107" machi="5" ten="40,2000,0" yaku="1,1,53,0" doraHai="127" doraHaiUra="94" who="0" fromWho="1" sc="255,33,250,-23,235,0,250,0" /><INIT seed="0,2,0,2,2,120" ten="288,227,235,250" oya="0" hai0="78,82,69,56,46,16,65,24,36,61,66,64,59" hai1="63,34,68,101,40,4,94,130,89,72,39,115,7" hai2="22,90,122,18,126,102,58,21,109,105,19,20,54" hai3="50,10,44,93,51,8,62,9,135,74,11,128,57"/><T108/><D108/><U52/><E115/><V55/><F122/><W98/><G74/><T84/><D36/><U42/><E34/><V75/><F75/><W14/><G128/><T104/><D104/><U86/><E72/><V110/><F105/><W49/><G135/><T117/><D117/><U26/><E130/><V116/><F116/><W119/><G119/><T28/><D46/><U1/><E101/><V95/><F102/><W125/><G125/><T70/><D16/><N who="2" m="6186" /><F126/><W121/><G121/><T45/><D45/><U38/><E26/><V134/><F58/><W91/><N who="3" m="2560" /><DORA hai="30" /><W103/><G14/><T88/><D78/><U77/><E1/><V76/><F76/><W131/><G131/><T87/><D87/><U113/><E113/><V17/><F17/><W114/><G114/><T124/><D124/><U60/><E77/><V112/><F112/><W92/><G44/><T27/><D27/><U37/><E68/><V3/><F3/><W5/><G5/><T43/><D43/><U23/><E23/><V12/><F12/><W67/><REACH who="3" step="1"/><G49/><REACH who="3" ten="288,227,235,240" step="2"/><T2/><D2/><U83/><E7/><V96/><F134/><W53/><G53/><T97/><D70/><U35/><E4/><V118/><F118/><W132/><G132/><T33/><D69/><U25/><E52/><V106/><F55/><W71/><G71/><T48/><D48/><U129/><E129/><V31/><F54/><W99/><AGARI ba="2,1" hai="50,51,57,62,67,91,92,93,98,99,103" m="2560" machi="99" ten="40,5200,0" yaku="1,1,0,1,8,1,53,0" doraHai="120,30" doraHaiUra="127,0" who="3" fromWho="3" sc="288,-28,227,-15,235,-15,240,68" /><INIT seed="1,0,0,0,1,50" ten="260,212,220,308" oya="1" hai0="84,73,65,103,39,109,23,7,102,115,20,4,69" hai1="66,74,48,12,85,46,16,38,55,45,2,96,75" hai2="53,117,40,77,79,68,27,31,25,0,126,112,24" hai3="121,17,62,114,87,29,81,132,34,92,111,97,80"/><U33/><E2/><V129/><F0/><W58/><G114/><T82/><D115/><U54/><E33/><V6/><F112/><W3/><G3/><T113/><D113/><U42/><E66/><V22/><F68/><W44/><G121/><T101/><D109/><U19/><E96/><V110/><F6/><N who="0" m="2090" /><D69/><U41/><E85/><V93/><F110/><W119/><G119/><T105/><D39/><U124/><E124/><V90/><F40/><W47/><G81/><T134/><D134/><U128/><E128/><V72/><F129/><W95/><G95/><T1/><D1/><U64/><E64/><V61/><F72/><W135/><G111/><T107/><D73/><U5/><E5/><V28/><F126/><W57/><G29/><N who="2" m="11337" /><F22/><N who="0" m="8234" /><D105/><U26/><E75/><V43/><F43/><W120/><G34/><T10/><D107/><U86/><E74/><V123/><F123/><W63/><G120/><T9/><D65/><U71/><E71/><V100/><F117/><W36/><G36/><T98/><D98/><U14/><E86/><N who="2" m="52439" /><F100/><W15/><G132/><T99/><D99/><U108/><E108/><V83/><F83/><W35/><G35/><T70/><D70/><U8/><E26/><V106/><F106/><W94/><G135/><T18/><D18/><U118/><E118/><V49/><F61/><W30/><G97/><T89/><AGARI ba="0,0" hai="9,10,82,84,89,101,102,103" m="8234,2090" machi="89" ten="30,1100,0" yaku="8,1" doraHai="50" who="0" fromWho="0" sc="260,11,212,-5,220,-3,308,-3" /><INIT seed="2,0,0,4,2,85" ten="271,207,217,305" oya="2" hai0="58,29,130,17,76,68,36,49,110,117,67,33,6" hai1="34,71,11,57,54,47,35,31,42,129,93,39,126" hai2="15,135,104,87,91,13,28,72,124,90,81,52,84" hai3="96,27,134,115,82,111,18,24,86,16,43,109,10"/><V127/><F28/><W108/><G115/><T64/><D17/><U66/><E129/><V73/><F104/><W14/><G134/><T131/><D6/><U120/><E120/><V132/><F81/><W26/><G96/><T50/><D76/><U70/><E126/><V88/><F52/><W105/><G105/><T112/><D33/><U59/><E93/><V78/><F91/><N who="3" m="51671" /><G43/><T92/><D92/><U122/><E122/><V55/><REACH who="2" step="1"/><F55/><REACH who="2" ten="271,207,207,305" step="2"/><W74/><G74/><T53/><D29/><U121/><E121/><V98/><F98/><W116/><G116/><T25/><D117/><U101/><E54/><V83/><F83/><W97/><G97/><T107/><D107/><U20/><E101/><V61/><F61/><W46/><G46/><T69/><D112/><U3/><E47/><V41/><F41/><W99/><G99/><T22/><D36/><U12/><E42/><V45/><F45/><W60/><G60/><T21/><D49/><U30/><E39/><V80/><F80/><W9/><G111/><T106/><D106/><U94/><E94/><V0/><F0/><W75/><G75/><T2/><D2/><U79/><E3/><V5/><F5/><W133/><G109/><T65/><D110/><U38/><E38/><V40/><F40/><W118/><G108/><T102/><D53/><U113/><E113/><V8/><F8/><W37/><G37/><T4/><D50/><U51/><E11/><V62/><F62/><W100/><G118/><T119/><D4/><U7/><E51/><V63/><F63/><W44/><G9/><T89/><D119/><RYUUKYOKU ba="0,1" sc="271,-10,207,-10,207,30,305,-10" hai2="13,15,72,73,78,84,87,88,90,124,127,132,135" /><INIT seed="2,1,1,3,0,112" ten="261,197,237,295" oya="2" hai0="102,124,5,78,23,36,90,81,66,87,12,134,118" hai1="57,121,60,19,94,105,92,67,25,99,79,123,4" hai2="122,133,63,110,28,82,44,29,6,97,17,18,46" hai3="65,41,107,129,43,20,120,109,30,21,89,70,3"/><V39/><F122/><N who="1" m="46601" /><E79/><V74/><F6/><W76/><G3/><T9/><D36/><U1/><E1/><V8/><F39/><W51/><G70/><T68/><D124/><U62/><E4/><V126/><F74/><W34/><G34/><T54/><D134/><U115/><E115/><V114/><F8/><W85/><G107/><T73/><D102/><N who="1" m="62687" /><E62/><V113/><F63/><W38/><G76/><T35/><D35/><U130/><E130/><V13/><F97/><W24/><G129/><T72/><D72/><U33/><E33/><V117/><F126/><W103/><G120/><T116/><D54/><U61/><E61/><V26/><F133/><W71/><G43/><T32/><D32/><U37/><E37/><V127/><F127/><W96/><G51/><T80/><D66/><U55/><E55/><V88/><F114/><W14/><G41/><T128/><D68/><U119/><E19/><V108/><F18/><W95/><G38/><T101/><D128/><U53/><E25/><V50/><F17/><W56/><G71/><T59/><D59/><U45/><E119/><V58/><F26/><W106/><G56/><T111/><D101/><U31/><E31/><V125/><F29/><W131/><G65/><T93/><D111/><U132/><E132/><V100/><F28/><W2/><G109/><T84/><REACH who="0" step="1"/><D23/><REACH who="0" ten="251,197,237,295" step="2"/><U98/><E57/><V83/><F110/><W64/><G64/><T104/><D104/><U16/><E53/><V48/><F58/><W77/><G131/><T10/><D10/><U86/><E67/><V22/><F125/><W40/><G21/><RYUUKYOKU ba="1,2" sc="251,30,197,-10,237,-10,295,-10" hai0="5,9,12,73,78,80,81,84,87,90,93,116,118" /><INIT seed="3,2,2,2,1,106" ten="281,187,227,285" oya="3" hai0="73,123,87,113,32,37,65,96,13,77,5,49,97" hai1="115,18,52,23,105,126,54,9,74,1,110,44,89" hai2="116,83,78,8,131,2,33,60,16,88,36,41,119" hai3="67,122,43,66,12,57,98,99,107,59,95,91,51"/><W120/><G107/><T14/><D123/><U3/><E105/><V10/><F33/><W31/><G120/><T85/><D37/><U56/><E115/><V58/><F2/><W46/><G122/><T17/><D32/><U45/><E126/><V129/><F36/><W71/><G71/><T75/><D65/><U64/><E110/><V92/><F41/><W134/><G134/><T6/><D49/><U90/><E64/><V42/><F42/><W25/><G66/><T135/><D17/><U108/><E108/><V133/><F133/><W39/><G39/><T34/><D34/><U80/><E89/><V84/><F58/><W7/><G98/><T104/><D104/><U101/><E101/><V24/><F60/><W29/><G67/><T112/><D77/><U28/><E28/><V127/><F127/><W61/><G61/><T93/><D93/><U27/><E3/><V100/><F100/><W109/><G109/><T4/><D4/><U81/><E80/><V102/><F102/><W20/><G31/><T0/><D0/><U48/><E54/><V94/><F78/><W68/><G68/><T62/><D62/><U132/><E132/><AGARI ba="2,2" hai="5,6,13,14,73,75,85,87,96,97,112,113,132,135" machi="132" ten="25,6400,0" yaku="22,2,52,2" doraHai="106" who="0" fromWho="1" sc="281,90,187,-70,227,0,285,0" /><INIT seed="4,0,0,5,1,91" ten="371,117,227,285" oya="0" hai0="70,122,123,97,35,129,22,66,9,43,53,5,54" hai1="104,48,3,110,52,92,128,134,44,112,94,61,101" hai2="13,40,11,31,127,98,108,20,71,116,41,10,36" hai3="124,2,120,119,15,38,135,6,69,85,105,87,47"/><T75/><D75/><U39/><E110/><V16/><F71/><W77/><G15/><T62/><D35/><U56/><E3/><V88/><F108/><W78/><G47/><T34/><D34/><U27/><E128/><V103/><F36/><W4/><G6/><T118/><D118/><U49/><E134/><V117/><F127/><W76/><G4/><T12/><D129/><U130/><E130/><V28/><F103/><W59/><G59/><T89/><D43/><N who="2" m="16458" /><F117/><W26/><G26/><T84/><D97/><N who="1" m="59559" /><E39/><V33/><F33/><W23/><G69/><T95/><REACH who="0" step="1"/><D22/><REACH who="0" ten="361,117,227,285" step="2"/><U113/><E104/><V114/><F116/><W46/><G23/><T24/><D24/><U121/><E27/><V86/><F114/><N who="1" m="44137" /><E121/><AGARI ba="0,1" hai="5,9,12,53,54,62,66,70,84,89,95,121,122,123" machi="121" ten="40,3900,0" yaku="1,1,52,1,53,0" doraHai="91" doraHaiUra="73" who="0" fromWho="1" sc="361,49,117,-39,227,0,285,0" /><INIT seed="4,1,0,1,5,9" ten="410,78,227,285" oya="0" hai0="116,79,63,41,67,86,88,74,121,12,83,2,52" hai1="29,58,100,106,34,85,73,62,19,99,10,129,89" hai2="7,69,80,105,3,65,22,39,50,119,57,96,127" hai3="64,66,95,24,55,94,32,46,5,98,93,81,21"/><T23/><D2/><U117/><E117/><V124/><F39/><W108/><G32/><T30/><D116/><U90/><E90/><V20/><F69/><W61/><G108/><T25/><D121/><U27/><E129/><V113/><F119/><W131/><G131/><T6/><D41/><U36/><E36/><V13/><F3/><W45/><G81/><T26/><D26/><U68/><E68/><V118/><F118/><W71/><G5/><T101/><D101/><U17/><E73/><V51/><F80/><W82/><G82/><T1/><D1/><U84/><E85/><V128/><F105/><W18/><G66/><T16/><D6/><U97/><E99/><V111/><F96/><W132/><G132/><T42/><D42/><U135/><E135/><V78/><F78/><W115/><G115/><T70/><D52/><U59/><E59/><V37/><F65/><W76/><G76/><T11/><REACH who="0" step="1"/><D74/><REACH who="0" ten="400,78,227,285" step="2"/><U133/><E133/><V54/><F54/><W44/><G55/><T104/><D104/><U91/><E58/><V120/><F57/><W4/><REACH who="3" step="1"/><G4/><REACH who="3" ten="400,78,227,275" step="2"/><T134/><D134/><U114/><E114/><V72/><F7/><W107/><G107/><T125/><D125/><U126/><E126/><V109/><F113/><W15/><G15/><T130/><D130/><U102/><E106/><V122/><F128/><W35/><G35/><T0/><D0/><U110/><E34/><V43/><F13/><W77/><G77/><AGARI ba="1,2" hai="11,12,16,23,25,30,63,67,70,77,79,83,86,88" machi="77" ten="40,12000,1" yaku="1,1,52,1,54,2,53,1" doraHai="9" doraHaiUra="14" who="0" fromWho="3" sc="400,143,78,0,227,0,275,-123" /><INIT seed="4,2,0,1,5,114" ten="543,78,227,152" oya="0" hai0="90,8,132,71,82,68,87,29,134,77,46,45,85" hai1="73,120,32,123,101,63,5,47,67,24,128,42,116" hai2="133,104,106,113,111,122,125,2,88,109,61,66,83" hai3="112,86,9,43,13,131,22,4,44,39,119,51,94"/><T72/><D29/><N who="1" m="19495" /><E5/><V75/><F2/><W108/><G108/><T76/><D8/><U93/><E93/><V35/><F122/><N who="1" m="46633" /><E128/><V96/><F35/><W118/><G112/><T17/><D17/><U129/><E129/><V64/><F96/><W33/><G33/><T57/><D57/><U60/><E101/><V31/><F61/><W56/><G131/><T58/><D58/><U19/><E19/><V121/><F31/><W20/><G20/><T127/><D90/><U126/><E63/><V27/><F121/><W62/><G22/><T26/><D26/><U34/><E126/><V50/><F27/><W12/><G12/><T103/><D103/><U130/><E130/><V91/><F113/><W18/><G4/><T49/><D49/><U10/><E34/><V70/><F50/><W14/><G14/><T99/><D99/><U21/><E10/><V0/><F125/><W74/><G51/><T80/><REACH who="0" step="1"/><D127/><REACH who="0" ten="533,78,227,152" step="2"/><U23/><E21/><V59/><F88/><W98/><G98/><T95/><D95/><U89/><E23/><V54/><F91/><W135/><G94/><T36/><D36/><N who="1" m="21959" /><E89/><V65/><F59/><W28/><G56/><T84/><D84/><U6/><E6/><V78/><F66/><W41/><G86/><T40/><D40/><U100/><E100/><V11/><F64/><W3/><G43/><T81/><D81/><U107/><E67/><V53/><F83/><W38/><G41/><T115/><D115/><U117/><E60/><V7/><F65/><W30/><G38/><T69/><D69/><U1/><E73/><AGARI ba="2,1" hai="45,46,68,71,72,73,76,77,80,82,85,87,132,134" machi="73" ten="25,4800,0" yaku="1,1,22,2,53,0" doraHai="114" doraHaiUra="37" who="0" fromWho="1" sc="533,64,78,-54,227,0,152,0" /><INIT seed="4,3,0,5,5,120" ten="597,24,227,152" oya="0" hai0="38,77,128,59,110,46,34,106,1,105,114,35,102" hai1="123,57,64,115,98,61,4,126,127,49,75,118,56" hai2="109,85,31,78,50,121,96,40,2,135,51,132,9" hai3="104,83,39,45,30,76,88,130,47,103,111,63,101"/><T93/><D1/><U44/><E75/><V119/><F121/><W100/><G39/><T23/><D114/><U80/><E123/><V22/><F119/><W42/><G42/><T32/><D128/><U66/><E118/><V67/><F67/><W125/><G30/><T10/><D10/><U133/><E4/><N who="2" m="1175" /><F96/><W86/><G47/><T28/><D110/><U7/><E7/><V73/><F73/><W24/><G24/><T81/><D38/><U48/><E80/><N who="2" m="47255" /><F40/><W69/><G45/><T84/><D46/><U6/><E6/><V29/><F109/><W65/><G130/><T122/><D122/><U94/><E115/><V97/><F97/><W116/><G116/><T71/><D71/><U13/><E13/><V108/><F108/><W3/><G3/><T87/><D59/><U134/><E44/><V36/><F36/><W68/><G111/><T89/><REACH who="0" step="1"/><D102/><REACH who="0" ten="587,24,227,152" step="2"/><N who="1" m="60759" /><E57/><V33/><F33/><W12/><G68/><T8/><D8/><U79/><E66/><V72/><F22/><W16/><G101/><T131/><D131/><U91/><E79/><V27/><F72/><W11/><G103/><T14/><D14/><U15/><E91/><V55/><F27/><AGARI ba="3,1" hai="23,27,28,32,34,35,77,81,84,87,89,93,105,106" machi="27" ten="40,3900,0" yaku="1,1,53,1" doraHai="120" doraHaiUra="25" who="0" fromWho="2" sc="587,58,24,0,227,-48,152,0" /><INIT seed="4,4,0,1,3,69" ten="645,24,179,152" oya="0" hai0="92,74,36,77,123,108,84,22,62,27,70,33,11" hai1="25,45,131,67,78,7,48,102,59,95,109,15,46" hai2="64,53,129,5,116,106,40,10,121,132,75,118,86" hai3="126,73,112,29,76,120,115,12,66,51,82,68,103"/><T133/><D123/><U32/><E78/><V38/><F106/><W8/><G120/><T21/><D108/><U111/><E131/><V135/><F75/><W26/><G126/><T50/><D133/><N who="2" m="51274" /><F121/><W96/><G51/><T35/><D74/><U128/><E128/><V125/><F129/><W0/><G12/><T3/><D50/><U60/><E32/><V18/><F18/><W42/><G42/><T55/><D36/><U9/><E25/><V71/><F86/><W119/><G119/><N who="2" m="45609" /><F53/><W4/><G26/><T6/><D22/><U85/><E111/><V37/><F40/><W117/><G29/><T98/><D84/><U13/><E109/><V39/><F125/><W41/><G41/><T97/><D77/><U19/><E102/><V80/><F80/><W16/><G16/><T101/><D98/><U81/><E95/><V43/><F43/><W44/><G117/><T20/><D20/><U122/><E122/><V72/><F72/><W58/><G44/><T113/><D55/><U31/><E31/><V17/><F17/><W89/><G0/><T107/><D107/><U63/><E85/><V130/><F130/><W100/><G73/><T28/><D35/><U49/><E81/><V88/><F88/><W57/><G82/><T79/><D79/><U47/><REACH who="1" step="1"/><E60/><REACH who="1" ten="645,14,179,152" step="2"/><N who="2" m="40327" /><F39/><W90/><G76/><T124/><D124/><U105/><E105/><V54/><F38/><W104/><G104/><T2/><D33/><U94/><E94/><V99/><F37/><W114/><G90/><T14/><D113/><N who="3" m="43625" /><G89/><T65/><AGARI ba="4,1" hai="2,3,6,11,14,21,27,28,62,65,70,92,97,101" machi="65" ten="30,1500,0" yaku="0,1" doraHai="69" who="0" fromWho="0" sc="645,37,14,-9,179,-9,152,-9" /><INIT seed="4,5,0,0,4,55" ten="682,5,170,143" oya="0" hai0="105,114,128,32,83,82,106,14,75,49,43,24,100" hai1="119,85,17,66,107,62,72,120,58,132,96,103,126" hai2="45,110,12,19,90,78,131,71,50,56,134,57,44" hai3="81,52,36,34,125,51,92,68,4,23,124,121,60"/><T6/><D114/><U95/><E120/><V25/><F71/><W133/><G34/><T116/><D116/><U7/><E119/><V47/><F110/><W93/><G36/><T104/><D128/><U80/><E126/><V11/><F131/><W61/><G121/><T88/><D100/><U97/><E132/><V18/><F134/><W113/><G133/><T39/><D39/><U59/><E7/><V5/><F78/><W69/><G113/><T54/><D43/><U64/><E17/><N who="2" m="6155" /><F25/><W118/><G118/><T76/><D32/><U102/><E72/><V73/><F73/><W42/><G42/><T89/><D24/><U46/><E46/><N who="2" m="18027" /><F90/><W3/><G4/><T31/><D31/><U115/><E115/><V21/><F21/><W101/><G3/><T37/><D37/><U109/><E109/><V87/><F87/><W99/><G23/><T94/><D83/><U63/><E85/><V77/><F77/><W111/><G81/><AGARI ba="5,0" hai="58,59,62,63,64,66,80,81,95,96,97,102,103,107" machi="81" ten="40,5200,0" yaku="9,1,52,2" doraHai="55" who="1" fromWho="3" sc="682,0,5,67,170,0,143,-67" /><INIT seed="5,0,0,2,2,86" ten="682,72,170,76" oya="1" hai0="8,95,134,13,12,83,27,124,119,78,109,72,62" hai1="26,130,116,131,90,36,17,92,37,111,14,71,1" hai2="81,91,115,103,28,123,0,54,74,70,108,44,80" hai3="63,97,135,93,129,9,19,22,68,120,76,107,2"/><U46/><E116/><V101/><F70/><W24/><G120/><T50/><D109/><U58/><E71/><V82/><F108/><W48/><G107/><T85/><D119/><U61/><E1/><V32/><F123/><W43/><G129/><N who="1" m="49162" /><E111/><V15/><F0/><W122/><G135/><T118/><D134/><U11/><E26/><V38/><F74/><W69/><G122/><T10/><D124/><U57/><E46/><V88/><F32/><W6/><G76/><T5/><D118/><U98/><E58/><V121/><F28/><W47/><REACH who="3" step="1"/><G63/><REACH who="3" ten="682,72,170,66" step="2"/><T125/><D62/><U105/><E105/><V25/><F121/><W31/><G31/><T75/><D125/><U128/><N who="1" m="49170" /><U110/><DORA hai="55" /><E110/><V106/><F106/><W84/><G84/><T112/><D85/><U41/><E41/><V66/><F38/><W53/><G53/><AGARI ba="0,1" hai="11,14,17,36,37,53,57,61,90,92,98" m="49170" machi="53" ten="40,7700,0" yaku="19,1,52,2" doraHai="86,55" who="1" fromWho="3" sc="682,0,72,87,170,0,66,-77" owari="682,78.0,159,-24.0,170,-3.0,-11,-51.0" /></mjloggm>