<mjloggm ver="2.3"><GO type="97" lobby="0"/><UN n0="%E2%98%86%E3%82%B7%E3%83%A3%E3%83%81%E3%83%8F%E3%82%B2%CE%B2%E2%98%86" n1="%E3%81%8D%E3%82%89%E3%82%81%E3%81%8F%E3%83%91%E3%83%B3%E3%82%B8%E3%83%BC" n2="%E3%82%A6%E3%83%AB%E3%83%88%E3%83%A9%E7%AB%8B%E7%9B%B4" n3="%E5%8E%9F%E6%9D%91%E3%81%AE%E3%81%A9%E3%81%A3%E3%81%A1" dan="15,15,15,14" rate="1961.26,2086.97,2021.96,1921.03" sx="F,M,M,M"/><TAIKYOKU oya="0"/><INIT seed="0,0,0,2,0,22" ten="250,250,250,250" oya="0" hai0="25,112,105,130,45,95,32,83,123,66,17,34,125" hai1="72,133,7,73,52,89,115,69,119,82,122,134,43" hai2="97,51,9,6,44,84,85,38,8,61,31,108,121" hai3="114,90,100,33,59,60,0,26,70,106,11,16,113"/><T91/><D123/><U131/><E69/><V56/><F38/><W135/><G90/><T54/><D125/><U109/><E122/><V120/><F108/><W116/><G116/><T41/><D112/><U96/><E119/><V28/><F97/><N who="3" m="61711" /><G59/><T63/><D130/><U87/><E43/><V39/><F39/><W102/><G102/><T128/><D105/><U129/><E7/><V68/><F68/><W42/><G42/><T77/><D128/><N who="1" m="49227" /><E52/><N who="2" m="29799" /><F120/><W48/><G48/><N who="0" m="28943" /><D41/><U111/><E115/><V3/><F3/><W27/><G114/><T13/><D32/><U47/><E47/><V20/><F121/><W15/><G0/><T103/><D34/><U40/><E40/><V50/><F50/><W1/><G1/><T94/><D103/><U110/><E96/><V49/><F49/><W58/><G113/><T78/><D63/><U19/><E19/><V93/><F6/><W4/><G4/><T81/><D66/><U74/><AGARI ba="0,0" hai="72,73,74,82,87,89,109,110,111,133,134" m="49227" machi="74" ten="50,8000,1" yaku="14,1,19,1,34,2" doraHai="22" who="1" fromWho="1" sc="250,-40,250,80,250,-20,250,-20" /><INIT seed="1,0,0,2,3,40" ten="210,330,230,230" oya="1" hai0="124,102,51,34,126,100,72,31,23,11,26,21,106" hai1="29,2,20,49,62,130,95,19,13,57,120,36,41" hai2="6,42,92,97,70,113,5,53,114,1,91,99,85" hai3="55,83,33,18,15,52,76,125,110,48,123,108,82"/><U16/><E120/><V58/><F70/><W68/><G33/><T60/><D72/><U134/><E36/><V64/><F64/><W135/><G68/><T104/><D60/><U66/><E2/><V35/><F35/><W47/><G123/><T94/><D11/><U90/><E134/><V3/><F42/><W117/><G135/><T65/><D65/><U81/><E130/><V107/><F85/><W79/><G117/><T74/><D74/><U43/><E81/><V121/><F121/><W38/><G38/><T54/><D34/><U45/><E29/><V101/><F3/><W77/><G125/><N who="0" m="48235" /><D21/><U4/><E4/><V61/><REACH who="2" step="1"/><F1/><REACH who="2" ten="210,330,220,230" step="2"/><W78/><G110/><T119/><D119/><U133/><E43/><V128/><F128/><W84/><G108/><T28/><D28/><U71/><E71/><V80/><F80/><W105/><G82/><T67/><D67/><U7/><E66/><V39/><F39/><W56/><G105/><N who="0" m="40555" /><D94/><U0/><E95/><V73/><F73/><W96/><G96/><T24/><D24/><U50/><E0/><V9/><F9/><N who="3" m="6511" /><G76/><T37/><D37/><U69/><E69/><V27/><F27/><W22/><G77/><T98/><D98/><U103/><E41/><V75/><F75/><W44/><G78/><T131/><D131/><U63/><E133/><V14/><F14/><W122/><G122/><T111/><D111/><U46/><E13/><V109/><F109/><W89/><G79/><T127/><D127/><U93/><E20/><V112/><AGARI ba="0,1" hai="5,6,53,58,61,91,92,97,99,101,107,112,113,114" machi="112" ten="30,4000,0" yaku="1,1,0,1,11,1,53,0" doraHai="40" doraHaiUra="115" who="2" fromWho="2" sc="210,-10,330,-20,220,50,230,-10" /><INIT seed="2,0,0,2,3,91" ten="200,310,270,220" oya="2" hai0="102,125,99,29,93,128,47,117,41,71,14,2,4" hai1="106,33,135,113,1,50,103,36,126,6,8,46,0" hai2="30,92,101,13,104,97,44,55,75,80,85,84,22" hai3="24,115,109,69,122,131,51,26,134,76,45,28,74"/><V11/><F75/><W100/><G26/><T39/><D117/><U118/><E118/><V58/><F44/><W72/><G122/><T123/><D123/><U35/><E113/><V124/><F124/><W16/><G69/><T19/><D125/><U96/><E126/><V60/><F104/><W130/><G115/><T133/><D128/><U116/><E116/><V49/><F60/><W54/><G134/><T61/><D133/><U3/><E135/><V127/><F127/><W132/><G132/><T23/><D29/><U10/><E10/><V87/><F30/><W67/><G67/><T121/><D121/><U120/><E120/><V27/><F22/><N who="3" m="13383" /><G28/><T110/><D110/><U20/><E20/><V82/><REACH who="2" step="1"/><F27/><REACH who="2" ten="200,310,260,220" step="2"/><W18/><G109/><T57/><D71/><U25/><E25/><V32/><F32/><W12/><G74/><T89/><D2/><U52/><E35/><V7/><AGARI ba="0,1" hai="7,11,13,49,55,58,80,82,84,85,87,92,97,101" machi="7" ten="30,11700,0" yaku="1,1,0,1,8,1,52,1,53,0" doraHai="91" doraHaiUra="64" who="2" fromWho="2" sc="200,-39,310,-39,260,127,220,-39" /><INIT seed="2,1,0,4,0,57" ten="161,271,387,181" oya="2" hai0="43,63,39,105,89,38,42,4,73,33,36,13,30" hai1="44,59,60,84,119,62,14,76,9,46,77,134,27" hai2="116,10,114,35,54,2,106,79,74,25,67,129,118" hai3="94,56,78,69,3,127,113,122,101,109,98,41,50"/><V107/><F54/><N who="3" m="31831" /><G3/><T130/><D105/><U100/><E119/><V65/><F65/><W45/><G122/><T71/><D73/><U86/><E134/><V112/><F67/><W87/><G113/><T0/><D0/><U15/><E100/><V58/><F58/><W20/><G127/><T91/><D130/><U12/><E27/><V19/><F19/><W92/><G109/><T83/><D83/><U72/><E72/><V26/><F129/><W123/><G69/><T61/><D71/><U16/><E84/><V99/><F26/><W29/><G123/><T120/><D120/><U102/><E102/><V90/><F90/><N who="0" m="34314" /><D33/><U21/><E86/><V132/><F132/><W64/><G64/><T34/><D34/><U104/><E104/><V70/><F70/><W95/><G29/><T1/><D30/><U108/><E108/><V22/><F106/><W97/><G20/><T24/><D1/><U88/><E88/><V85/><F22/><W6/><G6/><T51/><D24/><N who="1" m="14375" /><E9/><V31/><F85/><W49/><G101/><T75/><D75/><U23/><E23/><V48/><F99/><W40/><G41/><T66/><D43/><U47/><E59/><V68/><F107/><W103/><G103/><T55/><D42/><U17/><E17/><V135/><F114/><W11/><G11/><N who="0" m="4327" /><D66/><U131/><E131/><V115/><F112/><W96/><G78/><AGARI ba="1,0" hai="12,14,15,44,46,47,60,62,76,77,78" m="14375" machi="78" ten="30,7700,0" yaku="8,1,52,2,54,1" doraHai="57" who="1" fromWho="3" sc="161,0,271,80,387,0,181,-80" /><INIT seed="3,0,0,0,1,45" ten="161,351,387,101" oya="3" hai0="131,44,113,76,0,26,34,2,90,79,111,73,62" hai1="89,59,50,94,70,74,14,41,134,21,19,84,4" hai2="17,1,55,88,87,28,75,16,125,66,117,93,86" hai3="102,132,15,18,114,23,124,118,83,123,33,51,100"/><W60/><G33/><T47/><D113/><U52/><E70/><V108/><F75/><W57/><G123/><T69/><D131/><U48/><E74/><V98/><F1/><W32/><G32/><T133/><D133/><U121/><E121/><V67/><F117/><W12/><G118/><T109/><D90/><U85/><E134/><V77/><F108/><N who="0" m="41546" /><D73/><U38/><E38/><V92/><F28/><W30/><G132/><T46/><D26/><U72/><E72/><V120/><F125/><W112/><G124/><T13/><D34/><U29/><E29/><V106/><F106/><W119/><G119/><T126/><D126/><U54/><E4/><V3/><F3/><N who="0" m="1066" /><D13/><U53/><E85/><N who="2" m="32267" /><F93/><W65/><G30/><T20/><D20/><U39/><E39/><V56/><F77/><N who="0" m="29770" /><D62/><U6/><E6/><V122/><F120/><W128/><G128/><T58/><D58/><N who="1" m="33031" /><E41/><V96/><F96/><W97/><G114/><T80/><D80/><U116/><E116/><V63/><F122/><W135/><G135/><T127/><D127/><U31/><E31/><V8/><F8/><W27/><G112/><T115/><D115/><U91/><E91/><V68/><F68/><AGARI ba="0,0" hai="44,46,47,68,69" m="29770,1066,41546" machi="68" ten="40,5200,0" yaku="28,2,14,1" doraHai="45" who="0" fromWho="2" sc="161,52,351,0,387,-52,101,0" owari="213,-19.0,351,45.0,335,14.0,101,-40.0" /></mjloggm>