<mjloggm ver="2.3"><GO type="41" lobby="0"/><UN n0="%E3%81%B2%E3%81%BE%E3%81%98%E3%82%93%EF%BC%A5%EF%BC%B8" n1="%E8%A6%8B%E7%BF%92%E3%81%84%E3%82%A6%E3%82%B5%E3%82%AE" n2="%E3%82%A6%E3%83%AB%E3%83%88%E3%83%A9%E7%AB%8B%E7%9B%B4" n3="%E9%80%9F%E6%B0%B4%E6%9D%A5%E5%A4%A2" dan="15,14,16,13" rate="1925.36,1878.87,2060.95,1831.20" sx="F,M,M,M"/><TAIKYOKU oya="0"/><INIT seed="0,0,0,3,4,57" ten="250,250,250,250" oya="0" hai0="72,98,116,60,82,69,10,50,70,126,135,105,14" hai1="107,76,15,128,78,91,120,59,17,101,55,88,94" hai2="24,28,1,8,48,119,45,127,39,37,87,130,115" hai3="33,0,22,6,102,96,26,7,92,66,124,31,47"/><T41/><D116/><U109/><E120/><V65/><F115/><W34/><G124/><T40/><D126/><U25/><E109/><V104/><F127/><W118/><G118/><T54/><D135/><U12/><E128/><V123/><F119/><W62/><G47/><T106/><D70/><U21/><E107/><V61/><F123/><W27/><G0/><T53/><D105/><U2/><E2/><V3/><F130/><W18/><REACH who="3" step="1"/><G34/><REACH who="3" ten="250,250,250,240" step="2"/><T42/><D40/><U133/><E133/><V93/><F3/><W114/><G114/><T36/><D41/><U63/><E76/><V99/><F1/><W77/><G77/><T95/><D42/><U131/><E78/><V132/><F132/><W122/><G122/><T89/><D36/><U44/><E44/><V38/><F38/><W68/><AGARI ba="0,1" hai="6,7,18,22,26,27,31,33,62,66,68,92,96,102" machi="68" ten="20,5200,0" yaku="1,1,0,1,7,1,52,1,53,0" doraHai="57" doraHaiUra="32" who="3" fromWho="3" sc="250,-26,250,-13,250,-13,240,62" /><INIT seed="1,0,0,3,5,22" ten="224,237,237,302" oya="1" hai0="91,121,111,39,127,109,93,130,98,100,35,135,108" hai1="90,62,56,133,72,42,70,7,38,99,66,119,16" hai2="49,105,88,25,74,41,94,61,85,120,97,126,11" hai3="117,31,24,112,21,68,58,1,69,40,78,101,106"/><U81/><E119/><V96/><F74/><W115/><G117/><T29/><D39/><U15/><E133/><V134/><F120/><W48/><G1/><T55/><D135/><U50/><E7/><V23/><F134/><W71/><G78/><T43/><D43/><U54/><E38/><V107/><F126/><W79/><G79/><T92/><D127/><U19/><E42/><V53/><F105/><W114/><G101/><T47/><D130/><U67/><E72/><V87/><F107/><W125/><G125/><T8/><D8/><U44/><E19/><V104/><F104/><W77/><G77/><T128/><D128/><U27/><E27/><V10/><F61/><W86/><G106/><T17/><D17/><U95/><E70/><V30/><F41/><W110/><G110/><T116/><D116/><U83/><REACH who="1" step="1"/><E66/><REACH who="1" ten="224,227,237,302" step="2"/><V2/><F2/><W123/><G123/><T129/><D121/><U51/><E51/><V63/><F63/><W45/><G114/><T122/><D122/><U46/><E46/><V34/><F34/><W36/><G115/><T18/><D18/><U84/><E84/><V14/><F87/><W4/><G4/><T131/><D35/><U26/><E26/><V3/><F3/><W124/><G124/><T113/><D113/><U6/><E6/><V28/><F28/><W9/><G112/><T65/><D29/><U118/><E118/><V64/><F64/><W13/><G86/><N who="0" m="52343" /><D65/><U59/><E59/><N who="2" m="33199" /><F14/><W20/><G58/><T76/><D129/><U32/><E32/><V57/><F57/><W80/><G36/><T12/><D131/><RYUUKYOKU ba="0,1" sc="224,-15,227,15,237,15,302,-15" hai1="15,16,44,50,54,56,62,67,81,83,90,95,99" hai2="10,11,23,25,30,85,88,94,96,97" /><INIT seed="1,1,1,4,0,123" ten="209,242,252,287" oya="1" hai0="1,133,108,23,30,112,11,26,65,49,32,93,68" hai1="24,41,106,115,126,125,122,43,62,116,98,129,47" hai2="63,54,127,16,78,28,117,44,2,69,128,51,100" hai3="134,8,0,71,59,35,121,99,107,10,113,46,3"/><U50/><E122/><V109/><F2/><W13/><G134/><T42/><D112/><U6/><E6/><V53/><F28/><W36/><G113/><T4/><D133/><U97/><E115/><V60/><F100/><W119/><G71/><T29/><D93/><U48/><E24/><V45/><F78/><W94/><G107/><T66/><D68/><U110/><E106/><V25/><F25/><W83/><G35/><T81/><D81/><U9/><E9/><V82/><F82/><W86/><G121/><T67/><D108/><U84/><E84/><V90/><F90/><W55/><G119/><T72/><D72/><U64/><E116/><V58/><F16/><W39/><G39/><T70/><D70/><N who="1" m="42263" /><E110/><V79/><F79/><W21/><G0/><T114/><D114/><U118/><E118/><V52/><F117/><W57/><G3/><T38/><D30/><U103/><E103/><V104/><F104/><W5/><G10/><T102/><D102/><U76/><E76/><V135/><F109/><W124/><G21/><T7/><D23/><U91/><E91/><V111/><F111/><W34/><G34/><T132/><D4/><U88/><E88/><V15/><F15/><W31/><G31/><T20/><D132/><U130/><E97/><V95/><F95/><W33/><G94/><T89/><D89/><U19/><E98/><V96/><F96/><W87/><G99/><T40/><D20/><U80/><E19/><V18/><F18/><W101/><G86/><T27/><D32/><U77/><E80/><V73/><F135/><W75/><G83/><RYUUKYOKU ba="1,1" sc="209,0,242,0,252,0,287,0" /><INIT seed="2,2,1,0,5,37" ten="209,242,252,287" oya="2" hai0="56,63,76,121,53,1,52,15,23,99,114,75,69" hai1="50,58,17,97,45,129,26,118,47,127,103,41,80" hai2="62,104,57,20,6,81,123,91,124,10,46,88,116" hai3="100,74,5,11,102,60,16,115,49,36,66,4,131"/><V2/><F123/><W18/><G131/><T83/><D1/><U85/><E129/><V95/><F104/><W7/><G74/><T65/><D121/><U8/><E118/><V77/><F116/><W119/><G119/><T87/><D114/><U48/><E127/><V112/><F124/><W31/><G36/><T14/><D99/><U0/><E58/><V109/><F112/><W68/><G115/><T30/><D53/><U59/><E59/><V134/><F134/><W111/><G111/><T71/><D71/><U125/><E125/><V108/><F20/><W28/><G49/><T105/><D105/><U27/><E0/><V24/><F24/><W32/><G32/><T55/><D55/><U40/><E17/><V110/><F95/><W39/><G39/><T82/><D23/><U90/><E8/><V79/><F46/><W35/><G35/><T73/><D73/><U67/><E67/><N who="2" m="39375" /><F77/><W117/><G117/><T64/><D30/><U78/><E78/><V21/><F21/><W132/><G132/><T120/><D120/><U51/><E50/><V106/><F106/><AGARI ba="2,1" hai="26,27,40,41,45,47,48,51,80,85,90,97,103,106" machi="106" ten="30,7700,0" yaku="7,1,9,1,52,2" doraHai="37" who="1" fromWho="2" sc="209,0,242,93,252,-83,287,0" /><INIT seed="3,0,0,1,1,85" ten="209,335,169,287" oya="3" hai0="77,60,112,71,28,121,36,66,15,5,56,50,80" hai1="95,44,96,70,100,38,58,68,32,67,79,41,118" hai2="101,65,30,39,78,102,23,87,47,31,13,84,37" hai3="0,18,116,26,111,51,35,40,43,45,63,114,33"/><W62/><G116/><T74/><D121/><U94/><E118/><V128/><F78/><W107/><G114/><T16/><D112/><U130/><E32/><V53/><F47/><W20/><G107/><T132/><D36/><U103/><E79/><V92/><F23/><W120/><G120/><T135/><D28/><U17/><E130/><V98/><F13/><W99/><G0/><T57/><D5/><U42/><E41/><V88/><F128/><W124/><G124/><T83/><D83/><U2/><E2/><V129/><F129/><W64/><G111/><T123/><D123/><U55/><E17/><V72/><F65/><W46/><G99/><T76/><D76/><U104/><E67/><V93/><F98/><W113/><G113/><T7/><D7/><U49/><E103/><V133/><F53/><W82/><G82/><T105/><D105/><U86/><REACH who="1" step="1"/><E104/><REACH who="1" ten="209,325,169,287" step="2"/><V10/><F10/><W110/><G110/><T108/><D108/><U117/><E117/><V115/><F115/><W22/><G64/><T54/><D132/><U126/><E126/><V4/><F4/><W52/><G35/><T25/><D135/><U14/><E14/><V11/><F11/><W81/><G33/><T1/><D1/><U131/><E131/><V91/><REACH who="2" step="1"/><F133/><REACH who="2" ten="209,325,159,287" step="2"/><W48/><G40/><T134/><D134/><U6/><E6/><V75/><AGARI ba="0,2" hai="30,31,37,39,72,75,84,87,88,91,92,93,101,102" machi="75" ten="25,16000,3" yaku="1,1,2,1,0,1,22,2,52,2,54,1,53,2" doraHai="85" doraHaiUra="106" who="2" fromWho="2" sc="209,-40,325,-40,159,180,287,-80" /><INIT seed="4,0,0,4,4,114" ten="169,285,339,207" oya="0" hai0="20,55,53,21,108,72,31,38,0,121,71,104,119" hai1="117,130,58,28,45,52,123,109,118,67,77,97,128" hai2="62,132,60,47,26,14,124,57,13,50,80,100,125" hai3="86,3,69,2,23,89,93,135,129,131,110,25,10"/><T88/><D121/><U16/><E123/><V92/><F132/><W40/><G110/><T15/><D0/><U94/><E109/><V65/><F26/><W84/><G135/><T30/><D108/><U115/><E115/><V134/><F134/><W54/><G69/><T33/><D33/><U127/><E28/><V78/><F62/><W73/><G73/><T83/><D38/><U82/><E127/><V76/><F76/><W87/><G40/><T35/><D35/><U105/><E105/><V81/><F81/><W46/><G10/><T70/><D15/><U116/><E16/><V18/><F18/><W98/><G46/><T34/><D34/><U120/><E67/><V79/><F79/><W64/><G64/><T4/><D4/><U111/><E45/><V49/><F49/><W41/><G54/><T102/><D104/><U61/><E111/><V59/><F59/><W66/><G66/><T126/><D102/><U68/><E68/><V32/><F32/><W11/><G41/><T17/><D17/><U19/><E19/><V22/><F22/><W36/><G36/><T107/><D107/><U37/><E37/><V122/><F122/><W9/><G9/><T101/><D101/><U5/><E5/><V48/><F48/><W90/><G11/><T85/><D126/><U75/><REACH who="1" step="1"/><E120/><REACH who="1" ten="169,275,339,207" step="2"/><V29/><F29/><W106/><G106/><T99/><D30/><U43/><E43/><N who="2" m="24959" /><F125/><W96/><G23/><T63/><D20/><U56/><E56/><V113/><F124/><W27/><G25/><T42/><D21/><U74/><E74/><N who="2" m="43095" /><F113/><W91/><G27/><RYUUKYOKU ba="0,1" sc="169,-15,275,15,339,15,207,-15" hai1="52,58,61,75,77,82,94,97,116,117,118,128,130" hai2="13,14,57,60,65,92,100" /><INIT seed="5,1,1,4,1,52" ten="154,290,354,192" oya="1" hai0="14,120,43,134,101,47,17,102,62,126,106,22,77" hai1="72,54,100,85,36,49,50,135,123,86,11,48,113" hai2="23,117,6,76,37,115,84,45,35,24,53,96,41" hai3="74,40,94,20,81,78,133,21,25,71,88,97,92"/><U69/><E72/><V51/><F35/><W132/><G71/><T114/><D114/><U19/><E113/><V38/><F117/><W73/><G40/><T95/><D106/><U93/><E36/><V130/><F115/><W129/><G21/><T111/><D111/><U13/><E69/><V30/><F130/><W31/><G129/><T63/><D126/><U29/><E135/><N who="3" m="51786" /><G31/><T65/><D134/><U127/><E123/><V89/><F6/><W55/><G55/><T66/><D77/><U59/><E127/><V7/><F7/><W32/><G20/><T9/><D22/><U0/><E0/><V26/><F26/><W128/><G128/><T104/><D104/><U116/><E116/><V70/><F70/><W64/><G64/><N who="0" m="24683" /><D120/><U131/><E29/><V58/><F76/><N who="3" m="44175" /><G25/><T98/><D102/><U61/><E131/><V10/><F10/><W3/><G3/><T108/><D108/><U125/><E125/><V16/><F30/><W80/><G32/><T27/><D27/><U34/><E34/><V122/><F122/><W5/><G5/><T67/><N who="0" m="24691" /><T112/><DORA hai="99" /><D112/><U87/><REACH who="1" step="1"/><E100/><REACH who="1" ten="154,280,354,192" step="2"/><V28/><F28/><W2/><G2/><T109/><D109/><U15/><E15/><V118/><F118/><W121/><G121/><T124/><D124/><U46/><E46/><V103/><F38/><W90/><G94/><AGARI ba="1,2" hai="11,13,19,48,49,50,54,59,61,85,86,87,93,94" machi="94" ten="40,18000,2" yaku="1,1,8,1,52,1,53,3" doraHai="52,99" doraHaiUra="44,60" who="1" fromWho="3" sc="154,0,280,203,354,0,192,-183" /><INIT seed="5,2,0,4,1,118" ten="154,483,354,9" oya="1" hai0="87,16,128,38,45,3,50,35,116,5,132,125,72" hai1="37,84,108,48,96,91,124,71,62,40,6,21,22" hai2="97,54,59,28,126,63,70,107,1,33,49,61,17" hai3="80,26,90,36,112,94,135,75,79,82,95,60,78"/><U51/><E124/><V68/><F1/><W58/><G36/><T57/><D116/><U102/><E108/><V25/><F126/><W29/><G135/><T92/><D72/><U81/><E37/><V44/><F17/><W127/><G127/><T103/><D132/><U13/><E71/><V31/><F31/><W121/><G112/><T74/><D74/><U34/><E62/><V99/><F99/><W129/><G129/><T39/><D35/><U20/><E40/><V109/><F109/><W114/><G114/><T56/><D128/><U85/><E34/><V9/><F9/><W10/><G10/><T69/><D3/><U53/><E53/><V12/><F12/><W115/><G115/><T104/><D69/><U30/><E85/><V89/><F63/><W11/><G11/><T41/><D104/><U8/><REACH who="1" step="1"/><E30/><REACH who="1" ten="154,473,354,9" step="2"/><V134/><F134/><W52/><G121/><T14/><D38/><U55/><E55/><V98/><F70/><W123/><G123/><T83/><D39/><U106/><AGARI ba="2,1" hai="6,8,13,20,21,22,48,51,81,84,91,96,102,106" machi="106" ten="30,6000,0" yaku="1,1,0,1,53,1" doraHai="118" doraHaiUra="76" who="1" fromWho="1" sc="154,-22,473,76,354,-22,9,-22" owari="132,-27.0,549,65.0,332,13.0,-13,-51.0" /></mjloggm>