<mjloggm ver="2.3"><GO type="97" lobby="0"/><UN n0="%39%30%2D%74%61%6D" n1="%4B%61%72%6C%5F%49%56%2E" n2="%61%70%70%72%6F%61%63%68" n3="%E3%82%A6%E3%83%AB%E3%83%88%E3%83%A9%E7%AB%8B%E7%9B%B4" dan="15,13,14,16" rate="2031.09,1865.96,1857.94,2008.21" sx="M,M,M,M"/><TAIKYOKU oya="0"/><INIT seed="0,0,0,4,3,98" ten="250,250,250,250" oya="0" hai0="11,27,6,1,54,65,53,37,49,92,18,109,128" hai1="5,79,14,3,35,2,21,8,68,81,135,134,40" hai2="129,63,114,96,29,47,28,88,89,106,110,71,32" hai3="113,22,82,111,44,117,104,25,78,124,34,77,91"/><T83/><D37/><U39/><E68/><V118/><F114/><W52/><G34/><T31/><D128/><U56/><E56/><V80/><F129/><W93/><G104/><T84/><D65/><U41/><E40/><V67/><F29/><W122/><G117/><T123/><D123/><U101/><E101/><N who="2" m="62759" /><F118/><W30/><G124/><T59/><D18/><U33/><E21/><V50/><F80/><W61/><G111/><T20/><D109/><U19/><E19/><V87/><F87/><W42/><G82/><T85/><D92/><U58/><E58/><V38/><F38/><W48/><G113/><T60/><REACH who="0" step="1"/><D83/><REACH who="0" ten="240,250,250,250" step="2"/><U26/><E81/><V95/><F95/><W10/><G122/><T90/><D90/><U69/><E39/><V15/><F110/><W4/><G91/><T116/><D116/><U130/><E130/><V64/><F64/><W102/><G93/><T99/><D99/><U126/><E126/><V119/><F119/><W46/><G102/><T107/><D107/><U75/><E75/><V133/><F89/><W103/><G103/><T57/><AGARI ba="0,1" hai="1,6,11,20,27,31,49,53,54,57,59,60,84,85" machi="57" ten="20,3900,0" yaku="1,1,0,1,7,1,53,0" doraHai="98" doraHaiUra="132" who="0" fromWho="0" sc="240,49,250,-13,250,-13,250,-13" /><INIT seed="0,1,0,0,2,4" ten="289,237,237,237" oya="0" hai0="42,125,38,45,78,3,39,128,48,84,79,37,119" hai1="67,71,113,60,74,49,16,80,31,56,115,5,103" hai2="1,54,116,108,36,88,96,33,124,87,58,120,118" hai3="90,17,26,73,14,107,95,9,51,47,50,127,97"/><T121/><D119/><N who="2" m="45610" /><F33/><W69/><G73/><T27/><D121/><U6/><E103/><V23/><F120/><W117/><G117/><T100/><D125/><U112/><E31/><V11/><F124/><W29/><G69/><T35/><D128/><U12/><E74/><V10/><F1/><W59/><G107/><T44/><D100/><U101/><E80/><V24/><F36/><W64/><G127/><T62/><D3/><U32/><E101/><V135/><F96/><W93/><G93/><T57/><D27/><U65/><E32/><V25/><F108/><W81/><G81/><T85/><D35/><U46/><E67/><V72/><F72/><W130/><G130/><T52/><D84/><U104/><E104/><V66/><F66/><W41/><G64/><T55/><D85/><U106/><E106/><V15/><F15/><W114/><G114/><T102/><REACH who="0" step="1"/><D102/><REACH who="0" ten="279,237,237,237" step="2"/><U43/><E71/><V30/><F25/><W18/><G26/><T131/><D131/><U68/><E68/><V82/><F135/><W21/><G29/><T83/><D83/><U13/><E13/><V22/><F22/><AGARI ba="1,1" hai="5,6,12,16,22,43,46,49,56,60,65,112,113,115" machi="22" ten="40,2600,0" yaku="11,1,54,1" doraHai="4" who="1" fromWho="2" sc="279,0,237,39,237,-29,237,0" /><INIT seed="1,0,0,0,2,41" ten="279,276,208,237" oya="1" hai0="15,32,3,73,127,53,37,28,27,36,52,45,83" hai1="89,85,11,103,117,9,69,51,5,70,107,80,76" hai2="98,58,110,43,38,77,88,71,62,75,57,126,104" hai3="12,114,120,67,22,66,13,40,96,122,50,106,125"/><U35/><E117/><V68/><F75/><W102/><G114/><T23/><D127/><U21/><E35/><V95/><F77/><W92/><G125/><T39/><D3/><U64/><E21/><V91/><F126/><W19/><G106/><T82/><D73/><U24/><E24/><V65/><F104/><W55/><G40/><T20/><D32/><U124/><E124/><V56/><F110/><W47/><REACH who="3" step="1"/><G13/><REACH who="3" ten="279,276,208,227" step="2"/><T48/><D15/><U2/><E11/><V31/><F31/><W118/><G118/><T119/><D119/><U79/><E107/><V115/><F115/><W129/><G129/><T123/><D123/><AGARI ba="0,1" hai="12,19,22,47,50,55,66,67,92,96,102,120,122,123" machi="123" ten="40,2600,0" yaku="1,1,52,1,53,0" doraHai="41" doraHaiUra="7" who="3" fromWho="0" sc="279,-26,276,0,208,0,227,36" /><INIT seed="2,0,0,5,3,95" ten="253,276,208,263" oya="2" hai0="69,83,35,92,135,43,34,33,87,7,14,2,127" hai1="112,23,86,52,47,9,130,85,20,26,68,64,76" hai2="128,122,56,114,41,94,101,38,61,36,113,25,1" hai3="40,27,91,6,126,110,29,133,118,67,54,132,121"/><V60/><F122/><W66/><G121/><T18/><D69/><U5/><E112/><V8/><F114/><W46/><G118/><T82/><D135/><U71/><E68/><V11/><F113/><W51/><G126/><T4/><D127/><U73/><E130/><V39/><F41/><W21/><G110/><T89/><D43/><U59/><E71/><V17/><F1/><W134/><G6/><T80/><REACH who="0" step="1"/><D2/><REACH who="0" ten="243,276,208,263" step="2"/><U55/><E73/><V108/><F108/><W84/><G40/><T131/><D131/><U116/><BYE who="0" /><E116/><V111/><F128/><W19/><G19/><T77/><D77/><U63/><E47/><V115/><F111/><W109/><G109/><T50/><D50/><U78/><E76/><V107/><F107/><W3/><G3/><T30/><D30/><N who="1" m="17735" /><E23/><V15/><F115/><W117/><REACH who="3" step="1"/><G117/><REACH who="3" ten="243,276,208,253" step="2"/><T106/><D106/><U88/><E78/><V13/><F39/><W99/><G99/><T79/><D79/><U123/><E5/><V37/><F38/><W125/><G125/><T98/><D98/><U74/><E123/><UN n0="%39%30%2D%74%61%6D" /><V119/><F119/><W75/><G75/><T72/><D72/><U42/><E74/><V62/><F37/><W97/><G97/><T32/><N who="0" m="8704" /><DORA hai="105" /><T48/><D48/><U58/><E42/><V96/><F36/><W70/><G70/><T12/><D12/><U124/><E124/><V10/><F56/><W57/><G57/><T22/><AGARI ba="0,2" hai="4,7,14,18,22,80,82,83,87,89,92" m="8704" machi="22" ten="60,7900,0" yaku="1,1,0,1,53,1" doraHai="95,105" doraHaiUra="102,81" who="0" fromWho="0" sc="243,99,276,-20,208,-39,253,-20" /><INIT seed="3,0,0,5,4,48" ten="342,256,169,233" oya="3" hai0="68,96,131,49,135,76,107,71,128,70,88,64,104" hai1="63,17,40,29,14,54,83,72,69,89,109,22,41" hai2="10,8,62,36,103,129,34,91,122,127,100,95,116" hai3="26,60,23,120,4,52,9,98,119,44,90,82,67"/><W53/><G120/><T39/><D39/><U0/><E0/><V111/><F36/><W134/><G44/><T27/><D135/><U115/><E115/><V18/><F122/><W65/><G134/><T51/><D76/><U123/><E123/><V126/><F116/><W55/><G60/><T87/><D64/><U2/><E2/><V42/><F34/><W74/><G74/><T99/><D27/><N who="1" m="16631" /><E69/><V1/><F129/><N who="0" m="49738" /><D107/><U101/><E72/><V15/><F111/><W97/><G119/><T13/><D13/><U57/><E101/><V24/><F42/><W31/><G98/><N who="0" m="37419" /><D104/><U56/><E89/><V78/><F78/><W85/><REACH who="3" step="1"/><G97/><REACH who="3" ten="342,256,169,223" step="2"/><T32/><D32/><U77/><E109/><V58/><F103/><W130/><G130/><T93/><AGARI ba="0,1" hai="49,51,68,70,71,87,88,93" m="37419,49738" machi="93" ten="40,2700,0" yaku="19,1,54,1" doraHai="48" who="0" fromWho="0" sc="342,37,256,-7,169,-7,223,-13" owari="379,48.0,249,5.0,162,-34.0,210,-19.0" /></mjloggm>