<mjloggm ver="2.3"><GO type="97" lobby="0"/><UN n0="%E3%82%A6%E3%83%AB%E3%83%88%E3%83%A9%E7%AB%8B%E7%9B%B4" n1="%E8%91%B5%E6%9C%88" n2="%45%6C%67%69%6E%31%32%33" n3="%73%75%67%69%7A%61%6B%69" dan="15,15,14,14" rate="1981.72,1917.05,1939.36,1913.07" sx="M,M,M,M"/><TAIKYOKU oya="0"/><INIT seed="0,0,0,0,0,93" ten="250,250,250,250" oya="0" hai0="90,25,32,59,112,95,10,122,41,87,97,82,50" hai1="115,63,39,100,119,81,20,96,92,121,40,98,45" hai2="62,35,79,71,36,0,31,84,83,17,27,132,126" hai3="86,44,80,123,88,48,55,42,101,128,56,53,23"/><T3/><D122/><U67/><E121/><V107/><F36/><W105/><G123/><T75/><D75/><U77/><E119/><V124/><F0/><W14/><G128/><T68/><D68/><U26/><E115/><V57/><F71/><W108/><G108/><T9/><D3/><U21/><E26/><V29/><F132/><W113/><G113/><T116/><D116/><U34/><E34/><V109/><F109/><W130/><G130/><T11/><D112/><U111/><E111/><V4/><F4/><W47/><G105/><T37/><D37/><U1/><E1/><V103/><F17/><W51/><G101/><T78/><D32/><U129/><E129/><V76/><F31/><W69/><G69/><T15/><D25/><U12/><E12/><V46/><F46/><W73/><G73/><T74/><D74/><U85/><E98/><V117/><F117/><W8/><G23/><T91/><D91/><U127/><E127/><N who="2" m="48683" /><F84/><W102/><G102/><T24/><D24/><U70/><AGARI ba="0,0" hai="20,21,39,40,45,63,67,70,77,81,85,92,96,100" machi="70" ten="20,2700,0" yaku="0,1,7,1,52,1" doraHai="93" who="1" fromWho="1" sc="250,-13,250,27,250,-7,250,-7" /><INIT seed="1,0,0,2,2,27" ten="237,277,243,243" oya="1" hai0="89,86,2,116,97,10,53,33,75,43,128,105,42" hai1="111,55,0,107,50,4,25,62,5,100,60,74,77" hai2="118,108,48,101,122,125,117,46,95,67,123,38,71" hai3="80,8,15,18,56,23,114,76,124,11,109,9,104"/><U120/><E120/><N who="2" m="46123" /><F95/><W66/><G104/><T82/><D33/><U17/><E111/><V3/><F101/><W83/><G114/><T7/><D116/><N who="2" m="44650" /><F3/><W65/><G124/><T112/><D128/><U90/><E90/><V54/><F125/><W21/><G109/><T96/><D112/><U41/><E74/><V72/><F72/><W131/><G131/><T115/><D115/><U73/><E77/><V85/><F85/><W79/><G23/><T133/><D75/><U93/><E73/><V121/><N who="2" m="46131" /><V59/><DORA hai="127" /><F108/><W13/><G56/><T87/><D97/><U32/><E107/><V57/><F38/><W134/><G134/><T102/><D133/><U91/><E100/><V64/><F71/><W37/><G37/><T49/><REACH who="0" step="1"/><D87/><REACH who="0" ten="227,277,243,243" step="2"/><N who="1" m="52479" /><E32/><V31/><F31/><W58/><G76/><T20/><D20/><N who="1" m="13455" /><E0/><V40/><F40/><W126/><G126/><T98/><D98/><U88/><E41/><V52/><F46/><AGARI ba="0,1" hai="2,7,10,42,43,46,49,53,82,86,89,96,102,105" machi="46" ten="30,2000,0" yaku="1,1,7,1,53,0" doraHai="27,127" doraHaiUra="130,29" who="0" fromWho="2" sc="227,30,277,0,243,-20,243,0" /><INIT seed="2,0,0,5,5,117" ten="257,277,223,243" oya="2" hai0="84,127,118,125,40,7,77,71,9,0,28,38,102" hai1="90,73,74,19,109,16,48,57,133,59,5,29,14" hai2="111,82,13,105,107,108,92,32,97,18,104,66,54" hai3="130,64,110,72,115,8,80,93,123,79,91,96,11"/><V34/><F66/><W3/><G115/><T87/><D118/><U128/><E5/><V81/><F54/><W100/><G130/><T44/><D71/><U55/><E128/><V31/><F31/><W63/><G110/><N who="2" m="42025" /><F13/><W126/><G126/><N who="0" m="48139" /><D102/><U114/><E109/><V69/><F18/><W113/><G113/><T45/><D77/><U61/><E114/><V37/><F37/><W43/><G43/><N who="0" m="22647" /><D28/><U122/><E133/><V78/><F69/><W23/><G23/><T46/><D46/><U41/><E29/><V86/><F32/><W121/><G3/><T27/><D27/><U98/><E41/><V120/><F34/><W70/><REACH who="3" step="1"/><G100/><REACH who="3" ten="257,277,223,233" step="2"/><T75/><D40/><U67/><E14/><V49/><F49/><W12/><G12/><T101/><D0/><U1/><E1/><V25/><F25/><W35/><G35/><T6/><D101/><U22/><E22/><V88/><F82/><W76/><G76/><T47/><D9/><AGARI ba="0,1" hai="8,9,11,63,64,70,72,79,80,91,93,96,121,123" machi="9" ten="40,8000,1" yaku="1,1,52,2,53,1" doraHai="117" doraHaiUra="62" who="3" fromWho="0" sc="257,-80,277,0,223,0,233,90" /><INIT seed="3,0,0,3,3,44" ten="177,277,223,323" oya="3" hai0="11,115,71,51,17,12,85,119,67,57,3,123,128" hai1="135,97,21,39,28,24,27,41,40,91,68,32,107" hai2="112,59,109,31,99,111,18,2,55,58,5,50,29" hai3="134,125,54,98,14,46,101,108,15,8,82,70,105"/><W36/><G70/><T100/><D3/><U64/><E135/><V73/><F112/><W69/><G69/><T90/><D115/><U22/><E39/><V77/><F99/><W61/><G134/><T49/><D123/><U89/><E89/><V10/><F59/><W117/><G117/><T60/><D119/><U129/><E129/><V16/><F73/><W121/><G121/><T87/><D128/><U78/><E78/><V102/><F102/><W76/><G14/><T106/><D71/><U75/><E75/><V86/><F86/><W92/><G36/><T1/><D1/><U79/><E79/><V122/><F77/><W94/><G125/><T81/><REACH who="0" step="1"/><D87/><REACH who="0" ten="167,277,223,323" step="2"/><U43/><E68/><V80/><F122/><W45/><G108/><N who="2" m="41545" /><F80/><W62/><G82/><T23/><D23/><U38/><E32/><V20/><F18/><W84/><G84/><T120/><D120/><U104/><E21/><V96/><F96/><AGARI ba="0,1" hai="11,12,17,49,51,57,60,67,81,85,90,96,100,106" machi="96" ten="40,5200,0" yaku="1,1,52,2,53,0" doraHai="44" doraHaiUra="126" who="0" fromWho="2" sc="167,62,277,0,223,-52,323,0" owari="229,-17.0,277,8.0,171,-33.0,323,42.0" /></mjloggm>