<mjloggm ver="2.3"><GO type="169" lobby="0"/><UN n0="%E5%AE%89%E5%B2%A1%E3%81%95%E3%82%93" n1="%E3%83%97%E3%83%AD%E3%83%86%E3%82%A4%E3%83%B3%E5%BE%97%E7%9B%9B" n2="%E5%BE%A1%E7%84%A1%E7%A4%BC%E3%83%9D%E3%83%B3%E3%81%AE%E3%81%BF" n3="%E3%82%A6%E3%83%AB%E3%83%88%E3%83%A9%E7%AB%8B%E7%9B%B4" dan="16,16,16,16" rate="2024.84,2125.81,2073.62,2057.46" sx="M,M,M,M"/><TAIKYOKU oya="0"/><INIT seed="0,0,0,5,2,124" ten="250,250,250,250" oya="0" hai0="58,57,31,30,24,117,112,84,8,92,71,4,43" hai1="56,67,88,121,18,0,47,129,133,76,73,97,85" hai2="102,7,86,21,32,39,63,98,89,130,13,83,75" hai3="28,105,37,54,29,34,49,116,11,61,126,131,40"/><T68/><D112/><U134/><E0/><V41/><F32/><W5/><G116/><T69/><D117/><U1/><E1/><V108/><F108/><W81/><G105/><T60/><D31/><U9/><E97/><V99/><F75/><W96/><G126/><T127/><D127/><U38/><E76/><V95/><F130/><W100/><G131/><T113/><D113/><U110/><E67/><V65/><F39/><W115/><G115/><T62/><D43/><U35/><E56/><V45/><F99/><W74/><G61/><T79/><D58/><U120/><E47/><V104/><F104/><W3/><G49/><T52/><D79/><U20/><E38/><V23/><F45/><N who="3" m="23695" /><G100/><T14/><D84/><U10/><E110/><V94/><F41/><W33/><G54/><T122/><D92/><U80/><E129/><V77/><F7/><W50/><G50/><T22/><REACH who="0" step="1"/><D122/><REACH who="0" ten="240,250,250,250" step="2"/><U118/><E118/><V103/><F94/><W111/><G111/><T27/><D27/><U91/><E121/><V64/><F77/><N who="3" m="44215" /><G96/><T106/><D106/><U125/><E120/><V114/><F114/><W93/><G93/><T15/><D15/><U66/><E125/><V135/><F98/><W132/><G29/><T36/><D36/><U19/><E73/><V16/><F95/><W72/><G72/><T51/><AGARI ba="0,1" hai="4,8,14,22,24,30,51,52,57,60,62,68,69,71" machi="51" ten="30,6000,0" yaku="1,1,0,1,54,1,53,0" doraHai="124" doraHaiUra="90" who="0" fromWho="0" sc="240,70,250,-20,250,-20,250,-20" /><INIT seed="0,1,0,0,2,92" ten="310,230,230,230" oya="0" hai0="17,109,79,34,105,85,114,116,103,22,54,1,101" hai1="104,43,64,108,117,9,30,36,28,37,70,35,74" hai2="38,5,73,135,75,106,100,53,42,72,59,99,81" hai3="50,45,125,118,120,58,7,10,23,29,52,39,63"/><T20/><D114/><U133/><E9/><V62/><F135/><W60/><G118/><T6/><D116/><U21/><E21/><V48/><F38/><W44/><G120/><T80/><D34/><U88/><E88/><V119/><F119/><W76/><G125/><T112/><D112/><U71/><E30/><V2/><F81/><W131/><G131/><T66/><D109/><U4/><E4/><V93/><F5/><W130/><G130/><T26/><D66/><U31/><E31/><V16/><F2/><W90/><G76/><T18/><D105/><U41/><E28/><V47/><F73/><W77/><G77/><T83/><D83/><U0/><E64/><V129/><F129/><W126/><G23/><T65/><D65/><U3/><E43/><V55/><F55/><W113/><G29/><T49/><D1/><U110/><E41/><V132/><F132/><W128/><G128/><T134/><D134/><U13/><E13/><V94/><F106/><W32/><G32/><T107/><D107/><U67/><E67/><V69/><F69/><W123/><G113/><T19/><D6/><U102/><E133/><V25/><REACH who="2" step="1"/><F94/><REACH who="2" ten="310,230,220,230" step="2"/><W24/><G39/><T91/><D79/><U57/><E71/><V84/><F84/><W8/><G7/><T97/><D80/><U127/><E70/><V11/><F11/><W95/><G10/><T121/><D85/><U27/><E117/><V111/><F111/><W46/><G8/><T12/><D121/><U96/><E110/><V40/><F40/><W33/><G52/><T56/><D19/><U89/><E108/><RYUUKYOKU ba="1,1" sc="310,15,230,-15,220,15,230,-15" hai0="12,17,18,20,22,26,49,54,56,91,97,101,103" hai2="16,25,42,47,48,53,59,62,72,75,93,99,100" /><INIT seed="0,2,1,3,0,112" ten="325,215,235,215" oya="0" hai0="69,28,85,14,83,129,109,4,19,29,24,60,46" hai1="108,11,18,49,86,121,61,64,66,35,27,13,67" hai2="113,40,0,76,70,130,8,117,53,50,105,133,123" hai3="37,126,81,9,74,77,22,91,132,79,23,2,62"/><T93/><D129/><U125/><E121/><V111/><RYUUKYOKU type="yao9" ba="2,1" sc="325,0,215,0,235,0,215,0" hai2="0,8,40,50,53,70,76,105,111,113,117,123,130,133" /><INIT seed="0,3,1,5,5,132" ten="325,215,235,215" oya="0" hai0="41,39,80,114,56,89,92,49,116,40,91,21,104" hai1="69,61,135,53,113,127,24,54,11,26,58,77,67" hai2="29,27,52,98,70,86,103,20,0,83,9,105,68" hai3="46,119,131,95,55,73,109,19,10,71,81,122,38"/><T76/><D114/><U125/><E135/><V12/><F0/><W129/><G71/><T36/><D116/><U16/><E113/><V82/><F82/><W35/><G35/><T51/><D104/><U112/><E112/><V108/><F108/><W59/><G109/><T44/><D21/><U118/><E118/><V6/><REACH who="2" step="1"/><F52/><REACH who="2" ten="325,215,225,215" step="2"/><N who="1" m="20073" /><E69/><V75/><F75/><W106/><G81/><T14/><D80/><U72/><E72/><V32/><F32/><W93/><G73/><T78/><D41/><U22/><E77/><AGARI ba="3,2" hai="6,9,12,20,27,29,68,70,77,83,86,98,103,105" machi="77" ten="30,2000,0" yaku="1,1,7,1,53,0" doraHai="132" doraHaiUra="63" who="2" fromWho="1" sc="325,0,215,-29,225,49,215,0" /><INIT seed="1,0,0,4,3,12" ten="325,186,274,215" oya="1" hai0="68,11,58,133,131,16,35,21,77,86,91,122,74" hai1="115,55,87,43,101,111,23,125,22,96,57,103,123" hai2="42,93,130,113,19,65,62,41,119,29,118,14,15" hai3="28,109,17,2,54,132,33,46,24,10,48,51,30"/><U6/><E123/><V61/><F29/><W107/><G107/><T32/><D131/><U49/><E115/><V102/><F130/><W67/><G30/><T116/><D133/><U79/><E125/><V9/><F113/><W120/><G120/><T110/><D110/><U90/><E79/><V7/><F118/><W114/><G114/><T85/><D116/><U76/><E76/><V126/><F119/><W105/><G105/><T121/><D68/><U94/><E111/><V127/><F127/><W72/><G72/><T44/><D74/><U117/><E117/><V80/><F80/><W89/><G132/><T13/><D77/><U104/><E6/><V60/><F65/><W52/><G67/><T95/><D86/><U99/><REACH who="1" step="1"/><E43/><REACH who="1" ten="325,176,274,215" step="2"/><V84/><F126/><W73/><G109/><T81/><D122/><U59/><E59/><V83/><F42/><W47/><G73/><T34/><D121/><U134/><E134/><V88/><F41/><W39/><G39/><T135/><D135/><U124/><E124/><V5/><F15/><W4/><G89/><T25/><D58/><U56/><E56/><V100/><F7/><W26/><G4/><T3/><D44/><U64/><E64/><V70/><F5/><W40/><G40/><T20/><D3/><U98/><E98/><N who="2" m="57639" /><F70/><W18/><G2/><T106/><D106/><AGARI ba="0,1" hai="22,23,49,55,57,87,90,94,96,99,101,103,104,106" machi="106" ten="30,5800,0" yaku="1,1,7,1,9,1,53,0" doraHai="12" doraHaiUra="1" who="1" fromWho="0" sc="325,-58,176,68,274,0,215,0" /><INIT seed="1,1,0,0,1,77" ten="267,244,274,215" oya="1" hai0="40,98,133,135,88,16,91,30,17,27,68,65,134" hai1="62,103,42,9,117,99,83,35,115,39,80,122,0" hai2="82,38,33,8,26,23,46,32,56,14,13,5,54" hai3="59,108,116,90,69,64,95,55,6,109,63,4,89"/><U127/><E35/><V112/><F14/><W21/><G116/><T124/><D124/><U24/><E117/><V125/><F125/><W101/><G101/><T93/><D40/><U51/><E39/><V28/><F112/><W41/><G41/><T71/><D91/><U76/><E127/><V60/><F38/><W81/><G21/><N who="0" m="15727" /><D65/><U15/><E0/><V118/><F118/><W45/><G45/><T86/><D98/><U11/><E76/><V105/><F105/><W3/><G3/><T18/><AGARI ba="1,0" hai="16,17,18,68,71,86,88,93,133,134,135" m="15727" machi="18" ten="40,5200,0" yaku="20,1,54,2" doraHai="77" who="0" fromWho="0" sc="267,55,244,-27,274,-14,215,-14" /><INIT seed="2,0,0,3,3,103" ten="322,217,260,201" oya="2" hai0="79,55,108,121,46,48,57,8,33,131,22,35,74" hai1="2,38,25,62,40,43,129,94,14,120,34,132,1" hai2="114,9,101,117,24,7,16,110,135,32,109,102,39" hai3="84,91,128,42,65,3,76,92,21,88,41,59,90"/><V0/><F39/><W36/><G3/><T71/><D108/><N who="2" m="41578" /><F117/><W6/><G128/><T116/><D121/><U70/><E38/><V45/><F114/><W95/><G6/><T68/><D131/><U27/><E129/><V89/><F135/><W98/><G36/><T37/><D116/><U28/><E132/><V60/><F45/><W18/><G76/><T77/><D8/><U99/><E120/><V63/><F89/><W56/><G91/><T83/><D77/><U44/><E44/><V26/><F32/><W75/><G75/><T17/><D35/><U133/><E133/><V66/><F24/><W134/><G134/><T115/><D115/><U4/><E27/><V119/><F119/><W85/><G98/><T49/><D37/><U13/><E13/><V29/><F29/><W81/><G81/><T111/><D33/><U96/><E14/><V107/><F107/><W106/><G106/><T50/><D111/><U47/><E47/><V53/><F53/><W58/><G65/><T52/><D49/><U80/><E80/><V61/><F66/><W105/><G105/><T5/><D5/><U125/><E4/><V31/><F31/><W126/><G126/><T127/><D127/><U20/><E34/><V123/><F123/><W100/><G100/><T78/><D78/><U97/><E125/><V86/><F86/><W82/><G82/><T15/><AGARI ba="0,0" hai="15,17,22,46,48,50,52,55,57,68,71,74,79,83" machi="15" ten="20,2700,0" yaku="0,1,7,1,54,1" doraHai="103" who="0" fromWho="0" sc="322,27,217,-7,260,-13,201,-7" /><INIT seed="3,0,0,2,2,125" ten="349,210,247,194" oya="3" hai0="133,7,126,80,57,48,38,40,42,0,124,74,3" hai1="98,96,34,115,47,94,135,89,86,58,9,56,70" hai2="19,15,82,54,95,2,41,11,36,14,68,87,99" hai3="104,114,123,105,121,21,63,37,64,85,72,49,131"/><W83/><G37/><T16/><D133/><U128/><E70/><V4/><F68/><W23/><G63/><T84/><D74/><U75/><E34/><V69/><F69/><W59/><G64/><T71/><D71/><U107/><E75/><V91/><F54/><W110/><G49/><T29/><D29/><U25/><E135/><V79/><REACH who="2" step="1"/><F19/><REACH who="2" ten="349,210,237,194" step="2"/><W111/><G59/><T24/><D57/><U100/><E58/><V12/><F12/><W28/><G28/><T10/><D16/><U6/><E56/><V13/><F13/><W108/><G23/><T97/><D3/><U17/><E17/><V62/><F62/><W18/><G18/><T60/><D60/><U50/><E25/><V33/><F33/><W66/><G21/><T88/><D24/><U101/><E9/><V30/><F30/><W130/><G66/><T113/><D10/><U78/><E47/><AGARI ba="0,1" hai="2,4,11,14,15,36,41,47,79,82,87,91,95,99" machi="47" ten="40,1300,0" yaku="1,1,53,0" doraHai="125" doraHaiUra="27" who="2" fromWho="1" sc="349,0,210,-13,237,23,194,0" /><INIT seed="4,0,0,2,2,117" ten="349,197,260,194" oya="0" hai0="129,60,12,36,11,7,99,126,79,105,37,73,116" hai1="112,16,4,84,25,93,34,75,31,122,106,96,72" hai2="114,131,67,82,115,41,104,94,0,20,135,18,98" hai3="54,45,17,14,85,103,1,80,57,13,19,134,109"/><T53/><D116/><U97/><E4/><V78/><F0/><W130/><G1/><T88/><D126/><U107/><E112/><N who="2" m="43051" /><F104/><W91/><G109/><T23/><D129/><U59/><E122/><V77/><F135/><W32/><G32/><T86/><D23/><U6/><E6/><V81/><F67/><W42/><G134/><T121/><D121/><U133/><E133/><V69/><F69/><W47/><G103/><T5/><D5/><U62/><E84/><V65/><F65/><W124/><G124/><T92/><D60/><U61/><E61/><V30/><F30/><W10/><G42/><T120/><D53/><U40/><E40/><V101/><F41/><W127/><G127/><T55/><D55/><U89/><E107/><V52/><F52/><W29/><G29/><T22/><D22/><U119/><E119/><V9/><F9/><W71/><G71/><T128/><D128/><U58/><E58/><V118/><F118/><W43/><G43/><T95/><D120/><U125/><E125/><V21/><F131/><W39/><G39/><T108/><D108/><U50/><E50/><V46/><F46/><W35/><G35/><T48/><D48/><U110/><E110/><V28/><F28/><W74/><G130/><T2/><D2/><U51/><E51/><V87/><F18/><W15/><G10/><T100/><D95/><N who="1" m="56431" /><E16/><N who="3" m="6218" /><G74/><AGARI ba="0,0" hai="20,21,74,77,78,81,82,87,94,98,101" m="43051" machi="74" ten="30,1000,0" yaku="15,1" doraHai="117" who="2" fromWho="3" sc="349,0,197,0,260,10,194,-10" /><INIT seed="5,0,0,1,1,20" ten="349,197,270,184" oya="1" hai0="26,75,61,83,69,110,64,11,40,54,73,89,123" hai1="78,120,80,68,33,77,35,32,57,41,113,22,21" hai2="15,102,14,72,1,115,117,60,107,135,108,66,95" hai3="24,23,30,74,51,91,130,46,62,126,28,111,6"/><U18/><E68/><V67/><F108/><W122/><G74/><T16/><D110/><U134/><E120/><V65/><F1/><W127/><G122/><T96/><D123/><U52/><E113/><V116/><F72/><W92/><G111/><T43/><D54/><U112/><E112/><V118/><F107/><W13/><G62/><T59/><D69/><U99/><E41/><V37/><F37/><W84/><G130/><T4/><D75/><U9/><E134/><V27/><F115/><W87/><G13/><N who="0" m="5351" /><D73/><U132/><E132/><V39/><F39/><W125/><G6/><T85/><D96/><U105/><E9/><V42/><F42/><W100/><G100/><T63/><D63/><U71/><E71/><V101/><F135/><W104/><G104/><T55/><D64/><U90/><E22/><AGARI ba="0,0" hai="16,22,26,40,43,55,59,61,83,85,89" m="5351" machi="22" ten="30,3900,0" yaku="8,1,52,1,54,1" doraHai="20" who="0" fromWho="1" sc="349,39,197,-39,270,0,184,0" /><INIT seed="6,0,0,0,1,68" ten="388,158,270,184" oya="2" hai0="47,77,103,39,94,37,56,25,15,38,55,24,35" hai1="119,62,98,10,100,79,90,43,17,99,72,80,19" hai2="120,134,129,4,93,109,126,91,135,18,59,104,133" hai3="23,69,60,85,27,114,107,117,54,110,42,108,50"/><V20/><F104/><W61/><G107/><T111/><D111/><U41/><E119/><V127/><F120/><W53/><G117/><T124/><D124/><N who="2" m="47658" /><F4/><W101/><G101/><T40/><D77/><U0/><E98/><N who="2" m="57663" /><F59/><W14/><G69/><T63/><D103/><U78/><E78/><V32/><F32/><W8/><G110/><T106/><D106/><U65/><E90/><V88/><F109/><W102/><G102/><T132/><D35/><U64/><E64/><V113/><F113/><W115/><G108/><T28/><D132/><U26/><E19/><V75/><F75/><W95/><G114/><T71/><D71/><U36/><E26/><N who="2" m="14615" /><F88/><N who="3" m="53647" /><G115/><T6/><D94/><U45/><E43/><V87/><F87/><W116/><G116/><T31/><D40/><U13/><E0/><V112/><F112/><W34/><G34/><T125/><D125/><U81/><E72/><V21/><F21/><W2/><G2/><T3/><D3/><U66/><E79/><V89/><F89/><W5/><G42/><T128/><D56/><U52/><E81/><V33/><F33/><W46/><G54/><T96/><D55/><U74/><E80/><V1/><F1/><W58/><G58/><T131/><D6/><U30/><E74/><V130/><AGARI ba="0,0" hai="129,130,133,134,135" m="14615,57663,47658" machi="130" ten="40,12000,1" yaku="30,2,20,1,18,1" doraHai="68" who="2" fromWho="2" sc="388,-40,158,-40,270,120,184,-40" /><INIT seed="6,1,0,4,3,24" ten="348,118,390,144" oya="2" hai0="57,39,118,90,25,61,46,30,79,43,86,31,66" hai1="99,20,68,33,1,22,102,4,27,135,60,9,124" hai2="96,116,44,117,37,48,104,128,65,23,14,51,59" hai3="132,119,58,88,16,105,8,111,91,52,78,70,35"/><V115/><F37/><W82/><G70/><T121/><D121/><U81/><E124/><V11/><F23/><W21/><G35/><T106/><D106/><N who="1" m="63839" /><E81/><V47/><F59/><W89/><G105/><T92/><D118/><U42/><E42/><V83/><F83/><W133/><G111/><T17/><D79/><U29/><E135/><N who="3" m="51786" /><G8/><T12/><D25/><U130/><E130/><V113/><F65/><AGARI ba="1,0" hai="1,4,9,20,22,27,29,33,60,65,68" m="63839" machi="65" ten="30,2000,0" yaku="25,1,52,1" doraHai="24" who="1" fromWho="2" sc="348,0,118,23,390,-23,144,0" /><INIT seed="7,0,0,1,5,88" ten="348,141,367,144" oya="3" hai0="83,29,19,77,116,65,121,30,92,14,41,24,17" hai1="8,120,10,33,112,51,90,107,15,135,110,43,81" hai2="115,132,111,130,38,26,102,55,9,22,91,7,69" hai3="12,0,25,28,128,131,62,21,60,39,93,63,82"/><W103/><G0/><T47/><D116/><U84/><E110/><V95/><F69/><W67/><G39/><T106/><D106/><U57/><E120/><V89/><F38/><W105/><G105/><T96/><D121/><U68/><E107/><V72/><F72/><W104/><G104/><T40/><D65/><U11/><E68/><V1/><F111/><W70/><G82/><T101/><D77/><U61/><E33/><V124/><F115/><W23/><G12/><T119/><D119/><U27/><E135/><V125/><F132/><W134/><G134/><T5/><D83/><U133/><E133/><V34/><F34/><W52/><G23/><N who="0" m="13439" /><D5/><N who="1" m="3471" /><E112/><V13/><F1/><W76/><G76/><T117/><D117/><U109/><E27/><V64/><F64/><W54/><G67/><T114/><D114/><U46/><E109/><V35/><F35/><W98/><REACH who="3" step="1"/><G70/><REACH who="3" ten="348,141,367,134" step="2"/><T80/><D80/><U20/><E20/><V66/><F66/><AGARI ba="0,1" hai="10,11,43,46,51,57,61,66,81,84,90" m="3471" machi="66" ten="30,1000,0" yaku="8,1" doraHai="88" who="1" fromWho="2" sc="348,0,141,20,367,-10,134,0" owari="348,15.0,161,-24.0,357,46.0,134,-37.0" /></mjloggm>