<mjloggm ver="2.3"><GO type="97" lobby="0"/><UN n0="%E3%81%86%E3%81%95%E3%81%8E%E3%81%BE%E3%81%8D" n1="%E3%82%A6%E3%83%AB%E3%83%88%E3%83%A9%E7%AB%8B%E7%9B%B4" n2="%4F%55%54" n3="%E5%8D%83%E5%B9%B4%E5%B9%BB%E6%83%B3%E5%8D%BF" dan="14,15,13,14" rate="1903.64,1986.74,1880.92,1959.15" sx="M,M,M,M"/><TAIKYOKU oya="0"/><INIT seed="0,0,0,3,2,108" ten="250,250,250,250" oya="0" hai0="74,107,111,73,114,117,97,100,119,127,83,115,72" hai1="46,62,132,76,39,121,87,118,109,7,101,61,44" hai2="42,104,53,78,56,95,113,92,122,80,43,71,36" hai3="8,27,22,35,11,112,89,99,66,25,70,40,120"/><T84/><D127/><U32/><E32/><V49/><F113/><N who="0" m="43018" /><D111/><U54/><E109/><V14/><F122/><W37/><G120/><T81/><D81/><U5/><E121/><V45/><F104/><W20/><G112/><T63/><D63/><U34/><E34/><V126/><F126/><W26/><G66/><T103/><D103/><U77/><E101/><V79/><F43/><W88/><G70/><T131/><D131/><U0/><E87/><V98/><F71/><W134/><G40/><T105/><D105/><U116/><E54/><V82/><F98/><W21/><G99/><T48/><D48/><U52/><E52/><V67/><F67/><W16/><G37/><T10/><D10/><N who="3" m="3625" /><G35/><T93/><D93/><U75/><E39/><V65/><F14/><N who="3" m="9239" /><G134/><T59/><D59/><U3/><E132/><V30/><F65/><W102/><G102/><T33/><D33/><U1/><REACH who="1" step="1"/><E3/><REACH who="1" ten="250,240,250,250" step="2"/><V2/><F2/><W19/><G27/><T64/><D64/><U23/><E23/><V68/><F36/><W91/><G22/><T9/><D9/><U12/><E12/><V125/><F125/><W50/><G26/><T85/><D85/><U124/><E124/><V128/><F53/><W47/><G50/><T106/><D106/><U51/><E51/><V133/><F49/><W58/><G47/><T57/><D57/><AGARI ba="0,1" hai="19,21,25,57,58,88,89,91" m="9239,3625" machi="57" ten="30,3900,0" yaku="8,1,54,2" doraHai="108" who="3" fromWho="0" sc="250,-39,240,0,250,0,250,49" /><INIT seed="1,0,0,1,3,106" ten="211,240,250,299" oya="1" hai0="112,127,98,132,89,21,12,5,81,84,42,43,126" hai1="47,99,78,83,48,118,71,115,87,3,10,29,105" hai2="135,117,91,75,15,85,113,8,88,74,63,18,52" hai3="20,70,121,93,107,101,24,134,110,96,95,131,69"/><U0/><E71/><V64/><F117/><W104/><G121/><T82/><D112/><U35/><E115/><V49/><F113/><W23/><G134/><T108/><D108/><U2/><E118/><V40/><F40/><N who="0" m="15402" /><D132/><U19/><E29/><V17/><F17/><W45/><G110/><T9/><D21/><U37/><E35/><V1/><F1/><W130/><G45/><T125/><D98/><U119/><E37/><V111/><F135/><W28/><G23/><T53/><D53/><U73/><E119/><V38/><F38/><W50/><G50/><T13/><D13/><U33/><E33/><V14/><F111/><W26/><G26/><T72/><D82/><U92/><E105/><N who="3" m="40522" /><G95/><T25/><D25/><U114/><E114/><V62/><F15/><W44/><G44/><T46/><D46/><U120/><E48/><V80/><F91/><W39/><G39/><T66/><D66/><U103/><E47/><V56/><F63/><W65/><G65/><T109/><D109/><U57/><E57/><AGARI ba="0,0" hai="8,14,18,49,52,56,57,62,64,74,75,80,85,88" machi="57" ten="30,8000,1" yaku="7,1,52,2,54,2" doraHai="106" who="2" fromWho="1" sc="211,0,240,-80,250,80,299,0" /><INIT seed="2,0,0,0,4,41" ten="211,160,330,299" oya="2" hai0="105,32,29,110,93,38,79,73,90,44,117,130,26" hai1="75,104,37,94,128,19,134,97,126,25,76,21,0" hai2="34,118,123,54,71,67,84,120,101,119,4,68,96" hai3="109,83,87,60,14,31,112,116,57,99,24,98,122"/><V11/><F34/><W8/><G116/><T85/><D117/><U17/><E0/><V65/><F54/><W66/><G122/><T92/><D130/><U121/><E104/><V124/><F84/><W129/><G109/><T50/><D110/><U91/><E121/><V47/><F47/><W53/><G129/><T2/><D2/><U125/><E128/><V48/><F48/><W132/><G132/><T107/><D38/><U102/><E134/><V88/><F88/><W27/><G112/><T23/><D32/><U106/><E19/><V127/><F96/><N who="3" m="36907" /><G31/><T74/><D74/><U52/><E37/><V39/><F39/><W103/><G103/><T49/><D93/><U6/><E6/><V69/><F69/><W86/><G66/><T43/><REACH who="0" step="1"/><D49/><REACH who="0" ten="201,160,330,299" step="2"/><U15/><E75/><V20/><F120/><W72/><G72/><T133/><D133/><U5/><E106/><V59/><F123/><W80/><G87/><T115/><D115/><U35/><E35/><V10/><F119/><W22/><G86/><T111/><D111/><U55/><E102/><V33/><F101/><W28/><G27/><T61/><D61/><U46/><E126/><V51/><F33/><W12/><G12/><T95/><D95/><U64/><E125/><V89/><F118/><W77/><G77/><T36/><D36/><U78/><E78/><V40/><F127/><W70/><G70/><T9/><D9/><N who="1" m="4527" /><E76/><V63/><F124/><W56/><G56/><T18/><D18/><AGARI ba="0,1" hai="8,14,18,22,24,28,53,57,60,80,83" m="36907" machi="18" ten="30,1000,0" yaku="8,1" doraHai="41" who="3" fromWho="0" sc="201,-10,160,0,330,0,299,20" /><INIT seed="3,0,0,5,4,53" ten="191,160,330,319" oya="3" hai0="118,10,127,47,17,103,38,39,114,15,48,89,26" hai1="8,88,31,77,5,66,33,71,91,4,65,0,7" hai2="73,113,124,101,82,16,42,134,44,75,94,130,61" hai3="43,117,106,6,133,123,100,86,19,105,132,56,30"/><W90/><G117/><T18/><D118/><U87/><E31/><V95/><F113/><W108/><G123/><T27/><D114/><U45/><E33/><V62/><F16/><W60/><G108/><T68/><D68/><U24/><E24/><V46/><F101/><W52/><G43/><T116/><D116/><U63/><E66/><V70/><F70/><W34/><G100/><T69/><D69/><U125/><E125/><V22/><F22/><W23/><G6/><T13/><D127/><U29/><E29/><V96/><F124/><W111/><G111/><T97/><D39/><U3/><E77/><V121/><F96/><W1/><G1/><T14/><D38/><U107/><E107/><V55/><F55/><W59/><G59/><T76/><D76/><U102/><E102/><V50/><F82/><N who="3" m="49495" /><G30/><T135/><D15/><U112/><E112/><V115/><F115/><W92/><G92/><N who="2" m="35369" /><F121/><W83/><G83/><T109/><D109/><U128/><E128/><V79/><F79/><W36/><G34/><T84/><D135/><N who="3" m="51785" /><G36/><T41/><D97/><U104/><E104/><V72/><F134/><W51/><G60/><N who="2" m="23145" /><F130/><W64/><G64/><T93/><REACH who="0" step="1"/><D103/><REACH who="0" ten="181,160,330,319" step="2"/><U49/><E3/><V126/><F126/><W129/><G129/><T54/><D54/><U35/><E35/><V21/><F21/><AGARI ba="0,1" hai="10,13,14,17,18,21,26,27,41,47,48,84,89,93" machi="21" ten="30,3900,0" yaku="1,1,7,1,8,1,53,0" doraHai="53" doraHaiUra="122" who="0" fromWho="2" sc="181,49,160,0,330,-39,319,0" owari="230,-17.0,160,-34.0,291,9.0,319,42.0" /></mjloggm>