<mjloggm ver="2.3"><GO type="97" lobby="0"/><UN n0="%E3%82%AA%E3%82%A2%E3%83%AA%E3%83%A0%E3%81%AE%E8%A9%A0%E5%94%B1" n1="%E3%82%A6%E3%83%AB%E3%83%88%E3%83%A9%E7%AB%8B%E7%9B%B4" n2="%E3%82%AF%E3%83%AA%E3%82%B9%E6%9D%BE%E6%9D%91%E5%85%88%E8%BC%A9" n3="%E3%81%93%E3%82%8C%E3%81%AF%EF%BD%97%EF%BD%97%EF%BD%97" dan="15,15,14,14" rate="1984.03,1985.57,1924.33,1875.67" sx="M,M,M,F"/><TAIKYOKU oya="0"/><INIT seed="0,0,0,1,3,28" ten="250,250,250,250" oya="0" hai0="17,51,54,68,49,79,5,81,131,8,94,97,24" hai1="36,18,77,102,0,47,52,101,11,63,66,13,41" hai2="107,95,122,83,100,25,29,130,4,39,105,123,128" hai3="23,64,6,119,86,125,114,74,19,14,15,46,75"/><T20/><D68/><U88/><E0/><V104/><F39/><W90/><G119/><T118/><D131/><N who="2" m="50218" /><F4/><W42/><G114/><T132/><D132/><U31/><E77/><V108/><F25/><W112/><G112/><T76/><D118/><U99/><E31/><V113/><F29/><W26/><G64/><T124/><D124/><U27/><E27/><V84/><F113/><W32/><G32/><T91/><D81/><U33/><E33/><V61/><F61/><W80/><G125/><T56/><REACH who="0" step="1"/><D51/><REACH who="0" ten="240,250,250,250" step="2"/><U40/><E36/><V62/><F62/><W9/><REACH who="3" step="1"/><G15/><AGARI ba="0,1" hai="5,8,15,17,20,24,49,54,56,76,79,91,94,97" machi="15" ten="30,12000,1" yaku="1,1,2,1,7,1,8,1,53,1" doraHai="28" doraHaiUra="87" who="0" fromWho="3" sc="240,130,250,0,250,0,250,-120" /><INIT seed="0,1,0,5,2,95" ten="370,250,250,130" oya="0" hai0="77,1,125,83,57,122,27,73,7,59,118,131,10" hai1="65,100,121,63,20,124,108,62,24,8,91,55,86" hai2="13,29,51,72,25,14,12,92,60,120,110,80,36" hai3="104,9,17,66,123,116,119,41,52,40,79,64,38"/><T101/><D118/><U46/><E121/><V39/><F120/><W133/><G104/><T70/><D70/><U129/><E124/><V130/><F130/><W97/><G123/><T2/><D122/><U44/><E129/><V111/><F60/><W49/><G133/><T74/><D131/><U3/><E108/><N who="2" m="41515" /><F51/><W134/><G134/><T106/><D125/><U23/><E23/><N who="2" m="15551" /><F92/><W103/><G79/><AGARI ba="1,0" hai="12,13,14,36,39,72,79,80" m="15551,41515" machi="79" ten="30,1000,0" yaku="14,1" doraHai="95" who="2" fromWho="3" sc="370,0,250,0,250,13,130,-13" /><INIT seed="1,0,0,0,0,16" ten="370,250,263,117" oya="1" hai0="37,114,81,93,97,118,50,91,33,49,79,60,121" hai1="107,10,7,102,132,44,126,18,80,28,74,56,11" hai2="59,17,123,41,119,1,96,100,67,131,8,86,23" hai3="40,62,57,87,29,111,64,66,69,45,71,12,3"/><U48/><E28/><V73/><F123/><W85/><G111/><T21/><D37/><U2/><E102/><V101/><F73/><W65/><G3/><T31/><D33/><U53/><E107/><V38/><F119/><W35/><G35/><T89/><D118/><U95/><E95/><V104/><F101/><W70/><G29/><T32/><D32/><U127/><E132/><V90/><F131/><W75/><G75/><T34/><D34/><U14/><E74/><V128/><F128/><W105/><G105/><T129/><D114/><U72/><E72/><V51/><F38/><W30/><G30/><T98/><D79/><U92/><E92/><V55/><F41/><W58/><G12/><T24/><D121/><U112/><E112/><V25/><F67/><W113/><G113/><T84/><D129/><U52/><REACH who="1" step="1"/><E80/><REACH who="1" ten="370,240,263,117" step="2"/><V108/><F108/><W116/><G87/><T54/><D98/><U19/><E19/><V6/><F90/><W15/><G85/><T124/><D97/><U4/><E4/><V103/><F86/><W22/><G15/><T43/><D93/><U115/><E115/><V61/><REACH who="2" step="1"/><F103/><REACH who="2" ten="370,240,253,117" step="2"/><W99/><G116/><T120/><D84/><U122/><E122/><V9/><F9/><W26/><G99/><T130/><D120/><U0/><E0/><V135/><F135/><W63/><G26/><T125/><D130/><U13/><E13/><V110/><F110/><W134/><G134/><T5/><D24/><U117/><E117/><V47/><F47/><W76/><G76/><T42/><D91/><U83/><E83/><V106/><F106/><RYUUKYOKU ba="0,2" sc="370,-15,240,15,253,15,117,-15" hai1="2,7,10,11,14,18,44,48,52,53,56,126,127" hai2="1,6,8,17,23,25,51,55,59,61,96,100,104" /><INIT seed="1,1,2,0,1,88" ten="355,255,268,102" oya="1" hai0="10,25,19,47,98,54,23,48,76,32,61,9,51" hai1="55,128,126,135,62,30,17,114,20,106,75,113,78" hai2="41,130,96,117,67,71,97,36,18,99,50,45,87" hai3="68,4,80,112,83,65,133,0,3,110,132,84,116"/><U40/><E106/><V49/><F117/><W93/><G112/><T91/><D76/><U21/><E40/><V43/><F130/><W28/><G110/><T58/><D32/><U15/><E78/><V26/><F71/><W31/><G116/><T118/><D118/><U6/><E75/><V81/><F67/><W64/><G68/><T90/><D51/><U24/><E55/><V125/><F125/><W29/><G4/><T95/><REACH who="0" step="1"/><D91/><REACH who="0" ten="345,255,268,102" step="2"/><U38/><E38/><V12/><F26/><W120/><G120/><T27/><D27/><N who="1" m="16751" /><E62/><V14/><F12/><W129/><G129/><T70/><D70/><U5/><E128/><V66/><F36/><W121/><G121/><T7/><D7/><N who="1" m="2571" /><E126/><V86/><F49/><W131/><G131/><T35/><D35/><U73/><E73/><V72/><F72/><W56/><G56/><T134/><D134/><N who="3" m="51817" /><G3/><T2/><D2/><U109/><E135/><V105/><F14/><W53/><G0/><T22/><D22/><U103/><E17/><V100/><F18/><W46/><G64/><AGARI ba="1,3" hai="9,10,19,23,25,47,48,54,58,61,64,90,95,98" machi="64" ten="30,7700,0" yaku="1,1,7,1,8,1,52,1,53,0" doraHai="88" doraHaiUra="1" who="0" fromWho="3" sc="345,110,255,0,268,0,102,-80" /><INIT seed="2,0,0,5,4,132" ten="455,255,268,22" oya="2" hai0="95,80,77,70,46,8,130,93,49,120,134,76,127" hai1="100,121,88,41,52,119,135,75,109,10,39,0,60" hai2="9,4,22,57,98,37,58,82,79,31,86,53,117" hai3="81,131,50,83,13,111,43,65,104,18,128,126,125"/><V91/><F37/><W35/><G104/><T118/><D70/><U29/><E119/><V69/><F117/><W42/><G35/><T124/><D120/><U1/><E100/><V61/><F69/><W20/><G65/><T78/><D134/><U15/><E29/><V36/><F36/><W68/><G111/><T2/><D130/><N who="3" m="49705" /><G68/><T113/><D113/><U112/><E112/><V110/><F110/><W27/><G27/><T123/><D123/><U96/><E75/><V12/><F57/><W94/><G94/><N who="0" m="35851" /><D8/><U6/><E109/><V89/><F98/><W64/><G64/><T72/><D2/><U73/><E135/><V11/><F11/><W114/><G114/><T63/><D63/><U62/><E60/><V87/><REACH who="2" step="1"/><F86/><REACH who="2" ten="455,255,258,22" step="2"/><W5/><G5/><T24/><D118/><U102/><E6/><V32/><F32/><W3/><G3/><T30/><D72/><U21/><E73/><V38/><F38/><W25/><G25/><AGARI ba="0,1" hai="4,9,12,22,25,31,53,58,61,79,82,87,89,91" machi="25" ten="40,3900,0" yaku="1,1,8,1,53,0" doraHai="132" doraHaiUra="71" who="2" fromWho="3" sc="455,0,255,0,258,49,22,-39" owari="455,55.0,255,-14.0,307,11.0,-17,-52.0" /></mjloggm>