<mjloggm ver="2.3"><GO type="97" lobby="0"/><UN n0="%77%61%73%68%69%73%65%6E" n1="%E3%82%A6%E3%83%AB%E3%83%88%E3%83%A9%E7%AB%8B%E7%9B%B4" n2="%E3%83%90%E3%82%A4%E3%83%90%E3%82%A4%E3%83%8B%E3%83%BC%E3%83%88" n3="%73%61%69%73%73%37%37%37" dan="15,15,13,14" rate="2049.96,1979.12,1838.49,1944.04" sx="M,M,M,M"/><TAIKYOKU oya="0"/><INIT seed="0,0,0,5,4,40" ten="250,250,250,250" oya="0" hai0="92,7,111,35,103,46,64,56,109,127,14,31,116" hai1="124,106,4,42,8,84,130,13,71,48,39,133,85" hai2="22,19,91,89,59,78,123,28,128,122,12,57,76" hai3="45,87,121,2,52,70,126,97,115,41,80,108,131"/><T34/><D116/><U81/><E106/><V62/><F128/><W104/><G97/><N who="0" m="59815" /><D127/><U66/><E130/><V134/><F134/><W38/><G52/><T53/><D31/><U120/><E120/><V18/><F28/><W58/><G58/><T77/><D77/><U119/><E124/><V90/><F123/><W114/><G45/><T113/><D113/><U3/><E133/><V132/><F132/><W65/><G41/><T36/><D64/><U50/><E119/><V27/><F122/><W51/><G65/><T49/><D36/><U67/><E39/><V25/><F59/><W24/><G115/><T101/><D101/><U75/><E67/><V98/><F98/><W44/><G44/><T1/><D1/><U107/><E3/><V29/><F29/><W63/><G2/><T9/><D56/><U15/><E66/><V88/><N who="2" m="22528" /><DORA hai="105" /><V54/><REACH who="2" step="1"/><F27/><REACH who="2" ten="250,250,240,250" step="2"/><W72/><G126/><T21/><D21/><AGARI ba="0,1" hai="12,18,19,21,22,25,54,57,62,76,78" m="22528" machi="21" ten="50,8000,1" yaku="1,1,2,1,8,1,54,1,53,0" doraHai="40,105" doraHaiUra="79,94" who="2" fromWho="0" sc="250,-80,250,0,240,90,250,0" /><INIT seed="1,0,0,3,2,82" ten="170,250,330,250" oya="1" hai0="60,104,25,22,41,2,101,132,77,24,59,36,134" hai1="80,85,83,55,111,11,35,45,125,126,72,79,112" hai2="49,135,31,19,106,130,76,17,44,63,127,23,122" hai3="118,116,86,48,120,71,66,56,16,18,65,58,133"/><U68/><E35/><V42/><F122/><W54/><G120/><T105/><D2/><U119/><E68/><V7/><F106/><N who="0" m="41066" /><D101/><U26/><E112/><V92/><F127/><N who="1" m="48649" /><E119/><N who="3" m="45610" /><G133/><N who="0" m="51307" /><D77/><N who="1" m="46223" /><E111/><V103/><F130/><W39/><G39/><T64/><D22/><U73/><E26/><N who="0" m="10345" /><D41/><U6/><E55/><V69/><F7/><W61/><G66/><T37/><AGARI ba="0,0" hai="36,37,59,60,64" m="10345,51307,41066" machi="37" ten="40,1500,0" yaku="20,1" doraHai="82" who="0" fromWho="0" sc="170,15,250,-7,330,-4,250,-4" /><INIT seed="2,0,0,1,0,94" ten="185,243,326,246" oya="2" hai0="79,20,116,10,43,131,30,65,26,105,92,134,102" hai1="4,77,44,13,123,52,83,66,42,95,25,11,133" hai2="58,87,82,114,37,107,62,5,14,126,129,32,89" hai3="54,75,74,31,60,29,3,18,85,39,69,103,127"/><V119/><F119/><W118/><G118/><T88/><D116/><U33/><E133/><V128/><F114/><W34/><G127/><T109/><D134/><U38/><E123/><V104/><F37/><W86/><G3/><T59/><D131/><U122/><E122/><V6/><F32/><W97/><G39/><T106/><D109/><U96/><E66/><V78/><F78/><W12/><G18/><T53/><D79/><U36/><E33/><V72/><F72/><W0/><G12/><T24/><D43/><U98/><E36/><V46/><F46/><W121/><G0/><T73/><D73/><U115/><E115/><V40/><F40/><W67/><G121/><T48/><D65/><U81/><E25/><V68/><F68/><W64/><G54/><T9/><D26/><U100/><E77/><V125/><F104/><W91/><G86/><T45/><D45/><U80/><E52/><N who="2" m="34119" /><F107/><W111/><G111/><T61/><D48/><U63/><E63/><V21/><F21/><W16/><G67/><T101/><D106/><U120/><E120/><V112/><F112/><W113/><G113/><T22/><D105/><U76/><E76/><V50/><F50/><W132/><G74/><T17/><D9/><U57/><E57/><V41/><F41/><W124/><G75/><T49/><D10/><U23/><E23/><V8/><F6/><W117/><G117/><T70/><D70/><U35/><E35/><V56/><F56/><W55/><G34/><T19/><D61/><U84/><E84/><V27/><F27/><W71/><G132/><T2/><D24/><RYUUKYOKU ba="0,0" sc="185,-15,243,15,326,15,246,-15" hai1="4,11,13,38,42,44,80,81,83,95,96,98,100" hai2="5,8,14,82,87,89,125,126,128,129" /><INIT seed="2,1,0,5,5,130" ten="170,258,341,231" oya="2" hai0="116,74,96,34,57,76,110,115,97,38,108,32,3" hai1="121,127,39,124,55,99,64,18,50,85,117,94,113" hai2="69,67,6,89,11,24,120,104,1,29,59,10,2" hai3="20,41,98,123,26,48,54,30,47,46,63,7,125"/><V135/><F120/><W131/><G125/><T79/><D57/><U37/><E117/><V5/><F59/><W17/><G131/><T68/><D116/><U21/><E85/><V45/><F89/><W111/><G111/><N who="0" m="42539" /><D74/><U14/><E64/><V90/><F90/><W75/><G75/><T87/><D87/><U36/><E113/><V80/><F80/><W43/><G123/><T28/><D28/><U112/><E112/><V103/><F45/><W82/><G82/><T23/><D23/><U134/><E121/><V109/><F109/><W114/><G98/><N who="0" m="37995" /><D115/><U35/><E35/><N who="0" m="13353" /><D38/><U33/><E33/><N who="2" m="20647" /><F103/><W40/><G7/><T88/><D3/><U51/><E127/><V42/><F104/><W31/><G114/><T61/><D88/><U44/><E124/><V65/><F42/><W105/><G105/><T13/><D13/><U119/><E119/><V122/><F122/><W73/><G73/><T12/><D12/><U100/><E51/><V72/><F72/><W66/><REACH who="3" step="1"/><G46/><REACH who="3" ten="170,258,341,221" step="2"/><T133/><D68/><AGARI ba="1,1" hai="17,20,26,30,31,40,41,43,47,48,54,63,66,68" machi="68" ten="40,2600,0" yaku="1,1,2,1,53,0" doraHai="130" doraHaiUra="83" who="3" fromWho="0" sc="170,-29,258,0,341,0,221,39" /><INIT seed="3,0,0,5,2,134" ten="141,258,341,260" oya="3" hai0="40,7,117,10,56,133,86,41,57,92,113,111,44" hai1="99,70,104,88,5,36,87,48,32,47,29,20,116" hai2="129,12,35,49,9,123,43,15,25,68,30,61,115" hai3="33,80,75,67,22,2,108,102,42,77,135,14,91"/><W74/><G135/><T72/><D133/><U54/><E70/><V110/><F115/><W3/><G33/><T112/><D72/><U18/><E36/><V59/><F110/><W132/><G132/><T127/><D111/><U55/><E5/><V120/><F129/><W95/><G108/><T96/><D86/><U124/><E124/><V106/><F106/><W4/><G102/><T94/><D117/><U125/><E125/><V103/><F103/><W11/><G67/><T16/><D7/><U69/><E69/><V118/><F118/><W62/><G62/><T83/><D83/><N who="1" m="49279" /><E32/><V128/><F128/><W8/><G42/><T64/><D64/><U17/><E104/><V79/><F79/><W89/><G75/><T53/><D127/><U126/><E126/><V66/><F15/><W114/><G114/><T39/><D41/><N who="1" m="24687" /><E99/><V31/><F31/><W34/><G34/><T81/><D81/><U90/><E90/><V85/><F85/><W78/><G77/><T131/><D131/><U21/><E116/><V109/><F109/><W13/><G89/><T38/><D38/><U84/><E84/><V1/><F1/><W121/><G121/><N who="2" m="46665" /><F43/><W46/><G2/><T37/><D37/><U52/><E29/><V130/><F130/><W105/><G3/><T107/><D107/><U98/><E98/><V71/><F49/><W27/><G105/><T51/><D57/><U82/><E82/><V28/><F28/><W73/><G73/><T45/><D56/><U101/><E101/><V26/><F26/><W93/><G74/><T23/><D39/><U58/><E58/><RYUUKYOKU ba="0,0" sc="141,-15,258,15,341,15,260,-15" hai1="17,18,20,21,52,54,55" hai2="9,12,25,30,35,59,61,66,68,71" owari="126,-37.0,273,7.0,356,45.0,245,-15.0" /></mjloggm>