<mjloggm ver="2.3"><GO type="41" lobby="0"/><UN n0="%61%63%6C%67%65" n1="%E9%AD%9A%E6%B0%91%E3%83%95%E3%82%A1%E3%83%B3%E3%83%95%E3%82%A1%E3%83%B3" n2="%E5%B7%A6%E8%84%9A" n3="%E3%82%A6%E3%83%AB%E3%83%88%E3%83%A9%E7%AB%8B%E7%9B%B4" dan="14,13,14,16" rate="1921.67,1816.95,1946.00,2006.93" sx="M,M,M,M"/><TAIKYOKU oya="0"/><INIT seed="0,0,0,3,2,29" ten="250,250,250,250" oya="0" hai0="44,73,3,84,4,37,120,47,82,58,52,38,30" hai1="134,102,24,67,103,63,76,11,10,64,54,41,129" hai2="25,115,45,119,22,122,18,21,9,123,101,5,42" hai3="36,85,79,43,107,90,71,78,57,75,109,88,62"/><T56/><D120/><U74/><E129/><V2/><F115/><W130/><G75/><T66/><D73/><U6/><E134/><V87/><F119/><W28/><G71/><T124/><D124/><U105/><E41/><V91/><F101/><W110/><G107/><T95/><D37/><U8/><E24/><V80/><REACH who="2" step="1"/><F22/><REACH who="2" ten="250,250,240,250" step="2"/><W32/><G130/><T19/><D38/><AGARI ba="0,1" hai="2,5,9,18,21,25,38,42,45,80,87,91,122,123" machi="38" ten="30,3900,0" yaku="1,1,2,1,7,1,53,0" doraHai="29" doraHaiUra="108" who="2" fromWho="0" sc="250,-39,250,0,240,49,250,0" /><INIT seed="1,0,0,2,5,68" ten="211,250,289,250" oya="1" hai0="11,78,43,130,56,129,62,106,46,113,24,45,116" hai1="85,121,117,98,14,88,93,123,108,100,114,81,42" hai2="3,41,52,118,104,97,53,39,70,29,63,15,8" hai3="77,124,35,79,7,73,28,112,49,109,128,127,18"/><U47/><E117/><V69/><F3/><W122/><G77/><T74/><D116/><U25/><E114/><V5/><F118/><W134/><G79/><T22/><D113/><U96/><E108/><V2/><F29/><W31/><G49/><T92/><D106/><U0/><E0/><V131/><F131/><N who="0" m="50186" /><D11/><U48/><E25/><V4/><F4/><W34/><G73/><T44/><D92/><U55/><E14/><V84/><F70/><W126/><G128/><T12/><D12/><U60/><E60/><V58/><F69/><W37/><G37/><N who="0" m="21615" /><D78/><U17/><E17/><V27/><F2/><W83/><G83/><T72/><D74/><U80/><E80/><V1/><F1/><W64/><G112/><T133/><D133/><U65/><E65/><V13/><F27/><W59/><G134/><T32/><D32/><U23/><E23/><V87/><F15/><W75/><G75/><T6/><D6/><U119/><E119/><V111/><F111/><W125/><G109/><T61/><D72/><U30/><E30/><V120/><F120/><W66/><G122/><T105/><D105/><U76/><REACH who="1" step="1"/><E42/><REACH who="1" ten="211,240,289,250" step="2"/><V9/><F9/><W10/><G126/><T19/><D62/><U86/><E86/><V95/><F87/><W26/><G18/><T21/><D21/><U54/><E54/><AGARI ba="0,1" hai="19,22,24,45,46,54,56,61" m="21615,50186" machi="54" ten="30,2000,0" yaku="19,1,52,1" doraHai="68" who="0" fromWho="1" sc="211,30,240,-20,289,0,250,0" /><INIT seed="2,0,0,4,4,63" ten="241,220,289,250" oya="2" hai0="81,50,80,47,67,37,0,69,46,98,115,62,55" hai1="45,39,49,132,12,91,8,65,70,130,87,72,116" hai2="89,117,33,53,92,128,75,104,57,135,105,13,124" hai3="22,100,58,110,44,36,24,73,10,51,88,71,43"/><V123/><F33/><W15/><G71/><T42/><D0/><U94/><E116/><V40/><F75/><W77/><G110/><T109/><D109/><U31/><E132/><V79/><F79/><W125/><G125/><T66/><D115/><U7/><E130/><V111/><F111/><W113/><G113/><T102/><D66/><U106/><E106/><AGARI ba="0,0" hai="37,42,46,47,50,55,62,67,69,80,81,98,102,106" machi="106" ten="30,2000,0" yaku="7,1,52,1" doraHai="63" who="0" fromWho="1" sc="241,20,220,-20,289,0,250,0" /><INIT seed="3,0,0,5,1,38" ten="261,200,289,250" oya="3" hai0="55,97,62,101,77,60,133,71,75,92,94,83,130" hai1="121,25,29,81,45,88,82,22,5,109,129,98,128" hai2="66,65,124,116,131,125,9,67,7,85,51,58,10" hai3="91,57,61,32,23,14,27,33,13,105,1,119,8"/><W49/><G105/><T115/><D133/><U112/><E112/><V123/><F116/><W74/><G74/><T39/><D115/><U35/><E121/><V70/><F70/><W99/><G49/><T37/><D130/><N who="1" m="50283" /><E109/><V122/><F131/><W0/><G91/><T104/><D62/><U69/><E69/><V108/><F108/><W26/><G99/><T44/><D37/><U79/><E5/><V28/><F28/><N who="3" m="17503" /><G57/><T12/><D12/><N who="3" m="4713" /><G61/><T46/><D46/><U96/><E35/><N who="3" m="13386" /><G119/><T11/><D60/><U127/><E127/><N who="2" m="48715" /><F85/><W48/><G48/><T50/><D71/><U18/><E45/><V59/><F7/><N who="3" m="1127" /><G27/><T41/><D39/><U118/><E118/><V110/><F110/><W17/><G17/><T3/><D41/><U73/><E18/><V56/><F51/><W42/><G42/><T103/><D103/><U4/><E4/><V31/><F31/><W68/><G68/><T134/><D134/><U21/><E98/><V132/><F132/><W16/><G16/><T86/><D75/><U84/><E96/><V78/><F78/><W53/><G53/><T111/><D111/><U106/><E106/><V20/><F123/><W43/><G43/><T63/><D63/><U135/><E135/><V54/><F54/><W15/><N who="3" m="4721" /><W126/><DORA hai="64" /><G126/><T120/><D120/><U47/><E47/><V87/><F87/><W52/><G52/><T76/><D76/><U6/><E6/><V102/><F122/><W117/><G117/><T24/><D24/><U72/><E72/><V36/><F36/><W93/><G93/><T89/><D77/><RYUUKYOKU ba="0,0" sc="261,10,200,10,289,-30,250,10" hai0="3,11,44,50,55,83,86,89,92,94,97,101,104" hai1="21,22,25,29,73,79,81,82,84,88" hai3="1" /><INIT seed="3,1,0,4,1,11" ten="271,210,259,260" oya="3" hai0="32,108,121,51,52,56,31,29,118,71,30,28,62" hai1="12,50,132,130,122,61,64,91,134,75,105,68,43" hai2="55,6,15,57,48,115,49,70,129,44,20,76,1" hai3="95,67,103,63,127,9,86,21,98,58,54,27,82"/><W107/><G107/><T100/><D121/><U0/><E122/><V16/><F70/><W24/><G127/><T79/><D118/><U126/><E126/><V17/><F115/><W41/><G41/><T104/><D108/><U89/><E0/><V88/><F129/><W125/><G125/><T85/><D79/><U116/><E116/><V14/><F76/><W47/><G9/><T102/><D85/><U111/><E111/><V80/><F1/><W109/><G109/><T106/><N who="0" m="7680" /><DORA hai="112" /><T45/><D32/><U7/><E75/><V124/><F6/><W90/><G21/><T23/><D71/><U113/><E113/><V13/><F124/><W8/><G8/><T123/><D123/><U26/><E26/><V5/><F5/><W131/><G131/><T97/><D23/><U114/><E114/><V83/><F17/><W2/><G2/><T128/><D128/><U77/><E77/><V3/><F3/><W81/><G81/><N who="2" m="31305" /><F88/><W35/><G35/><T37/><D37/><U135/><E105/><V59/><F59/><W94/><G82/><T46/><D62/><U96/><E96/><AGARI ba="1,0" hai="45,46,51,52,56,96,97,100,102,104,106" m="7680" machi="96" ten="50,3200,0" yaku="9,1,54,1" doraHai="11,112" who="0" fromWho="1" sc="271,35,210,-35,259,0,260,0" /><INIT seed="4,0,0,0,0,8" ten="306,175,259,260" oya="0" hai0="85,75,126,89,12,111,16,130,78,40,15,106,64" hai1="90,55,87,95,0,102,51,97,5,81,108,125,20" hai2="66,94,22,35,6,133,62,60,76,120,131,53,121" hai3="25,100,82,114,46,109,43,10,44,79,84,3,77"/><T98/><D130/><U86/><E108/><V59/><F35/><W30/><G109/><T99/><D111/><U37/><E37/><V124/><F131/><W122/><G122/><T83/><D126/><U42/><E125/><V50/><F124/><W71/><G71/><T9/><D64/><U56/><E42/><V58/><F76/><W105/><G46/><T18/><D106/><U45/><E45/><V21/><F133/><W123/><G123/><T107/><D40/><U73/><E73/><V36/><F36/><W39/><G114/><T4/><D4/><U101/><E0/><V91/><F6/><W27/><G27/><T14/><D107/><U115/><E115/><V52/><F121/><W29/><G79/><T13/><REACH who="0" step="1"/><D18/><REACH who="0" ten="296,175,259,260" step="2"/><U41/><E5/><V104/><F104/><W32/><G105/><T135/><D135/><U69/><E41/><V38/><F38/><W80/><G43/><T132/><D132/><U19/><E69/><V93/><F120/><W65/><G65/><T1/><D1/><U34/><E34/><V96/><REACH who="2" step="1"/><F93/><AGARI ba="0,1" hai="9,12,13,14,15,16,75,78,83,85,89,93,98,99" machi="93" ten="40,18000,2" yaku="1,1,52,4,54,1,53,0" doraHai="8" doraHaiUra="128" who="0" fromWho="2" sc="296,190,175,0,259,-180,260,0" /><INIT seed="4,1,0,4,4,28" ten="486,175,79,260" oya="0" hai0="127,113,58,80,42,100,2,133,106,125,104,43,117" hai1="64,5,9,6,88,23,93,10,101,108,75,50,98" hai2="27,38,92,13,132,59,60,25,94,31,111,81,84" hai3="40,96,114,34,8,39,36,102,74,37,53,54,99"/><T103/><D117/><U79/><E108/><V14/><F38/><W73/><G40/><T62/><D2/><U55/><E64/><V44/><F111/><W85/><G85/><T63/><D113/><U123/><E123/><V20/><F132/><W18/><G18/><T45/><D80/><U46/><E23/><V24/><F44/><W68/><G8/><T19/><D19/><U121/><E121/><V29/><F94/><W128/><G102/><N who="0" m="38955" /><D133/><U48/><E48/><V30/><F92/><W107/><G107/><N who="0" m="41003" /><D58/><U52/><E55/><N who="3" m="21002" /><G68/><T7/><D7/><N who="1" m="2571" /><E75/><N who="3" m="28682" /><G114/><T115/><D115/><U126/><E126/><N who="0" m="48137" /><D42/><U3/><E3/><V77/><REACH who="2" step="1"/><F20/><REACH who="2" ten="486,175,69,260" step="2"/><W118/><G118/><T16/><D45/><U65/><E46/><V72/><F72/><W120/><G120/><T11/><D43/><U41/><E41/><V12/><F12/><AGARI ba="1,1" hai="11,12,16,62,63" m="48137,41003,38955" machi="12" ten="40,3900,0" yaku="18,1,54,1" doraHai="28" who="0" fromWho="2" sc="486,52,175,0,69,-42,260,0" /><INIT seed="4,2,0,5,4,75" ten="538,175,27,260" oya="0" hai0="37,106,21,86,122,33,31,89,87,103,108,112,58" hai1="59,19,102,34,62,91,2,113,28,119,110,9,65" hai2="72,95,125,130,74,23,11,69,51,78,81,39,109" hai3="49,41,22,68,30,12,50,5,90,18,93,14,70"/><T67/><D122/><U85/><E119/><V17/><F69/><W126/><G30/><T96/><D112/><U38/><E110/><V80/><F39/><W73/><G73/><T25/><D37/><U124/><E38/><V98/><F109/><W135/><G135/><T15/><D108/><U104/><E113/><V100/><F130/><W92/><G92/><T61/><D89/><U46/><E124/><V4/><F125/><W71/><G126/><T88/><D88/><U43/><E102/><V94/><F51/><W35/><G35/><T16/><AGARI ba="2,0" hai="15,16,21,25,31,33,58,61,67,86,87,96,103,106" machi="16" ten="30,3000,0" yaku="0,1,54,1" doraHai="75" who="0" fromWho="0" sc="538,36,175,-12,27,-12,260,-12" /><INIT seed="4,3,0,5,5,63" ten="574,163,15,248" oya="0" hai0="59,65,57,49,124,11,115,98,51,24,94,109,72" hai1="78,119,101,19,116,54,133,81,55,125,121,112,29" hai2="91,25,96,82,4,18,38,126,3,89,118,92,37" hai3="0,85,97,46,39,120,14,111,58,21,134,88,132"/><T84/><D115/><U100/><E121/><V131/><F118/><W28/><G0/><T61/><D72/><U103/><E29/><V105/><F105/><W74/><G74/><T15/><D124/><U113/><E125/><V60/><F126/><W114/><G111/><T129/><D129/><U20/><E133/><V44/><F131/><W7/><G120/><T130/><D130/><U22/><E22/><V102/><F3/><W110/><G110/><T1/><D1/><U10/><E10/><V71/><F4/><W52/><G114/><N who="1" m="44138" /><E116/><V43/><F38/><W36/><G97/><T48/><D109/><U42/><E42/><V106/><F82/><N who="3" m="49207" /><G46/><T79/><D24/><N who="1" m="14367" /><E119/><V45/><F45/><W53/><G53/><N who="0" m="31911" /><D79/><U35/><E35/><V30/><F18/><N who="3" m="10455" /><G28/><T8/><D84/><AGARI ba="3,0" hai="54,55,78,81,84,100,101,103" m="14367,44138" machi="84" ten="30,2000,0" yaku="15,1,11,1" doraHai="63" who="1" fromWho="0" sc="574,-29,163,29,15,0,248,0" /><INIT seed="5,0,0,0,2,41" ten="545,192,15,248" oya="1" hai0="79,93,121,55,68,39,102,80,7,69,36,10,16" hai1="0,60,100,101,92,43,97,103,128,87,12,111,57" hai2="66,29,34,25,51,46,132,37,45,19,32,104,125" hai3="14,49,118,119,88,40,50,59,33,8,85,108,6"/><U115/><E0/><V107/><F132/><W106/><G106/><T84/><D121/><U124/><E115/><V20/><F125/><W109/><G33/><T96/><D36/><U78/><E124/><V42/><F66/><W127/><G127/><T120/><D39/><U82/><E128/><V53/><REACH who="2" step="1"/><F34/><REACH who="2" ten="545,192,5,248" step="2"/><W129/><G129/><T9/><D120/><U75/><E111/><V47/><F47/><W105/><G109/><T71/><D71/><U62/><E75/><V133/><F133/><W56/><G108/><T54/><D69/><U13/><E43/><V65/><F65/><W18/><G59/><T64/><D68/><U123/><E123/><V17/><F17/><W117/><G18/><T2/><D64/><N who="1" m="38927" /><E62/><V24/><AGARI ba="0,1" hai="19,20,24,25,29,32,37,42,45,46,51,53,104,107" machi="24" ten="20,8000,1" yaku="1,1,0,1,7,1,52,2,53,0" doraHai="41" doraHaiUra="113" who="2" fromWho="2" sc="545,-20,192,-40,5,90,248,-20" /><INIT seed="6,0,0,5,2,8" ten="525,152,95,228" oya="2" hai0="99,71,68,18,50,16,69,92,77,121,35,93,89" hai1="119,81,57,91,19,12,109,26,45,115,32,85,118" hai2="29,117,123,37,1,95,59,3,11,110,51,97,66" hai3="0,116,80,132,78,112,30,13,96,84,87,131,58"/><V42/><F117/><W75/><G0/><T9/><D121/><U106/><E109/><V135/><F123/><W128/><G116/><T105/><D35/><U120/><E115/><V126/><F110/><W39/><G39/><T127/><D105/><U67/><E120/><V53/><F135/><W2/><G2/><T62/><D77/><U102/><E45/><V43/><F126/><W56/><G132/><T129/><D127/><U21/><E102/><V122/><F122/><W54/><G30/><T88/><D129/><N who="3" m="49737" /><G96/><T74/><D74/><U79/><E106/><V34/><F29/><W25/><G25/><T55/><D62/><U82/><E32/><V22/><F34/><W6/><G58/><T114/><D9/><U72/><REACH who="1" step="1"/><E26/><REACH who="1" ten="525,142,95,228" step="2"/><V48/><F37/><W104/><G104/><T103/><D114/><U100/><E100/><V38/><F38/><W52/><G112/><T17/><REACH who="0" step="1"/><D93/><REACH who="0" ten="515,142,95,228" step="2"/><U98/><E98/><V124/><F124/><W130/><G130/><T49/><D49/><U86/><E86/><V133/><F133/><W20/><G87/><T125/><D125/><U14/><E14/><V36/><F36/><W44/><G84/><T46/><AGARI ba="0,2" hai="16,17,18,46,50,55,68,69,71,88,89,92,99,103" machi="46" ten="40,12000,2" yaku="1,1,0,1,54,2,53,3" doraHai="8" doraHaiUra="15" who="0" fromWho="0" sc="515,140,142,-30,95,-60,228,-30" /><INIT seed="7,0,0,0,2,46" ten="655,112,35,198" oya="3" hai0="52,61,62,134,43,41,95,3,38,113,126,109,117" hai1="108,130,115,18,132,89,26,135,20,45,19,72,32" hai2="42,28,15,77,40,4,79,17,67,116,124,25,88" hai3="29,22,74,75,55,57,87,133,16,33,91,13,86"/><W37/><G37/><T90/><D117/><U60/><E108/><V65/><F116/><W73/><G133/><N who="1" m="51274" /><E72/><V93/><F124/><W50/><G29/><T35/><D134/><U59/><E130/><V83/><F4/><W14/><G33/><T49/><D126/><U63/><E115/><V58/><F67/><W123/><G123/><T112/><D109/><U8/><E32/><V11/><F65/><W119/><G119/><T7/><D35/><U23/><E8/><V70/><F70/><W48/><G14/><T105/><D105/><U27/><E89/><V129/><F129/><W21/><G21/><T9/><D38/><U121/><E121/><V64/><F25/><W0/><G0/><T125/><D125/><U92/><E92/><V5/><F28/><W101/><G101/><T118/><D118/><U122/><E122/><V34/><F34/><W99/><G99/><T97/><D61/><U47/><E63/><V36/><F36/><W56/><G91/><T106/><D62/><U111/><E111/><V39/><F39/><W80/><G80/><T98/><D98/><U6/><E6/><V71/><F71/><W100/><G100/><T94/><D106/><U10/><E10/><V131/><F131/><W69/><G69/><T120/><D95/><U103/><E103/><V128/><F128/><W44/><G44/><N who="0" m="27687" /><D120/><U82/><E82/><V78/><F83/><W31/><G31/><T81/><D81/><U12/><E12/><V68/><F68/><W102/><G102/><T85/><D97/><U107/><E107/><V51/><F5/><W110/><G13/><RYUUKYOKU ba="0,0" sc="655,15,112,15,35,-15,198,-15" hai0="3,7,9,41,43,85,90,94,112,113" hai1="18,19,20,23,26,27,45,47,59,60" owari="670,77.0,127,-27.0,20,-48.0,183,-2.0" /></mjloggm>