<mjloggm ver="2.3"><GO type="97" lobby="0"/><UN n0="%6F%74%6F%72%68%69%6E%6F" n1="%73%68%75%70%6F%6E" n2="%E3%82%A6%E3%83%AB%E3%83%88%E3%83%A9%E7%AB%8B%E7%9B%B4" n3="%E3%83%90%E3%83%83%E3%83%86%E3%83%B3" dan="13,13,14,15" rate="1812.99,1924.02,1913.12,1962.51" sx="M,M,M,M"/><TAIKYOKU oya="0"/><INIT seed="0,0,0,1,3,73" ten="250,250,250,250" oya="0" hai0="66,83,69,33,11,19,57,45,118,70,15,37,60" hai1="44,89,38,127,23,24,61,109,80,53,120,119,97" hai2="103,52,110,135,31,17,91,116,123,105,2,49,25" hai3="115,0,131,134,42,72,13,81,56,9,122,8,10"/><T28/><D118/><U14/><E119/><V7/><F123/><W85/><G115/><T5/><D83/><U59/><E120/><V92/><F116/><W93/><G122/><T58/><D69/><U30/><E127/><V104/><F135/><W54/><G134/><T99/><D99/><U67/><E109/><V55/><F110/><W117/><G117/><T128/><D128/><U46/><E38/><V51/><F7/><W12/><G131/><T102/><D102/><U35/><E35/><V90/><F2/><W88/><G0/><T107/><D107/><U133/><E133/><V129/><F129/><W121/><G121/><T27/><REACH who="0" step="1"/><D5/><REACH who="0" ten="240,250,250,250" step="2"/><U76/><E67/><V50/><F103/><W6/><G6/><T86/><D86/><U71/><E71/><V41/><F104/><W106/><G106/><T22/><D22/><U78/><E97/><V79/><F105/><W114/><G114/><T26/><D26/><U18/><E89/><V47/><F91/><W29/><G81/><T100/><D100/><U4/><E4/><V82/><F90/><W16/><G88/><T94/><D94/><U98/><E98/><V95/><F92/><W112/><G85/><T108/><D108/><U3/><E80/><V68/><F95/><W63/><G93/><T126/><D126/><U21/><E3/><V40/><F68/><W74/><G112/><T77/><D77/><AGARI ba="0,1" hai="14,18,21,23,24,30,44,46,53,59,61,76,77,78" machi="77" ten="40,8000,1" yaku="8,1,52,3" doraHai="73" who="1" fromWho="0" sc="240,-80,250,90,250,0,250,0" /><INIT seed="1,0,0,1,1,123" ten="160,340,250,250" oya="1" hai0="94,85,114,37,115,74,60,78,6,69,56,107,12" hai1="39,72,63,129,52,124,20,89,5,55,97,31,131" hai2="106,112,17,101,64,54,29,76,119,38,16,21,10" hai3="87,118,133,27,8,49,35,122,57,116,11,84,61"/><U128/><E39/><V30/><F119/><N who="3" m="45611" /><G122/><T135/><D107/><U92/><E72/><V105/><F112/><W62/><G133/><T109/><D135/><U125/><E5/><V81/><F38/><W43/><G61/><T67/><D37/><U86/><E63/><V98/><F64/><W58/><G35/><T93/><D74/><U25/><E97/><V66/><F106/><W41/><G27/><T44/><D44/><U3/><REACH who="1" step="1"/><E3/><REACH who="1" ten="160,330,250,250" step="2"/><V36/><F36/><W26/><G62/><T14/><D6/><U46/><E46/><V4/><F4/><W28/><G58/><T45/><D45/><U110/><E110/><V102/><F98/><W33/><G57/><T96/><D109/><U134/><E134/><V77/><F66/><W50/><G87/><T73/><D73/><U79/><E79/><V127/><F77/><W104/><G84/><T32/><D85/><U24/><E24/><V47/><F76/><W7/><G7/><T23/><D78/><U80/><E80/><V130/><F81/><W120/><G120/><T99/><D56/><U40/><E40/><V95/><F47/><W18/><G41/><T88/><D115/><U9/><E9/><V71/><F10/><W53/><G43/><T108/><D114/><U15/><E15/><V117/><F117/><W0/><G0/><T42/><D108/><U82/><E82/><V48/><F102/><W22/><G8/><T65/><D42/><U75/><E75/><V103/><F101/><W126/><G11/><T19/><D14/><U132/><E132/><V51/><F103/><W111/><G26/><RYUUKYOKU ba="0,1" sc="160,-10,330,30,250,-10,250,-10" hai1="20,25,31,52,55,86,89,92,124,125,128,129,131" /><INIT seed="1,1,1,3,2,30" ten="150,360,240,240" oya="1" hai0="101,50,98,84,18,51,127,19,111,91,92,57,58" hai1="105,5,17,65,52,108,59,115,6,1,122,45,41" hai2="104,55,135,95,49,14,25,3,72,119,110,100,112" hai3="121,79,71,109,48,134,56,32,107,97,47,113,29"/><U0/><E122/><V80/><F3/><W7/><G121/><T36/><D36/><U106/><E65/><V120/><F119/><W23/><G113/><T118/><D118/><U62/><E115/><V81/><F120/><W69/><G32/><T42/><D111/><U89/><E108/><V123/><F123/><W11/><G134/><T125/><D127/><U8/><E17/><V63/><F104/><W13/><G56/><T61/><D125/><U12/><E89/><V129/><F112/><W15/><G79/><T22/><D19/><U24/><E24/><V94/><F110/><W83/><G83/><T4/><D4/><U34/><E34/><V99/><F135/><W16/><G29/><T117/><D117/><U116/><E116/><V31/><F129/><W26/><G26/><T75/><D75/><U68/><E68/><V131/><F131/><W93/><G107/><T132/><D132/><U77/><E12/><V90/><F14/><W103/><REACH who="3" step="1"/><G109/><REACH who="3" ten="150,360,240,230" step="2"/><T82/><D58/><U87/><E77/><V88/><F25/><W85/><G85/><T73/><D73/><U20/><E87/><V66/><F31/><W64/><G64/><T21/><D82/><U33/><E33/><V28/><F28/><W46/><G46/><T43/><D84/><U70/><E106/><V78/><F81/><W126/><G126/><T27/><D57/><U2/><E105/><V124/><F124/><W67/><G67/><T37/><D27/><U35/><E35/><V102/><F80/><W114/><G114/><T9/><D37/><U10/><E59/><V74/><F74/><RYUUKYOKU ba="1,2" sc="150,-10,360,-10,240,-10,230,30" hai3="7,11,13,15,16,23,47,48,69,71,93,97,103" /><INIT seed="2,2,2,3,5,97" ten="140,350,230,260" oya="2" hai0="43,86,80,37,28,48,15,56,12,76,132,32,123" hai1="127,124,89,20,31,6,9,58,116,78,82,73,68" hai2="27,101,14,130,16,25,34,106,26,120,61,18,126" hai3="10,3,5,47,17,128,0,2,46,69,102,93,38"/><V35/><F120/><W75/><G128/><T94/><D123/><U118/><E68/><V39/><F39/><W121/><G121/><T92/><D132/><U67/><E89/><V24/><F130/><W77/><G69/><T29/><D37/><U4/><E4/><V100/><F126/><N who="1" m="48169" /><E31/><V125/><F125/><W53/><G17/><T95/><D32/><U114/><E114/><V74/><F74/><W131/><G47/><T50/><D29/><U113/><E20/><N who="2" m="13319" /><F106/><W81/><G53/><T107/><D107/><U22/><E22/><N who="2" m="11607" /><F35/><W66/><G66/><T88/><D28/><U122/><E122/><V11/><F34/><W84/><G131/><T104/><D104/><U70/><E70/><V30/><F30/><W51/><G51/><T90/><D50/><U96/><E96/><V41/><F41/><N who="3" m="22839" /><G75/><T134/><D134/><U42/><E42/><V112/><F112/><W85/><G0/><T65/><D43/><U117/><E113/><V109/><F109/><W44/><G2/><T115/><D115/><U36/><E36/><V40/><F40/><W52/><G3/><T103/><D48/><U135/><E135/><V49/><F49/><W33/><G33/><T19/><D65/><U129/><E129/><V83/><F61/><W21/><G5/><T55/><D15/><N who="1" m="5559" /><E67/><V54/><F54/><W111/><G52/><T13/><D12/><U133/><E133/><V45/><F45/><W1/><G44/><T71/><D71/><U23/><E23/><V99/><F11/><W105/><G10/><T91/><D13/><U87/><E73/><V72/><F99/><RYUUKYOKU ba="2,2" sc="140,-15,350,15,230,15,260,-15" hai1="58,78,82,87,116,117,118" hai2="25,26,27,72,83,100,101" /><INIT seed="2,3,2,4,5,85" ten="125,365,245,245" oya="2" hai0="120,63,107,71,50,29,93,3,61,109,48,22,2" hai1="37,69,1,76,84,97,83,58,7,86,9,35,14" hai2="90,70,45,0,8,127,132,54,100,23,75,10,89" hai3="129,12,79,33,43,6,116,38,105,112,101,121,21"/><V130/><F70/><W24/><G116/><T94/><D120/><U40/><E69/><V126/><F75/><W13/><G121/><T57/><D109/><U88/><E35/><V11/><F0/><W98/><G33/><T87/><D107/><U60/><E97/><V67/><F67/><W56/><G129/><T114/><D114/><U65/><E37/><V74/><F74/><W102/><G102/><T68/><D3/><U25/><E25/><V16/><F130/><W115/><G79/><T64/><D2/><U113/><E113/><N who="3" m="43594" /><G6/><T78/><D68/><U31/><E31/><V95/><F132/><W53/><G43/><T131/><D131/><U81/><E1/><V103/><F126/><W124/><G38/><T125/><D125/><U4/><E40/><V66/><F66/><W27/><G124/><T122/><D122/><U28/><E28/><V104/><F104/><W34/><G34/><T99/><D29/><U72/><E72/><V18/><F127/><W134/><G134/><T47/><D22/><U118/><E118/><V106/><F106/><W49/><G21/><T17/><D17/><AGARI ba="3,2" hai="4,7,9,14,17,58,60,65,76,81,83,84,86,88" machi="17" ten="30,7700,0" yaku="7,1,8,1,52,1,54,1" doraHai="85" who="1" fromWho="0" sc="125,-86,365,106,245,0,245,0" /><INIT seed="3,0,0,2,5,106" ten="39,471,245,245" oya="3" hai0="15,97,51,23,120,31,1,90,6,60,88,62,85" hai1="30,33,46,5,65,87,14,24,21,79,75,117,2" hai2="37,61,123,29,3,100,45,95,135,118,49,20,67" hai3="107,4,77,27,126,41,74,125,35,101,114,56,134"/><W12/><G114/><T38/><D120/><U64/><E117/><V66/><F3/><W9/><G134/><T43/><D38/><U89/><E46/><V57/><F118/><W115/><G115/><T16/><D97/><U17/><E75/><V84/><F135/><W112/><G112/><T80/><D90/><U96/><E96/><V111/><F111/><W124/><G41/><T91/><D91/><U78/><E79/><V130/><F37/><W128/><G128/><T22/><D1/><U103/><E103/><V70/><F70/><W10/><G101/><T131/><D131/><U19/><E19/><V133/><F133/><W76/><G107/><T102/><D102/><U86/><E78/><V122/><F130/><W119/><G119/><T8/><D31/><U7/><E7/><V71/><F71/><W109/><G109/><T93/><D23/><U63/><E63/><V40/><F67/><N who="1" m="25673" /><E89/><V69/><F69/><W48/><G74/><T52/><D43/><U92/><E92/><V32/><F32/><W36/><G36/><T116/><D116/><U72/><E72/><V108/><F108/><W28/><G9/><AGARI ba="0,0" hai="2,5,9,14,17,21,24,30,33,86,87" m="25673" machi="9" ten="30,1000,0" yaku="24,1" doraHai="106" who="1" fromWho="3" sc="39,0,471,10,245,0,245,-10" owari="39,-46.0,481,57.0,245,5.0,235,-16.0" /></mjloggm>