<mjloggm ver="2.3"><GO type="97" lobby="0"/><UN n0="%E3%82%A6%E3%83%AB%E3%83%88%E3%83%A9%E7%AB%8B%E7%9B%B4" n1="%E3%81%A6%E3%82%93%E3%81%BB%E3%81%86%EF%BC%88%E7%AC%91%EF%BC%89" n2="%E3%83%81%E3%83%BC%E3%83%94%E3%83%B3" n3="%E3%82%86%E3%81%86%E3%81%8F%E3%82%93%CE%A9" dan="15,16,14,14" rate="1997.33,2024.79,1848.60,1883.82" sx="M,M,M,M"/><TAIKYOKU oya="0"/><INIT seed="0,0,0,2,5,4" ten="250,250,250,250" oya="0" hai0="30,44,73,93,91,120,99,122,26,50,112,15,86" hai1="41,94,49,0,111,106,67,17,128,34,130,28,72" hai2="60,124,42,52,117,6,84,20,25,132,110,134,79" hai3="116,62,98,58,89,129,125,92,32,36,75,101,7"/><T100/><D73/><U83/><E106/><V43/><F124/><W54/><G32/><T10/><D112/><U24/><E111/><V80/><F110/><W90/><G75/><T68/><D68/><U127/><E127/><V56/><F117/><W16/><G116/><T71/><D71/><U38/><E67/><V126/><F126/><W96/><G36/><T74/><D74/><U33/><E94/><V69/><F69/><W108/><G129/><N who="1" m="49770" /><E0/><V115/><F115/><W76/><G76/><T46/><D120/><U5/><E5/><V103/><F103/><W45/><G7/><T22/><D122/><U64/><E64/><V135/><REACH who="2" step="1"/><F6/><REACH who="2" ten="250,250,240,250" step="2"/><W63/><G108/><T70/><D70/><U133/><E133/><V66/><F66/><W21/><G125/><T85/><D100/><U109/><E109/><V18/><AGARI ba="0,1" hai="18,20,25,42,43,52,56,60,79,80,84,132,134,135" machi="18" ten="30,7900,0" yaku="1,1,0,1,20,1,54,1,53,0" doraHai="4" doraHaiUra="87" who="2" fromWho="2" sc="250,-39,250,-20,240,89,250,-20" /><INIT seed="1,0,0,2,5,71" ten="211,230,329,230" oya="1" hai0="135,35,101,78,59,55,132,51,92,122,42,73,61" hai1="21,49,98,3,67,125,44,16,95,115,64,53,24" hai2="22,133,56,94,108,63,19,100,36,123,68,1,113" hai3="23,102,134,103,93,89,110,84,54,96,116,41,131"/><U0/><E125/><V109/><F123/><W70/><G70/><T130/><D35/><U58/><E115/><V48/><F1/><W82/><G110/><T65/><D78/><U8/><E0/><V43/><F113/><W120/><G120/><T62/><D73/><U4/><REACH who="1" step="1"/><E58/><REACH who="1" ten="211,220,329,230" step="2"/><V33/><F133/><W38/><G134/><T5/><D132/><U99/><E99/><V112/><F112/><W124/><G124/><T11/><D135/><U105/><E105/><V97/><F68/><W111/><G96/><T118/><D122/><U107/><E107/><V45/><F109/><W46/><G111/><T121/><D121/><U86/><E86/><V47/><F108/><W18/><G116/><T30/><D118/><U39/><E39/><V69/><F69/><W74/><G74/><T40/><D59/><U106/><E106/><V20/><F36/><W127/><G127/><T90/><D62/><U119/><E119/><V14/><F56/><W10/><G84/><T7/><D61/><U9/><E9/><V37/><F37/><W32/><G10/><T12/><D11/><U104/><E104/><V129/><F63/><W79/><G38/><T6/><D51/><U13/><E13/><V34/><F48/><W29/><G29/><T87/><D30/><U57/><E57/><V114/><F114/><W15/><G46/><T26/><D12/><U77/><E77/><V117/><F47/><W25/><G79/><T66/><D66/><U80/><E80/><V31/><F45/><W83/><G82/><T81/><D65/><U128/><E128/><V72/><F117/><RYUUKYOKU ba="0,1" sc="211,-10,220,30,329,-10,230,-10" hai1="3,4,8,16,21,24,44,49,53,64,67,95,98" /><INIT seed="1,1,1,1,0,118" ten="201,250,319,220" oya="1" hai0="135,130,56,124,115,79,111,38,81,14,2,76,65" hai1="104,132,89,77,86,125,59,67,62,53,37,20,21" hai2="33,52,92,28,83,127,119,36,73,27,35,54,9" hai3="71,17,106,34,69,45,94,98,5,107,128,50,91"/><U60/><E104/><V66/><F119/><W134/><G5/><T63/><D2/><U13/><E37/><V46/><F127/><W93/><G34/><T90/><D38/><U19/><E132/><V4/><F66/><W112/><G134/><T114/><D135/><U74/><E125/><V110/><F110/><W18/><G112/><T49/><D111/><U82/><E20/><V96/><F35/><W131/><G45/><T102/><D124/><U41/><E41/><V40/><F83/><W103/><G50/><T126/><D126/><U120/><E120/><V101/><REACH who="2" step="1"/><F73/><REACH who="2" ten="201,250,309,220" step="2"/><W10/><G69/><T43/><D115/><U80/><E67/><V31/><F31/><W97/><G71/><T129/><D114/><U12/><E62/><V122/><F122/><W100/><G10/><T55/><D65/><U22/><E22/><V61/><F61/><W29/><G29/><T32/><D32/><U3/><E3/><AGARI ba="1,2" hai="3,4,9,27,28,33,36,40,46,52,54,92,96,101" machi="3" ten="30,7700,0" yaku="1,1,7,1,54,1,53,1" doraHai="118" doraHaiUra="95" who="2" fromWho="1" sc="201,0,250,-80,309,100,220,0" /><INIT seed="2,0,0,5,5,135" ten="201,170,409,220" oya="2" hai0="60,19,46,50,9,124,8,113,95,56,22,72,102" hai1="110,71,33,130,7,68,105,47,41,100,17,92,52" hai2="101,51,62,4,44,80,84,24,37,116,134,14,91" hai3="26,10,30,89,131,88,112,122,103,98,18,87,36"/><V40/><F116/><W85/><G36/><T32/><D72/><U73/><E73/><V82/><F134/><W61/><G122/><T53/><D32/><U65/><E33/><V107/><F62/><W66/><G112/><T93/><D113/><U12/><E105/><V42/><F24/><W79/><G79/><T86/><D124/><U35/><E35/><V25/><F25/><W126/><G131/><T114/><D114/><U48/><E7/><V16/><F4/><W123/><G126/><T49/><D49/><U28/><E28/><V90/><F101/><W121/><G10/><T57/><D57/><U132/><E132/><V120/><F107/><W75/><G75/><T109/><D109/><U11/><E110/><V128/><F128/><W99/><G18/><T59/><D59/><U38/><E65/><V55/><F37/><W27/><G61/><T117/><D117/><U81/><E81/><V58/><F58/><W118/><G118/><T104/><D104/><U45/><REACH who="1" step="1"/><E130/><REACH who="1" ten="201,160,409,220" step="2"/><V129/><F129/><W77/><G66/><T5/><D5/><U119/><E119/><V127/><F127/><W78/><G30/><T76/><D95/><U34/><E34/><V70/><F120/><W1/><G1/><T106/><D106/><U63/><E63/><V94/><F94/><W3/><G3/><T69/><D93/><U67/><E67/><V115/><F115/><W31/><REACH who="3" step="1"/><G31/><REACH who="3" ten="201,160,409,210" step="2"/><T13/><D69/><U0/><E0/><V29/><F29/><W2/><G2/><T133/><D133/><U64/><E64/><V97/><F70/><W83/><G83/><RYUUKYOKU ba="0,2" sc="201,-15,160,15,409,-15,210,15" hai1="11,12,17,38,41,45,47,48,52,68,71,92,100" hai3="26,27,77,78,85,87,88,89,98,99,103,121,123" /><INIT seed="3,1,2,0,0,125" ten="186,175,394,225" oya="3" hai0="0,64,122,63,25,12,19,27,94,129,49,56,71" hai1="10,134,133,121,126,50,43,75,29,118,124,28,42" hai2="90,39,57,97,34,60,111,93,44,26,21,2,70" hai3="51,80,73,128,52,89,5,114,85,15,100,99,53"/><W78/><G114/><T37/><D0/><U41/><E121/><V101/><F2/><W116/><G116/><T76/><D37/><U86/><E75/><V30/><F111/><W110/><G110/><T11/><D122/><U109/><E109/><V13/><F70/><W103/><G53/><T7/><D129/><U131/><E118/><V123/><F123/><W88/><G5/><T83/><D94/><U92/><E10/><V6/><F44/><W84/><G15/><T4/><D71/><U33/><E50/><V102/><F39/><W16/><G16/><T54/><D7/><U58/><E58/><V113/><F34/><W1/><G1/><T3/><D3/><U77/><E33/><V120/><F120/><W79/><G52/><T46/><REACH who="0" step="1"/><D4/><REACH who="0" ten="176,175,394,225" step="2"/><U47/><E131/><V18/><F113/><W96/><G128/><T87/><AGARI ba="1,3" hai="11,12,19,25,27,46,49,54,56,63,64,76,83,87" machi="87" ten="20,8000,1" yaku="1,1,2,1,0,1,7,1,8,1,53,0" doraHai="125" doraHaiUra="67" who="0" fromWho="0" sc="176,113,175,-21,394,-21,225,-41" owari="289,9.0,154,-35.0,373,48.0,184,-22.0" /></mjloggm>