<mjloggm ver="2.3"><GO type="169" lobby="0"/><UN n0="%EF%BC%88%E2%89%A7%E2%96%BD%E2%89%A6%EF%BC%89" n1="%E3%83%88%E3%83%90%E3%82%BE" n2="%E3%83%99%E3%82%BF%E3%82%AA%E3%83%AA%E3%82%B9%E3%82%AF" n3="%E3%81%8B%E3%82%89%E3%81%8F%E3%82%8A%E5%B1%8B%E6%95%B7" dan="19,18,16,17" rate="2276.97,2146.58,2050.87,2114.03" sx="M,M,M,M"/><TAIKYOKU oya="0"/><INIT seed="0,0,0,0,3,1" ten="250,250,250,250" oya="0" hai0="132,44,25,74,75,94,10,118,109,105,126,12,41" hai1="54,84,27,99,127,117,91,89,52,23,85,106,62" hai2="55,65,123,14,2,133,110,48,39,9,121,6,40" hai3="43,86,111,100,78,68,28,135,108,103,24,46,47"/><T58/><D118/><U71/><E117/><V38/><F110/><W33/><G68/><T67/><D105/><U53/><E127/><V116/><F116/><W8/><G135/><T119/><D119/><U36/><E36/><V21/><F133/><W95/><G47/><T0/><D0/><U63/><E106/><V98/><F65/><W129/><G129/><T104/><D104/><U42/><E42/><V130/><F130/><W82/><G8/><T3/><D3/><U96/><E71/><V92/><F39/><W5/><G95/><T128/><D128/><U18/><E99/><V35/><F35/><W19/><G19/><T122/><D75/><U59/><E96/><V107/><F107/><W72/><G86/><N who="1" m="33386" /><E62/><V69/><F69/><W80/><G80/><T79/><D74/><U87/><E91/><V7/><F40/><W76/><G76/><T49/><D126/><U26/><E27/><V20/><F38/><W124/><G124/><T102/><D132/><U93/><AGARI ba="0,0" hai="18,23,26,52,53,54,59,63,87,89,93" m="33386" machi="93" ten="30,2000,0" yaku="8,1,54,1" doraHai="1" who="1" fromWho="1" sc="250,-10,250,20,250,-5,250,-5" /><INIT seed="1,0,0,5,0,55" ten="240,270,245,245" oya="1" hai0="129,0,112,28,48,61,49,100,124,114,86,42,35" hai1="70,79,36,127,117,8,72,94,73,44,18,58,87" hai2="10,118,90,107,98,21,115,71,60,81,6,14,2" hai3="11,104,133,82,31,95,130,24,32,50,20,66,23"/><U34/><E117/><V120/><F118/><W116/><G116/><T68/><D0/><U30/><E70/><V125/><F120/><W135/><G104/><T7/><D7/><U97/><E127/><V33/><F33/><W89/><G66/><T75/><D75/><U45/><E87/><V51/><F125/><W17/><G82/><T113/><D124/><U40/><E45/><V131/><F131/><W25/><G50/><T101/><D129/><U9/><E79/><V99/><F115/><W67/><G130/><T4/><D4/><U59/><E73/><V16/><F107/><W74/><G74/><T38/><D86/><U52/><E72/><V56/><F81/><W76/><G76/><T85/><D85/><U111/><E111/><V92/><F51/><W12/><G67/><N who="0" m="41071" /><D38/><U121/><E121/><V22/><F71/><W96/><REACH who="3" step="1"/><G32/><REACH who="3" ten="240,270,245,235" step="2"/><T78/><D48/><U19/><E34/><V65/><REACH who="2" step="1"/><F98/><REACH who="2" ten="240,270,235,235" step="2"/><W88/><G88/><T103/><D49/><U43/><E97/><V5/><F5/><AGARI ba="0,2" hai="5,11,12,17,20,23,24,25,31,89,95,96,133,135" machi="5" ten="40,1300,0" yaku="1,1,53,0" doraHai="55" doraHaiUra="119" who="3" fromWho="2" sc="240,0,270,0,235,-13,235,33" /><INIT seed="2,0,0,2,3,109" ten="240,270,222,268" oya="2" hai0="79,70,54,53,32,28,18,85,67,89,95,39,44" hai1="64,17,20,12,46,108,36,60,43,5,38,19,86" hai2="111,114,73,69,129,90,62,65,131,71,51,6,63" hai3="74,80,33,126,100,58,15,127,14,110,99,78,94"/><V87/><F73/><W27/><G110/><T103/><D32/><U30/><E108/><V124/><F111/><W42/><G42/><T11/><D28/><U123/><E30/><V25/><F124/><W81/><G33/><T7/><D18/><U52/><E5/><V2/><F51/><W37/><G27/><T119/><D119/><U115/><E123/><V66/><F25/><W75/><G37/><T105/><D79/><U93/><E38/><V133/><F133/><W55/><G80/><T102/><D70/><U117/><E117/><V82/><REACH who="2" step="1"/><F114/><REACH who="2" ten="240,270,212,268" step="2"/><W88/><G75/><T50/><D39/><U8/><E115/><V13/><F13/><W125/><REACH who="3" step="1"/><G100/><REACH who="3" ten="240,270,212,258" step="2"/><T34/><D103/><U135/><E36/><V1/><F1/><W45/><G45/><T59/><D44/><U98/><E46/><V96/><F96/><W9/><G9/><AGARI ba="0,2" hai="2,6,9,62,63,65,66,69,71,82,87,90,129,131" machi="9" ten="40,3900,0" yaku="1,1,9,1,53,0" doraHai="109" doraHaiUra="101" who="2" fromWho="3" sc="240,0,270,0,212,59,258,-39" /><INIT seed="2,1,0,5,4,103" ten="240,270,271,219" oya="2" hai0="24,133,19,46,65,4,11,70,107,3,86,55,71" hai1="99,80,134,81,77,84,122,17,1,62,118,10,60" hai2="67,73,27,5,104,92,14,54,123,96,58,114,113" hai3="47,98,130,41,108,31,48,50,2,40,124,44,21"/><V88/><F123/><W82/><G2/><T37/><D133/><U79/><E118/><V75/><F67/><W28/><G124/><T15/><D107/><U129/><E134/><V105/><F27/><W72/><G130/><T87/><D24/><U95/><E129/><V131/><F131/><W23/><G108/><T109/><D109/><U12/><E1/><V68/><F68/><W115/><G115/><N who="2" m="44041" /><F14/><W51/><G98/><T25/><D25/><U78/><E122/><V64/><F5/><W18/><G72/><N who="2" m="27721" /><F54/><W42/><G18/><T0/><D0/><U97/><E97/><N who="2" m="57479" /><F58/><W128/><G82/><N who="1" m="31850" /><E84/><V101/><F64/><W45/><REACH who="3" step="1"/><G128/><REACH who="3" ten="240,270,271,209" step="2"/><T116/><D3/><U49/><E17/><V120/><F120/><W93/><G93/><AGARI ba="1,1" hai="93,96,101,104,105" m="57479,27721,44041" machi="93" ten="30,12000,1" yaku="34,2,52,2,54,1" doraHai="103" who="2" fromWho="3" sc="240,0,270,0,271,133,209,-123" /><INIT seed="2,2,0,2,5,92" ten="240,270,404,86" oya="2" hai0="14,133,62,41,74,105,113,24,124,2,40,118,115" hai1="69,38,16,57,131,122,99,104,7,127,130,13,42" hai2="116,72,4,31,46,29,86,39,49,17,82,111,6" hai3="79,135,120,68,103,93,61,50,3,75,37,98,106"/><V34/><F116/><W33/><G120/><T47/><D2/><U114/><E114/><V10/><F72/><W11/><G135/><T95/><D105/><U119/><E119/><V56/><F39/><W78/><G50/><T21/><D74/><U51/><E69/><V107/><F107/><W89/><G79/><T83/><D124/><U101/><E7/><N who="2" m="2603" /><F56/><W19/><G19/><T126/><D126/><U87/><E127/><V110/><F34/><W102/><G11/><T97/><D83/><U108/><E122/><V48/><F17/><W25/><G102/><T28/><D133/><U18/><E38/><V77/><F10/><W65/><G93/><T76/><D118/><U129/><E108/><N who="2" m="41515" /><F49/><W94/><G37/><T71/><D71/><U44/><E13/><V26/><F26/><W112/><G112/><T80/><D14/><U128/><E128/><V9/><F9/><W70/><G70/><T20/><D115/><U23/><E23/><V1/><F1/><W73/><G78/><T43/><D113/><U88/><REACH who="1" step="1"/><E57/><REACH who="1" ten="240,260,404,86" step="2"/><V54/><AGARI ba="2,1" hai="29,31,46,48,54,77,82,86" m="41515,2603" machi="54" ten="30,3000,0" yaku="14,1,10,1" doraHai="92" who="2" fromWho="2" sc="240,-12,260,-12,404,46,86,-12" /><INIT seed="2,3,0,2,0,113" ten="228,248,450,74" oya="2" hai0="75,45,21,2,85,84,27,87,133,63,80,40,135" hai1="91,23,71,13,43,33,22,107,89,28,76,118,55" hai2="110,62,57,78,11,120,35,96,128,81,131,39,108" hai3="26,125,64,29,103,74,79,19,111,20,49,70,60"/><V37/><F35/><W18/><G125/><T34/><D34/><U72/><E33/><V65/><F96/><W117/><G111/><N who="2" m="42537" /><F11/><W115/><G103/><T46/><D63/><U130/><E107/><V5/><F5/><W90/><G117/><T101/><D2/><U67/><E118/><V56/><F120/><W41/><G115/><T88/><D101/><U92/><E130/><N who="2" m="49707" /><F57/><W123/><G123/><T94/><D21/><U93/><E23/><V124/><F124/><W38/><G38/><T82/><D133/><U17/><E22/><V100/><F100/><W48/><G19/><T132/><D135/><U59/><E17/><V32/><F32/><W30/><G30/><T98/><D132/><U52/><E59/><V7/><F7/><W122/><G29/><T97/><D97/><U58/><E28/><V68/><F68/><W47/><G122/><T112/><D98/><U1/><E58/><V16/><F16/><W25/><G25/><T104/><D27/><U42/><E71/><V36/><F36/><W126/><G126/><T106/><D112/><U10/><E10/><V6/><F6/><W0/><G0/><T77/><D106/><U4/><E4/><V119/><F119/><W102/><G102/><T114/><D104/><U15/><E1/><V121/><F121/><W127/><G127/><T86/><D114/><U134/><E134/><V8/><F8/><W50/><G18/><T61/><D94/><U69/><E69/><V73/><AGARI ba="3,0" hai="37,39,56,62,65,73,78,81" m="49707,42537" machi="73" ten="30,6000,0" yaku="14,1,10,1,19,1" doraHai="113" who="2" fromWho="2" sc="228,-23,248,-23,450,69,74,-23" /><INIT seed="2,4,0,2,1,2" ten="205,225,519,51" oya="2" hai0="23,75,79,74,104,49,122,21,43,27,86,4,9" hai1="38,54,18,19,72,25,94,22,115,84,92,106,95" hai2="123,91,61,133,60,99,41,44,128,0,10,70,32" hai3="119,129,55,88,125,100,52,66,82,135,109,36,50"/><V1/><F123/><W13/><G119/><T126/><D104/><U58/><E115/><V37/><F32/><W68/><G109/><T110/><D122/><U93/><E72/><V35/><F35/><W71/><G129/><T14/><D110/><U12/><E38/><V34/><F34/><W73/><G36/><T131/><D126/><U112/><E106/><V3/><F133/><W97/><G125/><T130/><D75/><U28/><E112/><V39/><F128/><N who="0" m="49194" /><D74/><U6/><E6/><V45/><F70/><W96/><G135/><T57/><D27/><U16/><E84/><V90/><F10/><W46/><G66/><T76/><D57/><U26/><N who="1" m="23552" /><DORA hai="30" /><U8/><REACH who="1" step="1"/><E26/><REACH who="1" ten="205,215,519,51" step="2"/><V101/><F99/><W117/><G97/><T118/><D86/><U63/><AGARI ba="4,1" hai="8,12,16,18,19,22,25,28,54,58,63" m="23552" machi="63" ten="40,16000,3" yaku="1,1,2,1,0,1,8,1,54,1,53,3" doraHai="2,30" doraHaiUra="114,15" who="1" fromWho="1" sc="205,-44,215,182,519,-84,51,-44" /><INIT seed="3,0,0,4,1,6" ten="161,397,435,7" oya="3" hai0="72,82,118,65,135,0,31,94,36,68,46,86,91" hai1="108,109,130,63,95,79,133,83,10,115,55,13,74" hai2="96,111,28,125,128,44,35,45,22,119,41,56,51" hai3="5,59,81,123,32,58,120,99,24,110,102,131,25"/><W116/><G116/><T12/><D118/><U20/><E115/><V50/><F119/><W78/><G5/><T37/><D0/><U127/><E127/><V90/><F35/><W60/><G131/><T8/><D135/><U4/><E133/><V62/><F111/><N who="1" m="42569" /><E130/><V52/><F128/><W29/><G110/><T107/><D31/><U1/><E95/><N who="2" m="56439" /><F125/><W14/><G24/><T23/><D23/><U105/><E105/><V57/><F62/><W11/><G59/><T121/><D121/><U84/><E20/><V16/><F28/><W126/><G126/><T27/><D46/><U87/><E1/><V132/><F132/><W40/><G40/><T39/><D27/><AGARI ba="0,0" hai="16,22,27,41,44,45,50,51,52,56,57" m="56439" machi="27" ten="30,3900,0" yaku="8,1,54,2" doraHai="6" who="2" fromWho="0" sc="161,-39,397,0,435,39,7,0" /><INIT seed="4,0,0,4,5,55" ten="122,397,474,7" oya="0" hai0="133,128,81,119,110,100,31,96,45,16,120,34,73" hai1="108,57,117,124,74,63,66,64,91,114,106,99,52" hai2="39,79,3,76,88,40,78,7,70,18,127,125,92" hai3="54,56,38,24,122,29,35,109,6,22,44,75,42"/><T36/><D120/><U13/><E108/><V23/><F70/><W131/><G122/><T48/><D36/><U8/><E117/><V105/><F105/><W43/><G109/><T15/><D119/><U72/><E124/><V1/><F7/><W80/><G43/><T4/><D4/><U126/><E126/><N who="2" m="48139" /><F40/><W71/><G71/><T135/><D128/><U89/><E114/><V20/><F39/><W50/><G131/><T46/><D110/><U85/><E74/><V12/><F23/><W19/><G6/><T11/><D31/><U5/><E72/><V102/><F102/><W28/><G75/><T132/><D34/><U25/><E25/><V86/><AGARI ba="0,0" hai="1,3,12,18,20,76,78,79,86,88,92" m="48139" machi="86" ten="30,2000,0" yaku="18,1,54,1" doraHai="55" who="2" fromWho="2" sc="122,-10,397,-5,474,20,7,-5" /><INIT seed="5,0,0,3,2,55" ten="112,392,494,2" oya="1" hai0="79,46,25,60,76,16,41,121,118,13,89,33,36" hai1="45,91,17,103,87,92,59,1,19,111,102,119,131" hai2="72,9,84,12,126,73,42,96,43,2,67,129,29" hai3="37,62,7,6,127,93,100,0,68,4,5,47,34"/><U35/><E119/><V50/><F2/><W101/><G34/><T115/><D115/><U86/><E35/><V56/><F29/><W53/><G127/><T48/><D118/><U108/><E1/><V134/><F134/><W120/><G120/><T63/><D121/><U22/><E131/><V106/><F129/><W3/><G3/><T81/><D36/><U38/><E38/><V26/><F26/><W23/><G0/><T49/><D25/><U61/><E45/><V104/><F126/><W74/><G74/><T123/><D48/><U105/><E87/><V65/><F84/><W95/><G68/><T69/><D69/><U75/><E75/><V135/><F135/><W132/><G132/><T28/><D28/><U125/><E125/><V24/><F24/><W51/><N who="3" m="1024" /><DORA hai="113" /><W20/><G37/><T10/><D33/><U78/><E78/><N who="0" m="29737" /><D123/><U80/><E80/><V57/><F50/><W82/><G82/><T21/><D81/><U8/><E8/><V44/><F9/><W94/><G62/><N who="0" m="23595" /><D89/><U31/><E31/><V122/><F122/><W116/><G116/><T18/><D18/><U133/><E19/><V40/><F44/><W98/><G98/><T117/><D117/><U11/><E11/><AGARI ba="0,0" hai="10,11,13,16,21,41,46,49" m="23595,29737" machi="11" ten="30,2000,0" yaku="8,1,54,1" doraHai="55,113" who="0" fromWho="1" sc="112,20,392,-20,494,0,2,0" /><INIT seed="6,0,0,0,2,13" ten="132,372,494,2" oya="2" hai0="118,50,34,76,48,45,104,121,53,98,47,129,66" hai1="122,126,44,82,11,88,130,109,0,33,39,59,24" hai2="95,135,133,107,74,80,4,119,91,17,57,26,97" hai3="15,28,78,62,29,30,90,14,115,81,19,71,41"/><V56/><F4/><W112/><G41/><T100/><D34/><U92/><E109/><V113/><F119/><W87/><G71/><T123/><D118/><U134/><E130/><V12/><F26/><W132/><G14/><T9/><D129/><U77/><E134/><N who="2" m="51211" /><F107/><W110/><G132/><T54/><D76/><U99/><E126/><V73/><F113/><N who="3" m="43595" /><G62/><T70/><D9/><U120/><E59/><N who="2" m="22603" /><F80/><W111/><G78/><T35/><D35/><U6/><E24/><V85/><F97/><W10/><AGARI ba="0,0" hai="10,15,19,28,29,30,81,87,90,110,111" m="43595" machi="10" ten="30,4000,0" yaku="15,1,11,1,52,1" doraHai="13" who="3" fromWho="3" sc="132,-10,372,-10,494,-20,2,40" /><INIT seed="7,0,0,0,2,89" ten="122,362,474,42" oya="3" hai0="75,101,112,81,127,126,3,84,105,108,103,2,109" hai1="102,92,5,128,90,78,95,28,35,60,113,67,121" hai2="135,56,65,46,53,4,33,27,52,15,129,13,93" hai3="71,59,116,20,88,32,43,91,74,18,7,83,94"/><W50/><G32/><T77/><D112/><U17/><E121/><V80/><F135/><W42/><G71/><T1/><D84/><U23/><E113/><V100/><F129/><W122/><G122/><T104/><D103/><U19/><E78/><V31/><F65/><W86/><G7/><T6/><D6/><U11/><E128/><V98/><F4/><W97/><G116/><T34/><D34/><U21/><E35/><V68/><F68/><W62/><G74/><T115/><D115/><U12/><E28/><V111/><F111/><N who="0" m="42570" /><D101/><U38/><E38/><V114/><F114/><W61/><G50/><T118/><D118/><U14/><E102/><V96/><F96/><W54/><G62/><T45/><D45/><U79/><E79/><V134/><F134/><W85/><G85/><T124/><AGARI ba="0,0" hai="1,2,3,75,77,81,104,105,124,126,127" m="42570" machi="124" ten="50,3200,0" yaku="18,1,23,1" doraHai="89" who="0" fromWho="0" sc="122,32,362,-8,474,-8,42,-16" owari="154,-25.0,354,15.0,466,57.0,26,-47.0" /></mjloggm>