<mjloggm ver="2.3"><GO type="225" lobby="0"/><UN n0="%E6%94%AF%E5%80%89%E6%9B%9C%E5%AD%90" n1="%E5%8F%8D%E9%80%86%E3%81%84%E3%82%8B%E3%81%84%E3%82%8B" n2="%E5%8C%97%E3%81%AE%E3%82%B5%E3%82%A6%E3%82%B9%E3%83%9D%E3%83%BC" n3="%E3%82%A6%E3%83%AB%E3%83%88%E3%83%A9%E7%AB%8B%E7%9B%B4" dan="17,17,16,16" rate="2147.35,2210.14,2075.03,2015.51" sx="F,F,M,M"/><TAIKYOKU oya="0"/><INIT seed="0,0,0,4,0,71" ten="250,250,250,250" oya="0" hai0="129,104,38,128,90,28,24,10,12,76,60,70,94" hai1="21,3,48,85,126,58,80,14,132,89,20,23,56" hai2="17,88,131,111,42,62,11,113,37,101,79,103,130" hai3="52,106,27,45,1,100,26,82,110,134,32,59,86"/><T127/><D104/><U125/><E3/><V91/><F113/><W43/><G1/><T102/><D102/><N who="2" m="38922" /><F79/><W109/><G134/><T51/><D51/><U33/><E33/><V117/><F111/><N who="3" m="42507" /><G100/><T99/><D76/><U73/><E132/><V107/><F107/><W54/><G106/><T124/><D60/><U98/><E73/><V25/><F117/><W41/><G41/><T44/><D70/><U105/><E14/><N who="2" m="7391" /><F25/><N who="3" m="9227" /><G59/><T8/><D44/><U49/><E105/><V64/><F42/><W115/><G32/><N who="0" m="20487" /><D38/><U40/><E40/><V5/><F37/><N who="3" m="21743" /><G115/><T0/><D0/><U74/><E74/><V67/><F67/><W66/><G66/><T15/><D15/><U133/><E133/><V95/><F64/><W116/><G116/><T122/><D122/><U84/><E125/><N who="0" m="48201" /><D12/><U119/><E126/><V29/><F62/><W78/><AGARI ba="0,0" hai="52,54,78,82,86" m="21743,9227,42507" machi="78" ten="30,4000,0" yaku="14,1,52,1,54,1" doraHai="71" who="3" fromWho="3" sc="250,-20,250,-10,250,-10,250,40" /><INIT seed="1,0,0,2,4,49" ten="230,240,240,290" oya="1" hai0="98,8,56,6,117,65,71,125,11,48,132,86,118" hai1="126,127,44,45,39,40,109,116,38,32,72,95,5" hai2="21,9,120,73,99,82,104,31,28,59,24,121,37" hai3="4,20,52,129,70,12,123,102,34,90,64,110,131"/><U88/><E72/><V30/><F37/><W69/><G34/><T42/><D71/><U108/><E32/><V106/><F9/><N who="3" m="4135" /><G64/><T16/><D132/><U112/><E112/><V66/><F66/><W85/><G102/><T13/><D125/><N who="1" m="47627" /><E116/><V0/><F0/><W25/><G110/><N who="1" m="42602" /><E5/><V10/><F73/><W46/><G123/><T7/><D117/><U17/><E17/><V74/><F74/><W26/><G69/><T62/><D118/><U3/><E3/><V18/><F121/><W101/><G70/><T89/><D98/><N who="1" m="57703" /><E45/><V94/><F120/><W80/><G20/><T105/><D7/><U58/><E58/><V51/><F59/><W61/><G25/><T83/><D6/><U96/><E96/><V68/><F68/><W2/><G26/><T41/><D16/><U135/><E39/><V81/><F10/><W103/><G2/><T78/><D8/><U133/><AGARI ba="0,0" hai="38,40,44,133,135" m="57703,42602,47627" machi="133" ten="40,12000,1" yaku="18,1,14,1,10,1,54,1" doraHai="49" who="1" fromWho="1" sc="230,-40,240,120,240,-40,290,-40" /><INIT seed="1,1,0,3,4,16" ten="190,360,200,250" oya="1" hai0="80,84,108,72,111,76,65,22,29,56,71,54,55" hai1="117,104,113,82,70,116,3,81,102,112,40,11,97" hai2="9,131,2,103,67,58,134,42,124,57,86,61,17" hai3="38,5,109,26,90,23,32,37,7,48,99,15,129"/><U74/><E70/><V49/><F131/><W1/><G1/><T18/><D29/><U41/><E3/><V130/><F130/><W62/><G32/><T75/><D71/><U34/><E34/><V127/><F134/><W100/><G109/><N who="0" m="42059" /><D65/><U107/><E11/><V121/><F121/><W119/><G129/><T50/><D55/><U43/><E104/><V79/><F103/><W91/><G38/><T132/><D132/><U66/><E66/><V21/><F79/><W126/><G37/><T51/><D51/><U33/><E33/><V105/><F86/><W27/><G62/><T64/><D64/><U60/><E60/><V63/><F105/><W125/><G48/><T6/><D6/><U92/><E107/><V13/><F2/><W35/><G35/><T39/><D39/><U101/><E74/><V0/><F0/><W25/><G119/><T95/><D95/><U45/><E117/><V83/><F9/><W94/><G7/><T10/><D10/><U24/><E116/><V88/><F49/><W30/><G5/><T46/><D46/><U93/><E45/><V96/><F42/><W110/><G110/><T122/><D122/><U12/><E43/><V52/><REACH who="2" step="1"/><F83/><REACH who="2" ten="190,360,190,250" step="2"/><W89/><G30/><T123/><D123/><U47/><E82/><V14/><F14/><AGARI ba="1,1" hai="14,18,22,50,54,56,72,75,76,80,84" m="42059" machi="14" ten="30,2000,0" yaku="14,1,52,1" doraHai="16" who="0" fromWho="2" sc="190,33,360,0,190,-23,250,0" /><INIT seed="2,0,0,5,1,101" ten="223,360,167,250" oya="2" hai0="49,51,108,89,3,46,44,32,79,11,39,28,109" hai1="30,58,86,19,41,123,113,48,2,117,124,127,53" hai2="17,62,92,25,100,94,8,102,126,64,90,72,103" hai3="59,12,85,69,131,20,115,56,15,122,80,1,21"/><V118/><F118/><W66/><G69/><T24/><D79/><U68/><E68/><V81/><F126/><N who="1" m="48169" /><E117/><V43/><F43/><W97/><G1/><T4/><D89/><U7/><E113/><V18/><F72/><W35/><G35/><T31/><D31/><U61/><E123/><V6/><F81/><W99/><G122/><T38/><D46/><N who="1" m="25679" /><E30/><V27/><F27/><W36/><G36/><T75/><D75/><U71/><E71/><V135/><F135/><W29/><G29/><T40/><REACH who="0" step="1"/><D51/><REACH who="0" ten="213,360,167,250" step="2"/><U125/><E125/><V54/><F54/><W42/><G115/><T134/><D134/><U13/><E53/><V37/><F37/><AGARI ba="0,1" hai="3,4,11,24,28,32,37,38,39,40,44,49,108,109" machi="37" ten="40,1300,0" yaku="1,1,53,0" doraHai="101" doraHaiUra="110" who="0" fromWho="2" sc="213,23,360,0,167,-13,250,0" /><INIT seed="3,0,0,4,4,4" ten="236,360,154,250" oya="3" hai0="108,107,74,10,52,116,99,113,112,130,85,79,115" hai1="22,15,102,134,86,58,67,30,75,31,89,80,20" hai2="39,135,120,0,124,128,14,88,33,69,95,87,61" hai3="100,105,40,96,48,71,131,98,37,62,43,91,94"/><W56/><G71/><T26/><D116/><U45/><E75/><V81/><F0/><W44/><G131/><T6/><D130/><U53/><E134/><V70/><F128/><W41/><REACH who="3" step="1"/><G37/><REACH who="3" ten="236,360,154,240" step="2"/><T127/><D112/><U65/><E65/><AGARI ba="0,1" hai="40,41,43,44,48,56,62,65,91,94,96,98,100,105" machi="65" ten="30,11600,0" yaku="1,1,2,1,7,1,53,1" doraHai="4" doraHaiUra="63" who="3" fromWho="1" sc="236,0,360,-116,154,0,240,126" owari="236,-16.0,244,4.0,154,-35.0,366,47.0" /></mjloggm>