<mjloggm ver="2.3"><GO type="41" lobby="0"/><UN n0="%62%75%68%69%33%33" n1="%E5%81%BD%E5%96%84%E8%80%85%E9%AB%98%E6%A9%8B%E3%81%BF%E3%81%AA%E3%81%BF" n2="%E5%B0%91%E7%89%8C%E7%AB%8B%E7%9B%B4" n3="%E3%82%A6%E3%83%AB%E3%83%88%E3%83%A9%E7%AB%8B%E7%9B%B4" dan="15,13,14,15" rate="1961.25,1905.22,1936.68,1963.66" sx="M,F,M,M"/><TAIKYOKU oya="0"/><INIT seed="0,0,0,1,0,47" ten="250,250,250,250" oya="0" hai0="114,36,1,38,119,106,85,89,30,25,52,75,103" hai1="4,56,59,84,76,74,35,23,34,99,70,28,57" hai2="39,86,104,29,113,79,72,117,0,5,51,132,91" hai3="18,46,66,98,95,115,130,127,13,68,15,111,108"/><T10/><D119/><U112/><E74/><V11/><F104/><W48/><G115/><T54/><D114/><U126/><E112/><V26/><F113/><W102/><G127/><T22/><D75/><U120/><E70/><V49/><F132/><W37/><G37/><T8/><D103/><U109/><E120/><V19/><F19/><W131/><G66/><T96/><D96/><U7/><E126/><V80/><F117/><W134/><G68/><T94/><D106/><U100/><E109/><N who="3" m="42058" /><G134/><T33/><D33/><U44/><E34/><V61/><F39/><W6/><G6/><T128/><D128/><N who="3" m="49193" /><G18/><T9/><D1/><U3/><E35/><V64/><F29/><W101/><G101/><T31/><D31/><U16/><E28/><V118/><F26/><W12/><G12/><T90/><D90/><U14/><E3/><V45/><F118/><W69/><G69/><T24/><D24/><U83/><REACH who="1" step="1"/><E44/><REACH who="1" ten="250,240,250,250" step="2"/><V110/><F45/><W82/><G82/><T123/><REACH who="0" step="1"/><D123/><REACH who="0" ten="240,240,250,250" step="2"/><U87/><E87/><V125/><F110/><W135/><G135/><T77/><D77/><U93/><AGARI ba="0,2" hai="4,7,14,16,23,56,57,59,76,83,84,93,99,100" machi="93" ten="30,7900,0" yaku="1,1,0,1,8,1,54,1,53,0" doraHai="47" doraHaiUra="41" who="1" fromWho="1" sc="240,-39,240,99,250,-20,250,-20" /><INIT seed="1,0,0,3,5,11" ten="201,339,230,230" oya="1" hai0="22,57,50,124,37,67,10,34,58,89,134,119,5" hai1="1,120,49,102,63,3,80,111,74,72,24,62,127" hai2="97,135,36,39,48,28,40,9,68,35,70,116,123" hai3="94,90,79,115,121,26,75,21,78,41,110,31,13"/><U83/><E24/><V118/><F123/><W64/><G121/><T12/><D119/><U45/><E120/><V112/><F97/><W128/><G115/><T92/><D134/><U76/><E102/><V73/><F73/><W84/><G128/><T85/><D37/><U29/><E29/><V99/><F99/><W101/><G75/><T18/><D34/><U33/><E33/><V38/><F9/><W131/><G131/><T16/><D124/><U14/><E127/><V53/><F28/><W46/><G64/><T44/><D67/><U77/><E111/><V59/><F35/><W2/><G2/><T52/><D18/><U122/><E122/><V130/><F130/><W47/><G101/><T105/><D105/><U30/><E30/><V109/><F109/><W103/><G103/><T100/><D100/><U91/><E91/><V6/><F6/><W8/><G110/><T86/><D86/><U93/><E93/><V32/><F32/><W51/><REACH who="3" step="1"/><G47/><REACH who="3" ten="201,339,230,220" step="2"/><T17/><D17/><AGARI ba="0,1" hai="8,13,17,21,26,31,41,46,51,78,79,84,90,94" machi="17" ten="30,12000,2" yaku="1,1,2,1,7,1,8,1,52,1,53,1" doraHai="11" doraHaiUra="7" who="3" fromWho="0" sc="201,-120,339,0,230,0,220,130" /><INIT seed="2,0,0,1,5,123" ten="81,339,230,350" oya="2" hai0="71,66,57,134,1,9,84,130,63,5,94,28,65" hai1="59,21,99,47,105,90,2,16,7,107,14,62,55" hai2="25,35,101,67,39,104,97,113,53,73,22,3,79" hai3="132,131,6,115,93,61,10,127,91,40,69,46,44"/><V72/><F113/><W64/><G127/><T70/><D134/><U58/><E47/><V129/><F3/><W31/><G132/><T117/><D117/><U48/><E2/><V56/><F39/><W81/><G131/><T120/><D130/><U82/><E7/><V24/><F129/><W125/><G125/><T110/><D120/><U51/><E51/><V96/><F96/><W116/><G116/><T23/><D28/><U87/><REACH who="1" step="1"/><E99/><REACH who="1" ten="81,329,230,350" step="2"/><V126/><F126/><W37/><G46/><T36/><D36/><U76/><E76/><V78/><F79/><W128/><G44/><T38/><D38/><U0/><E0/><V12/><F78/><W17/><G6/><T11/><D5/><U109/><E109/><V75/><F97/><W121/><G37/><T45/><D1/><U89/><E89/><V133/><F133/><W98/><G91/><T43/><D45/><U49/><E49/><V8/><F75/><W19/><G128/><T119/><D119/><U100/><E100/><V27/><F101/><W33/><G98/><T60/><D110/><U92/><E92/><V88/><F73/><W83/><G93/><T122/><D122/><U20/><E20/><V68/><F88/><W86/><G121/><T114/><D23/><U80/><E80/><V77/><F22/><W52/><G83/><T111/><D111/><U4/><E4/><V50/><F72/><W102/><G81/><T112/><D94/><U118/><E118/><V106/><F77/><W13/><G102/><T30/><D114/><U26/><E26/><V124/><F27/><W95/><G115/><RYUUKYOKU ba="0,1" sc="81,-10,329,30,230,-10,350,-10" hai1="14,16,21,48,55,58,59,62,82,87,90,105,107" /><INIT seed="3,1,1,2,0,122" ten="71,359,220,340" oya="3" hai0="114,60,113,68,132,133,116,8,27,62,75,16,130" hai1="120,76,55,67,129,79,64,81,49,69,111,41,96" hai2="53,89,124,94,58,43,20,30,12,82,104,38,35" hai3="31,7,65,80,135,119,101,91,108,92,107,90,71"/><W88/><G7/><T10/><D116/><U52/><E79/><V50/><F104/><W15/><G15/><T57/><D130/><U127/><E96/><V73/><F35/><W56/><G56/><T84/><D75/><U118/><E81/><V1/><F1/><W93/><G65/><T106/><D106/><U109/><E76/><V45/><F124/><W29/><G71/><T3/><D84/><U99/><E99/><V121/><F121/><W112/><G29/><T83/><D83/><U46/><E120/><V54/><F54/><W78/><G31/><T17/><D68/><U6/><E6/><V98/><F30/><W100/><G119/><T11/><D3/><U48/><E118/><V51/><F12/><W44/><G44/><T26/><D11/><U36/><E127/><V77/><REACH who="2" step="1"/><F20/><REACH who="2" ten="71,359,210,340" step="2"/><W39/><G107/><T61/><D61/><AGARI ba="1,2" hai="38,43,45,50,51,53,58,61,73,77,82,89,94,98" machi="61" ten="30,3900,0" yaku="1,1,2,1,7,1,53,0" doraHai="122" doraHaiUra="34" who="2" fromWho="0" sc="71,-42,359,0,210,62,340,0" /><INIT seed="4,0,0,1,0,41" ten="29,359,272,340" oya="0" hai0="52,122,44,19,115,10,128,120,48,102,126,50,18" hai1="65,127,39,90,59,125,29,12,5,130,85,72,134" hai2="118,11,82,58,63,79,3,47,86,92,53,101,91" hai3="66,129,43,103,106,132,96,35,114,4,1,110,135"/><T117/><D117/><U56/><E72/><V98/><F118/><W105/><G110/><T24/><D115/><U9/><E134/><V16/><F3/><W55/><G55/><T14/><D128/><U123/><E123/><V60/><F60/><W124/><G114/><T32/><D126/><U116/><E116/><V104/><F11/><W57/><G57/><T23/><D32/><U61/><E130/><V28/><F28/><W71/><G106/><T62/><D62/><U131/><E131/><V97/><F16/><W108/><G108/><T75/><D75/><U81/><E39/><V64/><F97/><W31/><G124/><N who="1" m="47690" /><E29/><V36/><F36/><W8/><G129/><T94/><REACH who="0" step="1"/><D50/><REACH who="0" ten="19,359,272,340" step="2"/><U30/><E30/><V6/><F63/><W15/><G31/><T45/><D45/><U133/><E133/><V70/><F70/><AGARI ba="0,1" hai="5,9,12,56,59,61,65,70,81,85,90" m="47690" machi="70" ten="30,1000,0" yaku="18,1" doraHai="41" who="1" fromWho="2" sc="19,0,359,20,272,-10,340,0" /><INIT seed="5,0,0,1,2,109" ten="19,379,262,340" oya="1" hai0="103,75,26,14,17,47,66,84,57,62,65,127,83" hai1="22,37,19,111,133,3,52,54,5,132,20,81,0" hai2="63,45,78,31,60,64,16,93,29,118,131,46,123" hai3="107,71,13,21,49,135,48,33,112,89,113,18,25"/><U24/><E111/><V27/><F123/><W73/><G71/><T1/><D1/><U12/><E37/><V110/><F118/><W23/><G33/><T128/><D128/><U91/><E91/><V108/><F131/><W97/><G73/><T56/><D127/><U28/><E81/><V104/><F104/><W43/><G135/><N who="1" m="51786" /><E5/><V59/><F78/><W50/><G43/><T68/><D75/><U105/><E105/><V69/><F110/><W99/><G89/><T44/><D103/><U51/><E54/><V35/><F31/><W42/><G42/><T98/><D98/><U67/><E67/><V79/><F79/><W124/><G124/><T82/><D26/><U129/><E129/><V88/><F108/><W85/><G85/><T87/><D68/><U126/><E126/><V7/><F7/><W115/><G107/><T77/><D17/><AGARI ba="0,0" hai="13,17,18,21,23,25,48,49,50,97,99,112,113,115" machi="17" ten="50,8000,1" yaku="15,1,52,3" doraHai="109" who="3" fromWho="0" sc="19,-80,379,0,262,0,340,80" owari="-61,-56.0,379,18.0,262,-14.0,420,52.0" /></mjloggm>