<mjloggm ver="2.3"><GO type="169" lobby="0"/><UN n0="%E3%81%AF%E3%81%AA%E3%81%B3" n1="%E4%B8%83%E3%83%84%E7%9B%AE%E7%8E%89" n2="%E7%8B%AC%E6%AD%A9" n3="%EF%BC%88%E2%89%A7%E2%96%BD%E2%89%A6%EF%BC%89" dan="16,17,18,19" rate="2099.30,2163.79,2273.47,2247.35" sx="M,M,M,M"/><TAIKYOKU oya="0"/><INIT seed="0,0,0,0,5,26" ten="250,250,250,250" oya="0" hai0="28,9,69,27,25,22,109,8,95,83,24,1,51" hai1="48,29,19,106,49,53,60,135,103,78,3,66,62" hai2="16,90,84,32,55,116,5,105,4,34,77,92,129" hai3="64,17,72,101,125,21,122,128,65,114,70,98,115"/><T7/><D69/><U43/><E3/><V97/><F129/><W112/><G128/><T121/><D121/><U100/><E78/><V40/><F40/><W133/><G122/><T39/><D39/><U10/><E106/><V131/><F131/><W126/><G72/><T123/><D123/><U13/><E135/><V68/><F68/><W15/><G133/><T79/><D95/><U30/><E43/><V89/><F77/><W58/><G70/><T37/><D37/><U61/><E66/><V87/><F116/><W91/><G91/><T14/><D51/><N who="1" m="19531" /><E53/><V2/><F55/><W96/><G96/><T94/><D94/><U71/><E71/><V86/><F105/><N who="3" m="63671" /><G58/><T18/><REACH who="0" step="1"/><D109/><REACH who="0" ten="240,250,250,250" step="2"/><U117/><E117/><V102/><F92/><W38/><G38/><T47/><D47/><U59/><E59/><V44/><F44/><W6/><G114/><T107/><D107/><U52/><E52/><V93/><F93/><W33/><G115/><T67/><D67/><U57/><E57/><V74/><F97/><W56/><G112/><T120/><D120/><U45/><E45/><V36/><F36/><W85/><G56/><T12/><D12/><U50/><E50/><V119/><F119/><W76/><G64/><T118/><D118/><U42/><E42/><V35/><F2/><W110/><G65/><T113/><D113/><U104/><E104/><V111/><F111/><W75/><G110/><T0/><D0/><U11/><E103/><V124/><F102/><W54/><G54/><T31/><D31/><N who="1" m="11787" /><E100/><V134/><F134/><W99/><G15/><T20/><D20/><AGARI ba="0,1" hai="10,11,13,19,20,60,61,62" m="11787,19531" machi="20" ten="30,8000,1" yaku="6,1,8,1,52,3" doraHai="26" who="1" fromWho="0" sc="240,-80,250,90,250,0,250,0" /><INIT seed="1,0,0,1,1,51" ten="160,340,250,250" oya="1" hai0="134,92,81,107,85,60,125,72,29,18,2,114,14" hai1="5,21,93,35,76,104,4,10,80,112,9,34,45" hai2="91,109,126,47,130,95,38,124,55,66,69,50,116" hai3="32,17,127,44,59,123,23,0,108,98,111,15,90"/><U63/><E104/><V88/><F116/><W75/><G123/><T106/><D114/><U135/><E112/><V3/><F3/><W24/><G75/><T117/><D117/><U129/><E129/><V58/><F130/><W84/><G127/><N who="2" m="48681" /><F109/><N who="3" m="42059" /><G0/><T102/><D125/><U62/><E135/><V101/><F101/><W33/><G98/><T128/><D128/><U49/><E34/><V68/><F91/><W64/><G44/><T78/><D2/><U1/><E35/><V48/><F38/><W132/><G132/><T65/><D134/><U79/><E21/><V89/><F89/><W43/><G43/><T36/><D36/><U46/><E1/><V37/><F37/><W118/><G24/><T30/><D107/><U19/><E93/><V82/><F82/><N who="3" m="49431" /><G118/><T100/><D106/><U31/><E80/><V13/><F13/><W83/><G83/><T20/><D72/><U53/><E31/><V115/><F115/><W8/><G23/><T119/><D119/><U39/><E39/><V94/><F94/><W70/><G70/><T27/><D92/><U52/><E19/><V6/><F6/><W67/><G67/><T77/><D77/><U71/><E71/><V86/><F66/><W87/><G87/><T12/><D12/><U57/><E57/><V122/><F122/><W73/><G73/><T97/><D97/><U74/><E74/><V22/><F22/><W96/><G96/><T121/><D121/><U42/><E42/><AGARI ba="0,0" hai="42,47,48,50,55,58,68,69,86,88,95" m="48681" machi="42" ten="30,3900,0" yaku="18,1,52,1,54,1" doraHai="51" who="2" fromWho="1" sc="160,0,340,-39,250,39,250,0" /><INIT seed="2,0,0,2,1,35" ten="160,301,289,250" oya="2" hai0="112,84,24,31,40,95,21,25,78,108,6,121,26" hai1="51,1,9,69,126,122,33,7,116,17,73,0,91" hai2="54,53,113,64,19,77,28,133,94,79,97,129,4" hai3="27,134,96,82,55,90,127,107,61,34,104,99,83"/><V85/><F113/><W132/><G34/><T60/><D112/><U59/><E116/><V20/><F129/><W102/><G27/><T124/><D121/><U74/><E69/><V50/><F28/><W14/><G14/><T110/><D40/><U41/><E33/><V13/><F133/><N who="3" m="51307" /><G61/><T11/><D60/><U114/><E114/><V12/><F64/><W39/><G55/><T72/><D72/><U86/><E122/><V75/><F75/><W36/><G36/><T30/><D124/><U111/><E126/><V120/><F120/><W52/><G52/><N who="2" m="20073" /><F50/><W109/><G39/><T66/><D66/><U65/><E65/><V70/><F70/><W105/><G127/><T32/><D26/><U128/><E51/><V8/><F85/><N who="3" m="50487" /><G109/><T3/><REACH who="0" step="1"/><D95/><REACH who="0" ten="150,301,289,250" step="2"/><U80/><E41/><V92/><F92/><N who="3" m="58631" /><G83/><AGARI ba="0,1" hai="3,6,11,21,24,25,30,31,32,78,83,84,108,110" machi="83" ten="40,2600,0" yaku="1,1,52,1,53,0" doraHai="35" doraHaiUra="89" who="0" fromWho="3" sc="150,36,301,0,289,0,250,-26" /><INIT seed="3,0,0,5,4,25" ten="186,301,289,224" oya="3" hai0="33,67,64,69,50,51,21,131,14,127,82,83,79" hai1="86,68,59,30,46,78,49,5,63,76,20,37,15" hai2="7,75,106,119,48,57,27,13,80,108,92,6,72" hai3="91,41,116,110,60,130,52,43,73,118,89,95,58"/><W98/><G73/><T62/><D33/><U44/><E68/><V124/><F106/><W22/><G130/><T134/><D131/><U10/><E37/><V107/><F107/><W129/><G129/><T111/><D111/><U35/><E35/><V88/><F119/><W70/><G110/><T71/><D127/><U29/><E20/><V4/><F124/><W61/><G91/><T109/><D109/><U38/><E38/><V28/><F80/><W39/><G39/><T102/><D134/><U9/><E9/><V31/><F108/><W34/><G34/><T96/><D21/><U85/><E46/><V97/><F27/><W122/><G122/><T104/><D14/><U132/><E132/><V53/><F72/><W47/><G47/><T12/><D12/><U87/><E78/><V8/><F75/><W55/><G22/><T114/><D114/><U94/><E94/><V93/><F93/><W2/><G2/><T1/><D1/><U99/><E99/><V18/><AGARI ba="0,0" hai="4,6,7,8,13,18,28,31,48,53,57,88,92,97" machi="18" ten="30,8000,1" yaku="0,1,8,1,52,2,54,1" doraHai="25" who="2" fromWho="2" sc="186,-20,301,-20,289,80,224,-40" /><INIT seed="4,0,0,0,5,96" ten="166,281,369,184" oya="0" hai0="48,76,99,62,14,95,17,52,41,101,133,16,22" hai1="123,43,60,70,131,135,6,129,65,10,15,108,0" hai2="53,26,75,91,19,122,18,69,118,28,116,20,78" hai3="110,63,67,9,124,84,114,12,1,73,102,56,42"/><T121/><D133/><U21/><E108/><V100/><F122/><W93/><G110/><T94/><D121/><U113/><E123/><V127/><F69/><W29/><G73/><T86/><D41/><U51/><E135/><V128/><F128/><N who="1" m="49225" /><E113/><V23/><F91/><W68/><G114/><T98/><D62/><U46/><E21/><V80/><F127/><W81/><G124/><T39/><D39/><U119/><E119/><N who="2" m="45611" /><F53/><W97/><G1/><AGARI ba="0,0" hai="0,1,6,10,15,43,46,51,60,65,70" m="49225" machi="1" ten="30,1000,0" yaku="19,1" doraHai="96" who="1" fromWho="3" sc="166,0,281,10,369,0,184,-10" /><INIT seed="5,0,0,1,5,15" ten="166,291,369,174" oya="1" hai0="63,97,78,60,73,88,13,40,83,35,106,3,109" hai1="55,104,57,37,100,119,107,120,125,99,23,18,113" hai2="80,28,105,33,6,31,124,108,61,129,20,36,56" hai3="122,79,91,123,65,25,19,114,14,130,115,116,54"/><U48/><E119/><V84/><F108/><W30/><G65/><T81/><D3/><U85/><E120/><N who="3" m="46122" /><G79/><T121/><D109/><U112/><E37/><V87/><F129/><W11/><G54/><T118/><D121/><U9/><E125/><V2/><F105/><W42/><G42/><T52/><D118/><U82/><E9/><V93/><F33/><N who="3" m="20687" /><G91/><T62/><D35/><U51/><E51/><V111/><F111/><W39/><G39/><T86/><D40/><U59/><E59/><V70/><F70/><W27/><G116/><T38/><D38/><U26/><REACH who="1" step="1"/><E107/><REACH who="1" ten="166,281,369,174" step="2"/><V64/><F36/><W45/><G130/><T46/><D46/><U41/><E41/><V74/><F124/><W22/><G45/><T53/><REACH who="0" step="1"/><D13/><REACH who="0" ten="156,281,369,174" step="2"/><U12/><E12/><V110/><F2/><W134/><G134/><T32/><D32/><U17/><E17/><AGARI ba="0,2" hai="11,14,17,19,22,27,114,115" m="20687,46122" machi="17" ten="30,7700,0" yaku="34,2,52,2" doraHai="15" who="3" fromWho="1" sc="156,0,281,-77,369,0,174,97" /><INIT seed="6,0,0,3,5,132" ten="156,204,369,271" oya="2" hai0="65,25,60,59,71,126,22,100,96,78,85,84,128" hai1="79,92,133,12,4,116,108,131,101,77,86,109,120" hai2="45,104,19,107,39,15,50,11,63,102,115,30,80" hai3="64,74,48,38,26,81,99,49,2,24,112,119,61"/><V89/><F115/><W55/><G2/><T53/><D128/><U10/><E116/><V69/><F39/><W34/><G38/><T58/><D126/><U76/><E133/><V43/><F102/><W27/><G34/><T122/><D122/><U127/><E131/><V9/><F30/><W57/><G119/><T28/><D78/><U135/><E135/><V105/><F69/><W23/><G112/><T82/><D82/><U62/><E120/><V56/><F9/><W17/><G74/><T42/><D42/><U111/><E127/><V41/><F41/><W93/><G81/><T83/><D83/><U35/><E35/><V54/><F104/><W95/><G95/><T118/><D118/><U125/><E125/><V33/><F33/><W51/><REACH who="3" step="1"/><G64/><REACH who="3" ten="156,204,369,261" step="2"/><T0/><D0/><U90/><E109/><V70/><F107/><W103/><AGARI ba="0,1" hai="17,23,24,26,27,48,49,51,55,57,61,93,99,103" machi="103" ten="30,7900,0" yaku="1,1,2,1,0,1,8,1,53,0" doraHai="132" doraHaiUra="40" who="3" fromWho="3" sc="156,-20,204,-20,369,-39,261,89" /><INIT seed="7,0,0,2,3,98" ten="136,184,330,350" oya="3" hai0="3,121,27,39,54,126,89,23,82,135,57,13,88" hai1="59,22,119,28,25,19,78,93,10,105,95,114,66" hai2="91,53,99,67,7,132,69,64,12,16,5,43,51" hai3="42,33,133,34,115,36,47,1,55,56,63,8,134"/><W81/><G115/><T20/><D121/><U68/><E105/><V111/><F111/><W61/><G61/><T72/><D3/><U60/><E114/><V49/><F43/><W14/><G81/><T2/><D2/><U38/><E38/><V4/><F132/><N who="3" m="50795" /><G1/><T120/><D135/><U102/><E119/><V112/><F112/><W18/><AGARI ba="0,0" hai="8,14,18,33,34,36,42,47,55,56,63" m="50795" machi="18" ten="30,1500,0" yaku="20,1" doraHai="98" who="3" fromWho="3" sc="136,-5,184,-5,330,-5,350,15" owari="131,-37.0,179,-22.0,325,13.0,365,46.0" /></mjloggm>