<mjloggm ver="2.3"><GO type="97" lobby="0"/><UN n0="%E3%82%A6%E3%83%AB%E3%83%88%E3%83%A9%E7%AB%8B%E7%9B%B4" n1="%41%71%75%CE%B1%72%69%75%73" n2="%E3%81%97%E3%81%82%E3%81%8F%E3%82%93" n3="%E7%96%BE%E9%A2%A8%E7%9F%A5%E5%8B%81%E8%8D%89" dan="15,16,13,15" rate="1981.95,1992.47,1930.25,2030.13" sx="M,M,M,M"/><TAIKYOKU oya="0"/><INIT seed="0,0,0,0,0,33" ten="250,250,250,250" oya="0" hai0="90,72,104,61,98,15,56,112,115,28,26,97,1" hai1="67,18,126,29,2,52,75,79,88,91,8,92,102" hai2="135,85,48,55,129,99,46,108,47,133,110,30,68" hai3="45,111,9,121,57,12,131,36,109,13,5,86,118"/><T43/><D72/><U40/><E126/><V93/><F30/><W117/><G131/><T3/><D43/><U44/><E29/><V114/><F85/><W64/><G121/><T128/><D128/><U130/><E130/><V31/><F129/><W25/><G86/><T22/><D98/><U50/><E67/><V23/><F114/><W0/><G36/><T59/><D59/><U87/><E102/><V82/><F82/><W70/><G45/><T49/><D49/><U107/><E107/><V134/><F68/><W74/><G70/><T17/><D115/><U127/><E127/><V123/><F123/><W124/><G74/><T6/><D6/><U69/><E69/><V83/><F83/><W38/><G38/><T94/><D104/><U119/><E119/><N who="3" m="45578" /><G57/><T132/><D132/><U105/><E105/><V24/><F47/><W58/><G58/><T62/><D112/><U34/><E75/><V125/><REACH who="2" step="1"/><F125/><REACH who="2" ten="250,250,240,250" step="2"/><W101/><G124/><T14/><D62/><U65/><E44/><V21/><F21/><W89/><G109/><T95/><D95/><U35/><E92/><V37/><F37/><W7/><G111/><T66/><REACH who="0" step="1"/><D15/><REACH who="0" ten="240,250,240,250" step="2"/><U80/><E87/><V113/><F113/><W4/><G13/><T42/><D42/><U71/><E40/><V51/><F51/><W27/><G12/><T41/><D41/><U53/><E50/><V120/><F120/><W63/><G63/><T54/><D54/><U103/><E52/><V32/><F32/><AGARI ba="0,2" hai="1,3,14,17,22,26,28,32,56,61,66,90,94,97" machi="32" ten="30,11600,0" yaku="1,1,7,1,52,2,53,0" doraHai="33" doraHaiUra="122" who="0" fromWho="2" sc="240,136,250,0,240,-116,250,0" /><INIT seed="0,1,0,1,3,135" ten="376,250,124,250" oya="0" hai0="117,111,104,74,22,54,5,69,1,27,48,65,105" hai1="133,25,134,94,128,43,131,70,101,110,0,52,17" hai2="33,67,99,26,78,12,108,126,14,8,102,45,115" hai3="130,49,89,63,35,85,47,19,51,73,21,132,61"/><T72/><D117/><U84/><E0/><V93/><F115/><W58/><G132/><N who="1" m="50794" /><E70/><V29/><F108/><W124/><G130/><T60/><D111/><U96/><E110/><V46/><F78/><W109/><G73/><T18/><D74/><U127/><E43/><V77/><F77/><W6/><G109/><T20/><D72/><U15/><E25/><V31/><F67/><W40/><G35/><T9/><REACH who="0" step="1"/><D22/><REACH who="0" ten="366,250,124,250" step="2"/><U123/><E123/><V112/><F112/><W11/><G21/><T28/><D28/><U23/><E84/><V71/><F71/><W10/><G85/><T39/><D39/><U34/><E34/><V118/><F118/><W36/><G36/><T81/><D81/><U44/><E128/><V95/><F31/><W42/><G42/><T121/><D121/><U113/><E131/><V83/><F83/><W97/><G40/><T32/><D32/><U103/><E113/><V7/><F95/><W13/><G11/><T86/><D86/><U80/><E80/><V55/><F14/><W106/><G13/><T66/><D66/><U119/><E119/><V114/><F114/><W30/><G30/><T50/><D50/><N who="1" m="28743" /><E101/><V98/><F98/><W75/><G97/><T16/><D16/><U107/><E107/><V125/><REACH who="2" step="1"/><F55/><REACH who="2" ten="366,250,114,250" step="2"/><W38/><G106/><T76/><D76/><U120/><E120/><V90/><F90/><W100/><G89/><T24/><D24/><U79/><E79/><V88/><F88/><W37/><G37/><T122/><D122/><U87/><E87/><V59/><F59/><AGARI ba="1,2" hai="1,5,9,18,20,27,48,54,59,60,65,69,104,105" machi="59" ten="30,5800,0" yaku="1,1,7,1,53,1" doraHai="135" doraHaiUra="3" who="0" fromWho="2" sc="366,81,250,0,114,-61,250,0" /><INIT seed="0,2,0,4,4,14" ten="447,250,53,250" oya="0" hai0="6,125,126,49,101,67,52,7,112,25,124,51,39" hai1="66,70,21,88,134,118,110,102,89,93,73,114,78" hai2="74,50,80,65,30,42,55,40,92,11,37,53,108" hai3="96,61,24,32,36,117,38,13,83,43,33,3,120"/><T4/><D39/><U71/><E118/><V45/><F30/><W68/><G117/><T100/><D67/><U115/><E110/><V91/><F92/><W131/><G3/><T111/><D112/><N who="1" m="43051" /><E134/><V10/><F91/><N who="1" m="34889" /><E66/><V107/><F80/><W12/><G131/><T34/><D111/><U0/><E0/><V98/><F108/><W47/><G120/><T29/><REACH who="0" step="1"/><D49/><REACH who="0" ten="437,250,53,250" step="2"/><U1/><E70/><V104/><F74/><W119/><G68/><T123/><D123/><U79/><E71/><V128/><F98/><W35/><G96/><T99/><D99/><U129/><E73/><V2/><F128/><W133/><G38/><T56/><AGARI ba="2,1" hai="4,6,7,25,29,34,51,52,56,100,101,124,125,126" machi="56" ten="40,12000,1" yaku="1,1,0,1,18,1,54,1,53,0" doraHai="14" doraHaiUra="103" who="0" fromWho="0" sc="437,136,250,-42,53,-42,250,-42" /><INIT seed="0,3,0,3,4,25" ten="573,208,11,208" oya="0" hai0="123,94,95,2,39,85,32,30,56,12,116,62,80" hai1="87,48,122,133,58,105,91,55,70,73,127,50,46" hai2="10,101,119,63,92,13,74,35,11,83,21,41,42" hai3="82,134,93,9,124,132,27,54,24,16,89,90,112"/><T86/><D2/><U121/><E73/><V102/><F35/><W61/><G112/><T14/><D39/><U69/><E105/><V29/><F119/><W120/><G120/><N who="1" m="46186" /><E91/><N who="3" m="34826" /><G124/><T108/><D116/><U98/><E87/><V71/><F71/><N who="1" m="27145" /><E98/><V79/><F63/><W23/><G93/><T64/><D123/><U114/><E114/><V104/><F104/><W37/><G37/><T6/><D108/><U81/><E81/><V38/><F38/><W53/><G82/><T106/><D106/><U0/><E0/><V96/><F101/><W19/><G9/><T100/><D100/><U28/><E28/><V110/><F110/><W1/><G1/><T128/><D80/><U33/><E33/><V130/><F130/><W76/><G76/><T129/><D32/><U36/><E133/><N who="3" m="51306" /><G61/><T72/><D62/><N who="1" m="36191" /><E127/><V67/><F67/><W111/><G111/><T49/><D64/><U57/><E57/><V99/><F99/><W31/><G19/><T22/><D56/><U113/><E113/><V68/><F68/><W34/><AGARI ba="3,0" hai="16,23,24,27,31,34,53,54" m="51306,34826" machi="34" ten="30,4000,0" yaku="20,1,52,1,54,1" doraHai="25" who="3" fromWho="3" sc="573,-23,208,-13,11,-13,208,49" owari="550,64.0,195,-20.0,-2,-50.0,257,6.0" /></mjloggm>