<mjloggm ver="2.3"><GO type="97" lobby="0"/><UN n0="%E3%82%A6%E3%83%AB%E3%83%88%E3%83%A9%E7%AB%8B%E7%9B%B4" n1="%61%66%74%68%74%72" n2="%E5%8F%A4%E5%87%BA%E6%A2%A8%E8%8A%B1%E2%98%86%E5%BD%A1" n3="%42%69%67%57%61%76%65" dan="15,14,15,13" rate="1974.90,1916.35,2063.57,1879.65" sx="M,F,F,M"/><TAIKYOKU oya="0"/><INIT seed="0,0,0,4,2,131" ten="250,250,250,250" oya="0" hai0="12,93,35,101,41,73,83,60,5,14,61,43,28" hai1="82,16,10,75,120,105,52,42,112,102,103,50,96" hai2="99,107,114,135,100,24,47,78,31,25,63,95,111" hai3="62,76,45,15,91,18,49,72,67,40,115,51,20"/><T21/><D35/><U9/><E120/><V122/><F122/><W6/><G115/><T104/><D104/><U58/><E42/><N who="0" m="15881" /><D73/><U26/><E103/><V133/><F114/><W94/><G72/><T32/><D32/><U69/><E69/><V37/><F37/><W4/><G76/><T118/><D118/><U80/><E112/><V3/><F3/><W109/><G109/><T64/><D83/><U13/><E26/><V129/><F47/><W55/><G62/><N who="0" m="24171" /><D64/><U77/><REACH who="1" step="1"/><E82/><REACH who="1" ten="250,240,250,250" step="2"/><V70/><F111/><W0/><G0/><T86/><D101/><U71/><E71/><V57/><F70/><W17/><G67/><T23/><D28/><U33/><E33/><V79/><F25/><W125/><G125/><T110/><D110/><U92/><E92/><V119/><F107/><W90/><G90/><N who="0" m="53463" /><D14/><U117/><E117/><V123/><F119/><W88/><G91/><T134/><D134/><N who="2" m="51210" /><F123/><W106/><G106/><T36/><D36/><U132/><E132/><V48/><F79/><W87/><G18/><T108/><D108/><U30/><E30/><V53/><F78/><W29/><G29/><T121/><D121/><U59/><E59/><AGARI ba="0,1" hai="4,6,15,17,20,40,45,49,51,55,59,87,88,94" machi="59" ten="30,8000,1" yaku="7,1,25,2,8,1,54,1" doraHai="131" who="3" fromWho="1" sc="250,0,240,-80,250,0,250,90" /><INIT seed="1,0,0,2,0,88" ten="250,160,250,340" oya="1" hai0="131,18,91,38,19,119,122,78,135,117,15,48,32" hai1="39,5,61,30,97,82,104,105,80,85,66,69,110" hai2="83,71,2,12,133,22,9,37,52,35,132,25,125" hai3="112,51,101,67,20,63,113,55,74,11,44,92,49"/><U107/><E39/><V34/><F71/><W56/><G74/><T123/><D38/><U58/><E30/><V33/><F37/><W4/><G112/><T13/><D78/><U54/><E5/><V1/><F83/><W79/><G79/><T100/><D91/><U95/><E110/><V96/><F96/><N who="3" m="59527" /><G113/><T8/><D100/><U72/><E72/><V90/><F90/><W94/><G20/><N who="0" m="11343" /><D48/><U36/><E36/><V127/><F52/><N who="3" m="29735" /><G4/><T73/><D73/><U57/><E69/><V50/><F50/><W23/><G23/><T65/><D65/><U27/><E27/><V70/><F70/><W29/><G29/><T10/><D32/><U76/><E82/><V102/><F102/><W64/><G11/><T42/><D10/><U129/><E129/><V3/><F132/><W109/><G109/><T41/><D135/><U124/><E124/><V111/><F111/><W43/><G43/><N who="0" m="16395" /><D131/><U40/><E40/><V68/><F68/><W21/><G21/><T114/><D114/><U126/><E126/><V87/><F133/><W16/><G16/><T6/><D19/><U24/><E24/><V84/><F127/><W98/><G51/><T60/><D60/><U47/><E47/><V121/><F125/><W75/><G75/><T17/><D17/><U59/><REACH who="1" step="1"/><E66/><REACH who="1" ten="250,150,250,340" step="2"/><V46/><F46/><W89/><AGARI ba="0,1" hai="55,56,63,64,67,89,94,98" m="29735,59527" machi="89" ten="30,7900,0" yaku="8,1,52,2,54,1" doraHai="88" who="3" fromWho="3" sc="250,-20,150,-39,250,-20,340,89" /><INIT seed="2,0,0,5,3,30" ten="230,111,230,429" oya="2" hai0="135,15,53,73,96,91,29,60,20,85,77,110,24" hai1="57,130,102,41,126,48,117,106,69,78,74,33,100" hai2="88,124,114,63,113,47,14,56,5,94,11,89,119" hai3="105,45,27,82,62,95,93,13,50,111,86,1,71"/><V104/><F104/><W72/><G105/><T32/><D135/><U79/><E48/><V115/><F119/><W28/><G1/><T75/><D110/><U70/><E57/><V12/><F124/><W0/><G72/><T67/><D53/><U109/><E41/><V16/><F47/><W25/><G0/><T37/><D37/><U120/><E102/><V97/><F89/><W112/><G112/><T81/><D96/><U19/><E19/><V35/><F35/><W55/><G111/><T38/><D38/><U108/><E100/><V6/><REACH who="2" step="1"/><F14/><REACH who="2" ten="230,111,220,429" step="2"/><W17/><G13/><T2/><D2/><U121/><E33/><V26/><F26/><W4/><G27/><T10/><D91/><U128/><E117/><V92/><F92/><W43/><G95/><T9/><D32/><U31/><E106/><V54/><AGARI ba="0,1" hai="5,6,11,12,16,54,56,63,88,94,97,113,114,115" machi="54" ten="30,11700,0" yaku="1,1,0,1,54,2,53,0" doraHai="30" doraHaiUra="99" who="2" fromWho="2" sc="230,-39,111,-39,220,127,429,-39" /><INIT seed="2,1,0,2,5,86" ten="191,72,347,390" oya="2" hai0="23,126,65,131,128,17,109,93,112,10,33,135,111" hai1="20,120,56,16,63,80,21,92,25,84,26,2,69" hai2="81,97,40,78,89,52,100,50,121,57,98,107,72" hai3="85,44,31,39,83,41,1,129,38,48,37,88,103"/><V61/><F121/><W90/><G1/><T15/><D65/><U105/><E105/><V73/><F73/><W64/><G64/><T42/><D42/><U19/><E2/><V114/><F114/><W14/><G129/><N who="0" m="49739" /><D93/><U127/><E127/><V116/><F116/><W55/><G103/><T68/><D68/><U24/><E63/><V43/><F61/><W47/><G31/><T117/><D112/><U22/><E69/><V77/><F77/><W4/><G4/><T82/><D82/><U94/><E56/><V18/><F18/><W60/><G60/><T70/><D70/><U124/><E124/><V110/><F110/><N who="0" m="41994" /><D126/><U102/><E120/><V6/><F6/><W35/><G35/><T113/><D113/><U87/><E102/><V0/><F0/><W101/><G101/><T67/><D67/><U3/><E3/><V53/><F53/><W115/><G115/><T51/><D51/><U28/><REACH who="1" step="1"/><E84/><REACH who="1" ten="191,62,347,390" step="2"/><V134/><F134/><W36/><REACH who="3" step="1"/><G14/><REACH who="3" ten="191,62,347,380" step="2"/><T54/><D15/><U104/><E104/><V8/><F107/><W13/><G13/><T123/><D123/><U11/><E11/><V29/><F8/><W91/><AGARI ba="1,2" hai="36,37,38,39,41,44,47,48,55,83,85,88,90,91" machi="91" ten="40,12000,2" yaku="1,1,0,1,52,3,54,1,53,0" doraHai="86" doraHaiUra="75" who="3" fromWho="3" sc="191,-31,62,-31,347,-61,380,143" /><INIT seed="3,0,0,2,0,91" ten="160,31,286,523" oya="3" hai0="81,66,77,108,20,119,2,52,132,88,31,123,121" hai1="13,32,116,110,18,104,11,27,38,128,24,34,102" hai2="56,46,68,103,37,112,98,10,86,42,43,70,82" hai3="54,19,41,30,111,15,60,80,125,106,29,44,113"/><W3/><G106/><T9/><D66/><U51/><E102/><V61/><F112/><W115/><G3/><T107/><D107/><U84/><E51/><V55/><F42/><W4/><G125/><T0/><D119/><U118/><E84/><V58/><F10/><W49/><G111/><T133/><D77/><U6/><E38/><V71/><F58/><W76/><G4/><T67/><D67/><U92/><E92/><V87/><REACH who="2" step="1"/><F82/><REACH who="2" ten="160,31,276,523" step="2"/><W23/><G115/><T40/><D40/><U22/><E104/><AGARI ba="0,1" hai="37,43,46,55,56,61,68,70,71,86,87,98,103,104" machi="104" ten="40,2600,0" yaku="1,1,2,1,53,0" doraHai="91" doraHaiUra="74" who="2" fromWho="1" sc="160,0,31,-26,276,36,523,0" owari="160,-24.0,5,-49.0,312,11.0,523,62.0" /></mjloggm>