<mjloggm ver="2.3"><GO type="97" lobby="0"/><UN n0="%6C%6F%61%64%65%64" n1="%E3%82%A6%E3%83%AB%E3%83%88%E3%83%A9%E7%AB%8B%E7%9B%B4" n2="%6B%69%74%6F%6B%69%74%6F" n3="%E3%81%A7%E3%82%93%E3%81%A7%E3%82%93%E2%99%AA" dan="14,15,13,14" rate="1874.75,1987.26,1817.03,1933.23" sx="M,M,F,F"/><TAIKYOKU oya="0"/><INIT seed="0,0,0,3,5,104" ten="250,250,250,250" oya="0" hai0="126,3,83,133,26,72,130,96,111,7,89,88,114" hai1="29,27,33,113,78,59,129,102,23,56,45,37,41" hai2="55,67,9,70,4,62,57,98,60,19,66,92,17" hai3="135,108,44,51,8,87,63,91,105,68,100,49,101"/><T32/><D114/><U64/><E129/><V82/><F82/><W81/><G108/><T12/><D111/><U53/><E113/><V77/><F77/><W122/><G135/><T90/><D133/><U109/><E109/><V2/><REACH who="2" step="1"/><F67/><REACH who="2" ten="250,250,240,250" step="2"/><W76/><G122/><T128/><D130/><U5/><E78/><V14/><F14/><W13/><G76/><T50/><D128/><U73/><E64/><V31/><F31/><W52/><G105/><T110/><D12/><U94/><E29/><V0/><F0/><W38/><G38/><T21/><D110/><U74/><E94/><V75/><F75/><W125/><G125/><T134/><D72/><U80/><E80/><V71/><F71/><W127/><G127/><T30/><D83/><U79/><E79/><V25/><F25/><W47/><G68/><T36/><D36/><U93/><E74/><V107/><F107/><W40/><REACH who="3" step="1"/><G63/><REACH who="3" ten="250,250,240,240" step="2"/><T48/><D126/><U58/><E37/><V61/><F61/><W99/><G99/><T34/><D134/><U22/><E27/><V106/><F106/><W69/><G69/><T42/><D96/><U6/><E93/><V24/><F24/><W117/><G117/><T43/><D34/><U18/><E33/><V131/><F131/><W86/><G86/><T132/><D32/><U112/><E112/><V54/><F54/><W124/><G124/><T97/><D97/><U10/><E53/><V11/><F11/><W121/><G121/><T84/><D84/><U20/><E73/><V35/><F35/><W118/><G118/><T115/><D115/><U120/><E120/><RYUUKYOKU ba="0,2" sc="250,-15,250,-15,240,15,240,15" hai2="2,4,9,17,19,55,57,60,62,66,70,92,98" hai3="8,13,40,44,47,49,51,52,81,87,91,100,101" /><INIT seed="1,1,2,1,5,77" ten="235,235,255,255" oya="1" hai0="25,99,125,15,109,81,5,18,3,37,21,110,53" hai1="33,115,22,28,88,51,121,124,23,29,55,86,46" hai2="74,4,27,49,101,48,67,6,76,106,44,36,119" hai3="85,40,42,26,8,135,10,70,9,94,35,90,50"/><U31/><E33/><V58/><F119/><W122/><G122/><T32/><D37/><U52/><E121/><V95/><F106/><W123/><G123/><T96/><D125/><U11/><E124/><V13/><F27/><W16/><G70/><T17/><D53/><U89/><E115/><V20/><F36/><W105/><G105/><T97/><D3/><U2/><E2/><V65/><F49/><W98/><G135/><T60/><D5/><U68/><E68/><V61/><F67/><W1/><G1/><T69/><D32/><U71/><E71/><V116/><F116/><W24/><G35/><T87/><D60/><U47/><E11/><V133/><F133/><W132/><G132/><T63/><D63/><U72/><E72/><V39/><F39/><W113/><G113/><T91/><REACH who="0" step="1"/><D69/><REACH who="0" ten="225,235,255,255" step="2"/><U54/><E51/><V59/><F4/><W45/><G42/><T12/><D12/><U100/><E47/><V108/><F6/><W111/><G111/><T43/><D43/><U75/><E46/><V73/><F108/><W117/><G117/><T0/><D0/><U114/><E114/><V129/><F44/><W93/><G16/><T80/><D80/><N who="1" m="49223" /><E75/><V7/><F48/><W134/><G134/><T38/><D38/><U78/><E78/><V64/><F73/><W128/><G128/><T19/><D19/><U34/><E34/><V127/><F127/><W126/><G126/><T131/><D131/><U112/><E112/><V104/><F129/><W118/><G118/><T107/><D107/><U79/><E79/><V66/><F104/><W92/><G92/><RYUUKYOKU ba="1,3" sc="225,15,235,-15,255,-15,255,15" hai0="15,17,18,21,25,81,87,91,96,97,99,109,110" hai3="8,9,10,24,26,40,45,50,85,90,93,94,98" /><INIT seed="2,2,3,1,5,15" ten="240,220,240,270" oya="2" hai0="13,55,45,121,23,79,103,98,1,58,63,135,40" hai1="24,114,133,48,52,131,3,29,70,19,28,73,60" hai2="17,49,130,42,7,68,88,50,80,35,72,27,10" hai3="100,85,53,76,90,14,91,81,132,93,78,46,120"/><V12/><F68/><W41/><G120/><T113/><D121/><U32/><E73/><V69/><F130/><W77/><G132/><T109/><D1/><U39/><E39/><V118/><F69/><W102/><G53/><T116/><D113/><U51/><E3/><V110/><F118/><W87/><REACH who="3" step="1"/><G14/><REACH who="3" ten="240,220,240,260" step="2"/><T67/><D135/><U96/><E133/><V129/><F42/><W105/><G105/><T5/><D55/><U38/><E131/><V126/><F129/><W134/><G134/><T34/><D116/><U112/><E112/><V82/><F126/><W106/><G106/><T64/><D109/><U95/><E114/><V22/><F110/><W86/><G86/><T125/><D67/><U16/><E52/><V101/><F72/><W11/><G11/><T111/><D125/><U123/><E123/><V54/><F54/><W84/><G84/><T119/><D111/><U83/><E60/><V20/><F7/><W71/><G71/><T99/><D119/><U94/><E70/><V0/><F10/><W75/><G75/><T122/><D122/><U57/><E57/><V26/><F12/><W104/><G104/><T47/><D5/><U62/><E62/><V2/><F2/><W89/><G89/><T74/><D40/><U31/><E96/><V97/><F0/><W43/><G43/><T127/><D98/><U33/><E32/><V115/><F35/><W21/><G21/><T44/><D34/><U108/><E33/><V65/><F115/><W56/><G56/><T9/><D127/><U117/><E108/><V25/><F65/><W107/><G107/><RYUUKYOKU ba="2,4" sc="240,-10,220,-10,240,-10,260,30" hai3="41,46,76,77,78,81,85,87,90,91,93,100,102" /><INIT seed="3,3,4,0,5,54" ten="230,210,230,290" oya="3" hai0="49,71,128,44,0,37,15,92,106,19,46,89,66" hai1="75,93,98,56,31,21,111,3,82,39,123,125,122" hai2="16,30,104,70,77,33,109,84,124,36,2,42,96" hai3="87,83,127,134,121,135,68,28,114,6,29,34,73"/><W119/><G114/><T14/><D106/><U48/><E39/><V108/><F70/><W38/><G121/><T52/><D128/><U24/><E3/><V105/><F2/><W88/><G119/><T8/><D0/><U85/><E75/><V22/><F124/><W120/><G120/><T74/><D74/><U129/><E125/><V60/><F33/><W18/><G68/><T1/><D1/><U72/><E72/><V45/><F30/><W110/><G38/><T7/><D71/><U94/><E129/><V79/><F60/><W112/><G112/><T12/><D66/><U13/><E122/><V5/><F5/><W57/><G127/><T133/><D133/><U86/><E123/><V116/><F116/><W9/><G73/><T41/><REACH who="0" step="1"/><D7/><REACH who="0" ten="220,210,230,290" step="2"/><U43/><E111/><V100/><F109/><W51/><G110/><T35/><D35/><U58/><E13/><V90/><F108/><W26/><G34/><T107/><D107/><U20/><E24/><V62/><F105/><W23/><G135/><T117/><D117/><U17/><E31/><V55/><F104/><W53/><G134/><T59/><D59/><N who="1" m="22571" /><E17/><V25/><F16/><N who="3" m="12647" /><G6/><T78/><D78/><N who="1" m="46295" /><E86/><AGARI ba="3,5" hai="8,12,14,15,19,37,41,44,46,49,52,86,89,92" machi="86" ten="30,7700,0" yaku="1,1,7,1,54,1,53,1" doraHai="54" doraHaiUra="4" who="0" fromWho="1" sc="220,136,210,-86,230,0,290,0" owari="356,46.0,124,-38.0,230,-17.0,290,9.0" /></mjloggm>