<mjloggm ver="2.3"><GO type="97" lobby="0"/><UN n0="%E6%97%A9%E7%A8%B2%E7%94%B0%E5%BE%A9%E6%B4%BB%EF%BC%81" n1="%E3%82%A6%E3%83%AB%E3%83%88%E3%83%A9%E7%AB%8B%E7%9B%B4" n2="%E8%84%B3%E5%A4%A9%E7%86%8A" n3="%E3%81%A8%E3%82%93%E3%81%8C%E3%82%8A%E3%82%B3%E3%83%BC%E3%83%B3" dan="15,15,13,14" rate="1932.35,1993.38,1941.31,1923.96" sx="M,M,M,F"/><TAIKYOKU oya="0"/><INIT seed="0,0,0,3,0,52" ten="250,250,250,250" oya="0" hai0="121,53,123,64,4,81,12,30,122,62,41,55,33" hai1="75,40,28,101,43,88,18,57,116,31,102,112,39" hai2="130,109,1,9,68,8,65,67,26,77,11,115,106" hai3="2,74,129,66,91,107,59,35,23,133,78,97,76"/><T51/><D33/><U25/><E75/><V104/><F1/><W49/><G2/><T95/><D30/><U27/><E39/><V22/><F115/><W80/><G35/><T15/><D81/><U119/><E18/><V6/><F6/><W89/><G129/><T73/><D73/><U98/><E98/><V84/><F130/><W94/><G133/><T19/><D4/><U14/><E14/><V128/><F128/><W10/><G10/><T21/><D12/><U105/><E105/><V117/><F117/><W61/><G107/><T125/><D125/><U96/><E96/><V32/><F32/><W110/><G110/><T34/><D34/><U56/><REACH who="1" step="1"/><E88/><REACH who="1" ten="250,240,250,250" step="2"/><V7/><F106/><W118/><G118/><T93/><D95/><U58/><E58/><V82/><F104/><W70/><G89/><T37/><D93/><U90/><E90/><V100/><F109/><W131/><G131/><T92/><D92/><U13/><E13/><V45/><F100/><W113/><G113/><AGARI ba="0,1" hai="25,27,28,31,40,43,56,57,101,102,112,113,116,119" machi="113" ten="25,8000,1" yaku="1,1,22,2,52,2,53,0" doraHai="52" doraHaiUra="60" who="1" fromWho="3" sc="250,0,240,90,250,0,250,-80" /><INIT seed="1,0,0,0,5,131" ten="250,330,250,170" oya="1" hai0="84,56,85,134,129,105,36,57,32,65,81,43,1" hai1="70,59,83,128,109,116,86,28,74,39,112,5,124" hai2="103,4,58,78,96,25,67,6,108,41,76,20,88" hai3="118,10,115,94,92,135,35,114,106,22,55,71,111"/><U45/><E28/><V30/><F108/><W17/><G71/><T21/><D129/><U77/><E70/><V18/><F41/><W91/><G111/><T72/><D105/><U3/><E116/><V29/><F29/><W69/><G69/><T125/><D1/><U48/><E109/><V8/><F18/><W121/><G121/><T49/><D32/><U93/><E128/><V104/><F6/><W53/><G106/><T44/><D72/><U107/><E107/><V101/><F101/><W14/><G35/><T42/><D125/><U68/><E68/><V0/><REACH who="2" step="1"/><F88/><REACH who="2" ten="250,330,240,170" step="2"/><W113/><G118/><T133/><D36/><U50/><E39/><V98/><F98/><W87/><G94/><T16/><D42/><U110/><E110/><V102/><F102/><W13/><REACH who="3" step="1"/><G135/><REACH who="3" ten="250,330,240,160" step="2"/><N who="0" m="51723" /><D81/><U7/><E83/><V2/><F2/><W122/><G122/><T60/><D85/><U119/><E86/><V120/><F120/><W37/><G37/><T82/><D82/><U64/><E3/><V9/><F9/><W31/><G31/><T73/><D84/><U11/><E74/><V127/><F127/><W12/><G12/><N who="0" m="9351" /><D73/><U95/><E124/><V40/><F40/><W90/><G90/><T66/><D66/><U126/><E64/><V80/><F80/><W23/><G23/><T52/><D65/><U63/><E126/><V61/><AGARI ba="0,2" hai="0,4,8,20,25,30,58,61,67,76,78,96,103,104" machi="61" ten="30,2000,0" yaku="1,1,0,1,53,0" doraHai="131" doraHaiUra="89" who="2" fromWho="2" sc="250,-5,330,-10,240,40,160,-5" /><INIT seed="2,0,0,3,2,31" ten="245,320,280,155" oya="2" hai0="64,45,32,30,29,83,107,60,125,95,47,127,34" hai1="26,43,80,66,0,111,98,61,120,71,77,6,89" hai2="109,38,36,59,91,108,73,17,101,41,42,114,113" hai3="103,117,132,104,134,11,105,85,37,122,130,8,96"/><V56/><F73/><W49/><G122/><T75/><D107/><U12/><E0/><V97/><F91/><W112/><G37/><N who="2" m="14441" /><F17/><W124/><G117/><T55/><D55/><U57/><E71/><V33/><F97/><W76/><G124/><N who="0" m="47691" /><D95/><U1/><E1/><V22/><F22/><W62/><G62/><T72/><D83/><U99/><E77/><V135/><F101/><W68/><G68/><N who="0" m="41991" /><D72/><U126/><E126/><V46/><F33/><N who="0" m="12906" /><D75/><U10/><E80/><V18/><F18/><W110/><G105/><T131/><D131/><U14/><E99/><V53/><F135/><W48/><G130/><T51/><D51/><U67/><E98/><V100/><F100/><W54/><G48/><T84/><D84/><U70/><E67/><V16/><F16/><W128/><G128/><T65/><D65/><U9/><E66/><V7/><F7/><W58/><G76/><T15/><D15/><U81/><E12/><V50/><F56/><W2/><G2/><T119/><D119/><U82/><E57/><V121/><F121/><W78/><G134/><T28/><AGARI ba="0,0" hai="28,29,30,45,47" m="12906,41991,47691" machi="28" ten="40,8000,1" yaku="18,1,52,3" doraHai="31" who="0" fromWho="0" sc="245,80,320,-20,280,-40,155,-20" /><INIT seed="3,0,0,1,4,120" ten="325,300,240,135" oya="3" hai0="70,73,92,63,78,66,121,83,46,76,84,116,45" hai1="86,85,54,55,32,105,96,30,91,133,12,79,34" hai2="28,29,6,62,44,31,64,37,114,20,14,123,129" hai3="93,108,98,107,87,53,111,128,16,97,9,80,99"/><W94/><G107/><T74/><D121/><U17/><E133/><V33/><F123/><W22/><G53/><T3/><D116/><U60/><E32/><V90/><F114/><W126/><G9/><T7/><D7/><U113/><E113/><V21/><F129/><W47/><G47/><T71/><D3/><U52/><E34/><V72/><F33/><W135/><G128/><T58/><D71/><U119/><E30/><V115/><F72/><W89/><G135/><T27/><D70/><U11/><E119/><V103/><F103/><W0/><G0/><T2/><D2/><U56/><E105/><V132/><F115/><W110/><G126/><T1/><D1/><U59/><E59/><V26/><F132/><W4/><G4/><T40/><D40/><U82/><E96/><V125/><F125/><W130/><G130/><T88/><D27/><AGARI ba="0,0" hai="16,22,27,80,87,89,93,94,97,98,99,108,110,111" machi="27" ten="50,18000,2" yaku="14,1,10,1,52,3,54,1" doraHai="120" who="3" fromWho="0" sc="325,-180,300,0,240,0,135,180" owari="145,-35.0,300,10.0,240,-16.0,315,41.0" /></mjloggm>