<mjloggm ver="2.3"><GO type="97" lobby="0"/><UN n0="%E3%82%A6%E3%83%AB%E3%83%88%E3%83%A9%E7%AB%8B%E7%9B%B4" n1="%63%68%61%63%68%61%70%75" n2="%E5%B9%B3%E6%9C%AC%E4%BF%9D%E5%BF%97" n3="%E3%83%8F%E3%83%A4%E3%83%86" dan="15,13,13,15" rate="1957.25,1853.34,1893.36,2071.76" sx="M,M,M,M"/><TAIKYOKU oya="0"/><INIT seed="0,0,0,4,3,88" ten="250,250,250,250" oya="0" hai0="42,97,15,106,71,46,95,36,112,134,28,102,124" hai1="5,56,50,58,126,101,113,108,121,92,96,41,26" hai2="3,23,91,48,64,14,54,78,120,63,69,22,119" hai3="31,7,19,67,127,75,77,38,11,61,99,98,2"/><T107/><D112/><U16/><E121/><V32/><F3/><W74/><G127/><T39/><D124/><U0/><E126/><V94/><F32/><W35/><G38/><T10/><D134/><U59/><E113/><V37/><F37/><W6/><G6/><T122/><D122/><U9/><E108/><V130/><F120/><W125/><G125/><T116/><D116/><U135/><E135/><V117/><F130/><W68/><G19/><T24/><D71/><U18/><REACH who="1" step="1"/><E26/><REACH who="1" ten="250,240,250,250" step="2"/><V72/><F72/><W85/><G75/><T90/><D39/><U51/><E51/><V49/><F49/><W82/><REACH who="3" step="1"/><G74/><REACH who="3" ten="250,240,250,240" step="2"/><T57/><D36/><U1/><E1/><V129/><F119/><W118/><G118/><T105/><D24/><AGARI ba="0,2" hai="2,7,11,24,31,35,61,67,68,77,82,85,98,99" machi="24" ten="40,1300,0" yaku="1,1,53,0" doraHai="88" doraHaiUra="111" who="3" fromWho="0" sc="250,-13,240,0,250,0,240,33" /><INIT seed="1,0,0,4,1,82" ten="237,240,250,273" oya="1" hai0="23,109,104,98,31,124,132,15,44,52,114,56,24" hai1="67,103,12,116,66,94,105,107,134,64,69,84,126" hai2="78,88,21,93,8,119,122,5,62,102,121,37,110" hai3="35,16,14,11,29,90,9,112,123,6,133,57,10"/><U99/><E116/><V43/><F37/><W59/><G123/><T65/><D114/><U89/><E134/><V96/><F119/><W7/><G112/><T87/><D109/><U4/><E126/><V40/><F110/><W75/><G75/><T101/><D124/><U53/><E107/><V83/><F62/><W1/><G133/><T25/><D132/><U128/><E128/><V117/><F117/><W13/><G90/><T131/><D131/><U48/><E69/><V73/><F21/><N who="3" m="11407" /><G57/><T20/><D15/><U18/><E4/><V129/><F129/><W2/><G59/><T72/><D72/><U30/><E30/><V80/><F122/><W45/><G45/><T74/><D74/><U51/><REACH who="1" step="1"/><E53/><REACH who="1" ten="237,230,250,273" step="2"/><V34/><F121/><W76/><G76/><T27/><D31/><U77/><E77/><V17/><F17/><N who="3" m="8399" /><G29/><T32/><D52/><U85/><E85/><V108/><F108/><W33/><AGARI ba="0,1" hai="1,2,6,7,10,11,33,35" m="8399,11407" machi="33" ten="30,12000,2" yaku="35,5,54,1" doraHai="82" who="3" fromWho="3" sc="237,-30,230,-60,250,-30,273,130" /><INIT seed="2,0,0,1,2,74" ten="207,170,220,403" oya="2" hai0="115,9,127,52,111,123,117,118,93,38,98,36,43" hai1="73,26,85,48,77,89,94,97,21,19,5,37,99" hai2="106,130,128,13,42,126,121,109,103,50,135,124,64" hai3="14,120,15,69,41,45,7,31,86,6,80,55,119"/><V49/><F106/><W56/><G69/><T34/><D34/><U104/><E37/><V84/><F103/><W78/><G120/><T101/><D123/><U83/><E104/><V67/><F84/><W68/><G68/><T23/><D115/><U90/><E90/><V113/><F13/><N who="3" m="4619" /><G31/><T33/><D33/><U81/><E94/><V20/><F20/><W0/><G0/><T91/><D127/><N who="2" m="48682" /><F121/><W54/><G119/><N who="0" m="45579" /><D111/><U72/><E72/><V87/><F87/><W70/><G70/><T4/><D23/><U125/><E125/><V132/><F113/><W25/><G25/><T16/><D101/><U105/><E105/><V100/><F100/><W12/><G12/><N who="0" m="7183" /><D4/><U27/><E5/><V44/><F49/><W62/><G6/><T10/><D10/><U2/><E2/><V8/><F8/><W129/><G7/><T47/><D38/><U66/><E26/><V75/><F75/><W92/><G86/><T18/><D18/><U131/><E48/><V3/><F3/><W40/><G80/><T107/><D107/><U133/><E73/><V134/><F109/><W76/><G92/><T46/><D93/><U82/><E83/><V65/><AGARI ba="0,0" hai="42,44,50,64,65,67,128,130,132,134,135" m="48682" machi="65" ten="40,18000,2" yaku="30,2,20,1,18,1,34,2" doraHai="74" who="2" fromWho="2" sc="207,-60,170,-60,220,180,403,-60" /><INIT seed="2,1,0,1,3,63" ten="147,110,400,343" oya="2" hai0="54,68,75,76,69,71,66,34,118,7,15,85,124" hai1="79,36,111,16,77,37,112,97,31,98,130,42,102" hai2="44,62,131,100,81,83,117,12,57,95,115,120,92" hai3="14,32,47,43,121,109,26,59,29,106,126,18,20"/><V80/><F120/><W89/><G121/><T78/><D34/><U123/><E123/><V108/><F115/><W87/><G109/><T45/><D118/><U27/><E112/><V3/><F3/><W96/><G126/><T13/><D124/><U127/><E127/><V35/><F35/><W70/><G70/><T125/><D125/><U134/><E111/><V103/><F108/><W90/><G59/><T39/><D75/><U107/><E134/><V133/><F117/><W113/><G113/><T64/><D39/><U110/><E110/><V101/><F131/><W17/><G17/><T116/><D116/><U56/><E130/><V86/><F44/><W5/><G5/><T132/><D132/><U72/><E98/><V58/><F133/><W135/><G135/><T65/><D85/><U6/><E6/><V91/><F12/><N who="0" m="4682" /><D45/><U24/><E72/><V122/><F122/><W129/><G129/><T10/><D54/><U114/><E114/><V73/><F73/><W1/><G1/><T33/><D33/><U28/><E42/><V128/><F128/><W46/><G46/><T50/><D50/><U88/><E56/><V40/><F57/><W60/><G60/><T25/><D7/><U84/><E84/><V74/><F74/><W21/><G32/><T51/><D51/><U49/><E49/><V4/><F4/><W2/><G2/><T55/><D55/><U61/><E37/><V23/><F40/><W38/><REACH who="3" step="1"/><G87/><REACH who="3" ten="147,110,400,333" step="2"/><T119/><D119/><U8/><E61/><V53/><F23/><W99/><G99/><AGARI ba="1,1" hai="53,58,62,80,81,83,86,91,92,95,99,100,101,103" machi="99" ten="40,2000,0" yaku="8,1" doraHai="63" who="2" fromWho="3" sc="147,0,110,0,400,33,333,-23" /><INIT seed="2,2,0,4,5,112" ten="147,110,433,310" oya="2" hai0="57,13,84,91,87,130,39,64,46,121,74,100,33" hai1="115,32,37,16,1,62,5,128,101,11,12,104,59" hai2="117,109,135,81,76,71,99,123,94,77,116,133,40" hai3="102,48,111,106,127,72,3,7,61,30,10,35,103"/><V114/><F71/><W78/><G111/><T86/><D74/><U132/><E115/><V20/><F40/><W43/><G127/><T51/><D33/><U98/><E37/><V15/><F114/><W47/><G106/><T52/><D130/><U67/><E128/><V25/><F15/><W79/><G61/><N who="0" m="37935" /><D39/><U19/><E132/><N who="2" m="50763" /><F123/><W21/><G35/><T0/><D0/><U134/><E134/><V54/><F54/><W45/><G72/><T60/><D121/><U131/><E131/><V18/><F109/><W126/><G126/><T93/><D100/><U23/><E19/><V24/><F24/><W80/><G102/><T66/><D13/><U105/><REACH who="1" step="1"/><E104/><REACH who="1" ten="147,100,433,310" step="2"/><V58/><F18/><W96/><G7/><T89/><D93/><U120/><E120/><V118/><F81/><W107/><G80/><T83/><D83/><U8/><E8/><V38/><F38/><W42/><G10/><T22/><D91/><U26/><E26/><V125/><F125/><W68/><G107/><T129/><D89/><U124/><E124/><V31/><F76/><W50/><G79/><T63/><D129/><U2/><E2/><V29/><F77/><W69/><G3/><T4/><D4/><U36/><E36/><V73/><F29/><W97/><G78/><T6/><D6/><U113/><E113/><V41/><F73/><W27/><G103/><T55/><D86/><U110/><E110/><V28/><F28/><W65/><G96/><T9/><D84/><U95/><E95/><V82/><F99/><W14/><G97/><T122/><D87/><U34/><AGARI ba="2,1" hai="1,5,11,12,16,23,32,34,59,62,67,98,101,105" machi="34" ten="30,7900,0" yaku="1,1,5,1,0,1,54,1,53,0" doraHai="112" doraHaiUra="119" who="1" fromWho="1" sc="147,-22,100,95,433,-41,310,-22" /><INIT seed="3,0,0,3,3,67" ten="125,195,392,288" oya="3" hai0="124,129,35,109,73,65,25,47,14,51,80,28,52" hai1="26,57,96,104,62,38,37,9,77,10,27,7,105" hai2="29,123,121,31,40,126,92,13,86,91,41,6,66" hai3="127,120,82,69,117,43,76,101,71,85,1,21,130"/><W42/><G120/><N who="2" m="46153" /><F66/><W87/><G117/><T135/><D109/><U133/><E133/><V39/><F126/><W78/><G1/><T34/><D124/><U113/><E113/><V55/><F55/><W15/><G127/><T8/><D135/><U63/><E77/><V107/><F107/><W54/><G130/><T23/><D129/><U33/><E96/><V90/><F90/><W11/><G101/><T102/><D102/><U103/><E103/><V5/><F39/><W2/><G2/><T12/><D12/><U16/><E57/><V22/><F5/><W74/><G21/><T134/><D134/><U99/><E99/><V98/><F98/><W114/><G114/><T111/><D111/><U61/><E61/><V24/><F31/><W59/><G43/><T132/><D132/><U53/><E53/><V116/><F116/><W84/><G42/><T125/><D125/><U46/><E7/><V44/><F44/><W100/><G100/><T58/><D73/><U30/><E46/><V48/><F48/><W18/><REACH who="3" step="1"/><G78/><REACH who="3" ten="125,195,392,278" step="2"/><T3/><D3/><U56/><E38/><V32/><F22/><W94/><G94/><T83/><D34/><U128/><E37/><V110/><F110/><W106/><G106/><T79/><D35/><U19/><E33/><V95/><F95/><W115/><G115/><T93/><D93/><U64/><E128/><V112/><F112/><W45/><G45/><T81/><D79/><U20/><E20/><V89/><F89/><W88/><G88/><T97/><D47/><U36/><E36/><V17/><F41/><W0/><G0/><RYUUKYOKU ba="0,1" sc="125,-10,195,-10,392,-10,278,30" hai3="11,15,18,54,59,69,71,74,76,82,84,85,87" /><INIT seed="3,1,1,5,1,97" ten="115,185,382,308" oya="3" hai0="25,69,41,2,65,28,8,47,84,34,71,107,128" hai1="26,37,120,78,89,21,19,11,9,22,125,10,46" hai2="29,113,67,23,24,27,72,77,105,52,35,74,85" hai3="122,40,111,118,66,39,70,100,14,12,73,124,95"/><W91/><G122/><T116/><D116/><U38/><E78/><V42/><F67/><W133/><G118/><T56/><D128/><U117/><E117/><V5/><F42/><W129/><G73/><T87/><D87/><U51/><E120/><V0/><F113/><W108/><G129/><T83/><D56/><U90/><E125/><V36/><F105/><W101/><G124/><T43/><D43/><N who="1" m="25055" /><E38/><V92/><F36/><W132/><G40/><T93/><D65/><U79/><E79/><V13/><F77/><W106/><G39/><T3/><D83/><U20/><E37/><V121/><F121/><W17/><G106/><T114/><D114/><U45/><E45/><V32/><F72/><W134/><G66/><T82/><D47/><U102/><E102/><N who="3" m="39530" /><G70/><T94/><D69/><U88/><AGARI ba="1,1" hai="9,10,11,19,20,21,22,26,88,89,90" m="25055" machi="88" ten="30,2000,0" yaku="8,1,54,1" doraHai="97" who="1" fromWho="1" sc="115,-6,185,33,382,-6,308,-11" owari="109,-39.0,218,-18.0,376,47.0,297,10.0" /></mjloggm>