<mjloggm ver="2.3"><GO type="97" lobby="0"/><UN n0="%E3%82%A6%E3%83%AB%E3%83%88%E3%83%A9%E7%AB%8B%E7%9B%B4" n1="%31%36" n2="%E4%BA%BA%E7%94%9F%E5%87%BA%E7%9B%B4%E3%81%97" n3="%6B%61%75" dan="15,14,13,14" rate="1955.51,1927.38,1850.75,1992.41" sx="M,M,M,M"/><TAIKYOKU oya="0"/><INIT seed="0,0,0,2,5,14" ten="250,250,250,250" oya="0" hai0="28,52,77,95,79,49,20,65,134,12,94,82,13" hai1="108,99,90,42,69,124,122,86,57,58,46,18,47" hai2="103,64,107,32,128,118,115,33,4,41,104,62,36" hai3="55,23,17,70,35,25,3,29,97,26,7,63,133"/><T56/><D134/><U84/><E69/><N who="2" m="42135" /><F115/><W39/><G39/><T132/><D132/><U68/><E68/><V54/><F54/><W40/><G40/><T92/><D65/><U130/><E122/><V116/><F128/><W59/><G70/><T109/><D109/><U120/><E120/><V71/><F71/><W127/><G133/><T60/><D60/><U123/><E123/><V24/><F4/><W83/><G83/><T98/><D98/><U73/><E130/><V38/><F118/><W105/><G127/><T93/><N who="0" m="23552" /><DORA hai="121" /><T78/><D82/><U15/><E124/><V76/><F76/><W27/><G97/><T110/><D110/><U119/><E73/><V5/><F5/><W31/><G105/><N who="2" m="40521" /><F103/><W11/><REACH who="3" step="1"/><G31/><REACH who="3" ten="250,250,250,240" step="2"/><T106/><D106/><U135/><E135/><V125/><F125/><W111/><G111/><T67/><D67/><U129/><E108/><V66/><F66/><W19/><G19/><T43/><D43/><U30/><E30/><N who="2" m="19527" /><F116/><W61/><G61/><T96/><D96/><U72/><E129/><V34/><F38/><W1/><G1/><T114/><D114/><U80/><E119/><V37/><F37/><W10/><G10/><T87/><D87/><U21/><E86/><V74/><F74/><W100/><G100/><T85/><D85/><U75/><E75/><V44/><AGARI ba="0,1" hai="33,34,36,41,44" m="19527,40521,42135" machi="44" ten="30,2000,0" yaku="33,2" doraHai="14,121" who="2" fromWho="2" sc="250,-10,250,-5,250,30,240,-5" /><INIT seed="1,0,0,2,1,132" ten="240,245,280,235" oya="1" hai0="60,74,32,50,127,116,133,86,47,29,0,100,80" hai1="22,77,109,24,10,12,41,61,5,111,79,129,45" hai2="76,31,46,130,49,30,94,2,14,88,34,118,84" hai3="106,91,69,51,36,115,43,123,108,131,26,6,28"/><U35/><E35/><V78/><F118/><W38/><G123/><T55/><D74/><U53/><E129/><V40/><F2/><W8/><G115/><T33/><D0/><U9/><E9/><V65/><F130/><W81/><G106/><T95/><D116/><U44/><E61/><V37/><F34/><W103/><G103/><T101/><D133/><U15/><E15/><V102/><F37/><W89/><G131/><T134/><D134/><U67/><E67/><V104/><F65/><W42/><G69/><T112/><D112/><U107/><E53/><V21/><F104/><W59/><G108/><N who="1" m="41546" /><E107/><V85/><F102/><W122/><G122/><T119/><D32/><U87/><E87/><N who="2" m="52511" /><F31/><W113/><G113/><T68/><D29/><N who="1" m="17559" /><E45/><V25/><F14/><W27/><G27/><T98/><D33/><U20/><E20/><V128/><F128/><W114/><G114/><T39/><D119/><U92/><E92/><V64/><F64/><W1/><G38/><AGARI ba="0,0" hai="5,10,12,38,41,44,77,79" m="17559,41546" machi="38" ten="30,2900,0" yaku="14,1,10,1" doraHai="132" who="1" fromWho="3" sc="240,0,245,29,280,0,235,-29" /><INIT seed="1,1,0,3,3,57" ten="240,274,280,206" oya="1" hai0="82,50,108,80,76,13,33,79,126,100,51,92,132" hai1="46,22,102,40,42,62,47,12,53,109,127,106,28" hai2="38,72,30,61,133,123,60,44,4,134,131,19,25" hai3="54,58,105,36,64,86,130,34,6,84,24,45,3"/><U116/><E116/><V55/><F123/><W112/><G112/><T56/><D33/><U119/><E119/><V111/><F72/><W115/><G115/><T78/><D108/><U73/><E73/><V77/><F111/><W96/><G64/><T97/><D126/><U26/><E109/><V93/><F77/><W118/><G118/><T67/><D132/><N who="2" m="50794" /><F131/><W104/><G104/><T101/><D13/><U87/><E106/><V65/><F65/><W91/><G130/><T85/><D51/><U121/><E121/><V89/><F19/><W90/><G6/><T35/><D35/><U128/><E128/><V37/><F4/><W1/><G86/><N who="0" m="48391" /><D50/><U68/><E127/><V52/><F44/><W2/><G45/><T17/><D17/><U125/><E125/><V135/><N who="2" m="50802" /><V113/><DORA hai="114" /><F113/><W21/><G34/><T122/><D122/><U83/><E102/><N who="0" m="39529" /><D56/><N who="1" m="35087" /><E68/><V71/><F71/><W10/><G36/><T70/><D70/><U107/><E107/><V98/><F38/><W81/><G105/><T8/><D67/><U20/><E20/><N who="2" m="15655" /><F37/><W31/><G10/><T43/><D8/><U129/><E129/><V94/><F94/><W18/><G31/><T5/><D5/><U75/><E75/><V9/><F9/><W32/><G32/><T99/><D43/><N who="1" m="16427" /><E12/><V59/><F55/><W48/><REACH who="3" step="1"/><G1/><REACH who="3" ten="240,274,280,196" step="2"/><T124/><D124/><U110/><E110/><V88/><F89/><AGARI ba="1,1" hai="22,26,28,46,47,83,87,89" m="16427,35087" machi="89" ten="30,2900,0" yaku="8,1,52,1" doraHai="57,114" who="1" fromWho="2" sc="240,0,274,42,280,-32,196,0" /><INIT seed="1,2,0,0,0,63" ten="240,316,248,196" oya="1" hai0="25,57,61,83,67,21,3,42,40,43,17,2,97" hai1="90,98,30,92,108,96,10,45,129,86,104,64,128" hai2="22,50,59,29,56,123,80,131,132,19,1,78,130" hai3="73,24,110,94,26,9,101,49,95,70,126,109,105"/><U107/><E30/><V115/><F123/><W84/><G73/><T72/><REACH who="0" step="1"/><D97/><REACH who="0" ten="230,316,248,196" step="2"/><N who="1" m="37483" /><E10/><V28/><F1/><W74/><G101/><T38/><D38/><U124/><E45/><V48/><F115/><W119/><G105/><N who="1" m="40522" /><E124/><V12/><F132/><W11/><G126/><T77/><AGARI ba="2,1" hai="2,3,17,21,25,40,42,43,57,61,67,72,77,83" machi="77" ten="30,7900,0" yaku="21,2,0,1,52,1,53,0" doraHai="63" doraHaiUra="47" who="0" fromWho="0" sc="230,95,316,-41,248,-22,196,-22" /><INIT seed="2,0,0,1,2,23" ten="325,275,226,174" oya="2" hai0="62,99,64,132,113,3,66,57,129,38,73,10,95" hai1="115,67,41,112,83,18,35,14,92,25,119,0,131" hai2="43,12,109,86,58,44,37,72,28,111,71,63,5" hai3="85,46,53,61,134,49,54,102,21,93,103,101,45"/><V8/><F72/><W78/><G134/><T16/><D38/><U15/><E0/><V27/><F71/><W55/><G61/><T13/><D73/><U60/><E119/><V77/><F77/><W84/><G84/><T47/><D113/><U133/><E133/><V29/><F86/><W87/><G87/><T94/><D3/><U104/><E104/><V7/><F29/><W6/><G6/><T33/><D33/><U127/><E127/><V81/><F81/><W34/><G34/><T40/><D132/><U105/><E131/><V30/><F30/><W75/><G75/><T20/><D129/><U90/><E41/><V122/><F122/><W97/><G46/><T114/><D114/><U126/><E126/><V4/><F58/><W128/><G128/><T107/><D107/><U32/><E105/><V100/><F100/><W96/><G96/><T98/><D66/><U65/><E83/><V91/><F91/><W52/><REACH who="3" step="1"/><G21/><REACH who="3" ten="325,275,226,164" step="2"/><T31/><D99/><U88/><E60/><V11/><F63/><W76/><G76/><T70/><D98/><U79/><E79/><V17/><REACH who="2" step="1"/><F8/><REACH who="2" ten="325,275,216,164" step="2"/><W123/><G123/><T68/><D68/><U51/><E112/><V48/><F48/><W116/><G116/><T82/><D70/><U39/><E115/><V1/><F1/><W2/><G2/><T74/><D74/><U36/><E51/><V108/><F108/><W89/><G89/><T135/><D135/><U24/><E92/><V121/><F121/><W42/><G42/><T120/><D120/><U124/><E124/><V56/><F56/><W19/><G19/><AGARI ba="0,2" hai="14,15,18,19,24,25,32,35,36,39,65,67,88,90" machi="19" ten="25,12000,2" yaku="6,1,22,2,52,2,54,1" doraHai="23" who="1" fromWho="3" sc="325,0,275,140,216,0,164,-120" /><INIT seed="3,0,0,4,0,8" ten="325,415,216,44" oya="3" hai0="64,69,105,63,34,110,107,66,40,126,6,47,30" hai1="120,12,130,25,106,102,133,4,115,80,42,124,90" hai2="43,24,86,19,56,65,0,96,118,15,121,134,54" hai3="48,23,85,88,108,22,123,99,117,67,17,2,113"/><W10/><G113/><T18/><D18/><U84/><E120/><V71/><F118/><W60/><G117/><T125/><D6/><U101/><E115/><V29/><F0/><W49/><G123/><T20/><D20/><U5/><E124/><V128/><F121/><W98/><G108/><T58/><D30/><U127/><E127/><N who="0" m="48649" /><D34/><U70/><E70/><V39/><F128/><W114/><G114/><T57/><D105/><U76/><E133/><V27/><F134/><W135/><G135/><T116/><D107/><U16/><E130/><V94/><F86/><W91/><G2/><T93/><D93/><U11/><E106/><V33/><F27/><W119/><G119/><T21/><D21/><N who="3" m="7689" /><G91/><T59/><D116/><U31/><E42/><V111/><F111/><W92/><G60/><N who="0" m="40135" /><D110/><U9/><E31/><V55/><F55/><W68/><G67/><T44/><D44/><U51/><E25/><V129/><F65/><W7/><G68/><T112/><D112/><U82/><E51/><AGARI ba="0,0" hai="40,47,51,57,58,59,63,64" m="40135,48649" machi="51" ten="30,3900,0" yaku="18,1,34,2" doraHai="8" who="0" fromWho="1" sc="325,39,415,-39,216,0,44,0" owari="364,16.0,376,48.0,216,-18.0,44,-46.0" /></mjloggm>