<mjloggm ver="2.3"><GO type="169" lobby="0"/><UN n0="%E6%96%B0%E3%82%86%E3%81%A1%E3%82%85%E5%A4%AA%E9%83%8E" n1="%E3%82%A6%E3%83%AB%E3%83%88%E3%83%A9%E7%AB%8B%E7%9B%B4" n2="%E3%83%9F%E3%83%A9%E3%82%AF%E3%83%AB%E3%81%8A%E3%81%98%E3%81%95%E3%82%93" n3="%74%6A%2D%6D%69%63%72%6F" dan="16,16,18,17" rate="2084.28,2017.01,2164.84,2217.55" sx="M,M,M,M"/><TAIKYOKU oya="0"/><INIT seed="0,0,0,1,5,71" ten="250,250,250,250" oya="0" hai0="107,96,63,106,97,41,33,120,113,49,34,3,102" hai1="83,18,10,2,100,26,31,0,92,125,134,122,44" hai2="51,73,85,72,5,9,87,61,133,64,77,104,45" hai3="38,43,135,56,84,81,67,114,52,75,65,112,89"/><T90/><D3/><U115/><E0/><V110/><F104/><W39/><G75/><T60/><D120/><U111/><E122/><V86/><F110/><W130/><G130/><T32/><D90/><U93/><E93/><V19/><F133/><W6/><G6/><T16/><D113/><U23/><E111/><V124/><F124/><W99/><G135/><T121/><D121/><U40/><E134/><V74/><F77/><W30/><G30/><T4/><D4/><U101/><E92/><V58/><F19/><W36/><G43/><T15/><D49/><U98/><E98/><V37/><F37/><W27/><G27/><T53/><D41/><U69/><E69/><V25/><F25/><W35/><G35/><T108/><D108/><U66/><E125/><V46/><REACH who="2" step="1"/><F51/><REACH who="2" ten="250,250,240,250" step="2"/><W68/><G112/><T103/><REACH who="0" step="1"/><D53/><REACH who="0" ten="240,250,240,250" step="2"/><U70/><E115/><V118/><F118/><W119/><G114/><T62/><D62/><U88/><E40/><V20/><F20/><AGARI ba="0,2" hai="15,16,20,32,33,34,60,63,96,97,102,103,106,107" machi="20" ten="40,7700,0" yaku="1,1,9,1,54,1,53,0" doraHai="71" doraHaiUra="132" who="0" fromWho="2" sc="240,97,250,0,240,-77,250,0" /><INIT seed="0,1,0,1,0,99" ten="337,250,163,250" oya="0" hai0="59,24,28,31,114,53,125,48,23,101,75,120,65" hai1="4,43,81,33,20,92,87,67,78,86,97,73,42" hai2="68,30,41,96,57,112,9,122,129,118,51,76,72" hai3="1,90,135,71,106,34,77,103,134,66,26,124,95"/><T126/><D120/><U69/><E33/><V108/><F57/><W93/><G1/><T3/><D75/><U13/><E67/><V88/><F88/><W49/><G77/><T7/><D114/><U121/><E69/><V32/><F51/><W117/><G117/><T132/><D132/><U98/><E73/><V85/><F85/><W127/><G49/><T56/><D31/><U105/><E105/><V55/><F55/><W19/><G66/><T38/><D38/><U11/><E121/><V119/><F9/><W91/><G71/><T70/><D70/><U84/><E20/><V44/><F96/><N who="1" m="36969" /><E86/><V37/><F44/><W130/><G130/><T131/><D131/><U64/><E64/><V74/><F41/><W16/><G106/><T50/><D101/><U111/><E111/><V128/><F76/><W104/><G104/><T100/><D100/><U18/><E4/><V5/><F119/><W115/><G115/><T109/><D109/><U58/><E58/><V12/><F12/><W27/><G103/><T14/><D3/><U60/><E60/><V8/><F8/><W80/><G80/><T29/><D29/><U116/><E116/><V45/><F45/><W102/><G102/><T22/><D7/><U82/><E92/><V46/><F46/><W133/><G133/><T63/><REACH who="0" step="1"/><D50/><REACH who="0" ten="327,250,163,250" step="2"/><U25/><E78/><V83/><F129/><W17/><G17/><AGARI ba="1,1" hai="14,17,22,23,24,28,48,53,56,59,63,65,125,126" machi="17" ten="40,7700,0" yaku="1,1,2,1,53,1" doraHai="99" doraHaiUra="21" who="0" fromWho="3" sc="327,90,250,0,163,0,250,-80" /><INIT seed="0,2,0,3,1,107" ten="417,250,163,170" oya="0" hai0="104,25,28,8,108,23,109,42,16,91,129,15,56" hai1="19,71,12,50,132,79,122,0,7,103,84,116,98" hai2="46,4,17,51,97,123,82,66,40,99,119,121,67" hai3="57,117,106,36,111,1,21,131,112,118,47,114,27"/><T26/><D104/><U53/><E71/><V134/><F134/><W62/><G106/><T37/><D37/><U43/><E122/><V3/><F119/><W105/><G105/><T102/><D102/><U95/><E132/><V135/><F135/><W30/><G1/><T54/><D42/><U120/><E120/><V29/><F123/><W13/><G111/><T32/><D129/><U45/><E116/><V94/><F121/><W63/><G131/><T55/><D91/><U59/><E0/><V2/><F29/><W22/><G13/><T52/><REACH who="0" step="1"/><D56/><REACH who="0" ten="407,250,163,170" step="2"/><U124/><E59/><V90/><F90/><W96/><G57/><T69/><D69/><U72/><E43/><V49/><F40/><W77/><G36/><T113/><D113/><U48/><E103/><V75/><F46/><W24/><G47/><T81/><D81/><U18/><E45/><V39/><F82/><W41/><G41/><T33/><D33/><U5/><E95/><V20/><F94/><W31/><G112/><T100/><D100/><U73/><E124/><V80/><F80/><W58/><G114/><T9/><D9/><U83/><E83/><V14/><F39/><W128/><G128/><T87/><D87/><U70/><E84/><V130/><F130/><W68/><G58/><T61/><D61/><U6/><E70/><V38/><F38/><W78/><G68/><T86/><D86/><U60/><E60/><V34/><F34/><W127/><G96/><T125/><D125/><AGARI ba="2,1" hai="21,22,24,27,30,31,62,63,77,78,117,118,125,127" machi="125" ten="25,1600,0" yaku="22,2" doraHai="107" who="3" fromWho="0" sc="407,-22,250,0,163,0,170,32" /><INIT seed="1,0,0,2,4,110" ten="385,250,163,202" oya="1" hai0="7,5,125,129,134,117,120,85,82,8,43,66,2" hai1="128,96,34,41,59,69,113,31,98,44,1,3,61" hai2="99,56,32,23,28,62,4,42,90,63,47,39,50" hai3="20,121,70,92,27,78,105,60,93,123,6,95,77"/><U35/><E69/><V91/><F32/><W73/><G105/><T94/><D120/><U104/><E104/><V122/><F122/><W111/><G111/><T36/><D117/><U88/><E128/><V74/><F74/><W64/><G6/><T16/><D129/><U38/><E113/><V48/><F4/><W114/><G114/><T106/><D106/><U46/><E46/><V119/><F119/><W72/><G121/><T131/><D131/><U54/><E31/><V37/><F28/><W132/><G123/><T89/><D36/><U49/><E38/><V17/><F99/><W84/><G132/><T12/><D43/><U21/><E96/><V118/><F118/><W127/><G127/><T86/><D134/><U102/><E21/><V67/><F39/><W100/><G100/><T29/><D66/><U30/><E102/><V109/><F109/><W25/><G25/><T14/><D29/><U11/><E11/><V126/><F126/><W45/><G45/><T79/><D125/><U68/><E68/><V101/><F101/><W53/><G53/><T135/><D135/><U15/><E15/><V0/><F0/><N who="1" m="73" /><E30/><V124/><F124/><W26/><G26/><T22/><REACH who="0" step="1"/><D2/><REACH who="0" ten="375,250,163,202" step="2"/><U112/><E112/><V51/><REACH who="2" step="1"/><F63/><REACH who="2" ten="375,250,153,202" step="2"/><W18/><G60/><T130/><D130/><U133/><E133/><V10/><F10/><W81/><G20/><T108/><D108/><U40/><E35/><V24/><AGARI ba="0,2" hai="17,23,24,37,42,47,48,50,51,56,62,67,90,91" machi="24" ten="30,2000,0" yaku="1,1,0,1,53,0" doraHai="110" doraHaiUra="33" who="2" fromWho="2" sc="375,-5,250,-10,153,40,202,-5" /><INIT seed="2,0,0,2,0,46" ten="370,240,193,197" oya="2" hai0="64,20,103,107,132,35,134,51,84,37,52,9,114" hai1="77,57,32,16,72,54,89,128,97,0,3,82,28" hai2="111,15,56,102,2,120,79,125,124,47,76,109,18" hai3="70,131,19,129,94,99,119,25,98,88,17,61,63"/><V126/><F2/><W74/><G119/><T21/><D37/><U40/><E128/><N who="3" m="49226" /><G74/><T100/><D35/><U130/><E130/><V91/><F120/><W80/><G80/><T71/><D114/><U121/><E121/><V11/><F102/><W8/><G70/><T59/><D9/><U65/><E65/><V42/><F56/><W118/><G118/><T68/><D84/><U26/><E40/><V105/><F91/><W135/><G135/><N who="0" m="51755" /><D107/><U101/><E16/><N who="3" m="6218" /><G8/><T10/><D10/><U93/><E89/><V41/><F105/><W73/><G73/><T110/><D110/><N who="2" m="41994" /><F42/><W60/><G25/><T66/><D66/><U30/><E30/><V106/><F106/><W44/><G44/><T104/><D104/><U85/><E72/><V27/><F27/><W53/><G99/><T67/><D67/><U83/><E83/><V22/><F11/><W55/><AGARI ba="0,0" hai="53,55,60,61,63,88,94,98" m="6218,49226" machi="55" ten="40,5200,0" yaku="19,1,54,2" doraHai="46" who="3" fromWho="3" sc="370,-13,240,-13,193,-26,197,52" /><INIT seed="3,0,0,4,2,6" ten="357,227,167,249" oya="3" hai0="120,59,131,84,58,121,63,25,117,0,60,49,48" hai1="40,82,53,97,15,119,30,28,67,4,68,72,101" hai2="34,57,47,36,105,32,38,91,2,19,54,65,14" hai3="114,7,70,96,39,128,102,78,16,24,100,22,83"/><W99/><G39/><T75/><D75/><U56/><E119/><V106/><F2/><W88/><G70/><T18/><D0/><U23/><E40/><V127/><F127/><W103/><G114/><T134/><D117/><U46/><E46/><V27/><F65/><W76/><G128/><T110/><D110/><U79/><E67/><V45/><F91/><W43/><G43/><T73/><D73/><U1/><E1/><V11/><F47/><W111/><G111/><T50/><D84/><U126/><E68/><V8/><F45/><W116/><G116/><T98/><D98/><N who="3" m="37417" /><G7/><T118/><D118/><U51/><E126/><V9/><F38/><W10/><G10/><T44/><D18/><U86/><E72/><V87/><F36/><W95/><G83/><T93/><D25/><U21/><E21/><V85/><F106/><W62/><G62/><N who="0" m="23595" /><D93/><N who="1" m="58543" /><E23/><V92/><F105/><W12/><G24/><T129/><D134/><U42/><E42/><V81/><F92/><W112/><G112/><T3/><D3/><U109/><E109/><V37/><F37/><W77/><G102/><T71/><D71/><U124/><E124/><V135/><F135/><W29/><G29/><T31/><D31/><U132/><E132/><V61/><F27/><W108/><G108/><T35/><D35/><U94/><E94/><V113/><F113/><W104/><G104/><T13/><D44/><U66/><E66/><V69/><F69/><W5/><G5/><T115/><D115/><U20/><E20/><N who="2" m="11383" /><F81/><W74/><G74/><T125/><D125/><U55/><E55/><V89/><F89/><RYUUKYOKU ba="0,0" sc="357,-30,227,10,167,10,249,10" hai1="4,15,28,30,51,53,56,79,82,86" hai2="8,9,11,32,34,54,57,61,85,87" hai3="12,16,22,76,77,78,88,95,100,103" /><INIT seed="3,1,0,2,1,107" ten="327,237,177,259" oya="3" hai0="91,60,104,49,32,90,16,134,25,0,27,100,15" hai1="18,108,31,121,7,19,62,114,102,5,37,119,74" hai2="135,122,67,105,87,115,50,36,126,92,80,70,125" hai3="10,29,78,79,69,51,84,82,72,98,112,21,65"/><W88/><G112/><T128/><D0/><U124/><E37/><V8/><F36/><W85/><G65/><T73/><D128/><U66/><E102/><V96/><F115/><W118/><G69/><T116/><D116/><U77/><E31/><V33/><F33/><W35/><G35/><T120/><D120/><U64/><E62/><V55/><F105/><W127/><G118/><T110/><D110/><U43/><E77/><V54/><F122/><W129/><G129/><T123/><D123/><U3/><E43/><V83/><F135/><W6/><G127/><T4/><D73/><U86/><E74/><V93/><F8/><W133/><G133/><T59/><D134/><U28/><E3/><V24/><F24/><W48/><G98/><T23/><D49/><U113/><E86/><V97/><F87/><W13/><G85/><T39/><D39/><U2/><E2/><V61/><F50/><N who="3" m="18987" /><G72/><T42/><D42/><U131/><E131/><V20/><F61/><W46/><G46/><T41/><D41/><U76/><E119/><V117/><F117/><W38/><G38/><T56/><D59/><U103/><E121/><V26/><F26/><AGARI ba="1,0" hai="6,10,13,21,26,29,78,79,82,84,88" m="18987" machi="26" ten="30,2900,0" yaku="8,1,54,1" doraHai="107" who="3" fromWho="2" sc="327,0,237,0,177,-32,259,32" /><INIT seed="3,2,0,3,2,36" ten="327,237,145,291" oya="3" hai0="22,108,42,20,31,107,68,46,104,76,33,7,8" hai1="51,89,125,97,106,105,49,32,50,79,95,10,109" hai2="52,123,21,1,35,25,47,57,17,126,45,124,101" hai3="15,13,81,26,60,64,0,114,6,128,121,63,18"/><W67/><G121/><T100/><D108/><U59/><E32/><V113/><F113/><W118/><G114/><T28/><D76/><U83/><E109/><V134/><F1/><W133/><G118/><T30/><D68/><U16/><E125/><V117/><F117/><W43/><G128/><T135/><D135/><U99/><E59/><V120/><F134/><W82/><G133/><T41/><D33/><U74/><E99/><V88/><F101/><W112/><G26/><T80/><D80/><U44/><E106/><V56/><F35/><W73/><G112/><T4/><D46/><N who="2" m="17418" /><F57/><W12/><G18/><T111/><D111/><U127/><E105/><N who="0" m="40521" /><D100/><U2/><E127/><N who="2" m="48683" /><F88/><W38/><G0/><T93/><D93/><U3/><REACH who="1" step="1"/><E44/><REACH who="1" ten="327,227,145,291" step="2"/><V75/><F75/><W29/><G73/><T5/><D8/><U66/><E66/><V40/><F40/><AGARI ba="2,1" hai="4,5,7,20,22,28,30,31,40,41,42" m="40521" machi="40" ten="40,8000,1" yaku="28,2,52,3" doraHai="36" who="0" fromWho="2" sc="327,96,227,0,145,-86,291,0" /><INIT seed="4,0,0,2,0,132" ten="423,227,59,291" oya="0" hai0="77,24,121,22,15,31,80,7,116,50,82,72,23" hai1="34,63,85,49,74,48,19,68,100,30,38,36,47" hai2="0,58,9,27,135,101,75,42,6,83,12,102,76" hai3="3,111,122,107,57,26,79,104,16,21,18,112,124"/><T13/><D121/><U86/><E30/><V54/><F135/><W52/><G111/><T120/><D120/><U78/><E34/><V53/><F54/><W73/><G122/><T39/><D39/><U95/><E74/><V87/><F27/><W91/><G3/><T128/><D116/><U56/><E68/><V108/><F108/><W32/><G112/><T43/><D128/><U28/><E28/><V40/><F75/><W41/><G41/><N who="2" m="15977" /><F0/><W129/><G32/><T119/><D119/><U14/><E38/><V62/><AGARI ba="0,0" hai="6,9,12,53,58,62,76,83,87,101,102" m="15977" machi="62" ten="30,1100,0" yaku="8,1" doraHai="132" who="2" fromWho="2" sc="423,-5,227,-3,59,11,291,-3" /><INIT seed="5,0,0,2,2,128" ten="418,224,70,288" oya="1" hai0="15,132,116,18,14,104,54,76,27,10,22,113,30" hai1="43,48,121,45,0,119,31,106,62,118,131,34,70" hai2="94,87,100,5,78,52,71,26,98,61,115,101,79" hai3="57,36,81,66,2,112,56,20,23,102,127,41,89"/><U53/><E0/><V6/><F101/><W92/><G2/><T3/><D104/><U8/><E8/><V46/><F115/><W13/><G112/><T72/><D72/><U59/><E31/><V114/><F114/><W19/><G102/><T35/><D76/><U85/><E34/><V47/><F71/><W60/><G127/><T108/><D113/><U49/><E85/><V11/><F26/><W110/><G110/><T134/><D108/><U58/><E106/><V38/><F38/><W107/><G107/><T29/><D54/><U90/><E90/><V103/><F103/><W17/><G81/><T111/><D111/><U21/><E21/><V39/><F39/><W33/><G33/><T1/><D116/><U25/><E25/><V69/><F69/><W32/><G32/><T123/><D123/><U42/><E121/><V122/><F122/><W129/><G129/><T51/><D51/><U63/><E131/><V75/><F75/><W124/><G124/><T117/><D117/><U9/><E9/><V77/><F87/><W84/><G41/><T83/><D83/><U67/><E42/><V86/><F86/><W126/><G36/><T120/><D120/><U74/><E74/><V125/><F125/><W65/><G126/><T4/><D30/><U109/><E109/><V44/><REACH who="2" step="1"/><F11/><REACH who="2" ten="418,224,60,288" step="2"/><W55/><G84/><T64/><D64/><AGARI ba="0,1" hai="43,45,48,49,53,58,59,62,63,64,67,70,118,119" machi="64" ten="30,11600,0" yaku="7,1,34,3" doraHai="128" who="1" fromWho="0" sc="418,-116,224,126,60,0,288,0" /><INIT seed="5,1,0,3,4,125" ten="302,350,60,288" oya="1" hai0="16,42,68,11,14,1,25,52,79,124,31,71,26" hai1="102,56,103,13,87,9,90,15,100,105,49,129,130" hai2="110,109,112,58,106,59,19,62,128,39,34,64,104" hai3="47,43,8,27,85,78,30,5,127,99,96,55,113"/><U41/><E105/><V117/><F117/><W123/><G123/><T38/><D124/><U66/><E15/><V65/><F39/><W111/><G111/><T22/><D79/><U67/><E41/><V2/><F34/><W131/><G127/><T36/><D42/><U75/><E75/><V54/><F2/><W116/><G113/><T21/><D71/><U17/><E49/><V121/><F121/><W24/><G55/><T40/><D68/><U91/><E56/><V89/><F19/><W97/><G116/><T107/><D107/><U134/><E134/><V81/><F112/><W18/><G18/><T115/><D115/><U88/><REACH who="1" step="1"/><E87/><REACH who="1" ten="302,340,60,288" step="2"/><V72/><F72/><W77/><G85/><T28/><D40/><U7/><E7/><V6/><F6/><W73/><G43/><T12/><D1/><U126/><E126/><V101/><F106/><W57/><G73/><T37/><D14/><U82/><E82/><V114/><F81/><W74/><G74/><T86/><D86/><U45/><E45/><V98/><F59/><W4/><G57/><T0/><D0/><U84/><E84/><V133/><F58/><W122/><G47/><T33/><REACH who="0" step="1"/><D52/><REACH who="0" ten="292,340,60,288" step="2"/><U132/><E132/><V80/><F54/><W95/><G122/><T94/><D94/><U63/><E63/><V69/><F62/><W35/><G95/><T50/><D50/><U108/><E108/><V23/><F110/><W70/><G70/><T20/><AGARI ba="1,2" hai="11,12,16,20,21,22,25,26,28,31,33,36,37,38" machi="20" ten="40,5200,0" yaku="1,1,0,1,54,1,53,0" doraHai="125" doraHaiUra="61" who="0" fromWho="0" sc="292,75,340,-27,60,-14,288,-14" /><INIT seed="6,0,0,5,5,11" ten="367,313,46,274" oya="2" hai0="114,67,19,61,62,85,118,27,130,63,33,14,54" hai1="109,1,0,58,3,69,38,5,56,87,89,70,4" hai2="31,2,112,123,94,48,15,68,34,115,32,60,45" hai3="10,7,113,43,65,71,41,90,59,73,92,81,49"/><V44/><F2/><W25/><G113/><N who="2" m="43593" /><F123/><W106/><G106/><T39/><D39/><U108/><E38/><V128/><F128/><W30/><G71/><N who="1" m="27146" /><E89/><V36/><F36/><W35/><G81/><T40/><D114/><U96/><E96/><V51/><F94/><W110/><G73/><T29/><D118/><U124/><E87/><V93/><F93/><W47/><G110/><N who="1" m="42602" /><E124/><V79/><F79/><W91/><G43/><T8/><D130/><U98/><E98/><V37/><F37/><W21/><G35/><N who="2" m="13353" /><F31/><W18/><G18/><T120/><D120/><U16/><E16/><V13/><F68/><W77/><G77/><T97/><D97/><U117/><E117/><V46/><F60/><N who="3" m="38047" /><G92/><T119/><D119/><U95/><E95/><V100/><F100/><W132/><G90/><T101/><D101/><U134/><E134/><V122/><F122/><W17/><G132/><T23/><D85/><U86/><E86/><V127/><F127/><W78/><G30/><T55/><D40/><U88/><E88/><V83/><F83/><W24/><G91/><T50/><D33/><U80/><E80/><V102/><F102/><W66/><G78/><T125/><D125/><U76/><E76/><V72/><F72/><W20/><G17/><T22/><D22/><U26/><E0/><V135/><F135/><W64/><G21/><T126/><D126/><U53/><E1/><V104/><F104/><W129/><G20/><T131/><D131/><U6/><E3/><V84/><F84/><W103/><G103/><T133/><D133/><U52/><E4/><V28/><F28/><RYUUKYOKU ba="0,0" sc="367,-10,313,-10,46,30,274,-10" hai2="13,15,44,45,46,48,51" /><INIT seed="6,1,0,2,0,70" ten="357,303,76,264" oya="2" hai0="40,32,66,97,108,5,99,22,31,29,53,76,52" hai1="82,112,90,81,49,124,109,0,89,18,9,79,45" hai2="74,113,43,46,104,111,84,19,95,133,73,30,50" hai3="28,132,107,2,7,123,119,85,80,117,14,10,110"/><V78/><F104/><W47/><G107/><T13/><D108/><U16/><E109/><V67/><F111/><W61/><G110/><T118/><D76/><U86/><E124/><V44/><F113/><W63/><G123/><T26/><D40/><U64/><E64/><V11/><F133/><W15/><G132/><T34/><D118/><U58/><E58/><V1/><F30/><W122/><G122/><T130/><D130/><U131/><E131/><V114/><F114/><W20/><G2/><T51/><D66/><U75/><E112/><V98/><F67/><W93/><G93/><T121/><D121/><U4/><E90/><V59/><F59/><W24/><G15/><T6/><D22/><U65/><REACH who="1" step="1"/><E65/><REACH who="1" ten="357,293,76,264" step="2"/><V27/><F46/><W94/><G47/><T25/><D51/><U38/><E38/><V127/><F127/><W55/><G117/><T69/><D69/><U77/><E77/><V35/><F78/><W126/><G126/><T37/><D37/><U100/><E100/><N who="2" m="60511" /><F84/><W71/><G119/><T12/><AGARI ba="1,1" hai="5,6,12,13,25,26,29,31,32,34,52,53,97,99" machi="12" ten="25,6400,0" yaku="0,1,22,2,54,1" doraHai="70" who="0" fromWho="0" sc="357,77,293,-17,76,-33,264,-17" /><INIT seed="7,0,0,3,3,84" ten="434,276,43,247" oya="3" hai0="13,97,126,94,125,51,15,66,57,71,68,10,52" hai1="3,43,9,6,116,85,130,74,14,21,39,28,111" hai2="67,105,81,124,34,117,100,98,127,12,82,110,7" hai3="107,27,50,48,123,128,77,132,41,23,16,90,88"/><W87/><G123/><T47/><D15/><U120/><E111/><V83/><F67/><W106/><G128/><T19/><D47/><U38/><E120/><V56/><F56/><W5/><G132/><T35/><D35/><U18/><E130/><V119/><F12/><W54/><G106/><T61/><REACH who="0" step="1"/><D71/><REACH who="0" ten="424,276,43,247" step="2"/><U79/><E116/><V2/><F7/><W8/><G107/><T129/><D129/><U36/><E36/><V78/><F2/><W4/><G41/><T64/><D64/><U73/><E39/><V22/><F22/><W93/><G77/><T75/><D75/><U114/><E74/><V32/><F34/><W26/><G26/><T65/><D65/><U122/><E73/><N who="2" m="43215" /><F32/><W102/><G102/><AGARI ba="0,1" hai="10,13,19,51,52,57,61,66,68,94,97,102,125,126" machi="102" ten="40,2600,0" yaku="1,1,54,1,53,0" doraHai="84" doraHaiUra="25" who="0" fromWho="3" sc="424,36,276,0,43,0,247,-26" owari="460,56.0,276,8.0,43,-46.0,221,-18.0" /></mjloggm>