<mjloggm ver="2.3"><GO type="97" lobby="0"/><UN n0="%E5%8E%9F%E4%BA%BA%E3%81%A1%E3%82%83%E3%82%93" n1="%E3%82%84%E3%81%8D%E3%81%AB%E3%81%8F" n2="%E3%82%A6%E3%83%AB%E3%83%88%E3%83%A9%E7%AB%8B%E7%9B%B4" n3="%E5%A4%A7%E6%A9%8B%E8%99%9A%E6%B3%89" dan="15,13,16,13" rate="1968.25,1825.74,2001.87,1857.65" sx="M,M,M,M"/><TAIKYOKU oya="0"/><INIT seed="0,0,0,4,1,115" ten="250,250,250,250" oya="0" hai0="107,113,36,135,121,104,9,64,26,7,40,84,45" hai1="34,93,82,61,131,127,99,57,44,10,59,96,41" hai2="116,94,75,8,13,76,120,77,102,58,70,46,114" hai3="30,52,43,87,33,103,35,132,81,86,128,18,5"/><T112/><D121/><U31/><E131/><V50/><F70/><W68/><G128/><T14/><D135/><U126/><E34/><V79/><F120/><W24/><G68/><T48/><D64/><U133/><E96/><V54/><F114/><W91/><G132/><T29/><D113/><U15/><E133/><V78/><N who="2" m="19456" /><DORA hai="65" /><V72/><F116/><W71/><G71/><T67/><D67/><U69/><E82/><V100/><F75/><W92/><G103/><T66/><D66/><N who="1" m="41167" /><E31/><V60/><F94/><W6/><G43/><T2/><D112/><U83/><E83/><V47/><F72/><W101/><G35/><T42/><D84/><U109/><E15/><V56/><F46/><W134/><G134/><T80/><D80/><U28/><E28/><V37/><F37/><W74/><G74/><T0/><D0/><U90/><E10/><V53/><REACH who="2" step="1"/><F47/><REACH who="2" ten="250,250,240,250" step="2"/><W97/><G18/><AGARI ba="0,1" hai="8,13,18,50,53,54,56,58,60,100,102" m="19456" machi="18" ten="50,8000,1" yaku="1,1,2,1,8,1,53,1" doraHai="115,65" doraHaiUra="4,110" who="2" fromWho="3" sc="250,0,250,0,240,90,250,-80" /><INIT seed="1,0,0,1,1,85" ten="250,250,330,170" oya="1" hai0="115,105,12,135,120,38,60,64,116,3,74,86,100" hai1="97,29,15,25,118,109,51,52,50,127,17,7,68" hai2="110,81,134,24,22,99,23,32,62,33,91,71,66" hai3="113,0,31,76,59,44,75,82,28,123,103,63,41"/><U94/><E68/><V84/><F134/><W49/><G113/><T121/><D116/><U122/><E127/><V119/><F119/><W88/><G123/><N who="0" m="47179" /><D74/><U124/><E122/><V104/><F110/><W61/><G103/><T128/><D115/><U53/><E124/><V107/><F107/><W48/><G0/><T72/><D72/><U6/><E51/><V16/><F104/><W89/><G63/><T5/><D3/><U77/><E77/><V55/><F99/><W2/><G2/><T18/><D135/><U132/><E132/><V26/><F55/><W106/><G106/><T80/><D5/><U83/><E83/><V19/><AGARI ba="0,0" hai="16,19,22,23,24,26,32,33,62,66,71,81,84,91" machi="19" ten="20,8000,1" yaku="0,1,7,1,9,1,52,1,54,1" doraHai="85" who="2" fromWho="2" sc="250,-20,250,-40,330,80,170,-20" /><INIT seed="2,0,0,5,2,24" ten="230,210,410,150" oya="2" hai0="131,89,68,87,45,41,26,109,8,35,3,27,21" hai1="130,39,80,98,123,88,16,33,96,38,40,52,129" hai2="103,10,110,61,2,72,48,23,106,117,116,58,77" hai3="112,20,127,113,122,100,25,69,118,128,93,49,83"/><V111/><F77/><W126/><G69/><T34/><D109/><U22/><E33/><V50/><F72/><W92/><G49/><T135/><D68/><U65/><E65/><V120/><F103/><W90/><G20/><T57/><D135/><U11/><E11/><V19/><F106/><W17/><G17/><T94/><D131/><N who="1" m="50187" /><E40/><V56/><F10/><W97/><G25/><T15/><D3/><U99/><E123/><V76/><F76/><W125/><G128/><T0/><D0/><U132/><E132/><V37/><F2/><W78/><G122/><T86/><D86/><N who="1" m="50247" /><E52/><V13/><F37/><W74/><G118/><T84/><D57/><U102/><E102/><V95/><F120/><W62/><G62/><T18/><D87/><AGARI ba="0,0" hai="74,78,83,87,90,92,93,97,100,112,113,125,126,127" machi="87" ten="40,8000,1" yaku="18,1,34,3" doraHai="24" who="3" fromWho="0" sc="230,-80,210,0,410,0,150,80" /><INIT seed="3,0,0,3,1,77" ten="150,210,410,230" oya="3" hai0="93,99,55,11,98,116,94,62,39,0,29,7,102" hai1="63,54,130,123,25,32,79,53,81,129,22,127,119" hai2="75,44,124,40,113,132,131,19,126,4,13,118,91" hai3="57,71,58,17,10,9,59,111,106,134,69,6,36"/><W14/><G106/><T105/><D116/><U76/><E32/><V43/><F113/><W64/><G36/><T31/><D39/><U51/><E123/><V41/><F4/><W5/><G134/><T67/><D55/><U108/><E79/><V50/><F118/><W125/><G125/><N who="2" m="48233" /><F131/><N who="1" m="50185" /><E108/><V120/><F120/><W114/><G114/><T95/><D95/><U101/><E101/><V21/><F75/><W121/><G121/><T35/><D99/><U23/><E119/><V128/><F128/><W26/><G111/><T133/><D133/><U112/><E112/><V47/><F47/><W37/><G37/><T82/><D31/><U83/><E83/><V12/><F12/><W33/><G64/><T8/><D8/><U65/><E25/><V115/><F115/><W97/><G97/><T68/><REACH who="0" step="1"/><D82/><REACH who="0" ten="140,210,410,230" step="2"/><U48/><E127/><V135/><F91/><W56/><N who="3" m="14336" /><DORA hai="96" /><W80/><G80/><T88/><D88/><U92/><E92/><V78/><F78/><W27/><G33/><T1/><D1/><U38/><E38/><V107/><F107/><W18/><G17/><T52/><D52/><AGARI ba="0,1" hai="13,19,21,40,41,43,44,50,52,132,135" m="48233" machi="52" ten="30,2000,0" yaku="18,1,54,1" doraHai="77,96" who="2" fromWho="0" sc="140,-20,210,0,410,30,230,0" owari="120,-38.0,210,-19.0,440,54.0,230,3.0" /></mjloggm>