<mjloggm ver="2.3"><GO type="97" lobby="0"/><UN n0="%E3%82%A6%E3%83%AB%E3%83%88%E3%83%A9%E7%AB%8B%E7%9B%B4" n1="%E7%96%BE%E9%A2%A8%E7%9F%A5%E5%8B%81%E8%8D%89" n2="%67%6C%61%73%73%2E%79%6F" n3="%70%65%61%63%65%36%39" dan="15,15,13,14" rate="1973.48,2014.14,1810.12,1898.18" sx="M,F,M,M"/><TAIKYOKU oya="0"/><INIT seed="0,0,0,4,0,89" ten="250,250,250,250" oya="0" hai0="76,123,38,75,83,116,52,51,21,80,13,68,79" hai1="104,92,101,15,132,1,43,135,57,122,11,99,54" hai2="90,71,70,84,58,74,31,67,111,7,37,85,9" hai3="81,120,22,61,17,130,26,93,63,35,24,134,119"/><T20/><D38/><U2/><E122/><V87/><F74/><W77/><G119/><T30/><D68/><U18/><E43/><V110/><F37/><W0/><G0/><T46/><D123/><U3/><REACH who="1" step="1"/><E104/><REACH who="1" ten="250,240,250,250" step="2"/><V55/><F31/><W53/><G120/><T96/><D116/><U131/><E131/><V16/><F67/><W66/><G130/><T125/><D125/><U114/><E114/><V69/><F7/><W117/><G66/><T105/><D30/><U129/><E129/><V50/><F90/><W62/><G117/><T4/><D4/><U59/><E59/><V12/><AGARI ba="0,1" hai="9,12,16,50,55,58,69,70,71,84,85,87,110,111" machi="12" ten="40,2700,0" yaku="0,1,54,1" doraHai="89" who="2" fromWho="2" sc="250,-13,240,-7,250,37,250,-7" /><INIT seed="1,0,0,1,5,135" ten="237,233,287,243" oya="1" hai0="60,11,73,110,54,114,33,66,89,127,18,0,124" hai1="95,41,87,51,24,125,112,122,106,100,34,59,35" hai2="15,55,101,131,99,45,77,50,118,8,48,28,92" hai3="79,53,5,93,71,117,47,64,19,83,84,113,38"/><U130/><E122/><V76/><F118/><W104/><G104/><T75/><D33/><U65/><E112/><V72/><F28/><W4/><G113/><T70/><D114/><U43/><E106/><V36/><F36/><W7/><G117/><T49/><D89/><U30/><E35/><V14/><F72/><W16/><G38/><T94/><D94/><U128/><E125/><N who="0" m="48201" /><D110/><U80/><E100/><V21/><F131/><N who="1" m="50217" /><E95/><V1/><F1/><W82/><G64/><T62/><D62/><N who="1" m="38111" /><E51/><V32/><F32/><W13/><G71/><T68/><D68/><U10/><E10/><V44/><F21/><N who="3" m="11407" /><G19/><T20/><D11/><U23/><E34/><V69/><F69/><W109/><G109/><T102/><D102/><U107/><E107/><V132/><F132/><W133/><G133/><T29/><D29/><U3/><E3/><V105/><F105/><W9/><G9/><T115/><D0/><U22/><E22/><V56/><F56/><W108/><G108/><T97/><D115/><U42/><E43/><N who="2" m="24607" /><F14/><W58/><G93/><T37/><D37/><U46/><E46/><V39/><F39/><W17/><G47/><N who="0" m="27967" /><D97/><U119/><E119/><V12/><F12/><AGARI ba="0,0" hai="12,18,20,60,66,70,73,75" m="27967,48201" machi="12" ten="30,7700,0" yaku="18,1,52,3" doraHai="135" who="0" fromWho="2" sc="237,77,233,0,287,-77,243,0" /><INIT seed="2,0,0,5,1,57" ten="314,233,210,243" oya="2" hai0="105,90,123,40,66,33,121,41,5,25,75,35,127" hai1="44,125,117,63,130,53,2,98,31,62,58,94,14" hai2="73,128,56,80,78,74,13,82,110,108,48,6,131" hai3="102,71,116,113,92,47,8,104,55,133,85,87,84"/><V9/><F73/><W11/><G71/><T96/><D75/><U124/><E117/><V19/><F80/><W134/><G116/><T111/><D5/><U51/><E2/><V64/><F48/><W72/><G55/><T112/><D112/><U0/><E0/><V115/><F115/><W83/><G47/><T28/><D35/><U118/><E118/><V93/><F93/><W76/><G11/><T54/><D54/><U34/><E130/><N who="2" m="49707" /><F56/><W49/><G49/><T43/><D90/><N who="1" m="55639" /><E14/><V129/><N who="2" m="49715" /><V119/><DORA hai="1" /><F119/><W86/><G8/><T89/><D89/><U59/><E31/><V29/><F29/><W16/><G16/><T70/><D111/><N who="2" m="42538" /><F64/><W3/><G3/><T122/><D127/><N who="1" m="48715" /><E34/><V79/><F79/><W17/><G17/><AGARI ba="0,0" hai="6,9,13,17,19,74,78,82" m="42538,49715" machi="17" ten="50,12000,1" yaku="19,1,14,1,10,1,52,1" doraHai="57,1" who="2" fromWho="3" sc="314,0,233,0,210,120,243,-120" /><INIT seed="2,1,0,5,4,17" ten="314,233,330,123" oya="2" hai0="106,19,14,30,9,84,2,51,38,117,1,61,29" hai1="97,122,36,35,85,81,118,111,28,39,78,121,94" hai2="32,129,127,101,109,93,87,49,53,27,95,90,133" hai3="131,21,135,46,130,0,47,15,73,71,40,55,43"/><V116/><F116/><W126/><G0/><T120/><D38/><U56/><E56/><V42/><F42/><N who="3" m="15915" /><G21/><N who="0" m="11511" /><D51/><U134/><E28/><N who="0" m="10857" /><D61/><U11/><E11/><V88/><F32/><W5/><G5/><N who="0" m="1199" /><D84/><U92/><E35/><V24/><F133/><W68/><G15/><T44/><D44/><N who="3" m="16937" /><G73/><T4/><D106/><U128/><E39/><V99/><F129/><N who="3" m="49163" /><G135/><T65/><D65/><U72/><E36/><V62/><F127/><W60/><G126/><T33/><D117/><U112/><E134/><V77/><F77/><W25/><G25/><T89/><D89/><U74/><E128/><V83/><F109/><W70/><G60/><T18/><D120/><N who="1" m="46187" /><E118/><V115/><F62/><W58/><G58/><T16/><D33/><U86/><E111/><V132/><F132/><W10/><G10/><AGARI ba="1,0" hai="2,4,10,16,18" m="1199,10857,11511" machi="10" ten="30,12000,2" yaku="35,5,52,1,54,1" doraHai="17" who="0" fromWho="3" sc="314,123,233,0,330,0,123,-123" /><INIT seed="3,0,0,3,1,69" ten="437,233,330,0" oya="3" hai0="19,13,70,97,7,73,17,117,48,116,57,39,65" hai1="31,20,26,24,41,85,3,135,113,106,76,27,111" hai2="102,89,62,18,37,103,120,119,80,60,12,16,72" hai3="96,100,121,40,74,8,11,110,50,52,54,63,82"/><W95/><G121/><T66/><D73/><U0/><E113/><V51/><F119/><W108/><G74/><T99/><D7/><U14/><E106/><V77/><F120/><W132/><G132/><T9/><D70/><U29/><E41/><V91/><F18/><W123/><G82/><T93/><D39/><U125/><E76/><V33/><F33/><W25/><G25/><N who="1" m="9834" /><E85/><V78/><F78/><W53/><G40/><T86/><D86/><U30/><E135/><V22/><F51/><W81/><G81/><T34/><D99/><U105/><E105/><V38/><F102/><W35/><G35/><T129/><D97/><U23/><E111/><N who="3" m="42538" /><G123/><T92/><D92/><U5/><E125/><V21/><F103/><W42/><G63/><T98/><D93/><U101/><E101/><V109/><F109/><W55/><G42/><T134/><D134/><U4/><E14/><V47/><F47/><AGARI ba="0,0" hai="8,11,47,50,52,53,54,55,95,96,100" m="42538" machi="47" ten="30,5800,0" yaku="14,1,10,1,54,1" doraHai="69" who="3" fromWho="2" sc="437,0,233,0,330,-58,0,58" /><INIT seed="3,1,0,1,2,4" ten="437,233,272,58" oya="3" hai0="116,75,125,127,40,55,89,38,101,52,98,96,72" hai1="46,42,97,50,94,100,62,134,29,48,36,39,77" hai2="124,126,105,31,122,63,106,95,112,34,7,90,18" hai3="56,51,103,82,132,17,73,84,24,66,121,78,19"/><W25/><G121/><T85/><D40/><U28/><E134/><V61/><F112/><W49/><G73/><T135/><D38/><U45/><E77/><V60/><F18/><N who="3" m="6667" /><G103/><T0/><D0/><U1/><E1/><V93/><F31/><W91/><G132/><T102/><D89/><U21/><E62/><V15/><F34/><W133/><G133/><T57/><D135/><U104/><E104/><N who="2" m="40043" /><F90/><W2/><G2/><T59/><D85/><U80/><E80/><V30/><F30/><W43/><G43/><T11/><D11/><U35/><E35/><V113/><F113/><W12/><G12/><T128/><D128/><U13/><E13/><V76/><F76/><W5/><G5/><T118/><AGARI ba="1,0" hai="52,55,57,59,72,75,96,98,101,102,116,118,125,127" machi="118" ten="25,6400,0" yaku="0,1,22,2,54,1" doraHai="4" who="0" fromWho="0" sc="437,67,233,-17,272,-17,58,-33" owari="504,59.0,216,-18.0,255,6.0,25,-47.0" /></mjloggm>