<mjloggm ver="2.3"><GO type="97" lobby="0"/><UN n0="%6B%69%72%69%73%69%74%61" n1="%E3%82%A6%E3%83%AB%E3%83%88%E3%83%A9%E7%AB%8B%E7%9B%B4" n2="%E7%A6%81%E6%9B%B8%E7%9B%AE%E9%8C%B2" n3="%50%6F%6B%65%47%61%6D%65" dan="13,15,13,15" rate="1877.33,1979.04,1921.33,1969.08" sx="M,M,F,M"/><TAIKYOKU oya="0"/><INIT seed="0,0,0,4,0,73" ten="250,250,250,250" oya="0" hai0="107,101,128,40,9,91,39,56,58,86,20,117,34" hai1="30,69,52,46,78,33,16,130,131,68,125,6,70" hai2="114,35,18,44,31,134,127,80,105,109,97,115,54" hai3="53,47,89,85,22,119,41,82,45,66,57,83,43"/><T13/><D117/><U28/><E6/><V92/><F115/><W102/><G119/><T87/><D128/><N who="1" m="49195" /><E33/><V8/><F114/><W135/><G135/><T62/><D34/><U123/><E123/><V104/><F134/><W48/><G102/><T94/><D86/><U67/><E67/><V27/><F127/><W65/><G22/><T32/><D32/><U0/><E0/><V79/><F109/><W63/><G83/><T1/><D1/><U88/><E125/><V116/><F116/><W120/><G120/><T14/><D39/><AGARI ba="0,0" hai="39,41,43,45,47,48,53,57,63,65,66,82,85,89" machi="39" ten="30,1000,0" yaku="7,1" doraHai="73" who="3" fromWho="0" sc="250,-10,250,0,250,0,250,10" /><INIT seed="1,0,0,0,0,69" ten="240,250,250,260" oya="1" hai0="124,92,90,119,45,48,63,113,13,105,75,61,29" hai1="76,103,12,129,121,109,128,64,120,25,65,33,96" hai2="34,30,36,35,72,17,117,53,68,2,67,106,59" hai3="18,115,99,27,111,134,131,14,54,0,26,66,23"/><U77/><E12/><V62/><F2/><W104/><G115/><T122/><D119/><U10/><E10/><V80/><F117/><W133/><G111/><T37/><D113/><U39/><E25/><V110/><F106/><W130/><G0/><T135/><D105/><U28/><E28/><V91/><F110/><W86/><G66/><T19/><D29/><U24/><E24/><V20/><F36/><W41/><G41/><T102/><D102/><U74/><E109/><V55/><F55/><W51/><G86/><T38/><D75/><U98/><E103/><V118/><F118/><W58/><G27/><T22/><D122/><U132/><E74/><V8/><F8/><W71/><G71/><T97/><D135/><N who="3" m="51721" /><G26/><T40/><REACH who="0" step="1"/><D124/><REACH who="0" ten="230,250,250,260" step="2"/><U7/><E132/><V60/><F60/><AGARI ba="0,1" hai="13,19,22,37,38,40,45,48,60,61,63,90,92,97" machi="60" ten="40,8000,1" yaku="1,1,2,1,52,2,53,0" doraHai="69" doraHaiUra="83" who="0" fromWho="2" sc="230,90,250,0,250,-80,260,0" /><INIT seed="2,0,0,5,3,105" ten="320,250,170,260" oya="2" hai0="9,128,110,20,130,29,61,93,34,98,78,43,41" hai1="44,113,23,58,122,27,5,90,70,80,109,35,129" hai2="94,51,81,102,18,131,83,79,46,124,133,62,72" hai3="31,25,135,84,132,96,21,66,92,82,118,48,47"/><V134/><F62/><W95/><G118/><T40/><D34/><U36/><E35/><V15/><F124/><W111/><G66/><T87/><D9/><U55/><E70/><V4/><F4/><W33/><G33/><T77/><D110/><U59/><E109/><V52/><F131/><N who="0" m="50218" /><D61/><U64/><E64/><V16/><F83/><W53/><G111/><T10/><D87/><N who="1" m="50535" /><E36/><V6/><F6/><W8/><G8/><T91/><D10/><U14/><E113/><V17/><REACH who="2" step="1"/><F15/><REACH who="2" ten="320,250,160,260" step="2"/><W76/><REACH who="3" step="1"/><G96/><AGARI ba="0,1" hai="16,17,18,46,51,52,72,79,81,94,96,102,133,134" machi="96" ten="40,12000,1" yaku="1,1,2,1,52,1,54,2,53,0" doraHai="105" doraHaiUra="121" who="2" fromWho="3" sc="320,0,250,0,160,130,260,-120" /><INIT seed="2,1,0,4,2,3" ten="320,250,290,140" oya="2" hai0="58,0,53,99,105,11,101,118,123,122,70,68,20" hai1="65,17,130,51,125,89,15,61,114,10,131,52,77" hai2="100,28,19,9,42,30,31,13,48,34,88,98,76" hai3="120,38,44,109,5,112,39,60,83,135,132,26,110"/><V46/><F34/><W32/><G120/><T18/><D118/><U69/><E114/><V12/><F76/><W96/><G112/><T79/><D79/><U6/><E77/><V104/><F13/><W43/><G39/><T102/><D101/><U97/><E125/><V80/><REACH who="2" step="1"/><F31/><REACH who="2" ten="320,250,280,140" step="2"/><W64/><G32/><T54/><D123/><U116/><E116/><V29/><F29/><W59/><G26/><T75/><D122/><U115/><E115/><V133/><F133/><W94/><G135/><T63/><D0/><U16/><E130/><V25/><F25/><W73/><G132/><T21/><D70/><U121/><E131/><V87/><AGARI ba="1,1" hai="9,12,19,28,30,42,46,48,80,87,88,98,100,104" machi="87" ten="30,6000,0" yaku="1,1,0,1,54,1,53,0" doraHai="3" doraHaiUra="124" who="2" fromWho="2" sc="320,-21,250,-21,280,73,140,-21" /><INIT seed="2,2,0,4,4,80" ten="299,229,353,119" oya="2" hai0="56,35,65,77,103,83,25,99,32,16,131,72,93" hai1="129,33,63,4,121,84,55,20,115,9,130,38,50" hai2="45,111,127,18,128,109,75,107,82,64,120,106,7" hai3="41,110,101,40,134,119,88,112,13,105,98,37,70"/><V1/><F120/><W39/><G119/><T3/><D131/><N who="1" m="50187" /><E33/><V124/><F128/><W89/><G112/><T22/><D3/><U66/><E38/><V54/><F64/><W78/><G134/><T27/><D27/><U59/><E20/><V133/><F133/><W57/><G110/><N who="2" m="41993" /><F18/><W34/><G70/><T52/><REACH who="0" step="1"/><D65/><REACH who="0" ten="289,229,353,119" step="2"/><U60/><E115/><V31/><F31/><W46/><G34/><T58/><D58/><U95/><E121/><V61/><F1/><W53/><G13/><T76/><D76/><U85/><E95/><V23/><F124/><W2/><G78/><T15/><D15/><N who="1" m="5543" /><E63/><AGARI ba="2,1" hai="16,22,25,32,35,52,56,63,72,77,83,93,99,103" machi="63" ten="30,7700,0" yaku="1,1,7,1,54,2,53,0" doraHai="80" doraHaiUra="122" who="0" fromWho="1" sc="289,93,229,-83,353,0,119,0" /><INIT seed="3,0,0,5,1,58" ten="382,146,353,119" oya="3" hai0="49,65,54,101,120,62,29,36,56,41,116,71,93" hai1="9,66,0,11,127,108,126,98,34,17,51,63,27" hai2="113,133,100,23,117,80,69,106,109,15,135,30,76" hai3="118,131,60,68,132,88,103,5,28,8,73,16,52"/><W13/><G73/><T125/><D29/><N who="1" m="19775" /><E51/><V115/><F69/><W89/><G118/><T121/><D116/><U70/><E17/><V2/><F2/><W38/><G38/><T112/><D112/><N who="2" m="43082" /><F15/><N who="3" m="5519" /><G132/><N who="2" m="50761" /><F23/><N who="3" m="11663" /><G131/><T110/><D110/><U123/><E108/><V75/><F30/><W84/><G68/><T92/><D125/><N who="1" m="47627" /><E98/><N who="2" m="61719" /><F109/><W7/><G7/><T79/><D79/><U105/><E105/><V114/><F114/><W95/><G28/><T14/><D14/><U128/><E128/><V96/><F96/><N who="3" m="59807" /><G84/><T55/><D101/><U4/><E4/><V45/><F45/><W48/><G60/><N who="0" m="40359" /><D92/><U99/><E99/><V78/><F78/><W111/><G111/><T77/><D93/><U129/><E129/><V119/><AGARI ba="0,0" hai="75,76,80,117,119" m="61719,50761,43082" machi="119" ten="40,8000,1" yaku="20,1,23,1,34,2" doraHai="58" who="2" fromWho="2" sc="382,-20,146,-20,353,80,119,-40" owari="362,16.0,126,-27.0,433,53.0,79,-42.0" /></mjloggm>