<mjloggm ver="2.3"><GO type="41" lobby="0"/><UN n0="%73%65%69%6C" n1="%E5%B2%A1%E5%B4%8E%E3%83%95%E3%83%A9%E3%82%B0%E3%83%A1%E3%83%B3%E3%83%88" n2="%E3%82%A6%E3%83%AB%E3%83%88%E3%83%A9%E7%AB%8B%E7%9B%B4" n3="%32%EF%BD%90" dan="15,13,15,14" rate="2055.81,1854.76,1992.99,1808.57" sx="M,M,M,M"/><TAIKYOKU oya="0"/><INIT seed="0,0,0,5,1,34" ten="250,250,250,250" oya="0" hai0="11,113,25,133,17,116,126,131,119,117,90,92,45" hai1="13,109,72,52,3,54,36,95,120,53,111,132,130" hai2="83,55,18,67,9,42,75,73,56,91,78,58,39" hai3="84,28,87,70,32,19,64,35,21,134,29,5,100"/><T41/><D113/><U128/><E72/><V61/><F75/><W85/><G100/><T26/><D126/><U80/><E80/><V74/><F74/><W99/><G99/><T12/><D131/><N who="1" m="50219" /><E36/><V46/><F91/><W127/><G127/><T102/><D133/><U88/><E132/><V112/><F112/><W101/><G101/><T115/><D102/><U63/><E63/><V125/><F125/><W110/><G5/><T86/><REACH who="0" step="1"/><D115/><REACH who="0" ten="240,250,250,250" step="2"/><U97/><E120/><V82/><F73/><W8/><G134/><T121/><D121/><U31/><E31/><V106/><F78/><W7/><G29/><T65/><D65/><U129/><N who="1" m="50227" /><U107/><DORA hai="16" /><E107/><V96/><F106/><W30/><G28/><T66/><D66/><U14/><E3/><V44/><F67/><W60/><G30/><T76/><D76/><U98/><E98/><V59/><F96/><W15/><REACH who="3" step="1"/><G110/><AGARI ba="0,1" hai="13,14,52,53,54,88,95,97,109,110,111" m="50227" machi="110" ten="50,8000,1" yaku="14,1,19,1,54,2" doraHai="34,16" who="1" fromWho="3" sc="240,0,250,90,250,0,250,-80" /><INIT seed="1,0,0,0,3,98" ten="240,340,250,170" oya="1" hai0="128,119,51,61,18,78,35,42,31,19,105,111,85" hai1="63,22,81,90,74,100,112,3,89,75,99,28,97" hai2="6,95,11,131,94,68,26,133,82,33,134,13,4" hai3="32,47,108,10,48,36,116,69,120,96,91,9,20"/><U53/><E112/><V54/><F68/><W45/><G32/><T70/><D119/><U122/><E122/><V125/><F82/><W59/><G120/><T76/><D111/><U110/><E3/><V104/><F104/><W55/><G116/><T25/><D128/><U5/><E5/><V56/><F6/><W135/><G108/><T107/><D70/><U121/><E121/><V66/><F66/><W64/><G135/><N who="2" m="51721" /><F125/><W86/><G20/><T115/><D61/><U72/><E110/><V58/><F58/><W103/><G47/><T84/><D115/><U1/><E1/><V49/><F131/><W43/><G91/><T129/><D129/><U124/><E124/><V88/><F88/><W65/><G86/><T2/><D85/><U71/><E81/><V60/><F60/><W93/><G65/><T27/><D84/><U106/><E99/><V102/><F102/><W14/><REACH who="3" step="1"/><G14/><REACH who="3" ten="240,340,250,160" step="2"/><T38/><D2/><U62/><E22/><V126/><F126/><W7/><G7/><T37/><D35/><U40/><E89/><V17/><F33/><W114/><G114/><T80/><D25/><U132/><E90/><V39/><F26/><W29/><G29/><T101/><D27/><U77/><E28/><V52/><F4/><W46/><G46/><T87/><D31/><U127/><E132/><V92/><F39/><W113/><G113/><T23/><D37/><U30/><E127/><V16/><F17/><W15/><G15/><T130/><D38/><U41/><E30/><V44/><F44/><W118/><G118/><T24/><D18/><U12/><E12/><RYUUKYOKU ba="0,1" sc="240,-15,340,-15,250,15,160,15" hai2="11,13,16,49,52,54,56,92,94,95" hai3="9,10,36,43,45,48,55,59,64,69,93,96,103" /><INIT seed="2,1,1,3,2,37" ten="225,325,265,175" oya="2" hai0="29,106,66,26,41,6,111,132,42,96,64,69,7" hai1="57,11,103,71,119,78,36,65,56,97,19,68,76" hai2="8,15,48,18,95,46,117,104,4,100,107,88,49" hai3="58,35,27,20,30,2,16,10,110,91,52,61,55"/><V123/><F123/><W32/><G110/><T53/><D132/><U102/><E19/><V40/><F117/><W115/><G115/><T12/><D111/><U105/><E11/><V94/><F100/><W93/><G55/><T74/><D74/><U13/><E13/><V38/><F95/><W34/><G10/><T113/><D113/><U0/><E0/><V77/><F77/><W21/><G2/><T23/><D106/><U25/><E25/><V9/><F38/><W82/><G21/><T125/><D125/><U24/><E24/><V129/><F129/><W126/><G82/><T124/><D124/><U109/><E109/><V22/><F49/><W62/><G62/><T45/><D96/><U59/><E119/><V83/><F83/><W112/><G112/><T89/><D89/><U3/><E3/><V80/><F80/><W101/><G101/><T5/><D69/><U99/><E105/><V90/><F9/><W44/><G44/><T67/><REACH who="0" step="1"/><D12/><REACH who="0" ten="215,325,265,175" step="2"/><U72/><E72/><V54/><F104/><W135/><G126/><T121/><D121/><U116/><E116/><V73/><F107/><W60/><G135/><T43/><D43/><U130/><E130/><V133/><F133/><W86/><REACH who="3" step="1"/><G61/><REACH who="3" ten="215,325,265,165" step="2"/><T33/><D33/><U47/><E103/><V87/><F4/><W122/><G122/><T1/><D1/><U128/><E102/><V120/><F120/><W28/><AGARI ba="1,3" hai="16,20,27,28,30,32,34,35,52,58,60,86,91,93" machi="28" ten="40,8000,1" yaku="1,1,0,1,54,2,53,0" doraHai="37" doraHaiUra="114" who="3" fromWho="3" sc="215,-21,325,-21,265,-41,165,113" /><INIT seed="3,0,0,2,5,98" ten="194,304,224,278" oya="3" hai0="77,116,50,76,91,13,119,5,115,12,131,83,57" hai1="10,2,8,49,23,133,74,114,90,30,18,71,38" hai2="129,97,96,20,43,127,45,81,53,80,100,60,41" hai3="105,55,44,22,7,126,101,11,33,26,28,108,31"/><W110/><G126/><T3/><D131/><U4/><E71/><V40/><F129/><W47/><G55/><T104/><D115/><U14/><E114/><V61/><F127/><W95/><G105/><T75/><D104/><U42/><E38/><V52/><F20/><W111/><G31/><T121/><D121/><U67/><E67/><V66/><F66/><W85/><G85/><T27/><D3/><U122/><E74/><V36/><F36/><W32/><G32/><T102/><D102/><U46/><E122/><V113/><F113/><W78/><G78/><T125/><D76/><U0/><E133/><V70/><F70/><W86/><G86/><T16/><D125/><U124/><E124/><V34/><F34/><W6/><G33/><T1/><D1/><U82/><E30/><V65/><F65/><W103/><G95/><T94/><D27/><U123/><E123/><V109/><F109/><W73/><G73/><T63/><D50/><U128/><E128/><V9/><F9/><W132/><G132/><T135/><D5/><N who="3" m="1545" /><G11/><N who="0" m="6175" /><D13/><U69/><E69/><V24/><F24/><W89/><G89/><T29/><D29/><U120/><E120/><V54/><F45/><AGARI ba="0,0" hai="22,26,28,44,45,47,101,103,108,110,111" m="1545" machi="45" ten="40,12000,1" yaku="14,1,10,1,52,2" doraHai="98" who="3" fromWho="2" sc="194,0,304,0,224,-120,278,120" /><INIT seed="3,1,0,4,2,44" ten="194,304,104,398" oya="3" hai0="22,29,109,128,86,133,132,42,110,103,10,46,28" hai1="119,104,35,40,117,106,11,129,15,134,53,7,48" hai2="92,55,73,75,26,27,102,84,70,107,123,62,49" hai3="30,4,116,82,37,17,122,21,118,72,31,90,33"/><W89/><G37/><N who="0" m="21839" /><D103/><U43/><E35/><V76/><F123/><W36/><G36/><T115/><D128/><U71/><E71/><V66/><F75/><W41/><G41/><T47/><D115/><U80/><E80/><V101/><F107/><N who="1" m="41001" /><E134/><N who="0" m="51817" /><D10/><U87/><E87/><V58/><F73/><W38/><G38/><T6/><D6/><U12/><E129/><V60/><F76/><W131/><G122/><T83/><D47/><N who="1" m="27807" /><E15/><V125/><F125/><W59/><G131/><T105/><D105/><U51/><E51/><V9/><F9/><W68/><G68/><T98/><D98/><U77/><E77/><V120/><F120/><W78/><G4/><T113/><D113/><U96/><E96/><V61/><F61/><W32/><G31/><N who="0" m="11851" /><D22/><U2/><E2/><V20/><F27/><W108/><G33/><T14/><D14/><U79/><E79/><AGARI ba="1,0" hai="79,83,86,109,110" m="11851,51817,21839" machi="79" ten="30,1000,0" yaku="20,1" doraHai="44" who="0" fromWho="1" sc="194,13,304,-13,104,0,398,0" /><INIT seed="4,0,0,3,1,69" ten="207,291,104,398" oya="0" hai0="71,121,61,91,126,113,85,111,127,94,100,37,14" hai1="49,106,86,2,99,24,59,120,95,0,128,42,67" hai2="56,13,76,134,32,54,119,80,107,19,12,5,35" hai3="15,83,6,20,3,130,17,50,47,10,129,18,123"/><T122/><D113/><U98/><E120/><V46/><F107/><W55/><G123/><T92/><D111/><U74/><E106/><V33/><F46/><W110/><G110/><T132/><D132/><U36/><E128/><N who="3" m="49258" /><G18/><T70/><D37/><U7/><E74/><V124/><F54/><W96/><G96/><N who="0" m="59415" /><D14/><U84/><E24/><V112/><F56/><W58/><G83/><T88/><D91/><U43/><E67/><V4/><F80/><W109/><G109/><T25/><D25/><U81/><E59/><AGARI ba="0,0" hai="3,6,10,15,17,20,47,50,55,58,59" m="49258" machi="59" ten="30,1000,0" yaku="19,1" doraHai="69" who="3" fromWho="1" sc="207,0,291,-10,104,0,398,10" /><INIT seed="5,0,0,2,2,56" ten="207,281,104,408" oya="1" hai0="45,83,47,122,104,31,126,90,91,101,73,75,76" hai1="16,117,69,123,95,61,94,65,54,64,36,77,78" hai2="130,20,112,6,51,128,18,96,33,97,29,107,108" hai3="37,9,19,24,58,42,113,4,118,135,106,34,66"/><U10/><E123/><V79/><F29/><W105/><G118/><T86/><D122/><U23/><E117/><V85/><F33/><W92/><G113/><T44/><D126/><U62/><E10/><V28/><F28/><W87/><G135/><T40/><D31/><U59/><E36/><V26/><F108/><W27/><G27/><T68/><D68/><U12/><E54/><V98/><F107/><W102/><G34/><T114/><D114/><U88/><E94/><V109/><F109/><W50/><G37/><T46/><D101/><U55/><E55/><V52/><F6/><W8/><G8/><T13/><D104/><U111/><E111/><V53/><F112/><W60/><G50/><T125/><D13/><U131/><E131/><V22/><F85/><AGARI ba="0,0" hai="12,16,23,59,61,62,64,65,69,77,78,85,88,95" machi="85" ten="30,12000,1" yaku="7,1,52,2,54,2" doraHai="56" who="1" fromWho="2" sc="207,0,281,120,104,-120,408,0" owari="207,-19.0,401,20.0,-16,-52.0,408,51.0" /></mjloggm>