<mjloggm ver="2.3"><GO type="97" lobby="0"/><UN n0="%65%71%6D%6D" n1="%62%6C%61%6E%78" n2="%E9%88%B4%E6%9C%A8%E7%88%86%E7%99%BA%E3%80%82" n3="%E3%82%A6%E3%83%AB%E3%83%88%E3%83%A9%E7%AB%8B%E7%9B%B4" dan="14,13,14,15" rate="2008.70,1940.58,1930.89,1998.07" sx="M,M,M,M"/><TAIKYOKU oya="0"/><INIT seed="0,0,0,4,1,95" ten="250,250,250,250" oya="0" hai0="13,75,130,6,52,70,131,80,66,113,111,97,69" hai1="96,40,31,64,58,104,59,7,108,16,18,112,88" hai2="99,92,125,134,24,15,4,91,51,118,27,62,127" hai3="65,34,117,94,135,10,60,47,56,17,3,45,32"/><T20/><D113/><U107/><E112/><V83/><F134/><W2/><G117/><T23/><D23/><U119/><E119/><V55/><F118/><W36/><G135/><T44/><D111/><U53/><E108/><V63/><F83/><W30/><G3/><T5/><D5/><U114/><E114/><V116/><F116/><W43/><G30/><T93/><D66/><U57/><E40/><V48/><F48/><W121/><G121/><T76/><D6/><U12/><E7/><V122/><F122/><W78/><G2/><T85/><D13/><U9/><E31/><V72/><F72/><W25/><G78/><T73/><D20/><U133/><E133/><V1/><F1/><W100/><G45/><T90/><D70/><U87/><E104/><V115/><F115/><W68/><G68/><T41/><D41/><U126/><E107/><V79/><F79/><W71/><G71/><T105/><D69/><U54/><E126/><N who="2" m="48139" /><F15/><W46/><G46/><T22/><D22/><U49/><E64/><V61/><F4/><W0/><G0/><T77/><D52/><N who="1" m="31887" /><E18/><V29/><F29/><W74/><G34/><T33/><D44/><AGARI ba="0,0" hai="24,27,44,51,55,61,62,63,91,92,99" m="48139" machi="44" ten="30,2000,0" yaku="18,1,52,1" doraHai="95" who="2" fromWho="0" sc="250,-20,250,0,250,20,250,0" /><INIT seed="1,0,0,3,1,108" ten="230,250,270,250" oya="1" hai0="102,66,1,70,79,78,2,63,76,94,106,26,134" hai1="105,56,97,16,81,9,47,127,89,117,101,74,112" hai2="82,125,116,113,38,15,72,61,109,7,25,57,3" hai3="19,46,53,96,64,115,60,68,55,44,122,22,62"/><U27/><E117/><V135/><F109/><W21/><G96/><T118/><D106/><U86/><E127/><V99/><F116/><W69/><G19/><T77/><D118/><U119/><E119/><V51/><F125/><W37/><G22/><T111/><D111/><U132/><E132/><V80/><F135/><W107/><G21/><T10/><D134/><U50/><E56/><V83/><F38/><W5/><G5/><T85/><D26/><U87/><E112/><V93/><F3/><W33/><G33/><T32/><D32/><U65/><E65/><N who="2" m="39087" /><F113/><W58/><G107/><T48/><D48/><U126/><E126/><V100/><F72/><W130/><G130/><T24/><D24/><U43/><E86/><V91/><F25/><W13/><G13/><T34/><D34/><U45/><E74/><V36/><F36/><W31/><G31/><T11/><D102/><U103/><E47/><V28/><F28/><W95/><G95/><T8/><N who="0" m="19968" /><DORA hai="133" /><T131/><REACH who="0" step="1"/><D131/><REACH who="0" ten="220,250,270,250" step="2"/><U90/><E101/><V73/><F51/><N who="3" m="28919" /><G115/><T39/><D39/><U18/><E90/><AGARI ba="0,1" hai="1,2,8,10,11,63,66,70,85,90,94" m="19968" machi="90" ten="60,2000,0" yaku="1,1,53,0" doraHai="108,133" doraHaiUra="29,52" who="0" fromWho="1" sc="220,30,250,-20,270,0,250,0" /><INIT seed="2,0,0,5,0,31" ten="250,230,270,250" oya="2" hai0="9,46,89,85,38,34,30,98,118,105,90,33,35" hai1="120,37,82,63,22,113,41,32,78,121,44,19,26" hai2="71,2,5,67,49,56,109,54,15,88,103,66,133" hai3="65,86,0,59,11,131,97,18,39,75,104,60,93"/><V91/><F2/><W62/><G39/><T61/><D9/><U96/><E63/><V3/><F3/><W20/><G75/><T29/><D61/><U81/><E96/><V101/><F133/><W70/><G131/><T36/><D90/><N who="2" m="34346" /><F109/><W76/><G104/><T53/><D98/><U77/><E113/><V43/><F71/><W73/><G73/><T13/><D13/><U45/><E19/><V92/><F43/><W40/><G40/><T87/><D105/><U24/><E22/><V68/><F68/><W79/><G86/><T55/><D35/><U117/><E117/><V112/><F112/><W135/><G11/><T72/><D89/><U57/><E57/><V116/><F116/><W50/><G0/><T106/><D106/><U16/><E16/><V25/><F25/><W115/><G62/><T6/><D72/><U114/><E114/><V83/><F83/><W123/><G60/><T10/><D10/><U64/><E64/><N who="2" m="24619" /><F92/><W108/><G93/><T125/><D46/><U17/><E17/><V69/><F69/><W42/><G70/><T4/><REACH who="0" step="1"/><D118/><REACH who="0" ten="240,230,270,250" step="2"/><U80/><E32/><V99/><F99/><W1/><G97/><T14/><D14/><U52/><E26/><V100/><F15/><W124/><G1/><T74/><D74/><U84/><E24/><V8/><F8/><W58/><G20/><T110/><D110/><U102/><E102/><V132/><F132/><W27/><G135/><T48/><D48/><N who="1" m="28679" /><E84/><V21/><F21/><W12/><G108/><T47/><D47/><U127/><E127/><AGARI ba="0,1" hai="4,6,29,30,33,34,36,38,53,55,85,87,125,127" machi="127" ten="25,8000,1" yaku="1,1,22,2,52,2,53,0" doraHai="31" doraHaiUra="122" who="0" fromWho="1" sc="240,90,230,-80,270,0,250,0" /><INIT seed="3,0,0,5,3,113" ten="330,150,270,250" oya="3" hai0="20,16,125,23,45,35,75,51,110,109,54,130,7" hai1="85,91,98,73,70,111,83,134,22,94,53,56,88" hai2="2,49,104,42,93,95,12,132,74,128,123,60,25" hai3="4,107,61,32,14,106,82,81,50,99,65,133,92"/><W62/><G32/><T43/><D7/><U90/><E70/><V84/><F123/><W112/><G112/><T0/><D0/><U11/><E111/><N who="0" m="42505" /><D75/><U36/><E36/><V77/><F2/><W117/><G14/><T76/><D76/><N who="1" m="44431" /><E11/><V80/><F132/><W17/><G4/><T64/><D125/><U101/><E22/><V9/><F128/><W6/><G6/><T47/><D35/><U13/><E53/><V1/><F104/><W29/><G29/><T71/><D130/><U66/><E13/><V10/><F1/><W15/><G15/><T100/><D100/><U28/><E28/><V57/><F25/><W52/><G17/><T96/><D96/><U87/><E56/><V122/><F122/><W124/><G50/><N who="0" m="26943" /><D16/><U116/><E66/><V102/><F49/><W72/><G65/><T78/><D78/><U127/><E116/><V44/><F57/><W131/><G62/><AGARI ba="0,0" hai="20,23,47,51,54,62,64,71" m="26943,42505" machi="62" ten="30,1000,0" yaku="14,1" doraHai="113" who="0" fromWho="3" sc="330,10,150,0,270,0,250,-10" owari="340,44.0,150,-35.0,270,7.0,240,-16.0" /></mjloggm>