<mjloggm ver="2.3"><GO type="97" lobby="0"/><UN n0="%E3%81%8B%E3%81%AA%E3%81%93%E3%80%82" n1="%E7%89%8C%E3%81%AE%E6%97%85%E4%BA%BA" n2="%E3%81%96%E3%81%A3%E3%81%8D%E3%83%BC%EF%BC%9E%EF%BC%9C" n3="%E3%82%A6%E3%83%AB%E3%83%88%E3%83%A9%E7%AB%8B%E7%9B%B4" dan="13,14,14,15" rate="1907.64,1888.80,1937.08,1995.35" sx="F,M,M,M"/><TAIKYOKU oya="0"/><INIT seed="0,0,0,3,0,41" ten="250,250,250,250" oya="0" hai0="130,72,14,35,59,62,116,95,6,120,129,135,26" hai1="77,67,50,10,5,44,54,37,69,87,119,80,105" hai2="47,131,36,91,88,82,3,97,31,79,18,11,13" hai3="32,108,84,115,107,0,42,71,7,22,39,17,64"/><T104/><D120/><U132/><E119/><V27/><F131/><N who="0" m="50186" /><D116/><U122/><E122/><V12/><F3/><W128/><G84/><T96/><D104/><U134/><E105/><V24/><F12/><W100/><G17/><T111/><D72/><U9/><E37/><V126/><F126/><W60/><G22/><T33/><D135/><U30/><E30/><V63/><F63/><W124/><G60/><T16/><D6/><U98/><E98/><V38/><F24/><W49/><G49/><T48/><D48/><U25/><E25/><V81/><F97/><W68/><G7/><T92/><D111/><U114/><E114/><V29/><F29/><W101/><G64/><N who="0" m="39007" /><D26/><U123/><E123/><V118/><F118/><W90/><G128/><T74/><D74/><U2/><E69/><V85/><F81/><W53/><G71/><T21/><D95/><U40/><E67/><V89/><REACH who="2" step="1"/><F47/><REACH who="2" ten="250,250,240,250" step="2"/><W23/><G124/><T112/><D112/><U28/><E134/><V55/><F55/><W1/><G53/><T34/><D34/><AGARI ba="0,1" hai="11,13,18,27,31,34,36,38,79,82,85,88,89,91" machi="34" ten="40,2600,0" yaku="1,1,54,1,53,0" doraHai="41" doraHaiUra="110" who="2" fromWho="0" sc="250,-26,250,0,240,36,250,0" /><INIT seed="1,0,0,2,0,23" ten="224,250,276,250" oya="1" hai0="89,51,122,41,98,38,22,30,113,125,100,71,104" hai1="124,72,53,101,134,64,2,114,58,127,63,91,16" hai2="120,95,46,109,61,56,86,68,18,83,133,31,28" hai3="85,82,17,9,123,80,24,74,75,40,111,84,52"/><U96/><E114/><V79/><F120/><W45/><G123/><T66/><D122/><U106/><E72/><V87/><F68/><W99/><G111/><T13/><D113/><U59/><E2/><V69/><F109/><W3/><G99/><T130/><D38/><U33/><E33/><V65/><F133/><W94/><G94/><T1/><D1/><U131/><E134/><V15/><F46/><W48/><G75/><T78/><D130/><U117/><E117/><V57/><F69/><W7/><G74/><T121/><D121/><U19/><E131/><V110/><F110/><W76/><G17/><T20/><D78/><U37/><E37/><V103/><F57/><W55/><G24/><T70/><D125/><N who="1" m="48203" /><E91/><AGARI ba="0,0" hai="3,7,9,40,45,48,52,55,76,80,82,84,85,91" machi="91" ten="30,2000,0" yaku="7,1,54,1" doraHai="23" who="3" fromWho="1" sc="224,0,250,-20,276,0,250,20" /><INIT seed="2,0,0,2,0,21" ten="224,230,276,270" oya="2" hai0="59,51,70,65,44,16,116,96,4,85,90,42,101" hai1="6,57,2,106,60,38,37,84,80,133,45,24,115" hai2="104,76,77,55,3,20,100,71,36,25,82,39,66" hai3="72,12,99,18,130,118,1,117,113,11,48,41,19"/><V73/><F3/><W50/><G72/><T14/><D70/><U122/><E115/><V29/><F77/><W52/><G1/><T28/><D4/><U0/><E106/><V64/><F55/><W43/><G113/><T23/><D28/><U34/><E133/><V121/><F121/><W49/><G130/><T62/><D116/><U108/><E122/><V10/><F10/><W56/><G117/><T69/><D69/><U125/><E108/><V88/><F88/><W33/><G33/><T58/><D58/><U93/><E125/><V74/><F74/><W135/><G135/><T83/><D96/><U97/><E2/><V46/><F46/><W91/><G118/><T87/><D87/><U22/><E34/><V86/><F86/><W17/><G91/><T54/><REACH who="0" step="1"/><D101/><REACH who="0" ten="214,230,276,270" step="2"/><U7/><E6/><V63/><F64/><AGARI ba="0,1" hai="14,16,23,42,44,51,54,59,62,64,65,83,85,90" machi="64" ten="40,8000,1" yaku="1,1,2,1,8,1,54,1,53,1" doraHai="21" doraHaiUra="81" who="0" fromWho="2" sc="214,90,230,0,276,-80,270,0" /><INIT seed="3,0,0,0,4,77" ten="304,230,196,270" oya="3" hai0="126,4,135,128,70,53,119,45,131,28,42,36,46" hai1="114,21,52,7,121,27,99,54,31,83,14,71,78" hai2="59,130,55,13,20,9,50,26,24,23,81,133,113" hai3="120,35,37,73,85,86,87,10,47,29,84,132,117"/><W111/><G73/><T12/><D119/><U3/><E114/><V61/><F133/><W109/><G117/><T122/><D122/><U112/><E112/><V79/><F130/><N who="0" m="49706" /><D135/><U43/><E121/><V102/><F113/><W116/><G116/><T5/><D126/><U51/><E71/><V107/><F107/><W76/><G132/><T64/><D28/><U82/><E3/><V0/><F0/><W104/><G120/><T41/><D53/><N who="1" m="20587" /><E78/><V95/><F61/><W40/><G104/><T63/><D12/><U125/><E125/><V19/><F102/><W60/><G60/><T118/><D118/><U33/><E33/><V34/><F95/><W16/><G29/><T65/><D65/><U101/><E101/><V134/><F134/><W89/><G35/><T18/><D18/><U94/><E99/><V44/><F59/><W103/><G103/><T92/><D92/><U56/><E94/><V39/><F39/><AGARI ba="0,0" hai="4,5,36,39,41,42,45,46,63,64,70" m="49706" machi="39" ten="30,1000,0" yaku="19,1" doraHai="77" who="0" fromWho="2" sc="304,10,230,0,196,-10,270,0" owari="314,41.0,230,-17.0,186,-31.0,270,7.0" /></mjloggm>