<mjloggm ver="2.3"><GO type="97" lobby="0"/><UN n0="%E3%82%A6%E3%83%AB%E3%83%88%E3%83%A9%E7%AB%8B%E7%9B%B4" n1="%E3%82%B5%E3%82%A4%E3%82%B3" n2="%65%75%72%6F%73%74%61%72" n3="%6E%61%68%61%68%61%68%61" dan="16,13,14,13" rate="1992.10,1873.95,1904.35,1815.25" sx="M,F,M,M"/><TAIKYOKU oya="0"/><INIT seed="0,0,0,0,1,49" ten="250,250,250,250" oya="0" hai0="44,99,123,64,25,90,23,95,3,51,68,37,0" hai1="69,16,66,20,5,83,15,61,75,85,104,33,34" hai2="72,48,8,67,91,93,27,55,133,14,125,114,32" hai3="121,103,13,54,109,118,28,81,11,38,79,26,107"/><T56/><D37/><U18/><E104/><V130/><F114/><W47/><G121/><T128/><D68/><U42/><E75/><V58/><F72/><W129/><G118/><T80/><D123/><U52/><E42/><V97/><F125/><W10/><G38/><T77/><D128/><U88/><E5/><V122/><F133/><W87/><G129/><T41/><D56/><U132/><E132/><V22/><F130/><W36/><G36/><T4/><D64/><U100/><E100/><V60/><F32/><W135/><G135/><T59/><D59/><U50/><E18/><V7/><F122/><W40/><G109/><T106/><D106/><U35/><E35/><V21/><REACH who="2" step="1"/><F27/><REACH who="2" ten="250,250,240,250" step="2"/><W9/><G26/><T102/><D3/><U57/><AGARI ba="0,1" hai="15,16,20,33,34,50,52,57,61,66,69,83,85,88" machi="57" ten="20,12000,2" yaku="0,1,7,1,52,1,54,3" doraHai="49" who="1" fromWho="1" sc="250,-60,250,130,240,-30,250,-30" /><INIT seed="1,0,0,3,0,113" ten="190,380,210,220" oya="1" hai0="114,108,83,35,32,131,58,74,44,80,98,124,90" hai1="45,121,36,65,34,24,10,48,116,62,30,31,126" hai2="81,51,26,129,16,37,102,59,115,93,92,41,5" hai3="127,52,111,104,22,47,119,0,66,87,2,50,33"/><U86/><E121/><V53/><F129/><W55/><G104/><T8/><D114/><U130/><E130/><V112/><F5/><W75/><G33/><T27/><D108/><U99/><E126/><V123/><F123/><W6/><G111/><T135/><D32/><U95/><E116/><V100/><F112/><W110/><G110/><T28/><D135/><U57/><E31/><V38/><F115/><W29/><G127/><T128/><D83/><U60/><E10/><V134/><F134/><W73/><G75/><T67/><D124/><U15/><E15/><V118/><F37/><W84/><G73/><T39/><D67/><U69/><E36/><V21/><F118/><W64/><G119/><T42/><D58/><U120/><E120/><V94/><REACH who="2" step="1"/><F81/><REACH who="2" ten="190,380,200,220" step="2"/><W25/><G6/><T3/><D128/><U117/><E117/><V91/><F91/><W125/><G2/><T72/><D131/><U109/><E109/><V63/><F63/><W76/><G0/><T105/><D90/><U9/><E62/><V88/><F88/><W54/><G125/><T70/><D80/><U40/><E60/><V19/><F19/><W18/><G76/><T97/><D70/><U133/><E69/><V43/><F43/><N who="3" m="24959" /><G18/><T12/><D39/><U107/><E40/><V79/><F79/><W101/><G101/><T49/><D3/><U103/><E133/><V11/><F11/><W106/><G106/><T71/><D71/><U122/><E9/><V7/><F7/><W61/><G61/><T20/><D105/><U46/><E122/><V14/><F14/><W78/><G78/><RYUUKYOKU ba="0,1" sc="190,-15,380,-15,200,15,220,15" hai2="16,21,26,38,41,51,53,59,92,93,94,100,102" hai3="22,25,29,52,54,55,64,66,84,87" /><INIT seed="2,1,1,4,5,100" ten="175,365,215,235" oya="2" hai0="67,22,81,126,54,109,92,122,103,13,31,27,118" hai1="78,117,120,40,21,108,10,111,125,30,28,15,50" hai2="83,73,11,71,5,34,2,87,88,43,130,114,105" hai3="52,65,102,37,104,24,14,9,68,0,6,79,69"/><V17/><F114/><W44/><G79/><T113/><D122/><U12/><E78/><V42/><F71/><W106/><G24/><T55/><D113/><U98/><E117/><V133/><F105/><W132/><G132/><T23/><D118/><U128/><E128/><V80/><F73/><W47/><G0/><T131/><D131/><U1/><E98/><V75/><F75/><W51/><G37/><T121/><D121/><U3/><E50/><V36/><F130/><W29/><G29/><N who="1" m="11370" /><E40/><V63/><F34/><W16/><G6/><T85/><D67/><U56/><E56/><V72/><F72/><W53/><G68/><T33/><D33/><U95/><E95/><V49/><F133/><W107/><G102/><T57/><D109/><N who="1" m="42059" /><E125/><V91/><F36/><W66/><G69/><T25/><D126/><U45/><E45/><V77/><F77/><W110/><G110/><T82/><D57/><U99/><E99/><V4/><F49/><AGARI ba="1,1" hai="9,14,16,44,47,49,51,52,53,65,66,104,106,107" machi="49" ten="40,12000,2" yaku="9,1,52,3,54,2" doraHai="100" who="3" fromWho="2" sc="175,0,365,0,215,-123,235,133" /><INIT seed="3,0,0,0,2,67" ten="175,365,92,368" oya="3" hai0="46,71,48,35,107,76,119,94,0,60,84,77,63" hai1="108,39,44,86,3,78,102,7,49,109,116,92,40" hai2="28,13,26,21,74,123,65,16,103,89,130,20,30" hai3="87,54,17,37,80,33,32,10,114,126,38,64,41"/><W134/><G114/><T100/><D0/><U27/><E116/><V55/><F74/><W99/><G126/><T43/><D94/><U106/><E106/><V42/><F42/><W132/><G64/><N who="0" m="41351" /><D84/><U73/><E73/><V97/><F65/><W23/><G10/><T72/><D72/><U52/><E3/><V133/><F133/><N who="3" m="51307" /><G54/><T61/><D119/><U29/><E7/><V2/><F2/><W24/><G99/><N who="0" m="61855" /><D63/><U22/><E78/><V59/><F130/><W96/><G96/><T69/><D69/><U58/><REACH who="1" step="1"/><E86/><REACH who="1" ten="175,355,92,368" step="2"/><V68/><F123/><W118/><G118/><T83/><D61/><U104/><E104/><V66/><F66/><W51/><G37/><T79/><D83/><U12/><E12/><V125/><F68/><W90/><G38/><T4/><D4/><U31/><E31/><V5/><F125/><W57/><G41/><T110/><D110/><U128/><E128/><V112/><F112/><W70/><G70/><T127/><D127/><U19/><E19/><V105/><F5/><W1/><G1/><T18/><D18/><U47/><E47/><V117/><F117/><W8/><G8/><T6/><D6/><U124/><E124/><V121/><F121/><W135/><G135/><T91/><D91/><U129/><E129/><V15/><F15/><W9/><G9/><T82/><D35/><N who="3" m="13385" /><G51/><T45/><D45/><U50/><E50/><N who="2" m="31223" /><F89/><W85/><G85/><N who="0" m="48327" /><D79/><U131/><E131/><V93/><F105/><W113/><G113/><T115/><D77/><U88/><E88/><V95/><F30/><W25/><G25/><T53/><D115/><RYUUKYOKU ba="0,1" sc="175,0,355,0,92,0,368,0" hai0="43,46,48,53" hai1="22,27,29,39,40,44,49,52,58,92,102,108,109" hai2="13,16,20,21,26,28,93,95,97,103" hai3="17,23,24,57,80,87,90" owari="175,-22.0,355,16.0,92,-41.0,378,47.0" /></mjloggm>