<mjloggm ver="2.3"><GO type="97" lobby="0"/><UN n0="%E3%82%8C%E3%81%8A%E3%81%97%E3%82%87%E3%81%86" n1="%75%73%75%75%73%75" n2="%53%6F%66%74%42%61%6E%6B" n3="%E3%82%A6%E3%83%AB%E3%83%88%E3%83%A9%E7%AB%8B%E7%9B%B4" dan="14,13,13,15" rate="1965.78,1889.56,1818.02,1986.81" sx="M,M,M,M"/><TAIKYOKU oya="0"/><INIT seed="0,0,0,5,2,22" ten="250,250,250,250" oya="0" hai0="51,104,1,65,69,103,130,23,73,36,60,7,89" hai1="125,44,33,21,114,56,54,113,93,90,95,3,92" hai2="116,18,87,29,27,12,117,127,2,128,79,4,129" hai3="26,5,41,112,32,57,77,48,52,78,124,40,9"/><T10/><D130/><N who="2" m="50282" /><F79/><W6/><G112/><T85/><D36/><U30/><E33/><N who="2" m="20671" /><F87/><W11/><G124/><T76/><D51/><U72/><E72/><V37/><F37/><W31/><G78/><T15/><D73/><U75/><E75/><V46/><F46/><W53/><G77/><T0/><D76/><U17/><E30/><V20/><F127/><W133/><G133/><T28/><D103/><U131/><E125/><V81/><F81/><W59/><G11/><AGARI ba="0,0" hai="2,4,11,12,18,20,116,117" m="20671,50282" machi="11" ten="30,8000,1" yaku="24,1,19,1,34,2,52,1" doraHai="22" who="2" fromWho="3" sc="250,0,250,0,250,80,250,-80" /><INIT seed="1,0,0,4,4,59" ten="250,250,330,170" oya="1" hai0="28,13,115,93,83,55,105,127,18,67,123,81,26" hai1="112,133,131,71,36,31,82,119,11,10,58,126,118" hai2="91,24,2,7,94,102,77,33,22,42,9,60,20" hai3="86,92,40,132,135,3,134,80,74,32,125,54,39"/><U121/><E31/><V53/><F102/><W103/><G32/><T35/><D115/><U65/><E82/><V8/><F77/><W90/><G3/><T46/><D123/><U50/><E11/><V57/><F42/><W96/><G40/><T49/><D105/><U0/><E10/><V62/><F9/><W78/><G54/><T130/><D130/><U106/><E106/><V64/><F33/><W97/><G39/><T85/><D127/><U109/><E109/><V44/><F24/><W124/><REACH who="3" step="1"/><G97/><REACH who="3" ten="250,250,330,160" step="2"/><T6/><D6/><U61/><E0/><V79/><F44/><W17/><G17/><T27/><D27/><U75/><E121/><V48/><F48/><W16/><G16/><T63/><D93/><AGARI ba="0,1" hai="74,78,80,86,90,92,93,96,103,124,125,132,134,135" machi="93" ten="40,8000,1" yaku="1,1,20,1,34,3,53,0" doraHai="59" doraHaiUra="56" who="3" fromWho="0" sc="250,-80,250,0,330,0,160,90" /><INIT seed="2,0,0,2,1,51" ten="170,250,330,250" oya="2" hai0="54,14,29,74,11,115,103,134,64,98,34,91,108" hai1="128,104,122,46,5,70,121,113,99,101,40,35,30" hai2="87,84,19,1,65,118,66,23,68,33,85,96,26" hai3="27,42,55,16,119,13,97,125,123,127,89,9,80"/><V67/><F118/><W130/><G123/><N who="1" m="47114" /><E113/><V4/><F33/><W126/><G119/><T49/><D115/><U0/><E128/><V38/><F38/><W76/><G130/><T124/><D124/><U7/><E70/><V59/><F59/><W81/><G42/><T72/><D134/><U109/><E109/><V114/><F114/><W10/><G27/><T129/><D129/><U110/><E110/><V48/><F48/><W6/><G76/><T132/><D132/><U52/><E0/><V63/><REACH who="2" step="1"/><F96/><REACH who="2" ten="170,250,320,250" step="2"/><W69/><G69/><T90/><D108/><U102/><E35/><V8/><AGARI ba="0,1" hai="1,4,8,19,23,26,63,65,66,67,68,84,85,87" machi="8" ten="30,6000,0" yaku="1,1,2,1,0,1,53,0" doraHai="51" doraHaiUra="112" who="2" fromWho="2" sc="170,-20,250,-20,320,70,250,-20" /><INIT seed="2,1,0,3,0,82" ten="150,230,390,230" oya="2" hai0="115,1,96,46,33,66,60,130,105,21,99,25,0" hai1="128,77,13,23,95,102,43,49,110,79,92,44,113" hai2="107,67,103,51,50,73,37,117,74,24,65,26,9" hai3="56,101,8,45,120,38,116,2,53,131,71,34,28"/><V11/><F37/><W17/><G71/><T39/><D115/><U70/><E113/><V57/><F103/><W81/><G116/><T75/><D130/><U16/><E128/><V27/><F57/><W76/><G131/><T86/><D86/><U126/><E70/><V15/><F15/><W106/><G120/><T122/><D99/><U20/><E126/><V112/><F112/><W61/><G28/><N who="0" m="19599" /><D21/><U32/><E32/><V90/><F90/><W18/><G34/><T127/><D75/><U123/><E123/><V22/><F22/><W78/><G78/><T97/><D97/><U36/><E110/><V59/><F59/><W133/><G133/><T3/><D127/><U14/><E36/><V83/><F83/><W19/><G101/><N who="0" m="62631" /><D122/><U52/><E43/><V111/><F27/><W88/><G106/><T68/><D0/><U109/><E109/><V104/><REACH who="2" step="1"/><F111/><REACH who="2" ten="150,230,380,230" step="2"/><W69/><G69/><T124/><D124/><U85/><E102/><V93/><F93/><W7/><G88/><T119/><D119/><AGARI ba="1,1" hai="9,11,24,26,50,51,65,67,73,74,104,107,117,119" machi="119" ten="25,4800,0" yaku="1,1,22,2,53,0" doraHai="82" doraHaiUra="72" who="2" fromWho="0" sc="150,-51,230,0,380,61,230,0" /><INIT seed="2,2,0,5,2,42" ten="99,230,441,230" oya="2" hai0="15,113,98,119,50,16,41,61,28,27,30,74,78" hai1="126,46,67,82,92,21,8,109,69,63,95,129,43" hai2="19,124,80,36,32,26,90,13,51,25,64,106,52" hai3="14,70,108,116,84,60,40,85,73,11,44,132,1"/><V88/><F124/><W33/><G33/><T55/><D113/><U22/><E126/><V71/><F106/><W83/><G116/><T133/><D119/><U56/><E129/><V107/><F107/><W35/><G35/><T0/><D133/><U39/><E109/><V31/><F36/><W134/><G108/><T97/><D0/><U2/><E82/><V115/><F115/><W72/><G1/><T135/><D135/><N who="3" m="51753" /><G85/><T99/><D61/><U10/><E92/><V4/><F4/><N who="3" m="3431" /><G60/><T54/><D41/><U77/><E77/><V3/><F3/><W130/><G70/><T76/><D74/><U131/><E131/><V12/><F71/><W48/><G130/><T89/><D89/><AGARI ba="2,0" hai="40,44,48,72,73,83,84,89" m="3431,51753" machi="89" ten="30,2000,0" yaku="20,1,52,1" doraHai="42" who="3" fromWho="0" sc="99,-26,230,0,441,0,230,26" /><INIT seed="3,0,0,5,0,30" ten="73,230,441,256" oya="3" hai0="116,100,8,34,66,104,61,22,94,69,53,64,10" hai1="25,135,113,16,6,88,118,101,65,29,124,89,1" hai2="133,28,54,117,35,24,81,26,123,86,72,14,74" hai3="59,60,110,78,99,68,87,62,44,107,114,120,0"/><W132/><G0/><T51/><D116/><U128/><E113/><V134/><F123/><W112/><G120/><T19/><D64/><U46/><E118/><V105/><F117/><W130/><G114/><T125/><D125/><U80/><E124/><V111/><F111/><W12/><G112/><T96/><D104/><U13/><E128/><V98/><F24/><W122/><G122/><T129/><D129/><U27/><E135/><N who="2" m="51723" /><F14/><W32/><G132/><T38/><D38/><U119/><E119/><V39/><F39/><W49/><G130/><T91/><D100/><U75/><E101/><N who="2" m="62647" /><F54/><W63/><G12/><T85/><D96/><U121/><E121/><V127/><F127/><W106/><G106/><T4/><D4/><U40/><E65/><V2/><F2/><W20/><G20/><T131/><D131/><U92/><E1/><V48/><F48/><W82/><G110/><T36/><D36/><U115/><E6/><V37/><F37/><W45/><G49/><T79/><D79/><AGARI ba="0,0" hai="26,28,35,72,74,79,81,86" m="62647,51723" machi="79" ten="30,2000,0" yaku="20,1,52,1" doraHai="30" who="2" fromWho="0" sc="73,-20,230,0,441,20,256,0" owari="53,-45.0,230,-17.0,461,56.0,256,6.0" /></mjloggm>