<mjloggm ver="2.3"><GO type="41" lobby="0"/><UN n0="%E9%BB%92%E7%9B%AE%E3%81%8C%E3%81%A1%E3%81%AA%E5%B0%91%E5%A5%B3" n1="%E7%94%B0%E4%B8%AD%E7%89%A1%E4%B8%B9%E9%A4%85" n2="%75%6E%6B%6F%6F" n3="%E3%82%A6%E3%83%AB%E3%83%88%E3%83%A9%E7%AB%8B%E7%9B%B4" dan="14,15,13,16" rate="2010.73,2009.09,1837.16,2092.58" sx="M,M,M,M"/><TAIKYOKU oya="0"/><INIT seed="0,0,0,3,3,26" ten="250,250,250,250" oya="0" hai0="31,27,42,117,125,134,83,110,105,90,78,36,22" hai1="120,41,128,74,20,135,33,61,49,116,103,45,40" hai2="93,29,39,1,0,77,54,21,73,64,118,122,14" hai3="8,124,43,58,48,121,87,79,99,13,7,76,59"/><T53/><D117/><U55/><E116/><V25/><F39/><W38/><G121/><T67/><D105/><U133/><E33/><V108/><F122/><W19/><G124/><T71/><D125/><U106/><E120/><V89/><F118/><W104/><G38/><T11/><D134/><N who="1" m="51211" /><E74/><V37/><F37/><W66/><G66/><T75/><D110/><U17/><E61/><V100/><F100/><W96/><G104/><T30/><D11/><U62/><E62/><V50/><F64/><W57/><G19/><T34/><D71/><U46/><E128/><V65/><F65/><W68/><G68/><T23/><D67/><U109/><E109/><V69/><F69/><W80/><REACH who="3" step="1"/><G76/><REACH who="3" ten="250,250,250,240" step="2"/><T132/><D132/><U15/><E106/><V86/><F108/><W95/><G95/><T131/><D131/><U101/><E41/><V28/><F77/><W5/><G5/><T70/><D53/><U32/><E40/><V60/><F54/><W63/><G63/><T12/><D70/><U9/><E55/><V97/><F93/><W82/><G82/><T123/><D123/><U102/><E49/><V35/><F50/><W16/><G16/><T44/><D42/><U98/><E17/><V47/><F60/><W129/><G129/><T52/><D36/><U18/><E18/><V72/><F25/><W130/><G130/><T85/><D52/><U81/><E45/><AGARI ba="0,1" hai="7,8,13,43,45,48,57,58,59,79,80,87,96,99" machi="45" ten="40,8000,1" yaku="1,1,25,2,8,1,53,0" doraHai="26" doraHaiUra="111" who="3" fromWho="1" sc="250,0,250,-80,250,0,240,90" /><INIT seed="1,0,0,0,4,48" ten="250,170,250,330" oya="1" hai0="63,52,97,68,19,111,24,23,54,67,34,122,11" hai1="88,1,100,86,37,22,57,69,135,105,72,0,126" hai2="98,53,80,59,60,83,130,90,7,121,38,42,50" hai3="103,127,14,12,49,10,26,82,102,36,18,92,16"/><U119/><E72/><V112/><F121/><W41/><G36/><T45/><D122/><U71/><E37/><V81/><F112/><W20/><G127/><T47/><D111/><U84/><E126/><V91/><F38/><W66/><G66/><T25/><D97/><U8/><E119/><V125/><F125/><W104/><G104/><T35/><D11/><U9/><E135/><V76/><F130/><W77/><G92/><T117/><D117/><U101/><E22/><V96/><F7/><W32/><G32/><T74/><D74/><U21/><E21/><V6/><F6/><W124/><G124/><T30/><REACH who="0" step="1"/><D34/><REACH who="0" ten="240,170,250,330" step="2"/><U43/><E105/><V3/><F98/><W70/><G10/><T95/><D95/><U116/><E116/><V109/><F96/><W106/><G106/><T39/><D39/><U31/><E86/><V107/><F107/><W73/><G73/><T133/><D133/><U27/><E100/><V58/><F109/><W131/><G102/><T113/><D113/><U5/><E101/><V56/><F76/><W61/><G77/><T94/><D94/><N who="1" m="54535" /><E1/><V15/><F3/><W65/><G103/><T132/><D132/><U28/><E8/><V129/><F129/><W89/><G131/><T46/><AGARI ba="0,1" hai="19,23,24,25,30,35,45,46,47,52,54,63,67,68" machi="46" ten="30,8000,1" yaku="1,1,0,1,52,2,54,1,53,0" doraHai="48" doraHaiUra="114" who="0" fromWho="0" sc="240,90,170,-40,250,-20,330,-20" /><INIT seed="2,0,0,5,1,124" ten="330,130,230,310" oya="2" hai0="32,36,73,53,59,64,120,116,117,42,21,82,20" hai1="95,96,46,50,69,90,80,134,51,58,40,4,130" hai2="10,105,37,61,33,87,56,104,34,68,22,3,135" hai3="83,43,25,54,18,19,2,84,9,89,6,99,27"/><V119/><F68/><W63/><G43/><T108/><D120/><U102/><E134/><V115/><F37/><W30/><G27/><T85/><D32/><U13/><E69/><V66/><F119/><N who="0" m="45642" /><D73/><U110/><E110/><V24/><F135/><W41/><G41/><T16/><D108/><U121/><E121/><V65/><F65/><W98/><G98/><T106/><D106/><U112/><E112/><V11/><F105/><W101/><G54/><T114/><D64/><U39/><E58/><V92/><F104/><W133/><G63/><N who="0" m="36335" /><D114/><U74/><E74/><V111/><F115/><W86/><G133/><T28/><D28/><U91/><E91/><V48/><F111/><W128/><G101/><T7/><D7/><U129/><E13/><V88/><F3/><W17/><G99/><T77/><D16/><U60/><E4/><V15/><F48/><N who="1" m="18473" /><E60/><V38/><F38/><W100/><G100/><T44/><AGARI ba="0,0" hai="20,21,36,42,44,77,82,85" m="36335,45642" machi="44" ten="30,1100,0" yaku="12,1" doraHai="124" who="0" fromWho="0" sc="330,11,130,-3,230,-5,310,-3" /><INIT seed="3,0,0,0,0,75" ten="341,127,225,307" oya="3" hai0="128,104,65,69,59,70,41,96,55,76,18,120,5" hai1="54,84,123,30,28,64,13,66,27,102,118,19,132" hai2="103,58,45,40,17,56,10,134,7,82,36,14,91" hai3="121,77,39,89,49,8,15,21,0,135,130,63,129"/><W23/><G39/><T111/><D120/><U113/><E123/><V106/><F134/><W37/><G37/><T1/><D111/><U73/><E113/><V92/><F106/><W112/><G112/><T124/><D124/><U95/><E73/><V110/><F103/><W60/><G121/><T88/><D128/><U71/><E71/><V72/><F110/><W127/><G127/><T12/><D41/><U3/><E118/><V109/><F109/><W80/><G135/><T42/><D42/><U9/><E3/><V108/><F108/><W43/><G89/><T67/><D76/><U24/><E132/><V47/><F47/><W83/><G0/><T87/><D5/><U16/><E54/><V116/><F116/><W53/><G43/><T100/><D1/><U81/><E102/><V94/><F7/><W52/><G15/><T48/><D70/><U61/><E95/><V79/><REACH who="2" step="1"/><F94/><REACH who="2" ten="341,127,215,307" step="2"/><W34/><G130/><T31/><D69/><U62/><E62/><V50/><F50/><W117/><G129/><T29/><D29/><U86/><E61/><V101/><F101/><W114/><G117/><T97/><D31/><N who="1" m="11819" /><E19/><V57/><F57/><W6/><G63/><T74/><D100/><U38/><E38/><V32/><F32/><W11/><G34/><T20/><D104/><U46/><E46/><V125/><F125/><W126/><G126/><T68/><D68/><U26/><E81/><V44/><F44/><N who="3" m="27687" /><G114/><T22/><D59/><U25/><N who="1" m="6656" /><DORA hai="122" /><U107/><E107/><V98/><AGARI ba="0,1" hai="10,14,17,36,40,45,56,58,72,79,82,91,92,98" machi="98" ten="20,8000,1" yaku="1,1,0,1,7,1,52,1,53,1" doraHai="75,122" doraHaiUra="33,78" who="2" fromWho="2" sc="341,-20,127,-20,215,90,307,-40" /><INIT seed="4,0,0,2,0,99" ten="321,107,305,267" oya="0" hai0="34,131,49,32,48,90,41,16,50,2,42,65,106" hai1="15,33,78,14,9,10,51,104,120,81,74,39,19" hai2="37,122,119,59,70,17,82,80,107,66,5,64,124" hai3="52,118,101,45,69,75,71,89,84,21,40,85,54"/><T67/><D106/><U1/><E39/><V113/><F70/><W97/><G75/><T11/><D131/><U123/><E104/><V132/><F122/><W35/><G35/><T115/><D115/><U72/><E33/><V86/><F37/><W43/><G118/><T24/><D90/><U109/><E1/><V114/><F107/><W27/><G69/><T12/><D2/><U56/><E109/><V26/><F119/><W103/><G71/><T116/><D116/><U108/><E108/><V30/><F124/><W57/><G97/><T94/><D94/><U25/><E25/><V68/><F68/><W83/><G85/><T73/><D73/><U92/><E92/><V133/><F17/><N who="3" m="12719" /><G54/><T13/><D34/><U134/><E134/><N who="2" m="51819" /><F5/><W76/><G76/><T77/><D77/><U128/><E128/><V95/><F82/><W135/><G135/><T18/><D24/><U100/><E100/><N who="3" m="38474" /><G45/><T111/><D32/><U60/><E51/><AGARI ba="0,0" hai="40,43,51,52,57,83,84,89" m="38474,12719" machi="51" ten="30,8000,1" yaku="8,1,52,3,54,1" doraHai="99" who="3" fromWho="1" sc="321,0,107,-80,305,0,267,80" /><INIT seed="5,0,0,2,4,13" ten="321,27,305,347" oya="1" hai0="118,10,32,29,103,98,82,63,20,36,66,119,91" hai1="7,131,41,51,109,27,132,74,56,30,57,0,86" hai2="43,108,127,124,45,37,64,111,128,73,120,89,62" hai3="122,9,14,102,52,47,61,84,8,85,90,105,48"/><U21/><E74/><V104/><F73/><W31/><G122/><T38/><D32/><U126/><E126/><N who="2" m="48171" /><F104/><W65/><G102/><T54/><D54/><U15/><E0/><V101/><F101/><W107/><G31/><T6/><D20/><U99/><E132/><V11/><F120/><W16/><G9/><T44/><D29/><U78/><E109/><N who="2" m="42059" /><F89/><W46/><G46/><T53/><D91/><U134/><E134/><V55/><F11/><W129/><G129/><T39/><D82/><N who="1" m="47447" /><E131/><V121/><F128/><W114/><G114/><T115/><D115/><U113/><E113/><V68/><F121/><W116/><G116/><T71/><D53/><AGARI ba="0,0" hai="37,43,45,53,55,62,64,68" m="42059,48171" machi="53" ten="30,3900,0" yaku="18,1,34,2" doraHai="13" who="2" fromWho="0" sc="321,-39,27,0,305,39,347,0" /><INIT seed="6,0,0,1,4,33" ten="282,27,344,347" oya="2" hai0="120,47,10,93,88,30,108,65,54,69,49,53,46" hai1="95,70,79,105,116,68,61,63,13,57,36,115,77" hai2="8,45,55,67,106,28,82,64,59,9,74,20,111" hai3="62,56,86,2,114,113,3,23,25,94,128,4,121"/><V85/><F74/><W89/><G121/><T100/><D120/><U0/><E13/><V103/><F106/><W75/><G75/><T81/><D108/><U19/><E19/><V107/><F107/><W21/><G128/><T29/><D10/><N who="2" m="4202" /><F103/><W102/><G102/><T16/><D16/><U32/><E95/><V22/><F45/><W24/><G4/><T44/><D69/><U35/><E61/><V18/><F28/><W87/><G87/><T80/><D65/><N who="2" m="25162" /><F18/><W78/><G78/><T1/><D1/><U11/><E11/><V7/><F7/><W71/><G71/><T127/><D127/><U76/><E63/><N who="2" m="36351" /><F111/><W14/><G14/><T34/><D34/><N who="1" m="12843" /><E57/><V52/><F52/><N who="0" m="20074" /><D100/><U124/><E105/><V131/><F131/><W126/><G126/><T66/><D66/><U92/><E124/><V40/><F40/><W90/><G56/><T42/><D42/><U38/><E116/><V58/><F58/><W96/><G62/><T117/><D117/><U60/><E60/><V27/><F27/><W43/><G43/><T122/><D122/><U118/><E118/><V109/><F109/><W97/><G86/><N who="0" m="52375" /><D49/><U6/><E115/><V37/><F37/><N who="1" m="14441" /><E92/><AGARI ba="0,0" hai="2,3,21,23,24,25,89,90,92,94,96,97,113,114" machi="92" ten="25,6400,0" yaku="22,2,52,2" doraHai="33" who="3" fromWho="1" sc="282,0,27,-64,344,0,347,64" owari="282,-12.0,-37,-54.0,344,14.0,411,52.0" /></mjloggm>