<mjloggm ver="2.3"><GO type="97" lobby="0"/><UN n0="%E5%B7%9D%E6%9D%91%E6%99%83%E8%A3%95" n1="%65%75%72%6F%73%74%61%72" n2="%76%69%66" n3="%E3%82%A6%E3%83%AB%E3%83%88%E3%83%A9%E7%AB%8B%E7%9B%B4" dan="15,13,14,15" rate="2030.44,1875.42,1913.09,1954.91" sx="M,M,M,M"/><TAIKYOKU oya="0"/><INIT seed="0,0,0,5,5,22" ten="250,250,250,250" oya="0" hai0="21,19,7,134,91,97,60,93,112,98,13,3,77" hai1="73,75,16,11,49,67,86,42,32,101,133,135,20" hai2="24,69,110,57,10,118,95,100,79,88,74,25,45" hai3="36,107,130,62,27,99,40,48,64,128,29,56,82"/><T52/><D112/><U70/><E32/><V122/><F122/><W71/><G82/><T108/><D134/><N who="1" m="51211" /><E101/><V109/><F69/><W121/><G121/><T117/><D117/><U90/><E11/><V1/><F100/><N who="3" m="62879" /><G48/><T111/><D77/><U63/><E49/><V106/><F106/><W53/><G53/><T39/><D39/><U132/><E42/><V28/><F28/><W114/><G56/><N who="0" m="34823" /><D3/><U81/><N who="1" m="51219" /><U89/><DORA hai="76" /><E89/><V61/><F45/><N who="3" m="23687" /><G114/><T2/><D2/><U34/><E34/><AGARI ba="0,0" hai="27,29,34,62,64,71,128,130" m="23687,62879" machi="34" ten="30,3900,0" yaku="25,1,23,1,52,1" doraHai="22,76" who="3" fromWho="1" sc="250,0,250,-39,250,0,250,39" /><INIT seed="1,0,0,2,5,25" ten="250,211,250,289" oya="1" hai0="125,38,20,26,6,56,86,113,46,95,108,35,87" hai1="15,65,61,128,106,9,117,39,34,131,13,5,134" hai2="24,7,36,82,89,32,40,120,97,94,132,83,37" hai3="55,53,30,8,76,74,129,67,90,50,80,119,98"/><U4/><E134/><V2/><F120/><W118/><G129/><N who="1" m="49738" /><E106/><V88/><F132/><W127/><G67/><T41/><D108/><U79/><E39/><V70/><F70/><W68/><G68/><T10/><D35/><U54/><E117/><N who="3" m="44554" /><G127/><T49/><D113/><U43/><E43/><V69/><F69/><W77/><G8/><T116/><D125/><U28/><E79/><V63/><F63/><W114/><G114/><T12/><D116/><U115/><E54/><N who="3" m="20490" /><G50/><T123/><D123/><U130/><E115/><V44/><F37/><W58/><G58/><T14/><D38/><U124/><E124/><V126/><F126/><W21/><G77/><T112/><D112/><U64/><E130/><V135/><F135/><W102/><G90/><T48/><D56/><U71/><E64/><V1/><F89/><W100/><G98/><T27/><D49/><U91/><E91/><V101/><F7/><N who="1" m="2633" /><E9/><V109/><F1/><W92/><G92/><T104/><D104/><U62/><E61/><V23/><F2/><W45/><G45/><T84/><REACH who="0" step="1"/><D95/><REACH who="0" ten="240,211,250,289" step="2"/><U93/><E93/><V22/><F94/><W51/><G51/><T78/><D78/><U99/><E99/><V66/><F97/><W16/><G102/><T17/><AGARI ba="0,1" hai="6,10,12,14,17,20,26,27,41,46,48,84,86,87" machi="17" ten="30,4000,0" yaku="1,1,0,1,8,1,53,0" doraHai="25" doraHaiUra="33" who="0" fromWho="0" sc="240,50,211,-20,250,-10,289,-10" /><INIT seed="2,0,0,1,5,81" ten="290,191,240,279" oya="2" hai0="34,111,95,29,97,68,25,77,134,76,106,17,50" hai1="74,0,49,27,21,79,5,85,132,127,108,102,32" hai2="78,83,58,35,30,70,15,91,115,87,65,45,98" hai3="6,2,16,88,7,57,113,28,72,120,56,14,112"/><V124/><F70/><W71/><G72/><T12/><D111/><U131/><E32/><V37/><F115/><N who="3" m="44107" /><G71/><T36/><D106/><U31/><E74/><V94/><F124/><W99/><G28/><T11/><D36/><U67/><E108/><V118/><F118/><W59/><G2/><T13/><D68/><U109/><E109/><V9/><F35/><W104/><G120/><T117/><D117/><U121/><E121/><V20/><F37/><W135/><G135/><T52/><D13/><U82/><E127/><V116/><F45/><W62/><G62/><T101/><REACH who="0" step="1"/><D134/><REACH who="0" ten="280,191,240,279" step="2"/><U4/><E132/><V126/><F116/><W19/><G104/><T8/><D8/><U10/><E131/><V66/><F9/><N who="3" m="6223" /><G7/><T40/><D40/><U100/><E5/><V123/><F123/><W114/><G6/><T93/><D93/><U18/><E67/><V48/><F15/><W55/><G114/><T61/><D61/><U53/><REACH who="1" step="1"/><E31/><REACH who="1" ten="280,181,240,279" step="2"/><V96/><F126/><W3/><G3/><T80/><D80/><U103/><E103/><V128/><F30/><W24/><G19/><T23/><D23/><U119/><E119/><V107/><F20/><W1/><G1/><T133/><D133/><U41/><E41/><V60/><F128/><W38/><G38/><T54/><D54/><U63/><E63/><V46/><F66/><W33/><G55/><T47/><AGARI ba="0,2" hai="11,12,17,25,29,34,47,50,52,76,77,95,97,101" machi="47" ten="20,8000,1" yaku="1,1,0,1,7,1,54,1,53,1" doraHai="81" doraHaiUra="44" who="0" fromWho="0" sc="280,100,181,-20,240,-40,279,-20" /><INIT seed="3,0,0,2,3,7" ten="380,161,200,259" oya="3" hai0="91,111,93,18,28,98,68,34,10,35,64,110,108" hai1="54,31,26,3,25,27,42,9,63,87,56,96,127" hai2="71,106,109,50,53,75,62,1,86,88,107,20,39" hai3="126,51,89,72,52,45,79,120,69,78,92,103,23"/><W11/><G69/><T76/><D76/><N who="3" m="29225" /><G72/><T124/><D124/><U101/><E127/><V134/><F39/><W12/><G120/><T36/><D36/><U73/><E73/><V119/><F20/><W6/><G126/><T113/><D113/><U115/><E115/><V38/><F1/><W15/><G103/><T74/><D74/><U17/><E42/><V16/><F38/><W83/><G83/><T80/><D80/><U59/><E87/><V102/><F50/><W85/><G23/><T2/><D28/><U130/><E56/><V104/><F75/><W118/><G118/><T37/><D37/><U125/><E130/><V60/><F102/><W121/><G121/><T123/><D123/><U44/><E44/><V22/><F119/><W14/><AGARI ba="0,0" hai="6,11,12,14,15,45,51,52,85,89,92" m="29225" machi="14" ten="30,6000,0" yaku="8,1,52,1,54,1" doraHai="7" who="3" fromWho="3" sc="380,-20,161,-20,200,-20,259,60" /><INIT seed="3,1,0,1,5,0" ten="360,141,180,319" oya="3" hai0="106,99,127,33,74,78,5,73,91,21,87,109,29" hai1="122,13,28,53,39,51,14,129,105,125,92,102,4" hai2="57,40,133,16,104,119,70,60,1,54,37,35,98" hai3="121,8,32,97,22,36,131,86,69,135,88,75,55"/><W108/><G32/><T7/><D33/><U67/><E122/><V111/><F16/><W134/><G75/><T66/><D73/><U49/><E39/><V100/><F35/><W11/><G121/><T81/><D127/><U72/><E72/><V107/><F60/><W103/><G36/><T71/><D109/><U58/><E105/><V52/><F57/><W25/><G69/><T132/><D132/><N who="3" m="50729" /><G131/><T18/><D29/><U45/><E125/><V59/><F54/><W114/><G114/><T9/><D9/><N who="3" m="3657" /><G55/><T80/><D66/><U48/><E129/><V64/><F52/><W31/><G108/><T95/><D71/><U112/><E112/><V85/><F59/><W118/><G118/><T41/><D41/><U128/><E128/><V90/><F40/><W89/><G86/><T47/><D47/><N who="1" m="27807" /><E67/><V83/><F85/><W130/><G130/><T84/><D106/><AGARI ba="1,0" hai="22,25,31,88,89,97,103,106" m="3657,50729" machi="106" ten="30,2900,0" yaku="20,1,54,1" doraHai="0" who="3" fromWho="0" sc="360,-32,141,0,180,0,319,32" owari="328,13.0,141,-36.0,180,-22.0,351,45.0" /></mjloggm>