<mjloggm ver="2.3"><GO type="169" lobby="0"/><UN n0="%E3%83%AA%E3%83%95%E3%83%AC%E3%82%AF%E3%83%86%E3%82%A3%E3%82%A2" n1="%E5%A4%A7%E8%83%86%E3%81%AB%E3%83%80%E3%82%A4%E3%82%BF" n2="%E3%81%BE%E3%81%AA%E3%81%84%E3%81%9F%E3%82%88%E3%81%86%E3%81%98%E3%82%87" n3="%E3%82%A6%E3%83%AB%E3%83%88%E3%83%A9%E7%AB%8B%E7%9B%B4" dan="17,16,16,16" rate="2145.94,2082.70,2094.78,2061.14" sx="F,M,M,M"/><TAIKYOKU oya="0"/><INIT seed="0,0,0,2,4,47" ten="250,250,250,250" oya="0" hai0="123,108,111,24,15,44,27,9,58,87,96,92,119" hai1="31,133,73,124,17,23,37,103,69,107,84,116,29" hai2="70,63,38,57,113,20,39,112,56,41,4,1,10" hai3="118,3,35,81,110,65,77,6,55,68,13,26,53"/><T32/><D123/><U46/><E69/><V2/><F2/><W135/><G118/><T45/><D119/><U28/><E73/><V22/><F70/><W90/><G55/><T104/><D104/><U76/><E116/><V89/><F57/><W105/><G90/><T126/><D87/><U100/><E107/><V91/><F38/><W95/><G95/><T0/><D0/><U109/><E37/><V36/><F39/><W16/><G105/><T50/><D126/><U59/><E124/><V98/><F36/><W86/><G65/><T78/><D78/><U101/><E46/><V114/><F41/><W94/><G68/><T128/><D128/><U75/><E75/><V129/><F129/><W67/><G94/><T102/><D32/><U7/><E7/><V25/><F98/><W5/><G67/><T12/><D58/><U125/><E125/><V30/><REACH who="2" step="1"/><F22/><REACH who="2" ten="250,250,240,250" step="2"/><W71/><G71/><T88/><D44/><U106/><E59/><V66/><AGARI ba="0,1" hai="1,4,10,20,25,30,56,63,66,89,91,112,113,114" machi="66" ten="30,4000,0" yaku="1,1,2,1,0,1,53,0" doraHai="47" doraHaiUra="121" who="2" fromWho="2" sc="250,-20,250,-10,240,50,250,-10" /><INIT seed="1,0,0,3,4,124" ten="230,240,290,240" oya="1" hai0="56,18,44,0,82,62,41,20,60,16,22,72,65" hai1="48,113,116,26,94,64,53,33,4,59,108,100,30" hai2="99,23,14,31,12,74,112,128,75,92,2,69,1" hai3="102,131,98,134,125,135,85,61,73,76,106,88,28"/><U129/><E113/><V86/><F69/><W39/><G39/><T90/><D0/><U17/><E116/><V132/><F132/><N who="3" m="50731" /><G28/><T77/><D62/><U8/><E108/><V47/><F112/><W52/><G125/><T11/><D90/><U13/><E64/><V9/><F1/><W67/><G67/><T36/><D11/><U37/><E37/><V43/><F2/><W118/><G118/><T110/><D110/><U46/><E100/><V126/><F126/><W101/><G101/><T63/><D63/><U25/><E94/><V40/><F40/><W111/><G111/><T80/><D80/><U107/><E107/><V95/><F86/><W68/><G68/><T104/><D104/><U87/><E87/><V21/><F92/><N who="3" m="54287" /><G61/><T29/><D29/><U109/><E109/><V127/><F127/><W45/><G45/><T3/><D3/><U123/><E123/><V55/><F47/><W35/><G52/><T105/><D105/><U103/><E103/><V83/><F55/><W58/><G58/><T115/><D115/><U6/><E46/><V78/><F31/><W34/><G34/><T117/><D117/><U5/><E26/><V119/><F119/><W51/><G35/><T54/><D65/><U121/><E121/><V57/><F57/><W120/><G51/><T91/><D44/><U84/><E84/><V97/><F74/><W50/><G50/><T70/><D70/><U81/><E81/><V114/><F75/><W7/><G120/><T130/><D36/><U38/><E38/><V27/><F114/><W49/><G73/><T89/><D72/><RYUUKYOKU ba="0,0" sc="230,-10,240,30,290,-10,240,-10" hai1="4,5,6,8,13,17,25,30,33,48,53,59,129" /><INIT seed="1,1,0,1,4,32" ten="220,270,280,230" oya="1" hai0="66,0,111,133,104,92,18,22,105,75,47,135,11" hai1="27,95,10,100,41,69,12,28,121,79,73,64,37" hai2="9,65,125,35,85,78,81,94,6,56,128,14,118" hai3="101,106,29,108,123,58,39,24,19,68,119,53,44"/><U76/><E121/><V21/><F118/><W1/><G1/><T46/><D75/><U40/><E69/><V33/><F128/><W17/><G123/><T97/><D66/><U127/><E64/><V96/><F125/><W122/><G122/><T72/><D72/><U23/><E127/><V130/><F130/><W126/><G126/><T16/><D111/><U82/><E37/><V115/><F115/><W25/><G68/><T87/><D87/><U4/><E79/><V51/><F21/><W91/><G101/><N who="0" m="60583" /><D46/><U113/><REACH who="1" step="1"/><E113/><REACH who="1" ten="220,260,280,230" step="2"/><V34/><F65/><W67/><G67/><T48/><D133/><U54/><E54/><V89/><F78/><W134/><G53/><T5/><D135/><U38/><E38/><V36/><F36/><W103/><G39/><T57/><D104/><U102/><E102/><V90/><F90/><W15/><G91/><T124/><D105/><U13/><E13/><V84/><F89/><W77/><G15/><T98/><D124/><U42/><E42/><V30/><F14/><W55/><G77/><T74/><D74/><U63/><E63/><V3/><F51/><W62/><G103/><T50/><D50/><U99/><AGARI ba="1,1" hai="4,10,12,23,27,28,40,41,73,76,82,95,99,100" machi="99" ten="30,3000,0" yaku="1,1,0,1,53,0" doraHai="32" doraHaiUra="83" who="1" fromWho="1" sc="220,-11,260,43,280,-11,230,-11" /><INIT seed="1,2,0,2,0,53" ten="209,303,269,219" oya="1" hai0="25,3,111,31,22,8,74,45,10,126,65,62,132" hai1="39,104,112,63,120,133,55,24,32,15,13,59,29" hai2="91,101,57,86,98,2,82,68,129,27,78,48,107" hai3="47,4,109,83,20,64,19,127,28,121,85,103,128"/><U124/><E112/><V1/><F68/><W96/><G121/><T72/><D132/><U123/><E104/><V46/><F129/><W14/><G128/><T35/><D126/><U113/><E124/><V97/><F27/><W87/><G127/><T56/><D111/><U108/><E39/><V119/><F119/><W7/><G109/><T110/><D110/><U18/><E133/><V125/><F125/><W79/><G28/><T114/><D114/><U115/><E108/><V105/><F57/><W67/><G47/><T51/><D35/><U100/><E100/><V12/><F12/><W33/><G33/><T73/><REACH who="0" step="1"/><D3/><REACH who="0" ten="199,303,269,219" step="2"/><U134/><E134/><V77/><F1/><W30/><G30/><T122/><D122/><U71/><E115/><V40/><F2/><W36/><G36/><T80/><D80/><U54/><E113/><V118/><F118/><W34/><G34/><T116/><D116/><U81/><E81/><V52/><F40/><AGARI ba="2,1" hai="8,10,22,25,31,40,45,51,56,62,65,72,73,74" machi="40" ten="40,5200,0" yaku="1,1,52,1,53,1" doraHai="53" doraHaiUra="58" who="0" fromWho="2" sc="199,68,303,0,269,-58,219,0" /><INIT seed="2,0,0,2,1,53" ten="267,303,211,219" oya="2" hai0="10,76,61,38,2,31,20,60,87,57,75,100,65" hai1="121,35,67,37,62,55,118,105,133,114,22,3,16" hai2="90,101,122,110,19,130,73,106,111,92,49,123,9" hai3="24,82,115,89,84,109,46,1,48,45,96,120,36"/><V51/><F9/><W112/><G1/><T56/><D38/><U64/><E35/><V26/><F19/><W117/><G117/><T113/><D113/><N who="3" m="43593" /><G120/><N who="2" m="46121" /><F26/><W104/><G24/><T47/><D47/><N who="3" m="17929" /><G36/><T52/><D75/><U15/><E22/><V58/><F73/><W21/><G21/><T40/><D40/><U81/><E37/><V33/><F33/><W69/><G48/><T98/><D2/><U30/><E3/><V4/><F4/><W99/><G69/><T23/><D10/><U132/><E30/><V50/><F130/><W7/><G7/><T80/><D31/><U27/><E27/><V85/><F106/><AGARI ba="0,0" hai="20,23,52,56,57,60,61,65,76,80,87,98,100,106" machi="106" ten="30,7700,0" yaku="7,1,52,2,54,1" doraHai="53" who="0" fromWho="2" sc="267,77,303,0,211,-77,219,0" /><INIT seed="3,0,0,3,0,112" ten="344,303,134,219" oya="3" hai0="9,37,60,109,103,61,135,128,123,104,76,26,97" hai1="46,34,54,86,41,12,25,81,84,4,18,90,122" hai2="48,23,125,92,126,39,79,1,102,58,28,131,114" hai3="130,10,45,30,133,59,83,66,106,88,108,115,127"/><W47/><G106/><T72/><D123/><U124/><E122/><V5/><F39/><W117/><G115/><T7/><D135/><U129/><E129/><V73/><F114/><W94/><G130/><T119/><D26/><U35/><E124/><N who="2" m="47723" /><F131/><W95/><G133/><T77/><D77/><U43/><E4/><V74/><F1/><W32/><G127/><T22/><D22/><U0/><E0/><V2/><F79/><W87/><G32/><T53/><D53/><U36/><E54/><N who="2" m="32071" /><F2/><W55/><G30/><T11/><D76/><U52/><E41/><V96/><F5/><W38/><G66/><T13/><D72/><U68/><E43/><V82/><F82/><W49/><G108/><T21/><D37/><U14/><E36/><V93/><F93/><W71/><G71/><T113/><D109/><U89/><E68/><V98/><F98/><W57/><G10/><T3/><D11/><U91/><E81/><V132/><F132/><W80/><G38/><T63/><D113/><U118/><E86/><V20/><F28/><W101/><G87/><T24/><D3/><U69/><E84/><V42/><F42/><W33/><G33/><T29/><D128/><U120/><E35/><V15/><F20/><W16/><G80/><T67/><D67/><U105/><E34/><V44/><F44/><W99/><G83/><T64/><D64/><U19/><E69/><V56/><F56/><N who="3" m="21579" /><G47/><T6/><D6/><U78/><E46/><V27/><F27/><W116/><G16/><AGARI ba="0,0" hai="15,16,23,73,74,92,96,102" m="32071,47723" machi="16" ten="30,2000,0" yaku="18,1,54,1" doraHai="112" who="2" fromWho="3" sc="344,0,303,0,134,20,219,-20" /><INIT seed="4,0,0,0,4,28" ten="344,303,154,199" oya="0" hai0="9,133,1,119,34,90,87,79,127,129,94,57,26" hai1="58,88,19,121,2,6,103,71,70,101,89,109,52" hai2="92,43,27,8,50,49,134,132,102,3,126,39,97" hai3="86,10,135,84,65,21,17,122,22,25,59,95,77"/><T105/><D105/><U13/><E121/><V62/><F126/><W30/><G122/><T83/><D119/><U46/><E109/><V116/><F116/><W14/><G135/><N who="2" m="51753" /><F62/><W45/><G45/><T80/><D129/><U61/><E70/><V36/><F27/><W0/><G0/><T125/><D133/><U24/><E71/><V63/><F63/><W47/><G47/><T7/><D57/><U98/><E2/><V53/><F43/><W5/><G77/><T44/><D44/><U123/><E6/><N who="2" m="1119" /><F50/><W23/><G95/><T115/><D83/><U56/><E24/><V33/><F33/><W11/><G65/><T124/><D115/><U32/><E32/><V131/><F131/><W67/><G67/><T15/><D1/><U38/><E38/><V20/><F20/><N who="3" m="7787" /><G59/><AGARI ba="0,0" hai="36,39,49,53,59,92,97,102" m="1119,51753" machi="59" ten="30,1000,0" yaku="20,1" doraHai="28" who="2" fromWho="3" sc="344,0,303,0,154,10,199,-10" /><INIT seed="5,0,0,3,3,78" ten="344,303,164,189" oya="1" hai0="127,18,94,101,35,56,60,99,36,92,89,74,90" hai1="48,87,62,117,13,105,59,38,41,123,86,6,10" hai2="52,130,33,9,82,75,81,135,21,11,93,129,108" hai3="72,132,133,37,64,67,120,97,115,25,31,85,12"/><U58/><E117/><V71/><F108/><W131/><G37/><T76/><D36/><U57/><E123/><V84/><F33/><W50/><G72/><T122/><D35/><U128/><E105/><V88/><F135/><N who="3" m="51787" /><G120/><T27/><D127/><U83/><E38/><V3/><F75/><W68/><G68/><T29/><D29/><U55/><E87/><V19/><F71/><W42/><G131/><N who="2" m="50185" /><F52/><W2/><G2/><T95/><D122/><U32/><E32/><V103/><F103/><W17/><G115/><T51/><D51/><U28/><E28/><V40/><F40/><W69/><G69/><T4/><D4/><U63/><E128/><V111/><F111/><W66/><G97/><T20/><D101/><U125/><E125/><V22/><F22/><N who="3" m="15799" /><G85/><T110/><D110/><U39/><E39/><V73/><F73/><W8/><G50/><T7/><D7/><U14/><E63/><V100/><F100/><W124/><G42/><T5/><D5/><U107/><E41/><V116/><F116/><W34/><G34/><T91/><D99/><U112/><E62/><V61/><F61/><W43/><G43/><T44/><D44/><U109/><E109/><V121/><F121/><W118/><G118/><T49/><D49/><U65/><E48/><V113/><F113/><W77/><G124/><T98/><D98/><U47/><E112/><V104/><F104/><W54/><G54/><N who="0" m="33815" /><D74/><U53/><E107/><V46/><F46/><W119/><G119/><T80/><D95/><U79/><E47/><V1/><F1/><W16/><G17/><T126/><D126/><RYUUKYOKU ba="0,0" sc="344,15,303,-15,164,-15,189,15" hai0="18,20,27,76,80,89,90,91,92,94" hai3="8,12,16,64,66,67,77" /><INIT seed="6,1,0,5,2,7" ten="359,288,149,204" oya="2" hai0="15,130,124,54,64,39,46,37,51,3,18,55,102" hai1="94,53,109,32,113,26,23,127,101,119,69,133,108" hai2="20,74,48,75,78,60,4,30,97,80,66,88,110" hai3="43,135,106,35,98,44,0,21,63,5,112,103,126"/><V42/><F110/><W16/><G35/><T121/><D3/><U134/><E69/><V123/><F123/><W45/><G126/><T76/><D121/><U1/><E32/><V84/><F4/><W120/><G120/><T8/><D124/><U72/><E72/><V99/><F75/><W82/><G135/><T58/><D64/><U129/><E119/><V91/><F91/><W115/><G82/><T125/><D125/><U47/><E1/><V68/><F42/><W79/><G79/><T14/><D76/><U73/><E73/><V67/><F67/><W24/><G63/><T100/><D130/><U12/><E129/><V52/><F30/><W93/><G93/><T118/><D118/><U131/><E131/><V62/><F20/><W114/><G43/><T50/><REACH who="0" step="1"/><D15/><REACH who="0" ten="349,288,149,204" step="2"/><U41/><E127/><V70/><F70/><W105/><G105/><T83/><D83/><U128/><E128/><V6/><F62/><W34/><G34/><T27/><D27/><U9/><E109/><V49/><F6/><W40/><G40/><T57/><D57/><U81/><E108/><V65/><F65/><W90/><G5/><T29/><D29/><U107/><E107/><V59/><F48/><W19/><G0/><T36/><AGARI ba="1,1" hai="8,14,18,36,37,39,46,50,51,54,55,58,100,102" machi="36" ten="30,7900,0" yaku="1,1,0,1,52,1,53,1" doraHai="7" doraHaiUra="11" who="0" fromWho="0" sc="349,92,288,-21,149,-40,204,-21" /><INIT seed="7,0,0,4,1,113" ten="441,267,109,183" oya="3" hai0="127,41,128,76,21,53,86,9,101,120,36,34,39" hai1="118,98,35,40,42,106,7,121,110,129,92,102,87" hai2="46,60,68,51,22,90,28,8,49,116,38,69,2" hai3="77,104,88,78,30,48,3,61,84,66,23,25,73"/><W133/><G3/><T58/><D41/><U125/><E121/><V111/><F111/><W63/><G104/><T5/><D9/><U56/><E35/><V99/><F28/><W16/><G133/><T75/><D76/><N who="3" m="29289" /><G73/><T19/><D19/><U64/><E110/><V105/><F22/><N who="3" m="15671" /><G48/><T80/><D86/><U124/><E118/><V89/><F38/><W43/><G43/><T14/><D101/><U74/><E74/><V103/><F51/><W94/><G66/><T131/><D120/><U13/><E42/><V32/><F32/><W17/><G17/><T44/><D34/><U72/><E40/><V24/><F24/><AGARI ba="0,0" hai="16,23,24,61,63,84,88,94" m="15671,29289" machi="24" ten="30,5800,0" yaku="8,1,54,2" doraHai="113" who="3" fromWho="2" sc="441,0,267,0,109,-58,183,58" /><INIT seed="7,1,0,4,0,72" ten="441,267,51,241" oya="3" hai0="40,42,126,68,107,26,56,112,93,95,110,67,98" hai1="114,18,46,88,118,128,34,122,23,74,64,109,82" hai2="86,37,24,29,35,45,66,127,103,31,75,22,62" hai3="111,134,125,50,77,117,129,89,94,91,47,59,61"/><W8/><G117/><T51/><D93/><U20/><E34/><V6/><F75/><W4/><G111/><T48/><D48/><U102/><E109/><V7/><F127/><W131/><G125/><T120/><D112/><U78/><E122/><V53/><F31/><W60/><G134/><T132/><D26/><U25/><E114/><V1/><F35/><W97/><G91/><T19/><D19/><U85/><E118/><V108/><F108/><W17/><G17/><T70/><D56/><U21/><E128/><N who="3" m="49226" /><G59/><T99/><D99/><U36/><E102/><V13/><F1/><N who="3" m="15" /><G77/><T54/><D126/><U80/><REACH who="1" step="1"/><E64/><REACH who="1" ten="441,257,51,241" step="2"/><V63/><F37/><W121/><G121/><T52/><D67/><U104/><E104/><V32/><F32/><W106/><G106/><T100/><D107/><U124/><E124/><V133/><F133/><W84/><G97/><T71/><D71/><U81/><E81/><V10/><F86/><W33/><G33/><T14/><D132/><U28/><E28/><V41/><F41/><AGARI ba="1,1" hai="41,47,50,60,61,84,89,94" m="15,49226" machi="41" ten="30,1500,0" yaku="19,1" doraHai="72" who="3" fromWho="2" sc="441,0,257,0,51,-18,241,28" /><AGARI ba="1,0" hai="18,20,21,23,25,36,41,46,74,78,80,82,85,88" machi="41" ten="40,8000,1" yaku="1,1,52,1,54,1,53,1" doraHai="72" doraHaiUra="83" who="1" fromWho="2" sc="441,0,257,80,33,-80,269,0" owari="441,54.0,337,14.0,-47,-55.0,269,-13.0" /></mjloggm>