<mjloggm ver="2.3"><GO type="97" lobby="0"/><UN n0="%E3%82%A6%E3%83%AB%E3%83%88%E3%83%A9%E7%AB%8B%E7%9B%B4" n1="%E8%BE%BB%E5%A0%82%E9%BE%8D" n2="%E3%82%A2%E3%83%95%E3%83%AD%EF%BC%A0%E5%A5%88%E8%89%AF" n3="%E9%80%A3%E5%8B%9D%E3%81%8A%E3%81%AA%E3%81%8B" dan="15,13,13,14" rate="1996.32,1837.61,1823.60,1916.97" sx="M,M,M,F"/><TAIKYOKU oya="0"/><INIT seed="0,0,0,4,0,125" ten="250,250,250,250" oya="0" hai0="108,1,69,87,22,91,102,83,116,135,12,114,89" hai1="36,62,54,15,9,40,31,19,55,122,57,66,129" hai2="97,59,71,88,81,99,24,33,95,78,8,21,77" hai3="14,30,61,41,76,127,100,46,80,20,39,43,50"/><T65/><D1/><U6/><E122/><V119/><F71/><W101/><G127/><T75/><D65/><U82/><E31/><V35/><F119/><W133/><G133/><T105/><D69/><U67/><E36/><V113/><F113/><W70/><G41/><T74/><D22/><U49/><E40/><V10/><F77/><W120/><G120/><T84/><D12/><U18/><E55/><V110/><F110/><W106/><G14/><T32/><D32/><U72/><E67/><V111/><F111/><W0/><G50/><T16/><D16/><U115/><E115/><V7/><F10/><W68/><G101/><T27/><D27/><U104/><E104/><V93/><F59/><W44/><G44/><T42/><D42/><U34/><E34/><V47/><F47/><W96/><G20/><T107/><D114/><U131/><E82/><V123/><F123/><W73/><G30/><T56/><D56/><U51/><E51/><V53/><F53/><W4/><G61/><T60/><D60/><U13/><E72/><V23/><F23/><W25/><REACH who="3" step="1"/><G25/><REACH who="3" ten="250,250,250,240" step="2"/><T64/><D135/><U126/><E126/><V109/><F109/><W98/><G98/><T3/><D108/><U85/><E85/><V118/><F118/><W132/><G132/><T28/><D28/><U121/><E121/><V86/><F21/><W58/><G58/><T103/><D64/><U17/><REACH who="1" step="1"/><E15/><REACH who="1" ten="250,240,250,240" step="2"/><N who="2" m="5535" /><F24/><W134/><G134/><T90/><D116/><U79/><E79/><V124/><F124/><W26/><G26/><T2/><D91/><U48/><E48/><V5/><F35/><RYUUKYOKU ba="0,2" sc="250,10,240,10,250,-30,240,10" hai0="2,3,74,75,83,84,87,89,90,102,103,105,107" hai1="6,9,13,17,18,19,49,54,57,62,66,129,131" hai3="0,4,39,43,46,68,70,73,76,80,96,100,106" /><INIT seed="0,1,2,4,0,34" ten="260,250,220,250" oya="0" hai0="2,13,5,1,70,115,78,114,29,42,122,49,111" hai1="18,119,98,131,133,55,105,117,107,44,53,79,116" hai2="108,60,21,61,66,83,27,96,40,110,24,132,129" hai3="85,76,112,103,52,15,72,17,43,64,7,124,10"/><T84/><D70/><U69/><E131/><V97/><F40/><W91/><G112/><T25/><D122/><U77/><E98/><V62/><F132/><W120/><G120/><T106/><D106/><N who="1" m="40459" /><E44/><V9/><F9/><W73/><G64/><T125/><D49/><U87/><E87/><V121/><F121/><W51/><G43/><T39/><D84/><U16/><E69/><V63/><F129/><W95/><G124/><T67/><D78/><N who="1" m="29707" /><E133/><V50/><F50/><W6/><G103/><T75/><D67/><U48/><E48/><V12/><F83/><W92/><G92/><T4/><D75/><U130/><E130/><V0/><F0/><N who="0" m="106" /><D42/><U109/><E109/><N who="2" m="42091" /><F12/><W100/><G100/><T36/><D111/><U134/><E134/><V30/><F27/><W81/><REACH who="3" step="1"/><G73/><REACH who="3" ten="260,250,220,240" step="2"/><T47/><D125/><U26/><E26/><V86/><N who="2" m="15872" /><DORA hai="74" /><V99/><F66/><W46/><AGARI ba="1,3" hai="6,7,10,15,17,46,51,52,72,76,81,85,91,95" machi="46" ten="20,12000,2" yaku="1,1,0,1,7,1,52,1,54,1,53,1" doraHai="34,74" doraHaiUra="41,128" who="3" fromWho="3" sc="260,-61,250,-31,220,-31,240,153" /><INIT seed="1,0,0,4,0,24" ten="199,219,189,393" oya="1" hai0="79,2,7,90,66,121,43,97,10,30,78,20,127" hai1="3,64,116,132,123,103,74,39,51,111,63,89,19" hai2="98,9,71,28,110,48,105,96,44,68,1,55,77" hai3="134,109,22,104,46,61,70,65,21,57,29,32,85"/><U82/><E123/><V62/><F110/><W92/><G104/><T86/><D121/><U118/><E111/><V95/><F77/><W56/><G109/><T15/><D127/><U49/><E3/><V12/><F1/><W69/><G134/><T27/><D43/><U115/><E115/><V17/><F105/><W14/><G46/><T36/><D36/><U23/><E39/><V114/><F114/><W125/><G125/><T80/><D66/><U45/><E51/><V35/><F98/><W37/><G37/><T81/><D97/><U8/><E103/><V40/><F35/><W117/><G117/><T6/><D6/><U107/><E107/><V83/><F83/><W122/><G122/><T126/><D126/><U67/><E67/><V112/><F112/><W75/><G75/><T100/><D100/><U130/><E8/><V5/><F5/><W11/><G32/><T87/><D2/><U47/><E47/><V88/><F28/><W108/><G108/><T18/><D7/><U76/><E89/><AGARI ba="0,0" hai="10,15,18,20,27,30,78,79,80,81,86,87,89,90" machi="89" ten="30,7700,0" yaku="7,1,9,1,8,1,52,1" doraHai="24" who="0" fromWho="1" sc="199,77,219,-77,189,0,393,0" /><INIT seed="2,0,0,4,2,44" ten="276,142,189,393" oya="2" hai0="78,6,92,17,100,132,12,25,50,108,101,87,83" hai1="45,130,123,65,53,96,118,51,70,84,60,3,28" hai2="1,8,29,93,82,122,125,35,121,38,112,74,72" hai3="20,48,33,77,16,19,134,124,26,116,41,61,131"/><V119/><F119/><W111/><G116/><T89/><D132/><U52/><E118/><V97/><F112/><W120/><G120/><T64/><D64/><U91/><E130/><V135/><F38/><W47/><G33/><T63/><D63/><U73/><E3/><V4/><F135/><W110/><G134/><T36/><D36/><U46/><E73/><V67/><F74/><W43/><G131/><T2/><D2/><U14/><E28/><V11/><F125/><W13/><G124/><T79/><D25/><U88/><E123/><V85/><F72/><W94/><G61/><T71/><D6/><U42/><E14/><V31/><F67/><W133/><G133/><T55/><D71/><U106/><E46/><V30/><F35/><W75/><G94/><T34/><D34/><U107/><E91/><V21/><F121/><W27/><G43/><T18/><D79/><U80/><REACH who="1" step="1"/><E96/><REACH who="1" ten="276,132,189,393" step="2"/><V129/><F122/><W76/><G75/><T66/><D89/><U109/><E109/><N who="3" m="41482" /><G27/><T68/><D12/><U15/><E15/><V127/><F127/><W40/><G41/><T113/><D108/><U117/><E117/><V86/><F129/><W62/><G13/><T32/><D32/><U39/><E39/><V23/><F11/><W56/><G19/><T98/><D18/><U99/><E99/><V128/><F128/><W24/><G24/><T5/><D17/><U58/><E58/><V0/><F0/><W114/><G114/><T102/><D113/><U105/><AGARI ba="0,1" hai="42,45,51,52,53,60,65,70,80,84,88,105,106,107" machi="105" ten="30,12000,2" yaku="1,1,0,1,52,1,54,2,53,1" doraHai="44" doraHaiUra="37" who="1" fromWho="1" sc="276,-30,132,130,189,-60,393,-30" /><INIT seed="3,0,0,4,3,68" ten="246,262,129,363" oya="3" hai0="31,117,6,13,85,80,29,115,106,112,47,36,44" hai1="20,118,97,74,127,59,89,108,56,7,9,121,126" hai2="1,69,129,114,39,75,11,135,19,37,24,5,34" hai3="62,102,22,128,96,8,65,54,23,42,90,95,51"/><W130/><G42/><N who="0" m="22599" /><D106/><U33/><E33/><V30/><F114/><N who="0" m="43562" /><D117/><U83/><E121/><V63/><F19/><W61/><G8/><N who="0" m="4247" /><D47/><U25/><E118/><V40/><F129/><N who="3" m="49771" /><G90/><AGARI ba="0,0" hai="29,31,80,85,90" m="4247,43562,22599" machi="90" ten="30,2000,0" yaku="11,1,52,1" doraHai="68" who="0" fromWho="3" sc="246,20,262,0,129,0,363,-20" owari="266,7.0,262,-14.0,129,-37.0,343,44.0" /></mjloggm>