<mjloggm ver="2.3"><GO type="169" lobby="0"/><UN n0="%E3%83%A6%E3%83%BC%E3%82%B9%E3%83%AC%E3%82%B9" n1="%EF%BC%88%E2%89%A7%E2%96%BD%E2%89%A6%EF%BC%89" n2="%E3%81%AF%E3%82%86%E3%81%86" n3="%57%49%4E%E7%A5%9E" dan="16,19,16,16" rate="2082.76,2248.27,2057.05,2066.71" sx="M,M,M,M"/><TAIKYOKU oya="0"/><INIT seed="0,0,0,4,0,83" ten="250,250,250,250" oya="0" hai0="38,39,67,26,99,69,18,87,111,129,114,130,109" hai1="35,135,53,73,34,75,20,41,131,40,10,17,48" hai2="118,77,42,125,132,74,68,92,85,70,103,54,106" hai3="25,93,1,64,32,60,43,15,13,14,89,3,45"/><T122/><D122/><U12/><E131/><N who="0" m="50185" /><D114/><U82/><E135/><V96/><F125/><W115/><G115/><T110/><D99/><U104/><E104/><V79/><F132/><W119/><G119/><T78/><D67/><U134/><E134/><V23/><F118/><W81/><G81/><N who="0" m="47543" /><D69/><U117/><E117/><V62/><F42/><W127/><G127/><T63/><D63/><U31/><E73/><V30/><F106/><W113/><G113/><T90/><D90/><U44/><E75/><V46/><F74/><W9/><G9/><T59/><D59/><U121/><E121/><V105/><F105/><W86/><G25/><T2/><D2/><U47/><E82/><N who="2" m="47311" /><F70/><W80/><G80/><T91/><D91/><U72/><E72/><V95/><F79/><W88/><G89/><T22/><AGARI ba="0,0" hai="18,22,26,38,39,109,110,111" m="47543,50185" machi="22" ten="40,12000,1" yaku="14,1,10,1,19,1,52,1" doraHai="83" who="0" fromWho="0" sc="250,120,250,-40,250,-40,250,-40" /><INIT seed="0,1,0,2,5,131" ten="370,210,210,210" oya="0" hai0="111,75,74,105,41,45,73,35,7,27,36,31,126" hai1="86,58,38,14,68,80,60,78,117,133,15,76,42" hai2="56,88,70,33,18,122,23,106,115,77,95,82,63" hai3="134,34,21,47,109,79,135,50,4,54,103,101,2"/><T99/><D126/><U13/><E117/><V114/><F106/><W51/><G34/><T108/><REACH who="0" step="1"/><D7/><REACH who="0" ten="360,210,210,210" step="2"/><U71/><E71/><V130/><F70/><W72/><G4/><T22/><D22/><U64/><E68/><V118/><F130/><W30/><G21/><T87/><D87/><U26/><E86/><V83/><F118/><W91/><G72/><T46/><D46/><U85/><E85/><V121/><F33/><W110/><G47/><T28/><D28/><U40/><E58/><V104/><F122/><W113/><G30/><T5/><D5/><U132/><E76/><V25/><F121/><W9/><G79/><T89/><D89/><U129/><E129/><V17/><F115/><W93/><G91/><T66/><D66/><U94/><E78/><V61/><F114/><W65/><G65/><T11/><D11/><U124/><E64/><V92/><F77/><W3/><G113/><T67/><D67/><U55/><E124/><V8/><F56/><W44/><G9/><T116/><D116/><U0/><E132/><V16/><F104/><W39/><G44/><T48/><D48/><U52/><E133/><V20/><F8/><W69/><G69/><T53/><D53/><U57/><E55/><V90/><F17/><W119/><G54/><T128/><D128/><U49/><E52/><V43/><F43/><W32/><G119/><T98/><D98/><U37/><E42/><V81/><F81/><W123/><G123/><T107/><D107/><U19/><E80/><V1/><F1/><W29/><G29/><T112/><D112/><U127/><E0/><RYUUKYOKU ba="1,1" sc="360,15,210,-15,210,15,210,-15" hai0="27,31,35,36,41,45,73,74,75,99,105,108,111" hai2="16,18,20,23,25,61,63,82,83,88,90,92,95" /><INIT seed="0,2,1,3,4,78" ten="375,195,225,195" oya="0" hai0="111,108,6,95,2,32,49,9,119,135,34,12,43" hai1="14,30,97,100,106,13,73,51,102,57,132,44,16" hai2="86,129,4,120,3,54,26,15,118,8,46,94,69" hai3="89,64,35,10,50,126,134,25,28,83,33,11,20"/><T104/><D104/><U19/><E132/><V92/><F120/><W82/><G134/><T0/><D135/><U24/><E73/><V7/><F69/><W1/><G126/><T117/><D95/><U47/><E102/><V74/><F74/><W112/><G112/><T67/><D67/><U96/><E96/><V116/><F129/><W130/><G130/><T93/><D93/><U90/><E90/><V103/><F103/><W41/><G64/><T107/><D107/><U52/><E14/><V109/><F109/><N who="0" m="42058" /><D49/><U40/><E13/><V76/><F26/><W39/><G39/><T105/><D43/><U66/><E66/><V71/><F71/><W99/><G1/><N who="0" m="619" /><D105/><U58/><E58/><V31/><F94/><N who="3" m="56783" /><G35/><AGARI ba="2,1" hai="6,9,12,32,34,35,117,119" m="619,42058" machi="35" ten="40,12000,1" yaku="14,1,10,1,34,2" doraHai="78" who="0" fromWho="3" sc="375,136,195,0,225,0,195,-126" /><INIT seed="0,3,0,5,0,57" ten="511,195,225,69" oya="0" hai0="38,14,31,116,65,82,8,129,27,44,109,5,36" hai1="117,56,85,16,20,35,104,127,93,25,133,0,89" hai2="108,99,80,88,72,86,52,135,45,1,81,30,134" hai3="84,78,91,22,58,41,39,49,33,4,76,11,75"/><T113/><D116/><U128/><E117/><V42/><F1/><W126/><G33/><T122/><D122/><U96/><E0/><V13/><F108/><W107/><G126/><T69/><D113/><U29/><E127/><V90/><F30/><W59/><G107/><T2/><D109/><U6/><E133/><N who="2" m="50699" /><F13/><N who="3" m="5351" /><G39/><T100/><D129/><U74/><E6/><V40/><F99/><W12/><G75/><T3/><D3/><U10/><E128/><V66/><F66/><W43/><G12/><T55/><D100/><U61/><E74/><V50/><F90/><W34/><G34/><T118/><D118/><U51/><E10/><V7/><F7/><W73/><G22/><T21/><D2/><U112/><E112/><V9/><F9/><W23/><G23/><T47/><D14/><U15/><E104/><V105/><F105/><W92/><G73/><T131/><D8/><U103/><E103/><V70/><F70/><W46/><G43/><T114/><D114/><U17/><E17/><V121/><F121/><W63/><G58/><T18/><D69/><U130/><E130/><V95/><F95/><W124/><G124/><T67/><D5/><U28/><E28/><V87/><F87/><W77/><G76/><AGARI ba="3,0" hai="40,42,45,50,52,72,76,80,81,86,88" m="50699" machi="76" ten="30,3900,0" yaku="20,1,54,2" doraHai="57" who="2" fromWho="3" sc="511,0,195,0,225,48,69,-48" /><INIT seed="1,0,0,0,5,128" ten="511,195,273,21" oya="1" hai0="101,112,110,30,78,11,102,33,66,26,72,34,47" hai1="125,109,106,97,6,18,83,82,9,117,94,15,31" hai2="116,105,99,74,93,95,13,88,84,53,86,98,67" hai3="56,37,103,49,131,85,114,123,36,59,108,43,51"/><U27/><E117/><V100/><F67/><W32/><G32/><T111/><D112/><U96/><E125/><V2/><F2/><W38/><G103/><T0/><D34/><U122/><E122/><V54/><F116/><W133/><G85/><T92/><D66/><U124/><E124/><V129/><F129/><W118/><G118/><T17/><D47/><U5/><E109/><N who="0" m="41481" /><D92/><U7/><E106/><V3/><F3/><W1/><G1/><T20/><D78/><U120/><E120/><V52/><F74/><W60/><G123/><T71/><D71/><U19/><E19/><V58/><F58/><N who="3" m="22059" /><G108/><T135/><D72/><U77/><E77/><V65/><F65/><W104/><G104/><T132/><D11/><U16/><E18/><V4/><F105/><W42/><G131/><T87/><D87/><U64/><E64/><V73/><F73/><W89/><G89/><T46/><D46/><U12/><E12/><V62/><F62/><W39/><N who="3" m="9728" /><DORA hai="115" /><W63/><G133/><N who="0" m="51275" /><D0/><U121/><E121/><V55/><F55/><W21/><G21/><T69/><D69/><U50/><E97/><V80/><F80/><W22/><G22/><T68/><D68/><U25/><E96/><V57/><F57/><W61/><G114/><T79/><D79/><U119/><E119/><V35/><F35/><W113/><G113/><T130/><D130/><U81/><E83/><V76/><F76/><W48/><AGARI ba="0,0" hai="42,43,48,49,51,60,61,63" m="9728,22059" machi="48" ten="70,16000,3" yaku="29,2,28,2,35,5" doraHai="128,115" who="3" fromWho="3" sc="511,-40,195,-80,273,-40,21,160" /><INIT seed="2,0,0,1,3,135" ten="471,115,233,181" oya="2" hai0="24,87,113,23,130,78,8,134,128,44,133,131,86" hai1="88,73,121,4,46,17,21,38,12,65,112,16,91" hai2="53,15,109,20,74,111,99,52,56,61,106,104,60" hai3="105,125,127,117,69,64,47,45,39,10,116,30,58"/><V28/><F74/><W84/><G105/><N who="2" m="40553" /><F99/><W36/><G30/><N who="0" m="17695" /><D113/><U85/><E112/><V79/><F79/><W49/><G84/><N who="0" m="32299" /><D78/><U41/><E73/><V114/><F15/><W48/><G10/><T1/><D44/><N who="3" m="16969" /><G69/><T19/><D19/><U37/><E121/><V129/><F114/><W132/><G132/><T40/><D40/><U34/><E34/><V71/><F71/><W98/><G98/><T59/><D59/><U118/><E118/><N who="3" m="45674" /><G64/><T54/><D54/><N who="2" m="21098" /><F56/><W75/><G75/><T110/><D134/><U83/><E65/><V96/><F96/><W31/><G31/><T108/><D133/><U126/><E38/><N who="3" m="14378" /><G58/><T81/><D81/><U22/><E91/><V94/><F94/><W7/><G7/><AGARI ba="0,0" hai="1,7,8,108,110,128,130,131" m="32299,17695" machi="7" ten="40,1300,0" yaku="19,1" doraHai="135" who="0" fromWho="3" sc="471,13,115,0,233,0,181,-13" /><INIT seed="3,0,0,2,3,135" ten="484,115,233,168" oya="3" hai0="108,130,23,63,2,112,127,19,44,73,40,14,78" hai1="92,99,124,133,93,123,54,36,4,95,42,26,32" hai2="20,90,61,82,100,13,69,110,126,131,89,84,1" hai3="21,8,55,129,38,7,22,101,81,16,67,6,15"/><W115/><G115/><T134/><D112/><U64/><E123/><V46/><F1/><W113/><G113/><T76/><D73/><U98/><E133/><V91/><F110/><W27/><G38/><T72/><D108/><U122/><E122/><V85/><F131/><W50/><G129/><T128/><D2/><U109/><E109/><V70/><F100/><W102/><G67/><T94/><D134/><U10/><E64/><V18/><F46/><N who="3" m="28119" /><G81/><T12/><D72/><U103/><E36/><V75/><F75/><W43/><G43/><T83/><D83/><U66/><E66/><V25/><F70/><W49/><G49/><T132/><D132/><U31/><E42/><V57/><F69/><W35/><G35/><T29/><D44/><U121/><E121/><V56/><F56/><W74/><G74/><T119/><D40/><U52/><E124/><V125/><F25/><N who="3" m="14503" /><G6/><T59/><D128/><U62/><E62/><V39/><F39/><W97/><G97/><T104/><D63/><U111/><E111/><V65/><REACH who="2" step="1"/><F85/><REACH who="2" ten="484,115,223,168" step="2"/><W45/><G45/><T17/><D130/><U0/><REACH who="1" step="1"/><E99/><REACH who="1" ten="484,105,223,168" step="2"/><V105/><F105/><AGARI ba="0,2" hai="0,4,10,26,31,32,52,54,92,93,95,98,103,105" machi="105" ten="40,5200,0" yaku="1,1,2,1,54,1,53,0" doraHai="135" doraHaiUra="60" who="1" fromWho="2" sc="484,0,105,72,223,-52,168,0" /><INIT seed="4,0,0,4,2,30" ten="484,177,171,168" oya="0" hai0="132,67,121,110,62,73,3,78,94,93,9,11,2" hai1="128,117,77,92,14,119,45,113,115,54,104,63,0" hai2="89,52,22,102,74,25,91,101,81,124,86,28,105" hai3="134,127,35,40,37,47,60,15,69,133,98,55,20"/><T82/><D121/><U51/><E104/><V50/><F124/><W122/><G127/><T135/><D110/><U16/><E0/><V24/><F74/><W129/><G129/><T26/><D26/><U13/><E128/><V39/><F39/><W49/><G35/><T95/><D3/><U8/><E77/><V112/><F112/><N who="1" m="43081" /><E92/><V29/><F105/><W96/><G122/><T103/><D103/><U7/><E63/><V80/><F80/><W23/><G98/><T5/><REACH who="0" step="1"/><D11/><AGARI ba="0,0" hai="7,8,11,13,14,16,45,51,54,117,119" m="43081" machi="11" ten="30,3900,0" yaku="15,1,11,1,54,1" doraHai="30" who="1" fromWho="0" sc="484,-39,177,39,171,0,168,0" /><INIT seed="5,0,0,0,3,113" ten="445,216,171,168" oya="1" hai0="16,38,77,13,98,47,76,67,18,105,52,29,83" hai1="85,96,9,2,121,81,22,35,44,129,17,82,79" hai2="111,30,23,99,45,97,54,26,133,126,36,51,60" hai3="7,42,120,40,19,11,34,118,92,122,123,86,107"/><U115/><E115/><V124/><F111/><W63/><G107/><T46/><D29/><U55/><E121/><V48/><F133/><W37/><G37/><T78/><D67/><U27/><E129/><V39/><F60/><W109/><G109/><T71/><D71/><U8/><E35/><V12/><F12/><W72/><G72/><T50/><D83/><U61/><E2/><V1/><F1/><W65/><G118/><T59/><D38/><U0/><E0/><V14/><F14/><W57/><G34/><T93/><D105/><U131/><E131/><V66/><F66/><W15/><G7/><T73/><D73/><U64/><E96/><V135/><F135/><W132/><REACH who="3" step="1"/><G132/><REACH who="3" ten="445,216,171,158" step="2"/><T134/><D134/><U112/><E112/><V6/><F6/><W28/><G28/><T10/><D18/><U68/><E17/><V62/><F39/><W125/><G125/><T25/><D25/><U21/><E27/><V70/><F36/><W75/><G75/><T84/><D84/><U80/><E85/><V4/><F4/><W117/><G117/><T114/><D114/><U110/><E110/><V41/><F126/><W128/><G128/><T89/><AGARI ba="0,1" hai="10,13,16,46,47,50,52,59,76,77,78,89,93,98" machi="89" ten="30,7900,0" yaku="0,1,8,1,54,2" doraHai="113" who="0" fromWho="0" sc="445,89,216,-39,171,-20,158,-20" /><INIT seed="6,0,0,5,4,74" ten="534,177,151,138" oya="2" hai0="72,94,125,122,68,19,31,52,99,93,49,7,108" hai1="85,61,132,87,98,58,80,24,67,103,50,128,100" hai2="109,23,13,111,135,55,96,53,45,0,29,62,1" hai3="89,56,63,17,118,37,106,14,33,10,47,16,126"/><V44/><F96/><W107/><G118/><T35/><D68/><U8/><E132/><V64/><F13/><W5/><G126/><T81/><D125/><U6/><E128/><V57/><F23/><W110/><G110/><N who="2" m="41993" /><F29/><W26/><G89/><T28/><D108/><U66/><E24/><V105/><F105/><W95/><G95/><T43/><D7/><U70/><E98/><V117/><F0/><W77/><G77/><T114/><D94/><U97/><E97/><V88/><F88/><W42/><G5/><T86/><D72/><U79/><E87/><V101/><F101/><W121/><G121/><T120/><D35/><U27/><E27/><V90/><F90/><W75/><G75/><T91/><D122/><U124/><E124/><V39/><F1/><W71/><G71/><T48/><D19/><U46/><E103/><V123/><F123/><W104/><G33/><T92/><D92/><U130/><E100/><V129/><F129/><W40/><G42/><T30/><D43/><N who="1" m="24927" /><E130/><V102/><F102/><W115/><G115/><T18/><D114/><U134/><E80/><V131/><F131/><W15/><G26/><T54/><D18/><U112/><E112/><V51/><F135/><W116/><G116/><T3/><D3/><N who="1" m="95" /><E134/><V113/><F113/><W4/><REACH who="3" step="1"/><G15/><REACH who="3" ten="534,177,151,128" step="2"/><T65/><D120/><U22/><E79/><V38/><F117/><W20/><G20/><T34/><D34/><U21/><E85/><V2/><F2/><W127/><G127/><T83/><D86/><U11/><E11/><V82/><F82/><W60/><G60/><T69/><D83/><RYUUKYOKU ba="0,1" sc="534,-30,177,10,151,10,128,10" hai1="21,22,58,61,66,67,70" hai2="38,39,44,45,51,53,55,57,62,64" hai3="4,10,14,16,17,37,40,47,56,63,104,106,107" /><INIT seed="6,1,1,3,1,115" ten="504,187,161,138" oya="2" hai0="79,125,17,30,25,122,92,98,15,36,52,19,111" hai1="22,47,4,90,70,29,58,40,73,63,91,108,128" hai2="53,12,112,116,106,127,65,132,5,37,46,101,83" hai3="54,2,50,96,105,48,21,95,103,34,3,129,32"/><V33/><F116/><W130/><G21/><T41/><D111/><U57/><E73/><V38/><F33/><N who="3" m="12907" /><G105/><T55/><D125/><U14/><E128/><N who="3" m="49258" /><G50/><T69/><D69/><U131/><E70/><V110/><F110/><W11/><G11/><T64/><D64/><U102/><E22/><V81/><F65/><W121/><G121/><T100/><D79/><U45/><E29/><V109/><F127/><W93/><G95/><T114/><D114/><U120/><E120/><V75/><F112/><W99/><G96/><T74/><D74/><U20/><E20/><V51/><F109/><W44/><AGARI ba="1,1" hai="2,3,44,48,54,93,99,103" m="49258,12907" machi="44" ten="30,1100,0" yaku="19,1" doraHai="115" who="3" fromWho="3" sc="504,-4,187,-4,161,-6,138,24" /><INIT seed="7,0,0,2,2,67" ten="500,183,155,162" oya="3" hai0="2,39,90,130,73,122,58,40,80,62,89,135,128" hai1="27,132,28,15,75,60,13,18,49,43,85,65,88" hai2="35,6,84,83,111,115,17,3,109,121,104,126,110" hai3="50,51,123,114,42,102,82,96,33,0,52,101,46"/><W117/><G123/><T69/><D122/><U74/><E132/><V131/><F121/><W63/><G117/><T11/><D135/><U64/><E64/><V129/><F126/><W30/><G0/><T31/><D31/><U95/><E49/><V112/><F104/><W32/><G114/><N who="2" m="43561" /><F35/><W94/><G63/><T108/><D108/><U91/><E91/><N who="2" m="51615" /><F17/><W79/><G30/><T103/><D103/><U120/><E43/><V86/><F86/><W72/><REACH who="3" step="1"/><G102/><REACH who="3" ten="500,183,155,152" step="2"/><T71/><D2/><U98/><E28/><V12/><F3/><W20/><G20/><T116/><D116/><U125/><E120/><V124/><F124/><W23/><G23/><T5/><D11/><AGARI ba="0,1" hai="6,11,12,109,110,111,129,131" m="51615,43561" machi="11" ten="40,1300,0" yaku="15,1" doraHai="67" who="2" fromWho="0" sc="500,-13,183,0,155,23,152,0" owari="487,59.0,183,-2.0,178,-22.0,152,-35.0" /></mjloggm>