<mjloggm ver="2.3"><GO type="97" lobby="0"/><UN n0="%59%4F%55%E2%98%85" n1="%E8%97%8D%E8%97%8D%E8%B7%AF" n2="%E3%82%A6%E3%83%AB%E3%83%88%E3%83%A9%E7%AB%8B%E7%9B%B4" n3="%4D%49%4B%41%63%68%61%6E" dan="14,13,15,14" rate="2001.44,1827.82,2034.25,1922.99" sx="M,M,M,F"/><TAIKYOKU oya="0"/><INIT seed="0,0,0,4,3,111" ten="250,250,250,250" oya="0" hai0="81,14,67,63,116,44,58,5,24,91,96,125,45" hai1="46,32,89,106,71,8,101,28,13,0,64,66,33" hai2="49,119,83,37,132,69,134,34,87,77,82,79,108" hai3="6,16,133,42,112,126,12,104,26,53,85,131,70"/><T15/><D125/><U51/><E89/><V59/><F69/><W86/><G104/><T35/><D116/><U43/><E33/><V61/><F37/><W21/><G70/><T80/><D35/><U84/><E0/><V124/><F34/><W2/><G112/><T113/><D113/><U62/><E66/><V105/><F105/><W135/><G42/><T11/><D24/><U128/><E128/><V29/><F29/><N who="3" m="17615" /><G53/><T23/><D23/><U41/><E84/><V9/><F49/><W48/><G86/><T127/><D127/><U100/><E100/><V95/><F59/><W122/><G85/><T36/><D36/><U109/><E109/><V98/><F61/><W52/><G126/><T27/><D27/><N who="1" m="18463" /><E8/><V56/><F9/><N who="3" m="2263" /><G131/><T97/><D14/><U93/><E13/><V120/><F124/><W78/><G78/><T19/><D5/><U99/><E93/><V30/><F77/><W3/><G3/><T115/><D115/><U90/><E90/><V10/><F79/><W118/><G118/><T7/><D7/><U60/><E60/><V130/><F119/><W114/><G114/><T102/><D91/><U55/><AGARI ba="0,0" hai="41,43,46,51,55,62,64,71,99,101,106" m="18463" machi="55" ten="30,1100,0" yaku="25,1" doraHai="111" who="1" fromWho="1" sc="250,-5,250,11,250,-3,250,-3" /><INIT seed="1,0,0,2,4,51" ten="245,261,247,247" oya="1" hai0="25,11,48,89,108,135,19,50,3,84,23,107,28" hai1="42,119,12,87,79,53,30,27,69,99,64,94,24" hai2="54,15,125,36,4,26,57,41,9,63,116,128,40" hai3="90,112,39,80,85,71,113,62,78,14,88,81,114"/><U58/><E119/><V61/><F125/><W111/><G39/><T76/><D107/><U56/><E42/><V127/><F127/><W118/><G71/><T68/><D68/><U67/><E69/><V100/><F128/><W75/><G62/><T132/><D108/><U6/><E58/><V44/><F116/><W106/><G14/><T74/><D74/><U17/><E6/><V55/><F100/><W20/><G20/><T103/><D103/><U83/><E27/><V105/><F105/><W77/><G118/><T60/><D60/><U131/><E131/><V82/><F82/><W121/><G121/><T65/><D65/><U102/><E24/><V122/><F122/><W0/><G0/><T120/><D76/><U117/><E117/><V18/><F36/><W134/><G134/><N who="0" m="51243" /><D120/><U72/><E30/><V45/><F45/><W66/><G66/><T22/><D3/><U86/><E72/><V32/><F32/><W7/><G7/><T109/><D11/><N who="1" m="6303" /><E86/><V16/><F4/><W21/><G21/><T47/><D109/><U35/><E35/><V10/><F10/><W98/><G111/><T43/><D43/><U38/><E38/><V59/><F44/><W96/><G106/><T31/><D47/><U29/><E29/><N who="0" m="11337" /><D23/><AGARI ba="0,0" hai="9,15,16,18,23,26,40,41,54,55,57,59,61,63" machi="23" ten="40,8000,1" yaku="9,1,8,1,52,2,54,1" doraHai="51" who="2" fromWho="0" sc="245,-80,261,0,247,80,247,0" /><INIT seed="2,0,0,1,3,122" ten="165,261,327,247" oya="2" hai0="71,8,62,17,40,63,58,125,18,76,100,117,135" hai1="80,47,126,61,44,2,88,116,85,50,5,82,42" hai2="103,16,72,99,53,104,90,0,1,60,131,134,46" hai3="6,130,79,83,84,121,12,33,54,66,102,94,21"/><V13/><F72/><W73/><G121/><T43/><D100/><U123/><E116/><V38/><F131/><W107/><G33/><T24/><D76/><U4/><E123/><V35/><F35/><W81/><G66/><T112/><D117/><U11/><E126/><V31/><F31/><W19/><G130/><T70/><D112/><U118/><E118/><V97/><F134/><W109/><G6/><T98/><D98/><U59/><E5/><V55/><F55/><W41/><G109/><T128/><D128/><U75/><E75/><V106/><F38/><W7/><G7/><T20/><D135/><U127/><E127/><V51/><F60/><W45/><G54/><T114/><D114/><U77/><E47/><V74/><F74/><W120/><G120/><T110/><D125/><U119/><E119/><V86/><F99/><W78/><G107/><T57/><D8/><U132/><E132/><V113/><F104/><W87/><G73/><T9/><D9/><U108/><E108/><V25/><F25/><W115/><G115/><T105/><D105/><U133/><E133/><V39/><F39/><W34/><G34/><T64/><D24/><U49/><E49/><V3/><F3/><W15/><G102/><T23/><REACH who="0" step="1"/><D64/><REACH who="0" ten="155,261,327,247" step="2"/><U91/><E80/><V65/><F65/><AGARI ba="0,1" hai="2,4,11,42,44,50,59,61,65,77,82,85,88,91" machi="65" ten="30,2000,0" yaku="7,1,54,1" doraHai="122" who="1" fromWho="2" sc="155,0,261,30,327,-20,247,0" /><INIT seed="3,0,0,5,5,41" ten="155,291,307,247" oya="3" hai0="18,115,28,60,90,58,43,84,5,19,25,123,46" hai1="67,100,39,89,34,33,116,92,79,101,99,1,128" hai2="11,132,53,51,133,0,13,38,37,32,12,42,95" hai3="125,36,124,48,24,107,66,88,75,16,93,111,72"/><W83/><G36/><T91/><D115/><U86/><E116/><V65/><F32/><W119/><G119/><T49/><D123/><U106/><E39/><V23/><F65/><W20/><G107/><T7/><D91/><U29/><E1/><V69/><F69/><W130/><G130/><T82/><D18/><U62/><E128/><V78/><F78/><W97/><G66/><T103/><D103/><U121/><E121/><V98/><F42/><W21/><G111/><T57/><D19/><U61/><E101/><N who="2" m="60639" /><F23/><W105/><G105/><T55/><REACH who="0" step="1"/><D58/><REACH who="0" ten="145,291,307,247" step="2"/><U74/><E29/><V81/><F81/><W8/><G8/><T94/><D94/><U129/><E129/><V85/><F11/><W56/><G21/><AGARI ba="0,1" hai="5,7,21,25,28,43,46,49,55,57,60,82,84,90" machi="21" ten="30,7700,0" yaku="1,1,7,1,8,1,52,1,53,0" doraHai="41" doraHaiUra="135" who="0" fromWho="3" sc="145,87,291,0,307,0,247,-77" owari="232,-17.0,291,9.0,307,41.0,170,-33.0" /></mjloggm>