<mjloggm ver="2.3"><GO type="97" lobby="0"/><UN n0="%E3%81%84%E3%81%A1%E3%81%94%E3%81%A1%E3%82%83%E3%82%93" n1="%E3%82%A6%E3%83%AB%E3%83%88%E3%83%A9%E7%AB%8B%E7%9B%B4" n2="%E6%82%A6%E6%A5%BD%E6%97%A5%E6%9C%AC" n3="%E3%83%89%E3%83%AD%E3%81%93" dan="13,15,13,14" rate="1905.05,1980.00,1914.10,1966.14" sx="F,M,M,M"/><TAIKYOKU oya="0"/><INIT seed="0,0,0,0,0,84" ten="250,250,250,250" oya="0" hai0="90,50,26,126,83,103,22,11,74,17,110,9,67" hai1="14,69,64,12,29,124,94,48,107,1,109,100,75" hai2="128,95,117,58,120,66,61,62,130,49,116,13,39" hai3="77,85,65,37,97,41,127,101,71,52,30,38,102"/><T108/><D126/><U81/><E1/><V36/><F13/><W113/><G127/><T92/><D67/><U32/><E124/><V54/><F95/><W96/><G113/><T135/><D135/><U5/><E109/><N who="0" m="42089" /><D103/><U16/><E107/><V76/><F76/><W35/><G41/><T68/><D68/><U8/><E64/><V72/><F72/><W19/><G19/><T4/><D50/><U80/><E69/><N who="2" m="42191" /><F120/><W47/><G71/><T98/><D4/><U55/><E75/><V91/><F91/><W133/><G133/><T0/><D0/><U111/><E111/><V23/><F23/><W20/><G65/><T57/><D57/><U112/><E112/><V3/><F3/><W40/><G35/><T99/><D99/><N who="1" m="59511" /><E29/><V129/><F49/><W34/><G34/><T89/><D74/><U123/><E32/><V78/><F78/><W125/><G125/><T134/><D134/><U132/><E132/><V121/><F121/><W86/><G77/><T24/><D24/><U73/><E73/><V28/><F28/><W118/><G118/><AGARI ba="0,0" hai="36,39,54,58,62,116,117,118,128,129,130" m="42191" machi="118" ten="40,8000,1" yaku="12,1,19,1,34,2" doraHai="84" who="2" fromWho="3" sc="250,0,250,0,250,80,250,-80" /><INIT seed="1,0,0,4,4,55" ten="250,250,330,170" oya="1" hai0="6,77,114,105,122,92,96,54,72,91,46,34,133" hai1="90,18,132,82,107,32,23,117,129,53,81,74,134" hai2="124,80,109,16,70,48,24,116,49,95,106,83,76" hai3="17,43,128,78,62,75,21,9,58,85,2,19,126"/><U130/><E32/><V88/><F116/><W97/><G128/><N who="1" m="49258" /><E117/><V50/><F124/><W94/><G126/><T102/><D114/><U110/><E107/><V59/><F106/><W69/><G69/><T22/><D34/><U28/><E28/><V51/><F70/><W123/><G123/><T45/><D122/><U127/><E127/><V65/><F109/><W135/><G135/><N who="1" m="51754" /><E74/><V57/><F76/><W26/><G43/><T8/><D133/><U98/><E110/><V1/><F1/><W0/><G75/><T37/><D37/><U33/><E33/><V93/><N who="2" m="12288" /><DORA hai="64" /><V71/><F71/><W86/><G0/><T66/><D54/><U27/><E53/><V35/><F35/><W103/><G78/><T42/><D42/><U36/><E36/><V104/><F104/><W115/><G115/><T20/><D66/><U39/><E39/><V100/><F65/><N who="3" m="39127" /><G2/><T56/><D56/><N who="2" m="21578" /><F100/><W125/><G125/><T11/><D72/><U112/><E112/><V101/><F101/><W89/><G89/><T12/><D77/><U4/><E4/><V63/><F63/><W113/><G113/><T60/><D105/><U14/><E27/><V84/><F80/><W13/><AGARI ba="0,0" hai="9,13,17,19,21,26,85,86,94,97,103" m="39127" machi="13" ten="30,2000,0" yaku="8,1,52,1" doraHai="55,64" who="3" fromWho="3" sc="250,-5,250,-10,330,-5,170,20" /><INIT seed="2,0,0,0,2,111" ten="245,240,325,190" oya="2" hai0="110,0,100,134,127,36,124,133,66,53,77,78,79" hai1="26,50,40,122,34,12,18,113,106,116,75,88,28" hai2="38,84,101,44,76,30,86,13,131,70,16,54,69" hai3="2,105,42,130,83,21,47,85,67,9,93,10,49"/><V48/><F131/><W23/><G105/><T22/><D36/><U72/><E116/><V112/><F112/><W94/><G130/><T52/><D0/><U11/><E106/><V125/><F125/><N who="0" m="48202" /><D110/><U65/><E113/><V132/><F132/><N who="0" m="50794" /><D66/><U45/><E65/><V25/><F101/><W119/><G119/><T128/><D100/><U135/><E135/><V35/><F38/><W71/><G9/><T32/><D32/><U7/><E122/><V96/><F96/><W80/><G80/><T6/><D6/><U51/><E51/><V37/><F37/><W46/><G23/><T81/><D22/><U118/><E118/><V95/><F86/><W17/><G47/><T89/><D89/><U39/><E39/><V98/><F98/><W97/><G97/><T87/><D87/><U33/><E33/><V123/><F123/><W82/><G82/><T61/><D81/><U68/><E68/><V129/><F129/><W120/><G120/><T121/><D128/><U117/><E117/><V103/><F103/><W1/><G71/><T3/><D3/><U108/><E108/><V107/><F107/><W64/><G1/><T73/><D121/><U56/><E56/><V102/><F102/><W99/><G2/><T62/><D73/><U74/><E7/><V92/><F76/><N who="0" m="19458" /><T8/><DORA hai="58" /><D8/><U63/><E88/><V114/><F114/><W60/><G10/><T104/><D104/><U15/><E15/><V27/><F27/><N who="3" m="14767" /><G99/><T109/><D109/><U57/><E74/><V43/><F43/><W20/><G20/><T24/><D24/><U126/><E126/><RYUUKYOKU ba="0,0" sc="245,15,240,15,325,-15,190,-15" hai0="52,53,61,62" hai1="11,12,18,26,28,34,40,45,50,57,63,72,75" /><INIT seed="3,1,0,5,5,133" ten="260,255,310,175" oya="3" hai0="64,65,94,16,113,40,91,99,106,33,122,7,112" hai1="30,13,130,27,85,92,105,72,12,42,28,121,57" hai2="53,66,77,120,14,55,131,126,22,96,49,62,52" hai3="34,2,48,18,19,74,11,68,71,43,4,6,31"/><W88/><G74/><T134/><D134/><U35/><E105/><V21/><F120/><W63/><G6/><T58/><D33/><U102/><E72/><V98/><F131/><W116/><G116/><T9/><D122/><U117/><E117/><V129/><F126/><W15/><G19/><T51/><D106/><U78/><E130/><V45/><F129/><W26/><G63/><T60/><D40/><U81/><E121/><V95/><F77/><W132/><G132/><T80/><D80/><U50/><E30/><V3/><F3/><W107/><G107/><T38/><D38/><U47/><E57/><N who="2" m="37199" /><F14/><W37/><G37/><T115/><D51/><U39/><E39/><V75/><F75/><W70/><G88/><T97/><D97/><N who="2" m="37482" /><F95/><W29/><G31/><T54/><REACH who="0" step="1"/><D16/><REACH who="0" ten="250,255,310,175" step="2"/><U17/><E17/><V86/><F49/><W125/><G125/><T25/><D25/><U56/><E92/><V135/><F135/><W89/><G89/><T119/><D119/><U10/><E102/><V32/><F32/><W73/><G73/><T61/><D61/><U101/><E101/><V118/><F118/><W90/><G90/><T108/><D108/><U124/><E124/><V123/><F123/><W8/><REACH who="3" step="1"/><G70/><REACH who="3" ten="250,255,310,165" step="2"/><T46/><D46/><AGARI ba="1,2" hai="2,4,8,11,15,18,26,29,34,43,46,48,68,71" machi="46" ten="40,3900,0" yaku="1,1,2,1,53,0" doraHai="133" doraHaiUra="100" who="3" fromWho="0" sc="250,-42,255,0,310,0,165,62" /><INIT seed="3,2,0,4,1,88" ten="208,255,310,227" oya="3" hai0="124,38,31,121,35,109,76,94,69,98,65,43,72" hai1="4,46,123,34,47,62,33,99,26,40,8,53,36" hai2="50,126,105,21,74,107,49,20,129,10,45,17,24" hai3="103,132,59,83,37,122,70,22,28,79,114,42,0"/><W84/><G122/><T13/><D13/><U48/><E123/><V113/><F74/><W9/><G114/><T90/><D121/><U64/><E26/><V56/><F113/><W32/><G70/><T29/><D109/><U101/><E8/><V44/><F129/><W102/><G32/><T55/><D124/><U120/><E4/><V63/><F126/><W110/><G132/><T30/><D35/><U87/><E87/><V95/><F107/><W68/><G68/><T135/><D135/><U19/><E19/><N who="2" m="12319" /><F105/><W15/><G0/><T128/><D128/><U133/><E133/><V5/><F95/><W131/><G131/><T67/><D55/><U85/><E85/><V78/><F78/><W3/><G3/><T66/><D69/><U2/><E2/><V134/><F134/><W73/><G110/><T23/><D23/><U130/><E130/><V51/><F5/><W117/><G59/><T104/><D104/><U119/><E119/><V86/><F10/><W111/><G111/><T80/><REACH who="0" step="1"/><D43/><REACH who="0" ten="198,255,310,227" step="2"/><U82/><E34/><V12/><F21/><W11/><G117/><T115/><D115/><U52/><E33/><V106/><F106/><W97/><G42/><T6/><D6/><U100/><E40/><V58/><F12/><W92/><G9/><T96/><D96/><U116/><E99/><V25/><F25/><W108/><G108/><T81/><D81/><U77/><E82/><V27/><F27/><W18/><G22/><T112/><D112/><U60/><E120/><V39/><F44/><W61/><G83/><T127/><D127/><U125/><E47/><RYUUKYOKU ba="2,1" sc="198,30,255,-10,310,-10,227,-10" hai0="29,30,31,38,65,66,67,72,76,80,90,94,98" owari="228,-17.0,245,5.0,310,40.0,217,-28.0" /></mjloggm>