<mjloggm ver="2.3"><GO type="97" lobby="0"/><UN n0="%E3%82%A6%E3%83%AB%E3%83%88%E3%83%A9%E7%AB%8B%E7%9B%B4" n1="%E3%82%92%E4%B8%80" n2="%E3%83%97%E3%83%BC%E3%83%AB%E3%82%AA%E3%83%A0%E5%B7%8C" n3="%E3%83%9E%E3%83%9C" dan="15,15,13,14" rate="2004.78,2019.75,1884.08,1893.73" sx="M,M,M,M"/><TAIKYOKU oya="0"/><INIT seed="0,0,0,0,2,105" ten="250,250,250,250" oya="0" hai0="58,75,121,13,5,56,92,86,34,87,1,109,120" hai1="68,46,36,60,125,119,27,135,62,104,49,37,116" hai2="43,65,97,57,3,108,90,41,45,66,88,33,89" hai3="40,26,91,126,81,74,39,132,112,99,115,61,113"/><T123/><D34/><U21/><E104/><V32/><F3/><W103/><G39/><N who="1" m="14922" /><E21/><V79/><F108/><W80/><G40/><T127/><D1/><U118/><E27/><V10/><F79/><N who="3" m="44151" /><G26/><T0/><D0/><U11/><E11/><V111/><F111/><W52/><G52/><T2/><D2/><U35/><E35/><V22/><F22/><W19/><G19/><T31/><D109/><U14/><E14/><V114/><F114/><W98/><G61/><N who="1" m="23658" /><E68/><V83/><F97/><W71/><G71/><T42/><D31/><U134/><E125/><V78/><F10/><W130/><G130/><T44/><D127/><U82/><E82/><V17/><F17/><W102/><G126/><T55/><D75/><U47/><E49/><V53/><F32/><W15/><G15/><T20/><D20/><U67/><E67/><V54/><F33/><W95/><G132/><AGARI ba="0,0" hai="46,47,116,118,119,132,134,135" m="23658,14922" machi="132" ten="40,8000,1" yaku="28,2,20,1,34,2" doraHai="105" who="1" fromWho="3" sc="250,0,250,80,250,0,250,-80" /><INIT seed="1,0,0,4,1,29" ten="250,330,250,170" oya="1" hai0="122,100,117,61,125,75,11,5,14,63,60,48,82" hai1="127,107,90,31,78,86,77,65,50,47,103,94,8" hai2="19,36,98,39,15,32,70,92,12,135,35,38,53" hai3="56,93,132,51,59,40,121,74,118,18,20,69,129"/><U84/><E127/><V28/><F135/><W124/><G121/><T73/><D117/><U120/><E120/><V79/><F70/><W23/><G69/><T0/><D125/><U42/><E65/><V26/><F79/><W45/><G74/><T89/><D122/><U6/><E31/><V109/><F109/><W108/><G108/><T33/><D100/><U2/><REACH who="1" step="1"/><E84/><REACH who="1" ten="250,320,250,170" step="2"/><V55/><F12/><W37/><G124/><T34/><D14/><U44/><E44/><V97/><F15/><W24/><G118/><T17/><D75/><U95/><E95/><V112/><F112/><W96/><G93/><T72/><D72/><U67/><E67/><V105/><F105/><W85/><G45/><T27/><D73/><U41/><E41/><V52/><F19/><W71/><G40/><T114/><D17/><U88/><E88/><V111/><F111/><W101/><G18/><T58/><D114/><U128/><E128/><V113/><F113/><W99/><G129/><T115/><D115/><U10/><E10/><V104/><F104/><W102/><G101/><T81/><D27/><U54/><E54/><V80/><F80/><W83/><G83/><T110/><D81/><U123/><E123/><V134/><F55/><W91/><G24/><T43/><D110/><U21/><E21/><V9/><F53/><W87/><G23/><T57/><D89/><U46/><E46/><V76/><F52/><W4/><G20/><T25/><D25/><U66/><E66/><V106/><F106/><W16/><G91/><T68/><D82/><U49/><E49/><V126/><F126/><RYUUKYOKU ba="0,1" sc="250,-10,320,30,250,-10,170,-10" hai1="2,6,8,42,47,50,77,78,86,90,94,103,107" /><INIT seed="1,1,1,5,4,135" ten="240,350,240,160" oya="1" hai0="100,34,39,53,59,58,40,62,7,96,104,82,28" hai1="123,16,38,97,131,70,13,37,8,79,60,92,117" hai2="42,105,57,46,124,109,69,125,132,130,56,111,50" hai3="17,113,14,5,0,1,93,29,83,112,129,54,81"/><U31/><E117/><V120/><F105/><W52/><G29/><T95/><D7/><U33/><E123/><V103/><F120/><W102/><G129/><T26/><D40/><U23/><E131/><V119/><F103/><W91/><G102/><T9/><D39/><U77/><E33/><V116/><F69/><W121/><G5/><T114/><D114/><U10/><E38/><V67/><F132/><W74/><G74/><T30/><D9/><U15/><E37/><V133/><F133/><W99/><G121/><T90/><D30/><U106/><E106/><V66/><F130/><W64/><G64/><N who="2" m="24617" /><F57/><W84/><G1/><T32/><D59/><U19/><E60/><V48/><F56/><W20/><G0/><T76/><D104/><U85/><E85/><V47/><F47/><W71/><G71/><T24/><D24/><N who="1" m="16799" /><E70/><V25/><F25/><W89/><REACH who="3" step="1"/><G81/><REACH who="3" ten="240,350,240,150" step="2"/><T128/><D128/><U68/><E68/><V134/><F134/><W3/><G3/><T118/><D100/><AGARI ba="1,2" hai="8,10,13,15,16,19,77,79,92,97,100" m="16799" machi="100" ten="30,2900,0" yaku="8,1,54,1" doraHai="135" who="1" fromWho="0" sc="240,-32,350,52,240,0,150,0" /><INIT seed="1,2,0,4,3,71" ten="208,402,240,150" oya="1" hai0="44,106,67,51,48,102,12,59,121,68,112,50,116" hai1="107,95,30,65,134,92,110,32,86,104,88,19,36" hai2="34,103,1,126,91,66,100,96,113,69,97,124,99" hai3="108,115,8,47,62,84,14,10,37,101,78,135,13"/><U35/><E65/><V89/><F34/><W81/><G115/><T38/><D102/><N who="2" m="38954" /><F1/><W20/><G108/><T98/><D98/><U74/><E74/><V80/><F66/><W114/><G101/><T39/><D106/><U6/><E6/><V33/><F69/><W0/><G114/><T129/><D12/><U64/><E64/><V5/><F5/><W21/><G0/><T123/><D112/><U23/><E30/><V53/><F53/><W127/><G127/><N who="2" m="48681" /><F33/><W109/><G109/><T58/><D116/><U2/><E2/><V11/><F11/><W25/><G135/><T42/><D129/><U9/><E134/><V118/><F118/><W46/><G62/><N who="0" m="40055" /><D38/><U111/><E36/><V133/><F133/><W119/><G119/><T61/><D61/><U63/><E63/><V45/><F45/><W22/><G37/><T125/><D125/><U26/><E111/><V105/><F113/><W82/><G25/><T28/><D28/><U27/><E27/><V73/><F105/><W75/><G75/><T7/><D7/><U77/><E110/><V94/><F94/><W117/><G117/><T3/><D3/><U130/><E95/><V40/><F40/><W131/><G131/><T56/><AGARI ba="2,0" hai="39,42,44,48,50,51,56,58,59,121,123" m="40055" machi="56" ten="40,5200,0" yaku="34,2,52,1" doraHai="71" who="0" fromWho="0" sc="208,58,402,-28,240,-15,150,-15" /><INIT seed="2,0,0,3,1,56" ten="266,374,225,135" oya="2" hai0="16,121,120,44,43,72,38,109,124,8,110,49,89" hai1="60,31,105,82,77,96,64,28,35,119,33,57,123" hai2="132,48,95,113,128,5,12,74,125,18,83,29,99" hai3="73,36,127,79,122,34,14,19,7,46,97,37,71"/><V116/><F113/><W25/><G71/><T85/><D72/><U133/><E119/><V9/><F116/><W59/><G122/><T134/><D124/><U62/><E123/><V68/><F125/><W112/><G127/><T26/><D134/><U47/><E35/><V32/><F132/><W10/><G112/><T2/><D2/><U86/><E105/><V81/><F128/><W55/><G97/><T98/><D98/><U13/><E33/><V39/><F68/><W52/><G34/><T42/><D42/><U15/><E96/><V108/><F39/><W135/><G135/><T100/><D100/><U101/><E101/><V40/><F108/><N who="0" m="41578" /><D38/><U23/><E47/><V41/><F41/><W17/><G79/><T11/><D11/><U61/><E133/><V103/><F74/><W126/><G73/><T102/><D102/><U107/><E107/><V91/><F5/><W88/><G126/><T65/><D65/><U115/><E115/><V92/><F32/><W54/><G46/><T129/><D129/><U24/><E31/><V58/><F29/><W53/><G36/><T27/><D27/><U93/><E93/><V66/><F40/><W111/><G37/><T94/><D26/><U50/><E64/><V131/><F131/><W6/><G25/><T87/><D87/><U84/><E86/><N who="2" m="52343" /><F48/><N who="3" m="31111" /><G111/><T67/><D67/><U0/><E0/><V45/><F45/><W78/><G78/><T1/><D1/><U106/><E106/><V117/><F117/><W90/><G6/><T63/><D63/><AGARI ba="0,0" hai="9,12,18,58,63,66,81,83,95,99,103" m="52343" machi="63" ten="30,2900,0" yaku="8,1,52,1" doraHai="56" who="2" fromWho="0" sc="266,-29,374,0,225,29,135,0" /><INIT seed="2,1,0,1,1,85" ten="237,374,254,135" oya="2" hai0="77,12,60,40,37,97,55,93,68,50,87,67,118" hai1="13,8,110,22,78,106,70,19,81,113,0,91,43" hai2="39,32,48,3,35,63,24,88,11,42,130,131,132" hai3="10,2,49,100,53,23,111,120,29,76,73,104,25"/><V127/><F39/><W44/><G111/><T86/><D118/><U51/><E70/><V61/><F132/><W133/><G120/><T134/><D134/><U56/><E106/><V72/><F72/><W122/><G122/><T4/><D77/><U65/><E113/><V109/><F109/><W52/><G76/><T115/><D115/><U107/><E107/><V20/><F127/><W112/><G73/><T96/><D96/><U94/><E110/><V102/><F102/><W101/><G133/><T98/><D98/><N who="1" m="57695" /><E0/><V59/><F3/><W90/><G112/><T125/><D125/><U15/><E65/><V79/><F79/><W33/><G33/><T123/><D123/><U54/><E43/><V17/><F11/><W117/><G117/><T126/><D12/><N who="1" m="9575" /><E8/><V108/><F108/><W1/><G104/><T114/><D4/><U75/><E75/><V57/><F42/><W28/><G2/><T41/><D41/><U7/><E7/><V31/><F35/><W99/><G28/><T71/><D71/><U82/><E78/><V9/><F9/><W45/><G10/><T92/><D126/><U129/><E129/><N who="2" m="49163" /><F48/><N who="3" m="28679" /><G1/><T62/><D114/><U46/><E46/><V95/><F32/><W14/><G14/><AGARI ba="1,0" hai="13,14,15,51,54,56,81,82" m="9575,57695" machi="14" ten="30,2000,0" yaku="8,1,52,1" doraHai="85" who="1" fromWho="3" sc="237,0,374,23,254,0,135,-23" /><INIT seed="3,0,0,2,5,30" ten="237,397,254,112" oya="3" hai0="135,74,22,70,38,59,67,72,24,6,31,101,29" hai1="32,51,42,109,57,96,55,125,25,114,0,77,95" hai2="60,46,58,26,98,133,66,94,50,90,120,89,119" hai3="45,112,47,20,2,106,128,17,115,78,102,99,86"/><W33/><G2/><T68/><D38/><U7/><E77/><V104/><F119/><W73/><G128/><T35/><D135/><U27/><E114/><V39/><F39/><W1/><G1/><T123/><D6/><U5/><E32/><V85/><F120/><W116/><G116/><T69/><D123/><U75/><E75/><V111/><F111/><W105/><G105/><T82/><D82/><U131/><E109/><V122/><F122/><W43/><G33/><T79/><D79/><U13/><E0/><V110/><F110/><W121/><G121/><T23/><D101/><U93/><E125/><V129/><F129/><W103/><G103/><T18/><D18/><U56/><E42/><V21/><F133/><W8/><G8/><T126/><D126/><U19/><E57/><V65/><F65/><W62/><G62/><T134/><D134/><U12/><E95/><V71/><F71/><W48/><G47/><T100/><D100/><N who="1" m="60431" /><E131/><V113/><F113/><W118/><G118/><T88/><D88/><U127/><E127/><V63/><F63/><W52/><G43/><T15/><D15/><N who="1" m="5707" /><E19/><V37/><F37/><W36/><G36/><T28/><D35/><U61/><E61/><V80/><F104/><W40/><G40/><T16/><D23/><U10/><E10/><V130/><F130/><W91/><G78/><T41/><D41/><U14/><E14/><V9/><F9/><W64/><G64/><T107/><D107/><U117/><E117/><V92/><F92/><N who="3" m="54391" /><G73/><N who="0" m="28267" /><D67/><U54/><E54/><N who="2" m="30039" /><F21/><W4/><G4/><AGARI ba="0,0" hai="4,5,7,25,27,51,55,56" m="5707,60431" machi="4" ten="30,1000,0" yaku="8,1" doraHai="30" who="1" fromWho="3" sc="237,0,397,10,254,0,112,-10" owari="237,-16.0,407,51.0,254,5.0,102,-40.0" /></mjloggm>