<mjloggm ver="2.3"><GO type="41" lobby="0"/><UN n0="%E3%82%B1%E3%83%B3%E3%82%B1%E3%83%B3%EF%BC%91%EF%BC%90%EF%BC%91" n1="%E3%82%A6%E3%83%AB%E3%83%88%E3%83%A9%E7%AB%8B%E7%9B%B4" n2="%69%75%73%6B" n3="%E6%82%94%E3%81%97%E3%81%83%E3%81%A7%E3%81%99%EF%BC%81" dan="13,16,13,14" rate="1883.60,2036.52,1842.12,1937.93" sx="M,M,M,M"/><TAIKYOKU oya="0"/><INIT seed="0,0,0,3,2,9" ten="250,250,250,250" oya="0" hai0="106,20,81,104,16,45,134,17,30,130,97,25,12" hai1="74,127,79,4,41,37,47,88,8,22,115,2,0" hai2="87,108,52,29,14,44,63,133,119,46,19,34,54" hai3="105,110,102,78,125,124,112,113,77,85,1,128,28"/><T122/><D81/><U90/><E115/><V89/><F119/><W27/><G1/><T93/><D122/><U91/><E127/><N who="3" m="48714" /><G128/><T114/><D130/><U135/><E135/><V65/><F133/><W31/><G110/><T40/><D134/><U80/><E2/><V36/><F108/><W49/><G49/><T121/><D114/><N who="3" m="44137" /><G31/><T55/><D55/><N who="2" m="21034" /><F36/><W69/><G69/><T123/><D123/><U94/><REACH who="1" step="1"/><E22/><REACH who="1" ten="250,240,250,250" step="2"/><N who="2" m="11639" /><F34/><N who="3" m="20767" /><G85/><AGARI ba="0,1" hai="0,4,8,37,41,47,74,79,80,85,88,90,91,94" machi="85" ten="30,8000,1" yaku="1,1,7,1,25,2,54,1,53,0" doraHai="9" doraHaiUra="64" who="1" fromWho="3" sc="250,0,240,90,250,0,250,-80" /><INIT seed="1,0,0,0,2,92" ten="250,330,250,170" oya="1" hai0="77,19,41,87,43,34,127,51,21,70,48,86,33" hai1="24,72,105,83,131,50,39,58,46,115,135,126,85" hai2="14,27,84,114,90,13,7,80,134,20,122,18,132" hai3="118,120,67,107,49,69,96,75,15,38,37,4,123"/><U35/><E115/><V76/><F122/><W64/><G75/><T2/><D70/><U116/><E116/><V9/><F114/><W94/><G107/><T57/><D2/><U113/><E113/><V25/><REACH who="2" step="1"/><F76/><REACH who="2" ten="250,330,240,170" step="2"/><W79/><G120/><T28/><D77/><U108/><E126/><V61/><F61/><W31/><G79/><T82/><D127/><U81/><E131/><V101/><F101/><W102/><G123/><T128/><D128/><U95/><E135/><AGARI ba="0,1" hai="7,9,13,14,18,20,25,27,80,84,90,132,134,135" machi="135" ten="40,2600,0" yaku="1,1,20,1,53,0" doraHai="92" doraHaiUra="104" who="2" fromWho="1" sc="250,0,330,-26,240,36,170,0" /><INIT seed="2,0,0,5,5,123" ten="250,304,276,170" oya="2" hai0="131,10,19,114,49,37,66,119,121,2,5,89,120" hai1="104,38,126,33,80,118,92,68,60,55,85,130,7" hai2="20,115,57,100,27,56,86,77,39,25,30,124,52" hai3="53,72,88,8,105,21,64,51,35,108,22,125,29"/><V50/><F115/><W44/><G72/><T16/><D37/><U107/><E38/><V18/><F124/><W103/><G125/><T71/><D114/><U109/><E33/><V112/><F112/><W90/><G64/><T59/><D119/><U127/><E55/><V63/><F39/><W73/><G73/><T26/><D121/><U13/><E60/><V133/><F133/><W36/><G108/><T54/><D120/><U116/><E13/><V40/><F100/><W47/><G8/><T70/><D89/><U42/><E42/><V99/><F99/><W31/><G105/><T106/><D106/><U17/><E17/><V32/><F40/><W91/><G103/><T129/><D19/><U83/><E7/><V4/><F4/><W135/><G135/><T11/><D66/><U79/><E68/><V101/><F101/><W74/><G74/><T122/><D122/><U58/><E58/><V61/><REACH who="2" step="1"/><F57/><REACH who="2" ten="250,304,266,170" step="2"/><N who="3" m="32959" /><G36/><T6/><D71/><U134/><E134/><V65/><F65/><W78/><G35/><T128/><D70/><U0/><E126/><V12/><F12/><W67/><G67/><T45/><D131/><U98/><E127/><V117/><F117/><W9/><G47/><T62/><D129/><U87/><E130/><V23/><F23/><N who="3" m="8715" /><G44/><T96/><D128/><U46/><E46/><V97/><F97/><W28/><G9/><T76/><D96/><U41/><E118/><V3/><F3/><W75/><G75/><T132/><D132/><U113/><E0/><V43/><F43/><W84/><G84/><T95/><D2/><U1/><E1/><RYUUKYOKU ba="0,1" sc="250,-15,304,-15,266,15,170,15" hai2="18,20,25,27,30,32,50,52,56,61,63,77,86" hai3="28,29,31,78,88,90,91" /><INIT seed="2,1,1,0,2,78" ten="235,289,281,185" oya="2" hai0="40,114,81,112,13,92,16,58,102,39,126,70,71" hai1="122,27,117,104,97,19,34,0,127,75,41,62,36" hai2="7,131,69,37,113,128,135,86,57,25,28,4,5" hai3="130,64,134,101,125,3,80,26,43,56,107,105,96"/><V124/><F69/><W42/><G3/><T77/><D58/><U54/><E19/><V116/><F37/><W74/><G130/><N who="2" m="49705" /><F116/><W23/><G134/><T79/><D79/><U88/><E54/><V95/><F135/><W2/><G2/><T115/><D40/><U83/><E62/><V53/><F113/><W68/><G107/><T49/><D49/><U84/><E0/><V6/><F124/><W99/><G125/><T11/><D39/><U51/><E36/><V98/><F86/><W73/><G99/><T1/><D1/><U103/><E127/><V9/><F9/><W72/><G68/><T52/><D52/><U85/><E117/><V32/><N who="2" m="1536" /><DORA hai="24" /><V21/><F21/><W30/><G64/><T121/><D126/><U123/><E85/><V46/><F46/><W82/><G56/><T111/><D121/><U63/><E63/><N who="2" m="36271" /><F95/><W20/><REACH who="3" step="1"/><G23/><REACH who="3" ten="235,289,281,175" step="2"/><T12/><D115/><U93/><E123/><V18/><F98/><W129/><G129/><T31/><D71/><U118/><E122/><V17/><AGARI ba="1,2" hai="17,18,25,28,32" m="36271,1536,49705" machi="17" ten="50,4800,0" yaku="19,1,52,1" doraHai="78,24" who="2" fromWho="2" sc="235,-17,289,-17,281,71,175,-17" /><INIT seed="2,2,0,0,4,48" ten="218,272,352,158" oya="2" hai0="66,59,92,74,30,79,53,7,6,49,80,77,35" hai1="51,119,87,109,3,61,94,38,103,13,99,133,102" hai2="32,8,90,5,128,111,98,81,121,126,0,55,4" hai3="37,10,125,113,54,120,31,95,129,112,106,127,123"/><V20/><F121/><N who="3" m="46667" /><G106/><T67/><D79/><U88/><E38/><V47/><F5/><W60/><G37/><T105/><D105/><U86/><E3/><V130/><F32/><W131/><G31/><T25/><D6/><U71/><E119/><V45/><F126/><N who="3" m="48139" /><G95/><T122/><D122/><U46/><E133/><V44/><F111/><W72/><G10/><T23/><D7/><U64/><E109/><V36/><F20/><W82/><G82/><T27/><REACH who="0" step="1"/><D92/><REACH who="0" ten="208,272,352,158" step="2"/><U65/><E87/><N who="2" m="50543" /><F98/><W108/><G72/><T78/><D78/><U73/><E73/><V12/><F0/><W41/><G108/><T68/><D68/><U93/><E86/><V28/><F36/><W56/><G41/><T83/><D83/><U89/><E94/><V100/><F4/><W26/><G26/><T91/><D91/><U33/><E89/><V34/><F100/><W17/><G17/><AGARI ba="2,1" hai="17,23,25,27,30,35,49,53,59,66,67,74,77,80" machi="17" ten="30,3900,0" yaku="1,1,7,1,52,1,53,0" doraHai="48" doraHaiUra="57" who="0" fromWho="3" sc="208,55,272,0,352,0,158,-45" /><INIT seed="3,0,0,2,2,118" ten="263,272,352,113" oya="3" hai0="63,11,100,84,27,60,40,9,39,110,19,17,16" hai1="55,119,104,109,53,70,37,79,117,116,107,80,32" hai2="36,52,12,25,20,86,125,94,115,98,74,101,135" hai3="130,129,112,128,90,3,49,48,82,69,24,120,134"/><W126/><G69/><T131/><D27/><U121/><E70/><V77/><F115/><W1/><G112/><T2/><D100/><U95/><E37/><V106/><F36/><W56/><G24/><T59/><D2/><N who="3" m="521" /><G134/><T124/><D124/><U30/><E30/><V127/><F12/><W91/><G126/><N who="2" m="48137" /><F52/><N who="1" m="20041" /><E32/><V43/><F43/><W7/><G7/><T71/><D71/><U93/><E121/><V114/><F114/><W4/><G4/><T31/><D31/><U122/><E122/><V68/><F68/><W105/><G105/><N who="1" m="40522" /><E109/><V13/><F13/><W35/><G35/><T65/><D110/><U38/><E38/><V57/><F57/><W108/><G120/><T111/><D111/><U73/><AGARI ba="0,0" hai="73,79,80,93,95,116,117,119" m="40522,20041" machi="73" ten="40,2700,0" yaku="12,1,54,1" doraHai="118" who="1" fromWho="1" sc="263,-7,272,27,352,-7,113,-13" /><INIT seed="4,0,0,4,1,61" ten="256,299,345,100" oya="0" hai0="94,84,125,132,13,30,59,43,112,5,89,49,121" hai1="130,38,62,129,25,90,15,81,12,99,82,58,122" hai2="119,111,50,37,86,124,104,70,2,101,64,83,126" hai3="31,118,28,60,79,63,26,53,51,19,114,52,73"/><T105/><D105/><U108/><E38/><V95/><F104/><W116/><G114/><T67/><D112/><U134/><E122/><V85/><F111/><W42/><G79/><T135/><D121/><U8/><E108/><V109/><F109/><W34/><G73/><T45/><D30/><U44/><E134/><V68/><F37/><W66/><G60/><T133/><D125/><N who="2" m="48234" /><F2/><W115/><G115/><T65/><D59/><U36/><E25/><V110/><F110/><W102/><G31/><T48/><D48/><U33/><E33/><V56/><F119/><W78/><G78/><T127/><D127/><U47/><E12/><V120/><F120/><W11/><G102/><T23/><D23/><U128/><E36/><V9/><F9/><AGARI ba="0,0" hai="5,9,13,43,45,49,65,67,84,89,94,132,133,135" machi="9" ten="40,7700,0" yaku="20,1,52,2" doraHai="61" who="0" fromWho="2" sc="256,77,299,0,345,-77,100,0" /><INIT seed="4,1,0,4,4,52" ten="333,299,268,100" oya="0" hai0="20,42,12,77,117,46,61,134,15,0,66,31,100" hai1="73,83,99,59,11,63,125,29,102,55,13,38,3" hai2="108,90,28,118,122,76,97,116,5,16,95,1,39" hai3="92,4,78,88,121,34,26,113,22,84,86,133,50"/><T49/><D0/><U89/><E38/><V65/><F39/><W93/><G34/><T60/><D117/><U40/><E40/><V129/><F122/><W132/><G113/><T44/><D77/><U124/><E29/><V32/><F108/><W123/><G4/><T45/><D100/><U130/><E3/><V41/><F41/><W107/><G107/><T17/><D31/><U18/><E130/><V103/><F129/><W87/><G50/><T110/><D110/><U69/><E69/><V94/><F76/><W105/><G105/><T24/><D134/><N who="3" m="51817" /><G22/><T36/><D36/><U114/><E114/><V74/><F74/><W70/><G26/><T80/><D80/><U112/><E112/><V47/><F47/><N who="0" m="17994" /><D66/><U104/><E73/><V27/><F5/><W37/><G37/><T101/><D101/><U120/><E120/><N who="3" m="46154" /><G70/><T85/><D85/><N who="3" m="32873" /><G78/><T19/><D24/><U71/><E71/><V127/><F1/><W128/><G128/><T109/><D109/><U135/><E135/><V56/><F118/><W96/><G96/><T10/><AGARI ba="1,0" hai="10,12,15,17,19,20,42,46,49,60,61" m="17994" machi="10" ten="30,1500,0" yaku="8,1" doraHai="52" who="0" fromWho="0" sc="333,18,299,-6,268,-6,100,-6" /><INIT seed="4,2,0,3,4,19" ten="351,293,262,94" oya="0" hai0="51,41,30,59,36,6,132,111,99,66,38,44,50" hai1="37,78,29,104,130,113,39,8,73,18,76,69,57" hai2="34,84,31,98,32,81,63,119,0,42,7,115,71" hai3="67,49,122,90,107,134,102,82,123,133,109,68,2"/><T43/><D6/><U79/><E69/><V12/><F42/><W74/><G2/><T117/><D117/><U65/><E73/><V60/><F119/><W15/><G49/><T135/><D99/><U108/><E108/><V95/><F115/><W10/><G90/><T94/><D111/><U85/><E104/><V45/><F45/><W97/><G15/><T83/><D94/><U96/><E113/><V16/><F71/><W33/><G10/><T26/><D83/><U75/><E75/><V80/><F80/><W4/><G4/><T101/><D101/><U62/><E130/><V46/><F46/><W56/><G56/><T53/><D66/><U5/><E96/><V129/><F129/><W21/><G21/><T27/><D27/><U28/><E18/><V125/><F34/><W72/><G33/><T61/><D61/><U22/><E85/><V23/><F84/><W93/><G109/><T110/><D110/><U87/><E87/><V9/><F81/><W126/><G93/><T86/><D86/><U54/><E65/><V14/><F14/><W88/><G126/><T100/><D100/><U20/><E39/><N who="0" m="14889" /><D43/><U105/><E37/><V121/><F125/><W89/><G67/><T118/><D118/><U52/><E54/><V47/><F47/><W116/><G68/><T131/><D131/><U25/><E105/><V3/><F3/><W11/><G116/><T35/><D35/><U40/><E40/><V13/><F13/><W114/><G114/><T103/><D41/><U127/><E127/><V92/><F92/><W91/><G74/><T70/><D70/><RYUUKYOKU ba="2,0" sc="351,0,293,0,262,0,94,0" /><INIT seed="5,3,0,0,4,13" ten="351,293,262,94" oya="1" hai0="58,131,26,76,107,117,36,60,92,108,99,3,123" hai1="55,54,105,22,122,112,88,118,14,80,6,77,17" hai2="46,42,91,44,111,132,124,4,64,129,127,89,110" hai3="31,83,81,61,11,16,32,114,67,15,94,35,125"/><U74/><E105/><V7/><F64/><W104/><G104/><T72/><D36/><U23/><E122/><V109/><F42/><W34/><G125/><N who="2" m="48201" /><F132/><W63/><G114/><T116/><D3/><U21/><E118/><V48/><F48/><W87/><G31/><T53/><D123/><U28/><E112/><V71/><F129/><W27/><G27/><T85/><D131/><U43/><E6/><N who="2" m="2091" /><F71/><W128/><G128/><T82/><D107/><U126/><E126/><V65/><F65/><W24/><G24/><T103/><D72/><U40/><E28/><V134/><F134/><W70/><REACH who="3" step="1"/><G63/><REACH who="3" ten="351,293,262,84" step="2"/><T133/><D26/><U68/><E68/><V69/><F69/><W1/><G1/><T10/><D108/><U49/><E49/><V86/><F111/><W79/><G79/><T98/><D133/><U93/><E43/><V20/><F110/><W135/><G135/><T66/><D117/><U106/><E40/><V119/><F109/><W9/><G9/><T120/><D10/><U37/><E106/><V121/><F119/><W101/><G101/><T57/><D120/><U56/><E37/><V5/><F121/><W47/><G47/><T78/><D78/><U62/><REACH who="1" step="1"/><E55/><REACH who="1" ten="351,283,262,84" step="2"/><V38/><F38/><W100/><G100/><T113/><D116/><U12/><E12/><V75/><F46/><W29/><G29/><T115/><D113/><U41/><E41/><V25/><F44/><W39/><G39/><T45/><D45/><U33/><E33/><V73/><F25/><W130/><G130/><T8/><D115/><U102/><E102/><V90/><F75/><RYUUKYOKU ba="3,2" sc="351,-15,283,15,262,-15,84,15" hai1="14,17,21,22,23,54,56,62,74,77,80,88,93" hai3="11,15,16,32,34,35,61,67,70,81,83,87,94" /><INIT seed="5,4,2,3,1,64" ten="336,298,247,99" oya="1" hai0="112,61,82,69,20,10,81,19,32,86,118,52,108" hai1="87,71,30,2,67,33,102,113,106,135,18,24,51" hai2="63,42,72,1,49,122,8,21,55,83,73,44,54" hai3="36,91,92,66,45,47,123,3,12,41,23,6,60"/><U100/><E2/><V85/><F122/><W57/><G123/><T16/><D32/><U25/><E135/><V98/><F55/><W76/><G45/><T104/><D104/><U130/><E130/><V109/><F109/><W121/><G121/><T46/><D108/><U115/><E87/><V13/><F98/><W105/><G105/><T65/><D118/><U68/><E51/><V11/><F11/><W132/><G76/><T90/><D10/><U80/><E80/><V111/><F111/><W78/><G78/><T26/><D112/><N who="1" m="43083" /><E67/><V79/><F21/><W95/><G132/><T110/><D110/><U75/><E75/><V128/><F128/><W116/><G116/><T0/><D0/><U84/><E84/><V5/><F1/><W29/><G3/><T126/><D126/><U101/><E106/><V59/><AGARI ba="4,2" hai="5,8,13,42,44,49,54,59,63,72,73,79,83,85" machi="59" ten="30,4000,0" yaku="0,1,25,2" doraHai="64" who="2" fromWho="2" sc="336,-14,298,-24,247,72,99,-14" /><INIT seed="6,0,0,0,3,117" ten="322,274,319,85" oya="2" hai0="121,42,74,118,78,18,100,45,116,92,1,127,20" hai1="34,50,17,22,55,32,86,94,110,114,37,13,36" hai2="115,0,101,90,126,125,30,63,49,24,2,43,97" hai3="4,82,68,11,16,44,14,57,61,120,85,62,79"/><V3/><F115/><W75/><G68/><T66/><D66/><U131/><E110/><V89/><F63/><W119/><G119/><N who="0" m="45611" /><D121/><U71/><E71/><V52/><F43/><W72/><G62/><T27/><D1/><U12/><E114/><V103/><F103/><W102/><G102/><T69/><D69/><U105/><E105/><V91/><F30/><W104/><G104/><T67/><D67/><U65/><E65/><V134/><F134/><W99/><G99/><N who="0" m="59495" /><D127/><N who="2" m="48650" /><F24/><W76/><G120/><T113/><D113/><U111/><E111/><V129/><F129/><W48/><G4/><T133/><D133/><U80/><E131/><V132/><F132/><W81/><G85/><T35/><D35/><U7/><E34/><V58/><F101/><W15/><G15/><T64/><D64/><U84/><E32/><V21/><F21/><W70/><G70/><T5/><D5/><U51/><E12/><V108/><F108/><W109/><G109/><T41/><D45/><U98/><E7/><V29/><F29/><W59/><REACH who="3" step="1"/><G61/><REACH who="3" ten="322,274,319,75" step="2"/><T46/><D74/><U19/><E13/><V60/><F60/><W56/><G56/><T47/><D47/><U124/><E124/><V107/><F107/><W83/><G83/><T54/><D46/><U9/><E80/><V10/><F97/><W112/><G112/><T106/><D106/><U123/><E98/><V33/><F10/><W8/><G8/><T87/><D87/><U25/><E84/><V122/><F122/><W73/><G73/><T38/><D27/><N who="1" m="14799" /><E123/><V135/><F135/><W6/><G6/><T53/><D38/><RYUUKYOKU ba="0,1" sc="322,-15,274,-15,319,15,75,15" hai2="0,2,3,33,49,52,58,89,90,91" hai3="11,14,16,44,48,57,59,72,75,76,79,81,82" /><INIT seed="6,1,1,0,1,119" ten="307,259,334,90" oya="2" hai0="105,17,49,39,7,112,13,61,99,103,118,80,133" hai1="45,98,55,121,12,65,81,25,84,129,67,21,127" hai2="18,64,50,58,88,32,128,60,85,78,77,132,131" hai3="20,73,9,54,31,34,111,113,100,15,14,104,83"/><V8/><F132/><W116/><G111/><T38/><D7/><U27/><E127/><V125/><F125/><W92/><G116/><T62/><D133/><U11/><E129/><N who="2" m="49739" /><F32/><W51/><G104/><T97/><D118/><U71/><E71/><V66/><F50/><W35/><G113/><T86/><D99/><U52/><E121/><V1/><F66/><W82/><G73/><T33/><D33/><U90/><E98/><V124/><F124/><W43/><G43/><T23/><D112/><U42/><E42/><V40/><F40/><W2/><G2/><T126/><D126/><U36/><E36/><V101/><F101/><W106/><G106/><T120/><D39/><U74/><E74/><V46/><F46/><N who="3" m="28023" /><G35/><T47/><D38/><U44/><E44/><V110/><F110/><W115/><G34/><T95/><D105/><U93/><E55/><V134/><F134/><W10/><G115/><T87/><D87/><U29/><E27/><V16/><F1/><W4/><G92/><T19/><D19/><N who="2" m="7210" /><F8/><N who="3" m="3179" /><G100/><T94/><D94/><AGARI ba="1,1" hai="58,60,64,77,78,85,88,94" m="7210,49739" machi="94" ten="30,5800,0" yaku="19,1,54,2" doraHai="119" who="2" fromWho="0" sc="307,-61,259,0,334,71,90,0" /><INIT seed="6,2,0,4,1,72" ten="246,259,405,90" oya="2" hai0="74,65,111,129,21,113,103,125,19,28,99,56,121" hai1="48,8,9,49,94,98,79,40,51,29,92,127,88" hai2="89,30,69,43,2,37,100,70,102,13,71,33,46" hai3="63,25,55,122,54,115,10,3,23,64,61,78,117"/><V75/><F13/><W84/><G122/><T118/><D74/><U15/><E127/><V32/><F89/><W42/><G117/><T5/><D121/><U45/><E29/><V86/><F86/><W107/><G107/><T17/><D118/><U35/><E35/><V68/><F30/><W62/><G42/><T114/><D125/><U128/><E128/><V4/><F100/><W58/><G115/><T26/><D129/><U130/><E130/><V44/><F102/><W41/><G41/><T36/><D36/><U38/><E94/><V104/><F46/><W57/><G3/><T110/><D5/><U18/><E9/><N who="2" m="2199" /><F104/><W109/><G10/><T50/><D65/><U73/><REACH who="1" step="1"/><E48/><REACH who="1" ten="246,249,405,90" step="2"/><N who="2" m="26655" /><F33/><W11/><G11/><T20/><D50/><U106/><E106/><V83/><F32/><W59/><G109/><T123/><D28/><U95/><E95/><V7/><F37/><W0/><G0/><T119/><D111/><U135/><E135/><V52/><F71/><W105/><G105/><T96/><D110/><U120/><E120/><V87/><F69/><W97/><G97/><T31/><D123/><U124/><E124/><V93/><F70/><W76/><G84/><T14/><D31/><AGARI ba="2,1" hai="23,25,31,54,55,57,58,59,61,62,63,64,76,78" machi="31" ten="30,8000,1" yaku="7,1,9,1,8,1,52,2" doraHai="72" who="3" fromWho="0" sc="246,-86,249,0,405,0,90,96" /><INIT seed="7,0,0,2,0,97" ten="160,249,405,186" oya="3" hai0="108,45,25,29,0,85,28,42,135,134,124,21,86" hai1="122,31,73,129,15,79,93,14,20,84,71,120,46" hai2="123,24,77,119,104,13,69,80,99,114,92,78,63" hai3="96,40,133,127,115,60,67,116,41,126,105,10,18"/><W33/><G33/><T35/><D0/><U130/><E71/><V61/><F123/><N who="1" m="47145" /><E73/><V83/><F119/><W8/><G116/><T56/><D108/><U22/><E46/><V27/><F104/><W54/><G54/><T19/><D56/><U49/><E49/><V1/><F1/><W112/><G18/><T47/><D42/><N who="3" m="16489" /><G10/><T55/><D55/><U94/><E79/><N who="2" m="30219" /><F114/><N who="3" m="43563" /><G8/><T65/><D65/><U48/><E48/><V128/><F69/><N who="3" m="42215" /><G133/><T23/><D35/><U74/><E31/><V3/><F3/><W17/><G17/><T53/><D53/><U39/><E20/><V58/><F27/><W5/><G5/><T81/><D19/><U118/><E22/><V113/><F24/><W95/><G105/><T101/><D25/><U64/><E14/><V82/><F13/><W36/><G36/><T102/><D81/><U103/><E15/><V68/><F113/><W7/><G7/><T16/><D16/><U72/><E39/><V59/><F68/><W12/><G12/><T125/><AGARI ba="0,0" hai="21,23,28,29,45,47,85,86,101,102,124,125,134,135" machi="125" ten="25,8000,1" yaku="0,1,22,2,52,2" doraHai="97" who="0" fromWho="0" sc="160,80,249,-20,405,-20,186,-40" owari="240,4.0,229,-17.0,385,48.0,146,-35.0" /></mjloggm>