<mjloggm ver="2.3"><GO type="97" lobby="0"/><UN n0="%E3%82%A6%E3%83%AB%E3%83%88%E3%83%A9%E7%AB%8B%E7%9B%B4" n1="%E3%82%BF%E3%82%B1%E3%83%8E%E3%82%B3%28%E6%94%B9%29" n2="%E7%B5%82%E6%97%A5%E5%96%AB%E7%85%99" n3="%64%69%65%6D" dan="15,13,15,14" rate="2010.96,1801.03,2006.14,2018.97" sx="M,F,M,M"/><TAIKYOKU oya="0"/><INIT seed="0,0,0,4,1,73" ten="250,250,250,250" oya="0" hai0="79,69,112,120,130,99,54,88,26,64,93,55,11" hai1="65,128,116,60,76,17,63,105,34,90,50,68,124" hai2="125,133,72,118,92,83,104,75,82,122,126,117,23" hai3="7,119,85,111,0,38,84,32,66,106,101,53,1"/><T89/><D120/><U12/><E105/><V20/><F104/><W9/><G119/><N who="2" m="45577" /><F23/><W14/><G111/><T33/><D112/><U71/><E34/><V62/><F20/><W36/><G32/><T107/><D130/><U42/><E128/><V108/><F62/><W91/><G66/><T58/><D107/><U21/><E124/><N who="2" m="47723" /><F122/><W4/><G53/><N who="0" m="19979" /><D69/><U51/><E42/><V110/><F92/><W132/><G106/><T134/><D33/><U100/><E100/><V8/><F8/><W86/><G101/><N who="0" m="60655" /><D11/><U87/><E116/><V102/><F102/><W10/><G14/><T81/><D26/><U39/><E39/><V109/><F133/><W129/><G132/><T31/><D31/><U49/><E71/><V114/><F114/><W98/><G129/><T6/><D134/><U123/><E123/><V27/><F27/><W41/><G41/><T115/><D115/><U15/><E68/><V52/><F52/><W103/><G103/><T56/><D6/><U13/><E65/><V44/><F44/><W48/><G98/><T22/><D22/><U30/><E30/><V135/><F135/><W121/><G121/><T67/><D67/><U45/><E21/><V113/><F113/><W57/><G38/><T3/><D64/><U18/><E45/><V97/><F97/><W131/><G36/><T94/><D56/><U37/><E37/><V78/><F83/><N who="3" m="49567" /><G131/><T80/><D80/><N who="1" m="47495" /><E18/><V127/><N who="2" m="47731" /><V16/><DORA hai="96" /><F16/><W29/><G29/><T40/><D81/><U77/><E17/><V35/><F35/><W2/><G2/><T46/><D3/><RYUUKYOKU ba="0,0" sc="250,-15,250,-15,250,15,250,15" hai2="72,75,78,82,108,109,110" hai3="0,1,4,7,9,10,48,57,85,86" /><INIT seed="1,1,0,0,4,70" ten="235,235,265,265" oya="1" hai0="27,121,120,53,71,28,67,13,1,31,126,133,42" hai1="33,51,60,15,48,72,49,125,114,62,16,54,6" hai2="81,11,93,109,30,38,47,130,103,104,14,32,113" hai3="63,101,99,84,85,25,127,111,131,9,40,132,83"/><U65/><E72/><V90/><F113/><W77/><G111/><T58/><D1/><U122/><E114/><V18/><F109/><W37/><G132/><T78/><D133/><U20/><E33/><V124/><F81/><W41/><G131/><T98/><D126/><U68/><E125/><V123/><F124/><W73/><G127/><T22/><D78/><U35/><E35/><V79/><F79/><W96/><G63/><T88/><D67/><U24/><E122/><N who="0" m="47209" /><D71/><U10/><REACH who="1" step="1"/><E62/><REACH who="1" ten="235,225,265,265" step="2"/><V46/><F123/><W12/><G73/><T69/><D69/><U43/><E43/><V115/><F115/><W55/><G41/><T110/><D42/><U56/><AGARI ba="1,1" hai="6,10,15,16,20,24,48,49,51,54,56,60,65,68" machi="56" ten="20,7800,0" yaku="1,1,0,1,7,1,54,1,53,0" doraHai="70" doraHaiUra="95" who="1" fromWho="1" sc="235,-27,225,91,265,-27,265,-27" /><INIT seed="1,2,0,3,2,73" ten="208,316,238,238" oya="1" hai0="74,129,23,10,84,117,59,25,94,85,87,36,101" hai1="27,61,56,128,72,114,92,130,111,44,107,6,60" hai2="121,127,70,93,52,42,8,125,16,97,47,109,90" hai3="29,54,17,68,119,57,99,78,55,7,86,124,14"/><U82/><E114/><V50/><F70/><W79/><G68/><T89/><D36/><U4/><E107/><V132/><F121/><W123/><G123/><T134/><D117/><U98/><E44/><V106/><F109/><W62/><G119/><T103/><D74/><U96/><E98/><V110/><F110/><W120/><G120/><T116/><D116/><U80/><E27/><V63/><F132/><W33/><G7/><N who="1" m="2602" /><E111/><V53/><F106/><W91/><G99/><N who="0" m="57807" /><D10/><U49/><E49/><V20/><F8/><W64/><G29/><T102/><D23/><U38/><E38/><V1/><F1/><W0/><G33/><T13/><D13/><U118/><E118/><V75/><F75/><W131/><G0/><T76/><D25/><U5/><E5/><V24/><F53/><N who="3" m="19979" /><G124/><T135/><D59/><AGARI ba="2,0" hai="16,20,24,42,47,50,52,59,63,90,93,97,125,127" machi="59" ten="40,8000,1" yaku="25,2,54,2" doraHai="73" who="2" fromWho="0" sc="208,-86,316,0,238,86,238,0" /><INIT seed="2,0,0,0,5,88" ten="122,316,324,238" oya="2" hai0="82,105,23,61,101,103,124,59,93,114,15,36,92" hai1="56,95,134,53,84,68,3,130,106,132,123,41,58" hai2="42,50,129,90,107,2,27,0,18,113,11,131,13" hai3="76,77,94,8,104,110,26,44,109,62,122,16,85"/><V135/><F107/><W86/><G104/><T120/><D36/><U29/><E106/><V91/><F113/><W38/><G122/><T5/><D120/><U127/><E123/><V45/><F135/><N who="1" m="51753" /><E127/><V102/><F102/><N who="0" m="38922" /><D124/><U73/><E73/><V19/><F91/><N who="3" m="53615" /><G62/><T39/><D39/><U87/><E68/><V116/><F116/><W78/><G38/><T51/><D114/><U117/><E41/><V34/><F90/><W6/><G44/><T66/><D105/><U1/><E29/><V71/><F71/><W46/><G46/><T12/><D51/><U9/><E130/><N who="2" m="49675" /><F19/><W79/><G6/><T67/><D67/><U83/><E9/><V96/><F96/><W43/><G43/><T98/><D98/><U70/><E70/><V126/><F126/><W89/><G109/><T97/><D97/><U55/><E1/><V75/><F75/><W49/><G49/><T64/><D64/><U35/><E3/><V33/><F33/><W22/><G110/><T60/><D60/><U17/><E35/><V20/><F11/><W112/><G112/><T7/><D82/><U10/><E83/><V65/><F65/><W69/><G69/><T57/><D57/><U121/><E58/><V100/><F100/><W72/><G72/><T28/><D28/><AGARI ba="0,0" hai="0,2,13,18,20,27,28,34,42,45,50" m="49675" machi="28" ten="30,1500,0" yaku="19,1" doraHai="88" who="2" fromWho="0" sc="122,-15,316,0,324,15,238,0" /><INIT seed="2,1,0,0,2,114" ten="107,316,339,238" oya="2" hai0="16,70,108,72,134,125,33,7,6,90,124,44,29" hai1="60,132,107,92,120,91,93,100,0,122,61,112,135" hai2="37,69,45,102,39,55,9,104,25,82,76,50,5" hai3="113,51,73,11,79,38,130,13,133,30,81,87,28"/><V40/><F69/><W89/><G113/><T57/><D70/><U46/><E0/><V110/><F110/><W95/><G133/><N who="1" m="51274" /><E112/><V63/><F63/><W2/><G130/><T17/><D72/><U74/><E74/><V94/><F104/><W12/><G13/><T59/><D134/><U123/><E46/><V43/><F25/><W31/><G38/><T131/><D44/><U116/><E116/><V34/><F34/><W77/><G2/><T22/><D29/><U71/><E71/><V127/><F127/><W35/><G79/><T27/><D27/><U23/><E23/><V53/><F43/><W121/><G51/><T64/><D64/><U48/><E48/><V52/><F94/><N who="1" m="36457" /><E91/><V65/><F65/><W1/><G1/><T68/><D68/><U118/><E118/><V32/><F102/><W10/><G10/><T99/><D22/><U83/><E83/><V14/><F32/><W20/><G35/><T105/><D33/><U109/><E109/><V41/><REACH who="2" step="1"/><F40/><REACH who="2" ten="107,316,329,238" step="2"/><W66/><G66/><T98/><D108/><U103/><E107/><V58/><F58/><W88/><G121/><T67/><D67/><U101/><AGARI ba="1,1" hai="60,61,100,101,103,120,122,123" m="36457,51274" machi="101" ten="40,8000,1" yaku="28,2,13,1,20,1" doraHai="114" who="1" fromWho="1" sc="107,-21,316,93,329,-41,238,-21" /><INIT seed="3,0,0,5,3,103" ten="86,409,288,217" oya="3" hai0="47,38,8,10,132,3,32,0,119,41,128,72,9" hai1="134,7,135,93,67,51,105,53,79,6,48,73,36" hai2="27,39,22,85,65,64,124,130,87,117,111,109,108" hai3="55,70,127,1,44,68,19,15,122,11,50,110,45"/><W13/><G122/><T28/><D72/><U99/><E105/><V77/><F39/><W106/><G1/><T17/><D47/><U5/><E36/><V75/><F117/><W23/><G127/><T21/><D41/><U113/><E113/><V59/><F124/><W78/><G78/><T25/><D38/><U98/><E67/><V56/><F75/><W33/><G33/><T69/><D69/><U61/><E61/><V46/><F46/><W133/><G133/><N who="1" m="50698" /><E99/><V82/><F87/><W84/><G110/><T102/><D102/><N who="1" m="60751" /><E53/><V112/><F112/><W34/><G34/><T96/><D96/><U107/><E107/><V2/><F2/><N who="0" m="554" /><D132/><U86/><E73/><V66/><REACH who="2" step="1"/><F130/><REACH who="2" ten="86,409,278,217" step="2"/><W116/><G116/><T4/><D128/><U95/><E86/><V88/><F88/><W89/><G45/><T26/><D119/><U40/><E79/><V31/><AGARI ba="0,1" hai="22,27,31,56,59,64,65,66,77,82,85,108,109,111" machi="31" ten="40,5200,0" yaku="1,1,0,1,14,1,53,0" doraHai="103" doraHaiUra="14" who="2" fromWho="2" sc="86,-13,409,-13,278,62,217,-26" owari="73,-43.0,396,50.0,340,14.0,191,-21.0" /></mjloggm>