<mjloggm ver="2.3"><GO type="97" lobby="0"/><UN n0="%E3%83%86%E3%83%A9%E5%B0%8F%E7%89%A9%EF%BD%97" n1="%62%61%6B%61%62%6F%6E%31" n2="%E3%82%A6%E3%83%AB%E3%83%88%E3%83%A9%E7%AB%8B%E7%9B%B4" n3="%6D%69%79%75" dan="14,15,15,14" rate="1904.28,2000.00,2074.21,1896.32" sx="M,M,M,M"/><TAIKYOKU oya="0"/><INIT seed="0,0,0,0,3,86" ten="250,250,250,250" oya="0" hai0="80,24,33,126,135,13,116,35,38,97,109,0,45" hai1="47,96,110,103,41,28,121,29,129,54,64,79,37" hai2="62,73,125,44,43,9,66,89,133,19,31,117,20" hai3="114,61,18,48,78,95,42,23,52,63,69,1,15"/><T98/><D0/><U27/><E110/><V55/><F73/><W58/><G1/><T60/><D109/><U46/><E121/><V115/><F115/><W67/><G114/><T106/><D116/><U59/><E129/><V127/><F117/><W128/><G128/><T87/><D35/><U84/><E64/><V119/><F119/><W16/><G42/><T70/><D135/><U107/><E47/><V11/><F55/><W56/><G78/><T3/><D3/><U112/><E112/><V75/><F75/><W108/><G108/><T120/><D120/><U74/><E74/><V5/><F31/><W4/><G4/><T10/><D70/><U104/><E29/><V123/><F133/><W2/><G2/><T85/><D60/><U91/><E79/><V83/><F5/><W99/><G18/><T32/><D33/><U105/><E27/><V14/><F123/><W39/><G39/><T25/><D85/><U71/><E28/><V111/><F111/><W30/><G30/><N who="0" m="19527" /><D25/><U101/><E71/><V118/><F118/><W72/><G72/><T100/><D97/><U6/><E6/><V12/><F62/><W40/><G40/><N who="0" m="22679" /><D13/><U92/><E101/><V132/><F132/><W130/><G130/><T49/><D10/><N who="2" m="3594" /><F14/><W93/><REACH who="3" step="1"/><G99/><REACH who="3" ten="250,250,250,240" step="2"/><T57/><D98/><U94/><E107/><V88/><F43/><W65/><AGARI ba="0,1" hai="15,16,23,48,52,56,58,61,63,65,67,69,93,95" machi="65" ten="20,12000,2" yaku="1,1,2,1,0,1,7,1,54,2,53,1" doraHai="86" doraHaiUra="17" who="3" fromWho="3" sc="250,-60,250,-30,250,-30,240,130" /><INIT seed="1,0,0,4,5,21" ten="190,220,220,370" oya="1" hai0="27,115,110,94,83,97,87,53,25,0,6,114,89" hai1="56,102,92,135,31,60,120,12,55,22,75,82,43" hai2="29,134,116,15,57,42,59,36,44,17,107,64,38" hai3="98,132,8,68,35,54,37,52,106,1,10,130,58"/><U91/><E120/><V23/><F107/><W69/><G37/><T117/><D117/><U78/><E135/><V47/><F116/><W41/><G132/><T51/><D110/><U104/><E43/><V28/><F134/><W81/><G41/><T5/><D115/><U26/><E12/><V131/><F131/><W111/><G111/><T40/><D114/><U72/><E104/><V20/><F42/><W24/><G130/><T74/><D40/><U66/><E102/><V2/><F15/><W90/><G54/><T113/><D113/><U95/><E72/><V86/><F86/><W109/><G109/><T93/><D93/><U61/><E91/><V34/><F34/><W33/><G33/><T76/><D74/><U19/><REACH who="1" step="1"/><E31/><REACH who="1" ten="190,210,220,370" step="2"/><V11/><F2/><W80/><G106/><T70/><D0/><U88/><E88/><V108/><F38/><W45/><G1/><T9/><D76/><U125/><E125/><V101/><F36/><W127/><G127/><T7/><D97/><U84/><E84/><V65/><F108/><W133/><G133/><T48/><D94/><U18/><E18/><V103/><F17/><W124/><G124/><T100/><D100/><U118/><E118/><V13/><F13/><W62/><G98/><T112/><D112/><U99/><E99/><V39/><F39/><W71/><G90/><T96/><D96/><U77/><E77/><V128/><F128/><W50/><G80/><T85/><D85/><U67/><E67/><V105/><F105/><W126/><G81/><T119/><D119/><U79/><E79/><V16/><F16/><RYUUKYOKU ba="0,1" sc="190,-15,210,15,220,15,370,-15" hai1="19,22,26,55,56,60,61,66,75,78,82,92,95" hai2="11,20,23,28,29,44,47,57,59,64,65,101,103" /><INIT seed="1,1,1,2,2,121" ten="175,225,235,355" oya="1" hai0="10,20,67,97,103,115,77,124,119,30,50,12,6" hai1="2,120,70,19,66,113,122,107,69,82,16,118,106" hai2="51,58,0,54,11,104,31,71,75,116,123,125,37" hai3="135,81,45,85,78,43,131,47,35,90,87,105,4"/><U72/><E2/><V74/><F104/><N who="1" m="39977" /><E82/><V8/><F123/><N who="1" m="47145" /><E72/><V96/><F116/><W9/><G35/><T18/><D119/><U62/><E118/><V109/><F71/><N who="1" m="27145" /><E113/><V112/><F112/><W117/><G117/><T88/><D115/><U46/><E46/><V63/><F0/><W83/><G105/><T7/><D77/><U3/><E3/><V92/><F75/><W129/><G135/><T60/><D103/><U52/><E66/><V34/><F74/><W89/><G78/><T32/><D50/><U38/><E38/><V102/><F37/><W65/><G65/><T40/><D40/><U57/><E62/><V53/><F63/><W33/><G33/><T28/><D32/><U64/><E64/><V100/><F34/><W25/><G25/><T86/><D97/><U44/><E44/><V15/><F96/><W79/><G79/><T95/><D7/><U110/><E110/><V134/><F109/><W80/><G80/><T42/><D42/><U41/><E41/><V5/><F5/><W126/><G45/><T14/><REACH who="0" step="1"/><D124/><REACH who="0" ten="165,225,235,355" step="2"/><U94/><E57/><AGARI ba="1,2" hai="6,10,12,14,18,20,28,30,57,60,67,86,88,95" machi="57" ten="30,8000,1" yaku="1,1,2,1,7,1,8,1,54,1,53,0" doraHai="121" doraHaiUra="49" who="0" fromWho="1" sc="165,103,225,-83,235,0,355,0" /><INIT seed="2,0,0,2,0,45" ten="268,142,235,355" oya="2" hai0="69,9,111,17,24,6,126,46,32,57,35,133,123" hai1="11,88,93,113,28,42,10,109,110,4,21,105,22" hai2="39,27,26,100,29,66,64,96,41,31,52,49,94" hai3="60,83,0,120,118,91,58,101,130,87,70,23,1"/><V92/><F41/><W43/><G118/><T40/><D69/><U72/><E105/><V86/><F39/><W104/><G120/><T7/><D123/><U82/><E72/><V59/><F86/><W75/><G130/><T18/><D133/><U124/><E113/><V25/><F94/><W102/><G70/><T103/><D103/><U62/><E124/><V55/><F55/><W19/><G43/><T116/><D126/><U90/><E42/><V132/><F132/><W119/><G119/><T95/><D116/><U85/><E62/><V3/><F3/><W36/><G36/><T61/><D111/><N who="1" m="42507" /><E28/><AGARI ba="0,0" hai="25,26,27,28,29,31,49,52,59,64,66,92,96,100" machi="28" ten="40,7700,0" yaku="8,1,52,1,54,1" doraHai="45" who="2" fromWho="1" sc="268,0,142,-77,235,77,355,0" /><INIT seed="2,1,0,3,4,105" ten="268,65,312,355" oya="2" hai0="62,34,81,115,74,95,106,87,53,69,58,100,59" hai1="79,35,98,24,71,121,56,22,70,0,80,127,14" hai2="11,57,119,67,66,96,134,28,36,84,72,94,41" hai3="26,45,89,21,7,91,104,13,60,46,135,32,123"/><V12/><F119/><W125/><G104/><T65/><D115/><U129/><E121/><V16/><F72/><W133/><G123/><T50/><D34/><U85/><E129/><V38/><F134/><N who="3" m="51211" /><G125/><T20/><D106/><U86/><E127/><V75/><F75/><W88/><G32/><T103/><D69/><U113/><E35/><V102/><F41/><W55/><G13/><T31/><D74/><U33/><E113/><V23/><F84/><W118/><G7/><T48/><D95/><U5/><E33/><V37/><F57/><N who="3" m="34879" /><G118/><T109/><D109/><U117/><E98/><V6/><REACH who="2" step="1"/><F28/><AGARI ba="1,0" hai="21,26,28,45,46,88,89,91" m="34879,51211" machi="28" ten="30,2000,0" yaku="20,1,54,1" doraHai="105" who="3" fromWho="2" sc="268,0,65,0,312,-23,355,23" /><INIT seed="3,0,0,0,1,58" ten="268,65,289,378" oya="3" hai0="35,28,91,6,85,83,94,68,77,121,118,81,25" hai1="61,12,50,67,116,69,79,122,135,90,3,108,89" hai2="104,102,92,128,14,59,40,120,109,53,37,52,39" hai3="74,133,107,7,60,1,80,117,2,95,57,73,22"/><W41/><G107/><T72/><D121/><U106/><E122/><V97/><F120/><W126/><G117/><T64/><D118/><U78/><E135/><V93/><F109/><W17/><G133/><T4/><D68/><U96/><E116/><V100/><F128/><W10/><G126/><T9/><D64/><U51/><E108/><V127/><F104/><W34/><G34/><T84/><REACH who="0" step="1"/><D9/><REACH who="0" ten="258,65,289,378" step="2"/><U48/><E3/><V75/><F127/><W114/><G114/><T70/><D70/><U54/><E106/><V27/><F75/><W125/><G125/><T45/><D45/><U134/><E134/><V55/><F39/><W13/><G73/><T66/><D66/><U30/><E69/><V18/><F37/><W103/><G2/><T0/><D0/><U20/><E67/><V15/><F40/><W115/><G41/><T86/><D86/><U38/><E96/><N who="2" m="59399" /><F59/><W65/><G115/><T11/><D11/><U119/><E38/><V56/><F56/><W5/><G74/><T36/><D36/><U26/><E119/><V63/><F63/><W112/><G112/><T62/><D62/><U29/><E61/><V24/><F15/><W124/><G124/><T88/><AGARI ba="0,1" hai="4,6,25,28,35,72,77,81,83,84,85,88,91,94" machi="88" ten="20,5200,0" yaku="1,1,0,1,7,1,54,1,53,0" doraHai="58" doraHaiUra="101" who="0" fromWho="0" sc="258,62,65,-13,289,-13,378,-26" owari="320,12.0,52,-45.0,276,-12.0,352,45.0" /></mjloggm>