<mjloggm ver="2.3"><GO type="41" lobby="0"/><UN n0="%4C%4D%41%62%61%63%69" n1="%E3%82%A6%E3%83%AB%E3%83%88%E3%83%A9%E7%AB%8B%E7%9B%B4" n2="%6D%69%73%61%67%6F" n3="%E5%8D%97%E5%9B%BD%EF%BC%91%EF%BC%91" dan="14,16,16,14" rate="1910.06,2072.17,1982.51,1935.91" sx="M,M,M,M"/><TAIKYOKU oya="0"/><INIT seed="0,0,0,5,3,97" ten="250,250,250,250" oya="0" hai0="0,39,123,126,2,77,69,30,13,46,63,48,45" hai1="36,98,35,49,5,8,88,20,19,99,89,31,11" hai2="1,24,14,110,76,82,111,95,118,91,81,92,25" hai3="122,18,3,107,4,16,38,47,17,113,125,51,10"/><T93/><D123/><U44/><E36/><V84/><F1/><W75/><G107/><T80/><D30/><U124/><E31/><V15/><F84/><W133/><G122/><T43/><D13/><U29/><E29/><V131/><F76/><W102/><G113/><T87/><D126/><U86/><E35/><V104/><F91/><W7/><G125/><T119/><D119/><U132/><E132/><V6/><F104/><W27/><G133/><T112/><D112/><U50/><E124/><V55/><F6/><W12/><G75/><T67/><REACH who="0" step="1"/><D93/><REACH who="0" ten="240,250,250,250" step="2"/><U41/><E11/><V53/><F118/><W23/><G38/><T34/><D34/><U116/><E116/><V28/><F28/><N who="3" m="17535" /><G47/><T74/><D74/><U57/><E8/><V105/><F105/><W129/><G51/><T37/><D37/><U83/><E50/><V61/><F61/><W60/><G60/><T108/><D108/><U32/><E32/><V85/><F131/><W72/><G72/><T109/><D109/><U96/><E49/><V120/><F120/><W40/><G40/><AGARI ba="0,1" hai="0,2,39,40,43,45,46,48,63,67,69,77,80,87" machi="40" ten="30,5800,0" yaku="1,1,7,1,53,1" doraHai="97" doraHaiUra="59" who="0" fromWho="3" sc="240,68,250,0,250,0,250,-58" /><INIT seed="0,1,0,0,0,56" ten="308,250,250,192" oya="0" hai0="99,19,79,120,29,75,111,63,82,105,116,94,83" hai1="121,84,109,10,110,87,95,65,78,25,47,52,131" hai2="77,5,55,6,51,62,68,61,50,74,69,24,2" hai3="3,21,64,88,41,108,97,93,128,123,32,113,30"/><T45/><D29/><U96/><E121/><V22/><F74/><W132/><G3/><T27/><D120/><U122/><E122/><V114/><F77/><W0/><G123/><T73/><D45/><U127/><E127/><V92/><F114/><W129/><G0/><T20/><D116/><U135/><E131/><V33/><F33/><W35/><G113/><T15/><D111/><U134/><E25/><V126/><F126/><W59/><G108/><N who="1" m="41578" /><E10/><V101/><F68/><W98/><G41/><T16/><D105/><U85/><E65/><V89/><F69/><W86/><G132/><N who="1" m="50730" /><E52/><V53/><F101/><W34/><G59/><T8/><D75/><U38/><E47/><N who="2" m="27871" /><F2/><W58/><G58/><T71/><D73/><U12/><E12/><V104/><F104/><W102/><G64/><T103/><D71/><U44/><E44/><N who="2" m="28135" /><F6/><W18/><G30/><T57/><D79/><U1/><E1/><V60/><F5/><W115/><G115/><T100/><D100/><N who="1" m="60447" /><E38/><V26/><F22/><W48/><G48/><T118/><D118/><U31/><E31/><V14/><F14/><W9/><G9/><T42/><D42/><U67/><E67/><AGARI ba="1,0" hai="8,15,16,19,20,27,57,63,67,82,83,94,99,103" machi="67" ten="30,11600,0" yaku="7,1,8,1,52,1,54,1" doraHai="56" who="0" fromWho="1" sc="308,119,250,-119,250,0,192,0" /><INIT seed="0,2,0,2,3,48" ten="427,131,250,192" oya="0" hai0="128,74,58,66,102,31,75,87,50,45,96,90,109" hai1="100,103,21,112,4,12,25,91,37,36,113,119,38" hai2="5,118,110,57,81,2,132,7,121,39,123,97,33" hai3="120,77,95,68,11,52,114,13,133,115,47,42,34"/><T131/><D31/><U14/><E119/><V98/><F33/><W126/><G34/><T85/><D74/><U83/><E4/><V117/><F57/><W67/><G120/><T23/><D75/><U43/><E43/><V76/><F39/><W6/><G133/><T135/><D23/><U17/><E83/><V40/><F40/><W32/><G32/><T29/><D29/><U15/><REACH who="1" step="1"/><E91/><REACH who="1" ten="427,121,250,192" step="2"/><V0/><F81/><W84/><G126/><T94/><D90/><U99/><E99/><V3/><F3/><W89/><G77/><T16/><D135/><U49/><E49/><V51/><F51/><N who="3" m="28799" /><G42/><T116/><D96/><U79/><E79/><V54/><F76/><W130/><G115/><AGARI ba="2,1" hai="12,14,15,17,21,25,36,37,38,100,103,112,113,115" machi="115" ten="50,6400,0" yaku="1,1,11,1,53,1" doraHai="48" doraHaiUra="18" who="1" fromWho="3" sc="427,0,121,80,250,0,192,-70" /><INIT seed="1,0,0,3,5,34" ten="427,201,250,122" oya="1" hai0="114,97,37,115,7,90,110,63,12,77,100,108,104" hai1="79,41,62,8,10,135,47,94,68,74,119,124,45" hai2="105,60,92,13,49,98,31,130,54,40,51,117,132" hai3="33,120,89,53,0,66,27,23,102,20,46,30,73"/><U22/><E119/><V26/><F105/><W122/><G73/><T36/><D37/><U18/><E124/><V56/><F117/><W57/><G102/><T125/><D36/><U58/><E68/><V67/><F130/><W9/><G66/><T32/><D63/><U5/><E135/><V133/><F13/><W69/><G69/><T19/><D32/><U134/><E134/><N who="2" m="51819" /><F40/><W75/><G46/><T103/><D19/><U113/><E113/><N who="0" m="43017" /><D7/><U39/><E47/><V78/><F78/><W43/><G43/><T52/><D52/><U64/><E94/><V38/><F54/><W44/><G89/><T61/><D61/><U76/><E10/><V126/><F38/><W107/><G75/><T14/><D14/><U28/><E28/><V17/><F17/><W70/><G107/><N who="0" m="63887" /><D12/><U1/><E74/><V112/><F126/><W11/><G70/><T93/><D77/><U111/><E111/><V80/><F112/><W81/><G44/><T24/><D24/><AGARI ba="0,0" hai="1,5,8,18,22,24,39,41,45,58,62,64,76,79" machi="24" ten="30,2900,0" yaku="7,1,52,1" doraHai="34" who="1" fromWho="0" sc="427,-29,201,29,250,0,122,0" /><INIT seed="1,1,0,0,0,8" ten="398,230,250,122" oya="1" hai0="116,61,70,42,80,63,126,85,2,132,65,78,98" hai1="62,72,86,97,118,35,44,107,9,129,43,51,18" hai2="109,29,41,56,79,38,77,3,58,69,13,19,0" hai3="49,120,55,94,99,5,133,87,40,114,76,27,90"/><U24/><E72/><V106/><F106/><W104/><G120/><T57/><D116/><U108/><E118/><V125/><F69/><W96/><G40/><T88/><D2/><U23/><E129/><V34/><F34/><W123/><G123/><T117/><D132/><U67/><E108/><V110/><F29/><W39/><G39/><T54/><D126/><U64/><E35/><V45/><F125/><W103/><G133/><T26/><D117/><U36/><E36/><V14/><F38/><W124/><G124/><T4/><D4/><U113/><E113/><V16/><F45/><W121/><G121/><T47/><D26/><U122/><E122/><V7/><F41/><W15/><G27/><T95/><D47/><U115/><E115/><V32/><F32/><W50/><G114/><T46/><D46/><U102/><E62/><V31/><F31/><W101/><G76/><T135/><D42/><U100/><E100/><V12/><F12/><W73/><G73/><T128/><REACH who="0" step="1"/><D135/><REACH who="0" ten="388,230,250,122" step="2"/><U28/><E86/><V75/><F7/><W48/><G5/><T37/><D37/><U84/><E84/><V91/><F75/><W52/><REACH who="3" step="1"/><G15/><REACH who="3" ten="388,230,250,112" step="2"/><T30/><D30/><U21/><E28/><V112/><F112/><W127/><G127/><T131/><AGARI ba="1,2" hai="54,57,61,63,65,70,78,80,85,88,95,98,128,131" machi="131" ten="30,8000,1" yaku="1,1,0,1,54,1,53,2" doraHai="8" doraHaiUra="59" who="0" fromWho="0" sc="388,103,230,-41,250,-21,112,-21" /><INIT seed="2,0,0,3,4,27" ten="491,189,229,91" oya="2" hai0="44,43,116,115,102,128,134,108,112,0,53,109,14" hai1="119,35,96,81,4,51,118,60,40,54,110,92,52" hai2="67,15,61,135,46,129,111,9,120,125,41,73,80" hai3="1,62,117,47,94,75,5,84,49,72,131,17,58"/><V77/><F120/><W23/><G117/><T57/><D14/><U99/><E110/><N who="0" m="42601" /><D102/><U48/><E35/><V33/><F33/><W122/><G122/><T93/><D93/><U121/><E121/><V13/><F111/><W3/><G131/><T85/><D85/><U90/><E40/><V70/><F129/><W89/><G75/><T29/><D29/><U10/><E60/><V64/><F64/><W55/><G72/><T71/><D0/><U69/><E69/><V105/><F105/><W6/><G3/><T86/><D86/><U65/><E65/><V87/><F135/><W114/><G1/><T130/><D71/><U123/><E123/><V100/><F100/><W26/><REACH who="3" step="1"/><G114/><REACH who="3" ten="491,189,229,81" step="2"/><N who="0" m="43563" /><D116/><U124/><E118/><V36/><F125/><W101/><G101/><T16/><D134/><U113/><E119/><V24/><F73/><W20/><G20/><T28/><D130/><U56/><E124/><V21/><REACH who="2" step="1"/><F9/><REACH who="2" ten="491,189,219,81" step="2"/><W97/><G97/><T32/><D128/><U126/><E126/><V39/><F39/><W42/><AGARI ba="0,2" hai="5,6,17,23,26,42,47,49,55,58,62,84,89,94" machi="42" ten="20,8000,1" yaku="1,1,0,1,7,1,8,1,53,1" doraHai="27" doraHaiUra="88" who="3" fromWho="3" sc="491,-20,189,-20,219,-40,81,100" /><INIT seed="3,0,0,3,3,37" ten="471,169,179,181" oya="3" hai0="47,104,113,25,84,126,93,96,55,80,1,112,23" hai1="70,94,74,14,51,28,4,61,123,87,95,6,33" hai2="108,48,105,77,20,45,35,131,129,63,130,24,92" hai3="26,36,11,41,29,100,67,91,56,116,66,65,99"/><W50/><G116/><T59/><D1/><U114/><E74/><V125/><F105/><W5/><G36/><T49/><D104/><U0/><E0/><V106/><F106/><W7/><G91/><T13/><D126/><U78/><E123/><V103/><F35/><W89/><G89/><T31/><D13/><U107/><E107/><V27/><F125/><W19/><G99/><T38/><D38/><U64/><E114/><N who="0" m="44137" /><D93/><U62/><E28/><V58/><F108/><W98/><G98/><T73/><D73/><U68/><E33/><V121/><F121/><W57/><G100/><T120/><D96/><U115/><E115/><V17/><F77/><W81/><G81/><T3/><D3/><U110/><E78/><V127/><F127/><W111/><G111/><T9/><D9/><U69/><E87/><V40/><F92/><W43/><G29/><T117/><D117/><U72/><E72/><V82/><F103/><W44/><G43/><T118/><D118/><U109/><E95/><V88/><F82/><W132/><G132/><T22/><D120/><U42/><E94/><V54/><REACH who="2" step="1"/><F88/><REACH who="2" ten="471,169,169,181" step="2"/><W119/><G119/><T86/><D80/><U2/><E110/><V12/><AGARI ba="0,1" hai="12,17,20,24,27,40,45,48,54,58,63,129,130,131" machi="12" ten="30,12000,2" yaku="1,1,2,1,0,1,19,1,52,1,53,1" doraHai="37" doraHaiUra="16" who="2" fromWho="2" sc="471,-30,169,-30,169,130,181,-60" /><INIT seed="4,0,0,3,1,14" ten="441,139,299,121" oya="0" hai0="13,119,107,34,68,11,87,79,56,133,81,131,127" hai1="123,92,42,102,129,48,47,122,91,85,134,5,30" hai2="1,27,16,44,98,118,67,128,84,104,55,20,103" hai3="73,125,111,25,69,54,77,58,31,2,6,52,36"/><T32/><D119/><U40/><E129/><V106/><F1/><W124/><G36/><T4/><D133/><U50/><E134/><V105/><F128/><W17/><G69/><T115/><D107/><U126/><E126/><N who="3" m="48746" /><G111/><T82/><D131/><U96/><E30/><V101/><F118/><W53/><G6/><T35/><D68/><U29/><E29/><V45/><F67/><W62/><G2/><T38/><D38/><U24/><E24/><V78/><F78/><W121/><G121/><T9/><D115/><U93/><E5/><V23/><F84/><W46/><G46/><AGARI ba="0,0" hai="40,42,46,47,48,50,85,91,92,93,96,102,122,123" machi="46" ten="40,1300,0" yaku="9,1" doraHai="14" who="1" fromWho="3" sc="441,0,139,13,299,0,121,-13" /><INIT seed="5,0,0,3,1,11" ten="441,152,299,108" oya="1" hai0="47,76,23,120,92,51,61,127,108,10,52,69,103" hai1="65,53,12,0,94,64,131,82,125,130,62,106,27" hai2="134,114,42,54,128,41,58,123,57,21,66,16,133" hai3="28,63,100,96,77,111,124,119,109,110,48,126,104"/><U81/><E106/><V99/><F123/><W34/><G63/><T95/><D108/><U74/><E0/><V1/><F1/><W24/><G48/><T102/><D127/><N who="3" m="48681" /><G77/><T2/><D2/><U55/><E125/><V22/><F99/><W78/><G78/><T105/><D105/><U39/><E27/><V45/><F128/><W67/><G67/><T29/><D120/><U68/><E94/><V90/><F90/><W9/><G9/><T73/><D69/><U112/><E39/><V4/><F66/><W59/><G59/><T83/><D10/><U88/><E88/><V79/><F4/><W113/><G113/><T15/><D61/><U18/><E112/><V85/><F114/><W84/><G84/><N who="0" m="48231" /><D103/><U50/><E64/><V135/><F85/><W121/><G121/><T71/><D71/><U115/><E115/><V32/><F79/><W44/><G44/><T101/><D73/><U70/><E74/><V91/><F91/><W36/><G36/><T80/><D80/><U30/><E70/><V33/><F45/><W49/><G49/><T98/><D102/><U13/><E82/><V43/><F54/><N who="1" m="20489" /><E81/><V117/><F57/><W26/><G26/><N who="0" m="16607" /><D95/><U116/><E50/><V35/><F58/><W129/><G129/><T60/><D60/><U25/><E131/><V72/><F72/><W7/><G7/><T19/><D101/><U107/><E130/><V132/><F132/><W31/><G31/><T122/><D92/><U14/><E30/><V56/><F56/><W37/><G37/><T118/><D122/><U46/><E68/><V75/><F135/><RYUUKYOKU ba="0,0" sc="441,-10,152,-10,299,-10,108,30" hai3="24,28,34,96,100,104,109,110,111,119" /><INIT seed="6,1,0,3,5,98" ten="431,142,289,138" oya="2" hai0="18,62,16,2,127,86,123,57,75,125,118,13,40" hai1="25,83,102,95,103,65,80,104,97,32,37,124,71" hai2="7,39,76,133,100,52,9,117,129,69,6,68,101" hai3="113,108,11,45,15,90,60,92,50,77,21,56,30"/><V17/><F39/><W70/><G70/><T31/><D2/><U72/><E37/><V74/><F117/><W110/><G77/><T88/><D75/><U63/><E124/><N who="0" m="47689" /><D123/><U29/><E72/><V134/><F74/><W53/><G113/><T126/><D40/><U46/><E46/><V27/><F76/><W67/><G30/><T112/><D118/><U48/><E48/><V79/><F79/><W64/><G21/><T41/><D41/><U116/><E116/><V0/><F129/><W131/><G131/><T51/><D51/><U26/><E26/><V132/><F7/><W81/><G81/><N who="0" m="49231" /><D31/><U91/><E103/><N who="2" m="39499" /><F52/><W96/><G67/><N who="0" m="39375" /><D112/><U105/><E105/><V8/><F8/><W122/><G122/><T121/><D121/><U28/><E28/><V20/><AGARI ba="1,0" hai="0,6,9,17,20,27,68,69,132,133,134" m="39499" machi="20" ten="40,12000,1" yaku="20,1,52,3" doraHai="98" who="2" fromWho="2" sc="431,-41,142,-41,289,123,138,-41" /><INIT seed="6,2,0,2,2,121" ten="390,101,412,97" oya="2" hai0="8,122,12,50,71,54,95,90,69,10,28,55,109" hai1="60,41,23,108,7,3,93,30,112,64,52,70,66" hai2="25,44,61,32,88,27,49,80,81,47,101,14,13" hai3="133,34,5,116,26,130,135,65,131,84,85,119,59"/><V19/><F101/><W68/><G5/><T103/><D122/><U0/><E41/><V123/><F123/><W104/><G104/><T11/><D28/><U53/><E93/><V38/><F32/><W67/><G68/><T46/><D103/><U127/><E23/><V9/><F61/><W37/><G59/><T78/><D78/><U48/><E30/><V102/><F102/><W42/><G42/><T92/><D12/><U106/><E7/><V132/><F132/><W62/><G26/><T16/><D16/><U96/><E96/><V111/><F38/><W86/><G37/><T63/><D63/><U100/><E100/><V2/><F2/><W24/><G24/><T17/><D17/><U74/><E74/><V18/><F47/><W73/><G73/><T31/><D31/><U94/><E94/><V134/><F134/><N who="3" m="51211" /><G34/><T43/><D43/><U82/><E106/><V76/><F76/><W35/><G35/><T4/><D4/><U98/><E70/><V114/><F114/><W40/><G40/><T6/><D6/><U77/><E112/><V126/><F44/><W91/><G91/><T113/><D113/><U15/><E0/><V57/><F88/><W99/><G99/><T118/><D118/><N who="3" m="45097" /><G62/><T117/><D117/><U58/><E98/><V51/><F57/><W115/><G115/><T45/><D90/><U29/><E3/><V83/><F51/><W97/><G97/><T56/><D56/><U110/><E15/><V72/><F49/><W120/><G120/><T87/><D50/><U79/><E48/><V129/><F72/><W125/><G125/><RYUUKYOKU ba="2,0" sc="390,-10,101,-10,412,-10,97,30" hai3="65,67,84,85,86,130,131" /><INIT seed="7,3,0,5,3,131" ten="380,91,402,127" oya="3" hai0="46,128,16,96,77,66,32,21,109,85,100,82,80" hai1="129,58,2,83,64,42,114,55,57,126,60,87,26" hai2="73,59,49,41,103,56,23,110,61,119,71,62,37" hai3="53,95,8,120,97,22,122,98,94,38,134,52,27"/><W125/><G38/><T14/><D32/><U105/><E105/><V123/><F73/><W19/><G8/><T50/><D128/><U33/><E2/><V75/><F75/><W48/><G125/><T124/><D124/><U29/><E126/><V31/><F119/><W47/><G53/><T18/><D109/><U63/><E129/><V118/><F118/><W12/><G27/><T7/><D66/><U6/><E114/><V108/><F103/><W9/><G9/><N who="0" m="4415" /><D82/><U112/><E112/><V70/><F23/><W132/><G95/><N who="0" m="58399" /><D21/><U107/><E107/><V92/><F31/><W93/><G93/><T17/><D17/><U113/><E113/><V1/><F92/><W65/><G65/><T51/><D51/><U90/><E6/><V91/><F1/><W116/><G98/><T121/><D121/><U20/><E33/><V130/><F123/><W99/><G99/><T36/><D36/><U117/><E117/><V81/><F130/><W111/><G116/><T102/><D102/><U25/><E29/><V4/><F81/><W106/><G106/><T74/><D74/><U76/><E20/><V40/><F4/><W15/><G15/><T34/><D34/><U69/><E69/><V89/><F49/><W115/><G115/><T24/><D24/><U3/><E3/><V101/><F101/><N who="3" m="60599" /><G111/><T135/><D135/><AGARI ba="3,0" hai="12,19,22,47,48,52,120,122,132,134,135" m="60599" machi="135" ten="30,12000,1" yaku="20,1,52,3,54,1" doraHai="131" who="3" fromWho="0" sc="380,-129,91,0,402,0,127,129" /><INIT seed="7,4,0,5,0,51" ten="251,91,402,256" oya="3" hai0="109,47,73,103,84,65,69,68,87,98,10,133,42" hai1="5,127,106,53,92,13,24,90,131,108,67,12,48" hai2="30,34,80,123,81,54,93,99,70,104,35,11,130" hai3="3,77,17,41,49,116,7,9,45,113,58,83,110"/><W22/><G116/><T8/><D73/><U79/><E106/><V82/><F70/><W16/><G110/><T64/><D109/><U85/><E108/><V57/><F104/><W94/><G113/><T76/><D76/><U38/><E38/><V129/><F123/><W125/><G125/><T18/><D133/><U88/><E127/><V118/><F118/><W43/><G43/><T19/><D47/><U120/><E120/><V134/><F134/><W117/><G117/><T97/><D42/><U55/><E131/><N who="2" m="50187" /><F11/><W75/><G94/><T32/><D103/><U36/><E36/><V115/><F30/><W56/><REACH who="3" step="1"/><G17/><REACH who="3" ten="251,91,402,246" step="2"/><T95/><REACH who="0" step="1"/><D95/><REACH who="0" ten="241,91,402,246" step="2"/><N who="1" m="54671" /><E79/><V60/><F115/><W72/><G72/><T28/><D28/><U31/><E5/><V74/><F74/><W2/><G2/><T124/><D124/><U29/><E29/><V46/><F46/><W63/><G63/><T40/><D40/><U50/><E50/><V15/><F93/><W119/><G119/><T52/><D52/><N who="1" m="20043" /><E48/><V102/><F60/><W14/><AGARI ba="4,2" hai="3,7,9,14,16,22,41,45,49,56,58,75,77,83" machi="14" ten="20,7800,0" yaku="1,1,0,1,7,1,54,1,53,0" doraHai="51" doraHaiUra="128" who="3" fromWho="3" sc="241,-30,91,-30,402,-30,246,110" /><INIT seed="7,5,0,5,3,10" ten="211,61,372,356" oya="3" hai0="111,79,134,53,91,114,88,77,44,106,76,17,116" hai1="130,115,24,59,38,73,43,81,35,110,20,25,16" hai2="30,118,128,3,98,66,74,127,94,36,37,112,124" hai3="86,125,131,83,100,104,99,8,12,82,52,108,28"/><W31/><G108/><T32/><D32/><U58/><E110/><V49/><F118/><W96/><G131/><T41/><D111/><U133/><E130/><V42/><F128/><W18/><G125/><T60/><D106/><U63/><E133/><V109/><F109/><W132/><G132/><T55/><D116/><U1/><E1/><V103/><F74/><W119/><G119/><T69/><D134/><U121/><E121/><V80/><F3/><W48/><G96/><T21/><D114/><U4/><E115/><V122/><F112/><W101/><G100/><T22/><D69/><U11/><E35/><V120/><F66/><W95/><G104/><T85/><D60/><U62/><E43/><V23/><F80/><N who="3" m="30763" /><G86/><T135/><D135/><U57/><E38/><V97/><F97/><W51/><G51/><T2/><D2/><U5/><E81/><V129/><F129/><W46/><AGARI ba="5,0" hai="8,12,18,28,31,46,48,52,95,99,101" m="30763" machi="46" ten="30,6000,0" yaku="8,1,52,1,54,1" doraHai="10" who="3" fromWho="3" sc="211,-25,61,-25,372,-25,356,75" owari="186,-21.0,36,-46.0,347,15.0,431,52.0" /></mjloggm>