<mjloggm ver="2.3"><GO type="97" lobby="0"/><UN n0="%E3%82%A6%E3%83%AB%E3%83%88%E3%83%A9%E7%AB%8B%E7%9B%B4" n1="%58%69" n2="%E3%81%8A%E3%83%BC%E3%81%84%E3%83%BB%E3%81%8A%E8%8C%B6" n3="%E3%82%BB%E3%83%89%E3%83%8A" dan="15,15,13,13" rate="2019.98,2031.59,1861.43,1862.06" sx="M,M,M,F"/><TAIKYOKU oya="0"/><INIT seed="0,0,0,3,3,38" ten="250,250,250,250" oya="0" hai0="27,69,40,102,4,112,34,70,76,18,10,24,121" hai1="103,3,135,78,131,88,23,130,91,95,79,129,6" hai2="2,22,115,12,134,116,89,49,55,26,60,15,36" hai3="39,13,92,30,93,122,17,16,83,126,72,20,67"/><T51/><D121/><U57/><E3/><V50/><F115/><W127/><G122/><T42/><D112/><U113/><E113/><V114/><F114/><W8/><G30/><T132/><D132/><U46/><E6/><V119/><F2/><W104/><G104/><T37/><D37/><U123/><E123/><V77/><F36/><W125/><G67/><T44/><D27/><U128/><E135/><V68/><F77/><N who="1" m="29193" /><E57/><V80/><F134/><W7/><G72/><T21/><D34/><U107/><E107/><V59/><F68/><W43/><G83/><T81/><D102/><U85/><E46/><V133/><F133/><W82/><G82/><T111/><D111/><U99/><E23/><V105/><F105/><W65/><G65/><T86/><REACH who="0" step="1"/><D42/><REACH who="0" ten="240,250,250,250" step="2"/><U14/><E128/><V47/><F119/><W84/><G43/><T11/><D11/><U87/><E14/><AGARI ba="0,1" hai="4,10,14,18,21,24,40,44,51,69,70,76,81,86" machi="14" ten="30,12000,1" yaku="1,1,7,1,25,2,52,1,53,0" doraHai="38" doraHaiUra="53" who="0" fromWho="1" sc="240,130,250,-120,250,0,250,0" /><INIT seed="0,1,0,2,3,67" ten="370,130,250,250" oya="0" hai0="111,31,134,86,5,107,113,110,109,41,30,85,60" hai1="121,114,27,46,79,89,101,65,66,117,45,77,49" hai2="34,26,48,59,18,6,61,131,75,116,32,17,10" hai3="126,19,4,15,16,71,92,56,115,43,94,103,93"/><T87/><D107/><U64/><E117/><V102/><F75/><W106/><G115/><T99/><D113/><U97/><E121/><V0/><F116/><W57/><G43/><T8/><D41/><U91/><E114/><V51/><F102/><W63/><G126/><T38/><D38/><U118/><E118/><V127/><F127/><W80/><G80/><T47/><D47/><U90/><E27/><V28/><F32/><W50/><G50/><T119/><D119/><U129/><E129/><V98/><F98/><W23/><G4/><T132/><D99/><U78/><E49/><V74/><F74/><W73/><G73/><T88/><D88/><U52/><REACH who="1" step="1"/><E52/><REACH who="1" ten="370,120,250,250" step="2"/><V125/><F125/><W68/><G56/><T69/><D31/><U21/><E21/><V124/><F124/><W24/><G57/><T123/><D30/><U7/><E7/><V108/><F131/><W12/><G63/><T135/><D123/><U2/><E2/><V96/><F51/><W35/><G35/><T105/><D5/><U20/><E20/><V83/><F48/><W58/><G58/><T122/><D122/><U29/><E29/><V40/><F59/><W120/><G120/><T76/><D60/><U84/><E84/><V70/><F61/><W1/><G1/><T44/><D86/><U72/><E72/><V36/><F0/><W22/><G24/><T42/><D87/><U100/><E100/><V39/><F6/><W3/><G3/><T130/><D85/><U54/><E54/><V128/><F26/><W133/><G133/><T81/><D135/><U13/><E13/><RYUUKYOKU ba="1,1" sc="370,-15,120,15,250,-15,250,15" hai1="45,46,64,65,66,77,78,79,89,90,91,97,101" hai3="12,15,16,19,22,23,68,71,92,93,94,103,106" /><INIT seed="1,2,1,4,4,74" ten="355,135,235,265" oya="1" hai0="11,31,64,87,128,107,32,69,59,24,30,70,19" hai1="119,23,62,2,15,54,0,66,100,67,120,55,36" hai2="28,39,130,16,5,118,125,63,26,108,91,106,3" hai3="41,25,44,114,129,126,22,12,116,110,101,84,80"/><U68/><E119/><V40/><F118/><W6/><G114/><T71/><D31/><U109/><E120/><V18/><F106/><W94/><G116/><T37/><D37/><U46/><E66/><V56/><F125/><W27/><G126/><T102/><D128/><U77/><E54/><V1/><F130/><W14/><G129/><T17/><D87/><U105/><E77/><V104/><F104/><W45/><G27/><T60/><D59/><U72/><E72/><V132/><F132/><W98/><G110/><T93/><D93/><U85/><E85/><V13/><F108/><W89/><G6/><T78/><D78/><U95/><E109/><V127/><F127/><W90/><G90/><T65/><D65/><U79/><E79/><V92/><F1/><W86/><G86/><T50/><D50/><U88/><E105/><V135/><F135/><W21/><G21/><T61/><D61/><U29/><E100/><V38/><F3/><W47/><REACH who="3" step="1"/><G41/><REACH who="3" ten="355,135,235,255" step="2"/><T117/><D117/><U52/><E29/><AGARI ba="2,2" hai="12,14,22,25,29,44,45,47,80,84,89,94,98,101" machi="29" ten="40,5200,0" yaku="1,1,2,1,8,1,53,0" doraHai="74" doraHaiUra="58" who="3" fromWho="1" sc="355,0,135,-58,235,0,255,78" /><INIT seed="2,0,0,0,2,132" ten="355,77,235,333" oya="2" hai0="106,65,1,113,67,16,80,20,31,44,14,19,127" hai1="122,94,62,45,79,58,50,6,126,111,3,42,69" hai2="74,48,29,129,22,71,39,133,32,118,9,38,2" hai3="117,8,7,88,56,40,35,37,134,115,81,135,102"/><V51/><F118/><W43/><G35/><T101/><D1/><U125/><E79/><V25/><F133/><N who="3" m="50699" /><G117/><T119/><D31/><U24/><E24/><V85/><F71/><W99/><G37/><T78/><D113/><U84/><E6/><V120/><F120/><W5/><G56/><T66/><D44/><U87/><E3/><V13/><F74/><W10/><G10/><T59/><D119/><U89/><E111/><V63/><F63/><W76/><G5/><T18/><D59/><U92/><E122/><V21/><F129/><W104/><G115/><T116/><D116/><U64/><E69/><V41/><F39/><W95/><G76/><T93/><D106/><U57/><REACH who="1" step="1"/><E58/><REACH who="1" ten="355,67,235,333" step="2"/><V107/><F2/><N who="3" m="119" /><G81/><T131/><D80/><U90/><AGARI ba="0,1" hai="42,45,50,57,62,64,84,87,89,90,92,94,125,126" machi="90" ten="30,8000,1" yaku="1,1,0,1,9,1,52,2,53,0" doraHai="132" doraHaiUra="26" who="1" fromWho="1" sc="355,-20,67,90,235,-40,333,-20" /><INIT seed="3,0,0,5,1,70" ten="335,157,195,313" oya="3" hai0="105,38,12,89,113,18,124,2,122,49,14,87,5" hai1="15,71,66,27,36,116,131,67,96,43,29,95,39" hai2="59,8,82,133,45,123,100,81,37,44,102,50,94" hai3="130,16,97,91,79,86,55,132,46,120,33,24,76"/><W62/><G120/><T10/><D105/><U118/><E131/><V119/><F123/><W80/><G130/><T31/><D38/><N who="1" m="14379" /><E43/><V52/><F119/><N who="1" m="45609" /><E71/><V90/><F133/><W77/><G132/><T57/><D124/><U58/><E58/><V107/><F107/><W47/><G33/><T65/><D57/><U104/><E104/><V17/><F37/><W108/><G97/><T1/><D49/><U40/><E40/><V53/><F53/><W30/><G108/><T41/><D65/><U61/><E15/><N who="2" m="7399" /><F44/><W128/><G128/><T63/><D14/><U6/><E6/><V85/><F59/><N who="3" m="35199" /><G30/><T73/><D31/><U112/><E61/><V64/><F64/><W127/><G127/><T25/><D63/><U110/><E110/><V78/><F82/><W34/><G34/><T93/><D5/><U125/><E112/><V92/><F92/><W114/><G114/><T99/><D93/><U106/><E106/><V117/><F117/><W51/><G51/><T134/><D113/><U74/><E74/><V11/><F11/><W126/><G126/><T84/><D10/><U72/><E72/><V121/><F121/><W26/><G26/><T19/><D25/><U32/><E125/><V28/><F28/><W3/><G24/><T103/><D73/><U7/><E7/><V35/><F35/><W23/><G23/><N who="0" m="11719" /><D134/><U98/><E98/><AGARI ba="0,0" hai="45,50,52,78,81,85,90,94,98,100,102" m="7399" machi="98" ten="30,2000,0" yaku="8,1,54,1" doraHai="70" who="2" fromWho="1" sc="335,0,157,-20,195,20,313,0" owari="335,43.0,137,-36.0,215,-18.0,313,11.0" /></mjloggm>