<mjloggm ver="2.3"><GO type="97" lobby="0"/><UN n0="%6B%75%65%69%6B%75" n1="%E3%82%A6%E3%83%AB%E3%83%88%E3%83%A9%E7%AB%8B%E7%9B%B4" n2="%48%4F%55%53%45%49" n3="%48%61%70%70%79%43%6F%77" dan="14,15,14,13" rate="1872.88,1987.38,1907.40,1883.22" sx="M,M,M,M"/><TAIKYOKU oya="0"/><INIT seed="0,0,0,2,0,25" ten="250,250,250,250" oya="0" hai0="121,13,0,111,35,106,73,58,76,10,8,77,97" hai1="57,9,68,89,120,42,90,54,107,38,85,115,50" hai2="110,48,60,18,17,12,134,71,96,26,75,80,86" hai3="124,2,67,95,109,44,43,91,28,105,84,81,135"/><T128/><D121/><U22/><E107/><V113/><F110/><W92/><G105/><T99/><D35/><U52/><E120/><V133/><F113/><W16/><G2/><T6/><D111/><U31/><E68/><V51/><F75/><W4/><G109/><T116/><D116/><U101/><E101/><V1/><F1/><W53/><G4/><T7/><D128/><U23/><E115/><V102/><F71/><W36/><G135/><N who="2" m="51721" /><F60/><W14/><G124/><T69/><D69/><U3/><E38/><V108/><F108/><W98/><G67/><T132/><D132/><U21/><E42/><V24/><F18/><W94/><G53/><T49/><D73/><U20/><E3/><V27/><F96/><W39/><BYE who="0" /><G39/><T131/><D131/><U117/><E117/><V46/><F102/><W59/><G59/><T37/><D37/><U100/><E100/><V130/><F130/><W78/><REACH who="3" step="1"/><G28/><REACH who="3" ten="250,250,250,240" step="2"/><T41/><D41/><U123/><E123/><V34/><F34/><W19/><G19/><T61/><D61/><U114/><E114/><V66/><F66/><W104/><G104/><T63/><D63/><U29/><E54/><N who="2" m="29975" /><F51/><W72/><G72/><T126/><D126/><U82/><N who="1" m="5120" /><DORA hai="87" /><U125/><E125/><V127/><F127/><W40/><G40/><T30/><D30/><N who="1" m="11275" /><E9/><AGARI ba="0,1" hai="9,14,16,36,43,44,78,81,84,91,92,94,95,98" machi="9" ten="30,7700,0" yaku="1,1,7,1,52,1,54,1,53,0" doraHai="25,87" doraHaiUra="45,64" who="3" fromWho="1" sc="250,0,250,-77,250,0,240,87" /><UN n0="%6B%75%65%69%6B%75" /><INIT seed="1,0,0,2,4,101" ten="250,173,250,327" oya="1" hai0="39,81,18,57,8,86,53,61,78,9,69,121,62" hai1="90,46,68,129,50,25,52,60,32,35,116,74,75" hai2="38,134,71,119,47,12,41,103,127,51,7,26,54" hai3="87,94,104,19,40,43,67,132,72,11,133,20,131"/><U120/><E120/><V29/><F119/><W73/><G67/><T23/><D39/><U114/><E116/><V0/><F0/><W115/><G115/><T4/><D121/><U91/><E114/><V117/><F117/><W49/><G131/><T83/><D4/><U107/><E129/><V27/><F71/><W77/><G11/><T118/><D118/><U44/><E60/><V37/><F127/><W59/><G77/><T123/><D123/><U126/><E68/><V24/><F134/><N who="3" m="51819" /><G104/><T79/><D69/><U93/><E126/><V108/><F108/><W36/><G36/><T97/><D62/><U10/><E10/><V14/><F38/><W80/><G80/><T13/><REACH who="0" step="1"/><D97/><REACH who="0" ten="240,173,250,327" step="2"/><U28/><E107/><V102/><F7/><W45/><G43/><T112/><D112/><U100/><E32/><V3/><F37/><W135/><G135/><T63/><D63/><U70/><E70/><V17/><F51/><W6/><G6/><T124/><D124/><U31/><E31/><V99/><F29/><W30/><G30/><T125/><D125/><U88/><REACH who="1" step="1"/><E44/><REACH who="1" ten="240,163,250,327" step="2"/><V1/><F47/><W33/><G45/><T111/><D111/><U48/><E48/><V42/><F1/><W106/><G49/><T113/><D113/><U55/><E55/><V64/><F54/><W85/><G33/><T82/><D82/><U98/><AGARI ba="0,2" hai="25,28,35,46,50,52,74,75,88,90,91,93,98,100" machi="98" ten="30,11700,0" yaku="1,1,0,1,54,2,53,0" doraHai="101" doraHaiUra="128" who="1" fromWho="1" sc="240,-39,163,137,250,-39,327,-39" /><INIT seed="1,1,0,4,4,119" ten="201,300,211,288" oya="1" hai0="15,19,100,1,88,103,82,38,67,40,98,84,31" hai1="87,83,52,75,64,34,115,62,80,55,92,58,93" hai2="27,118,37,120,125,130,89,70,12,7,91,25,36" hai3="30,61,123,0,56,68,116,11,16,43,78,121,101"/><U95/><E34/><V86/><F118/><W77/><G30/><T21/><D1/><U3/><E3/><V66/><F125/><W46/><G116/><T29/><D67/><U76/><REACH who="1" step="1"/><E115/><REACH who="1" ten="201,290,211,288" step="2"/><V111/><F130/><W48/><G0/><T135/><D135/><U23/><E23/><V127/><F127/><W60/><G68/><T122/><D122/><U114/><E114/><V10/><F10/><W117/><G117/><T85/><D21/><U107/><E107/><V39/><F111/><W79/><G123/><T133/><D133/><U28/><E28/><V102/><F120/><W109/><G121/><T129/><D31/><U45/><E45/><V32/><F32/><W4/><G109/><T72/><D29/><U59/><E59/><V81/><F70/><W6/><G56/><T44/><D129/><U53/><E53/><V65/><F65/><W110/><G110/><T51/><D38/><U131/><E131/><V42/><F66/><W96/><G46/><T49/><D44/><U104/><E104/><V132/><F36/><W106/><G106/><T97/><D40/><U69/><E69/><V35/><F37/><W24/><G43/><T17/><D49/><U41/><E41/><V63/><F39/><W20/><G48/><T26/><D51/><U99/><E99/><V124/><F124/><W112/><G112/><T50/><D50/><U47/><E47/><V9/><F35/><W54/><G54/><T94/><D98/><U134/><E134/><V5/><F132/><W14/><G11/><N who="0" m="6399" /><D97/><U8/><E8/><V22/><F42/><W126/><G126/><RYUUKYOKU ba="1,1" sc="201,-10,290,30,211,-10,288,-10" hai1="52,55,58,62,64,75,76,80,83,87,92,93,95" /><INIT seed="1,2,1,4,1,43" ten="191,320,201,278" oya="1" hai0="42,26,2,68,45,112,134,94,111,77,83,97,120" hai1="122,131,105,100,10,46,56,17,55,133,12,107,38" hai2="41,117,15,88,34,98,47,69,71,119,128,72,116" hai3="9,35,7,6,86,49,103,124,36,79,121,102,75"/><U106/><E122/><V61/><F72/><W118/><G121/><T130/><D68/><U109/><E131/><V74/><F128/><W76/><G36/><T78/><D2/><U104/><E133/><V16/><F34/><W18/><G35/><T51/><D130/><U93/><E109/><V115/><F115/><W73/><G118/><T64/><D112/><U14/><E93/><V13/><F74/><W53/><G124/><T39/><D120/><U85/><E85/><V123/><F123/><W99/><G75/><T59/><D134/><U19/><E38/><V125/><F125/><W52/><G73/><T32/><D111/><U58/><N who="1" m="26624" /><DORA hai="91" /><U135/><E100/><N who="3" m="38442" /><G99/><T114/><D114/><U0/><E0/><V1/><F1/><W132/><G132/><T28/><D83/><U82/><E82/><V40/><F61/><W25/><G86/><T95/><D95/><U101/><E101/><V60/><F60/><W63/><G63/><T30/><D30/><U5/><E5/><N who="3" m="1546" /><G53/><T89/><REACH who="0" step="1"/><D64/><REACH who="0" ten="181,320,201,278" step="2"/><U11/><E135/><V92/><F71/><W67/><G67/><T70/><D70/><U96/><E96/><V80/><F69/><W110/><G110/><T23/><D23/><U21/><E21/><V129/><F129/><W81/><G81/><T57/><D57/><U66/><E66/><V33/><F80/><W126/><G126/><T37/><D37/><U87/><E87/><V113/><F113/><W3/><G3/><T90/><D90/><U127/><E127/><V62/><F116/><W24/><G9/><T108/><D108/><U29/><E29/><RYUUKYOKU ba="2,2" sc="181,15,320,15,201,-15,278,-15" hai0="26,28,32,39,42,45,51,59,77,78,89,94,97" hai1="10,11,12,14,17,19,46,55,56,58" /><INIT seed="1,3,2,1,3,84" ten="196,335,186,263" oya="1" hai0="19,2,38,51,113,64,107,8,22,20,26,120,17" hai1="89,56,49,43,3,117,45,90,50,105,130,76,40" hai2="61,57,101,1,81,53,5,87,60,116,129,96,27" hai3="95,36,23,123,71,114,52,15,25,46,41,32,55"/><U91/><E105/><V42/><F116/><W111/><G123/><T44/><D107/><U79/><E3/><V82/><F129/><W109/><G114/><T16/><D120/><U31/><E117/><V106/><F42/><W37/><G71/><T21/><D38/><U69/><E69/><V88/><F81/><W48/><G32/><T122/><D64/><U77/><E130/><V7/><F1/><W112/><G112/><T13/><D122/><U104/><E104/><V128/><F128/><W28/><G15/><N who="0" m="9247" /><D113/><U0/><E0/><V100/><F100/><W10/><G10/><N who="0" m="6327" /><D44/><N who="1" m="25735" /><E31/><V73/><F61/><W24/><G24/><N who="0" m="14399" /><D51/><U131/><E131/><V127/><F73/><W83/><G83/><T98/><D98/><U86/><E56/><V115/><F115/><W97/><G37/><T9/><D2/><U68/><E68/><V85/><F85/><AGARI ba="3,2" hai="43,45,50,76,77,79,85,86,89,90,91" m="25735" machi="85" ten="30,11600,0" yaku="8,1,52,3" doraHai="84" who="1" fromWho="2" sc="196,0,335,145,186,-125,263,0" /><INIT seed="1,4,0,3,5,35" ten="196,480,61,263" oya="1" hai0="64,100,133,31,89,80,110,4,83,48,41,2,62" hai1="16,106,129,25,118,92,113,120,84,37,122,77,53" hai2="15,40,43,27,33,82,30,125,76,6,46,78,52" hai3="23,114,44,34,26,96,97,42,101,51,73,75,103"/><U94/><E37/><V126/><F78/><W66/><G114/><T67/><D133/><U8/><E106/><V50/><F125/><W72/><G34/><T87/><D110/><U0/><E118/><V45/><F126/><W117/><G117/><T56/><D100/><U47/><E113/><V127/><F127/><W134/><G134/><T61/><D31/><U102/><E94/><V79/><F82/><W21/><G66/><T18/><D18/><U116/><E116/><V71/><F71/><W107/><REACH who="3" step="1"/><G26/><REACH who="3" ten="196,480,61,253" step="2"/><T70/><D67/><U36/><E25/><V132/><F132/><W104/><AGARI ba="4,1" hai="21,23,42,44,51,72,73,75,96,97,101,103,104,107" machi="104" ten="30,7900,0" yaku="1,1,2,1,0,1,9,1,53,0" doraHai="35" doraHaiUra="22" who="3" fromWho="3" sc="196,-24,480,-43,61,-24,253,101" /><INIT seed="2,0,0,3,1,3" ten="172,437,37,354" oya="2" hai0="67,100,40,98,6,2,118,43,7,27,4,103,37" hai1="5,33,10,87,86,28,99,83,50,25,53,48,1" hai2="72,94,74,78,115,80,70,93,24,71,104,59,21" hai3="123,92,0,112,54,46,63,101,22,113,89,31,18"/><V121/><F121/><W55/><G0/><T19/><D118/><U133/><E133/><V38/><F115/><N who="3" m="44107" /><G123/><T23/><D37/><U61/><E99/><V108/><F38/><W106/><G106/><T128/><D2/><U41/><E41/><N who="0" m="15945" /><D128/><U49/><E61/><V14/><F74/><W39/><G39/><T17/><D67/><U35/><E35/><V131/><F131/><W84/><G101/><N who="0" m="38987" /><D98/><U81/><E81/><V44/><F104/><W75/><G75/><T16/><AGARI ba="0,0" hai="4,6,7,16,17,19,23,27" m="38987,15945" machi="16" ten="40,8000,1" yaku="8,1,52,3,54,1" doraHai="3" who="0" fromWho="0" sc="172,80,437,-20,37,-40,354,-20" owari="252,-15.0,417,52.0,-3,-50.0,334,13.0" /></mjloggm>