<mjloggm ver="2.3"><GO type="41" lobby="0"/><UN n0="%72%6F%79%30%39" n1="%E3%82%A6%E3%83%AB%E3%83%88%E3%83%A9%E7%AB%8B%E7%9B%B4" n2="%E3%81%8A%E3%81%98%E3%81%8A" n3="%E7%B6%BE%E2%98%86%E5%A5%88" dan="15,15,13,13" rate="2044.11,1955.10,1925.52,1819.35" sx="M,M,M,M"/><TAIKYOKU oya="0"/><INIT seed="0,0,0,4,3,8" ten="250,250,250,250" oya="0" hai0="17,130,68,52,44,73,100,107,104,69,22,53,120" hai1="66,23,117,77,127,20,56,32,1,101,123,115,4" hai2="131,124,103,54,132,13,112,64,134,125,48,90,45" hai3="108,62,88,21,39,42,58,65,67,128,105,85,19"/><T50/><D120/><U71/><E71/><V38/><F103/><W79/><G105/><T122/><D122/><U86/><E32/><V3/><F3/><W76/><G39/><T30/><D73/><U61/><E123/><V57/><F112/><W35/><G35/><T51/><D130/><U111/><E115/><V70/><F90/><W80/><G128/><T121/><D121/><U95/><E117/><V41/><F131/><W60/><G42/><T110/><D110/><U27/><E127/><N who="2" m="48715" /><F13/><W12/><G108/><T92/><D30/><U14/><E1/><V46/><F46/><W87/><G85/><T97/><D69/><AGARI ba="0,0" hai="12,19,21,58,60,62,65,67,69,76,79,80,87,88" machi="69" ten="30,3900,0" yaku="7,1,52,1,54,1" doraHai="8" who="3" fromWho="0" sc="250,-39,250,0,250,0,250,39" /><INIT seed="1,0,0,5,2,3" ten="211,250,250,289" oya="1" hai0="91,106,11,8,129,103,30,97,42,14,115,68,80" hai1="51,15,134,113,76,4,119,77,46,126,87,5,33" hai2="59,0,131,132,13,19,86,81,123,22,38,64,34" hai3="79,74,50,125,95,17,49,70,61,71,25,24,45"/><U118/><E33/><V66/><F34/><W69/><G125/><T111/><D115/><U56/><E113/><V60/><F0/><W102/><G74/><T1/><D68/><U133/><E56/><V92/><F123/><W108/><G108/><T27/><D111/><U72/><E72/><V121/><F38/><W124/><G124/><T2/><D129/><U98/><E98/><V110/><F121/><W48/><G79/><N who="1" m="30282" /><E15/><V53/><F110/><W84/><G45/><T41/><D2/><U83/><E87/><V67/><F131/><W29/><G61/><T18/><D1/><U35/><E83/><V12/><F132/><N who="1" m="50793" /><E35/><V63/><F92/><W62/><G62/><T112/><D112/><U32/><E32/><V100/><F100/><W44/><G44/><T122/><D122/><U26/><E26/><V58/><REACH who="2" step="1"/><F12/><REACH who="2" ten="211,250,240,289" step="2"/><W89/><G102/><T75/><D103/><U85/><E126/><V31/><F31/><W128/><G128/><T99/><D106/><U40/><E85/><V9/><F9/><W73/><G29/><T57/><D11/><U127/><E127/><V43/><F43/><W101/><G101/><T117/><D75/><U114/><E114/><V78/><AGARI ba="0,1" hai="13,19,22,53,58,59,60,63,64,66,67,78,81,86" machi="78" ten="20,5200,0" yaku="1,1,0,1,7,1,8,1,53,0" doraHai="3" doraHaiUra="116" who="2" fromWho="2" sc="211,-13,250,-26,240,62,289,-13" /><INIT seed="2,0,0,3,2,27" ten="198,224,302,276" oya="2" hai0="63,82,66,47,6,115,23,76,79,121,7,54,101" hai1="68,48,55,128,98,107,59,81,20,42,122,104,71" hai2="129,5,75,100,106,26,102,2,45,61,34,33,49" hai3="94,74,43,105,103,109,113,70,50,69,21,124,31"/><V25/><F75/><W32/><G74/><T116/><D121/><U40/><E122/><V36/><F36/><W53/><G113/><T77/><D115/><U132/><E128/><V92/><F106/><W134/><G105/><T78/><D116/><U52/><E104/><V57/><F129/><W39/><G32/><T24/><D101/><U125/><E98/><V67/><F33/><W14/><G134/><T19/><D47/><N who="1" m="27679" /><E81/><V62/><F2/><W118/><G118/><T135/><D54/><U16/><E107/><V96/><F5/><W133/><G124/><T99/><D99/><U41/><E16/><V87/><F102/><W9/><G133/><T64/><D135/><U108/><E20/><V13/><F13/><W119/><G119/><T35/><D35/><U56/><E125/><V89/><F34/><W120/><G120/><T127/><D127/><U84/><E84/><V86/><F62/><W80/><G109/><T15/><D79/><U126/><E126/><V123/><F123/><W91/><G39/><T38/><D38/><U51/><E132/><V30/><F89/><W60/><G70/><N who="1" m="26666" /><E108/><V1/><F1/><W18/><G103/><T29/><D82/><U111/><E111/><V22/><F26/><W130/><G130/><T28/><D7/><U37/><E37/><V65/><F67/><N who="0" m="25642" /><D6/><U85/><E85/><V58/><F58/><AGARI ba="0,0" hai="40,41,42,51,55,56,58,59" m="26666,27679" machi="58" ten="30,12000,2" yaku="35,5,54,1" doraHai="27" who="1" fromWho="2" sc="198,0,224,120,302,-120,276,0" /><INIT seed="3,0,0,2,5,104" ten="198,344,182,276" oya="3" hai0="44,39,18,2,50,66,14,124,17,91,59,47,106" hai1="133,118,48,90,85,95,31,45,70,26,100,30,38" hai2="41,109,8,28,65,116,32,1,74,114,55,68,52" hai3="96,13,103,135,24,29,62,78,21,75,64,108,117"/><W35/><G117/><T60/><D106/><U127/><E70/><V49/><F116/><W105/><G135/><T120/><D2/><U53/><E133/><V110/><F114/><W99/><G99/><T119/><D120/><U126/><E118/><V129/><F32/><W0/><G108/><N who="2" m="41577" /><F28/><W63/><G0/><T4/><D119/><U123/><E123/><V57/><F1/><W98/><G98/><T134/><D134/><U89/><E100/><V40/><F8/><W7/><G7/><T107/><D107/><U54/><E38/><V84/><F84/><W3/><G3/><T22/><D39/><U86/><E54/><N who="2" m="31951" /><F74/><W15/><G21/><T97/><D124/><U20/><REACH who="1" step="1"/><E31/><REACH who="1" ten="198,334,182,276" step="2"/><V25/><F129/><W121/><G121/><T83/><D4/><U102/><E102/><V77/><F25/><W33/><G33/><T80/><D18/><U101/><E101/><V23/><F77/><W82/><REACH who="3" step="1"/><G62/><REACH who="3" ten="198,334,182,266" step="2"/><T56/><D60/><U10/><E10/><V81/><F40/><W11/><G11/><T67/><D22/><U46/><E46/><V72/><F41/><W42/><G42/><T51/><D47/><U71/><E71/><AGARI ba="0,2" hai="13,15,24,29,35,63,64,71,75,78,82,96,103,105" machi="71" ten="30,12000,1" yaku="1,1,7,1,25,2,52,1,53,0" doraHai="104" doraHaiUra="36" who="3" fromWho="1" sc="198,0,334,-120,182,0,266,140" /><INIT seed="3,1,0,5,5,16" ten="198,214,182,406" oya="3" hai0="84,78,132,0,51,108,118,96,55,21,114,27,103" hai1="12,56,31,60,98,62,110,82,13,94,26,35,23" hai2="127,38,113,65,100,75,64,80,28,46,57,5,36" hai3="104,125,117,99,116,32,107,70,58,88,77,133,41"/><W8/><G70/><T106/><D118/><U122/><E122/><V33/><F113/><W15/><G32/><T66/><D0/><U59/><E35/><V34/><F5/><W1/><G1/><T124/><D114/><U83/><E110/><V79/><F127/><W131/><G125/><T47/><D108/><U73/><E73/><V130/><F130/><W72/><G131/><T68/><D124/><U111/><E111/><V29/><F100/><W18/><G133/><T123/><D132/><U3/><E3/><V102/><F102/><W9/><G72/><T109/><D109/><U11/><E59/><V19/><F19/><W71/><G77/><T135/><D135/><U121/><E60/><V7/><F7/><W39/><G71/><T30/><D123/><U37/><E37/><V134/><F134/><W115/><G115/><T97/><D68/><U89/><E121/><V50/><F38/><W120/><G120/><T67/><REACH who="0" step="1"/><D97/><REACH who="0" ten="188,214,182,406" step="2"/><U61/><E61/><V53/><F36/><W25/><G116/><T52/><D52/><N who="1" m="34055" /><E12/><V91/><F65/><W10/><G117/><T17/><D17/><AGARI ba="1,1" hai="11,13,17,23,26,31,82,83,89,94,98" m="34055" machi="17" ten="30,3900,0" yaku="8,1,52,1,54,1" doraHai="16" who="1" fromWho="0" sc="188,-42,214,52,182,0,406,0" /><INIT seed="4,0,0,5,5,12" ten="146,266,182,406" oya="0" hai0="26,95,17,22,30,117,76,126,36,63,106,27,65" hai1="80,93,1,0,120,96,83,16,32,119,49,41,118" hai2="98,105,43,99,40,61,6,109,55,122,108,71,37" hai3="125,8,82,91,7,57,113,111,60,9,107,3,62"/><T131/><D106/><U78/><E32/><V129/><F6/><W45/><G111/><T103/><D36/><U127/><E120/><V29/><F29/><W10/><G107/><T44/><D117/><U88/><E127/><V31/><F31/><W5/><G125/><T94/><D126/><U90/><E1/><V92/><F122/><W116/><G116/><T133/><D131/><U59/><E0/><V81/><F129/><W130/><G130/><T58/><D133/><U89/><E78/><V85/><F105/><W13/><G113/><T52/><D76/><U102/><E118/><V4/><F4/><W87/><G45/><T132/><D132/><U123/><E123/><V68/><F37/><W25/><G25/><T86/><D86/><U14/><E119/><V46/><F46/><W35/><G35/><T112/><D103/><U50/><E41/><V114/><F114/><W33/><G33/><T20/><D112/><U64/><E50/><AGARI ba="0,0" hai="17,20,22,26,27,30,44,50,52,58,63,65,94,95" machi="50" ten="40,7700,0" yaku="8,1,52,1,54,1" doraHai="12" who="0" fromWho="1" sc="146,77,266,-77,182,0,406,0" /><INIT seed="4,1,0,5,3,83" ten="223,189,182,406" oya="0" hai0="24,26,101,14,98,87,127,128,130,20,50,29,66" hai1="43,27,11,96,1,40,122,56,12,67,3,82,114" hai2="41,22,19,119,80,118,32,7,69,95,30,135,94" hai3="51,90,88,115,72,34,99,75,79,110,77,15,129"/><T81/><D66/><U21/><E3/><V126/><F69/><W91/><G110/><T113/><D127/><U133/><E1/><V62/><F126/><W132/><G34/><T49/><D113/><U60/><E122/><V76/><F135/><W47/><G132/><T105/><D14/><U35/><E35/><V109/><F109/><W108/><G108/><T63/><D63/><U13/><E13/><V106/><F106/><W54/><G115/><T46/><D26/><U0/><E0/><V73/><F7/><W120/><G120/><T28/><D29/><U25/><E25/><V52/><F41/><W65/><G65/><T48/><REACH who="0" step="1"/><D46/><REACH who="0" ten="213,189,182,406" step="2"/><U8/><E133/><V45/><F119/><W6/><G15/><T44/><D44/><U97/><E114/><V103/><F118/><W111/><G111/><T37/><D37/><U131/><E12/><V58/><F45/><W68/><G47/><T18/><D18/><U102/><E40/><V53/><F30/><W89/><G54/><T104/><D104/><U10/><E43/><V100/><F53/><W92/><G129/><T64/><D64/><U86/><E131/><V61/><F62/><W42/><G42/><T57/><D57/><U107/><E107/><V85/><F32/><W121/><G121/><T38/><D38/><U5/><E5/><V2/><F2/><W33/><G6/><T112/><D112/><U31/><REACH who="1" step="1"/><E102/><REACH who="1" ten="213,179,182,406" step="2"/><N who="2" m="38955" /><F73/><N who="3" m="28235" /><G33/><T23/><D23/><U74/><E74/><V16/><F19/><W71/><G68/><T78/><AGARI ba="1,2" hai="20,24,28,48,49,50,78,81,87,98,101,105,128,130" machi="78" ten="30,11700,0" yaku="1,1,0,1,52,1,53,1" doraHai="83" doraHaiUra="93" who="0" fromWho="0" sc="213,140,179,-40,182,-40,406,-40" /><INIT seed="4,2,0,0,1,19" ten="353,139,142,366" oya="0" hai0="84,0,30,134,3,29,111,24,44,128,51,83,133" hai1="125,82,59,81,127,46,117,85,36,12,40,23,32" hai2="86,101,62,78,123,41,27,65,66,35,105,72,45" hai3="110,121,34,91,95,55,135,56,129,68,98,5,122"/><T93/><D111/><U74/><E32/><V87/><F86/><W58/><G110/><T79/><D128/><U96/><E96/><V53/><F87/><W77/><G34/><T54/><D93/><U17/><E117/><V33/><F53/><W18/><G68/><T13/><D13/><U14/><E59/><V47/><F123/><W31/><G135/><N who="0" m="51723" /><D29/><U25/><E74/><V120/><F120/><N who="3" m="46187" /><G129/><T126/><D126/><U76/><REACH who="1" step="1"/><E82/><REACH who="1" ten="353,129,142,366" step="2"/><V15/><F72/><W22/><G58/><T10/><D10/><U115/><E115/><V16/><F35/><AGARI ba="2,1" hai="0,3,24,30,35,44,51,54,79,83,84" m="51723" machi="35" ten="30,1500,0" yaku="20,1" doraHai="19" who="0" fromWho="2" sc="353,31,129,0,142,-21,366,0" /><INIT seed="4,3,0,2,3,111" ten="384,129,121,366" oya="0" hai0="90,85,106,49,5,3,18,121,14,126,81,63,51" hai1="66,72,67,79,109,120,17,60,95,57,40,118,8" hai2="110,28,0,73,68,80,133,91,96,132,77,11,35" hai3="64,19,119,37,4,26,88,55,9,65,131,112,70"/><T97/><D121/><U31/><E120/><V39/><F68/><W74/><G119/><T25/><D3/><U128/><E109/><V104/><F35/><W105/><G105/><T99/><D106/><U76/><E118/><V1/><F28/><W53/><G37/><T115/><D126/><U71/><E72/><V46/><F110/><W89/><G74/><T10/><D63/><U34/><E34/><V47/><F47/><W38/><G38/><T114/><D97/><U43/><E31/><V135/><F91/><W101/><G131/><T69/><D69/><U134/><E67/><V113/><F11/><W83/><G101/><T75/><D75/><U100/><E71/><V23/><F23/><W7/><G70/><T29/><D99/><N who="1" m="59519" /><E128/><V130/><F130/><W61/><G61/><T87/><D85/><U21/><E8/><V33/><F33/><W86/><G9/><T6/><D5/><N who="3" m="2121" /><G112/><N who="0" m="43051" /><D6/><U93/><E93/><V103/><REACH who="2" step="1"/><F113/><REACH who="2" ten="384,129,111,366" step="2"/><W58/><G89/><T107/><D107/><U102/><E102/><V84/><F84/><W52/><G58/><T48/><D29/><U44/><E44/><V27/><F27/><AGARI ba="3,1" hai="10,14,18,25,27,48,49,51,81,87,90" m="43051" machi="27" ten="30,11600,0" yaku="15,1,52,3" doraHai="111" who="0" fromWho="2" sc="384,135,129,0,111,-125,366,0" owari="519,61.0,129,-27.0,-14,-51.0,366,17.0" /></mjloggm>