<mjloggm ver="2.3"><GO type="41" lobby="0"/><UN n0="%42%2D%4D%41%58" n1="%6D%69%73%61%67%6F" n2="%E3%82%A6%E3%83%AB%E3%83%88%E3%83%A9%E7%AB%8B%E7%9B%B4" n3="%E3%81%97%E3%81%BE%E3%81%B0%E3%82%89" dan="15,16,16,13" rate="1955.25,2023.47,2064.66,1890.92" sx="M,M,M,M"/><TAIKYOKU oya="0"/><INIT seed="0,0,0,2,1,116" ten="250,250,250,250" oya="0" hai0="28,124,105,108,56,106,131,54,110,71,121,16,22" hai1="129,119,9,107,132,66,62,82,112,85,60,65,90" hai2="79,31,49,4,10,92,78,35,47,61,11,113,44" hai3="1,12,46,98,101,17,93,127,6,27,128,88,117"/><T55/><D71/><U41/><E107/><N who="0" m="40969" /><D28/><U95/><E119/><V15/><F113/><W81/><G117/><T63/><D121/><U51/><E129/><V114/><F114/><W59/><G128/><T89/><D131/><U111/><E112/><V115/><F115/><W24/><G127/><T123/><D123/><U42/><E132/><V18/><F47/><W84/><G59/><T8/><D8/><U87/><E51/><V64/><F92/><W135/><G135/><T38/><D38/><U102/><E9/><V57/><F31/><W39/><G6/><T26/><D55/><U134/><E134/><V133/><F133/><W68/><G68/><T125/><D89/><U19/><E19/><V80/><F35/><W58/><G1/><T33/><D33/><U77/><E102/><V83/><F11/><N who="3" m="6303" /><G39/><T5/><D5/><U120/><E120/><V50/><F4/><W40/><G40/><T72/><D72/><U126/><E126/><AGARI ba="0,0" hai="16,22,26,54,56,63,108,110,124,125,126" m="40969" machi="126" ten="40,3900,0" yaku="18,1,54,1" doraHai="116" who="0" fromWho="1" sc="250,39,250,-39,250,0,250,0" /><INIT seed="0,1,0,5,3,71" ten="289,211,250,250" oya="0" hai0="107,12,75,15,130,104,6,133,69,114,63,103,50" hai1="126,70,57,61,106,14,0,129,72,68,93,49,81" hai2="22,60,77,89,66,85,64,45,91,132,59,127,120" hai3="2,24,3,31,109,40,52,35,98,117,78,110,90"/><T20/><D75/><U118/><E0/><V125/><F120/><W34/><G117/><T128/><D114/><U74/><E106/><V8/><F77/><W16/><G78/><T94/><D133/><U86/><E118/><V39/><F132/><W134/><G134/><T10/><D94/><U131/><E93/><V1/><F66/><W62/><G35/><T101/><D50/><U9/><E49/><V25/><F89/><W26/><G40/><T27/><D69/><U17/><E70/><V28/><F8/><W111/><G98/><T37/><D63/><U79/><E68/><V53/><F1/><W23/><REACH who="3" step="1"/><G90/><REACH who="3" ten="289,211,250,240" step="2"/><T121/><D121/><U32/><E32/><V43/><REACH who="2" step="1"/><F64/><REACH who="2" ten="289,211,240,240" step="2"/><W124/><G124/><T88/><D88/><U5/><E126/><V113/><F113/><W42/><G42/><T36/><D10/><U4/><E74/><V80/><AGARI ba="1,2" hai="22,25,28,39,43,45,53,59,60,80,85,91,125,127" machi="80" ten="30,4000,0" yaku="1,1,0,1,52,1,53,0" doraHai="71" doraHaiUra="11" who="2" fromWho="2" sc="289,-21,211,-11,240,63,240,-11" /><INIT seed="1,0,0,1,5,37" ten="268,200,303,229" oya="1" hai0="88,76,46,95,58,114,47,17,106,16,32,108,92" hai1="13,96,67,132,122,27,117,84,60,128,39,18,5" hai2="51,22,70,74,73,45,98,133,131,126,81,61,121" hai3="54,125,55,68,7,21,111,110,65,102,99,8,118"/><U71/><E122/><V41/><F121/><W119/><G125/><T107/><D32/><U23/><E117/><N who="3" m="44554" /><G21/><T78/><D108/><N who="3" m="41513" /><G65/><T24/><D58/><U134/><E128/><V100/><F131/><W62/><G62/><T10/><D10/><U1/><E96/><V109/><F133/><N who="1" m="51305" /><E84/><V31/><F126/><W53/><G68/><T90/><REACH who="0" step="1"/><D24/><REACH who="0" ten="258,200,303,229" step="2"/><U75/><E27/><N who="2" m="16887" /><F109/><W115/><G115/><AGARI ba="0,1" hai="16,17,46,47,76,78,88,90,92,95,106,107,114,115" machi="115" ten="25,8000,1" yaku="1,1,22,2,54,2,53,0" doraHai="37" doraHaiUra="49" who="0" fromWho="3" sc="258,90,200,0,303,0,229,-80" /><INIT seed="2,0,0,5,5,96" ten="348,200,303,149" oya="2" hai0="123,23,72,86,37,29,104,13,27,97,18,55,126" hai1="56,62,85,109,69,115,93,44,127,15,128,17,24" hai2="107,133,71,59,11,12,120,105,3,108,50,116,48" hai3="112,89,43,91,82,31,45,34,57,117,102,9,10"/><V32/><F71/><W73/><G117/><T110/><D72/><U114/><E69/><V103/><F3/><W100/><G112/><T79/><D37/><U33/><E127/><V118/><F120/><W6/><G57/><T87/><D123/><U16/><E128/><V49/><F32/><W39/><G10/><T92/><D104/><U101/><E109/><V134/><F108/><W90/><G31/><T68/><D126/><U80/><E44/><V25/><F25/><W41/><G41/><T1/><D1/><U98/><E24/><V132/><F59/><W84/><G34/><T83/><D68/><U122/><E33/><V28/><F28/><W61/><G61/><T67/><D67/><U30/><E30/><V63/><F63/><W129/><G129/><T0/><D0/><U121/><E121/><V2/><F2/><N who="3" m="215" /><G84/><T35/><D110/><U130/><E130/><V51/><N who="2" m="12800" /><DORA hai="95" /><V99/><F107/><W111/><G111/><T66/><D66/><U47/><E47/><V5/><AGARI ba="0,0" hai="5,11,12,99,103,105,116,118,132,133,134" m="12800" machi="5" ten="50,12000,1" yaku="0,1,20,1,52,2" doraHai="96,95" who="2" fromWho="2" sc="348,-40,200,-40,303,120,149,-40" /><INIT seed="2,1,0,2,3,111" ten="308,160,423,109" oya="2" hai0="19,103,89,35,135,96,126,74,119,13,9,18,106" hai1="129,122,15,52,29,25,22,80,91,97,26,68,8" hai2="95,115,83,79,33,12,88,86,128,69,116,107,101" hai3="90,50,124,47,120,44,67,64,105,1,98,78,40"/><V114/><F33/><W127/><G1/><T100/><D74/><U113/><E68/><V53/><F69/><W10/><G120/><T71/><D119/><U72/><E129/><V21/><F116/><W102/><G10/><T65/><D103/><U99/><E122/><V39/><F39/><W75/><G90/><T42/><D42/><U43/><E43/><V112/><F53/><W73/><G47/><T5/><D126/><N who="3" m="48169" /><G78/><T0/><D135/><U62/><E26/><V81/><F128/><W66/><AGARI ba="1,0" hai="40,44,50,64,66,67,73,75,98,102,105" m="48169" machi="66" ten="30,1100,0" yaku="18,1" doraHai="111" who="3" fromWho="3" sc="308,-4,160,-4,423,-6,109,14" /><INIT seed="3,0,0,5,0,17" ten="304,156,417,123" oya="3" hai0="109,31,43,8,13,87,107,71,11,46,61,130,28" hai1="89,29,131,80,78,62,118,65,12,66,112,55,120" hai2="5,53,102,121,72,69,59,67,15,74,83,76,39" hai3="1,60,44,124,23,129,27,14,135,26,104,32,122"/><W90/><G122/><T100/><D109/><U103/><E112/><V40/><F102/><W64/><G1/><T41/><D130/><U21/><E120/><V125/><F125/><W63/><G104/><T111/><D111/><U36/><E36/><V2/><F15/><W97/><G124/><T68/><D87/><U20/><E131/><V94/><F94/><W77/><G129/><T33/><D46/><U48/><E89/><V115/><F74/><W24/><G77/><T98/><D11/><U81/><E103/><V47/><F115/><W93/><G32/><T10/><D10/><U51/><E62/><N who="3" m="23594" /><G64/><T54/><D54/><U101/><E101/><V25/><F121/><W113/><G113/><T88/><D88/><U49/><E55/><V123/><F123/><W134/><G44/><T117/><D117/><U96/><E96/><V84/><F67/><N who="1" m="25609" /><E78/><V6/><F69/><W4/><G4/><T16/><D71/><U91/><E91/><V7/><F53/><W108/><G108/><T110/><D110/><U92/><E92/><V82/><F59/><W99/><G99/><T50/><D68/><U133/><E133/><N who="3" m="50698" /><G14/><T3/><D3/><U70/><E70/><V126/><F126/><W56/><G56/><T73/><D61/><U86/><E86/><V35/><F84/><W127/><G127/><T116/><D98/><U75/><E75/><V18/><F76/><W9/><G9/><T52/><D73/><U57/><E118/><V95/><F72/><W45/><G45/><T37/><D116/><U0/><E57/><V119/><F119/><W106/><G106/><RYUUKYOKU ba="0,0" sc="304,-10,156,-10,417,-10,123,30" hai3="23,24,26,27,90,93,97" /><INIT seed="3,1,0,0,1,110" ten="294,146,407,153" oya="3" hai0="116,113,39,36,29,51,76,15,71,114,89,70,107" hai1="64,101,60,86,99,88,47,133,132,111,22,34,93" hai2="43,6,28,77,80,72,85,106,68,92,83,79,63" hai3="104,21,108,62,31,65,95,82,84,128,44,40,37"/><W66/><G104/><T18/><D116/><U131/><E111/><V13/><F106/><W122/><G108/><T30/><D107/><U7/><E34/><V123/><F123/><W105/><G105/><T61/><D76/><U134/><E7/><V3/><F3/><W97/><G122/><T48/><D89/><U103/><E131/><V2/><F2/><W19/><G31/><T46/><D15/><U130/><E130/><V135/><F135/><W69/><G66/><T125/><D46/><U112/><E22/><V1/><F1/><W127/><G128/><T53/><D53/><U12/><E12/><V42/><F28/><W81/><G84/><T8/><D18/><U17/><E17/><V0/><F0/><W117/><G127/><T56/><D56/><N who="1" m="36871" /><E47/><V11/><F92/><W121/><G117/><T91/><D8/><U119/><E119/><V32/><F32/><W24/><REACH who="3" step="1"/><G121/><REACH who="3" ten="294,146,407,143" step="2"/><T54/><D30/><U124/><E124/><V52/><F85/><W41/><G41/><T67/><D29/><U74/><E74/><V102/><F43/><W45/><G45/><T50/><D125/><U5/><E5/><V55/><F42/><W59/><G59/><T109/><D109/><U87/><E87/><V57/><F72/><W4/><G4/><T75/><D75/><U26/><E86/><V94/><F6/><W78/><G78/><T38/><D67/><U23/><E133/><V14/><F79/><W96/><G96/><T98/><D98/><U118/><E134/><V100/><F77/><W126/><G126/><T10/><D70/><U35/><E132/><RYUUKYOKU ba="1,1" sc="294,-10,146,-10,407,-10,143,30" hai3="19,21,24,37,40,44,62,65,69,81,82,95,97" /><INIT seed="3,2,1,2,1,8" ten="284,136,397,173" oya="3" hai0="93,94,25,56,26,87,28,24,47,29,66,123,34" hai1="14,27,59,134,3,119,111,44,117,15,102,129,108" hai2="52,72,77,0,40,46,57,88,48,73,71,132,53" hai3="22,6,125,90,126,96,36,99,113,61,18,100,118"/><W30/><G36/><T65/><D123/><U32/><E3/><V122/><F122/><W85/><G118/><N who="1" m="45066" /><E44/><V121/><F121/><W11/><G30/><T131/><D47/><U41/><E41/><V98/><F71/><W128/><G113/><T16/><D131/><U84/><E102/><V2/><F132/><W120/><G120/><T54/><D34/><U31/><E59/><V69/><F69/><W5/><G61/><T45/><D45/><U92/><E92/><N who="0" m="35433" /><D87/><U74/><E74/><V60/><F73/><W106/><G99/><T91/><D91/><U133/><E84/><V20/><F77/><W116/><G116/><T51/><D29/><U81/><E81/><V55/><F72/><W37/><G37/><T80/><D28/><U1/><E1/><V83/><F0/><W105/><G105/><T79/><D79/><U114/><E114/><V23/><F2/><W107/><G107/><T38/><D80/><U58/><E58/><V103/><F103/><W17/><G128/><T135/><D135/><N who="1" m="51723" /><E129/><V33/><F98/><W124/><G85/><T39/><D39/><U110/><AGARI ba="2,1" hai="14,15,27,31,32,108,110,111" m="51723,45066" machi="110" ten="40,12000,2" yaku="14,1,12,1,20,1,34,2,52,2" doraHai="8" who="1" fromWho="1" sc="284,-32,136,136,397,-32,173,-62" /><INIT seed="4,0,0,2,0,70" ten="252,272,365,111" oya="0" hai0="3,74,50,11,117,0,133,21,128,98,94,105,38" hai1="75,124,114,63,132,24,18,37,84,112,80,10,17" hai2="34,22,83,97,64,47,39,69,85,100,2,15,56" hai3="36,53,43,13,41,20,101,125,9,44,87,73,33"/><T122/><D105/><U106/><E106/><V126/><F2/><W93/><G33/><T16/><D122/><U108/><E108/><V54/><F34/><W32/><G32/><T23/><D117/><U59/><E75/><V113/><F126/><W4/><G73/><T25/><D74/><U104/><E104/><V130/><F130/><W57/><G43/><T35/><D128/><U51/><E132/><V66/><F113/><N who="1" m="43625" /><E124/><V123/><F123/><W7/><G125/><T60/><D133/><U77/><E51/><V119/><F119/><W96/><G20/><T76/><D38/><U103/><E103/><V115/><F115/><W45/><G45/><T111/><D111/><U48/><E48/><V86/><F69/><W6/><REACH who="3" step="1"/><G87/><REACH who="3" ten="252,272,365,101" step="2"/><T129/><D129/><U46/><E84/><V65/><F85/><W67/><G67/><T135/><D135/><U61/><E10/><V31/><F47/><W52/><G52/><T55/><D35/><U92/><E46/><V89/><F54/><W26/><G26/><T118/><D23/><U1/><E24/><V14/><F56/><W116/><G116/><T81/><D118/><U102/><E59/><V58/><F58/><W121/><G121/><T127/><D127/><U68/><E68/><V109/><F109/><W78/><G78/><T40/><D40/><U99/><E77/><V134/><F134/><W91/><G91/><N who="0" m="55647" /><D11/><U12/><E102/><V42/><F42/><W131/><G131/><T90/><D90/><U29/><E61/><AGARI ba="0,1" hai="4,6,7,9,13,36,41,44,53,57,61,93,96,101" machi="61" ten="30,3900,0" yaku="1,1,7,1,52,1,53,0" doraHai="70" doraHaiUra="110" who="3" fromWho="1" sc="252,0,272,-39,365,0,101,49" /><INIT seed="5,0,0,0,4,32" ten="252,233,365,150" oya="1" hai0="125,45,69,21,87,135,50,64,41,109,71,83,66" hai1="115,112,102,82,120,20,118,3,22,48,26,97,17" hai2="72,30,84,113,92,0,1,55,95,107,133,80,103" hai3="90,78,86,7,39,36,51,128,28,8,132,121,42"/><U94/><E120/><V129/><F30/><W93/><G121/><T13/><D109/><U54/><E118/><V40/><F40/><W15/><G132/><T44/><D135/><U9/><E22/><V18/><F133/><W105/><G105/><T29/><D125/><U106/><E106/><V81/><F18/><W38/><G128/><T49/><D69/><U110/><E110/><V43/><F43/><W12/><G28/><T31/><D71/><U4/><REACH who="1" step="1"/><E82/><REACH who="1" ten="252,223,365,150" step="2"/><V100/><F107/><W47/><REACH who="3" step="1"/><G78/><REACH who="3" ten="252,223,365,140" step="2"/><T57/><D31/><U74/><E74/><V116/><F72/><W75/><G75/><T126/><D29/><U53/><E53/><V2/><F116/><W123/><G123/><T104/><D104/><U117/><E117/><V62/><F55/><W60/><G60/><T14/><D126/><U58/><AGARI ba="0,2" hai="3,4,9,17,20,26,48,54,58,94,97,102,112,115" machi="58" ten="30,6000,0" yaku="1,1,0,1,52,1,53,0" doraHai="32" doraHaiUra="59" who="1" fromWho="1" sc="252,-20,223,80,365,-20,140,-20" /><INIT seed="5,1,0,1,0,48" ten="232,303,345,120" oya="1" hai0="17,106,94,31,36,82,60,115,47,34,73,112,13" hai1="0,93,133,3,27,104,58,30,35,102,75,29,127" hai2="87,78,7,6,83,51,72,20,23,118,71,122,67" hai3="21,92,91,45,9,101,55,80,107,90,114,68,100"/><U128/><E75/><V97/><F122/><W65/><G114/><T10/><D106/><U41/><E104/><V74/><F118/><W85/><G107/><T69/><D34/><U132/><E41/><V11/><F67/><W109/><G109/><T15/><D31/><U57/><E93/><V5/><F71/><W111/><G111/><T108/><D108/><U76/><E76/><V4/><F97/><W123/><G123/><T81/><D73/><U131/><E102/><V130/><F130/><N who="1" m="49705" /><E30/><V56/><F74/><W125/><G125/><T120/><D120/><U99/><E99/><V129/><F72/><W105/><G105/><T96/><D36/><U1/><E58/><V53/><REACH who="2" step="1"/><F129/><REACH who="2" ten="232,303,335,120" step="2"/><W79/><G65/><T103/><D69/><U43/><E43/><V2/><AGARI ba="1,1" hai="2,4,5,6,7,11,20,23,51,53,56,78,83,87" machi="2" ten="30,7900,0" yaku="1,1,2,1,0,1,52,1,53,0" doraHai="48" doraHaiUra="39" who="2" fromWho="2" sc="232,-21,303,-40,335,92,120,-21" /><INIT seed="6,0,0,5,3,131" ten="211,263,427,99" oya="2" hai0="102,81,83,97,32,40,35,114,78,14,55,66,31" hai1="108,79,42,71,13,73,88,65,129,109,84,37,17" hai2="127,4,103,34,3,29,112,0,51,107,11,48,33" hai3="5,122,27,47,53,134,41,52,18,105,61,123,7"/><V26/><F48/><W94/><G105/><T59/><D114/><U119/><E119/><V111/><F51/><W89/><G123/><T110/><D110/><U124/><E124/><V85/><F85/><W93/><G93/><T19/><D66/><U25/><E129/><V21/><F103/><W90/><G90/><T95/><D55/><U91/><E91/><V70/><F70/><W104/><G104/><T92/><D40/><U62/><E79/><V38/><F38/><W30/><G122/><T133/><D59/><U101/><E73/><V99/><F99/><W76/><G76/><T8/><D92/><U58/><E101/><V24/><F107/><W128/><G128/><T116/><D116/><U36/><E71/><V22/><F112/><W23/><G30/><T130/><D130/><U126/><E126/><V6/><F127/><W46/><G134/><T74/><D133/><U75/><E75/><V77/><F77/><W2/><G2/><T118/><D118/><U54/><E65/><V132/><F132/><W100/><G100/><T44/><D44/><U98/><E98/><V20/><F111/><W56/><G53/><T63/><D63/><U45/><E37/><V69/><F69/><W10/><G10/><T67/><D67/><U135/><E135/><V28/><F21/><W96/><G47/><T82/><D35/><U16/><E109/><V1/><F1/><W49/><AGARI ba="0,0" hai="5,7,18,23,27,41,46,49,52,56,61,89,94,96" machi="49" ten="20,12000,2" yaku="0,1,7,1,25,2,8,1,54,1" doraHai="131" who="3" fromWho="3" sc="211,-30,263,-30,427,-60,99,120" /><INIT seed="7,0,0,5,0,8" ten="181,233,367,219" oya="3" hai0="26,106,117,123,18,7,42,71,125,50,95,16,55" hai1="75,47,9,36,2,61,4,33,74,32,101,58,88" hai2="82,29,127,0,133,107,44,22,10,87,109,124,97" hai3="13,91,116,99,81,90,60,68,135,65,64,49,40"/><W112/><G116/><T120/><D106/><U20/><E101/><V6/><F109/><W129/><G112/><T53/><D117/><U24/><E75/><V100/><F44/><W85/><G135/><T14/><D71/><U73/><E73/><V52/><F52/><W62/><G129/><T79/><D79/><U67/><E74/><V12/><F133/><W118/><G118/><T111/><D111/><U132/><E132/><V70/><F70/><W23/><G40/><T30/><D123/><U110/><E47/><V115/><F115/><W46/><G46/><N who="0" m="25943" /><D120/><U134/><E36/><V94/><F107/><W77/><G49/><T11/><D125/><U103/><E103/><V78/><F29/><W122/><G122/><T121/><D121/><U98/><E110/><V76/><F76/><W45/><G45/><T39/><D39/><U57/><E57/><V15/><F22/><W128/><G128/><T28/><D95/><U80/><E134/><V104/><F104/><W131/><G131/><T19/><D26/><U66/><E66/><N who="3" m="25706" /><G68/><T54/><AGARI ba="0,0" hai="7,11,14,16,18,19,28,30,53,54,55" m="25943" machi="54" ten="30,4000,0" yaku="8,1,52,1,54,1" doraHai="8" who="0" fromWho="0" sc="181,40,233,-10,367,-10,219,-20" owari="221,-18.0,223,2.0,357,46.0,199,-30.0" /></mjloggm>