<mjloggm ver="2.3"><GO type="97" lobby="0"/><UN n0="%E3%82%A6%E3%83%AB%E3%83%88%E3%83%A9%E7%AB%8B%E7%9B%B4" n1="%E3%82%86%E3%81%8B%E3%82%8A%E3%82%93%E3%83%9E%E3%82%B8%E5%A4%A9%E4%BD%BF" n2="%70%75%72%75%33%38%35" n3="%E7%B4%94%E3%82%AB%E3%83%A9%E3%83%AA%E3%83%BC%E3%83%81" dan="15,15,14,15" rate="1962.96,1961.25,1883.41,1992.50" sx="M,M,M,M"/><TAIKYOKU oya="0"/><INIT seed="0,0,0,3,4,33" ten="250,250,250,250" oya="0" hai0="20,134,119,132,72,21,133,85,5,90,40,126,101" hai1="14,63,53,4,22,58,78,64,88,31,16,102,11" hai2="0,83,84,2,73,38,93,56,37,115,82,52,3" hai3="107,57,35,87,1,6,110,111,68,46,70,9,92"/><T100/><D72/><U118/><E118/><V47/><F115/><W24/><G107/><T10/><D119/><U81/><E102/><N who="0" m="39529" /><D40/><U117/><E117/><V116/><F116/><W122/><G122/><T42/><D42/><U135/><E135/><N who="0" m="34561" /><T94/><DORA hai="74" /><D126/><U106/><E106/><V15/><F15/><AGARI ba="0,0" hai="5,10,15,20,21,85,90,94" m="34561,39529" machi="15" ten="40,2000,0" yaku="20,1" doraHai="33,74" who="0" fromWho="2" sc="250,20,250,0,250,-20,250,0" /><INIT seed="0,1,0,2,1,9" ten="270,250,230,250" oya="0" hai0="99,40,21,92,64,42,47,4,28,70,13,60,78" hai1="37,77,118,110,36,38,5,133,100,121,117,135,43" hai2="101,52,116,33,129,55,68,125,62,72,71,130,120" hai3="0,105,15,122,76,27,48,39,90,96,31,14,73"/><T57/><D70/><U126/><E100/><V6/><F33/><W44/><G39/><T131/><D131/><N who="2" m="50186" /><F72/><W95/><G0/><T98/><D78/><U66/><E5/><V86/><F120/><W114/><G114/><T24/><D98/><U26/><E26/><V128/><N who="2" m="50194" /><V97/><DORA hai="108" /><F116/><N who="1" m="44649" /><E121/><V56/><F125/><W25/><G25/><T81/><D81/><U53/><E77/><V20/><F6/><W93/><G105/><T59/><D59/><U127/><E110/><V46/><F86/><W35/><G122/><T32/><D47/><N who="1" m="24039" /><E66/><V134/><F20/><W22/><G35/><T1/><D1/><U12/><E12/><N who="3" m="4650" /><G73/><T79/><D32/><U58/><E38/><V80/><F80/><W51/><G76/><T69/><D79/><U94/><E94/><N who="2" m="58551" /><F134/><N who="1" m="51209" /><E37/><V34/><F34/><W16/><G31/><T29/><D29/><U106/><E106/><V112/><F112/><W113/><G113/><T132/><D132/><U109/><E109/><V102/><F102/><W18/><G95/><T8/><D69/><N who="2" m="26698" /><F46/><W115/><G115/><T10/><D10/><U17/><E17/><V75/><F75/><W61/><G44/><T84/><D84/><U65/><E65/><AGARI ba="1,0" hai="52,55,56,62,65" m="26698,58551,50194" machi="65" ten="40,2600,0" yaku="19,1,54,1" doraHai="9,108" who="2" fromWho="1" sc="270,0,250,-29,230,29,250,0" /><INIT seed="1,0,0,1,3,38" ten="270,221,259,250" oya="1" hai0="41,36,50,51,31,2,53,117,7,128,118,17,134" hai1="105,16,97,132,21,44,104,100,67,32,6,85,48" hai2="82,83,14,81,98,111,47,11,93,65,77,123,62" hai3="73,116,92,121,120,60,69,52,99,95,107,74,59"/><U122/><E122/><V87/><F123/><W94/><G69/><T19/><D36/><U131/><E32/><V103/><F111/><W71/><G71/><T56/><D31/><U18/><E132/><V135/><F135/><W64/><G64/><T79/><D134/><U119/><E119/><V0/><F0/><W45/><G116/><T86/><D2/><U5/><E18/><V113/><F113/><W12/><G74/><T35/><D35/><U3/><E3/><V66/><F66/><W63/><G73/><T55/><D7/><U4/><E67/><V84/><F84/><W1/><G63/><T72/><D72/><U10/><E10/><V40/><F62/><W129/><G129/><T115/><D115/><U20/><E20/><V76/><F65/><W78/><G78/><T34/><D34/><U68/><E68/><V106/><F106/><W125/><G125/><T22/><D128/><U114/><E114/><V46/><F46/><W27/><G45/><N who="0" m="25903" /><D117/><U61/><E61/><V33/><F33/><W88/><G1/><T58/><D22/><U29/><E29/><V30/><F30/><W49/><G107/><T96/><D118/><U127/><E127/><V75/><F75/><W9/><G121/><T108/><D108/><U57/><E131/><V112/><F77/><W15/><G120/><T109/><D109/><U133/><E133/><V80/><F112/><W42/><G9/><T26/><D79/><U126/><E126/><V90/><F76/><W70/><G70/><T24/><D58/><U28/><E104/><V130/><N who="2" m="20992" /><DORA hai="23" /><V25/><F130/><RYUUKYOKU ba="0,0" sc="270,0,221,0,259,0,250,0" /><INIT seed="2,1,0,1,2,124" ten="270,221,259,250" oya="2" hai0="30,114,51,43,45,39,129,90,80,104,64,20,61" hai1="58,100,48,44,35,115,89,60,74,55,4,28,19" hai2="112,93,102,1,8,69,87,120,17,57,84,91,103" hai3="97,110,125,107,7,126,6,29,21,105,23,135,37"/><V50/><F120/><W40/><G110/><T71/><D104/><U92/><E74/><V59/><F69/><W83/><G83/><T13/><D114/><U73/><E73/><V54/><F112/><W121/><G121/><T46/><D90/><U85/><E115/><V131/><F131/><W95/><G40/><N who="0" m="25031" /><D80/><U14/><E4/><V66/><F1/><W65/><G65/><T77/><D13/><U130/><E130/><V10/><F87/><W86/><G37/><T67/><D20/><U75/><E75/><V133/><F133/><W11/><G86/><T76/><D30/><U101/><E28/><V56/><F66/><W42/><G42/><T36/><D77/><U78/><E78/><V2/><F103/><W118/><G29/><T0/><D76/><U25/><E25/><V132/><F132/><W16/><G95/><T127/><D0/><U70/><E35/><V123/><F123/><W32/><G32/><T38/><D129/><U79/><E79/><V24/><F102/><W96/><G135/><T134/><D134/><U68/><E68/><V117/><F117/><W34/><G118/><T109/><D109/><U116/><E70/><V5/><F24/><W88/><G34/><T22/><D127/><U108/><E108/><V62/><F62/><W41/><G126/><T94/><D67/><U119/><E119/><V33/><F33/><W12/><G125/><T47/><D94/><U9/><REACH who="1" step="1"/><E116/><REACH who="1" ten="270,211,259,250" step="2"/><V113/><F113/><W111/><G111/><T53/><D71/><U63/><E63/><V122/><F122/><W82/><G6/><T72/><D61/><RYUUKYOKU ba="1,1" sc="270,-15,211,15,259,15,250,-15" hai1="9,14,19,44,48,55,58,60,85,89,92,100,101" hai2="2,5,8,10,17,50,54,56,57,59,84,91,93" /><INIT seed="2,2,1,1,3,69" ten="255,226,274,235" oya="2" hai0="49,98,96,62,8,64,126,83,79,74,52,22,39" hai1="5,71,121,4,81,21,1,14,125,56,54,101,131" hai2="13,3,73,11,66,88,128,16,59,50,33,123,63" hai3="111,114,29,32,27,127,82,31,108,89,48,0,20"/><V76/><F123/><W104/><G104/><T134/><D126/><U130/><E71/><V9/><F128/><N who="1" m="49193" /><E121/><V34/><F73/><W100/><G127/><T90/><D134/><U17/><E125/><V117/><F76/><W60/><G100/><T26/><D8/><U116/><E116/><V53/><F117/><W109/><G0/><T28/><D90/><U92/><E1/><V129/><F129/><W105/><G105/><T24/><D24/><U42/><E42/><V40/><F40/><W15/><G114/><T85/><D74/><U110/><E110/><V19/><F3/><W72/><G60/><T112/><D112/><U45/><E45/><V7/><F7/><W2/><G2/><T38/><D96/><N who="1" m="59527" /><E81/><V10/><F34/><W57/><G31/><T35/><D98/><U124/><E124/><V113/><F33/><W119/><G119/><T51/><D35/><U132/><E132/><V91/><F113/><W23/><G32/><T107/><D107/><U84/><E84/><V99/><F99/><W77/><G89/><N who="2" m="34377" /><F13/><W55/><G15/><T36/><REACH who="0" step="1"/><D52/><REACH who="0" ten="245,226,274,235" step="2"/><U18/><E18/><V30/><F30/><W25/><G29/><T46/><D46/><AGARI ba="2,2" hai="9,10,11,16,19,46,50,53,59,63,66" m="34377" machi="46" ten="30,5800,0" yaku="8,1,54,2" doraHai="69" who="2" fromWho="0" sc="245,-64,226,0,274,84,235,0" /><INIT seed="2,3,0,5,3,122" ten="181,226,358,235" oya="2" hai0="13,23,94,123,59,76,112,109,127,120,55,14,100" hai1="45,32,35,70,15,37,103,117,67,49,61,106,21" hai2="80,110,125,84,18,83,96,60,98,72,30,99,28" hai3="38,105,130,132,50,68,133,101,129,108,51,12,54"/><V44/><F125/><W113/><G105/><T119/><D112/><U75/><E75/><V92/><F60/><W41/><G101/><T1/><D1/><U46/><E117/><V115/><F115/><W34/><G34/><T22/><D127/><U78/><E78/><V10/><F44/><N who="3" m="23607" /><G12/><T31/><D76/><U16/><E37/><V26/><F72/><W81/><G81/><T79/><D79/><U74/><E74/><V71/><F92/><W135/><G113/><T62/><D119/><U91/><E46/><V5/><F18/><W114/><G114/><T97/><D31/><U121/><E121/><V102/><F102/><W85/><G85/><T82/><D82/><U29/><E29/><V24/><F84/><W87/><G87/><T65/><D120/><U8/><E8/><V25/><F10/><W19/><G19/><T124/><D123/><U86/><E103/><V73/><F5/><W107/><G107/><T64/><D124/><U42/><E106/><V47/><F73/><W33/><G33/><T111/><D14/><U89/><E89/><V134/><F83/><AGARI ba="3,0" hai="15,16,21,32,35,42,45,49,61,67,70,83,86,91" machi="83" ten="30,2000,0" yaku="7,1,54,1" doraHai="122" who="1" fromWho="2" sc="181,0,226,29,358,-29,235,0" /><INIT seed="3,0,0,0,1,24" ten="181,255,329,235" oya="3" hai0="44,118,68,116,52,58,27,46,11,65,21,54,50" hai1="94,125,59,96,0,92,37,17,83,34,99,20,77" hai2="72,109,86,101,133,19,81,87,2,98,113,130,35" hai3="55,47,43,78,25,32,49,111,7,5,100,108,15"/><W82/><G100/><T10/><D68/><U79/><E0/><V60/><F113/><W57/><G32/><T93/><D116/><U115/><E125/><V135/><F130/><W80/><G25/><T26/><D118/><U74/><E77/><V40/><F109/><N who="3" m="42059" /><G15/><T131/><D131/><U14/><E37/><V90/><F2/><W69/><G69/><T31/><D93/><U105/><E105/><V6/><F6/><N who="3" m="2059" /><G78/><T23/><D65/><U76/><E76/><V103/><F35/><W110/><N who="3" m="42067" /><W97/><DORA hai="22" /><G97/><T132/><D132/><U128/><E128/><V112/><F112/><W56/><G56/><T91/><D91/><U89/><E34/><V66/><F40/><W67/><G67/><T122/><D122/><U75/><E115/><V62/><F98/><W73/><G73/><T36/><D36/><AGARI ba="0,0" hai="36,43,47,49,55,57,80,82" m="2059,42067" machi="36" ten="40,3900,0" yaku="14,1,10,1" doraHai="24,22" who="3" fromWho="0" sc="181,-39,255,0,329,0,235,39" /><INIT seed="3,1,0,2,0,132" ten="142,255,329,274" oya="3" hai0="118,55,124,6,86,4,53,101,100,68,16,129,87" hai1="117,51,7,42,99,15,0,45,33,130,14,103,44" hai2="75,19,9,81,84,63,1,41,110,67,131,88,105" hai3="27,128,31,8,73,25,114,57,60,89,22,93,40"/><W65/><G114/><T29/><D68/><U125/><E125/><V3/><F131/><W64/><G128/><T111/><D129/><U34/><E130/><V72/><F105/><W10/><G73/><T96/><D96/><U107/><E117/><V104/><F104/><W127/><G127/><T66/><D118/><U24/><E34/><V121/><F121/><W123/><G123/><T134/><D111/><U39/><E33/><V77/><F110/><W106/><G106/><T102/><D134/><U108/><E108/><V109/><F109/><W18/><G40/><T17/><D66/><U69/><E69/><V59/><F72/><W71/><G71/><T11/><D11/><U21/><E7/><N who="0" m="2601" /><D29/><U95/><E0/><V115/><F115/><W120/><G120/><T126/><D124/><U83/><E83/><V70/><F70/><W94/><G65/><T12/><D12/><U36/><E36/><V5/><F41/><W78/><G10/><T62/><D62/><U92/><E107/><V116/><F116/><W79/><G8/><T35/><D35/><U112/><E112/><V26/><F26/><W97/><G27/><T58/><D58/><U20/><E20/><V48/><F19/><N who="0" m="7242" /><D126/><U47/><E15/><V135/><F3/><W38/><G38/><T23/><D23/><U30/><E14/><V76/><F135/><W74/><G74/><T85/><AGARI ba="1,0" hai="53,55,85,86,87,100,101,102" m="7242,2601" machi="85" ten="40,8000,1" yaku="28,2,8,1,54,1" doraHai="132" who="0" fromWho="0" sc="142,83,255,-21,329,-21,274,-41" owari="225,-27.0,234,3.0,308,41.0,233,-17.0" /></mjloggm>