<mjloggm ver="2.3"><GO type="97" lobby="0"/><UN n0="%E3%82%A6%E3%83%AB%E3%83%88%E3%83%A9%E7%AB%8B%E7%9B%B4" n1="%42%46%41" n2="%E3%83%91%E3%83%81%E3%83%A3%E3%83%94" n3="%73%6F%75%73%6F%75%36%37" dan="15,13,15,14" rate="1986.82,1884.56,1951.05,1895.52" sx="M,M,M,M"/><TAIKYOKU oya="0"/><INIT seed="0,0,0,4,4,27" ten="250,250,250,250" oya="0" hai0="72,76,89,54,128,123,5,66,61,16,105,1,48" hai1="96,11,44,53,120,106,43,46,9,13,95,133,85" hai2="90,31,3,32,126,81,82,70,118,19,134,129,33" hai3="55,110,101,124,38,132,94,107,109,39,42,73,62"/><T88/><D123/><U50/><E120/><V99/><F70/><W28/><G107/><T51/><D105/><U135/><E106/><V108/><F3/><W59/><G73/><T8/><D128/><U56/><E85/><V93/><F118/><W52/><G132/><T115/><D115/><U30/><E44/><V25/><F129/><W86/><G124/><T78/><D51/><U65/><E65/><V102/><F134/><W74/><G74/><T63/><D16/><U47/><E47/><V75/><F126/><W131/><G131/><T37/><D37/><U41/><E41/><V119/><F119/><W60/><G28/><T29/><D29/><U114/><E114/><V100/><F108/><N who="3" m="41579" /><G42/><T113/><D113/><U35/><E13/><V0/><F0/><W6/><G6/><T36/><D36/><U4/><E4/><V112/><F33/><W77/><G77/><T127/><D127/><U20/><E35/><V15/><F112/><W18/><G18/><T79/><D72/><U21/><E21/><V22/><F75/><W104/><G104/><T117/><D117/><U24/><E135/><V80/><AGARI ba="0,0" hai="15,19,22,25,31,32,80,81,82,90,93,99,100,102" machi="80" ten="30,2000,0" yaku="0,1,52,1" doraHai="27" who="2" fromWho="2" sc="250,-10,250,-5,250,20,250,-5" /><INIT seed="1,0,0,2,0,11" ten="240,245,270,245" oya="1" hai0="1,114,76,75,117,133,74,60,86,10,132,55,72" hai1="93,88,127,77,43,31,67,61,130,33,66,119,58" hai2="18,84,37,129,71,85,2,62,50,123,21,95,51" hai3="80,98,82,45,28,69,131,103,17,22,7,135,63"/><U13/><E119/><V83/><F37/><W100/><G28/><T41/><D41/><U128/><E43/><V12/><F2/><W134/><G7/><T9/><D1/><U6/><E77/><V78/><F123/><W106/><G103/><T5/><D5/><U115/><E115/><V35/><F35/><W89/><G45/><T23/><D23/><U79/><E79/><V54/><F129/><N who="1" m="49769" /><E33/><V126/><F126/><W56/><G89/><T32/><D32/><U34/><E67/><V27/><F71/><W38/><G69/><T110/><D117/><U94/><E94/><V20/><F62/><W116/><G38/><T14/><D114/><U46/><E46/><V102/><F54/><W44/><G44/><T3/><D55/><U24/><E127/><V73/><F73/><W36/><G36/><T97/><D75/><U99/><E6/><V52/><F51/><W111/><G116/><T59/><D74/><U53/><E66/><V19/><F85/><W39/><G39/><T91/><D72/><U49/><E61/><V105/><F105/><W109/><G131/><T81/><D60/><U101/><E101/><V42/><F42/><W92/><G106/><T29/><D59/><U57/><E57/><N who="2" m="32919" /><F102/><W124/><G124/><T64/><D64/><U16/><E16/><N who="2" m="10247" /><F95/><W90/><G63/><T68/><D68/><U125/><E125/><V108/><F108/><N who="3" m="41547" /><G56/><T25/><D110/><U104/><E104/><V8/><F8/><W87/><G80/><T70/><D10/><U118/><E118/><V107/><F107/><W113/><G113/><T96/><D70/><RYUUKYOKU ba="0,0" sc="240,-30,245,10,270,10,245,10" hai1="13,24,31,34,49,53,58,88,93,99" hai2="18,19,21,27,78,83,84" hai3="17,22,82,87,90,92,98,100,134,135" /><INIT seed="1,1,0,2,2,54" ten="210,255,280,255" oya="1" hai0="50,135,33,120,29,89,10,130,18,64,58,98,82" hai1="68,41,83,56,73,103,99,131,37,32,78,74,51" hai2="8,24,92,134,84,4,40,115,129,71,85,11,128" hai3="117,44,107,15,60,57,133,101,75,59,114,67,104"/><U63/><E32/><V123/><F123/><W96/><G75/><T25/><D120/><U108/><E131/><V112/><F71/><W97/><G114/><N who="2" m="43561" /><F134/><W116/><G44/><T94/><D130/><N who="2" m="50282" /><F40/><W13/><G133/><T127/><D127/><U43/><E74/><V52/><F92/><W86/><G86/><N who="2" m="33385" /><F4/><W35/><G35/><T118/><D118/><N who="3" m="45673" /><G67/><T122/><D122/><U5/><E68/><V91/><F91/><W6/><G60/><T20/><D135/><U109/><E5/><V79/><F79/><W28/><G28/><T34/><D82/><U19/><E37/><V105/><F105/><W100/><G6/><T121/><D121/><U49/><E43/><V80/><F80/><W125/><G125/><T46/><D34/><U119/><E41/><V95/><F95/><W53/><G53/><T14/><D33/><U106/><E119/><V17/><F24/><W124/><G124/><T23/><D46/><U132/><E132/><V69/><F69/><W38/><G38/><T76/><D76/><U93/><E106/><V70/><F70/><W113/><G113/><T72/><D72/><U90/><E90/><V16/><F52/><W47/><G47/><T26/><D64/><U66/><E19/><AGARI ba="1,0" hai="8,11,16,17,19" m="33385,50282,43561" machi="19" ten="40,8000,1" yaku="28,2,11,1,19,1,54,1" doraHai="54" who="2" fromWho="1" sc="210,0,255,-83,280,83,255,0" /><INIT seed="2,0,0,1,5,135" ten="210,172,363,255" oya="2" hai0="73,37,127,9,77,130,55,16,67,68,106,105,41" hai1="82,17,94,129,84,126,31,119,29,102,86,90,3" hai2="52,93,121,110,85,71,24,53,46,78,57,100,87" hai3="51,99,120,21,58,35,40,80,60,33,7,43,42"/><V79/><F71/><W96/><G120/><T115/><D115/><U30/><E119/><V49/><F121/><W0/><G51/><T36/><D77/><U108/><E3/><V12/><F110/><W91/><G35/><T23/><D73/><U59/><E108/><V133/><F133/><W118/><G33/><T116/><D9/><U107/><E107/><V54/><F24/><W6/><G118/><T32/><D32/><U123/><E123/><V50/><F54/><N who="3" m="33879" /><G21/><T18/><D67/><U47/><E129/><V61/><F61/><W75/><G75/><T74/><D68/><U39/><E59/><V92/><F100/><W70/><G70/><T131/><D74/><U10/><E39/><V109/><F109/><W26/><G26/><T66/><D66/><U34/><E34/><V28/><F28/><W101/><G0/><T25/><D55/><U113/><E113/><V64/><F64/><W134/><G134/><T89/><D25/><U5/><E102/><V103/><F103/><W114/><G114/><T81/><D23/><U122/><E122/><V97/><F12/><W98/><G101/><T62/><D62/><U125/><E17/><V132/><F132/><W38/><G38/><T111/><D116/><U63/><E63/><V2/><F2/><W117/><G117/><T112/><D111/><U56/><E56/><V104/><F104/><W76/><G76/><T8/><D112/><U45/><E5/><V95/><F97/><W72/><G72/><T27/><D105/><U128/><E128/><V14/><F14/><W48/><G48/><T20/><D131/><RYUUKYOKU ba="0,0" sc="210,-15,172,-15,363,15,255,15" hai2="46,49,50,52,53,57,78,79,85,87,92,93,95" hai3="6,7,40,42,43,80,91,96,98,99" /><INIT seed="2,1,0,5,2,81" ten="195,157,378,270" oya="2" hai0="62,50,63,119,23,68,29,1,33,75,60,129,108" hai1="26,134,73,12,38,117,16,88,36,105,91,28,121" hai2="56,47,25,14,66,34,24,101,48,133,20,131,10" hai3="4,94,106,85,0,15,32,67,58,2,7,55,49"/><V27/><F133/><W54/><G32/><T100/><D1/><U44/><E105/><V86/><F131/><W35/><G35/><T9/><D75/><U6/><E73/><V40/><F101/><W120/><G120/><T31/><D129/><U52/><E134/><V132/><F132/><W71/><G106/><T77/><D33/><U130/><E117/><V124/><F34/><W125/><G125/><T37/><D37/><U13/><E121/><V17/><F124/><W78/><G71/><T107/><D68/><U65/><E65/><V98/><F98/><W114/><G114/><T80/><D108/><U127/><E127/><V89/><F66/><W135/><G135/><T45/><D119/><U51/><E38/><V109/><F56/><W11/><G67/><T102/><D9/><N who="1" m="4151" /><E36/><V128/><F128/><W61/><G4/><T18/><D107/><U115/><E115/><V103/><F103/><W64/><G64/><T97/><D102/><U70/><E70/><V19/><F109/><W57/><REACH who="3" step="1"/><G94/><AGARI ba="1,0" hai="10,14,17,19,20,24,25,27,40,47,48,86,89,94" machi="94" ten="30,5800,0" yaku="7,1,8,1,52,1" doraHai="81" who="2" fromWho="3" sc="195,0,157,0,378,61,270,-61" /><INIT seed="2,2,0,1,5,71" ten="195,157,439,209" oya="2" hai0="8,34,97,126,123,14,92,89,19,119,27,44,52" hai1="64,13,22,9,11,2,135,94,99,65,110,31,26" hai2="81,115,20,121,125,127,108,122,61,86,80,55,50" hai3="77,128,109,117,57,113,79,118,105,102,87,41,88"/><V0/><F0/><W58/><G41/><T45/><D123/><U7/><E135/><V56/><F115/><W28/><G28/><T60/><D126/><U39/><E110/><V72/><F108/><W40/><G40/><T103/><D119/><N who="3" m="45577" /><G57/><N who="0" m="34855" /><D34/><U42/><E42/><V33/><F33/><W130/><G58/><T66/><D66/><U17/><E65/><V3/><F3/><W114/><G109/><T5/><D103/><U51/><E51/><V133/><F61/><W111/><G111/><T112/><D112/><N who="3" m="43113" /><G102/><T67/><D67/><U78/><E78/><N who="3" m="29706" /><G105/><T73/><D73/><U96/><E64/><V76/><F72/><W129/><G87/><T15/><D27/><U37/><E99/><V47/><F86/><W62/><G62/><T124/><D124/><U101/><AGARI ba="2,0" hai="2,7,9,11,13,17,22,26,31,37,39,94,96,101" machi="101" ten="20,5200,0" yaku="0,1,7,1,52,2" doraHai="71" who="1" fromWho="1" sc="195,-15,157,58,439,-28,209,-15" /><INIT seed="3,0,0,3,1,126" ten="180,215,411,194" oya="3" hai0="101,46,75,1,97,132,125,19,53,18,127,28,42" hai1="63,58,87,73,35,16,105,86,7,2,20,51,56" hai2="41,43,103,114,11,134,13,77,98,52,47,80,44" hai3="121,49,78,32,82,66,15,65,106,6,129,122,50"/><W124/><G106/><N who="0" m="63791" /><D75/><U22/><E105/><V85/><F114/><W72/><G32/><T39/><D28/><U99/><E73/><V26/><F134/><W69/><G124/><N who="0" m="47691" /><D1/><U113/><E113/><V67/><F67/><W57/><G69/><T117/><D117/><U104/><E35/><V119/><F119/><W93/><G129/><T59/><D132/><U61/><E2/><V102/><F26/><W130/><G130/><T71/><D71/><U88/><E7/><V89/><F52/><W133/><G133/><T84/><D84/><U23/><E104/><V123/><F123/><W76/><G93/><T92/><D92/><N who="1" m="56711" /><E51/><V62/><F62/><N who="1" m="23561" /><E16/><N who="0" m="6185" /><D59/><AGARI ba="0,0" hai="20,22,23,56,58,59,86,87" m="23561,56711" machi="59" ten="30,2000,0" yaku="8,1,54,1" doraHai="126" who="1" fromWho="0" sc="180,-20,215,20,411,0,194,0" owari="160,-34.0,235,4.0,411,51.0,194,-21.0" /></mjloggm>