<mjloggm ver="2.3"><GO type="169" lobby="0"/><UN n0="%E6%9C%88%E5%8D%83%E4%B8%80%E5%A4%9C" n1="%E3%82%A6%E3%83%AB%E3%83%88%E3%83%A9%E7%AB%8B%E7%9B%B4" n2="%46%55%4A%49%4F" n3="%E5%A4%96%E9%81%93" dan="16,17,16,16" rate="2134.13,2071.54,2060.27,2042.84" sx="F,M,M,F"/><TAIKYOKU oya="0"/><INIT seed="0,0,0,0,1,79" ten="250,250,250,250" oya="0" hai0="108,129,92,55,21,35,66,4,61,88,78,94,69" hai1="12,82,116,10,37,95,131,38,68,128,112,106,83" hai2="28,6,84,44,46,50,130,25,65,5,109,54,22" hai3="26,34,60,105,134,31,11,19,117,41,77,63,39"/><T71/><D35/><U64/><E106/><V98/><F109/><W86/><G117/><T32/><D32/><U102/><E116/><V14/><F130/><N who="1" m="49705" /><E112/><V133/><F133/><W93/><G105/><T101/><D129/><U73/><E73/><V70/><F98/><W8/><G8/><T89/><D69/><U51/><E51/><V45/><F65/><W24/><G41/><T53/><D4/><U7/><E95/><V132/><F70/><W114/><G39/><N who="1" m="14858" /><E102/><V33/><F132/><W36/><G36/><T87/><D101/><U67/><E67/><V119/><F119/><W126/><G114/><T91/><D108/><U111/><E111/><V9/><F5/><W43/><G43/><T1/><D1/><U58/><E58/><V97/><F97/><W110/><G93/><T49/><D55/><U80/><E64/><V23/><REACH who="2" step="1"/><F84/><REACH who="2" ten="250,250,240,250" step="2"/><W120/><G86/><T99/><D99/><U113/><E113/><V90/><F90/><W62/><G134/><T115/><D115/><U27/><E68/><V100/><F100/><W47/><G110/><T16/><D87/><U2/><E27/><V104/><F104/><W29/><G26/><T103/><D103/><U72/><E72/><V59/><AGARI ba="0,1" hai="6,9,14,22,23,25,28,33,44,45,46,50,54,59" machi="59" ten="30,2000,0" yaku="1,1,0,1,53,0" doraHai="79" doraHaiUra="96" who="2" fromWho="2" sc="250,-10,250,-5,240,30,250,-5" /><INIT seed="1,0,0,4,5,27" ten="240,245,270,245" oya="1" hai0="115,8,81,86,13,129,6,127,5,77,11,24,118" hai1="114,49,135,17,60,109,36,80,67,92,29,100,43" hai2="102,103,7,124,107,133,20,82,62,48,78,68,122" hai3="88,47,75,105,32,73,94,31,34,116,113,51,15"/><U55/><E114/><V90/><F122/><W40/><G105/><T9/><D115/><U101/><E135/><V134/><F124/><W46/><G113/><T108/><D118/><U57/><E109/><V2/><F48/><W45/><G45/><T97/><D108/><U42/><E80/><V21/><F62/><W96/><G116/><T70/><D70/><U26/><E17/><V93/><F68/><W65/><G65/><T41/><D129/><U23/><E36/><V52/><F7/><W14/><G34/><T33/><D127/><U59/><E101/><V39/><F39/><W44/><G44/><T54/><D41/><U61/><REACH who="1" step="1"/><E49/><REACH who="1" ten="240,235,270,245" step="2"/><V72/><F102/><W30/><G75/><T16/><D16/><U125/><E125/><V99/><F103/><W0/><G73/><T84/><D81/><U106/><E106/><V104/><F107/><W3/><G51/><T128/><D6/><U58/><E58/><V53/><F104/><W19/><G19/><T89/><D5/><U10/><E10/><V119/><F119/><W132/><G132/><N who="2" m="50793" /><F2/><W117/><G117/><T74/><D74/><U76/><E76/><V120/><F120/><W87/><G3/><T28/><D77/><U71/><E71/><V35/><F82/><N who="3" m="49271" /><G0/><T18/><D9/><U95/><E95/><V91/><F78/><W130/><G94/><N who="0" m="56527" /><D11/><U4/><E4/><V63/><F72/><W83/><G83/><T123/><D123/><U38/><E38/><V25/><F93/><W1/><G1/><T37/><D37/><U110/><E110/><V85/><F91/><W98/><G47/><RYUUKYOKU ba="0,1" sc="240,-10,235,30,270,-10,245,-10" hai1="23,26,29,42,43,55,57,59,60,61,67,92,100" /><INIT seed="1,1,1,5,3,76" ten="230,265,260,235" oya="1" hai0="54,106,70,4,128,102,75,77,55,71,130,40,41" hai1="82,60,125,21,101,119,111,1,96,20,78,42,97" hai2="65,5,53,30,47,35,122,17,89,56,104,26,33" hai3="114,43,109,23,127,98,38,112,131,29,85,57,51"/><U100/><E1/><V107/><F122/><W79/><G38/><T12/><D106/><U49/><E119/><V24/><F5/><W134/><G98/><T66/><D102/><U11/><E11/><V67/><F47/><W48/><G57/><T93/><D4/><U28/><E125/><V27/><F89/><W52/><G79/><T62/><D93/><U115/><E115/><V50/><F17/><W0/><G0/><T99/><D12/><U32/><E32/><V39/><F39/><W124/><G43/><N who="0" m="16459" /><D99/><U132/><E132/><V126/><F126/><W10/><G10/><T6/><D77/><U46/><E111/><V72/><F72/><W116/><G85/><T108/><D6/><U87/><E60/><V88/><F88/><W14/><G14/><T110/><D75/><U13/><E13/><V25/><REACH who="2" step="1"/><F35/><REACH who="2" ten="230,265,250,235" step="2"/><W91/><G91/><T92/><D108/><U94/><REACH who="1" step="1"/><E28/><REACH who="1" ten="230,255,250,235" step="2"/><V63/><F63/><W2/><G29/><T8/><D62/><U45/><E45/><V135/><F135/><W59/><G109/><T58/><D110/><U44/><E44/><V69/><F69/><W61/><G134/><T90/><D71/><U19/><E19/><V133/><F133/><W64/><G124/><T118/><D70/><U7/><E7/><V80/><F80/><W31/><G127/><T95/><D8/><U105/><AGARI ba="1,3" hai="20,21,42,46,49,78,82,87,94,96,97,100,101,105" machi="105" ten="20,12000,1" yaku="1,1,0,1,7,1,52,1,53,1" doraHai="76" doraHaiUra="81" who="1" fromWho="1" sc="230,-41,255,153,250,-41,235,-41" /><INIT seed="1,2,0,4,3,4" ten="189,408,209,194" oya="1" hai0="26,52,127,84,32,101,42,102,108,29,62,113,63" hai1="48,18,41,35,37,117,111,100,10,50,47,20,73" hai2="89,45,119,33,17,56,23,46,0,7,110,112,11" hai3="86,92,66,135,72,31,103,14,130,58,121,134,28"/><U93/><E35/><V67/><F119/><W107/><G72/><T36/><D108/><U39/><E73/><V96/><F33/><W21/><G121/><T123/><D113/><U25/><E117/><V115/><F110/><W87/><G107/><T3/><D127/><U40/><E111/><V53/><F67/><W8/><G130/><T60/><D3/><U78/><E78/><V91/><F89/><W5/><G87/><T116/><D116/><U54/><E93/><V105/><F91/><W2/><G2/><T68/><D68/><U90/><E90/><V44/><F96/><N who="3" m="59783" /><G86/><T133/><D133/><N who="3" m="50697" /><G21/><T71/><D71/><U109/><E100/><V88/><F88/><W27/><G27/><T55/><D123/><U120/><E120/><V64/><F105/><W124/><G124/><T132/><D132/><U126/><E126/><V38/><F38/><W76/><G76/><T97/><D84/><U114/><E114/><N who="2" m="43563" /><F64/><W59/><G66/><T129/><D129/><U122/><E122/><V1/><F1/><W85/><G85/><T98/><D101/><U95/><E109/><V106/><F106/><W131/><G131/><T16/><D102/><U125/><E95/><V15/><F44/><W43/><G43/><T75/><D75/><U34/><E41/><V19/><F19/><W13/><G13/><T49/><D16/><N who="1" m="12423" /><E125/><V9/><F9/><W83/><G83/><T51/><D36/><U22/><E34/><V57/><F57/><AGARI ba="2,0" hai="5,8,14,28,31,57,58,59" m="50697,59783" machi="57" ten="30,2000,0" yaku="20,1,52,1" doraHai="4" who="3" fromWho="2" sc="189,0,408,0,209,-26,194,26" /><INIT seed="2,0,0,1,1,120" ten="189,408,183,220" oya="2" hai0="116,63,1,23,114,3,56,127,128,65,84,111,5" hai1="129,28,39,135,42,50,105,103,17,8,94,27,11" hai2="70,96,10,35,124,78,2,118,46,45,119,58,20" hai3="64,15,72,79,131,36,62,52,100,92,59,30,101"/><V44/><F35/><W24/><G36/><T38/><D114/><U76/><E105/><V97/><F78/><W81/><G131/><T109/><D128/><U87/><E39/><V53/><F70/><W19/><G92/><T0/><D38/><U71/><E71/><V80/><F80/><W49/><G19/><T6/><D127/><U108/><E135/><V98/><F124/><W21/><REACH who="3" step="1"/><G15/><REACH who="3" ten="189,408,183,210" step="2"/><T57/><D116/><U25/><E17/><V48/><REACH who="2" step="1"/><F20/><REACH who="2" ten="189,408,173,210" step="2"/><W37/><G37/><T132/><D23/><N who="1" m="15423" /><E129/><V122/><F122/><W126/><G126/><T12/><D132/><U16/><E11/><V99/><N who="2" m="24576" /><DORA hai="4" /><V115/><F115/><W107/><G107/><T104/><D104/><U69/><E8/><V55/><F55/><W125/><G125/><T77/><D0/><U117/><E69/><AGARI ba="0,2" hai="21,24,30,49,52,59,62,64,69,72,79,81,100,101" machi="69" ten="30,8000,1" yaku="1,1,7,1,54,1,53,2" doraHai="120,4" doraHaiUra="18,60" who="3" fromWho="1" sc="189,0,408,-80,173,0,210,100" /><INIT seed="3,0,0,4,5,53" ten="189,328,173,310" oya="3" hai0="126,49,77,89,130,117,76,47,19,132,107,113,74" hai1="8,4,6,110,111,28,103,128,94,131,72,36,10" hai2="60,85,39,115,45,66,20,105,118,46,42,100,97" hai3="58,13,11,78,99,102,101,120,96,81,93,59,21"/><W119/><G119/><T69/><D117/><U133/><E94/><V48/><F118/><W27/><G120/><T1/><D69/><U90/><E90/><V71/><F115/><W22/><G99/><T95/><D107/><U104/><E103/><V16/><F85/><N who="3" m="48311" /><G102/><T82/><D1/><N who="1" m="15" /><E72/><V23/><REACH who="2" step="1"/><F16/><REACH who="2" ten="189,328,163,310" step="2"/><N who="3" m="12711" /><G22/><T44/><D19/><AGARI ba="0,1" hai="11,13,19,58,59,93,96,101" m="12711,48311" machi="19" ten="30,11600,0" yaku="8,1,52,2,54,1" doraHai="53" who="3" fromWho="0" sc="189,-116,328,0,163,0,310,126" /><INIT seed="3,1,0,4,3,18" ten="73,328,163,436" oya="3" hai0="11,47,121,74,84,59,66,1,49,8,33,55,37" hai1="96,58,88,29,46,53,103,50,54,116,118,15,40" hai2="108,5,109,122,73,105,22,107,21,71,117,69,78" hai3="65,120,79,113,17,24,111,28,56,67,39,134,89"/><W9/><G120/><T119/><D121/><U135/><E135/><V68/><F122/><W4/><G39/><T48/><D119/><U87/><E54/><V38/><F38/><W32/><G113/><T61/><D74/><U57/><E57/><V60/><F5/><W124/><G79/><T45/><D33/><U104/><E29/><V110/><F60/><W7/><G7/><T27/><D37/><U82/><REACH who="1" step="1"/><E15/><REACH who="1" ten="73,318,163,436" step="2"/><V97/><F117/><W10/><G134/><T80/><D1/><U64/><E64/><V86/><F73/><W42/><G56/><T75/><D75/><U14/><E14/><V93/><F107/><W25/><G67/><T106/><D106/><U115/><E115/><V85/><F105/><W102/><G65/><T90/><REACH who="0" step="1"/><D27/><REACH who="0" ten="63,318,163,436" step="2"/><U41/><E41/><AGARI ba="1,2" hai="8,11,41,45,47,48,49,55,59,61,66,80,84,90" machi="41" ten="30,7700,0" yaku="1,1,2,1,7,1,8,1,53,0" doraHai="18" doraHaiUra="12" who="0" fromWho="1" sc="63,100,318,-80,163,0,436,0" /><INIT seed="4,0,0,4,0,16" ten="163,238,163,436" oya="0" hai0="93,110,96,106,3,38,126,79,91,32,33,88,31" hai1="22,20,98,128,13,50,129,42,85,113,23,34,67" hai2="14,134,6,84,19,133,77,108,26,95,12,63,105" hai3="46,24,29,100,2,89,4,44,5,76,97,127,125"/><T18/><D38/><U82/><E34/><V17/><F108/><W54/><G76/><T59/><D106/><U60/><E98/><V103/><F105/><W107/><G89/><T36/><D36/><U124/><E124/><V117/><F117/><W130/><G130/><N who="1" m="50282" /><E113/><V116/><F116/><W28/><G28/><T70/><D70/><N who="1" m="42343" /><E50/><V86/><F63/><W40/><G54/><T81/><D126/><U66/><E66/><V72/><F72/><W120/><G120/><T47/><D110/><U101/><E101/><V78/><F26/><W114/><G114/><T39/><D3/><U115/><E42/><V112/><F112/><W118/><G118/><T64/><D91/><N who="1" m="51639" /><E115/><V45/><F6/><W109/><G5/><T123/><D123/><U90/><E90/><V61/><F61/><W102/><G102/><T119/><D119/><U30/><E13/><V99/><F45/><W121/><G4/><T87/><D64/><U56/><E56/><V11/><F78/><W83/><G109/><T75/><D59/><U8/><E8/><V111/><F111/><W122/><G83/><T65/><D65/><U68/><E68/><V1/><F1/><W43/><G2/><T104/><D47/><U71/><E71/><V135/><REACH who="2" step="1"/><F77/><REACH who="2" ten="163,238,153,436" step="2"/><W94/><G107/><T69/><D104/><U80/><E80/><V62/><F62/><W49/><G122/><T27/><D69/><U37/><E37/><V74/><F74/><W131/><G121/><T41/><D75/><U52/><E52/><V55/><F55/><W10/><G125/><T57/><D39/><U0/><E0/><RYUUKYOKU ba="0,1" sc="163,-15,238,15,153,15,436,-15" hai1="20,22,23,30" hai2="11,12,14,17,19,84,86,95,99,103,133,134,135" /><INIT seed="5,1,1,5,5,53" ten="148,253,168,421" oya="1" hai0="81,67,71,82,113,10,86,55,24,85,89,134,93" hai1="102,54,64,40,16,90,18,100,11,1,125,6,96" hai2="3,110,38,0,47,31,48,58,9,57,51,43,105" hai3="61,65,87,15,94,77,79,84,91,60,121,30,135"/><U17/><E125/><V75/><F110/><W117/><G121/><T116/><D116/><U112/><E112/><V73/><F105/><W92/><G30/><T74/><D113/><U49/><E64/><V99/><F31/><W42/><G42/><T41/><D134/><U22/><E40/><V128/><F128/><W97/><G135/><T68/><D41/><U13/><E90/><V72/><F99/><W39/><G39/><T52/><D74/><U83/><E83/><V35/><F35/><W106/><G106/><T19/><D93/><U28/><E28/><V95/><F95/><W66/><G15/><T45/><D67/><U36/><E36/><V29/><F29/><W88/><G97/><T20/><D10/><U80/><E80/><V46/><F38/><W103/><G103/><T56/><D45/><U34/><E34/><V127/><F127/><W44/><G44/><T126/><D55/><U25/><E1/><V2/><REACH who="2" step="1"/><F9/><REACH who="2" ten="148,253,158,421" step="2"/><W109/><G109/><T120/><D126/><U59/><E102/><V132/><F132/><W108/><G108/><T50/><REACH who="0" step="1"/><D120/><REACH who="0" ten="138,253,158,421" step="2"/><U12/><E25/><V122/><F122/><W33/><G33/><T32/><D32/><U133/><E133/><V78/><F78/><AGARI ba="1,3" hai="19,20,24,50,52,56,68,71,78,81,82,85,86,89" machi="78" ten="30,8000,1" yaku="1,1,7,1,52,1,54,1,53,1" doraHai="53" doraHaiUra="23" who="0" fromWho="2" sc="138,113,253,0,158,-83,421,0" /><INIT seed="6,0,0,0,2,68" ten="251,253,75,421" oya="2" hai0="126,135,54,119,30,87,21,38,27,96,51,67,18" hai1="73,123,78,57,120,104,56,64,55,71,94,35,4" hai2="112,2,74,41,130,46,7,65,82,89,129,28,133" hai3="20,122,85,26,40,9,106,8,39,75,60,100,128"/><V98/><F112/><W33/><G75/><T0/><D126/><U63/><E104/><V110/><F133/><W48/><G33/><T80/><D0/><U12/><E35/><V107/><F65/><W59/><G48/><T124/><D124/><U49/><E78/><V117/><F117/><W115/><G85/><T72/><D38/><U66/><E73/><V43/><F41/><W34/><G34/><T121/><D72/><U125/><E94/><V19/><F19/><W62/><G128/><N who="2" m="49257" /><F110/><W44/><G62/><T116/><D121/><N who="1" m="46667" /><E125/><V42/><F28/><W37/><G37/><T1/><D1/><U90/><E90/><V114/><F114/><W3/><G3/><T14/><D67/><N who="1" m="39407" /><E71/><V6/><F43/><W36/><G115/><T88/><D135/><U118/><E118/><V127/><F127/><W16/><G122/><T24/><D96/><U69/><E69/><V17/><F17/><W134/><G40/><T92/><D92/><U108/><E108/><V70/><F70/><W5/><G16/><T83/><D80/><U91/><E91/><V93/><F107/><W132/><G106/><T99/><D99/><U95/><E95/><V76/><F2/><W47/><G134/><T109/><D109/><U50/><E4/><V10/><F10/><W15/><G5/><T13/><D116/><U113/><E113/><V81/><F81/><W101/><G8/><T79/><D119/><U25/><E25/><V86/><F74/><W58/><G9/><T105/><D105/><U103/><E12/><V22/><F22/><W52/><G15/><T61/><D14/><RYUUKYOKU ba="0,0" sc="251,-10,253,-10,75,30,421,-10" hai2="6,7,42,46,76,82,86,89,93,98" /><INIT seed="6,1,0,2,3,106" ten="241,243,105,411" oya="2" hai0="119,35,98,78,41,97,40,133,83,26,33,87,128" hai1="77,91,75,79,135,82,110,122,65,11,19,5,51" hai2="105,94,71,36,4,0,125,1,73,109,24,53,95" hai3="100,12,48,134,37,34,31,80,15,47,129,115,89"/><V32/><F105/><W16/><G37/><T10/><D128/><U27/><E110/><V42/><F71/><W103/><G115/><T6/><D133/><U28/><E135/><V39/><F109/><W130/><G134/><T90/><D119/><U107/><E107/><V114/><F114/><W58/><G58/><T38/><D38/><U7/><E65/><V117/><F117/><W67/><G67/><T68/><D68/><U57/><E79/><V85/><F125/><W2/><G2/><T50/><D26/><U84/><E19/><V121/><F121/><W132/><G12/><N who="0" m="5207" /><D41/><U113/><E113/><V66/><F66/><W93/><G80/><T88/><D97/><U9/><E122/><V43/><F53/><N who="3" m="29855" /><G31/><T18/><D18/><U61/><E61/><V59/><F59/><W52/><G52/><T126/><D126/><U112/><E112/><V64/><F64/><W54/><G54/><T22/><D22/><U101/><E57/><V69/><F69/><W116/><G34/><N who="0" m="12811" /><D98/><U72/><E51/><V17/><F32/><W123/><G116/><T20/><D20/><N who="1" m="15463" /><E101/><V96/><F96/><N who="3" m="57391" /><G123/><T86/><D87/><U120/><E120/><V102/><F85/><W8/><G132/><T62/><D62/><U49/><E49/><V76/><F102/><W13/><G13/><T74/><D74/><N who="1" m="28203" /><E91/><V92/><F39/><W131/><AGARI ba="1,0" hai="8,15,16,100,103,129,130,131" m="57391,29855" machi="131" ten="30,2000,0" yaku="19,1,54,1" doraHai="106" who="3" fromWho="3" sc="241,-6,243,-6,105,-11,411,23" /><INIT seed="7,0,0,2,5,114" ten="235,237,94,434" oya="3" hai0="46,26,98,17,121,101,129,53,94,24,82,95,47" hai1="10,36,74,54,128,21,52,125,68,19,72,112,48" hai2="116,88,69,42,131,133,7,6,37,43,99,14,108" hai3="63,58,127,12,113,117,109,81,90,25,83,85,55"/><W132/><G113/><T80/><D121/><U120/><E36/><V50/><F108/><W115/><G117/><T23/><D129/><U122/><E68/><V32/><F69/><W4/><G132/><T73/><D73/><U51/><E112/><V135/><F32/><W111/><G127/><T105/><D105/><U59/><E10/><V31/><F131/><W61/><G115/><T27/><D94/><U34/><E34/><V89/><F31/><W118/><G118/><T86/><D80/><U96/><E96/><V15/><F116/><W66/><G25/><N who="0" m="14575" /><D53/><U41/><E128/><V16/><F50/><W91/><G61/><T28/><D28/><U18/><E41/><V40/><F37/><W38/><G91/><AGARI ba="0,0" hai="24,26,27,46,47,82,86,91,95,98,101" m="14575" machi="91" ten="30,1000,0" yaku="8,1" doraHai="114" who="0" fromWho="3" sc="235,10,237,0,94,0,434,-10" owari="245,5.0,237,-16.0,94,-41.0,424,52.0" /></mjloggm>