<mjloggm ver="2.3"><GO type="97" lobby="0"/><UN n0="%E7%81%AB%E9%87%8E%E6%98%A0%E5%8F%B8" n1="%E3%82%A6%E3%83%AB%E3%83%88%E3%83%A9%E7%AB%8B%E7%9B%B4" n2="%5A%47%4D%46%2D%58%31%39" n3="%E4%B8%8D%E8%89%AF%4F%4C%E9%BA%97%E7%BE%8E" dan="14,15,13,14" rate="1995.30,2010.30,1811.02,1890.99" sx="M,M,F,F"/><TAIKYOKU oya="0"/><INIT seed="0,0,0,0,0,132" ten="250,250,250,250" oya="0" hai0="40,2,127,102,45,67,125,96,75,128,87,114,5" hai1="13,72,14,71,20,23,69,113,122,88,56,117,74" hai2="84,41,35,82,115,17,89,98,0,27,39,73,25" hai3="50,46,58,90,55,97,10,103,93,18,16,68,26"/><T3/><D114/><U30/><E56/><V60/><F0/><W28/><G68/><T19/><D128/><U44/><E30/><V51/><F115/><W108/><G108/><T32/><D75/><U110/><E44/><V94/><F39/><W37/><G37/><N who="0" m="21647" /><D87/><U48/><E48/><V31/><F35/><W91/><G58/><T95/><D19/><N who="3" m="7209" /><G10/><N who="0" m="2359" /><D3/><U8/><E8/><V119/><F31/><W77/><G77/><T42/><D67/><U111/><E113/><V34/><F119/><W79/><G79/><T135/><D32/><U59/><E59/><V57/><F73/><W53/><G53/><T49/><D49/><U131/><E131/><V109/><F34/><W81/><G81/><T78/><D42/><U64/><E64/><V85/><F109/><W12/><G12/><T43/><D43/><U33/><E33/><V123/><F41/><W134/><G134/><T54/><D54/><U120/><REACH who="1" step="1"/><E88/><REACH who="1" ten="250,240,250,250" step="2"/><N who="3" m="33834" /><G28/><T124/><D135/><U130/><E130/><V107/><F107/><W66/><G66/><T1/><D1/><U105/><E105/><V121/><F123/><W61/><G61/><T80/><D78/><U83/><E83/><AGARI ba="0,1" hai="80,83,95,96,102,124,125,127" m="2359,21647" machi="83" ten="30,11600,0" yaku="18,1,52,3" doraHai="132" who="0" fromWho="1" sc="250,126,240,-116,250,0,250,0" /><INIT seed="0,1,0,5,2,95" ten="376,124,250,250" oya="0" hai0="93,133,17,104,43,0,58,41,37,68,46,71,116" hai1="28,29,48,96,98,6,124,130,114,72,33,55,44" hai2="103,26,54,64,69,50,80,109,10,84,52,100,123" hai3="91,106,15,90,125,117,14,24,99,111,31,23,38"/><T88/><D116/><U13/><E72/><V121/><F109/><W119/><G38/><T65/><D104/><U126/><E114/><V45/><F123/><W67/><G125/><N who="1" m="48234" /><E130/><V27/><F121/><W32/><G111/><T16/><D41/><U2/><E2/><V62/><F54/><W36/><G36/><T66/><D0/><U39/><E39/><V78/><F103/><W8/><G15/><T94/><D133/><U12/><E12/><V11/><F100/><W131/><G131/><T77/><D77/><U92/><E92/><V101/><F101/><N who="3" m="62783" /><G23/><T85/><D94/><U118/><E118/><V30/><REACH who="2" step="1"/><F26/><REACH who="2" ten="376,124,240,250" step="2"/><W60/><G119/><T127/><D127/><U3/><E3/><V4/><F4/><N who="3" m="3335" /><G117/><T86/><D65/><U113/><E113/><V108/><F108/><W76/><G76/><T34/><D66/><U73/><E6/><V7/><F7/><W63/><G63/><T81/><D43/><U53/><E53/><V40/><F40/><W35/><G35/><AGARI ba="1,1" hai="10,11,27,30,35,45,50,52,62,64,69,78,80,84" machi="35" ten="30,7700,0" yaku="1,1,7,1,54,1,53,1" doraHai="95" doraHaiUra="61" who="2" fromWho="3" sc="376,0,124,0,240,90,250,-80" /><INIT seed="1,0,0,5,4,65" ten="376,124,330,170" oya="1" hai0="118,120,5,19,56,102,1,53,51,99,59,93,72" hai1="4,82,117,8,63,64,111,91,11,125,77,33,7" hai2="86,103,52,96,15,132,108,121,35,100,124,25,97" hai3="37,38,46,126,75,13,39,48,116,94,123,34,23"/><U128/><E33/><V98/><F121/><W115/><G75/><T104/><D118/><U18/><E117/><V70/><F70/><W134/><G34/><T113/><D113/><U76/><E125/><V95/><F124/><W17/><G126/><T105/><D72/><U73/><E128/><V58/><F132/><W43/><G116/><T80/><D80/><U119/><E119/><V71/><F108/><W2/><G123/><T67/><D120/><U127/><E127/><V21/><F71/><W84/><G115/><T62/><D19/><U28/><E28/><V131/><F35/><W114/><G114/><T101/><D102/><U106/><E106/><V66/><F131/><W88/><G134/><T78/><D78/><N who="1" m="30315" /><E73/><V42/><F66/><W55/><REACH who="3" step="1"/><G2/><REACH who="3" ten="376,124,330,160" step="2"/><T61/><D1/><U81/><E111/><V109/><F109/><W6/><G6/><N who="1" m="2090" /><E18/><V40/><F40/><AGARI ba="0,1" hai="13,17,23,37,38,39,40,43,46,48,55,84,88,94" machi="40" ten="40,2600,0" yaku="1,1,54,1,53,0" doraHai="65" doraHaiUra="129" who="3" fromWho="2" sc="376,0,124,0,330,-26,160,36" /><INIT seed="2,0,0,2,3,18" ten="376,124,304,196" oya="2" hai0="1,63,84,120,20,58,62,89,53,91,135,19,43" hai1="79,50,33,119,122,57,78,38,106,31,15,26,130" hai2="94,9,14,12,34,93,25,65,41,108,70,59,16" hai3="72,45,125,13,46,92,3,113,49,23,6,8,90"/><V118/><F70/><W17/><G72/><T44/><D120/><U60/><E38/><V124/><F118/><W88/><G113/><T48/><D1/><U111/><E106/><V74/><F124/><W81/><G125/><T37/><D135/><U66/><E119/><V40/><F74/><W80/><G90/><T117/><D117/><U96/><E111/><V54/><F108/><W133/><G133/><T71/><D71/><U86/><E130/><V116/><F116/><W126/><G126/><T105/><D105/><U76/><E122/><V30/><F65/><W87/><REACH who="3" step="1"/><G46/><REACH who="3" ten="376,124,304,186" step="2"/><T99/><D91/><U67/><E96/><V102/><F102/><W82/><G82/><T4/><D89/><U103/><E103/><V68/><F68/><W104/><G104/><T35/><D99/><U112/><E112/><V47/><F47/><W2/><G2/><T132/><D44/><U56/><E86/><V85/><F85/><W134/><G134/><T127/><D84/><U52/><REACH who="1" step="1"/><E15/><REACH who="1" ten="376,114,304,186" step="2"/><V114/><F12/><W101/><G101/><T22/><D132/><U21/><E21/><V95/><F114/><W75/><G75/><T128/><D22/><U107/><E107/><V109/><F109/><W129/><G129/><T0/><D20/><U5/><E5/><V36/><F36/><W97/><G97/><T98/><D4/><U28/><E28/><V55/><F34/><W77/><G77/><T121/><D35/><U69/><E69/><V64/><F64/><AGARI ba="0,2" hai="26,31,33,50,52,56,57,60,64,66,67,76,78,79" machi="64" ten="40,2600,0" yaku="1,1,54,1,53,0" doraHai="18" doraHaiUra="110" who="1" fromWho="2" sc="376,0,114,46,304,-26,186,0" /><INIT seed="3,0,0,1,1,111" ten="376,160,278,186" oya="3" hai0="102,51,72,69,74,41,45,121,81,38,7,135,44" hai1="91,21,114,68,96,3,4,122,108,71,30,50,36" hai2="123,124,55,117,5,35,112,10,13,24,100,64,94" hai3="89,90,73,20,18,110,57,48,49,60,80,8,98"/><W59/><G73/><T0/><D121/><U1/><E50/><V39/><F123/><W70/><G70/><N who="1" m="26666" /><E21/><V62/><F39/><W15/><G110/><T134/><D69/><U29/><E91/><V118/><F124/><W9/><G59/><T12/><D12/><U56/><E56/><V17/><F112/><W25/><G8/><N who="0" m="2151" /><D102/><U125/><E96/><V77/><F77/><W83/><G90/><T131/><D131/><U133/><E122/><V19/><F118/><W52/><G83/><T128/><D128/><U119/><E36/><V75/><F117/><W87/><REACH who="3" step="1"/><G98/><REACH who="3" ten="376,160,278,176" step="2"/><T23/><D74/><U42/><E108/><V84/><F75/><W93/><G93/><T14/><D81/><U66/><E119/><V28/><F94/><W40/><G40/><T113/><D72/><U54/><E42/><V58/><F58/><W33/><G33/><T63/><D41/><U37/><E66/><V86/><F64/><W99/><G99/><T31/><D45/><U103/><E103/><V85/><F35/><W27/><G27/><T104/><D44/><U126/><E37/><V92/><F24/><W120/><G120/><T47/><D47/><U132/><E54/><V88/><F92/><W101/><G101/><T32/><D32/><U46/><E46/><V130/><F100/><W127/><G127/><N who="1" m="48650" /><E114/><V106/><F130/><W53/><G53/><T95/><D113/><U43/><E43/><V109/><F55/><W16/><AGARI ba="0,1" hai="9,15,16,18,20,25,48,49,52,57,60,80,87,89" machi="16" ten="20,18000,2" yaku="1,1,0,1,7,1,8,1,54,2,53,0" doraHai="111" doraHaiUra="2" who="3" fromWho="3" sc="376,-60,160,-60,278,-60,176,190" owari="316,12.0,100,-40.0,218,-18.0,366,46.0" /></mjloggm>