<mjloggm ver="2.3"><GO type="169" lobby="0"/><UN n0="%52%65%3A%56" n1="%EF%BC%88%E2%89%A7%E2%96%BD%E2%89%A6%EF%BC%89" n2="%79%69%6E%6E%65%72%30%36" n3="%6D%69%69%6B%6F" dan="16,19,17,17" rate="2165.16,2256.04,2090.24,2176.07" sx="M,M,M,M"/><TAIKYOKU oya="0"/><INIT seed="0,0,0,4,4,116" ten="250,250,250,250" oya="0" hai0="27,16,53,85,96,108,101,55,135,91,88,15,58" hai1="117,129,86,19,110,67,39,115,26,12,13,1,50" hai2="97,120,80,33,38,124,126,28,100,75,83,99,87" hai3="42,46,107,25,105,66,132,92,102,68,44,109,94"/><T133/><D27/><U49/><E39/><V104/><F38/><W32/><G109/><T127/><D108/><U4/><E117/><V57/><F57/><W8/><G107/><T37/><D37/><U24/><E1/><V77/><F28/><W21/><G8/><T56/><D127/><N who="2" m="48682" /><F33/><W52/><G32/><T74/><D74/><U72/><E72/><V61/><F61/><W130/><G130/><T2/><D2/><U62/><E129/><V76/><F97/><W95/><G132/><N who="0" m="50763" /><D58/><U123/><E110/><V70/><F70/><W34/><G68/><T18/><D18/><U64/><E19/><V113/><F113/><W23/><G34/><T125/><D125/><U84/><E115/><V17/><F17/><W20/><G66/><T103/><D91/><U30/><E30/><V128/><F128/><W31/><G46/><T43/><D43/><U73/><E73/><V134/><F134/><W9/><G42/><T98/><D98/><U119/><E62/><V111/><F111/><W121/><G44/><T106/><D101/><U59/><E119/><V118/><F118/><W10/><G102/><T29/><D56/><U112/><E59/><V60/><F60/><W82/><G31/><T63/><D63/><U7/><E112/><V41/><F41/><W22/><G25/><T51/><D51/><U71/><E71/><V89/><F89/><W35/><G35/><T90/><D29/><U122/><AGARI ba="0,0" hai="4,7,12,13,24,26,49,50,64,67,84,86,122,123" machi="122" ten="25,8000,1" yaku="0,1,22,2,52,2" doraHai="116" who="1" fromWho="1" sc="250,-40,250,80,250,-20,250,-20" /><INIT seed="1,0,0,4,0,64" ten="210,330,230,230" oya="1" hai0="83,135,30,114,18,90,124,128,81,37,40,72,13" hai1="103,50,79,113,6,0,71,49,44,73,112,56,38" hai2="119,96,98,126,99,97,46,16,45,130,26,29,123" hai3="84,35,89,109,27,129,21,17,104,22,68,87,102"/><U43/><E103/><V65/><F119/><W107/><G109/><T88/><D114/><U78/><E78/><V117/><F117/><W122/><G35/><T134/><D30/><U7/><E7/><V108/><F123/><W47/><G122/><T92/><D40/><U55/><E50/><V69/><F130/><W82/><G129/><T52/><D37/><U100/><E100/><V105/><F126/><W10/><G10/><T28/><D28/><U106/><E106/><V19/><F45/><W66/><G47/><T5/><D5/><U95/><E95/><V42/><F108/><W24/><G87/><T70/><D70/><U41/><E41/><V93/><F105/><W67/><G102/><T62/><D124/><U11/><REACH who="1" step="1"/><E71/><REACH who="1" ten="210,320,230,230" step="2"/><V115/><F69/><W75/><G68/><T2/><D128/><U12/><E12/><V116/><F116/><W76/><G107/><T132/><D2/><U80/><AGARI ba="0,1" hai="0,6,11,38,43,44,49,55,56,73,79,80,112,113" machi="80" ten="30,11700,0" yaku="1,1,0,1,25,2,53,0" doraHai="64" doraHaiUra="133" who="1" fromWho="1" sc="210,-39,320,127,230,-39,230,-39" /><INIT seed="1,1,0,3,5,107" ten="171,447,191,191" oya="1" hai0="14,132,25,55,119,71,36,77,86,130,13,104,118" hai1="121,81,114,18,16,124,115,52,83,45,49,78,133" hai2="7,30,96,40,44,34,59,43,95,122,101,19,134" hai3="109,17,32,110,120,64,127,46,123,1,6,47,9"/><U90/><E121/><V53/><F122/><W97/><G64/><T35/><D104/><U112/><E133/><V131/><F131/><W24/><G47/><T5/><D130/><U15/><E124/><V117/><F117/><W100/><G46/><T29/><D36/><U69/><E69/><V39/><F43/><W11/><G127/><T68/><D132/><U31/><E31/><V27/><F7/><W70/><G70/><T58/><D71/><U125/><E125/><V128/><F128/><W113/><G113/><T67/><D67/><U93/><E78/><V0/><F0/><W33/><G33/><T56/><D68/><U129/><E129/><V91/><F19/><W23/><G32/><T10/><D13/><U38/><E38/><V26/><F26/><W135/><G135/><T22/><D56/><U79/><E79/><V126/><F134/><W57/><G57/><T111/><D35/><U42/><E42/><V87/><F126/><W12/><G97/><T88/><D77/><U2/><E2/><V76/><F76/><W61/><G61/><T116/><D111/><N who="3" m="42505" /><G100/><T54/><REACH who="0" step="1"/><D58/><REACH who="0" ten="161,447,191,191" step="2"/><U63/><E114/><V92/><F59/><W21/><G21/><T94/><AGARI ba="1,1" hai="5,10,14,22,25,29,54,55,86,88,94,116,118,119" machi="94" ten="30,7900,0" yaku="1,1,2,1,0,1,54,1,53,0" doraHai="107" doraHaiUra="74" who="0" fromWho="0" sc="161,92,447,-40,191,-21,191,-21" /><INIT seed="2,0,0,0,5,56" ten="253,407,170,170" oya="2" hai0="96,134,5,15,106,79,77,27,70,59,111,20,119" hai1="129,95,116,135,98,50,87,109,21,93,39,83,108" hai2="12,84,44,0,72,63,76,118,28,10,25,18,7" hai3="130,60,4,99,92,34,71,122,19,131,51,133,121"/><V46/><F118/><W101/><G133/><T65/><D119/><U3/><E39/><V107/><F107/><W128/><G34/><T47/><D134/><U120/><E120/><V49/><F72/><W61/><G4/><T13/><D70/><U75/><E3/><V35/><F76/><W36/><G36/><T31/><D106/><U117/><E129/><V9/><F84/><W58/><G19/><T104/><D104/><U42/><E75/><V24/><F24/><W114/><G114/><T80/><D96/><U113/><E113/><V68/><REACH who="2" step="1"/><F49/><REACH who="2" ten="253,407,160,170" step="2"/><W33/><G51/><T127/><D77/><N who="1" m="46575" /><E50/><V64/><AGARI ba="0,1" hai="0,7,9,10,12,18,25,28,35,44,46,63,64,68" machi="64" ten="30,6000,0" yaku="1,1,0,1,52,1,53,0" doraHai="56" doraHaiUra="112" who="2" fromWho="2" sc="253,-20,407,-20,160,70,170,-20" /><INIT seed="2,1,0,0,3,73" ten="233,387,230,150" oya="2" hai0="100,60,134,29,40,2,32,71,124,64,38,126,108" hai1="49,46,92,105,30,14,86,57,84,33,96,36,120" hai2="62,3,8,7,6,69,61,12,55,114,78,119,34" hai3="129,54,11,50,97,67,82,27,95,44,0,125,23"/><V102/><F119/><W10/><G129/><T104/><D2/><U56/><E120/><V17/><F34/><W110/><G110/><T101/><D101/><N who="1" m="60551" /><E33/><V118/><F118/><W68/><G125/><T16/><D16/><U77/><E36/><V53/><F114/><W9/><G0/><T37/><D108/><U66/><E105/><V85/><F102/><W42/><G68/><T83/><D83/><N who="1" m="47215" /><E30/><V28/><F28/><W65/><G82/><T115/><D115/><U91/><E14/><V26/><F26/><W80/><G80/><T122/><D122/><U75/><E66/><V107/><F107/><W70/><G70/><T72/><D72/><U98/><E98/><V79/><F85/><W51/><G23/><T131/><D131/><U133/><E133/><V111/><F111/><W103/><REACH who="3" step="1"/><G27/><REACH who="3" ten="233,387,230,140" step="2"/><N who="0" m="18495" /><D134/><U127/><E127/><V74/><F69/><W19/><G19/><T76/><D124/><U123/><E123/><V41/><F3/><W99/><G99/><N who="0" m="61471" /><D126/><U132/><E132/><V1/><F1/><W47/><AGARI ba="1,1" hai="9,10,11,42,44,47,50,51,54,65,67,95,97,103" machi="47" ten="30,4000,0" yaku="1,1,0,1,8,1,53,0" doraHai="73" doraHaiUra="35" who="3" fromWho="3" sc="233,-11,387,-11,230,-21,140,53" /><INIT seed="3,0,0,5,0,109" ten="222,376,209,193" oya="3" hai0="130,5,64,90,116,115,96,66,131,28,82,17,32" hai1="49,0,110,29,123,63,46,55,98,103,21,3,50" hai2="45,59,36,124,67,78,132,111,47,83,80,42,23" hai3="14,92,54,129,39,88,41,13,7,102,15,135,48"/><W94/><G135/><T65/><D116/><U105/><E123/><V84/><F111/><W81/><G129/><N who="0" m="49163" /><D5/><U100/><E110/><V85/><F132/><W37/><G41/><T52/><D17/><U77/><E77/><V95/><F124/><W53/><G7/><T101/><D28/><U89/><E103/><V128/><F95/><W4/><G4/><T91/><D32/><U120/><E63/><V113/><F113/><W61/><G61/><T57/><D82/><U68/><E68/><V27/><F128/><W127/><G127/><T40/><D40/><U20/><E120/><V117/><F117/><W60/><G60/><N who="0" m="35879" /><D115/><U74/><E29/><V9/><F9/><W34/><G34/><T108/><D108/><U133/><E133/><V31/><F67/><W79/><G54/><T33/><D33/><U69/><E69/><V76/><F59/><W12/><G12/><T2/><D2/><U122/><E122/><V16/><REACH who="2" step="1"/><F47/><REACH who="2" ten="222,376,199,193" step="2"/><W71/><G71/><T97/><D97/><U51/><E46/><V134/><F134/><W8/><G8/><T73/><D96/><U62/><E98/><V107/><F107/><W112/><G112/><T43/><D66/><U72/><E105/><V26/><F26/><W56/><G94/><T6/><D65/><U119/><E119/><V38/><F38/><W114/><G114/><T118/><D64/><U126/><E126/><V125/><F125/><W18/><G102/><T30/><D101/><U19/><E100/><V1/><F1/><W10/><G39/><T121/><D118/><U70/><E0/><V104/><F104/><RYUUKYOKU ba="0,1" sc="222,-10,376,-10,199,30,193,-10" hai2="16,23,27,31,36,42,45,76,78,80,83,84,85" /><INIT seed="4,1,1,5,4,55" ten="212,366,229,183" oya="0" hai0="68,83,60,123,67,33,69,78,23,102,20,94,46" hai1="30,21,54,39,84,117,88,122,118,121,126,5,14" hai2="87,50,59,53,41,56,64,92,32,4,95,10,62" hai3="129,47,130,42,58,115,45,112,105,15,44,28,8"/><T73/><D123/><U11/><E39/><V111/><F32/><W3/><G105/><T18/><D33/><U109/><E109/><V86/><F111/><W17/><G3/><T119/><D119/><U82/><E126/><V90/><F41/><W124/><G28/><T125/><D125/><U89/><E122/><V128/><F128/><N who="3" m="49259" /><G124/><T29/><D46/><N who="3" m="18025" /><G58/><T0/><D0/><U35/><E35/><V85/><REACH who="2" step="1"/><F95/><REACH who="2" ten="212,366,219,183" step="2"/><W6/><G6/><T71/><D94/><N who="1" m="54535" /><E5/><V79/><F79/><W51/><AGARI ba="1,2" hai="8,15,17,42,47,51,112,115" m="18025,49259" machi="51" ten="30,1100,0" yaku="19,1" doraHai="55" who="3" fromWho="3" sc="212,-6,366,-4,219,-4,183,34" /><INIT seed="5,0,0,1,1,103" ten="206,362,215,217" oya="1" hai0="30,102,28,6,104,31,81,0,95,33,89,77,19" hai1="78,66,107,113,27,93,23,3,116,122,48,92,91" hai2="61,32,124,106,17,133,51,79,100,118,52,128,111" hai3="35,72,13,129,29,63,46,47,37,109,117,105,99"/><U108/><E3/><V98/><F111/><W59/><G109/><T85/><D19/><U76/><E107/><V22/><F118/><W64/><G129/><T68/><D68/><U18/><E122/><V74/><F128/><W82/><G13/><T10/><D33/><U20/><E116/><V49/><F32/><W25/><G37/><T125/><D125/><U40/><E66/><V38/><F38/><W70/><G59/><T41/><D41/><U135/><E135/><V65/><F133/><W5/><G5/><T84/><REACH who="0" step="1"/><D31/><REACH who="0" ten="196,362,215,217" step="2"/><N who="1" m="17895" /><E40/><V130/><F124/><W56/><G117/><T86/><D86/><U11/><E18/><V53/><F130/><W110/><G110/><T134/><D134/><U2/><E108/><V15/><F74/><W120/><G70/><T67/><D67/><U132/><E132/><V60/><F65/><W50/><G72/><T43/><D43/><U112/><E112/><V101/><F79/><W69/><G69/><T75/><D75/><U21/><E78/><V127/><F127/><W54/><G64/><T80/><D80/><U45/><E76/><V115/><F115/><W44/><G82/><T14/><D14/><U96/><E113/><V34/><F34/><W71/><G71/><T58/><D58/><U39/><E2/><V12/><F15/><W94/><G35/><T87/><D87/><U62/><E45/><V123/><F123/><W42/><G46/><T1/><D1/><U26/><E39/><V57/><F101/><W7/><G120/><T73/><D73/><U4/><E91/><V83/><F83/><W90/><G90/><RYUUKYOKU ba="0,1" sc="196,15,362,-15,215,15,217,-15" hai0="0,6,10,28,30,77,81,84,85,89,95,102,104" hai2="12,17,22,49,51,52,53,57,60,61,98,100,106" /><INIT seed="6,1,1,3,0,46" ten="211,347,230,202" oya="2" hai0="55,7,21,33,43,8,23,39,69,122,56,11,59" hai1="1,115,60,12,77,90,95,129,41,92,28,91,68" hai2="113,73,128,118,83,81,58,34,98,121,24,32,85" hai3="9,71,70,75,16,15,29,66,74,97,18,106,125"/><V0/><F121/><W72/><G125/><T50/><D69/><U17/><E1/><V82/><F118/><W105/><G29/><T5/><D33/><U62/><E129/><V31/><F0/><W112/><G112/><T26/><D122/><U25/><E77/><V102/><F113/><W126/><G126/><T101/><D101/><U6/><E6/><N who="0" m="2057" /><D39/><U3/><E41/><V84/><F73/><W22/><G97/><T67/><D43/><U13/><E68/><V96/><F34/><W52/><G71/><T132/><D132/><U114/><E3/><V63/><F128/><W79/><G79/><T53/><D67/><U76/><E76/><V2/><F2/><W44/><G66/><T36/><D36/><U10/><E28/><V86/><REACH who="2" step="1"/><F102/><REACH who="2" ten="211,347,220,202" step="2"/><W27/><REACH who="3" step="1"/><G70/><REACH who="3" ten="211,347,220,192" step="2"/><T48/><D26/><U19/><E25/><V119/><F119/><W14/><G14/><T61/><D61/><U40/><E13/><V123/><F123/><W78/><G78/><T65/><D65/><AGARI ba="1,3" hai="24,31,32,58,63,65,81,82,83,84,85,86,96,98" machi="65" ten="40,7700,0" yaku="1,1,53,2" doraHai="46" doraHaiUra="94" who="2" fromWho="0" sc="211,-80,347,0,220,110,192,0" /><INIT seed="6,2,0,2,1,107" ten="131,347,330,192" oya="2" hai0="49,109,92,40,77,59,8,68,100,87,50,0,99" hai1="127,67,97,25,36,37,116,78,58,81,132,15,119" hai2="48,17,70,121,22,124,39,93,69,31,83,66,103" hai3="20,108,43,57,24,111,3,76,30,133,47,19,117"/><V85/><F39/><W63/><G117/><T46/><D68/><U71/><E132/><V128/><F121/><W4/><G133/><T42/><D109/><U94/><E71/><V21/><F124/><W65/><G76/><T126/><D126/><U90/><E127/><V73/><F48/><W125/><G125/><T5/><D59/><U98/><E98/><V27/><F66/><W102/><G102/><T26/><D26/><U80/><E80/><V75/><F128/><W44/><G44/><T91/><D77/><U61/><E15/><V88/><F70/><W105/><G105/><T123/><D123/><U55/><E67/><V51/><F69/><W16/><G4/><T62/><D62/><U110/><E110/><V13/><REACH who="2" step="1"/><F51/><REACH who="2" ten="131,347,320,192" step="2"/><W120/><G120/><T113/><D113/><U56/><E36/><V6/><F6/><W82/><G111/><T114/><D114/><U14/><E37/><V115/><F115/><W18/><G65/><T60/><D60/><U38/><E38/><V129/><F129/><W89/><G63/><T33/><D49/><U134/><E61/><V9/><F9/><W32/><G108/><T106/><REACH who="0" step="1"/><D33/><REACH who="0" ten="121,347,320,192" step="2"/><U118/><E119/><V96/><AGARI ba="2,2" hai="13,17,21,22,27,31,73,75,83,85,88,93,96,103" machi="96" ten="30,12000,1" yaku="1,1,0,1,52,2,54,1,53,0" doraHai="107" doraHaiUra="72" who="2" fromWho="2" sc="121,-42,347,-42,320,146,192,-42" /><INIT seed="6,3,0,5,0,125" ten="79,305,466,150" oya="2" hai0="35,108,119,5,83,6,78,85,104,28,118,82,107" hai1="12,68,52,55,122,49,18,22,66,84,48,98,58" hai2="11,77,32,111,13,38,129,39,110,54,76,30,81" hai3="89,3,130,41,7,134,95,115,47,114,72,112,117"/><V60/><F32/><W51/><G117/><N who="0" m="44555" /><D35/><U70/><E122/><V123/><F30/><W87/><G72/><N who="0" m="43335" /><D5/><U23/><E66/><V4/><F123/><W42/><G134/><T29/><D28/><U127/><E127/><V57/><F129/><W131/><G42/><T17/><D17/><U74/><E74/><V126/><F126/><W124/><G124/><T71/><D71/><U50/><E98/><V43/><F77/><W61/><G61/><T64/><D64/><U1/><E1/><V92/><F92/><W2/><G2/><T37/><D6/><U8/><E23/><V62/><F62/><W33/><G33/><T105/><D37/><U75/><E75/><V26/><F26/><W94/><G94/><T27/><D27/><U10/><E84/><N who="2" m="48167" /><F43/><W133/><G133/><T96/><D29/><U128/><E128/><V53/><F53/><W120/><G120/><T97/><D108/><AGARI ba="3,0" hai="4,11,13,38,39,54,57,60,108,110,111" m="48167" machi="108" ten="30,1500,0" yaku="10,1" doraHai="125" who="2" fromWho="0" sc="79,-24,305,0,466,24,150,0" /><INIT seed="6,4,0,5,2,44" ten="55,305,490,150" oya="2" hai0="70,63,37,60,17,88,107,95,23,122,28,96,19" hai1="6,9,82,68,51,113,11,102,114,38,41,47,18" hai2="98,1,72,5,45,128,83,110,127,126,103,73,79" hai3="42,64,117,13,48,100,77,10,0,4,43,111,75"/><V84/><F128/><W55/><G117/><T52/><D122/><U30/><E68/><V121/><F1/><W123/><G123/><T59/><D37/><U34/><E102/><V54/><F5/><W129/><G64/><T12/><D107/><U131/><E131/><V56/><F45/><W108/><G100/><T20/><D28/><U116/><E116/><V14/><F14/><W16/><G129/><T112/><D112/><U106/><E106/><V80/><F121/><W49/><G77/><T124/><D124/><N who="2" m="47658" /><F110/><W133/><G133/><T46/><D46/><U69/><E69/><V86/><F54/><W15/><G75/><N who="2" m="28745" /><F56/><W71/><G71/><T85/><D70/><U87/><E38/><V81/><F79/><W8/><G0/><T120/><D120/><U78/><E18/><V32/><F32/><W50/><REACH who="3" step="1"/><G55/><REACH who="3" ten="55,305,490,140" step="2"/><T25/><REACH who="0" step="1"/><D96/><REACH who="0" ten="45,305,490,140" step="2"/><U118/><E118/><V89/><F84/><W39/><G39/><T61/><AGARI ba="4,2" hai="12,17,19,20,23,25,52,59,60,61,63,85,88,95" machi="61" ten="20,12000,2" yaku="1,1,2,1,0,1,7,1,8,1,54,2,53,0" doraHai="44" doraHaiUra="132" who="0" fromWho="0" sc="45,152,305,-34,490,-64,140,-34" /><INIT seed="7,0,0,4,0,32" ten="197,271,426,106" oya="3" hai0="74,134,90,133,1,88,92,3,82,126,75,122,98" hai1="41,29,19,13,83,130,121,43,5,111,113,28,52" hai2="23,91,38,24,95,99,61,36,71,54,70,65,128" hai3="79,68,109,110,21,48,127,18,56,55,57,87,102"/><W108/><G68/><T115/><D122/><U73/><E111/><V45/><F128/><W25/><G102/><T34/><D34/><U17/><E130/><V63/><F45/><W119/><G119/><T135/><D126/><U124/><E113/><V12/><F12/><W69/><G69/><T80/><D115/><U107/><E107/><V96/><F96/><W39/><G39/><T20/><D20/><U101/><E101/><V129/><F129/><W60/><G127/><T86/><D75/><U10/><E121/><V67/><F54/><W116/><G116/><T105/><D105/><U33/><E124/><V46/><F46/><W40/><G40/><T62/><D62/><U11/><E33/><V58/><F58/><N who="3" m="33127" /><G60/><T77/><AGARI ba="0,0" hai="1,3,74,77,80,82,86,88,90,92,98,133,134,135" machi="77" ten="40,8000,1" yaku="0,1,20,1,52,2,54,1" doraHai="32" who="0" fromWho="0" sc="197,80,271,-20,426,-20,106,-40" owari="277,8.0,251,-15.0,406,50.0,66,-43.0" /></mjloggm>