<mjloggm ver="2.3"><GO type="169" lobby="0"/><UN n0="%E3%82%B2%E3%82%AA%E3%83%AB%E3%82%B2%E3%83%8F%E3%82%B8%39%34" n1="%51%42%E3%82%A2%E3%82%A4%E3%83%AA" n2="%E3%82%A6%E3%83%AB%E3%83%88%E3%83%A9%E7%AB%8B%E7%9B%B4" n3="%E3%83%9F%E3%83%A9%E3%82%AF%E3%83%AB%E3%81%8A%E3%81%98%E3%81%95%E3%82%93" dan="16,16,16,18" rate="2060.05,2090.66,2044.42,2176.23" sx="M,F,M,M"/><TAIKYOKU oya="0"/><INIT seed="0,0,0,0,4,49" ten="250,250,250,250" oya="0" hai0="106,93,132,105,34,131,104,73,126,116,98,92,14" hai1="8,35,18,1,4,79,51,123,102,103,110,52,122" hai2="84,20,125,95,7,47,13,100,129,60,117,6,99" hai3="56,30,59,50,27,17,54,12,101,45,28,67,81"/><T133/><D34/><U83/><E83/><V120/><F120/><W24/><G101/><N who="0" m="60623" /><D14/><U21/><E35/><V74/><F74/><W80/><G67/><T32/><D32/><U91/><E79/><V82/><F117/><W76/><G27/><T70/><D70/><U46/><E91/><V55/><F125/><W72/><G81/><T115/><D116/><U71/><E71/><V37/><F129/><W39/><G39/><T113/><D126/><U90/><E90/><V87/><F87/><W11/><REACH who="3" step="1"/><G30/><REACH who="3" ten="250,250,250,240" step="2"/><T42/><D115/><U112/><E112/><V94/><F82/><W3/><G3/><T57/><D113/><U119/><E123/><V29/><F29/><W38/><G38/><T118/><D118/><U48/><E122/><V15/><F100/><W44/><G44/><T134/><D133/><U43/><E119/><V31/><F47/><W75/><G75/><T53/><D73/><U36/><E36/><V108/><F31/><W96/><G96/><T19/><D134/><U40/><E103/><V114/><F99/><W124/><G124/><T86/><D132/><U127/><E102/><V109/><F114/><W25/><G25/><T58/><D131/><U128/><E128/><V10/><F37/><W5/><G5/><T62/><D106/><U69/><E127/><V23/><F7/><W41/><G41/><T2/><D42/><U135/><E135/><V65/><F6/><W89/><G89/><N who="0" m="53303" /><D2/><U16/><E43/><V33/><F15/><W0/><G0/><T26/><D58/><U88/><E40/><V111/><F13/><W107/><G107/><RYUUKYOKU ba="0,1" sc="250,15,250,-15,250,-15,240,15" hai0="19,26,53,57,62,104,105" hai3="11,12,17,24,28,45,50,54,56,59,72,76,80" /><INIT seed="0,1,1,1,1,60" ten="265,235,235,255" oya="0" hai0="48,39,86,37,132,30,65,93,15,102,34,68,8" hai1="16,95,52,113,96,77,91,63,123,131,67,22,1" hai2="122,133,125,130,57,43,51,101,45,124,72,20,129" hai3="84,111,116,135,3,41,66,44,64,23,14,6,21"/><T0/><D0/><U27/><E123/><V11/><F72/><W32/><G116/><T74/><D74/><U119/><E119/><V117/><F122/><W29/><G111/><T128/><D34/><U85/><E1/><V47/><F101/><W118/><G118/><T126/><D30/><U79/><E113/><V38/><F11/><N who="3" m="2527" /><G23/><T26/><D26/><U55/><E131/><N who="2" m="50187" /><F20/><W31/><G29/><T98/><D128/><U75/><E75/><V70/><F70/><W110/><G84/><T97/><D132/><U9/><E9/><V94/><F117/><W50/><G135/><T36/><D126/><N who="2" m="48746" /><F94/><W92/><G92/><T24/><D24/><U12/><E27/><V19/><F19/><N who="3" m="10487" /><G110/><T7/><D98/><U87/><E96/><V59/><F133/><W13/><G13/><T2/><D15/><U88/><E79/><V28/><F28/><W81/><G81/><T104/><D104/><U114/><E77/><V99/><F99/><W78/><G78/><T76/><D86/><U18/><E114/><V112/><F112/><W108/><G108/><T127/><D127/><U109/><E109/><V35/><F35/><W56/><G31/><T46/><D76/><U82/><E18/><V89/><F89/><W90/><G90/><T17/><D17/><U107/><E107/><V49/><F38/><N who="3" m="21559" /><G32/><T83/><D83/><U115/><E115/><V121/><F121/><W61/><G50/><T25/><D25/><U40/><E40/><AGARI ba="1,1" hai="40,43,45,47,49,51,57,59" m="48746,50187" machi="40" ten="30,7700,0" yaku="19,1,18,1,34,2" doraHai="60" who="2" fromWho="1" sc="265,0,235,-80,235,90,255,0" /><INIT seed="1,0,0,1,5,114" ten="265,155,325,255" oya="1" hai0="115,51,33,134,22,23,67,119,50,6,79,42,135" hai1="1,12,102,34,36,4,126,7,80,129,58,85,117" hai2="116,63,90,35,87,84,128,21,95,133,69,62,65" hai3="125,38,93,30,24,122,52,104,98,44,76,68,124"/><U127/><E34/><V0/><F0/><W109/><G122/><T86/><D33/><U94/><E36/><V121/><F121/><W132/><G109/><T88/><D115/><U75/><E75/><V110/><F35/><W131/><G131/><T59/><D79/><U10/><E129/><V16/><F128/><W18/><G132/><N who="0" m="50731" /><D6/><U57/><E117/><V112/><F112/><W78/><G104/><T91/><D119/><U71/><E71/><V113/><F113/><W66/><G18/><T89/><D86/><U92/><E1/><V130/><F110/><W14/><G14/><T99/><D99/><U103/><E12/><V74/><F74/><W29/><G66/><T25/><D42/><U3/><E3/><V37/><F116/><W60/><G98/><T82/><D82/><U106/><E80/><V2/><F37/><W48/><G38/><T32/><D32/><U107/><E85/><V11/><F130/><W15/><G78/><T97/><D97/><U120/><E120/><V108/><F108/><W73/><G76/><T96/><D96/><U81/><E81/><V61/><F133/><W47/><G73/><T13/><D13/><U8/><AGARI ba="0,0" hai="4,7,8,10,57,58,92,94,102,103,106,107,126,127" machi="8" ten="25,4800,0" yaku="0,1,22,2" doraHai="114" who="1" fromWho="1" sc="265,-16,155,48,325,-16,255,-16" /><INIT seed="1,1,0,5,2,21" ten="249,203,309,239" oya="1" hai0="54,73,76,23,120,108,77,127,101,19,110,8,102" hai1="6,57,129,70,56,78,52,64,111,53,2,124,98" hai2="92,125,85,122,15,49,117,66,14,105,82,22,60" hai3="135,88,95,133,12,116,87,114,81,34,119,126,44"/><U38/><E78/><N who="0" m="30313" /><D73/><U45/><E98/><V93/><F105/><W16/><G34/><T86/><D127/><U29/><E124/><V80/><F117/><N who="3" m="45131" /><G126/><T30/><D120/><U17/><E29/><V107/><F107/><W96/><G44/><T61/><D30/><U47/><E2/><V42/><F85/><W115/><G12/><N who="0" m="9703" /><D8/><U113/><E6/><V62/><F14/><W18/><G18/><T36/><D36/><U50/><E17/><V40/><F15/><W118/><G16/><T84/><D108/><U51/><E111/><V68/><F22/><W121/><G121/><T83/><D110/><U41/><E113/><N who="3" m="43018" /><G118/><T131/><D131/><U134/><E129/><V65/><F125/><W33/><G33/><T97/><D97/><U5/><E5/><V48/><F122/><W24/><G24/><T26/><D26/><U74/><E74/><V100/><F68/><W10/><G10/><T27/><D27/><U130/><E130/><V58/><F58/><N who="1" m="22633" /><E134/><V20/><F20/><W37/><G37/><T32/><D32/><U28/><E28/><V39/><REACH who="2" step="1"/><F39/><REACH who="2" ten="249,203,299,239" step="2"/><W90/><AGARI ba="1,1" hai="81,87,88,90,95,96,133,135" m="43018,45131" machi="90" ten="40,8000,1" yaku="12,1,34,2,54,1" doraHai="21" who="3" fromWho="3" sc="249,-21,203,-41,299,-21,239,93" /><INIT seed="2,0,0,4,4,118" ten="228,162,278,332" oya="2" hai0="34,7,29,111,61,5,21,135,101,64,44,126,73" hai1="56,92,23,84,25,119,131,4,90,16,13,30,1" hai2="89,106,110,12,6,124,93,82,74,60,133,104,109" hai3="41,108,132,24,105,71,122,65,2,8,22,3,55"/><V66/><F124/><W86/><G105/><T10/><D126/><U35/><E131/><V78/><F12/><W77/><G108/><N who="2" m="41577" /><F6/><W99/><G132/><T52/><D34/><U102/><E102/><V0/><F0/><W9/><G99/><T125/><D73/><U87/><E56/><N who="2" m="37127" /><F133/><W113/><G113/><T54/><D135/><U79/><E79/><V97/><AGARI ba="0,0" hai="74,78,82,89,93,97,104,106" m="37127,41577" machi="97" ten="30,3000,0" yaku="14,1,10,1" doraHai="118" who="2" fromWho="2" sc="228,-10,162,-10,278,30,332,-10" /><INIT seed="2,1,0,2,3,107" ten="218,152,308,322" oya="2" hai0="30,118,20,5,101,49,18,112,66,73,74,109,119" hai1="115,116,102,65,113,36,76,28,92,111,104,35,103" hai2="37,24,27,123,54,12,83,14,44,6,4,88,45" hai3="60,48,68,70,64,127,47,11,129,90,3,95,9"/><V10/><F37/><W93/><G129/><T114/><D30/><U0/><E0/><V61/><F123/><W55/><G127/><T59/><D5/><U106/><E36/><V79/><F88/><W134/><G134/><T17/><D109/><U21/><E65/><V71/><F71/><W128/><G128/><T108/><D108/><U131/><E111/><V121/><F121/><W57/><G95/><T130/><D130/><U50/><E35/><V58/><F45/><W7/><REACH who="3" step="1"/><G11/><REACH who="3" ten="218,152,308,312" step="2"/><T133/><D133/><U81/><E92/><V117/><F117/><W56/><G56/><T124/><D124/><U84/><E116/><V26/><F44/><W78/><G78/><T135/><D118/><U67/><E131/><V1/><REACH who="2" step="1"/><F4/><REACH who="2" ten="218,152,298,312" step="2"/><W16/><G16/><T75/><D119/><U72/><E76/><V25/><N who="2" m="6144" /><DORA hai="39" /><V62/><F62/><W125/><G125/><T15/><D135/><U120/><E120/><V13/><F13/><W126/><G126/><T38/><D18/><U87/><E115/><V85/><AGARI ba="1,2" hai="1,6,10,12,14,54,58,61,79,83,85" m="6144" machi="85" ten="40,7800,0" yaku="1,1,0,1,53,1" doraHai="107,39" doraHaiUra="52,29" who="2" fromWho="2" sc="218,-27,152,-27,298,101,312,-27" /><INIT seed="2,2,0,3,3,10" ten="191,125,399,285" oya="2" hai0="116,29,42,1,133,28,54,18,9,128,114,125,74" hai1="47,111,11,41,94,135,78,83,122,8,12,65,92" hai2="89,2,3,134,102,79,55,115,59,6,75,93,66" hai3="26,45,103,67,40,49,107,34,19,35,104,76,30"/><V101/><F115/><W85/><G35/><T37/><D114/><U63/><E122/><V43/><F2/><W120/><G120/><T14/><D74/><U4/><E111/><V118/><F66/><W132/><G132/><T110/><D110/><U99/><E135/><V48/><F79/><W77/><G67/><T60/><D133/><U130/><E130/><V73/><F75/><W88/><G19/><T109/><D109/><U119/><E119/><V70/><F73/><W23/><G34/><T25/><D128/><U20/><E99/><V27/><F70/><W46/><G45/><T44/><D116/><U95/><E11/><V21/><F118/><W56/><G56/><T123/><D123/><U131/><E20/><V121/><F121/><W80/><REACH who="3" step="1"/><G103/><REACH who="3" ten="191,125,399,275" step="2"/><T36/><D29/><U90/><E131/><V38/><F102/><W106/><AGARI ba="2,1" hai="23,26,30,40,46,49,76,77,80,85,88,104,106,107" machi="106" ten="30,7900,0" yaku="1,1,2,1,0,1,54,1,53,0" doraHai="10" doraHaiUra="98" who="3" fromWho="3" sc="191,-22,125,-22,399,-41,275,95" /><INIT seed="3,0,0,5,1,84" ten="169,103,358,370" oya="3" hai0="2,30,5,43,116,3,15,114,14,100,59,1,123" hai1="112,133,90,4,108,115,54,11,125,39,66,117,98" hai2="99,40,63,32,102,67,25,36,109,111,93,34,118" hai3="31,9,6,76,126,86,52,18,95,49,12,80,42"/><W105/><G105/><T22/><D123/><U77/><E39/><V41/><F118/><W122/><G122/><T91/><D116/><U119/><E66/><V101/><F101/><W24/><G126/><T96/><D114/><U64/><E64/><V70/><F36/><W132/><G132/><T60/><D43/><N who="2" m="16458" /><F25/><W33/><G42/><T120/><D120/><U78/><E54/><V127/><F127/><W16/><REACH who="3" step="1"/><G95/><REACH who="3" ten="169,103,358,360" step="2"/><T7/><D3/><U23/><E133/><V48/><F93/><W73/><G73/><T85/><D1/><U35/><E125/><V56/><F70/><W44/><AGARI ba="0,1" hai="6,9,12,16,18,24,31,33,44,49,52,76,80,86" machi="44" ten="20,18000,2" yaku="1,1,0,1,7,1,54,2,53,1" doraHai="84" doraHaiUra="46" who="3" fromWho="3" sc="169,-60,103,-60,358,-60,360,190" /><INIT seed="3,1,0,0,1,4" ten="109,43,298,550" oya="3" hai0="49,103,86,68,116,40,123,60,111,56,38,28,65" hai1="41,98,23,44,82,107,84,11,50,133,32,5,120" hai2="24,25,53,16,70,85,34,9,76,118,132,54,22" hai3="131,13,106,87,115,90,66,18,12,104,92,10,83"/><W58/><G115/><T125/><D123/><U46/><E32/><V1/><F70/><W99/><G131/><T37/><D116/><U121/><E133/><V94/><F118/><W134/><G134/><T96/><D125/><U97/><E44/><V39/><F39/><W31/><G31/><T81/><D111/><U57/><E57/><V47/><F34/><W114/><G114/><T100/><D28/><U8/><E107/><V73/><F73/><W55/><G66/><T129/><D129/><U21/><E121/><V63/><F25/><W61/><REACH who="3" step="1"/><G13/><REACH who="3" ten="109,43,298,540" step="2"/><T101/><D65/><U71/><E120/><V64/><F64/><W108/><G108/><T43/><D68/><U35/><E71/><V14/><F132/><W20/><G20/><N who="1" m="7754" /><E35/><V0/><F0/><W93/><G93/><T42/><D38/><U126/><E126/><V77/><F1/><W67/><G67/><T2/><D37/><U59/><E5/><V135/><F135/><W26/><G26/><T88/><D2/><U127/><E127/><V79/><F22/><W119/><G119/><T105/><D105/><U27/><E27/><V80/><F24/><W7/><G7/><T117/><D117/><U78/><E59/><N who="2" m="35311" /><F94/><W19/><G19/><T89/><D56/><U74/><E74/><V130/><F130/><W91/><AGARI ba="1,1" hai="10,12,18,55,58,61,83,87,90,91,92,99,104,106" machi="91" ten="20,18000,2" yaku="1,1,0,1,7,1,52,1,53,2" doraHai="4" doraHaiUra="102" who="3" fromWho="3" sc="109,-61,43,-61,298,-61,540,193" owari="48,-35.0,-18,-52.0,237,4.0,733,83.0" /></mjloggm>