<mjloggm ver="2.3"><GO type="97" lobby="0"/><UN n0="%E7%A7%98%E5%89%A3%E2%98%85%E5%8D%83%E9%B3%A5%E2%98%85" n1="%47%52%41%4E%44%49%41%E2%85%A1" n2="%E3%81%9F%E3%81%84%E3%82%89%E3%81%9F%E3%81%84%E3%81%AF%E3%82%93" n3="%E3%82%A6%E3%83%AB%E3%83%88%E3%83%A9%E7%AB%8B%E7%9B%B4" dan="15,13,14,15" rate="2013.16,1944.52,1919.38,2039.56" sx="M,F,M,M"/><TAIKYOKU oya="0"/><INIT seed="0,0,0,5,2,113" ten="250,250,250,250" oya="0" hai0="103,14,70,109,117,99,91,100,84,94,20,133,98" hai1="135,86,4,43,95,58,68,105,93,40,45,110,83" hai2="134,126,76,5,80,11,3,22,130,131,41,67,47" hai3="128,81,69,6,32,52,118,16,112,107,62,72,63"/><T64/><D70/><U8/><E105/><V53/><F67/><W77/><G112/><T26/><D64/><U74/><E68/><V24/><F53/><W7/><G32/><T38/><D38/><U33/><E33/><V73/><F126/><W1/><G107/><T78/><D133/><U102/><E74/><V79/><F79/><W49/><G128/><N who="2" m="49193" /><F134/><W121/><G121/><T15/><D117/><U104/><E104/><V19/><F47/><W54/><G118/><T82/><D109/><U36/><E110/><V35/><F41/><W10/><G7/><T51/><D51/><U89/><E40/><V25/><F35/><W17/><G54/><T101/><D99/><U125/><E125/><V116/><F116/><W56/><REACH who="3" step="1"/><G69/><REACH who="3" ten="250,250,250,240" step="2"/><T85/><D98/><N who="1" m="59727" /><E135/><V127/><F127/><W123/><G123/><T115/><D115/><U124/><E124/><V75/><F73/><W18/><AGARI ba="0,1" hai="1,6,10,16,17,18,49,52,56,62,63,72,77,81" machi="18" ten="30,12000,2" yaku="1,1,0,1,54,2,53,2" doraHai="113" doraHaiUra="59" who="3" fromWho="3" sc="250,-60,250,-30,250,-30,240,130" /><INIT seed="1,0,0,0,1,9" ten="190,220,220,370" oya="1" hai0="132,113,0,100,45,77,7,61,37,19,11,48,46" hai1="57,23,44,3,32,82,110,114,58,21,91,129,52" hai2="74,89,133,62,4,64,66,73,105,43,50,115,42" hai3="41,98,85,15,38,95,2,14,63,78,120,67,60"/><U94/><E32/><V123/><F105/><W106/><G2/><T130/><D113/><U99/><E3/><V117/><F117/><W13/><G106/><T27/><D132/><U127/><E114/><V76/><F115/><W49/><G38/><T109/><D130/><U93/><E129/><V16/><F133/><W88/><G120/><T31/><D109/><U69/><E69/><V84/><F123/><W79/><G67/><T33/><D77/><N who="3" m="29193" /><G85/><T40/><D100/><N who="1" m="60527" /><E82/><V12/><F4/><W53/><G41/><N who="2" m="15369" /><F74/><W119/><G119/><T51/><D46/><AGARI ba="0,0" hai="13,14,15,46,49,53,60,63,88,95,98" m="29193" machi="46" ten="30,8000,1" yaku="8,1,52,3,54,1" doraHai="9" who="3" fromWho="0" sc="190,-80,220,0,220,0,370,80" /><INIT seed="2,0,0,3,2,66" ten="110,220,220,450" oya="2" hai0="78,31,53,62,72,80,77,63,100,13,96,87,71" hai1="118,129,48,14,90,21,76,103,92,11,133,35,28" hai2="81,30,108,45,10,125,98,113,67,104,15,119,56" hai3="85,128,29,52,3,44,93,8,122,131,107,106,0"/><V135/><F119/><W117/><G29/><T19/><D31/><U69/><E103/><V4/><F113/><W79/><G122/><T46/><D78/><U70/><E118/><V24/><F125/><W59/><G44/><T57/><D72/><U6/><E76/><V60/><F135/><W134/><G134/><T121/><D121/><U132/><E129/><N who="3" m="49738" /><G8/><T74/><D74/><U64/><E64/><V83/><F108/><W126/><G126/><T123/><D123/><U97/><E133/><V114/><F114/><W109/><G109/><T36/><D36/><U22/><E22/><V82/><F45/><W86/><G86/><T27/><D27/><U23/><E23/><N who="2" m="15647" /><F104/><N who="3" m="39979" /><G117/><T94/><D46/><U40/><E35/><V68/><F68/><W26/><G26/><T18/><REACH who="0" step="1"/><D13/><REACH who="0" ten="100,220,220,450" step="2"/><U49/><E132/><V37/><F37/><W50/><G79/><T91/><D91/><AGARI ba="0,1" hai="0,3,50,52,59,85,91,93" m="39979,49738" machi="91" ten="30,2000,0" yaku="19,1,54,1" doraHai="66" who="3" fromWho="0" sc="100,-20,220,0,220,0,450,30" /><INIT seed="3,0,0,2,4,4" ten="80,220,220,480" oya="3" hai0="3,45,21,131,6,0,10,129,57,125,87,61,24" hai1="65,66,121,14,37,2,20,35,124,5,41,8,81" hai2="85,123,130,96,60,107,67,105,109,133,32,9,120" hai3="54,98,30,91,79,75,48,62,52,19,93,84,69"/><W17/><G75/><T103/><D103/><U73/><E121/><N who="2" m="46667" /><F32/><W112/><G112/><T68/><D68/><U55/><E55/><V38/><F38/><W92/><G30/><T25/><D87/><U128/><E35/><V63/><F109/><W122/><G122/><T116/><D45/><N who="1" m="23727" /><E124/><V102/><F133/><W74/><G74/><T119/><D57/><U113/><E128/><N who="0" m="49225" /><D61/><N who="2" m="23626" /><F130/><W53/><G48/><T100/><D100/><U11/><E20/><V111/><F67/><W34/><G34/><T99/><D99/><U114/><E114/><V42/><F42/><W43/><G43/><T36/><D36/><U135/><E135/><V90/><F111/><W110/><G110/><T77/><D77/><N who="1" m="44207" /><E113/><V64/><F64/><W95/><G62/><T89/><D89/><U31/><E31/><V70/><F70/><W44/><G69/><T13/><D125/><U71/><E71/><V27/><F27/><N who="0" m="10314" /><D21/><U16/><AGARI ba="0,0" hai="2,5,8,11,14,16,65,66" m="44207,23727" machi="16" ten="30,7900,0" yaku="25,1,52,2,54,1" doraHai="4" who="1" fromWho="1" sc="80,-20,220,79,220,-20,480,-39" owari="60,-44.0,299,10.0,200,-20.0,441,54.0" /></mjloggm>