<mjloggm ver="2.3"><GO type="41" lobby="0"/><UN n0="%E3%82%A6%E3%83%AB%E3%83%88%E3%83%A9%E7%AB%8B%E7%9B%B4" n1="%E5%8D%83%E5%92%8C" n2="%E3%83%8F%E3%83%9F%E3%83%AC%E3%82%B9" n3="%E5%9B%9E%E7%B7%9A%E8%90%BD%E3%81%A1%E3%82%B4%E3%83%A1%E3%83%B3" dan="16,14,14,14" rate="2064.97,1918.34,1868.24,1939.82" sx="M,M,M,M"/><TAIKYOKU oya="0"/><INIT seed="0,0,0,0,3,121" ten="250,250,250,250" oya="0" hai0="27,100,65,124,41,9,110,114,117,62,4,129,98" hai1="64,13,86,101,37,25,74,108,126,99,89,118,23" hai2="18,122,48,103,71,123,107,46,35,128,120,125,0" hai3="127,16,97,119,21,5,58,26,20,70,115,29,105"/><T15/><D117/><U38/><E118/><V11/><F35/><W6/><G119/><T80/><D114/><U81/><E108/><V87/><F71/><W83/><G115/><T82/><D124/><U8/><E126/><V54/><F125/><W12/><G127/><T92/><D129/><U44/><E74/><V69/><F128/><W33/><G70/><T49/><D110/><U79/><E64/><V96/><F69/><W34/><G83/><T28/><D49/><U91/><E44/><V7/><F123/><W14/><G58/><T63/><D41/><U43/><E43/><V72/><F72/><W131/><G105/><T77/><D77/><U130/><E130/><V50/><F48/><W2/><G97/><T133/><D133/><U73/><E38/><V112/><F112/><W88/><G131/><T52/><D52/><U47/><E47/><V42/><F42/><W19/><G88/><T1/><D1/><U60/><E60/><V134/><F134/><W102/><G102/><T24/><D24/><U17/><E37/><V93/><F18/><W61/><G61/><T67/><D67/><U3/><E73/><V51/><F51/><W132/><G132/><T84/><D84/><U57/><E57/><V104/><F107/><W106/><G106/><T95/><D95/><U111/><E111/><V30/><F30/><N who="3" m="19671" /><G2/><T113/><D113/><U40/><E40/><V36/><F36/><W53/><G53/><T94/><D94/><N who="1" m="58615" /><E3/><V90/><AGARI ba="0,0" hai="0,7,11,46,50,54,87,90,93,96,103,104,120,122" machi="90" ten="30,1100,0" yaku="0,1" doraHai="121" who="2" fromWho="2" sc="250,-5,250,-3,250,11,250,-3" /><INIT seed="1,0,0,2,0,72" ten="245,247,261,247" oya="1" hai0="43,57,56,128,26,12,54,16,22,11,78,17,44" hai1="79,130,77,71,50,5,9,111,29,74,32,98,46" hai2="62,88,126,81,127,15,106,21,41,58,104,94,1" hai3="73,121,37,27,61,122,70,63,0,36,115,97,118"/><U69/><E130/><V108/><F1/><W109/><G73/><T132/><D128/><U99/><E111/><V23/><F108/><W65/><G0/><T82/><D54/><U47/><E74/><V131/><F131/><W19/><G115/><T113/><D132/><U124/><E124/><V76/><F41/><W117/><G109/><T114/><D114/><U67/><E29/><V105/><F127/><W135/><G135/><T59/><D113/><U60/><E32/><V66/><F15/><W7/><G7/><T49/><D57/><U6/><E9/><V51/><F51/><W85/><G61/><T55/><D55/><U40/><E50/><V91/><F126/><W25/><G97/><T123/><D123/><U3/><E60/><V112/><F112/><W119/><G85/><AGARI ba="0,0" hai="11,12,16,17,22,26,43,44,49,56,59,78,82,85" machi="85" ten="30,7700,0" yaku="7,1,8,1,52,1,54,1" doraHai="72" who="0" fromWho="3" sc="245,77,247,0,261,0,247,-77" /><INIT seed="2,0,0,0,4,120" ten="322,247,261,170" oya="2" hai0="91,117,98,38,109,3,134,116,45,128,75,22,14" hai1="95,87,56,49,104,25,55,52,57,51,37,83,61" hai2="79,65,68,59,77,115,41,126,9,132,18,88,34" hai3="93,24,67,13,0,23,66,81,5,26,36,92,99"/><V8/><F115/><W85/><G36/><T108/><D3/><U10/><E104/><V17/><F34/><W39/><G0/><T46/><D75/><U4/><E37/><V29/><F68/><W119/><G39/><T42/><D46/><U106/><E106/><V123/><F123/><W105/><G119/><N who="0" m="45643" /><D128/><U101/><E61/><V112/><F112/><W73/><G105/><T100/><D91/><U74/><E74/><V58/><F41/><W20/><G73/><T127/><D127/><U53/><E53/><V43/><F43/><W94/><G99/><T64/><D64/><N who="3" m="24617" /><G5/><T124/><D124/><U63/><E63/><V69/><F126/><W47/><G47/><T62/><D62/><U135/><E135/><V111/><F65/><W40/><G40/><T30/><D134/><U6/><E25/><N who="3" m="9834" /><G13/><T78/><D30/><U96/><E10/><V114/><F114/><W21/><G81/><T131/><D131/><U84/><E84/><AGARI ba="0,0" hai="20,21,23,84,85,92,93,94" m="9834,24617" machi="84" ten="40,5200,0" yaku="28,2,8,1" doraHai="120" who="3" fromWho="1" sc="322,0,247,-52,261,0,170,52" /><INIT seed="3,0,0,2,0,44" ten="322,195,261,222" oya="3" hai0="36,42,62,96,26,20,111,7,35,54,112,104,103" hai1="40,38,47,107,126,3,61,129,59,28,94,29,14" hai2="75,67,118,70,24,21,68,98,25,46,119,33,133" hai3="41,1,90,8,117,127,64,37,32,49,50,22,10"/><W109/><G117/><T6/><D112/><U39/><E3/><V116/><F75/><W74/><G32/><T99/><D111/><U100/><E107/><V113/><F113/><W19/><G74/><T11/><D42/><U48/><E129/><V114/><F114/><W91/><G109/><T95/><D36/><U102/><E126/><V56/><F133/><W31/><G127/><T125/><D35/><U81/><E38/><V88/><F33/><W58/><G1/><T105/><D105/><U12/><E39/><V80/><F25/><N who="3" m="14559" /><G37/><T108/><D108/><U53/><E81/><V23/><F23/><W16/><G41/><T89/><D11/><N who="3" m="4137" /><G31/><N who="1" m="11850" /><E94/><V34/><F34/><W131/><G131/><T63/><D125/><U69/><E69/><V13/><F68/><W66/><G16/><N who="0" m="12551" /><D62/><U106/><E106/><V15/><F70/><W132/><G132/><T55/><D104/><U45/><E45/><V115/><F46/><W79/><G79/><T77/><D77/><U71/><E71/><V17/><F115/><W120/><G120/><T122/><D122/><U123/><E123/><V83/><F119/><W82/><G58/><T2/><D2/><U85/><E85/><V110/><F118/><W18/><G18/><T43/><D43/><U57/><E57/><V76/><F110/><W87/><G90/><T51/><D89/><U97/><E97/><V65/><F116/><W124/><G124/><T4/><D99/><U93/><E93/><N who="2" m="56615" /><F56/><W78/><G78/><T9/><D96/><U128/><E128/><V73/><F80/><W30/><G30/><T72/><D72/><RYUUKYOKU ba="0,0" sc="322,-30,195,10,261,10,222,10" hai1="12,14,40,47,48,53,59,61,100,102" hai2="13,15,17,21,24,65,67,73,76,83" hai3="49,50,64,66,82,87,91" /><INIT seed="3,1,0,1,3,24" ten="292,205,271,232" oya="3" hai0="85,28,125,38,84,134,110,74,90,87,47,3,19" hai1="108,42,63,82,25,6,76,17,123,46,99,5,97" hai2="8,132,0,36,128,107,72,34,119,59,71,100,12" hai3="60,56,129,20,10,41,33,2,9,13,111,104,121"/><W67/><G121/><T80/><D3/><U27/><E123/><V52/><RYUUKYOKU type="yao9" ba="1,0" sc="292,0,205,0,271,0,232,0" hai2="0,8,12,34,36,52,59,71,72,100,107,119,128,132" /><INIT seed="3,2,0,1,1,19" ten="292,205,271,232" oya="3" hai0="27,39,17,11,101,23,38,5,16,80,79,114,57" hai1="42,126,10,69,29,35,102,94,125,2,25,49,1" hai2="28,54,97,100,22,61,116,108,77,109,48,111,67" hai3="105,90,47,93,106,65,36,20,68,70,64,104,12"/><W71/><G36/><T88/><D114/><U129/><E69/><V51/><F116/><W45/><G47/><T115/><D115/><U89/><E129/><V26/><F77/><W130/><G130/><T124/><D101/><U41/><E102/><V18/><F54/><W0/><G0/><T72/><D124/><N who="1" m="47723" /><E49/><V121/><F18/><W21/><G45/><T122/><D122/><U78/><E78/><V135/><F135/><W4/><G4/><T91/><D57/><U131/><E131/><V43/><F43/><W62/><G12/><T13/><D91/><U134/><E134/><V34/><F34/><W56/><REACH who="3" step="1"/><G65/><REACH who="3" ten="292,205,271,222" step="2"/><T7/><D39/><U30/><E1/><V73/><F121/><W117/><G117/><T8/><D38/><U32/><E2/><V103/><F109/><W113/><G113/><T50/><D5/><U31/><E42/><V92/><F111/><W110/><G110/><T83/><D7/><U74/><E41/><V133/><F108/><W99/><AGARI ba="2,1" hai="20,21,56,62,64,68,70,71,90,93,99,104,105,106" machi="99" ten="40,12000,1" yaku="1,1,0,1,52,2,53,1" doraHai="19" doraHaiUra="63" who="3" fromWho="3" sc="292,-42,205,-42,271,-42,222,136" /><INIT seed="3,3,0,1,2,32" ten="250,163,229,358" oya="3" hai0="84,129,51,103,126,31,82,19,115,12,11,62,30" hai1="114,10,18,74,42,49,23,98,41,9,56,6,2" hai2="5,108,76,1,43,79,36,95,44,106,0,122,66" hai3="134,64,39,131,7,133,29,34,55,27,68,91,105"/><W101/><G39/><T83/><D115/><U96/><E114/><V20/><F106/><W63/><G55/><T121/><D121/><U123/><E123/><V102/><F122/><W24/><G27/><T8/><D126/><U81/><E9/><V86/><F66/><W85/><G7/><T116/><D129/><U78/><E41/><V25/><F108/><W54/><G54/><T117/><D116/><U38/><E38/><V22/><F20/><W40/><G40/><T90/><D117/><U73/><E73/><V4/><F4/><W65/><G65/><T112/><D112/><U52/><REACH who="1" step="1"/><E42/><REACH who="1" ten="250,153,229,358" step="2"/><V21/><F43/><W15/><G131/><T28/><D11/><U89/><E89/><V125/><F36/><W93/><G15/><AGARI ba="3,1" hai="2,6,10,15,18,23,49,52,56,74,78,81,96,98" machi="15" ten="30,7700,0" yaku="1,1,7,1,52,1,54,1,53,0" doraHai="32" doraHaiUra="113" who="1" fromWho="3" sc="250,0,153,96,229,0,358,-86" /><INIT seed="4,0,0,1,5,66" ten="250,249,229,272" oya="0" hai0="25,63,128,91,16,85,103,13,31,88,130,135,83" hai1="82,19,116,59,131,60,18,51,111,69,12,112,126" hai2="43,41,74,40,38,125,79,4,42,75,14,99,105" hai3="6,132,8,113,62,129,35,23,86,119,32,26,58"/><T84/><D103/><U67/><E111/><V44/><F125/><W49/><G119/><T104/><D104/><U124/><E116/><V57/><F79/><W73/><G113/><T118/><D118/><U30/><E131/><V15/><F57/><W98/><G73/><T97/><D97/><U134/><E112/><V78/><F78/><W108/><G108/><T22/><D63/><U72/><E134/><V77/><F77/><W9/><G129/><T56/><D56/><U47/><E82/><V122/><F122/><W80/><G132/><T106/><D106/><U115/><E72/><V101/><F14/><W33/><G98/><T117/><D117/><U45/><E115/><V2/><F2/><W50/><G9/><T53/><D53/><N who="1" m="32191" /><E30/><V127/><F127/><N who="1" m="48681" /><E19/><V48/><F38/><W1/><G80/><T55/><D55/><U133/><E133/><V39/><F39/><W100/><G86/><T17/><D135/><U96/><E96/><V28/><F28/><W24/><G100/><T92/><REACH who="0" step="1"/><D17/><REACH who="0" ten="240,249,229,272" step="2"/><U11/><AGARI ba="0,1" hai="11,12,18,45,47,60,67,69" m="48681,32191" machi="11" ten="30,2000,0" yaku="18,1,52,1" doraHai="66" who="1" fromWho="1" sc="240,-10,249,30,229,-5,272,-5" /><INIT seed="5,0,0,3,2,28" ten="230,279,224,267" oya="1" hai0="57,106,17,9,16,90,15,111,71,66,32,89,26" hai1="134,22,88,56,8,64,58,118,29,31,5,97,21" hai2="25,83,65,30,48,36,35,107,123,103,128,129,93" hai3="109,27,120,115,0,105,68,122,100,79,13,61,20"/><U50/><E118/><V119/><F119/><W77/><G109/><T101/><D111/><U37/><E37/><V33/><F123/><W81/><G0/><T53/><D66/><U7/><E134/><V75/><F36/><W124/><G124/><T51/><D71/><U98/><E64/><V39/><F39/><W121/><G115/><T132/><D132/><U34/><E34/><V73/><F107/><W108/><G108/><T1/><D1/><U95/><E98/><N who="2" m="59855" /><F65/><W44/><G13/><T117/><D117/><U55/><E58/><V86/><F48/><W47/><G79/><T114/><D114/><U54/><E54/><V52/><F52/><W4/><G4/><N who="1" m="1610" /><E8/><V85/><F75/><W2/><G2/><T104/><D101/><U126/><E126/><V113/><F113/><W63/><G68/><T49/><D49/><U82/><E82/><V96/><F96/><W69/><G69/><T59/><D59/><U46/><E56/><V92/><F92/><W19/><G61/><T91/><REACH who="0" step="1"/><D17/><REACH who="0" ten="220,279,224,267" step="2"/><U3/><E3/><V125/><F125/><W78/><G63/><T14/><D14/><U94/><E31/><AGARI ba="0,1" hai="9,15,16,26,31,32,51,53,57,89,90,91,104,106" machi="31" ten="40,5200,0" yaku="1,1,52,1,54,1,53,0" doraHai="28" doraHaiUra="99" who="0" fromWho="1" sc="220,62,279,-52,224,0,267,0" /><INIT seed="6,0,0,3,3,63" ten="282,227,224,267" oya="2" hai0="72,79,17,53,39,70,58,6,31,36,102,109,121" hai1="0,57,28,20,44,16,50,22,32,56,108,112,134" hai2="30,124,105,87,107,65,84,92,75,98,18,128,62" hai3="129,77,59,103,69,78,49,1,61,43,52,42,73"/><V23/><F75/><W114/><G129/><T93/><D109/><U37/><E108/><V132/><F128/><W127/><G1/><T13/><D70/><U46/><E0/><V4/><F124/><W91/><G127/><T123/><D39/><U8/><E112/><V133/><F30/><W90/><G73/><T97/><D36/><U80/><E134/><V64/><F4/><W26/><G114/><T94/><D31/><U126/><E126/><V55/><F55/><N who="3" m="34047" /><G69/><T89/><D6/><U41/><E32/><V101/><F62/><W33/><G33/><T10/><D79/><N who="3" m="30217" /><G26/><T66/><D72/><U130/><E80/><V113/><F113/><W83/><G103/><T120/><D120/><U95/><E130/><V88/><F107/><W117/><G117/><T115/><D115/><U99/><E28/><V100/><F87/><N who="3" m="50559" /><G91/><T29/><D29/><U3/><E22/><V2/><F2/><W21/><G21/><T76/><D76/><U47/><E47/><AGARI ba="0,0" hai="42,43,47,49,52" m="50559,30217,34047" machi="47" ten="30,2000,0" yaku="8,1,54,1" doraHai="63" who="3" fromWho="1" sc="282,0,227,-20,224,0,267,20" /><INIT seed="7,0,0,2,0,44" ten="282,207,224,287" oya="3" hai0="114,25,63,103,8,111,20,40,26,45,121,75,122" hai1="51,27,57,79,112,124,69,21,105,83,14,74,53" hai2="47,10,28,39,127,73,66,110,5,32,7,2,64" hai3="15,54,123,104,4,126,46,116,58,134,97,13,36"/><W90/><G116/><T87/><D111/><U120/><E105/><V12/><F110/><W133/><G123/><T0/><D26/><U71/><E120/><V62/><F127/><W72/><G72/><T115/><D103/><U31/><E124/><V55/><F12/><W91/><G126/><T84/><D75/><U128/><E112/><N who="0" m="43049" /><D63/><U81/><E128/><V100/><F7/><W19/><G4/><N who="0" m="1031" /><D87/><U106/><E106/><V80/><F100/><N who="3" m="62479" /><G36/><N who="0" m="21639" /><D84/><U77/><REACH who="1" step="1"/><E14/><REACH who="1" ten="282,197,224,287" step="2"/><N who="3" m="5130" /><G19/><AGARI ba="0,1" hai="19,20,25,121,122" m="21639,1031,43049" machi="19" ten="30,2000,0" yaku="15,1,11,1" doraHai="44" who="0" fromWho="3" sc="282,30,197,0,224,0,287,-20" owari="312,41.0,197,-30.0,224,-18.0,267,7.0" /></mjloggm>