<mjloggm ver="2.3"><GO type="225" lobby="0"/><UN n0="%40%E7%B4%94%E3%81%A1%E3%82%83%E3%82%93" n1="%4D%72%2E%6E%69%6B%75%39" n2="%E3%82%A6%E3%83%AB%E3%83%88%E3%83%A9%E7%AB%8B%E7%9B%B4" n3="%6D%61%62%6F%6F%6F" dan="17,16,16,16" rate="2229.58,2155.16,2006.43,2107.32" sx="M,M,M,M"/><TAIKYOKU oya="0"/><INIT seed="0,0,0,4,4,97" ten="250,250,250,250" oya="0" hai0="118,98,60,117,12,31,30,78,129,16,77,128,114" hai1="50,91,102,74,100,108,124,13,47,133,25,24,67" hai2="1,94,32,2,40,7,96,55,79,49,88,44,8" hai3="52,61,58,83,72,35,9,4,53,126,104,80,87"/><T76/><D114/><U71/><E74/><V89/><F32/><W39/><G35/><T99/><D60/><N who="1" m="40423" /><E91/><V106/><F106/><W15/><G104/><T93/><D31/><U36/><E36/><V43/><F2/><W82/><G39/><T59/><D59/><U5/><E5/><V105/><F105/><W130/><G130/><N who="0" m="50283" /><D30/><U69/><E13/><V115/><F115/><W123/><G126/><T11/><D99/><U95/><E95/><V46/><F79/><N who="0" m="20226" /><T68/><DORA hai="135" /><D68/><U42/><E69/><V6/><F6/><W23/><G123/><T45/><D45/><U131/><E131/><V38/><REACH who="2" step="1"/><F43/><REACH who="2" ten="250,250,240,250" step="2"/><W51/><G72/><T110/><D110/><U21/><E108/><V0/><F0/><W17/><G87/><T48/><D48/><U85/><E85/><V86/><F86/><W10/><REACH who="3" step="1"/><G4/><REACH who="3" ten="250,250,240,240" step="2"/><T54/><D118/><U70/><E133/><V34/><F34/><W84/><G84/><T81/><D117/><U19/><E124/><V37/><F37/><W65/><G65/><T41/><D81/><U113/><E113/><V18/><F18/><W90/><G90/><AGARI ba="0,2" hai="1,7,8,38,40,44,46,49,55,88,89,90,94,96" machi="90" ten="30,3900,0" yaku="1,1,7,1,54,1,53,0" doraHai="97,135" doraHaiUra="28,111" who="2" fromWho="3" sc="250,0,250,0,240,59,240,-39" /><INIT seed="1,0,0,5,1,43" ten="250,250,299,201" oya="1" hai0="120,68,59,103,128,54,32,4,114,64,83,19,75" hai1="57,94,60,0,98,90,5,10,86,12,73,66,123" hai2="93,9,110,133,117,21,36,34,46,30,56,107,80" hai3="121,25,125,28,131,135,26,41,39,89,72,134,18"/><U49/><E123/><V16/><F107/><W42/><G72/><T53/><D128/><U17/><E73/><V76/><F117/><W97/><G121/><T6/><D114/><U61/><E61/><V77/><F34/><W47/><G131/><T106/><D32/><U52/><E0/><V116/><F116/><W100/><G125/><T91/><D120/><U111/><E111/><V88/><F133/><N who="3" m="50699" /><G28/><T85/><D75/><U74/><E74/><V3/><F3/><W40/><G89/><T84/><D68/><U44/><REACH who="1" step="1"/><E86/><REACH who="1" ten="250,240,299,201" step="2"/><V79/><F110/><W7/><G39/><T104/><D85/><U11/><E11/><V71/><F9/><W112/><G112/><T115/><D115/><U78/><E78/><V45/><F36/><W65/><G65/><T14/><D64/><U92/><E92/><V99/><F79/><W96/><G7/><AGARI ba="0,1" hai="5,7,10,12,17,44,49,52,57,60,66,90,94,98" machi="7" ten="40,12000,1" yaku="1,1,8,1,52,1,54,1,53,0" doraHai="43" doraHaiUra="22" who="1" fromWho="3" sc="250,0,240,130,299,0,201,-120" /><INIT seed="1,1,0,2,1,126" ten="250,370,299,81" oya="1" hai0="3,1,85,58,37,44,19,52,32,71,36,86,47" hai1="18,61,17,33,29,110,63,106,100,28,96,65,128" hai2="20,127,121,46,94,4,53,62,23,75,70,122,41" hai3="125,92,34,38,6,93,43,129,102,21,114,55,40"/><U130/><E63/><V8/><F75/><W91/><G34/><T5/><D71/><N who="1" m="42415" /><E110/><V118/><F118/><W133/><G6/><T82/><D32/><U132/><E132/><V67/><F127/><W113/><G21/><T74/><D44/><U48/><E48/><V119/><F119/><W42/><G125/><T115/><D115/><U87/><E87/><V31/><F23/><W76/><G76/><T79/><D19/><N who="1" m="7179" /><E29/><V73/><F73/><W134/><G38/><T26/><D26/><AGARI ba="1,0" hai="26,28,33,96,100,106,128,130" m="7179,42415" machi="26" ten="30,5800,0" yaku="25,1,52,2" doraHai="126" who="1" fromWho="0" sc="250,-61,370,61,299,0,81,0" /><INIT seed="1,2,0,1,3,62" ten="189,431,299,81" oya="1" hai0="10,59,84,66,97,90,106,92,8,129,80,35,88" hai1="87,115,32,3,29,110,63,2,5,118,70,19,30" hai2="0,71,17,24,65,94,99,16,96,83,4,112,33" hai3="12,27,89,68,50,114,48,15,77,1,134,14,95"/><U47/><E118/><V109/><F109/><W107/><G1/><T72/><D129/><U58/><E115/><V122/><F122/><W82/><G107/><T49/><D35/><U13/><E70/><V126/><F126/><W91/><G114/><T25/><D25/><U69/><E69/><V130/><F130/><W51/><G134/><T108/><D108/><U6/><E47/><V53/><F4/><N who="1" m="1641" /><E87/><V86/><F0/><N who="1" m="41" /><E58/><V11/><F86/><W61/><G27/><T39/><D39/><U34/><E63/><V125/><F96/><W93/><G68/><T123/><D123/><U37/><E37/><V124/><F112/><W127/><G127/><T45/><D72/><U132/><E132/><V22/><F71/><W52/><G61/><N who="0" m="38207" /><D106/><U23/><E110/><V38/><F38/><W121/><G121/><T76/><D76/><U40/><E40/><AGARI ba="2,0" hai="8,10,40,45,49,80,84,88,90,92,97" m="38207" machi="40" ten="30,3900,0" yaku="8,1,52,1,54,1" doraHai="62" who="0" fromWho="1" sc="189,45,431,-45,299,0,81,0" /><INIT seed="2,0,0,3,1,31" ten="234,386,299,81" oya="2" hai0="49,7,56,26,61,51,74,81,18,65,30,0,85" hai1="60,44,125,45,25,48,4,27,11,90,106,97,15" hai2="107,10,78,40,132,129,103,133,5,19,55,108,6" hai3="120,57,75,32,71,88,69,92,95,64,46,12,91"/><V38/><F40/><W131/><G120/><T39/><D39/><U98/><E125/><V50/><F38/><W109/><G75/><T59/><D74/><U21/><E106/><V96/><F129/><W13/><G131/><T114/><D114/><U43/><E60/><V87/><F19/><W58/><G46/><T104/><D104/><U14/><E45/><N who="2" m="28111" /><F10/><W29/><G29/><T22/><D7/><U111/><E111/><V101/><F101/><W73/><G73/><T122/><D0/><U123/><E123/><V99/><F99/><N who="1" m="37897" /><E90/><V1/><F1/><W130/><G130/><T94/><D94/><U28/><E28/><V77/><F108/><W67/><REACH who="3" step="1"/><G109/><REACH who="3" ten="234,386,299,71" step="2"/><T79/><D122/><U118/><E44/><V9/><F133/><W135/><G135/><T80/><D30/><U35/><E43/><V84/><F132/><W102/><G102/><T126/><D126/><U36/><E36/><V117/><F103/><W20/><G20/><T54/><D22/><U47/><E21/><V121/><F107/><W124/><G124/><T16/><D56/><U112/><E47/><V127/><F127/><W41/><G41/><T82/><D59/><U34/><E112/><V23/><F23/><W72/><G72/><T33/><D26/><U116/><E27/><V93/><F121/><W70/><G70/><T8/><D8/><U134/><E25/><V63/><F9/><W110/><G110/><T2/><D2/><U52/><E134/><V86/><F117/><N who="1" m="45161" /><E15/><V62/><F77/><W42/><G42/><T89/><D79/><U53/><E14/><V128/><F78/><RYUUKYOKU ba="0,1" sc="234,-10,386,-10,299,-10,71,30" hai3="12,13,32,57,58,64,67,69,71,88,91,92,95" /><INIT seed="3,1,1,1,1,14" ten="224,376,289,101" oya="3" hai0="13,100,119,91,116,98,36,80,10,95,1,121,125" hai1="99,11,27,19,78,112,81,49,3,63,110,24,130" hai2="133,28,70,53,65,2,122,120,20,79,23,9,97" hai3="21,72,58,92,127,52,54,47,66,89,15,128,38"/><W93/><G72/><T50/><D36/><U17/><E112/><V77/><F65/><W96/><G127/><T69/><D69/><U106/><E3/><V107/><F70/><W75/><G75/><T76/><D121/><U117/><E117/><V73/><F73/><W4/><G128/><T88/><D1/><U86/><E130/><V42/><F42/><W22/><G38/><T12/><D125/><U67/><E110/><V35/><F35/><W135/><G135/><T68/><D68/><U7/><E49/><V62/><F133/><W33/><G33/><T85/><D116/><U60/><E7/><N who="2" m="1271" /><F79/><W90/><G66/><T108/><D108/><U6/><E6/><V132/><F77/><W43/><G43/><T61/><D61/><U129/><E63/><V115/><F115/><W8/><G47/><T101/><D101/><U5/><E5/><V59/><F28/><W126/><G126/><T114/><D114/><U103/><E11/><V46/><F46/><W44/><G44/><T82/><D50/><U39/><E39/><V0/><F0/><W105/><G105/><T56/><D56/><U41/><E41/><V55/><F55/><N who="3" m="21035" /><G58/><T104/><D119/><U48/><E48/><V40/><F40/><W26/><G26/><N who="1" m="9770" /><E129/><V57/><F57/><W34/><G34/><T131/><D131/><U30/><E30/><V102/><F132/><W64/><G64/><T16/><D104/><U123/><E123/><AGARI ba="1,1" hai="20,23,53,59,62,97,102,107,120,122,123" m="1271" machi="123" ten="30,1000,0" yaku="13,1" doraHai="14" who="2" fromWho="1" sc="224,0,376,-13,289,23,101,0" owari="224,-18.0,363,47.0,312,11.0,101,-40.0" /></mjloggm>