<mjloggm ver="2.3"><GO type="97" lobby="0"/><UN n0="%E3%82%A6%E3%83%AB%E3%83%88%E3%83%A9%E7%AB%8B%E7%9B%B4" n1="%E3%83%9E%E3%83%A1%E3%83%9D%E3%82%B3" n2="%E5%AE%B5%E9%97%87%E5%B0%86%E8%BB%8D" n3="%43%61%70" dan="15,15,14,15" rate="2017.83,1990.70,1936.40,1942.77" sx="M,M,M,M"/><TAIKYOKU oya="0"/><INIT seed="0,0,0,2,3,123" ten="250,250,250,250" oya="0" hai0="30,25,9,59,39,11,91,117,6,26,96,12,49" hai1="89,110,88,119,28,94,114,47,27,53,84,37,87" hai2="90,132,2,1,125,22,42,75,34,23,40,72,15" hai3="108,109,71,17,113,130,86,135,48,118,67,100,52"/><T124/><D39/><U36/><E119/><V0/><F34/><W85/><G113/><T19/><D117/><U120/><E120/><V14/><F132/><W7/><G118/><T31/><D124/><U10/><E114/><V98/><F125/><W73/><G73/><N who="2" m="28233" /><F98/><W93/><G7/><T20/><D96/><U61/><E10/><N who="0" m="3593" /><D91/><U58/><E47/><V54/><F90/><W4/><G4/><T77/><D77/><U76/><E76/><V127/><F127/><W62/><G135/><T69/><D49/><U103/><E103/><V70/><F70/><W81/><G17/><N who="0" m="12431" /><D59/><U68/><E68/><V24/><F54/><W126/><G126/><T21/><D69/><U13/><E13/><N who="2" m="4619" /><F24/><W134/><G134/><T32/><D6/><U18/><E18/><V80/><F80/><W131/><G93/><T38/><D38/><U65/><E53/><V46/><F46/><N who="3" m="27671" /><G100/><T44/><D44/><U57/><E57/><V50/><F50/><W95/><G95/><T8/><N who="0" m="3601" /><T82/><DORA hai="60" /><D82/><N who="1" m="49175" /><E36/><V121/><F121/><W3/><G3/><N who="2" m="769" /><V133/><DORA hai="128" /><F133/><W105/><G105/><T66/><D66/><U79/><E37/><V116/><F116/><W29/><G81/><T35/><D26/><U99/><E79/><V41/><AGARI ba="0,0" hai="22,23,40,41,42" m="769,4619,28233" machi="41" ten="50,3200,0" yaku="28,2" doraHai="123,60,128" who="2" fromWho="2" sc="250,-16,250,-8,250,32,250,-8" /><INIT seed="1,0,0,2,1,85" ten="234,242,282,242" oya="1" hai0="80,54,122,58,102,64,17,35,57,108,82,40,124" hai1="96,86,67,42,107,109,78,92,45,30,28,103,100" hai2="66,112,15,49,77,75,99,128,46,79,98,129,133" hai3="47,18,97,6,117,76,53,95,32,1,73,105,21"/><U59/><E109/><V135/><F66/><W61/><G105/><T134/><D35/><U63/><E103/><V10/><F15/><W51/><G32/><T2/><D2/><U19/><E19/><V84/><F10/><W60/><G6/><T13/><D108/><U83/><REACH who="1" step="1"/><E107/><REACH who="1" ten="234,232,282,242" step="2"/><V65/><F46/><W0/><G18/><T121/><D102/><U44/><E44/><V119/><F119/><W48/><G117/><T90/><D17/><U125/><E125/><V41/><F112/><W38/><G47/><T9/><D124/><U33/><E33/><V37/><F37/><AGARI ba="0,1" hai="28,30,37,42,45,59,63,67,78,83,86,92,96,100" machi="37" ten="30,2900,0" yaku="1,1,7,1,53,0" doraHai="85" doraHaiUra="101" who="1" fromWho="2" sc="234,0,232,39,282,-29,242,0" /><INIT seed="1,1,0,3,0,62" ten="234,271,253,242" oya="1" hai0="114,64,11,42,102,84,2,37,104,109,57,86,71" hai1="67,9,75,32,15,45,111,49,98,13,27,58,61" hai2="47,26,25,40,100,123,28,4,50,52,74,31,79" hai3="133,77,60,113,34,106,68,103,6,135,99,69,125"/><U78/><E111/><V122/><F100/><W134/><G113/><T73/><D71/><U97/><E13/><V96/><F4/><W126/><G77/><T91/><D102/><U29/><E78/><V132/><F132/><W38/><G38/><T95/><D104/><U5/><REACH who="1" step="1"/><E75/><REACH who="1" ten="234,261,253,242" step="2"/><V92/><F79/><W66/><G6/><T0/><D73/><U88/><E88/><V14/><F74/><W39/><G39/><T41/><D109/><U33/><E33/><V3/><F3/><W1/><G34/><T119/><D37/><U46/><E46/><V36/><F123/><W90/><G1/><T54/><D2/><U7/><E7/><V18/><F122/><W35/><G35/><T30/><D0/><U21/><E21/><V53/><F36/><W130/><G90/><T43/><D91/><U129/><E129/><V101/><F26/><W87/><G130/><T94/><D114/><U118/><E118/><V85/><F25/><W44/><G44/><T16/><D119/><U115/><E115/><V10/><F85/><W112/><G87/><T107/><D86/><U65/><E65/><V56/><REACH who="2" step="1"/><F40/><AGARI ba="1,1" hai="5,9,15,27,29,32,40,45,49,58,61,67,97,98" machi="40" ten="30,5800,0" yaku="1,1,7,1,52,1,53,0" doraHai="62" doraHaiUra="108" who="1" fromWho="2" sc="234,0,261,71,253,-61,242,0" /><INIT seed="1,2,0,2,0,39" ten="234,332,192,242" oya="1" hai0="74,119,99,95,42,83,17,114,135,50,41,113,48" hai1="32,46,100,106,110,28,56,73,24,54,59,36,117" hai2="8,53,91,105,90,108,97,4,130,29,98,62,49" hai3="34,64,13,31,18,33,111,22,126,60,11,58,26"/><U66/><E117/><V72/><F72/><W116/><G116/><T63/><D83/><U80/><E110/><V2/><F108/><W123/><G111/><T101/><D74/><U115/><E115/><V75/><F75/><W37/><G37/><T30/><D119/><U71/><E73/><V104/><F130/><W85/><G123/><T9/><D114/><U40/><E80/><V133/><F133/><W93/><G126/><T107/><D107/><U3/><E3/><V27/><F62/><W129/><G129/><T132/><D30/><U0/><E0/><V44/><F105/><W77/><G77/><T10/><D63/><N who="1" m="40415" /><E54/><V94/><F104/><W16/><G85/><T121/><D113/><U125/><E125/><V51/><F51/><N who="0" m="19498" /><D121/><U57/><E57/><V25/><F29/><W14/><REACH who="3" step="1"/><G93/><AGARI ba="2,0" hai="2,4,8,25,27,44,49,53,90,91,93,94,97,98" machi="93" ten="40,1300,0" yaku="9,1" doraHai="39" who="2" fromWho="3" sc="234,0,332,0,192,19,242,-19" /><INIT seed="2,0,0,3,4,114" ten="234,332,211,223" oya="2" hai0="111,85,39,7,106,67,90,22,38,54,40,34,130" hai1="88,56,116,18,1,94,84,45,113,73,124,58,47" hai2="107,6,91,95,71,133,132,68,129,103,99,83,108" hai3="131,27,78,24,66,69,14,29,93,62,16,60,9"/><V36/><F36/><W37/><G37/><T98/><D34/><U55/><E113/><V123/><F6/><W57/><G78/><T21/><D67/><U25/><E73/><V76/><F68/><W109/><G131/><T0/><D130/><U20/><E1/><V121/><F71/><W80/><G80/><T128/><D128/><U101/><E116/><V17/><F17/><W127/><G127/><T118/><D118/><U41/><E124/><V77/><F129/><W81/><G81/><T51/><D40/><U3/><E3/><V105/><F108/><W134/><G134/><N who="2" m="51817" /><F76/><W63/><G109/><T96/><D7/><U4/><E4/><V117/><F117/><W33/><G27/><T75/><D0/><U12/><E101/><V89/><F89/><W52/><REACH who="3" step="1"/><G93/><REACH who="3" ten="234,332,211,213" step="2"/><N who="0" m="54479" /><D111/><U126/><E126/><V26/><F26/><W48/><AGARI ba="0,1" hai="9,14,16,24,29,33,48,52,57,60,62,63,66,69" machi="48" ten="20,12000,2" yaku="1,1,0,1,7,1,54,2,53,1" doraHai="114" doraHaiUra="50" who="3" fromWho="3" sc="234,-30,332,-30,211,-60,213,130" /><INIT seed="3,0,0,1,3,30" ten="204,302,151,343" oya="3" hai0="13,104,71,37,53,121,99,126,4,80,17,127,48" hai1="73,98,0,128,68,94,85,59,21,33,62,45,134" hai2="41,84,8,135,65,86,23,102,74,3,40,111,81" hai3="60,83,90,124,2,125,93,50,88,44,49,95,11"/><W89/><G60/><T118/><D37/><U103/><E73/><V24/><F74/><W115/><G83/><T69/><D4/><U7/><E128/><V114/><F114/><W10/><G2/><T39/><D39/><U18/><E134/><V108/><F135/><W67/><G67/><T19/><D118/><U112/><E68/><N who="0" m="26185" /><D13/><U116/><E116/><V132/><F132/><W92/><G115/><T31/><D31/><U113/><E33/><V51/><F102/><W27/><G27/><T29/><D29/><U122/><E122/><V52/><F65/><W66/><G66/><T78/><D99/><U100/><E100/><V131/><F131/><W91/><G91/><T54/><D104/><U12/><E45/><V96/><F96/><W101/><G101/><T63/><D63/><U82/><E0/><V6/><F86/><W107/><G107/><T130/><D130/><U64/><REACH who="1" step="1"/><E7/><REACH who="1" ten="204,292,151,343" step="2"/><V105/><F111/><W120/><G120/><T46/><D121/><U15/><E15/><V34/><F108/><W106/><G44/><T25/><D46/><U76/><AGARI ba="0,1" hai="12,18,21,59,62,64,76,82,85,94,98,103,112,113" machi="76" ten="20,2700,0" yaku="1,1,0,1,7,1,53,0" doraHai="30" doraHaiUra="5" who="1" fromWho="1" sc="204,-7,292,37,151,-7,343,-13" owari="197,-20.0,329,13.0,144,-36.0,330,43.0" /></mjloggm>