<mjloggm ver="2.3"><GO type="225" lobby="0"/><UN n0="%23%37%34%E5%A4%A7%E6%B2%BB%E9%83%8E" n1="%E3%82%A6%E3%83%AB%E3%83%88%E3%83%A9%E7%AB%8B%E7%9B%B4" n2="%E3%82%B7%E3%83%9F%E3%83%AA%E3%82%B9%EF%BC%94" n3="%E5%8E%A8%E8%B5%B0" dan="16,16,16,17" rate="2072.72,2023.12,2044.50,2202.79" sx="M,M,F,M"/><TAIKYOKU oya="0"/><INIT seed="0,0,0,4,3,46" ten="250,250,250,250" oya="0" hai0="30,0,70,124,115,102,119,3,91,105,72,90,110" hai1="6,76,64,80,113,69,109,2,112,68,48,17,71" hai2="66,79,53,82,125,89,101,94,126,26,103,5,4" hai3="39,62,20,12,34,32,120,7,37,81,54,29,108"/><T24/><D119/><U134/><E134/><V97/><F66/><W128/><G108/><T50/><D115/><N who="1" m="44107" /><E109/><V18/><F53/><W85/><G128/><T96/><D110/><U31/><E31/><V59/><F59/><W99/><G99/><T118/><D118/><U133/><E133/><V19/><F19/><W74/><G74/><T44/><D72/><N who="1" m="43015" /><E17/><V23/><F103/><W33/><G120/><T40/><D124/><N who="2" m="47722" /><F101/><W129/><G32/><T117/><D117/><U98/><E98/><V106/><F106/><W121/><G29/><T42/><D42/><U75/><E75/><AGARI ba="0,0" hai="4,5,18,23,26,75,79,82,89,94,97" m="47722" machi="75" ten="30,1000,0" yaku="18,1" doraHai="46" who="2" fromWho="1" sc="250,0,250,-10,250,10,250,0" /><INIT seed="1,0,0,5,2,130" ten="250,240,260,250" oya="1" hai0="24,78,9,35,132,68,8,17,22,90,87,50,27" hai1="91,93,25,116,38,71,66,18,82,54,57,126,52" hai2="62,109,5,94,20,12,37,45,58,95,55,75,51" hai3="19,56,64,114,7,134,122,127,92,81,28,85,44"/><U124/><E38/><V112/><F75/><W15/><G114/><T61/><D78/><U33/><E116/><V121/><F37/><W6/><G122/><T74/><D74/><U119/><E119/><V14/><F121/><W0/><G0/><T67/><D50/><N who="1" m="30871" /><E82/><V115/><F109/><W11/><G28/><T97/><D35/><U73/><E73/><V102/><F102/><W100/><G44/><T10/><D97/><N who="1" m="57535" /><E54/><V76/><F76/><W128/><G128/><T41/><D41/><U16/><E66/><V125/><F125/><N who="1" m="48233" /><E71/><V42/><F115/><W65/><G65/><T36/><D36/><U77/><E77/><V70/><F112/><W99/><G127/><T69/><D68/><U39/><E39/><V105/><F70/><W43/><G43/><T129/><D129/><U34/><E25/><V49/><F49/><W21/><G64/><T72/><D72/><U30/><E30/><V96/><F42/><W123/><G123/><T118/><D118/><U2/><E2/><V113/><F55/><W117/><G117/><T131/><D131/><U135/><E135/><V40/><F113/><W86/><G134/><T13/><REACH who="0" step="1"/><D132/><REACH who="0" ten="240,240,260,250" step="2"/><U98/><E98/><V108/><F96/><W133/><G133/><T83/><AGARI ba="0,1" hai="8,9,10,13,17,22,24,27,61,67,69,83,87,90" machi="83" ten="30,7900,0" yaku="1,1,2,1,0,1,53,1" doraHai="130" doraHaiUra="59" who="0" fromWho="0" sc="240,89,240,-39,260,-20,250,-20" /><INIT seed="2,0,0,4,5,88" ten="329,201,240,230" oya="2" hai0="49,48,117,82,36,39,19,9,68,84,103,133,20" hai1="25,78,66,130,83,40,59,73,46,30,43,55,125" hai2="91,63,126,127,135,89,79,35,10,74,101,8,87" hai3="95,85,0,18,94,105,6,102,42,56,60,112,33"/><V67/><F35/><W38/><G33/><T2/><D68/><U13/><E125/><N who="2" m="47627" /><F101/><W29/><G29/><T17/><D117/><U100/><E130/><V104/><F104/><W123/><G123/><T41/><D133/><U107/><E66/><V110/><F110/><W65/><G112/><T34/><D34/><U116/><E116/><V16/><F135/><W70/><G18/><T90/><D103/><U37/><E43/><V99/><F74/><W31/><G31/><T69/><D69/><U92/><E13/><N who="2" m="7207" /><F10/><W23/><G23/><T93/><D2/><U62/><E107/><V64/><F99/><W28/><G102/><T24/><D39/><U14/><E14/><V134/><F134/><W115/><G38/><T54/><D36/><U132/><E132/><V109/><F109/><W86/><G0/><T71/><D71/><U120/><E120/><V45/><F45/><W12/><G70/><T22/><D9/><U21/><REACH who="1" step="1"/><E100/><REACH who="1" ten="329,191,240,230" step="2"/><V98/><F67/><W77/><G105/><T7/><D41/><U4/><E4/><V111/><F64/><W51/><G42/><T131/><D7/><U121/><E121/><V124/><F111/><W5/><G6/><T96/><D131/><U129/><E129/><V76/><F124/><W53/><G5/><T122/><D122/><U11/><E11/><V75/><F75/><W3/><G65/><T80/><D54/><U52/><E52/><V15/><F15/><W108/><G53/><T57/><D24/><U113/><E113/><V47/><F87/><N who="3" m="33291" /><G115/><T118/><D118/><U32/><E32/><V50/><F98/><RYUUKYOKU ba="0,1" sc="329,-10,191,30,240,-10,230,-10" hai1="21,25,30,37,40,46,55,59,62,73,78,83,92" /><INIT seed="3,1,1,3,1,51" ten="319,221,230,220" oya="3" hai0="43,22,94,4,59,58,23,112,104,44,0,45,20" hai1="56,53,32,71,91,49,14,90,119,26,89,134,101" hai2="132,103,70,50,100,47,13,10,64,120,117,2,75" hai3="15,46,1,57,130,16,77,84,97,135,30,28,42"/><W126/><G1/><T8/><D104/><U114/><E71/><V108/><F75/><W93/><G135/><T110/><D112/><U81/><E114/><V48/><F2/><W127/><G130/><T21/><D110/><U122/><E122/><V74/><F74/><W76/><G57/><T62/><D23/><U36/><E36/><V38/><F108/><W5/><G5/><T60/><D94/><U39/><E39/><V79/><F70/><W24/><G126/><T113/><D113/><U61/><E134/><V18/><F38/><W82/><G76/><T88/><D88/><U31/><E101/><V121/><F117/><W98/><G24/><T115/><D115/><U123/><E123/><V12/><F79/><W105/><G105/><T73/><D73/><U125/><E125/><V3/><F3/><W85/><G127/><T40/><D40/><U69/><E119/><V37/><F37/><W83/><G97/><T133/><D133/><U9/><E81/><V86/><F132/><W106/><G106/><T55/><REACH who="0" step="1"/><D43/><REACH who="0" ten="309,221,230,220" step="2"/><U92/><E92/><V107/><F107/><W111/><G111/><T6/><D6/><U63/><E91/><V52/><F121/><W34/><G34/><T96/><D96/><U116/><E116/><V67/><F120/><W41/><G41/><T72/><D72/><U95/><E90/><V78/><F103/><N who="3" m="60879" /><G82/><T33/><D33/><U129/><E89/><V118/><F100/><W131/><G131/><T7/><D7/><N who="1" m="3391" /><E129/><V29/><F118/><W11/><G84/><T65/><AGARI ba="1,2" hai="0,4,8,20,21,22,44,45,55,58,59,60,62,65" machi="65" ten="30,12000,2" yaku="1,1,0,1,52,1,53,3" doraHai="51" doraHaiUra="19" who="0" fromWho="0" sc="309,143,221,-31,230,-31,220,-61" owari="452,55.0,190,-21.0,199,0.0,159,-34.0" /></mjloggm>