<mjloggm ver="2.3"><GO type="97" lobby="0"/><UN n0="%E4%BF%BA%E3%81%AF%E3%82%82%E3%81%86%E3%83%80%E3%83%A1%E3%81%A0%E3%81%8A" n1="%E9%BE%8D%E7%8E%8B%E4%B9%B1" n2="%E3%83%8B%E3%83%BC%E3%83%88%E3%81%A7%E3%81%99" n3="%E3%82%A6%E3%83%AB%E3%83%88%E3%83%A9%E7%AB%8B%E7%9B%B4" dan="14,15,15,15" rate="1959.96,1994.53,2134.49,1991.17" sx="F,M,M,M"/><TAIKYOKU oya="0"/><INIT seed="0,0,0,5,4,109" ten="250,250,250,250" oya="0" hai0="66,76,29,126,73,106,17,33,135,60,24,21,30" hai1="19,118,114,26,82,107,35,16,124,8,65,61,90" hai2="7,9,22,125,98,40,70,122,116,44,71,45,69" hai3="0,100,78,97,20,10,13,59,91,96,43,93,89"/><T67/><D106/><U133/><E118/><V27/><F122/><W52/><G78/><T88/><D30/><U72/><E107/><V77/><F116/><W119/><G119/><T1/><D1/><U3/><E133/><V94/><F125/><W75/><G75/><T31/><D31/><U102/><E102/><V68/><F77/><W103/><G43/><T113/><D67/><U134/><E134/><V46/><N who="2" m="17920" /><DORA hai="4" /><V108/><F108/><W47/><G47/><T34/><D135/><U79/><E124/><V120/><F120/><W54/><G20/><T130/><D126/><U81/><E114/><V84/><F84/><W132/><G0/><T28/><D113/><U53/><E53/><V115/><F115/><W131/><G132/><T121/><D121/><U48/><E48/><V23/><F27/><W85/><G131/><T99/><D29/><U38/><E38/><V87/><F87/><W11/><G54/><T129/><D34/><U62/><E26/><V58/><F58/><W105/><G13/><N who="0" m="9391" /><D76/><U104/><E104/><V12/><REACH who="2" step="1"/><F40/><REACH who="2" ten="250,250,240,250" step="2"/><W110/><G110/><T112/><D112/><U2/><E79/><V95/><F95/><W51/><G91/><AGARI ba="0,1" hai="7,9,12,22,23,44,45,46,91,94,98" m="17920" machi="91" ten="70,8000,1" yaku="1,1,52,1,53,3" doraHai="109,4" doraHaiUra="123,41" who="2" fromWho="3" sc="250,0,250,0,240,90,250,-80" /><INIT seed="1,0,0,0,5,131" ten="250,250,330,170" oya="1" hai0="54,19,99,63,2,105,76,57,58,132,123,18,120" hai1="68,48,52,24,7,80,86,35,97,100,101,133,121" hai2="45,53,21,9,126,41,49,56,124,66,107,90,55" hai3="102,112,135,44,75,108,29,95,130,37,1,47,26"/><U88/><E121/><N who="0" m="46665" /><D2/><U116/><E116/><V30/><F107/><W91/><G112/><T4/><D4/><U28/><E68/><V93/><F9/><W17/><G75/><T31/><D31/><U62/><E62/><N who="2" m="38215" /><F21/><W89/><G1/><T64/><D76/><U115/><E115/><V12/><F12/><W96/><G130/><T23/><D23/><U36/><E36/><V78/><F78/><W125/><G17/><T72/><D72/><U43/><E43/><V113/><F30/><W71/><G71/><T110/><D110/><U114/><E114/><V111/><F113/><W3/><G3/><T39/><D39/><U59/><E7/><V92/><F92/><W74/><G74/><T16/><D99/><U70/><E70/><V0/><F0/><W134/><G91/><T11/><D11/><U87/><E97/><N who="2" m="57527" /><F111/><W83/><G83/><T98/><D98/><U106/><E106/><V67/><F67/><W128/><G89/><T61/><D105/><U84/><E100/><V34/><F34/><N who="3" m="20791" /><G108/><T73/><D73/><U32/><E32/><V51/><F49/><W69/><G128/><T38/><D38/><U77/><E101/><V42/><F42/><N who="3" m="22607" /><G69/><T25/><D25/><U50/><E50/><V46/><F46/><W15/><G15/><T79/><D79/><U109/><E109/><V119/><F119/><W14/><G14/><T10/><D10/><U60/><E48/><V33/><F33/><W65/><G65/><T118/><D118/><U40/><E40/><V94/><F94/><W85/><G47/><T13/><D13/><U104/><E104/><RYUUKYOKU ba="0,0" sc="250,15,250,-15,330,15,170,-15" hai0="16,18,19,54,57,58,61,63,64,132" hai2="41,45,51,53,55,124,126" /><INIT seed="2,1,0,1,5,8" ten="265,235,345,155" oya="2" hai0="66,37,126,123,30,28,90,51,107,113,52,1,56" hai1="31,12,134,67,76,49,99,101,0,34,111,26,104" hai2="62,25,94,42,118,116,14,15,132,19,46,98,88" hai3="5,9,96,50,27,32,81,71,129,130,45,93,39"/><V41/><F132/><W57/><G71/><T133/><D123/><U103/><E134/><V109/><F109/><W124/><G81/><T65/><D113/><U97/><E0/><V82/><F116/><W22/><G32/><T47/><D126/><U92/><E111/><V102/><F118/><W35/><G35/><T77/><D107/><U127/><E127/><V125/><F125/><W115/><G39/><T110/><D77/><U85/><E67/><V64/><F25/><W121/><G57/><T105/><D105/><U100/><E76/><V73/><F19/><W60/><G60/><T61/><D1/><U83/><E83/><V72/><F72/><W38/><G38/><T69/><D110/><U117/><E85/><N who="2" m="50231" /><F73/><W20/><G124/><T89/><D133/><U55/><E117/><V43/><F46/><W91/><G121/><T80/><D80/><U86/><E86/><V128/><F128/><W84/><G84/><T11/><D65/><U16/><E99/><V18/><F18/><W108/><G108/><T44/><D47/><U70/><E70/><V3/><F3/><W114/><G114/><T78/><D78/><U63/><E104/><V54/><F64/><W48/><G115/><T6/><D37/><U106/><E106/><V58/><AGARI ba="1,0" hai="14,15,41,42,43,54,58,62,94,98,102" m="50231" machi="58" ten="30,11700,0" yaku="8,1,52,2,54,1" doraHai="8" who="2" fromWho="2" sc="265,-40,235,-40,345,120,155,-40" /><INIT seed="2,2,0,0,2,127" ten="225,195,465,115" oya="2" hai0="4,55,92,66,57,37,134,41,48,46,73,35,100" hai1="69,11,89,10,52,16,128,78,26,33,50,103,121" hai2="74,130,79,111,1,12,9,2,117,118,90,47,8" hai3="17,40,102,98,14,68,91,51,113,131,3,38,15"/><V116/><F74/><W119/><G3/><T126/><D126/><U43/><E69/><V80/><F79/><W104/><G68/><T77/><D134/><U101/><E121/><V99/><F47/><W21/><G119/><T36/><D35/><U88/><E78/><V19/><F99/><W22/><G113/><T25/><D4/><U58/><E43/><V94/><F80/><W110/><G38/><T71/><D25/><U82/><E128/><V60/><F60/><W105/><G110/><T87/><D77/><U132/><E132/><V135/><F135/><W106/><G131/><T133/><D73/><U108/><E108/><V31/><F90/><N who="1" m="34921" /><E33/><V112/><F94/><W45/><REACH who="3" step="1"/><G91/><REACH who="3" ten="225,195,465,105" step="2"/><N who="0" m="53375" /><D71/><U107/><E107/><V56/><F130/><W125/><G125/><T124/><D133/><U84/><E103/><V32/><F112/><W123/><G123/><T86/><D100/><U81/><E101/><V20/><F111/><W120/><G120/><T129/><D124/><U7/><E82/><V122/><F122/><W76/><G76/><T67/><D129/><U53/><E81/><V0/><F56/><W62/><G62/><N who="0" m="36159" /><D37/><U18/><E58/><V27/><AGARI ba="2,1" hai="0,1,2,8,9,12,19,20,27,31,32,116,117,118" machi="27" ten="40,12000,1" yaku="0,1,34,3" doraHai="127" who="2" fromWho="2" sc="225,-42,195,-42,465,136,105,-42" /><INIT seed="2,3,0,2,1,101" ten="183,153,601,63" oya="2" hai0="56,117,59,58,3,116,4,119,104,106,13,46,108" hai1="35,7,27,114,66,15,75,63,42,18,96,51,30" hai2="109,92,17,33,47,60,64,107,112,67,128,9,39" hai3="77,43,118,113,97,86,100,50,2,129,5,16,23"/><V25/><F112/><W1/><G113/><T62/><D108/><U94/><E114/><V34/><F107/><N who="0" m="41002" /><D46/><U105/><E105/><V40/><F128/><W65/><G5/><T83/><D83/><U111/><E75/><V32/><F109/><W21/><G129/><T88/><D88/><U76/><E76/><V121/><F121/><W80/><G65/><N who="0" m="39111" /><D13/><U79/><E79/><V99/><F60/><W135/><G23/><T74/><D74/><U44/><E7/><V57/><F57/><N who="0" m="21514" /><D4/><U22/><E111/><V12/><F25/><W69/><G69/><T132/><D132/><U87/><E87/><V95/><REACH who="2" step="1"/><F92/><REACH who="2" ten="183,153,591,63" step="2"/><W110/><G110/><T120/><D120/><U93/><E93/><V20/><F20/><W134/><G134/><T54/><D54/><U90/><E63/><V52/><F52/><W61/><G61/><T19/><D19/><U123/><E123/><V115/><F115/><W8/><G135/><T78/><D117/><U36/><E66/><V10/><F10/><W98/><G8/><T49/><D119/><U122/><REACH who="1" step="1"/><E122/><REACH who="1" ten="183,143,591,63" step="2"/><V53/><F53/><W131/><G131/><T28/><D116/><U38/><AGARI ba="3,2" hai="15,18,22,27,30,35,36,38,42,44,51,90,94,96" machi="38" ten="30,7900,0" yaku="1,1,2,1,0,1,53,1" doraHai="101" doraHaiUra="84" who="1" fromWho="1" sc="183,-23,143,108,591,-42,63,-23" /><INIT seed="3,0,0,0,0,30" ten="160,251,549,40" oya="3" hai0="77,105,111,12,130,48,124,91,37,4,47,81,100" hai1="57,71,0,88,59,10,101,89,39,8,14,29,62" hai2="56,34,118,120,94,23,119,76,134,121,58,110,135" hai3="3,28,45,31,54,93,99,104,117,46,19,96,115"/><W67/><G3/><T123/><D123/><N who="2" m="47178" /><F76/><W132/><G117/><N who="2" m="44553" /><F94/><W36/><G115/><T84/><D37/><U27/><E39/><V24/><F34/><W113/><G113/><T40/><D124/><U49/><E0/><V125/><F125/><W55/><G132/><N who="2" m="50729" /><F110/><W82/><G82/><T66/><D111/><U79/><E79/><V80/><F80/><W17/><G36/><T83/><D83/><U128/><E101/><V52/><F52/><W112/><G112/><T98/><D81/><U68/><E89/><V85/><F85/><W78/><G78/><T61/><D91/><U73/><E73/><V127/><F127/><W7/><G93/><T1/><D84/><U44/><E88/><V21/><F21/><W60/><G60/><T126/><D61/><U92/><E62/><V107/><F107/><W53/><G53/><T90/><D105/><U109/><E92/><V131/><F131/><W97/><G97/><T26/><D90/><U13/><E128/><V51/><F51/><W6/><REACH who="3" step="1"/><G104/><REACH who="3" ten="160,251,549,30" step="2"/><T87/><D77/><U63/><E63/><V50/><F50/><W64/><AGARI ba="0,1" hai="6,7,17,19,28,31,45,46,54,55,64,67,96,99" machi="64" ten="25,24000,3" yaku="1,1,2,1,0,1,22,2,8,1,53,2" doraHai="30" doraHaiUra="43" who="3" fromWho="3" sc="160,-80,251,-80,549,-80,30,250" /><INIT seed="3,1,0,1,0,110" ten="80,171,469,280" oya="3" hai0="126,66,1,65,50,47,134,124,99,122,71,52,53" hai1="86,25,108,129,48,70,22,15,102,49,88,132,6" hai2="11,91,24,101,78,69,111,17,77,58,3,121,54" hai3="20,7,127,16,75,10,64,118,38,31,89,4,26"/><W0/><G38/><T87/><D1/><U23/><E70/><V109/><F69/><W128/><G75/><T13/><D13/><U106/><E108/><N who="2" m="41547" /><F121/><W14/><G118/><T84/><D99/><U112/><E112/><V116/><F116/><W37/><G37/><T2/><D2/><U119/><E119/><V97/><F91/><W40/><G40/><N who="0" m="24935" /><D122/><U81/><E129/><V68/><F68/><W8/><G64/><N who="0" m="24683" /><D87/><U34/><E106/><N who="2" m="63791" /><F24/><W32/><G89/><T115/><D84/><U19/><E102/><V42/><F42/><W85/><G85/><T30/><D30/><U67/><E6/><N who="2" m="1503" /><F17/><W90/><G90/><T45/><D71/><U123/><E123/><V107/><F107/><W92/><G92/><T57/><D134/><U35/><E132/><V9/><F9/><N who="3" m="2183" /><G127/><N who="0" m="48683" /><D45/><U100/><E100/><V83/><F83/><W114/><G128/><T80/><D80/><U135/><E135/><V72/><F72/><W79/><G79/><T33/><D33/><U28/><E35/><V46/><F46/><W120/><G120/><T93/><D93/><U95/><E34/><V103/><F103/><W29/><G29/><T21/><D21/><U41/><E95/><V74/><F74/><W113/><G10/><T60/><D115/><U44/><E23/><V5/><F5/><W133/><G133/><T125/><N who="0" m="48691" /><T12/><DORA hai="96" /><D12/><AGARI ba="1,0" hai="7,8,12,14,16,20,26,31,32,113,114" m="2183" machi="12" ten="30,18000,2" yaku="24,1,34,2,52,2,54,1" doraHai="110,96" who="3" fromWho="0" sc="80,-183,171,0,469,0,280,183" owari="-103,-60.0,171,-23.0,469,57.0,463,26.0" /></mjloggm>