<mjloggm ver="2.3"><GO type="225" lobby="0"/><UN n0="%47%33%E9%BE%8D%E9%96%80" n1="%E3%82%A6%E3%83%AB%E3%83%88%E3%83%A9%E7%AB%8B%E7%9B%B4" n2="%4D%72%2E%6E%69%6B%75%39" n3="%65%76%61%63%61%6E%69%61" dan="16,16,16,16" rate="2086.36,2009.03,2161.01,2120.85" sx="M,M,M,M"/><TAIKYOKU oya="0"/><INIT seed="0,0,0,2,0,58" ten="250,250,250,250" oya="0" hai0="65,33,52,105,104,44,109,41,81,1,36,42,37" hai1="131,55,18,10,11,46,95,130,94,60,8,110,4" hai2="78,135,96,73,77,93,13,43,51,76,100,30,23" hai3="40,66,75,39,68,54,114,107,91,82,108,3,134"/><T112/><D112/><U123/><E123/><V34/><F34/><W89/><G107/><T102/><D1/><U86/><E110/><V98/><F135/><W28/><G3/><T116/><D109/><U22/><E4/><V129/><F129/><N who="1" m="49161" /><E86/><V61/><F73/><W85/><G134/><T117/><D33/><U50/><E60/><V69/><F98/><W53/><G28/><T14/><D65/><U47/><E47/><N who="2" m="26111" /><F69/><W48/><G114/><T127/><D127/><U118/><E118/><V64/><F64/><W17/><G75/><T132/><D132/><U92/><E92/><V121/><F121/><W16/><G108/><T57/><D104/><U122/><E122/><V80/><F80/><W67/><G68/><T97/><D81/><U25/><AGARI ba="0,0" hai="8,10,11,18,22,25,46,50,55,94,95" m="49161" machi="25" ten="30,1100,0" yaku="19,1" doraHai="58" who="1" fromWho="1" sc="250,-5,250,11,250,-3,250,-3" /><INIT seed="1,0,0,0,5,133" ten="245,261,247,247" oya="1" hai0="103,135,60,65,123,6,10,14,118,22,19,66,56" hai1="37,122,119,78,46,84,107,69,82,91,59,129,42" hai2="58,71,89,79,92,130,75,30,0,90,83,33,109" hai3="15,113,64,105,5,125,28,53,62,50,97,126,115"/><U102/><E69/><V100/><F71/><N who="3" m="42391" /><G15/><T131/><D118/><U35/><E119/><V1/><F109/><W128/><G5/><T72/><D135/><U21/><E129/><V27/><F130/><W23/><G128/><T94/><D131/><U80/><E35/><V63/><F100/><N who="3" m="62607" /><G28/><T112/><D112/><U81/><E122/><V2/><REACH who="2" step="1"/><F92/><REACH who="2" ten="245,261,237,247" step="2"/><W101/><G101/><T86/><D94/><U96/><E107/><V134/><F134/><W73/><G73/><T70/><D72/><U39/><E102/><V29/><F29/><W74/><G74/><T48/><D103/><U18/><E82/><V85/><F85/><W8/><G8/><T120/><D86/><U99/><E81/><V117/><F117/><W3/><G3/><T16/><D120/><U25/><E96/><V87/><F87/><W51/><G23/><T88/><D22/><U68/><E99/><V104/><F104/><W26/><G26/><T132/><D123/><U110/><E68/><V67/><AGARI ba="0,1" hai="0,1,2,27,30,33,58,63,67,75,79,83,89,90" machi="67" ten="30,2000,0" yaku="1,1,0,1,53,0" doraHai="133" doraHaiUra="114" who="2" fromWho="2" sc="245,-5,261,-10,237,30,247,-5" /><INIT seed="2,0,0,0,3,99" ten="240,251,267,242" oya="2" hai0="135,101,8,65,71,88,27,103,3,36,98,63,133" hai1="130,73,128,119,110,122,102,129,106,97,1,37,72" hai2="20,79,104,80,75,47,54,66,67,31,6,96,50" hai3="17,127,2,34,39,43,51,108,28,109,11,10,60"/><V55/><F6/><N who="3" m="1367" /><G39/><T26/><D36/><U90/><E1/><V118/><F118/><W44/><G127/><T13/><D3/><U78/><E37/><V124/><F124/><W21/><G11/><T33/><D88/><U5/><E5/><V59/><F104/><W64/><G34/><T4/><D98/><N who="1" m="61783" /><E119/><V74/><F74/><W48/><G28/><N who="0" m="19607" /><D27/><U82/><E122/><V9/><F9/><W83/><G83/><T53/><D53/><U87/><E110/><N who="3" m="42602" /><G48/><T86/><D86/><N who="1" m="48471" /><E97/><V46/><F96/><W19/><G21/><T15/><D15/><U52/><E52/><V56/><F55/><W16/><G17/><T94/><D94/><AGARI ba="0,0" hai="72,73,87,90,94,128,129,130" m="48471,61783" machi="94" ten="30,7700,0" yaku="19,1,34,2,52,1" doraHai="99" who="1" fromWho="0" sc="240,-77,251,77,267,0,242,0" /><INIT seed="3,0,0,0,4,1" ten="163,328,267,242" oya="3" hai0="39,20,13,118,42,88,21,30,99,59,120,61,34" hai1="65,109,96,102,130,16,115,89,98,122,18,103,35" hai2="107,56,28,132,8,112,41,126,79,84,105,83,7" hai3="22,92,44,54,78,121,77,114,25,94,17,47,129"/><W135/><G114/><T70/><D120/><U29/><E29/><V15/><F112/><W48/><G121/><T119/><D70/><U106/><E35/><V117/><F117/><W23/><G129/><T101/><D34/><U87/><E109/><V31/><F132/><W55/><G135/><T97/><D42/><U26/><E26/><V123/><F123/><W63/><G63/><T66/><D39/><U81/><E130/><V58/><F126/><W82/><G23/><T3/><D3/><U37/><E37/><V86/><F86/><N who="3" m="48463" /><G78/><T10/><D30/><N who="2" m="11306" /><F107/><W71/><G71/><T14/><D119/><U4/><E115/><V52/><F105/><W127/><G127/><T9/><D118/><U69/><E69/><V85/><F85/><W40/><G47/><T46/><D46/><U113/><E113/><V131/><F131/><W24/><G24/><T32/><D32/><U128/><E128/><V91/><F41/><W49/><G49/><T125/><D125/><U64/><E106/><V50/><F58/><W33/><G33/><T19/><D101/><U133/><E133/><V75/><F75/><W51/><G51/><T110/><D110/><U2/><E122/><V111/><F111/><W95/><AGARI ba="0,0" hai="17,22,25,40,44,48,54,55,92,94,95" m="48463" machi="95" ten="30,1500,0" yaku="8,1" doraHai="1" who="3" fromWho="3" sc="163,-5,328,-5,267,-5,242,15" /><INIT seed="3,1,0,0,4,15" ten="158,323,262,257" oya="3" hai0="8,32,98,21,135,123,75,119,77,20,24,71,120" hai1="126,62,92,4,89,103,29,51,40,85,86,91,83" hai2="19,54,39,117,11,5,96,22,93,57,73,133,50" hai3="101,17,70,76,114,6,0,25,64,44,102,34,78"/><W88/><G114/><T80/><D71/><U105/><E105/><V113/><F117/><W124/><G0/><T82/><D119/><U63/><E103/><V58/><F113/><W127/><G6/><T60/><D135/><U48/><E126/><N who="3" m="48170" /><G44/><T7/><D32/><U35/><E35/><V53/><F133/><W26/><G64/><T36/><D36/><U37/><E37/><V110/><F110/><W100/><G70/><T47/><D47/><N who="1" m="25703" /><E29/><V56/><F73/><W30/><G88/><T79/><D98/><U18/><E4/><V3/><F39/><W42/><G42/><T125/><D125/><U74/><E74/><V31/><F31/><W95/><G95/><T9/><D60/><U128/><E51/><V109/><F109/><W13/><G26/><T122/><D7/><U94/><E94/><V112/><F112/><W104/><G104/><T72/><REACH who="0" step="1"/><D20/><AGARI ba="1,0" hai="13,17,20,25,30,34,76,78,100,101,102" m="48170" machi="20" ten="30,2900,0" yaku="18,1,52,1" doraHai="15" who="3" fromWho="0" sc="158,-32,323,0,262,0,257,32" /><INIT seed="3,2,0,4,5,61" ten="126,323,262,289" oya="3" hai0="80,1,134,124,16,67,84,95,23,122,42,69,27" hai1="64,60,26,108,33,4,52,3,49,101,102,17,75" hai2="31,130,103,38,41,87,55,59,73,10,58,9,35" hai3="93,44,62,19,100,12,117,114,15,81,6,70,47"/><W7/><G114/><T86/><D122/><U90/><E75/><V78/><F73/><W76/><G117/><T79/><D134/><U56/><E4/><V126/><F38/><W40/><G70/><T20/><D124/><U116/><E3/><V0/><F41/><W30/><G62/><T39/><D1/><U99/><E108/><V98/><F0/><W105/><G30/><T77/><D39/><U50/><E50/><V48/><F126/><W34/><G34/><T109/><D109/><U121/><E121/><V22/><F35/><W43/><G105/><T8/><D8/><U112/><E112/><V113/><F130/><W25/><G100/><T97/><D42/><N who="3" m="15913" /><G93/><T131/><D131/><U63/><E63/><V57/><F113/><W65/><G65/><T82/><D69/><U123/><E123/><V96/><F78/><W53/><G76/><T119/><D119/><U94/><E116/><V14/><F31/><W85/><G6/><T132/><D132/><U71/><E33/><V66/><F87/><W68/><G68/><T28/><D67/><U54/><E54/><V36/><F36/><W91/><G53/><T24/><D95/><U106/><E106/><V135/><F135/><W127/><G127/><T115/><D115/><U111/><E111/><V45/><F66/><W129/><G129/><T133/><D133/><U107/><E107/><N who="2" m="63975" /><F98/><W118/><G118/><T5/><D97/><U29/><E29/><V125/><F125/><W51/><G7/><T32/><REACH who="0" step="1"/><D5/><REACH who="0" ten="116,323,262,289" step="2"/><U92/><E92/><V21/><F10/><W13/><G51/><T18/><D18/><AGARI ba="2,1" hai="9,14,18,21,22,45,48,55,57,58,59" m="63975" machi="18" ten="30,1000,0" yaku="6,1" doraHai="61" who="2" fromWho="0" sc="116,-16,323,0,262,26,289,0" owari="100,-40.0,323,42.0,288,-11.0,289,9.0" /></mjloggm>