<mjloggm ver="2.3"><GO type="97" lobby="0"/><UN n0="%44%4A%52" n1="%E6%B3%95%E7%9A%87%E3%81%AE%E7%B7%91" n2="%E3%82%A6%E3%83%AB%E3%83%88%E3%83%A9%E7%AB%8B%E7%9B%B4" n3="%E7%89%8C%E5%B1%B1%E5%85%AC%E9%96%8B%EF%BC%88%E7%AC%91%EF%BC%89" dan="15,13,16,13" rate="2004.89,1854.62,1993.46,1841.19" sx="M,M,M,M"/><TAIKYOKU oya="0"/><INIT seed="0,0,0,2,4,89" ten="250,250,250,250" oya="0" hai0="51,21,32,8,75,29,66,54,52,60,107,134,128" hai1="43,39,123,65,53,33,24,95,90,0,122,26,83" hai2="120,15,124,69,22,40,119,96,131,5,18,50,121" hai3="92,67,117,130,27,88,12,49,113,63,78,135,6"/><T68/><D75/><U73/><E0/><V129/><F69/><W58/><G117/><T86/><D134/><U42/><E65/><V87/><F87/><W93/><G113/><T45/><D128/><N who="2" m="49226" /><F50/><W36/><G36/><T31/><D107/><U7/><E7/><V71/><F40/><W20/><G130/><T4/><D32/><U23/><E33/><V34/><F96/><W1/><G135/><T41/><D86/><U3/><E3/><V109/><F71/><W13/><G78/><T111/><D111/><U77/><E26/><V126/><F109/><W38/><G1/><T64/><D64/><U114/><E114/><V56/><F56/><W14/><G38/><T104/><D104/><U133/><E133/><V80/><F80/><W17/><G49/><T85/><D85/><U125/><E125/><N who="2" m="48235" /><F119/><W46/><G46/><T98/><D98/><U62/><E42/><V81/><F81/><W72/><G72/><T2/><D41/><U108/><E108/><V82/><F82/><W99/><G93/><T103/><D103/><U61/><E61/><V94/><F94/><W59/><G59/><T48/><D21/><U47/><E62/><V9/><F34/><W110/><G110/><T79/><D79/><U70/><E70/><V19/><F5/><AGARI ba="0,0" hai="5,6,12,13,14,17,20,27,58,63,67,88,92,99" machi="5" ten="40,5200,0" yaku="8,1,52,1,54,1" doraHai="89" who="3" fromWho="2" sc="250,0,250,0,250,-52,250,52" /><INIT seed="1,0,0,3,2,101" ten="250,250,198,302" oya="1" hai0="55,19,124,6,107,93,95,16,65,130,25,14,69" hai1="2,78,89,91,96,73,42,32,77,8,35,108,72" hai2="100,105,51,9,74,86,85,12,76,109,66,126,61" hai3="113,110,121,21,3,98,116,82,102,111,22,50,7"/><U123/><E123/><V15/><F109/><N who="3" m="41483" /><G121/><T92/><D107/><U45/><E108/><V20/><F126/><W28/><G113/><T37/><D124/><U43/><E43/><V40/><F74/><W70/><G70/><T34/><D37/><U23/><E23/><V44/><F105/><N who="3" m="63703" /><G116/><T4/><D130/><U56/><E56/><V120/><F100/><W24/><G82/><T36/><D36/><U64/><E64/><V18/><F76/><W11/><G50/><T112/><D112/><U79/><E2/><V5/><REACH who="2" step="1"/><F120/><REACH who="2" ten="250,250,188,302" step="2"/><W41/><G41/><T129/><D129/><U104/><E8/><V125/><F125/><W97/><G97/><T135/><D135/><U62/><E72/><V57/><AGARI ba="0,1" hai="5,9,12,15,18,20,40,44,51,57,61,66,85,86" machi="57" ten="20,5200,0" yaku="1,1,0,1,7,1,8,1,53,0" doraHai="101" doraHaiUra="26" who="2" fromWho="2" sc="250,-13,250,-26,188,62,302,-13" /><INIT seed="2,0,0,1,4,74" ten="237,224,250,289" oya="2" hai0="133,9,21,10,92,118,4,13,132,32,125,50,48" hai1="54,41,115,53,63,83,30,52,99,47,112,122,34" hai2="93,7,113,71,57,33,73,59,61,96,87,82,78" hai3="94,117,131,44,58,119,28,85,5,2,40,111,23"/><V12/><F33/><W130/><G111/><T121/><D32/><U1/><E1/><V102/><F113/><W104/><G104/><T123/><D121/><U101/><E122/><V88/><F71/><W134/><G134/><N who="0" m="51819" /><D123/><U127/><E127/><V66/><F12/><W16/><G28/><T38/><D38/><U90/><E30/><V62/><F7/><W51/><G5/><N who="0" m="3247" /><D21/><U108/><E108/><V65/><F73/><W27/><G2/><N who="0" m="279" /><D125/><U24/><E24/><V14/><F14/><W114/><G58/><T22/><D22/><U67/><E34/><V128/><F128/><N who="3" m="49195" /><G114/><T116/><D92/><U80/><E115/><V39/><F39/><W42/><G42/><T75/><D75/><U18/><E112/><V29/><F29/><W84/><G84/><T6/><D6/><U129/><E129/><V81/><F81/><W46/><G46/><T95/><D95/><U106/><E83/><V109/><F109/><W45/><G45/><T69/><D69/><U124/><E124/><V72/><F72/><W135/><G135/><T17/><D17/><U3/><E18/><V36/><F36/><W64/><G64/><T126/><D126/><U76/><E90/><AGARI ba="0,0" hai="57,59,61,62,65,66,78,82,87,88,90,93,96,102" machi="90" ten="40,12000,1" yaku="9,1,8,1,52,1,54,1" doraHai="74" who="2" fromWho="1" sc="237,0,224,-120,250,120,289,0" /><AGARI ba="0,0" hai="16,23,27,40,44,51,85,90,94,117,119" m="49195" machi="90" ten="30,2000,0" yaku="19,1,54,1" doraHai="74" who="3" fromWho="1" sc="237,0,104,-20,370,0,289,20" /><INIT seed="2,1,0,5,5,61" ten="237,84,370,309" oya="2" hai0="27,112,100,0,96,39,91,74,4,50,108,40,33" hai1="41,22,69,49,21,65,1,93,5,103,80,34,3" hai2="17,120,11,135,46,97,122,82,16,13,58,113,117" hai3="76,106,78,20,123,48,92,35,95,43,87,71,28"/><V128/><F117/><W32/><G71/><T25/><D39/><U42/><E34/><V15/><F113/><W85/><G106/><T54/><D74/><U114/><E114/><V52/><F128/><W125/><G125/><T83/><D40/><U14/><E80/><V8/><F135/><W62/><G62/><T134/><D108/><U7/><E69/><V55/><F97/><W86/><G123/><T84/><D134/><U30/><E30/><V119/><F119/><W101/><G35/><T132/><D132/><U38/><E38/><V79/><F46/><N who="3" m="25695" /><G32/><T126/><D126/><U94/><E103/><V59/><F82/><W127/><G127/><T31/><D112/><U99/><E99/><V72/><F79/><N who="3" m="30251" /><G101/><T37/><D37/><U115/><E115/><V57/><F57/><W88/><G95/><T73/><D73/><AGARI ba="1,0" hai="8,11,13,15,16,17,52,55,58,59,72,73,120,122" machi="73" ten="25,9600,0" yaku="22,2,54,2" doraHai="61" who="2" fromWho="0" sc="237,-99,84,0,370,99,309,0" /><INIT seed="2,2,0,0,1,10" ten="138,84,469,309" oya="2" hai0="92,125,16,117,77,24,115,76,122,114,107,1,87" hai1="67,58,63,43,120,21,42,55,11,105,19,9,17" hai2="81,38,56,32,30,106,62,60,73,57,8,53,128" hai3="14,37,66,49,134,79,52,83,5,69,130,96,6"/><V47/><F30/><W4/><G134/><T118/><D107/><U127/><E120/><V110/><F32/><W91/><G130/><T104/><D1/><U64/><E127/><V126/><F106/><W95/><G37/><T27/><D104/><U48/><E105/><V61/><F81/><W2/><G2/><T13/><D122/><U113/><E113/><N who="0" m="43017" /><D125/><U108/><E108/><V28/><F28/><W36/><G36/><T80/><D92/><U132/><E132/><V124/><F73/><W25/><G25/><T46/><D46/><U84/><E67/><V131/><F8/><W97/><G66/><T135/><D77/><U68/><E42/><N who="2" m="22999" /><F61/><W121/><G69/><T22/><D135/><U31/><E43/><V41/><F41/><W78/><G121/><T98/><D98/><U90/><E31/><V112/><F112/><W34/><G34/><T103/><D103/><U33/><E33/><V86/><F86/><N who="3" m="48503" /><G79/><T29/><D29/><U88/><E90/><V35/><F35/><W26/><G97/><T123/><D123/><U85/><E85/><V116/><F110/><W101/><G101/><T50/><D50/><U109/><E109/><V70/><F70/><W133/><G133/><T74/><D74/><U23/><E23/><V102/><F102/><W119/><G119/><AGARI ba="2,0" hai="13,16,22,24,27,76,80,87,117,118,119" m="43017" machi="119" ten="30,3900,0" yaku="12,1,52,1,54,1" doraHai="10" who="0" fromWho="3" sc="138,45,84,0,469,0,309,-45" /><INIT seed="3,0,0,2,4,67" ten="183,84,469,264" oya="3" hai0="55,71,53,3,78,93,134,79,127,76,9,69,42" hai1="35,123,92,32,2,51,0,11,70,12,14,101,46" hai2="135,20,1,23,115,37,8,99,27,52,28,94,90" hai3="121,130,112,80,40,22,97,62,133,33,87,129,88"/><W86/><G121/><T54/><D42/><U104/><E123/><V118/><F37/><W108/><G33/><T74/><D74/><U36/><E104/><V5/><F115/><W98/><G112/><T44/><D44/><U106/><E106/><V75/><F75/><W15/><G40/><T48/><D48/><U111/><E36/><V50/><F135/><W120/><G120/><T81/><D134/><U77/><E111/><V64/><F64/><W103/><G108/><T72/><D127/><U39/><E39/><V124/><F124/><W85/><G133/><T91/><D72/><U4/><E77/><V19/><F118/><W47/><G47/><T105/><D81/><U66/><E66/><V95/><F95/><N who="3" m="58815" /><G62/><T26/><D105/><U41/><E101/><V125/><F125/><W128/><G98/><T89/><D26/><U60/><E92/><V96/><F96/><W84/><G22/><T16/><D91/><U114/><E60/><V119/><F119/><W38/><G15/><T58/><D58/><U61/><E61/><V65/><F65/><W59/><G59/><T68/><D3/><U25/><E114/><V18/><F23/><W63/><G63/><T56/><D56/><AGARI ba="0,0" hai="1,5,8,18,19,20,27,28,50,52,56,90,94,99" machi="56" ten="30,2000,0" yaku="7,1,54,1" doraHai="67" who="2" fromWho="0" sc="183,-20,84,0,469,20,264,0" owari="163,-24.0,84,-42.0,489,60.0,264,6.0" /></mjloggm>