<mjloggm ver="2.3"><GO type="41" lobby="0"/><UN n0="%E3%82%AC%E3%83%A9%E3%82%B9%E6%98%9F" n1="%61%72%6B%6F%6E%69%77%61" n2="%E3%82%8C%E3%81%BF%E3%82%8A%E3%83%BC" n3="%E3%82%A6%E3%83%AB%E3%83%88%E3%83%A9%E7%AB%8B%E7%9B%B4" dan="15,14,13,15" rate="1923.87,1899.05,1802.16,1995.87" sx="M,F,M,M"/><TAIKYOKU oya="0"/><INIT seed="0,0,0,4,1,4" ten="250,250,250,250" oya="0" hai0="3,64,123,114,111,107,97,91,36,43,23,8,116" hai1="19,75,31,101,10,118,129,102,120,53,110,73,0" hai2="56,24,125,134,1,77,57,103,92,17,39,22,48" hai3="34,135,112,71,51,35,20,9,40,50,60,119,117"/><T86/><D114/><U70/><E70/><V81/><F39/><W29/><G112/><T131/><D123/><U126/><E126/><V74/><F1/><W106/><G135/><T121/><D116/><U104/><E120/><V52/><F125/><W67/><G20/><T66/><D131/><U78/><E118/><V7/><F134/><W133/><G133/><T61/><D111/><U6/><E129/><V59/><REACH who="2" step="1"/><F7/><REACH who="2" ten="250,250,240,250" step="2"/><W25/><G119/><T76/><D3/><U49/><E110/><V85/><F85/><W38/><G117/><T11/><D86/><U79/><E73/><V14/><F14/><W105/><G38/><T82/><D36/><U69/><E75/><V98/><AGARI ba="0,1" hai="17,22,24,48,52,56,57,59,74,77,81,92,98,103" machi="98" ten="30,4000,0" yaku="1,1,0,1,54,1,53,0" doraHai="4" doraHaiUra="100" who="2" fromWho="2" sc="250,-20,250,-10,240,50,250,-10" /><INIT seed="1,0,0,4,1,31" ten="230,240,290,240" oya="1" hai0="61,99,119,10,21,0,105,15,24,1,93,17,35" hai1="60,130,107,20,90,132,87,13,111,52,37,106,134" hai2="103,82,118,133,58,70,33,113,43,12,5,124,28" hai3="128,89,95,45,16,54,55,66,123,27,98,116,67"/><U26/><E37/><V65/><F118/><W108/><G123/><T125/><D125/><U57/><E130/><V92/><F124/><W8/><G116/><T88/><D119/><U2/><E2/><V40/><F70/><W100/><G128/><T50/><D105/><U76/><E76/><V25/><F133/><N who="1" m="51305" /><E13/><V72/><F113/><W71/><G108/><T102/><D35/><U114/><E114/><V84/><F72/><W104/><G71/><T51/><D61/><U9/><E9/><V110/><F110/><W80/><G80/><T36/><D36/><U85/><E111/><V79/><F12/><W19/><G100/><T64/><D64/><N who="3" m="24617" /><G104/><N who="1" m="39978" /><E90/><V47/><F5/><W38/><G38/><T96/><D0/><U34/><E20/><V46/><F103/><W101/><G101/><T23/><D1/><U68/><E68/><V94/><F65/><W115/><G115/><T49/><D102/><U122/><E122/><V48/><REACH who="2" step="1"/><F58/><REACH who="2" ten="230,240,280,240" step="2"/><W44/><G45/><T131/><D131/><U109/><E109/><V56/><F56/><W7/><G7/><T97/><REACH who="0" step="1"/><D23/><REACH who="0" ten="220,240,280,240" step="2"/><U4/><E4/><AGARI ba="0,2" hai="4,10,15,17,21,24,49,50,51,88,93,96,97,99" machi="4" ten="40,8000,1" yaku="1,1,2,1,8,1,54,1,53,1" doraHai="31" doraHaiUra="3" who="0" fromWho="1" sc="220,100,240,-80,280,0,240,0" /><INIT seed="2,0,0,2,0,76" ten="320,160,280,240" oya="2" hai0="115,96,90,55,54,73,38,119,46,66,70,78,103" hai1="93,1,112,7,20,101,113,133,92,60,83,15,52" hai2="37,85,64,89,131,65,11,69,40,102,63,114,10" hai3="123,18,49,19,75,41,122,51,6,35,124,17,57"/><V120/><F114/><W72/><G6/><T27/><D119/><U42/><E1/><V106/><F120/><W67/><G35/><T25/><D70/><U117/><E117/><V62/><F131/><W16/><G18/><T31/><D73/><N who="3" m="28233" /><G57/><T118/><D78/><U33/><E33/><V108/><F108/><W81/><G67/><T26/><D66/><U74/><E74/><V3/><F3/><W45/><G45/><T71/><D115/><U9/><E133/><V48/><F37/><W107/><G107/><T88/><D71/><U29/><E113/><V32/><F32/><W105/><G105/><T56/><D118/><U80/><E112/><V104/><F48/><N who="3" m="18507" /><G41/><T8/><D56/><N who="1" m="34823" /><E42/><V77/><F40/><W59/><G59/><T125/><D38/><U130/><E130/><V36/><F36/><W24/><G24/><T86/><D27/><N who="1" m="16615" /><E101/><V132/><F106/><W13/><G13/><T28/><D103/><U4/><E7/><V91/><F102/><W14/><G14/><T12/><D12/><U97/><E97/><V99/><F99/><W44/><G44/><T58/><D96/><U98/><E98/><V2/><F104/><W22/><G22/><T82/><D46/><U126/><E126/><V109/><F2/><W95/><G124/><T110/><D125/><U43/><E43/><V128/><F128/><W87/><G122/><T30/><D58/><U94/><AGARI ba="0,0" hai="4,9,15,80,83,92,93,94" m="16615,34823" machi="94" ten="30,7900,0" yaku="8,1,52,2,54,1" doraHai="76" who="1" fromWho="1" sc="320,-20,160,79,280,-39,240,-20" /><INIT seed="3,0,0,1,0,59" ten="300,239,241,220" oya="3" hai0="38,51,88,106,32,49,36,98,47,6,116,91,94" hai1="8,105,72,86,46,92,31,3,130,111,22,19,104" hai2="37,85,33,56,103,23,50,63,93,102,74,90,79" hai3="78,80,113,20,17,83,16,52,44,58,126,41,28"/><W30/><G113/><T48/><D32/><U42/><E72/><V135/><F37/><W115/><G115/><T122/><D122/><U75/><E75/><V18/><F33/><W57/><G57/><T82/><D116/><U35/><E111/><V118/><F118/><W77/><G126/><T132/><D132/><U64/><E130/><V60/><F135/><W67/><G67/><T110/><D110/><U124/><E124/><V70/><F70/><W84/><G44/><T81/><D6/><U10/><E105/><V25/><F79/><W119/><G41/><T112/><D106/><U73/><E73/><V101/><F74/><W96/><G96/><T114/><D47/><U107/><E104/><V61/><F50/><W87/><G119/><T0/><D49/><U71/><E107/><V99/><REACH who="2" step="1"/><F56/><REACH who="2" ten="300,239,231,220" step="2"/><W100/><G100/><T4/><D51/><U2/><E71/><V54/><F54/><W12/><G17/><T76/><D38/><U131/><E131/><V62/><N who="2" m="15872" /><DORA hai="68" /><V9/><F9/><W13/><G58/><T108/><D36/><U53/><E35/><V24/><F24/><W97/><G52/><T39/><D39/><U117/><E117/><V89/><F89/><W14/><G97/><AGARI ba="0,1" hai="18,23,25,85,90,93,97,99,101,102,103" m="15872" machi="97" ten="60,12000,2" yaku="1,1,8,1,52,4,53,0" doraHai="59,68" doraHaiUra="120,5" who="2" fromWho="3" sc="300,0,239,0,231,130,220,-120" /><INIT seed="4,0,0,1,4,50" ten="300,239,361,100" oya="0" hai0="1,121,63,130,74,36,65,20,56,26,4,94,55" hai1="107,33,23,115,49,96,80,32,128,117,57,76,73" hai2="42,88,66,127,27,110,111,77,52,101,84,106,14" hai3="98,7,21,81,31,67,123,132,34,129,48,6,124"/><T10/><D74/><U2/><E2/><V71/><F127/><W119/><G34/><T86/><D130/><U100/><E128/><V5/><F42/><W11/><G129/><T38/><D121/><U97/><E117/><V90/><F27/><N who="3" m="16879" /><G119/><T62/><D86/><U95/><E115/><V109/><F66/><W102/><G124/><T13/><D94/><U70/><E70/><V69/><F69/><W64/><G132/><T78/><D78/><U116/><E116/><V41/><F41/><W112/><G112/><T85/><D85/><U3/><E3/><V24/><F24/><W53/><G81/><T118/><D1/><U82/><E82/><N who="2" m="47183" /><F71/><W18/><G18/><T72/><D72/><U104/><E23/><V122/><F122/><W25/><G25/><T51/><D118/><U61/><E49/><V79/><F79/><W126/><G126/><T113/><D63/><U9/><E9/><N who="2" m="4399" /><F101/><W17/><G17/><T75/><D75/><U39/><E39/><V43/><F43/><W8/><G123/><T44/><REACH who="0" step="1"/><D113/><REACH who="0" ten="290,239,361,100" step="2"/><U91/><E107/><V60/><F106/><W133/><G133/><T45/><D45/><U125/><REACH who="1" step="1"/><E125/><REACH who="1" ten="290,229,361,100" step="2"/><V134/><F134/><W16/><G6/><T131/><D131/><U103/><E103/><V15/><F111/><W99/><G7/><T47/><D47/><U12/><E12/><V40/><F15/><N who="3" m="7271" /><G102/><T22/><D22/><U120/><E120/><V37/><F110/><W29/><G11/><T135/><D135/><U93/><E93/><V30/><F109/><W35/><G35/><T92/><D92/><U108/><E108/><RYUUKYOKU ba="0,2" sc="290,15,229,15,361,-15,100,-15" hai0="4,10,13,20,26,36,38,44,51,55,56,62,65" hai1="32,33,57,61,73,76,80,91,95,96,97,100,104" /><INIT seed="4,1,2,0,0,93" ten="305,244,346,85" oya="0" hai0="90,10,75,118,128,46,92,27,123,65,96,76,84" hai1="70,40,78,83,112,13,133,20,119,109,100,85,33" hai2="6,63,56,94,62,113,67,98,79,108,77,116,9" hai3="51,35,73,12,53,117,101,64,25,110,29,72,69"/><T34/><D123/><U89/><E70/><V3/><F108/><W24/><G110/><T130/><D118/><U15/><E33/><V4/><F116/><W39/><G39/><T22/><D65/><U26/><E119/><V81/><F113/><W31/><G117/><T5/><D34/><U32/><E32/><V103/><F4/><W107/><G12/><T14/><D46/><U104/><E133/><V21/><F81/><W42/><G42/><T122/><D122/><U0/><E0/><V99/><F63/><W45/><G25/><T60/><D60/><U87/><E109/><V18/><REACH who="2" step="1"/><F99/><REACH who="2" ten="305,244,336,85" step="2"/><N who="3" m="61887" /><G31/><T23/><D75/><U41/><E112/><V97/><F97/><W52/><G53/><T44/><D96/><U58/><E40/><V102/><F102/><W2/><G2/><T106/><D5/><U132/><E41/><V54/><F54/><W88/><G88/><T43/><D90/><U50/><E100/><V131/><F131/><W114/><G114/><T57/><D128/><U16/><E104/><V95/><F95/><W121/><G121/><T135/><D92/><U47/><E132/><V91/><F91/><W8/><G72/><T134/><D135/><U36/><E89/><V86/><F86/><W126/><G73/><T1/><D130/><U28/><E87/><V37/><F37/><W66/><G66/><T71/><D134/><U55/><E36/><V127/><F127/><W48/><G126/><T7/><D106/><U120/><E120/><V111/><F111/><W105/><G105/><T125/><D84/><U59/><E85/><V68/><F68/><RYUUKYOKU ba="1,3" sc="305,-10,244,-10,336,30,85,-10" hai2="3,6,9,18,21,56,62,67,77,79,94,98,103" /><INIT seed="5,2,3,0,4,59" ten="295,234,366,75" oya="1" hai0="90,13,94,115,15,1,60,121,129,108,66,10,9" hai1="98,72,85,5,71,132,14,93,33,16,113,37,48" hai2="81,135,30,44,6,22,91,63,78,19,114,109,80" hai3="64,56,47,55,123,42,26,127,119,54,17,69,96"/><U120/><E33/><V62/><F109/><W38/><G123/><T111/><D121/><U105/><E72/><V118/><F118/><W86/><G119/><T24/><D115/><U61/><E37/><V87/><F114/><W101/><G127/><T104/><D104/><U92/><E120/><V77/><F135/><W95/><G86/><T51/><D1/><U133/><E105/><V18/><F6/><W39/><G39/><T125/><D51/><U131/><E5/><V100/><F100/><W103/><G55/><T3/><D3/><U124/><E124/><V8/><F44/><W130/><G130/><T41/><D41/><U31/><E31/><V20/><F30/><W75/><G75/><T116/><D125/><U43/><E113/><V4/><F4/><W53/><G53/><T126/><D126/><U79/><E131/><V58/><F8/><W89/><G17/><N who="2" m="6153" /><F58/><W65/><G26/><T117/><D129/><U40/><E48/><V67/><F67/><W27/><G27/><T50/><D116/><U122/><E122/><V21/><F81/><W134/><G134/><N who="1" m="51818" /><E79/><AGARI ba="2,3" hai="20,21,22,62,63,77,78,79,80,87,91" m="6153" machi="79" ten="30,3900,0" yaku="8,1,52,2" doraHai="59" who="2" fromWho="1" sc="295,0,234,-45,366,75,75,0" /><INIT seed="6,0,0,2,4,57" ten="295,189,441,75" oya="2" hai0="131,46,103,5,29,10,1,81,116,13,121,91,26" hai1="102,31,33,23,22,30,44,74,108,53,32,50,76" hai2="0,9,124,3,4,95,94,65,8,40,110,16,28" hai3="118,112,75,48,132,89,86,54,126,12,99,58,56"/><V85/><F40/><W63/><G75/><T115/><D121/><U34/><E74/><V43/><F43/><W72/><G72/><T24/><D131/><U70/><E70/><V120/><F120/><W47/><G118/><T14/><D115/><U37/><E37/><V129/><F129/><W125/><G112/><T45/><D103/><U104/><E76/><V128/><F128/><W88/><G132/><T109/><D109/><U17/><E104/><V64/><F110/><W111/><G111/><T127/><D1/><U90/><E102/><V87/><F124/><W49/><G99/><T11/><D127/><N who="3" m="48649" /><G12/><T80/><D29/><U68/><E68/><V38/><F38/><W66/><G86/><T105/><D105/><U123/><E108/><V69/><F69/><W82/><G82/><T42/><D42/><AGARI ba="0,0" hai="42,47,48,49,54,56,58,63,66,88,89" m="48649" machi="42" ten="30,3900,0" yaku="18,1,52,1,54,1" doraHai="57" who="3" fromWho="0" sc="295,-39,189,0,441,0,75,39" /><INIT seed="7,0,0,2,0,11" ten="256,189,441,114" oya="3" hai0="63,58,104,51,38,68,115,77,125,6,78,0,123" hai1="62,70,57,132,135,87,14,130,128,48,50,18,26" hai2="9,131,13,46,124,8,32,24,120,83,60,96,2" hai3="109,36,49,122,103,108,92,127,90,75,37,86,67"/><W117/><G75/><T19/><D38/><U73/><E87/><V17/><F131/><N who="1" m="50217" /><E26/><V99/><F124/><W81/><G127/><T106/><D68/><U85/><E85/><V105/><F120/><W52/><G122/><T72/><D6/><U88/><E88/><V76/><F46/><W114/><G67/><T113/><D0/><U110/><E73/><V69/><F2/><W79/><G79/><N who="0" m="30219" /><D51/><N who="1" m="19499" /><E14/><V4/><F105/><W101/><G117/><T65/><D125/><U107/><E18/><V20/><F32/><W93/><G114/><N who="0" m="43531" /><D72/><U44/><E107/><N who="0" m="41001" /><D19/><U111/><E70/><V55/><F9/><W41/><G41/><T15/><D15/><U95/><E95/><N who="3" m="36426" /><G37/><T102/><D123/><U53/><E44/><V66/><F55/><W40/><G40/><T80/><D80/><U116/><E116/><V134/><F4/><W10/><G36/><T5/><D5/><U42/><E42/><V71/><F69/><W22/><G22/><T74/><D74/><U56/><E56/><V97/><F20/><W39/><G39/><T126/><D126/><U43/><E43/><V1/><F1/><W33/><G33/><T61/><D102/><N who="3" m="38921" /><G10/><T112/><D112/><U118/><E118/><V59/><F71/><W21/><G21/><T89/><D89/><U28/><E28/><V119/><F119/><W100/><N who="3" m="38929" /><W91/><DORA hai="47" /><G91/><T3/><D3/><U129/><E129/><V12/><F8/><W121/><G121/><T30/><D30/><U16/><E16/><V64/><F17/><W29/><G29/><T34/><D34/><U27/><E27/><RYUUKYOKU ba="0,0" sc="256,10,189,10,441,-30,114,10" hai0="58,61,63,65" hai1="53,57,62,110,111,132,135" hai3="49,52,81,86,90,108,109" /><INIT seed="7,1,0,2,2,13" ten="266,199,411,124" oya="3" hai0="66,131,100,78,42,119,50,30,89,60,126,29,92" hai1="12,108,44,23,54,97,128,7,2,81,77,32,105" hai2="101,64,114,132,11,48,104,85,110,18,51,8,94" hai3="3,98,65,130,47,118,86,21,5,95,46,133,68"/><W134/><G118/><T109/><D109/><U115/><E32/><V22/><F110/><W83/><G130/><T88/><D131/><U72/><E128/><V63/><F114/><W40/><G5/><T127/><D78/><U125/><E108/><V24/><F104/><W80/><G3/><T87/><D119/><U102/><E115/><V124/><F124/><N who="0" m="47658" /><D100/><U26/><E125/><V43/><F132/><N who="3" m="50795" /><G86/><T14/><D14/><U67/><E67/><V59/><F43/><W129/><G129/><T106/><D106/><U45/><E2/><V37/><F37/><N who="3" m="21775" /><G47/><N who="0" m="25975" /><D89/><U4/><E12/><N who="2" m="7431" /><F11/><W70/><G21/><T117/><D117/><U112/><E112/><V10/><F10/><W15/><G15/><T79/><D79/><U49/><E44/><V33/><F33/><W38/><G38/><T73/><D73/><U75/><E72/><V36/><F36/><W55/><G55/><T76/><D76/><U16/><AGARI ba="1,0" hai="4,7,16,23,26,45,49,54,75,77,81,97,102,105" machi="16" ten="20,5200,0" yaku="0,1,7,1,52,1,54,1" doraHai="13" who="1" fromWho="1" sc="266,-14,199,55,411,-14,124,-27" owari="252,-15.0,254,5.0,397,50.0,97,-40.0" /></mjloggm>