<mjloggm ver="2.3"><GO type="97" lobby="0"/><UN n0="%E3%80%93%42%69%61%73%E3%80%93" n1="%E3%83%8B%E3%82%B3%E7%94%9F%EF%BC%A0%E9%85%8D%E4%BF%A1%E7%94%A8" n2="%E3%82%A6%E3%83%AB%E3%83%88%E3%83%A9%E7%AB%8B%E7%9B%B4" n3="%E3%83%91%E3%82%A4%E3%83%8A%E3%83%97%E3%83%AB%E3%82%AD%E3%83%83%E3%83%89" dan="15,13,14,13" rate="1978.23,1855.72,1927.02,1834.61" sx="M,M,M,M"/><TAIKYOKU oya="0"/><INIT seed="0,0,0,0,2,0" ten="250,250,250,250" oya="0" hai0="85,64,66,44,61,17,38,78,89,39,80,37,1" hai1="65,12,126,107,33,112,34,5,128,21,36,118,7" hai2="26,59,75,127,2,94,46,90,72,51,100,82,88" hai3="11,111,69,22,92,58,135,106,41,49,43,77,31"/><T110/><D110/><U76/><E107/><V63/><F127/><W8/><G106/><T16/><D1/><U113/><E36/><V73/><F100/><W54/><G69/><T6/><D44/><U23/><E76/><V68/><F68/><W18/><G135/><T9/><D78/><U86/><E86/><V131/><F131/><W60/><G111/><T130/><D130/><U129/><E65/><V116/><F116/><W45/><G31/><T57/><REACH who="0" step="1"/><D66/><REACH who="0" ten="240,250,250,250" step="2"/><U122/><E126/><V35/><F2/><W29/><G77/><T102/><D102/><U10/><E118/><V123/><F123/><W105/><G45/><T74/><D74/><U133/><E122/><V71/><F46/><W56/><G43/><T109/><D109/><U125/><E125/><V83/><F73/><W14/><G41/><T27/><D27/><U103/><E103/><V115/><F26/><W98/><G14/><T25/><D25/><U13/><REACH who="1" step="1"/><E10/><REACH who="1" ten="240,240,250,250" step="2"/><V3/><F75/><W97/><G8/><T53/><D53/><U47/><E47/><V55/><F72/><W99/><G11/><T95/><D95/><U119/><E119/><V101/><F94/><W30/><G92/><T81/><D81/><U24/><E24/><V134/><F83/><W70/><G54/><T62/><D62/><U108/><E108/><V132/><F82/><W117/><G60/><T96/><D96/><U120/><E120/><V124/><F63/><W87/><G98/><T48/><D48/><U91/><E91/><V52/><F88/><W19/><G99/><T15/><AGARI ba="0,2" hai="6,9,15,16,17,37,38,39,57,61,64,80,85,89" machi="15" ten="30,11700,0" yaku="1,1,0,1,52,1,54,1,53,0" doraHai="0" doraHaiUra="93" who="0" fromWho="0" sc="240,137,240,-39,250,-39,250,-39" /><INIT seed="0,1,0,0,3,61" ten="377,201,211,211" oya="0" hai0="2,62,28,124,9,121,100,116,0,23,64,53,79" hai1="86,76,15,56,118,52,111,94,119,25,7,126,108" hai2="95,69,49,135,12,20,54,96,93,22,78,123,74" hai3="99,48,34,109,26,106,46,45,84,120,19,68,17"/><T115/><D121/><U122/><E122/><V1/><F123/><W41/><G120/><RYUUKYOKU type="kaze4" ba="1,0" sc="377,0,201,0,211,0,211,0" /><INIT seed="0,2,0,4,4,44" ten="377,201,211,211" oya="0" hai0="55,115,116,3,29,8,97,43,15,110,39,27,75" hai1="129,2,59,25,93,67,0,99,19,123,117,66,9" hai2="70,78,14,73,5,10,57,105,69,92,16,126,65" hai3="64,133,83,112,28,102,17,40,80,124,71,113,11"/><T87/><D75/><U103/><E123/><V131/><F105/><W77/><G124/><T89/><D3/><U107/><E117/><V111/><F126/><W125/><G133/><T31/><D116/><U21/><E129/><V34/><F34/><W60/><G125/><T4/><D115/><U36/><E36/><V23/><F111/><W96/><G40/><T35/><D110/><U1/><E107/><V81/><F131/><W84/><G28/><T33/><D97/><U38/><E38/><V114/><F114/><W6/><G17/><T104/><D104/><U79/><E79/><V22/><F22/><W82/><G112/><T101/><D101/><U94/><E94/><V46/><F46/><W108/><G108/><T88/><D43/><U91/><E103/><V90/><F57/><W45/><G45/><T121/><D39/><U132/><E132/><V62/><F62/><W54/><G54/><T122/><D55/><U68/><E68/><V63/><F63/><W18/><G18/><T26/><D89/><U100/><E100/><V98/><REACH who="2" step="1"/><F65/><REACH who="2" ten="377,201,201,211" step="2"/><W58/><G71/><T76/><D121/><U7/><E59/><V30/><F30/><W48/><G113/><T41/><D122/><U127/><E127/><V61/><F61/><W118/><G118/><T85/><D33/><U32/><E32/><V106/><F106/><W52/><G64/><T20/><D35/><U95/><E67/><V135/><F135/><W12/><G60/><T24/><D31/><U56/><E56/><V72/><F72/><W128/><G128/><T49/><D29/><U130/><E66/><RYUUKYOKU ba="2,1" sc="377,-15,201,-15,201,15,211,15" hai2="5,10,14,16,23,69,70,73,78,81,90,92,98" hai3="6,11,12,48,52,58,77,80,82,83,84,96,102" /><INIT seed="1,3,1,1,3,20" ten="362,186,216,226" oya="1" hai0="12,66,11,77,56,7,36,64,6,33,45,104,59" hai1="69,95,10,31,102,57,58,114,134,123,81,16,92" hai2="52,71,79,49,101,8,87,118,73,111,44,40,121" hai3="83,35,5,105,43,18,90,65,22,126,0,13,100"/><U38/><E114/><V103/><F118/><W113/><G113/><T117/><D117/><U133/><E123/><V78/><F121/><W46/><G126/><T3/><D104/><U93/><E69/><V110/><F71/><W27/><G65/><N who="0" m="25195" /><D3/><U17/><E38/><V21/><F73/><W125/><G125/><T88/><D33/><U97/><E31/><V60/><F8/><N who="3" m="2087" /><G100/><T94/><D6/><U116/><E81/><V28/><F103/><W53/><G105/><T107/><D107/><N who="1" m="63951" /><E116/><V86/><F101/><W68/><G53/><T4/><D4/><U61/><E10/><V62/><F62/><W63/><G63/><T67/><D36/><U41/><E41/><V55/><F60/><W108/><G68/><T131/><D131/><U128/><E128/><V130/><F130/><W132/><G132/><N who="1" m="50794" /><E61/><V70/><F70/><W19/><G108/><T112/><D67/><U75/><E75/><V122/><F122/><W82/><G90/><T84/><D112/><U30/><E30/><V23/><F28/><N who="3" m="19871" /><G19/><AGARI ba="3,1" hai="16,17,19,57,58,92,93,95" m="50794,63951" machi="19" ten="30,2900,0" yaku="20,1,54,1" doraHai="20" who="1" fromWho="3" sc="362,0,186,48,216,0,226,-38" /><INIT seed="1,4,0,0,2,91" ten="362,234,216,188" oya="1" hai0="36,102,27,74,99,83,115,61,135,64,11,69,51" hai1="47,111,87,76,73,94,59,125,57,54,48,132,41" hai2="4,53,112,113,45,32,77,92,108,56,119,70,134" hai3="33,20,34,29,37,130,81,126,60,15,52,25,75"/><U28/><E111/><V78/><F70/><W38/><G130/><T98/><D115/><N who="2" m="44106" /><F32/><W6/><G126/><T71/><D36/><U13/><E125/><V86/><F119/><W129/><G129/><T66/><D135/><U118/><E132/><V30/><F134/><W131/><G131/><T88/><D51/><U12/><E118/><V55/><F30/><W103/><G103/><T44/><D44/><U23/><E73/><V10/><F45/><W14/><G14/><N who="1" m="5738" /><E76/><V31/><F31/><W117/><G117/><T0/><D66/><U82/><E82/><V110/><F78/><W24/><G33/><T22/><D71/><U2/><E2/><V26/><F26/><W106/><G106/><T90/><D74/><U80/><E80/><V101/><F77/><W49/><G60/><T85/><D90/><N who="1" m="53599" /><E41/><V40/><F40/><W124/><G124/><T105/><D0/><U95/><E28/><V121/><F121/><W8/><G81/><T127/><D127/><U19/><E95/><V50/><F110/><W62/><G62/><T128/><D128/><U107/><E107/><V84/><F108/><W1/><G75/><T3/><D3/><U18/><E23/><V109/><F109/><W16/><G24/><T96/><D11/><U116/><E116/><V97/><F10/><W58/><AGARI ba="4,0" hai="1,6,8,15,16,20,25,29,34,37,38,49,52,58" machi="58" ten="20,12000,2" yaku="0,1,7,1,24,2,54,2" doraHai="91" who="3" fromWho="3" sc="362,-34,234,-64,216,-34,188,132" /><INIT seed="2,0,0,2,5,84" ten="328,170,182,320" oya="2" hai0="48,49,68,98,125,96,83,40,20,108,31,87,76" hai1="71,77,86,133,132,92,26,28,8,121,106,64,113" hai2="61,9,105,62,128,56,72,122,116,66,99,43,7" hai3="80,82,127,44,95,55,91,53,131,89,70,117,36"/><V30/><F72/><W78/><G117/><T102/><D108/><U15/><E113/><V41/><F116/><W27/><G70/><T22/><D125/><U75/><E106/><V45/><F122/><W119/><G119/><T24/><D68/><U135/><E121/><V110/><F128/><W16/><G131/><T51/><D40/><U47/><E75/><V29/><F110/><W97/><G127/><T5/><D5/><U73/><E73/><V103/><F43/><W74/><G36/><T50/><N who="0" m="12800" /><DORA hai="23" /><T34/><REACH who="0" step="1"/><D98/><REACH who="0" ten="318,170,182,320" step="2"/><U107/><E47/><V79/><F45/><W115/><G44/><T93/><AGARI ba="0,1" hai="20,22,24,31,34,76,83,87,93,96,102" m="12800" machi="93" ten="40,8000,1" yaku="1,1,2,1,0,1,52,1,53,0" doraHai="84,23" doraHaiUra="58,104" who="0" fromWho="0" sc="318,90,170,-20,182,-40,320,-20" /><INIT seed="3,0,0,4,0,76" ten="408,150,142,300" oya="3" hai0="29,110,1,9,39,38,42,80,45,54,69,82,66" hai1="96,51,120,124,84,63,47,40,131,37,98,34,79" hai2="87,50,19,81,111,52,112,33,6,92,12,48,27" hai3="89,23,5,99,91,25,94,115,16,49,101,133,8"/><W125/><G115/><T134/><D110/><U35/><E120/><V74/><F112/><W67/><G133/><T129/><D134/><U130/><E124/><V83/><F111/><W93/><G125/><T7/><D129/><N who="1" m="49163" /><E37/><V109/><F109/><W121/><G121/><T41/><D29/><U20/><E63/><V104/><F104/><W44/><G67/><T4/><D54/><U122/><E122/><V113/><F113/><W11/><G5/><T43/><D4/><U97/><E79/><V31/><F6/><W86/><REACH who="3" step="1"/><G101/><REACH who="3" ten="408,150,142,290" step="2"/><T128/><D128/><U60/><E84/><V135/><F135/><W64/><G64/><T46/><D42/><AGARI ba="0,1" hai="8,11,16,23,25,42,44,49,86,89,91,93,94,99" machi="42" ten="30,11600,0" yaku="1,1,7,1,8,1,54,1,53,0" doraHai="76" doraHaiUra="100" who="3" fromWho="0" sc="408,-116,150,0,142,0,290,126" owari="292,9.0,150,-25.0,142,-36.0,416,52.0" /></mjloggm>