<mjloggm ver="2.3"><GO type="97" lobby="0"/><UN n0="%E3%82%84%E3%81%AA%E3%81%98%E3%83%BC" n1="%E3%81%9F%E3%81%8B%E3%81%97%EF%BC%96%EF%BC%90" n2="%E6%84%9A%E5%9C%B0%E2%98%86%E3%81%A8%E3%81%A3%E3%81%BD" n3="%E3%82%A6%E3%83%AB%E3%83%88%E3%83%A9%E7%AB%8B%E7%9B%B4" dan="13,13,16,15" rate="1857.94,1839.67,2124.42,1999.70" sx="M,M,M,M"/><TAIKYOKU oya="0"/><INIT seed="0,0,0,0,0,106" ten="250,250,250,250" oya="0" hai0="1,69,82,62,45,46,95,128,71,5,22,100,87" hai1="76,116,90,52,56,57,3,40,135,61,124,4,11" hai2="49,20,17,122,33,39,64,8,127,9,48,38,125" hai3="42,73,109,112,67,126,133,34,44,99,113,68,41"/><T121/><D121/><U123/><E116/><V36/><F33/><W53/><G99/><T14/><D1/><U35/><E123/><V83/><F64/><W132/><G34/><T94/><D128/><U86/><E124/><N who="2" m="47691" /><F122/><W81/><G126/><T96/><D71/><U74/><E135/><N who="3" m="51786" /><G81/><T10/><D94/><U119/><E35/><V72/><F20/><W15/><G15/><T91/><D22/><U84/><E119/><V93/><F93/><W19/><G19/><T89/><D100/><U21/><E40/><N who="3" m="15466" /><G73/><T2/><REACH who="0" step="1"/><D2/><REACH who="0" ten="240,250,250,250" step="2"/><U7/><E7/><V97/><F97/><W59/><G68/><T80/><D80/><U79/><E74/><V27/><F38/><W43/><G112/><T6/><D6/><U16/><E84/><V47/><F36/><W25/><G113/><T32/><D32/><U24/><E57/><V130/><F39/><W118/><G118/><T18/><D18/><U78/><E79/><V120/><F130/><W50/><G25/><T29/><D29/><U134/><E134/><V63/><F120/><W115/><G115/><T23/><D23/><U60/><E60/><V51/><F63/><W37/><G67/><AGARI ba="0,1" hai="5,10,14,45,46,62,67,69,82,87,89,91,95,96" machi="67" ten="40,2000,0" yaku="1,1,53,0" doraHai="106" doraHaiUra="101" who="0" fromWho="3" sc="240,30,250,0,250,0,250,-20" /><INIT seed="0,1,0,4,1,51" ten="270,250,250,230" oya="0" hai0="73,35,135,120,113,14,30,82,4,78,126,5,40" hai1="71,91,24,106,129,9,32,28,85,117,50,53,48" hai2="114,12,1,37,7,110,17,74,33,65,25,11,107" hai3="83,58,20,89,60,97,47,96,128,122,19,52,34"/><T44/><D120/><U101/><E117/><V105/><F74/><W124/><G34/><T69/><D113/><U49/><E129/><V3/><F37/><W21/><G128/><T16/><D135/><U38/><E71/><V86/><F65/><W116/><G116/><T84/><D69/><U118/><E118/><V55/><F114/><W36/><G122/><T26/><D73/><U108/><E108/><V0/><F110/><W90/><G124/><T111/><D126/><U57/><E38/><V61/><F86/><N who="3" m="50399" /><G36/><T109/><D40/><U130/><E130/><V134/><F134/><W80/><G47/><T18/><D44/><U75/><E9/><V41/><F41/><W13/><G21/><T67/><D67/><U79/><E79/><V76/><F76/><W104/><G104/><T98/><D18/><U94/><REACH who="1" step="1"/><E75/><REACH who="1" ten="270,240,250,230" step="2"/><V39/><F39/><W123/><G123/><T95/><D109/><U6/><E6/><V45/><F7/><W100/><G100/><T2/><D111/><U92/><E92/><V93/><F93/><W31/><G31/><T125/><D125/><U132/><E132/><V15/><F107/><W10/><G10/><T87/><D2/><U103/><E103/><V62/><F105/><W121/><G121/><T77/><D4/><U54/><E54/><V81/><F11/><W56/><G80/><T119/><D119/><U22/><E22/><N who="2" m="13519" /><F81/><W88/><G90/><N who="0" m="55671" /><D5/><U102/><E102/><V64/><F33/><W59/><G88/><N who="0" m="51223" /><D87/><U66/><E66/><V72/><F72/><W133/><G133/><T131/><D131/><U43/><E43/><RYUUKYOKU ba="1,1" sc="270,10,240,10,250,-30,230,10" hai0="14,16,26,30,35,77,78" hai1="24,28,32,48,49,50,53,57,85,91,94,101,106" hai3="13,19,20,52,56,58,59,60,96,97" /><INIT seed="0,2,1,0,0,6" ten="280,250,220,240" oya="0" hai0="55,38,13,7,57,1,12,10,42,95,87,29,86" hai1="106,17,124,26,18,104,116,72,23,3,80,81,22" hai2="16,119,56,63,40,131,21,135,48,52,92,34,27" hai3="90,88,110,97,25,76,2,115,107,103,66,93,46"/><T121/><D121/><U19/><E116/><V89/><F119/><W35/><G115/><T60/><D29/><U0/><E72/><V127/><F127/><W31/><G110/><T129/><D129/><U53/><E53/><V47/><F131/><W85/><G2/><N who="1" m="554" /><E124/><V28/><F135/><W43/><G76/><T99/><D38/><U41/><E41/><V134/><F134/><W102/><G66/><T65/><D42/><U4/><E4/><V78/><F78/><W45/><G45/><T91/><D65/><U111/><E111/><V73/><F73/><W98/><REACH who="3" step="1"/><G85/><REACH who="3" ten="280,250,220,230" step="2"/><T64/><D64/><U50/><E50/><AGARI ba="2,2" hai="25,31,35,43,46,50,88,90,93,97,98,102,103,107" machi="50" ten="30,7700,0" yaku="1,1,2,1,7,1,54,1,53,0" doraHai="6" doraHaiUra="125" who="3" fromWho="1" sc="280,0,250,-83,220,0,230,103" /><INIT seed="1,0,0,4,4,107" ten="280,167,220,333" oya="1" hai0="52,99,36,111,49,8,54,61,82,123,50,42,57" hai1="91,113,81,44,108,32,100,45,24,122,34,90,97" hai2="106,87,59,110,10,39,23,0,25,1,29,109,84" hai3="77,46,92,40,66,134,67,6,132,43,28,120,94"/><U15/><E122/><V69/><F69/><W79/><G28/><T30/><D123/><U114/><E108/><N who="2" m="41579" /><F106/><W95/><G120/><T115/><D115/><U65/><E15/><V63/><F39/><W17/><G17/><T55/><D111/><U105/><E34/><V86/><F10/><W104/><G104/><T13/><D30/><U98/><E98/><V93/><F93/><W27/><G27/><T131/><D131/><U41/><E45/><V125/><F125/><W126/><G126/><T85/><D99/><U26/><E26/><V31/><F31/><W112/><G46/><T21/><D21/><U116/><E116/><V12/><F12/><W88/><G88/><N who="0" m="51255" /><D42/><U4/><E4/><V5/><F5/><W128/><G6/><N who="0" m="3223" /><D36/><U56/><E81/><V71/><F71/><W101/><G101/><T9/><D9/><U72/><E72/><V7/><F7/><W133/><G128/><T118/><D118/><U58/><E114/><V68/><F68/><W135/><N who="3" m="33792" /><DORA hai="16" /><W83/><G112/><T20/><D20/><U11/><E11/><V62/><F62/><W22/><G22/><T53/><AGARI ba="0,0" hai="49,50,52,53,54,55,57,61" m="3223,51255" machi="53" ten="30,4000,0" yaku="8,1,54,2" doraHai="107,16" who="0" fromWho="0" sc="280,40,167,-20,220,-10,333,-10" /><INIT seed="2,0,0,4,2,50" ten="320,147,210,323" oya="2" hai0="86,132,7,78,62,68,100,24,115,101,114,14,47" hai1="8,59,21,71,66,44,60,112,13,55,127,106,121" hai2="30,42,70,49,135,113,20,58,25,97,79,33,111" hai3="69,3,129,74,126,29,96,67,95,85,18,123,81"/><V48/><F113/><W46/><G74/><T6/><D132/><U5/><E106/><V117/><F117/><W0/><G123/><T28/><D47/><U89/><E121/><V131/><F70/><W64/><G29/><T108/><D115/><U31/><E112/><V128/><F135/><W16/><G69/><T10/><D114/><U83/><E127/><V93/><F79/><W12/><G126/><T80/><D108/><U2/><E2/><V15/><F111/><W84/><G129/><N who="2" m="49737" /><F42/><W118/><G118/><T35/><D6/><U87/><E71/><V75/><F75/><W88/><G0/><T122/><D122/><U54/><REACH who="1" step="1"/><E44/><REACH who="1" ten="320,137,210,323" step="2"/><V82/><F82/><W90/><G3/><T41/><REACH who="0" step="1"/><D41/><REACH who="0" ten="310,137,210,323" step="2"/><U22/><E22/><V1/><F1/><W133/><G133/><T119/><D119/><U52/><E52/><V99/><F20/><W53/><G53/><T124/><D124/><U134/><E134/><V4/><F33/><W39/><G46/><T103/><D103/><U98/><E98/><V19/><F97/><W40/><G40/><T92/><D92/><U94/><E94/><V116/><F93/><W104/><G104/><T11/><D11/><U91/><E91/><V9/><F99/><W73/><G96/><T34/><D34/><U51/><E51/><V43/><F116/><W77/><G90/><T125/><D125/><U61/><E61/><V27/><F48/><W32/><G32/><T37/><D37/><U109/><E109/><V107/><F107/><W63/><G39/><T120/><D120/><U105/><E105/><V56/><F49/><RYUUKYOKU ba="0,2" sc="310,15,137,15,210,-15,323,-15" hai0="7,10,14,24,28,35,62,68,78,80,86,100,101" hai1="5,8,13,21,31,54,55,59,60,66,83,87,89" /><INIT seed="3,1,2,3,1,59" ten="325,152,195,308" oya="3" hai0="85,90,35,95,133,101,62,46,91,66,100,131,40" hai1="79,30,44,60,19,98,3,41,116,6,16,118,73" hai2="54,117,99,124,114,26,126,94,75,97,115,81,58" hai3="47,109,119,130,96,9,121,128,0,28,20,71,77"/><W125/><G121/><T86/><D35/><U18/><E98/><V108/><F117/><N who="1" m="45161" /><E79/><N who="2" m="44287" /><F26/><N who="3" m="16455" /><G119/><T84/><D131/><N who="3" m="50217" /><G125/><N who="2" m="48233" /><F108/><W63/><G109/><T17/><D133/><U123/><E60/><N who="2" m="35927" /><F99/><W76/><G96/><T36/><D17/><N who="1" m="6763" /><E73/><V132/><F132/><W49/><G63/><T53/><D53/><U50/><E123/><V88/><AGARI ba="1,2" hai="88,94,97,114,115" m="35927,48233,44287" machi="88" ten="30,4000,0" yaku="18,1,52,1,54,1" doraHai="59" who="2" fromWho="2" sc="325,-11,152,-11,195,63,308,-21" owari="314,41.0,141,-36.0,258,-14.0,287,9.0" /></mjloggm>