<mjloggm ver="2.3"><GO type="97" lobby="0"/><UN n0="%40%4A%61%76%61%64%6F%63" n1="%E3%82%A6%E3%83%AB%E3%83%88%E3%83%A9%E7%AB%8B%E7%9B%B4" n2="%6B%69%74%6F%6B%69%74%6F" n3="%64%6F%72%6F%62%61%62%61" dan="15,15,14,13" rate="1945.10,2003.58,1940.16,1818.49" sx="M,M,F,F"/><TAIKYOKU oya="0"/><INIT seed="0,0,0,0,0,100" ten="250,250,250,250" oya="0" hai0="102,32,7,91,95,80,135,78,69,121,22,34,67" hai1="71,99,96,87,72,89,11,107,125,28,10,104,75" hai2="13,39,38,109,133,21,12,117,48,20,130,88,126" hai3="64,83,108,58,60,70,92,68,24,31,30,5,52"/><T16/><D135/><U49/><E49/><V74/><F133/><W124/><G108/><T97/><D121/><U119/><E28/><V127/><F74/><W81/><G124/><N who="2" m="47657" /><F109/><W131/><G131/><T76/><D7/><U35/><E125/><V116/><F130/><W14/><G92/><T115/><D115/><U40/><E40/><V56/><F88/><W59/><G70/><T45/><D69/><U62/><E89/><V0/><F0/><W44/><G44/><T6/><D6/><U73/><E87/><V129/><F48/><W2/><G2/><T9/><D9/><N who="1" m="3083" /><E71/><V57/><F129/><W134/><G68/><T98/><D67/><U106/><E62/><V18/><F57/><W110/><G110/><T15/><D45/><U55/><E55/><V26/><F56/><W63/><G134/><T132/><D132/><U84/><E84/><V113/><F113/><W41/><G41/><T90/><D76/><U53/><E53/><V66/><F66/><W120/><G120/><T54/><D54/><U37/><E37/><N who="2" m="13835" /><F21/><N who="3" m="15631" /><G31/><T82/><D82/><U61/><E61/><V33/><F33/><W4/><G4/><T122/><D122/><U23/><E23/><V17/><F17/><W8/><AGARI ba="0,0" hai="5,8,14,52,58,59,60,63,64,81,83" m="15631" machi="8" ten="30,2000,0" yaku="8,1,54,1" doraHai="100" who="3" fromWho="3" sc="250,-10,250,-5,250,-5,250,20" /><INIT seed="1,0,0,2,0,26" ten="240,245,245,270" oya="1" hai0="47,61,42,59,124,79,21,50,43,30,92,80,48" hai1="126,55,70,98,5,121,102,6,110,28,72,69,56" hai2="60,53,116,17,11,9,95,10,88,105,52,118,62" hai3="33,49,64,32,87,4,27,41,97,16,22,51,128"/><U58/><E72/><V25/><F105/><W117/><G117/><T82/><D124/><U7/><E121/><V129/><F129/><W94/><G128/><T135/><D135/><U54/><E126/><V107/><F107/><W99/><G4/><T37/><D92/><U134/><E134/><V14/><F118/><W78/><G64/><T131/><D131/><U90/><E90/><V91/><F116/><W68/><G68/><T100/><D100/><U39/><E39/><V13/><F25/><W67/><G67/><T12/><D37/><U36/><E36/><V29/><F29/><W3/><G3/><T112/><D112/><U8/><E8/><V40/><F40/><W96/><G33/><T106/><D106/><U74/><E74/><V18/><F9/><W103/><G32/><T34/><D48/><N who="3" m="18505" /><G41/><T85/><D43/><U24/><E110/><V45/><F95/><W133/><G133/><T23/><D34/><U57/><E69/><V125/><REACH who="2" step="1"/><F125/><REACH who="2" ten="240,245,235,270" step="2"/><W15/><G94/><T81/><D30/><U104/><REACH who="1" step="1"/><E70/><REACH who="1" ten="240,235,235,270" step="2"/><V101/><F101/><W108/><G103/><T31/><D42/><U93/><E93/><V73/><F73/><W120/><G108/><T130/><D130/><U0/><E0/><V111/><F111/><W113/><G113/><T66/><D47/><AGARI ba="0,2" hai="10,11,13,14,17,18,45,47,52,53,60,62,88,91" machi="47" ten="25,12000,2" yaku="1,1,22,2,8,1,54,2,53,0" doraHai="26" doraHaiUra="76" who="2" fromWho="0" sc="240,-120,235,0,235,140,270,0" /><INIT seed="2,0,0,5,4,44" ten="120,235,375,270" oya="2" hai0="126,98,54,123,125,14,51,41,132,56,1,43,22" hai1="5,61,20,24,53,12,81,79,4,87,60,92,67" hai2="84,127,124,73,108,75,90,7,26,109,77,111,116" hai3="15,101,118,35,2,29,59,102,50,85,8,16,57"/><V131/><F7/><W11/><G118/><T120/><D1/><U83/><E92/><N who="2" m="54343" /><F26/><W63/><G35/><T18/><D132/><U110/><E110/><V6/><F6/><W119/><G29/><T66/><D98/><U19/><E83/><N who="2" m="45487" /><F116/><W68/><G2/><T39/><D66/><U93/><E93/><V105/><F75/><W17/><G119/><T65/><D65/><U33/><E33/><V129/><F105/><W32/><G32/><T62/><D39/><U72/><E72/><V112/><F112/><W70/><G15/><T113/><D113/><U21/><E67/><V97/><F97/><W38/><G38/><T121/><REACH who="0" step="1"/><D62/><REACH who="0" ten="110,235,375,270" step="2"/><U135/><E135/><V10/><F10/><W45/><G63/><T34/><D34/><U130/><E60/><V82/><F124/><AGARI ba="0,1" hai="14,18,22,41,43,51,54,56,120,121,123,124,125,126" machi="124" ten="50,6400,0" yaku="1,1,18,1,52,1,53,0" doraHai="44" doraHaiUra="78" who="0" fromWho="2" sc="110,74,235,0,375,-64,270,0" /><INIT seed="3,0,0,3,3,78" ten="184,235,311,270" oya="3" hai0="21,97,12,50,129,0,45,8,92,82,2,44,70" hai1="69,109,88,118,79,73,47,75,65,122,15,39,106" hai2="103,80,72,33,26,43,61,90,121,85,81,1,134" hai3="68,124,60,49,57,4,22,117,133,20,110,63,76"/><W113/><G117/><T94/><D70/><U34/><E15/><V100/><F1/><W130/><G113/><T58/><D129/><U37/><E88/><V6/><F6/><W93/><G68/><T74/><D2/><U126/><E47/><V91/><F43/><W52/><G130/><T27/><D0/><U38/><E79/><V71/><F71/><W18/><G124/><T128/><D128/><U112/><E65/><V108/><F108/><W30/><G133/><T41/><D45/><U102/><E102/><N who="2" m="38955" /><F61/><N who="3" m="23627" /><G4/><T16/><D58/><U25/><E25/><V84/><F26/><N who="3" m="16711" /><G76/><T99/><D74/><U127/><E75/><V107/><F33/><W116/><G110/><T62/><D62/><U24/><E24/><V135/><F121/><W104/><G104/><T132/><D132/><N who="2" m="50730" /><F72/><W89/><G116/><T87/><D97/><U10/><E73/><V29/><F29/><W105/><G105/><AGARI ba="0,0" hai="80,81,84,85,90,91,105,107" m="50730,38955" machi="105" ten="30,8000,1" yaku="20,1,34,2,52,2" doraHai="78" who="2" fromWho="3" sc="184,0,235,0,311,80,270,-80" owari="184,-32.0,235,4.0,391,49.0,190,-21.0" /></mjloggm>