<mjloggm ver="2.3"><GO type="97" lobby="0"/><UN n0="%E3%82%A6%E3%83%AB%E3%83%88%E3%83%A9%E7%AB%8B%E7%9B%B4" n1="%E3%83%8D%E3%82%AA%E3%83%A9%E3%83%B4%E3%82%A3%E3%83%B3" n2="%E5%B2%B8%E6%9C%AC%E6%81%B5" n3="%E5%B7%9D%E6%9D%91" dan="15,15,13,14" rate="1968.19,1950.72,1924.64,2041.49" sx="M,M,M,M"/><TAIKYOKU oya="0"/><INIT seed="0,0,0,2,3,5" ten="250,250,250,250" oya="0" hai0="64,67,90,65,71,125,108,68,41,66,93,62,95" hai1="73,16,78,96,25,39,94,92,89,50,2,82,129" hai2="107,0,81,40,128,119,45,11,127,120,114,97,100" hai3="1,77,117,86,75,54,118,88,49,31,130,59,9"/><T55/><D95/><U126/><E2/><V57/><F114/><W76/><G130/><T10/><D71/><U52/><E39/><V4/><F120/><W83/><G31/><T60/><D41/><U22/><E129/><V8/><F128/><W116/><REACH who="3" step="1"/><G75/><REACH who="3" ten="250,250,250,240" step="2"/><T28/><D28/><U38/><E126/><V13/><F127/><W43/><G43/><T80/><D125/><U61/><E38/><V3/><F119/><W110/><G110/><T133/><D108/><U36/><E36/><V46/><F40/><W53/><G53/><T122/><D122/><U26/><E50/><V106/><F106/><W35/><G35/><T33/><D33/><U17/><E94/><V123/><F123/><W42/><G42/><T99/><D55/><U135/><E135/><V115/><F115/><W132/><G132/><T85/><D133/><U47/><E47/><V15/><F46/><W44/><G44/><T48/><D48/><U23/><E52/><V87/><F45/><W24/><G24/><T134/><D134/><U14/><REACH who="1" step="1"/><E61/><REACH who="1" ten="250,240,250,240" step="2"/><V91/><REACH who="2" step="1"/><F57/><REACH who="2" ten="250,240,240,240" step="2"/><W101/><G101/><T131/><D131/><U19/><E19/><AGARI ba="0,3" hai="0,3,4,8,11,13,15,19,81,87,91,97,100,107" machi="19" ten="30,12000,2" yaku="1,1,2,1,7,1,52,2,53,1" doraHai="5" doraHaiUra="103" who="2" fromWho="1" sc="250,0,240,-120,240,150,240,0" /><INIT seed="1,0,0,4,2,56" ten="250,120,390,240" oya="1" hai0="134,39,20,108,4,110,77,40,93,125,49,76,82" hai1="11,34,103,112,59,113,87,29,69,55,30,46,70" hai2="65,97,86,127,0,85,25,75,5,66,2,74,13" hai3="8,57,71,19,98,44,88,60,80,91,99,61,22"/><U126/><E126/><V135/><F127/><W106/><G71/><T58/><D77/><U17/><E34/><V120/><F25/><N who="3" m="14559" /><G106/><T26/><D4/><U111/><E111/><N who="0" m="42537" /><D93/><U114/><E46/><V14/><F97/><N who="3" m="36875" /><G44/><T41/><D39/><U1/><E103/><V54/><F54/><N who="3" m="33847" /><G61/><T67/><D134/><U42/><E42/><V36/><F36/><W102/><G102/><T32/><D32/><U73/><E73/><V37/><F37/><W51/><G51/><T118/><D125/><U6/><E69/><V18/><F135/><W109/><G109/><T10/><D41/><U9/><E70/><V28/><F75/><W21/><G8/><T133/><D10/><U63/><REACH who="1" step="1"/><E87/><REACH who="1" ten="250,110,390,240" step="2"/><V119/><F86/><N who="3" m="50247" /><G21/><T130/><D133/><U105/><E105/><V100/><F74/><W12/><G91/><T95/><D40/><U81/><E81/><V94/><F85/><W90/><G90/><T27/><D20/><U35/><E35/><V101/><F100/><W43/><G43/><T129/><D82/><U3/><E3/><V121/><F101/><W78/><G78/><T53/><D76/><U38/><E38/><V45/><F45/><W131/><G131/><T15/><D129/><U79/><E79/><V50/><F0/><W96/><N who="3" m="36883" /><W89/><DORA hai="107" /><G89/><T7/><D130/><U115/><N who="1" m="29184" /><DORA hai="24" /><U116/><E116/><V47/><F2/><W132/><G132/><T92/><D118/><U16/><E16/><V52/><F18/><W72/><G72/><T84/><D84/><U124/><E124/><V48/><F119/><W33/><G33/><RYUUKYOKU ba="0,1" sc="250,-15,110,15,390,-15,240,15" hai1="1,6,9,11,17,29,30,55,59,63" hai3="12" /><INIT seed="1,1,1,5,0,26" ten="235,125,375,255" oya="1" hai0="31,123,11,15,119,1,127,124,103,117,83,113,125" hai1="40,99,91,79,46,14,70,17,105,109,69,67,4" hai2="114,81,25,108,45,51,39,96,34,132,37,0,74" hai3="43,16,63,60,54,42,6,90,10,93,118,88,107"/><U12/><E109/><V24/><F0/><W58/><G107/><T18/><D103/><U134/><E79/><V112/><F108/><W71/><G118/><N who="0" m="45067" /><D83/><U62/><E134/><V122/><F122/><W41/><G16/><T28/><D113/><N who="2" m="43626" /><F132/><W85/><G90/><T97/><D97/><U32/><E32/><V53/><F96/><W130/><G130/><T84/><D84/><U120/><E120/><V5/><F5/><W92/><G93/><T72/><D72/><U65/><E4/><V95/><F95/><W78/><G78/><T36/><D36/><N who="2" m="13898" /><F34/><W104/><G104/><T8/><D123/><U87/><E99/><V64/><F64/><W38/><G38/><T30/><D1/><U13/><E105/><V77/><AGARI ba="1,1" hai="24,25,45,51,53,74,77,81" m="13898,43626" machi="77" ten="40,1500,0" yaku="11,1" doraHai="26" who="2" fromWho="2" sc="235,-5,125,-8,375,28,255,-5" /><INIT seed="2,0,0,0,0,61" ten="230,117,403,250" oya="2" hai0="133,66,9,109,8,10,68,74,91,117,65,59,46" hai1="27,122,101,51,94,116,81,20,114,71,39,50,16" hai2="110,60,33,64,3,63,43,49,30,99,93,85,76" hai3="128,111,5,100,98,57,31,7,42,88,113,92,78"/><V123/><F3/><W53/><G111/><T11/><D74/><U83/><E116/><V96/><F123/><W72/><G128/><T38/><D109/><U37/><E114/><V12/><F110/><W134/><G113/><T2/><D117/><U6/><E122/><V95/><F33/><W107/><G134/><T106/><D106/><U129/><E129/><V44/><F30/><W4/><G42/><T52/><D68/><U24/><E6/><V41/><F41/><W36/><G36/><T29/><D46/><U69/><E94/><N who="2" m="35851" /><F12/><W73/><G31/><T119/><D38/><U112/><E112/><V79/><F63/><W90/><G78/><N who="2" m="29737" /><F85/><W89/><REACH who="3" step="1"/><G107/><REACH who="3" ten="230,117,403,240" step="2"/><T126/><D29/><U127/><E127/><V32/><F32/><W22/><G22/><T102/><D126/><U103/><REACH who="1" step="1"/><E20/><REACH who="1" ten="230,107,403,240" step="2"/><V23/><F23/><W19/><G19/><AGARI ba="0,2" hai="16,19,24,27,37,39,50,51,69,71,81,83,101,103" machi="19" ten="25,12000,2" yaku="1,1,2,1,22,2,54,1,53,2" doraHai="61" doraHaiUra="70" who="1" fromWho="3" sc="230,0,107,140,403,0,240,-120" /><INIT seed="3,0,0,4,3,19" ten="230,247,403,120" oya="3" hai0="105,45,127,61,65,49,17,83,27,95,82,75,66" hai1="78,96,104,84,51,28,130,87,132,39,12,41,70" hai2="97,133,111,77,112,81,7,18,40,108,44,10,59" hai3="76,0,26,131,102,9,3,93,37,62,38,46,115"/><W42/><G131/><T11/><D105/><U4/><E130/><V52/><F112/><W106/><G115/><T118/><D118/><U94/><E39/><V22/><F133/><W21/><G106/><T47/><D75/><U2/><E2/><V80/><F97/><W100/><G38/><T90/><D47/><N who="1" m="26095" /><E70/><V23/><F18/><W114/><G114/><T88/><D127/><U48/><E132/><V58/><F58/><W116/><G116/><T15/><D27/><U125/><E125/><V53/><F53/><W5/><G0/><T135/><D135/><U74/><E74/><N who="2" m="43063" /><F81/><N who="0" m="30730" /><D61/><U67/><E104/><V1/><F40/><W20/><G76/><T113/><D113/><U98/><E78/><V110/><F44/><W33/><G62/><AGARI ba="0,0" hai="1,7,10,22,23,52,59,62,108,110,111" m="43063" machi="62" ten="30,7700,0" yaku="14,1,52,2,54,1" doraHai="19" who="2" fromWho="3" sc="230,0,247,0,403,77,120,-77" owari="230,-17.0,247,5.0,480,58.0,43,-46.0" /></mjloggm>