<mjloggm ver="2.3"><GO type="97" lobby="0"/><UN n0="%6D%68%69%6D%61" n1="%E3%82%A6%E3%83%AB%E3%83%88%E3%83%A9%E7%AB%8B%E7%9B%B4" n2="%72%65%67%65%64%69%74" n3="%62%69%67%70%6F%70%6F%73" dan="15,15,14,14" rate="2014.86,1985.62,1994.88,1915.44" sx="M,M,M,M"/><TAIKYOKU oya="0"/><INIT seed="0,0,0,1,5,61" ten="250,250,250,250" oya="0" hai0="15,104,92,119,125,91,135,43,65,72,124,46,28" hai1="75,48,57,34,109,93,76,6,25,54,45,33,13" hai2="90,120,66,8,83,59,131,2,105,77,30,3,71" hai3="102,55,42,56,20,53,67,14,126,94,97,63,117"/><T106/><D72/><U110/><E76/><V16/><F120/><W99/><G126/><N who="0" m="48747" /><D119/><U98/><E75/><V0/><F105/><W23/><G117/><T32/><D15/><U130/><E130/><V44/><F71/><W100/><G42/><T36/><D135/><U132/><E132/><V88/><F131/><W114/><G114/><T51/><D36/><U60/><E25/><V69/><F69/><W19/><REACH who="3" step="1"/><G23/><REACH who="3" ten="250,250,250,240" step="2"/><T86/><D32/><U82/><E34/><V133/><F133/><W4/><G4/><T1/><D1/><U39/><E33/><V127/><F2/><W70/><G70/><T108/><D28/><U52/><E39/><V26/><F0/><W79/><G79/><T118/><D118/><U121/><E121/><V64/><F127/><W89/><G89/><T80/><D80/><U73/><E82/><V134/><F134/><W22/><G22/><T68/><D108/><U41/><E109/><V47/><F3/><W95/><AGARI ba="0,1" hai="14,19,20,53,55,56,63,67,94,95,97,99,100,102" machi="95" ten="20,12000,2" yaku="1,1,0,1,7,1,9,1,8,1,52,1,53,0" doraHai="61" doraHaiUra="115" who="3" fromWho="3" sc="250,-60,250,-30,250,-30,240,130" /><INIT seed="1,0,0,1,1,23" ten="190,220,220,370" oya="1" hai0="74,85,35,76,34,123,44,93,109,124,60,26,130" hai1="48,52,16,91,117,108,65,9,2,75,19,21,64" hai2="7,119,129,4,3,50,57,104,72,54,92,63,84" hai3="55,120,97,90,131,25,102,66,111,69,99,61,132"/><U42/><E75/><V30/><F119/><W73/><G73/><T70/><D74/><U103/><E117/><V80/><F104/><W17/><G111/><T22/><D109/><U116/><E108/><V77/><F129/><W24/><G132/><T46/><D130/><U125/><E116/><V89/><F3/><W6/><G6/><T135/><D135/><U62/><E125/><V13/><F13/><W114/><G114/><T83/><D124/><U112/><E112/><V78/><F78/><W15/><G131/><T96/><D123/><U113/><E113/><V56/><F30/><W59/><G90/><T53/><D34/><U11/><E103/><V41/><F41/><W33/><G33/><T0/><D0/><U133/><E133/><V36/><F36/><W126/><G126/><T95/><D35/><U18/><E42/><V106/><F106/><W14/><G14/><T128/><D128/><U105/><E105/><V20/><F20/><W122/><G120/><T27/><D27/><N who="3" m="10313" /><G102/><T45/><D96/><N who="3" m="36937" /><G69/><T49/><D60/><U10/><E21/><V43/><F43/><W121/><G121/><T86/><D70/><U68/><E68/><V101/><F101/><W12/><G122/><T110/><D110/><U88/><E2/><V40/><F40/><W67/><G12/><T115/><D115/><U58/><E62/><V107/><F107/><W5/><G5/><T81/><D95/><U98/><E98/><V87/><F72/><W8/><AGARI ba="0,0" hai="8,15,17,55,59,61,66,67" m="36937,10313" machi="8" ten="30,7900,0" yaku="8,1,52,3" doraHai="23" who="3" fromWho="3" sc="190,-20,220,-39,220,-20,370,79" /><INIT seed="2,0,0,1,0,35" ten="170,181,200,449" oya="2" hai0="21,111,81,50,118,82,39,119,91,103,27,9,96" hai1="24,2,109,37,54,78,100,53,74,112,43,44,107" hai2="98,41,135,89,70,95,52,102,55,122,58,16,108" hai3="56,0,23,134,124,97,128,76,125,34,61,22,67"/><V121/><F70/><W4/><G34/><T65/><D39/><U105/><E54/><V92/><F135/><W31/><G128/><T63/><D50/><U8/><E53/><V80/><F108/><W36/><G36/><T115/><D115/><U48/><E48/><V120/><F41/><W10/><G134/><T13/><D111/><U131/><E109/><V30/><F30/><W51/><G76/><T83/><D91/><U12/><E12/><V14/><F80/><W29/><G97/><T20/><D13/><U127/><E112/><V132/><F132/><W1/><G1/><T7/><D9/><U123/><E131/><V130/><F130/><W32/><G32/><T47/><D7/><N who="1" m="1143" /><E24/><V71/><F71/><W116/><G116/><N who="0" m="44587" /><D27/><U64/><E64/><V79/><F79/><W59/><G59/><N who="0" m="37119" /><D47/><U72/><E127/><N who="3" m="48714" /><G51/><T3/><D3/><U42/><E42/><V126/><F126/><W104/><G104/><AGARI ba="0,0" hai="20,21,81,82,83,96,103,104" m="37119,44587" machi="104" ten="30,1000,0" yaku="12,1" doraHai="35" who="0" fromWho="3" sc="170,10,181,0,200,0,449,-10" /><INIT seed="3,0,0,1,4,122" ten="180,181,200,439" oya="3" hai0="84,6,103,127,98,130,3,66,68,25,46,86,38" hai1="33,61,93,8,96,132,58,74,131,18,51,19,85" hai2="118,105,36,47,76,77,0,49,71,57,123,10,27" hai3="9,135,112,31,104,50,56,39,134,110,29,99,14"/><W91/><G112/><T52/><D127/><U120/><E33/><V59/><F123/><W100/><G110/><T109/><D109/><U21/><E74/><V133/><F71/><W55/><G39/><T35/><D130/><U53/><E120/><V54/><F105/><W32/><G91/><T1/><D84/><U117/><E132/><N who="3" m="50730" /><G32/><T28/><D86/><U102/><E131/><V121/><F121/><W60/><G60/><N who="0" m="40007" /><D6/><AGARI ba="0,0" hai="6,9,14,29,31,50,55,56,99,100,104" m="50730" machi="6" ten="30,1500,0" yaku="20,1" doraHai="122" who="3" fromWho="0" sc="180,-15,181,0,200,0,439,15" owari="165,-33.0,181,-22.0,200,0.0,454,55.0" /></mjloggm>