<mjloggm ver="2.3"><GO type="97" lobby="0"/><UN n0="%E3%82%A6%E3%83%AB%E3%83%88%E3%83%A9%E7%AB%8B%E7%9B%B4" n1="%63%61%70%6C%69%6F%52%31" n2="%E4%BA%8C%E4%BB%A3%E7%9B%AE%E3%82%A2%E3%83%A1%E3%83%96%E3%83%A9" n3="%E8%A6%8B%E3%81%88%E3%81%96%E3%82%8B%E6%89%8B" dan="15,13,15,14" rate="1974.55,1858.11,2026.23,1947.79" sx="M,M,M,M"/><TAIKYOKU oya="0"/><INIT seed="0,0,0,3,0,80" ten="250,250,250,250" oya="0" hai0="78,82,59,112,73,2,101,5,56,44,98,131,46" hai1="83,115,135,8,89,26,18,110,32,22,62,13,23" hai2="65,54,125,68,91,28,37,39,79,49,114,10,48" hai3="132,45,53,106,88,95,12,17,77,76,30,104,29"/><T16/><D131/><U122/><E62/><V9/><F114/><W92/><G106/><T31/><D112/><U21/><E89/><V127/><F79/><W97/><G104/><T70/><D70/><U111/><E83/><V100/><F100/><W85/><G132/><T120/><D31/><N who="3" m="11785" /><G53/><T52/><D120/><U84/><E84/><V72/><F72/><W55/><G55/><T34/><D34/><U126/><E115/><V130/><F28/><W96/><G45/><T57/><D5/><N who="1" m="3215" /><E122/><V129/><F91/><N who="3" m="53359" /><G97/><T38/><D2/><U124/><E135/><V118/><F68/><W4/><G4/><T134/><D134/><U119/><E32/><V58/><F65/><W15/><G15/><T71/><D71/><U6/><E6/><V109/><F54/><W90/><G90/><T61/><D44/><U103/><E103/><V14/><F14/><W20/><AGARI ba="0,0" hai="12,17,20,76,77,88,95,96" m="53359,11785" machi="20" ten="30,4000,0" yaku="8,1,52,1,54,1" doraHai="80" who="3" fromWho="3" sc="250,-20,250,-10,250,-10,250,40" /><INIT seed="1,0,0,0,4,66" ten="230,240,240,290" oya="1" hai0="75,36,135,10,126,117,37,134,68,93,30,77,133" hai1="29,106,63,80,98,5,62,34,118,12,128,72,111" hai2="39,65,16,96,1,59,104,57,25,112,47,73,86" hai3="42,127,52,94,103,85,9,60,2,79,78,114,27"/><U43/><E118/><V41/><F73/><W115/><G114/><T13/><D117/><U87/><E72/><V95/><F1/><W49/><G115/><T38/><D30/><U132/><E128/><V67/><F112/><W125/><G27/><T123/><D123/><U51/><E132/><V50/><F104/><W61/><G42/><T58/><D93/><U19/><E29/><V32/><F32/><W35/><G35/><T18/><D58/><N who="2" m="22026" /><F86/><W99/><G61/><T46/><D46/><U91/><E111/><V20/><F39/><W71/><G60/><T92/><D92/><U48/><E34/><V33/><F33/><W108/><G71/><T130/><D130/><U8/><E106/><V84/><F84/><W21/><G108/><T131/><D131/><U70/><E98/><V105/><F105/><W90/><G21/><T88/><D88/><AGARI ba="0,0" hai="16,20,25,41,47,50,65,67,88,95,96" m="22026" machi="88" ten="30,3900,0" yaku="8,1,54,2" doraHai="66" who="2" fromWho="0" sc="230,-39,240,0,240,39,290,0" /><INIT seed="2,0,0,3,5,72" ten="191,240,279,290" oya="2" hai0="33,120,68,92,134,126,23,82,94,111,56,88,67" hai1="102,41,60,109,121,100,104,19,114,87,37,48,73" hai2="70,32,61,2,103,0,28,49,106,21,52,77,89" hai3="115,13,50,105,125,112,53,132,95,135,65,57,20"/><V116/><F116/><W97/><G105/><T22/><D68/><U131/><E114/><N who="3" m="43562" /><G20/><T40/><D33/><U8/><E37/><V59/><F89/><N who="3" m="55535" /><G13/><T119/><D119/><U122/><E73/><V63/><F21/><N who="0" m="7690" /><D126/><U62/><E109/><V3/><F77/><W46/><G125/><T27/><D134/><N who="3" m="51241" /><G65/><T93/><D120/><N who="1" m="46187" /><E131/><V76/><F76/><W96/><G96/><T78/><D111/><U113/><E113/><V14/><F14/><W91/><G91/><T18/><D27/><U127/><E127/><V15/><F15/><W44/><AGARI ba="0,0" hai="44,46,50,53,57" m="51241,55535,43562" machi="44" ten="40,2700,0" yaku="11,1,20,1" doraHai="72" who="3" fromWho="3" sc="191,-7,240,-7,279,-13,290,27" /><INIT seed="3,0,0,2,2,106" ten="184,233,266,317" oya="3" hai0="46,103,27,128,123,20,8,100,6,26,73,1,74" hai1="132,113,48,13,109,90,131,69,133,34,32,72,53" hai2="42,86,95,116,111,41,33,39,117,40,24,15,47" hai3="108,94,102,82,61,23,7,124,76,57,21,88,92"/><W118/><G118/><T66/><D123/><U110/><E69/><V89/><F111/><N who="1" m="42505" /><E90/><V68/><F68/><W65/><G108/><T17/><D128/><U125/><E13/><V101/><F101/><W80/><G124/><T10/><D66/><U44/><E113/><V91/><F42/><W62/><G7/><T129/><D129/><U49/><E131/><V55/><F40/><W81/><G62/><T112/><D112/><U50/><E125/><V97/><F55/><W122/><G122/><T121/><D121/><U18/><E18/><V25/><F15/><W120/><G120/><T104/><D100/><U71/><E71/><V93/><REACH who="2" step="1"/><F33/><REACH who="2" ten="184,233,256,317" step="2"/><N who="1" m="12905" /><E72/><V134/><F134/><AGARI ba="0,1" hai="44,48,49,50,53,132,133,134" m="12905,42505" machi="134" ten="40,2600,0" yaku="20,1,14,1" doraHai="106" who="1" fromWho="2" sc="184,0,233,36,256,-26,317,0" owari="184,-32.0,269,7.0,230,-17.0,317,42.0" /></mjloggm>