<mjloggm ver="2.3"><GO type="97" lobby="0"/><UN n0="%E5%A4%A7%E6%8E%88" n1="%E3%81%A8%E3%82%93%E3%81%8C%E3%82%8A%E3%82%B3%E3%83%BC%E3%83%B3" n2="%E3%82%A6%E3%83%AB%E3%83%88%E3%83%A9%E7%AB%8B%E7%9B%B4" n3="%73%68%73%72" dan="15,14,15,14" rate="1960.98,1921.77,2010.63,1951.58" sx="M,M,M,M"/><TAIKYOKU oya="0"/><INIT seed="0,0,0,4,1,49" ten="250,250,250,250" oya="0" hai0="45,107,108,37,90,60,110,6,21,128,61,59,115" hai1="33,4,8,40,91,102,123,82,43,65,109,121,111" hai2="47,14,98,87,19,51,103,105,41,52,132,100,10" hai3="78,46,5,35,67,15,0,20,104,50,89,127,48"/><T74/><D74/><U99/><E33/><V24/><F132/><W97/><G127/><T23/><D115/><U39/><E65/><V28/><F87/><W26/><G35/><T27/><D107/><U64/><E64/><V2/><F2/><W96/><G0/><T86/><D128/><U106/><E39/><V135/><F135/><W117/><G117/><T25/><D37/><U129/><E129/><V36/><F103/><W22/><G104/><T72/><D45/><U69/><E69/><V57/><F24/><W44/><G78/><T38/><D38/><U80/><E43/><V84/><F84/><W94/><G67/><T119/><D119/><U112/><E112/><V83/><F83/><N who="1" m="31785" /><E40/><V3/><F3/><W124/><G124/><T54/><D72/><U66/><E91/><V95/><F28/><W125/><G125/><T75/><D61/><U32/><E66/><V63/><F105/><W30/><G97/><T120/><D75/><U134/><E32/><V113/><F113/><W68/><G68/><T130/><D120/><U16/><E134/><V56/><F63/><W131/><G131/><T76/><D76/><U70/><E70/><V92/><F92/><W101/><G101/><T85/><D130/><U17/><E4/><V9/><REACH who="2" step="1"/><F57/><REACH who="2" ten="250,250,240,250" step="2"/><W58/><G58/><T31/><D6/><U1/><E1/><V116/><F116/><W73/><G73/><T53/><D86/><U18/><E8/><AGARI ba="0,1" hai="8,9,10,14,19,36,41,47,51,52,56,95,98,100" machi="8" ten="30,7700,0" yaku="1,1,7,1,52,1,54,1,53,0" doraHai="49" doraHaiUra="118" who="2" fromWho="1" sc="250,0,250,-77,240,87,250,0" /><INIT seed="1,0,0,1,2,100" ten="250,173,327,250" oya="1" hai0="101,18,130,57,63,125,87,76,20,98,56,107,108" hai1="23,103,104,83,50,95,79,1,126,3,12,94,38" hai2="29,120,47,82,42,129,73,4,109,134,32,113,26" hai3="31,10,40,41,30,66,97,72,88,115,89,96,90"/><U106/><E38/><V11/><F120/><W53/><G115/><T86/><D130/><U9/><E126/><V110/><F113/><W39/><G72/><T0/><D125/><U80/><E80/><V132/><F129/><W24/><G39/><T131/><D131/><U118/><E118/><V49/><F82/><W43/><G66/><T51/><D0/><U117/><E117/><V93/><F93/><W27/><G53/><T123/><D123/><U102/><E23/><V59/><F59/><W92/><G10/><T133/><D108/><N who="2" m="41578" /><F73/><W69/><G69/><T124/><D133/><U34/><E34/><V8/><F8/><W65/><G65/><T111/><D111/><U46/><E3/><AGARI ba="0,0" hai="3,4,11,26,29,32,42,47,49,132,134" m="41578" machi="3" ten="30,1000,0" yaku="14,1" doraHai="100" who="2" fromWho="1" sc="250,0,173,-10,327,10,250,0" /><INIT seed="2,0,0,3,0,85" ten="250,163,337,250" oya="2" hai0="10,77,97,67,13,59,95,70,75,8,44,1,93" hai1="50,125,20,134,12,11,51,132,82,90,61,6,92" hai2="71,101,129,21,2,87,56,40,120,19,52,16,17" hai3="106,41,96,119,103,91,130,14,28,105,42,128,76"/><V60/><F2/><W9/><G119/><T26/><D75/><U88/><E125/><V69/><F120/><W117/><G117/><T116/><D70/><U31/><E61/><V112/><F112/><W48/><G76/><T121/><D116/><U133/><E82/><V54/><F40/><W72/><G72/><T78/><D121/><U36/><E36/><V3/><F3/><W5/><G28/><T63/><D95/><U49/><E92/><V25/><F101/><W109/><G109/><T80/><D1/><U65/><E65/><V98/><F98/><W15/><G106/><T127/><D127/><U46/><E46/><V68/><F129/><N who="3" m="49771" /><G15/><T33/><D33/><U79/><E79/><V30/><F54/><W66/><G66/><T107/><D107/><U84/><E84/><V126/><F126/><W37/><G37/><T115/><D115/><U114/><E114/><V102/><F102/><W38/><G38/><T83/><D44/><U18/><E31/><V74/><F74/><W118/><G118/><T135/><D135/><U47/><E47/><V7/><F7/><W43/><G48/><T94/><D94/><U62/><E62/><V73/><F73/><W123/><G123/><T57/><D26/><AGARI ba="0,0" hai="6,11,12,18,20,26,49,50,51,88,90,132,133,134" machi="26" ten="50,8000,1" yaku="20,1,52,2,54,1" doraHai="85" who="1" fromWho="0" sc="250,-80,163,80,337,0,250,0" /><INIT seed="3,0,0,2,1,77" ten="170,243,337,250" oya="3" hai0="134,109,99,14,4,42,45,16,2,0,41,63,74" hai1="121,95,30,108,135,122,38,54,33,55,104,56,9" hai2="11,124,105,107,90,28,37,15,88,44,125,10,92" hai3="120,39,87,65,1,76,98,35,62,8,68,7,132"/><W115/><G120/><T60/><D134/><U50/><E104/><V94/><F28/><W117/><G115/><T75/><D109/><U52/><E135/><V91/><F44/><W72/><G132/><T100/><D4/><U46/><E108/><V79/><F79/><W24/><G87/><T81/><D81/><U84/><E9/><N who="2" m="3083" /><F15/><W83/><G98/><T49/><D42/><U47/><E30/><V48/><F48/><W71/><G117/><T64/><D63/><U82/><E33/><V78/><F78/><W36/><REACH who="3" step="1"/><G71/><REACH who="3" ten="170,243,337,240" step="2"/><T26/><D26/><U40/><E122/><V3/><F105/><W111/><G111/><T116/><D116/><U31/><E121/><V86/><F107/><W73/><G73/><T6/><D75/><U22/><E56/><V66/><F86/><W25/><G25/><T131/><D74/><U12/><E12/><V85/><F85/><W18/><G18/><T67/><D131/><U133/><E133/><V29/><F3/><W13/><G13/><T57/><D6/><U129/><E129/><V102/><F29/><AGARI ba="0,1" hai="1,7,8,24,29,35,36,39,62,65,68,72,76,83" machi="29" ten="40,18000,2" yaku="1,1,33,3,52,1,53,1" doraHai="77" doraHaiUra="23" who="3" fromWho="2" sc="170,0,243,0,337,-180,240,190" owari="170,-23.0,243,4.0,157,-34.0,430,53.0" /></mjloggm>