<mjloggm ver="2.3"><GO type="97" lobby="0"/><UN n0="%6B%6F%64%61%6D%61%2F" n1="%E3%81%8F%E3%82%8A%E3%81%93%E3%81%86%E3%81%A0" n2="%4A%75%6C%69%75%73%32%34" n3="%E3%82%A6%E3%83%AB%E3%83%88%E3%83%A9%E7%AB%8B%E7%9B%B4" dan="15,15,13,15" rate="2071.73,2008.42,1990.09,1991.66" sx="M,M,M,M"/><TAIKYOKU oya="0"/><INIT seed="0,0,0,2,5,106" ten="250,250,250,250" oya="0" hai0="8,118,53,63,80,120,78,22,116,133,54,31,92" hai1="134,119,67,98,23,76,21,85,62,132,122,32,7" hai2="112,83,2,65,24,19,131,123,13,104,60,68,58" hai3="89,91,108,129,57,70,109,71,46,27,20,16,17"/><T88/><D120/><U28/><E119/><V84/><F112/><W61/><G46/><T127/><D133/><U93/><E122/><V34/><F123/><W15/><G129/><T73/><D127/><U1/><E76/><V77/><F131/><W42/><G42/><T4/><D31/><U29/><E85/><V45/><F2/><W82/><G70/><T56/><D22/><N who="1" m="8203" /><E7/><V114/><F104/><W74/><G71/><T50/><D53/><U102/><E1/><V48/><F114/><W5/><G5/><T128/><D128/><U95/><E95/><V38/><F38/><W124/><G124/><T107/><D107/><U97/><E97/><V36/><F36/><W135/><G135/><N who="1" m="51754" /><E32/><V117/><F117/><W100/><G100/><T47/><D4/><U125/><E125/><V110/><F110/><N who="3" m="42603" /><G16/><T99/><REACH who="0" step="1"/><D8/><REACH who="0" ten="240,250,250,250" step="2"/><U39/><E39/><V81/><F34/><W126/><G126/><T6/><D6/><U111/><E111/><V96/><F68/><AGARI ba="0,1" hai="28,29,62,67,68,93,98,102" m="51754,8203" machi="68" ten="30,1000,0" yaku="20,1" doraHai="106" who="1" fromWho="2" sc="240,0,250,20,250,-10,250,0" /><INIT seed="1,0,0,4,1,59" ten="240,270,240,250" oya="1" hai0="33,58,134,116,3,14,1,13,127,20,78,65,118" hai1="63,74,19,35,91,22,64,111,101,57,30,50,54" hai2="68,130,103,107,99,52,5,82,47,62,89,60,15" hai3="29,100,49,86,110,85,51,34,44,69,131,113,32"/><U9/><E74/><V55/><F130/><W25/><G113/><T129/><D78/><U45/><E35/><V95/><F68/><W102/><G131/><T16/><D129/><U72/><E72/><V124/><F124/><W24/><G69/><T133/><D33/><U80/><E101/><V109/><F109/><W70/><G70/><T122/><D122/><U48/><E111/><V76/><F5/><W36/><G36/><T66/><D127/><U46/><E30/><V132/><F132/><N who="0" m="50794" /><D13/><U79/><E9/><V41/><F15/><W90/><G110/><T39/><D39/><U96/><E96/><V27/><F27/><W0/><G0/><N who="0" m="75" /><D58/><U28/><E28/><V40/><F55/><W12/><G29/><T119/><AGARI ba="0,0" hai="14,16,20,65,66,116,118,119" m="75,50794" machi="119" ten="40,2700,0" yaku="20,1,54,1" doraHai="59" who="0" fromWho="0" sc="240,27,270,-13,240,-7,250,-7" /><INIT seed="2,0,0,2,3,67" ten="267,257,233,243" oya="2" hai0="103,51,13,73,129,83,29,37,78,33,52,36,96" hai1="53,11,28,95,34,71,72,25,44,55,41,42,112" hai2="99,8,35,91,49,92,66,58,128,116,16,86,64" hai3="107,85,106,65,105,12,77,60,46,74,38,81,48"/><V80/><F116/><W118/><G118/><T19/><D129/><U56/><E112/><V90/><F128/><W61/><G38/><T93/><D29/><U110/><E72/><V15/><REACH who="2" step="1"/><F35/><REACH who="2" ten="267,257,223,243" step="2"/><W79/><G74/><T6/><D33/><U23/><E34/><V50/><F50/><W123/><G123/><T120/><D120/><U40/><E110/><V89/><F89/><W94/><G79/><T87/><D73/><U43/><E40/><V69/><F69/><W14/><G77/><T10/><REACH who="0" step="1"/><D6/><REACH who="0" ten="257,257,223,243" step="2"/><U111/><E111/><V24/><F24/><W134/><G48/><T104/><D104/><U122/><E25/><V84/><F84/><W132/><G107/><T135/><D135/><U63/><E122/><V62/><F62/><W133/><G105/><T47/><AGARI ba="0,2" hai="10,13,19,36,37,47,51,52,78,83,87,93,96,103" machi="47" ten="20,5200,0" yaku="1,1,0,1,7,1,54,1,53,0" doraHai="67" doraHaiUra="2" who="0" fromWho="0" sc="257,72,257,-13,223,-26,243,-13" /><INIT seed="3,0,0,2,1,9" ten="329,244,197,230" oya="3" hai0="21,118,67,31,55,134,86,63,95,111,107,130,80" hai1="11,102,33,116,103,22,48,12,53,85,101,97,61" hai2="74,54,128,52,68,47,109,99,114,17,58,18,2" hai3="115,79,1,83,57,24,5,49,25,135,72,110,117"/><W121/><G121/><T131/><D111/><U119/><E33/><V129/><F109/><W88/><G117/><N who="1" m="45130" /><E61/><V46/><F114/><W104/><G115/><T84/><D107/><N who="1" m="63919" /><E22/><V41/><F68/><W30/><G104/><T19/><D31/><U7/><E85/><V15/><F2/><W81/><G110/><T27/><D118/><U133/><E133/><V124/><F124/><W75/><G135/><T100/><D134/><U82/><E82/><V45/><F74/><W43/><G25/><T20/><D21/><U51/><E51/><N who="2" m="31007" /><F18/><W39/><G30/><T23/><D20/><U3/><E3/><V50/><F99/><W34/><G24/><T26/><D27/><U106/><E106/><V29/><F29/><W77/><G34/><T127/><D127/><U123/><E123/><V126/><F126/><W90/><G5/><T94/><D80/><U132/><E132/><V66/><F66/><W108/><G1/><T36/><D67/><U89/><E89/><V56/><F17/><W98/><G108/><T93/><D100/><U125/><E125/><V6/><F6/><W96/><G39/><T32/><D36/><U92/><E92/><V44/><F15/><W0/><G0/><T120/><D32/><U35/><E35/><V4/><F4/><W28/><G28/><T69/><D120/><U87/><E87/><V10/><F10/><W70/><G70/><T122/><D69/><U40/><E7/><V42/><F42/><W71/><G71/><T73/><D122/><U112/><E112/><V8/><F8/><W64/><G43/><T76/><D73/><RYUUKYOKU ba="0,0" sc="329,-10,244,-10,197,30,230,-10" hai2="41,44,45,46,47,50,54,56,128,129" owari="319,42.0,234,3.0,227,-17.0,220,-28.0" /></mjloggm>