<mjloggm ver="2.3"><GO type="97" lobby="0"/><UN n0="%73%65%62%6F%38%30%30" n1="%E3%82%A6%E3%83%AB%E3%83%88%E3%83%A9%E7%AB%8B%E7%9B%B4" n2="%E9%9D%92%E9%AB%AD%E7%8E%8B%E5%AD%90" n3="%30%31%31%30" dan="13,16,15,14" rate="2000.33,1990.76,1977.48,1965.35" sx="M,M,M,M"/><TAIKYOKU oya="0"/><INIT seed="0,0,0,0,0,30" ten="250,250,250,250" oya="0" hai0="1,35,72,128,89,65,134,91,60,92,27,41,85" hai1="33,80,68,7,96,12,61,24,125,81,114,40,56" hai2="106,39,20,66,88,52,16,116,113,104,50,119,63" hai3="132,17,8,53,82,32,31,112,38,25,47,107,105"/><T86/><D1/><U84/><E125/><V4/><F4/><W55/><G112/><T14/><D72/><U21/><E68/><V2/><F2/><W77/><G132/><T46/><D134/><U22/><E114/><V109/><F39/><W133/><G133/><T6/><D128/><U111/><E111/><V3/><F3/><W115/><G115/><T120/><D120/><U18/><E33/><V37/><F37/><W13/><G55/><T5/><D14/><U97/><E40/><V122/><F122/><W29/><G29/><T93/><D60/><U135/><E135/><V59/><F113/><W51/><REACH who="3" step="1"/><G38/><REACH who="3" ten="250,250,250,240" step="2"/><T62/><D65/><N who="1" m="39079" /><E7/><V64/><F109/><W42/><G42/><T28/><REACH who="0" step="1"/><D62/><REACH who="0" ten="240,250,250,240" step="2"/><U67/><E67/><V130/><F66/><W129/><G129/><T99/><D99/><U117/><BYE who="0" /><E96/><V123/><F130/><UN n0="%73%65%62%6F%38%30%30" /><W11/><G11/><T36/><AGARI ba="0,2" hai="5,6,27,28,35,36,41,46,85,86,89,91,92,93" machi="36" ten="20,12000,1" yaku="1,1,0,1,7,1,9,1,52,1,53,0" doraHai="30" doraHaiUra="45" who="0" fromWho="0" sc="240,140,250,-40,250,-40,240,-40" /><INIT seed="0,1,0,1,0,71" ten="380,210,210,200" oya="0" hai0="124,62,14,40,103,130,41,5,66,51,128,6,29" hai1="93,67,17,77,13,113,22,69,92,58,84,106,107" hai2="73,50,74,101,90,102,19,87,110,119,32,125,4" hai3="61,0,97,21,43,63,18,82,83,132,59,15,42"/><T134/><D103/><U96/><E69/><V123/><F119/><W112/><G0/><T7/><D134/><U9/><E113/><V81/><F32/><W10/><G112/><T52/><D29/><U129/><E129/><N who="0" m="49769" /><D124/><U127/><E127/><V54/><F125/><W8/><G132/><T80/><D80/><N who="3" m="30761" /><G97/><T117/><D117/><U37/><E77/><V46/><F110/><W3/><G3/><T34/><D14/><U65/><E84/><V95/><F4/><W33/><G33/><T53/><D34/><U16/><E93/><V104/><F123/><W20/><G63/><T64/><D53/><U23/><E9/><N who="3" m="3690" /><G21/><T111/><D111/><U36/><E106/><V94/><F19/><W122/><G122/><T131/><D131/><U115/><E107/><V118/><F118/><W108/><G108/><T85/><D85/><U72/><E72/><V100/><F104/><W48/><G48/><T79/><D79/><U109/><E109/><V114/><F114/><W27/><G27/><T135/><D62/><U1/><E115/><V56/><REACH who="2" step="1"/><F46/><REACH who="2" ten="380,210,200,200" step="2"/><W39/><G18/><T24/><D135/><U44/><E44/><V88/><F88/><W76/><G76/><T28/><D24/><U75/><E17/><V99/><F99/><W133/><G133/><T49/><D28/><U30/><E16/><V26/><F26/><W121/><G121/><T91/><D91/><U31/><E30/><V89/><F89/><W12/><G59/><T120/><D120/><U2/><E31/><V68/><F68/><W38/><G61/><T35/><D35/><U116/><E58/><RYUUKYOKU ba="1,1" sc="380,-10,210,-10,200,30,200,-10" hai2="50,54,56,73,74,81,87,90,94,95,100,101,102" /><INIT seed="1,2,1,4,5,28" ten="370,200,230,190" oya="1" hai0="93,1,58,121,36,86,123,66,108,44,38,27,63" hai1="104,41,133,111,113,70,97,12,79,120,4,30,128" hai2="83,23,85,15,18,5,22,3,82,132,31,91,40" hai3="53,72,118,34,55,129,35,98,10,84,107,99,115"/><U125/><E12/><V7/><F132/><W16/><G115/><T67/><D1/><U20/><E4/><N who="2" m="1611" /><F3/><W54/><G72/><T13/><D13/><U65/><E20/><V48/><F40/><W24/><G129/><T60/><D27/><U96/><E30/><V68/><F68/><W19/><G118/><T94/><D86/><U47/><E96/><V11/><F48/><W14/><G84/><T80/><D80/><N who="2" m="30762" /><F31/><W43/><G43/><T29/><D29/><U50/><E79/><V101/><F101/><W56/><G56/><T114/><D114/><U52/><E97/><V89/><F85/><W122/><G122/><T59/><D44/><N who="1" m="27719" /><E104/><V87/><F87/><W75/><G75/><T81/><D81/><U112/><E120/><V77/><F77/><W106/><G19/><T126/><D126/><U49/><E133/><V69/><F69/><W131/><G131/><T25/><D25/><U110/><E128/><V74/><F74/><W134/><G134/><T17/><D17/><U51/><E125/><V2/><F2/><W0/><G99/><T78/><D78/><U9/><E9/><V45/><F45/><W135/><G135/><T33/><D108/><N who="1" m="41515" /><E51/><V105/><F105/><N who="3" m="39947" /><G98/><T64/><D94/><U39/><E49/><V26/><F26/><W21/><G0/><T46/><D93/><U57/><E70/><V116/><F116/><W37/><G37/><T32/><D67/><U127/><E127/><V88/><AGARI ba="2,1" hai="11,15,18,22,23,88,89,91" m="30762,1611" machi="88" ten="30,2000,0" yaku="8,1,54,1" doraHai="28" who="2" fromWho="2" sc="370,-7,200,-12,230,36,190,-7" /><INIT seed="2,0,0,3,3,41" ten="363,188,266,183" oya="2" hai0="2,90,108,75,51,15,106,18,29,125,46,107,103" hai1="127,8,78,117,131,93,84,79,55,133,63,67,30" hai2="60,86,94,76,62,0,102,53,105,97,20,14,11" hai3="122,95,27,65,33,52,31,28,1,26,10,73,119"/><V118/><F118/><W83/><G119/><T88/><D2/><U101/><E117/><V39/><F39/><W47/><G122/><T42/><D75/><U134/><E30/><V37/><F37/><W5/><G65/><T25/><D125/><U44/><E8/><V89/><F0/><W34/><G95/><T48/><D48/><N who="1" m="29063" /><E127/><V114/><F114/><W111/><G111/><T85/><D90/><N who="1" m="53447" /><E101/><V24/><F53/><W57/><G47/><T35/><D103/><U61/><E61/><V56/><F76/><W43/><G43/><T21/><D108/><U4/><E4/><V17/><REACH who="2" step="1"/><F56/><REACH who="2" ten="363,188,256,183" step="2"/><W82/><G82/><AGARI ba="0,1" hai="15,18,21,25,29,35,42,46,51,82,85,88,106,107" machi="82" ten="30,3900,0" yaku="7,1,52,1,54,1" doraHai="41" who="0" fromWho="3" sc="363,49,188,0,256,0,183,-39" /><INIT seed="3,0,0,0,3,28" ten="412,188,256,144" oya="3" hai0="20,97,34,51,123,114,129,126,22,87,84,93,27" hai1="99,29,86,0,47,26,30,61,42,48,7,11,90" hai2="71,3,63,4,120,31,101,41,21,60,75,69,124" hai3="81,44,15,5,92,46,73,117,1,89,115,128,100"/><W109/><G115/><T43/><D123/><U112/><E112/><V53/><F120/><W104/><G117/><T131/><D114/><U37/><E37/><V72/><F124/><W23/><G1/><T58/><D126/><U96/><E61/><V135/><F101/><W83/><G128/><T113/><D113/><U19/><E19/><V66/><F41/><W95/><G109/><T45/><D58/><U64/><E64/><V121/><F121/><W133/><G133/><T82/><D22/><U65/><E65/><V32/><F135/><W108/><G108/><T6/><D34/><U67/><E67/><N who="2" m="41191" /><F53/><W62/><G62/><T50/><D6/><U85/><E85/><V16/><F16/><N who="3" m="10655" /><G5/><T116/><D82/><N who="3" m="31241" /><G73/><T77/><D116/><U106/><E106/><V122/><F21/><W12/><G104/><T110/><D110/><U59/><E29/><V10/><F122/><W52/><G12/><T76/><D77/><U2/><E2/><V13/><F13/><W119/><G119/><T111/><D76/><U9/><E9/><V118/><F118/><W88/><G100/><T55/><D111/><U24/><E24/><AGARI ba="0,0" hai="3,4,10,24,31,32,63,66,71,72,75" m="41191" machi="24" ten="30,3900,0" yaku="33,2,52,1" doraHai="28" who="2" fromWho="1" sc="412,0,188,-39,256,39,144,0" owari="412,51.0,149,-25.0,295,10.0,144,-36.0" /></mjloggm>