<mjloggm ver="2.3"><GO type="97" lobby="0"/><UN n0="%E8%A6%8B%E3%81%88%E3%81%96%E3%82%8B%E6%89%8B" n1="%E3%82%A6%E3%83%AB%E3%83%88%E3%83%A9%E7%AB%8B%E7%9B%B4" n2="%E3%81%8F%E3%82%8D%E3%81%AD%E3%81%93%EF%BC%A0" n3="%E3%81%82%E3%82%89%E3%81%84%E3%82%82%E3%81%AE" dan="14,15,14,13" rate="1922.73,2019.04,1970.56,1916.58" sx="M,M,F,M"/><TAIKYOKU oya="0"/><INIT seed="0,0,0,5,4,2" ten="250,250,250,250" oya="0" hai0="45,21,5,124,6,37,59,123,106,126,78,23,134" hai1="92,107,103,72,13,82,71,128,122,70,26,91,4" hai2="25,17,64,54,43,98,48,19,87,30,131,90,24" hai3="79,116,20,115,53,16,40,60,52,102,1,28,50"/><T99/><D123/><U51/><E122/><V94/><F131/><W101/><G115/><T96/><D78/><N who="1" m="44359" /><E26/><N who="2" m="10347" /><F30/><W135/><G116/><T22/><D59/><U121/><E51/><V81/><F43/><W35/><G35/><T108/><D37/><U69/><E128/><V57/><F64/><W38/><G135/><T10/><D134/><U9/><E70/><V62/><F62/><W75/><G28/><T100/><D45/><U120/><E71/><V67/><F67/><W125/><G125/><N who="0" m="48235" /><D99/><N who="1" m="61951" /><E69/><V109/><F109/><W66/><G1/><T47/><D47/><U130/><E130/><V112/><F112/><W8/><G79/><AGARI ba="0,0" hai="17,19,48,54,57,79,81,87,90,94,98" m="10347" machi="79" ten="30,1000,0" yaku="8,1" doraHai="2" who="2" fromWho="3" sc="250,0,250,0,250,10,250,-10" /><INIT seed="1,0,0,5,4,8" ten="250,250,260,240" oya="1" hai0="91,64,25,40,113,58,31,45,11,83,76,68,117" hai1="131,78,62,127,22,50,110,7,84,34,39,129,98" hai2="43,94,0,132,89,54,100,114,10,26,1,115,126" hai3="23,123,67,29,48,49,15,124,106,44,27,121,65"/><U73/><E39/><V88/><F126/><W112/><G112/><N who="2" m="43049" /><F132/><W38/><G124/><T56/><D113/><U32/><E127/><V51/><F43/><W130/><G106/><T63/><D117/><U70/><E73/><V30/><F100/><W18/><G130/><N who="1" m="49674" /><E110/><V109/><F109/><W57/><G123/><T59/><D91/><N who="2" m="34890" /><F10/><W77/><G77/><T90/><D90/><U52/><E98/><V16/><F16/><W119/><G119/><T21/><D11/><U55/><E22/><N who="2" m="15703" /><F94/><W135/><G135/><T108/><D108/><U99/><E99/><V74/><F74/><W71/><G71/><T122/><D122/><U13/><E84/><V79/><F79/><W69/><G69/><T104/><D104/><U53/><E78/><V72/><F72/><W101/><G101/><T35/><D35/><U120/><E120/><V4/><F4/><W14/><G38/><T2/><D2/><U107/><E107/><V9/><F9/><W75/><G75/><T81/><REACH who="0" step="1"/><D76/><REACH who="0" ten="240,250,260,240" step="2"/><U36/><E34/><V95/><F95/><W118/><G118/><T103/><D103/><U128/><E32/><V85/><F85/><W60/><G121/><T116/><D116/><U97/><E128/><V87/><F87/><W61/><G29/><T96/><D96/><U125/><E97/><V41/><F1/><W6/><G6/><T134/><D134/><U66/><E125/><V17/><F0/><W33/><G33/><T42/><D42/><U46/><E36/><AGARI ba="0,1" hai="21,25,31,36,40,45,56,58,59,63,64,68,81,83" machi="36" ten="40,2600,0" yaku="1,1,53,1" doraHai="8" doraHaiUra="20" who="0" fromWho="1" sc="240,36,250,-26,260,0,240,0" /><INIT seed="2,0,0,2,2,81" ten="276,224,260,240" oya="2" hai0="72,82,53,63,129,56,95,78,127,13,112,125,61" hai1="88,107,130,54,71,131,62,97,105,108,18,122,70" hai2="26,124,25,3,113,75,99,28,98,64,100,47,36" hai3="41,23,104,1,7,115,2,123,83,15,103,89,80"/><V37/><F113/><W79/><G123/><T121/><D112/><U12/><E122/><V43/><F124/><N who="0" m="47690" /><D121/><U30/><E30/><V24/><F75/><W110/><G115/><T132/><D132/><U91/><E108/><V59/><F3/><W42/><G110/><T27/><D129/><N who="1" m="49163" /><E54/><V58/><F37/><W39/><G104/><N who="1" m="40010" /><E97/><V102/><F28/><W114/><G103/><T60/><D27/><U76/><E76/><V21/><F21/><W4/><G114/><T73/><D13/><U135/><E135/><V119/><F119/><W66/><G23/><T11/><D11/><N who="1" m="6431" /><E62/><N who="0" m="24169" /><D95/><U92/><E91/><V87/><F102/><W55/><G89/><T6/><D6/><U93/><E93/><V49/><F100/><W134/><G134/><T16/><D16/><U44/><E44/><V85/><F47/><W57/><G15/><T38/><D38/><U19/><E19/><V116/><F36/><W22/><G22/><T33/><D33/><U9/><E92/><V65/><F26/><W10/><G39/><T101/><D101/><U34/><E34/><V120/><F116/><W68/><G4/><T69/><D69/><U133/><E133/><V74/><F120/><W48/><G68/><T111/><D111/><U50/><E9/><V84/><F25/><W14/><G10/><T17/><D17/><U117/><E117/><V0/><F24/><W128/><G128/><T67/><D67/><U45/><E88/><V46/><F65/><W31/><G66/><T126/><N who="0" m="47698" /><T77/><DORA hai="8" /><D77/><U32/><E32/><V20/><F64/><W109/><G79/><RYUUKYOKU ba="0,0" sc="276,15,224,15,260,-15,240,-15" hai0="53,56,63,72,73,78,82" hai1="45,50,70,71" /><INIT seed="3,1,0,4,5,36" ten="291,239,245,225" oya="3" hai0="114,134,94,71,19,89,66,52,128,38,120,6,43" hai1="88,44,10,121,5,12,77,25,122,48,37,13,127" hai2="130,73,15,95,113,58,133,100,105,35,99,40,53" hai3="24,60,80,54,86,45,119,103,3,115,123,69,63"/><W76/><G115/><T68/><D120/><U110/><E37/><V50/><F35/><W70/><G119/><T39/><D114/><U17/><E127/><V32/><F32/><W42/><G123/><T65/><D128/><U29/><E110/><V97/><F73/><W2/><G103/><T51/><D6/><U135/><E135/><V92/><F113/><W14/><G14/><T28/><D28/><U91/><E77/><V4/><F130/><W124/><G24/><T82/><D82/><U118/><E118/><V125/><F125/><W81/><G124/><T101/><D101/><U107/><E107/><V26/><F26/><W93/><G93/><T132/><D19/><U8/><E121/><V7/><F7/><W33/><BYE who="2" /><G33/><T18/><D18/><U96/><E96/><V106/><F106/><W22/><G22/><T85/><D85/><U31/><E122/><V47/><F47/><W21/><G21/><UN n2="%E3%81%8F%E3%82%8D%E3%81%AD%E3%81%93%EF%BC%A0" /><T41/><D89/><N who="1" m="34379" /><E25/><V20/><F133/><N who="0" m="51306" /><D94/><U74/><E74/><V57/><F95/><W61/><G54/><AGARI ba="1,0" hai="5,8,10,12,13,17,29,31,44,48,54" m="34379" machi="54" ten="30,2000,0" yaku="8,1,54,1" doraHai="36" who="1" fromWho="3" sc="291,0,239,23,245,0,225,-23" /><INIT seed="4,0,0,1,3,130" ten="291,262,245,202" oya="0" hai0="20,24,106,100,29,61,50,89,1,134,110,69,65" hai1="127,39,62,116,96,117,114,91,34,77,12,31,86" hai2="75,80,47,40,70,92,53,21,60,3,5,64,6" hai3="71,101,36,104,56,79,121,90,52,51,10,119,58"/><T19/><D1/><U55/><E39/><V84/><F75/><W28/><G119/><T85/><D110/><U128/><E31/><V63/><F92/><W35/><G121/><T113/><D113/><U126/><E34/><V74/><F74/><W37/><G71/><T132/><D50/><U78/><E55/><V9/><F21/><W48/><G79/><N who="1" m="30218" /><E62/><V42/><F6/><W99/><G90/><T15/><D100/><U30/><E12/><V17/><F17/><W125/><G125/><N who="1" m="47626" /><E30/><V102/><F102/><W8/><G28/><T81/><REACH who="0" step="1"/><D106/><REACH who="0" ten="281,262,245,202" step="2"/><U49/><E49/><V14/><F3/><W54/><REACH who="3" step="1"/><G35/><AGARI ba="0,1" hai="15,19,20,24,29,35,61,65,69,81,85,89,132,134" machi="35" ten="40,12000,1" yaku="1,1,2,1,52,2,53,0" doraHai="130" doraHaiUra="120" who="0" fromWho="3" sc="281,130,262,0,245,0,202,-120" owari="411,51.0,262,6.0,245,-15.0,82,-42.0" /></mjloggm>