<mjloggm ver="2.3"><GO type="225" lobby="0"/><UN n0="%E3%81%AC%E3%82%8B%E3%82%8A%E3%82%93%E3%81%93" n1="%E3%83%A2%E3%83%B3%E3%83%88%E3%83%AA%E3%83%BC%E3%83%B4%E3%82%A9" n2="%E3%82%A6%E3%83%AB%E3%83%88%E3%83%A9%E7%AB%8B%E7%9B%B4" n3="%E9%A3%9B%E7%BE%BD%E6%84%9B%E6%AD%8C" dan="16,16,16,16" rate="2142.11,2096.83,2015.46,2084.79" sx="M,M,M,M"/><TAIKYOKU oya="0"/><INIT seed="0,0,0,4,0,133" ten="250,250,250,250" oya="0" hai0="77,87,43,89,34,108,12,68,135,112,74,71,90" hai1="22,69,31,47,55,30,20,73,35,26,48,9,24" hai2="134,16,56,41,18,52,64,111,101,86,132,45,94" hai3="113,106,59,15,40,83,66,114,127,63,79,36,123"/><T109/><D112/><U27/><E69/><N who="0" m="26697" /><D34/><U8/><E73/><V122/><F64/><W19/><G106/><T53/><D135/><N who="2" m="51754" /><F111/><N who="0" m="42570" /><D43/><U121/><REACH who="1" step="1"/><E121/><REACH who="1" ten="250,240,250,250" step="2"/><V81/><F122/><W61/><G123/><T105/><D74/><U38/><E38/><V49/><F101/><W25/><G36/><T44/><D105/><U88/><E88/><N who="2" m="51279" /><F94/><W7/><G114/><T11/><D89/><U130/><E130/><V97/><F97/><W13/><G113/><T100/><D100/><U98/><E98/><V129/><F129/><W58/><G79/><T57/><D77/><U1/><E1/><V92/><F92/><W76/><G76/><T95/><D95/><U65/><E65/><V107/><F107/><W120/><G66/><T110/><D90/><U128/><E128/><V54/><F54/><W99/><G99/><T60/><D110/><U102/><E102/><V5/><F5/><W46/><G120/><T28/><D87/><U42/><E42/><V32/><F32/><W84/><G40/><T115/><D115/><U75/><E75/><V10/><F10/><W103/><G84/><T85/><D85/><U78/><E78/><V126/><F126/><W51/><G127/><T17/><D11/><U3/><E3/><V37/><AGARI ba="0,1" hai="16,18,37,41,45,49,52,56" m="51279,51754" machi="37" ten="30,7900,0" yaku="20,1,54,3" doraHai="133" who="2" fromWho="2" sc="250,-39,240,-20,250,89,250,-20" /><INIT seed="1,0,0,3,1,23" ten="211,220,339,230" oya="1" hai0="99,78,59,101,19,108,7,1,3,132,15,47,39" hai1="86,75,106,35,50,28,43,96,120,13,79,103,57" hai2="4,33,93,118,135,110,69,102,83,61,22,64,36" hai3="82,128,123,114,58,32,131,31,2,87,98,62,53"/><U92/><E120/><V42/><F33/><W126/><G123/><T130/><D108/><U85/><E35/><V67/><F118/><W73/><G2/><T10/><D132/><U8/><E28/><V94/><F110/><W21/><G73/><T26/><D130/><N who="3" m="49705" /><G114/><T117/><D117/><U134/><E134/><V11/><F135/><W97/><G32/><T122/><D122/><U44/><E106/><V52/><F67/><W20/><G126/><T29/><D78/><U46/><E57/><V41/><F83/><W116/><G116/><T133/><D133/><U65/><E65/><V76/><F76/><N who="3" m="46535" /><G20/><T119/><D119/><U25/><E25/><AGARI ba="0,0" hai="21,25,31,53,58,62,97,98" m="46535,49705" machi="25" ten="30,2000,0" yaku="19,1,52,1" doraHai="23" who="3" fromWho="1" sc="211,0,220,-20,339,0,230,20" /><INIT seed="2,0,0,5,3,129" ten="211,200,339,250" oya="2" hai0="0,124,94,110,83,2,112,71,52,26,58,84,18" hai1="69,47,66,23,25,103,15,73,78,20,64,116,60" hai2="34,99,16,41,13,5,28,1,80,100,87,38,97" hai3="118,33,88,72,70,21,19,17,91,105,106,54,93"/><V8/><F41/><W24/><G33/><T95/><D112/><U130/><E130/><V68/><F38/><W10/><G72/><T37/><D71/><U4/><E116/><V48/><F48/><W92/><G70/><T44/><D110/><U36/><E103/><V135/><F68/><W131/><G118/><T40/><D124/><U107/><E107/><V120/><F120/><W113/><G131/><T122/><D122/><U125/><E125/><V12/><F12/><N who="3" m="7319" /><G105/><T85/><D2/><U89/><E66/><V121/><F99/><N who="3" m="57735" /><G106/><T74/><D0/><U63/><E73/><V56/><F97/><N who="3" m="57535" /><G113/><T104/><D74/><U111/><E111/><V82/><F100/><W7/><G54/><T123/><D104/><U3/><E3/><V109/><F109/><W76/><G76/><T59/><D123/><U55/><E78/><V29/><F82/><W114/><G114/><T42/><D42/><U11/><E36/><V115/><F80/><W102/><G102/><T39/><D39/><U96/><E64/><V67/><F87/><W53/><G53/><T86/><D83/><U51/><E69/><V108/><F108/><W117/><G117/><T22/><D52/><U81/><E96/><V132/><F34/><W98/><G98/><T14/><D95/><U49/><E49/><V32/><F32/><W101/><G101/><T46/><D94/><U133/><E81/><V57/><F115/><W61/><G61/><N who="1" m="23626" /><E89/><V45/><F121/><W128/><G128/><T134/><D37/><U6/><E55/><V127/><F127/><W79/><G79/><T31/><D40/><RYUUKYOKU ba="0,0" sc="211,-10,200,-10,339,-10,250,30" hai3="7,19,21,24" /><INIT seed="3,1,0,0,5,119" ten="201,190,329,280" oya="3" hai0="44,133,63,25,15,107,118,47,132,123,97,17,11" hai1="23,73,135,2,86,114,7,9,121,134,64,124,110" hai2="61,35,111,67,29,19,82,74,39,127,13,88,103" hai3="57,4,62,100,101,115,70,21,69,46,106,66,50"/><W125/><G115/><T43/><D118/><U26/><E73/><V60/><F39/><W32/><G32/><T38/><D47/><U51/><E114/><V28/><F103/><W49/><G4/><T131/><D131/><U40/><E110/><V93/><F61/><W120/><G106/><T83/><D123/><U72/><E72/><V45/><F45/><W105/><G105/><T31/><D83/><U56/><E121/><V76/><F127/><W75/><G75/><T16/><D63/><N who="1" m="37991" /><E124/><V55/><F55/><W8/><G8/><T24/><D17/><U108/><E108/><V1/><F1/><W126/><G21/><T3/><D3/><U42/><E86/><V99/><F35/><W5/><G5/><T71/><D71/><N who="3" m="27145" /><G100/><N who="0" m="62863" /><D31/><N who="1" m="17887" /><E51/><N who="3" m="19466" /><G101/><T96/><D25/><U58/><E58/><V10/><F111/><W77/><G120/><T113/><D24/><U20/><E20/><V94/><F94/><W80/><G80/><T84/><D113/><U30/><E30/><V6/><F6/><W85/><G85/><T33/><D84/><U14/><E2/><V34/><F34/><W129/><G125/><T89/><D33/><U109/><E109/><V37/><F29/><W53/><G126/><T41/><D41/><U78/><E78/><V90/><F28/><W18/><G77/><T116/><D116/><U87/><E87/><V117/><F117/><W54/><G57/><T0/><D0/><U128/><E128/><V68/><F76/><W91/><G129/><T102/><D89/><U79/><E79/><N who="2" m="44407" /><F90/><W27/><G91/><T98/><D98/><U48/><E42/><RYUUKYOKU ba="1,0" sc="201,10,190,10,329,10,280,-30" hai0="11,15,16,38,43,44,96,102,132,133" hai1="7,9,14,40,48,134,135" hai2="10,13,19,37,60,67,68,88,93,99" owari="211,-19.0,200,-30.0,339,44.0,250,5.0" /></mjloggm>