<mjloggm ver="2.3"><GO type="97" lobby="0"/><UN n0="%E8%B2%A0%E3%81%91%E9%AD%94%E7%8E%8B" n1="%E3%82%A6%E3%83%AB%E3%83%88%E3%83%A9%E7%AB%8B%E7%9B%B4" n2="%E2%97%86%E3%82%82%E3%81%86%E3%82%89%E2%97%86" n3="%E7%81%AB%E9%87%8E%E6%98%A0%E5%8F%B8" dan="14,15,13,14" rate="1992.98,1989.38,1859.55,1863.88" sx="M,M,M,M"/><TAIKYOKU oya="0"/><INIT seed="0,0,0,4,2,18" ten="250,250,250,250" oya="0" hai0="10,102,41,2,131,34,8,97,36,121,79,23,27" hai1="42,83,21,7,96,6,134,16,88,60,44,40,64" hai2="37,115,68,72,106,9,52,91,94,93,50,87,4" hai3="51,14,46,0,107,43,49,103,20,127,56,123,32"/><T133/><D34/><U63/><E134/><V25/><F115/><W104/><G32/><T15/><D121/><U55/><E55/><V86/><F106/><W70/><G0/><T19/><D133/><U90/><E90/><V35/><F72/><W53/><G70/><T17/><D131/><U111/><E111/><V69/><F37/><W92/><G123/><T22/><D79/><U126/><E126/><V62/><F62/><N who="1" m="23593" /><E64/><V39/><F39/><W38/><G127/><T82/><D82/><U54/><E54/><V71/><F35/><W13/><G38/><T81/><D81/><U112/><E112/><V85/><F25/><W132/><G132/><T59/><D2/><U113/><E113/><V74/><F74/><W128/><G128/><T108/><D108/><U122/><E122/><V135/><F135/><W124/><G124/><T99/><D59/><U58/><E58/><V31/><F31/><W118/><G118/><T78/><D78/><U101/><E101/><V26/><F26/><W47/><G56/><T100/><D36/><U116/><E116/><V29/><F29/><W48/><G48/><T57/><D41/><N who="1" m="15979" /><E44/><V33/><F33/><W73/><G73/><T3/><D57/><U77/><E77/><V120/><F120/><W110/><G110/><T119/><D119/><U129/><E129/><V76/><F76/><W98/><G107/><T1/><D27/><N who="1" m="14759" /><E83/><V66/><F91/><W109/><G109/><T130/><D130/><U11/><E11/><V5/><F66/><W65/><G65/><T61/><D61/><U12/><E12/><AGARI ba="0,0" hai="1,3,8,10,12,15,17,19,22,23,97,99,100,102" machi="12" ten="25,9600,0" yaku="22,2,52,2" doraHai="18" who="0" fromWho="1" sc="250,96,250,-96,250,0,250,0" /><INIT seed="0,1,0,2,2,14" ten="346,154,250,250" oya="0" hai0="130,133,95,100,84,89,47,120,51,108,74,8,90" hai1="124,123,93,66,78,70,44,111,97,106,9,115,35" hai2="56,30,32,61,86,122,40,131,76,50,79,3,135" hai3="75,92,62,113,98,96,116,112,110,39,34,104,16"/><T6/><D120/><U19/><E123/><V12/><F122/><W64/><G116/><T26/><D74/><U55/><E115/><V21/><F3/><W134/><G75/><T105/><D130/><U45/><E35/><V129/><F135/><W102/><G134/><T24/><D133/><U77/><E106/><V4/><F32/><W83/><G39/><T31/><D108/><U81/><E111/><V101/><F101/><W52/><G83/><T125/><D125/><U27/><E124/><V87/><F30/><W17/><G110/><T126/><D126/><U29/><E29/><V91/><F40/><W18/><G34/><T85/><D105/><U109/><E109/><V7/><F50/><W2/><G2/><T72/><D100/><U132/><E132/><V117/><F117/><W114/><G52/><N who="0" m="29823" /><D72/><U54/><E66/><V60/><F12/><W43/><G43/><T41/><D41/><U38/><E70/><V11/><F11/><W118/><G118/><T127/><D127/><U23/><E9/><V82/><F56/><W22/><G22/><N who="0" m="15767" /><D26/><U80/><E38/><V48/><F21/><W99/><REACH who="3" step="1"/><G104/><REACH who="3" ten="346,154,250,240" step="2"/><T71/><D8/><U37/><E37/><V15/><F131/><W128/><G128/><T13/><D71/><AGARI ba="1,1" hai="16,17,18,62,64,71,92,96,98,99,102,112,113,114" machi="71" ten="50,8000,1" yaku="1,1,52,3,54,1,53,0" doraHai="14" doraHaiUra="42" who="3" fromWho="0" sc="346,-83,154,0,250,0,240,93" /><INIT seed="1,0,0,3,5,73" ten="263,154,250,333" oya="1" hai0="134,110,50,61,8,45,117,114,71,129,104,102,21" hai1="65,131,55,57,56,49,58,47,83,79,41,111,35" hai2="93,12,98,72,88,121,133,32,119,89,108,6,123" hai3="100,74,99,75,33,94,37,130,122,116,52,18,107"/><U96/><E35/><V38/><F119/><W124/><G122/><T20/><D117/><U40/><E131/><V9/><F133/><W24/><G37/><T51/><D114/><U39/><E111/><V84/><F108/><W70/><G116/><T95/><D110/><U77/><E65/><V92/><F38/><W29/><G130/><T27/><D104/><U125/><E125/><V127/><F127/><W86/><G124/><T67/><D134/><U14/><E39/><V48/><F32/><W30/><G30/><T42/><D129/><U23/><E96/><V13/><F72/><W128/><G128/><T0/><D51/><U63/><E63/><V16/><REACH who="2" step="1"/><F48/><REACH who="2" ten="263,154,240,333" step="2"/><W68/><G75/><T53/><D50/><U90/><E40/><V25/><F25/><W91/><G74/><T105/><D27/><U15/><E41/><V3/><F3/><W132/><G132/><T44/><D42/><U135/><E135/><V36/><F36/><W43/><G43/><T66/><D61/><U10/><E23/><AGARI ba="0,1" hai="6,9,12,13,16,23,84,88,89,92,93,98,121,123" machi="23" ten="30,8000,1" yaku="1,1,7,1,54,2,53,1" doraHai="73" doraHaiUra="80" who="2" fromWho="1" sc="263,0,154,-80,240,90,333,0" /><INIT seed="2,0,0,4,3,56" ten="263,74,330,333" oya="2" hai0="78,129,86,123,87,48,68,98,64,22,117,2,120" hai1="7,25,110,131,90,4,101,8,34,115,9,108,128" hai2="54,118,66,122,49,19,52,39,77,51,81,57,84" hai3="65,42,17,55,132,24,70,36,114,35,73,96,59"/><V1/><F1/><W135/><G73/><T99/><D2/><U125/><E90/><V18/><F122/><N who="0" m="46634" /><D64/><U23/><E101/><V20/><F39/><W89/><G114/><T11/><D48/><N who="2" m="18506" /><F118/><W74/><G74/><T46/><D22/><U58/><E58/><V53/><F20/><N who="3" m="13327" /><G35/><T75/><D11/><U72/><E72/><V32/><F32/><W44/><G55/><T104/><D46/><U95/><E95/><V133/><F133/><N who="3" m="51275" /><G70/><T0/><D68/><U79/><E79/><V61/><AGARI ba="0,0" hai="18,19,52,53,54,57,61,66,77,81,84" m="18506" machi="61" ten="30,6000,0" yaku="8,1,52,1,54,1" doraHai="56" who="2" fromWho="2" sc="263,-20,74,-20,330,60,333,-20" /><INIT seed="2,1,0,0,2,118" ten="243,54,390,313" oya="2" hai0="58,131,43,69,6,45,97,129,41,56,34,44,70" hai1="47,109,17,1,61,134,71,99,52,80,65,40,98" hai2="111,39,132,84,92,35,85,25,105,54,24,38,123" hai3="66,3,135,79,112,12,5,16,110,22,27,91,50"/><V63/><F105/><W72/><G110/><T46/><D97/><U106/><E109/><V21/><F132/><W26/><G135/><T113/><D6/><U2/><E134/><V9/><F111/><W10/><G112/><T101/><D101/><U60/><E98/><V4/><F123/><W75/><G91/><T124/><D34/><U42/><E99/><V28/><F39/><W73/><G79/><T108/><D108/><U117/><E106/><V62/><F38/><W7/><G66/><T30/><D30/><U49/><E117/><V74/><F74/><W48/><G7/><T59/><D113/><U89/><E1/><V57/><F92/><W15/><G15/><T36/><D124/><U23/><E2/><V128/><F128/><N who="0" m="49226" /><D36/><U55/><E80/><V120/><F120/><W93/><G93/><T31/><D31/><U94/><E94/><V18/><F63/><W95/><G95/><T14/><D14/><AGARI ba="1,0" hai="4,9,14,18,21,24,25,28,35,54,57,62,84,85" machi="14" ten="30,1500,0" yaku="7,1" doraHai="118" who="2" fromWho="0" sc="243,-18,54,0,390,18,313,0" /><INIT seed="2,2,0,1,3,125" ten="225,54,408,313" oya="2" hai0="76,26,4,30,60,24,123,55,31,97,52,36,10" hai1="58,46,98,131,93,121,127,25,9,88,65,133,48" hai2="1,0,85,44,62,32,45,104,113,114,34,106,115" hai3="100,118,20,108,78,84,122,67,38,68,103,73,132"/><V64/><F85/><W130/><G122/><T13/><D36/><U41/><E121/><V109/><F109/><W43/><G118/><T134/><D134/><U74/><E74/><V89/><F89/><W39/><G108/><T28/><D123/><U95/><E127/><V92/><F92/><W82/><G132/><T99/><D76/><U66/><E133/><V33/><F62/><W47/><G39/><T86/><D86/><U71/><E71/><V22/><F22/><W69/><G67/><T18/><D4/><U6/><E131/><V124/><F64/><W135/><G135/><T110/><D110/><U70/><E70/><V56/><F56/><W23/><G69/><T111/><D111/><U77/><E77/><V35/><F35/><W129/><G68/><T128/><D128/><N who="3" m="49257" /><G73/><T12/><D12/><U107/><E107/><N who="2" m="41003" /><F124/><W11/><G11/><T117/><D117/><U116/><E116/><V49/><F49/><W8/><G8/><T17/><D17/><U59/><E66/><V81/><F81/><W94/><G94/><T5/><D5/><U54/><E65/><V27/><F27/><W14/><G23/><T50/><D26/><U15/><E25/><V3/><AGARI ba="2,0" hai="0,1,3,32,33,34,44,45,113,114,115" m="41003" machi="3" ten="50,12000,1" yaku="29,2,28,2" doraHai="125" who="2" fromWho="2" sc="225,-42,54,-42,408,126,313,-42" /><INIT seed="2,3,0,0,4,5" ten="183,12,534,271" oya="2" hai0="100,1,3,122,23,128,46,61,120,109,39,118,134" hai1="103,13,22,53,64,81,48,76,57,73,95,0,6" hai2="127,7,55,83,58,69,30,108,52,59,50,89,125" hai3="26,88,82,90,65,70,17,10,104,126,131,110,54"/><V115/><F69/><W114/><G104/><T36/><D100/><U112/><E112/><V119/><F115/><W34/><G114/><T84/><D84/><U105/><E105/><V130/><F119/><W67/><G110/><T45/><D23/><U24/><E64/><V86/><F108/><W71/><G131/><T102/><D102/><U96/><E0/><V94/><F130/><W99/><G126/><N who="2" m="48137" /><F30/><W11/><G99/><T16/><D16/><U85/><E73/><V12/><F7/><W132/><G17/><T35/><D35/><U29/><E6/><V97/><F12/><W9/><G34/><T8/><D118/><U117/><E117/><V32/><F32/><W87/><G71/><T20/><D20/><U2/><E2/><V56/><F50/><W124/><G70/><T19/><D109/><U51/><E13/><V74/><F74/><W107/><G107/><T40/><D128/><U129/><E129/><V113/><F113/><W62/><G124/><T4/><D19/><U47/><E51/><V135/><F135/><W116/><G132/><T123/><D134/><U33/><E33/><V66/><F66/><N who="3" m="25099" /><G116/><T78/><D61/><U15/><E15/><V60/><F60/><W92/><G26/><T21/><D21/><U25/><E25/><V14/><F14/><W80/><G90/><AGARI ba="3,0" hai="52,55,56,58,59,83,86,89,90,94,97" m="48137" machi="90" ten="30,2900,0" yaku="18,1,54,1" doraHai="5" who="2" fromWho="3" sc="183,0,12,0,534,38,271,-38" /><INIT seed="2,4,0,4,3,3" ten="183,12,572,233" oya="2" hai0="112,109,134,100,126,28,123,57,84,34,49,39,29" hai1="67,115,125,50,98,52,78,85,14,90,51,40,62" hai2="2,88,119,81,58,80,133,60,5,111,99,22,129" hai3="118,10,132,64,43,11,114,117,108,71,12,135,124"/><V116/><F133/><N who="3" m="51275" /><G43/><T44/><D134/><U70/><E115/><V24/><F129/><W103/><G103/><T61/><D39/><U6/><E125/><V97/><F111/><W25/><G114/><T72/><D112/><U48/><E98/><V1/><F1/><W13/><G124/><T128/><D72/><U91/><E40/><V7/><F2/><W96/><G96/><N who="2" m="36937" /><F119/><N who="3" m="45579" /><G25/><T93/><D126/><U105/><E105/><V31/><F116/><W74/><G74/><T120/><D128/><U76/><E90/><V95/><F95/><W55/><G55/><T131/><D109/><U102/><E102/><V127/><F127/><W46/><G46/><T73/><D73/><U0/><E0/><V26/><F26/><W53/><G53/><T18/><D131/><U110/><E110/><V38/><F38/><W56/><G56/><T106/><D106/><U104/><E104/><V33/><F33/><W8/><G108/><T107/><D34/><U15/><E15/><V20/><F20/><W41/><G41/><T79/><D107/><U9/><E78/><V59/><F59/><W19/><G13/><T66/><D18/><U83/><REACH who="1" step="1"/><E76/><REACH who="1" ten="183,2,572,233" step="2"/><V47/><F88/><W32/><G32/><T54/><D100/><U113/><E113/><V92/><F92/><W37/><G37/><T65/><D93/><U4/><E4/><N who="2" m="1611" /><F47/><AGARI ba="4,1" hai="6,9,14,47,48,50,51,52,62,67,70,83,85,91" machi="47" ten="30,8000,1" yaku="1,1,7,1,52,1,54,1,53,1" doraHai="3" doraHaiUra="77" who="1" fromWho="2" sc="183,0,2,102,572,-92,233,0" /><INIT seed="3,0,0,4,1,7" ten="183,104,480,233" oya="3" hai0="36,73,22,93,43,117,132,121,116,89,58,13,100" hai1="55,131,92,64,40,125,127,129,68,61,95,101,20" hai2="0,38,74,53,2,51,124,85,114,32,24,25,42" hai3="88,80,70,10,27,45,98,4,31,9,14,120,111"/><W54/><G120/><T37/><D73/><U11/><E20/><V133/><F74/><W97/><G70/><T39/><D121/><U108/><E101/><V126/><F114/><W122/><G122/><T19/><D132/><U57/><E95/><V33/><F42/><W104/><G104/><T79/><D79/><U18/><E92/><V59/><F38/><W119/><G119/><T77/><D77/><U109/><E18/><V21/><F133/><W75/><G111/><N who="1" m="42570" /><E11/><V76/><F76/><W48/><G10/><T44/><D100/><U62/><E40/><V12/><F12/><W66/><G66/><T63/><D116/><U69/><E69/><V134/><F134/><W16/><G31/><T56/><D117/><U90/><E90/><V130/><F85/><N who="3" m="50215" /><G75/><T94/><D94/><U50/><E62/><V72/><F72/><W3/><G3/><T110/><D110/><U103/><E103/><V15/><F0/><W78/><G78/><T29/><D29/><U34/><E34/><V105/><F2/><W6/><G27/><T41/><D93/><U96/><E96/><AGARI ba="0,0" hai="4,6,9,14,16,45,48,54,96,97,98" m="50215" machi="96" ten="30,12000,1" yaku="25,1,8,1,52,1,54,2" doraHai="7" who="3" fromWho="1" sc="183,0,104,-120,480,0,233,120" owari="183,-22.0,-16,-52.0,480,59.0,353,15.0" /></mjloggm>