<mjloggm ver="2.3"><GO type="169" lobby="0"/><UN n0="%E3%80%93%E7%A9%B6%E9%A2%A8%E3%80%93" n1="%6D%61%63%6A%72" n2="%E3%82%A6%E3%83%AB%E3%83%88%E3%83%A9%E7%AB%8B%E7%9B%B4" n3="%E8%B5%A4%E6%9C%A8%E3%81%97%E3%81%92%E3%82%8B%61%73" dan="16,17,16,16" rate="2108.08,2175.53,2038.36,2036.41" sx="M,F,M,F"/><TAIKYOKU oya="0"/><INIT seed="0,0,0,3,1,133" ten="250,250,250,250" oya="0" hai0="86,109,60,124,134,37,16,41,69,8,29,132,19" hai1="55,7,74,122,135,49,88,61,43,120,34,75,4" hai2="94,100,78,105,25,111,87,44,85,58,50,97,121" hai3="84,36,42,83,71,130,76,99,112,15,67,68,24"/><T26/><D109/><U23/><E34/><V10/><F111/><W107/><G112/><T123/><D123/><U129/><E135/><N who="0" m="51753" /><D86/><U125/><E129/><V18/><F121/><W48/><G130/><T52/><D8/><U73/><E43/><V6/><F105/><W39/><G24/><T66/><D124/><U53/><E125/><V77/><F58/><W1/><G1/><T92/><D92/><U27/><E7/><V126/><F126/><W115/><G115/><T63/><D41/><U31/><E4/><V47/><F6/><W117/><G117/><T54/><D37/><U5/><E5/><V110/><F110/><W45/><G15/><T106/><D106/><U81/><E61/><V108/><F108/><W102/><REACH who="3" step="1"/><G67/><REACH who="3" ten="250,250,250,240" step="2"/><T14/><D14/><U65/><E65/><V128/><F25/><W2/><G2/><T118/><D118/><U30/><E120/><V11/><F128/><W80/><G80/><T3/><D3/><U114/><E122/><V79/><F11/><W33/><G33/><N who="0" m="20663" /><D60/><U51/><E114/><V56/><F10/><W131/><G131/><T91/><D91/><U17/><E88/><V82/><F82/><W90/><G90/><T46/><D54/><N who="1" m="20491" /><E81/><V13/><F78/><W12/><G12/><T35/><D35/><U89/><E89/><V127/><F79/><W57/><G57/><T32/><D32/><U113/><E113/><V59/><F77/><W95/><G95/><T40/><D40/><U64/><E64/><V9/><F127/><W104/><G104/><T72/><D72/><U93/><E93/><V0/><F94/><RYUUKYOKU ba="0,1" sc="250,10,250,10,250,-30,240,10" hai0="16,19,46,52,63,66,69" hai1="17,23,27,30,31,49,51,73,74,75" hai3="36,39,42,45,48,68,71,76,83,84,99,102,107" /><INIT seed="0,1,1,1,4,123" ten="260,260,220,250" oya="0" hai0="8,18,13,88,3,98,76,38,82,129,89,77,1" hai1="97,109,102,25,44,96,43,57,91,86,29,85,2" hai2="16,42,63,94,59,90,48,80,124,23,5,108,37" hai3="115,11,20,131,19,60,133,113,125,81,114,58,112"/><T51/><D129/><U116/><E116/><V26/><F37/><W127/><G115/><T54/><D38/><U72/><E72/><V21/><F5/><W10/><G131/><T52/><D1/><U14/><E2/><V39/><F39/><W95/><G81/><T45/><D3/><U49/><E109/><V55/><F124/><N who="3" m="47691" /><G95/><N who="0" m="56679" /><D54/><U103/><E14/><V70/><F108/><W32/><G32/><T99/><D99/><U119/><E119/><V24/><F80/><W4/><G133/><T117/><D117/><U0/><E0/><V126/><F126/><W40/><G40/><T101/><D101/><U12/><E12/><V83/><F83/><W69/><G4/><T135/><D135/><U66/><E102/><V93/><F70/><W46/><G46/><T33/><D33/><U15/><E103/><V68/><F68/><W9/><G69/><T71/><D71/><U130/><E130/><V134/><F134/><W7/><G7/><T120/><D120/><U122/><E122/><V111/><F111/><W62/><G58/><T87/><AGARI ba="1,1" hai="8,13,18,45,51,52,76,77,82,87,89" m="56679" machi="87" ten="30,11700,0" yaku="25,1,8,1,54,2" doraHai="123" who="0" fromWho="0" sc="260,130,260,-40,220,-40,250,-40" /><INIT seed="0,2,0,5,4,95" ten="390,220,180,210" oya="0" hai0="122,15,68,89,124,126,18,66,12,97,103,0,53" hai1="41,16,121,4,5,6,36,99,43,10,19,86,83" hai2="107,73,79,64,108,2,74,130,94,13,39,128,56" hai3="52,75,51,26,70,21,63,42,118,57,47,117,25"/><T84/><D0/><U101/><E121/><V11/><F2/><W123/><G123/><T135/><D122/><U17/><E10/><V35/><F107/><W3/><G3/><T78/><D78/><U29/><E29/><V80/><F39/><W46/><G75/><T45/><D135/><U81/><E36/><V91/><F35/><W104/><G104/><N who="0" m="63599" /><D66/><U119/><E119/><V92/><F56/><W44/><G26/><T96/><D84/><U59/><E59/><V85/><F64/><N who="3" m="41247" /><G21/><T30/><D30/><U112/><E112/><V102/><F13/><W131/><G25/><T62/><D68/><U106/><REACH who="1" step="1"/><E83/><REACH who="1" ten="390,210,180,210" step="2"/><V37/><F11/><W98/><G131/><N who="2" m="50217" /><F37/><N who="3" m="21583" /><G118/><T1/><D1/><U133/><E133/><V7/><F7/><W27/><G117/><T72/><D126/><U77/><AGARI ba="2,1" hai="4,5,6,16,17,19,41,43,77,81,86,99,101,106" machi="77" ten="30,7900,0" yaku="1,1,0,1,52,1,54,1,53,0" doraHai="95" doraHaiUra="120" who="1" fromWho="1" sc="390,-41,210,95,180,-22,210,-22" /><INIT seed="1,0,0,5,3,105" ten="349,305,158,188" oya="1" hai0="133,127,49,24,88,54,58,41,116,45,124,110,8" hai1="43,26,62,35,81,123,132,113,19,77,76,37,120" hai2="117,11,101,48,56,70,78,118,131,52,67,82,57" hai3="104,21,112,53,84,22,69,28,60,12,29,96,1"/><U72/><E113/><V59/><F101/><W75/><G1/><T34/><D116/><U115/><E115/><V92/><F92/><W122/><G112/><T135/><D110/><U86/><E132/><N who="0" m="50761" /><D8/><U91/><E76/><V51/><F131/><W97/><G122/><T15/><D15/><U30/><E43/><V102/><F102/><W68/><G104/><T4/><D4/><U44/><E44/><V100/><F100/><W16/><G84/><T85/><D24/><U119/><E37/><V126/><F70/><W129/><G129/><T134/><D34/><U9/><E119/><V64/><F118/><W39/><G39/><N who="0" m="21695" /><D134/><U74/><E62/><V33/><F33/><W47/><G47/><T87/><D87/><U13/><REACH who="1" step="1"/><E74/><REACH who="1" ten="349,295,158,188" step="2"/><V111/><F117/><W73/><G60/><T23/><D49/><U55/><E55/><V2/><F51/><W83/><G53/><T95/><D54/><U128/><E128/><V25/><F52/><W63/><G63/><T66/><D66/><U6/><E6/><N who="2" m="1495" /><F48/><W107/><G75/><T98/><D58/><U10/><E10/><V109/><F67/><W7/><G73/><T125/><D125/><U94/><AGARI ba="0,1" hai="9,13,19,26,30,35,72,77,81,86,91,94,120,123" machi="94" ten="20,7800,0" yaku="1,1,0,1,7,1,52,1,53,0" doraHai="105" doraHaiUra="108" who="1" fromWho="1" sc="349,-26,295,88,158,-26,188,-26" /><INIT seed="1,1,0,1,1,132" ten="323,383,132,162" oya="1" hai0="104,95,126,115,19,3,128,94,28,67,80,84,39" hai1="41,85,101,65,34,17,77,60,97,83,47,25,82" hai2="7,73,13,134,4,23,122,8,72,96,133,18,58" hai3="76,59,9,89,38,27,30,110,107,119,35,99,12"/><U87/><E17/><V108/><F122/><W114/><G110/><T91/><D115/><U54/><E54/><V105/><F7/><W70/><G70/><T14/><D104/><U106/><E25/><V45/><F108/><W123/><G123/><T68/><D39/><U109/><E34/><V51/><F58/><W10/><G119/><T135/><D3/><U37/><E109/><V131/><F131/><W112/><G38/><T116/><D128/><U52/><E52/><V29/><F29/><W78/><G10/><T44/><D28/><U49/><E37/><V40/><F96/><W117/><G117/><T100/><D44/><U86/><REACH who="1" step="1"/><E83/><REACH who="1" ten="323,373,132,162" step="2"/><V125/><F133/><W121/><G35/><T11/><D19/><U56/><AGARI ba="1,1" hai="41,47,49,56,60,65,77,82,85,86,87,97,101,106" machi="56" ten="20,12000,1" yaku="1,1,2,1,0,1,7,1,53,1" doraHai="132" doraHaiUra="57" who="1" fromWho="1" sc="323,-41,373,133,132,-41,162,-41" /><INIT seed="1,2,0,0,5,31" ten="282,506,91,121" oya="1" hai0="107,50,37,98,69,82,127,79,90,20,112,63,42" hai1="46,59,109,74,76,119,65,48,102,86,103,0,73" hai2="34,123,47,24,17,43,16,29,70,117,10,60,121" hai3="62,95,53,11,135,6,96,93,83,80,57,129,113"/><U56/><E119/><V25/><F117/><W94/><G113/><T38/><D127/><U12/><E0/><V106/><F106/><W120/><G120/><T115/><D50/><U54/><E73/><V36/><F17/><W78/><G135/><T108/><D20/><U134/><E74/><V67/><F24/><W72/><G80/><T66/><D108/><U85/><E134/><V9/><F10/><W32/><G32/><T13/><D13/><U68/><E68/><V126/><F126/><W3/><REACH who="3" step="1"/><G129/><REACH who="3" ten="282,506,91,111" step="2"/><T28/><D82/><N who="1" m="47303" /><E109/><V131/><F131/><W44/><G44/><T133/><D133/><U40/><E46/><V30/><F123/><W7/><G7/><T4/><D4/><U8/><E40/><V71/><F121/><W100/><AGARI ba="2,1" hai="3,6,11,53,57,62,72,78,83,93,94,95,96,100" machi="100" ten="20,5200,0" yaku="1,1,0,1,7,1,53,1" doraHai="31" doraHaiUra="5" who="3" fromWho="3" sc="282,-15,506,-28,91,-15,111,68" /><INIT seed="2,0,0,0,4,23" ten="267,478,76,179" oya="2" hai0="51,56,90,79,128,80,65,45,121,101,18,35,116" hai1="7,102,73,107,19,88,61,38,133,92,63,36,85" hai2="115,43,120,33,105,16,4,91,77,113,132,13,93" hai3="110,81,9,94,75,57,99,20,34,8,70,11,32"/><V2/><F105/><W76/><G70/><T24/><D121/><U96/><E133/><V125/><F120/><W131/><G110/><T87/><D128/><U17/><E7/><V12/><F77/><W100/><G131/><T104/><D116/><U46/><E73/><V111/><F91/><W71/><G71/><T48/><D104/><U60/><REACH who="1" step="1"/><E46/><REACH who="1" ten="267,468,76,179" step="2"/><V27/><F132/><W10/><N who="3" m="2048" /><DORA hai="74" /><W68/><G68/><T26/><D45/><U69/><E69/><V53/><F4/><W130/><G130/><T106/><D56/><U39/><AGARI ba="0,1" hai="17,19,36,38,39,60,61,63,85,88,92,96,102,107" machi="39" ten="40,8000,1" yaku="1,1,0,1,54,1,53,2" doraHai="23,74" doraHaiUra="82,95" who="1" fromWho="1" sc="267,-20,468,90,76,-40,179,-20" /><INIT seed="3,0,0,1,1,82" ten="247,558,36,159" oya="3" hai0="125,97,44,50,33,60,73,88,93,86,79,114,89" hai1="77,66,23,109,85,64,68,56,15,51,7,98,70" hai2="30,8,104,20,52,28,115,122,84,131,24,34,119" hai3="90,0,61,22,6,96,128,91,111,25,105,108,133"/><W58/><G6/><T102/><D125/><U41/><E68/><V53/><F104/><W40/><G0/><T42/><D114/><U10/><E70/><V12/><F115/><W32/><G32/><T63/><D33/><U31/><E109/><N who="3" m="42058" /><G40/><T69/><D89/><U18/><E31/><N who="2" m="17799" /><F34/><W124/><G124/><T62/><D69/><U46/><E98/><V116/><F116/><W54/><G133/><T95/><D73/><U11/><E11/><V2/><F2/><W101/><G128/><T110/><D110/><U48/><E48/><V123/><F131/><W74/><G74/><T4/><D79/><U126/><E56/><V27/><F119/><W36/><G36/><T106/><REACH who="0" step="1"/><D4/><REACH who="0" ten="237,558,36,159" step="2"/><U14/><E126/><V135/><F135/><W65/><G65/><T3/><D3/><U100/><E100/><V17/><F123/><W29/><AGARI ba="0,1" hai="22,25,29,54,58,61,90,91,96,101,105" m="42058" machi="29" ten="30,3000,0" yaku="14,1,10,1" doraHai="82" who="3" fromWho="3" sc="237,-10,558,-10,36,-10,159,40" /><INIT seed="3,1,0,5,1,65" ten="227,548,26,199" oya="3" hai0="123,55,119,38,57,20,46,127,88,105,16,43,17" hai1="53,37,95,99,15,52,108,58,3,51,63,9,126" hai2="33,32,24,28,35,7,36,10,34,109,61,66,118" hai3="71,64,39,26,41,130,121,44,4,49,92,18,2"/><W117/><G121/><T48/><D119/><U21/><E37/><V103/><F118/><W114/><G117/><T14/><D127/><U69/><E126/><V91/><F91/><W98/><G114/><T29/><D123/><U111/><E3/><V73/><F109/><W8/><G130/><T68/><D105/><U0/><E0/><V112/><F112/><W107/><G107/><T19/><D29/><U133/><E21/><V116/><F103/><W100/><G39/><T59/><D68/><U25/><E25/><V129/><F129/><W56/><G56/><T5/><D5/><U70/><E133/><V106/><F106/><W45/><G45/><T54/><D88/><U42/><E42/><V47/><F116/><W31/><G18/><T101/><D101/><U67/><E53/><V75/><F47/><W23/><REACH who="3" step="1"/><G64/><REACH who="3" ten="227,548,26,189" step="2"/><T128/><D128/><U110/><E110/><V89/><F36/><W96/><G96/><T97/><D97/><U84/><E99/><V125/><F125/><W83/><G83/><T124/><D124/><U87/><E108/><V94/><F94/><W72/><G72/><T93/><D93/><U12/><E111/><V77/><F89/><W60/><G60/><AGARI ba="1,1" hai="14,16,17,19,20,38,43,46,48,54,55,57,59,60" machi="60" ten="30,2000,0" yaku="7,1,54,1" doraHai="65" who="0" fromWho="3" sc="227,33,548,0,26,0,189,-23" /><INIT seed="4,0,0,1,1,92" ten="260,548,26,166" oya="0" hai0="125,73,126,129,63,13,91,1,22,2,3,54,5" hai1="75,30,100,72,102,59,124,9,85,66,131,77,115" hai2="49,47,96,16,52,74,84,121,111,60,48,39,4" hai3="10,18,11,28,57,112,50,36,58,33,68,103,32"/><T95/><D73/><U43/><E115/><V27/><F74/><W135/><G36/><T45/><D129/><U90/><E124/><N who="0" m="47721" /><D22/><U128/><E30/><V83/><F39/><W101/><G112/><T55/><D63/><N who="1" m="38271" /><E43/><V34/><F111/><W46/><G135/><T21/><D45/><U105/><E9/><V123/><F4/><W7/><G68/><T114/><D114/><U86/><E75/><V65/><F48/><W8/><G7/><T119/><D119/><U64/><E72/><V118/><F118/><W87/><G28/><T76/><D76/><U67/><E128/><V79/><F34/><W19/><G87/><N who="0" m="52735" /><D21/><U69/><E69/><V12/><F27/><W70/><G70/><T44/><D44/><U97/><E77/><V132/><F132/><W0/><G0/><T24/><D24/><U106/><E131/><V113/><F113/><W94/><G32/><T20/><D20/><U78/><E78/><V81/><F60/><W109/><G33/><T41/><D41/><U133/><E133/><V98/><F65/><W15/><G109/><T40/><D40/><U25/><E25/><V61/><F61/><W104/><G46/><T80/><D80/><U62/><E62/><V110/><F83/><W108/><G108/><T93/><D1/><U122/><E67/><V127/><F127/><W120/><G8/><N who="0" m="4239" /><D3/><U23/><E23/><N who="2" m="11655" /><F110/><W99/><G10/><T53/><D2/><U35/><E64/><V14/><F14/><W6/><G11/><T38/><D38/><U42/><E35/><V82/><F82/><W134/><G15/><T31/><D31/><RYUUKYOKU ba="0,0" sc="260,15,548,-15,26,15,166,-15" hai0="53,54,55,93" hai2="47,49,52,79,81,84,96,98,121,123" /><INIT seed="4,1,0,1,4,15" ten="275,533,41,151" oya="0" hai0="16,72,36,6,46,126,79,111,107,87,61,75,120" hai1="125,62,60,17,133,52,94,9,25,71,135,101,127" hai2="124,22,103,21,29,90,26,104,19,84,119,77,81" hai3="132,11,14,88,45,59,117,93,80,3,134,47,43"/><T10/><D107/><U40/><E40/><V82/><F119/><W57/><G117/><T115/><D120/><U69/><E101/><V86/><F124/><W109/><G80/><T78/><D115/><U114/><E94/><V2/><F2/><W76/><G76/><T73/><D126/><N who="1" m="48139" /><E114/><V97/><REACH who="2" step="1"/><F22/><REACH who="2" ten="275,533,31,151" step="2"/><W32/><G3/><T83/><D111/><U89/><E133/><V28/><AGARI ba="1,1" hai="19,21,26,28,29,77,81,82,84,86,90,97,103,104" machi="28" ten="30,7900,0" yaku="1,1,2,1,0,1,52,1,53,0" doraHai="15" doraHaiUra="63" who="2" fromWho="2" sc="275,-40,533,-21,31,92,151,-21" /><INIT seed="5,0,0,5,1,5" ten="235,512,123,130" oya="1" hai0="66,104,106,3,123,65,0,90,119,71,115,39,108" hai1="70,133,116,24,33,89,81,77,103,18,131,23,83" hai2="38,88,16,61,57,121,44,20,48,49,95,12,109" hai3="76,52,102,127,114,74,68,105,6,84,67,97,110"/><U98/><E116/><V100/><F121/><W117/><G110/><T132/><RYUUKYOKU type="yao9" ba="0,0" sc="235,0,512,0,123,0,130,0" hai0="0,3,39,65,66,71,90,104,106,108,115,119,123,132" /><INIT seed="5,1,0,2,4,13" ten="235,512,123,130" oya="1" hai0="41,130,14,61,79,114,88,26,92,11,106,34,68" hai1="1,0,22,98,35,91,127,118,132,54,44,72,134" hai2="59,70,6,10,3,46,51,113,124,100,7,129,50" hai3="109,42,25,19,58,93,33,18,24,55,105,117,69"/><U47/><E35/><V28/><F70/><W57/><G105/><T43/><D130/><U20/><E72/><V66/><F129/><W135/><G69/><T121/><D106/><U12/><E118/><V96/><F124/><W89/><G109/><T38/><D114/><U115/><E127/><V73/><F73/><W32/><G117/><T122/><D79/><U53/><E12/><V75/><F75/><W36/><G135/><T99/><D26/><N who="3" m="10345" /><G33/><T64/><D34/><U2/><E98/><V112/><F28/><W23/><G36/><T83/><D83/><U45/><E91/><V86/><F113/><W87/><G42/><T120/><D38/><U97/><E97/><V31/><F31/><W102/><G102/><T80/><D80/><U90/><E90/><V81/><F112/><W62/><G23/><N who="1" m="8746" /><E115/><V123/><F123/><W104/><G104/><T82/><D82/><U116/><E116/><V107/><F10/><W71/><G71/><T133/><D133/><AGARI ba="1,0" hai="0,1,2,44,45,47,53,54,132,133,134" m="8746" machi="133" ten="40,7700,0" yaku="28,2,20,1" doraHai="13" who="1" fromWho="0" sc="235,-80,512,80,123,0,130,0" /><INIT seed="5,2,0,1,3,105" ten="155,592,123,130" oya="1" hai0="101,108,135,94,24,111,69,55,90,59,73,103,21" hai1="45,100,85,113,106,56,9,130,20,74,61,129,70" hai2="6,86,34,119,58,76,1,95,39,115,38,25,57" hai3="12,5,53,14,133,122,121,78,126,124,51,93,0"/><U40/><E70/><V22/><F119/><W28/><G133/><T2/><D69/><U11/><E74/><V89/><F34/><W42/><G42/><T84/><D73/><U43/><E113/><V63/><F115/><W87/><G0/><T96/><D2/><U68/><E68/><V41/><F6/><W83/><G28/><T116/><D135/><U33/><E33/><V112/><F1/><W107/><G107/><T125/><D125/><N who="3" m="48233" /><G93/><T26/><D116/><U75/><E75/><V15/><F112/><W131/><G131/><T37/><D37/><U120/><E120/><N who="3" m="46186" /><G5/><T117/><D117/><U47/><E106/><V128/><F41/><W79/><G79/><T65/><D94/><U97/><E43/><V29/><F39/><W88/><G78/><T81/><D103/><U52/><E100/><V18/><F38/><W31/><G31/><T72/><D101/><U8/><E97/><V123/><F123/><W118/><G118/><T127/><D96/><U80/><E40/><V10/><F128/><N who="1" m="49257" /><E20/><V50/><F76/><AGARI ba="2,0" hai="8,9,11,45,47,52,56,61,76,80,85" m="49257" machi="76" ten="30,2900,0" yaku="19,1,54,1" doraHai="105" who="1" fromWho="2" sc="155,0,592,35,123,-35,130,0" /><INIT seed="5,3,0,3,3,39" ten="155,627,88,130" oya="1" hai0="66,134,3,51,10,59,14,17,81,12,37,47,16" hai1="56,113,97,89,71,48,8,114,112,93,41,100,38" hai2="96,111,120,24,131,123,65,15,46,119,78,73,116" hai3="126,79,18,26,25,52,32,4,5,121,87,62,21"/><U58/><E71/><V72/><F24/><W67/><G121/><N who="2" m="46665" /><F15/><W42/><G126/><T82/><D134/><U122/><E122/><V13/><F13/><W36/><G32/><T90/><D37/><U63/><E38/><V60/><F78/><W27/><G27/><T7/><D90/><U109/><E109/><V54/><F96/><W103/><G26/><T125/><D125/><U85/><E8/><V70/><F73/><W94/><G103/><T49/><D3/><U83/><E63/><V64/><F72/><W23/><G23/><N who="0" m="11655" /><D7/><U102/><E102/><V115/><F131/><W1/><G1/><T57/><D51/><U101/><E101/><V0/><F0/><W28/><G28/><T99/><D99/><U74/><E74/><V133/><F133/><W2/><G2/><T31/><D31/><U132/><E132/><V45/><F111/><W106/><G106/><T33/><D33/><U124/><E124/><V104/><F104/><W105/><G105/><T108/><D108/><U19/><E19/><V22/><F116/><W91/><G79/><T130/><D130/><U55/><E58/><N who="0" m="22025" /><D66/><U76/><E76/><V34/><F119/><W44/><REACH who="3" step="1"/><G52/><AGARI ba="3,0" hai="10,14,17,47,49,52,81,82" m="22025,11655" machi="52" ten="30,3900,0" yaku="8,1,54,2" doraHai="39" who="0" fromWho="3" sc="155,48,627,0,88,0,130,-48" /><INIT seed="6,0,0,3,4,125" ten="203,627,88,82" oya="2" hai0="5,40,119,71,80,43,124,99,38,91,117,49,46" hai1="22,108,23,90,81,63,115,64,68,111,19,61,89" hai2="30,102,123,35,93,100,39,75,135,1,116,105,14" hai3="15,28,109,126,37,41,86,9,133,129,12,121,127"/><V20/><F39/><W97/><G121/><T56/><D71/><U27/><E115/><V85/><F75/><W83/><G109/><T11/><D124/><N who="3" m="47657" /><G133/><T72/><D99/><U134/><E134/><V51/><F135/><W62/><G28/><T32/><D32/><U88/><E81/><V107/><F116/><W48/><G37/><T67/><D67/><U3/><E3/><V0/><F123/><W2/><G2/><N who="0" m="439" /><D91/><U29/><REACH who="1" step="1"/><E63/><REACH who="1" ten="203,617,88,82" step="2"/><V6/><F1/><W57/><G62/><T94/><D80/><U45/><E45/><V73/><F0/><W120/><G83/><T66/><D94/><U13/><AGARI ba="0,1" hai="13,19,22,23,27,29,61,64,68,88,89,90,108,111" machi="13" ten="30,7900,0" yaku="1,1,0,1,54,1,53,1" doraHai="125" doraHaiUra="25" who="1" fromWho="1" sc="203,-20,617,89,88,-39,82,-20" /><INIT seed="7,0,0,3,0,45" ten="183,706,49,62" oya="3" hai0="128,24,57,51,93,90,126,107,67,70,14,17,49" hai1="121,6,109,105,26,114,11,78,23,73,1,134,95" hai2="18,106,110,39,10,9,44,7,117,97,104,13,81" hai3="40,42,99,33,133,131,32,20,130,48,89,52,103"/><W132/><G89/><T12/><D107/><U46/><E105/><V129/><F117/><W56/><G20/><N who="0" m="13327" /><D70/><U31/><E109/><V127/><F110/><W124/><G42/><T66/><D126/><U85/><E121/><V125/><F129/><N who="3" m="49163" /><G40/><T112/><D112/><U72/><E114/><V118/><F118/><W86/><G86/><N who="0" m="52439" /><D128/><U91/><E134/><N who="3" m="51818" /><G124/><N who="2" m="47689" /><F97/><W111/><G111/><T19/><D19/><U28/><E28/><V74/><F74/><W71/><G71/><T4/><D67/><U3/><E78/><V8/><F81/><W116/><G116/><T50/><D4/><U135/><E135/><V68/><F68/><W27/><G27/><T98/><D98/><U113/><E113/><V22/><F7/><W101/><G101/><T63/><AGARI ba="0,0" hai="12,14,49,50,51,57,63,66" m="52439,13327" machi="63" ten="30,7900,0" yaku="8,1,52,3" doraHai="45" who="0" fromWho="0" sc="183,79,706,-20,49,-20,62,-39" owari="262,6.0,686,79.0,29,-37.0,23,-48.0" /></mjloggm>