<mjloggm ver="2.3"><GO type="97" lobby="0"/><UN n0="%E9%82%A6%E6%9D%91%E9%95%B7" n1="%62%6C%65%64%73%6F%65" n2="%E3%82%A6%E3%83%AB%E3%83%88%E3%83%A9%E7%AB%8B%E7%9B%B4" n3="%E6%9C%80%E5%87%B6%E9%9C%9C%E9%99%8D%E7%89%9B" dan="14,13,15,13" rate="1959.93,1839.09,2023.08,1887.45" sx="M,M,M,M"/><TAIKYOKU oya="0"/><INIT seed="0,0,0,5,4,133" ten="250,250,250,250" oya="0" hai0="114,37,91,0,21,70,12,125,93,39,103,124,79" hai1="97,25,32,131,128,122,100,44,89,90,96,38,49" hai2="6,110,113,57,9,109,67,20,47,45,106,86,68" hai3="126,16,101,115,23,14,65,46,127,108,111,95,36"/><T15/><D0/><U118/><E122/><V40/><F68/><W76/><G115/><T119/><D114/><U5/><E118/><V54/><F106/><W52/><G76/><T28/><D119/><U84/><E38/><N who="0" m="14345" /><D70/><U10/><E25/><V82/><F67/><W63/><G101/><T61/><D61/><U27/><E89/><V66/><F66/><W2/><G2/><T33/><D79/><U4/><E27/><V135/><F20/><W77/><G77/><T78/><D78/><U98/><E32/><V121/><F121/><W88/><G36/><T130/><D33/><U94/><E100/><V105/><F113/><W26/><G65/><T11/><D103/><U48/><E48/><V75/><F105/><W59/><G46/><T22/><D28/><U107/><E107/><V55/><F86/><N who="3" m="52631" /><G14/><N who="0" m="5163" /><D11/><U51/><E10/><V123/><F123/><W134/><G134/><T19/><D19/><U8/><E8/><V104/><F9/><W71/><G71/><T1/><D1/><U92/><E44/><V132/><F104/><W50/><G63/><T112/><D112/><U73/><E73/><V99/><F75/><W85/><G85/><N who="0" m="52463" /><D130/><U41/><E131/><V81/><F57/><W102/><G102/><T58/><D58/><U83/><E128/><V31/><F31/><W129/><G129/><T53/><D53/><U116/><E116/><V7/><REACH who="2" step="1"/><F99/><REACH who="2" ten="250,250,240,250" step="2"/><W64/><G64/><T43/><D43/><AGARI ba="0,1" hai="6,7,40,43,45,47,54,55,81,82,109,110,132,135" machi="43" ten="25,6400,0" yaku="1,1,2,1,22,2,53,0" doraHai="133" doraHaiUra="69" who="2" fromWho="0" sc="250,-64,250,0,240,74,250,0" /><INIT seed="1,0,0,4,4,80" ten="186,250,314,250" oya="1" hai0="56,109,19,98,36,118,61,14,48,87,104,47,64" hai1="46,53,95,126,66,135,111,52,21,45,108,7,34" hai2="44,94,86,74,106,41,75,124,10,8,84,107,91" hai3="65,49,83,110,63,31,134,60,9,40,18,1,132"/><U101/><E34/><V24/><F124/><W128/><G110/><N who="1" m="42026" /><E7/><V29/><F75/><W59/><G128/><T120/><D118/><U11/><E11/><V77/><F74/><W2/><G31/><T68/><D109/><U93/><E126/><V3/><F3/><W30/><G30/><T129/><D129/><U27/><E66/><V26/><F106/><W133/><G83/><T88/><D120/><U37/><E135/><V38/><F107/><W62/><G18/><T105/><D98/><N who="1" m="59599" /><E95/><V123/><F123/><W113/><G113/><T4/><D4/><U6/><E6/><V92/><F26/><W100/><G100/><T99/><D99/><U130/><E130/><V25/><F25/><W90/><G90/><T67/><D67/><U117/><E117/><V23/><F77/><W35/><G35/><T76/><D76/><U70/><E70/><V121/><F121/><W119/><G119/><T13/><D68/><U0/><E0/><N who="3" m="106" /><G9/><N who="0" m="6575" /><D14/><U78/><E78/><V55/><F8/><W127/><G127/><T96/><D96/><U125/><E125/><V50/><F10/><W20/><G20/><T114/><D114/><U39/><E39/><V71/><F71/><W102/><G102/><T72/><D36/><U97/><E97/><V85/><F94/><W32/><G32/><T103/><D103/><U73/><E73/><V131/><F131/><W43/><G49/><T115/><D72/><U79/><E79/><V33/><F33/><W81/><G81/><N who="0" m="49263" /><D115/><U82/><E37/><V69/><F69/><W16/><G16/><T58/><D58/><AGARI ba="0,0" hai="23,24,29,38,41,44,50,55,58,84,85,86,91,92" machi="58" ten="30,7700,0" yaku="7,1,52,3" doraHai="80" who="2" fromWho="0" sc="186,-77,250,0,314,77,250,0" /><INIT seed="2,0,0,5,4,107" ten="109,250,391,250" oya="2" hai0="82,134,23,104,56,114,128,117,19,135,129,44,46" hai1="30,42,55,8,47,52,7,22,113,99,111,87,18" hai2="101,21,74,45,122,13,68,118,126,58,43,11,34" hai3="53,36,62,51,76,127,119,35,66,32,9,88,115"/><V112/><F68/><W15/><G115/><T50/><D104/><U6/><E113/><V98/><F34/><W71/><G119/><T10/><D10/><U29/><E111/><V16/><F126/><W49/><G127/><T81/><D114/><U65/><E65/><V125/><F125/><W24/><G36/><T85/><D23/><U79/><E99/><V132/><F132/><N who="0" m="50730" /><D85/><U17/><E30/><V27/><F74/><W86/><G76/><T83/><D19/><U97/><E97/><V72/><F72/><W75/><G75/><T0/><D0/><U28/><E28/><V89/><F118/><W133/><G133/><T103/><D117/><U90/><E79/><V5/><F122/><W131/><G131/><N who="0" m="50251" /><D56/><U105/><E105/><V94/><F112/><W80/><G35/><T108/><D50/><N who="1" m="26999" /><E29/><V124/><F124/><W96/><G32/><T93/><D93/><N who="1" m="54495" /><E8/><V109/><F109/><W77/><G24/><T130/><D130/><U39/><E7/><V38/><REACH who="2" step="1"/><F58/><REACH who="2" ten="109,250,381,250" step="2"/><W54/><G77/><T37/><D108/><U73/><E73/><V78/><F78/><W48/><REACH who="3" step="1"/><G96/><REACH who="3" ten="109,250,381,240" step="2"/><T26/><D37/><U31/><E39/><V123/><F123/><W60/><G60/><T84/><D84/><U61/><E61/><V100/><AGARI ba="0,2" hai="5,11,13,16,21,27,38,43,45,89,94,98,100,101" machi="100" ten="30,6000,0" yaku="1,1,0,1,54,1,53,0" doraHai="107" doraHaiUra="57" who="2" fromWho="2" sc="109,-20,250,-20,381,80,240,-20" /><INIT seed="2,1,0,4,1,36" ten="89,230,461,220" oya="2" hai0="77,35,72,67,79,124,14,42,121,115,78,29,30" hai1="91,44,43,22,11,57,101,18,45,129,103,105,87" hai2="26,54,39,34,76,126,65,92,83,93,68,108,53" hai3="55,94,70,106,99,90,63,16,74,71,117,0,122"/><V107/><F107/><W2/><G122/><T17/><D121/><U21/><E105/><V88/><F39/><W19/><G117/><T24/><D115/><U112/><E129/><V58/><F126/><W118/><G118/><T82/><D124/><U131/><E112/><V102/><F108/><W125/><G125/><T127/><D127/><U132/><E132/><V7/><F68/><W28/><G74/><T8/><D67/><U96/><E96/><V59/><F7/><W27/><G106/><T9/><D30/><U50/><E45/><V56/><F65/><W128/><G128/><T49/><D8/><U114/><E114/><V12/><F12/><W110/><G110/><T104/><D104/><U66/><E131/><V75/><F26/><W37/><G37/><T62/><REACH who="0" step="1"/><D62/><REACH who="0" ten="79,230,461,220" step="2"/><N who="1" m="38223" /><E11/><V33/><F33/><W84/><G2/><T89/><D89/><U86/><E91/><V100/><F34/><W52/><G0/><T95/><D95/><U48/><E103/><V111/><F111/><W51/><G90/><T38/><D38/><U40/><E101/><V133/><F88/><W61/><G94/><T31/><D31/><U46/><E22/><V1/><F1/><W134/><G28/><T4/><D4/><U119/><E119/><V20/><F100/><W25/><G25/><AGARI ba="1,1" hai="18,21,25,40,43,44,46,48,50,86,87" m="38223" machi="25" ten="30,3900,0" yaku="8,1,52,2" doraHai="36" who="1" fromWho="3" sc="79,0,230,52,461,0,220,-42" /><INIT seed="3,0,0,0,1,125" ten="79,282,461,178" oya="3" hai0="112,9,60,13,71,114,106,35,108,100,84,15,98" hai1="11,93,64,58,6,24,118,91,27,17,22,113,39" hai2="133,121,62,90,44,102,18,67,20,75,92,68,51" hai3="81,61,104,119,2,55,29,135,43,7,116,122,23"/><W76/><G122/><T124/><D124/><U129/><E39/><V52/><F75/><W128/><G104/><T16/><D108/><U73/><E73/><V109/><F109/><W59/><G2/><T134/><D134/><U26/><E118/><V115/><F133/><W56/><G7/><T36/><D84/><U70/><E70/><V127/><F127/><W46/><G135/><T25/><D15/><U89/><E58/><V49/><F115/><W117/><G59/><T131/><D36/><U78/><E64/><V14/><F102/><W28/><G23/><T74/><D74/><U1/><E78/><V85/><F121/><W65/><G65/><N who="0" m="41383" /><D112/><U47/><E113/><V69/><F51/><W32/><G32/><T132/><D132/><U80/><E47/><V83/><F83/><W21/><G21/><T82/><D82/><U34/><E80/><V123/><F123/><W54/><G54/><T53/><D53/><U41/><E93/><V88/><F90/><W87/><REACH who="3" step="1"/><G128/><REACH who="3" ten="79,282,461,168" step="2"/><T40/><D40/><U10/><E41/><V126/><F126/><W86/><G86/><T19/><D114/><U103/><E129/><V66/><F66/><W120/><G120/><T95/><D19/><U50/><E34/><V101/><F69/><W94/><G94/><T110/><D95/><U42/><E17/><V38/><F68/><W57/><G57/><T8/><D110/><U99/><E6/><V45/><F67/><W72/><G72/><T3/><D8/><U130/><E1/><V77/><F20/><W111/><G111/><T0/><D131/><U12/><E130/><RYUUKYOKU ba="0,1" sc="79,15,282,-15,461,-15,168,15" hai0="0,3,9,13,16,25,35,98,100,106" hai3="28,29,43,46,55,56,61,76,81,87,116,117,119" /><INIT seed="3,1,1,1,5,27" ten="94,267,446,183" oya="3" hai0="109,116,71,95,104,134,26,113,68,107,32,13,7" hai1="28,42,30,76,133,23,72,110,126,84,127,100,14" hai2="74,67,61,17,62,43,57,125,128,60,120,98,123" hai3="41,46,45,132,89,83,81,105,99,111,88,75,85"/><W5/><G132/><T87/><D95/><U10/><E72/><V79/><F125/><N who="1" m="47625" /><E110/><V1/><F128/><W56/><G111/><T63/><D87/><U70/><E70/><N who="0" m="26665" /><D13/><U131/><E133/><V94/><F1/><W122/><G122/><N who="2" m="46633" /><F43/><W97/><G75/><T130/><D7/><N who="1" m="3423" /><E42/><V36/><F36/><W73/><G73/><T78/><D78/><U44/><E44/><N who="3" m="17002" /><G105/><N who="0" m="40523" /><D63/><U21/><E100/><N who="2" m="60503" /><F17/><W93/><G41/><T65/><D65/><U47/><E47/><V55/><F67/><W49/><G5/><T18/><D18/><U112/><E76/><V40/><F40/><W2/><G2/><T106/><D106/><U103/><E84/><V69/><F69/><W9/><G9/><T50/><D50/><U39/><E103/><V114/><F114/><W96/><G81/><AGARI ba="1,1" hai="55,57,60,61,62,74,79,81" m="60503,46633" machi="81" ten="30,1000,0" yaku="13,1" doraHai="27" who="2" fromWho="3" sc="94,0,267,0,446,23,183,-13" owari="94,-41.0,267,7.0,469,57.0,170,-23.0" /></mjloggm>