<mjloggm ver="2.3"><GO type="97" lobby="0"/><UN n0="%E5%B7%9D%E6%9D%91" n1="%65%74%61%6B%61%32%34" n2="%E3%82%A6%E3%83%AB%E3%83%88%E3%83%A9%E7%AB%8B%E7%9B%B4" n3="%4B%49%59%4F%63%68%61%6E" dan="15,13,15,13" rate="1983.53,1872.24,2039.13,1849.91" sx="M,M,M,F"/><TAIKYOKU oya="0"/><INIT seed="0,0,0,3,0,59" ten="250,250,250,250" oya="0" hai0="3,97,39,21,15,128,93,14,102,43,112,131,50" hai1="19,91,28,84,114,135,87,2,98,52,127,106,105" hai2="83,82,37,40,29,118,100,70,55,57,76,45,78" hai3="64,85,18,56,75,49,132,95,123,66,10,108,41"/><T113/><D3/><U68/><E2/><V24/><F118/><W31/><G75/><T26/><D39/><U86/><E28/><V130/><F130/><N who="0" m="49706" /><D43/><U47/><E68/><V61/><F100/><W122/><G31/><N who="0" m="17871" /><D50/><U134/><E114/><AGARI ba="0,0" hai="14,15,93,97,102,112,113,114" m="17871,49706" machi="114" ten="30,1500,0" yaku="19,1" doraHai="59" who="0" fromWho="1" sc="250,15,250,-15,250,0,250,0" /><INIT seed="0,1,0,3,3,65" ten="265,235,250,250" oya="0" hai0="116,18,40,19,32,85,70,87,11,53,21,75,20" hai1="27,69,54,95,3,42,38,74,106,119,80,28,22" hai2="41,102,122,60,30,82,133,55,132,46,125,24,73" hai3="10,26,59,23,6,72,96,16,4,93,103,34,68"/><T124/><D116/><U29/><E106/><V44/><F122/><W43/><G72/><T79/><D124/><U5/><E119/><V51/><F125/><W114/><G114/><T9/><D32/><U111/><E111/><V129/><F129/><W62/><G43/><T127/><D127/><U120/><E120/><V13/><F13/><W110/><G110/><T0/><D70/><U36/><E36/><V37/><F102/><W52/><G34/><T99/><D40/><U121/><E121/><V88/><F60/><W76/><G76/><T117/><D117/><U48/><E69/><V81/><F73/><W86/><G86/><T49/><D75/><U31/><E95/><V35/><REACH who="2" step="1"/><F88/><REACH who="2" ten="265,235,240,250" step="2"/><W78/><G78/><T118/><D118/><U17/><E74/><V2/><F2/><W63/><G68/><T15/><D99/><U47/><E3/><V134/><AGARI ba="1,1" hai="24,30,35,37,41,44,46,51,55,81,82,132,133,134" machi="134" ten="30,7900,0" yaku="1,1,0,1,20,1,53,1" doraHai="65" doraHaiUra="71" who="2" fromWho="2" sc="265,-40,235,-21,240,92,250,-21" /><INIT seed="1,0,0,2,5,6" ten="225,214,332,229" oya="1" hai0="94,74,21,33,49,80,39,60,87,57,24,131,120" hai1="16,130,29,123,100,81,134,91,127,126,95,8,116" hai2="62,73,35,92,31,10,0,1,64,124,113,67,98" hai3="104,75,50,108,99,128,7,68,27,14,117,106,105"/><U32/><E123/><V52/><F73/><W112/><G68/><T77/><D33/><U82/><E116/><V28/><F35/><W119/><G27/><T107/><D39/><U72/><E72/><V18/><F1/><W114/><G50/><T111/><D107/><U56/><E100/><V132/><F124/><N who="1" m="47657" /><E56/><N who="2" m="35079" /><F132/><W59/><G59/><T46/><D111/><U15/><E130/><V66/><F0/><W96/><G14/><T69/><D69/><U84/><E134/><V90/><F113/><N who="3" m="43627" /><G7/><T11/><D131/><U25/><AGARI ba="0,0" hai="8,15,16,25,29,32,81,82,84,91,95" m="47657" machi="25" ten="30,6000,0" yaku="18,1,52,1,54,1" doraHai="6" who="1" fromWho="1" sc="225,-20,214,60,332,-20,229,-20" /><INIT seed="1,1,0,2,5,69" ten="205,274,312,209" oya="1" hai0="115,127,51,92,29,7,97,130,44,107,105,81,65" hai1="66,4,37,89,133,109,70,9,108,23,122,42,75" hai2="85,43,114,84,56,64,0,126,78,76,74,55,118" hai3="53,117,13,116,119,38,131,49,132,111,100,101,110"/><U16/><E122/><V57/><F0/><W103/><G38/><T128/><D115/><U129/><E75/><V46/><F118/><W54/><G13/><T36/><D127/><U135/><E42/><V104/><F104/><W123/><G123/><T28/><D36/><U121/><E37/><V93/><F74/><W99/><G99/><T96/><D81/><U125/><E66/><V6/><F6/><W22/><G22/><T83/><D83/><U73/><E70/><V124/><F114/><W31/><G31/><N who="0" m="11851" /><D7/><U2/><E73/><V68/><F68/><W47/><G131/><N who="0" m="50219" /><D65/><U18/><E89/><V3/><F64/><W50/><G132/><N who="1" m="50762" /><E125/><V98/><F124/><W25/><G25/><T91/><D96/><U94/><E94/><V88/><F126/><W52/><REACH who="3" step="1"/><G47/><REACH who="3" ten="205,274,312,199" step="2"/><T79/><D79/><U5/><E121/><V60/><F78/><W77/><G77/><T40/><AGARI ba="1,1" hai="40,44,51,91,92,97,105,107" m="50219,11851" machi="40" ten="30,1100,0" yaku="19,1" doraHai="69" who="0" fromWho="0" sc="205,24,274,-6,312,-4,199,-4" /><INIT seed="2,0,0,4,0,93" ten="229,268,308,195" oya="2" hai0="52,81,47,13,44,35,51,50,76,66,42,100,123" hai1="25,31,19,57,40,92,59,103,105,58,56,115,133" hai2="46,121,62,1,74,30,2,77,34,54,4,69,129" hai3="111,127,117,75,12,21,70,91,64,37,99,130,36"/><V39/><F121/><W9/><G21/><T3/><D3/><U97/><E115/><V33/><F54/><W5/><G117/><T18/><D123/><U38/><E133/><V132/><F132/><W119/><G119/><T120/><D120/><U110/><E110/><V90/><F90/><W16/><G111/><T88/><D35/><U131/><E131/><V116/><F116/><W26/><G130/><T113/><D113/><U96/><N who="1" m="14848" /><DORA hai="107" /><U49/><E38/><V82/><F129/><W45/><G127/><T61/><D100/><U94/><E49/><V89/><F89/><W20/><G64/><T24/><D24/><U87/><E40/><N who="2" m="22815" /><F30/><W84/><G70/><T41/><D41/><U134/><E134/><V109/><F109/><W101/><G75/><T135/><D135/><U108/><E108/><V118/><F118/><W23/><G20/><N who="0" m="11343" /><D76/><U95/><E105/><V83/><F83/><W114/><G45/><T98/><D66/><U7/><E7/><V17/><F17/><W27/><G27/><T71/><D71/><U85/><E103/><V68/><F68/><W22/><G22/><T106/><D106/><U6/><E6/><V15/><F15/><W60/><G60/><T63/><D81/><U55/><E55/><V128/><F128/><W86/><G114/><T65/><D65/><U32/><REACH who="1" step="1"/><E19/><REACH who="1" ten="229,258,308,195" step="2"/><V79/><F4/><W0/><G0/><T53/><D53/><U11/><E11/><V102/><F2/><W73/><G37/><T80/><D80/><U14/><E14/><V48/><F1/><W72/><G36/><T122/><D122/><RYUUKYOKU ba="0,1" sc="229,15,258,15,308,-15,195,-15" hai0="42,44,47,50,51,52,61,63,88,98" hai1="25,31,32,85,87,92,94,95,96,97" /><INIT seed="3,1,1,4,2,93" ten="244,273,293,180" oya="3" hai0="22,133,66,40,86,34,20,95,33,54,4,1,124" hai1="27,45,90,112,70,108,73,53,118,43,72,15,125" hai2="8,39,120,51,46,28,98,50,35,100,81,78,103" hai3="48,59,5,58,47,117,106,128,26,38,21,68,0"/><W55/><G117/><T76/><D133/><U42/><E70/><V23/><F35/><N who="0" m="13322" /><D54/><U36/><E112/><V56/><F39/><W49/><G106/><T32/><D95/><U74/><E43/><V85/><F8/><W97/><G38/><T11/><D86/><U84/><E108/><V67/><F98/><W82/><G68/><T75/><D66/><U89/><E27/><N who="2" m="16511" /><F120/><W131/><G58/><T109/><D40/><U132/><E118/><V122/><F122/><W91/><G5/><N who="0" m="1455" /><D76/><U7/><E125/><V41/><F51/><W127/><G0/><T123/><D75/><U57/><E132/><V17/><F17/><W24/><G127/><T19/><D123/><U110/><E110/><V105/><F105/><W129/><G82/><T101/><D101/><U14/><E74/><V116/><F116/><W31/><G26/><N who="0" m="14623" /><D109/><U114/><E73/><V96/><F96/><W115/><G115/><T12/><N who="0" m="13330" /><T77/><DORA hai="135" /><D77/><U52/><E114/><V9/><F100/><W79/><G79/><T63/><D63/><U71/><E72/><V64/><F103/><W92/><G47/><T65/><D65/><U107/><E53/><V102/><F102/><W69/><G69/><T130/><D124/><U6/><E71/><V80/><F80/><W60/><AGARI ba="1,1" hai="21,24,31,48,49,55,59,60,91,92,97,128,129,131" machi="60" ten="30,6000,0" yaku="0,1,19,1,52,1" doraHai="93,135" who="3" fromWho="3" sc="244,-21,273,-21,293,-21,180,73" /><INIT seed="3,2,0,5,0,118" ten="223,252,272,253" oya="3" hai0="133,5,62,72,7,80,100,50,14,25,71,51,78" hai1="16,58,123,69,0,49,88,3,76,27,59,135,23" hai2="67,65,9,109,36,95,19,43,45,73,131,98,26" hai3="11,112,4,115,116,84,46,83,66,92,102,130,10"/><W85/><G66/><T55/><D133/><U38/><E69/><V113/><F73/><W105/><G116/><T17/><D25/><U52/><E38/><V107/><F107/><W106/><G130/><T103/><D50/><U96/><E135/><V42/><F113/><W2/><G92/><T24/><D24/><U15/><E76/><V87/><F109/><W61/><G61/><T33/><D33/><U41/><E41/><V128/><F87/><W12/><G46/><T127/><D127/><U44/><E123/><V22/><F9/><W132/><G132/><T63/><D63/><U82/><E3/><V75/><F75/><W30/><G30/><T53/><D103/><U48/><E0/><V57/><F43/><W121/><G85/><N who="0" m="48279" /><D100/><U32/><E48/><V29/><F19/><W89/><G121/><T108/><D72/><U28/><REACH who="1" step="1"/><E82/><REACH who="1" ten="223,242,272,253" step="2"/><V31/><F131/><W91/><G91/><T126/><D71/><U117/><E117/><V104/><F128/><W13/><G2/><T68/><D68/><U134/><E134/><V120/><F120/><W94/><G83/><T39/><D39/><U20/><E20/><V21/><F21/><W6/><REACH who="3" step="1"/><G102/><REACH who="3" ten="223,242,272,243" step="2"/><T81/><D81/><U35/><E35/><V34/><F34/><W110/><G110/><T74/><D108/><U56/><E56/><V37/><F57/><W86/><G86/><T77/><D74/><U122/><E122/><V47/><F47/><W114/><AGARI ba="2,2" hai="4,6,10,11,12,13,84,89,94,105,106,112,114,115" machi="114" ten="30,6000,0" yaku="1,1,0,1,9,1,53,0" doraHai="118" doraHaiUra="129" who="3" fromWho="3" sc="223,-22,242,-22,272,-22,243,86" owari="201,-30.0,220,-18.0,250,5.0,329,43.0" /></mjloggm>