<mjloggm ver="2.3"><GO type="41" lobby="0"/><UN n0="%69%64%67%6F%72%75%66%75" n1="%64%61%75" n2="%E3%82%B9%E3%83%BC%E3%83%91%E3%83%BC%E3%82%A2%E3%83%8B%E3%82%AD" n3="%E3%82%A6%E3%83%AB%E3%83%88%E3%83%A9%E7%AB%8B%E7%9B%B4" dan="14,13,15,15" rate="1913.91,1901.10,2012.52,1932.55" sx="M,M,F,M"/><TAIKYOKU oya="0"/><INIT seed="0,0,0,5,1,52" ten="250,250,250,250" oya="0" hai0="113,69,17,99,58,134,63,37,100,54,25,104,29" hai1="49,35,21,109,74,85,53,72,28,81,95,73,45" hai2="70,46,108,98,112,86,51,59,19,65,20,122,78" hai3="94,97,2,4,48,91,130,33,43,107,23,7,64"/><T30/><D113/><U106/><E106/><V57/><F112/><W93/><G33/><T62/><D134/><U124/><E35/><V5/><F122/><W3/><G107/><T66/><D17/><U135/><E135/><V8/><F108/><W82/><G82/><T101/><D30/><U39/><E39/><V76/><F70/><W89/><G3/><T55/><D37/><U56/><E109/><V103/><F65/><W114/><G2/><T60/><D100/><U132/><E95/><N who="2" m="58847" /><F8/><W50/><G64/><N who="0" m="38935" /><D62/><U9/><E9/><V13/><F5/><N who="3" m="2123" /><G43/><T32/><AGARI ba="0,0" hai="25,29,32,54,55,63,66,69,99,101,104" m="38935" machi="32" ten="30,3000,0" yaku="25,1,52,1" doraHai="52" who="0" fromWho="0" sc="250,30,250,-10,250,-10,250,-10" /><INIT seed="0,1,0,3,1,57" ten="280,240,240,240" oya="0" hai0="109,119,47,58,64,121,92,93,129,98,70,118,28" hai1="50,61,80,33,96,74,100,86,83,42,77,110,13" hai2="91,115,104,14,135,25,7,1,53,39,105,26,123" hai3="17,127,2,32,88,128,66,116,56,41,82,6,0"/><T114/><D121/><U89/><E33/><V81/><F123/><W87/><G32/><T5/><D114/><U4/><E110/><V85/><F115/><W71/><G71/><T101/><D129/><U21/><E42/><V48/><F39/><W24/><G116/><T60/><D109/><U113/><E50/><V18/><F135/><W102/><G6/><T79/><D79/><U122/><E113/><V107/><F1/><W90/><G102/><T108/><D108/><U38/><E38/><V124/><F7/><W40/><G2/><T12/><D70/><U132/><E122/><V126/><F26/><W46/><G0/><T75/><D75/><U15/><E132/><V23/><REACH who="2" step="1"/><F25/><REACH who="2" ten="280,240,230,240" step="2"/><W94/><G128/><T11/><D28/><U55/><E4/><V51/><F51/><W69/><G24/><T95/><REACH who="0" step="1"/><D47/><AGARI ba="1,1" hai="14,18,23,47,48,53,81,85,91,104,105,107,124,126" machi="47" ten="40,1300,0" yaku="1,1,53,0" doraHai="57" doraHaiUra="20" who="2" fromWho="0" sc="280,-16,240,0,230,26,240,0" /><INIT seed="1,0,0,3,0,95" ten="264,240,256,240" oya="1" hai0="51,88,94,70,53,96,57,104,59,5,39,43,135" hai1="63,91,19,79,125,117,40,98,87,25,122,44,52" hai2="34,24,9,4,1,106,6,0,54,112,22,103,37" hai3="116,49,80,126,3,50,36,85,74,35,78,101,21"/><U130/><E117/><V26/><F37/><W47/><G35/><T72/><D135/><U108/><E122/><V75/><F75/><W84/><G116/><T38/><D72/><U134/><E134/><V65/><F65/><W124/><G3/><N who="2" m="1097" /><F54/><W45/><G36/><T16/><D70/><U83/><E125/><N who="3" m="48234" /><G21/><T90/><D104/><U41/><E108/><V8/><F103/><W56/><G56/><T111/><D111/><U114/><E114/><V66/><F66/><W27/><G27/><N who="2" m="10281" /><F106/><W92/><G49/><T18/><D5/><N who="2" m="2154" /><F112/><W100/><G50/><T23/><D43/><U132/><E132/><V42/><F42/><W82/><G47/><T107/><D107/><U86/><E130/><V31/><F22/><W55/><G55/><T76/><D76/><U123/><E123/><V128/><F128/><W30/><G45/><T119/><D119/><U11/><E86/><V73/><F73/><W71/><G71/><T93/><D59/><U61/><E41/><V115/><F115/><W118/><G118/><T68/><D68/><U32/><E40/><V2/><N who="2" m="1105" /><V89/><DORA hai="109" /><F89/><N who="3" m="53295" /><G100/><T29/><D38/><U64/><E44/><V60/><F60/><W97/><G82/><T129/><D39/><U15/><E64/><V46/><F46/><W48/><G48/><T62/><D129/><U133/><E133/><V81/><F81/><W12/><G74/><T105/><D105/><U28/><E52/><V14/><F14/><W110/><G12/><T102/><D62/><U58/><E58/><V69/><F69/><W17/><G110/><T10/><D102/><RYUUKYOKU ba="0,0" sc="264,-15,240,15,256,15,240,-15" hai1="11,15,19,25,28,32,61,63,79,83,87,91,98" hai2="8,9,31,34" /><INIT seed="1,1,0,3,4,11" ten="249,255,271,225" oya="1" hai0="133,125,65,132,45,48,16,112,21,41,120,124,49" hai1="27,51,87,4,7,117,104,131,63,3,38,24,19" hai2="116,86,135,15,52,34,28,30,99,47,6,71,77" hai3="110,103,68,43,22,29,107,134,106,18,14,56,111"/><U33/><E38/><V127/><F71/><W126/><G68/><T74/><D74/><U69/><E117/><V44/><F116/><W78/><G103/><T26/><D112/><U17/><E104/><V1/><F1/><W59/><G78/><T80/><D80/><U39/><E39/><V115/><F34/><W20/><G43/><T118/><D118/><U82/><E131/><V5/><F115/><W73/><G73/><T0/><D0/><U79/><E69/><V64/><F127/><N who="0" m="48714" /><D65/><U96/><E63/><V66/><F135/><N who="0" m="51786" /><D49/><U88/><E51/><N who="2" m="28775" /><F99/><W83/><G83/><T121/><AGARI ba="1,0" hai="16,21,26,41,45,48,120,121" m="51786,48714" machi="121" ten="40,5200,0" yaku="18,1,20,1,54,1" doraHai="11" who="0" fromWho="0" sc="249,55,255,-27,271,-14,225,-14" /><INIT seed="2,0,0,0,1,41" ten="304,228,257,211" oya="2" hai0="75,110,39,9,87,78,7,59,11,132,22,103,113" hai1="55,20,114,92,130,125,44,31,5,13,50,1,117" hai2="131,71,6,79,108,85,12,119,77,54,46,0,34" hai3="47,21,62,134,124,81,101,23,83,72,105,109,94"/><V53/><F71/><W118/><G105/><T129/><D113/><U27/><E114/><V69/><F69/><W29/><G118/><T57/><D132/><U30/><E117/><V93/><F34/><W116/><G116/><T8/><D129/><U102/><E130/><V49/><F0/><W45/><G134/><T32/><D32/><U60/><E125/><V80/><F119/><W48/><G72/><T43/><D110/><U38/><E1/><V40/><F108/><W16/><G109/><T135/><D103/><U3/><E3/><V120/><F120/><W36/><G36/><T51/><D135/><U127/><E127/><V64/><F64/><W74/><G74/><T73/><D22/><U52/><E38/><V96/><F131/><W35/><G35/><T25/><D25/><U98/><E5/><V65/><F77/><W115/><G115/><T17/><D17/><U82/><E13/><V18/><F65/><W19/><G29/><T86/><D39/><U104/><E82/><N who="3" m="31242" /><G124/><T76/><D73/><U91/><E31/><V107/><F107/><W88/><G101/><T112/><D75/><U128/><E128/><V133/><F133/><W70/><G70/><T90/><D112/><U14/><E14/><V122/><F122/><W126/><G126/><T26/><D26/><U33/><E33/><V66/><F66/><W2/><G2/><T28/><D28/><U97/><E60/><V24/><F24/><N who="3" m="14375" /><G62/><T63/><D63/><U123/><E123/><V58/><F58/><N who="0" m="22026" /><D7/><U56/><E56/><V15/><F6/><W10/><G10/><T68/><D68/><RYUUKYOKU ba="0,0" sc="304,-10,228,30,257,-10,211,-10" hai1="20,27,30,44,50,52,55,91,92,97,98,102,104" /><INIT seed="3,1,0,0,3,75" ten="294,258,247,201" oya="3" hai0="8,125,53,112,37,97,71,78,51,91,22,40,110" hai1="88,56,87,48,52,32,133,2,135,33,98,61,45" hai2="116,83,47,6,25,92,118,105,10,60,43,124,85" hai3="72,3,130,102,24,81,111,129,80,54,23,128,84"/><W36/><G36/><T73/><D71/><U34/><E2/><V82/><F105/><W89/><G3/><T31/><D110/><U13/><E98/><V20/><F124/><W14/><G111/><T17/><D112/><U49/><E13/><N who="2" m="5335" /><F118/><W108/><G108/><T65/><D125/><U50/><REACH who="1" step="1"/><E45/><REACH who="1" ten="294,248,247,201" step="2"/><V121/><F116/><W46/><G14/><T126/><D126/><U127/><E127/><V18/><F121/><W79/><G102/><T132/><D132/><U27/><E27/><V76/><F47/><W86/><G46/><T109/><D109/><U100/><E100/><V44/><F44/><W35/><G35/><T64/><D37/><U95/><AGARI ba="1,1" hai="32,33,34,48,49,50,52,56,61,87,88,95,133,135" machi="95" ten="40,8000,1" yaku="1,1,0,1,54,2,53,0" doraHai="75" doraHaiUra="66" who="1" fromWho="1" sc="294,-21,248,93,247,-21,201,-41" /><INIT seed="4,0,0,1,4,127" ten="273,341,226,160" oya="0" hai0="82,134,83,114,51,78,121,67,81,108,102,105,61" hai1="44,107,26,100,0,11,12,7,106,60,120,101,92" hai2="94,4,34,55,62,117,39,47,49,20,32,88,31" hai3="9,65,79,116,15,97,52,103,16,18,128,30,113"/><T10/><D121/><U133/><E120/><V57/><F117/><W126/><G116/><T123/><D123/><U27/><E133/><V64/><F4/><W111/><G111/><T1/><D134/><U35/><E106/><V84/><F31/><W90/><G30/><T28/><D108/><U68/><E100/><V87/><F20/><W98/><G126/><T124/><D124/><U96/><E44/><V19/><F19/><N who="3" m="8687" /><G65/><T91/><D114/><U54/><E92/><V37/><REACH who="2" step="1"/><F87/><REACH who="2" ten="273,341,216,160" step="2"/><W93/><G113/><T109/><D28/><U131/><E0/><V58/><F58/><W43/><G79/><T24/><D109/><U69/><E27/><V75/><F75/><W70/><G70/><T77/><D24/><U56/><E26/><V14/><F14/><W122/><G122/><T129/><D77/><U135/><E35/><AGARI ba="0,1" hai="32,34,35,37,39,47,49,55,57,62,64,84,88,94" machi="35" ten="40,2600,0" yaku="1,1,54,1,53,0" doraHai="127" doraHaiUra="23" who="2" fromWho="1" sc="273,0,341,-26,216,36,160,0" /><INIT seed="5,0,0,5,3,30" ten="273,315,252,160" oya="1" hai0="129,32,62,135,47,132,17,5,109,24,27,120,12" hai1="52,125,74,15,57,72,87,44,1,105,106,8,112" hai2="134,115,99,63,103,42,68,66,31,128,80,50,90" hai3="11,38,75,97,35,127,102,13,122,114,86,123,25"/><U40/><E1/><V92/><F128/><W26/><G75/><T60/><D109/><U111/><E111/><V81/><F134/><N who="0" m="51242" /><D120/><U18/><E125/><V133/><F115/><W29/><G38/><T14/><D129/><U82/><E112/><V19/><F133/><W76/><G114/><T104/><D104/><U37/><E74/><V16/><F31/><W71/><G127/><T53/><D5/><U95/><E72/><V48/><F48/><W73/><G26/><N who="0" m="9771" /><D32/><U65/><E65/><V43/><F43/><W77/><G73/><T96/><D96/><U20/><E8/><V85/><REACH who="2" step="1"/><F80/><REACH who="2" ten="273,315,242,160" step="2"/><W110/><G110/><T23/><D12/><U3/><E3/><V34/><F34/><W121/><G121/><T88/><D47/><AGARI ba="0,1" hai="16,19,42,47,50,63,66,68,81,85,90,92,99,103" machi="47" ten="40,5200,0" yaku="1,1,54,1,53,1" doraHai="30" doraHaiUra="98" who="2" fromWho="0" sc="273,-52,315,0,242,62,160,0" /><INIT seed="6,0,0,2,0,57" ten="221,315,304,160" oya="2" hai0="65,35,21,133,115,23,83,102,40,15,74,95,78" hai1="105,42,79,86,126,60,124,127,132,5,120,9,117" hai2="41,18,92,72,118,123,69,13,71,110,2,88,47" hai3="101,130,31,68,73,6,131,134,63,27,26,106,75"/><V38/><F118/><W56/><G6/><T82/><D133/><U33/><E117/><V91/><F2/><W1/><G1/><T77/><D35/><U129/><E120/><V22/><F123/><W11/><G11/><T111/><D111/><U108/><E108/><V58/><F110/><W98/><G27/><T109/><D109/><U61/><E132/><V87/><F72/><W100/><G100/><T80/><D115/><U53/><E33/><V32/><F32/><N who="3" m="20599" /><G56/><T89/><D40/><U93/><E105/><V4/><F4/><W12/><G12/><T62/><D102/><U16/><E129/><N who="3" m="49162" /><G134/><T103/><D103/><U59/><E42/><V114/><F114/><W36/><G36/><T116/><D116/><U45/><E45/><V121/><F121/><W76/><G76/><T8/><D21/><U25/><E16/><V94/><F58/><W20/><G20/><T112/><D23/><U10/><E25/><V119/><REACH who="2" step="1"/><F119/><REACH who="2" ten="221,315,294,160" step="2"/><W34/><G34/><T50/><D112/><U84/><E5/><V64/><F64/><AGARI ba="0,1" hai="63,64,68,73,75,98,101,106" m="49162,20599" machi="64" ten="30,7700,0" yaku="25,1,19,1,23,1,52,1" doraHai="57" who="3" fromWho="2" sc="221,0,315,0,294,-77,160,87" /><INIT seed="7,0,0,2,3,76" ten="221,315,217,247" oya="3" hai0="80,77,100,112,38,75,24,104,59,18,130,78,71" hai1="52,60,16,19,8,69,22,128,56,122,13,109,53" hai2="23,88,119,3,32,43,57,29,58,45,70,134,129" hai3="85,49,110,97,61,11,94,62,37,98,95,21,86"/><W44/><G37/><T7/><D130/><U50/><E128/><V117/><F70/><W55/><G11/><T111/><D111/><U34/><E109/><V103/><F3/><W30/><G86/><T124/><D124/><U40/><E122/><V125/><F125/><W118/><G118/><T84/><D112/><U132/><E132/><V115/><F32/><W41/><G85/><T93/><D71/><U14/><E34/><V72/><F72/><W68/><G68/><T126/><D126/><U31/><E69/><V9/><F9/><W121/><G121/><T107/><D38/><U114/><E114/><V83/><F115/><W120/><G120/><T36/><D36/><U81/><E81/><V105/><F129/><W65/><G65/><T135/><D135/><U26/><E40/><V20/><F134/><W63/><G41/><T67/><D7/><N who="1" m="3231" /><E14/><V101/><F105/><W82/><G82/><T89/><D77/><U79/><E79/><V15/><F119/><W54/><G110/><T51/><D67/><U48/><E60/><V92/><F117/><W10/><G55/><T17/><D24/><U131/><E131/><V113/><F113/><W0/><G0/><T33/><D33/><U5/><E5/><V87/><F29/><W27/><G10/><T64/><D107/><U90/><E90/><V116/><F116/><W2/><G2/><T47/><D59/><AGARI ba="0,0" hai="16,19,22,26,31,48,50,52,53,56,59" m="3231" machi="59" ten="30,3900,0" yaku="8,1,54,2" doraHai="76" who="1" fromWho="0" sc="221,-39,315,39,217,0,247,0" owari="182,-32.0,354,45.0,217,-18.0,247,5.0" /></mjloggm>