<mjloggm ver="2.3"><GO type="97" lobby="0"/><UN n0="%E4%B8%AD%E5%B1%B1%E9%87%8E%E8%8D%89" n1="%E3%81%97%E3%82%87%E3%81%86%E3%81%AD%E3%82%93%E2%99%AA" n2="%43%4C%41%40%47%41%4D%45" n3="%E3%82%A6%E3%83%AB%E3%83%88%E3%83%A9%E7%AB%8B%E7%9B%B4" dan="15,13,13,15" rate="2054.94,1917.19,1920.53,2034.48" sx="M,M,M,M"/><TAIKYOKU oya="0"/><INIT seed="0,0,0,3,3,15" ten="250,250,250,250" oya="0" hai0="22,37,26,38,94,17,68,98,8,124,121,107,93" hai1="65,20,3,67,0,133,96,84,126,24,16,55,118" hai2="40,63,49,127,102,75,81,7,117,97,31,114,39" hai3="108,9,36,5,119,64,10,91,85,72,23,105,79"/><T106/><D68/><U33/><E118/><V19/><F117/><W82/><G119/><T99/><D121/><U58/><E33/><V59/><F114/><W122/><G122/><T70/><D70/><U41/><E41/><V18/><F127/><W52/><G36/><T87/><D124/><U129/><E126/><V130/><F130/><W89/><G64/><T100/><D87/><U12/><E129/><V21/><F7/><W101/><G108/><T113/><D113/><U56/><E133/><V45/><F39/><W28/><G89/><T123/><D123/><U42/><E42/><V30/><F81/><W134/><G134/><T29/><D8/><U78/><E96/><V128/><F75/><W6/><G6/><T14/><D38/><U4/><E0/><V62/><F128/><W132/><G132/><T53/><D53/><U43/><E3/><V51/><F51/><W32/><G32/><T110/><D37/><U50/><E43/><V34/><F34/><W109/><G52/><T103/><REACH who="0" step="1"/><D110/><REACH who="0" ten="240,250,250,250" step="2"/><U83/><E58/><V61/><F59/><W48/><G109/><T135/><D135/><U92/><E92/><N who="2" m="58663" /><F21/><W11/><G11/><AGARI ba="0,1" hai="4,11,12,16,20,24,50,55,56,65,67,78,83,84" machi="11" ten="40,5200,0" yaku="8,1,52,1,54,1" doraHai="15" who="1" fromWho="3" sc="240,0,250,62,250,0,250,-52" /><INIT seed="1,0,0,4,1,60" ten="240,312,250,198" oya="1" hai0="15,104,18,51,70,106,17,28,86,3,26,78,12" hai1="2,33,58,1,40,16,109,132,135,93,82,80,71" hai2="72,117,0,46,41,101,124,7,59,99,89,114,10" hai3="57,131,110,88,98,105,102,55,108,6,119,11,127"/><U23/><E33/><V29/><F117/><W67/><G119/><T112/><D70/><U128/><E71/><V66/><F114/><W22/><G22/><T87/><D3/><U32/><E32/><V107/><F124/><W9/><G127/><T63/><D112/><U64/><E40/><V120/><F120/><W69/><G131/><T91/><D63/><N who="1" m="38007" /><E128/><V39/><F89/><W122/><G122/><T65/><D78/><U130/><E130/><V134/><F29/><W48/><G11/><T73/><D73/><U74/><E109/><N who="3" m="42090" /><G69/><T68/><D68/><U34/><E34/><V61/><F72/><W31/><G31/><T94/><D28/><U90/><E2/><V35/><REACH who="2" step="1"/><F35/><REACH who="2" ten="240,312,240,198" step="2"/><W83/><G88/><T92/><D91/><U113/><E74/><V79/><F79/><W27/><G83/><T53/><D104/><U8/><E113/><V116/><F116/><W115/><G115/><T5/><D106/><U126/><E126/><V81/><F81/><W103/><G105/><T84/><D92/><U44/><E82/><V121/><F121/><W96/><G102/><T24/><D94/><U125/><E80/><V95/><F95/><W20/><G103/><T25/><D5/><N who="1" m="1071" /><E125/><V52/><F52/><W36/><G55/><T50/><D53/><U19/><E90/><V13/><F13/><N who="0" m="5194" /><D65/><U77/><E93/><V37/><F37/><W54/><G67/><T75/><D75/><U4/><E77/><V111/><F111/><W97/><G36/><T14/><N who="0" m="5202" /><T123/><DORA hai="42" /><D123/><U30/><E4/><V62/><F62/><W47/><G6/><RYUUKYOKU ba="0,1" sc="240,15,312,-15,240,15,198,-15" hai0="17,18,24,25,26,50,51,84,86,87" hai2="0,7,10,39,41,46,59,61,66,99,101,107,134" /><INIT seed="2,1,1,5,2,81" ten="255,297,255,183" oya="2" hai0="54,39,91,37,118,2,100,67,124,109,70,108,41" hai1="101,99,105,36,110,52,57,66,114,28,7,61,24" hai2="45,120,117,10,30,4,48,122,121,44,25,85,55" hai3="17,21,93,32,82,126,50,96,125,1,131,123,98"/><V38/><F117/><W64/><G1/><T13/><D2/><U47/><E110/><N who="0" m="42601" /><D100/><U107/><E114/><V14/><F44/><W3/><G3/><T20/><D118/><U18/><E7/><V15/><F38/><W35/><G123/><T134/><D134/><U68/><E18/><V23/><F15/><W22/><G50/><T9/><D20/><N who="3" m="7785" /><G17/><T90/><D124/><N who="3" m="47721" /><G64/><T58/><D67/><U16/><E16/><V11/><F11/><W133/><G133/><T130/><D130/><U92/><E24/><V12/><F12/><W132/><G132/><T56/><D13/><U46/><E28/><V31/><F31/><W89/><G131/><T128/><D128/><U127/><E127/><V135/><F135/><W116/><G116/><T103/><D9/><U53/><E53/><V94/><F120/><W71/><G71/><T26/><D70/><U43/><REACH who="1" step="1"/><E47/><REACH who="1" ten="255,287,255,183" step="2"/><V119/><F119/><W111/><G111/><T88/><D54/><U79/><E79/><V42/><F55/><W63/><G63/><AGARI ba="1,2" hai="36,43,46,52,57,61,63,66,68,92,99,101,105,107" machi="63" ten="30,3900,0" yaku="1,1,7,1,54,1,53,0" doraHai="81" doraHaiUra="75" who="1" fromWho="3" sc="255,0,287,62,255,0,183,-42" /><INIT seed="3,0,0,2,0,47" ten="255,349,255,141" oya="3" hai0="77,121,42,113,105,106,94,79,81,115,53,1,2" hai1="84,117,64,96,118,131,46,110,17,29,122,49,109" hai2="133,123,119,83,130,8,38,116,61,74,86,16,134" hai3="125,30,59,4,33,22,108,37,55,100,111,0,92"/><W19/><G37/><T31/><D121/><U66/><E122/><V70/><F38/><W65/><G65/><N who="1" m="25194" /><E131/><V67/><F74/><W63/><G125/><T127/><D42/><N who="1" m="24791" /><E29/><V6/><F123/><W35/><G4/><T23/><D127/><U88/><E96/><V52/><F52/><W58/><G0/><N who="0" m="107" /><D94/><N who="1" m="54535" /><E17/><V56/><F130/><W15/><G92/><T43/><D43/><U21/><E21/><V62/><F16/><W44/><G100/><T99/><D23/><U27/><E27/><V11/><F119/><AGARI ba="0,0" hai="109,110,117,118,119" m="54535,24791,25194" machi="119" ten="30,3900,0" yaku="12,1,52,1,54,1" doraHai="47" who="1" fromWho="2" sc="255,0,349,39,255,-39,141,0" owari="255,6.0,388,48.0,216,-18.0,141,-36.0" /></mjloggm>