<mjloggm ver="2.3"><GO type="97" lobby="0"/><UN n0="%E3%82%AF%E3%83%AA%E3%82%B9%E6%9D%BE%E6%9D%91%E5%85%88%E8%BC%A9" n1="%72%6F%6F%6E%79" n2="%E3%82%A6%E3%82%A7%E3%82%A4%EF%BC%9D%E3%82%A2%E3%83%92%E3%82%A3%E3%83%B3" n3="%E3%82%A6%E3%83%AB%E3%83%88%E3%83%A9%E7%AB%8B%E7%9B%B4" dan="13,14,14,15" rate="1814.94,1947.93,1984.24,2022.73" sx="M,M,M,M"/><TAIKYOKU oya="0"/><INIT seed="0,0,0,5,1,91" ten="250,250,250,250" oya="0" hai0="83,135,49,12,124,23,43,18,97,54,123,125,17" hai1="63,33,48,102,72,0,22,77,30,114,62,39,7" hai2="67,58,41,131,78,28,99,118,86,42,15,10,31" hai3="38,98,5,82,32,55,21,47,27,106,53,46,112"/><T14/><D123/><U130/><E130/><V122/><F122/><W20/><G32/><T127/><D43/><N who="2" m="16394" /><F131/><W57/><G5/><T81/><D135/><U56/><E33/><V40/><F40/><W16/><G38/><T108/><D97/><U79/><E72/><V64/><F118/><W88/><G106/><T95/><D108/><U93/><E7/><V109/><F109/><W6/><G6/><T76/><D76/><U115/><E0/><V87/><F99/><W100/><G100/><T44/><REACH who="0" step="1"/><D95/><REACH who="0" ten="240,250,250,250" step="2"/><U134/><E93/><V90/><F78/><W59/><G98/><T96/><D96/><U4/><E134/><V103/><F103/><W133/><G133/><T121/><D121/><U89/><E79/><V104/><F104/><W116/><G116/><T94/><D94/><U120/><E77/><V66/><F87/><W101/><G101/><T105/><D105/><U75/><E102/><V26/><F86/><W37/><G88/><T51/><D51/><U45/><E89/><V111/><F111/><W34/><G82/><T73/><D73/><U107/><E75/><V13/><F90/><W9/><G37/><T110/><D110/><U69/><E39/><V11/><F58/><W29/><G59/><T85/><D85/><U60/><E107/><V71/><F71/><W80/><G57/><T35/><D35/><U61/><E69/><V50/><F50/><W84/><G84/><T3/><D3/><U119/><E120/><V65/><N who="2" m="16896" /><DORA hai="74" /><V128/><F128/><W1/><G1/><T25/><D25/><U52/><N who="1" m="15872" /><DORA hai="24" /><U8/><E56/><RYUUKYOKU ba="0,1" sc="240,30,250,-10,250,-10,250,-10" hai0="12,14,17,18,23,44,49,54,81,83,124,125,127" /><INIT seed="0,1,1,3,1,133" ten="270,240,240,240" oya="0" hai0="63,123,64,29,21,108,117,48,79,87,12,99,6" hai1="54,1,70,9,47,109,27,120,116,60,52,82,91" hai2="42,118,112,41,18,49,67,33,0,73,134,129,132" hai3="102,83,93,45,81,131,92,110,8,2,114,32,51"/><T20/><D123/><U13/><E116/><V75/><F112/><W17/><G32/><T43/><D117/><U16/><E109/><V88/><F118/><W106/><G114/><T24/><D108/><U86/><E120/><V34/><F0/><W38/><G38/><T37/><D37/><U97/><E1/><V62/><F18/><W59/><G106/><T90/><D99/><U19/><E70/><V77/><F129/><W101/><G131/><T56/><D79/><U96/><E60/><V11/><F11/><W95/><G59/><T94/><D43/><U65/><E65/><V50/><F62/><W35/><G35/><T14/><D48/><N who="1" m="28703" /><E54/><V113/><F77/><W44/><G2/><T58/><D58/><U98/><E27/><V23/><F23/><W39/><G39/><T36/><D36/><U126/><E126/><V115/><F67/><W111/><G111/><T124/><D124/><U28/><E28/><V71/><REACH who="2" step="1"/><F88/><REACH who="2" ten="270,240,230,240" step="2"/><W125/><G110/><T31/><D6/><AGARI ba="1,2" hai="6,9,13,16,19,82,86,91,96,97,98" m="28703" machi="6" ten="30,3900,0" yaku="8,1,54,2" doraHai="133" who="1" fromWho="0" sc="270,-42,240,62,230,0,240,0" /><INIT seed="1,0,0,1,2,45" ten="228,302,230,240" oya="1" hai0="87,13,76,85,88,113,55,23,83,38,127,31,14" hai1="47,66,95,21,112,79,33,81,54,48,114,70,49" hai2="98,28,3,100,101,117,52,91,17,16,2,4,110" hai3="115,135,131,132,9,24,22,56,26,134,43,103,75"/><U1/><E33/><V73/><F73/><W19/><G75/><T30/><D113/><U109/><E1/><V20/><F117/><W92/><G115/><T130/><D38/><U104/><E104/><V37/><F37/><W36/><G43/><T58/><D130/><U122/><E122/><V80/><F110/><W42/><G42/><T8/><D127/><U96/><E109/><V108/><F108/><W51/><G36/><T65/><D65/><U125/><E125/><V119/><F28/><W72/><G72/><T67/><D67/><U78/><E66/><V39/><F39/><W32/><G9/><T57/><D57/><N who="1" m="32967" /><E81/><V60/><F119/><W64/><G131/><T121/><D121/><U129/><E70/><V29/><F4/><W128/><G128/><T94/><D14/><U89/><E129/><V126/><F126/><W71/><G71/><T133/><D23/><U63/><E63/><V41/><F2/><W12/><G32/><T0/><D0/><U69/><E69/><V97/><F3/><W77/><G64/><T124/><D124/><U84/><E96/><V68/><F68/><W123/><G123/><T105/><D105/><U18/><E114/><V61/><F20/><W44/><G134/><T111/><D133/><U99/><E99/><V86/><F97/><W27/><G132/><T10/><D10/><U35/><E35/><V15/><F61/><W53/><G135/><T46/><D46/><U34/><E34/><V93/><F60/><W106/><G44/><T7/><D111/><U40/><E112/><V59/><F98/><N who="3" m="59847" /><G106/><T5/><D5/><RYUUKYOKU ba="0,0" sc="228,10,302,10,230,-30,240,10" hai0="7,8,13,30,31,55,58,76,83,85,87,88,94" hai1="18,21,40,47,49,78,79,84,89,95" hai3="12,19,22,24,26,27,51,53,56,77" /><INIT seed="1,1,0,4,2,98" ten="238,312,200,250" oya="1" hai0="92,12,108,66,45,3,30,13,123,94,20,128,57" hai1="80,14,109,4,43,19,111,129,65,23,74,60,131" hai2="127,132,53,2,82,16,50,44,93,77,106,89,38" hai3="22,104,76,91,79,102,71,26,70,10,119,90,31"/><U52/><E43/><V85/><F2/><W15/><G71/><T18/><D3/><U69/><E4/><V117/><F117/><W134/><G70/><T73/><D73/><U83/><E52/><V81/><F127/><W46/><G134/><T103/><D123/><U42/><E42/><V56/><F132/><W113/><G113/><T101/><D30/><U51/><E51/><V11/><F106/><W41/><G119/><T34/><D34/><U86/><E74/><V97/><F81/><N who="1" m="31305" /><E86/><V64/><F38/><W112/><G112/><T84/><D45/><U28/><E28/><V96/><F96/><W58/><G46/><T7/><D128/><AGARI ba="1,0" hai="14,19,23,60,65,69,109,111,128,129,131" m="31305" machi="128" ten="30,1500,0" yaku="19,1" doraHai="98" who="1" fromWho="0" sc="238,-18,312,18,200,0,250,0" /><INIT seed="1,2,0,1,5,18" ten="220,330,200,250" oya="1" hai0="65,39,63,134,24,17,102,80,120,58,21,70,66" hai1="113,117,37,93,68,51,118,111,23,6,45,4,28" hai2="48,67,35,5,9,101,107,60,25,116,112,27,133" hai3="125,121,126,29,99,98,124,3,132,97,13,91,75"/><U52/><E113/><V128/><F116/><W86/><G3/><T69/><D102/><U49/><E37/><V1/><F112/><W85/><G29/><T32/><D39/><U84/><E68/><V87/><F133/><W20/><G121/><T19/><D120/><U8/><E111/><V104/><F128/><W72/><G13/><T96/><D134/><U62/><E62/><V16/><F87/><N who="3" m="33291" /><G20/><T34/><D96/><N who="3" m="36969" /><G132/><T56/><D80/><U71/><E71/><V0/><F0/><W108/><G108/><T50/><D50/><U105/><E105/><V135/><F135/><W74/><N who="3" m="36977" /><W42/><DORA hai="53" /><G42/><T30/><D19/><U2/><E2/><V10/><F101/><W44/><G44/><T89/><D89/><AGARI ba="2,0" hai="72,74,75,89,91,124,125,126" m="36977,33291" machi="89" ten="50,8000,1" yaku="28,2,18,1,34,2" doraHai="18,53" who="3" fromWho="0" sc="220,-86,330,0,200,0,250,86" /><INIT seed="2,0,0,2,5,70" ten="134,330,200,336" oya="2" hai0="83,133,95,56,127,91,3,23,46,72,55,128,115" hai1="13,93,57,20,7,78,86,111,119,68,104,77,105" hai2="124,54,39,18,6,50,8,108,2,22,60,71,103" hai3="66,67,31,58,40,53,47,118,112,51,80,113,19"/><V107/><F124/><W73/><G31/><T121/><D127/><U65/><E111/><V101/><F107/><W62/><G19/><T79/><D115/><N who="3" m="44105" /><G73/><T100/><D3/><U84/><E68/><V41/><F108/><W123/><G80/><T110/><D110/><U92/><E119/><V122/><F122/><W129/><G123/><T74/><D100/><U12/><E20/><V98/><F98/><W94/><G94/><T117/><D121/><U97/><E57/><V59/><F39/><N who="3" m="21919" /><G129/><T109/><D109/><U26/><E7/><V24/><REACH who="2" step="1"/><F41/><REACH who="2" ten="134,330,190,336" step="2"/><W85/><G118/><T69/><D117/><U36/><E97/><V49/><F49/><W116/><G116/><T135/><D128/><U131/><E36/><V9/><F9/><W132/><G51/><T35/><D35/><U120/><E131/><V17/><F17/><W37/><G37/><T102/><D69/><U75/><E120/><V130/><F130/><W76/><G132/><N who="0" m="50763" /><D46/><U114/><E105/><V14/><F14/><W10/><G10/><T43/><D43/><U82/><E104/><V125/><F125/><W63/><G63/><N who="0" m="36255" /><D102/><U64/><E114/><V4/><F4/><W106/><G106/><T29/><D29/><U44/><E13/><V88/><F88/><W34/><G62/><T134/><N who="0" m="50771" /><T25/><DORA hai="33" /><D25/><U90/><E12/><V27/><F27/><W96/><G96/><N who="0" m="57471" /><D23/><U5/><E26/><V21/><F21/><W38/><G34/><T45/><D45/><U87/><E44/><V15/><F15/><W81/><G38/><T28/><D28/><U48/><E48/><RYUUKYOKU ba="0,1" sc="134,10,330,-30,190,10,336,10" hai0="72,74,79,83" hai2="2,6,8,18,22,24,50,54,59,60,71,101,103" hai3="53,58,66,67,76,81,85" /><INIT seed="2,1,1,5,2,67" ten="144,300,200,346" oya="2" hai0="120,75,41,85,68,40,83,3,117,45,62,39,89" hai1="14,2,79,58,90,61,123,100,118,92,24,103,9" hai2="97,42,127,21,0,59,87,20,46,93,74,31,132" hai3="70,22,65,8,130,69,18,28,47,30,73,94,16"/><V19/><F74/><W96/><G73/><T66/><D120/><U13/><E118/><V122/><F122/><W25/><G130/><T116/><D3/><U126/><E126/><V111/><F0/><W124/><G124/><T102/><D102/><U135/><E135/><V91/><F132/><W53/><G65/><T106/><D106/><U125/><E2/><V81/><F127/><W15/><G69/><T115/><D115/><U131/><E131/><V7/><F7/><W121/><G70/><T109/><D109/><U129/><E129/><V51/><F111/><W72/><G72/><T88/><D75/><U84/><E79/><V114/><F114/><W99/><G99/><T1/><D1/><U50/><E50/><V128/><F128/><W38/><G38/><T35/><D35/><U36/><E36/><V63/><F31/><W64/><G64/><T26/><D26/><U80/><E80/><V95/><F95/><W71/><G71/><T17/><D41/><U55/><E123/><V52/><REACH who="2" step="1"/><F19/><REACH who="2" ten="144,300,190,346" step="2"/><W105/><G121/><T10/><D17/><N who="1" m="8367" /><E92/><V44/><F44/><W48/><G105/><T98/><D10/><U32/><E125/><V33/><F33/><W119/><G119/><N who="0" m="45643" /><D98/><U112/><E32/><V54/><F54/><W57/><G47/><T133/><D133/><U110/><E55/><V49/><F49/><W12/><G25/><T11/><D11/><U76/><E24/><V113/><F113/><W134/><G134/><T5/><D5/><U29/><E112/><V107/><F107/><W86/><G96/><T37/><D37/><U77/><E110/><RYUUKYOKU ba="1,2" sc="144,10,300,-30,190,10,346,10" hai0="39,40,45,62,66,68,83,85,88,89" hai2="20,21,42,46,51,52,59,63,81,87,91,93,97" hai3="8,12,15,16,18,22,28,30,48,53,57,86,94" /><INIT seed="2,2,2,3,3,48" ten="154,270,200,356" oya="2" hai0="42,82,47,46,66,41,19,52,106,102,89,101,58" hai1="115,96,116,127,117,43,68,126,27,90,78,87,9" hai2="5,92,118,64,51,45,12,105,70,119,109,4,1" hai3="16,33,7,95,53,104,112,103,34,18,135,67,81"/><V39/><F39/><W131/><G104/><T79/><D66/><U37/><E68/><V56/><F105/><W125/><G18/><T40/><D89/><U86/><E27/><V44/><F1/><W17/><G125/><N who="1" m="47626" /><E9/><V73/><F73/><W59/><G67/><T110/><D110/><U15/><E15/><V23/><F109/><W36/><G36/><T132/><D132/><U55/><E96/><V54/><F119/><W30/><G30/><T121/><D121/><U80/><E115/><V129/><F129/><W49/><G34/><T123/><D123/><U72/><E86/><V10/><F118/><W88/><G33/><T0/><D0/><U35/><E35/><V26/><F4/><W20/><G135/><T130/><D130/><U32/><E32/><V3/><F3/><W50/><G7/><T2/><D2/><U62/><E43/><V97/><F64/><W98/><G20/><T133/><D133/><U11/><E11/><V21/><F70/><W6/><G6/><T22/><D106/><U25/><E25/><V38/><F38/><W63/><G131/><T75/><D102/><U107/><E107/><V120/><F120/><W71/><G71/><T94/><D94/><N who="1" m="54623" /><E37/><V91/><F23/><W13/><G112/><T65/><D65/><U29/><E29/><AGARI ba="2,2" hai="5,10,12,21,26,29,44,45,51,54,56,91,92,97" machi="29" ten="30,5800,0" yaku="7,1,8,1,52,1" doraHai="48" who="2" fromWho="1" sc="154,0,270,-64,200,84,356,0" /><INIT seed="2,3,0,2,2,95" ten="154,206,284,356" oya="2" hai0="76,73,17,72,35,27,33,25,85,36,101,89,45" hai1="40,117,123,91,49,7,125,39,3,58,5,57,11" hai2="63,61,81,122,78,66,132,8,119,107,32,99,112" hai3="48,24,135,102,34,68,113,29,59,15,9,54,47"/><V71/><F119/><W109/><G68/><T126/><D101/><U116/><E125/><V12/><F112/><W28/><G28/><T13/><D126/><U60/><E7/><V103/><F122/><W118/><G118/><T10/><D76/><U93/><E39/><V69/><F32/><W41/><G109/><T134/><D134/><U79/><E79/><V100/><F132/><W104/><G135/><T38/><D38/><U105/><E105/><V0/><F103/><W56/><G113/><T50/><D36/><U1/><E1/><V121/><F121/><W130/><G130/><T120/><D120/><U62/><E123/><V37/><F37/><W82/><G82/><T46/><D46/><U114/><E114/><V6/><F12/><W74/><G74/><T21/><D27/><U14/><E3/><V128/><F128/><W31/><G31/><T2/><D35/><U86/><E49/><V44/><F44/><W26/><G26/><T133/><D133/><U92/><E40/><V77/><REACH who="2" step="1"/><F81/><REACH who="2" ten="154,206,274,356" step="2"/><W80/><G80/><T64/><D64/><AGARI ba="3,1" hai="0,6,8,61,63,64,66,69,71,77,78,99,100,107" machi="64" ten="40,12000,1" yaku="1,1,2,1,9,1,52,1,53,0" doraHai="95" doraHaiUra="18" who="2" fromWho="0" sc="154,-129,206,0,274,139,356,0" /><INIT seed="2,4,0,3,0,46" ten="25,206,413,356" oya="2" hai0="107,74,88,47,25,16,75,10,42,131,82,100,8" hai1="33,84,134,125,31,93,37,59,72,70,58,121,64" hai2="6,0,129,53,11,48,5,27,101,77,124,32,133" hai3="91,79,36,56,78,118,38,40,49,89,116,83,119"/><V114/><F114/><W130/><G130/><T1/><D131/><U61/><E72/><V21/><F129/><W20/><G20/><T43/><D43/><U14/><E37/><V35/><F124/><W17/><G17/><T85/><D107/><U34/><E125/><V135/><F77/><W9/><G9/><T81/><D100/><U23/><E134/><N who="2" m="51211" /><F101/><W112/><G112/><T54/><D54/><U126/><E126/><V45/><F6/><W108/><G108/><T26/><D26/><U71/><E121/><V109/><F109/><W73/><G79/><T69/><D69/><U39/><E39/><V115/><F115/><W67/><G36/><T80/><D8/><U51/><E31/><AGARI ba="4,0" hai="0,5,11,21,27,31,32,35,45,48,53" m="51211" machi="31" ten="30,2900,0" yaku="20,1,52,1" doraHai="46" who="2" fromWho="1" sc="25,0,206,-41,413,41,356,0" /><INIT seed="2,5,0,0,3,3" ten="25,165,454,356" oya="2" hai0="104,106,135,11,97,28,56,66,5,14,115,16,25" hai1="31,114,107,43,30,17,10,29,67,105,95,0,79" hai2="15,96,12,89,21,118,133,124,62,38,24,72,84" hai3="80,52,37,45,2,44,116,94,63,77,121,82,125"/><V117/><F72/><W54/><G121/><T130/><D115/><U65/><E114/><V132/><F38/><W112/><G116/><T60/><D135/><N who="2" m="51786" /><F96/><W76/><G125/><T8/><D130/><U33/><E33/><V113/><F113/><W101/><G2/><T35/><REACH who="0" step="1"/><D97/><REACH who="0" ten="15,165,454,356" step="2"/><U78/><E31/><V58/><F118/><W90/><G112/><T103/><D103/><U36/><E30/><N who="2" m="17679" /><F117/><W23/><G101/><T49/><D49/><U69/><E29/><V100/><F100/><W9/><G37/><T122/><D122/><U83/><E36/><V19/><F124/><W41/><G63/><T39/><D39/><U128/><E128/><V42/><F42/><W70/><G41/><T59/><D59/><U109/><E43/><V32/><F32/><W134/><G134/><T20/><D20/><U40/><E40/><V129/><F129/><W55/><G23/><T119/><D119/><U86/><E69/><V111/><F111/><W126/><G70/><T1/><AGARI ba="5,1" hai="1,5,8,11,14,16,25,28,35,56,60,66,104,106" machi="1" ten="20,8000,1" yaku="1,1,0,1,7,1,52,1,54,1,53,0" doraHai="3" doraHaiUra="47" who="0" fromWho="0" sc="15,105,165,-25,454,-45,356,-25" /><INIT seed="3,0,0,3,5,121" ten="120,140,409,331" oya="3" hai0="24,64,86,58,7,127,105,122,91,72,67,134,71" hai1="75,61,23,88,5,103,53,70,94,92,48,57,126" hai2="83,60,73,128,63,42,28,37,77,65,66,21,125" hai3="97,47,46,132,90,16,12,80,39,111,107,74,35"/><W31/><G31/><T117/><D122/><U110/><E75/><V130/><F125/><W33/><G107/><T76/><D71/><U44/><E110/><V82/><F82/><W120/><G120/><T38/><D127/><U43/><E126/><V8/><F8/><W20/><G132/><T3/><D38/><U135/><E135/><V29/><F42/><W87/><G74/><T79/><D134/><U93/><E70/><N who="2" m="42279" /><F21/><W26/><G97/><T106/><D117/><U81/><E5/><V62/><F62/><W9/><G111/><T51/><D76/><U11/><E11/><V85/><F85/><W100/><G100/><T52/><D72/><U1/><E1/><V50/><F50/><W113/><G113/><T104/><D79/><U27/><E103/><V15/><F15/><W19/><G39/><T95/><D3/><U6/><E6/><V49/><F49/><W59/><REACH who="3" step="1"/><G59/><REACH who="3" ten="120,140,409,321" step="2"/><T115/><D115/><U124/><E124/><V32/><F37/><W131/><G131/><N who="2" m="50217" /><F32/><AGARI ba="0,1" hai="9,12,16,19,20,26,32,33,35,46,47,80,87,90" machi="32" ten="40,3900,0" yaku="1,1,54,1,53,0" doraHai="121" doraHaiUra="36" who="3" fromWho="2" sc="120,0,140,0,409,-39,321,49" /><INIT seed="3,1,0,1,5,55" ten="120,140,370,370" oya="3" hai0="13,44,133,57,87,126,98,8,47,36,67,23,70" hai1="90,112,9,132,2,110,128,118,16,107,39,91,62" hai2="120,74,24,31,131,0,41,104,59,101,105,27,68" hai3="50,33,65,26,109,35,124,95,114,88,113,85,93"/><W99/><G124/><T86/><D70/><U4/><E112/><V115/><F115/><W97/><G109/><T17/><D126/><U46/><E107/><V129/><F68/><W63/><G85/><T45/><D36/><U119/><E110/><V15/><F0/><W83/><G83/><T71/><D71/><U18/><E132/><V106/><F74/><W48/><G65/><T61/><D133/><U130/><E62/><V38/><F120/><W32/><G63/><T3/><D3/><U54/><E91/><V79/><F79/><W14/><G14/><T34/><D34/><U43/><E90/><V42/><F15/><W66/><G66/><T52/><D98/><U127/><E54/><V103/><F59/><W11/><G11/><T12/><REACH who="0" step="1"/><D67/><REACH who="0" ten="110,140,370,370" step="2"/><U122/><E127/><V37/><F105/><W56/><G113/><T77/><D77/><U117/><E122/><V1/><F1/><W96/><G114/><T72/><D72/><U82/><E82/><V123/><F123/><W6/><G97/><T29/><D29/><AGARI ba="1,1" hai="24,27,29,31,37,38,41,42,101,103,104,106,129,131" machi="29" ten="25,1600,0" yaku="22,2" doraHai="55" who="2" fromWho="0" sc="110,-19,140,0,370,29,370,0" owari="91,-41.0,140,-26.0,399,50.0,370,17.0" /></mjloggm>