<mjloggm ver="2.3"><GO type="97" lobby="0"/><UN n0="%E3%82%A6%E3%83%AB%E3%83%88%E3%83%A9%E7%AB%8B%E7%9B%B4" n1="%E3%81%82%E3%81%8B%E3%81%BD%E3%81%A1" n2="%E2%99%AA%E3%83%89%E3%83%B3%E3%82%B8%E3%83%A3%E3%83%A9%E2%99%AA" n3="%68%61%6E%79%75" dan="15,13,14,14" rate="2072.97,1868.28,1859.34,1877.20" sx="M,M,M,M"/><TAIKYOKU oya="0"/><INIT seed="0,0,0,5,5,41" ten="250,250,250,250" oya="0" hai0="49,105,91,66,14,58,68,25,5,104,44,65,7" hai1="6,57,46,15,20,95,77,82,114,81,93,43,54" hai2="37,90,128,96,120,18,0,9,84,110,62,88,102" hai3="113,83,126,61,29,101,8,106,63,31,17,92,47"/><T111/><D68/><U33/><E33/><V26/><F120/><W118/><G113/><T133/><D133/><U23/><E114/><V123/><F37/><W122/><G118/><T115/><D115/><U32/><E32/><V127/><F123/><W56/><G106/><T35/><D35/><U121/><E121/><V4/><F110/><W129/><G122/><T50/><D111/><U67/><E67/><V39/><F39/><W11/><G126/><T70/><D70/><U24/><E82/><V112/><F112/><W55/><G129/><T34/><D34/><U119/><E119/><V103/><F127/><W3/><G83/><T130/><D130/><U52/><E54/><V124/><F128/><W28/><G3/><T132/><D132/><U42/><E42/><V86/><F124/><W69/><G69/><T59/><D91/><U135/><E135/><V134/><F62/><W10/><G47/><T131/><D14/><U116/><E116/><V2/><F134/><W27/><G63/><T12/><D12/><U13/><E13/><V100/><F0/><W80/><G80/><T36/><D36/><U99/><E15/><V30/><F18/><W97/><G17/><T21/><D131/><U73/><E6/><V98/><F98/><W107/><G107/><T117/><D117/><U51/><E24/><AGARI ba="0,0" hai="8,10,11,24,27,28,29,31,55,56,61,92,97,101" machi="24" ten="40,1300,0" yaku="8,1" doraHai="41" who="3" fromWho="1" sc="250,0,250,-13,250,0,250,13" /><INIT seed="1,0,0,4,0,50" ten="250,237,250,263" oya="1" hai0="65,110,38,40,19,129,120,135,17,102,114,34,31" hai1="77,7,22,66,93,49,41,82,123,127,84,56,43" hai2="12,95,94,42,80,108,37,53,85,39,36,117,30" hai3="131,86,132,10,3,27,2,45,29,106,15,14,47"/><U23/><E123/><V103/><F117/><W8/><G106/><T62/><D19/><U118/><E118/><V60/><F108/><W119/><G119/><T44/><D17/><U4/><E127/><V20/><F42/><N who="1" m="15881" /><E93/><V111/><F111/><W28/><G86/><T92/><D110/><U79/><E79/><V58/><F103/><W97/><G97/><T63/><D92/><U13/><E13/><V0/><F0/><W18/><G132/><T51/><D102/><U100/><E100/><V98/><F98/><W55/><G18/><T54/><D31/><U25/><E25/><V74/><F74/><W11/><G11/><T89/><D34/><U69/><E69/><V46/><F46/><W88/><G131/><T134/><D89/><U32/><E32/><V125/><F125/><W124/><G124/><T76/><D76/><U107/><E107/><V52/><F12/><W99/><G99/><T81/><D81/><U109/><E109/><V96/><F20/><N who="1" m="7721" /><E49/><V90/><F30/><W126/><G126/><T24/><D24/><U48/><E48/><V73/><F73/><W101/><G27/><T33/><D33/><U78/><E78/><V70/><F70/><W128/><G101/><T71/><D120/><U130/><E130/><V75/><F75/><W122/><G128/><T16/><D129/><U91/><E91/><N who="2" m="55391" /><F95/><W9/><G122/><T1/><D16/><U112/><E112/><V59/><F36/><W115/><G115/><T116/><D114/><U72/><E72/><V133/><F133/><N who="0" m="50698" /><D116/><U83/><E83/><V6/><F6/><W68/><G2/><RYUUKYOKU ba="0,0" sc="250,-15,237,15,250,15,263,-15" hai1="4,7,56,66,77,82,84" hai2="37,39,52,53,58,59,60,80,85,90" /><INIT seed="1,1,0,4,3,120" ten="235,252,265,248" oya="1" hai0="78,59,21,134,28,103,83,79,95,14,85,1,15" hai1="66,65,127,72,12,25,109,121,82,17,57,49,75" hai2="53,128,73,39,68,71,61,54,131,27,51,86,87" hai3="107,90,7,58,56,94,133,23,22,16,81,119,48"/><U43/><E121/><V29/><F73/><W18/><G107/><T97/><D1/><U105/><E105/><V114/><F39/><W32/><G32/><T37/><D37/><U93/><E127/><V98/><F98/><W5/><G133/><T76/><D134/><U67/><E25/><V116/><F116/><W60/><G119/><T92/><D92/><U100/><E82/><V74/><F74/><W24/><G81/><T84/><D84/><U20/><E109/><V101/><F101/><W3/><G48/><T8/><D59/><N who="3" m="22569" /><G60/><T70/><D70/><U104/><E104/><V35/><F114/><W102/><G102/><T9/><D21/><U64/><N who="1" m="16896" /><DORA hai="45" /><U34/><E34/><V96/><F96/><N who="3" m="57431" /><G3/><T13/><REACH who="0" step="1"/><D28/><REACH who="0" ten="225,252,265,248" step="2"/><U77/><E77/><AGARI ba="1,1" hai="8,9,13,14,15,76,77,78,79,83,85,95,97,103" machi="77" ten="40,5200,0" yaku="1,1,2,1,8,1,53,0" doraHai="120,45" doraHaiUra="122,42" who="0" fromWho="1" sc="225,65,252,-55,265,0,248,0" /><INIT seed="2,0,0,2,2,18" ten="290,197,265,248" oya="2" hai0="78,94,16,96,40,82,115,114,128,57,106,104,93" hai1="76,116,7,24,81,101,126,5,127,112,79,119,130" hai2="33,97,15,133,44,41,26,35,73,108,51,110,59" hai3="102,67,39,25,131,55,103,72,2,113,129,111,135"/><V95/><F73/><W122/><G67/><T100/><D40/><U105/><E112/><N who="0" m="43049" /><D57/><U54/><E130/><N who="3" m="49674" /><G113/><T80/><D16/><U43/><E43/><V9/><F133/><W120/><G111/><N who="2" m="42537" /><F59/><W60/><G39/><T62/><D62/><U85/><E76/><V46/><F46/><W45/><G135/><T74/><D128/><U124/><E54/><V121/><F26/><W86/><G72/><N who="0" m="43079" /><D94/><U47/><E47/><V61/><F61/><W49/><G2/><T69/><D69/><U125/><N who="1" m="32256" /><DORA hai="27" /><U38/><E38/><V52/><F41/><W30/><G60/><T99/><D99/><U53/><E53/><V36/><F36/><W90/><G25/><T83/><D74/><U88/><E24/><V58/><F44/><W42/><G42/><T134/><D134/><U8/><E8/><V118/><F121/><N who="3" m="46699" /><G30/><T22/><D82/><AGARI ba="0,0" hai="45,49,55,82,86,90,102,103" m="46699,49674" machi="82" ten="30,1000,0" yaku="19,1" doraHai="18,27" who="3" fromWho="0" sc="290,-10,197,0,265,0,248,10" /><INIT seed="3,0,0,4,1,24" ten="280,197,265,258" oya="3" hai0="122,113,123,126,117,25,132,52,1,4,95,17,5" hai1="38,63,39,10,80,44,42,64,55,56,2,71,15" hai2="89,74,21,34,100,68,23,66,6,20,11,96,75" hai3="79,33,131,108,85,86,30,103,43,26,99,57,16"/><W135/><G135/><T29/><D95/><U129/><E129/><V98/><F34/><W49/><G131/><T36/><D52/><U47/><E2/><V88/><F66/><W83/><G108/><T12/><D36/><U28/><E80/><V102/><F68/><W60/><G86/><T114/><D126/><U125/><E125/><V92/><F75/><W77/><G77/><T32/><D132/><U61/><E28/><V78/><F78/><W35/><G35/><T62/><D62/><N who="1" m="40343" /><E15/><V31/><F31/><W70/><G70/><T8/><D117/><U41/><E10/><V45/><F45/><N who="1" m="17481" /><E63/><V40/><F40/><AGARI ba="0,0" hai="38,39,40,41,42,55,56,61" m="17481,40343" machi="40" ten="30,8000,1" yaku="35,5" doraHai="24" who="1" fromWho="2" sc="280,0,197,80,265,-80,258,0" /><INIT seed="4,0,0,5,3,8" ten="280,277,185,258" oya="0" hai0="25,135,30,66,44,121,4,102,107,71,31,111,37" hai1="117,131,23,59,88,123,9,43,134,33,89,83,109" hai2="80,69,79,65,75,13,32,5,76,96,3,130,110" hai3="20,74,22,72,54,60,112,115,98,53,57,16,108"/><T100/><D121/><U85/><E33/><V41/><F110/><W119/><G108/><T114/><D114/><N who="3" m="43561" /><G119/><T46/><D111/><U104/><E109/><V92/><F32/><W29/><G98/><T11/><D135/><U61/><E117/><V86/><F3/><W45/><G45/><T90/><D66/><U99/><E134/><V34/><F130/><W21/><G54/><T116/><D71/><U133/><E133/><V103/><F34/><W120/><G120/><T39/><D107/><U15/><E43/><V56/><F41/><W1/><G1/><T2/><D116/><U106/><E131/><V87/><F69/><W19/><G29/><T12/><D2/><U68/><E68/><V78/><F75/><AGARI ba="0,0" hai="16,19,20,21,22,53,57,60,72,74,75" m="43561" machi="75" ten="40,2600,0" yaku="15,1,54,1" doraHai="8" who="3" fromWho="2" sc="280,0,277,0,185,-26,258,26" /><INIT seed="5,0,0,1,5,42" ten="280,277,159,284" oya="1" hai0="9,126,23,5,79,101,52,122,80,59,22,26,48" hai1="112,66,72,44,19,12,107,28,134,62,78,76,25" hai2="39,32,65,40,117,74,124,67,120,4,47,21,131" hai3="68,129,95,37,0,35,84,41,94,115,8,110,133"/><U121/><E121/><V75/><F120/><W109/><G84/><T73/><D122/><U108/><E107/><V97/><F117/><W54/><G54/><T53/><D126/><U123/><E123/><V18/><F32/><W38/><G115/><T92/><D101/><U1/><E1/><V56/><F124/><W104/><G104/><T43/><D43/><U33/><E112/><V103/><F131/><W57/><G35/><T36/><D36/><U113/><E113/><V20/><F4/><W58/><G133/><T100/><D26/><U2/><E2/><V119/><F119/><W125/><G0/><T29/><D29/><U27/><E27/><V15/><F21/><W69/><G41/><T49/><D92/><U90/><E134/><V61/><REACH who="2" step="1"/><F67/><REACH who="2" ten="280,277,149,284" step="2"/><W63/><G125/><T99/><D5/><U85/><E108/><V6/><F6/><W31/><G129/><T64/><D64/><U77/><E72/><V89/><F89/><W93/><G109/><T111/><D111/><U98/><E66/><V60/><F60/><W96/><G63/><T82/><D23/><U91/><E62/><V87/><F87/><W30/><G110/><T34/><D22/><U13/><E85/><V45/><F45/><W128/><G128/><T102/><D34/><U70/><E44/><V118/><F118/><W10/><G96/><T71/><D99/><U17/><E98/><V55/><F55/><W7/><G7/><T106/><D53/><U105/><E91/><V88/><F88/><W83/><G38/><T127/><D52/><U50/><E90/><V132/><F132/><RYUUKYOKU ba="0,1" sc="280,-10,277,-10,149,30,284,-10" hai2="15,18,20,39,40,47,56,61,65,74,75,97,103" /><INIT seed="6,1,1,1,0,36" ten="270,267,179,274" oya="2" hai0="100,53,134,109,93,67,83,39,131,13,44,99,6" hai1="24,128,87,82,41,106,9,5,43,50,55,81,62" hai2="98,0,48,38,85,111,129,97,77,40,92,113,110" hai3="114,18,88,23,74,15,101,78,11,45,61,17,14"/><V117/><F0/><W91/><G101/><T124/><D109/><N who="2" m="41482" /><F117/><W121/><G121/><T29/><D124/><U76/><E106/><V59/><F38/><W112/><G74/><T1/><D1/><U95/><E128/><V28/><F28/><W7/><G78/><T19/><D131/><U42/><E62/><V125/><F125/><W86/><G61/><T20/><D134/><U89/><E24/><V58/><F129/><W25/><G45/><T119/><D67/><U31/><E31/><V116/><F116/><W133/><G133/><T63/><D6/><U16/><E16/><V46/><F113/><N who="3" m="43627" /><G86/><T120/><D120/><U90/><E82/><N who="2" m="47311" /><F98/><W135/><G135/><T8/><D119/><U104/><E104/><V22/><F22/><AGARI ba="1,1" hai="7,11,14,15,17,18,22,23,25,88,91" m="43627" machi="22" ten="30,3900,0" yaku="15,1,11,1,54,1" doraHai="36" who="3" fromWho="2" sc="270,0,267,0,179,-42,274,52" owari="270,7.0,267,-13.0,137,-36.0,326,42.0" /></mjloggm>