<mjloggm ver="2.3"><GO type="97" lobby="0"/><UN n0="%E3%81%82%E3%81%92%E3%81%8E%E3%82%87%E3%81%86%E3%81%96" n1="%E3%81%B5%E3%82%8C%E3%81%82%E3%82%93" n2="%E7%8B%AC%E9%80%B8%E4%B9%8B%E9%9B%A8%E8%9B%99" n3="%E3%82%A6%E3%83%AB%E3%83%88%E3%83%A9%E7%AB%8B%E7%9B%B4" dan="13,14,13,15" rate="1887.19,1945.13,1821.43,2001.19" sx="M,M,M,M"/><TAIKYOKU oya="0"/><INIT seed="0,0,0,1,3,91" ten="250,250,250,250" oya="0" hai0="89,39,118,42,10,111,49,11,29,107,122,77,126" hai1="76,81,40,6,31,13,121,54,101,32,80,51,114" hai2="132,73,97,87,108,85,78,1,48,99,124,117,36" hai3="35,100,25,21,68,102,103,12,4,27,58,7,45"/><T30/><D122/><U18/><E31/><V63/><F1/><W50/><G68/><T109/><D118/><U93/><E32/><V110/><F36/><W95/><G35/><T61/><D107/><U92/><E121/><V127/><F63/><W116/><G58/><T79/><D39/><U20/><E114/><V82/><F48/><W8/><G116/><T69/><D126/><N who="2" m="48170" /><F117/><W130/><G130/><T64/><D49/><U59/><E101/><V74/><F132/><W15/><G95/><N who="1" m="36426" /><E76/><N who="0" m="29257" /><D42/><U65/><E6/><V23/><F23/><W106/><G106/><T105/><D105/><U26/><E26/><V55/><F55/><N who="3" m="30159" /><G21/><T112/><D89/><U75/><E75/><N who="2" m="28683" /><F85/><W104/><G104/><T43/><D43/><U24/><E24/><V9/><F9/><AGARI ba="0,0" hai="4,7,8,9,12,15,25,27,100,102,103" m="30159" machi="9" ten="30,1000,0" yaku="8,1" doraHai="91" who="3" fromWho="2" sc="250,0,250,0,250,-10,250,10" /><INIT seed="1,0,0,5,0,91" ten="250,250,240,260" oya="1" hai0="94,100,81,105,10,114,57,4,54,40,124,78,117" hai1="77,46,67,79,70,32,28,53,92,132,83,12,101" hai2="109,72,118,82,41,102,29,125,68,6,23,88,56" hai3="11,104,74,24,93,22,107,89,13,25,119,97,65"/><U85/><E67/><V111/><F118/><W86/><G74/><T9/><D114/><U37/><E70/><V2/><F68/><W48/><G119/><T110/><D117/><U121/><E28/><V14/><F2/><W42/><G65/><T7/><D110/><N who="2" m="41994" /><F102/><W60/><G60/><T5/><D105/><U135/><E32/><V96/><F41/><W15/><G104/><T126/><D40/><U58/><E121/><V50/><F125/><N who="0" m="48234" /><D81/><U106/><E106/><V66/><F66/><W134/><G134/><N who="1" m="51242" /><E46/><V120/><F120/><W127/><G127/><T63/><D78/><N who="1" m="46327" /><E37/><V44/><F29/><W45/><G107/><T47/><D47/><U113/><E12/><V73/><F56/><W21/><G15/><T43/><D43/><U80/><E80/><V38/><F38/><W31/><G31/><T133/><D133/><U61/><E113/><V16/><F82/><W122/><G122/><T34/><D34/><U33/><E33/><V84/><F6/><W99/><G24/><T129/><D129/><U90/><E101/><V8/><F73/><W59/><G59/><T131/><D131/><U108/><E108/><V123/><F72/><W49/><G25/><T30/><D30/><U19/><E19/><V71/><F123/><W18/><G45/><T39/><D39/><U103/><E103/><V26/><F71/><W116/><G116/><T35/><D35/><U115/><E115/><V62/><F44/><W75/><G75/><T76/><D76/><U64/><E64/><V51/><F14/><W20/><G42/><T95/><D100/><U87/><AGARI ba="0,0" hai="53,58,61,77,79,87,90,92" m="46327,51242" machi="87" ten="30,6000,0" yaku="5,1,20,1,52,1" doraHai="91" who="1" fromWho="1" sc="250,-20,250,60,240,-20,260,-20" /><INIT seed="1,1,0,0,2,112" ten="230,310,220,240" oya="1" hai0="36,105,134,38,68,21,22,1,82,114,12,13,92" hai1="131,128,53,117,109,103,67,80,33,23,89,129,121" hai2="86,25,15,40,17,31,130,65,71,34,56,93,99" hai3="104,27,6,96,133,75,73,45,135,42,4,20,29"/><U94/><E33/><V28/><F130/><W51/><G6/><T8/><D114/><U118/><E67/><V14/><F71/><W39/><G4/><T66/><D105/><U110/><E23/><V43/><F86/><W60/><G51/><T48/><D134/><N who="3" m="51209" /><G60/><T18/><D68/><U5/><E53/><V88/><F28/><W0/><G0/><T100/><D66/><U76/><E5/><V46/><F46/><W107/><G104/><T72/><D48/><U64/><E64/><V54/><F65/><W106/><G106/><T125/><D1/><U49/><E49/><V84/><F14/><W132/><N who="3" m="51217" /><W126/><DORA hai="59" /><G126/><T78/><D125/><U26/><E26/><V11/><REACH who="2" step="1"/><F99/><REACH who="2" ten="230,310,210,240" step="2"/><W116/><G96/><T9/><D38/><U124/><E124/><V24/><F24/><W50/><G39/><T79/><D36/><U57/><E57/><V2/><F2/><W122/><G27/><T3/><D3/><U19/><E121/><V111/><F111/><N who="1" m="42505" /><E19/><V108/><F108/><W52/><G122/><T10/><D72/><N who="1" m="43015" /><E103/><V69/><F69/><W41/><G29/><T47/><D47/><U30/><E30/><V70/><F70/><W83/><G45/><T61/><D13/><U85/><AGARI ba="1,1" hai="85,89,94,117,118,128,129,131" m="43015,42505" machi="85" ten="40,18000,2" yaku="19,1,14,1,10,1,34,2,52,2" doraHai="112,59" who="1" fromWho="1" sc="230,-61,310,193,210,-61,240,-61" /><INIT seed="1,2,0,2,5,76" ten="169,503,149,179" oya="1" hai0="35,91,89,100,15,55,88,60,133,45,96,113,54" hai1="70,73,116,87,51,67,95,92,118,97,107,78,18" hai2="46,19,63,3,108,102,42,30,24,32,13,25,21" hai3="93,77,50,28,9,130,112,123,27,104,103,127,90"/><U75/><E67/><V82/><F3/><W37/><G37/><T83/><D113/><U68/><E18/><V2/><F2/><W26/><G123/><T11/><D35/><U114/><E51/><V17/><F108/><W134/><G112/><T111/><D111/><U29/><E114/><V125/><F102/><W4/><G103/><T0/><D0/><U86/><E29/><V101/><F125/><W128/><G104/><T124/><D124/><U120/><E68/><V6/><F101/><W14/><G127/><T22/><D22/><U135/><E70/><V106/><F106/><W23/><G134/><T105/><D133/><U5/><E5/><V109/><F109/><W115/><G115/><T7/><D60/><U53/><E53/><V47/><F6/><W131/><G50/><T61/><D61/><U72/><E135/><V40/><F63/><W99/><G27/><T94/><D105/><U10/><E10/><V98/><F98/><W33/><G77/><T1/><D1/><U122/><E107/><V80/><F32/><AGARI ba="2,0" hai="4,9,14,23,26,28,32,33,90,93,99,128,130,131" machi="32" ten="40,1300,0" yaku="19,1" doraHai="76" who="3" fromWho="2" sc="169,0,503,0,149,-19,179,19" /><INIT seed="2,0,0,3,3,69" ten="169,503,130,198" oya="2" hai0="1,116,89,20,90,117,75,110,125,45,49,73,104" hai1="5,9,56,48,131,46,85,71,98,43,25,109,40" hai2="4,128,23,79,12,62,34,11,87,35,122,91,61" hai3="22,32,77,108,15,133,10,60,18,92,135,134,114"/><V107/><F122/><W14/><G77/><T30/><D1/><U126/><E71/><V81/><F107/><W52/><G32/><T100/><D110/><U66/><E109/><V99/><F128/><W78/><G108/><T55/><D125/><U8/><E126/><V96/><F35/><W94/><G78/><T64/><D64/><U31/><E131/><V51/><F34/><W106/><G106/><T6/><D6/><U121/><E121/><V103/><F79/><W54/><G114/><T70/><D70/><U119/><E119/><N who="0" m="45641" /><D100/><U130/><E130/><V50/><F23/><W16/><G60/><N who="2" m="23145" /><F103/><W41/><G41/><T28/><D104/><U124/><E124/><V13/><F13/><W24/><G24/><N who="0" m="16391" /><D30/><U17/><E43/><V127/><F127/><W83/><G83/><T63/><D63/><U57/><E66/><V95/><F95/><AGARI ba="0,0" hai="10,14,15,16,18,22,52,54,92,94,95,133,134,135" machi="95" ten="40,5200,0" yaku="20,1,54,2" doraHai="69" who="3" fromWho="2" sc="169,0,503,0,130,-52,198,52" /><INIT seed="3,0,0,2,5,78" ten="169,503,78,250" oya="3" hai0="123,102,30,122,37,2,21,42,15,83,87,50,72" hai1="36,134,109,105,111,115,116,117,54,126,3,63,114" hai2="69,33,43,24,93,86,61,121,53,23,99,59,26" hai3="73,8,108,106,96,56,85,67,38,48,104,130,19"/><W5/><G38/><T46/><D102/><U13/><E3/><V1/><F121/><W49/><G73/><T77/><D2/><U88/><E105/><V127/><F1/><W133/><G133/><T84/><D37/><U79/><E13/><V112/><F127/><W60/><G130/><T90/><D87/><U81/><E36/><V29/><F112/><N who="1" m="43049" /><E63/><V51/><F69/><W110/><G19/><T82/><REACH who="0" step="1"/><D30/><REACH who="0" ten="159,503,78,250" step="2"/><U16/><E134/><V52/><F33/><W124/><G124/><T20/><D20/><U18/><E126/><V47/><F86/><W35/><G35/><T71/><D71/><U76/><E54/><V94/><F94/><W11/><G104/><T10/><D10/><U101/><E101/><V22/><F93/><W64/><G106/><T118/><D118/><N who="1" m="45675" /><E79/><V95/><F95/><W39/><G39/><T68/><D68/><U55/><E76/><V107/><F107/><W97/><G85/><T12/><D12/><U27/><E27/><V75/><F75/><W40/><G11/><T65/><D65/><U32/><E32/><V74/><F74/><W100/><G64/><T70/><D70/><U9/><E9/><V0/><F0/><N who="3" m="39" /><G100/><T91/><D91/><U7/><E7/><V4/><F4/><W89/><G89/><T131/><D131/><U113/><E113/><V120/><F120/><W45/><G49/><T14/><D14/><U58/><E88/><V62/><F99/><W34/><G34/><T57/><D57/><U129/><E129/><V98/><F98/><W17/><G97/><T128/><D128/><U119/><E119/><RYUUKYOKU ba="0,1" sc="159,30,503,-10,78,-10,250,-10" hai0="15,21,42,46,50,72,77,82,83,84,90,122,123" owari="189,-21.0,503,60.0,68,-43.0,240,4.0" /></mjloggm>