<mjloggm ver="2.3"><GO type="97" lobby="0"/><UN n0="%E3%82%A6%E3%83%AB%E3%83%88%E3%83%A9%E7%AB%8B%E7%9B%B4" n1="%EF%BC%A0%E6%A3%AE" n2="%E3%82%81%E3%81%9F%E3%82%8B%E3%81%8D%E3%82%93%E3%81%90" n3="%E6%99%B6%E9%A6%99" dan="15,15,15,14" rate="2015.42,2031.79,1991.04,1940.51" sx="M,F,M,F"/><TAIKYOKU oya="0"/><INIT seed="0,0,0,0,2,29" ten="250,250,250,250" oya="0" hai0="2,75,93,83,94,11,40,6,67,43,53,59,96" hai1="56,116,42,8,132,17,87,85,124,128,77,69,61" hai2="46,23,72,60,86,120,97,4,63,22,84,131,71" hai3="15,90,33,19,76,45,102,34,101,98,74,82,1"/><T125/><D125/><U114/><E116/><V44/><F72/><W58/><G1/><T68/><D67/><N who="1" m="39335" /><E69/><V95/><F120/><W134/><G101/><T9/><D68/><U123/><E123/><V135/><F4/><W99/><G134/><T133/><D133/><U20/><E132/><V62/><F135/><W106/><G45/><N who="2" m="17513" /><F71/><W105/><G105/><T118/><D118/><U111/><E124/><V37/><F37/><W92/><REACH who="3" step="1"/><G58/><REACH who="3" ten="250,250,250,240" step="2"/><T25/><D59/><U121/><E121/><V35/><F131/><W16/><G16/><T48/><D2/><U129/><E17/><V51/><F22/><AGARI ba="0,1" hai="15,19,22,33,34,74,76,82,90,92,98,99,102,106" machi="22" ten="30,7700,0" yaku="1,1,7,1,52,2,53,0" doraHai="29" doraHaiUra="50" who="3" fromWho="2" sc="250,0,250,0,250,-77,240,87" /><INIT seed="1,0,0,1,5,133" ten="250,250,173,327" oya="1" hai0="7,69,96,4,6,71,29,33,0,124,39,76,134" hai1="70,32,59,99,118,14,88,44,46,79,95,38,132" hai2="49,110,52,34,2,114,54,66,28,48,56,19,97" hai3="103,42,98,20,105,109,135,113,10,77,43,93,45"/><U121/><E118/><V37/><F2/><W27/><G109/><T8/><D39/><U90/><E32/><V55/><F37/><W47/><G135/><T30/><D96/><U84/><E70/><V78/><F110/><W94/><G113/><T102/><D102/><U128/><E121/><V12/><F114/><W1/><G77/><T112/><D76/><U18/><E132/><V31/><F78/><W40/><G1/><T100/><D100/><N who="1" m="60543" /><E38/><V122/><F122/><W115/><G10/><T117/><D71/><U68/><E68/><V111/><F111/><W17/><G115/><T13/><D69/><U91/><E59/><V62/><F34/><W5/><G5/><N who="0" m="2155" /><D112/><U119/><E119/><V53/><F97/><W51/><REACH who="3" step="1"/><G45/><REACH who="3" ten="250,250,173,317" step="2"/><N who="1" m="17514" /><E79/><V116/><F116/><W129/><G129/><T41/><D117/><U89/><E128/><V64/><F31/><W23/><G23/><T9/><D134/><U82/><E91/><V73/><F28/><W60/><G60/><T83/><D29/><U80/><E80/><V75/><F75/><W16/><G16/><N who="0" m="8239" /><D83/><U125/><E125/><V25/><F73/><W65/><G65/><N who="2" m="25193" /><F25/><W104/><G104/><T35/><D30/><U123/><E123/><V72/><F72/><W36/><G36/><T126/><D41/><AGARI ba="0,1" hai="17,20,27,40,41,42,43,47,51,93,94,98,103,105" machi="41" ten="40,1300,0" yaku="1,1,53,0" doraHai="133" doraHaiUra="127" who="3" fromWho="0" sc="250,-13,250,0,173,0,317,23" /><INIT seed="2,0,0,2,3,87" ten="237,250,173,340" oya="2" hai0="134,129,54,32,9,31,108,55,120,75,117,26,132" hai1="6,92,39,79,10,43,13,15,0,88,17,66,80" hai2="83,106,52,131,50,95,123,103,91,47,14,35,85" hai3="77,33,115,122,51,109,70,135,29,37,62,86,7"/><V119/><F119/><W18/><G109/><T105/><D105/><U44/><E66/><V100/><F123/><W130/><G37/><T121/><D75/><N who="1" m="43135" /><E17/><V78/><F35/><W11/><G130/><T89/><D129/><U45/><E45/><V60/><F131/><W58/><G135/><N who="0" m="51755" /><D117/><U102/><E102/><V72/><F103/><W116/><G115/><T84/><D9/><U112/><E112/><V40/><F14/><W63/><G122/><N who="0" m="47211" /><D108/><U113/><E113/><V3/><F3/><W16/><G116/><T118/><D118/><U24/><E24/><V1/><F1/><W4/><G33/><T96/><D96/><AGARI ba="0,0" hai="0,6,10,13,15,39,43,44,88,92,96" m="43135" machi="96" ten="30,3900,0" yaku="25,1,52,1,54,1" doraHai="87" who="1" fromWho="0" sc="237,-39,250,39,173,0,340,0" /><INIT seed="3,0,0,4,3,12" ten="198,289,173,340" oya="3" hai0="75,73,8,76,47,40,104,81,114,49,119,70,112" hai1="124,30,37,125,100,17,53,1,116,89,123,82,28" hai2="95,129,110,36,24,42,2,19,21,107,3,43,46" hai3="94,39,4,115,6,13,118,5,23,31,32,44,45"/><W41/><G118/><T20/><D104/><U55/><E37/><V27/><F107/><W133/><G115/><N who="0" m="44075" /><D70/><U51/><E1/><V79/><F110/><W14/><G133/><T68/><D68/><U96/><E123/><V26/><F129/><W38/><G32/><T117/><D73/><U86/><E116/><N who="0" m="44617" /><D20/><U128/><E128/><V25/><F43/><W106/><G106/><T132/><D8/><U108/><E108/><V29/><F29/><W22/><G31/><T102/><D102/><U122/><E122/><V35/><F35/><W127/><G4/><T7/><D7/><U134/><E134/><AGARI ba="0,0" hai="40,47,49,75,76,81,132,134" m="44617,44075" machi="134" ten="40,1300,0" yaku="11,1" doraHai="12" who="0" fromWho="1" sc="198,13,289,-13,173,0,340,0" owari="211,-19.0,276,8.0,173,-33.0,340,44.0" /></mjloggm>