<mjloggm ver="2.3"><GO type="137" lobby="0"/><UN n0="%EF%BC%88%E2%89%A7%E2%96%BD%E2%89%A6%EF%BC%89" n1="%E8%A5%BF%E6%B4%97%E5%B0%BF" n2="%E3%83%8A%E3%83%8A%E3%82%AB%E3%83%9E%E3%83%89" n3="%E3%82%A2%E3%83%AC%E3%82%B8%E3%83%B3" dan="19,14,12,12" rate="2322.47,1847.78,1720.59,1717.15" sx="M,M,M,M"/><TAIKYOKU oya="0"/><INIT seed="0,0,0,5,0,100" ten="250,250,250,250" oya="0" hai0="87,64,47,21,99,18,57,26,30,31,75,134,107" hai1="79,103,63,76,1,60,32,118,70,2,3,28,93" hai2="46,29,6,83,84,17,44,106,14,126,94,23,40" hai3="102,42,104,120,128,74,55,135,35,91,59,56,48"/><T72/><D134/><U111/><E111/><V97/><F126/><W66/><G135/><T90/><D47/><U58/><E118/><V27/><F6/><W39/><G120/><T68/><D68/><U92/><E70/><V105/><F46/><W20/><G35/><T73/><D64/><U61/><E58/><V53/><F53/><W101/><G74/><T119/><D57/><U65/><E65/><V123/><F123/><W67/><G104/><T54/><D54/><U69/><E69/><V116/><F116/><W127/><G128/><T122/><D122/><U71/><E103/><V15/><F15/><W36/><G127/><T81/><REACH who="0" step="1"/><D119/><REACH who="0" ten="240,250,250,250" step="2"/><U89/><E71/><V124/><F124/><W129/><G59/><T130/><D130/><U52/><E52/><V41/><F44/><W109/><G129/><T19/><D19/><U51/><E51/><V78/><F41/><W115/><G55/><T108/><D108/><U8/><E28/><V38/><F38/><W112/><G109/><T50/><D50/><U5/><E61/><V132/><F132/><W10/><G48/><T49/><D49/><U33/><E63/><V114/><F40/><W96/><G112/><T117/><D117/><U88/><E60/><V24/><F114/><W43/><G115/><T37/><D37/><U80/><E1/><V4/><F4/><W16/><G36/><T34/><D34/><U110/><E110/><V7/><F7/><W62/><G39/><T86/><D86/><U125/><E5/><V11/><F27/><N who="3" m="14727" /><G66/><T77/><D77/><U98/><E125/><V25/><F25/><RYUUKYOKU ba="0,1" sc="240,15,250,-15,250,15,250,-15" hai0="18,21,26,30,31,72,73,75,81,87,90,99,107" hai2="11,14,17,23,24,29,78,83,84,94,97,105,106" /><INIT seed="0,1,1,0,4,7" ten="255,235,265,235" oya="0" hai0="97,117,115,49,78,41,22,12,68,36,29,20,53" hai1="134,15,85,50,99,48,119,86,24,31,120,77,79" hai2="28,69,114,14,75,18,58,6,92,125,132,16,64" hai3="116,63,126,51,21,122,40,90,71,30,102,130,118"/><T83/><D117/><U110/><E119/><V32/><F69/><W45/><G122/><T95/><D115/><U101/><E110/><V76/><F114/><W112/><G126/><T25/><D68/><U8/><E134/><V10/><F125/><W9/><G112/><T133/><D133/><U74/><E74/><V111/><F132/><W104/><G130/><T113/><D113/><U94/><E120/><V47/><F111/><W11/><G118/><T56/><D41/><U108/><E108/><V105/><F105/><W66/><G116/><T42/><D42/><U27/><E27/><V55/><F64/><W1/><G1/><T109/><D36/><U37/><E37/><V123/><F123/><W67/><G104/><T65/><D65/><U46/><E48/><V59/><F28/><W19/><G102/><T96/><D109/><U80/><E85/><V124/><F124/><W121/><G121/><T57/><D57/><U70/><E70/><V98/><F32/><W33/><G67/><T81/><D78/><U129/><E79/><V100/><F47/><W93/><G33/><T60/><D49/><U23/><E129/><V135/><F135/><W4/><G30/><T39/><D39/><U84/><E84/><V44/><F44/><W3/><G3/><T38/><D38/><U26/><E26/><V87/><F58/><N who="3" m="37239" /><G4/><T72/><D72/><U82/><E86/><V88/><F75/><W107/><G71/><T103/><D97/><U106/><E77/><V17/><F76/><W5/><G107/><T52/><D53/><N who="1" m="29911" /><E106/><N who="2" m="63767" /><F59/><W127/><G127/><T62/><D62/><RYUUKYOKU ba="1,1" sc="255,10,235,10,265,10,235,-30" hai0="12,20,22,25,29,52,56,60,81,83,95,96,103" hai1="8,15,23,24,31,80,82,94,99,101" hai2="6,10,14,16,17,18,55,87,88,92" /><INIT seed="0,2,1,0,3,47" ten="265,245,275,205" oya="0" hai0="30,110,54,107,94,1,11,18,34,101,25,100,95" hai1="60,80,71,20,70,117,2,10,135,116,93,56,33" hai2="127,91,109,68,122,43,38,69,21,23,63,98,7" hai3="82,48,87,15,104,134,81,133,129,76,108,51,62"/><T42/><D110/><U55/><E33/><V64/><F122/><W29/><G108/><T9/><D42/><U85/><E135/><N who="3" m="51722" /><G104/><T124/><D124/><U36/><E36/><V67/><F109/><W121/><G121/><T49/><D107/><U8/><E70/><V57/><F127/><W40/><G129/><T103/><D1/><U78/><E71/><V90/><F7/><W58/><G40/><T65/><D65/><U19/><E2/><V130/><F130/><W12/><G29/><T66/><D66/><U39/><E39/><V96/><F43/><W115/><G115/><T86/><D18/><U46/><E116/><V13/><F38/><W88/><G12/><T84/><D94/><U112/><E46/><V111/><F111/><W6/><G15/><T75/><D75/><U3/><E3/><V74/><F74/><N who="3" m="43159" /><G6/><T17/><D17/><U89/><E112/><V52/><F13/><W125/><G125/><T59/><REACH who="0" step="1"/><D95/><REACH who="0" ten="255,245,275,205" step="2"/><U99/><E117/><V24/><F67/><AGARI ba="2,2" hai="48,51,58,62,67,82,87,88" m="43159,51722" machi="67" ten="30,7700,0" yaku="20,1,52,2,54,1" doraHai="47" who="3" fromWho="2" sc="255,0,245,0,275,-83,205,103" /><INIT seed="1,0,0,0,0,133" ten="255,245,192,308" oya="1" hai0="72,111,10,122,56,52,97,15,118,81,22,37,134" hai1="34,78,98,108,49,113,61,1,36,11,95,107,70" hai2="64,68,69,0,75,88,4,104,100,42,44,30,58" hai3="129,60,127,39,28,43,112,123,121,114,91,19,45"/><U21/><E113/><V53/><F75/><W82/><G28/><T115/><D118/><U83/><E36/><V6/><F30/><W109/><G82/><T33/><D33/><U105/><E34/><V87/><F104/><W57/><G91/><T96/><D37/><U35/><E35/><V116/><F100/><W50/><G19/><T41/><D41/><U25/><E108/><V51/><F116/><W23/><G23/><T46/><D122/><N who="3" m="46601" /><G109/><T102/><D111/><U110/><E110/><V63/><F69/><W89/><G89/><T3/><D3/><U93/><E93/><V86/><F0/><W71/><G127/><T20/><D97/><U18/><E49/><V2/><F2/><W94/><G94/><T8/><D8/><U17/><E1/><V5/><REACH who="2" step="1"/><F88/><REACH who="2" ten="255,245,182,308" step="2"/><W85/><G129/><T26/><D72/><U92/><E105/><V9/><F9/><W132/><G132/><T77/><D10/><U99/><E107/><V7/><N who="2" m="1536" /><DORA hai="76" /><V48/><AGARI ba="0,1" hai="42,44,48,51,53,58,63,64,68,86,87" m="1536" machi="48" ten="40,5200,0" yaku="1,1,4,1,0,1,53,0" doraHai="133,76" doraHaiUra="101,16" who="2" fromWho="2" sc="255,-13,245,-26,182,62,308,-13" /><INIT seed="2,0,0,2,0,112" ten="242,219,244,295" oya="2" hai0="93,73,16,66,50,24,30,21,84,134,106,57,23" hai1="122,35,97,124,37,79,25,100,15,39,135,74,54" hai2="8,107,45,38,58,117,52,82,44,92,42,43,85" hai3="46,18,68,88,70,126,26,115,51,10,20,99,118"/><V77/><F117/><W109/><G118/><T96/><D134/><U17/><E135/><V64/><F107/><W5/><G115/><T69/><D73/><U36/><E124/><V90/><F64/><W41/><G126/><T31/><D69/><U22/><E122/><V55/><F8/><W71/><G109/><T81/><D106/><U127/><E127/><V76/><F77/><W105/><G105/><T0/><D0/><U75/><E79/><V132/><F132/><W101/><G101/><N who="0" m="60559" /><D23/><U95/><E35/><V13/><F13/><W102/><G102/><T94/><D94/><U34/><E34/><V14/><F14/><W123/><G123/><T49/><D66/><U29/><REACH who="1" step="1"/><E54/><REACH who="1" ten="242,209,244,295" step="2"/><V130/><F55/><W2/><REACH who="3" step="1"/><G70/><REACH who="3" ten="242,209,244,285" step="2"/><T60/><D60/><U131/><E131/><V119/><F130/><W40/><G40/><T98/><D49/><U89/><E89/><V80/><F38/><W103/><G103/><T111/><D111/><U114/><E114/><V86/><F76/><W3/><G3/><T63/><D50/><U28/><E28/><V87/><F90/><W128/><G128/><T48/><D48/><U129/><E129/><V12/><F42/><W67/><G67/><N who="0" m="39407" /><D31/><U78/><E78/><V27/><F43/><W91/><G91/><N who="0" m="51599" /><D30/><U113/><E113/><V47/><F82/><W1/><G1/><T125/><D125/><U19/><E19/><V83/><F80/><W33/><G33/><T65/><D65/><U108/><E108/><V9/><F83/><W104/><G104/><T7/><D7/><U56/><E56/><V32/><F58/><RYUUKYOKU ba="0,2" sc="242,10,209,10,244,-30,285,10" hai0="16,21,24,98" hai1="15,17,22,25,29,36,37,39,74,75,95,97,100" hai3="2,5,10,18,20,26,41,46,51,68,71,88,99" /><INIT seed="3,1,2,5,5,50" ten="252,219,214,295" oya="3" hai0="64,59,33,112,132,23,31,4,84,106,118,117,39" hai1="68,61,121,11,133,77,47,41,96,46,93,1,54" hai2="123,102,57,97,79,81,122,69,17,114,58,88,12" hai3="37,13,86,113,22,129,27,51,103,111,108,7,101"/><W43/><G113/><T44/><D106/><U48/><E121/><N who="2" m="46091" /><F114/><W107/><G107/><T116/><D112/><U67/><E133/><V62/><F69/><W24/><G129/><T99/><D132/><U71/><E77/><V65/><F102/><W94/><G37/><T128/><D33/><U74/><E74/><V135/><F135/><W53/><G43/><T32/><D32/><U125/><E125/><V124/><F124/><W18/><G7/><T66/><D4/><U8/><E1/><V110/><F110/><N who="3" m="42027" /><G101/><T98/><D128/><U83/><E83/><V109/><F109/><W60/><G60/><T21/><D39/><U119/><E119/><V120/><N who="2" m="46099" /><V2/><DORA hai="9" /><F2/><W14/><G27/><T127/><D117/><U131/><E71/><N who="2" m="42423" /><F97/><N who="3" m="59831" /><G86/><T15/><D84/><U52/><E131/><V115/><F115/><W56/><AGARI ba="1,2" hai="13,14,18,22,24,51,53,56" m="59831,42027" machi="56" ten="30,12000,1" yaku="14,1,10,1,52,3" doraHai="50,9" who="3" fromWho="3" sc="252,-41,219,-41,214,-41,295,143" /><INIT seed="3,2,0,2,3,53" ten="211,178,173,438" oya="3" hai0="63,27,41,126,73,85,84,9,51,119,106,31,115" hai1="36,87,20,59,28,0,104,50,12,83,62,3,134" hai2="7,80,135,44,72,56,52,64,2,30,90,69,71" hai3="118,60,37,49,22,19,124,109,111,42,113,40,13"/><W74/><G118/><T38/><D119/><U46/><E36/><V79/><F30/><W57/><G113/><T1/><D106/><U112/><E134/><V39/><F135/><W123/><G123/><T91/><D73/><U33/><E104/><V67/><F71/><W48/><G74/><T34/><D126/><U8/><E33/><V86/><F69/><W16/><G124/><T133/><D38/><U43/><E112/><V4/><F4/><W95/><G37/><T58/><D115/><U93/><E93/><V121/><F121/><W11/><G48/><T125/><D125/><U97/><E97/><V23/><F23/><W82/><G82/><T129/><D129/><U5/><E20/><V25/><F25/><W96/><G49/><T78/><D78/><U24/><E24/><V110/><F110/><N who="3" m="41995" /><G96/><T68/><D133/><U18/><E28/><V45/><F2/><W116/><G95/><T77/><D1/><U89/><E18/><V108/><F7/><W65/><G116/><T66/><D31/><U15/><E15/><AGARI ba="2,0" hai="11,13,15,16,19,22,40,42,57,60,65" m="41995" machi="15" ten="30,11600,0" yaku="14,1,10,1,52,1,54,1" doraHai="53" who="3" fromWho="1" sc="211,0,178,-122,173,0,438,122" /><INIT seed="3,3,0,0,1,44" ten="211,56,173,560" oya="3" hai0="50,122,8,112,15,106,113,55,129,109,31,54,83" hai1="130,59,9,90,24,5,86,6,79,76,91,119,118" hai2="45,74,120,127,93,43,42,2,14,26,18,84,49" hai3="115,64,102,128,68,105,39,0,126,132,114,100,69"/><W108/><RYUUKYOKU type="yao9" ba="3,0" sc="211,0,56,0,173,0,560,0" hai3="0,39,64,68,69,100,102,105,108,114,115,126,128,132" /><INIT seed="3,4,0,0,2,95" ten="211,56,173,560" oya="3" hai0="14,50,18,124,31,91,101,92,71,55,120,52,68" hai1="122,41,19,90,78,17,109,80,38,48,5,93,49" hai2="94,40,113,8,59,35,134,108,28,128,83,106,15" hai3="102,37,88,77,112,22,63,123,99,118,33,76,27"/><W60/><G118/><T25/><D120/><U129/><E109/><V115/><F113/><W87/><G112/><T98/><D124/><U36/><E129/><V53/><F106/><W79/><G123/><T69/><D69/><U23/><E122/><V104/><F115/><W105/><G37/><T135/><D135/><U30/><E5/><V45/><F104/><W34/><G33/><T84/><D55/><U1/><E1/><V66/><F134/><W86/><G34/><T117/><D117/><U21/><E30/><V24/><F128/><W100/><G100/><T64/><D64/><U85/><E41/><V54/><F108/><W107/><G107/><T10/><D25/><U82/><E38/><V81/><F66/><W127/><G127/><T116/><D31/><U57/><E36/><V11/><F11/><W62/><G62/><T7/><D7/><U6/><E6/><V97/><F53/><W47/><G47/><N who="0" m="27743" /><D116/><U89/><E57/><V58/><F58/><W131/><G131/><T9/><D9/><U75/><E80/><AGARI ba="4,0" hai="10,14,18,68,71,80,84,91,92,98,101" m="27743" machi="80" ten="30,3900,0" yaku="25,1,52,1,54,1" doraHai="95" who="0" fromWho="1" sc="211,51,56,-51,173,0,560,0" /><INIT seed="4,0,0,2,3,19" ten="262,5,173,560" oya="0" hai0="17,5,36,71,66,108,76,21,61,28,26,117,129" hai1="22,31,92,122,84,105,90,102,9,13,42,113,29" hai2="37,112,7,2,53,119,14,10,51,87,116,133,86" hai3="75,43,45,49,118,114,106,79,30,52,3,83,120"/><T63/><D36/><U15/><E122/><V34/><F37/><W24/><G120/><T126/><D117/><N who="2" m="45130" /><F34/><W68/><G118/><T104/><D104/><U134/><E134/><V70/><F70/><W78/><G114/><T55/><D108/><U40/><E113/><V109/><F112/><W57/><G68/><T56/><D126/><U69/><E69/><V12/><F109/><W96/><G3/><T41/><D129/><U89/><E102/><V44/><F133/><W47/><G78/><T94/><D41/><N who="1" m="15979" /><E105/><V125/><F125/><W85/><G106/><T82/><D5/><N who="1" m="3247" /><E89/><V50/><F51/><W6/><G6/><T59/><D94/><U131/><E131/><V35/><F35/><W88/><G96/><T135/><D135/><U8/><E8/><V0/><F0/><W91/><G75/><T110/><D110/><U128/><E128/><V38/><F38/><W62/><REACH who="3" step="1"/><G47/><REACH who="3" ten="262,5,173,550" step="2"/><T111/><D111/><U127/><E127/><V65/><F2/><W67/><G67/><T1/><D1/><U27/><E15/><V25/><F65/><W33/><AGARI ba="0,1" hai="24,30,33,43,45,49,52,57,62,79,83,85,88,91" machi="33" ten="20,8000,1" yaku="1,1,0,1,7,1,54,2,53,0" doraHai="19" doraHaiUra="16" who="3" fromWho="3" sc="262,-40,5,-20,173,-20,550,90" owari="222,2.0,-15,-52.0,153,-25.0,640,75.0" /></mjloggm>