<mjloggm ver="2.3"><GO type="225" lobby="0"/><UN n0="%E8%97%A4%E5%A0%82%E8%A6%81" n1="%E4%B8%8B%E6%AE%B5%E3%83%81%E3%82%A7%E3%83%AA%E3%83%BC" n2="%E3%82%A6%E3%83%AB%E3%83%88%E3%83%A9%E7%AB%8B%E7%9B%B4" n3="%E3%81%BB%E3%82%8A%E3%81%88%E3%82%82%E3%82%93" dan="16,16,16,17" rate="2104.67,2151.62,2010.20,2214.80" sx="F,M,M,M"/><TAIKYOKU oya="0"/><INIT seed="0,0,0,2,5,31" ten="250,250,250,250" oya="0" hai0="62,26,127,54,29,77,103,135,2,96,69,84,59" hai1="108,13,74,5,46,58,19,28,56,67,107,90,89" hai2="114,41,34,16,124,44,104,61,120,93,36,117,128" hai3="39,95,33,35,11,48,43,119,83,18,97,6,87"/><T91/><D2/><U45/><E74/><V37/><F104/><W100/><G18/><T21/><D127/><U129/><E107/><V40/><F114/><W134/><G39/><T52/><D135/><U3/><E129/><V65/><F120/><W50/><G134/><T42/><D42/><U0/><E108/><V82/><F124/><W98/><G98/><T66/><D77/><U64/><E28/><V99/><F128/><W78/><G119/><T79/><D79/><U38/><E19/><V111/><F82/><W23/><G23/><T8/><D8/><U1/><E13/><V133/><F133/><W71/><G71/><T55/><D103/><U116/><E38/><V126/><F126/><W12/><G50/><T60/><REACH who="0" step="1"/><D96/><REACH who="0" ten="240,250,250,250" step="2"/><U94/><E3/><V27/><F99/><W63/><G63/><T92/><AGARI ba="0,1" hai="21,26,29,52,54,55,59,60,62,66,69,84,91,92" machi="92" ten="20,12000,1" yaku="1,1,2,1,0,1,7,1,54,1,53,0" doraHai="31" doraHaiUra="101" who="0" fromWho="0" sc="240,130,250,-40,250,-40,250,-40" /><INIT seed="0,1,0,4,5,104" ten="370,210,210,210" oya="0" hai0="0,2,26,43,80,24,98,4,55,89,65,14,73" hai1="59,76,79,92,53,28,117,33,18,52,84,44,75" hai2="37,111,8,31,118,120,131,132,87,103,12,46,64" hai3="115,95,124,67,69,114,54,127,119,30,45,49,125"/><T134/><D134/><U90/><E117/><V57/><F120/><W5/><G5/><T71/><D71/><U107/><E107/><V27/><F131/><W32/><G95/><T112/><D65/><U36/><E28/><V25/><F111/><W106/><G106/><T39/><D112/><N who="3" m="43049" /><G30/><T121/><D121/><U110/><E33/><V23/><F132/><W58/><G32/><T123/><D123/><U109/><E18/><V101/><F118/><W94/><G94/><N who="0" m="56655" /><D14/><U10/><E10/><V61/><F37/><W122/><G122/><T68/><D55/><U74/><E79/><V22/><F46/><W1/><G1/><T91/><D91/><U93/><E93/><V7/><REACH who="2" step="1"/><F87/><REACH who="2" ten="370,210,200,210" step="2"/><W85/><G85/><T105/><D0/><U51/><E76/><V66/><F66/><W129/><G119/><T50/><D2/><U40/><E53/><V88/><F88/><W63/><G129/><T102/><D39/><U100/><E100/><V83/><F83/><W15/><G15/><T81/><D80/><U62/><REACH who="1" step="1"/><E36/><REACH who="1" ten="370,200,200,210" step="2"/><V9/><F9/><W72/><G69/><T20/><D68/><U70/><E70/><V41/><F41/><W128/><G128/><T19/><D43/><U108/><AGARI ba="1,2" hai="40,44,51,52,59,62,74,75,84,90,92,108,109,110" machi="108" ten="30,12000,2" yaku="1,1,0,1,14,1,52,2,54,1,53,0" doraHai="104" doraHaiUra="34" who="1" fromWho="1" sc="370,-61,200,143,200,-31,210,-31" /><INIT seed="1,0,0,0,4,70" ten="309,343,169,179" oya="1" hai0="119,41,101,104,99,63,125,88,32,120,13,62,7" hai1="114,40,17,73,68,85,112,10,30,45,21,57,33" hai2="72,52,124,24,113,27,92,42,94,58,134,36,133" hai3="106,75,1,3,74,50,38,35,20,12,48,135,131"/><U122/><E73/><N who="3" m="27658" /><G12/><T108/><D119/><U6/><E68/><V22/><F72/><W67/><G20/><T130/><D32/><U14/><E85/><V107/><F107/><W49/><G67/><T19/><D108/><U95/><E95/><N who="2" m="36395" /><F134/><W28/><G106/><T126/><D7/><U16/><E122/><V53/><F133/><W96/><G135/><T18/><D41/><U47/><E47/><V102/><F124/><N who="0" m="47722" /><D130/><U84/><E84/><V86/><F36/><W111/><G111/><T26/><D120/><U81/><E81/><V11/><F113/><W23/><G35/><T69/><D69/><U39/><E57/><V93/><F42/><W65/><G65/><T44/><D44/><U83/><E83/><V116/><F116/><W8/><G23/><N who="0" m="13695" /><D88/><U78/><E78/><V103/><F53/><W34/><G34/><T127/><D127/><U91/><E91/><N who="2" m="53495" /><F11/><AGARI ba="0,0" hai="11,13,18,62,63,99,101,104" m="13695,47722" machi="11" ten="30,1000,0" yaku="18,1" doraHai="70" who="0" fromWho="2" sc="309,10,343,0,169,-10,179,0" /><INIT seed="2,0,0,3,5,6" ten="319,343,159,179" oya="2" hai0="125,113,89,86,126,100,55,3,0,88,117,20,91" hai1="1,17,115,84,124,83,47,123,33,58,122,52,134" hai2="68,120,102,4,135,95,75,9,57,32,37,111,35" hai3="72,51,108,8,15,26,53,49,45,42,133,54,14"/><V25/><F68/><W76/><G108/><T24/><D113/><U130/><E115/><V93/><F37/><W28/><G133/><T22/><D100/><U97/><E134/><V18/><F75/><W129/><G129/><T63/><D86/><U112/><E112/><V2/><F135/><W64/><G64/><T65/><D55/><U77/><E33/><V110/><F57/><W103/><G103/><T74/><D74/><U50/><E130/><V19/><F102/><W105/><G105/><T81/><D81/><U30/><E30/><N who="2" m="19535" /><F95/><W40/><G15/><T44/><D44/><U46/><E97/><V96/><F93/><W94/><G94/><T82/><D82/><U79/><E79/><V116/><F96/><W90/><G90/><T109/><D109/><N who="2" m="41482" /><F120/><W132/><G132/><T34/><D117/><U69/><E69/><V43/><F43/><W7/><G76/><T66/><D66/><U73/><E73/><V39/><F39/><W13/><G13/><T98/><D98/><U78/><E78/><V87/><F87/><W71/><G71/><T5/><D65/><U59/><E77/><V114/><F114/><W12/><G12/><T106/><D106/><U60/><E123/><V36/><F36/><W23/><G72/><T92/><D92/><U85/><E85/><V80/><F80/><W16/><G28/><T101/><D101/><U121/><E121/><V41/><F41/><W21/><G21/><T67/><D67/><U31/><E122/><V29/><F116/><W118/><G118/><T10/><D0/><U11/><E83/><V131/><F131/><RYUUKYOKU ba="0,0" sc="319,-15,343,-15,159,15,179,15" hai2="2,4,9,18,19,29,35" hai3="7,8,14,16,23,26,40,42,45,49,51,53,54" /><INIT seed="2,1,0,2,1,92" ten="304,328,174,194" oya="2" hai0="6,107,60,78,71,54,23,125,64,124,25,80,52" hai1="38,30,81,118,4,114,113,104,48,40,18,126,44" hai2="116,79,117,7,123,66,93,115,41,37,129,13,24" hai3="19,133,17,43,94,32,68,35,21,90,96,73,108"/><V57/><F123/><W102/><G68/><T46/><D6/><U5/><E104/><V120/><F120/><W76/><G133/><T131/><D131/><U55/><E118/><V69/><F69/><W105/><G43/><T50/><D107/><U8/><E126/><N who="0" m="48745" /><D50/><U45/><E30/><V97/><F115/><W65/><G65/><T109/><D46/><U16/><E5/><V103/><F129/><W14/><G108/><T58/><D109/><U33/><E33/><V27/><F37/><W121/><G19/><N who="0" m="12543" /><D71/><U36/><E36/><V72/><F41/><W49/><G49/><T22/><D22/><U111/><E111/><V91/><F116/><W100/><G121/><T56/><D56/><U61/><E114/><V98/><F117/><W101/><REACH who="3" step="1"/><G105/><REACH who="3" ten="304,328,174,184" step="2"/><T12/><D12/><U20/><E113/><V77/><F13/><W29/><G29/><T84/><AGARI ba="1,1" hai="52,54,58,60,64,78,80,84" m="12543,48745" machi="84" ten="30,2000,0" yaku="18,1,54,1" doraHai="92" who="0" fromWho="0" sc="304,33,328,-6,174,-11,184,-6" /><INIT seed="3,0,0,4,5,99" ten="337,322,163,178" oya="3" hai0="50,52,25,1,11,37,133,51,69,2,66,59,20" hai1="120,31,106,67,122,33,101,112,15,76,80,4,96" hai2="134,44,6,92,36,9,82,83,58,19,105,135,46" hai3="57,56,72,54,16,100,91,0,95,97,26,60,28"/><W102/><G0/><T116/><D116/><U10/><E112/><V108/><F105/><W71/><G72/><T23/><D133/><N who="2" m="50698" /><F108/><W87/><G71/><T21/><D37/><U128/><E128/><V61/><F19/><W78/><G78/><T84/><D51/><U13/><E67/><N who="2" m="39351" /><F92/><W130/><G130/><T115/><D115/><U93/><E106/><V85/><F36/><W119/><G119/><T12/><D2/><U63/><E63/><V55/><F55/><W41/><G41/><T88/><D66/><U5/><E31/><V68/><F68/><W7/><G7/><T3/><D69/><U39/><E39/><V17/><F17/><W81/><G57/><T53/><D53/><U77/><E33/><V110/><F110/><W35/><REACH who="3" step="1"/><G16/><REACH who="3" ten="337,322,163,168" step="2"/><N who="0" m="8223" /><D3/><U104/><E77/><N who="2" m="46287" /><F83/><W132/><G132/><T27/><D1/><AGARI ba="0,1" hai="1,6,9,44,46" m="46287,39351,50698" machi="1" ten="30,1000,0" yaku="20,1" doraHai="99" who="2" fromWho="0" sc="337,-10,322,0,163,20,168,0" owari="327,43.0,322,12.0,183,-22.0,168,-33.0" /></mjloggm>