<mjloggm ver="2.3"><GO type="169" lobby="0"/><UN n0="%E9%BA%A6%E5%AD%90%74%7A" n1="%EF%BC%88%E2%89%A7%E2%96%BD%E2%89%A6%EF%BC%89" n2="%E3%83%87%E3%82%B8%E3%82%BF%E3%83%AB%E4%BB%99%E4%BA%BA" n3="%E3%83%81%E3%83%BC%E3%82%BF%E3%83%BC" dan="16,19,19,17" rate="2083.21,2251.50,2235.96,2170.66" sx="M,M,F,M"/><TAIKYOKU oya="0"/><INIT seed="0,0,0,1,2,47" ten="250,250,250,250" oya="0" hai0="16,88,37,111,33,80,22,121,99,34,122,66,12" hai1="97,124,128,103,15,132,7,5,107,69,119,38,9" hai2="78,72,75,0,55,31,36,35,8,61,28,130,114" hai3="18,32,131,41,101,59,77,126,2,108,43,57,112"/><T100/><D111/><U17/><E119/><V115/><F130/><W68/><G68/><T51/><D37/><U71/><E128/><V92/><F36/><W84/><G2/><T25/><D66/><U89/><E38/><V19/><F92/><W79/><G32/><T24/><D34/><U23/><E132/><V125/><F125/><W93/><G112/><T64/><D64/><U73/><E73/><V48/><F61/><W46/><G108/><T106/><D25/><U96/><E124/><V20/><F35/><W113/><G113/><T11/><D33/><U42/><E42/><V98/><F98/><W70/><G70/><T4/><REACH who="0" step="1"/><D51/><REACH who="0" ten="240,250,250,250" step="2"/><U67/><E67/><V26/><F115/><W83/><G126/><T21/><D21/><U133/><E23/><V74/><F114/><W82/><G131/><T105/><D105/><U50/><E50/><V58/><F78/><W87/><G79/><T30/><D30/><U116/><E107/><V123/><F123/><W135/><G77/><T60/><D60/><U129/><E129/><V63/><F63/><W95/><G135/><T3/><D3/><U29/><E133/><V44/><F31/><W76/><G76/><T45/><D45/><U118/><E29/><V62/><F28/><W49/><G49/><T90/><D90/><U109/><E109/><V94/><F0/><W85/><G46/><T6/><D6/><N who="1" m="2059" /><E118/><V117/><F117/><W134/><G134/><T54/><D54/><U40/><E116/><V65/><F8/><W127/><G127/><T1/><D1/><U13/><E89/><V102/><F75/><RYUUKYOKU ba="0,1" sc="240,15,250,-15,250,15,250,-15" hai0="4,11,12,16,22,24,80,88,99,100,106,121,122" hai2="19,20,26,44,48,55,58,62,65,72,74,94,102" /><INIT seed="0,1,1,2,4,70" ten="255,235,265,235" oya="0" hai0="124,66,90,129,63,10,128,92,118,131,24,134,109" hai1="98,115,49,23,48,76,93,123,50,71,8,13,117" hai2="42,114,16,0,122,39,133,18,116,54,85,108,33" hai3="30,79,88,28,31,61,110,51,113,47,74,135,126"/><T56/><D118/><U62/><E123/><V81/><F114/><W58/><G113/><T35/><D10/><U102/><E117/><V34/><F122/><W12/><G74/><T84/><D124/><U25/><E115/><V38/><F116/><W7/><G79/><T52/><D134/><U91/><E76/><V101/><F0/><W29/><G110/><T95/><D109/><U78/><E78/><V26/><F108/><W119/><G119/><T22/><D35/><U77/><E77/><V73/><F101/><W105/><G105/><T94/><REACH who="0" step="1"/><D66/><REACH who="0" ten="245,235,265,235" step="2"/><U132/><E132/><V65/><F65/><W40/><G135/><T14/><D14/><U32/><E32/><V44/><F133/><W67/><G126/><T17/><AGARI ba="1,2" hai="17,22,24,52,56,63,84,90,92,94,95,128,129,131" machi="17" ten="30,11700,0" yaku="1,1,0,1,19,1,54,1,53,0" doraHai="70" doraHaiUra="60" who="0" fromWho="0" sc="245,140,235,-40,265,-40,235,-40" /><INIT seed="0,2,0,2,0,65" ten="385,195,225,195" oya="0" hai0="98,12,125,63,111,82,10,76,61,53,128,21,43" hai1="135,0,54,100,72,16,2,126,119,56,22,124,32" hai2="52,79,36,66,123,60,97,129,46,105,86,85,89" hai3="30,47,78,96,28,42,120,11,62,88,75,127,38"/><T57/><D128/><U45/><E119/><V91/><F123/><W134/><G120/><T20/><D125/><N who="1" m="48235" /><E32/><V44/><F129/><W92/><G127/><T58/><D111/><U41/><E72/><V93/><F36/><W109/><G109/><T80/><D43/><U107/><E135/><V71/><F79/><W106/><G106/><T4/><D98/><N who="1" m="61847" /><E56/><V84/><F105/><W87/><G134/><T132/><D132/><U34/><E54/><V68/><F91/><W115/><G115/><T74/><REACH who="0" step="1"/><D82/><REACH who="0" ten="375,195,225,195" step="2"/><U14/><E34/><V19/><F97/><W59/><G96/><T83/><D83/><U133/><E133/><V5/><F93/><W18/><G42/><T110/><D110/><U39/><AGARI ba="2,1" hai="0,2,14,16,22,39,41,45" m="61847,48235" machi="39" ten="30,2000,0" yaku="18,1,54,1" doraHai="65" who="1" fromWho="1" sc="375,-12,195,36,225,-7,195,-7" /><INIT seed="1,0,0,4,2,130" ten="363,231,218,188" oya="1" hai0="132,115,56,51,92,4,103,125,20,26,32,75,39" hai1="83,131,14,57,95,90,107,74,101,25,62,97,88" hai2="117,24,119,10,120,38,133,121,55,93,87,0,59" hai3="89,69,12,40,28,61,50,127,43,19,7,49,36"/><U98/><E131/><V63/><F38/><W77/><G77/><T66/><D115/><U94/><E25/><V11/><F119/><W45/><G127/><T27/><D39/><U124/><E124/><V122/><F117/><W114/><G114/><T15/><D75/><U68/><E68/><V58/><F24/><W17/><G28/><T3/><D3/><U16/><E83/><V82/><F93/><W64/><G89/><T112/><D112/><U105/><E74/><V104/><F104/><W109/><G109/><T70/><D70/><U85/><E85/><V80/><F80/><W2/><G2/><T34/><D125/><U33/><E33/><V129/><F129/><W31/><G31/><T41/><D26/><U78/><E78/><V52/><F0/><W1/><G1/><T21/><D27/><U134/><E134/><V81/><F81/><W60/><G60/><T23/><D15/><U42/><E42/><V91/><REACH who="2" step="1"/><F133/><REACH who="2" ten="363,231,208,188" step="2"/><W18/><G36/><T111/><D92/><U79/><E79/><V67/><F67/><W128/><G128/><T47/><D66/><N who="1" m="39247" /><E107/><V9/><F9/><W106/><G106/><T8/><D132/><U65/><E105/><V73/><F73/><W37/><G43/><T46/><D41/><U123/><E65/><V22/><F22/><W76/><G76/><T126/><D32/><U29/><E29/><V135/><F135/><W72/><G72/><T113/><D34/><U108/><E108/><V5/><F5/><W100/><G100/><T6/><D111/><U44/><E101/><V84/><F84/><W116/><G116/><RYUUKYOKU ba="0,1" sc="363,-15,231,-15,208,15,188,15" hai2="10,11,52,55,58,59,63,82,87,91,120,121,122" hai3="7,12,17,18,19,37,40,45,49,50,61,64,69" /><INIT seed="2,1,1,4,0,42" ten="348,216,223,203" oya="2" hai0="23,111,80,19,82,17,24,100,123,13,59,65,62" hai1="105,101,31,114,87,54,107,64,86,51,28,106,1" hai2="120,104,29,57,18,7,5,36,79,125,102,78,30" hai3="66,133,21,38,33,41,96,88,68,108,118,73,48"/><V22/><F36/><W124/><G33/><T63/><D111/><U70/><E1/><V14/><F120/><W26/><G73/><T52/><D100/><U121/><E121/><V130/><F130/><W61/><G118/><T4/><D4/><U81/><E101/><V127/><F57/><W44/><G133/><T2/><D2/><U97/><E97/><N who="2" m="61519" /><F7/><W10/><G108/><T134/><D134/><U132/><E114/><V77/><F5/><W3/><G3/><T119/><D119/><U129/><E129/><V35/><F35/><W0/><G0/><T67/><D123/><U40/><E40/><V85/><F85/><W58/><G10/><T92/><D92/><U71/><E132/><V93/><F93/><N who="3" m="56359" /><G124/><AGARI ba="1,1" hai="14,18,22,29,30,77,78,79,124,125,127" m="61519" machi="124" ten="30,1500,0" yaku="18,1" doraHai="42" who="2" fromWho="3" sc="348,0,216,0,223,28,203,-18" /><INIT seed="2,2,0,2,0,13" ten="348,216,251,185" oya="2" hai0="117,100,19,57,26,63,2,72,3,108,129,31,91" hai1="112,48,119,106,115,23,134,38,78,62,70,11,5" hai2="102,0,90,65,104,75,6,49,67,34,22,9,41" hai3="71,39,79,29,110,132,1,8,64,45,116,18,95"/><V92/><F75/><W82/><G116/><T14/><D117/><U87/><E119/><V93/><F34/><W88/><G132/><T52/><D72/><U113/><E38/><V86/><F104/><W61/><G110/><T118/><D118/><U56/><E106/><V128/><F128/><W89/><G29/><T121/><D121/><U103/><E103/><V120/><F120/><W83/><G83/><T73/><D73/><U130/><E130/><V58/><F22/><W50/><G39/><T55/><D129/><U76/><E134/><V94/><F102/><W107/><G107/><T97/><D55/><U46/><E70/><V21/><F21/><W4/><G95/><T54/><D54/><U131/><E131/><V84/><F84/><W40/><REACH who="3" step="1"/><G18/><REACH who="3" ten="348,216,251,175" step="2"/><T12/><D108/><U127/><E115/><V53/><F94/><W66/><G66/><T10/><D31/><U111/><E112/><V17/><F93/><W42/><G42/><T105/><D105/><U124/><E113/><V126/><F41/><W81/><G81/><T59/><D100/><U25/><E111/><V68/><F17/><W28/><G28/><T7/><D19/><U122/><E122/><V43/><F43/><W85/><AGARI ba="2,1" hai="1,4,8,40,45,50,61,64,71,79,82,85,88,89" machi="85" ten="20,8000,1" yaku="1,1,0,1,7,1,54,1,53,1" doraHai="13" doraHaiUra="33" who="3" fromWho="3" sc="348,-22,216,-22,251,-42,175,96" /><INIT seed="3,0,0,0,1,55" ten="326,194,209,271" oya="3" hai0="9,15,74,69,75,46,108,2,133,56,86,84,3" hai1="38,24,120,117,16,131,57,126,81,91,130,103,60" hai2="95,49,65,96,63,28,50,134,34,31,109,62,26" hai3="90,79,48,87,14,47,23,107,42,89,41,40,113"/><W39/><G107/><T104/><D69/><U36/><E120/><V21/><F134/><W73/><G113/><T105/><D133/><U54/><E103/><V128/><F109/><W67/><G67/><T1/><D46/><U97/><E126/><V98/><F128/><N who="1" m="49193" /><E117/><V77/><F77/><W43/><G73/><T32/><D32/><U35/><E35/><V118/><F63/><W51/><G39/><T115/><D115/><U45/><E45/><V64/><F64/><W121/><G121/><T12/><D9/><U102/><E81/><V72/><F72/><W10/><G23/><T110/><REACH who="0" step="1"/><D2/><REACH who="0" ten="316,194,209,271" step="2"/><U85/><E38/><V37/><F37/><W83/><REACH who="3" step="1"/><G51/><REACH who="3" ten="316,194,209,261" step="2"/><T114/><D114/><U8/><E36/><V80/><F34/><W135/><G135/><T11/><D11/><U123/><E123/><V99/><F49/><W92/><G92/><T116/><D116/><U68/><E8/><V129/><F50/><W0/><G0/><T29/><D29/><U19/><E68/><V4/><F31/><W94/><G94/><T58/><AGARI ba="0,2" hai="1,3,12,15,56,58,74,75,84,86,104,105,108,110" machi="58" ten="25,12000,2" yaku="1,1,0,1,22,2,52,2,53,0" doraHai="55" doraHaiUra="78" who="0" fromWho="0" sc="316,140,194,-30,209,-30,261,-60" /><INIT seed="4,0,0,5,1,20" ten="456,164,179,201" oya="0" hai0="51,2,67,84,39,9,11,41,57,109,87,102,93" hai1="92,91,128,108,125,56,22,27,134,80,75,21,50" hai2="81,100,34,45,110,103,46,76,122,36,23,15,95" hai3="73,77,61,40,66,26,79,25,68,54,5,98,74"/><T106/><D39/><U112/><E108/><V131/><F34/><W6/><G40/><T105/><D109/><U33/><E125/><V16/><F110/><W70/><G98/><T86/><D67/><U120/><E120/><V0/><F0/><W19/><G19/><T28/><D28/><U44/><E134/><V59/><F131/><W116/><G61/><T117/><D117/><U82/><E128/><V83/><F122/><W12/><G12/><T32/><D32/><U78/><E112/><V18/><F59/><W10/><G10/><T37/><D37/><U132/><E132/><V24/><F36/><W111/><G111/><T113/><D113/><U118/><E118/><V64/><F64/><W101/><G66/><T69/><D69/><U126/><E126/><V29/><F29/><W127/><G127/><T4/><D11/><U35/><E56/><V3/><F3/><W96/><G96/><T49/><D41/><U104/><E104/><V99/><F103/><W30/><G30/><T8/><D8/><U62/><E62/><V63/><F63/><W90/><G54/><T13/><D2/><U94/><E21/><N who="2" m="11423" /><F76/><W42/><G42/><T85/><D102/><U53/><E35/><V52/><F46/><W1/><G1/><T135/><D57/><U97/><E33/><V88/><F100/><W130/><G101/><T133/><D105/><U48/><E48/><AGARI ba="0,0" hai="18,23,24,45,48,52,81,83,88,95,99" m="11423" machi="48" ten="30,8000,1" yaku="8,1,52,1,54,3" doraHai="20" who="2" fromWho="1" sc="456,0,164,-80,179,80,201,0" /><INIT seed="5,0,0,4,5,99" ten="456,84,259,201" oya="1" hai0="34,67,11,52,124,65,8,54,85,63,4,35,108" hai1="82,57,103,73,129,100,123,125,53,22,117,16,7" hai2="24,62,32,26,88,104,41,61,115,105,14,37,2" hai3="38,12,128,51,47,74,102,116,79,71,95,119,113"/><U66/><E123/><V70/><F2/><W134/><G71/><T55/><D108/><U91/><E117/><N who="3" m="45130" /><G38/><T130/><D85/><N who="1" m="50615" /><E73/><V92/><F14/><W106/><G106/><T21/><D21/><U49/><E129/><V23/><F32/><W58/><G58/><T43/><D130/><U50/><E125/><V97/><F26/><W93/><G128/><T84/><D84/><U76/><E66/><V29/><F70/><W28/><G28/><T87/><D87/><U127/><E127/><V46/><F115/><W13/><G113/><T90/><D90/><U114/><E114/><V25/><F25/><W36/><G36/><T27/><D65/><U75/><E75/><V40/><F41/><W94/><G134/><T5/><D35/><U19/><E76/><V44/><F44/><W132/><G132/><T126/><D126/><U0/><E0/><V86/><F105/><W107/><G79/><T78/><D78/><U56/><E7/><V83/><F104/><W45/><G74/><T89/><D4/><U59/><E19/><V118/><F118/><W42/><G45/><T6/><D5/><U101/><E53/><V68/><F68/><W135/><G135/><T20/><D6/><U17/><E17/><V1/><F1/><W112/><G112/><T15/><D54/><U30/><E30/><V64/><F64/><W110/><G110/><T18/><D67/><U122/><E122/><V72/><F72/><W9/><G9/><T69/><D69/><U10/><E10/><V96/><F83/><W133/><G133/><T77/><D124/><U39/><E39/><RYUUKYOKU ba="0,0" sc="456,-30,84,10,259,10,201,10" hai1="16,22,49,50,56,57,59,100,101,103" hai2="23,24,29,37,40,46,61,62,86,88,92,96,97" hai3="12,13,42,47,51,93,94,95,102,107" /><INIT seed="5,1,0,2,5,90" ten="426,94,269,211" oya="1" hai0="27,29,36,131,78,88,96,127,26,75,50,106,134" hai1="34,71,1,73,117,61,122,38,74,126,19,35,46" hai2="121,135,20,8,14,64,41,92,13,54,10,63,101" hai3="104,48,39,80,5,70,123,97,44,87,62,49,69"/><U77/><E122/><V2/><F121/><W132/><G123/><T31/><D36/><U89/><E117/><V107/><F107/><W83/><G132/><T59/><D134/><U133/><E133/><V102/><F2/><W0/><G39/><T30/><D75/><N who="1" m="28683" /><E19/><V23/><F41/><W25/><G49/><T85/><D131/><U52/><E89/><V21/><F54/><W68/><G62/><T66/><D78/><U57/><E77/><V18/><F135/><W84/><G25/><T94/><D127/><U51/><E1/><V56/><F92/><W115/><G115/><T103/><REACH who="0" step="1"/><D50/><REACH who="0" ten="416,94,269,211" step="2"/><U15/><E126/><V65/><REACH who="2" step="1"/><F64/><REACH who="2" ten="416,94,259,211" step="2"/><W76/><G48/><T7/><D7/><AGARI ba="1,2" hai="7,8,10,13,14,18,20,21,23,56,63,65,101,102" machi="7" ten="40,5200,0" yaku="1,1,2,1,8,1,53,0" doraHai="90" doraHaiUra="40" who="2" fromWho="0" sc="416,-55,94,0,259,75,211,0" /><INIT seed="6,0,0,1,1,35" ten="361,94,334,211" oya="2" hai0="10,105,78,21,47,1,119,27,128,71,61,22,31" hai1="110,26,60,37,126,45,40,66,84,58,44,86,133" hai2="12,56,118,38,106,69,33,67,23,19,97,68,20" hai3="87,13,120,104,129,70,98,54,83,48,85,115,91"/><V34/><F38/><W75/><G70/><T25/><D105/><U57/><E110/><V80/><F118/><W116/><G116/><T11/><D119/><U7/><E133/><V109/><F109/><W94/><G75/><T125/><D125/><U65/><E126/><V123/><F123/><W17/><G120/><T30/><D128/><U29/><E7/><V73/><F56/><W108/><G108/><T81/><D47/><U32/><REACH who="1" step="1"/><E44/><REACH who="1" ten="361,84,334,211" step="2"/><V15/><F19/><W96/><G129/><T132/><D132/><U3/><E3/><V130/><F130/><W16/><G115/><T53/><D1/><U124/><E124/><V5/><F5/><W122/><G122/><T52/><D71/><U0/><E0/><V63/><F68/><W64/><G17/><T82/><D78/><U74/><E74/><V42/><F73/><W79/><G104/><T76/><D76/><U103/><E103/><V49/><F106/><W4/><G4/><T2/><D2/><U114/><E114/><V112/><F112/><W43/><G64/><T135/><D135/><U127/><E127/><V117/><F67/><W59/><REACH who="3" step="1"/><G43/><REACH who="3" ten="361,84,334,201" step="2"/><T8/><D53/><U111/><E111/><V39/><F42/><W41/><G41/><T131/><D131/><U100/><E100/><V14/><F69/><W62/><G62/><AGARI ba="0,2" hai="26,29,32,37,40,45,57,58,60,62,65,66,84,86" machi="62" ten="40,2600,0" yaku="1,1,9,1,53,0" doraHai="35" doraHaiUra="107" who="1" fromWho="3" sc="361,0,84,46,334,0,201,-26" /><INIT seed="7,0,0,2,1,65" ten="361,130,334,175" oya="3" hai0="51,61,21,90,40,76,28,53,93,110,80,92,113" hai1="12,118,94,69,91,77,107,50,73,98,49,56,27" hai2="100,72,3,5,123,47,42,111,99,36,39,32,44" hai3="7,75,101,13,114,17,34,95,71,8,102,62,20"/><W135/><G75/><T79/><D110/><U19/><E118/><V108/><F123/><W54/><G34/><T16/><D28/><U105/><E69/><V30/><F72/><W134/><G114/><T86/><D40/><U52/><E27/><V33/><F5/><W81/><G81/><T112/><D61/><U63/><E77/><N who="0" m="29769" /><D113/><U126/><E126/><V24/><F3/><W89/><G54/><T60/><D60/><U116/><E116/><V18/><F18/><W84/><G62/><T109/><D109/><U29/><E29/><V11/><F11/><W70/><G101/><T10/><D10/><U43/><E73/><V41/><REACH who="2" step="1"/><F32/><REACH who="2" ten="361,130,324,175" step="2"/><W38/><G8/><T88/><D112/><U48/><REACH who="1" step="1"/><E43/><REACH who="1" ten="361,120,324,175" step="2"/><V35/><F35/><W37/><G7/><T131/><D131/><U64/><E64/><V45/><F45/><W23/><G17/><T119/><D119/><U22/><AGARI ba="0,2" hai="12,19,22,48,49,50,52,56,63,91,94,98,105,107" machi="22" ten="30,4000,0" yaku="1,1,0,1,54,1,53,0" doraHai="65" doraHaiUra="82" who="1" fromWho="1" sc="361,-10,120,60,324,-10,175,-20" owari="351,45.0,180,-22.0,314,11.0,155,-34.0" /></mjloggm>