<mjloggm ver="2.3"><GO type="225" lobby="0"/><UN n0="%E3%82%B4%E3%83%9F%E3%83%84%E3%83%A2" n1="%E9%B7%B9%EF%BC%93" n2="%E3%82%A6%E3%83%AB%E3%83%88%E3%83%A9%E7%AB%8B%E7%9B%B4" n3="%E3%81%82%E3%81%8B%E3%81%B9%E3%81%87%E3%81%9D%E3%81%B5%E3%81%A8%32" dan="17,16,16,16" rate="2164.02,2084.58,2039.24,2141.71" sx="M,M,M,M"/><TAIKYOKU oya="0"/><INIT seed="0,0,0,0,2,71" ten="250,250,250,250" oya="0" hai0="67,37,80,78,54,29,53,107,112,65,52,73,27" hai1="88,72,121,2,91,43,9,89,70,128,79,106,68" hai2="97,20,95,7,46,8,123,119,15,69,84,44,81" hai3="61,58,39,28,0,132,16,124,75,1,116,51,59"/><T126/><D112/><U30/><E121/><V57/><F69/><W26/><G116/><T87/><D126/><U24/><E106/><V66/><F123/><W13/><G124/><T76/><D107/><U103/><E128/><V35/><F35/><W100/><G132/><T96/><D37/><U93/><E43/><V56/><F20/><W74/><G39/><T94/><D76/><U41/><E41/><V117/><F117/><W83/><G100/><T11/><D11/><U21/><E72/><V47/><F66/><W127/><G127/><T125/><D125/><U64/><E79/><N who="2" m="46143" /><F119/><W90/><G51/><T34/><REACH who="0" step="1"/><D73/><REACH who="0" ten="240,250,250,250" step="2"/><U17/><E9/><V98/><F8/><W36/><G75/><T10/><D10/><U50/><E2/><V109/><F7/><W14/><G74/><T101/><AGARI ba="0,1" hai="27,29,34,52,53,54,65,67,78,80,87,94,96,101" machi="101" ten="30,18000,2" yaku="1,1,0,1,54,1,53,3" doraHai="71" doraHaiUra="49" who="0" fromWho="0" sc="240,190,250,-60,250,-60,250,-60" /><INIT seed="0,1,0,0,2,50" ten="430,190,190,190" oya="0" hai0="105,103,32,0,8,91,11,109,128,133,77,117,80" hai1="33,87,94,16,67,129,93,30,65,46,113,114,3" hai2="31,74,89,72,1,51,49,39,122,24,43,78,28" hai3="83,14,92,116,18,54,111,36,61,125,90,106,107"/><T69/><D117/><U44/><E129/><V132/><F43/><W130/><G116/><T99/><D69/><U12/><E3/><V63/><F78/><W34/><G34/><T9/><D32/><U45/><E33/><V126/><F24/><W64/><G36/><T37/><D37/><U41/><E30/><V112/><F63/><W120/><G120/><T52/><D133/><U98/><E41/><V42/><F42/><W10/><G125/><T118/><D91/><N who="1" m="53503" /><E113/><V7/><F39/><W95/><G130/><T135/><D135/><U115/><E115/><V27/><F132/><W17/><G111/><T85/><D109/><U101/><E114/><V19/><F1/><W86/><G106/><T5/><D128/><U79/><E79/><V40/><F28/><W66/><G107/><T25/><D25/><U62/><E62/><V73/><F31/><W21/><G64/><T53/><D118/><U81/><E81/><V119/><F27/><N who="3" m="14767" /><G66/><T71/><D71/><U26/><E26/><V127/><F122/><W124/><G124/><T55/><AGARI ba="1,0" hai="0,5,8,9,11,52,53,55,77,80,85,99,103,105" machi="55" ten="30,12000,1" yaku="0,1,52,3,54,1" doraHai="50" who="0" fromWho="0" sc="430,123,190,-41,190,-41,190,-41" /><INIT seed="0,2,0,3,1,88" ten="553,149,149,149" oya="0" hai0="97,2,40,72,8,67,45,75,62,44,83,58,91" hai1="60,25,38,24,119,124,42,63,126,41,125,127,20" hai2="35,94,10,55,56,15,68,14,104,46,54,117,51" hai3="76,129,50,48,36,13,135,74,98,70,86,79,22"/><T107/><D45/><N who="1" m="23735" /><E119/><V12/><F68/><W1/><G70/><T3/><D3/><U80/><N who="1" m="32256" /><DORA hai="101" /><U82/><E42/><V43/><F35/><W21/><G1/><T0/><D0/><U93/><E93/><V116/><F104/><W110/><G36/><T16/><D83/><N who="1" m="31787" /><E25/><V47/><F94/><W89/><G135/><T115/><D115/><U31/><AGARI ba="2,0" hai="20,24,31,60,63" m="31787,32256,23735" machi="31" ten="60,2000,0" yaku="18,1" doraHai="88,101" who="1" fromWho="1" sc="553,-12,149,26,149,-7,149,-7" /><INIT seed="1,0,0,3,4,63" ten="541,175,142,142" oya="1" hai0="130,128,47,131,84,83,55,124,42,109,113,111,48" hai1="31,73,30,15,86,82,96,65,69,62,9,110,81" hai2="135,11,25,123,71,126,122,46,26,23,119,92,67" hai3="132,97,76,112,13,75,133,54,7,103,32,10,20"/><U5/><E110/><N who="0" m="41993" /><D113/><U116/><E116/><V14/><F119/><W12/><G32/><T91/><D124/><U34/><E34/><V6/><F126/><W104/><G112/><T99/><D99/><U89/><REACH who="1" step="1"/><E96/><REACH who="1" ten="541,165,142,142" step="2"/><V134/><F123/><W77/><G132/><T27/><D27/><U60/><E60/><V58/><F26/><W33/><G133/><T1/><D1/><U88/><E88/><V51/><F122/><W3/><G33/><T57/><D131/><U105/><E105/><V106/><F106/><W35/><G35/><T98/><D98/><U108/><E108/><V74/><F25/><W66/><G76/><AGARI ba="0,1" hai="5,9,15,30,31,62,65,69,73,76,81,82,86,89" machi="76" ten="40,3900,0" yaku="1,1,52,1,53,0" doraHai="63" doraHaiUra="41" who="1" fromWho="3" sc="541,0,165,49,142,0,142,-39" /><INIT seed="1,1,0,0,5,132" ten="541,214,142,103" oya="1" hai0="104,75,63,73,47,93,66,103,3,35,15,50,56" hai1="14,7,5,49,70,121,60,42,40,29,33,68,91" hai2="51,119,86,131,65,89,74,122,113,25,34,76,111" hai3="52,54,41,101,102,124,4,23,107,98,28,77,46"/><U55/><E121/><V127/><F51/><W16/><G4/><T6/><D104/><U114/><E114/><V78/><F65/><W133/><G133/><T8/><D35/><U105/><E105/><V17/><F17/><W30/><G124/><T38/><D38/><U18/><E91/><V135/><F25/><W59/><G77/><T19/><D103/><U2/><E70/><V123/><F86/><W84/><G84/><T116/><D93/><U1/><E1/><V106/><F89/><W109/><G109/><T22/><D116/><U117/><E117/><V115/><F78/><W95/><G107/><T97/><D97/><U96/><E96/><V92/><F92/><W31/><G101/><T130/><D130/><U69/><E69/><V37/><F76/><W20/><G20/><T85/><D85/><U26/><E68/><V87/><F87/><W118/><G118/><T45/><D45/><U80/><E60/><V120/><F113/><W126/><G126/><T36/><D36/><U44/><E80/><V53/><F53/><AGARI ba="1,0" hai="3,6,8,15,19,22,47,50,53,56,63,66,73,75" machi="53" ten="30,1000,0" yaku="7,1" doraHai="132" who="0" fromWho="2" sc="541,13,214,0,142,-13,103,0" /><INIT seed="2,0,0,3,4,40" ten="554,214,129,103" oya="2" hai0="31,8,25,20,12,61,13,93,26,24,73,41,54" hai1="35,38,9,88,71,103,77,76,37,45,56,132,14" hai2="81,42,116,2,47,55,64,18,127,43,102,63,29" hai3="69,125,126,99,83,109,92,36,57,59,100,62,124"/><V135/><F2/><W78/><G36/><T82/><D73/><U118/><E71/><V49/><F116/><W95/><G109/><T115/><D82/><U58/><E132/><V65/><F135/><W107/><G69/><T33/><D41/><N who="2" m="15370" /><F102/><W19/><G19/><T79/><D79/><U60/><E103/><V72/><F72/><W98/><G59/><N who="0" m="35063" /><D115/><U23/><E35/><V128/><F29/><W123/><G123/><T90/><D33/><U44/><E118/><V94/><F94/><N who="3" m="35883" /><G57/><N who="1" m="22122" /><E38/><V27/><F128/><W121/><G62/><T112/><D112/><U129/><E129/><V106/><F106/><W21/><G21/><T48/><D48/><U113/><E37/><V7/><F63/><W22/><G22/><T122/><D122/><U0/><E113/><V70/><F70/><W133/><G121/><T101/><D101/><U87/><E0/><V32/><F32/><W52/><G133/><T91/><D91/><U96/><E60/><V5/><F127/><W51/><G51/><T114/><D114/><U104/><E104/><V75/><F75/><N who="3" m="43487" /><G52/><T119/><D119/><U6/><E96/><AGARI ba="0,0" hai="96,98,99,100,107,124,125,126" m="43487,35883" machi="96" ten="40,5200,0" yaku="18,1,34,2" doraHai="40" who="3" fromWho="1" sc="554,0,214,-52,129,0,103,52" /><INIT seed="3,0,0,3,5,89" ten="554,162,129,155" oya="3" hai0="126,1,90,74,80,79,62,115,135,13,25,85,41" hai1="16,14,56,119,93,120,100,49,87,66,48,128,21" hai2="132,94,26,53,44,102,61,29,4,117,107,95,71" hai3="54,30,67,18,99,5,58,2,65,7,81,108,37"/><W97/><G37/><T78/><D1/><U98/><E128/><V38/><F117/><W113/><G113/><T88/><D115/><U75/><E120/><V124/><F4/><N who="3" m="1611" /><G2/><T42/><D126/><U133/><E75/><V129/><F124/><W27/><G108/><T110/><D110/><U8/><E133/><V36/><F132/><W82/><G30/><T45/><D135/><U86/><E119/><V9/><F9/><W103/><G27/><T84/><D74/><U123/><E123/><V114/><F129/><W51/><G18/><T11/><D25/><N who="1" m="14503" /><E66/><N who="3" m="25098" /><G103/><T96/><D62/><U72/><E72/><V122/><F122/><W91/><G97/><T35/><D96/><U6/><E49/><N who="2" m="28839" /><F114/><W83/><G99/><T109/><D109/><U20/><E20/><V50/><F50/><W125/><G125/><T106/><D106/><U116/><E116/><V69/><F38/><W46/><G46/><T127/><D127/><U112/><E112/><V70/><F36/><W15/><G15/><T24/><D24/><U60/><E60/><V10/><F61/><W12/><G12/><T22/><D35/><U43/><E43/><N who="0" m="16393" /><D45/><U40/><E40/><V76/><F107/><W57/><G57/><T33/><D33/><U92/><E56/><V59/><F59/><W19/><G19/><N who="0" m="10607" /><D11/><U64/><E64/><V52/><F10/><W130/><G130/><T63/><D63/><U105/><E48/><V73/><F69/><W0/><G0/><T17/><D17/><U104/><E104/><V118/><F71/><W47/><G58/><T31/><D31/><U3/><E3/><RYUUKYOKU ba="0,0" sc="554,10,162,10,129,-30,155,10" hai0="78,79,80,84,85,88,90" hai1="6,8,14,86,87,92,93,98,100,105" hai3="47,51,54,81,82,83,91" /><INIT seed="3,1,0,2,1,58" ten="564,172,99,165" oya="3" hai0="69,13,118,72,64,77,14,131,10,53,104,120,29" hai1="108,62,133,25,15,33,46,35,93,111,82,124,71" hai2="94,84,4,17,31,76,96,122,121,119,51,87,128" hai3="3,89,56,68,50,117,86,99,113,132,9,107,23"/><W49/><G117/><T74/><D14/><U79/><E133/><V115/><F31/><W81/><G68/><T34/><D77/><U61/><E93/><V54/><F4/><W44/><G113/><T41/><D41/><U43/><E124/><V101/><F119/><W2/><G132/><T126/><D53/><U103/><E103/><V22/><F115/><W75/><G75/><T42/><D42/><U127/><E15/><V60/><F128/><W70/><G70/><T66/><D66/><N who="1" m="41423" /><E62/><V129/><F129/><W116/><G116/><T48/><D48/><N who="1" m="26719" /><E25/><V65/><F76/><W18/><G56/><T106/><D106/><U112/><E112/><V105/><F105/><W28/><G28/><T45/><D45/><U78/><E127/><V55/><F122/><W16/><G107/><T102/><D131/><U27/><E27/><V91/><F121/><W37/><G99/><N who="0" m="61535" /><D126/><U24/><E24/><V40/><F40/><W1/><G37/><T39/><D39/><U130/><E130/><V0/><F0/><W88/><G89/><T83/><D83/><U38/><E38/><V32/><F32/><N who="1" m="12361" /><E82/><V7/><F7/><W90/><G90/><T95/><D95/><U92/><E92/><V114/><F114/><W97/><G97/><T135/><D135/><U125/><E125/><V57/><F51/><W21/><G49/><T6/><D120/><U98/><E98/><V109/><F109/><AGARI ba="1,0" hai="78,79,108,109,111" m="12361,26719,41423" machi="109" ten="30,2000,0" yaku="14,1,52,1" doraHai="58" who="1" fromWho="2" sc="564,0,172,23,99,-23,165,0" owari="564,65.0,195,0.0,76,-42.0,165,-23.0" /></mjloggm>