<mjloggm ver="2.3"><GO type="97" lobby="0"/><UN n0="%70%6F%69%73%6F%6E%32%32" n1="%E3%82%A6%E3%83%AB%E3%83%88%E3%83%A9%E7%AB%8B%E7%9B%B4" n2="%E3%83%96%E3%82%A8%E3%81%A1%E3%82%83%E3%82%93" n3="%72%6F%62%6F%78" dan="14,15,15,14" rate="1825.34,2071.85,1977.47,1874.10" sx="M,M,M,M"/><TAIKYOKU oya="0"/><INIT seed="0,0,0,1,3,63" ten="250,250,250,250" oya="0" hai0="78,123,1,82,32,20,104,61,107,112,3,5,130" hai1="85,50,131,117,2,88,19,122,103,58,102,119,109" hai2="64,55,30,23,80,46,84,66,34,4,15,135,69" hai3="65,91,9,41,62,39,0,26,51,115,8,105,125"/><T38/><D123/><U12/><E2/><V79/><F69/><W128/><G105/><T42/><D112/><U81/><E122/><V70/><F70/><W113/><G128/><T22/><D22/><U90/><E131/><V74/><F135/><W94/><G125/><T29/><D20/><U120/><E109/><V47/><F34/><W57/><G39/><T127/><D130/><U111/><E111/><V92/><F74/><W77/><G77/><T11/><D1/><U96/><E120/><V7/><F92/><W44/><G26/><N who="0" m="18487" /><D61/><U72/><E72/><V25/><F15/><W56/><G56/><T100/><D100/><U35/><E35/><V54/><F46/><W134/><G134/><T27/><D27/><U116/><E90/><V59/><F47/><W75/><G75/><N who="0" m="43359" /><D127/><U83/><E83/><V89/><F89/><W37/><G0/><T98/><D98/><U73/><E73/><V68/><F68/><W71/><G115/><T21/><D21/><U126/><E126/><V43/><F43/><W48/><G113/><T114/><D114/><U118/><N who="1" m="29696" /><DORA hai="40" /><U14/><E14/><V67/><F55/><N who="3" m="31975" /><G51/><AGARI ba="0,0" hai="4,7,23,25,30,51,54,59,64,66,67,79,80,84" machi="51" ten="40,8000,1" yaku="8,1,52,3" doraHai="63,40" who="2" fromWho="3" sc="250,0,250,0,250,80,250,-80" /><INIT seed="1,0,0,2,4,121" ten="250,250,330,170" oya="1" hai0="79,135,36,73,122,52,32,18,4,15,31,57,44" hai1="76,71,1,95,41,59,51,107,88,25,89,62,45" hai2="67,8,87,14,109,123,85,58,46,82,10,132,99" hai3="70,35,116,86,17,90,77,37,112,43,114,7,53"/><U61/><E1/><V133/><F123/><W11/><G70/><T69/><D69/><U23/><E107/><V75/><F75/><W30/><G116/><T124/><D4/><U12/><E76/><V102/><F46/><W50/><G77/><T128/><D122/><U126/><E126/><V28/><F28/><W91/><G91/><T84/><D73/><U16/><E71/><V39/><F39/><W6/><G37/><T47/><D124/><U56/><E95/><V78/><F85/><W21/><G43/><T81/><D36/><U119/><E119/><V54/><F67/><W60/><G60/><T100/><D135/><N who="2" m="51786" /><F14/><W29/><G35/><T49/><D100/><U63/><E12/><V113/><F113/><W26/><G7/><T3/><D3/><U0/><E0/><V33/><F33/><W9/><G114/><T93/><D93/><U96/><E96/><V97/><F109/><W22/><G112/><T125/><D125/><U118/><E118/><V108/><F108/><W98/><G98/><N who="2" m="37385" /><F102/><W2/><G11/><T74/><D74/><U65/><E61/><AGARI ba="0,0" hai="8,10,54,58,61,78,82,87" m="37385,51786" machi="61" ten="30,1000,0" yaku="20,1" doraHai="121" who="2" fromWho="1" sc="250,0,250,-10,330,10,170,0" /><INIT seed="2,0,0,0,4,40" ten="250,240,340,170" oya="2" hai0="135,101,75,4,84,48,95,30,72,25,43,124,44" hai1="100,132,57,37,28,90,46,121,86,14,7,55,33" hai2="3,110,66,34,1,104,82,13,2,97,125,85,52" hai3="103,50,89,133,35,58,98,80,54,108,107,26,106"/><V126/><F34/><W120/><G120/><T118/><D4/><U113/><E113/><V131/><F66/><W73/><G133/><T31/><D135/><U87/><E132/><V88/><F131/><W68/><G68/><T115/><D115/><U117/><E117/><V38/><F38/><W0/><G0/><T42/><D31/><U109/><E109/><V11/><F110/><W71/><G71/><T64/><D64/><U67/><E100/><V112/><F112/><W127/><G127/><N who="2" m="48649" /><F104/><W12/><G108/><T17/><D17/><U94/><E28/><V47/><F97/><W83/><G106/><T92/><D124/><U119/><E33/><V32/><F32/><W23/><G35/><T134/><D134/><U18/><E7/><N who="2" m="3327" /><F1/><W49/><G73/><T10/><D75/><U114/><E114/><V51/><AGARI ba="0,0" hai="2,3,47,51,52,82,85,88" m="3327,48649" machi="51" ten="30,11700,0" yaku="18,1,52,1,54,2" doraHai="40" who="2" fromWho="2" sc="250,-39,240,-39,340,117,170,-39" /><INIT seed="2,1,0,0,3,44" ten="211,201,457,131" oya="2" hai0="3,94,2,38,22,51,42,92,90,61,119,105,40" hai1="37,111,54,41,112,60,57,16,49,12,29,11,30" hai2="131,127,0,48,126,113,80,34,104,27,118,70,46" hai3="117,81,26,43,25,24,5,67,100,103,68,19,21"/><V33/><F48/><W115/><G117/><T7/><D105/><U74/><E74/><V10/><F27/><W50/><G115/><T14/><D38/><U32/><E112/><V79/><F46/><W124/><G124/><T109/><D42/><U98/><E111/><V69/><F80/><W132/><G132/><T23/><D94/><U6/><E37/><V9/><F79/><W86/><G5/><T123/><D23/><U96/><E32/><V13/><F13/><W106/><G106/><T28/><D123/><U31/><E6/><V20/><F20/><W75/><G75/><T56/><D7/><U95/><E95/><V39/><F9/><W77/><G68/><T18/><D28/><U114/><E114/><V59/><F59/><W71/><G71/><T133/><D109/><U45/><AGARI ba="1,0" hai="11,12,16,29,30,31,41,45,49,54,57,60,96,98" machi="45" ten="30,7900,0" yaku="0,1,8,1,52,1,54,1" doraHai="44" who="1" fromWho="1" sc="211,-21,201,82,457,-40,131,-21" /><INIT seed="3,0,0,2,4,63" ten="190,283,417,110" oya="3" hai0="3,93,107,118,121,84,80,109,82,16,22,33,117" hai1="83,69,89,1,113,98,23,120,39,134,49,8,101" hai2="5,86,94,135,21,13,56,124,99,9,88,100,106" hai3="37,42,119,54,46,15,64,108,78,90,67,29,44"/><W32/><G119/><T65/><D33/><U11/><E69/><V27/><F135/><W0/><G0/><T35/><D107/><U103/><E134/><V40/><F124/><W104/><G104/><T77/><D35/><U36/><E23/><V97/><F40/><W12/><G78/><T132/><D132/><U24/><E24/><V6/><F56/><W57/><G32/><T76/><D121/><U30/><E89/><V127/><F127/><W26/><G26/><T81/><D3/><U41/><E83/><V34/><F34/><W123/><G123/><T47/><D93/><U62/><E30/><V59/><F59/><W75/><G75/><T58/><D82/><U14/><E98/><V73/><F73/><W114/><G114/><T51/><D81/><U105/><E105/><V38/><F38/><W72/><G72/><T130/><D77/><U102/><E113/><V92/><F5/><W48/><G29/><T112/><D112/><U10/><E14/><V20/><F27/><W74/><G74/><T126/><D126/><U122/><E1/><V91/><AGARI ba="0,0" hai="6,9,13,20,21,86,88,91,92,94,97,99,100,106" machi="91" ten="20,2700,0" yaku="0,1,7,1,54,1" doraHai="63" who="2" fromWho="2" sc="190,-7,283,-7,417,27,110,-13" owari="183,-22.0,276,8.0,444,54.0,97,-40.0" /></mjloggm>