<mjloggm ver="2.3"><GO type="97" lobby="0"/><UN n0="%6D%61%6B%69%73%68%69%6E" n1="%70%6F%6E%2D%65%6E" n2="%E3%81%8B%E3%81%B6%E3%81%AE%E4%B8%80%E5%A4%9C%E6%BC%AC%E3%81%91" n3="%E3%82%A6%E3%83%AB%E3%83%88%E3%83%A9%E7%AB%8B%E7%9B%B4" dan="13,15,15,15" rate="1890.19,1938.21,2035.53,1983.68" sx="M,M,M,M"/><TAIKYOKU oya="0"/><INIT seed="0,0,0,0,1,45" ten="250,250,250,250" oya="0" hai0="121,81,43,17,127,50,6,124,28,66,29,14,51" hai1="122,128,131,105,97,53,27,117,126,69,78,31,79" hai2="56,40,89,23,83,3,135,2,16,20,74,57,132" hai3="24,67,60,11,114,9,106,110,65,18,12,19,108"/><T130/><D121/><U77/><E122/><V41/><F74/><W102/><G114/><T86/><D6/><U44/><E117/><V63/><F83/><W88/><G102/><T5/><D5/><U54/><E69/><V120/><F89/><W116/><G106/><T91/><D66/><U10/><E126/><N who="0" m="48169" /><D43/><U38/><E10/><V62/><F120/><W33/><G116/><T61/><D61/><U8/><E8/><V59/><F56/><W4/><G65/><T82/><D82/><U26/><E105/><V22/><F22/><W133/><G60/><T39/><D39/><U90/><E38/><V93/><F93/><W46/><G67/><T55/><D130/><N who="1" m="49707" /><E44/><V109/><REACH who="2" step="1"/><F16/><REACH who="2" ten="250,250,240,250" step="2"/><W68/><G19/><T99/><D17/><U7/><E90/><V37/><F37/><W87/><G18/><T64/><D29/><U36/><E31/><V25/><F25/><W84/><G24/><T30/><D28/><U111/><E27/><V107/><F107/><W49/><G11/><T1/><D30/><U34/><E26/><V76/><F76/><W47/><G9/><T125/><D91/><U96/><E79/><V42/><F42/><W104/><G88/><T75/><D81/><U103/><E78/><V52/><F52/><W21/><G104/><T92/><D55/><U72/><E77/><V134/><F134/><W112/><G133/><T118/><D75/><U48/><E54/><V94/><F94/><W73/><G73/><T35/><D92/><U13/><E53/><V70/><F70/><W101/><G68/><T115/><D125/><U95/><E72/><RYUUKYOKU ba="0,1" sc="250,-10,250,-10,240,30,250,-10" hai2="2,3,20,23,40,41,57,59,62,63,109,132,135" /><INIT seed="1,1,1,4,2,33" ten="240,240,270,240" oya="1" hai0="9,95,46,34,27,81,89,127,119,107,59,125,104" hai1="45,129,111,109,94,11,0,17,110,1,16,79,97" hai2="49,115,117,134,85,20,74,15,4,91,132,38,62" hai3="75,83,80,2,105,64,21,40,24,101,57,78,28"/><U123/><E123/><V82/><F117/><W63/><G40/><T126/><D119/><U86/><E129/><V32/><F38/><W29/><G105/><T18/><D81/><N who="1" m="47423" /><E45/><V53/><F32/><W131/><G131/><T121/><D121/><U22/><E11/><N who="2" m="4583" /><F74/><W88/><G101/><T23/><D46/><U98/><E98/><V93/><F62/><W133/><G133/><N who="2" m="51305" /><F20/><W76/><G29/><T25/><D59/><U37/><E37/><V90/><F115/><W68/><G68/><T7/><D34/><U102/><E17/><V52/><F49/><W47/><G57/><T13/><REACH who="0" step="1"/><D27/><AGARI ba="1,1" hai="0,1,16,22,27,94,97,102,109,110,111" m="47423" machi="27" ten="30,12000,1" yaku="14,1,10,1,52,2,54,1" doraHai="33" who="1" fromWho="0" sc="240,-123,240,133,270,0,240,0" /><INIT seed="1,2,0,3,4,68" ten="117,373,270,240" oya="1" hai0="63,49,54,21,100,62,53,107,122,48,36,22,111" hai1="106,7,57,79,34,2,59,71,76,84,102,132,32" hai2="74,134,23,86,45,20,19,30,31,75,97,123,104" hai3="9,69,40,110,96,42,4,126,95,38,124,72,12"/><U1/><E84/><V131/><F123/><W128/><G69/><T35/><D107/><U66/><E71/><V67/><F67/><W33/><G33/><T14/><D100/><U127/><E102/><V125/><F86/><W56/><G72/><T116/><D35/><U65/><E106/><V44/><F97/><W108/><G56/><T114/><D14/><U85/><E85/><V3/><F19/><W135/><G42/><T60/><D122/><U87/><E87/><V130/><F3/><W27/><G27/><T58/><D116/><U82/><E7/><V70/><F70/><W50/><G50/><T101/><D101/><U78/><E78/><V17/><F17/><W13/><G13/><T51/><D114/><U89/><E89/><V11/><F11/><W47/><G128/><T105/><D105/><U6/><E6/><V18/><F18/><W29/><G29/><T118/><D118/><U64/><E64/><V8/><F8/><W133/><G95/><T93/><D93/><U41/><E41/><V37/><F104/><W16/><G96/><T52/><D111/><N who="3" m="42537" /><G4/><T109/><D109/><U112/><E112/><V73/><F75/><W113/><G113/><T117/><D117/><U28/><E28/><V129/><F129/><W88/><G88/><T91/><D91/><U119/><E119/><V77/><F77/><W43/><G43/><T80/><D80/><U99/><E99/><V5/><F5/><W25/><G25/><T98/><D98/><U115/><E115/><V83/><F73/><W90/><G90/><T55/><N who="0" m="13824" /><DORA hai="92" /><T121/><D121/><RYUUKYOKU ba="2,0" sc="117,-10,373,-10,270,-10,240,30" hai3="9,12,16,38,40,47,124,126,133,135" /><INIT seed="2,3,0,4,5,128" ten="107,363,260,270" oya="2" hai0="107,6,55,13,52,14,66,72,49,121,89,57,54" hai1="60,85,134,126,109,135,92,27,40,19,2,75,90" hai2="7,33,78,101,112,16,34,82,94,97,53,42,35" hai3="105,130,133,28,123,70,18,84,29,0,98,15,73"/><V12/><F112/><W115/><G84/><T106/><D72/><U113/><E113/><V65/><F65/><W32/><G28/><T99/><D121/><U104/><E104/><V58/><F42/><W110/><G18/><T5/><D66/><U111/><E2/><V10/><F7/><W47/><G15/><T102/><D107/><U96/><E126/><V131/><F131/><W39/><G47/><T63/><D55/><U95/><E60/><V81/><REACH who="2" step="1"/><F78/><REACH who="2" ten="107,363,250,270" step="2"/><W25/><G130/><T117/><D117/><U116/><E116/><V51/><AGARI ba="3,1" hai="10,12,16,33,34,35,51,53,58,81,82,94,97,101" machi="51" ten="30,11700,0" yaku="1,1,2,1,0,1,54,1,53,0" doraHai="128" doraHaiUra="62" who="2" fromWho="2" sc="107,-42,363,-42,250,136,270,-42" /><INIT seed="2,4,0,0,1,92" ten="65,321,386,228" oya="2" hai0="58,98,119,16,80,43,135,93,31,59,130,95,83" hai1="61,3,67,124,18,99,38,69,132,112,94,7,114" hai2="21,84,46,56,96,27,37,60,45,109,79,123,105" hai3="52,131,117,34,88,126,9,85,42,53,33,55,23"/><V54/><F123/><W97/><G117/><T86/><D119/><U129/><E124/><V66/><F109/><W57/><G34/><T40/><D135/><U6/><E132/><V116/><F116/><W128/><G33/><T68/><D130/><N who="3" m="49705" /><G126/><T50/><D68/><U121/><E129/><V133/><F133/><W0/><G42/><T77/><D31/><U73/><E121/><V20/><F37/><W82/><G23/><T1/><D1/><U118/><E118/><V81/><F20/><W75/><G75/><T120/><D120/><U70/><E73/><V15/><F15/><W36/><G36/><T90/><D95/><U100/><E38/><V25/><F25/><W26/><G26/><T115/><D83/><U106/><E70/><V49/><F105/><W103/><G9/><T89/><D89/><U108/><E108/><V12/><F12/><W134/><G0/><T51/><D115/><U64/><E3/><V107/><F107/><N who="3" m="63983" /><G134/><T32/><D32/><U104/><E104/><V76/><F76/><W28/><G28/><T19/><D43/><U122/><E106/><V113/><F113/><W13/><G13/><T74/><D74/><U48/><E114/><V101/><F101/><W22/><G22/><T44/><REACH who="0" step="1"/><D51/><REACH who="0" ten="55,321,386,228" step="2"/><U5/><E122/><V47/><F96/><W2/><G2/><T24/><D24/><U17/><E112/><V39/><REACH who="2" step="1"/><F39/><REACH who="2" ten="55,321,376,228" step="2"/><W4/><G4/><T8/><D8/><U78/><E6/><V125/><F125/><W63/><AGARI ba="4,2" hai="52,53,55,57,63,82,85,88" m="63983,49705" machi="63" ten="30,7900,0" yaku="19,1,52,1,54,2" doraHai="92" who="3" fromWho="3" sc="55,-24,321,-24,376,-43,228,111" /><INIT seed="3,0,0,4,4,131" ten="31,297,333,339" oya="3" hai0="49,46,97,36,127,12,69,120,94,104,101,56,125" hai1="16,6,132,123,11,74,13,78,42,93,8,96,59" hai2="32,21,99,64,88,14,128,38,129,25,84,20,33" hai3="85,41,91,119,89,111,1,116,75,67,55,54,39"/><W86/><G67/><T24/><D12/><U81/><E132/><V135/><F135/><W79/><G1/><T80/><D24/><U63/><E123/><V122/><F122/><W45/><G79/><T53/><D120/><U9/><E42/><V70/><F38/><W37/><G41/><T3/><D3/><U133/><E133/><V48/><F99/><W23/><G23/><N who="2" m="8777" /><F14/><W102/><G45/><T29/><D29/><U77/><E77/><V130/><F25/><W34/><G102/><T4/><D4/><U22/><E6/><V100/><F100/><W90/><G90/><T58/><D69/><U2/><E2/><V110/><F110/><W126/><G111/><T40/><D56/><U61/><REACH who="1" step="1"/><E59/><REACH who="1" ten="31,287,333,339" step="2"/><V115/><F115/><W83/><G119/><T117/><D117/><U52/><E52/><V95/><F48/><W68/><G55/><T87/><REACH who="0" step="1"/><D104/><REACH who="0" ten="21,287,333,339" step="2"/><U98/><E98/><V103/><F103/><AGARI ba="0,2" hai="8,9,11,13,16,22,61,63,74,78,81,93,96,103" machi="103" ten="40,2600,0" yaku="1,1,54,1,53,0" doraHai="131" doraHaiUra="71" who="1" fromWho="2" sc="21,0,287,46,333,-26,339,0" owari="21,-48.0,333,13.0,307,-9.0,339,44.0" /></mjloggm>