<mjloggm ver="2.3"><GO type="97" lobby="0"/><UN n0="%CE%B4%D0%BE%D1%8F%D1%8F%D1%83%22" n1="%E3%82%A2%E3%82%B7%E3%83%A5%E3%83%AA%E3%83%BC" n2="%E3%82%A6%E3%83%AB%E3%83%88%E3%83%A9%E7%AB%8B%E7%9B%B4" n3="%E3%81%A8%E3%81%8D%E3%81%95%E3%81%8B%E3%82%82" dan="13,15,15,15" rate="1867.15,2000.38,1979.98,1859.63" sx="F,F,M,M"/><TAIKYOKU oya="0"/><INIT seed="0,0,0,2,3,23" ten="250,250,250,250" oya="0" hai0="134,91,54,118,101,62,20,100,64,27,41,92,119" hai1="109,26,121,77,94,112,97,29,31,127,48,50,18" hai2="120,126,114,65,76,47,122,130,116,14,52,84,21" hai3="11,81,32,103,22,13,113,117,55,132,43,99,33"/><T17/><D134/><U0/><E0/><V71/><F84/><W80/><G117/><T2/><D2/><U111/><E121/><N who="2" m="46699" /><F76/><W45/><G113/><T19/><D41/><U90/><E112/><V107/><F14/><W125/><G55/><T4/><D4/><U40/><E40/><V129/><F21/><W37/><G125/><T104/><D104/><U70/><E70/><V67/><F107/><W86/><G81/><T108/><D108/><N who="1" m="41547" /><E127/><V34/><F34/><W75/><G75/><T87/><D54/><U60/><E60/><N who="2" m="40359" /><F126/><W69/><G69/><T53/><D53/><U135/><E77/><V6/><F6/><W39/><G22/><T106/><D106/><U123/><E123/><V78/><F78/><W89/><G132/><T98/><D98/><U10/><E135/><V115/><F67/><W12/><G12/><T3/><D3/><U44/><E10/><V88/><F88/><W56/><G99/><T49/><D119/><U1/><E1/><V15/><F15/><W46/><G13/><T66/><D118/><U68/><E18/><V58/><F116/><W51/><G11/><T8/><D19/><U83/><E31/><V131/><F47/><W73/><G73/><T102/><D8/><U110/><E44/><V79/><F79/><W105/><G105/><T7/><D7/><U63/><E110/><V5/><F5/><W95/><G46/><T61/><D64/><N who="1" m="40991" /><E83/><V35/><F35/><AGARI ba="0,0" hai="26,29,35,48,50,90,94,97" m="40991,41547" machi="35" ten="30,2000,0" yaku="14,1,52,1" doraHai="23" who="1" fromWho="2" sc="250,0,250,20,250,-20,250,0" /><INIT seed="1,0,0,0,1,91" ten="250,270,230,250" oya="1" hai0="12,101,79,110,7,123,81,132,82,83,94,116,128" hai1="124,95,106,15,111,6,88,98,5,1,135,9,118" hai2="35,58,89,100,26,42,109,86,108,63,103,78,50" hai3="55,104,127,54,74,60,37,119,122,13,67,77,46"/><U97/><E118/><V71/><F78/><W23/><G122/><T16/><D123/><U45/><E111/><N who="2" m="42571" /><F26/><W43/><G127/><T113/><D110/><U126/><E135/><V11/><F11/><W69/><G119/><T38/><D128/><U130/><E130/><V25/><F25/><W24/><G13/><T129/><D132/><U117/><E117/><V20/><F20/><W57/><G104/><T56/><D38/><U4/><E45/><N who="2" m="25911" /><F35/><W115/><G115/><T80/><D113/><U40/><E40/><V0/><F0/><W29/><REACH who="3" step="1"/><G69/><REACH who="3" ten="250,270,230,240" step="2"/><T34/><D116/><U73/><E1/><V61/><F71/><W17/><G17/><T134/><D129/><U48/><E126/><V99/><F58/><W93/><G93/><T8/><D134/><U133/><E124/><V120/><F120/><W59/><G59/><T28/><D79/><U90/><E133/><V107/><F103/><W92/><G92/><AGARI ba="0,1" hai="61,63,86,89,92,99,100,107" m="25911,42571" machi="92" ten="30,2000,0" yaku="14,1,52,1" doraHai="91" who="2" fromWho="3" sc="250,0,270,0,230,30,240,-20" /><INIT seed="2,0,0,1,2,45" ten="250,270,260,220" oya="2" hai0="115,29,66,8,47,60,51,26,33,113,0,43,13" hai1="111,133,99,131,107,54,112,128,11,49,125,74,21" hai2="110,42,38,102,64,122,84,25,5,27,97,48,94" hai3="20,35,22,119,126,130,34,70,88,46,23,109,31"/><V79/><F38/><W129/><G119/><T69/><REACH who="0" step="1"/><D0/><REACH who="0" ten="240,270,260,220" step="2"/><U32/><E112/><V56/><F122/><W134/><G126/><T10/><D10/><U91/><E125/><V15/><F110/><W17/><G109/><T61/><D61/><U95/><E111/><V14/><F84/><W85/><G134/><T101/><D101/><U57/><E133/><V127/><F127/><W24/><G70/><T124/><D124/><U96/><E74/><V62/><F79/><W73/><G73/><T4/><AGARI ba="0,1" hai="4,8,13,26,29,33,43,47,51,60,66,69,113,115" machi="4" ten="20,8000,1" yaku="21,2,0,1,7,1,52,1,53,0" doraHai="45" doraHaiUra="18" who="0" fromWho="0" sc="240,90,270,-20,260,-40,220,-20" /><INIT seed="3,0,0,4,4,40" ten="330,250,220,200" oya="3" hai0="77,55,110,32,7,38,80,46,30,126,54,91,10" hai1="129,98,97,119,120,67,56,33,132,57,60,45,114" hai2="27,135,103,49,64,25,131,133,83,134,118,113,121" hai3="18,42,37,73,115,70,26,112,48,68,86,14,41"/><W21/><G73/><N who="0" m="43055" /><D110/><U87/><E114/><V52/><F113/><W85/><G48/><T50/><D32/><U5/><E129/><V4/><F131/><W127/><G26/><T0/><D30/><U78/><E132/><V71/><F118/><W94/><G94/><T43/><D126/><U17/><E119/><V61/><F121/><W76/><G127/><T6/><D6/><U88/><E120/><V96/><F83/><W16/><G76/><T63/><D63/><U58/><E33/><V116/><F4/><W123/><G123/><T89/><D55/><U11/><E78/><V106/><F116/><W47/><G14/><T95/><D95/><N who="1" m="54687" /><E17/><V31/><F31/><W105/><G105/><T108/><D108/><U104/><E104/><V35/><F35/><W84/><G84/><T93/><D93/><U34/><E34/><V53/><F53/><W65/><G21/><T3/><D3/><U125/><E125/><V82/><F82/><W90/><G90/><T36/><D36/><U128/><E128/><V2/><F2/><W79/><G79/><T13/><D13/><N who="1" m="5359" /><E45/><AGARI ba="0,0" hai="25,27,45,49,52,61,64,71,96,103,106,133,134,135" machi="45" ten="40,5200,0" yaku="20,1,52,1,54,1" doraHai="40" who="2" fromWho="1" sc="330,0,250,-52,220,52,200,0" /><AGARI ba="0,0" hai="0,7,10,38,43,45,46,50,54,89,91" m="43055" machi="45" ten="30,3900,0" yaku="25,1,52,2" doraHai="40" who="0" fromWho="1" sc="330,39,198,-39,272,0,200,0" owari="369,47.0,159,-34.0,272,7.0,200,-20.0" /></mjloggm>