<mjloggm ver="2.3"><GO type="97" lobby="0"/><UN n0="%E3%82%A6%E3%83%AB%E3%83%88%E3%83%A9%E7%AB%8B%E7%9B%B4" n1="%65%74%61%6B%61%32%34" n2="%E7%BE%BD%E7%94%9F%E6%B0%B8%E4%B8%96%E5%90%8D%E4%BA%BA" n3="%E4%BA%8C%E4%BB%A3%E7%9B%AE%E3%82%A2%E3%83%A1%E3%83%96%E3%83%A9" dan="15,13,13,15" rate="1987.66,1822.80,1925.39,1995.84" sx="M,M,M,M"/><TAIKYOKU oya="0"/><INIT seed="0,0,0,5,2,129" ten="250,250,250,250" oya="0" hai0="52,78,73,131,22,1,91,112,28,96,79,27,48" hai1="100,11,62,14,0,4,87,113,40,61,21,6,105" hai2="121,16,98,135,85,133,45,102,123,53,101,29,97" hai3="33,57,38,15,132,127,69,64,68,47,25,37,43"/><T84/><D1/><U92/><E113/><V126/><F29/><W13/><G38/><T31/><D112/><U99/><E40/><V51/><F85/><W12/><G127/><T103/><D73/><U65/><E62/><V72/><F72/><W120/><G120/><T55/><D131/><U30/><E6/><V56/><F126/><W5/><G5/><T109/><D109/><U7/><E7/><V20/><F121/><W116/><G116/><T54/><D48/><U35/><E105/><V130/><F123/><W60/><G132/><N who="2" m="50761" /><F130/><W81/><G81/><T124/><D124/><U134/><E134/><V76/><F76/><W10/><G10/><T39/><D39/><U86/><E35/><V19/><F45/><W71/><G25/><T114/><D114/><U18/><REACH who="1" step="1"/><E30/><REACH who="1" ten="250,240,250,250" step="2"/><V128/><F128/><W58/><G33/><T36/><D31/><U77/><E77/><V49/><F49/><W67/><G37/><T26/><D36/><U104/><E104/><N who="2" m="63535" /><F20/><W125/><G125/><T42/><D79/><U66/><E66/><V111/><F111/><W17/><G67/><T119/><D78/><U44/><E44/><V41/><F41/><W59/><G47/><T83/><D42/><U23/><E23/><V9/><F9/><N who="3" m="6287" /><G43/><T75/><D75/><U32/><E32/><V74/><F74/><W8/><G8/><T106/><D119/><U117/><E117/><V122/><F122/><W70/><N who="3" m="17408" /><DORA hai="63" /><W107/><G107/><AGARI ba="0,1" hai="16,19,51,53,56,98,102,107" m="63535,50761" machi="107" ten="30,8000,1" yaku="20,1,52,3,54,1" doraHai="129,63" who="2" fromWho="3" sc="250,0,240,0,250,90,250,-80" /><INIT seed="1,0,0,2,5,54" ten="250,240,340,170" oya="1" hai0="26,104,116,115,77,36,14,132,21,23,118,53,91" hai1="88,108,19,9,0,50,18,39,99,32,27,119,15" hai2="107,31,106,10,109,2,83,68,48,72,41,86,130" hai3="98,100,69,80,92,5,122,40,44,24,37,129,133"/><U30/><E119/><V79/><F68/><W61/><G122/><T11/><D104/><U34/><E39/><V4/><F130/><W124/><G129/><T42/><D77/><U70/><E70/><V101/><F109/><W85/><G133/><T131/><D42/><U59/><E108/><V82/><F31/><W117/><G117/><T81/><D36/><U17/><E34/><V43/><F101/><W114/><G114/><T62/><D115/><U49/><E0/><V87/><F72/><W110/><G110/><T93/><D81/><U1/><E1/><V66/><F66/><W102/><G124/><T46/><D23/><U105/><E49/><V135/><F135/><W57/><G69/><T8/><D132/><U22/><E32/><V112/><F112/><W60/><G100/><T20/><D131/><U7/><E105/><V84/><F84/><W121/><G121/><T126/><D126/><U13/><E13/><V63/><F63/><W45/><G45/><T35/><D35/><U76/><E76/><V103/><F107/><W55/><G24/><T127/><D127/><U95/><E30/><V51/><F43/><W75/><G75/><T134/><D134/><U47/><E59/><V6/><F41/><AGARI ba="0,0" hai="7,9,15,17,18,19,22,27,41,47,50,88,95,99" machi="41" ten="30,5800,0" yaku="7,1,8,1,54,1" doraHai="54" who="1" fromWho="2" sc="250,0,240,58,340,-58,170,0" /><INIT seed="1,1,0,1,2,48" ten="250,298,282,170" oya="1" hai0="65,104,54,60,128,62,133,80,3,16,116,15,4" hai1="61,31,0,43,134,70,96,10,36,85,52,90,44" hai2="117,118,86,93,34,112,9,50,105,57,47,6,26" hai3="64,74,81,19,101,21,113,46,14,69,25,24,100"/><U12/><E134/><V82/><F105/><W35/><G113/><T94/><D104/><U11/><E31/><V121/><F121/><W18/><G69/><T28/><D116/><U131/><E131/><V55/><F112/><W73/><G64/><T97/><D28/><U83/><E0/><V32/><F93/><W114/><G114/><T71/><D128/><U77/><E11/><V59/><F117/><W41/><G35/><T78/><D133/><U107/><E107/><V37/><F118/><W132/><G132/><T126/><D126/><U88/><E96/><V42/><F57/><W5/><G5/><T17/><D3/><U111/><E111/><V92/><F26/><W122/><G122/><T87/><D4/><U51/><E70/><V127/><F92/><W53/><G25/><T108/><D108/><U13/><E13/><V109/><F127/><W115/><G115/><T72/><D72/><U45/><E61/><V2/><REACH who="2" step="1"/><F109/><REACH who="2" ten="250,298,272,170" step="2"/><W106/><G106/><T91/><D71/><U75/><E75/><V123/><F123/><W22/><G73/><T20/><D65/><U120/><E120/><V27/><F27/><W79/><REACH who="3" step="1"/><G53/><REACH who="3" ten="250,298,272,160" step="2"/><T84/><D54/><U130/><E130/><V38/><F38/><AGARI ba="1,2" hai="14,18,19,21,22,24,38,41,46,74,79,81,100,101" machi="38" ten="30,3900,0" yaku="1,1,2,1,7,1,53,0" doraHai="48" doraHaiUra="110" who="3" fromWho="2" sc="250,0,298,0,272,-42,160,62" /><INIT seed="2,0,0,5,4,29" ten="250,298,230,222" oya="2" hai0="40,17,52,106,116,73,3,62,129,15,127,35,115" hai1="82,23,33,44,21,30,128,84,8,41,48,77,32" hai2="22,4,0,6,97,12,107,14,113,67,24,34,132" hai3="124,25,100,88,130,86,109,71,126,80,101,70,72"/><V96/><F67/><W26/><G72/><T93/><D106/><U13/><E128/><V89/><F107/><W38/><G38/><T10/><D115/><U131/><E131/><V7/><F113/><W133/><G130/><T56/><D129/><U9/><E9/><V74/><F74/><W135/><G109/><T99/><D73/><U66/><E66/><V92/><F0/><W11/><G11/><T63/><D3/><U121/><E121/><V18/><F132/><N who="3" m="50763" /><G25/><T79/><D79/><U134/><E134/><V55/><F34/><N who="1" m="13417" /><E30/><V110/><F110/><W90/><G26/><T117/><D35/><U19/><E19/><V50/><REACH who="2" step="1"/><F97/><REACH who="2" ten="250,298,220,222" step="2"/><W47/><G70/><T123/><D123/><U85/><E85/><V112/><F112/><W105/><G71/><T60/><D99/><U27/><E27/><V58/><AGARI ba="0,1" hai="4,6,7,12,14,18,22,24,50,55,58,89,92,96" machi="58" ten="30,11700,0" yaku="1,1,0,1,8,1,53,1" doraHai="29" doraHaiUra="53" who="2" fromWho="2" sc="250,-39,298,-39,220,127,222,-39" /><INIT seed="2,1,0,1,0,111" ten="211,259,347,183" oya="2" hai0="101,97,28,95,82,13,50,129,16,98,4,53,131" hai1="120,15,35,64,67,7,93,46,91,14,80,133,43" hai2="132,40,135,126,27,48,87,59,83,102,25,118,74" hai3="23,6,20,70,26,55,5,63,108,103,127,71,37"/><V0/><F0/><W56/><G37/><T33/><D4/><N who="3" m="1641" /><G71/><T96/><D28/><U57/><E35/><V62/><F74/><W58/><G70/><T21/><D33/><U1/><E133/><V128/><F118/><W125/><G108/><T42/><D42/><U18/><E120/><V68/><F68/><W66/><G103/><T10/><D21/><U61/><E1/><V51/><F102/><W11/><G11/><T112/><D112/><U38/><E7/><V12/><F12/><W119/><G26/><T88/><D129/><U116/><E116/><V69/><F128/><W30/><G30/><T75/><D131/><U41/><E41/><V107/><F69/><W114/><G114/><T100/><D100/><U2/><E2/><V79/><F107/><W65/><G65/><T89/><D89/><U115/><E115/><V92/><F135/><W78/><G78/><T113/><D113/><U94/><E67/><V34/><F132/><W84/><G84/><N who="0" m="50199" /><D75/><U105/><E105/><V76/><F34/><W123/><G123/><T29/><D29/><U77/><E91/><V8/><F76/><W54/><G119/><T36/><D36/><U32/><E32/><V106/><F106/><W22/><G66/><T24/><D24/><U47/><E47/><AGARI ba="1,0" hai="10,13,16,47,50,53,95,96,97,98,101" m="50199" machi="47" ten="30,7700,0" yaku="25,1,8,1,54,2" doraHai="111" who="0" fromWho="1" sc="211,80,259,-80,347,0,183,0" /><INIT seed="3,0,0,3,1,114" ten="291,179,347,183" oya="3" hai0="116,19,41,73,84,94,56,35,11,124,92,20,75" hai1="45,127,128,39,57,12,50,74,17,1,62,32,66" hai2="26,51,129,64,79,33,42,8,4,83,80,106,96" hai3="2,125,121,25,113,14,102,99,29,122,54,132,16"/><W87/><G2/><T38/><D35/><U131/><E32/><V5/><F64/><W120/><G113/><T7/><D41/><U95/><E1/><V43/><F33/><W18/><G132/><T49/><D38/><U108/><E74/><V24/><F106/><W52/><G87/><T10/><D124/><U58/><E39/><V13/><F96/><W9/><G18/><T135/><D135/><U36/><E36/><V97/><F97/><W98/><G98/><T48/><D84/><U82/><E127/><V103/><F103/><W34/><REACH who="3" step="1"/><G125/><REACH who="3" ten="291,179,347,173" step="2"/><T119/><D19/><U61/><E108/><V81/><F4/><W22/><G22/><T60/><D20/><U86/><E95/><AGARI ba="0,1" hai="9,14,16,25,29,34,52,54,95,99,102,120,121,122" machi="95" ten="40,7700,0" yaku="1,1,54,2,53,0" doraHai="114" doraHaiUra="133" who="3" fromWho="1" sc="291,0,179,-77,347,0,173,87" /><INIT seed="3,1,0,3,3,42" ten="291,102,347,260" oya="3" hai0="86,52,3,22,57,13,36,124,47,10,79,80,32" hai1="87,43,53,118,62,81,88,6,100,85,59,91,15" hai2="99,117,29,120,71,90,46,38,25,31,133,111,101" hai3="11,21,51,67,23,109,104,17,60,89,92,119,61"/><W121/><G104/><T72/><D32/><U83/><E118/><V78/><F117/><W34/><G34/><T49/><D124/><U30/><E30/><V103/><F71/><W18/><G119/><T54/><D36/><U134/><E134/><V45/><F38/><W33/><G33/><T7/><D22/><U130/><E130/><V116/><F116/><W68/><G121/><T24/><D24/><U123/><E123/><V110/><F120/><W16/><G109/><N who="2" m="41481" /><F78/><W127/><G127/><T93/><D93/><U44/><E100/><N who="2" m="38475" /><F133/><W75/><G75/><T37/><D37/><U94/><E6/><V39/><F39/><W82/><G82/><T131/><D131/><U125/><E125/><V97/><F90/><W5/><G60/><T129/><D129/><U4/><E4/><V50/><F31/><W9/><G51/><T113/><D113/><U96/><E15/><V114/><F114/><W41/><G41/><T2/><D72/><U126/><E126/><V35/><F46/><W64/><G64/><T66/><D66/><U76/><E43/><AGARI ba="1,0" hai="25,29,35,43,45,50,97,99" m="38475,41481" machi="43" ten="30,2000,0" yaku="14,1,52,1" doraHai="42" who="2" fromWho="1" sc="291,0,102,-23,347,23,260,0" owari="291,9.0,79,-42.0,370,47.0,260,-14.0" /></mjloggm>