<mjloggm ver="2.3"><GO type="97" lobby="0"/><UN n0="%E3%81%97%E3%83%BC%E3%81%A1%E3%81%8D%E3%82%93" n1="%E8%B6%85%E6%94%BB%E6%92%83%E9%9B%80%E5%A3%AB" n2="%E9%9B%80%E7%8C%AB%E3%81%8B%E3%81%BE%E3%81%BC%E3%81%93" n3="%E3%82%A6%E3%83%AB%E3%83%88%E3%83%A9%E7%AB%8B%E7%9B%B4" dan="14,15,13,15" rate="2035.60,1999.73,1849.65,1937.23" sx="M,M,M,M"/><TAIKYOKU oya="0"/><INIT seed="0,0,0,4,1,10" ten="250,250,250,250" oya="0" hai0="94,111,47,97,88,68,85,1,2,30,56,113,58" hai1="34,112,4,9,36,26,96,89,62,122,63,29,133" hai2="69,129,110,32,90,27,18,103,93,117,60,78,50" hai3="35,121,25,37,5,132,119,92,24,13,19,83,42"/><T72/><D113/><U70/><E122/><V128/><F78/><W41/><G119/><T51/><D68/><U77/><E77/><V102/><F110/><W49/><G37/><T130/><D72/><U106/><E36/><V105/><F117/><W16/><G132/><T55/><D111/><U75/><E75/><V65/><F50/><W125/><G125/><T135/><D135/><U28/><E133/><V20/><F32/><W134/><G134/><T95/><D130/><N who="2" m="50282" /><F105/><W48/><G5/><T7/><D30/><U124/><E124/><V99/><AGARI ba="0,0" hai="18,20,27,60,65,69,90,93,99,102,103" m="50282" machi="99" ten="30,1100,0" yaku="19,1" doraHai="10" who="2" fromWho="2" sc="250,-5,250,-3,250,11,250,-3" /><INIT seed="1,0,0,2,5,64" ten="245,247,261,247" oya="1" hai0="98,21,53,69,36,70,22,122,91,72,109,17,23" hai1="33,60,112,88,81,121,114,9,85,131,19,62,3" hai2="87,42,10,32,66,77,12,113,49,51,46,76,34" hai3="16,80,89,73,61,79,117,15,106,126,55,84,31"/><U18/><E121/><V8/><F113/><W48/><G106/><T110/><D36/><U130/><E33/><V44/><F10/><W0/><G0/><T38/><D38/><U57/><E60/><V120/><F120/><W20/><G126/><T74/><D122/><U29/><E29/><V37/><F66/><W24/><G117/><T116/><D116/><U56/><E56/><V4/><F37/><W105/><G105/><T111/><D17/><U103/><E103/><V47/><F47/><W95/><G61/><T67/><D53/><U52/><E18/><V13/><F13/><W14/><REACH who="3" step="1"/><G31/><REACH who="3" ten="245,247,261,237" step="2"/><T90/><D67/><U2/><E2/><V54/><F77/><W5/><G5/><T96/><D96/><U124/><E124/><V59/><F59/><AGARI ba="0,1" hai="14,15,16,20,24,48,55,59,73,79,80,84,89,95" machi="59" ten="30,3900,0" yaku="1,1,7,1,54,1,53,0" doraHai="64" doraHaiUra="115" who="3" fromWho="2" sc="245,0,247,0,261,-39,237,49" /><INIT seed="2,0,0,1,1,15" ten="245,247,222,286" oya="2" hai0="77,47,80,135,52,116,74,64,14,40,50,102,106" hai1="41,13,105,88,113,62,35,0,55,128,132,89,120" hai2="99,17,78,2,90,87,65,126,44,79,60,25,118" hai3="76,101,100,71,133,61,20,29,96,54,11,1,53"/><V21/><F126/><W115/><G76/><T122/><D122/><U16/><E0/><V107/><F118/><W66/><G100/><T8/><D116/><U81/><E113/><V70/><F2/><W63/><G63/><T57/><D135/><U114/><E114/><V110/><F110/><W130/><G115/><T23/><D64/><U56/><E105/><V42/><F99/><W95/><G133/><T18/><D102/><U19/><E35/><V38/><REACH who="2" step="1"/><F107/><REACH who="2" ten="245,247,212,286" step="2"/><W48/><G1/><T68/><D106/><U58/><E132/><V98/><F98/><W36/><G96/><T94/><D68/><U3/><E3/><V97/><F97/><W39/><G71/><T30/><D94/><AGARI ba="0,1" hai="17,21,25,38,42,44,60,65,70,78,79,87,90,94" machi="94" ten="30,5800,0" yaku="1,1,7,1,52,1,53,0" doraHai="15" doraHaiUra="33" who="2" fromWho="0" sc="245,-58,247,0,212,68,286,0" /><INIT seed="2,1,0,1,4,84" ten="187,247,280,286" oya="2" hai0="29,106,135,61,2,127,40,99,105,13,21,128,28" hai1="17,51,124,30,63,94,56,36,119,62,9,110,71" hai2="79,47,85,41,97,115,69,32,77,58,50,64,7" hai3="130,121,125,46,65,39,24,4,54,15,20,16,78"/><V132/><F132/><W98/><G121/><T10/><D135/><U113/><E36/><V81/><F32/><W52/><G125/><T68/><D2/><U92/><E113/><V87/><F115/><W103/><G130/><T45/><D127/><U14/><E119/><V48/><F69/><W95/><G65/><T118/><D118/><U66/><E124/><V31/><F31/><W120/><G120/><T90/><D106/><U55/><E110/><V25/><F25/><W23/><G78/><T114/><D21/><U96/><E30/><V72/><F7/><W104/><G104/><T86/><D114/><U49/><E94/><V75/><F97/><W11/><G39/><T43/><D43/><U111/><E111/><V80/><REACH who="2" step="1"/><F64/><REACH who="2" ten="187,247,270,286" step="2"/><W122/><G122/><T37/><D99/><U70/><E71/><V35/><F35/><W60/><G4/><T83/><D128/><U134/><E134/><V129/><F129/><W26/><G26/><T102/><D68/><U101/><AGARI ba="1,1" hai="9,14,17,49,51,55,56,62,63,66,70,92,96,101" machi="101" ten="20,1500,0" yaku="0,1,7,1" doraHai="84" who="1" fromWho="1" sc="187,-5,247,28,270,-8,286,-5" /><INIT seed="3,0,0,4,4,81" ten="182,275,262,281" oya="3" hai0="73,120,66,132,45,93,3,13,25,129,49,128,106" hai1="92,70,121,90,77,125,46,94,111,33,114,99,31" hai2="116,72,16,52,7,56,22,11,57,113,65,37,110" hai3="64,83,98,95,51,39,50,28,44,69,76,88,47"/><W124/><G124/><T75/><D120/><U112/><E121/><V117/><F110/><W108/><G108/><T84/><D3/><U78/><E111/><V12/><F113/><W101/><G39/><T0/><D0/><U55/><E70/><V23/><F72/><W104/><G28/><T34/><D106/><U30/><E125/><V38/><F38/><W135/><G135/><T53/><D132/><U17/><E112/><V10/><F37/><W8/><G64/><T20/><D34/><U62/><E33/><V107/><F107/><W19/><G69/><T5/><D66/><U119/><E119/><V86/><F65/><W109/><G109/><T105/><D105/><U126/><E126/><V97/><F97/><W59/><G59/><T103/><D13/><U35/><E35/><V43/><F43/><W131/><G131/><N who="0" m="50251" /><D5/><U67/><E17/><V29/><F29/><N who="1" m="10761" /><E94/><V80/><F57/><W102/><G19/><N who="0" m="12447" /><D103/><U96/><E114/><V74/><F74/><W122/><G122/><T61/><D61/><U123/><E67/><V91/><F11/><W71/><G8/><T54/><D53/><U82/><E123/><V1/><F23/><W36/><G104/><T2/><D2/><U115/><E115/><V18/><F18/><W27/><G101/><T134/><D134/><U24/><E62/><AGARI ba="0,0" hai="1,7,10,12,16,22,52,56,62,80,86,91,116,117" machi="62" ten="30,7700,0" yaku="7,1,52,1,54,2" doraHai="81" who="2" fromWho="1" sc="182,0,275,-77,262,77,281,0" owari="182,-32.0,198,-20.0,339,44.0,281,8.0" /></mjloggm>