<mjloggm ver="2.3"><GO type="97" lobby="0"/><UN n0="%6D%61%73%79" n1="%E8%B5%A4%E7%9C%BC%E9%87%8E%E9%83%8E" n2="%E3%82%A6%E3%83%AB%E3%83%88%E3%83%A9%E7%AB%8B%E7%9B%B4" n3="%6B%69%6B%6F%38%34%39%32" dan="14,15,16,13" rate="1963.86,2017.89,1999.12,1904.47" sx="M,M,M,M"/><TAIKYOKU oya="0"/><INIT seed="0,0,0,1,0,1" ten="250,250,250,250" oya="0" hai0="37,13,6,108,35,22,77,90,29,20,112,111,32" hai1="39,23,52,60,40,120,79,55,122,88,3,62,65" hai2="125,97,93,101,30,19,80,67,100,91,17,107,82" hai3="118,135,126,96,48,7,51,64,43,25,2,63,61"/><T89/><D37/><U83/><E3/><V9/><F30/><W49/><G118/><T38/><D38/><U99/><E23/><V130/><F67/><W132/><G126/><T115/><D77/><U57/><E99/><N who="2" m="61887" /><F17/><W113/><G113/><N who="0" m="43595" /><D90/><U45/><E88/><N who="2" m="55463" /><F19/><W85/><G85/><T134/><D89/><U12/><E83/><N who="2" m="31787" /><F9/><W27/><G96/><T11/><D134/><N who="3" m="51241" /><G43/><T56/><D56/><N who="1" m="36999" /><E79/><V68/><F68/><N who="3" m="41999" /><G63/><T47/><D47/><U124/><E12/><V81/><F125/><W21/><G21/><N who="0" m="8299" /><D29/><U14/><E14/><V18/><F18/><W33/><G33/><AGARI ba="0,0" hai="6,11,13,32,33,35,108,111" m="8299,43595" machi="33" ten="40,7700,0" yaku="34,2,52,1" doraHai="1" who="0" fromWho="3" sc="250,77,250,0,250,0,250,-77" /><INIT seed="0,1,0,2,4,127" ten="327,250,250,173" oya="0" hai0="39,122,0,60,4,131,68,45,124,84,128,51,37" hai1="15,49,74,38,92,109,59,20,3,28,63,33,117" hai2="8,46,11,23,125,114,94,86,13,42,30,80,24" hai3="126,96,21,118,108,43,57,12,25,65,31,71,107"/><T112/><D112/><U67/><E74/><V29/><F125/><W47/><G118/><T121/><D124/><U106/><E3/><V82/><F114/><W73/><G71/><T76/><D0/><U90/><E106/><V105/><F105/><W72/><G108/><T2/><D2/><U134/><E117/><V120/><F120/><N who="0" m="46186" /><D84/><U9/><E38/><N who="0" m="14345" /><D76/><U66/><E109/><V16/><F94/><W103/><G126/><T116/><D4/><U83/><E134/><V132/><F132/><W113/><G113/><T85/><D85/><U26/><E83/><V111/><F111/><W101/><G101/><T56/><D68/><U75/><E75/><V40/><F82/><W18/><G47/><T115/><D116/><U50/><E66/><V91/><F46/><W95/><G43/><N who="0" m="25023" /><D115/><U129/><E33/><V123/><F123/><W5/><G107/><T119/><D119/><U58/><E15/><V55/><F11/><W104/><G104/><T79/><D79/><U6/><E9/><V98/><F98/><W53/><G5/><T10/><D10/><U87/><E6/><V7/><F7/><W62/><REACH who="3" step="1"/><G53/><AGARI ba="1,0" hai="53,56,60,128,131" m="25023,14345,46186" machi="53" ten="30,11600,0" yaku="34,2,52,2" doraHai="127" who="0" fromWho="3" sc="327,119,250,0,250,0,173,-119" /><INIT seed="0,2,0,5,4,104" ten="446,250,250,54" oya="0" hai0="133,40,108,131,135,94,12,55,25,48,13,66,41" hai1="31,6,52,92,24,27,38,89,87,128,118,45,1" hai2="56,65,2,60,112,32,113,69,134,75,21,103,5" hai3="119,39,44,11,96,34,82,17,116,91,61,62,115"/><T35/><D131/><U46/><E118/><V78/><F21/><W70/><G115/><T83/><D108/><U106/><E128/><V88/><F88/><W71/><G34/><T74/><D66/><U19/><E106/><V124/><F56/><W93/><G82/><T33/><D94/><U68/><E68/><V111/><F111/><W58/><G62/><T130/><D130/><U42/><E1/><V85/><F85/><W72/><G72/><T0/><D0/><U90/><E6/><V43/><F43/><W77/><G77/><N who="0" m="44471" /><D40/><U8/><E8/><N who="2" m="2103" /><F103/><W107/><G107/><T18/><D41/><U9/><E9/><V36/><F36/><W20/><G11/><N who="0" m="6431" /><D13/><U105/><E105/><V76/><F76/><W51/><G39/><T123/><D25/><U81/><E19/><V122/><F122/><W10/><G10/><T63/><D63/><U127/><E27/><V100/><F100/><W79/><G79/><T30/><D30/><U59/><E46/><V73/><F78/><W129/><G129/><T7/><D7/><U109/><E109/><V22/><F22/><W80/><G80/><T16/><D16/><U3/><E3/><V14/><F14/><W49/><G49/><T132/><D123/><U120/><E120/><V53/><F32/><W99/><G99/><T37/><D37/><U29/><E24/><V114/><F53/><N who="3" m="29927" /><G116/><T54/><D54/><U117/><E117/><V15/><F113/><W28/><G119/><T50/><D55/><U110/><E52/><V64/><F114/><W67/><G28/><T84/><D84/><U97/><E31/><RYUUKYOKU ba="2,0" sc="446,15,250,-15,250,-15,54,15" hai0="33,35,48,50,132,133,135" hai3="17,20,58,61,67,70,71,91,93,96" /><INIT seed="0,3,0,4,1,2" ten="461,235,235,69" oya="0" hai0="58,119,131,67,48,40,85,89,45,55,76,112,110" hai1="129,105,64,124,134,16,1,126,71,68,37,127,6" hai2="18,35,21,36,53,92,23,27,100,117,61,57,5" hai3="107,75,78,52,66,130,123,90,49,17,101,87,22"/><T3/><D119/><U24/><E105/><V125/><F36/><W56/><G130/><T111/><D112/><U69/><E64/><V47/><F35/><W103/><G123/><T96/><D131/><U10/><E37/><V135/><F125/><W46/><G107/><T115/><D115/><U44/><E44/><V102/><F135/><W132/><G132/><T41/><D76/><U95/><E134/><V33/><F33/><W7/><G75/><T84/><D3/><U108/><E129/><V60/><F117/><W93/><G78/><T118/><D118/><U116/><E116/><V86/><F47/><W38/><G38/><T133/><D133/><U65/><E95/><V122/><F122/><W4/><G66/><T26/><D26/><U121/><E121/><V0/><F0/><W59/><G46/><T32/><D32/><U83/><E83/><V50/><F5/><N who="3" m="2123" /><G59/><T70/><D70/><U12/><E108/><N who="0" m="41513" /><D67/><U19/><E65/><V94/><F57/><W97/><G97/><T34/><D34/><U128/><E128/><V25/><F86/><N who="0" m="33386" /><D58/><U15/><E24/><AGARI ba="3,0" hai="17,22,24,49,52,56,87,90,93,101,103" m="2123" machi="24" ten="30,8000,1" yaku="8,1,52,3,54,1" doraHai="2" who="3" fromWho="1" sc="461,0,235,-89,235,0,69,89" /><INIT seed="1,0,0,0,2,11" ten="461,146,235,158" oya="1" hai0="130,72,129,63,99,82,96,87,58,61,68,30,131" hai1="48,46,79,33,67,123,127,113,93,13,15,90,16" hai2="85,100,21,29,19,28,77,56,5,118,49,2,75" hai3="98,41,132,22,51,80,26,102,6,115,70,3,134"/><U18/><E33/><V97/><F75/><W38/><G115/><T92/><D72/><U135/><E123/><V20/><F118/><W25/><G70/><T66/><D30/><U42/><E113/><V119/><F119/><W71/><G38/><T73/><D73/><U109/><E135/><N who="3" m="51754" /><G71/><T104/><D104/><U117/><E117/><V60/><F21/><W53/><G41/><T126/><D126/><U88/><E127/><V81/><F49/><W47/><G80/><T52/><D92/><U62/><E79/><AGARI ba="0,0" hai="52,58,61,63,66,68,79,82,87,96,99,129,130,131" machi="79" ten="40,2600,0" yaku="19,1,54,1" doraHai="11" who="0" fromWho="1" sc="461,26,146,-26,235,0,158,0" /><INIT seed="2,0,0,3,4,56" ten="487,120,235,158" oya="2" hai0="118,122,24,31,25,54,45,66,70,43,86,16,57" hai1="119,127,7,82,84,48,50,107,29,36,11,41,10" hai2="134,91,69,121,44,39,112,110,123,63,109,55,94" hai3="93,113,115,2,42,3,38,46,128,92,81,106,28"/><V111/><F134/><W105/><G128/><T108/><D122/><N who="2" m="46602" /><F91/><W23/><G81/><T9/><D118/><U76/><E107/><V120/><F94/><W15/><G105/><T34/><D70/><U117/><E127/><V80/><F80/><W40/><G106/><T49/><D66/><U135/><E135/><V62/><F120/><W59/><G59/><T68/><D68/><U101/><E101/><V100/><F100/><W19/><G28/><T30/><D86/><U87/><E29/><V77/><F77/><W130/><G42/><T17/><D108/><U102/><E102/><V114/><F39/><W4/><G130/><T35/><D9/><U13/><E84/><V78/><F78/><W18/><G4/><T97/><D97/><U67/><E67/><N who="2" m="41207" /><F44/><W95/><REACH who="3" step="1"/><G19/><REACH who="3" ten="487,120,235,148" step="2"/><T32/><D32/><U47/><E36/><AGARI ba="0,1" hai="16,17,24,25,30,31,34,35,36,43,45,49,54,57" machi="36" ten="30,3900,0" yaku="7,1,9,1,54,1" doraHai="56" who="0" fromWho="1" sc="487,49,120,-39,235,0,148,0" /><INIT seed="3,0,0,3,3,29" ten="536,81,235,148" oya="3" hai0="0,53,49,72,89,45,102,96,43,31,75,109,28" hai1="83,35,76,116,22,95,73,17,78,122,130,16,94" hai2="21,67,65,115,87,63,50,33,41,1,107,106,129" hai3="125,108,118,8,99,62,32,39,123,113,70,77,36"/><W120/><G118/><T66/><D0/><U11/><E130/><V24/><F33/><W126/><G113/><T59/><D109/><U112/><E122/><N who="3" m="46634" /><G77/><T37/><D89/><U52/><E116/><V47/><F1/><W117/><G99/><T84/><D84/><U18/><E112/><V51/><F115/><W131/><G117/><T93/><D66/><U110/><E110/><V88/><F129/><W23/><G8/><T54/><D54/><U132/><E132/><V111/><F111/><W124/><G108/><T121/><D121/><U34/><E78/><V25/><F25/><W74/><G131/><T101/><D101/><U119/><E119/><V58/><F51/><W40/><G74/><T55/><D75/><U135/><E135/><V20/><F20/><W2/><G2/><T86/><D72/><U44/><E22/><V97/><F97/><W81/><G81/><T56/><D86/><U114/><E114/><V48/><F48/><AGARI ba="0,0" hai="28,31,37,43,45,48,49,53,55,56,59,93,96,102" machi="48" ten="30,2000,0" yaku="7,1,9,1" doraHai="29" who="0" fromWho="2" sc="536,20,81,0,235,-20,148,0" owari="556,65.0,81,-42.0,215,2.0,148,-25.0" /></mjloggm>