<mjloggm ver="2.3"><GO type="97" lobby="0"/><UN n0="%E9%9F%B3%E5%A7%89%E3%83%BB%E6%9C%80%E9%AB%98%21%21" n1="%E3%81%8F%E3%81%99%E3%81%AE%E3%81%8D" n2="%E8%BB%9F%E6%B0%B4" n3="%E3%82%A6%E3%83%AB%E3%83%88%E3%83%A9%E7%AB%8B%E7%9B%B4" dan="14,14,13,15" rate="1927.00,1939.77,2005.22,1974.04" sx="F,M,M,M"/><TAIKYOKU oya="0"/><INIT seed="0,0,0,2,1,103" ten="250,250,250,250" oya="0" hai0="3,127,52,117,133,40,8,100,38,20,81,131,4" hai1="29,50,15,48,46,118,21,132,13,82,87,120,98" hai2="115,85,1,17,2,19,56,62,107,51,74,109,95" hai3="116,70,34,104,31,7,108,59,58,89,97,67,129"/><T121/><D127/><U84/><E120/><V128/><F74/><W12/><G129/><T75/><D121/><U42/><E118/><V32/><F115/><W39/><G39/><T54/><D133/><U53/><E132/><V5/><F32/><W102/><G116/><T35/><D131/><U79/><E98/><V101/><F128/><W60/><G108/><T63/><D117/><U88/><E29/><V112/><F112/><W10/><REACH who="3" step="1"/><G89/><REACH who="3" ten="250,250,250,240" step="2"/><T123/><D123/><U37/><E37/><V61/><F109/><W41/><G41/><T78/><D100/><U16/><E15/><V23/><F101/><W65/><G65/><T43/><D35/><U111/><E111/><V71/><F2/><W93/><G93/><T114/><D114/><U36/><REACH who="1" step="1"/><E53/><REACH who="1" ten="250,240,250,240" step="2"/><V14/><F1/><W27/><AGARI ba="0,2" hai="7,10,12,27,31,34,58,59,60,67,70,97,102,104" machi="27" ten="30,8000,1" yaku="1,1,0,1,25,2,52,1,53,0" doraHai="103" doraHaiUra="90" who="3" fromWho="3" sc="250,-40,240,-20,250,-20,240,100" /><INIT seed="1,0,0,4,1,130" ten="210,220,230,340" oya="1" hai0="71,63,8,135,15,67,124,12,53,117,36,108,42" hai1="25,43,94,114,26,47,57,0,37,61,23,75,22" hai2="6,77,29,46,100,120,87,48,85,81,83,13,59" hai3="60,123,69,34,45,109,132,51,11,111,40,112,4"/><U72/><E114/><V56/><F120/><W133/><G34/><T104/><D104/><U28/><E0/><V115/><F115/><W21/><G112/><T2/><D117/><U58/><E94/><V39/><F39/><W32/><G32/><T89/><D135/><N who="3" m="51785" /><G123/><T127/><D124/><U134/><E134/><V73/><F100/><W110/><G21/><T107/><D127/><U95/><E95/><V49/><F73/><W105/><G105/><T78/><D107/><U3/><E3/><V92/><F92/><W24/><G24/><T18/><D108/><U125/><E125/><V55/><F29/><W5/><G11/><T35/><D35/><U96/><E96/><V128/><F128/><W82/><G82/><T121/><D121/><U16/><REACH who="1" step="1"/><E57/><REACH who="1" ten="210,210,230,340" step="2"/><V14/><F59/><W129/><G129/><T84/><D71/><U68/><E68/><V103/><F56/><W79/><G69/><T70/><D70/><U54/><AGARI ba="0,1" hai="16,22,23,25,26,28,37,43,47,54,58,61,72,75" machi="54" ten="20,7800,0" yaku="1,1,0,1,7,1,54,1,53,0" doraHai="130" doraHaiUra="97" who="1" fromWho="1" sc="210,-26,210,88,230,-26,340,-26" /><INIT seed="1,1,0,1,0,134" ten="184,298,204,314" oya="1" hai0="15,127,18,102,113,93,80,55,12,121,56,45,43" hai1="63,124,32,61,39,49,7,120,21,62,10,48,82" hai2="8,116,11,75,85,133,128,103,6,44,130,42,50" hai3="35,115,40,27,96,60,41,16,91,34,126,94,131"/><U1/><E120/><V4/><F116/><W68/><G115/><T47/><D121/><U53/><E39/><V37/><F75/><W104/><G104/><T114/><D127/><U78/><E32/><V58/><F103/><W123/><G123/><T117/><D117/><U81/><E124/><V89/><F133/><W66/><G126/><T90/><D102/><U87/><E81/><V83/><F37/><W28/><G35/><T31/><D31/><U71/><E21/><V14/><REACH who="2" step="1"/><F58/><REACH who="2" ten="184,298,194,314" step="2"/><W52/><G131/><T88/><D114/><U98/><E71/><V30/><F30/><W2/><G28/><T72/><D113/><U106/><E106/><V20/><F20/><W105/><G105/><T92/><D72/><U125/><E125/><V97/><F97/><W110/><G34/><T95/><D80/><U9/><E98/><V119/><F119/><W33/><G33/><T122/><D122/><U5/><REACH who="1" step="1"/><E53/><REACH who="1" ten="184,288,194,314" step="2"/><V132/><F132/><W109/><G52/><T51/><D43/><U46/><E46/><V99/><F99/><W77/><G41/><T100/><D45/><U101/><E101/><V25/><F25/><W69/><G40/><N who="0" m="25063" /><D100/><U54/><E54/><V57/><F57/><W26/><G69/><T17/><D55/><U76/><E76/><V65/><F65/><W64/><G64/><T0/><D56/><U112/><E112/><V129/><F129/><W3/><G77/><T29/><D29/><U108/><E108/><N who="3" m="41578" /><G27/><T118/><D118/><U74/><E74/><V84/><F84/><W86/><G86/><T111/><D111/><U107/><E107/><RYUUKYOKU ba="1,2" sc="184,-30,288,10,194,10,314,10" hai1="1,5,7,9,10,48,49,61,62,63,78,82,87" hai2="4,6,8,11,14,42,44,50,83,85,89,128,130" hai3="2,3,16,26,60,66,68,91,94,96" /><INIT seed="1,2,2,5,4,5" ten="154,298,204,324" oya="1" hai0="85,110,100,4,13,130,15,9,135,40,95,117,129" hai1="84,35,58,114,55,118,56,67,99,36,123,30,125" hai2="98,11,71,0,75,7,51,119,134,120,46,47,74" hai3="116,50,53,96,86,43,89,92,12,90,41,34,70"/><U122/><E118/><V2/><F119/><W23/><G34/><T63/><D117/><U82/><E114/><V66/><F120/><W48/><G70/><T124/><D110/><U80/><E125/><V88/><F2/><W72/><G72/><T83/><D40/><N who="3" m="15433" /><G116/><T121/><D121/><U105/><E36/><V76/><F134/><W79/><G79/><T103/><D135/><U87/><E67/><V69/><F69/><W57/><G23/><T38/><D38/><U20/><E35/><V102/><F46/><W108/><G108/><T93/><D124/><U32/><E32/><V54/><F76/><W59/><G12/><T44/><D44/><U112/><E112/><V133/><F133/><W78/><G78/><T62/><D4/><U109/><E109/><V28/><F28/><W39/><G39/><T77/><D77/><N who="1" m="46095" /><E99/><V18/><F18/><W61/><G59/><T17/><D17/><U81/><E105/><V113/><F113/><W94/><AGARI ba="2,2" hai="48,50,53,57,61,86,89,90,92,94,96" m="15433" machi="94" ten="30,1100,0" yaku="8,1" doraHai="5" who="3" fromWho="3" sc="154,-5,298,-7,204,-5,324,37" /><INIT seed="2,0,0,5,4,96" ten="149,291,199,361" oya="2" hai0="63,8,69,57,2,126,84,13,121,11,108,76,46" hai1="20,47,64,115,59,134,103,102,100,50,53,110,56" hai2="93,120,88,58,86,85,19,65,54,75,18,118,39" hai3="1,78,94,73,98,31,104,61,109,89,113,28,44"/><V62/><F75/><W92/><G1/><T122/><D108/><U67/><E110/><V71/><F39/><W41/><G104/><T133/><D126/><U124/><E115/><V43/><F120/><W16/><G109/><T36/><D133/><U25/><E134/><V0/><F0/><W5/><G5/><T33/><D33/><U125/><E125/><V79/><F43/><W52/><G78/><T49/><D36/><U95/><E124/><V12/><F118/><W17/><G73/><T91/><D69/><U45/><E95/><V97/><F79/><W7/><G7/><T30/><D30/><N who="3" m="11305" /><G113/><T74/><D2/><U66/><E47/><V101/><F12/><W132/><G132/><T107/><D107/><U26/><E20/><V130/><F86/><N who="3" m="52279" /><G41/><T42/><D76/><U37/><E37/><V129/><F129/><W60/><G61/><T127/><D74/><U90/><E90/><V35/><F35/><W72/><G72/><T106/><D106/><U105/><E105/><V15/><F15/><W68/><G68/><T51/><D127/><U3/><E3/><V38/><F38/><W99/><G99/><T34/><D34/><U80/><E80/><V21/><F21/><W81/><G81/><T123/><D51/><U70/><E70/><V77/><F77/><W111/><G111/><T29/><D29/><U114/><E114/><V24/><F24/><AGARI ba="0,0" hai="24,25,26,45,50,53,56,59,64,66,67,100,102,103" machi="24" ten="40,8000,1" yaku="8,1,52,3" doraHai="96" who="1" fromWho="2" sc="149,0,291,80,199,-80,361,0" /><INIT seed="3,0,0,5,2,52" ten="149,371,119,361" oya="3" hai0="19,77,98,74,32,49,112,11,66,17,111,89,135" hai1="100,0,82,119,88,63,44,13,128,85,55,70,121" hai2="53,75,122,28,62,133,106,29,61,34,87,116,107" hai3="54,16,10,78,123,20,8,92,59,64,104,103,84"/><W36/><G36/><T68/><D32/><U94/><E121/><V109/><F75/><W21/><G104/><T118/><D111/><U26/><E0/><V124/><F116/><W51/><G123/><T81/><D135/><U25/><E128/><V126/><F122/><W39/><G39/><T58/><D112/><U9/><E119/><V15/><F15/><N who="3" m="9247" /><G64/><T110/><D118/><U60/><E70/><V72/><F72/><W71/><G71/><T7/><D110/><U38/><E38/><V22/><F109/><W91/><G103/><T114/><D68/><U48/><E100/><V105/><F22/><W40/><G40/><T1/><D114/><U31/><E94/><V3/><F53/><W23/><G78/><T33/><D33/><U57/><E31/><V41/><F34/><W93/><G93/><T37/><D37/><U134/><E134/><V42/><F87/><W12/><G8/><T45/><D98/><U95/><E95/><V79/><F79/><W46/><G46/><T125/><D77/><U129/><E129/><V50/><F50/><W131/><G131/><T99/><D49/><U47/><E47/><V2/><F107/><W69/><G69/><T24/><D125/><U4/><E63/><V73/><F73/><W80/><G92/><N who="0" m="56719" /><D45/><U97/><E97/><V102/><REACH who="2" step="1"/><F133/><REACH who="2" ten="149,371,109,361" step="2"/><W86/><G86/><T18/><D74/><U76/><E76/><V108/><F108/><W130/><G130/><T83/><D66/><AGARI ba="0,1" hai="4,9,13,25,26,44,48,55,57,60,66,82,85,88" machi="66" ten="30,7700,0" yaku="7,1,8,1,52,1,54,1" doraHai="52" who="1" fromWho="0" sc="149,-77,371,87,109,0,361,0" owari="72,-43.0,458,56.0,109,-29.0,361,16.0" /></mjloggm>