<mjloggm ver="2.3"><GO type="97" lobby="0"/><UN n0="%6E%75%65%73%74%72%6F%37" n1="%E3%82%A6%E3%83%AB%E3%83%88%E3%83%A9%E7%AB%8B%E7%9B%B4" n2="%E3%81%88%E3%81%93" n3="%E3%83%AC%E3%82%A4%E3%83%8E%E3%83%83%E3%82%B7%E3%83%A5" dan="14,14,13,15" rate="1889.72,1917.10,1805.79,2013.44" sx="M,M,M,M"/><TAIKYOKU oya="0"/><INIT seed="0,0,0,4,2,41" ten="250,250,250,250" oya="0" hai0="48,124,60,82,95,25,8,120,49,54,0,34,65" hai1="32,93,118,14,29,71,43,64,31,61,42,88,97" hai2="63,111,80,9,3,4,67,125,109,47,128,72,46" hai3="87,33,131,6,119,103,105,96,7,127,10,56,129"/><T99/><D120/><U112/><E118/><V91/><F128/><N who="3" m="49227" /><G119/><T45/><D124/><U133/><E112/><V21/><F125/><W53/><G33/><T38/><D38/><U110/><E133/><V104/><F104/><W100/><G127/><T81/><D34/><U78/><E110/><N who="2" m="41995" /><F21/><W132/><G132/><T12/><D0/><U130/><E130/><V52/><F52/><W5/><G87/><T126/><D25/><U26/><E78/><N who="2" m="44103" /><F91/><W73/><G103/><T57/><D49/><U79/><E79/><V77/><F77/><W89/><G89/><N who="0" m="55791" /><D126/><U24/><REACH who="1" step="1"/><E14/><REACH who="1" ten="250,240,250,250" step="2"/><V62/><F62/><N who="3" m="36111" /><G73/><T101/><D101/><U18/><E18/><AGARI ba="0,1" hai="8,12,18,45,48,54,57,60,65,81,82" m="55791" machi="18" ten="30,2900,0" yaku="8,1,52,1" doraHai="41" who="0" fromWho="1" sc="250,39,240,-29,250,0,250,0" /><INIT seed="0,1,0,0,0,121" ten="289,211,250,250" oya="0" hai0="72,38,57,52,82,79,69,127,124,102,132,99,120" hai1="111,134,81,44,50,37,32,107,118,54,45,41,65" hai2="129,91,94,77,114,135,46,11,95,42,36,78,130" hai3="103,13,116,34,17,35,59,31,2,106,22,68,86"/><T39/><D120/><U67/><E107/><V83/><F114/><W119/><G68/><T12/><D69/><U71/><E32/><V27/><F135/><W4/><G59/><T110/><D132/><U85/><E134/><V92/><F27/><N who="3" m="18815" /><G86/><T126/><D12/><U51/><E118/><V19/><F91/><W131/><G131/><N who="2" m="50185" /><F83/><W40/><G40/><T20/><D20/><U25/><E25/><V123/><F123/><W26/><G103/><T55/><D55/><U62/><E85/><V97/><F97/><W87/><G87/><T5/><D5/><U8/><E81/><V61/><F61/><W18/><G106/><N who="0" m="63839" /><D110/><U100/><E8/><V29/><F29/><N who="3" m="19895" /><G18/><T117/><D117/><U3/><E100/><V105/><F105/><W89/><G89/><T30/><D30/><U66/><E3/><V75/><F75/><W108/><G108/><T74/><D74/><U16/><E16/><V0/><F0/><W47/><G47/><T109/><D109/><U84/><E84/><V90/><F90/><W28/><G28/><T101/><D101/><U88/><E88/><V76/><F76/><W14/><G14/><AGARI ba="1,0" hai="11,14,19,36,42,46,77,78,92,94,95" m="50185" machi="14" ten="30,1000,0" yaku="19,1" doraHai="121" who="2" fromWho="3" sc="289,0,211,0,250,13,250,-13" /><INIT seed="1,0,0,4,3,29" ten="289,211,263,237" oya="1" hai0="75,40,66,103,130,117,111,47,46,135,3,50,15" hai1="67,74,133,44,68,84,82,89,88,13,95,54,21" hai2="120,58,102,20,23,121,80,101,38,122,114,5,41" hai3="33,56,92,27,36,10,19,124,45,37,127,86,81"/><U107/><E107/><V98/><F114/><W134/><G134/><T61/><D3/><U49/><E133/><V77/><F5/><W125/><G92/><T48/><D75/><U12/><E74/><V4/><F4/><W43/><G56/><T57/><D103/><U131/><E131/><V26/><F38/><N who="3" m="21751" /><G10/><T106/><D15/><U42/><E68/><V71/><F71/><W126/><N who="3" m="32256" /><DORA hai="39" /><W128/><G128/><T62/><D130/><U73/><E67/><V72/><F41/><W25/><G25/><T60/><D106/><U85/><E73/><V97/><F58/><W22/><G33/><T32/><D32/><U119/><E119/><V108/><F108/><W112/><G112/><T9/><D9/><U53/><E21/><V8/><F8/><W76/><AGARI ba="0,0" hai="19,22,27,36,37,76,81,86" m="32256,21751" machi="76" ten="60,4000,0" yaku="18,1,52,1" doraHai="29,39" who="3" fromWho="3" sc="289,-10,211,-20,263,-10,237,40" /><INIT seed="2,0,0,5,3,82" ten="279,191,253,277" oya="2" hai0="62,84,108,70,68,40,103,16,26,75,115,129,89" hai1="120,116,117,59,132,43,56,71,33,112,87,5,49" hai2="34,135,54,128,94,64,104,6,85,37,31,14,25" hai3="122,7,63,57,106,125,9,118,133,113,30,81,10"/><V23/><F135/><W66/><G122/><T76/><D103/><U123/><E33/><V124/><F128/><W22/><G133/><T130/><D40/><U134/><E5/><V107/><F124/><W127/><G118/><N who="1" m="45674" /><E87/><V0/><F37/><W51/><G106/><T21/><D115/><U101/><E101/><V99/><F64/><W98/><G98/><T79/><D108/><U119/><N who="1" m="45682" /><U105/><DORA hai="60" /><E105/><V36/><F36/><W131/><G113/><T93/><D75/><U12/><E12/><V92/><F54/><N who="3" m="31967" /><G131/><N who="0" m="50187" /><D62/><U73/><E73/><V83/><F0/><W126/><G7/><T50/><D50/><U69/><E112/><V100/><F94/><W61/><G81/><T88/><D89/><U2/><E2/><V86/><F83/><W41/><G61/><T15/><D15/><U55/><E43/><V1/><F1/><W52/><G41/><T8/><D8/><U109/><E109/><V39/><F39/><W19/><G10/><T78/><AGARI ba="0,0" hai="16,21,26,68,70,76,78,79,84,88,93" m="50187" machi="78" ten="30,7900,0" yaku="19,1,52,1,54,2" doraHai="82,60" who="0" fromWho="0" sc="279,79,191,-20,253,-39,277,-20" /><INIT seed="3,0,0,2,1,72" ten="358,171,214,257" oya="3" hai0="34,26,35,39,3,37,14,43,15,80,121,89,28" hai1="107,32,44,13,103,45,54,83,82,11,25,129,92" hai2="91,98,71,65,48,110,119,55,60,36,108,104,123" hai3="124,47,133,4,106,74,24,31,105,116,0,115,111"/><W87/><G115/><T42/><D121/><U67/><E107/><V96/><F123/><W19/><G116/><T63/><D3/><U69/><E129/><V70/><F119/><W122/><G122/><T117/><D117/><U118/><E118/><V85/><F104/><W58/><G133/><T6/><D63/><U126/><E126/><V40/><F98/><W78/><G19/><T46/><D35/><U130/><E130/><V20/><F20/><W7/><G58/><T1/><D1/><U77/><E67/><V33/><F33/><W29/><G124/><T10/><D14/><U61/><E69/><N who="2" m="42151" /><F96/><W120/><G111/><N who="2" m="42537" /><F85/><W102/><G120/><T68/><D89/><U94/><E32/><V5/><F91/><W2/><G87/><T101/><D101/><U112/><E25/><V17/><F17/><W66/><G66/><T18/><D18/><U84/><E112/><V62/><F62/><W27/><G102/><T134/><D80/><U132/><E132/><V22/><F22/><W135/><G135/><T49/><D134/><U86/><E61/><V38/><F5/><W57/><G57/><T16/><D68/><N who="2" m="26154" /><F40/><W125/><G125/><T97/><D97/><U93/><E54/><V12/><F12/><W76/><G74/><T75/><D75/><U113/><E113/><V64/><F64/><W53/><G53/><T51/><D16/><N who="1" m="8255" /><E103/><V128/><F128/><W21/><G21/><T56/><D6/><U127/><E127/><V95/><F95/><N who="1" m="24321" /><U8/><DORA hai="59" /><E8/><V73/><F73/><W90/><G90/><T9/><D9/><U79/><AGARI ba="0,0" hai="44,45,77,79,82,83,84,86" m="24321,8255" machi="79" ten="30,8000,1" yaku="5,1,8,1,52,2,54,1" doraHai="72,59" who="1" fromWho="1" sc="358,-20,171,80,214,-20,257,-40" owari="338,44.0,251,5.0,194,-31.0,217,-18.0" /></mjloggm>