<mjloggm ver="2.3"><GO type="97" lobby="0"/><UN n0="%35%38%30" n1="%E3%82%A6%E3%83%AB%E3%83%88%E3%83%A9%E7%AB%8B%E7%9B%B4" n2="%74%61%6E%61%38%38%32%33" n3="%E8%8B%A5%E8%91%89%E5%8F%B0" dan="15,15,13,14" rate="2030.11,1991.00,1813.47,1948.26" sx="M,M,M,M"/><TAIKYOKU oya="0"/><INIT seed="0,0,0,1,3,36" ten="250,250,250,250" oya="0" hai0="49,80,10,135,37,30,86,126,11,132,6,101,89" hai1="54,107,58,95,108,12,133,106,114,60,22,56,97" hai2="17,83,121,26,124,0,18,57,102,104,122,73,87" hai3="33,46,65,61,70,35,19,116,41,55,67,42,109"/><T1/><D37/><U98/><E133/><V21/><F0/><W94/><G116/><T103/><D30/><U81/><E108/><V16/><F124/><W52/><G109/><T50/><D126/><U31/><E114/><V69/><F73/><W96/><G67/><T25/><D25/><U15/><E106/><V90/><F69/><W77/><G77/><T92/><D11/><U71/><E71/><V14/><F57/><W72/><G72/><T113/><D113/><U8/><E107/><V63/><F63/><W47/><G19/><T23/><D23/><U91/><E81/><V84/><F84/><W75/><G75/><T117/><D117/><U64/><E98/><V74/><F74/><W88/><G35/><T20/><D20/><U125/><E125/><V24/><F102/><W115/><G33/><T112/><D112/><U118/><E118/><V4/><F104/><W119/><G119/><T38/><D38/><U3/><E3/><V51/><F51/><N who="0" m="19466" /><D80/><U68/><E68/><V7/><F121/><W93/><G115/><T2/><D2/><U66/><E56/><V40/><F122/><W131/><G94/><T29/><D29/><U45/><E45/><V9/><REACH who="2" step="1"/><F40/><REACH who="2" ten="250,250,240,250" step="2"/><W134/><G41/><T27/><D27/><N who="1" m="16887" /><E15/><V111/><F111/><W123/><G123/><T78/><D78/><U59/><E59/><V62/><F62/><W79/><G61/><T34/><D34/><U28/><E28/><V105/><F105/><W120/><G79/><T13/><D1/><U130/><E60/><V43/><F43/><W110/><G120/><T100/><AGARI ba="0,1" hai="6,10,13,86,89,92,100,101,103,132,135" m="19466" machi="100" ten="30,1500,0" yaku="5,1" doraHai="36" who="0" fromWho="0" sc="250,25,250,-5,240,-5,250,-5" /><INIT seed="0,1,0,2,5,93" ten="275,245,235,245" oya="0" hai0="9,101,105,113,86,66,5,114,8,24,38,116,118" hai1="112,94,79,87,111,131,99,104,133,119,30,43,29" hai2="82,75,13,28,57,1,10,6,65,74,69,109,67" hai3="83,33,41,62,3,132,115,0,17,122,108,52,42"/><T124/><D38/><U125/><E119/><V18/><F69/><W60/><G115/><T100/><D66/><U123/><E123/><V19/><F109/><W98/><G33/><T15/><D24/><U56/><E111/><V76/><F28/><W50/><G108/><T127/><D86/><U97/><E104/><V90/><F74/><W27/><G122/><T106/><D15/><U129/><E43/><V40/><F40/><W63/><G132/><T78/><D78/><U48/><E133/><V68/><F68/><W7/><G83/><T88/><D5/><U22/><E125/><V45/><F90/><AGARI ba="1,0" hai="8,9,88,90,100,101,105,106,113,114,116,118,124,127" machi="90" ten="25,4800,0" yaku="22,2,54,1" doraHai="93" who="0" fromWho="2" sc="275,51,245,0,235,-51,245,0" /><INIT seed="0,2,0,3,3,15" ten="326,245,184,245" oya="0" hai0="24,22,105,76,67,102,27,125,54,126,6,48,33" hai1="93,35,44,100,104,18,62,4,123,51,2,56,112" hai2="25,121,12,92,133,116,58,117,86,119,34,46,95" hai3="64,97,13,16,94,72,20,82,57,89,110,47,63"/><T68/><D76/><U1/><E104/><V80/><F121/><W43/><G110/><T28/><D6/><U11/><E35/><V32/><F133/><W40/><G72/><T109/><D109/><U114/><E123/><V66/><F46/><W39/><G43/><T37/><D37/><U83/><E83/><V60/><F12/><W61/><G61/><T120/><D120/><U19/><E2/><V17/><F34/><W21/><G82/><T85/><D85/><U91/><E100/><V49/><F32/><W113/><G113/><N who="1" m="43626" /><E91/><N who="2" m="51655" /><F49/><W3/><G3/><T103/><D67/><N who="1" m="39367" /><E93/><V70/><F70/><W79/><G79/><T101/><D68/><U65/><E65/><V69/><F69/><W107/><G107/><T129/><D105/><U98/><E98/><V0/><F0/><W111/><G111/><T45/><REACH who="0" step="1"/><D129/><REACH who="0" ten="316,245,184,245" step="2"/><U99/><E99/><V30/><F30/><AGARI ba="2,1" hai="22,24,27,28,30,33,45,48,54,101,102,103,125,126" machi="30" ten="40,7700,0" yaku="1,1,2,1,53,1" doraHai="15" doraHaiUra="42" who="0" fromWho="2" sc="316,93,245,0,184,-83,245,0" /><INIT seed="0,3,0,3,1,60" ten="409,245,101,245" oya="0" hai0="27,128,9,37,51,40,113,32,56,112,0,117,64" hai1="30,41,100,84,17,25,3,82,1,22,127,72,58" hai2="98,2,111,114,48,83,129,19,89,52,131,130,120" hai3="101,75,104,133,13,15,55,134,118,20,116,47,7"/><T65/><D117/><U81/><E127/><V85/><F120/><W95/><G75/><T23/><D32/><U10/><E100/><V121/><F2/><W124/><G104/><T78/><D78/><U4/><E72/><V102/><F121/><W119/><G101/><T62/><D0/><U123/><E123/><V126/><F114/><N who="0" m="44138" /><D9/><U31/><E1/><V14/><F126/><W94/><G124/><T34/><D34/><U39/><E81/><V43/><F43/><W110/><G110/><T99/><D99/><U18/><E30/><V59/><F111/><W107/><G107/><T91/><D91/><U109/><E109/><V88/><F98/><W96/><G96/><T97/><D97/><U63/><E41/><V26/><F26/><W21/><G7/><T8/><D8/><U45/><E39/><V125/><F102/><W77/><G77/><T53/><D23/><U44/><E18/><V29/><F29/><W105/><G105/><T36/><D27/><U11/><E17/><V68/><F68/><W74/><G74/><T80/><D80/><U54/><E11/><N who="2" m="6623" /><F125/><W46/><G119/><T106/><D106/><U6/><E6/><V135/><F135/><W38/><G38/><N who="0" m="14955" /><D128/><N who="2" m="32770" /><V70/><DORA hai="28" /><F70/><W92/><G118/><T71/><D71/><U16/><REACH who="1" step="1"/><E31/><REACH who="1" ten="409,235,101,245" step="2"/><V76/><AGARI ba="3,1" hai="48,52,59,76,83,85,88,89" m="32770,6623" machi="76" ten="40,5200,0" yaku="19,1,54,2" doraHai="60,28" who="2" fromWho="2" sc="409,-29,235,-16,101,71,245,-16" /><INIT seed="1,0,0,1,3,3" ten="380,219,172,229" oya="1" hai0="55,52,101,17,104,65,63,32,131,64,134,35,31" hai1="126,79,38,40,54,8,58,83,18,71,7,74,133" hai2="122,135,59,48,69,86,129,99,116,43,34,102,13" hai3="36,84,30,113,23,123,96,108,80,128,10,4,61"/><U127/><E71/><V107/><F122/><W115/><G123/><T76/><D76/><U81/><E18/><V1/><F69/><W105/><G36/><T12/><D65/><U85/><E133/><V60/><F135/><W68/><G108/><T51/><D134/><U19/><E19/><V29/><F1/><W25/><G128/><T0/><D0/><U125/><E83/><V16/><F129/><W77/><G68/><T37/><D37/><U9/><E74/><V56/><F116/><W26/><G61/><T106/><D131/><U132/><E132/><V45/><F29/><W87/><G87/><T2/><D2/><U100/><E100/><V124/><F34/><W22/><G96/><T93/><D64/><U62/><E7/><V114/><F124/><W88/><G105/><T120/><D120/><U33/><REACH who="1" step="1"/><E33/><REACH who="1" ten="380,209,172,229" step="2"/><V94/><F114/><W21/><G115/><T121/><D17/><U118/><E118/><V130/><F130/><W78/><G113/><T5/><D5/><U66/><E66/><N who="2" m="39175" /><F107/><W53/><G4/><T44/><D35/><U24/><E24/><V20/><F59/><W42/><G26/><T28/><D32/><U15/><E15/><V111/><F111/><W49/><G25/><T6/><D121/><U73/><E73/><V50/><F50/><W39/><G49/><T97/><D106/><U89/><E89/><V109/><F109/><W47/><G39/><T90/><D90/><U27/><E27/><V117/><F117/><W112/><G112/><T119/><D104/><U82/><E82/><V57/><F57/><W75/><G80/><RYUUKYOKU ba="0,1" sc="380,-15,209,15,172,15,229,-15" hai1="8,9,38,40,54,58,62,79,81,85,125,126,127" hai2="13,16,20,43,45,48,86,94,99,102" /><INIT seed="1,1,1,2,5,14" ten="365,224,187,214" oya="1" hai0="9,91,24,42,16,77,107,17,86,54,135,7,95" hai1="106,41,76,59,97,84,109,134,79,92,89,8,51" hai2="96,120,129,71,13,32,19,61,93,28,130,40,66" hai3="35,94,52,116,43,11,48,26,128,82,127,60,78"/><U38/><E38/><V81/><F120/><W6/><G116/><T125/><D107/><U58/><E134/><V104/><F40/><W133/><G133/><T47/><D135/><U57/><E109/><V39/><F81/><W25/><G127/><T83/><D125/><U69/><E69/><V85/><F39/><W123/><G35/><T118/><D118/><U111/><E111/><V33/><F85/><W98/><G43/><T5/><D54/><U37/><E37/><V56/><F104/><W50/><G60/><T119/><D119/><U113/><E113/><V73/><F73/><W45/><G50/><N who="0" m="26999" /><D24/><U3/><E3/><V122/><F122/><W18/><G128/><N who="2" m="49257" /><F71/><W15/><G6/><N who="0" m="2059" /><D9/><U67/><E106/><V99/><F28/><W72/><REACH who="3" step="1"/><G123/><REACH who="3" ten="365,224,187,204" step="2"/><T44/><D44/><U121/><E121/><V87/><F33/><W105/><G105/><T80/><D80/><U30/><E51/><V20/><F32/><W34/><G34/><T115/><D115/><U22/><E41/><V4/><F4/><W46/><G46/><T64/><D64/><U102/><E67/><V62/><F62/><W68/><G68/><T27/><D27/><N who="1" m="16759" /><E58/><V21/><F21/><W88/><AGARI ba="1,2" hai="11,15,18,25,26,45,48,52,72,78,82,88,94,98" machi="88" ten="20,12000,2" yaku="1,1,0,1,7,1,52,1,54,2,53,0" doraHai="14" doraHaiUra="53" who="3" fromWho="3" sc="365,-31,224,-61,187,-31,204,143" /><INIT seed="2,0,0,5,5,109" ten="334,163,156,347" oya="2" hai0="39,72,91,86,135,61,49,4,56,44,43,67,52" hai1="90,93,116,96,83,112,37,31,89,8,27,117,45" hai2="129,124,29,62,41,38,25,111,60,134,22,115,57" hai3="121,110,123,54,2,47,19,108,76,84,95,75,105"/><V74/><F74/><W73/><G2/><T5/><D135/><U9/><E116/><V133/><F129/><W59/><G47/><T58/><REACH who="0" step="1"/><D72/><REACH who="0" ten="324,163,156,347" step="2"/><U107/><E117/><V114/><F124/><W48/><G75/><T92/><AGARI ba="0,1" hai="4,5,39,43,44,49,52,56,58,61,67,86,91,92" machi="92" ten="20,12000,2" yaku="1,1,2,1,0,1,7,1,54,1,53,1" doraHai="109" doraHaiUra="50" who="0" fromWho="0" sc="324,130,163,-30,156,-60,347,-30" /><INIT seed="3,0,0,1,4,77" ten="454,133,96,317" oya="3" hai0="8,100,90,5,130,127,0,16,44,89,56,63,15" hai1="45,19,135,133,34,71,37,96,3,76,53,31,82" hai2="129,59,65,52,93,68,102,95,26,128,74,27,69" hai3="86,30,113,57,67,40,43,32,99,18,10,134,104"/><W28/><G113/><T116/><D130/><N who="2" m="50282" /><F74/><W114/><G114/><T36/><D127/><U58/><E71/><N who="2" m="27211" /><F65/><W41/><G134/><N who="1" m="51210" /><E3/><V131/><N who="2" m="50290" /><V80/><DORA hai="20" /><F80/><W101/><G32/><T22/><D116/><U87/><E96/><N who="2" m="59663" /><F95/><N who="3" m="58623" /><G86/><T83/><D100/><U11/><E45/><V4/><F4/><W61/><G104/><T110/><D110/><U62/><E37/><V17/><F17/><W126/><G126/><T124/><D124/><U98/><E98/><V50/><AGARI ba="0,0" hai="26,27,50,52,59" m="59663,27211,50290" machi="50" ten="50,8000,1" yaku="19,1,52,2,54,1" doraHai="77,20" who="2" fromWho="2" sc="454,-20,133,-20,96,80,317,-40" owari="434,53.0,113,-39.0,176,-22.0,277,8.0" /></mjloggm>