<mjloggm ver="2.3"><GO type="41" lobby="0"/><UN n0="%4B%55%52%4F%57%42" n1="%E3%82%A6%E3%83%AB%E3%83%88%E3%83%A9%E7%AB%8B%E7%9B%B4" n2="%E3%81%AE%E3%82%8A%E3%82%BB%E3%83%8A" n3="%28%2F%D0%B4%EF%BC%BC%2A%29" dan="13,16,15,15" rate="1823.24,2073.09,2040.44,1980.30" sx="M,M,M,F"/><TAIKYOKU oya="0"/><INIT seed="0,0,0,4,3,34" ten="250,250,250,250" oya="0" hai0="114,106,116,19,99,94,129,91,22,35,10,69,67" hai1="59,82,123,132,112,6,24,107,13,76,115,80,96" hai2="85,54,62,78,89,108,49,37,16,101,122,0,5" hai3="60,57,32,95,1,90,23,65,66,87,63,61,105"/><T83/><D116/><U77/><E123/><V134/><F122/><W119/><G105/><T29/><D114/><U72/><E24/><V15/><F37/><W42/><G32/><T118/><D118/><U21/><E21/><V70/><F108/><W4/><G42/><T93/><D129/><U86/><E13/><V120/><F120/><W98/><G119/><T84/><D106/><U92/><E59/><V74/><F134/><W64/><G23/><T113/><D113/><U14/><E14/><V38/><F38/><W41/><G41/><T127/><D127/><U51/><E51/><V46/><F101/><W73/><G73/><T44/><D35/><U130/><E6/><V81/><F70/><W55/><G4/><T125/><D125/><U111/><E111/><V31/><F31/><W103/><G1/><T12/><D69/><U79/><E132/><V110/><F110/><W26/><G26/><N who="0" m="16599" /><D67/><U53/><E130/><V43/><F43/><W88/><REACH who="3" step="1"/><G103/><REACH who="3" ten="250,250,250,240" step="2"/><N who="0" m="60911" /><D94/><AGARI ba="0,1" hai="55,57,60,61,63,64,65,66,87,88,90,94,95,98" machi="94" ten="40,5200,0" yaku="1,1,8,1,54,1,53,0" doraHai="34" doraHaiUra="97" who="3" fromWho="0" sc="250,-52,250,0,250,0,240,62" /><INIT seed="1,0,0,2,3,52" ten="198,250,250,302" oya="1" hai0="27,87,49,11,68,46,10,114,103,64,132,54,63" hai1="78,18,81,76,105,70,102,14,33,98,56,112,91" hai2="73,29,35,109,47,82,127,6,100,79,9,21,43" hai3="90,22,133,17,57,86,8,23,123,7,93,51,59"/><U117/><E70/><V24/><F127/><W5/><G123/><T72/><D114/><U95/><E33/><V1/><F109/><W40/><G133/><T28/><D132/><U124/><E124/><V107/><F100/><W44/><G8/><T110/><D72/><U108/><E112/><V111/><F111/><W12/><G22/><T85/><D110/><U115/><E108/><V48/><F21/><W53/><REACH who="3" step="1"/><G59/><REACH who="3" ten="198,250,250,292" step="2"/><T2/><D11/><U50/><E115/><V34/><F34/><W19/><G19/><T104/><D10/><U32/><E32/><V126/><F126/><W119/><G119/><T61/><D2/><U84/><E117/><V65/><F65/><W4/><G4/><T13/><D13/><U125/><E125/><V92/><F35/><W106/><G106/><T122/><D122/><U118/><E118/><V67/><F107/><W116/><G116/><T26/><D104/><U74/><E14/><V130/><F67/><W45/><G45/><T25/><D103/><U69/><E18/><V120/><F120/><W83/><G83/><T36/><D36/><AGARI ba="0,1" hai="5,7,12,17,23,36,40,44,51,53,57,86,90,93" machi="36" ten="30,12000,2" yaku="1,1,7,1,25,2,52,1,53,1" doraHai="52" doraHaiUra="89" who="3" fromWho="0" sc="198,-120,250,0,250,0,292,130" /><INIT seed="2,0,0,2,3,122" ten="78,250,250,422" oya="2" hai0="50,66,53,9,42,32,85,48,55,49,17,135,82" hai1="76,25,43,74,91,22,119,71,77,107,45,15,126" hai2="75,61,95,108,102,100,127,123,29,132,11,134,12" hai3="106,19,99,110,10,83,114,8,51,36,57,14,81"/><V112/><F123/><W84/><G36/><T109/><D135/><N who="2" m="51754" /><F112/><W52/><G114/><T116/><D32/><U78/><E71/><V79/><F29/><W87/><G87/><T118/><D66/><U13/><E74/><V4/><F127/><W129/><G129/><T28/><D28/><U88/><E107/><V111/><F61/><W73/><G73/><T37/><D37/><U54/><E119/><N who="0" m="45609" /><D42/><U113/><E113/><V24/><F24/><W47/><G57/><T92/><D92/><U18/><E126/><V5/><F5/><W101/><G8/><T16/><D9/><U131/><E131/><V69/><F69/><W27/><G27/><T64/><D64/><U125/><E125/><V58/><F58/><W89/><G83/><T38/><D38/><U62/><E43/><V120/><F120/><W115/><G115/><T96/><D96/><U26/><E26/><V117/><F117/><W80/><G80/><T94/><D94/><U67/><E67/><V41/><F41/><W44/><G47/><T68/><D68/><U21/><E45/><V23/><F23/><W72/><G72/><T104/><D104/><U70/><E70/><V130/><F130/><W133/><G133/><T98/><D98/><U86/><E22/><V121/><F121/><W40/><G40/><T33/><D33/><U30/><E30/><V56/><F56/><W97/><G97/><T63/><D63/><U105/><E62/><V128/><F128/><W65/><G65/><T39/><D39/><U0/><E21/><V34/><F34/><W35/><G35/><T93/><D93/><RYUUKYOKU ba="0,0" sc="78,-10,250,-10,250,-10,422,30" hai3="10,14,19,44,51,52,81,84,89,99,101,106,110" /><INIT seed="3,1,0,4,3,127" ten="68,240,240,452" oya="3" hai0="69,9,37,90,67,20,87,98,27,118,103,1,22" hai1="19,50,41,125,88,132,81,11,107,48,12,3,43" hai2="14,84,92,109,30,72,68,64,61,76,71,59,135" hai3="120,18,83,75,56,129,10,77,116,130,106,66,21"/><W40/><G116/><T124/><D118/><U4/><E107/><V121/><F109/><W95/><G106/><T89/><D124/><U101/><E125/><V128/><F72/><W34/><G34/><T5/><D37/><U110/><E101/><V93/><F135/><W74/><G120/><T113/><D113/><U29/><E132/><V17/><F30/><W133/><G40/><T123/><D123/><U111/><E29/><V96/><F121/><W86/><G133/><T52/><D69/><U102/><E102/><V91/><F76/><W104/><G10/><T35/><D67/><U122/><E122/><V46/><F46/><W13/><G104/><T7/><D103/><U54/><E48/><V62/><F62/><N who="3" m="38215" /><G95/><T58/><D98/><U6/><E43/><V8/><F128/><AGARI ba="1,0" hai="13,18,21,74,75,77,83,86,128,129,130" m="38215" machi="128" ten="30,11600,0" yaku="19,1,52,3" doraHai="127" who="3" fromWho="2" sc="68,0,240,0,240,-119,452,119" /><INIT seed="3,2,0,1,3,12" ten="68,240,121,571" oya="3" hai0="94,30,41,63,62,127,71,82,3,56,53,40,36" hai1="104,20,9,66,122,88,1,78,68,15,125,7,57" hai2="113,92,39,126,101,51,93,97,29,52,112,91,59" hai3="24,83,10,95,31,114,85,133,37,49,134,65,61"/><W13/><G37/><T64/><D3/><U17/><E104/><V90/><F39/><W84/><G49/><T21/><D127/><U96/><E125/><V111/><F126/><W43/><G95/><T26/><D94/><U48/><E122/><V80/><F111/><W123/><G43/><T75/><D36/><U54/><E78/><V25/><F80/><W23/><G114/><T69/><REACH who="0" step="1"/><D71/><REACH who="0" ten="58,240,121,571" step="2"/><U76/><E68/><V47/><F101/><W98/><G123/><T89/><D89/><U131/><E1/><V32/><REACH who="2" step="1"/><F47/><REACH who="2" ten="58,240,111,571" step="2"/><W115/><G83/><T33/><D33/><U42/><E76/><AGARI ba="2,2" hai="21,26,30,40,41,53,56,62,63,64,69,75,76,82" machi="76" ten="40,2600,0" yaku="1,1,53,1" doraHai="12" doraHaiUra="67" who="0" fromWho="1" sc="58,52,240,-32,111,0,571,0" /><INIT seed="4,0,0,0,0,11" ten="110,208,111,571" oya="0" hai0="129,78,59,80,135,20,108,72,64,90,50,30,123" hai1="35,82,49,6,39,22,126,38,77,54,4,91,93" hai2="48,88,3,84,113,0,17,9,121,110,57,71,130" hai3="115,27,109,16,24,112,32,34,61,118,117,132,125"/><T53/><D123/><U99/><E35/><V29/><F121/><W5/><G61/><T42/><D108/><U89/><E126/><V95/><F110/><W96/><G96/><T25/><D135/><U97/><E39/><V111/><F111/><W127/><G5/><T46/><D129/><U26/><E38/><V23/><F130/><W14/><G109/><T101/><D101/><U33/><E33/><V12/><F71/><W55/><G55/><T122/><D122/><U2/><E2/><V31/><F113/><W107/><G107/><T94/><D64/><U119/><E119/><V105/><F105/><W10/><G10/><T103/><D103/><U74/><E99/><V62/><F48/><W52/><G52/><T47/><REACH who="0" step="1"/><D42/><REACH who="0" ten="100,208,111,571" step="2"/><U73/><E89/><V51/><F88/><W18/><G132/><T85/><AGARI ba="0,1" hai="20,25,30,46,47,50,53,59,72,78,80,85,90,94" machi="85" ten="20,18000,2" yaku="1,1,2,1,0,1,7,1,53,2" doraHai="11" doraHaiUra="41" who="0" fromWho="0" sc="100,190,208,-60,111,-60,571,-60" /><INIT seed="4,1,0,5,3,14" ten="290,148,51,511" oya="0" hai0="114,116,8,16,78,40,91,48,3,134,15,7,108" hai1="117,27,86,36,109,67,66,19,84,24,35,59,120" hai2="5,56,2,98,64,112,57,96,23,102,38,46,10" hai3="133,26,55,106,53,70,12,121,30,32,92,131,22"/><T122/><D114/><U73/><E36/><V103/><F112/><W51/><G106/><T119/><D122/><U99/><E73/><V124/><F124/><W25/><G70/><T95/><D108/><U126/><E120/><V104/><F64/><W123/><G131/><T111/><D111/><U20/><E109/><V42/><REACH who="2" step="1"/><F23/><REACH who="2" ten="290,148,41,511" step="2"/><W83/><G22/><T130/><D119/><U28/><E126/><V75/><F75/><W52/><G32/><T94/><D116/><U34/><E117/><V41/><F41/><W87/><G121/><T0/><D130/><U101/><E35/><V68/><F68/><W60/><G133/><T62/><D134/><U54/><E67/><V45/><F45/><W69/><G69/><T61/><D40/><U76/><E66/><V29/><F29/><W128/><G30/><T110/><D110/><U31/><E31/><V105/><AGARI ba="1,1" hai="2,5,10,38,42,46,56,57,96,98,102,103,104,105" machi="105" ten="20,5200,0" yaku="1,1,0,1,7,1,9,1,53,0" doraHai="14" doraHaiUra="90" who="2" fromWho="2" sc="290,-27,148,-14,41,65,511,-14" /><INIT seed="5,0,0,4,5,71" ten="263,134,106,497" oya="1" hai0="127,103,26,120,59,84,106,133,66,46,99,33,30" hai1="45,25,21,121,61,102,79,80,87,3,78,31,77" hai2="89,58,93,90,4,32,13,40,76,110,132,54,92" hai3="2,63,38,112,113,88,85,43,60,24,12,68,49"/><U22/><E3/><V10/><F110/><W7/><G2/><T37/><D84/><U15/><E121/><V118/><F118/><W73/><G24/><T128/><D59/><U44/><E102/><V28/><F76/><W86/><G49/><T135/><D120/><U104/><E104/><V18/><F132/><N who="0" m="50762" /><D66/><U6/><E61/><V69/><F69/><W67/><G63/><T42/><D127/><U82/><E77/><V41/><F4/><W91/><G73/><T129/><AGARI ba="0,0" hai="26,30,33,37,42,46,99,103,106,128,129" m="50762" machi="129" ten="30,4000,0" yaku="20,1,23,1,52,1" doraHai="71" who="0" fromWho="0" sc="263,40,134,-20,106,-10,497,-10" /><INIT seed="6,0,0,5,1,74" ten="303,114,96,487" oya="2" hai0="119,32,2,0,87,36,40,45,38,91,115,18,130" hai1="102,113,89,4,16,108,47,17,65,121,39,103,88" hai2="69,42,57,92,109,129,79,105,83,128,112,133,98" hai3="95,34,81,111,67,107,24,82,60,126,23,116,12"/><V93/><F69/><W26/><G111/><T37/><D32/><U14/><E108/><V90/><F42/><W15/><G95/><T84/><D119/><U122/><E65/><V114/><F109/><W72/><G72/><T80/><D115/><N who="2" m="44074" /><F57/><W59/><G107/><T35/><D35/><U44/><E113/><V50/><F50/><W46/><G126/><T21/><D130/><N who="2" m="50282" /><F133/><W118/><G46/><T117/><D117/><U135/><E135/><V106/><F93/><W28/><G118/><T64/><D64/><U97/><E97/><V66/><F66/><W123/><G116/><T13/><REACH who="0" step="1"/><D87/><AGARI ba="0,0" hai="79,83,87,90,92,98,105,106" m="50282,44074" machi="87" ten="30,12000,1" yaku="15,1,19,1,34,2,52,1" doraHai="74" who="2" fromWho="0" sc="303,-120,114,0,96,120,487,0" /><INIT seed="6,1,0,5,4,91" ten="183,114,216,487" oya="2" hai0="102,6,97,0,81,73,56,64,114,128,110,72,52" hai1="5,11,51,8,40,98,106,127,62,16,33,83,126" hai2="105,70,87,132,30,27,19,135,131,18,34,48,50" hai3="89,84,116,10,45,36,108,29,104,111,60,79,57"/><V28/><F70/><W44/><G104/><T67/><D110/><U95/><E33/><V13/><F105/><W75/><G116/><T54/><D114/><U86/><E106/><V122/><F122/><W63/><G36/><T90/><D128/><U3/><E62/><V100/><F100/><W130/><G130/><T101/><D0/><U38/><E38/><V35/><F131/><W120/><G29/><T53/><D73/><U119/><E119/><V49/><F87/><W112/><G10/><T103/><D72/><U20/><E11/><V109/><F109/><W22/><G22/><T69/><D69/><U1/><E1/><V121/><F121/><W59/><G79/><T77/><D77/><U80/><E51/><V123/><F123/><W68/><G68/><T129/><D129/><U58/><E58/><V39/><F39/><W117/><G84/><N who="0" m="50447" /><D6/><U107/><E40/><V23/><F19/><W124/><G75/><T17/><D17/><U76/><E83/><V37/><F37/><W118/><G120/><T26/><D26/><AGARI ba="1,0" hai="13,18,23,26,27,28,30,34,35,48,49,50,132,135" machi="26" ten="40,2000,0" yaku="9,1" doraHai="91" who="2" fromWho="0" sc="183,-23,114,0,216,23,487,0" /><INIT seed="6,2,0,2,2,3" ten="160,114,239,487" oya="2" hai0="75,110,106,123,35,0,68,22,99,66,95,112,76" hai1="100,134,14,47,119,89,91,69,53,51,130,71,84" hai2="36,72,7,48,107,2,70,62,39,43,12,6,40" hai3="54,104,129,23,67,77,9,46,24,16,13,20,74"/><V90/><F2/><W49/><G104/><T4/><D95/><U80/><E119/><V114/><F72/><W58/><G129/><T97/><D22/><U8/><E130/><V135/><F107/><W32/><G77/><T88/><D88/><U117/><E134/><V81/><F12/><W113/><G113/><T5/><D112/><U131/><E117/><V87/><F114/><W17/><G32/><T45/><D45/><U41/><E131/><V98/><F135/><W122/><G122/><T83/><D110/><U60/><E100/><V86/><F98/><W115/><G74/><T111/><D111/><U44/><E91/><V59/><F70/><W125/><G125/><T18/><D18/><U38/><REACH who="1" step="1"/><E60/><REACH who="1" ten="160,104,239,487" step="2"/><V118/><F118/><W133/><G133/><T82/><D123/><U19/><AGARI ba="2,1" hai="8,14,19,38,41,44,47,51,53,69,71,80,84,89" machi="19" ten="20,12000,2" yaku="1,1,2,1,0,1,7,1,25,2,53,0" doraHai="3" doraHaiUra="105" who="1" fromWho="1" sc="160,-32,104,136,239,-62,487,-32" /><INIT seed="7,0,0,1,1,65" ten="128,240,177,455" oya="3" hai0="82,104,125,37,46,93,118,34,111,38,24,109,97" hai1="84,71,69,63,16,92,7,9,113,124,132,114,27" hai2="131,64,11,122,55,10,25,54,129,28,123,1,56" hai3="133,73,119,101,117,87,70,86,120,29,52,80,5"/><W112/><G80/><T12/><D12/><U98/><E63/><V90/><F90/><W95/><G52/><N who="2" m="20009" /><F64/><W21/><G70/><N who="1" m="26634" /><E84/><V33/><F56/><W41/><G41/><T31/><D93/><U42/><E42/><V75/><F75/><W35/><G21/><T99/><D99/><U91/><E7/><N who="2" m="1391" /><F11/><W26/><G5/><T53/><D53/><U6/><E6/><V107/><F107/><W106/><G95/><T66/><D66/><U68/><N who="1" m="26642" /><U108/><DORA hai="44" /><E108/><V130/><AGARI ba="0,0" hai="25,28,33,122,123,129,130,131" m="1391,20009" machi="130" ten="40,2700,0" yaku="19,1,54,1" doraHai="65,44" who="2" fromWho="2" sc="128,-7,240,-7,177,27,455,-13" owari="121,-38.0,233,3.0,204,-20.0,442,55.0" /></mjloggm>