<mjloggm ver="2.3"><GO type="41" lobby="0"/><UN n0="%E6%B3%A2%E6%BA%9C%E6%99%B4%E5%B8%AB%E5%8C%A0" n1="%E3%82%A6%E3%83%AB%E3%83%88%E3%83%A9%E7%AB%8B%E7%9B%B4" n2="%6B%75%70%69%6B%75%70%69" n3="%E4%BB%94%E7%8C%AB%E3%83%91%E3%83%B3%E3%83%81" dan="13,15,14,13" rate="2047.05,1944.13,2056.16,1853.49" sx="M,M,M,M"/><TAIKYOKU oya="0"/><INIT seed="0,0,0,1,2,21" ten="250,250,250,250" oya="0" hai0="61,91,85,121,29,75,9,113,13,20,67,62,122" hai1="37,54,97,112,100,118,95,135,90,48,102,33,4" hai2="130,2,119,110,63,94,105,60,92,10,15,74,70" hai3="114,117,126,22,87,51,23,30,93,99,3,69,19"/><T7/><D113/><U12/><E37/><V96/><F105/><W129/><G69/><T18/><D75/><U52/><E118/><V53/><F74/><W86/><G3/><T82/><D29/><U26/><E112/><V44/><F119/><W132/><G117/><T5/><D5/><U78/><E78/><V76/><F76/><W16/><G114/><T120/><REACH who="0" step="1"/><D67/><REACH who="0" ten="240,250,250,250" step="2"/><U24/><E135/><V115/><F115/><W59/><G132/><T45/><D45/><U55/><E33/><V103/><F44/><W125/><G30/><T6/><D6/><U31/><E31/><V84/><F2/><AGARI ba="0,1" hai="2,7,9,13,18,20,61,62,82,85,91,120,121,122" machi="2" ten="40,2000,0" yaku="1,1,53,0" doraHai="21" doraHaiUra="111" who="0" fromWho="2" sc="240,30,250,0,250,-20,250,0" /><INIT seed="0,1,0,4,0,113" ten="270,250,230,250" oya="0" hai0="102,57,106,68,105,42,52,133,66,20,9,12,135" hai1="85,47,46,41,16,29,116,81,17,99,71,125,107" hai2="76,87,128,109,118,80,75,112,25,79,69,4,34" hai3="28,21,120,33,104,94,74,132,70,123,31,6,22"/><T119/><D68/><U86/><E71/><V97/><F69/><W96/><G70/><T50/><D66/><U51/><E29/><V64/><F64/><W72/><G104/><T100/><D42/><U92/><E107/><V83/><F34/><W129/><G129/><T39/><D39/><U121/><E121/><N who="3" m="46666" /><G132/><N who="0" m="50763" /><D20/><N who="3" m="7785" /><G6/><N who="0" m="3127" /><D119/><U134/><E116/><V60/><F60/><W117/><G117/><T11/><D11/><U124/><E134/><V54/><F4/><W108/><G108/><T65/><D65/><U131/><E131/><V110/><F54/><W3/><G3/><T98/><D102/><U37/><E37/><V43/><F43/><W58/><G58/><T77/><D77/><U61/><E47/><V27/><F118/><W38/><G38/><T5/><D5/><U23/><E61/><V95/><F128/><W114/><G114/><T14/><D14/><U56/><E56/><V122/><F112/><W2/><G2/><T88/><D106/><U130/><E130/><V127/><F122/><W49/><G49/><T15/><D15/><U24/><E17/><V59/><F59/><W35/><G94/><T26/><D26/><U115/><E115/><V78/><F27/><W32/><G96/><T93/><D105/><U48/><E48/><V10/><F25/><W63/><G63/><T53/><D53/><U55/><E55/><V45/><F45/><W101/><G101/><T67/><D67/><U40/><E40/><V44/><F44/><W90/><G90/><T7/><D7/><U8/><E99/><V73/><F73/><AGARI ba="1,0" hai="28,31,32,33,35,72,73,74" m="7785,46666" machi="73" ten="40,5200,0" yaku="28,2,13,1" doraHai="113" who="3" fromWho="2" sc="270,0,250,0,230,-55,250,55" /><INIT seed="1,0,0,5,5,112" ten="270,250,175,305" oya="1" hai0="135,119,43,120,115,60,96,11,73,84,69,3,111" hai1="98,82,88,46,100,122,32,61,68,8,127,53,116" hai2="21,77,51,83,121,59,130,97,20,132,113,52,91" hai3="104,38,62,42,105,29,87,71,1,4,45,41,31"/><U108/><E122/><V131/><F121/><W23/><G42/><T134/><D43/><U93/><E32/><V15/><F113/><W40/><G40/><T5/><D115/><U58/><E68/><V95/><F132/><W85/><G104/><T27/><D120/><U107/><E127/><V49/><F49/><W92/><G105/><T25/><D73/><U48/><E108/><V0/><F0/><W129/><G129/><T64/><D111/><U2/><E116/><V17/><REACH who="2" step="1"/><F21/><REACH who="2" ten="270,250,165,305" step="2"/><W126/><G1/><T123/><D123/><U19/><E2/><V109/><F109/><W67/><G23/><T75/><D135/><U125/><E125/><V99/><F99/><W89/><G126/><T14/><D96/><U74/><E107/><V54/><F54/><W35/><G35/><T79/><D134/><U56/><E61/><V66/><F66/><W57/><G67/><T36/><D60/><U13/><E74/><AGARI ba="0,1" hai="15,17,20,51,52,59,74,77,83,91,95,97,130,131" machi="74" ten="40,5200,0" yaku="1,1,54,1,53,1" doraHai="112" doraHaiUra="12" who="2" fromWho="1" sc="270,0,250,-52,165,62,305,0" /><INIT seed="2,0,0,0,3,77" ten="270,198,227,305" oya="2" hai0="16,121,6,72,58,12,5,22,61,96,20,55,14" hai1="111,115,51,85,56,26,100,86,65,90,23,42,105" hai2="63,126,70,117,44,32,21,120,128,87,134,89,106" hai3="30,66,40,114,39,73,133,49,35,24,37,59,91"/><V41/><F117/><W38/><G133/><T92/><D72/><U107/><E86/><V67/><F120/><W135/><G135/><T47/><D121/><U123/><E115/><V132/><F32/><W84/><G73/><T109/><D109/><U93/><E123/><V2/><F2/><W81/><G114/><T1/><D1/><U60/><E111/><V29/><F106/><W130/><G130/><T48/><D22/><U45/><E100/><V15/><F128/><W4/><G4/><T116/><D14/><U25/><E25/><V118/><F118/><W9/><G9/><T88/><REACH who="0" step="1"/><D116/><REACH who="0" ten="260,198,227,305" step="2"/><U129/><E129/><V79/><F132/><W31/><G31/><AGARI ba="0,1" hai="23,26,31,42,45,51,56,60,65,85,90,93,105,107" machi="31" ten="30,1000,0" yaku="7,1" doraHai="77" who="1" fromWho="3" sc="260,0,198,20,227,0,305,-10" /><INIT seed="3,0,0,0,4,39" ten="260,218,227,295" oya="3" hai0="125,80,79,51,110,46,12,119,98,135,41,6,76" hai1="130,134,78,59,61,35,100,101,37,81,34,111,88" hai2="14,56,64,23,70,24,65,117,60,21,95,97,96" hai3="8,126,48,121,31,47,13,33,30,83,44,19,10"/><W52/><G121/><T105/><D125/><U118/><E37/><V85/><F117/><W7/><G126/><T4/><D119/><U120/><E120/><V20/><F14/><W15/><G33/><T38/><D135/><U69/><E69/><V129/><F129/><W89/><G47/><T3/><D110/><U63/><E111/><V25/><F65/><W75/><G75/><T82/><D3/><U116/><E88/><N who="2" m="53647" /><F70/><W57/><G57/><T1/><D1/><U68/><E68/><V43/><F43/><W99/><REACH who="3" step="1"/><G99/><AGARI ba="0,0" hai="20,21,23,24,25,56,60,64,96,97,99" m="53647" machi="99" ten="30,2000,0" yaku="8,1,54,1" doraHai="39" who="2" fromWho="3" sc="260,0,218,0,227,20,295,-20" /><INIT seed="4,0,0,4,1,97" ten="260,218,247,275" oya="0" hai0="31,95,46,91,50,65,9,17,51,104,81,73,27" hai1="62,111,132,43,69,99,133,58,131,42,116,53,64" hai2="3,4,78,94,34,10,105,107,96,7,29,110,11" hai3="102,39,33,44,75,24,45,61,108,16,100,23,68"/><T87/><D104/><U80/><E80/><V18/><F78/><W28/><G75/><T1/><D65/><U26/><E26/><V77/><F77/><W92/><G108/><T70/><D70/><U126/><E99/><V35/><F107/><W85/><G39/><T20/><D73/><U36/><E111/><V59/><F105/><W2/><G2/><T123/><D123/><U71/><E116/><V128/><F59/><W103/><G68/><T89/><D1/><U88/><E88/><V130/><F96/><W32/><G61/><T101/><D50/><N who="1" m="31031" /><E71/><V127/><F94/><W66/><G66/><T118/><D118/><U22/><E22/><V54/><F54/><W14/><G33/><N who="2" m="12297" /><F110/><W129/><G129/><N who="2" m="49769" /><F29/><W49/><G49/><T5/><D31/><U98/><E98/><V134/><F134/><N who="1" m="51817" /><E131/><V106/><F106/><W125/><G125/><T124/><D124/><U135/><N who="1" m="51825" /><U6/><DORA hai="38" /><E126/><V90/><F90/><N who="3" m="53327" /><G32/><T114/><D91/><U67/><E67/><V119/><F127/><W115/><G115/><T8/><D114/><U83/><E83/><V84/><F84/><W19/><G28/><T55/><D5/><U57/><E6/><V113/><F113/><W112/><G112/><T56/><D46/><N who="1" m="23879" /><E57/><V48/><F119/><W0/><G0/><T60/><D51/><U21/><E21/><AGARI ba="0,0" hai="14,16,19,21,23,24,44,45,100,102,103" m="53327" machi="21" ten="30,8000,1" yaku="8,1,52,3,54,1" doraHai="97,38" who="3" fromWho="1" sc="260,0,218,-80,247,0,275,80" /><INIT seed="5,0,0,0,2,87" ten="260,138,247,355" oya="1" hai0="117,86,89,129,107,103,93,84,11,135,82,109,79" hai1="104,85,98,69,67,77,44,42,110,27,2,134,34" hai2="124,70,13,115,68,10,54,52,1,62,72,47,95" hai3="59,71,39,5,29,18,120,58,57,51,43,91,102"/><U123/><E123/><V37/><F72/><W133/><G120/><T65/><D109/><U26/><E26/><V60/><F1/><W4/><G71/><N who="2" m="27177" /><F95/><W130/><G133/><T46/><D117/><U108/><E134/><V80/><F80/><W12/><G130/><T121/><D129/><U122/><E122/><V61/><F13/><W64/><G29/><T38/><D135/><U6/><E85/><V55/><F10/><W50/><G102/><T125/><D121/><U92/><E77/><V3/><F3/><W75/><G64/><T114/><D65/><U111/><E6/><V8/><F8/><N who="3" m="6407" /><G39/><T53/><D11/><U128/><E2/><V118/><F118/><W112/><G43/><T99/><D38/><N who="1" m="21591" /><E128/><V56/><F124/><W126/><G126/><T17/><D125/><U30/><E67/><N who="2" m="39303" /><F115/><W45/><G112/><T100/><D114/><U106/><E69/><V20/><F20/><W94/><G75/><T35/><D35/><U0/><E0/><V25/><F25/><W132/><G132/><T105/><D17/><U116/><E116/><V131/><F131/><W81/><G81/><N who="0" m="49295" /><D107/><U36/><E36/><V28/><F28/><W23/><G23/><T49/><D105/><U90/><AGARI ba="0,0" hai="27,30,34,90,92,98,104,106,108,110,111" m="21591" machi="90" ten="30,3000,0" yaku="10,1,52,1" doraHai="87" who="1" fromWho="1" sc="260,-10,138,30,247,-10,355,-10" /><INIT seed="5,1,0,3,1,57" ten="250,168,237,345" oya="1" hai0="115,94,50,10,69,32,114,11,113,75,5,100,36" hai1="8,3,62,42,73,78,84,25,104,16,79,44,65" hai2="112,133,22,24,129,4,122,99,39,18,40,85,23" hai3="6,9,21,70,89,90,48,77,47,67,110,127,64"/><U108/><E104/><V132/><F122/><W19/><G110/><T26/><D36/><U20/><E108/><V15/><F129/><W121/><G121/><T93/><D75/><U68/><E73/><V12/><F112/><W117/><G117/><T101/><D69/><U2/><E84/><V72/><F72/><W82/><G127/><T7/><D50/><U116/><E116/><V86/><F99/><W61/><G67/><T125/><D125/><U71/><E71/><V124/><F124/><W83/><G83/><T58/><D58/><U107/><E107/><V98/><F98/><W134/><G134/><T59/><D59/><U131/><E131/><V60/><F39/><W111/><G111/><T56/><D56/><U97/><E97/><V81/><F40/><W88/><G90/><T80/><D80/><U76/><REACH who="1" step="1"/><E8/><REACH who="1" ten="250,158,237,345" step="2"/><V120/><F85/><N who="3" m="48335" /><G9/><T118/><D118/><U14/><E14/><V55/><F15/><W96/><G70/><T29/><D94/><U106/><E106/><V92/><F12/><W105/><G96/><T74/><D74/><U43/><E43/><V13/><F13/><W103/><G105/><T87/><D87/><U28/><E28/><V45/><F120/><W53/><G6/><N who="0" m="2059" /><D93/><U91/><E91/><V52/><F92/><W128/><G88/><T46/><D11/><U51/><AGARI ba="1,1" hai="2,3,16,20,25,42,44,51,62,65,68,76,78,79" machi="51" ten="30,11700,0" yaku="1,1,0,1,52,1,54,1,53,0" doraHai="57" doraHaiUra="27" who="1" fromWho="1" sc="250,-40,158,130,237,-40,345,-40" /><INIT seed="5,2,0,5,0,58" ten="210,288,197,305" oya="1" hai0="123,81,35,83,10,75,121,106,89,57,90,62,72" hai1="130,42,87,113,103,98,108,125,16,37,29,54,79" hai2="25,15,30,74,99,17,53,66,23,71,14,86,2" hai3="68,91,21,12,63,43,134,80,22,65,114,96,118"/><U84/><E42/><V132/><F74/><W64/><G114/><T44/><D35/><U56/><E37/><V39/><F39/><W7/><G134/><T122/><D44/><U13/><E113/><V107/><F132/><W85/><G118/><T61/><D57/><U34/><E125/><V33/><F2/><W128/><G128/><T19/><D106/><U101/><E101/><V59/><F71/><W115/><G115/><T102/><D102/><U127/><E127/><V0/><F0/><W133/><G133/><T26/><D10/><U100/><E100/><V18/><F107/><W32/><G43/><T129/><D129/><U73/><E130/><V40/><F40/><W46/><G46/><T124/><D124/><U5/><E5/><V135/><F135/><W28/><G96/><T36/><D36/><U8/><E108/><V6/><F6/><W4/><G65/><T97/><D19/><U31/><E34/><V70/><F70/><W82/><G82/><T9/><D9/><U104/><E73/><V95/><F66/><W131/><G131/><T24/><D121/><U69/><E69/><V110/><F110/><W126/><G68/><T38/><D38/><U92/><E104/><V47/><F47/><W88/><G32/><T116/><D97/><U60/><E87/><V120/><F120/><W117/><G85/><T105/><D105/><U109/><E109/><V20/><F86/><W52/><G126/><T77/><D77/><U45/><E45/><V3/><F3/><W55/><G117/><AGARI ba="2,0" hai="24,26,61,62,72,75,81,83,89,90,116,117,122,123" machi="117" ten="25,6400,0" yaku="22,2,52,2" doraHai="58" who="0" fromWho="3" sc="210,70,288,0,197,0,305,-70" /><INIT seed="6,0,0,5,1,30" ten="280,288,197,235" oya="2" hai0="0,54,32,96,86,52,115,125,112,128,113,48,130" hai1="40,4,75,117,89,47,118,51,24,114,74,135,88" hai2="37,36,33,122,67,84,29,14,7,80,100,17,9" hai3="39,10,28,13,69,21,22,79,107,35,123,31,119"/><V131/><F122/><W101/><G123/><T97/><D0/><U57/><E4/><V73/><F73/><W38/><G69/><T116/><D116/><U46/><E57/><V126/><F67/><W61/><G119/><T49/><D125/><U106/><E24/><V59/><F100/><W71/><G79/><T98/><D86/><U120/><E120/><V90/><F126/><W105/><G101/><T85/><D85/><U27/><E27/><V45/><F59/><W110/><G110/><T133/><D133/><U25/><E25/><V132/><F29/><W94/><G94/><T6/><D6/><U5/><E5/><V66/><F66/><W8/><G71/><T83/><D32/><U63/><E135/><V134/><F33/><W3/><G61/><T11/><D83/><U82/><E63/><V91/><F131/><N who="0" m="50218" /><D11/><U16/><E82/><V129/><F129/><W124/><G13/><T93/><D93/><U58/><E75/><V72/><F72/><W43/><G124/><T127/><D127/><U95/><E95/><V60/><F60/><W53/><G3/><T2/><D2/><U42/><E74/><V15/><F91/><W20/><G20/><T55/><AGARI ba="0,0" hai="48,49,52,54,55,96,97,98,112,113,115" m="50218" machi="55" ten="50,12000,2" yaku="29,2,28,2,15,1,19,1,54,1" doraHai="30" who="0" fromWho="0" sc="280,120,288,-30,197,-60,235,-30" /><INIT seed="7,0,0,2,0,91" ten="400,258,137,205" oya="3" hai0="133,43,94,19,72,135,7,134,18,109,122,131,5" hai1="88,0,126,12,87,49,35,51,58,76,106,74,65" hai2="66,54,120,86,100,2,89,50,117,9,29,127,60" hai3="112,75,97,26,69,46,32,96,42,23,63,47,25"/><W103/><G75/><T56/><D122/><U8/><E35/><V62/><F120/><W15/><G112/><T33/><D131/><U3/><E106/><V105/><F127/><W92/><G32/><T28/><D72/><U36/><E36/><V80/><F117/><W21/><G15/><T108/><D43/><U95/><E126/><V121/><F121/><W90/><G69/><T110/><D56/><U39/><E39/><V115/><F115/><W77/><G77/><T82/><D82/><U128/><E128/><V31/><F62/><W61/><G42/><T129/><D94/><U71/><E71/><V125/><F125/><W64/><G64/><T84/><D84/><U1/><E76/><V48/><F48/><W44/><G97/><T40/><D40/><U98/><E74/><V17/><F105/><W107/><G103/><T70/><D70/><U6/><E98/><V38/><F100/><W57/><G57/><T93/><D93/><U79/><E79/><V73/><F73/><W119/><G107/><T118/><D118/><U111/><E111/><V34/><F34/><W24/><G119/><T78/><D78/><U45/><E45/><V41/><F41/><W22/><AGARI ba="0,0" hai="21,22,23,24,25,26,44,46,47,61,63,90,92,96" machi="22" ten="40,12000,1" yaku="0,1,29,2,8,1,52,1" doraHai="91" who="3" fromWho="3" sc="400,-40,258,-40,137,-40,205,120" /><INIT seed="7,1,0,2,2,132" ten="360,218,97,325" oya="3" hai0="94,122,70,101,52,5,126,4,53,19,63,22,37" hai1="17,12,113,119,43,51,28,3,77,107,61,82,57" hai2="35,32,10,8,13,39,40,109,124,69,129,7,30" hai3="50,78,29,76,83,98,99,128,75,67,0,104,2"/><W72/><G128/><T11/><D126/><U56/><E107/><V62/><F69/><W14/><G104/><T59/><D122/><U41/><E3/><V44/><F62/><W45/><G29/><T9/><D37/><U88/><E28/><V58/><F109/><W20/><G67/><T130/><D70/><U87/><E113/><V85/><F58/><W74/><G74/><T133/><D133/><U79/><E119/><V48/><F85/><W118/><G118/><T33/><D33/><U34/><E34/><V46/><F129/><W86/><G20/><T92/><D53/><U38/><E38/><V95/><F30/><W42/><G14/><N who="0" m="9591" /><D130/><U1/><E1/><V54/><F95/><N who="0" m="36394" /><D101/><U89/><E79/><V105/><F105/><W103/><G98/><T80/><D80/><U114/><E114/><V71/><F71/><W49/><G49/><T91/><D91/><U47/><E43/><V96/><F96/><W127/><G127/><T90/><D90/><U102/><E102/><V16/><REACH who="2" step="1"/><F124/><REACH who="2" ten="360,218,87,325" step="2"/><W106/><G86/><T64/><D64/><N who="1" m="38951" /><E57/><V24/><F24/><W97/><G97/><T60/><D60/><U111/><E111/><V100/><F100/><W36/><G36/><T125/><D125/><U117/><E117/><V26/><F26/><W112/><G112/><T123/><D123/><U21/><AGARI ba="1,1" hai="12,17,21,41,47,51,77,82,87,88,89" m="38951" machi="21" ten="30,2000,0" yaku="8,1,54,1" doraHai="132" who="1" fromWho="1" sc="360,-6,218,33,87,-6,325,-11" owari="354,46.0,251,-15.0,81,-42.0,314,11.0" /></mjloggm>