<mjloggm ver="2.3"><GO type="97" lobby="0"/><UN n0="%E9%BE%8D%E8%A7%92%E6%95%A3" n1="%75%31%36%34" n2="%E3%82%A6%E3%83%AB%E3%83%88%E3%83%A9%E7%AB%8B%E7%9B%B4" n3="%E3%81%AD%E3%81%93%E3%81%99%E3%81%83%EF%BD%9E" dan="14,13,15,14" rate="1980.28,1821.36,1926.72,1891.14" sx="M,M,M,M"/><TAIKYOKU oya="0"/><INIT seed="0,0,0,5,0,59" ten="250,250,250,250" oya="0" hai0="78,129,23,120,9,79,28,52,114,125,37,132,40" hai1="96,43,35,115,49,112,17,100,113,91,34,122,14" hai2="58,45,90,38,65,5,32,94,46,76,1,11,30" hai3="19,48,63,16,42,54,116,101,15,69,4,36,27"/><T102/><D120/><U39/><E39/><V131/><F131/><W110/><G116/><T127/><D129/><U97/><E122/><V118/><F118/><W8/><G110/><T7/><D114/><U121/><E121/><V61/><F38/><W105/><G105/><T51/><D132/><U13/><E43/><V84/><F32/><W67/><G101/><T2/><D40/><U22/><E49/><V92/><F30/><W106/><G106/><T53/><D37/><U66/><E66/><V71/><F76/><N who="0" m="29226" /><D102/><U20/><E91/><V62/><REACH who="2" step="1"/><F94/><REACH who="2" ten="250,250,240,250" step="2"/><W98/><G27/><N who="0" m="16511" /><D51/><U55/><E35/><V103/><F103/><W128/><G128/><T88/><D88/><U89/><E34/><V21/><F21/><W29/><G29/><T56/><D56/><U41/><E100/><V99/><F99/><W95/><G36/><T50/><D50/><U73/><E113/><V93/><F93/><W24/><G24/><T74/><D74/><U25/><E73/><V111/><F111/><W68/><G68/><T18/><D18/><U108/><E108/><V86/><F86/><W44/><G42/><T60/><D60/><U81/><E115/><V85/><F85/><W70/><G69/><T12/><D2/><U10/><E22/><V82/><F82/><W117/><G117/><T107/><D107/><U57/><E97/><V126/><F126/><AGARI ba="0,1" hai="7,9,12,52,53,125,126,127" m="16511,29226" machi="126" ten="30,2900,0" yaku="18,1,54,1" doraHai="59" who="0" fromWho="2" sc="250,39,250,0,240,-29,250,0" /><INIT seed="0,1,0,1,2,130" ten="289,250,211,250" oya="0" hai0="7,91,135,85,22,121,108,18,74,84,82,37,24" hai1="49,42,117,105,60,114,50,133,51,125,63,102,71" hai2="45,116,78,68,4,86,77,10,44,41,96,43,20" hai3="25,8,1,61,118,14,111,54,23,29,32,31,113"/><T123/><D108/><U100/><E105/><V98/><F68/><W93/><G118/><T127/><D127/><U12/><E117/><V6/><F20/><W57/><G113/><T13/><D74/><U119/><E119/><V131/><F116/><W83/><G111/><T30/><D37/><U132/><E12/><V46/><F86/><W55/><G83/><T99/><D99/><N who="2" m="37930" /><F10/><W2/><G2/><T72/><D72/><U95/><E95/><V90/><F90/><W75/><G75/><T11/><D135/><N who="1" m="51787" /><E125/><V110/><F110/><W73/><G73/><T129/><D129/><U19/><E19/><V94/><F94/><W79/><G79/><N who="2" m="30217" /><F131/><W106/><G93/><T27/><D85/><U3/><E3/><V38/><F38/><W101/><G1/><T76/><D76/><U59/><E114/><V69/><F69/><W89/><G89/><T112/><D112/><U124/><E124/><V33/><F33/><AGARI ba="1,0" hai="7,11,13,18,22,24,27,30,33,82,84,91,121,123" machi="33" ten="30,1500,0" yaku="7,1" doraHai="130" who="0" fromWho="2" sc="289,18,250,0,211,-18,250,0" /><INIT seed="0,2,0,0,4,26" ten="307,250,193,250" oya="0" hai0="29,111,128,89,7,13,120,25,106,30,34,11,18" hai1="101,23,1,58,6,97,57,99,32,27,86,107,93" hai2="117,79,51,98,115,42,130,94,129,64,74,90,110" hai3="53,36,49,33,12,77,131,88,10,109,82,112,47"/><T0/><D106/><U70/><E70/><V17/><F51/><W5/><G109/><T2/><D89/><U125/><E125/><V67/><F17/><W8/><G131/><N who="2" m="50185" /><F42/><W24/><G112/><T62/><D62/><U20/><E86/><V19/><F19/><W72/><G36/><T133/><D128/><U52/><E57/><V63/><F64/><W105/><G105/><T48/><D48/><U73/><E73/><V122/><F63/><W100/><G100/><T126/><D126/><U54/><E58/><V9/><F9/><W78/><G72/><T28/><D111/><U43/><E43/><V15/><F15/><W60/><G60/><T121/><D133/><U118/><E118/><V56/><F67/><W119/><G119/><T96/><D96/><U66/><E66/><V69/><F56/><W44/><G44/><T45/><D45/><U21/><E6/><V50/><F50/><W3/><G24/><T83/><D83/><U113/><E1/><N who="0" m="617" /><D34/><U35/><E113/><V22/><F115/><W103/><G33/><T4/><D25/><U123/><E123/><AGARI ba="2,0" hai="4,7,11,13,18,28,29,30,120,121,123" m="617" machi="123" ten="40,12000,1" yaku="34,2,52,3" doraHai="26" who="0" fromWho="1" sc="307,126,250,-126,193,0,250,0" /><INIT seed="0,3,0,2,5,58" ten="433,124,193,250" oya="0" hai0="72,23,132,91,5,10,92,112,61,115,19,86,29" hai1="126,85,9,26,66,87,121,60,48,104,122,76,1" hai2="124,114,75,40,74,77,81,32,54,14,78,31,36" hai3="80,59,98,17,3,118,71,22,97,38,88,37,56"/><T52/><D72/><U57/><E104/><V30/><F114/><W13/><G71/><T4/><D132/><U96/><E126/><V27/><F124/><W79/><G3/><T45/><D115/><U2/><E26/><V43/><F31/><W50/><G118/><T123/><D112/><U53/><E96/><V103/><F14/><W12/><G12/><N who="0" m="7575" /><D123/><U16/><E121/><V127/><F127/><W111/><G111/><T83/><D92/><U69/><E122/><V62/><F103/><W0/><G0/><T135/><D135/><U130/><E130/><V73/><F36/><W47/><G38/><T99/><D99/><U35/><E35/><V39/><F39/><W101/><G37/><T7/><D29/><U70/><E70/><V55/><F74/><W28/><G28/><T117/><D117/><U105/><E105/><V15/><F75/><W129/><G129/><T133/><D133/><U89/><E85/><V134/><F134/><W109/><G109/><T65/><D23/><U63/><E76/><V102/><F78/><W33/><G33/><T20/><D20/><U107/><E107/><V106/><F77/><W41/><G79/><T113/><D113/><U131/><E131/><V82/><F106/><W68/><G68/><N who="0" m="42031" /><D4/><U6/><E48/><AGARI ba="3,0" hai="5,7,45,48,52,83,86,91" m="42031,7575" machi="48" ten="30,5800,0" yaku="25,1,52,1,54,1" doraHai="58" who="0" fromWho="1" sc="433,67,124,-67,193,0,250,0" /><INIT seed="0,4,0,1,3,49" ten="500,57,193,250" oya="0" hai0="2,18,132,98,133,42,67,48,59,57,55,101,88" hai1="94,29,40,90,127,104,120,123,41,131,68,85,106" hai2="16,81,9,115,122,61,135,58,100,7,30,44,124" hai3="28,56,5,66,87,1,93,15,45,111,25,12,110"/><T34/><D2/><U14/><E68/><V119/><F122/><W99/><G1/><T71/><D34/><U107/><E29/><V11/><F115/><W52/><G66/><T37/><D18/><U63/><E63/><V26/><F119/><W83/><G45/><N who="0" m="23759" /><D88/><U53/><E14/><V51/><F124/><W4/><G28/><T118/><D98/><U38/><E38/><V13/><F135/><N who="0" m="51786" /><D101/><U79/><E53/><N who="2" m="33999" /><F100/><W82/><G25/><T95/><D95/><U92/><E41/><N who="2" m="24975" /><F81/><W76/><G83/><T114/><D114/><U73/><E40/><V27/><F30/><W103/><G4/><T126/><D126/><U130/><E127/><V86/><F86/><W43/><G43/><T32/><D32/><U23/><E23/><N who="2" m="11663" /><F7/><W97/><G97/><T8/><D8/><AGARI ba="4,0" hai="8,9,11,26,27" m="11663,24975,33999" machi="8" ten="30,3900,0" yaku="8,1,52,1,54,1" doraHai="49" who="2" fromWho="0" sc="500,-51,57,0,193,51,250,0" /><INIT seed="1,0,0,3,4,9" ten="449,57,244,250" oya="1" hai0="14,131,51,42,11,15,76,119,110,122,60,125,100" hai1="94,30,26,133,62,40,116,57,50,95,99,56,107" hai2="132,111,128,77,47,126,73,70,67,32,78,25,0" hai3="28,33,74,34,90,121,97,82,53,35,59,112,113"/><U37/><E116/><V29/><F77/><W19/><G121/><T117/><D110/><U54/><E37/><V22/><F47/><W8/><G74/><T96/><D131/><U109/><E40/><V81/><F67/><W17/><G28/><T12/><D122/><U3/><E3/><V41/><F41/><W85/><G97/><T105/><D125/><U27/><E109/><V102/><F102/><W39/><G39/><T135/><D135/><U101/><E133/><V71/><F81/><W7/><G113/><T115/><D115/><U108/><E108/><V65/><F78/><W36/><G36/><T84/><D11/><U89/><E30/><V61/><F61/><W87/><G87/><T21/><D21/><U55/><REACH who="1" step="1"/><E107/><REACH who="1" ten="449,47,244,250" step="2"/><V13/><F29/><W75/><G112/><T98/><D119/><U79/><E79/><V114/><F0/><W104/><G104/><T69/><D117/><U118/><E118/><V43/><F43/><W63/><G75/><T66/><D98/><AGARI ba="0,1" hai="26,27,50,54,55,56,57,62,89,94,95,98,99,101" machi="98" ten="30,12000,1" yaku="1,1,7,1,8,1,53,2" doraHai="9" doraHaiUra="88" who="1" fromWho="0" sc="449,-120,47,130,244,0,250,0" /><INIT seed="1,1,0,3,5,107" ten="329,177,244,250" oya="1" hai0="22,58,117,121,126,68,19,116,131,75,113,44,39" hai1="21,95,1,87,93,74,47,134,2,102,7,72,128" hai2="6,43,34,119,66,53,84,17,120,60,110,10,115" hai3="86,88,50,4,78,33,52,37,25,23,31,123,35"/><U129/><E134/><V106/><F106/><W46/><G123/><T100/><D68/><U20/><E47/><V112/><F34/><W133/><G133/><T105/><D58/><U27/><E27/><V8/><F120/><W91/><G37/><T67/><D44/><U108/><E7/><V89/><F119/><W28/><G78/><T132/><D67/><U40/><E40/><V3/><F110/><W111/><G111/><T32/><D100/><U96/><E108/><V101/><F101/><W103/><G103/><T71/><D19/><U122/><E122/><V26/><F53/><W56/><G4/><T48/><D22/><N who="1" m="8811" /><E87/><V85/><F43/><W79/><G79/><T15/><D32/><U73/><E102/><V94/><F26/><W69/><G69/><T81/><D15/><U42/><E42/><V92/><F17/><W97/><G97/><T98/><D48/><U63/><E63/><V109/><F109/><W18/><G35/><T9/><D75/><U45/><E45/><V13/><F13/><W65/><G33/><T61/><D117/><U127/><E96/><V82/><F10/><W59/><G91/><T5/><D116/><U14/><E14/><V83/><F84/><W0/><G0/><N who="1" m="106" /><E127/><V125/><F125/><W76/><G76/><T114/><D126/><U29/><E29/><N who="3" m="11338" /><G65/><N who="0" m="41391" /><D121/><U11/><E11/><V49/><F49/><W38/><G38/><T64/><D39/><U30/><E30/><V16/><F60/><W90/><G90/><T77/><D77/><U135/><E135/><V130/><F89/><W51/><G51/><T41/><D132/><RYUUKYOKU ba="1,0" sc="329,-15,177,15,244,-15,250,15" hai1="72,73,74,93,95,128,129" hai3="18,23,25,46,50,52,56,59,86,88" /><INIT seed="1,2,0,1,1,117" ten="314,192,229,265" oya="1" hai0="1,72,70,103,88,108,86,74,24,110,67,28,55" hai1="112,124,14,2,20,123,54,116,19,127,22,75,36" hai2="113,33,77,92,82,107,65,49,66,134,12,17,80" hai3="9,95,18,5,128,15,131,57,52,63,133,47,51"/><U37/><E116/><V87/><F33/><W50/><G133/><T130/><D1/><U94/><E112/><V71/><F107/><W69/><G69/><T79/><D103/><U38/><E75/><V7/><F134/><W111/><G111/><N who="0" m="42539" /><D130/><N who="3" m="49705" /><G95/><N who="0" m="54679" /><D55/><U83/><E2/><V59/><F71/><W93/><G93/><T26/><D79/><U97/><E83/><V0/><F0/><N who="3" m="167" /><G47/><T115/><D115/><U23/><E54/><V118/><F118/><W90/><G90/><T129/><D129/><U8/><REACH who="1" step="1"/><E123/><REACH who="1" ten="314,182,229,265" step="2"/><V126/><F113/><W58/><G58/><T35/><D26/><U60/><E60/><AGARI ba="2,1" hai="24,28,35,60,67,70,72,74" m="54679,42539" machi="60" ten="30,2000,0" yaku="14,1,54,1" doraHai="117" who="0" fromWho="1" sc="314,36,182,-26,229,0,265,0" /><INIT seed="2,0,0,1,5,75" ten="350,156,229,265" oya="2" hai0="82,23,40,62,4,88,24,64,111,51,109,71,103" hai1="41,119,38,12,21,27,56,69,45,122,17,89,107" hai2="31,128,67,102,63,113,116,110,129,120,73,48,26" hai3="61,9,78,47,44,70,8,92,83,7,3,10,11"/><V125/><F120/><W133/><G133/><T18/><D103/><U94/><E69/><V37/><F37/><W104/><G104/><T42/><D4/><U6/><E107/><V5/><F116/><W77/><G70/><T68/><D71/><U101/><E122/><V19/><F113/><W25/><G61/><T124/><D124/><U16/><E119/><V66/><F125/><W90/><G25/><T79/><D88/><U74/><E74/><V53/><F5/><W106/><G106/><T60/><D62/><U59/><E101/><V117/><F117/><W39/><G83/><T29/><D18/><U72/><E6/><V14/><F102/><W134/><G134/><T1/><D1/><U50/><E38/><V0/><F0/><W115/><G115/><T118/><D118/><U108/><E72/><V22/><F73/><W54/><G44/><T97/><D97/><U131/><E131/><N who="2" m="50251" /><F63/><W99/><REACH who="3" step="1"/><G54/><REACH who="3" ten="350,156,229,255" step="2"/><T93/><D42/><AGARI ba="0,1" hai="3,7,8,9,10,11,39,42,47,77,78,90,92,99" machi="42" ten="40,8000,1" yaku="1,1,2,1,52,2,53,0" doraHai="75" doraHaiUra="126" who="3" fromWho="0" sc="350,-80,156,0,229,0,255,90" /><INIT seed="3,0,0,1,5,91" ten="270,156,229,345" oya="3" hai0="76,65,10,7,0,74,72,52,99,134,28,40,25" hai1="42,130,54,116,94,8,108,30,98,127,68,81,2" hai2="102,32,86,82,101,132,123,133,71,92,39,24,53" hai3="63,48,83,120,128,103,51,112,37,121,66,126,60"/><W59/><G112/><T85/><D134/><N who="2" m="51818" /><F39/><W89/><G103/><N who="2" m="39433" /><F71/><W11/><G11/><T49/><D40/><U19/><E68/><V17/><F53/><W64/><G89/><T1/><D1/><U100/><E42/><V67/><F67/><W3/><G3/><T110/><D65/><U16/><E116/><V87/><F17/><W97/><G97/><T79/><D110/><U34/><E127/><V22/><F22/><W57/><G83/><T13/><D0/><U20/><E108/><V115/><F115/><W73/><G73/><T5/><D5/><U105/><E130/><V113/><F113/><W18/><G18/><T38/><D38/><U50/><E34/><V47/><F47/><W80/><G80/><T6/><D6/><U107/><E81/><V131/><F131/><W124/><G37/><T96/><D74/><U117/><E117/><V45/><F45/><W84/><G84/><N who="2" m="32297" /><F123/><N who="3" m="47179" /><G128/><T106/><D72/><U15/><E2/><V69/><F69/><W12/><G12/><T23/><D106/><U56/><REACH who="1" step="1"/><E30/><REACH who="1" ten="270,146,229,345" step="2"/><N who="2" m="19527" /><F82/><W44/><G126/><T90/><D76/><U61/><E61/><V104/><F104/><W46/><G124/><T36/><D79/><U35/><E35/><V62/><F62/><W33/><G33/><T14/><D36/><U27/><AGARI ba="0,1" hai="8,15,16,19,20,27,50,54,56,94,98,100,105,107" machi="27" ten="20,8000,1" yaku="1,1,0,1,7,1,52,1,54,1,53,0" doraHai="91" doraHaiUra="70" who="1" fromWho="1" sc="270,-20,146,90,229,-20,345,-40" owari="250,5.0,236,-16.0,209,-29.0,305,40.0" /></mjloggm>