<mjloggm ver="2.3"><GO type="97" lobby="0"/><UN n0="%61%73%79%75%74%72%6C" n1="%E3%81%A4%E3%81%B0%E3%82%81" n2="%E3%83%A9%E3%83%A1%E3%83%BC%E3%83%B3%E4%BA%8C%E3%81%A4" n3="%E3%82%A6%E3%83%AB%E3%83%88%E3%83%A9%E7%AB%8B%E7%9B%B4" dan="15,13,15,15" rate="2005.28,1876.57,2049.41,2007.07" sx="M,M,M,M"/><TAIKYOKU oya="0"/><INIT seed="0,0,0,0,5,134" ten="250,250,250,250" oya="0" hai0="130,32,6,18,125,44,48,73,61,76,46,101,115" hai1="9,12,60,82,14,34,59,86,135,56,87,20,98" hai2="102,37,45,88,50,90,30,71,22,84,91,81,122" hai3="49,106,100,127,79,66,64,117,24,118,10,1,23"/><T78/><D32/><U8/><E34/><V99/><F122/><W11/><G79/><T93/><D73/><U97/><E20/><V27/><F71/><W132/><G132/><T85/><D130/><U33/><E33/><V5/><F37/><W123/><G100/><T41/><D6/><U39/><E39/><V75/><F75/><W96/><G106/><T128/><D128/><U105/><E105/><V58/><F58/><W43/><G96/><N who="0" m="59535" /><D46/><U77/><E135/><V126/><F5/><W25/><G23/><T119/><D115/><U110/><E110/><V13/><F13/><W35/><G35/><T62/><D119/><U65/><E65/><V42/><REACH who="2" step="1"/><F126/><REACH who="2" ten="250,250,240,250" step="2"/><W26/><G127/><T4/><D125/><U95/><E59/><V38/><F38/><W92/><G123/><T89/><D4/><U3/><E56/><V103/><F103/><W67/><G1/><T111/><D111/><U21/><E3/><V94/><AGARI ba="0,1" hai="22,27,30,42,45,50,81,84,88,90,91,94,99,102" machi="94" ten="20,8000,1" yaku="1,1,0,1,7,1,8,1,54,1,53,0" doraHai="134" doraHaiUra="131" who="2" fromWho="2" sc="250,-40,250,-20,240,90,250,-20" /><INIT seed="1,0,0,5,4,129" ten="210,230,330,230" oya="1" hai0="56,95,36,72,6,110,65,77,131,98,63,101,130" hai1="49,70,97,59,38,99,115,124,108,27,2,48,39" hai2="43,96,25,40,111,75,107,16,52,122,31,22,84" hai3="47,78,135,60,82,67,44,127,119,15,35,58,73"/><U1/><E115/><V64/><F122/><W116/><G35/><T68/><D36/><U88/><E59/><V132/><F75/><W94/><G127/><T112/><D112/><U46/><E27/><V12/><F64/><W114/><G114/><T30/><D110/><U76/><E76/><V134/><F111/><W69/><G58/><T102/><D102/><U117/><E108/><V91/><F96/><W86/><G15/><T83/><D6/><U33/><E33/><V90/><F107/><W103/><G47/><T128/><D30/><U26/><E26/><V0/><F0/><W17/><G17/><T24/><D24/><U13/><E13/><V55/><F43/><W123/><G44/><T23/><D23/><U20/><E20/><N who="2" m="15783" /><F40/><W71/><G71/><AGARI ba="0,0" hai="56,63,65,68,71,72,77,83,95,98,101,128,130,131" machi="71" ten="40,1300,0" yaku="19,1" doraHai="129" who="0" fromWho="3" sc="210,13,230,0,330,0,230,-13" /><INIT seed="2,0,0,3,2,113" ten="223,230,330,217" oya="2" hai0="110,15,6,115,49,7,64,91,76,52,89,105,114" hai1="75,74,59,132,84,126,20,121,4,8,40,23,65" hai2="47,124,79,60,86,120,63,117,131,72,2,108,81" hai3="128,51,14,18,111,9,68,119,109,92,101,34,70"/><V67/><F120/><W135/><G34/><T94/><D105/><U102/><E121/><V82/><F2/><W98/><G128/><T38/><D38/><U90/><E126/><V25/><F131/><W39/><G39/><T31/><D110/><N who="3" m="41993" /><G135/><T48/><D64/><U88/><E102/><V21/><F108/><W57/><G57/><T1/><D1/><U93/><E40/><V130/><F130/><W19/><G51/><T103/><D76/><U56/><E132/><V28/><F124/><W11/><G119/><T13/><D31/><U32/><E32/><V5/><F5/><W129/><G129/><T69/><D69/><U46/><E46/><V53/><F117/><W50/><G50/><T62/><D62/><U27/><E74/><V30/><F30/><W100/><G100/><T17/><D103/><U125/><E75/><V116/><F116/><W45/><G45/><T0/><D0/><U61/><E59/><V37/><F67/><W77/><G77/><T41/><D41/><U85/><E27/><V10/><F10/><W16/><G11/><T43/><D43/><U12/><E125/><V80/><F37/><W99/><G99/><T36/><D36/><U66/><E65/><V87/><F72/><W24/><G24/><T104/><D115/><U26/><E26/><V33/><F33/><W97/><G97/><T106/><D114/><U54/><E66/><V78/><F81/><AGARI ba="0,0" hai="4,8,12,20,23,54,56,61,81,84,85,88,90,93" machi="81" ten="30,3900,0" yaku="7,1,8,1,54,1" doraHai="113" who="1" fromWho="2" sc="223,0,230,39,330,-39,217,0" /><INIT seed="3,0,0,0,2,54" ten="223,269,291,217" oya="3" hai0="116,87,71,108,104,33,41,0,37,93,45,40,85" hai1="1,114,115,72,56,135,118,15,2,55,50,49,134" hai2="67,52,88,12,109,86,26,100,107,65,122,53,98" hai3="119,58,133,105,125,96,95,10,5,35,126,76,128"/><W31/><G105/><T29/><D0/><N who="1" m="107" /><E15/><V24/><F109/><W132/><G76/><T30/><D71/><U13/><E13/><V51/><F122/><W123/><G123/><T46/><D104/><U25/><E25/><V44/><F53/><W70/><G70/><T63/><D108/><U64/><E64/><V75/><F75/><W20/><G35/><T127/><D127/><N who="3" m="48649" /><G10/><T11/><D11/><U101/><E101/><V68/><F12/><W113/><G5/><T131/><D33/><U19/><E19/><V32/><F68/><W69/><G69/><T60/><D93/><U82/><E82/><V94/><F26/><N who="3" m="16839" /><G113/><T39/><D116/><U38/><E38/><V48/><REACH who="2" step="1"/><F51/><REACH who="2" ten="223,269,281,217" step="2"/><W121/><G119/><T80/><D39/><U47/><E118/><V111/><F111/><W97/><G121/><T84/><D37/><U34/><E72/><V42/><F42/><W90/><G128/><T4/><D131/><U66/><E66/><V61/><F61/><W78/><G78/><T99/><D60/><U120/><E120/><V16/><F16/><W79/><G79/><T22/><D63/><U27/><E115/><V91/><F91/><N who="3" m="55423" /><G58/><T62/><D40/><N who="1" m="24807" /><E114/><V23/><F23/><W17/><G17/><T36/><D22/><U124/><E124/><V8/><F8/><W43/><G43/><T21/><D41/><U117/><E117/><V81/><F81/><W7/><G7/><T9/><D80/><U92/><E92/><AGARI ba="0,1" hai="90,92,97,132,133" m="55423,16839,48649" machi="92" ten="30,1500,0" yaku="18,1" doraHai="54" who="3" fromWho="1" sc="223,0,269,-15,281,0,217,25" /><INIT seed="3,1,0,3,5,131" ten="223,254,281,242" oya="3" hai0="66,75,32,0,118,81,78,88,82,58,112,48,114" hai1="115,12,18,117,38,77,127,134,89,71,73,53,59" hai2="33,119,7,109,37,10,11,42,84,6,25,116,20" hai3="50,121,21,45,15,69,27,99,34,123,98,30,3"/><W57/><G69/><T86/><D32/><U1/><E38/><V68/><F68/><W120/><G3/><T85/><D0/><U41/><E41/><V4/><F84/><W16/><REACH who="3" step="1"/><G57/><REACH who="3" ten="223,254,281,232" step="2"/><T64/><D118/><U93/><E71/><V65/><F119/><W126/><G126/><T39/><D39/><U94/><E117/><V133/><F116/><W100/><G100/><T129/><D129/><U122/><E127/><V49/><F37/><W61/><G61/><T9/><D75/><U47/><E1/><V46/><F49/><W72/><G72/><T62/><D48/><U107/><E73/><V43/><F46/><W26/><G26/><T80/><D64/><U5/><E47/><V132/><F65/><W17/><G17/><T74/><REACH who="0" step="1"/><D9/><REACH who="0" ten="213,254,281,232" step="2"/><U22/><E122/><V135/><F11/><W83/><G83/><T102/><D102/><U130/><E130/><V70/><F10/><W29/><G29/><T19/><D19/><U90/><E5/><V51/><F51/><W76/><G76/><AGARI ba="1,2" hai="58,62,66,74,76,78,80,81,82,85,86,88,112,114" machi="76" ten="40,2600,0" yaku="1,1,54,1,53,0" doraHai="131" doraHaiUra="113" who="0" fromWho="3" sc="213,49,254,0,281,0,232,-29" /><INIT seed="4,0,0,4,5,77" ten="262,254,281,203" oya="0" hai0="54,95,112,132,90,74,42,111,100,81,67,84,37" hai1="35,92,38,18,34,9,48,39,24,20,109,13,101" hai2="41,73,59,51,83,70,0,117,19,69,63,126,75" hai3="17,88,43,134,123,30,57,129,14,36,85,135,8"/><T108/><D112/><U55/><E109/><N who="0" m="42057" /><D67/><U103/><E39/><V114/><F0/><W15/><G123/><T52/><D132/><N who="3" m="50729" /><G129/><T25/><D25/><U49/><E38/><V68/><F114/><W130/><G130/><T97/><D74/><U133/><E133/><V1/><F1/><W113/><G113/><T22/><D22/><U12/><E35/><V44/><F126/><W124/><G124/><T79/><D79/><U125/><E125/><V131/><F131/><W32/><G32/><T23/><D23/><U98/><E34/><V53/><F117/><W45/><G30/><T104/><D104/><U72/><E72/><V16/><F83/><N who="3" m="49215" /><G57/><T64/><D64/><U128/><E128/><V66/><F75/><W10/><G15/><T5/><D5/><U78/><E78/><V102/><F73/><W119/><G119/><T93/><D93/><U71/><E71/><V27/><F102/><W120/><G120/><T115/><D115/><U56/><E103/><V86/><F86/><W47/><G47/><AGARI ba="0,0" hai="37,42,47,52,54,81,84,90,95,97,100" m="42057" machi="47" ten="30,5800,0" yaku="10,1,52,1,54,1" doraHai="77" who="0" fromWho="3" sc="262,58,254,0,281,0,203,-58" owari="320,42.0,254,-15.0,281,8.0,145,-35.0" /></mjloggm>