<mjloggm ver="2.3"><GO type="97" lobby="0"/><UN n0="%E3%82%A6%E3%83%AB%E3%83%88%E3%83%A9%E7%AB%8B%E7%9B%B4" n1="%69%6E%6F%75%65%30%35" n2="%74%6B%63%72%6A%38%37%34" n3="%4E%6F%4E%61%6D%65%E3%81%86%E3%81%A0" dan="15,15,15,13" rate="1980.58,2020.45,1997.66,1825.95" sx="M,M,M,M"/><TAIKYOKU oya="0"/><INIT seed="0,0,0,2,2,49" ten="250,250,250,250" oya="0" hai0="91,131,14,36,39,86,7,2,72,25,23,119,73" hai1="113,78,89,30,93,126,67,82,81,37,28,12,99" hai2="43,71,62,44,10,76,50,135,112,9,80,48,27" hai3="116,38,85,31,95,68,97,92,40,127,94,46,41"/><T35/><D131/><U129/><E37/><N who="0" m="14409" /><D91/><U5/><E129/><V53/><F112/><W77/><G116/><T34/><D86/><U75/><E113/><V52/><F135/><W4/><G127/><T42/><D42/><U128/><E128/><V13/><F27/><W103/><G68/><T121/><D14/><U83/><E126/><V107/><F107/><W56/><G41/><T117/><D23/><U79/><E67/><V65/><F13/><W132/><G132/><T109/><D121/><U108/><E108/><V124/><F124/><W59/><G4/><T134/><D134/><U33/><E33/><N who="0" m="12297" /><D25/><U130/><E130/><V74/><REACH who="2" step="1"/><F43/><REACH who="2" ten="250,250,240,250" step="2"/><W32/><G32/><T70/><D109/><U63/><E12/><V57/><AGARI ba="0,1" hai="9,10,44,48,50,52,53,57,62,65,71,74,76,80" machi="57" ten="20,12000,2" yaku="1,1,2,1,0,1,7,1,52,2,54,1,53,0" doraHai="49" doraHaiUra="123" who="2" fromWho="2" sc="250,-60,250,-30,240,130,250,-30" /><INIT seed="1,0,0,2,3,54" ten="190,220,370,220" oya="1" hai0="104,108,38,17,20,57,121,84,6,49,7,78,29" hai1="34,24,99,21,110,43,82,55,109,135,47,30,48" hai2="58,39,62,68,87,134,56,33,118,64,89,27,37" hai3="44,116,77,52,114,94,18,76,125,45,83,105,96"/><U133/><E99/><V123/><F118/><W35/><G114/><T95/><D104/><U61/><E82/><V100/><F123/><W12/><G105/><T88/><D38/><U128/><E34/><V91/><F100/><N who="3" m="60439" /><G35/><T53/><D121/><U42/><E128/><V86/><F134/><N who="1" m="51209" /><E61/><V15/><F39/><W5/><G116/><T14/><D108/><AGARI ba="0,0" hai="21,24,30,42,43,47,48,55,108,109,110" m="51209" machi="108" ten="30,5800,0" yaku="14,1,10,1,20,1" doraHai="54" who="1" fromWho="0" sc="190,-58,220,58,370,0,220,0" /><INIT seed="1,1,0,4,5,43" ten="132,278,370,220" oya="1" hai0="116,35,134,89,123,99,97,27,121,129,74,77,1" hai1="12,124,88,81,130,69,80,29,122,132,79,73,103" hai2="109,5,85,127,42,78,48,49,44,33,45,84,60" hai3="100,10,119,41,40,65,53,57,28,117,90,11,82"/><U93/><E122/><N who="0" m="46601" /><D1/><U92/><E29/><V135/><F33/><W31/><G100/><T30/><D89/><U75/><E12/><V47/><F109/><W0/><G65/><T83/><D116/><U87/><E69/><V101/><F135/><W2/><G82/><T96/><D129/><U112/><E112/><V106/><F127/><W110/><G110/><T6/><D6/><U52/><E52/><N who="2" m="29703" /><F106/><W107/><G53/><T128/><D128/><U39/><E39/><V19/><F101/><W76/><G57/><T26/><D26/><U55/><E55/><N who="2" m="30127" /><F5/><W72/><G76/><T95/><D95/><N who="1" m="54687" /><E130/><V94/><F78/><W64/><G90/><T22/><D134/><U54/><E54/><V61/><F19/><W7/><G7/><T16/><D35/><U34/><E34/><V62/><F94/><N who="1" m="36457" /><E132/><V21/><F21/><W67/><REACH who="3" step="1"/><G107/><REACH who="3" ten="132,278,370,210" step="2"/><T111/><D111/><U66/><E66/><V3/><F3/><W38/><G38/><T32/><D32/><U63/><E124/><V108/><F108/><W104/><G104/><T17/><AGARI ba="1,1" hai="16,17,22,27,30,74,77,83,96,97,99" m="46601" machi="17" ten="40,2700,0" yaku="13,1,54,1" doraHai="43" who="0" fromWho="0" sc="132,40,278,-14,370,-8,210,-8" /><INIT seed="2,0,0,0,3,5" ten="172,264,362,202" oya="2" hai0="102,32,87,107,16,114,125,22,115,15,81,55,97" hai1="75,76,118,109,85,98,122,116,69,71,50,39,80" hai2="68,9,41,13,121,101,86,64,20,131,2,128,103" hai3="91,19,88,42,77,14,35,120,57,61,84,123,3"/><V124/><F121/><W51/><G3/><T33/><D125/><U93/><E39/><V78/><F2/><W36/><G36/><T59/><D33/><U4/><E122/><V129/><F124/><W1/><G1/><T117/><D32/><U53/><E109/><V56/><F41/><W127/><G127/><T111/><D111/><U60/><E4/><N who="2" m="3239" /><F68/><W47/><G35/><T27/><D117/><U17/><E75/><V119/><F119/><W67/><G77/><T7/><D7/><U26/><E71/><V132/><F132/><W82/><REACH who="3" step="1"/><G91/><REACH who="3" ten="172,264,362,192" step="2"/><T113/><D113/><U79/><E76/><V104/><F78/><W73/><G73/><T6/><D115/><U63/><E116/><V134/><F134/><W83/><G83/><T65/><D114/><U18/><E118/><V72/><F72/><W92/><G92/><T31/><D81/><U23/><E93/><V11/><F104/><W105/><G105/><T29/><D107/><U44/><E79/><V130/><F130/><W94/><G94/><T106/><D106/><U66/><E80/><V100/><F131/><W45/><G45/><T28/><D102/><U21/><E44/><V126/><F126/><W25/><G25/><T37/><D37/><U46/><E26/><V70/><F129/><W74/><G74/><T90/><D90/><U89/><E89/><V10/><F128/><W96/><G96/><T49/><D97/><U8/><E98/><V0/><F0/><W30/><G30/><T40/><D29/><U58/><E46/><V24/><F103/><W110/><G110/><T48/><D31/><RYUUKYOKU ba="0,1" sc="172,-10,264,-10,362,-10,192,30" hai3="14,19,42,47,51,57,61,67,82,84,88,120,123" /><INIT seed="3,1,1,5,3,11" ten="162,254,352,222" oya="3" hai0="127,116,47,45,83,39,31,10,48,103,38,80,13" hai1="43,72,28,75,41,113,12,128,111,102,92,99,49" hai2="26,67,117,3,107,105,68,122,96,2,131,101,37" hai3="61,100,71,25,9,34,69,134,52,16,14,63,78"/><W22/><G134/><T89/><D116/><U81/><E113/><V88/><F117/><W79/><G34/><T115/><D127/><U18/><E28/><V35/><F37/><W85/><G71/><T32/><D115/><U70/><E70/><V42/><F42/><W87/><G69/><T84/><D103/><U46/><E128/><V124/><F107/><W135/><G135/><T19/><D47/><U15/><E111/><V1/><F124/><W109/><G109/><T59/><D59/><U56/><E56/><V33/><F131/><W0/><G0/><T40/><D31/><U130/><E41/><V114/><F114/><W58/><G63/><T119/><D32/><U90/><E130/><V94/><F122/><W129/><G100/><T97/><D119/><U36/><E36/><V7/><F7/><N who="3" m="3391" /><G129/><T126/><D126/><U74/><REACH who="1" step="1"/><E18/><REACH who="1" ten="162,244,352,222" step="2"/><V20/><F68/><W23/><G23/><T125/><D125/><U112/><E112/><V21/><F67/><W4/><G4/><T133/><D133/><U30/><E30/><V29/><REACH who="2" step="1"/><F35/><REACH who="2" ten="162,244,342,222" step="2"/><W95/><G95/><T82/><D39/><U8/><E8/><V123/><F123/><W5/><G5/><T62/><D38/><U91/><E91/><V76/><F76/><AGARI ba="1,3" hai="16,22,25,52,58,61,76,78,79,85,87" m="3391" machi="76" ten="30,11600,0" yaku="8,1,52,1,54,2" doraHai="11" who="3" fromWho="2" sc="162,0,244,0,342,-119,222,149" owari="162,-34.0,244,4.0,223,-18.0,371,48.0" /></mjloggm>