<mjloggm ver="2.3"><GO type="97" lobby="0"/><UN n0="%E3%81%99%E3%81%84%E3%81%A6%E3%81%8D%E5%AE%88" n1="%E9%BE%8D%E9%82%A6" n2="%E3%83%96%E3%83%AD%E3%83%B3%E3%83%89%E3%83%98%E3%82%A2" n3="%E3%82%A6%E3%83%AB%E3%83%88%E3%83%A9%E7%AB%8B%E7%9B%B4" dan="14,13,15,15" rate="1944.06,1812.52,2038.81,2011.06" sx="F,M,M,M"/><TAIKYOKU oya="0"/><INIT seed="0,0,0,5,1,73" ten="250,250,250,250" oya="0" hai0="57,125,79,71,115,18,32,4,69,126,38,9,0" hai1="133,99,52,96,103,53,22,15,59,72,65,94,114" hai2="30,120,111,134,12,75,63,35,28,48,24,61,102" hai3="104,62,1,67,80,56,40,8,70,124,121,46,64"/><T68/><D115/><U109/><E114/><V78/><F120/><W34/><G104/><T20/><D38/><U5/><E133/><V60/><F134/><W39/><G34/><T23/><D32/><U10/><E109/><V44/><F111/><W16/><G124/><N who="0" m="47723" /><D57/><U132/><E72/><V14/><F30/><W37/><G121/><T86/><D18/><U7/><E132/><V98/><F44/><W88/><G39/><T85/><D85/><U29/><E99/><V91/><F48/><N who="3" m="26695" /><G1/><T113/><D113/><U123/><E7/><V89/><F91/><W17/><G37/><T66/><D66/><N who="3" m="25129" /><G70/><T84/><D84/><U41/><E41/><V119/><F89/><W87/><G8/><T90/><D90/><U54/><E123/><V83/><REACH who="2" step="1"/><F119/><REACH who="2" ten="250,250,240,250" step="2"/><W130/><G130/><T11/><D11/><U118/><E118/><V36/><F36/><W6/><G6/><T135/><D135/><U81/><E65/><AGARI ba="0,1" hai="16,17,56,62,65,80,87,88" m="25129,26695" machi="65" ten="30,3900,0" yaku="8,1,54,2" doraHai="73" who="3" fromWho="1" sc="250,0,250,-39,240,0,250,49" /><INIT seed="1,0,0,0,4,9" ten="250,211,240,299" oya="1" hai0="58,54,20,117,129,132,86,69,134,5,116,102,101" hai1="3,11,1,10,19,90,16,73,29,80,34,28,35" hai2="55,98,77,6,18,91,122,110,15,52,65,59,23" hai3="47,51,103,81,87,48,99,76,96,83,26,95,60"/><U104/><E104/><V40/><F110/><W85/><G60/><T88/><D69/><U82/><E90/><V94/><F122/><W46/><G26/><T107/><D5/><U89/><E89/><V97/><F77/><W8/><G8/><T125/><D125/><U44/><E44/><N who="3" m="16938" /><G99/><N who="0" m="61887" /><D20/><U24/><E24/><V57/><F40/><W111/><G111/><T128/><D102/><U22/><E22/><V74/><F74/><AGARI ba="0,0" hai="1,3,10,11,16,19,28,29,34,35,73,74,80,82" machi="74" ten="25,4800,0" yaku="22,2,54,1" doraHai="9" who="1" fromWho="2" sc="250,0,211,48,240,-48,299,0" /><INIT seed="1,1,0,2,4,47" ten="250,259,192,299" oya="1" hai0="58,111,0,21,59,16,32,95,105,53,108,43,12" hai1="54,121,37,134,48,124,133,62,94,34,76,117,75" hai2="49,81,30,99,28,112,6,61,107,113,2,102,83" hai3="23,22,36,13,123,31,127,106,98,29,57,110,120"/><U103/><E34/><V66/><F2/><W87/><G36/><T88/><D105/><U52/><E75/><V38/><F6/><W125/><G87/><N who="0" m="52639" /><D32/><U65/><E76/><V7/><F7/><W114/><G98/><T44/><D53/><U131/><E121/><V109/><F38/><W116/><G57/><T82/><D82/><U11/><E117/><V67/><F109/><N who="0" m="42058" /><D0/><U69/><E11/><V39/><F39/><AGARI ba="1,0" hai="12,16,21,39,43,44,58,59" m="42058,52639" machi="39" ten="30,3900,0" yaku="14,1,54,2" doraHai="47" who="0" fromWho="2" sc="250,42,259,0,192,-42,299,0" /><INIT seed="2,0,0,5,4,135" ten="292,259,150,299" oya="2" hai0="118,74,53,52,43,80,10,113,22,13,100,129,24" hai1="119,111,18,117,98,104,125,130,89,115,97,133,32" hai2="36,17,27,9,94,56,38,83,55,25,99,37,33" hai3="42,1,107,30,58,123,12,101,110,3,87,23,54"/><V20/><F83/><W60/><G123/><T41/><D113/><U68/><RYUUKYOKU type="yao9" ba="0,0" sc="292,0,259,0,150,0,299,0" hai1="18,32,68,89,97,98,104,111,115,117,119,125,130,133" /><INIT seed="2,1,0,0,0,89" ten="292,259,150,299" oya="2" hai0="8,30,66,65,120,14,5,92,122,87,19,125,112" hai1="83,81,56,43,115,45,73,9,33,85,67,26,51" hai2="10,13,27,28,21,44,96,132,113,79,29,86,18" hai3="97,50,101,11,58,42,78,61,71,68,126,49,60"/><V53/><F113/><W31/><G126/><T121/><D112/><U100/><E73/><V131/><F132/><W111/><G111/><T108/><D108/><U123/><E123/><V124/><F124/><W118/><G118/><T76/><D125/><U133/><E115/><V1/><F131/><W102/><G78/><T72/><D72/><U36/><E133/><V95/><F1/><W94/><G31/><T54/><D30/><U46/><E33/><V105/><F105/><W128/><G128/><T0/><D54/><U38/><E26/><V114/><F114/><W82/><G82/><T15/><D15/><U119/><E119/><V106/><F106/><W130/><G130/><T80/><REACH who="0" step="1"/><D92/><REACH who="0" ten="282,259,150,299" step="2"/><U88/><E67/><V17/><F53/><N who="3" m="32055" /><G68/><T69/><D69/><U91/><E100/><N who="2" m="60447" /><F44/><N who="3" m="25751" /><G71/><T75/><D75/><U32/><E32/><V37/><F37/><W2/><G2/><T39/><D39/><U109/><E109/><V25/><F25/><W117/><G117/><T48/><D48/><U104/><E104/><V110/><F110/><W16/><G102/><T62/><D62/><U52/><E36/><V35/><F35/><W12/><AGARI ba="1,1" hai="11,12,16,60,61,94,97,101" m="25751,32055" machi="12" ten="30,4000,0" yaku="8,1,52,1,54,1" doraHai="89" who="3" fromWho="3" sc="282,-11,259,-11,150,-21,299,53" /><INIT seed="3,0,0,3,5,112" ten="271,248,129,352" oya="3" hai0="84,97,28,57,120,72,61,127,131,86,64,17,105" hai1="109,87,25,33,113,2,55,12,129,93,44,8,63" hai2="98,9,14,24,15,3,82,106,11,30,119,31,83" hai3="81,18,59,6,92,46,43,99,47,35,73,65,108"/><W115/><G35/><T1/><D120/><U96/><E2/><V75/><F106/><W80/><G6/><T38/><D38/><U37/><E109/><V27/><F98/><W89/><G73/><T51/><D72/><U40/><E113/><V132/><F75/><W91/><G43/><T101/><D1/><U58/><E129/><V23/><F82/><W103/><G18/><T76/><D131/><U118/><E87/><V74/><F74/><W102/><G59/><T52/><D127/><U4/><E33/><N who="2" m="20679" /><F83/><W0/><G0/><T16/><D28/><U123/><E123/><V66/><F132/><W56/><G56/><T7/><D7/><U70/><E70/><V41/><F66/><W32/><G65/><T19/><REACH who="0" step="1"/><D76/><REACH who="0" ten="261,248,129,352" step="2"/><U134/><E134/><V128/><F128/><W124/><G124/><T42/><D42/><U69/><E69/><AGARI ba="0,1" hai="16,17,19,51,52,57,61,64,69,84,86,97,101,105" machi="69" ten="40,5200,0" yaku="1,1,54,2,53,0" doraHai="112" doraHaiUra="126" who="0" fromWho="1" sc="261,62,248,-52,129,0,352,0" owari="323,12.0,196,-20.0,129,-37.0,352,45.0" /></mjloggm>