<mjloggm ver="2.3"><GO type="97" lobby="0"/><UN n0="%73%75%67%6F%6D%6F%72%69" n1="%43%4C%41%40%47%41%4D%45" n2="%E3%83%AF%E3%82%A4%E3%83%AB%E3%83%89" n3="%E3%82%A6%E3%83%AB%E3%83%88%E3%83%A9%E7%AB%8B%E7%9B%B4" dan="14,13,15,15" rate="1936.36,1854.51,2079.71,2031.08" sx="F,M,M,M"/><TAIKYOKU oya="0"/><INIT seed="0,0,0,2,5,134" ten="250,250,250,250" oya="0" hai0="35,30,101,103,14,66,84,70,41,49,114,38,26" hai1="94,97,95,129,100,29,72,55,75,57,23,128,131" hai2="60,24,112,65,124,92,8,6,79,86,5,52,46" hai3="4,40,2,61,102,20,10,19,98,63,80,44,21"/><T96/><D114/><U59/><E23/><V90/><F112/><W71/><G80/><T48/><D103/><U28/><E94/><V123/><F123/><W83/><G83/><T53/><D84/><U0/><E0/><V77/><F6/><W130/><G130/><T117/><D117/><U105/><E105/><V78/><F24/><W81/><G81/><T122/><D122/><U16/><E16/><V135/><F135/><W62/><G19/><T42/><D14/><U91/><E91/><V45/><F65/><W68/><G68/><T13/><D13/><U32/><E32/><V109/><F109/><W34/><G34/><T126/><D126/><U88/><E100/><V120/><F120/><W67/><G21/><T115/><D115/><U7/><E7/><V12/><F124/><W99/><G20/><T25/><D25/><U89/><E89/><V1/><F1/><W22/><G22/><T111/><D111/><U121/><E121/><V104/><F104/><W118/><G118/><T69/><D69/><U132/><E132/><V64/><REACH who="2" step="1"/><F52/><REACH who="2" ten="250,250,240,250" step="2"/><W15/><G2/><T110/><D110/><U76/><E55/><V116/><F116/><W39/><G99/><T58/><D96/><U9/><E9/><V37/><F37/><W33/><G33/><T50/><D38/><U51/><E51/><V17/><F17/><W113/><G113/><T133/><D35/><U54/><E54/><V108/><F108/><W27/><G27/><T85/><D26/><U106/><E106/><AGARI ba="0,1" hai="4,10,15,39,40,44,61,62,63,67,71,98,102,106" machi="106" ten="30,1000,0" yaku="7,1" doraHai="134" who="3" fromWho="1" sc="250,0,250,-10,240,0,250,20" /><INIT seed="1,0,0,0,3,5" ten="250,240,240,270" oya="1" hai0="83,7,35,117,81,64,80,101,65,3,27,89,25" hai1="28,98,85,100,53,123,49,92,108,84,48,77,62" hai2="14,34,79,38,50,29,23,113,54,111,82,36,132" hai3="90,131,18,71,75,52,96,57,126,106,102,104,91"/><U8/><E123/><V97/><F111/><W119/><G71/><T74/><D117/><U11/><E108/><V37/><F132/><W129/><G119/><T45/><D101/><U33/><E33/><V17/><F113/><W88/><G75/><T116/><D116/><U112/><E112/><V122/><F122/><W73/><G73/><T21/><D74/><U68/><E28/><V32/><F97/><W125/><G18/><T13/><D45/><U66/><E49/><V115/><F115/><W67/><G67/><T39/><D39/><U128/><E128/><N who="3" m="49226" /><G106/><T10/><D89/><U133/><E133/><V99/><F99/><W69/><G69/><T42/><D27/><U120/><E120/><V20/><F20/><W1/><G1/><T26/><D26/><U135/><E135/><V40/><F40/><W114/><G114/><T124/><D42/><U72/><E72/><V59/><REACH who="2" step="1"/><F29/><REACH who="2" ten="250,240,230,270" step="2"/><W9/><G9/><T43/><D43/><U24/><E24/><V121/><F121/><W61/><AGARI ba="0,1" hai="52,57,61,88,90,91,96,102,104,125,126" m="49226" machi="61" ten="40,5200,0" yaku="19,1,54,2" doraHai="5" who="3" fromWho="3" sc="250,-13,240,-26,230,-13,270,62" /><INIT seed="2,0,0,1,3,73" ten="237,214,217,332" oya="2" hai0="92,118,14,134,99,74,71,123,34,107,18,104,125" hai1="64,11,22,60,62,119,50,2,49,41,129,15,96" hai2="38,56,32,111,115,89,26,94,113,66,65,30,88" hai3="87,90,78,53,20,59,40,91,131,95,7,37,86"/><V112/><F38/><W10/><G131/><T77/><D123/><U46/><E119/><V79/><F111/><W16/><G40/><T6/><D71/><U23/><E129/><V128/><F128/><W8/><G37/><T31/><D125/><U13/><E2/><V121/><F121/><W52/><G7/><T55/><D134/><U9/><E96/><V101/><F101/><W70/><G70/><T48/><D118/><U1/><E1/><V97/><F89/><W45/><G45/><T80/><D6/><U100/><E100/><V33/><F33/><W120/><G120/><T57/><D31/><U124/><E124/><V27/><F27/><N who="3" m="14727" /><G78/><T133/><D34/><U42/><E64/><V75/><REACH who="2" step="1"/><F56/><REACH who="2" ten="237,214,207,332" step="2"/><W5/><G59/><T0/><D133/><U132/><E46/><V114/><N who="2" m="29184" /><DORA hai="63" /><V85/><F85/><W130/><G130/><T81/><D0/><U103/><E103/><V93/><F93/><W25/><G25/><T54/><D81/><AGARI ba="0,1" hai="26,30,32,65,66,75,79,81,88,94,97" m="29184" machi="81" ten="70,18000,2" yaku="1,1,52,3,54,1,53,1" doraHai="73,63" doraHaiUra="36,106" who="2" fromWho="0" sc="237,-180,214,0,207,190,332,0" /><INIT seed="2,1,0,0,5,49" ten="57,214,397,332" oya="2" hai0="100,74,99,69,107,25,48,70,67,111,109,8,134" hai1="10,52,14,41,131,43,54,45,127,132,28,20,36" hai2="115,35,93,118,133,37,15,97,61,63,19,11,77" hai3="117,22,76,126,91,98,95,53,24,73,66,121,40"/><V129/><F35/><W110/><G121/><T26/><D26/><BYE who="0" /><U18/><E132/><V21/><F37/><W0/><G0/><T34/><D34/><U123/><E123/><V72/><F118/><W7/><G117/><T79/><D79/><U124/><E131/><V3/><F115/><W78/><G7/><T12/><D12/><U27/><REACH who="1" step="1"/><E43/><REACH who="1" ten="57,204,397,332" step="2"/><V103/><F129/><W4/><G40/><T81/><D81/><U33/><E33/><V44/><F133/><W130/><G130/><T89/><D89/><U57/><E57/><V116/><F116/><W80/><G126/><AGARI ba="1,1" hai="10,14,18,20,27,28,36,41,45,52,54,124,126,127" machi="126" ten="40,8000,1" yaku="1,1,18,1,52,2,54,1,53,0" doraHai="49" doraHaiUra="101" who="1" fromWho="3" sc="57,0,204,93,397,0,332,-83" /><INIT seed="3,0,0,2,2,65" ten="57,297,397,249" oya="3" hai0="32,6,68,67,9,53,97,127,50,22,129,13,10" hai1="63,102,79,4,81,39,122,57,48,73,71,45,8" hai2="2,61,60,116,16,66,121,86,76,118,131,95,119" hai3="40,14,54,20,103,90,109,112,35,120,87,91,64"/><W42/><G35/><T111/><D111/><U38/><E122/><V114/><F2/><W62/><G112/><T88/><D88/><U126/><E102/><V99/><F114/><W82/><G109/><T69/><D69/><U55/><E126/><V7/><F7/><W56/><G120/><T34/><D34/><U47/><E47/><V33/><F33/><W80/><G103/><T11/><D11/><U83/><E83/><V59/><F121/><W134/><G134/><T52/><D52/><U19/><E19/><V132/><F132/><W110/><G110/><T51/><D51/><U125/><E125/><V25/><F131/><W75/><G75/><T108/><D108/><U46/><E46/><V23/><F76/><W98/><G14/><T104/><D104/><U43/><E71/><V89/><REACH who="2" step="1"/><F61/><REACH who="2" ten="57,297,387,249" step="2"/><W24/><G64/><T36/><D36/><U92/><E92/><V3/><F3/><AGARI ba="0,1" hai="3,4,8,38,39,43,45,48,55,57,63,73,79,81" machi="3" ten="30,1000,0" yaku="7,1" doraHai="65" who="1" fromWho="2" sc="57,0,297,20,387,-10,249,0" owari="57,-44.0,317,12.0,377,47.0,249,-15.0" /></mjloggm>