<mjloggm ver="2.3"><GO type="97" lobby="0"/><UN n0="%E9%BE%8D%E9%96%80%E6%B8%95%E9%AB%98%E6%A0%A1%E7%B7%8F%E5%90%88" n1="%E3%82%A6%E3%83%AB%E3%83%88%E3%83%A9%E7%AB%8B%E7%9B%B4" n2="%63%61%74%61%73%74" n3="%E9%87%8E%E8%89%AF%E3%83%A9%E3%82%B9%E3%82%AB%E3%83%AB" dan="13,15,13,14" rate="1935.69,2000.23,1808.97,1903.98" sx="M,M,M,M"/><TAIKYOKU oya="0"/><INIT seed="0,0,0,5,5,91" ten="250,250,250,250" oya="0" hai0="37,0,127,11,33,102,19,80,53,25,75,62,39" hai1="135,43,81,97,34,24,29,40,56,114,113,93,14" hai2="70,124,133,126,131,65,98,30,52,115,134,74,26" hai3="47,51,100,54,15,108,55,107,6,89,111,8,12"/><T95/><D127/><N who="2" m="48682" /><F74/><W23/><G107/><T77/><D33/><U132/><E81/><V58/><F115/><N who="1" m="44041" /><E14/><V109/><F109/><W110/><G100/><T63/><D25/><U42/><E56/><V96/><F65/><W28/><G89/><AGARI ba="0,0" hai="24,29,34,40,42,43,89,93,97,132,135" m="44041" machi="89" ten="30,2000,0" yaku="11,1,52,1" doraHai="91" who="1" fromWho="3" sc="250,0,250,20,250,0,250,-20" /><INIT seed="1,0,0,5,3,51" ten="250,270,250,230" oya="1" hai0="115,122,14,35,75,3,112,56,71,16,96,63,117" hai1="54,12,62,124,104,43,29,26,79,72,36,132,114" hai2="45,15,123,22,81,83,113,70,119,37,64,88,21" hai3="40,50,49,92,98,90,102,13,57,111,127,20,99"/><U44/><E114/><V121/><F119/><W42/><G50/><T17/><D117/><U77/><E72/><V120/><F113/><W80/><G127/><T47/><D75/><U19/><E104/><V93/><F64/><W76/><G111/><T2/><D3/><U74/><E74/><V133/><F70/><W110/><G110/><T130/><D2/><U86/><E124/><V32/><F32/><W105/><G76/><T109/><D71/><U55/><E132/><V87/><F133/><W103/><G80/><T38/><D109/><U5/><E5/><V41/><F15/><W46/><G40/><T52/><D35/><U69/><E69/><V60/><F60/><W59/><G90/><T94/><D130/><U116/><E116/><V128/><F128/><W48/><G48/><T95/><D122/><U65/><E65/><V31/><F31/><W23/><G23/><T134/><D134/><U66/><E66/><V107/><F107/><W6/><REACH who="3" step="1"/><G20/><REACH who="3" ten="250,270,250,220" step="2"/><T118/><D118/><U24/><E79/><V78/><REACH who="2" step="1"/><F83/><REACH who="2" ten="250,270,240,220" step="2"/><W97/><G97/><AGARI ba="0,2" hai="21,22,37,41,45,78,81,87,88,93,97,120,121,123" machi="97" ten="40,5200,0" yaku="1,1,2,1,54,1,53,0" doraHai="51" doraHaiUra="135" who="2" fromWho="3" sc="250,0,270,0,240,72,220,-52" /><INIT seed="2,0,0,0,2,16" ten="250,270,312,168" oya="2" hai0="5,60,94,51,66,42,73,96,88,24,82,95,49" hai1="72,55,107,26,8,116,134,12,110,115,104,119,121" hai2="84,67,56,2,118,37,109,32,103,46,83,131,35" hai3="14,77,122,129,135,62,93,40,106,9,91,21,81"/><V79/><F118/><W39/><G106/><T18/><D5/><U31/><E72/><V30/><F2/><W114/><G122/><T126/><D126/><U59/><E107/><V92/><F131/><W132/><G129/><T44/><D73/><U105/><E104/><V17/><F30/><W58/><G114/><T76/><D76/><U36/><E105/><V45/><F45/><W133/><G40/><T6/><D6/><U98/><E36/><V7/><F7/><W120/><G9/><T61/><D51/><U90/><E115/><V29/><F29/><W112/><G39/><T123/><D123/><U117/><E121/><V54/><F67/><W23/><G14/><T11/><D82/><U4/><E134/><V78/><F78/><W1/><G1/><T48/><D48/><U19/><E110/><V27/><F109/><W47/><G47/><T74/><D74/><U102/><E102/><V100/><F100/><W70/><G70/><T75/><D75/><U22/><E31/><V53/><F103/><W89/><G112/><T34/><D34/><U124/><E124/><V57/><F92/><W52/><G120/><T28/><D28/><U113/><E113/><V128/><F128/><W68/><G68/><T69/><D61/><N who="1" m="36095" /><E119/><V127/><F127/><W10/><G10/><T3/><D3/><U99/><E99/><V20/><F37/><W25/><G25/><T65/><D65/><U125/><E125/><V101/><F101/><W43/><G43/><T97/><D11/><U80/><E80/><V0/><F0/><W86/><G93/><AGARI ba="0,0" hai="4,8,12,19,22,26,90,93,98,116,117" m="36095" machi="93" ten="30,2000,0" yaku="25,1,52,1" doraHai="16" who="1" fromWho="3" sc="250,0,270,20,312,0,168,-20" /><INIT seed="3,0,0,2,2,27" ten="250,290,312,148" oya="3" hai0="110,135,25,71,124,129,12,58,35,26,4,88,2" hai1="39,52,63,1,65,8,17,36,50,111,75,3,15" hai2="86,132,73,104,37,97,76,41,23,117,90,83,109" hai3="80,95,54,103,72,10,18,119,115,46,16,28,64"/><W70/><G72/><T92/><D71/><U107/><E107/><V7/><F117/><W130/><G119/><T123/><D123/><U93/><E75/><V0/><F23/><W56/><G115/><T24/><D2/><U32/><E32/><V122/><F122/><W77/><G130/><T108/><D124/><U114/><E114/><V49/><F49/><W45/><G70/><T101/><D129/><U134/><E134/><V48/><F48/><N who="3" m="30791" /><G64/><T99/><D135/><U19/><E39/><V128/><F132/><W40/><G10/><T6/><D35/><U57/><E36/><V116/><F116/><W34/><G34/><T79/><D79/><U14/><E93/><N who="2" m="54487" /><F128/><W42/><G80/><T68/><D68/><U91/><E91/><V47/><F97/><N who="3" m="59839" /><G77/><T31/><D12/><U82/><E82/><V13/><F104/><W89/><G89/><T106/><D58/><U33/><E33/><V69/><F69/><W121/><G28/><T38/><D38/><U127/><E127/><V20/><F13/><W5/><G5/><T81/><D81/><U125/><E125/><V62/><F20/><W87/><G87/><T21/><D106/><U22/><E3/><V100/><F100/><W9/><G121/><T133/><D101/><U51/><E1/><V11/><F109/><N who="0" m="42090" /><D133/><U131/><E111/><V84/><F84/><W60/><G60/><AGARI ba="0,0" hai="0,7,11,37,41,47,60,62,73,76,83" m="54487" machi="60" ten="30,1000,0" yaku="25,1" doraHai="27" who="2" fromWho="3" sc="250,0,290,0,312,10,148,-10" owari="250,-15.0,290,9.0,322,42.0,138,-36.0" /></mjloggm>