<mjloggm ver="2.3"><GO type="97" lobby="0"/><UN n0="%E3%82%AA%E3%82%A4%E3%83%A9%E3%83%BC%E3%81%AE%E6%B3%95%E5%89%87" n1="%50%4D" n2="%E3%82%A6%E3%83%AB%E3%83%88%E3%83%A9%E7%AB%8B%E7%9B%B4" n3="%E3%82%8A%E3%81%A3%E3%81%8B" dan="14,15,15,13" rate="1976.73,1968.99,1991.53,1902.12" sx="M,F,M,F"/><TAIKYOKU oya="0"/><INIT seed="0,0,0,3,5,23" ten="250,250,250,250" oya="0" hai0="118,105,98,103,92,127,108,79,0,60,45,93,121" hai1="134,19,34,85,129,48,101,53,130,3,38,8,39" hai2="65,124,87,114,41,67,94,35,100,46,96,109,78" hai3="61,63,51,88,40,125,62,15,89,52,104,5,42"/><T1/><D121/><U12/><E134/><V24/><F114/><W75/><G104/><T113/><D118/><U18/><E34/><V7/><F124/><W133/><G75/><T76/><D113/><U84/><E101/><V122/><F122/><W112/><G112/><T36/><D127/><U17/><E3/><V47/><F109/><W20/><G133/><T11/><D108/><U21/><E39/><V27/><F35/><W120/><G120/><T28/><D60/><U10/><E38/><V135/><F7/><W29/><G125/><T131/><D131/><N who="1" m="50187" /><E10/><V99/><F135/><W80/><G5/><T132/><D132/><U107/><E107/><V97/><F100/><W95/><G80/><T49/><D36/><U44/><E19/><V119/><F119/><W33/><G33/><T106/><D0/><U115/><E115/><V2/><F2/><W32/><G32/><T6/><D28/><U86/><E86/><V110/><F110/><W9/><G9/><T90/><D106/><U83/><E83/><N who="2" m="47607" /><F94/><W13/><G13/><AGARI ba="0,0" hai="8,12,13,17,18,21,44,48,53,84,85" m="50187" machi="13" ten="30,1000,0" yaku="19,1" doraHai="23" who="1" fromWho="3" sc="250,0,250,10,250,0,250,-10" /><INIT seed="1,0,0,5,3,96" ten="250,260,250,240" oya="1" hai0="92,128,89,108,44,100,35,129,47,97,133,80,106" hai1="115,48,101,125,4,25,23,12,68,26,87,16,3" hai2="83,51,43,126,130,71,122,29,93,112,76,103,131" hai3="20,114,49,117,46,85,0,11,31,73,6,42,121"/><U32/><E115/><V74/><F71/><W79/><G114/><T70/><D35/><U104/><E125/><V132/><F112/><W58/><G121/><T13/><D70/><U1/><E68/><V88/><F126/><W37/><G117/><T9/><D133/><U110/><E48/><V2/><F2/><W113/><G113/><T40/><D80/><U61/><E61/><V127/><F127/><W124/><G124/><T34/><D34/><U56/><E56/><V95/><F132/><W14/><G58/><T102/><D108/><U67/><E67/><V30/><F122/><W27/><G73/><T107/><D106/><U69/><E69/><V64/><F64/><W62/><G62/><T39/><D47/><U50/><E50/><V135/><F135/><W55/><G37/><T91/><D91/><U33/><E87/><N who="2" m="52383" /><F51/><W82/><G0/><N who="1" m="74" /><E101/><V60/><F60/><W111/><REACH who="3" step="1"/><G111/><REACH who="3" ten="250,260,250,230" step="2"/><T77/><D107/><U78/><E104/><V72/><F72/><W52/><AGARI ba="0,1" hai="6,11,14,20,27,31,42,46,49,52,55,79,82,85" machi="52" ten="30,16000,3" yaku="1,1,2,1,0,1,25,2,8,1,54,1,53,1" doraHai="96" doraHaiUra="24" who="3" fromWho="3" sc="250,-40,260,-80,250,-40,230,170" /><INIT seed="2,0,0,0,3,124" ten="210,180,210,400" oya="2" hai0="104,35,129,90,77,65,37,82,135,17,9,84,26" hai1="47,108,121,100,80,99,126,70,19,94,12,1,76" hai2="46,78,0,83,27,28,32,69,110,34,98,106,119" hai3="52,79,128,86,10,45,25,49,111,43,57,22,60"/><V13/><F119/><W29/><G111/><T18/><D37/><U71/><E108/><V24/><F110/><W132/><G132/><T3/><D104/><U114/><E126/><V130/><F0/><W133/><G133/><T105/><D135/><U74/><E114/><V75/><F13/><W36/><G128/><T5/><D105/><U63/><E121/><V6/><F6/><W81/><REACH who="3" step="1"/><G10/><REACH who="3" ten="210,180,210,390" step="2"/><T116/><D116/><U127/><E127/><V66/><F130/><W2/><G2/><T7/><D7/><U118/><E1/><V44/><F44/><W56/><G56/><T16/><D129/><U95/><E118/><V50/><F46/><W97/><G97/><T48/><D48/><AGARI ba="0,1" hai="22,25,29,36,43,45,48,49,52,57,60,79,81,86" machi="48" ten="40,2600,0" yaku="1,1,54,1,53,0" doraHai="124" doraHaiUra="101" who="3" fromWho="0" sc="210,-26,180,0,210,0,390,36" /><INIT seed="3,0,0,2,3,15" ten="184,180,210,426" oya="3" hai0="81,108,1,9,0,83,50,93,54,131,85,49,73" hai1="16,68,53,123,99,65,116,21,120,30,107,124,31" hai2="103,133,45,19,46,79,22,101,104,39,17,42,55" hai3="26,121,71,25,69,57,18,77,114,40,105,97,37"/><W87/><G121/><T95/><D131/><U61/><E124/><V96/><F133/><W70/><G114/><T119/><D108/><U64/><E53/><V130/><F130/><W24/><G57/><T112/><D119/><U80/><E116/><V115/><F115/><W111/><G111/><T88/><D112/><U33/><E80/><V63/><F79/><W11/><G77/><T109/><D109/><U89/><E65/><V90/><F103/><W36/><G87/><T58/><D73/><U38/><E38/><V47/><F47/><W127/><G127/><T27/><D0/><U43/><E43/><V10/><F10/><W72/><G72/><T20/><D1/><U122/><E89/><V92/><F22/><W56/><G56/><T28/><D9/><U74/><E74/><V35/><F35/><W13/><REACH who="3" step="1"/><G40/><REACH who="3" ten="184,180,210,416" step="2"/><T129/><D129/><U62/><E33/><V6/><F42/><W52/><G52/><N who="0" m="32015" /><D83/><U8/><E8/><V102/><F55/><W91/><G91/><T59/><AGARI ba="0,1" hai="20,27,28,50,54,59,81,85,88,93,95" m="32015" machi="59" ten="30,4000,0" yaku="8,1,54,2" doraHai="15" who="0" fromWho="0" sc="184,50,180,-10,210,-10,416,-20" owari="234,3.0,170,-33.0,200,-20.0,396,50.0" /></mjloggm>