<mjloggm ver="2.3"><GO type="97" lobby="0"/><UN n0="%E3%82%A6%E3%83%AB%E3%83%88%E3%83%A9%E7%AB%8B%E7%9B%B4" n1="%4F%69%E3%81%AE%E3%81%B6%E5%AD%90" n2="%E3%81%BF%E3%81%BF%E3%81%9A" n3="%E5%91%B3%E3%81%AE%E7%B4%A0%E3%81%AE%E7%B4%A0" dan="15,15,15,15" rate="1989.80,2070.00,2004.67,1967.24" sx="M,M,M,M"/><TAIKYOKU oya="0"/><INIT seed="0,0,0,1,5,123" ten="250,250,250,250" oya="0" hai0="127,63,4,61,120,112,96,115,40,86,1,102,114" hai1="121,75,116,74,77,94,111,62,41,98,59,0,32" hai2="91,131,133,13,7,18,19,118,69,104,37,31,129" hai3="110,113,38,101,57,50,30,89,67,36,73,26,71"/><T52/><D120/><U44/><E121/><V16/><F69/><W119/><G113/><T15/><D1/><U33/><E116/><V54/><F37/><W11/><G119/><T103/><D127/><U20/><E0/><V125/><F118/><W29/><G73/><T78/><D40/><U97/><E20/><V128/><F104/><W130/><G101/><T23/><D102/><U99/><E94/><V126/><F31/><W43/><G71/><T51/><D86/><U134/><E134/><V65/><F65/><W35/><G30/><T49/><D78/><U10/><E10/><N who="2" m="4319" /><F54/><W53/><G67/><T3/><D3/><U70/><E70/><V39/><F39/><W56/><G56/><T66/><D66/><U46/><E41/><V17/><F91/><W100/><G100/><T12/><D51/><U34/><E111/><V122/><F122/><W22/><G110/><T80/><D80/><U24/><E77/><V82/><F82/><W90/><G38/><T109/><D109/><U14/><E75/><V28/><F28/><W92/><G35/><T84/><D84/><U88/><E74/><V107/><F107/><W85/><G36/><T68/><D68/><U9/><E88/><V55/><F133/><W105/><G105/><T47/><D15/><U132/><E24/><V106/><F106/><W135/><G89/><T79/><D79/><U58/><E132/><V87/><N who="2" m="4096" /><DORA hai="83" /><V124/><F55/><W5/><G135/><T8/><REACH who="0" step="1"/><D23/><REACH who="0" ten="240,250,250,250" step="2"/><U76/><E76/><V42/><F42/><W81/><G43/><T93/><AGARI ba="0,1" hai="4,8,12,47,49,52,61,63,93,96,103,112,114,115" machi="93" ten="30,12000,1" yaku="1,1,2,1,0,1,54,1,53,1" doraHai="123,83" doraHaiUra="6,117" who="0" fromWho="0" sc="240,130,250,-40,250,-40,250,-40" /><INIT seed="0,1,0,4,4,50" ten="370,210,210,210" oya="0" hai0="43,107,4,121,73,97,116,115,105,2,110,125,14" hai1="15,59,88,74,55,99,89,66,106,134,44,12,77" hai2="82,83,26,118,28,68,49,87,127,22,39,72,45" hai3="13,54,41,91,98,1,81,120,62,47,3,38,80"/><T16/><D73/><U124/><E124/><V122/><F122/><W79/><G120/><T93/><D116/><U19/><E134/><V37/><F127/><W111/><G111/><T21/><D115/><U78/><E106/><V20/><F68/><W0/><G13/><N who="1" m="5194" /><E74/><V100/><F118/><W60/><G80/><T23/><D125/><U126/><E126/><V86/><F100/><W112/><G112/><T46/><D121/><U36/><E36/><V101/><F101/><W96/><G91/><N who="1" m="34890" /><E99/><V56/><F72/><W61/><REACH who="3" step="1"/><G54/><REACH who="3" ten="370,210,210,200" step="2"/><T53/><D53/><U31/><E55/><V18/><F82/><W58/><G58/><T51/><D110/><U95/><E59/><V32/><F56/><W63/><N who="3" m="15360" /><DORA hai="33" /><W7/><G7/><T25/><D4/><U35/><E66/><V113/><F113/><W85/><AGARI ba="1,1" hai="0,1,3,38,41,47,79,81,85,96,98" m="15360" machi="85" ten="50,8000,1" yaku="1,1,0,1,52,3,53,0" doraHai="50,33" doraHaiUra="102,29" who="3" fromWho="3" sc="370,-41,210,-21,210,-21,200,93" /><INIT seed="1,0,0,5,0,71" ten="329,189,189,293" oya="1" hai0="65,95,49,116,17,67,131,115,121,6,58,47,112" hai1="79,52,50,0,48,7,108,21,41,59,114,90,85" hai2="87,96,32,127,134,110,80,78,118,14,46,100,117" hai3="73,83,2,89,128,99,5,82,81,119,68,38,53"/><U120/><E120/><V45/><F32/><W37/><G128/><T126/><D116/><U33/><E114/><V43/><F110/><W9/><G119/><T69/><D69/><U104/><E108/><V84/><F127/><W130/><G130/><T97/><D131/><U64/><E33/><V29/><F134/><W28/><G68/><T11/><D126/><U12/><E104/><V51/><F29/><W133/><G133/><T15/><D121/><U86/><E0/><V123/><F123/><W122/><G122/><T92/><D92/><N who="1" m="54351" /><E64/><V101/><F101/><W40/><G28/><T98/><D98/><U27/><E7/><V25/><F25/><W125/><G125/><T88/><D6/><U76/><E12/><V75/><F117/><W63/><G73/><T111/><D111/><U26/><E86/><V44/><F118/><W42/><G99/><T23/><D65/><U61/><E27/><V19/><F84/><W107/><G107/><T93/><D93/><U30/><E41/><V132/><F75/><W3/><G89/><T106/><D106/><U91/><E91/><V10/><REACH who="2" step="1"/><F132/><REACH who="2" ten="329,189,179,293" step="2"/><W31/><G31/><T66/><D115/><U57/><E57/><V102/><F102/><W60/><G83/><T103/><D58/><U39/><E39/><V105/><AGARI ba="0,1" hai="10,14,19,43,44,45,46,51,78,80,87,96,100,105" machi="105" ten="20,2700,0" yaku="1,1,0,1,7,1,53,0" doraHai="71" doraHaiUra="129" who="2" fromWho="2" sc="329,-7,189,-13,179,37,293,-7" /><INIT seed="2,0,0,1,4,129" ten="322,176,216,286" oya="2" hai0="16,8,126,15,25,75,1,116,36,66,88,90,91" hai1="9,72,26,38,113,120,84,18,61,40,41,101,105" hai2="33,123,92,118,13,12,11,35,30,109,76,7,130" hai3="131,21,108,23,46,71,5,87,97,34,54,134,58"/><V2/><F118/><W32/><G71/><T78/><D1/><U106/><E113/><V98/><F123/><W64/><G131/><T17/><D36/><U79/><E120/><V4/><F130/><W77/><G108/><T27/><D75/><U93/><E61/><V45/><F109/><W57/><G5/><N who="0" m="3471" /><D126/><U56/><E56/><V48/><F76/><W96/><G46/><T99/><D116/><U133/><E133/><V80/><F80/><W60/><G54/><T135/><D135/><U53/><E53/><V121/><F121/><W51/><G51/><T20/><D66/><U103/><E38/><V128/><F128/><W94/><G64/><T111/><D111/><U52/><E72/><V0/><F0/><W124/><G124/><T100/><D78/><U85/><E79/><V49/><F49/><W43/><G77/><T37/><D37/><U81/><E52/><V3/><F3/><W70/><G70/><T68/><D68/><U115/><E115/><V19/><F30/><W22/><G134/><T44/><D44/><U29/><E29/><V104/><F104/><W89/><G43/><T42/><D42/><U59/><E41/><N who="2" m="24623" /><F4/><W86/><G34/><T55/><D55/><U50/><E40/><V122/><F122/><W67/><G32/><N who="2" m="12361" /><F19/><N who="0" m="7242" /><D20/><U47/><E50/><V14/><F2/><W74/><G74/><T10/><D10/><U6/><E9/><V114/><F114/><W132/><G132/><T31/><D31/><U119/><E119/><V24/><F24/><W39/><G39/><T73/><D73/><U69/><E26/><V127/><F127/><RYUUKYOKU ba="0,0" sc="322,15,176,-15,216,15,286,-15" hai0="25,27,88,90,91,99,100" hai2="7,11,12,13,14,92,98" /><INIT seed="2,1,0,1,1,53" ten="337,161,231,271" oya="2" hai0="25,109,45,76,113,34,56,103,24,1,133,28,41" hai1="108,37,6,77,64,61,118,106,39,15,107,51,100" hai2="26,23,93,135,128,20,10,57,85,65,91,75,111" hai3="117,4,12,55,33,131,7,48,67,58,50,105,80"/><V121/><F121/><W98/><G117/><T29/><D1/><U35/><E118/><V87/><F75/><W126/><G33/><T70/><D70/><U5/><E108/><V120/><F120/><W72/><G131/><T13/><D113/><U116/><E116/><V42/><F128/><W97/><G126/><T86/><D109/><U90/><E35/><V123/><F111/><W89/><G67/><T134/><D103/><U110/><E110/><V95/><F123/><W47/><G105/><T104/><D13/><U3/><E77/><V132/><F42/><W17/><G72/><T52/><D104/><U49/><E100/><V8/><F65/><W43/><G80/><N who="0" m="47367" /><D34/><U115/><E3/><V18/><F57/><W2/><G2/><T92/><D92/><U22/><E115/><V74/><F74/><W62/><G62/><N who="0" m="36103" /><D28/><U27/><E106/><V0/><F0/><W124/><G124/><T32/><D29/><U11/><E107/><V31/><F132/><N who="0" m="50794" /><D32/><U99/><E27/><N who="2" m="14743" /><F135/><W78/><G78/><T84/><D84/><N who="2" m="32330" /><F95/><N who="3" m="56559" /><G98/><AGARI ba="1,0" hai="8,10,23,26,31,91,93,98" m="32330,14743" machi="98" ten="30,1500,0" yaku="8,1" doraHai="53" who="2" fromWho="3" sc="337,0,161,0,231,18,271,-18" /><INIT seed="2,2,0,0,4,112" ten="337,161,249,253" oya="2" hai0="121,89,80,90,130,102,60,17,105,125,38,118,50" hai1="99,58,123,56,116,67,55,21,128,41,52,53,76" hai2="49,34,95,23,85,96,124,43,12,117,33,114,74" hai3="106,9,4,65,93,2,62,16,132,44,88,15,36"/><V51/><F114/><W64/><G106/><T104/><D38/><U46/><E123/><V109/><F74/><W42/><G132/><T113/><D113/><U3/><E3/><V98/><F117/><W7/><G2/><T24/><D121/><U134/><E134/><V83/><F124/><W40/><G40/><T10/><D118/><U68/><E76/><V91/><F109/><W82/><G82/><T87/><D125/><U31/><E116/><V26/><F12/><W119/><G119/><T129/><D102/><U32/><E32/><V122/><F122/><W11/><G11/><T72/><D72/><U79/><E128/><N who="0" m="49257" /><D60/><N who="1" m="38279" /><E68/><V13/><F13/><W84/><REACH who="3" step="1"/><G65/><REACH who="3" ten="337,161,249,243" step="2"/><T8/><D8/><U18/><E79/><V110/><F43/><W75/><G75/><T120/><D120/><U45/><E41/><V70/><F110/><W1/><G1/><T28/><D105/><U71/><E55/><V135/><F135/><W131/><G131/><T97/><D104/><U47/><E53/><V126/><F126/><W108/><G108/><T127/><D127/><U29/><E52/><V22/><F83/><W14/><G14/><T61/><D80/><U100/><E46/><V78/><F26/><W66/><G66/><T81/><D24/><U115/><E47/><V0/><F0/><W103/><G103/><T94/><D81/><U101/><E45/><V57/><F95/><W63/><G63/><T54/><D94/><U6/><E115/><V35/><F78/><W133/><G133/><T25/><D10/><U107/><E107/><V39/><F91/><N who="0" m="34826" /><D25/><N who="1" m="14519" /><E101/><V19/><F39/><RYUUKYOKU ba="2,1" sc="337,-10,161,-10,249,-10,243,30" hai3="4,7,9,15,16,36,42,44,62,64,84,88,93" /><INIT seed="3,3,1,0,2,123" ten="327,151,239,273" oya="3" hai0="110,54,86,37,97,3,62,13,73,126,77,125,134" hai1="27,10,25,30,116,78,108,56,24,23,2,39,92" hai2="115,102,111,85,15,132,5,82,128,112,127,131,61" hai3="119,58,87,76,106,105,31,99,38,53,70,95,51"/><W49/><G38/><T17/><D73/><U34/><E39/><V21/><F111/><W18/><G70/><T52/><D110/><U65/><E116/><V9/><F127/><N who="0" m="48650" /><D3/><U71/><E71/><V57/><F132/><W26/><G119/><T28/><D28/><U80/><E108/><V7/><F102/><W59/><G18/><T8/><D37/><U129/><E129/><N who="2" m="49739" /><F5/><W100/><G76/><T74/><D74/><U72/><E92/><V93/><F93/><W14/><G14/><T22/><D8/><U107/><E107/><V75/><F75/><W104/><G87/><T33/><D33/><U69/><E69/><V36/><F21/><W91/><G91/><T90/><D134/><U84/><E72/><V66/><F36/><W4/><G4/><T1/><D1/><U120/><E120/><V0/><F0/><W67/><G67/><T6/><D6/><U130/><E130/><V60/><F60/><W47/><REACH who="3" step="1"/><G49/><REACH who="3" ten="327,151,239,263" step="2"/><T118/><D118/><U63/><E2/><V46/><F112/><W43/><G43/><T35/><D77/><U19/><REACH who="1" step="1"/><E10/><REACH who="1" ten="327,141,239,263" step="2"/><V79/><F115/><W55/><G55/><T133/><D54/><U103/><E103/><V122/><F122/><W50/><G50/><T12/><D52/><U113/><E113/><V32/><F9/><W121/><G121/><T88/><D133/><U68/><E68/><V83/><F83/><W40/><G40/><T16/><D97/><U101/><E101/><V11/><F11/><W94/><G94/><T124/><D124/><U29/><E29/><V41/><F82/><W42/><G42/><RYUUKYOKU ba="3,3" sc="327,-15,141,15,239,-15,263,15" hai1="19,23,24,25,27,30,34,56,63,65,78,80,84" hai3="26,31,47,51,53,58,59,95,99,100,104,105,106" /><INIT seed="3,4,3,0,5,16" ten="312,156,224,278" oya="3" hai0="68,61,19,134,77,35,76,104,5,6,115,36,65" hai1="18,13,132,126,122,72,98,64,91,107,39,45,133" hai2="12,21,34,116,32,127,80,4,14,87,96,37,130" hai3="15,83,26,79,94,100,93,20,57,82,120,47,112"/><W8/><G112/><T113/><D104/><U102/><E122/><V38/><F116/><W111/><G120/><T22/><D35/><U23/><E126/><V131/><F96/><N who="3" m="59407" /><G111/><T124/><D36/><N who="2" m="13930" /><F127/><W62/><G47/><T99/><D99/><U73/><E64/><V129/><F4/><N who="0" m="1642" /><D124/><U30/><E30/><V78/><F12/><W105/><G105/><T10/><D10/><U60/><E60/><V92/><F92/><W90/><G79/><T85/><D85/><U17/><E91/><V119/><F119/><W29/><G8/><T70/><D70/><U74/><REACH who="1" step="1"/><E18/><AGARI ba="4,3" hai="14,18,21,32,34,78,80,87,129,130,131" m="13930" machi="18" ten="40,2600,0" yaku="19,1,52,1" doraHai="16" who="2" fromWho="1" sc="312,0,156,-38,224,68,278,0" owari="312,41.0,118,-38.0,292,9.0,278,-12.0" /></mjloggm>