<mjloggm ver="2.3"><GO type="97" lobby="0"/><UN n0="%E3%82%A6%E3%83%AB%E3%83%88%E3%83%A9%E7%AB%8B%E7%9B%B4" n1="%E3%81%94%E3%81%BE%E6%B2%B9" n2="%72%79%6F%6F" n3="%E6%B0%B4%E3%81%AE%E9%9F%B3" dan="15,14,14,14" rate="1986.43,1928.80,1941.78,1992.43" sx="M,M,M,M"/><TAIKYOKU oya="0"/><INIT seed="0,0,0,5,3,30" ten="250,250,250,250" oya="0" hai0="134,124,33,116,40,118,10,103,48,38,78,90,42" hai1="94,82,92,74,88,131,55,75,111,123,133,13,65" hai2="31,23,72,109,83,96,18,89,105,76,5,113,44" hai3="17,117,71,73,24,77,26,54,70,101,50,98,43"/><T64/><D116/><U121/><E65/><V39/><F113/><W84/><G73/><N who="1" m="27658" /><E13/><V85/><F31/><W80/><G43/><T51/><D118/><U15/><E15/><V87/><F5/><W27/><G117/><T99/><D64/><U28/><E28/><V37/><F85/><W0/><G0/><T81/><D10/><U114/><E55/><V112/><F112/><W129/><G129/><T6/><D6/><U53/><E53/><V59/><F59/><W91/><G91/><T66/><D48/><U49/><E49/><V56/><F56/><W8/><G8/><T135/><D51/><U32/><E114/><V132/><F44/><W12/><G12/><T25/><D66/><U57/><E57/><V3/><F3/><W1/><G1/><T122/><D42/><U119/><E32/><V86/><F87/><W97/><G17/><T46/><D33/><U63/><E63/><V108/><F37/><W127/><G98/><T14/><D25/><U45/><E45/><V41/><F41/><W36/><G36/><T7/><D14/><U52/><E52/><V95/><F39/><W79/><G79/><T61/><D7/><U47/><E47/><V106/><F106/><N who="3" m="63791" /><G127/><T126/><D61/><U58/><E58/><V11/><F11/><W20/><G20/><T130/><D130/><U2/><E2/><V102/><F132/><N who="0" m="50730" /><D126/><U4/><E4/><V22/><F23/><W21/><G21/><T93/><D124/><U68/><E131/><V35/><F35/><W120/><G120/><T19/><D122/><U110/><E133/><V104/><F104/><RYUUKYOKU ba="0,0" sc="250,-15,250,-15,250,15,250,15" hai2="18,22,72,76,83,86,89,95,96,102,105,108,109" hai3="24,26,27,50,54,70,71,77,80,84" /><INIT seed="1,1,0,5,2,117" ten="235,235,265,265" oya="1" hai0="41,90,31,67,4,17,1,53,52,134,20,14,105" hai1="124,108,127,35,19,40,21,73,103,116,32,115,37" hai2="83,91,102,112,29,87,43,96,44,51,74,66,26" hai3="24,119,135,58,38,9,99,94,23,89,95,70,101"/><U104/><E73/><V128/><F112/><W76/><G70/><T59/><D105/><U10/><E115/><V6/><F128/><W118/><G38/><T82/><D41/><U13/><E116/><V88/><F74/><W85/><G135/><T111/><D134/><U133/><E133/><V33/><F6/><W81/><G9/><T8/><D111/><U122/><E108/><V114/><F114/><W69/><G69/><T84/><D67/><U75/><E75/><V120/><F66/><W30/><REACH who="3" step="1"/><G58/><REACH who="3" ten="235,235,265,255" step="2"/><T25/><REACH who="0" step="1"/><D59/><REACH who="0" ten="225,235,265,255" step="2"/><U80/><E40/><V2/><F2/><W106/><G106/><T131/><D131/><U79/><E37/><V113/><F113/><W15/><G15/><T3/><D3/><U22/><E104/><V36/><F36/><W110/><G110/><T34/><AGARI ba="1,2" hai="1,4,8,14,17,20,25,31,34,52,53,82,84,90" machi="34" ten="20,12000,2" yaku="1,1,0,1,7,1,24,2,54,1,53,0" doraHai="117" doraHaiUra="123" who="0" fromWho="0" sc="225,143,235,-61,265,-31,255,-31" /><INIT seed="2,0,0,3,2,25" ten="368,174,234,224" oya="2" hai0="83,112,87,49,28,74,65,0,114,128,71,32,132" hai1="73,119,23,58,70,93,123,103,100,96,56,8,36" hai2="122,7,38,118,81,20,115,24,63,69,129,68,104" hai3="64,15,125,106,19,17,111,107,77,11,94,21,26"/><V108/><F122/><W50/><G125/><T37/><D37/><U1/><E36/><V105/><F118/><W91/><G111/><T97/><D0/><U33/><E119/><V120/><F120/><W13/><G77/><T45/><D74/><U60/><E123/><V59/><F115/><W135/><G135/><T47/><D47/><U6/><E73/><V102/><F38/><W89/><G89/><T95/><D128/><U43/><E33/><V113/><F113/><W78/><G78/><T86/><D86/><U53/><E43/><V82/><F129/><W84/><G64/><T48/><D48/><U41/><E41/><V35/><F35/><W99/><G99/><T44/><D44/><U34/><E34/><V52/><F108/><W110/><G110/><T88/><D132/><U76/><E76/><V14/><F69/><W61/><G61/><T121/><D121/><U3/><E70/><V124/><F68/><W4/><G50/><T116/><D116/><U10/><E56/><V40/><F124/><W29/><REACH who="3" step="1"/><G17/><REACH who="3" ten="368,174,234,214" step="2"/><T92/><D97/><U55/><E103/><V79/><F102/><W133/><G133/><T51/><D51/><U46/><E60/><V62/><F62/><W127/><G127/><T80/><D49/><U30/><E46/><V54/><F40/><W18/><G18/><T2/><D45/><U16/><E58/><V75/><F54/><W42/><G42/><T9/><D65/><U39/><E39/><V72/><F75/><W98/><G98/><T57/><D57/><U27/><E16/><N who="2" m="12295" /><F81/><N who="0" m="31306" /><D71/><U117/><E117/><V67/><F67/><RYUUKYOKU ba="0,1" sc="368,-30,174,10,234,10,214,10" hai1="1,3,6,8,10,23,27,30,53,55,93,96,100" hai2="7,14,52,59,63,72,79,82,104,105" hai3="4,11,13,15,19,21,26,29,84,91,94,106,107" /><INIT seed="2,1,1,2,1,118" ten="338,184,244,224" oya="2" hai0="61,52,129,19,7,88,44,1,102,71,70,38,99" hai1="73,98,45,51,60,48,12,23,40,135,50,30,112" hai2="16,42,62,65,132,25,0,134,115,66,106,120,55" hai3="29,28,27,125,59,108,20,103,57,84,101,83,133"/><V128/><F0/><W68/><G68/><T126/><D7/><U13/><E73/><V2/><F2/><W4/><G133/><N who="2" m="51305" /><F115/><W122/><G125/><T130/><D1/><U32/><E112/><V67/><F106/><W58/><G122/><T116/><D88/><U3/><E3/><V105/><F105/><W53/><G4/><T46/><D19/><U82/><E32/><V78/><F128/><N who="0" m="49258" /><D116/><U117/><E135/><V81/><F42/><W17/><G108/><T6/><D6/><U110/><E117/><V80/><F120/><W8/><G53/><T93/><D126/><U31/><E110/><V15/><F25/><W54/><G54/><T37/><D46/><U36/><E60/><V11/><F78/><N who="3" m="46199" /><G8/><T43/><D37/><U18/><E98/><V85/><F85/><W34/><G34/><T69/><D52/><U33/><E33/><V131/><F131/><W5/><G5/><T47/><D47/><U74/><REACH who="1" step="1"/><E13/><REACH who="1" ten="338,174,244,224" step="2"/><V39/><F39/><W114/><G114/><T121/><D121/><U49/><N who="1" m="12800" /><DORA hai="26" /><U14/><E14/><V90/><F90/><W22/><G22/><T41/><D41/><U89/><E89/><V127/><F127/><W97/><G103/><T124/><D124/><U24/><E24/><V87/><F87/><W79/><G79/><AGARI ba="1,2" hai="12,18,23,30,31,36,40,45,74,79,82" m="12800" machi="79" ten="50,8000,1" yaku="1,1,52,2,53,1" doraHai="118,26" doraHaiUra="119,72" who="1" fromWho="3" sc="338,0,174,103,244,0,224,-83" /><INIT seed="3,0,0,1,5,47" ten="338,277,244,141" oya="3" hai0="37,49,66,57,130,84,102,63,90,28,109,123,119" hai1="2,118,27,132,101,54,67,17,53,112,12,60,113" hai2="13,14,110,135,48,3,87,91,16,5,120,64,92" hai3="74,116,0,18,24,36,71,108,80,43,85,125,129"/><W124/><G74/><T97/><D37/><U69/><E2/><V134/><F3/><W10/><G116/><T41/><D28/><U59/><E118/><V121/><F64/><W65/><G129/><T51/><D41/><U93/><E132/><N who="2" m="50731" /><F110/><W56/><G71/><T128/><D109/><U117/><E117/><V103/><F103/><W127/><G108/><T25/><D25/><U4/><E4/><V46/><F5/><N who="3" m="1319" /><G36/><T20/><D20/><U70/><E27/><V61/><F61/><N who="3" m="38055" /><G43/><T29/><D29/><U7/><E7/><V94/><F94/><W23/><G85/><T126/><D123/><N who="2" m="47178" /><F16/><N who="3" m="12391" /><G80/><T44/><D84/><U114/><E70/><V76/><F76/><W40/><G40/><AGARI ba="0,0" hai="13,14,40,46,48,87,91,92" m="47178,50731" machi="40" ten="30,3900,0" yaku="20,1,13,1,52,1" doraHai="47" who="2" fromWho="3" sc="338,0,277,0,244,39,141,-39" owari="338,44.0,277,-12.0,283,8.0,102,-40.0" /></mjloggm>