<mjloggm ver="2.3"><GO type="169" lobby="0"/><UN n0="%E3%82%B2%E3%82%AA%E3%83%AB%E3%82%B2%E3%83%8F%E3%82%B8%39%34" n1="%E3%82%A6%E3%83%AB%E3%83%88%E3%83%A9%E7%AB%8B%E7%9B%B4" n2="%E8%B6%85%E3%83%87%E3%82%B8%E3%82%BF%E3%83%AB%E6%B4%BE" n3="%E9%B3%B3%E6%8B%B3" dan="16,17,16,16" rate="2114.01,2061.71,2030.55,2062.78" sx="M,M,M,M"/><TAIKYOKU oya="0"/><INIT seed="0,0,0,2,4,128" ten="250,250,250,250" oya="0" hai0="89,124,33,19,126,49,23,18,117,55,112,29,11" hai1="30,107,123,95,51,42,61,118,85,69,74,130,32" hai2="83,105,103,17,110,54,47,75,135,121,120,71,76" hai3="5,6,134,34,66,122,39,43,127,98,104,91,72"/><T26/><D117/><U50/><E95/><V99/><F71/><W93/><G72/><T28/><D112/><U87/><E30/><V113/><F113/><W88/><G34/><T97/><D29/><U80/><E80/><V81/><F110/><W79/><G79/><T84/><D97/><U67/><E85/><V78/><F17/><W15/><G104/><T60/><D60/><U133/><E87/><N who="2" m="48551" /><F54/><W44/><G127/><N who="0" m="48683" /><D11/><U21/><E21/><V46/><F46/><W129/><G129/><T111/><D33/><U92/><E32/><V132/><F47/><W0/><G0/><T24/><D24/><U86/><E123/><AGARI ba="0,0" hai="75,78,83,99,103,105,120,121,123,132,135" m="48551" machi="123" ten="30,7700,0" yaku="34,2,52,2" doraHai="128" who="2" fromWho="1" sc="250,0,250,-77,250,77,250,0" /><INIT seed="1,0,0,0,4,89" ten="250,173,327,250" oya="1" hai0="82,54,46,1,41,112,18,8,15,110,96,92,71" hai1="106,100,19,108,94,119,39,120,7,101,0,123,73" hai2="97,66,25,128,16,30,49,118,84,63,93,4,61" hai3="98,24,36,75,9,104,29,68,17,129,23,44,127"/><U77/><E39/><V79/><F118/><W132/><G127/><T50/><D71/><U56/><E7/><V113/><F128/><W91/><G75/><T38/><D110/><U69/><E69/><V58/><F113/><W12/><G129/><T28/><D112/><U121/><E0/><V40/><F4/><W6/><G132/><T74/><D28/><U114/><E56/><V67/><F84/><W22/><G68/><T122/><D122/><N who="1" m="31235" /><U14/><DORA hai="11" /><E114/><V21/><F79/><W26/><G104/><T20/><D74/><U72/><E19/><V103/><F49/><W83/><G36/><T135/><D82/><N who="1" m="45351" /><E14/><V32/><F40/><W111/><G111/><T53/><D135/><U109/><E119/><V131/><F131/><W42/><G42/><T52/><D1/><U88/><E73/><V35/><F16/><W76/><G44/><T13/><D38/><U3/><E3/><V43/><F43/><W78/><G83/><T70/><D70/><AGARI ba="0,0" hai="21,25,30,32,35,58,61,63,66,67,70,93,97,103" machi="70" ten="30,7700,0" yaku="7,1,25,2,52,1" doraHai="89,11" who="2" fromWho="0" sc="250,-77,173,0,327,77,250,0" /><INIT seed="2,0,0,2,4,110" ten="173,173,404,250" oya="2" hai0="85,42,127,73,33,67,19,95,98,115,83,39,48" hai1="12,118,135,101,34,1,2,76,61,99,121,109,131" hai2="81,44,93,80,86,60,74,126,69,10,108,111,21" hai3="0,77,105,13,123,65,114,68,24,91,112,31,47"/><V122/><F122/><W125/><G123/><T56/><D73/><U104/><E61/><V18/><F126/><W72/><G0/><T46/><D127/><U97/><E12/><V107/><F107/><W43/><G125/><T130/><D33/><U8/><E8/><V4/><F74/><W25/><G25/><T9/><D130/><U64/><E64/><N who="2" m="41095" /><F44/><W132/><G13/><T59/><D115/><N who="3" m="44073" /><G132/><T63/><D39/><U119/><E2/><V66/><F18/><W128/><G128/><T15/><D59/><U16/><E1/><V41/><F21/><N who="3" m="15759" /><G105/><T117/><D117/><U116/><E104/><V70/><F111/><W58/><G68/><T50/><D50/><U100/><E109/><V3/><F70/><W51/><G91/><T30/><D30/><U11/><E131/><V38/><F3/><W90/><G90/><T35/><D35/><U62/><E121/><V54/><F108/><W57/><G65/><T36/><D36/><U23/><E118/><V6/><F66/><W78/><G72/><T133/><D133/><U32/><E135/><V113/><F113/><W88/><G88/><T20/><D98/><U134/><E99/><V14/><F14/><W102/><G102/><T27/><D95/><U40/><E97/><V79/><F93/><W120/><G120/><T52/><D85/><U49/><E101/><V17/><F86/><W37/><G37/><T26/><D83/><U29/><E100/><V55/><F81/><W7/><G7/><N who="0" m="3519" /><D26/><U87/><E119/><V84/><F84/><W28/><G28/><T22/><D22/><U96/><E116/><RYUUKYOKU ba="0,0" sc="173,15,173,-15,404,-15,250,15" hai0="19,20,27,42,46,48,52,56,63,67" hai3="43,47,51,57,58,77,78" /><INIT seed="3,1,0,4,1,0" ten="188,158,389,265" oya="3" hai0="81,69,93,72,87,135,105,91,18,116,76,30,60" hai1="48,130,104,62,57,19,65,88,10,84,68,85,50" hai2="82,40,134,115,74,52,35,70,111,24,2,16,58" hai3="132,33,67,80,95,128,94,100,39,63,5,114,71"/><W45/><G114/><T119/><D135/><U15/><E104/><V20/><F115/><W34/><G132/><T3/><D3/><U90/><E68/><V118/><F134/><W8/><G128/><T86/><D30/><U133/><E133/><V6/><F118/><W44/><G44/><T12/><D105/><U14/><E130/><V56/><F70/><W59/><G94/><T7/><D7/><U51/><E15/><V102/><F102/><W96/><G71/><T29/><D29/><U127/><E127/><V73/><F35/><W78/><G45/><T54/><D86/><AGARI ba="1,0" hai="10,14,19,48,50,51,57,62,65,84,85,86,88,90" machi="86" ten="40,2600,0" yaku="8,1,54,1" doraHai="0" who="1" fromWho="0" sc="188,-29,158,29,389,0,265,0" /><INIT seed="4,0,0,0,2,87" ten="159,187,389,265" oya="0" hai0="32,91,18,0,75,50,20,27,46,41,115,112,90" hai1="102,72,30,88,116,80,8,2,60,81,14,9,135" hai2="39,15,85,121,119,129,130,97,70,105,83,54,89" hai3="101,131,42,63,33,92,1,52,25,56,4,68,77"/><T113/><D75/><U79/><E116/><V67/><F119/><W84/><G131/><T53/><D0/><U59/><E102/><N who="2" m="62671" /><F39/><W132/><G132/><T31/><REACH who="0" step="1"/><D41/><REACH who="0" ten="149,187,389,265" step="2"/><U22/><E2/><V48/><F130/><W111/><G42/><T13/><AGARI ba="0,1" hai="13,18,20,27,31,32,46,50,53,90,91,112,113,115" machi="13" ten="30,18000,2" yaku="1,1,2,1,0,1,15,1,52,2,53,0" doraHai="87" doraHaiUra="118" who="0" fromWho="0" sc="149,190,187,-60,389,-60,265,-60" /><INIT seed="4,1,0,0,5,109" ten="339,127,329,205" oya="0" hai0="100,108,72,99,77,94,90,30,17,76,118,107,106" hai1="50,69,120,3,119,127,13,78,82,23,49,79,60" hai2="44,67,43,20,73,84,12,55,95,53,98,19,39" hai3="112,18,83,27,52,57,14,135,125,35,62,46,93"/><T130/><D30/><U40/><E3/><V68/><F73/><W66/><G125/><T123/><D17/><U5/><E120/><V10/><F68/><W22/><G135/><T71/><D71/><U91/><E119/><V115/><F67/><W33/><G112/><T110/><D123/><U56/><E127/><V37/><F115/><W38/><G83/><N who="0" m="45447" /><D118/><U9/><E69/><V132/><F132/><W85/><G38/><T89/><D130/><U128/><E128/><V86/><F39/><W133/><G133/><T96/><D77/><U116/><E116/><V111/><F111/><N who="0" m="42538" /><D89/><U63/><E23/><V2/><F20/><W24/><G35/><T124/><D107/><U65/><E63/><V58/><F2/><W121/><G121/><T122/><D122/><U131/><E131/><V59/><F19/><W16/><G33/><T45/><D45/><N who="1" m="25767" /><E50/><V102/><F37/><W61/><G18/><T87/><D99/><U21/><E21/><V29/><F98/><W32/><G32/><T25/><D25/><N who="3" m="9801" /><G46/><T31/><D31/><U117/><E117/><V26/><F44/><W54/><G62/><T0/><D0/><U48/><E48/><V92/><F29/><W74/><G74/><T36/><D36/><U6/><E6/><V34/><F34/><W51/><G51/><T134/><D134/><U15/><E15/><V114/><F12/><W126/><G126/><AGARI ba="1,0" hai="87,90,94,96,100,106,124,126" m="42538,45447" machi="126" ten="30,11600,0" yaku="24,1,10,1,34,2" doraHai="109" who="0" fromWho="3" sc="339,119,127,0,329,0,205,-119" /><INIT seed="4,2,0,2,5,7" ten="458,127,329,86" oya="0" hai0="127,45,122,27,79,128,50,67,101,91,19,129,121" hai1="11,44,99,1,33,104,75,85,96,76,70,125,124" hai2="80,65,22,94,95,105,134,24,107,89,57,92,119" hai3="112,133,41,34,82,42,116,117,108,74,10,126,52"/><T115/><D115/><U53/><E70/><V3/><F3/><W30/><G108/><T81/><D127/><U6/><E33/><V84/><F134/><W130/><G126/><T111/><D111/><U132/><E132/><V110/><F110/><W114/><G133/><T113/><D113/><N who="3" m="43625" /><G130/><N who="0" m="50283" /><D101/><U28/><E28/><V83/><F119/><N who="3" m="45643" /><G30/><T135/><D67/><U87/><E124/><V60/><F107/><W93/><G34/><T69/><D69/><U103/><E125/><V32/><F105/><W14/><G93/><T118/><D91/><U109/><E109/><V38/><F32/><W31/><G31/><T16/><D118/><U21/><E104/><V23/><F38/><W20/><G20/><N who="0" m="13703" /><D19/><U58/><E76/><V56/><F89/><W18/><G82/><T48/><D135/><U39/><E103/><V47/><F83/><W17/><G74/><N who="0" m="43255" /><D50/><U64/><E75/><V37/><F80/><W88/><G18/><T0/><D0/><U49/><E1/><V78/><F78/><W25/><G88/><T68/><D68/><U35/><E49/><V4/><F65/><W72/><G25/><T66/><D66/><U46/><E64/><V102/><F24/><W131/><G72/><T43/><AGARI ba="2,0" hai="43,45,48,121,122" m="43255,13703,50283" machi="43" ten="30,3000,0" yaku="19,1,54,1" doraHai="7" who="0" fromWho="0" sc="458,36,127,-12,329,-12,86,-12" /><INIT seed="4,3,0,4,1,123" ten="494,115,317,74" oya="0" hai0="41,64,124,62,134,30,127,89,104,59,115,133,117" hai1="13,129,40,86,125,36,19,24,45,2,50,46,38" hai2="71,82,131,6,99,47,94,5,114,52,29,109,119" hai3="128,48,73,49,66,7,34,135,57,26,111,93,23"/><T39/><D117/><U98/><E2/><V80/><F71/><W42/><G73/><T58/><D104/><U11/><E125/><N who="0" m="48201" /><D30/><U22/><E129/><V9/><F119/><W32/><G128/><T108/><D89/><U16/><E46/><V43/><F131/><W14/><G135/><N who="0" m="51723" /><D115/><U31/><E98/><V77/><F114/><W69/><G69/><N who="0" m="42135" /><D108/><U74/><E74/><V130/><F29/><W96/><G111/><T90/><D90/><U53/><E86/><V67/><F109/><W21/><G32/><T4/><D4/><U1/><E1/><V81/><F130/><W37/><G34/><T18/><D18/><U20/><E31/><V44/><F5/><W68/><G7/><T103/><D103/><U28/><E28/><V72/><F6/><W112/><G112/><T92/><D92/><U15/><E24/><V35/><F35/><W75/><G93/><T113/><D113/><U55/><E11/><V116/><F9/><W78/><G96/><T83/><D83/><U122/><E19/><V10/><F10/><W27/><G26/><T79/><D79/><U118/><E16/><V33/><F33/><W51/><G27/><T132/><N who="0" m="51731" /><T60/><DORA hai="8" /><D60/><U12/><E22/><V110/><F110/><W95/><G95/><T84/><D84/><U106/><E20/><N who="3" m="7754" /><G14/><T126/><N who="0" m="48209" /><T87/><DORA hai="65" /><D87/><U17/><E13/><V107/><F116/><W63/><G78/><T100/><D100/><U105/><E12/><V25/><F107/><W102/><G75/><T91/><D91/><U120/><E15/><V54/><F72/><RYUUKYOKU ba="3,0" sc="494,30,115,-10,317,-10,74,-10" hai0="39,41,58,59" /><INIT seed="4,4,0,5,0,24" ten="524,105,307,64" oya="0" hai0="48,50,62,52,120,124,46,81,88,108,71,94,128" hai1="105,9,1,110,58,55,84,125,60,4,15,18,3" hai2="127,33,45,7,19,34,12,132,115,122,101,102,63" hai3="79,27,69,22,106,35,0,44,113,135,42,32,68"/><T74/><D120/><U10/><E105/><V70/><F122/><W87/><G135/><T11/><D124/><U56/><E110/><V75/><F75/><W14/><G106/><T112/><D108/><U93/><E125/><V13/><F127/><W21/><G0/><T89/><D128/><U43/><E43/><V41/><F132/><W16/><G113/><T31/><D112/><U118/><E118/><V134/><F134/><W95/><G68/><T109/><D109/><U103/><E3/><V47/><F115/><W90/><G69/><T49/><D31/><U29/><E29/><V85/><F70/><W40/><G79/><T66/><D11/><U111/><E111/><V121/><F121/><W6/><G42/><T77/><D89/><U26/><E26/><V98/><F41/><W72/><G72/><T92/><D94/><U28/><E28/><V104/><F63/><W97/><G87/><AGARI ba="4,0" hai="46,48,49,50,52,62,66,71,74,77,81,87,88,92" machi="87" ten="30,5800,0" yaku="7,1,54,2" doraHai="24" who="0" fromWho="3" sc="524,70,105,0,307,0,64,-70" owari="594,69.0,105,-29.0,307,11.0,-6,-51.0" /></mjloggm>