<mjloggm ver="2.3"><GO type="41" lobby="0"/><UN n0="%E5%9C%A7%E5%80%92%E7%9A%84%E5%8D%97%E9%83%B7" n1="%E3%82%A6%E3%83%AB%E3%83%88%E3%83%A9%E7%AB%8B%E7%9B%B4" n2="%E7%97%A9%E8%BA%AB%E3%81%AE%E9%9B%80%E5%A3%AB" n3="%61%6E%64%72%69%79" dan="14,16,14,15" rate="1913.84,2070.13,1951.72,1980.50" sx="M,M,M,F"/><TAIKYOKU oya="0"/><INIT seed="0,0,0,4,5,17" ten="250,250,250,250" oya="0" hai0="62,38,96,31,27,75,133,129,22,82,107,102,81" hai1="99,10,16,112,63,36,104,116,125,8,9,14,101" hai2="72,128,97,111,85,119,61,33,64,59,2,57,91" hai3="120,5,52,37,100,73,0,94,66,109,3,11,40"/><T95/><D133/><U113/><E116/><V118/><F72/><W55/><G109/><T79/><D129/><U23/><E36/><V76/><F111/><W50/><G73/><T6/><D38/><U25/><E125/><V87/><F33/><W134/><G134/><T83/><D6/><U41/><E41/><V78/><F2/><W74/><G74/><T123/><D123/><U43/><E43/><V127/><F127/><W21/><G66/><T121/><D121/><U34/><E63/><V131/><F59/><W93/><G3/><T47/><D47/><U70/><E70/><V12/><F12/><W58/><G120/><T122/><D122/><U68/><E68/><V26/><F26/><W15/><G100/><T132/><D132/><U114/><REACH who="1" step="1"/><E34/><REACH who="1" ten="250,240,250,250" step="2"/><V106/><F61/><W19/><G40/><T28/><D62/><U84/><E84/><N who="2" m="32331" /><F64/><W54/><G37/><T105/><D83/><U24/><AGARI ba="0,1" hai="8,9,10,14,16,23,24,25,99,101,104,112,113,114" machi="24" ten="40,8000,1" yaku="1,1,0,1,11,1,52,1,54,1,53,0" doraHai="17" doraHaiUra="89" who="1" fromWho="1" sc="250,-40,240,90,250,-20,250,-20" /><INIT seed="1,0,0,4,3,77" ten="210,330,230,230" oya="1" hai0="134,98,104,0,91,123,126,49,27,20,83,24,124" hai1="67,51,97,99,9,88,72,5,101,28,54,35,89" hai2="102,36,82,131,50,127,32,94,125,81,63,46,80" hai3="70,45,87,110,1,3,34,129,115,58,66,106,29"/><U39/><E39/><V6/><F32/><W133/><G115/><T96/><D0/><U18/><E28/><V59/><F36/><W73/><G73/><T16/><D123/><U95/><E35/><V109/><F109/><W132/><G110/><T122/><D122/><U40/><E40/><N who="2" m="24903" /><F6/><W62/><G129/><T21/><D134/><N who="3" m="51817" /><G106/><T76/><D104/><U86/><E72/><V116/><F116/><W13/><G13/><T19/><D49/><U14/><E67/><N who="2" m="39423" /><F131/><W2/><G45/><T108/><D108/><U11/><E5/><V74/><F74/><W130/><G130/><T17/><D19/><U71/><E71/><V75/><F75/><W118/><G118/><T93/><D98/><U30/><E30/><V103/><F94/><W61/><G29/><T12/><D12/><U52/><E51/><V65/><F65/><W37/><G37/><T47/><D47/><U33/><E33/><V78/><F78/><W64/><G34/><T112/><D112/><U92/><E11/><V68/><F68/><W57/><G70/><T10/><D10/><U7/><E7/><V38/><F38/><W105/><G105/><AGARI ba="0,0" hai="9,14,18,52,54,86,88,89,92,95,97,99,101,105" machi="105" ten="30,5800,0" yaku="7,1,54,2" doraHai="77" who="1" fromWho="3" sc="210,0,330,58,230,0,230,-58" /><INIT seed="1,1,0,4,5,33" ten="210,388,230,172" oya="1" hai0="103,56,17,113,73,98,84,124,42,44,100,37,27" hai1="109,83,5,67,126,15,34,108,28,64,41,18,89" hai2="2,74,72,9,49,104,45,82,123,135,105,118,92" hai3="93,47,31,58,121,16,80,0,38,29,68,23,87"/><U133/><E64/><V21/><F123/><W122/><G68/><T63/><D73/><U13/><E67/><V35/><F118/><W19/><G93/><T69/><D69/><U106/><E106/><V90/><F135/><W107/><G107/><T101/><D124/><U40/><E40/><V25/><F35/><W86/><G58/><T26/><D113/><U116/><E41/><V132/><F132/><W78/><G47/><T112/><D112/><U4/><E133/><V76/><F74/><W52/><G38/><T55/><D98/><U48/><E48/><V10/><F2/><W54/><G23/><T81/><REACH who="0" step="1"/><D17/><REACH who="0" ten="200,388,230,172" step="2"/><U91/><E18/><V8/><F104/><W115/><G115/><T46/><D46/><U79/><E126/><V117/><F105/><W20/><G20/><T96/><D96/><U7/><E116/><V3/><F117/><W102/><G122/><T97/><D97/><U59/><E59/><V114/><F114/><W127/><G127/><T36/><D36/><U95/><E34/><V66/><F72/><W94/><G121/><T14/><D14/><U130/><E15/><V11/><F3/><W51/><G0/><T125/><D125/><U62/><E13/><V12/><F12/><W60/><G87/><T24/><D24/><U119/><E119/><V134/><F25/><W120/><G120/><T32/><D32/><U88/><E28/><V75/><F75/><W70/><G70/><T129/><D129/><U1/><E1/><V85/><F85/><W128/><G86/><T22/><D22/><U77/><E4/><V71/><F21/><RYUUKYOKU ba="1,1" sc="200,30,388,-10,230,-10,172,-10" hai0="26,27,37,42,44,55,56,63,81,84,100,101,103" /><INIT seed="2,2,1,2,1,41" ten="230,378,220,162" oya="2" hai0="19,121,99,86,0,9,8,105,95,87,24,129,78" hai1="85,37,102,126,58,28,80,111,47,131,77,27,65" hai2="63,122,93,106,26,71,62,103,135,70,45,72,90" hai3="100,49,14,134,83,34,35,50,13,36,44,101,6"/><V66/><F122/><W20/><G134/><T18/><D121/><U43/><E126/><V1/><F135/><W51/><G83/><N who="0" m="47479" /><D105/><U56/><E131/><V104/><F72/><W128/><G128/><T132/><D87/><U117/><E117/><V96/><F1/><W92/><G92/><T10/><D0/><U116/><E116/><V48/><F26/><W97/><G97/><T54/><D132/><U124/><E124/><V17/><F17/><N who="0" m="6154" /><D24/><U120/><E120/><V91/><F91/><W108/><G108/><T84/><D84/><U4/><E111/><V33/><F33/><W39/><G20/><T69/><D69/><U30/><E4/><V79/><F79/><W12/><G6/><T29/><D129/><U5/><E5/><V109/><F109/><W64/><G64/><T55/><D29/><U74/><E30/><V113/><F113/><W53/><G35/><T119/><D119/><U107/><E65/><V11/><F11/><N who="0" m="2818" /><T57/><DORA hai="114" /><D57/><U2/><E2/><V98/><F63/><W52/><G34/><T75/><D75/><U40/><E74/><V21/><F71/><W133/><G133/><T67/><D67/><U25/><E25/><V32/><F32/><W88/><G36/><T16/><N who="0" m="6162" /><T23/><DORA hai="89" /><D23/><U68/><E27/><V112/><F21/><W118/><G118/><T61/><D61/><U73/><E28/><V94/><REACH who="2" step="1"/><F112/><REACH who="2" ten="230,378,210,162" step="2"/><W7/><G39/><T115/><D115/><U125/><E37/><V59/><F59/><W3/><G7/><T42/><D42/><AGARI ba="2,2" hai="42,45,48,62,66,70,90,93,94,96,98,103,104,106" machi="42" ten="30,12000,1" yaku="1,1,7,1,52,3,53,0" doraHai="41,114,89" doraHaiUra="110,76,130" who="2" fromWho="0" sc="230,-126,378,0,210,146,162,0" /><INIT seed="2,3,0,4,3,92" ten="104,378,356,162" oya="2" hai0="106,125,99,101,26,6,83,55,121,10,72,37,17" hai1="56,133,54,87,53,13,0,38,85,60,130,129,90" hai2="126,94,82,100,49,29,107,65,86,36,122,80,113" hai3="105,97,3,45,115,42,117,62,128,63,109,39,71"/><V102/><F122/><W76/><G117/><T2/><D121/><U57/><E0/><V70/><F36/><W33/><G109/><T79/><D125/><U134/><E13/><V123/><F123/><W19/><G128/><N who="1" m="49258" /><E87/><V48/><F126/><W21/><G115/><T75/><D75/><U67/><E85/><V98/><F113/><W51/><G33/><T46/><D26/><U9/><E90/><V103/><F29/><W40/><G71/><T61/><D17/><U112/><E9/><V27/><F27/><W120/><G120/><T124/><D124/><U25/><E25/><V91/><F70/><W18/><G3/><T68/><D55/><N who="1" m="21003" /><E112/><V52/><F65/><W44/><G76/><T1/><D1/><U111/><E111/><V59/><REACH who="2" step="1"/><F48/><REACH who="2" ten="104,378,346,162" step="2"/><W41/><G51/><T66/><D46/><U8/><E38/><AGARI ba="3,1" hai="2,6,10,37,38,61,66,68,72,79,83,99,101,106" machi="38" ten="40,8000,1" yaku="33,3,52,1" doraHai="92" who="0" fromWho="1" sc="104,99,378,-89,346,0,162,0" /><INIT seed="3,0,0,1,1,62" ten="203,289,346,162" oya="3" hai0="51,108,79,78,123,15,104,54,45,16,106,19,4" hai1="67,61,73,35,48,77,6,133,52,102,93,131,69" hai2="113,81,21,127,22,31,84,42,23,28,115,92,120" hai3="43,65,88,57,130,2,59,116,112,17,70,85,11"/><W105/><G116/><T103/><D123/><U64/><E35/><V25/><F42/><W86/><G112/><N who="2" m="43081" /><F92/><W117/><G117/><T14/><D108/><U26/><E131/><V126/><F81/><W13/><G105/><T38/><D4/><U12/><E133/><V33/><F84/><W122/><G122/><T47/><D38/><U95/><E73/><V74/><F74/><W96/><G130/><T39/><D39/><U90/><E77/><V97/><F97/><W124/><G124/><N who="2" m="47657" /><F120/><W41/><G2/><T121/><D121/><U100/><E61/><V91/><F91/><W118/><G118/><T1/><D1/><U109/><E69/><V66/><F66/><N who="1" m="25129" /><E109/><V36/><F36/><W34/><G34/><T55/><D51/><U114/><E114/><V37/><F37/><W129/><G129/><T111/><D111/><U3/><E3/><V71/><F71/><W60/><G96/><T46/><D46/><N who="1" m="27671" /><E95/><V119/><F28/><W30/><G30/><T101/><AGARI ba="0,0" hai="14,15,16,19,45,47,54,55,78,79,101,103,104,106" machi="101" ten="25,6400,0" yaku="0,1,22,2,54,1" doraHai="62" who="0" fromWho="0" sc="203,64,289,-16,346,-16,162,-32" /><INIT seed="4,0,0,2,2,26" ten="267,273,330,130" oya="0" hai0="115,71,42,59,10,130,111,12,30,46,70,101,36" hai1="135,118,74,66,35,77,52,48,80,20,61,81,53" hai2="87,100,120,19,105,126,98,84,134,38,49,122,104" hai3="127,72,6,56,39,29,5,47,23,63,27,92,1"/><T14/><D115/><U67/><E35/><V114/><F38/><W13/><G127/><T123/><D130/><U37/><E118/><V50/><F19/><W129/><G129/><T94/><D123/><N who="2" m="47146" /><F49/><W85/><G72/><T16/><D30/><U93/><E37/><V69/><F50/><W112/><G112/><T33/><D33/><U91/><E135/><V11/><F11/><W21/><G1/><T8/><D111/><U108/><E108/><V58/><F58/><W41/><G13/><T45/><D45/><U24/><E53/><V60/><F60/><W88/><REACH who="3" step="1"/><G23/><REACH who="3" ten="267,273,330,120" step="2"/><T43/><D43/><U78/><E74/><V18/><F126/><W131/><G131/><T31/><D12/><U103/><E20/><V97/><F114/><W79/><G79/><T83/><D8/><U121/><E78/><V64/><F134/><W55/><AGARI ba="0,1" hai="5,6,21,27,29,39,41,47,55,56,63,85,88,92" machi="55" ten="20,8000,1" yaku="1,1,0,1,7,1,52,1,54,1,53,0" doraHai="26" doraHaiUra="15" who="3" fromWho="3" sc="267,-40,273,-20,330,-20,120,90" /><INIT seed="5,0,0,1,1,123" ten="227,253,310,210" oya="1" hai0="9,113,60,125,66,54,19,91,124,69,22,90,29" hai1="48,12,67,83,26,55,133,103,120,64,40,20,86" hai2="37,126,84,117,121,15,56,24,13,72,63,82,99" hai3="21,7,85,106,111,79,25,130,16,88,27,75,77"/><U100/><E120/><V89/><F121/><W3/><G106/><T52/><D29/><U2/><E2/><V114/><F117/><W128/><G111/><T51/><D9/><U17/><E40/><V80/><F37/><W44/><G44/><T62/><D62/><U92/><E133/><V122/><F122/><W104/><G104/><T11/><D11/><U105/><E105/><V49/><F114/><W70/><G70/><T59/><D54/><U30/><E100/><V93/><F126/><W118/><G118/><T32/><D32/><U112/><E112/><V115/><F115/><W95/><G75/><T10/><D10/><U41/><E41/><V96/><F49/><W101/><G101/><T14/><REACH who="0" step="1"/><D113/><REACH who="0" ten="217,253,310,210" step="2"/><U0/><E0/><V61/><F61/><W94/><G3/><T78/><D78/><U108/><E30/><V87/><F63/><W110/><G7/><T50/><D50/><U53/><E55/><V107/><F107/><W18/><G110/><T36/><D36/><U34/><E108/><V81/><F72/><W132/><G132/><T23/><D23/><U38/><E38/><V109/><F109/><W127/><G21/><T5/><D5/><U102/><E34/><V6/><F6/><W35/><G35/><T73/><D73/><U46/><E64/><V68/><F68/><W57/><G127/><AGARI ba="0,1" hai="14,19,22,51,52,59,60,66,69,90,91,124,125,127" machi="127" ten="40,5200,0" yaku="1,1,18,1,54,1,53,0" doraHai="123" doraHaiUra="98" who="0" fromWho="3" sc="217,62,253,0,310,0,210,-52" /><INIT seed="6,0,0,3,4,121" ten="279,253,310,158" oya="2" hai0="77,108,40,15,42,67,95,94,70,30,112,63,33" hai1="97,88,76,75,45,62,52,128,60,131,28,80,10" hai2="51,126,1,105,115,25,118,6,135,16,58,84,83" hai3="17,48,61,55,85,36,14,35,113,21,39,22,19"/><V34/><F118/><W73/><G73/><T107/><D107/><U91/><E28/><V47/><F105/><W46/><G35/><T102/><D77/><U37/><E97/><V9/><F135/><W122/><G122/><T79/><D79/><U7/><E37/><V66/><F115/><W71/><G113/><T43/><D112/><U57/><E45/><V18/><F126/><W98/><G98/><T31/><D108/><U56/><E128/><V109/><F109/><W3/><G3/><T2/><D2/><U50/><E131/><V38/><F38/><W53/><G85/><T86/><D33/><U116/><E116/><V130/><F130/><W8/><G8/><T103/><D15/><U65/><E50/><V32/><F32/><W100/><G100/><T72/><D72/><U24/><E24/><V69/><F69/><W54/><G54/><T125/><D125/><U106/><E106/><V41/><F34/><W0/><G0/><AGARI ba="0,0" hai="0,7,10,52,56,57,60,62,65,75,76,80,88,91" machi="0" ten="30,3900,0" yaku="7,1,54,2" doraHai="121" who="1" fromWho="3" sc="279,0,253,39,310,0,158,-39" /><INIT seed="7,0,0,2,4,23" ten="279,292,310,119" oya="3" hai0="31,69,131,19,41,65,56,94,122,14,64,113,13" hai1="80,88,51,72,128,28,1,60,89,49,53,57,34" hai2="0,100,54,91,24,133,124,58,61,46,26,5,45" hai3="2,134,36,44,8,50,39,114,38,33,135,96,70"/><W42/><G33/><T55/><D122/><U81/><E1/><V93/><F124/><W47/><G96/><T78/><D69/><U98/><E28/><V120/><F133/><N who="3" m="50699" /><G2/><T12/><D78/><U85/><E34/><V130/><F0/><W107/><G107/><T129/><D41/><U110/><E110/><V37/><F5/><W67/><G8/><T125/><D125/><U11/><E128/><N who="0" m="49225" /><D31/><U95/><E72/><V126/><F120/><W117/><G117/><T75/><D75/><U4/><E4/><V52/><F37/><W18/><G18/><T7/><D7/><U121/><E121/><V59/><F126/><W76/><G76/><T112/><D19/><U119/><E119/><V79/><F79/><W10/><G10/><T77/><D94/><N who="1" m="56647" /><E11/><V116/><F100/><W66/><G114/><N who="0" m="44139" /><D77/><U29/><E29/><V111/><F111/><W21/><G21/><T17/><D17/><U43/><E43/><V90/><F116/><W105/><G105/><T48/><AGARI ba="0,0" hai="12,13,14,48,55,56,64,65" m="44139,49225" machi="48" ten="40,5200,0" yaku="19,1,15,1,11,1" doraHai="23" who="0" fromWho="0" sc="279,52,292,-13,310,-13,119,-26" owari="331,43.0,279,-12.0,297,10.0,93,-41.0" /></mjloggm>