<mjloggm ver="2.3"><GO type="97" lobby="0"/><UN n0="%E5%B2%A1%CF%80" n1="%E3%82%A6%E3%83%AB%E3%83%88%E3%83%A9%E7%AB%8B%E7%9B%B4" n2="%E3%81%A9%E3%81%B6%E3%81%B8%E3%81%84" n3="%E3%82%81%E3%81%A3%E3%81%A1" dan="14,15,15,15" rate="1933.46,2007.17,2039.21,2002.61" sx="F,M,M,F"/><TAIKYOKU oya="0"/><INIT seed="0,0,0,1,0,85" ten="250,250,250,250" oya="0" hai0="39,0,134,81,10,80,101,71,103,9,59,60,17" hai1="112,90,30,6,97,84,36,96,108,119,91,107,54" hai2="34,16,28,48,100,135,73,32,47,12,64,3,70" hai3="132,53,116,52,74,29,23,38,19,87,8,72,27"/><T105/><D39/><U57/><E36/><V113/><F113/><W125/><G116/><T14/><D71/><U15/><E119/><V122/><F122/><W4/><G38/><T77/><D134/><U93/><E112/><V50/><F135/><W69/><G69/><T117/><D117/><U67/><E108/><V21/><F3/><W79/><G125/><T24/><D24/><U89/><E67/><V2/><F2/><W120/><G132/><T35/><D35/><U92/><E30/><V18/><F73/><W44/><G120/><T75/><D81/><N who="1" m="49295" /><E107/><V58/><F100/><W124/><G124/><T33/><D33/><U66/><E66/><V98/><F98/><W123/><G123/><T43/><D43/><U118/><E118/><V61/><F28/><W37/><G29/><T126/><D126/><U128/><E128/><V78/><F78/><W110/><G110/><T104/><D104/><U46/><E46/><V51/><F70/><W55/><G87/><T5/><REACH who="0" step="1"/><D105/><REACH who="0" ten="240,250,250,250" step="2"/><U42/><E42/><N who="2" m="24695" /><F32/><W7/><G37/><T31/><D31/><U68/><E68/><V13/><F34/><W20/><G27/><T109/><D109/><U131/><E131/><V65/><F65/><AGARI ba="0,1" hai="0,5,9,10,14,17,59,60,65,75,77,80,101,103" machi="65" ten="30,11600,0" yaku="1,1,7,1,53,2" doraHai="85" doraHaiUra="99" who="0" fromWho="2" sc="240,126,250,0,250,-116,250,0" /><INIT seed="0,1,0,0,1,75" ten="366,250,134,250" oya="0" hai0="16,84,5,3,56,20,130,82,83,28,7,108,101" hai1="9,46,132,12,86,98,129,94,118,68,47,104,102" hai2="66,61,90,99,45,62,4,33,127,63,116,81,22" hai3="21,2,70,88,133,31,123,15,78,37,30,18,77"/><T57/><D130/><U109/><E118/><V71/><F116/><W8/><G37/><T1/><D28/><U60/><E129/><V87/><F127/><W128/><G70/><T34/><D34/><U25/><E109/><V121/><F121/><W19/><G123/><T112/><D108/><U44/><E132/><V76/><F33/><W43/><G128/><T40/><D112/><U10/><E25/><V38/><F4/><W107/><G107/><T110/><D110/><U122/><E122/><V125/><F125/><W54/><G43/><T72/><D40/><U35/><E35/><V58/><F71/><W51/><G133/><T93/><D1/><U48/><E10/><V124/><F124/><W96/><G2/><T100/><D3/><U0/><E0/><V27/><F45/><N who="3" m="28015" /><G88/><T114/><D114/><U26/><E68/><V67/><F38/><W17/><G96/><T55/><D57/><U39/><E98/><V103/><F90/><W73/><G73/><T6/><D72/><U80/><E39/><V36/><F36/><W119/><G119/><T97/><D101/><U52/><E104/><V131/><F67/><W59/><G59/><T32/><D32/><U24/><E60/><V120/><F120/><W69/><G69/><T49/><REACH who="0" step="1"/><D84/><REACH who="0" ten="356,250,134,250" step="2"/><U126/><E126/><V135/><F135/><W53/><G31/><T115/><D115/><U74/><E74/><V91/><F131/><W117/><G117/><T113/><D113/><U64/><E102/><V106/><F91/><W11/><G30/><AGARI ba="1,1" hai="22,27,30,58,61,62,63,66,76,81,87,99,103,106" machi="30" ten="30,2000,0" yaku="7,1,52,1" doraHai="75" who="2" fromWho="3" sc="356,0,250,0,134,33,250,-23" /><INIT seed="1,0,0,5,5,116" ten="356,250,167,227" oya="1" hai0="59,131,105,78,31,50,97,132,91,64,42,16,65" hai1="62,80,76,128,69,20,9,14,94,82,61,17,18" hai2="96,15,134,63,75,119,32,122,125,66,34,4,49" hai3="126,133,30,55,92,129,22,24,113,13,57,3,130"/><U12/><E128/><N who="3" m="49258" /><G113/><T40/><D131/><U117/><E117/><V77/><F119/><W53/><G126/><T102/><D132/><U74/><E69/><V89/><F134/><W114/><G133/><T47/><D78/><U2/><E2/><V90/><F125/><W100/><G114/><T38/><D31/><U73/><E94/><V8/><F75/><W1/><G13/><T115/><D115/><U26/><E26/><V44/><F77/><AGARI ba="0,0" hai="9,12,14,17,18,20,61,62,73,74,76,77,80,82" machi="77" ten="40,2000,0" yaku="9,1" doraHai="116" who="1" fromWho="2" sc="356,0,250,20,167,-20,227,0" /><INIT seed="1,1,0,0,3,103" ten="356,270,147,227" oya="1" hai0="98,36,120,31,10,96,33,35,116,53,113,11,107" hai1="30,47,88,69,12,83,7,64,130,17,87,108,0" hai2="28,99,45,8,60,75,48,97,41,46,112,56,133" hai3="5,93,20,132,104,73,109,26,29,40,126,82,131"/><U13/><E130/><V114/><F75/><W74/><G131/><T78/><D36/><U124/><E124/><V1/><F133/><W50/><G132/><T27/><D113/><U23/><E108/><V80/><F80/><W105/><G109/><T9/><D116/><U118/><E118/><V4/><F28/><W59/><G126/><T19/><D120/><U52/><E0/><V38/><F46/><W58/><G5/><T95/><D78/><U92/><E30/><V39/><F97/><W2/><G2/><T123/><D123/><U42/><E64/><V54/><REACH who="2" step="1"/><F99/><REACH who="2" ten="356,270,137,227" step="2"/><W100/><G82/><T70/><D96/><U63/><E83/><V34/><F34/><W67/><G74/><T51/><D98/><U90/><E90/><V121/><F121/><W43/><G73/><T117/><D31/><U76/><E76/><V15/><F15/><W85/><G85/><T81/><D33/><U128/><E128/><V79/><F79/><W66/><G100/><T77/><D35/><U49/><E69/><V18/><F18/><W55/><G29/><T129/><D19/><U71/><E71/><V110/><F110/><W65/><G93/><T3/><D81/><U84/><E84/><V89/><F89/><W119/><G119/><T61/><D77/><U14/><E7/><V72/><F72/><W32/><G32/><T127/><D117/><U86/><E86/><V24/><F24/><W122/><G26/><T115/><D27/><U111/><E111/><V106/><F106/><W21/><G122/><T25/><D25/><U101/><E101/><V134/><F134/><RYUUKYOKU ba="1,1" sc="356,-15,270,15,137,15,227,-15" hai1="12,13,14,17,23,42,47,49,52,63,87,88,92" hai2="1,4,8,38,39,41,45,48,54,56,60,112,114" /><INIT seed="1,2,1,3,5,85" ten="341,285,152,212" oya="1" hai0="2,13,98,37,82,79,123,92,26,115,80,124,62" hai1="6,129,30,91,77,55,7,122,40,1,93,125,24" hai2="120,76,60,87,51,5,8,81,21,61,116,46,3" hai3="104,57,99,68,75,128,73,15,102,35,10,131,29"/><U113/><E122/><V109/><F120/><W69/><G57/><T103/><D123/><U135/><E113/><V45/><F109/><W107/><G107/><T70/><D115/><U114/><E114/><V9/><F116/><W72/><G15/><T133/><D2/><U43/><E125/><V59/><F45/><W97/><G10/><T110/><D37/><U52/><E77/><V0/><F21/><W94/><G94/><T20/><D124/><U126/><E126/><V54/><REACH who="2" step="1"/><F46/><REACH who="2" ten="341,285,142,212" step="2"/><W106/><G106/><T11/><D110/><U38/><E38/><V74/><F74/><W34/><G99/><T32/><D98/><U44/><E44/><V19/><F19/><W64/><G35/><T17/><D20/><U108/><E108/><V78/><F78/><W112/><G112/><T132/><D17/><U14/><E43/><V111/><F111/><W88/><G97/><T36/><D79/><U42/><E42/><V121/><F121/><W127/><G34/><T119/><D32/><U28/><E40/><V50/><F50/><W58/><G127/><T83/><D36/><U18/><E18/><V47/><F47/><W22/><G75/><T31/><D119/><U86/><E28/><V33/><F33/><W90/><G73/><T4/><D31/><U39/><E39/><V105/><F105/><W12/><G72/><T16/><D16/><U118/><E30/><V27/><F27/><W134/><G104/><T49/><D26/><U53/><E24/><V96/><F96/><W117/><G29/><T63/><D49/><U89/><E118/><V100/><F100/><RYUUKYOKU ba="2,2" sc="341,-10,285,-10,142,30,212,-10" hai2="0,3,5,8,9,51,54,59,60,61,76,81,87" /><INIT seed="2,3,2,1,3,109" ten="331,275,172,202" oya="2" hai0="61,3,59,34,43,10,51,105,5,40,9,65,18" hai1="58,49,92,108,24,84,81,53,133,129,39,41,13" hai2="35,131,42,52,106,27,20,66,22,99,1,7,56" hai3="54,128,101,134,79,111,118,82,91,62,86,11,69"/><V47/><F131/><W76/><G118/><T29/><D105/><U68/><E68/><V73/><F73/><W6/><G111/><T25/><D51/><U50/><E108/><V132/><F132/><W70/><G134/><T55/><D65/><U30/><E133/><V23/><F66/><W31/><G31/><T26/><D26/><U19/><E129/><V94/><F106/><W95/><G128/><T114/><D114/><U121/><E92/><V4/><F1/><W116/><G116/><T71/><D71/><U78/><E39/><V16/><F35/><W115/><G115/><T112/><D112/><U12/><E121/><V80/><F80/><W64/><G54/><T45/><D45/><N who="1" m="25775" /><E30/><V0/><F47/><W15/><G70/><T102/><D102/><U124/><E124/><V117/><F42/><W37/><G37/><T104/><D104/><U123/><E123/><V88/><F117/><W74/><G74/><T48/><D61/><U103/><E103/><V28/><F28/><W93/><G79/><T98/><D98/><U8/><E24/><V119/><F119/><W100/><G95/><T33/><D33/><U83/><E83/><V89/><F89/><W14/><G14/><AGARI ba="3,2" hai="8,12,13,14,19,50,53,58,78,81,84" m="25775" machi="14" ten="30,1000,0" yaku="8,1" doraHai="109" who="1" fromWho="3" sc="331,0,275,39,172,0,202,-19" /><INIT seed="3,0,0,2,3,77" ten="331,314,172,183" oya="3" hai0="108,55,64,27,12,113,67,117,17,20,25,115,103" hai1="111,29,123,47,10,26,99,91,56,79,66,69,33" hai2="60,120,76,68,65,48,95,63,7,36,39,133,109" hai3="75,18,132,52,4,61,37,129,14,135,112,131,98"/><W35/><G112/><N who="0" m="43083" /><D117/><U119/><E123/><V122/><F76/><W73/><G35/><T71/><D108/><U19/><E111/><V90/><F109/><W80/><G4/><T105/><D55/><U49/><E119/><V81/><F7/><W5/><G5/><T74/><D74/><N who="3" m="28169" /><G80/><T72/><D72/><U86/><E69/><V8/><F8/><N who="3" m="6471" /><G98/><N who="0" m="61687" /><D71/><U41/><E99/><V1/><F1/><W102/><G102/><T31/><D25/><U110/><E79/><V22/><F133/><N who="3" m="51275" /><G37/><T50/><D50/><U42/><E110/><V54/><F63/><W114/><G114/><T104/><D104/><U87/><E87/><N who="2" m="50543" /><F22/><AGARI ba="0,0" hai="12,17,20,22,27,31,64,67" m="61687,43083" machi="22" ten="30,1000,0" yaku="11,1" doraHai="77" who="0" fromWho="2" sc="331,10,314,0,172,-10,183,0" owari="341,45.0,314,11.0,162,-34.0,183,-22.0" /></mjloggm>