<mjloggm ver="2.3"><GO type="97" lobby="0"/><UN n0="%59%E3%82%B9%E3%82%AE%59" n1="%E3%81%B2%E3%81%8E%E3%82%85%E3%81%82" n2="%E3%82%A6%E3%83%AB%E3%83%88%E3%83%A9%E7%AB%8B%E7%9B%B4" n3="%E3%82%8A%E3%81%9D%E3%81%86%E3%81%A2%E3%82%83%E3%82%93%E3%81%97%E2%99%AA" dan="14,13,15,15" rate="1851.50,1890.21,1974.29,2016.03" sx="M,M,M,M"/><TAIKYOKU oya="0"/><INIT seed="0,0,0,1,5,87" ten="250,250,250,250" oya="0" hai0="13,30,75,125,73,127,62,46,65,57,60,133,115" hai1="16,126,129,94,25,78,15,131,111,132,76,33,42" hai2="34,63,70,123,8,93,3,37,114,122,44,110,19" hai3="64,54,22,39,108,43,102,99,91,96,1,72,104"/><T29/><D115/><U17/><E111/><V107/><F114/><W56/><G1/><T74/><D133/><U20/><E132/><V106/><F110/><W32/><G72/><T86/><D46/><U14/><E33/><V85/><F34/><W48/><G32/><T67/><D13/><U23/><E42/><V116/><F116/><W71/><G108/><T38/><D38/><U45/><E45/><V51/><F37/><W77/><G77/><T100/><D100/><U89/><E126/><N who="0" m="48137" /><D86/><U52/><E25/><V21/><F106/><W28/><G28/><N who="0" m="10859" /><D57/><U55/><E89/><V2/><F107/><W81/><G39/><T26/><D26/><U120/><REACH who="1" step="1"/><E94/><REACH who="1" ten="250,240,250,250" step="2"/><V130/><F93/><N who="3" m="56383" /><G43/><T24/><D24/><U79/><E79/><V47/><F47/><W49/><G104/><T80/><D80/><U119/><E119/><V97/><F44/><W121/><G81/><T83/><D83/><U118/><E118/><V27/><F27/><W105/><G105/><T134/><D134/><U40/><E40/><V113/><F113/><W90/><G90/><T92/><D92/><U35/><E35/><V101/><F101/><W53/><G102/><T98/><D98/><U18/><E18/><V36/><F19/><W103/><G103/><T61/><AGARI ba="0,1" hai="60,61,62,65,67,73,74,75" m="10859,48137" machi="61" ten="40,7800,0" yaku="28,2,18,1" doraHai="87" who="0" fromWho="0" sc="250,88,240,-26,250,-26,250,-26" /><INIT seed="0,1,0,0,5,129" ten="338,214,224,224" oya="0" hai0="94,8,46,84,38,97,108,132,33,4,27,121,125" hai1="102,55,63,17,34,69,85,73,119,120,23,114,87" hai2="68,88,50,54,11,31,66,122,80,15,28,93,135" hai3="45,105,79,32,42,131,110,103,96,82,7,117,36"/><T37/><D121/><U18/><E120/><V92/><F135/><W13/><G117/><T40/><D132/><U60/><E119/><V39/><F39/><W83/><G32/><T86/><D125/><U64/><E73/><V48/><F122/><W3/><G13/><T124/><D124/><U75/><E75/><V104/><F104/><W22/><G22/><T123/><D123/><U19/><E34/><V24/><F50/><W59/><G59/><T81/><D108/><U6/><E6/><V76/><F66/><W118/><G118/><T98/><D38/><U57/><E114/><V29/><F68/><W71/><G110/><T9/><D9/><U134/><E134/><V67/><F67/><W52/><G131/><T1/><D84/><U20/><REACH who="1" step="1"/><E102/><REACH who="1" ten="338,204,224,224" step="2"/><V91/><F24/><W14/><G7/><T41/><D33/><U25/><E25/><V95/><F15/><W126/><G103/><T35/><D35/><U113/><E113/><V53/><F11/><W49/><G14/><T0/><D27/><U65/><E65/><V58/><REACH who="2" step="1"/><F54/><REACH who="2" ten="338,204,214,224" step="2"/><W99/><G52/><T26/><D0/><U128/><E128/><V74/><AGARI ba="1,2" hai="28,29,31,48,53,58,74,76,80,88,91,92,93,95" machi="74" ten="30,7900,0" yaku="1,1,2,1,0,1,54,1,53,0" doraHai="129" doraHaiUra="30" who="2" fromWho="2" sc="338,-40,204,-21,214,102,224,-21" /><INIT seed="1,0,0,0,1,125" ten="298,183,316,203" oya="1" hai0="56,38,118,72,30,131,99,53,60,73,7,80,123" hai1="12,81,79,110,89,37,119,28,91,103,34,35,124" hai2="90,66,47,114,24,95,115,82,101,112,40,129,52" hai3="4,1,92,59,26,68,14,44,93,58,51,77,134"/><U17/><E119/><V45/><F66/><W43/><G1/><T104/><D118/><U67/><E37/><V128/><F24/><W42/><G68/><T39/><D123/><U69/><E124/><V25/><F25/><W107/><G107/><T87/><D131/><N who="2" m="50250" /><F101/><W122/><G122/><T102/><D30/><U9/><E110/><V57/><F82/><W27/><G134/><T18/><D7/><U29/><E103/><V15/><F15/><W116/><G77/><T46/><D18/><U22/><E69/><V21/><F21/><W3/><G3/><T50/><D72/><U86/><E67/><V64/><F64/><W54/><G116/><T13/><D13/><U88/><REACH who="1" step="1"/><E22/><REACH who="1" ten="298,173,316,203" step="2"/><V19/><F114/><W127/><G127/><T0/><D102/><U16/><E16/><V117/><F19/><W70/><G70/><T61/><D104/><U48/><E48/><N who="2" m="30855" /><F117/><W133/><G51/><T94/><D50/><U135/><E135/><V132/><F132/><W75/><G133/><T49/><D39/><U63/><E63/><V108/><F108/><W130/><G130/><T120/><D38/><U97/><E97/><V20/><F20/><W23/><G23/><T105/><D99/><U106/><E106/><V32/><F115/><W33/><G27/><T96/><D105/><U10/><E10/><V55/><F112/><W36/><G26/><T98/><D96/><U78/><E78/><V121/><F121/><W8/><G8/><T6/><D120/><U126/><E126/><V11/><F11/><W109/><G109/><T62/><D98/><U76/><E76/><RYUUKYOKU ba="0,1" sc="298,-10,173,30,316,-10,203,-10" hai1="9,12,17,28,29,34,35,79,81,86,88,89,91" /><INIT seed="1,1,1,1,1,98" ten="288,203,306,193" oya="1" hai0="24,55,60,77,50,100,74,73,117,57,129,112,64" hai1="125,37,106,61,130,43,87,4,95,96,47,44,90" hai2="39,111,113,46,40,59,9,115,54,0,8,65,69" hai3="135,23,101,82,41,49,118,79,127,10,132,18,89"/><U122/><E122/><V36/><F36/><W16/><G127/><T126/><D117/><U35/><E125/><V105/><F105/><W56/><G118/><T99/><D112/><N who="2" m="43082" /><F0/><W114/><G114/><T71/><D126/><U6/><E35/><V110/><F9/><W1/><G89/><T51/><D129/><U48/><E130/><V15/><F15/><N who="3" m="7543" /><G1/><T68/><D77/><U2/><E61/><N who="2" m="40111" /><F8/><W75/><G41/><T13/><D68/><U107/><E2/><V53/><F53/><N who="3" m="31791" /><G23/><T66/><D66/><U109/><E109/><V92/><F92/><W58/><G16/><T19/><D51/><AGARI ba="1,1" hai="39,40,46,51,54,59,110,111" m="40111,43082" machi="51" ten="30,7700,0" yaku="24,1,11,1,34,2" doraHai="98" who="2" fromWho="0" sc="288,-80,203,0,306,90,193,0" /><INIT seed="2,0,0,1,4,32" ten="208,203,396,193" oya="2" hai0="81,6,25,60,101,122,93,123,135,89,84,114,43" hai1="16,31,49,61,30,115,63,128,37,12,7,40,29" hai2="41,112,67,125,113,45,48,107,26,102,95,0,57" hai3="17,94,118,85,77,98,36,134,4,106,132,5,127"/><V96/><F125/><W58/><G127/><T110/><D114/><U52/><E115/><V104/><F104/><W8/><G118/><T10/><D25/><U38/><E128/><V15/><F107/><W74/><G36/><T1/><D135/><N who="3" m="51753" /><G106/><T76/><D101/><U22/><E7/><V80/><F15/><N who="3" m="7399" /><G74/><T105/><D105/><U59/><REACH who="1" step="1"/><E37/><REACH who="1" ten="208,193,396,193" step="2"/><V90/><F112/><W117/><G117/><T92/><D110/><U82/><E82/><V86/><F113/><W111/><G111/><T99/><D93/><U108/><E108/><V42/><F80/><N who="3" m="47247" /><G58/><T124/><D124/><U55/><E55/><V11/><F57/><W131/><G131/><T20/><D43/><U39/><E39/><V91/><F42/><W50/><G50/><T100/><D60/><U28/><N who="1" m="7680" /><DORA hai="18" /><U23/><E23/><V78/><F41/><W120/><G120/><T47/><D47/><AGARI ba="0,1" hai="12,16,22,38,40,47,49,52,59,61,63" m="7680" machi="47" ten="50,8000,1" yaku="1,1,52,1,54,2,53,0" doraHai="32,18" doraHaiUra="126,66" who="1" fromWho="0" sc="208,-80,193,90,396,0,193,0" /><INIT seed="3,0,0,3,1,16" ten="128,283,396,193" oya="3" hai0="96,107,125,37,111,13,122,123,25,97,26,23,103" hai1="117,121,54,85,100,7,130,47,112,79,128,43,20" hai2="115,24,5,55,72,82,42,60,35,63,129,45,15" hai3="78,18,99,28,124,76,27,52,33,102,110,83,118"/><W0/><G118/><T68/><D68/><U131/><E112/><V17/><F115/><W40/><G124/><T88/><D37/><U93/><E121/><V101/><F129/><W109/><G0/><T75/><D75/><U50/><E117/><V48/><F101/><W90/><G40/><T70/><D70/><U51/><E7/><V8/><F72/><W21/><G52/><T134/><D125/><U4/><E4/><V39/><F39/><W133/><G133/><T132/><D111/><N who="3" m="42505" /><G90/><T46/><D46/><U80/><E100/><V67/><F42/><W84/><G78/><T12/><D12/><U32/><E32/><V127/><F127/><W31/><G33/><T95/><D13/><U9/><E9/><V106/><F67/><W56/><G56/><T135/><REACH who="0" step="1"/><D26/><REACH who="0" ten="118,283,396,193" step="2"/><U104/><E47/><V92/><F45/><W57/><G57/><T36/><D36/><U77/><E130/><V65/><F55/><W61/><G61/><T30/><AGARI ba="0,1" hai="23,25,30,88,95,96,97,103,107,122,123,132,134,135" machi="30" ten="30,12000,2" yaku="1,1,0,1,20,1,52,1,54,1,53,2" doraHai="16" doraHaiUra="116" who="0" fromWho="0" sc="118,130,283,-30,396,-30,193,-60" owari="248,-15.0,253,5.0,366,47.0,133,-37.0" /></mjloggm>