<mjloggm ver="2.3"><GO type="97" lobby="0"/><UN n0="%73%75%67%6F%6D%6F%72%69" n1="%E3%82%A6%E3%83%AB%E3%83%88%E3%83%A9%E7%AB%8B%E7%9B%B4" n2="%E9%A2%A8%E6%A1%9C" n3="%E3%82%8B%E3%81%84%E3%81%93%E3%81%99%E3%81%9F" dan="14,15,13,13" rate="1947.07,2013.98,1820.10,1895.27" sx="F,M,M,M"/><TAIKYOKU oya="0"/><INIT seed="0,0,0,3,3,3" ten="250,250,250,250" oya="0" hai0="92,40,19,77,22,81,52,13,43,2,21,132,47" hai1="45,131,97,76,122,28,8,100,75,108,117,7,35" hai2="78,15,113,38,115,61,71,29,63,50,79,31,128" hai3="89,0,9,96,34,69,121,74,123,64,70,1,101"/><T60/><D132/><U20/><E122/><N who="3" m="46602" /><G89/><T42/><D2/><N who="3" m="1129" /><G9/><T111/><D111/><U129/><E35/><V6/><F128/><N who="1" m="49225" /><E117/><V17/><F38/><W125/><G125/><T36/><D92/><U118/><E118/><V25/><F6/><W46/><G46/><T24/><D36/><U18/><E28/><V112/><F50/><W135/><G135/><T14/><D47/><U127/><E45/><V84/><F31/><W99/><G64/><T62/><D62/><U4/><E8/><V85/><F29/><W82/><G34/><T93/><D93/><N who="1" m="58415" /><E108/><V23/><F25/><W32/><G32/><T86/><REACH who="0" step="1"/><D22/><REACH who="0" ten="240,250,250,250" step="2"/><U88/><E127/><V126/><F126/><W12/><G70/><T134/><D134/><U16/><E20/><V30/><F30/><W37/><G37/><T73/><D73/><U133/><E133/><V33/><F33/><W39/><G39/><T72/><D72/><U109/><E109/><V95/><F95/><W98/><G69/><T27/><D27/><U130/><E130/><V120/><F120/><W107/><G12/><T49/><D49/><U48/><E48/><V26/><F26/><W44/><G44/><T53/><D53/><U66/><E66/><N who="2" m="41423" /><F63/><W103/><G103/><T59/><AGARI ba="0,1" hai="13,14,19,21,24,40,42,43,52,59,60,77,81,86" machi="59" ten="30,11700,0" yaku="1,1,0,1,8,1,54,1,53,0" doraHai="3" doraHaiUra="87" who="0" fromWho="0" sc="240,127,250,-39,250,-39,250,-39" /><INIT seed="0,1,0,1,4,63" ten="367,211,211,211" oya="0" hai0="45,55,7,110,133,10,65,5,32,134,88,131,112" hai1="126,94,107,48,120,34,14,84,123,75,30,91,76" hai2="81,87,38,83,0,98,121,92,60,129,2,8,40" hai3="50,102,135,47,59,113,130,127,21,4,96,56,122"/><T22/><D112/><U99/><E126/><V100/><F121/><W1/><G122/><T42/><D32/><U108/><E108/><V53/><F129/><W25/><G113/><T111/><D131/><U74/><E74/><V57/><F38/><W17/><G130/><T73/><D73/><U11/><E30/><V41/><F2/><W13/><G127/><T82/><D55/><U15/><E48/><V95/><F0/><W67/><G135/><N who="0" m="51723" /><D22/><U66/><E15/><V26/><F26/><W101/><G1/><N who="0" m="303" /><D65/><U106/><E34/><V39/><F39/><W132/><G132/><T12/><D12/><U44/><E44/><V86/><F8/><N who="3" m="4231" /><G96/><T85/><D7/><U27/><E99/><V125/><F125/><W28/><G28/><T77/><D77/><U37/><E76/><V93/><F98/><W6/><G6/><T58/><D58/><N who="3" m="22057" /><G67/><T43/><D45/><U46/><E46/><V52/><F100/><W19/><G19/><T115/><D115/><U116/><E37/><V114/><F114/><W90/><G90/><T35/><D35/><U20/><E75/><V117/><F53/><AGARI ba="1,0" hai="17,21,25,47,50,53,101,102" m="22057,4231" machi="53" ten="30,1000,0" yaku="8,1" doraHai="63" who="3" fromWho="2" sc="367,0,211,0,211,-13,211,13" /><INIT seed="1,0,0,3,1,71" ten="367,211,198,224" oya="1" hai0="28,86,111,72,29,121,91,125,2,34,41,59,11" hai1="51,106,27,83,9,113,119,73,1,118,80,126,0" hai2="115,36,4,81,108,12,98,70,64,116,114,89,3" hai3="112,88,53,55,49,109,6,5,74,124,23,31,65"/><U42/><E106/><V46/><F116/><W104/><G74/><T19/><D72/><U62/><E113/><N who="2" m="43019" /><F108/><W39/><G112/><T60/><D111/><U32/><E126/><V75/><F3/><W134/><G109/><T78/><D121/><U123/><E123/><V56/><F70/><W48/><G104/><T87/><D125/><U93/><E62/><N who="2" m="37959" /><F75/><W129/><G124/><T52/><D41/><U66/><E66/><V94/><F81/><W67/><G39/><T105/><D105/><U132/><E83/><V101/><F101/><W7/><G129/><T68/><D68/><U110/><E80/><V43/><F12/><W8/><G8/><T128/><D128/><U45/><E73/><V47/><F47/><W103/><G103/><T44/><D44/><U40/><E110/><V57/><F57/><W127/><G127/><T33/><D78/><U100/><E1/><V96/><F4/><W25/><G134/><T16/><D34/><U84/><E132/><V90/><F98/><W38/><G38/><T120/><D120/><U122/><E122/><V133/><F90/><W107/><G107/><T95/><D33/><U22/><E32/><V63/><F63/><W135/><G135/><AGARI ba="0,0" hai="36,43,46,89,94,96,133,135" m="37959,43019" machi="135" ten="30,2000,0" yaku="11,1,52,1" doraHai="71" who="2" fromWho="3" sc="367,0,211,0,198,20,224,-20" /><INIT seed="2,0,0,3,4,97" ten="367,211,218,204" oya="2" hai0="104,29,112,72,59,8,135,115,93,111,96,30,91" hai1="103,45,1,100,116,2,12,83,42,35,123,4,132" hai2="37,44,102,31,78,126,55,88,15,134,75,50,65" hai3="5,119,26,0,14,108,11,82,130,69,6,53,56"/><V48/><F126/><W79/><G69/><T46/><D111/><U38/><E35/><V58/><F134/><W27/><G108/><T9/><D135/><U18/><E116/><V113/><F113/><W16/><G119/><T105/><D72/><U74/><E132/><V114/><F114/><W19/><G130/><T41/><D59/><U98/><E98/><V81/><F37/><W80/><G6/><T73/><D73/><U71/><E71/><V86/><F102/><N who="1" m="38953" /><E18/><N who="3" m="6698" /><G0/><T22/><D115/><U13/><E2/><V95/><F31/><W122/><G122/><T64/><D64/><U92/><E92/><V28/><F28/><W67/><G67/><T7/><D30/><U76/><E123/><V107/><F15/><W129/><G129/><T118/><D118/><U99/><E99/><V40/><REACH who="2" step="1"/><F65/><REACH who="2" ten="367,211,208,204" step="2"/><W24/><G79/><T21/><D29/><U52/><E52/><V63/><F63/><AGARI ba="0,1" hai="5,11,14,24,26,27,53,56,63,80,82" m="6698" machi="63" ten="30,2000,0" yaku="8,1,54,1" doraHai="97" who="3" fromWho="2" sc="367,0,211,0,208,-20,204,30" /><INIT seed="3,0,0,3,4,82" ten="367,211,188,234" oya="3" hai0="59,0,99,134,131,33,69,122,109,40,4,32,18" hai1="72,68,27,23,80,64,16,20,13,89,127,92,17" hai2="130,60,74,114,84,75,46,98,124,45,1,71,42" hai3="90,26,3,37,120,83,49,15,85,111,91,104,121"/><W51/><G37/><T29/><D109/><U2/><E2/><V77/><F114/><W52/><G3/><T108/><D108/><U96/><E127/><V132/><F124/><W57/><G111/><T129/><D122/><U70/><E64/><N who="2" m="41351" /><F130/><N who="0" m="49674" /><D69/><U56/><E56/><V31/><F132/><W81/><G104/><T55/><D134/><U118/><E118/><V34/><F1/><W54/><G26/><T97/><D40/><U100/><E72/><V10/><F10/><W44/><G15/><T39/><D39/><U8/><E8/><V58/><F58/><W88/><REACH who="3" step="1"/><G83/><REACH who="3" ten="367,211,188,224" step="2"/><T113/><D0/><U7/><E80/><V28/><F75/><W25/><G25/><T128/><D128/><U11/><E27/><V48/><F74/><W24/><G24/><T62/><D32/><U19/><E13/><V41/><F34/><W66/><G66/><T35/><D33/><U93/><E68/><V30/><F30/><W125/><G125/><T115/><D29/><U106/><E70/><V79/><F31/><W73/><G73/><T102/><D35/><U38/><E38/><N who="2" m="21687" /><F28/><W47/><G47/><T14/><D115/><U53/><E106/><V76/><F98/><W50/><G50/><T126/><D99/><U110/><E110/><V101/><F101/><W67/><G67/><T123/><D97/><U12/><E53/><V43/><F43/><W65/><G65/><T61/><D102/><U117/><E117/><V94/><F94/><W135/><G135/><T78/><D126/><U133/><E133/><V63/><F63/><W107/><G107/><T112/><D62/><RYUUKYOKU ba="0,1" sc="367,-30,211,10,188,10,224,10" hai1="7,11,12,16,17,19,20,23,89,92,93,96,100" hai2="42,46,48,76,77,79,84" hai3="44,49,51,52,54,57,81,85,88,90,91,120,121" /><INIT seed="3,1,1,5,1,11" ten="337,221,198,234" oya="3" hai0="50,10,84,105,30,98,56,135,28,131,45,31,122" hai1="1,128,59,123,12,55,102,92,54,46,119,43,85" hai2="19,40,42,16,103,124,18,112,20,110,63,68,5" hai3="65,115,108,0,81,96,97,78,94,53,35,132,73"/><W106/><G35/><T32/><D122/><U87/><E1/><V25/><F112/><W120/><G115/><T49/><D135/><U14/><E123/><V9/><F110/><W36/><G36/><T83/><D131/><U90/><E102/><V86/><F124/><W26/><G0/><T116/><D116/><U100/><E100/><V6/><F103/><W117/><G120/><T77/><D32/><U113/><E113/><V2/><F86/><W134/><G26/><T121/><D121/><U109/><E128/><V37/><F37/><W114/><G65/><T111/><D111/><U95/><E109/><V38/><F38/><W80/><G53/><N who="1" m="19978" /><E59/><V89/><F89/><N who="3" m="55375" /><G114/><T52/><D98/><U79/><E119/><V127/><F127/><W74/><G108/><T39/><D39/><U66/><E66/><V47/><F47/><W33/><G33/><T3/><D105/><U101/><E101/><V44/><F44/><W104/><G97/><T76/><D76/><U41/><E41/><V118/><F118/><W91/><G117/><T130/><D130/><U133/><E133/><N who="3" m="51306" /><G91/><T15/><D3/><U58/><E58/><V8/><F68/><W62/><G62/><N who="0" m="36103" /><D45/><U72/><E46/><V4/><F42/><W22/><G22/><T71/><D71/><U70/><E70/><V61/><F40/><W34/><G34/><T57/><D57/><U27/><E43/><V82/><F2/><W129/><G129/><T13/><D13/><U69/><E69/><V99/><F99/><W23/><G23/><T67/><D67/><U48/><E14/><N who="2" m="7239" /><F82/><W125/><G125/><RYUUKYOKU ba="1,1" sc="337,10,221,-30,198,10,234,10" hai0="10,15,28,30,31,49,50,77,83,84" hai2="4,5,6,9,18,19,20,25,61,63" hai3="73,74,78,80,81,104,106" /><INIT seed="3,2,1,5,1,51" ten="347,191,208,244" oya="3" hai0="50,81,53,125,124,80,42,93,94,25,65,88,14" hai1="92,26,5,128,54,130,61,122,87,37,6,32,60" hai2="107,11,102,55,31,104,33,84,39,111,16,41,46" hai3="126,133,9,134,1,101,21,77,127,131,29,106,52"/><W0/><G77/><T96/><D65/><U85/><E37/><V57/><F111/><W90/><G106/><T58/><D42/><U43/><E43/><V97/><F107/><W34/><G101/><T117/><D117/><U75/><E75/><V99/><F97/><W132/><G34/><T18/><D25/><U112/><E112/><V74/><F74/><W4/><G90/><N who="0" m="55351" /><D125/><N who="3" m="47625" /><G52/><N who="0" m="32023" /><D124/><U10/><E122/><V73/><F73/><W24/><G131/><N who="1" m="50218" /><E6/><V2/><F84/><N who="1" m="32329" /><E92/><V45/><F45/><W103/><G103/><T8/><D53/><U89/><E89/><V22/><F33/><W67/><G67/><T13/><D13/><AGARI ba="2,1" hai="0,1,4,9,13,21,24,29,132,133,134" m="47625" machi="13" ten="40,12000,1" yaku="20,1,18,1,34,2" doraHai="51" who="3" fromWho="0" sc="347,-126,191,0,208,0,244,136" owari="221,2.0,191,-31.0,208,-19.0,380,48.0" /></mjloggm>