<mjloggm ver="2.3"><GO type="97" lobby="0"/><UN n0="%E3%82%A6%E3%83%AB%E3%83%88%E3%83%A9%E7%AB%8B%E7%9B%B4" n1="%E5%B0%8F%E9%B3%A5%E6%AD%A6%E5%A4%AB" n2="%E3%81%82%E3%81%8F%E3%81%86%E3%81%8B%E3%82%93" n3="%E3%83%AA%E3%83%AA%E3%82%A2" dan="15,13,14,14" rate="1937.53,1855.98,1912.43,1956.87" sx="M,M,M,M"/><TAIKYOKU oya="0"/><INIT seed="0,0,0,5,4,130" ten="250,250,250,250" oya="0" hai0="93,67,91,82,47,129,56,77,80,103,54,94,48" hai1="101,85,37,88,0,107,57,118,45,17,32,18,38" hai2="111,131,74,98,113,108,127,59,87,71,109,105,25" hai3="86,51,69,12,14,31,8,125,26,22,36,6,89"/><T55/><D129/><U100/><E32/><V39/><F131/><W44/><G69/><T10/><D67/><U7/><E118/><V29/><F59/><W21/><G125/><T128/><D128/><U65/><E0/><V79/><F87/><W4/><G36/><T110/><D110/><U66/><E7/><V126/><F113/><W19/><G21/><T78/><D10/><U122/><E122/><V11/><F11/><W3/><G3/><T40/><D40/><U16/><E107/><V115/><F115/><W64/><G64/><N who="1" m="24682" /><E38/><V123/><F39/><W132/><G14/><T81/><D103/><N who="1" m="39499" /><E37/><V24/><F98/><W72/><G132/><T92/><REACH who="0" step="1"/><D91/><REACH who="0" ten="240,250,250,250" step="2"/><U42/><E42/><V35/><F123/><W134/><G134/><T28/><D28/><U135/><E135/><V133/><F71/><W73/><G73/><T119/><D119/><U9/><E9/><V5/><F133/><W43/><REACH who="3" step="1"/><G72/><REACH who="3" ten="240,250,250,240" step="2"/><T27/><D27/><U41/><E41/><V62/><F25/><W63/><G63/><AGARI ba="0,2" hai="47,48,54,55,56,63,77,78,80,81,82,92,93,94" machi="63" ten="40,3900,0" yaku="1,1,8,1,53,0" doraHai="130" doraHaiUra="117" who="0" fromWho="3" sc="240,59,250,0,250,0,240,-39" /><INIT seed="0,1,0,2,5,45" ten="299,250,250,201" oya="0" hai0="59,42,116,2,108,21,11,17,104,38,80,93,51" hai1="13,97,113,99,125,63,128,66,16,1,83,88,32" hai2="126,75,34,94,69,103,118,77,115,89,23,123,132" hai3="19,53,28,43,127,72,130,26,135,90,31,119,73"/><T4/><D104/><U0/><E32/><V44/><F69/><W106/><G119/><T111/><D116/><U67/><E128/><V78/><F34/><W36/><G106/><T84/><D93/><U68/><E125/><V15/><F118/><W58/><G127/><T74/><D74/><U12/><E113/><V112/><F126/><W22/><G130/><T30/><D30/><U60/><E68/><V117/><F117/><W48/><G135/><T133/><D133/><U87/><E0/><V39/><F123/><W110/><G110/><N who="0" m="42027" /><D38/><U37/><E37/><V105/><F132/><W18/><G73/><T49/><D59/><U29/><E1/><V27/><F75/><W134/><G134/><T85/><D42/><U20/><E29/><V129/><F103/><W120/><G120/><T6/><D6/><U7/><E66/><V91/><F105/><W65/><G72/><T76/><D84/><U107/><E107/><V102/><F102/><W98/><G65/><T95/><D95/><U86/><E86/><V79/><F94/><N who="3" m="56663" /><G36/><T10/><D10/><N who="1" m="4191" /><E67/><V71/><F129/><W64/><G64/><T55/><D55/><U9/><E9/><V109/><F71/><W61/><G31/><T124/><D124/><U101/><E101/><V81/><F109/><W70/><G70/><T121/><D121/><U8/><E8/><V100/><F112/><W3/><G3/><T62/><D62/><AGARI ba="1,0" hai="13,16,20,60,62,63,83,87,88,97,99" m="4191" machi="62" ten="30,3900,0" yaku="8,1,54,2" doraHai="45" who="1" fromWho="0" sc="299,-42,250,42,250,0,201,0" /><INIT seed="1,0,0,4,4,77" ten="257,292,250,201" oya="1" hai0="10,104,132,107,16,91,85,59,32,51,48,62,71" hai1="18,82,53,27,37,14,84,101,93,78,113,40,88" hai2="1,86,36,75,45,97,119,129,13,105,68,24,83" hai3="125,43,30,15,52,26,63,79,35,70,114,80,11"/><U60/><E113/><V134/><F119/><W117/><G114/><T64/><D32/><U38/><E27/><V50/><F68/><W120/><G120/><T87/><D132/><U124/><E124/><V89/><F1/><W127/><G43/><T126/><D126/><N who="3" m="48137" /><G117/><T135/><D135/><U92/><E40/><V110/><F36/><W103/><G103/><T42/><D71/><U31/><E31/><V46/><F110/><W39/><G39/><T130/><D130/><U112/><E112/><V106/><F24/><W2/><G2/><T8/><D104/><U123/><E123/><V23/><F129/><W133/><G133/><T76/><D107/><U5/><E5/><V122/><F122/><W41/><G41/><T28/><D28/><U65/><E53/><V56/><F75/><N who="3" m="43135" /><G70/><T7/><D7/><U25/><E101/><V95/><F106/><W72/><G72/><T100/><D100/><U9/><E37/><V69/><F105/><W90/><G90/><T47/><D76/><U21/><E38/><V55/><F69/><W20/><G63/><T4/><D51/><U66/><E78/><N who="2" m="46455" /><F134/><W128/><G128/><T118/><D118/><U102/><E102/><V34/><F34/><W54/><G35/><T121/><D121/><U94/><E60/><V98/><F98/><W111/><G111/><T17/><D87/><U19/><AGARI ba="0,0" hai="9,14,18,19,21,25,65,66,82,84,88,92,93,94" machi="19" ten="30,11700,0" yaku="0,1,8,1,52,1,54,1" doraHai="77" who="1" fromWho="1" sc="257,-39,292,117,250,-39,201,-39" /><INIT seed="1,1,0,0,3,97" ten="218,409,211,162" oya="1" hai0="49,36,29,33,124,104,125,43,12,2,19,69,117" hai1="66,45,24,103,76,116,5,26,89,94,28,11,82" hai2="10,92,132,7,85,8,90,40,46,71,50,4,79" hai3="110,58,60,114,9,41,32,122,25,68,53,31,21"/><U72/><E116/><V6/><F132/><W88/><G110/><T86/><D36/><U27/><E66/><V56/><F71/><W13/><G114/><T22/><D117/><U80/><E80/><V59/><F79/><W91/><G122/><T18/><D69/><U96/><E45/><V112/><F112/><W123/><G123/><T37/><D37/><U38/><E38/><V48/><F48/><W57/><G68/><T78/><D2/><U131/><E131/><V87/><F87/><W63/><G41/><T64/><D64/><U108/><E108/><V118/><F118/><W83/><G32/><T77/><D104/><U51/><E51/><V105/><F105/><W119/><G119/><T74/><D74/><U81/><E81/><V99/><F85/><W15/><G83/><T106/><D106/><U130/><E130/><V30/><F30/><W0/><G0/><T95/><D29/><U54/><E54/><V52/><F40/><W61/><G61/><T107/><D33/><U101/><REACH who="1" step="1"/><E28/><REACH who="1" ten="218,399,211,162" step="2"/><V39/><F39/><W16/><REACH who="3" step="1"/><G13/><AGARI ba="1,1" hai="5,11,13,24,26,27,72,76,82,89,94,96,101,103" machi="13" ten="40,12000,1" yaku="1,1,2,1,52,2,53,0" doraHai="97" doraHaiUra="47" who="1" fromWho="3" sc="218,0,399,133,211,0,162,-123" /><INIT seed="1,2,0,0,5,126" ten="218,532,211,39" oya="1" hai0="36,44,32,114,119,35,105,96,22,48,28,41,47" hai1="43,30,64,21,120,94,73,123,127,11,49,134,6" hai2="76,95,132,10,118,18,38,78,23,83,54,69,91" hai3="87,60,67,110,0,17,62,90,112,20,116,4,25"/><U92/><E73/><V104/><F118/><W70/><G112/><T33/><D114/><U42/><E64/><V115/><F104/><W52/><G110/><T131/><D119/><U102/><E102/><V3/><F115/><W61/><G116/><T82/><D82/><U117/><E117/><V79/><F69/><W71/><G0/><T106/><D96/><U12/><E30/><V68/><F68/><W122/><G4/><T19/><D28/><U111/><E21/><V55/><F38/><W29/><G122/><T24/><D131/><U99/><E99/><V8/><F132/><W100/><G100/><T53/><AGARI ba="2,0" hai="19,22,24,32,33,35,36,41,44,47,48,53,105,106" machi="53" ten="30,1100,0" yaku="0,1" doraHai="126" who="0" fromWho="0" sc="218,17,532,-7,211,-5,39,-5" /><INIT seed="2,0,0,4,1,24" ten="235,525,206,34" oya="2" hai0="13,38,100,34,49,29,28,35,85,115,107,123,108" hai1="94,69,1,9,119,109,73,68,47,110,30,23,117" hai2="6,55,40,99,2,17,118,72,22,84,62,21,98" hai3="102,18,45,27,80,64,88,82,71,97,44,121,83"/><V41/><F118/><N who="1" m="45065" /><E47/><V31/><F72/><W14/><G121/><T93/><D38/><U124/><E73/><V10/><F84/><W111/><G71/><T92/><D85/><U127/><E94/><V90/><F90/><W91/><G111/><N who="1" m="42506" /><E9/><V61/><F55/><W11/><G27/><T134/><D107/><U78/><E78/><V46/><F22/><W65/><G102/><T53/><D100/><U95/><E95/><V87/><F87/><W58/><G97/><T16/><D108/><U3/><E30/><V57/><F41/><W25/><G25/><T39/><D29/><U43/><E23/><V74/><F31/><W128/><G128/><T66/><D28/><U101/><E101/><V89/><F74/><W120/><G120/><T106/><D92/><U20/><E20/><V135/><F135/><W36/><G36/><T60/><D93/><U116/><E43/><V133/><F133/><W132/><G132/><T63/><D39/><U113/><E113/><V15/><F57/><W5/><G5/><T19/><D115/><U59/><E59/><V0/><F89/><N who="3" m="34379" /><G58/><T129/><D134/><U79/><E79/><V42/><F0/><N who="1" m="73" /><E116/><V48/><F42/><W67/><AGARI ba="0,0" hai="11,14,18,44,45,64,65,67,80,82,83" m="34379" machi="67" ten="40,2700,0" yaku="8,1,54,1" doraHai="24" who="3" fromWho="3" sc="235,-7,525,-7,206,-13,34,27" /><INIT seed="3,0,0,0,5,61" ten="228,518,193,61" oya="3" hai0="98,74,121,5,131,128,62,46,27,29,66,17,63" hai1="78,54,133,24,58,115,120,132,100,28,110,92,36" hai2="125,42,103,127,112,3,55,73,118,14,60,57,87" hai3="126,37,109,18,85,48,90,0,80,15,9,123,86"/><W72/><G37/><T113/><D74/><U56/><E110/><V52/><F73/><W70/><G123/><T31/><D121/><U104/><E104/><V134/><F3/><W13/><G0/><T38/><D5/><U82/><E120/><V11/><F112/><W43/><G72/><T102/><D62/><U93/><E36/><V96/><F118/><W33/><G70/><N who="0" m="42335" /><D113/><U21/><E115/><V79/><F134/><N who="1" m="51817" /><E100/><V19/><F42/><W135/><G33/><N who="0" m="20671" /><D17/><U84/><E58/><V105/><F87/><W4/><G135/><T44/><D31/><U10/><E10/><V101/><F79/><N who="3" m="46239" /><G126/><N who="2" m="48137" /><F101/><W45/><G109/><T129/><D38/><U107/><E107/><AGARI ba="0,0" hai="44,46,98,102,107,128,129,131" m="20671,42335" machi="107" ten="30,3900,0" yaku="25,1,19,1,52,1" doraHai="61" who="0" fromWho="1" sc="228,39,518,-39,193,0,61,0" owari="267,7.0,479,58.0,193,-21.0,61,-44.0" /></mjloggm>