<mjloggm ver="2.3"><GO type="97" lobby="0"/><UN n0="%E2%98%86%52%69%63%6B%79%E2%98%86" n1="%E3%82%A6%E3%83%AB%E3%83%88%E3%83%A9%E7%AB%8B%E7%9B%B4" n2="%E3%81%86%E3%81%A3%E3%81%8D%E3%81%83%E2%98%86%E5%BD%A1" n3="%77%61%62%69%73%61%62%69" dan="13,15,13,13" rate="1994.35,1988.53,1970.81,1807.83" sx="M,M,F,M"/><TAIKYOKU oya="0"/><INIT seed="0,0,0,5,4,126" ten="250,250,250,250" oya="0" hai0="55,57,123,111,119,69,102,33,127,91,124,100,12" hai1="73,40,81,52,46,54,24,89,130,75,36,68,112" hai2="0,45,63,38,105,107,99,30,125,35,17,72,64" hai3="108,84,132,66,29,9,118,121,59,27,70,44,129"/><T115/><D123/><U62/><E112/><V4/><F17/><W83/><G118/><T34/><D115/><U93/><E130/><V86/><F86/><W25/><G108/><T51/><D119/><U11/><E68/><V94/><F125/><N who="0" m="48202" /><D69/><U14/><E24/><V32/><F72/><W131/><G70/><T7/><D111/><U26/><E26/><V48/><F38/><W133/><G25/><T18/><D7/><U19/><E62/><V21/><F21/><N who="3" m="15599" /><G9/><N who="0" m="6415" /><D91/><U128/><E128/><N who="3" m="49226" /><G44/><T74/><D74/><U114/><E114/><V135/><F30/><W50/><G121/><T2/><D2/><U53/><REACH who="1" step="1"/><E81/><REACH who="1" ten="250,240,250,250" step="2"/><V20/><F63/><N who="3" m="38271" /><G50/><T42/><D42/><U85/><AGARI ba="0,1" hai="11,14,19,36,40,46,52,53,54,73,75,85,89,93" machi="85" ten="30,7900,0" yaku="1,1,0,1,54,1,53,1" doraHai="126" doraHaiUra="15" who="1" fromWho="1" sc="250,-39,240,89,250,-20,250,-20" /><INIT seed="1,0,0,0,2,93" ten="211,329,230,230" oya="1" hai0="72,105,16,24,67,96,61,77,76,112,81,20,37" hai1="65,120,126,127,122,0,121,3,48,63,28,12,69" hai2="5,109,25,125,57,50,22,95,71,79,106,56,2" hai3="128,7,54,32,44,45,39,29,91,85,46,134,97"/><U9/><E48/><V62/><F106/><W49/><G32/><T47/><D112/><U102/><E102/><V116/><F79/><W104/><G29/><T68/><D77/><U100/><E28/><V124/><F109/><W94/><G7/><T34/><D34/><U6/><REACH who="1" step="1"/><E100/><REACH who="1" ten="211,319,230,230" step="2"/><V36/><F50/><W30/><G30/><T99/><REACH who="0" step="1"/><D105/><REACH who="0" ten="201,319,230,230" step="2"/><U55/><E55/><V27/><F125/><AGARI ba="0,2" hai="0,3,6,9,12,63,65,69,120,121,122,125,126,127" machi="125" ten="50,4800,0" yaku="1,1,18,1,53,0" doraHai="93" doraHaiUra="13" who="1" fromWho="2" sc="201,0,319,68,230,-48,230,0" /><INIT seed="1,1,0,3,3,117" ten="201,387,182,230" oya="1" hai0="91,119,104,103,50,13,61,20,66,52,92,28,72" hai1="121,118,93,69,96,124,40,6,32,76,63,71,17" hai2="2,84,60,11,75,88,125,48,86,128,45,55,100" hai3="95,85,83,56,3,105,94,109,29,67,134,44,87"/><U4/><E118/><V133/><F75/><W135/><G105/><T7/><D119/><U58/><E32/><V101/><F125/><W64/><G3/><T90/><D104/><U122/><E76/><V73/><F73/><W9/><G109/><T78/><D72/><U132/><E40/><V79/><F128/><W115/><G115/><T38/><D38/><U26/><E124/><V81/><F133/><N who="3" m="50699" /><G29/><T41/><D41/><U22/><E132/><V19/><F60/><W89/><G44/><T120/><D78/><U39/><E39/><V10/><F2/><W23/><G9/><N who="2" m="3081" /><F19/><W1/><G1/><T65/><D7/><U123/><E6/><V59/><F45/><W113/><G113/><T126/><D126/><U54/><REACH who="1" step="1"/><E4/><REACH who="1" ten="201,377,182,230" step="2"/><V51/><F51/><W111/><G111/><T43/><D50/><U110/><E110/><V35/><F35/><W8/><G8/><T12/><D43/><U116/><E116/><V108/><F108/><W68/><G23/><T99/><D20/><U34/><E34/><V130/><F130/><W31/><G31/><T33/><D33/><U131/><E131/><V98/><F98/><W14/><G14/><T25/><D12/><U36/><E36/><V37/><F37/><W47/><G47/><T24/><D13/><U127/><E127/><V0/><F0/><W21/><G21/><T106/><D99/><U30/><E30/><V53/><F48/><W46/><G46/><T112/><D28/><U62/><E62/><V18/><F79/><W102/><G68/><T57/><D61/><U82/><E82/><V27/><F81/><RYUUKYOKU ba="1,1" sc="201,-10,377,30,182,-10,230,-10" hai1="17,22,26,54,58,63,69,71,93,96,121,122,123" /><INIT seed="1,2,1,1,5,40" ten="191,407,172,220" oya="1" hai0="18,121,114,4,46,122,52,51,0,30,132,26,39" hai1="6,124,59,3,107,31,64,71,120,12,81,74,20" hai2="92,134,19,17,78,88,44,131,7,35,53,61,70" hai3="47,87,111,105,34,73,42,83,1,69,21,119,112"/><U84/><E107/><V43/><F35/><W56/><G112/><T116/><D114/><U108/><E71/><V27/><F78/><W135/><G73/><T77/><D116/><U5/><E74/><V93/><F92/><W125/><G69/><T90/><D132/><U67/><E3/><V126/><F7/><N who="1" m="2569" /><E120/><N who="0" m="46185" /><D77/><N who="1" m="46127" /><E124/><V86/><F126/><W57/><G125/><T22/><D39/><U102/><E108/><V54/><F134/><W29/><G105/><T106/><D106/><U96/><E59/><V95/><F95/><W72/><G72/><T23/><D90/><U49/><E49/><V79/><F79/><W58/><G34/><N who="0" m="20823" /><D18/><N who="1" m="10311" /><E31/><V128/><F19/><W2/><G135/><T8/><AGARI ba="2,1" hai="0,4,8,22,23,46,51,52" m="20823,46185" machi="8" ten="30,4000,0" yaku="13,1,52,1,54,1" doraHai="40" who="0" fromWho="0" sc="191,56,407,-22,172,-12,220,-12" /><INIT seed="2,0,0,1,0,77" ten="247,385,160,208" oya="2" hai0="73,93,71,37,68,86,39,89,53,26,67,74,129" hai1="115,113,35,108,119,121,91,61,66,29,56,95,46" hai2="114,51,32,83,36,130,135,45,25,133,75,17,117" hai3="10,38,103,20,90,43,8,78,63,85,4,134,128"/><V1/><F117/><W62/><G128/><T58/><D129/><U13/><E119/><V118/><F118/><W40/><G134/><T50/><D71/><U3/><E3/><V59/><F130/><W126/><G126/><T22/><D37/><U92/><E121/><V54/><F1/><W120/><G120/><T44/><D68/><U116/><E116/><V81/><F114/><W23/><G103/><T0/><D0/><U104/><E104/><V18/><F75/><W98/><G78/><T72/><D67/><U65/><E108/><V124/><F124/><W15/><G98/><T84/><D39/><U41/><E66/><V34/><F34/><W21/><G10/><T60/><D86/><U76/><E76/><V5/><F5/><W70/><G70/><T47/><REACH who="0" step="1"/><D60/><REACH who="0" ten="237,385,160,208" step="2"/><N who="3" m="23081" /><G38/><T109/><D109/><U52/><E65/><V19/><F135/><W97/><G97/><T24/><D24/><U87/><E115/><V79/><F133/><W48/><G48/><T102/><D102/><U99/><E113/><V132/><F132/><W111/><G111/><T123/><D123/><U27/><E13/><V101/><F101/><W131/><G131/><T96/><D96/><U88/><E35/><V69/><F69/><W6/><G4/><T14/><D14/><U49/><E27/><V9/><F9/><W16/><G6/><T2/><D2/><U107/><E107/><V82/><F79/><W42/><G85/><T127/><D127/><U94/><E29/><AGARI ba="0,1" hai="22,26,29,44,47,50,53,58,72,73,74,84,89,93" machi="29" ten="40,1300,0" yaku="1,1,53,0" doraHai="77" doraHaiUra="112" who="0" fromWho="1" sc="237,23,385,-13,160,0,208,0" /><INIT seed="3,0,0,1,2,64" ten="260,372,160,208" oya="3" hai0="114,53,8,42,23,105,49,60,134,58,113,96,68" hai1="2,80,34,79,77,111,62,14,52,133,126,43,20" hai2="85,81,100,29,104,30,26,69,131,32,89,13,112" hai3="10,123,121,3,63,46,91,102,48,76,118,37,106"/><W88/><G118/><T38/><D134/><U125/><E2/><V45/><F112/><N who="0" m="43114" /><D8/><U116/><E34/><V5/><F131/><W83/><G37/><T40/><D38/><U127/><E116/><V101/><F29/><W57/><G102/><N who="0" m="62663" /><D23/><U12/><E133/><V27/><F27/><W122/><G106/><T99/><D99/><U86/><E111/><V28/><F28/><W55/><G10/><T51/><D68/><U71/><E20/><V78/><F89/><W59/><G3/><T117/><D117/><U24/><E24/><V124/><F124/><W18/><G18/><T11/><D11/><U92/><E12/><V93/><F13/><W98/><G98/><T15/><D15/><U82/><E14/><V61/><F5/><W54/><REACH who="3" step="1"/><G59/><REACH who="3" ten="260,372,160,198" step="2"/><T103/><D103/><U97/><E126/><V75/><F104/><W115/><G115/><T119/><D119/><U108/><E127/><V109/><F109/><W87/><AGARI ba="0,1" hai="46,48,54,55,57,63,76,83,87,88,91,121,122,123" machi="87" ten="30,6000,0" yaku="1,1,0,1,54,1,53,0" doraHai="64" doraHaiUra="1" who="3" fromWho="3" sc="260,-20,372,-20,160,-20,198,70" /><INIT seed="3,1,0,0,1,92" ten="240,352,140,268" oya="3" hai0="105,44,55,24,124,104,22,26,86,133,100,0,6" hai1="127,39,27,115,70,65,28,78,68,123,112,75,102" hai2="63,25,5,54,34,85,57,131,40,88,14,45,15" hai3="46,122,36,73,126,51,64,106,66,53,62,56,9"/><W69/><G122/><T94/><D133/><U7/><E123/><V134/><F131/><W77/><G106/><T76/><D124/><U132/><E127/><V125/><F125/><W16/><G126/><T107/><D6/><U84/><E84/><V108/><F108/><W33/><G33/><T110/><D0/><U117/><E117/><V81/><F134/><W119/><G119/><T120/><D120/><U48/><E48/><V103/><F5/><W38/><G77/><T98/><D110/><U99/><E132/><V30/><F103/><W17/><G73/><T114/><D114/><U118/><E7/><V32/><F32/><W72/><G72/><T50/><REACH who="0" step="1"/><D22/><REACH who="0" ten="230,352,140,268" step="2"/><U61/><E118/><V101/><REACH who="2" step="1"/><F101/><REACH who="2" ten="230,352,130,268" step="2"/><W37/><REACH who="3" step="1"/><G9/><REACH who="3" ten="230,352,130,258" step="2"/><T49/><D49/><AGARI ba="1,3" hai="14,15,25,30,34,40,45,49,54,57,63,81,85,88" machi="49" ten="30,7700,0" yaku="1,1,2,1,7,1,54,1,53,0" doraHai="92" doraHaiUra="113" who="2" fromWho="0" sc="230,-80,352,0,130,110,258,0" owari="150,-35.0,352,45.0,240,-16.0,258,6.0" /></mjloggm>