<mjloggm ver="2.3"><GO type="169" lobby="0"/><UN n0="%E5%A4%96%E9%81%93" n1="%74%6A%2D%6D%69%63%72%6F" n2="%EF%BC%88%E2%89%A7%E2%96%BD%E2%89%A6%EF%BC%89" n3="%E5%AD%90%E4%BE%9B%E4%BC%9A%E5%93%A1" dan="16,16,19,16" rate="2049.41,2137.66,2330.58,2069.54" sx="F,M,M,M"/><TAIKYOKU oya="0"/><INIT seed="0,0,0,3,2,51" ten="250,250,250,250" oya="0" hai0="126,9,108,31,14,19,120,93,10,98,63,87,117" hai1="91,88,92,90,66,54,35,116,43,18,37,0,127" hai2="80,27,12,42,94,17,41,58,15,38,76,68,53" hai3="124,104,106,134,49,107,6,73,32,81,79,40,22"/><T78/><D120/><U83/><E116/><V102/><F68/><W101/><G32/><T69/><D117/><U131/><E0/><V84/><F27/><W121/><G134/><T96/><D31/><U61/><E35/><V67/><F67/><W77/><G124/><T5/><D126/><U8/><E127/><V128/><F128/><W100/><G121/><T11/><D69/><U75/><E131/><V7/><F7/><W118/><G118/><T16/><D63/><U74/><E37/><V115/><F115/><W111/><G111/><T85/><D108/><U114/><E43/><N who="2" m="16395" /><F17/><N who="0" m="6730" /><D98/><U99/><E114/><V34/><F34/><W33/><G33/><T109/><D109/><U105/><E105/><V50/><F38/><W2/><G79/><T129/><D129/><U62/><E75/><V125/><F125/><W48/><G107/><T133/><D133/><U1/><E66/><V57/><F57/><W59/><G106/><T123/><D123/><U119/><E119/><V30/><F30/><W26/><G104/><T72/><D72/><U110/><E110/><V46/><F58/><W29/><G59/><T113/><D113/><U45/><E74/><V23/><F23/><W28/><G22/><T89/><D78/><U130/><E130/><V4/><F4/><W71/><G6/><T70/><D70/><U56/><E1/><V60/><F60/><W95/><G2/><T25/><D25/><U86/><E62/><V36/><F36/><W39/><G26/><T55/><D55/><U103/><E45/><V64/><F64/><W132/><G71/><T122/><D122/><RYUUKYOKU ba="0,0" sc="250,10,250,10,250,10,250,-30" hai0="5,9,10,11,14,85,87,89,93,96" hai1="8,18,54,56,61,83,86,88,90,91,92,99,103" hai2="12,15,46,50,53,76,80,84,94,102" /><INIT seed="0,1,0,3,0,121" ten="260,260,260,220" oya="0" hai0="63,109,81,100,119,67,51,89,42,0,105,9,111" hai1="80,49,37,14,103,41,12,50,35,20,7,10,85" hai2="18,84,32,31,132,88,115,13,91,54,44,117,113" hai3="126,83,46,77,6,56,125,58,135,15,47,112,106"/><T43/><D119/><U71/><E35/><V86/><F117/><W62/><G112/><T68/><D105/><U114/><E71/><V90/><F132/><W23/><G106/><T124/><D100/><U96/><E114/><V98/><F115/><W60/><G135/><T22/><D22/><U39/><E39/><V16/><F113/><W108/><G23/><T65/><D65/><U11/><E20/><N who="2" m="11279" /><F32/><W130/><G15/><T76/><D89/><N who="2" m="34410" /><F18/><W95/><G6/><T120/><D120/><U99/><E37/><V87/><F31/><W73/><G95/><T38/><D38/><U94/><E41/><V134/><F134/><W128/><G83/><T74/><D124/><U110/><E99/><V70/><F70/><W127/><G125/><T66/><D66/><U61/><E96/><V116/><F116/><W5/><G5/><T123/><D123/><U4/><E94/><N who="2" m="54655" /><F98/><W131/><G131/><T107/><D107/><U79/><E7/><V21/><F21/><W36/><G36/><T102/><D0/><U52/><E10/><V101/><F101/><W82/><G73/><T53/><D102/><U1/><E103/><V27/><F27/><W8/><G8/><T45/><D9/><U118/><E1/><V17/><F17/><W30/><G30/><T97/><D97/><U19/><E118/><V78/><F78/><W34/><G77/><T93/><D93/><U122/><E122/><V3/><F3/><W129/><G130/><T24/><D24/><U29/><E19/><V75/><F75/><W72/><G72/><T64/><D64/><U55/><E11/><RYUUKYOKU ba="1,0" sc="260,15,260,-15,260,15,220,-15" hai0="42,43,45,51,53,63,67,68,74,76,81,109,111" hai2="44,54,84,86" /><INIT seed="0,2,0,5,0,15" ten="275,245,275,205" oya="0" hai0="88,89,82,122,43,65,105,30,124,39,51,86,118" hai1="23,24,75,68,20,96,111,117,116,133,21,114,59" hai2="94,106,79,71,128,110,101,126,1,97,55,5,26" hai3="8,93,67,17,3,37,50,76,18,112,103,28,49"/><T56/><D122/><U78/><E68/><V38/><F71/><W16/><G37/><T53/><D118/><U32/><E111/><V46/><F110/><W13/><G3/><T130/><D105/><U72/><E133/><V123/><F123/><W77/><G112/><T99/><D30/><U64/><E114/><V35/><F79/><N who="3" m="30283" /><G67/><T4/><D4/><U7/><E7/><V12/><F94/><W0/><G0/><T25/><D25/><U134/><E134/><V108/><F12/><W132/><G28/><T80/><D130/><U47/><E32/><V102/><F102/><W107/><G107/><T57/><D124/><U60/><E47/><V63/><F46/><W115/><G115/><T131/><D131/><U45/><E45/><V52/><F38/><W127/><G127/><T113/><D43/><U84/><E96/><V29/><F108/><W41/><G132/><T36/><D113/><U98/><E98/><V27/><F126/><W44/><G50/><T135/><D135/><U85/><E75/><V119/><F119/><W40/><G40/><T129/><D129/><U33/><E72/><V19/><F128/><W58/><G58/><T100/><D100/><U61/><E33/><V70/><F70/><W125/><G125/><T62/><D99/><AGARI ba="2,0" hai="8,13,16,17,18,41,44,49,93,99,103" m="30283" machi="99" ten="30,8000,1" yaku="8,1,52,3,54,1" doraHai="15" who="3" fromWho="0" sc="275,-86,245,0,275,0,205,86" /><INIT seed="1,0,0,4,0,13" ten="189,245,275,291" oya="1" hai0="99,131,46,71,42,27,14,66,121,22,117,82,87" hai1="125,104,77,134,33,97,129,47,79,6,96,100,40" hai2="17,2,109,39,135,123,54,21,105,4,0,75,89" hai3="5,49,118,7,63,11,93,18,133,58,59,95,73"/><U38/><E129/><V110/><F75/><W119/><G73/><T91/><D131/><U70/><E134/><V25/><F123/><W122/><G122/><T116/><D121/><U32/><E125/><V8/><F135/><W15/><G133/><T132/><D132/><U127/><E127/><V28/><F105/><W60/><G49/><T69/><D99/><U1/><E70/><V30/><F39/><W19/><G15/><T23/><D66/><U85/><E97/><V36/><F54/><W12/><G12/><T29/><D69/><U31/><E31/><N who="2" m="11819" /><F89/><W88/><G88/><T107/><D71/><U65/><E65/><V51/><F51/><W81/><G81/><T9/><D23/><U24/><E24/><V16/><F36/><W62/><G62/><T72/><D107/><U126/><E126/><V52/><F52/><W113/><G11/><T94/><D72/><U64/><E64/><V35/><F35/><W86/><G86/><T53/><D53/><U112/><E79/><V34/><F34/><W98/><G98/><T115/><D82/><U76/><E76/><V102/><F102/><W90/><G90/><T111/><D111/><N who="2" m="42506" /><F0/><W57/><REACH who="3" step="1"/><G59/><REACH who="3" ten="189,245,275,281" step="2"/><T92/><D117/><U78/><E78/><V50/><F50/><W45/><G45/><T44/><D116/><U10/><E77/><V68/><F68/><W101/><G101/><T130/><D46/><U55/><E85/><V124/><F124/><W106/><G106/><T128/><D130/><U114/><E55/><V108/><F108/><W3/><G3/><T37/><D128/><U61/><E61/><RYUUKYOKU ba="0,1" sc="189,-30,245,10,275,10,281,10" hai1="1,6,10,32,33,38,40,47,96,100,104,112,114" hai2="2,4,8,16,17,21,25" hai3="5,7,18,19,57,58,60,63,93,95,113,118,119" /><INIT seed="1,1,1,1,2,72" ten="159,255,285,291" oya="1" hai0="77,10,9,114,40,58,61,133,124,81,5,84,118" hai1="92,3,87,83,75,63,94,56,62,23,0,32,71" hai2="70,67,4,18,43,7,25,1,128,21,35,48,73" hai3="131,12,36,8,59,2,98,109,132,127,31,82,126"/><U39/><E32/><V14/><F128/><W66/><G2/><T79/><D118/><U49/><E39/><V129/><F129/><W16/><G36/><T97/><D114/><U99/><E75/><V110/><F73/><W29/><G131/><T44/><D133/><U69/><E49/><V80/><F110/><W135/><G98/><T89/><D124/><N who="3" m="47657" /><G82/><T112/><D112/><U51/><E51/><V105/><F105/><W60/><G109/><T53/><D97/><U26/><E69/><V108/><F1/><W17/><G17/><T34/><D34/><U125/><E71/><V119/><F119/><W93/><G93/><T65/><D65/><U88/><E94/><V100/><F80/><W47/><G47/><T37/><REACH who="0" step="1"/><D10/><REACH who="0" ten="149,255,285,291" step="2"/><U101/><E125/><V123/><F67/><W103/><G103/><T28/><D28/><AGARI ba="1,2" hai="8,12,16,28,29,31,59,60,66,132,135" m="47657" machi="28" ten="30,2000,0" yaku="18,1,54,1" doraHai="72" who="3" fromWho="0" sc="149,-23,255,0,285,0,291,43" /><INIT seed="2,0,0,2,1,100" ten="126,255,285,334" oya="2" hai0="115,125,94,86,8,51,113,33,49,26,74,64,89" hai1="127,79,14,1,46,95,119,45,18,135,134,105,78" hai2="2,102,3,81,75,50,112,93,80,117,128,56,60" hai3="111,110,10,16,106,54,109,131,13,126,40,85,58"/><V11/><F117/><W15/><G131/><T53/><D74/><U23/><E1/><V57/><F112/><W48/><G126/><T17/><D64/><U55/><E119/><V7/><F128/><W124/><G124/><T132/><D125/><U71/><E71/><V24/><F2/><W65/><G85/><T114/><D132/><U133/><E127/><V62/><F50/><W19/><G65/><T129/><D129/><U34/><E34/><V12/><F3/><W88/><G40/><T43/><D33/><U92/><E105/><V108/><F108/><W25/><G25/><T63/><D63/><N who="2" m="24106" /><F24/><W90/><G106/><T44/><D26/><U67/><E67/><V35/><F75/><W84/><G84/><T27/><D27/><U22/><E55/><V30/><F30/><W73/><G73/><T28/><D28/><U120/><E120/><V116/><F35/><W118/><G118/><T107/><D107/><U66/><E66/><V52/><F116/><W70/><G70/><T61/><D61/><U121/><E121/><V91/><F102/><W122/><G122/><T41/><D41/><U32/><E32/><V96/><F52/><W130/><G130/><T76/><D76/><N who="1" m="29227" /><E23/><AGARI ba="0,0" hai="10,13,15,16,19,23,48,54,58,88,90,109,110,111" machi="23" ten="40,5200,0" yaku="14,1,54,2" doraHai="100" who="3" fromWho="1" sc="126,0,255,-52,285,0,334,52" /><INIT seed="3,0,0,3,0,37" ten="126,203,285,386" oya="3" hai0="19,30,29,59,94,12,115,90,27,0,123,128,25" hai1="98,99,69,80,2,53,65,40,131,44,51,9,63" hai2="87,124,35,105,133,130,4,70,102,68,104,45,114" hai3="46,57,62,79,92,109,84,77,96,47,88,67,6"/><W36/><G109/><T8/><D123/><U122/><E122/><V17/><F114/><W73/><G73/><T64/><D115/><U95/><E131/><V117/><F35/><W16/><G36/><T103/><D128/><U1/><E99/><V97/><F4/><W15/><G6/><T71/><D71/><U10/><E80/><V100/><F117/><W3/><G3/><T48/><D0/><U66/><E66/><V76/><F133/><W110/><G110/><T38/><D38/><U111/><E111/><V28/><F28/><W78/><G96/><T85/><D103/><U116/><E116/><V26/><F124/><W82/><G92/><T60/><REACH who="0" step="1"/><D48/><REACH who="0" ten="116,203,285,386" step="2"/><U119/><E119/><V101/><F130/><W86/><REACH who="3" step="1"/><G84/><REACH who="3" ten="116,203,285,376" step="2"/><T75/><D75/><U41/><E1/><V39/><F87/><W5/><G5/><T91/><D91/><U18/><E2/><V118/><F39/><W125/><G125/><T120/><D120/><U21/><E98/><V126/><F97/><W108/><G108/><T127/><D127/><U50/><E50/><V7/><F126/><W22/><AGARI ba="0,2" hai="15,16,22,46,47,57,62,67,77,78,79,82,86,88" machi="22" ten="30,12000,1" yaku="1,1,0,1,8,1,54,2,53,0" doraHai="37" doraHaiUra="20" who="3" fromWho="3" sc="116,-40,203,-40,285,-40,376,140" /><INIT seed="3,1,0,5,0,10" ten="76,163,245,516" oya="3" hai0="4,107,52,92,102,128,8,77,54,27,117,71,2" hai1="89,97,76,29,115,120,110,33,43,85,49,47,83" hai2="125,1,32,131,123,64,108,3,57,88,112,60,12" hai3="91,46,68,44,41,103,94,126,22,39,66,132,40"/><W69/><G126/><T15/><D117/><U28/><E115/><V93/><F32/><W124/><G132/><T80/><D71/><U78/><E120/><V17/><F112/><W23/><G124/><T56/><D128/><U38/><E110/><V65/><F108/><W116/><G103/><T63/><D107/><U45/><E33/><V95/><F123/><W34/><G34/><T25/><D2/><U101/><E78/><V36/><F36/><W86/><G116/><T105/><D105/><U79/><E79/><V90/><F131/><W130/><G130/><T20/><D102/><U129/><E129/><V18/><F125/><W50/><REACH who="3" step="1"/><G66/><REACH who="3" ten="76,163,245,506" step="2"/><T5/><D92/><U24/><E101/><V13/><F65/><W21/><AGARI ba="1,1" hai="21,22,23,39,40,41,44,46,50,68,69,86,91,94" machi="21" ten="30,6000,0" yaku="1,1,2,1,0,1,53,0" doraHai="10" doraHaiUra="14" who="3" fromWho="3" sc="76,-21,163,-21,245,-21,506,73" /><INIT seed="3,2,0,3,2,114" ten="55,142,224,579" oya="3" hai0="72,60,59,111,27,0,43,117,132,7,51,103,22" hai1="105,108,86,91,83,2,3,100,101,6,9,130,63" hai2="96,134,48,33,38,106,1,115,77,129,109,118,67" hai3="5,123,116,107,75,87,25,128,53,55,97,28,41"/><W62/><G75/><T119/><D72/><U66/><E108/><V131/><RYUUKYOKU type="yao9" ba="2,0" sc="55,0,142,0,224,0,579,0" hai2="1,33,38,48,67,77,96,106,109,115,118,129,131,134" /><INIT seed="3,3,0,1,0,105" ten="55,142,224,579" oya="3" hai0="13,92,97,103,40,72,114,69,68,2,111,62,93" hai1="32,56,74,98,57,25,45,11,14,64,35,102,60" hai2="47,123,22,118,54,66,80,81,75,109,48,29,0" hai3="78,115,116,58,1,63,91,16,130,27,23,100,112"/><W19/><G116/><T3/><D40/><U28/><E45/><V124/><F0/><W106/><G1/><T77/><D111/><U55/><E32/><V10/><F10/><W120/><G120/><T26/><D114/><U104/><E74/><V94/><F75/><W128/><G78/><T5/><D2/><U31/><E31/><V101/><F124/><W39/><G39/><T9/><D26/><U17/><REACH who="1" step="1"/><E55/><REACH who="1" ten="55,132,224,579" step="2"/><N who="2" m="30111" /><F29/><W79/><G115/><T36/><D36/><U67/><E67/><V70/><F54/><W127/><G112/><T134/><D134/><U121/><E121/><V65/><F66/><W43/><G127/><T108/><D108/><U20/><E20/><V42/><F22/><W34/><G23/><T131/><D131/><U33/><E33/><V110/><F65/><W76/><G34/><T86/><D72/><U59/><AGARI ba="3,1" hai="11,14,17,25,28,35,56,57,59,60,64,98,102,104" machi="59" ten="20,2700,0" yaku="1,1,0,1,7,1,53,0" doraHai="105" doraHaiUra="41" who="1" fromWho="1" sc="55,-10,132,46,224,-10,579,-16" /><INIT seed="4,0,0,0,3,106" ten="45,178,214,563" oya="0" hai0="41,6,55,73,88,47,59,110,31,14,131,7,89" hai1="12,96,72,67,23,124,40,68,52,81,53,112,116" hai2="134,66,19,117,118,44,76,0,122,43,123,1,109" hai3="121,107,132,61,17,30,114,2,69,56,90,104,87"/><T27/><D131/><U78/><E116/><N who="2" m="44651" /><F134/><W33/><G2/><N who="2" m="1129" /><F109/><W58/><G30/><T98/><D110/><U130/><E130/><V11/><F66/><W119/><G90/><T29/><D73/><U97/><E124/><V102/><F102/><W36/><G87/><T80/><D80/><U49/><E112/><V25/><F76/><W46/><G58/><T128/><D128/><U79/><E79/><V54/><F54/><W105/><G56/><T103/><D14/><U92/><E40/><V38/><F25/><W65/><G65/><T48/><D7/><U63/><E92/><V4/><F19/><W60/><G17/><T62/><D6/><U15/><E53/><V16/><F16/><W83/><G107/><T93/><REACH who="0" step="1"/><D31/><REACH who="0" ten="35,178,214,563" step="2"/><U50/><E12/><AGARI ba="0,1" hai="4,11,12,38,43,44,122,123" m="1129,44651" machi="12" ten="30,1000,0" yaku="12,1" doraHai="106" who="2" fromWho="1" sc="35,0,178,-10,214,20,563,0" /><INIT seed="5,0,0,2,2,58" ten="35,168,234,563" oya="1" hai0="120,48,114,111,28,43,0,133,4,27,20,83,99" hai1="63,130,108,39,67,61,127,117,105,1,66,72,98" hai2="56,47,103,110,129,57,88,50,81,73,34,59,128" hai3="7,92,36,60,80,101,8,77,85,52,49,32,125"/><U37/><E1/><V44/><F110/><W68/><G32/><T104/><D111/><U76/><E108/><V124/><F124/><W97/><G36/><T16/><D104/><U74/><E127/><V17/><F34/><W132/><G132/><T45/><D99/><U53/><E53/><V109/><F103/><W30/><G30/><T71/><D71/><N who="1" m="42447" /><E130/><N who="2" m="50283" /><F109/><W95/><G125/><T42/><D133/><U106/><E117/><V115/><F50/><W131/><G131/><T22/><D120/><U54/><E54/><V93/><F17/><W87/><G60/><T9/><D83/><N who="1" m="45447" /><E98/><V116/><F116/><W19/><G52/><T11/><D11/><U14/><E14/><V94/><F57/><W29/><G8/><T3/><D114/><U70/><E74/><V119/><F73/><W86/><G87/><T62/><D43/><U10/><E10/><V82/><F119/><W55/><G86/><T78/><D78/><U122/><E122/><V69/><F82/><W25/><G85/><T26/><REACH who="0" step="1"/><D62/><REACH who="0" ten="25,168,234,563" step="2"/><U135/><E135/><V13/><F81/><W5/><G97/><T112/><D112/><U35/><E35/><V102/><F115/><W31/><G80/><T123/><D123/><U118/><E118/><V15/><F94/><W33/><G95/><T91/><D91/><U89/><E89/><V84/><F88/><W107/><G92/><T6/><D6/><U121/><E121/><V75/><F93/><W41/><G7/><T126/><D126/><U40/><E40/><V64/><F75/><W23/><G5/><T90/><D90/><U38/><AGARI ba="0,1" hai="37,38,39,63,67,70,105,106" m="45447,42447" machi="38" ten="30,12000,1" yaku="5,1,33,2,52,2" doraHai="58" who="1" fromWho="1" sc="25,-40,168,130,234,-40,563,-40" owari="-15,-52.0,298,10.0,194,-21.0,523,63.0" /></mjloggm>