<mjloggm ver="2.3"><GO type="97" lobby="0"/><UN n0="%6E%61%6E%6F%64%61" n1="%E3%82%A6%E3%83%AB%E3%83%88%E3%83%A9%E7%AB%8B%E7%9B%B4" n2="%E3%81%BC%E3%81%A3%E3%81%A1%EF%BC%81" n3="%E3%83%91%E3%83%B3%E3%83%80%E7%B5%84" dan="14,15,14,14" rate="1922.59,2004.54,1927.26,2056.17" sx="M,M,F,F"/><TAIKYOKU oya="0"/><INIT seed="0,0,0,2,4,32" ten="250,250,250,250" oya="0" hai0="23,117,14,45,85,84,74,15,12,115,28,17,92" hai1="2,110,99,41,63,96,101,49,61,67,114,55,64" hai2="16,5,91,21,40,75,135,108,126,37,57,0,56" hai3="89,95,103,65,128,77,24,8,54,10,127,68,71"/><T20/><D115/><U78/><E41/><V122/><F122/><W79/><G103/><T70/><D117/><U3/><E78/><V42/><F75/><W26/><G128/><T102/><D70/><U72/><E72/><V109/><F135/><W58/><G65/><T113/><D113/><U33/><E33/><V39/><F126/><W81/><G68/><T52/><D74/><U88/><E114/><V97/><F40/><W121/><G71/><T25/><D102/><U48/><E101/><V69/><F69/><W107/><G107/><T43/><D85/><U98/><E110/><N who="2" m="42603" /><F5/><W106/><G106/><T11/><D11/><N who="3" m="4137" /><G127/><T38/><D84/><U125/><E125/><V46/><F0/><N who="1" m="41" /><E88/><V93/><F39/><W36/><G36/><T76/><D92/><U112/><E112/><V123/><F123/><W50/><G121/><T90/><D90/><U129/><E55/><V9/><F9/><W29/><G81/><T73/><REACH who="0" step="1"/><D52/><REACH who="0" ten="240,250,250,250" step="2"/><U59/><E59/><V7/><F7/><W86/><G77/><T51/><D51/><N who="1" m="19531" /><E129/><V62/><F62/><AGARI ba="0,1" hai="61,62,63,64,67,96,98,99" m="19531,41" machi="62" ten="40,8000,1" yaku="28,2,52,3" doraHai="32" who="1" fromWho="2" sc="240,0,250,90,250,-80,250,0" /><INIT seed="1,0,0,0,5,30" ten="240,340,170,250" oya="1" hai0="88,18,6,98,120,125,67,43,66,21,105,75,83" hai1="93,85,101,49,4,32,3,29,25,1,96,69,36" hai2="10,7,47,91,92,128,41,64,114,33,82,103,68" hai3="74,19,44,2,14,97,104,94,61,15,9,107,126"/><U132/><E36/><V111/><F33/><W99/><G74/><T86/><D125/><U38/><E38/><V102/><F114/><W16/><G2/><T37/><D120/><U76/><E132/><V23/><F82/><W27/><G126/><T95/><D6/><U42/><E69/><V79/><F79/><W117/><G117/><T119/><D119/><U78/><E4/><V135/><F135/><W8/><G44/><T100/><D43/><U121/><E121/><V5/><F23/><W70/><G61/><T80/><D37/><U65/><E65/><V13/><F7/><W106/><G70/><T60/><D75/><U28/><E28/><V26/><F26/><W127/><G127/><T63/><D60/><U52/><E42/><V22/><F22/><W116/><G116/><T118/><D118/><U87/><E1/><V131/><F64/><W89/><REACH who="3" step="1"/><G27/><REACH who="3" ten="240,340,170,240" step="2"/><T46/><D46/><U34/><E3/><V35/><F68/><W40/><G40/><T77/><D63/><U31/><E25/><V115/><F115/><W50/><G50/><T45/><D45/><U39/><E49/><V11/><F47/><W123/><G123/><T110/><D110/><U24/><E24/><V0/><F41/><W71/><G71/><T109/><D109/><U81/><E39/><V112/><F112/><W48/><G48/><T134/><D134/><U130/><E31/><V108/><F111/><W56/><G56/><T57/><D57/><U129/><E29/><V90/><F108/><W55/><G55/><T59/><D59/><U124/><E52/><V12/><F0/><RYUUKYOKU ba="0,1" sc="240,-10,340,-10,170,-10,240,30" hai3="8,9,14,15,16,19,89,94,97,99,104,106,107" /><INIT seed="2,1,1,2,0,90" ten="230,330,160,270" oya="2" hai0="91,49,75,52,74,121,38,3,22,93,35,32,9" hai1="70,48,39,10,54,65,118,71,41,100,105,12,11" hai2="73,125,83,18,55,123,92,14,8,131,26,42,1" hai3="66,108,51,79,56,88,130,132,109,82,16,23,7"/><V78/><F123/><W47/><G7/><T21/><D121/><U120/><E118/><V87/><F131/><W103/><G79/><T62/><D38/><U37/><E100/><V34/><F42/><W0/><G0/><T61/><D74/><U112/><E105/><V119/><F119/><W30/><G30/><T44/><D75/><U4/><E112/><V135/><F1/><W89/><G130/><T110/><D32/><U96/><E96/><V46/><F135/><W6/><G6/><T28/><D35/><U50/><E65/><V115/><F115/><W133/><G103/><T94/><D110/><N who="3" m="42601" /><G56/><T24/><D3/><U81/><E4/><V64/><F64/><W13/><G66/><T60/><D9/><U85/><E11/><V113/><F125/><W127/><G127/><T17/><D91/><N who="3" m="34889" /><G82/><T107/><D107/><U114/><E81/><V117/><F113/><W25/><G25/><AGARI ba="1,1" hai="17,21,22,24,25,28,44,49,52,60,61,62,93,94" machi="25" ten="40,8000,1" yaku="8,1,52,2,54,1" doraHai="90" who="0" fromWho="3" sc="230,93,330,0,160,0,270,-83" /><INIT seed="3,0,0,0,1,132" ten="323,330,160,187" oya="3" hai0="110,13,120,34,29,130,41,64,83,26,36,8,38" hai1="101,113,127,134,129,37,23,14,116,39,52,92,99" hai2="121,87,114,22,28,85,62,24,17,91,2,70,78" hai3="12,9,104,135,10,47,21,94,103,115,75,25,107"/><W67/><G115/><T69/><D120/><U18/><E113/><V117/><F114/><W90/><G75/><T44/><D110/><U131/><E134/><V76/><F117/><W6/><G135/><T77/><D130/><N who="1" m="49675" /><E116/><V16/><F2/><W81/><G103/><T89/><D89/><U100/><E127/><V109/><F121/><W7/><G67/><T119/><D119/><U15/><E100/><V108/><F70/><W124/><G81/><T4/><D64/><U72/><E72/><V46/><F46/><W51/><G124/><T49/><D69/><U123/><E123/><V50/><F50/><W59/><G59/><T53/><D53/><U19/><E52/><V122/><F122/><W30/><G51/><T43/><D43/><U71/><E71/><V133/><F133/><W65/><G65/><T61/><D61/><U102/><E102/><V96/><F96/><W97/><G47/><T56/><D56/><U5/><E5/><V68/><F68/><W55/><REACH who="3" step="1"/><G55/><REACH who="3" ten="323,330,160,177" step="2"/><T112/><D112/><U82/><E82/><N who="2" m="49591" /><F62/><W40/><G40/><T54/><D54/><U73/><E73/><AGARI ba="0,1" hai="4,8,13,26,29,34,36,38,41,44,49,73,77,83" machi="73" ten="30,1000,0" yaku="7,1" doraHai="132" who="0" fromWho="1" sc="323,20,330,-10,160,0,177,0" owari="343,44.0,320,12.0,160,-34.0,177,-22.0" /></mjloggm>