<mjloggm ver="2.3"><GO type="97" lobby="0"/><UN n0="%E3%83%9C%E3%82%B9%E3%82%B3%E3%83%95" n1="%E3%81%B5%E3%83%BC%E7%88%BA" n2="%72%61%72%66%69%6C%65" n3="%E3%82%A6%E3%83%AB%E3%83%88%E3%83%A9%E7%AB%8B%E7%9B%B4" dan="13,14,14,15" rate="1890.05,1940.56,1980.21,2000.97" sx="M,M,M,M"/><TAIKYOKU oya="0"/><INIT seed="0,0,0,4,2,33" ten="250,250,250,250" oya="0" hai0="45,98,90,28,106,8,96,38,125,30,131,105,16" hai1="25,26,44,80,112,51,71,22,113,97,39,122,115" hai2="0,34,82,29,132,52,85,27,13,118,14,54,135" hai3="95,12,47,4,83,18,126,92,41,15,88,110,40"/><T93/><D131/><U7/><E122/><V64/><F0/><W102/><G126/><T58/><D125/><U63/><E39/><V48/><F64/><W62/><G110/><T111/><D111/><U2/><E97/><V5/><F118/><W86/><G62/><T117/><D117/><U57/><E71/><V103/><F103/><W127/><G127/><T31/><D98/><U11/><E80/><V50/><F5/><W65/><G65/><T55/><D38/><U124/><E124/><V66/><F66/><W49/><G41/><T87/><D45/><U114/><N who="1" m="29184" /><DORA hai="67" /><U10/><E10/><V121/><F121/><W99/><G4/><T60/><REACH who="0" step="1"/><D96/><REACH who="0" ten="240,250,250,250" step="2"/><U42/><REACH who="1" step="1"/><E22/><REACH who="1" ten="240,240,250,250" step="2"/><V72/><F72/><W128/><G128/><T75/><D75/><U21/><E21/><V116/><F116/><W19/><G99/><T74/><D74/><U129/><E129/><V24/><F34/><W23/><G102/><T43/><D43/><U68/><E68/><V133/><F133/><W70/><G70/><T73/><D73/><U130/><E130/><V107/><F132/><W94/><G23/><T56/><D56/><U9/><E9/><V59/><F135/><W3/><G40/><T61/><D61/><U36/><E36/><V134/><F59/><W32/><G47/><T69/><D69/><U100/><E100/><V1/><F134/><W119/><G119/><T76/><D76/><U91/><E91/><V108/><F108/><W77/><G32/><T120/><D120/><U17/><E17/><V78/><F78/><W6/><G77/><T123/><D123/><RYUUKYOKU ba="0,2" sc="240,15,240,15,250,-15,250,-15" hai0="8,16,28,30,31,55,58,60,87,90,93,105,106" hai1="2,7,11,25,26,42,44,51,57,63" /><INIT seed="0,1,2,3,4,85" ten="255,255,235,235" oya="0" hai0="22,50,4,45,33,25,34,109,0,56,19,10,77" hai1="101,104,111,94,76,51,55,105,83,1,39,48,99" hai2="124,37,90,40,75,119,58,28,108,113,68,52,81" hai3="42,8,63,116,115,64,54,2,78,59,93,127,128"/><T121/><D121/><U134/><E39/><V70/><F113/><W131/><G115/><T92/><D109/><U118/><E118/><V26/><F108/><W14/><G116/><T110/><D110/><U65/><E111/><V89/><F119/><W6/><G42/><T130/><D130/><N who="3" m="49705" /><G127/><T62/><D77/><U98/><E1/><V107/><F107/><W80/><G93/><T122/><D122/><U38/><E38/><V129/><F124/><W95/><G95/><T125/><D125/><U5/><E134/><V16/><F16/><W60/><G2/><T7/><D7/><U27/><E65/><V47/><F129/><W103/><G103/><T46/><D92/><U9/><E27/><V53/><F53/><W17/><G6/><T84/><D84/><U61/><E61/><V35/><F75/><N who="3" m="43103" /><G63/><T23/><D23/><U30/><E30/><V117/><F117/><W44/><G44/><T133/><D133/><U112/><E112/><V123/><F123/><W96/><G96/><T114/><D114/><U87/><E55/><AGARI ba="1,2" hai="8,14,17,54,55,59,60,64" m="43103,49705" machi="55" ten="30,1000,0" yaku="19,1" doraHai="85" who="3" fromWho="1" sc="255,0,255,-13,235,0,235,33" /><INIT seed="1,0,0,4,0,22" ten="255,242,235,268" oya="1" hai0="11,129,34,103,20,15,90,58,47,123,134,66,42" hai1="132,59,106,71,1,97,61,25,46,77,4,3,96" hai2="110,111,93,21,104,94,60,64,84,108,121,80,86" hai3="17,40,92,120,44,128,100,74,79,18,131,41,32"/><U72/><E71/><V101/><F121/><W0/><G0/><T112/><D112/><U29/><E132/><V76/><F21/><W109/><G32/><T127/><D34/><U122/><E122/><V26/><F26/><W7/><G7/><T37/><D123/><U133/><E133/><V36/><F36/><W99/><G120/><T51/><D134/><U130/><E130/><N who="3" m="49706" /><G41/><T69/><D129/><U39/><E72/><V107/><F60/><W53/><G53/><N who="0" m="32063" /><D103/><U73/><E73/><V10/><F10/><W8/><G8/><T31/><D20/><U30/><E77/><V5/><F64/><W67/><G67/><T98/><D31/><U82/><E82/><V83/><F5/><W62/><G62/><N who="0" m="40151" /><D90/><U48/><E30/><V115/><F115/><W35/><G35/><T27/><D98/><U91/><E4/><V113/><F113/><W43/><G43/><T49/><D49/><U135/><E135/><V24/><F24/><W56/><G17/><N who="0" m="8447" /><D27/><U88/><E39/><V50/><F50/><N who="3" m="26887" /><G18/><T78/><D78/><U54/><E3/><V85/><F76/><W87/><G56/><T114/><D114/><U65/><E1/><V2/><F2/><W38/><G38/><T52/><D52/><U126/><E29/><V16/><F16/><W70/><G70/><T23/><D23/><U12/><E54/><V75/><F75/><W119/><G74/><T116/><D116/><U95/><E91/><V63/><F63/><W105/><G119/><T117/><D117/><U45/><E61/><V124/><F101/><W14/><G100/><T89/><D89/><RYUUKYOKU ba="0,0" sc="255,30,242,-10,235,-10,268,-10" hai0="37,42,47,127" /><INIT seed="2,1,0,0,5,56" ten="285,232,225,258" oya="2" hai0="72,65,134,36,68,32,38,124,46,82,87,37,66" hai1="101,130,116,117,6,127,74,24,112,44,2,110,106" hai2="61,88,80,10,69,1,119,114,86,43,84,83,31" hai3="71,26,25,58,94,9,29,81,95,93,89,78,42"/><V100/><F43/><W107/><G71/><T14/><D72/><U115/><E74/><V52/><F100/><W103/><G25/><T34/><D134/><U47/><E110/><V40/><F40/><W90/><G42/><T63/><D66/><U111/><E111/><V18/><F31/><W118/><G118/><T131/><D131/><U102/><E130/><V76/><F119/><W108/><G108/><T11/><D124/><U8/><E127/><V120/><F114/><W109/><G109/><T16/><REACH who="0" step="1"/><D46/><REACH who="0" ten="275,232,225,258" step="2"/><U15/><E47/><V135/><F135/><W96/><G58/><T49/><D49/><U92/><E44/><V122/><F69/><W126/><G126/><T22/><D22/><U98/><E117/><V19/><F122/><W48/><G48/><T39/><N who="0" m="9728" /><DORA hai="21" /><T121/><D121/><U35/><E116/><V73/><F120/><W97/><G9/><T133/><D133/><U85/><E115/><V113/><F113/><W67/><G67/><T3/><D3/><U105/><E2/><V104/><F104/><W79/><G107/><T64/><D64/><U33/><E112/><V12/><F1/><W57/><G57/><T125/><D125/><U60/><E106/><V132/><F73/><W54/><G96/><T5/><D5/><U28/><E105/><V91/><F132/><W17/><G97/><T0/><D0/><U55/><E98/><V13/><F76/><AGARI ba="1,1" hai="11,14,16,32,34,63,65,68,76,82,87" m="9728" machi="76" ten="70,8000,1" yaku="1,1,52,1,54,1,53,0" doraHai="56,21" doraHaiUra="123,27" who="0" fromWho="2" sc="275,93,232,0,225,-83,258,0" /><INIT seed="3,0,0,5,0,89" ten="368,232,142,258" oya="3" hai0="27,71,107,43,30,86,42,53,97,6,117,129,33" hai1="57,76,82,104,26,18,111,55,5,115,9,116,85" hai2="110,100,52,35,44,77,17,20,64,95,28,106,1" hai3="124,133,131,65,112,75,39,47,40,94,61,25,11"/><W128/><G75/><T121/><D117/><U123/><E123/><V102/><F1/><W132/><G112/><T4/><D121/><U83/><E115/><V92/><F77/><W119/><G25/><T54/><D71/><U15/><E116/><V87/><F64/><W51/><G11/><T135/><D135/><N who="3" m="51785" /><G119/><T13/><D129/><N who="3" m="49737" /><G94/><T3/><D3/><U126/><E104/><V46/><F106/><W108/><G108/><T70/><D107/><U67/><E111/><V81/><F28/><W0/><G0/><T21/><D27/><U68/><E26/><V74/><F35/><W134/><G134/><T59/><D30/><U16/><E9/><V99/><F74/><W63/><G124/><T60/><D33/><U88/><E126/><V32/><F32/><W73/><G73/><T24/><D24/><U130/><E130/><V50/><F110/><W84/><G84/><T12/><D12/><U34/><E34/><V103/><F95/><W48/><G63/><T91/><D86/><U49/><E5/><V93/><F99/><W80/><G80/><T105/><D6/><U22/><E18/><V118/><F118/><W8/><G8/><T122/><D4/><U37/><E82/><V19/><F19/><W78/><G78/><T120/><D122/><U38/><E76/><N who="2" m="46503" /><F46/><W62/><G62/><T90/><D60/><U58/><E68/><AGARI ba="0,0" hai="39,40,47,48,51,61,65,68" m="49737,51785" machi="68" ten="30,11600,0" yaku="20,1,19,1,34,2" doraHai="89" who="3" fromWho="1" sc="368,0,232,-116,142,0,258,116" owari="368,17.0,116,-38.0,142,-26.0,374,47.0" /></mjloggm>