<mjloggm ver="2.3"><GO type="97" lobby="0"/><UN n0="%74%61%6B%65%63%63%63" n1="%E3%82%B7%E3%83%B3%E3%83%87%E3%83%AB%E3%83%A9" n2="%E3%82%A6%E3%83%AB%E3%83%88%E3%83%A9%E7%AB%8B%E7%9B%B4" n3="%E6%B0%97%E3%83%AC%E3%83%B3%E3%82%B8%E3%83%A3%E3%83%BC" dan="15,13,15,15" rate="2054.16,1951.68,2018.22,1964.97" sx="M,M,M,M"/><TAIKYOKU oya="0"/><INIT seed="0,0,0,0,1,42" ten="250,250,250,250" oya="0" hai0="37,44,2,58,25,66,40,99,15,24,127,23,41" hai1="61,106,51,135,14,16,63,64,102,72,33,131,32" hai2="54,65,118,29,80,98,90,17,62,78,94,13,5" hai3="132,12,60,57,52,91,68,116,49,3,18,1,97"/><T104/><D2/><U75/><E135/><V84/><F118/><W9/><G116/><T128/><D127/><U7/><E131/><V19/><F29/><W103/><G132/><T115/><D115/><U56/><E7/><V35/><F35/><W71/><G91/><T46/><D128/><U125/><E125/><V4/><F54/><W123/><G123/><T129/><D129/><U27/><E51/><V88/><F78/><W114/><G114/><T120/><D120/><U70/><E102/><V87/><F98/><W6/><G60/><T124/><D124/><U86/><E86/><V31/><F31/><W130/><G130/><T122/><D122/><U43/><E43/><V89/><F89/><W101/><G1/><T47/><D104/><U109/><E109/><V83/><F94/><W112/><G112/><T8/><D99/><U107/><E107/><V121/><F121/><W73/><G73/><T11/><D37/><U111/><E111/><V85/><F85/><W74/><G74/><T77/><D77/><U55/><E106/><V93/><F93/><W39/><G39/><T95/><D95/><U117/><E117/><V108/><F108/><W48/><G101/><T119/><D119/><U133/><E133/><V92/><F92/><N who="3" m="58791" /><G49/><T21/><D40/><U10/><E32/><V82/><F82/><W36/><G36/><T20/><D41/><U113/><E113/><V22/><F17/><W34/><G34/><T105/><D105/><U26/><E33/><V69/><AGARI ba="0,0" hai="4,5,13,19,22,62,65,69,80,83,84,87,88,90" machi="69" ten="20,5200,0" yaku="0,1,7,1,9,1,54,1" doraHai="42" who="2" fromWho="2" sc="250,-26,250,-13,250,52,250,-13" /><INIT seed="1,0,0,2,4,65" ten="224,237,302,237" oya="1" hai0="87,121,2,29,17,51,90,19,46,30,27,54,120" hai1="135,21,88,56,49,37,86,109,1,95,129,58,108" hai2="111,73,83,114,124,96,85,128,116,125,98,75,53" hai3="70,57,89,131,10,38,113,134,41,80,32,112,103"/><U72/><E135/><V7/><F7/><W133/><G32/><T36/><D36/><U11/><E129/><V33/><F53/><W67/><G131/><T34/><D30/><U93/><E37/><V132/><F33/><W130/><G130/><T127/><D127/><N who="2" m="48714" /><F128/><W119/><G119/><T81/><REACH who="0" step="1"/><D2/><REACH who="0" ten="214,237,302,237" step="2"/><U4/><E72/><V13/><F73/><W76/><G38/><T122/><AGARI ba="0,1" hai="17,19,27,29,34,46,51,54,81,87,90,120,121,122" machi="122" ten="30,12000,2" yaku="1,1,2,1,0,1,13,1,53,2" doraHai="65" doraHaiUra="12" who="0" fromWho="0" sc="214,130,237,-60,302,-30,237,-30" /><INIT seed="2,0,0,2,4,124" ten="344,177,272,207" oya="2" hai0="52,39,30,104,73,4,17,31,114,74,0,49,121" hai1="51,14,98,131,116,94,62,47,44,120,24,111,45" hai2="130,27,56,10,126,122,84,70,38,108,57,8,103" hai3="21,129,88,82,106,11,68,134,90,43,75,112,15"/><V25/><F103/><W16/><G106/><T86/><D39/><U100/><E116/><V107/><F107/><W7/><G68/><T40/><D40/><U81/><E111/><V37/><F84/><W71/><G71/><T96/><D121/><U66/><E120/><V93/><F93/><W99/><G134/><T19/><D114/><U22/><E131/><V23/><F70/><W76/><G112/><T80/><D4/><U135/><E135/><V20/><F122/><W48/><G99/><T59/><D0/><U60/><E14/><V118/><F118/><W133/><G133/><T69/><D74/><U83/><E51/><V101/><F101/><W35/><G35/><T97/><D73/><U29/><REACH who="1" step="1"/><E60/><REACH who="1" ten="344,167,272,207" step="2"/><V64/><F108/><W53/><G129/><T18/><D104/><U77/><E77/><V89/><F130/><W50/><G50/><T12/><D12/><U61/><E61/><V26/><F38/><W41/><G76/><T33/><D49/><U32/><E32/><V127/><F37/><W34/><G34/><T9/><D33/><U85/><E85/><V92/><F126/><W65/><G48/><T28/><D86/><U58/><AGARI ba="0,1" hai="22,24,29,44,45,47,58,62,66,81,83,94,98,100" machi="58" ten="30,8000,1" yaku="1,1,0,1,25,2,8,1,53,0" doraHai="124" doraHaiUra="132" who="1" fromWho="1" sc="344,-20,167,90,272,-40,207,-20" /><INIT seed="3,0,0,3,5,32" ten="324,257,232,187" oya="3" hai0="83,25,63,23,59,21,17,117,43,101,77,90,75" hai1="55,20,44,110,122,106,69,31,40,124,62,3,86" hai2="33,26,54,96,35,111,104,48,4,45,56,109,92" hai3="95,46,9,126,14,119,128,68,24,98,116,132,130"/><W74/><G74/><T123/><D117/><U7/><E110/><N who="2" m="41995" /><F104/><W105/><G105/><T67/><D123/><U112/><E124/><V131/><F26/><W129/><G126/><T80/><D43/><U1/><E112/><V87/><F87/><W12/><G132/><T51/><D101/><U94/><E122/><V81/><F81/><W89/><G68/><T66/><D51/><U30/><E106/><V115/><F115/><W38/><G24/><T5/><D5/><U82/><E94/><V52/><F4/><N who="3" m="3111" /><G14/><T60/><D23/><U8/><E20/><V18/><F18/><W53/><G53/><T57/><D80/><U37/><E1/><V22/><F22/><W65/><G65/><T49/><D49/><U91/><E55/><V0/><F0/><W99/><G99/><T121/><D121/><U76/><E76/><V39/><F131/><N who="3" m="33539" /><W13/><DORA hai="28" /><G13/><T10/><D10/><U64/><AGARI ba="0,0" hai="3,7,8,30,31,37,40,44,62,64,69,82,86,91" machi="64" ten="30,2000,0" yaku="0,1,52,1" doraHai="32,28" who="1" fromWho="1" sc="324,-5,257,20,232,-5,187,-10" owari="319,41.0,277,8.0,227,-17.0,177,-32.0" /></mjloggm>