<mjloggm ver="2.3"><GO type="41" lobby="0"/><UN n0="%E3%83%9F%E3%83%AB%E3%83%9F%E3%83%AB" n1="%E6%9F%B3%E6%87%8B" n2="%6D%7A%62%74" n3="%E3%82%A6%E3%83%AB%E3%83%88%E3%83%A9%E7%AB%8B%E7%9B%B4" dan="14,13,13,16" rate="1889.42,1826.20,1800.12,2073.34" sx="M,M,M,M"/><TAIKYOKU oya="0"/><INIT seed="0,0,0,1,4,25" ten="250,250,250,250" oya="0" hai0="129,106,63,80,126,49,78,28,55,65,16,29,3" hai1="58,113,98,50,30,51,4,111,133,5,26,96,88" hai2="76,83,89,130,6,97,132,11,22,94,116,86,71" hai3="134,125,7,99,47,135,21,124,74,46,38,69,119"/><T0/><D106/><U95/><E111/><V1/><F71/><W35/><G7/><T66/><D126/><U100/><E133/><V120/><F120/><W81/><G21/><T131/><D16/><U40/><E113/><V41/><F132/><W72/><G99/><T92/><D92/><U102/><E102/><V57/><F130/><N who="0" m="49674" /><D63/><U64/><E40/><V108/><F108/><W2/><G81/><T93/><D93/><U54/><E51/><V19/><F116/><W85/><G119/><T17/><D17/><U36/><E64/><N who="0" m="24681" /><D3/><U53/><E54/><V48/><F41/><W82/><G2/><T115/><D0/><U44/><E44/><V104/><F104/><W62/><G47/><N who="0" m="28095" /><D115/><U107/><REACH who="1" step="1"/><E36/><REACH who="1" ten="250,240,250,250" step="2"/><V33/><F48/><W118/><G38/><T14/><D14/><U59/><E59/><V37/><F57/><W84/><G135/><T45/><D45/><U27/><E27/><V10/><F37/><W122/><G46/><T109/><D109/><U8/><E8/><V60/><F11/><W114/><G114/><T121/><D121/><U31/><E31/><V128/><F60/><W15/><G122/><T24/><D24/><U13/><E13/><V43/><F43/><W117/><G15/><T127/><D127/><U73/><E73/><AGARI ba="0,1" hai="28,29,73,78,80" m="28095,24681,49674" machi="73" ten="30,5800,0" yaku="19,1,52,2" doraHai="25" who="0" fromWho="1" sc="250,68,240,-58,250,0,250,0" /><INIT seed="0,1,0,2,3,11" ten="318,182,250,250" oya="0" hai0="90,132,39,119,64,86,52,135,44,14,13,82,107" hai1="61,116,0,79,98,23,87,110,103,73,85,45,91" hai2="15,89,70,47,66,127,97,40,55,17,100,115,62" hai3="53,29,27,24,16,128,83,26,59,37,109,7,113"/><T92/><D119/><U18/><E0/><V111/><F115/><W25/><G37/><T76/><D107/><U35/><E35/><V104/><F127/><W96/><G7/><T12/><D64/><U8/><E116/><V131/><F111/><W99/><G113/><T134/><D39/><U133/><E110/><V32/><F131/><W31/><G128/><T10/><D44/><U22/><E61/><V54/><F32/><W3/><G3/><T123/><D123/><U114/><E45/><V6/><F6/><W112/><G112/><T9/><REACH who="0" step="1"/><D52/><REACH who="0" ten="308,182,250,250" step="2"/><U81/><E114/><V129/><F129/><W94/><G53/><T67/><D67/><U80/><E133/><V72/><F72/><AGARI ba="1,1" hai="9,10,12,13,14,72,76,82,86,90,92,132,134,135" machi="72" ten="50,12000,1" yaku="1,1,20,1,52,3,53,0" doraHai="11" doraHaiUra="30" who="0" fromWho="2" sc="308,133,182,0,250,-123,250,0" /><INIT seed="0,2,0,5,0,61" ten="441,182,127,250" oya="0" hai0="127,41,76,84,93,125,77,108,87,4,122,132,103" hai1="9,44,75,133,24,123,121,57,35,15,81,74,49" hai2="27,48,25,78,1,67,126,19,98,2,97,100,111" hai3="80,31,21,37,54,8,90,131,92,94,72,38,115"/><T117/><D4/><U32/><E133/><V59/><F111/><W128/><G115/><T63/><D41/><U52/><E121/><V3/><F126/><N who="0" m="48138" /><D63/><U109/><E109/><V69/><F69/><W66/><G92/><T135/><D108/><U113/><E113/><V28/><F78/><N who="0" m="30314" /><D122/><U118/><E118/><V112/><F112/><W43/><G43/><T134/><D117/><U42/><E81/><V119/><F119/><W129/><G80/><T34/><D34/><U14/><E123/><V11/><F11/><W99/><G54/><T101/><D93/><U23/><E32/><V45/><F19/><W18/><G8/><T20/><D20/><U89/><E35/><V104/><F97/><W10/><G99/><T51/><D51/><U50/><E15/><V17/><F17/><W106/><G21/><T83/><D83/><U65/><E65/><V58/><F28/><W13/><G66/><T12/><D12/><U102/><E14/><V56/><REACH who="2" step="1"/><F67/><REACH who="2" ten="441,182,117,250" step="2"/><W70/><G31/><T16/><D16/><U110/><E9/><V6/><F6/><W64/><G64/><T26/><D26/><U79/><E110/><V71/><F71/><W124/><G70/><T5/><D5/><U7/><E7/><V53/><AGARI ba="2,1" hai="1,2,3,25,27,45,48,53,56,58,59,98,100,104" machi="53" ten="40,2700,0" yaku="1,1,0,1,53,0" doraHai="61" doraHaiUra="30" who="2" fromWho="2" sc="441,-15,182,-9,117,43,250,-9" /><INIT seed="1,0,0,3,0,57" ten="426,173,160,241" oya="1" hai0="66,32,118,91,87,71,82,92,4,56,131,46,133" hai1="107,109,11,114,22,130,126,122,1,123,86,17,101" hai2="26,96,40,116,120,104,14,90,111,41,52,112,36" hai3="54,80,51,8,65,34,75,29,43,135,48,124,2"/><U76/><E114/><V28/><F116/><W70/><G124/><T105/><D118/><U62/><E126/><V108/><F120/><W73/><G73/><T103/><D32/><U35/><E35/><V97/><F112/><W18/><G135/><T132/><D71/><U98/><E130/><V44/><F40/><W94/><G48/><T102/><D4/><U60/><E109/><N who="2" m="42059" /><F104/><W61/><G43/><T53/><D66/><U42/><E42/><V20/><F14/><W134/><G134/><N who="0" m="51819" /><D46/><U84/><E122/><V3/><F3/><W127/><G127/><T74/><D56/><U31/><E123/><V121/><F121/><W0/><G0/><T33/><D33/><U38/><E38/><V13/><F13/><W83/><G34/><T10/><D10/><U119/><E119/><V85/><F52/><W77/><G54/><T68/><D68/><U129/><E129/><V95/><AGARI ba="0,0" hai="20,26,28,36,41,44,85,90,95,96,97" m="42059" machi="95" ten="30,1100,0" yaku="14,1" doraHai="57" who="2" fromWho="2" sc="426,-3,173,-5,160,11,241,-3" /><INIT seed="2,0,0,1,1,55" ten="423,168,171,238" oya="2" hai0="94,58,104,110,111,40,5,43,2,107,130,32,108" hai1="92,60,61,46,36,22,100,30,8,1,14,52,37" hai2="56,114,18,41,49,34,101,89,42,106,45,10,23" hai3="12,70,3,47,84,72,120,126,80,53,113,59,63"/><V125/><F114/><W51/><G3/><T78/><D32/><U66/><E1/><V62/><F34/><W4/><G113/><T48/><D130/><U124/><E124/><V29/><F29/><W132/><G120/><T11/><D78/><U99/><E60/><V71/><F125/><W96/><G132/><T39/><D39/><U69/><E30/><V6/><F71/><W115/><G115/><T133/><D133/><U81/><E81/><V75/><F75/><W83/><G70/><T117/><D117/><U64/><E64/><V77/><F77/><W103/><G72/><T13/><D94/><U118/><E22/><V57/><F89/><W109/><G109/><T91/><D91/><U127/><E127/><V50/><F62/><W25/><G25/><T9/><D58/><U122/><E118/><V15/><F101/><W7/><G126/><T67/><D67/><U95/><E95/><V28/><F106/><N who="0" m="40490" /><D48/><U38/><E122/><V21/><F28/><W26/><G83/><T88/><D88/><U112/><E112/><V79/><F79/><W97/><G103/><T73/><D73/><U123/><E123/><V76/><F76/><N who="3" m="46087" /><G26/><T17/><AGARI ba="0,0" hai="2,5,9,11,13,17,40,43,108,110,111" m="40490" machi="17" ten="40,1500,0" yaku="14,1" doraHai="55" who="0" fromWho="0" sc="423,15,168,-4,171,-7,238,-4" /><INIT seed="3,0,0,1,5,111" ten="438,164,164,234" oya="3" hai0="135,13,104,94,45,120,14,53,115,121,80,130,72" hai1="23,30,22,73,103,127,95,7,76,97,85,46,44" hai2="34,51,3,29,109,86,84,10,33,9,6,16,55" hai3="52,56,15,69,128,59,67,89,17,68,78,102,1"/><W99/><G1/><T61/><D104/><U65/><E73/><V122/><F109/><W49/><G78/><T118/><D118/><U77/><E7/><V131/><F122/><W88/><G128/><T2/><D2/><U107/><E65/><V117/><F131/><W28/><G28/><T75/><D130/><U64/><E64/><V18/><F117/><W60/><G69/><T40/><D135/><U8/><E8/><V66/><F66/><W36/><G36/><T39/><D94/><U21/><E30/><V57/><F29/><W105/><REACH who="3" step="1"/><G68/><REACH who="3" ten="438,164,164,224" step="2"/><T27/><D121/><U79/><E127/><V12/><REACH who="2" step="1"/><F18/><REACH who="2" ten="438,164,154,224" step="2"/><W134/><G134/><T43/><D120/><U87/><REACH who="1" step="1"/><E107/><REACH who="1" ten="438,154,154,224" step="2"/><V116/><F116/><W101/><G101/><T98/><D39/><U19/><E19/><V48/><F48/><W83/><G83/><T5/><D80/><U71/><E71/><V125/><F125/><W100/><G100/><T113/><D75/><U41/><E41/><V126/><F126/><W38/><G38/><T119/><D72/><U81/><E81/><V63/><F63/><W92/><G92/><T133/><D43/><U25/><E25/><V114/><F114/><N who="0" m="43530" /><D133/><U74/><E74/><V54/><F54/><W91/><G91/><T70/><D119/><U4/><E4/><V24/><F24/><W50/><G50/><N who="0" m="26919" /><D27/><U82/><E82/><V32/><AGARI ba="0,3" hai="3,6,9,10,12,16,32,33,34,51,55,57,84,86" machi="32" ten="30,4000,0" yaku="1,1,0,1,54,1,53,0" doraHai="111" doraHaiUra="90" who="2" fromWho="2" sc="438,-10,154,-10,154,70,224,-20" /><INIT seed="4,0,0,3,2,9" ten="428,144,224,204" oya="0" hai0="17,53,30,92,109,128,55,121,60,33,19,45,119" hai1="21,20,78,123,118,1,66,104,22,4,6,132,11" hai2="15,103,50,126,125,12,83,72,115,41,90,77,36" hai3="84,61,10,7,100,47,32,99,101,124,135,86,117"/><T48/><D121/><U2/><E104/><V54/><F115/><W79/><G32/><T106/><D106/><U112/><E78/><V49/><F36/><W102/><G117/><T87/><D119/><U74/><E74/><V46/><F103/><W64/><G124/><N who="2" m="47721" /><F90/><W27/><G135/><T24/><D109/><U5/><E66/><V39/><F39/><W91/><G27/><T43/><D128/><U0/><E118/><V63/><F63/><W76/><G47/><AGARI ba="0,0" hai="12,15,41,46,47,49,50,54,72,77,83" m="47721" machi="47" ten="30,3900,0" yaku="18,1,52,2" doraHai="9" who="2" fromWho="3" sc="428,0,144,0,224,39,204,-39" /><INIT seed="5,0,0,3,3,6" ten="428,144,263,165" oya="1" hai0="43,118,62,65,75,78,115,19,4,10,15,67,98" hai1="123,52,68,57,135,96,101,91,39,120,1,18,113" hai2="36,12,61,51,54,49,66,82,28,72,97,89,106" hai3="111,114,59,56,0,99,11,55,50,13,133,80,95"/><U107/><E113/><V69/><F36/><W116/><G111/><T41/><D115/><U3/><E135/><V38/><F38/><W105/><G114/><T44/><D118/><U34/><E68/><V5/><F28/><W119/><G105/><T63/><D98/><U33/><E39/><V92/><F106/><W127/><G0/><T90/><D90/><U79/><E79/><V74/><F82/><W109/><G109/><T129/><D129/><U29/><E34/><V76/><F76/><W70/><G70/><T30/><D30/><U121/><E18/><V103/><F103/><W17/><G133/><T132/><D132/><U42/><E42/><V53/><F12/><W9/><G80/><T93/><D93/><U45/><E45/><V84/><F5/><W22/><G59/><T27/><D78/><U134/><E134/><V85/><F97/><W117/><G127/><T21/><D75/><U31/><E31/><V37/><F85/><W83/><G83/><T40/><D44/><U8/><E8/><V126/><F37/><W32/><G32/><T2/><D2/><U128/><E128/><V77/><F126/><W47/><G47/><T104/><D104/><U26/><REACH who="1" step="1"/><E91/><AGARI ba="0,0" hai="9,11,13,17,22,50,55,56,91,95,99,116,117,119" machi="91" ten="40,5200,0" yaku="12,1,52,2" doraHai="6" who="3" fromWho="1" sc="428,0,144,-52,263,0,165,52" /><INIT seed="6,0,0,5,0,79" ten="428,92,263,217" oya="2" hai0="2,35,74,83,102,19,82,116,108,123,39,1,95" hai1="70,112,132,126,114,118,76,20,0,98,10,86,100" hai2="56,30,13,115,127,122,11,4,42,130,52,99,90" hai3="25,91,68,101,109,32,37,113,96,46,73,131,133"/><V77/><F122/><W48/><G109/><T49/><D39/><U41/><E70/><V29/><F115/><W12/><G131/><T63/><D108/><U47/><E118/><V3/><F130/><W67/><G133/><T129/><D35/><U18/><E132/><V134/><F134/><W124/><G124/><T87/><D129/><U104/><E126/><V81/><F127/><W23/><G37/><T97/><D123/><U36/><E20/><V61/><F42/><W51/><G51/><T64/><D116/><U75/><E86/><N who="2" m="48431" /><F3/><W54/><G73/><T111/><D111/><U84/><E84/><V16/><F4/><W78/><G78/><T28/><D28/><U85/><E85/><V88/><F88/><W94/><G32/><T31/><D31/><U105/><E105/><V45/><F45/><W38/><G38/><T7/><D74/><U33/><E33/><V24/><F24/><W44/><G44/><T120/><D120/><U125/><E125/><V117/><F117/><W89/><G113/><T5/><D2/><U27/><E27/><V55/><F55/><W72/><G72/><T62/><D1/><U40/><E18/><V57/><F57/><W59/><G68/><T17/><D5/><U50/><E41/><V60/><F60/><N who="3" m="38303" /><G12/><T103/><D7/><N who="1" m="1383" /><E50/><V43/><F43/><W119/><G119/><T66/><D49/><U9/><E9/><V14/><F14/><W53/><G53/><T26/><D63/><U21/><E21/><V106/><F106/><W58/><G58/><T128/><D62/><U8/><E8/><V69/><F69/><RYUUKYOKU ba="0,0" sc="428,-30,92,10,263,10,217,10" hai1="36,40,47,75,76,98,100,104,112,114" hai2="11,13,16,29,30,52,56,61,90,99" hai3="23,25,46,48,54,89,91,94,96,101" /><INIT seed="6,1,0,2,4,7" ten="398,102,273,227" oya="2" hai0="63,83,115,100,4,69,38,93,43,19,29,58,52" hai1="125,126,42,70,112,120,21,54,82,103,10,72,101" hai2="121,44,73,86,56,98,36,78,133,127,64,50,17" hai3="53,66,90,88,122,131,8,79,74,95,89,75,25"/><V124/><F121/><W3/><G122/><T41/><D115/><U67/><E120/><V81/><F36/><W106/><G106/><T71/><D4/><U62/><E112/><V14/><F133/><W35/><G35/><T99/><D29/><U13/><E21/><N who="2" m="11447" /><F73/><W1/><G131/><T15/><D83/><U61/><E42/><N who="2" m="24855" /><F98/><W40/><G40/><T27/><D38/><U87/><E72/><V34/><F34/><W119/><G119/><T37/><D37/><U113/><E113/><V33/><F33/><W55/><G75/><T59/><D71/><U76/><E126/><N who="2" m="48171" /><F56/><W47/><G74/><T65/><D69/><U6/><E125/><V128/><F64/><W134/><G134/><T108/><D27/><U105/><E105/><V110/><F110/><W132/><G25/><T30/><D108/><U9/><E9/><V18/><F18/><W5/><G132/><T94/><D30/><U84/><REACH who="1" step="1"/><E84/><REACH who="1" ten="398,92,273,227" step="2"/><V24/><F24/><W130/><G8/><N who="0" m="6631" /><D93/><U91/><E91/><V57/><F57/><AGARI ba="1,1" hai="6,10,13,54,57,61,62,67,70,76,82,87,101,103" machi="57" ten="40,2600,0" yaku="1,1,52,1,53,0" doraHai="7" doraHaiUra="116" who="1" fromWho="2" sc="398,0,92,39,273,-29,227,0" /><INIT seed="7,0,0,4,0,66" ten="398,131,244,227" oya="3" hai0="74,131,83,37,112,120,32,81,35,40,50,119,69" hai1="63,16,102,75,48,39,54,88,24,110,3,10,91" hai2="67,90,100,80,58,46,31,109,87,125,77,61,124" hai3="104,7,2,68,12,84,72,42,8,132,101,107,34"/><W70/><G12/><T21/><D120/><U43/><E75/><N who="2" m="43071" /><F109/><W47/><G84/><T51/><D21/><U52/><E110/><V127/><F100/><W17/><G17/><T30/><D37/><U129/><E129/><V20/><F46/><W118/><G118/><T60/><D119/><U13/><E102/><V4/><F4/><W29/><G72/><T121/><D121/><U115/><E115/><V22/><F31/><W98/><G104/><T53/><D40/><U96/><E3/><V92/><AGARI ba="0,0" hai="20,22,58,61,67,87,90,92,124,125,127" m="43071" machi="92" ten="30,1100,0" yaku="18,1" doraHai="66" who="2" fromWho="2" sc="398,-3,131,-3,244,11,227,-5" owari="395,49.0,128,-37.0,255,6.0,222,-18.0" /></mjloggm>