<mjloggm ver="2.3"><GO type="97" lobby="0"/><UN n0="%E8%A5%BF%E5%9E%A3%E8%AA%A0%E4%B8%80" n1="%E3%82%A6%E3%83%AB%E3%83%88%E3%83%A9%E7%AB%8B%E7%9B%B4" n2="%E3%81%B2%E3%82%89%E3%81%A1%E3%82%83%E3%82%93" n3="%69%50%6F%64%69%50%6F%64" dan="15,15,14,13" rate="2019.44,1996.68,1942.53,1863.21" sx="M,M,M,M"/><TAIKYOKU oya="0"/><INIT seed="0,0,0,1,1,133" ten="250,250,250,250" oya="0" hai0="103,14,42,114,130,72,11,22,104,102,99,116,93" hai1="118,126,109,122,69,123,75,63,124,26,127,132,135" hai2="32,100,131,70,38,8,71,10,16,91,24,23,77" hai3="85,88,113,58,33,120,76,90,74,81,55,62,3"/><T15/><D114/><U53/><E75/><V17/><F38/><W2/><G33/><T44/><D116/><U80/><E118/><V9/><F131/><W34/><G34/><T67/><D130/><U83/><E26/><V48/><F32/><W121/><G113/><T94/><D72/><U51/><E83/><V37/><F37/><W97/><G97/><T82/><D82/><U96/><E96/><V31/><F100/><W111/><G111/><T92/><D102/><U56/><E80/><V4/><F77/><W41/><G41/><T6/><D67/><N who="1" m="41215" /><E109/><V87/><F87/><W107/><G107/><T7/><D7/><U54/><E54/><V49/><F91/><W68/><G68/><T59/><D59/><U39/><E39/><V119/><F71/><W129/><G129/><T73/><D73/><U35/><E35/><V84/><F70/><W101/><G101/><T95/><N who="0" m="24064" /><DORA hai="21" /><T86/><D86/><U117/><E117/><V52/><F84/><W115/><G115/><T12/><REACH who="0" step="1"/><D22/><REACH who="0" ten="240,250,250,250" step="2"/><U46/><E56/><N who="2" m="32775" /><F119/><W27/><G85/><T98/><D98/><U106/><E106/><V79/><F4/><W128/><G128/><T40/><D40/><U66/><E66/><V61/><F79/><W28/><G121/><AGARI ba="0,1" hai="46,51,53,121,122,123,124,126,127,132,135" m="41215" machi="121" ten="40,12000,2" yaku="18,1,34,2,52,3" doraHai="133,21" who="1" fromWho="3" sc="240,0,250,130,250,0,250,-120" /><INIT seed="1,0,0,0,5,12" ten="240,380,250,130" oya="1" hai0="102,94,42,37,1,5,68,126,7,51,53,31,113" hai1="36,75,67,17,57,54,66,32,22,56,115,0,48" hai2="111,60,125,44,15,79,46,107,3,81,101,103,14" hai3="55,50,33,132,58,121,72,87,43,59,11,18,38"/><U74/><E36/><V99/><F3/><W52/><G72/><T21/><D113/><U73/><E32/><V49/><F103/><W90/><G33/><T130/><D130/><U106/><E106/><V117/><F117/><W116/><G121/><T123/><D123/><U83/><E0/><V29/><F46/><W76/><G76/><T71/><D126/><U25/><E115/><V104/><F125/><W2/><G2/><T63/><D37/><U119/><E119/><V20/><F107/><W97/><G97/><T109/><D42/><U85/><REACH who="1" step="1"/><E57/><REACH who="1" ten="240,370,250,130" step="2"/><V110/><F104/><W120/><G120/><T127/><D1/><U61/><E61/><V6/><F60/><W40/><G116/><T82/><D63/><U26/><E26/><N who="2" m="16583" /><F15/><N who="3" m="7551" /><G132/><T77/><D127/><U8/><E8/><V93/><F14/><W92/><G38/><T9/><D71/><U41/><E41/><N who="2" m="24719" /><F6/><W30/><G30/><T19/><D7/><U98/><E98/><V86/><F111/><W80/><G40/><T62/><D109/><U10/><E10/><V95/><F110/><W124/><G43/><T133/><D68/><U88/><AGARI ba="0,1" hai="17,22,25,48,54,56,66,67,73,74,75,83,85,88" machi="88" ten="30,11700,0" yaku="1,1,0,1,52,1,54,1,53,0" doraHai="12" doraHaiUra="108" who="1" fromWho="1" sc="240,-39,370,127,250,-39,130,-39" /><INIT seed="1,1,0,5,4,128" ten="201,497,211,91" oya="1" hai0="79,118,66,126,83,37,98,50,65,108,127,99,75" hai1="12,133,35,52,131,25,107,120,34,0,36,89,7" hai2="63,33,112,51,134,114,84,111,11,4,53,91,109" hai3="62,9,3,24,22,5,123,86,122,121,92,102,15"/><U106/><E36/><V38/><F38/><W80/><G92/><T119/><D37/><U82/><E12/><V95/><F33/><W96/><G62/><T16/><D50/><U18/><E18/><V60/><F60/><W28/><G96/><N who="0" m="36907" /><D16/><U42/><E42/><V90/><F63/><W110/><G102/><T57/><D57/><U129/><E89/><V56/><F91/><W55/><G55/><T8/><D8/><U21/><E82/><V1/><REACH who="2" step="1"/><F134/><REACH who="2" ten="201,497,201,91" step="2"/><W77/><G110/><AGARI ba="1,1" hai="1,4,11,51,53,56,84,90,95,109,110,111,112,114" machi="110" ten="40,5200,0" yaku="1,1,2,1,14,1,53,0" doraHai="128" doraHaiUra="70" who="2" fromWho="3" sc="201,0,497,0,201,65,91,-55" /><INIT seed="2,0,0,0,3,17" ten="201,497,266,36" oya="2" hai0="70,104,2,77,42,20,79,6,63,98,113,66,9" hai1="14,40,112,71,134,85,44,60,93,8,69,1,73" hai2="30,23,24,123,34,83,26,101,72,32,11,29,99" hai3="18,95,131,89,92,128,91,56,116,88,46,121,21"/><V132/><F123/><W57/><G121/><T106/><D113/><U47/><E73/><V7/><F72/><W87/><G116/><T5/><D5/><U76/><E1/><N who="2" m="495" /><F83/><W10/><G10/><T55/><D42/><U102/><E112/><V86/><F86/><W61/><G46/><T129/><D129/><U53/><E134/><V45/><F45/><W59/><G61/><T105/><D98/><N who="1" m="59727" /><E69/><V28/><F99/><W126/><G126/><T41/><D41/><U51/><E71/><V50/><F50/><W19/><G19/><T58/><REACH who="0" step="1"/><D20/><REACH who="0" ten="191,497,266,36" step="2"/><U94/><E40/><V103/><F132/><W133/><G133/><T4/><D4/><N who="1" m="3335" /><E60/><AGARI ba="0,1" hai="2,6,9,55,58,60,63,66,70,77,79,104,105,106" machi="60" ten="40,1300,0" yaku="1,1,53,0" doraHai="17" doraHaiUra="125" who="0" fromWho="1" sc="191,23,497,-13,266,0,36,0" /><INIT seed="3,0,0,5,5,84" ten="214,484,266,36" oya="3" hai0="103,71,8,92,59,27,106,63,31,91,100,42,72" hai1="17,19,80,5,48,79,97,109,108,113,16,44,4" hai2="128,135,51,127,7,124,116,107,39,55,98,1,25" hai3="18,134,22,62,32,121,61,122,131,87,132,49,117"/><W105/><G105/><T76/><D106/><U123/><E97/><V119/><F39/><W58/><G32/><T65/><D42/><N who="1" m="24599" /><E113/><V90/><F25/><W82/><G117/><N who="2" m="45129" /><F7/><W12/><G131/><T6/><D72/><U34/><E34/><V13/><F13/><W133/><G49/><T89/><D71/><U73/><E123/><V56/><F1/><W15/><G12/><N who="0" m="5143" /><D76/><U64/><E64/><V46/><F107/><W30/><G30/><T67/><D67/><U129/><E129/><V53/><F98/><W21/><G21/><N who="0" m="15855" /><D92/><U126/><E126/><N who="2" m="48171" /><F128/><W102/><G102/><T3/><D3/><U78/><E78/><V37/><F90/><AGARI ba="0,0" hai="59,63,65,89,90,91,100,103" m="15855,5143" machi="90" ten="30,7700,0" yaku="8,1,52,3" doraHai="84" who="0" fromWho="2" sc="214,77,484,0,266,-77,36,0" owari="291,9.0,484,58.0,189,-21.0,36,-46.0" /></mjloggm>