<mjloggm ver="2.3"><GO type="97" lobby="0"/><UN n0="%E9%A6%AC%E7%8E%8B" n1="%E3%82%A6%E3%83%AB%E3%83%88%E3%83%A9%E7%AB%8B%E7%9B%B4" n2="%E5%8C%97%E3%81%AE%E3%82%B5%E3%82%A6%E3%82%B9%E3%83%9D%E3%83%BC" n3="%50%2E%4B%61%70%61%73" dan="13,15,15,14" rate="1881.86,1986.03,1996.66,1992.93" sx="M,M,M,F"/><TAIKYOKU oya="0"/><INIT seed="0,0,0,2,1,10" ten="250,250,250,250" oya="0" hai0="97,51,61,15,3,20,48,55,32,87,23,66,27" hai1="111,103,11,77,70,127,105,9,104,54,107,109,33" hai2="60,72,63,81,101,38,75,42,134,92,2,45,37" hai3="96,25,30,130,67,1,82,73,76,17,0,34,128"/><T65/><D3/><U122/><E103/><V49/><F2/><W114/><G17/><T56/><D32/><U100/><E100/><V8/><F134/><W133/><G114/><T117/><D117/><U31/><E77/><V119/><F119/><W93/><G133/><T91/><D97/><U62/><E122/><V58/><F60/><W40/><G40/><T46/><D51/><U57/><E70/><V69/><F69/><W116/><G67/><T29/><D65/><U121/><E121/><V126/><F126/><W83/><G83/><N who="0" m="49663" /><D20/><U129/><E127/><V84/><F72/><W21/><G34/><T106/><D106/><U131/><E31/><V68/><F68/><W52/><G52/><T86/><D86/><U26/><E26/><V7/><F75/><W125/><G125/><T71/><D71/><U22/><E22/><V120/><F120/><W124/><G124/><T39/><D39/><U41/><E41/><V115/><F115/><W123/><G123/><T74/><D74/><U88/><E33/><V43/><F43/><W28/><G28/><T4/><D4/><U44/><E105/><V99/><F7/><W24/><G24/><T94/><D94/><U102/><E104/><V110/><F38/><W89/><G116/><T95/><D95/><U18/><E107/><V12/><F37/><W78/><G78/><T135/><D135/><U112/><E112/><V79/><F79/><W50/><G50/><T6/><D6/><U16/><E54/><V53/><F53/><W36/><G36/><T80/><D80/><U5/><E5/><N who="2" m="3087" /><F81/><W59/><G59/><RYUUKYOKU ba="0,0" sc="250,15,250,-15,250,-15,250,15" hai0="15,23,27,29,46,48,55,56,61,66" hai3="0,1,21,25,30,73,76,82,89,93,96,128,130" /><INIT seed="0,1,0,2,3,100" ten="265,235,235,265" oya="0" hai0="13,92,46,26,53,2,43,66,18,73,29,67,38" hai1="130,120,41,10,70,28,133,33,131,104,34,15,1" hai2="50,44,98,127,126,94,122,76,129,101,107,80,90" hai3="115,6,75,35,96,123,54,135,91,27,51,12,40"/><T78/><D2/><U119/><E70/><V11/><F122/><W52/><G115/><T125/><D125/><U45/><E1/><V3/><F3/><W47/><G75/><T84/><D73/><U117/><E120/><V48/><F11/><W68/><G123/><T63/><D53/><U109/><E104/><V102/><F129/><N who="1" m="49161" /><E28/><V116/><F116/><N who="1" m="44617" /><E109/><V23/><F23/><W4/><G68/><T57/><D78/><U5/><E133/><V114/><F114/><W128/><G128/><T134/><D134/><U25/><E25/><V83/><F102/><W30/><G135/><T62/><D84/><U9/><E9/><V89/><F107/><W124/><G124/><N who="2" m="47657" /><F50/><AGARI ba="1,0" hai="5,10,15,33,34,41,45,50" m="44617,49161" machi="50" ten="30,1000,0" yaku="19,1" doraHai="100" who="1" fromWho="2" sc="265,0,235,13,235,-13,265,0" /><INIT seed="1,0,0,0,0,1" ten="265,248,222,265" oya="1" hai0="36,4,18,100,32,108,8,90,52,62,115,109,7" hai1="130,82,58,81,53,3,54,61,19,95,71,110,41" hai2="85,132,99,105,57,125,116,112,117,43,76,38,17" hai3="119,0,40,86,50,79,89,5,55,128,88,24,23"/><U103/><E3/><V11/><F112/><W2/><G40/><T45/><D115/><U73/><E71/><V96/><F132/><W127/><G128/><T133/><D32/><U6/><E73/><V78/><F125/><W51/><G127/><T34/><D133/><U63/><E130/><V66/><F43/><W59/><G119/><T46/><D34/><U84/><E110/><N who="0" m="42601" /><D100/><U120/><E120/><V31/><F38/><W28/><G51/><N who="0" m="28783" /><D90/><N who="1" m="53703" /><E41/><V49/><F105/><W131/><G131/><T69/><D36/><U60/><E103/><V114/><F114/><W126/><G126/><T77/><D46/><U72/><E72/><V47/><F47/><W101/><G101/><T48/><D48/><N who="1" m="31015" /><E54/><V35/><F116/><W14/><G0/><T22/><D8/><U123/><E123/><V92/><F11/><N who="3" m="4463" /><G2/><T111/><N who="0" m="42609" /><T135/><DORA hai="98" /><D135/><U91/><E91/><V67/><F35/><W124/><G124/><T129/><D129/><U10/><E63/><V134/><F134/><W21/><G21/><T33/><D33/><U9/><E61/><V102/><F117/><W64/><G64/><N who="0" m="41111" /><D77/><U65/><E60/><V27/><F76/><W42/><G42/><T13/><AGARI ba="0,0" hai="4,7,13,18,22" m="41111,28783,42609" machi="13" ten="40,8000,1" yaku="14,1,52,2,54,1" doraHai="1,98" who="0" fromWho="0" sc="265,80,248,-40,222,-20,265,-20" /><INIT seed="2,0,0,3,0,109" ten="345,208,202,245" oya="2" hai0="132,21,71,93,133,96,35,102,39,120,99,121,110" hai1="17,2,53,40,12,65,55,9,37,49,108,11,130" hai2="119,48,126,94,81,82,113,25,18,86,3,67,24" hai3="62,131,122,68,83,6,61,58,36,114,51,118,42"/><V45/><F119/><W100/><G6/><T116/><D110/><U7/><E130/><V16/><F3/><W80/><G100/><T44/><D116/><U112/><E112/><V75/><F126/><W105/><G105/><T127/><D35/><U66/><E108/><V85/><F113/><W30/><G30/><T88/><D127/><U22/><E53/><V14/><F75/><W5/><G5/><T31/><D71/><U8/><E40/><V90/><F67/><N who="3" m="41071" /><G118/><T84/><D99/><U124/><E37/><V4/><F4/><W69/><G80/><N who="2" m="30825" /><F85/><W29/><G83/><N who="0" m="49183" /><D39/><U0/><E124/><V34/><F34/><W78/><G78/><T97/><D44/><U134/><E2/><V95/><F95/><W76/><G29/><T106/><D31/><U135/><E0/><V87/><F87/><W20/><G76/><T103/><D21/><U64/><REACH who="1" step="1"/><E7/><REACH who="1" ten="345,198,202,245" step="2"/><V10/><F18/><W32/><G114/><T50/><D50/><U115/><E115/><V47/><F47/><AGARI ba="0,1" hai="8,9,11,12,17,22,47,49,55,64,65,66,134,135" machi="47" ten="40,1300,0" yaku="1,1,53,0" doraHai="109" doraHaiUra="98" who="1" fromWho="2" sc="345,0,198,23,202,-13,245,0" /><INIT seed="3,0,0,4,1,25" ten="345,221,189,245" oya="3" hai0="8,121,62,75,3,109,115,14,55,28,117,89,11" hai1="116,81,70,42,29,39,91,38,59,57,18,128,6" hai2="76,78,82,105,49,66,86,88,85,36,64,34,108" hai3="37,65,131,45,30,124,33,74,77,122,133,80,127"/><W97/><G122/><T99/><D121/><U67/><E6/><V32/><F36/><W84/><G131/><T21/><D117/><U93/><E128/><V22/><F105/><W95/><G133/><T23/><D75/><U69/><E81/><V71/><F108/><W47/><G65/><T58/><D109/><U48/><E18/><V120/><F120/><W100/><G37/><N who="1" m="13834" /><E29/><V1/><F1/><W26/><REACH who="3" step="1"/><G74/><REACH who="3" ten="345,221,189,235" step="2"/><T114/><D114/><U119/><E119/><V31/><F71/><W118/><G118/><T54/><D115/><U111/><E116/><V107/><F34/><W51/><G51/><T9/><D3/><U113/><E113/><V44/><F32/><W90/><G90/><T7/><D89/><U15/><E111/><V135/><F135/><W79/><G79/><N who="2" m="30249" /><F107/><W63/><G63/><T129/><D129/><U96/><E69/><V50/><F86/><W98/><G98/><T46/><D99/><U24/><E70/><V112/><F112/><W130/><G130/><T12/><D62/><U61/><E61/><V16/><F31/><W125/><AGARI ba="0,1" hai="26,30,33,45,47,77,80,84,95,97,100,124,125,127" machi="125" ten="30,11700,0" yaku="1,1,0,1,18,1,52,1,53,0" doraHai="25" doraHaiUra="126" who="3" fromWho="3" sc="345,-39,221,-39,189,-39,235,127" owari="306,11.0,182,-22.0,150,-35.0,362,46.0" /></mjloggm>