<mjloggm ver="2.3"><GO type="97" lobby="0"/><UN n0="%E3%82%A6%E3%83%AB%E3%83%88%E3%83%A9%E7%AB%8B%E7%9B%B4" n1="%48%49%52%4F%59%41%53%55" n2="%66%75%6A%69%6D%75%72%61" n3="%44%65%6C%74%61%6D%61%6E" dan="15,15,15,15" rate="2023.40,1900.46,1941.23,2010.23" sx="M,M,M,M"/><TAIKYOKU oya="0"/><INIT seed="0,0,0,4,0,21" ten="250,250,250,250" oya="0" hai0="42,97,74,22,134,117,116,109,118,48,64,132,7" hai1="76,27,10,71,11,52,5,43,84,122,93,51,57" hai2="3,124,105,111,103,65,38,29,31,14,34,19,94" hai3="102,81,45,99,59,100,98,16,54,12,4,96,33"/><T127/><D74/><U20/><E122/><V49/><F38/><W79/><G33/><T36/><D36/><U72/><E72/><V2/><F105/><W133/><G4/><T69/><D7/><U53/><E71/><V46/><F65/><W35/><G45/><N who="0" m="25655" /><D97/><U41/><E53/><V47/><F103/><W82/><G35/><T75/><D75/><U56/><E56/><V89/><F47/><W87/><G82/><T0/><D0/><U67/><E67/><V131/><F49/><N who="3" m="31183" /><G133/><N who="0" m="51307" /><D22/><AGARI ba="0,0" hai="12,16,22,79,81,87,96,98,99,100,102" m="31183" machi="22" ten="30,2000,0" yaku="8,1,54,1" doraHai="21" who="3" fromWho="0" sc="250,-20,250,0,250,0,250,20" /><INIT seed="1,0,0,3,5,115" ten="230,250,250,270" oya="1" hai0="93,1,80,120,19,68,71,23,54,69,57,81,83" hai1="15,109,114,111,8,84,47,129,87,56,104,96,31" hai2="89,98,102,16,50,37,123,32,6,46,20,30,14" hai3="70,77,108,113,74,122,48,59,110,127,22,124,52"/><U28/><E114/><V72/><F37/><W95/><G74/><T25/><D1/><U34/><E129/><V62/><F72/><W11/><G77/><T58/><D120/><U92/><E104/><V4/><F123/><W13/><G70/><T118/><D93/><U79/><E47/><V27/><F89/><W117/><G113/><T133/><D133/><U53/><E34/><V75/><F75/><W78/><G78/><T41/><D41/><U64/><E64/><V3/><F62/><W97/><G22/><T40/><D40/><U121/><E121/><V49/><F46/><W12/><G122/><T9/><D9/><U63/><E79/><V85/><F85/><W125/><G117/><T5/><D5/><U35/><E35/><V107/><F4/><N who="3" m="3175" /><G13/><T126/><D126/><N who="3" m="32257" /><W86/><DORA hai="130" /><G86/><T105/><D105/><U88/><E87/><V128/><F128/><W55/><G55/><T101/><D101/><AGARI ba="0,0" hai="48,52,59,95,97,101,108,110" m="32257,3175" machi="101" ten="40,2600,0" yaku="18,1,54,1" doraHai="115,130" who="3" fromWho="0" sc="230,-26,250,0,250,0,270,26" /><INIT seed="2,0,0,5,2,33" ten="204,250,250,296" oya="2" hai0="37,92,135,57,76,54,105,122,16,85,73,79,50" hai1="71,41,82,63,28,72,74,123,124,25,13,58,77" hai2="98,35,8,56,78,128,53,108,7,88,49,106,29" hai3="113,81,62,65,34,87,5,107,43,118,9,91,95"/><V117/><F78/><W112/><G118/><T20/><D105/><U89/><E123/><V19/><F117/><W101/><G34/><T84/><D122/><U45/><E71/><V96/><F128/><W31/><G31/><T4/><D37/><U114/><E114/><N who="3" m="44138" /><G43/><T97/><D135/><U1/><E124/><V70/><F70/><N who="3" m="42295" /><G101/><T75/><D4/><U23/><E1/><V121/><F121/><W90/><G107/><T133/><D133/><U115/><E115/><V120/><F120/><W131/><G131/><T80/><D79/><U132/><E132/><V61/><F35/><W48/><G48/><T0/><D0/><U116/><E116/><V30/><F29/><W102/><G102/><T67/><D67/><U10/><E89/><V40/><F30/><W99/><G5/><T69/><D69/><U27/><E27/><V83/><F108/><W64/><G9/><T32/><D75/><U39/><E39/><V68/><F7/><W103/><G103/><T127/><D127/><U11/><E74/><V21/><F8/><W22/><G64/><T44/><D32/><U60/><E60/><V66/><F40/><W24/><G22/><T18/><D18/><U12/><E45/><N who="2" m="27823" /><F68/><W129/><G129/><T52/><D44/><U94/><E41/><V38/><F38/><W42/><G42/><T47/><D54/><U130/><E130/><V93/><F106/><W134/><G134/><T15/><D47/><U46/><E46/><V6/><F6/><W36/><G36/><T14/><D14/><U17/><E72/><V51/><F51/><W26/><AGARI ba="0,0" hai="24,26,81,87,90,91,95,99" m="42295,44138" machi="26" ten="30,2000,0" yaku="5,1,11,1" doraHai="33" who="3" fromWho="3" sc="204,-5,250,-5,250,-10,296,20" /><INIT seed="3,0,0,1,0,33" ten="199,245,240,316" oya="3" hai0="89,129,39,105,65,42,50,88,109,113,4,93,132" hai1="24,43,10,14,130,12,76,25,57,7,120,55,106" hai2="123,48,96,1,21,85,67,86,26,64,84,5,19" hai3="128,99,45,75,91,13,40,20,30,83,52,36,79"/><W28/><G128/><T49/><D105/><U121/><E130/><V82/><F123/><W135/><G135/><T95/><D132/><U17/><E106/><V115/><F115/><W72/><G72/><T27/><D129/><U90/><E76/><V81/><F96/><W74/><G74/><T53/><D113/><U131/><E131/><V117/><F117/><W126/><G126/><T94/><D109/><U9/><E43/><V60/><F48/><W63/><G91/><T112/><D112/><U111/><E111/><V104/><F104/><W77/><G77/><T23/><D65/><U6/><E90/><V134/><F134/><W73/><G73/><T69/><D69/><U3/><E57/><V0/><F64/><W8/><G99/><T110/><D110/><U124/><E55/><V97/><F97/><W114/><G20/><T118/><D118/><U98/><E98/><V37/><F37/><W54/><G114/><T100/><D100/><U16/><E124/><V51/><F51/><N who="3" m="27047" /><G63/><T32/><D32/><U62/><E62/><V92/><F5/><N who="3" m="3215" /><G36/><T18/><D39/><U68/><E68/><V34/><F34/><W101/><G101/><T119/><D119/><U108/><E108/><V102/><F102/><W2/><G2/><AGARI ba="0,0" hai="2,3,6,7,9,10,12,14,16,17,24,25,120,121" machi="2" ten="25,16000,3" yaku="22,2,34,3,52,2,54,1" doraHai="33" who="1" fromWho="3" sc="199,0,245,160,240,0,316,-160" owari="199,-20.0,405,50.0,240,4.0,156,-34.0" /></mjloggm>