<mjloggm ver="2.3"><GO type="225" lobby="0"/><UN n0="%E5%8F%8D%E9%80%86%E3%81%84%E3%82%8B%E3%81%84%E3%82%8B" n1="%E8%80%83%E3%81%88%E4%B8%AD%EF%BC%88%E6%9D%B1" n2="%EF%BC%88%E2%89%A7%E2%96%BD%E2%89%A6%EF%BC%89" n3="%56%65%6E%75%73%53%61%79" dan="16,16,19,17" rate="2121.61,2085.91,2232.17,2135.32" sx="F,M,M,M"/><TAIKYOKU oya="0"/><INIT seed="0,0,0,4,1,121" ten="250,250,250,250" oya="0" hai0="94,75,18,101,50,110,68,16,5,47,30,34,48" hai1="1,111,0,124,52,58,81,112,99,131,134,84,11" hai2="28,108,10,98,123,132,116,82,26,114,70,71,41" hai3="2,54,31,37,67,4,43,20,33,135,88,45,13"/><T77/><D68/><U32/><E32/><N who="2" m="20503" /><F123/><W103/><G103/><T86/><D75/><U51/><E112/><V125/><F114/><W22/><G67/><T63/><D5/><U38/><E38/><V24/><F24/><W119/><G119/><T6/><D6/><U46/><E58/><V130/><F116/><W73/><G73/><T106/><D106/><U3/><E11/><V92/><F92/><W109/><G54/><T15/><D63/><U93/><E134/><V60/><F60/><W127/><G135/><T89/><D34/><U7/><E7/><V12/><F132/><W105/><G105/><T21/><D30/><U104/><E104/><V87/><F41/><W113/><G113/><T65/><D65/><U126/><E131/><V122/><F130/><W74/><G74/><T62/><D62/><U53/><E53/><V19/><F122/><W102/><G31/><T85/><D101/><U40/><E40/><V9/><F9/><W78/><G102/><T79/><D18/><U35/><E35/><V107/><F125/><N who="1" m="48233" /><E99/><V95/><F107/><W56/><G33/><T17/><D17/><U57/><E93/><V117/><F117/><W14/><G4/><T59/><D59/><U44/><E44/><V120/><F120/><W72/><G56/><T29/><D47/><U69/><E57/><V129/><F129/><W96/><G127/><T91/><D29/><U133/><E133/><V76/><F71/><W39/><G45/><T83/><D94/><U55/><E55/><V36/><F70/><W27/><G43/><T42/><D42/><U61/><E69/><RYUUKYOKU ba="0,0" sc="250,0,250,0,250,0,250,0" /><INIT seed="1,1,0,0,4,36" ten="250,250,250,250" oya="1" hai0="20,49,46,30,89,4,128,111,17,72,83,131,10" hai1="16,23,2,33,28,47,48,110,21,57,66,92,96" hai2="60,43,13,81,70,35,53,112,50,104,22,18,76" hai3="7,86,129,77,37,118,133,69,100,40,75,54,95"/><U117/><E117/><V114/><F35/><W97/><G69/><T5/><D111/><U41/><E2/><V51/><F104/><W58/><G7/><T74/><D30/><U135/><E110/><V107/><F107/><W55/><G118/><T73/><D89/><U1/><E1/><V94/><F94/><W82/><G133/><T84/><D84/><U62/><E135/><V79/><F79/><W39/><G129/><N who="0" m="49739" /><D83/><U44/><E33/><V115/><F43/><W121/><G121/><T80/><D80/><U102/><E28/><V108/><F108/><W59/><G75/><T103/><D103/><U68/><E68/><V56/><REACH who="2" step="1"/><F70/><REACH who="2" ten="250,250,240,250" step="2"/><W98/><G40/><N who="0" m="24775" /><D10/><U15/><REACH who="1" step="1"/><E47/><REACH who="1" ten="250,240,240,250" step="2"/><V6/><F6/><W71/><G71/><T3/><D3/><U101/><E101/><V125/><F125/><W120/><G120/><T124/><D124/><U132/><E132/><V26/><F26/><AGARI ba="1,2" hai="4,5,17,20,26,72,73,74" m="24775,49739" machi="26" ten="40,2600,0" yaku="19,1,52,1" doraHai="36" who="0" fromWho="2" sc="250,49,240,0,240,-29,250,0" /><INIT seed="2,0,0,4,5,90" ten="299,240,211,250" oya="2" hai0="98,109,35,101,26,115,29,58,3,2,53,12,70" hai1="82,106,85,131,61,114,42,76,121,95,105,74,47" hai2="87,103,51,7,4,37,11,99,33,31,60,107,129" hai3="65,0,45,79,27,63,124,64,22,40,38,96,17"/><V88/><F37/><W30/><G0/><T36/><D70/><U77/><E114/><V20/><F129/><W78/><G124/><T66/><D115/><U46/><E131/><V118/><F118/><W122/><G122/><T49/><D36/><U130/><E130/><V84/><F33/><W28/><G96/><T133/><D133/><U56/><E121/><V120/><F120/><W75/><G65/><T6/><D66/><U32/><E32/><V16/><F60/><W102/><G102/><T43/><D43/><U19/><E19/><V80/><F51/><W83/><REACH who="3" step="1"/><G79/><REACH who="3" ten="299,240,211,240" step="2"/><T119/><D3/><U5/><E76/><V91/><F31/><W1/><G1/><T113/><D2/><U123/><E123/><V132/><F132/><W108/><G108/><T112/><D29/><U59/><E77/><V125/><F125/><W23/><G23/><T100/><D109/><U25/><E106/><V13/><REACH who="2" step="1"/><F20/><REACH who="2" ten="299,240,201,240" step="2"/><W62/><G62/><T94/><D112/><U127/><E61/><V9/><F9/><W97/><G97/><T57/><D98/><U126/><E127/><V15/><F15/><W73/><G73/><T69/><D12/><U67/><E126/><V92/><AGARI ba="0,2" hai="4,7,11,13,16,80,84,87,88,91,92,99,103,107" machi="92" ten="20,18000,2" yaku="1,1,0,1,7,1,52,1,54,2,53,0" doraHai="90" doraHaiUra="54" who="2" fromWho="2" sc="299,-60,240,-60,201,200,240,-60" /><INIT seed="2,1,0,4,2,63" ten="239,180,401,180" oya="2" hai0="130,15,47,135,39,24,62,84,113,107,35,51,127" hai1="18,99,80,75,124,54,41,94,9,8,59,7,71" hai2="81,26,101,38,22,28,78,109,95,60,5,58,97" hai3="116,13,108,105,23,55,34,46,92,90,4,83,132"/><V30/><F38/><W31/><G34/><T125/><D107/><U120/><E71/><V89/><F5/><W115/><G105/><T86/><D113/><U3/><E120/><V88/><F109/><W123/><G116/><T50/><D130/><U87/><E124/><N who="0" m="47689" /><D135/><U70/><E70/><V11/><F11/><N who="3" m="4327" /><G123/><T112/><D112/><U48/><E75/><V25/><F78/><W103/><G132/><T79/><D39/><U44/><E18/><V85/><F89/><W21/><G108/><T43/><D79/><N who="1" m="46495" /><E3/><V82/><F82/><W68/><G68/><T53/><D62/><N who="1" m="36215" /><E7/><V118/><F118/><W14/><G115/><T104/><D104/><U121/><E121/><V57/><F60/><W2/><G2/><T33/><D15/><U111/><E111/><V98/><F98/><N who="3" m="59847" /><G14/><T17/><D35/><AGARI ba="1,0" hai="22,25,26,28,30,35,57,58,81,85,88,95,97,101" machi="35" ten="30,2900,0" yaku="7,1,54,1" doraHai="63" who="2" fromWho="0" sc="239,-32,180,0,401,32,180,0" /><INIT seed="2,2,0,5,0,6" ten="207,180,433,180" oya="2" hai0="41,56,18,20,106,93,74,19,80,88,116,134,16" hai1="23,63,27,26,98,69,82,110,135,48,35,102,133" hai2="124,31,103,77,45,94,104,115,61,79,21,1,55" hai3="60,34,125,127,92,91,105,12,66,71,4,13,122"/><V120/><F1/><W39/><G105/><T33/><D106/><U28/><E110/><V87/><F120/><W50/><G39/><T119/><D33/><U49/><E82/><V62/><F115/><W53/><G34/><T2/><D2/><U42/><E42/><V108/><F124/><N who="3" m="47691" /><G4/><T40/><D134/><N who="1" m="51211" /><E69/><V46/><F104/><W95/><G122/><T5/><D5/><U10/><E63/><V9/><F62/><W118/><G118/><N who="0" m="45099" /><D56/><U3/><E10/><V36/><F36/><W37/><G37/><T84/><D20/><U126/><E3/><V30/><F21/><W107/><G107/><T11/><D11/><U131/><E131/><V57/><F9/><W44/><G95/><T68/><D68/><U64/><E64/><V117/><F117/><W109/><G109/><T15/><D15/><U22/><E126/><V24/><F108/><W29/><G29/><T73/><D73/><U7/><E7/><V85/><F30/><W112/><G112/><T111/><D111/><U121/><E121/><V54/><F31/><W59/><G71/><T89/><D74/><U90/><E35/><V70/><F70/><W17/><G17/><T132/><D132/><U130/><E130/><V43/><F61/><W72/><G72/><T75/><D75/><U67/><E67/><V114/><F114/><W113/><G113/><T51/><D51/><N who="1" m="19531" /><E23/><V99/><F43/><N who="3" m="24863" /><G66/><T83/><D83/><U100/><E27/><V128/><F24/><W123/><G123/><T8/><D8/><U38/><E38/><V0/><F128/><W58/><G58/><T81/><D81/><RYUUKYOKU ba="2,0" sc="207,10,180,10,433,-30,180,10" hai0="16,18,19,40,41,80,84,88,89,93" hai1="22,26,28,90,98,100,102" hai3="12,13,53,59,60,91,92" /><INIT seed="3,3,0,2,3,60" ten="217,190,403,190" oya="3" hai0="119,65,131,79,89,42,72,34,27,49,62,50,68" hai1="53,15,1,124,51,2,95,114,5,19,86,31,13" hai2="75,104,4,29,22,84,56,17,106,18,28,129,101" hai3="52,100,30,120,125,9,126,69,132,111,130,0,118"/><W81/><G118/><T110/><D119/><U26/><E114/><V109/><F75/><W46/><G120/><T103/><D103/><U90/><E124/><N who="3" m="47722" /><G69/><T93/><D110/><U66/><E66/><V96/><F109/><W58/><G111/><T21/><D34/><N who="1" m="20855" /><E13/><V115/><F115/><W10/><G132/><T88/><D131/><U8/><E51/><V70/><F129/><W98/><G130/><T135/><D135/><U40/><E53/><V55/><F70/><W67/><G30/><T37/><D37/><U33/><E33/><V94/><F29/><W116/><G116/><T44/><D50/><U91/><E91/><V80/><F28/><W38/><G0/><T36/><D49/><U107/><E107/><V123/><F123/><W16/><G81/><T48/><D48/><U23/><E2/><V14/><F80/><W78/><G78/><T108/><D108/><U57/><E57/><V12/><F56/><W87/><G87/><T105/><D105/><U77/><E77/><V32/><F84/><W112/><G112/><T43/><D43/><AGARI ba="3,0" hai="1,5,8,15,19,23,40,43,86,90,95" m="20855" machi="43" ten="30,1000,0" yaku="24,1" doraHai="60" who="1" fromWho="0" sc="217,-19,190,19,403,0,190,0" owari="198,-20.0,209,1.0,403,50.0,190,-31.0" /></mjloggm>