<mjloggm ver="2.3"><GO type="97" lobby="0"/><UN n0="%E3%81%B5%E3%83%BC%E7%88%BA" n1="%E3%81%8A%E3%82%84%E3%82%93%E3%81%9F" n2="%E3%83%8E%E3%83%BC%E3%83%9E%E3%83%AB%E5%9B%9B%E9%96%93" n3="%E3%82%A6%E3%83%AB%E3%83%88%E3%83%A9%E7%AB%8B%E7%9B%B4" dan="14,13,13,15" rate="1941.81,1830.89,1979.76,1995.02" sx="M,M,M,M"/><TAIKYOKU oya="0"/><INIT seed="0,0,0,1,3,93" ten="250,250,250,250" oya="0" hai0="22,13,90,89,105,83,32,56,28,43,126,121,97" hai1="115,125,74,34,49,48,52,20,0,5,101,128,79" hai2="85,67,19,87,86,51,2,77,39,117,21,124,72" hai3="29,94,123,135,120,63,7,98,17,95,131,114,60"/><T44/><D121/><N who="3" m="46665" /><G114/><T38/><D126/><U92/><E115/><V109/><F39/><W104/><G131/><T134/><D134/><U33/><E125/><V116/><F2/><W35/><G135/><T4/><D56/><U37/><E37/><V24/><F124/><W68/><G17/><T66/><D66/><U127/><E127/><V84/><F72/><W50/><G50/><T129/><D129/><U59/><E128/><V31/><F109/><W54/><G7/><T45/><D45/><U64/><E64/><V122/><F122/><W107/><G94/><T111/><D4/><U6/><E49/><V65/><F51/><W3/><G3/><T112/><D112/><U25/><E79/><V58/><F77/><W10/><G10/><T36/><D36/><U53/><E74/><V18/><F87/><W118/><G118/><N who="2" m="45673" /><F58/><N who="3" m="34903" /><G63/><T102/><D111/><U40/><E40/><V61/><F61/><W30/><G68/><T8/><D32/><U106/><E106/><N who="3" m="40490" /><G35/><T103/><D103/><AGARI ba="0,0" hai="29,30,95,98,103" m="40490,34903,46665" machi="103" ten="30,2000,0" yaku="13,1,52,1" doraHai="93" who="3" fromWho="0" sc="250,-20,250,0,250,0,250,20" /><INIT seed="1,0,0,1,3,54" ten="230,250,250,270" oya="1" hai0="40,102,52,53,130,131,66,63,107,80,120,118,34" hai1="112,99,86,109,103,8,45,27,56,122,61,98,88" hai2="58,82,46,11,85,59,12,10,115,25,95,79,49" hai3="4,71,67,3,110,111,9,48,28,42,73,62,41"/><U21/><E122/><V22/><F115/><W23/><G73/><T132/><D118/><U78/><E112/><V101/><F101/><W117/><G117/><T75/><D120/><U70/><E70/><V35/><F35/><W33/><G23/><T43/><D34/><U93/><E45/><V15/><F95/><W36/><G48/><T134/><D107/><U72/><E8/><N who="2" m="3115" /><F15/><W114/><G114/><T124/><D102/><U16/><E109/><N who="3" m="41482" /><G36/><T26/><D26/><AGARI ba="0,0" hai="3,4,9,26,28,33,41,42,62,67,71" m="41482" machi="26" ten="30,1000,0" yaku="14,1" doraHai="54" who="3" fromWho="0" sc="230,-10,250,0,250,0,270,10" /><INIT seed="2,0,0,5,4,40" ten="220,250,250,280" oya="2" hai0="74,20,14,106,93,56,120,82,87,112,51,2,16" hai1="9,115,22,118,126,23,8,52,5,29,98,0,108" hai2="65,86,12,17,102,47,43,35,13,92,7,122,27" hai3="72,28,48,124,117,3,96,31,119,1,121,59,113"/><V67/><F122/><W130/><G121/><T15/><D120/><U33/><E118/><V103/><F7/><W55/><G72/><T69/><D112/><U73/><E115/><V95/><F35/><W80/><G113/><T54/><D106/><U90/><E73/><V32/><F32/><W49/><G80/><T46/><D2/><U94/><E126/><V75/><F75/><W68/><G68/><T107/><D107/><U129/><E129/><V45/><F27/><W36/><G96/><T105/><D105/><U99/><E99/><V38/><F86/><W135/><G36/><T66/><D69/><U24/><E108/><V84/><F84/><W123/><G123/><T133/><D133/><U4/><E52/><V70/><F70/><W30/><G135/><T58/><D66/><U97/><REACH who="1" step="1"/><E97/><REACH who="1" ten="220,240,250,280" step="2"/><V101/><F101/><W57/><G124/><T44/><D74/><U100/><E100/><V39/><F43/><W81/><G130/><T63/><D93/><U109/><E109/><V21/><F103/><W110/><G110/><T128/><D128/><U60/><E60/><V132/><F102/><W91/><G119/><T114/><D114/><U79/><E79/><V34/><F132/><W111/><G117/><T19/><D87/><U6/><E6/><V25/><F95/><W41/><G111/><T64/><REACH who="0" step="1"/><D82/><REACH who="0" ten="210,240,250,280" step="2"/><U131/><E131/><V88/><F92/><W127/><G127/><T134/><D134/><U71/><E71/><V104/><F67/><W83/><G81/><T50/><D50/><U62/><E62/><V26/><F65/><W85/><G49/><RYUUKYOKU ba="0,2" sc="210,15,240,15,250,-15,280,-15" hai0="14,15,16,19,20,44,46,51,54,56,58,63,64" hai1="0,4,5,8,9,22,23,24,29,33,90,94,98" /><INIT seed="3,1,2,3,0,96" ten="225,255,235,265" oya="3" hai0="91,34,86,99,43,16,118,33,12,39,135,38,59" hai1="1,27,67,2,125,8,7,95,0,30,98,22,25" hai2="44,100,63,23,131,128,119,41,117,103,121,35,54" hai3="57,80,64,56,93,46,71,112,48,130,65,6,106"/><W10/><G106/><T11/><D118/><U77/><E77/><V109/><F35/><W90/><G80/><T107/><D135/><U74/><E74/><V55/><F121/><W50/><G71/><T14/><D59/><N who="3" m="22601" /><G130/><N who="2" m="49705" /><F109/><W58/><N who="3" m="22609" /><W37/><DORA hai="9" /><G37/><T21/><D99/><U120/><E67/><N who="3" m="25674" /><G112/><T15/><D107/><U89/><E120/><V75/><F75/><W13/><G46/><T129/><D129/><U133/><E133/><V66/><F23/><W68/><G68/><T5/><D15/><U60/><E60/><V101/><F119/><W19/><G19/><T79/><D79/><U82/><E82/><V36/><F117/><W78/><G78/><T132/><D132/><U69/><E69/><AGARI ba="1,2" hai="36,41,44,54,55,63,66,69,100,101,103" m="49705" machi="69" ten="30,7700,0" yaku="19,1,52,3" doraHai="96,9" who="2" fromWho="1" sc="225,0,255,-80,235,100,265,0" owari="225,-17.0,175,-32.0,335,42.0,265,7.0" /></mjloggm>