<mjloggm ver="2.3"><GO type="97" lobby="0"/><UN n0="%E3%82%A6%E3%83%AB%E3%83%88%E3%83%A9%E7%AB%8B%E7%9B%B4" n1="%4E%75%72%65%79%65%76" n2="%E3%81%95%E3%82%86%E3%81%BF%E3%82%93%E3%81%A8" n3="%E3%82%AB%E3%83%BC%E3%83%AB" dan="15,14,13,15" rate="1982.37,1910.96,1889.23,2057.92" sx="M,M,M,M"/><TAIKYOKU oya="0"/><INIT seed="0,0,0,5,4,67" ten="250,250,250,250" oya="0" hai0="3,52,105,121,50,43,98,58,91,39,44,64,113" hai1="111,134,93,128,47,2,73,35,135,86,19,57,34" hai2="59,26,42,89,9,88,49,82,23,78,5,94,68" hai3="0,32,99,129,117,126,102,29,7,97,62,127,100"/><T13/><D3/><U107/><E2/><V118/><F118/><W119/><G129/><T120/><D113/><U70/><E111/><V69/><F59/><W77/><G62/><T75/><D75/><U53/><E128/><V109/><F109/><W37/><G37/><T81/><D13/><U12/><E107/><V124/><F124/><N who="3" m="47659" /><G32/><T61/><D81/><U4/><E70/><V63/><F63/><W116/><G29/><T6/><D6/><U27/><E73/><V130/><F130/><W90/><G7/><T15/><D15/><U14/><E47/><V132/><F132/><N who="1" m="50729" /><E4/><V22/><F5/><W21/><G21/><T123/><D91/><N who="1" m="53495" /><E27/><V95/><F9/><W17/><G0/><T33/><D33/><N who="1" m="12299" /><E19/><V46/><F22/><W30/><G17/><T79/><D79/><U74/><E74/><V60/><F60/><AGARI ba="0,0" hai="12,14,53,57,60" m="12299,53495,50729" machi="60" ten="30,1000,0" yaku="20,1" doraHai="67" who="1" fromWho="2" sc="250,0,250,10,250,-10,250,0" /><INIT seed="1,0,0,2,2,6" ten="250,260,240,250" oya="1" hai0="49,57,129,73,123,4,74,82,116,105,58,44,108" hai1="117,19,54,98,126,64,62,101,25,22,81,17,115" hai2="20,21,125,42,130,79,92,124,46,121,70,41,39" hai3="27,35,78,2,56,33,75,47,88,32,114,11,8"/><U15/><E115/><V104/><F104/><W107/><G114/><T50/><D105/><U90/><E117/><V45/><F121/><W40/><G107/><T122/><D116/><U113/><E113/><V89/><F79/><W97/><G56/><T7/><D82/><U84/><E126/><V71/><F130/><W110/><G110/><T5/><D129/><U100/><E98/><V0/><F0/><W102/><G27/><T72/><D44/><U99/><E99/><V10/><F89/><W48/><G2/><T23/><D23/><U63/><E63/><V85/><F85/><W3/><G3/><T52/><D108/><U12/><E12/><V134/><F92/><W38/><G38/><T96/><D96/><U80/><E80/><V86/><F86/><W61/><G61/><T66/><D66/><U120/><E54/><AGARI ba="0,0" hai="4,5,7,49,50,52,54,57,58,72,73,74,122,123" machi="54" ten="50,3200,0" yaku="9,1,54,1" doraHai="6" who="0" fromWho="1" sc="250,32,260,-32,240,0,250,0" /><INIT seed="2,0,0,3,0,83" ten="282,228,240,250" oya="2" hai0="71,129,5,41,68,20,107,78,65,86,36,50,98" hai1="132,37,123,6,51,47,121,85,125,64,75,38,27" hai2="29,116,113,58,31,135,130,15,94,120,0,112,126" hai3="118,19,33,49,60,96,21,35,108,69,46,17,133"/><V66/><F0/><W2/><G108/><T24/><D36/><U109/><E75/><V92/><F116/><W127/><G118/><T62/><D129/><U61/><E109/><V128/><F120/><N who="1" m="46153" /><E6/><V56/><F126/><W44/><G127/><T23/><D71/><N who="1" m="42383" /><E85/><V18/><F135/><W34/><G133/><T3/><D3/><U79/><E79/><V87/><F66/><W10/><G96/><T117/><D5/><U28/><E28/><N who="2" m="10827" /><F15/><W103/><G103/><T99/><D107/><U97/><E97/><V93/><F18/><W81/><G2/><T122/><D98/><U134/><E27/><V8/><F8/><W72/><G60/><T42/><D99/><U73/><E73/><V115/><F87/><W80/><G69/><T39/><D86/><U67/><E125/><V95/><N who="2" m="24064" /><DORA hai="4" /><V57/><AGARI ba="0,0" hai="56,57,58,112,113,115,128,130" m="24064,10827" machi="57" ten="60,12000,1" yaku="4,1,29,2,28,2" doraHai="83,4" who="2" fromWho="2" sc="282,-40,228,-40,240,120,250,-40" /><INIT seed="2,1,0,3,4,34" ten="242,188,360,210" oya="2" hai0="83,62,19,104,36,49,61,6,24,85,39,35,87" hai1="15,80,70,122,124,5,60,132,103,54,81,52,0" hai2="57,44,118,121,108,42,130,55,8,117,77,1,100" hai3="51,7,92,9,33,133,75,68,127,82,71,29,20"/><V27/><F121/><W123/><G123/><T97/><D6/><U86/><E122/><V99/><F130/><W50/><G33/><T47/><D39/><U64/><E124/><V93/><F77/><W67/><G127/><T74/><D36/><U107/><E132/><V59/><F27/><W2/><G133/><T4/><D74/><U102/><E15/><V14/><F108/><W31/><G92/><T135/><D135/><U23/><E23/><V109/><F109/><W128/><G128/><T45/><D4/><U76/><E81/><V79/><F79/><W72/><G72/><T115/><D115/><U63/><E63/><N who="0" m="24073" /><D104/><U18/><E18/><V32/><F32/><W91/><G75/><T84/><D97/><U26/><E26/><V43/><F118/><W119/><G119/><T114/><D35/><U88/><E76/><V73/><F73/><W48/><G67/><T131/><D131/><U111/><E111/><V41/><F1/><W30/><REACH who="3" step="1"/><G20/><REACH who="3" ten="242,188,360,200" step="2"/><N who="0" m="13343" /><D114/><U65/><E65/><V46/><F117/><W12/><G12/><T69/><D69/><U37/><E37/><V116/><F116/><W105/><G105/><T78/><D47/><U110/><E110/><V58/><F14/><W125/><G125/><T22/><D22/><U96/><REACH who="1" step="1"/><E103/><REACH who="1" ten="242,178,360,200" step="2"/><V98/><F100/><W112/><G112/><T17/><D17/><U10/><AGARI ba="1,2" hai="0,5,10,52,54,60,64,70,80,86,88,96,102,107" machi="10" ten="30,12000,2" yaku="1,1,2,1,0,1,52,1,54,2,53,0" doraHai="34" doraHaiUra="13" who="1" fromWho="1" sc="242,-31,178,143,360,-61,200,-31" /><INIT seed="3,0,0,5,5,87" ten="211,321,299,169" oya="3" hai0="7,32,108,20,120,130,5,78,105,103,83,111,93" hai1="92,31,42,134,48,124,26,1,79,62,101,65,64" hai2="2,58,84,45,28,109,116,8,10,89,88,76,3" hai3="131,107,37,60,22,29,68,51,113,132,30,102,91"/><W4/><G113/><T43/><D32/><U41/><E1/><N who="2" m="11" /><F84/><W81/><G37/><T110/><D120/><U127/><E134/><V71/><F76/><W135/><G131/><T49/><D130/><U35/><E79/><V57/><F45/><W14/><G51/><T21/><D105/><U114/><E114/><V55/><F55/><W36/><G36/><T104/><D104/><U24/><E24/><V61/><F61/><W50/><G50/><T98/><D7/><U66/><E62/><V56/><F116/><W46/><G46/><N who="0" m="25823" /><D5/><U129/><E129/><V77/><F77/><W128/><G128/><T54/><D54/><U34/><E34/><V90/><F109/><W75/><G4/><T69/><D69/><U123/><E48/><V15/><F15/><W96/><G75/><AGARI ba="0,0" hai="20,21,75,78,83,93,98,103,108,110,111" m="25823" machi="75" ten="30,1000,0" yaku="14,1" doraHai="87" who="0" fromWho="3" sc="211,10,321,0,299,0,169,-10" owari="221,-18.0,321,42.0,299,10.0,159,-34.0" /></mjloggm>