<mjloggm ver="2.3"><GO type="169" lobby="0"/><UN n0="%42%69%72%6F%72%69" n1="%E3%82%89%E6%8A%9C%E3%81%8D" n2="%E2%98%86%E3%82%BF%E3%82%AA%E3%83%91%E3%82%A4%E3%83%91%E3%82%A4%E2%98%86" n3="%E3%82%A6%E3%83%AB%E3%83%88%E3%83%A9%E7%AB%8B%E7%9B%B4" dan="16,17,16,16" rate="2038.30,2134.42,2123.06,2043.89" sx="M,M,M,M"/><TAIKYOKU oya="0"/><INIT seed="0,0,0,3,2,128" ten="250,250,250,250" oya="0" hai0="107,76,126,131,71,27,112,88,58,15,74,53,72" hai1="7,16,78,67,119,96,95,5,10,125,75,86,60" hai2="81,61,130,34,22,91,40,111,80,66,68,109,39" hai3="120,41,70,108,30,63,12,18,118,106,122,94,85"/><T92/><D112/><U51/><E119/><V113/><F34/><W93/><G106/><T124/><D107/><U134/><E125/><N who="0" m="48233" /><D131/><U17/><E75/><V73/><F130/><W100/><G118/><T69/><D15/><U50/><E5/><V135/><F113/><W31/><G94/><T121/><D121/><N who="3" m="46697" /><G41/><T46/><D46/><U98/><E98/><V1/><F1/><W32/><G32/><T56/><D27/><U64/><E64/><V65/><F66/><N who="3" m="41311" /><G108/><T83/><D72/><U19/><E96/><V25/><F73/><W55/><G55/><T24/><D24/><U123/><E95/><V99/><F40/><W115/><G115/><T103/><D103/><U43/><E43/><V45/><F109/><W105/><G105/><T4/><D4/><U37/><E7/><V52/><F111/><W21/><G100/><T13/><D13/><U54/><E54/><V11/><F52/><W23/><G93/><T110/><D110/><U101/><E101/><V133/><F65/><W14/><G85/><N who="0" m="52239" /><D58/><U20/><E123/><V127/><F127/><W33/><G33/><T29/><D29/><U3/><E3/><V89/><F68/><W116/><G116/><T48/><AGARI ba="0,0" hai="48,53,56,69,71,74,76,83" m="52239,48233" machi="48" ten="30,3000,0" yaku="18,1,54,1" doraHai="128" who="0" fromWho="0" sc="250,30,250,-10,250,-10,250,-10" /><INIT seed="0,1,0,3,1,86" ten="280,240,240,240" oya="0" hai0="23,99,115,12,130,55,68,89,62,80,63,46,3" hai1="1,113,36,69,85,106,72,27,77,101,66,39,76" hai2="8,32,111,74,124,134,81,25,88,93,35,57,20" hai3="105,73,114,104,118,125,6,97,61,51,49,128,78"/><T133/><D3/><U28/><E77/><V10/><F111/><W9/><G118/><T54/><D115/><U135/><E135/><V65/><F134/><W117/><G117/><T15/><D133/><U31/><E31/><V122/><F122/><W79/><G114/><T30/><D68/><U132/><E132/><V110/><F124/><W43/><G125/><T92/><D130/><U4/><E85/><V107/><F107/><W29/><G104/><T98/><D80/><U95/><E95/><V119/><F110/><W75/><G75/><T19/><D30/><U82/><E113/><V2/><F119/><W58/><G29/><T102/><D12/><U14/><E14/><V0/><F0/><W37/><G79/><T64/><D46/><U96/><E4/><V60/><F74/><W131/><G97/><T45/><D45/><U126/><E1/><V84/><F81/><N who="3" m="45263" /><G105/><T91/><D64/><U94/><E94/><V121/><F121/><W48/><G58/><N who="0" m="35167" /><D99/><U38/><E126/><V70/><F70/><W50/><G61/><T127/><D127/><U59/><E59/><AGARI ba="1,0" hai="15,19,23,54,59,63,89,91,92,98,102" m="35167" machi="59" ten="30,5800,0" yaku="8,1,52,2" doraHai="86" who="0" fromWho="1" sc="280,61,240,-61,240,0,240,0" /><INIT seed="0,2,0,0,4,121" ten="341,179,240,240" oya="0" hai0="113,24,53,131,29,106,49,45,14,16,93,25,129" hai1="62,40,120,130,59,39,98,108,63,73,86,31,69" hai2="26,90,58,0,10,111,2,48,127,105,119,112,91" hai3="79,12,44,43,56,78,88,7,116,133,3,28,74"/><T102/><D113/><U80/><E120/><V134/><F112/><W33/><G56/><T36/><D106/><U82/><E130/><N who="0" m="49673" /><D36/><U15/><E69/><V66/><F105/><W51/><G28/><T22/><D29/><U46/><E63/><V97/><F127/><W1/><G33/><T123/><D123/><U5/><E31/><V103/><F26/><N who="0" m="10346" /><D93/><U96/><E73/><V117/><F119/><W101/><G116/><T64/><D102/><U34/><E80/><V37/><F103/><W41/><G101/><T87/><D87/><U11/><E34/><V81/><F37/><W77/><G74/><T115/><D115/><U21/><E21/><V38/><F38/><W83/><G3/><T118/><D118/><U4/><E4/><V122/><F0/><W54/><G1/><T50/><D50/><U70/><E70/><V9/><F2/><W6/><G6/><T65/><AGARI ba="2,0" hai="14,16,22,45,49,53,64,65" m="10346,49673" machi="65" ten="30,3000,0" yaku="19,1,54,1" doraHai="121" who="0" fromWho="0" sc="341,36,179,-12,240,-12,240,-12" /><INIT seed="0,3,0,0,1,119" ten="377,167,228,228" oya="0" hai0="34,84,53,18,65,87,113,134,40,36,135,98,115" hai1="38,26,22,97,122,29,7,66,91,67,32,100,30" hai2="49,43,106,82,58,46,3,132,56,126,130,24,57" hai3="41,105,10,20,103,81,60,125,96,133,107,28,129"/><T8/><D34/><U120/><E38/><V80/><F106/><W17/><G107/><T35/><D35/><U21/><E7/><V131/><F3/><W25/><G125/><T112/><D65/><U124/><E124/><V64/><F126/><W52/><G129/><N who="2" m="49161" /><F132/><N who="0" m="50730" /><D53/><U117/><E117/><V9/><F9/><W68/><G133/><T39/><D98/><U4/><E4/><V118/><F118/><W90/><G41/><T27/><D40/><U1/><E1/><V72/><F72/><W19/><G68/><T123/><D8/><U11/><E11/><V45/><F64/><W99/><G10/><T33/><D33/><U83/><E32/><V54/><F24/><W5/><G5/><T69/><D69/><U79/><E91/><V59/><F46/><W63/><G96/><T78/><D112/><U116/><E116/><V62/><AGARI ba="3,0" hai="43,45,49,54,56,57,58,59,62,80,82" m="49161" machi="62" ten="30,1100,0" yaku="19,1" doraHai="119" who="2" fromWho="2" sc="377,-8,167,-6,228,20,228,-6" /><INIT seed="1,0,0,2,0,64" ten="369,161,248,222" oya="1" hai0="79,78,52,3,24,72,125,110,131,22,1,101,40" hai1="75,108,0,86,87,20,54,44,116,57,49,61,7" hai2="117,62,6,77,31,30,48,134,112,28,59,56,35" hai3="132,21,10,18,9,114,16,46,104,25,105,95,123"/><U92/><E116/><V82/><F117/><W100/><G123/><T99/><D40/><U42/><E75/><V121/><F121/><W13/><G114/><T8/><D110/><U27/><E108/><V60/><F112/><W89/><G132/><T128/><D125/><U129/><E129/><N who="0" m="49737" /><D72/><U84/><E0/><N who="0" m="73" /><D8/><U55/><E7/><V83/><F6/><W47/><G100/><T107/><D52/><N who="1" m="33959" /><E92/><V29/><F134/><W118/><G118/><T88/><D88/><U65/><E65/><V97/><F48/><W63/><G104/><T58/><D58/><U68/><E68/><V73/><F73/><W34/><G105/><T39/><D39/><U102/><E102/><V4/><F4/><W98/><G34/><T103/><D103/><U14/><E14/><V111/><F111/><W80/><G80/><T90/><D90/><U67/><E67/><V32/><F97/><W70/><G70/><T74/><D74/><U122/><E122/><V133/><F133/><W50/><G63/><T38/><D38/><U37/><E37/><V120/><F120/><W2/><G2/><T130/><N who="0" m="49745" /><T33/><DORA hai="71" /><D33/><U127/><E127/><V115/><F115/><W15/><REACH who="3" step="1"/><G50/><REACH who="3" ten="369,161,248,212" step="2"/><T96/><D101/><U23/><E23/><V12/><F32/><W124/><G124/><T5/><D107/><U51/><E49/><V69/><F35/><W36/><G36/><T43/><D5/><AGARI ba="0,1" hai="5,9,10,13,15,16,18,21,25,46,47,89,95,98" machi="5" ten="30,12000,2" yaku="1,1,7,1,8,1,54,1,53,2" doraHai="64,71" doraHaiUra="113,11" who="3" fromWho="0" sc="369,-120,161,0,248,0,212,130" /><INIT seed="2,0,0,4,4,116" ten="249,161,248,342" oya="2" hai0="4,90,135,12,114,11,10,47,38,25,105,39,36" hai1="103,41,53,92,31,40,19,42,35,9,79,129,84" hai2="65,109,20,28,97,70,80,81,37,102,6,91,15" hai3="60,74,8,27,55,17,99,52,58,72,24,69,50"/><V23/><F37/><W131/><G131/><T0/><D105/><U89/><E129/><V128/><F128/><W118/><G118/><T73/><D114/><U125/><E125/><V93/><F109/><W22/><G69/><T133/><D73/><U13/><E35/><V5/><F70/><W117/><G117/><T66/><D66/><U82/><E31/><V33/><F33/><W48/><G60/><T45/><D90/><U119/><E119/><V18/><F65/><W85/><G8/><T95/><D95/><U100/><REACH who="1" step="1"/><E53/><REACH who="1" ten="249,151,248,342" step="2"/><V29/><F29/><W30/><G30/><T127/><D127/><U88/><E88/><V44/><F91/><W115/><G52/><T130/><D130/><U76/><E76/><V94/><F28/><W46/><G55/><T63/><D135/><U59/><E59/><V16/><F44/><W96/><G58/><T132/><D47/><U106/><E106/><V67/><F67/><W124/><G46/><T78/><D45/><U56/><E56/><V43/><F43/><W68/><G68/><T120/><D78/><U107/><E107/><V110/><F110/><W54/><G54/><T64/><D64/><U1/><E1/><V87/><F102/><W134/><G134/><T101/><D101/><U123/><E123/><V49/><F49/><W7/><G50/><T51/><D51/><U32/><E32/><V21/><F97/><AGARI ba="0,1" hai="9,13,19,40,41,42,79,82,84,89,92,97,100,103" machi="97" ten="40,2600,0" yaku="1,1,8,1,53,0" doraHai="116" doraHaiUra="3" who="1" fromWho="2" sc="249,0,151,36,248,-26,342,0" /><INIT seed="3,0,0,3,3,21" ten="249,187,222,342" oya="3" hai0="55,98,59,61,105,125,130,129,27,51,15,73,12" hai1="23,63,79,86,9,34,39,82,7,69,4,101,45" hai2="38,65,114,120,50,81,19,103,126,18,46,121,0" hai3="54,56,134,83,44,127,122,2,87,115,31,6,60"/><W16/><G122/><N who="2" m="47209" /><F114/><W41/><G115/><T66/><D73/><U112/><E34/><V106/><F126/><W24/><G127/><T10/><D125/><U20/><E112/><V13/><F38/><W135/><G6/><T35/><D105/><U8/><E101/><V57/><F0/><W70/><G2/><T37/><D37/><U132/><E132/><V93/><F106/><W108/><G70/><T118/><D118/><U76/><E76/><V85/><F13/><W53/><G53/><T116/><D116/><U96/><E96/><N who="2" m="59791" /><F57/><W75/><G75/><T48/><D98/><U40/><E8/><V90/><F65/><W128/><G128/><N who="0" m="49259" /><D10/><U32/><E4/><V68/><F68/><W14/><G134/><T124/><D124/><U3/><E32/><V71/><F71/><W49/><G135/><T11/><D11/><U77/><E77/><V92/><F92/><W102/><G102/><T64/><D64/><U67/><AGARI ba="0,0" hai="3,7,9,20,23,39,40,45,63,67,69,79,82,86" machi="67" ten="30,1100,0" yaku="0,1" doraHai="21" who="1" fromWho="1" sc="249,-3,187,11,222,-3,342,-5" /><INIT seed="4,0,0,2,1,122" ten="246,198,219,337" oya="0" hai0="83,15,20,66,52,77,8,58,47,111,127,115,36" hai1="40,135,5,69,94,24,32,114,3,48,118,99,64" hai2="71,54,100,28,132,59,16,78,109,33,75,62,92" hai3="61,27,0,35,126,26,38,104,67,21,44,80,110"/><T41/><D115/><U87/><E114/><V134/><F71/><W133/><G21/><T130/><D127/><U12/><E118/><V96/><F109/><W72/><G26/><T39/><D130/><U60/><E3/><V116/><F116/><W108/><G0/><T45/><D66/><U65/><E65/><V90/><F78/><N who="3" m="44103" /><G126/><T23/><D111/><U123/><E135/><V106/><F75/><W97/><G133/><T46/><D39/><U113/><E123/><V55/><F55/><W91/><G91/><T128/><D128/><U25/><E87/><V22/><F28/><N who="3" m="19871" /><G44/><T82/><D46/><U30/><E24/><V51/><F33/><W81/><G81/><T74/><D83/><U84/><E84/><N who="2" m="52295" /><F62/><W63/><G63/><T19/><REACH who="0" step="1"/><D45/><REACH who="0" ten="236,198,219,337" step="2"/><N who="1" m="25639" /><E113/><V17/><F134/><W29/><G38/><T56/><D56/><U73/><E69/><V4/><F132/><W68/><G29/><T105/><D105/><U53/><E64/><V14/><F106/><W1/><G1/><T102/><D102/><AGARI ba="0,1" hai="61,67,68,97,102,104,108,110" m="19871,44103" machi="102" ten="30,7700,0" yaku="25,1,23,1,52,2" doraHai="122" who="3" fromWho="0" sc="236,-77,198,0,219,0,337,87" /><INIT seed="5,0,0,1,4,97" ten="159,198,219,424" oya="1" hai0="111,60,39,67,127,106,19,26,68,38,17,22,116" hai1="82,112,91,88,6,37,72,108,73,102,78,126,121" hai2="23,25,92,29,79,130,132,114,124,134,131,36,96" hai3="46,55,62,71,58,7,30,54,99,28,1,15,56"/><U33/><E33/><V66/><F36/><W123/><G1/><T70/><D111/><U59/><E37/><V109/><F109/><W80/><G71/><T32/><D116/><U89/><E108/><V104/><F104/><W101/><G46/><T16/><D70/><U57/><E121/><V48/><F79/><W9/><G80/><T34/><D127/><U74/><E126/><V120/><F120/><W11/><G11/><T90/><D106/><U98/><E6/><V81/><F81/><W93/><G123/><T45/><D90/><N who="1" m="34923" /><E57/><V44/><F66/><W115/><G115/><T100/><D100/><U94/><E59/><V110/><F110/><W42/><G42/><T77/><D77/><U83/><E112/><V53/><F114/><W76/><G76/><T118/><D118/><U95/><E78/><V14/><F14/><W31/><G31/><T8/><D8/><U49/><E49/><AGARI ba="0,0" hai="7,9,15,28,30,49,54,55,56,58,62,93,99,101" machi="49" ten="30,3900,0" yaku="7,1,8,1,52,1" doraHai="97" who="3" fromWho="1" sc="159,0,198,-39,219,0,424,39" /><INIT seed="6,0,0,0,0,78" ten="159,159,219,463" oya="2" hai0="1,10,7,129,34,59,79,36,127,11,31,32,22" hai1="110,84,66,49,133,120,0,114,18,100,29,5,101" hai2="119,131,80,60,62,40,105,2,103,9,17,48,8" hai3="54,61,70,130,108,77,106,112,20,134,28,26,69"/><V6/><F119/><W12/><G106/><T25/><D36/><U71/><E110/><V135/><F131/><W4/><G108/><T35/><D59/><U85/><E114/><V67/><F135/><W115/><G134/><T51/><D51/><U52/><E133/><V44/><F103/><W46/><G130/><T15/><D79/><U75/><E75/><V91/><F105/><W88/><G77/><T94/><D94/><U76/><E120/><V65/><F60/><W72/><G72/><T83/><D83/><N who="1" m="47207" /><E0/><V64/><F62/><W93/><G69/><T57/><D57/><N who="1" m="32911" /><E71/><V92/><F80/><W33/><G70/><T24/><D129/><U58/><E29/><V3/><F17/><W111/><G111/><T123/><D123/><U95/><E5/><V107/><F107/><W55/><G61/><T122/><D122/><U124/><E18/><V81/><F81/><W14/><G46/><T41/><D41/><U116/><E116/><V97/><REACH who="2" step="1"/><F65/><REACH who="2" ten="159,159,209,463" step="2"/><W47/><G112/><T38/><D127/><U109/><E109/><V89/><F89/><W13/><G115/><T16/><D38/><U113/><E113/><V118/><F118/><W82/><G82/><T27/><AGARI ba="0,1" hai="1,7,10,11,15,16,22,24,25,27,31,32,34,35" machi="27" ten="40,16000,3" yaku="0,1,35,6,54,1" doraHai="78" who="0" fromWho="0" sc="159,170,159,-40,209,-80,463,-40" /><INIT seed="7,0,0,1,5,58" ten="329,119,129,423" oya="3" hai0="89,54,48,98,56,50,97,135,99,6,15,121,37" hai1="74,82,118,66,41,80,78,123,75,85,132,11,52" hai2="71,64,68,90,101,25,47,16,91,117,88,92,33" hai3="1,10,103,21,26,87,122,18,45,63,17,23,42"/><W62/><G122/><T76/><D121/><U128/><E123/><V116/><F47/><W133/><G133/><T43/><D37/><U46/><E132/><V31/><F16/><W106/><G103/><T34/><D34/><U72/><E128/><V109/><F109/><W0/><G106/><T79/><D135/><U55/><E118/><V35/><F35/><W126/><G126/><T30/><D30/><U8/><E66/><V95/><F101/><W112/><G112/><T14/><D89/><U32/><E32/><V86/><F90/><W53/><G53/><N who="0" m="31799" /><D43/><U102/><E102/><V96/><REACH who="2" step="1"/><F64/><REACH who="2" ten="329,119,119,423" step="2"/><W119/><G119/><AGARI ba="0,1" hai="25,31,33,68,71,86,88,91,92,95,96,116,117,119" machi="119" ten="40,12000,2" yaku="1,1,2,1,54,1,53,3" doraHai="58" doraHaiUra="113" who="2" fromWho="3" sc="329,0,119,0,119,130,423,-120" owari="329,43.0,119,-38.0,249,-15.0,303,10.0" /></mjloggm>