<mjloggm ver="2.3"><GO type="225" lobby="0"/><UN n0="%E3%83%A2%E3%83%B3%E3%83%88%E3%83%AA%E3%83%BC%E3%83%B4%E3%82%A9" n1="%E3%82%A6%E3%83%AB%E3%83%88%E3%83%A9%E7%AB%8B%E7%9B%B4" n2="%E5%86%92%E9%99%BA%E7%8E%8B%E3%83%8B%E3%82%A3%E3%83%88" n3="%E5%90%84%E5%8B%99%E6%9C%88%E5%B7%B3" dan="16,16,16,16" rate="2143.88,2021.43,2062.95,2029.65" sx="M,M,M,F"/><TAIKYOKU oya="0"/><INIT seed="0,0,0,0,3,40" ten="250,250,250,250" oya="0" hai0="124,89,102,93,26,128,74,123,126,72,127,133,98" hai1="100,111,73,129,114,32,97,81,120,61,75,83,86" hai2="10,6,112,135,41,91,23,84,55,52,9,42,134" hai3="60,68,69,54,13,39,15,57,77,24,76,70,80"/><T19/><D123/><U46/><E32/><V64/><F112/><W119/><G119/><T0/><D0/><U96/><E120/><V103/><F64/><W7/><G24/><T37/><D37/><U78/><E61/><V16/><F103/><W27/><G27/><T48/><D133/><N who="2" m="50698" /><F42/><W34/><G34/><T31/><D128/><U122/><E122/><V25/><F41/><W45/><G7/><T88/><D19/><U22/><E22/><V8/><F6/><W59/><G59/><T12/><D12/><U130/><E46/><V118/><F118/><W28/><G28/><T79/><D48/><U85/><E114/><V53/><F10/><W21/><G21/><N who="0" m="15823" /><D79/><U107/><E111/><V101/><F101/><W116/><G116/><T11/><D11/><U3/><E3/><V35/><F35/><W71/><G77/><T82/><D102/><U94/><E129/><V108/><F108/><W29/><G70/><T20/><D20/><U105/><E130/><V110/><F110/><W43/><REACH who="3" step="1"/><G29/><REACH who="3" ten="250,250,250,240" step="2"/><T104/><D127/><U131/><E131/><V50/><F50/><W4/><G4/><T115/><D126/><U121/><E121/><V66/><F66/><W2/><G2/><T14/><D124/><U109/><E109/><V106/><F106/><W56/><G56/><T62/><D104/><U33/><E33/><V99/><F99/><W18/><G18/><T30/><D30/><U51/><E105/><V87/><F87/><AGARI ba="0,1" hai="13,15,39,43,45,54,57,60,68,69,71,76,80,87" machi="87" ten="40,2600,0" yaku="1,1,52,1,53,0" doraHai="40" doraHaiUra="90" who="3" fromWho="2" sc="250,0,250,0,250,-26,240,36" /><INIT seed="1,0,0,0,3,99" ten="250,250,224,276" oya="1" hai0="37,50,33,77,0,65,118,81,26,8,59,80,2" hai1="35,63,103,75,24,74,125,102,69,48,89,15,88" hai2="112,20,49,12,28,109,11,84,45,101,43,61,92" hai3="117,128,36,53,115,96,62,68,130,134,104,14,91"/><U55/><E15/><V82/><F112/><W42/><G115/><T105/><D37/><U52/><E24/><V58/><F109/><W90/><G134/><T18/><D105/><U67/><E35/><V3/><F3/><W32/><G32/><T19/><D118/><U107/><E125/><V124/><F124/><W86/><G117/><T122/><D122/><U126/><E126/><V29/><F20/><W16/><G36/><T83/><D77/><U85/><E107/><V54/><F92/><W47/><G68/><T64/><D50/><U123/><E123/><V34/><F34/><W87/><G42/><T131/><D131/><N who="3" m="50217" /><G90/><T17/><D8/><U6/><E6/><V76/><REACH who="2" step="1"/><F101/><REACH who="2" ten="250,250,214,276" step="2"/><N who="3" m="62503" /><G91/><T9/><D33/><U94/><E102/><V1/><F1/><W56/><G47/><T121/><D0/><U78/><E103/><V39/><F39/><W23/><AGARI ba="0,1" hai="14,16,23,53,56,62,86,87" m="62503,50217" machi="23" ten="30,4000,0" yaku="19,1,52,1,54,1" doraHai="99" who="3" fromWho="3" sc="250,-10,250,-20,214,-10,276,50" /><INIT seed="2,0,0,3,3,12" ten="240,230,204,326" oya="2" hai0="26,109,6,65,133,130,87,67,29,76,91,4,106" hai1="60,59,1,119,68,85,38,112,30,98,20,123,79" hai2="9,127,23,132,117,82,27,95,15,114,129,45,118" hai3="58,8,34,108,105,14,70,81,100,24,89,13,40"/><V99/><F114/><W64/><G70/><T84/><D106/><U73/><E1/><V39/><F127/><W37/><G37/><T57/><D109/><U49/><E38/><V94/><F94/><W122/><G122/><T52/><D130/><U44/><E68/><V120/><F120/><W53/><G108/><T46/><D133/><U35/><E35/><V90/><F132/><W16/><G100/><T42/><D76/><U116/><E73/><V47/><F129/><W92/><G105/><T126/><D126/><U131/><E131/><V121/><F121/><W7/><G40/><T22/><D65/><U21/><E112/><V78/><F39/><W61/><G81/><N who="0" m="49551" /><D87/><U66/><E123/><V54/><F54/><W107/><G107/><T3/><D67/><U128/><E128/><V0/><F0/><W17/><G64/><T2/><D2/><U74/><E74/><V97/><F97/><W56/><G56/><T103/><D103/><U33/><E98/><V31/><F118/><W71/><G71/><T125/><D3/><U50/><E116/><V96/><F96/><W115/><G115/><T111/><D111/><U135/><E135/><V32/><F117/><W101/><G101/><T88/><D125/><U93/><E119/><V75/><REACH who="2" step="1"/><F32/><REACH who="2" ten="240,230,194,326" step="2"/><W43/><G34/><T83/><D52/><U10/><E33/><V5/><AGARI ba="0,1" hai="5,9,15,23,27,31,45,47,75,78,82,90,95,99" machi="5" ten="20,12000,1" yaku="1,1,2,1,0,1,7,1,53,1" doraHai="12" doraHaiUra="86" who="2" fromWho="2" sc="240,-40,230,-40,194,130,326,-40" /><INIT seed="2,1,0,0,5,37" ten="200,190,324,286" oya="2" hai0="10,107,35,41,69,32,117,52,46,93,134,51,99" hai1="60,115,36,11,66,45,110,106,79,105,121,5,128" hai2="73,29,12,98,104,24,21,103,125,38,22,114,101" hai3="28,43,62,16,72,7,129,14,4,67,18,61,56"/><V116/><F116/><W17/><G72/><T92/><D69/><U42/><E115/><V19/><F38/><W113/><G113/><T102/><D117/><U26/><E121/><V2/><F114/><W68/><G28/><T6/><D134/><U3/><E110/><V86/><F73/><W78/><G78/><T133/><D133/><U77/><E128/><V88/><F2/><W13/><G129/><T123/><D123/><U50/><E50/><V83/><REACH who="2" step="1"/><F103/><REACH who="2" ten="200,190,314,286" step="2"/><W54/><G13/><T85/><D102/><U108/><E108/><V74/><F74/><W119/><G119/><T127/><D127/><AGARI ba="1,1" hai="12,19,21,22,24,29,83,86,88,98,101,104,125,127" machi="127" ten="40,7700,0" yaku="1,1,54,1,53,1" doraHai="37" doraHaiUra="27" who="2" fromWho="0" sc="200,-80,190,0,314,90,286,0" /><INIT seed="2,2,0,4,2,134" ten="120,190,404,286" oya="2" hai0="53,54,78,55,44,101,29,69,22,124,23,126,125" hai1="76,43,10,14,77,93,90,41,15,75,20,30,39" hai2="68,7,25,111,70,61,130,56,0,105,80,19,102" hai3="110,86,82,27,113,58,16,103,31,4,123,97,109"/><V9/><F130/><W95/><G123/><T108/><D108/><N who="3" m="41577" /><G4/><T47/><D69/><U13/><E39/><V40/><F111/><W119/><G119/><T89/><D101/><U98/><E75/><V11/><F40/><N who="1" m="15433" /><E10/><V92/><F105/><W115/><G58/><T122/><D122/><U87/><E87/><V129/><F129/><W62/><G62/><T91/><D78/><U36/><E36/><V132/><F132/><W96/><G96/><T59/><D59/><U133/><E133/><V81/><F70/><W107/><G107/><T45/><D29/><U37/><E37/><V73/><F68/><W24/><G16/><T28/><D28/><U128/><E128/><V63/><F63/><W60/><G60/><T74/><D74/><U2/><E2/><V17/><F73/><W67/><G67/><T32/><D32/><U26/><AGARI ba="2,0" hai="13,14,15,20,26,30,76,77,90,93,98" m="15433" machi="26" ten="30,1100,0" yaku="8,1" doraHai="134" who="1" fromWho="1" sc="120,-5,190,17,404,-7,286,-5" /><INIT seed="3,0,0,5,3,6" ten="115,207,397,281" oya="3" hai0="42,116,92,74,2,67,36,3,27,21,68,12,121" hai1="44,135,95,98,87,108,33,72,70,55,85,45,80" hai2="13,111,106,91,54,51,24,115,16,11,94,29,88" hai3="117,5,119,48,35,101,61,57,14,58,93,122,39"/><W102/><G35/><T26/><D74/><U64/><E64/><V99/><F115/><W59/><G39/><T20/><D121/><U73/><E70/><V31/><F106/><W84/><G122/><T60/><D116/><U100/><E33/><V22/><F111/><W90/><G119/><T62/><D36/><U63/><E44/><N who="2" m="28007" /><F91/><W53/><G117/><T47/><D92/><U112/><E63/><V129/><F129/><W75/><G75/><T118/><D118/><U103/><E55/><V7/><AGARI ba="0,0" hai="7,11,13,16,22,24,29,31,88,94,99" m="28007" machi="7" ten="30,7900,0" yaku="8,1,52,1,54,2" doraHai="6" who="2" fromWho="2" sc="115,-20,207,-20,397,79,281,-39" owari="95,-40.0,187,-21.0,476,57.0,242,4.0" /></mjloggm>