<mjloggm ver="2.3"><GO type="97" lobby="0"/><UN n0="%E5%9B%A0%E5%B9%A1" n1="%E3%81%82%E3%81%8D%E3%81%A8%EF%BC%BE%E3%80%82%EF%BC%BE" n2="%6A%75%72%69%65%73%75" n3="%E3%82%A6%E3%83%AB%E3%83%88%E3%83%A9%E7%AB%8B%E7%9B%B4" dan="14,13,14,15" rate="1886.29,1804.84,1915.09,2022.92" sx="F,M,M,M"/><TAIKYOKU oya="0"/><INIT seed="0,0,0,4,5,83" ten="250,250,250,250" oya="0" hai0="26,43,7,27,106,97,20,116,123,91,70,103,113" hai1="121,6,82,120,86,122,64,45,32,37,119,42,57" hai2="94,98,8,72,125,76,1,104,62,54,71,25,13" hai3="21,30,61,93,51,128,36,130,33,11,107,41,66"/><T89/><D123/><U117/><E32/><V38/><F104/><W92/><G33/><T55/><D116/><U108/><E6/><V88/><F1/><W100/><G36/><T60/><D113/><U12/><E12/><V19/><F38/><W124/><G11/><T56/><D43/><U133/><E133/><V105/><F105/><W24/><G124/><T99/><D7/><U69/><E108/><V85/><F125/><W53/><G41/><T3/><D3/><U109/><E109/><V40/><F40/><W29/><G29/><T101/><D70/><U68/><E82/><V67/><F72/><W23/><G23/><T48/><D48/><U4/><E4/><V10/><F25/><W2/><G2/><T95/><REACH who="0" step="1"/><D27/><REACH who="0" ten="240,250,250,250" step="2"/><U5/><E5/><V112/><F112/><W59/><G130/><T134/><D134/><U63/><E86/><V77/><F71/><AGARI ba="0,1" hai="37,42,45,57,63,64,68,69,71,117,119,120,121,122" machi="71" ten="50,6400,0" yaku="34,3" doraHai="83" who="1" fromWho="2" sc="240,0,250,74,250,-64,250,0" /><INIT seed="1,0,0,3,2,47" ten="240,324,186,250" oya="1" hai0="129,63,91,37,102,114,111,24,15,19,122,71,20" hai1="58,61,87,4,51,59,3,105,100,118,116,6,14" hai2="127,18,131,9,26,25,89,90,95,96,35,62,39" hai3="22,10,88,5,27,73,130,56,84,50,1,74,49"/><U72/><E72/><V65/><F39/><W32/><G32/><T66/><D114/><U64/><E3/><V82/><F127/><W120/><G120/><T79/><D122/><U68/><E105/><V2/><F131/><W97/><G130/><T75/><D129/><U28/><E100/><V45/><F26/><W99/><G74/><T98/><D37/><U115/><E115/><V46/><F2/><W43/><G73/><T124/><D124/><U104/><E104/><V103/><F35/><W128/><G128/><T17/><D111/><U36/><E36/><V33/><F33/><W13/><G1/><T7/><D7/><N who="1" m="2603" /><E118/><V109/><F109/><W57/><G57/><T70/><D79/><U76/><E116/><V29/><F29/><N who="3" m="17655" /><G43/><T69/><D75/><U8/><E28/><V92/><F82/><N who="3" m="49175" /><G56/><T23/><REACH who="0" step="1"/><D91/><REACH who="0" ten="230,324,186,250" step="2"/><U30/><E76/><V101/><F90/><W38/><G38/><T42/><D42/><U21/><E64/><V123/><F123/><W108/><G108/><T135/><D135/><U126/><E126/><V94/><F89/><W67/><G67/><T41/><D41/><U54/><E54/><V112/><F112/><W53/><G53/><T106/><AGARI ba="0,1" hai="15,17,19,20,23,24,63,66,69,70,71,98,102,106" machi="106" ten="20,2700,0" yaku="1,1,0,1,7,1,53,0" doraHai="47" doraHaiUra="83" who="0" fromWho="0" sc="230,37,324,-13,186,-7,250,-7" /><INIT seed="2,0,0,0,1,47" ten="267,311,179,243" oya="2" hai0="132,20,23,85,88,118,52,36,116,110,117,121,70" hai1="84,12,74,123,31,39,129,0,133,62,17,9,127" hai2="27,71,5,34,105,18,77,95,61,40,120,10,109" hai3="124,48,102,67,6,3,98,29,56,22,114,66,107"/><V14/><F105/><W104/><G124/><T16/><D121/><U93/><E74/><V13/><F77/><W113/><G6/><T21/><D70/><U111/><E39/><V43/><F43/><W73/><G3/><T30/><D36/><U25/><E123/><V15/><F40/><W89/><G89/><T37/><D37/><U115/><E115/><N who="3" m="44042" /><G73/><T35/><D110/><U50/><E111/><V69/><F109/><W33/><G33/><T4/><D4/><U119/><E119/><V60/><F120/><W59/><G59/><T108/><D108/><U99/><E127/><V100/><F71/><W64/><G107/><T90/><D132/><U80/><E133/><V79/><F79/><W75/><G75/><T42/><D42/><U112/><E112/><V45/><F45/><W134/><G134/><T125/><D125/><U57/><E129/><V101/><F69/><W68/><G68/><T41/><D41/><U7/><E57/><V8/><F100/><W51/><G56/><T46/><D30/><U24/><E62/><V63/><F34/><W32/><G32/><T54/><D35/><U55/><E31/><V97/><REACH who="2" step="1"/><F27/><AGARI ba="0,0" hai="22,27,29,48,51,64,66,67,98,102,104" m="44042" machi="27" ten="30,3900,0" yaku="11,1,52,2" doraHai="47" who="3" fromWho="2" sc="267,0,311,0,179,-39,243,39" /><INIT seed="3,0,0,0,2,131" ten="267,311,140,282" oya="3" hai0="48,31,120,25,101,45,124,54,39,44,108,71,34" hai1="102,85,29,82,16,72,104,5,19,14,51,38,69" hai2="135,0,98,132,112,73,117,86,70,115,18,78,96" hai3="58,50,26,23,105,74,65,41,76,57,119,123,83"/><W75/><G123/><T2/><D120/><U40/><E69/><V106/><F70/><W126/><G105/><T43/><D108/><U30/><E72/><V13/><F0/><W36/><G119/><T90/><D71/><U128/><E38/><V64/><F64/><W92/><G36/><T10/><D124/><U79/><E128/><V122/><F122/><W53/><G126/><T114/><D114/><U11/><E104/><V99/><F13/><W47/><G92/><T59/><D101/><U91/><E102/><V7/><F18/><N who="1" m="6697" /><E91/><V63/><F7/><W129/><G129/><T52/><D90/><U15/><E15/><V20/><F63/><W12/><G12/><T9/><D2/><U88/><E88/><V81/><F20/><W103/><G103/><T68/><REACH who="0" step="1"/><D68/><REACH who="0" ten="257,311,140,282" step="2"/><U4/><E4/><V22/><F22/><W133/><G65/><T35/><D35/><U121/><E121/><V61/><F117/><W56/><G41/><T111/><D111/><U89/><E89/><V67/><F67/><W127/><G127/><T6/><D6/><U1/><E1/><V94/><F61/><AGARI ba="0,1" hai="9,10,25,31,34,39,43,44,45,48,52,54,59,61" machi="61" ten="30,3900,0" yaku="1,1,7,1,54,1,53,0" doraHai="131" doraHaiUra="118" who="0" fromWho="2" sc="257,49,311,0,140,-39,282,0" owari="306,11.0,311,41.0,101,-40.0,282,-12.0" /></mjloggm>