<mjloggm ver="2.3"><GO type="41" lobby="0"/><UN n0="%79%79%2D%32%34" n1="%E3%82%A6%E3%83%AB%E3%83%88%E3%83%A9%E7%AB%8B%E7%9B%B4" n2="%53%55%4E%53%55%4E" n3="%E5%8A%A0%E6%B2%BB%E6%9C%A8%E3%82%86%E3%81%BF%E3%81%A1%E3%82%83%E3%82%93" dan="14,16,13,13" rate="1817.36,2061.77,1926.47,1826.26" sx="M,M,M,F"/><TAIKYOKU oya="0"/><INIT seed="0,0,0,3,5,27" ten="250,250,250,250" oya="0" hai0="84,10,16,58,32,85,60,17,4,22,119,28,74" hai1="128,29,34,9,18,103,108,26,38,101,47,6,135" hai2="72,39,102,120,77,15,90,82,49,99,41,92,132" hai3="133,64,21,53,57,35,23,112,122,54,48,121,61"/><T67/><D119/><U80/><E128/><V19/><F120/><W52/><G35/><T129/><D74/><U45/><E135/><V117/><F132/><W62/><G133/><T81/><D32/><U78/><E108/><V14/><F39/><W24/><G23/><T25/><D129/><U88/><E18/><V95/><F117/><W109/><G109/><T113/><D84/><U79/><E79/><V2/><F2/><W70/><G21/><T73/><D73/><U115/><E115/><V91/><F41/><W114/><G24/><T89/><D113/><N who="3" m="43625" /><G48/><T8/><REACH who="0" step="1"/><D10/><REACH who="0" ten="240,250,250,250" step="2"/><U0/><E78/><V123/><F123/><AGARI ba="0,1" hai="52,53,54,57,61,62,64,70,121,122,123" m="43625" machi="123" ten="30,7700,0" yaku="13,1,34,2,54,1" doraHai="27" who="3" fromWho="2" sc="240,0,250,0,250,-77,250,87" /><INIT seed="1,0,0,0,4,130" ten="240,250,173,337" oya="1" hai0="53,59,38,131,79,46,87,102,92,10,77,132,18" hai1="80,16,93,127,117,122,0,125,71,24,57,129,75" hai2="3,39,58,100,11,81,126,85,41,37,20,31,27" hai3="12,88,105,101,86,19,72,91,63,114,47,7,112"/><U74/><E71/><V99/><F126/><W33/><G72/><T5/><D131/><U111/><E0/><V8/><F39/><W73/><G33/><T69/><D69/><U90/><E129/><V29/><F3/><W103/><G73/><T60/><D18/><U28/><E122/><V42/><F31/><W104/><G7/><T107/><D107/><U128/><E128/><V108/><F108/><W13/><G19/><T43/><D102/><U133/><E117/><V23/><F23/><W96/><G63/><T62/><D62/><U61/><E111/><V40/><F37/><W9/><G86/><T17/><D17/><U115/><E115/><V83/><F58/><W32/><G32/><T82/><D132/><U113/><E113/><V14/><F14/><W68/><G9/><T78/><REACH who="0" step="1"/><D92/><REACH who="0" ten="230,250,173,337" step="2"/><U30/><E133/><V64/><F100/><W52/><G68/><T94/><D94/><U50/><E127/><V123/><F123/><W15/><G96/><T2/><AGARI ba="0,1" hai="2,5,10,38,43,46,53,59,60,77,78,79,82,87" machi="2" ten="20,2700,0" yaku="1,1,0,1,7,1,53,0" doraHai="130" doraHaiUra="95" who="0" fromWho="0" sc="230,37,250,-13,173,-7,337,-7" /><INIT seed="2,0,0,5,4,10" ten="267,237,166,330" oya="2" hai0="17,18,35,2,62,78,69,115,96,105,14,23,29" hai1="26,7,15,100,77,65,57,46,99,19,20,70,126" hai2="42,74,28,50,5,38,36,24,51,135,87,98,95" hai3="123,104,54,101,102,32,132,56,63,108,111,122,0"/><V83/><F74/><W30/><G0/><T53/><D115/><U37/><E70/><V49/><F5/><W117/><G117/><T3/><D78/><U106/><E126/><V86/><F135/><W125/><G132/><T64/><D53/><U47/><E37/><V66/><F66/><W81/><G125/><T31/><D29/><U76/><E76/><V22/><F38/><W91/><G30/><T11/><D18/><U52/><E65/><V16/><F36/><W121/><G32/><T119/><D23/><U67/><E67/><V48/><N who="2" m="12800" /><DORA hai="85" /><V44/><F42/><W13/><G13/><T94/><D94/><U1/><E1/><V113/><F44/><W118/><G118/><T90/><D90/><U88/><E77/><V4/><F4/><W73/><G104/><T84/><D84/><U9/><E88/><N who="2" m="55655" /><F113/><W8/><G8/><T40/><D40/><U60/><AGARI ba="0,0" hai="7,9,15,19,20,26,46,47,52,57,60,99,100,106" machi="60" ten="20,5200,0" yaku="0,1,7,1,52,1,54,1" doraHai="10,85" who="1" fromWho="1" sc="267,-13,237,52,166,-26,330,-13" /><INIT seed="3,0,0,2,1,117" ten="254,289,140,317" oya="3" hai0="22,58,85,83,42,33,126,95,63,37,25,51,61" hai1="96,54,28,65,90,116,17,97,131,128,69,40,23" hai2="84,15,64,105,52,122,14,86,46,87,59,7,68" hai3="4,110,92,6,109,80,11,132,3,119,72,123,24"/><W81/><G119/><T20/><D33/><U19/><E116/><V50/><F122/><W2/><G132/><T108/><D108/><N who="3" m="41577" /><G92/><T29/><D126/><U115/><E40/><V32/><F32/><W127/><G127/><T56/><D37/><U39/><E39/><V75/><F75/><W130/><G130/><T5/><D5/><U66/><E28/><V98/><F105/><W111/><N who="3" m="41585" /><W13/><DORA hai="9" /><G72/><T31/><D51/><U35/><E96/><V113/><F98/><W112/><G112/><T21/><D42/><U99/><E97/><V0/><F0/><N who="3" m="43" /><G24/><T41/><D41/><U121/><E99/><V93/><F113/><W129/><G129/><T120/><D120/><U44/><E121/><V94/><F7/><N who="3" m="3327" /><G123/><T100/><D95/><N who="2" m="36362" /><F68/><W71/><G71/><T134/><D100/><U49/><E69/><V12/><F64/><W10/><G4/><T1/><D1/><AGARI ba="0,0" hai="1,6,10,80,81" m="3327,43,41585" machi="1" ten="40,7700,0" yaku="14,1,10,1,52,1" doraHai="117,9" who="3" fromWho="0" sc="254,-77,289,0,140,0,317,77" /><INIT seed="3,1,0,5,5,34" ten="177,289,140,394" oya="3" hai0="114,14,3,113,60,41,124,134,132,66,13,6,111" hai1="20,29,110,69,56,68,108,36,87,18,19,48,85" hai2="95,43,131,63,42,133,96,74,21,104,79,72,47" hai3="35,118,59,1,98,83,11,24,8,32,51,76,109"/><W116/><G109/><T100/><D100/><U65/><E29/><V53/><F104/><W107/><G51/><T121/><D41/><U33/><E33/><V4/><F4/><W55/><G107/><T50/><D50/><U101/><E101/><V0/><F0/><W126/><G126/><T105/><D105/><U62/><E36/><V26/><F131/><W127/><G127/><T9/><D124/><U125/><E125/><V61/><F133/><N who="0" m="51306" /><D111/><N who="1" m="42539" /><E19/><N who="2" m="12607" /><F74/><W2/><G98/><T91/><D91/><U93/><E93/><V38/><F72/><W102/><G102/><T92/><D92/><U80/><E48/><N who="2" m="28831" /><F79/><W115/><G76/><T86/><D86/><N who="1" m="32779" /><E80/><V28/><F38/><W10/><G83/><T39/><D121/><U81/><E81/><V128/><F28/><W78/><G78/><T99/><D99/><U67/><E67/><V84/><F84/><W23/><G59/><N who="0" m="37151" /><D39/><U119/><E119/><N who="3" m="45610" /><G55/><T117/><D117/><U52/><E65/><V25/><F25/><AGARI ba="1,0" hai="18,20,25,52,56,62,68,69" m="32779,42539" machi="25" ten="30,2000,0" yaku="14,1,54,1" doraHai="34" who="1" fromWho="2" sc="177,0,289,23,140,-23,394,0" /><INIT seed="4,0,0,3,4,53" ten="177,312,117,394" oya="0" hai0="111,26,52,9,90,128,80,29,96,10,66,54,120" hai1="112,117,18,77,23,68,16,104,118,92,61,22,33" hai2="135,34,88,126,74,32,25,63,108,0,99,24,19" hai3="83,11,60,5,45,101,125,2,15,106,84,57,30"/><T133/><D128/><U21/><E104/><V69/><F108/><W62/><G125/><T44/><D133/><U85/><E33/><V94/><F74/><W97/><G30/><T36/><D111/><U131/><E131/><V76/><F126/><W93/><G106/><T122/><D36/><U40/><E40/><V31/><F76/><W1/><G45/><T59/><D66/><U20/><E61/><V46/><F135/><W109/><G109/><T91/><D120/><U42/><E68/><V13/><F0/><W123/><G123/><T7/><D9/><U107/><E42/><V78/><F78/><W38/><G38/><T127/><D96/><U79/><E107/><V98/><F46/><W14/><G62/><N who="0" m="36199" /><D80/><U121/><E121/><V130/><F130/><W48/><G48/><N who="0" m="28935" /><D122/><U95/><E117/><V105/><F69/><W75/><G75/><T132/><D132/><U100/><E118/><V129/><F63/><W12/><G1/><T58/><D7/><U124/><E124/><V73/><F73/><W67/><G2/><T50/><D10/><U64/><E64/><V35/><F129/><W134/><G134/><T4/><D4/><U6/><E6/><V41/><F41/><W70/><G70/><T89/><D127/><U113/><E95/><V28/><F105/><W43/><G43/><T27/><D29/><U87/><E92/><V119/><F119/><W103/><G103/><T102/><D102/><U17/><N who="1" m="5632" /><DORA hai="51" /><U72/><E100/><V116/><F116/><W8/><G8/><T55/><AGARI ba="0,0" hai="26,27,50,55,58,89,90,91" m="28935,36199" machi="55" ten="30,18000,2" yaku="8,1,52,5,54,1" doraHai="53,51" who="0" fromWho="0" sc="177,180,312,-60,117,-60,394,-60" /><INIT seed="4,1,0,3,5,102" ten="357,252,57,334" oya="0" hai0="114,120,76,64,9,62,16,135,6,28,60,81,109" hai1="94,116,122,77,51,22,105,57,82,115,79,38,33" hai2="25,11,78,21,97,45,66,32,56,117,7,15,70" hai3="131,29,104,74,67,35,69,134,90,96,52,100,103"/><T36/><D120/><U101/><E33/><V65/><F117/><W87/><G74/><T80/><D109/><U12/><E38/><V31/><F70/><W55/><G103/><T0/><D16/><U130/><E122/><V47/><F78/><W99/><G99/><T13/><D28/><U3/><E3/><V71/><F71/><W68/><G68/><T121/><D114/><U83/><E116/><V43/><F97/><W85/><G134/><T1/><D36/><U108/><E108/><V125/><F125/><W2/><G2/><T58/><D135/><U39/><E39/><V26/><F56/><W84/><G90/><T27/><D80/><U93/><E115/><V23/><F32/><W89/><G89/><T113/><D27/><U46/><E130/><V75/><F75/><W112/><G112/><T95/><D95/><U72/><E57/><V5/><F5/><W50/><G50/><T48/><D48/><U91/><E12/><V14/><F14/><W4/><G4/><T124/><D124/><U106/><E22/><V59/><F59/><W119/><G131/><T49/><D49/><U24/><E24/><V63/><F63/><N who="3" m="40191" /><G119/><T30/><D113/><U18/><E18/><V37/><REACH who="2" step="1"/><F47/><REACH who="2" ten="357,252,47,334" step="2"/><W111/><G111/><T118/><D118/><U98/><E46/><V19/><AGARI ba="1,1" hai="7,11,15,19,21,23,25,26,31,37,43,45,65,66" machi="19" ten="20,5200,0" yaku="1,1,2,1,0,1,7,1,53,0" doraHai="102" doraHaiUra="54" who="2" fromWho="2" sc="357,-27,252,-14,47,65,334,-14" /><INIT seed="5,0,0,0,5,113" ten="330,238,112,320" oya="1" hai0="55,126,47,35,64,21,100,91,82,123,87,92,0" hai1="43,99,84,49,6,29,22,7,89,4,74,78,135" hai2="116,83,20,104,130,120,51,75,105,111,118,11,102" hai3="80,134,131,98,42,114,124,34,45,73,107,40,112"/><U1/><E135/><V96/><F120/><W32/><G134/><T106/><D126/><U71/><E71/><V37/><F37/><N who="3" m="21647" /><G42/><T53/><D35/><U28/><E1/><V16/><F111/><W110/><G110/><T121/><D0/><U9/><E74/><V57/><F130/><W67/><G131/><T79/><D64/><U109/><E109/><V19/><F105/><W127/><G67/><T95/><D47/><U122/><E122/><N who="0" m="46601" /><D21/><U44/><E9/><V10/><F10/><W27/><G73/><N who="0" m="43375" /><D95/><U8/><E8/><V56/><F56/><W88/><G88/><N who="0" m="53279" /><D106/><U59/><E59/><V50/><F50/><W128/><G80/><T94/><D100/><U3/><E3/><V41/><F11/><W18/><G128/><T77/><D77/><U129/><E129/><V90/><F19/><W15/><G98/><AGARI ba="0,0" hai="53,55,91,94,98" m="53279,43375,46601" machi="98" ten="30,2000,0" yaku="13,1,54,1" doraHai="113" who="0" fromWho="3" sc="330,20,238,0,112,0,320,-20" /><INIT seed="6,0,0,4,3,84" ten="350,238,112,300" oya="2" hai0="102,34,109,28,54,100,12,43,98,56,55,116,95" hai1="121,81,60,51,91,19,67,73,108,104,117,125,74" hai2="71,112,83,3,64,96,61,105,59,29,133,107,45" hai3="58,68,35,75,124,80,130,24,25,7,106,10,47"/><V115/><F3/><W53/><G68/><T110/><D116/><U88/><E104/><V76/><F133/><W23/><G130/><T63/><D28/><U90/><E117/><V33/><F96/><W122/><G122/><T15/><D34/><U131/><E108/><V2/><F2/><W13/><G106/><T5/><D43/><U77/><E131/><V39/><F71/><W1/><G124/><T118/><D118/><U36/><E36/><V22/><F33/><W37/><G75/><T4/><D56/><U114/><E125/><V97/><F97/><W69/><G69/><T93/><D98/><U6/><E6/><V11/><F11/><W86/><G37/><T18/><D18/><U49/><E74/><N who="2" m="43415" /><F22/><W17/><G47/><T41/><D41/><U9/><E121/><V70/><F29/><W30/><G25/><T94/><D93/><U57/><REACH who="1" step="1"/><E114/><REACH who="1" ten="350,228,112,300" step="2"/><N who="2" m="43563" /><F59/><W42/><G42/><AGARI ba="0,1" hai="39,42,45,61,64,70,105,107" m="43563,43415" machi="42" ten="30,2900,0" yaku="15,1,23,1" doraHai="84" who="2" fromWho="3" sc="350,0,228,0,112,39,300,-29" /><INIT seed="6,1,0,5,3,14" ten="350,228,151,271" oya="2" hai0="67,34,89,27,79,91,102,130,56,18,92,72,113" hai1="84,58,5,23,40,75,107,7,119,61,97,59,109" hai2="37,17,13,29,10,50,43,122,64,22,62,42,68" hai3="1,123,115,83,87,131,66,70,82,48,44,78,12"/><V103/><F122/><W20/><G123/><T90/><D130/><U125/><E75/><V133/><F133/><W54/><G1/><T121/><D113/><U24/><E109/><V73/><F73/><W31/><G131/><T98/><D79/><U8/><E119/><V110/><F110/><W120/><G120/><T95/><D34/><U86/><E125/><V52/><F103/><W0/><G0/><T4/><D4/><U118/><E118/><V33/><F37/><W2/><G2/><T39/><D39/><U28/><E40/><V80/><F80/><W134/><G134/><T127/><D127/><U32/><E32/><V69/><F69/><W49/><G115/><T108/><D108/><U30/><E30/><V41/><F33/><W104/><G104/><T38/><D38/><U71/><E71/><V53/><F29/><W129/><G129/><T124/><D124/><U112/><E59/><V94/><F94/><W35/><G35/><T76/><D76/><U57/><E57/><V65/><F65/><W101/><G101/><T128/><D128/><U11/><E112/><V88/><F88/><N who="0" m="33898" /><D72/><U3/><E97/><V36/><F36/><W9/><G83/><T117/><D67/><U45/><E107/><V55/><REACH who="2" step="1"/><F10/><REACH who="2" ten="350,228,141,271" step="2"/><W96/><G66/><T63/><D121/><U126/><E126/><V77/><F77/><W46/><G70/><T111/><D117/><U93/><E93/><V100/><F100/><W26/><G9/><T47/><D111/><U15/><E8/><V74/><F74/><W60/><G96/><T99/><D98/><U21/><E11/><RYUUKYOKU ba="1,1" sc="350,-10,228,-10,141,30,271,-10" hai2="13,17,22,41,42,43,50,52,53,55,62,64,68" /><INIT seed="6,2,1,0,4,16" ten="340,218,171,261" oya="2" hai0="112,57,105,129,132,89,23,72,40,41,39,54,22" hai1="90,117,106,107,76,125,44,15,120,49,5,110,130" hai2="126,51,119,95,66,104,97,121,42,65,36,47,61" hai3="60,52,19,50,134,87,84,2,68,80,128,99,3"/><V0/><F121/><W20/><G128/><T135/><D129/><U111/><E130/><V124/><F0/><W17/><G134/><N who="0" m="51243" /><D112/><U4/><E117/><V86/><F104/><W127/><G127/><N who="2" m="48681" /><F119/><W115/><G115/><T79/><D105/><U29/><E125/><V92/><F86/><W37/><G37/><T101/><D101/><U75/><E107/><V26/><F26/><W30/><G99/><T24/><D24/><U63/><E106/><V43/><F95/><W55/><G60/><N who="0" m="35895" /><D89/><U27/><E90/><V74/><F74/><W71/><G20/><N who="0" m="7723" /><D39/><U18/><E27/><V123/><F123/><W131/><G30/><T82/><AGARI ba="2,1" hai="40,41,72,79,82" m="7723,35895,51243" machi="82" ten="30,7900,0" yaku="20,1,52,3" doraHai="16" who="0" fromWho="0" sc="340,95,218,-22,171,-41,261,-22" /><INIT seed="7,0,0,1,4,18" ten="435,196,130,239" oya="3" hai0="29,9,118,93,133,85,21,7,13,104,92,124,27" hai1="34,73,51,47,82,129,72,62,60,135,74,28,68" hai2="56,19,79,106,87,33,38,131,103,24,111,14,59" hai3="20,39,101,119,76,132,36,128,10,100,83,5,57"/><W66/><G119/><T120/><D104/><U63/><E34/><V67/><F38/><W22/><G132/><T49/><D124/><U8/><E28/><V2/><F2/><W94/><G128/><T107/><D107/><U50/><E129/><V113/><F131/><W98/><G101/><T35/><D120/><U70/><E135/><V58/><F113/><W81/><G36/><T37/><D37/><U90/><E8/><V52/><F111/><W116/><G39/><T78/><D35/><U48/><E47/><V99/><F67/><W105/><G105/><T31/><D31/><U64/><E64/><V126/><F126/><W61/><G116/><T0/><D0/><U30/><E30/><V12/><F33/><W46/><G46/><T91/><D118/><U41/><E41/><V45/><F24/><W77/><G10/><T134/><D49/><U71/><E90/><V86/><F79/><AGARI ba="0,0" hai="48,50,51,60,62,63,68,70,71,72,73,74,79,82" machi="79" ten="50,3200,0" yaku="29,2" doraHai="18" who="1" fromWho="2" sc="435,0,196,32,130,-32,239,0" owari="435,53.0,228,-17.0,98,-40.0,239,4.0" /></mjloggm>