<mjloggm ver="2.3"><GO type="41" lobby="0"/><UN n0="%E3%82%A6%E3%83%AB%E3%83%88%E3%83%A9%E7%AB%8B%E7%9B%B4" n1="%4D%79%73%65%6C%66%2E" n2="%E3%81%9B%E3%81%B6%E3%82%93%E3%82%89%E3%81%A3%E3%81%97%E3%82%85" n3="%E3%83%88%E3%83%BC%E3%83%88%E3%83%AD%E7%88%BA" dan="16,14,13,14" rate="2069.06,1869.37,1850.82,2047.99" sx="M,M,M,M"/><TAIKYOKU oya="0"/><INIT seed="0,0,0,3,4,41" ten="250,250,250,250" oya="0" hai0="1,48,120,127,81,0,37,44,89,103,130,22,54" hai1="99,93,114,28,16,47,74,133,117,42,97,123,115" hai2="19,135,106,124,4,24,118,8,31,30,39,110,101" hai3="36,116,90,65,38,18,125,95,119,83,7,60,131"/><T35/><D35/><U49/><E117/><V17/><F118/><W52/><G119/><T53/><D120/><U104/><E123/><V5/><F39/><W51/><G116/><T105/><D127/><U58/><E28/><N who="2" m="10795" /><F106/><W132/><G125/><T27/><D130/><U21/><E74/><V82/><F101/><W3/><G131/><T45/><D103/><U77/><E77/><V40/><F124/><W71/><G83/><T43/><D105/><U128/><E128/><V25/><F40/><W66/><G66/><T9/><D9/><U98/><E104/><V80/><F135/><W59/><G132/><T50/><D43/><U70/><E70/><V62/><F62/><W34/><G34/><T64/><D37/><U73/><E58/><V126/><F126/><W102/><G102/><T96/><D64/><U15/><E73/><V108/><F8/><W84/><G36/><T87/><D96/><U57/><E57/><V122/><F82/><W69/><G38/><T92/><D81/><U33/><E33/><V121/><F80/><W32/><G32/><T20/><D20/><U78/><E78/><V76/><F76/><W55/><G69/><T100/><D100/><N who="1" m="60463" /><E133/><V23/><F122/><W113/><G71/><T88/><D89/><U68/><E68/><V12/><F121/><W109/><G90/><T14/><D14/><U29/><E29/><AGARI ba="0,0" hai="0,1,22,27,29,44,45,48,50,53,54,87,88,92" machi="29" ten="30,12000,1" yaku="7,1,9,1,52,2,54,1" doraHai="41" who="0" fromWho="1" sc="250,120,250,-120,250,0,250,0" /><INIT seed="0,1,0,3,4,38" ten="370,130,250,250" oya="0" hai0="73,32,94,9,70,80,52,55,109,14,116,50,11" hai1="34,5,122,89,90,82,120,22,57,87,81,27,86" hai2="46,118,12,96,66,95,64,35,60,117,77,110,59" hai3="97,39,65,124,18,123,36,30,7,114,74,134,92"/><T2/><D116/><N who="2" m="44650" /><F35/><W69/><G114/><T53/><D32/><U75/><E34/><V13/><F110/><W107/><G74/><T15/><D2/><U103/><E75/><V111/><F111/><W23/><G124/><T83/><D70/><U91/><E5/><V3/><F3/><W113/><G113/><T72/><D109/><U33/><E33/><V126/><F126/><W125/><G125/><T41/><D94/><U93/><E103/><N who="2" m="60831" /><F77/><W63/><G107/><T79/><D79/><U10/><E10/><N who="0" m="3593" /><D73/><U31/><E93/><V19/><F46/><W42/><G7/><T127/><D72/><U0/><E91/><V20/><F66/><W67/><G67/><T105/><D105/><U16/><E0/><V71/><F71/><W43/><G39/><T84/><D127/><U119/><E119/><V37/><F37/><W99/><G36/><T47/><D84/><U45/><E45/><V98/><F98/><W78/><G99/><T1/><D1/><U100/><E100/><V115/><F13/><AGARI ba="1,0" hai="13,14,15,41,47,50,52,53,55,80,83" m="3593" machi="13" ten="30,5800,0" yaku="8,1,52,1,54,1" doraHai="38" who="0" fromWho="2" sc="370,61,130,0,250,-61,250,0" /><INIT seed="0,2,0,4,3,17" ten="431,130,189,250" oya="0" hai0="103,129,127,110,88,12,135,46,118,50,24,78,61" hai1="116,31,51,7,119,2,38,56,100,63,84,27,59" hai2="102,75,108,96,87,122,3,37,65,40,91,9,73" hai3="16,5,10,11,94,107,36,34,132,80,41,8,106"/><T105/><D118/><U29/><E38/><V131/><F122/><W60/><G132/><T54/><D135/><U30/><E100/><V72/><F65/><W28/><G36/><T47/><D127/><U134/><E134/><V98/><F40/><W79/><G41/><T69/><D129/><U121/><E121/><V71/><F71/><W77/><G94/><T26/><D78/><U83/><E2/><V0/><F37/><W109/><G60/><T125/><D125/><U22/><E7/><V81/><F131/><W89/><G34/><T1/><D1/><U23/><E51/><V104/><F3/><W14/><G28/><T43/><D103/><U21/><E27/><V13/><F0/><W57/><G57/><T62/><D105/><U133/><E133/><V33/><F33/><W85/><G109/><T123/><D123/><U68/><E68/><V35/><F35/><W120/><G120/><T114/><D114/><U15/><E15/><V86/><F13/><W64/><G64/><T93/><D110/><U53/><REACH who="1" step="1"/><E56/><REACH who="1" ten="431,120,189,250" step="2"/><V92/><F108/><W117/><G5/><T126/><D126/><U42/><E42/><V55/><F55/><W20/><REACH who="3" step="1"/><G117/><REACH who="3" ten="431,120,189,240" step="2"/><T74/><D43/><U48/><E48/><V6/><F6/><W70/><G70/><T19/><D69/><U4/><E4/><V112/><F112/><W90/><G90/><AGARI ba="2,2" hai="21,22,23,29,30,31,53,59,63,83,84,90,116,119" machi="90" ten="40,8000,1" yaku="1,1,52,3,53,0" doraHai="17" doraHaiUra="95" who="1" fromWho="3" sc="431,0,120,106,189,0,240,-86" /><INIT seed="1,0,0,5,5,127" ten="431,226,189,154" oya="1" hai0="18,76,10,134,35,123,128,20,44,23,50,98,26" hai1="21,133,110,73,119,87,12,40,41,104,108,25,42" hai2="63,19,64,105,83,77,117,130,79,49,78,59,111" hai3="28,1,97,34,65,4,5,99,70,132,14,54,96"/><U95/><E104/><V39/><F117/><W53/><G1/><T107/><D35/><U125/><E73/><V135/><F39/><W33/><G132/><T30/><D134/><U100/><E119/><V51/><F135/><W71/><G65/><T116/><D116/><U52/><E133/><V55/><F105/><W131/><G96/><T85/><D10/><U6/><E125/><V7/><F7/><W118/><G118/><T22/><D22/><U120/><E120/><V56/><F111/><N who="1" m="42537" /><E12/><V112/><F112/><W126/><G14/><T45/><D107/><U90/><E6/><V89/><F130/><W72/><G28/><T88/><D128/><U92/><E100/><V16/><F51/><W91/><G126/><T0/><D0/><U69/><E69/><V57/><REACH who="2" step="1"/><F59/><REACH who="2" ten="431,226,179,154" step="2"/><W17/><G131/><T101/><D50/><U94/><E90/><V46/><F46/><W86/><G91/><T58/><D88/><U84/><E84/><AGARI ba="0,1" hai="16,19,49,55,56,57,63,64,77,78,79,83,84,89" machi="84" ten="40,5200,0" yaku="1,1,8,1,54,1,53,0" doraHai="127" doraHaiUra="29" who="2" fromWho="1" sc="431,0,226,-52,179,62,154,0" /><INIT seed="2,0,0,3,4,68" ten="431,174,241,154" oya="2" hai0="70,60,118,117,98,126,24,32,43,102,44,100,58" hai1="89,109,133,34,71,86,132,35,0,33,84,57,90" hai2="81,31,112,20,19,10,40,14,37,115,52,50,122" hai3="53,92,97,131,79,91,106,110,94,125,36,64,5"/><V88/><F122/><W28/><G125/><T116/><D70/><U85/><E71/><V101/><F101/><W66/><G110/><T99/><D126/><U26/><E109/><V63/><F115/><W62/><G131/><T69/><D69/><U39/><E57/><N who="2" m="35239" /><F112/><W25/><G79/><T45/><D24/><U27/><E0/><V78/><F37/><W17/><G106/><N who="0" m="63767" /><D32/><U134/><REACH who="1" step="1"/><E39/><REACH who="1" ten="431,164,241,154" step="2"/><V77/><F40/><W29/><G36/><T72/><D43/><U65/><E65/><V107/><F107/><W47/><G66/><N who="0" m="39191" /><D72/><U21/><E21/><V15/><F50/><W124/><G64/><T103/><D116/><U93/><E93/><V67/><F67/><W129/><G94/><T30/><D117/><U135/><N who="1" m="33792" /><DORA hai="128" /><U9/><E9/><V121/><F121/><W55/><G124/><T87/><D118/><U23/><E23/><V73/><F73/><W54/><G129/><T76/><D45/><U59/><E59/><V38/><F38/><W80/><G47/><T7/><D44/><U127/><E127/><V49/><F49/><W51/><G51/><T113/><D113/><U96/><E96/><V104/><F104/><W16/><G92/><T75/><D99/><U61/><E61/><V105/><F105/><W22/><G62/><T4/><D75/><U95/><E95/><V56/><F56/><W130/><G97/><T123/><D123/><U82/><E82/><V74/><F74/><W46/><G130/><T48/><D48/><U83/><E83/><V119/><F119/><W1/><G46/><T42/><D42/><U114/><E114/><RYUUKYOKU ba="0,1" sc="431,-10,164,30,241,-10,154,-10" hai1="26,27,33,34,35,84,85,86,89,90" /><INIT seed="3,1,1,1,0,41" ten="421,194,231,144" oya="3" hai0="60,119,92,36,68,72,61,53,39,118,0,20,126" hai1="130,121,128,59,2,117,124,52,63,133,80,32,29" hai2="109,33,98,106,74,28,84,78,31,4,14,57,19" hai3="104,71,120,10,129,85,47,35,48,101,99,66,127"/><W77/><G120/><T107/><D107/><U56/><E121/><V46/><F109/><W108/><G127/><T135/><D0/><U55/><E2/><V49/><F74/><W114/><G114/><T43/><D72/><U115/><E115/><V131/><F33/><W73/><G108/><T65/><D92/><U34/><E124/><V116/><F4/><W21/><G35/><T110/><D20/><U122/><E122/><V24/><F131/><N who="1" m="50217" /><E29/><V26/><F116/><W16/><G129/><T103/><D103/><U23/><E23/><N who="2" m="11767" /><F57/><W12/><G73/><T113/><D110/><U64/><E117/><V37/><F37/><W111/><G111/><T83/><D126/><U50/><E133/><V96/><F106/><W93/><G71/><T13/><D68/><U30/><E64/><V8/><F8/><W132/><G66/><T134/><D65/><U17/><E17/><V112/><F112/><W102/><G132/><T69/><D69/><U22/><E80/><N who="2" m="47127" /><F31/><W25/><G104/><T6/><D134/><U58/><E58/><V15/><F15/><W105/><G105/><T87/><D13/><U70/><E70/><V51/><F51/><W44/><G48/><T81/><D135/><U11/><E11/><V94/><F94/><W27/><G102/><T88/><D119/><U86/><E86/><V91/><F91/><W125/><G125/><T79/><D88/><U95/><E95/><V7/><F7/><N who="3" m="3167" /><G25/><AGARI ba="1,1" hai="22,25,30,32,34,50,52,55,56,59,63" m="50217" machi="25" ten="30,2000,0" yaku="19,1,54,1" doraHai="41" who="1" fromWho="3" sc="421,0,194,33,231,0,144,-23" /><INIT seed="4,0,0,1,1,28" ten="421,227,231,121" oya="0" hai0="56,117,105,119,93,118,35,134,122,94,73,127,32" hai1="11,48,65,131,1,76,60,8,34,64,44,128,96" hai2="126,121,50,99,3,6,87,89,120,135,33,72,61" hai3="58,67,13,69,104,78,7,68,12,16,43,17,106"/><T41/><D105/><U79/><E96/><V130/><F72/><W19/><G43/><T31/><D73/><U70/><E64/><V47/><F135/><W2/><G78/><T14/><D31/><U97/><E97/><V110/><F110/><W15/><G58/><T24/><D24/><U10/><E1/><V90/><F99/><W20/><G67/><T37/><D41/><U129/><REACH who="1" step="1"/><E34/><REACH who="1" ten="421,217,231,121" step="2"/><V25/><F121/><W46/><G20/><T26/><D122/><U49/><E49/><V36/><F120/><W38/><G2/><T116/><D32/><U123/><E123/><V107/><F107/><W63/><G104/><T77/><D35/><U54/><AGARI ba="0,1" hai="8,10,11,44,48,54,60,65,70,76,79,128,129,131" machi="54" ten="40,5200,0" yaku="1,1,0,1,19,1,53,0" doraHai="28" doraHaiUra="22" who="1" fromWho="1" sc="421,-26,217,62,231,-13,121,-13" /><INIT seed="5,0,0,0,5,101" ten="395,279,218,108" oya="1" hai0="16,87,96,77,107,36,62,128,2,113,132,94,86" hai1="1,23,38,116,115,95,99,53,111,17,28,85,112" hai2="56,64,114,92,50,48,21,13,44,15,61,49,79" hai3="76,102,124,81,91,60,133,70,97,14,117,7,93"/><U108/><E116/><V55/><F79/><W126/><G117/><T8/><D36/><U134/><E38/><V104/><F104/><W72/><G7/><T24/><D107/><U43/><E1/><V33/><F33/><W4/><G4/><T40/><D40/><U123/><E123/><V45/><F92/><W12/><G133/><T68/><D132/><U84/><E43/><V11/><F114/><N who="1" m="43561" /><E28/><V105/><F105/><N who="3" m="63695" /><G14/><T129/><D113/><U20/><E53/><V47/><F21/><N who="1" m="8265" /><E17/><V106/><F106/><W58/><G12/><N who="0" m="7175" /><D2/><U73/><E73/><V39/><F15/><W110/><G70/><T119/><D119/><U31/><E31/><V46/><F11/><W98/><G58/><T88/><D24/><U35/><E35/><V18/><F18/><W42/><G42/><T83/><D68/><U37/><E37/><V90/><F90/><W109/><G60/><T10/><D10/><U120/><E120/><V135/><F13/><W25/><G25/><T118/><D62/><U100/><E134/><V67/><F135/><W27/><G27/><T26/><D26/><U57/><E57/><V89/><F89/><W103/><G103/><T19/><D19/><U0/><E0/><V41/><AGARI ba="0,0" hai="39,41,44,45,46,47,48,49,50,55,56,61,64,67" machi="41" ten="40,12000,2" yaku="0,1,35,6" doraHai="101" who="2" fromWho="2" sc="395,-30,279,-60,218,120,108,-30" /><INIT seed="6,0,0,5,5,22" ten="365,219,338,78" oya="2" hai0="128,104,66,5,24,44,113,6,21,92,99,9,18" hai1="135,49,96,80,106,94,86,8,130,93,97,53,117" hai2="101,20,121,119,11,51,77,90,40,103,30,118,61" hai3="62,84,76,65,26,108,55,52,10,31,13,48,47"/><V126/><F121/><W114/><G108/><T82/><D104/><U29/><E117/><V73/><F126/><W19/><G114/><T129/><D113/><U7/><E130/><V1/><F1/><W50/><G76/><T112/><D112/><U58/><E135/><V41/><F61/><W67/><G62/><T37/><D66/><U102/><E106/><V95/><F118/><W39/><G39/><T57/><D57/><U125/><E125/><V91/><F91/><W3/><G84/><T34/><D34/><U68/><E68/><V131/><F131/><N who="0" m="50250" /><D82/><U71/><E71/><V43/><F11/><W59/><REACH who="3" step="1"/><G3/><REACH who="3" ten="365,219,338,68" step="2"/><T56/><D37/><U2/><E86/><N who="2" m="52695" /><F77/><W70/><G70/><T110/><D110/><U72/><E72/><V36/><F36/><W133/><G133/><T89/><D99/><U134/><E134/><V120/><F73/><W25/><G25/><T27/><D24/><U33/><E80/><V87/><F120/><W107/><G107/><T64/><D27/><U85/><E85/><V54/><F87/><W17/><G17/><T79/><D18/><U116/><E116/><V132/><F132/><W98/><G98/><T111/><D111/><U69/><E69/><V28/><F119/><W32/><AGARI ba="0,1" hai="10,13,19,26,31,32,47,48,50,52,55,59,65,67" machi="32" ten="20,8000,1" yaku="1,1,0,1,7,1,52,1,54,1,53,0" doraHai="22" doraHaiUra="124" who="3" fromWho="3" sc="365,-20,219,-20,338,-40,68,90" /><INIT seed="7,0,0,2,2,113" ten="345,199,298,158" oya="3" hai0="32,123,96,57,131,105,118,129,99,132,17,13,111" hai1="72,39,15,127,36,73,115,130,46,104,53,59,47" hai2="21,22,43,34,82,10,100,0,50,128,88,78,108" hai3="41,65,74,81,19,75,2,20,69,94,40,76,25"/><W85/><G2/><T98/><D32/><U16/><E115/><V71/><F34/><W77/><G69/><T90/><D118/><U103/><E127/><V9/><F71/><W18/><G65/><T8/><D123/><U55/><E130/><N who="0" m="49673" /><D111/><U134/><E134/><V1/><F128/><W70/><G70/><T125/><D132/><U101/><E104/><V54/><F43/><W83/><REACH who="3" step="1"/><G19/><REACH who="3" ten="345,199,298,148" step="2"/><T56/><D125/><U31/><E31/><V102/><F108/><W121/><G121/><T52/><D17/><U33/><E16/><V110/><F110/><W120/><G120/><T27/><D105/><U107/><E107/><V93/><F1/><W122/><G122/><T89/><D57/><U28/><E59/><N who="2" m="33239" /><F0/><W86/><G86/><T60/><D98/><U116/><E28/><V6/><F6/><W26/><G26/><T4/><D27/><U95/><E73/><V109/><F109/><W133/><G133/><T58/><D96/><U49/><E72/><V68/><F68/><W37/><G37/><T80/><D99/><U35/><E39/><V51/><F102/><W106/><G106/><T38/><D38/><U42/><E36/><V67/><F67/><W84/><G84/><T124/><D124/><U97/><E103/><V92/><F100/><W64/><G64/><T29/><D4/><U117/><E15/><V112/><F112/><W12/><G12/><T30/><D13/><U79/><E101/><V11/><F51/><W7/><G7/><T44/><D58/><U48/><E49/><V14/><F14/><W23/><G23/><T24/><D56/><RYUUKYOKU ba="0,1" sc="345,-10,199,-10,298,-10,148,30" hai3="18,20,25,40,41,74,75,76,77,81,83,85,94" /><INIT seed="7,1,1,1,0,59" ten="335,189,288,178" oya="3" hai0="93,45,131,94,134,86,1,120,35,5,132,16,56" hai1="43,68,28,15,73,11,127,123,101,87,85,128,82" hai2="14,31,90,108,104,50,37,47,58,80,52,18,122" hai3="98,10,4,129,119,33,41,105,40,27,26,99,100"/><W13/><G119/><T110/><D35/><U124/><E123/><V44/><F104/><W65/><G129/><T38/><D120/><U115/><E128/><V42/><F108/><W118/><G118/><T112/><D110/><U70/><E43/><V92/><F122/><W77/><G77/><T89/><D131/><U116/><E116/><V22/><F31/><W121/><G121/><T48/><D112/><U46/><E46/><V54/><F80/><W55/><G99/><T3/><D5/><U63/><E101/><V125/><F125/><N who="1" m="48201" /><E115/><V49/><F37/><W6/><G6/><T36/><D36/><U96/><E96/><V83/><F83/><W67/><G55/><T53/><D94/><U84/><E28/><V117/><F117/><W130/><G130/><T78/><D78/><N who="1" m="44367" /><E63/><V24/><F42/><W64/><REACH who="3" step="1"/><G27/><REACH who="3" ten="335,189,288,168" step="2"/><T9/><D53/><U51/><E51/><V95/><F24/><W107/><G107/><T23/><D48/><U72/><E72/><V2/><F2/><W21/><G21/><T79/><D23/><U20/><E20/><V135/><F135/><W61/><G61/><T25/><D3/><U109/><E109/><V111/><F111/><W114/><G114/><T66/><D1/><U133/><E133/><V19/><F19/><AGARI ba="1,2" hai="11,15,19,68,70,84,85,87" m="44367,48201" machi="19" ten="30,1000,0" yaku="18,1" doraHai="59" who="1" fromWho="2" sc="335,0,189,33,288,-13,168,0" owari="335,43.0,222,-18.0,275,8.0,168,-33.0" /></mjloggm>