<mjloggm ver="2.3"><GO type="97" lobby="0"/><UN n0="%4E%6F%6F%6F%4E%61%6E%65" n1="%70%75%72%69%6E%40" n2="%E3%82%A6%E3%83%AB%E3%83%88%E3%83%A9%E7%AB%8B%E7%9B%B4" n3="%E5%B1%B1%E7%94%B0%E8%BC%AA%E5%AD%90" dan="13,13,15,15" rate="1847.55,1883.10,1991.19,2096.01" sx="M,M,M,F"/><TAIKYOKU oya="0"/><INIT seed="0,0,0,5,5,38" ten="250,250,250,250" oya="0" hai0="107,17,58,92,88,94,115,0,53,36,19,43,100" hai1="125,89,109,60,7,35,106,55,111,70,1,26,103" hai2="15,85,72,90,104,25,117,82,77,86,34,114,97" hai3="32,61,37,108,131,16,79,68,63,74,134,41,28"/><T24/><D0/><U75/><E89/><V50/><F25/><N who="3" m="18447" /><G16/><T101/><D115/><U130/><E125/><V122/><F15/><W31/><G63/><N who="0" m="36303" /><D107/><U6/><E130/><V71/><F71/><W62/><G62/><T93/><D36/><U129/><E129/><V9/><F9/><W91/><G91/><T65/><D43/><U27/><E75/><V87/><F34/><W3/><G31/><T99/><D65/><U29/><E55/><V59/><F114/><W76/><G76/><T126/><D126/><U30/><E60/><V4/><F4/><W105/><G3/><T98/><D24/><U135/><E70/><V51/><F117/><W2/><G2/><T33/><D33/><U110/><E103/><N who="0" m="39497" /><D99/><U73/><E106/><V46/><F104/><W127/><G105/><T8/><D17/><U120/><E73/><V66/><F97/><W45/><G127/><T47/><D47/><U112/><E112/><V54/><F72/><W56/><G131/><T12/><AGARI ba="0,0" hai="8,12,19,88,92,93,94,98" m="39497,36303" machi="12" ten="30,3000,0" yaku="8,1,54,1" doraHai="38" who="0" fromWho="0" sc="250,30,250,-10,250,-10,250,-10" /><INIT seed="0,1,0,1,3,52" ten="280,240,240,240" oya="0" hai0="53,44,12,92,4,109,77,110,98,101,15,114,75" hai1="72,60,108,49,86,63,102,81,10,97,135,117,96" hai2="56,115,35,36,23,125,24,42,118,8,30,31,62" hai3="40,132,14,74,78,33,20,100,57,111,13,105,7"/><T43/><D4/><U11/><E117/><V59/><F115/><W0/><G33/><T55/><D114/><U85/><E72/><V65/><F125/><W103/><G57/><N who="2" m="22089" /><F35/><W119/><G20/><T126/><D126/><U28/><E49/><V38/><F38/><W122/><G13/><T66/><D77/><U32/><E32/><V16/><F36/><W134/><G14/><T90/><D75/><U133/><E28/><N who="2" m="10795" /><F118/><W34/><G34/><T17/><D12/><U5/><E5/><V106/><F106/><W82/><G7/><T9/><D66/><U99/><E102/><N who="3" m="38954" /><G0/><T25/><D25/><U107/><E107/><V88/><F8/><N who="1" m="3113" /><E108/><N who="0" m="41577" /><D101/><U95/><E95/><V61/><F65/><W39/><G105/><T1/><D1/><U18/><E18/><V121/><F121/><W73/><G122/><T45/><D45/><U6/><E6/><V113/><F113/><W46/><G119/><T41/><D41/><U87/><E81/><V19/><F42/><W131/><G111/><T112/><D112/><U29/><E29/><V76/><F19/><W80/><G74/><T94/><D92/><U120/><E120/><V22/><F76/><W93/><G93/><T123/><D123/><U83/><E83/><V27/><F27/><W91/><G82/><T54/><D54/><U128/><E128/><V21/><F24/><W69/><G131/><T48/><AGARI ba="1,0" hai="9,15,17,43,44,48,53,55,90,94,98" m="41577" machi="48" ten="30,3000,0" yaku="14,1,10,1" doraHai="52" who="0" fromWho="0" sc="280,33,240,-11,240,-11,240,-11" /><INIT seed="0,2,0,4,4,94" ten="313,229,229,229" oya="0" hai0="33,110,89,29,79,68,42,85,12,109,70,21,25" hai1="76,95,93,128,100,102,77,83,28,66,101,135,91" hai2="103,113,75,115,44,24,60,120,45,15,62,108,58" hai3="86,49,2,47,117,124,106,96,127,82,104,34,54"/><T114/><D79/><N who="1" m="30283" /><E66/><V26/><F103/><W78/><G34/><T18/><D114/><U80/><E28/><V10/><F58/><W67/><G2/><T13/><D42/><U52/><E52/><V64/><F64/><W3/><G3/><T111/><REACH who="0" step="1"/><D12/><REACH who="0" ten="303,229,229,229" step="2"/><U48/><E135/><V5/><F15/><W43/><G117/><T81/><AGARI ba="2,1" hai="13,18,21,25,29,33,68,70,81,85,89,109,110,111" machi="81" ten="30,12000,1" yaku="1,1,2,1,0,1,14,1,10,1,53,0" doraHai="94" doraHaiUra="126" who="0" fromWho="0" sc="303,136,229,-42,229,-42,229,-42" /><INIT seed="0,3,0,1,3,119" ten="439,187,187,187" oya="0" hai0="49,38,91,62,70,113,110,54,8,108,117,42,22" hai1="80,35,129,89,99,100,84,74,68,134,19,67,131" hai2="52,45,2,7,3,128,26,41,87,36,107,127,37" hai3="94,65,121,15,31,5,30,59,24,28,102,58,85"/><T114/><D117/><U55/><E35/><V63/><F107/><W48/><G121/><T25/><D42/><U40/><E40/><V53/><F127/><W16/><G5/><T93/><D38/><U125/><E125/><V122/><F122/><W56/><G24/><T13/><D62/><U86/><E68/><V44/><F128/><N who="1" m="49225" /><E67/><V46/><F41/><W69/><G69/><T126/><D70/><U33/><E33/><V82/><F26/><W78/><G65/><T39/><D39/><N who="2" m="14922" /><F63/><W95/><G48/><T88/><D126/><U6/><E6/><V17/><F7/><W112/><G112/><T12/><D8/><U116/><E116/><V20/><F87/><W98/><G78/><T64/><D64/><U77/><E55/><N who="2" m="21067" /><F82/><W11/><G85/><N who="0" m="52367" /><D91/><U101/><E19/><V21/><F17/><W29/><N who="3" m="7168" /><DORA hai="104" /><W47/><G95/><T50/><D49/><U75/><E134/><V10/><F10/><W103/><G102/><N who="1" m="39530" /><E99/><V130/><F130/><W124/><G124/><T4/><D4/><U57/><E57/><V72/><F20/><W66/><G66/><T60/><D60/><U0/><E0/><N who="2" m="43" /><F21/><W23/><G23/><T18/><D114/><U120/><E120/><V105/><F105/><W76/><G59/><N who="0" m="33239" /><D113/><U123/><E123/><V96/><F96/><W133/><G58/><T34/><D34/><U9/><E9/><V135/><F135/><W51/><G133/><T83/><D83/><AGARI ba="3,0" hai="74,75,77,80,83,84,86,89" m="39530,49225" machi="83" ten="30,8000,1" yaku="19,1,34,2,52,2" doraHai="119,104" who="1" fromWho="0" sc="439,-89,187,89,187,0,187,0" /><INIT seed="1,0,0,4,5,59" ten="350,276,187,187" oya="1" hai0="12,25,55,48,31,91,112,63,20,95,44,53,22" hai1="64,128,74,126,125,127,102,46,65,41,33,122,133" hai2="54,50,92,103,17,5,80,131,49,94,28,51,36" hai3="40,116,9,43,119,10,27,107,14,132,58,21,30"/><U82/><E33/><V79/><F36/><W15/><G107/><T75/><D112/><U106/><E122/><V39/><F39/><W11/><G58/><N who="0" m="35279" /><D75/><U98/><E128/><V76/><F131/><W121/><G121/><T34/><D34/><U8/><E133/><V115/><F103/><W69/><G69/><T24/><D20/><U90/><E8/><V77/><F80/><W123/><G123/><T18/><D31/><U81/><E81/><V61/><F28/><W7/><G132/><T134/><D134/><U85/><REACH who="1" step="1"/><E74/><REACH who="1" ten="350,266,187,187" step="2"/><V130/><F130/><W72/><G72/><T45/><D24/><U135/><E135/><V16/><F115/><W26/><G26/><T1/><D25/><U118/><E118/><N who="3" m="45098" /><G10/><T101/><D1/><U93/><E93/><V19/><F5/><AGARI ba="0,1" hai="5,7,9,11,14,15,21,27,30,40,43" m="45098" machi="5" ten="30,1000,0" yaku="12,1" doraHai="59" who="3" fromWho="2" sc="350,0,266,0,187,-10,187,20" /><INIT seed="2,0,0,4,2,64" ten="350,266,177,207" oya="2" hai0="30,37,87,74,92,58,71,9,1,99,134,66,53" hai1="123,113,130,125,44,117,94,103,18,96,69,45,20" hai2="133,16,83,97,112,107,52,7,106,54,118,68,109" hai3="101,39,10,116,132,100,4,46,62,65,26,111,32"/><V11/><F118/><W126/><G116/><T89/><D37/><U3/><E117/><V77/><F112/><W102/><G126/><T105/><D74/><U88/><E113/><V13/><F68/><W31/><G132/><T114/><D134/><U98/><E3/><V35/><F35/><W129/><G129/><T119/><D114/><U56/><E130/><V59/><F133/><W49/><G39/><T78/><D78/><U2/><E2/><V73/><F109/><W8/><G111/><T22/><D9/><U41/><E125/><V47/><F97/><W34/><G34/><T50/><D1/><U70/><E56/><V79/><F79/><W29/><G29/><T48/><D71/><U121/><E45/><V127/><F127/><W43/><REACH who="3" step="1"/><G4/><REACH who="3" ten="350,266,177,197" step="2"/><T14/><D30/><U36/><E121/><V91/><F7/><W19/><G19/><T23/><D119/><U60/><E123/><V57/><F91/><W38/><G38/><T122/><D122/><U6/><E6/><V25/><F25/><W72/><G72/><T108/><D89/><U61/><E61/><V28/><F28/><W85/><G85/><T63/><D87/><U81/><E60/><V131/><F131/><W110/><G110/><T124/><D63/><U0/><E0/><V120/><F120/><W76/><G76/><T67/><D108/><U5/><E5/><V17/><F17/><W86/><G86/><T135/><D124/><U93/><E81/><V84/><F73/><W40/><G40/><T51/><D135/><U15/><AGARI ba="0,1" hai="15,18,20,36,41,44,69,70,88,93,94,96,98,103" machi="15" ten="20,8000,1" yaku="0,1,7,1,52,2,54,1" doraHai="64" who="1" fromWho="1" sc="350,-20,266,90,177,-40,197,-20" /><INIT seed="3,0,0,1,1,52" ten="330,356,137,177" oya="3" hai0="62,10,51,17,87,15,113,129,32,120,5,54,50" hai1="132,0,66,71,108,21,44,7,123,133,70,114,48" hai2="22,74,98,102,75,4,2,11,83,59,43,37,72" hai3="35,78,8,117,81,103,127,94,115,36,82,92,76"/><W100/><G35/><T73/><D120/><U24/><E123/><V55/><F22/><W16/><G36/><T77/><D73/><U96/><E114/><V42/><F83/><N who="3" m="31755" /><G16/><T41/><D113/><U39/><E39/><V93/><REACH who="2" step="1"/><F37/><REACH who="2" ten="330,356,127,177" step="2"/><W12/><G117/><T126/><D32/><U88/><E21/><V19/><F19/><N who="3" m="8583" /><G115/><T60/><D17/><U45/><E132/><V69/><F69/><W31/><G31/><T65/><D77/><N who="3" m="29801" /><G127/><T47/><D126/><U90/><E133/><V89/><F89/><W30/><G30/><T105/><D129/><U56/><E90/><V119/><F119/><W99/><G94/><T34/><D105/><U85/><E88/><AGARI ba="0,1" hai="88,92,99,100,103" m="29801,8583,31755" machi="88" ten="30,2900,0" yaku="8,1,54,1" doraHai="52" who="3" fromWho="1" sc="330,0,356,-29,127,0,177,39" /><INIT seed="3,1,0,5,4,60" ten="330,327,127,216" oya="3" hai0="8,99,50,47,106,43,12,91,16,116,21,114,71" hai1="127,76,66,88,5,26,29,19,7,14,78,89,55" hai2="52,67,10,77,131,31,3,18,105,87,119,129,102" hai3="134,109,72,117,58,93,85,86,132,68,126,125,70"/><W69/><G72/><T22/><D116/><U101/><E101/><V59/><F119/><W79/><G117/><T80/><D71/><U56/><E66/><V65/><F31/><W0/><G0/><T108/><D114/><U2/><E2/><V53/><F53/><W84/><G109/><T130/><D108/><U123/><E123/><V49/><F102/><W128/><G58/><T124/><D106/><U15/><E127/><N who="3" m="48650" /><G93/><N who="0" m="56767" /><D130/><N who="2" m="49674" /><F105/><W9/><G128/><T111/><D124/><U32/><E15/><N who="2" m="7543" /><F3/><W39/><G39/><T45/><D111/><U17/><E17/><V110/><F110/><W61/><G9/><T103/><D103/><U48/><E78/><V122/><F122/><W41/><G41/><T13/><D47/><U33/><E76/><V64/><F77/><W83/><G79/><T24/><D80/><U6/><REACH who="1" step="1"/><E33/><REACH who="1" ten="330,317,127,216" step="2"/><V121/><F121/><W27/><G83/><T107/><D107/><U96/><E96/><V51/><F87/><W1/><G1/><T104/><D104/><U20/><AGARI ba="1,1" hai="5,6,7,14,19,20,26,29,32,48,55,56,88,89" machi="20" ten="30,4000,0" yaku="1,1,0,1,54,1,53,0" doraHai="60" doraHaiUra="40" who="1" fromWho="1" sc="330,-11,317,53,127,-11,216,-21" owari="319,12.0,370,46.0,116,-38.0,195,-20.0" /></mjloggm>