<mjloggm ver="2.3"><GO type="225" lobby="0"/><UN n0="%E3%83%A2%E3%83%B3%E3%83%88%E3%83%AA%E3%83%BC%E3%83%B4%E3%82%A9" n1="%E3%83%AF%E3%82%A4%E3%83%AB%E3%83%89" n2="%40%E7%B4%94%E3%81%A1%E3%82%83%E3%82%93" n3="%E3%82%A6%E3%83%AB%E3%83%88%E3%83%A9%E7%AB%8B%E7%9B%B4" dan="16,16,17,16" rate="2137.49,2152.93,2185.44,2031.75" sx="M,M,M,M"/><TAIKYOKU oya="0"/><INIT seed="0,0,0,5,4,75" ten="250,250,250,250" oya="0" hai0="128,23,84,80,29,94,24,11,27,36,126,41,53" hai1="87,46,5,100,99,20,19,109,17,7,49,92,62" hai2="58,34,65,118,119,40,61,127,38,85,123,51,56" hai3="103,67,52,10,6,72,91,76,93,35,31,131,22"/><T42/><D126/><U130/><E109/><V1/><F34/><W117/><G35/><T26/><D128/><U9/><E130/><V134/><F1/><W57/><G131/><T13/><D36/><U47/><E62/><N who="2" m="38087" /><F85/><W2/><G67/><T4/><D94/><U101/><E101/><V125/><F38/><W90/><G117/><N who="2" m="44553" /><F123/><W44/><G44/><T104/><D104/><U88/><E20/><V135/><F51/><W106/><G22/><N who="0" m="15511" /><D53/><U15/><E19/><V86/><F86/><W45/><G31/><N who="0" m="17887" /><D27/><U96/><E47/><V98/><F98/><N who="1" m="37417" /><E100/><V28/><F40/><AGARI ba="0,0" hai="5,7,9,15,17,40,46,49,87,88,92" m="37417" machi="40" ten="30,2000,0" yaku="8,1,54,1" doraHai="75" who="1" fromWho="2" sc="250,0,250,20,250,-20,250,0" /><INIT seed="1,0,0,5,1,2" ten="250,270,230,250" oya="1" hai0="68,51,35,5,101,44,21,110,23,13,74,45,117" hai1="86,16,55,59,42,122,73,0,108,134,67,27,54" hai2="53,76,72,58,100,29,102,69,8,126,18,79,103" hai3="37,50,82,131,129,77,12,85,49,11,128,61,28"/><U4/><E73/><V47/><F126/><W32/><G37/><T88/><D74/><U3/><E122/><V78/><F69/><W10/><G28/><T115/><D35/><U92/><E134/><V133/><F133/><W57/><G32/><T112/><D68/><U41/><E108/><V66/><F29/><W87/><G87/><T99/><D117/><U111/><E111/><V132/><F132/><W63/><G11/><N who="0" m="4335" /><D110/><U91/><E67/><V34/><F34/><W9/><G9/><T114/><D114/><U107/><E107/><V124/><F124/><W48/><REACH who="3" step="1"/><G57/><REACH who="3" ten="250,270,230,240" step="2"/><T26/><D115/><U56/><E59/><V105/><F72/><W84/><G84/><T6/><D112/><U46/><E56/><V83/><F58/><W52/><G52/><T22/><D22/><U80/><E55/><V97/><F66/><W113/><G113/><T60/><D21/><U123/><E54/><V19/><F8/><W94/><G94/><T14/><D23/><U98/><E86/><N who="2" m="48487" /><F105/><W106/><G106/><T93/><D93/><U130/><E92/><V40/><F53/><W109/><G109/><T30/><D30/><U90/><E123/><V119/><F119/><W104/><G104/><T15/><D51/><U75/><E75/><V118/><F118/><W65/><G65/><T116/><D116/><U31/><E31/><V95/><F95/><W33/><G33/><T125/><D125/><U7/><E42/><V135/><F135/><W89/><G89/><T121/><D88/><U24/><E41/><V96/><F96/><W71/><G71/><T43/><D99/><RYUUKYOKU ba="0,1" sc="250,-10,270,-10,230,-10,240,30" hai3="10,12,48,49,50,61,63,77,82,85,128,129,131" /><INIT seed="2,1,1,1,0,11" ten="240,260,220,270" oya="2" hai0="43,74,91,133,44,28,24,125,59,18,107,35,90" hai1="71,30,93,67,55,94,56,118,69,63,52,81,129" hai2="19,85,45,89,62,115,97,40,99,80,50,0,13" hai3="49,108,82,72,124,96,46,120,37,121,109,4,130"/><V105/><F115/><W134/><G37/><T116/><D107/><U70/><E118/><V83/><F0/><W122/><G4/><T127/><D74/><U60/><E129/><V111/><F111/><N who="3" m="42571" /><G130/><T26/><D133/><U27/><E81/><V117/><F117/><W68/><G68/><T3/><D3/><U112/><E112/><V110/><F110/><W57/><G57/><T61/><D116/><U53/><REACH who="1" step="1"/><E63/><REACH who="1" ten="240,250,220,270" step="2"/><V104/><F80/><W119/><G119/><T39/><D127/><U73/><E73/><V10/><REACH who="2" step="1"/><F62/><REACH who="2" ten="240,250,210,270" step="2"/><W6/><G82/><T77/><D61/><U64/><E64/><V7/><F7/><W9/><G6/><T100/><D125/><U20/><AGARI ba="1,3" hai="20,27,30,52,53,55,56,60,67,69,70,71,93,94" machi="20" ten="40,5200,0" yaku="1,1,0,1,54,1,53,0" doraHai="11" doraHaiUra="86" who="1" fromWho="1" sc="240,-14,250,85,210,-27,270,-14" /><INIT seed="3,0,0,2,4,58" ten="226,335,183,256" oya="3" hai0="10,46,115,59,53,47,121,36,3,61,34,39,126" hai1="0,95,35,92,82,32,120,103,124,88,9,90,62" hai2="101,106,110,73,134,49,89,14,84,4,85,74,57" hai3="21,6,17,129,24,112,8,130,43,37,135,64,26"/><W109/><G43/><T72/><D34/><U104/><E120/><V87/><F49/><W108/><G64/><T119/><D72/><N who="2" m="27754" /><F57/><W29/><G37/><N who="0" m="14411" /><D3/><U52/><E104/><V81/><F14/><N who="3" m="5399" /><G112/><T102/><D10/><U79/><E103/><V123/><F4/><W105/><G105/><T23/><D102/><U18/><E124/><V91/><F123/><W69/><G69/><T20/><D20/><U2/><E18/><V70/><F70/><W30/><G135/><T86/><D23/><U28/><E28/><N who="3" m="10858" /><G26/><T71/><D121/><U1/><E9/><V16/><F16/><W78/><G78/><T83/><D71/><U55/><E2/><V63/><F63/><W67/><G67/><T100/><D126/><U132/><E132/><V44/><F44/><W54/><G54/><T96/><D47/><U77/><E62/><V75/><F134/><W118/><G118/><T12/><D46/><U22/><E22/><V98/><F110/><AGARI ba="0,0" hai="17,21,24,108,109,110,129,130" m="10858,5399" machi="110" ten="30,11600,0" yaku="14,1,10,1,34,2" doraHai="58" who="3" fromWho="2" sc="226,0,335,0,183,-116,256,116" owari="226,-17.0,335,14.0,67,-43.0,372,46.0" /></mjloggm>