<mjloggm ver="2.3"><GO type="97" lobby="0"/><UN n0="%E5%85%AC%E5%9C%92%E5%AF%BA" n1="%E3%82%A6%E3%83%AB%E3%83%88%E3%83%A9%E7%AB%8B%E7%9B%B4" n2="%69%6E%69" n3="%EF%BC%9D%E6%B0%B4%E8%89%B2%E6%A7%98%EF%BC%9D" dan="14,15,13,13" rate="1877.09,2025.02,1941.22,1896.48" sx="M,M,M,M"/><TAIKYOKU oya="0"/><INIT seed="0,0,0,1,0,69" ten="250,250,250,250" oya="0" hai0="45,133,11,57,118,70,72,18,47,79,34,37,122" hai1="88,109,74,64,135,67,9,56,53,111,83,52,43" hai2="107,21,77,33,35,4,113,85,66,112,48,14,59" hai3="25,97,39,115,5,134,71,50,6,24,92,40,26"/><T126/><D79/><U82/><E9/><V120/><F120/><W62/><G115/><T131/><D57/><U87/><E135/><V81/><F107/><W119/><G119/><T121/><D47/><U124/><E124/><V55/><F66/><W130/><G134/><T8/><D45/><U41/><E74/><V68/><F68/><W16/><G130/><T27/><D27/><U44/><E56/><V102/><F102/><W76/><G76/><T108/><D18/><U42/><E44/><V99/><F99/><W3/><G3/><T0/><D11/><U10/><E10/><V132/><F132/><W29/><G29/><T80/><D8/><U78/><E78/><V95/><F95/><W2/><G2/><T94/><D94/><U17/><E17/><V93/><F93/><W123/><G123/><T117/><D80/><U1/><E1/><V32/><REACH who="2" step="1"/><F4/><REACH who="2" ten="250,250,240,250" step="2"/><W104/><G104/><T75/><D121/><U84/><E67/><V12/><F12/><W128/><G5/><T96/><D96/><U38/><E64/><V60/><F60/><W7/><G6/><T28/><D118/><U100/><E100/><V65/><F65/><W86/><G7/><T13/><D13/><U61/><E61/><V114/><F114/><W58/><G71/><T51/><D28/><U19/><E83/><V23/><F23/><W31/><G62/><T54/><D51/><U106/><E82/><V103/><F103/><W22/><G50/><T105/><D54/><U49/><E53/><V15/><F15/><W63/><G63/><T127/><D127/><U36/><E49/><RYUUKYOKU ba="0,1" sc="250,15,250,-15,240,15,250,-15" hai0="0,34,37,70,72,75,105,108,117,122,126,131,133" hai2="14,21,32,33,35,48,55,59,77,81,85,112,113" /><INIT seed="0,1,1,1,0,89" ten="265,235,255,235" oya="0" hai0="92,22,26,113,134,83,112,5,121,104,54,106,111" hai1="88,20,131,19,55,109,24,46,74,129,7,33,120" hai2="80,66,70,13,44,87,99,78,17,126,128,12,2" hai3="36,1,10,45,37,57,28,32,38,3,122,42,72"/><T65/><D121/><U135/><E74/><V8/><F2/><W98/><G1/><T31/><D134/><U49/><E120/><V47/><F126/><W29/><G29/><T85/><D111/><U91/><E33/><V56/><F128/><N who="1" m="49225" /><E109/><V62/><F70/><W102/><G57/><T39/><D39/><U95/><E135/><V123/><F123/><W94/><G72/><T79/><D5/><U41/><E7/><V69/><F69/><W52/><G122/><T67/><D106/><U105/><E105/><V59/><F56/><W9/><G3/><T0/><D104/><U107/><E107/><V35/><F35/><W61/><G28/><T127/><D0/><U133/><E133/><V16/><REACH who="2" step="1"/><F99/><REACH who="2" ten="265,235,245,235" step="2"/><W130/><G32/><T30/><D127/><U108/><E108/><V96/><F96/><W27/><G130/><T116/><D113/><U82/><E82/><V43/><F43/><W25/><G42/><T40/><D40/><U90/><E41/><V81/><F81/><W51/><REACH who="3" step="1"/><G61/><REACH who="3" ten="265,235,245,225" step="2"/><T97/><D112/><U103/><E103/><V6/><F6/><W21/><G21/><AGARI ba="1,3" hai="8,12,13,16,17,21,44,47,59,62,66,78,80,87" machi="21" ten="30,8000,1" yaku="1,1,7,1,8,1,54,1,53,1" doraHai="89" doraHaiUra="60" who="2" fromWho="3" sc="265,0,235,0,245,113,225,-83" /><INIT seed="1,0,0,1,2,30" ten="265,235,358,142" oya="1" hai0="19,113,83,60,43,110,4,104,24,71,3,52,58" hai1="76,63,109,57,69,87,42,16,41,36,15,98,103" hai2="120,38,61,102,9,135,17,101,64,105,77,32,7" hai3="56,108,72,18,29,55,31,96,49,123,28,84,126"/><U127/><E69/><V11/><F120/><W48/><G72/><T33/><D113/><U74/><E36/><V53/><F38/><W90/><G123/><T92/><D104/><U35/><E74/><V73/><F53/><W12/><G126/><T114/><D114/><U51/><E35/><V107/><F17/><W88/><G108/><T124/><D110/><U39/><E39/><V6/><F77/><W133/><G133/><T50/><D124/><U2/><E2/><V14/><F73/><W82/><G96/><T22/><D71/><U130/><E130/><V66/><F14/><W10/><REACH who="3" step="1"/><G48/><REACH who="3" ten="265,235,358,132" step="2"/><T75/><D50/><U99/><E109/><V25/><F135/><W106/><G106/><T79/><D75/><U1/><E127/><V45/><F107/><W37/><G37/><T34/><D3/><U89/><E1/><V132/><F105/><W47/><G47/><T94/><D58/><U62/><E51/><V117/><F45/><W5/><G5/><T80/><D4/><U93/><E57/><V27/><F132/><W0/><G0/><T121/><D121/><U40/><E99/><V65/><F7/><W97/><G97/><T86/><D60/><U100/><E100/><V59/><F6/><W78/><AGARI ba="0,1" hai="10,12,18,28,29,31,49,55,56,78,82,84,88,90" machi="78" ten="30,7900,0" yaku="1,1,0,1,8,1,54,1,53,0" doraHai="30" doraHaiUra="91" who="3" fromWho="3" sc="265,-20,235,-39,358,-20,132,89" /><INIT seed="2,0,0,0,2,5" ten="245,196,338,221" oya="2" hai0="68,73,55,129,122,57,78,19,41,76,133,35,72" hai1="82,40,135,36,65,23,4,128,74,26,28,123,51" hai2="33,50,29,30,105,16,56,13,46,91,37,2,86" hai3="94,32,100,10,49,70,95,116,79,97,6,90,18"/><V14/><F105/><W87/><G70/><T120/><D68/><U66/><E128/><V20/><F37/><W27/><G116/><T64/><D129/><U132/><E123/><V84/><F2/><W130/><G79/><T61/><D35/><U112/><E112/><V11/><F33/><W0/><G130/><T31/><D31/><N who="2" m="11786" /><F56/><W92/><G32/><T83/><D133/><U134/><E51/><V103/><F103/><W7/><G7/><T93/><D41/><U89/><E40/><N who="2" m="24903" /><F91/><W47/><G27/><T39/><D39/><U126/><E36/><V22/><F22/><W111/><G18/><AGARI ba="0,0" hai="11,13,14,16,18,20,84,86" m="24903,11786" machi="18" ten="30,5800,0" yaku="8,1,52,1,54,1" doraHai="5" who="2" fromWho="3" sc="245,0,196,0,338,58,221,-58" /><INIT seed="2,1,0,2,5,75" ten="245,196,396,163" oya="2" hai0="84,63,119,101,13,45,15,99,65,58,36,49,67" hai1="78,64,132,7,24,126,98,97,134,79,105,81,107" hai2="60,112,100,69,55,102,57,116,1,14,0,133,92" hai3="22,86,16,124,19,10,31,131,96,30,41,90,62"/><V48/><F116/><W106/><G124/><T83/><D119/><U9/><E64/><V18/><F112/><W110/><G131/><T114/><D36/><U54/><E24/><V123/><F123/><W128/><G128/><T87/><D67/><U94/><E54/><V32/><F133/><N who="1" m="51305" /><E126/><V8/><F32/><W108/><G41/><T46/><D114/><U115/><E115/><V82/><F82/><W113/><G113/><T80/><D80/><U77/><E81/><V117/><F117/><W2/><G106/><N who="1" m="40458" /><E94/><V23/><F92/><W44/><G96/><T29/><D29/><N who="3" m="10761" /><G62/><T11/><D11/><U70/><E70/><V3/><F69/><W122/><G44/><N who="0" m="17003" /><D49/><U56/><E56/><V66/><F57/><W20/><G90/><N who="0" m="51487" /><D87/><U35/><E35/><V91/><F60/><W130/><G86/><T42/><D42/><U21/><E21/><N who="3" m="8298" /><G122/><T38/><D38/><U118/><E118/><V28/><F23/><W40/><G40/><T73/><D73/><U120/><E120/><V111/><F28/><W68/><G68/><T6/><D6/><U103/><E103/><V95/><F102/><W26/><G26/><T135/><D135/><U33/><E33/><V34/><F100/><W85/><G85/><T125/><D125/><U76/><N who="1" m="19456" /><DORA hai="71" /><U43/><E43/><V25/><F34/><W127/><G127/><T61/><D61/><U27/><E27/><V12/><F25/><W72/><G72/><T50/><D50/><U5/><E5/><V37/><F48/><W109/><G130/><T52/><D65/><U39/><E39/><V74/><F66/><RYUUKYOKU ba="1,0" sc="245,10,196,10,396,-30,163,10" hai0="13,15,52,58,63,99,101" hai1="7,9,97,98" hai3="2,10,16,19,108,109,110" /><INIT seed="3,2,0,5,3,35" ten="255,206,366,173" oya="3" hai0="71,23,81,56,72,97,20,129,51,64,12,79,77" hai1="91,32,33,88,131,62,43,42,96,18,31,134,104" hai2="17,93,15,30,98,27,3,115,22,52,87,55,110" hai3="73,46,83,0,58,29,40,26,1,92,66,111,128"/><W107/><G107/><T36/><D36/><U70/><E33/><V53/><F115/><W6/><G128/><T127/><D71/><U118/><E131/><V25/><F110/><W125/><G111/><T16/><D129/><U102/><E18/><V78/><F3/><W90/><G125/><T80/><D127/><U94/><E134/><V9/><F30/><W47/><G6/><T108/><D108/><U109/><E109/><V99/><F9/><W75/><G47/><T76/><D97/><N who="2" m="36874" /><F78/><W114/><G114/><T21/><D77/><U130/><E130/><V45/><F45/><W113/><G113/><T74/><D51/><U133/><E133/><V65/><F65/><W24/><G24/><T123/><D123/><U14/><E14/><V82/><F82/><W89/><G73/><T135/><D135/><U39/><E39/><V50/><F50/><W116/><G116/><T119/><D119/><U100/><E100/><V63/><F63/><AGARI ba="2,0" hai="12,16,20,21,23,56,63,64,72,74,76,79,80,81" machi="63" ten="40,2600,0" yaku="9,1,54,1" doraHai="35" who="0" fromWho="2" sc="255,32,206,0,366,-32,173,0" owari="287,9.0,206,-19.0,334,43.0,173,-33.0" /></mjloggm>