<mjloggm ver="2.3"><GO type="41" lobby="0"/><UN n0="%74%61%6B%75%61%6E%32%30" n1="%4F%5A%4B%59" n2="%E3%82%A6%E3%83%AB%E3%83%88%E3%83%A9%E7%AB%8B%E7%9B%B4" n3="%E3%81%86%E3%81%AC%E3%81%BC%E3%82%8C" dan="14,14,16,14" rate="1932.57,1852.05,2009.42,1848.52" sx="M,M,M,M"/><TAIKYOKU oya="0"/><INIT seed="0,0,0,0,3,57" ten="250,250,250,250" oya="0" hai0="2,108,1,69,83,103,22,67,113,110,53,10,99" hai1="31,42,85,74,112,21,8,129,27,41,117,109,23" hai2="32,33,45,78,50,75,126,19,131,18,72,115,47" hai3="106,77,127,40,5,44,39,60,92,128,46,91,125"/><T56/><D113/><U29/><E117/><V38/><F115/><W51/><G106/><T54/><D83/><U58/><E112/><V4/><F126/><W133/><G77/><T81/><D81/><U36/><E109/><N who="0" m="42089" /><D69/><U34/><E74/><V65/><F4/><W73/><G5/><T12/><D22/><U123/><E123/><V9/><F9/><W88/><G73/><T17/><D67/><U66/><E129/><V94/><F65/><W79/><G79/><T70/><D70/><U15/><E85/><V35/><F78/><W122/><G128/><T20/><D10/><U132/><E132/><V0/><F131/><W48/><G122/><T6/><D6/><U134/><E134/><V119/><F35/><W135/><G39/><T71/><D71/><U43/><E36/><V100/><F38/><W105/><G105/><N who="0" m="63743" /><D54/><U14/><E34/><V64/><F33/><W24/><G24/><T55/><D55/><U89/><E89/><V49/><F32/><W96/><G40/><T37/><D37/><U98/><E98/><V61/><F64/><W30/><G30/><N who="1" m="11274" /><E27/><V28/><F28/><W16/><G96/><T26/><D26/><U116/><E116/><V90/><F119/><W107/><G107/><T97/><D97/><U114/><E114/><V80/><F80/><W68/><G68/><T101/><D101/><U120/><E120/><V76/><F100/><W59/><G59/><T11/><D11/><U93/><E8/><V111/><F111/><W86/><G86/><T124/><D124/><U130/><E130/><V63/><F75/><W121/><G121/><RYUUKYOKU ba="0,0" sc="250,30,250,-10,250,-10,250,-10" hai0="1,2,12,17,20,53,56" /><INIT seed="0,1,0,4,2,63" ten="280,240,240,240" oya="0" hai0="128,119,111,80,104,98,61,48,118,43,1,94,2" hai1="24,123,106,109,92,58,26,16,33,114,35,100,14" hai2="50,31,77,101,5,72,38,42,76,37,129,130,11" hai3="17,87,22,85,105,27,28,57,52,69,44,6,73"/><T91/><D104/><U93/><E123/><V126/><F126/><W116/><G73/><T107/><D107/><U133/><E109/><V45/><F101/><W29/><G105/><T59/><D111/><U13/><E133/><V112/><F112/><W66/><G116/><T15/><D80/><U75/><E75/><V60/><F31/><W67/><G6/><T55/><D118/><U56/><E106/><V34/><F34/><W68/><G68/><T23/><D119/><U64/><E100/><V120/><F120/><W102/><G102/><T32/><D32/><U21/><E114/><V132/><F132/><W65/><G69/><T110/><D110/><U70/><E70/><V74/><F72/><W30/><REACH who="3" step="1"/><G44/><REACH who="3" ten="280,240,240,230" step="2"/><T117/><D117/><U131/><E131/><V108/><F74/><W49/><AGARI ba="1,1" hai="17,22,27,28,29,30,49,52,57,65,66,67,85,87" machi="49" ten="30,16000,3" yaku="1,1,2,1,0,1,8,1,52,3,54,1,53,1" doraHai="63" doraHaiUra="20" who="3" fromWho="3" sc="280,-81,240,-41,240,-41,230,173" /><INIT seed="1,0,0,3,0,10" ten="199,199,199,403" oya="1" hai0="128,18,112,125,51,13,82,55,48,20,106,1,45" hai1="132,41,69,37,21,92,76,12,108,95,114,86,119" hai2="25,65,131,84,60,116,40,87,6,36,29,62,43" hai3="19,117,27,91,53,88,34,102,77,130,135,16,85"/><U118/><E69/><V94/><F116/><W11/><G117/><T14/><D112/><U44/><E114/><V72/><F72/><W63/><G102/><T124/><D1/><U74/><E119/><V107/><F107/><W3/><G135/><T81/><D106/><U26/><E118/><V105/><F105/><W15/><G130/><T113/><D113/><U42/><E132/><V54/><F36/><W134/><G134/><T32/><D32/><U79/><E42/><V57/><F6/><W9/><G63/><T47/><D128/><U35/><E74/><V4/><F4/><W98/><G53/><T61/><D61/><U103/><E108/><V50/><F131/><W123/><G123/><T80/><REACH who="0" step="1"/><D14/><REACH who="0" ten="189,199,199,403" step="2"/><U127/><E35/><V70/><F60/><W0/><G34/><T129/><D129/><U66/><E12/><V68/><F70/><W46/><G27/><T52/><AGARI ba="0,1" hai="13,18,20,45,47,48,51,52,55,80,81,82,124,125" machi="52" ten="30,8000,1" yaku="1,1,0,1,9,1,52,1,54,1,53,0" doraHai="10" doraHaiUra="5" who="0" fromWho="0" sc="189,90,199,-40,199,-20,403,-20" /><INIT seed="2,0,0,1,4,35" ten="279,159,179,383" oya="2" hai0="22,26,29,76,119,87,108,104,56,77,102,99,9" hai1="39,43,16,34,3,67,52,113,30,116,14,61,23" hai2="19,64,65,106,20,101,4,78,89,79,68,31,55" hai3="133,100,71,129,123,12,131,37,121,122,58,38,41"/><V98/><F4/><W74/><G100/><T128/><D119/><U86/><E116/><V91/><F31/><W70/><G74/><T49/><D128/><N who="3" m="49225" /><G12/><T8/><D108/><U88/><E113/><V51/><F79/><W50/><G41/><T73/><D73/><U33/><E3/><V96/><F78/><W21/><G21/><T13/><D9/><U82/><E30/><V94/><F68/><N who="3" m="26155" /><G50/><T75/><D75/><U81/><E39/><N who="3" m="14858" /><G58/><T18/><D87/><U53/><E43/><V59/><F91/><W48/><G48/><T54/><AGARI ba="0,0" hai="8,13,18,22,26,29,49,54,56,76,77,99,102,104" machi="54" ten="30,1100,0" yaku="0,1" doraHai="35" who="0" fromWho="0" sc="279,11,159,-3,179,-5,383,-3" /><INIT seed="3,0,0,1,5,90" ten="290,156,174,380" oya="3" hai0="53,75,43,103,12,134,47,76,107,42,109,3,24" hai1="119,11,66,29,20,100,102,84,113,41,0,123,56" hai2="110,124,1,19,49,70,132,17,116,99,115,23,35" hai3="54,25,2,74,59,16,64,6,94,51,13,5,82"/><W131/><G2/><T128/><D3/><U114/><E123/><V30/><F49/><W48/><G74/><T61/><D24/><U87/><E119/><V46/><F46/><W86/><G64/><T111/><D75/><U122/><E122/><V67/><F99/><W57/><G131/><T78/><D128/><U60/><E41/><V118/><F67/><W26/><G51/><T36/><D43/><U14/><E0/><V58/><F58/><W95/><G57/><T71/><D107/><U97/><E114/><V4/><F19/><W10/><G6/><T40/><D40/><U129/><E129/><V8/><F70/><W45/><G45/><T69/><D69/><U73/><E73/><V83/><F83/><W7/><G7/><T125/><D103/><U98/><E113/><V50/><F50/><W28/><G5/><T80/><D12/><U52/><E66/><V121/><F115/><W62/><G62/><T93/><D93/><N who="3" m="35337" /><G28/><T117/><D117/><U89/><E29/><V55/><F121/><W31/><G31/><T105/><D105/><U37/><E37/><V21/><F30/><W18/><G18/><T101/><D101/><N who="1" m="39019" /><E20/><V32/><F21/><W22/><G22/><T130/><D130/><U133/><E133/><V15/><F132/><W108/><G108/><T77/><D134/><U33/><E33/><N who="2" m="12875" /><F110/><W38/><G38/><T9/><D109/><U39/><E39/><V126/><F116/><W63/><G63/><T120/><D111/><U81/><E87/><V106/><F118/><W135/><G135/><T85/><D36/><U27/><E27/><RYUUKYOKU ba="0,0" sc="290,-15,156,15,174,-15,380,15" hai1="11,14,52,56,60,81,84,89,97,98" hai3="10,13,16,25,26,48,54,59,82,86" /><INIT seed="3,1,0,5,5,41" ten="275,171,159,395" oya="3" hai0="93,66,113,8,68,91,14,122,74,32,21,15,1" hai1="40,97,38,96,95,36,0,133,60,19,85,112,111" hai2="135,109,70,71,110,84,59,127,103,26,130,98,73" hai3="53,5,86,105,77,16,81,27,6,3,28,121,116"/><W29/><G105/><T72/><D122/><U83/><E112/><V13/><F73/><W69/><G3/><T24/><D113/><U89/><E0/><V51/><F71/><W30/><G121/><T33/><D74/><U9/><E111/><V76/><F70/><W119/><G69/><T107/><D107/><U92/><E133/><V7/><F135/><W80/><G80/><T126/><D72/><U2/><E60/><V43/><F127/><W132/><G132/><T42/><D126/><U67/><E67/><V65/><F130/><W55/><G119/><T12/><D1/><U25/><E2/><V52/><F26/><W56/><G116/><T125/><D125/><U58/><E58/><V129/><F65/><W75/><G75/><T23/><D8/><U34/><E34/><V131/><F43/><W35/><G35/><T114/><D114/><U88/><E40/><V102/><F84/><W10/><G10/><T22/><D42/><U104/><E104/><N who="2" m="63575" /><F103/><W39/><G39/><T44/><D33/><U37/><E37/><V48/><F76/><W57/><G57/><T99/><D32/><U62/><E62/><V18/><F48/><N who="3" m="30759" /><G55/><T78/><D78/><U106/><E106/><V11/><F7/><W46/><G46/><T17/><D44/><U47/><E47/><V120/><F120/><W90/><G77/><T4/><D4/><U108/><E108/><N who="2" m="41579" /><F131/><W134/><G134/><T49/><D68/><U94/><E95/><V128/><AGARI ba="1,0" hai="11,13,18,51,52,59,128,129" m="41579,63575" machi="128" ten="30,2000,0" yaku="14,1,54,1" doraHai="41" who="2" fromWho="2" sc="275,-6,171,-6,159,23,395,-11" /><INIT seed="4,0,0,3,1,108" ten="269,165,182,384" oya="0" hai0="66,73,114,123,33,58,95,51,30,10,70,37,4" hai1="28,90,49,0,92,103,106,84,59,9,116,5,63" hai2="12,14,97,22,19,81,27,47,76,2,34,86,61" hai3="102,75,132,110,67,18,115,39,45,53,41,40,52"/><T98/><D123/><U78/><E116/><V24/><F2/><W50/><G75/><T29/><D37/><U1/><E28/><V65/><F34/><W20/><G102/><T16/><D73/><U71/><E71/><V119/><F119/><W128/><G110/><T91/><D70/><U80/><E49/><V48/><F97/><W85/><G85/><T44/><D4/><U64/><E106/><V93/><F93/><W23/><G128/><T134/><D33/><U83/><E103/><V125/><F125/><W3/><G3/><T124/><D124/><U129/><E83/><V77/><F77/><W99/><G99/><T109/><D109/><U21/><E21/><V101/><F101/><W7/><G132/><T46/><D134/><U38/><E38/><V72/><F72/><W135/><G7/><T89/><D89/><U118/><E118/><V127/><F127/><W42/><G135/><T79/><D79/><U111/><E111/><V94/><F94/><W36/><G18/><T55/><D46/><U117/><E117/><V54/><REACH who="2" step="1"/><F24/><REACH who="2" ten="269,165,172,384" step="2"/><W88/><G88/><T17/><D98/><U26/><E129/><V57/><AGARI ba="0,1" hai="12,14,19,22,27,47,48,54,57,61,65,76,81,86" machi="57" ten="20,8000,1" yaku="1,1,2,1,0,1,7,1,8,1,53,0" doraHai="108" doraHaiUra="130" who="2" fromWho="2" sc="269,-40,165,-20,172,90,384,-20" /><INIT seed="5,0,0,4,2,77" ten="229,145,262,364" oya="1" hai0="70,78,118,114,32,8,60,93,109,92,50,73,102" hai1="45,54,37,83,14,101,6,33,126,26,53,74,40" hai2="58,10,127,68,15,34,103,120,41,129,132,62,31" hai3="86,27,85,106,123,69,3,46,48,90,30,115,89"/><U96/><E126/><V64/><F120/><W79/><G69/><T131/><D109/><U57/><E33/><V72/><F127/><W28/><G106/><T97/><D118/><U5/><E26/><V91/><F129/><W117/><G3/><T0/><D131/><U35/><E35/><V121/><F132/><W133/><G123/><T19/><D32/><U80/><E54/><V107/><F41/><W87/><G133/><T43/><D93/><U2/><E2/><V112/><F121/><W17/><G117/><T63/><D70/><U71/><E71/><V42/><F42/><W44/><G115/><T99/><D99/><U95/><E74/><V61/><F91/><N who="3" m="34827" /><G79/><T113/><D43/><U94/><E95/><V12/><F72/><W98/><G98/><T16/><D50/><U116/><E116/><V51/><F51/><W25/><G17/><T13/><D19/><U104/><E104/><V124/><F124/><W24/><G48/><T1/><D1/><U21/><E21/><V67/><F112/><N who="0" m="43114" /><D0/><U111/><E111/><V9/><F10/><W4/><G4/><T81/><AGARI ba="0,0" hai="8,13,16,60,63,73,78,81,92,97,102" m="43114" machi="81" ten="30,4000,0" yaku="15,1,52,1,54,1" doraHai="77" who="0" fromWho="0" sc="229,40,145,-20,262,-10,364,-10" /><INIT seed="6,0,0,3,0,14" ten="269,125,252,354" oya="2" hai0="109,115,33,75,97,0,19,4,78,98,62,91,92" hai1="69,51,77,1,60,20,134,38,66,107,74,72,114" hai2="2,71,15,27,70,28,59,130,85,90,22,127,104" hai3="100,55,23,29,119,125,79,25,13,86,126,112,26"/><V58/><F2/><W49/><G100/><T132/><D109/><U54/><E1/><V133/><F104/><W45/><G119/><T110/><D110/><U32/><E107/><V10/><F127/><N who="3" m="48651" /><G112/><T47/><D115/><U102/><E32/><V3/><F3/><W99/><G99/><T123/><D123/><U120/><E38/><V101/><F101/><W5/><G86/><T105/><D33/><U36/><E36/><V37/><F37/><W44/><G79/><T135/><D47/><U103/><E120/><V116/><F116/><W113/><G113/><T67/><D105/><U82/><E114/><V96/><F96/><W40/><G29/><T65/><D98/><U87/><E134/><V31/><F133/><N who="0" m="51274" /><D4/><U131/><E131/><V122/><F130/><W129/><G129/><T42/><D0/><U52/><E54/><V106/><F106/><W118/><G118/><T39/><D42/><U30/><E74/><V83/><F31/><W43/><G45/><T73/><D39/><U76/><E72/><V53/><F122/><W17/><G5/><T111/><D111/><U84/><E30/><V63/><REACH who="2" step="1"/><F58/><REACH who="2" ten="269,125,242,354" step="2"/><N who="3" m="33135" /><G43/><T117/><D117/><U88/><E103/><V108/><F108/><W121/><G121/><T124/><D124/><U24/><E102/><V41/><F41/><W68/><G68/><T8/><D97/><U56/><E87/><V12/><F12/><W80/><G80/><T9/><D75/><U50/><E51/><AGARI ba="0,1" hai="13,17,23,25,26,40,44,51" m="33135,48651" machi="51" ten="30,2000,0" yaku="18,1,52,1" doraHai="14" who="3" fromWho="1" sc="269,0,125,-20,242,0,354,30" /><INIT seed="7,0,0,1,2,6" ten="269,105,242,384" oya="3" hai0="65,85,92,93,109,60,133,110,45,37,11,67,120" hai1="75,122,96,54,123,51,9,18,5,7,49,116,40" hai2="15,117,29,73,4,13,31,1,102,115,124,55,52" hai3="39,20,134,58,16,32,127,87,82,53,57,69,21"/><W59/><G69/><T81/><D120/><U26/><E116/><V61/><F73/><W8/><G39/><T48/><D37/><U132/><E75/><V63/><F1/><W129/><G32/><T3/><D110/><U121/><E96/><V80/><F117/><W84/><G134/><T70/><D109/><U104/><E104/><V98/><F124/><W112/><G112/><T89/><D133/><U111/><E111/><V106/><F80/><W22/><G127/><T25/><D67/><U23/><E132/><V41/><F41/><W107/><G107/><T24/><D24/><U66/><E66/><V83/><F83/><W99/><G129/><T135/><D135/><U19/><E40/><V27/><F29/><W30/><G30/><T77/><D25/><U17/><E54/><V44/><F44/><W131/><G131/><T62/><D62/><U72/><E72/><V46/><F46/><W86/><G99/><T94/><D94/><U88/><E88/><V97/><F97/><W76/><REACH who="3" step="1"/><G53/><REACH who="3" ten="269,105,242,374" step="2"/><T119/><D119/><U43/><E43/><V79/><F52/><W101/><G101/><T118/><D118/><U130/><E130/><V113/><F55/><W91/><G91/><T33/><D33/><U68/><E68/><V38/><F113/><W10/><G10/><T50/><D45/><U42/><E42/><V105/><F115/><W34/><G34/><T100/><D100/><U64/><E64/><V108/><F106/><W125/><G125/><T90/><D90/><U28/><E9/><N who="2" m="4263" /><F102/><W0/><G0/><T74/><D93/><U14/><E14/><AGARI ba="0,1" hai="8,14,16,20,21,22,57,58,59,76,82,84,86,87" machi="14" ten="40,18000,2" yaku="1,1,6,1,8,1,52,1,54,1,53,1" doraHai="6" doraHaiUra="78" who="3" fromWho="1" sc="269,0,105,-180,242,0,374,190" owari="269,7.0,-75,-58.0,242,-16.0,564,67.0" /></mjloggm>