<mjloggm ver="2.3"><GO type="97" lobby="0"/><UN n0="%6B%6F%2D%73%68%69%72%6F" n1="%61%6B%69%6F%2D%65" n2="%E3%82%A6%E3%83%AB%E3%83%88%E3%83%A9%E7%AB%8B%E7%9B%B4" n3="%67%65%72%6F%72%69%33%31" dan="15,13,15,13" rate="1969.41,1830.72,2032.43,1922.35" sx="M,M,M,M"/><TAIKYOKU oya="0"/><INIT seed="0,0,0,0,4,83" ten="250,250,250,250" oya="0" hai0="27,59,122,118,92,114,24,130,43,82,31,70,135" hai1="37,88,36,77,48,39,128,113,96,53,16,10,102" hai2="47,84,85,4,21,131,19,76,97,105,51,120,13" hai3="25,68,129,91,123,46,23,65,116,87,3,100,38"/><T75/><D43/><U71/><E128/><V29/><F120/><W30/><G116/><T28/><D59/><U106/><E113/><V134/><F131/><W64/><G3/><T93/><D130/><U133/><E133/><V80/><F134/><W2/><G2/><T44/><D135/><U67/><E77/><V26/><F4/><W18/><G129/><T0/><D0/><U89/><E67/><V17/><F105/><W78/><G100/><T61/><D82/><U108/><E71/><V125/><F97/><W103/><G103/><T95/><D44/><U132/><E108/><V42/><F125/><W52/><G78/><T8/><D75/><U35/><E35/><V79/><F13/><W20/><G123/><T5/><D122/><U81/><E132/><V101/><F101/><W22/><G38/><T107/><D107/><U12/><REACH who="1" step="1"/><E81/><AGARI ba="0,0" hai="17,19,21,26,29,42,47,51,76,79,80,81,84,85" machi="81" ten="40,8000,1" yaku="9,1,8,1,52,2" doraHai="83" who="2" fromWho="1" sc="250,0,250,-80,250,80,250,0" /><INIT seed="1,0,0,3,1,21" ten="250,170,330,250" oya="1" hai0="11,7,119,38,99,65,52,46,111,1,132,60,81" hai1="128,110,56,98,35,42,73,14,104,130,16,19,79" hai2="87,117,18,115,72,90,118,102,80,36,32,83,41" hai3="62,89,122,0,114,105,74,103,33,126,91,84,28"/><U64/><E110/><V40/><F32/><W10/><G122/><T97/><D119/><U49/><E35/><V68/><F68/><W59/><G114/><T92/><D111/><U82/><E56/><V61/><F61/><W45/><G74/><T55/><D132/><U78/><E78/><V12/><F102/><W70/><G70/><T39/><D81/><U57/><E64/><V17/><F12/><W43/><G126/><T29/><D29/><U69/><E69/><V88/><F87/><W125/><G125/><T26/><D26/><U133/><E133/><V22/><F22/><W34/><G91/><T63/><D99/><U131/><E57/><V134/><F134/><W9/><G0/><T116/><D116/><U24/><E24/><V109/><F109/><W6/><G6/><T8/><D1/><U75/><E14/><V2/><F2/><W123/><G123/><T106/><D97/><U95/><E75/><V23/><F72/><W96/><G34/><T127/><D127/><U76/><E76/><V47/><F47/><W71/><G71/><T50/><D7/><U124/><E124/><V129/><F23/><W27/><G89/><T51/><D46/><N who="1" m="25815" /><E104/><V54/><F115/><W3/><G84/><T100/><D106/><U31/><E31/><V13/><F13/><W67/><G3/><T58/><D58/><U108/><E108/><V44/><F44/><W94/><G105/><T66/><D100/><AGARI ba="0,0" hai="16,19,73,79,82,95,98,100,128,130,131" m="25815" machi="100" ten="30,2900,0" yaku="19,1,54,1" doraHai="21" who="1" fromWho="0" sc="250,-29,170,29,330,0,250,0" /><INIT seed="1,1,0,2,3,89" ten="221,199,330,250" oya="1" hai0="53,8,9,122,120,73,91,41,131,51,118,3,14" hai1="67,49,26,108,34,112,92,54,132,123,12,101,19" hai2="50,58,128,22,35,27,56,30,96,80,90,69,60" hai3="15,7,83,68,107,48,64,76,94,124,25,23,21"/><U121/><E112/><V4/><F128/><W37/><G107/><T11/><D118/><U16/><E132/><V127/><F127/><W111/><G37/><T39/><D73/><U95/><E67/><V10/><F35/><W116/><G124/><T113/><D113/><U57/><E101/><V93/><F80/><W1/><G1/><T105/><D105/><U97/><E97/><V40/><F69/><W133/><G133/><T36/><D131/><U81/><E81/><V38/><F38/><N who="0" m="14378" /><D41/><U135/><E135/><V100/><F90/><W59/><G68/><T18/><D91/><U75/><E75/><V6/><F10/><W46/><G116/><T13/><D3/><U78/><E78/><V87/><F87/><W2/><G2/><T109/><D109/><U72/><E72/><V44/><F58/><W33/><G33/><T0/><D0/><U66/><E66/><AGARI ba="1,0" hai="4,6,22,27,30,40,44,50,56,60,66,93,96,100" machi="66" ten="30,8000,1" yaku="7,1,25,2,8,1,52,1" doraHai="89" who="2" fromWho="1" sc="221,0,199,-83,330,83,250,0" /><INIT seed="2,0,0,2,2,39" ten="221,116,413,250" oya="2" hai0="118,63,130,121,55,30,44,120,91,46,97,79,70" hai1="68,52,41,66,75,83,43,4,115,14,107,82,129" hai2="53,29,25,101,135,32,57,116,72,35,56,113,59" hai3="3,93,64,88,96,100,134,50,40,74,67,60,71"/><V119/><F72/><W36/><G74/><T84/><D118/><U125/><E115/><V33/><F113/><W85/><G3/><T15/><D130/><U42/><E107/><V133/><F101/><W18/><G67/><T0/><D0/><U123/><E123/><V76/><F76/><W109/><G109/><T103/><D30/><U11/><E75/><V77/><F77/><W6/><G6/><T54/><D79/><U95/><E125/><V105/><F105/><W111/><G111/><T128/><D128/><U16/><E129/><V58/><F58/><W45/><G134/><N who="2" m="51209" /><F53/><W108/><G108/><T117/><D117/><AGARI ba="0,0" hai="25,29,32,33,35,56,57,59,116,117,119" m="51209" machi="117" ten="40,2000,0" yaku="20,1" doraHai="39" who="2" fromWho="0" sc="221,-20,116,0,413,20,250,0" /><INIT seed="2,1,0,0,2,109" ten="201,116,433,250" oya="2" hai0="9,93,16,36,113,73,110,49,59,53,95,72,44" hai1="26,76,25,132,55,128,125,82,70,15,116,54,56" hai2="87,92,4,97,124,120,130,48,21,98,112,52,38" hai3="22,62,68,133,134,65,51,64,101,27,100,3,114"/><V60/><F38/><W0/><G65/><T30/><D30/><U50/><E116/><V121/><F124/><W103/><G3/><T89/><D110/><U79/><E70/><V20/><F4/><W39/><G0/><T13/><D113/><U69/><E69/><V5/><F112/><W88/><G39/><T11/><D95/><U33/><E33/><V32/><F32/><W106/><G51/><T78/><D78/><U71/><E71/><V86/><F5/><W42/><G106/><T7/><D36/><U35/><E35/><V84/><F60/><W107/><G42/><T6/><D72/><U40/><E125/><V94/><F130/><W115/><G107/><T123/><D73/><U118/><E128/><V105/><F105/><W126/><G126/><T74/><D74/><U43/><E118/><V83/><F83/><W61/><G62/><N who="0" m="36207" /><D9/><U63/><E132/><N who="3" m="50794" /><G88/><T46/><D123/><U17/><E82/><V108/><F121/><W2/><G2/><T28/><D46/><N who="1" m="27991" /><E76/><V81/><F81/><W77/><G77/><T90/><D28/><AGARI ba="1,0" hai="22,27,28,61,64,68,100,101,103,114,115" m="50794" machi="28" ten="30,3900,0" yaku="20,1,52,2" doraHai="109" who="3" fromWho="0" sc="201,-42,116,0,433,0,250,42" /><INIT seed="3,0,0,3,1,28" ten="159,116,433,292" oya="3" hai0="76,67,133,110,107,23,130,66,109,79,61,12,60" hai1="7,92,120,29,94,4,20,86,106,34,45,30,1" hai2="3,118,50,98,22,88,105,6,122,15,26,55,10" hai3="70,16,9,135,116,77,19,103,47,85,104,57,101"/><W59/><G116/><T2/><D107/><U134/><E106/><V56/><F122/><W43/><G70/><T71/><D2/><U52/><E134/><V39/><F39/><W5/><G135/><T108/><D133/><U51/><E120/><V13/><F118/><W124/><G124/><T78/><D130/><U21/><E1/><V132/><F132/><W63/><G59/><T82/><D82/><U111/><E34/><V115/><F115/><W125/><G125/><T83/><D83/><U38/><E38/><V27/><F27/><W93/><G104/><T80/><D80/><U40/><E111/><V44/><F44/><W131/><G131/><T114/><D114/><U17/><E40/><V117/><F117/><W25/><G25/><T95/><D95/><U33/><E33/><V127/><F127/><W126/><G126/><T36/><D36/><U74/><E74/><V35/><F35/><W72/><G72/><T24/><D12/><U119/><E119/><V73/><F73/><W64/><G77/><T69/><REACH who="0" step="1"/><D79/><REACH who="0" ten="149,116,433,292" step="2"/><U48/><E86/><V41/><F41/><W65/><G103/><T129/><D129/><U112/><E112/><V49/><F49/><W0/><G101/><T90/><D90/><U31/><E51/><V54/><F54/><W87/><G0/><T84/><D84/><U128/><E128/><V53/><F53/><W46/><G87/><T37/><D37/><U96/><E96/><V32/><F22/><N who="1" m="8809" /><E17/><AGARI ba="0,1" hai="17,23,24,60,61,66,67,69,71,76,78,108,109,110" machi="17" ten="40,12000,2" yaku="1,1,9,1,14,1,53,3" doraHai="28" doraHaiUra="121" who="0" fromWho="1" sc="149,130,116,-120,433,0,292,0" owari="279,-12.0,-4,-50.0,433,53.0,292,9.0" /></mjloggm>