<mjloggm ver="2.3"><GO type="169" lobby="0"/><UN n0="%E5%AD%90%E4%BE%9B%E4%BC%9A%E5%93%A1" n1="%E9%96%A2%E7%99%BD%E5%A4%B1%E8%84%9A" n2="%E3%82%A6%E3%83%AB%E3%83%88%E3%83%A9%E7%AB%8B%E7%9B%B4" n3="%E3%83%9D%E3%83%B3%E5%8A%A9" dan="16,16,16,18" rate="2108.17,2094.48,2021.45,2241.00" sx="M,M,M,M"/><TAIKYOKU oya="0"/><INIT seed="0,0,0,2,4,68" ten="250,250,250,250" oya="0" hai0="86,107,122,77,65,67,101,36,72,30,115,97,49" hai1="44,45,47,58,93,125,127,46,48,104,4,16,27" hai2="124,89,5,105,32,8,52,20,14,24,60,95,61" hai3="76,35,41,130,110,64,74,98,102,132,119,13,81"/><T2/><D122/><U87/><E104/><V73/><F73/><W29/><G119/><T11/><D115/><U38/><E4/><V1/><F105/><W78/><G78/><T37/><D30/><U82/><E93/><V10/><F124/><N who="1" m="47689" /><E58/><V50/><F32/><W88/><G13/><T96/><D96/><U83/><E38/><V31/><F10/><W129/><G29/><T75/><D49/><U40/><E87/><V134/><F1/><W71/><G35/><T92/><D2/><U12/><E27/><V112/><F112/><W0/><G0/><T42/><D11/><AGARI ba="0,0" hai="11,12,16,40,44,45,46,47,48,82,83" m="47689" machi="11" ten="30,2000,0" yaku="18,1,54,1" doraHai="68" who="1" fromWho="0" sc="250,-20,250,20,250,0,250,0" /><INIT seed="1,0,0,2,5,55" ten="230,270,250,250" oya="1" hai0="124,99,78,119,2,113,103,98,66,128,56,102,17" hai1="27,39,31,123,71,46,11,12,97,51,81,34,96" hai2="50,118,85,82,13,59,8,112,49,130,18,129,110" hai3="16,54,45,61,20,53,40,0,43,24,87,76,25"/><U35/><E123/><V126/><F118/><W67/><G0/><T72/><D2/><U105/><E71/><V6/><F6/><W75/><G75/><T14/><D113/><U9/><E39/><V122/><F122/><W116/><G116/><T23/><D119/><U95/><E105/><V68/><F68/><W63/><G25/><T22/><D128/><N who="2" m="49258" /><F126/><W48/><G54/><T109/><D109/><U58/><E81/><V28/><F28/><W100/><G100/><N who="0" m="38443" /><D72/><U93/><E35/><V90/><F110/><W132/><G132/><T77/><D23/><U114/><E114/><V21/><F112/><W111/><G111/><T41/><D41/><N who="3" m="15945" /><G67/><T108/><D108/><U4/><E11/><V104/><F104/><W36/><G36/><T3/><D3/><U83/><E83/><AGARI ba="0,0" hai="16,20,24,45,48,53,61,63,76,83,87" m="15945" machi="83" ten="30,2000,0" yaku="8,1,54,1" doraHai="55" who="3" fromWho="1" sc="230,0,270,-20,250,0,250,20" /><INIT seed="2,0,0,3,2,64" ten="230,250,250,270" oya="2" hai0="116,124,34,132,31,42,112,81,92,46,123,65,75" hai1="108,114,110,15,25,66,8,43,78,96,0,125,107" hai2="102,89,121,18,115,2,74,16,105,61,133,70,109" hai3="120,119,3,53,91,13,104,88,135,27,84,126,85"/><V117/><RYUUKYOKU type="yao9" ba="0,0" sc="230,0,250,0,250,0,270,0" hai2="2,16,18,61,70,74,89,102,105,109,115,117,121,133" /><INIT seed="2,1,0,1,1,65" ten="230,250,250,270" oya="2" hai0="135,29,114,109,62,51,124,47,75,97,81,101,122" hai1="94,116,64,3,85,96,72,71,45,77,36,73,13" hai2="24,14,32,99,34,115,5,12,119,113,53,133,104" hai3="118,1,86,131,54,43,0,103,100,18,92,126,80"/><V27/><F99/><W57/><G118/><T8/><D122/><U9/><E116/><V31/><F104/><W44/><G126/><T120/><D114/><U23/><E3/><V50/><F119/><W19/><G131/><T42/><D120/><U111/><E111/><V22/><F50/><W132/><G132/><T108/><D124/><U117/><E117/><V98/><F53/><W48/><G1/><T110/><D135/><U16/><E36/><V39/><F98/><W26/><G0/><T2/><D29/><U25/><E45/><V74/><F74/><W17/><G26/><T37/><D51/><U33/><E33/><V7/><F39/><W88/><REACH who="3" step="1"/><G80/><REACH who="3" ten="230,250,250,260" step="2"/><T106/><D81/><U93/><E25/><V6/><F133/><W46/><G46/><T59/><D2/><U90/><E94/><V38/><F115/><W130/><G130/><T123/><D123/><U56/><E93/><V107/><F113/><W127/><G127/><T78/><D110/><U87/><E72/><V112/><F112/><W105/><G105/><T67/><D109/><U21/><E73/><V76/><F107/><W102/><G102/><T61/><D108/><U69/><E90/><V58/><F76/><W129/><G129/><T121/><D78/><U70/><E77/><V41/><F27/><W55/><G55/><N who="0" m="34047" /><D75/><U52/><E13/><N who="2" m="5227" /><F34/><W30/><G30/><T63/><D121/><U35/><E35/><V91/><F32/><W40/><G40/><T15/><D67/><U84/><E52/><V128/><F128/><W134/><G134/><T49/><D15/><U79/><E64/><RYUUKYOKU ba="1,1" sc="230,-10,250,-10,250,-10,260,30" hai3="17,18,19,43,44,48,54,57,86,88,92,100,103" /><INIT seed="3,2,1,3,3,76" ten="220,240,240,290" oya="3" hai0="92,59,36,60,125,15,43,5,133,64,117,134,91" hai1="32,93,127,21,44,122,70,56,25,37,35,28,89" hai2="111,34,47,126,71,27,57,45,90,22,79,40,108" hai3="68,83,8,95,121,85,110,132,63,12,33,0,82"/><W114/><G114/><T39/><D117/><U53/><E70/><V58/><F34/><W87/><G121/><T11/><D125/><U29/><E127/><V113/><F71/><W52/><G33/><T49/><D49/><U20/><E122/><V3/><F3/><W51/><G0/><T78/><D78/><U129/><E129/><V81/><F90/><N who="3" m="53727" /><G68/><T9/><D9/><U26/><E44/><N who="2" m="16971" /><F40/><W54/><G85/><T102/><D102/><U101/><E101/><V135/><F113/><W10/><G110/><N who="2" m="42025" /><F126/><W30/><G30/><T1/><D1/><U103/><E103/><V66/><F66/><W97/><G97/><N who="0" m="57503" /><D43/><U74/><E74/><N who="2" m="43255" /><F135/><AGARI ba="2,1" hai="5,11,15,36,39,59,60,64,133,134,135" m="57503" machi="135" ten="30,1000,0" yaku="20,1" doraHai="76" who="0" fromWho="2" sc="220,26,240,0,240,-16,290,0" /><INIT seed="4,0,0,3,4,72" ten="246,240,224,290" oya="0" hai0="45,31,11,92,17,36,75,100,69,65,29,28,12" hai1="3,40,38,120,33,79,84,122,68,18,129,24,113" hai2="55,95,1,46,26,13,39,37,42,10,2,116,19" hai3="9,7,121,41,97,83,62,4,93,108,88,54,14"/><T118/><D118/><U49/><E68/><V15/><F116/><W22/><G108/><T124/><D124/><U114/><E3/><V60/><F39/><W51/><G121/><T87/><D75/><U57/><E38/><V21/><F15/><W53/><G4/><T23/><D69/><U8/><E129/><V20/><F20/><W80/><G41/><T128/><D65/><U67/><E67/><V132/><F132/><W125/><G125/><T52/><D128/><U109/><E109/><V59/><REACH who="2" step="1"/><F95/><REACH who="2" ten="246,240,214,290" step="2"/><W131/><G131/><T71/><D23/><N who="1" m="13431" /><E33/><V63/><F63/><W78/><G22/><T96/><D36/><U107/><E107/><V30/><AGARI ba="0,1" hai="1,2,10,13,19,21,26,30,37,42,46,55,59,60" machi="30" ten="20,2700,0" yaku="1,1,0,1,7,1,53,0" doraHai="72" doraHaiUra="105" who="2" fromWho="2" sc="246,-13,240,-7,214,37,290,-7" /><INIT seed="5,0,0,5,1,70" ten="233,233,251,283" oya="1" hai0="16,49,103,84,24,99,58,86,45,43,37,98,91" hai1="75,113,102,115,2,123,36,83,9,0,82,76,105" hai2="35,34,130,59,15,127,52,94,56,118,47,122,87" hai3="97,54,133,101,8,128,30,11,126,112,57,20,18"/><U46/><E123/><V121/><F118/><W10/><G112/><N who="1" m="43082" /><E83/><V1/><F1/><W23/><G126/><T135/><D135/><U28/><E28/><V74/><F74/><W41/><G128/><T13/><D24/><U6/><E102/><V72/><F72/><W92/><G133/><T107/><D99/><U79/><E79/><V53/><F87/><W80/><G41/><T64/><D91/><U117/><E117/><V38/><F94/><W32/><G80/><T12/><D12/><U19/><E19/><V55/><F15/><N who="3" m="9311" /><G32/><T104/><D104/><U93/><E93/><V131/><F35/><W111/><G111/><T60/><REACH who="0" step="1"/><D49/><REACH who="0" ten="223,233,251,283" step="2"/><U73/><E0/><V77/><F77/><W4/><G97/><T65/><D65/><U3/><E3/><V22/><F122/><W5/><G101/><T14/><D14/><U51/><E36/><V129/><F121/><W81/><G4/><T96/><D96/><U89/><E89/><V62/><F38/><W21/><G5/><T71/><D71/><U17/><E105/><V78/><F78/><W95/><G30/><T7/><D7/><U69/><E69/><V40/><F129/><W42/><G8/><AGARI ba="0,1" hai="8,13,16,37,43,45,58,60,64,84,86,98,103,107" machi="8" ten="30,7700,0" yaku="1,1,7,1,52,1,54,1,53,0" doraHai="70" doraHaiUra="88" who="0" fromWho="3" sc="223,87,233,0,251,0,283,-77" /><INIT seed="6,0,0,4,2,28" ten="310,233,251,206" oya="2" hai0="53,1,71,44,36,91,121,41,19,97,128,135,31" hai1="47,118,25,131,72,93,73,69,7,45,58,20,9" hai2="79,75,52,39,90,98,66,127,50,55,102,82,76" hai3="111,4,46,94,68,27,129,64,86,109,99,134,87"/><V59/><F39/><W114/><G4/><T126/><D121/><U125/><E69/><V85/><F127/><W18/><G46/><T110/><D110/><U5/><E125/><V22/><F66/><W115/><G64/><T42/><D126/><U60/><E118/><V133/><F133/><W35/><G68/><T104/><D1/><U92/><E131/><V13/><F75/><W103/><G18/><T112/><D71/><U15/><E72/><V0/><F0/><W63/><G63/><T70/><D70/><U124/><E73/><V62/><F22/><W23/><G23/><T14/><D31/><U81/><E5/><V8/><F13/><W10/><G10/><T3/><D3/><U40/><E81/><V49/><F8/><W30/><G134/><T32/><D14/><U34/><E34/><V117/><F117/><W17/><G17/><T96/><D19/><U77/><E77/><V48/><REACH who="2" step="1"/><F55/><REACH who="2" ten="310,233,241,206" step="2"/><W65/><G65/><T106/><D53/><N who="1" m="33871" /><E124/><V119/><F119/><W120/><G129/><T12/><D12/><U107/><E20/><V54/><F54/><W84/><REACH who="3" step="1"/><G120/><REACH who="3" ten="310,233,241,196" step="2"/><T89/><D128/><U11/><E11/><V67/><F67/><W2/><G2/><T61/><D36/><U101/><E25/><V78/><F78/><W16/><G16/><T88/><D135/><U74/><E9/><V51/><N who="2" m="12288" /><DORA hai="105" /><V80/><F80/><W24/><G24/><T132/><D132/><U123/><E123/><V100/><F100/><W37/><G37/><T21/><D21/><U95/><E101/><V56/><F56/><W33/><G33/><RYUUKYOKU ba="0,2" sc="310,-15,233,-15,241,15,196,15" hai2="52,59,62,76,79,82,85,90,98,102" hai3="27,30,35,84,86,87,94,99,103,109,111,114,115" /><INIT seed="6,1,2,4,2,47" ten="295,218,256,211" oya="2" hai0="33,46,129,99,29,12,100,21,126,23,51,59,55" hai1="5,107,127,89,91,86,80,68,27,9,73,60,118" hai2="57,24,74,42,109,63,66,65,69,20,125,95,48" hai3="62,4,71,84,31,25,56,130,90,119,83,135,19"/><V72/><F109/><W77/><G119/><T116/><D129/><U114/><E118/><V40/><F125/><W132/><G71/><T112/><D116/><U1/><E127/><V41/><F74/><W30/><G130/><T87/><D126/><U45/><E107/><V44/><F72/><W82/><G4/><T8/><D112/><U22/><E114/><V78/><F78/><W26/><G19/><T101/><D87/><U13/><E73/><V120/><F120/><W18/><G18/><T106/><D101/><U92/><E1/><V128/><F128/><W38/><G38/><T7/><D33/><U133/><E133/><N who="3" m="51274" /><G83/><T32/><D32/><U79/><E45/><V124/><F124/><W93/><G31/><T17/><D29/><U81/><E81/><V11/><F11/><W28/><G30/><T122/><D122/><U108/><E108/><V35/><F35/><W6/><G6/><T97/><D97/><U88/><E68/><V2/><F2/><W70/><G70/><T64/><REACH who="0" step="1"/><D7/><REACH who="0" ten="285,218,256,211" step="2"/><U105/><E105/><V50/><F95/><W15/><G28/><T121/><D121/><U134/><E134/><V102/><F102/><W16/><G93/><T75/><D75/><U37/><E92/><V103/><F103/><W58/><G77/><T0/><D0/><U98/><E98/><V3/><F3/><W104/><G104/><T131/><D131/><U52/><E79/><V39/><F39/><W54/><G58/><T96/><D96/><U85/><E37/><V49/><F57/><W36/><G36/><T117/><D117/><U14/><E5/><RYUUKYOKU ba="1,3" sc="285,15,218,-15,256,-15,211,15" hai0="8,12,17,21,23,46,51,55,59,64,99,100,106" hai3="15,16,25,26,54,56,62,82,84,90" /><INIT seed="7,2,3,2,4,1" ten="300,203,241,226" oya="3" hai0="60,111,99,12,14,84,106,0,11,100,114,32,27" hai1="124,107,24,102,121,119,35,65,91,122,108,44,77" hai2="46,67,62,40,90,54,76,48,49,17,135,16,82" hai3="21,68,110,39,18,127,19,120,31,13,125,57,94"/><W50/><G68/><T4/><D111/><U97/><E108/><V95/><F135/><W36/><G110/><T74/><D74/><U80/><E91/><V22/><F22/><W15/><G120/><T89/><D114/><U55/><E124/><N who="3" m="47690" /><G31/><T86/><D60/><U28/><E119/><V47/><F76/><W115/><G115/><T26/><D86/><U69/><E55/><V41/><F82/><W61/><G50/><T101/><D101/><U59/><E59/><N who="2" m="37343" /><F54/><N who="3" m="33975" /><G94/><T79/><D79/><U85/><E44/><V30/><F30/><W9/><AGARI ba="2,3" hai="9,13,15,18,19,21,36,39" m="33975,47690" machi="9" ten="30,1500,0" yaku="18,1" doraHai="1" who="3" fromWho="3" sc="300,-7,203,-7,241,-7,226,51" /><INIT seed="7,3,0,5,3,80" ten="293,196,234,277" oya="3" hai0="59,8,41,12,109,111,7,84,130,85,131,74,38" hai1="61,62,32,73,121,77,49,66,134,125,116,99,14" hai2="29,19,126,48,81,35,65,128,97,103,1,37,96" hai3="76,20,39,54,88,4,5,42,71,56,53,92,87"/><W132/><G71/><T50/><D74/><U98/><E121/><V10/><F37/><W91/><G132/><T118/><D38/><U113/><E134/><V67/><F97/><W102/><G39/><T101/><D101/><U9/><E32/><V11/><F29/><W13/><G42/><T93/><D118/><U110/><E110/><N who="0" m="41993" /><D93/><U63/><E116/><V133/><F35/><W112/><G112/><T120/><D120/><U95/><E113/><V135/><F135/><W105/><G76/><T2/><D2/><U26/><E26/><V94/><F133/><W114/><G114/><T24/><D24/><U70/><E125/><V68/><F68/><W45/><G102/><T90/><D90/><U33/><E33/><V72/><F126/><W124/><G105/><T123/><D123/><U106/><E106/><V25/><F128/><N who="0" m="49194" /><D59/><U60/><E73/><V119/><F119/><W64/><G91/><T22/><D22/><U0/><E0/><V57/><F72/><W36/><G36/><T55/><D55/><N who="3" m="21001" /><G45/><AGARI ba="3,0" hai="7,8,12,41,45,50,84,85" m="49194,41993" machi="45" ten="30,3900,0" yaku="19,1,52,2" doraHai="80" who="0" fromWho="3" sc="293,48,196,0,234,0,277,-48" owari="341,44.0,196,-30.0,234,3.0,229,-17.0" /></mjloggm>