<mjloggm ver="2.3"><GO type="169" lobby="0"/><UN n0="%E3%81%8B%E3%82%89%E3%81%8F%E3%82%8A%E5%B1%8B%E6%95%B7" n1="%E6%82%A0%E9%9B%85" n2="%EF%BC%88%E2%89%A7%E2%96%BD%E2%89%A6%EF%BC%89" n3="%E3%82%B9%E3%83%BC%E3%83%8B" dan="16,17,19,16" rate="2042.98,2106.18,2325.46,2115.97" sx="M,M,M,M"/><TAIKYOKU oya="0"/><INIT seed="0,0,0,3,3,60" ten="250,250,250,250" oya="0" hai0="40,45,103,13,27,57,91,121,73,35,84,6,10" hai1="94,114,28,110,4,123,98,36,33,29,63,107,134" hai2="101,15,52,96,130,89,47,97,105,19,69,95,128" hai3="66,88,7,129,124,12,31,76,111,119,2,115,90"/><T46/><D121/><U106/><E123/><V53/><F69/><W26/><G2/><T112/><D73/><U55/><E36/><V16/><F19/><W14/><G119/><T79/><D79/><U78/><E134/><V127/><F127/><W64/><G115/><T34/><D112/><U44/><E78/><V41/><F41/><W62/><G62/><T132/><D132/><U1/><E110/><V116/><F116/><W59/><G59/><T37/><D57/><U65/><E114/><V82/><F82/><W102/><G124/><T5/><D103/><U23/><E33/><V49/><REACH who="2" step="1"/><F53/><REACH who="2" ten="250,250,240,250" step="2"/><W85/><G111/><T3/><D5/><U22/><E55/><V126/><F126/><W113/><G113/><T75/><D40/><U42/><E4/><V32/><F32/><W86/><G7/><T77/><D35/><U74/><E42/><V18/><F18/><W118/><G118/><T11/><D3/><U56/><E29/><V104/><F104/><W133/><G133/><T43/><D34/><U120/><E28/><V109/><F109/><W72/><G31/><T122/><D122/><U51/><E107/><V21/><AGARI ba="0,1" hai="15,16,21,47,49,52,89,95,96,97,101,105,128,130" machi="21" ten="30,7900,0" yaku="1,1,0,1,54,2,53,0" doraHai="60" doraHaiUra="67" who="2" fromWho="2" sc="250,-39,250,-20,240,89,250,-20" /><INIT seed="1,0,0,2,0,77" ten="211,230,329,230" oya="1" hai0="130,0,22,118,53,120,110,56,124,55,104,68,52" hai1="13,2,26,92,6,98,54,3,103,44,24,133,112" hai2="38,125,36,85,49,89,7,16,41,48,99,74,32" hai3="37,17,81,82,75,105,134,128,96,63,97,45,43"/><U59/><E112/><V80/><F32/><W115/><G115/><T109/><D104/><U91/><E133/><V5/><F125/><W70/><G134/><T35/><D0/><U61/><E2/><V107/><F74/><W131/><G75/><T28/><D35/><U116/><E3/><V71/><F71/><W84/><G84/><T126/><D68/><U25/><E116/><V31/><F31/><W50/><G17/><T40/><D118/><U117/><E117/><V132/><F132/><W62/><G50/><T135/><D40/><U123/><E123/><V114/><F114/><W57/><G70/><T69/><D69/><U29/><E44/><N who="2" m="25615" /><F107/><W127/><G127/><N who="0" m="48683" /><D130/><N who="3" m="49705" /><G105/><T34/><D34/><U87/><E29/><V83/><F38/><W27/><G27/><N who="0" m="16503" /><D135/><U119/><E119/><V9/><F36/><W121/><G121/><T108/><D120/><U60/><E60/><AGARI ba="0,0" hai="52,53,55,56,60,108,109,110" m="16503,48683" machi="60" ten="40,5200,0" yaku="14,1,18,1,54,1" doraHai="77" who="0" fromWho="1" sc="211,52,230,-52,329,0,230,0" /><INIT seed="2,0,0,0,5,38" ten="263,178,329,230" oya="2" hai0="56,86,117,124,130,54,96,15,1,118,89,52,66" hai1="64,123,112,19,82,106,9,92,131,115,32,17,97" hai2="127,104,28,71,24,69,102,119,6,72,79,43,107" hai3="62,81,53,125,47,45,111,61,48,57,105,80,23"/><V76/><F119/><W109/><G105/><T21/><D1/><U134/><E106/><V74/><F127/><W22/><G125/><T85/><D130/><U100/><E131/><V114/><F6/><W18/><G47/><T40/><D124/><U26/><E123/><V101/><F24/><W99/><G62/><T5/><D96/><U63/><E134/><V83/><F28/><W20/><G99/><T75/><D75/><U27/><E82/><V77/><F77/><W129/><G129/><T73/><D73/><U88/><E115/><V58/><F83/><W55/><REACH who="3" step="1"/><G18/><REACH who="3" ten="263,178,329,220" step="2"/><T133/><D118/><U90/><E19/><V42/><REACH who="2" step="1"/><F58/><REACH who="2" ten="263,178,319,220" step="2"/><W50/><G50/><T95/><D56/><U91/><E112/><AGARI ba="0,2" hai="42,43,69,71,72,74,76,79,101,102,104,107,112,114" machi="112" ten="25,24000,3" yaku="1,1,2,1,22,2,52,2,53,2" doraHai="38" doraHaiUra="108" who="2" fromWho="1" sc="263,0,178,-240,319,260,220,0" owari="263,6.0,-62,-56.0,579,68.0,220,-18.0" /></mjloggm>