<mjloggm ver="2.3"><GO type="97" lobby="0"/><UN n0="%6D%6F%6B%6F%63%68%69%6E" n1="%E5%AE%AE%E5%86%85%E3%81%93%E3%81%9A%E3%81%88" n2="%E3%82%A6%E3%83%AB%E3%83%88%E3%83%A9%E7%AB%8B%E7%9B%B4" n3="%E3%81%86%E3%81%95%E3%81%8E%E3%81%BE%E3%81%8D" dan="13,13,15,14" rate="1847.21,1852.22,2038.95,1897.77" sx="M,F,M,M"/><TAIKYOKU oya="0"/><INIT seed="0,0,0,1,1,47" ten="250,250,250,250" oya="0" hai0="126,71,24,61,14,113,106,57,23,89,100,46,22" hai1="35,3,129,79,16,59,98,123,8,109,10,74,40" hai2="73,7,119,133,96,13,97,65,55,124,75,5,135" hai3="88,92,26,33,44,111,15,127,38,125,84,134,91"/><T12/><D71/><U103/><E123/><V50/><F65/><W18/><G134/><N who="2" m="51209" /><F124/><N who="3" m="47691" /><G111/><T67/><D126/><U93/><E129/><V80/><F119/><W52/><G26/><T107/><D113/><U48/><E109/><V37/><F37/><W31/><G31/><T63/><D89/><U66/><E35/><V20/><F80/><W69/><G33/><T78/><D78/><U112/><E112/><V70/><F70/><W122/><G69/><T11/><D63/><N who="1" m="38271" /><E3/><V68/><F68/><W6/><G6/><N who="2" m="2057" /><F13/><W118/><G118/><T62/><D62/><U2/><E2/><V49/><F20/><N who="3" m="11359" /><G122/><T29/><D46/><N who="1" m="25671" /><E74/><N who="2" m="28171" /><F55/><W83/><G38/><T41/><D100/><U56/><E79/><V86/><F86/><W30/><G30/><T32/><D41/><U108/><E108/><V19/><F19/><W72/><G72/><T115/><D115/><U128/><E128/><V21/><F21/><W25/><G25/><T76/><D76/><U43/><E43/><V90/><F90/><N who="3" m="53319" /><G83/><T58/><D58/><U27/><E56/><V114/><F114/><W105/><G105/><T87/><D87/><U131/><E131/><V36/><F36/><W82/><G82/><T34/><D107/><U28/><E28/><V116/><F116/><W45/><G45/><T121/><D106/><U9/><E27/><V81/><F81/><W39/><G39/><T1/><D121/><U117/><E117/><V102/><F102/><W101/><G101/><T110/><D110/><U132/><E132/><V85/><F85/><W94/><G94/><T60/><D1/><U42/><E42/><RYUUKYOKU ba="0,0" sc="250,-30,250,10,250,10,250,10" hai1="8,9,10,16,93,98,103" hai2="49,50,96,97" hai3="44,52,88,91" /><INIT seed="1,1,0,4,1,99" ten="220,260,260,260" oya="1" hai0="71,69,9,4,10,107,104,83,118,18,48,30,43" hai1="0,44,114,23,94,102,85,46,13,78,65,60,26" hai2="111,76,14,129,101,45,37,100,63,15,8,50,59" hai3="110,70,115,21,103,33,47,123,25,41,53,89,96"/><U42/><E0/><V93/><F37/><W105/><G70/><T124/><D30/><N who="1" m="17759" /><E114/><V117/><F117/><W28/><G123/><T75/><D118/><U84/><E13/><V119/><F119/><W81/><G115/><T92/><D124/><U56/><E42/><N who="2" m="24887" /><F129/><W31/><G110/><T125/><D125/><U97/><E84/><V98/><F76/><W12/><G12/><N who="2" m="4649" /><F111/><W36/><G33/><T55/><D43/><U17/><E17/><V32/><F32/><W22/><G53/><T130/><D130/><U5/><E5/><V72/><F72/><W16/><G21/><T2/><D18/><U68/><E68/><V131/><F8/><W109/><G109/><T128/><D128/><U87/><E87/><V120/><F120/><W51/><REACH who="3" step="1"/><G36/><REACH who="3" ten="220,260,260,250" step="2"/><T113/><D113/><U91/><E78/><V88/><F131/><W19/><G19/><T35/><D69/><U86/><E85/><AGARI ba="1,1" hai="16,22,25,28,31,41,47,51,81,85,89,96,103,105" machi="85" ten="40,5200,0" yaku="1,1,52,1,54,1,53,0" doraHai="99" doraHaiUra="64" who="3" fromWho="1" sc="220,0,260,-55,260,0,250,65" /><INIT seed="2,0,0,0,4,18" ten="220,205,260,315" oya="2" hai0="71,115,91,116,29,130,48,83,85,31,118,87,98" hai1="107,24,61,78,20,42,75,86,4,13,102,77,80" hai2="133,96,36,38,58,72,79,76,121,74,123,82,69" hai3="30,84,101,32,93,43,19,12,47,39,97,114,68"/><V33/><F58/><W90/><G68/><T64/><D115/><U134/><E134/><V126/><F96/><W59/><G114/><T67/><D48/><U124/><E124/><V44/><F69/><W63/><G30/><N who="0" m="11275" /><D71/><U23/><E42/><V11/><F11/><W88/><G32/><T8/><D8/><N who="1" m="4231" /><E24/><V28/><F126/><W60/><G60/><T50/><D50/><U27/><E27/><N who="2" m="18591" /><F133/><W26/><G84/><T104/><D98/><U66/><E107/><V111/><F111/><W99/><G99/><T125/><D104/><U45/><E75/><V103/><F103/><W108/><G108/><T37/><D37/><N who="2" m="14442" /><F44/><W51/><G39/><T40/><D40/><U17/><E102/><V15/><F15/><W62/><G62/><T127/><D85/><N who="1" m="48271" /><E17/><V110/><F110/><W70/><G70/><T129/><D125/><U46/><E45/><V3/><F3/><W41/><G26/><T73/><D127/><U117/><E46/><V112/><F112/><W55/><G43/><T100/><D73/><U10/><E10/><AGARI ba="0,0" hai="10,12,19,41,47,51,55,59,63,88,90,93,97,101" machi="10" ten="30,3900,0" yaku="7,1,8,1,54,1" doraHai="18" who="3" fromWho="1" sc="220,0,205,-39,260,0,315,39" /><INIT seed="3,0,0,4,4,9" ten="220,166,260,354" oya="3" hai0="50,122,127,33,132,74,31,85,76,17,81,77,99" hai1="125,35,21,117,120,11,19,89,61,29,93,83,40" hai2="103,109,3,59,95,39,28,114,131,57,63,38,41" hai3="116,70,73,91,133,45,65,82,98,134,25,71,8"/><W4/><G116/><T87/><D122/><U108/><E120/><V32/><F3/><W49/><G25/><T110/><D50/><U42/><E117/><V119/><F114/><W111/><G65/><T96/><D17/><U121/><E121/><V69/><F69/><W6/><G111/><T107/><D31/><U18/><E108/><V106/><F106/><W43/><G98/><T118/><D33/><U72/><E125/><V75/><F75/><W7/><G8/><T128/><D118/><U34/><E35/><V26/><F109/><W130/><G130/><T10/><D10/><U36/><E34/><V135/><F119/><W12/><G12/><T27/><D27/><N who="1" m="14775" /><E29/><V20/><F32/><W97/><G97/><N who="0" m="37451" /><D110/><U16/><E19/><V78/><F39/><W90/><G73/><N who="0" m="43151" /><D127/><U55/><E72/><V47/><F131/><W67/><G67/><T80/><D128/><U30/><E83/><V24/><F135/><N who="3" m="51723" /><G82/><T129/><D129/><U37/><E30/><V113/><F28/><W102/><G102/><T105/><D132/><U84/><E37/><V60/><F38/><W62/><G62/><T64/><D64/><U101/><E101/><V23/><F103/><W94/><G71/><T53/><D53/><U100/><E100/><V48/><F63/><W52/><G70/><T104/><AGARI ba="0,0" hai="74,77,80,85,87,104,105,107" m="43151,37451" machi="104" ten="40,8000,1" yaku="35,5" doraHai="9" who="0" fromWho="0" sc="220,80,166,-20,260,-20,354,-40" owari="300,10.0,146,-35.0,240,-16.0,314,41.0" /></mjloggm>