<mjloggm ver="2.3"><GO type="97" lobby="0"/><UN n0="%E5%9B%A0%E5%B9%A1" n1="%E3%81%A1%E3%82%8D%E3%81%BE%E3%81%A3%E3%81%8F" n2="%E3%82%A6%E3%83%AB%E3%83%88%E3%83%A9%E7%AB%8B%E7%9B%B4" n3="%E3%81%86%E3%83%BC%E3%81%86%E3%83%BC%E3%81%86%E3%83%BC" dan="14,14,15,14" rate="1883.08,1878.18,2001.54,1904.92" sx="F,M,M,M"/><TAIKYOKU oya="0"/><INIT seed="0,0,0,3,3,79" ten="250,250,250,250" oya="0" hai0="124,14,113,117,20,22,13,37,106,51,111,1,34" hai1="36,59,29,28,134,88,43,97,100,48,74,72,15" hai2="67,123,101,68,49,104,8,5,89,3,92,80,86" hai3="38,90,7,76,125,58,133,99,91,50,44,109,4"/><T53/><D106/><U41/><E134/><V27/><F123/><W114/><G114/><T54/><D37/><U33/><E36/><V78/><F67/><W64/><G109/><T105/><D105/><U83/><E15/><N who="0" m="5641" /><D34/><U60/><E72/><V87/><F68/><W19/><G38/><T65/><D111/><U57/><E74/><V9/><F9/><W95/><G76/><T21/><D113/><U35/><E35/><V2/><F2/><W63/><G125/><T56/><D117/><U81/><E33/><V128/><F128/><W42/><G133/><T94/><D1/><U122/><E122/><V108/><F108/><W25/><G91/><T121/><D121/><U120/><E120/><V10/><F10/><W135/><G135/><T70/><D70/><U112/><E112/><V132/><F132/><W107/><G107/><T11/><D11/><U55/><E100/><V119/><F119/><W93/><G93/><T127/><D94/><U16/><E29/><V69/><F69/><W18/><REACH who="3" step="1"/><G25/><REACH who="3" ten="250,250,250,240" step="2"/><T75/><D75/><U30/><E88/><V12/><F27/><W115/><G115/><T96/><D127/><U39/><E39/><V0/><F104/><W77/><G77/><T110/><D124/><U130/><E130/><V84/><F101/><W102/><G102/><T116/><D110/><U47/><E97/><V62/><F87/><W40/><G40/><T118/><D96/><U26/><E43/><V45/><F62/><W71/><G71/><T61/><D51/><U82/><E57/><V98/><F98/><W131/><G131/><T85/><D85/><RYUUKYOKU ba="0,1" sc="250,0,250,0,250,0,240,0" hai0="20,21,22,53,54,56,61,65,116,118" hai1="16,26,28,30,41,47,48,55,59,60,81,82,83" hai2="0,3,5,8,12,45,49,78,80,84,86,89,92" hai3="4,7,18,19,42,44,50,58,63,64,90,95,99" /><INIT seed="0,1,1,4,5,105" ten="250,250,250,240" oya="0" hai0="89,36,2,26,113,49,85,67,54,27,43,96,31" hai1="128,132,18,28,19,50,61,72,40,65,77,81,1" hai2="3,91,52,106,29,34,17,116,22,8,70,97,14" hai3="35,119,123,9,111,6,84,101,23,62,13,15,100"/><T98/><D2/><U4/><E28/><V11/><F70/><W7/><G119/><T33/><D113/><U120/><E120/><V75/><F116/><W25/><G111/><T73/><D73/><U92/><E132/><V129/><F129/><W12/><G123/><T24/><D67/><U68/><E128/><V66/><F66/><W99/><G35/><T122/><D122/><U20/><E92/><V53/><F75/><W64/><G84/><T110/><D110/><U16/><E4/><N who="2" m="1055" /><F11/><W0/><G6/><T42/><D36/><U78/><E1/><V121/><F121/><W112/><G112/><T104/><D104/><U93/><E77/><V59/><F59/><N who="3" m="36959" /><G0/><T90/><D33/><U115/><E115/><V58/><F58/><W133/><G133/><T107/><D31/><U125/><E125/><V74/><F74/><W56/><G56/><N who="0" m="32847" /><D107/><U109/><E109/><V86/><F97/><N who="0" m="37482" /><D90/><U44/><REACH who="1" step="1"/><E93/><AGARI ba="1,1" hai="24,26,27,42,43,85,89,93" m="37482,32847" machi="93" ten="30,1500,0" yaku="8,1" doraHai="105" who="0" fromWho="1" sc="250,28,250,-18,250,0,240,0" /><INIT seed="0,2,0,5,3,111" ten="278,232,250,240" oya="0" hai0="135,107,96,56,129,54,46,125,53,127,64,58,126" hai1="43,121,128,78,108,34,1,115,74,12,116,15,22" hai2="39,72,123,27,68,36,11,76,38,85,32,87,10" hai3="31,7,131,63,29,2,28,61,26,94,47,35,21"/><T106/><D96/><U70/><RYUUKYOKU type="yao9" ba="2,0" sc="278,0,232,0,250,0,240,0" hai1="1,12,15,22,34,43,70,74,78,108,115,116,121,128" /><INIT seed="0,3,0,5,2,9" ten="278,232,250,240" oya="0" hai0="85,118,58,46,79,106,88,77,30,40,38,45,55" hai1="126,123,31,83,100,20,102,33,52,134,64,47,93" hai2="97,68,28,67,50,131,37,27,110,120,57,32,13" hai3="96,80,4,61,69,99,130,84,122,119,60,63,65"/><T18/><D106/><U78/><E123/><V5/><F37/><W115/><G119/><T128/><D128/><U132/><E33/><V129/><F120/><W127/><G122/><T3/><D3/><U0/><E0/><V34/><F34/><W103/><G130/><N who="2" m="49673" /><F110/><W98/><G127/><T1/><D1/><U41/><E126/><V39/><F39/><W43/><G115/><T42/><D118/><U72/><E64/><V92/><F68/><W53/><G43/><T116/><D116/><U113/><E113/><V86/><F86/><W21/><G4/><T133/><D30/><U94/><E41/><N who="0" m="15977" /><D38/><U14/><E102/><N who="2" m="60711" /><F5/><W81/><G21/><T90/><D133/><N who="1" m="51307" /><E100/><V95/><F95/><W70/><G70/><T24/><D77/><U108/><E108/><V87/><F87/><W71/><G71/><T49/><D79/><U76/><E78/><V105/><F105/><W51/><G103/><T75/><D75/><U36/><E36/><V74/><F74/><W104/><G104/><T114/><D114/><U66/><E66/><V121/><F121/><W7/><G7/><T35/><D35/><U62/><E31/><V112/><F112/><W26/><G26/><T82/><D90/><U6/><E20/><AGARI ba="3,0" hai="18,20,24,45,46,49,55,58,82,85,88" m="15977" machi="20" ten="30,2900,0" yaku="8,1,54,1" doraHai="9" who="0" fromWho="1" sc="278,38,232,-38,250,0,240,0" /><INIT seed="0,4,0,4,0,79" ten="316,194,250,240" oya="0" hai0="28,92,118,104,89,47,62,20,45,51,99,58,2" hai1="107,25,84,29,71,46,131,124,12,8,86,10,1" hai2="30,90,31,122,119,85,37,52,50,59,67,69,60" hai3="61,53,82,66,134,128,127,26,95,112,57,36,111"/><T114/><D2/><U78/><E71/><V126/><F122/><W93/><G112/><T132/><D114/><U44/><E107/><V83/><F126/><W76/><G111/><T42/><D118/><U121/><E121/><V3/><F3/><W125/><G36/><T102/><D132/><U0/><E78/><V24/><F119/><W94/><G134/><T133/><D133/><U11/><E131/><V54/><F24/><W40/><G40/><T81/><D81/><U91/><E124/><N who="3" m="47690" /><G128/><T115/><D115/><U14/><E11/><V100/><F37/><W6/><G6/><T113/><D113/><U5/><E91/><V101/><REACH who="2" step="1"/><F54/><REACH who="2" ten="316,194,240,240" step="2"/><W109/><G109/><T55/><D28/><AGARI ba="4,1" hai="28,30,31,50,52,59,60,67,69,83,85,90,100,101" machi="28" ten="40,8000,1" yaku="1,1,2,1,52,1,54,1,53,1" doraHai="79" doraHaiUra="48" who="2" fromWho="0" sc="316,-92,194,0,240,102,240,0" /><INIT seed="1,0,0,5,2,41" ten="224,194,342,240" oya="1" hai0="59,33,49,55,60,133,116,89,135,66,26,81,113" hai1="36,20,99,123,80,129,75,19,127,110,90,56,79" hai2="8,76,95,7,96,93,100,48,112,2,98,12,30" hai3="115,43,40,117,68,106,94,71,14,92,84,67,128"/><U87/><E123/><V61/><F112/><W44/><G115/><T3/><D3/><U86/><E36/><V114/><F114/><W0/><G0/><T25/><D113/><U73/><E56/><V83/><F30/><W18/><G128/><T24/><D33/><U77/><E129/><V6/><F2/><W108/><G106/><T70/><D116/><U5/><E5/><V62/><F48/><W64/><G108/><T126/><D126/><U125/><E110/><V42/><F42/><W121/><G121/><T45/><D81/><N who="1" m="45231" /><E20/><V38/><F38/><W69/><G117/><T111/><D111/><U1/><E19/><V15/><F15/><W78/><G78/><T122/><D89/><U53/><E53/><V22/><F22/><W37/><G43/><T130/><D130/><U120/><E1/><V132/><F7/><W102/><G102/><T17/><D122/><U118/><E120/><V63/><F132/><N who="0" m="50762" /><D70/><U21/><E21/><AGARI ba="0,0" hai="17,21,24,25,26,45,49,55,59,60,66" m="50762" machi="21" ten="30,2000,0" yaku="20,1,52,1" doraHai="41" who="0" fromWho="1" sc="224,20,194,-20,342,0,240,0" /><INIT seed="2,0,0,0,3,41" ten="244,174,342,240" oya="2" hai0="38,24,95,55,112,5,100,86,57,104,28,22,127" hai1="82,97,44,27,123,49,45,126,9,40,13,17,65" hai2="130,107,108,87,30,134,106,99,72,12,109,61,115" hai3="37,39,1,53,15,31,42,32,67,94,21,69,59"/><V64/><F72/><W36/><G1/><T48/><D38/><U19/><E123/><V91/><F30/><W46/><G32/><T75/><D75/><U78/><E126/><V68/><F115/><W63/><G94/><T18/><D112/><U81/><E65/><V119/><F119/><W80/><G80/><T60/><D127/><U54/><E97/><V10/><F130/><W33/><G33/><T43/><D5/><U89/><E89/><V4/><F99/><W73/><G73/><T76/><D104/><U26/><E19/><V125/><F125/><W56/><G56/><T113/><D113/><U85/><REACH who="1" step="1"/><E82/><REACH who="1" ten="244,164,342,240" step="2"/><N who="2" m="49655" /><F134/><W98/><G98/><T74/><D100/><U23/><E23/><V131/><F131/><W133/><G133/><T0/><D22/><U50/><AGARI ba="0,1" hai="9,13,17,26,27,40,44,45,49,50,54,78,81,85" machi="50" ten="20,12000,2" yaku="1,1,0,1,7,1,8,1,52,2,53,0" doraHai="41" doraHaiUra="58" who="1" fromWho="1" sc="244,-30,164,130,342,-60,240,-30" /><INIT seed="3,0,0,4,3,22" ten="214,294,282,210" oya="3" hai0="71,29,13,19,57,94,21,73,45,117,69,84,91" hai1="61,89,132,27,38,120,92,101,111,66,67,68,88" hai2="23,72,41,127,134,93,97,79,5,62,63,64,16" hai3="126,123,6,9,128,77,130,125,112,49,100,82,1"/><W131/><G123/><T52/><D73/><U43/><E120/><V124/><F5/><W80/><G112/><T14/><D117/><U32/><E67/><V0/><F0/><W83/><G100/><T48/><D29/><U50/><E38/><V118/><F118/><W115/><G115/><T4/><D45/><U35/><E35/><V20/><F41/><W114/><G114/><T44/><D44/><U85/><E132/><V36/><F23/><W31/><G31/><T53/><D53/><U65/><E65/><V99/><F36/><W10/><G10/><AGARI ba="0,0" hai="4,10,13,14,19,21,48,52,57,69,71,84,91,94" machi="10" ten="40,5200,0" yaku="25,2,54,1" doraHai="22" who="0" fromWho="3" sc="214,52,294,0,282,0,210,-52" /><INIT seed="4,0,0,1,5,87" ten="266,294,282,158" oya="0" hai0="130,25,54,128,89,40,5,21,31,13,29,100,64" hai1="106,74,111,96,114,1,41,83,121,38,104,68,59" hai2="22,118,43,33,127,71,18,101,57,69,12,2,34" hai3="117,78,116,82,107,7,113,17,77,60,14,124,103"/><T72/><D100/><U123/><E111/><V51/><F71/><W26/><G113/><T11/><D72/><U4/><E114/><V53/><F69/><W91/><G124/><T61/><D40/><U6/><E59/><V28/><F127/><W9/><G60/><T65/><D54/><U133/><E133/><V102/><F118/><W115/><G115/><T56/><D31/><U49/><E49/><V73/><F73/><W76/><G103/><T135/><D135/><U131/><E131/><N who="0" m="50217" /><D89/><U0/><E6/><V24/><F34/><W112/><G107/><N who="1" m="41002" /><E96/><V3/><F102/><W15/><G112/><T36/><D65/><U27/><E27/><V23/><F101/><W42/><G42/><T95/><D95/><U45/><E68/><V125/><F125/><W119/><G26/><T48/><D48/><U39/><E38/><AGARI ba="0,0" hai="5,11,13,21,25,29,36,38,56,61,64" m="50217" machi="38" ten="30,1500,0" yaku="19,1" doraHai="87" who="0" fromWho="1" sc="266,15,294,-15,282,0,158,0" /><INIT seed="4,1,0,2,1,112" ten="281,279,282,158" oya="0" hai0="16,82,6,101,61,44,106,97,95,124,52,0,119" hai1="17,91,118,93,28,10,41,135,20,62,78,43,120" hai2="103,65,68,24,111,90,74,12,108,76,60,23,121" hai3="113,117,8,36,102,42,89,13,75,54,35,1,84"/><T47/><D0/><U67/><E120/><V19/><F121/><W48/><G113/><T70/><D6/><U63/><E118/><V130/><F130/><W53/><G75/><T85/><D119/><U104/><E104/><V127/><F127/><W110/><G110/><T115/><D115/><U3/><E135/><V133/><F133/><W107/><G1/><T109/><D124/><U132/><E132/><V72/><F72/><W79/><G79/><N who="0" m="46303" /><D106/><U92/><E78/><V73/><F73/><W21/><G35/><T30/><D70/><U131/><E131/><V123/><F123/><W22/><G117/><T15/><D30/><U83/><E3/><V105/><F105/><W29/><G36/><T49/><D61/><U59/><E62/><V64/><F74/><W14/><G102/><T94/><D94/><U134/><E134/><V96/><F103/><W46/><G107/><T27/><D27/><U38/><E38/><V87/><F24/><N who="3" m="16527" /><G22/><N who="0" m="11551" /><D109/><U71/><E71/><V57/><F108/><W18/><G14/><T37/><D37/><U98/><E92/><AGARI ba="1,0" hai="8,13,18,42,46,48,53,54,84,89,92" m="16527" machi="92" ten="30,1000,0" yaku="8,1" doraHai="112" who="3" fromWho="1" sc="281,0,279,-13,282,0,158,13" /><INIT seed="5,0,0,1,0,70" ten="281,266,282,171" oya="1" hai0="36,128,95,92,85,69,108,47,57,97,45,26,51" hai1="103,109,75,31,124,71,126,22,74,80,32,118,129" hai2="121,86,23,93,5,42,133,83,24,87,61,48,34" hai3="100,27,106,98,78,88,6,9,107,1,39,54,44"/><U76/><E118/><V82/><F34/><W105/><G78/><T111/><D69/><U120/><E71/><V123/><F133/><W131/><G131/><T66/><D128/><U17/><E129/><V132/><F132/><W41/><G27/><T21/><D108/><U94/><E109/><V67/><F5/><W135/><G135/><T112/><D112/><U84/><E120/><V7/><F7/><W119/><G119/><T125/><D111/><U56/><E56/><N who="2" m="37287" /><F123/><W79/><G79/><T15/><D125/><N who="1" m="48235" /><E31/><V134/><F134/><W52/><REACH who="3" step="1"/><G88/><REACH who="3" ten="281,266,282,161" step="2"/><T8/><D26/><N who="1" m="14671" /><E32/><V99/><F121/><W62/><G62/><T130/><D130/><U91/><E103/><N who="2" m="60911" /><F83/><W104/><AGARI ba="0,1" hai="1,6,9,39,41,44,52,54,98,100,104,105,106,107" machi="104" ten="30,16000,3" yaku="1,1,0,1,52,1,54,1,53,4" doraHai="70" doraHaiUra="101" who="3" fromWho="3" sc="281,-40,266,-80,282,-40,161,170" owari="241,-16.0,186,-31.0,242,4.0,331,43.0" /></mjloggm>