<mjloggm ver="2.3"><GO type="97" lobby="0"/><UN n0="%6D%65%72%63%68%61%6E%74" n1="%E3%81%AA%E3%82%93%E3%81%9E%E3%81%AB%E3%82%83%E3%82%93" n2="%6A%69%68%61%64" n3="%E3%82%A6%E3%83%AB%E3%83%88%E3%83%A9%E7%AB%8B%E7%9B%B4" dan="13,14,15,15" rate="1931.06,1903.96,1988.96,1991.33" sx="M,M,M,M"/><TAIKYOKU oya="0"/><INIT seed="0,0,0,1,3,49" ten="250,250,250,250" oya="0" hai0="29,69,24,7,54,5,107,13,62,122,103,83,43" hai1="60,72,82,4,76,68,104,32,95,35,123,0,10" hai2="73,56,23,61,86,90,47,66,77,6,40,64,105" hai3="117,127,58,9,25,70,84,67,100,88,27,26,134"/><T45/><D122/><U18/><E123/><V102/><F73/><W63/><G117/><T133/><D83/><U126/><E95/><V121/><F121/><W96/><G127/><T110/><D133/><U91/><E91/><V65/><F77/><W39/><G39/><T97/><D13/><U125/><E18/><V101/><F6/><W30/><G134/><T44/><D110/><U130/><E130/><V71/><F105/><W31/><G70/><T3/><D3/><U15/><E15/><V33/><F33/><N who="1" m="12873" /><E104/><V118/><F118/><W16/><G9/><T53/><D45/><U98/><E98/><V119/><F119/><W1/><G1/><T79/><D79/><U89/><E89/><V20/><F20/><W46/><G46/><T115/><D5/><U87/><E87/><V59/><F71/><W38/><G38/><N who="0" m="21623" /><D7/><U131/><E131/><V57/><F61/><W8/><G8/><T81/><D81/><U22/><E22/><V124/><F124/><W106/><REACH who="3" step="1"/><G16/><REACH who="3" ten="250,250,250,240" step="2"/><T94/><D69/><U12/><E12/><V51/><REACH who="2" step="1"/><F23/><REACH who="2" ten="250,250,240,240" step="2"/><W21/><G21/><T52/><D29/><U50/><E125/><V113/><F113/><W93/><AGARI ba="0,2" hai="25,26,27,30,31,58,63,67,84,88,93,96,100,106" machi="93" ten="30,4000,0" yaku="1,1,0,1,54,1,53,0" doraHai="49" doraHaiUra="42" who="3" fromWho="3" sc="250,-20,250,-10,240,-10,240,60" /><INIT seed="1,0,0,4,3,62" ten="230,240,230,300" oya="1" hai0="90,112,28,48,13,100,34,66,36,84,83,123,49" hai1="17,86,94,60,1,115,103,102,135,57,89,105,116" hai2="45,56,111,16,25,15,52,71,19,74,14,73,3" hai3="134,114,38,8,53,85,55,119,44,32,128,69,77"/><U22/><E116/><V51/><F71/><W130/><G32/><T41/><D123/><U76/><E135/><V109/><F3/><W30/><G30/><T67/><D112/><U98/><E115/><V64/><F25/><W81/><G114/><T47/><D100/><U46/><E1/><V20/><F45/><W75/><G69/><T35/><D35/><U61/><E46/><V133/><F133/><W110/><G110/><N who="2" m="41993" /><F64/><N who="0" m="24618" /><D34/><U113/><E113/><V0/><F0/><W29/><G38/><T107/><D107/><U58/><E76/><V99/><F99/><W68/><G75/><T101/><D101/><N who="1" m="38411" /><E98/><V97/><F97/><W78/><G68/><T43/><D28/><U4/><E4/><V31/><F31/><W117/><G29/><T79/><D36/><U122/><E105/><V2/><F2/><W95/><G134/><T18/><D41/><U37/><E37/><V50/><F50/><W65/><G119/><T54/><D43/><U42/><E42/><V108/><N who="2" m="42001" /><V82/><DORA hai="24" /><F82/><W21/><G81/><N who="0" m="49423" /><D47/><U120/><E122/><V63/><F51/><W104/><G44/><T91/><D49/><U39/><E39/><V10/><AGARI ba="0,0" hai="10,14,15,16,19,20,52,56,63,73,74" m="42001" machi="10" ten="40,5200,0" yaku="14,1,54,2" doraHai="62,24" who="2" fromWho="2" sc="230,-13,240,-26,230,52,300,-13" /><INIT seed="2,0,0,2,1,7" ten="217,214,282,287" oya="2" hai0="66,111,65,28,45,10,124,44,108,24,3,22,33" hai1="59,30,127,129,15,71,63,50,88,133,128,92,11" hai2="58,37,119,132,46,113,40,36,68,135,87,100,56" hai3="54,9,91,69,82,84,101,102,6,20,42,89,104"/><V1/><F119/><W51/><G69/><T122/><D122/><U99/><E127/><V123/><F123/><W34/><G34/><T35/><D124/><U0/><E133/><N who="2" m="51275" /><F113/><W70/><G70/><T73/><D73/><U72/><E72/><V26/><F68/><W60/><G60/><T97/><D97/><U103/><E30/><V19/><F1/><W95/><G42/><T47/><D3/><U64/><E0/><V112/><F112/><W27/><G104/><T76/><D76/><U134/><E134/><V16/><F37/><W21/><G21/><T120/><D120/><U130/><E50/><V98/><F87/><W43/><G43/><T4/><D35/><U109/><E109/><N who="0" m="42057" /><D33/><U106/><E71/><V80/><F80/><W17/><G95/><T121/><D121/><U96/><REACH who="1" step="1"/><E129/><REACH who="1" ten="217,204,282,287" step="2"/><V117/><F117/><W79/><G102/><T41/><D41/><U29/><E29/><V57/><F26/><W126/><G101/><T53/><D53/><U115/><E115/><V62/><F62/><W38/><G38/><T55/><D55/><U114/><E114/><V18/><F18/><AGARI ba="0,1" hai="11,15,18,59,63,64,88,92,96,99,103,106,128,130" machi="18" ten="40,5200,0" yaku="1,1,52,1,54,1,53,0" doraHai="7" doraHaiUra="49" who="1" fromWho="2" sc="217,0,204,62,282,-52,287,0" /><INIT seed="3,0,0,5,5,85" ten="217,266,230,287" oya="3" hai0="47,39,82,23,32,67,8,16,54,92,117,30,66" hai1="9,80,96,14,29,7,46,43,107,118,5,94,73" hai2="123,95,135,131,99,91,84,83,108,37,25,13,109" hai3="1,97,115,53,114,104,49,0,102,110,33,50,87"/><W52/><G33/><T105/><D105/><U24/><E107/><V79/><F37/><W21/><G110/><N who="2" m="42601" /><F135/><W113/><G21/><T10/><D117/><U90/><E118/><V51/><F51/><W56/><REACH who="3" step="1"/><G87/><REACH who="3" ten="217,266,230,277" step="2"/><T19/><D32/><U74/><E73/><N who="2" m="43503" /><F13/><W12/><G12/><T127/><D127/><U4/><E74/><V129/><F25/><W76/><G76/><T98/><D82/><U42/><E80/><N who="2" m="49543" /><F123/><W100/><G100/><AGARI ba="0,1" hai="95,99,100,129,131" m="49543,43503,42601" machi="100" ten="30,7700,0" yaku="14,1,34,2,52,1" doraHai="85" who="2" fromWho="3" sc="217,0,266,0,230,87,277,-77" owari="217,-18.0,266,7.0,317,41.0,200,-30.0" /></mjloggm>