<mjloggm ver="2.3"><GO type="97" lobby="0"/><UN n0="%6D%75%6B%65%6D%69%6E%67" n1="%E2%97%8E%6A%72%6A%72%E2%97%8E" n2="%E3%82%A6%E3%83%AB%E3%83%88%E3%83%A9%E7%AB%8B%E7%9B%B4" n3="%E3%80%93%42%69%61%73%E3%80%93" dan="13,15,15,15" rate="1865.76,2012.43,2041.34,1969.86" sx="M,M,M,M"/><TAIKYOKU oya="0"/><INIT seed="0,0,0,5,3,54" ten="250,250,250,250" oya="0" hai0="102,108,119,134,120,122,66,98,133,79,23,127,50" hai1="34,42,76,62,115,1,10,33,106,21,49,72,70" hai2="48,64,124,80,30,131,129,28,27,73,85,12,71" hai3="51,40,44,111,19,46,60,56,16,22,35,104,69"/><T77/><D119/><U61/><E115/><V103/><F73/><W96/><G111/><T110/><D66/><U135/><E21/><V45/><F124/><W121/><G35/><T14/><D50/><U67/><E135/><N who="0" m="51721" /><D23/><U95/><E95/><V93/><F12/><W97/><G69/><T92/><D14/><U100/><E49/><V29/><F64/><N who="3" m="38919" /><G104/><T2/><D2/><U78/><E42/><V41/><F71/><W99/><G121/><N who="0" m="46699" /><D127/><U17/><E17/><N who="3" m="6730" /><G22/><T74/><D74/><U83/><E34/><V13/><F13/><W6/><G46/><T109/><AGARI ba="0,0" hai="77,79,92,98,102,108,109,110" m="46699,51721" machi="109" ten="40,12000,1" yaku="14,1,10,1,20,1,34,2" doraHai="54" who="0" fromWho="0" sc="250,120,250,-40,250,-40,250,-40" /><INIT seed="0,1,0,1,4,20" ten="370,210,210,210" oya="0" hai0="93,90,45,116,25,98,55,113,1,96,44,101,18" hai1="121,127,38,109,52,8,132,36,99,40,34,86,85" hai2="50,70,49,29,46,76,54,84,5,119,81,131,133" hai3="30,130,2,123,66,56,71,39,62,3,65,128,104"/><T83/><D116/><U108/><E121/><V23/><F70/><W115/><G123/><T6/><D113/><U12/><E127/><V33/><F119/><W16/><G104/><T105/><D83/><U27/><E132/><V64/><F131/><N who="3" m="50219" /><G115/><T94/><D105/><U126/><E126/><V17/><F133/><W73/><G73/><T37/><D37/><U10/><E99/><V48/><F64/><W82/><G39/><T4/><D1/><U68/><E68/><V7/><F29/><W58/><G30/><T124/><D124/><U112/><E112/><V47/><F33/><W14/><G82/><T21/><D44/><U9/><E12/><V125/><F125/><W72/><G72/><T134/><D134/><U135/><E135/><V103/><F103/><W51/><G66/><T32/><D32/><U89/><E85/><V88/><F76/><W92/><G92/><T75/><D75/><U22/><E34/><V43/><REACH who="2" step="1"/><F50/><AGARI ba="1,0" hai="4,6,18,21,25,45,50,55,90,93,94,96,98,101" machi="50" ten="40,3900,0" yaku="8,1,52,1" doraHai="20" who="0" fromWho="2" sc="370,42,210,0,210,-42,210,0" /><INIT seed="0,2,0,0,0,122" ten="412,210,168,210" oya="0" hai0="108,65,56,126,76,26,0,33,100,80,129,83,98" hai1="74,67,102,5,132,124,1,51,49,13,131,130,96" hai2="4,38,3,36,52,110,17,125,86,8,85,50,46" hai3="82,127,123,20,113,119,117,91,40,62,35,15,30"/><T133/><D108/><U29/><E74/><V37/><F125/><W60/><G123/><T97/><D126/><U109/><E1/><V48/><F110/><W43/><G127/><T31/><D0/><U63/><E124/><V25/><F17/><W72/><G35/><T95/><D129/><N who="1" m="49163" /><E132/><V101/><F101/><W61/><G113/><T57/><D133/><U75/><E75/><V79/><F79/><W66/><G66/><T107/><D65/><U23/><E5/><V2/><F2/><W105/><G105/><T21/><D33/><U120/><E120/><V47/><REACH who="2" step="1"/><F25/><REACH who="2" ten="412,210,158,210" step="2"/><W111/><G111/><T77/><D77/><U90/><E109/><V34/><F34/><W44/><G117/><T6/><D6/><U19/><E102/><V11/><F11/><W14/><G119/><T18/><D18/><U68/><E29/><V89/><F89/><W84/><G72/><T103/><D83/><U16/><E19/><V118/><F118/><W112/><G112/><T58/><D80/><U28/><E28/><V27/><F27/><W59/><G30/><T54/><D76/><U9/><E9/><V106/><F106/><W99/><G20/><T10/><D10/><U114/><E114/><V115/><F115/><W22/><G22/><T69/><D69/><U64/><E67/><V32/><F32/><W45/><G99/><T41/><D41/><AGARI ba="2,1" hai="3,4,8,36,37,38,41,46,47,48,50,52,85,86" machi="41" ten="40,2600,0" yaku="1,1,54,1,53,0" doraHai="122" doraHaiUra="88" who="2" fromWho="0" sc="412,-32,210,0,158,42,210,0" /><INIT seed="1,0,0,2,0,130" ten="380,210,200,210" oya="1" hai0="54,49,113,2,11,10,8,32,70,86,117,133,45" hai1="37,27,41,35,126,52,61,16,132,87,102,13,64" hai2="127,107,78,1,120,50,111,59,91,77,31,58,72" hai3="129,38,121,43,97,124,112,7,21,99,48,4,134"/><U115/><E115/><V14/><F107/><W42/><G112/><T83/><D113/><U23/><E126/><V25/><F1/><W63/><G124/><T22/><D133/><U19/><E132/><V34/><F120/><W28/><G134/><T33/><D117/><U108/><E102/><V105/><F105/><W66/><G38/><T95/><D70/><U82/><E108/><V18/><F111/><W56/><G129/><T131/><D131/><U90/><E37/><V114/><F114/><W26/><G121/><T36/><D36/><U51/><E41/><N who="3" m="15370" /><G48/><T71/><D71/><U93/><E35/><V109/><F109/><W106/><G106/><T5/><D33/><U15/><E27/><V119/><F119/><W12/><G12/><N who="0" m="5135" /><D32/><U76/><E61/><V47/><F127/><W98/><AGARI ba="0,0" hai="4,7,21,26,28,56,63,66,97,98,99" m="15370" machi="98" ten="30,1100,0" yaku="8,1" doraHai="130" who="3" fromWho="3" sc="380,-3,210,-5,200,-3,210,11" /><INIT seed="2,0,0,1,0,43" ten="377,205,197,221" oya="2" hai0="53,111,16,82,31,58,11,55,25,64,77,26,88" hai1="80,87,118,122,71,47,18,69,117,114,21,23,46" hai2="133,125,107,112,84,34,89,51,103,101,92,131,79" hai3="61,115,22,45,62,59,100,116,66,54,3,7,130"/><V32/><F32/><W14/><G116/><T60/><D111/><U120/><E18/><V75/><F34/><W52/><G115/><T74/><D26/><U12/><E12/><V50/><F112/><W128/><G100/><T8/><D8/><U72/><E114/><V129/><F51/><N who="3" m="28783" /><G3/><T13/><D88/><U90/><E72/><V27/><F27/><W94/><G94/><T93/><D93/><U5/><E5/><V2/><F2/><W9/><G22/><AGARI ba="0,0" hai="11,13,16,22,25,31,53,55,58,60,64,74,77,82" machi="22" ten="30,2000,0" yaku="7,1,54,1" doraHai="43" who="0" fromWho="3" sc="377,20,205,0,197,0,221,-20" /><INIT seed="3,0,0,4,1,0" ten="397,205,197,201" oya="3" hai0="21,107,36,88,122,69,104,95,27,23,66,135,78" hai1="11,117,123,77,67,43,125,7,82,110,64,98,93" hai2="132,56,121,10,86,99,9,49,42,47,59,94,22" hai3="46,13,63,81,17,51,20,60,6,26,90,4,106"/><W54/><G106/><T58/><D122/><U105/><E123/><V16/><F86/><N who="3" m="50511" /><G26/><T41/><D69/><U72/><E105/><V44/><F44/><W73/><G73/><T87/><D135/><U133/><E133/><V39/><F132/><W45/><G45/><T118/><D118/><U134/><E134/><V61/><F39/><W53/><G53/><T35/><D35/><U55/><E117/><V76/><F76/><W3/><G3/><T111/><D111/><U28/><E110/><V50/><F50/><W5/><AGARI ba="0,0" hai="4,5,6,13,17,20,46,51,54,60,63" m="50511" machi="5" ten="30,11700,0" yaku="8,1,52,3" doraHai="0" who="3" fromWho="3" sc="397,-39,205,-39,197,-39,201,117" /><INIT seed="3,1,0,1,1,96" ten="358,166,158,318" oya="3" hai0="53,117,79,111,18,45,30,12,50,88,20,16,56" hai1="24,101,133,23,127,135,59,38,29,102,75,118,131" hai2="42,51,78,69,48,19,47,55,130,71,64,128,54" hai3="105,91,52,112,9,36,40,61,68,95,3,125,115"/><W63/><G105/><T22/><D117/><U86/><E75/><V116/><F78/><W70/><G3/><T129/><D111/><U15/><E38/><N who="2" m="21975" /><F19/><W67/><G125/><T74/><D129/><N who="2" m="49770" /><F116/><W1/><G40/><T87/><D79/><U33/><E118/><V123/><F123/><W100/><G36/><T49/><D74/><U46/><E131/><V60/><F71/><W58/><G100/><N who="1" m="38506" /><E127/><V66/><F66/><W72/><G72/><T26/><D30/><U11/><E59/><V108/><F108/><W8/><G70/><T34/><D34/><U109/><E109/><V14/><F14/><W103/><G103/><T7/><D7/><N who="1" m="3583" /><E46/><V134/><F134/><N who="1" m="51209" /><E86/><V44/><F44/><W124/><G124/><T2/><D2/><U35/><AGARI ba="1,0" hai="23,24,29,33,35" m="51209,3583,38506" machi="35" ten="30,7900,0" yaku="20,1,52,3" doraHai="96" who="1" fromWho="1" sc="358,-21,166,82,158,-21,318,-40" owari="337,43.0,248,-15.0,137,-36.0,278,8.0" /></mjloggm>