<mjloggm ver="2.3"><GO type="97" lobby="0"/><UN n0="%68%61%6E%61%6E%61" n1="%53%68%69%67%65%7A%6F" n2="%E3%82%A6%E3%83%AB%E3%83%88%E3%83%A9%E7%AB%8B%E7%9B%B4" n3="%EF%BD%B1%EF%BE%9D%EF%BE%8A%EF%BE%9E%EF%BD%B0" dan="14,14,15,14" rate="1958.92,1854.37,1969.14,1959.49" sx="M,M,M,F"/><TAIKYOKU oya="0"/><INIT seed="0,0,0,1,1,57" ten="250,250,250,250" oya="0" hai0="24,18,56,6,99,117,133,15,91,58,116,76,131" hai1="49,98,80,92,47,2,61,11,51,25,122,20,82" hai2="3,27,97,52,69,4,30,83,7,112,31,93,28" hai3="100,110,102,42,84,45,75,60,54,108,33,106,113"/><T118/><D133/><U55/><E122/><V126/><F112/><W17/><G75/><T53/><D131/><U78/><E78/><V94/><F126/><W96/><G33/><T50/><D76/><U39/><E39/><V103/><F83/><W48/><G102/><T90/><D6/><U101/><E11/><V26/><F69/><W115/><G84/><T9/><D24/><N who="2" m="9258" /><F3/><W86/><G86/><T70/><D70/><U12/><E12/><V21/><F21/><W22/><G42/><T129/><D129/><U135/><E135/><V67/><F67/><W44/><G44/><T65/><D65/><U89/><E2/><V85/><F52/><W105/><G105/><T63/><REACH who="0" step="1"/><D99/><REACH who="0" ten="240,250,250,250" step="2"/><U66/><E89/><AGARI ba="0,1" hai="4,7,28,30,31,85,89,93,94,97,103" m="9258" machi="89" ten="30,1000,0" yaku="8,1" doraHai="57" who="2" fromWho="1" sc="240,0,250,-10,250,20,250,0" /><INIT seed="1,0,0,2,2,134" ten="240,240,270,250" oya="1" hai0="128,33,12,90,73,22,72,92,30,7,77,46,64" hai1="57,4,29,3,15,69,6,101,1,48,93,120,42" hai2="114,113,34,66,19,83,35,104,14,88,54,41,26" hai3="96,17,122,70,49,59,68,18,5,16,55,45,38"/><U102/><E120/><V118/><F104/><W132/><G122/><T8/><D128/><U40/><E69/><V135/><F118/><W130/><G132/><T74/><D64/><U56/><E29/><V2/><F2/><N who="1" m="521" /><E15/><V13/><F135/><W129/><G5/><N who="1" m="2154" /><E48/><V94/><F66/><W121/><G121/><T78/><D33/><U10/><E93/><V91/><F94/><W106/><G106/><T81/><D46/><U44/><E44/><V53/><F26/><W105/><G105/><T51/><D51/><U39/><E39/><V123/><F123/><W124/><G38/><T95/><D95/><U125/><E10/><V97/><F35/><W116/><G45/><T109/><D109/><U84/><E84/><V63/><F34/><W36/><G36/><T117/><D117/><U85/><E85/><V11/><F11/><W115/><G116/><T50/><D50/><U52/><E52/><V31/><F54/><W37/><G37/><T43/><D43/><N who="1" m="16427" /><E125/><V75/><F41/><W67/><G124/><T131/><D131/><N who="3" m="50185" /><G67/><T32/><D32/><U80/><E80/><V133/><F83/><W108/><G108/><T21/><D78/><U86/><E86/><V60/><F133/><W65/><G65/><T0/><D0/><U103/><AGARI ba="0,0" hai="56,57,101,102,103" m="16427,2154,521" machi="103" ten="40,3900,0" yaku="28,2" doraHai="134" who="1" fromWho="1" sc="240,-13,240,39,270,-13,250,-13" /><INIT seed="1,1,0,2,4,58" ten="227,279,257,237" oya="1" hai0="32,4,116,99,51,117,86,28,46,13,49,15,11" hai1="124,131,122,7,21,35,73,112,101,106,59,19,83" hai2="6,18,77,132,96,63,74,69,80,98,41,48,134" hai3="57,70,34,61,26,12,9,23,55,8,82,104,45"/><U103/><E122/><V25/><F6/><W76/><G104/><T3/><D99/><U14/><E112/><V78/><F78/><W52/><G34/><T87/><D32/><U29/><E106/><V65/><F96/><W110/><G110/><T79/><D28/><U67/><E73/><V47/><F98/><W64/><G45/><T17/><D3/><U54/><E67/><V38/><F48/><W1/><G1/><T114/><D114/><U133/><E133/><V24/><F18/><N who="3" m="12663" /><G70/><T107/><D107/><U115/><E115/><V88/><F88/><W111/><G111/><T128/><D128/><U85/><E124/><V22/><F22/><W36/><G36/><T33/><D33/><U40/><E131/><V16/><F16/><N who="3" m="8199" /><G9/><T92/><D51/><N who="1" m="31199" /><E40/><V120/><REACH who="2" step="1"/><F120/><REACH who="2" ten="227,279,247,237" step="2"/><W127/><G127/><T43/><D87/><AGARI ba="1,1" hai="52,55,57,61,64,76,82,87" m="8199,12663" machi="87" ten="30,7700,0" yaku="8,1,52,1,54,2" doraHai="58" who="3" fromWho="0" sc="227,-80,279,0,247,0,237,90" /><INIT seed="2,0,0,0,0,47" ten="147,279,247,327" oya="2" hai0="132,76,117,8,15,118,35,113,127,62,52,77,103" hai1="26,123,69,27,14,128,122,111,51,119,9,12,109" hai2="87,31,58,21,42,79,83,25,3,46,57,68,73" hai3="29,94,115,88,92,96,85,37,20,2,17,10,53"/><V0/><F68/><W63/><G37/><T89/><D113/><U32/><E69/><V70/><F70/><W41/><G41/><T44/><D35/><U97/><E97/><V130/><F130/><W55/><G115/><T134/><D103/><U74/><E74/><V50/><F87/><W1/><G29/><T98/><D127/><U129/><E32/><V86/><REACH who="2" step="1"/><F73/><REACH who="2" ten="147,279,237,327" step="2"/><W108/><G85/><T48/><D62/><U45/><E119/><N who="0" m="45577" /><D98/><U28/><E28/><V71/><F71/><W19/><G63/><T93/><D93/><U80/><E80/><V22/><F22/><W82/><G82/><T100/><D100/><U13/><E9/><V131/><F131/><N who="1" m="50249" /><E123/><V78/><F78/><N who="0" m="30314" /><D89/><U116/><E122/><V60/><F60/><W59/><G10/><T84/><D84/><U54/><E116/><V33/><F33/><W23/><G96/><T43/><D43/><U67/><E67/><V75/><F75/><W110/><G20/><T66/><D66/><U99/><E99/><V124/><F124/><W135/><G23/><T6/><AGARI ba="0,1" hai="6,8,15,44,48,52,132,134" m="30314,45577" machi="6" ten="30,4000,0" yaku="12,1,52,1,54,1" doraHai="47" who="0" fromWho="0" sc="147,50,279,-10,237,-20,327,-10" /><INIT seed="3,0,0,5,5,49" ten="197,269,217,317" oya="3" hai0="27,121,7,76,38,128,91,43,67,36,53,81,105" hai1="64,73,109,34,33,135,94,87,129,113,45,29,48" hai2="114,19,92,17,122,119,115,39,74,95,118,46,133" hai3="31,100,22,93,106,98,35,37,120,101,50,40,61"/><W112/><G37/><T65/><D121/><U83/><E109/><V72/><F46/><W80/><G35/><T62/><D105/><U9/><E113/><V23/><F23/><W44/><G112/><N who="2" m="43049" /><F39/><W63/><G120/><T5/><D128/><U56/><E129/><V110/><F122/><W124/><G124/><T16/><D38/><U58/><E73/><N who="2" m="28267" /><F19/><W42/><G42/><T1/><D1/><U69/><E69/><V111/><F17/><W78/><G101/><T10/><D36/><U41/><E29/><V24/><F24/><W54/><G40/><T6/><D43/><U96/><E9/><V107/><F107/><W20/><G106/><T77/><D65/><U30/><E30/><V4/><F4/><W52/><G31/><T14/><D27/><U102/><E58/><V3/><F3/><W68/><G20/><T125/><D125/><U8/><E8/><V21/><F21/><W59/><G22/><T25/><D25/><U60/><REACH who="1" step="1"/><E135/><REACH who="1" ten="197,259,217,317" step="2"/><V70/><F70/><W2/><G68/><T26/><D26/><U13/><E13/><V79/><F133/><W85/><G2/><T75/><D75/><U15/><E15/><V88/><F111/><W97/><G59/><N who="0" m="35183" /><D67/><U130/><E130/><V89/><F110/><W32/><G32/><T28/><D28/><U71/><E71/><V99/><F79/><AGARI ba="0,1" hai="33,34,41,45,48,56,60,64,79,83,87,94,96,102" machi="79" ten="30,2000,0" yaku="1,1,7,1,53,0" doraHai="49" doraHaiUra="104" who="1" fromWho="2" sc="197,0,259,30,217,-20,317,0" owari="197,-20.0,289,9.0,197,-30.0,317,41.0" /></mjloggm>