<mjloggm ver="2.3"><GO type="169" lobby="0"/><UN n0="%E3%82%A6%E3%83%AB%E3%83%88%E3%83%A9%E7%AB%8B%E7%9B%B4" n1="%4D%52%2E%42%49%47" n2="%6D%61%63%6A%72" n3="%E8%B5%A4%E6%9C%A8%E3%81%97%E3%81%92%E3%82%8B%61%73" dan="16,16,17,16" rate="2038.19,2125.26,2142.24,2030.12" sx="M,M,M,M"/><TAIKYOKU oya="0"/><INIT seed="0,0,0,2,5,91" ten="250,250,250,250" oya="0" hai0="41,105,129,51,37,47,6,122,114,117,4,74,90" hai1="63,66,93,70,11,16,56,24,33,80,72,36,0" hai2="67,49,57,20,7,78,22,44,120,26,3,109,108" hai3="127,62,45,111,124,131,125,64,23,83,65,95,29"/><T39/><D105/><U104/><E36/><V8/><F120/><W42/><G111/><T17/><D122/><U25/><E104/><V116/><F116/><W12/><G131/><T19/><D74/><U32/><E0/><V92/><F78/><W60/><G83/><T103/><D103/><U75/><E25/><V96/><F22/><W82/><G82/><T15/><D117/><U28/><E33/><V27/><F27/><N who="3" m="16639" /><G12/><T106/><D106/><U133/><E133/><V48/><F67/><N who="3" m="25675" /><G95/><T100/><D39/><AGARI ba="0,0" hai="39,42,45,60,62,124,125,127" m="25675,16639" machi="39" ten="30,1000,0" yaku="18,1" doraHai="91" who="3" fromWho="0" sc="250,-10,250,0,250,0,250,10" /><INIT seed="1,0,0,5,2,61" ten="240,250,250,260" oya="1" hai0="52,123,98,85,78,70,14,74,127,27,91,77,101" hai1="17,58,117,3,19,104,51,7,82,122,106,92,29" hai2="6,73,59,71,96,65,8,113,66,2,114,56,126" hai3="112,62,55,95,34,35,23,0,105,49,38,111,94"/><U109/><E122/><V130/><F73/><W84/><G105/><T44/><D123/><U115/><E117/><V124/><F130/><W135/><G38/><T69/><D127/><N who="2" m="48682" /><F96/><W100/><G0/><T97/><D27/><U1/><E115/><N who="2" m="44043" /><F71/><W93/><G135/><T79/><D70/><U30/><E82/><V57/><AGARI ba="0,0" hai="2,6,8,56,57,59,65,66" m="44043,48682" machi="57" ten="40,8000,1" yaku="18,1,11,1,52,2" doraHai="61" who="2" fromWho="2" sc="240,-20,250,-40,250,80,260,-20" /><INIT seed="2,0,0,4,3,62" ten="220,210,330,240" oya="2" hai0="124,21,11,65,8,13,93,121,88,89,22,103,107" hai1="104,83,90,131,35,100,46,5,111,126,38,33,77" hai2="91,34,57,7,101,106,134,28,118,37,73,0,127" hai3="54,71,53,80,112,39,78,43,115,117,82,119,25"/><V63/><F118/><W27/><G43/><T12/><D107/><U26/><E111/><V86/><F73/><W55/><G78/><T84/><D103/><U113/><E131/><V120/><F37/><W20/><G20/><T64/><D124/><U51/><E126/><V45/><F45/><W18/><G18/><T68/><D68/><U17/><E90/><V49/><F49/><W79/><G79/><T23/><D121/><U81/><E113/><N who="3" m="43594" /><G71/><T58/><D58/><U130/><E130/><V50/><F57/><W99/><G99/><T116/><D116/><N who="3" m="44617" /><G39/><T42/><D42/><U66/><E38/><V9/><F127/><W44/><G44/><T2/><D2/><U132/><E46/><V69/><F69/><W67/><G67/><N who="0" m="25675" /><D89/><U87/><E104/><V61/><F0/><W97/><G97/><T123/><D123/><U105/><E105/><V76/><F120/><W47/><G47/><T1/><D1/><U129/><E129/><V19/><F91/><W122/><G122/><T74/><D74/><U75/><E75/><V24/><F106/><W6/><G6/><N who="0" m="3095" /><D22/><U60/><E100/><V32/><F101/><W110/><G110/><T92/><D92/><U14/><E35/><V98/><F32/><W95/><G95/><T41/><D41/><U135/><E33/><V59/><F34/><W108/><G108/><T52/><D52/><U3/><E3/><V114/><F114/><W85/><G82/><T15/><D15/><U133/><E14/><V29/><F76/><W125/><G125/><T36/><D36/><U31/><E77/><V4/><F59/><RYUUKYOKU ba="0,0" sc="220,15,210,-15,330,-15,240,15" hai0="11,13,21,23,84,88,93" hai3="25,27,53,54,55,80,85" /><INIT seed="3,1,0,1,5,113" ten="235,195,315,255" oya="3" hai0="127,31,132,26,94,78,99,47,84,72,102,14,42" hai1="90,101,64,86,67,80,111,25,24,75,123,96,107" hai2="135,22,134,61,120,9,118,97,128,114,76,85,57" hai3="56,17,62,103,87,53,108,77,28,119,121,8,37"/><W71/><G119/><T54/><D72/><U13/><E123/><V124/><F114/><W32/><G121/><T12/><D127/><U129/><E111/><V95/><F120/><W125/><G37/><T21/><D132/><U93/><E93/><V131/><F9/><W0/><G108/><T49/><D78/><U68/><E107/><V110/><F22/><W35/><G125/><T65/><D84/><N who="1" m="50439" /><E75/><V109/><F124/><W105/><G103/><T98/><D98/><U73/><E73/><V79/><F57/><W59/><G105/><T112/><D112/><U45/><E45/><V39/><F61/><W5/><G71/><T16/><D65/><U27/><E25/><V92/><F39/><W36/><G36/><T11/><REACH who="0" step="1"/><D14/><REACH who="0" ten="225,195,315,255" step="2"/><U2/><E2/><V23/><F85/><W89/><G77/><T116/><D116/><U20/><E129/><V18/><F97/><W10/><G87/><T117/><D117/><U106/><E106/><V100/><F118/><W130/><G130/><N who="2" m="49705" /><F79/><W3/><G3/><T63/><D63/><U43/><E13/><N who="2" m="9679" /><F76/><W74/><G74/><T83/><D83/><U46/><E67/><V81/><F81/><W122/><G122/><T133/><D133/><N who="2" m="50698" /><F100/><W44/><G0/><T1/><D1/><U33/><E101/><V4/><F109/><W38/><G89/><T69/><D69/><U104/><E104/><V7/><F110/><W55/><G62/><T29/><D29/><U30/><E30/><V58/><F92/><W40/><G28/><T51/><D51/><U50/><E50/><V19/><F95/><W52/><G38/><RYUUKYOKU ba="1,1" sc="225,30,195,-10,315,-10,255,-10" hai0="11,12,16,21,26,31,42,47,49,54,94,99,102" /><INIT seed="4,2,1,0,4,83" ten="255,185,305,245" oya="0" hai0="38,106,132,103,3,54,28,43,13,102,24,23,59" hai1="131,9,2,79,73,120,135,56,27,37,12,107,87" hai2="36,22,122,16,51,6,119,76,31,18,60,4,77" hai3="62,118,124,39,72,109,8,84,26,45,80,133,40"/><T48/><D3/><U85/><E120/><V67/><F36/><W129/><G118/><T114/><D106/><U90/><E135/><V49/><F122/><W68/><G109/><T108/><D132/><U100/><E131/><V55/><F119/><W33/><G133/><T91/><D108/><U117/><E117/><V15/><F31/><W63/><G124/><T65/><D114/><U25/><E37/><V69/><F49/><W78/><G129/><T104/><D104/><U82/><E2/><V46/><REACH who="2" step="1"/><F18/><REACH who="2" ten="255,185,295,245" step="2"/><W130/><G130/><T20/><D38/><U126/><E126/><V66/><F66/><W86/><G39/><T74/><D65/><U34/><E34/><V41/><F41/><W64/><G33/><T52/><D43/><U81/><E73/><V92/><F92/><W111/><G72/><T121/><D74/><U11/><E107/><V17/><F17/><W44/><G40/><T99/><D121/><U134/><E134/><V10/><F10/><W30/><G8/><T35/><D35/><U32/><E32/><V98/><F98/><W19/><G111/><T127/><D127/><U94/><E11/><V125/><F125/><W93/><G19/><N who="0" m="10351" /><D54/><U110/><E110/><V70/><F70/><W1/><G68/><T88/><D99/><N who="1" m="59511" /><E56/><V0/><F0/><W128/><G1/><T105/><D105/><U21/><E9/><V53/><F53/><W71/><G128/><T14/><D59/><U57/><E57/><V123/><F123/><W112/><G112/><T47/><D28/><U42/><E42/><V113/><F113/><W58/><G58/><RYUUKYOKU ba="2,2" sc="255,-15,185,15,295,15,245,-15" hai1="12,21,25,27,79,81,82,85,87,90" hai2="4,6,15,16,22,46,51,55,60,67,69,76,77" /><INIT seed="5,3,2,5,3,15" ten="240,200,310,230" oya="1" hai0="80,84,21,73,66,64,86,59,98,35,37,110,4" hai1="94,124,131,130,20,71,0,46,50,129,75,29,105" hai2="95,92,101,5,9,25,38,128,42,118,10,78,115" hai3="89,52,121,30,77,107,33,81,55,16,24,119,120"/><U87/><E75/><V17/><F118/><W11/><G119/><T132/><D37/><U102/><E105/><V26/><F128/><W100/><G100/><T99/><D35/><U61/><E0/><V18/><F38/><W72/><G107/><T28/><D73/><U23/><E124/><V40/><F101/><W6/><G6/><T109/><D4/><U1/><E1/><V123/><F5/><W36/><G36/><T63/><D84/><U133/><E133/><V114/><F78/><W44/><G89/><T7/><D7/><U54/><E29/><V113/><F113/><W65/><G65/><T122/><D132/><U53/><E71/><V31/><F31/><W111/><G111/><T22/><D122/><AGARI ba="3,2" hai="9,10,17,18,25,26,40,42,92,95,114,115,122,123" machi="122" ten="25,6400,0" yaku="22,2,52,2" doraHai="15" who="2" fromWho="0" sc="240,-73,200,0,310,93,230,0" /><INIT seed="6,0,0,4,5,27" ten="167,200,403,230" oya="2" hai0="5,37,67,16,110,82,125,112,50,35,100,47,78" hai1="107,24,28,31,69,52,34,106,111,1,23,38,95" hai2="76,13,9,94,25,18,86,99,36,65,81,58,22" hai3="108,17,20,66,113,44,53,117,12,116,19,77,56"/><V63/><F36/><W72/><G108/><T55/><D110/><U122/><E111/><V104/><F104/><W79/><G113/><T43/><D112/><U39/><E1/><V42/><F42/><W64/><G44/><T8/><D100/><U102/><E69/><V90/><REACH who="2" step="1"/><F25/><REACH who="2" ten="167,200,393,230" step="2"/><W51/><G117/><T88/><D37/><U29/><E39/><V92/><F92/><W10/><G116/><T105/><D43/><U87/><E38/><V119/><F119/><W48/><G72/><T62/><D105/><U118/><E118/><V70/><F70/><W127/><G127/><T124/><D124/><U54/><E107/><V40/><F40/><W103/><G103/><T129/><D125/><U26/><E106/><V133/><F133/><W98/><G98/><T97/><D129/><U101/><E31/><V96/><F96/><W14/><G51/><T114/><D50/><U73/><E122/><V57/><F57/><W85/><G85/><T135/><D97/><U61/><E73/><V126/><F126/><W121/><G121/><T128/><D128/><U83/><E95/><V80/><F80/><W84/><G84/><T134/><D82/><U3/><E61/><V131/><F131/><W132/><G132/><T2/><D62/><U91/><E3/><V45/><F45/><W30/><G30/><T74/><D2/><U21/><E34/><V93/><F93/><W0/><G0/><T75/><D114/><U6/><E102/><V60/><F60/><W32/><G32/><T46/><D35/><U7/><E101/><V4/><F4/><AGARI ba="0,1" hai="4,6,7,21,23,24,26,28,29,52,54,83,87,91" machi="4" ten="40,8000,1" yaku="9,1,8,1,52,2,54,1" doraHai="27" who="1" fromWho="2" sc="167,0,200,90,393,-80,230,0" /><INIT seed="7,0,0,2,1,60" ten="167,290,313,230" oya="3" hai0="102,104,93,126,35,40,4,82,51,20,130,52,11" hai1="26,91,48,76,29,42,83,117,97,68,23,13,15" hai2="22,44,65,100,39,57,5,101,34,135,75,78,132" hai3="115,47,3,28,63,38,70,37,8,128,86,109,1"/><W58/><G70/><T30/><D35/><U80/><E68/><V90/><F34/><W105/><G105/><T107/><D126/><U110/><E110/><V32/><F32/><W41/><G109/><T45/><D130/><U6/><E117/><V10/><F90/><W127/><G128/><T88/><D104/><U0/><E0/><V74/><F22/><W33/><G127/><T94/><D107/><U79/><E97/><V18/><F18/><W96/><G115/><T66/><D66/><U129/><E91/><V7/><F57/><W92/><G86/><T133/><D133/><N who="2" m="51274" /><F65/><W89/><G38/><T67/><D67/><U112/><E129/><V131/><F131/><W12/><G28/><T55/><D82/><U71/><E71/><V73/><F78/><W124/><G33/><T46/><D20/><U77/><E112/><V56/><F56/><W14/><G14/><T84/><D30/><U118/><E118/><V87/><F87/><W98/><G98/><T72/><D72/><U85/><E6/><N who="2" m="2059" /><F10/><W27/><G27/><T95/><D102/><U21/><E76/><V123/><F123/><W50/><G124/><T125/><D125/><U134/><E134/><V81/><F81/><W64/><REACH who="3" step="1"/><G37/><REACH who="3" ten="167,290,313,220" step="2"/><T59/><D4/><AGARI ba="0,1" hai="1,3,4,8,12,41,47,50,58,63,64,89,92,96" machi="4" ten="30,11600,0" yaku="1,1,2,1,7,1,52,1,53,0" doraHai="60" doraHaiUra="106" who="3" fromWho="0" sc="167,-116,290,0,313,0,220,126" owari="51,-45.0,290,-11.0,313,11.0,346,45.0" /></mjloggm>