<mjloggm ver="2.3"><GO type="97" lobby="0"/><UN n0="%E3%82%B4%E3%83%9F%E3%82%AF%E3%82%BA%E4%B8%83%E6%AE%B5" n1="%E3%81%B1%E3%83%BC%E3%81%9D%E3%82%93" n2="%E3%81%A4%E3%81%A0%E3%81%88%E3%81%B3" n3="%E3%82%A6%E3%83%AB%E3%83%88%E3%83%A9%E7%AB%8B%E7%9B%B4" dan="17,14,14,15" rate="2073.64,1926.52,1903.18,2016.37" sx="F,M,M,M"/><TAIKYOKU oya="0"/><INIT seed="0,0,0,2,1,58" ten="250,250,250,250" oya="0" hai0="18,73,133,52,51,82,30,60,98,119,23,123,9" hai1="36,108,116,95,72,48,3,77,27,37,114,40,86" hai2="131,35,90,53,125,61,118,71,110,81,62,85,15" hai3="44,13,126,100,16,94,1,127,63,54,79,20,135"/><T103/><D119/><U39/><E116/><V69/><F118/><W122/><G1/><T107/><D123/><U101/><E3/><V38/><F110/><W31/><G122/><T130/><D133/><U104/><E108/><V106/><F131/><W66/><G135/><T26/><D130/><U67/><E114/><V65/><F125/><N who="3" m="47627" /><G79/><T132/><D132/><U24/><E104/><V89/><F106/><W105/><G105/><T75/><D82/><U43/><E72/><V76/><F38/><W47/><G54/><T22/><D9/><U6/><E6/><V41/><F35/><W117/><G31/><T8/><D8/><U111/><E111/><V17/><F41/><W5/><G5/><T12/><REACH who="0" step="1"/><D60/><REACH who="0" ten="240,250,250,250" step="2"/><U34/><E36/><V129/><F62/><W56/><G117/><T115/><D115/><U14/><E39/><V134/><F134/><W109/><G109/><T93/><D93/><U42/><E37/><V113/><F129/><W96/><AGARI ba="0,1" hai="13,16,20,44,47,56,63,66,94,96,100" m="47627" machi="96" ten="30,4000,0" yaku="18,1,52,1,54,1" doraHai="58" who="3" fromWho="3" sc="240,-20,250,-10,250,-10,250,50" /><INIT seed="1,0,0,0,1,96" ten="220,240,240,300" oya="1" hai0="74,117,56,4,110,87,99,57,81,28,5,92,112" hai1="59,61,109,75,44,66,108,46,85,129,102,34,14" hai2="50,133,52,17,38,23,31,105,18,10,90,101,79" hai3="25,65,8,72,11,45,47,134,70,19,33,12,128"/><U48/><E75/><V94/><F38/><W51/><G72/><T6/><D112/><U95/><E34/><V114/><F114/><W78/><G128/><T98/><D117/><U30/><E129/><V60/><F133/><W131/><G131/><T84/><D74/><U80/><E30/><V9/><F79/><W123/><G78/><N who="0" m="46135" /><D110/><N who="1" m="42603" /><E14/><V71/><F31/><W106/><G25/><T67/><D28/><U97/><E48/><V26/><F18/><W3/><G51/><T77/><D67/><U116/><E116/><V100/><F105/><W73/><G106/><T54/><D57/><U63/><E63/><V88/><F60/><W42/><G65/><T113/><D113/><U115/><E115/><V7/><F71/><W43/><G70/><T93/><D77/><AGARI ba="0,0" hai="44,46,59,61,66,77,80,85,95,97,102" m="42603" machi="77" ten="30,5800,0" yaku="14,1,10,1,52,1" doraHai="96" who="1" fromWho="0" sc="220,-58,240,58,240,0,300,0" /><INIT seed="1,1,0,2,0,116" ten="162,298,240,300" oya="1" hai0="106,26,27,65,16,54,21,129,55,112,130,25,20" hai1="32,30,80,36,6,38,28,7,44,132,45,108,90" hai2="75,62,105,127,11,39,1,87,93,134,70,123,103" hai3="117,68,109,40,119,10,113,48,51,128,46,131,85"/><U110/><E132/><V63/><F134/><W120/><G10/><T102/><D112/><U89/><REACH who="1" step="1"/><E80/><REACH who="1" ten="162,288,240,300" step="2"/><V114/><F114/><W77/><G113/><T31/><D65/><U60/><E60/><V133/><F63/><W4/><G117/><T86/><D130/><U124/><E124/><V118/><F62/><W53/><G119/><T18/><D129/><U58/><E58/><V14/><F127/><W57/><G128/><T72/><D72/><U96/><E96/><V52/><F75/><W33/><G131/><T23/><REACH who="0" step="1"/><D86/><REACH who="0" ten="152,288,240,300" step="2"/><U126/><E126/><V61/><F70/><W13/><G68/><T78/><D78/><U3/><E3/><V2/><F1/><W41/><G85/><T97/><AGARI ba="1,2" hai="16,18,20,21,23,25,26,27,31,54,55,97,102,106" machi="97" ten="30,7900,0" yaku="1,1,0,1,9,1,54,1,53,0" doraHai="116" doraHaiUra="71" who="0" fromWho="0" sc="152,102,288,-40,240,-21,300,-21" /><INIT seed="2,0,0,0,4,135" ten="254,248,219,279" oya="2" hai0="22,56,83,84,75,58,129,18,53,71,43,95,122" hai1="35,117,0,123,13,30,94,45,5,32,34,111,6" hai2="8,74,86,134,101,15,80,118,9,119,44,125,105" hai3="110,103,46,115,97,87,47,52,106,65,59,3,11"/><V24/><F134/><W16/><G115/><T72/><D122/><U20/><E45/><V17/><F74/><W38/><G110/><T14/><D71/><U29/><E94/><V50/><F9/><W102/><G65/><T27/><D129/><U19/><E123/><V69/><F69/><W10/><G102/><T133/><D133/><U57/><E57/><V42/><F125/><W93/><G3/><T108/><D43/><U121/><E121/><V40/><F42/><W31/><G31/><N who="1" m="11786" /><E111/><V85/><F24/><W96/><G87/><T21/><D108/><U2/><E117/><V116/><REACH who="2" step="1"/><F80/><REACH who="2" ten="254,248,209,279" step="2"/><W41/><G10/><N who="0" m="6487" /><D83/><U67/><E67/><V26/><F26/><W61/><G41/><T99/><D27/><U51/><E51/><V23/><F23/><W114/><G38/><T37/><D21/><U49/><E49/><V54/><F54/><W64/><G64/><T112/><D22/><U78/><E78/><V120/><F120/><W79/><G11/><T126/><D37/><U130/><E130/><V124/><F124/><W62/><G79/><T68/><D126/><U107/><E107/><V109/><F109/><W66/><G106/><T82/><D68/><U55/><E55/><V28/><F28/><W89/><G52/><T39/><D39/><U76/><E76/><V70/><F70/><W132/><G132/><T4/><D53/><U77/><E77/><V73/><F73/><W92/><G61/><T113/><D75/><U63/><E63/><V36/><F36/><W60/><G60/><T128/><D72/><U33/><E33/><V81/><F81/><RYUUKYOKU ba="0,1" sc="254,-15,248,15,209,15,279,-15" hai1="0,2,5,6,13,19,20,32,34,35" hai2="8,15,17,40,44,50,85,86,101,105,116,118,119" /><INIT seed="2,1,1,2,4,46" ten="239,263,224,264" oya="2" hai0="8,127,68,94,103,63,88,57,71,93,92,59,97" hai1="18,126,100,83,60,12,130,87,91,107,111,134,113" hai2="4,77,61,15,75,23,128,6,49,124,62,133,24" hai3="108,11,131,48,102,84,9,76,123,17,110,85,118"/><V99/><F128/><W81/><G131/><T135/><D135/><U13/><E130/><V58/><F133/><W120/><G102/><T69/><D127/><U50/><E126/><V54/><F124/><W21/><G118/><T33/><D33/><U105/><E113/><V96/><F77/><W125/><G125/><T90/><D8/><U56/><E111/><N who="3" m="42538" /><G85/><T26/><D26/><U78/><E134/><V122/><F122/><N who="3" m="46635" /><G48/><T20/><D20/><U38/><E38/><V79/><F79/><W30/><G30/><T132/><D132/><U86/><E50/><V52/><F75/><W43/><G43/><T72/><D72/><U73/><E12/><AGARI ba="1,1" hai="9,11,12,17,21,76,81,84" m="46635,42538" machi="12" ten="30,1000,0" yaku="14,1" doraHai="46" who="3" fromWho="1" sc="239,0,263,-13,224,0,264,23" /><INIT seed="3,0,0,5,1,82" ten="239,250,224,287" oya="3" hai0="58,32,97,54,75,86,70,14,55,34,80,133,30" hai1="99,107,101,72,119,123,121,2,67,134,6,114,22" hai2="65,84,29,13,129,113,68,104,51,111,56,66,16" hai3="89,95,132,4,83,98,46,73,42,40,96,92,76"/><W105/><G132/><T78/><D70/><U124/><E114/><V26/><F113/><W19/><G105/><T15/><D133/><U115/><E119/><V27/><F104/><W62/><G4/><T69/><D69/><U71/><E115/><V109/><F68/><W103/><G46/><T48/><D75/><U5/><E134/><V10/><F129/><W85/><G73/><T79/><D79/><U23/><E124/><V77/><F111/><W28/><G28/><T37/><D37/><U108/><E72/><V0/><F0/><W61/><G19/><T18/><D30/><U127/><E108/><V93/><F109/><W91/><G76/><T122/><D122/><U21/><E127/><V90/><F77/><W49/><G49/><T131/><D131/><U59/><E71/><V74/><F74/><W130/><G130/><T7/><D97/><U45/><E107/><V102/><F102/><W60/><AGARI ba="0,0" hai="40,42,60,61,62,83,85,89,91,92,95,96,98,103" machi="60" ten="30,6000,0" yaku="0,1,8,1,52,1" doraHai="82" who="3" fromWho="3" sc="239,-20,250,-20,224,-20,287,60" owari="219,-18.0,230,3.0,204,-30.0,347,45.0" /></mjloggm>