<mjloggm ver="2.3"><GO type="169" lobby="0"/><UN n0="%2D%72%6F%6E%2D" n1="%51%42%E3%82%A2%E3%82%A4%E3%83%AA" n2="%E3%82%A6%E3%83%AB%E3%83%88%E3%83%A9%E7%AB%8B%E7%9B%B4" n3="%E3%83%9F%E3%83%A9%E3%82%AF%E3%83%AB%E3%81%8A%E3%81%98%E3%81%95%E3%82%93" dan="17,16,16,18" rate="2160.27,2084.68,2046.67,2181.82" sx="M,F,M,M"/><TAIKYOKU oya="0"/><INIT seed="0,0,0,5,3,87" ten="250,250,250,250" oya="0" hai0="59,14,82,32,132,121,64,123,67,26,3,41,128" hai1="73,27,47,11,101,75,61,126,81,8,45,56,15" hai2="28,130,62,90,99,102,71,39,94,38,77,112,127" hai3="54,40,65,16,114,21,25,93,76,134,129,57,107"/><T1/><D128/><U105/><E105/><V119/><F112/><W35/><G107/><T52/><D132/><U117/><E101/><V42/><F130/><W88/><G129/><T135/><D135/><U125/><E27/><V80/><F119/><W24/><G134/><T69/><D69/><U97/><E15/><V10/><F127/><W120/><G114/><T100/><D41/><U111/><E61/><V19/><F28/><W23/><G35/><T109/><D1/><U46/><E117/><V33/><F33/><W4/><G120/><T68/><D3/><U83/><E56/><V7/><F19/><N who="3" m="12351" /><G76/><T36/><D36/><U2/><E97/><V108/><F108/><W18/><G40/><T133/><D133/><U22/><E111/><V103/><F39/><W55/><G4/><T63/><D100/><U91/><E2/><V13/><F42/><W131/><G131/><T85/><D109/><U5/><E5/><V31/><F31/><N who="3" m="17855" /><G65/><T44/><D67/><U9/><E22/><V70/><F38/><W79/><G79/><T116/><D116/><U113/><E113/><V34/><F34/><W84/><G55/><T98/><D68/><U96/><E96/><V86/><F71/><W49/><AGARI ba="0,0" hai="16,18,49,54,57,84,88,93" m="17855,12351" machi="49" ten="30,7900,0" yaku="8,1,52,1,54,2" doraHai="87" who="3" fromWho="3" sc="250,-39,250,-20,250,-20,250,79" /><INIT seed="1,0,0,1,4,128" ten="211,230,230,329" oya="1" hai0="37,84,122,61,134,15,58,87,23,111,27,95,62" hai1="132,86,42,118,126,75,13,89,50,92,76,44,121" hai2="34,99,18,133,5,31,100,135,6,9,46,33,82" hai3="55,21,117,73,45,11,12,78,57,130,103,63,43"/><U108/><E118/><V106/><F31/><W123/><G123/><T67/><D122/><U72/><E121/><V19/><F82/><W64/><G130/><T25/><D37/><U119/><E119/><V1/><F6/><W85/><G117/><T52/><D111/><U91/><E108/><V107/><F19/><W127/><G127/><T28/><D134/><N who="2" m="51210" /><F18/><W90/><G103/><T66/><D15/><U47/><E126/><V109/><F109/><W8/><G12/><T41/><D41/><U40/><E13/><V26/><F26/><W3/><G43/><T10/><D10/><U104/><E132/><V125/><F125/><W115/><G11/><T56/><D95/><U94/><E104/><N who="2" m="63519" /><F46/><W4/><G45/><T35/><D67/><U59/><E76/><V49/><F49/><W96/><G78/><T36/><D36/><U74/><E59/><V69/><F69/><W97/><G57/><T54/><D66/><U14/><E14/><V68/><F68/><W16/><G64/><T113/><D113/><U65/><E65/><V110/><F110/><W20/><G115/><T22/><D35/><AGARI ba="0,0" hai="1,5,9,33,34,35,106,107" m="63519,51210" machi="35" ten="30,8000,1" yaku="20,1,23,1,52,3" doraHai="128" who="2" fromWho="0" sc="211,-80,230,0,230,80,329,0" /><INIT seed="2,0,0,2,4,57" ten="131,230,310,329" oya="2" hai0="14,66,56,59,123,114,46,35,61,106,95,82,28" hai1="16,72,42,0,116,71,40,134,94,65,91,33,36" hai2="92,76,50,70,18,128,19,13,89,130,51,73,98" hai3="41,87,122,47,118,30,86,74,54,63,4,53,109"/><V48/><F70/><W32/><G118/><T127/><D114/><U124/><E72/><V25/><F76/><W49/><G122/><T24/><D106/><U29/><E0/><V99/><F73/><W132/><G74/><T90/><D123/><U113/><E116/><V126/><F126/><W23/><G109/><T26/><D127/><U93/><E113/><V102/><F25/><W97/><G132/><T121/><D121/><U10/><E134/><V129/><REACH who="2" step="1"/><F13/><REACH who="2" ten="131,230,300,329" step="2"/><W55/><G32/><T83/><D24/><U85/><E124/><V9/><F9/><W96/><G30/><T117/><D117/><U7/><E29/><V60/><F60/><W108/><G63/><T62/><D14/><U77/><E77/><V125/><F125/><W119/><G119/><T111/><D111/><U27/><E27/><V107/><AGARI ba="0,1" hai="18,19,48,50,51,89,92,98,99,102,107,128,129,130" machi="107" ten="40,7800,0" yaku="1,1,0,1,19,1,53,0" doraHai="57" doraHaiUra="120" who="2" fromWho="2" sc="131,-26,230,-26,300,88,329,-26" /><INIT seed="2,1,0,5,4,108" ten="105,204,388,303" oya="2" hai0="114,15,62,27,54,47,18,97,76,91,4,86,8" hai1="9,106,11,128,78,36,23,12,127,6,53,0,48" hai2="28,101,120,72,64,22,1,117,30,24,135,52,10" hai3="122,111,68,102,5,59,58,65,41,92,82,93,103"/><V29/><F72/><W125/><G122/><T37/><D76/><U19/><E36/><V42/><F42/><W77/><G111/><T99/><D37/><U43/><E106/><V94/><F64/><W17/><G125/><T123/><D123/><U13/><E43/><V34/><F117/><W107/><G68/><T51/><D62/><U2/><E78/><V74/><F74/><W95/><G5/><T21/><REACH who="0" step="1"/><D114/><REACH who="0" ten="95,204,388,303" step="2"/><U98/><E127/><V132/><F120/><W25/><G77/><T45/><D45/><U35/><E128/><V40/><F132/><W26/><G59/><T14/><D14/><U73/><E48/><V70/><F135/><W105/><G58/><T69/><D69/><U33/><E73/><V61/><F70/><W16/><G26/><T57/><D57/><U130/><E130/><V118/><F61/><W80/><G25/><T116/><D116/><U56/><E56/><V90/><F24/><W49/><G49/><T113/><D113/><U55/><E55/><V131/><F52/><W119/><G119/><T121/><D121/><U60/><E60/><V63/><F63/><W110/><G110/><T133/><D133/><U38/><E38/><V115/><F115/><W67/><G41/><T79/><D79/><U83/><E53/><V109/><F40/><W112/><G112/><T20/><D20/><U129/><E23/><V71/><F71/><W39/><G39/><T96/><D96/><U89/><E129/><V100/><F131/><W81/><G67/><T87/><D87/><N who="1" m="50431" /><E98/><N who="2" m="57687" /><F109/><W50/><G65/><T126/><D126/><U88/><E35/><RYUUKYOKU ba="1,1" sc="95,30,204,-10,388,-10,303,-10" hai0="4,8,15,18,21,27,47,51,54,86,91,97,99" /><INIT seed="3,2,1,4,3,97" ten="125,194,378,293" oya="3" hai0="6,39,1,81,20,104,80,130,34,65,108,122,92" hai1="119,63,85,112,36,72,132,13,21,59,99,121,32" hai2="93,127,111,84,109,114,90,0,82,113,133,12,10" hai3="14,118,44,95,27,43,66,23,50,24,11,61,86"/><W30/><G118/><T74/><D104/><U52/><E72/><V71/><F71/><W105/><G105/><T7/><D34/><U15/><E32/><V51/><F0/><W41/><G27/><T91/><D122/><U77/><E36/><V25/><F127/><W73/><G73/><T69/><D39/><U128/><E121/><V126/><F126/><W123/><G123/><T38/><D38/><U42/><E42/><V83/><F83/><W31/><G86/><T124/><D124/><U116/><E112/><V62/><F62/><W101/><G31/><T5/><D1/><U120/><E120/><V3/><F3/><W134/><G134/><T49/><D130/><U37/><E128/><V9/><F25/><W75/><G75/><T89/><D108/><N who="2" m="41546" /><F133/><W110/><G110/><T56/><D69/><U40/><E132/><V78/><F51/><W96/><G61/><N who="0" m="38055" /><D74/><U48/><E37/><V117/><F117/><W4/><REACH who="3" step="1"/><G66/><REACH who="3" ten="125,194,378,283" step="2"/><T79/><D79/><U115/><E119/><V2/><F78/><W76/><G76/><T70/><D70/><U19/><E116/><V87/><F114/><W16/><G16/><T125/><D125/><U22/><E115/><V46/><F113/><W55/><AGARI ba="2,2" hai="4,11,14,23,24,30,41,43,44,50,55,95,96,101" machi="55" ten="20,12000,1" yaku="1,1,0,1,7,1,8,1,52,1,53,0" doraHai="97" doraHaiUra="107" who="3" fromWho="3" sc="125,-42,194,-42,378,-42,283,146" /><INIT seed="3,3,0,5,3,54" ten="83,152,336,429" oya="3" hai0="85,8,48,94,133,29,4,123,23,65,53,45,67" hai1="57,77,76,51,84,113,52,2,33,108,117,89,47" hai2="69,30,126,135,118,36,46,50,43,129,80,79,110" hai3="59,120,102,98,131,115,109,9,90,99,28,26,72"/><W88/><G115/><T106/><D106/><U83/><E113/><V10/><F118/><W58/><G120/><T6/><D123/><U122/><E122/><V124/><F135/><W125/><G72/><T49/><D133/><U1/><E33/><V70/><F30/><W114/><G114/><T116/><D116/><U5/><E117/><V100/><F100/><W82/><G125/><N who="2" m="48233" /><F129/><W3/><G131/><T7/><D8/><U38/><E108/><V103/><F103/><W63/><G109/><T56/><D94/><U14/><E1/><V71/><F10/><W66/><G3/><T41/><D85/><U75/><E2/><V105/><F105/><W0/><G0/><T86/><REACH who="0" step="1"/><D86/><REACH who="0" ten="73,152,336,429" step="2"/><U40/><REACH who="1" step="1"/><E75/><REACH who="1" ten="73,142,336,429" step="2"/><N who="2" m="43135" /><F110/><W44/><G9/><AGARI ba="3,2" hai="5,9,14,38,40,47,51,52,57,76,77,83,84,89" machi="9" ten="40,5200,0" yaku="1,1,52,1,54,1,53,0" doraHai="54" doraHaiUra="128" who="1" fromWho="3" sc="73,0,142,81,336,0,429,-61" /><INIT seed="4,0,0,3,3,96" ten="73,223,336,368" oya="0" hai0="126,75,117,2,0,76,12,101,60,11,69,68,3" hai1="105,135,88,127,114,84,49,67,42,130,23,77,95" hai2="20,112,46,83,13,52,74,40,8,62,17,79,57" hai3="70,80,55,85,91,30,98,125,38,92,109,122,43"/><T107/><D117/><U133/><E67/><V78/><F112/><W50/><G109/><T35/><D126/><U115/><E105/><V15/><F79/><W14/><G70/><T108/><D108/><U45/><E77/><V34/><F34/><W118/><G118/><T5/><D35/><U99/><E127/><V51/><F8/><W4/><G125/><T44/><D44/><U87/><E23/><V31/><F31/><W26/><G122/><T32/><D32/><U61/><E61/><V134/><F134/><N who="1" m="51209" /><E130/><V29/><F29/><W120/><G120/><T24/><D24/><AGARI ba="0,0" hai="13,15,17,20,24,40,46,51,52,57,62,74,78,83" machi="24" ten="30,2000,0" yaku="7,1,54,1" doraHai="96" who="2" fromWho="0" sc="73,-20,223,0,336,20,368,0" /><INIT seed="5,0,0,3,2,106" ten="53,223,356,368" oya="1" hai0="29,72,33,130,53,133,108,25,59,104,126,24,96" hai1="9,15,47,97,2,58,50,109,110,81,20,61,19" hai2="16,48,8,18,102,118,57,27,66,125,107,44,90" hai3="88,75,1,37,83,45,91,56,21,128,42,122,28"/><U43/><E97/><V119/><F102/><W93/><G122/><T103/><D108/><N who="1" m="41579" /><E81/><V82/><F107/><W67/><G128/><T32/><D130/><U94/><E94/><V40/><F119/><W13/><G1/><T41/><D133/><U114/><E114/><V5/><F118/><W0/><G0/><T30/><D126/><U77/><E77/><V121/><F125/><W65/><G56/><T85/><D41/><U134/><E134/><V131/><F131/><W129/><G129/><T12/><D85/><U62/><E58/><V78/><F90/><W52/><G52/><T26/><D12/><N who="1" m="9319" /><E2/><V3/><F121/><W113/><G113/><T71/><D71/><U116/><E116/><V14/><F3/><W135/><G135/><T105/><D25/><U49/><E50/><V101/><F27/><W123/><G123/><T87/><D87/><U112/><E112/><V115/><F115/><W98/><G91/><T76/><D105/><U73/><E73/><V95/><F95/><W54/><G54/><T11/><D11/><U74/><E74/><V34/><F101/><W117/><G117/><T120/><D120/><U68/><E68/><V99/><F57/><W124/><G124/><T127/><D127/><U79/><E79/><V132/><F132/><W70/><G70/><T111/><D111/><U6/><AGARI ba="0,0" hai="6,9,15,43,47,49,61,62" m="9319,41579" machi="6" ten="30,1500,0" yaku="10,1" doraHai="106" who="1" fromWho="1" sc="53,-5,223,15,356,-5,368,-5" /><INIT seed="5,1,0,4,1,87" ten="48,238,351,363" oya="1" hai0="130,88,55,125,46,119,45,98,52,134,58,33,116" hai1="103,56,60,72,101,99,80,104,40,123,14,66,111" hai2="107,117,49,29,13,73,91,1,64,135,69,35,132" hai3="17,7,6,2,41,31,118,23,108,127,28,8,39"/><U96/><E123/><V22/><F1/><N who="3" m="79" /><G41/><T44/><D33/><U94/><E111/><V26/><F117/><W109/><G39/><T112/><D112/><U129/><E40/><V102/><F73/><W4/><G118/><T50/><D125/><U62/><E14/><V11/><F22/><W3/><G127/><T48/><D130/><U110/><E129/><V126/><F49/><W38/><G38/><T89/><D134/><U27/><E110/><V78/><F78/><W63/><G63/><T51/><D98/><U61/><REACH who="1" step="1"/><E27/><REACH who="1" ten="48,228,351,363" step="2"/><V121/><F121/><W113/><G109/><T84/><D84/><U67/><E67/><V74/><F64/><W115/><G108/><T114/><D114/><U20/><E20/><V12/><F12/><W42/><G42/><T15/><D15/><U68/><E68/><V53/><F69/><W65/><G65/><T30/><D30/><U76/><AGARI ba="1,1" hai="56,60,61,62,66,72,76,80,94,96,99,101,103,104" machi="76" ten="30,3000,0" yaku="1,1,0,1,53,0" doraHai="87" doraHaiUra="34" who="1" fromWho="1" sc="48,-11,228,43,351,-11,363,-11" /><INIT seed="5,2,0,1,0,87" ten="37,271,340,352" oya="1" hai0="53,25,96,115,36,100,21,105,66,110,77,127,102" hai1="61,75,58,23,114,35,9,126,67,57,17,47,83" hai2="88,0,72,12,40,125,15,49,133,14,129,34,108" hai3="93,54,103,85,128,109,46,31,104,130,69,5,3"/><U33/><E126/><V122/><F0/><W79/><G109/><T48/><D110/><U107/><E107/><V113/><F72/><W101/><G69/><T134/><D134/><U38/><E9/><V91/><F34/><W62/><G104/><T94/><D36/><U52/><E114/><V63/><F108/><W56/><G31/><T106/><D127/><U37/><E37/><V78/><F78/><W95/><G3/><T16/><D115/><U4/><E4/><V8/><F113/><W55/><G5/><T123/><D123/><U81/><E75/><V99/><F125/><W73/><G73/><T60/><D77/><U6/><E6/><V76/><F76/><W90/><G79/><T64/><D100/><U70/><E33/><V19/><F122/><W97/><REACH who="3" step="1"/><G103/><REACH who="3" ten="37,271,340,342" step="2"/><T51/><D51/><AGARI ba="2,1" hai="46,51,54,55,56,62,85,90,93,95,97,101,128,130" machi="51" ten="40,5200,0" yaku="1,1,2,1,52,1,53,0" doraHai="87" doraHaiUra="119" who="3" fromWho="0" sc="37,-58,271,0,340,0,342,68" owari="-21,-52.0,271,-13.0,340,14.0,410,51.0" /></mjloggm>