<mjloggm ver="2.3"><GO type="41" lobby="0"/><UN n0="%E3%81%82%E3%81%AA%E3%81%85" n1="%E3%83%A9%E3%83%B3%E3%82%AB%E3%83%A9%E3%83%B3%E3%82%AB" n2="%E3%82%A6%E3%83%AB%E3%83%88%E3%83%A9%E7%AB%8B%E7%9B%B4" n3="%E6%96%AC%E5%88%80%E7%AB%B9%E5%85%89" dan="15,14,16,14" rate="2042.79,1895.92,2057.51,1902.93" sx="F,F,M,M"/><TAIKYOKU oya="0"/><INIT seed="0,0,0,1,0,55" ten="250,250,250,250" oya="0" hai0="103,118,120,53,14,123,94,43,97,92,32,132,57" hai1="113,102,69,85,135,21,91,59,28,34,79,30,108" hai2="101,50,122,76,134,41,26,31,93,38,33,23,22" hai3="67,78,88,47,72,39,66,24,98,62,60,121,109"/><T89/><D32/><U61/><E69/><V83/><F38/><W48/><G121/><T56/><D118/><U0/><E0/><V40/><F134/><W70/><G109/><T68/><D68/><U105/><E108/><V81/><F122/><W54/><G72/><T128/><D132/><U10/><E135/><V86/><F81/><W124/><G124/><T112/><D112/><U25/><E113/><V35/><F35/><W117/><G117/><T71/><D71/><U58/><E79/><V127/><F127/><W106/><G78/><T75/><D75/><U126/><E126/><V51/><F23/><W96/><G106/><T6/><D128/><U110/><E10/><V15/><F15/><W37/><G24/><T27/><D43/><U129/><E110/><V4/><F4/><W18/><G18/><T46/><D123/><U49/><E129/><V104/><F104/><W64/><G98/><N who="0" m="57615" /><D120/><U131/><E131/><V130/><F130/><W80/><G96/><T45/><D27/><U125/><E125/><V5/><F5/><W42/><G80/><T77/><D77/><U107/><E107/><V100/><F33/><W115/><G115/><T17/><D6/><U2/><E2/><V84/><F41/><W19/><G19/><T119/><D119/><U16/><E105/><V74/><F74/><W95/><G70/><T111/><D111/><U7/><E7/><V8/><F40/><W12/><G39/><T44/><D53/><N who="1" m="32047" /><E34/><V1/><F1/><W99/><G12/><T52/><D52/><N who="1" m="34023" /><E102/><V13/><F100/><W65/><N who="3" m="16896" /><DORA hai="73" /><W87/><G99/><RYUUKYOKU ba="0,0" sc="250,10,250,10,250,-30,250,10" hai0="14,17,44,45,46,56,57,94,97,103" hai1="16,21,25,28,30,85,91" hai3="37,42,47,48,54,60,62,87,88,95" /><INIT seed="0,1,0,5,0,61" ten="260,260,220,260" oya="0" hai0="88,34,108,77,89,66,75,47,20,102,55,133,96" hai1="95,99,122,118,73,4,72,31,100,64,53,7,45" hai2="29,22,24,52,1,57,80,23,79,26,9,43,18" hai3="117,65,116,16,54,70,111,106,21,110,81,17,56"/><T78/><D34/><U119/><E122/><V5/><F43/><W82/><G106/><T37/><D133/><U120/><E120/><V124/><F124/><W12/><G70/><T41/><D108/><N who="3" m="41513" /><G17/><T97/><D75/><U67/><E31/><V107/><F107/><W104/><G104/><T132/><D132/><U90/><E73/><V131/><F131/><W83/><G65/><T8/><D8/><U62/><E72/><V14/><F79/><W86/><G86/><T30/><D55/><U114/><E114/><V113/><F80/><W13/><G13/><T105/><D96/><U87/><E119/><V63/><REACH who="2" step="1"/><F113/><REACH who="2" ten="260,260,210,260" step="2"/><W127/><G127/><T85/><D77/><U46/><E118/><V135/><F135/><W126/><G126/><T58/><D78/><U93/><E7/><V11/><F11/><W6/><G6/><T91/><D85/><U27/><E4/><V68/><F68/><W40/><G40/><T39/><D39/><U71/><E71/><V38/><F38/><W10/><G10/><T125/><D125/><U42/><E42/><V84/><F84/><W76/><G76/><T74/><D74/><U51/><E27/><AGARI ba="1,1" hai="1,5,9,14,18,22,23,24,26,27,29,52,57,63" machi="27" ten="40,5200,0" yaku="1,1,54,1,53,1" doraHai="61" doraHaiUra="35" who="2" fromWho="1" sc="260,0,260,-55,210,65,260,0" /><INIT seed="1,0,0,0,1,132" ten="260,205,275,260" oya="1" hai0="99,85,83,10,127,96,12,107,112,73,71,89,14" hai1="58,51,101,13,4,84,134,33,95,11,67,106,45" hai2="46,50,68,118,61,111,93,22,19,34,60,16,36" hai3="70,64,120,108,121,80,122,102,26,9,104,47,109"/><U128/><E134/><V125/><F34/><W87/><G70/><T130/><D71/><U40/><E128/><V78/><F36/><W97/><G64/><T62/><D130/><U0/><E33/><V98/><F118/><W123/><G47/><T75/><D112/><U66/><E0/><V86/><F68/><W116/><G26/><T25/><D25/><U81/><E106/><V69/><F69/><W133/><G133/><T6/><D14/><U39/><E39/><V100/><F111/><N who="3" m="42571" /><G9/><T29/><D29/><U43/><E43/><V38/><F38/><W55/><G55/><T124/><D62/><U52/><E101/><V105/><F19/><W94/><N who="3" m="31232" /><DORA hai="5" /><W65/><G65/><T41/><D41/><U110/><E95/><V57/><F57/><W82/><G116/><T20/><D107/><U63/><E110/><V15/><F105/><W28/><G28/><T135/><D135/><U115/><E115/><V126/><F61/><W72/><G72/><T31/><D73/><U56/><REACH who="1" step="1"/><E58/><REACH who="1" ten="260,195,275,260" step="2"/><V53/><REACH who="2" step="1"/><F60/><REACH who="2" ten="260,195,265,260" step="2"/><W129/><G129/><T114/><D114/><U23/><E23/><V27/><F27/><W37/><G37/><T21/><D31/><U48/><E48/><V88/><F88/><AGARI ba="0,2" hai="80,82,87,88,94,97,102,104" m="31232,42571" machi="88" ten="60,8000,1" yaku="14,1,34,2,54,1" doraHai="132,5" who="3" fromWho="2" sc="260,0,195,0,265,-80,260,100" /><AGARI ba="0,0" hai="4,11,13,40,45,51,52,56,63,66,67,81,84,88" machi="88" ten="30,24000,3" yaku="1,1,7,1,8,1,52,1,54,2,53,2" doraHai="132,5" doraHaiUra="76,44" who="1" fromWho="2" sc="260,0,195,240,185,-240,360,0" owari="260,-14.0,435,54.0,-55,-56.0,360,16.0" /></mjloggm>