<mjloggm ver="2.3"><GO type="97" lobby="0"/><UN n0="%E5%85%83%E3%83%97%E3%83%AD" n1="%6D%6F%63%68%69%32%31%35" n2="%E3%81%A1%E3%82%83%E3%81%A3%E3%81%B4%E3%81%83%E2%98%86" n3="%E3%82%A6%E3%83%AB%E3%83%88%E3%83%A9%E7%AB%8B%E7%9B%B4" dan="14,13,15,15" rate="1983.23,1885.08,1959.02,1967.15" sx="M,F,M,M"/><TAIKYOKU oya="0"/><INIT seed="0,0,0,1,5,20" ten="250,250,250,250" oya="0" hai0="112,56,125,69,10,7,68,61,44,51,58,83,31" hai1="110,13,54,30,113,38,39,108,72,127,37,74,49" hai2="80,93,120,6,0,75,41,89,40,47,101,81,76" hai3="88,98,11,85,45,59,33,34,46,86,128,29,28"/><T16/><D112/><U121/><E113/><V35/><F120/><W97/><G59/><T18/><D125/><U135/><E121/><V87/><F35/><W57/><G57/><T126/><D126/><U9/><E127/><V100/><F6/><W32/><G11/><T95/><D31/><U4/><E30/><V3/><F41/><W94/><G34/><T26/><D83/><U12/><E135/><V133/><F133/><W8/><G8/><T106/><D106/><U84/><E84/><V1/><REACH who="2" step="1"/><F81/><REACH who="2" ten="250,250,240,250" step="2"/><W92/><REACH who="3" step="1"/><G88/><REACH who="3" ten="250,250,240,240" step="2"/><T115/><D115/><U60/><E4/><V63/><F63/><W130/><AGARI ba="0,2" hai="28,29,32,33,45,46,85,86,92,94,97,98,128,130" machi="130" ten="25,8000,1" yaku="1,1,2,1,0,1,22,2,53,0" doraHai="20" doraHaiUra="134" who="3" fromWho="3" sc="250,-40,250,-20,240,-20,240,100" /><INIT seed="1,0,0,2,4,98" ten="210,230,220,340" oya="1" hai0="11,87,76,77,47,51,42,102,39,45,22,19,38" hai1="3,13,118,41,119,64,114,29,7,80,121,21,82" hai2="40,31,84,52,36,73,25,17,83,101,65,66,71" hai3="93,107,126,62,63,79,81,54,68,123,124,108,92"/><U89/><E121/><V37/><F37/><W105/><G68/><T43/><D102/><U2/><E114/><V32/><F73/><W113/><G54/><T112/><D112/><U109/><E41/><V86/><F40/><W15/><G15/><T18/><D87/><U100/><E100/><V56/><F36/><W96/><G113/><T26/><REACH who="0" step="1"/><D51/><REACH who="0" ten="200,230,220,340" step="2"/><U57/><E119/><V59/><F86/><W111/><G123/><T20/><D20/><U14/><E118/><V28/><F101/><W85/><G62/><T33/><D33/><U72/><E72/><V134/><F84/><W133/><G63/><T135/><D135/><U116/><E116/><V78/><F134/><W8/><G133/><T35/><D35/><U95/><E109/><N who="3" m="42058" /><G8/><T75/><D75/><U1/><E21/><V131/><F71/><W97/><G105/><T94/><D94/><N who="3" m="36457" /><G107/><T53/><D53/><U70/><E70/><V120/><F65/><W67/><G67/><T117/><D117/><U30/><E82/><V128/><F66/><W55/><G55/><T115/><D115/><U9/><E80/><V88/><F120/><W0/><G85/><T104/><D104/><U99/><E64/><V4/><F52/><W91/><G81/><T122/><D122/><U46/><E46/><V130/><F83/><W58/><G58/><T132/><D132/><U129/><E57/><V10/><F59/><W5/><G91/><T106/><D106/><U23/><E129/><V60/><F130/><W90/><G90/><T125/><D125/><N who="3" m="48233" /><G79/><T27/><D27/><U6/><E23/><V49/><F131/><RYUUKYOKU ba="0,1" sc="200,10,230,10,220,-30,340,10" hai0="11,18,19,22,26,38,39,42,43,45,47,76,77" hai1="1,2,3,6,7,9,13,14,29,30,89,95,99" hai3="0,5,96,97" /><INIT seed="1,1,1,0,0,73" ten="210,240,190,350" oya="1" hai0="30,101,54,28,80,15,86,75,37,55,47,7,135" hai1="46,52,63,95,1,93,100,87,42,124,74,21,3" hai2="77,132,103,64,17,34,2,127,130,66,131,35,76" hai3="45,5,113,43,94,70,125,91,92,118,115,88,134"/><U112/><E112/><V16/><F2/><W40/><G5/><T129/><D135/><U61/><E74/><V110/><F132/><W79/><G45/><T120/><D75/><U106/><E106/><V14/><F103/><W84/><G70/><T121/><D129/><U23/><E124/><V85/><F85/><W119/><G134/><T32/><D101/><U99/><E1/><V102/><F102/><W9/><G9/><N who="0" m="4543" /><D37/><U50/><E3/><V18/><F14/><W114/><G125/><T65/><D65/><N who="2" m="25194" /><F127/><W0/><G0/><T133/><D133/><U51/><E23/><V49/><F49/><W126/><G126/><T69/><D69/><U39/><E39/><V57/><F57/><W67/><G114/><T53/><D47/><N who="1" m="27775" /><E21/><V13/><F13/><W4/><G113/><T97/><D97/><U33/><E33/><N who="2" m="12299" /><F110/><W19/><G115/><T104/><D104/><U122/><E122/><N who="0" m="47209" /><D32/><U27/><E27/><V117/><F117/><W8/><G119/><T12/><D12/><U111/><E111/><V107/><F107/><W96/><G118/><T29/><D55/><U25/><E25/><V83/><F83/><W89/><G67/><T48/><D48/><U6/><E6/><V11/><F11/><W98/><G4/><T71/><D71/><U44/><E44/><V38/><F38/><W116/><G116/><T123/><N who="0" m="47217" /><T78/><AGARI ba="1,1" hai="28,29,30,53,54,78,80,86" m="47217,4543" machi="78" ten="50,6400,0" yaku="4,1,13,1,52,1" doraHai="73" who="0" fromWho="0" sc="210,77,240,-33,190,-17,350,-17" /><INIT seed="2,0,0,4,4,34" ten="287,207,173,333" oya="2" hai0="9,124,122,22,5,51,1,84,90,133,52,66,39" hai1="20,78,76,24,40,108,63,104,70,17,87,79,106" hai2="132,57,121,43,53,80,117,102,35,33,23,101,125" hai3="25,41,68,55,118,64,7,15,37,128,113,12,18"/><V71/><F71/><W44/><G118/><T65/><D39/><U36/><E106/><V2/><F117/><W111/><G128/><T45/><D122/><U98/><E36/><V42/><F2/><W131/><G131/><T16/><D124/><U11/><E40/><V107/><F125/><W81/><G111/><T86/><D133/><U127/><E127/><V61/><F132/><W46/><G113/><T3/><D3/><U6/><E108/><V62/><F121/><W48/><G7/><T32/><D32/><U31/><E104/><V74/><F102/><W85/><G64/><T30/><D30/><U67/><E98/><V28/><F101/><W103/><G68/><T116/><D116/><U135/><E135/><V112/><F107/><W130/><G130/><T75/><D75/><U95/><E95/><V93/><F93/><W105/><G103/><T100/><D100/><U27/><E24/><V97/><F97/><W89/><G105/><T50/><D50/><U19/><REACH who="1" step="1"/><E87/><REACH who="1" ten="287,197,173,333" step="2"/><V0/><F112/><W123/><G25/><T38/><D38/><U94/><E94/><V29/><F43/><W69/><G41/><T129/><D129/><U10/><E10/><V47/><F42/><W49/><G37/><T96/><D96/><U54/><E54/><V126/><F126/><W26/><G55/><T82/><D86/><U92/><E92/><V114/><F114/><W73/><G85/><T109/><D109/><U83/><E83/><V59/><F80/><W60/><G81/><T134/><D134/><U115/><E115/><V56/><F53/><W72/><G26/><AGARI ba="0,1" hai="1,5,9,16,22,26,45,51,52,65,66,82,84,90" machi="26" ten="30,8000,1" yaku="6,1,7,1,52,1,54,2" doraHai="34" who="0" fromWho="3" sc="287,90,197,0,173,0,333,-80" /><INIT seed="3,0,0,3,1,8" ten="377,197,173,253" oya="3" hai0="70,13,24,85,46,9,122,81,50,128,58,120,118" hai1="26,98,113,51,59,62,134,124,60,33,52,18,123" hai2="7,130,78,65,77,133,67,127,6,11,88,68,43" hai3="79,93,91,99,115,28,104,32,56,108,109,100,54"/><W73/><G28/><T106/><D70/><U53/><E123/><V17/><F68/><W42/><G32/><T38/><D106/><U16/><E113/><V95/><F43/><W110/><G42/><T22/><D118/><U15/><E134/><V57/><F133/><W21/><G21/><T116/><D116/><U105/><E124/><V30/><F127/><W114/><G56/><T19/><D128/><U39/><E39/><V119/><F130/><W36/><G54/><T103/><D103/><U82/><E82/><V10/><F30/><W44/><G44/><T87/><D38/><U92/><E105/><V35/><F35/><W0/><G0/><T75/><D75/><U61/><E33/><V5/><F119/><W131/><G36/><T2/><D2/><U69/><E69/><V55/><F17/><W89/><G131/><T47/><D122/><U90/><E26/><V1/><F67/><W45/><G45/><N who="0" m="16907" /><D81/><U64/><E64/><V71/><F65/><W117/><G117/><T4/><D120/><U126/><E126/><V129/><F71/><W29/><G29/><T97/><D97/><U112/><E112/><N who="3" m="43050" /><G104/><T132/><D132/><U135/><E135/><V76/><F129/><W83/><AGARI ba="0,0" hai="73,79,83,89,91,93,99,100,108,109,110" m="43050" machi="83" ten="40,12000,1" yaku="14,1,10,1,34,2" doraHai="8" who="3" fromWho="3" sc="377,-40,197,-40,173,-40,253,120" owari="337,14.0,157,-24.0,133,-37.0,373,47.0" /></mjloggm>