<mjloggm ver="2.3"><GO type="97" lobby="0"/><UN n0="%E3%82%B3%E3%83%BC%E3%83%BC%E3%83%A0%E3%82%A4%E3%83%B3%EF%BC%81%EF%BC%81" n1="%E5%A4%95%E5%AD%90%E2%99%AA" n2="%74%68%75%6E%64%65%72%39" n3="%E3%82%A6%E3%83%AB%E3%83%88%E3%83%A9%E7%AB%8B%E7%9B%B4" dan="13,14,14,15" rate="1868.13,1841.53,1917.52,2021.47" sx="M,F,M,M"/><TAIKYOKU oya="0"/><INIT seed="0,0,0,4,2,132" ten="250,250,250,250" oya="0" hai0="64,1,121,45,122,80,133,13,66,102,43,52,91" hai1="109,14,119,65,104,115,53,26,113,47,10,85,27" hai2="0,7,93,135,62,25,74,68,78,23,103,97,84" hai3="107,108,77,95,76,41,71,111,81,54,125,18,51"/><T79/><D1/><U124/><E119/><V129/><F74/><W117/><G107/><T28/><D133/><U82/><E109/><N who="3" m="42058" /><G117/><T96/><D91/><U87/><E104/><V24/><F135/><W56/><G71/><T75/><D28/><U127/><E65/><V40/><F40/><W29/><G29/><T90/><D13/><U123/><E123/><V17/><F129/><W49/><G95/><T72/><D90/><N who="1" m="51511" /><E87/><V70/><F62/><W4/><G4/><T60/><D75/><U134/><E134/><V59/><F59/><W6/><G6/><T57/><D121/><U61/><E47/><V8/><REACH who="2" step="1"/><F24/><REACH who="2" ten="250,250,240,250" step="2"/><W110/><G110/><T98/><D122/><U39/><E39/><V2/><F2/><W86/><G41/><T37/><REACH who="0" step="1"/><D98/><REACH who="0" ten="240,250,240,250" step="2"/><U73/><E73/><V31/><F31/><W94/><G86/><T35/><D35/><U12/><E61/><V67/><F67/><W112/><G77/><T44/><D44/><U38/><E38/><V55/><F55/><W89/><G76/><T92/><AGARI ba="0,2" hai="37,43,45,52,57,60,64,66,72,79,80,92,96,102" machi="92" ten="20,7800,0" yaku="1,1,0,1,7,1,54,1,53,0" doraHai="132" doraHaiUra="83" who="0" fromWho="0" sc="240,98,250,-26,240,-26,250,-26" /><INIT seed="0,1,0,3,3,46" ten="338,224,214,224" oya="0" hai0="66,81,61,22,75,88,86,97,27,112,94,20,71" hai1="8,60,25,103,106,35,32,44,43,37,110,70,3" hai2="26,116,113,39,57,122,96,10,123,87,50,101,130" hai3="108,49,9,38,107,51,65,23,41,128,115,30,80"/><T100/><D112/><U132/><E132/><V12/><F113/><W119/><G107/><T83/><D75/><U114/><E110/><V45/><F39/><W120/><G38/><T15/><D15/><U34/><E114/><V18/><F26/><N who="3" m="16735" /><G115/><T67/><D67/><U73/><E73/><V62/><F116/><W127/><G119/><T129/><D129/><U93/><E93/><V29/><F87/><W4/><G108/><T28/><D20/><U1/><E8/><V84/><F84/><W126/><G41/><T109/><D109/><U7/><E7/><V95/><F29/><W92/><G80/><AGARI ba="1,0" hai="22,27,28,61,66,71,80,81,83,86,88,94,97,100" machi="80" ten="30,2900,0" yaku="7,1,54,1" doraHai="46" who="0" fromWho="3" sc="338,32,224,0,214,0,224,-32" /><INIT seed="0,2,0,5,2,33" ten="370,224,214,192" oya="0" hai0="108,16,86,90,60,128,80,102,29,35,76,15,63" hai1="103,57,88,110,78,41,59,55,1,118,114,51,7" hai2="75,22,25,6,100,68,107,36,109,32,120,121,4" hai3="122,132,125,10,119,46,8,23,129,95,9,98,113"/><T11/><D128/><U34/><E118/><V70/><F36/><W130/><G119/><T105/><D108/><U99/><E34/><V61/><F109/><W72/><G72/><T53/><D29/><U58/><E110/><V79/><F32/><W66/><G113/><T85/><D35/><U24/><E114/><V87/><F75/><W18/><G122/><T54/><D102/><U93/><E78/><V126/><F126/><W133/><G46/><T65/><D105/><U81/><E41/><V67/><F68/><W71/><G66/><T3/><D3/><U26/><E7/><V14/><F14/><N who="3" m="9687" /><G71/><T117/><D117/><U77/><E1/><V48/><F100/><W37/><G37/><T12/><D12/><U74/><REACH who="1" step="1"/><E103/><REACH who="1" ten="370,214,214,192" step="2"/><V43/><F4/><W2/><G2/><T124/><D124/><U45/><AGARI ba="2,1" hai="24,26,45,51,55,57,58,59,74,77,81,88,93,99" machi="45" ten="30,7900,0" yaku="1,1,2,1,0,1,54,1,53,0" doraHai="33" doraHaiUra="123" who="1" fromWho="1" sc="370,-41,214,95,214,-22,192,-22" /><INIT seed="1,0,0,0,4,105" ten="329,309,192,170" oya="1" hai0="7,68,106,74,108,130,63,46,56,21,79,29,0" hai1="57,111,48,99,34,116,72,114,35,86,100,78,12" hai2="44,32,129,95,73,102,24,97,98,109,3,123,52" hai3="83,124,27,122,90,71,30,76,23,89,113,69,66"/><U80/><E116/><V64/><F3/><W132/><G113/><T127/><D68/><U82/><E114/><V53/><F123/><W36/><G36/><T19/><D106/><U47/><E111/><V81/><F64/><W135/><G122/><T85/><D108/><U1/><E1/><V26/><F109/><W16/><G30/><T9/><D29/><U101/><E57/><V43/><F129/><W31/><G31/><T75/><D130/><U17/><E35/><V11/><F11/><W93/><G124/><T60/><D127/><U59/><E59/><V38/><F97/><W50/><G50/><T107/><D107/><U126/><E126/><V65/><F65/><W45/><G45/><T41/><D56/><U110/><E110/><V14/><F14/><W20/><G20/><T119/><D119/><U33/><E33/><V120/><F120/><W58/><G58/><T37/><D85/><U128/><E128/><V49/><F32/><W96/><G89/><T91/><D91/><U121/><E121/><V117/><F117/><W40/><G40/><T10/><D10/><N who="1" m="6295" /><E34/><V54/><REACH who="2" step="1"/><F49/><REACH who="2" ten="329,309,182,170" step="2"/><W18/><G66/><T131/><D131/><U94/><E101/><V6/><F6/><W15/><G71/><T103/><D103/><U62/><E62/><V84/><F84/><W2/><G2/><T25/><D63/><U118/><E118/><V55/><N who="2" m="13312" /><DORA hai="87" /><V92/><F92/><W28/><G69/><T125/><D60/><U104/><E94/><V51/><F51/><W70/><G70/><T77/><D125/><U88/><E48/><V67/><F67/><RYUUKYOKU ba="0,1" sc="329,10,309,10,182,10,170,-30" hai0="0,7,9,19,21,25,37,41,46,74,75,77,79" hai1="47,72,78,80,82,86,88,99,100,104" hai2="24,26,38,43,44,73,81,95,98,102" /><INIT seed="1,1,1,0,5,49" ten="339,319,192,140" oya="1" hai0="73,89,95,78,40,108,53,106,101,111,113,38,130" hai1="69,42,25,133,85,110,44,98,60,35,8,124,86" hai2="56,119,34,37,54,135,71,100,88,91,50,30,109" hai3="115,120,62,87,45,117,6,24,94,122,84,121,82"/><U51/><E124/><V43/><F71/><W7/><G117/><T52/><D113/><U103/><E133/><V92/><F135/><W63/><G115/><T123/><D123/><U99/><E110/><N who="0" m="42025" /><D130/><U76/><E76/><V27/><F119/><W22/><G45/><N who="0" m="23703" /><D101/><U129/><E129/><V102/><F109/><W107/><G107/><T116/><D106/><U28/><E8/><V61/><F37/><W126/><G126/><T15/><D15/><U97/><E69/><V74/><F74/><W68/><G94/><T132/><D132/><U36/><E60/><V14/><F14/><W31/><G68/><T75/><D116/><U81/><E36/><V19/><F19/><W64/><G64/><T33/><D33/><U47/><E47/><V125/><F125/><W114/><G114/><T5/><D5/><U29/><E29/><V4/><F4/><W80/><G63/><T17/><D17/><U67/><E67/><V70/><F70/><W90/><REACH who="3" step="1"/><G62/><REACH who="3" ten="339,319,192,130" step="2"/><T77/><D75/><U59/><E103/><V118/><F118/><W32/><G32/><T48/><D73/><U131/><E131/><V16/><F61/><W58/><G58/><N who="0" m="33031" /><D53/><U1/><E35/><V128/><F34/><W2/><G2/><T20/><D20/><N who="1" m="15399" /><E1/><V3/><F92/><W55/><G55/><T12/><D12/><U79/><E86/><AGARI ba="1,2" hai="77,78,86,89,95" m="33031,23703,42025" machi="86" ten="30,3900,0" yaku="14,1,52,1,54,1" doraHai="49" who="0" fromWho="1" sc="339,62,319,-42,192,0,130,0" /><INIT seed="2,0,0,0,0,107" ten="401,277,192,130" oya="2" hai0="104,109,56,73,79,133,64,65,95,29,121,8,105" hai1="11,41,81,27,16,102,130,13,103,53,25,2,21" hai2="74,119,3,15,17,126,90,70,113,0,12,48,86" hai3="132,67,78,6,37,85,110,33,124,100,75,82,80"/><V76/><F70/><W9/><G33/><T111/><D121/><U36/><E130/><V91/><F119/><W4/><G124/><T125/><D125/><U59/><E2/><V83/><F126/><W127/><G127/><T55/><D133/><U60/><E36/><V93/><F113/><W120/><G120/><T99/><D29/><U58/><E41/><V108/><F108/><N who="0" m="41546" /><D8/><U24/><E81/><V63/><F63/><W97/><G110/><T42/><D42/><U22/><REACH who="1" step="1"/><E58/><REACH who="1" ten="401,267,192,130" step="2"/><V68/><F68/><W101/><G37/><T61/><D105/><U5/><E5/><V35/><F0/><W116/><G116/><T114/><D104/><U31/><E31/><V23/><F3/><W28/><G28/><T38/><D38/><U34/><E34/><V57/><F35/><W71/><G132/><T50/><D114/><U30/><E30/><V18/><F83/><W1/><G6/><T47/><D95/><U14/><E14/><V128/><F128/><W52/><G71/><T131/><D131/><U115/><E115/><V40/><F12/><W46/><G67/><T44/><D65/><U66/><E66/><V135/><F15/><W51/><REACH who="3" step="1"/><G97/><REACH who="3" ten="401,267,192,120" step="2"/><T112/><D99/><U92/><E92/><V10/><F135/><W26/><G26/><T45/><D112/><U88/><E88/><AGARI ba="0,2" hai="1,4,9,46,51,52,75,78,80,82,85,88,100,101" machi="88" ten="30,12000,2" yaku="1,1,7,1,52,1,54,2,53,2" doraHai="107" doraHaiUra="96" who="3" fromWho="1" sc="401,0,267,-120,192,0,120,140" /><INIT seed="3,0,0,4,5,29" ten="401,147,192,260" oya="3" hai0="5,96,118,73,85,78,28,126,81,119,56,90,47" hai1="92,49,97,8,16,83,123,112,59,109,6,70,57" hai2="117,66,106,67,84,82,105,26,101,71,31,37,35" hai3="127,36,55,108,46,62,48,115,64,103,77,130,34"/><W89/><G115/><T75/><D126/><U17/><E70/><V25/><F37/><W21/><G127/><T10/><D28/><U121/><E112/><V45/><F117/><W91/><G130/><T74/><D56/><U61/><E109/><V87/><F45/><W63/><G108/><T60/><D60/><U41/><E123/><V58/><F58/><W42/><G103/><T24/><D24/><U39/><E39/><V134/><F134/><W15/><G77/><T131/><D47/><U133/><E133/><V100/><F31/><W104/><G104/><T125/><D125/><U116/><E116/><V4/><F4/><W95/><G34/><T9/><D9/><U27/><E121/><V69/><REACH who="2" step="1"/><F82/><REACH who="2" ten="401,147,182,260" step="2"/><W43/><G36/><T122/><D122/><U11/><E83/><V7/><F7/><W120/><G120/><T80/><D131/><U2/><E2/><V40/><F40/><W3/><G3/><T107/><D5/><U65/><E6/><V110/><F110/><W53/><G43/><T33/><D119/><U124/><E124/><V88/><F88/><W129/><G91/><T18/><D90/><N who="1" m="55447" /><E41/><V98/><F98/><W51/><G129/><T86/><D96/><U79/><E79/><V128/><F128/><W0/><G0/><T20/><D78/><U111/><E111/><V99/><F99/><W93/><G42/><T1/><D1/><U132/><E132/><V13/><F13/><W114/><G114/><T50/><D81/><U23/><E17/><V113/><F113/><W72/><G89/><T19/><D118/><U102/><E102/><RYUUKYOKU ba="0,1" sc="401,-15,147,15,182,15,260,-15" hai1="8,11,16,23,27,49,57,59,61,65" hai2="25,26,35,66,67,69,71,84,87,100,101,105,106" owari="396,49.0,162,-34.0,197,-20.0,245,5.0" /></mjloggm>