<mjloggm ver="2.3"><GO type="97" lobby="0"/><UN n0="%E5%A4%A9%E6%89%8D%E3%82%A4%E3%83%99%E3%83%AA%E3%82%B3%E8%B1%9A" n1="%E3%83%87%E3%82%B9%E3%83%88%E3%83%A9%E3%83%BC%E3%83%87" n2="%E3%81%AE%E3%81%81" n3="%E3%82%A6%E3%83%AB%E3%83%88%E3%83%A9%E7%AB%8B%E7%9B%B4" dan="14,13,14,15" rate="1981.71,1869.99,1891.28,1974.78" sx="F,M,M,M"/><TAIKYOKU oya="0"/><INIT seed="0,0,0,4,5,128" ten="250,250,250,250" oya="0" hai0="132,69,77,133,84,109,16,124,63,129,65,44,126" hai1="3,57,0,92,1,100,40,86,41,35,115,29,60" hai2="52,23,11,85,7,5,76,112,127,56,111,22,118" hai3="49,75,31,104,120,26,50,42,78,91,67,83,9"/><T94/><D109/><U19/><E115/><V90/><F112/><W110/><G110/><T72/><D72/><U81/><E19/><V15/><F111/><W103/><G120/><T113/><D113/><U121/><E121/><V123/><F123/><W107/><G50/><T117/><D117/><U116/><E116/><V125/><F118/><W14/><G49/><T114/><D114/><U70/><E70/><V73/><F73/><W33/><G42/><T88/><D77/><U48/><E48/><V17/><F76/><W21/><G67/><T37/><D16/><U80/><E80/><N who="2" m="49447" /><F125/><N who="0" m="48234" /><D129/><U79/><E29/><V71/><F127/><W62/><G62/><T131/><D131/><U55/><E92/><V46/><F71/><W102/><G33/><T45/><D45/><U89/><E35/><V8/><F46/><W99/><G91/><T27/><D27/><U2/><N who="1" m="512" /><DORA hai="20" /><U106/><REACH who="1" step="1"/><E89/><REACH who="1" ten="250,240,250,250" step="2"/><V28/><F28/><W130/><G130/><T97/><D97/><AGARI ba="0,1" hai="40,41,55,57,60,79,81,86,97,100,106" m="512" machi="97" ten="70,8000,1" yaku="1,1,2,1,53,1" doraHai="128,20" doraHaiUra="58,4" who="1" fromWho="0" sc="250,-80,240,90,250,0,250,0" /><INIT seed="1,0,0,0,3,49" ten="170,330,250,250" oya="1" hai0="81,85,118,110,115,102,108,112,100,17,75,38,48" hai1="116,7,129,120,1,93,130,64,128,39,80,135,51" hai2="106,66,19,12,14,79,94,70,13,87,37,57,28" hai3="126,55,133,90,50,52,11,105,27,36,32,114,77"/><U56/><E39/><V35/><F106/><W16/><G105/><T67/><D38/><U30/><E120/><V98/><F70/><W15/><G36/><T99/><D67/><U91/><E116/><V109/><F37/><W74/><G74/><T78/><D17/><U101/><E101/><N who="0" m="39017" /><D48/><U8/><E80/><N who="2" m="47519" /><F35/><W92/><G114/><N who="0" m="43563" /><D118/><U127/><E30/><V89/><F28/><W88/><G126/><T96/><D75/><U59/><E59/><V42/><F42/><W68/><G133/><T107/><D107/><U62/><E135/><V40/><F109/><AGARI ba="0,0" hai="78,81,85,96,99,108,109,110" m="43563,39017" machi="109" ten="30,3900,0" yaku="14,1,34,2" doraHai="49" who="0" fromWho="2" sc="170,39,330,0,250,-39,250,0" /><INIT seed="2,0,0,4,3,57" ten="209,330,211,250" oya="2" hai0="106,23,117,84,110,70,86,77,9,7,51,99,128" hai1="50,10,111,81,82,16,26,33,119,118,12,94,108" hai2="73,107,135,19,130,14,78,31,98,62,42,39,89" hai3="3,133,76,105,28,56,41,109,52,116,101,121,122"/><V85/><F130/><W36/><G3/><T91/><D128/><U87/><E94/><V38/><F135/><W43/><G76/><T44/><D110/><N who="1" m="42027" /><E50/><V132/><F132/><W27/><G109/><T32/><D117/><N who="1" m="44555" /><E87/><V83/><F31/><AGARI ba="0,0" hai="10,12,16,26,31,33,81,82" m="44555,42027" machi="31" ten="30,2000,0" yaku="14,1,54,1" doraHai="57" who="1" fromWho="2" sc="209,0,330,20,211,-20,250,0" /><INIT seed="3,0,0,3,5,46" ten="209,350,191,250" oya="3" hai0="44,68,90,49,56,97,89,85,105,110,83,74,45" hai1="27,67,51,134,80,88,23,106,37,30,66,47,21" hai2="131,39,117,84,8,112,72,124,7,36,75,55,35" hai3="15,4,129,111,12,120,64,135,92,63,101,115,50"/><W82/><G129/><T31/><D68/><U14/><E37/><V25/><F117/><W127/><G127/><T57/><D110/><U81/><E106/><V104/><F112/><W70/><G135/><T38/><D38/><U3/><E3/><V132/><F124/><W10/><G120/><T18/><D31/><U95/><E134/><V121/><F121/><W48/><G115/><T19/><D74/><U77/><E77/><V29/><F132/><W17/><G111/><T52/><D45/><U53/><E67/><V126/><F126/><W69/><G69/><T79/><D105/><U99/><E66/><V20/><F104/><W93/><G82/><T40/><D79/><U87/><E99/><V60/><F131/><W78/><G78/><T6/><D6/><U128/><E128/><V24/><F72/><W1/><G1/><T122/><D122/><U114/><E114/><V43/><F75/><W41/><G41/><T22/><D40/><U65/><E65/><V9/><F39/><W102/><G92/><N who="0" m="56471" /><D18/><AGARI ba="0,0" hai="14,18,21,23,27,30,47,51,53,80,81,87,88,95" machi="18" ten="40,5200,0" yaku="8,1,52,1,54,1" doraHai="46" who="1" fromWho="0" sc="209,-52,350,52,191,0,250,0" owari="157,-34.0,402,50.0,191,-21.0,250,5.0" /></mjloggm>