<mjloggm ver="2.3"><GO type="97" lobby="0"/><UN n0="%E9%AF%89%E5%A4%AA%E9%83%8E" n1="%E5%B1%B1%E3%81%BC%E3%81%86%E3%81%97" n2="%E3%82%A6%E3%83%AB%E3%83%88%E3%83%A9%E7%AB%8B%E7%9B%B4" n3="%E5%9B%BD%E5%A3%AB%E4%BC%9A" dan="14,13,15,15" rate="1955.26,1821.24,1976.22,1998.96" sx="F,M,M,M"/><TAIKYOKU oya="0"/><INIT seed="0,0,0,2,3,130" ten="250,250,250,250" oya="0" hai0="112,90,47,119,128,76,95,111,116,72,31,50,96" hai1="88,126,59,39,19,106,92,74,3,83,12,67,63" hai2="1,78,55,97,48,38,114,11,14,34,60,129,33" hai3="105,85,62,109,26,108,107,115,51,45,124,2,57"/><T16/><D112/><U110/><E110/><N who="3" m="42602" /><G115/><T65/><D111/><U54/><E126/><V49/><F1/><W4/><G124/><T69/><D128/><U117/><E117/><V43/><F38/><W0/><G26/><T89/><D31/><U41/><E106/><N who="3" m="40458" /><G4/><T122/><D122/><U32/><E32/><V27/><F27/><W42/><G85/><T44/><D119/><U102/><E3/><V5/><F34/><W132/><G132/><T120/><D120/><U29/><E29/><V53/><F33/><W80/><G80/><T101/><D116/><U23/><E102/><V99/><F114/><W9/><G9/><T86/><D72/><U56/><E39/><V104/><F104/><W133/><G133/><T121/><D121/><U68/><E41/><V61/><F43/><W77/><G77/><T35/><D35/><U10/><E74/><V103/><F78/><W46/><G46/><T58/><D76/><U113/><E113/><V75/><F75/><W91/><G91/><T13/><D86/><N who="1" m="52247" /><E68/><V123/><F123/><W52/><AGARI ba="0,0" hai="0,2,42,45,51,52,57,62" m="40458,42602" machi="52" ten="30,2000,0" yaku="14,1,54,1" doraHai="130" who="3" fromWho="3" sc="250,-10,250,-5,250,-5,250,20" /><INIT seed="1,0,0,4,1,121" ten="240,245,245,270" oya="1" hai0="46,67,21,98,23,130,76,40,39,133,90,107,7" hai1="56,66,49,24,61,91,96,115,36,82,123,97,72" hai2="93,101,10,64,14,135,43,18,52,57,87,75,19" hai3="63,20,117,113,116,95,94,86,53,68,4,70,25"/><U0/><E115/><V34/><F34/><W134/><G113/><T54/><D67/><U92/><E123/><V125/><F75/><W89/><G4/><T58/><D130/><U55/><E0/><V44/><F125/><W26/><G95/><T5/><D133/><U103/><E36/><V32/><F32/><W30/><G26/><T62/><D76/><U27/><E72/><V65/><F135/><W111/><G134/><T45/><D45/><U16/><E82/><V99/><F87/><W29/><G29/><T79/><D79/><U77/><E77/><V51/><REACH who="2" step="1"/><F19/><REACH who="2" ten="240,245,235,270" step="2"/><W71/><G53/><T119/><D119/><N who="3" m="45641" /><G63/><AGARI ba="0,1" hai="10,14,18,43,44,51,52,57,63,64,65,93,99,101" machi="63" ten="30,8000,1" yaku="1,1,7,1,8,1,54,1,53,1" doraHai="121" doraHaiUra="11" who="2" fromWho="3" sc="240,0,245,0,235,90,270,-80" /><INIT seed="2,0,0,2,3,85" ten="240,245,325,190" oya="2" hai0="104,93,131,95,107,102,33,20,110,35,129,98,78" hai1="71,55,47,24,25,32,62,44,13,26,92,3,39" hai2="106,88,46,42,8,118,43,50,108,72,66,113,67" hai3="119,54,116,125,126,101,34,52,6,127,68,5,28"/><V4/><F72/><W0/><G101/><T37/><D37/><U69/><E3/><V57/><F106/><W82/><G68/><T112/><D112/><U21/><E32/><V60/><F118/><N who="3" m="45099" /><G0/><T48/><D110/><U56/><E39/><V9/><F113/><W91/><G34/><T90/><D78/><U36/><E36/><V114/><F114/><W12/><G28/><T58/><D33/><U23/><E71/><V122/><F122/><W103/><G103/><T7/><D7/><N who="3" m="2569" /><G12/><T132/><D35/><U53/><E69/><V45/><F4/><W41/><G41/><T115/><D115/><U99/><E53/><N who="3" m="20586" /><G82/><T22/><D58/><U133/><E133/><V87/><F108/><W81/><G81/><T124/><D48/><U130/><E130/><N who="0" m="49673" /><D132/><U65/><E65/><V89/><F87/><W59/><G59/><T80/><D80/><U17/><REACH who="1" step="1"/><E23/><REACH who="1" ten="240,235,325,190" step="2"/><N who="0" m="8745" /><D124/><U120/><E120/><V77/><F66/><W49/><G49/><T29/><D29/><U111/><E111/><V31/><F31/><W40/><G40/><T75/><D75/><U84/><E84/><AGARI ba="0,1" hai="84,90,93,95,98,102,104,107" m="8745,49673" machi="84" ten="30,2000,0" yaku="19,1,52,1" doraHai="85" who="0" fromWho="1" sc="240,30,235,-20,325,0,190,0" /><INIT seed="3,0,0,1,3,117" ten="270,215,325,190" oya="3" hai0="78,101,104,55,38,73,114,121,90,47,4,130,63" hai1="62,97,34,88,85,100,103,6,57,19,69,7,99" hai2="46,54,76,67,126,65,12,123,51,9,30,75,33" hai3="105,113,83,116,135,115,132,107,60,49,120,42,70"/><W3/><G83/><T89/><D130/><U81/><E34/><V111/><F30/><W129/><G116/><T133/><D133/><N who="3" m="51273" /><G3/><T106/><D106/><N who="3" m="40457" /><G129/><T50/><D4/><U91/><E69/><V58/><F76/><W93/><G93/><T109/><D109/><U72/><E72/><V102/><F75/><W52/><G42/><T128/><D114/><U29/><E29/><V21/><F102/><W53/><G120/><T24/><D121/><U26/><E91/><V13/><F111/><W16/><G16/><T84/><D78/><U80/><E80/><V10/><F10/><W17/><G17/><T118/><D84/><U68/><E68/><V119/><F9/><W20/><G20/><T8/><D90/><U31/><E31/><V40/><F21/><W64/><G53/><T98/><D89/><U77/><E77/><V22/><F22/><W44/><AGARI ba="0,0" hai="44,49,52,60,64,70,113,115" m="40457,51273" machi="44" ten="30,3000,0" yaku="20,1,54,1" doraHai="117" who="3" fromWho="3" sc="270,-10,215,-10,325,-10,190,30" /><INIT seed="3,1,0,0,2,29" ten="260,205,315,220" oya="3" hai0="68,26,45,59,120,76,100,50,79,75,65,14,123" hai1="48,108,51,10,117,32,43,23,89,38,18,115,96" hai2="15,63,72,84,69,56,53,121,22,119,67,57,88" hai3="70,40,109,4,58,101,80,134,106,28,41,46,20"/><W102/><G134/><T95/><D68/><U110/><E115/><V61/><F72/><W52/><G70/><T78/><D75/><U131/><E131/><V133/><F119/><W103/><G106/><T107/><D107/><U6/><E117/><V62/><F133/><W127/><G127/><T8/><D26/><U34/><E43/><N who="3" m="16458" /><G109/><N who="1" m="42090" /><E38/><V37/><F37/><W132/><G132/><T94/><D65/><U93/><E51/><N who="2" m="30783" /><F69/><W25/><G4/><T17/><D59/><U2/><E48/><V129/><F129/><W91/><G46/><T86/><D95/><U36/><E36/><V104/><F104/><W90/><G80/><T30/><D30/><U33/><E23/><V31/><F121/><W3/><G3/><T125/><D125/><U13/><E18/><N who="2" m="10591" /><F31/><W42/><G42/><T64/><D123/><U16/><E16/><V98/><F98/><W116/><G116/><T19/><D120/><U128/><E128/><V1/><F1/><AGARI ba="1,0" hai="1,2,6,10,13,32,33,34,89,93,96" m="42090" machi="1" ten="40,8000,1" yaku="14,1,52,3" doraHai="29" who="1" fromWho="2" sc="260,0,205,83,315,-83,220,0" /><INIT seed="4,0,0,2,3,93" ten="260,288,232,220" oya="0" hai0="55,27,122,130,62,86,94,53,18,23,45,123,104" hai1="75,39,37,51,109,8,59,41,119,81,46,84,64" hai2="71,116,125,70,69,79,112,134,58,24,133,115,49" hai3="76,88,15,95,47,40,11,12,87,13,61,32,100"/><T114/><D104/><U82/><E109/><V126/><F24/><W99/><G32/><T113/><D130/><U73/><E119/><V106/><F79/><W118/><G118/><T4/><D4/><U89/><E8/><V91/><F91/><W44/><G61/><T33/><D33/><U9/><E75/><V10/><F10/><W38/><G11/><T107/><D107/><U22/><E22/><V0/><F106/><W65/><G65/><T103/><D122/><U7/><E64/><V50/><F0/><W129/><G129/><T42/><D123/><U90/><E59/><V57/><F71/><W97/><G76/><T68/><D68/><U34/><E34/><V52/><F116/><W31/><G31/><T92/><D62/><U117/><E117/><V102/><F102/><W101/><G47/><T135/><D135/><U74/><E74/><V67/><F67/><W128/><G128/><T98/><D113/><U25/><E25/><V80/><F80/><W110/><G110/><T83/><D114/><U66/><E66/><V111/><F111/><W120/><G120/><T54/><D92/><U28/><E28/><V132/><F132/><W19/><G19/><T21/><D21/><U72/><E72/><V29/><F29/><W121/><G121/><T6/><D6/><U36/><E73/><V35/><F35/><W108/><G108/><T3/><D3/><N who="1" m="255" /><E90/><V78/><F78/><W105/><G12/><T77/><D42/><U16/><E82/><AGARI ba="0,0" hai="13,15,38,40,44,82,87,88,95,97,99,100,101,105" machi="82" ten="30,7700,0" yaku="7,1,52,2,54,1" doraHai="93" who="3" fromWho="1" sc="260,0,288,-77,232,0,220,77" /><INIT seed="5,0,0,4,5,30" ten="260,211,232,297" oya="1" hai0="118,42,125,5,93,133,100,3,78,130,69,43,61" hai1="34,24,2,113,74,28,0,47,22,50,19,32,52" hai2="135,60,14,127,121,119,10,92,102,86,55,17,58" hai3="124,68,109,45,12,67,134,20,63,31,117,57,96"/><U51/><E113/><V71/><F71/><W46/><G109/><T35/><D118/><U101/><E74/><V120/><F119/><W41/><G117/><T99/><D35/><U104/><E104/><V21/><F127/><W7/><G134/><T1/><D125/><U23/><E101/><V122/><F135/><W16/><G68/><T82/><D133/><U62/><E62/><V91/><F102/><W105/><G124/><T89/><D130/><U114/><E114/><V49/><F60/><W116/><G116/><T25/><D25/><U48/><E48/><V11/><AGARI ba="0,0" hai="10,11,14,17,21,49,55,58,86,91,92,120,121,122" machi="11" ten="40,5200,0" yaku="0,1,25,2" doraHai="30" who="2" fromWho="2" sc="260,-13,211,-26,232,52,297,-13" /><INIT seed="6,0,0,0,1,75" ten="247,185,284,284" oya="2" hai0="45,66,1,0,41,115,53,2,79,82,68,3,80" hai1="28,63,129,102,95,39,60,46,114,101,104,111,48" hai2="67,36,126,24,85,15,12,16,74,91,132,99,50" hai3="113,81,117,38,37,121,40,23,10,22,54,84,93"/><V98/><F74/><W43/><G117/><T19/><D115/><U32/><E111/><V122/><F36/><W25/><G121/><T65/><D82/><U29/><E114/><V71/><F122/><W52/><G113/><T5/><D68/><U125/><E125/><V128/><F126/><W87/><G10/><T90/><D90/><U4/><E129/><V21/><F71/><W11/><G11/><T33/><D33/><U30/><E104/><V110/><F67/><W135/><G135/><T27/><D53/><U59/><E32/><V49/><F132/><W123/><G123/><T127/><D127/><U35/><E35/><V61/><F61/><W134/><G134/><T109/><D5/><U73/><E73/><V14/><F128/><W69/><G69/><T26/><N who="0" m="512" /><DORA hai="97" /><T124/><D124/><U106/><E106/><V112/><F112/><W57/><G93/><T58/><D109/><U96/><E4/><V130/><F130/><W31/><G38/><T44/><D58/><U77/><E77/><V103/><F110/><W6/><G6/><T89/><D89/><N who="1" m="55407" /><E39/><V51/><F103/><N who="1" m="39433" /><E59/><V62/><F62/><N who="3" m="36135" /><G37/><T8/><D44/><U133/><E133/><V131/><F131/><W17/><G54/><AGARI ba="0,0" hai="28,29,30,46,48,54,60,63" m="39433,55407" machi="54" ten="30,7700,0" yaku="8,1,52,3" doraHai="75,97" who="1" fromWho="3" sc="247,0,185,77,284,0,284,-77" /><INIT seed="7,0,0,4,2,60" ten="247,262,284,207" oya="3" hai0="14,121,78,87,89,79,68,11,90,103,50,58,105" hai1="3,109,39,24,7,1,33,13,47,96,6,101,41" hai2="95,42,99,28,81,35,104,56,70,15,131,31,38" hai3="71,0,91,82,125,22,130,112,66,111,94,86,37"/><W64/><G112/><T9/><D121/><U20/><E109/><V16/><F70/><W106/><G125/><T97/><D68/><U12/><E33/><V135/><F104/><W45/><G106/><T48/><D48/><U27/><E27/><V124/><F35/><W118/><G118/><T2/><D2/><U120/><E120/><V54/><F42/><W77/><G71/><T126/><D126/><U134/><E134/><V46/><F46/><W107/><G0/><T92/><D90/><U72/><E72/><V59/><F59/><W19/><G107/><T98/><D98/><U69/><E69/><V43/><F43/><W63/><G63/><T114/><D114/><U123/><E123/><V128/><F38/><W74/><G130/><N who="2" m="49705" /><F81/><W61/><G61/><T25/><D25/><U73/><E73/><V75/><F75/><W52/><G111/><T10/><D14/><U129/><E129/><V116/><F135/><W30/><G30/><T102/><D103/><U117/><E117/><V113/><F113/><W127/><G127/><T76/><D76/><U29/><E7/><V65/><F124/><W93/><G37/><T67/><D67/><N who="3" m="25641" /><G74/><T23/><D23/><U110/><E110/><V85/><F31/><W119/><G77/><T100/><D100/><U8/><E3/><V21/><F28/><W53/><G119/><T57/><D57/><U55/><E55/><N who="3" m="21066" /><G45/><T133/><D133/><U17/><E29/><V122/><F116/><W80/><G80/><T44/><D58/><U51/><E39/><V4/><F56/><W83/><G83/><T5/><D5/><RYUUKYOKU ba="0,0" sc="247,10,262,10,284,-30,207,10" hai0="9,10,11,44,50,78,79,87,89,92,97,102,105" hai1="1,6,8,12,13,17,20,24,41,47,51,96,101" hai3="19,22,82,86,91,93,94" /><INIT seed="7,1,0,2,0,128" ten="257,272,254,217" oya="3" hai0="47,5,86,46,133,62,24,127,126,94,26,82,76" hai1="40,87,83,130,81,110,59,30,18,56,118,66,10" hai2="85,4,43,132,78,100,129,58,74,44,1,64,8" hai3="23,91,29,92,88,109,102,117,61,16,77,28,112"/><W38/><G117/><T41/><D5/><U105/><E110/><V15/><F129/><W80/><G112/><T90/><D62/><N who="1" m="38215" /><E130/><V50/><F74/><W22/><G109/><T96/><D47/><U67/><E118/><V32/><F32/><W121/><G38/><T69/><D69/><U108/><E108/><V35/><F35/><W120/><G102/><T60/><D60/><N who="1" m="38303" /><E105/><V34/><F34/><W57/><G91/><T49/><REACH who="0" step="1"/><D133/><REACH who="0" ten="247,272,254,217" step="2"/><U19/><E40/><V123/><F132/><W115/><G121/><T135/><D135/><U11/><E30/><V54/><F123/><W124/><G120/><T17/><D17/><U33/><E19/><V25/><F64/><W93/><G29/><T52/><D52/><U95/><E18/><V53/><F53/><W134/><G28/><T89/><D89/><N who="1" m="53695" /><E33/><V27/><F100/><W103/><G134/><T75/><D75/><U12/><E12/><V45/><F1/><W31/><G31/><T51/><D51/><U104/><E104/><V119/><F119/><W65/><G16/><T63/><D63/><U42/><E42/><V0/><F0/><W106/><G22/><T99/><D99/><U113/><E113/><V114/><F114/><W20/><G115/><T36/><D36/><U37/><E37/><V6/><F6/><W14/><G20/><T107/><D107/><U13/><E13/><V48/><F44/><W55/><G106/><T39/><D39/><U9/><AGARI ba="1,1" hai="9,10,11,81,83" m="53695,38303,38215" machi="9" ten="30,1100,0" yaku="8,1" doraHai="128" who="1" fromWho="1" sc="247,-4,272,24,254,-4,217,-6" owari="243,-16.0,296,40.0,250,5.0,211,-29.0" /></mjloggm>