<mjloggm ver="2.3"><GO type="97" lobby="0"/><UN n0="%E3%81%AA%E3%82%93%E3%81%A1%E3%81%8F%E3%81%AF%E3%82%80" n1="%E8%8B%A5%E8%91%89%E5%8F%B0" n2="%E5%B8%B8%E5%8B%9D%E4%B8%8D%E6%95%97%EF%BC%81" n3="%E3%82%A6%E3%83%AB%E3%83%88%E3%83%A9%E7%AB%8B%E7%9B%B4" dan="15,13,13,15" rate="2000.23,1905.99,1888.37,1997.61" sx="M,M,M,M"/><TAIKYOKU oya="0"/><INIT seed="0,0,0,3,2,102" ten="250,250,250,250" oya="0" hai0="86,61,62,125,12,106,94,37,22,133,78,57,92" hai1="16,79,5,27,84,117,30,55,95,112,32,124,134" hai2="14,29,0,4,121,31,47,33,129,105,93,24,28" hai3="19,122,11,85,67,103,71,63,9,17,83,77,108"/><T20/><D37/><U75/><E117/><V111/><F121/><W91/><G122/><T66/><D133/><U72/><E134/><V18/><F47/><W88/><G108/><T65/><D106/><U25/><E5/><V45/><F45/><W3/><G103/><T36/><D36/><U7/><E7/><V126/><F105/><W10/><REACH who="3" step="1"/><G3/><REACH who="3" ten="250,250,250,240" step="2"/><T104/><D125/><U64/><E124/><V100/><F126/><W98/><G98/><T80/><D104/><U21/><E112/><V97/><F111/><W44/><G44/><T96/><D12/><U87/><E64/><V41/><F100/><W69/><G69/><T60/><D60/><U135/><E135/><V56/><F97/><W123/><G123/><T82/><D96/><U13/><E13/><V116/><F116/><W39/><G39/><T59/><D78/><U119/><E79/><V53/><F14/><W42/><G42/><T43/><D86/><U34/><E119/><V131/><F41/><AGARI ba="0,1" hai="20,22,41,43,57,59,61,62,65,66,80,82,92,94" machi="41" ten="25,4800,0" yaku="22,2,8,1" doraHai="102" who="0" fromWho="2" sc="250,58,250,0,250,-48,240,0" /><INIT seed="0,1,0,1,0,22" ten="308,250,202,240" oya="0" hai0="135,11,62,96,71,74,130,16,102,132,125,47,50" hai1="12,78,94,28,14,117,24,115,106,100,120,134,107" hai2="76,72,101,27,82,61,95,131,30,88,80,116,43" hai3="112,49,13,128,60,1,58,93,63,126,29,99,108"/><T86/><D74/><U37/><E117/><V17/><F116/><W53/><G1/><T70/><D130/><U67/><E120/><V59/><F131/><W113/><G128/><T118/><D118/><U21/><E37/><V8/><F43/><W79/><G126/><T48/><D125/><U51/><E78/><V81/><F101/><W85/><G108/><T46/><D86/><U33/><E134/><N who="0" m="51241" /><D62/><U35/><E115/><V122/><F17/><W36/><G36/><T32/><D32/><U3/><E3/><V119/><F8/><W6/><G112/><T103/><D11/><U89/><E100/><N who="0" m="38441" /><D96/><U10/><E67/><V133/><F122/><W25/><G63/><T90/><D90/><U15/><E10/><V92/><F119/><W20/><G99/><T75/><D75/><U54/><E35/><V123/><F123/><W7/><G113/><T57/><D57/><U2/><E33/><V87/><F133/><W23/><G60/><T38/><D16/><U121/><E121/><V124/><F124/><W41/><G79/><T9/><D9/><U65/><E2/><V44/><F92/><W68/><G93/><T127/><D127/><U40/><E107/><V34/><REACH who="2" step="1"/><F44/><REACH who="2" ten="308,250,192,240" step="2"/><N who="0" m="16938" /><D38/><U64/><E106/><V77/><F77/><W129/><G129/><T98/><D98/><N who="1" m="57679" /><E40/><V110/><F110/><W111/><G111/><T4/><D4/><U18/><E18/><V66/><AGARI ba="1,1" hai="27,30,34,59,61,66,72,76,80,81,82,87,88,95" machi="66" ten="20,8000,1" yaku="1,1,0,1,7,1,52,1,54,1,53,0" doraHai="22" doraHaiUra="97" who="2" fromWho="2" sc="308,-41,250,-21,192,93,240,-21" /><INIT seed="1,0,0,5,1,113" ten="267,229,285,219" oya="1" hai0="10,81,21,20,132,73,133,58,40,33,128,16,117" hai1="129,25,100,1,11,71,65,2,34,85,105,3,26" hai2="31,4,22,46,83,91,27,72,82,49,42,17,32" hai3="75,54,69,0,29,5,104,60,62,97,108,35,102"/><U55/><E129/><V53/><F4/><W94/><G75/><T114/><D114/><U118/><E118/><V131/><F131/><W56/><G108/><T86/><D128/><U93/><E105/><V134/><F134/><N who="0" m="51818" /><D73/><U98/><E85/><V48/><F72/><W122/><G122/><T119/><D33/><U43/><E43/><V116/><F91/><W103/><G103/><T15/><D40/><U24/><E55/><V107/><F107/><W92/><G5/><N who="0" m="3535" /><D58/><U68/><E65/><V84/><F84/><W50/><G0/><T76/><D21/><U14/><REACH who="1" step="1"/><E34/><REACH who="1" ten="267,219,285,219" step="2"/><V9/><F32/><W38/><G38/><T63/><D63/><U120/><E120/><V125/><F116/><W99/><G62/><T51/><D51/><U110/><E110/><V126/><F49/><W112/><G112/><T101/><D101/><U18/><AGARI ba="0,1" hai="1,2,3,11,14,18,24,25,26,68,71,93,98,100" machi="18" ten="40,3900,0" yaku="1,1,0,1,53,0" doraHai="113" doraHaiUra="123" who="1" fromWho="1" sc="267,-13,219,49,285,-13,219,-13" /><INIT seed="1,1,0,5,5,74" ten="254,268,272,206" oya="1" hai0="123,21,81,44,31,28,62,0,97,52,10,109,66" hai1="132,73,134,25,20,7,61,24,35,112,63,105,90" hai2="39,57,69,107,125,115,108,29,127,116,19,133,129" hai3="4,60,50,93,32,99,17,101,124,118,55,114,40"/><U27/><E112/><V14/><RYUUKYOKU type="yao9" ba="1,0" sc="254,0,268,0,272,0,206,0" hai2="14,19,29,39,57,69,107,108,115,116,125,127,129,133" /><INIT seed="1,2,0,0,0,20" ten="254,268,272,206" oya="1" hai0="75,18,33,134,105,11,13,35,37,98,94,19,17" hai1="129,41,96,84,48,68,122,99,28,101,45,7,73" hai2="100,9,133,55,103,36,62,88,112,38,4,69,107" hai3="15,14,46,50,30,89,10,76,91,132,2,83,127"/><U126/><E122/><V120/><F120/><W77/><G2/><T0/><D37/><U95/><E73/><V67/><F133/><W111/><G132/><T81/><D105/><U66/><E126/><V42/><F112/><W92/><G127/><T44/><D134/><U22/><E129/><V125/><F125/><W78/><G111/><T8/><D44/><U49/><E7/><V110/><F110/><W130/><G130/><T93/><D75/><U53/><E68/><V27/><F55/><W24/><G83/><T43/><D43/><U113/><E66/><V102/><F42/><W87/><G89/><T117/><D81/><U21/><E113/><V6/><F6/><W85/><G85/><T71/><D71/><U47/><E28/><V82/><F27/><W79/><N who="3" m="19456" /><DORA hai="124" /><W115/><G10/><T56/><D8/><U31/><E84/><V32/><F32/><W104/><G104/><T70/><D0/><U52/><E31/><V116/><F107/><W74/><G74/><T1/><D1/><U63/><E99/><V3/><F116/><W60/><G60/><T109/><D33/><U51/><E63/><V58/><F69/><W23/><REACH who="3" step="1"/><G115/><REACH who="3" ten="254,268,272,196" step="2"/><T128/><D11/><U106/><REACH who="1" step="1"/><E106/><REACH who="1" ten="254,258,272,196" step="2"/><V34/><F62/><W114/><G114/><T123/><D128/><U59/><AGARI ba="2,2" hai="21,22,41,45,47,48,49,51,52,53,59,95,96,101" machi="59" ten="20,18000,2" yaku="1,1,2,1,0,1,7,1,8,1,54,1,53,0" doraHai="20,124" doraHaiUra="118,65" who="1" fromWho="1" sc="254,-62,258,206,272,-62,196,-62" /><INIT seed="1,3,0,2,5,67" ten="192,464,210,134" oya="1" hai0="24,6,78,39,53,51,59,111,13,55,101,74,84" hai1="81,125,107,16,87,1,88,102,20,33,98,122,45" hai2="89,43,75,73,56,50,99,9,114,79,44,113,106" hai3="18,97,86,80,77,12,105,17,119,38,93,64,94"/><U127/><E122/><V15/><F56/><W124/><G38/><T7/><D111/><U132/><E33/><V54/><F43/><W62/><G119/><T133/><D39/><U120/><E120/><V57/><F44/><W26/><G124/><N who="1" m="47690" /><E1/><V5/><F79/><W47/><G47/><N who="0" m="27903" /><D74/><U103/><E103/><N who="2" m="62847" /><F89/><W65/><G65/><T129/><D133/><U109/><E132/><V32/><F32/><W110/><G110/><T30/><D101/><U31/><E31/><V63/><F63/><W72/><G105/><T11/><D129/><U49/><E109/><V23/><F23/><W40/><G72/><T91/><D78/><U21/><E16/><V121/><F121/><W116/><G40/><AGARI ba="3,0" hai="20,21,40,45,49,81,87,88,98,102,107" m="47690" machi="40" ten="30,2900,0" yaku="18,1,54,1" doraHai="67" who="1" fromWho="3" sc="192,0,464,38,210,0,134,-38" /><INIT seed="1,4,0,4,0,71" ten="192,502,210,96" oya="1" hai0="64,68,32,91,38,3,36,1,29,55,133,99,26" hai1="118,16,19,47,123,94,85,119,48,54,31,42,51" hai2="72,66,110,44,45,77,7,61,105,130,2,65,111" hai3="92,76,53,13,21,126,49,60,41,27,81,59,78"/><U28/><E123/><V39/><F105/><W121/><G121/><T35/><D35/><U43/><E43/><V97/><F97/><W46/><G126/><T129/><D55/><U134/><E134/><V106/><F106/><W101/><G13/><T25/><D25/><U9/><E119/><V79/><F130/><W103/><G78/><N who="2" m="29705" /><F72/><W33/><G33/><T93/><D129/><U109/><E118/><V8/><F61/><W108/><G108/><N who="2" m="41513" /><F45/><W117/><G117/><T132/><D1/><U89/><E109/><V15/><F2/><W57/><G57/><T86/><D3/><U34/><E34/><V22/><F22/><W6/><G6/><T11/><D11/><U96/><E96/><V37/><F44/><W40/><G40/><T23/><D32/><U115/><E115/><V73/><F73/><W75/><REACH who="3" step="1"/><G92/><REACH who="3" ten="192,502,210,86" step="2"/><N who="0" m="54391" /><D68/><U58/><E9/><V112/><F112/><W120/><G120/><T74/><D74/><U63/><E63/><V113/><F113/><W127/><G127/><T131/><D131/><U10/><E10/><V116/><F116/><W18/><AGARI ba="4,1" hai="18,21,27,41,46,49,53,59,60,75,76,81,101,103" machi="18" ten="20,2700,0" yaku="1,1,0,1,7,1,53,0" doraHai="71" doraHaiUra="69" who="3" fromWho="3" sc="192,-11,502,-17,210,-11,86,49" /><INIT seed="2,0,0,0,0,1" ten="181,485,199,135" oya="2" hai0="92,96,73,39,59,54,86,133,126,98,45,125,121" hai1="10,25,135,24,32,123,134,85,47,99,49,12,36" hai2="20,75,43,11,31,91,67,84,94,83,64,7,5" hai3="115,13,14,52,113,41,103,74,101,89,33,58,22"/><V102/><F11/><W70/><G33/><T66/><D121/><U61/><E123/><V117/><F117/><W34/><G34/><T26/><D73/><U42/><E99/><N who="2" m="59767" /><F43/><W119/><G119/><T30/><D133/><N who="1" m="50699" /><E32/><V124/><F75/><W44/><G70/><T71/><D71/><U88/><E61/><V51/><F51/><W18/><G74/><T0/><D0/><U46/><E46/><V65/><F124/><N who="0" m="47722" /><D66/><U40/><E40/><V72/><F72/><W62/><G89/><N who="0" m="53303" /><D45/><U55/><E36/><V15/><F15/><W63/><G63/><N who="0" m="36343" /><D39/><U9/><E42/><V93/><F93/><W97/><G97/><T81/><D81/><N who="1" m="49199" /><E10/><V8/><F8/><W37/><REACH who="3" step="1"/><G14/><REACH who="3" ten="181,485,199,125" step="2"/><T68/><D68/><U29/><E29/><V80/><F83/><W28/><G28/><T107/><D107/><U48/><E48/><V127/><F127/><W90/><G90/><T79/><D79/><U3/><E3/><V77/><F77/><W112/><AGARI ba="0,1" hai="13,18,22,37,41,44,52,58,62,101,103,112,113,115" machi="112" ten="30,7900,0" yaku="1,1,0,1,11,1,54,1,53,0" doraHai="1" doraHaiUra="116" who="3" fromWho="3" sc="181,-20,485,-20,199,-39,125,89" /><INIT seed="3,0,0,2,1,45" ten="161,465,160,214" oya="3" hai0="124,107,133,60,127,33,6,87,17,65,20,72,100" hai1="110,3,118,51,50,78,25,74,48,75,106,56,40" hai2="94,32,63,135,89,117,14,37,43,69,28,70,79" hai3="42,96,86,66,9,90,57,88,91,71,10,26,34"/><W82/><G71/><T23/><D72/><U121/><E121/><V113/><F117/><W131/><G42/><T7/><D133/><U1/><E106/><V16/><F135/><W41/><G41/><T115/><D33/><U95/><E40/><V62/><F113/><W97/><G26/><N who="0" m="14607" /><D115/><U128/><E118/><V58/><F79/><N who="3" m="46431" /><G34/><T85/><D107/><U31/><E56/><V125/><F125/><N who="0" m="48202" /><D100/><U49/><E95/><V27/><F37/><W92/><G92/><T36/><D36/><U61/><E61/><V68/><F43/><W13/><G131/><T102/><D102/><U76/><E128/><V84/><REACH who="2" step="1"/><F58/><REACH who="2" ten="161,465,150,214" step="2"/><W129/><G129/><T24/><D7/><U132/><E25/><V52/><F52/><W112/><G112/><T55/><D55/><U103/><E103/><V29/><F29/><W99/><G57/><N who="0" m="37007" /><D6/><U134/><E3/><V120/><F120/><W119/><G119/><T46/><D46/><U59/><E75/><V80/><F80/><W12/><G66/><T93/><D93/><U126/><E126/><V54/><F54/><W101/><G101/><T35/><D35/><U73/><E73/><V44/><F44/><W104/><G104/><T4/><D4/><U81/><E134/><V122/><F122/><W123/><G123/><T77/><D77/><U30/><E78/><V98/><F98/><W38/><G38/><T53/><D53/><U64/><E76/><V67/><F67/><W47/><G47/><T8/><D8/><AGARI ba="0,1" hai="8,14,16,27,28,32,62,63,68,69,70,84,89,94" machi="8" ten="40,2600,0" yaku="1,1,54,1,53,0" doraHai="45" doraHaiUra="0" who="2" fromWho="0" sc="161,-26,465,0,150,36,214,0" /><AGARI ba="0,0" hai="8,9,10,12,13,88,90,91,96,97,99" m="46431" machi="8" ten="30,2900,0" yaku="8,1,54,1" doraHai="45" who="3" fromWho="0" sc="135,-29,465,0,186,0,214,29" /><INIT seed="3,1,0,0,1,131" ten="106,465,186,243" oya="3" hai0="129,125,30,79,99,25,126,29,106,135,57,31,104" hai1="6,69,46,92,94,71,8,56,14,35,74,22,42" hai2="59,100,134,38,64,45,80,32,68,37,60,48,76" hai3="7,0,88,82,19,107,117,28,96,13,47,1,93"/><W81/><G107/><N who="0" m="41003" /><D79/><U72/><E35/><V91/><F32/><W108/><G117/><T67/><D25/><U15/><E56/><V20/><F100/><W21/><G108/><T122/><D122/><U115/><E115/><V101/><F101/><W109/><G109/><T23/><D23/><U127/><E127/><N who="0" m="48649" /><D99/><U9/><E22/><V49/><F20/><W78/><G81/><T66/><D57/><U128/><E128/><V39/><F91/><W89/><G89/><T85/><D85/><U113/><E113/><V86/><F45/><W3/><G28/><N who="0" m="7171" /><T34/><DORA hai="98" /><D129/><U44/><E6/><V63/><REACH who="2" step="1"/><F134/><REACH who="2" ten="106,465,176,243" step="2"/><W83/><G47/><T58/><D34/><U24/><E42/><V90/><F90/><W110/><G110/><T27/><D27/><AGARI ba="1,1" hai="8,9,14,15,24,27,44,46,69,71,72,74,92,94" machi="27" ten="25,1600,0" yaku="22,2" doraHai="131,98" who="1" fromWho="0" sc="106,-19,465,29,176,0,243,0" owari="87,-41.0,494,59.0,176,-22.0,243,4.0" /></mjloggm>