<mjloggm ver="2.3"><GO type="97" lobby="0"/><UN n0="%E3%81%82%E3%81%A4%E3%81%8A" n1="%E3%82%A6%E3%83%AB%E3%83%88%E3%83%A9%E7%AB%8B%E7%9B%B4" n2="%54%45%41%EF%BC%A0%33%30%E6%9C%9F" n3="%61%73%79%75%74%72%6C" dan="14,15,15,15" rate="1939.88,2004.64,1947.96,2019.26" sx="M,M,M,M"/><TAIKYOKU oya="0"/><INIT seed="0,0,0,4,1,94" ten="250,250,250,250" oya="0" hai0="19,17,102,82,129,116,35,8,38,36,5,65,54" hai1="20,91,89,3,100,104,59,95,15,50,22,72,64" hai2="39,128,87,61,120,130,77,41,6,105,88,86,48" hai3="37,109,124,83,68,97,28,23,106,112,42,31,32"/><T60/><D116/><U80/><E3/><V123/><F39/><W121/><G68/><T110/><D35/><U47/><E104/><V113/><F6/><W58/><G32/><T25/><D129/><N who="2" m="49770" /><F61/><W53/><G42/><T85/><D102/><U101/><E72/><V16/><F123/><W79/><G112/><T9/><D9/><U63/><E20/><V119/><F113/><W125/><G37/><T111/><D54/><U26/><E15/><V76/><F120/><W81/><G81/><T24/><D36/><U44/><E80/><N who="2" m="49223" /><F119/><W75/><G109/><N who="0" m="41483" /><D38/><U67/><E67/><V93/><F105/><W49/><G23/><T45/><D45/><U131/><E47/><N who="2" m="25711" /><F16/><N who="0" m="6218" /><D60/><U127/><E127/><V98/><F87/><W107/><G107/><T118/><D65/><U21/><E131/><V92/><F93/><W117/><G117/><T126/><D126/><N who="3" m="48745" /><G121/><T57/><D57/><U55/><E22/><V134/><F134/><W7/><G7/><T122/><D118/><U10/><E10/><V1/><F1/><W69/><G69/><T103/><D122/><U66/><E66/><V108/><F108/><W71/><G71/><T18/><D18/><N who="1" m="12599" /><E101/><AGARI ba="0,0" hai="76,77,92,98,101" m="25711,49223,49770" machi="101" ten="30,3900,0" yaku="19,1,52,1,54,1" doraHai="94" who="2" fromWho="1" sc="250,0,250,-39,250,39,250,0" /><AGARI ba="0,0" hai="28,31,49,53,58,75,79,83,97,101,106" m="48745" machi="101" ten="30,2000,0" yaku="18,1,52,1" doraHai="94" who="3" fromWho="1" sc="250,0,211,-20,289,0,250,20" /><INIT seed="1,0,0,4,3,0" ten="250,191,289,270" oya="1" hai0="95,56,39,92,70,4,37,15,79,91,115,62,46" hai1="41,101,57,107,112,90,85,132,94,71,36,6,10" hai2="78,82,8,122,81,87,117,121,69,20,96,102,26" hai3="25,50,22,63,17,126,49,60,125,58,5,83,98"/><U86/><E71/><V75/><F69/><W100/><G83/><T45/><D115/><U135/><E112/><V65/><F65/><W48/><G5/><T68/><D79/><U53/><E101/><V80/><F117/><W42/><G42/><T66/><D15/><N who="1" m="5591" /><E107/><V118/><F118/><W89/><G89/><T23/><D23/><U133/><E41/><V127/><F127/><N who="3" m="48651" /><G58/><T38/><D4/><U110/><E36/><N who="0" m="13929" /><D91/><U103/><E103/><V21/><F80/><W97/><G97/><T27/><D27/><U67/><E67/><V44/><F44/><N who="0" m="17002" /><D92/><AGARI ba="0,0" hai="17,22,25,48,49,50,60,63,92,98,100" m="48651" machi="92" ten="30,1000,0" yaku="18,1" doraHai="0" who="3" fromWho="0" sc="250,-10,191,0,289,0,270,10" /><INIT seed="2,0,0,1,5,56" ten="240,191,289,280" oya="2" hai0="100,71,104,127,45,2,46,61,85,39,110,0,67" hai1="6,40,88,65,30,48,122,130,66,59,17,125,7" hai2="69,116,115,36,97,60,57,34,35,98,4,22,49" hai3="103,99,86,43,92,106,33,3,78,41,87,37,50"/><V108/><F115/><W54/><G33/><T10/><D85/><U20/><E122/><V89/><F116/><W53/><G3/><T114/><D110/><U113/><E113/><V28/><F69/><W111/><G111/><T77/><D127/><U31/><E125/><V135/><F108/><W13/><G37/><T8/><D46/><U131/><E40/><N who="3" m="15434" /><G106/><T129/><D129/><U32/><E32/><V126/><F126/><W19/><G78/><T47/><D114/><U94/><E130/><V75/><F75/><W133/><G133/><T95/><D95/><U109/><E109/><V82/><F36/><W76/><G76/><T12/><D10/><U62/><E66/><V58/><F4/><N who="1" m="1577" /><E48/><V117/><F117/><W123/><G123/><T102/><D102/><U15/><E131/><V90/><F135/><W118/><G118/><T27/><D47/><U72/><E72/><V84/><F35/><W73/><G73/><T24/><D77/><U11/><E11/><V134/><F34/><W107/><G107/><T83/><D83/><U74/><E74/><V124/><F124/><W93/><G93/><T52/><D2/><U121/><E121/><V16/><F28/><W132/><G132/><T21/><D0/><U101/><E101/><V25/><F134/><W5/><G5/><N who="0" m="3087" /><D21/><U112/><E112/><V44/><F90/><W96/><G96/><AGARI ba="0,0" hai="15,17,20,30,31,59,62,65,88,94,96" m="1577" machi="96" ten="30,3900,0" yaku="8,1,52,1,54,1" doraHai="56" who="1" fromWho="3" sc="240,0,191,39,289,0,280,-39" /><INIT seed="3,0,0,3,1,134" ten="240,230,289,241" oya="3" hai0="23,43,127,57,110,13,38,7,117,39,25,10,115" hai1="64,15,9,92,1,83,79,46,119,74,65,82,101" hai2="41,124,66,100,78,50,87,62,77,106,76,131,21" hai3="133,47,35,97,44,60,73,103,120,8,2,26,93"/><W27/><G73/><T19/><D117/><U109/><E1/><V90/><F131/><W67/><G120/><T89/><D110/><U111/><E119/><V84/><F106/><W130/><G130/><T80/><D115/><U113/><E113/><V11/><F100/><W63/><G133/><T135/><D135/><U121/><E121/><V12/><F21/><W96/><G35/><T88/><D127/><U52/><E83/><V31/><F31/><W104/><G63/><T68/><D68/><U36/><E36/><V40/><F87/><W48/><G8/><T112/><D112/><U5/><E92/><V107/><F107/><W114/><G2/><T132/><D132/><U98/><E98/><V85/><F84/><W94/><G104/><T123/><D123/><U61/><E101/><V91/><F90/><N who="0" m="34922" /><D39/><U30/><E30/><V4/><F124/><W71/><G114/><T42/><D38/><U58/><REACH who="1" step="1"/><E46/><REACH who="1" ten="240,220,289,241" step="2"/><V128/><F128/><W18/><G47/><T51/><D80/><U24/><E24/><V70/><REACH who="2" step="1"/><F50/><REACH who="2" ten="240,220,279,241" step="2"/><W34/><G34/><T102/><D102/><U105/><E105/><V126/><F126/><W28/><G28/><T125/><D125/><U17/><E17/><V81/><AGARI ba="0,2" hai="4,11,12,40,41,62,66,70,76,77,78,81,85,91" machi="81" ten="30,4000,0" yaku="1,1,0,1,53,1" doraHai="134" doraHaiUra="56" who="2" fromWho="2" sc="240,-10,220,-10,279,60,241,-20" owari="230,3.0,210,-29.0,339,44.0,221,-18.0" /></mjloggm>