<mjloggm ver="2.3"><GO type="225" lobby="0"/><UN n0="%E3%83%AD%E3%83%AA%E3%83%BC%E3%82%BF%E3%81%AA%E7%84%BC%E8%82%89" n1="%E3%82%A6%E3%83%AB%E3%83%88%E3%83%A9%E7%AB%8B%E7%9B%B4" n2="%E3%83%B4%E3%83%A0%EF%BC%99%E3%81%A6" n3="%E3%81%84%E3%82%82%E3%82%8A" dan="17,16,16,16" rate="2219.77,2046.47,2118.25,2155.24" sx="F,M,M,M"/><TAIKYOKU oya="0"/><INIT seed="0,0,0,2,3,51" ten="250,250,250,250" oya="0" hai0="61,94,40,78,130,49,54,100,27,1,10,67,18" hai1="105,124,102,11,123,114,81,110,77,8,59,85,122" hai2="58,75,82,0,17,91,24,99,118,131,84,33,53" hai3="25,120,113,92,104,111,107,30,55,101,6,64,20"/><T44/><D130/><U89/><E11/><V116/><F0/><W95/><G113/><T90/><D100/><U12/><E114/><V97/><F131/><W65/><G111/><T46/><D78/><U45/><E124/><V29/><F17/><W106/><G6/><T115/><D115/><U34/><E34/><V71/><F71/><W48/><G120/><T14/><D1/><U66/><E110/><V121/><F75/><W60/><G101/><T5/><D27/><U56/><E56/><V16/><F16/><W127/><G127/><T62/><D5/><U96/><E59/><V109/><F121/><W98/><G98/><T7/><D7/><U3/><E66/><V4/><F4/><W39/><G39/><T119/><D119/><N who="2" m="45610" /><F109/><W112/><G112/><T76/><D76/><U69/><E69/><V88/><F91/><W21/><G21/><T108/><D108/><U129/><E3/><V57/><F57/><W42/><G65/><T83/><D83/><U126/><E126/><V93/><F82/><W38/><G64/><T134/><D134/><U125/><E125/><V86/><F97/><W41/><G60/><AGARI ba="0,0" hai="24,29,33,53,58,60,84,86,88,93,99" m="45610" machi="60" ten="30,3900,0" yaku="12,1,52,1,54,1" doraHai="51" who="2" fromWho="3" sc="250,0,250,0,250,39,250,-39" /><INIT seed="1,0,0,0,4,118" ten="250,250,289,211" oya="1" hai0="44,14,72,104,101,45,19,133,10,62,60,33,112" hai1="77,29,20,68,69,85,43,2,87,13,47,30,4" hai2="27,48,88,70,80,81,40,36,35,132,96,75,106" hai3="129,86,128,120,32,37,18,93,99,31,52,107,16"/><U22/><E2/><V73/><F36/><W21/><G37/><T17/><D33/><U42/><E13/><V66/><F73/><W98/><G32/><T84/><D72/><U59/><E59/><V134/><F106/><W1/><G1/><T0/><D0/><U53/><E77/><V34/><F75/><W61/><G31/><T55/><D112/><U74/><E74/><V79/><F79/><W109/><G109/><T78/><D133/><U95/><E95/><V49/><F66/><W121/><G107/><T67/><D19/><U117/><E53/><V65/><F65/><W126/><G86/><T82/><D101/><U125/><E125/><V113/><F113/><W6/><G6/><T25/><D104/><U89/><E89/><V91/><F91/><N who="3" m="55615" /><G99/><T110/><D110/><U15/><E15/><V135/><F96/><W122/><G126/><T54/><D25/><U3/><E3/><V23/><F27/><N who="3" m="14759" /><G18/><T39/><D39/><U116/><REACH who="1" step="1"/><E4/><REACH who="1" ten="250,240,289,211" step="2"/><V127/><F132/><W130/><G128/><T56/><D55/><U58/><E58/><AGARI ba="0,1" hai="52,58,61,120,121,122,129,130" m="14759,55615" machi="58" ten="40,12000,2" yaku="25,1,52,3,54,2" doraHai="118" who="3" fromWho="1" sc="250,0,240,-120,289,0,211,130" /><AGARI ba="0,0" hai="10,14,17,44,45,54,56,58,60,62,67,78,82,84" machi="58" ten="30,2000,0" yaku="7,1,8,1" doraHai="118" who="0" fromWho="1" sc="250,20,120,-20,289,0,341,0" /><INIT seed="2,0,0,4,5,76" ten="270,100,289,341" oya="2" hai0="128,103,75,90,11,27,73,72,7,13,55,49,34" hai1="118,19,98,101,30,116,47,134,132,0,45,122,120" hai2="112,84,62,50,5,54,106,71,33,32,113,60,21" hai3="56,46,16,119,117,91,66,51,3,41,22,121,37"/><V9/><F106/><W67/><G121/><T126/><D103/><U104/><E19/><V38/><F38/><W61/><G3/><T129/><D90/><U114/><E30/><V131/><F131/><N who="0" m="50250" /><D126/><U127/><E47/><V44/><F21/><W64/><G37/><T15/><D27/><U82/><E45/><V28/><F71/><W26/><REACH who="3" step="1"/><G91/><REACH who="3" ten="270,100,289,331" step="2"/><T133/><D133/><N who="1" m="51307" /><E0/><V14/><F113/><W92/><G92/><T89/><D89/><U10/><E10/><V85/><F112/><W124/><G124/><T80/><D34/><U96/><E114/><V20/><F32/><W6/><G6/><T1/><D1/><U59/><E127/><V12/><F33/><W24/><G24/><T58/><D15/><U123/><E59/><V74/><F14/><W110/><G110/><T105/><D105/><U52/><E52/><AGARI ba="0,1" hai="16,22,26,41,46,51,52,56,61,64,66,67,117,119" machi="52" ten="40,5200,0" yaku="1,1,54,2,53,0" doraHai="76" doraHaiUra="87" who="3" fromWho="1" sc="270,0,100,-52,289,0,331,62" /><INIT seed="3,0,0,5,1,91" ten="270,48,289,393" oya="3" hai0="9,122,125,8,119,124,111,55,126,29,84,27,105" hai1="121,129,66,76,82,20,69,128,33,56,71,16,85" hai2="43,73,58,134,48,12,109,38,7,6,67,46,11" hai3="35,60,37,94,39,107,59,87,63,13,34,4,22"/><W89/><G107/><T112/><D105/><U57/><E33/><V75/><F109/><W5/><G35/><N who="0" m="20927" /><D119/><U24/><E121/><V115/><F115/><W2/><G34/><T127/><D122/><U78/><E66/><V96/><F134/><W40/><G63/><T72/><D72/><U116/><E116/><V97/><F73/><W92/><G92/><T114/><D111/><U77/><E85/><V83/><F38/><W18/><G40/><T64/><D64/><U130/><E82/><V19/><F83/><W53/><G2/><T99/><D99/><N who="2" m="37962" /><F75/><W102/><G102/><T81/><D55/><U106/><E106/><V93/><F93/><W17/><G39/><T54/><D54/><U0/><E0/><V61/><AGARI ba="0,0" hai="6,7,11,12,19,43,46,48,58,61,67" m="37962" machi="61" ten="30,1100,0" yaku="8,1" doraHai="91" who="2" fromWho="2" sc="270,-3,48,-3,289,11,393,-5" owari="267,-13.0,45,-45.0,300,10.0,388,48.0" /></mjloggm>