<mjloggm ver="2.3"><GO type="97" lobby="0"/><UN n0="%73%6F%6F%6F%6F%6F%6F%6E" n1="%72%6F%63%6F" n2="%E3%83%97%E3%83%AD%E8%A6%B3%E6%88%A6%E5%A3%AB" n3="%E3%82%A6%E3%83%AB%E3%83%88%E3%83%A9%E7%AB%8B%E7%9B%B4" dan="13,15,15,15" rate="1893.29,1955.32,1962.26,2032.79" sx="M,F,M,M"/><TAIKYOKU oya="0"/><INIT seed="0,0,0,5,0,127" ten="250,250,250,250" oya="0" hai0="12,119,87,93,34,74,82,20,79,133,85,15,135" hai1="100,107,17,21,83,26,75,108,18,89,33,60,39" hai2="36,31,28,95,7,105,118,103,61,62,19,125,98" hai3="41,80,25,16,76,77,102,42,66,73,49,53,65"/><T81/><D34/><U114/><E39/><V58/><F125/><W6/><G6/><T44/><D119/><U117/><E117/><V91/><F118/><W120/><G120/><T47/><D20/><U110/><E114/><V45/><F7/><W56/><G102/><T23/><D23/><U94/><E33/><V106/><F106/><W70/><G77/><T55/><D55/><U9/><E9/><V134/><F134/><N who="0" m="51210" /><D47/><U130/><E17/><V5/><F62/><W40/><G70/><T115/><D44/><U101/><E60/><V46/><F5/><W71/><G71/><T37/><D37/><U78/><E130/><V67/><F19/><W111/><REACH who="3" step="1"/><G111/><REACH who="3" ten="250,250,250,240" step="2"/><N who="1" m="42538" /><E107/><V99/><F36/><W88/><G88/><N who="0" m="53407" /><D115/><U38/><E38/><V64/><F64/><W132/><G132/><T32/><D32/><U30/><E30/><V84/><F28/><W96/><G96/><AGARI ba="0,1" hai="18,21,26,75,78,83,89,94,96,100,101" m="42538" machi="96" ten="30,1000,0" yaku="14,1" doraHai="127" who="1" fromWho="3" sc="250,0,250,20,250,0,240,-10" /><INIT seed="1,0,0,1,4,37" ten="250,270,250,230" oya="1" hai0="29,93,33,75,1,26,49,70,104,45,103,6,50" hai1="97,44,109,41,94,111,28,134,57,92,133,73,95" hai2="53,71,85,120,110,31,27,9,74,130,115,40,79" hai3="14,100,96,107,0,118,56,51,112,116,34,48,72"/><U23/><E73/><V117/><F120/><W60/><G0/><T113/><D113/><U46/><E57/><V77/><F117/><N who="3" m="45163" /><G112/><T131/><D131/><U59/><E59/><V102/><F71/><W87/><G34/><T54/><D75/><U80/><E80/><V58/><F115/><W22/><G72/><T108/><D108/><N who="1" m="41547" /><E97/><V7/><F74/><W62/><G62/><T129/><D129/><U19/><E28/><V36/><F102/><W90/><G22/><T10/><D70/><U52/><E52/><V83/><F130/><W16/><G56/><T24/><D50/><N who="1" m="26895" /><E46/><V68/><F68/><W5/><G60/><T114/><D114/><U20/><E20/><V2/><F110/><W43/><G51/><T11/><D104/><U135/><E135/><V76/><F36/><W89/><G87/><T32/><D11/><U42/><E42/><V64/><F40/><W124/><G43/><T4/><D4/><U128/><E128/><V88/><F64/><W121/><G5/><T65/><D65/><U21/><E21/><V3/><F3/><W47/><G121/><T63/><D63/><U101/><E101/><V35/><REACH who="2" step="1"/><F77/><REACH who="2" ten="250,270,240,230" step="2"/><W12/><G100/><T38/><D38/><U126/><E134/><V86/><F86/><W123/><G123/><T105/><D105/><U106/><E106/><V18/><F18/><W30/><G16/><T17/><D103/><U61/><E133/><V91/><F91/><W25/><G90/><T84/><D17/><U39/><E39/><V67/><F67/><W8/><G107/><T125/><D29/><U78/><E19/><RYUUKYOKU ba="0,1" sc="250,-10,270,-10,240,30,230,-10" hai2="2,7,9,27,31,35,53,58,76,79,83,85,88" /><INIT seed="2,1,1,1,1,24" ten="240,260,270,220" oya="2" hai0="121,61,93,132,103,122,106,46,91,11,12,3,131" hai1="10,64,98,1,90,62,55,94,32,23,27,36,80" hai2="74,66,7,51,105,63,86,37,87,2,14,104,79" hai3="107,5,135,4,115,133,56,108,15,44,31,130,117"/><V47/><F2/><W124/><G107/><T18/><D132/><N who="3" m="50761" /><G117/><T20/><D131/><U65/><E36/><V83/><F37/><W102/><G102/><T112/><D112/><U0/><E32/><V78/><F105/><W28/><G130/><T110/><D110/><U97/><E97/><V16/><F104/><W42/><G108/><T21/><D106/><U88/><E10/><V49/><F7/><N who="3" m="2635" /><G115/><T67/><D103/><U101/><E101/><V116/><F116/><W57/><G15/><T84/><D3/><N who="1" m="1099" /><E80/><V120/><F120/><W114/><G114/><T26/><D46/><U54/><E90/><V34/><F34/><W134/><N who="3" m="50769" /><W69/><DORA hai="68" /><G69/><T33/><D33/><U13/><E13/><V35/><F35/><W89/><G89/><T22/><D122/><U73/><E73/><V48/><F79/><W41/><G124/><T40/><D40/><N who="3" m="15465" /><G44/><T92/><D121/><U50/><E50/><V126/><F47/><W8/><G8/><T6/><REACH who="0" step="1"/><D93/><REACH who="0" ten="230,260,270,220" step="2"/><U113/><E113/><V95/><F95/><W30/><AGARI ba="1,2" hai="28,30,31,56,57" m="15465,2635,50769" machi="30" ten="50,12000,2" yaku="28,2,20,1,52,3" doraHai="24,68" who="3" fromWho="3" sc="230,-31,260,-31,270,-61,220,143" /><INIT seed="3,0,0,3,0,20" ten="199,229,209,363" oya="3" hai0="111,133,56,11,38,57,92,107,118,28,123,0,8" hai1="74,84,103,4,26,48,5,47,70,71,63,15,34" hai2="66,99,131,53,78,16,100,108,80,49,23,130,46" hai3="72,50,120,93,10,36,106,69,60,19,122,52,76"/><W102/><G36/><T105/><D123/><U1/><E74/><V91/><F91/><W54/><G106/><T64/><D118/><U85/><E1/><V126/><F126/><W135/><G135/><T88/><D111/><U114/><E114/><V9/><F108/><W127/><G127/><T30/><D133/><U82/><E103/><V42/><F9/><W77/><G76/><T24/><D38/><U51/><E51/><V40/><F66/><W41/><G54/><T125/><D125/><U132/><E132/><V96/><F53/><W87/><G52/><T81/><D81/><U44/><E44/><V14/><F42/><W32/><G19/><T39/><D39/><U67/><E71/><V7/><F7/><W124/><G87/><N who="0" m="52255" /><D107/><U27/><E34/><V115/><F115/><W101/><G32/><T22/><D105/><U129/><E129/><N who="2" m="49163" /><F100/><W75/><G102/><T134/><D134/><U13/><E5/><V59/><F59/><N who="0" m="22602" /><D64/><U43/><E15/><V31/><F31/><N who="0" m="11818" /><D0/><U116/><E116/><V25/><F14/><W65/><G124/><T90/><D90/><U55/><E4/><V17/><F17/><AGARI ba="0,0" hai="8,11,17,22,24" m="11818,22602,52255" machi="17" ten="30,3900,0" yaku="8,1,52,1,54,1" doraHai="20" who="0" fromWho="2" sc="199,39,229,0,209,-39,363,0" owari="238,4.0,229,-17.0,170,-33.0,363,46.0" /></mjloggm>