<mjloggm ver="2.3"><GO type="97" lobby="0"/><UN n0="%68%75%6A%69%6B%6F%6D%6B" n1="%41%49%44%41" n2="%E3%82%A6%E3%83%AB%E3%83%88%E3%83%A9%E7%AB%8B%E7%9B%B4" n3="%E5%8D%83%E6%9C%AA" dan="13,14,15,14" rate="1813.72,1947.58,1961.54,1963.25" sx="M,M,M,M"/><TAIKYOKU oya="0"/><INIT seed="0,0,0,3,1,78" ten="250,250,250,250" oya="0" hai0="38,75,120,90,31,29,57,77,94,21,98,87,119" hai1="104,95,61,71,35,27,33,16,56,43,97,92,2" hai2="108,127,101,26,4,42,82,88,63,0,30,36,37" hai3="86,6,134,72,80,91,28,66,135,14,121,118,59"/><T99/><D120/><U41/><E2/><V64/><F42/><W116/><G121/><T113/><D119/><U23/><E71/><N who="2" m="42399" /><F4/><W17/><G6/><T22/><D113/><U45/><E104/><V132/><F0/><W103/><G72/><T65/><D38/><U114/><E114/><V12/><F12/><W51/><G28/><N who="0" m="10827" /><D75/><U3/><E3/><V117/><F117/><W58/><G103/><T115/><D115/><U34/><E45/><V126/><F101/><W123/><G123/><T83/><D99/><U7/><E7/><V20/><F132/><N who="3" m="50731" /><G59/><T49/><D65/><U84/><E84/><N who="2" m="50199" /><F108/><W53/><G66/><T79/><D79/><U105/><E105/><V85/><F85/><W128/><G128/><T131/><D131/><U15/><E15/><V60/><F60/><W73/><G73/><T48/><D48/><U40/><REACH who="1" step="1"/><E97/><REACH who="1" ten="250,240,250,250" step="2"/><V1/><F1/><W55/><G118/><T10/><D10/><U96/><E96/><V54/><F37/><W11/><G116/><T62/><D62/><U102/><E102/><V109/><F36/><W74/><G74/><T47/><D57/><U13/><E13/><V18/><F109/><W100/><G100/><T39/><D39/><U44/><E44/><V50/><F126/><W130/><G130/><T106/><D106/><U19/><E19/><V24/><F127/><W133/><G133/><T25/><D25/><U46/><E46/><N who="2" m="27991" /><F26/><W124/><G124/><T52/><AGARI ba="0,1" hai="21,22,47,49,52,77,83,87,90,94,98" m="10827" machi="52" ten="30,6000,0" yaku="8,1,52,1,54,1" doraHai="78" who="0" fromWho="0" sc="250,70,240,-20,250,-20,250,-20" /><INIT seed="0,1,0,3,4,80" ten="320,220,230,230" oya="0" hai0="81,118,21,39,112,8,110,59,46,63,79,125,68" hai1="24,18,30,44,32,70,130,20,121,17,13,128,7" hai2="124,34,113,87,101,0,83,122,3,103,64,41,37" hai3="29,27,104,133,78,117,73,49,74,65,43,135,52"/><T48/><D112/><U19/><E70/><V47/><F34/><W62/><G117/><T85/><D118/><U86/><E44/><V108/><F113/><W111/><G104/><T31/><D125/><U77/><E77/><V109/><F64/><W99/><G43/><T15/><D110/><N who="2" m="42602" /><F122/><W51/><G99/><T45/><D39/><U38/><E38/><V102/><F124/><W119/><G78/><AGARI ba="1,0" hai="0,3,37,41,47,78,83,87,101,102,103" m="42602" machi="78" ten="30,2000,0" yaku="14,1,52,1" doraHai="80" who="2" fromWho="3" sc="320,0,220,0,230,23,230,-23" /><INIT seed="1,0,0,4,1,88" ten="320,220,253,207" oya="1" hai0="26,8,73,67,7,102,41,30,62,24,114,1,65" hai1="80,18,63,83,56,11,77,96,120,107,22,42,125" hai2="108,51,133,126,103,52,68,66,33,48,131,70,49" hai3="43,115,93,32,78,5,57,124,79,0,36,37,25"/><U100/><E120/><V127/><F33/><W118/><G115/><T87/><D114/><U132/><E132/><V39/><F103/><W40/><G124/><N who="2" m="47657" /><F133/><W81/><G0/><T101/><D73/><U75/><E125/><V15/><F15/><W97/><G5/><T55/><D55/><U123/><E123/><V21/><F21/><W54/><G118/><T35/><D67/><U95/><E42/><V98/><F98/><W134/><G134/><T113/><D113/><U72/><E11/><V84/><F84/><W106/><G106/><T122/><D122/><U94/><E80/><V86/><F86/><W28/><G37/><T71/><D41/><U6/><E6/><V17/><F17/><W34/><G36/><T92/><D92/><U2/><E2/><V109/><F39/><W14/><G14/><T45/><D45/><U111/><E75/><V16/><F16/><W82/><G34/><T129/><D129/><U116/><E111/><N who="2" m="42571" /><F66/><W104/><G104/><T117/><D87/><U12/><REACH who="1" step="1"/><E116/><REACH who="1" ten="320,210,253,207" step="2"/><V76/><F131/><W50/><G82/><T112/><D117/><U90/><E90/><V59/><F76/><W20/><G81/><T128/><D128/><U58/><E58/><V74/><F74/><W23/><G32/><T91/><D91/><U60/><E60/><AGARI ba="0,1" hai="48,49,51,52,59,60,68,70" m="42571,47657" machi="60" ten="40,8000,1" yaku="18,1,14,1,34,2,54,1" doraHai="88" who="2" fromWho="1" sc="320,0,210,-80,253,90,207,0" /><INIT seed="2,0,0,5,1,42" ten="320,130,343,207" oya="2" hai0="3,14,28,90,89,114,45,81,56,32,134,124,8" hai1="117,135,7,83,93,132,77,113,119,121,2,72,46" hai2="130,26,22,29,39,82,122,128,102,23,10,53,109" hai3="111,84,131,38,116,75,5,71,20,54,25,96,51"/><V80/><F122/><W6/><G116/><T100/><D114/><U87/><E2/><V92/><F10/><W17/><G38/><T36/><D3/><U62/><E62/><V104/><F104/><W16/><G75/><T108/><D134/><N who="1" m="51243" /><E7/><V52/><F92/><W106/><G131/><N who="2" m="50217" /><F102/><W9/><G71/><T91/><D56/><U133/><N who="1" m="51251" /><U24/><DORA hai="115" /><E24/><V97/><F97/><W59/><G111/><T31/><D81/><N who="2" m="31338" /><F109/><W58/><G84/><T69/><D8/><U78/><E46/><V105/><F105/><W66/><G106/><T15/><D100/><U123/><E113/><V70/><F70/><W12/><REACH who="3" step="1"/><G96/><REACH who="3" ten="320,130,343,197" step="2"/><T4/><D69/><U47/><E47/><V98/><F98/><W57/><G57/><T99/><D45/><U88/><E77/><V86/><F39/><W55/><G55/><T126/><D36/><U125/><E125/><V34/><F86/><W95/><G95/><T49/><D124/><U43/><E43/><V37/><F37/><W67/><G67/><T103/><D126/><U68/><E68/><V74/><F74/><W112/><G112/><T1/><D108/><U18/><E18/><V27/><F53/><W21/><G21/><T0/><D99/><U107/><E107/><V127/><F127/><W48/><G48/><T61/><D49/><U11/><E11/><V33/><F52/><W19/><G19/><AGARI ba="0,1" hai="19,22,23,26,27,29,33,34" m="31338,50217" machi="19" ten="30,1500,0" yaku="19,1" doraHai="42,115" who="2" fromWho="3" sc="320,0,130,0,343,25,197,-15" /><INIT seed="2,1,0,5,4,100" ten="320,130,368,182" oya="2" hai0="35,94,131,129,21,126,5,31,64,46,20,102,104" hai1="81,57,63,6,112,18,80,55,106,51,68,134,65" hai2="117,121,15,88,66,82,109,69,58,108,52,25,73" hai3="3,98,22,92,61,114,74,49,0,8,124,13,2"/><V77/><F66/><W120/><G114/><T38/><D35/><U17/><E112/><V70/><F25/><W83/><G120/><T135/><D94/><U16/><E134/><V24/><F24/><W75/><G124/><T116/><D116/><U86/><E6/><V115/><F115/><W125/><G125/><T28/><D126/><U40/><E81/><V71/><F15/><W72/><G22/><N who="0" m="8811" /><D64/><U85/><E40/><V79/><F121/><W123/><G123/><T12/><D135/><U119/><E119/><V9/><F9/><W76/><G61/><T127/><D127/><U29/><E29/><V62/><F117/><W111/><G49/><T122/><D122/><U56/><E85/><N who="2" m="50231" /><F73/><W14/><G111/><AGARI ba="1,0" hai="52,58,62,69,70,71,77,79,108,109,111" m="50231" machi="111" ten="40,12000,1" yaku="14,1,10,1,54,2" doraHai="100" who="2" fromWho="3" sc="320,0,130,0,368,123,182,-123" /><INIT seed="2,2,0,0,4,21" ten="320,130,491,59" oya="2" hai0="46,121,113,122,71,98,117,66,53,124,58,82,63" hai1="93,111,27,4,100,44,108,114,116,127,86,62,133" hai2="24,49,29,47,80,31,89,55,102,7,18,68,103" hai3="97,95,112,134,40,83,12,84,70,8,120,128,14"/><V33/><F68/><W30/><G120/><T96/><D82/><U17/><E116/><V56/><F7/><W91/><G112/><T1/><D98/><U25/><E114/><V79/><F31/><W3/><G70/><T37/><D96/><U45/><E133/><V85/><F18/><W110/><G134/><T2/><D113/><U106/><E106/><V41/><REACH who="2" step="1"/><F79/><REACH who="2" ten="320,130,481,59" step="2"/><W69/><G30/><T67/><D2/><U22/><E4/><V77/><F77/><W0/><G69/><T123/><D1/><U60/><E127/><V87/><F87/><W52/><G3/><T36/><D124/><U75/><E75/><V16/><F16/><W90/><G0/><T119/><D67/><U129/><E129/><V10/><F10/><W38/><G128/><T34/><D34/><U11/><E11/><V20/><F20/><W125/><G125/><T26/><D26/><U48/><E86/><V43/><F43/><W135/><G135/><T78/><D78/><U81/><E22/><V51/><AGARI ba="2,1" hai="24,29,33,41,47,49,51,55,56,80,85,89,102,103" machi="51" ten="20,7800,0" yaku="1,1,0,1,7,1,52,1,53,0" doraHai="21" doraHaiUra="101" who="2" fromWho="2" sc="320,-28,130,-28,481,94,59,-28" /><INIT seed="2,3,0,5,5,25" ten="292,102,575,31" oya="2" hai0="108,35,23,101,53,17,9,8,74,93,64,109,0" hai1="39,13,46,90,128,80,126,94,1,66,68,78,19" hai2="123,49,106,117,10,37,34,135,99,87,48,6,45" hai3="107,121,88,22,76,36,54,77,40,134,31,85,60"/><V82/><F34/><W28/><G121/><T26/><D74/><U61/><E1/><V7/><F37/><W70/><G107/><T89/><D64/><U59/><E128/><V72/><F72/><W3/><G3/><T11/><D101/><U52/><E126/><V2/><F117/><W27/><G134/><T41/><D41/><U20/><E46/><V16/><F135/><W124/><G124/><T91/><D91/><U33/><E33/><V119/><F119/><W84/><G36/><T102/><D102/><U103/><E103/><V30/><F106/><W86/><G40/><T67/><D67/><U15/><E39/><V62/><F99/><W81/><G70/><T69/><D69/><U43/><E43/><V21/><F62/><W129/><G129/><T14/><D53/><U32/><E32/><V18/><F7/><W56/><G31/><N who="0" m="19959" /><D93/><U133/><E133/><V97/><F97/><W132/><REACH who="3" step="1"/><G132/><REACH who="3" ten="292,102,575,21" step="2"/><T51/><D89/><U58/><E68/><V50/><F123/><W73/><G73/><T71/><D51/><U105/><E105/><V98/><F49/><W100/><G100/><T111/><D71/><U125/><E125/><V130/><F50/><W57/><G57/><T95/><D95/><U96/><E59/><V92/><F130/><W79/><AGARI ba="3,1" hai="22,27,28,54,56,60,76,77,79,81,84,85,86,88" machi="79" ten="30,8000,1" yaku="1,1,0,1,8,1,52,1,54,1,53,0" doraHai="25" doraHaiUra="112" who="3" fromWho="3" sc="292,-23,102,-23,575,-43,21,99" /><INIT seed="3,0,0,0,5,51" ten="269,79,532,120" oya="3" hai0="6,106,22,25,26,47,69,67,34,124,31,7,11" hai1="39,14,8,108,103,49,91,126,83,56,131,110,95" hai2="114,50,80,21,96,105,29,12,88,4,98,79,40" hai3="130,64,74,65,115,66,3,121,18,0,90,99,129"/><W134/><G121/><T117/><D106/><U116/><E39/><V41/><F105/><W35/><G115/><T62/><D117/><U20/><E116/><V60/><F96/><W135/><G74/><T38/><D124/><U123/><E123/><V43/><F60/><W73/><G73/><T57/><D69/><U94/><E126/><V52/><F79/><W61/><G35/><T71/><D71/><U9/><E131/><N who="3" m="50186" /><G61/><T46/><D38/><U75/><E75/><V133/><F133/><N who="3" m="50699" /><G18/><T45/><REACH who="0" step="1"/><D11/><REACH who="0" ten="259,79,532,120" step="2"/><U27/><E108/><V89/><F114/><W5/><G5/><T24/><D24/><U63/><E110/><V36/><F36/><W54/><G54/><T37/><D37/><U101/><E49/><V76/><F52/><W85/><G99/><T81/><D81/><AGARI ba="0,1" hai="0,3,64,65,66,81,85,90" m="50699,50186" machi="81" ten="40,3900,0" yaku="19,1,20,1" doraHai="51" who="3" fromWho="0" sc="259,-39,79,0,532,0,120,49" /><INIT seed="3,1,0,0,1,46" ten="220,79,532,169" oya="3" hai0="86,43,94,52,108,18,44,123,51,32,102,28,37" hai1="75,67,134,4,50,84,39,55,76,29,20,113,93" hai2="27,111,125,78,124,74,122,83,62,17,9,53,118" hai3="0,126,97,89,21,80,16,96,99,54,120,106,112"/><W26/><G120/><T109/><D123/><U135/><E113/><V103/><F118/><W59/><G112/><T73/><D73/><U117/><E117/><V130/><F103/><W58/><G0/><T81/><D18/><U70/><E75/><V91/><F122/><W77/><G126/><T42/><D28/><U15/><E39/><V114/><F114/><W35/><G35/><T90/><D32/><U92/><E70/><V38/><F38/><W34/><G34/><T61/><D61/><U107/><E107/><V63/><F130/><W45/><G106/><T95/><D43/><U8/><E67/><V121/><F121/><W110/><G110/><N who="0" m="42603" /><D102/><U66/><E66/><V101/><F101/><W64/><G64/><T36/><D36/><U11/><E11/><V129/><F111/><W49/><REACH who="3" step="1"/><G89/><REACH who="3" ten="220,79,532,159" step="2"/><T68/><D68/><U115/><E115/><V5/><F91/><W116/><G116/><T87/><D87/><AGARI ba="1,1" hai="16,21,26,45,49,54,58,59,77,80,87,96,97,99" machi="87" ten="40,12000,1" yaku="1,1,8,1,52,1,54,1,53,1" doraHai="46" doraHaiUra="22" who="3" fromWho="0" sc="220,-123,79,0,532,0,159,133" /><INIT seed="3,2,0,2,3,117" ten="97,79,532,292" oya="3" hai0="6,3,102,113,128,30,11,9,132,83,34,58,120" hai1="122,126,94,0,105,118,91,85,47,77,129,124,123" hai2="98,127,125,101,18,84,12,107,7,87,33,67,40" hai3="108,57,62,130,59,29,1,56,79,133,103,13,63"/><W28/><G1/><T97/><D120/><N who="1" m="46123" /><E0/><V60/><F40/><W4/><G133/><T43/><D113/><U70/><E70/><N who="2" m="42343" /><F7/><W31/><G130/><T72/><D132/><U73/><E47/><V48/><F48/><W16/><G79/><T112/><D128/><U71/><E71/><V42/><F42/><W110/><G4/><T89/><D112/><U51/><E51/><V92/><F92/><W66/><G103/><T115/><D115/><U86/><E129/><V104/><F104/><W49/><G49/><T35/><D30/><U53/><E53/><V78/><F78/><W27/><G27/><T96/><D43/><U38/><E38/><V111/><F87/><W14/><G14/><T109/><D109/><N who="3" m="42089" /><G66/><T135/><D135/><U45/><E45/><V54/><F111/><W80/><G80/><T5/><D58/><U76/><E118/><V100/><F100/><W15/><G15/><T22/><D22/><AGARI ba="2,0" hai="13,16,22,28,29,31,56,57,59,62,63" m="42089" machi="22" ten="40,7700,0" yaku="14,1,10,1,54,1" doraHai="117" who="3" fromWho="0" sc="97,-83,79,0,532,0,292,83" /><INIT seed="3,3,0,5,0,73" ten="14,79,532,375" oya="3" hai0="39,26,30,131,11,52,121,105,77,99,89,113,108" hai1="85,109,43,106,96,84,111,19,8,67,127,4,126" hai2="27,40,45,91,119,17,122,23,61,36,7,103,133" hai3="37,117,81,57,9,56,97,101,72,34,76,90,98"/><W130/><G117/><T55/><D121/><U18/><E67/><V82/><F119/><W58/><G37/><T65/><D131/><U115/><E43/><V49/><F36/><W114/><G114/><T66/><D113/><U35/><E35/><V134/><F103/><W28/><G130/><T10/><D108/><N who="1" m="41547" /><E115/><V15/><F122/><W88/><G9/><T14/><D39/><U83/><E106/><V70/><F70/><W92/><G34/><T29/><D105/><U69/><E69/><V78/><F91/><W2/><G2/><T54/><D11/><U94/><E4/><V102/><F102/><W51/><G28/><T128/><D128/><U50/><E50/><V41/><F61/><W22/><G22/><T33/><D30/><U63/><E63/><V12/><F41/><W24/><G24/><T25/><D26/><U1/><E1/><V6/><F15/><W38/><G38/><T104/><D104/><U68/><E68/><V79/><F7/><W53/><REACH who="3" step="1"/><G101/><REACH who="3" ten="14,79,532,365" step="2"/><T71/><D71/><U132/><E8/><V31/><F31/><W42/><G42/><T46/><D46/><U129/><E129/><V87/><F12/><W44/><G44/><T112/><D112/><U21/><E21/><V32/><F32/><W125/><G125/><T75/><D99/><U59/><E127/><V60/><F6/><W135/><G135/><T3/><D3/><U110/><E126/><V116/><F134/><W16/><G16/><N who="0" m="8279" /><D89/><U20/><E132/><V13/><F133/><W100/><G100/><T118/><D118/><U124/><E124/><V64/><F116/><RYUUKYOKU ba="3,1" sc="14,15,79,-15,532,-15,365,15" hai0="25,29,33,52,54,55,65,66,75,77" hai3="51,53,56,57,58,72,76,81,88,90,92,97,98" /><INIT seed="3,4,1,1,1,96" ten="29,64,517,380" oya="3" hai0="5,57,6,70,95,47,11,51,100,44,75,91,85" hai1="122,118,126,18,1,73,77,17,133,62,61,81,10" hai2="124,90,116,15,83,21,12,113,128,127,64,79,117" hai3="19,29,35,34,31,102,49,103,120,78,40,27,129"/><W22/><G120/><T13/><D70/><U65/><E122/><V55/><F113/><W76/><G129/><T97/><D75/><U119/><E133/><V36/><F36/><W105/><G105/><T42/><D57/><U68/><E126/><N who="2" m="48171" /><F128/><W24/><G40/><T53/><D6/><N who="1" m="1359" /><E61/><V92/><F55/><W60/><G60/><T41/><REACH who="0" step="1"/><D47/><REACH who="0" ten="19,64,517,380" step="2"/><U37/><E37/><V0/><F0/><W94/><G49/><T93/><AGARI ba="4,2" hai="5,11,13,41,42,44,51,53,85,91,93,95,97,100" machi="93" ten="20,12000,2" yaku="1,1,2,1,0,1,7,1,8,1,52,1,53,0" doraHai="96" doraHaiUra="26" who="0" fromWho="0" sc="19,152,64,-34,517,-34,380,-64" owari="171,-23.0,30,-47.0,483,58.0,316,12.0" /></mjloggm>