<mjloggm ver="2.3"><GO type="97" lobby="0"/><UN n0="%E7%A6%8F%E5%8E%9F%E9%A6%99%E7%B9%94%EF%BC%88%E5%A5%B3%E7%A5%9E%EF%BC%89" n1="%E3%82%A6%E3%83%AB%E3%83%88%E3%83%A9%E7%AB%8B%E7%9B%B4" n2="%65%62%69%65%6C" n3="%66%69%6E%67%65%72" dan="14,15,14,14" rate="1892.73,2064.78,1939.43,1953.04" sx="F,M,M,M"/><TAIKYOKU oya="0"/><INIT seed="0,0,0,0,0,10" ten="250,250,250,250" oya="0" hai0="55,100,112,6,113,80,14,90,116,19,45,22,63" hai1="59,30,124,109,105,114,54,12,71,75,9,118,36" hai2="130,39,106,13,33,73,82,132,50,102,29,68,72" hai3="52,15,32,38,87,23,110,21,24,65,40,5,70"/><T58/><D116/><U98/><E118/><V127/><F68/><W62/><G32/><T20/><D100/><U43/><E75/><V122/><F39/><W46/><G110/><T28/><D45/><U120/><E120/><V96/><F122/><W57/><G87/><T66/><D112/><U37/><E109/><V83/><F130/><W104/><G104/><T3/><D3/><U84/><E71/><V4/><F127/><W42/><G42/><T97/><D113/><U44/><E124/><V74/><F132/><W18/><G5/><T103/><D6/><U8/><E114/><V95/><F29/><W35/><G35/><T41/><D41/><U67/><E67/><V77/><F33/><W126/><G126/><T101/><D66/><U27/><E37/><V56/><F56/><W31/><G70/><T0/><D0/><U61/><E84/><V134/><F50/><W119/><G65/><T76/><D76/><U99/><E105/><V133/><F83/><W117/><AGARI ba="0,0" hai="15,18,21,23,24,31,38,40,46,52,57,62,117,119" machi="117" ten="30,4000,0" yaku="0,1,52,1,54,1" doraHai="10" who="3" fromWho="3" sc="250,-20,250,-10,250,-10,250,40" /><INIT seed="1,0,0,0,5,43" ten="230,240,240,290" oya="1" hai0="98,85,64,88,106,86,103,17,29,13,66,37,107" hai1="9,1,63,5,82,118,70,78,39,30,22,105,79" hai2="83,133,15,84,6,27,73,120,116,24,111,134,18" hai3="121,96,8,119,44,69,124,87,67,131,74,28,125"/><U68/><E118/><V36/><F73/><W104/><G119/><T92/><D29/><U46/><E105/><V52/><F36/><W4/><G121/><T57/><D37/><U76/><E63/><V81/><F116/><W93/><G131/><T12/><D12/><U127/><E127/><V48/><F120/><W56/><G74/><T71/><D71/><U53/><E82/><V35/><F6/><W109/><G109/><T60/><D66/><U132/><E132/><V126/><F126/><W94/><G69/><T117/><D117/><U54/><E53/><V102/><F102/><W21/><G104/><T110/><D110/><U19/><E30/><V72/><F72/><W128/><G128/><T135/><D135/><N who="2" m="51722" /><F111/><W3/><G125/><T50/><D50/><U62/><E62/><V101/><F101/><W41/><G87/><T7/><D7/><U123/><E123/><V14/><F35/><W31/><G31/><T61/><D61/><U129/><E129/><V112/><F83/><W90/><G94/><T40/><D85/><U45/><E54/><V59/><F15/><W91/><G91/><T16/><D107/><U2/><E2/><V89/><F112/><W80/><G80/><N who="0" m="49223" /><D106/><U65/><E39/><V20/><AGARI ba="0,0" hai="14,18,20,24,27,48,52,59,81,84,89" m="51722" machi="20" ten="30,2000,0" yaku="20,1,54,1" doraHai="43" who="2" fromWho="2" sc="230,-5,240,-10,240,20,290,-5" /><INIT seed="2,0,0,5,1,78" ten="225,230,260,285" oya="2" hai0="6,25,31,98,100,86,124,9,81,111,128,42,65" hai1="19,67,125,103,79,69,38,44,8,73,61,102,116" hai2="127,77,132,16,76,122,20,55,15,11,108,118,1" hai3="89,56,99,59,101,30,12,23,130,54,95,70,85"/><V104/><F122/><W18/><G70/><T24/><D111/><U3/><E116/><V52/><F118/><W41/><G41/><T53/><D65/><U48/><E125/><V27/><F127/><W97/><G130/><T13/><D124/><U47/><E47/><V2/><F108/><W63/><G30/><T133/><D128/><U37/><E48/><V33/><F104/><W134/><G134/><T35/><D133/><U114/><E19/><V135/><F33/><W117/><G117/><T80/><D42/><N who="1" m="22607" /><E114/><V115/><F135/><W121/><G121/><T21/><D86/><U109/><E109/><V29/><F115/><W5/><G5/><T119/><D53/><U32/><E32/><V7/><F1/><W68/><G68/><T57/><D57/><U87/><E87/><V58/><F55/><W10/><G10/><T66/><D66/><U26/><E26/><V113/><F132/><W64/><REACH who="3" step="1"/><G101/><REACH who="3" ten="225,230,260,275" step="2"/><T72/><D119/><U60/><E102/><V112/><F112/><W17/><G17/><T0/><D0/><U84/><E103/><V34/><REACH who="2" step="1"/><F113/><REACH who="2" ten="225,230,250,275" step="2"/><W105/><G105/><T83/><D72/><U82/><E73/><V110/><F110/><W22/><G22/><T96/><REACH who="0" step="1"/><D100/><REACH who="0" ten="215,230,250,275" step="2"/><U4/><E3/><V90/><F90/><W45/><G45/><T126/><D126/><U94/><E79/><V46/><F46/><W14/><G14/><T43/><D43/><U40/><E40/><V50/><AGARI ba="0,3" hai="2,7,11,15,16,20,27,29,34,50,52,58,76,77" machi="50" ten="20,18000,2" yaku="1,1,0,1,7,1,24,2,54,2,53,0" doraHai="78" doraHaiUra="91" who="2" fromWho="2" sc="215,-60,230,-60,250,210,275,-60" /><INIT seed="2,1,0,5,5,33" ten="155,170,460,215" oya="2" hai0="51,90,106,6,12,18,79,27,99,24,123,132,3" hai1="92,89,129,122,74,5,58,101,57,78,128,109,86" hai2="124,134,25,13,32,11,107,81,7,63,133,2,112" hai3="14,1,30,72,22,40,102,64,48,114,70,82,127"/><V62/><F112/><W43/><G114/><T44/><D123/><U94/><E58/><V135/><F107/><W23/><G102/><T116/><D79/><U108/><E57/><V38/><F38/><W29/><G127/><T103/><D132/><U47/><E47/><V54/><F124/><W98/><G98/><T121/><D121/><U10/><E10/><V28/><F54/><W46/><G43/><T59/><D59/><U39/><E5/><V119/><F119/><W8/><G30/><T61/><D61/><U34/><E34/><V125/><F125/><W41/><G41/><T21/><D90/><U111/><E39/><V120/><F120/><W126/><G126/><T130/><D116/><U97/><E122/><V17/><REACH who="2" step="1"/><F81/><AGARI ba="1,0" hai="74,78,81,86,89,92,94,97,101,108,109,111,128,129" machi="81" ten="50,8000,1" yaku="14,1,34,3" doraHai="33" who="1" fromWho="2" sc="155,0,170,83,460,-83,215,0" /><INIT seed="3,0,0,0,1,14" ten="155,253,377,215" oya="3" hai0="1,12,82,107,122,74,23,86,88,99,46,129,128" hai1="66,16,34,33,29,131,108,20,22,8,125,45,83" hai2="47,26,112,72,70,38,55,102,4,36,106,41,62" hai3="65,77,120,17,76,0,68,13,116,25,15,50,78"/><W9/><G120/><T121/><D1/><U117/><E108/><V59/><F112/><W133/><G116/><T81/><D46/><U67/><E117/><V35/><F72/><W123/><G123/><T111/><D111/><U105/><E105/><V127/><F127/><W93/><G133/><T85/><D12/><N who="1" m="7175" /><E125/><V69/><F38/><W100/><G0/><T64/><D64/><U43/><E131/><N who="0" m="50249" /><D74/><U42/><E33/><V118/><F118/><W110/><G110/><T97/><D23/><N who="1" m="8747" /><E34/><V114/><F102/><W39/><G39/><T75/><D75/><U5/><E5/><V96/><F96/><N who="0" m="36938" /><D107/><U28/><E83/><V103/><F103/><W119/><G119/><T40/><D40/><N who="1" m="15403" /><E45/><V73/><F106/><W44/><G68/><T101/><D101/><U134/><E134/><V18/><F73/><W80/><G80/><T92/><D81/><U57/><E67/><V98/><F98/><W24/><G65/><T135/><D135/><U48/><E66/><V90/><F70/><W37/><G37/><T115/><D115/><U51/><E57/><V31/><F69/><W132/><G132/><T54/><D54/><U30/><AGARI ba="0,0" hai="28,29,30,48,51" m="15403,8747,7175" machi="30" ten="30,4000,0" yaku="8,1,52,1,54,1" doraHai="14" who="1" fromWho="1" sc="155,-10,253,40,377,-10,215,-20" owari="145,-35.0,293,9.0,367,46.0,195,-20.0" /></mjloggm>