<mjloggm ver="2.3"><GO type="41" lobby="0"/><UN n0="%E5%AE%8C%E5%85%A8%E7%84%A1%E6%95%B5%E5%B0%91%E5%A5%B3%45%58" n1="%E2%98%85%E3%81%BE%E3%82%8A%E3%81%A3%E3%81%BA%E2%98%85" n2="%E3%83%A2%E3%83%A2%E3%83%8E%E3%82%AD%E3%82%B8%E3%83%A3%E3%82%A4%E3%83%AD" n3="%E3%82%A6%E3%83%AB%E3%83%88%E3%83%A9%E7%AB%8B%E7%9B%B4" dan="15,15,13,16" rate="2023.24,1992.95,1854.78,2052.71" sx="M,M,M,M"/><TAIKYOKU oya="0"/><INIT seed="0,0,0,5,1,66" ten="250,250,250,250" oya="0" hai0="81,115,42,124,3,112,102,91,34,57,33,39,51" hai1="100,72,129,92,86,38,15,116,98,95,60,134,90" hai2="125,50,49,68,21,2,76,31,61,29,78,26,103" hai3="69,65,54,84,28,67,5,73,82,94,109,104,11"/><T44/><D3/><U83/><E38/><V131/><F2/><W74/><G104/><T23/><D124/><U18/><E116/><V13/><F125/><W45/><G67/><T41/><D102/><U35/><E35/><V70/><F13/><W55/><G55/><T12/><D34/><U114/><E60/><V77/><F103/><W101/><G73/><T97/><D33/><U25/><E25/><V123/><F123/><W58/><G28/><T20/><D20/><U24/><E24/><BYE who="1" /><V1/><F1/><W120/><G74/><T99/><D99/><U80/><E80/><V87/><F87/><W36/><G120/><T9/><D23/><U37/><E37/><V132/><F31/><UN n1="%E2%98%85%E3%81%BE%E3%82%8A%E3%81%A3%E3%81%BA%E2%98%85" /><W8/><G8/><T105/><D105/><U52/><E129/><V85/><F85/><W88/><G109/><T30/><D30/><U19/><E134/><V14/><F131/><W128/><G128/><T122/><D122/><U0/><E0/><V53/><F14/><W56/><G11/><T63/><D81/><U10/><E114/><V111/><F111/><W130/><G5/><N who="0" m="3119" /><D39/><U46/><E72/><V135/><F61/><W4/><G4/><T119/><D119/><U110/><E110/><V89/><F89/><W108/><G108/><T6/><D6/><N who="1" m="3543" /><E83/><V106/><F106/><W79/><G130/><T40/><D115/><U75/><E75/><V47/><REACH who="2" step="1"/><F49/><AGARI ba="0,0" hai="18,19,46,49,52,86,90,92,95,98,100" m="3543" machi="49" ten="30,2000,0" yaku="8,1,54,1" doraHai="66" who="1" fromWho="2" sc="250,0,250,20,250,-20,250,0" /><INIT seed="1,0,0,1,0,90" ten="250,270,230,250" oya="1" hai0="105,68,112,101,123,18,61,135,116,14,86,106,42" hai1="84,53,4,23,89,113,50,72,0,48,5,85,127" hai2="21,108,79,126,120,103,129,88,45,1,12,34,104" hai3="10,93,39,83,114,80,96,109,66,60,102,28,132"/><U25/><E72/><V91/><F1/><W131/><G114/><T117/><D112/><U29/><E113/><V46/><F34/><W73/><G131/><T9/><D42/><U82/><E127/><V49/><F120/><W87/><G132/><T99/><D135/><U59/><E0/><V130/><F126/><W122/><G122/><T31/><D31/><U119/><E119/><V47/><F108/><W78/><G109/><T64/><D123/><U30/><E29/><V8/><F79/><W92/><G39/><T19/><D106/><U118/><E118/><V43/><F21/><W133/><G133/><T16/><REACH who="0" step="1"/><D86/><REACH who="0" ten="240,270,230,250" step="2"/><U111/><E111/><V20/><F104/><W121/><G121/><T6/><AGARI ba="0,1" hai="6,9,14,16,18,19,61,64,68,99,101,105,116,117" machi="6" ten="30,7900,0" yaku="1,1,2,1,0,1,54,1,53,0" doraHai="90" doraHaiUra="38" who="0" fromWho="0" sc="240,89,270,-39,230,-20,250,-20" /><INIT seed="2,0,0,1,4,48" ten="329,231,210,230" oya="2" hai0="68,79,82,31,38,95,88,8,66,19,114,127,81" hai1="7,2,117,83,103,6,30,23,120,56,28,133,85" hai2="112,91,52,16,33,44,41,34,54,135,131,64,21" hai3="43,129,18,42,121,22,102,1,97,5,15,93,87"/><V51/><F112/><W76/><G121/><T47/><D114/><U110/><E117/><V73/><F73/><W80/><G129/><T72/><D127/><U12/><E120/><V92/><F64/><W123/><G123/><T106/><D106/><U100/><E110/><V55/><F131/><W50/><G1/><T115/><D31/><N who="1" m="11819" /><E2/><V69/><F69/><W108/><G108/><T63/><D115/><U134/><E56/><V98/><REACH who="2" step="1"/><F135/><REACH who="2" ten="329,231,200,230" step="2"/><W17/><G5/><T35/><D66/><U24/><E134/><V70/><F70/><W46/><G18/><T105/><D19/><N who="1" m="12415" /><E133/><V27/><AGARI ba="0,1" hai="16,21,27,33,34,41,44,51,52,54,55,91,92,98" machi="27" ten="30,18000,2" yaku="1,1,0,1,52,3,54,2,53,0" doraHai="48" doraHaiUra="57" who="2" fromWho="2" sc="329,-60,231,-60,200,190,230,-60" /><INIT seed="2,1,0,0,2,42" ten="269,171,390,170" oya="2" hai0="121,107,29,113,10,106,62,135,79,22,85,41,110" hai1="60,78,28,59,129,122,96,90,91,109,101,134,20" hai2="31,93,108,0,69,98,70,71,49,111,13,75,81" hai3="25,123,45,127,30,21,87,17,19,88,54,99,112"/><V117/><F0/><W53/><G123/><T89/><D121/><U120/><E109/><N who="2" m="42059" /><F117/><W114/><G127/><T9/><D110/><U50/><E129/><V14/><F31/><W37/><G99/><T48/><D79/><U5/><E134/><V74/><F49/><W97/><G97/><T118/><D113/><U39/><E39/><V128/><F128/><W3/><G3/><T83/><D135/><U11/><E78/><N who="2" m="44247" /><F75/><W4/><G4/><T57/><D118/><U84/><E50/><V65/><F65/><W40/><G53/><N who="0" m="34095" /><D107/><U1/><E28/><V76/><F76/><W66/><G54/><T105/><D105/><U44/><E1/><V16/><F16/><W104/><G66/><T92/><D106/><U125/><E122/><V80/><F80/><W38/><G104/><T124/><D83/><U15/><E120/><V32/><F32/><W132/><G132/><T103/><D103/><AGARI ba="1,0" hai="13,14,69,70,71,93,98,103" m="44247,42059" machi="103" ten="40,3900,0" yaku="14,1,10,1" doraHai="42" who="2" fromWho="0" sc="269,-42,171,0,390,42,170,0" /><INIT seed="2,2,0,2,3,91" ten="227,171,432,170" oya="2" hai0="111,56,34,30,107,71,55,89,102,46,66,82,41" hai1="21,3,59,85,18,17,29,58,62,121,40,119,75" hai2="135,16,54,48,61,96,77,19,132,72,90,45,22" hai3="12,26,100,103,25,43,78,101,11,130,80,129,126"/><V104/><F72/><W9/><G43/><T88/><D111/><U115/><E75/><V37/><F77/><W74/><G126/><T123/><D123/><U84/><E115/><V69/><F37/><W76/><G76/><T47/><D47/><U133/><E119/><V50/><F22/><W35/><G35/><T108/><D108/><U39/><E3/><V0/><F0/><W42/><G42/><T73/><D66/><U113/><E113/><V120/><F120/><W67/><G67/><T99/><D71/><U57/><E121/><V92/><F104/><W1/><G1/><T105/><D105/><U128/><E128/><V5/><F5/><W68/><G68/><T60/><D73/><U2/><E2/><V64/><BYE who="1" /><REACH who="2" step="1"/><F50/><REACH who="2" ten="227,171,422,170" step="2"/><W112/><G112/><T4/><D4/><U131/><E131/><N who="3" m="50186" /><G9/><T49/><D49/><U93/><E93/><V33/><F33/><W13/><G11/><UN n1="%E2%98%85%E3%81%BE%E3%82%8A%E3%81%A3%E3%81%BA%E2%98%85" /><T127/><D34/><U38/><E38/><V65/><F65/><W109/><G109/><T6/><D107/><U97/><E39/><V36/><F36/><W114/><G114/><T118/><D6/><U86/><E21/><V87/><F87/><W31/><G74/><T10/><D118/><U125/><E85/><V15/><F15/><W122/><G13/><T63/><D10/><U7/><E86/><V134/><AGARI ba="2,1" hai="16,19,45,48,54,61,64,69,90,92,96,132,134,135" machi="134" ten="30,12000,1" yaku="1,1,0,1,20,1,52,1,54,1,53,0" doraHai="91" doraHaiUra="106" who="2" fromWho="2" sc="227,-42,171,-42,422,136,170,-42" /><INIT seed="2,3,0,0,5,78" ten="185,129,558,128" oya="2" hai0="29,91,38,97,118,39,66,110,45,105,4,124,130" hai1="113,0,89,40,58,50,98,42,22,90,115,6,81" hai2="117,11,114,107,47,88,104,21,54,99,108,5,1" hai3="10,19,102,133,72,96,62,121,74,16,84,94,59"/><V12/><F114/><W132/><G121/><T37/><D110/><U95/><E22/><V112/><F117/><W119/><G119/><T18/><D118/><U109/><E109/><V30/><F112/><W129/><G129/><T23/><D4/><U26/><E26/><V49/><F108/><W31/><G31/><T77/><D130/><U125/><E125/><V14/><F1/><W24/><G74/><T51/><D29/><U76/><E115/><V106/><F107/><W28/><G72/><T35/><D35/><U123/><E113/><V13/><F13/><W92/><G92/><T60/><D77/><U87/><E123/><V65/><F65/><W33/><G84/><T135/><D124/><U68/><E68/><V27/><REACH who="2" step="1"/><F14/><REACH who="2" ten="185,129,548,128" step="2"/><W82/><G132/><T52/><D135/><U79/><E0/><V17/><F17/><W43/><G133/><T20/><D105/><U55/><E6/><V67/><F67/><W32/><G19/><T34/><D18/><U2/><E2/><V64/><F64/><W69/><G16/><T56/><D34/><U53/><E53/><V15/><F15/><W71/><G33/><T103/><D66/><U120/><E120/><V36/><F36/><W9/><G71/><T57/><D39/><U122/><E122/><V111/><F111/><W63/><G69/><T25/><D38/><U48/><E48/><V83/><BYE who="1" /><F83/><W116/><G116/><T70/><D51/><U85/><E85/><V61/><F61/><UN n1="%E2%98%85%E3%81%BE%E3%82%8A%E3%81%A3%E3%81%BA%E2%98%85" /><W86/><G62/><T75/><D60/><U101/><E50/><V41/><F41/><W46/><G43/><RYUUKYOKU ba="3,1" sc="185,-10,129,-10,548,30,128,-10" hai2="5,11,12,21,27,30,47,49,54,88,99,104,106" /><INIT seed="2,4,1,3,2,69" ten="175,119,578,118" oya="2" hai0="9,50,118,20,120,133,43,41,98,89,123,97,127" hai1="102,66,90,106,130,26,80,96,95,33,85,71,27" hai2="53,40,65,17,60,129,113,10,51,124,36,2,104" hai3="4,37,54,55,15,115,42,109,125,131,0,91,44"/><V64/><F113/><W34/><G115/><T63/><D133/><U5/><E130/><V75/><F104/><W119/><G119/><T16/><D118/><U28/><E5/><V100/><F75/><W31/><G131/><T38/><D127/><U18/><E26/><V128/><F100/><W126/><G109/><T112/><D112/><U58/><E18/><V74/><F65/><W134/><G134/><T117/><D117/><U68/><E66/><V107/><F74/><W84/><G0/><T11/><D38/><U12/><E12/><N who="2" m="7319" /><F2/><W73/><G73/><T111/><D111/><U103/><E58/><N who="2" m="33087" /><F107/><W22/><G34/><T13/><D123/><U77/><REACH who="1" step="1"/><E103/><REACH who="1" ten="175,109,578,118" step="2"/><V82/><F124/><W135/><G125/><T6/><D120/><U79/><E79/><V62/><F64/><W93/><G126/><T35/><D6/><U23/><E23/><V52/><F128/><W3/><G135/><T61/><D20/><U70/><E70/><V59/><F129/><W88/><G3/><T105/><D13/><U110/><E110/><V57/><F62/><W76/><G76/><T87/><D61/><U99/><AGARI ba="4,2" hai="27,28,33,68,71,77,80,85,90,95,96,99,102,106" machi="99" ten="20,2700,0" yaku="1,1,0,1,7,1,53,0" doraHai="69" doraHaiUra="14" who="1" fromWho="1" sc="175,-11,109,59,578,-17,118,-11" /><INIT seed="3,0,0,5,1,52" ten="164,168,561,107" oya="3" hai0="104,43,88,114,55,90,106,98,42,124,91,102,36" hai1="63,74,118,59,30,9,112,28,96,92,130,80,108" hai2="4,119,61,72,48,29,13,56,33,82,122,21,24" hai3="87,65,85,76,58,54,81,15,62,113,26,37,22"/><W94/><G37/><T75/><D124/><U0/><E112/><V47/><F119/><W2/><G2/><T67/><D114/><U79/><E118/><V100/><F100/><W18/><G113/><T64/><D75/><U117/><E117/><V131/><F131/><W60/><G94/><T95/><D36/><U31/><E130/><V126/><F126/><W8/><G87/><T3/><D3/><U16/><E108/><V97/><F97/><W101/><G101/><T84/><D84/><U7/><E16/><V71/><F71/><W70/><G70/><T40/><REACH who="0" step="1"/><D55/><REACH who="0" ten="154,168,561,107" step="2"/><U46/><E74/><V133/><F72/><W1/><G1/><T69/><D69/><U77/><E0/><V109/><F109/><W34/><G34/><T110/><D110/><U123/><E123/><V68/><F33/><W128/><G128/><T99/><D99/><U51/><E96/><V32/><F68/><W39/><G39/><T66/><AGARI ba="0,1" hai="40,42,43,64,66,67,88,90,91,95,98,102,104,106" machi="66" ten="40,8000,1" yaku="1,1,0,1,29,2,54,1,53,0" doraHai="52" doraHaiUra="12" who="0" fromWho="0" sc="154,90,168,-20,561,-20,107,-40" /><INIT seed="4,0,0,4,3,63" ten="244,148,541,67" oya="0" hai0="77,86,102,79,2,129,123,31,3,29,11,117,25" hai1="121,128,82,58,118,71,44,7,85,62,61,70,51" hai2="45,65,32,127,73,83,35,8,125,80,76,113,90" hai3="38,105,12,81,56,107,96,15,115,95,36,4,28"/><T126/><D117/><U42/><E118/><V69/><F113/><W20/><G115/><T64/><D123/><U39/><E121/><V16/><F45/><W46/><G105/><T23/><D102/><U124/><E128/><V34/><F90/><W110/><G107/><T91/><D129/><U24/><E124/><N who="2" m="47691" /><F83/><W33/><G110/><T106/><D106/><U119/><E119/><V48/><F48/><W130/><G33/><T74/><D126/><U120/><E120/><V59/><F59/><W109/><G109/><T99/><D99/><U97/><E7/><V10/><F16/><W53/><G38/><T14/><D29/><U75/><E75/><V116/><F116/><W78/><G130/><T92/><D74/><U52/><E97/><V103/><F103/><W68/><G68/><T9/><D3/><U67/><E24/><V134/><F134/><W5/><G46/><T101/><D2/><U6/><E6/><V98/><F98/><W135/><G36/><T47/><D101/><U84/><E82/><V21/><F21/><W19/><G135/><T66/><D47/><U43/><E43/><V87/><F73/><W93/><G28/><T40/><D40/><U104/><E104/><V94/><F94/><W50/><G12/><T88/><D91/><U122/><E122/><V55/><F55/><W60/><G50/><T17/><D11/><U112/><E112/><V54/><F54/><W1/><G1/><T27/><D27/><U30/><E30/><V22/><F22/><W108/><G108/><T0/><D0/><U111/><E111/><V132/><F132/><RYUUKYOKU ba="0,0" sc="244,10,148,10,541,10,67,-30" hai0="9,14,17,23,25,31,64,66,77,79,86,88,92" hai1="39,42,44,51,52,58,61,62,67,70,71,84,85" hai2="8,10,32,34,35,65,69,76,80,87" /><INIT seed="4,1,0,2,2,84" ten="254,158,551,37" oya="0" hai0="135,78,119,65,6,66,4,80,32,15,113,28,96" hai1="48,12,18,27,122,68,67,23,40,77,91,5,83" hai2="120,20,89,99,93,60,59,44,95,88,42,82,73" hai3="10,61,127,69,13,112,76,114,116,36,129,75,33"/><T107/><D119/><U64/><E122/><V90/><F120/><W74/><G76/><T108/><D113/><U57/><E68/><V94/><F73/><W123/><G61/><T14/><D135/><U1/><E1/><V132/><F132/><W63/><G75/><T125/><D125/><U133/><E133/><V29/><F29/><W109/><G63/><T45/><D108/><U3/><E3/><V102/><F20/><W117/><G13/><T126/><D126/><U130/><E130/><V46/><F82/><W52/><G52/><T55/><D28/><U72/><E91/><V47/><F42/><W70/><G10/><T111/><D32/><U24/><E5/><V38/><F38/><W101/><G101/><T115/><D115/><U11/><E27/><V2/><F2/><W53/><G53/><AGARI ba="1,0" hai="44,46,47,53,59,60,88,89,90,93,94,95,99,102" machi="53" ten="40,8000,1" yaku="8,1,52,3,54,1" doraHai="84" who="2" fromWho="3" sc="254,0,158,0,551,83,37,-83" owari="254,5.0,158,-24.0,634,74.0,-46,-55.0" /></mjloggm>