<mjloggm ver="2.3"><GO type="97" lobby="0"/><UN n0="%E3%82%A6%E3%83%AB%E3%83%88%E3%83%A9%E7%AB%8B%E7%9B%B4" n1="%61%76%72%69%76%61%61%76" n2="%6B%69%6E%6E%74%79%6F%75" n3="%EF%BC%A0%E5%AF%92%E5%A4%A9" dan="15,14,14,13" rate="2035.92,1911.23,1896.41,1838.74" sx="M,F,M,M"/><TAIKYOKU oya="0"/><INIT seed="0,0,0,5,0,1" ten="250,250,250,250" oya="0" hai0="64,55,92,31,71,5,111,108,52,126,93,98,95" hai1="80,77,117,37,104,39,105,83,68,79,57,25,21" hai2="121,87,109,49,42,2,18,125,113,33,7,94,62" hai3="124,46,63,73,86,106,130,100,32,91,78,131,110"/><T10/><D31/><U4/><E117/><V34/><F121/><W8/><G32/><T116/><D116/><U50/><E68/><V84/><F18/><W88/><G110/><N who="0" m="42027" /><D126/><U67/><E104/><V48/><F113/><W75/><G63/><N who="0" m="40351" /><D98/><U35/><E105/><V30/><F30/><W12/><G46/><T13/><AGARI ba="0,0" hai="5,10,13,52,55,92,93,95" m="40351,42027" machi="13" ten="30,11700,0" yaku="14,1,10,1,52,1,54,1" doraHai="1" who="0" fromWho="0" sc="250,117,250,-39,250,-39,250,-39" /><INIT seed="0,1,0,2,0,85" ten="367,211,211,211" oya="0" hai0="119,100,11,32,60,28,16,120,78,59,61,63,110" hai1="20,109,47,102,104,112,124,129,48,13,71,26,117" hai2="86,107,55,19,38,2,43,17,121,46,133,108,42" hai3="131,97,79,115,41,91,101,21,54,73,72,126,127"/><T67/><D120/><U49/><E117/><V116/><F121/><W12/><G41/><T53/><D119/><U56/><E71/><V39/><F2/><W52/><G115/><T92/><D28/><U74/><E74/><N who="3" m="28778" /><G79/><T118/><D32/><U1/><E1/><V37/><F107/><W128/><G21/><T18/><D78/><U6/><E112/><V98/><F133/><W111/><G12/><T134/><D134/><U69/><E69/><V15/><F98/><W82/><G111/><T34/><D34/><U66/><E109/><V125/><F125/><N who="3" m="47627" /><G101/><T10/><D118/><U90/><E124/><V76/><F116/><W84/><G97/><N who="0" m="59431" /><D110/><U81/><E129/><AGARI ba="1,0" hai="52,54,82,84,91,128,129,131" m="47627,28778" machi="129" ten="40,8000,1" yaku="19,1,18,1,52,1,54,1" doraHai="85" who="3" fromWho="1" sc="367,0,211,-83,211,0,211,83" /><INIT seed="1,0,0,4,4,93" ten="367,128,211,294" oya="1" hai0="47,117,65,130,90,95,68,44,58,52,18,89,71" hai1="25,124,122,48,39,54,131,34,109,4,2,26,41" hai2="31,133,114,72,38,134,13,125,55,11,53,3,66" hai3="123,83,5,82,32,49,0,91,35,57,67,28,103"/><U40/><E122/><V23/><F72/><W56/><G123/><T126/><D68/><U51/><E39/><V36/><F3/><W37/><G37/><T112/><D112/><U6/><E2/><V10/><F114/><W22/><G103/><T94/><D65/><U69/><E69/><V8/><F66/><W111/><G111/><T70/><D126/><U118/><E118/><V63/><F125/><W33/><G0/><T135/><D135/><N who="2" m="51722" /><F38/><W87/><G5/><N who="1" m="2154" /><E34/><V1/><F36/><W105/><G105/><T61/><D71/><U129/><E124/><V29/><F63/><W99/><G56/><T76/><D70/><U116/><E116/><V101/><F101/><W75/><G75/><T132/><D132/><U17/><E17/><N who="2" m="10671" /><F1/><W77/><G35/><T20/><D117/><U12/><E12/><V86/><F86/><W27/><G33/><T46/><D18/><U119/><E119/><V88/><F88/><W108/><G32/><T45/><D90/><U42/><E109/><V73/><F73/><W104/><G108/><T102/><D89/><U14/><E14/><V100/><F100/><W24/><G91/><T127/><D102/><U16/><E54/><AGARI ba="0,0" hai="8,10,11,29,31,53,54,55" m="10671,51722" machi="54" ten="30,1000,0" yaku="20,1" doraHai="93" who="2" fromWho="1" sc="367,0,128,-10,211,10,294,0" /><INIT seed="2,0,0,2,5,102" ten="367,118,221,294" oya="2" hai0="114,24,27,98,63,42,57,92,129,84,29,105,115" hai1="37,18,110,74,21,97,118,80,41,39,87,33,58" hai2="89,36,48,124,0,116,46,49,2,55,133,96,95" hai3="78,94,113,47,5,31,101,34,91,132,32,108,111"/><V71/><F116/><W50/><G78/><T66/><D105/><U38/><E118/><V127/><F71/><W30/><G113/><T103/><D129/><U83/><E33/><V20/><F36/><W104/><G5/><T68/><D68/><U99/><E41/><V61/><F61/><W45/><G132/><T3/><D3/><U73/><E58/><V70/><F70/><W65/><G65/><T75/><D75/><U123/><E123/><V62/><F62/><W11/><G11/><T60/><D60/><U56/><E56/><V54/><F133/><W28/><G101/><T90/><D42/><U22/><E110/><N who="3" m="42026" /><G104/><T100/><D27/><U17/><E39/><V93/><F20/><W134/><G134/><T14/><D14/><U35/><E35/><N who="3" m="13354" /><G50/><T107/><D103/><U51/><E51/><V112/><F112/><W109/><N who="3" m="42034" /><W117/><DORA hai="19" /><G117/><T23/><AGARI ba="0,0" hai="23,24,29,57,63,66,84,90,92,98,100,107,114,115" machi="23" ten="20,5200,0" yaku="0,1,7,1,52,2" doraHai="102,19" who="0" fromWho="0" sc="367,52,118,-13,221,-26,294,-13" /><INIT seed="3,0,0,3,2,114" ten="419,105,195,281" oya="3" hai0="88,46,57,10,4,18,50,61,74,40,113,86,133" hai1="134,69,14,105,15,39,125,63,126,25,13,36,98" hai2="91,56,128,54,95,104,87,49,53,0,92,71,48" hai3="26,135,83,77,35,132,117,67,30,65,109,11,82"/><W29/><G117/><T55/><D74/><U20/><E134/><N who="3" m="51242" /><G109/><T85/><D133/><U22/><E105/><V62/><F104/><W93/><G30/><T108/><D108/><U27/><E98/><V42/><F0/><W7/><G93/><N who="0" m="54415" /><D113/><U79/><E79/><V31/><F128/><W24/><G26/><N who="1" m="9738" /><E63/><V107/><F107/><W19/><G19/><T111/><D111/><U1/><E69/><V131/><F131/><W89/><G89/><T110/><D110/><U123/><E123/><V80/><F31/><W124/><G124/><N who="1" m="47722" /><E1/><V60/><F71/><W12/><G82/><T84/><D4/><U70/><E70/><V28/><F28/><W17/><G7/><T129/><D129/><U8/><E8/><V116/><F42/><W119/><G119/><T96/><D96/><U37/><AGARI ba="0,0" hai="13,14,15,20,22,36,37,39" m="47722,9738" machi="37" ten="40,5200,0" yaku="28,2,18,1" doraHai="114" who="1" fromWho="1" sc="419,-13,105,52,195,-13,281,-26" owari="406,50.0,157,-34.0,182,-22.0,255,6.0" /></mjloggm>