<mjloggm ver="2.3"><GO type="97" lobby="0"/><UN n0="%E3%82%A6%E3%83%AB%E3%83%88%E3%83%A9%E7%AB%8B%E7%9B%B4" n1="%30%36%32%38%6E%61%6F" n2="%E3%81%8B%E3%83%BC%E3%82%82%E3%81%AD%EF%BC%81%E3%83%8F%E3%82%A4%EF%BC%81" n3="%62%72%6F%6E%74" dan="15,14,15,16" rate="1976.06,1990.25,1981.54,2020.70" sx="M,M,F,M"/><TAIKYOKU oya="0"/><INIT seed="0,0,0,0,2,101" ten="250,250,250,250" oya="0" hai0="69,70,12,132,104,92,102,31,106,25,53,57,112" hai1="78,36,117,114,11,77,8,122,127,54,126,6,88" hai2="94,124,17,74,76,134,91,26,128,75,45,108,58" hai3="14,32,65,61,16,48,0,120,96,135,13,39,49"/><T43/><D112/><U38/><E122/><V133/><F124/><N who="1" m="47657" /><E117/><V98/><F128/><W111/><G0/><T116/><D116/><U86/><E114/><V118/><F118/><W79/><G39/><N who="1" m="14890" /><E54/><V7/><F108/><W131/><G111/><T52/><D43/><U1/><E11/><V40/><F7/><W67/><G131/><T28/><D102/><U81/><AGARI ba="0,0" hai="1,6,8,77,78,81,86,88" m="14890,47657" machi="81" ten="30,2000,0" yaku="18,1,54,1" doraHai="101" who="1" fromWho="1" sc="250,-10,250,20,250,-5,250,-5" /><INIT seed="1,0,0,1,0,16" ten="240,270,245,245" oya="1" hai0="121,73,17,124,135,75,79,94,130,67,89,84,47" hai1="70,29,127,3,83,72,122,18,62,51,31,4,49" hai2="101,82,57,19,108,109,58,123,27,43,21,86,20" hai3="117,5,107,25,119,33,81,113,0,55,59,54,102"/><U129/><E122/><V2/><F2/><W11/><G113/><T53/><D124/><U37/><E37/><V80/><F123/><W12/><G81/><T60/><D130/><U7/><E129/><V46/><F101/><W134/><G134/><T40/><D135/><U98/><E127/><V111/><F82/><W90/><G90/><T9/><D121/><U68/><E98/><V41/><F41/><W65/><G0/><T76/><D53/><U103/><E103/><V42/><F42/><W128/><G128/><T120/><D120/><U116/><E83/><V125/><F125/><W30/><G65/><T114/><D114/><U1/><E18/><N who="2" m="12695" /><F46/><W69/><G69/><T48/><D75/><U10/><E62/><V95/><F95/><W133/><G133/><T35/><D35/><U23/><E23/><V110/><F43/><W93/><G107/><T15/><REACH who="0" step="1"/><D73/><REACH who="0" ten="230,270,245,245" step="2"/><U77/><E72/><V38/><F111/><W13/><G55/><T105/><D105/><U24/><E116/><V28/><F28/><W44/><G119/><T99/><D99/><U26/><REACH who="1" step="1"/><E10/><REACH who="1" ten="230,260,245,245" step="2"/><V118/><F118/><W85/><G11/><T74/><D74/><U91/><E91/><V32/><F32/><W78/><G33/><T63/><D63/><U36/><E36/><V56/><F38/><W45/><G117/><T34/><D34/><U14/><E14/><N who="2" m="9463" /><F109/><W92/><G12/><T115/><D115/><U100/><E100/><V50/><F50/><W8/><G13/><T52/><D52/><U97/><E97/><V131/><F131/><W132/><G102/><T71/><AGARI ba="0,2" hai="9,15,17,40,47,48,60,67,71,76,79,84,89,94" machi="71" ten="20,8000,1" yaku="1,1,5,1,0,1,7,1,53,1" doraHai="16" doraHaiUra="61" who="0" fromWho="0" sc="230,100,260,-40,245,-20,245,-20" /><INIT seed="2,0,0,2,0,42" ten="330,220,225,225" oya="2" hai0="99,40,110,33,117,78,76,126,48,89,116,16,102" hai1="11,47,1,118,67,87,12,112,75,44,66,54,92" hai2="49,43,21,106,83,124,127,17,101,3,22,8,7" hai3="30,58,134,55,60,32,41,133,114,128,74,100,113"/><V5/><F106/><W73/><G128/><T105/><D33/><U130/><E118/><N who="0" m="45673" /><D110/><U132/><E1/><V37/><F37/><W34/><G100/><T119/><D119/><U104/><E112/><N who="3" m="43114" /><G41/><T97/><D126/><N who="2" m="48170" /><F101/><W129/><G129/><T64/><D64/><U56/><E104/><V88/><F7/><W109/><G109/><T20/><D89/><N who="1" m="53311" /><E75/><N who="3" m="28682" /><G30/><T46/><D99/><U45/><E132/><AGARI ba="0,0" hai="32,34,55,58,60,132,133,134" m="28682,43114" machi="132" ten="40,2600,0" yaku="20,1,11,1" doraHai="42" who="3" fromWho="1" sc="330,0,220,-26,225,0,225,26" /><INIT seed="3,0,0,2,1,126" ten="330,194,225,251" oya="3" hai0="2,85,110,84,81,99,4,58,124,34,61,106,131" hai1="77,56,132,59,18,63,45,60,102,123,135,79,74" hai2="9,97,49,115,89,27,23,108,40,91,103,122,35" hai3="5,47,101,82,39,20,118,116,13,22,1,65,69"/><W76/><G1/><T15/><D110/><U28/><E123/><V14/><F115/><W51/><G39/><T7/><D124/><U83/><E28/><V42/><F108/><W43/><G101/><T32/><D32/><U133/><E102/><V95/><F122/><W129/><G69/><T12/><D34/><U70/><E70/><V80/><F35/><W53/><G65/><T25/><D25/><U26/><E45/><N who="2" m="25767" /><F80/><W113/><G113/><T62/><D99/><U19/><E26/><V29/><F42/><W78/><G43/><T67/><D81/><U54/><REACH who="1" step="1"/><E79/><REACH who="1" ten="330,184,225,251" step="2"/><V87/><F103/><W119/><G78/><T88/><D58/><U36/><E36/><V114/><F114/><W104/><G119/><T128/><D106/><U98/><E98/><V6/><F91/><W0/><G104/><T66/><D88/><U46/><E46/><V134/><F134/><W75/><G118/><T120/><D120/><U55/><AGARI ba="0,1" hai="18,19,54,55,56,59,60,63,74,77,83,132,133,135" machi="55" ten="30,7900,0" yaku="1,1,0,1,9,1,20,1,53,0" doraHai="126" doraHaiUra="3" who="1" fromWho="1" sc="330,-20,184,89,225,-20,251,-39" owari="310,41.0,273,7.0,205,-29.0,212,-19.0" /></mjloggm>