<mjloggm ver="2.3"><GO type="97" lobby="0"/><UN n0="%6E%6D%37%66%61%74%65" n1="%E7%94%9F%E3%81%8D%E3%82%8B%E3%81%AE%E7%96%B2%E3%82%8C%E3%81%9F" n2="%E3%81%93%E3%81%9A%E3%81%83%E3%82%8D%E3%83%BC" n3="%E3%82%A6%E3%83%AB%E3%83%88%E3%83%A9%E7%AB%8B%E7%9B%B4" dan="14,13,13,15" rate="1980.59,2058.50,1927.59,2014.65" sx="M,M,M,M"/><TAIKYOKU oya="0"/><INIT seed="0,0,0,1,2,126" ten="250,250,250,250" oya="0" hai0="120,13,54,58,79,83,2,129,7,100,77,19,14" hai1="116,113,10,27,30,97,39,111,8,125,112,127,38" hai2="42,107,118,102,90,15,62,76,34,28,12,123,40" hai3="53,50,124,1,89,72,4,11,32,26,132,94,0"/><T69/><D120/><U29/><E97/><V20/><F123/><W96/><G72/><T22/><D69/><U122/><E122/><V134/><F34/><W46/><G124/><N who="1" m="47690" /><E116/><V36/><F118/><W131/><G132/><T21/><D100/><U80/><E80/><V48/><F134/><W51/><G1/><T65/><D65/><U35/><E38/><V68/><F36/><W117/><G117/><T78/><D129/><U25/><E39/><V23/><F76/><W75/><G75/><T92/><D92/><U133/><E133/><V74/><F74/><W85/><G32/><T43/><D43/><U47/><E47/><V99/><F42/><W70/><G70/><T98/><D98/><U81/><E81/><V119/><F119/><W61/><G61/><T56/><D83/><U6/><E111/><V135/><F135/><W105/><G51/><T5/><D2/><N who="1" m="87" /><E10/><V33/><F99/><W45/><G45/><T114/><D114/><U95/><E95/><V84/><F107/><W9/><G9/><T101/><D101/><U63/><E63/><V24/><F62/><W86/><G105/><T130/><D130/><U52/><E52/><V93/><F93/><W82/><G131/><T18/><D54/><U103/><E103/><V87/><F40/><W55/><G55/><T110/><REACH who="0" step="1"/><D78/><REACH who="0" ten="240,250,250,250" step="2"/><U104/><E104/><V115/><F102/><N who="3" m="60695" /><G86/><T91/><D91/><U66/><E66/><V71/><F90/><W57/><G82/><T37/><D37/><U60/><E60/><V73/><F84/><W121/><G85/><T109/><AGARI ba="0,1" hai="5,7,13,14,18,19,21,22,56,58,77,79,109,110" machi="109" ten="25,18000,2" yaku="1,1,0,1,22,2,53,2" doraHai="126" doraHaiUra="17" who="0" fromWho="0" sc="240,190,250,-60,250,-60,250,-60" /><INIT seed="0,1,0,3,0,112" ten="430,190,190,190" oya="0" hai0="53,4,42,60,129,54,21,130,93,17,131,30,97" hai1="12,43,69,7,77,80,123,76,89,47,118,126,73" hai2="50,14,110,104,132,78,46,25,90,106,99,23,71" hai3="61,114,58,19,109,57,36,74,67,9,111,88,108"/><T0/><D30/><U98/><E123/><V41/><F110/><W13/><G74/><T16/><D42/><U116/><E69/><V33/><F33/><W35/><G35/><T1/><D17/><U128/><E77/><V38/><F71/><W49/><G36/><T5/><D60/><U59/><E126/><V39/><F132/><W103/><G103/><T119/><D119/><U45/><E59/><V11/><F78/><W55/><G114/><T8/><D4/><U29/><E29/><V32/><F32/><W34/><G34/><T102/><REACH who="0" step="1"/><D1/><REACH who="0" ten="420,190,190,190" step="2"/><U125/><E125/><V15/><F41/><W82/><G111/><T3/><D3/><U28/><E28/><V81/><F39/><W121/><G121/><T64/><D64/><U95/><E128/><V135/><F38/><W94/><G108/><T133/><D133/><U66/><E66/><V18/><F18/><W96/><G109/><T52/><D52/><U83/><E43/><V44/><F135/><W62/><G62/><T37/><D37/><U63/><E63/><V72/><F50/><W26/><G26/><AGARI ba="1,1" hai="0,5,8,16,21,26,53,54,93,97,102,129,130,131" machi="26" ten="40,12000,1" yaku="1,1,19,1,54,1,53,1" doraHai="112" doraHaiUra="91" who="0" fromWho="3" sc="420,133,190,0,190,0,190,-123" /><INIT seed="0,2,0,0,3,43" ten="553,190,190,67" oya="0" hai0="44,25,107,23,60,5,104,9,59,33,80,38,75" hai1="36,70,29,117,6,85,125,110,32,49,16,76,14" hai2="112,77,127,21,105,99,74,113,0,40,18,132,88" hai3="87,67,97,82,134,11,51,102,73,103,39,34,47"/><T109/><D33/><U94/><E36/><V131/><F0/><W53/><G73/><T89/><D109/><U50/><E70/><V20/><F132/><W55/><G39/><T123/><D123/><U128/><E117/><V28/><F127/><W57/><G34/><T12/><D89/><N who="1" m="53551" /><E32/><V17/><F131/><W135/><G67/><T58/><D58/><U42/><E110/><V81/><F40/><W90/><G11/><T93/><D93/><U30/><E125/><V69/><F69/><W26/><G26/><T92/><D92/><U62/><E6/><V133/><F133/><N who="3" m="50699" /><G97/><T31/><D38/><U66/><E76/><V52/><F28/><N who="1" m="10857" /><E128/><V64/><F64/><W35/><G35/><T19/><D44/><N who="1" m="25751" /><E50/><AGARI ba="2,0" hai="47,50,51,53,55,57,82,87,90,102,103" m="50699" machi="50" ten="30,2000,0" yaku="20,1,52,1" doraHai="43" who="3" fromWho="1" sc="553,0,190,-26,190,0,67,26" /><INIT seed="1,0,0,5,1,19" ten="553,164,190,93" oya="1" hai0="12,102,51,116,68,74,58,125,63,124,122,64,55" hai1="45,48,95,28,26,33,86,107,57,69,97,49,91" hai2="10,62,84,123,47,8,66,104,50,112,96,87,71" hai3="11,42,100,78,17,99,77,106,75,25,117,36,31"/><U18/><E69/><V35/><F123/><W133/><G133/><T88/><D74/><U128/><E128/><V118/><F118/><W89/><G78/><T76/><D76/><U114/><E114/><V37/><F37/><W2/><G17/><T9/><D102/><U134/><E134/><V105/><F35/><N who="3" m="20975" /><G89/><T59/><D116/><U14/><E57/><V22/><F112/><W93/><G93/><T0/><D0/><U111/><E111/><V56/><F71/><W24/><G24/><T29/><D29/><U79/><E45/><V132/><F132/><W43/><G43/><T60/><D88/><U83/><REACH who="1" step="1"/><E107/><REACH who="1" ten="553,154,190,93" step="2"/><V23/><F105/><W38/><G117/><T27/><D122/><U7/><E7/><V16/><F104/><W3/><G11/><AGARI ba="0,1" hai="11,14,18,26,28,33,48,49,79,83,86,91,95,97" machi="11" ten="30,5800,0" yaku="1,1,7,1,53,1" doraHai="19" doraHaiUra="92" who="1" fromWho="3" sc="553,0,154,68,190,0,93,-58" /><INIT seed="1,1,0,5,3,84" ten="553,222,190,35" oya="1" hai0="133,40,69,23,76,123,68,54,41,132,51,64,39" hai1="8,88,83,0,22,19,101,89,130,110,72,119,99" hai2="120,104,5,127,112,20,97,48,25,121,33,135,106" hai3="134,109,118,32,43,2,7,13,29,91,35,93,62"/><U60/><E119/><V17/><F127/><W82/><G118/><T100/><D76/><U80/><E130/><V47/><F135/><N who="0" m="51786" /><D100/><U96/><E110/><V108/><F108/><W70/><G109/><T58/><D23/><U78/><E60/><V21/><F33/><W128/><G2/><T46/><D123/><U59/><E59/><V1/><F112/><W65/><G134/><T45/><D64/><U125/><E125/><V95/><F120/><W105/><G128/><T30/><D30/><U15/><E83/><V90/><F121/><W34/><G105/><T52/><D54/><U63/><E63/><AGARI ba="1,0" hai="39,40,41,45,46,51,52,58,63,68,69" m="51786" machi="63" ten="30,7700,0" yaku="20,1,34,2,54,1" doraHai="84" who="0" fromWho="1" sc="553,80,222,-80,190,0,35,0" /><INIT seed="2,0,0,5,3,128" ten="633,142,190,35" oya="2" hai0="130,122,43,55,5,75,114,20,7,68,112,49,67" hai1="17,85,78,23,64,46,113,97,132,88,127,22,115" hai2="119,100,48,121,117,74,56,116,47,77,34,108,65" hai3="86,125,111,126,13,41,8,54,29,71,129,2,10"/><V80/><F121/><W96/><G54/><T123/><D75/><U37/><E64/><V95/><F34/><W61/><G86/><T135/><D135/><U84/><E78/><V11/><F108/><W18/><G96/><T104/><D104/><U93/><E132/><V118/><N who="2" m="30208" /><DORA hai="53" /><V39/><F39/><W30/><G61/><T79/><D79/><U107/><E127/><V110/><F110/><W94/><G94/><T87/><D87/><U42/><E85/><V16/><F100/><W32/><G41/><T124/><D124/><N who="3" m="47721" /><G71/><T63/><D63/><U51/><E37/><V106/><F106/><W9/><G111/><T59/><D59/><U50/><E50/><V52/><F95/><W73/><G73/><T105/><D105/><U44/><E44/><V134/><F134/><W90/><G90/><T1/><D1/><U101/><REACH who="1" step="1"/><E23/><REACH who="1" ten="633,132,190,35" step="2"/><V83/><F65/><W102/><G129/><T57/><D67/><U25/><AGARI ba="0,1" hai="17,22,25,42,46,51,84,88,93,97,101,107,113,115" machi="25" ten="20,12000,2" yaku="1,1,2,1,0,1,7,1,54,1,53,1" doraHai="128,53" doraHaiUra="60,40" who="1" fromWho="1" sc="633,-30,132,130,190,-60,35,-30" /><INIT seed="3,0,0,5,1,25" ten="603,262,130,5" oya="3" hai0="15,68,72,5,105,131,132,28,10,86,12,61,97" hai1="55,31,44,99,13,71,106,63,95,50,103,70,100" hai2="14,29,24,134,79,109,51,58,54,114,35,111,69" hai3="23,84,88,133,128,117,89,104,64,96,45,123,0"/><W7/><G123/><T36/><D36/><U60/><E13/><V8/><F114/><W57/><G117/><T37/><D37/><U21/><E71/><V33/><F134/><W20/><G0/><T43/><D72/><U92/><E70/><V120/><F69/><W18/><G104/><T101/><D43/><U62/><E106/><V34/><F120/><W119/><G119/><T41/><D41/><U65/><E65/><V48/><F79/><W22/><G133/><T112/><D112/><U78/><E78/><V38/><F38/><W122/><G122/><T115/><D132/><U6/><E6/><V27/><F48/><W56/><G7/><T26/><D131/><U107/><E107/><V129/><F129/><W9/><G128/><T93/><D15/><U39/><E39/><V125/><F125/><W42/><G9/><T73/><D73/><U16/><E16/><N who="2" m="8263" /><F24/><W49/><G18/><T81/><D115/><U94/><E100/><V32/><F34/><W1/><G1/><T3/><D3/><U47/><E47/><V102/><F102/><W126/><G126/><T116/><D116/><U76/><E76/><V19/><F33/><W53/><G64/><N who="0" m="40975" /><D93/><U74/><E74/><V85/><F35/><W83/><G42/><T52/><D52/><U11/><E11/><V82/><F19/><W130/><G130/><T127/><D127/><U121/><E121/><V91/><F109/><W113/><G113/><T108/><D108/><U67/><E67/><V77/><F111/><W59/><G45/><T2/><D2/><U87/><E44/><V98/><F77/><RYUUKYOKU ba="0,0" sc="603,-15,262,-15,130,15,5,15" hai2="27,29,32,51,54,58,82,85,91,98" hai3="20,22,23,49,53,56,57,59,83,84,88,89,96" /><INIT seed="3,1,0,1,2,114" ten="588,247,145,20" oya="3" hai0="70,107,111,60,42,17,6,93,29,94,64,106,119" hai1="54,11,23,129,39,98,103,133,0,33,127,77,65" hai2="84,78,105,72,99,79,26,83,34,88,110,27,9" hai3="101,44,21,55,66,35,49,46,48,5,12,132,31"/><W117/><G132/><T8/><D119/><U58/><E33/><V118/><F110/><W67/><G35/><T131/><D29/><U81/><E39/><V4/><F34/><W90/><G117/><T24/><D42/><U135/><E65/><V122/><F118/><W92/><G101/><T102/><D111/><U37/><E37/><V91/><F122/><W76/><G76/><T113/><D113/><U59/><E127/><V71/><F71/><W16/><G5/><T85/><D131/><U86/><E129/><V15/><F72/><W89/><G31/><T32/><D32/><U80/><E80/><V124/><F124/><W43/><REACH who="3" step="1"/><G90/><REACH who="3" ten="588,247,145,10" step="2"/><T95/><D102/><U87/><E133/><V74/><F79/><W7/><G7/><T3/><D17/><U20/><E135/><V2/><F91/><W56/><G56/><T82/><REACH who="0" step="1"/><D24/><REACH who="0" ten="578,247,145,10" step="2"/><U40/><E103/><V18/><F27/><W68/><G68/><T41/><D41/><U130/><E77/><AGARI ba="1,2" hai="3,6,8,60,64,70,77,82,85,93,94,95,106,107" machi="77" ten="40,1300,0" yaku="1,1,53,0" doraHai="114" doraHaiUra="121" who="0" fromWho="1" sc="578,36,247,-16,145,0,10,0" owari="614,71.0,231,3.0,145,-25.0,10,-49.0" /></mjloggm>