<mjloggm ver="2.3"><GO type="97" lobby="0"/><UN n0="%79%6F%75%74%65%6E%67%6F" n1="%E3%82%A6%E3%83%AB%E3%83%88%E3%83%A9%E7%AB%8B%E7%9B%B4" n2="%E3%81%8B%E3%81%B6%E3%81%AE%E4%B8%80%E5%A4%9C%E6%BC%AC%E3%81%91" n3="%E3%81%AF%E3%81%BF%E3%82%82%E3%82%93" dan="14,15,15,16" rate="1923.42,1924.43,1985.61,2094.65" sx="M,M,M,M"/><TAIKYOKU oya="0"/><INIT seed="0,0,0,5,4,116" ten="250,250,250,250" oya="0" hai0="20,63,69,23,107,29,30,120,119,102,43,7,60" hai1="1,86,135,113,55,126,74,36,108,88,75,46,15" hai2="38,2,110,118,45,101,19,42,4,99,51,14,123" hai3="64,21,53,41,33,87,132,37,44,121,96,66,83"/><T85/><D120/><U25/><E1/><V100/><F118/><W94/><G33/><T73/><D119/><U35/><E113/><V52/><F110/><W80/><G132/><T3/><D73/><U27/><E108/><V82/><F82/><W39/><G39/><T10/><D43/><U70/><E70/><V0/><F100/><W95/><G95/><T12/><D69/><U59/><E135/><V49/><F38/><W26/><G53/><T32/><D102/><U114/><E114/><V98/><F98/><W111/><G111/><T79/><D107/><U71/><E71/><V133/><F4/><W97/><G83/><T81/><D32/><U90/><E126/><V103/><F103/><W131/><G131/><T58/><D63/><U8/><E74/><V127/><F123/><W76/><G121/><T115/><D115/><U105/><E75/><V54/><F42/><W130/><G130/><T16/><REACH who="0" step="1"/><D23/><REACH who="0" ten="240,250,250,250" step="2"/><U47/><E105/><V65/><F133/><W9/><G21/><T17/><D17/><U13/><E35/><V68/><F127/><W112/><G41/><T28/><D28/><U93/><E36/><V92/><F68/><W104/><G37/><T22/><D22/><U24/><E8/><V134/><F134/><W122/><G9/><T31/><D31/><U129/><E129/><V77/><F19/><W72/><G122/><T124/><D124/><U6/><E6/><V109/><F101/><W78/><G112/><T57/><D57/><U50/><E90/><V117/><F109/><W106/><G104/><T48/><D48/><U40/><E59/><RYUUKYOKU ba="0,1" sc="240,15,250,15,250,-15,250,-15" hai0="3,7,10,12,16,20,29,30,58,60,79,81,85" hai1="13,15,24,25,27,40,46,47,50,55,86,88,93" /><INIT seed="0,1,1,0,2,103" ten="255,265,235,235" oya="0" hai0="61,98,85,110,113,45,120,40,88,29,44,34,49" hai1="127,15,99,37,10,51,91,53,123,6,27,25,78" hai2="52,30,5,16,82,0,65,109,105,23,68,7,64" hai3="39,72,124,62,58,87,71,17,79,14,94,97,54"/><T57/><D120/><U86/><E37/><V18/><F82/><W38/><G124/><T69/><D113/><U131/><E127/><V75/><F75/><W95/><G72/><T56/><D110/><U126/><E131/><V106/><F30/><W46/><G71/><T41/><D29/><U130/><E126/><V28/><F28/><W50/><G79/><T84/><D34/><U121/><E130/><V96/><F23/><W133/><G133/><T73/><D73/><U35/><E35/><V22/><F22/><W115/><G115/><T129/><D129/><U83/><E121/><V36/><F68/><W67/><G87/><T118/><D118/><U134/><E134/><V90/><F96/><W47/><G47/><T135/><D135/><U3/><E3/><V63/><F90/><W21/><REACH who="3" step="1"/><G95/><REACH who="3" ten="255,265,235,225" step="2"/><N who="0" m="56679" /><D69/><U4/><E123/><V104/><F109/><W117/><G117/><T20/><D45/><U12/><E78/><V92/><F92/><W48/><G48/><T74/><D74/><U55/><E51/><V112/><F36/><W107/><G107/><T89/><D57/><U2/><E86/><V33/><F104/><W102/><AGARI ba="1,2" hai="14,17,21,38,39,46,50,54,58,62,67,94,97,102" machi="102" ten="20,2700,0" yaku="1,1,0,1,7,1,53,0" doraHai="103" doraHaiUra="125" who="3" fromWho="3" sc="255,-14,265,-8,235,-8,225,50" /><INIT seed="1,0,0,2,3,77" ten="241,257,227,275" oya="1" hai0="107,109,71,26,47,115,54,117,37,72,128,12,101" hai1="112,35,45,22,46,92,88,120,21,16,28,7,31" hai2="103,20,68,133,32,36,8,59,123,127,53,57,11" hai3="81,121,73,134,110,27,90,132,23,17,1,87,14"/><U44/><E120/><V9/><F32/><W6/><G121/><T111/><D72/><U125/><E112/><V75/><F123/><W24/><G110/><N who="0" m="41995" /><D71/><U131/><E125/><V48/><F36/><W56/><G1/><T65/><D115/><U85/><E131/><V86/><F68/><W104/><G104/><T51/><D101/><U74/><E74/><V38/><F38/><W4/><G73/><T93/><D93/><U100/><E35/><V83/><F75/><W63/><G27/><T126/><D107/><U78/><E78/><N who="2" m="46455" /><F127/><W2/><G2/><T118/><D126/><U70/><E70/><V79/><F79/><W18/><G132/><T116/><D26/><N who="1" m="14631" /><E7/><V97/><F133/><W105/><G105/><T66/><D12/><U89/><E100/><V129/><F129/><W55/><REACH who="3" step="1"/><G134/><REACH who="3" ten="241,257,227,265" step="2"/><T122/><D128/><U29/><E89/><V130/><F130/><W124/><G124/><T67/><D122/><U113/><E113/><V58/><F20/><AGARI ba="0,1" hai="4,6,14,17,18,20,23,24,55,56,63,81,87,90" machi="20" ten="30,12000,2" yaku="1,1,7,1,8,1,52,1,53,2" doraHai="77" doraHaiUra="19" who="3" fromWho="2" sc="241,0,257,0,227,-120,265,130" /><AGARI ba="0,0" hai="20,22,28,29,31,44,45,46,85,88,92" m="14631" machi="20" ten="30,5800,0" yaku="8,1,54,2" doraHai="77" who="1" fromWho="2" sc="241,0,257,58,107,-58,395,0" /><INIT seed="1,1,0,4,2,106" ten="241,315,49,395" oya="1" hai0="18,90,64,125,35,120,121,79,101,38,26,32,6" hai1="96,126,75,31,42,9,1,112,0,82,14,107,44" hai2="83,70,63,117,87,40,129,12,76,10,34,4,62" hai3="99,30,110,89,13,71,36,55,113,98,50,51,66"/><U54/><E112/><V116/><F34/><W53/><G113/><T93/><D38/><U46/><E126/><V48/><F129/><W56/><G30/><T119/><D79/><U95/><E107/><V59/><F70/><W29/><G110/><T127/><D64/><U41/><E31/><V39/><F39/><W47/><G29/><T118/><D101/><U135/><E135/><V28/><F28/><W88/><G36/><T102/><D102/><U19/><E54/><V52/><REACH who="2" step="1"/><F63/><REACH who="2" ten="241,315,39,395" step="2"/><W20/><G71/><T74/><D35/><U128/><E128/><V77/><F77/><W17/><G66/><T45/><D32/><U73/><E1/><V72/><F72/><W37/><G37/><T3/><D74/><U115/><E0/><V65/><F65/><W67/><G67/><T84/><D3/><U85/><E75/><V24/><F24/><W124/><G124/><T78/><D78/><N who="1" m="46295" /><E73/><V105/><F105/><W25/><G25/><T123/><D127/><U80/><E115/><V131/><F131/><W8/><G8/><T91/><D125/><U49/><E49/><V5/><F5/><W114/><G114/><T111/><D119/><U15/><E15/><V33/><F33/><W11/><G11/><T132/><D118/><U133/><E133/><V130/><F130/><W43/><G43/><N who="1" m="16394" /><E80/><V86/><F86/><W104/><G104/><T2/><D132/><U7/><E7/><V16/><F16/><W22/><G22/><T60/><D123/><U68/><E68/><V97/><F97/><AGARI ba="1,1" hai="13,17,20,47,50,51,53,55,56,88,89,97,98,99" machi="97" ten="40,2600,0" yaku="8,1,54,1" doraHai="106" who="3" fromWho="2" sc="241,0,315,0,39,-29,395,39" /><INIT seed="2,0,0,5,3,104" ten="241,315,10,434" oya="2" hai0="121,12,39,100,24,9,124,57,13,126,132,15,66" hai1="96,58,115,2,48,40,18,69,129,116,23,79,120" hai2="56,8,6,117,38,83,128,68,76,118,90,67,52" hai3="26,111,91,107,112,109,36,30,59,64,10,43,21"/><V33/><F128/><W14/><G107/><T63/><D39/><U89/><E69/><V11/><F33/><W99/><G43/><T55/><D121/><U133/><E2/><V31/><F31/><W60/><G36/><T98/><D132/><U85/><E133/><V35/><F35/><W87/><G99/><T29/><D126/><U27/><E120/><V77/><F11/><W95/><REACH who="3" step="1"/><G112/><REACH who="3" ten="241,315,10,424" step="2"/><T88/><D124/><U65/><E115/><V73/><F76/><W94/><G94/><N who="0" m="56647" /><D100/><U47/><E129/><V82/><F38/><W80/><G80/><T0/><D0/><U113/><E113/><V103/><F103/><W4/><AGARI ba="0,1" hai="4,10,14,21,26,30,59,60,64,87,91,95,109,111" machi="4" ten="30,2000,0" yaku="1,1,0,1,53,0" doraHai="104" doraHaiUra="134" who="3" fromWho="3" sc="241,-5,315,-5,10,-10,424,30" /><INIT seed="3,0,0,0,0,15" ten="236,310,0,454" oya="3" hai0="46,111,32,49,54,109,94,43,135,92,44,78,76" hai1="30,129,62,81,131,100,3,24,120,1,28,110,82" hai2="105,91,37,116,96,86,103,118,122,127,45,64,83" hai3="36,104,7,70,53,0,126,108,130,11,112,133,119"/><W23/><RYUUKYOKU type="yao9" ba="0,0" sc="236,0,310,0,0,0,454,0" hai3="0,7,11,23,36,53,70,104,108,112,119,126,130,133" /><INIT seed="3,1,0,0,0,52" ten="236,310,0,454" oya="3" hai0="16,63,18,87,103,59,28,102,25,101,93,132,99" hai1="44,38,62,46,110,20,58,111,86,81,69,97,7" hai2="108,117,39,23,19,57,133,130,100,40,126,30,109" hai3="48,121,106,49,4,129,24,64,76,85,32,36,3"/><W35/><G36/><T73/><D132/><U61/><E97/><V55/><F19/><W17/><G121/><T96/><D73/><U65/><E20/><V82/><F23/><W105/><G129/><T134/><D134/><U14/><E14/><V9/><F30/><W56/><G3/><T74/><D74/><U34/><E7/><V71/><F9/><W123/><G4/><T90/><D99/><U6/><E6/><V26/><F82/><W66/><G123/><T42/><D42/><U60/><E34/><V43/><F100/><W104/><G76/><T115/><D115/><U22/><E22/><V80/><F26/><W120/><G120/><T79/><D79/><U116/><E116/><V122/><F80/><W84/><G17/><T89/><D28/><U70/><E86/><N who="3" m="33386" /><G56/><T5/><D5/><U33/><E33/><N who="3" m="12874" /><G24/><T47/><D47/><N who="1" m="17963" /><E81/><V37/><F117/><W21/><G21/><T119/><D119/><U1/><E1/><V128/><F122/><W135/><G135/><T125/><D125/><U118/><E38/><V98/><F98/><W107/><G107/><T78/><D78/><U10/><E10/><V50/><F133/><W54/><G54/><T75/><D75/><U124/><E124/><V67/><F126/><W114/><G114/><T53/><REACH who="0" step="1"/><D25/><REACH who="0" ten="226,310,0,454" step="2"/><U72/><E72/><V15/><F15/><W51/><AGARI ba="1,1" hai="48,49,51,64,66,104,105,106" m="12874,33386" machi="51" ten="40,3900,0" yaku="28,2" doraHai="52" who="3" fromWho="3" sc="226,-14,310,-14,0,-14,454,52" owari="212,-19.0,296,10.0,-14,-51.0,506,60.0" /></mjloggm>