<mjloggm ver="2.3"><GO type="97" lobby="0"/><UN n0="%E3%82%A6%E3%83%AB%E3%83%88%E3%83%A9%E7%AB%8B%E7%9B%B4" n1="%E6%96%B0%E7%A4%BE%E5%93%A1" n2="%62%7A%68%67" n3="%72%75%69%63%65" dan="15,14,13,14" rate="1982.27,1979.18,1883.94,1917.69" sx="M,F,F,M"/><TAIKYOKU oya="0"/><INIT seed="0,0,0,3,2,0" ten="250,250,250,250" oya="0" hai0="54,106,121,18,52,36,4,119,55,69,74,10,40" hai1="117,129,5,3,46,41,45,6,43,23,64,86,113" hai2="35,122,24,51,14,81,34,78,131,109,82,108,25" hai3="30,79,134,102,84,132,123,29,128,63,2,104,87"/><T80/><D121/><U75/><E75/><V59/><F122/><W96/><G2/><N who="0" m="279" /><D106/><U11/><E117/><V7/><F131/><W125/><G123/><T47/><D18/><U49/><E64/><V91/><F81/><W115/><G128/><T38/><D38/><U62/><E129/><V90/><F35/><W133/><G115/><T126/><D69/><U105/><E105/><V27/><F34/><W9/><G9/><T42/><D42/><U99/><E99/><V94/><F90/><W32/><G63/><T71/><D71/><U114/><E62/><V111/><F59/><W92/><G32/><T66/><D66/><U8/><E23/><V19/><F51/><W50/><G50/><T68/><D68/><U88/><E46/><V21/><F82/><N who="3" m="47199" /><G30/><T112/><D112/><N who="1" m="43115" /><E43/><V57/><F57/><W100/><G29/><T17/><D119/><U60/><E60/><V39/><F78/><W13/><G13/><T12/><D126/><U89/><E86/><N who="2" m="52599" /><F39/><W33/><G33/><T116/><D116/><U103/><E103/><V20/><F20/><W101/><G125/><T16/><D12/><AGARI ba="0,0" hai="3,5,6,8,11,12,41,45,49,88,89" m="43115" machi="12" ten="30,7700,0" yaku="11,1,52,2,54,1" doraHai="0" who="1" fromWho="0" sc="250,-77,250,77,250,0,250,0" /><INIT seed="1,0,0,5,4,53" ten="173,327,250,250" oya="1" hai0="67,93,30,88,122,19,5,44,95,84,47,52,72" hai1="102,133,94,87,83,14,75,58,113,79,77,41,117" hai2="112,23,128,35,55,104,57,110,38,27,39,42,29" hai3="10,123,24,61,31,63,97,25,109,114,45,1,7"/><U49/><E117/><V6/><F104/><W51/><G123/><T28/><D72/><U66/><E113/><V0/><F128/><W8/><G114/><T89/><D122/><U26/><E133/><V80/><F112/><W11/><G109/><T2/><D67/><U86/><E75/><V96/><F110/><W101/><G24/><T124/><D124/><U32/><E32/><V73/><F96/><W54/><G61/><T90/><D2/><U135/><E135/><V37/><F35/><W82/><G82/><T65/><D5/><U59/><E41/><V48/><F0/><W116/><G116/><T106/><D106/><U20/><E14/><V119/><F6/><W71/><G71/><T68/><D68/><U105/><E105/><V85/><F73/><W92/><REACH who="3" step="1"/><G63/><REACH who="3" ten="173,327,250,240" step="2"/><T131/><D65/><U16/><E83/><V107/><F119/><W17/><G17/><T56/><D131/><U18/><E18/><V120/><F120/><W126/><G126/><T62/><D19/><U21/><E21/><AGARI ba="0,1" hai="1,7,8,10,11,21,25,31,45,51,54,92,97,101" machi="21" ten="30,2000,0" yaku="1,1,7,1,53,0" doraHai="53" doraHaiUra="132" who="3" fromWho="1" sc="173,0,327,-20,250,0,240,30" /><INIT seed="2,0,0,2,4,59" ten="173,307,250,270" oya="2" hai0="46,122,36,43,81,41,88,60,108,34,53,65,112" hai1="126,86,69,101,5,133,26,40,37,51,97,7,18" hai2="47,28,123,90,134,106,85,129,116,115,109,118,103" hai3="38,1,72,2,84,110,66,73,135,70,96,125,67"/><V82/><F28/><W19/><G125/><T9/><D34/><U10/><E69/><V119/><F123/><W102/><G38/><T68/><D112/><U45/><E126/><V89/><F115/><W8/><G135/><T42/><D108/><U32/><E133/><V3/><F134/><W63/><G110/><T130/><D122/><U98/><E86/><V61/><F3/><W78/><G67/><T55/><D9/><U56/><E98/><V120/><F120/><W16/><G73/><T27/><D27/><U22/><E32/><V80/><F109/><W105/><G72/><T12/><D12/><U117/><E117/><V50/><F129/><W64/><G64/><N who="0" m="40967" /><D88/><U128/><E128/><V71/><F106/><W87/><G87/><T25/><D81/><U113/><E113/><V76/><F103/><W49/><G84/><T104/><D25/><U11/><E11/><V15/><F80/><W74/><G78/><T79/><D79/><U4/><E56/><V75/><F75/><W30/><G74/><T52/><D104/><U31/><E37/><V83/><F83/><W107/><G105/><T94/><D94/><N who="1" m="58551" /><E10/><V99/><F99/><W0/><G8/><T62/><D130/><U14/><E14/><V6/><F6/><W44/><REACH who="3" step="1"/><G30/><AGARI ba="0,0" hai="4,5,7,18,22,26,30,31,40,45,51" m="58551" machi="30" ten="30,1000,0" yaku="8,1" doraHai="59" who="1" fromWho="3" sc="173,0,307,10,250,0,270,-10" /><INIT seed="3,0,0,1,1,106" ten="173,317,250,260" oya="3" hai0="34,56,96,37,90,13,19,129,62,48,98,47,115" hai1="17,25,122,67,72,78,3,61,125,135,11,20,28" hai2="127,33,55,71,94,82,10,105,18,134,131,49,99" hai3="16,102,95,107,101,86,0,32,21,130,15,40,68"/><W2/><G68/><T120/><D37/><U73/><E122/><V64/><F33/><W124/><G32/><T54/><D34/><U91/><E78/><V79/><F131/><W75/><G75/><T6/><D120/><U5/><E91/><V81/><F105/><W51/><G107/><T112/><D129/><U38/><E38/><V92/><F134/><W36/><G36/><T46/><D6/><U111/><E135/><V60/><F127/><W29/><G130/><T97/><D112/><U80/><E125/><V116/><F116/><W128/><G128/><T100/><D115/><U113/><E113/><V126/><F126/><W70/><G70/><T84/><D100/><U26/><E80/><V103/><F81/><W50/><G124/><T110/><D110/><U42/><E42/><V43/><F43/><W74/><G74/><T89/><D62/><U57/><E111/><V109/><F109/><W66/><G2/><T39/><D39/><U121/><E121/><V123/><F123/><W41/><G0/><T87/><D87/><U9/><E9/><V45/><F94/><W8/><G66/><T1/><D1/><U76/><E76/><V63/><F63/><W65/><G65/><T69/><D69/><U31/><E31/><V77/><F82/><W7/><G29/><T44/><REACH who="0" step="1"/><D84/><REACH who="0" ten="163,317,250,260" step="2"/><U104/><E104/><V27/><REACH who="2" step="1"/><F10/><AGARI ba="0,1" hai="10,13,19,44,46,47,48,54,56,89,90,96,97,98" machi="10" ten="40,5200,0" yaku="1,1,2,1,8,1,53,0" doraHai="106" doraHaiUra="114" who="0" fromWho="2" sc="163,62,317,0,250,-52,260,0" owari="225,-17.0,317,41.0,198,-30.0,260,6.0" /></mjloggm>