<mjloggm ver="2.3"><GO type="97" lobby="0"/><UN n0="%E3%82%A6%E3%83%AB%E3%83%88%E3%83%A9%E7%AB%8B%E7%9B%B4" n1="%E6%9D%B1%E9%A2%A8%E8%8D%98%E5%87%BA%E8%BA%AB%E8%80%85%E4%BB%A3%E8%A1%A8" n2="%64%65%6F%6E%65" n3="%62%6C%6F%63%6B%65%6E%4B" dan="15,14,15,14" rate="1995.87,1968.91,1914.89,1899.14" sx="M,M,M,M"/><TAIKYOKU oya="0"/><INIT seed="0,0,0,1,3,14" ten="250,250,250,250" oya="0" hai0="37,108,45,63,80,15,40,30,33,95,92,69,79" hai1="77,7,32,18,16,13,106,132,88,61,35,58,125" hai2="12,23,0,67,105,5,127,91,114,70,93,99,64" hai3="46,116,47,31,55,43,4,121,72,2,21,131,51"/><T98/><D108/><U75/><E106/><V39/><F114/><W59/><G121/><T123/><D123/><U44/><E125/><V76/><F127/><W90/><G116/><T19/><D30/><U109/><E109/><V6/><F39/><W3/><G72/><T60/><D33/><U83/><E132/><V86/><F105/><W38/><G131/><T124/><D124/><U107/><E107/><V103/><F103/><W112/><G112/><T26/><D26/><U11/><E44/><V84/><F0/><W96/><G3/><T42/><D42/><U104/><E104/><V73/><F73/><W53/><G2/><T25/><D25/><U65/><E35/><V71/><F76/><W81/><G4/><N who="2" m="1641" /><F70/><W17/><G31/><T82/><D69/><U110/><E32/><V85/><F71/><W66/><G66/><N who="2" m="25129" /><F23/><W122/><G122/><T87/><D82/><U135/><E135/><V49/><F49/><W111/><G111/><T62/><REACH who="0" step="1"/><D98/><REACH who="0" ten="240,250,250,250" step="2"/><U48/><E110/><V129/><F129/><W68/><G96/><T24/><D24/><U128/><E128/><V115/><F115/><W133/><G68/><T94/><D94/><U126/><E126/><V22/><F12/><W74/><G133/><T36/><D36/><U34/><E34/><V89/><F86/><N who="3" m="50511" /><G38/><T119/><D119/><U120/><E120/><V56/><F99/><W54/><G43/><T100/><D100/><U50/><REACH who="1" step="1"/><E88/><REACH who="1" ten="240,240,250,250" step="2"/><V1/><F91/><W28/><G28/><T27/><D27/><U57/><E57/><V29/><F56/><W101/><G59/><T113/><D113/><RYUUKYOKU ba="0,2" sc="240,15,240,15,250,-15,250,-15" hai0="15,19,37,40,45,60,62,63,79,80,87,92,95" hai1="7,11,13,16,18,48,50,58,61,65,75,77,83" /><INIT seed="0,1,2,3,0,15" ten="255,255,235,235" oya="0" hai0="69,41,33,67,96,10,121,31,35,7,9,119,123" hai1="37,46,72,100,73,38,128,98,111,23,56,115,110" hai2="78,45,97,43,2,36,3,19,34,27,108,1,126" hai3="82,5,60,135,66,30,104,44,57,29,89,113,134"/><T90/><D41/><U14/><E128/><V106/><F126/><W6/><G113/><T16/><D67/><U130/><E130/><V75/><F108/><N who="1" m="41513" /><E115/><V8/><F78/><W81/><G104/><T125/><D69/><U55/><E46/><V65/><F65/><W118/><G118/><T99/><D119/><U91/><E91/><V26/><F75/><N who="1" m="28745" /><E23/><V131/><F131/><W122/><G122/><T133/><D90/><U107/><E14/><V84/><F84/><W87/><G44/><T120/><D99/><U88/><E88/><V114/><F114/><W93/><G82/><T117/><D96/><U32/><E32/><N who="0" m="12361" /><D117/><U83/><E83/><V85/><F85/><W92/><G81/><T94/><D94/><U129/><E129/><V76/><F76/><W12/><G93/><T71/><D71/><U68/><E68/><V105/><F34/><W52/><G66/><T22/><D31/><U77/><E77/><V50/><F36/><W102/><G102/><T70/><D70/><U48/><AGARI ba="1,2" hai="37,38,48,55,56,98,100,107" m="28745,41513" machi="48" ten="30,1100,0" yaku="14,1" doraHai="15" who="1" fromWho="1" sc="255,-6,255,34,235,-4,235,-4" /><INIT seed="1,0,0,3,4,12" ten="249,289,231,231" oya="1" hai0="68,38,96,91,31,119,43,6,101,72,67,102,17" hai1="25,122,7,14,83,109,44,20,29,64,26,22,2" hai2="49,108,50,74,63,27,61,135,79,80,16,88,134" hai3="131,37,77,99,55,57,39,19,53,9,116,4,3"/><U56/><E122/><V118/><F118/><W81/><G116/><T18/><D72/><U89/><E2/><V76/><F108/><W104/><G131/><T127/><D119/><U60/><E109/><V123/><F123/><W54/><G57/><T24/><D101/><U45/><E7/><V52/><F79/><W13/><G99/><T10/><D91/><U0/><E0/><V90/><F50/><W87/><REACH who="3" step="1"/><G104/><REACH who="3" ten="249,289,231,221" step="2"/><N who="0" m="63559" /><D127/><U125/><E125/><V15/><F61/><W107/><G107/><T100/><D100/><U103/><E103/><V92/><F63/><W78/><G78/><T23/><D38/><U106/><E106/><V32/><F90/><W35/><G35/><N who="0" m="20967" /><D43/><U112/><E112/><V121/><F121/><W70/><G70/><T30/><D30/><N who="1" m="17703" /><E14/><V133/><F32/><W28/><G28/><T84/><D23/><AGARI ba="0,1" hai="3,4,9,13,19,23,37,39,53,54,55,77,81,87" machi="23" ten="40,2600,0" yaku="1,1,52,1,53,0" doraHai="12" doraHaiUra="93" who="3" fromWho="0" sc="249,-26,289,0,231,0,221,36" /><INIT seed="2,0,0,5,2,37" ten="223,289,231,257" oya="2" hai0="52,30,23,50,32,18,55,60,31,115,48,72,22" hai1="93,12,39,127,77,13,36,122,70,40,44,0,116" hai2="6,124,71,120,47,109,85,35,21,78,105,63,4" hai3="132,19,106,29,56,80,130,135,51,121,108,38,91"/><V102/><F120/><W113/><G121/><T118/><D32/><U33/><E122/><V26/><F35/><W81/><G113/><T133/><D72/><U86/><E0/><V74/><F74/><W53/><G106/><T83/><D115/><U45/><E116/><V11/><F124/><W17/><G130/><T101/><D118/><U111/><E127/><V123/><F123/><W75/><G29/><T126/><D126/><U69/><E33/><V100/><F47/><W117/><G117/><T119/><D119/><U57/><E111/><V97/><F102/><W99/><G108/><T84/><D101/><U98/><E57/><V62/><F109/><W110/><G38/><T28/><D133/><N who="3" m="51273" /><G110/><T8/><D8/><U34/><E34/><V20/><F71/><W103/><G75/><T42/><D60/><U134/><E134/><V41/><F6/><W65/><G65/><T7/><D7/><U87/><E77/><V129/><F129/><W73/><G73/><T43/><D50/><U1/><E1/><V128/><F128/><W94/><G81/><T66/><D66/><U46/><E39/><V112/><F112/><W15/><G15/><N who="1" m="5706" /><E70/><V96/><F26/><W125/><G125/><T79/><D55/><U131/><E69/><V88/><F4/><W24/><G24/><N who="0" m="14423" /><D23/><N who="2" m="8778" /><F11/><W61/><G61/><N who="2" m="23049" /><F78/><W68/><G68/><T90/><D79/><U104/><E131/><V16/><F16/><N who="3" m="6219" /><G103/><T67/><D67/><U9/><E9/><V89/><F85/><N who="1" m="32265" /><E104/><N who="2" m="63495" /><F97/><W95/><G99/><T92/><D83/><U54/><E54/><V49/><F105/><W5/><G5/><RYUUKYOKU ba="0,0" sc="223,0,289,0,231,0,257,0" hai0="28,30,31,42,43,48,52,84,90,92" hai1="36,40,44,45,46,93,98" hai2="41,49,88,89" hai3="51,53,56,80,91,94,95" /><INIT seed="2,1,0,4,2,47" ten="223,289,231,257" oya="2" hai0="33,61,96,80,117,48,75,112,130,99,3,31,38" hai1="56,131,53,109,104,35,41,12,132,74,0,92,60" hai2="90,127,101,42,71,14,91,7,40,52,100,81,78" hai3="111,105,57,2,86,106,103,66,37,46,1,32,128"/><V121/><F71/><W110/><G128/><T133/><D112/><U19/><E104/><V114/><F114/><W43/><G32/><T49/><D38/><U87/><E0/><V115/><F115/><W113/><G113/><T34/><D3/><U62/><E74/><V123/><F127/><W94/><G105/><T98/><D31/><U44/><E35/><N who="0" m="13321" /><D61/><U83/><E131/><V129/><F129/><W107/><G106/><T79/><D130/><U54/><E109/><N who="3" m="41482" /><G107/><T55/><D55/><U72/><E72/><V50/><F121/><W5/><G5/><T95/><D95/><U11/><E132/><V126/><F126/><W118/><G118/><T29/><D29/><U28/><E28/><V77/><F123/><W82/><G103/><N who="2" m="39497" /><F7/><W26/><G26/><T20/><D20/><U119/><E119/><V8/><F8/><W27/><G94/><T10/><D10/><U21/><E92/><V108/><F108/><W73/><G27/><T122/><D117/><U15/><E41/><N who="2" m="15979" /><F14/><W25/><G25/><T6/><D6/><N who="1" m="3191" /><E44/><N who="2" m="27719" /><F81/><W120/><G73/><T59/><D122/><U24/><E24/><V16/><F16/><W89/><G120/><T18/><D18/><U65/><E60/><AGARI ba="1,0" hai="1,2,37,43,46,57,60,66,82,86,89" m="41482" machi="60" ten="30,1000,0" yaku="14,1" doraHai="47" who="3" fromWho="1" sc="223,0,289,-13,231,0,257,13" /><INIT seed="3,0,0,5,1,62" ten="223,276,231,270" oya="3" hai0="114,29,87,55,72,116,59,94,78,32,61,117,125" hai1="88,14,102,109,26,80,86,120,65,42,16,39,33" hai2="15,99,82,97,44,134,58,57,89,10,38,75,106" hai3="31,1,46,105,37,81,103,126,49,100,0,79,4"/><W84/><G126/><T13/><D125/><U3/><E120/><V91/><F134/><W66/><G37/><T68/><D114/><U111/><E3/><V63/><F38/><W54/><G1/><T92/><D92/><U45/><E102/><V98/><F44/><W73/><G31/><T60/><D72/><U41/><E41/><V48/><F106/><W133/><G133/><T69/><D69/><U51/><E65/><N who="2" m="39151" /><F82/><W115/><G66/><T119/><D68/><U95/><E80/><V85/><F85/><W20/><G20/><T52/><D13/><U19/><E33/><V30/><F30/><W127/><G115/><T22/><D22/><U64/><E64/><V123/><F75/><W43/><G127/><T101/><D29/><U124/><E124/><V83/><F83/><W131/><G131/><T53/><D32/><U129/><E129/><V110/><F110/><N who="1" m="41993" /><E26/><V21/><F123/><W17/><G17/><N who="1" m="6730" /><E14/><V128/><F128/><W6/><G105/><T7/><D7/><N who="3" m="2601" /><G0/><T93/><D78/><U135/><E135/><V47/><F21/><W76/><G73/><T36/><D36/><AGARI ba="0,0" hai="36,39,42,45,51,86,88,95" m="6730,41993" machi="36" ten="30,3900,0" yaku="14,1,54,2" doraHai="62" who="1" fromWho="0" sc="223,-39,276,39,231,0,270,0" owari="184,-32.0,315,42.0,231,-17.0,270,7.0" /></mjloggm>