<mjloggm ver="2.3"><GO type="97" lobby="0"/><UN n0="%E7%A9%BA%E6%B0%97%E9%9B%80%E5%A3%AB" n1="%E3%82%A6%E3%83%AB%E3%83%88%E3%83%A9%E7%AB%8B%E7%9B%B4" n2="%E3%81%96%E3%81%A3%E3%81%8D%E3%83%BC%EF%BC%9E%EF%BC%9C" n3="%E5%BA%B7%74%79%61%6E" dan="13,15,14,13" rate="1851.50,2065.81,1897.53,1876.49" sx="M,M,M,M"/><TAIKYOKU oya="0"/><INIT seed="0,0,0,1,4,16" ten="250,250,250,250" oya="0" hai0="129,8,90,105,128,45,3,118,20,101,7,106,11" hai1="25,113,67,127,93,131,53,121,114,6,116,111,28" hai2="59,135,99,132,109,80,17,2,41,92,42,82,21" hai3="30,0,52,110,35,68,4,108,89,58,40,1,97"/><T72/><D118/><U47/><E116/><V123/><F2/><W18/><G68/><T10/><D72/><U48/><E121/><V79/><F123/><W87/><G40/><N who="2" m="15465" /><F109/><N who="3" m="42091" /><G97/><N who="0" m="61615" /><D45/><U85/><E111/><V98/><F79/><W122/><G122/><T107/><D90/><N who="1" m="53455" /><E67/><V54/><F98/><W81/><G4/><T46/><D46/><U88/><E6/><V33/><F33/><W44/><G44/><T29/><D107/><U55/><E88/><N who="2" m="55687" /><F135/><W83/><G83/><T117/><D106/><U63/><E114/><V13/><F132/><W19/><G30/><T124/><D117/><U112/><E112/><V130/><F130/><N who="0" m="50282" /><D124/><U125/><E131/><V50/><AGARI ba="0,0" hai="13,17,21,50,54,59,80,82" m="55687,15465" machi="50" ten="30,4000,0" yaku="8,1,52,1,54,1" doraHai="16" who="2" fromWho="2" sc="250,-20,250,-10,250,40,250,-10" /><INIT seed="1,0,0,5,3,11" ten="230,240,290,240" oya="1" hai0="127,121,46,27,100,41,10,112,67,107,20,21,63" hai1="8,34,53,45,72,92,116,71,83,47,62,133,134" hai2="91,90,24,39,14,48,31,33,119,117,123,13,64" hai3="89,95,79,135,54,15,113,98,105,18,7,50,19"/><U12/><E34/><V43/><F123/><W40/><G105/><T68/><D121/><U61/><E116/><V110/><F39/><W101/><G135/><N who="1" m="51722" /><E92/><V52/><F43/><W55/><G113/><T86/><D112/><U17/><E71/><V65/><F110/><W44/><G79/><T126/><D10/><U87/><E72/><V129/><F129/><W70/><G70/><T131/><D131/><U23/><E23/><N who="2" m="15775" /><F119/><W124/><G124/><N who="0" m="47659" /><D27/><U132/><N who="1" m="51730" /><U58/><DORA hai="60" /><E62/><V0/><F0/><W109/><G109/><T104/><D86/><U122/><E122/><V103/><F103/><W94/><G7/><T108/><D108/><U38/><E38/><V102/><F102/><W106/><G19/><T42/><D42/><U80/><E80/><V69/><F69/><W26/><G26/><T28/><D28/><U78/><AGARI ba="0,0" hai="8,12,17,45,47,53,58,61,78,83,87" m="51730" machi="78" ten="40,3900,0" yaku="20,1,52,1" doraHai="11,60" who="1" fromWho="1" sc="230,-13,240,39,290,-13,240,-13" /><INIT seed="1,1,0,0,2,51" ten="217,279,277,227" oya="1" hai0="32,98,67,9,57,8,60,50,63,122,55,38,26" hai1="39,102,27,35,114,23,33,15,73,75,119,18,53" hai2="128,12,0,3,13,46,36,11,134,92,17,58,24" hai3="94,37,131,87,34,68,97,62,72,41,21,125,10"/><U100/><E39/><V71/><F71/><W107/><G34/><T76/><D38/><U112/><E119/><V2/><F128/><W7/><G107/><T109/><D122/><U85/><E75/><V127/><F46/><W59/><G131/><T129/><D129/><U113/><E73/><V52/><F36/><W101/><G68/><T48/><D76/><U14/><E85/><V49/><F127/><W79/><G125/><T121/><D121/><U99/><E35/><V30/><F134/><W45/><G72/><T28/><D109/><U19/><E33/><V61/><F92/><W20/><G79/><T80/><D80/><U4/><E99/><V118/><F118/><W22/><G87/><T65/><D98/><U54/><E4/><V40/><F40/><W120/><G120/><T70/><D48/><U86/><E86/><V106/><F106/><W1/><REACH who="3" step="1"/><G21/><REACH who="3" ten="217,279,277,217" step="2"/><T29/><REACH who="0" step="1"/><D29/><REACH who="0" ten="207,279,277,217" step="2"/><U116/><E116/><V69/><F30/><W123/><G123/><T84/><D84/><U93/><E112/><V133/><F133/><W89/><G89/><T104/><D104/><U66/><E113/><V16/><F11/><W81/><G81/><T25/><D25/><U74/><E114/><V43/><F24/><W130/><G130/><T42/><D42/><U77/><E27/><V56/><F43/><W91/><G91/><T117/><D117/><U135/><E135/><V5/><F69/><AGARI ba="1,2" hai="8,9,26,28,32,50,55,57,60,63,65,67,69,70" machi="69" ten="30,12000,2" yaku="1,1,7,1,9,1,52,1,53,2" doraHai="51" doraHaiUra="64" who="0" fromWho="2" sc="207,143,279,0,277,-123,217,0" /><INIT seed="2,0,0,3,0,108" ten="350,279,154,217" oya="2" hai0="12,45,78,65,98,125,92,18,97,127,114,9,48" hai1="82,129,68,33,61,21,64,10,123,54,2,99,79" hai2="81,67,124,3,27,7,110,58,5,133,115,105,128" hai3="109,60,70,32,121,0,41,132,71,29,130,23,95"/><V134/><F105/><W63/><G121/><T59/><D78/><U102/><E54/><V103/><F103/><W50/><G0/><T20/><D114/><U111/><E21/><V94/><F110/><W119/><G119/><T76/><D76/><U47/><E47/><V106/><F106/><W11/><G32/><T104/><D104/><N who="1" m="63583" /><E111/><V90/><F3/><W100/><G132/><N who="2" m="50793" /><F81/><W14/><G130/><T117/><D117/><U74/><E129/><V69/><F69/><W80/><G109/><T43/><D9/><U126/><E126/><N who="0" m="48137" /><D92/><U88/><E123/><V36/><F36/><W84/><G71/><T77/><D77/><U19/><E88/><V75/><F75/><W107/><G107/><T89/><D89/><U24/><E19/><V66/><F27/><N who="3" m="16639" /><G70/><T16/><D18/><U72/><E72/><V40/><F40/><W44/><G100/><T49/><D65/><N who="2" m="24586" /><F128/><W51/><G51/><T26/><D49/><U34/><E24/><V15/><F124/><W62/><G95/><T46/><D45/><U73/><E73/><V87/><F58/><W122/><G122/><T116/><D116/><U118/><E118/><V6/><F15/><W31/><G31/><T96/><D59/><U131/><E131/><V42/><F42/><W1/><G1/><T13/><AGARI ba="0,0" hai="12,13,16,20,26,43,46,48,96,97,98" m="48137" machi="13" ten="40,2700,0" yaku="18,1,54,1" doraHai="108" who="0" fromWho="0" sc="350,27,279,-7,154,-13,217,-7" /><INIT seed="3,0,0,3,5,62" ten="377,272,141,210" oya="3" hai0="31,12,128,40,117,92,22,79,28,55,32,111,24" hai1="102,126,83,45,123,87,106,38,34,103,124,6,132" hai2="81,13,134,121,20,80,133,54,60,37,90,53,48" hai3="129,2,8,23,29,49,36,9,57,15,50,89,108"/><W110/><G36/><T96/><D117/><U114/><E34/><V18/><F37/><W104/><G104/><T119/><D119/><U47/><E123/><V98/><F121/><W74/><G74/><T4/><D40/><U78/><E114/><V7/><F7/><W17/><G129/><T131/><D111/><N who="3" m="42537" /><G2/><T11/><D79/><U91/><E132/><V135/><F48/><N who="3" m="18539" /><G29/><T127/><D31/><U10/><E91/><V63/><F98/><W1/><G1/><T44/><D44/><U66/><E47/><V72/><F72/><W100/><G100/><N who="0" m="60423" /><D55/><U14/><E45/><V122/><F122/><W130/><G130/><N who="0" m="49707" /><D127/><U94/><E38/><V109/><F109/><W95/><G57/><T125/><D125/><U25/><E106/><V93/><F93/><W118/><G118/><T0/><D0/><U99/><E124/><V16/><F18/><W56/><G56/><T116/><D116/><U5/><E103/><V86/><REACH who="2" step="1"/><F80/><REACH who="2" ten="377,272,131,210" step="2"/><W112/><G112/><T115/><D115/><U64/><E126/><V59/><F59/><W67/><G67/><N who="1" m="25642" /><E6/><V77/><F77/><W69/><G69/><T101/><D4/><U75/><E75/><V113/><F113/><W58/><G58/><T70/><D70/><U35/><E5/><V52/><AGARI ba="0,1" hai="13,16,20,52,53,54,60,63,81,86,90,133,134,135" machi="52" ten="40,8000,1" yaku="1,1,0,1,20,1,54,2,53,0" doraHai="62" doraHaiUra="42" who="2" fromWho="2" sc="377,-20,272,-20,131,90,210,-40" owari="357,46.0,252,5.0,221,-18.0,170,-33.0" /></mjloggm>