<mjloggm ver="2.3"><GO type="97" lobby="0"/><UN n0="%6C%6C%7A%61%68%6C%6C" n1="%E3%81%9F%E3%81%84%E3%82%89%E3%81%9F%E3%81%84%E3%81%AF%E3%82%93" n2="%E3%82%A6%E3%83%AB%E3%83%88%E3%83%A9%E7%AB%8B%E7%9B%B4" n3="%E3%81%8B%E3%81%84%E3%81%A8" dan="14,13,15,14" rate="1874.74,1818.78,1997.77,1894.67" sx="M,M,M,M"/><TAIKYOKU oya="0"/><INIT seed="0,0,0,2,2,94" ten="250,250,250,250" oya="0" hai0="84,132,19,53,107,50,71,131,113,46,89,95,75" hai1="39,30,34,14,44,111,88,73,98,27,127,86,112" hai2="129,35,118,103,100,54,92,104,117,81,9,10,25" hai3="79,85,41,116,11,99,59,101,36,123,63,37,65"/><T134/><D71/><U13/><E73/><V7/><F129/><W76/><G116/><N who="2" m="44649" /><F104/><W128/><G128/><T122/><D75/><U42/><E127/><V0/><F54/><W12/><G123/><T78/><D107/><U4/><E111/><V114/><F114/><W115/><G115/><T15/><D78/><U2/><E112/><V126/><F126/><W24/><G24/><T48/><D113/><U130/><E130/><V61/><F61/><W109/><G109/><T70/><D70/><U3/><E14/><V45/><F45/><W64/><G64/><T124/><D122/><U80/><E4/><V105/><F105/><W23/><G23/><T67/><D67/><U106/><REACH who="1" step="1"/><E13/><REACH who="1" ten="250,240,250,250" step="2"/><V68/><F7/><W135/><G12/><T16/><D124/><U33/><E33/><V31/><F0/><W66/><G11/><T6/><D131/><U22/><E22/><V74/><F10/><W91/><G135/><N who="0" m="51755" /><D15/><U87/><E87/><V121/><F9/><W93/><G76/><T82/><D6/><U119/><E119/><V18/><F121/><W77/><G79/><N who="0" m="46175" /><D50/><U57/><E57/><V72/><F68/><W43/><G77/><T20/><D20/><U62/><E62/><V51/><F51/><W108/><G108/><T60/><D60/><U5/><E5/><V90/><F74/><W17/><G17/><T38/><D38/><U69/><E69/><V83/><F18/><W55/><G37/><T97/><AGARI ba="0,1" hai="16,19,46,48,53,89,95,97" m="46175,51755" machi="97" ten="30,6000,0" yaku="20,1,52,1,54,1" doraHai="94" who="0" fromWho="0" sc="250,70,240,-20,250,-20,250,-20" /><INIT seed="0,1,0,3,1,39" ten="320,220,230,230" oya="0" hai0="95,38,12,132,25,128,55,45,103,91,33,7,120" hai1="18,98,59,90,64,9,11,1,133,97,32,23,5" hai2="19,87,131,117,125,134,41,2,34,61,26,92,6" hai3="122,21,96,112,124,130,126,111,127,74,99,43,53"/><T72/><D72/><U93/><E133/><V68/><F125/><W70/><G111/><T17/><D103/><U109/><E109/><V52/><F134/><W27/><G130/><T54/><D7/><U101/><E32/><V94/><F131/><W81/><G70/><T115/><D115/><U118/><E118/><V80/><F117/><W47/><G112/><T82/><D82/><U100/><E11/><V56/><F68/><W89/><G122/><T20/><D120/><U28/><E28/><V69/><F69/><W66/><G66/><T8/><D33/><U73/><E73/><V108/><F108/><W29/><G53/><T44/><D128/><U104/><E101/><V119/><F119/><W50/><G89/><T114/><D114/><U37/><E37/><V14/><F2/><W49/><G49/><T84/><D132/><U121/><E121/><V40/><F34/><W57/><REACH who="3" step="1"/><G57/><REACH who="3" ten="320,220,230,220" step="2"/><T10/><D38/><U85/><E59/><V51/><F51/><W113/><G113/><T102/><D102/><U58/><E58/><V75/><F52/><N who="0" m="20010" /><D25/><U31/><E64/><V123/><F56/><W0/><G0/><T116/><D116/><U24/><E97/><V71/><F123/><W76/><AGARI ba="1,1" hai="21,27,29,43,47,50,74,76,81,96,99,124,126,127" machi="76" ten="40,8000,1" yaku="1,1,0,1,18,1,52,1,53,0" doraHai="39" doraHaiUra="129" who="3" fromWho="3" sc="320,-41,220,-21,230,-21,220,93" /><INIT seed="1,0,0,2,4,2" ten="279,199,209,313" oya="1" hai0="66,29,133,117,73,13,6,47,48,78,127,98,135" hai1="128,115,28,74,124,18,57,52,54,14,89,112,39" hai2="42,93,96,129,12,121,100,114,101,35,94,61,131" hai3="0,125,108,132,86,72,44,111,50,70,103,82,43"/><U85/><E74/><V91/><F35/><W68/><G72/><T80/><D117/><U120/><E39/><V21/><F121/><W88/><G125/><T69/><D29/><U19/><E120/><V95/><F42/><W76/><G132/><T87/><D127/><U53/><E124/><V17/><F114/><W59/><G103/><T31/><D31/><U79/><E128/><N who="2" m="49227" /><F61/><W106/><G106/><T15/><D73/><U65/><E28/><V30/><F30/><W5/><G59/><T116/><D98/><U122/><E122/><V20/><F20/><W40/><G43/><T90/><D116/><U67/><E115/><V107/><F101/><W23/><G23/><T58/><D69/><U11/><E112/><V60/><F60/><W45/><G44/><T97/><D66/><N who="1" m="25099" /><E79/><V83/><F83/><W118/><G76/><T84/><D58/><U119/><E119/><V3/><F3/><W64/><G118/><T33/><D33/><U51/><E19/><V77/><F77/><W36/><G36/><T9/><D97/><AGARI ba="0,0" hai="12,17,21,91,93,94,95,96,97,100,107" m="49227" machi="97" ten="30,1000,0" yaku="19,1" doraHai="2" who="2" fromWho="0" sc="279,-10,199,0,209,10,313,0" /><INIT seed="2,0,0,1,1,107" ten="269,199,219,313" oya="2" hai0="16,119,38,70,82,31,126,19,91,57,24,34,120" hai1="103,110,29,15,8,13,54,17,53,128,74,41,36" hai2="125,12,88,96,109,83,37,42,33,100,106,26,5" hai3="84,79,134,0,10,68,43,132,116,124,118,63,92"/><V115/><F115/><W73/><G43/><T81/><D70/><U78/><E128/><V39/><F125/><W121/><G63/><T45/><D119/><U4/><E110/><V101/><F109/><W90/><G68/><T112/><D120/><U3/><E103/><V23/><F101/><W122/><G0/><T67/><D112/><U58/><E29/><V105/><F105/><W60/><G10/><T87/><D126/><U129/><E129/><V93/><F83/><N who="3" m="45551" /><G60/><T80/><D45/><N who="1" m="23719" /><E15/><V44/><F33/><W40/><G40/><T7/><D38/><U127/><E58/><V22/><F39/><W69/><G69/><T131/><D131/><U25/><E25/><V76/><F76/><W46/><G46/><T56/><D7/><U98/><E98/><V61/><F61/><W9/><G9/><T71/><D71/><U48/><E48/><V111/><F111/><W47/><G47/><T108/><D108/><U117/><E127/><V30/><F5/><W97/><G124/><T66/><D57/><U6/><E6/><V62/><F62/><W135/><G97/><T104/><D104/><U85/><E85/><V18/><F106/><W35/><G35/><T32/><D32/><U2/><E2/><V89/><AGARI ba="0,0" hai="12,18,22,23,26,30,37,42,44,88,89,93,96,100" machi="89" ten="30,3000,0" yaku="0,1,54,1" doraHai="107" who="2" fromWho="2" sc="269,-10,199,-10,219,30,313,-10" /><INIT seed="2,1,0,1,0,26" ten="259,189,249,303" oya="2" hai0="89,48,52,46,65,69,58,55,32,49,5,37,3" hai1="104,132,102,57,130,88,125,109,96,82,17,115,117" hai2="119,62,54,9,71,73,120,121,21,15,40,35,60" hai3="114,91,95,101,56,27,44,135,2,70,45,103,38"/><V79/><F35/><W19/><G135/><T28/><D5/><U53/><E117/><V83/><F119/><W118/><G118/><T86/><D3/><U50/><E115/><V81/><F40/><W100/><G70/><T61/><D32/><U18/><E109/><V1/><F62/><W99/><G2/><T66/><D28/><U29/><E132/><V126/><F126/><W75/><G75/><T85/><D89/><U116/><E116/><V30/><F81/><W51/><G27/><T42/><D86/><U20/><E130/><V76/><F76/><W72/><G38/><T129/><D85/><N who="1" m="50231" /><E125/><V108/><F108/><W122/><G122/><T0/><D0/><U97/><E104/><V7/><F54/><W78/><G114/><T131/><D66/><U43/><E43/><V107/><F107/><W105/><G19/><N who="1" m="7178" /><E102/><V93/><F1/><W31/><G31/><T110/><D110/><U106/><E106/><V113/><F113/><W128/><G128/><T36/><D36/><U25/><AGARI ba="1,0" hai="20,25,29,50,53,57,96,97" m="7178,50231" machi="25" ten="30,4000,0" yaku="8,1,52,1,54,1" doraHai="26" who="1" fromWho="1" sc="259,-11,189,43,249,-21,303,-11" /><INIT seed="3,0,0,1,4,26" ten="248,232,228,292" oya="3" hai0="134,1,90,76,13,71,70,102,75,135,46,23,35" hai1="3,57,19,52,48,72,83,131,119,124,40,91,66" hai2="104,106,80,108,82,62,21,120,115,132,25,69,61" hai3="97,30,92,33,20,93,94,12,49,86,34,88,109"/><W10/><G109/><T55/><D35/><U73/><E3/><V22/><F69/><W6/><G93/><T44/><D1/><U107/><E107/><V43/><F25/><W65/><G65/><T38/><D102/><U101/><E131/><V126/><F43/><W16/><G49/><T11/><D76/><U54/><E124/><V0/><F0/><W2/><G30/><T105/><D75/><U112/><E119/><V15/><F15/><W78/><G78/><T96/><D23/><N who="2" m="8714" /><F115/><W41/><G41/><T28/><D28/><U9/><E112/><V118/><F118/><W127/><G127/><T8/><D8/><U50/><E101/><AGARI ba="0,0" hai="2,6,10,12,16,20,33,34,86,88,92,94,97,101" machi="101" ten="30,5800,0" yaku="7,1,54,2" doraHai="26" who="3" fromWho="1" sc="248,0,232,-58,228,0,292,58" owari="248,5.0,174,-33.0,228,-17.0,350,45.0" /></mjloggm>