<mjloggm ver="2.3"><GO type="97" lobby="0"/><UN n0="%E3%83%88%E3%82%B7%E3%83%95%E3%83%BC%E3%83%8B" n1="%E3%82%A6%E3%83%AB%E3%83%88%E3%83%A9%E7%AB%8B%E7%9B%B4" n2="%E6%A0%97%E6%9E%97%E9%87%8C%E8%8E%89" n3="%E3%82%A4%E3%83%97%E3%82%B7%E3%83%AD%E3%83%B3%EF%BC%B2" dan="15,15,14,15" rate="2094.12,2032.75,2073.13,2050.60" sx="M,M,M,M"/><TAIKYOKU oya="0"/><INIT seed="0,0,0,0,3,64" ten="250,250,250,250" oya="0" hai0="60,99,133,98,126,1,82,121,107,42,127,10,9" hai1="24,79,93,34,63,46,47,61,103,80,95,5,18" hai2="105,68,13,115,20,67,54,92,65,108,39,120,44" hai3="35,38,21,56,109,36,128,77,6,72,123,118,122"/><T12/><D121/><U71/><E5/><V104/><F115/><W48/><G6/><N who="0" m="1231" /><D42/><U94/><E103/><V110/><F120/><W17/><G56/><T125/><D107/><U132/><E132/><V81/><F81/><W75/><G48/><T19/><D133/><U28/><E18/><V45/><F92/><W59/><G77/><T85/><D60/><U86/><REACH who="1" step="1"/><E61/><REACH who="1" ten="250,240,250,250" step="2"/><V91/><F108/><W57/><G17/><T102/><D102/><U97/><E97/><V7/><F110/><W27/><G109/><T101/><D101/><U26/><E26/><V70/><F7/><W90/><G27/><T41/><D98/><U49/><E49/><V100/><F39/><W96/><G38/><T52/><D99/><U111/><E111/><V30/><F100/><W113/><G96/><T131/><D19/><U74/><E74/><V22/><F30/><W11/><G36/><T114/><D85/><U23/><E23/><V87/><F87/><W43/><G75/><T134/><D134/><U106/><E106/><V50/><F50/><W124/><G72/><T84/><D84/><U15/><E15/><V117/><F13/><W40/><G123/><T31/><D12/><U89/><E89/><V69/><F91/><W135/><G90/><T51/><D51/><U4/><E4/><V3/><F3/><W88/><G122/><T130/><D126/><U116/><E116/><V62/><F117/><W29/><G124/><T2/><D127/><U76/><E76/><V58/><F104/><W8/><G118/><T25/><D125/><U53/><E53/><V83/><F105/><RYUUKYOKU ba="0,1" sc="250,-10,240,30,250,-10,250,-10" hai1="24,28,34,46,47,63,71,79,80,86,93,94,95" /><INIT seed="1,1,1,4,2,50" ten="240,270,240,240" oya="1" hai0="66,123,54,36,28,132,107,80,11,65,71,15,26" hai1="112,19,111,125,87,96,4,95,97,53,43,72,17" hai2="35,102,84,14,133,56,20,105,29,78,94,31,90" hai3="39,115,120,81,7,51,32,25,21,98,101,6,3"/><U8/><E72/><V124/><F124/><W38/><G32/><T30/><D36/><U27/><E43/><V18/><F133/><W60/><G120/><T86/><D107/><U110/><E112/><V108/><F108/><N who="1" m="41513" /><E87/><V127/><F127/><W121/><G115/><T22/><D132/><U69/><E69/><V104/><F78/><W58/><G51/><T76/><D123/><U9/><E97/><V37/><F37/><W99/><G39/><T119/><D119/><U23/><E19/><V128/><F128/><W113/><G38/><T40/><D40/><U47/><E125/><V82/><F35/><W114/><G99/><T45/><D28/><U129/><E129/><V103/><F105/><W52/><G121/><T79/><D79/><U16/><E17/><V88/><F104/><W118/><G118/><T46/><D71/><U67/><E67/><V91/><F91/><W126/><G126/><T122/><D122/><U73/><E73/><V77/><F90/><W59/><G81/><T116/><D116/><U2/><E8/><V92/><F92/><W130/><G130/><T70/><D70/><U1/><E1/><V24/><F56/><N who="3" m="34823" /><G3/><T33/><D46/><U63/><E47/><V34/><REACH who="2" step="1"/><F29/><REACH who="2" ten="240,270,230,240" step="2"/><N who="3" m="17583" /><G114/><T57/><D33/><U68/><E68/><V41/><F41/><W74/><G113/><T13/><D45/><U0/><E95/><V106/><F106/><W75/><G75/><AGARI ba="1,2" hai="14,18,20,24,31,34,75,77,82,84,88,94,102,103" machi="75" ten="30,7700,0" yaku="1,1,7,1,54,1,53,1" doraHai="50" doraHaiUra="89" who="2" fromWho="3" sc="240,0,270,0,230,100,240,-80" /><INIT seed="2,0,0,2,2,91" ten="240,270,330,160" oya="2" hai0="130,129,109,44,124,102,120,110,62,31,118,34,90" hai1="14,134,68,75,119,92,51,125,135,121,104,17,49" hai2="40,83,48,87,82,45,55,1,117,98,111,53,50" hai3="132,72,19,10,18,112,67,5,8,26,113,7,13"/><V65/><F1/><W95/><G72/><T71/><D120/><U24/><E104/><V6/><F117/><W46/><G67/><N who="0" m="41463" /><D118/><U86/><E68/><V99/><F6/><W105/><G105/><T22/><D34/><U58/><E75/><V20/><F111/><N who="0" m="42506" /><D102/><U80/><E24/><V70/><F70/><W114/><G46/><T54/><D124/><U69/><E69/><V97/><F65/><W38/><G38/><T103/><D103/><U131/><E125/><V21/><F40/><W81/><G81/><N who="2" m="30729" /><F87/><W0/><G132/><T35/><D35/><U28/><E121/><V107/><F107/><W123/><G123/><T133/><D133/><U32/><E119/><V64/><F64/><W57/><G57/><AGARI ba="0,0" hai="20,21,45,48,50,53,55,57,97,98,99" m="30729" machi="57" ten="30,1500,0" yaku="8,1" doraHai="91" who="2" fromWho="3" sc="240,0,270,0,330,15,160,-15" /><INIT seed="2,1,0,5,2,62" ten="240,270,345,145" oya="2" hai0="120,19,14,58,56,74,81,119,15,54,114,1,29" hai1="43,83,97,91,76,31,131,61,36,16,78,70,72" hai2="121,66,130,20,92,108,102,7,113,64,104,105,65" hai3="73,57,52,126,18,90,48,67,129,46,40,89,86"/><V30/><F121/><W49/><G73/><T27/><D1/><U79/><E131/><V42/><F113/><W94/><G129/><T9/><D120/><U38/><E31/><V128/><F42/><W69/><G126/><T77/><D114/><U82/><E43/><V21/><F7/><W5/><G5/><T3/><D119/><U68/><E79/><V75/><F75/><W12/><G69/><T122/><D122/><U34/><E34/><V101/><F92/><W132/><G132/><T133/><D133/><U117/><E117/><V24/><F108/><W123/><G123/><T134/><D134/><U110/><E110/><V22/><F130/><W107/><G107/><T115/><D115/><U125/><E125/><V4/><F4/><W63/><G90/><T41/><D41/><U85/><E97/><V116/><F116/><W0/><G0/><T135/><D135/><U47/><E91/><V6/><F6/><W95/><G95/><T87/><D3/><U51/><E51/><V2/><F2/><W26/><G26/><T23/><D74/><U124/><E124/><V106/><REACH who="2" step="1"/><F128/><REACH who="2" ten="240,270,335,145" step="2"/><W127/><G127/><T17/><REACH who="0" step="1"/><D54/><REACH who="0" ten="230,270,335,145" step="2"/><U109/><E72/><V13/><F13/><W88/><G89/><T98/><D98/><U60/><E109/><V93/><F93/><W8/><REACH who="3" step="1"/><G67/><REACH who="3" ten="230,270,335,135" step="2"/><T53/><D53/><U39/><E83/><V32/><AGARI ba="1,3" hai="20,21,22,24,30,32,64,65,66,101,102,104,105,106" machi="32" ten="40,18000,2" yaku="1,1,0,1,29,2,52,3,53,0" doraHai="62" doraHaiUra="59" who="2" fromWho="2" sc="230,-61,270,-61,335,213,135,-61" /><INIT seed="2,2,0,1,4,100" ten="169,209,548,74" oya="2" hai0="94,115,0,121,62,8,18,70,28,83,33,92,72" hai1="67,102,39,17,35,128,9,88,54,34,79,52,53" hai2="113,14,59,40,114,16,12,81,27,105,2,64,104" hai3="71,68,118,90,66,96,129,38,48,5,45,132,36"/><V50/><F2/><W108/><G5/><N who="0" m="1063" /><D94/><U120/><E39/><N who="3" m="14890" /><G90/><T69/><D92/><U127/><E120/><V31/><F81/><W56/><G96/><T32/><D18/><U74/><E67/><V15/><F31/><W19/><G19/><T21/><D21/><U63/><E63/><V25/><F25/><W82/><G82/><T101/><D121/><U107/><E79/><V11/><F27/><W58/><G118/><T55/><D55/><U76/><E76/><V80/><F80/><W20/><G20/><T73/><D101/><U4/><E88/><V116/><F116/><W60/><G132/><T29/><D29/><U87/><E87/><V75/><F75/><N who="0" m="28746" /><D83/><U13/><E74/><V122/><F122/><W57/><G129/><T89/><D89/><U134/><E134/><V1/><F1/><W7/><G108/><T84/><D84/><U111/><E128/><V41/><F14/><W99/><G99/><T30/><D30/><U46/><E111/><V110/><F12/><W123/><G7/><T3/><D115/><U49/><E17/><V106/><F110/><W47/><G123/><T42/><D42/><U61/><E13/><V37/><F37/><W10/><G10/><T86/><D86/><U43/><E9/><V109/><F109/><W77/><G77/><T93/><D93/><U131/><E4/><V119/><F119/><W117/><G117/><T51/><D28/><U124/><E131/><V126/><F114/><W6/><G6/><T23/><D3/><U97/><E61/><N who="2" m="37951" /><F113/><W91/><G91/><T26/><D26/><U22/><E22/><RYUUKYOKU ba="2,0" sc="169,-10,209,30,548,-10,74,-10" hai1="34,35,43,46,49,52,53,54,97,102,107,124,127" /><INIT seed="3,3,0,2,0,36" ten="159,239,538,64" oya="3" hai0="3,97,111,120,40,82,58,68,71,39,44,62,87" hai1="96,42,119,28,77,30,115,67,117,89,101,135,105" hai2="133,134,91,99,41,1,84,69,48,20,29,35,79" hai3="7,76,65,78,33,100,15,55,103,75,5,57,24"/><W66/><G75/><T13/><D3/><U112/><E135/><N who="2" m="51723" /><F1/><W16/><G33/><T123/><D97/><U38/><E77/><N who="3" m="29802" /><G24/><T59/><D87/><U53/><E53/><V116/><F116/><N who="1" m="44617" /><E67/><N who="3" m="25610" /><G100/><T63/><D82/><U11/><E11/><V22/><F69/><N who="0" m="26698" /><D13/><U47/><E89/><V121/><F121/><N who="0" m="46666" /><D111/><U21/><E21/><V127/><F127/><W56/><G103/><T110/><D110/><U46/><E46/><N who="2" m="25679" /><F79/><W102/><G102/><T17/><D17/><U25/><E25/><N who="2" m="18863" /><F99/><W113/><G113/><AGARI ba="3,0" hai="28,30,38,42,47,96,101,105,112,113,115" m="44617" machi="113" ten="30,2000,0" yaku="12,1,52,1" doraHai="36" who="1" fromWho="3" sc="159,0,239,29,538,0,64,-29" owari="159,-24.0,268,7.0,538,63.0,35,-46.0" /></mjloggm>