<mjloggm ver="2.3"><GO type="97" lobby="0"/><UN n0="%E3%82%A6%E3%83%AB%E3%83%88%E3%83%A9%E7%AB%8B%E7%9B%B4" n1="%6B%69%6E%6E%74%79%6F%75" n2="%4A%69%4E%46%49%7A%7A%7A" n3="%35%33%37%44%32%32%31%44" dan="15,14,13,13" rate="1959.46,1951.46,1915.62,1923.71" sx="M,M,M,M"/><TAIKYOKU oya="0"/><INIT seed="0,0,0,0,5,2" ten="250,250,250,250" oya="0" hai0="17,45,96,71,109,43,116,20,117,114,74,123,37" hai1="99,112,82,36,19,70,128,48,132,78,118,47,76" hai2="6,111,125,87,86,101,102,105,63,0,113,69,34" hai3="35,77,61,8,107,38,55,58,95,28,21,40,59"/><T12/><D71/><U120/><E70/><V18/><F113/><W11/><G107/><T73/><D114/><U51/><E120/><V5/><F18/><W75/><G35/><T9/><D123/><U42/><E118/><V108/><F0/><W130/><G130/><T84/><D109/><N who="2" m="42058" /><F34/><W81/><G95/><T121/><D121/><U57/><E128/><V104/><F63/><W10/><G59/><T23/><D117/><U49/><E132/><V66/><F69/><W41/><G38/><T91/><D96/><U56/><E112/><V126/><F66/><W44/><G44/><T32/><D32/><U68/><E68/><V134/><F134/><W62/><G61/><T30/><D116/><U3/><E3/><V22/><F22/><W24/><AGARI ba="0,0" hai="8,10,11,21,24,28,40,41,55,58,62,75,77,81" machi="24" ten="30,1100,0" yaku="0,1" doraHai="2" who="3" fromWho="3" sc="250,-5,250,-3,250,-3,250,11" /><INIT seed="1,0,0,5,0,35" ten="245,247,247,261" oya="1" hai0="101,67,0,126,55,116,119,72,46,96,6,43,128" hai1="103,1,14,108,63,57,113,93,89,60,8,102,21" hai2="125,118,99,39,109,122,50,45,132,62,134,7,110" hai3="17,74,2,104,19,24,52,91,13,111,100,18,124"/><U20/><E113/><V23/><F23/><N who="1" m="8777" /><E108/><N who="2" m="41579" /><F99/><W61/><G24/><T29/><D55/><N who="1" m="33855" /><E1/><V77/><F62/><W68/><G2/><T30/><D30/><U73/><E63/><V81/><F7/><W97/><G74/><T48/><D29/><U86/><E73/><V28/><F28/><W4/><G111/><T42/><D48/><U41/><E41/><N who="2" m="22719" /><F118/><W92/><G124/><T85/><D43/><U130/><E130/><V49/><F122/><W10/><G68/><T79/><D67/><U76/><E76/><V53/><F81/><W15/><G15/><T121/><D121/><U133/><E133/><N who="2" m="51307" /><F77/><W90/><G104/><T25/><D79/><U51/><E51/><N who="2" m="19467" /><F53/><W40/><REACH who="3" step="1"/><G40/><REACH who="3" ten="245,247,247,251" step="2"/><T83/><D119/><U95/><E95/><V5/><F5/><AGARI ba="0,1" hai="5,8,14,86,89,93,102,103" m="33855,8777" machi="5" ten="30,1500,0" yaku="8,1" doraHai="35" who="1" fromWho="2" sc="245,0,247,25,247,-15,251,0" /><INIT seed="1,1,0,1,1,90" ten="245,272,232,251" oya="1" hai0="124,64,103,36,73,10,120,20,58,17,30,129,119" hai1="29,97,14,71,22,95,28,135,24,26,101,74,88" hai2="100,110,35,9,8,78,94,92,106,123,61,57,132" hai3="45,31,27,109,12,134,81,7,32,85,89,41,130"/><U43/><E71/><V107/><F35/><W42/><G109/><T67/><D36/><U91/><E74/><V114/><F123/><W66/><G130/><T131/><D73/><U55/><E43/><V108/><F78/><W133/><G66/><T2/><D58/><U104/><E135/><N who="3" m="51722" /><G45/><T69/><D67/><U102/><E14/><V128/><F132/><W4/><G4/><T11/><D64/><U121/><E104/><V118/><F118/><W82/><G82/><T56/><D56/><U59/><E102/><V65/><F128/><W5/><G5/><T37/><D103/><U60/><E121/><V18/><F114/><W113/><G113/><T46/><D46/><U76/><E76/><V127/><F127/><W1/><G1/><T54/><D124/><U111/><E111/><N who="2" m="42539" /><F18/><W79/><G79/><T16/><D11/><AGARI ba="1,0" hai="7,11,12,27,31,32,41,42,81,85,89" m="51722" machi="11" ten="30,1000,0" yaku="20,1" doraHai="90" who="3" fromWho="0" sc="245,-13,272,0,232,0,251,13" /><INIT seed="2,0,0,2,1,104" ten="232,272,232,264" oya="2" hai0="45,109,65,105,101,128,78,43,44,114,31,121,0" hai1="69,18,49,52,91,73,120,14,118,59,85,56,68" hai2="77,21,123,53,16,113,24,27,135,32,81,58,51" hai3="66,108,82,119,87,130,98,74,39,38,116,76,83"/><V55/><F123/><W71/><G66/><T12/><D12/><U112/><E118/><V129/><F135/><W107/><G71/><T8/><D44/><U3/><E3/><V13/><F129/><W95/><G39/><T63/><D128/><U1/><E1/><V6/><F6/><W30/><G38/><T115/><D121/><U133/><E73/><V92/><F92/><W124/><G130/><T5/><D109/><U61/><E112/><V33/><F113/><W111/><G30/><T110/><D110/><N who="3" m="42025" /><G107/><T40/><D40/><U9/><E133/><V122/><F122/><W84/><G124/><T2/><D2/><U22/><E9/><V90/><F90/><N who="3" m="55671" /><G84/><T106/><D31/><U93/><E120/><V57/><F33/><W103/><G103/><T99/><D105/><U23/><E23/><V97/><F97/><W47/><G47/><T26/><D78/><AGARI ba="0,0" hai="74,76,78,82,83,87,116,119" m="55671,42025" machi="78" ten="30,7700,0" yaku="14,1,34,2,52,1" doraHai="104" who="3" fromWho="0" sc="232,-77,272,0,232,0,264,77" /><INIT seed="3,0,0,0,0,35" ten="155,272,232,341" oya="3" hai0="53,2,56,54,3,74,77,1,112,8,10,126,106" hai1="82,37,29,17,81,94,21,117,30,76,89,100,62" hai2="113,99,109,19,39,57,64,108,110,121,129,124,123" hai3="107,102,71,68,70,135,45,58,83,31,75,13,14"/><W80/><G135/><T119/><D106/><U59/><E37/><V47/><F99/><W36/><G58/><T72/><D119/><U101/><E117/><V87/><F19/><W11/><G31/><T23/><D112/><U96/><E30/><V132/><F87/><W79/><G80/><T111/><D126/><U42/><E29/><V69/><F57/><W125/><G125/><T24/><D111/><U103/><E42/><V0/><F0/><W61/><G14/><T63/><D77/><U5/><E5/><V27/><F27/><W84/><G84/><T86/><D86/><U65/><REACH who="1" step="1"/><E76/><REACH who="1" ten="155,262,232,341" step="2"/><V105/><F124/><W92/><G36/><T78/><D78/><U46/><E46/><V134/><F113/><W98/><G45/><T88/><D88/><U127/><E127/><V7/><F7/><W51/><G51/><T28/><REACH who="0" step="1"/><D54/><REACH who="0" ten="145,262,232,341" step="2"/><U43/><E43/><N who="2" m="23039" /><F105/><W130/><G107/><T25/><D25/><AGARI ba="0,2" hai="17,21,25,59,62,65,81,82,89,94,96,100,101,103" machi="25" ten="40,2600,0" yaku="1,1,8,1,53,0" doraHai="35" doraHaiUra="32" who="1" fromWho="0" sc="145,-26,262,46,232,0,341,0" owari="119,-38.0,308,11.0,232,-17.0,341,44.0" /></mjloggm>