<mjloggm ver="2.3"><GO type="97" lobby="0"/><UN n0="%E5%B2%A1%CF%80" n1="%73%61%72%61%7A%6F" n2="%65%74%61%6B%61%32%34" n3="%E3%82%A6%E3%83%AB%E3%83%88%E3%83%A9%E7%AB%8B%E7%9B%B4" dan="14,15,13,15" rate="1915.44,1926.29,1842.28,1998.49" sx="F,M,M,M"/><TAIKYOKU oya="0"/><INIT seed="0,0,0,2,0,9" ten="250,250,250,250" oya="0" hai0="34,88,93,86,107,62,71,106,55,27,41,79,68" hai1="40,48,111,114,35,20,83,95,17,103,85,38,61" hai2="2,91,130,69,131,108,51,29,60,46,113,37,97" hai3="6,54,92,39,104,134,80,77,8,10,49,32,57"/><T90/><D41/><U43/><E38/><V5/><F113/><W117/><G104/><T76/><D55/><U16/><E35/><V129/><F108/><W73/><G32/><T21/><D34/><U98/><E111/><V42/><F29/><W126/><G117/><T124/><D124/><U133/><E114/><V13/><F2/><W112/><G112/><T118/><D118/><U63/><E133/><V30/><F30/><W121/><G121/><T127/><D127/><U64/><E17/><V82/><F37/><W89/><G126/><T70/><D62/><U110/><E61/><V100/><F69/><W56/><G39/><T12/><D90/><U36/><E48/><V102/><F60/><W25/><G25/><T11/><D107/><U4/><E4/><V99/><F82/><W123/><G123/><T135/><D106/><U14/><E36/><V109/><F109/><W119/><G119/><T101/><D101/><N who="2" m="39018" /><F91/><W0/><G134/><T59/><D59/><N who="1" m="36991" /><E110/><V75/><F75/><W23/><G0/><T96/><D135/><U22/><E22/><V3/><F3/><W105/><G105/><T65/><D65/><U125/><E125/><V132/><F132/><W33/><G33/><T120/><D120/><U44/><E44/><V26/><F26/><W18/><G57/><T47/><D47/><U81/><E81/><V115/><F115/><W52/><G6/><T58/><D58/><U87/><E87/><V19/><F5/><W66/><G66/><T78/><D86/><U7/><E7/><V15/><F19/><W1/><G1/><T67/><D67/><RYUUKYOKU ba="0,0" sc="250,-15,250,15,250,15,250,-15" hai1="14,16,20,40,43,83,85,95,98,103" hai2="13,15,42,46,51,97,99,129,130,131" /><INIT seed="1,1,0,5,1,4" ten="235,265,265,235" oya="1" hai0="15,1,106,7,29,49,82,42,20,76,9,103,107" hai1="11,63,43,89,112,115,14,67,47,17,121,85,38" hai2="10,96,22,94,128,100,125,120,93,33,32,24,71" hai3="6,57,84,40,133,58,55,110,135,45,13,16,68"/><U23/><E121/><V119/><F120/><W124/><G68/><T73/><D103/><U69/><REACH who="1" step="1"/><E23/><REACH who="1" ten="235,255,265,235" step="2"/><V36/><F33/><W98/><G124/><T122/><D20/><U74/><E74/><V5/><F32/><W134/><G133/><T26/><D73/><U130/><E130/><V59/><F125/><W101/><G135/><T27/><D122/><U117/><E117/><V48/><F119/><W109/><G134/><T41/><D107/><U21/><E21/><V34/><F34/><W62/><G109/><T79/><D106/><U75/><E75/><V83/><F128/><W114/><G110/><T60/><D76/><U86/><E86/><V8/><F22/><W116/><G84/><T95/><D79/><U28/><E28/><V53/><F24/><W78/><G78/><T0/><D26/><U97/><E97/><V18/><F18/><W66/><G116/><T65/><D27/><U131/><E131/><V2/><F5/><W90/><G6/><T108/><D7/><U70/><E70/><V77/><F77/><W99/><G99/><T92/><D29/><U39/><E39/><V123/><F36/><W126/><G126/><T54/><D108/><U111/><E111/><V51/><F123/><W91/><G16/><T64/><D0/><U102/><E102/><V81/><F2/><W118/><G118/><T105/><D1/><U88/><E88/><V3/><F3/><W61/><G13/><T104/><D15/><U72/><E72/><V25/><F25/><W52/><G91/><T31/><D31/><U80/><AGARI ba="1,1" hai="11,14,17,38,43,47,63,67,69,80,85,89,112,115" machi="80" ten="20,7800,0" yaku="1,1,0,1,7,1,52,1,53,0" doraHai="4" doraHaiUra="44" who="1" fromWho="1" sc="235,-27,255,91,265,-27,235,-27" /><INIT seed="1,2,0,1,2,41" ten="208,346,238,208" oya="1" hai0="79,82,66,95,116,130,58,59,32,119,24,31,60" hai1="36,131,50,46,114,6,103,61,67,71,72,12,99" hai2="105,17,18,37,118,84,90,9,132,26,20,47,8" hai3="73,3,48,125,93,127,38,56,57,1,115,49,68"/><U64/><E72/><V43/><F118/><W87/><G73/><T55/><D130/><U51/><E114/><V28/><F105/><W77/><G68/><T10/><D10/><U70/><E131/><V53/><F132/><W126/><G38/><T25/><D25/><U0/><E12/><V106/><F106/><W75/><G75/><T80/><D95/><U2/><E6/><V42/><F42/><W100/><G115/><T101/><D101/><U123/><E123/><V15/><F53/><W108/><G108/><T91/><D91/><U98/><E36/><V23/><REACH who="2" step="1"/><F28/><REACH who="2" ten="208,346,228,208" step="2"/><W120/><G120/><T121/><D121/><U52/><E52/><V33/><F33/><W83/><G125/><T89/><D119/><U14/><E67/><V21/><F21/><W128/><G126/><T110/><D116/><U117/><E117/><V113/><F113/><W104/><G127/><T129/><D110/><U107/><E64/><V69/><F69/><W97/><G104/><T5/><D66/><U112/><E71/><V54/><F54/><W81/><G128/><T63/><D129/><U78/><E70/><V88/><F88/><W92/><G100/><T11/><D89/><U102/><E107/><V16/><F16/><W30/><G30/><T13/><D79/><U76/><E112/><V40/><F40/><W4/><G77/><T85/><D32/><U109/><E109/><V111/><F111/><W74/><G4/><T124/><D5/><U134/><E134/><V35/><F35/><W62/><G74/><T7/><D124/><U45/><E103/><V133/><F133/><RYUUKYOKU ba="2,1" sc="208,-10,346,-10,228,30,208,-10" hai2="8,9,15,17,18,20,23,26,37,43,47,84,90" /><INIT seed="2,3,1,2,0,107" ten="198,336,258,198" oya="2" hai0="83,40,73,46,111,45,100,116,22,5,72,37,123" hai1="28,20,121,101,93,124,66,14,4,24,86,133,53" hai2="33,134,63,19,44,118,81,87,51,65,119,113,114" hai3="25,34,7,41,56,109,71,76,55,6,26,103,54"/><V8/><F33/><W31/><G71/><T38/><D123/><U43/><E121/><V64/><F134/><W16/><G109/><T74/><D111/><U75/><E75/><V130/><F130/><W95/><G41/><T127/><D100/><U9/><E124/><V11/><F65/><W128/><G128/><T61/><D61/><U85/><E43/><V36/><F36/><W69/><G69/><T23/><D5/><U91/><E101/><V10/><F19/><W30/><G76/><T110/><D110/><U59/><E66/><V115/><F63/><W120/><G120/><T112/><D112/><U57/><E133/><V84/><F64/><W58/><G34/><T70/><D70/><U29/><E85/><V42/><REACH who="2" step="1"/><F81/><REACH who="2" ten="198,336,248,198" step="2"/><W78/><G16/><T135/><D135/><U17/><E17/><V62/><F62/><W50/><G50/><T97/><D37/><U48/><E29/><V47/><F47/><AGARI ba="3,2" hai="4,9,14,20,24,28,47,48,53,57,59,86,91,93" machi="47" ten="30,2000,0" yaku="7,1,8,1" doraHai="107" who="1" fromWho="2" sc="198,0,336,49,248,-29,198,0" /><INIT seed="3,0,0,5,5,132" ten="198,385,219,198" oya="3" hai0="112,101,96,77,42,122,123,118,69,4,62,11,97" hai1="27,49,16,33,0,73,56,63,109,98,47,120,38" hai2="1,22,111,135,17,104,55,5,12,80,103,113,89" hai3="110,88,95,70,9,108,102,134,18,59,7,87,61"/><W75/><G70/><T129/><D118/><U94/><E38/><V116/><F113/><W10/><G75/><T28/><D112/><U51/><E73/><V46/><F116/><W131/><G134/><T34/><D77/><U91/><E0/><V15/><F135/><W78/><G78/><T68/><D42/><U26/><E120/><V20/><F1/><W85/><G102/><T72/><D72/><U65/><E109/><N who="3" m="42090" /><G131/><T44/><D129/><U36/><E33/><V32/><F32/><W23/><G87/><T48/><D44/><U128/><E36/><V57/><F111/><W105/><G105/><T31/><D48/><N who="1" m="18507" /><E47/><V45/><F104/><W126/><G7/><T86/><D86/><U24/><E128/><V114/><F103/><W3/><G3/><T83/><D83/><U37/><E37/><V76/><F114/><W30/><G30/><T92/><D97/><U127/><E127/><V25/><F89/><W124/><G10/><T50/><D31/><U99/><E99/><V54/><F55/><N who="3" m="34047" /><G9/><T121/><D11/><U19/><AGARI ba="0,0" hai="16,19,24,26,27,56,63,65,91,94,98" m="18507" machi="19" ten="30,2000,0" yaku="8,1,54,1" doraHai="132" who="1" fromWho="1" sc="198,-5,385,20,219,-5,198,-10" owari="193,-21.0,405,51.0,214,1.0,188,-31.0" /></mjloggm>