<mjloggm ver="2.3"><GO type="169" lobby="0"/><UN n0="%7A%65%72%6F%52%58" n1="%E3%81%90%E3%81%9D%E3%83%BC" n2="%E2%86%91%E3%81%84%E3%81%A3%E3%81%9F%E3%82%93%E2%86%93" n3="%EF%BC%88%E2%89%A7%E2%96%BD%E2%89%A6%EF%BC%89" dan="16,16,16,19" rate="2061.64,2066.18,2050.52,2230.81" sx="M,M,F,M"/><TAIKYOKU oya="0"/><INIT seed="0,0,0,3,2,53" ten="250,250,250,250" oya="0" hai0="114,113,76,22,134,111,40,122,7,83,3,135,70" hai1="32,17,71,18,63,90,37,54,20,72,112,118,101" hai2="41,99,85,73,127,131,87,1,94,58,33,62,44" hai3="103,124,77,96,102,98,34,129,92,107,133,39,116"/><T65/><D122/><U51/><E118/><V14/><F1/><W74/><G34/><T30/><D40/><U45/><E32/><V121/><F121/><W93/><G39/><T91/><D91/><U43/><E72/><V67/><F73/><W10/><G116/><T82/><D111/><U55/><E112/><N who="0" m="43113" /><D7/><U50/><E101/><V60/><F33/><W66/><G10/><T16/><D30/><U19/><E90/><V64/><F41/><W5/><G5/><T80/><D3/><U119/><E119/><V27/><F44/><W88/><G66/><T11/><D11/><U104/><E104/><V95/><F27/><W130/><G133/><N who="0" m="50699" /><D65/><U21/><E37/><V49/><F67/><W132/><G132/><T56/><D56/><N who="1" m="35231" /><E71/><V97/><F64/><W38/><G38/><T86/><D70/><U35/><E35/><V36/><F36/><W89/><G124/><T81/><D82/><U31/><E31/><V105/><F127/><W25/><G89/><T46/><D46/><AGARI ba="0,0" hai="17,18,19,20,21,43,45,46,50,51,54" m="35231" machi="46" ten="30,2000,0" yaku="8,1,52,1" doraHai="53" who="1" fromWho="0" sc="250,-20,250,20,250,0,250,0" /><INIT seed="1,0,0,3,3,27" ten="230,270,250,250" oya="1" hai0="72,110,118,108,126,105,95,60,66,6,104,0,58" hai1="113,48,109,19,46,18,122,41,51,24,28,97,47" hai2="4,69,83,50,77,92,130,61,10,3,96,132,45" hai3="98,35,85,52,102,107,33,57,93,15,30,38,9"/><U117/><E113/><V74/><F130/><W25/><G38/><T86/><D118/><U68/><E117/><V100/><F132/><W94/><G85/><T34/><D72/><U75/><E122/><V133/><F133/><W76/><G76/><T39/><D39/><U53/><E68/><V37/><F37/><W7/><REACH who="3" step="1"/><G35/><REACH who="3" ten="230,270,250,240" step="2"/><T119/><D34/><U43/><E75/><V116/><F116/><W56/><G56/><T79/><D86/><U63/><E109/><V84/><F84/><W99/><G99/><T115/><D79/><U70/><E97/><V22/><F77/><W32/><G32/><T16/><D58/><N who="1" m="35279" /><E70/><V49/><F96/><W112/><G112/><T21/><D115/><U125/><E125/><V26/><F74/><W128/><G128/><T8/><D126/><U36/><E36/><V55/><F69/><W129/><G129/><T127/><D127/><U134/><E134/><V65/><F45/><W101/><G101/><T111/><D119/><U81/><E81/><V114/><F83/><W17/><G17/><T12/><D110/><U135/><E135/><V106/><F100/><W103/><G103/><T91/><D111/><U88/><E88/><V67/><F114/><W80/><G80/><T82/><D82/><U87/><E87/><V62/><F106/><W78/><G78/><T2/><D108/><U89/><E89/><V54/><F92/><W5/><G5/><T123/><D105/><U29/><E19/><V121/><F4/><W31/><G31/><T11/><D123/><U64/><E64/><N who="2" m="24651" /><F121/><W71/><G71/><N who="0" m="42439" /><D104/><U40/><E40/><RYUUKYOKU ba="0,1" sc="230,-15,270,15,250,-15,240,15" hai1="18,24,28,29,41,43,46,47,48,51" hai3="7,9,15,25,30,33,52,57,93,94,98,102,107" /><INIT seed="1,1,1,3,2,117" ten="215,285,235,255" oya="1" hai0="66,103,45,13,107,75,109,113,11,23,76,99,92" hai1="21,108,5,32,114,28,105,53,61,93,119,86,65" hai2="80,42,132,120,134,90,91,10,118,3,133,95,68" hai3="82,126,131,54,59,100,0,60,79,64,74,115,51"/><U128/><E114/><V71/><F118/><W84/><G115/><T104/><D113/><U94/><E119/><V47/><F120/><W116/><G116/><T121/><D109/><U41/><E105/><V38/><F80/><W110/><G0/><T7/><D66/><U58/><E32/><V56/><F56/><W48/><G110/><T19/><D121/><U40/><E108/><V83/><F83/><W33/><G33/><T124/><D124/><U106/><E106/><V9/><F91/><W81/><G131/><T135/><D135/><U43/><E128/><V44/><F44/><W39/><G39/><T26/><D76/><U85/><E5/><N who="2" m="1215" /><F10/><W46/><G100/><T24/><D75/><U69/><E69/><V129/><F129/><W52/><G126/><T70/><D70/><U57/><E86/><AGARI ba="1,1" hai="38,42,47,68,71,86,90,95,132,133,134" m="1215" machi="86" ten="30,1000,0" yaku="20,1" doraHai="117" who="2" fromWho="1" sc="215,0,285,-13,235,23,255,0" /><INIT seed="2,0,0,5,5,28" ten="215,272,258,255" oya="2" hai0="103,52,26,13,115,108,22,39,19,31,38,124,131" hai1="48,59,21,113,46,99,88,92,67,27,68,135,12" hai2="72,42,130,49,74,81,33,78,91,118,17,44,25" hai3="54,9,76,35,128,3,86,24,56,97,69,64,121"/><V2/><F118/><W10/><G121/><T125/><D115/><U7/><E113/><V29/><F130/><W57/><G128/><T127/><D131/><U107/><E135/><V41/><F2/><W122/><G122/><T53/><D108/><U6/><E68/><V90/><F74/><W96/><G69/><T94/><D103/><U8/><E107/><V40/><REACH who="2" step="1"/><F17/><REACH who="2" ten="215,272,248,255" step="2"/><W14/><G3/><T119/><D119/><U85/><E6/><V20/><F20/><W134/><G134/><T111/><D111/><U123/><E123/><V82/><F82/><W83/><G83/><T110/><D110/><U120/><E120/><V129/><F129/><W132/><G132/><T43/><D94/><U5/><E5/><V89/><AGARI ba="0,1" hai="25,29,33,40,41,42,44,49,72,78,81,89,90,91" machi="89" ten="30,6000,0" yaku="1,1,0,1,52,1,53,0" doraHai="28" doraHaiUra="62" who="2" fromWho="2" sc="215,-20,272,-20,248,70,255,-20" /><INIT seed="2,1,0,5,5,42" ten="195,252,318,235" oya="2" hai0="113,3,86,50,40,84,1,75,65,129,8,101,74" hai1="54,26,96,100,21,46,81,19,99,82,130,110,122" hai2="132,43,117,90,114,10,23,93,73,128,4,20,32" hai3="5,83,27,41,67,135,58,31,127,94,111,2,47"/><V89/><F32/><W64/><G111/><T126/><D113/><U119/><E119/><V45/><F117/><W66/><G135/><T11/><D129/><U56/><E110/><V33/><F33/><W123/><G123/><T60/><D126/><U72/><E130/><V0/><F114/><W92/><G127/><T116/><D116/><U98/><E122/><V35/><F35/><W13/><G2/><T24/><D101/><U69/><E69/><V25/><F128/><W62/><G83/><N who="1" m="31754" /><E72/><V131/><F131/><W68/><G68/><T7/><D24/><U37/><E37/><V16/><F73/><W51/><G5/><T49/><D40/><U88/><E100/><V34/><F34/><W107/><G13/><T38/><D7/><U12/><E12/><V71/><F71/><W133/><G107/><T108/><D108/><U53/><E53/><V124/><F132/><W63/><G133/><T52/><D65/><N who="3" m="25193" /><G63/><T115/><D60/><N who="1" m="35863" /><E46/><V105/><F105/><W59/><G59/><T78/><D115/><U39/><E39/><V30/><F124/><W77/><G77/><T55/><REACH who="0" step="1"/><D38/><REACH who="0" ten="185,252,318,235" step="2"/><U79/><E79/><AGARI ba="1,1" hai="1,3,8,11,49,50,52,55,74,75,78,79,84,86" machi="79" ten="25,8000,1" yaku="1,1,2,1,22,2,54,1,53,0" doraHai="42" doraHaiUra="14" who="0" fromWho="1" sc="185,93,252,-83,318,0,235,0" /><INIT seed="3,0,0,1,2,112" ten="278,169,318,235" oya="3" hai0="33,46,115,116,79,94,15,40,2,110,83,6,126" hai1="44,53,24,113,86,69,80,1,67,66,131,12,30" hai2="90,101,99,118,107,50,106,27,114,5,55,68,91" hai3="123,75,102,124,13,121,111,120,21,57,130,88,38"/><W23/><G75/><T8/><D33/><U20/><E1/><V125/><F114/><W89/><G38/><N who="0" m="21783" /><D115/><U63/><E131/><V74/><F74/><W77/><G77/><T51/><D110/><U81/><E113/><V45/><F68/><W17/><G111/><T129/><D129/><U39/><E67/><V48/><F125/><W4/><G130/><T70/><D70/><U82/><E12/><V18/><F5/><W98/><G124/><T52/><D94/><U122/><E122/><V19/><F106/><W62/><G4/><T37/><D15/><U28/><E28/><V25/><F118/><W22/><G102/><T71/><D71/><U117/><E117/><V64/><F64/><W43/><G43/><T11/><D11/><U93/><E93/><V3/><F3/><W32/><G32/><T132/><D37/><U49/><REACH who="1" step="1"/><E39/><REACH who="1" ten="278,159,318,235" step="2"/><V108/><F107/><W9/><REACH who="3" step="1"/><G98/><REACH who="3" ten="278,159,318,225" step="2"/><T85/><D126/><U35/><E35/><V61/><F99/><W87/><G87/><AGARI ba="0,2" hai="20,24,30,44,49,53,63,66,69,80,81,82,86,87" machi="87" ten="40,1300,0" yaku="1,1,53,0" doraHai="112" doraHaiUra="105" who="1" fromWho="3" sc="278,0,159,33,318,0,225,-13" /><INIT seed="4,0,0,2,4,2" ten="278,192,318,212" oya="0" hai0="29,8,4,132,38,36,11,5,20,14,94,45,104" hai1="68,110,10,21,107,30,41,109,51,67,114,69,101" hai2="7,86,96,93,73,6,65,82,80,122,91,17,64" hai3="135,57,115,97,134,85,123,12,56,84,13,89,15"/><T24/><D104/><U59/><E107/><V105/><F122/><W100/><G123/><T48/><D94/><U25/><E101/><N who="2" m="60559" /><F73/><W121/><G121/><T118/><D132/><N who="3" m="50729" /><G115/><T76/><D76/><U120/><E120/><V60/><F105/><N who="3" m="63631" /><G85/><T1/><REACH who="0" step="1"/><D118/><REACH who="0" ten="268,192,318,212" step="2"/><U18/><E114/><V61/><F82/><AGARI ba="0,1" hai="12,13,15,56,57,82,84,89" m="63631,50729" machi="82" ten="30,1000,0" yaku="20,1" doraHai="2" who="3" fromWho="2" sc="268,0,192,0,318,-10,212,20" /><INIT seed="5,0,0,2,3,44" ten="268,192,308,232" oya="1" hai0="54,114,31,109,57,27,60,77,113,88,61,9,131" hai1="94,13,42,91,122,5,26,126,56,33,17,69,48" hai2="130,101,112,55,121,108,102,123,64,135,105,117,120" hai3="45,25,0,119,20,84,36,87,49,89,14,96,133"/><U19/><E122/><V23/><F130/><W43/><G0/><T100/><D109/><U98/><E69/><V79/><F135/><W50/><G133/><T4/><D131/><U53/><E126/><V85/><F108/><W35/><G119/><T30/><D77/><U66/><E33/><V67/><F117/><W3/><G3/><N who="0" m="159" /><D100/><U125/><E125/><V34/><F34/><W63/><G35/><N who="0" m="20959" /><D31/><U78/><E78/><V68/><F112/><N who="0" m="43114" /><D88/><U58/><E42/><V21/><F102/><W81/><G96/><T22/><D22/><N who="1" m="13663" /><E5/><V132/><F101/><W90/><G14/><T93/><D93/><U52/><E66/><V75/><F67/><W111/><G111/><T73/><D73/><U83/><E83/><V28/><F64/><W134/><G134/><T6/><D6/><U129/><E129/><V116/><F123/><W127/><G127/><T128/><D128/><U65/><E65/><V47/><F132/><W80/><G63/><AGARI ba="0,0" hai="54,57,60,61,63" m="43114,20959,159" machi="63" ten="30,1000,0" yaku="15,1" doraHai="44" who="0" fromWho="3" sc="268,10,192,0,308,0,232,-10" /><INIT seed="6,0,0,3,0,38" ten="278,192,308,222" oya="2" hai0="102,109,30,88,19,72,87,117,126,58,40,41,93" hai1="57,95,130,132,76,52,15,81,106,82,116,55,45" hai2="14,67,44,50,111,127,85,21,34,22,59,9,62" hai3="94,97,100,103,53,17,98,8,75,135,99,89,129"/><V101/><F34/><W54/><G75/><T110/><D72/><U121/><E116/><V10/><F111/><W13/><G135/><T56/><D117/><U47/><E106/><V66/><F127/><W1/><G1/><T83/><D110/><U12/><E132/><V84/><F67/><W86/><REACH who="3" step="1"/><G129/><REACH who="3" ten="278,192,308,212" step="2"/><T36/><D109/><U113/><E130/><V48/><F9/><W3/><G3/><T51/><D126/><U25/><E121/><V33/><F10/><W134/><G134/><T73/><D73/><U35/><E113/><V49/><F44/><W114/><G114/><T29/><D36/><U70/><E47/><V24/><F85/><W122/><G122/><T4/><D87/><U43/><E45/><V79/><F84/><W112/><G112/><T63/><D4/><U18/><E82/><V65/><F79/><W71/><G71/><T91/><D83/><U28/><E70/><V118/><F118/><W69/><G69/><T64/><D93/><U26/><E81/><V23/><F24/><W120/><G120/><T80/><D80/><U105/><E76/><V77/><F77/><W115/><G115/><T78/><D78/><U133/><E133/><V16/><F101/><AGARI ba="0,1" hai="8,13,17,53,54,86,89,94,97,98,99,100,101,103" machi="101" ten="40,2600,0" yaku="1,1,8,1,53,0" doraHai="38" doraHaiUra="128" who="3" fromWho="2" sc="278,0,192,0,308,-26,212,36" /><INIT seed="7,0,0,5,3,111" ten="278,192,282,248" oya="3" hai0="69,106,25,90,56,54,17,66,7,118,1,105,59" hai1="58,75,14,9,34,46,26,80,48,95,125,130,67" hai2="27,19,11,23,100,120,96,77,10,112,31,57,81" hai3="117,93,76,18,115,83,33,73,107,53,36,103,55"/><W43/><G33/><T5/><D118/><U2/><E130/><V38/><F120/><W101/><G117/><T127/><D69/><U110/><E110/><V70/><F70/><W87/><G103/><T63/><D106/><U71/><E125/><V99/><F38/><W32/><G32/><T12/><D105/><U40/><E71/><V97/><F100/><W45/><G115/><T98/><D25/><U84/><E2/><V78/><F112/><W113/><G113/><T42/><D42/><U28/><E75/><V109/><F109/><W102/><G102/><T50/><D1/><U21/><E95/><V116/><F116/><W44/><G18/><T15/><D127/><U47/><E34/><V20/><F57/><W86/><G45/><T132/><D132/><U122/><E122/><V82/><F82/><W79/><G86/><T123/><D123/><U72/><E72/><V124/><F124/><W35/><G35/><T0/><D0/><U62/><E40/><V85/><REACH who="2" step="1"/><F78/><REACH who="2" ten="278,192,272,248" step="2"/><W61/><G79/><T24/><D56/><U131/><E131/><V68/><F68/><W133/><G76/><T94/><D59/><U104/><E104/><V114/><F114/><W134/><G36/><T119/><D119/><U135/><E135/><V41/><F41/><W6/><G43/><T88/><D94/><U51/><E47/><V37/><F37/><W39/><G44/><T49/><D90/><N who="1" m="51463" /><E46/><V89/><F89/><W74/><G39/><T65/><D88/><U92/><E92/><V3/><F3/><W108/><G134/><T4/><D98/><U121/><E121/><RYUUKYOKU ba="0,1" sc="278,-15,192,15,272,15,248,-15" hai1="9,14,21,26,28,48,51,58,62,67" hai2="10,11,19,20,23,27,31,77,81,85,96,97,99" /><INIT seed="8,1,1,0,1,87" ten="263,207,287,233" oya="0" hai0="121,88,43,105,108,134,36,3,78,10,33,20,61" hai1="50,29,24,135,8,56,122,118,133,89,53,71,39" hai2="127,85,37,62,68,11,72,73,102,123,2,116,81" hai3="46,119,16,83,103,41,82,57,67,84,126,131,120"/><T128/><D121/><U44/><E122/><V54/><F123/><W112/><G120/><RYUUKYOKU type="kaze4" ba="1,1" sc="263,0,207,0,287,0,233,0" /><INIT seed="8,2,1,4,3,81" ten="263,207,287,233" oya="0" hai0="17,71,54,118,125,56,42,34,43,47,129,92,133" hai1="116,28,39,88,53,79,124,5,134,99,49,36,76" hai2="4,103,58,108,20,86,18,52,45,69,3,130,126" hai3="41,100,98,19,80,75,21,60,13,8,1,65,15"/><T11/><D34/><U115/><E116/><V104/><F108/><W2/><G41/><T82/><D71/><U62/><E28/><V73/><F73/><W9/><G75/><T95/><D118/><U109/><E109/><V114/><F114/><W107/><G80/><T101/><D133/><U16/><E5/><V70/><F130/><W121/><G121/><T117/><D117/><U37/><E134/><V31/><F31/><W7/><REACH who="3" step="1"/><G8/><REACH who="3" ten="263,207,287,223" step="2"/><T120/><D43/><U96/><E115/><V46/><F126/><W122/><G122/><T83/><D42/><U93/><E124/><V113/><F113/><W74/><G74/><T68/><D83/><U48/><E99/><V106/><F70/><AGARI ba="2,2" hai="1,2,7,9,13,15,19,21,60,65,70,98,100,107" machi="70" ten="30,3900,0" yaku="1,1,7,1,53,1" doraHai="81" doraHaiUra="102" who="3" fromWho="2" sc="263,0,207,0,287,-45,223,65" /><INIT seed="9,0,0,1,3,42" ten="263,207,242,288" oya="1" hai0="87,50,59,130,114,63,11,34,93,92,90,51,101" hai1="128,124,118,64,82,33,21,27,44,13,0,127,61" hai2="106,65,113,131,6,23,125,29,104,75,52,72,28" hai3="1,53,57,31,134,56,48,12,69,78,133,20,95"/><U85/><E118/><V5/><F125/><N who="1" m="48201" /><E0/><V47/><F131/><W19/><G1/><T4/><D114/><U68/><E128/><V98/><F113/><W41/><G69/><T120/><D130/><U97/><E97/><V73/><F65/><W88/><G78/><T107/><D107/><U77/><E33/><V84/><F84/><N who="3" m="52615" /><G41/><T70/><D70/><U10/><E44/><V14/><F104/><W15/><G31/><T80/><D34/><U67/><E61/><V71/><F71/><W103/><G103/><T66/><D120/><U62/><E62/><V36/><F29/><W25/><G57/><T55/><D101/><U135/><E68/><V111/><F111/><W108/><G108/><T45/><REACH who="0" step="1"/><D51/><REACH who="0" ten="253,207,242,288" step="2"/><U119/><E119/><V18/><F106/><W9/><G25/><T8/><D8/><U117/><E117/><V40/><F36/><W22/><G22/><T3/><AGARI ba="0,1" hai="3,4,11,45,50,55,59,63,66,80,87,90,92,93" machi="3" ten="20,5200,0" yaku="1,1,0,1,7,1,52,1,53,0" doraHai="42" doraHaiUra="126" who="0" fromWho="0" sc="253,62,207,-26,242,-13,288,-13" owari="315,41.0,181,-32.0,229,-17.0,275,8.0" /></mjloggm>