<mjloggm ver="2.3"><GO type="97" lobby="0"/><UN n0="%E5%9B%A0%E5%B9%A1" n1="%E3%82%A6%E3%83%AB%E3%83%88%E3%83%A9%E7%AB%8B%E7%9B%B4" n2="%E3%81%9F%E3%81%84%E3%82%89%E3%81%9F%E3%81%84%E3%81%AF%E3%82%93" n3="%31%32%6F%6B" dan="14,15,13,13" rate="1884.37,2019.66,1867.91,1851.60" sx="M,M,M,M"/><TAIKYOKU oya="0"/><INIT seed="0,0,0,1,1,105" ten="250,250,250,250" oya="0" hai0="134,94,111,66,68,22,65,135,127,64,62,97,112" hai1="52,9,19,32,0,16,48,18,79,34,30,106,117" hai2="7,131,15,28,114,45,24,11,101,102,27,55,58" hai3="1,54,133,50,83,3,4,72,115,17,80,60,47"/><T121/><D112/><U39/><E39/><V36/><F114/><W33/><G115/><T5/><D121/><U78/><E106/><V123/><F131/><W70/><G33/><T29/><D127/><U73/><E117/><V92/><F123/><W118/><G118/><T126/><D126/><U124/><E124/><V6/><F27/><W56/><G70/><T120/><D120/><U21/><E21/><V37/><F6/><W88/><G4/><T100/><D5/><U96/><E0/><V41/><F92/><W87/><G133/><N who="0" m="50699" /><D111/><U38/><E38/><V20/><REACH who="2" step="1"/><F36/><REACH who="2" ten="250,250,240,250" step="2"/><W51/><G51/><AGARI ba="0,1" hai="7,11,15,20,24,28,37,41,45,51,55,58,101,102" machi="51" ten="30,3900,0" yaku="1,1,2,1,7,1,53,0" doraHai="105" doraHaiUra="31" who="2" fromWho="3" sc="250,0,250,0,240,49,250,-39" /><INIT seed="1,0,0,4,5,109" ten="250,250,289,211" oya="1" hai0="129,45,49,101,124,86,68,9,39,125,50,2,56" hai1="21,108,52,32,73,75,10,48,64,51,47,54,70" hai2="77,80,37,35,13,66,30,78,114,98,99,12,46" hai3="7,38,31,3,104,23,41,18,84,8,107,118,26"/><U59/><E32/><V103/><F66/><W105/><G118/><T43/><D101/><U28/><E108/><V112/><F77/><W25/><G84/><T110/><D110/><U133/><E133/><V53/><F35/><W55/><G41/><T24/><D129/><U116/><E116/><V65/><F65/><W58/><G38/><T11/><D68/><U89/><E10/><N who="0" m="3593" /><D2/><U15/><E89/><V67/><F67/><W36/><G36/><T42/><D42/><U40/><E40/><V126/><F126/><N who="0" m="48746" /><D56/><U135/><E135/><V63/><F37/><W17/><REACH who="3" step="1"/><G26/><REACH who="3" ten="250,250,289,201" step="2"/><T62/><D24/><U6/><E73/><V27/><F98/><W119/><G119/><T14/><D86/><U132/><E75/><V44/><F27/><W87/><G87/><T34/><D39/><U123/><E132/><V16/><F30/><W71/><G71/><T111/><D43/><U4/><E28/><V121/><F121/><W96/><G96/><T22/><D111/><U134/><E134/><V81/><F99/><W117/><G117/><T57/><D49/><AGARI ba="0,1" hai="3,7,8,17,18,23,25,31,49,55,58,104,105,107" machi="49" ten="40,1300,0" yaku="1,1,53,0" doraHai="109" doraHaiUra="128" who="3" fromWho="0" sc="250,-13,250,0,289,0,201,23" /><INIT seed="2,0,0,2,4,126" ten="237,250,289,224" oya="2" hai0="121,72,71,109,15,31,14,105,62,100,92,81,1" hai1="54,117,25,114,58,125,96,8,19,84,130,28,99" hai2="11,20,82,79,86,41,9,135,38,16,56,34,128" hai3="108,7,91,17,37,95,107,45,104,66,60,69,106"/><V124/><F34/><W78/><G7/><T27/><D121/><U110/><E117/><V87/><F124/><W23/><G108/><T120/><D120/><U4/><E114/><V115/><F115/><W98/><G78/><N who="0" m="44231" /><D92/><U57/><E110/><V89/><F135/><W65/><G66/><N who="0" m="41431" /><D1/><U129/><E125/><V53/><F128/><N who="1" m="49257" /><E84/><V10/><F41/><W93/><G93/><T22/><D22/><N who="1" m="13535" /><E28/><V119/><F38/><W103/><G45/><T59/><D59/><N who="1" m="22539" /><E54/><V70/><F70/><W44/><G44/><T61/><D109/><U26/><E26/><N who="2" m="14599" /><F119/><W94/><G37/><T134/><D134/><U3/><AGARI ba="0,0" hai="3,4,8,96,99" m="22539,13535,49257" machi="3" ten="30,7900,0" yaku="19,1,52,3" doraHai="126" who="1" fromWho="1" sc="237,-20,250,79,289,-39,224,-20" /><INIT seed="3,0,0,1,3,98" ten="217,329,250,204" oya="3" hai0="5,124,35,57,31,19,130,25,73,133,50,52,105" hai1="134,81,2,22,55,95,36,101,128,8,30,62,82" hai2="40,3,51,12,48,28,66,84,97,112,68,118,38" hai3="83,107,119,41,79,129,47,120,108,91,63,103,6"/><W0/><G120/><T13/><D73/><U29/><E36/><V46/><F118/><W39/><G119/><T33/><D124/><U71/><E128/><V87/><F112/><W127/><G127/><T88/><D105/><U96/><E134/><V27/><F3/><W26/><G26/><T1/><D133/><U111/><E111/><V17/><F68/><W65/><G91/><T54/><D130/><U121/><E121/><V15/><F66/><W58/><G129/><T109/><D109/><U104/><E104/><V59/><F38/><W80/><G108/><T7/><D35/><U20/><E8/><V92/><F12/><W77/><G77/><T78/><D78/><U64/><E2/><V115/><F115/><W90/><G90/><T32/><D32/><U113/><E113/><V67/><F51/><W102/><G107/><T131/><D1/><U135/><E135/><V60/><F17/><W21/><G21/><T44/><D88/><U117/><E117/><V9/><F9/><W23/><G23/><T76/><D76/><U132/><E132/><V99/><F99/><W45/><G45/><T94/><D131/><U93/><E93/><V89/><REACH who="2" step="1"/><F15/><REACH who="2" ten="217,329,240,204" step="2"/><W106/><G106/><T42/><D13/><U53/><E29/><V114/><F114/><W34/><G34/><AGARI ba="0,1" hai="27,28,34,40,46,48,59,60,67,84,87,89,92,97" machi="34" ten="30,2000,0" yaku="1,1,7,1,53,0" doraHai="98" doraHaiUra="10" who="2" fromWho="3" sc="217,0,329,0,240,30,204,-20" owari="217,-18.0,329,43.0,270,7.0,184,-32.0" /></mjloggm>