<mjloggm ver="2.3"><GO type="97" lobby="0"/><UN n0="%E3%82%A6%E3%83%AB%E3%83%88%E3%83%A9%E7%AB%8B%E7%9B%B4" n1="%E3%81%99%E3%81%84%E3%81%A6%E3%81%8D%E5%AE%88" n2="%E5%85%A8%E8%A3%B8%E3%81%A7%E7%82%AD%E5%A0%80" n3="%E9%BE%8D%E6%8B%B3" dan="15,14,14,13" rate="1994.04,1877.30,1976.83,1882.89" sx="M,M,M,M"/><TAIKYOKU oya="0"/><INIT seed="0,0,0,4,1,37" ten="250,250,250,250" oya="0" hai0="53,5,101,116,59,81,52,49,89,96,122,75,51" hai1="127,1,109,14,39,113,102,47,21,35,104,0,133" hai2="67,90,24,73,105,25,115,118,30,123,112,42,93" hai3="130,9,63,87,7,3,103,18,45,38,48,10,17"/><T88/><D122/><U128/><RYUUKYOKU type="yao9" ba="0,0" sc="250,0,250,0,250,0,250,0" hai1="0,1,14,21,35,39,47,102,104,109,113,127,128,133" /><INIT seed="0,1,0,3,1,79" ten="250,250,250,250" oya="0" hai0="18,42,124,19,15,59,21,61,44,36,72,132,71" hai1="102,24,88,5,30,90,74,29,101,31,92,9,111" hai2="135,48,98,89,80,55,118,58,83,2,32,20,109" hai3="6,53,23,7,17,95,122,40,97,114,13,99,27"/><T91/><D72/><U28/><E111/><V108/><F32/><W76/><G114/><T126/><D71/><U73/><E90/><V70/><F118/><W66/><G122/><T46/><D132/><U123/><N who="1" m="7168" /><DORA hai="96" /><U133/><E24/><V119/><F119/><W78/><G99/><T16/><D46/><U69/><E69/><V56/><F70/><W51/><G66/><T12/><D91/><U0/><E133/><V75/><F2/><W105/><G105/><T52/><REACH who="0" step="1"/><D19/><REACH who="0" ten="240,250,250,250" step="2"/><U116/><E116/><V43/><F75/><W117/><G117/><T129/><D129/><U11/><E123/><V86/><F135/><W65/><G40/><T1/><D1/><U127/><E74/><V25/><F109/><W49/><G65/><T85/><D85/><U106/><E73/><V26/><F108/><W104/><G76/><T38/><D38/><U68/><E0/><V34/><F43/><W63/><G78/><T100/><D100/><N who="1" m="38507" /><E5/><V77/><F34/><W93/><G6/><T8/><AGARI ba="1,1" hai="8,12,15,16,18,21,36,42,44,52,59,61,124,126" machi="8" ten="30,11700,0" yaku="1,1,0,1,54,2,53,0" doraHai="79,96" doraHaiUra="94,121" who="0" fromWho="0" sc="240,130,250,-40,250,-40,250,-40" /><INIT seed="0,2,0,4,0,117" ten="370,210,210,210" oya="0" hai0="11,9,130,71,49,26,51,94,119,110,28,72,13" hai1="58,37,116,31,56,118,87,22,68,98,16,122,113" hai2="86,50,62,40,108,129,14,20,30,18,60,35,105" hai3="6,79,61,109,131,82,52,103,32,95,27,5,114"/><T83/><D71/><U104/><E68/><V111/><F105/><W74/><G114/><T78/><D119/><U123/><E37/><V120/><F129/><W41/><G131/><T127/><D127/><U102/><E113/><V63/><F86/><W55/><G109/><N who="2" m="42057" /><F35/><W115/><G115/><T101/><D11/><U133/><E133/><V69/><F69/><W10/><G41/><T17/><D130/><U42/><E42/><V88/><F30/><W80/><G80/><T3/><D3/><U70/><E70/><V59/><F88/><W85/><G6/><T90/><D101/><U107/><E107/><V25/><F25/><W15/><G61/><T1/><D1/><U39/><E39/><V97/><F97/><W124/><G124/><T53/><D110/><U67/><E87/><V23/><F23/><W0/><G0/><T132/><D132/><U75/><E75/><V81/><F81/><W125/><G125/><T44/><D83/><U48/><E31/><V12/><F12/><W91/><G32/><T92/><D78/><U29/><E29/><V128/><F128/><W43/><G27/><T93/><D90/><U19/><E116/><V54/><F40/><W135/><G135/><T64/><D72/><U34/><E34/><V8/><F8/><W89/><G103/><T4/><D28/><U134/><E134/><V38/><F38/><W77/><G77/><T96/><D26/><N who="1" m="14663" /><E118/><V106/><F106/><W21/><G43/><N who="0" m="24735" /><D96/><U2/><E2/><V99/><F99/><N who="3" m="57839" /><G21/><T84/><D84/><U65/><E104/><V7/><F7/><W46/><G74/><RYUUKYOKU ba="2,0" sc="370,-10,210,-10,210,30,210,-10" hai2="14,18,20,50,54,59,60,62,63,120" /><INIT seed="1,3,0,4,4,121" ten="360,200,240,200" oya="1" hai0="87,115,31,114,11,113,8,71,60,129,4,45,27" hai1="0,50,39,46,20,79,124,96,68,117,41,37,73" hai2="90,130,93,95,86,34,53,127,44,97,56,67,65" hai3="84,108,104,116,33,16,35,89,66,36,19,101,106"/><U92/><E0/><V28/><F130/><W119/><G36/><T14/><D45/><U42/><E117/><N who="3" m="45130" /><G66/><T99/><D99/><U83/><E68/><V82/><F127/><W125/><G125/><T109/><D60/><U25/><E124/><V30/><F34/><N who="3" m="12811" /><G101/><T12/><D87/><U81/><E81/><V26/><F26/><W118/><N who="3" m="45138" /><W123/><DORA hai="55" /><G123/><T80/><D80/><U23/><E42/><V57/><F95/><N who="3" m="54695" /><G108/><T64/><D64/><N who="2" m="24650" /><F44/><W38/><G38/><T122/><D71/><U70/><E70/><V85/><F85/><W91/><G91/><T47/><D47/><U3/><E3/><V120/><F120/><W77/><G77/><T52/><D122/><U78/><E78/><N who="2" m="46423" /><F53/><W1/><G1/><T98/><D129/><U72/><E72/><V105/><F105/><AGARI ba="3,0" hai="16,19,104,105,106" m="54695,12811,45138" machi="105" ten="50,3200,0" yaku="12,1,54,1" doraHai="121,55" who="3" fromWho="2" sc="360,0,200,0,240,-41,200,41" /><INIT seed="2,0,0,0,5,37" ten="360,200,199,241" oya="2" hai0="82,55,47,133,62,123,3,15,49,24,135,71,124" hai1="101,76,67,23,57,92,111,129,107,35,97,81,105" hai2="40,30,75,27,42,102,9,99,114,95,80,106,25" hai3="16,11,63,14,85,121,19,104,41,130,103,100,64"/><V79/><F114/><W127/><G121/><T109/><D3/><U72/><E111/><V84/><F9/><W4/><G127/><T128/><D24/><U65/><E35/><V33/><REACH who="2" step="1"/><F25/><REACH who="2" ten="360,200,189,241" step="2"/><W58/><G130/><T17/><D128/><U66/><E129/><V113/><F113/><W90/><G104/><T2/><D123/><U54/><REACH who="1" step="1"/><E23/><REACH who="1" ten="360,190,189,241" step="2"/><V108/><F108/><W1/><G1/><T18/><D2/><U110/><E110/><V21/><F21/><W0/><G0/><T52/><D109/><U116/><E116/><V126/><F126/><W46/><G100/><T78/><D124/><U5/><E5/><V70/><F70/><W94/><REACH who="3" step="1"/><G103/><REACH who="3" ten="360,190,189,231" step="2"/><T117/><D117/><U13/><E13/><V38/><F38/><AGARI ba="0,3" hai="4,11,14,16,19,38,41,46,58,63,64,85,90,94" machi="38" ten="30,8000,1" yaku="1,1,2,1,7,1,52,1,54,1,53,0" doraHai="37" doraHaiUra="96" who="3" fromWho="2" sc="360,0,190,0,189,-80,231,110" /><INIT seed="3,0,0,2,4,11" ten="360,190,109,341" oya="3" hai0="12,102,59,98,51,27,124,7,97,1,86,36,10" hai1="84,118,76,105,66,88,112,46,45,56,57,99,53" hai2="100,55,89,30,122,107,135,127,40,32,134,49,91" hai3="133,117,132,9,103,68,109,52,95,23,111,106,50"/><W85/><G117/><T104/><D36/><U69/><E112/><V19/><F107/><W25/><G68/><T3/><D124/><U83/><E118/><V65/><F100/><W13/><G106/><T120/><D120/><U44/><E69/><V92/><F127/><W63/><G63/><T71/><D71/><U131/><E131/><V5/><F122/><W116/><G116/><T126/><D126/><U87/><E105/><V90/><F65/><W54/><G54/><T110/><D98/><U67/><E99/><V114/><F114/><W82/><G103/><T20/><D86/><U4/><E4/><V16/><F5/><N who="3" m="3247" /><G95/><T17/><D110/><N who="3" m="41993" /><G23/><T101/><D101/><U18/><E18/><V26/><F40/><W28/><G25/><T121/><D121/><U64/><REACH who="1" step="1"/><E53/><REACH who="1" ten="360,180,109,341" step="2"/><V130/><F130/><W0/><G28/><T125/><D125/><U39/><E39/><V128/><F128/><W96/><G96/><T21/><D97/><U74/><E74/><V72/><F72/><W8/><G8/><T35/><D104/><U48/><E48/><V108/><F108/><W73/><G73/><T24/><D51/><U78/><E78/><V43/><F43/><W38/><G38/><T15/><D10/><U94/><AGARI ba="0,1" hai="44,45,46,56,57,64,66,67,76,83,84,87,88,94" machi="94" ten="30,12000,2" yaku="1,1,0,1,8,1,54,1,53,3" doraHai="11" doraHaiUra="62" who="1" fromWho="1" sc="360,-30,180,130,109,-30,341,-60" owari="330,43.0,310,11.0,79,-42.0,281,-12.0" /></mjloggm>