<mjloggm ver="2.3"><GO type="97" lobby="0"/><UN n0="%E3%82%86%E3%81%86%E3%81%B1" n1="%4E%6F%4E%61%6D%65%33%30" n2="%E5%BF%AB%E5%88%80%E4%B9%B1%E9%BA%BB" n3="%E3%82%A6%E3%83%AB%E3%83%88%E3%83%A9%E7%AB%8B%E7%9B%B4" dan="13,14,15,15" rate="1849.81,1894.87,1965.37,1979.30" sx="M,M,M,M"/><TAIKYOKU oya="0"/><INIT seed="0,0,0,3,5,30" ten="250,250,250,250" oya="0" hai0="29,47,35,27,87,128,23,31,127,115,52,16,53" hai1="65,81,63,54,97,48,90,18,79,17,74,43,89" hai2="57,119,55,71,33,106,25,56,102,62,12,68,60" hai3="72,105,126,3,134,92,9,75,44,61,1,64,45"/><T32/><D115/><U113/><E43/><V11/><F119/><W82/><G105/><T112/><D112/><U114/><E65/><V76/><F76/><W70/><G126/><T93/><D127/><U40/><E114/><V109/><F109/><W42/><G134/><T14/><D128/><U104/><E113/><V51/><F51/><W121/><G45/><T58/><D47/><U124/><E40/><V101/><F101/><W67/><G92/><T10/><D53/><U130/><E63/><V98/><F25/><W84/><G64/><T117/><D117/><U110/><E124/><V78/><F78/><W99/><G99/><T22/><D22/><U20/><E18/><V88/><F88/><W91/><G121/><T6/><D31/><U59/><E130/><V50/><F33/><W28/><G28/><T125/><D125/><U24/><E110/><V5/><REACH who="2" step="1"/><F50/><REACH who="2" ten="250,250,240,250" step="2"/><W120/><G120/><T37/><D37/><U8/><E104/><V39/><F39/><W132/><G91/><T69/><D35/><U46/><E97/><V49/><F49/><W94/><G82/><T86/><D93/><U80/><E80/><V129/><F129/><W96/><G94/><T100/><D100/><U133/><E133/><V15/><F15/><W107/><G132/><T0/><D69/><U85/><E74/><V7/><F7/><W108/><G70/><T38/><D38/><U95/><E95/><V103/><F103/><W21/><G108/><T118/><D118/><U77/><E77/><V66/><AGARI ba="0,1" hai="5,11,12,55,56,57,60,62,66,68,71,98,102,106" machi="66" ten="20,2700,0" yaku="1,1,0,1,7,1,53,0" doraHai="30" doraHaiUra="73" who="2" fromWho="2" sc="250,-13,250,-7,240,37,250,-7" /><INIT seed="1,0,0,4,0,117" ten="237,243,277,243" oya="1" hai0="40,132,69,21,122,112,58,111,131,28,114,89,46" hai1="60,61,72,107,43,29,125,22,133,121,53,128,14" hai2="33,115,92,13,16,76,50,2,57,87,48,64,20" hai3="93,1,8,31,100,79,135,106,84,104,23,110,17"/><U15/><E107/><V67/><F2/><W74/><G31/><T32/><D32/><U109/><E72/><V83/><F33/><W11/><G104/><T119/><D28/><U116/><E116/><V80/><F115/><W123/><G1/><T36/><D21/><U4/><E43/><V105/><F105/><W0/><G0/><T35/><D35/><U96/><E133/><V126/><F126/><W26/><G135/><T25/><D25/><U7/><E96/><V95/><F83/><N who="3" m="45559" /><G110/><T12/><D12/><U18/><E29/><V66/><F57/><W65/><G65/><T88/><D132/><U90/><E125/><V86/><F86/><W42/><G42/><T51/><D119/><U97/><E109/><V38/><F38/><W78/><G78/><T101/><D111/><U94/><E121/><V9/><F9/><W37/><G37/><T47/><D122/><U120/><E120/><V82/><F82/><W103/><G100/><T45/><D101/><U73/><E73/><V70/><F70/><W52/><G123/><T27/><D69/><U59/><E128/><V3/><F3/><W56/><G106/><T124/><D131/><U130/><E130/><V62/><F62/><N who="3" m="36103" /><G103/><T71/><D71/><U6/><REACH who="1" step="1"/><E61/><REACH who="1" ten="237,233,277,243" step="2"/><V102/><F102/><W129/><G129/><T49/><D124/><U41/><E41/><V39/><F39/><W19/><G19/><T75/><D40/><U77/><E77/><V55/><F16/><W99/><G99/><T134/><D36/><U91/><E91/><V24/><F76/><W85/><G84/><T54/><D134/><RYUUKYOKU ba="0,1" sc="237,-15,233,15,277,-15,243,15" hai1="4,6,7,14,15,18,22,53,59,60,90,94,97" hai3="8,11,17,23,26,85,93" /><INIT seed="1,1,1,4,3,114" ten="222,248,262,258" oya="1" hai0="70,7,27,31,22,96,42,112,123,13,124,88,76" hai1="24,64,69,127,130,16,30,99,97,95,53,62,32" hai2="108,135,81,100,121,14,37,28,82,41,61,109,104" hai3="105,15,107,6,4,39,117,40,58,87,44,80,25"/><U47/><E130/><V116/><F121/><W46/><G25/><T106/><D123/><U113/><E113/><V38/><F135/><W93/><G93/><T29/><D112/><U12/><E127/><V18/><F28/><W94/><G94/><T56/><D124/><U54/><E99/><N who="2" m="61471" /><F61/><W57/><G15/><T1/><D106/><U60/><E60/><V3/><F3/><W63/><G87/><T115/><D70/><U74/><E47/><N who="2" m="23983" /><F38/><W71/><G80/><T55/><D115/><U77/><E74/><V21/><F116/><W72/><G63/><T85/><D42/><U119/><E77/><V9/><F21/><W78/><G40/><T89/><D76/><U133/><E119/><V90/><F90/><W20/><G78/><T8/><D96/><U91/><REACH who="1" step="1"/><E133/><REACH who="1" ten="222,238,262,258" step="2"/><V2/><F109/><W92/><G117/><T10/><D31/><U34/><E34/><V65/><F108/><W84/><G72/><T83/><D1/><U86/><E86/><V66/><F2/><W36/><G84/><T43/><D10/><AGARI ba="1,2" hai="10,12,16,24,30,32,53,54,62,64,69,91,95,97" machi="10" ten="30,5800,0" yaku="1,1,7,1,54,1,53,0" doraHai="114" doraHaiUra="129" who="1" fromWho="0" sc="222,-61,238,81,262,0,258,0" /><INIT seed="1,2,0,3,3,8" ten="161,319,262,258" oya="1" hai0="133,118,18,67,14,115,64,36,119,113,12,49,109" hai1="55,59,82,39,88,83,45,92,86,70,72,37,130" hai2="75,98,50,10,23,0,135,16,48,73,19,116,101" hai3="31,7,3,125,124,76,58,33,69,42,68,131,6"/><U78/><E70/><V30/><F116/><N who="0" m="44586" /><D36/><U90/><E130/><V81/><F30/><W15/><G68/><T85/><D49/><U112/><E45/><V66/><F135/><W32/><G69/><T25/><D85/><U97/><REACH who="1" step="1"/><E112/><REACH who="1" ten="161,309,262,258" step="2"/><N who="0" m="43081" /><D67/><U56/><E56/><V91/><F66/><W51/><G58/><T27/><D64/><U47/><E47/><V21/><F73/><W22/><G131/><T104/><D133/><U129/><E129/><V41/><F75/><W63/><G42/><T35/><D104/><U24/><E24/><N who="0" m="9289" /><D35/><U87/><E87/><V89/><F41/><W94/><G32/><T117/><D117/><U5/><E5/><V57/><F57/><W95/><G7/><T74/><D74/><U127/><E127/><V4/><F4/><W2/><G6/><T108/><D18/><U110/><E110/><AGARI ba="2,1" hai="12,14,108,109,110" m="9289,43081,44586" machi="110" ten="40,12000,2" yaku="28,2,14,1,34,2,52,2" doraHai="8" who="0" fromWho="1" sc="161,136,309,-126,262,0,258,0" /><INIT seed="2,0,0,4,2,67" ten="297,183,262,258" oya="2" hai0="115,12,63,46,74,131,104,71,81,101,57,116,22" hai1="79,86,8,42,44,38,110,73,16,108,15,55,61" hai2="91,75,70,27,19,105,127,111,1,6,103,56,25" hai3="5,96,30,68,85,89,35,23,132,126,32,4,69"/><V13/><F75/><W0/><G96/><T21/><D116/><U64/><E73/><V45/><F70/><N who="3" m="27243" /><G23/><T122/><D122/><U39/><E39/><V62/><F127/><W40/><G30/><T36/><D71/><N who="1" m="42383" /><E55/><V53/><F111/><N who="1" m="42537" /><E79/><V118/><F118/><W100/><G40/><T120/><D120/><U7/><E86/><V102/><F105/><W51/><G100/><T112/><D101/><U134/><E134/><V109/><F103/><W99/><G99/><T106/><D74/><U17/><AGARI ba="0,0" hai="7,8,15,16,17,38,42,44" m="42537,42383" machi="17" ten="30,4000,0" yaku="14,1,52,1,54,1" doraHai="67" who="1" fromWho="1" sc="297,-10,183,40,262,-20,258,-10" /><INIT seed="3,0,0,5,4,71" ten="287,223,242,248" oya="3" hai0="82,124,40,50,35,37,97,36,103,72,116,34,47" hai1="61,125,29,3,5,63,95,17,68,100,11,55,105" hai2="65,45,57,88,2,111,8,53,83,84,30,60,52" hai3="16,69,14,123,121,99,24,126,109,93,77,22,108"/><W104/><G104/><N who="0" m="63599" /><D50/><U31/><E105/><V15/><F111/><N who="3" m="42571" /><G69/><T64/><D116/><U18/><E125/><V87/><F2/><W13/><G77/><N who="0" m="44327" /><D124/><U106/><E106/><V133/><F133/><W119/><G119/><T98/><D98/><U92/><E100/><V44/><F30/><W56/><G56/><T7/><D7/><U80/><E31/><V9/><F87/><W131/><G126/><T43/><D64/><U81/><E29/><V128/><F128/><W32/><G131/><T66/><D66/><U115/><E68/><V62/><F9/><W122/><G32/><T134/><D134/><U90/><E3/><V41/><F62/><W12/><G122/><T25/><D25/><U79/><E11/><V42/><F45/><AGARI ba="0,0" hai="34,35,36,37,40,43,45,47" m="44327,63599" machi="45" ten="30,7700,0" yaku="33,2,52,2" doraHai="71" who="0" fromWho="2" sc="287,77,223,0,242,-77,248,0" owari="364,46.0,223,-18.0,165,-33.0,248,5.0" /></mjloggm>