<mjloggm ver="2.3"><GO type="41" lobby="0"/><UN n0="%6D%38%33%32%31" n1="%E3%82%A6%E3%83%AB%E3%83%88%E3%83%A9%E7%AB%8B%E7%9B%B4" n2="%E5%B3%B6%E8%99%8E" n3="%E3%81%AE%E3%81%82%E3%81%B1%E3%81%B1" dan="15,15,13,14" rate="2027.97,1976.62,1874.90,1996.29" sx="M,M,M,M"/><TAIKYOKU oya="0"/><INIT seed="0,0,0,0,5,23" ten="250,250,250,250" oya="0" hai0="79,78,131,97,105,2,68,35,5,30,22,77,99" hai1="74,111,129,113,18,107,21,126,57,9,44,43,100" hai2="114,45,75,96,85,132,4,24,121,54,60,15,119" hai3="63,90,117,49,36,37,108,134,80,87,124,95,104"/><T130/><D68/><U123/><E74/><V122/><F114/><W102/><G117/><T81/><D35/><U88/><E113/><V91/><F75/><W67/><G108/><T82/><D5/><U31/><E111/><V72/><F72/><W26/><G134/><T115/><D2/><U112/><E112/><V11/><F119/><W120/><G120/><T98/><D115/><U69/><E69/><V39/><F132/><W64/><G124/><T65/><D65/><U106/><E126/><V133/><F133/><W28/><G104/><T110/><D110/><U71/><E123/><V59/><F96/><N who="3" m="59679" /><G37/><T29/><D22/><U109/><E71/><V103/><F103/><W135/><G135/><T25/><D105/><U83/><E109/><V27/><F122/><W40/><G36/><T125/><D25/><U55/><E129/><N who="0" m="49161" /><D125/><U13/><E100/><V101/><F101/><W94/><G80/><AGARI ba="0,0" hai="29,30,77,78,79,80,81,82,97,98,99" m="49161" machi="80" ten="40,7700,0" yaku="28,2,19,1" doraHai="23" who="0" fromWho="3" sc="250,77,250,0,250,0,250,-77" /><INIT seed="0,1,0,3,2,123" ten="327,250,250,173" oya="0" hai0="113,77,31,50,109,36,69,21,111,29,51,67,9" hai1="85,83,95,23,125,90,101,70,16,5,14,96,121" hai2="89,108,107,88,84,135,124,44,2,127,106,43,126" hai3="72,110,82,99,49,45,38,48,57,78,103,30,40"/><T80/><D36/><U11/><E70/><V132/><F2/><W102/><G103/><T104/><D104/><N who="2" m="39978" /><F44/><W94/><G110/><N who="0" m="41995" /><D113/><U129/><E121/><V105/><N who="2" m="39986" /><V71/><DORA hai="120" /><F71/><W60/><REACH who="3" step="1"/><G30/><REACH who="3" ten="327,250,250,163" step="2"/><N who="0" m="11275" /><D9/><U87/><E125/><V128/><F108/><W3/><G3/><T59/><D21/><U134/><E129/><V41/><F128/><W130/><G130/><T86/><D69/><U13/><E134/><N who="2" m="51243" /><F84/><AGARI ba="1,1" hai="5,11,13,14,16,23,83,84,85,87,90,95,96,101" machi="84" ten="40,2600,0" yaku="8,1,54,1" doraHai="123,120" who="1" fromWho="2" sc="327,0,250,39,250,-29,163,0" /><INIT seed="1,0,0,2,2,135" ten="327,289,221,163" oya="1" hai0="28,101,97,53,62,130,51,100,131,40,23,78,98" hai1="8,76,45,92,47,96,6,55,124,63,0,48,34" hai2="56,25,26,77,133,93,102,70,119,95,15,121,16" hai3="111,115,1,36,65,43,103,35,85,4,99,31,116"/><U3/><E34/><V81/><F121/><W18/><G115/><T10/><D10/><U109/><E109/><V38/><F133/><W89/><G111/><T66/><D40/><U49/><E63/><V129/><F129/><N who="0" m="49162" /><D78/><U75/><E76/><V27/><F119/><W123/><G123/><T50/><D23/><U7/><E75/><V84/><F70/><W114/><G114/><T9/><D9/><U132/><E132/><V30/><F38/><W112/><G112/><T21/><D21/><U37/><E37/><V14/><F30/><W128/><G128/><T82/><D82/><U67/><E67/><V73/><F73/><W39/><G43/><T72/><D28/><U52/><E7/><V83/><F83/><W57/><G4/><T86/><D86/><U64/><E64/><V113/><F113/><W79/><G1/><T29/><D29/><U104/><E104/><V90/><F56/><W107/><G79/><T69/><D72/><U58/><E58/><V87/><F102/><N who="0" m="39530" /><D50/><U122/><E122/><V71/><F71/><W126/><G31/><T33/><D33/><U127/><E0/><V91/><F77/><W32/><G32/><T11/><D11/><U106/><E106/><V60/><F60/><W22/><G35/><T120/><D120/><U44/><E44/><AGARI ba="0,0" hai="44,51,53,62,66,69,97,98" m="39530,49162" machi="44" ten="30,1000,0" yaku="19,1" doraHai="135" who="0" fromWho="1" sc="327,10,289,-10,221,0,163,0" /><INIT seed="2,0,0,5,2,133" ten="337,279,221,163" oya="2" hai0="114,79,116,77,111,72,128,20,106,70,17,108,120" hai1="39,46,13,29,32,3,131,35,92,121,134,33,66" hai2="130,25,73,86,56,112,97,82,113,24,132,110,23" hai3="21,118,104,5,62,126,16,55,45,101,91,125,49"/><V94/><F132/><W54/><G118/><T78/><D70/><U51/><E39/><V59/><F73/><W103/><G5/><T2/><D2/><U105/><E105/><V37/><F37/><W119/><G119/><T8/><D8/><U124/><E3/><V68/><F68/><W100/><G104/><T26/><D116/><U6/><E134/><V65/><F130/><W127/><G91/><T60/><D72/><U75/><E75/><V96/><F110/><N who="0" m="42026" /><D120/><U95/><E131/><V123/><F123/><W43/><REACH who="3" step="1"/><G62/><REACH who="3" ten="337,279,221,153" step="2"/><T83/><D106/><U88/><E6/><V15/><F113/><W85/><G85/><T80/><D114/><U50/><E121/><V0/><F112/><W122/><G122/><T53/><D128/><U52/><E88/><N who="2" m="51287" /><F0/><W89/><G89/><T4/><D4/><U11/><E95/><V117/><F117/><W84/><G84/><T1/><D1/><U67/><E92/><V9/><F65/><W90/><G90/><T109/><D109/><U93/><E66/><V42/><F97/><W129/><G129/><T38/><D83/><U81/><E67/><V69/><F69/><W44/><G44/><T22/><D80/><U12/><E81/><V28/><F42/><W102/><N who="3" m="26112" /><DORA hai="30" /><W61/><G61/><T18/><D60/><U48/><E93/><V27/><F96/><W63/><G63/><T76/><D76/><U74/><E74/><V41/><F41/><W71/><G71/><T87/><D87/><U135/><E46/><V99/><F99/><W7/><G7/><T10/><D79/><U107/><E107/><RYUUKYOKU ba="0,1" sc="337,-10,279,-10,221,-10,153,30" hai3="16,21,43,45,49,54,55,125,126,127" /><INIT seed="3,1,1,3,1,102" ten="327,269,211,183" oya="3" hai0="18,76,44,103,7,27,82,78,39,113,109,112,107" hai1="119,70,25,64,98,4,75,88,14,124,84,30,81" hai2="127,61,19,105,93,96,54,97,12,122,3,0,77" hai3="52,41,116,89,60,63,32,111,104,71,33,40,8"/><W46/><G116/><T50/><D39/><U73/><E119/><V83/><F127/><W100/><G71/><T45/><D7/><U132/><E124/><V20/><F122/><W43/><G111/><T17/><D109/><U65/><E132/><V131/><F131/><W115/><G115/><N who="0" m="44107" /><D27/><U9/><E98/><V117/><F117/><W2/><G104/><T118/><D118/><U94/><E70/><V58/><F97/><W67/><G100/><T26/><D26/><U86/><E75/><V36/><F36/><W23/><G23/><T79/><D82/><U69/><E73/><V31/><F31/><W92/><G63/><T130/><D130/><U1/><E1/><V91/><F105/><W28/><G28/><T15/><D15/><U57/><E57/><V49/><REACH who="2" step="1"/><F61/><REACH who="2" ten="327,269,201,183" step="2"/><W48/><G60/><T42/><D107/><U90/><REACH who="1" step="1"/><E69/><REACH who="1" ten="327,259,201,183" step="2"/><V34/><F34/><AGARI ba="1,3" hai="4,9,14,25,30,34,64,65,81,84,86,88,90,94" machi="34" ten="30,7700,0" yaku="1,1,2,1,7,1,54,1,53,0" doraHai="102" doraHaiUra="128" who="1" fromWho="2" sc="327,0,259,110,201,-80,183,0" /><INIT seed="4,0,0,1,0,107" ten="327,369,121,183" oya="0" hai0="121,66,6,13,25,91,8,75,93,135,87,35,122" hai1="17,90,51,53,84,56,3,47,131,71,49,98,61" hai2="126,44,22,106,81,85,1,100,4,111,72,86,105" hai3="57,129,112,95,115,40,96,2,78,69,120,103,0"/><T11/><D135/><U9/><E131/><V28/><F111/><W58/><G69/><T67/><D35/><U43/><E98/><V21/><F126/><W80/><G129/><T133/><D133/><U15/><E3/><V33/><F33/><W52/><G40/><T42/><D42/><U132/><E132/><V108/><F108/><W41/><G41/><T39/><D39/><U73/><E71/><V23/><F28/><W125/><G125/><T118/><D118/><U102/><E102/><V62/><F62/><N who="3" m="36135" /><G58/><T124/><D124/><U79/><E79/><V12/><F1/><W88/><G103/><T89/><D25/><U123/><E123/><V97/><F106/><W94/><G94/><T36/><D36/><U18/><E73/><V19/><F4/><W38/><G38/><T65/><D75/><U63/><REACH who="1" step="1"/><E18/><REACH who="1" ten="327,359,121,183" step="2"/><V77/><REACH who="2" step="1"/><F44/><REACH who="2" ten="327,359,111,183" step="2"/><W83/><G120/><T29/><D122/><U128/><E128/><V24/><F24/><W70/><G70/><T30/><D121/><U46/><E46/><V74/><F74/><N who="3" m="43095" /><G83/><AGARI ba="0,2" hai="9,15,17,43,47,49,51,53,56,61,63,83,84,90" machi="83" ten="30,3900,0" yaku="1,1,7,1,8,1,53,0" doraHai="107" doraHaiUra="116" who="1" fromWho="3" sc="327,0,359,59,111,0,183,-39" /><INIT seed="5,0,0,0,5,57" ten="327,418,111,144" oya="1" hai0="27,94,91,55,123,76,58,134,131,43,86,49,6" hai1="44,15,8,50,121,34,17,61,39,69,116,111,30" hai2="53,96,32,16,33,63,108,113,90,2,36,60,107" hai3="0,114,132,101,122,10,47,129,13,24,42,41,118"/><U75/><E39/><V77/><F108/><W93/><G122/><T128/><D123/><U29/><E75/><V5/><F36/><W80/><G0/><T66/><D6/><U45/><E121/><V115/><F77/><W88/><G132/><T119/><D119/><U99/><E116/><V74/><F74/><W133/><G118/><T97/><D134/><U71/><E111/><V20/><F5/><N who="3" m="3279" /><G133/><T83/><D43/><N who="3" m="16393" /><G129/><T135/><D135/><U89/><E69/><V28/><F2/><W84/><G47/><T73/><D27/><U23/><E34/><N who="2" m="13419" /><F53/><W12/><G114/><N who="2" m="43529" /><F28/><W18/><G24/><T81/><REACH who="0" step="1"/><D66/><REACH who="0" ten="317,418,111,144" step="2"/><N who="1" m="41423" /><E30/><V112/><F112/><W120/><G120/><T7/><D7/><U82/><E29/><V3/><F3/><W21/><G101/><AGARI ba="0,1" hai="49,55,58,73,76,81,83,86,91,94,97,101,128,131" machi="101" ten="40,2600,0" yaku="1,1,53,1" doraHai="57" doraHaiUra="106" who="0" fromWho="3" sc="317,36,418,0,111,0,144,-26" /><INIT seed="6,0,0,4,1,71" ten="353,418,111,118" oya="2" hai0="1,52,113,61,81,120,22,77,128,95,116,5,110" hai1="122,53,65,70,45,135,127,20,99,13,40,49,74" hai2="23,88,9,55,106,75,103,6,30,18,8,69,102" hai3="4,44,41,104,58,34,12,56,59,2,24,115,64"/><V82/><F69/><W28/><G104/><T25/><D120/><U94/><E74/><V17/><F75/><W123/><G123/><T43/><D110/><U15/><E127/><V11/><F106/><W92/><G2/><T27/><D116/><U112/><E135/><V10/><N who="2" m="2048" /><DORA hai="37" /><V73/><F73/><W46/><G4/><T85/><D5/><U42/><E112/><V62/><F6/><W0/><G0/><T32/><D1/><U131/><E131/><V67/><F67/><W130/><G12/><T72/><D113/><U97/><E122/><V50/><F62/><W19/><G130/><T47/><D128/><U79/><E79/><V89/><F30/><W101/><G19/><N who="2" m="7177" /><F23/><N who="3" m="15391" /><G115/><T80/><D95/><U117/><E65/><V54/><F82/><W39/><G34/><T16/><D32/><U57/><E70/><V96/><F96/><N who="3" m="59527" /><G39/><T105/><D105/><U87/><E117/><V63/><F63/><W100/><G100/><N who="2" m="38441" /><F50/><N who="3" m="26895" /><G46/><T91/><D61/><AGARI ba="0,0" hai="56,58,59,61,64" m="26895,59527,15391" machi="61" ten="30,3900,0" yaku="25,1,8,1,52,1" doraHai="71,37" who="3" fromWho="0" sc="353,-39,418,0,111,0,118,39" /><INIT seed="7,0,0,0,4,38" ten="314,418,111,157" oya="3" hai0="41,34,50,40,76,30,4,28,109,63,55,45,88" hai1="101,58,0,22,134,81,106,135,62,8,15,42,126" hai2="5,132,19,94,130,21,99,59,122,7,16,61,96" hai3="127,29,119,24,79,113,69,35,32,84,17,2,13"/><W104/><G104/><T67/><D109/><U6/><E126/><V116/><F116/><W107/><G107/><T133/><D133/><N who="1" m="50699" /><E101/><V11/><F132/><W60/><G119/><T77/><D4/><U78/><E106/><V118/><F118/><W125/><G113/><T75/><D75/><N who="1" m="43231" /><E42/><N who="0" m="16489" /><D34/><U110/><E110/><V71/><F71/><W128/><G2/><T111/><D111/><U90/><E90/><V103/><F130/><W20/><G128/><T57/><D88/><U36/><E36/><V14/><F122/><W74/><G74/><T91/><D91/><U120/><E22/><V48/><F48/><W82/><G35/><T72/><D72/><U3/><E120/><V49/><F49/><W83/><G83/><T47/><D45/><U100/><E100/><V9/><F99/><W123/><G123/><T12/><D12/><U92/><E92/><V97/><F97/><W102/><G102/><T114/><D114/><U64/><AGARI ba="0,0" hai="0,3,6,8,15,58,62,64" m="43231,50699" machi="64" ten="30,1100,0" yaku="20,1" doraHai="38" who="1" fromWho="1" sc="314,-3,418,11,111,-3,157,-5" owari="311,11.0,429,53.0,108,-39.0,152,-25.0" /></mjloggm>