<mjloggm ver="2.3"><GO type="169" lobby="0"/><UN n0="%E9%BA%BB%E9%9B%80%E6%88%A6%E5%A3%AB%E2%98%86%E3%81%AA%E3%81%AE%E3%81%AF" n1="%E3%82%A6%E3%83%AB%E3%83%88%E3%83%A9%E7%AB%8B%E7%9B%B4" n2="%E9%9C%9C%E6%9C%88%E3%81%95%E3%82%93" n3="%E6%A7%8D%E6%A7%93%E3%81%AE%E3%81%BF" dan="16,17,16,16" rate="2067.77,2049.44,2134.63,2086.41" sx="F,M,M,M"/><TAIKYOKU oya="0"/><BYE who="3" /><INIT seed="0,0,0,5,2,5" ten="250,250,250,250" oya="0" hai0="105,48,63,99,0,125,97,128,46,60,28,54,34" hai1="32,33,66,91,18,65,82,68,17,110,13,45,88" hai2="19,52,92,41,50,2,76,62,113,44,85,53,27" hai3="118,20,93,111,26,3,16,115,81,8,6,107,77"/><T56/><D128/><UN n3="%E6%A7%8D%E6%A7%93%E3%81%AE%E3%81%BF" /><U100/><E100/><V95/><F113/><W89/><G115/><T12/><D0/><U43/><E110/><V78/><F2/><W96/><G118/><T117/><D117/><U80/><E68/><V86/><F62/><W49/><G111/><T90/><D105/><U11/><E45/><V15/><F27/><W57/><G107/><T51/><D125/><U94/><E43/><V71/><F71/><W21/><G21/><T122/><D122/><U124/><E124/><V47/><F15/><W10/><G6/><T132/><D132/><U114/><E114/><V75/><F41/><W69/><G69/><T61/><D28/><U133/><E133/><V64/><F75/><W104/><G104/><T116/><D34/><U102/><E102/><V29/><F19/><W126/><G3/><T37/><D37/><U36/><E36/><V4/><F4/><W79/><G126/><T24/><D24/><U101/><E101/><V25/><F25/><W83/><G57/><T58/><D116/><U30/><E30/><V129/><F29/><W70/><G49/><T135/><D135/><U40/><E40/><V112/><F112/><W22/><G20/><T130/><D130/><U42/><E42/><V134/><F134/><W98/><G70/><T103/><D61/><U87/><E33/><V1/><F1/><W74/><G98/><T72/><D99/><N who="1" m="57799" /><E32/><V120/><F129/><W109/><G109/><T31/><D31/><U67/><E18/><V106/><F106/><W123/><G123/><T39/><D39/><U35/><E35/><V23/><F120/><RYUUKYOKU ba="0,0" sc="250,-15,250,15,250,-15,250,15" hai1="11,13,17,65,66,67,80,82,87,91" hai3="8,10,16,22,26,74,77,79,81,83,89,93,96" /><INIT seed="1,1,0,4,0,73" ten="235,265,235,265" oya="1" hai0="44,77,26,66,88,74,58,105,117,118,29,56,80" hai1="55,102,31,114,61,54,63,16,8,9,70,94,133" hai2="134,135,85,10,109,112,27,98,79,15,122,72,53" hai3="40,99,14,0,38,97,17,30,45,113,76,21,95"/><U11/><E114/><V92/><F112/><W28/><G0/><T20/><D105/><U52/><E31/><V82/><F122/><W33/><G113/><T87/><D44/><U125/><E70/><V96/><F27/><W41/><G41/><T123/><D123/><U22/><E125/><V119/><F119/><W126/><G126/><T51/><D66/><U128/><E128/><V120/><F120/><W83/><G99/><T127/><D127/><U46/><E133/><N who="2" m="50699" /><F53/><W19/><G17/><T59/><REACH who="0" step="1"/><D51/><REACH who="0" ten="225,265,235,265" step="2"/><U108/><E46/><V18/><F109/><W6/><G33/><T91/><D91/><AGARI ba="1,1" hai="10,15,18,72,79,82,85,91,92,96,98" m="50699" machi="91" ten="30,2000,0" yaku="20,1,52,1" doraHai="73" who="2" fromWho="0" sc="225,-23,265,0,235,33,265,0" /><INIT seed="2,0,0,4,3,33" ten="202,265,268,265" oya="2" hai0="109,76,60,49,57,69,91,50,132,28,112,4,8" hai1="37,59,48,38,5,21,71,53,122,45,124,1,88" hai2="107,130,22,19,15,134,87,100,133,41,11,23,105" hai3="0,135,51,27,30,70,90,131,46,102,97,61,123"/><V13/><F130/><W94/><G123/><T83/><D112/><U74/><E74/><V64/><F41/><W119/><G119/><T110/><D69/><U47/><E21/><V80/><F64/><W10/><G131/><T7/><D28/><U39/><E122/><V72/><F72/><W2/><G135/><N who="2" m="51721" /><F100/><W92/><G10/><T9/><D91/><U118/><E118/><V114/><F114/><W85/><G61/><T36/><D36/><U20/><E20/><N who="2" m="7723" /><F15/><W126/><G126/><T16/><D132/><U111/><E124/><V68/><F68/><W95/><G70/><T43/><D43/><U55/><E71/><V89/><AGARI ba="0,0" hai="11,13,19,80,87,89,105,107" m="7723,51721" machi="89" ten="30,1500,0" yaku="20,1" doraHai="33" who="2" fromWho="2" sc="202,-5,265,-5,268,15,265,-5" /><INIT seed="2,1,0,0,3,50" ten="197,260,283,260" oya="2" hai0="59,12,122,78,71,3,21,80,61,93,92,84,42" hai1="53,135,99,82,49,101,97,27,133,25,98,113,134" hai2="87,109,18,129,64,77,114,9,86,35,106,121,40" hai3="46,72,20,43,119,54,1,6,58,94,124,112,105"/><V63/><F121/><W103/><G119/><T15/><D3/><U127/><E113/><V108/><F114/><W28/><G124/><T39/><D122/><U116/><E116/><V79/><F106/><W52/><G112/><T115/><D71/><U10/><E127/><V30/><F40/><W132/><G132/><T96/><D115/><U66/><E66/><V62/><F129/><W0/><G105/><T76/><D76/><N who="2" m="29258" /><F35/><W68/><G68/><T16/><D15/><U23/><E82/><V90/><F30/><W2/><G6/><T31/><D31/><U74/><E74/><V110/><F90/><W47/><G72/><T118/><D118/><U95/><E10/><V57/><F63/><W14/><G58/><T102/><D39/><U19/><REACH who="1" step="1"/><E27/><REACH who="1" ten="197,250,283,260" step="2"/><V34/><F34/><W55/><G43/><T22/><D42/><U7/><E7/><V4/><F18/><W41/><G41/><T111/><D111/><U73/><E73/><V131/><F131/><W37/><G37/><T36/><D36/><U83/><E83/><V32/><F32/><W89/><G28/><T26/><D26/><U38/><E38/><V126/><F126/><W70/><G70/><T69/><D69/><U65/><E65/><V8/><F8/><W11/><G11/><T88/><D22/><U60/><E60/><V13/><AGARI ba="1,1" hai="4,9,13,57,62,64,86,87,108,109,110" m="29258" machi="13" ten="40,3900,0" yaku="14,1,10,1" doraHai="50" who="2" fromWho="2" sc="197,-14,250,-14,283,52,260,-14" /><INIT seed="2,2,0,2,4,29" ten="183,236,335,246" oya="2" hai0="97,36,103,78,34,35,21,125,46,88,7,64,111" hai1="49,37,57,58,24,91,48,15,92,105,90,2,106" hai2="50,14,60,112,43,25,19,9,108,134,85,69,81" hai3="94,41,10,120,39,121,76,30,101,31,56,12,131"/><V42/><F112/><W116/><G116/><T93/><D125/><U55/><E37/><V119/><F119/><W129/><G76/><T84/><D111/><U61/><E2/><V102/><F108/><W45/><G56/><T26/><D7/><U77/><E77/><V82/><F134/><W115/><G115/><T6/><D6/><U130/><E130/><N who="3" m="49674" /><G94/><T123/><D123/><N who="3" m="47177" /><G101/><T1/><D1/><U53/><E61/><V100/><F69/><W27/><G27/><T86/><D64/><U8/><E24/><V65/><F65/><W126/><G126/><T5/><D5/><AGARI ba="2,0" hai="5,10,12,30,31,39,41,45" m="47177,49674" machi="5" ten="30,1000,0" yaku="19,1" doraHai="29" who="3" fromWho="0" sc="183,-16,236,0,335,0,246,16" /><INIT seed="3,0,0,2,4,41" ten="167,236,335,262" oya="3" hai0="77,69,91,9,43,62,56,98,74,5,96,104,34" hai1="125,121,111,55,73,2,25,127,126,21,11,48,90" hai2="68,135,0,64,122,36,58,15,6,47,134,38,93" hai3="100,75,102,14,39,85,18,20,133,87,82,71,94"/><W10/><G71/><T53/><D34/><U67/><E121/><V81/><F15/><W97/><G133/><N who="2" m="50697" /><F58/><W118/><G118/><T61/><D104/><U89/><E111/><V32/><F122/><W59/><G39/><T105/><D105/><U99/><E67/><V76/><F93/><W129/><G129/><T116/><D116/><U83/><E99/><V84/><F32/><W50/><G102/><T26/><D77/><U4/><E83/><V46/><F38/><W17/><G75/><T33/><D74/><U3/><E73/><V88/><F36/><W13/><G82/><T132/><D132/><U123/><E3/><V108/><F76/><W131/><G131/><T112/><D112/><U49/><E49/><V128/><F108/><W37/><G37/><T107/><D107/><U57/><REACH who="1" step="1"/><E123/><REACH who="1" ten="167,226,335,262" step="2"/><V22/><F128/><W23/><G10/><T65/><D65/><U7/><E7/><V19/><F6/><W54/><AGARI ba="0,1" hai="13,14,17,18,20,23,50,54,59,85,87,94,97,100" machi="54" ten="30,6000,0" yaku="0,1,9,1,8,1" doraHai="41" who="3" fromWho="3" sc="167,-20,226,-20,335,-20,262,70" /><INIT seed="3,1,0,0,2,13" ten="147,206,315,332" oya="3" hai0="85,63,39,54,64,122,124,92,95,128,11,130,111" hai1="48,115,135,60,93,133,33,4,62,112,79,82,75" hai2="59,129,41,125,35,21,57,88,74,109,132,118,94" hai3="55,97,8,123,70,47,22,120,49,67,56,46,77"/><W29/><G77/><T114/><D39/><U86/><E33/><V72/><F35/><W58/><G8/><T61/><D122/><U52/><E4/><V98/><F118/><W30/><G97/><T6/><D114/><U7/><E7/><V0/><F0/><W25/><G70/><T105/><D105/><U2/><E2/><V110/><F129/><W91/><G91/><T134/><D134/><N who="1" m="51211" /><E75/><V68/><F68/><W45/><G30/><T18/><D111/><N who="2" m="42506" /><F132/><W80/><G80/><T87/><D124/><U42/><E42/><V117/><F117/><W102/><G102/><T116/><D116/><U127/><E127/><V19/><F41/><W43/><G43/><T96/><D6/><U51/><E93/><V15/><F125/><W16/><REACH who="3" step="1"/><G29/><REACH who="3" ten="147,206,315,322" step="2"/><T36/><D130/><U90/><E79/><V24/><F74/><W81/><G81/><T31/><D96/><U71/><E115/><V73/><F73/><W12/><G12/><T126/><D126/><U38/><E112/><V3/><F72/><W99/><G99/><T107/><D31/><U50/><E71/><V28/><F3/><W53/><G53/><T113/><D54/><U5/><E52/><V37/><F37/><W101/><G101/><T32/><D36/><U27/><E38/><V78/><F78/><W131/><G131/><T34/><D113/><U10/><E10/><V14/><F15/><W83/><G83/><T66/><D128/><U44/><E82/><V119/><F119/><W106/><G106/><T84/><D107/><U20/><E90/><V23/><AGARI ba="1,1" hai="14,19,21,23,24,28,57,59,88,94,98" m="42506" machi="23" ten="30,4000,0" yaku="14,1,52,1,54,1" doraHai="13" who="2" fromWho="2" sc="147,-11,206,-11,315,53,322,-21" /><INIT seed="4,0,0,5,0,96" ten="136,195,368,301" oya="0" hai0="20,115,126,13,80,123,41,133,71,44,77,58,0" hai1="47,134,112,68,72,128,99,5,84,92,67,48,24" hai2="59,103,12,4,6,85,76,111,108,130,69,36,70" hai3="38,49,51,56,16,9,118,73,93,64,106,81,50"/><T19/><D123/><U57/><E72/><V60/><F36/><W63/><G106/><T10/><D71/><U94/><E68/><V30/><F30/><W65/><G38/><T21/><D133/><U121/><E121/><V18/><F69/><W91/><G118/><T86/><D126/><U119/><E119/><V89/><F76/><W95/><G73/><T90/><D115/><U17/><E5/><V98/><F70/><W127/><G127/><T15/><D0/><U79/><E128/><V26/><F26/><W129/><G65/><T97/><D58/><U110/><E110/><V54/><F130/><W7/><G7/><T25/><D25/><U46/><E92/><N who="2" m="58823" /><F111/><W1/><G1/><T82/><D15/><U62/><E134/><V102/><F102/><W83/><G95/><T109/><D109/><U117/><E117/><V88/><F89/><W75/><G75/><T11/><D11/><U22/><E112/><V125/><F108/><W40/><G40/><T27/><D27/><U113/><E113/><V34/><F34/><W135/><G129/><T74/><REACH who="0" step="1"/><D97/><REACH who="0" ten="126,195,368,301" step="2"/><U31/><E31/><V122/><F125/><W104/><G135/><T100/><D100/><U29/><E29/><V61/><F122/><W107/><G107/><T105/><D105/><U131/><E131/><V39/><F12/><N who="3" m="7183" /><G104/><T55/><D55/><U120/><E120/><V124/><F54/><W66/><G64/><T43/><D43/><U37/><E99/><AGARI ba="0,1" hai="49,50,51,56,63,66,81,83,91,93,99" m="7183" machi="99" ten="30,2000,0" yaku="8,1,54,1" doraHai="96" who="3" fromWho="1" sc="126,0,195,-20,368,0,301,30" /><INIT seed="5,0,0,3,4,31" ten="126,175,368,331" oya="1" hai0="78,91,122,77,58,54,103,129,98,39,20,104,0" hai1="46,53,117,18,57,61,2,29,28,4,38,67,123" hai2="127,111,134,26,124,126,95,3,63,90,50,52,21" hai3="79,88,15,62,25,86,22,85,101,84,47,106,48"/><U128/><E123/><V43/><F111/><W27/><G79/><T32/><D39/><U96/><E117/><V116/><F116/><W23/><G106/><T55/><D0/><U125/><E4/><V133/><F3/><W37/><G101/><T13/><D122/><U76/><E2/><V108/><F43/><W65/><G37/><T69/><D69/><U1/><E1/><V70/><F108/><W121/><G121/><T113/><D113/><U68/><E125/><V40/><F40/><W132/><G132/><N who="2" m="50793" /><F63/><W19/><G88/><T99/><D129/><U8/><E128/><V131/><F70/><W33/><G33/><T35/><D78/><U75/><E75/><V92/><F90/><W51/><G47/><T44/><D77/><U60/><E76/><V130/><F95/><W112/><G112/><T66/><D66/><U56/><E68/><V83/><F92/><W34/><G34/><T118/><D118/><U11/><E96/><V102/><F83/><W71/><REACH who="3" step="1"/><G15/><REACH who="3" ten="126,175,368,321" step="2"/><T110/><D110/><U9/><E38/><V72/><F102/><W64/><G64/><T36/><D91/><U94/><E94/><V109/><F109/><W97/><G97/><T119/><D99/><U6/><E46/><N who="2" m="27735" /><F72/><W12/><G12/><T5/><D119/><U93/><E93/><V41/><F41/><W73/><G73/><T7/><D36/><U87/><E87/><V135/><F135/><W80/><G80/><T105/><D105/><U14/><E6/><N who="0" m="2057" /><D44/><U49/><E67/><V89/><F89/><W59/><G59/><T16/><D58/><U81/><E57/><RYUUKYOKU ba="0,1" sc="126,10,175,-30,368,10,321,10" hai0="13,16,20,32,35,54,55,98,103,104" hai2="21,26,124,126,127,130,131" hai3="19,22,23,25,27,48,51,62,65,71,84,85,86" /><INIT seed="6,1,1,2,2,99" ten="136,145,378,331" oya="2" hai0="55,82,31,63,101,118,126,13,28,1,84,18,52" hai1="69,83,24,42,36,51,25,127,96,90,5,134,10" hai2="17,112,75,47,37,39,123,64,34,109,21,88,45" hai3="7,8,120,22,98,27,121,48,19,62,41,73,0"/><V130/><F123/><W44/><G73/><T106/><D1/><U116/><E69/><V54/><F34/><W9/><G62/><T35/><D118/><U117/><E36/><V33/><F33/><W60/><G60/><T111/><D111/><U115/><E117/><V97/><F75/><W40/><G41/><T114/><D114/><U91/><E116/><V12/><F112/><W131/><G131/><T11/><D126/><U30/><E127/><V80/><F64/><W29/><G9/><T26/><D31/><U61/><E61/><V89/><F130/><W56/><G56/><T38/><D38/><U57/><E115/><V119/><F119/><W128/><G128/><T66/><D106/><U102/><E25/><V58/><F109/><W105/><REACH who="3" step="1"/><G29/><REACH who="3" ten="136,145,378,321" step="2"/><T4/><D4/><U46/><E57/><V3/><F39/><W15/><G15/><T108/><D108/><U20/><E10/><V71/><F3/><W70/><G70/><T135/><D135/><U94/><E5/><V49/><F71/><W129/><G129/><T132/><D132/><U103/><E134/><V50/><F37/><W92/><G92/><T133/><D133/><U124/><E124/><V23/><F49/><W78/><G78/><N who="0" m="46167" /><D63/><U93/><E83/><V76/><F76/><W74/><G74/><T6/><D6/><U104/><E104/><V65/><F50/><W16/><G16/><T77/><D66/><U85/><AGARI ba="1,2" hai="20,24,30,42,46,51,85,90,91,93,94,96,102,103" machi="85" ten="20,8000,1" yaku="0,1,7,1,8,1,52,2" doraHai="99" who="1" fromWho="1" sc="136,-21,145,103,378,-41,321,-21" /><INIT seed="7,0,0,1,1,79" ten="115,248,337,300" oya="3" hai0="130,44,110,106,75,111,118,83,90,68,80,126,18" hai1="36,71,62,95,122,91,128,3,51,77,109,55,45" hai2="15,97,50,133,108,9,61,87,67,57,72,98,49" hai3="73,86,99,81,54,58,37,19,14,125,101,92,84"/><W76/><G37/><T4/><D68/><U31/><E122/><V8/><F108/><N who="0" m="41514" /><D4/><U6/><E128/><V93/><F72/><W34/><G34/><T56/><D56/><U23/><E109/><V22/><F133/><W107/><G125/><T12/><D44/><U53/><E6/><N who="2" m="3479" /><F9/><W29/><G29/><T13/><D18/><U74/><E3/><V100/><F97/><W40/><G40/><T116/><D13/><U70/><E36/><V119/><F119/><N who="0" m="45610" /><D12/><U117/><E117/><V124/><F124/><W7/><G107/><T17/><D17/><U135/><E70/><V1/><F1/><W30/><G30/><T33/><D33/><U2/><E2/><V60/><F60/><W127/><G7/><T85/><D126/><U113/><E71/><V134/><F134/><W32/><G32/><T21/><D21/><U42/><E135/><V105/><F105/><W104/><G104/><T120/><D120/><U48/><E62/><V0/><F22/><W66/><G66/><T26/><D26/><U112/><E23/><V96/><F0/><W59/><G127/><T115/><D106/><U88/><E31/><V114/><F67/><W129/><G129/><T47/><D47/><U103/><E45/><V39/><F57/><N who="3" m="21515" /><G54/><T24/><D24/><U121/><E55/><V38/><F39/><W27/><G27/><T89/><D130/><U11/><E53/><V63/><F38/><W78/><G76/><N who="0" m="44063" /><D115/><U20/><E113/><V132/><F114/><W82/><G81/><T65/><D65/><U28/><E112/><V94/><F132/><W25/><G25/><RYUUKYOKU ba="0,0" sc="115,15,248,-15,337,-15,300,15" hai0="83,85,89,90" hai3="14,19,73,78,82,84,86,92,99,101" /><INIT seed="7,1,0,2,1,52" ten="130,233,322,315" oya="3" hai0="135,110,100,8,107,87,84,94,49,22,1,76,34" hai1="71,117,132,58,10,80,97,44,83,91,123,128,24" hai2="105,62,73,0,61,46,57,12,129,23,118,21,106" hai3="55,119,56,9,2,25,27,89,77,18,17,101,133"/><W114/><G119/><T41/><D34/><U20/><E71/><V72/><F118/><W82/><G101/><T134/><D110/><U86/><E123/><V116/><F116/><W90/><G133/><T39/><D39/><U13/><E132/><V104/><F0/><W112/><G2/><T60/><D107/><U115/><E128/><V38/><F129/><W109/><G109/><T124/><D124/><U93/><E117/><V130/><F130/><W125/><G125/><T31/><D135/><U45/><E83/><V42/><F62/><N who="3" m="36127" /><G9/><T28/><D134/><U5/><E115/><N who="3" m="44074" /><G27/><T19/><D8/><U26/><E26/><V113/><F113/><W40/><G40/><T111/><D1/><U70/><E70/><V7/><F7/><W88/><G25/><T51/><D111/><U4/><E4/><V63/><F63/><W121/><G121/><T54/><D60/><U65/><E65/><V50/><F38/><W35/><G35/><T79/><D41/><U81/><E81/><V96/><F96/><W37/><G37/><T6/><D6/><U11/><E11/><V16/><F23/><W43/><G43/><T78/><D51/><U131/><E131/><V3/><F3/><W95/><G95/><T67/><D67/><U120/><E120/><V68/><F68/><W36/><G36/><T74/><D74/><AGARI ba="1,0" hai="17,18,74,77,82,88,89,90" m="44074,36127" machi="74" ten="30,5800,0" yaku="15,1,52,1,54,1" doraHai="52" who="3" fromWho="0" sc="130,-61,233,0,322,0,315,61" owari="69,-43.0,233,-17.0,322,12.0,376,48.0" /></mjloggm>