<mjloggm ver="2.3"><GO type="97" lobby="0"/><UN n0="%E3%82%A6%E3%83%AB%E3%83%88%E3%83%A9%E7%AB%8B%E7%9B%B4" n1="%E3%81%BF%E3%81%95%E3%81%8D%E3%82%93%E3%81%8E%E3%82%87" n2="%E7%9B%AE%E6%A8%99%E3%81%AF%E5%B9%B3%E5%9D%87%52%E6%9D%B1%E9%A2%A8" n3="%E7%99%BD%E5%85%8E%E8%84%B1%E5%85%8E" dan="15,16,13,14" rate="2031.72,2009.91,1882.21,1869.22" sx="M,F,M,F"/><TAIKYOKU oya="0"/><INIT seed="0,0,0,5,3,12" ten="250,250,250,250" oya="0" hai0="103,9,93,28,123,1,61,53,3,79,14,124,57" hai1="106,120,0,62,96,134,35,99,31,85,10,115,49" hai2="98,94,78,75,63,6,88,109,50,105,110,20,11" hai3="70,77,112,36,40,17,131,23,125,68,87,69,44"/><T104/><D123/><U60/><E120/><V135/><F135/><W16/><G112/><T13/><D124/><U2/><E134/><V64/><F105/><W74/><G74/><T29/><D104/><U25/><E115/><V118/><F118/><W97/><G125/><T4/><D79/><U15/><E85/><V116/><F116/><W24/><G131/><T65/><D3/><U58/><E106/><V108/><F50/><W82/><REACH who="3" step="1"/><G97/><REACH who="3" ten="250,250,250,240" step="2"/><T55/><D1/><U30/><E99/><V5/><F75/><W19/><AGARI ba="0,1" hai="16,17,19,23,24,36,40,44,68,69,70,77,82,87" machi="19" ten="40,16000,3" yaku="1,1,2,1,0,1,52,3,54,1,53,1" doraHai="12" doraHaiUra="18" who="3" fromWho="3" sc="250,-80,250,-40,250,-40,240,170" /><INIT seed="1,0,0,4,4,16" ten="170,210,210,410" oya="1" hai0="22,115,41,98,72,53,83,51,111,2,79,32,96" hai1="95,75,87,12,68,3,31,0,84,24,67,59,29" hai2="118,17,21,90,73,129,74,65,63,7,107,131,46" hai3="5,108,101,45,14,92,36,55,64,134,9,20,52"/><U102/><E75/><V60/><F118/><W33/><G33/><T105/><D32/><U15/><E68/><V86/><F107/><W4/><G4/><T81/><D115/><U40/><E40/><V6/><F46/><W97/><G134/><T35/><D35/><U99/><E3/><V43/><F43/><W39/><G108/><T110/><D2/><U123/><E0/><V113/><F113/><W1/><G64/><T128/><D41/><U109/><E123/><V135/><F135/><W13/><G1/><T23/><D128/><N who="2" m="49226" /><F73/><W133/><G133/><T37/><D37/><U18/><E109/><N who="0" m="41481" /><D83/><U50/><E24/><N who="2" m="14383" /><F74/><W100/><G100/><N who="0" m="62599" /><D98/><U82/><E87/><V112/><F112/><W94/><G45/><AGARI ba="0,0" hai="22,23,45,51,53,72,79,81" m="62599,41481" machi="45" ten="30,3900,0" yaku="14,1,52,2" doraHai="16" who="0" fromWho="3" sc="170,39,210,0,210,0,410,-39" /><INIT seed="2,0,0,4,4,109" ten="209,210,210,371" oya="2" hai0="102,66,19,94,98,25,132,88,41,38,85,11,37" hai1="15,133,126,36,135,60,52,56,40,124,122,131,10" hai2="69,79,87,73,121,50,118,134,74,32,129,72,0" hai3="114,99,35,80,5,116,67,91,90,128,65,3,105"/><V123/><F118/><W101/><G116/><T14/><D132/><N who="1" m="50763" /><E15/><V57/><F69/><W115/><G35/><T112/><D112/><N who="3" m="43049" /><G128/><T76/><D41/><U55/><E10/><V4/><F134/><W9/><G80/><T17/><D66/><AGARI ba="0,0" hai="3,5,9,65,66,67,90,91,99,101,105" m="43049" machi="66" ten="30,7700,0" yaku="11,1,52,3" doraHai="109" who="3" fromWho="0" sc="209,-77,210,0,210,0,371,77" /><INIT seed="3,0,0,4,2,111" ten="132,210,210,448" oya="3" hai0="115,97,1,2,75,34,88,68,110,103,13,9,84" hai1="43,81,60,12,49,35,3,54,89,20,8,5,122" hai2="4,93,42,109,47,31,131,39,53,38,91,100,64" hai3="65,16,127,80,26,132,113,21,95,19,14,124,99"/><W55/><G113/><T87/><D34/><U107/><E107/><V101/><F109/><W23/><G132/><T22/><D75/><U126/><E122/><V82/><F131/><W24/><G55/><T86/><D68/><U134/><E134/><V118/><F118/><W6/><G80/><T15/><D110/><U133/><E133/><V104/><F64/><W83/><G83/><T69/><D69/><U98/><E35/><V46/><F104/><W117/><G117/><T66/><D66/><U18/><E43/><V50/><F39/><W29/><G65/><T116/><D116/><U85/><E60/><V78/><F31/><W61/><G61/><T37/><D37/><U11/><E98/><V72/><F4/><W57/><G57/><T128/><D103/><U7/><E126/><N who="3" m="48170" /><G6/><N who="1" m="2058" /><E3/><V105/><F105/><W41/><G41/><T67/><D128/><U0/><E0/><V96/><AGARI ba="0,0" hai="38,42,46,47,50,53,72,78,82,91,93,96,100,101" machi="96" ten="20,1500,0" yaku="0,1,7,1" doraHai="111" who="2" fromWho="2" sc="132,-4,210,-4,210,15,448,-7" owari="128,-37.0,206,-19.0,225,3.0,441,53.0" /></mjloggm>