<mjloggm ver="2.3"><GO type="225" lobby="0"/><UN n0="%E3%83%86%E3%83%AC%E3%83%93%E3%81%A3%E5%AD%90" n1="%40%E9%A6%AC%E6%9D%89%E5%AF%A7%E9%A6%99" n2="%E5%B7%B7%E3%81%AE%E6%89%93%E3%81%A1%E6%89%8B" n3="%E3%82%A6%E3%83%AB%E3%83%88%E3%83%A9%E7%AB%8B%E7%9B%B4" dan="16,17,17,16" rate="2094.25,2157.29,2165.17,2022.52" sx="M,M,M,M"/><TAIKYOKU oya="0"/><INIT seed="0,0,0,0,3,39" ten="250,250,250,250" oya="0" hai0="125,55,21,84,76,60,33,52,111,132,31,80,110" hai1="118,133,19,72,96,124,49,57,65,108,73,127,32" hai2="81,135,120,24,12,116,16,95,69,28,82,121,51" hai3="67,106,83,85,11,119,54,48,100,123,30,134,105"/><T50/><D132/><U93/><E118/><V58/><F69/><W59/><G123/><T46/><D33/><U47/><E133/><V98/><F135/><W109/><G134/><T68/><D125/><N who="1" m="48203" /><E32/><V71/><F71/><W97/><G119/><T14/><D31/><U115/><E108/><N who="0" m="41513" /><D68/><U62/><E19/><V37/><F37/><W89/><G109/><T70/><D70/><U0/><E0/><V27/><F116/><W129/><G129/><T1/><D1/><U112/><E73/><V103/><F121/><W10/><G106/><T77/><D77/><U9/><E9/><N who="2" m="6159" /><F120/><W86/><G67/><T34/><D34/><U74/><E72/><V63/><F51/><W113/><G113/><T91/><D76/><U29/><E74/><V101/><F101/><W94/><G30/><T122/><D122/><U36/><E29/><V13/><F13/><W131/><G131/><T18/><D60/><U25/><E115/><V126/><F126/><W114/><G114/><T38/><D38/><U15/><E36/><V102/><F102/><W66/><G66/><T42/><AGARI ba="0,0" hai="14,18,21,42,46,50,52,55,80,84,91" m="41513" machi="42" ten="30,11700,0" yaku="14,1,10,1,52,1,54,1" doraHai="39" who="0" fromWho="0" sc="250,117,250,-39,250,-39,250,-39" /><INIT seed="0,1,0,5,1,38" ten="367,211,211,211" oya="0" hai0="71,104,73,101,17,92,4,88,113,16,46,95,45" hai1="109,69,91,84,7,30,24,108,35,102,112,134,128" hai2="59,98,63,90,114,41,74,2,107,11,62,133,100" hai3="20,96,6,68,129,48,29,42,122,126,116,18,124"/><T99/><D71/><U120/><E120/><V67/><F114/><W65/><G116/><T93/><D73/><U81/><E112/><V0/><F133/><W123/><G29/><T9/><D113/><U19/><E134/><V111/><F111/><N who="1" m="42569" /><E69/><V125/><F125/><N who="3" m="48235" /><G6/><T78/><D78/><U105/><E7/><V10/><F74/><W54/><G96/><T1/><REACH who="0" step="1"/><D88/><REACH who="0" ten="357,211,211,211" step="2"/><U82/><E91/><V14/><F90/><W130/><G122/><T5/><D5/><U22/><E82/><V33/><F98/><W119/><G123/><T121/><D121/><U52/><E81/><V83/><F83/><W94/><G68/><T70/><D70/><U76/><E76/><V13/><F2/><W89/><G89/><T106/><D106/><U75/><E105/><V23/><F0/><W118/><G94/><T56/><D56/><U58/><E75/><V51/><F59/><W15/><G118/><T61/><D61/><U103/><E84/><V26/><F63/><W3/><G119/><T55/><D55/><U53/><E53/><V132/><F62/><W79/><G3/><T127/><D127/><U25/><E128/><V47/><F107/><W8/><G79/><T87/><D87/><U21/><E58/><V85/><F85/><W12/><G54/><T66/><D66/><U40/><E52/><V64/><F67/><W49/><G65/><T86/><D86/><U117/><E117/><V97/><F64/><W80/><G129/><T28/><D28/><N who="1" m="19855" /><E40/><V32/><F132/><W36/><G130/><T50/><D50/><U110/><E110/><V43/><F51/><RYUUKYOKU ba="1,1" sc="357,15,211,15,211,-15,211,-15" hai0="1,4,9,16,17,45,46,92,93,95,99,101,104" hai1="19,21,22,24,30,102,103" /><INIT seed="0,2,1,3,5,20" ten="372,226,196,196" oya="0" hai0="34,12,97,122,22,51,134,123,77,87,10,113,39" hai1="70,40,93,109,67,8,57,48,76,7,69,17,0" hai2="55,128,25,84,119,80,52,24,96,125,1,23,64" hai3="32,115,38,56,61,91,132,28,121,65,102,49,11"/><T5/><D39/><U117/><E117/><V13/><F1/><W103/><G38/><T104/><D34/><U3/><E3/><V100/><F119/><W54/><G121/><T92/><D113/><U4/><E4/><V41/><F41/><W44/><G115/><T46/><D134/><U42/><E109/><V111/><F64/><W108/><G108/><T107/><D107/><U85/><E17/><N who="2" m="10671" /><F111/><W99/><G132/><T45/><D45/><U78/><E76/><N who="2" m="46087" /><F128/><W86/><G99/><T106/><D106/><U131/><E131/><V43/><F43/><W2/><G2/><T81/><D104/><U63/><E42/><V90/><F100/><W88/><G91/><T31/><D92/><U105/><E105/><V101/><F101/><W114/><G114/><T71/><D97/><U126/><E126/><V73/><F73/><W127/><G127/><T18/><D71/><U72/><E72/><V59/><F125/><W110/><G110/><T82/><D82/><U120/><E120/><V83/><F55/><W15/><G32/><T14/><REACH who="0" step="1"/><D31/><REACH who="0" ten="362,226,196,196" step="2"/><U60/><E70/><V37/><F37/><W29/><G29/><T135/><D135/><U30/><E30/><V79/><F79/><W95/><REACH who="3" step="1"/><G28/><REACH who="3" ten="362,226,196,186" step="2"/><T21/><D21/><U50/><E78/><V133/><F133/><W68/><G68/><T33/><D33/><U19/><E69/><V124/><F124/><W47/><G47/><T16/><D16/><AGARI ba="2,3" hai="11,15,16,44,49,54,56,61,65,86,88,95,102,103" machi="16" ten="30,8000,1" yaku="1,1,7,1,8,1,54,2,53,0" doraHai="20" doraHaiUra="66" who="3" fromWho="0" sc="362,-86,226,0,196,0,186,116" /><INIT seed="1,0,0,5,4,22" ten="276,226,196,302" oya="1" hai0="109,92,6,100,29,28,117,20,122,133,60,44,11" hai1="114,0,55,51,37,61,12,110,64,1,135,4,25" hai2="80,59,87,43,63,107,102,15,5,72,18,70,94" hai3="86,111,74,57,13,134,128,46,52,103,42,36,34"/><U131/><E37/><V8/><F70/><W78/><G34/><T21/><D117/><U3/><E114/><V62/><F107/><W125/><G74/><T104/><D104/><U91/><E131/><V47/><F72/><W106/><G103/><T75/><D75/><U108/><E135/><V120/><F120/><W127/><G106/><T90/><D100/><U45/><E91/><V32/><F32/><W24/><G13/><N who="0" m="5367" /><D109/><N who="1" m="42091" /><E12/><V93/><F18/><W65/><G111/><T30/><D133/><U99/><E99/><V77/><F102/><W132/><G86/><N who="0" m="52311" /><D122/><U23/><E4/><V49/><F63/><W69/><G78/><T116/><D116/><U85/><E85/><V76/><F77/><W73/><G73/><T26/><D60/><U98/><E98/><V56/><F59/><W130/><G132/><T10/><D10/><U17/><E0/><V48/><REACH who="2" step="1"/><F49/><REACH who="2" ten="276,226,186,302" step="2"/><N who="3" m="30863" /><G134/><T35/><D35/><U71/><AGARI ba="0,1" hai="1,3,17,23,25,45,51,55,61,64,71" m="42091" machi="71" ten="30,6000,0" yaku="14,1,10,1,52,1" doraHai="22" who="1" fromWho="1" sc="276,-20,226,70,186,-20,302,-20" /><INIT seed="1,1,0,5,2,49" ten="256,296,166,282" oya="1" hai0="63,0,111,71,58,92,131,41,84,105,50,74,134" hai1="91,86,124,13,132,20,94,43,89,80,59,57,5" hai2="27,35,62,30,78,18,72,53,108,47,103,106,82" hai3="122,101,70,118,11,96,110,73,36,15,33,116,126"/><U14/><E132/><V119/><F119/><W95/><G33/><T44/><D105/><U135/><E135/><V97/><F108/><W128/><G36/><T32/><D32/><U61/><E124/><V69/><F18/><W56/><G70/><T16/><D74/><U66/><E43/><V65/><F47/><W133/><G73/><T83/><D0/><U87/><E5/><V10/><F10/><W1/><G1/><T114/><D131/><U113/><E113/><V76/><F76/><W52/><G133/><T75/><D71/><U51/><REACH who="1" step="1"/><E20/><REACH who="1" ten="256,286,166,282" step="2"/><V23/><F23/><W38/><G126/><T17/><D134/><U100/><E100/><V85/><F85/><W130/><G130/><T22/><D22/><U29/><E29/><V104/><F104/><W121/><G128/><T3/><D84/><U115/><E115/><V46/><F46/><W90/><G118/><T19/><D114/><U28/><E28/><V68/><F68/><W60/><G116/><T129/><D129/><U125/><E125/><V99/><F99/><W54/><G121/><T77/><D44/><U21/><E21/><V39/><REACH who="2" step="1"/><F53/><AGARI ba="1,1" hai="13,14,51,53,57,59,61,66,80,86,87,89,91,94" machi="53" ten="40,12000,1" yaku="1,1,8,1,52,1,53,1" doraHai="49" doraHaiUra="48" who="1" fromWho="2" sc="256,0,286,133,166,-123,282,0" /><INIT seed="1,2,0,2,4,52" ten="256,419,43,282" oya="1" hai0="85,131,109,116,69,129,34,65,101,62,14,6,124" hai1="94,21,74,46,29,50,30,18,75,107,82,12,31" hai2="115,91,7,102,56,80,83,100,45,33,0,105,10" hai3="93,128,86,8,48,127,11,89,118,28,97,117,88"/><U41/><E107/><V134/><F134/><W99/><G127/><T135/><D34/><U122/><E122/><V60/><F115/><W104/><G128/><T133/><D116/><N who="3" m="44649" /><G28/><T119/><D119/><U3/><E3/><V126/><F126/><W96/><G48/><T17/><D124/><U87/><REACH who="1" step="1"/><E94/><REACH who="1" ten="256,409,43,282" step="2"/><V81/><F105/><W71/><G104/><T114/><D131/><U40/><E40/><V19/><F0/><W57/><G96/><T68/><D129/><U44/><E44/><V58/><F45/><W16/><G99/><T24/><D114/><U78/><AGARI ba="2,1" hai="12,18,21,29,30,31,41,46,50,74,75,78,82,87" machi="78" ten="30,3000,0" yaku="1,1,0,1,53,0" doraHai="52" doraHaiUra="66" who="1" fromWho="1" sc="256,-12,409,46,43,-12,282,-12" /><INIT seed="1,3,0,4,0,14" ten="244,455,31,270" oya="1" hai0="117,21,36,86,122,52,90,89,37,7,129,19,114" hai1="96,17,0,111,26,25,85,57,65,34,54,1,121" hai2="80,63,23,28,16,132,12,71,10,30,135,70,105" hai3="84,38,22,11,48,126,32,61,55,64,41,45,83"/><U116/><E116/><V123/><F105/><W92/><G32/><T91/><D117/><U77/><E121/><V108/><F123/><W113/><G113/><T59/><D114/><U5/><E65/><V93/><F80/><W43/><G126/><T53/><D86/><U99/><E5/><V133/><F93/><W131/><G131/><T95/><D95/><U127/><E127/><V56/><F108/><W47/><G92/><T18/><D7/><U82/><E111/><V106/><F106/><W72/><G72/><T94/><D94/><U109/><E109/><V4/><F56/><W62/><G11/><T42/><D129/><U67/><E67/><N who="2" m="41343" /><F71/><N who="3" m="42383" /><G22/><T73/><D73/><U87/><E85/><V97/><F97/><W119/><G84/><T39/><D42/><U31/><E0/><AGARI ba="3,0" hai="0,4,10,12,16,23,28,30,132,133,135" m="41343" machi="0" ten="30,3900,0" yaku="20,1,52,1,54,1" doraHai="14" who="2" fromWho="1" sc="244,0,455,-48,31,48,270,0" /><INIT seed="2,0,0,2,4,40" ten="244,407,79,270" oya="2" hai0="74,114,94,11,104,118,59,72,6,66,13,22,33" hai1="52,10,43,99,19,54,64,100,26,117,31,112,98" hai2="18,62,88,24,57,122,21,55,46,125,0,124,67" hai3="110,129,25,87,102,109,36,34,84,69,9,101,3"/><V48/><F122/><W111/><G69/><T7/><D104/><U60/><E117/><V12/><F0/><W63/><G63/><T77/><D33/><U53/><E112/><V131/><F131/><W78/><G36/><T90/><D114/><U103/><E43/><V29/><REACH who="2" step="1"/><F88/><REACH who="2" ten="244,407,69,270" step="2"/><W76/><G129/><T97/><D90/><U58/><E103/><V50/><F50/><W105/><G101/><T121/><D121/><U123/><E123/><V92/><F92/><W113/><G113/><T127/><D94/><U70/><E100/><V23/><AGARI ba="0,1" hai="12,18,21,23,24,29,46,48,55,57,62,67,124,125" machi="23" ten="30,6000,0" yaku="1,1,0,1,52,1,53,0" doraHai="40" doraHaiUra="80" who="2" fromWho="2" sc="244,-20,407,-20,69,70,270,-20" /><INIT seed="2,1,0,2,1,129" ten="224,387,139,250" oya="2" hai0="69,49,2,100,119,109,130,86,96,105,92,39,68" hai1="116,45,127,87,9,101,126,34,3,5,32,58,18" hai2="53,97,104,85,21,41,28,80,0,47,115,20,84" hai3="93,37,48,107,64,71,61,40,120,125,123,44,76"/><V42/><F115/><W10/><G107/><T51/><D39/><U124/><E116/><V132/><F0/><W78/><G78/><T114/><D130/><U60/><E101/><V33/><F33/><W19/><G125/><T16/><D2/><U82/><E18/><V8/><F104/><W22/><G10/><T112/><D109/><U113/><E45/><V128/><F128/><W90/><G76/><T79/><D119/><U66/><E113/><V1/><F97/><W83/><G83/><N who="0" m="47487" /><D69/><U52/><E66/><V14/><F1/><W50/><G50/><N who="0" m="18955" /><D68/><U25/><E25/><N who="2" m="16423" /><F21/><W30/><G30/><T65/><D105/><U111/><E111/><V73/><F53/><W43/><G37/><T17/><D114/><U134/><E134/><V23/><F132/><W38/><G38/><T95/><D112/><U59/><E59/><V94/><F23/><W63/><G43/><N who="2" m="16393" /><F47/><W135/><G135/><T75/><D75/><U6/><E6/><N who="2" m="3351" /><F73/><W13/><G63/><T81/><D65/><U98/><E98/><AGARI ba="1,0" hai="13,19,22,40,44,48,61,64,71,90,93,98,120,123" machi="98" ten="30,1000,0" yaku="7,1" doraHai="129" who="3" fromWho="1" sc="224,0,387,-13,139,0,250,13" /><INIT seed="3,0,0,4,2,47" ten="224,374,139,263" oya="3" hai0="65,5,64,87,129,104,14,0,7,106,37,131,6" hai1="48,108,126,49,34,53,91,55,50,81,75,76,41" hai2="98,69,22,23,46,8,19,38,45,101,15,117,124" hai3="130,73,60,36,86,51,72,13,105,21,70,123,10"/><W95/><G105/><N who="0" m="40555" /><D0/><U2/><E126/><V54/><F124/><W58/><G36/><T17/><D37/><U66/><E108/><V120/><F117/><W112/><G72/><T39/><D39/><U109/><E109/><V89/><F120/><W135/><G73/><T33/><D33/><U56/><E2/><V32/><F32/><W68/><G70/><T107/><D87/><N who="1" m="48551" /><E34/><V20/><F69/><W114/><G68/><T82/><D82/><U115/><E75/><V42/><F101/><W110/><G110/><T80/><D80/><U125/><E115/><V134/><F134/><W4/><G135/><T97/><D97/><U84/><E41/><V116/><F116/><W83/><G83/><T1/><D1/><U133/><E125/><V18/><F98/><W96/><G86/><T67/><D107/><U93/><E133/><V3/><F3/><W121/><G121/><T92/><D17/><U78/><E78/><V9/><F89/><N who="3" m="55407" /><G123/><T24/><D24/><U16/><E16/><V57/><F46/><W118/><G118/><T27/><D27/><U40/><E40/><V113/><F113/><W12/><G12/><T26/><D26/><U62/><AGARI ba="0,0" hai="48,49,50,53,55,56,62,66,84,91,93" m="48551" machi="62" ten="30,7900,0" yaku="8,1,52,3" doraHai="47" who="1" fromWho="1" sc="224,-20,374,79,139,-20,263,-39" owari="204,-20.0,453,56.0,119,-38.0,224,2.0" /></mjloggm>