<mjloggm ver="2.3"><GO type="169" lobby="0"/><UN n0="%63%68%72%6F%6E%75%73" n1="%E6%9E%9D%E8%B1%86%E3%82%AB%E3%83%AC%E3%83%BC%E7%94%98%E5%8F%A3" n2="%E3%81%A1%E3%81%8F%E3%81%8D" n3="%E3%82%A6%E3%83%AB%E3%83%88%E3%83%A9%E7%AB%8B%E7%9B%B4" dan="16,17,17,16" rate="2039.75,2183.67,2180.18,2061.52" sx="M,F,M,M"/><TAIKYOKU oya="0"/><INIT seed="0,0,0,0,3,124" ten="250,250,250,250" oya="0" hai0="123,133,127,70,1,22,67,40,88,73,15,79,108" hai1="30,126,39,60,47,111,46,84,6,51,118,120,80" hai2="86,81,77,16,128,33,36,115,102,32,135,95,41" hai3="3,112,91,54,105,14,64,98,11,75,43,12,63"/><T76/><D123/><U4/><E126/><V23/><F115/><W99/><G75/><T101/><D127/><U71/><E111/><V132/><F128/><W82/><G3/><T62/><D1/><U53/><E120/><V100/><F41/><W93/><G43/><T69/><D69/><U9/><E118/><V114/><F36/><W56/><G105/><T121/><D121/><U96/><E96/><N who="2" m="59423" /><F102/><W7/><G112/><T55/><D133/><N who="2" m="51274" /><F114/><W34/><G34/><T116/><D101/><U94/><E94/><V134/><N who="2" m="51282" /><V129/><DORA hai="5" /><F129/><W28/><G98/><T57/><D40/><U119/><E119/><V50/><F50/><W66/><G82/><T113/><D116/><U107/><E107/><V2/><F2/><W18/><REACH who="3" step="1"/><G28/><REACH who="3" ten="250,250,250,240" step="2"/><T48/><D113/><U31/><E31/><V49/><F33/><W27/><G27/><T29/><D108/><U109/><E30/><V110/><F32/><W85/><G85/><T68/><D73/><U35/><E35/><V20/><F110/><W45/><G45/><N who="0" m="28047" /><D68/><U25/><E109/><V87/><F81/><W37/><G37/><T106/><D70/><U21/><E39/><V125/><F125/><W117/><G117/><T59/><D106/><U19/><E47/><V131/><F86/><W78/><G78/><N who="0" m="29739" /><D57/><N who="1" m="34863" /><E84/><V89/><F131/><W38/><G38/><T104/><D104/><U122/><E71/><V24/><F77/><W0/><G0/><T42/><D42/><N who="1" m="25047" /><E122/><V103/><F87/><W26/><G26/><N who="0" m="16599" /><D15/><N who="1" m="7663" /><E80/><V74/><F74/><W90/><G90/><AGARI ba="0,1" hai="59,62,67,88,90" m="16599,29739,28047" machi="90" ten="30,2900,0" yaku="8,1,54,1" doraHai="124,5" who="0" fromWho="3" sc="250,39,250,0,250,0,240,-29" /><INIT seed="0,1,0,5,4,95" ten="289,250,250,211" oya="0" hai0="47,82,74,43,122,109,12,42,53,6,73,51,133" hai1="54,63,86,9,1,64,58,132,68,75,14,71,4" hai2="91,107,46,92,41,125,31,112,80,8,22,28,81" hai3="110,44,84,127,124,27,120,94,104,62,98,40,108"/><T111/><D122/><U39/><E132/><V134/><F107/><W0/><G0/><T16/><D133/><U59/><E75/><V67/><F134/><W79/><G62/><T37/><D6/><U19/><E39/><V105/><F105/><W23/><G120/><T90/><D43/><U7/><E86/><V21/><F112/><W52/><G84/><T93/><D37/><U118/><E118/><V83/><F67/><W15/><G15/><T88/><D42/><U123/><E123/><V116/><F116/><W89/><G79/><T72/><D82/><U77/><E77/><V135/><F135/><W13/><G13/><T26/><D26/><U2/><E2/><V101/><F101/><W5/><G5/><T57/><D47/><U48/><REACH who="1" step="1"/><E7/><REACH who="1" ten="289,240,250,211" step="2"/><V97/><F125/><W32/><G124/><T121/><D121/><U18/><E18/><V103/><F31/><W102/><G127/><T76/><D76/><U114/><E114/><V130/><F28/><W66/><G110/><N who="0" m="41995" /><D93/><U11/><AGARI ba="1,1" hai="1,4,9,11,14,19,48,54,58,59,63,64,68,71" machi="11" ten="20,2700,0" yaku="1,1,0,1,7,1,53,0" doraHai="95" doraHaiUra="113" who="1" fromWho="1" sc="289,-14,240,40,250,-8,211,-8" /><INIT seed="1,0,0,4,5,65" ten="275,280,242,203" oya="1" hai0="106,90,107,40,16,91,34,94,112,110,69,7,131" hai1="108,119,98,14,58,73,55,134,87,8,80,11,13" hai2="19,57,32,42,37,39,76,2,88,99,116,30,43" hai3="82,27,113,3,111,129,38,102,25,0,89,53,124"/><U47/><E73/><V83/><F116/><W115/><G89/><T132/><D112/><U71/><E134/><V26/><F2/><W22/><G102/><T78/><D34/><U15/><E119/><V10/><F57/><W41/><G82/><T67/><D132/><U127/><E127/><V103/><F42/><W66/><G66/><T120/><D110/><U45/><E71/><V70/><F70/><W96/><G96/><T75/><D131/><U23/><E23/><V28/><F28/><W59/><G41/><T17/><D120/><U50/><E98/><V35/><F35/><W56/><G53/><T1/><D40/><U130/><E130/><V92/><F43/><W48/><G22/><T117/><D117/><U5/><E108/><V133/><F133/><W109/><G48/><T64/><D75/><U121/><E121/><V31/><F31/><W128/><REACH who="3" step="1"/><G38/><REACH who="3" ten="275,280,242,193" step="2"/><T4/><D78/><U61/><E47/><V21/><F103/><W93/><G93/><T95/><D95/><U101/><E101/><V135/><F135/><W84/><G84/><T105/><D94/><U63/><E87/><V114/><F32/><W20/><G20/><T62/><D62/><U123/><E80/><V54/><F39/><W85/><G85/><T24/><D24/><U68/><E61/><V46/><F37/><W33/><G33/><T118/><D67/><U51/><E63/><V29/><F83/><W44/><G44/><T86/><D64/><U122/><E45/><V100/><F46/><W60/><G60/><T126/><D86/><U97/><E51/><V79/><F100/><RYUUKYOKU ba="0,1" sc="275,-10,280,-10,242,-10,193,30" hai3="0,3,25,27,56,59,109,111,113,115,124,128,129" /><INIT seed="2,1,1,3,0,38" ten="265,270,232,223" oya="2" hai0="109,92,11,55,107,114,85,87,9,46,70,33,43" hai1="122,100,86,7,77,21,27,113,45,108,35,13,88" hai2="115,68,2,30,93,63,116,124,119,60,104,131,111" hai3="130,71,42,61,24,53,126,78,23,25,97,14,129"/><V101/><F115/><W125/><G78/><T26/><D107/><U82/><E113/><V62/><F2/><W80/><G80/><T123/><D114/><U16/><E108/><V59/><F104/><W49/><G97/><T73/><D70/><U120/><E100/><V47/><F111/><W105/><G105/><T50/><D73/><U94/><E45/><V12/><F68/><W69/><G69/><T31/><D123/><U99/><REACH who="1" step="1"/><E7/><REACH who="1" ten="265,260,232,223" step="2"/><V74/><F101/><W6/><G6/><T40/><D109/><U81/><E81/><V127/><F119/><W36/><G126/><T67/><D67/><U0/><E0/><V95/><F116/><W64/><G125/><T121/><D121/><U19/><E19/><V8/><F127/><W75/><G129/><T90/><REACH who="0" step="1"/><D85/><REACH who="0" ten="255,260,232,223" step="2"/><U5/><E5/><V32/><F124/><W135/><G75/><T89/><D89/><U106/><E106/><V58/><F74/><W52/><G64/><T84/><D84/><U96/><E96/><V29/><F131/><W117/><G130/><T4/><D4/><U112/><E112/><V15/><F30/><AGARI ba="1,3" hai="13,16,21,27,30,35,77,82,86,88,94,99,120,122" machi="30" ten="40,5200,0" yaku="1,1,54,2,53,0" doraHai="38" doraHaiUra="66" who="1" fromWho="2" sc="255,0,260,85,232,-55,223,0" /><INIT seed="3,0,0,4,3,57" ten="255,345,177,223" oya="3" hai0="2,11,58,91,35,99,33,123,50,13,74,21,132" hai1="66,48,104,107,78,16,82,67,31,18,42,75,72" hai2="45,60,133,109,47,134,64,10,6,24,51,87,25" hai3="85,96,90,127,32,84,3,30,101,54,86,122,79"/><W131/><G3/><T83/><D123/><U29/><E42/><V55/><F109/><W121/><G30/><T89/><D132/><N who="2" m="50794" /><F47/><W114/><G32/><T70/><D70/><U81/><E48/><V97/><F97/><W8/><G8/><T68/><D68/><U27/><E27/><V15/><F87/><N who="3" m="33355" /><G54/><T36/><D36/><U65/><E65/><V80/><F80/><N who="3" m="47391" /><G114/><T62/><D50/><U73/><E73/><V95/><F95/><N who="3" m="56439" /><G127/><T61/><D2/><U129/><E129/><V69/><AGARI ba="0,0" hai="6,10,15,24,25,45,51,55,60,64,69" m="50794" machi="69" ten="30,2000,0" yaku="20,1,52,1" doraHai="57" who="2" fromWho="2" sc="255,-5,345,-5,177,20,223,-10" /><INIT seed="4,0,0,2,4,128" ten="250,340,197,213" oya="0" hai0="80,10,11,86,14,21,113,129,39,92,20,130,85" hai1="87,8,72,23,65,89,79,30,101,119,24,104,117" hai2="66,56,53,76,109,74,107,37,133,110,60,1,13" hai3="22,61,58,27,99,127,40,62,47,44,106,94,36"/><T81/><D39/><U33/><E79/><V95/><F107/><W12/><G106/><T55/><D92/><U97/><E72/><V105/><F105/><W69/><G127/><T73/><D73/><U34/><E34/><V45/><F1/><W42/><G12/><T2/><D2/><U118/><E8/><N who="0" m="3113" /><D14/><U38/><E38/><V26/><F13/><W93/><G69/><T91/><D55/><U135/><E135/><V68/><F95/><W125/><G125/><T52/><D52/><U9/><E9/><V59/><F26/><W90/><G94/><T88/><D113/><U121/><E121/><V96/><F96/><W132/><G132/><T116/><D116/><U100/><E100/><V71/><F76/><W28/><G58/><T18/><D18/><U83/><E23/><N who="0" m="8777" /><D130/><U19/><E19/><V48/><F74/><W7/><G7/><T54/><D54/><U115/><E115/><V63/><F133/><W123/><G123/><T50/><D129/><U51/><E51/><AGARI ba="0,0" hai="22,27,28,36,40,42,44,47,51,61,62,90,93,99" machi="51" ten="30,1000,0" yaku="7,1" doraHai="128" who="3" fromWho="1" sc="250,0,340,-10,197,0,213,10" /><AGARI ba="0,0" hai="50,51,80,81,85,86,88,91" m="8777,3113" machi="51" ten="30,2900,0" yaku="8,1,54,1" doraHai="128" who="0" fromWho="1" sc="250,29,330,-29,197,0,223,0" /><INIT seed="4,1,0,5,3,79" ten="279,301,197,223" oya="0" hai0="63,1,54,132,18,32,30,127,130,121,60,105,126" hai1="133,96,125,124,88,35,15,25,101,22,7,97,98" hai2="29,16,42,47,119,55,104,5,49,87,81,24,10" hai3="27,117,131,2,12,39,61,41,51,26,102,44,82"/><T6/><D121/><U56/><E35/><V122/><F104/><W13/><G2/><T58/><D105/><U62/><E133/><V123/><F119/><W70/><G102/><T100/><D100/><U108/><E108/><V38/><F38/><W74/><G117/><T23/><D132/><U52/><E15/><V89/><F42/><W9/><G13/><N who="0" m="9679" /><D130/><U111/><E7/><V45/><F45/><W73/><G39/><T116/><D116/><U86/><E111/><V3/><REACH who="2" step="1"/><F16/><REACH who="2" ten="279,301,187,223" step="2"/><W50/><G44/><T31/><D31/><N who="1" m="17847" /><E125/><V80/><F80/><W57/><G82/><T68/><D30/><U99/><E124/><V53/><F53/><W17/><G41/><T37/><D54/><U77/><E101/><V34/><AGARI ba="1,1" hai="3,5,10,24,29,34,47,49,55,81,87,89,122,123" machi="34" ten="20,5200,0" yaku="1,1,0,1,7,1,52,1,53,0" doraHai="79" doraHaiUra="110" who="2" fromWho="2" sc="279,-27,301,-14,187,65,223,-14" /><INIT seed="5,0,0,5,2,87" ten="252,287,252,209" oya="1" hai0="10,80,109,91,49,60,9,99,66,133,40,21,37" hai1="69,72,74,3,57,58,128,73,7,14,67,100,55" hai2="39,48,47,105,38,134,27,2,1,24,30,23,124" hai3="0,19,6,43,70,90,56,129,125,131,8,31,29"/><U116/><E116/><V78/><F105/><W50/><G70/><T16/><D109/><U86/><E128/><N who="3" m="49226" /><G43/><T76/><D133/><U5/><E3/><V95/><F134/><W82/><G19/><T25/><D37/><U36/><E36/><V28/><F124/><W13/><G13/><T20/><D40/><U127/><E127/><V18/><F39/><W84/><G125/><T117/><D117/><U62/><E100/><V44/><F38/><W107/><G107/><T114/><D114/><U94/><E14/><V34/><F78/><W97/><G97/><T98/><D49/><U46/><E46/><V77/><F77/><W110/><G110/><T65/><D21/><U79/><E69/><V45/><F48/><W115/><G115/><T108/><D108/><U11/><E11/><N who="0" m="4105" /><D76/><U104/><E104/><V41/><F41/><W118/><G118/><T119/><D119/><U126/><E126/><V88/><REACH who="2" step="1"/><F18/><REACH who="2" ten="252,287,242,209" step="2"/><W52/><AGARI ba="0,1" hai="0,6,8,29,31,50,52,56,82,84,90" m="49226" machi="52" ten="30,4000,0" yaku="19,1,52,1,54,1" doraHai="87" who="3" fromWho="3" sc="252,-10,287,-20,242,-10,209,50" /><INIT seed="6,0,0,5,1,18" ten="242,267,232,259" oya="2" hai0="115,109,57,82,63,6,89,133,122,51,3,8,106" hai1="13,72,68,99,36,87,21,97,107,66,46,93,4" hai2="16,26,34,14,39,102,114,125,130,84,37,91,108" hai3="79,111,58,10,33,132,28,105,1,7,42,118,43"/><V120/><F120/><W128/><G43/><T55/><D106/><U64/><E68/><V86/><F102/><W126/><G58/><T75/><D109/><U121/><E121/><V92/><F108/><W110/><G42/><T12/><D122/><U119/><E119/><V77/><F114/><W101/><G118/><T100/><D115/><U29/><E72/><V81/><F130/><W41/><G128/><T65/><D100/><U98/><E36/><V17/><F125/><W61/><G61/><T127/><D127/><U73/><E73/><V95/><F95/><W2/><G79/><T124/><D124/><U94/><E46/><V50/><F50/><W112/><G112/><T27/><D133/><U53/><E53/><V62/><F62/><W48/><G126/><T11/><D27/><N who="1" m="16623" /><E107/><V103/><F103/><W15/><G132/><T88/><D75/><U23/><E93/><V70/><F70/><W40/><G40/><T104/><D104/><U49/><E49/><V117/><F117/><W80/><G80/><T20/><D82/><U96/><E87/><V83/><F92/><W32/><G110/><T35/><D35/><U74/><E74/><V78/><F91/><W47/><G33/><T135/><D135/><U76/><E76/><V52/><F52/><W24/><G111/><T22/><D89/><N who="1" m="55375" /><E4/><V38/><REACH who="2" step="1"/><F14/><REACH who="2" ten="242,267,222,259" step="2"/><N who="3" m="5471" /><G101/><T113/><D113/><U5/><E99/><V85/><F85/><W0/><G105/><T56/><REACH who="0" step="1"/><D88/><REACH who="0" ten="232,267,222,259" step="2"/><U59/><E98/><V9/><F9/><W30/><G15/><T25/><D25/><U123/><E13/><V45/><F45/><RYUUKYOKU ba="0,2" sc="232,10,267,-30,222,10,259,10" hai0="3,6,8,11,12,20,22,51,55,56,57,63,65" hai2="16,17,26,34,37,38,39,77,78,81,83,84,86" hai3="0,1,2,24,28,30,32,41,47,48" /><INIT seed="6,1,2,1,0,17" ten="242,237,232,269" oya="2" hai0="38,5,121,19,50,21,32,28,34,87,40,42,114" hai1="79,27,119,41,70,116,29,90,108,18,100,37,127" hai2="22,55,58,82,20,63,48,57,4,35,113,94,115" hai3="25,72,39,96,122,11,23,123,98,62,13,126,106"/><V84/><F35/><W93/><G39/><T91/><D121/><U107/><E127/><V124/><F4/><W6/><G72/><T99/><D114/><N who="2" m="43530" /><F94/><W60/><G126/><T51/><D5/><U53/><E18/><V97/><F97/><W44/><G44/><T68/><D68/><U135/><E135/><V132/><F132/><W80/><G80/><T45/><D99/><U109/><E79/><N who="2" m="46175" /><F124/><W12/><G106/><T36/><D28/><U130/><E90/><V71/><F71/><W83/><G83/><T73/><D73/><U133/><E70/><V16/><F16/><N who="3" m="12519" /><G96/><T33/><D38/><U125/><E37/><V74/><F74/><W77/><G77/><T128/><D128/><U89/><E130/><V65/><AGARI ba="1,2" hai="20,22,48,55,57,58,63,65" m="46175,43530" machi="65" ten="30,6000,0" yaku="15,1,52,2" doraHai="17" who="2" fromWho="2" sc="242,-21,237,-21,232,83,269,-21" /><INIT seed="6,2,0,5,5,17" ten="221,216,315,248" oya="2" hai0="56,80,74,52,5,101,117,82,0,89,71,70,81" hai1="18,79,78,124,91,28,128,85,92,40,9,2,107" hai2="51,38,119,57,36,20,95,55,63,54,126,39,12" hai3="58,98,97,129,90,127,68,29,83,10,59,114,4"/><V116/><F95/><W121/><G68/><T111/><D111/><U94/><E107/><V93/><F93/><W27/><G121/><T96/><D117/><N who="2" m="45130" /><F20/><N who="3" m="15591" /><G98/><T35/><D35/><U1/><E128/><V33/><F12/><N who="3" m="5191" /><G129/><T60/><D74/><U73/><E124/><V131/><F33/><W61/><G127/><T25/><D89/><U19/><E40/><V46/><F126/><W135/><G135/><T8/><REACH who="0" step="1"/><D25/><REACH who="0" ten="211,216,315,248" step="2"/><U113/><E73/><V120/><F131/><W88/><G90/><T32/><D32/><U99/><E91/><V11/><F11/><W102/><G114/><T133/><D133/><U84/><E9/><V62/><F120/><W41/><G88/><T47/><D47/><U24/><E24/><V65/><F63/><W108/><G108/><T64/><D64/><AGARI ba="2,1" hai="36,38,39,46,51,54,55,57,62,64,65" m="45130" machi="64" ten="40,3900,0" yaku="34,2" doraHai="17" who="2" fromWho="0" sc="211,-45,216,0,315,55,248,0" /><INIT seed="6,3,0,2,0,104" ten="166,216,370,248" oya="2" hai0="0,12,53,19,98,58,57,9,122,37,94,112,91" hai1="135,74,33,49,44,55,77,120,133,96,108,89,73" hai2="100,126,46,27,79,28,47,127,87,114,68,101,24" hai3="103,84,34,134,29,25,69,116,129,93,124,78,99"/><V107/><F68/><W131/><G116/><T97/><D122/><U15/><E108/><V10/><F114/><W31/><G69/><T62/><D112/><U14/><E120/><V38/><F10/><W13/><G31/><T130/><D37/><U51/><E33/><V121/><F121/><W21/><G124/><T63/><D130/><N who="3" m="49673" /><G134/><N who="1" m="51210" /><E77/><V92/><F107/><W11/><G84/><T48/><D0/><U20/><E20/><V52/><F38/><W111/><G78/><T125/><D125/><U18/><E18/><V128/><F128/><W56/><G56/><T8/><D8/><U75/><E51/><V76/><F28/><W30/><G30/><T17/><D17/><U59/><E59/><V23/><F87/><W41/><G34/><T16/><D19/><U6/><E6/><V39/><F39/><W123/><G123/><T105/><D105/><U117/><E117/><V109/><F109/><W102/><G111/><T60/><REACH who="0" step="1"/><D98/><REACH who="0" ten="156,216,370,248" step="2"/><U80/><E96/><V70/><F127/><W40/><G11/><T66/><AGARI ba="3,1" hai="9,12,16,48,53,57,58,60,62,63,66,91,94,97" machi="66" ten="20,12000,2" yaku="1,1,2,1,0,1,7,1,8,1,54,1,53,1" doraHai="104" doraHaiUra="88" who="0" fromWho="0" sc="156,139,216,-33,370,-63,248,-33" /><INIT seed="7,0,0,0,5,109" ten="295,183,307,215" oya="3" hai0="107,13,76,51,14,115,84,120,39,31,55,121,98" hai1="27,132,28,85,41,22,113,68,99,38,91,87,35" hai2="16,129,30,125,67,26,1,9,105,29,110,57,135" hai3="96,44,72,65,122,81,63,89,83,134,92,118,40"/><W32/><G32/><T10/><D39/><U88/><E132/><V94/><F105/><W69/><G122/><T5/><D31/><N who="2" m="11786" /><F1/><W116/><G134/><T33/><D33/><U54/><E68/><V61/><F110/><W43/><G43/><T0/><D115/><U15/><E38/><V11/><F135/><W8/><G8/><T60/><D60/><U78/><E41/><V6/><F6/><W103/><G89/><T106/><D121/><U131/><E131/><V7/><F7/><W128/><G128/><T24/><D120/><U111/><E111/><V23/><F129/><W64/><G64/><T53/><D24/><U56/><E113/><V17/><F125/><W97/><G97/><T12/><D98/><U90/><E99/><V93/><F11/><W3/><G3/><T100/><D100/><U104/><E104/><V124/><F124/><W49/><REACH who="3" step="1"/><G72/><REACH who="3" ten="295,183,307,205" step="2"/><T79/><D53/><U112/><E112/><V126/><F126/><W86/><G86/><T20/><D84/><U119/><E119/><AGARI ba="0,1" hai="40,44,49,63,65,69,81,83,92,96,103,116,118,119" machi="119" ten="40,2000,0" yaku="1,1,53,0" doraHai="109" doraHaiUra="101" who="3" fromWho="1" sc="295,0,183,-20,307,0,205,30" /><INIT seed="7,1,0,3,5,48" ten="295,163,307,235" oya="3" hai0="59,39,122,102,66,75,27,49,20,123,114,111,96" hai1="21,11,121,64,134,60,29,45,103,110,52,86,78" hai2="38,26,62,1,2,109,105,71,58,32,56,12,67" hai3="77,85,72,42,35,65,40,104,33,128,3,19,89"/><W46/><G104/><T61/><D111/><U47/><E134/><V22/><F109/><W10/><G42/><T129/><D39/><U101/><E110/><V93/><F38/><N who="3" m="21783" /><G65/><T133/><D133/><U124/><E124/><V57/><F105/><W80/><G19/><T132/><D132/><U99/><E121/><V73/><F73/><W82/><G128/><T90/><D129/><U100/><E99/><V116/><F116/><W23/><G23/><T8/><D75/><U74/><E74/><V44/><F44/><W84/><G84/><T98/><D114/><U4/><E64/><V106/><F106/><W0/><G0/><T68/><D8/><U55/><E11/><V16/><F93/><W41/><G41/><T51/><D68/><U135/><E4/><AGARI ba="1,0" hai="3,4,10,33,35,72,77,80,82,85,89" m="21783" machi="4" ten="30,1500,0" yaku="25,1" doraHai="48" who="3" fromWho="1" sc="295,0,163,-18,307,0,235,18" /><INIT seed="7,2,0,0,0,102" ten="295,145,307,253" oya="3" hai0="36,127,106,111,87,93,39,40,33,19,9,85,133" hai1="55,59,14,51,120,119,28,71,105,132,116,22,97" hai2="62,43,47,41,75,57,31,8,21,95,108,38,76" hai3="42,83,29,70,115,52,124,12,73,3,90,100,118"/><W121/><G3/><T17/><D111/><U94/><E132/><V26/><F108/><W50/><G121/><T4/><D106/><U99/><E120/><V63/><F43/><W69/><G118/><N who="1" m="45098" /><E71/><V34/><F75/><W54/><G100/><T0/><D33/><U134/><E134/><V20/><F76/><W112/><G124/><T11/><D127/><U79/><E79/><V130/><F130/><W35/><G29/><T92/><D133/><U91/><E105/><V6/><F95/><W46/><G35/><T104/><D104/><U82/><E82/><V72/><F72/><W60/><G73/><T103/><D103/><U128/><E128/><V49/><F38/><N who="3" m="21847" /><G12/><T89/><D40/><U88/><E14/><V24/><F57/><N who="3" m="34871" /><G90/><N who="1" m="34346" /><E94/><V66/><F66/><W101/><G83/><T16/><D89/><U1/><E1/><V125/><F125/><W123/><G123/><T30/><D30/><U113/><E113/><N who="3" m="43594" /><G101/><T27/><D27/><U45/><E45/><AGARI ba="2,0" hai="45,50,52,69,70" m="43594,34871,21847" machi="45" ten="30,11600,0" yaku="15,1,34,2,54,1" doraHai="102" who="3" fromWho="1" sc="295,0,145,-122,307,0,253,122" owari="295,-10.0,23,-48.0,307,11.0,375,47.0" /></mjloggm>