<mjloggm ver="2.3"><GO type="97" lobby="0"/><UN n0="%67%6F%6F%6F%6F" n1="%48%69%2D%53%54%41" n2="%64%6F%72%6F%62%61%62%61" n3="%E3%82%A6%E3%83%AB%E3%83%88%E3%83%A9%E7%AB%8B%E7%9B%B4" dan="13,14,13,15" rate="1878.85,1897.92,1864.41,1997.19" sx="M,M,F,M"/><TAIKYOKU oya="0"/><INIT seed="0,0,0,2,4,26" ten="250,250,250,250" oya="0" hai0="11,108,69,46,7,19,38,29,50,100,13,41,27" hai1="109,86,96,131,129,37,32,110,16,87,80,51,133" hai2="105,106,120,30,17,76,122,33,68,95,67,99,70" hai3="118,14,48,73,98,97,135,57,75,60,82,43,36"/><T53/><D69/><U130/><E37/><V72/><F70/><W54/><G118/><T83/><D108/><N who="1" m="41579" /><E32/><V117/><F17/><W6/><G135/><T81/><D100/><U132/><E51/><V58/><F117/><W44/><G75/><T22/><REACH who="0" step="1"/><D7/><REACH who="0" ten="240,250,250,250" step="2"/><U59/><E59/><AGARI ba="0,1" hai="11,13,19,22,27,29,38,41,46,50,53,59,81,83" machi="59" ten="30,12000,1" yaku="1,1,2,1,7,1,52,1,53,1" doraHai="26" doraHaiUra="52" who="0" fromWho="1" sc="240,130,250,-120,250,0,250,0" /><INIT seed="0,1,0,4,4,89" ten="370,130,250,250" oya="0" hai0="75,131,77,111,74,48,129,29,52,21,34,82,112" hai1="23,105,44,3,126,116,43,79,71,127,115,47,59" hai2="46,50,102,27,0,36,125,15,62,56,118,90,69" hai3="6,113,110,130,13,26,109,108,33,68,7,134,73"/><T41/><D112/><U53/><E71/><V86/><F0/><W92/><G68/><T40/><D111/><U28/><E3/><V11/><F118/><W42/><G73/><T5/><D75/><U119/><E105/><V22/><F102/><W10/><G42/><T58/><D34/><U91/><E91/><V106/><F106/><W64/><G64/><T135/><D5/><U67/><E79/><V65/><F36/><W8/><G92/><T32/><D135/><U133/><E23/><V25/><F69/><W38/><G38/><T39/><D32/><U83/><E28/><V117/><F22/><W1/><G134/><T18/><D29/><U94/><E83/><V37/><F37/><W54/><G54/><T87/><D74/><U9/><E9/><V120/><F120/><W103/><G103/><T57/><D58/><U2/><E94/><V97/><F97/><W61/><G61/><T84/><D87/><U78/><E78/><V96/><F96/><W35/><G113/><T16/><D18/><U24/><E24/><V128/><F117/><N who="1" m="45129" /><E2/><V49/><F86/><W55/><G55/><T51/><D39/><N who="1" m="21631" /><E133/><V123/><F90/><W81/><G35/><T20/><D21/><U76/><E76/><V4/><F123/><W45/><G33/><T107/><D107/><U95/><E95/><V72/><F72/><W121/><G121/><T132/><D132/><U88/><E88/><V122/><F122/><W80/><G109/><T17/><D17/><U100/><E100/><V12/><F4/><W114/><G108/><T60/><D77/><U30/><E30/><RYUUKYOKU ba="1,0" sc="370,0,130,0,250,0,250,0" /><INIT seed="1,2,0,3,5,25" ten="370,130,250,250" oya="1" hai0="69,11,63,37,110,131,91,119,133,9,60,99,13" hai1="74,12,52,1,41,3,18,30,45,56,130,40,98" hai2="17,90,102,75,61,42,64,6,39,134,123,55,48" hai3="10,118,72,84,107,58,0,53,129,109,88,19,28"/><U59/><E74/><V15/><F75/><W23/><G107/><T29/><D119/><U33/><E33/><V24/><F123/><W92/><G72/><T73/><D37/><U83/><E130/><V67/><F102/><W112/><G112/><T47/><D73/><U95/><E83/><V26/><F6/><W20/><G118/><T93/><D110/><U85/><E85/><V104/><F104/><W32/><G109/><T22/><D131/><U62/><E30/><V125/><F67/><W121/><G129/><T132/><D47/><U106/><E106/><V8/><F125/><W111/><G111/><T57/><D69/><U50/><E3/><V38/><F38/><W82/><G121/><T89/><D91/><N who="1" m="55679" /><E1/><V71/><F90/><W16/><G32/><T122/><D122/><U124/><E124/><V54/><F54/><W35/><G35/><T7/><D9/><N who="1" m="6415" /><E56/><N who="2" m="32871" /><F134/><N who="0" m="51818" /><D57/><U87/><E87/><V115/><F115/><W2/><G2/><T77/><D77/><U114/><E114/><V76/><F76/><W81/><G0/><T4/><D4/><U31/><E31/><V105/><F105/><W108/><G28/><T94/><D94/><U101/><E101/><V100/><F100/><W68/><G108/><T14/><D13/><U70/><E70/><V51/><F39/><W116/><G68/><T113/><D113/><U65/><AGARI ba="2,0" hai="40,41,45,50,52,59,62,65" m="6415,55679" machi="65" ten="30,3000,0" yaku="8,1,54,1" doraHai="25" who="1" fromWho="1" sc="370,-12,130,36,250,-12,250,-12" /><INIT seed="1,3,0,1,2,46" ten="358,166,238,238" oya="1" hai0="86,13,65,3,28,81,78,108,64,52,24,66,117" hai1="67,116,122,72,25,113,112,111,11,47,126,99,22" hai2="30,1,51,73,17,92,135,80,129,2,19,127,5" hai3="70,45,21,57,58,100,89,12,15,101,43,115,119"/><U130/><E72/><V77/><F127/><W76/><G70/><T35/><D3/><U125/><E67/><V131/><F135/><W4/><G115/><N who="1" m="44106" /><E99/><V124/><F30/><W68/><G68/><T128/><D108/><U7/><E47/><V105/><F105/><W94/><G119/><T79/><D117/><U69/><E69/><V38/><F38/><W84/><G76/><T36/><D36/><U75/><E75/><V48/><F124/><N who="1" m="47721" /><E116/><V134/><F134/><W14/><G101/><T85/><D128/><N who="2" m="49226" /><F92/><W133/><G100/><T40/><D40/><U39/><E39/><V10/><F2/><W109/><G133/><T44/><D86/><U9/><E130/><V91/><F91/><W114/><G114/><T16/><D79/><U107/><E107/><V83/><F83/><W49/><G109/><T98/><D98/><U132/><E132/><V61/><F61/><W0/><G0/><T104/><D104/><U121/><E111/><V32/><F32/><W60/><G60/><T103/><D103/><U27/><E27/><V29/><F29/><W53/><G43/><T123/><D123/><N who="1" m="47115" /><E7/><V95/><F95/><W33/><G4/><T56/><D44/><U41/><E41/><V90/><F90/><W34/><G57/><T88/><D78/><U87/><E87/><V120/><F120/><W63/><G45/><T18/><REACH who="0" step="1"/><D13/><REACH who="0" ten="348,166,238,238" step="2"/><U59/><E59/><V8/><F77/><W23/><G15/><T20/><D20/><N who="3" m="7753" /><G12/><T118/><D118/><U54/><E54/><V71/><F5/><W97/><G14/><T96/><D96/><U42/><E42/><RYUUKYOKU ba="3,1" sc="348,15,166,15,238,-15,238,-15" hai0="16,18,24,28,35,52,56,64,65,66,81,85,88" hai1="9,11,22,25" /><INIT seed="1,4,1,1,3,56" ten="363,181,223,223" oya="1" hai0="97,102,78,90,132,75,87,73,105,79,130,101,82" hai1="23,24,131,86,91,70,125,108,100,111,37,94,17" hai2="36,25,29,14,9,118,65,11,67,83,123,113,42" hai3="8,12,69,57,122,128,50,13,10,133,20,76,116"/><U109/><E37/><V89/><F118/><W77/><G69/><T5/><D5/><U98/><E70/><V16/><F123/><W88/><G122/><T32/><D32/><U55/><E55/><V19/><F113/><W71/><G71/><T2/><D2/><U38/><E38/><V0/><F0/><W46/><G116/><T120/><D132/><U115/><E115/><V33/><F42/><N who="3" m="24919" /><G128/><T124/><D130/><U117/><E131/><V28/><F36/><W93/><G57/><T66/><D66/><U58/><E117/><V72/><F29/><W22/><G133/><T54/><D54/><U15/><E58/><V107/><F107/><W129/><G129/><T51/><D51/><U45/><E45/><V74/><F74/><N who="0" m="28170" /><D120/><U68/><E68/><V49/><F49/><W114/><G114/><T64/><D64/><U48/><E48/><V47/><F47/><W26/><G20/><T6/><D6/><U43/><E43/><V40/><F40/><W4/><G22/><T119/><D119/><U110/><N who="1" m="27648" /><DORA hai="59" /><U62/><E62/><V121/><F121/><W1/><G1/><T30/><D30/><U52/><E52/><V80/><F72/><W44/><G44/><T106/><D124/><U34/><E125/><V85/><F80/><W3/><G3/><T18/><D18/><U99/><E100/><V126/><F126/><W21/><G4/><T39/><D39/><U31/><AGARI ba="4,1" hai="15,17,23,24,31,34,86,91,94,98,99" m="27648" machi="31" ten="60,11700,0" yaku="0,1,14,1,10,1" doraHai="56,59" who="1" fromWho="1" sc="363,-43,181,139,223,-43,223,-43" /><INIT seed="1,5,0,5,3,42" ten="320,320,180,180" oya="1" hai0="83,10,130,7,5,9,98,128,14,31,75,2,20" hai1="78,103,132,49,27,6,134,129,36,135,33,79,86" hai2="48,54,44,63,101,70,69,46,0,94,50,32,114" hai3="89,118,115,97,22,82,113,12,61,81,125,8,59"/><U28/><E36/><V131/><F32/><W57/><G118/><T19/><D75/><U72/><E72/><V24/><F24/><W47/><G125/><T123/><D83/><U73/><E73/><V40/><F114/><W56/><G115/><T124/><D98/><U1/><E129/><N who="0" m="49769" /><D124/><U15/><E103/><V45/><F0/><W74/><G113/><T43/><D43/><U133/><N who="1" m="33792" /><DORA hai="53" /><U26/><E26/><V116/><F131/><W11/><G74/><T107/><D107/><U122/><E122/><V35/><F35/><W68/><G68/><T51/><D51/><N who="2" m="19498" /><F101/><W65/><G47/><N who="2" m="17993" /><F94/><N who="3" m="56527" /><G65/><T105/><D105/><U23/><E49/><N who="2" m="26823" /><F116/><W126/><G61/><T55/><D123/><U38/><E38/><V112/><F112/><W100/><G100/><T96/><D96/><U21/><E1/><V117/><F117/><W16/><G126/><T29/><D55/><U99/><E33/><V64/><F54/><W110/><G110/><T77/><D77/><U120/><E79/><V109/><F109/><W85/><G81/><T25/><AGARI ba="5,0" hai="2,5,7,9,10,14,19,20,25,29,31" m="49769" machi="25" ten="30,4000,0" yaku="19,1,34,2" doraHai="42,53" who="0" fromWho="0" sc="320,55,320,-25,180,-15,180,-15" /><INIT seed="2,0,0,5,2,44" ten="375,295,165,165" oya="2" hai0="25,126,24,57,86,116,23,132,14,123,117,81,33" hai1="16,125,76,50,77,84,47,135,98,134,19,2,103" hai2="8,13,87,88,35,91,124,78,119,112,41,129,46" hai3="45,40,31,80,131,82,26,21,102,120,28,64,133"/><V127/><F112/><W85/><G131/><T11/><D123/><U10/><E2/><V37/><F35/><W58/><G133/><N who="1" m="50698" /><E125/><N who="2" m="48203" /><F129/><W61/><G120/><T99/><D33/><U111/><E111/><V4/><F119/><N who="0" m="45642" /><D132/><U73/><E73/><V3/><F3/><W52/><G102/><T130/><D126/><U59/><E59/><V128/><F128/><W122/><G122/><T79/><D130/><U97/><E10/><V69/><F69/><W1/><G1/><T20/><D99/><N who="1" m="37899" /><E103/><V15/><F15/><W36/><G31/><T43/><D43/><N who="1" m="24959" /><E84/><V60/><F60/><W34/><G34/><T56/><D56/><U118/><E118/><V67/><F67/><W109/><G109/><T89/><D57/><U62/><E62/><V72/><F72/><W27/><G27/><N who="0" m="10315" /><D79/><AGARI ba="0,0" hai="16,19,76,77,79" m="24959,37899,50698" machi="79" ten="30,3900,0" yaku="20,1,52,1,54,1" doraHai="44" who="1" fromWho="0" sc="375,-39,295,39,165,0,165,0" /><INIT seed="3,0,0,0,0,45" ten="336,334,165,165" oya="3" hai0="133,22,130,124,15,101,116,74,115,66,59,99,98" hai1="44,82,81,1,90,60,132,42,0,38,110,128,54" hai2="63,108,48,25,72,102,86,113,17,28,2,134,79" hai3="30,11,56,91,94,97,109,36,29,71,62,95,135"/><W5/><G71/><T40/><D116/><U77/><E128/><V78/><F113/><W4/><G36/><T12/><D115/><U122/><E122/><V114/><F2/><W73/><G73/><T93/><D74/><U18/><E132/><V70/><F114/><W68/><G68/><T104/><D133/><U46/><E110/><V49/><F72/><W24/><G109/><T53/><D130/><U7/><E7/><N who="3" m="2634" /><G135/><T14/><D124/><U3/><E18/><V126/><F126/><W112/><G112/><T51/><D66/><U35/><E35/><V89/><F134/><W13/><G24/><T105/><D105/><U121/><E121/><V107/><F107/><W80/><G80/><T61/><D40/><U96/><E96/><V58/><F70/><W131/><G131/><T106/><D106/><U20/><E20/><N who="2" m="13455" /><F28/><W123/><G123/><T57/><D57/><U125/><E125/><V50/><F108/><W43/><G43/><T64/><D22/><U85/><E60/><V65/><F102/><N who="3" m="60727" /><G11/><T21/><D21/><U120/><E120/><V32/><F32/><W119/><G13/><T127/><D127/><U117/><E117/><V37/><F37/><W83/><G119/><T23/><D23/><U111/><E111/><V55/><F65/><N who="3" m="39111" /><G83/><AGARI ba="0,0" hai="48,49,50,55,58,63,78,79,83,86,89" m="13455" machi="83" ten="30,7700,0" yaku="8,1,52,3" doraHai="45" who="2" fromWho="3" sc="336,0,334,0,165,77,165,-77" owari="336,44.0,334,13.0,242,-16.0,88,-41.0" /></mjloggm>