<mjloggm ver="2.3"><GO type="97" lobby="0"/><UN n0="%42%6F%6E%6E%65%79%2E" n1="%74%65%72%72%79%39%31%36" n2="%E3%82%AB%E3%82%AB%E3%82%AB" n3="%E3%82%A6%E3%83%AB%E3%83%88%E3%83%A9%E7%AB%8B%E7%9B%B4" dan="14,13,14,15" rate="1987.47,1804.03,1937.07,2000.90" sx="M,M,M,M"/><TAIKYOKU oya="0"/><INIT seed="0,0,0,0,1,101" ten="250,250,250,250" oya="0" hai0="114,83,126,66,75,30,37,92,117,17,65,84,64" hai1="49,86,52,46,103,16,76,87,27,79,43,68,105" hai2="6,41,96,104,102,128,119,18,118,132,109,116,135" hai3="121,130,56,25,7,21,24,108,13,58,113,131,45"/><T124/><D117/><U98/><E68/><V90/><F41/><W127/><G113/><T107/><D37/><U50/><E79/><V112/><F6/><W78/><G108/><T111/><D114/><U38/><E38/><V134/><F112/><W1/><G1/><T3/><D3/><U133/><E133/><V70/><F70/><W125/><G45/><T53/><D30/><U11/><E76/><V55/><F55/><W5/><G78/><N who="0" m="44511" /><D53/><U89/><E89/><V44/><F44/><W81/><G81/><T67/><D17/><U60/><E60/><V61/><F61/><W80/><G80/><T42/><D42/><U57/><E27/><V59/><F59/><W77/><G77/><T14/><D14/><U28/><REACH who="1" step="1"/><E28/><REACH who="1" ten="250,240,250,250" step="2"/><V110/><F128/><W94/><G25/><T122/><D122/><U48/><E48/><V32/><F32/><W23/><G24/><T22/><D111/><U4/><E4/><V2/><F2/><W91/><G121/><T95/><N who="0" m="16384" /><DORA hai="82" /><T9/><D9/><U73/><E73/><V115/><F115/><W62/><G131/><T71/><D22/><U39/><E39/><V85/><F18/><N who="3" m="10447" /><G23/><T36/><D36/><U19/><E19/><V0/><F0/><W63/><G130/><T47/><D71/><U72/><E72/><V29/><F29/><W12/><G5/><T51/><D51/><U34/><E34/><V54/><F54/><N who="3" m="34071" /><G7/><T35/><D35/><U26/><E26/><V97/><F97/><N who="3" m="57567" /><G12/><AGARI ba="0,1" hai="11,12,16,43,46,49,50,52,57,86,87,98,103,105" machi="12" ten="40,12000,2" yaku="1,1,52,3,54,2,53,1" doraHai="101,82" doraHaiUra="129,10" who="1" fromWho="3" sc="250,0,240,130,250,0,250,-120" /><INIT seed="1,0,0,0,0,58" ten="250,370,250,130" oya="1" hai0="97,72,56,104,82,110,69,128,33,134,7,36,17" hai1="67,25,44,135,119,39,53,27,86,42,35,106,13" hai2="126,132,6,65,92,50,41,75,99,59,4,14,130" hai3="10,109,85,107,62,21,133,89,77,60,16,61,29"/><U31/><E119/><V3/><F3/><W84/><G107/><T76/><D110/><U40/><E106/><V93/><F75/><W94/><G109/><T101/><D36/><U127/><E127/><V45/><F126/><W9/><G29/><T117/><D7/><U95/><E135/><V74/><F74/><W123/><G123/><T22/><D117/><U96/><E67/><V102/><F132/><W57/><G57/><T0/><D69/><U90/><E27/><V79/><F79/><W83/><G133/><T64/><D0/><U51/><E39/><V112/><F112/><W87/><G87/><T80/><D33/><U70/><E13/><AGARI ba="0,0" hai="9,10,13,16,21,60,61,62,77,83,84,85,89,94" machi="13" ten="40,8000,1" yaku="8,1,52,3,54,1" doraHai="58" who="3" fromWho="1" sc="250,0,370,-80,250,0,130,80" /><INIT seed="2,0,0,3,4,71" ten="250,290,250,210" oya="2" hai0="23,108,102,47,21,135,122,9,92,95,57,88,73" hai1="106,53,62,86,59,16,49,91,7,125,128,48,13" hai2="84,55,113,107,97,66,127,87,77,70,8,37,93" hai3="15,35,11,74,80,65,68,20,126,117,41,43,18"/><V67/><F113/><W116/><G35/><T111/><D122/><U120/><E125/><V30/><F127/><W10/><G126/><T99/><D73/><U54/><E128/><V103/><F107/><W121/><G121/><T34/><D34/><U63/><E106/><V22/><F37/><W98/><G98/><T90/><D135/><U12/><E12/><V51/><F70/><W114/><G114/><T14/><D57/><N who="1" m="32935" /><E7/><V32/><F32/><W3/><G3/><T115/><D47/><U25/><E25/><N who="2" m="16695" /><F8/><W42/><G68/><T31/><D115/><U24/><E24/><V85/><F77/><W133/><G133/><T39/><D39/><U36/><E36/><V104/><F104/><W72/><G65/><T129/><D129/><U29/><E29/><V105/><F105/><W1/><G1/><T46/><D46/><AGARI ba="0,0" hai="46,51,55,66,67,84,85,87,93,97,103" m="16695" machi="46" ten="30,1500,0" yaku="8,1" doraHai="71" who="2" fromWho="0" sc="250,-15,290,0,250,15,210,0" /><INIT seed="2,1,0,0,2,82" ten="235,290,265,210" oya="2" hai0="16,50,8,124,95,32,128,51,13,106,129,126,12" hai1="3,87,112,43,45,38,64,48,74,88,54,133,86" hai2="130,41,17,131,98,90,59,63,84,91,35,97,36" hai3="72,15,33,57,83,118,60,49,78,89,52,85,61"/><V42/><F35/><W117/><G33/><T92/><D32/><U101/><E3/><V70/><F70/><W71/><G15/><N who="0" m="7271" /><D106/><U119/><E119/><V23/><F36/><W0/><G0/><T73/><D73/><U81/><E64/><V100/><F100/><W26/><G26/><T5/><D5/><U67/><E67/><V19/><F63/><W39/><G39/><T79/><D79/><U40/><E112/><V107/><F59/><W121/><G121/><T56/><D13/><U31/><E31/><V66/><F66/><W37/><G37/><T127/><D12/><U111/><E111/><V4/><F4/><W22/><G22/><T24/><D24/><U65/><E65/><V135/><F23/><W6/><G6/><T30/><D30/><U68/><E68/><V47/><F47/><W55/><G71/><T76/><D76/><N who="1" m="46375" /><E74/><V114/><F135/><W80/><G61/><T134/><D56/><AGARI ba="1,0" hai="49,52,55,56,57,60,72,78,80,83,85,89,117,118" machi="56" ten="30,3900,0" yaku="7,1,52,1,54,1" doraHai="82" who="3" fromWho="0" sc="235,-42,290,0,265,0,210,42" /><INIT seed="3,0,0,5,2,120" ten="193,290,265,252" oya="3" hai0="29,116,98,69,79,112,91,75,55,65,21,96,4" hai1="77,12,88,127,78,73,114,23,122,58,38,95,121" hai2="45,37,113,1,42,8,129,5,68,48,2,11,72" hai3="9,115,35,18,41,17,126,103,51,28,85,99,20"/><W44/><G126/><T61/><D112/><U71/><E127/><V109/><F113/><W104/><G115/><T26/><D116/><U24/><E114/><V76/><F48/><W66/><G9/><T63/><D4/><U33/><E71/><V64/><F109/><W43/><G43/><T31/><D91/><U105/><E105/><V81/><F11/><W7/><G7/><T57/><REACH who="0" step="1"/><D31/><REACH who="0" ten="183,290,265,252" step="2"/><U101/><E122/><V27/><F129/><W117/><G117/><T107/><D107/><U124/><E121/><V131/><F131/><W40/><G28/><T100/><D100/><U70/><E101/><V14/><REACH who="2" step="1"/><F27/><REACH who="2" ten="183,290,255,252" step="2"/><N who="3" m="14735" /><G104/><T108/><D108/><U22/><E24/><V84/><F84/><W130/><G85/><T135/><D135/><U25/><E73/><V74/><F74/><W3/><G130/><T82/><AGARI ba="0,2" hai="21,26,29,55,57,61,63,65,69,75,79,82,96,98" machi="82" ten="30,7900,0" yaku="1,1,0,1,53,2" doraHai="120" doraHaiUra="92" who="0" fromWho="0" sc="183,99,290,-20,255,-20,252,-39" /><INIT seed="4,0,0,1,0,59" ten="282,270,235,213" oya="0" hai0="85,106,98,3,27,91,61,127,112,18,62,4,93" hai1="22,76,81,123,129,28,63,8,37,80,94,119,29" hai2="66,104,99,135,38,134,128,73,25,124,126,83,58" hai3="40,113,89,101,19,57,50,1,102,77,53,47,122"/><T23/><D112/><U117/><E123/><V51/><F38/><W103/><G113/><T55/><D127/><N who="2" m="48682" /><F25/><W97/><G1/><T64/><D64/><U79/><E37/><V49/><F66/><W20/><G77/><T11/><REACH who="0" step="1"/><D55/><REACH who="0" ten="272,270,235,213" step="2"/><U121/><E119/><V84/><F128/><W52/><G122/><T74/><D74/><U72/><E117/><V132/><F73/><W0/><G0/><T86/><D86/><U43/><E121/><V68/><F68/><W24/><G53/><T107/><D107/><U75/><E129/><V108/><F108/><W82/><G82/><T46/><D46/><U70/><E75/><V30/><F58/><W69/><G69/><T114/><D114/><U100/><E70/><V39/><F39/><W116/><G116/><T26/><D26/><U35/><E72/><V9/><F104/><W111/><G111/><T32/><D32/><U92/><E35/><V2/><F2/><W71/><G71/><T87/><D87/><U6/><E80/><V131/><F84/><W54/><G57/><T125/><D125/><U31/><E81/><V7/><F131/><W90/><G97/><T105/><D105/><U95/><E92/><V13/><F99/><W60/><G54/><T56/><D56/><U14/><E94/><V21/><F83/><W130/><G130/><T44/><D44/><U78/><E95/><V36/><F36/><W133/><G133/><T10/><D10/><U33/><E33/><V88/><F134/><W17/><G52/><T41/><D41/><U109/><E43/><V12/><F135/><W48/><G40/><RYUUKYOKU ba="0,1" sc="272,30,270,-10,235,-10,213,-10" hai0="3,4,11,18,23,27,61,62,85,91,93,98,106" owari="312,41.0,260,6.0,225,-17.0,203,-30.0" /></mjloggm>