<mjloggm ver="2.3"><GO type="97" lobby="0"/><UN n0="%E3%81%A1%E3%82%83%E3%82%93%E3%81%93%EF%BC%92" n1="%E5%B0%8F%E5%AE%A4" n2="%E3%82%A6%E3%83%AB%E3%83%88%E3%83%A9%E7%AB%8B%E7%9B%B4" n3="%E3%83%9E%E3%83%AB%E3%83%8D%E3%83%95%E5%A4%AB%E4%BA%BA" dan="14,15,15,13" rate="1928.39,1981.18,1969.62,1865.32" sx="M,M,M,F"/><TAIKYOKU oya="0"/><INIT seed="0,0,0,0,1,83" ten="250,250,250,250" oya="0" hai0="82,0,96,102,74,49,52,14,50,40,123,65,78" hai1="44,76,99,16,10,119,47,7,66,106,128,11,13" hai2="29,86,77,75,81,130,5,33,54,121,8,34,39" hai3="68,134,4,118,60,57,37,26,135,132,114,126,69"/><T104/><D123/><U111/><E119/><V62/><F121/><W80/><G114/><T53/><D0/><U42/><E111/><V89/><F130/><W79/><G118/><T1/><D1/><U20/><E128/><V100/><F39/><W112/><G126/><T59/><D65/><U38/><E66/><V22/><F100/><W3/><G112/><T94/><D40/><U46/><E76/><V105/><F105/><W103/><G37/><T63/><D14/><U98/><E11/><V95/><F62/><W6/><G26/><T120/><D120/><U91/><E91/><V127/><F127/><W88/><G103/><T19/><D19/><U51/><E106/><V92/><F54/><N who="3" m="33847" /><G3/><T31/><D31/><U113/><E113/><V12/><REACH who="2" step="1"/><F92/><REACH who="2" ten="250,250,240,250" step="2"/><W67/><G67/><T72/><D104/><U9/><E38/><V27/><AGARI ba="0,1" hai="5,8,12,22,27,29,33,34,75,77,81,86,89,95" machi="27" ten="30,7900,0" yaku="1,1,2,1,0,1,52,1,53,0" doraHai="83" doraHaiUra="43" who="2" fromWho="2" sc="250,-39,250,-20,240,89,250,-20" /><INIT seed="1,0,0,3,5,45" ten="211,230,329,230" oya="1" hai0="107,99,64,67,129,92,117,65,1,53,126,118,100" hai1="123,73,135,88,28,58,44,35,133,103,9,31,79" hai2="120,87,5,51,96,52,132,49,81,77,108,21,121" hai3="69,113,30,66,131,22,26,106,95,34,8,102,50"/><U39/><E123/><V47/><F132/><N who="1" m="50761" /><E103/><V111/><F5/><W12/><G113/><T68/><D1/><U16/><E58/><N who="2" m="33039" /><F96/><W3/><G131/><T36/><D36/><U90/><E79/><V130/><F21/><W60/><G106/><T20/><D129/><U122/><E73/><V97/><F97/><W46/><G3/><T0/><D0/><U11/><E122/><V18/><F18/><W70/><G95/><T105/><D126/><U15/><E11/><V24/><F24/><W55/><G102/><T54/><D68/><U128/><E128/><V25/><F25/><W17/><REACH who="3" step="1"/><G70/><REACH who="3" ten="211,230,329,220" step="2"/><T85/><D107/><U61/><E61/><V94/><F130/><W104/><G104/><T29/><D105/><U63/><E63/><V40/><F94/><W76/><G76/><T110/><D118/><U116/><E116/><V59/><F120/><W62/><G62/><T14/><D117/><U27/><E31/><V2/><F2/><W86/><G86/><T125/><D125/><U43/><AGARI ba="0,1" hai="9,15,16,27,28,35,39,43,44,88,90" m="50761" machi="43" ten="30,6000,0" yaku="20,1,54,2" doraHai="45" who="1" fromWho="1" sc="211,-20,230,70,329,-20,220,-20" /><INIT seed="1,1,0,3,2,110" ten="191,300,309,200" oya="1" hai0="133,58,28,47,102,50,16,61,63,70,31,57,66" hai1="24,103,87,100,74,107,73,53,12,84,21,85,36" hai2="79,69,32,68,49,46,33,111,42,6,10,4,23" hai3="115,119,78,40,15,77,113,19,26,116,105,75,134"/><U95/><E36/><V65/><F111/><W118/><G105/><T112/><D102/><U39/><E39/><V64/><F23/><N who="3" m="13695" /><G134/><T90/><D133/><U131/><E131/><V121/><F121/><W93/><G75/><T9/><D70/><U48/><E12/><V5/><F10/><W104/><G104/><T99/><D112/><N who="3" m="43081" /><G40/><T27/><D47/><U126/><E107/><V2/><F79/><N who="3" m="30219" /><G15/><N who="0" m="7279" /><D27/><U1/><E74/><V11/><F11/><W41/><G41/><T82/><D50/><U0/><E73/><V52/><F42/><W54/><G93/><N who="0" m="56759" /><D82/><U120/><E95/><V130/><F6/><W13/><G13/><T29/><D29/><U125/><E120/><V44/><F5/><W123/><G123/><T135/><D135/><U132/><E132/><V20/><F4/><W55/><AGARI ba="1,0" hai="54,55,116,118,119" m="30219,43081,13695" machi="55" ten="40,8000,1" yaku="12,1,52,3" doraHai="110" who="3" fromWho="3" sc="191,-21,300,-41,309,-21,200,83" /><INIT seed="2,0,0,4,2,121" ten="170,259,288,283" oya="2" hai0="53,106,75,111,81,93,123,117,26,119,2,68,18" hai1="0,31,10,64,52,21,41,96,40,79,104,86,91" hai2="124,29,4,61,35,134,34,114,48,44,16,17,112" hai3="101,60,118,7,37,56,116,94,50,77,80,11,127"/><V135/><F61/><W103/><G127/><T38/><D93/><U54/><E64/><V43/><F4/><W66/><G37/><T62/><D81/><U108/><E79/><V73/><F73/><W5/><G5/><T63/><D18/><N who="2" m="7274" /><F29/><W133/><G133/><N who="2" m="50697" /><F124/><W30/><G30/><T8/><D53/><U95/><E0/><V100/><F100/><W89/><G118/><T99/><D8/><U6/><E6/><V83/><F83/><W20/><G20/><T78/><D26/><U88/><E10/><V12/><F12/><W107/><G50/><T58/><D78/><U129/><E31/><V132/><N who="2" m="50705" /><V36/><DORA hai="14" /><F36/><W84/><G116/><T27/><D119/><U70/><E70/><V120/><F120/><W72/><REACH who="3" step="1"/><G107/><REACH who="3" ten="170,259,288,273" step="2"/><T46/><D117/><U57/><E104/><V32/><AGARI ba="0,1" hai="32,34,35,43,44,48,112,114" m="50705,7274" machi="32" ten="50,12000,1" yaku="20,1,52,3,54,1" doraHai="121,14" who="2" fromWho="2" sc="170,-40,259,-40,288,130,273,-40" /><INIT seed="2,1,0,0,4,58" ten="130,219,418,233" oya="2" hai0="48,23,33,130,113,4,112,82,51,46,97,44,93" hai1="49,100,54,40,18,77,133,67,73,1,92,21,7" hai2="39,103,20,81,26,3,68,42,60,117,32,118,131" hai3="6,71,25,41,74,50,135,89,83,14,9,56,36"/><V0/><F0/><W110/><G135/><T122/><D33/><U43/><E133/><V53/><F3/><W111/><G71/><T129/><D4/><U125/><E125/><V5/><F5/><W78/><G25/><T38/><D82/><U59/><E67/><V8/><F8/><W27/><G27/><T75/><D75/><U57/><E57/><V121/><F121/><W63/><G89/><T87/><D87/><U31/><E31/><V22/><F22/><W123/><G123/><T96/><D93/><U19/><E77/><V12/><F12/><W2/><G50/><N who="0" m="18987" /><D23/><U102/><E73/><V107/><F20/><W115/><G14/><T91/><D91/><U61/><E19/><V84/><F84/><W15/><G15/><T99/><D122/><U134/><E134/><V79/><F81/><W69/><G69/><T90/><D90/><U29/><E29/><V55/><F79/><W10/><G10/><T52/><D38/><U116/><E7/><V114/><F26/><W85/><G85/><T65/><D65/><U127/><E1/><V30/><F30/><W62/><G115/><N who="0" m="44107" /><D52/><U17/><E54/><V76/><F55/><N who="3" m="34079" /><G63/><T66/><D66/><U108/><E61/><V86/><F114/><W13/><G13/><T47/><AGARI ba="1,0" hai="44,46,47,96,97,99,129,130" m="44107,18987" machi="47" ten="40,2700,0" yaku="28,2" doraHai="58" who="0" fromWho="0" sc="130,30,219,-8,418,-14,233,-8" /><INIT seed="3,0,0,1,1,32" ten="160,211,404,225" oya="3" hai0="9,5,116,107,62,125,68,65,103,22,73,77,81" hai1="4,15,113,131,36,16,91,13,17,57,10,30,42" hai2="130,122,112,3,28,0,132,66,23,80,8,123,60" hai3="14,99,63,58,69,53,29,47,120,124,1,82,98"/><W97/><G120/><N who="2" m="46121" /><F130/><W128/><G128/><T59/><D22/><U6/><E131/><V95/><F132/><W110/><G124/><T108/><D59/><U33/><E113/><V7/><F95/><W72/><G69/><T20/><D20/><U101/><E101/><V39/><F39/><W114/><G114/><T87/><D125/><U24/><E57/><V19/><F80/><W61/><G29/><T121/><D121/><U126/><E126/><V34/><F34/><W52/><G110/><T50/><D50/><U46/><E91/><V27/><F112/><W117/><G1/><N who="0" m="175" /><D87/><U18/><E18/><V21/><F21/><AGARI ba="0,0" hai="4,6,10,13,15,16,17,21,24,30,33,36,42,46" machi="21" ten="30,2000,0" yaku="7,1,54,1" doraHai="32" who="1" fromWho="2" sc="160,0,211,20,404,-20,225,0" owari="160,-34.0,231,3.0,384,48.0,225,-17.0" /></mjloggm>