<mjloggm ver="2.3"><GO type="97" lobby="0"/><UN n0="%67%61%68%61%6B%75" n1="%E3%82%88%E3%83%BC%E3%81%A1%E3%82%83%E3%82%93" n2="%E3%83%9B%E3%83%BC%E3%83%A0%E3%83%A9%E3%83%B3%E7%8E%8B" n3="%E3%82%A6%E3%83%AB%E3%83%88%E3%83%A9%E7%AB%8B%E7%9B%B4" dan="13,14,13,15" rate="1911.45,1872.39,1928.60,1965.80" sx="M,M,M,M"/><TAIKYOKU oya="0"/><INIT seed="0,0,0,1,5,118" ten="250,250,250,250" oya="0" hai0="39,70,126,40,105,79,121,14,131,49,45,37,54" hai1="19,125,25,55,26,120,127,44,32,109,62,103,29" hai2="10,61,74,68,53,83,86,2,91,42,75,112,87" hai3="82,107,135,101,18,24,124,97,84,28,16,13,47"/><T0/><D0/><U27/><E109/><V17/><F42/><W116/><G116/><T65/><D105/><U92/><E120/><V78/><F112/><W51/><G124/><N who="1" m="47690" /><E19/><V106/><F106/><W117/><G117/><T4/><D79/><U60/><E60/><V132/><F132/><W11/><G135/><T63/><D14/><U76/><E76/><V5/><F17/><W81/><G18/><T7/><D126/><U33/><E29/><V36/><F36/><N who="0" m="13898" /><D7/><U102/><E92/><V108/><F108/><W99/><G99/><T115/><D4/><U113/><E113/><V12/><F2/><W46/><G82/><T20/><D20/><U93/><E93/><V129/><F129/><W30/><G24/><N who="1" m="6146" /><U67/><DORA hai="31" /><E44/><V48/><F61/><W71/><G47/><N who="0" m="27967" /><D131/><U111/><E55/><V1/><F68/><W130/><G71/><T88/><D88/><U43/><E43/><V35/><F35/><N who="1" m="13385" /><E111/><V6/><F6/><W104/><G104/><T34/><D34/><U123/><E123/><V38/><F1/><W41/><G130/><T52/><D115/><U15/><E15/><V90/><F90/><AGARI ba="0,0" hai="11,13,16,28,30,41,46,51,81,84,90,97,101,107" machi="90" ten="30,2000,0" yaku="7,1,54,1" doraHai="118,31" who="3" fromWho="2" sc="250,0,250,0,250,-20,250,20" /><INIT seed="1,0,0,2,1,0" ten="250,250,230,270" oya="1" hai0="40,114,63,121,45,103,98,22,54,91,64,85,67" hai1="134,38,12,11,46,95,106,72,10,109,51,1,129" hai2="102,43,116,69,62,79,74,110,25,115,59,119,3" hai3="42,57,44,104,76,27,126,131,39,65,82,118,130"/><U127/><E106/><V96/><F69/><W21/><G104/><T56/><D114/><U101/><E129/><N who="3" m="49162" /><G126/><T28/><D121/><U26/><E127/><V4/><F115/><W81/><G118/><T19/><D28/><U33/><E134/><V13/><F3/><W5/><G5/><T55/><D55/><U112/><E112/><V89/><F43/><W86/><G81/><N who="0" m="49583" /><D98/><U48/><E72/><V124/><F124/><W31/><G57/><T135/><D135/><U49/><E109/><V17/><F110/><W120/><G65/><T2/><D2/><U93/><E1/><V53/><F89/><W123/><AGARI ba="0,0" hai="21,27,31,39,42,44,76,82,86,120,123" m="49162" machi="123" ten="30,1100,0" yaku="19,1" doraHai="0" who="3" fromWho="3" sc="250,-3,250,-5,230,-3,270,11" /><INIT seed="2,0,0,5,2,19" ten="247,245,227,281" oya="2" hai0="82,102,57,76,58,47,29,36,52,6,1,38,33" hai1="107,83,135,100,35,129,121,63,66,86,62,14,81" hai2="106,37,48,13,61,10,118,105,113,56,101,27,7" hai3="42,4,112,122,32,15,90,64,72,74,88,108,49"/><V127/><F118/><W60/><G32/><T9/><D102/><U115/><E35/><V87/><F37/><W46/><G122/><T110/><D110/><U75/><E115/><V132/><F113/><W18/><G112/><T109/><D109/><U97/><E121/><V28/><F132/><W39/><G39/><T93/><D93/><U69/><E135/><V65/><F127/><W131/><G108/><T11/><D11/><U99/><E129/><V111/><F101/><W120/><G131/><T70/><D70/><U77/><E97/><V12/><F12/><W5/><G120/><T133/><D133/><U2/><E2/><V92/><F111/><W0/><G74/><T91/><D91/><N who="3" m="34857" /><G72/><N who="0" m="43271" /><D36/><U85/><E14/><V104/><F92/><W73/><G73/><T128/><D128/><U30/><E30/><V67/><F87/><W89/><G89/><T23/><D33/><U114/><E114/><V34/><REACH who="2" step="1"/><F48/><REACH who="2" ten="247,245,217,281" step="2"/><W24/><G0/><T8/><D1/><U116/><E116/><V96/><F96/><W59/><G24/><T53/><D38/><U78/><E75/><V119/><F119/><W50/><G50/><T21/><D6/><U103/><E103/><V17/><F17/><W117/><G117/><T26/><D29/><U54/><E63/><V79/><F79/><W125/><G125/><T134/><D26/><U16/><E16/><V126/><F126/><W55/><G4/><T84/><D84/><U40/><E100/><V51/><F51/><W94/><G5/><T130/><D134/><U20/><E99/><V43/><F43/><W80/><G42/><RYUUKYOKU ba="0,1" sc="247,-10,245,-10,217,30,281,-10" hai2="7,10,13,27,28,34,56,61,65,67,104,105,106" /><INIT seed="2,1,1,2,0,12" ten="237,235,247,271" oya="2" hai0="132,53,125,88,6,133,81,74,95,131,105,76,41" hai1="100,45,0,66,67,47,34,73,103,61,4,84,82" hai2="123,14,134,114,23,57,28,77,54,83,65,10,130" hai3="69,55,27,19,97,106,96,94,20,116,129,127,112"/><V119/><F123/><W99/><G116/><T135/><D6/><U31/><E73/><V38/><F119/><W50/><G69/><T59/><D41/><U115/><E115/><V101/><F114/><W70/><G70/><T98/><D125/><U118/><E118/><V8/><F38/><W109/><G112/><T110/><D110/><U2/><E4/><V104/><F65/><W75/><G75/><T93/><D59/><U64/><E61/><V72/><F134/><W90/><G109/><T35/><D53/><U33/><E31/><V80/><F80/><W42/><G127/><T63/><D63/><U21/><E21/><V52/><F130/><W79/><G129/><T44/><D44/><N who="1" m="16971" /><E84/><V56/><F104/><W15/><G42/><T111/><D35/><N who="1" m="13323" /><E82/><V87/><F101/><AGARI ba="1,1" hai="0,2,64,66,67,100,101,103" m="13323,16971" machi="101" ten="40,2600,0" yaku="28,2" doraHai="12" who="1" fromWho="2" sc="237,0,235,39,247,-29,271,0" /><INIT seed="3,0,0,5,5,92" ten="237,274,218,271" oya="3" hai0="40,26,87,53,127,3,68,77,22,57,97,51,98" hai1="17,86,113,65,126,119,129,24,48,100,118,131,6" hai2="125,117,81,4,29,114,71,111,102,14,1,116,110" hai3="45,90,132,20,62,44,73,82,28,5,93,78,8"/><W46/><G132/><T133/><D133/><U7/><E65/><V70/><F1/><W74/><G74/><T13/><D127/><U88/><E126/><V55/><F125/><W41/><G62/><T66/><D3/><U105/><E113/><V30/><F114/><W63/><G63/><T99/><D13/><U121/><E121/><V104/><F81/><W123/><G123/><T59/><D68/><N who="2" m="26154" /><F4/><W109/><G109/><N who="2" m="41481" /><F14/><W9/><G9/><T37/><D37/><U27/><E48/><V12/><F12/><W107/><G107/><T11/><D40/><U42/><E42/><V52/><F102/><W34/><G34/><T101/><D101/><U96/><E7/><V21/><F104/><W91/><G20/><T76/><D87/><U33/><E6/><V35/><F21/><W50/><G28/><N who="2" m="10857" /><F35/><W79/><G5/><T56/><D66/><U83/><E33/><V89/><F89/><W58/><G91/><T75/><D11/><U32/><E32/><V54/><AGARI ba="0,0" hai="52,54,55,116,117" m="10857,41481,26154" machi="54" ten="40,8000,1" yaku="28,2,14,1,54,1" doraHai="92" who="2" fromWho="2" sc="237,-20,274,-20,218,80,271,-40" /><INIT seed="4,0,0,3,1,127" ten="217,254,298,231" oya="0" hai0="36,65,7,116,6,45,38,102,68,83,112,53,69" hai1="22,54,50,125,5,40,118,58,13,29,49,74,131" hai2="129,62,28,9,14,57,133,60,30,100,8,134,33" hai3="41,99,73,135,121,66,43,16,103,128,82,78,109"/><T85/><D112/><U17/><E118/><V98/><F33/><W84/><G109/><T101/><D116/><U42/><E74/><V61/><F57/><W71/><G121/><T88/><D38/><U35/><E125/><V93/><F129/><W27/><G135/><N who="2" m="51721" /><F9/><W20/><G128/><T92/><D36/><U70/><E70/><V59/><F59/><W2/><G2/><T122/><D69/><U124/><E124/><V63/><F63/><W15/><G73/><T44/><D68/><U55/><E5/><AGARI ba="0,0" hai="5,8,14,28,30,60,61,62,93,98,100" m="51721" machi="5" ten="30,1000,0" yaku="20,1" doraHai="127" who="2" fromWho="1" sc="217,0,254,-10,298,10,231,0" owari="217,-28.0,244,4.0,308,41.0,231,-17.0" /></mjloggm>