<mjloggm ver="2.3"><GO type="97" lobby="0"/><UN n0="%E3%82%A6%E3%83%AB%E3%83%88%E3%83%A9%E7%AB%8B%E7%9B%B4" n1="%4D%53%2D%30%36%52" n2="%E6%9C%AA%E7%86%9F%E9%9B%80%E5%A3%AB%74" n3="%68%69%2D%6F" dan="15,13,15,13" rate="1988.72,1866.01,1986.54,1879.49" sx="M,M,M,M"/><TAIKYOKU oya="0"/><INIT seed="0,0,0,0,0,58" ten="250,250,250,250" oya="0" hai0="128,29,10,62,0,11,7,41,52,43,54,51,111" hai1="85,133,81,108,84,12,15,74,106,37,16,44,6" hai2="55,104,61,130,103,26,48,53,100,45,91,5,23" hai3="102,83,31,94,17,77,63,25,92,30,126,80,4"/><T67/><D128/><U110/><E106/><V1/><F130/><W3/><G126/><T125/><D125/><U115/><E133/><V121/><F121/><W76/><G17/><T50/><D111/><U69/><E115/><V99/><F1/><W39/><G39/><T13/><D29/><U59/><E69/><V114/><F114/><W20/><G31/><T34/><D34/><U95/><E59/><N who="2" m="35055" /><F5/><W88/><G4/><T56/><D11/><U118/><E118/><V28/><F104/><W32/><G32/><T127/><D0/><U135/><E135/><V68/><F68/><W98/><G3/><T38/><D38/><U124/><E124/><V131/><F131/><W105/><G105/><T79/><D79/><N who="3" m="30281" /><G63/><T24/><D24/><U2/><E74/><V8/><F8/><W134/><G134/><T33/><D33/><U119/><E119/><V90/><F90/><W42/><G42/><T73/><D73/><U107/><E107/><V40/><F40/><N who="0" m="15434" /><D127/><U60/><E37/><V75/><F75/><W112/><G112/><T14/><D14/><U89/><E2/><V35/><F35/><W47/><G47/><T120/><D120/><U86/><E44/><V72/><F72/><W46/><G46/><T109/><D109/><N who="1" m="42091" /><E6/><V22/><F22/><W87/><AGARI ba="0,0" hai="20,25,30,80,83,87,88,92,94,98,102" m="30281" machi="87" ten="30,2000,0" yaku="8,1,54,1" doraHai="58" who="3" fromWho="3" sc="250,-10,250,-5,250,-5,250,20" /><INIT seed="1,0,0,2,4,56" ten="240,245,245,270" oya="1" hai0="46,132,29,33,104,128,65,20,133,130,57,127,88" hai1="129,53,14,1,93,99,9,135,45,117,25,35,119" hai2="3,52,123,118,58,100,43,73,89,24,38,79,28" hai3="12,44,76,5,10,6,91,4,107,97,39,67,98"/><U13/><E135/><N who="0" m="51785" /><D104/><U94/><E129/><N who="0" m="49769" /><D33/><U23/><E35/><V55/><F123/><W85/><G107/><T70/><D88/><U31/><E94/><V134/><F134/><W30/><G76/><T126/><D70/><U2/><E2/><V75/><F89/><W61/><G30/><T102/><D102/><U36/><E1/><V16/><F100/><W78/><G78/><T34/><D34/><U8/><E117/><V71/><F71/><W106/><G106/><T26/><D46/><U77/><E119/><V72/><F79/><W121/><G44/><T122/><D122/><U74/><E77/><V125/><F118/><W62/><G39/><T54/><D65/><U111/><E36/><V114/><F75/><W48/><G48/><AGARI ba="0,0" hai="20,26,29,48,54,57,126,127" m="49769,51785" machi="48" ten="30,7700,0" yaku="30,2,20,1,19,1" doraHai="56" who="0" fromWho="3" sc="240,77,245,0,245,0,270,-77" /><INIT seed="2,0,0,4,1,94" ten="317,245,245,193" oya="2" hai0="7,128,83,35,111,17,131,49,79,31,62,91,0" hai1="121,39,66,123,125,58,124,9,20,60,56,93,127" hai2="108,44,67,51,10,106,76,113,53,38,103,100,89" hai3="122,6,16,15,46,64,88,68,18,54,126,115,14"/><V119/><F119/><W29/><G122/><N who="1" m="46602" /><E9/><V5/><F113/><W19/><G115/><T61/><D31/><U82/><E20/><V117/><F117/><W47/><G29/><T24/><D35/><U23/><E23/><V2/><F108/><W40/><G54/><T71/><D7/><U130/><E39/><V95/><F67/><W129/><G47/><T3/><D91/><U52/><E82/><V73/><F106/><W34/><G34/><T120/><D49/><N who="1" m="30735" /><E93/><V133/><F38/><W85/><G6/><T74/><D111/><U96/><E96/><V99/><REACH who="2" step="1"/><F133/><REACH who="2" ten="317,245,235,193" step="2"/><W55/><G64/><T42/><D120/><U30/><E30/><V57/><F57/><W27/><G68/><T65/><D65/><U102/><E102/><V134/><F134/><W75/><G75/><T63/><D71/><U26/><E26/><V84/><F84/><W101/><G27/><T109/><D109/><U4/><E4/><V45/><F45/><W98/><G46/><T22/><D42/><U43/><E43/><V81/><AGARI ba="0,1" hai="2,5,10,44,51,53,73,76,81,89,95,99,100,103" machi="81" ten="30,6000,0" yaku="1,1,0,1,52,1,53,0" doraHai="94" doraHaiUra="69" who="2" fromWho="2" sc="317,-20,245,-20,235,70,193,-20" /><INIT seed="2,1,0,1,5,80" ten="297,225,305,173" oya="2" hai0="20,107,92,79,2,16,57,1,46,5,31,68,130" hai1="6,70,134,84,96,132,24,51,60,111,27,44,100" hai2="15,36,81,35,33,118,103,40,99,64,115,22,89" hai3="117,19,85,129,119,125,131,3,82,14,109,128,62"/><V53/><F118/><W10/><G62/><T13/><D107/><U8/><E111/><V4/><F115/><W104/><G104/><T11/><D68/><U97/><E97/><V28/><F64/><W32/><G109/><T76/><D130/><U102/><E102/><V30/><F35/><W71/><G71/><T50/><D1/><U25/><E70/><V59/><F33/><W91/><G32/><T9/><D57/><U58/><E84/><N who="2" m="50319" /><F36/><W61/><G61/><T52/><REACH who="0" step="1"/><D92/><REACH who="0" ten="287,225,305,173" step="2"/><N who="1" m="58375" /><E58/><V127/><F59/><W83/><G125/><T18/><D18/><U26/><E60/><V124/><F127/><W74/><G3/><T135/><D135/><U63/><E63/><V112/><F124/><W123/><REACH who="3" step="1"/><G123/><REACH who="3" ten="287,225,305,163" step="2"/><T47/><D47/><U34/><E134/><V116/><F116/><W101/><G101/><T113/><D113/><U93/><E132/><V90/><F103/><W86/><G86/><T110/><D110/><U69/><E69/><V72/><F112/><W67/><G67/><T56/><D56/><U39/><E44/><V121/><F121/><W49/><G49/><T0/><D0/><U23/><E51/><V122/><F122/><W106/><G106/><T12/><D12/><U77/><E34/><V38/><F15/><W98/><G98/><T75/><D75/><U17/><E39/><V21/><F72/><W126/><G126/><T41/><D41/><U55/><E55/><V29/><F53/><W94/><G94/><T114/><D114/><U43/><E43/><V45/><F40/><W48/><G48/><T78/><D78/><AGARI ba="1,2" hai="10,14,19,74,78,82,83,85,91,117,119,128,129,131" machi="78" ten="40,8000,1" yaku="1,1,19,1,52,1,53,1" doraHai="80" doraHaiUra="73" who="3" fromWho="0" sc="287,-83,225,0,305,0,163,103" /><INIT seed="3,0,0,4,1,47" ten="204,225,305,266" oya="3" hai0="78,74,35,33,69,43,1,120,124,89,67,50,5" hai1="115,106,94,130,119,97,100,99,57,88,7,72,86" hai2="51,40,79,111,58,21,9,84,56,107,64,135,16" hai3="32,92,18,112,81,110,134,70,122,80,129,25,22"/><W96/><G122/><T83/><D120/><U108/><E7/><V46/><F107/><W4/><G112/><T76/><D124/><U44/><E57/><V49/><F111/><W19/><G70/><T131/><D131/><U98/><E44/><N who="2" m="25735" /><F64/><W87/><G129/><T54/><D78/><U127/><E115/><V73/><F73/><W109/><G4/><T34/><D43/><U132/><E130/><V85/><F9/><W27/><G134/><T41/><D41/><U128/><E128/><V91/><F135/><W55/><G55/><T123/><D123/><U71/><E71/><V121/><F121/><W116/><G116/><T3/><D5/><U117/><E132/><V23/><F23/><W62/><G62/><T68/><D89/><N who="1" m="53559" /><E108/><N who="3" m="41578" /><G87/><N who="2" m="33353" /><F91/><N who="3" m="55327" /><G32/><T29/><D29/><U26/><E72/><V59/><F79/><W104/><G104/><T95/><D95/><N who="1" m="56551" /><E127/><V90/><F90/><W75/><G75/><T37/><D37/><U61/><E61/><V36/><F36/><W11/><G11/><T63/><REACH who="0" step="1"/><D68/><REACH who="0" ten="194,225,305,266" step="2"/><U60/><E117/><V103/><F103/><W13/><G19/><T20/><D20/><U10/><E119/><V45/><F16/><W15/><G27/><T30/><D30/><U65/><E26/><V102/><F21/><W53/><G53/><T77/><D77/><U28/><E28/><V118/><F102/><W113/><G113/><T82/><D82/><AGARI ba="0,1" hai="13,15,18,22,25,80,81,82" m="55327,41578" machi="82" ten="30,2900,0" yaku="14,1,10,1" doraHai="47" who="3" fromWho="0" sc="194,-29,225,0,305,0,266,39" /><INIT seed="3,1,0,2,4,1" ten="165,225,305,305" oya="3" hai0="102,61,108,51,127,33,22,36,92,41,19,70,52" hai1="80,103,16,37,53,114,21,58,46,75,116,4,107" hai2="59,128,8,109,7,45,87,130,105,117,38,20,85" hai3="49,110,96,119,88,133,50,115,24,25,71,84,123"/><W54/><G123/><T86/><D33/><U134/><E116/><V65/><F117/><W72/><G119/><T99/><D108/><U81/><E114/><V93/><F105/><W3/><G115/><T78/><D127/><U9/><E134/><V73/><F73/><W31/><G72/><T69/><D36/><U55/><E75/><V120/><F120/><W15/><G3/><T64/><D41/><U118/><E118/><V26/><F109/><W125/><G110/><T122/><D122/><U113/><E113/><V91/><F38/><W90/><G71/><T126/><D126/><U44/><E107/><V32/><F45/><N who="1" m="17513" /><E103/><V29/><F32/><W10/><G125/><T79/><D70/><U2/><E37/><V30/><F30/><W62/><G31/><T121/><D121/><U89/><E2/><V68/><F68/><W34/><G34/><T42/><D42/><U47/><N who="1" m="17521" /><U56/><DORA hai="63" /><E21/><V83/><F8/><W40/><G40/><T101/><D101/><U14/><E89/><V100/><F91/><W74/><G74/><T76/><D86/><U11/><E11/><V124/><F100/><W43/><G43/><T67/><D69/><U27/><E27/><N who="3" m="10314" /><G62/><T132/><D61/><N who="1" m="35983" /><E58/><V66/><F59/><W112/><G54/><T131/><D131/><U106/><E55/><V17/><F124/><W48/><G112/><T0/><D0/><N who="1" m="135" /><E106/><V23/><F130/><W35/><G133/><T5/><D5/><U13/><E13/><V129/><F7/><N who="3" m="3551" /><G35/><T12/><D132/><U6/><E6/><V95/><F129/><W18/><G18/><RYUUKYOKU ba="1,0" sc="165,15,225,15,305,-15,305,-15" hai0="12,19,22,51,52,64,67,76,78,79,92,99,102" hai1="14,16,80,81" /><INIT seed="4,2,0,1,5,131" ten="180,240,290,290" oya="0" hai0="66,19,3,120,46,116,21,102,41,29,88,84,91" hai1="58,15,130,86,67,117,8,11,23,5,90,106,0" hai2="32,44,98,95,123,105,71,107,40,74,92,109,17" hai3="33,50,38,133,35,56,14,4,80,79,83,63,112"/><T18/><D3/><U87/><E106/><V37/><F123/><W132/><G38/><T100/><D116/><U101/><E130/><V124/><F109/><W2/><G112/><T34/><D120/><U12/><E117/><V61/><F74/><W108/><G2/><T10/><D34/><U39/><E39/><V75/><F75/><W43/><G108/><T135/><D66/><U97/><E23/><V94/><F98/><W104/><G104/><T76/><D76/><U36/><E36/><V25/><F124/><W73/><G83/><T57/><D57/><U45/><E45/><V16/><F17/><N who="0" m="6154" /><D10/><U111/><E111/><V114/><F114/><W51/><G14/><T64/><D64/><U26/><E26/><V118/><F118/><W7/><G43/><T52/><D41/><U62/><E11/><V115/><F115/><W13/><G13/><T53/><D135/><N who="3" m="51785" /><G7/><T113/><D113/><U82/><REACH who="1" step="1"/><E86/><REACH who="1" ten="180,230,290,290" step="2"/><V30/><F107/><W27/><G4/><T96/><D21/><U60/><E60/><V129/><F105/><W9/><G9/><T119/><D119/><U85/><E85/><V59/><F129/><W103/><G27/><T93/><D29/><U42/><E42/><V69/><F16/><W55/><G33/><T22/><D22/><U24/><E24/><V6/><F6/><W127/><G35/><T47/><D47/><U70/><E70/><V68/><F68/><W1/><G1/><T122/><D122/><U48/><E48/><N who="3" m="18474" /><G127/><T72/><D72/><U65/><E65/><V128/><F128/><W77/><G77/><T31/><D46/><RYUUKYOKU ba="2,1" sc="180,-30,230,10,290,10,290,10" hai1="0,5,8,12,15,58,62,67,82,87,90,97,101" hai2="25,30,32,37,40,44,59,61,69,71,92,94,95" hai3="55,56,63,73,79,80,103" owari="150,-35.0,240,-16.0,310,41.0,300,10.0" /></mjloggm>