<mjloggm ver="2.3"><GO type="169" lobby="0"/><UN n0="%EF%BC%88%E2%89%A7%E2%96%BD%E2%89%A6%EF%BC%89" n1="%E6%AF%94%E5%98%89%E7%A7%80%E4%BB%81" n2="%70%69%79%6F%65%6D%6F%6E" n3="%E3%81%8D%E3%81%BE%E3%81%99" dan="19,18,16,16" rate="2259.89,2192.99,2103.95,2096.07" sx="M,M,M,M"/><TAIKYOKU oya="0"/><INIT seed="0,0,0,4,2,118" ten="250,250,250,250" oya="0" hai0="66,53,19,92,11,84,78,49,52,134,51,72,4" hai1="74,50,69,20,129,79,21,57,95,76,119,89,93" hai2="110,64,35,87,15,0,106,30,63,27,121,101,115" hai3="61,34,102,37,5,120,71,132,83,126,32,24,8"/><T130/><D130/><U90/><E69/><N who="2" m="42143" /><F15/><W98/><G37/><T67/><D134/><U13/><E119/><V59/><F115/><W91/><G126/><T41/><D72/><U124/><E124/><V45/><F45/><W81/><G34/><T17/><D41/><U42/><E74/><V46/><F59/><W31/><G91/><N who="0" m="53351" /><D78/><U103/><E129/><V107/><F46/><W14/><G132/><T123/><D123/><U112/><E103/><V127/><F127/><W73/><G73/><T125/><D125/><U97/><E112/><V75/><F87/><W96/><G120/><T128/><D128/><U80/><E80/><V114/><F121/><W12/><G12/><N who="0" m="5223" /><D51/><U104/><E104/><V62/><F114/><W56/><G98/><T58/><D53/><N who="1" m="31927" /><E42/><V109/><F75/><W77/><G77/><N who="1" m="29770" /><E13/><V116/><F116/><W2/><G14/><T108/><D108/><N who="2" m="41578" /><F0/><W86/><G71/><T94/><D94/><U23/><E95/><V113/><F113/><W3/><G3/><T36/><D36/><U6/><E6/><V135/><F135/><W44/><G2/><T28/><D28/><U38/><E38/><V100/><F62/><W25/><G61/><N who="0" m="38199" /><D67/><U68/><E68/><V70/><F70/><W133/><G31/><T7/><D7/><U111/><E111/><V29/><F29/><W47/><G133/><T82/><D82/><U99/><E93/><V10/><F107/><N who="3" m="63943" /><G81/><T22/><D22/><N who="1" m="5635" /><U117/><DORA hai="1" /><E117/><V65/><F106/><W40/><G32/><T85/><D85/><U105/><E105/><V54/><F101/><W9/><G40/><RYUUKYOKU ba="0,0" sc="250,15,250,15,250,-15,250,-15" hai0="17,19,49,52" hai1="89,90,97,99" /><INIT seed="0,1,0,5,0,82" ten="265,265,235,235" oya="0" hai0="132,48,72,30,39,123,120,26,93,28,100,45,98" hai1="59,63,13,130,4,14,20,80,105,6,42,8,54" hai2="81,47,89,91,102,70,22,34,90,5,36,75,95" hai3="83,49,73,99,53,25,79,108,41,2,11,43,1"/><T131/><D72/><U50/><E105/><V110/><F34/><W21/><G108/><T96/><D131/><U58/><E130/><V0/><F110/><W127/><G127/><T17/><D39/><U3/><E3/><V88/><F70/><W55/><G55/><T9/><D132/><U16/><E80/><V33/><F33/><W35/><G35/><T29/><D98/><U76/><E76/><N who="2" m="44191" /><F22/><W134/><G134/><T12/><REACH who="0" step="1"/><D26/><REACH who="0" ten="255,265,235,235" step="2"/><U57/><REACH who="1" step="1"/><E6/><REACH who="1" ten="255,255,235,235" step="2"/><V112/><F5/><N who="3" m="1455" /><G99/><T104/><D104/><U64/><E64/><V65/><F65/><W119/><G119/><T128/><D128/><U60/><E60/><V129/><F129/><W61/><G73/><T62/><D62/><U94/><E94/><V56/><F95/><W103/><G61/><T40/><AGARI ba="1,2" hai="9,12,17,28,29,30,40,45,48,93,96,100,120,123" machi="40" ten="30,6000,0" yaku="1,1,0,1,53,1" doraHai="82" doraHaiUra="46" who="0" fromWho="0" sc="255,83,255,-21,235,-21,235,-21" /><INIT seed="0,2,0,2,5,61" ten="338,234,214,214" oya="0" hai0="81,135,69,121,52,43,11,120,123,100,119,50,65" hai1="111,35,18,17,73,41,66,83,85,103,110,47,2" hai2="108,59,0,71,54,80,107,86,57,88,60,101,92" hai3="39,23,5,8,125,105,22,68,19,90,7,36,3"/><T99/><D119/><U75/><E35/><V130/><F130/><W34/><G125/><T114/><D114/><U32/><E2/><V48/><F107/><W78/><G78/><T26/><D135/><U94/><E32/><V74/><F0/><W82/><G68/><T98/><D43/><U96/><E73/><V113/><F113/><W42/><G34/><T30/><D11/><U51/><E75/><V13/><F71/><W70/><G70/><T37/><D37/><U6/><E6/><V15/><F108/><N who="1" m="41513" /><E66/><N who="2" m="39183" /><F74/><W12/><G105/><T53/><D53/><U97/><E97/><AGARI ba="2,0" hai="13,15,48,54,59,80,86,88,92,97,101" m="39183" machi="97" ten="30,3900,0" yaku="8,1,52,1,54,1" doraHai="61" who="2" fromWho="1" sc="338,0,234,-45,214,45,214,0" /><INIT seed="1,0,0,1,0,122" ten="338,189,259,214" oya="1" hai0="108,44,29,33,104,6,84,100,38,107,123,45,110" hai1="31,102,97,116,94,53,99,62,52,59,57,80,49" hai2="61,30,127,71,22,98,19,54,115,39,65,21,129" hai3="5,111,70,50,83,89,81,17,69,35,10,28,85"/><U120/><E120/><V67/><F115/><W105/><G105/><N who="0" m="40523" /><D123/><U66/><E116/><V20/><F127/><W63/><G17/><T60/><D100/><U112/><E112/><V55/><F39/><W133/><G133/><T15/><D84/><U48/><E99/><V26/><F129/><W14/><G63/><T12/><D60/><U132/><E132/><V27/><F67/><W121/><G121/><T114/><D114/><U42/><E42/><V128/><F128/><W109/><G81/><T103/><D103/><U25/><E80/><V1/><F1/><W131/><G131/><T9/><D15/><U75/><E75/><V79/><F79/><W16/><G50/><T113/><D113/><U87/><E87/><V73/><F73/><W96/><G96/><T117/><D117/><U47/><E25/><V24/><F98/><W130/><G130/><T88/><D88/><U72/><E72/><V40/><F40/><W125/><G125/><T126/><D126/><U64/><E31/><AGARI ba="0,0" hai="19,20,21,22,24,26,27,30,31,54,55,61,65,71" machi="31" ten="30,2000,0" yaku="7,1,9,1" doraHai="122" who="2" fromWho="1" sc="338,0,189,-20,259,20,214,0" /><INIT seed="2,0,0,2,0,54" ten="338,169,279,214" oya="2" hai0="59,32,84,120,3,122,103,46,72,36,118,26,47" hai1="113,48,42,28,23,60,98,106,4,5,50,38,128" hai2="20,73,52,31,83,69,107,51,39,2,100,133,21" hai3="95,49,75,77,44,64,121,68,1,7,89,104,99"/><V126/><F39/><W101/><G121/><T65/><D72/><U37/><E113/><V78/><F2/><W15/><G1/><T8/><D118/><U88/><E106/><V105/><F126/><W96/><G68/><T18/><D103/><U35/><E35/><V117/><F117/><W30/><G64/><T129/><D36/><U53/><E128/><V43/><F69/><W9/><G30/><T22/><D129/><U80/><E37/><V115/><F115/><W102/><G102/><T81/><D32/><U6/><E38/><V61/><F133/><W56/><G56/><T116/><D116/><U62/><E42/><V127/><F127/><W14/><G14/><N who="0" m="7495" /><D3/><U94/><E80/><V11/><F43/><W92/><G77/><N who="0" m="46127" /><D122/><U87/><E98/><V110/><F100/><W119/><G75/><T123/><D123/><U125/><E125/><V114/><F114/><W108/><G119/><T19/><D120/><U134/><E134/><V93/><F105/><W70/><G70/><T131/><D131/><U55/><E50/><V57/><F107/><W90/><G104/><T27/><D26/><N who="1" m="16479" /><E55/><V10/><F51/><W71/><G101/><T24/><D24/><U16/><E16/><V97/><F31/><W25/><G71/><T63/><AGARI ba="0,0" hai="19,22,27,46,47,59,63,65" m="46127,7495" machi="63" ten="30,2000,0" yaku="8,1,52,1" doraHai="54" who="0" fromWho="0" sc="338,20,169,-5,279,-10,214,-5" /><INIT seed="3,0,0,1,3,14" ten="358,164,269,209" oya="3" hai0="25,98,5,129,40,127,115,84,97,29,57,93,7" hai1="87,54,43,33,67,101,128,107,39,106,36,82,56" hai2="125,22,6,9,135,88,85,89,134,64,83,50,13" hai3="31,92,86,63,1,130,109,46,26,2,20,132,23"/><W103/><G130/><T28/><D115/><U48/><E33/><V77/><F125/><W66/><G132/><N who="2" m="50729" /><F64/><W95/><G92/><T91/><D40/><U126/><E126/><V122/><F122/><W30/><G109/><T8/><D129/><U78/><E128/><V120/><F120/><W44/><G1/><T27/><D127/><U21/><E67/><V12/><F50/><W94/><G94/><T45/><D45/><U69/><E69/><V47/><F47/><W90/><G2/><T113/><D113/><U35/><E35/><V55/><F55/><W123/><G103/><T41/><D41/><U19/><E43/><V104/><F104/><W74/><G74/><T24/><D57/><U105/><REACH who="1" step="1"/><E101/><REACH who="1" ten="358,154,269,209" step="2"/><V70/><F70/><W0/><G123/><T102/><D102/><U76/><E76/><V58/><F77/><W52/><G52/><T133/><D133/><U17/><E17/><N who="2" m="10543" /><F89/><W37/><G37/><T121/><D121/><U124/><E124/><V118/><F118/><W60/><G66/><T131/><D131/><U79/><E79/><V34/><F34/><W59/><G31/><T73/><D29/><U68/><E68/><V114/><F114/><W72/><G30/><T53/><D28/><U110/><E110/><V32/><F32/><W119/><G119/><T96/><D53/><U111/><E111/><V18/><F6/><W81/><G0/><N who="0" m="103" /><D5/><U117/><E117/><V65/><F65/><W75/><G75/><T15/><D73/><U99/><E99/><V38/><F38/><W112/><G72/><T11/><D98/><U71/><E71/><RYUUKYOKU ba="0,1" sc="358,10,154,10,269,10,209,-30" hai0="11,15,24,25,27,84,91,93,96,97" hai1="19,21,36,39,48,54,56,78,82,87,105,106,107" hai2="9,12,18,58,83,85,88" /><INIT seed="4,1,1,1,5,30" ten="368,164,279,179" oya="0" hai0="20,73,135,112,60,91,52,36,45,121,10,79,107" hai1="86,74,111,23,34,40,3,69,50,72,100,18,33" hai2="84,122,106,44,98,77,120,62,38,94,103,131,70" hai3="5,61,109,35,75,108,128,53,89,129,133,19,14"/><T65/><D107/><U80/><E69/><V63/><F131/><N who="3" m="50251" /><G75/><T43/><D121/><U125/><E3/><V78/><F120/><W9/><G133/><T130/><D135/><U126/><E111/><N who="3" m="42570" /><G89/><T12/><D91/><N who="1" m="51655" /><E100/><V124/><F122/><W82/><G82/><T29/><D73/><N who="1" m="28267" /><E50/><V47/><F38/><W41/><G41/><T99/><D43/><U81/><E81/><V71/><F77/><W16/><G35/><T118/><D79/><U15/><E40/><V134/><F78/><W59/><AGARI ba="1,1" hai="5,9,14,16,19,53,59,61" m="42570,50251" machi="59" ten="40,2700,0" yaku="19,1,54,1" doraHai="30" who="3" fromWho="3" sc="368,-14,164,-8,279,-8,179,40" /><INIT seed="5,0,0,3,0,21" ten="354,156,271,219" oya="1" hai0="69,67,10,119,83,13,35,127,3,74,104,95,42" hai1="50,117,80,24,8,29,64,47,52,131,62,12,90" hai2="123,100,27,97,41,120,23,89,5,79,130,121,37" hai3="26,134,111,115,54,60,48,108,40,88,112,118,99"/><U6/><E117/><V49/><F37/><W38/><G118/><T81/><D104/><U25/><E131/><V63/><F130/><W66/><G134/><T85/><D3/><U44/><E44/><V98/><F79/><W93/><G40/><T68/><D35/><U22/><E25/><V4/><F89/><W43/><G43/><T110/><D127/><U53/><E53/><V20/><F20/><W9/><G9/><T105/><D10/><U70/><E90/><V0/><F63/><W87/><G38/><T135/><D135/><U59/><E70/><V72/><F72/><W92/><G26/><T1/><D74/><U65/><E65/><V11/><F4/><W55/><G54/><T16/><D67/><U125/><REACH who="1" step="1"/><E80/><REACH who="1" ten="354,146,271,219" step="2"/><V15/><F121/><W106/><G55/><T128/><D81/><U78/><E78/><V86/><F120/><W94/><G66/><T39/><D83/><U109/><E109/><V18/><F123/><W107/><G108/><T14/><D110/><U32/><E32/><V96/><F100/><N who="3" m="60535" /><G111/><T56/><D69/><U31/><E31/><V71/><F71/><W114/><G60/><T34/><D68/><U122/><E122/><V28/><F28/><W126/><G48/><T17/><D34/><U101/><E101/><V61/><F61/><W113/><G115/><T77/><D119/><U19/><E19/><V91/><F49/><W2/><G113/><T84/><D17/><U46/><E46/><V132/><F132/><W36/><G112/><T75/><D16/><U58/><E58/><V7/><F91/><W116/><G114/><RYUUKYOKU ba="0,1" sc="354,-10,146,30,271,-10,219,-10" hai1="6,8,12,22,24,29,47,50,52,59,62,64,125" /><INIT seed="5,1,1,4,3,50" ten="344,176,261,209" oya="1" hai0="114,12,83,129,1,90,55,42,111,91,109,51,11" hai1="7,14,59,20,99,107,98,95,115,8,105,135,71" hai2="108,100,3,38,86,117,64,45,61,54,0,67,75" hai3="4,96,76,17,131,87,63,126,24,106,82,35,13"/><U23/><E71/><V28/><F117/><W121/><G121/><T122/><D1/><U112/><E135/><V9/><F75/><W79/><G4/><N who="0" m="3175" /><D122/><U57/><E107/><V78/><F108/><W93/><G106/><T30/><D30/><U48/><E105/><V74/><F74/><W53/><G131/><T39/><D39/><U128/><E128/><V43/><F28/><W97/><G126/><T80/><D114/><N who="1" m="43563" /><E98/><V69/><F67/><W60/><G24/><T116/><D116/><U40/><E40/><V124/><F124/><W6/><G6/><T52/><D129/><U68/><E68/><V10/><F100/><N who="3" m="60431" /><G76/><T118/><D118/><U113/><N who="1" m="43571" /><U84/><DORA hai="89" /><E84/><V130/><F130/><W103/><G35/><T29/><D111/><U110/><E110/><V32/><F32/><W123/><G123/><T119/><D119/><U22/><E48/><V47/><F0/><W134/><G97/><T37/><D37/><U66/><E66/><V33/><F33/><W16/><G134/><T36/><D36/><U88/><AGARI ba="1,1" hai="7,8,14,20,22,23,57,59,88,95,99" m="43571" machi="88" ten="50,9600,0" yaku="15,1,52,1,54,1" doraHai="50,89" who="1" fromWho="1" sc="344,-33,176,109,261,-33,209,-33" /><INIT seed="5,2,0,0,0,4" ten="311,285,228,176" oya="1" hai0="32,58,15,24,130,63,20,112,59,35,103,27,38" hai1="53,62,3,33,48,127,26,121,5,51,117,124,72" hai2="90,118,105,82,109,54,31,2,74,30,36,91,19" hai3="7,92,28,73,110,84,132,41,76,96,113,123,65"/><U102/><E121/><V61/><F118/><W18/><G123/><T22/><D38/><U67/><E72/><V9/><F36/><W79/><G73/><T93/><D112/><U87/><E117/><V70/><F109/><W0/><G110/><T43/><D43/><U122/><E122/><V85/><F105/><W49/><G132/><T128/><D15/><U106/><E51/><V52/><F74/><W135/><G28/><N who="2" m="10793" /><F2/><W131/><G135/><T46/><D46/><U98/><E87/><N who="2" m="50551" /><F70/><W134/><G131/><T45/><D35/><U6/><E26/><V94/><F61/><W75/><G113/><T14/><D32/><U66/><E33/><V25/><F25/><W37/><G75/><T99/><D27/><U69/><E67/><V13/><AGARI ba="2,0" hai="9,13,19,52,54,85,91,94" m="50551,10793" machi="13" ten="30,4000,0" yaku="8,1,52,1,54,1" doraHai="4" who="2" fromWho="2" sc="311,-12,285,-22,228,46,176,-12" /><INIT seed="6,0,0,4,5,120" ten="299,263,274,164" oya="2" hai0="27,21,73,106,58,57,107,83,74,93,84,82,14" hai1="86,56,128,117,72,99,92,119,75,53,11,95,52" hai2="24,71,1,40,36,122,16,7,64,70,3,42,13" hai3="91,130,123,49,61,103,46,81,126,50,47,125,124"/><V37/><F122/><W43/><G103/><T135/><D135/><U78/><E128/><V41/><F24/><W34/><G34/><T112/><D112/><U101/><E53/><V17/><F64/><W39/><G123/><T69/><D69/><N who="2" m="26122" /><F13/><W38/><G130/><T62/><D74/><U22/><E11/><V131/><F7/><W44/><G91/><N who="0" m="53479" /><D73/><U20/><E75/><V109/><F109/><W5/><G81/><T116/><D107/><U96/><E72/><V133/><F133/><W85/><G85/><T15/><D116/><U129/><E129/><V35/><F35/><W63/><G5/><T77/><D58/><U55/><E55/><V134/><F134/><W113/><G113/><T108/><D108/><U98/><E119/><V54/><F54/><N who="3" m="29991" /><G46/><T45/><D45/><U87/><E117/><V30/><F30/><W33/><G33/><T60/><D106/><U110/><E110/><V121/><F121/><W65/><G65/><N who="0" m="39055" /><D62/><AGARI ba="0,0" hai="38,39,43,47,50,61,62,63,124,125,126" m="29991" machi="62" ten="30,3900,0" yaku="18,1,34,2" doraHai="120" who="3" fromWho="0" sc="299,-39,263,0,274,0,164,39" /><INIT seed="7,0,0,4,0,134" ten="260,263,274,203" oya="3" hai0="110,66,85,13,102,3,17,128,72,70,50,58,9" hai1="29,2,56,18,117,94,114,24,84,4,71,26,49" hai2="81,125,10,63,106,60,19,67,51,74,44,82,23" hai3="47,30,55,109,22,119,75,6,1,93,103,100,45"/><W90/><G75/><T57/><D72/><U83/><E71/><V48/><F106/><W113/><G119/><T39/><D39/><U36/><E36/><V38/><F38/><W5/><G113/><T77/><D110/><U43/><E114/><V42/><F125/><W53/><G109/><T68/><D128/><U122/><E122/><V7/><F51/><W96/><G1/><T41/><D3/><U33/><E117/><V129/><F129/><W92/><G22/><T0/><D0/><U46/><E94/><V126/><F126/><W21/><G21/><T32/><D102/><N who="3" m="38953" /><G30/><T27/><D32/><U97/><E97/><V99/><F99/><W95/><G90/><T15/><D27/><U121/><E121/><V69/><F63/><W107/><G107/><T80/><D70/><U112/><E112/><V14/><REACH who="2" step="1"/><F74/><REACH who="2" ten="260,263,264,203" step="2"/><W105/><G105/><T87/><D50/><U79/><E49/><V35/><F35/><W131/><G131/><T76/><D41/><U34/><E43/><V64/><F64/><W135/><G96/><T20/><D66/><U31/><E34/><V118/><F118/><W127/><G127/><T78/><D68/><U65/><E33/><V111/><F111/><W12/><G135/><T115/><D115/><U89/><E84/><V101/><F101/><W52/><G12/><AGARI ba="0,1" hai="7,10,12,14,19,23,42,44,48,60,67,69,81,82" machi="12" ten="30,2000,0" yaku="1,1,7,1,53,0" doraHai="134" doraHaiUra="88" who="2" fromWho="3" sc="260,0,263,0,264,30,203,-20" /><INIT seed="8,0,0,3,2,90" ten="260,263,294,183" oya="0" hai0="118,122,102,106,34,135,96,84,30,71,4,9,35" hai1="56,87,88,42,65,124,129,95,134,114,83,127,77" hai2="108,126,85,80,62,16,7,40,79,69,86,52,123" hai3="92,17,72,57,61,25,115,45,47,117,46,75,82"/><T2/><D122/><U64/><E114/><V49/><F123/><W51/><G115/><T24/><D118/><U39/><E134/><V91/><F108/><W29/><G117/><T131/><D131/><U89/><E129/><V31/><F7/><W44/><G17/><T132/><D84/><N who="1" m="48239" /><E89/><V19/><F31/><W21/><G82/><T12/><D35/><U28/><E28/><V50/><F126/><N who="1" m="48169" /><E56/><N who="2" m="35079" /><F69/><W43/><REACH who="3" step="1"/><G92/><REACH who="3" ten="260,263,294,173" step="2"/><T38/><D135/><U58/><E58/><V104/><F104/><W101/><G101/><T125/><D132/><U36/><E36/><V111/><F111/><W119/><G119/><T5/><D125/><U26/><E26/><V70/><F70/><W68/><G68/><T105/><D71/><U67/><E39/><V109/><F109/><W33/><G33/><T3/><D38/><U0/><E0/><V121/><F121/><W20/><G20/><T13/><D106/><U37/><E37/><V113/><F113/><W18/><G18/><N who="2" m="6697" /><F40/><AGARI ba="0,1" hai="40,42,64,65,67,87,88,95" m="48169,48239" machi="40" ten="30,3900,0" yaku="18,1,52,1,54,1" doraHai="90" who="1" fromWho="2" sc="260,0,263,49,294,-39,173,0" owari="260,6.0,312,41.0,255,-14.0,173,-33.0" /></mjloggm>