<mjloggm ver="2.3"><GO type="97" lobby="0"/><UN n0="%6D%69%6E%63%6F" n1="%E3%81%B3%E3%81%B3%E3%82%93%E3%81%B0%E3%83%BB%E6%94%B9" n2="%E3%82%A6%E3%83%AB%E3%83%88%E3%83%A9%E7%AB%8B%E7%9B%B4" n3="%E3%83%A6%E3%83%B3%E3%82%B1%E3%83%AB" dan="14,14,15,15" rate="1896.04,1897.56,1992.11,1997.15" sx="M,F,M,M"/><TAIKYOKU oya="0"/><INIT seed="0,0,0,4,1,121" ten="250,250,250,250" oya="0" hai0="105,125,55,48,36,115,97,18,109,8,83,100,70" hai1="132,49,14,53,37,40,38,126,7,31,96,124,76" hai2="1,130,10,108,107,80,129,133,0,63,56,114,42" hai3="32,62,104,6,50,134,119,26,98,118,17,15,102"/><T103/><D115/><U91/><E132/><V45/><F107/><W116/><G134/><T74/><D70/><U33/><E76/><V117/><F133/><W67/><G50/><T64/><D36/><U120/><E120/><V92/><F114/><W2/><G2/><T21/><D64/><U113/><E113/><V39/><F117/><W127/><G127/><N who="1" m="48682" /><E31/><V29/><F29/><W3/><G3/><T101/><D125/><U81/><E33/><V30/><F30/><N who="3" m="19543" /><G6/><T22/><D8/><N who="1" m="4383" /><E40/><V66/><F92/><W16/><G15/><T131/><D131/><N who="2" m="50186" /><F80/><W46/><G46/><T86/><D74/><U73/><E73/><V88/><F1/><W57/><G57/><T90/><D22/><U79/><E79/><V9/><F0/><W87/><G87/><T111/><D97/><U69/><E69/><V89/><F10/><W5/><G5/><T52/><D105/><U84/><E96/><V122/><F9/><W123/><G123/><T28/><D28/><U11/><E11/><V78/><F122/><W135/><G135/><T85/><D85/><U41/><E41/><V47/><F78/><W93/><G93/><T19/><D55/><U94/><E94/><V23/><F23/><W61/><G119/><T72/><D72/><U71/><E71/><V34/><F34/><W128/><G118/><T75/><D75/><U24/><E24/><V54/><F54/><W43/><G116/><T58/><REACH who="0" step="1"/><D21/><REACH who="0" ten="240,250,250,250" step="2"/><U25/><E25/><V82/><F39/><W59/><G128/><T77/><D77/><U20/><E20/><V12/><F42/><W13/><G43/><RYUUKYOKU ba="0,1" sc="240,15,250,15,250,-15,250,-15" hai0="18,19,48,52,58,83,86,90,100,101,103,109,111" hai1="37,38,49,53,81,84,91" /><INIT seed="0,1,1,2,0,53" ten="255,265,235,235" oya="0" hai0="70,58,45,42,32,77,83,52,17,26,19,55,80" hai1="36,67,27,62,14,65,68,13,4,121,0,22,126" hai2="118,56,20,109,73,114,86,135,128,124,84,129,81" hai3="106,96,103,113,115,44,104,31,87,100,127,101,75"/><T88/><D70/><U132/><E36/><V64/><F114/><W92/><G31/><T125/><D125/><U7/><E121/><V99/><F124/><W28/><G28/><T30/><D17/><U59/><E126/><V123/><F123/><W12/><G127/><T47/><D19/><U2/><E132/><V78/><F135/><W46/><G12/><T97/><D55/><U29/><E68/><V69/><F69/><W71/><G71/><T120/><D120/><U5/><REACH who="1" step="1"/><E67/><REACH who="1" ten="255,255,235,235" step="2"/><V15/><F64/><W89/><G115/><T34/><D34/><U37/><E37/><V79/><F128/><W112/><G113/><T23/><D32/><U110/><E110/><V95/><F109/><W63/><G112/><T90/><D97/><U9/><E9/><V48/><F129/><W131/><G131/><T133/><D133/><U108/><E108/><V85/><F118/><W76/><G106/><T102/><D102/><U50/><E50/><V16/><F79/><W18/><G101/><T38/><D47/><U74/><E74/><V91/><F73/><W72/><G103/><T6/><D6/><U35/><E35/><V54/><AGARI ba="1,2" hai="15,16,20,48,54,56,78,81,84,85,86,91,95,99" machi="54" ten="30,7900,0" yaku="0,1,8,1,52,1,54,1" doraHai="53" who="2" fromWho="2" sc="255,-40,255,-21,235,102,235,-21" /><INIT seed="1,0,0,1,3,10" ten="215,234,337,214" oya="1" hai0="80,23,113,89,29,110,45,53,87,124,69,19,8" hai1="83,46,3,98,47,77,49,41,56,21,109,16,62" hai2="95,27,63,118,18,32,74,24,25,52,38,68,75" hai3="33,42,91,70,73,5,123,101,116,64,60,86,107"/><U31/><E3/><V59/><F38/><W44/><G123/><T9/><D69/><U102/><E31/><V71/><F32/><W54/><G116/><T134/><D113/><U84/><E109/><V36/><F36/><W114/><G114/><T106/><D106/><U50/><E102/><V122/><F122/><W97/><G73/><T12/><D110/><U115/><E98/><V93/><F18/><W26/><G5/><T17/><D134/><U132/><E132/><V58/><F118/><W2/><G2/><T40/><D124/><U28/><E28/><V100/><F100/><W61/><G61/><T15/><D29/><U126/><E126/><V111/><F111/><W65/><G65/><T94/><D53/><U96/><E96/><V55/><F27/><W133/><G133/><T103/><D103/><U39/><E115/><V108/><F108/><W35/><G54/><T57/><D57/><U131/><E47/><V88/><F63/><W22/><G22/><T13/><D94/><U104/><E104/><V127/><F127/><W48/><REACH who="3" step="1"/><G26/><REACH who="3" ten="215,234,337,204" step="2"/><T78/><D89/><AGARI ba="0,1" hai="24,25,52,55,58,59,68,71,74,75,88,89,93,95" machi="89" ten="25,6400,0" yaku="22,2,54,2" doraHai="10" who="2" fromWho="0" sc="215,-64,234,0,337,74,204,0" /><INIT seed="2,0,0,3,3,16" ten="151,234,411,204" oya="2" hai0="56,127,124,22,63,48,11,91,107,41,121,95,24" hai1="76,27,99,29,100,89,117,30,120,105,35,108,134" hai2="58,111,60,85,14,114,125,4,69,33,37,133,122" hai3="13,116,42,129,59,3,84,17,90,5,74,67,15"/><V28/><F37/><W40/><G74/><T61/><D107/><U43/><E117/><V9/><F69/><W1/><G129/><T126/><D121/><U0/><E0/><V23/><F122/><W110/><G116/><T39/><D39/><U12/><E120/><V64/><F114/><W38/><G110/><T68/><D68/><U6/><E108/><V88/><F111/><W109/><G109/><T77/><D77/><U83/><E134/><V34/><F133/><W113/><G1/><T87/><D11/><U52/><E43/><V93/><F125/><W70/><G70/><T49/><D41/><U31/><E89/><V82/><F82/><W123/><G3/><T96/><D87/><U132/><E132/><V104/><F104/><W130/><G130/><T45/><D45/><U62/><E6/><V19/><F28/><W112/><G123/><T115/><D115/><U103/><E103/><V10/><F10/><W51/><G38/><T92/><D92/><U54/><E12/><AGARI ba="0,0" hai="4,9,12,14,19,23,33,34,58,60,64,85,88,93" machi="12" ten="30,5800,0" yaku="7,1,52,1,54,1" doraHai="16" who="2" fromWho="1" sc="151,0,234,-58,411,58,204,0" /><INIT seed="2,1,0,2,2,81" ten="151,176,469,204" oya="2" hai0="9,73,126,116,29,100,24,0,72,132,79,33,130" hai1="92,3,44,117,63,110,32,1,83,7,105,115,14" hai2="98,59,128,75,31,97,16,56,47,86,122,107,28" hai3="50,109,114,104,40,21,66,20,101,112,19,103,89"/><V90/><F75/><W93/><G109/><T61/><D116/><U53/><E105/><V85/><F107/><W12/><G104/><T57/><D130/><U124/><E110/><V71/><F47/><N who="3" m="25959" /><G66/><T125/><D132/><U2/><E124/><N who="0" m="47721" /><D100/><U82/><E117/><V99/><F99/><W120/><G120/><T67/><D79/><U91/><E32/><V77/><F77/><W74/><G74/><T135/><D135/><U49/><E115/><N who="3" m="44074" /><G21/><T34/><D34/><U41/><E14/><V96/><F96/><AGARI ba="1,0" hai="12,19,20,89,93,96,101,103" m="44074,25959" machi="96" ten="30,1000,0" yaku="11,1" doraHai="81" who="3" fromWho="2" sc="151,0,176,0,469,-13,204,13" /><INIT seed="3,0,0,1,4,27" ten="151,176,456,217" oya="3" hai0="17,66,110,95,101,100,9,91,105,117,30,41,59" hai1="1,54,60,125,57,14,76,8,49,53,7,61,58" hai2="72,15,98,103,47,113,131,122,34,107,35,73,88" hai3="39,43,102,65,42,13,18,87,52,51,10,75,133"/><W90/><G75/><T86/><D117/><U45/><E76/><V89/><F113/><W63/><G39/><T99/><D110/><U129/><E129/><V26/><F131/><W37/><G37/><T78/><D41/><U71/><E125/><V92/><F47/><N who="3" m="27775" /><G102/><T67/><D101/><U68/><E1/><V3/><F3/><W132/><G63/><T123/><D123/><U128/><REACH who="1" step="1"/><E128/><REACH who="1" ten="151,166,456,217" step="2"/><V96/><F122/><W4/><G4/><T32/><D78/><U25/><E25/><V16/><F103/><W118/><G118/><T79/><D79/><U115/><E115/><V108/><F107/><W80/><G65/><AGARI ba="0,1" hai="7,8,14,45,49,53,54,57,58,60,61,65,68,71" machi="65" ten="30,2000,0" yaku="1,1,7,1,53,0" doraHai="27" doraHaiUra="93" who="1" fromWho="3" sc="151,0,166,30,456,0,217,-20" owari="151,-35.0,196,-20.0,456,55.0,197,0.0" /></mjloggm>