<mjloggm ver="2.3"><GO type="97" lobby="0"/><UN n0="%E7%A6%81%E6%9B%B8%E7%9B%AE%E9%8C%B2" n1="%E5%91%89%E7%AB%9C%E5%BA%9C" n2="%E3%82%A6%E3%83%AB%E3%83%88%E3%83%A9%E7%AB%8B%E7%9B%B4" n3="%E3%82%AB%E3%83%A9%E3%82%B9%E3%81%AE%E5%AD%90" dan="13,13,15,15" rate="1910.09,1831.68,1956.78,1980.77" sx="F,M,M,M"/><TAIKYOKU oya="0"/><INIT seed="0,0,0,0,1,63" ten="250,250,250,250" oya="0" hai0="55,86,133,95,37,99,119,69,98,5,15,109,32" hai1="44,106,130,6,78,33,126,58,50,68,46,60,124" hai2="42,100,101,70,114,121,39,25,115,90,45,107,18" hai3="89,66,57,1,61,27,62,17,88,76,94,48,7"/><T43/><D119/><U20/><E106/><V28/><F121/><W120/><G120/><T134/><D32/><U22/><E33/><V96/><F100/><W81/><G1/><T113/><D69/><U40/><E78/><V105/><F18/><W59/><G7/><T35/><D35/><U102/><E6/><V24/><F105/><W13/><G27/><T9/><D113/><U12/><E102/><V127/><F127/><N who="1" m="48681" /><E130/><V47/><F90/><W72/><G48/><T51/><D109/><U56/><E22/><V128/><F128/><W4/><G4/><T3/><D3/><U125/><E20/><V129/><F129/><W108/><G108/><T19/><D5/><U85/><E85/><V10/><F10/><W77/><G76/><T34/><D34/><U49/><N who="1" m="48689" /><U2/><DORA hai="79" /><E2/><V0/><F0/><W41/><G41/><T84/><D37/><U31/><E31/><V64/><F28/><W97/><G89/><N who="0" m="55663" /><D43/><N who="1" m="24735" /><E12/><V53/><F114/><W87/><G72/><T112/><D99/><U23/><E23/><V118/><F115/><W104/><G104/><T83/><D112/><U91/><E91/><V54/><F96/><W11/><G61/><T123/><D123/><U21/><E21/><V92/><F107/><W132/><G132/><N who="0" m="50795" /><D83/><U110/><E110/><V8/><F24/><W36/><G36/><T26/><D26/><U71/><E58/><AGARI ba="0,0" hai="11,13,17,57,58,59,62,66,77,81,87,88,94,97" machi="58" ten="30,8000,1" yaku="7,1,8,1,52,2,54,1" doraHai="63,79" who="3" fromWho="1" sc="250,0,250,-80,250,0,250,80" /><AGARI ba="0,0" hai="9,15,19,51,55,58,84,86" m="50795,55663" machi="58" ten="30,1500,0" yaku="20,1" doraHai="63,79" who="0" fromWho="1" sc="250,15,170,-15,250,0,330,0" /><INIT seed="0,1,0,5,4,59" ten="265,155,250,330" oya="0" hai0="66,28,114,101,4,15,54,67,29,85,30,68,63" hai1="115,11,31,84,20,126,53,86,21,106,65,113,99" hai2="35,34,125,102,49,118,117,51,91,133,56,13,5" hai3="47,111,22,69,9,130,128,2,87,44,10,105,37"/><T90/><D114/><U14/><E106/><V124/><F56/><W81/><G105/><T19/><D101/><U76/><E99/><V132/><F102/><W80/><G69/><T96/><D4/><U26/><E21/><V38/><F13/><W57/><G2/><T93/><D85/><U78/><E126/><N who="2" m="48747" /><F38/><W50/><G37/><T122/><D122/><U131/><E131/><N who="3" m="50218" /><G111/><T100/><D100/><U116/><E116/><N who="2" m="44651" /><F91/><N who="3" m="51687" /><G81/><T36/><D36/><U27/><E27/><V43/><F43/><W46/><G22/><N who="0" m="11647" /><D68/><U32/><E32/><N who="2" m="12331" /><F5/><W135/><G135/><AGARI ba="1,0" hai="49,51,132,133,135" m="12331,44651,48747" machi="135" ten="40,8000,1" yaku="28,2,20,1,18,1,12,1" doraHai="59" who="2" fromWho="3" sc="265,0,155,0,250,83,330,-83" /><INIT seed="1,0,0,5,4,14" ten="265,155,333,247" oya="1" hai0="93,122,102,116,54,98,25,4,59,81,120,60,58" hai1="113,88,53,67,79,71,1,72,29,121,50,24,31" hai2="64,74,27,8,6,55,9,42,97,84,126,46,125" hai3="78,69,35,83,86,112,76,21,17,68,43,20,123"/><U26/><E1/><V104/><F74/><W133/><G123/><N who="0" m="47147" /><D116/><U100/><E113/><V128/><F64/><W49/><G112/><T66/><D4/><U106/><E88/><V99/><F55/><W52/><G35/><T32/><D32/><U85/><E121/><V107/><F84/><W10/><G43/><T87/><D25/><U61/><E85/><V56/><F27/><W96/><G133/><T44/><D44/><U82/><E26/><V111/><F46/><W28/><G69/><N who="0" m="42183" /><D54/><U80/><E80/><V103/><F42/><W23/><G68/><T36/><D36/><U0/><E0/><V33/><F33/><W57/><G28/><T37/><D37/><U127/><E127/><V40/><F40/><W105/><G105/><T70/><D70/><U63/><E63/><V39/><F39/><W41/><G41/><T108/><D108/><U115/><E115/><V73/><F111/><W117/><G117/><T77/><AGARI ba="0,0" hai="58,59,77,81,87,93,98,102" m="42183,47147" machi="77" ten="30,1100,0" yaku="13,1" doraHai="14" who="0" fromWho="0" sc="265,11,155,-5,333,-3,247,-3" /><INIT seed="2,0,0,5,5,0" ten="276,150,330,244" oya="2" hai0="22,62,7,135,28,68,125,133,29,111,72,6,34" hai1="76,104,36,54,24,3,78,63,75,124,127,37,106" hai2="19,101,90,98,15,21,94,123,25,103,65,44,105" hai3="8,130,97,31,117,16,109,30,23,42,45,5,80"/><V33/><F123/><W12/><G117/><T40/><D72/><U107/><E54/><V13/><F33/><W131/><G109/><T61/><D111/><U55/><E24/><V126/><F126/><N who="1" m="48169" /><E55/><V64/><F44/><W10/><G80/><T86/><D125/><U50/><E50/><V115/><F115/><W11/><G97/><T52/><D40/><U71/><E63/><V110/><F110/><W27/><G42/><T26/><D86/><U88/><E88/><V91/><F91/><W74/><G74/><T132/><D34/><U70/><E76/><V129/><F64/><W1/><G45/><T77/><D77/><U112/><E112/><V114/><F65/><W17/><G8/><T93/><D29/><AGARI ba="0,0" hai="1,5,10,11,12,16,17,23,27,29,30,31,130,131" machi="29" ten="40,8000,1" yaku="34,3,52,1,54,1" doraHai="0" who="3" fromWho="0" sc="276,-80,150,0,330,0,244,80" /><INIT seed="3,0,0,3,0,80" ten="196,150,330,324" oya="3" hai0="88,90,1,16,57,7,118,29,110,114,62,43,102" hai1="78,32,35,85,45,111,115,17,36,89,33,121,123" hai2="0,95,18,37,72,132,56,58,52,23,69,103,100" hai3="67,81,71,34,53,46,128,97,79,107,75,41,129"/><W9/><G34/><T86/><D118/><U50/><E36/><V122/><F0/><W96/><G67/><T135/><D1/><U99/><E99/><V8/><F8/><W21/><G71/><T48/><D7/><U65/><E115/><V130/><F72/><W28/><G107/><T60/><D114/><U116/><E78/><V74/><F74/><W119/><G119/><T3/><D3/><U105/><E105/><V54/><F69/><W5/><G53/><T131/><D29/><U84/><E116/><V31/><F31/><W11/><G21/><T20/><D135/><U94/><E65/><V70/><F70/><W108/><G108/><T82/><D110/><U109/><E111/><V134/><F37/><N who="3" m="21807" /><G28/><T83/><D131/><N who="3" m="50249" /><G11/><T73/><D102/><U30/><E109/><V93/><F130/><W4/><G4/><T27/><D73/><U124/><E124/><V68/><F68/><W19/><G19/><T47/><D57/><N who="2" m="22122" /><F122/><W125/><G125/><T59/><D59/><U12/><E30/><V106/><F106/><W61/><G61/><T127/><D127/><U25/><E25/><N who="2" m="14583" /><F134/><W64/><G64/><T112/><D112/><U77/><E50/><V26/><F26/><W13/><AGARI ba="0,0" hai="5,9,13,75,79,81,96,97" m="50249,21807" machi="13" ten="30,1500,0" yaku="19,1" doraHai="80" who="3" fromWho="3" sc="196,-5,150,-5,330,-5,324,15" owari="191,-21.0,145,-35.0,325,13.0,339,43.0" /></mjloggm>