<mjloggm ver="2.3"><GO type="97" lobby="0"/><UN n0="%4B%41%5A%4F%4F%4E" n1="%E3%82%A6%E3%83%AB%E3%83%88%E3%83%A9%E7%AB%8B%E7%9B%B4" n2="%E3%82%BF%E3%82%B1%E3%82%AA" n3="%41%65%67%69%73%4B%47" dan="14,15,15,14" rate="1997.12,1973.60,1951.48,1888.36" sx="M,M,M,M"/><TAIKYOKU oya="0"/><INIT seed="0,0,0,0,2,120" ten="250,250,250,250" oya="0" hai0="57,75,132,98,59,29,56,30,71,68,50,42,0" hai1="5,12,54,35,89,34,31,22,25,135,67,124,40" hai2="128,70,58,26,45,13,110,4,8,87,36,28,9" hai3="116,15,113,53,32,77,127,44,18,114,61,133,80"/><T81/><D132/><U62/><E135/><V95/><F70/><W41/><G133/><T3/><D98/><U106/><E124/><V85/><F128/><W126/><G32/><T6/><D71/><U94/><E106/><V20/><F36/><W48/><G116/><T93/><D68/><U83/><E40/><V33/><F45/><W52/><G127/><T99/><D42/><U107/><E107/><V73/><F73/><W66/><G126/><T111/><D111/><U134/><E134/><V115/><F110/><W131/><G131/><T104/><D104/><U112/><E112/><V123/><F123/><W39/><G53/><T17/><D50/><U92/><E67/><V47/><F47/><W10/><G61/><T11/><D17/><U129/><E129/><V125/><F115/><W105/><G66/><T24/><D3/><U103/><E103/><V79/><F79/><W21/><G21/><T43/><D43/><U109/><E109/><V51/><F9/><W84/><REACH who="3" step="1"/><G105/><REACH who="3" ten="250,250,250,240" step="2"/><T76/><REACH who="0" step="1"/><D24/><REACH who="0" ten="240,250,250,240" step="2"/><U121/><E25/><V49/><F125/><W37/><G37/><T23/><D23/><U86/><E22/><V117/><F33/><W16/><G16/><T118/><D118/><U90/><E34/><V65/><F117/><W91/><G91/><AGARI ba="0,2" hai="0,6,11,29,30,56,57,59,75,76,81,91,93,99" machi="91" ten="40,2000,0" yaku="1,1,53,0" doraHai="120" doraHaiUra="97" who="0" fromWho="3" sc="240,40,250,0,250,0,240,-20" /><INIT seed="0,1,0,1,4,52" ten="280,250,250,220" oya="0" hai0="34,18,79,0,82,76,9,30,22,45,19,72,125" hai1="31,37,117,33,105,32,111,77,103,46,115,41,2" hai2="17,11,113,122,116,26,60,91,14,94,109,53,120" hai3="96,124,95,36,110,13,25,28,93,92,130,21,83"/><T73/><D125/><U129/><E31/><V43/><F113/><W29/><G124/><T57/><D34/><U71/><E77/><V99/><F43/><W66/><G36/><T62/><D45/><U8/><E103/><V51/><F116/><W128/><G110/><T16/><D30/><U106/><E8/><V38/><F38/><W3/><G3/><T64/><D9/><U131/><E46/><V4/><F109/><W112/><G112/><T88/><D0/><U42/><E41/><V98/><F60/><W85/><G13/><T70/><D70/><U1/><E42/><V49/><F49/><W80/><G29/><T114/><D114/><U133/><E105/><V48/><F48/><W123/><G123/><T47/><D47/><U69/><E69/><V102/><F26/><W74/><G74/><T23/><REACH who="0" step="1"/><D88/><REACH who="0" ten="270,250,250,220" step="2"/><U132/><E32/><V39/><F91/><W54/><G28/><T75/><D75/><U108/><E1/><V121/><F121/><W20/><G85/><T6/><D6/><U56/><E111/><V7/><F122/><W127/><G127/><T118/><D118/><U40/><E108/><V59/><F120/><W101/><G20/><T44/><D44/><U107/><E33/><V104/><F39/><W35/><G21/><T61/><D61/><U24/><E2/><V81/><F81/><AGARI ba="1,1" hai="16,18,19,22,23,57,62,64,72,73,76,79,81,82" machi="81" ten="40,12000,1" yaku="1,1,9,1,52,1,54,1,53,0" doraHai="52" doraHaiUra="68" who="0" fromWho="2" sc="270,133,250,0,250,-123,220,0" /><INIT seed="0,2,0,5,5,39" ten="403,250,127,220" oya="0" hai0="72,58,131,81,0,93,40,85,18,96,75,106,108" hai1="109,24,22,77,127,91,30,74,41,119,56,113,34" hai2="38,80,114,32,37,83,7,98,76,103,31,45,110" hai3="129,111,62,8,123,57,126,88,99,97,51,54,134"/><T90/><D0/><U92/><E119/><V116/><F114/><W5/><G111/><T67/><D108/><U3/><E3/><V21/><F110/><W46/><G129/><T15/><D131/><U43/><E109/><V6/><F32/><W9/><G134/><T63/><D40/><N who="1" m="15435" /><E34/><V4/><F37/><W19/><G126/><T135/><D106/><U52/><E74/><V121/><F38/><W28/><G28/><T64/><D64/><U11/><E127/><V87/><F45/><W107/><G123/><T94/><D94/><U50/><E113/><V130/><F130/><W104/><G19/><T42/><D42/><U82/><E77/><V117/><F121/><W68/><G68/><T1/><D1/><U100/><E11/><V12/><F117/><W78/><G78/><T65/><D65/><U128/><E128/><V124/><F124/><W60/><G9/><T105/><D105/><U10/><E10/><V13/><F116/><W133/><G133/><T26/><D135/><U59/><E59/><V48/><F83/><W35/><G35/><T17/><D58/><U102/><E82/><V118/><F118/><W61/><G107/><T115/><D67/><U73/><E73/><V2/><F2/><W27/><G104/><T132/><D72/><U120/><E120/><V71/><F71/><W36/><G36/><T16/><D75/><U29/><E29/><V66/><F66/><W20/><G8/><T89/><D81/><U95/><E95/><V53/><F80/><W101/><G57/><T84/><D93/><U49/><E49/><V55/><F48/><RYUUKYOKU ba="2,0" sc="403,-10,250,30,127,-10,220,-10" hai1="22,24,30,50,52,56,91,92,100,102" /><INIT seed="1,3,0,3,4,118" ten="393,280,117,210" oya="1" hai0="5,30,112,15,90,113,122,82,13,87,32,116,106" hai1="124,88,42,101,83,23,127,131,22,35,85,53,119" hai2="84,49,74,63,33,55,72,67,25,8,129,50,79" hai3="10,68,59,18,61,62,76,132,114,41,81,3,109"/><U77/><E35/><V92/><F74/><W64/><G114/><T39/><D116/><U94/><E119/><V95/><F72/><W125/><G109/><T38/><D122/><U9/><E131/><V14/><F33/><W100/><G125/><N who="1" m="48202" /><E42/><V73/><F73/><W71/><G132/><T48/><D106/><U66/><E66/><V29/><F79/><W69/><G100/><T70/><D70/><U117/><E117/><V51/><F55/><W0/><G41/><T45/><D38/><U108/><E101/><V110/><F110/><W24/><G61/><T56/><D39/><U107/><E107/><V11/><F84/><W2/><G24/><T28/><D56/><U97/><E108/><V105/><F105/><W102/><G102/><T99/><D99/><U6/><E53/><V130/><F130/><W1/><G1/><AGARI ba="3,0" hai="1,6,9,22,23,77,83,85,88,94,97" m="48202" machi="1" ten="30,2900,0" yaku="18,1,54,1" doraHai="118" who="1" fromWho="3" sc="393,0,280,38,117,0,210,-38" /><INIT seed="1,4,0,5,2,16" ten="393,318,117,172" oya="1" hai0="85,96,97,89,66,112,122,7,37,120,50,28,31" hai1="82,126,64,101,131,86,14,53,5,102,69,34,35" hai2="90,80,78,75,73,52,106,108,33,83,119,0,58" hai3="111,22,3,32,95,84,49,48,115,68,47,54,45"/><U56/><E126/><V123/><F0/><W30/><G3/><T134/><D37/><U117/><E131/><V57/><F33/><W104/><G32/><T21/><D134/><U88/><E117/><V55/><F106/><W77/><G104/><T72/><D72/><U62/><E34/><V98/><F119/><W29/><G115/><T39/><D39/><U127/><E35/><V59/><F123/><N who="0" m="47146" /><D7/><U15/><E127/><V103/><F108/><W46/><G68/><T105/><D112/><U92/><E5/><V94/><REACH who="2" step="1"/><F90/><REACH who="2" ten="393,318,107,172" step="2"/><W91/><G111/><T81/><D89/><U26/><E88/><V1/><F1/><W4/><G77/><AGARI ba="4,1" hai="52,55,57,58,59,73,75,77,78,80,83,94,98,103" machi="77" ten="40,5200,0" yaku="1,1,9,1,54,1,53,0" doraHai="16" doraHaiUra="12" who="2" fromWho="3" sc="393,0,318,0,107,74,172,-64" /><INIT seed="2,0,0,5,1,32" ten="393,318,181,108" oya="2" hai0="75,12,134,46,130,113,66,27,127,25,54,96,39" hai1="52,128,13,120,14,93,55,102,61,20,131,5,92" hai2="49,126,33,94,123,105,91,18,2,56,34,63,132" hai3="100,10,38,7,118,86,65,72,74,43,15,40,109"/><V24/><F105/><W85/><G118/><T45/><D134/><U19/><E120/><V69/><F69/><W108/><G100/><T8/><D130/><N who="1" m="49707" /><E102/><V76/><F132/><W106/><G106/><T17/><D127/><U4/><E61/><V88/><F123/><W99/><G99/><T116/><D113/><U98/><E98/><V29/><F76/><W121/><G121/><T97/><D75/><U77/><E77/><V37/><F37/><W9/><G65/><T122/><D122/><U26/><E26/><N who="0" m="9737" /><D39/><U90/><E90/><V21/><F126/><W80/><G38/><T79/><D79/><U41/><E41/><V84/><F49/><W112/><G15/><N who="1" m="5642" /><E19/><V114/><F114/><W124/><G124/><T28/><D116/><U71/><E71/><V70/><F70/><W57/><G112/><T133/><D133/><U73/><E20/><V42/><F42/><W50/><G50/><N who="0" m="29007" /><D66/><U47/><E47/><V62/><F62/><W31/><G57/><T48/><D28/><U58/><E58/><V51/><F51/><W1/><G7/><N who="1" m="2634" /><E73/><V81/><F29/><W83/><REACH who="3" step="1"/><G31/><REACH who="3" ten="393,318,181,98" step="2"/><T36/><D36/><U16/><E16/><V103/><F103/><W67/><G67/><T104/><D104/><U60/><E60/><V95/><F33/><W3/><AGARI ba="0,1" hai="1,3,9,10,40,43,72,74,80,83,85,86,108,109" machi="3" ten="25,12000,2" yaku="1,1,0,1,22,2,52,2,53,0" doraHai="32" doraHaiUra="115" who="3" fromWho="3" sc="393,-30,318,-30,181,-60,98,130" /><INIT seed="3,0,0,1,1,48" ten="363,288,121,228" oya="3" hai0="122,61,11,125,57,21,52,92,93,36,106,42,47" hai1="107,120,116,100,75,128,63,69,7,10,86,25,4" hai2="90,108,54,88,2,82,50,17,84,127,91,124,30" hai3="105,110,0,29,67,76,73,87,41,131,129,38,53"/><W20/><G105/><T94/><D125/><U6/><E120/><V95/><F2/><W24/><G0/><T111/><D111/><U98/><E75/><V45/><F108/><W9/><G110/><T103/><D122/><U132/><E116/><V13/><F30/><W15/><G73/><T80/><D11/><U64/><E128/><N who="3" m="49226" /><G67/><T59/><D21/><U62/><E132/><V22/><F127/><W114/><G114/><T104/><D103/><U5/><E86/><V79/><REACH who="2" step="1"/><F124/><REACH who="2" ten="363,288,111,228" step="2"/><W49/><G38/><T133/><D36/><U113/><E113/><V31/><F31/><W8/><G41/><T117/><D117/><U43/><E43/><V65/><F65/><W119/><G119/><T77/><D42/><U123/><E123/><V83/><F83/><N who="3" m="47591" /><G15/><T109/><D80/><U74/><E64/><V97/><AGARI ba="0,1" hai="13,17,22,45,50,54,79,82,84,88,90,91,95,97" machi="97" ten="20,12000,2" yaku="1,1,0,1,7,1,8,1,52,1,54,1,53,1" doraHai="48" doraHaiUra="16" who="2" fromWho="2" sc="363,-30,288,-30,111,130,228,-60" owari="333,43.0,258,6.0,241,-16.0,168,-33.0" /></mjloggm>