<mjloggm ver="2.3"><GO type="97" lobby="0"/><UN n0="%E3%82%A6%E3%83%AB%E3%83%88%E3%83%A9%E7%AB%8B%E7%9B%B4" n1="%6E%75%63%63%6C%65%6E%65" n2="%E5%9C%9F%E6%B5%A6%E5%BD%A9%E8%8F%9C" n3="%E7%89%8C%E5%AD%90" dan="15,13,13,15" rate="1979.87,1984.82,1920.02,2008.84" sx="M,M,F,M"/><TAIKYOKU oya="0"/><INIT seed="0,0,0,3,0,74" ten="250,250,250,250" oya="0" hai0="43,4,58,38,31,117,134,90,28,50,107,128,131" hai1="119,120,127,129,46,45,66,29,24,80,48,25,1" hai2="73,114,39,125,69,100,44,105,40,23,115,108,98" hai3="93,126,35,76,97,64,16,12,77,92,13,17,106"/><T101/><D117/><U37/><E1/><V88/><F108/><W59/><G35/><T84/><D134/><U62/><E37/><V111/><F111/><W54/><G106/><T57/><D4/><U27/><E120/><V34/><F34/><W71/><G71/><T85/><D38/><U41/><E119/><V33/><F33/><W15/><G64/><T130/><D101/><U60/><E129/><V118/><F118/><W70/><G70/><T133/><D107/><U22/><E127/><V9/><F125/><W20/><G126/><T42/><D133/><U95/><E46/><V65/><F23/><N who="3" m="11711" /><G12/><T21/><D21/><U68/><E62/><V135/><F135/><W47/><G47/><T124/><D124/><U10/><E10/><V63/><F88/><N who="3" m="55431" /><G93/><T99/><D99/><U91/><E80/><V78/><F9/><W19/><G19/><T5/><D128/><U96/><AGARI ba="0,0" hai="22,24,25,27,29,41,45,48,60,66,68,91,95,96" machi="96" ten="20,1500,0" yaku="0,1,7,1" doraHai="74" who="1" fromWho="1" sc="250,-7,250,15,250,-4,250,-4" /><INIT seed="1,0,0,1,2,60" ten="243,265,246,246" oya="1" hai0="132,34,102,90,131,1,78,18,70,118,77,43,120" hai1="37,83,5,109,10,84,130,117,128,24,73,56,12" hai2="8,47,9,116,66,32,135,125,126,30,33,98,74" hai3="11,100,42,41,80,122,50,0,13,46,40,113,67"/><U95/><E37/><V85/><F116/><W108/><G108/><T124/><D43/><U19/><E117/><V58/><F74/><W105/><G122/><T7/><D18/><U97/><E73/><V106/><F135/><W101/><G113/><T35/><D7/><U86/><E109/><V75/><F75/><W27/><G0/><T107/><D90/><U129/><E83/><V110/><F110/><W6/><G80/><T59/><D59/><U36/><E36/><V52/><F47/><W87/><G87/><T61/><D78/><U63/><E24/><N who="2" m="18503" /><F33/><W49/><G27/><T15/><D77/><U17/><E86/><V62/><F85/><W114/><G114/><T91/><D35/><U54/><REACH who="1" step="1"/><E84/><REACH who="1" ten="243,255,246,246" step="2"/><V64/><F98/><W121/><G121/><T53/><D120/><U94/><E94/><V20/><F106/><W23/><G105/><T96/><D118/><U29/><E29/><V81/><F81/><W92/><G92/><T16/><D107/><U76/><E76/><V89/><F89/><AGARI ba="0,1" hai="5,10,12,17,19,54,56,63,89,95,97,128,129,130" machi="89" ten="40,3900,0" yaku="1,1,19,1,53,0" doraHai="60" doraHaiUra="72" who="1" fromWho="2" sc="243,0,255,49,246,-39,246,0" /><INIT seed="1,1,0,3,1,132" ten="243,304,207,246" oya="1" hai0="101,107,31,17,10,89,129,78,26,114,76,62,119" hai1="50,38,125,128,102,24,14,44,42,108,97,8,72" hai2="20,64,112,58,1,6,106,116,60,66,135,9,47" hai3="115,53,49,99,70,36,54,22,0,87,126,61,77"/><U74/><E128/><V82/><F116/><W79/><G115/><T105/><D119/><U81/><E108/><V41/><F112/><W68/><G36/><T5/><D114/><U39/><E24/><V43/><F135/><W46/><G0/><T93/><D129/><U69/><E69/><V103/><F66/><W55/><G99/><T40/><D40/><U30/><E30/><V33/><F33/><W19/><G70/><T98/><D17/><U4/><E74/><V51/><F82/><N who="3" m="47567" /><G68/><T57/><D105/><U21/><E21/><V2/><F20/><W73/><G73/><T25/><D25/><U91/><E72/><V29/><F29/><W34/><G34/><T67/><D89/><U85/><E125/><V3/><REACH who="2" step="1"/><F41/><REACH who="2" ten="243,304,197,246" step="2"/><W111/><G22/><N who="0" m="15831" /><D107/><AGARI ba="1,1" hai="4,8,14,38,39,42,44,50,81,85,91,97,102,107" machi="107" ten="30,1500,0" yaku="7,1" doraHai="132" who="1" fromWho="0" sc="243,-18,304,28,197,0,246,0" /><INIT seed="1,2,0,0,1,26" ten="225,332,197,246" oya="1" hai0="103,113,44,132,49,3,92,18,118,102,115,126,117" hai1="71,95,120,67,32,87,111,48,11,94,75,16,98" hai2="134,64,88,34,121,79,22,99,54,135,81,107,131" hai3="42,62,125,77,108,61,104,56,12,110,53,10,72"/><U114/><E32/><V84/><F121/><W47/><G104/><T91/><D3/><U112/><E75/><V122/><F34/><W78/><G62/><T106/><D18/><U127/><E120/><V27/><F122/><W93/><G93/><T97/><D49/><U9/><E127/><V0/><F0/><W13/><G125/><T66/><D44/><U46/><E111/><N who="3" m="42538" /><G72/><T100/><D66/><U82/><E67/><V85/><F131/><W90/><G90/><T96/><D126/><U7/><E71/><V65/><F54/><W89/><G89/><T2/><D2/><U105/><E105/><V73/><F107/><W20/><G20/><T58/><D58/><U24/><E11/><V130/><F130/><W8/><G8/><T19/><D19/><U21/><E95/><N who="2" m="56807" /><F73/><W80/><G80/><T4/><D4/><U14/><E94/><V133/><F85/><W33/><G33/><T119/><D132/><N who="2" m="33794" /><V52/><DORA hai="36" /><F52/><W86/><G86/><T6/><D6/><U31/><E98/><V30/><AGARI ba="2,0" hai="22,27,30,64,65,79,81,84" m="33794,56807" machi="30" ten="40,5200,0" yaku="20,1,52,1,54,1" doraHai="26,36" who="2" fromWho="2" sc="225,-15,332,-28,197,58,246,-15" /><INIT seed="2,0,0,2,1,95" ten="210,304,255,231" oya="2" hai0="127,103,15,54,23,84,80,48,51,45,50,119,128" hai1="83,93,3,63,4,102,104,36,46,115,76,59,75" hai2="96,39,118,6,7,106,21,61,12,72,68,86,57" hai3="88,18,26,22,41,130,109,2,10,16,114,124,35"/><V134/><F118/><W101/><G41/><T117/><D127/><U0/><E115/><V9/><F72/><W33/><G101/><T20/><D128/><U42/><E104/><V132/><F68/><W69/><G69/><T56/><D117/><U55/><E4/><N who="2" m="3111" /><F39/><W78/><G78/><T65/><D119/><U122/><E122/><V13/><F86/><W82/><G130/><T89/><D103/><U107/><E107/><V85/><F85/><N who="3" m="50231" /><G2/><T110/><D110/><U14/><E14/><V27/><F106/><W135/><G35/><T98/><D98/><U92/><E92/><V113/><F113/><W29/><G114/><T99/><D99/><U37/><E37/><V60/><F96/><W5/><G33/><T67/><D50/><U44/><E44/><V112/><F112/><W17/><G109/><T32/><D32/><U66/><E93/><V77/><F77/><W91/><G124/><T111/><D111/><U47/><E102/><V129/><F129/><W79/><G79/><T70/><D70/><U49/><AGARI ba="0,0" hai="0,3,36,42,46,47,49,55,59,63,66,75,76,83" machi="49" ten="30,1100,0" yaku="0,1" doraHai="95" who="1" fromWho="1" sc="210,-3,304,11,255,-5,231,-3" /><INIT seed="3,0,0,2,2,73" ten="207,315,250,228" oya="3" hai0="11,114,127,105,93,107,39,122,42,22,17,135,2" hai1="115,89,110,44,38,65,109,94,21,134,111,76,102" hai2="29,3,75,14,61,27,123,95,47,26,132,28,10" hai3="98,57,117,104,131,49,126,41,20,45,25,77,53"/><W86/><G117/><T67/><D122/><U79/><E115/><V99/><F123/><W108/><G126/><T83/><D114/><U97/><E134/><V0/><F132/><W40/><G131/><T4/><D127/><U50/><E38/><V60/><F75/><W52/><G108/><T56/><D135/><U85/><E21/><V81/><F81/><N who="3" m="47407" /><G98/><T59/><D93/><U71/><E65/><V120/><F120/><W121/><G104/><T66/><D107/><N who="1" m="63951" /><E71/><V118/><F118/><W19/><G121/><T74/><D105/><U54/><AGARI ba="0,0" hai="44,50,54,76,79,85,89,94,109,110,111" m="63951" machi="54" ten="30,4000,0" yaku="14,1,52,2" doraHai="73" who="1" fromWho="1" sc="207,-10,315,40,250,-10,228,-20" owari="197,-30.0,355,45.0,240,4.0,208,-19.0" /></mjloggm>