<mjloggm ver="2.3"><GO type="169" lobby="0"/><UN n0="%E3%81%8C%E3%81%A1%E3%82%85%E3%81%86" n1="%E3%82%A6%E3%83%AB%E3%83%88%E3%83%A9%E7%AB%8B%E7%9B%B4" n2="%E3%83%AA%E3%83%BC%E3%83%81%EF%BC%91" n3="%E6%A3%92%E8%A7%92" dan="16,17,17,17" rate="2043.72,2049.82,2168.97,2172.70" sx="M,M,M,M"/><TAIKYOKU oya="0"/><INIT seed="0,0,0,5,2,120" ten="250,250,250,250" oya="0" hai0="4,48,95,74,9,52,92,99,70,13,1,60,32" hai1="53,2,26,47,88,17,130,134,42,133,117,127,113" hai2="84,41,122,11,51,126,0,66,31,102,20,100,67" hai3="89,81,131,86,58,94,75,110,39,125,43,83,65"/><T12/><D74/><U91/><E2/><V109/><F122/><W7/><G7/><T87/><D32/><U69/><E69/><V135/><F0/><W107/><G107/><T50/><D87/><U90/><E53/><V79/><F11/><W46/><G125/><T82/><D82/><U56/><E56/><V97/><F126/><W5/><G5/><T123/><D123/><U54/><E54/><V115/><F135/><W76/><G131/><T33/><D33/><U78/><E127/><V98/><F67/><W114/><G114/><T38/><D38/><U45/><E78/><V44/><F66/><W108/><REACH who="3" step="1"/><G83/><REACH who="3" ten="250,250,250,240" step="2"/><T80/><D80/><U22/><E130/><V16/><F115/><W40/><G40/><T77/><D4/><U93/><E113/><V72/><F41/><W6/><G6/><T61/><D1/><U19/><E42/><V57/><F72/><W64/><G64/><T116/><D116/><U96/><E117/><V85/><F79/><W34/><G34/><T15/><D77/><U129/><E129/><V118/><F118/><W25/><G25/><T63/><D70/><U62/><E134/><V121/><F121/><W68/><G68/><T112/><D112/><U104/><E104/><V132/><F132/><W55/><G55/><T28/><D52/><U105/><E105/><V106/><F106/><W23/><G23/><T128/><D128/><U71/><E71/><V3/><F20/><W10/><G10/><T37/><D9/><U29/><E133/><V111/><F3/><W30/><G30/><T49/><D28/><U18/><E62/><AGARI ba="0,1" hai="39,43,46,58,62,65,75,76,81,86,89,94,108,110" machi="62" ten="40,8000,1" yaku="1,1,6,1,52,2,53,1" doraHai="120" doraHaiUra="73" who="3" fromWho="1" sc="250,0,250,-80,250,0,240,90" /><INIT seed="1,0,0,1,5,84" ten="250,170,250,330" oya="1" hai0="76,28,7,53,106,22,0,63,57,19,66,78,75" hai1="11,16,38,69,72,47,103,29,25,10,91,59,121" hai2="24,113,73,35,96,83,65,61,111,89,87,81,49" hai3="135,134,124,130,122,97,1,79,39,104,36,18,60"/><U26/><E69/><V5/><F113/><W126/><G1/><T131/><D106/><U70/><E70/><V125/><F111/><W98/><G122/><T37/><D37/><N who="3" m="14409" /><G79/><T14/><D131/><U17/><E72/><V3/><F125/><N who="3" m="48235" /><G104/><T82/><D76/><U100/><E38/><V118/><F118/><W33/><G33/><T68/><D0/><U107/><E107/><V105/><F73/><W2/><G2/><T15/><D7/><U95/><E47/><V4/><F83/><W23/><G60/><T21/><D28/><U102/><E59/><V62/><F3/><W27/><G130/><T132/><D132/><AGARI ba="0,0" hai="18,23,27,97,98,132,134,135" m="48235,14409" machi="132" ten="40,2600,0" yaku="20,1,18,1" doraHai="84" who="3" fromWho="0" sc="250,-26,170,0,250,0,330,26" /><INIT seed="2,0,0,3,5,113" ten="224,170,250,356" oya="2" hai0="111,78,85,108,5,71,81,57,19,86,107,11,24" hai1="33,54,41,40,48,22,114,2,44,67,61,46,29" hai2="65,56,25,128,4,20,87,42,47,94,1,132,115" hai3="69,49,34,90,16,83,3,109,88,98,82,127,133"/><V45/><F115/><W106/><G3/><T100/><D71/><U103/><E33/><V122/><F122/><W101/><G69/><T60/><D100/><U72/><E72/><V38/><F128/><W62/><G34/><T89/><D107/><U96/><E2/><V95/><F132/><W37/><G37/><T124/><D124/><U92/><E114/><V97/><F47/><W14/><G127/><T26/><D111/><U15/><E46/><V43/><F43/><W121/><G109/><T66/><D19/><U112/><E112/><V110/><F110/><W27/><G27/><T84/><D108/><U52/><E54/><V130/><F130/><W7/><G7/><T131/><D131/><U28/><E28/><V79/><F4/><W75/><G49/><T21/><D21/><U117/><E117/><V126/><F1/><W129/><G62/><T91/><D78/><U135/><E135/><V59/><F126/><W35/><G35/><T18/><D18/><U74/><E74/><V80/><F65/><W123/><G133/><T102/><D102/><U10/><E10/><V63/><F63/><W23/><G129/><T68/><D68/><U70/><E15/><V93/><REACH who="2" step="1"/><F97/><REACH who="2" ten="224,170,240,356" step="2"/><W118/><G123/><T77/><D66/><U105/><E41/><V76/><F76/><W50/><G98/><T125/><D125/><U30/><E40/><V55/><F55/><W73/><G121/><T119/><D77/><U12/><E67/><V8/><F8/><W9/><G9/><T53/><D11/><U13/><E61/><V0/><F0/><W39/><G39/><RYUUKYOKU ba="0,1" sc="224,-10,170,-10,240,30,356,-10" hai2="20,25,38,42,45,56,59,79,80,87,93,94,95" /><INIT seed="2,1,1,3,1,40" ten="214,160,270,346" oya="2" hai0="15,3,2,28,56,60,45,5,21,46,38,65,58" hai1="102,54,128,62,10,120,112,75,16,77,127,85,74" hai2="52,4,71,124,125,88,109,132,44,117,119,9,22" hai3="20,81,80,134,31,30,89,59,23,98,72,131,133"/><V96/><F71/><W103/><G59/><T118/><D118/><U64/><E112/><V51/><F132/><N who="3" m="50795" /><G131/><T129/><D129/><U105/><E128/><V6/><F109/><W91/><G20/><T135/><D135/><U82/><E120/><V100/><F22/><W76/><G81/><T93/><D38/><U97/><E127/><N who="2" m="48715" /><F88/><N who="3" m="33867" /><G23/><T27/><D58/><U11/><E54/><V37/><F37/><W42/><G42/><T121/><D121/><U19/><E11/><V84/><F84/><W130/><G130/><T104/><D104/><AGARI ba="1,1" hai="30,31,72,76,80,98,103,104" m="33867,50795" machi="104" ten="30,2000,0" yaku="20,1,54,1" doraHai="40" who="3" fromWho="0" sc="214,-23,160,0,270,0,346,33" /><INIT seed="3,0,0,4,4,2" ten="191,160,270,379" oya="3" hai0="53,119,112,101,9,118,96,74,19,104,44,76,66" hai1="134,109,7,87,34,126,33,48,14,29,11,18,93" hai2="102,103,105,133,58,92,71,121,27,4,63,12,1" hai3="125,70,21,110,37,69,10,54,107,15,47,3,135"/><W22/><G54/><T8/><D66/><U24/><E126/><V65/><F1/><W61/><G22/><T120/><D120/><U50/><E134/><V100/><F133/><W90/><G107/><T43/><D112/><U28/><E109/><V131/><F121/><W13/><G3/><T94/><D53/><U132/><E132/><V83/><F131/><W79/><G125/><T64/><D64/><U98/><E87/><V41/><F41/><W122/><G110/><T32/><D32/><U95/><E18/><V108/><F108/><W129/><G79/><T124/><D124/><U80/><E80/><V45/><F45/><W56/><G90/><T106/><D106/><U52/><E50/><V39/><F39/><W17/><G129/><T42/><D43/><U81/><E81/><V111/><F111/><W5/><G135/><T0/><D9/><U57/><E98/><V31/><F83/><W82/><G82/><N who="0" m="45335" /><D19/><U84/><E84/><V23/><F71/><W116/><G116/><T130/><D94/><U35/><E35/><V60/><F60/><W16/><G17/><T99/><D99/><U113/><E113/><V86/><F105/><W77/><G77/><T26/><D26/><AGARI ba="0,0" hai="7,11,14,24,26,28,29,33,34,48,52,57,93,95" machi="26" ten="40,5200,0" yaku="9,1,52,1,54,1" doraHai="2" who="1" fromWho="0" sc="191,-52,160,52,270,0,379,0" /><INIT seed="4,0,0,0,4,36" ten="139,212,270,379" oya="0" hai0="77,87,57,0,125,72,116,33,86,20,34,68,107" hai1="31,78,104,106,7,30,66,96,38,29,121,25,110" hai2="109,102,119,135,89,18,16,40,127,42,47,12,61" hai3="39,45,22,117,9,91,129,79,1,114,62,58,14"/><T93/><D68/><U48/><E38/><V49/><F109/><W99/><G117/><T105/><D0/><U88/><E110/><V80/><F119/><W35/><G35/><T70/><D70/><U8/><E78/><V59/><F102/><W94/><G79/><T82/><D116/><U85/><E66/><V81/><F135/><W71/><G71/><T122/><D57/><U134/><E134/><V74/><F127/><W43/><G129/><T97/><D20/><U11/><E11/><V3/><F3/><W37/><G22/><T76/><D33/><U41/><E96/><V124/><F124/><W4/><G114/><T75/><D34/><U55/><E104/><N who="0" m="40009" /><D125/><U83/><E106/><V32/><F32/><W130/><G130/><T123/><D93/><U17/><E7/><V131/><F131/><W26/><G26/><T92/><D92/><U132/><E132/><V95/><F18/><W13/><G37/><T19/><D19/><U100/><E25/><V2/><F2/><W118/><G118/><T113/><D97/><U46/><E17/><V108/><F108/><W23/><G23/><T56/><D56/><U15/><E15/><V27/><F27/><W52/><AGARI ba="0,0" hai="1,4,9,13,14,39,43,45,52,58,62,91,94,99" machi="52" ten="20,5200,0" yaku="0,1,7,1,52,1,54,1" doraHai="36" who="3" fromWho="3" sc="139,-26,212,-13,270,-13,379,52" /><INIT seed="5,0,0,3,1,88" ten="113,199,257,431" oya="1" hai0="66,35,90,56,61,72,30,28,36,112,29,124,105" hai1="89,19,15,118,7,115,123,37,98,33,23,76,111" hai2="99,68,73,122,91,110,59,80,134,1,81,44,114" hai3="62,77,25,95,70,119,97,17,133,102,94,135,132"/><U9/><E37/><V16/><F68/><W26/><G119/><T22/><D36/><U113/><E118/><V53/><F110/><W12/><G77/><T131/><D72/><U108/><E76/><V58/><F1/><W120/><G120/><T46/><D112/><N who="1" m="43083" /><E123/><V0/><F122/><W32/><G32/><T116/><D116/><U104/><E104/><V52/><F0/><W54/><G95/><T96/><D131/><U79/><E79/><V67/><F67/><N who="3" m="41335" /><G54/><T20/><D124/><U24/><E98/><V100/><F134/><W74/><G74/><T8/><D35/><U109/><E89/><V101/><F44/><W4/><G4/><T85/><D8/><AGARI ba="0,0" hai="8,12,17,25,26,94,97,102,132,133,135" m="41335" machi="8" ten="30,2000,0" yaku="20,1,52,1" doraHai="88" who="3" fromWho="0" sc="113,-20,199,0,257,0,431,20" /><INIT seed="6,0,0,1,4,48" ten="93,199,257,451" oya="2" hai0="60,5,96,49,123,2,68,93,126,72,85,20,131" hai1="53,39,133,40,121,46,51,0,120,42,91,83,107" hai2="61,1,9,86,14,76,3,78,114,100,94,8,17" hai3="110,124,122,24,62,50,74,37,89,33,19,81,97"/><V52/><F114/><W7/><G37/><T67/><D123/><N who="1" m="47179" /><E107/><V69/><F69/><W23/><G33/><T119/><D119/><U115/><E0/><V38/><F38/><W70/><G7/><T118/><D118/><U92/><E83/><V98/><F3/><W106/><G106/><T63/><D72/><U87/><E133/><V16/><F86/><W71/><G62/><T56/><D131/><U45/><E115/><V127/><F127/><W41/><G97/><T108/><D108/><U43/><AGARI ba="0,0" hai="39,40,42,43,45,46,51,53,87,91,92" m="47179" machi="43" ten="30,2000,0" yaku="13,1,52,1" doraHai="48" who="1" fromWho="1" sc="93,-5,199,20,257,-10,451,-5" /><INIT seed="7,0,0,1,1,112" ten="88,219,247,446" oya="3" hai0="79,0,44,23,88,100,1,53,99,118,33,131,116" hai1="75,92,40,19,4,90,11,13,108,21,86,87,104" hai2="26,97,5,18,48,60,17,128,102,91,42,7,103" hai3="65,126,15,2,3,68,34,81,105,123,134,22,61"/><W46/><G22/><T96/><D33/><U80/><E104/><V45/><F128/><W94/><G15/><T59/><D79/><U121/><E121/><V133/><F133/><W127/><G94/><T9/><D131/><U49/><E75/><V111/><F111/><W35/><G81/><T14/><D44/><U120/><E120/><V62/><F91/><W36/><G105/><T55/><D23/><U64/><E64/><V27/><F97/><W78/><G78/><T122/><D122/><U38/><E38/><V16/><F60/><W29/><G35/><T37/><D37/><U32/><E32/><V67/><F67/><W107/><G107/><T6/><D14/><U125/><E125/><V39/><F62/><W117/><G134/><T93/><D1/><U10/><E108/><V113/><F39/><W51/><G51/><T12/><D0/><U101/><E101/><N who="2" m="38411" /><F113/><W58/><G61/><T63/><D55/><U77/><E4/><AGARI ba="0,0" hai="4,5,7,16,17,18,26,27,42,45,48" m="38411" machi="4" ten="30,2000,0" yaku="8,1,54,1" doraHai="112" who="2" fromWho="1" sc="88,0,219,-20,247,20,446,0" owari="88,-41.0,199,-20.0,267,7.0,446,54.0" /></mjloggm>