<mjloggm ver="2.3"><GO type="169" lobby="0"/><UN n0="%E3%82%A6%E3%83%AB%E3%83%88%E3%83%A9%E7%AB%8B%E7%9B%B4" n1="%E2%97%87%E8%88%AA%E6%B4%8B%E2%97%86" n2="%E3%83%BB%E6%AD%8C%E8%88%9E%E4%BC%8E%E7%94%BA%E3%83%BB" n3="%E9%BA%BB%E9%9B%80%E6%88%A6%E5%A3%AB%E2%98%86%E3%81%AA%E3%81%AE%E3%81%AF" dan="17,16,16,16" rate="2047.62,2081.89,2119.83,2061.86" sx="M,M,M,F"/><TAIKYOKU oya="0"/><INIT seed="0,0,0,5,2,47" ten="250,250,250,250" oya="0" hai0="77,102,105,129,116,68,123,7,0,64,28,5,44" hai1="34,41,76,63,1,46,73,71,88,58,113,78,11" hai2="49,43,72,128,45,130,100,16,109,83,70,126,101" hai3="56,79,18,13,60,9,119,22,134,55,89,133,131"/><T53/><D123/><U37/><E113/><V32/><F109/><W30/><G119/><T125/><D116/><U54/><E34/><V95/><F32/><W74/><G131/><N who="2" m="50217" /><F70/><W97/><G79/><T2/><D64/><U15/><E1/><V35/><F35/><W42/><G74/><T108/><D68/><U99/><E73/><V17/><F126/><W84/><G42/><T75/><D77/><U80/><E71/><V96/><F101/><W65/><G65/><T40/><D102/><U127/><E127/><V132/><F132/><W25/><REACH who="3" step="1"/><G97/><REACH who="3" ten="250,250,250,240" step="2"/><T92/><D75/><U33/><E99/><V61/><F61/><W19/><G19/><T10/><D125/><U87/><REACH who="1" step="1"/><E33/><REACH who="1" ten="250,240,250,240" step="2"/><V23/><F23/><W120/><G120/><T57/><D129/><U86/><E86/><V85/><F72/><W90/><G90/><AGARI ba="0,2" hai="16,17,43,45,49,83,85,90,95,96,100" m="50217" machi="90" ten="30,3900,0" yaku="19,1,52,1,54,1" doraHai="47" who="2" fromWho="3" sc="250,0,240,0,250,59,240,-39" /><INIT seed="1,0,0,4,5,9" ten="250,240,309,201" oya="1" hai0="0,8,18,120,107,57,109,133,83,33,14,5,130" hai1="132,102,126,81,129,12,104,50,101,46,116,43,99" hai2="122,53,41,52,106,117,113,131,80,34,70,94,78" hai3="119,54,90,38,135,47,13,29,115,61,35,30,123"/><U23/><E116/><V55/><F106/><W45/><G123/><T63/><D107/><U62/><E102/><V10/><F117/><W48/><G119/><T91/><D120/><U134/><E126/><V37/><F34/><W69/><G135/><N who="1" m="51754" /><E129/><V65/><F122/><W76/><G115/><T16/><D133/><U25/><E62/><V89/><F113/><W96/><G76/><T17/><D130/><U72/><E72/><V73/><F131/><W103/><G35/><T105/><D105/><U79/><E81/><V86/><F10/><W36/><G90/><T64/><D33/><U32/><E32/><V44/><REACH who="2" step="1"/><F65/><REACH who="2" ten="250,240,299,201" step="2"/><W124/><G124/><T58/><D109/><U88/><E104/><V6/><F6/><W82/><G38/><T125/><D125/><U112/><E112/><V110/><F110/><W15/><G36/><T40/><D0/><U2/><E2/><V49/><F49/><W22/><G48/><T98/><D5/><U128/><E128/><V42/><F42/><W7/><G7/><T3/><D3/><U87/><E50/><V111/><F111/><W121/><G121/><T100/><D40/><U56/><E43/><V127/><F127/><W108/><G108/><T66/><D66/><U21/><E21/><V118/><F118/><W24/><G22/><T20/><D20/><U85/><E23/><V4/><F4/><W92/><G29/><T27/><D64/><U31/><E31/><V95/><F95/><W97/><G92/><N who="0" m="58439" /><D63/><U68/><E101/><V67/><F67/><W11/><G103/><T93/><D93/><U39/><E39/><RYUUKYOKU ba="0,1" sc="250,-10,240,-10,299,30,201,-10" hai2="37,41,44,52,53,55,70,73,78,80,86,89,94" /><INIT seed="2,1,1,4,3,135" ten="240,230,329,191" oya="2" hai0="7,90,47,112,62,41,119,3,2,37,21,96,111" hai1="107,51,39,11,103,50,78,66,56,29,116,113,79" hai2="109,65,131,117,33,57,15,8,99,110,120,94,92" hai3="124,1,130,68,85,126,16,27,45,88,9,48,118"/><V101/><F33/><W133/><G68/><T10/><D112/><U93/><E107/><V108/><F120/><W82/><G118/><T32/><D32/><U91/><E113/><V59/><F117/><W0/><G133/><T31/><D119/><U54/><E39/><V87/><F131/><W17/><G130/><T69/><D111/><U122/><E116/><V28/><F28/><W42/><G27/><T43/><D43/><U60/><E103/><V100/><F65/><W128/><G128/><T63/><D69/><U22/><E11/><V18/><REACH who="2" step="1"/><F87/><REACH who="2" ten="240,230,319,191" step="2"/><W80/><G80/><T114/><D114/><U13/><E122/><V19/><F19/><W95/><G82/><T129/><D129/><U72/><E72/><V34/><F34/><W25/><G17/><T46/><D31/><U5/><E29/><V132/><F132/><W61/><G61/><T98/><D63/><U125/><E66/><V134/><F134/><W53/><G42/><T121/><D62/><U106/><E60/><V52/><F52/><W105/><G105/><T64/><D64/><U81/><E106/><V49/><F49/><W20/><REACH who="3" step="1"/><G9/><REACH who="3" ten="240,230,319,181" step="2"/><T123/><D10/><U58/><E81/><V74/><F74/><W70/><G70/><T36/><D41/><U89/><E5/><V40/><F40/><W102/><G102/><T26/><D7/><U104/><E104/><V71/><F71/><W35/><G35/><T83/><D83/><U67/><E67/><V14/><F14/><W75/><G75/><T73/><D73/><U97/><E13/><V55/><F55/><W115/><G115/><RYUUKYOKU ba="1,3" sc="240,-15,230,-15,319,15,181,15" hai2="8,15,18,57,59,92,94,99,100,101,108,109,110" hai3="0,1,16,20,25,45,48,53,85,88,95,124,126" /><INIT seed="2,2,3,5,2,13" ten="225,215,334,196" oya="2" hai0="10,119,64,72,15,132,40,27,108,90,6,24,0" hai1="7,125,95,38,117,112,25,8,49,59,48,121,109" hai2="45,57,31,107,75,19,55,71,53,5,58,118,12" hai3="115,120,123,23,66,99,51,42,1,35,32,28,79"/><V92/><F107/><W62/><G1/><T36/><D119/><U104/><E112/><V85/><F75/><W98/><G115/><T43/><D72/><U30/><E117/><V21/><F71/><W113/><G113/><T17/><D64/><U50/><E104/><V14/><F118/><W127/><G79/><T103/><D103/><U52/><E38/><V97/><F85/><W129/><G129/><T54/><D36/><U82/><E109/><V70/><F31/><W78/><G78/><T91/><D0/><U77/><E125/><V37/><F70/><W34/><G127/><T41/><D132/><U134/><E95/><V94/><F94/><W39/><G39/><T87/><D108/><U111/><E134/><V29/><F29/><W73/><G73/><T47/><D6/><U128/><E121/><V56/><F37/><W126/><G126/><T4/><D4/><U89/><E128/><V44/><F12/><W60/><G123/><T135/><D135/><U130/><E130/><V2/><F5/><W100/><G120/><T110/><D90/><U63/><E77/><V67/><F67/><W80/><G80/><N who="0" m="49639" /><D110/><U76/><E76/><V114/><F2/><W61/><G66/><T9/><D9/><U65/><E111/><V81/><F81/><W69/><G100/><T46/><D46/><N who="2" m="18026" /><F114/><W16/><G28/><T93/><D93/><U101/><E101/><AGARI ba="2,3" hai="14,19,21,53,55,56,57,58,92,97,101" m="18026" machi="101" ten="30,2900,0" yaku="8,1,52,1" doraHai="13" who="2" fromWho="1" sc="225,0,215,-35,334,65,196,0" /><INIT seed="2,3,0,1,1,45" ten="225,180,399,196" oya="2" hai0="11,76,106,107,38,58,78,85,98,116,33,99,70" hai1="108,64,96,13,0,92,29,132,6,65,121,56,59" hai2="100,67,1,118,103,69,39,37,63,84,130,88,34" hai3="22,53,50,23,17,134,18,15,80,10,133,127,75"/><V21/><F34/><W89/><G127/><T101/><D38/><U135/><E0/><V86/><F118/><W25/><G23/><T12/><D70/><U41/><E29/><V124/><F1/><W32/><G32/><T68/><D68/><U97/><E108/><V93/><F124/><W112/><G112/><T40/><D33/><U83/><E83/><V9/><F130/><W91/><G75/><T54/><D40/><U122/><E41/><V111/><F111/><W26/><G26/><T82/><D116/><U115/><E13/><V120/><F120/><N who="1" m="46185" /><E6/><V51/><F9/><W79/><G79/><T44/><D44/><U87/><E87/><V71/><F71/><W104/><G104/><T52/><D78/><U47/><E47/><V61/><F84/><N who="3" m="50311" /><G91/><T66/><D106/><U105/><E105/><V81/><F81/><W117/><G117/><T19/><REACH who="0" step="1"/><D98/><REACH who="0" ten="215,180,399,196" step="2"/><N who="1" m="37995" /><E115/><V57/><F69/><W30/><G134/><N who="1" m="51242" /><E92/><V95/><F93/><W7/><G133/><T73/><D73/><U60/><E60/><AGARI ba="3,1" hai="11,12,19,52,54,58,60,66,76,82,85,99,101,107" machi="60" ten="40,2600,0" yaku="1,1,54,1,53,0" doraHai="45" doraHaiUra="128" who="0" fromWho="1" sc="215,45,180,-35,399,0,196,0" /><INIT seed="3,0,0,3,0,33" ten="260,145,399,196" oya="3" hai0="77,25,57,76,73,24,53,62,52,45,85,86,91" hai1="31,68,103,30,105,17,26,104,89,75,43,54,29" hai2="1,16,20,74,9,64,94,134,117,119,46,131,124" hai3="10,93,96,101,107,63,92,15,39,51,5,120,60"/><W87/><G39/><T61/><D73/><U129/><E75/><V23/><F74/><W95/><G120/><T69/><D69/><U22/><E68/><V47/><F64/><W113/><G113/><T78/><D86/><U116/><E43/><V44/><F134/><W80/><REACH who="3" step="1"/><G51/><REACH who="3" ten="260,145,399,186" step="2"/><N who="0" m="28783" /><D62/><U32/><E116/><V3/><F119/><W82/><G82/><AGARI ba="0,1" hai="24,25,53,57,61,76,77,78,82,85,91" m="28783" machi="82" ten="30,2000,0" yaku="8,1,54,1" doraHai="33" who="0" fromWho="3" sc="260,30,145,0,399,0,186,-20" /><INIT seed="4,0,0,4,2,4" ten="290,145,399,166" oya="0" hai0="71,132,77,17,107,26,81,45,116,73,57,74,50" hai1="103,86,60,59,118,23,117,97,92,20,120,55,28" hai2="128,13,31,62,102,19,106,65,125,40,33,58,95" hai3="30,110,16,96,56,89,67,38,109,63,130,9,124"/><T91/><D71/><U78/><E120/><V14/><F106/><W41/><G130/><T75/><D116/><U44/><E117/><V15/><F128/><W114/><G30/><T68/><D68/><U99/><E118/><V24/><F125/><W10/><G124/><T11/><D107/><U76/><E97/><V104/><F104/><W12/><G114/><T34/><D132/><U126/><E126/><V46/><F102/><W115/><G115/><T131/><D131/><U101/><E101/><V85/><F95/><W129/><G129/><T64/><D91/><U35/><E35/><V123/><F85/><W82/><G41/><T79/><D34/><U39/><E86/><V100/><F100/><W113/><G38/><T18/><D18/><U3/><E3/><V27/><F27/><W105/><G113/><T54/><D79/><U84/><E39/><V6/><F6/><W133/><G133/><T61/><REACH who="0" step="1"/><D26/><REACH who="0" ten="280,145,399,166" step="2"/><U119/><E119/><V88/><F88/><W80/><G105/><T83/><D83/><N who="3" m="31785" /><G110/><T134/><D134/><U25/><E76/><V66/><F123/><W135/><G135/><T69/><D69/><U5/><E78/><V90/><F90/><W21/><G109/><T48/><D48/><N who="1" m="29063" /><E84/><V70/><F70/><W112/><G112/><T51/><D51/><U1/><E25/><V111/><F111/><W42/><G42/><T72/><D72/><U108/><E108/><V36/><F19/><W122/><G122/><T53/><D53/><N who="1" m="33903" /><E28/><V87/><F87/><W43/><G43/><T93/><D93/><AGARI ba="0,1" hai="9,10,12,16,21,56,63,67,89,93,96" m="31785" machi="93" ten="30,7700,0" yaku="8,1,52,2,54,1" doraHai="4" who="3" fromWho="0" sc="280,-77,145,0,399,0,166,87" /><INIT seed="5,0,0,2,3,113" ten="203,145,399,253" oya="1" hai0="133,98,52,132,29,13,20,81,70,17,6,130,4" hai1="83,87,125,99,11,89,134,80,120,58,104,68,102" hai2="53,106,75,9,107,57,5,40,72,108,114,64,85" hai3="76,26,10,56,67,82,94,126,78,47,50,8,54"/><U3/><E68/><V129/><F108/><W42/><G126/><T16/><D70/><U30/><E120/><V128/><F64/><W92/><G67/><T73/><D29/><U23/><E125/><V37/><F85/><W100/><G26/><T60/><D98/><U14/><E3/><V34/><F34/><W7/><G100/><T69/><D69/><U66/><E134/><N who="0" m="51817" /><D130/><N who="2" m="50282" /><F40/><W124/><G124/><T12/><D81/><U93/><E23/><V43/><F43/><W90/><G90/><T15/><D73/><N who="2" m="28234" /><F37/><W101/><G101/><T27/><D60/><N who="1" m="38167" /><E104/><V22/><F22/><W111/><G111/><T21/><D52/><U0/><E0/><N who="2" m="167" /><F114/><W48/><G10/><T24/><AGARI ba="0,0" hai="4,6,12,13,15,16,17,20,21,24,27" m="51817" machi="24" ten="30,7900,0" yaku="20,1,34,2,54,1" doraHai="113" who="0" fromWho="0" sc="203,79,145,-39,399,-20,253,-20" /><INIT seed="6,0,0,0,5,95" ten="282,106,379,233" oya="2" hai0="66,79,114,127,129,58,101,27,7,124,65,17,80" hai1="59,103,84,35,61,117,14,99,60,107,77,28,13" hai2="94,116,6,119,64,104,45,91,132,123,72,110,48" hai3="37,75,52,20,34,32,108,96,120,43,106,23,112"/><V42/><F123/><W11/><G120/><T90/><D7/><U26/><E117/><V67/><F104/><W62/><G75/><T53/><D90/><U55/><E77/><V50/><F72/><W49/><G108/><T38/><D38/><U128/><E128/><V82/><F82/><W39/><G112/><T44/><D44/><U87/><E13/><V12/><F110/><W126/><G126/><T111/><D111/><U86/><E14/><V78/><F78/><W57/><G11/><T24/><D114/><U131/><E131/><V85/><F132/><W89/><G23/><T5/><D5/><U88/><REACH who="1" step="1"/><E61/><REACH who="1" ten="282,96,379,233" step="2"/><V102/><F119/><W125/><G62/><T109/><D129/><U25/><E25/><V4/><F116/><W47/><G125/><T93/><D27/><U70/><E70/><V69/><F69/><W29/><G39/><T1/><D109/><U2/><E2/><V130/><F130/><W122/><G122/><T54/><D1/><U81/><AGARI ba="0,1" hai="26,28,35,55,59,60,81,84,86,87,88,99,103,107" machi="81" ten="20,8000,1" yaku="1,1,0,1,7,1,52,1,54,1,53,0" doraHai="95" doraHaiUra="9" who="1" fromWho="1" sc="282,-20,96,90,379,-40,233,-20" /><INIT seed="7,0,0,2,3,124" ten="262,186,339,213" oya="3" hai0="104,97,90,100,24,52,18,81,12,68,57,38,79" hai1="106,110,22,131,119,99,107,117,114,89,8,61,94" hai2="7,134,93,20,85,78,98,95,62,108,37,83,132" hai3="23,101,6,19,103,58,77,133,27,67,31,35,41"/><W102/><G133/><N who="2" m="51305" /><F37/><W26/><G41/><T5/><D68/><U129/><E110/><V135/><F108/><W11/><G77/><T21/><D38/><U82/><E114/><V111/><F111/><W125/><G125/><T63/><D5/><U29/><E8/><V36/><F36/><W121/><G121/><T84/><D12/><U14/><E61/><V9/><F135/><W92/><G67/><T50/><D50/><U87/><E29/><V66/><F20/><W113/><G113/><T76/><AGARI ba="0,0" hai="18,21,24,52,57,63,76,79,81,84,90,97,100,104" machi="76" ten="30,2000,0" yaku="0,1,54,1" doraHai="124" who="0" fromWho="0" sc="262,20,186,-5,339,-5,213,-10" owari="282,8.0,181,-32.0,334,44.0,203,-20.0" /></mjloggm>