<mjloggm ver="2.3"><GO type="225" lobby="0"/><UN n0="%E3%82%B4%E3%83%9F%E3%83%84%E3%83%A2" n1="%E3%81%84%E3%82%82%E3%82%8A" n2="%E3%83%AD%E3%83%AA%E3%83%BC%E3%82%BF%E3%81%AA%E7%84%BC%E8%82%89" n3="%E3%82%A6%E3%83%AB%E3%83%88%E3%83%A9%E7%AB%8B%E7%9B%B4" dan="17,16,17,16" rate="2159.43,2161.14,2217.35,2040.92" sx="M,M,F,M"/><TAIKYOKU oya="0"/><INIT seed="0,0,0,0,2,119" ten="250,250,250,250" oya="0" hai0="82,4,54,50,49,55,61,110,73,45,116,57,26" hai1="39,109,118,6,22,66,37,124,59,28,29,77,63" hai2="134,60,88,34,90,56,72,101,17,25,84,102,75" hai3="3,5,106,112,32,104,27,97,103,120,52,111,85"/><T12/><D116/><U83/><E118/><V108/><F108/><W47/><G5/><T20/><D110/><U129/><E109/><V117/><F117/><W65/><G3/><T64/><D73/><U14/><E129/><V130/><F130/><W127/><G111/><T123/><D123/><U128/><E128/><V41/><F41/><W80/><G112/><T68/><D82/><U76/><E76/><V69/><F69/><W125/><G65/><T1/><D1/><U42/><E42/><V33/><F134/><W114/><G114/><T94/><D94/><U92/><E92/><V13/><F72/><W46/><G106/><T53/><D4/><U107/><E107/><V78/><F75/><W93/><G104/><T18/><D26/><U98/><E98/><V133/><F133/><W10/><G10/><T115/><D115/><U0/><E0/><V67/><F78/><W15/><G15/><T126/><D126/><N who="3" m="48137" /><G32/><T44/><REACH who="0" step="1"/><D55/><REACH who="0" ten="240,250,250,250" step="2"/><U74/><E6/><V31/><F33/><W58/><G27/><T122/><D122/><U35/><E124/><V79/><F79/><N who="3" m="46239" /><G120/><T8/><D8/><U30/><E35/><V132/><F132/><W70/><G70/><AGARI ba="0,1" hai="12,18,20,44,45,49,50,53,54,57,61,64,68,70" machi="70" ten="40,12000,1" yaku="1,1,9,1,53,2" doraHai="119" doraHaiUra="40" who="0" fromWho="3" sc="240,130,250,0,250,0,250,-120" /><INIT seed="0,1,0,0,1,109" ten="370,250,250,130" oya="0" hai0="47,105,118,40,50,18,121,52,54,101,99,14,38" hai1="76,90,97,49,75,34,113,45,43,37,15,62,117" hai2="2,10,17,24,6,35,3,83,61,25,59,53,56" hai3="135,65,9,44,67,7,57,133,96,69,8,129,104"/><T88/><D121/><U127/><E34/><V122/><F122/><W63/><G129/><T119/><D54/><U5/><E117/><V46/><F46/><W21/><G21/><T110/><D110/><U111/><E75/><V13/><F83/><W48/><G104/><T93/><D38/><U11/><E111/><V28/><F59/><W80/><G96/><T33/><D33/><U36/><E76/><V115/><F115/><W102/><G102/><T72/><D72/><U125/><E62/><V0/><REACH who="2" step="1"/><F25/><REACH who="2" ten="370,250,240,130" step="2"/><W23/><G80/><T39/><D39/><U51/><E113/><V85/><F85/><W73/><G57/><T12/><D40/><U91/><E37/><V87/><F87/><W32/><G73/><T106/><D119/><U120/><E120/><V89/><F89/><W108/><G44/><T71/><D118/><U114/><E114/><V68/><F68/><W64/><G69/><T103/><D71/><U55/><E36/><V4/><AGARI ba="1,1" hai="0,2,3,4,6,10,13,17,24,28,35,53,56,61" machi="4" ten="40,2700,0" yaku="1,1,0,1,53,0" doraHai="109" doraHaiUra="107" who="2" fromWho="2" sc="370,-14,250,-8,240,40,130,-8" /><INIT seed="1,0,0,0,4,27" ten="356,242,280,122" oya="1" hai0="49,91,66,117,57,108,34,127,18,74,132,105,29" hai1="112,2,128,95,102,101,59,32,78,38,129,35,94" hai2="11,86,41,135,26,46,21,120,17,52,8,122,4" hai3="71,43,83,116,28,65,107,63,111,12,53,62,22"/><U6/><E38/><V99/><F135/><W10/><G111/><T79/><D132/><U100/><E2/><V14/><F99/><W9/><G107/><T88/><D117/><U15/><E78/><V58/><F86/><W23/><G116/><T119/><D119/><U113/><E6/><V110/><F110/><W44/><G83/><T82/><D105/><U40/><E40/><V45/><F11/><W115/><G115/><N who="1" m="44106" /><E15/><V24/><F24/><W98/><G98/><T126/><D108/><U39/><E59/><V61/><REACH who="2" step="1"/><F46/><REACH who="2" ten="356,242,270,122" step="2"/><W77/><G44/><T97/><D97/><U130/><E130/><V7/><F7/><W47/><G10/><T20/><D127/><U124/><E124/><V125/><F125/><W90/><G9/><T68/><D126/><U87/><E87/><V121/><F121/><W48/><G47/><T75/><D74/><U104/><E104/><V72/><F72/><W70/><G77/><T80/><D75/><U123/><E123/><V114/><F114/><W33/><G90/><T64/><D79/><U118/><E118/><V56/><F56/><W103/><G70/><T60/><D57/><U36/><E129/><V1/><F1/><W0/><G71/><T73/><D73/><U5/><E5/><V50/><AGARI ba="0,1" hai="4,8,14,17,21,26,41,45,50,52,58,61,120,122" machi="50" ten="20,5200,0" yaku="1,1,0,1,7,1,54,1,53,0" doraHai="27" doraHaiUra="106" who="2" fromWho="2" sc="356,-13,242,-26,270,62,122,-13" /><INIT seed="2,0,0,5,5,13" ten="343,216,332,109" oya="2" hai0="116,17,133,33,58,28,129,0,3,111,105,30,27" hai1="126,38,130,7,78,114,49,117,131,99,72,1,77" hai2="135,93,89,22,97,50,60,10,103,127,14,41,102" hai3="96,80,45,35,51,47,63,125,4,9,52,88,59"/><V65/><F135/><W92/><G35/><T23/><D105/><U34/><E38/><V55/><F127/><W101/><G125/><T83/><D116/><U71/><E126/><V106/><F41/><W39/><G39/><T122/><D122/><U31/><E71/><V84/><F22/><W74/><G74/><T107/><D107/><U24/><E117/><V48/><F103/><W82/><G101/><T81/><D133/><U118/><E118/><V44/><F48/><W134/><G47/><T25/><D129/><U94/><E49/><V123/><F123/><W5/><G134/><T124/><D124/><U90/><E114/><V70/><F106/><W53/><REACH who="3" step="1"/><G5/><REACH who="3" ten="343,216,332,99" step="2"/><T132/><D132/><U112/><E72/><V85/><F102/><W87/><G87/><T110/><D111/><U29/><E131/><V67/><F67/><W36/><G36/><T113/><D110/><U69/><E130/><V16/><AGARI ba="0,1" hai="10,14,16,44,50,55,60,65,70,84,85,89,93,97" machi="16" ten="20,7800,0" yaku="0,1,7,1,52,1,54,1" doraHai="13" who="2" fromWho="2" sc="343,-26,216,-26,332,88,99,-26" /><INIT seed="2,1,0,2,3,102" ten="317,190,420,73" oya="2" hai0="77,53,94,46,111,74,63,8,26,37,71,51,113" hai1="60,19,68,81,44,97,42,125,35,124,121,108,96" hai2="70,86,18,88,87,118,116,129,13,119,0,27,109" hai3="80,106,38,83,101,9,61,130,126,3,12,123,104"/><V66/><F0/><W100/><G3/><T48/><D113/><U99/><E35/><V34/><F109/><W76/><G38/><T14/><D111/><U49/><E108/><V23/><F129/><W89/><G61/><T47/><D37/><U20/><E121/><V105/><F105/><N who="3" m="40555" /><G12/><T72/><D77/><U11/><E81/><V91/><F13/><W56/><G56/><T52/><D26/><U40/><E11/><V31/><F70/><W132/><G9/><T17/><REACH who="0" step="1"/><D94/><REACH who="0" ten="307,190,420,73" step="2"/><U128/><E128/><V43/><F27/><W16/><G130/><T90/><D90/><U115/><E115/><V65/><F88/><W120/><G126/><T15/><D15/><N who="1" m="9343" /><E124/><V79/><F91/><W29/><G132/><T69/><D69/><U6/><E68/><V7/><F79/><W131/><G131/><T36/><D36/><U4/><E125/><V54/><F118/><W117/><G117/><T2/><D2/><U93/><E93/><V59/><F119/><W98/><G29/><T73/><D73/><U57/><E6/><V39/><F116/><W5/><G5/><T22/><D22/><U21/><E21/><V84/><F23/><W58/><G16/><T10/><D10/><U24/><E4/><V85/><F18/><W67/><G120/><T41/><D41/><N who="1" m="24719" /><E24/><V110/><F43/><W75/><G123/><T92/><D92/><U103/><E103/><V28/><F7/><W127/><G127/><T33/><D33/><U133/><E133/><V78/><F34/><W134/><G134/><T45/><D45/><U55/><AGARI ba="1,1" hai="40,42,55,57,60,96,97,99" m="24719,9343" machi="55" ten="30,1100,0" yaku="8,1" doraHai="102" who="1" fromWho="1" sc="307,-4,190,24,420,-6,73,-4" /><INIT seed="3,0,0,2,1,72" ten="303,214,414,69" oya="3" hai0="21,22,76,62,84,77,56,39,28,130,112,81,31" hai1="95,88,14,52,12,73,37,122,57,29,83,10,94" hai2="53,90,15,115,108,116,13,23,111,7,104,93,60" hai3="33,8,96,45,123,103,19,128,129,54,1,44,59"/><W78/><G33/><T64/><D130/><N who="3" m="50281" /><G123/><T85/><D112/><U114/><E37/><V46/><F104/><N who="3" m="63591" /><G19/><T51/><D39/><U38/><E38/><V34/><F34/><W17/><G17/><T68/><D68/><U101/><E122/><V75/><F7/><N who="3" m="1135" /><G78/><N who="0" m="30315" /><D51/><AGARI ba="0,0" hai="44,45,51,54,59" m="1135,63591,50281" machi="51" ten="30,1500,0" yaku="19,1" doraHai="72" who="3" fromWho="0" sc="303,-15,214,0,414,0,69,15" /><INIT seed="3,1,0,1,4,86" ten="288,214,414,84" oya="3" hai0="106,70,50,132,75,110,13,29,61,36,74,101,57" hai1="85,124,17,47,24,111,123,83,45,39,96,12,32" hai2="64,92,53,0,135,128,114,134,103,88,79,42,116" hai3="63,67,104,108,55,22,38,117,16,2,71,121,76"/><W94/><G104/><T3/><D36/><U127/><E123/><V87/><F0/><W9/><G121/><T113/><D113/><U80/><E80/><V119/><F64/><W43/><G117/><T14/><D3/><U11/><E96/><V107/><F42/><W91/><G108/><T8/><D110/><U98/><E98/><N who="2" m="61943" /><F53/><W19/><G76/><T10/><D132/><N who="2" m="50730" /><F128/><W109/><G109/><T69/><D29/><U100/><E100/><V95/><F79/><W68/><G68/><T51/><D57/><U105/><E105/><V130/><F130/><W84/><G55/><T78/><D106/><U41/><E47/><V73/><F73/><W81/><G81/><T129/><D78/><U15/><E15/><V21/><F21/><W18/><G43/><T48/><D129/><U30/><REACH who="1" step="1"/><E111/><REACH who="1" ten="288,204,414,84" step="2"/><V60/><F114/><W89/><G38/><T31/><D101/><U25/><E25/><V49/><F95/><W115/><G115/><T97/><D97/><U34/><E34/><V28/><F92/><W102/><G102/><T82/><D82/><U37/><E37/><V126/><F119/><W112/><G112/><T35/><D35/><U5/><E5/><V118/><F116/><W4/><REACH who="3" step="1"/><G91/><AGARI ba="1,1" hai="11,12,17,24,30,32,39,41,45,83,85,91,124,127" machi="91" ten="40,2600,0" yaku="1,1,52,1,53,0" doraHai="86" doraHaiUra="59" who="1" fromWho="3" sc="288,0,204,39,414,0,84,-29" owari="288,9.0,243,-16.0,414,51.0,55,-44.0" /></mjloggm>