<mjloggm ver="2.3"><GO type="97" lobby="0"/><UN n0="%E3%82%82%E3%81%A3%E3%81%91%E3%82%89" n1="%E3%82%A6%E3%83%AB%E3%83%88%E3%83%A9%E7%AB%8B%E7%9B%B4" n2="%E3%81%84%E3%82%93%E3%81%B1%E3%82%89" n3="%E3%81%AA%E3%82%93%E3%81%9E%E3%81%AB%E3%82%83%E3%82%93" dan="14,16,13,14" rate="1932.53,1993.89,1890.88,1946.20" sx="M,M,M,M"/><TAIKYOKU oya="0"/><INIT seed="0,0,0,1,3,27" ten="250,250,250,250" oya="0" hai0="51,126,37,124,78,25,94,63,10,26,61,58,60" hai1="36,79,120,85,64,134,45,18,135,108,53,133,52" hai2="33,31,76,103,41,39,104,128,129,24,43,91,62" hai3="112,32,70,56,95,121,123,110,69,82,54,73,35"/><T0/><D37/><U14/><E120/><N who="3" m="46154" /><G112/><T46/><D78/><U83/><E108/><V6/><F6/><W12/><G110/><T86/><D86/><U130/><E130/><N who="2" m="50283" /><F62/><N who="0" m="24170" /><D94/><U40/><REACH who="1" step="1"/><E64/><REACH who="1" ten="250,240,250,250" step="2"/><V127/><F127/><N who="0" m="48682" /><D0/><U89/><E89/><V9/><F91/><W96/><G69/><T21/><D10/><AGARI ba="0,1" hai="10,14,18,36,40,45,52,53,79,83,85,133,134,135" machi="10" ten="40,8000,1" yaku="1,1,20,1,54,1,53,1" doraHai="27" doraHaiUra="15" who="1" fromWho="0" sc="250,-80,240,90,250,0,250,0" /><INIT seed="1,0,0,0,3,10" ten="170,330,250,250" oya="1" hai0="50,29,134,132,104,124,66,96,36,92,133,38,110" hai1="85,117,43,95,118,109,97,63,101,61,55,16,122" hai2="27,112,41,73,129,68,8,76,84,120,81,6,71" hai3="128,40,130,30,72,12,114,48,98,116,100,90,19"/><U83/><E122/><V121/><F112/><W67/><G114/><T107/><D66/><U78/><E109/><V24/><F129/><N who="3" m="49771" /><G72/><T3/><D3/><U93/><E43/><V103/><F121/><W80/><G67/><T46/><D29/><U82/><E55/><V14/><F120/><W45/><G30/><T20/><D110/><U17/><E117/><V58/><F73/><W34/><G34/><T44/><D20/><U7/><E7/><V75/><F75/><W62/><G62/><N who="1" m="23562" /><E118/><V65/><F103/><W5/><G5/><T79/><D79/><U26/><E83/><V54/><F65/><W28/><G28/><T32/><D32/><U56/><E95/><V60/><F71/><W23/><G116/><T64/><D64/><U119/><E119/><V102/><F68/><W2/><G2/><T77/><D77/><U47/><E47/><N who="0" m="17961" /><D50/><U49/><E26/><V87/><F102/><W1/><G1/><T0/><D0/><U33/><E33/><V99/><F99/><W11/><G48/><T135/><N who="0" m="34304" /><DORA hai="39" /><T111/><D111/><U22/><E22/><V94/><REACH who="2" step="1"/><F41/><REACH who="2" ten="170,330,240,250" step="2"/><W126/><G40/><T35/><D124/><U74/><E74/><V18/><F18/><W91/><G126/><T59/><D35/><U57/><E17/><V88/><AGARI ba="0,1" hai="6,8,14,24,27,54,58,60,76,81,84,87,88,94" machi="88" ten="30,8000,1" yaku="1,1,0,1,8,1,52,1,54,1,53,0" doraHai="10,39" doraHaiUra="131,15" who="2" fromWho="2" sc="170,-20,330,-40,240,90,250,-20" /><INIT seed="2,0,0,2,5,130" ten="150,290,330,230" oya="2" hai0="56,104,9,31,115,116,50,111,30,38,135,126,62" hai1="11,49,67,29,100,33,122,97,76,83,117,8,80" hai2="124,35,129,2,87,10,20,19,131,125,54,95,118" hai3="22,45,46,78,64,28,90,3,63,92,134,61,4"/><V37/><F37/><W72/><G4/><T79/><D104/><U70/><E117/><V119/><F54/><W17/><G3/><T21/><D38/><U112/><E112/><V48/><F48/><W132/><G28/><T52/><D115/><U42/><E122/><V69/><F69/><W113/><G113/><T47/><D116/><N who="2" m="44586" /><F95/><W16/><G78/><T96/><D111/><U66/><E49/><V99/><F99/><N who="3" m="57751" /><G72/><T41/><D126/><N who="2" m="48746" /><F87/><W13/><G17/><T23/><D135/><N who="3" m="51753" /><G63/><T15/><D79/><U110/><E110/><V91/><F91/><W55/><G55/><T58/><D58/><AGARI ba="0,0" hai="13,16,22,45,46,58,61,64" m="51753,57751" machi="58" ten="30,8000,1" yaku="20,1,52,3,54,1" doraHai="130" who="3" fromWho="0" sc="150,-80,290,0,330,0,230,80" /><INIT seed="3,0,0,2,4,118" ten="70,290,330,310" oya="3" hai0="27,121,114,85,68,103,29,119,56,75,106,42,116" hai1="36,104,12,57,78,111,23,112,34,95,43,30,122" hai2="0,65,120,81,55,96,86,107,40,91,102,124,94" hai3="13,100,89,35,71,84,14,16,10,113,90,45,132"/><W47/><G113/><T2/><D85/><U52/><E104/><V99/><F0/><W39/><G71/><T31/><D56/><U87/><E112/><V24/><F24/><W70/><G70/><T131/><D42/><U83/><E122/><V19/><F19/><N who="3" m="8631" /><G35/><T72/><D103/><U17/><E111/><V8/><F8/><N who="3" m="6215" /><G39/><T80/><D27/><U59/><E30/><V110/><F110/><W92/><G100/><T97/><D29/><U117/><E34/><V105/><F40/><W66/><G66/><T32/><D31/><U133/><E133/><V1/><F1/><W44/><G132/><T123/><D80/><U9/><E117/><V108/><F65/><W46/><G46/><T3/><D97/><U135/><E135/><V6/><F108/><W20/><G20/><T4/><D4/><U37/><E59/><V58/><F6/><W62/><G62/><T54/><D54/><U126/><E126/><V130/><F58/><W98/><G45/><T38/><D75/><U127/><E127/><V125/><F55/><W134/><G134/><T93/><D93/><AGARI ba="0,0" hai="44,47,84,89,90,92,93,98" m="6215,8631" machi="93" ten="30,2900,0" yaku="8,1,54,1" doraHai="118" who="3" fromWho="0" sc="70,-29,290,0,330,0,310,29" owari="41,-46.0,290,-11.0,330,13.0,339,44.0" /></mjloggm>