<mjloggm ver="2.3"><GO type="169" lobby="0"/><UN n0="%E3%82%B9%E3%83%BC%E3%83%91%E3%83%BC%E3%82%A2%E3%83%8B%E3%82%AD" n1="%EF%BC%88%E2%89%A7%E2%96%BD%E2%89%A6%EF%BC%89" n2="%E3%83%87%E3%82%B8%E3%82%BF%E3%83%AB%E4%BB%99%E4%BA%BA" n3="%38%38%32%33%E2%80%90%E9%9A%BC" dan="16,19,19,16" rate="2085.00,2279.63,2214.73,2007.24" sx="M,M,F,M"/><TAIKYOKU oya="0"/><INIT seed="0,0,0,3,5,128" ten="250,250,250,250" oya="0" hai0="93,55,10,116,135,122,18,94,19,65,118,102,90" hai1="1,61,78,24,134,28,52,0,64,23,95,36,39" hai2="110,86,119,112,57,127,43,45,67,41,30,9,62" hai3="123,126,85,20,2,129,108,72,121,68,56,87,58"/><T103/><D122/><U63/><E78/><V7/><F119/><W115/><G115/><T33/><D33/><U117/><E117/><V21/><F112/><W73/><G2/><T133/><D65/><U42/><E1/><V111/><F127/><W81/><G68/><T13/><D55/><U3/><E3/><V53/><F86/><W4/><G4/><T105/><D105/><U54/><E0/><V100/><F100/><N who="0" m="38442" /><D19/><U27/><E42/><V69/><F21/><W99/><G126/><T84/><D94/><U83/><E95/><V34/><F30/><W107/><G107/><T82/><D93/><U120/><E120/><V106/><F34/><W80/><G99/><T114/><D114/><U26/><E64/><V50/><F106/><W109/><REACH who="3" step="1"/><G20/><REACH who="3" ten="250,250,250,240" step="2"/><T17/><D18/><U44/><E23/><V15/><REACH who="2" step="1"/><F43/><REACH who="2" ten="250,250,240,240" step="2"/><W77/><G77/><T35/><D35/><U22/><E22/><V51/><AGARI ba="0,2" hai="7,9,15,41,45,50,51,53,57,62,67,69,110,111" machi="51" ten="30,4000,0" yaku="1,1,2,1,0,1,53,0" doraHai="128" doraHaiUra="89" who="2" fromWho="2" sc="250,-20,250,-10,240,60,240,-10" /><INIT seed="1,0,0,2,3,118" ten="230,240,300,230" oya="1" hai0="88,39,52,127,106,48,35,68,30,12,128,121,22" hai1="60,99,97,110,94,125,107,16,108,43,119,40,115" hai2="6,80,49,61,31,129,32,4,23,29,103,7,50" hai3="95,3,51,93,96,109,20,57,47,5,11,81,65"/><U86/><E119/><V100/><F32/><W131/><G131/><T19/><D106/><U54/><E115/><V124/><F129/><W85/><G109/><N who="1" m="42090" /><E125/><V10/><F124/><W76/><G20/><T70/><D128/><U79/><E107/><V1/><F61/><W116/><G116/><T78/><D39/><U33/><E33/><V34/><F34/><W113/><G113/><T45/><D127/><U112/><E112/><V26/><F31/><W104/><G104/><T42/><D78/><U8/><E60/><V14/><F80/><W18/><G18/><T28/><D42/><N who="1" m="15915" /><E54/><V62/><F62/><W120/><G65/><T90/><D121/><U102/><E97/><V67/><F67/><W132/><G96/><T133/><D133/><U74/><E74/><V122/><F1/><W77/><G132/><T72/><D72/><U130/><E130/><V38/><F38/><W0/><G3/><T134/><D134/><U55/><E55/><V114/><F114/><W66/><G0/><T64/><D64/><U44/><E44/><V2/><F2/><W87/><G66/><T37/><D37/><U123/><E123/><V17/><F122/><W27/><G47/><T15/><D35/><U41/><N who="1" m="15923" /><U84/><DORA hai="56" /><E79/><V98/><F98/><W21/><G77/><T9/><D70/><U105/><E105/><V13/><F50/><W91/><G51/><T92/><D68/><U63/><E63/><V82/><F49/><W126/><G126/><T117/><D117/><U69/><E69/><V24/><F100/><W46/><G120/><T53/><D53/><RYUUKYOKU ba="0,0" sc="230,-10,240,30,300,-10,230,-10" hai1="8,16,84,86,94,99,102" /><INIT seed="1,1,0,4,0,78" ten="220,270,290,220" oya="1" hai0="133,89,20,24,16,70,58,100,113,60,40,25,13" hai1="21,107,64,0,93,11,51,1,45,19,108,79,135" hai2="69,127,15,101,52,119,97,31,42,68,66,131,83" hai3="117,85,129,41,2,37,103,88,33,22,94,123,72"/><U30/><E107/><V71/><F119/><W34/><G123/><T76/><D113/><U130/><E130/><V9/><F131/><W59/><G129/><T4/><D133/><U95/><E135/><V12/><F127/><W23/><G117/><T38/><D70/><U49/><E64/><V122/><F42/><W77/><G2/><T63/><D100/><U47/><E108/><V43/><F43/><W106/><G34/><T44/><D76/><U96/><E79/><V82/><F66/><W48/><G37/><T55/><D4/><U115/><E115/><V86/><F31/><W99/><G33/><T105/><D105/><U14/><E1/><V35/><F35/><W92/><G92/><N who="1" m="35402" /><E96/><V29/><F29/><W90/><G90/><T62/><REACH who="0" step="1"/><D89/><REACH who="0" ten="210,270,290,220" step="2"/><U3/><E3/><V61/><F101/><W84/><G77/><T126/><D126/><U112/><E0/><V56/><F122/><W10/><G106/><T121/><D121/><U46/><E112/><V39/><F71/><W75/><G88/><T87/><D87/><U27/><AGARI ba="1,1" hai="11,14,19,21,27,30,45,46,47,49,51" m="35402" machi="27" ten="30,1500,0" yaku="8,1" doraHai="78" who="1" fromWho="1" sc="210,-6,270,28,290,-6,220,-6" /><INIT seed="1,2,0,3,3,79" ten="204,298,284,214" oya="1" hai0="70,135,69,50,108,84,96,37,66,40,82,5,25" hai1="61,76,110,44,71,112,54,49,75,107,123,59,0" hai2="15,2,133,9,91,38,21,32,124,63,101,12,62" hai3="31,104,127,120,33,36,55,129,52,97,86,72,111"/><U121/><E107/><V11/><F32/><W74/><G120/><T20/><D108/><U68/><E0/><V113/><F113/><W102/><G111/><T89/><D135/><U85/><E75/><V77/><F133/><W92/><G36/><T48/><D5/><U132/><E132/><V118/><F2/><W93/><G104/><T46/><D96/><U51/><E110/><V81/><F91/><W67/><G129/><T103/><D103/><U35/><E35/><V53/><F38/><W39/><G39/><T47/><D66/><U119/><E112/><V57/><F101/><W28/><G127/><T42/><REACH who="0" step="1"/><D37/><REACH who="0" ten="194,298,284,214" step="2"/><U6/><E6/><V16/><F124/><W18/><G67/><T131/><D131/><U7/><E7/><V116/><F116/><W126/><G102/><T29/><AGARI ba="2,1" hai="20,25,29,40,42,46,47,48,50,69,70,82,84,89" machi="29" ten="20,8000,1" yaku="1,1,0,1,7,1,9,1,52,1,53,0" doraHai="79" doraHaiUra="128" who="0" fromWho="0" sc="194,96,298,-42,284,-22,214,-22" /><INIT seed="2,0,0,1,3,119" ten="290,256,262,192" oya="2" hai0="115,131,72,3,36,11,114,49,34,87,28,121,60" hai1="50,33,91,97,110,90,127,23,31,30,4,10,56" hai2="66,76,32,41,8,25,20,38,0,126,96,80,122" hai3="84,128,133,29,134,2,75,93,125,69,39,102,99"/><V79/><F32/><W46/><G2/><T55/><D72/><U48/><E33/><V62/><F126/><W43/><G69/><T77/><D36/><U57/><E110/><V88/><F38/><W17/><G29/><T113/><D60/><U104/><E104/><V58/><F122/><W7/><G7/><N who="0" m="1535" /><D55/><U101/><E101/><V42/><F8/><W51/><G75/><T37/><D49/><U22/><E97/><V18/><F0/><W59/><G39/><T74/><D87/><U73/><E10/><V12/><F25/><W13/><G84/><T26/><D37/><U92/><E73/><V82/><F82/><W9/><G125/><T44/><D44/><U16/><E127/><V71/><F71/><W78/><G78/><N who="2" m="29737" /><F80/><W6/><G59/><T129/><D121/><U124/><E124/><V52/><F66/><W35/><G35/><T70/><D70/><U15/><E92/><AGARI ba="0,0" hai="12,18,20,41,42,52,58,62,88,92,96" m="29737" machi="92" ten="30,5800,0" yaku="8,1,54,2" doraHai="119" who="2" fromWho="1" sc="290,0,256,-58,262,58,192,0" /><INIT seed="2,1,0,0,0,129" ten="290,198,320,192" oya="2" hai0="128,9,33,82,99,112,122,2,134,73,67,32,41" hai1="23,36,55,0,133,26,98,58,69,43,113,30,66" hai2="47,45,125,108,4,115,63,10,42,120,77,97,37" hai3="65,123,74,103,49,31,59,70,5,12,13,127,21"/><V75/><F120/><W118/><G118/><T57/><D122/><U62/><E113/><V53/><F115/><W114/><G123/><T3/><D112/><U104/><E0/><V35/><F35/><W131/><G74/><T8/><D128/><U96/><E104/><V76/><F125/><W102/><G70/><T16/><D41/><U54/><E54/><V90/><F75/><W87/><G131/><T124/><D124/><U80/><E80/><V17/><F17/><W79/><G114/><T56/><D73/><U39/><E39/><V11/><F11/><W110/><G127/><T34/><D82/><U46/><REACH who="1" step="1"/><E133/><REACH who="1" ten="290,188,320,192" step="2"/><V130/><F130/><W95/><G65/><T109/><D67/><U92/><E92/><V83/><F83/><W7/><G95/><T29/><D134/><U64/><E64/><V28/><F53/><W19/><G102/><T78/><D3/><U51/><AGARI ba="1,1" hai="23,26,30,36,43,46,51,55,58,62,66,69,96,98" machi="51" ten="20,12000,2" yaku="1,1,0,1,7,1,24,2,53,1" doraHai="129" doraHaiUra="68" who="1" fromWho="1" sc="290,-31,188,133,320,-61,192,-31" /><INIT seed="3,0,0,2,2,88" ten="259,321,259,161" oya="3" hai0="57,102,0,51,66,119,77,22,84,86,103,131,117" hai1="82,27,133,54,11,38,92,48,109,28,76,118,112" hai2="130,75,69,79,23,67,85,110,80,64,30,101,31" hai3="71,44,114,87,7,47,100,126,56,122,74,3,129"/><W105/><G122/><T125/><D0/><U115/><E38/><V53/><F130/><W37/><G114/><T17/><D125/><U49/><E118/><V12/><F110/><W94/><G74/><T68/><D131/><U42/><E109/><V97/><F75/><W5/><G129/><T29/><D29/><U25/><E133/><V33/><F33/><W6/><G71/><T32/><D32/><U34/><E11/><V20/><F53/><W45/><G3/><T91/><D68/><U19/><E42/><V93/><F69/><W73/><G73/><T61/><D51/><U59/><E48/><V60/><F60/><W128/><G128/><T40/><D40/><U65/><E65/><N who="2" m="25163" /><F20/><W1/><G1/><T132/><D132/><U62/><E62/><V127/><F127/><W98/><G37/><T83/><D119/><U24/><E112/><V89/><F79/><W46/><G126/><T18/><D117/><U72/><E115/><V107/><F107/><W41/><G41/><T108/><D108/><U10/><E10/><V50/><F50/><W4/><N who="3" m="1024" /><DORA hai="26" /><W13/><G13/><N who="0" m="9519" /><D18/><AGARI ba="0,0" hai="12,18,23,30,31,80,85,89,93,97,101" m="25163" machi="18" ten="30,7700,0" yaku="8,1,52,3" doraHai="88,26" who="2" fromWho="0" sc="259,-77,321,0,259,77,161,0" /><INIT seed="4,0,0,4,2,33" ten="182,321,336,161" oya="0" hai0="35,115,50,56,29,120,31,97,64,30,63,75,25" hai1="7,3,132,67,84,46,106,102,123,86,96,15,91" hai2="121,89,61,112,41,98,71,135,87,12,10,0,19" hai3="134,124,69,122,105,36,40,101,68,74,55,42,51"/><T23/><D120/><U126/><E123/><V18/><F121/><W37/><G122/><RYUUKYOKU type="kaze4" ba="0,0" sc="182,0,321,0,336,0,161,0" /><INIT seed="4,1,0,5,1,82" ten="182,321,336,161" oya="0" hai0="93,3,61,134,17,57,102,70,68,51,22,74,65" hai1="14,38,71,100,72,115,122,132,15,76,124,121,8" hai2="99,111,60,110,89,62,36,123,53,23,80,78,32" hai3="39,58,105,12,120,30,11,31,95,54,130,41,25"/><T24/><D134/><U44/><E71/><V49/><F36/><W67/><G105/><T56/><D3/><U86/><E72/><V119/><F32/><W83/><G120/><T43/><D74/><U98/><E15/><V35/><F35/><W19/><G67/><T91/><D102/><U106/><E124/><V48/><F123/><W33/><G130/><T42/><D70/><U4/><E132/><V55/><F119/><W116/><G116/><T128/><D128/><U84/><E115/><V101/><F89/><W92/><G31/><T37/><D37/><U87/><REACH who="1" step="1"/><E76/><REACH who="1" ten="182,311,336,161" step="2"/><V97/><F78/><W29/><G12/><T40/><REACH who="0" step="1"/><D51/><REACH who="0" ten="172,311,336,161" step="2"/><U126/><E126/><V90/><F49/><W69/><G39/><T2/><D2/><U77/><E77/><V108/><F48/><W27/><G69/><T113/><D113/><U46/><E46/><V114/><F114/><W73/><G73/><T6/><D6/><U104/><E104/><V28/><F108/><W26/><G33/><T45/><D45/><U18/><E18/><V129/><F111/><W7/><G7/><T135/><D135/><U34/><E34/><V1/><F1/><W103/><G19/><T133/><D133/><U21/><E21/><V9/><F23/><W47/><G47/><T63/><D63/><U52/><E52/><V10/><F55/><W118/><G54/><T131/><D131/><U0/><E0/><V79/><F53/><W66/><G118/><T50/><D50/><U127/><E127/><V107/><F129/><W125/><G125/><T5/><D5/><U88/><E88/><RYUUKYOKU ba="1,2" sc="172,15,311,15,336,-15,161,-15" hai0="17,22,24,40,42,43,56,57,61,65,68,91,93" hai1="4,8,14,38,44,84,86,87,98,100,106,121,122" /><INIT seed="4,2,2,3,3,41" ten="187,326,321,146" oya="0" hai0="78,86,123,31,22,6,50,37,10,48,59,126,61" hai1="106,15,5,34,14,118,33,58,35,2,84,23,67" hai2="80,120,32,49,100,95,29,39,133,18,122,102,64" hai3="19,108,9,24,83,88,68,0,47,132,69,1,90"/><T17/><D123/><U74/><E74/><V75/><F39/><W44/><G108/><T131/><D37/><U43/><E106/><V91/><F133/><W40/><G132/><T85/><D131/><U63/><E118/><V27/><F64/><W81/><G40/><T62/><D31/><U98/><E98/><V125/><F125/><W114/><G114/><T93/><D126/><U115/><E115/><V54/><F18/><W28/><G19/><T96/><D78/><U26/><E43/><V7/><F7/><W117/><G117/><T42/><D42/><U45/><E45/><V119/><F119/><W12/><G12/><N who="0" m="5207" /><D85/><U65/><E84/><V79/><F122/><W111/><G111/><T66/><D86/><U55/><E2/><V11/><F11/><W124/><G9/><T89/><D62/><U72/><E72/><V94/><F120/><W130/><G28/><T97/><D97/><U8/><REACH who="1" step="1"/><E15/><AGARI ba="2,2" hai="15,17,22,48,50,59,61,66,89,93,96" m="5207" machi="15" ten="30,1500,0" yaku="8,1" doraHai="41" who="0" fromWho="1" sc="187,41,326,-21,321,0,146,0" /><INIT seed="4,3,0,4,2,118" ten="228,305,321,146" oya="0" hai0="108,119,68,25,65,15,47,111,128,27,83,87,133" hai1="5,62,114,37,8,52,20,18,23,117,43,121,100" hai2="48,51,89,4,82,95,56,66,45,130,42,2,0" hai3="86,115,74,19,126,12,105,116,94,120,80,127,77"/><T76/><D119/><U11/><E117/><V99/><F130/><W16/><G116/><T40/><D128/><U58/><E121/><V129/><F129/><W60/><G105/><T90/><D133/><U70/><E70/><V54/><F4/><W1/><G1/><T67/><D15/><U93/><E114/><V104/><F104/><W38/><G38/><T33/><D76/><U103/><E37/><V71/><F82/><W57/><G115/><T44/><D44/><U55/><E43/><V132/><F132/><W53/><G19/><T113/><D113/><U101/><E93/><V123/><F123/><W106/><G106/><T35/><D27/><N who="1" m="14743" /><E5/><V78/><F78/><W131/><G131/><T135/><D135/><U69/><E69/><V9/><F9/><N who="1" m="3657" /><E23/><V30/><F30/><W49/><G60/><N who="0" m="39975" /><D67/><AGARI ba="3,0" hai="52,55,58,62,67,100,101,103" m="3657,14743" machi="67" ten="30,2000,0" yaku="8,1,54,1" doraHai="118" who="1" fromWho="0" sc="228,-29,305,29,321,0,146,0" /><INIT seed="5,0,0,4,5,56" ten="199,334,321,146" oya="1" hai0="134,95,79,28,71,12,84,13,73,87,132,113,115" hai1="128,24,81,70,94,126,50,57,14,40,53,123,1" hai2="97,77,48,114,10,96,4,127,47,108,106,43,29" hai3="38,7,32,135,39,54,99,63,110,8,37,42,102"/><U78/><E1/><V46/><F108/><W17/><G110/><T65/><D28/><U52/><E123/><V33/><F127/><W59/><G135/><N who="0" m="51755" /><D13/><U93/><E70/><V91/><F77/><W15/><G32/><T23/><D23/><U62/><E126/><V122/><F122/><W5/><REACH who="3" step="1"/><G42/><REACH who="3" ten="199,334,321,136" step="2"/><T112/><D112/><U0/><E40/><V124/><F33/><W125/><G125/><T35/><D115/><U100/><E128/><V18/><F114/><W27/><G27/><T30/><D113/><U82/><E24/><V25/><F25/><W130/><G130/><T45/><D35/><U19/><E78/><V11/><F43/><W131/><G131/><T16/><D30/><U119/><E119/><V109/><F29/><W129/><G129/><T34/><D34/><U55/><E0/><V76/><F76/><W92/><AGARI ba="0,1" hai="5,7,8,15,17,37,38,39,54,59,63,92,99,102" machi="92" ten="30,7900,0" yaku="1,1,0,1,52,1,53,1" doraHai="56" doraHaiUra="90" who="3" fromWho="3" sc="199,-20,334,-39,321,-20,136,89" /><INIT seed="6,0,0,0,0,130" ten="179,295,301,225" oya="2" hai0="46,97,115,63,123,73,131,54,43,95,9,39,44" hai1="1,26,83,74,45,101,2,69,98,92,112,79,132" hai2="51,80,61,68,82,96,48,40,56,27,87,91,16" hai3="60,17,29,125,85,32,49,122,93,107,105,117,77"/><V116/><F116/><W47/><G117/><T135/><D123/><U106/><E112/><V114/><F114/><W66/><G122/><T30/><D73/><U64/><E132/><V100/><F68/><W14/><G125/><T31/><D115/><U58/><E58/><V36/><F82/><W20/><G105/><T38/><D131/><U71/><E45/><V104/><F36/><W86/><G107/><T111/><D111/><U121/><E121/><V89/><F89/><W24/><G77/><T108/><D108/><U70/><E64/><V15/><F27/><W5/><G93/><T119/><D119/><U23/><REACH who="1" step="1"/><E106/><REACH who="1" ten="179,285,301,225" step="2"/><V52/><REACH who="2" step="1"/><F40/><REACH who="2" ten="179,285,291,225" step="2"/><W25/><G24/><T103/><D43/><U127/><E127/><V128/><F128/><W12/><G25/><T118/><D118/><U50/><E50/><V76/><F76/><W35/><G49/><T18/><D39/><U13/><E13/><V62/><F62/><W34/><G12/><T120/><D38/><U53/><E53/><V42/><F42/><W113/><G14/><T11/><D54/><U37/><E37/><V8/><AGARI ba="0,2" hai="8,15,16,48,51,52,56,61,80,87,91,96,100,104" machi="8" ten="20,12000,1" yaku="1,1,0,1,7,1,54,2,53,0" doraHai="130" doraHaiUra="33" who="2" fromWho="2" sc="179,-40,285,-40,291,140,225,-40" /><INIT seed="6,1,0,5,1,91" ten="139,245,431,185" oya="2" hai0="90,89,2,53,87,25,73,77,112,52,125,17,16" hai1="23,12,63,62,61,5,76,34,19,6,15,0,96" hai2="110,122,79,13,82,48,32,30,105,75,104,113,26" hai3="84,101,94,59,21,33,131,55,56,24,45,67,128"/><V8/><F122/><W109/><G33/><T29/><D2/><U22/><E34/><V95/><F113/><W60/><G109/><T99/><D112/><U47/><E0/><V70/><F70/><W106/><G45/><T86/><D125/><U120/><E120/><V119/><F48/><W97/><G84/><N who="0" m="32299" /><D73/><U4/><E76/><V20/><F20/><W57/><G106/><T1/><D1/><U46/><E96/><V108/><F119/><W92/><G101/><T10/><D77/><U127/><E127/><V18/><F95/><N who="3" m="36395" /><G97/><T40/><D40/><U3/><E3/><V80/><F80/><W102/><G102/><T41/><D41/><U98/><E98/><V117/><F117/><W78/><G78/><T50/><D99/><U107/><E107/><V126/><F126/><W65/><G55/><N who="0" m="21067" /><D50/><U134/><E46/><V135/><F105/><W124/><G124/><T49/><D49/><U14/><E47/><V64/><F104/><W68/><G67/><T58/><D58/><U36/><E36/><V130/><F64/><W116/><G116/><T111/><D111/><U35/><E35/><V72/><F72/><W69/><G65/><T43/><D43/><U88/><E61/><V9/><F108/><W103/><G60/><T74/><D74/><U115/><E62/><V83/><F75/><W129/><G103/><T28/><D10/><U118/><E118/><V133/><F79/><W66/><G66/><T132/><D132/><U100/><E134/><V121/><F133/><W38/><G38/><T42/><D42/><U71/><E115/><V81/><F135/><RYUUKYOKU ba="1,0" sc="139,-10,245,-10,431,-10,185,30" hai3="21,24,56,57,59,68,69,128,129,131" /><INIT seed="7,2,0,5,4,122" ten="129,235,421,215" oya="3" hai0="56,70,39,82,69,79,123,0,67,26,9,7,109" hai1="42,19,47,23,132,31,125,75,71,129,77,60,64" hai2="95,5,61,1,63,33,91,43,53,13,16,96,12" hai3="3,8,98,104,24,58,46,126,81,103,73,112,17"/><W90/><G112/><T131/><D123/><U99/><E125/><V76/><F33/><W25/><G126/><T44/><D131/><U114/><E129/><V78/><F1/><W52/><G46/><T120/><D120/><U121/><E31/><V106/><F43/><W4/><G17/><T15/><D26/><U119/><E119/><V38/><F106/><W50/><REACH who="3" step="1"/><G90/><REACH who="3" ten="129,235,421,205" step="2"/><T80/><D109/><U101/><E121/><V51/><F16/><W94/><G94/><T74/><D80/><U57/><E47/><V111/><F91/><W62/><G62/><T93/><D93/><U128/><E60/><V66/><F63/><W134/><G134/><T102/><D102/><U108/><E132/><V107/><F61/><W105/><G105/><T30/><D67/><U72/><E64/><V118/><F66/><W86/><G86/><T32/><D56/><U35/><E57/><V11/><F107/><W127/><G127/><T6/><D6/><U130/><E130/><V97/><F5/><W87/><G87/><T10/><D10/><U54/><E101/><V37/><F11/><W89/><G89/><T135/><D135/><U124/><E128/><V21/><F95/><W133/><G133/><T18/><D18/><U49/><E19/><V45/><F45/><W48/><G48/><T59/><D59/><U2/><E49/><V41/><F51/><W28/><G28/><T92/><D92/><U14/><E124/><V36/><F36/><W116/><G116/><T55/><D39/><U22/><E108/><V110/><F38/><W100/><G100/><T34/><D30/><RYUUKYOKU ba="2,1" sc="129,-10,235,-10,421,-10,205,30" hai3="3,4,8,24,25,50,52,58,73,81,98,103,104" /><INIT seed="7,3,1,2,2,1" ten="119,225,411,235" oya="3" hai0="44,132,50,71,16,27,103,23,69,58,88,33,72" hai1="8,128,118,55,126,10,98,81,108,73,34,94,99" hai2="21,32,18,83,75,39,63,0,78,59,76,26,93" hai3="82,19,70,38,12,6,15,124,100,11,107,112,7"/><W91/><G38/><T104/><D72/><U28/><E108/><V25/><F39/><W45/><G70/><T9/><D132/><U47/><E126/><V110/><F110/><W68/><G68/><T84/><D58/><U66/><E66/><V97/><F0/><W13/><G124/><T109/><D109/><U121/><E128/><V122/><F122/><W77/><G112/><T92/><D33/><U40/><E118/><V35/><F78/><W115/><G115/><T61/><D61/><U60/><E99/><V133/><F25/><W89/><G45/><T130/><D130/><U113/><E28/><V62/><F62/><W48/><G48/><T85/><D85/><U106/><E34/><V42/><F42/><W114/><G114/><T52/><REACH who="0" step="1"/><D9/><REACH who="0" ten="109,225,411,235" step="2"/><U101/><E8/><V29/><F133/><W57/><G57/><T43/><D43/><U3/><E40/><V24/><F59/><W80/><G11/><T41/><D41/><U117/><E60/><V87/><F63/><W46/><G46/><T4/><D4/><U111/><E111/><V127/><F127/><W105/><G6/><T37/><D37/><U90/><E10/><V30/><F75/><W95/><G7/><T51/><D51/><U86/><E113/><V49/><F49/><W20/><G19/><T65/><D65/><U119/><E119/><V14/><F30/><W36/><G36/><T67/><D67/><U120/><E117/><V123/><F29/><W17/><G17/><T102/><D102/><U135/><E135/><V54/><F18/><W53/><G100/><T74/><D74/><RYUUKYOKU ba="3,2" sc="109,30,225,-10,411,-10,235,-10" hai0="16,23,27,44,50,52,69,71,84,88,92,103,104" owari="139,-36.0,215,-18.0,421,51.0,225,3.0" /></mjloggm>