<mjloggm ver="2.3"><GO type="41" lobby="0"/><UN n0="%7A%65%69%74" n1="%E3%83%87%E3%83%B3%E3%83%97%E3%82%B7%E3%83%BC%E3%83%AD%E3%83%BC%E3%83%AB" n2="%E7%9C%9F%E5%86%AC" n3="%E3%82%A6%E3%83%AB%E3%83%88%E3%83%A9%E7%AB%8B%E7%9B%B4" dan="13,15,16,15" rate="1891.00,2062.15,1985.73,1942.29" sx="F,M,F,M"/><TAIKYOKU oya="0"/><INIT seed="0,0,0,3,0,18" ten="250,250,250,250" oya="0" hai0="46,10,8,108,69,34,86,50,114,66,55,121,133" hai1="84,110,91,134,11,57,59,78,112,58,31,88,49" hai2="0,2,38,79,87,20,70,47,22,24,124,125,19" hai3="93,98,97,44,7,130,30,76,56,68,65,106,32"/><T6/><D121/><U120/><E120/><V122/><F122/><W12/><G76/><T53/><D34/><U75/><E110/><V71/><F79/><W28/><G44/><T52/><D108/><U90/><E134/><V126/><F87/><W36/><G36/><T72/><D133/><U135/><E135/><V45/><F38/><W117/><G68/><N who="2" m="26153" /><F19/><W103/><G32/><T107/><D72/><U35/><E112/><V101/><F101/><W109/><G109/><T102/><D114/><U51/><E75/><V77/><F77/><W67/><G117/><T5/><D86/><U40/><E11/><V95/><F95/><W83/><G83/><T128/><D128/><U54/><E40/><V129/><F24/><W29/><G130/><T3/><D66/><U4/><E4/><V61/><F61/><W82/><G82/><T89/><D69/><U26/><E78/><V64/><F64/><W42/><G42/><T1/><REACH who="0" step="1"/><D89/><REACH who="0" ten="240,250,250,250" step="2"/><U17/><E84/><V131/><F129/><W111/><G111/><T104/><D104/><U62/><E91/><V73/><F131/><W81/><G67/><T9/><D9/><U63/><E88/><V80/><F73/><W115/><G115/><T94/><D94/><U119/><E90/><V25/><F80/><W21/><G106/><T113/><D113/><U127/><E35/><V15/><F125/><W39/><G81/><T85/><D85/><U48/><E127/><V123/><F126/><W105/><G105/><T16/><D16/><U116/><E17/><V60/><F124/><W41/><G93/><T13/><D13/><RYUUKYOKU ba="0,1" sc="240,30,250,-10,250,-10,250,-10" hai0="1,3,5,6,8,10,46,50,52,53,55,102,107" /><INIT seed="0,1,1,2,0,112" ten="270,240,240,240" oya="0" hai0="11,60,116,94,29,126,10,62,13,134,106,115,90" hai1="26,70,8,65,119,79,76,71,56,50,3,117,88" hai2="51,93,61,81,78,129,110,36,130,32,111,6,100" hai3="105,16,46,82,131,89,67,91,75,121,63,120,124"/><T74/><D106/><U28/><E3/><V80/><F32/><W17/><G105/><T107/><D115/><U108/><E108/><N who="2" m="41515" /><F36/><W128/><G46/><T57/><D107/><U104/><E104/><V23/><F6/><W92/><G82/><N who="2" m="31849" /><F61/><W109/><G75/><T125/><D74/><U86/><E8/><V102/><F23/><W14/><G124/><N who="0" m="47723" /><D29/><U69/><E79/><V133/><F51/><W59/><G109/><T96/><D134/><U58/><E76/><V49/><F49/><W114/><G114/><T99/><D99/><U101/><E101/><N who="2" m="39019" /><F78/><W47/><G47/><T19/><D10/><U83/><E50/><V22/><F22/><W33/><G33/><T31/><D31/><U66/><E56/><V2/><F2/><W35/><G35/><T41/><D41/><U39/><E39/><V42/><F42/><W55/><G59/><T1/><D1/><U127/><E127/><V103/><F133/><W38/><G63/><N who="0" m="24107" /><D57/><U87/><E58/><V5/><F5/><W73/><G38/><T15/><D15/><U53/><E53/><V113/><F113/><W27/><G14/><T18/><D18/><U52/><E52/><V85/><N who="2" m="39027" /><V44/><DORA hai="84" /><F44/><W45/><G55/><T72/><D72/><U4/><E4/><V97/><F97/><W37/><G73/><T43/><D43/><U68/><E68/><V98/><F98/><W122/><G17/><T95/><D94/><U34/><E86/><V12/><F12/><W25/><G92/><T48/><D48/><U54/><E54/><V0/><F0/><W132/><G132/><RYUUKYOKU ba="1,1" sc="270,10,240,10,240,10,240,-30" hai0="11,13,19,90,95,96,116" hai1="26,28,34,65,66,69,70,71,83,87,88,117,119" hai2="85,93,129,130" /><INIT seed="0,2,1,3,4,21" ten="280,250,250,210" oya="0" hai0="60,66,46,100,112,113,126,2,87,8,17,90,0" hai1="109,56,27,101,54,130,6,47,121,77,25,79,96" hai2="5,93,14,20,129,32,13,75,97,80,38,68,40" hai3="4,119,107,124,83,42,88,122,70,105,131,78,133"/><T71/><D100/><U104/><E121/><V36/><F32/><W108/><G42/><T102/><D102/><U91/><E109/><V103/><F68/><W111/><G4/><T94/><D126/><U125/><E125/><V89/><F129/><W81/><G70/><T62/><D62/><U35/><E130/><V65/><F65/><W74/><G131/><T51/><D0/><U84/><E47/><V34/><F34/><W16/><G124/><T73/><D73/><U43/><E43/><V58/><F58/><W31/><G31/><T114/><D2/><U26/><E35/><V19/><F40/><W37/><G37/><T86/><D8/><U11/><E11/><V115/><F115/><W120/><G119/><T134/><D17/><U110/><E6/><V59/><F59/><W64/><G16/><T33/><D33/><U106/><E106/><N who="3" m="40458" /><G64/><T52/><REACH who="0" step="1"/><D134/><REACH who="0" ten="270,250,250,210" step="2"/><U23/><E110/><N who="3" m="42026" /><G133/><T135/><D135/><U12/><E23/><V61/><F61/><W128/><G128/><T29/><D29/><U1/><E1/><V67/><F20/><W85/><AGARI ba="2,2" hai="74,78,81,83,85,88,120,122" m="42026,40458" machi="85" ten="40,8000,1" yaku="14,1,34,2,54,1" doraHai="21" who="3" fromWho="3" sc="270,-42,250,-22,250,-22,210,106" /><INIT seed="1,0,0,5,0,53" ten="228,228,228,316" oya="1" hai0="18,20,120,25,124,2,78,38,40,41,52,92,3" hai1="63,89,98,103,110,39,125,4,54,77,32,81,104" hai2="132,23,69,114,66,35,86,74,19,56,134,34,24" hai3="71,90,29,31,21,13,5,43,33,88,64,49,73"/><U26/><E39/><V55/><F114/><W44/><G73/><T58/><D120/><U102/><E125/><V126/><F74/><W48/><G33/><T121/><D121/><U15/><E110/><V67/><F126/><W70/><G64/><N who="2" m="24617" /><F69/><W100/><G100/><T105/><D105/><U130/><E130/><V46/><F46/><W36/><G36/><T65/><D65/><U62/><E103/><V10/><F10/><N who="3" m="4303" /><G70/><T108/><D124/><U115/><E115/><V93/><F86/><W1/><G1/><T117/><D108/><U119/><E119/><V45/><F93/><W0/><G0/><T127/><D117/><U60/><E89/><V47/><F45/><W112/><G112/><T118/><D118/><U116/><E116/><V14/><F47/><W9/><G9/><T75/><D127/><U68/><E4/><V7/><F7/><W76/><G76/><T122/><D122/><U101/><E101/><V59/><F55/><W72/><G72/><T84/><D38/><U91/><E91/><V107/><F107/><W42/><G71/><T12/><D75/><N who="1" m="43199" /><E54/><V8/><F34/><W50/><G43/><T133/><D40/><U16/><E68/><V87/><F87/><W97/><G90/><T27/><D41/><U85/><E85/><V128/><F35/><W113/><G113/><T111/><D111/><U57/><E32/><V94/><F94/><N who="3" m="56519" /><G42/><T131/><D78/><U37/><E37/><V95/><F95/><W17/><G44/><T28/><D131/><U11/><E104/><V6/><F128/><W80/><G80/><T135/><D92/><RYUUKYOKU ba="0,0" sc="228,-15,228,-15,228,15,316,15" hai2="6,8,14,19,23,24,56,59,132,134" hai3="17,21,29,31,48,49,50" /><INIT seed="2,1,0,3,3,107" ten="213,213,243,331" oya="2" hai0="123,126,101,121,86,57,119,30,100,66,78,76,19" hai1="36,49,8,2,81,102,96,80,55,69,64,134,39" hai2="58,128,46,34,61,32,125,105,38,79,117,29,113" hai3="3,131,65,52,35,12,63,25,120,114,51,56,24"/><V110/><F117/><W77/><G3/><T95/><D30/><U21/><E134/><V53/><F113/><W108/><G120/><T88/><D119/><U97/><E21/><V129/><F105/><W43/><G108/><T99/><D19/><U9/><E64/><V60/><F110/><W115/><G43/><T48/><D48/><U68/><E49/><V130/><F79/><N who="0" m="30250" /><D57/><U11/><E55/><V20/><F125/><W133/><G133/><T109/><D66/><U22/><E22/><V89/><F89/><W54/><G54/><T74/><D109/><U4/><E4/><V93/><F93/><W132/><G132/><T82/><D126/><U87/><E2/><V116/><F116/><W31/><G12/><T5/><D5/><U94/><E87/><V47/><F60/><W103/><G24/><T26/><D26/><U28/><E28/><V44/><F38/><W45/><G25/><AGARI ba="1,0" hai="20,25,29,32,34,44,46,47,53,58,61,128,129,130" machi="25" ten="50,2400,0" yaku="19,1" doraHai="107" who="2" fromWho="3" sc="213,0,213,0,243,27,331,-27" /><INIT seed="2,2,0,0,3,118" ten="213,213,270,304" oya="2" hai0="40,34,0,59,116,128,46,16,80,62,43,98,87" hai1="112,90,1,110,47,52,50,37,29,64,20,79,13" hai2="124,25,28,30,9,99,14,108,60,85,126,88,76" hai3="103,21,35,42,78,45,122,49,105,70,66,104,96"/><V119/><F119/><W12/><G78/><T106/><D0/><U27/><E112/><V56/><F76/><W6/><G35/><T113/><D116/><U48/><E1/><V83/><F99/><W95/><G122/><T101/><D113/><U94/><E110/><V61/><F108/><W75/><G75/><T73/><D34/><U58/><E37/><V117/><F117/><W91/><G66/><T32/><D32/><U102/><E79/><V72/><F72/><W39/><G70/><T69/><D69/><U44/><E13/><V100/><F100/><W19/><G6/><T53/><D73/><U120/><E120/><V111/><F111/><W134/><G134/><T82/><D82/><U55/><E102/><V114/><F114/><W107/><G39/><T132/><D132/><U97/><REACH who="1" step="1"/><E64/><REACH who="1" ten="213,203,270,304" step="2"/><V26/><F25/><W71/><G103/><T18/><D40/><U10/><E10/><V89/><F26/><W129/><G12/><T3/><D3/><U23/><E23/><V93/><F14/><W38/><G21/><T77/><REACH who="0" step="1"/><D128/><REACH who="0" ten="203,203,270,304" step="2"/><U130/><E130/><V127/><F9/><W11/><G11/><T33/><D33/><U54/><E54/><V135/><F135/><W8/><G8/><T67/><D67/><U74/><E74/><V123/><F126/><W4/><G129/><T92/><D92/><U22/><E22/><V65/><F124/><W17/><G95/><T121/><D121/><U125/><E125/><V2/><F127/><W115/><G115/><T131/><D131/><U7/><E7/><V68/><F123/><W81/><G4/><RYUUKYOKU ba="2,2" sc="203,15,203,15,270,-15,304,-15" hai0="16,18,43,46,53,59,62,77,80,87,98,101,106" hai1="20,27,29,44,47,48,50,52,55,58,90,94,97" /><INIT seed="3,3,2,1,1,23" ten="218,218,255,289" oya="3" hai0="5,70,28,47,101,117,119,86,17,12,84,120,31" hai1="98,67,89,3,68,75,102,96,113,121,105,40,85" hai2="14,24,114,45,48,42,123,104,132,61,37,130,81" hai3="4,35,129,76,64,16,118,100,69,91,95,65,54"/><W71/><G118/><T52/><D70/><U38/><E113/><V22/><F114/><W25/><G4/><T32/><D120/><U80/><E121/><V72/><F123/><W11/><G100/><T36/><D5/><U9/><E75/><V128/><F104/><W90/><G76/><T60/><D36/><U115/><E115/><V59/><F132/><W10/><G35/><T110/><D101/><U94/><E67/><V127/><F127/><W0/><G0/><T66/><D119/><U30/><E68/><V18/><F72/><W15/><G129/><N who="2" m="49769" /><F81/><W79/><G79/><T109/><D117/><U8/><E30/><V2/><F2/><W26/><G69/><T97/><D66/><N who="3" m="25705" /><G71/><T6/><D6/><U55/><E3/><V7/><F61/><W34/><G34/><T57/><D47/><U103/><E38/><V63/><F63/><W1/><G1/><T78/><D78/><U133/><E133/><V111/><F111/><N who="0" m="42506" /><D97/><U62/><E40/><V20/><F59/><W93/><G54/><T50/><D60/><U87/><E87/><N who="0" m="33321" /><D32/><U44/><E62/><V116/><F7/><N who="3" m="3551" /><G91/><T49/><D49/><U99/><E99/><V135/><F116/><W107/><G107/><T124/><D124/><U82/><E82/><V53/><F135/><W41/><G41/><T21/><AGARI ba="3,2" hai="12,17,21,28,31,50,52,57" m="33321,42506" machi="21" ten="30,2000,0" yaku="14,1,54,1" doraHai="23" who="0" fromWho="0" sc="218,49,218,-8,255,-8,289,-13" /><INIT seed="4,0,0,4,1,70" ten="267,210,247,276" oya="0" hai0="55,14,117,7,105,74,62,130,83,66,129,64,52" hai1="59,94,106,101,51,135,73,21,31,115,99,97,134" hai2="123,124,107,44,16,46,72,6,28,34,0,100,63" hai3="54,61,116,91,113,89,24,13,132,114,120,33,71"/><T131/><D105/><U67/><E73/><V18/><F123/><W53/><G116/><T125/><D117/><U25/><E115/><V27/><F72/><W22/><G132/><T77/><D125/><U10/><E10/><V40/><F124/><W96/><G13/><T35/><D35/><U1/><E1/><V109/><F109/><W121/><G33/><T126/><D126/><U81/><E81/><V2/><F63/><W50/><G61/><T29/><D29/><U49/><E49/><V119/><F119/><W43/><G43/><T15/><D7/><U32/><E32/><V108/><F108/><W79/><G79/><T93/><D93/><U5/><E5/><V39/><F44/><W4/><G4/><T78/><D78/><U88/><REACH who="1" step="1"/><E67/><REACH who="1" ten="267,200,247,276" step="2"/><V85/><F2/><W20/><G50/><T75/><D75/><U47/><E47/><V57/><F0/><W30/><G114/><T118/><D118/><U84/><E84/><V92/><F6/><W41/><G113/><T76/><D76/><U42/><E42/><V102/><F85/><W3/><G41/><T17/><D66/><U82/><E82/><V58/><F107/><W38/><G3/><T26/><D64/><U45/><E45/><V104/><F104/><W86/><G86/><T80/><D80/><U8/><E8/><V122/><F122/><W127/><G127/><T110/><D110/><U90/><E90/><V56/><REACH who="2" step="1"/><F102/><REACH who="2" ten="267,200,237,276" step="2"/><W9/><G120/><T36/><D62/><U37/><E37/><V19/><F19/><W68/><G121/><T133/><D36/><U11/><E11/><RYUUKYOKU ba="0,2" sc="267,-15,200,15,237,15,276,-15" hai1="21,25,31,51,59,88,94,97,99,101,106,134,135" hai2="16,18,27,28,34,39,40,46,56,57,58,92,100" /><INIT seed="5,1,2,3,5,38" ten="252,215,252,261" oya="1" hai0="39,54,126,84,132,124,55,111,12,9,100,70,33" hai1="120,13,87,29,5,30,63,76,115,6,52,133,81" hai2="37,56,125,130,78,104,88,96,102,53,4,59,61" hai3="48,16,28,113,86,40,121,34,47,49,73,1,94"/><U67/><E120/><V51/><F37/><W71/><G73/><T95/><D33/><U74/><E115/><V64/><F125/><W45/><G71/><T114/><D70/><U44/><E133/><V134/><F134/><W10/><G121/><T128/><D114/><U27/><E74/><V75/><F130/><W35/><G28/><N who="1" m="10858" /><E27/><V89/><REACH who="2" step="1"/><F4/><REACH who="2" ten="252,215,242,261" step="2"/><W123/><G123/><T98/><D132/><U106/><E106/><V69/><F69/><W97/><G113/><T15/><D39/><U58/><E13/><V42/><F42/><W14/><G1/><T22/><D128/><U135/><E135/><V83/><AGARI ba="1,3" hai="51,53,56,59,61,64,75,78,83,88,89,96,102,104" machi="83" ten="30,4000,0" yaku="1,1,0,1,54,1,53,0" doraHai="38" doraHaiUra="41" who="2" fromWho="2" sc="252,-11,215,-21,242,73,261,-11" /><INIT seed="6,0,0,2,3,90" ten="241,194,315,250" oya="2" hai0="47,82,55,4,105,28,49,77,52,83,125,94,132" hai1="6,39,29,111,19,35,12,110,23,68,31,9,121" hai2="43,112,133,27,98,59,3,61,26,104,127,7,106" hai3="8,38,117,99,34,75,41,74,17,1,14,120,123"/><V42/><F112/><W15/><G74/><T114/><D105/><U50/><E39/><V67/><F133/><W25/><G75/><T56/><D132/><U134/><E68/><V80/><F127/><W126/><G41/><T60/><D114/><U0/><E134/><V107/><F80/><W129/><G38/><T95/><D125/><U58/><E58/><V76/><F76/><W22/><G126/><T103/><D103/><U66/><E66/><V18/><F98/><W91/><G117/><T20/><D4/><U130/><E50/><V46/><F18/><W64/><G64/><T10/><D10/><U131/><E121/><V100/><F100/><W85/><G99/><T21/><D77/><U11/><E11/><V116/><F116/><W71/><G71/><T30/><D82/><U36/><E36/><V24/><F46/><W122/><G129/><N who="1" m="49162" /><E31/><N who="0" m="11817" /><D83/><U62/><E62/><V57/><REACH who="2" step="1"/><F57/><REACH who="2" ten="241,194,305,250" step="2"/><W102/><G102/><T93/><AGARI ba="0,1" hai="20,21,47,49,52,55,56,60,93,94,95" m="11817" machi="93" ten="30,8000,1" yaku="8,1,52,3,54,1" doraHai="90" who="0" fromWho="0" sc="241,90,194,-20,305,-40,250,-20" /><INIT seed="7,0,0,5,5,29" ten="331,174,265,230" oya="3" hai0="15,116,110,48,131,118,128,106,87,122,94,57,95" hai1="77,93,84,61,6,4,31,50,21,63,74,81,38" hai2="53,115,70,30,82,56,7,25,78,123,47,45,135" hai3="19,98,120,89,107,62,54,71,101,113,72,20,64"/><W103/><G72/><T104/><D15/><U76/><E38/><V65/><F123/><W99/><G120/><T75/><D122/><U11/><E74/><V73/><F115/><W96/><G113/><T105/><D75/><U17/><E77/><V102/><F102/><W37/><G37/><T124/><D110/><U68/><E68/><V13/><F135/><W88/><G54/><N who="0" m="31943" /><D124/><U119/><E119/><N who="0" m="45609" /><D87/><U90/><E31/><V97/><F97/><W41/><G41/><T109/><D109/><U69/><E69/><V8/><F65/><W52/><G52/><T100/><D100/><U32/><E32/><V91/><F70/><W55/><G55/><T9/><D9/><U58/><E50/><V66/><F66/><W33/><G33/><T18/><D18/><U0/><E4/><V127/><F91/><W59/><G71/><T3/><D3/><U14/><REACH who="1" step="1"/><E58/><REACH who="1" ten="331,164,265,230" step="2"/><V1/><F127/><W35/><G35/><T67/><D67/><U83/><E83/><V43/><F45/><W22/><G59/><T34/><D34/><U46/><E46/><V60/><F47/><W44/><G44/><T121/><D121/><U132/><E132/><V126/><F126/><W134/><G134/><T51/><D51/><U79/><E79/><V130/><F82/><W125/><G125/><T2/><D2/><U85/><AGARI ba="0,1" hai="0,6,11,14,17,21,61,63,76,81,84,85,90,93" machi="85" ten="20,5200,0" yaku="1,1,0,1,7,1,53,1" doraHai="29" doraHaiUra="5" who="1" fromWho="1" sc="331,-13,164,62,265,-13,230,-26" owari="318,42.0,226,-17.0,252,5.0,204,-30.0" /></mjloggm>