<mjloggm ver="2.3"><GO type="97" lobby="0"/><UN n0="%E3%82%A6%E3%83%AB%E3%83%88%E3%83%A9%E7%AB%8B%E7%9B%B4" n1="%E5%A4%9A%E4%BA%95%E9%9A%86%E6%99%B4%E9%96%80%E4%B8%8B%E7%94%9F" n2="%65%62%69%6F%73%75" n3="%47%45%52%42%45%52" dan="15,15,14,14" rate="1988.23,2053.60,1928.64,1893.44" sx="M,M,M,M"/><TAIKYOKU oya="0"/><INIT seed="0,0,0,2,5,10" ten="250,250,250,250" oya="0" hai0="63,4,84,78,113,34,38,48,105,13,111,25,98" hai1="42,1,15,3,88,116,44,97,50,12,77,85,43" hai2="93,31,121,7,58,67,115,94,37,76,122,118,40" hai3="87,75,82,96,30,92,101,89,18,51,20,0,49"/><T112/><D38/><U109/><E116/><V68/><F68/><W57/><G0/><T46/><D63/><U71/><E71/><V2/><F76/><W36/><G36/><T107/><D112/><U47/><E77/><V79/><F31/><W55/><G30/><T90/><D113/><U123/><E97/><V54/><F67/><W35/><G35/><T74/><D74/><U106/><E106/><V83/><F93/><W73/><G51/><T104/><D111/><U52/><E109/><V45/><F94/><W114/><G114/><T27/><D34/><U129/><E123/><V135/><F118/><W133/><G133/><T56/><D56/><U61/><E129/><V125/><F135/><W11/><G11/><N who="0" m="4327" /><D90/><U100/><E100/><V32/><F32/><W91/><G91/><T102/><D98/><U134/><E134/><V108/><F108/><W29/><G29/><T72/><D72/><U130/><E130/><V26/><F115/><W5/><G5/><T8/><D8/><U66/><E3/><V41/><F2/><W60/><G60/><T21/><D21/><U124/><E1/><V62/><F37/><W39/><G39/><T59/><D102/><U132/><E132/><V117/><F117/><W110/><G110/><T131/><D131/><U80/><E61/><V19/><F62/><W64/><G64/><T127/><D104/><U65/><E66/><V86/><F121/><W81/><G81/><N who="0" m="47159" /><D107/><U14/><E65/><V126/><F122/><W53/><G53/><N who="0" m="29847" /><D105/><U17/><E88/><V6/><F79/><W70/><G70/><T24/><D59/><RYUUKYOKU ba="0,0" sc="250,15,250,-15,250,-15,250,15" hai0="24,25,27,127" hai3="18,20,49,55,57,73,75,82,87,89,92,96,101" /><INIT seed="0,1,0,1,0,61" ten="265,235,235,265" oya="0" hai0="13,67,121,7,31,104,93,17,92,45,133,57,81" hai1="99,128,3,113,116,47,55,95,96,1,62,40,41" hai2="98,22,126,64,25,97,111,71,50,5,110,82,68" hai3="120,60,56,46,66,23,83,75,70,124,53,100,117"/><T135/><D104/><U24/><E116/><V91/><F71/><W65/><G117/><T44/><D121/><U130/><E113/><V0/><F50/><W11/><G120/><T118/><D31/><U123/><E123/><V29/><F0/><W122/><G122/><T80/><D7/><U89/><E24/><V26/><F5/><W8/><G124/><T105/><D105/><U129/><E3/><V87/><F126/><W119/><G119/><T32/><D32/><U6/><E99/><V106/><F26/><W54/><G100/><T36/><D118/><U9/><E47/><V131/><F106/><W4/><G70/><T33/><D33/><U77/><E77/><V127/><F127/><W58/><G46/><T132/><D45/><U73/><E73/><V94/><F131/><W112/><G112/><T76/><D44/><U72/><E72/><V30/><F29/><W103/><G103/><T35/><D35/><U10/><E10/><N who="3" m="3626" /><G75/><T79/><D36/><U101/><E101/><V48/><F48/><N who="3" m="30759" /><G4/><T14/><D133/><U15/><E1/><V16/><F30/><W49/><G49/><T102/><D102/><U52/><E62/><N who="2" m="39959" /><F82/><W109/><G109/><AGARI ba="1,0" hai="16,22,25,87,91,94,97,98,109,110,111" m="39959" machi="109" ten="30,3900,0" yaku="14,1,52,1,54,1" doraHai="61" who="2" fromWho="3" sc="265,0,235,0,235,42,265,-42" /><INIT seed="1,0,0,1,0,64" ten="265,235,277,223" oya="1" hai0="108,32,119,62,37,105,48,93,106,73,89,103,18" hai1="42,14,46,92,88,109,84,40,9,110,26,113,95" hai2="72,127,94,63,124,91,69,126,65,77,44,123,100" hai3="104,133,114,102,20,56,16,54,8,23,66,19,52"/><U75/><E75/><V86/><F123/><W97/><G114/><T58/><D37/><U38/><E113/><V41/><F100/><W79/><G133/><T122/><D73/><U128/><E128/><V98/><F72/><W70/><G79/><T120/><D32/><U112/><E112/><V68/><F77/><W125/><G125/><T49/><D18/><U4/><E42/><V27/><F27/><W90/><G90/><T76/><D76/><U80/><REACH who="1" step="1"/><E26/><REACH who="1" ten="265,225,277,223" step="2"/><V1/><F124/><W29/><G29/><T55/><D119/><U15/><E15/><V51/><F126/><W85/><G8/><T31/><D31/><U134/><E134/><V22/><F127/><W53/><G56/><T57/><D57/><U96/><E96/><V111/><F98/><W43/><G43/><T7/><D58/><U10/><E10/><V115/><F41/><W50/><G85/><T35/><D120/><U36/><E36/><V135/><F135/><W25/><G70/><T82/><D122/><U117/><E117/><V116/><F116/><W132/><G132/><T6/><D106/><U11/><E11/><V3/><F115/><W67/><G67/><T107/><D105/><U45/><E45/><V83/><F65/><W34/><G66/><T101/><D107/><U30/><E30/><V21/><F69/><W13/><G50/><T24/><D49/><U121/><E121/><V0/><F51/><W33/><AGARI ba="0,1" hai="13,16,19,20,23,25,33,34,52,53,54,97,102,104" machi="33" ten="30,4000,0" yaku="0,1,54,2" doraHai="64" who="3" fromWho="3" sc="265,-10,225,-20,277,-10,223,50" /><INIT seed="2,0,0,2,0,43" ten="255,205,267,273" oya="2" hai0="128,70,106,15,111,45,121,13,112,19,63,113,79" hai1="118,132,23,54,127,60,67,28,40,6,21,90,27" hai2="24,2,119,134,130,50,66,74,9,3,34,1,51" hai3="103,72,18,133,92,97,25,84,11,82,87,47,123"/><V4/><F119/><W85/><G123/><T116/><D106/><U75/><E75/><V105/><F105/><W5/><G133/><T110/><D121/><U69/><E118/><V107/><F107/><W78/><G18/><T101/><D101/><U46/><E132/><V125/><F134/><W0/><G25/><T55/><D116/><U10/><E127/><V131/><F74/><W81/><G81/><T88/><D79/><U32/><E54/><V124/><F66/><W29/><G29/><T77/><D77/><U95/><E90/><V86/><F86/><W89/><REACH who="3" step="1"/><G47/><REACH who="3" ten="255,205,267,263" step="2"/><T31/><D31/><U20/><E95/><V104/><F104/><W48/><G48/><N who="0" m="29071" /><D19/><U12/><E32/><V135/><F135/><W108/><G108/><N who="0" m="41515" /><D128/><N who="2" m="49194" /><F51/><AGARI ba="0,1" hai="6,10,12,20,21,23,27,28,40,46,51,60,67,69" machi="51" ten="30,2000,0" yaku="7,1,52,1" doraHai="43" who="1" fromWho="2" sc="255,0,205,30,267,-20,263,0" /><INIT seed="3,0,0,1,5,113" ten="255,235,247,263" oya="3" hai0="10,98,97,70,61,128,30,117,116,94,126,48,16" hai1="135,75,47,132,77,28,119,124,55,41,18,66,57" hai2="102,23,99,5,32,17,4,40,80,24,111,35,83" hai3="34,89,86,93,49,133,76,129,73,42,78,118,52"/><W63/><G118/><T131/><D30/><U64/><E28/><V79/><F40/><W85/><G34/><T44/><D98/><U130/><E18/><V122/><F122/><W38/><G38/><T8/><D61/><U29/><E29/><V87/><F111/><W0/><G0/><T84/><D84/><U100/><E100/><V106/><F35/><W22/><G133/><N who="1" m="51274" /><E77/><N who="3" m="29802" /><G129/><N who="0" m="49739" /><D70/><U68/><E75/><V81/><F32/><W107/><G107/><T15/><D10/><U45/><E130/><V91/><F80/><W43/><G73/><AGARI ba="0,0" hai="4,5,17,23,24,73,79,81,83,87,91,99,102,106" machi="73" ten="30,1000,0" yaku="7,1" doraHai="113" who="2" fromWho="3" sc="255,0,235,0,247,10,263,-10" /><INIT seed="4,0,0,3,3,100" ten="255,235,257,253" oya="0" hai0="122,11,128,131,83,58,0,59,114,77,40,21,27" hai1="19,123,135,112,62,121,9,55,17,116,5,67,4" hai2="15,129,87,84,110,45,126,90,72,13,70,132,49" hai3="108,31,50,41,124,68,78,37,36,98,113,96,51"/><T66/><D122/><U81/><E116/><V106/><F110/><W109/><G78/><T46/><D66/><U2/><E112/><V35/><F72/><W44/><G31/><T52/><D114/><U60/><E81/><V65/><F35/><W104/><G113/><T12/><D0/><U95/><E95/><V26/><F26/><W125/><G68/><T120/><D120/><U111/><E67/><V117/><F90/><W133/><G133/><T80/><D59/><U102/><E102/><V74/><F49/><N who="3" m="18443" /><G104/><T93/><D93/><U61/><E111/><N who="3" m="42570" /><G44/><T38/><D77/><U103/><E103/><V105/><F65/><W69/><G41/><T56/><D56/><U22/><E135/><V71/><F132/><W30/><G30/><N who="0" m="17775" /><D83/><U107/><E107/><N who="2" m="40971" /><F117/><W73/><G73/><T43/><D80/><U118/><E118/><V119/><F119/><W23/><G23/><T91/><D91/><U76/><E76/><V79/><F79/><W16/><G16/><N who="1" m="6218" /><E123/><V86/><F74/><W47/><G47/><T89/><D89/><U127/><E121/><V24/><F45/><W1/><G1/><T7/><D43/><U28/><E2/><V34/><F71/><W53/><G53/><T85/><D85/><U3/><E55/><V82/><F84/><W29/><G29/><T115/><D115/><U134/><E134/><V25/><F86/><W42/><G42/><T99/><D99/><N who="3" m="37929" /><G69/><T97/><D97/><U64/><E64/><V6/><F70/><W88/><G88/><T92/><D92/><U63/><N who="1" m="15872" /><DORA hai="33" /><U57/><E57/><V48/><F87/><RYUUKYOKU ba="0,0" sc="255,15,235,-15,257,-15,253,15" hai0="7,11,12,38,40,46,52,58,128,131" hai3="36,37,124,125" /><INIT seed="4,1,0,1,5,84" ten="270,220,242,268" oya="0" hai0="134,105,131,77,16,72,94,40,66,133,103,10,52" hai1="23,38,37,28,75,70,102,65,32,86,21,100,64" hai2="31,121,129,98,18,36,62,34,108,97,78,127,4" hai3="12,2,58,19,25,93,111,120,24,135,124,56,9"/><T69/><D105/><U8/><E86/><V20/><F36/><W107/><G111/><T45/><D66/><U60/><E8/><V91/><F127/><W13/><G107/><T116/><D69/><U117/><E32/><V41/><F41/><W130/><G124/><T118/><D77/><U47/><E70/><V104/><F78/><W61/><G2/><T119/><D72/><U71/><E71/><V128/><F121/><W51/><G135/><N who="0" m="51723" /><D131/><N who="2" m="50250" /><F108/><W113/><G113/><T114/><D114/><U122/><E75/><V49/><F4/><N who="3" m="3111" /><G120/><T109/><D109/><U59/><E122/><V1/><F1/><W80/><G80/><T43/><D94/><U81/><E81/><V106/><F34/><W88/><G51/><N who="0" m="28783" /><D103/><U42/><E102/><V63/><F49/><W125/><G125/><T17/><D10/><U96/><E38/><V22/><F106/><W15/><G15/><T54/><D54/><U92/><E64/><V11/><F104/><W95/><G95/><T26/><D26/><N who="3" m="10345" /><G61/><T5/><D5/><U89/><E60/><V101/><F63/><W48/><G48/><T99/><D99/><U110/><E96/><V33/><F98/><N who="3" m="57639" /><G130/><T50/><D50/><U68/><E110/><V30/><F62/><W79/><G79/><T87/><D87/><U123/><E68/><V90/><F101/><W39/><G39/><T27/><D27/><N who="1" m="16495" /><E37/><V76/><F97/><W55/><G55/><T6/><D6/><U14/><E100/><V29/><F76/><W57/><G13/><T83/><D83/><U115/><E123/><V46/><F33/><W85/><G85/><RYUUKYOKU ba="1,0" sc="270,15,220,-15,242,-15,268,15" hai0="16,17,40,43,116,118,119" hai3="19,56,57,58" /><INIT seed="4,2,0,3,3,52" ten="285,205,227,283" oya="0" hai0="42,85,7,86,104,35,70,116,126,72,84,79,108" hai1="109,58,46,100,78,77,67,88,83,23,44,36,63" hai2="61,97,91,14,56,17,80,15,76,90,40,50,130" hai3="74,41,31,119,114,24,25,110,135,96,12,1,105"/><T71/><D116/><U34/><E109/><V9/><F130/><W19/><G119/><T60/><D35/><U89/><E34/><V2/><F2/><W131/><G110/><T16/><D104/><U81/><E100/><V134/><F134/><W45/><G1/><T13/><D7/><U107/><E107/><V113/><F113/><W38/><G131/><T18/><D18/><U122/><E122/><V121/><F121/><W117/><G117/><T33/><D33/><U53/><E23/><V125/><F125/><W128/><G128/><T112/><D126/><U5/><E5/><V106/><F106/><W55/><G114/><T0/><D0/><U66/><E36/><V75/><F97/><W133/><G74/><T102/><D102/><U22/><E22/><V65/><REACH who="2" step="1"/><F14/><REACH who="2" ten="285,205,217,283" step="2"/><W59/><G96/><T47/><D112/><U68/><E68/><V49/><F49/><N who="3" m="31215" /><G105/><T11/><D71/><U6/><E44/><AGARI ba="2,1" hai="9,15,17,40,44,50,56,61,65,75,76,80,90,91" machi="44" ten="40,2600,0" yaku="1,1,52,1,53,0" doraHai="52" doraHaiUra="115" who="2" fromWho="1" sc="285,0,205,-32,217,42,283,0" /><INIT seed="5,0,0,1,2,38" ten="285,173,259,283" oya="1" hai0="51,113,46,34,98,25,77,104,103,128,24,43,105" hai1="12,116,28,127,133,39,3,1,134,96,22,59,10" hai2="114,135,129,50,76,63,53,52,29,31,90,106,9" hai3="11,109,55,60,81,40,7,88,17,15,62,95,83"/><U80/><E39/><V97/><F76/><W48/><G109/><T26/><D105/><U4/><E59/><N who="2" m="35303" /><F106/><W41/><G7/><T42/><D34/><U118/><E80/><N who="3" m="30794" /><G62/><T67/><D77/><U47/><E47/><N who="2" m="27871" /><F129/><W61/><G60/><T20/><D67/><U69/><E96/><V58/><F135/><N who="1" m="51721" /><E69/><V85/><F97/><N who="3" m="57575" /><G61/><T5/><D128/><U14/><E127/><V92/><F114/><W125/><G125/><T44/><D113/><U21/><E28/><N who="2" m="10827" /><F9/><W111/><G111/><T56/><D56/><AGARI ba="0,0" hai="56,58,85,90,92" m="10827,27871,35303" machi="56" ten="30,2000,0" yaku="8,1,54,1" doraHai="38" who="2" fromWho="0" sc="285,-20,173,0,259,20,283,0" /><AGARI ba="0,0" hai="11,15,17,40,41,48,55,56" m="57575,30794" machi="56" ten="30,7700,0" yaku="8,1,52,2,54,1" doraHai="38" who="3" fromWho="0" sc="265,-77,173,0,279,0,283,77" owari="188,-21.0,173,-33.0,279,8.0,360,46.0" /></mjloggm>