<mjloggm ver="2.3"><GO type="169" lobby="0"/><UN n0="%4B%E3%80%82" n1="%E5%88%BB%E5%AD%90%E5%B8%82%E6%B0%91" n2="%E3%81%92%E3%82%93%E3%81%9F%E3%82%8D%E3%81%AE%E3%81%8B%E3%81%91%E3%82%89" n3="%EF%BC%88%E2%89%A7%E2%96%BD%E2%89%A6%EF%BC%89" dan="16,18,16,19" rate="2131.54,2191.98,2062.67,2326.55" sx="M,M,M,M"/><TAIKYOKU oya="0"/><INIT seed="0,0,0,4,5,74" ten="250,250,250,250" oya="0" hai0="26,78,134,80,113,104,15,53,107,88,34,21,114" hai1="8,130,32,106,39,22,1,96,95,131,63,23,43" hai2="100,64,87,76,61,0,60,133,109,52,5,46,38" hai3="31,75,4,20,79,119,69,6,27,35,84,16,85"/><T3/><D3/><U97/><E32/><V118/><F118/><W59/><G69/><T7/><D134/><U55/><E106/><V12/><F0/><W123/><G123/><T135/><D34/><U117/><E117/><V72/><F72/><W70/><G70/><T57/><D135/><U65/><E55/><V126/><F133/><W82/><G119/><T115/><D7/><U99/><E95/><V125/><F109/><W132/><G132/><T49/><D15/><U25/><E43/><V56/><F100/><W28/><G28/><T127/><D127/><U48/><E48/><V37/><F46/><W45/><G45/><T9/><D9/><U122/><E39/><V112/><F112/><W44/><G59/><T102/><D102/><U66/><E66/><V105/><F105/><W11/><G44/><T51/><D51/><U67/><E67/><V68/><F5/><W13/><REACH who="3" step="1"/><G4/><REACH who="3" ten="250,250,250,240" step="2"/><T73/><REACH who="0" step="1"/><D88/><REACH who="0" ten="240,250,250,240" step="2"/><U29/><E122/><V110/><F126/><W128/><G128/><T124/><D124/><U58/><E130/><V17/><F125/><W54/><G54/><T129/><D129/><U111/><E131/><V40/><F52/><W103/><G103/><T19/><AGARI ba="0,2" hai="19,21,26,49,53,57,73,78,80,104,107,113,114,115" machi="19" ten="30,11700,0" yaku="1,1,0,1,52,1,53,1" doraHai="74" doraHaiUra="47" who="0" fromWho="0" sc="240,137,250,-39,250,-39,240,-39" /><INIT seed="0,1,0,1,5,34" ten="377,211,211,201" oya="0" hai0="130,9,45,85,86,122,57,33,87,35,101,70,17" hai1="29,74,129,107,118,26,1,81,110,40,112,39,14" hai2="126,103,76,13,114,52,95,92,18,43,133,21,0" hai3="42,25,98,5,106,44,91,66,97,59,78,19,49"/><T63/><D122/><U51/><E51/><V11/><F114/><W124/><G124/><T111/><D70/><U123/><E14/><V84/><F126/><W79/><G106/><T68/><D68/><U47/><E112/><V83/><F43/><W56/><G5/><T31/><D130/><U46/><E46/><V116/><F133/><W120/><G120/><T100/><D111/><U94/><E94/><V48/><F103/><W58/><G66/><T80/><D45/><U60/><E60/><V96/><F96/><N who="3" m="36971" /><G91/><T121/><D80/><U24/><E24/><N who="2" m="14391" /><F0/><W16/><G19/><T134/><D134/><U8/><E123/><V102/><F102/><W32/><G32/><T7/><D121/><U127/><E127/><V20/><F20/><AGARI ba="1,0" hai="16,20,25,42,44,49,56,58,59,78,79" m="36971" machi="20" ten="30,2000,0" yaku="8,1,54,1" doraHai="34" who="3" fromWho="2" sc="377,0,211,0,211,-23,201,23" /><INIT seed="1,0,0,1,0,74" ten="377,211,188,224" oya="1" hai0="53,44,17,83,62,82,31,122,116,49,117,36,135" hai1="28,94,40,12,70,124,27,134,38,24,11,52,120" hai2="67,125,119,131,114,108,80,66,33,104,86,48,9" hai3="118,68,93,13,128,34,130,16,89,32,105,112,41"/><U91/><E120/><V0/><F119/><W75/><G112/><T84/><D122/><U111/><E70/><V18/><F33/><W99/><G118/><T20/><D135/><U58/><E134/><V71/><F104/><W69/><G41/><T106/><D106/><U26/><E124/><V98/><F125/><W55/><G105/><T5/><D5/><U59/><E59/><V29/><F29/><W87/><G75/><T129/><D129/><N who="3" m="49769" /><G55/><T46/><D31/><U85/><E111/><V8/><F108/><W81/><G68/><T101/><D101/><U97/><E40/><V2/><F71/><W35/><G69/><T45/><D82/><U92/><E38/><V50/><F114/><W14/><G16/><T57/><D36/><U42/><E42/><V127/><F18/><W132/><G132/><T10/><D10/><U25/><E12/><V121/><F66/><W19/><G19/><T39/><D39/><U126/><E11/><V76/><F67/><W7/><G7/><T54/><D117/><U123/><E126/><V15/><F9/><W1/><G1/><T78/><D116/><U56/><E123/><V90/><F127/><W107/><G107/><T21/><D21/><N who="1" m="15375" /><E52/><V37/><F37/><W115/><G115/><T23/><D20/><U113/><E113/><V61/><F121/><W63/><G63/><T102/><D23/><U95/><E95/><N who="2" m="56695" /><F61/><W64/><G64/><T79/><D62/><U109/><E109/><V43/><F0/><W65/><G65/><T133/><D133/><U22/><E22/><V3/><F2/><W30/><G30/><RYUUKYOKU ba="0,0" sc="377,-15,211,15,188,-15,224,15" hai1="25,26,27,56,58,85,91,92,94,97" hai3="13,14,32,34,35,81,87,89,93,99" /><INIT seed="1,1,0,5,3,31" ten="362,226,173,239" oya="1" hai0="50,0,121,7,46,133,12,55,18,106,96,90,51" hai1="94,98,10,36,124,60,64,101,112,41,2,71,93" hai2="100,56,115,29,15,84,105,21,24,3,73,120,49" hai3="91,110,28,70,116,74,66,104,16,17,85,111,102"/><U35/><E112/><V89/><F73/><W78/><G116/><T58/><D121/><U5/><E124/><V82/><F3/><W43/><G43/><T123/><D123/><U34/><REACH who="1" step="1"/><E94/><REACH who="1" ten="362,216,173,239" step="2"/><V37/><F120/><W99/><G110/><T107/><D106/><U83/><E83/><V67/><F82/><W26/><G111/><T61/><D107/><U119/><E119/><V68/><F105/><W47/><G104/><T54/><D133/><U39/><E39/><V65/><F37/><W109/><G109/><T62/><D0/><U81/><E81/><V128/><F115/><W57/><G74/><T69/><D69/><U126/><E126/><V72/><F68/><W130/><G70/><T11/><D7/><U20/><E20/><V122/><F21/><W129/><G129/><T118/><D118/><U32/><E32/><V22/><F128/><W76/><G130/><T117/><D117/><U4/><E4/><V97/><F72/><W9/><G76/><T131/><D131/><U53/><E53/><V103/><F22/><W127/><G78/><T13/><D13/><U75/><E75/><V108/><F15/><W86/><G127/><T59/><D54/><U87/><E87/><V14/><F108/><W92/><G85/><T135/><D135/><U48/><E48/><V30/><F49/><W27/><G86/><T25/><D51/><U77/><E77/><V95/><F14/><W23/><G92/><N who="0" m="56343" /><D25/><U63/><E63/><AGARI ba="1,1" hai="11,12,18,46,50,55,58,59,61,62,63" m="56343" machi="63" ten="30,1000,0" yaku="8,1" doraHai="31" who="0" fromWho="1" sc="362,23,216,-13,173,0,239,0" /><INIT seed="2,0,0,5,3,74" ten="385,203,173,239" oya="2" hai0="6,131,15,107,18,36,68,126,86,125,7,48,54" hai1="5,16,105,3,14,34,133,106,30,75,95,128,98" hai2="114,12,35,66,110,27,113,90,129,71,134,87,11" hai3="25,83,130,92,72,101,103,89,4,96,93,73,64"/><V70/><F134/><W44/><G130/><T118/><D36/><U55/><E75/><V122/><F122/><W60/><G4/><T99/><D131/><U91/><E128/><V43/><F43/><W117/><G117/><T121/><D68/><U13/><E13/><V77/><F129/><W52/><G25/><T59/><D121/><U9/><E133/><V32/><F71/><W78/><G73/><T132/><D132/><U76/><E76/><V17/><F110/><W26/><G26/><T38/><D38/><U63/><E30/><V100/><F100/><W124/><G124/><T123/><D123/><U81/><E81/><V22/><F35/><W97/><G89/><T108/><D86/><U20/><REACH who="1" step="1"/><E34/><REACH who="1" ten="385,193,173,239" step="2"/><V41/><F32/><W21/><G21/><T85/><D125/><U67/><E67/><V33/><F33/><W50/><G60/><T39/><D126/><U53/><E53/><V2/><F66/><AGARI ba="0,1" hai="44,50,52,64,66,72,78,83,92,93,96,97,101,103" machi="66" ten="40,5200,0" yaku="9,1,52,1,54,1" doraHai="74" who="3" fromWho="2" sc="385,0,193,0,173,-52,239,62" /><INIT seed="3,0,0,5,1,58" ten="385,193,121,301" oya="3" hai0="131,36,37,105,42,3,129,5,63,119,54,14,78" hai1="115,73,51,97,82,84,126,88,27,7,69,72,117" hai2="33,91,47,24,80,81,49,111,132,77,103,16,106" hai3="34,40,76,4,87,75,135,0,109,86,83,2,70"/><W98/><G34/><T102/><D119/><U116/><E7/><V107/><F132/><W68/><G135/><T23/><D3/><U110/><E69/><V10/><F111/><W41/><G109/><T128/><D78/><U71/><E71/><V20/><F33/><W66/><G98/><N who="0" m="61655" /><D42/><U127/><E51/><V120/><F103/><W25/><G25/><T39/><D23/><U22/><E22/><V93/><F120/><W112/><G112/><T60/><D54/><U65/><E65/><V123/><F123/><W21/><G21/><T67/><D67/><U95/><E27/><V56/><F56/><W133/><G133/><T130/><D130/><U113/><E110/><V125/><F125/><N who="1" m="47625" /><E73/><V92/><F10/><AGARI ba="0,0" hai="5,10,14,36,37,39,60,63,128,129,131" m="61655" machi="10" ten="40,5200,0" yaku="19,1,52,2" doraHai="58" who="0" fromWho="2" sc="385,52,193,0,121,-52,301,0" /><INIT seed="4,0,0,3,5,52" ten="437,193,69,301" oya="0" hai0="34,87,61,75,94,132,118,96,37,49,8,53,124" hai1="28,11,48,42,12,57,128,100,24,113,92,129,117" hai2="101,51,19,60,104,107,116,36,38,79,72,76,91" hai3="21,119,108,133,82,39,35,106,45,15,20,105,3"/><T43/><D118/><U2/><E2/><V77/><F72/><W90/><G35/><T111/><D75/><U114/><E117/><V135/><F116/><W78/><G3/><T68/><D34/><U50/><E100/><V7/><F7/><W5/><G108/><T58/><D111/><U26/><E92/><V98/><F107/><W22/><G90/><T123/><D123/><U23/><E24/><V85/><F51/><W44/><G119/><T9/><D132/><U33/><E33/><V63/><F135/><W17/><G5/><T56/><D87/><U121/><E42/><V66/><F19/><W110/><G133/><T1/><D1/><U25/><E25/><V112/><F112/><N who="1" m="43113" /><E121/><V115/><F115/><W62/><G110/><T130/><D130/><N who="1" m="50283" /><E57/><V127/><F127/><W93/><G93/><T95/><D58/><U134/><E134/><V88/><F63/><W89/><G62/><T120/><D124/><U16/><AGARI ba="0,0" hai="11,12,16,23,26,28,48,50" m="50283,43113" machi="16" ten="30,7900,0" yaku="15,1,11,1,19,1,54,1" doraHai="52" who="1" fromWho="1" sc="437,-39,193,79,69,-20,301,-20" /><INIT seed="5,0,0,5,2,40" ten="398,272,49,281" oya="1" hai0="39,46,12,112,127,37,17,96,126,8,69,55,108" hai1="49,59,82,77,5,135,91,84,71,57,117,129,128" hai2="132,23,63,28,73,86,79,76,94,9,115,27,85" hai3="1,109,92,62,102,111,133,100,33,119,43,122,120"/><U89/><E89/><V18/><F132/><W70/><G1/><T106/><D108/><U64/><E117/><V75/><F73/><W113/><G33/><T114/><D69/><U116/><E116/><V72/><F75/><W68/><G119/><T16/><D17/><U87/><E5/><V25/><F72/><W105/><G43/><N who="0" m="22895" /><D55/><U50/><E71/><V4/><F63/><W21/><G133/><T54/><D54/><U53/><E135/><V125/><F125/><N who="0" m="47626" /><D39/><U30/><E30/><V41/><F41/><W6/><G68/><T7/><D7/><U44/><E64/><V29/><F18/><W90/><G6/><T22/><D22/><U104/><E104/><V42/><F42/><W78/><G105/><T99/><D106/><U19/><E19/><V45/><F4/><W103/><G21/><T93/><D99/><U11/><E11/><V35/><F9/><W31/><G70/><T124/><D124/><U48/><E48/><V101/><F23/><W83/><G109/><T121/><D121/><U10/><E10/><V36/><F36/><W60/><G111/><T110/><D110/><U80/><REACH who="1" step="1"/><E50/><REACH who="1" ten="398,262,49,281" step="2"/><V130/><F29/><W38/><G31/><T74/><D8/><U51/><E51/><V66/><F28/><W134/><G38/><T58/><D16/><U98/><E98/><V2/><F66/><W88/><G90/><T131/><D96/><U61/><E61/><V65/><F65/><W67/><G60/><T24/><D112/><U118/><E118/><V56/><F115/><W95/><G113/><T3/><D114/><U52/><E52/><RYUUKYOKU ba="0,1" sc="398,-10,262,30,49,-10,281,-10" hai1="44,49,53,57,59,77,80,82,84,87,91,128,129" /><INIT seed="5,1,1,5,1,31" ten="388,292,39,271" oya="1" hai0="23,8,124,84,103,71,48,104,108,105,41,83,99" hai1="69,82,25,45,16,30,80,52,115,90,53,120,55" hai2="121,129,54,70,49,76,63,15,130,4,66,57,58" hai3="22,47,125,61,42,113,78,19,86,10,119,67,96"/><U133/><E120/><V12/><F76/><W1/><G119/><T56/><D71/><U18/><E69/><V64/><F4/><W102/><G113/><T111/><D105/><U13/><E115/><V118/><F12/><W100/><G125/><T3/><D124/><U135/><E45/><V68/><F15/><W39/><G1/><T85/><D85/><N who="1" m="50471" /><E82/><V97/><F97/><W134/><G10/><T7/><D23/><N who="1" m="15679" /><E13/><V77/><F77/><W89/><G78/><T46/><D56/><U32/><E32/><V74/><F74/><W110/><G47/><T17/><D17/><U33/><E33/><V26/><F26/><W2/><G19/><T73/><D73/><U51/><E51/><V93/><F93/><W75/><G2/><T20/><D20/><U117/><E117/><V37/><F118/><W65/><G22/><T60/><D60/><U81/><E81/><V9/><F121/><W109/><G61/><T95/><D104/><U72/><E72/><V62/><F9/><W88/><G75/><T122/><D122/><U127/><E127/><V112/><F112/><W21/><G21/><T29/><D29/><U131/><E131/><N who="2" m="50187" /><F37/><W107/><G39/><T43/><D83/><U126/><E126/><V34/><F34/><W38/><G38/><T106/><D106/><U14/><E14/><V116/><F116/><W92/><G107/><T44/><D84/><U50/><E50/><AGARI ba="1,1" hai="3,7,8,41,43,44,46,48,50,95,99,103,108,111" machi="50" ten="30,2000,0" yaku="7,1,9,1" doraHai="31" who="0" fromWho="1" sc="388,33,292,-23,39,0,271,0" /><INIT seed="6,0,0,5,4,131" ten="421,269,39,271" oya="2" hai0="34,96,53,48,84,95,125,94,61,45,92,2,31" hai1="67,86,89,107,120,8,119,85,111,123,70,36,35" hai2="26,106,19,29,7,28,101,49,91,122,76,78,72" hai3="57,69,43,109,56,134,90,117,38,71,104,82,55"/><V64/><F122/><N who="1" m="46633" /><E111/><V126/><F72/><W87/><G104/><T127/><D2/><U10/><E119/><V81/><F7/><W65/><G117/><T39/><D39/><U40/><E107/><V47/><F126/><N who="0" m="48138" /><D61/><N who="1" m="40303" /><E35/><V52/><F64/><W51/><G109/><T12/><D12/><U21/><E21/><N who="2" m="13631" /><F106/><W50/><G69/><T129/><D84/><N who="1" m="32363" /><E89/><V98/><F91/><W68/><G90/><N who="0" m="55319" /><D129/><U14/><E14/><V25/><F81/><W32/><G82/><T130/><D130/><U6/><E6/><V27/><F27/><AGARI ba="0,0" hai="27,31,34,45,48,53,94,95" m="55319,48138" machi="27" ten="30,1000,0" yaku="18,1" doraHai="131" who="0" fromWho="2" sc="421,10,269,0,39,-10,271,0" /><INIT seed="7,0,0,2,3,65" ten="431,269,29,271" oya="3" hai0="51,90,34,110,57,132,44,5,24,71,93,39,100" hai1="109,95,23,20,85,6,79,125,124,14,88,123,66" hai2="30,99,64,18,55,56,35,70,33,131,80,135,98" hai3="133,91,47,69,82,1,43,78,32,83,58,10,42"/><W38/><G32/><T27/><D110/><U77/><E109/><V54/><F80/><W116/><G116/><T36/><D100/><U96/><E123/><V107/><F18/><W113/><G69/><T102/><D71/><U16/><E6/><V17/><F17/><W134/><G113/><T112/><D112/><U86/><E66/><V73/><F64/><W89/><G43/><T119/><D102/><U9/><E85/><V72/><F56/><W3/><G58/><T118/><D5/><U108/><E108/><V50/><F50/><W76/><G10/><T37/><D34/><U129/><E129/><V60/><F30/><W105/><G105/><T11/><D11/><U46/><E46/><V7/><F7/><W114/><G114/><T121/><D121/><U127/><E96/><V74/><F70/><W19/><G19/><T130/><D57/><U52/><E52/><V62/><F74/><N who="3" m="43287" /><G78/><AGARI ba="0,0" hai="9,14,16,20,23,77,78,79,86,88,95,124,125,127" machi="78" ten="40,5200,0" yaku="18,1,54,2" doraHai="65" who="1" fromWho="3" sc="431,0,269,52,29,0,271,-52" owari="431,53.0,321,12.0,29,-47.0,219,-18.0" /></mjloggm>