<mjloggm ver="2.3"><GO type="97" lobby="0"/><UN n0="%E3%82%A6%E3%83%AB%E3%83%88%E3%83%A9%E7%AB%8B%E7%9B%B4" n1="%61%6B%75%62%69" n2="%4D%41%59%4F%4E%45%45" n3="%74%6F%6E%65%50" dan="15,14,13,13" rate="2011.66,1949.29,1946.88,1824.57" sx="M,M,M,M"/><TAIKYOKU oya="0"/><INIT seed="0,0,0,1,1,121" ten="250,250,250,250" oya="0" hai0="128,98,36,55,40,25,125,44,129,78,19,15,13" hai1="74,50,114,103,82,42,62,119,97,20,63,26,107" hai2="122,23,3,18,31,46,22,29,64,17,131,43,100" hai3="93,95,83,116,79,67,28,53,127,102,33,87,52"/><T135/><D78/><U34/><E34/><V7/><F122/><W60/><G116/><T0/><D0/><U9/><E119/><V65/><F131/><N who="0" m="50250" /><D125/><U41/><E114/><V12/><F3/><W71/><G127/><T27/><D135/><U77/><E9/><V115/><F115/><W30/><G33/><T39/><D39/><U5/><E5/><V126/><F7/><W124/><G124/><T72/><D72/><U101/><E101/><V133/><F133/><W76/><G76/><T75/><D75/><U1/><E1/><V84/><F100/><W45/><G102/><T132/><D132/><U134/><E134/><V49/><F126/><W61/><G61/><T86/><D98/><U11/><E11/><V51/><F51/><W16/><G16/><T24/><D86/><U92/><E107/><V106/><F84/><W56/><G71/><T59/><D19/><U73/><E73/><V66/><REACH who="2" step="1"/><F106/><REACH who="2" ten="250,250,240,250" step="2"/><W8/><G93/><T48/><AGARI ba="0,1" hai="13,15,24,25,27,36,40,44,48,55,59" m="50250" machi="48" ten="30,1500,0" yaku="19,1" doraHai="121" who="0" fromWho="0" sc="250,25,250,-5,240,-5,250,-5" /><INIT seed="0,1,0,4,1,92" ten="275,245,235,245" oya="0" hai0="86,10,131,99,45,24,82,77,78,74,126,119,93" hai1="30,83,81,4,102,6,70,65,123,67,9,68,47" hai2="39,124,48,128,18,89,34,118,25,107,43,76,56" hai3="109,16,17,44,11,52,37,27,58,111,20,62,87"/><T72/><D119/><U1/><E30/><V8/><F118/><W66/><G87/><T57/><D57/><U41/><E123/><V15/><F39/><W80/><G80/><N who="0" m="47383" /><D24/><U5/><E102/><V51/><F107/><W0/><G37/><T114/><D45/><U60/><E9/><V73/><F124/><W84/><G84/><N who="0" m="48207" /><D10/><U26/><E26/><V19/><F128/><W116/><G116/><T32/><D32/><U95/><E1/><V135/><F135/><W71/><G0/><T100/><D114/><U121/><E121/><V3/><F3/><W79/><G44/><T40/><D40/><U46/><E46/><V75/><F34/><W129/><G11/><T104/><D131/><U33/><E33/><V101/><F43/><W31/><G129/><T23/><D23/><U12/><E12/><V96/><F51/><N who="3" m="31007" /><G79/><T120/><D120/><U108/><E67/><V106/><F76/><W94/><G31/><T53/><D53/><U91/><E70/><V103/><F25/><W59/><G17/><T134/><D134/><U55/><E55/><V35/><F35/><W115/><G115/><T113/><D113/><U42/><E42/><V22/><F22/><W112/><G112/><T127/><D104/><U133/><E133/><V130/><F106/><W50/><G71/><T125/><AGARI ba="1,0" hai="72,74,93,99,100,125,126,127" m="48207,47383" machi="125" ten="30,11700,0" yaku="18,1,34,2,52,1" doraHai="92" who="0" fromWho="0" sc="275,120,245,-40,235,-40,245,-40" /><INIT seed="0,2,0,3,2,79" ten="395,205,195,205" oya="0" hai0="44,126,51,83,1,90,66,22,13,119,114,15,107" hai1="69,112,95,80,96,110,120,92,106,130,50,21,0" hai2="24,115,87,54,93,85,26,113,48,3,39,131,78" hai3="118,123,86,91,45,134,32,17,122,42,14,121,97"/><T109/><D1/><U99/><E69/><V102/><F39/><W38/><G32/><T35/><D35/><U30/><E0/><V53/><F3/><W65/><G65/><T31/><D107/><U56/><E106/><V33/><F33/><W75/><G75/><T27/><D119/><U94/><E120/><V12/><F131/><W108/><G118/><T89/><D114/><U63/><E112/><V60/><F102/><W29/><G29/><T71/><D126/><U129/><E50/><V68/><F68/><W101/><G108/><T74/><D109/><U61/><E110/><V100/><F100/><W16/><G134/><T105/><D105/><U46/><E46/><V55/><F48/><W76/><G76/><T34/><D34/><U28/><E56/><V36/><F36/><W25/><G25/><T52/><D74/><U88/><E21/><V43/><F43/><W82/><REACH who="3" step="1"/><G14/><REACH who="3" ten="395,205,195,195" step="2"/><T64/><D66/><U4/><E28/><V8/><F115/><W11/><G11/><T57/><D64/><U47/><E30/><V125/><F113/><W5/><G5/><T116/><D13/><U19/><E4/><V81/><F8/><W103/><G103/><T77/><D15/><U37/><E19/><V9/><F125/><W41/><G41/><T98/><D116/><U18/><E18/><N who="2" m="8463" /><F60/><W104/><AGARI ba="2,1" hai="16,17,38,42,45,82,86,91,97,101,104,121,122,123" machi="104" ten="30,8000,1" yaku="1,1,0,1,13,1,52,1,54,1,53,0" doraHai="79" doraHaiUra="58" who="3" fromWho="3" sc="395,-42,205,-22,195,-22,195,96" /><INIT seed="1,0,0,2,1,122" ten="353,183,173,291" oya="1" hai0="99,78,54,113,127,77,56,8,9,80,31,107,111" hai1="37,35,117,76,3,40,91,5,87,12,22,0,126" hai2="135,96,133,43,4,90,93,120,88,60,83,24,75" hai3="19,21,102,41,66,44,2,49,128,6,109,32,124"/><U46/><E35/><V61/><F120/><W45/><G32/><T123/><D31/><U58/><E117/><V69/><F4/><W132/><G102/><N who="0" m="62943" /><D113/><U106/><E106/><V95/><F43/><W84/><G132/><N who="2" m="50761" /><F69/><W74/><G74/><T134/><D123/><U116/><E76/><N who="2" m="44447" /><F24/><W97/><G128/><T72/><D78/><U115/><E116/><V38/><F38/><W85/><G124/><T51/><D127/><U62/><E115/><V20/><F20/><W39/><G66/><T105/><D105/><U42/><E42/><V10/><F10/><W18/><G21/><T110/><D134/><U119/><E119/><V68/><F68/><W70/><G70/><T131/><D131/><U86/><E126/><V29/><F29/><W57/><G41/><T53/><D53/><U13/><E13/><V101/><F101/><W104/><G39/><T52/><D54/><U16/><E5/><V36/><F36/><W50/><G6/><T28/><D28/><U7/><E7/><V94/><F94/><W48/><G104/><T59/><D59/><U67/><REACH who="1" step="1"/><E91/><REACH who="1" ten="353,173,173,291" step="2"/><V25/><F25/><W63/><G2/><AGARI ba="0,1" hai="0,2,3,12,16,22,37,40,46,58,62,67,86,87" machi="2" ten="40,7700,0" yaku="1,1,2,1,54,1,53,0" doraHai="122" doraHaiUra="100" who="1" fromWho="3" sc="353,0,173,87,173,0,291,-77" /><INIT seed="1,1,0,3,1,77" ten="353,260,173,214" oya="1" hai0="35,71,23,56,8,62,16,29,87,85,36,134,94" hai1="123,81,27,14,21,93,28,130,37,90,1,97,68" hai2="22,50,75,40,79,18,64,34,132,65,46,83,43" hai3="117,124,17,19,128,45,76,60,135,55,133,61,54"/><U125/><E1/><V107/><F34/><W2/><G2/><T112/><D71/><U12/><E37/><V26/><F132/><N who="3" m="50763" /><G117/><T111/><D36/><U104/><E68/><V73/><F107/><W59/><G128/><T101/><D35/><U5/><E104/><V126/><F126/><W127/><G76/><T24/><D111/><U78/><E123/><V6/><F75/><W118/><G118/><T10/><D112/><U95/><E125/><N who="3" m="48202" /><G45/><T114/><D114/><U3/><E130/><V7/><F43/><W20/><G20/><T72/><D72/><U105/><E105/><V100/><F100/><W52/><G59/><T31/><D134/><U30/><E30/><V131/><F131/><W113/><G113/><T63/><D56/><U38/><E38/><V51/><F50/><W13/><G13/><T116/><D116/><U99/><E3/><V103/><F103/><W89/><G89/><T66/><D101/><U39/><E39/><V9/><REACH who="2" step="1"/><F7/><REACH who="2" ten="353,260,163,214" step="2"/><W67/><G67/><T84/><D66/><U53/><E5/><V49/><F49/><W92/><G92/><T32/><D94/><U4/><E4/><V119/><F119/><W86/><G86/><T41/><D85/><N who="1" m="48311" /><E53/><V58/><F58/><W82/><G82/><T69/><D32/><U106/><E106/><V98/><F98/><W110/><G110/><T57/><D87/><U33/><E33/><V80/><F80/><W120/><G120/><T96/><D84/><U42/><E42/><V25/><F25/><W0/><G0/><AGARI ba="1,1" hai="0,6,9,18,22,26,40,46,51,64,65,73,79,83" machi="0" ten="30,7700,0" yaku="1,1,7,1,52,1,53,1" doraHai="77" doraHaiUra="47" who="2" fromWho="3" sc="353,0,260,0,163,90,214,-80" /><INIT seed="2,0,0,2,5,46" ten="353,260,253,134" oya="2" hai0="19,77,109,14,29,84,49,76,21,35,16,74,135" hai1="9,86,60,24,6,44,103,41,104,64,62,115,123" hai2="114,8,112,40,12,59,10,83,106,89,98,124,27" hai3="38,111,28,55,121,69,50,96,1,93,129,23,82"/><V116/><F116/><W78/><G121/><T0/><D0/><U39/><E104/><V43/><F114/><W90/><G1/><T61/><D74/><U13/><E103/><V20/><F112/><W25/><G38/><T63/><D29/><U79/><E123/><V32/><F32/><W57/><G129/><T120/><D35/><U47/><E115/><V99/><F106/><W107/><G111/><T65/><D135/><U37/><E24/><V30/><F124/><W7/><G107/><T45/><D109/><U2/><E2/><V3/><F3/><W15/><G69/><T128/><D128/><U118/><E118/><V122/><F122/><W75/><G7/><T97/><D97/><N who="2" m="36874" /><F10/><W125/><G125/><T67/><D84/><U53/><E64/><N who="0" m="24649" /><D19/><U26/><E26/><V34/><F34/><W22/><G15/><T113/><D113/><U81/><REACH who="1" step="1"/><E53/><REACH who="1" ten="353,250,253,134" step="2"/><V4/><F59/><W131/><G131/><T130/><D130/><U134/><E134/><V68/><F68/><W105/><G105/><T71/><D71/><U95/><E95/><V52/><F52/><W56/><G55/><N who="0" m="30127" /><D120/><U117/><E117/><V17/><F30/><W101/><G28/><T72/><D72/><U94/><E94/><V31/><F31/><W87/><G25/><T88/><D14/><U51/><E51/><V5/><F5/><W73/><G50/><T70/><D70/><U58/><E58/><N who="3" m="22634" /><G75/><T80/><D63/><U54/><E54/><V102/><F102/><W132/><G132/><T48/><D61/><U18/><E18/><V11/><F11/><W119/><G119/><RYUUKYOKU ba="0,1" sc="353,-30,250,10,253,10,134,10" hai1="6,9,13,37,39,41,44,47,60,62,79,81,86" hai2="4,8,12,17,20,27,40,43,83,89" hai3="22,23,73,78,82,87,90,93,96,101" /><INIT seed="2,1,1,0,3,79" ten="323,260,263,144" oya="2" hai0="103,104,114,15,32,126,75,33,100,65,120,36,64" hai1="27,68,91,11,109,45,35,50,5,93,113,125,39" hai2="77,90,57,123,31,16,97,95,51,127,12,61,56" hai3="73,105,6,17,71,84,29,18,116,128,53,94,110"/><V4/><F127/><W52/><G105/><T55/><D36/><U119/><E39/><V66/><F123/><W96/><G73/><T0/><D75/><U131/><E68/><V111/><F111/><W106/><G116/><T23/><D0/><U72/><E72/><V82/><F31/><W30/><G106/><T14/><D104/><U78/><E78/><V58/><F4/><W99/><G110/><T62/><D23/><U59/><E119/><V22/><F51/><W122/><G122/><T40/><D62/><U13/><E109/><V76/><F76/><W9/><G71/><T101/><D55/><N who="3" m="21065" /><G128/><T121/><D103/><U49/><E59/><V74/><AGARI ba="1,1" hai="12,16,22,56,57,58,61,66,74,77,82,90,95,97" machi="74" ten="20,7800,0" yaku="0,1,7,1,52,1,54,1" doraHai="79" who="2" fromWho="2" sc="323,-27,260,-27,263,91,144,-27" /><INIT seed="2,2,0,1,2,58" ten="296,233,354,117" oya="2" hai0="69,82,89,65,63,103,112,16,11,27,113,26,6" hai1="78,111,102,119,43,128,42,22,110,50,131,66,33" hai2="104,72,109,39,40,53,45,48,37,41,25,31,17" hai3="100,130,19,80,85,34,24,123,64,125,132,114,74"/><V47/><F72/><W60/><G19/><T62/><D103/><U15/><E33/><V118/><F118/><W12/><G12/><T134/><D134/><U127/><E78/><V124/><F104/><W126/><G85/><T18/><D89/><U59/><E102/><V95/><F17/><W99/><G132/><T88/><D88/><U29/><E15/><V10/><F10/><W44/><G44/><T108/><D108/><N who="1" m="41515" /><E22/><V76/><F109/><W38/><G38/><T75/><D82/><U117/><E29/><V30/><F76/><W90/><G90/><T122/><D122/><U61/><E127/><N who="3" m="48650" /><G123/><T115/><D75/><U55/><E117/><V1/><F124/><W57/><G130/><N who="1" m="49706" /><E119/><V135/><F95/><W23/><G34/><T86/><D27/><U8/><E8/><V51/><F1/><W116/><G116/><T79/><D26/><U14/><E14/><V94/><F94/><N who="3" m="58487" /><G74/><T105/><D105/><U9/><E9/><V71/><F25/><W52/><G114/><T107/><D107/><U46/><AGARI ba="2,0" hai="42,43,46,50,55,59,61,66" m="49706,41515" machi="46" ten="30,8000,1" yaku="14,1,19,1,34,2,52,1" doraHai="58" who="1" fromWho="1" sc="296,-22,233,86,354,-42,117,-22" /><INIT seed="3,0,0,1,1,5" ten="274,319,312,95" oya="3" hai0="84,52,121,90,7,18,28,20,81,56,54,131,92" hai1="101,22,29,58,69,40,48,106,116,27,91,63,128" hai2="13,97,83,64,75,26,65,25,80,10,30,32,6" hai3="79,126,70,24,95,71,49,130,72,87,51,86,88"/><W124/><G24/><T110/><D131/><U16/><E69/><N who="3" m="26122" /><G130/><T100/><D110/><U120/><E120/><V125/><F125/><N who="3" m="48235" /><G72/><T50/><D121/><U103/><E116/><V2/><F26/><W74/><G74/><T61/><D28/><U17/><E106/><V78/><F80/><AGARI ba="0,0" hai="49,51,79,80,86,87,88,95" m="48235,26122" machi="80" ten="30,2900,0" yaku="18,1,54,1" doraHai="5" who="3" fromWho="2" sc="274,0,319,0,312,-29,95,29" /><INIT seed="3,1,0,2,3,107" ten="274,319,283,124" oya="3" hai0="120,25,34,53,99,37,81,67,62,102,48,83,32" hai1="86,10,94,28,100,4,85,40,0,97,77,24,5" hai2="6,126,42,130,49,51,14,108,22,115,112,117,96" hai3="110,95,87,129,61,121,38,135,65,33,56,114,69"/><W1/><RYUUKYOKU type="yao9" ba="1,0" sc="274,0,319,0,283,0,124,0" hai3="1,33,38,56,61,65,69,87,95,110,114,121,129,135" /><INIT seed="3,2,0,2,2,51" ten="274,319,283,124" oya="3" hai0="78,47,79,0,123,100,40,97,12,14,42,99,30" hai1="127,17,34,38,19,1,104,52,15,72,96,7,62" hai2="70,86,26,80,110,18,85,114,60,46,11,71,94" hai3="25,134,81,115,6,92,24,20,124,116,16,87,133"/><W69/><G69/><T64/><D0/><U58/><E34/><V33/><F114/><W32/><G115/><T135/><D135/><N who="3" m="51721" /><G116/><T93/><D123/><U48/><E72/><V39/><F110/><W84/><G6/><T75/><D75/><U107/><E38/><V63/><F33/><W27/><G124/><T41/><D30/><U128/><E1/><V119/><F119/><W106/><G106/><T44/><D64/><U45/><E127/><V120/><F120/><W125/><G125/><T67/><D67/><U73/><E73/><V22/><F71/><W65/><G65/><T36/><D36/><U82/><E128/><V3/><F70/><W109/><G109/><T37/><D37/><U126/><E107/><V117/><F117/><W121/><G121/><T23/><D23/><U43/><E82/><V132/><F132/><W74/><G32/><T118/><D118/><U2/><E2/><V89/><F3/><W108/><G108/><T103/><D42/><U28/><E28/><V76/><F11/><W83/><G74/><T55/><D93/><U35/><E35/><V61/><F39/><W113/><G113/><T91/><D91/><U95/><E104/><V122/><F122/><W131/><G131/><T112/><D112/><U77/><E77/><V56/><REACH who="2" step="1"/><F46/><REACH who="2" ten="274,319,273,124" step="2"/><W13/><G92/><T31/><D31/><U101/><E126/><V57/><AGARI ba="2,1" hai="18,22,26,56,57,60,61,63,76,80,85,86,89,94" machi="57" ten="30,7900,0" yaku="1,1,2,1,0,1,8,1,53,0" doraHai="51" doraHaiUra="29" who="2" fromWho="2" sc="274,-22,319,-22,273,95,124,-41" owari="252,-15.0,297,10.0,368,47.0,83,-42.0" /></mjloggm>