<mjloggm ver="2.3"><GO type="97" lobby="0"/><UN n0="%EF%BC%8A%E5%81%BD%E5%B0%86%E8%BB%8D%EF%BC%8A" n1="%E3%82%BD%E3%83%BC%E3%83%8A%E3%83%B3%E3%82%B9" n2="%E3%82%A6%E3%83%AB%E3%83%88%E3%83%A9%E7%AB%8B%E7%9B%B4" n3="%E3%81%A8%E3%82%93%E3%81%8C%E3%82%8A%E3%82%B3%E3%83%BC%E3%83%B3" dan="15,13,15,13" rate="2035.90,1884.23,1967.82,1860.11" sx="M,M,M,M"/><TAIKYOKU oya="0"/><INIT seed="0,0,0,1,0,26" ten="250,250,250,250" oya="0" hai0="66,70,30,125,12,128,89,74,94,129,4,42,85" hai1="13,106,97,103,41,92,133,37,96,135,105,69,83" hai2="130,99,6,112,65,0,118,54,124,24,64,50,113" hai3="73,108,14,71,46,110,119,104,126,117,27,93,58"/><T60/><D74/><U76/><E69/><V88/><F118/><W114/><G104/><N who="1" m="40042" /><E41/><V7/><F0/><W36/><G73/><T38/><D125/><U11/><E13/><V122/><F124/><W63/><G71/><T40/><D38/><U68/><E11/><V77/><F77/><W67/><G126/><T61/><D42/><U53/><E53/><V75/><F75/><W100/><G114/><T51/><D51/><U111/><E68/><V123/><F24/><W1/><G1/><T52/><D40/><U82/><E37/><V62/><F54/><W55/><G14/><T32/><D4/><U21/><E21/><V116/><F62/><W34/><G93/><T33/><D12/><U39/><E39/><V121/><F50/><N who="3" m="29143" /><G100/><T44/><D44/><U45/><E45/><V47/><F47/><W43/><G43/><T79/><D79/><U9/><E9/><V48/><F48/><W134/><G36/><T22/><D22/><U15/><E15/><V102/><F116/><W57/><G57/><T10/><D10/><U31/><E31/><V86/><F113/><W95/><G95/><T3/><D3/><U16/><E16/><V132/><F112/><W90/><G90/><T56/><REACH who="0" step="1"/><D30/><REACH who="0" ten="240,250,250,250" step="2"/><U35/><E35/><AGARI ba="0,1" hai="32,33,35,52,56,60,61,66,70,85,89,94,128,129" machi="35" ten="40,7700,0" yaku="1,1,2,1,54,1,53,0" doraHai="26" doraHaiUra="109" who="0" fromWho="1" sc="240,87,250,-77,250,0,250,0" /><INIT seed="0,1,0,2,5,123" ten="327,173,250,250" oya="0" hai0="41,49,48,131,29,54,127,124,3,126,120,19,37" hai1="11,91,39,61,52,7,18,116,130,2,81,105,74" hai2="50,62,38,72,36,101,8,110,21,53,40,34,107" hai3="82,87,112,100,119,114,35,17,20,64,73,28,70"/><T13/><D3/><U86/><E116/><V98/><F72/><W99/><G73/><T16/><D120/><U67/><E39/><V77/><F77/><W26/><G119/><T23/><D37/><U69/><E105/><V76/><F76/><W59/><G70/><T30/><D131/><U32/><E32/><V9/><F40/><W31/><G31/><T115/><D115/><U78/><E130/><V55/><F34/><W27/><G59/><T111/><D41/><U96/><E96/><V134/><F134/><W117/><G64/><T12/><D111/><U4/><E18/><V15/><F21/><W92/><REACH who="3" step="1"/><G117/><REACH who="3" ten="327,173,250,240" step="2"/><T125/><D124/><U90/><E74/><V25/><F110/><W51/><G51/><T75/><D48/><U83/><E83/><V108/><F108/><W42/><G42/><T1/><D75/><U5/><E2/><V63/><F50/><W85/><G85/><T24/><D29/><U44/><E11/><V89/><F8/><W128/><G128/><T68/><D1/><U135/><E135/><V45/><F9/><W97/><G97/><T94/><D68/><U58/><REACH who="1" step="1"/><E44/><REACH who="1" ten="327,163,250,240" step="2"/><V46/><F98/><W14/><G14/><T0/><D0/><U104/><E104/><V102/><F15/><W132/><G132/><T88/><D12/><U106/><E106/><V133/><F107/><W10/><G10/><T80/><D13/><U71/><E71/><V65/><F133/><W57/><G57/><N who="0" m="32975" /><D80/><U103/><E103/><V121/><F38/><W122/><G122/><T6/><D6/><U118/><E118/><V56/><F36/><RYUUKYOKU ba="1,2" sc="327,10,163,10,250,-30,240,10" hai0="16,19,23,24,30,88,94,125,126,127" hai1="4,5,7,52,58,61,67,69,78,81,86,90,91" hai3="17,20,26,27,28,35,82,87,92,99,100,112,114" /><INIT seed="0,2,2,4,0,86" ten="337,173,220,250" oya="0" hai0="77,133,100,135,121,130,4,31,78,54,25,58,112" hai1="62,55,39,81,9,50,114,53,108,45,0,128,7" hai2="119,59,123,118,84,98,69,85,23,107,113,17,65" hai3="41,132,18,40,57,47,21,73,134,111,28,102,27"/><T99/><D121/><U15/><E128/><V33/><F33/><W64/><G73/><T48/><D112/><U83/><E108/><V116/><F69/><W42/><G102/><T106/><D4/><U2/><E114/><V92/><F107/><W127/><G111/><T12/><D130/><U124/><E124/><V79/><F79/><W38/><G127/><T29/><D29/><U93/><E39/><V60/><F113/><W22/><G57/><T1/><D12/><U67/><E55/><V71/><F71/><W96/><G64/><T70/><D1/><U126/><E126/><V95/><F95/><W46/><G96/><T5/><D5/><U51/><E51/><V90/><REACH who="2" step="1"/><F123/><REACH who="2" ten="337,173,210,250" step="2"/><W66/><G66/><T11/><D70/><U115/><E115/><V129/><F129/><W35/><G35/><T101/><D78/><U20/><E0/><V104/><F104/><W74/><G74/><T37/><D77/><U44/><E93/><V80/><F80/><W30/><G30/><T24/><BYE who="3" /><D31/><UN n3="%E3%81%A8%E3%82%93%E3%81%8C%E3%82%8A%E3%82%B3%E3%83%BC%E3%83%B3" /><U120/><E83/><V91/><F91/><W82/><G28/><T56/><D106/><U105/><E81/><V19/><F19/><W34/><G82/><T125/><D125/><U88/><E105/><V68/><F68/><W87/><G34/><T76/><D76/><U8/><E120/><V32/><F32/><W43/><G18/><T75/><D75/><U131/><E131/><V52/><F52/><W97/><G38/><T89/><D37/><U6/><E88/><V3/><F3/><W26/><G41/><T16/><D89/><U72/><E72/><RYUUKYOKU ba="2,3" sc="337,-10,173,-10,210,30,250,-10" hai2="17,23,59,60,65,84,85,90,92,98,116,118,119" /><INIT seed="1,3,3,4,4,47" ten="327,163,240,240" oya="1" hai0="52,125,30,53,45,74,7,16,115,57,67,2,99" hai1="38,124,9,35,51,40,41,61,94,50,20,76,48" hai2="39,87,59,36,21,123,56,15,13,54,114,82,103" hai3="108,1,107,17,34,64,111,128,110,85,77,130,46"/><U121/><E35/><V96/><F123/><W22/><G107/><T135/><D74/><U75/><E121/><V91/><F114/><W73/><G34/><T14/><D115/><U104/><E104/><V23/><F39/><W131/><G1/><T18/><D125/><U129/><E124/><V29/><F36/><W112/><G112/><T78/><D78/><U24/><E38/><V5/><F56/><W126/><G126/><T55/><D2/><U133/><E133/><V127/><F127/><W3/><G3/><T122/><D135/><U65/><E129/><V63/><F5/><W58/><G73/><T84/><D30/><N who="1" m="17671" /><E76/><V102/><F29/><W109/><G46/><T97/><D45/><U10/><E94/><N who="2" m="58647" /><F103/><W49/><G85/><T28/><D84/><U88/><E88/><V12/><AGARI ba="3,3" hai="12,13,15,21,23,54,59,63,82,87,91" m="58647" machi="12" ten="30,1100,0" yaku="8,1" doraHai="47" who="2" fromWho="2" sc="327,-6,163,-8,240,50,240,-6" /><INIT seed="2,0,0,1,5,40" ten="321,155,290,234" oya="2" hai0="98,93,4,22,113,26,130,69,51,10,102,13,125" hai1="36,110,92,60,104,86,25,19,101,8,29,9,3" hai2="73,32,43,54,31,58,39,64,14,89,84,103,77" hai3="37,122,59,129,114,115,135,62,72,112,106,127,126"/><V109/><F64/><N who="3" m="39007" /><G72/><T119/><D69/><U97/><E110/><V50/><F109/><W7/><G106/><T70/><D70/><U79/><E36/><V42/><F103/><W83/><G83/><T38/><D38/><U1/><E3/><V46/><F77/><W18/><G7/><T121/><D113/><U116/><E1/><V66/><F73/><W44/><G122/><T80/><D121/><U94/><E116/><V128/><F128/><W124/><G18/><T6/><D130/><U11/><E104/><V78/><F78/><W88/><G88/><T16/><D119/><U96/><E60/><V12/><F66/><W67/><G129/><T35/><D35/><U107/><E107/><V41/><F39/><W132/><G67/><T24/><D24/><U27/><BYE who="0" /><E86/><V87/><F87/><W21/><G21/><T81/><D81/><U52/><E79/><V91/><F31/><W85/><G85/><UN n0="%EF%BC%8A%E5%81%BD%E5%B0%86%E8%BB%8D%EF%BC%8A" /><T49/><D125/><U123/><E123/><V55/><F32/><W2/><G2/><T20/><D80/><U90/><E19/><V105/><F105/><W23/><G23/><T45/><D22/><U34/><E34/><V28/><F28/><W71/><G71/><T117/><D117/><U131/><E131/><V47/><F89/><W53/><G53/><T134/><D4/><U65/><E65/><V68/><F55/><W133/><G37/><T111/><D111/><U5/><E5/><V99/><F68/><W63/><G63/><T30/><D6/><U118/><E118/><V95/><F84/><W108/><G108/><T57/><D30/><RYUUKYOKU ba="0,0" sc="321,-15,155,-15,290,15,234,15" hai2="12,14,41,42,43,46,47,50,54,58,91,95,99" hai3="44,112,114,115,124,126,127,132,133,135" /><INIT seed="2,1,0,4,3,18" ten="306,140,305,249" oya="2" hai0="62,21,72,39,40,75,132,102,60,35,20,82,92" hai1="65,53,64,110,51,25,111,135,41,15,63,52,12" hai2="16,2,70,55,120,57,69,45,121,67,24,130,77" hai3="50,86,58,114,97,118,76,124,100,17,27,74,34"/><V22/><F2/><W7/><G118/><T48/><D35/><U113/><E25/><V59/><F45/><W126/><G74/><T119/><D39/><U1/><E1/><V109/><F69/><W117/><G117/><T93/><D132/><U106/><E106/><V46/><F70/><W108/><G108/><N who="1" m="41514" /><E12/><V89/><F77/><W0/><G114/><T32/><D32/><U78/><E15/><V116/><F116/><W122/><G122/><T104/><D119/><U95/><E95/><V6/><F6/><W98/><G17/><T30/><D104/><U134/><E78/><V112/><F112/><W87/><G7/><T4/><D4/><U127/><E113/><V81/><F109/><W107/><G0/><T9/><D9/><U94/><E94/><V80/><F80/><N who="3" m="47367" /><G87/><T99/><D30/><U38/><E127/><N who="3" m="48682" /><G100/><T47/><D82/><U37/><E41/><V33/><F81/><W14/><G107/><T43/><D102/><U68/><E65/><V56/><F67/><W5/><G5/><T73/><D99/><U23/><E23/><V101/><F101/><W44/><G14/><T79/><D79/><U42/><E42/><V133/><F33/><W13/><G13/><T88/><D88/><U61/><E61/><V91/><F89/><W11/><G11/><T10/><D10/><U31/><E31/><V29/><F91/><W83/><G83/><T90/><D90/><U19/><E19/><V129/><F29/><N who="3" m="19775" /><G44/><T105/><D47/><N who="1" m="27775" /><E53/><AGARI ba="1,0" hai="50,53,58,97,98" m="19775,48682,47367" machi="53" ten="30,1000,0" yaku="18,1" doraHai="18" who="3" fromWho="1" sc="306,0,140,-13,305,0,249,13" /><INIT seed="3,0,0,5,0,69" ten="306,127,305,262" oya="3" hai0="20,10,13,64,102,18,97,46,51,113,72,33,121" hai1="88,25,11,48,87,49,59,77,34,81,105,133,62" hai2="9,114,71,111,39,55,95,52,21,31,106,103,63" hai3="70,12,15,6,32,45,26,112,89,83,132,44,126"/><W79/><G112/><T1/><D72/><U98/><E133/><V23/><F39/><W57/><G70/><T60/><D33/><U61/><E105/><V28/><F114/><W120/><G132/><T82/><D113/><U73/><E34/><V109/><F106/><W8/><G120/><T2/><D82/><U99/><E62/><V129/><F9/><W0/><G126/><T84/><D20/><N who="2" m="7754" /><F71/><W68/><G68/><T7/><D7/><U67/><E25/><V22/><F22/><W76/><G32/><T66/><D84/><U110/><E110/><N who="2" m="41995" /><F129/><W16/><G26/><T58/><D66/><U130/><E130/><V80/><F80/><W96/><G0/><T118/><D121/><U94/><E11/><V56/><F55/><W14/><G57/><T119/><D118/><U104/><E99/><AGARI ba="0,0" hai="28,31,52,56,63,95,99,103" m="41995,7754" machi="99" ten="30,2000,0" yaku="14,1,54,1" doraHai="69" who="2" fromWho="1" sc="306,0,127,-20,305,20,262,0" owari="306,11.0,107,-39.0,325,42.0,262,-14.0" /></mjloggm>