<mjloggm ver="2.3"><GO type="97" lobby="0"/><UN n0="%E5%A3%8A%E8%B5%A4" n1="%E2%98%86%E6%98%9F%E7%A9%BA%E2%98%86" n2="%E7%99%BD%E7%8C%AB%EF%BC%A0%6E%69%67%68%74" n3="%E3%82%A6%E3%83%AB%E3%83%88%E3%83%A9%E7%AB%8B%E7%9B%B4" dan="14,13,14,15" rate="1973.02,1874.92,2041.66,2011.72" sx="M,F,M,M"/><TAIKYOKU oya="0"/><INIT seed="0,0,0,1,0,116" ten="250,250,250,250" oya="0" hai0="1,103,54,85,6,92,74,64,44,87,60,40,5" hai1="42,81,29,57,62,24,125,30,107,113,117,88,120" hai2="52,82,111,15,102,3,128,72,43,68,124,100,0" hai3="133,59,134,41,16,78,53,23,121,89,93,110,22"/><T98/><D74/><U4/><E117/><V129/><F68/><W34/><G34/><T123/><D123/><U106/><E120/><V32/><F32/><W76/><G41/><T70/><D1/><N who="2" m="586" /><F43/><W104/><G23/><T26/><D54/><U50/><E125/><V25/><F25/><W95/><G104/><T69/><D69/><U9/><E113/><V27/><F27/><N who="3" m="14791" /><G95/><T48/><D6/><U94/><E81/><V73/><F124/><W10/><G10/><T39/><D5/><U18/><E107/><V31/><F31/><W11/><G11/><T131/><D131/><N who="2" m="50250" /><F111/><W77/><G110/><T28/><D48/><U112/><E106/><V126/><F126/><W96/><G121/><T90/><D103/><N who="2" m="39466" /><F82/><W66/><G66/><T65/><REACH who="0" step="1"/><D64/><REACH who="0" ten="240,250,250,250" step="2"/><U63/><E50/><V86/><F52/><W135/><G135/><T130/><D130/><U37/><E112/><V127/><F127/><W56/><G56/><T20/><AGARI ba="0,1" hai="20,26,28,39,40,44,60,65,70,85,87,90,92,98" machi="20" ten="20,3900,0" yaku="1,1,0,1,7,1,53,0" doraHai="116" doraHaiUra="7" who="0" fromWho="0" sc="240,49,250,-13,250,-13,250,-13" /><INIT seed="0,1,0,3,1,85" ten="289,237,237,237" oya="0" hai0="115,1,91,23,78,110,127,16,92,0,27,82,108" hai1="56,113,45,135,57,48,63,15,19,21,106,83,5" hai2="79,123,6,20,17,9,126,18,55,29,11,104,51" hai3="114,40,84,26,71,32,105,47,80,117,116,68,125"/><T25/><D127/><U7/><E135/><V62/><F126/><W12/><G105/><T96/><D115/><U73/><E113/><V49/><F104/><W38/><G114/><T41/><D41/><U4/><E106/><V60/><F123/><W36/><G125/><T102/><D27/><U128/><E128/><V74/><F74/><W129/><G129/><T69/><D69/><U112/><E112/><V130/><F130/><W2/><G12/><T3/><D102/><U31/><E31/><V95/><F95/><W124/><G124/><T90/><D78/><U58/><E73/><V132/><F132/><W72/><G36/><T76/><D76/><U10/><E83/><V109/><F109/><N who="0" m="42090" /><D0/><U59/><N who="1" m="14848" /><DORA hai="97" /><U103/><E103/><V37/><F37/><W88/><G72/><T89/><D82/><U50/><E63/><V53/><F79/><W65/><G2/><N who="0" m="523" /><D96/><U22/><REACH who="1" step="1"/><E48/><REACH who="1" ten="289,227,237,237" step="2"/><V30/><F6/><W34/><G71/><T44/><D44/><U8/><E8/><V42/><F51/><W52/><G68/><T66/><D66/><U111/><E111/><V46/><F30/><W13/><G65/><T33/><D33/><U119/><E119/><V81/><F29/><N who="3" m="19511" /><G34/><T98/><AGARI ba="1,1" hai="16,23,25,89,90,91,92,98" m="523,42090" machi="98" ten="30,18000,2" yaku="14,1,10,1,52,3,54,1" doraHai="85,97" who="0" fromWho="0" sc="289,193,227,-61,237,-61,237,-61" /><INIT seed="0,2,0,2,5,78" ten="482,166,176,176" oya="0" hai0="83,132,40,10,124,28,35,34,118,122,39,3,64" hai1="6,13,72,113,82,114,27,117,54,57,106,48,84" hai2="60,98,67,103,75,45,43,74,95,15,41,109,135" hai3="93,90,100,120,69,58,49,116,104,14,85,94,76"/><T20/><D122/><U42/><E117/><V55/><F109/><W9/><G69/><T134/><D20/><U88/><E106/><V89/><F135/><N who="0" m="51754" /><D64/><U110/><E110/><V36/><F41/><W126/><G104/><T31/><D118/><U24/><E72/><V97/><F15/><W52/><G126/><T12/><D40/><U81/><E81/><V128/><F55/><W107/><G120/><T68/><D68/><U46/><E113/><V119/><F128/><W65/><G65/><T62/><D62/><N who="1" m="36151" /><E114/><V133/><F119/><W91/><G116/><T44/><D44/><U123/><E123/><V29/><F29/><N who="0" m="11338" /><D39/><U125/><E125/><V50/><F36/><W5/><G58/><T59/><D59/><U11/><AGARI ba="2,0" hai="6,11,13,24,27,42,46,48,82,84,88" m="36151" machi="11" ten="30,4000,0" yaku="8,1,52,1,54,1" doraHai="78" who="1" fromWho="1" sc="482,-22,166,46,176,-12,176,-12" /><INIT seed="1,0,0,5,4,96" ten="460,212,164,164" oya="1" hai0="130,24,78,36,18,27,129,4,17,81,72,10,60" hai1="35,45,50,94,82,55,62,123,48,3,128,102,47" hai2="32,76,126,57,13,112,33,73,121,134,93,99,68" hai3="98,79,107,39,69,40,46,77,85,5,86,54,119"/><U63/><E123/><V21/><F121/><W20/><G119/><T7/><D60/><U88/><E128/><N who="0" m="49257" /><D36/><U109/><E109/><V56/><F68/><W131/><G69/><T75/><D10/><U43/><E35/><V51/><F134/><W113/><G113/><T117/><D117/><U12/><E3/><V59/><F126/><W31/><G5/><N who="0" m="2123" /><D78/><U52/><E43/><V2/><F2/><W124/><G124/><T106/><D81/><U8/><E82/><V133/><F133/><W74/><G79/><T34/><D34/><U132/><E102/><V70/><F70/><W105/><G77/><T120/><D106/><U116/><E116/><V11/><F76/><W64/><G105/><T95/><D95/><U111/><E111/><V53/><F73/><N who="0" m="28234" /><D120/><U115/><E115/><V83/><F83/><W114/><G107/><T97/><D97/><N who="1" m="57543" /><E132/><V41/><F112/><W16/><G74/><T1/><D1/><U49/><E50/><V58/><F41/><W108/><G40/><T100/><D100/><U125/><E125/><V29/><F21/><W9/><G20/><T22/><D22/><U89/><E89/><V14/><F33/><W0/><G39/><T127/><D127/><U28/><E28/><V104/><F104/><W38/><G31/><T15/><D15/><N who="2" m="5642" /><F29/><W80/><G0/><T135/><D135/><U6/><AGARI ba="0,0" hai="6,8,12,45,47,48,49,52,55,62,63" m="57543" machi="6" ten="30,6000,0" yaku="8,1,54,2" doraHai="96" who="1" fromWho="1" sc="460,-20,212,60,164,-20,164,-20" /><INIT seed="1,1,0,4,5,56" ten="440,272,144,144" oya="1" hai0="98,26,118,59,21,67,104,52,124,129,116,78,99" hai1="86,30,110,115,2,81,85,83,112,103,122,4,125" hai2="14,120,127,126,95,27,5,49,44,101,79,90,117" hai3="23,65,40,123,105,31,72,15,71,87,73,114,68"/><U134/><E2/><V106/><F120/><W132/><G114/><N who="1" m="43562" /><E30/><V92/><F117/><W10/><G123/><T3/><D104/><U119/><E4/><V128/><F128/><W29/><G105/><T46/><D3/><U88/><E122/><V41/><F106/><W22/><G40/><T108/><D116/><U97/><E119/><V38/><F27/><W89/><G132/><T102/><D118/><U43/><E43/><V33/><F33/><W9/><G15/><T93/><D124/><N who="2" m="47658" /><F101/><W58/><G87/><T131/><D46/><U80/><E125/><V130/><F130/><W82/><G58/><T8/><D131/><U57/><E57/><V18/><F5/><W107/><G29/><T66/><D129/><U75/><E134/><V76/><F38/><W12/><G31/><N who="0" m="17871" /><D8/><U47/><E47/><V20/><F95/><W6/><G10/><T61/><D108/><U51/><E110/><V96/><AGARI ba="1,0" hai="14,18,20,41,44,49,76,79,90,92,96" m="47658" machi="96" ten="30,1100,0" yaku="18,1" doraHai="56" who="2" fromWho="2" sc="440,-4,272,-6,144,14,144,-4" /><INIT seed="2,0,0,2,4,48" ten="436,266,158,140" oya="2" hai0="111,53,1,23,112,129,82,132,74,61,99,2,94" hai1="63,87,34,85,40,69,122,75,127,117,71,105,116" hai2="62,59,78,84,66,33,103,35,0,110,128,113,21" hai3="24,13,42,30,19,101,98,31,56,7,27,126,58"/><V68/><F113/><W88/><G42/><T41/><D74/><U131/><E40/><V3/><F128/><W123/><G123/><T130/><D41/><U10/><E10/><V107/><F110/><W100/><G7/><T52/><D82/><U44/><E44/><V134/><F134/><W39/><G39/><T16/><D112/><U4/><E63/><V43/><F43/><W11/><G126/><T119/><D61/><U32/><E4/><V70/><F21/><W5/><G5/><T102/><D119/><U104/><E75/><V38/><F38/><W22/><G100/><T114/><D132/><U18/><E18/><V108/><F108/><W55/><G101/><T51/><D51/><U79/><E79/><V6/><F6/><W83/><G55/><N who="0" m="21067" /><D114/><U76/><E76/><V91/><F103/><W135/><G135/><T28/><D28/><U50/><E50/><V54/><F78/><W47/><G47/><T93/><D93/><U64/><E122/><V92/><F107/><W20/><G83/><T9/><D9/><U57/><E105/><V77/><F77/><W133/><G133/><T95/><D95/><AGARI ba="0,0" hai="11,13,19,20,22,24,27,30,31,56,58,88,95,98" machi="95" ten="40,5200,0" yaku="9,1,8,1,54,1" doraHai="48" who="3" fromWho="0" sc="436,-52,266,0,158,0,140,52" /><INIT seed="3,0,0,2,4,32" ten="384,266,158,192" oya="3" hai0="51,18,23,86,93,128,116,56,121,119,110,94,65" hai1="135,34,61,70,72,123,66,95,54,17,71,79,14" hai2="28,91,105,134,113,47,126,31,115,8,103,12,85" hai3="42,84,7,48,101,49,33,9,112,27,58,43,98"/><W36/><G112/><T87/><D121/><U76/><E123/><V109/><F109/><W11/><G36/><T107/><D107/><U117/><E135/><V26/><F134/><W30/><G11/><T67/><D110/><U69/><E117/><V77/><F126/><W78/><G84/><N who="0" m="32299" /><D128/><U20/><E34/><V100/><F77/><W22/><G78/><T44/><D119/><U82/><E76/><V130/><F130/><W129/><G129/><T2/><D56/><U102/><E102/><V132/><F132/><W37/><G33/><T53/><D2/><U92/><E54/><V50/><F31/><W10/><G10/><T24/><D116/><U127/><E127/><V120/><F120/><W80/><G80/><T41/><D41/><N who="3" m="15369" /><G58/><T15/><D24/><U108/><E108/><V73/><F73/><W81/><G81/><T40/><D40/><U74/><E74/><V68/><F68/><W13/><G37/><T3/><D3/><U99/><E99/><N who="2" m="61599" /><F103/><W16/><G30/><T6/><D6/><U5/><E5/><N who="2" m="3087" /><F26/><W122/><G122/><T75/><D75/><U118/><E118/><V21/><F21/><W97/><G101/><T88/><D94/><U4/><E4/><V38/><F28/><W46/><G46/><T104/><D104/><U57/><AGARI ba="0,0" hai="14,17,20,57,61,66,69,70,71,72,79,82,92,95" machi="57" ten="30,1100,0" yaku="0,1" doraHai="32" who="1" fromWho="1" sc="384,-3,266,11,158,-3,192,-5" owari="381,47.0,277,8.0,155,-34.0,187,-21.0" /></mjloggm>