<mjloggm ver="2.3"><GO type="169" lobby="0"/><UN n0="%6D%65%24%6F" n1="%E3%81%B3%E3%82%8A%E3%81%B3%E3%82%8A%E2%98%86%E3%83%93%E3%83%AA%E3%83%BC" n2="%E3%82%A6%E3%83%AB%E3%83%88%E3%83%A9%E7%AB%8B%E7%9B%B4" n3="%E3%81%86%E3%81%8D%E3%81%A7%E3%82%93" dan="18,19,17,16" rate="2297.37,2268.23,2083.57,2097.92" sx="M,M,M,M"/><TAIKYOKU oya="0"/><INIT seed="0,0,0,5,3,70" ten="250,250,250,250" oya="0" hai0="34,18,62,97,116,102,4,0,21,32,17,24,60" hai1="101,117,30,93,103,6,80,125,113,82,122,75,74" hai2="51,19,35,1,67,66,109,105,86,11,119,25,131" hai3="14,73,63,56,5,22,104,96,44,127,89,20,112"/><T132/><D116/><U54/><E117/><V3/><F105/><W95/><G112/><T124/><D124/><U31/><E122/><V111/><F119/><W36/><G127/><T92/><D132/><U57/><E125/><V41/><F131/><W77/><G104/><T84/><D84/><U99/><E113/><V50/><F86/><W94/><G73/><T128/><D128/><U135/><E135/><V40/><F25/><W29/><G77/><T130/><D130/><U64/><E64/><V118/><F118/><W114/><G95/><T107/><D107/><U121/><E121/><V26/><F26/><W38/><G44/><T8/><REACH who="0" step="1"/><D18/><REACH who="0" ten="240,250,250,250" step="2"/><U98/><E74/><V23/><F19/><W126/><G126/><T133/><D133/><U110/><E75/><V39/><F111/><W83/><G114/><T53/><D53/><U28/><E110/><V115/><F109/><W78/><G96/><T49/><D49/><N who="1" m="30927" /><E6/><V46/><F115/><W106/><G5/><T90/><D90/><U37/><E99/><V52/><F50/><W100/><G89/><T42/><D42/><U15/><E37/><V9/><F39/><W129/><G38/><T12/><D12/><U59/><E15/><V88/><F51/><W13/><G13/><T120/><D120/><U79/><E79/><V71/><F41/><W91/><G78/><T33/><AGARI ba="0,1" hai="0,4,8,17,21,24,32,33,34,60,62,92,97,102" machi="33" ten="30,6000,0" yaku="1,1,0,1,53,1" doraHai="70" doraHaiUra="2" who="0" fromWho="0" sc="240,70,250,-20,250,-20,250,-20" /><INIT seed="0,1,0,3,2,11" ten="310,230,230,230" oya="0" hai0="60,102,107,134,62,68,93,64,47,18,44,45,63" hai1="83,28,99,92,81,70,27,71,114,9,122,40,88" hai2="14,39,55,24,41,16,53,50,121,56,48,20,79" hai3="49,115,4,97,59,5,103,30,0,57,58,6,72"/><T123/><D123/><U65/><E122/><V29/><F39/><W109/><G115/><T111/><D134/><U35/><E114/><V133/><F133/><W38/><G38/><T118/><D118/><U25/><E40/><V37/><F79/><W128/><G109/><T8/><D111/><U95/><E27/><V7/><F7/><W89/><G72/><T32/><D32/><U12/><E95/><V67/><F67/><W22/><G128/><T94/><D107/><U108/><E108/><V131/><F131/><W106/><G89/><T3/><D3/><U101/><E65/><V34/><F121/><W78/><G78/><T132/><D132/><U110/><E110/><V21/><F41/><W61/><G49/><T74/><D74/><U125/><E125/><V80/><F80/><W51/><G51/><T2/><D2/><U77/><E101/><V119/><F37/><W43/><G43/><T124/><D124/><U85/><REACH who="1" step="1"/><E81/><REACH who="1" ten="310,220,230,230" step="2"/><V104/><F119/><W130/><G0/><T42/><D42/><U75/><E75/><V120/><F120/><W116/><G116/><T69/><D64/><U36/><E36/><V52/><F104/><W19/><G130/><T117/><D117/><U90/><E90/><V86/><F53/><W66/><G30/><T87/><D102/><U135/><E135/><V46/><REACH who="2" step="1"/><F86/><REACH who="2" ten="310,220,220,230" step="2"/><W126/><G126/><T76/><D87/><U31/><E31/><V112/><F112/><W33/><G33/><AGARI ba="1,2" hai="14,16,20,21,24,29,33,34,46,48,50,52,55,56" machi="33" ten="40,8000,1" yaku="1,1,52,1,54,2,53,0" doraHai="11" doraHaiUra="113" who="2" fromWho="3" sc="310,0,220,0,220,103,230,-83" /><INIT seed="1,0,0,4,4,4" ten="310,220,323,147" oya="1" hai0="67,25,75,26,39,110,73,27,103,125,56,88,83" hai1="116,98,127,101,70,64,112,44,16,52,9,85,126" hai2="72,117,77,20,19,133,79,134,105,132,12,62,114" hai3="0,31,120,102,34,10,104,93,121,94,82,36,68"/><U100/><E112/><V14/><F105/><W130/><G36/><T33/><D39/><U58/><E116/><V87/><F72/><W45/><G68/><T54/><D125/><N who="1" m="47627" /><E44/><V30/><F30/><W123/><G130/><T2/><D2/><U1/><E85/><V23/><F117/><W8/><G0/><T90/><D33/><U76/><E76/><V22/><F114/><W80/><G45/><T108/><D103/><U106/><E100/><V49/><F49/><W53/><G53/><T32/><D32/><U99/><E99/><V50/><F50/><W84/><G104/><T61/><D67/><U41/><E41/><V5/><F62/><W95/><G102/><T74/><REACH who="0" step="1"/><D83/><REACH who="0" ten="300,220,323,147" step="2"/><U78/><E1/><V122/><F133/><W6/><G82/><T113/><D113/><U17/><E64/><V97/><F132/><W124/><G124/><T63/><D63/><N who="1" m="36295" /><E70/><V129/><F134/><W35/><G35/><T135/><D135/><U29/><E78/><V40/><F79/><W13/><G34/><T131/><D131/><U86/><E86/><V37/><F87/><W89/><G123/><T47/><D47/><U57/><E57/><V51/><F122/><W18/><G121/><T91/><AGARI ba="0,1" hai="25,26,27,54,56,61,73,74,75,88,90,91,108,110" machi="91" ten="40,8000,1" yaku="1,1,0,1,29,2,54,1,53,0" doraHai="4" doraHaiUra="118" who="0" fromWho="0" sc="300,90,220,-40,323,-20,147,-20" /><INIT seed="2,0,0,5,5,11" ten="390,180,303,127" oya="2" hai0="90,24,120,60,30,127,66,78,116,83,40,110,73" hai1="97,131,104,36,25,74,92,99,71,111,59,80,12" hai2="15,113,42,63,70,18,48,123,37,121,0,67,94" hai3="84,130,47,43,26,109,35,17,44,108,119,6,124"/><V89/><F0/><W29/><G119/><T39/><D120/><U52/><E71/><V114/><F37/><W54/><G130/><T103/><D127/><U100/><E36/><V82/><F121/><W22/><G124/><T3/><D3/><U38/><E38/><V41/><F123/><W7/><G54/><T61/><D116/><U86/><E131/><V19/><F82/><W21/><G84/><T64/><D103/><U49/><E111/><N who="3" m="42570" /><G43/><T14/><D40/><U128/><E128/><V85/><F42/><W32/><G47/><T9/><D110/><U125/><E125/><V122/><F122/><W27/><G44/><T20/><D90/><U79/><E25/><V132/><F132/><W102/><G102/><T69/><D39/><U72/><REACH who="1" step="1"/><E12/><REACH who="1" ten="390,170,303,127" step="2"/><V51/><F15/><N who="3" m="9407" /><G35/><T129/><D129/><U58/><E58/><V1/><F70/><W31/><AGARI ba="0,1" hai="6,7,22,26,27,29,31,32" m="9407,42570" machi="31" ten="30,7900,0" yaku="14,1,34,2,52,1" doraHai="11" who="3" fromWho="3" sc="390,-20,170,-20,303,-39,127,89" /><INIT seed="3,0,0,5,1,110" ten="370,150,264,216" oya="3" hai0="53,26,23,15,4,6,96,116,38,47,107,54,36" hai1="88,59,93,128,37,133,33,123,29,49,8,39,21" hai2="74,69,117,22,82,32,94,66,50,45,28,48,35" hai3="17,131,64,65,13,16,67,85,118,77,124,41,129"/><W11/><G118/><T121/><D121/><U1/><E123/><V60/><F50/><W80/><G124/><T44/><D116/><U70/><E133/><V114/><F114/><W113/><G113/><T108/><D108/><U125/><E70/><V7/><F7/><W62/><G41/><T25/><D15/><U105/><E105/><V52/><F117/><W57/><REACH who="3" step="1"/><G17/><REACH who="3" ten="370,150,264,206" step="2"/><T20/><D38/><U12/><E125/><V42/><F42/><W132/><G132/><T9/><D36/><U51/><E39/><V119/><F119/><W71/><G71/><T61/><D6/><U98/><E37/><V92/><F69/><W10/><G10/><T127/><D9/><U79/><E1/><V122/><F122/><W91/><G91/><T73/><D4/><U97/><E79/><V72/><F35/><W87/><G87/><T103/><D127/><U134/><E33/><V101/><F32/><W19/><G19/><T100/><D73/><U68/><E68/><V43/><F43/><W5/><G5/><T90/><D90/><U63/><E134/><V83/><F74/><W0/><G0/><T84/><D84/><N who="1" m="52359" /><E8/><V89/><F72/><W30/><G30/><T99/><D99/><N who="1" m="37899" /><E128/><AGARI ba="0,1" hai="11,13,16,57,62,64,65,67,77,80,85,128,129,131" machi="128" ten="40,7700,0" yaku="1,1,19,1,54,1,53,0" doraHai="110" doraHaiUra="135" who="3" fromWho="1" sc="370,0,150,-77,264,0,206,87" /><INIT seed="3,1,0,1,0,82" ten="370,73,264,293" oya="3" hai0="23,73,60,99,47,92,108,19,117,49,63,81,83" hai1="31,61,50,103,11,17,55,56,133,9,77,114,3" hai2="57,18,118,0,20,107,115,2,105,62,14,35,45" hai3="12,32,124,15,36,21,65,44,28,16,26,96,43"/><W75/><G124/><T48/><D117/><U68/><E114/><V51/><F35/><W104/><G75/><T34/><D34/><U8/><E133/><V89/><F2/><W126/><G126/><T54/><D108/><U46/><E68/><V64/><F0/><W100/><REACH who="3" step="1"/><G65/><REACH who="3" ten="370,73,264,283" step="2"/><T22/><D73/><U128/><E128/><V39/><F115/><W112/><G112/><T132/><D132/><U94/><E3/><V76/><F118/><W7/><G7/><T123/><D123/><U79/><E31/><V30/><F30/><W93/><G93/><T90/><D19/><U127/><E17/><V122/><F122/><W78/><G78/><T74/><D74/><U25/><E127/><V13/><F76/><W84/><G84/><T71/><D92/><U58/><E79/><V42/><F105/><W91/><G91/><T53/><D90/><U125/><E77/><V120/><F107/><W106/><G106/><T110/><D110/><U130/><E125/><V1/><F120/><W4/><G4/><T59/><D99/><N who="1" m="59895" /><E130/><V27/><F1/><W67/><G67/><T52/><D81/><U6/><E6/><V109/><F109/><W97/><G97/><T41/><D83/><U119/><E119/><V116/><F116/><W113/><G113/><T80/><D80/><U102/><E102/><V10/><F89/><W88/><G88/><T95/><D95/><U70/><E25/><AGARI ba="1,1" hai="12,15,16,21,25,26,28,32,36,43,44,96,100,104" machi="25" ten="30,11600,0" yaku="1,1,7,1,54,1,53,1" doraHai="82" doraHaiUra="37" who="3" fromWho="1" sc="370,0,73,-119,264,0,283,129" owari="370,17.0,-46,-55.0,264,-14.0,412,52.0" /></mjloggm>