<mjloggm ver="2.3"><GO type="97" lobby="0"/><UN n0="%E3%82%A6%E3%83%AB%E3%83%88%E3%83%A9%E7%AB%8B%E7%9B%B4" n1="%53%74%72%75%6D%6D%65%72" n2="%EF%BD%9E%E5%8D%83%E5%B9%B4%E4%BC%AF%E7%88%B5%EF%BD%9E" n3="%E7%A4%BE%E4%BC%9A%E4%BF%9D%E9%99%BA%E5%BA%81%E8%81%B7%E5%93%A1" dan="15,14,14,14" rate="1970.31,1949.36,1881.51,1902.04" sx="M,M,M,M"/><TAIKYOKU oya="0"/><INIT seed="0,0,0,0,4,37" ten="250,250,250,250" oya="0" hai0="46,89,18,15,58,93,95,117,3,77,128,62,123" hai1="84,16,19,104,32,133,112,41,42,81,51,125,60" hai2="135,134,39,63,127,131,13,102,98,96,132,55,91" hai3="47,21,87,43,110,27,30,36,2,45,25,130,109"/><T68/><D3/><U69/><E32/><V64/><F131/><W124/><G2/><T5/><D68/><U61/><E104/><V29/><F127/><W57/><G124/><T114/><D114/><U66/><E125/><V26/><F55/><W12/><G130/><T94/><D128/><U8/><E112/><V23/><F39/><W118/><G118/><T90/><D5/><U79/><E133/><V108/><F108/><N who="3" m="41579" /><G47/><T71/><D71/><U53/><E60/><V14/><F91/><W9/><G25/><T82/><D123/><U100/><E100/><V28/><F28/><W85/><G57/><T44/><D117/><U106/><E106/><N who="2" m="63815" /><F98/><W31/><G31/><T73/><D46/><U113/><E113/><V80/><F80/><W101/><G101/><T129/><D129/><U6/><E6/><AGARI ba="0,0" hai="6,9,12,21,27,30,36,43,45,85,87" m="41579" machi="6" ten="30,2000,0" yaku="14,1,52,1" doraHai="37" who="3" fromWho="1" sc="250,0,250,-20,250,0,250,20" /><INIT seed="1,0,0,3,1,128" ten="250,230,250,270" oya="1" hai0="45,76,29,124,11,20,38,35,63,59,34,13,62" hai1="57,105,96,92,52,131,27,25,2,4,73,125,36" hai2="99,83,111,115,46,134,110,42,107,1,9,90,130" hai3="84,117,7,41,103,67,71,66,119,3,32,33,26"/><U70/><E70/><V40/><F130/><W94/><G41/><T37/><D124/><U87/><E36/><V14/><F1/><W95/><G7/><T55/><D76/><U5/><E73/><V81/><F115/><W61/><G3/><T93/><D34/><N who="3" m="13417" /><G26/><N who="1" m="9738" /><E105/><V48/><F42/><W104/><G61/><T22/><D35/><U79/><E2/><V60/><F60/><W116/><G71/><T43/><D38/><U21/><E125/><V123/><F123/><W126/><G126/><T68/><D29/><U72/><E72/><V44/><F44/><W0/><G0/><T31/><D31/><U86/><E131/><V8/><F8/><W100/><G84/><N who="1" m="32298" /><E79/><V54/><F107/><W120/><G104/><T113/><D68/><U10/><E21/><V65/><F9/><W114/><G114/><T6/><D113/><U77/><E10/><V127/><F127/><W98/><G120/><T135/><D63/><N who="1" m="36263" /><E77/><V69/><F69/><W89/><G89/><AGARI ba="0,0" hai="4,5,89,92,96" m="36263,32298,9738" machi="89" ten="30,2900,0" yaku="8,1,54,1" doraHai="128" who="1" fromWho="3" sc="250,0,230,29,250,0,270,-29" /><INIT seed="1,1,0,5,4,126" ten="250,259,250,241" oya="1" hai0="113,115,106,1,16,71,7,4,58,5,28,48,38" hai1="73,125,135,86,64,57,105,26,3,51,23,12,94" hai2="74,78,39,92,130,95,11,84,47,9,53,127,76" hai3="36,56,102,50,44,120,128,55,66,61,110,119,0"/><U17/><E105/><V22/><F74/><W133/><G0/><T8/><D71/><U114/><E114/><N who="0" m="43529" /><D48/><U19/><E125/><V18/><F127/><W24/><G24/><T107/><D58/><U10/><E135/><V43/><F53/><W124/><G102/><T108/><D38/><U129/><E129/><V116/><F116/><W104/><G104/><T60/><D60/><N who="1" m="37903" /><E73/><V122/><F122/><W85/><G85/><T75/><D75/><U13/><E3/><V52/><F52/><N who="3" m="31767" /><G124/><T90/><D90/><N who="1" m="53591" /><E51/><N who="2" m="27135" /><F130/><W81/><G81/><T31/><D107/><U42/><E26/><V68/><F68/><N who="3" m="42063" /><G119/><T30/><D106/><U45/><E45/><V118/><F39/><W15/><G15/><N who="0" m="7271" /><D1/><U69/><E69/><V46/><F46/><W67/><G120/><T100/><D100/><U96/><E96/><V101/><F118/><W20/><G128/><T27/><D108/><U82/><E42/><V134/><F101/><W41/><G110/><T97/><D97/><U109/><E109/><V35/><F35/><AGARI ba="1,0" hai="4,5,7,27,28,30,31,35" m="7271,43529" machi="35" ten="30,3900,0" yaku="34,2,54,1" doraHai="126" who="0" fromWho="2" sc="250,42,259,0,250,-42,241,0" /><INIT seed="2,0,0,5,5,46" ten="292,259,208,241" oya="2" hai0="105,30,5,106,77,35,54,71,0,25,112,70,66" hai1="128,127,24,62,63,95,18,115,37,107,85,58,118" hai2="133,61,123,52,44,78,59,47,93,103,9,39,10" hai3="15,101,86,4,28,8,42,99,80,116,111,96,92"/><V117/><F117/><W14/><G116/><T119/><D119/><U56/><E107/><V126/><F123/><W97/><G111/><T29/><D54/><U49/><E115/><V132/><F126/><W19/><G28/><T55/><D55/><N who="1" m="31855" /><E118/><V131/><F131/><W74/><G74/><T2/><D77/><U79/><E127/><V11/><F78/><W31/><G31/><T41/><D41/><U76/><E37/><V60/><F60/><N who="1" m="23081" /><E128/><V73/><F73/><W89/><REACH who="3" step="1"/><G42/><REACH who="3" ten="292,259,208,231" step="2"/><T94/><D30/><U23/><E58/><V120/><F120/><W109/><G109/><T26/><D29/><U53/><E53/><V17/><F17/><W48/><G48/><T102/><D112/><U21/><E21/><AGARI ba="0,1" hai="4,8,14,15,19,21,80,86,89,92,96,97,99,101" machi="21" ten="30,7700,0" yaku="1,1,7,1,8,1,53,1" doraHai="46" doraHaiUra="81" who="3" fromWho="1" sc="292,0,259,-77,208,0,231,87" /><INIT seed="3,0,0,3,4,60" ten="292,182,208,318" oya="3" hai0="28,45,46,14,106,92,105,25,88,58,99,112,18" hai1="122,77,42,103,8,39,94,6,72,16,50,68,124" hai2="127,62,66,2,71,87,85,9,36,23,65,116,24" hai3="76,79,81,96,91,5,117,11,86,43,26,101,80"/><W130/><G117/><T27/><D112/><U125/><E122/><V114/><F116/><W40/><G130/><T123/><D105/><U115/><E115/><V128/><F114/><W131/><G131/><T98/><D123/><U13/><E68/><V132/><F128/><W135/><G135/><T19/><D106/><U118/><E118/><V21/><F21/><W69/><G69/><T82/><D82/><N who="3" m="31849" /><G101/><T74/><D74/><U97/><E77/><N who="3" m="29770" /><G96/><T52/><D98/><U22/><E72/><V73/><F73/><W121/><G121/><T70/><D70/><U17/><E39/><V57/><F36/><W51/><G51/><N who="0" m="31007" /><D28/><U107/><E107/><V64/><F127/><W34/><G34/><T90/><D90/><U59/><E17/><N who="0" m="6153" /><D14/><U102/><E102/><V119/><F119/><W78/><N who="3" m="29778" /><W133/><DORA hai="15" /><G133/><T55/><D55/><U61/><E50/><V56/><F71/><W63/><G63/><T20/><D20/><U84/><E84/><N who="2" m="32331" /><F62/><W111/><G26/><AGARI ba="0,0" hai="25,26,27,45,46,88,92,99" m="6153,31007" machi="26" ten="30,12000,2" yaku="8,1,52,3,54,2" doraHai="60,15" who="0" fromWho="3" sc="292,120,182,0,208,0,318,-120" owari="412,51.0,182,-32.0,208,1.0,198,-20.0" /></mjloggm>