<mjloggm ver="2.3"><GO type="41" lobby="0"/><UN n0="%E3%82%A6%E3%83%AB%E3%83%88%E3%83%A9%E7%AB%8B%E7%9B%B4" n1="%E3%81%8A%E3%81%8A%E7%8A%AC%E5%BA%A7%EF%BC%B6%EF%BC%B9%E6%98%9F" n2="%E7%8E%B2%6C%6F%76%65" n3="%E3%83%AA%E3%83%A5%E3%82%AB%E3%83%AA%E3%83%A5%E3%82%AB" dan="15,14,14,14" rate="1978.68,1936.91,1912.91,1926.55" sx="M,M,M,M"/><TAIKYOKU oya="0"/><INIT seed="0,0,0,4,0,59" ten="250,250,250,250" oya="0" hai0="68,111,56,62,122,43,60,58,57,24,98,116,25" hai1="87,21,113,15,94,108,10,92,93,1,54,128,106" hai2="19,64,0,40,44,101,77,100,123,49,118,125,120" hai3="114,132,89,42,124,76,82,8,34,26,16,74,66"/><T50/><D122/><U46/><E106/><V70/><F0/><W71/><G114/><T84/><D68/><U126/><E113/><V13/><F125/><W9/><G124/><T29/><D116/><U63/><E126/><V6/><F77/><W79/><G132/><T47/><D111/><U80/><E108/><V117/><F6/><W22/><G34/><T11/><D98/><U65/><E1/><V133/><F133/><W36/><G76/><T110/><D110/><U41/><E128/><V14/><F101/><W23/><G89/><T69/><D69/><U12/><E21/><V73/><F73/><W53/><G53/><T85/><D11/><U67/><E15/><V86/><F86/><N who="0" m="33386" /><D29/><U105/><E105/><V78/><F100/><W81/><G81/><T75/><D75/><U83/><E83/><V4/><F78/><W31/><G36/><T131/><D131/><U88/><E41/><V52/><F40/><W72/><G42/><T2/><D2/><U61/><E67/><V32/><F32/><W112/><G112/><T102/><D102/><U107/><E65/><V130/><F130/><W35/><G72/><T18/><D18/><N who="1" m="8471" /><E107/><V99/><F99/><W5/><G35/><T97/><D97/><U91/><E91/><V37/><F37/><W28/><G28/><T38/><D38/><U119/><E119/><N who="2" m="45579" /><F4/><W104/><G5/><T96/><D96/><U90/><E90/><V33/><F33/><W115/><G115/><T129/><D129/><U3/><E3/><V134/><F134/><W48/><G104/><T55/><D43/><U30/><E30/><RYUUKYOKU ba="0,0" sc="250,15,250,15,250,-15,250,-15" hai0="24,25,47,50,55,56,57,58,60,62" hai1="46,54,61,63,80,87,88,92,93,94" /><INIT seed="0,1,0,0,1,71" ten="265,265,235,235" oya="0" hai0="113,133,117,57,61,130,47,86,20,132,8,103,0" hai1="26,90,24,73,108,38,19,102,6,114,122,65,88" hai2="55,35,39,46,49,16,124,82,67,53,2,76,70" hai3="4,74,45,69,119,42,128,94,10,85,30,44,68"/><T99/><D117/><U43/><E122/><V134/><F35/><W50/><G119/><T40/><D86/><U51/><E102/><V127/><F2/><W28/><G128/><T97/><D113/><U115/><E6/><V9/><F134/><N who="0" m="51818" /><D20/><U52/><E73/><V27/><F67/><W33/><G74/><T78/><D78/><U95/><E65/><V72/><F70/><W135/><G135/><T54/><D130/><U110/><E19/><V66/><F66/><W93/><G93/><T32/><D32/><U77/><E77/><V34/><F34/><W37/><G69/><T101/><D101/><U107/><E107/><V17/><F55/><W36/><G68/><T79/><D79/><U3/><E3/><V120/><F120/><W100/><G44/><T104/><D97/><U131/><E131/><V58/><F27/><W118/><G118/><T62/><D0/><U15/><E15/><V18/><REACH who="2" step="1"/><F9/><REACH who="2" ten="265,265,225,235" step="2"/><W25/><G30/><T48/><D8/><U83/><E24/><V106/><F106/><W21/><G33/><T12/><D12/><U63/><E26/><V7/><F7/><W116/><G116/><T31/><D31/><U11/><E11/><V98/><F98/><W60/><G10/><T105/><D105/><U80/><E115/><V96/><F96/><W56/><G4/><T126/><D126/><U59/><E114/><V92/><F92/><W109/><G109/><T123/><D123/><U81/><E95/><V89/><F89/><N who="1" m="34409" /><E110/><V64/><F64/><N who="3" m="38919" /><G100/><T112/><D112/><U13/><E108/><V41/><AGARI ba="1,1" hai="16,17,18,39,41,46,49,53,58,72,76,82,124,127" machi="41" ten="30,8000,1" yaku="1,1,0,1,52,1,54,1,53,1" doraHai="71" doraHaiUra="75" who="2" fromWho="2" sc="265,-41,265,-21,225,93,235,-21" /><INIT seed="1,0,0,0,4,110" ten="224,244,318,214" oya="1" hai0="36,39,80,34,83,43,123,111,91,75,124,1,108" hai1="72,79,61,50,112,45,102,58,106,21,19,89,97" hai2="8,40,96,15,126,92,119,28,67,16,35,100,113" hai3="71,121,134,29,49,60,129,44,120,82,56,114,74"/><U87/><E72/><V55/><F119/><W6/><G6/><T22/><D34/><U73/><E73/><V109/><F109/><W3/><G3/><T13/><D75/><U64/><E79/><V125/><F40/><N who="3" m="24711" /><G29/><T46/><D46/><U85/><E89/><V115/><F67/><N who="3" m="41447" /><G74/><T51/><D43/><U33/><E112/><N who="2" m="43083" /><F55/><W118/><G82/><T133/><D91/><U86/><E33/><V65/><F65/><W81/><G81/><T38/><D83/><U2/><E2/><V84/><F84/><W117/><G114/><T24/><D80/><U76/><E76/><V104/><F104/><W68/><G134/><T5/><D133/><U12/><E87/><V54/><F54/><AGARI ba="0,0" hai="12,19,21,45,50,54,58,61,64,85,86,97,102,106" machi="54" ten="30,1500,0" yaku="7,1" doraHai="110" who="1" fromWho="2" sc="224,0,244,15,318,-15,214,0" /><INIT seed="1,1,0,2,5,57" ten="224,259,303,214" oya="1" hai0="122,40,14,112,89,87,70,106,81,118,32,50,56" hai1="83,76,36,77,6,8,94,74,5,31,72,90,96" hai2="127,23,129,116,92,110,24,37,15,47,84,33,113" hai3="125,71,55,1,3,58,43,73,53,9,13,10,97"/><U102/><E36/><V45/><F116/><W16/><G125/><T61/><D106/><U49/><E31/><V35/><F129/><W51/><G71/><T130/><D32/><U64/><E49/><V25/><F127/><W63/><G73/><T101/><D118/><U54/><E54/><V131/><F131/><W78/><G78/><T52/><D101/><U66/><E5/><V29/><F84/><W11/><G43/><T104/><D104/><U120/><E120/><V121/><F92/><W30/><G30/><T75/><D75/><U34/><E34/><V21/><F37/><W44/><REACH who="3" step="1"/><G97/><REACH who="3" ten="224,259,303,204" step="2"/><T28/><D28/><U22/><E77/><V68/><F68/><W82/><G82/><T109/><D130/><U7/><E74/><V39/><F121/><W135/><G135/><T38/><D122/><U117/><E117/><V20/><F113/><W59/><G59/><T12/><D112/><U42/><E42/><V19/><F47/><W134/><G134/><T114/><D114/><U93/><E76/><V65/><F45/><W100/><G100/><T128/><D128/><U132/><E83/><V111/><F39/><W17/><G17/><T126/><D126/><U108/><E72/><V26/><F65/><W123/><G123/><T103/><D103/><U46/><E46/><V79/><F79/><W67/><G67/><N who="0" m="41327" /><D109/><N who="2" m="41482" /><F35/><W69/><G69/><T2/><D38/><U27/><E108/><V115/><F115/><W95/><G95/><T62/><D40/><U85/><E132/><V133/><F133/><W99/><G99/><T41/><D41/><U88/><E96/><RYUUKYOKU ba="1,1" sc="224,-15,259,-15,303,15,204,15" hai2="15,19,20,21,23,24,25,26,29,33" hai3="1,3,9,10,11,13,16,44,51,53,55,58,63" /><INIT seed="2,2,1,2,0,4" ten="209,244,318,219" oya="2" hai0="135,38,6,70,77,124,100,134,29,129,26,34,35" hai1="43,15,72,130,22,51,125,1,33,82,28,131,112" hai2="133,91,8,66,50,89,83,107,106,101,45,109,24" hai3="111,80,54,59,110,103,56,69,73,63,48,113,20"/><V92/><F133/><N who="0" m="50698" /><D70/><U18/><E112/><V118/><F118/><W71/><G103/><T41/><D41/><U121/><E121/><V13/><F109/><N who="3" m="41483" /><G73/><T74/><D38/><U65/><E65/><V97/><F66/><N who="3" m="39271" /><G80/><N who="0" m="45111" /><D124/><U94/><E125/><V55/><F24/><W23/><G113/><T3/><D100/><U42/><E1/><V46/><F46/><N who="3" m="27927" /><G20/><T85/><D85/><U0/><E0/><V95/><F107/><W31/><G31/><T119/><D119/><U37/><E28/><V104/><F104/><W49/><G23/><T132/><D132/><U127/><E127/><V52/><F55/><AGARI ba="2,1" hai="49,55,59,69,71" m="27927,39271,41483" machi="55" ten="30,3900,0" yaku="14,1,34,2" doraHai="4" who="3" fromWho="2" sc="209,0,244,0,318,-45,219,55" /><INIT seed="3,0,0,3,5,28" ten="209,244,273,274" oya="3" hai0="44,106,38,41,73,104,22,64,70,126,90,102,17" hai1="85,0,1,31,42,67,12,40,86,6,115,10,112" hai2="50,24,72,4,34,80,98,18,65,100,92,43,48" hai3="54,52,97,45,108,20,81,15,78,113,37,94,16"/><W62/><G113/><T127/><D73/><U27/><E67/><V91/><F4/><W118/><G118/><T82/><D64/><U13/><E31/><V23/><F65/><W107/><G107/><T120/><D70/><U49/><E6/><V26/><F43/><W74/><G108/><T84/><D120/><U3/><E3/><V132/><F132/><W58/><G37/><T128/><D128/><U19/><E27/><V60/><F60/><W105/><G105/><T119/><D119/><U63/><E63/><V53/><F72/><W59/><G45/><T77/><D77/><U47/><E47/><V122/><F122/><W133/><G133/><T75/><D75/><U46/><E46/><V68/><F68/><W79/><G79/><T110/><D102/><U88/><E49/><V29/><F53/><W71/><G71/><T2/><D2/><U114/><E114/><V36/><F36/><W8/><G94/><T89/><D89/><U5/><E5/><V61/><F61/><W33/><G33/><T135/><D135/><U96/><E96/><V11/><F11/><W35/><G35/><T56/><D56/><U51/><E51/><V101/><F101/><W99/><G8/><T109/><D106/><U103/><E103/><V130/><F130/><W30/><G30/><T134/><D104/><U25/><E10/><V123/><F123/><W124/><G124/><N who="0" m="47659" /><D134/><U57/><E0/><V83/><F83/><W116/><G116/><T111/><D111/><U117/><E117/><V69/><F69/><W121/><G121/><T87/><D87/><U21/><E115/><RYUUKYOKU ba="0,0" sc="209,10,244,-30,273,10,274,10" hai0="17,22,38,41,44,82,84,90,109,110" hai2="18,23,24,26,29,34,48,50,80,91,92,98,100" hai3="15,16,20,52,54,58,59,62,74,78,81,97,99" /><INIT seed="3,1,0,5,5,51" ten="219,214,283,284" oya="3" hai0="104,134,100,25,9,8,24,70,20,80,99,131,48" hai1="95,49,47,5,59,132,120,85,108,53,39,45,14" hai2="105,66,79,78,33,129,37,57,115,3,17,126,75" hai3="62,122,26,12,0,74,34,77,101,72,130,127,123"/><W94/><G0/><T81/><D70/><U82/><E120/><V88/><F115/><W11/><G130/><T30/><D131/><U56/><E132/><V128/><F3/><W54/><G127/><T42/><D134/><U65/><E108/><V31/><F37/><W116/><G116/><T103/><D42/><U6/><E95/><V7/><F105/><W113/><G113/><T35/><D48/><U52/><E39/><V90/><F126/><W102/><G34/><T69/><D69/><U89/><E65/><V23/><F7/><N who="1" m="2569" /><E14/><V13/><F75/><W68/><G26/><T106/><D81/><U86/><E86/><V117/><F117/><W40/><G40/><T28/><D80/><U125/><E125/><V135/><F135/><W4/><G102/><T112/><D112/><U16/><E16/><V71/><F71/><W110/><G110/><T91/><D91/><U118/><E118/><V121/><F121/><W93/><G93/><T60/><D60/><AGARI ba="1,0" hai="45,47,49,52,53,56,59,60,82,85,89" m="2569" machi="60" ten="30,7700,0" yaku="8,1,52,2,54,1" doraHai="51" who="1" fromWho="0" sc="219,-80,214,80,283,0,284,0" /><INIT seed="4,0,0,5,1,40" ten="139,294,283,284" oya="0" hai0="83,51,32,117,37,99,39,130,50,98,4,13,31" hai1="56,36,22,44,101,102,104,79,57,113,12,5,110" hai2="10,80,76,75,86,103,134,88,131,116,100,77,54" hai3="24,92,67,20,114,62,46,35,126,124,93,55,105"/><T123/><D31/><U135/><E110/><V15/><F134/><W23/><G105/><T2/><D32/><U89/><E135/><V47/><F131/><W65/><G35/><T18/><D117/><U27/><E79/><V125/><F125/><N who="3" m="48235" /><G114/><T70/><D70/><U1/><E1/><V128/><F128/><W87/><G87/><T14/><D2/><U41/><E113/><V108/><F108/><W127/><G127/><T3/><D3/><U59/><E89/><V115/><F115/><W68/><G65/><T90/><D39/><U29/><REACH who="1" step="1"/><E104/><REACH who="1" ten="139,284,283,284" step="2"/><V8/><F116/><W129/><G129/><T0/><D37/><U112/><E112/><V26/><F75/><W49/><G23/><N who="0" m="11727" /><D0/><U11/><AGARI ba="0,1" hai="5,11,12,22,27,29,36,41,44,56,57,59,101,102" machi="11" ten="30,4000,0" yaku="1,1,0,1,52,1,53,0" doraHai="40" doraHaiUra="122" who="1" fromWho="1" sc="139,-20,284,50,283,-10,284,-10" /><INIT seed="5,0,0,5,1,103" ten="119,334,273,274" oya="1" hai0="97,53,126,27,17,62,102,32,120,22,1,134,79" hai1="74,115,130,54,50,104,58,127,61,106,36,78,57" hai2="60,0,118,93,65,131,121,119,35,15,19,81,68" hai3="25,123,11,108,10,76,100,30,105,40,88,47,6"/><U33/><E33/><V64/><F121/><W72/><G123/><T46/><D120/><U112/><E36/><V24/><F131/><W45/><G108/><T49/><D32/><U59/><E130/><V16/><F0/><W18/><G18/><T56/><D1/><U92/><E92/><V66/><F81/><W117/><G117/><T122/><D122/><U98/><E127/><V2/><F2/><W21/><G45/><T129/><D126/><U110/><E110/><V20/><F93/><W69/><G69/><T94/><D129/><U87/><E98/><V13/><F35/><W34/><G100/><T44/><D134/><U96/><E96/><V91/><F91/><W80/><G34/><T12/><D79/><U39/><E39/><V86/><F86/><W109/><G109/><T132/><D132/><U23/><E23/><V83/><F83/><W128/><G128/><T124/><D124/><U73/><E73/><V42/><F42/><W8/><G88/><T99/><D99/><U82/><E74/><V29/><F29/><W3/><REACH who="3" step="1"/><G105/><REACH who="3" ten="119,334,273,264" step="2"/><N who="1" m="40554" /><E61/><V51/><F119/><W26/><G26/><T4/><REACH who="0" step="1"/><D62/><REACH who="0" ten="109,334,273,264" step="2"/><U28/><E28/><N who="2" m="17415" /><F118/><W37/><AGARI ba="0,2" hai="3,6,8,10,11,21,25,30,37,40,47,72,76,80" machi="37" ten="20,8000,1" yaku="1,1,0,1,7,1,25,2,53,0" doraHai="103" doraHaiUra="116" who="3" fromWho="3" sc="109,-20,334,-40,273,-20,264,100" /><INIT seed="6,0,0,2,5,17" ten="89,294,253,364" oya="2" hai0="12,134,135,0,108,4,47,66,97,69,49,19,26" hai1="52,91,7,6,35,103,36,74,2,110,85,63,20" hai2="106,73,120,127,68,99,3,78,33,16,39,13,50" hai3="101,25,37,75,109,82,29,116,118,1,53,89,57"/><V34/><F120/><W121/><G121/><T15/><D66/><U93/><E74/><V9/><F127/><W59/><G109/><T71/><D69/><U70/><E35/><V21/><F68/><W27/><G1/><T100/><D71/><U123/><E110/><V83/><F39/><W115/><G115/><T94/><D108/><U98/><E36/><V28/><F50/><W24/><G37/><T65/><D65/><U48/><E63/><V105/><F99/><W128/><G128/><T41/><D0/><U44/><E70/><V51/><F51/><W14/><G116/><T112/><D112/><U8/><E7/><N who="2" m="1279" /><F34/><W104/><G118/><T88/><D4/><U62/><E62/><V125/><F125/><W79/><G14/><T92/><D134/><U45/><E123/><V129/><F129/><W18/><G18/><T81/><D81/><U31/><E45/><V22/><F22/><W76/><G76/><T11/><D135/><U84/><E103/><V55/><F55/><W90/><G59/><T32/><D32/><U124/><E124/><V67/><F67/><W64/><G64/><T56/><D56/><U77/><E77/><V23/><F23/><W72/><G72/><T38/><D38/><U122/><E122/><V96/><F96/><W119/><G119/><T60/><D60/><U131/><E131/><V126/><F126/><W61/><G29/><T130/><D130/><U30/><E31/><V43/><F43/><W132/><G132/><T133/><D133/><U102/><E102/><V117/><F117/><W113/><G113/><T107/><D100/><RYUUKYOKU ba="0,0" sc="89,-30,294,10,253,10,364,10" hai1="2,6,8,20,30,44,48,52,84,85,91,93,98" hai2="13,16,21,28,33,73,78,83,105,106" hai3="24,25,27,53,57,61,75,79,82,89,90,101,104" /><INIT seed="6,1,0,3,2,112" ten="59,304,263,374" oya="2" hai0="59,39,65,91,17,83,130,77,90,123,51,30,80" hai1="14,41,98,121,54,107,25,32,10,5,24,55,53" hai2="44,56,86,12,79,2,46,58,81,82,6,105,92" hai3="23,96,71,106,89,27,76,134,18,45,20,124,9"/><V100/><F105/><W36/><G124/><T21/><D39/><U7/><E121/><V72/><F2/><W87/><G134/><T88/><D123/><U62/><E41/><V35/><F35/><W61/><G9/><T57/><D130/><U50/><E50/><V29/><F29/><W110/><G110/><T15/><D30/><U122/><E122/><V4/><F72/><W103/><G76/><T37/><D37/><U3/><E62/><V34/><F34/><W28/><G61/><T42/><D65/><U128/><E128/><V118/><F118/><W119/><G119/><T47/><REACH who="0" step="1"/><D77/><REACH who="0" ten="49,304,263,374" step="2"/><U108/><E108/><V109/><F109/><W133/><G36/><T70/><D70/><U38/><E38/><V1/><F1/><W13/><G71/><T40/><D40/><U78/><E78/><V0/><F0/><W60/><G133/><T111/><D111/><U63/><E32/><V84/><F79/><W94/><G45/><T69/><D69/><U33/><E33/><V117/><F117/><W16/><REACH who="3" step="1"/><G60/><REACH who="3" ten="49,304,263,364" step="2"/><T135/><D135/><U19/><E63/><V120/><F120/><W43/><G43/><T67/><D67/><U129/><E129/><V64/><F64/><W104/><G104/><T52/><D52/><U95/><E107/><V74/><F74/><W127/><G127/><T68/><D68/><U132/><E132/><V126/><F126/><W8/><G8/><T131/><D131/><U125/><E125/><V75/><F75/><W115/><G115/><T97/><D97/><U26/><E3/><V73/><F73/><W113/><G113/><RYUUKYOKU ba="1,2" sc="49,10,304,10,263,-30,364,10" hai0="15,17,21,42,47,51,57,59,80,83,88,90,91" hai1="5,7,10,14,19,24,25,26,53,54,55,95,98" hai3="13,16,18,20,23,27,28,87,89,94,96,103,106" /><INIT seed="7,2,2,2,5,36" ten="59,314,233,374" oya="3" hai0="131,17,34,128,47,108,117,22,38,52,99,43,103" hai1="83,23,115,105,118,95,12,57,66,4,13,121,46" hai2="24,75,32,73,48,37,82,8,113,94,26,89,70" hai3="125,63,107,109,112,129,100,124,60,126,21,59,29"/><W16/><G29/><T135/><D34/><U33/><E33/><V40/><F70/><W91/><G112/><T18/><D117/><U123/><E105/><V86/><F113/><W62/><G109/><T80/><D80/><U61/><E115/><V54/><F32/><W122/><G129/><T97/><D108/><U81/><E118/><V68/><F68/><W76/><G76/><T55/><D135/><U127/><E127/><V45/><F75/><W111/><G111/><T14/><D97/><U74/><E123/><V42/><F37/><W49/><G122/><T67/><D67/><U88/><E121/><V64/><F64/><N who="3" m="38943" /><G49/><T28/><D28/><U44/><E74/><V102/><F73/><W10/><G10/><T134/><D134/><U78/><E78/><V19/><F102/><W90/><G90/><T133/><D133/><U84/><E83/><V65/><F65/><W85/><G100/><T98/><D98/><U79/><E12/><N who="2" m="7559" /><F94/><N who="3" m="54639" /><G107/><T72/><D72/><U110/><E110/><V39/><F39/><W104/><G104/><T5/><D5/><U71/><E71/><V7/><F7/><W51/><G51/><T92/><REACH who="0" step="1"/><D18/><REACH who="0" ten="49,314,233,374" step="2"/><U93/><E4/><V31/><F31/><W69/><G69/><T25/><D25/><AGARI ba="2,3" hai="24,25,26,40,42,45,48,54,82,86,89" m="7559" machi="25" ten="30,7700,0" yaku="25,1,8,1,52,2" doraHai="36" who="2" fromWho="0" sc="49,-83,314,0,233,113,374,0" /><AGARI ba="2,0" hai="16,21,25,62,63,124,125,126" m="54639,38943" machi="25" ten="30,2900,0" yaku="18,1,54,1" doraHai="36" who="3" fromWho="0" sc="-34,-29,314,0,346,0,374,29" owari="-63,-56.0,314,-9.0,346,15.0,403,50.0" /></mjloggm>