<mjloggm ver="2.3"><GO type="97" lobby="0"/><UN n0="%E3%81%AF%E3%81%8B%E3%81%AA%E3%81%8D%E5%A4%A2" n1="%E3%81%93%E3%82%8B%E3%81%A8%5F" n2="%E3%82%A6%E3%83%AB%E3%83%88%E3%83%A9%E7%AB%8B%E7%9B%B4" n3="%6E%75%74%61" dan="14,13,15,13" rate="2022.17,1801.18,1920.62,1817.77" sx="M,M,M,M"/><TAIKYOKU oya="0"/><INIT seed="0,0,0,5,0,100" ten="250,250,250,250" oya="0" hai0="70,55,4,85,123,133,87,30,13,105,108,32,22" hai1="20,28,43,93,39,83,54,131,68,65,128,118,34" hai2="122,114,49,27,115,16,66,18,82,24,23,3,95" hai3="92,57,117,63,110,12,101,132,0,102,61,2,29"/><T52/><D123/><U33/><E118/><V35/><F49/><W81/><G117/><T42/><D32/><U106/><E39/><V15/><F66/><W119/><G119/><T96/><D42/><U78/><E43/><V135/><F82/><W10/><G132/><T50/><D70/><U130/><E68/><V56/><F56/><W1/><G81/><T74/><D74/><U127/><E127/><V17/><F95/><W38/><G38/><T58/><D133/><U9/><E65/><V84/><F84/><W62/><G110/><T5/><D108/><U21/><E93/><V46/><F46/><W7/><G57/><T88/><D87/><U44/><E9/><N who="2" m="6255" /><F135/><W75/><G75/><T51/><D105/><U47/><E54/><V89/><F89/><W37/><G37/><T8/><D96/><U76/><E83/><V64/><F64/><W25/><REACH who="3" step="1"/><G92/><REACH who="3" ten="250,250,250,240" step="2"/><N who="0" m="54287" /><D58/><U99/><E47/><V120/><F120/><W125/><G125/><T111/><D111/><U91/><E44/><V41/><F122/><W121/><G121/><T19/><D51/><U77/><E91/><V109/><F109/><W90/><G90/><T129/><D129/><U53/><E128/><V26/><F115/><W40/><G40/><T72/><D72/><U79/><E130/><V116/><F41/><W113/><G113/><T73/><D73/><U69/><E131/><V107/><F114/><W11/><G11/><T97/><D97/><U80/><E99/><V48/><F116/><W134/><G134/><T86/><D86/><U6/><E80/><V103/><F103/><W36/><G36/><RYUUKYOKU ba="0,1" sc="250,-10,250,-10,250,-10,240,30" hai3="0,1,2,7,10,12,25,29,61,62,63,101,102" /><INIT seed="1,1,1,0,2,51" ten="240,240,240,270" oya="1" hai0="103,26,84,61,36,1,94,90,128,15,120,119,59" hai1="113,86,48,0,2,100,88,66,56,134,73,63,110" hai2="32,14,64,127,45,105,40,124,22,80,68,50,75" hai3="77,107,28,121,99,5,96,114,126,18,65,42,125"/><U8/><E113/><V108/><F32/><W106/><G121/><T4/><D1/><U97/><E73/><V116/><F105/><W12/><G114/><T112/><D36/><U11/><E134/><V24/><F116/><W102/><G77/><T39/><D119/><U71/><E110/><V111/><F14/><W9/><G42/><T83/><D39/><U60/><E0/><V118/><F118/><W53/><G65/><T6/><D112/><U62/><E48/><V55/><F80/><W130/><G130/><T89/><D103/><U3/><E3/><V33/><F33/><W20/><G28/><T133/><D133/><U87/><E2/><V31/><F75/><W37/><G37/><T38/><D38/><U70/><E70/><V81/><F81/><W54/><G99/><T122/><D26/><U41/><E41/><V16/><F31/><W47/><G47/><T79/><D90/><U91/><E71/><V69/><F40/><W10/><G10/><N who="1" m="3626" /><E97/><V74/><F74/><W30/><G30/><T58/><D15/><U115/><E100/><V7/><F7/><N who="0" m="2602" /><D61/><N who="1" m="23659" /><E115/><V101/><F101/><W23/><G23/><T85/><D128/><U82/><E82/><V21/><F68/><W44/><G44/><T49/><D49/><U67/><E67/><V34/><F34/><W98/><G98/><T29/><D29/><U109/><E109/><N who="2" m="42059" /><F22/><W43/><G43/><T132/><D132/><U17/><E17/><V104/><F104/><W72/><G72/><T13/><D13/><U95/><E95/><V135/><F135/><W19/><G107/><T76/><D76/><RYUUKYOKU ba="1,1" sc="240,10,240,10,240,10,270,-30" hai0="58,59,79,83,84,85,89,94,120,122" hai1="56,63,66,86,87,88,91" hai2="16,21,24,45,50,55,64,69,124,127" /><INIT seed="1,2,1,4,0,55" ten="250,250,250,240" oya="1" hai0="123,126,129,124,21,20,109,115,14,46,72,70,98" hai1="18,60,47,131,7,56,32,50,117,41,79,94,43" hai2="16,2,38,104,101,118,120,36,81,121,12,133,49" hai3="66,40,82,71,11,54,10,28,44,33,87,78,26"/><U65/><E117/><V13/><F2/><W111/><G111/><T67/><D115/><U84/><E32/><V116/><F101/><W125/><G125/><T110/><D72/><U83/><E131/><V69/><F81/><W22/><G22/><T1/><D1/><U134/><E134/><V91/><F49/><W8/><G54/><T58/><D70/><U4/><E41/><V93/><F93/><W31/><G31/><T25/><D46/><U0/><E0/><V105/><F69/><W90/><G66/><T96/><D129/><U52/><E18/><V89/><REACH who="2" step="1"/><F16/><REACH who="2" ten="250,250,240,240" step="2"/><W74/><G71/><T114/><D123/><U63/><REACH who="1" step="1"/><E94/><REACH who="1" ten="250,240,240,240" step="2"/><V106/><F106/><W102/><G102/><T51/><D114/><U57/><AGARI ba="2,3" hai="4,7,43,47,50,52,56,57,60,63,65,79,83,84" machi="57" ten="20,24000,3" yaku="1,1,2,1,0,1,7,1,8,1,52,2,54,1,53,2" doraHai="55" doraHaiUra="3" who="1" fromWho="1" sc="250,-82,240,276,240,-82,240,-82" /><INIT seed="1,3,0,2,4,104" ten="168,516,158,158" oya="1" hai0="46,120,29,1,17,128,33,49,48,7,5,63,47" hai1="13,85,92,15,96,88,0,81,127,109,119,114,133" hai2="108,41,103,11,83,125,87,79,89,26,50,135,129" hai3="69,134,52,57,106,14,56,126,94,8,101,39,74"/><U130/><E119/><V23/><F108/><W100/><G69/><T99/><D128/><U123/><E0/><V131/><F135/><W65/><G134/><T84/><D1/><U102/><E123/><V40/><F125/><W113/><G126/><T43/><D99/><U111/><E114/><V70/><F70/><W34/><G34/><T95/><D63/><U80/><E130/><N who="2" m="49675" /><F103/><W44/><G113/><T118/><D118/><U35/><E35/><V53/><F11/><W18/><G106/><T10/><D33/><U116/><E116/><V24/><F89/><W45/><G74/><T25/><D29/><U38/><E38/><V105/><F105/><W77/><G77/><T90/><D120/><U98/><E127/><V122/><F122/><W31/><G31/><T21/><REACH who="0" step="1"/><D10/><REACH who="0" ten="158,516,158,158" step="2"/><U30/><E133/><V37/><F23/><W22/><G22/><T27/><D27/><N who="2" m="10282" /><F37/><W91/><G39/><T124/><D124/><U132/><E132/><V121/><F121/><W60/><G101/><T58/><D58/><AGARI ba="3,1" hai="40,41,50,53,58,79,83,87" m="10282,49675" machi="58" ten="30,1000,0" yaku="19,1" doraHai="104" who="2" fromWho="0" sc="158,-19,516,0,158,29,158,0" /><INIT seed="2,0,0,2,5,6" ten="139,516,187,158" oya="2" hai0="131,58,49,113,128,10,76,24,46,130,109,95,56" hai1="117,12,66,23,43,3,44,22,129,118,2,85,122" hai2="104,94,80,59,82,55,4,40,51,89,114,16,112" hai3="86,97,57,119,126,30,87,52,124,31,60,61,42"/><V54/><F104/><W84/><G119/><T96/><D113/><U38/><E122/><V92/><F4/><W98/><G42/><T69/><D69/><U120/><E120/><V123/><F123/><W47/><G47/><T107/><D107/><U1/><E66/><V88/><F40/><W9/><G9/><T100/><D76/><U27/><E129/><V127/><F127/><N who="3" m="48683" /><G61/><T0/><D24/><U48/><E85/><N who="3" m="21762" /><W91/><DORA hai="103" /><G91/><T50/><D109/><U53/><E12/><V65/><F65/><W116/><G116/><T90/><D90/><U13/><E13/><V33/><F51/><N who="0" m="19466" /><D46/><U20/><E27/><V73/><F59/><W99/><AGARI ba="0,0" hai="30,31,52,57,60,97,98,99" m="21762,48683" machi="99" ten="40,2700,0" yaku="18,1,54,1" doraHai="6,103" who="3" fromWho="3" sc="139,-7,516,-7,187,-13,158,27" /><INIT seed="3,0,0,4,4,33" ten="132,509,174,185" oya="3" hai0="36,116,123,31,6,112,42,55,122,47,56,82,8" hai1="69,46,117,38,97,108,126,59,26,70,30,52,68" hai2="135,113,110,111,27,53,99,16,80,50,84,22,93" hai3="37,83,4,9,63,98,62,128,34,3,119,40,78"/><W23/><G34/><T29/><D116/><U133/><E108/><N who="2" m="41515" /><F135/><W96/><G119/><T65/><D112/><U77/><E133/><V130/><F130/><W85/><G128/><T20/><D65/><U73/><E126/><V74/><F74/><N who="3" m="43479" /><G23/><T13/><D82/><U0/><E77/><N who="2" m="46095" /><F113/><W89/><G96/><T25/><REACH who="0" step="1"/><D29/><REACH who="0" ten="122,509,174,185" step="2"/><U43/><E30/><V91/><F53/><W51/><G51/><AGARI ba="0,1" hai="6,8,13,20,25,31,36,42,47,51,55,56,122,123" machi="51" ten="30,3900,0" yaku="1,1,2,1,7,1,53,0" doraHai="33" doraHaiUra="103" who="0" fromWho="3" sc="122,49,509,0,174,0,185,-39" /><AGARI ba="0,0" hai="16,22,27,50,51,91,93,99" m="46095,41515" machi="51" ten="30,2000,0" yaku="14,1,54,1" doraHai="33" who="2" fromWho="3" sc="171,0,509,0,174,20,146,-20" owari="171,-23.0,509,61.0,194,-1.0,126,-37.0" /></mjloggm>