<mjloggm ver="2.3"><GO type="97" lobby="0"/><UN n0="%E3%82%A6%E3%83%AB%E3%83%88%E3%83%A9%E7%AB%8B%E7%9B%B4" n1="%E3%81%97%E3%81%9F%E3%81%A3%E3%81%B1" n2="%64%65%6E%51" n3="%E8%92%BC%E7%8C%AB%EF%BC%8E" dan="15,15,14,14" rate="1972.82,1962.45,1891.42,1911.68" sx="M,M,M,M"/><TAIKYOKU oya="0"/><INIT seed="0,0,0,5,2,36" ten="250,250,250,250" oya="0" hai0="39,130,113,92,135,118,99,83,41,49,76,6,56" hai1="28,35,79,54,65,120,12,2,125,57,132,100,90" hai2="101,66,126,106,33,4,23,63,98,8,22,38,58" hai3="89,88,52,29,9,105,10,124,108,104,93,1,26"/><T73/><D118/><U27/><E120/><V71/><F33/><W131/><G108/><T129/><D113/><U16/><E125/><V80/><F126/><W96/><G124/><T111/><D111/><U102/><E132/><V37/><F71/><W95/><G131/><N who="0" m="50187" /><D135/><U25/><E25/><V0/><REACH who="2" step="1"/><F80/><REACH who="2" ten="250,250,240,250" step="2"/><W119/><G119/><T114/><D114/><U55/><E35/><V109/><F109/><W13/><G105/><T86/><D73/><U20/><E2/><V32/><F32/><W121/><G104/><T115/><D115/><U45/><E79/><V50/><F50/><W87/><G121/><T14/><D39/><AGARI ba="0,1" hai="0,4,8,22,23,37,38,39,58,63,66,98,101,106" machi="39" ten="40,2600,0" yaku="1,1,53,1" doraHai="36" doraHaiUra="61" who="2" fromWho="0" sc="250,-26,250,0,240,36,250,0" /><INIT seed="1,0,0,4,4,91" ten="224,250,276,250" oya="1" hai0="10,107,124,102,53,105,93,134,11,51,15,111,76" hai1="115,32,19,112,46,109,132,128,57,7,43,135,120" hai2="55,82,106,63,42,40,0,118,24,101,4,85,44" hai3="3,36,52,81,103,116,34,89,69,13,114,30,39"/><U9/><E32/><V58/><F118/><W70/><G3/><T131/><D107/><U98/><E120/><V2/><F40/><W31/><G114/><T12/><D105/><U62/><E19/><V88/><F4/><W27/><G116/><T126/><D76/><U37/><E98/><V29/><F106/><W38/><G31/><T84/><D131/><U49/><E128/><V14/><F14/><N who="0" m="5162" /><D134/><N who="1" m="51243" /><E9/><V18/><F101/><W133/><G103/><T123/><D123/><U1/><E1/><V28/><F18/><W113/><G133/><T95/><D111/><U100/><E100/><V83/><F83/><W6/><G113/><N who="1" m="43594" /><E7/><V117/><F29/><W72/><G6/><T16/><D102/><U79/><E79/><V121/><F121/><W71/><G89/><T90/><D11/><U60/><E109/><V59/><F117/><W129/><G129/><T77/><D77/><U45/><E57/><V75/><F58/><W61/><G13/><N who="0" m="7223" /><D126/><U50/><E50/><V122/><F75/><W67/><G67/><T119/><D124/><U68/><E68/><V130/><F122/><W22/><G71/><T23/><D119/><U65/><E65/><V26/><F130/><W73/><G70/><T41/><D23/><U87/><E87/><V99/><F99/><W47/><G22/><T74/><D74/><U20/><E20/><V127/><F127/><W25/><G72/><T35/><D35/><U125/><E125/><V110/><F110/><W66/><G34/><T104/><D84/><U5/><E5/><V78/><F85/><W94/><G69/><T92/><D104/><RYUUKYOKU ba="0,0" sc="224,-10,250,30,276,-10,250,-10" hai1="37,43,45,46,49,60,62" /><INIT seed="1,1,0,0,5,31" ten="214,280,266,240" oya="1" hai0="100,66,12,99,78,88,107,113,13,80,70,50,71" hai1="74,14,8,28,59,102,125,5,93,51,60,118,21" hai2="58,4,101,68,18,0,119,34,48,122,69,9,128" hai3="112,110,132,94,52,123,56,17,131,44,85,11,62"/><U79/><E118/><V2/><F122/><W16/><G123/><T105/><D113/><U76/><E74/><V134/><F119/><W3/><G112/><T37/><D37/><U39/><E39/><V22/><F34/><W6/><G110/><T36/><D36/><U130/><E51/><V133/><F128/><W19/><G131/><T77/><D66/><N who="1" m="39199" /><E125/><V47/><F0/><W67/><G132/><N who="2" m="50793" /><F101/><W127/><G127/><T73/><D105/><U72/><E72/><V65/><F65/><W15/><G44/><T43/><D71/><U98/><E130/><V26/><F58/><W46/><G46/><T95/><D70/><U120/><E120/><V75/><F75/><W55/><REACH who="3" step="1"/><G3/><REACH who="3" ten="214,280,266,230" step="2"/><T29/><D43/><AGARI ba="1,1" hai="2,4,9,18,22,26,43,47,48,68,69" m="50793" machi="43" ten="30,1000,0" yaku="20,1" doraHai="31" who="2" fromWho="0" sc="214,-13,280,0,266,23,230,0" /><INIT seed="2,0,0,2,3,128" ten="201,280,289,230" oya="2" hai0="110,41,92,62,116,73,57,126,104,1,64,95,35" hai1="71,101,109,52,54,4,81,91,75,21,84,17,34" hai2="66,63,68,14,28,8,36,7,47,108,100,58,82" hai3="88,70,56,130,114,106,120,45,97,50,69,85,124"/><V24/><F36/><W15/><G120/><T119/><D73/><U39/><E34/><V133/><F133/><W46/><G114/><T125/><D104/><U25/><E71/><V12/><F108/><W3/><G130/><T48/><D1/><U87/><E109/><V113/><F113/><W49/><G3/><T93/><D35/><U105/><E75/><V2/><F47/><W10/><G124/><N who="0" m="47723" /><D110/><U131/><E39/><V55/><F100/><W132/><G132/><T67/><D67/><U44/><E4/><V42/><F42/><W118/><G118/><N who="0" m="45099" /><D41/><U96/><E44/><V78/><F78/><W6/><G56/><T83/><D83/><U77/><REACH who="1" step="1"/><E131/><REACH who="1" ten="201,270,289,230" step="2"/><V103/><F68/><W94/><G70/><T86/><D86/><U127/><E127/><V32/><F32/><W76/><G69/><T18/><D18/><U37/><E37/><V122/><F122/><W121/><G121/><T80/><D80/><AGARI ba="0,1" hai="17,21,25,52,54,77,80,81,84,87,91,96,101,105" machi="80" ten="30,3900,0" yaku="1,1,7,1,54,1,53,0" doraHai="128" doraHaiUra="0" who="1" fromWho="0" sc="201,-39,270,49,289,0,230,0" /><INIT seed="3,0,0,4,0,29" ten="162,319,289,230" oya="3" hai0="55,126,114,97,60,128,100,35,121,102,87,36,6" hai1="122,111,64,134,33,38,67,14,123,92,93,125,74" hai2="11,109,86,85,0,79,96,56,115,101,27,106,133" hai3="16,108,12,61,135,18,45,8,49,7,30,41,112"/><W59/><G112/><T132/><D114/><U32/><E134/><V3/><F115/><W1/><G135/><T82/><D36/><U76/><E38/><V2/><F133/><W91/><G108/><T62/><D121/><U43/><E111/><V98/><F109/><W104/><G1/><T65/><D132/><U47/><E14/><V9/><F96/><W39/><G104/><T20/><D126/><U94/><E125/><V124/><F124/><W50/><G30/><T10/><D128/><U66/><E76/><V71/><F71/><W69/><G69/><T22/><D35/><U58/><E58/><V84/><F79/><W37/><G37/><T95/><D102/><U81/><E81/><V46/><F46/><W129/><G129/><T28/><D55/><U127/><E74/><V54/><REACH who="2" step="1"/><F27/><REACH who="2" ten="162,319,279,230" step="2"/><W130/><G130/><T24/><D22/><U72/><E127/><V88/><F88/><W120/><G120/><T77/><REACH who="0" step="1"/><D65/><REACH who="0" ten="152,319,279,230" step="2"/><U23/><E122/><V15/><F15/><AGARI ba="0,2" hai="6,10,15,20,24,28,60,62,77,82,87,95,97,100" machi="15" ten="30,8000,1" yaku="1,1,2,1,7,1,8,1,53,1" doraHai="29" doraHaiUra="21" who="0" fromWho="2" sc="152,100,319,0,279,-80,230,0" owari="252,5.0,319,42.0,199,-30.0,230,-17.0" /></mjloggm>