<mjloggm ver="2.3"><GO type="97" lobby="0"/><UN n0="%E3%82%A6%E3%83%AB%E3%83%88%E3%83%A9%E7%AB%8B%E7%9B%B4" n1="%E5%A4%A2%E3%81%AB%E6%A5%BD%E5%9C%9F%E6%B1%82%E3%82%81%E3%81%9F%E3%82%8A" n2="%65%62%69%73%61%77%61" n3="%79%61%6D%61%7A%61%61%61" dan="15,13,14,15" rate="1993.89,1814.36,1876.89,1939.56" sx="M,M,F,M"/><TAIKYOKU oya="0"/><INIT seed="0,0,0,2,4,27" ten="250,250,250,250" oya="0" hai0="102,95,24,45,57,18,86,111,97,21,14,132,52" hai1="100,131,39,37,125,38,55,60,85,13,73,35,96" hai2="31,5,112,79,126,135,49,46,130,61,68,67,82" hai3="113,121,8,105,9,48,63,117,93,91,87,17,10"/><T69/><D69/><U47/><E85/><V6/><F112/><W2/><G105/><T122/><D122/><U40/><E13/><V66/><F130/><W43/><G117/><T15/><D132/><U25/><E55/><V22/><F135/><W70/><G113/><T133/><D133/><U23/><E23/><V120/><F120/><W65/><G121/><T89/><D45/><U62/><E131/><V92/><F126/><W11/><G2/><T33/><D33/><U118/><E118/><V83/><F67/><W127/><G127/><T36/><D36/><N who="1" m="21895" /><E125/><V29/><F92/><W44/><REACH who="3" step="1"/><G9/><REACH who="3" ten="250,250,250,240" step="2"/><T51/><REACH who="0" step="1"/><D111/><REACH who="0" ten="240,250,250,240" step="2"/><U0/><E0/><V64/><F22/><W106/><G106/><AGARI ba="0,2" hai="14,15,18,21,24,51,52,57,86,89,95,97,102,106" machi="106" ten="30,11600,0" yaku="1,1,2,1,7,1,54,1,53,0" doraHai="27" doraHaiUra="75" who="0" fromWho="3" sc="240,136,250,0,250,0,240,-116" /><INIT seed="0,1,0,0,0,87" ten="376,250,250,124" oya="0" hai0="25,23,105,60,18,35,97,106,82,15,43,126,79" hai1="22,91,115,54,101,116,27,84,70,52,111,66,37" hai2="117,112,50,74,45,100,38,39,67,80,127,78,46" hai3="73,28,48,33,10,0,26,8,63,24,109,89,34"/><T31/><D126/><U51/><E116/><V41/><F112/><W19/><G73/><T94/><D43/><U17/><E37/><V9/><F117/><W132/><G63/><T135/><D135/><U128/><E115/><V113/><F113/><W64/><G64/><T12/><D12/><U133/><E133/><V1/><F127/><W119/><G48/><T4/><D60/><U130/><E111/><V14/><F100/><W69/><G69/><T11/><D82/><U134/><E101/><V61/><F1/><W16/><G132/><T6/><D79/><U123/><E134/><V76/><F78/><W104/><G104/><T81/><D81/><N who="1" m="49551" /><E123/><V103/><F103/><W42/><G42/><T124/><D124/><U93/><E70/><V71/><REACH who="2" step="1"/><F46/><REACH who="2" ten="376,250,240,124" step="2"/><W86/><G119/><T59/><D105/><U29/><E93/><V99/><F99/><W122/><G122/><T3/><D106/><U58/><E66/><V114/><F114/><W92/><G109/><T53/><D94/><U68/><E68/><V57/><F57/><W7/><REACH who="3" step="1"/><G10/><REACH who="3" ten="376,250,240,114" step="2"/><T83/><D11/><U108/><E108/><V125/><F125/><W47/><G47/><T21/><D59/><U5/><E58/><V121/><F121/><W102/><G102/><T62/><D62/><U85/><E51/><V13/><F13/><W90/><G90/><T55/><D15/><U88/><E88/><V72/><F72/><W95/><G95/><T2/><D2/><U118/><E118/><V75/><F75/><W98/><G98/><T32/><D3/><U110/><E110/><V131/><F131/><RYUUKYOKU ba="1,2" sc="376,-15,250,-15,240,15,114,15" hai2="9,14,38,39,41,45,50,61,67,71,74,76,80" hai3="0,7,8,16,19,24,26,28,33,34,86,89,92" /><INIT seed="1,2,2,5,2,113" ten="361,235,255,129" oya="1" hai0="51,119,123,105,124,33,109,7,13,111,42,77,92" hai1="20,44,63,16,57,39,88,36,108,17,100,65,66" hai2="120,102,79,94,101,9,125,107,132,30,64,21,95" hai3="24,103,86,89,112,74,10,23,19,5,45,87,110"/><U70/><E100/><V78/><F120/><W25/><G112/><T31/><D105/><U0/><E0/><V37/><F37/><W62/><G74/><T122/><D77/><U115/><E115/><V130/><F64/><W41/><G110/><N who="0" m="41995" /><D119/><U61/><E108/><V84/><F107/><W34/><G103/><N who="2" m="39433" /><F9/><W14/><G62/><T59/><D124/><U69/><E44/><V48/><F125/><W15/><G34/><T82/><D82/><U12/><E57/><V133/><F48/><W54/><G54/><N who="0" m="32223" /><D42/><U68/><E17/><V58/><F58/><W76/><G76/><N who="2" m="29225" /><F30/><W6/><G6/><T135/><D31/><U81/><E68/><V60/><F60/><W29/><G29/><T27/><D33/><U118/><E118/><V93/><F21/><W67/><G67/><T96/><D27/><U38/><E38/><V114/><F114/><W98/><G45/><T129/><D13/><U104/><E104/><V35/><F35/><W49/><G49/><T11/><D11/><U131/><E131/><V116/><F116/><W126/><G41/><T85/><D129/><U121/><E121/><V91/><F130/><W53/><G53/><T43/><D7/><U106/><E106/><V40/><F40/><W71/><G71/><T97/><D43/><U2/><E2/><V73/><F73/><W52/><G52/><T4/><D4/><U26/><E26/><N who="3" m="10346" /><G126/><T32/><D32/><U134/><E70/><V50/><F50/><W56/><G56/><T55/><D123/><U1/><E69/><V8/><F8/><N who="3" m="4367" /><G23/><T3/><D122/><U28/><E1/><RYUUKYOKU ba="2,2" sc="361,-15,235,-15,255,15,129,15" hai2="84,91,93,94,95,132,133" hai3="10,15,19,86,87,89,98" /><INIT seed="2,3,2,3,1,97" ten="346,220,270,144" oya="2" hai0="30,46,45,55,98,68,15,52,2,63,129,85,80" hai1="111,78,127,57,91,64,59,23,38,116,0,110,114" hai2="99,35,28,67,134,3,69,73,56,51,93,19,88" hai3="7,79,49,109,130,106,12,95,105,10,108,13,92"/><V118/><F118/><W62/><G79/><T76/><D2/><U100/><E0/><V104/><F3/><W48/><G62/><T17/><D30/><U90/><E38/><V84/><F73/><W47/><G130/><T123/><D123/><U82/><E114/><V33/><F134/><W112/><G47/><T133/><D129/><U107/><E116/><V135/><F135/><W86/><G86/><T125/><D125/><U74/><E64/><V22/><F69/><W11/><REACH who="3" step="1"/><G7/><REACH who="3" ten="346,220,270,134" step="2"/><T117/><D63/><U34/><E127/><V16/><F104/><W113/><AGARI ba="3,3" hai="10,11,12,13,48,49,92,95,105,106,108,109,112,113" machi="113" ten="25,8000,1" yaku="1,1,2,1,0,1,22,2,53,0" doraHai="97" doraHaiUra="131" who="3" fromWho="3" sc="346,-23,220,-23,270,-43,134,119" /><INIT seed="3,0,0,0,4,20" ten="323,197,227,253" oya="3" hai0="103,31,80,56,53,71,69,112,52,7,133,25,134" hai1="8,61,75,36,101,93,54,123,13,113,122,68,118" hai2="34,107,77,2,38,116,4,64,131,30,81,9,98" hai3="111,28,119,96,48,22,109,88,15,47,117,10,124"/><W62/><G124/><T86/><D103/><U127/><E75/><N who="2" m="43199" /><F116/><W65/><G28/><T90/><D7/><U74/><E74/><V50/><F50/><W26/><G117/><T72/><D72/><U21/><E113/><V14/><F14/><W55/><G119/><T33/><D112/><U24/><E36/><V83/><F131/><W60/><G22/><T114/><D114/><U23/><E118/><V37/><F83/><W95/><G26/><T84/><D84/><U19/><E122/><V125/><F125/><W49/><G49/><N who="0" m="30735" /><D53/><U59/><E123/><V130/><F64/><W51/><G51/><T3/><D3/><U94/><E127/><V67/><F67/><W89/><G89/><T106/><D106/><U6/><E68/><V11/><F9/><W102/><G102/><T99/><D99/><U121/><E121/><V91/><F91/><W97/><G97/><T82/><D82/><U129/><E101/><N who="2" m="62903" /><F130/><W40/><G40/><T43/><D43/><U135/><E129/><V128/><F128/><W66/><G66/><T110/><D110/><N who="3" m="41993" /><G65/><T17/><D71/><U87/><E87/><V104/><F104/><W92/><G92/><T18/><D69/><U39/><E39/><V12/><F12/><W45/><G45/><T115/><D115/><U63/><E63/><V27/><AGARI ba="0,0" hai="2,4,11,27,30,34,37,38" m="62903,43199" machi="27" ten="30,4000,0" yaku="33,2,52,1" doraHai="20" who="2" fromWho="2" sc="323,-10,197,-10,227,40,253,-20" owari="313,41.0,187,-31.0,267,7.0,233,-17.0" /></mjloggm>