<mjloggm ver="2.3"><GO type="97" lobby="0"/><UN n0="%E7%A0%94%E7%A9%B6%E5%93%A1%EF%BD%8B%EF%BD%8B" n1="%E3%82%A6%E3%83%AB%E3%83%88%E3%83%A9%E7%AB%8B%E7%9B%B4" n2="%E5%85%AB%E6%84%8F%E6%B7%BB%E8%8A%B1" n3="%E3%82%AF%E3%83%AD%E3%83%AD%E3%83%93%E3%83%83%E3%83%81" dan="14,15,13,14" rate="1931.48,1990.47,1832.39,2013.29" sx="M,M,F,M"/><TAIKYOKU oya="0"/><INIT seed="0,0,0,0,2,39" ten="250,250,250,250" oya="0" hai0="94,79,96,56,57,68,54,86,120,130,61,24,14" hai1="127,4,128,59,34,67,108,83,113,95,119,29,22" hai2="121,98,12,70,132,76,134,49,19,64,65,62,102" hai3="0,5,111,41,118,66,101,48,7,53,9,135,60"/><T63/><D68/><U123/><E83/><V30/><F30/><W18/><G111/><T129/><D120/><U81/><E81/><V116/><F121/><W33/><G135/><N who="2" m="51753" /><F116/><W69/><G118/><T89/><D14/><U125/><E95/><N who="2" m="58719" /><F64/><W1/><G33/><T80/><REACH who="0" step="1"/><D24/><REACH who="0" ten="240,250,250,250" step="2"/><U106/><E123/><V131/><F131/><W17/><G1/><T88/><D88/><U74/><E128/><V32/><F76/><W43/><G101/><T51/><D51/><U36/><E119/><V40/><F49/><W117/><G117/><T23/><D23/><U28/><E22/><N who="2" m="11623" /><F32/><W92/><G7/><T75/><D75/><U45/><E4/><V11/><F11/><W50/><G50/><T13/><D13/><U52/><E34/><V44/><F44/><W133/><G133/><T90/><D90/><U85/><E74/><V110/><F110/><W47/><REACH who="3" step="1"/><G92/><REACH who="3" ten="240,250,250,240" step="2"/><T115/><D115/><U105/><E113/><V97/><F97/><W46/><G46/><T126/><D126/><U38/><E45/><V100/><F100/><W99/><G99/><T71/><D71/><U2/><E125/><V31/><F31/><W3/><G3/><T27/><D27/><U104/><E127/><V8/><F8/><W6/><G6/><T16/><D16/><AGARI ba="0,2" hai="0,5,9,16,17,18,41,43,47,48,53,60,66,69" machi="16" ten="40,8000,1" yaku="1,1,52,2,54,1,53,0" doraHai="39" doraHaiUra="103" who="3" fromWho="0" sc="240,-80,250,0,250,0,240,100" /><INIT seed="1,0,0,0,5,45" ten="160,250,250,340" oya="1" hai0="4,133,12,38,116,29,30,98,106,112,76,61,72" hai1="36,28,20,83,64,62,44,15,65,3,8,99,131" hai2="48,130,109,40,35,132,92,34,11,95,70,60,101" hai3="91,56,135,134,100,124,94,16,126,127,2,120,103"/><U52/><E3/><V122/><F122/><W115/><G2/><T125/><D4/><U55/><E131/><V13/><F132/><N who="3" m="50731" /><G120/><T49/><D12/><U85/><E99/><V74/><F109/><W118/><G115/><T37/><D76/><U50/><E36/><V102/><F130/><W123/><G123/><T5/><D5/><U10/><E55/><V58/><F70/><W90/><G118/><T82/><D82/><U78/><E64/><V19/><F74/><W110/><G110/><T81/><D81/><U121/><E121/><V87/><F34/><W14/><G56/><T105/><D98/><U32/><E32/><V33/><F35/><W97/><G103/><N who="2" m="39433" /><F33/><W113/><G113/><T75/><D61/><U117/><E117/><V41/><F87/><W104/><G104/><T119/><D112/><U43/><E43/><N who="2" m="16459" /><F48/><W59/><G59/><T107/><D106/><U1/><E1/><V73/><F73/><W53/><G53/><AGARI ba="0,0" hai="11,13,19,53,58,60,92,95" m="16459,39433" machi="53" ten="30,1000,0" yaku="8,1" doraHai="45" who="2" fromWho="3" sc="160,0,250,0,250,10,340,-10" /><INIT seed="2,0,0,5,3,130" ten="160,250,260,330" oya="2" hai0="70,39,121,94,83,98,57,56,40,87,20,52,132" hai1="35,44,115,78,90,54,4,3,119,118,84,113,34" hai2="1,133,105,95,111,62,106,99,22,97,129,33,11" hai3="2,75,63,65,68,134,71,6,109,112,61,91,51"/><V36/><F129/><W29/><G109/><T38/><D70/><U18/><E78/><V116/><F111/><W96/><G75/><T69/><D69/><U64/><E64/><V79/><F116/><N who="1" m="44585" /><E54/><V60/><F33/><N who="1" m="12297" /><E90/><V107/><F79/><W123/><G29/><T25/><D121/><U53/><E53/><V127/><F127/><W49/><G6/><T72/><D72/><U135/><E84/><V32/><F32/><W89/><G2/><T104/><D104/><U100/><E44/><V13/><F36/><W5/><G5/><T27/><D57/><U108/><E100/><V120/><F120/><W42/><G96/><T101/><D40/><U122/><E108/><V8/><F107/><W12/><G42/><T0/><D0/><U103/><E103/><V10/><F10/><W58/><G65/><T80/><D80/><U14/><E122/><V110/><F110/><W26/><G58/><T59/><D59/><U124/><E124/><V86/><F86/><W73/><G123/><T88/><D27/><U23/><E4/><V81/><F81/><W43/><G43/><T45/><D45/><U47/><E47/><V17/><F106/><W125/><G73/><T41/><D41/><U31/><E31/><V28/><F105/><W55/><G55/><T131/><D131/><U126/><E126/><V50/><F28/><W77/><G77/><T30/><REACH who="0" step="1"/><D132/><REACH who="0" ten="150,250,260,330" step="2"/><U48/><E3/><V15/><F1/><W66/><G134/><T85/><D85/><U7/><E135/><V21/><F133/><W93/><G125/><T82/><D82/><U128/><E128/><RYUUKYOKU ba="0,1" sc="150,30,250,-10,260,-10,330,-10" hai0="20,25,30,38,39,52,56,83,87,88,94,98,101" /><INIT seed="3,1,1,4,5,90" ten="180,240,250,320" oya="3" hai0="33,88,133,30,36,63,89,74,11,39,20,131,103" hai1="53,24,58,43,134,106,121,115,71,32,5,65,130" hai2="57,77,66,96,83,35,52,119,25,2,117,15,123" hai3="122,37,16,75,76,46,45,67,128,124,93,82,1"/><W56/><G128/><T79/><D131/><U70/><E121/><V0/><F123/><W26/><G122/><T80/><D133/><U105/><E115/><V85/><F15/><W109/><G1/><T91/><D33/><U132/><E43/><V107/><F2/><W31/><G124/><T72/><D72/><U3/><E65/><V78/><F0/><W34/><G109/><T40/><D11/><N who="1" m="2495" /><E130/><V120/><F120/><W54/><G67/><T12/><D103/><U19/><E19/><V113/><F113/><W59/><G37/><T108/><D108/><U27/><E27/><V55/><F117/><W44/><G54/><N who="2" m="20521" /><F119/><W87/><G75/><T7/><D63/><U23/><E23/><V28/><F107/><W116/><G116/><T64/><D64/><U10/><E10/><V4/><F4/><W94/><G59/><T98/><D98/><U17/><E17/><V99/><F77/><W127/><G56/><T104/><D104/><N who="1" m="40043" /><E53/><V48/><F48/><W73/><G73/><T125/><D125/><U126/><E58/><V41/><F41/><W92/><G127/><T14/><D40/><U8/><E8/><V9/><F9/><W129/><G129/><T111/><D111/><U21/><E126/><V18/><F18/><W69/><G16/><T84/><D74/><U68/><E21/><V114/><F114/><W101/><G101/><T50/><D50/><U110/><E110/><V62/><F35/><W49/><G49/><T100/><D100/><U102/><E102/><V60/><F60/><W47/><N who="3" m="11776" /><DORA hai="86" /><W95/><N who="3" m="24064" /><DORA hai="6" /><W135/><G135/><RYUUKYOKU ba="1,1" sc="180,-30,240,10,250,10,320,10" hai1="24,32,68,70,71,132,134" hai2="25,28,57,62,66,78,83,85,96,99" hai3="26,31,34,69,76,82,87" owari="150,-35.0,250,-15.0,260,6.0,340,44.0" /></mjloggm>