<mjloggm ver="2.3"><GO type="97" lobby="0"/><UN n0="%E3%82%A6%E3%83%AB%E3%83%88%E3%83%A9%E7%AB%8B%E7%9B%B4" n1="%E9%B7%B9%EF%BC%93" n2="%E5%A4%A9%E3%83%B2%E7%BF%94%E3%82%8B%E6%9A%B4%E9%BE%8D" n3="%E3%82%82%E3%81%AD%E3%82%89" dan="15,15,14,14" rate="1960.85,2014.04,1946.11,1930.65" sx="M,M,M,M"/><TAIKYOKU oya="0"/><INIT seed="0,0,0,3,3,41" ten="250,250,250,250" oya="0" hai0="25,93,43,131,55,8,67,116,20,7,127,49,128" hai1="107,28,52,100,105,113,133,122,82,103,34,108,38" hai2="65,60,54,94,46,23,26,18,4,84,21,117,48" hai3="53,114,14,126,31,37,88,78,22,35,71,2,51"/><T73/><D73/><U57/><E122/><V30/><F117/><W99/><G37/><T5/><D116/><U121/><E38/><V42/><F4/><W11/><G71/><T9/><D43/><U79/><E121/><V6/><F6/><W90/><G114/><T135/><D67/><U32/><E113/><V63/><F42/><W98/><G78/><T97/><D127/><U115/><E115/><V77/><F65/><W72/><G72/><T102/><D135/><U112/><E112/><V111/><F111/><W129/><G126/><T56/><D7/><U89/><E133/><V68/><F68/><W118/><G35/><T86/><D86/><U96/><E108/><V109/><F109/><W47/><G2/><T17/><REACH who="0" step="1"/><D9/><REACH who="0" ten="240,250,250,250" step="2"/><U124/><E124/><V58/><F58/><W1/><G118/><T50/><D50/><U36/><E36/><V13/><REACH who="2" step="1"/><F94/><REACH who="2" ten="240,250,240,250" step="2"/><W134/><G134/><T12/><AGARI ba="0,2" hai="5,8,12,17,20,25,49,55,56,93,97,102,128,131" machi="12" ten="30,6000,0" yaku="1,1,0,1,53,1" doraHai="41" doraHaiUra="10" who="0" fromWho="0" sc="240,80,250,-20,240,-20,250,-20" /><INIT seed="0,1,0,0,1,6" ten="320,230,220,230" oya="0" hai0="72,34,60,61,33,3,111,1,130,59,4,124,115" hai1="70,133,67,87,27,82,77,53,39,102,9,85,98" hai2="100,113,11,29,109,41,90,135,75,15,48,92,76" hai3="47,104,5,91,21,93,97,78,116,114,43,86,66"/><T134/><D72/><U117/><E133/><V38/><F113/><W69/><G114/><T68/><D115/><U96/><E117/><V31/><F38/><W16/><G116/><T108/><D68/><U120/><E39/><V7/><F109/><N who="0" m="42058" /><D134/><U83/><E120/><V36/><F36/><W55/><G69/><T110/><D124/><U57/><E70/><V42/><F100/><W26/><G66/><T62/><D130/><U132/><E132/><V128/><F128/><W103/><G5/><T0/><N who="0" m="42066" /><T112/><DORA hai="123" /><D112/><U2/><E27/><V101/><F135/><W99/><G55/><N who="0" m="33919" /><D4/><U10/><E2/><V51/><F75/><W30/><G78/><T121/><D121/><U17/><E67/><V56/><F76/><W45/><G43/><T50/><D50/><U28/><E28/><V37/><F37/><W14/><REACH who="3" step="1"/><G86/><REACH who="3" ten="320,230,220,220" step="2"/><T13/><D62/><U81/><E87/><N who="2" m="52319" /><F42/><W54/><G54/><T24/><D61/><U107/><E85/><V12/><F41/><W131/><G131/><T129/><D129/><U52/><E77/><V71/><F71/><W65/><G65/><T119/><D119/><U46/><E53/><V127/><F51/><W105/><G105/><T125/><D125/><U63/><E107/><V122/><F127/><W106/><G106/><T74/><D74/><U80/><E52/><N who="2" m="31751" /><F122/><W64/><G64/><T20/><D34/><AGARI ba="1,1" hai="14,16,21,26,30,34,45,47,91,93,97,99,103,104" machi="34" ten="30,7700,0" yaku="1,1,7,1,54,1,53,1" doraHai="6,123" doraHaiUra="8,79" who="3" fromWho="0" sc="320,-80,230,0,220,0,220,90" /><INIT seed="1,0,0,0,0,63" ten="240,230,220,310" oya="1" hai0="110,97,72,129,24,91,64,52,36,59,106,45,41" hai1="80,1,95,37,17,88,27,65,58,112,130,31,51" hai2="56,9,26,61,13,14,50,108,42,43,99,60,55" hai3="30,111,87,19,16,48,133,98,102,125,121,92,6"/><U131/><E112/><V126/><F108/><W100/><G111/><T32/><D72/><U104/><E104/><V5/><F126/><W119/><G121/><T76/><D76/><U117/><E37/><V46/><F26/><W134/><G125/><T120/><D120/><U103/><E117/><V4/><F99/><W115/><G115/><T57/><D110/><U2/><E17/><N who="3" m="6730" /><G119/><T54/><D129/><N who="1" m="49163" /><E103/><V96/><F96/><W47/><G87/><T33/><D24/><U20/><E80/><V22/><F22/><W67/><G6/><T8/><D8/><U93/><E93/><V62/><REACH who="2" step="1"/><F46/><REACH who="2" ten="240,230,210,310" step="2"/><W28/><G102/><T29/><D33/><U94/><E94/><V23/><F23/><W118/><G118/><T35/><D32/><U40/><E95/><V127/><F127/><W128/><G98/><T44/><D35/><U123/><E123/><V71/><F71/><W84/><G92/><T109/><D97/><U34/><E34/><V105/><F105/><W132/><G100/><T124/><D106/><U113/><E113/><V69/><F69/><W12/><G134/><T86/><D124/><U83/><E20/><V82/><F82/><W75/><G133/><T18/><D109/><U15/><E27/><V85/><F85/><W49/><G84/><T39/><D86/><N who="1" m="50271" /><E31/><V114/><F114/><W3/><G30/><T90/><D29/><U53/><E15/><V122/><F122/><W70/><G132/><T89/><D89/><U25/><E25/><V11/><AGARI ba="0,1" hai="4,5,9,11,13,14,42,43,50,55,56,60,61,62" machi="11" ten="30,7900,0" yaku="1,1,0,1,9,1,8,1,53,0" doraHai="63" doraHaiUra="101" who="2" fromWho="2" sc="240,-20,230,-39,210,89,310,-20" /><INIT seed="2,0,0,1,5,47" ten="220,191,299,290" oya="2" hai0="71,67,53,50,34,49,72,35,28,14,115,56,90" hai1="75,104,18,33,44,118,133,128,127,130,83,70,0" hai2="95,100,21,17,119,109,108,11,69,88,121,123,25" hai3="59,86,20,42,87,23,6,36,5,38,120,58,97"/><V114/><F119/><W105/><G42/><T52/><D72/><U77/><RYUUKYOKU type="yao9" ba="0,0" sc="220,0,191,0,299,0,290,0" hai1="0,18,33,44,70,75,77,83,104,118,127,128,130,133" /><INIT seed="2,1,0,0,0,108" ten="220,191,299,290" oya="2" hai0="118,46,134,8,64,39,0,42,82,15,45,65,52" hai1="22,17,130,117,6,105,58,111,106,36,25,91,88" hai2="7,2,50,47,107,125,98,131,95,86,20,132,43" hai3="112,4,81,133,113,24,94,101,38,69,100,14,119"/><V12/><F131/><W129/><G69/><T56/><D0/><U23/><E117/><V73/><F73/><W121/><G38/><T70/><D118/><U76/><E130/><V74/><F74/><W126/><G129/><T16/><D134/><U34/><E36/><V78/><F125/><W49/><G126/><T1/><D1/><U96/><E111/><V97/><F2/><W61/><G119/><T26/><D70/><U90/><E76/><V37/><F37/><W104/><G104/><T114/><D114/><N who="3" m="44137" /><G61/><T13/><D46/><U18/><E6/><V103/><F132/><W85/><G94/><T99/><D82/><U128/><E128/><V89/><F78/><N who="3" m="46263" /><G121/><T32/><D99/><U127/><E127/><V54/><F107/><W40/><G24/><T92/><D92/><U79/><E79/><V35/><F95/><W63/><G63/><T9/><D26/><U60/><E34/><V3/><F35/><W116/><G116/><T93/><D32/><U72/><E72/><V48/><F50/><W110/><G110/><T115/><D93/><U83/><E83/><V51/><F48/><W84/><G84/><T53/><D115/><U29/><E96/><V19/><F97/><W11/><G133/><T31/><D39/><U5/><E5/><V120/><F98/><W77/><G77/><T10/><D65/><N who="1" m="39063" /><E29/><V135/><F135/><W87/><G87/><T109/><D31/><U41/><E41/><V59/><F120/><W71/><G71/><T44/><D109/><U68/><E68/><V124/><F124/><W21/><G21/><N who="0" m="11423" /><D42/><U62/><E62/><RYUUKYOKU ba="1,0" sc="220,-15,191,15,299,-15,290,15" hai1="17,18,22,23,25,88,90,91,105,106" hai3="4,11,14,40,49,100,101" /><INIT seed="3,2,0,0,2,72" ten="205,206,284,305" oya="3" hai0="32,37,64,60,3,120,76,78,46,126,25,114,91" hai1="70,15,12,129,102,68,29,81,38,79,86,9,26" hai2="57,75,95,97,61,42,108,45,84,8,100,131,85" hai3="106,63,130,119,44,52,127,122,10,16,73,24,4"/><W107/><G122/><T111/><D3/><U13/><E38/><V82/><F108/><W90/><G119/><T135/><D120/><U1/><E129/><V14/><F131/><W115/><G130/><T0/><D0/><U96/><E1/><V43/><F75/><W27/><G115/><T41/><D114/><U23/><REACH who="1" step="1"/><E9/><REACH who="1" ten="205,196,284,305" step="2"/><V5/><F45/><W109/><G44/><T30/><D111/><U47/><E47/><V93/><F93/><AGARI ba="2,1" hai="12,13,15,23,26,29,68,70,79,81,86,93,96,102" machi="93" ten="40,2600,0" yaku="1,1,52,1,53,0" doraHai="72" doraHaiUra="125" who="1" fromWho="2" sc="205,0,196,42,284,-32,305,0" owari="205,-29.0,238,-16.0,252,5.0,305,40.0" /></mjloggm>