<mjloggm ver="2.3"><GO type="169" lobby="0"/><UN n0="%E5%BC%B1%E8%99%AB" n1="%E3%82%A6%E3%83%AB%E3%83%88%E3%83%A9%E7%AB%8B%E7%9B%B4" n2="%79%61%6D%61%74%61" n3="%E9%AB%98%E7%94%BA%E3%83%B4%E3%82%A3%E3%83%B4%E3%82%A3%E3%82%AA%E2%98%86" dan="17,17,16,17" rate="2175.85,2058.93,2078.57,2127.34" sx="M,M,M,F"/><TAIKYOKU oya="0"/><INIT seed="0,0,0,5,0,36" ten="250,250,250,250" oya="0" hai0="109,132,29,78,120,108,41,35,133,117,90,14,68" hai1="46,94,62,135,79,99,8,2,22,3,69,20,58" hai2="73,65,115,86,40,125,112,128,83,103,118,124,89" hai3="27,43,102,19,131,53,6,26,18,50,16,127,42"/><T61/><D120/><U4/><E69/><V59/><F65/><W49/><G127/><N who="2" m="48713" /><F59/><N who="3" m="33199" /><G131/><T93/><D117/><U31/><E3/><V130/><F40/><N who="3" m="15403" /><G6/><T24/><D78/><U84/><E79/><N who="2" m="44527" /><F103/><W55/><G102/><T47/><D14/><U101/><E101/><V64/><F64/><W100/><G100/><T57/><D68/><U126/><E4/><V76/><F76/><W23/><G23/><T5/><D5/><U33/><E22/><V44/><F44/><AGARI ba="0,0" hai="16,18,19,26,27,44,50,55" m="15403,33199" machi="44" ten="30,8000,1" yaku="8,1,52,3,54,1" doraHai="36" who="3" fromWho="2" sc="250,0,250,0,250,-80,250,80" /><INIT seed="1,0,0,3,2,111" ten="250,250,170,330" oya="1" hai0="123,23,130,85,101,79,125,77,2,16,48,59,120" hai1="119,83,69,110,133,43,7,27,72,107,98,74,131" hai2="36,88,34,44,81,66,134,75,3,38,86,128,70" hai3="60,116,40,61,51,21,96,118,103,78,22,58,15"/><U9/><E119/><N who="3" m="45610" /><G78/><T109/><D109/><U65/><E110/><V113/><F3/><W13/><G60/><T12/><D130/><U39/><E131/><V63/><F128/><W0/><G0/><T35/><D125/><U1/><E27/><V20/><F34/><W11/><G51/><T52/><D2/><U135/><E65/><V97/><F134/><W105/><G40/><T6/><D35/><U89/><E69/><V102/><F75/><W14/><G11/><N who="0" m="4215" /><D85/><U132/><E89/><V49/><F20/><W100/><G103/><T122/><D101/><N who="1" m="62903" /><E83/><V126/><F126/><W106/><G106/><T68/><D68/><U73/><E43/><V41/><REACH who="2" step="1"/><F113/><REACH who="2" ten="250,250,160,330" step="2"/><W112/><G112/><T57/><D57/><U32/><E32/><V42/><F42/><W53/><AGARI ba="0,1" hai="13,14,15,21,22,53,58,61,96,100,105" m="45610" machi="53" ten="30,1100,0" yaku="12,1" doraHai="111" who="3" fromWho="3" sc="250,-3,250,-5,160,-3,330,21" /><INIT seed="2,0,0,2,1,100" ten="247,245,157,351" oya="2" hai0="123,126,48,113,124,82,70,21,9,29,104,66,93" hai1="105,135,118,51,79,98,108,99,107,2,6,7,16" hai2="36,117,74,8,109,24,41,23,97,25,18,64,87" hai3="58,52,19,84,94,44,34,120,77,37,71,111,134"/><V26/><F117/><W11/><G120/><T4/><D123/><U1/><E51/><V127/><F74/><W69/><G34/><T14/><D113/><U28/><E79/><V90/><F127/><W38/><G134/><T60/><D82/><U85/><E85/><V72/><F72/><W91/><G111/><T81/><D81/><U45/><E45/><V33/><F109/><W13/><G77/><T122/><D122/><U86/><E86/><V3/><F64/><W22/><G11/><T67/><D67/><U130/><E108/><V89/><F36/><W119/><G119/><T73/><D73/><U63/><E118/><V59/><F41/><W92/><G92/><T15/><D93/><U47/><E47/><V116/><F116/><W102/><G102/><T78/><D78/><U114/><E114/><V12/><F97/><W50/><REACH who="3" step="1"/><G44/><REACH who="3" ten="247,245,157,341" step="2"/><T17/><D9/><U30/><E135/><V61/><F33/><W121/><G121/><T10/><D10/><U0/><E0/><V35/><F35/><W65/><G65/><T106/><D66/><U88/><E1/><V112/><F112/><W101/><G101/><T62/><D126/><U40/><E2/><V31/><F3/><W132/><G132/><T96/><D124/><U103/><E103/><V128/><F8/><W27/><G27/><T43/><D4/><U53/><E7/><V95/><F31/><W57/><G57/><T83/><D29/><U80/><E30/><V76/><F76/><W5/><G5/><T46/><D46/><U125/><E28/><V49/><F59/><W56/><G56/><RYUUKYOKU ba="0,1" sc="247,-10,245,-10,157,-10,341,30" hai3="13,19,22,37,38,50,52,58,69,71,84,91,94" /><INIT seed="3,1,1,3,2,86" ten="237,235,147,371" oya="3" hai0="102,35,54,109,97,80,134,79,13,17,92,113,98" hai1="12,59,108,82,118,37,125,112,3,41,84,25,95" hai2="2,43,62,122,19,114,110,45,53,36,131,81,71" hai3="67,87,88,111,99,56,31,20,34,105,39,5,72"/><W7/><G39/><T55/><D35/><U26/><E3/><V104/><F104/><W46/><G72/><T76/><D109/><U51/><E112/><V49/><F2/><W9/><G34/><T133/><D113/><U91/><E108/><V10/><F110/><W15/><G111/><T60/><D98/><U47/><E118/><V28/><F114/><W94/><G46/><T106/><D106/><U132/><E132/><N who="0" m="50793" /><D60/><U119/><E119/><V93/><F28/><W29/><G7/><T85/><D76/><U120/><E120/><V57/><F122/><W4/><G4/><T38/><D38/><U127/><E12/><V0/><F131/><W18/><G105/><T68/><D68/><U70/><E70/><V16/><F81/><N who="3" m="49263" /><G56/><T6/><D6/><U100/><E59/><V83/><F0/><W107/><G67/><T117/><D117/><U40/><BYE who="3" /><E37/><UN n3="%E9%AB%98%E7%94%BA%E3%83%B4%E3%82%A3%E3%83%B4%E3%82%A3%E3%82%AA%E2%98%86" /><V123/><F83/><W65/><G65/><T33/><BYE who="3" /><D33/><UN n3="%E9%AB%98%E7%94%BA%E3%83%B4%E3%82%A3%E3%83%B4%E3%82%A3%E3%82%AA%E2%98%86" /><U22/><BYE who="3" /><E82/><UN n3="%E9%AB%98%E7%94%BA%E3%83%B4%E3%82%A3%E3%83%B4%E3%82%A3%E3%82%AA%E2%98%86" /><V21/><F123/><W32/><G107/><T128/><BYE who="3" /><D128/><UN n3="%E9%AB%98%E7%94%BA%E3%83%B4%E3%82%A3%E3%83%B4%E3%82%A3%E3%82%AA%E2%98%86" /><U73/><E73/><V90/><F10/><AGARI ba="1,1" hai="10,13,17,54,55,79,80,85,92,97,102" m="50793" machi="10" ten="30,1000,0" yaku="20,1" doraHai="86" who="0" fromWho="2" sc="237,23,235,0,147,-13,371,0" /><INIT seed="4,0,0,4,1,25" ten="260,235,134,371" oya="0" hai0="84,74,132,30,114,56,112,23,117,87,86,127,21" hai1="60,38,116,58,17,135,13,43,83,120,22,115,70" hai2="72,44,20,91,62,42,10,51,130,101,29,4,80" hai3="1,102,45,12,19,16,105,8,77,28,104,50,39"/><T33/><D117/><U128/><E116/><V37/><F130/><W78/><G1/><T76/><D132/><U32/><E120/><V64/><F101/><W41/><G39/><T46/><D127/><U99/><E128/><V123/><F123/><W67/><G105/><T113/><D46/><U93/><E70/><V14/><F37/><W109/><G109/><T88/><D56/><U69/><E69/><V119/><F119/><W15/><G67/><T79/><D88/><U47/><E135/><V73/><F80/><W65/><G65/><T66/><D66/><U49/><E32/><V57/><REACH who="2" step="1"/><F91/><REACH who="2" ten="260,235,124,371" step="2"/><W122/><G122/><T24/><D74/><U98/><E38/><V18/><F18/><W126/><G126/><T40/><D40/><U68/><E83/><V7/><F7/><W129/><G129/><T82/><D82/><U111/><E111/><V94/><F94/><W0/><G102/><T81/><D81/><U134/><E134/><V97/><F97/><W75/><G104/><T6/><D6/><U106/><E106/><V131/><F131/><W90/><G90/><T26/><D33/><U54/><E98/><V118/><F118/><W5/><G5/><T121/><D121/><U27/><E99/><V59/><F59/><W63/><G19/><AGARI ba="0,1" hai="19,21,23,24,26,30,76,79,84,86,87,112,113,114" machi="19" ten="50,4800,0" yaku="15,1,52,1" doraHai="25" who="0" fromWho="3" sc="260,58,235,0,124,0,371,-48" /><INIT seed="4,1,0,2,1,108" ten="318,235,124,323" oya="0" hai0="86,73,54,16,65,29,83,23,13,107,25,103,123" hai1="48,42,135,76,33,5,20,11,100,132,36,8,51" hai2="18,88,117,44,41,59,50,77,68,85,3,78,63" hai3="80,91,38,19,2,131,27,126,55,66,111,56,89"/><T105/><D123/><U64/><E33/><V92/><F117/><W57/><G2/><T99/><D65/><U1/><E100/><V15/><F3/><W60/><G38/><T75/><D54/><U26/><E11/><V122/><F68/><W81/><G111/><T125/><D107/><U71/><E64/><V62/><F122/><W127/><G131/><T87/><D125/><N who="3" m="47625" /><G81/><T28/><D28/><U0/><E71/><V94/><F94/><W120/><G120/><T133/><D133/><U128/><E1/><V14/><F14/><W96/><G96/><T58/><D58/><U130/><E76/><V67/><REACH who="2" step="1"/><F63/><REACH who="2" ten="318,235,114,323" step="2"/><N who="3" m="36255" /><G80/><T61/><D61/><U101/><E130/><V6/><F6/><W45/><G45/><T49/><D49/><U121/><E128/><V35/><F35/><W32/><G32/><T90/><REACH who="0" step="1"/><D86/><REACH who="0" ten="308,235,114,323" step="2"/><U53/><E51/><V74/><F74/><W115/><G60/><T106/><D106/><U31/><E135/><V4/><F4/><W82/><G66/><T129/><D129/><U98/><E132/><V119/><F119/><W37/><G37/><T79/><D79/><U22/><E121/><V95/><F95/><W102/><G57/><T109/><D109/><U40/><E36/><V52/><F52/><W12/><G27/><T7/><D7/><U43/><E53/><V47/><F47/><W70/><G70/><T30/><D30/><U118/><E118/><V124/><F124/><W116/><G116/><T93/><D93/><N who="1" m="58575" /><E48/><V17/><F17/><W113/><G19/><T72/><D72/><U97/><E31/><V9/><AGARI ba="1,2" hai="9,15,18,41,44,50,59,62,67,77,78,85,88,92" machi="9" ten="20,12000,2" yaku="1,1,5,1,0,1,7,1,8,1,54,1,53,1" doraHai="108" doraHaiUra="39" who="2" fromWho="2" sc="308,-61,235,-31,114,143,323,-31" /><INIT seed="5,0,0,0,3,97" ten="247,204,257,292" oya="1" hai0="54,10,98,1,105,81,70,0,21,82,106,132,122" hai1="78,118,38,36,104,24,9,134,55,2,86,61,63" hai2="124,83,87,56,121,85,11,59,120,103,39,41,133" hai3="40,3,95,6,123,31,72,102,26,48,35,60,33"/><U4/><E118/><V111/><F111/><W127/><G72/><T79/><D70/><U96/><E134/><V52/><F133/><W30/><G123/><T116/><D132/><U94/><E104/><V16/><F56/><W128/><G128/><T32/><D32/><U47/><E63/><V115/><F124/><W131/><G131/><T50/><D116/><U73/><E73/><V110/><F110/><W74/><G74/><T80/><D122/><U90/><E78/><V34/><F34/><W69/><G6/><T62/><D79/><U76/><E76/><V45/><F103/><W22/><G3/><T58/><D10/><U37/><E24/><V8/><F87/><W100/><G95/><T18/><D106/><U108/><E108/><V7/><F11/><W119/><G127/><T42/><D42/><U27/><E27/><V135/><F135/><W14/><G119/><T91/><D62/><U129/><E129/><V28/><F28/><W5/><G31/><T89/><D89/><U53/><E47/><V51/><F115/><W46/><G35/><T114/><D114/><U20/><E20/><V12/><F7/><W15/><G5/><T99/><D91/><AGARI ba="0,0" hai="8,12,16,39,41,45,51,52,59,83,85,91,120,121" machi="91" ten="30,3900,0" yaku="7,1,54,2" doraHai="97" who="2" fromWho="0" sc="247,-39,204,0,257,39,292,0" /><INIT seed="6,0,0,0,1,16" ten="208,204,296,292" oya="2" hai0="133,21,0,18,2,121,127,9,116,97,124,57,81" hai1="70,94,23,99,109,35,67,34,10,79,74,105,12" hai2="45,58,39,73,46,102,88,130,112,31,59,72,77" hai3="63,75,82,101,131,38,14,108,64,90,71,104,26"/><V119/><F119/><W91/><G38/><T89/><D121/><U100/><E109/><V68/><F68/><W118/><G108/><T114/><D116/><U53/><E67/><V43/><F102/><W40/><G40/><T113/><D133/><U83/><E70/><V4/><F112/><N who="0" m="43114" /><D57/><U78/><E78/><V22/><F4/><W87/><G118/><T123/><D123/><U27/><E53/><V54/><F46/><W80/><G14/><N who="0" m="9431" /><D9/><U41/><E41/><V28/><F59/><W6/><G6/><T85/><D97/><U106/><E35/><V129/><F77/><W37/><G131/><N who="2" m="50185" /><F88/><W117/><G90/><T107/><D107/><U65/><E34/><V135/><F135/><W92/><G117/><T103/><D103/><U52/><E106/><V84/><F84/><W47/><G87/><T51/><D51/><U76/><E105/><V19/><F73/><W93/><G75/><T20/><D2/><U50/><E79/><V125/><F72/><W13/><G101/><T11/><D11/><U110/><E110/><V62/><F125/><N who="0" m="48202" /><D0/><U3/><E3/><V49/><F49/><W36/><G104/><T95/><D81/><U25/><E83/><V48/><F48/><W24/><G82/><T128/><D128/><U66/><E50/><V17/><F17/><W132/><G80/><T30/><D30/><U1/><E1/><V69/><F69/><W32/><G71/><T111/><D111/><U56/><E100/><V42/><F42/><W7/><G132/><T60/><D60/><U134/><E134/><V29/><F29/><N who="3" m="19495" /><G63/><T122/><D122/><RYUUKYOKU ba="0,0" sc="208,15,204,-15,296,15,292,-15" hai0="20,85,89,95" hai2="19,22,28,31,39,43,45,54,58,62" /><INIT seed="6,1,0,5,0,90" ten="223,189,311,277" oya="2" hai0="32,33,0,24,46,26,97,122,131,104,42,125,5" hai1="12,50,9,3,22,124,113,14,4,61,1,88,78" hai2="132,82,121,126,36,117,66,15,129,114,30,48,75" hai3="58,47,2,27,11,93,103,77,10,69,92,63,118"/><V71/><RYUUKYOKU type="yao9" ba="1,0" sc="223,0,189,0,311,0,277,0" hai2="15,30,36,48,66,71,75,82,114,117,121,126,129,132" /><INIT seed="6,2,0,5,4,27" ten="223,189,311,277" oya="2" hai0="42,100,8,7,116,117,134,124,48,15,62,89,28" hai1="51,59,55,128,76,88,9,36,5,20,114,41,2" hai2="126,53,129,73,98,50,37,29,131,64,91,119,118" hai3="105,61,122,121,31,65,40,32,81,49,130,97,26"/><V127/><F73/><W43/><G130/><N who="2" m="49673" /><F37/><W99/><G99/><T80/><D134/><U54/><E128/><V120/><F64/><W85/><G49/><T78/><D124/><N who="2" m="47658" /><F29/><W87/><G87/><T83/><D28/><U46/><E114/><V135/><F120/><W47/><G47/><T17/><D100/><U6/><E76/><V3/><F3/><W69/><G121/><T92/><D62/><U10/><E20/><V33/><F33/><W68/><G68/><T13/><D117/><U90/><REACH who="1" step="1"/><E55/><REACH who="1" ten="223,179,311,277" step="2"/><V19/><F119/><W56/><G122/><T112/><D116/><U71/><E71/><V102/><F118/><W132/><G69/><T24/><D78/><U106/><E106/><V38/><F53/><W104/><G105/><T96/><D112/><U52/><E52/><V12/><F135/><W67/><G132/><T84/><D24/><U44/><E44/><V30/><F38/><W111/><G104/><T25/><D25/><U70/><E70/><V45/><F45/><W110/><G26/><T94/><D48/><U18/><E18/><V115/><F50/><W93/><G65/><T109/><D17/><U86/><E86/><V95/><F115/><W113/><G85/><T16/><D84/><U1/><AGARI ba="2,1" hai="1,2,5,6,9,10,36,41,46,51,54,59,88,90" machi="1" ten="20,8000,1" yaku="1,1,0,1,7,1,9,1,54,1,53,0" doraHai="27" doraHaiUra="23" who="1" fromWho="1" sc="223,-22,179,96,311,-42,277,-22" /><INIT seed="7,0,0,3,3,101" ten="201,275,269,255" oya="3" hai0="80,67,27,59,64,38,127,28,135,92,46,12,52" hai1="123,119,68,118,102,108,86,125,0,69,23,65,55" hai2="21,57,133,47,30,95,60,56,87,71,48,40,34" hai3="15,3,41,39,111,120,82,45,58,50,63,32,91"/><W109/><G120/><T17/><D135/><U9/><E123/><V97/><F133/><W35/><G3/><T10/><D127/><U42/><E108/><N who="3" m="41546" /><G15/><T121/><D121/><U98/><E65/><V13/><F34/><N who="3" m="12843" /><G82/><T25/><D80/><U99/><E42/><V100/><F71/><W16/><G91/><T116/><D116/><U129/><E23/><V112/><F112/><W88/><G88/><T73/><D73/><U51/><E9/><V114/><F114/><W84/><G84/><T106/><D27/><U29/><E0/><V53/><F87/><W122/><G16/><T2/><D2/><U5/><E5/><V126/><F126/><W90/><G90/><T74/><D74/><U54/><E86/><V26/><F13/><W131/><G122/><T33/><D92/><U22/><E125/><V93/><REACH who="2" step="1"/><F57/><REACH who="2" ten="201,275,259,255" step="2"/><W20/><G131/><T103/><D46/><U124/><E129/><V36/><F36/><W117/><G117/><T128/><D38/><U85/><E124/><V11/><F11/><W75/><G75/><T105/><D128/><U18/><E85/><V66/><F66/><W110/><G39/><T72/><D72/><U31/><E118/><V76/><F76/><W115/><G110/><T81/><D81/><U107/><E119/><V113/><F113/><W89/><G115/><T19/><D67/><U79/><E79/><V1/><F1/><W6/><G58/><T14/><D64/><U24/><E69/><V134/><F134/><W78/><G78/><T96/><D14/><U43/><E68/><V4/><F4/><W77/><G45/><RYUUKYOKU ba="0,1" sc="201,-10,275,-10,259,30,255,-10" hai2="21,26,30,40,47,48,53,56,60,93,95,97,100" /><INIT seed="8,1,1,3,3,62" ten="191,265,289,245" oya="0" hai0="21,43,10,121,108,60,123,56,64,31,36,91,19" hai1="99,106,132,120,88,58,111,104,40,133,44,134,126" hai2="89,115,50,38,27,73,105,37,125,113,78,90,72" hai3="102,118,70,85,101,20,66,96,53,98,32,76,11"/><T77/><D108/><U63/><E120/><V75/><F78/><W9/><G32/><T87/><D77/><U65/><E111/><V47/><F105/><W94/><G118/><T28/><D43/><U124/><E88/><V46/><F72/><W69/><G53/><T107/><D36/><N who="1" m="21511" /><E99/><V2/><F27/><W103/><G20/><T114/><D107/><AGARI ba="1,1" hai="58,63,65,104,106,107,124,126,132,133,134" m="21511" machi="107" ten="40,2600,0" yaku="20,1,52,1" doraHai="62" who="1" fromWho="0" sc="191,-29,265,39,289,0,245,0" owari="162,-34.0,304,40.0,289,9.0,245,-15.0" /></mjloggm>