<mjloggm ver="2.3"><GO type="97" lobby="0"/><UN n0="%E5%8C%97%E4%BA%9C" n1="%E3%82%A6%E3%83%AB%E3%83%88%E3%83%A9%E7%AB%8B%E7%9B%B4" n2="%E3%83%81%E3%82%AD%E3%83%B3" n3="%E3%82%AD%E3%83%A3%E3%83%A9%E3%83%A1%E3%83%AB%E3%82%AA%E3%83%AC%32" dan="15,15,14,13" rate="1928.73,2037.56,2052.79,1922.66" sx="M,M,M,M"/><TAIKYOKU oya="0"/><INIT seed="0,0,0,5,4,43" ten="250,250,250,250" oya="0" hai0="91,41,59,35,40,9,54,113,120,112,19,51,128" hai1="77,110,11,3,6,127,104,26,117,66,7,64,25" hai2="14,21,28,0,30,72,39,94,88,74,8,103,92" hai3="79,121,44,95,5,34,17,55,46,78,18,4,93"/><T50/><D120/><U69/><E117/><V53/><F39/><W38/><G38/><T131/><D35/><U63/><E104/><V49/><F0/><W58/><G34/><T86/><D112/><U98/><E127/><V132/><F132/><W134/><G134/><T16/><D113/><U36/><E110/><V111/><F111/><W106/><G106/><T102/><D102/><U109/><E109/><V52/><F103/><W60/><G121/><T125/><D125/><U124/><E124/><V23/><F8/><W108/><G108/><T82/><D9/><U62/><E98/><V97/><F14/><W48/><G60/><T122/><D122/><U123/><E123/><V126/><F126/><W10/><G10/><T61/><D61/><U42/><E7/><V135/><F135/><W100/><G100/><T129/><D40/><U133/><E77/><V130/><F130/><W114/><G48/><T96/><D96/><U101/><E101/><V1/><F1/><W107/><G107/><T29/><D29/><U99/><E99/><V13/><F13/><W70/><G114/><T65/><D65/><U47/><REACH who="1" step="1"/><E133/><REACH who="1" ten="250,240,250,250" step="2"/><V32/><F97/><W89/><G89/><T27/><REACH who="0" step="1"/><D27/><REACH who="0" ten="240,240,250,250" step="2"/><U85/><E85/><V83/><F74/><W33/><G33/><T116/><D116/><U2/><E2/><V24/><F72/><W90/><G4/><T118/><D118/><U57/><AGARI ba="0,2" hai="3,6,11,25,26,36,42,47,57,62,63,64,66,69" machi="57" ten="20,8000,1" yaku="1,1,0,1,7,1,52,1,53,1" doraHai="43" doraHaiUra="71" who="1" fromWho="1" sc="240,-40,240,100,250,-20,250,-20" /><INIT seed="1,0,0,2,4,113" ten="200,340,230,230" oya="1" hai0="46,43,106,35,7,133,71,59,82,17,114,15,103" hai1="104,83,22,34,28,69,29,41,96,12,93,20,61" hai2="1,110,19,100,79,131,49,88,58,126,123,117,94" hai3="3,112,8,101,23,80,121,116,84,74,68,109,9"/><U102/><E41/><V130/><F123/><W81/><G121/><T97/><D35/><U118/><E93/><V40/><F1/><W27/><G112/><T78/><D114/><U54/><E29/><V72/><F100/><W63/><G109/><T4/><D71/><U39/><E39/><V21/><F110/><W38/><G38/><T134/><D59/><U122/><E122/><V73/><F126/><W47/><G101/><T128/><D128/><N who="2" m="49194" /><F79/><W37/><G74/><T98/><D98/><U16/><E83/><V77/><F77/><W33/><G33/><T67/><D67/><N who="1" m="41199" /><E54/><N who="2" m="32079" /><F40/><W44/><G37/><T11/><D43/><U107/><E104/><V18/><F18/><W124/><G68/><T91/><D46/><U86/><E86/><N who="2" m="52503" /><F117/><W64/><G116/><T5/><REACH who="0" step="1"/><D91/><REACH who="0" ten="190,340,230,230" step="2"/><U90/><E90/><V52/><F52/><W45/><G44/><T62/><D62/><U70/><E118/><V50/><F50/><W115/><G45/><T56/><D56/><U119/><E119/><V13/><AGARI ba="0,1" hai="13,19,21,72,73" m="52503,32079,49194" machi="13" ten="30,4000,0" yaku="25,1,19,1,54,1" doraHai="113" who="2" fromWho="2" sc="190,-10,340,-20,230,50,230,-10" /><INIT seed="2,0,0,4,2,123" ten="180,320,280,220" oya="2" hai0="108,16,131,127,82,54,93,50,115,62,113,70,86" hai1="71,111,112,69,103,4,97,83,40,95,45,29,133" hai2="88,57,96,130,49,91,47,60,36,68,9,58,76" hai3="28,79,22,55,135,129,14,41,6,66,48,77,106"/><V87/><F130/><W12/><G129/><T99/><D127/><U2/><E112/><V117/><F117/><W33/><G135/><T53/><D131/><U61/><E133/><V25/><F36/><W52/><G33/><T105/><D105/><U42/><E42/><N who="2" m="24823" /><F68/><W7/><G106/><T1/><D1/><U85/><E29/><V94/><F76/><W73/><G66/><T126/><D126/><U81/><E83/><N who="2" m="49279" /><F25/><W72/><G22/><T64/><D113/><U118/><E118/><V38/><F38/><W35/><G48/><T67/><D67/><U107/><E107/><V24/><F24/><W124/><G35/><T39/><D39/><U15/><E2/><V17/><F60/><W27/><G27/><T63/><D115/><U100/><E61/><V44/><F44/><W116/><G116/><T109/><D63/><U30/><E30/><V56/><F9/><W90/><G41/><T101/><D54/><U19/><E45/><V75/><F75/><W31/><REACH who="3" step="1"/><G90/><REACH who="3" ten="180,320,280,210" step="2"/><T23/><D50/><U80/><E40/><V89/><F91/><W37/><G37/><T11/><D53/><U121/><E71/><V114/><F114/><W119/><G119/><T98/><D11/><U134/><E69/><V3/><F3/><W74/><G74/><T51/><D51/><U78/><E134/><V43/><F43/><W92/><G92/><T34/><D34/><U13/><E95/><V84/><F89/><W10/><G10/><T120/><D120/><U26/><E26/><V122/><F94/><W18/><G18/><T110/><D93/><U46/><E19/><RYUUKYOKU ba="0,1" sc="180,-10,320,-10,280,-10,210,30" hai3="6,7,12,14,28,31,52,55,72,73,77,79,124" /><INIT seed="3,1,1,2,0,124" ten="170,310,270,240" oya="3" hai0="114,23,66,62,51,118,117,131,121,130,125,47,77" hai1="135,55,25,39,17,18,15,71,49,112,75,12,115" hai2="19,50,3,128,132,1,97,46,34,95,111,127,64" hai3="59,94,105,13,67,57,90,48,6,43,37,4,107"/><W86/><G37/><T104/><D121/><U89/><E39/><V35/><F127/><W24/><G107/><T38/><D104/><U27/><E75/><V2/><F111/><W31/><G105/><T73/><D125/><U98/><E71/><V26/><F132/><W5/><G67/><T53/><D23/><N who="1" m="11711" /><E135/><V78/><F78/><W29/><G13/><T103/><D103/><U44/><E112/><V123/><F123/><W41/><G24/><T108/><D108/><U113/><E115/><V42/><F64/><W133/><G133/><T22/><D22/><N who="1" m="11591" /><E113/><V120/><F120/><W40/><REACH who="3" step="1"/><G48/><REACH who="3" ten="170,310,270,230" step="2"/><T129/><D114/><U101/><E101/><V109/><F109/><W61/><G61/><T65/><D38/><U54/><E27/><V74/><F26/><W56/><AGARI ba="1,2" hai="4,5,6,29,31,40,41,43,56,57,59,86,90,94" machi="56" ten="40,12000,1" yaku="1,1,0,1,29,2,8,1,53,0" doraHai="124" doraHaiUra="60" who="3" fromWho="3" sc="170,-41,310,-41,270,-41,230,143" owari="129,-37.0,269,7.0,229,-17.0,373,47.0" /></mjloggm>