<mjloggm ver="2.3"><GO type="97" lobby="0"/><UN n0="%E3%82%AB%E3%82%A4%E3%82%B8%58%50" n1="%E3%82%A6%E3%83%AB%E3%83%88%E3%83%A9%E7%AB%8B%E7%9B%B4" n2="%52%41%44%49%41%4E%43%45" n3="%E3%82%A4%E3%82%A2%E3%83%B3%EF%BC%A0%E4%B8%80%E6%93%B2" dan="13,15,16,13" rate="1849.81,1983.46,1965.56,1875.22" sx="M,M,M,M"/><TAIKYOKU oya="0"/><INIT seed="0,0,0,3,2,110" ten="250,250,250,250" oya="0" hai0="76,75,11,50,60,34,37,14,125,84,133,66,20" hai1="15,103,12,2,39,109,91,117,4,26,41,118,33" hai2="86,40,18,58,90,57,24,131,130,127,100,123,21" hai3="56,63,105,8,121,89,62,0,10,43,87,6,49"/><T7/><D37/><U104/><E91/><V101/><F123/><W64/><G105/><T71/><D34/><U119/><E103/><V77/><F77/><W129/><G121/><T67/><D133/><U31/><E41/><V106/><F40/><W1/><G129/><N who="2" m="49161" /><F127/><W45/><G63/><T112/><D125/><U72/><E104/><V35/><F35/><W94/><REACH who="3" step="1"/><G10/><REACH who="3" ten="250,250,250,240" step="2"/><T28/><D60/><U99/><E117/><V88/><F106/><W42/><G42/><T124/><D11/><U132/><E119/><V79/><F101/><W38/><G38/><T82/><D124/><U30/><E39/><V16/><F100/><W116/><G116/><T52/><D71/><U5/><E118/><V95/><F79/><W13/><AGARI ba="0,1" hai="0,1,6,8,13,43,45,49,56,62,64,87,89,94" machi="13" ten="20,2700,0" yaku="1,1,0,1,7,1,53,0" doraHai="110" doraHaiUra="19" who="3" fromWho="3" sc="250,-13,250,-7,250,-7,240,37" /><INIT seed="1,0,0,0,3,60" ten="237,243,243,277" oya="1" hai0="93,83,3,91,106,33,121,92,80,73,95,98,123" hai1="126,118,55,41,133,65,50,30,53,31,131,6,74" hai2="36,96,35,56,101,117,113,102,134,75,84,132,44" hai3="115,79,112,18,120,8,27,61,7,14,28,63,107"/><U78/><E118/><V124/><F75/><W57/><G107/><T10/><D33/><U82/><E126/><V45/><F117/><W135/><G120/><N who="0" m="46155" /><D10/><U108/><E131/><V46/><F36/><W37/><G37/><T54/><D54/><U17/><E133/><N who="2" m="51307" /><F35/><W125/><G135/><T47/><D47/><U0/><E108/><V71/><F71/><W130/><G125/><T2/><D2/><U39/><E17/><V81/><F124/><W48/><G130/><T128/><D3/><U23/><E23/><V122/><F122/><W66/><G79/><N who="0" m="44143" /><D128/><U109/><E53/><V99/><F113/><W70/><G48/><T38/><D38/><U127/><E55/><V76/><F56/><W49/><G49/><T77/><D106/><U4/><E50/><V9/><F9/><W29/><G29/><T15/><D15/><U68/><E6/><V85/><F44/><W58/><G70/><T90/><D90/><U42/><E127/><V88/><F45/><W94/><G7/><T25/><D25/><U20/><E20/><V19/><F19/><W119/><G119/><T111/><D111/><U13/><E109/><V1/><F46/><W89/><G27/><T114/><D114/><U51/><E39/><V105/><F1/><W59/><G28/><N who="1" m="10794" /><E0/><V32/><F32/><W116/><G116/><T87/><AGARI ba="0,0" hai="77,83,87,91,92,93,95,98" m="44143,46155" machi="87" ten="30,4000,0" yaku="13,1,34,2" doraHai="60" who="0" fromWho="0" sc="237,40,243,-20,243,-10,277,-10" /><INIT seed="2,0,0,5,4,3" ten="277,223,233,267" oya="2" hai0="67,17,26,66,112,21,102,52,18,47,133,80,49" hai1="83,31,34,8,38,20,103,126,64,22,61,16,9" hai2="115,50,37,75,114,55,106,125,36,94,87,91,69" hai3="19,42,62,24,76,58,1,82,35,96,110,101,28"/><V104/><F75/><W63/><G1/><T111/><D112/><U86/><E38/><V119/><F119/><W92/><G110/><T124/><D111/><U0/><E34/><V107/><F69/><W33/><G42/><T44/><D124/><U78/><E126/><V65/><F65/><N who="0" m="24586" /><D133/><U120/><E120/><V43/><F125/><W27/><G19/><N who="0" m="12607" /><D102/><U72/><E72/><V97/><F43/><W48/><G48/><N who="0" m="28679" /><D80/><U88/><E103/><V129/><F129/><W122/><G122/><T56/><D56/><N who="1" m="36903" /><E0/><V71/><F71/><W7/><G62/><T113/><D113/><U81/><E81/><V12/><F115/><W4/><G27/><T98/><D98/><U57/><E57/><V99/><F114/><W117/><G35/><T77/><D77/><U39/><E39/><V6/><F37/><W108/><G108/><T73/><D73/><U54/><E78/><V79/><F79/><W132/><G132/><T11/><D11/><U90/><E90/><V118/><F36/><W25/><G25/><T93/><D93/><U32/><E32/><V134/><F118/><W59/><G117/><T53/><AGARI ba="0,0" hai="17,18,47,49,53" m="28679,12607,24586" machi="53" ten="30,2000,0" yaku="8,1,54,1" doraHai="3" who="0" fromWho="0" sc="277,20,223,-5,233,-10,267,-5" /><INIT seed="3,0,0,0,3,114" ten="297,218,223,262" oya="3" hai0="15,9,38,14,93,125,40,24,113,54,46,119,57" hai1="17,18,42,63,134,1,39,43,22,87,124,34,62" hai2="75,26,70,126,84,78,77,92,116,95,33,120,110" hai3="5,79,127,82,89,64,111,97,69,132,115,117,104"/><W121/><G115/><T133/><D119/><U27/><E34/><V55/><F116/><W52/><G121/><T20/><D113/><U4/><E4/><V3/><F3/><W37/><G37/><T7/><D125/><U32/><E32/><V106/><F120/><W107/><G127/><T128/><D128/><U36/><E1/><V0/><F0/><W23/><G117/><T105/><D105/><U74/><E74/><V61/><F126/><W16/><G5/><T31/><D133/><U88/><E124/><V85/><F106/><W99/><G64/><T118/><D118/><U123/><E123/><V41/><F41/><N who="1" m="15369" /><E39/><V35/><F75/><W60/><G69/><T71/><D71/><U109/><E36/><V2/><F2/><W90/><G132/><T91/><D9/><U10/><E134/><V81/><F70/><W51/><G60/><N who="1" m="23082" /><E109/><V68/><F68/><W65/><G65/><T28/><D7/><U30/><E10/><V25/><F61/><W44/><G107/><T6/><D31/><U66/><E66/><V80/><REACH who="2" step="1"/><F55/><REACH who="2" ten="297,218,213,262" step="2"/><W86/><G111/><AGARI ba="0,1" hai="25,26,33,35,77,78,80,81,84,85,92,95,110,111" machi="111" ten="25,6400,0" yaku="1,1,2,1,22,2,53,0" doraHai="114" doraHaiUra="129" who="2" fromWho="3" sc="297,0,218,0,213,74,262,-64" /><INIT seed="4,0,0,3,4,14" ten="297,218,287,198" oya="0" hai0="109,82,108,96,67,86,84,99,78,55,91,87,90" hai1="116,2,0,61,114,95,41,10,24,125,66,73,107" hai2="98,53,17,74,100,19,127,132,46,36,72,15,133" hai3="7,75,64,43,111,89,44,5,3,23,35,110,18"/><T56/><D67/><U52/><E116/><V71/><F71/><W122/><G122/><T34/><D34/><U123/><E123/><V6/><F127/><W37/><G35/><T12/><D12/><U29/><E125/><V97/><F6/><W40/><G40/><T79/><D109/><U51/><E107/><N who="2" m="63887" /><F98/><N who="0" m="37418" /><D108/><U85/><E73/><N who="2" m="28267" /><F15/><W62/><G64/><T77/><D82/><U76/><E41/><N who="2" m="22823" /><F53/><W13/><G62/><AGARI ba="0,0" hai="55,56,62,77,78,79,84,86,87,90,91" m="37418" machi="62" ten="30,1500,0" yaku="8,1" doraHai="14" who="0" fromWho="3" sc="297,15,218,0,287,0,198,-15" owari="312,41.0,218,-18.0,287,9.0,183,-32.0" /></mjloggm>