<mjloggm ver="2.3"><GO type="97" lobby="0"/><UN n0="%E5%AE%A4%E8%98%AD%E3%81%AE%E6%98%9F" n1="%E3%83%8D%E3%82%AA%E3%83%A9%E3%83%B4%E3%82%A3%E3%83%B3" n2="%E8%8F%A9%E8%96%A9%E5%B3%A0" n3="%E3%82%A6%E3%83%AB%E3%83%88%E3%83%A9%E7%AB%8B%E7%9B%B4" dan="15,13,13,15" rate="1991.32,1883.66,1847.62,2029.83" sx="M,M,M,M"/><TAIKYOKU oya="0"/><INIT seed="0,0,0,4,5,61" ten="250,250,250,250" oya="0" hai0="51,66,86,35,81,95,0,114,64,107,101,132,134" hai1="90,22,4,94,119,87,108,5,96,88,121,113,27" hai2="125,34,21,43,76,31,69,42,135,73,17,38,116" hai3="127,60,56,65,89,117,97,59,8,78,40,33,85"/><T48/><D35/><U123/><E119/><V79/><F43/><W28/><G117/><T44/><D107/><U103/><E108/><V71/><F79/><W26/><G127/><T10/><D114/><U46/><E113/><V109/><F21/><W53/><G40/><T118/><D118/><U130/><E130/><V133/><F17/><W124/><G124/><T82/><D10/><U20/><E90/><V14/><F14/><W3/><G78/><T83/><D0/><U16/><E46/><V32/><F116/><W39/><G39/><T11/><D11/><U84/><E84/><V29/><F125/><W111/><G111/><T75/><D75/><U2/><E2/><V52/><F109/><W77/><G77/><T105/><D105/><U58/><E58/><V100/><F100/><W57/><G97/><T70/><D70/><U45/><E45/><V7/><F76/><W6/><REACH who="3" step="1"/><G53/><REACH who="3" ten="250,250,250,240" step="2"/><T37/><D37/><U115/><E115/><V80/><F42/><W23/><G23/><T54/><D51/><U12/><E123/><V112/><F38/><W74/><G74/><T18/><D134/><U49/><E121/><V98/><F73/><W126/><G126/><T91/><D132/><U99/><E99/><V122/><F98/><W110/><G110/><T55/><D55/><U62/><E49/><V120/><F52/><W131/><G131/><T128/><D128/><U1/><E1/><V47/><F112/><W15/><G15/><T36/><D36/><U68/><E12/><V104/><F122/><W41/><G41/><T67/><D101/><U30/><E22/><RYUUKYOKU ba="0,1" sc="250,15,250,-15,250,-15,240,15" hai0="18,44,48,54,64,66,67,81,82,83,86,91,95" hai3="3,6,8,26,28,33,56,57,59,60,65,85,89" /><INIT seed="0,1,1,0,5,126" ten="265,235,235,255" oya="0" hai0="52,129,37,123,89,132,10,86,70,71,48,64,18" hai1="20,24,77,108,115,8,39,87,12,40,44,96,82" hai2="36,66,111,117,42,125,59,94,28,116,79,90,88" hai3="58,128,107,61,72,91,74,47,65,134,97,68,7"/><T95/><D37/><U85/><E108/><V133/><F125/><W69/><G134/><T131/><D123/><U5/><E115/><V22/><F111/><W118/><G118/><N who="2" m="45673" /><F133/><W121/><G121/><T26/><D132/><U35/><E96/><V113/><F79/><W9/><G58/><T122/><D122/><U53/><E53/><V30/><F113/><W109/><G91/><T55/><D55/><U4/><E35/><V112/><F112/><W75/><G69/><T6/><D6/><U11/><E11/><V46/><F90/><W62/><G62/><T45/><D64/><U54/><E54/><V57/><F22/><W81/><G47/><T60/><D60/><U51/><E39/><V3/><F3/><W34/><G34/><T19/><D19/><U38/><E38/><V83/><F83/><W76/><G109/><T29/><D71/><U0/><E0/><V101/><F101/><W124/><G124/><T105/><D70/><U114/><E114/><V63/><F59/><W104/><G104/><T92/><D105/><U41/><E41/><V98/><AGARI ba="1,1" hai="28,30,36,42,46,57,63,66,88,94,98" m="45673" machi="98" ten="30,2000,0" yaku="12,1,54,1" doraHai="126" who="2" fromWho="2" sc="265,-11,235,-6,235,33,255,-6" /><INIT seed="1,0,0,0,3,86" ten="254,229,268,249" oya="1" hai0="83,112,103,60,47,92,10,80,17,75,120,78,119" hai1="114,15,11,7,126,33,71,44,35,130,134,51,125" hai2="54,27,100,98,49,57,40,64,37,58,91,74,88" hai3="108,30,87,121,93,81,21,90,106,95,38,26,66"/><U97/><E114/><V117/><F74/><W99/><G121/><T68/><D119/><U12/><E134/><V55/><F117/><W19/><G38/><T24/><D112/><U113/><E113/><V104/><F64/><W50/><G108/><T67/><D83/><U129/><E71/><V65/><F65/><W128/><G128/><N who="1" m="49258" /><E97/><V132/><F132/><W3/><G3/><T102/><D120/><U36/><E36/><V135/><F135/><W85/><G106/><T13/><D47/><U133/><E133/><V43/><F27/><W29/><G66/><T105/><D105/><U48/><E48/><V16/><F16/><W118/><G118/><T14/><D14/><U2/><E51/><V25/><F25/><W123/><G123/><T31/><D92/><U45/><E45/><V63/><REACH who="2" step="1"/><F37/><REACH who="2" ten="254,229,258,249" step="2"/><W56/><G19/><T101/><D24/><U94/><E44/><V23/><F23/><W79/><G21/><T110/><D110/><U124/><E94/><V52/><F52/><N who="3" m="31767" /><G26/><T96/><D31/><U109/><E109/><V76/><F76/><W32/><G32/><AGARI ba="0,1" hai="2,7,11,12,15,32,33,35,124,125,126" m="49258" machi="32" ten="40,12000,1" yaku="18,1,19,1,34,2" doraHai="86" who="1" fromWho="3" sc="254,0,229,130,258,0,249,-120" /><INIT seed="1,1,0,3,3,5" ten="254,359,258,129" oya="1" hai0="91,88,84,77,9,44,111,135,122,124,130,116,65" hai1="118,115,16,67,28,102,58,129,55,87,13,14,48" hai2="72,73,19,94,131,93,4,128,89,33,105,53,36" hai3="132,11,0,133,134,40,104,117,37,76,69,85,3"/><U17/><E118/><V82/><F33/><W99/><G69/><T32/><D32/><U54/><E115/><V71/><F71/><W101/><G117/><T51/><D116/><U29/><E129/><V39/><F4/><W45/><G85/><T97/><D130/><U12/><E102/><V20/><F105/><W125/><G76/><T68/><D122/><U86/><E67/><V114/><F114/><W50/><G50/><T62/><D97/><U108/><E108/><V80/><F20/><W121/><G121/><T78/><D111/><U6/><E6/><V119/><F19/><W107/><G107/><T100/><D100/><U90/><E55/><V123/><F53/><W25/><G25/><T30/><D30/><U38/><E38/><V26/><F26/><W21/><G21/><T106/><D106/><U126/><E126/><V22/><F22/><W57/><G57/><T18/><D91/><U41/><E87/><V8/><F89/><W64/><G64/><T7/><D7/><U1/><E1/><V127/><F123/><W10/><REACH who="3" step="1"/><G125/><REACH who="3" ten="254,359,258,119" step="2"/><T103/><D124/><U70/><E70/><V43/><F127/><W15/><G15/><T61/><D78/><U35/><E14/><V49/><F119/><W42/><G42/><T66/><D77/><U59/><E41/><V96/><F43/><W34/><G34/><T120/><D65/><U110/><E110/><V63/><F49/><W52/><G52/><T24/><D66/><U46/><E35/><V2/><F2/><AGARI ba="1,1" hai="0,2,3,10,11,37,40,45,99,101,104,132,133,134" machi="2" ten="50,8000,1" yaku="1,1,20,1,52,2,53,0" doraHai="5" doraHaiUra="83" who="3" fromWho="2" sc="254,0,359,0,258,-83,119,93" /><INIT seed="2,0,0,0,4,32" ten="254,359,175,212" oya="2" hai0="122,85,91,5,96,99,71,48,22,103,40,0,89" hai1="124,42,88,18,14,129,112,101,128,131,115,35,23" hai2="4,65,15,69,24,123,3,41,68,26,80,9,27" hai3="125,113,126,75,58,1,54,90,67,130,7,70,109"/><V93/><F123/><W95/><G75/><T33/><D33/><U21/><E35/><V98/><F80/><W64/><G130/><T117/><D71/><U37/><E101/><V73/><F73/><W84/><G109/><T8/><D117/><U63/><E63/><V132/><F132/><W111/><G111/><T16/><D122/><U57/><E57/><V77/><F77/><W134/><G134/><T60/><D60/><U38/><E124/><N who="3" m="47722" /><G70/><T51/><D40/><U110/><E110/><V39/><F65/><W76/><G76/><T45/><D91/><U49/><E88/><V108/><F108/><W97/><G97/><T31/><D31/><U62/><E62/><V107/><F107/><W114/><G64/><T121/><D121/><U81/><E81/><V133/><F133/><W34/><G34/><T19/><D19/><N who="1" m="10487" /><E49/><V50/><F39/><N who="1" m="14857" /><E42/><V53/><F41/><W100/><G100/><T118/><D45/><U59/><E59/><V28/><F15/><AGARI ba="0,0" hai="15,18,23,112,115,128,129,131" m="14857,10487" machi="15" ten="40,1300,0" yaku="19,1" doraHai="32" who="1" fromWho="2" sc="254,0,359,13,175,-13,212,0" /><INIT seed="3,0,0,0,1,49" ten="254,372,162,212" oya="3" hai0="57,101,132,33,107,35,58,21,9,40,85,51,5" hai1="95,119,124,115,27,125,38,96,78,104,42,87,133" hai2="114,92,100,135,39,97,11,46,70,76,111,81,118" hai3="4,7,63,120,10,67,56,75,30,59,112,127,19"/><W29/><G75/><T2/><D132/><U106/><E115/><V15/><F70/><W122/><G127/><N who="1" m="48714" /><E133/><V126/><F126/><W117/><G19/><T32/><D107/><U26/><E119/><V31/><F135/><W34/><G34/><T77/><D101/><N who="1" m="60575" /><E42/><V94/><F118/><W25/><G25/><N who="1" m="9226" /><E38/><V123/><F114/><W36/><G117/><T55/><D40/><U1/><E1/><V74/><F123/><W47/><G112/><T44/><D21/><U60/><E60/><V53/><F111/><W108/><G108/><T54/><D44/><U3/><E3/><V134/><F134/><W80/><G47/><T105/><D105/><U14/><E14/><V121/><F121/><W41/><G41/><T73/><D73/><U113/><E113/><V129/><F31/><W66/><G63/><T86/><REACH who="0" step="1"/><D77/><REACH who="0" ten="244,372,162,212" step="2"/><U72/><E72/><V64/><F129/><W20/><G20/><T22/><D22/><U116/><E116/><V93/><F64/><W98/><G36/><T88/><D88/><U61/><E106/><V89/><F89/><W0/><G122/><T17/><D17/><U79/><E104/><V37/><F37/><W82/><G120/><T65/><D65/><U24/><E79/><V52/><F39/><W110/><G110/><T68/><D68/><U6/><E78/><V131/><F131/><W91/><G91/><T50/><AGARI ba="0,1" hai="2,5,9,32,33,35,50,51,54,55,57,58,85,86" machi="50" ten="30,8000,1" yaku="1,1,0,1,9,1,52,2,53,0" doraHai="49" doraHaiUra="130" who="0" fromWho="0" sc="244,90,372,-20,162,-20,212,-40" owari="334,13.0,352,46.0,142,-36.0,172,-23.0" /></mjloggm>