<mjloggm ver="2.3"><GO type="41" lobby="0"/><UN n0="%E7%9D%A1%E7%9C%A0%E5%AD%A6%E7%BF%92" n1="%66%6B%30%33%30%34" n2="%28%C2%B4%E3%83%BB%CF%89%3A%3B%2E%3A" n3="%E3%82%A6%E3%83%AB%E3%83%88%E3%83%A9%E7%AB%8B%E7%9B%B4" dan="15,15,14,16" rate="1900.86,1935.29,1950.76,2074.63" sx="M,M,F,M"/><TAIKYOKU oya="0"/><INIT seed="0,0,0,5,5,32" ten="250,250,250,250" oya="0" hai0="42,69,57,97,80,5,89,70,102,30,58,112,63" hai1="36,81,59,65,109,11,86,22,45,18,82,96,71" hai2="110,67,12,62,3,103,119,68,120,2,127,47,98" hai3="17,123,78,84,131,51,83,100,53,94,6,33,10"/><T115/><D30/><U85/><E71/><V19/><F120/><W88/><G123/><T16/><D42/><U15/><E109/><V92/><F110/><W91/><G131/><T23/><D5/><U132/><E132/><V0/><F119/><W52/><G33/><T93/><D69/><U128/><E128/><V40/><F127/><W56/><G17/><T117/><D70/><U87/><E36/><V1/><N who="2" m="512" /><DORA hai="29" /><V49/><F12/><N who="3" m="5207" /><G53/><T27/><D117/><U105/><E45/><V37/><REACH who="2" step="1"/><F19/><REACH who="2" ten="250,250,240,250" step="2"/><W95/><G100/><T61/><D112/><U111/><E111/><V38/><AGARI ba="0,1" hai="37,38,40,47,49,62,67,68,92,98,103" m="512" machi="38" ten="60,12000,2" yaku="1,1,2,1,0,1,52,4,53,0" doraHai="32,29" doraHaiUra="118,108" who="2" fromWho="2" sc="250,-60,250,-30,240,130,250,-30" /><INIT seed="1,0,0,0,1,129" ten="190,220,370,220" oya="1" hai0="69,99,19,121,91,127,114,87,79,48,53,81,43" hai1="120,29,40,84,126,52,26,23,59,133,112,31,96" hai2="2,11,54,38,34,78,50,30,13,102,100,70,28" hai3="66,3,107,0,24,95,7,1,16,12,61,92,44"/><U9/><E120/><V94/><F38/><W80/><G107/><T103/><D114/><U15/><E112/><V125/><F125/><W68/><G7/><T88/><D69/><U77/><E126/><V4/><F70/><W98/><G24/><T57/><D127/><U60/><E133/><V37/><F37/><W6/><G6/><T14/><D43/><U86/><E31/><V116/><F116/><W41/><G80/><T10/><REACH who="0" step="1"/><D121/><REACH who="0" ten="180,220,370,220" step="2"/><U131/><E40/><V51/><F34/><W39/><REACH who="3" step="1"/><G98/><REACH who="3" ten="180,220,370,210" step="2"/><T118/><D118/><U5/><E131/><V33/><F33/><W35/><G35/><T128/><D128/><U97/><E77/><V42/><F42/><W25/><G25/><T117/><D117/><U22/><E97/><V56/><F102/><W63/><G63/><T65/><D65/><U32/><E96/><V64/><F100/><W83/><G83/><T74/><D74/><U104/><E104/><AGARI ba="0,2" hai="10,14,19,48,53,57,79,81,87,88,91,99,103,104" machi="104" ten="30,3900,0" yaku="1,1,7,1,54,1,53,0" doraHai="129" doraHaiUra="90" who="0" fromWho="1" sc="180,59,220,-39,370,0,210,0" /><INIT seed="2,0,0,1,4,37" ten="239,181,370,210" oya="2" hai0="16,132,97,9,84,121,10,41,111,68,15,86,79" hai1="133,43,36,77,30,5,127,50,0,11,89,40,45" hai2="62,126,106,8,66,98,72,17,25,83,117,3,120" hai3="122,112,23,119,102,129,12,26,64,67,7,116,2"/><V32/><F117/><W69/><G122/><T94/><D121/><U123/><E123/><V52/><F120/><W75/><G112/><T13/><D68/><U21/><E127/><V74/><F126/><W20/><G75/><T28/><D111/><U91/><E133/><V101/><F17/><W81/><G129/><T88/><D132/><U95/><E77/><V14/><F14/><W31/><G67/><T105/><D105/><U19/><E30/><N who="2" m="19535" /><F52/><W49/><G64/><T27/><D41/><N who="1" m="24879" /><E36/><V57/><F83/><W109/><G69/><T59/><D59/><U134/><E0/><V85/><F85/><W38/><G38/><T56/><D56/><U73/><E73/><V99/><F99/><W118/><G81/><T82/><D84/><N who="1" m="52647" /><E134/><V135/><F135/><W24/><G2/><T108/><D108/><U4/><E91/><V93/><F106/><W34/><G109/><T22/><REACH who="0" step="1"/><D15/><REACH who="0" ten="229,181,370,210" step="2"/><N who="1" m="5607" /><E5/><V61/><F3/><W80/><G7/><T125/><D125/><U65/><E65/><V114/><F66/><W29/><G118/><T124/><D124/><U110/><E110/><V33/><F114/><W70/><G119/><T42/><D42/><U6/><E6/><V104/><F104/><W107/><G116/><T63/><D63/><U92/><E92/><V96/><F62/><W100/><G107/><T1/><D1/><U51/><E51/><V71/><F61/><W53/><G49/><T60/><D60/><U131/><E131/><V18/><F71/><W48/><G48/><T39/><D39/><U76/><E76/><V46/><F93/><W35/><G70/><RYUUKYOKU ba="0,1" sc="229,15,181,15,370,-15,210,-15" hai0="9,10,13,16,22,27,28,79,82,86,88,94,97" hai1="19,21,40,43" /><INIT seed="3,1,1,0,3,44" ten="244,196,355,195" oya="3" hai0="111,47,80,74,15,71,13,27,73,100,63,10,133" hai1="51,113,18,128,93,65,4,22,112,5,85,28,120" hai2="19,122,118,84,48,72,21,135,123,7,105,134,114" hai3="45,36,99,117,37,88,82,124,35,87,8,34,11"/><W108/><G117/><T59/><D71/><U115/><E120/><N who="2" m="46123" /><F72/><W58/><G124/><T32/><D111/><U38/><E38/><V98/><F114/><W24/><G108/><T33/><D133/><N who="2" m="50698" /><F7/><W103/><G37/><T77/><D73/><U61/><E28/><V96/><F84/><W2/><G2/><T89/><D100/><U62/><E128/><V26/><F118/><W69/><G69/><T23/><D89/><U12/><E62/><V106/><F48/><W83/><G83/><T55/><D47/><U127/><E127/><V9/><F9/><W57/><G8/><T6/><REACH who="0" step="1"/><D15/><REACH who="0" ten="234,196,355,195" step="2"/><U1/><E1/><V16/><F106/><W76/><G45/><T64/><D64/><U43/><E112/><V92/><F105/><W25/><G76/><T68/><D68/><U104/><E115/><V95/><F98/><W0/><G99/><T17/><AGARI ba="1,2" hai="6,10,13,17,23,27,32,33,55,59,63,74,77,80" machi="17" ten="20,2700,0" yaku="1,1,0,1,7,1,53,0" doraHai="44" doraHaiUra="131" who="0" fromWho="0" sc="234,50,196,-8,355,-8,195,-14" /><INIT seed="4,0,0,2,4,113" ten="284,188,347,181" oya="0" hai0="52,42,12,28,29,80,106,70,38,61,64,33,4" hai1="119,71,88,84,99,44,45,63,40,54,47,59,19" hai2="85,132,16,110,13,101,79,102,58,27,76,133,125" hai3="93,121,114,128,87,82,56,48,89,116,2,72,7"/><T9/><D106/><U75/><E75/><V111/><F27/><W134/><G114/><T14/><D38/><U21/><E71/><V60/><F125/><W66/><G128/><T117/><D42/><U115/><E115/><V103/><F110/><W37/><G37/><T81/><D117/><U46/><E119/><V69/><F69/><W51/><G134/><N who="2" m="51817" /><F85/><W55/><G116/><T95/><D33/><U105/><E105/><V127/><F111/><W22/><G66/><T104/><D104/><U74/><E74/><V25/><F25/><W43/><G121/><T31/><D14/><U91/><E99/><V118/><F118/><W49/><G7/><T26/><D26/><U92/><E91/><V24/><F24/><W10/><G10/><T100/><D100/><U34/><E34/><V68/><F68/><W90/><G2/><T0/><D0/><U6/><E6/><V8/><F127/><W83/><G43/><T131/><D131/><U108/><E108/><V107/><F107/><W50/><G72/><T18/><D4/><U67/><E40/><V17/><F17/><W78/><G78/><T53/><REACH who="0" step="1"/><D95/><REACH who="0" ten="274,188,347,181" step="2"/><U35/><E35/><V94/><F94/><W130/><G130/><T5/><D5/><U20/><E19/><V1/><F1/><W15/><G90/><T30/><N who="0" m="7168" /><DORA hai="129" /><T126/><D126/><U112/><E112/><V23/><F79/><W124/><G124/><T77/><D77/><U86/><E86/><V32/><F76/><W11/><G93/><T96/><D96/><U73/><E73/><V36/><F36/><W123/><G123/><RYUUKYOKU ba="0,1" sc="274,15,188,15,347,-15,181,-15" hai0="9,12,18,52,53,61,64,70,80,81" hai1="20,21,44,45,46,47,54,59,63,67,84,88,92" /><INIT seed="4,1,1,3,4,63" ten="289,203,332,166" oya="0" hai0="19,10,115,87,77,92,13,26,7,71,61,40,91" hai1="100,127,129,117,122,49,44,31,39,47,83,124,9" hai2="12,3,18,114,70,75,16,6,53,126,34,51,78" hai3="110,107,62,130,93,111,112,104,73,8,94,134,54"/><T98/><D115/><U28/><E122/><V33/><F70/><W24/><G73/><T2/><D26/><U50/><E117/><V68/><F68/><W14/><G112/><T132/><D132/><U74/><E100/><V102/><F102/><W35/><G134/><T64/><D40/><U121/><E121/><V22/><F114/><W84/><G130/><T86/><REACH who="0" step="1"/><D77/><REACH who="0" ten="279,203,332,166" step="2"/><U25/><E129/><V17/><F126/><W95/><G24/><T101/><D101/><U125/><E39/><V65/><F33/><W37/><G35/><T116/><D116/><U20/><E31/><V32/><F34/><W59/><G37/><T69/><D69/><U56/><E9/><AGARI ba="1,2" hai="2,7,9,10,13,19,61,64,71,86,87,91,92,98" machi="9" ten="30,5800,0" yaku="1,1,7,1,52,1,53,0" doraHai="63" doraHaiUra="119" who="0" fromWho="1" sc="279,81,203,-61,332,0,166,0" /><INIT seed="4,2,0,0,5,12" ten="360,142,332,166" oya="0" hai0="85,57,115,62,127,112,117,40,126,25,119,58,53" hai1="37,54,135,121,16,133,80,19,20,31,76,14,128" hai2="100,95,59,39,21,92,17,110,84,75,64,109,35" hai3="108,114,7,125,93,13,83,123,132,81,50,113,10"/><T42/><D25/><U24/><E37/><V89/><F75/><W15/><G108/><T68/><D68/><U11/><E121/><V29/><F39/><W60/><G123/><T73/><D73/><U103/><E103/><V45/><F45/><W38/><G38/><T61/><D85/><U130/><E54/><AGARI ba="2,0" hai="40,42,53,54,57,58,61,62,112,115,117,119,126,127" machi="54" ten="25,12000,1" yaku="22,2,34,3" doraHai="12" who="0" fromWho="1" sc="360,126,142,-126,332,0,166,0" /><INIT seed="4,3,0,5,5,21" ten="486,16,332,166" oya="0" hai0="120,106,103,54,83,132,109,104,0,8,2,57,5" hai1="71,56,16,20,128,63,95,22,53,122,89,43,60" hai2="80,24,42,26,7,40,102,114,75,121,115,64,4" hai3="67,94,19,12,47,69,44,127,92,112,50,27,10"/><T3/><D120/><U45/><E122/><V78/><F121/><W76/><G127/><T84/><D132/><U107/><E107/><V30/><F102/><W25/><G67/><T61/><D109/><U48/><E128/><V96/><F96/><W38/><G69/><T68/><D68/><U118/><E118/><V119/><F119/><W59/><G112/><N who="2" m="43049" /><F64/><W88/><G76/><T93/><D93/><U108/><E108/><V46/><F30/><W23/><G92/><T123/><D106/><U125/><E125/><V9/><F7/><W110/><G110/><T55/><D55/><U70/><E22/><V131/><F131/><W29/><G38/><T86/><D86/><U66/><E63/><V100/><F100/><W14/><G59/><T82/><D82/><U34/><E34/><V36/><F42/><W129/><G129/><T33/><D33/><U11/><E11/><V91/><F91/><W85/><G47/><T130/><D123/><U97/><REACH who="1" step="1"/><E66/><REACH who="1" ten="486,6,332,166" step="2"/><V98/><F98/><W81/><G10/><N who="0" m="2343" /><D130/><U99/><E99/><V6/><F6/><W111/><G111/><T31/><D8/><U13/><AGARI ba="3,1" hai="13,16,20,43,45,48,53,56,60,70,71,89,95,97" machi="13" ten="20,5200,0" yaku="1,1,0,1,7,1,54,1,53,0" doraHai="21" doraHaiUra="62" who="1" fromWho="1" sc="486,-29,6,71,332,-16,166,-16" /><INIT seed="5,0,0,5,4,74" ten="457,77,316,150" oya="1" hai0="69,58,127,22,87,19,21,64,45,41,63,114,15" hai1="98,33,134,50,97,120,0,104,135,37,128,11,36" hai2="17,20,105,73,129,84,7,111,76,52,90,38,132" hai3="119,75,62,109,27,9,42,113,57,96,56,1,2"/><U23/><E33/><V89/><F111/><W83/><G109/><T72/><D72/><U99/><E120/><V46/><F7/><W25/><G57/><T44/><D114/><U54/><E104/><V85/><F105/><W53/><G113/><T30/><D127/><U131/><E23/><V77/><F129/><N who="1" m="49737" /><E11/><V40/><F132/><N who="1" m="50729" /><E0/><V29/><F29/><W133/><G133/><T26/><D87/><U61/><E61/><V80/><F73/><W70/><G119/><T78/><D78/><U14/><E14/><V122/><F52/><W34/><G34/><T92/><D92/><U94/><E94/><V65/><F65/><W110/><G110/><T3/><D3/><U5/><E5/><V68/><F68/><W10/><G2/><T81/><D69/><U123/><E123/><V101/><F101/><W71/><G71/><T18/><D81/><U28/><E28/><V95/><F122/><W91/><G70/><T39/><D19/><U102/><E102/><V13/><AGARI ba="0,0" hai="13,17,20,38,40,46,76,77,80,84,85,89,90,95" machi="13" ten="20,5200,0" yaku="0,1,7,1,52,2" doraHai="74" who="2" fromWho="2" sc="457,-13,77,-26,316,52,150,-13" /><INIT seed="6,0,0,2,1,5" ten="444,51,368,137" oya="2" hai0="9,30,111,128,88,50,54,117,42,65,19,66,58" hai1="55,102,12,100,76,86,47,70,101,113,4,69,18" hai2="26,34,121,135,17,46,96,56,31,33,11,92,38" hai3="123,77,83,2,75,23,99,40,27,28,116,24,52"/><V107/><F107/><W3/><G123/><T98/><D111/><U67/><E4/><V134/><F121/><W20/><G116/><T35/><D128/><U89/><E76/><V97/><F34/><W72/><G40/><T61/><D117/><U29/><E29/><V48/><F38/><W124/><G124/><T119/><D119/><U90/><E113/><V122/><F122/><W13/><G75/><T129/><D30/><U32/><E32/><V103/><F56/><W112/><G112/><T57/><D42/><U45/><E67/><V94/><F17/><W49/><G99/><T51/><D129/><U21/><E55/><V8/><F94/><W108/><G108/><T130/><D130/><U1/><E1/><V64/><F64/><N who="0" m="24682" /><D57/><U25/><E25/><V85/><F85/><W73/><G73/><T36/><D36/><U126/><E126/><V74/><F97/><W41/><G41/><T125/><D125/><U120/><E120/><V95/><F95/><W10/><G23/><T93/><D35/><U131/><E131/><V110/><F74/><W53/><G27/><T78/><D78/><U44/><E86/><V133/><REACH who="2" step="1"/><F110/><REACH who="2" ten="444,51,358,137" step="2"/><W114/><G114/><T39/><D39/><U104/><REACH who="1" step="1"/><E104/><REACH who="1" ten="444,41,358,137" step="2"/><V71/><F71/><AGARI ba="0,2" hai="12,18,21,44,45,47,69,70,71,89,90,100,101,102" machi="71" ten="50,3200,0" yaku="1,1,2,1,53,0" doraHai="5" doraHaiUra="59" who="1" fromWho="2" sc="444,0,41,52,358,-32,137,0" /><INIT seed="7,0,0,0,4,60" ten="444,93,326,137" oya="3" hai0="10,133,47,68,56,72,13,16,39,53,62,134,42" hai1="2,65,33,131,7,40,75,111,83,19,55,102,61" hai2="66,17,38,46,92,81,104,105,125,12,30,36,45" hai3="135,15,6,27,127,49,24,32,110,120,71,1,91"/><W52/><G120/><T23/><D72/><U124/><E111/><V50/><F125/><W130/><G1/><T76/><D76/><U28/><E124/><V29/><F81/><W82/><G127/><T132/><D68/><U84/><E75/><V44/><F92/><W122/><G122/><T8/><AGARI ba="0,0" hai="8,10,13,16,23,39,42,47,53,56,62,132,133,134" machi="8" ten="40,5200,0" yaku="0,1,20,1,54,1" doraHai="60" who="0" fromWho="0" sc="444,52,93,-13,326,-13,137,-26" owari="496,60.0,80,-42.0,313,11.0,111,-29.0" /></mjloggm>