<mjloggm ver="2.3"><GO type="97" lobby="0"/><UN n0="%E5%B7%A6%E6%89%8B%E3%81%AF%E6%B7%BB%E3%81%88%E3%82%8B%E3%81%A0%E3%81%91" n1="%E3%82%A6%E3%83%AB%E3%83%88%E3%83%A9%E7%AB%8B%E7%9B%B4" n2="%E5%A4%A2%E9%81%8A%E7%97%85%E8%80%85" n3="%E3%83%9F%E3%83%9F%E3%82%AC%E3%83%BC" dan="13,15,14,13" rate="1866.25,2008.06,1936.45,1904.50" sx="M,M,M,M"/><TAIKYOKU oya="0"/><INIT seed="0,0,0,5,0,122" ten="250,250,250,250" oya="0" hai0="69,77,55,20,38,44,126,133,60,51,83,15,3" hai1="37,54,41,1,71,124,11,66,26,28,132,91,10" hai2="52,5,94,108,65,2,134,30,76,102,82,88,119" hai3="112,63,79,68,47,93,22,40,130,18,89,29,19"/><T9/><D126/><U96/><E124/><V90/><F30/><W17/><G112/><T95/><D133/><U24/><E132/><V4/><F65/><W56/><G68/><T78/><D38/><U84/><E96/><V72/><F134/><W73/><G73/><T80/><D3/><U57/><E24/><V7/><F2/><W58/><G79/><T101/><D20/><U48/><E1/><V6/><F119/><W115/><G115/><T104/><D104/><U123/><E123/><V31/><F7/><W127/><G127/><T39/><D39/><U110/><E66/><V50/><F31/><W106/><G106/><T43/><D69/><U111/><E71/><V97/><REACH who="2" step="1"/><F108/><REACH who="2" ten="250,250,240,250" step="2"/><N who="1" m="41513" /><E37/><V135/><F135/><W46/><G130/><T118/><D118/><U107/><E41/><V131/><F131/><W14/><G40/><T100/><D43/><U117/><E117/><V74/><F74/><W21/><G29/><T81/><D78/><U116/><E116/><V128/><F128/><W27/><G19/><T125/><D77/><U33/><E107/><V61/><F61/><W49/><G49/><T0/><D0/><U105/><E105/><V45/><AGARI ba="0,1" hai="4,5,6,45,50,52,72,76,82,88,90,94,97,102" machi="45" ten="30,8000,1" yaku="1,1,0,1,54,2,53,1" doraHai="122" doraHaiUra="42" who="2" fromWho="2" sc="250,-40,250,-20,240,90,250,-20" /><INIT seed="1,0,0,3,1,12" ten="210,230,330,230" oya="1" hai0="134,53,30,81,89,31,42,24,77,130,33,40,125" hai1="116,85,121,109,13,28,72,76,68,90,86,129,16" hai2="11,100,118,27,65,117,91,93,44,92,69,22,104" hai3="82,59,36,35,61,20,19,66,70,64,63,126,98"/><U18/><E72/><V128/><F104/><W74/><G126/><T62/><D130/><U94/><E68/><V51/><F128/><W105/><G35/><T29/><D134/><U57/><E129/><V73/><F73/><W46/><G46/><T110/><D110/><U54/><E109/><V4/><F100/><W95/><G105/><T0/><D0/><U133/><E133/><V50/><F69/><W48/><G36/><T115/><D115/><U103/><E103/><V14/><F65/><W106/><G106/><T71/><D125/><U102/><E102/><V88/><F118/><W58/><G70/><T124/><D124/><U127/><E127/><V2/><F2/><W45/><G74/><T39/><D89/><U113/><E113/><V78/><F78/><W7/><G7/><T37/><D37/><U34/><E121/><V101/><F117/><W38/><G38/><T49/><D39/><U6/><E116/><V97/><F92/><W1/><G1/><T32/><D71/><U123/><E123/><V114/><F114/><W60/><G60/><T83/><D62/><N who="1" m="36151" /><E28/><N who="2" m="17527" /><F51/><W25/><G82/><T131/><D131/><U23/><E34/><V108/><F108/><W75/><G75/><T9/><D32/><U47/><E47/><V3/><F3/><W43/><G95/><T120/><D33/><U122/><E122/><V26/><F50/><W111/><G111/><T52/><D49/><U119/><E119/><V17/><F44/><W15/><G98/><T84/><D120/><U8/><E23/><AGARI ba="0,0" hai="4,11,14,17,23,26,88,91,93,97,101" m="17527" machi="23" ten="30,3900,0" yaku="8,1,52,1,54,1" doraHai="12" who="2" fromWho="1" sc="210,0,230,-39,330,39,230,0" /><INIT seed="2,0,0,5,2,50" ten="210,191,369,230" oya="2" hai0="102,63,1,98,100,31,14,79,125,107,43,118,111" hai1="24,80,66,56,120,82,49,44,61,90,129,9,109" hai2="46,10,33,78,53,81,133,2,47,65,128,58,54" hai3="106,83,86,112,73,95,39,114,72,93,42,30,126"/><V94/><F33/><W89/><G30/><T55/><D1/><U127/><E120/><V37/><F133/><W71/><G71/><T124/><D111/><U101/><E109/><V69/><F128/><W51/><G51/><T15/><D118/><U17/><E129/><V0/><F69/><W75/><G39/><T59/><D79/><U12/><E127/><N who="0" m="48713" /><D102/><U96/><E24/><V19/><F37/><W40/><G126/><T64/><D43/><U52/><REACH who="1" step="1"/><E90/><REACH who="1" ten="210,181,369,230" step="2"/><V108/><F108/><W121/><G121/><T4/><D4/><U57/><E57/><V7/><F58/><W76/><G42/><T21/><D64/><U131/><E131/><V68/><F65/><W62/><G40/><T20/><D20/><U3/><E3/><V45/><F0/><W11/><G62/><T77/><D77/><U104/><AGARI ba="0,1" hai="9,12,17,44,49,52,56,61,66,80,82,96,101,104" machi="104" ten="20,8000,1" yaku="1,1,0,1,7,1,52,1,54,1,53,0" doraHai="50" doraHaiUra="87" who="1" fromWho="1" sc="210,-20,181,90,369,-40,230,-20" /><INIT seed="3,0,0,3,0,29" ten="190,271,329,210" oya="3" hai0="103,78,14,97,83,104,100,46,126,113,57,37,62" hai1="58,98,82,123,74,111,51,33,55,107,8,84,75" hai2="96,130,69,22,26,21,25,4,94,68,118,66,128" hai3="1,2,72,56,91,108,24,105,52,119,93,50,80"/><W77/><G119/><T44/><D126/><U122/><E75/><V116/><F4/><W71/><G71/><T54/><D113/><U121/><E74/><V89/><F66/><W132/><G132/><T88/><D37/><U48/><E111/><V135/><F135/><W109/><G105/><T3/><D3/><U106/><E8/><V65/><F65/><W6/><G24/><T133/><D133/><U28/><E98/><V31/><F116/><W38/><G38/><T27/><D103/><U32/><E28/><N who="2" m="17455" /><F118/><W63/><G63/><T12/><D27/><U17/><E17/><V49/><F49/><W110/><G6/><T81/><D81/><U115/><E115/><V41/><F41/><W15/><REACH who="3" step="1"/><G15/><REACH who="3" ten="190,271,329,200" step="2"/><T124/><D124/><U45/><E107/><V34/><F69/><W129/><G129/><T10/><D12/><U92/><E106/><V90/><F68/><W101/><G101/><T79/><D14/><U47/><E121/><V61/><F61/><W19/><G19/><T134/><D134/><U42/><E122/><V131/><F131/><W23/><G23/><T16/><D62/><U11/><E123/><V30/><F130/><W86/><AGARI ba="0,1" hai="1,2,50,52,56,72,77,80,86,91,93,108,109,110" machi="86" ten="30,12000,1" yaku="1,1,0,1,14,1,10,1,54,1,53,0" doraHai="29" doraHaiUra="99" who="3" fromWho="3" sc="190,-40,271,-40,329,-40,200,130" owari="150,-35.0,231,-17.0,289,9.0,330,43.0" /></mjloggm>