<mjloggm ver="2.3"><GO type="97" lobby="0"/><UN n0="%E3%82%B7%E3%83%BC%E3%83%9E%31%38%36%36" n1="%59%75%79" n2="%E3%82%A6%E3%83%AB%E3%83%88%E3%83%A9%E7%AB%8B%E7%9B%B4" n3="%47%5A" dan="14,13,15,15" rate="2000.44,1871.46,1992.46,1939.56" sx="M,M,M,M"/><TAIKYOKU oya="0"/><INIT seed="0,0,0,1,5,41" ten="250,250,250,250" oya="0" hai0="79,126,17,35,114,134,6,10,110,102,55,42,76" hai1="57,21,0,123,116,117,8,48,80,50,52,94,1" hai2="53,16,99,82,101,44,40,59,20,13,106,46,7" hai3="72,89,71,29,131,28,27,129,111,30,112,65,74"/><T119/><D114/><U14/><E123/><V97/><F40/><W113/><G71/><T93/><D119/><U33/><E33/><V51/><F7/><W69/><G69/><T43/><D35/><U96/><E1/><V135/><F135/><W37/><G27/><T4/><D134/><U47/><E0/><V3/><F3/><W19/><G37/><T39/><D126/><U130/><E130/><N who="3" m="49674" /><G19/><T66/><D66/><U70/><E70/><V105/><F82/><W9/><G65/><T122/><D122/><U61/><E21/><V81/><F81/><W85/><G9/><T128/><D39/><U121/><E121/><V18/><F18/><W32/><G32/><T132/><D128/><U133/><E133/><V88/><F88/><W78/><G78/><N who="0" m="29739" /><D132/><U38/><E38/><V63/><REACH who="2" step="1"/><F51/><REACH who="2" ten="250,250,240,250" step="2"/><W64/><G89/><T115/><D93/><U124/><E50/><V24/><F24/><W87/><G64/><T26/><D102/><AGARI ba="0,1" hai="13,16,20,44,46,53,59,63,97,99,101,102,105,106" machi="102" ten="40,12000,2" yaku="1,1,9,1,52,2,54,1,53,2" doraHai="41" doraHaiUra="103" who="2" fromWho="0" sc="250,-120,250,0,240,130,250,0" /><INIT seed="1,0,0,0,5,53" ten="130,250,370,250" oya="1" hai0="127,68,83,100,114,27,12,22,129,15,135,49,46" hai1="91,97,40,82,5,21,47,20,31,56,8,36,84" hai2="86,80,18,124,10,14,119,57,99,81,54,111,79" hai3="67,70,77,43,88,78,4,85,32,125,3,23,17"/><U116/><E116/><V33/><F33/><W9/><G43/><T92/><D114/><U30/><E21/><V25/><F124/><W59/><G125/><T0/><D127/><U96/><E96/><V58/><F119/><W55/><G70/><T89/><D0/><U45/><E45/><V110/><F99/><W73/><G67/><T48/><D68/><U118/><E118/><V123/><F123/><W74/><G32/><T94/><D129/><U93/><E20/><V90/><F25/><W98/><G98/><T112/><D112/><U101/><E56/><V95/><F95/><W34/><G34/><T102/><D135/><U65/><REACH who="1" step="1"/><E65/><REACH who="1" ten="130,240,370,250" step="2"/><V71/><F71/><W104/><G104/><T6/><D49/><U134/><E134/><V44/><F44/><W107/><G107/><T60/><D48/><U120/><E120/><V132/><F132/><W41/><G41/><T117/><D46/><U7/><E7/><V61/><F58/><W105/><G105/><T75/><D6/><U62/><E62/><V19/><F19/><W128/><G128/><T52/><D117/><U103/><E103/><V64/><F64/><W42/><G42/><T26/><D22/><U16/><E16/><V50/><F61/><W66/><G66/><T63/><D75/><N who="3" m="28681" /><G23/><T37/><D37/><U69/><E69/><V131/><F131/><W35/><G17/><T11/><D89/><U109/><E109/><V38/><F38/><W130/><G35/><T115/><D83/><N who="2" m="31818" /><F90/><W113/><G130/><T29/><D63/><U2/><AGARI ba="0,1" hai="2,5,8,30,31,36,40,47,82,84,91,93,97,101" machi="2" ten="20,3900,0" yaku="1,1,0,1,7,1,53,0" doraHai="53" doraHaiUra="133" who="1" fromWho="1" sc="130,-13,240,49,370,-13,250,-13" /><INIT seed="1,1,0,2,1,94" ten="117,289,357,237" oya="1" hai0="83,29,86,82,13,28,80,31,68,114,110,112,108" hai1="116,0,66,10,122,39,35,113,34,21,12,25,3" hai2="42,92,126,41,84,4,59,106,97,49,124,63,71" hai3="6,15,70,53,1,36,123,55,77,121,107,75,52"/><U69/><E122/><V57/><F4/><W5/><G36/><T120/><D86/><U16/><E116/><V11/><F11/><W103/><G70/><T128/><D13/><U51/><E113/><N who="0" m="43625" /><D68/><U119/><E39/><V133/><F133/><W47/><G1/><T67/><D67/><U127/><E119/><V131/><F131/><W64/><G64/><T19/><D19/><U95/><E127/><N who="2" m="48683" /><F71/><W134/><G134/><T78/><D78/><U61/><E51/><V90/><F49/><W115/><G47/><T100/><D100/><U14/><E95/><V101/><F59/><W74/><G115/><T44/><D44/><U60/><E60/><V99/><F84/><W40/><G40/><T45/><D45/><U98/><E3/><V79/><F79/><W125/><G125/><T7/><D7/><U8/><E0/><V76/><F76/><W65/><G65/><AGARI ba="1,0" hai="41,42,57,63,65,90,92,97,99,101,106" m="48683" machi="65" ten="30,3900,0" yaku="18,1,52,2" doraHai="94" who="2" fromWho="3" sc="117,0,289,0,357,42,237,-42" /><INIT seed="2,0,0,1,2,24" ten="117,289,399,195" oya="2" hai0="109,80,59,53,127,34,49,113,99,75,48,36,110" hai1="43,89,84,10,32,76,123,135,116,131,16,103,18" hai2="83,30,65,4,81,105,68,108,78,0,64,41,29" hai3="15,90,20,22,115,79,97,45,69,25,100,122,92"/><V8/><F105/><W55/><G69/><T50/><D34/><U28/><E116/><V14/><F108/><N who="0" m="41578" /><D75/><U42/><E135/><V118/><F118/><W129/><G115/><T38/><D80/><U96/><E131/><V52/><F0/><W77/><G129/><T88/><D113/><U86/><E123/><V31/><F68/><W87/><G122/><T67/><D99/><U85/><E76/><V102/><F41/><W13/><G79/><T124/><D88/><U128/><E128/><V35/><F35/><W61/><G77/><T112/><D112/><U54/><E54/><V104/><F104/><W95/><G22/><T6/><D6/><U117/><E117/><V62/><F102/><W130/><G130/><T93/><D93/><U44/><E89/><V2/><F2/><W66/><G66/><N who="2" m="25705" /><F78/><W5/><G5/><T120/><D67/><U19/><E10/><V63/><F63/><W7/><G7/><T39/><D120/><U98/><E103/><V72/><F72/><W74/><G74/><T126/><AGARI ba="0,0" hai="36,38,39,48,49,50,53,59,124,126,127" m="41578" machi="126" ten="50,8000,1" yaku="18,1,14,1,34,2" doraHai="24" who="0" fromWho="0" sc="117,80,289,-20,399,-40,195,-20" /><INIT seed="3,0,0,0,2,10" ten="197,269,359,175" oya="3" hai0="13,112,56,55,43,100,71,78,81,69,74,110,92" hai1="132,8,72,21,76,47,67,88,30,28,60,22,12" hai2="38,126,117,4,19,18,127,131,14,40,35,77,90" hai3="70,58,89,119,27,109,53,46,16,95,93,135,65"/><W91/><G119/><T17/><D112/><U48/><E132/><V29/><F77/><W15/><G135/><T32/><D32/><U114/><E114/><V102/><F102/><W116/><G116/><T120/><D120/><U3/><E3/><V52/><F40/><W104/><G104/><T33/><D33/><U1/><E1/><V107/><F38/><W85/><G109/><T0/><D0/><U118/><E118/><V37/><F107/><W84/><G70/><T101/><D43/><U94/><E76/><V113/><F37/><W64/><G27/><T105/><D105/><U26/><E72/><V82/><F29/><W9/><G46/><T122/><D122/><U103/><E103/><V11/><F35/><W24/><G24/><T128/><D110/><U57/><E22/><V133/><F133/><W99/><G99/><T108/><D108/><U41/><E30/><V39/><F39/><W87/><G84/><T20/><D128/><U45/><E48/><AGARI ba="0,0" hai="9,15,16,48,53,58,64,65,85,87,89,91,93,95" machi="48" ten="30,12000,1" yaku="7,1,9,1,8,1,52,1,54,1" doraHai="10" who="3" fromWho="1" sc="197,0,269,-120,359,0,175,120" /><INIT seed="3,1,0,1,5,110" ten="197,149,359,295" oya="3" hai0="98,85,46,30,38,97,61,33,115,64,59,12,70" hai1="22,43,21,92,14,87,124,73,60,39,86,96,27" hai2="51,36,18,29,62,37,118,63,108,65,120,28,102" hai3="83,0,90,128,131,66,84,95,119,68,16,129,31"/><W23/><G0/><T113/><D70/><U35/><E73/><V125/><F118/><W52/><G68/><T74/><D74/><U42/><E124/><V103/><F125/><W10/><G66/><T3/><D3/><U75/><E35/><V89/><F18/><W106/><G31/><T133/><D133/><U112/><E75/><V69/><F51/><W78/><G119/><T9/><D85/><U6/><E112/><N who="0" m="43081" /><D33/><U7/><E39/><V71/><F65/><W58/><G10/><T132/><D30/><U94/><E14/><V76/><F108/><W67/><G67/><T2/><D2/><U100/><E60/><V1/><F1/><W40/><G40/><N who="0" m="22807" /><D132/><U32/><E32/><V4/><F28/><W41/><G41/><T45/><D45/><U44/><E44/><V121/><F29/><W135/><G106/><T24/><D24/><U5/><E5/><AGARI ba="1,0" hai="5,9,12,59,61,64,97,98" m="22807,43081" machi="5" ten="30,7700,0" yaku="11,1,52,3" doraHai="110" who="0" fromWho="1" sc="197,80,149,-80,359,0,295,0" owari="277,-12.0,69,-43.0,359,45.0,295,10.0" /></mjloggm>