<mjloggm ver="2.3"><GO type="97" lobby="0"/><UN n0="%E7%A5%9E%E3%81%AE%E5%83%95" n1="%E5%A1%A9%E3%82%B5%E3%83%90" n2="%68%69%2D%6F" n3="%E3%82%A6%E3%83%AB%E3%83%88%E3%83%A9%E7%AB%8B%E7%9B%B4" dan="14,14,13,15" rate="1937.72,1961.48,1833.15,1996.44" sx="F,M,M,M"/><TAIKYOKU oya="0"/><INIT seed="0,0,0,1,3,54" ten="250,250,250,250" oya="0" hai0="3,31,79,36,130,69,111,128,33,97,122,91,41" hai1="68,7,121,12,132,126,61,49,58,11,133,71,40" hai2="15,87,124,23,48,57,27,98,89,72,32,1,20" hai3="135,21,24,107,106,76,90,100,92,115,37,5,99"/><T4/><D122/><U70/><E121/><V104/><F72/><W123/><G123/><T16/><D69/><U127/><E12/><V38/><F38/><W10/><G37/><T34/><D79/><U14/><E14/><V39/><F39/><W63/><G135/><N who="1" m="51786" /><E7/><V112/><F1/><W30/><G115/><T86/><D111/><U46/><E11/><V53/><F32/><W114/><G76/><T62/><D97/><U44/><E44/><V88/><F112/><W119/><G114/><T2/><D62/><U131/><E131/><N who="0" m="50217" /><D31/><U80/><E80/><V45/><F124/><W105/><G119/><T84/><D16/><U118/><E118/><V66/><F104/><W13/><REACH who="3" step="1"/><G63/><REACH who="3" ten="250,250,250,240" step="2"/><T22/><D2/><U77/><E77/><V93/><F15/><W108/><G108/><T134/><D3/><U47/><E47/><V29/><F20/><W55/><G55/><AGARI ba="0,1" hai="40,46,49,55,58,61,68,70,71,126,127" m="51786" machi="55" ten="40,8000,1" yaku="20,1,34,2,52,1" doraHai="54" who="1" fromWho="3" sc="250,0,250,90,250,0,240,-80" /><INIT seed="1,0,0,5,3,89" ten="250,340,250,160" oya="1" hai0="16,114,32,14,3,7,53,88,119,102,87,61,21" hai1="121,106,55,31,52,0,22,47,37,134,104,23,128" hai2="126,73,18,90,8,50,109,115,97,96,46,12,11" hai3="39,72,60,99,85,13,103,111,69,40,100,78,74"/><U45/><E121/><V15/><F73/><W105/><G111/><T110/><D114/><U83/><E0/><V28/><F115/><W65/><G85/><T81/><D119/><U49/><E134/><V33/><F109/><W30/><G13/><T57/><D110/><U27/><E128/><V86/><F28/><W42/><G42/><T112/><D112/><U59/><E37/><V64/><F33/><W75/><G100/><T92/><D32/><U17/><E106/><V44/><F64/><W77/><G77/><T43/><D43/><U25/><E104/><V67/><F67/><W127/><G127/><T63/><D3/><U107/><E107/><V1/><F1/><W130/><G130/><T122/><D122/><U62/><E83/><V79/><F79/><W70/><G78/><N who="0" m="46519" /><D7/><U6/><E6/><V4/><F126/><W34/><G70/><T124/><D102/><U36/><E36/><V132/><F132/><W76/><G76/><T54/><D124/><U41/><E41/><V84/><F84/><W108/><G108/><T125/><D125/><U26/><E26/><V20/><F20/><W101/><G101/><T94/><D94/><U5/><E5/><V133/><F133/><W58/><G58/><AGARI ba="0,0" hai="17,22,23,25,27,31,45,47,49,52,55,58,59,62" machi="58" ten="30,5800,0" yaku="7,1,8,1,54,1" doraHai="89" who="1" fromWho="3" sc="250,0,340,58,250,0,160,-58" /><INIT seed="1,1,0,0,3,27" ten="250,398,250,102" oya="1" hai0="68,45,123,32,127,93,103,71,21,58,65,101,79" hai1="95,3,31,88,105,134,47,119,108,94,107,6,5" hai2="1,80,106,132,70,128,15,75,41,35,96,20,28" hai3="36,33,92,104,113,86,64,78,87,13,112,9,115"/><U24/><E119/><V122/><F41/><W0/><G0/><T81/><D32/><U67/><E134/><V61/><F122/><W25/><G36/><T48/><D123/><U99/><E108/><V40/><F40/><W2/><G2/><T135/><D135/><U37/><E37/><V63/><F63/><W10/><G104/><T109/><D109/><U74/><E74/><V14/><F80/><W76/><G64/><T117/><D117/><U49/><E67/><V110/><F75/><W44/><G44/><T60/><D127/><U111/><E3/><V43/><F43/><W90/><G87/><T129/><D129/><U57/><E57/><V98/><F98/><W46/><G46/><T56/><D71/><U55/><E111/><V91/><F91/><W23/><G33/><T120/><D120/><U69/><E69/><V54/><F54/><W72/><G72/><T126/><D126/><U118/><E118/><V34/><F132/><W85/><G85/><N who="0" m="48319" /><D68/><U84/><E107/><V77/><F77/><W19/><REACH who="3" step="1"/><G10/><REACH who="3" ten="250,398,250,92" step="2"/><T121/><D121/><U8/><E8/><V51/><F35/><W17/><AGARI ba="1,1" hai="9,13,17,19,23,25,76,78,86,90,92,112,113,115" machi="17" ten="30,4000,0" yaku="1,1,2,1,0,1,53,0" doraHai="27" doraHaiUra="124" who="3" fromWho="3" sc="250,-11,398,-21,250,-11,92,53" /><INIT seed="2,0,0,1,0,134" ten="239,377,239,145" oya="2" hai0="61,19,0,40,49,124,85,13,93,10,89,62,5" hai1="130,87,133,104,56,1,96,18,16,36,107,92,17" hai2="135,45,77,9,32,53,112,84,98,118,126,123,129" hai3="35,26,23,114,75,86,64,113,21,103,22,73,31"/><V74/><F98/><W52/><G64/><T76/><D124/><U105/><E133/><V116/><F9/><W80/><G103/><T102/><D102/><U46/><E130/><V8/><F32/><W34/><G86/><T90/><D76/><U66/><E1/><V41/><F8/><W71/><G71/><T125/><D125/><U79/><E104/><V78/><F126/><W60/><G80/><N who="0" m="49319" /><D5/><U7/><E7/><V106/><F106/><W29/><G60/><T111/><D111/><U30/><E30/><V68/><F68/><W38/><G38/><T25/><D25/><U120/><E120/><V6/><F6/><W48/><G29/><T57/><D0/><U43/><E87/><V15/><F15/><W108/><G108/><T127/><D127/><U109/><E79/><V63/><F112/><W82/><G82/><T51/><D40/><U37/><E37/><V128/><F123/><W101/><G101/><T50/><D57/><U97/><E109/><V20/><F20/><W47/><REACH who="3" step="1"/><G34/><REACH who="3" ten="239,377,239,135" step="2"/><T65/><D65/><U131/><E97/><AGARI ba="0,1" hai="10,13,19,49,50,51,61,62,90,93,97" m="49319" machi="97" ten="30,1000,0" yaku="8,1" doraHai="134" who="0" fromWho="1" sc="239,20,377,-10,239,0,135,0" /><INIT seed="3,0,0,3,2,65" ten="259,367,239,135" oya="3" hai0="115,57,97,123,132,10,0,130,14,16,124,79,84" hai1="13,131,86,63,4,2,50,7,3,82,30,72,87" hai2="98,112,67,107,119,24,21,49,9,102,93,15,125" hai3="18,80,127,78,46,92,31,62,32,19,109,122,64"/><W95/><G122/><T116/><D123/><U29/><E131/><V74/><F119/><W25/><G127/><T85/><D116/><U99/><E99/><V120/><F112/><W6/><G109/><T96/><D130/><U129/><E129/><V47/><F120/><W69/><G6/><T103/><D132/><U66/><E72/><V88/><F74/><W40/><G92/><T20/><D115/><U91/><E3/><V75/><F75/><W27/><G95/><T48/><D124/><U56/><E2/><V118/><F118/><W37/><REACH who="3" step="1"/><G25/><REACH who="3" ten="259,367,239,125" step="2"/><T1/><D1/><U36/><E7/><N who="2" m="3519" /><F125/><W42/><G42/><T111/><D0/><U8/><E86/><AGARI ba="0,1" hai="18,19,27,31,32,37,40,46,62,64,69,78,80,86" machi="86" ten="30,11600,0" yaku="1,1,7,1,52,1,53,1" doraHai="65" doraHaiUra="71" who="3" fromWho="1" sc="259,0,367,-116,239,0,125,126" /><INIT seed="3,1,0,0,2,96" ten="259,251,239,251" oya="3" hai0="15,35,133,69,27,42,121,72,12,126,101,11,53" hai1="73,109,70,114,116,77,92,84,43,122,127,128,93" hai2="71,106,67,59,111,19,33,95,135,41,83,2,74" hai3="13,44,0,39,105,25,23,16,87,134,103,94,32"/><W29/><G134/><T82/><D121/><U31/><E70/><V55/><F2/><W10/><G105/><T28/><D133/><U85/><E43/><V37/><F106/><W79/><G39/><T24/><D126/><U45/><E45/><V98/><F135/><W8/><G44/><T49/><D101/><U34/><E122/><V65/><F65/><W36/><G36/><T89/><D69/><U107/><E114/><V125/><F125/><W61/><G61/><T100/><D100/><U80/><E127/><V123/><F123/><W7/><G10/><T104/><D104/><U130/><E109/><V86/><F74/><W90/><G103/><T129/><D129/><N who="1" m="49771" /><E107/><V5/><F5/><W57/><G57/><T18/><D42/><U40/><E40/><V75/><F75/><W118/><G79/><T56/><D24/><U4/><E4/><V99/><F33/><W62/><G62/><T9/><D72/><U120/><E31/><V22/><F111/><W26/><G26/><T113/><D113/><U119/><E34/><V14/><F71/><W38/><G38/><T30/><D30/><U66/><E66/><V60/><F67/><W81/><G81/><T112/><D112/><U20/><E20/><V76/><F76/><W91/><G91/><T117/><D35/><U3/><E3/><V78/><REACH who="2" step="1"/><F95/><REACH who="2" ten="259,251,229,251" step="2"/><N who="1" m="36425" /><E120/><V132/><F132/><W108/><G108/><T46/><D82/><U48/><E48/><V6/><F6/><W54/><G54/><T115/><D115/><U124/><E124/><V50/><F50/><W21/><G32/><T1/><D49/><RYUUKYOKU ba="1,1" sc="259,-30,251,10,229,10,251,10" hai1="73,77,80,84,85,116,119" hai2="14,19,22,37,41,55,59,60,78,83,86,98,99" hai3="0,7,8,13,16,21,23,25,29,87,90,94,118" /><INIT seed="3,2,1,2,5,115" ten="229,261,239,261" oya="3" hai0="118,42,101,105,20,77,94,15,125,116,60,108,58" hai1="54,135,41,98,100,124,129,49,39,134,25,68,119" hai2="112,95,45,44,64,48,110,11,37,63,72,53,0" hai3="28,102,127,78,62,7,33,1,121,6,81,86,126"/><W132/><G121/><T97/><D42/><U67/><E124/><N who="3" m="47658" /><G1/><T55/><D125/><U87/><E87/><V16/><F112/><W123/><G123/><T19/><D108/><U90/><E90/><V114/><F110/><W133/><G102/><T106/><REACH who="0" step="1"/><D77/><REACH who="0" ten="219,261,239,261" step="2"/><U13/><E41/><V32/><F114/><W84/><G84/><T9/><D9/><U73/><E73/><V107/><F72/><W89/><G78/><T4/><D4/><U74/><E74/><V65/><F32/><W12/><G7/><T22/><D22/><U40/><E40/><V24/><F37/><W51/><G6/><T46/><D46/><U61/><E39/><V79/><F44/><W103/><G86/><T31/><D31/><U43/><E43/><V14/><F0/><W23/><G23/><T93/><D93/><U21/><E98/><V57/><F107/><AGARI ba="2,2" hai="15,19,20,55,58,60,94,97,101,105,106,107,116,118" machi="107" ten="40,5200,0" yaku="1,1,52,2,53,0" doraHai="115" doraHaiUra="34" who="0" fromWho="2" sc="219,78,261,0,239,-58,261,0" /><INIT seed="4,0,0,1,5,23" ten="297,261,181,261" oya="0" hai0="118,99,41,94,54,40,51,38,85,93,130,82,0" hai1="101,74,56,67,64,73,18,81,25,77,114,134,87" hai2="88,79,39,119,14,116,121,117,96,52,65,75,20" hai3="128,27,9,135,12,36,105,43,26,1,86,3,102"/><T21/><D118/><U57/><E134/><V35/><F35/><W58/><G135/><T125/><D0/><U31/><E101/><V115/><F121/><W29/><G128/><T95/><D130/><U13/><E114/><V132/><F119/><W83/><G29/><T49/><D125/><U61/><E64/><V109/><F115/><W37/><G37/><T32/><D32/><U55/><E13/><V60/><F132/><W80/><G1/><T66/><D66/><U68/><E18/><V98/><F109/><W92/><G105/><T120/><D120/><U8/><E8/><V76/><F39/><W100/><G36/><T84/><D38/><U19/><E19/><V28/><F75/><W7/><G3/><T133/><D133/><U103/><E103/><N who="3" m="39466" /><G43/><T45/><D99/><U122/><E68/><V108/><F108/><W34/><G34/><T48/><D21/><U4/><E4/><V50/><F117/><W10/><G10/><T47/><D82/><N who="3" m="31273" /><G58/><AGARI ba="0,0" hai="40,41,45,47,48,49,51,54,58,84,85,93,94,95" machi="58" ten="40,3900,0" yaku="9,1,8,1" doraHai="23" who="0" fromWho="3" sc="297,39,261,0,181,0,261,-39" owari="336,44.0,261,6.0,181,-32.0,222,-18.0" /></mjloggm>