<mjloggm ver="2.3"><GO type="169" lobby="0"/><UN n0="%E3%82%B2%E3%82%AA%E3%83%AB%E3%82%B2%E3%83%8F%E3%82%B8%39%34" n1="%4D%49%40%34%32%38" n2="%EF%BC%88%E2%89%A7%E2%96%BD%E2%89%A6%EF%BC%89" n3="%E5%BC%B1%E8%99%AB" dan="16,16,19,17" rate="2072.09,2088.46,2321.01,2198.02" sx="M,M,M,M"/><TAIKYOKU oya="0"/><INIT seed="0,0,0,1,2,25" ten="250,250,250,250" oya="0" hai0="111,122,65,104,45,113,4,75,22,29,106,78,40" hai1="0,26,39,89,85,105,82,32,83,135,69,129,107" hai2="34,46,14,5,96,128,117,99,8,17,80,95,62" hai3="51,93,31,118,53,112,13,67,30,64,54,63,24"/><T119/><D122/><U110/><E39/><V56/><F128/><W11/><G112/><T109/><D113/><U131/><E69/><V44/><F117/><W27/><G118/><T120/><D120/><U1/><E110/><N who="0" m="41993" /><D119/><U61/><E61/><V70/><F70/><W92/><G63/><T126/><D65/><N who="3" m="25161" /><G24/><N who="0" m="16535" /><D126/><U72/><E135/><V98/><F34/><W19/><G54/><T10/><D78/><U57/><E57/><V23/><F95/><N who="3" m="36427" /><G27/><T87/><D87/><U102/><E26/><N who="2" m="14703" /><F80/><W79/><G79/><T116/><D75/><U38/><E32/><V90/><F90/><W48/><G48/><N who="0" m="26663" /><D116/><U121/><E72/><V6/><F6/><W47/><AGARI ba="0,0" hai="11,13,19,30,31,47,51,53" m="36427,25161" machi="47" ten="30,4000,0" yaku="8,1,52,2" doraHai="25" who="3" fromWho="3" sc="250,-20,250,-10,250,-10,250,40" /><INIT seed="1,0,0,3,5,17" ten="230,240,240,290" oya="1" hai0="84,71,92,38,48,111,9,3,77,65,115,70,26" hai1="32,135,24,59,34,42,134,18,88,30,14,40,73" hai2="127,125,52,118,66,60,100,5,99,93,72,56,121" hai3="29,83,91,61,53,75,36,102,15,94,101,90,25"/><U68/><E68/><V54/><F121/><W6/><G36/><T117/><D38/><U116/><E73/><V133/><F118/><W47/><G75/><T7/><D115/><U35/><E116/><V81/><F133/><N who="1" m="50697" /><E59/><V103/><F5/><W20/><G83/><T105/><D105/><U11/><E88/><N who="3" m="33834" /><G94/><T2/><D92/><U33/><AGARI ba="0,0" hai="11,14,18,24,30,32,33,34,35,40,42" m="50697" machi="33" ten="40,2100,0" yaku="20,1" doraHai="17" who="1" fromWho="1" sc="230,-7,240,21,240,-7,290,-7" /><INIT seed="1,1,0,2,3,41" ten="223,261,233,283" oya="1" hai0="72,74,108,3,84,42,134,39,70,122,6,125,55" hai1="95,22,81,21,79,80,29,0,121,53,91,109,118" hai2="71,88,73,18,86,113,13,97,58,47,64,85,111" hai3="110,69,120,35,93,61,37,135,123,114,94,127,104"/><U78/><E118/><V107/><F73/><W30/><RYUUKYOKU type="yao9" ba="1,0" sc="223,0,261,0,233,0,283,0" hai3="30,35,37,61,69,93,94,104,110,114,120,123,127,135" /><INIT seed="1,2,0,1,0,0" ten="223,261,233,283" oya="1" hai0="89,84,100,57,3,72,36,124,133,45,42,47,32" hai1="1,19,88,59,29,73,98,9,92,76,27,82,23" hai2="81,131,24,30,53,69,7,54,14,35,25,115,103" hai3="79,118,120,33,102,75,96,65,18,121,93,22,77"/><U71/><E71/><V50/><F69/><W67/><G33/><T44/><D124/><U95/><E59/><V117/><F117/><W87/><G118/><T107/><D133/><U51/><E51/><V31/><F115/><W129/><G129/><T130/><D130/><U43/><E43/><V108/><F131/><W4/><G75/><T90/><D72/><U17/><REACH who="1" step="1"/><E92/><REACH who="1" ten="223,251,233,283" step="2"/><V38/><F50/><W2/><G121/><T86/><D42/><U16/><E16/><V12/><F53/><W119/><G120/><T6/><D57/><U58/><E58/><V10/><F54/><W78/><G119/><T85/><D47/><U46/><E46/><V97/><F38/><W48/><G48/><T55/><D45/><U64/><E64/><V8/><F81/><W41/><G41/><T37/><D55/><U13/><E13/><V127/><F12/><W134/><G67/><T63/><D44/><U113/><E113/><V15/><F15/><W21/><G65/><T94/><D37/><U20/><E20/><V123/><F123/><W99/><G22/><T126/><D36/><U112/><E112/><V128/><F128/><W109/><G21/><T110/><D94/><U74/><E74/><V91/><F14/><W104/><G18/><T66/><D66/><U60/><E60/><V5/><F35/><W62/><G62/><T34/><D63/><U52/><E52/><V101/><F31/><W105/><G93/><T83/><D32/><U106/><E106/><V28/><F30/><W135/><G105/><T80/><D107/><U11/><E11/><N who="2" m="4139" /><F28/><W40/><G104/><RYUUKYOKU ba="2,1" sc="223,-10,251,30,233,-10,283,-10" hai1="1,9,17,19,23,27,29,73,76,82,88,95,98" /><INIT seed="1,3,1,1,5,22" ten="213,281,223,273" oya="1" hai0="87,108,15,32,28,82,17,121,101,42,55,46,66" hai1="14,102,40,128,105,106,21,93,30,19,44,12,98" hai2="23,86,129,97,94,1,70,59,41,90,127,111,2" hai3="113,65,35,60,80,39,45,8,25,56,83,0,47"/><U24/><E128/><V79/><F70/><W118/><G113/><T119/><D108/><U54/><E54/><V135/><F129/><W110/><G110/><T96/><D119/><U38/><REACH who="1" step="1"/><E12/><REACH who="1" ten="213,271,223,273" step="2"/><V61/><F111/><W58/><G118/><T78/><D121/><U48/><E48/><V6/><F2/><W68/><G0/><T104/><D55/><U126/><E126/><V74/><F1/><W53/><G53/><T125/><D125/><U81/><E81/><V31/><F127/><W10/><G83/><T89/><D66/><U116/><E116/><V84/><F41/><W5/><G80/><T52/><D52/><U13/><E13/><V63/><F63/><W62/><G65/><T4/><D46/><U115/><E115/><V37/><F61/><W120/><G120/><T20/><D42/><U134/><E134/><V18/><F135/><W51/><G51/><T34/><D4/><U107/><E107/><V112/><F6/><W92/><G5/><T50/><D50/><U91/><E91/><V85/><F112/><W67/><G67/><T117/><D117/><U49/><E49/><V77/><F90/><W122/><G122/><T88/><D89/><U16/><E16/><V100/><F18/><W9/><G62/><T29/><D88/><U26/><E26/><V27/><F27/><W76/><G25/><T11/><D11/><AGARI ba="3,2" hai="11,14,19,21,24,30,38,40,44,93,98,102,105,106" machi="11" ten="30,11600,0" yaku="1,1,7,1,52,1,53,1" doraHai="22" doraHaiUra="43" who="1" fromWho="0" sc="213,-125,271,145,223,0,273,0" /><INIT seed="1,4,0,2,3,27" ten="88,416,223,273" oya="1" hai0="35,75,90,53,18,131,106,44,8,114,51,61,124" hai1="107,15,65,59,86,49,128,94,60,70,117,23,39" hai2="32,113,80,132,116,77,97,28,50,47,57,74,72" hai3="45,134,31,14,48,118,63,127,30,73,36,40,7"/><U101/><E117/><V1/><F116/><W112/><G118/><T122/><D114/><U26/><E39/><V58/><F113/><W104/><G112/><T43/><D124/><U88/><E128/><V93/><F1/><W103/><G73/><T20/><D131/><U69/><E15/><V16/><F132/><W9/><G134/><T67/><D75/><U6/><E6/><V108/><F108/><W120/><G120/><T21/><D122/><U95/><E107/><V79/><F79/><W96/><G127/><T33/><D106/><U37/><E37/><V91/><F72/><W129/><G129/><T25/><D8/><U121/><E121/><V42/><REACH who="2" step="1"/><F16/><REACH who="2" ten="88,416,213,273" step="2"/><W105/><G104/><T64/><D43/><U102/><E26/><AGARI ba="4,1" hai="26,28,32,42,47,50,57,58,74,77,80,91,93,97" machi="26" ten="40,5200,0" yaku="1,1,2,1,52,1,53,0" doraHai="27" doraHaiUra="126" who="2" fromWho="1" sc="88,0,416,-64,213,74,273,0" /><INIT seed="2,0,0,2,4,19" ten="88,352,287,273" oya="2" hai0="113,98,108,83,122,68,65,73,87,111,96,92,69" hai1="81,117,63,4,15,90,94,40,45,75,67,93,36" hai2="64,133,7,21,28,86,60,100,17,38,41,77,30" hai3="43,55,126,2,20,24,57,130,56,115,78,123,120"/><V107/><F133/><W3/><G130/><T84/><D122/><U132/><E117/><V71/><F7/><W39/><G126/><T62/><D113/><U58/><E132/><V109/><F109/><N who="0" m="42058" /><D73/><U59/><E93/><V44/><F77/><W61/><G115/><T80/><D69/><U124/><E124/><V12/><REACH who="2" step="1"/><F86/><REACH who="2" ten="88,352,277,273" step="2"/><N who="0" m="32810" /><D98/><AGARI ba="0,1" hai="12,17,21,28,30,38,41,44,60,64,71,98,100,107" machi="98" ten="40,3900,0" yaku="1,1,52,1,53,0" doraHai="19" doraHaiUra="51" who="2" fromWho="0" sc="88,-39,352,0,277,49,273,0" /><INIT seed="2,1,0,1,1,102" ten="49,352,326,273" oya="2" hai0="113,69,130,76,36,132,115,54,44,24,57,111,0" hai1="11,86,29,18,125,126,84,37,53,93,19,8,67" hai2="77,72,13,75,116,107,90,39,68,112,100,95,128" hai3="109,5,101,121,56,1,51,85,117,3,21,114,87"/><V92/><F68/><W14/><G121/><T31/><D69/><U6/><E37/><V41/><F41/><W23/><G117/><T108/><D0/><U88/><E67/><V32/><F39/><W80/><G109/><N who="0" m="42059" /><D130/><U33/><E11/><V129/><F32/><W118/><G118/><T134/><D76/><U58/><E84/><N who="2" m="52295" /><F13/><W105/><G114/><N who="0" m="43531" /><D24/><U42/><E42/><V89/><F116/><W26/><G87/><T45/><D31/><U122/><E29/><V66/><F66/><W79/><G51/><N who="0" m="30943" /><D36/><U38/><E38/><V4/><F112/><W63/><G14/><T40/><D40/><U82/><E122/><V22/><F77/><W123/><G123/><T2/><D2/><U35/><E33/><V96/><F4/><W50/><G5/><T16/><D16/><U12/><E35/><V20/><F20/><W74/><G21/><T98/><D98/><U119/><E119/><V135/><F22/><W110/><G110/><T64/><D64/><U99/><E19/><V49/><F128/><W61/><G3/><T133/><AGARI ba="1,0" hai="44,45,132,133,134" m="30943,43531,42059" machi="133" ten="40,8000,1" yaku="20,1,14,1,34,2" doraHai="102" who="0" fromWho="0" sc="49,83,352,-21,326,-41,273,-21" /><INIT seed="3,0,0,0,4,117" ten="132,331,285,252" oya="3" hai0="114,73,90,87,127,86,123,128,122,45,91,126,60" hai1="96,101,99,8,120,56,70,37,71,104,44,119,124" hai2="38,43,26,7,14,84,0,58,80,46,95,106,41" hai3="133,48,92,54,40,15,35,27,13,21,39,2,42"/><W118/><G118/><T102/><D60/><U34/><E119/><V12/><F106/><W103/><G2/><T19/><D73/><U1/><E34/><V134/><F134/><W74/><G74/><T18/><D45/><U77/><E124/><N who="0" m="47657" /><D128/><U16/><E120/><N who="0" m="46121" /><D114/><U20/><E44/><V62/><F46/><W88/><G133/><T61/><D61/><U75/><E37/><V57/><F62/><W112/><G112/><T52/><D52/><U49/><E75/><V53/><F38/><W98/><G35/><T130/><D130/><U3/><E71/><V115/><F53/><W93/><G39/><T105/><D102/><U78/><E101/><V125/><F125/><W82/><G82/><N who="0" m="49495" /><D105/><U135/><E104/><V83/><F115/><W51/><G42/><T5/><D5/><U24/><E70/><V81/><F43/><W116/><G116/><T85/><D85/><U94/><E56/><V9/><F41/><W59/><G48/><T47/><D47/><U109/><E49/><V32/><F58/><W11/><G40/><T23/><D23/><U79/><E20/><V10/><F57/><W97/><REACH who="3" step="1"/><G11/><REACH who="3" ten="132,331,285,242" step="2"/><T89/><D89/><U121/><E8/><V68/><F9/><W69/><G69/><T111/><D111/><U66/><E109/><V63/><F68/><W4/><G4/><T113/><D113/><U33/><E121/><V107/><F63/><W50/><G50/><T6/><D6/><U100/><E33/><V36/><F36/><W65/><G65/><T22/><D22/><N who="1" m="13383" /><E66/><V17/><F32/><W31/><AGARI ba="0,1" hai="13,15,21,27,31,51,54,59,88,92,93,97,98,103" machi="31" ten="20,12000,1" yaku="1,1,0,1,7,1,8,1,54,1,53,0" doraHai="117" doraHaiUra="64" who="3" fromWho="3" sc="132,-40,331,-40,285,-40,242,130" /><INIT seed="3,1,0,5,2,20" ten="92,291,245,372" oya="3" hai0="56,111,60,21,78,38,4,87,6,102,18,84,0" hai1="115,28,15,80,40,85,5,133,26,129,116,66,132" hai2="130,17,103,30,120,23,114,127,32,35,10,99,69" hai3="134,27,128,89,112,59,31,126,98,75,36,93,100"/><W39/><G112/><T101/><D38/><U54/><E115/><V14/><F114/><W24/><G75/><T108/><D0/><U96/><E129/><V13/><F69/><W45/><G128/><T47/><D47/><U8/><E116/><V105/><F130/><W118/><G118/><T107/><D6/><U124/><E124/><V82/><F120/><W52/><G126/><T7/><D7/><U43/><E66/><V113/><F113/><W86/><G134/><N who="1" m="51818" /><E54/><V33/><F127/><W48/><G59/><T83/><D4/><U73/><E96/><V46/><F82/><W106/><REACH who="3" step="1"/><G24/><REACH who="3" ten="92,291,245,362" step="2"/><T71/><D111/><U12/><E73/><V76/><F46/><W122/><G122/><T90/><D108/><U50/><E15/><V79/><REACH who="2" step="1"/><F30/><REACH who="2" ten="92,291,235,362" step="2"/><W131/><G131/><T70/><D71/><U81/><E28/><V42/><F42/><W9/><G9/><T95/><D70/><U63/><E43/><V119/><F119/><W58/><G58/><T61/><D56/><U88/><E40/><V22/><F22/><AGARI ba="1,2" hai="22,27,31,36,39,45,48,52,86,89,93,98,100,106" machi="22" ten="30,12000,1" yaku="1,1,7,1,52,1,54,1,53,1" doraHai="20" doraHaiUra="16" who="3" fromWho="2" sc="92,0,291,0,235,-123,362,143" /><INIT seed="3,2,0,4,1,13" ten="92,291,112,505" oya="3" hai0="97,10,91,28,130,63,116,21,14,29,2,37,24" hai1="58,86,79,123,93,122,71,69,67,74,81,95,51" hai2="38,5,88,42,30,78,118,61,113,129,54,77,40" hai3="106,53,41,131,135,50,115,55,47,68,124,34,46"/><W121/><G106/><T100/><D116/><U6/><E6/><V84/><F113/><W25/><G115/><T73/><D37/><U62/><E95/><V35/><F118/><W8/><G121/><T20/><D73/><U11/><E11/><V107/><F107/><W89/><G68/><T75/><D75/><U3/><E3/><V80/><F129/><W92/><G131/><T134/><D2/><U112/><E112/><V45/><F5/><W110/><G135/><T99/><D134/><U102/><E71/><V27/><REACH who="2" step="1"/><F42/><REACH who="2" ten="92,291,102,505" step="2"/><W18/><G41/><T7/><D130/><U12/><E122/><V48/><F48/><W44/><G50/><T52/><D63/><U104/><E51/><V39/><F39/><W82/><G110/><T133/><D133/><U49/><E49/><V132/><F132/><W17/><G47/><T43/><D43/><U9/><E104/><V119/><F119/><W23/><G46/><T94/><D52/><U108/><E108/><V120/><F120/><W65/><G55/><T36/><D36/><U128/><E128/><V22/><F22/><W1/><G23/><T0/><D0/><U83/><E62/><V87/><F87/><W4/><G1/><T15/><D15/><U85/><E86/><V76/><F76/><W117/><G44/><T90/><D99/><U96/><E96/><V103/><F103/><W101/><G101/><T33/><D33/><U126/><E102/><V26/><F26/><AGARI ba="2,1" hai="7,10,14,20,21,24,26,28,29,90,91,94,97,100" machi="26" ten="40,2600,0" yaku="9,1,8,1" doraHai="13" who="0" fromWho="2" sc="92,42,291,0,102,-32,505,0" /><INIT seed="4,0,0,1,3,117" ten="134,291,70,505" oya="0" hai0="70,56,74,69,118,96,25,134,64,0,65,98,121" hai1="83,127,109,8,20,44,80,11,43,102,51,31,92" hai2="23,101,73,112,7,39,103,13,35,99,105,111,46" hai3="24,95,84,107,124,68,14,94,60,91,27,131,66"/><T4/><D118/><U41/><E109/><V21/><F111/><W106/><G131/><T3/><D74/><U15/><E43/><V76/><F112/><W108/><G124/><T57/><D25/><N who="1" m="16807" /><E127/><V6/><F35/><W119/><G119/><T78/><D78/><U55/><E55/><V85/><F73/><W135/><G135/><T132/><D4/><N who="1" m="3463" /><E11/><V88/><F76/><W72/><G72/><T128/><D128/><U114/><E114/><V89/><F101/><W2/><G2/><T71/><D71/><U26/><E26/><V32/><F32/><W50/><G24/><T29/><D29/><U22/><E22/><V116/><F116/><W34/><G14/><T129/><D129/><U18/><E18/><V113/><F113/><W33/><G33/><T126/><D126/><U49/><E49/><V12/><F89/><W122/><G34/><T17/><D17/><U54/><E54/><V28/><F12/><W53/><G27/><T59/><D59/><U120/><E120/><AGARI ba="0,0" hai="0,3,56,57,64,65,69,70,96,98,120,121,132,134" machi="120" ten="25,9600,0" yaku="22,2,52,2" doraHai="117" who="0" fromWho="1" sc="134,96,291,-96,70,0,505,0" /><INIT seed="4,1,0,2,2,99" ten="230,195,70,505" oya="0" hai0="82,111,61,123,76,117,47,48,45,91,106,6,93" hai1="18,2,23,79,107,92,57,5,118,94,22,70,84" hai2="130,125,105,85,66,52,68,120,103,19,8,65,114" hai3="63,28,53,0,14,9,121,133,26,43,38,29,74"/><T33/><D117/><U27/><E70/><V62/><F120/><W77/><G133/><T134/><D123/><U15/><E107/><V108/><F108/><W122/><G0/><T104/><D33/><U20/><E118/><V54/><F114/><W129/><G129/><T127/><D111/><U12/><E2/><V96/><F130/><W115/><G115/><T113/><D113/><U131/><E131/><V132/><F132/><W17/><G29/><T109/><D109/><U41/><E41/><V69/><F125/><W112/><G112/><T128/><D134/><U71/><E71/><V30/><F85/><W32/><G43/><T1/><D127/><U135/><E135/><V51/><F30/><W40/><G40/><T102/><D61/><U60/><E5/><V101/><F101/><W35/><G38/><T59/><D59/><U36/><E36/><V64/><F68/><W11/><G35/><T25/><D25/><U87/><E12/><V75/><F75/><W83/><G122/><T21/><D21/><U49/><E49/><V72/><F72/><W126/><G126/><T78/><D6/><U58/><E58/><V116/><F116/><W24/><G24/><T34/><D1/><U3/><E3/><V4/><F4/><W110/><G110/><T100/><D34/><U95/><E23/><V46/><REACH who="2" step="1"/><F54/><REACH who="2" ten="230,195,60,505" step="2"/><W124/><G124/><T80/><D128/><U42/><E84/><V37/><F37/><W90/><G121/><T44/><D102/><U86/><E87/><V10/><F10/><W31/><G9/><T50/><D100/><U56/><E86/><RYUUKYOKU ba="1,1" sc="230,-10,195,-10,60,30,505,-10" hai2="8,19,46,51,52,62,64,65,66,69,96,103,105" /><INIT seed="5,2,1,2,4,109" ten="220,185,90,495" oya="1" hai0="98,24,111,70,45,127,83,40,41,23,106,125,0" hai1="10,92,102,34,65,32,48,60,115,56,64,99,114" hai2="78,120,26,22,81,93,91,21,43,77,1,85,73" hai3="89,113,90,100,54,131,86,20,79,87,31,2,112"/><U118/><E118/><V66/><F120/><W126/><G2/><T4/><D70/><U19/><E65/><V17/><F1/><W132/><G100/><N who="0" m="62743" /><D111/><U75/><E75/><V124/><F124/><N who="0" m="47690" /><D83/><U128/><E128/><V28/><F66/><W6/><G126/><T52/><D4/><U27/><E48/><V80/><F43/><W71/><G6/><T25/><D0/><U119/><E119/><V62/><F62/><W84/><G71/><T82/><D82/><U135/><E135/><V47/><F47/><W63/><G132/><T58/><D25/><U35/><REACH who="1" step="1"/><E27/><REACH who="1" ten="220,175,90,495" step="2"/><V8/><F8/><W123/><G131/><T110/><D110/><U16/><E16/><V11/><F11/><W133/><G133/><T42/><D45/><U29/><E29/><V97/><REACH who="2" step="1"/><F17/><REACH who="2" ten="220,175,80,495" step="2"/><W117/><G117/><T129/><D129/><U134/><E134/><V59/><F59/><W46/><G46/><T33/><D42/><U122/><E122/><V50/><F50/><W57/><G123/><T7/><D41/><U51/><E51/><V61/><F61/><W94/><G63/><T55/><D40/><U76/><E76/><V68/><F68/><W53/><G79/><T74/><D58/><U3/><E3/><V18/><F18/><W105/><G57/><T38/><D55/><U37/><E37/><V72/><F72/><W107/><G54/><T14/><D52/><U88/><E88/><V121/><F121/><W116/><G53/><T96/><D38/><U103/><E103/><V49/><F49/><W101/><G101/><T67/><D67/><U13/><AGARI ba="2,3" hai="10,13,19,32,34,35,56,60,64,92,99,102,114,115" machi="13" ten="40,12000,1" yaku="1,1,5,1,0,1,52,2,53,0" doraHai="109" doraHaiUra="36" who="1" fromWho="1" sc="220,-42,175,156,80,-42,495,-42" /><INIT seed="5,3,0,3,1,54" ten="178,331,38,453" oya="1" hai0="106,79,123,113,40,58,64,88,39,29,24,85,105" hai1="94,131,81,102,133,32,28,72,49,100,96,3,104" hai2="89,135,112,63,126,4,91,0,10,67,45,92,68" hai3="84,132,128,37,33,50,9,46,71,5,2,57,103"/><U30/><E3/><V127/><F135/><W56/><G71/><T1/><D1/><U99/><E133/><V18/><F112/><W90/><G132/><T76/><D113/><U129/><E32/><V74/><F74/><W48/><G33/><T134/><D134/><U115/><E115/><V60/><F45/><W107/><G37/><T19/><D123/><U124/><E124/><V41/><F41/><W130/><G103/><T22/><D39/><U114/><E114/><V43/><F43/><N who="3" m="24671" /><G50/><T12/><D40/><U51/><E81/><V62/><F89/><W15/><G107/><T75/><D75/><U26/><E72/><V31/><F31/><N who="1" m="11817" /><E26/><V66/><F18/><W117/><G117/><T82/><D106/><U78/><E78/><V121/><F121/><W23/><G23/><N who="0" m="15519" /><D105/><U108/><E108/><V125/><REACH who="2" step="1"/><F68/><REACH who="2" ten="178,331,28,453" step="2"/><W25/><G90/><T65/><D79/><U27/><E100/><V11/><F11/><W116/><G9/><T73/><D76/><U101/><E102/><V86/><AGARI ba="3,1" hai="0,4,10,60,62,63,66,67,86,91,92,125,126,127" machi="86" ten="40,5200,0" yaku="1,1,0,1,18,1,53,0" doraHai="54" doraHaiUra="93" who="2" fromWho="2" sc="178,-16,331,-29,28,71,453,-16" /><INIT seed="6,0,0,4,4,69" ten="162,302,99,437" oya="2" hai0="107,34,47,129,113,1,94,118,7,133,81,17,67" hai1="117,105,125,77,44,25,42,20,109,74,68,59,82" hai2="32,86,31,131,45,102,64,43,79,104,49,62,78" hai3="39,18,55,76,63,21,72,75,99,71,85,58,8"/><V5/><F131/><W29/><G39/><T51/><D107/><U27/><E68/><V37/><F5/><W35/><G35/><T57/><D129/><U124/><E105/><V98/><F86/><W97/><G29/><T135/><D34/><U91/><E109/><V40/><F40/><W22/><G75/><T108/><D108/><U103/><E103/><V9/><F9/><W101/><G72/><T126/><D113/><U110/><E117/><V3/><F49/><W95/><G71/><T73/><D118/><U33/><E110/><V114/><F114/><W30/><G30/><T132/><D126/><U115/><E115/><V60/><F3/><W54/><G54/><T26/><D94/><U56/><E91/><V15/><F15/><N who="3" m="7527" /><G97/><T12/><D26/><U121/><E27/><N who="2" m="18559" /><F62/><W41/><G41/><T14/><D1/><U36/><E42/><V53/><F53/><W46/><G46/><T10/><D67/><U111/><E44/><V84/><F84/><W112/><G112/><T6/><D57/><U4/><E59/><V23/><F23/><W19/><G19/><T93/><D93/><U38/><E20/><V11/><F11/><W127/><G85/><T70/><D70/><AGARI ba="0,0" hai="37,43,45,60,64,70,78,79,98,102,104" m="18559" machi="70" ten="30,2900,0" yaku="25,1,52,1" doraHai="69" who="2" fromWho="0" sc="162,-29,302,0,99,29,437,0" /><INIT seed="6,1,0,4,4,107" ten="133,302,128,437" oya="2" hai0="100,108,36,48,71,121,93,70,20,85,91,57,114" hai1="38,60,22,4,102,117,13,58,55,83,118,26,130" hai2="6,128,39,134,46,95,65,32,131,115,103,52,15" hai3="54,29,47,51,76,77,30,8,67,106,37,92,23"/><V73/><F32/><W112/><G106/><T119/><D36/><U127/><E38/><V18/><F6/><W44/><G67/><T74/><D121/><U11/><E130/><N who="2" m="49707" /><F115/><W89/><G112/><T78/><D108/><U56/><E127/><V45/><F134/><W97/><G8/><T88/><D114/><U14/><E102/><V33/><F33/><W34/><G34/><T120/><D120/><U10/><E83/><V50/><F65/><W104/><G104/><T90/><D119/><U110/><E58/><N who="2" m="33047" /><F39/><W105/><G105/><T1/><D1/><U43/><E43/><V113/><F113/><W86/><G37/><T129/><D129/><U24/><E110/><V31/><F31/><N who="3" m="11787" /><G44/><T16/><D70/><U42/><E42/><V12/><F73/><W96/><G23/><T124/><D71/><U49/><E22/><N who="2" m="11591" /><F15/><W40/><G40/><T72/><D124/><U28/><E14/><V68/><F68/><W35/><G35/><T53/><D100/><U123/><E123/><V75/><F75/><N who="0" m="28714" /><D78/><AGARI ba="1,0" hai="47,51,54,76,77,78,86,89,92,96,97" m="11787" machi="78" ten="30,1000,0" yaku="8,1" doraHai="107" who="3" fromWho="0" sc="133,-13,302,0,128,0,437,13" /><INIT seed="7,0,0,1,0,127" ten="120,302,128,450" oya="3" hai0="114,128,50,129,44,59,39,45,60,83,95,47,105" hai1="62,3,93,69,122,58,73,19,46,110,15,82,5" hai2="8,56,109,65,88,111,31,107,92,29,72,119,113" hai3="71,11,55,34,133,81,42,118,102,135,61,26,30"/><W52/><G55/><T120/><D105/><U14/><E69/><V64/><F72/><W7/><G81/><T27/><D120/><U0/><E0/><V117/><F107/><W54/><G54/><T98/><D114/><U38/><E19/><V51/><F113/><W87/><G87/><T96/><D39/><U85/><E85/><N who="2" m="52239" /><F117/><W35/><G11/><T124/><D124/><U2/><E93/><V57/><F119/><W78/><G26/><T134/><D134/><U66/><E3/><V25/><F111/><W100/><G61/><T22/><D129/><U79/><E122/><V24/><F8/><W43/><G102/><N who="0" m="60703" /><D128/><U70/><E58/><N who="2" m="22635" /><F51/><W20/><G42/><N who="0" m="24951" /><D98/><U125/><E125/><V13/><F13/><W37/><G100/><T75/><D83/><U74/><E74/><V99/><F99/><W123/><G7/><T103/><D103/><U132/><E110/><V86/><F86/><W32/><G20/><T9/><D9/><N who="1" m="2231" /><E132/><V80/><F109/><W90/><G90/><T89/><D89/><U97/><E97/><V4/><F80/><W104/><G43/><AGARI ba="0,0" hai="14,15,38,43,46,62,66,70,73,79,82" m="2231" machi="43" ten="30,1000,0" yaku="25,1" doraHai="127" who="1" fromWho="3" sc="120,0,302,10,128,0,450,-10" owari="120,-38.0,312,11.0,128,-27.0,440,54.0" /></mjloggm>