<mjloggm ver="2.3"><GO type="97" lobby="0"/><UN n0="%73%5F%6F%6B" n1="%E3%82%A6%E3%83%AB%E3%83%88%E3%83%A9%E7%AB%8B%E7%9B%B4" n2="%E3%83%9E%E3%83%8A%E7%A5%9E%E3%81%95%E3%82%93" n3="%6B%61%33%6B%61%33%38%39" dan="14,15,14,13" rate="2036.36,1960.55,1951.97,1831.79" sx="M,M,M,M"/><TAIKYOKU oya="0"/><INIT seed="0,0,0,5,5,75" ten="250,250,250,250" oya="0" hai0="58,117,133,98,51,106,90,4,2,97,33,34,67" hai1="1,123,83,38,125,7,86,113,10,0,120,9,59" hai2="37,41,32,134,105,131,88,50,56,20,77,65,79" hai3="3,73,108,44,109,17,21,19,13,92,93,24,91"/><T84/><D2/><U94/><E113/><V130/><F32/><W119/><G119/><T42/><D4/><U62/><E38/><V5/><F105/><W15/><G73/><T49/><D117/><U46/><E46/><V54/><F134/><W111/><G92/><T85/><D42/><U116/><E116/><V69/><F5/><W40/><G3/><T82/><D67/><U101/><E125/><V103/><F103/><W28/><G28/><T45/><D58/><U35/><E35/><V47/><F20/><W122/><G122/><T52/><D133/><U48/><E48/><V80/><F80/><W43/><G44/><T68/><D68/><U18/><E0/><V126/><F126/><W8/><REACH who="3" step="1"/><G24/><REACH who="3" ten="250,250,250,240" step="2"/><T31/><D31/><U99/><E120/><V26/><F26/><W107/><G107/><T25/><D25/><U27/><E123/><V70/><F131/><W100/><G100/><T128/><D128/><U12/><E27/><V104/><F104/><W124/><G124/><T127/><D106/><U110/><E1/><V114/><F114/><W96/><AGARI ba="0,1" hai="8,13,15,17,19,21,40,43,91,93,96,108,109,111" machi="96" ten="30,4000,0" yaku="1,1,0,1,14,1,53,0" doraHai="75" doraHaiUra="30" who="3" fromWho="3" sc="250,-20,250,-10,250,-10,240,50" /><INIT seed="1,0,0,1,0,64" ten="230,240,240,290" oya="1" hai0="92,0,53,84,112,120,48,113,37,34,114,39,32" hai1="45,26,88,89,49,50,111,24,3,16,109,60,33" hai2="97,103,23,40,65,87,38,66,11,54,125,5,76" hai3="110,14,42,85,77,128,25,35,46,105,59,51,52"/><U21/><E3/><V123/><F123/><W99/><G128/><T73/><D73/><U98/><E60/><V36/><F125/><W130/><G110/><N who="1" m="41994" /><E98/><V106/><F54/><W121/><G121/><T80/><D0/><U17/><E49/><V95/><F23/><W68/><G130/><T41/><D120/><U129/><E129/><V27/><F27/><N who="1" m="10281" /><E33/><V134/><F134/><W131/><G131/><T15/><D32/><U20/><E20/><V127/><F127/><W70/><G99/><T135/><D34/><U43/><E17/><V104/><F38/><W81/><G105/><T55/><D135/><U22/><E22/><V115/><F115/><W107/><G107/><T133/><D133/><U82/><E82/><V67/><F40/><W75/><G75/><T124/><D124/><U47/><E47/><V31/><F31/><W10/><G25/><AGARI ba="0,0" hai="16,21,25,43,45,50,88,89" m="10281,41994" machi="25" ten="30,11600,0" yaku="14,1,10,1,54,2" doraHai="64" who="1" fromWho="3" sc="230,0,240,116,240,0,290,-116" /><INIT seed="1,1,0,1,5,121" ten="230,356,240,174" oya="1" hai0="133,4,37,76,123,22,84,48,1,9,53,32,12" hai1="82,39,91,109,97,80,28,54,98,65,24,35,40" hai2="23,125,16,100,68,95,112,38,49,105,30,77,33" hai3="19,116,96,114,106,6,46,15,83,75,5,14,31"/><U86/><E40/><V36/><F68/><W29/><G114/><T104/><D37/><U102/><E39/><V130/><F112/><W129/><G116/><T85/><D104/><U61/><E54/><V21/><F105/><W11/><G129/><T67/><D67/><U25/><E25/><V44/><F33/><W93/><G46/><T57/><D123/><U27/><E27/><V59/><F77/><W134/><G106/><T47/><D32/><U55/><E55/><V71/><F71/><W34/><G83/><T18/><D133/><U63/><E82/><V70/><F70/><W7/><G75/><T132/><D132/><U58/><E63/><V73/><F73/><W120/><G93/><T113/><D113/><U78/><E78/><V13/><F130/><W131/><G96/><T101/><D101/><U108/><E102/><V72/><F72/><W87/><G87/><T94/><D76/><U56/><E56/><V115/><F115/><W127/><G131/><T126/><D126/><U3/><E3/><V45/><F125/><W43/><G127/><T111/><D94/><U50/><E50/><V60/><F38/><W90/><G90/><T42/><REACH who="0" step="1"/><D111/><AGARI ba="1,0" hai="24,28,35,58,61,65,80,86,91,97,98,108,109,111" machi="111" ten="40,12000,1" yaku="14,1,10,1,52,3" doraHai="121" who="1" fromWho="0" sc="230,-123,356,123,240,0,174,0" /><INIT seed="1,2,0,2,1,11" ten="107,479,240,174" oya="1" hai0="134,72,93,100,107,115,108,135,47,69,89,19,4" hai1="8,63,99,111,66,122,126,130,43,102,49,110,27" hai2="42,73,78,109,68,119,17,34,15,33,94,55,81" hai3="118,7,29,9,35,91,113,23,125,123,71,37,0"/><U44/><E27/><V88/><F68/><W131/><G91/><T65/><D69/><U92/><E122/><V132/><F119/><W86/><G86/><N who="0" m="52407" /><D65/><U124/><E8/><V31/><F132/><N who="0" m="50730" /><D4/><U40/><E130/><V61/><F109/><N who="1" m="41481" /><E40/><V28/><F61/><W52/><G52/><T36/><D108/><U3/><E3/><V24/><F42/><W83/><G83/><T82/><D47/><U106/><E106/><V117/><F117/><W21/><G71/><AGARI ba="2,0" hai="43,44,49,63,66,71,92,99,102,124,126" m="41481" machi="71" ten="30,2900,0" yaku="14,1,10,1" doraHai="11" who="1" fromWho="3" sc="107,0,479,35,240,0,174,-35" /><INIT seed="1,3,0,5,2,69" ten="107,514,240,139" oya="1" hai0="30,43,79,63,29,55,112,99,7,2,129,95,53" hai1="56,40,35,64,39,132,108,126,115,42,6,103,82" hai2="71,33,78,67,14,27,90,121,31,61,94,17,135" hai3="86,37,10,54,124,116,46,122,28,26,87,76,100"/><U41/><E35/><V119/><F121/><W11/><G116/><T20/><D112/><U62/><E115/><V9/><F119/><W22/><G122/><T97/><D43/><N who="1" m="16459" /><E82/><V8/><F135/><W36/><G124/><T24/><D79/><U66/><E103/><V70/><F78/><W89/><G100/><T16/><D129/><U117/><E6/><V77/><F77/><W4/><G76/><T57/><D97/><U85/><E85/><V21/><REACH who="2" step="1"/><F71/><REACH who="2" ten="107,514,230,139" step="2"/><W49/><G86/><AGARI ba="3,1" hai="8,9,14,17,21,27,31,33,61,67,70,86,90,94" machi="86" ten="30,3900,0" yaku="1,1,2,1,7,1,53,0" doraHai="69" doraHaiUra="131" who="2" fromWho="3" sc="107,0,514,0,230,58,139,-48" /><INIT seed="2,0,0,3,3,120" ten="107,514,288,91" oya="2" hai0="79,6,76,52,108,58,61,31,104,18,67,92,125" hai1="15,81,97,41,105,94,71,48,30,110,131,123,45" hai2="42,111,2,33,100,116,78,25,115,90,29,44,112" hai3="10,19,49,47,51,12,102,55,50,129,22,32,133"/><V73/><F116/><W35/><G129/><T113/><D104/><U24/><E71/><V122/><F122/><W69/><G133/><T0/><D31/><U84/><E105/><V34/><F90/><W9/><G69/><T37/><D37/><U13/><E131/><V57/><F57/><W82/><G102/><T70/><D113/><U101/><E110/><V109/><F100/><W4/><G82/><T119/><D119/><U62/><E62/><V11/><F34/><N who="3" m="12843" /><G50/><T56/><D125/><U26/><E123/><V68/><F68/><W95/><G95/><T132/><D132/><U106/><E106/><V103/><F103/><W117/><G51/><T98/><D0/><U126/><E126/><V130/><F130/><W134/><G55/><T64/><D6/><U60/><E60/><V96/><F96/><W91/><G91/><T77/><D70/><U17/><E30/><V53/><F53/><W85/><G85/><T38/><D38/><U72/><E72/><V14/><F2/><N who="3" m="151" /><G49/><T3/><D108/><N who="2" m="41546" /><F78/><W20/><G47/><T39/><D3/><U40/><E101/><V87/><F87/><W88/><G117/><T23/><D39/><U36/><E97/><V121/><F73/><W63/><G88/><N who="0" m="55559" /><D58/><U65/><E84/><V128/><F128/><W118/><G63/><T59/><D59/><U28/><E94/><V83/><F83/><W54/><G54/><T99/><D99/><U16/><E81/><V86/><F86/><W124/><G118/><T93/><D93/><U27/><E40/><V21/><F121/><W75/><G124/><T107/><D107/><RYUUKYOKU ba="0,0" sc="107,30,514,-10,288,-10,91,-10" hai0="18,23,52,56,61,64,67,76,77,79" /><INIT seed="3,1,0,3,1,3" ten="137,504,278,81" oya="3" hai0="41,10,23,125,48,64,74,22,30,32,110,44,86" hai1="27,33,90,132,59,98,130,34,115,118,129,73,25" hai2="6,54,106,51,122,13,5,17,84,78,26,16,46" hai3="45,69,105,82,93,19,112,91,60,92,56,131,14"/><W38/><G131/><T126/><D74/><U116/><E73/><V113/><F106/><W83/><G112/><T107/><D107/><U63/><E98/><V12/><F113/><W9/><G105/><T47/><D64/><U52/><E90/><V7/><F122/><W96/><G69/><T134/><D134/><U80/><E80/><N who="2" m="47127" /><F26/><N who="1" m="9737" /><E132/><V87/><F87/><W103/><G45/><T117/><D32/><N who="1" m="12395" /><E115/><V128/><F128/><AGARI ba="1,0" hai="52,59,63,116,118,128,129,130" m="12395,9737" machi="128" ten="40,2600,0" yaku="19,1,54,1" doraHai="3" who="1" fromWho="2" sc="137,0,504,29,278,-29,81,0" owari="137,-26.0,533,63.0,249,5.0,81,-42.0" /></mjloggm>