<mjloggm ver="2.3"><GO type="97" lobby="0"/><UN n0="%E8%8A%B1%E3%81%A8%E3%82%A2%E3%83%AA%E3%82%B9" n1="%E3%82%A6%E3%83%AB%E3%83%88%E3%83%A9%E7%AB%8B%E7%9B%B4" n2="%E3%81%AF%E3%81%A3%E3%81%A8%E3%82%8A%E3%81%B8%E3%81%84%E3%81%98" n3="%E3%81%BE%E3%81%98%E3%81%8B%E3%82%8B%E3%81%8F%E3%81%A3%E3%81%8D%E3%83%BC" dan="15,15,15,13" rate="1989.26,2005.99,2000.75,1893.92" sx="F,M,F,F"/><TAIKYOKU oya="0"/><INIT seed="0,0,0,0,4,8" ten="250,250,250,250" oya="0" hai0="77,112,119,4,73,117,60,135,134,106,51,89,74" hai1="43,104,25,54,102,39,131,105,99,23,56,70,122" hai2="21,91,13,7,123,36,124,69,75,78,17,109,81" hai3="32,37,87,118,115,113,88,29,61,98,133,53,58"/><T59/><D112/><U3/><E70/><V0/><F123/><W10/><G118/><T101/><D51/><U26/><E3/><V92/><F69/><W5/><G37/><T62/><D4/><U49/><E122/><V82/><F124/><W48/><G98/><N who="0" m="61751" /><D60/><U42/><E131/><V79/><F109/><W116/><G133/><N who="0" m="50699" /><D62/><U38/><E104/><V96/><F36/><W33/><G61/><T19/><D19/><U65/><E65/><V30/><F30/><W100/><G100/><T67/><D59/><U31/><E39/><V20/><F0/><W18/><G18/><T11/><D11/><U108/><E38/><V46/><F46/><W40/><G40/><T2/><D67/><U64/><E64/><V1/><F1/><W47/><G58/><T63/><D2/><U9/><E108/><V80/><F7/><W68/><G68/><T111/><D63/><U128/><E128/><V110/><F110/><W12/><G116/><N who="0" m="44619" /><D111/><U27/><E9/><V97/><F21/><W72/><G32/><T76/><D89/><U34/><E26/><V121/><F121/><W35/><G35/><T55/><D55/><U15/><E15/><V127/><F127/><W120/><G120/><T71/><D71/><U84/><E43/><V86/><F75/><AGARI ba="0,0" hai="73,74,75,76,77" m="44619,50699,61751" machi="75" ten="40,7700,0" yaku="20,1,34,2" doraHai="8" who="0" fromWho="2" sc="250,77,250,0,250,-77,250,0" /><INIT seed="0,1,0,2,4,134" ten="327,250,173,250" oya="0" hai0="107,40,70,42,128,73,66,87,15,45,46,28,123" hai1="61,122,6,64,9,47,5,86,7,67,130,31,55" hai2="74,3,127,85,129,57,104,14,33,119,22,41,118" hai3="26,0,113,29,82,112,13,131,116,65,84,58,81"/><T20/><D123/><U30/><E130/><V97/><F74/><W79/><G0/><T111/><D73/><U34/><E34/><V124/><F33/><W25/><G116/><N who="2" m="44585" /><F3/><W44/><G131/><T105/><D128/><U91/><E9/><V96/><F129/><W88/><G44/><T53/><D111/><U2/><E2/><V4/><F41/><W94/><G13/><T38/><D53/><U19/><E19/><N who="2" m="10615" /><F4/><W69/><G69/><T90/><D66/><N who="1" m="25131" /><E122/><V10/><F10/><W50/><G82/><T133/><D70/><U102/><E102/><V18/><F18/><W110/><G110/><T95/><D133/><U24/><E24/><V49/><F85/><W108/><G108/><T16/><REACH who="0" step="1"/><D28/><REACH who="0" ten="317,250,173,250" step="2"/><U52/><E55/><N who="2" m="31983" /><F104/><W48/><G29/><T126/><D126/><AGARI ba="1,1" hai="96,97,124,126,127" m="31983,10615,44585" machi="126" ten="30,8000,1" yaku="18,1,12,1,52,3" doraHai="134" who="2" fromWho="0" sc="317,-83,250,0,173,93,250,0" /><INIT seed="1,0,0,0,4,65" ten="234,250,266,250" oya="1" hai0="131,1,116,7,17,85,81,122,41,59,120,127,72" hai1="70,125,27,132,74,52,58,135,103,123,22,55,16" hai2="40,66,73,96,15,102,121,19,90,36,18,5,88" hai3="98,60,9,92,21,86,99,39,35,62,28,79,67"/><U130/><E74/><V29/><F73/><W69/><G39/><T56/><D116/><U97/><E123/><N who="0" m="47145" /><D72/><U31/><E125/><V129/><F121/><W25/><G9/><N who="0" m="2287" /><D127/><U95/><E130/><V68/><F29/><W77/><G99/><T38/><D131/><U4/><E70/><V87/><F129/><W10/><G86/><T115/><D115/><U84/><E4/><V101/><F5/><W11/><G35/><T30/><D30/><U48/><E84/><V94/><F19/><W124/><G124/><T45/><D17/><U37/><E37/><V34/><F34/><W43/><G43/><T117/><D117/><U0/><E0/><V114/><F40/><W42/><G42/><T89/><AGARI ba="0,0" hai="38,41,45,56,59,81,85,89" m="2287,47145" machi="89" ten="30,1100,0" yaku="13,1" doraHai="65" who="0" fromWho="0" sc="234,11,250,-5,266,-3,250,-3" /><INIT seed="2,0,0,4,5,127" ten="245,245,263,247" oya="2" hai0="20,89,108,109,70,128,69,57,86,26,115,71,0" hai1="59,76,87,119,98,51,65,77,129,39,134,61,34" hai2="93,24,29,22,16,118,125,75,107,54,80,45,15" hai3="123,105,111,94,4,88,43,10,124,117,27,49,46"/><V7/><F107/><W6/><G117/><T50/><D115/><U132/><E39/><V41/><F118/><W52/><G123/><T102/><D0/><U126/><E34/><V60/><F125/><W92/><G105/><T53/><D102/><U33/><E33/><V18/><F75/><W120/><G124/><T96/><D96/><U8/><E119/><V97/><F80/><W103/><G120/><T121/><D121/><U47/><E126/><V63/><F7/><W130/><G111/><N who="0" m="42571" /><D128/><U19/><E98/><V12/><F54/><W81/><G43/><T1/><D1/><U78/><E87/><V99/><F99/><N who="3" m="59895" /><G81/><N who="0" m="49359" /><D71/><U13/><REACH who="1" step="1"/><E129/><REACH who="1" ten="245,235,263,247" step="2"/><V38/><F97/><W104/><G130/><T116/><D116/><U122/><E122/><V82/><F82/><W28/><G104/><T133/><D133/><U23/><E23/><V30/><F93/><W44/><G10/><T79/><D79/><U101/><E101/><V67/><F67/><W31/><G92/><T68/><D26/><U64/><E64/><V100/><F100/><W14/><G27/><T42/><D20/><U56/><E56/><V32/><F30/><W21/><G28/><T17/><D69/><U11/><E11/><AGARI ba="0,1" hai="11,12,15,16,18,22,24,29,32,38,41,45,60,63" machi="11" ten="30,2900,0" yaku="7,1,54,1" doraHai="127" who="2" fromWho="1" sc="245,0,235,-29,263,39,247,0" /><INIT seed="2,1,0,0,5,46" ten="245,206,302,247" oya="2" hai0="87,25,32,69,18,133,67,126,107,82,68,0,29" hai1="66,15,114,36,49,20,100,63,91,58,53,112,19" hai2="9,2,47,104,64,35,129,116,95,97,40,74,61" hai3="59,113,57,79,75,21,45,38,5,124,30,84,81"/><V132/><F116/><W98/><G113/><T109/><D109/><U134/><E134/><V106/><F74/><W92/><G124/><T72/><D126/><U78/><E78/><V31/><F132/><W120/><G120/><T4/><D133/><U41/><E100/><V119/><F119/><W125/><G125/><T50/><D107/><U121/><E121/><V3/><F129/><W77/><G5/><T110/><D110/><U122/><E122/><V34/><F95/><W51/><G38/><T71/><D18/><U85/><E41/><V118/><F118/><W62/><G75/><T96/><D96/><U73/><E36/><N who="2" m="21895" /><F9/><W86/><G86/><T90/><D72/><U65/><E73/><V117/><F117/><W80/><G80/><T101/><D101/><U93/><REACH who="1" step="1"/><E66/><REACH who="1" ten="245,196,302,247" step="2"/><V102/><F106/><W128/><G79/><T39/><D39/><U115/><E115/><V23/><F102/><W1/><G77/><T135/><D67/><U130/><E130/><V94/><F64/><W12/><G128/><T88/><D135/><U10/><E10/><V52/><F104/><W33/><G81/><T111/><D111/><U48/><E48/><V26/><F94/><W11/><G92/><T28/><D50/><U8/><E8/><V55/><F97/><W17/><G98/><T99/><D99/><U60/><E60/><V43/><F61/><W13/><G62/><T127/><D90/><U16/><E16/><V37/><F43/><W76/><G17/><T54/><D127/><U103/><E103/><V14/><F37/><W131/><G131/><T44/><D88/><RYUUKYOKU ba="1,1" sc="245,-10,196,30,302,-10,247,-10" hai1="15,19,20,49,53,58,63,65,85,91,93,112,114" /><INIT seed="3,2,1,2,1,55" ten="235,226,292,237" oya="3" hai0="13,95,6,127,48,75,74,117,29,19,7,77,130" hai1="31,131,16,26,82,25,0,57,42,94,72,66,88" hai2="9,92,78,35,89,60,34,8,64,27,5,58,97" hai3="39,112,81,68,43,63,61,15,106,20,124,103,4"/><W99/><G112/><T17/><D117/><U80/><E0/><V67/><F78/><W54/><G124/><T114/><D127/><U11/><E72/><V98/><F34/><W59/><G81/><N who="1" m="31338" /><E131/><V122/><F122/><W44/><G68/><T51/><D114/><U65/><E42/><V18/><F35/><W128/><G128/><T50/><D130/><U84/><E31/><V40/><F40/><W10/><G20/><T37/><D29/><U12/><E65/><N who="2" m="39063" /><F98/><W86/><G86/><T85/><D37/><U70/><E70/><V125/><F125/><W52/><G63/><AGARI ba="2,1" hai="11,12,16,25,26,57,63,66,84,88,94" m="31338" machi="63" ten="30,7700,0" yaku="8,1,52,1,54,2" doraHai="55" who="1" fromWho="3" sc="235,0,226,93,292,0,237,-83" owari="235,-16.0,319,42.0,292,9.0,154,-35.0" /></mjloggm>