<mjloggm ver="2.3"><GO type="97" lobby="0"/><UN n0="%E3%82%A6%E3%83%AB%E3%83%88%E3%83%A9%E7%AB%8B%E7%9B%B4" n1="%E4%BB%8A%E6%97%A5%E4%B8%80" n2="%E6%8A%80%E8%A1%93%E9%9D%A9%E6%96%B0" n3="%E7%A2%BA%E7%8E%87%E9%BA%BB%E9%9B%80" dan="15,15,15,14" rate="1995.64,2018.05,2054.35,1997.53" sx="M,F,M,M"/><TAIKYOKU oya="0"/><INIT seed="0,0,0,4,1,21" ten="250,250,250,250" oya="0" hai0="93,109,111,10,61,60,27,103,16,51,68,45,95" hai1="97,86,43,22,63,9,92,40,23,79,36,127,35" hai2="85,12,56,69,13,106,44,89,110,41,32,84,80" hai3="28,8,18,53,87,128,30,7,55,122,5,81,130"/><T11/><D11/><U117/><E35/><V113/><F69/><W38/><G38/><T65/><D61/><U59/><E117/><V52/><F32/><W25/><G122/><T120/><D120/><U99/><E127/><V66/><F106/><W33/><G30/><T96/><D95/><U133/><E9/><V82/><F113/><W3/><G18/><T115/><D115/><U107/><E107/><V0/><F0/><W48/><G7/><T116/><D116/><U70/><E70/><V67/><F110/><N who="0" m="41994" /><D10/><U98/><E133/><V31/><F31/><W134/><G134/><T17/><D27/><U1/><E1/><V76/><F41/><AGARI ba="0,0" hai="16,17,41,45,51,60,65,68,93,96,103" m="41994" machi="41" ten="30,5800,0" yaku="14,1,10,1,54,1" doraHai="21" who="0" fromWho="2" sc="250,58,250,0,250,-58,250,0" /><INIT seed="0,1,0,5,3,26" ten="308,250,192,250" oya="0" hai0="0,10,41,109,70,77,87,79,63,37,118,19,18" hai1="28,30,39,116,7,95,22,96,40,108,32,80,114" hai2="122,132,49,48,71,93,60,103,81,42,16,133,111" hai3="62,99,102,50,38,55,69,121,94,89,130,128,98"/><T61/><D118/><U134/><E116/><V6/><F122/><W53/><G38/><T113/><D113/><U59/><E114/><V101/><F6/><W25/><G121/><T4/><D79/><U88/><E108/><V129/><F111/><W72/><G72/><T9/><D70/><U67/><E134/><N who="2" m="51819" /><F129/><N who="3" m="49771" /><G25/><T105/><D105/><U124/><E124/><V131/><F131/><W126/><G126/><T112/><D112/><U92/><E80/><V68/><F81/><W54/><G69/><N who="2" m="26697" /><F60/><W91/><G62/><T90/><D63/><N who="1" m="38399" /><E32/><V44/><F93/><N who="3" m="56623" /><G102/><N who="2" m="38921" /><F16/><W106/><G106/><T123/><D61/><U45/><E39/><AGARI ba="1,0" hai="39,42,44,48,49" m="38921,26697,51819" machi="39" ten="30,1000,0" yaku="20,1" doraHai="26" who="2" fromWho="1" sc="308,0,250,-13,192,13,250,0" /><INIT seed="1,0,0,5,1,26" ten="308,237,205,250" oya="1" hai0="35,118,59,109,36,25,1,75,54,51,128,56,76" hai1="15,90,84,129,11,80,110,58,55,4,6,69,71" hai2="7,16,79,92,60,115,70,8,29,0,5,13,52" hai3="39,101,78,27,62,113,77,130,100,46,30,34,64"/><U121/><E121/><V86/><F115/><W97/><G113/><T31/><D1/><U93/><E129/><V114/><F114/><W12/><G130/><T111/><D36/><U67/><E110/><N who="0" m="41993" /><D118/><U126/><E126/><V41/><F41/><W103/><G12/><T66/><D128/><U37/><E37/><V91/><F79/><W119/><G119/><T44/><D66/><U2/><E67/><V99/><F70/><W10/><G10/><T108/><D108/><U94/><E94/><V32/><F99/><W57/><REACH who="3" step="1"/><G97/><REACH who="3" ten="308,237,205,240" step="2"/><T134/><D134/><U23/><E2/><V47/><F0/><W43/><AGARI ba="0,1" hai="27,30,34,39,43,46,57,62,64,77,78,100,101,103" machi="43" ten="30,8000,1" yaku="1,1,2,1,0,1,52,1,53,1" doraHai="26" doraHaiUra="21" who="3" fromWho="3" sc="308,-20,237,-40,205,-20,240,90" /><INIT seed="2,0,0,3,4,34" ten="288,197,185,330" oya="2" hai0="77,128,65,50,113,98,134,109,45,115,3,108,55" hai1="51,17,99,9,47,75,23,48,56,38,62,57,112" hai2="71,125,40,73,2,52,25,133,29,35,102,39,90" hai3="72,110,76,63,131,19,80,94,111,82,103,21,116"/><V59/><F71/><W129/><G116/><T10/><D77/><U42/><E75/><V101/><F73/><W44/><G82/><T67/><D98/><U114/><E9/><V91/><F133/><W86/><G63/><T96/><D96/><U88/><E112/><V22/><F125/><W85/><G44/><T124/><D10/><U33/><E33/><V16/><F2/><W95/><G103/><N who="2" m="39433" /><F39/><W13/><G95/><T87/><D87/><N who="3" m="33289" /><G94/><T64/><D3/><U46/><E114/><N who="0" m="43529" /><D134/><U28/><E28/><V54/><F35/><W0/><G0/><T92/><D92/><N who="1" m="56711" /><E38/><V12/><F40/><W120/><G120/><T135/><D135/><U105/><E105/><V84/><F84/><W104/><G104/><T121/><D121/><U126/><E126/><V68/><F68/><W123/><G123/><T15/><D124/><U127/><E127/><V53/><F59/><W30/><G30/><T122/><D122/><U60/><E57/><V89/><F29/><W97/><G97/><T26/><D45/><U1/><E56/><V11/><F11/><W130/><AGARI ba="0,0" hai="13,19,21,72,76,80,110,111,129,130,131" m="33289" machi="130" ten="40,1500,0" yaku="19,1" doraHai="34" who="3" fromWho="3" sc="288,-4,197,-4,185,-7,330,15" /><INIT seed="3,0,0,5,1,25" ten="284,193,178,345" oya="3" hai0="132,53,92,9,75,54,33,43,133,11,31,7,70" hai1="37,81,34,111,45,121,48,14,134,18,40,16,64" hai2="66,95,110,101,120,83,105,20,122,35,123,91,79" hai3="28,57,3,6,113,19,87,118,129,84,24,73,36"/><W115/><G118/><T90/><D70/><U99/><E121/><V4/><F35/><W62/><G73/><T10/><D75/><U107/><E34/><V29/><F4/><W47/><G129/><T30/><D43/><U2/><E2/><V103/><F66/><W51/><G36/><T61/><D33/><U65/><E37/><V96/><F110/><W130/><G130/><T131/><D7/><U94/><E107/><V68/><F68/><W15/><G115/><T124/><D131/><U0/><E0/><V41/><F41/><W69/><G69/><T106/><D106/><U109/><E81/><V125/><F125/><W77/><G77/><T86/><D124/><U22/><E134/><N who="0" m="51817" /><D61/><U63/><E18/><V128/><F128/><W44/><G6/><T98/><D98/><U108/><REACH who="1" step="1"/><E63/><REACH who="1" ten="284,183,178,345" step="2"/><V59/><F59/><W117/><G3/><T49/><D49/><U5/><E5/><V52/><F52/><AGARI ba="0,1" hai="9,10,11,30,31,52,53,54,86,90,92" m="51817" machi="52" ten="30,7700,0" yaku="20,1,52,2,54,1" doraHai="25" who="0" fromWho="2" sc="284,87,183,0,178,-77,345,0" owari="371,47.0,183,-22.0,101,-40.0,345,15.0" /></mjloggm>