<mjloggm ver="2.3"><GO type="97" lobby="0"/><UN n0="%E3%82%A6%E3%83%AB%E3%83%88%E3%83%A9%E7%AB%8B%E7%9B%B4" n1="%E3%81%86%E3%81%B2%E3%81%B2%E3%81%B2%E3%81%B2" n2="%E3%83%AA%E3%83%B3%E3%82%AC%E3%83%B3%E3%82%BF%E3%83%AB%E3%83%91%E3%82%BA" n3="%E5%B9%B3%E6%9C%AC%E4%BF%9D%E5%BF%97" dan="15,13,14,14" rate="2031.05,1839.49,1949.37,1924.80" sx="M,M,M,M"/><TAIKYOKU oya="0"/><INIT seed="0,0,0,1,3,81" ten="250,250,250,250" oya="0" hai0="80,38,94,33,107,35,70,37,68,115,66,62,51" hai1="32,82,28,126,90,87,11,9,99,10,12,57,98" hai2="112,53,67,31,50,18,2,76,130,100,88,120,129" hai3="22,15,3,93,121,71,23,83,43,42,40,44,47"/><T119/><D119/><U73/><E73/><V8/><F120/><W133/><G3/><T56/><D115/><U105/><E105/><V84/><F112/><W92/><G121/><T24/><D107/><U59/><E126/><V54/><F76/><W36/><G71/><T85/><D94/><N who="3" m="36457" /><G133/><T0/><D0/><U58/><E32/><V13/><F100/><W106/><G106/><T34/><D24/><U96/><REACH who="1" step="1"/><E28/><REACH who="1" ten="250,240,250,250" step="2"/><V95/><F31/><W114/><G114/><T21/><D21/><N who="3" m="7689" /><G36/><T60/><D38/><U128/><E128/><V102/><F130/><W41/><G15/><AGARI ba="0,1" hai="9,10,11,12,15,57,58,59,82,87,90,96,98,99" machi="15" ten="50,8000,1" yaku="1,1,29,2,8,1,52,1,53,0" doraHai="81" doraHaiUra="65" who="1" fromWho="3" sc="250,0,240,90,250,0,250,-80" /><INIT seed="1,0,0,4,0,114" ten="250,330,250,170" oya="1" hai0="97,72,91,122,111,16,54,22,62,131,64,50,121" hai1="28,17,98,123,44,11,57,14,25,119,85,99,103" hai2="70,107,129,126,31,24,66,60,124,36,20,61,132" hai3="81,58,84,77,108,13,89,33,42,30,118,1,79"/><U40/><E123/><N who="0" m="47113" /><D72/><U63/><E119/><V46/><F132/><W88/><G1/><T115/><D115/><U27/><E85/><V100/><F129/><W41/><G108/><T2/><D2/><U26/><E28/><V104/><F61/><W80/><G13/><N who="0" m="9487" /><D111/><U101/><E101/><V53/><F100/><W51/><G30/><T90/><D97/><U9/><E9/><V127/><F53/><W59/><G33/><T32/><D32/><U96/><E103/><V39/><REACH who="2" step="1"/><F46/><REACH who="2" ten="250,330,240,170" step="2"/><W93/><G51/><T113/><D131/><U18/><E44/><V65/><F65/><W0/><G0/><T6/><D113/><U109/><E109/><V67/><F67/><W52/><G52/><T134/><D134/><U38/><E38/><AGARI ba="0,1" hai="20,24,31,36,38,39,60,66,70,104,107,124,126,127" machi="38" ten="50,6400,0" yaku="1,1,18,1,53,1" doraHai="114" doraHaiUra="56" who="2" fromWho="1" sc="250,0,330,-64,240,74,170,0" /><INIT seed="2,0,0,0,1,18" ten="250,266,314,170" oya="2" hai0="9,129,20,46,98,133,86,89,113,72,126,50,75" hai1="4,58,121,31,22,117,62,54,74,90,16,131,45" hai2="132,80,71,64,118,39,59,122,111,53,127,60,42" hai3="61,35,43,114,116,66,12,88,135,28,21,17,36"/><V10/><F10/><W11/><G116/><T78/><D113/><U51/><E117/><V15/><F15/><W26/><G135/><T76/><D9/><U123/><E74/><V69/><F80/><W70/><G114/><T115/><D115/><U34/><E4/><V65/><F118/><W67/><G67/><N who="2" m="25673" /><F132/><W32/><G36/><T77/><D133/><U14/><E131/><V119/><F119/><W107/><G107/><T29/><D129/><U112/><E112/><V57/><F122/><N who="1" m="46601" /><E34/><V1/><F1/><W38/><G38/><T79/><N who="0" m="19456" /><DORA hai="102" /><T101/><D126/><U47/><E31/><V134/><F134/><W92/><REACH who="3" step="1"/><G43/><REACH who="3" ten="250,266,314,160" step="2"/><T105/><D75/><U41/><E47/><N who="2" m="24031" /><F127/><W120/><G120/><T30/><D72/><U13/><E90/><V48/><F111/><W3/><G3/><T99/><D89/><U84/><E84/><AGARI ba="0,1" hai="11,12,17,21,26,28,32,35,61,66,70,84,88,92" machi="84" ten="30,7700,0" yaku="1,1,7,1,52,1,54,1,53,0" doraHai="18,102" doraHaiUra="33,125" who="3" fromWho="1" sc="250,0,266,-77,314,0,160,87" /><INIT seed="3,0,0,5,5,98" ten="250,189,314,247" oya="3" hai0="120,108,75,72,134,28,20,90,39,135,133,21,30" hai1="36,111,117,47,71,83,70,29,10,81,4,119,89" hai2="80,110,101,31,62,122,76,57,34,59,3,54,118" hai3="25,19,22,38,87,7,99,79,69,84,66,48,95"/><W17/><G38/><T23/><D39/><U8/><E29/><N who="0" m="11369" /><D120/><U88/><E4/><V106/><F122/><W60/><G7/><T37/><D37/><U125/><E36/><V123/><F123/><W49/><G79/><T96/><D108/><U121/><E121/><V1/><F110/><W12/><G87/><T78/><D78/><U26/><E26/><V15/><F118/><W77/><G84/><T2/><D2/><U130/><E111/><V35/><F15/><W24/><G77/><T50/><D50/><U58/><E58/><V67/><F31/><W68/><G68/><T56/><D56/><U33/><E33/><V42/><F42/><W43/><G43/><T132/><D132/><U109/><E109/><V93/><F106/><W61/><G61/><T131/><D131/><U116/><E47/><V6/><F3/><W41/><G41/><T113/><D113/><U32/><E32/><V53/><F93/><AGARI ba="0,0" hai="20,21,23,72,75,90,93,96,133,134,135" m="11369" machi="93" ten="40,1300,0" yaku="20,1" doraHai="98" who="0" fromWho="2" sc="250,13,189,0,314,-13,247,0" owari="263,6.0,189,-31.0,301,40.0,247,-15.0" /></mjloggm>