<mjloggm ver="2.3"><GO type="41" lobby="0"/><UN n0="%E2%98%86%E6%84%9B%E8%8A%B1" n1="%E3%82%A6%E3%83%AB%E3%83%88%E3%83%A9%E7%AB%8B%E7%9B%B4" n2="%E3%81%99%E3%83%BC%E3%81%B1%E3%83%BC%E3%81%AB%E3%83%BC%E3%81%A8" n3="%E5%87%9B%E5%AE%99" dan="14,16,16,15" rate="1980.77,2059.68,2071.80,1989.53" sx="F,M,M,M"/><TAIKYOKU oya="0"/><INIT seed="0,0,0,4,1,95" ten="250,250,250,250" oya="0" hai0="14,53,74,101,6,65,64,20,79,109,30,32,16" hai1="77,67,71,121,43,85,97,5,123,12,35,63,28" hai2="105,9,125,42,127,72,113,88,41,110,115,10,21" hai3="86,55,61,130,46,128,93,7,66,80,120,76,78"/><T34/><D6/><U0/><E43/><N who="2" m="16395" /><F21/><W107/><G107/><T83/><D53/><U25/><E85/><V60/><F105/><W94/><G120/><T15/><D15/><U38/><E77/><V82/><F60/><W58/><G7/><T112/><D112/><N who="2" m="43082" /><F110/><W59/><G76/><T108/><D32/><U70/><E38/><V73/><F88/><W133/><G46/><T106/><D30/><U131/><E131/><N who="3" m="50218" /><G133/><T48/><D34/><U23/><E70/><V116/><F116/><W4/><G4/><T135/><D135/><U111/><E111/><N who="0" m="42569" /><D48/><AGARI ba="0,0" hai="48,55,58,59,61,66,78,80,86,93,94" m="50218" machi="48" ten="30,1000,0" yaku="19,1" doraHai="95" who="3" fromWho="0" sc="250,-10,250,0,250,0,250,10" /><INIT seed="1,0,0,3,3,3" ten="240,250,250,260" oya="1" hai0="34,65,132,85,41,89,114,105,103,44,18,49,70" hai1="31,134,42,96,112,128,117,19,108,21,9,53,106" hai2="4,26,11,126,77,120,22,33,52,25,30,43,92" hai3="88,28,1,74,87,64,115,6,83,81,23,125,133"/><U71/><E71/><V35/><F120/><W76/><G115/><T58/><D34/><U59/><E117/><V113/><F113/><W93/><G64/><T29/><D29/><U50/><E112/><V63/><F126/><W86/><G125/><T82/><D114/><U110/><E128/><V124/><F124/><W62/><G62/><T94/><D132/><U95/><E106/><V57/><F43/><W16/><G133/><T48/><D70/><U13/><E42/><V51/><F77/><W107/><G28/><T67/><D105/><U38/><E38/><V104/><F104/><W122/><G107/><T14/><D103/><U127/><E127/><V111/><F111/><W129/><G129/><T131/><D82/><U17/><E31/><V119/><F119/><W46/><G46/><T39/><D131/><U36/><E36/><V8/><F8/><W27/><G122/><T20/><D39/><U61/><E50/><V10/><F10/><W37/><G37/><T73/><D73/><U80/><E80/><V109/><F109/><N who="1" m="42089" /><E134/><V12/><F92/><W69/><G69/><T47/><REACH who="0" step="1"/><D58/><REACH who="0" ten="230,250,250,260" step="2"/><U100/><E21/><V66/><F26/><W123/><G123/><T84/><D84/><U0/><E0/><V130/><F130/><W98/><REACH who="3" step="1"/><G83/><REACH who="3" ten="230,250,250,250" step="2"/><T32/><D32/><U55/><E55/><AGARI ba="0,2" hai="14,18,20,41,44,47,48,49,55,65,67,85,89,94" machi="55" ten="30,3900,0" yaku="1,1,7,1,8,1,53,0" doraHai="3" doraHaiUra="101" who="0" fromWho="1" sc="230,59,250,-39,250,0,250,0" /><INIT seed="2,0,0,1,3,81" ten="289,211,250,250" oya="2" hai0="6,91,43,39,110,74,69,97,123,106,11,88,37" hai1="22,102,41,122,19,8,134,79,26,68,7,131,119" hai2="21,16,83,53,9,65,61,124,31,1,125,128,75" hai3="135,60,15,120,62,57,98,114,99,58,129,63,54"/><V111/><F128/><W4/><G120/><T105/><D74/><U35/><E119/><V32/><F32/><W115/><G129/><T72/><D72/><U67/><E131/><V12/><F111/><W5/><G135/><T71/><D123/><U0/><E67/><V95/><F53/><W86/><G86/><T66/><D110/><U56/><E68/><V52/><F95/><W94/><G15/><T25/><D25/><U30/><E79/><N who="2" m="44543" /><F1/><W20/><G20/><T17/><D17/><U127/><E56/><N who="3" m="21610" /><G54/><T42/><D97/><N who="3" m="36873" /><G94/><T77/><D11/><U14/><E122/><V13/><F52/><W73/><G73/><T87/><D77/><U29/><E134/><V132/><F31/><W45/><G45/><T85/><REACH who="0" step="1"/><D66/><REACH who="0" ten="279,211,250,250" step="2"/><U117/><E117/><V51/><F132/><W107/><G107/><T90/><D90/><U126/><E102/><V44/><F65/><W84/><G84/><T38/><D38/><U96/><E96/><V2/><F9/><W70/><G70/><T103/><D103/><U64/><E64/><V78/><F78/><W48/><G48/><T121/><D121/><U46/><REACH who="1" step="1"/><E30/><REACH who="1" ten="279,201,250,250" step="2"/><V24/><F125/><W50/><G50/><AGARI ba="0,2" hai="0,7,8,14,19,22,26,29,35,41,46,50,126,127" machi="50" ten="40,8000,1" yaku="1,1,2,1,24,2,53,0" doraHai="81" doraHaiUra="92" who="1" fromWho="3" sc="279,0,201,100,250,0,250,-80" /><INIT seed="3,0,0,1,2,45" ten="279,301,250,170" oya="3" hai0="100,12,80,78,126,94,4,72,15,68,22,29,104" hai1="2,134,0,34,119,5,32,73,87,13,92,86,125" hai2="24,81,95,110,55,69,101,118,111,107,40,58,70" hai3="117,130,120,49,18,60,64,36,133,28,82,76,51"/><W85/><G117/><T75/><D68/><U61/><E73/><V116/><F107/><W21/><G36/><T37/><D37/><U39/><E39/><V1/><F1/><W127/><G120/><T56/><D126/><U132/><E61/><N who="2" m="36063" /><F81/><W57/><G127/><T33/><D33/><U27/><E92/><V44/><F24/><W91/><G130/><T121/><D121/><U96/><E96/><V20/><F20/><W106/><G106/><T63/><D104/><U71/><E71/><N who="2" m="27147" /><F95/><W17/><G133/><T38/><D38/><U99/><E99/><V115/><F101/><W47/><G47/><T25/><D75/><U35/><E87/><V53/><F40/><W6/><G6/><T109/><D4/><U52/><E86/><V128/><F128/><W50/><G76/><T8/><D8/><N who="1" m="4239" /><E125/><V113/><F53/><W79/><G79/><T9/><D100/><U131/><E52/><V93/><F44/><W23/><G23/><T65/><D94/><U74/><E74/><V54/><F54/><W62/><G62/><T67/><D80/><U16/><E131/><V90/><F93/><W10/><G10/><T66/><D9/><U135/><E119/><N who="2" m="45611" /><F90/><W122/><G122/><T46/><D72/><U42/><E42/><V59/><F59/><W83/><G83/><T123/><D78/><U11/><E11/><V102/><F102/><W97/><G97/><T89/><D89/><U105/><E105/><V19/><F19/><W48/><N who="3" m="12288" /><DORA hai="41" /><W14/><G18/><T114/><D46/><U112/><E112/><AGARI ba="0,0" hai="110,111,112,113,115" m="45611,27147,36063" machi="112" ten="40,2600,0" yaku="34,2" doraHai="45,41" who="2" fromWho="1" sc="279,0,301,-26,250,26,170,0" /><INIT seed="4,0,0,0,4,25" ten="279,275,276,170" oya="0" hai0="113,35,42,106,95,2,88,49,38,120,104,78,103" hai1="133,14,9,68,67,91,45,124,16,119,94,22,74" hai2="23,60,98,8,87,114,33,34,122,135,117,112,0" hai3="105,110,7,96,11,12,125,29,15,5,50,132,52"/><T72/><D120/><U85/><E74/><V69/><F122/><W30/><G110/><T92/><D2/><U97/><E119/><V99/><F117/><W131/><G125/><T4/><D4/><U90/><E124/><V1/><F87/><W17/><G131/><T73/><D35/><U64/><E68/><V61/><F23/><W48/><G132/><T83/><D38/><U13/><E45/><V82/><F82/><W20/><G5/><T126/><D126/><U56/><E56/><V21/><F21/><W3/><G3/><T107/><D49/><U19/><E133/><V10/><REACH who="2" step="1"/><F69/><REACH who="2" ten="279,275,266,170" step="2"/><W24/><G24/><T134/><D134/><AGARI ba="0,1" hai="0,1,8,10,33,34,60,61,98,99,112,114,134,135" machi="134" ten="25,12000,2" yaku="1,1,2,1,22,2,53,2" doraHai="25" doraHaiUra="32" who="2" fromWho="0" sc="279,-120,275,0,266,130,170,0" /><INIT seed="5,0,0,4,1,47" ten="159,275,396,170" oya="1" hai0="97,20,5,43,75,39,10,21,59,85,114,104,118" hai1="116,46,12,132,91,19,9,34,44,32,80,135,93" hai2="0,67,27,131,127,113,35,51,50,18,25,23,69" hai3="87,96,133,55,120,58,122,112,129,94,11,78,38"/><U37/><E116/><V42/><F0/><W106/><G38/><T103/><D114/><U79/><E34/><V41/><F113/><W30/><G112/><T121/><D118/><U74/><E32/><V76/><F76/><W57/><G129/><T8/><D121/><U17/><E17/><V7/><F7/><W4/><G30/><T52/><D75/><U73/><E73/><V2/><F2/><W64/><G133/><T99/><D10/><U1/><E1/><V36/><F36/><W83/><G106/><T115/><D115/><U119/><E119/><V24/><F131/><W105/><G105/><T84/><D99/><U81/><E81/><V62/><F127/><W66/><G58/><T48/><D85/><U102/><E102/><V107/><F107/><W128/><G128/><T98/><D98/><U82/><E82/><V28/><REACH who="2" step="1"/><F27/><REACH who="2" ten="159,275,386,170" step="2"/><W117/><G117/><T86/><D86/><N who="1" m="52471" /><E37/><V53/><F53/><W108/><G122/><T72/><D72/><U123/><E123/><V61/><F61/><W22/><G120/><T111/><D84/><U70/><E70/><V3/><F3/><W14/><G4/><T65/><D65/><U109/><E109/><V54/><F54/><W40/><G108/><T134/><D111/><U110/><E110/><V49/><AGARI ba="0,1" hai="18,23,24,25,28,35,41,42,49,50,51,62,67,69" machi="49" ten="30,8000,1" yaku="1,1,0,1,52,3,53,0" doraHai="47" doraHaiUra="100" who="2" fromWho="2" sc="159,-20,275,-40,386,90,170,-20" /><INIT seed="6,0,0,0,0,12" ten="139,235,476,150" oya="2" hai0="11,114,44,1,60,75,51,41,76,14,82,3,62" hai1="40,45,131,18,132,42,86,81,122,5,109,36,102" hai2="4,117,74,0,43,110,17,54,56,58,28,108,2" hai3="16,107,50,67,127,7,27,24,93,111,8,130,39"/><V47/><F117/><W68/><G111/><N who="2" m="42537" /><F74/><W79/><G107/><T37/><D114/><U99/><E131/><V20/><F28/><W103/><G39/><T101/><D101/><U29/><E132/><V135/><F135/><W94/><G79/><T90/><D90/><U97/><E5/><V65/><F65/><W89/><G130/><T57/><D37/><U33/><E42/><V87/><F87/><W126/><G103/><T15/><D15/><U120/><E29/><V78/><F78/><W10/><G50/><T95/><D95/><U52/><E33/><V71/><F71/><W32/><G68/><T88/><D88/><U85/><E109/><V105/><F105/><W84/><G67/><T73/><D73/><U26/><E97/><V119/><F119/><W35/><G84/><T63/><D57/><U80/><E86/><V113/><F113/><W96/><G96/><T19/><REACH who="0" step="1"/><D41/><REACH who="0" ten="129,235,476,150" step="2"/><U22/><E85/><V77/><F58/><W48/><G89/><T98/><D98/><U23/><E81/><V13/><F77/><W30/><G94/><T38/><D38/><U25/><E80/><V59/><F59/><W125/><G93/><T104/><D104/><U61/><E99/><V115/><F115/><W70/><G70/><T46/><D46/><U53/><E102/><V116/><F47/><W21/><G127/><T121/><D121/><U91/><E91/><V9/><F43/><W83/><G126/><T133/><D133/><U66/><E120/><V129/><F129/><W123/><G123/><T118/><D118/><U112/><E122/><V49/><F116/><RYUUKYOKU ba="0,1" sc="129,15,235,-15,476,15,150,-15" hai0="1,3,11,14,19,44,51,60,62,63,75,76,82" hai2="0,2,4,9,13,17,20,49,54,56" /><INIT seed="6,1,1,3,2,112" ten="144,220,491,135" oya="2" hai0="111,96,134,45,44,53,59,34,77,84,133,11,36" hai1="66,125,115,71,42,18,92,69,128,79,87,7,80" hai2="105,99,116,21,49,3,47,122,39,126,89,15,82" hai3="60,78,91,119,130,28,50,17,75,23,65,131,129"/><V70/><F122/><W2/><G2/><T25/><D111/><U27/><E115/><V110/><F3/><W31/><G50/><T108/><D108/><U14/><E125/><V63/><F110/><W57/><G91/><T61/><D96/><U107/><E107/><V55/><F116/><W37/><G37/><T51/><D11/><U1/><E128/><V73/><F126/><W10/><G10/><T6/><D6/><U54/><E66/><V5/><F39/><W24/><REACH who="3" step="1"/><G119/><REACH who="3" ten="144,220,491,125" step="2"/><T127/><D127/><U74/><E1/><V101/><F49/><W132/><G132/><N who="0" m="50795" /><D36/><U19/><E7/><V95/><F5/><W46/><G46/><T58/><D45/><U29/><E42/><V121/><F47/><W135/><G135/><T90/><D77/><U94/><E79/><V68/><F89/><W81/><AGARI ba="1,2" hai="17,23,24,28,31,57,60,65,75,78,81,129,130,131" machi="81" ten="40,8000,1" yaku="1,1,0,1,19,1,53,1" doraHai="112" doraHaiUra="52" who="3" fromWho="3" sc="144,-21,220,-21,491,-41,125,103" /><INIT seed="7,0,0,4,2,96" ten="123,199,450,228" oya="3" hai0="64,116,121,75,115,94,92,51,100,21,18,89,28" hai1="68,23,59,16,45,79,71,65,40,129,78,124,105" hai2="83,38,123,127,61,52,14,98,99,72,112,35,63" hai3="49,119,55,60,91,88,82,43,19,7,50,120,74"/><W97/><G119/><T77/><D116/><U106/><E105/><V133/><F38/><W46/><G120/><T110/><D121/><U47/><E106/><V44/><F123/><W9/><G60/><T95/><D110/><U24/><E68/><V69/><F35/><W80/><G19/><T66/><D115/><U6/><E71/><V0/><F0/><W11/><G74/><T54/><D28/><U34/><E34/><V109/><F109/><W90/><G97/><T56/><D75/><U103/><E124/><V2/><F2/><W132/><G132/><T15/><D77/><U84/><E129/><V114/><F133/><W113/><G113/><N who="2" m="43625" /><F127/><W70/><G70/><T102/><D66/><U81/><E6/><V17/><F72/><W36/><G36/><T30/><D30/><U135/><E135/><V104/><F83/><N who="3" m="31787" /><G7/><T130/><D130/><U20/><E78/><V107/><F107/><W134/><G134/><T3/><D3/><U27/><E40/><V5/><F5/><W22/><G22/><T53/><D64/><U131/><E131/><V122/><F122/><W76/><G76/><T118/><D118/><U39/><E39/><V117/><F117/><W41/><G41/><T37/><D37/><U26/><E26/><V10/><F104/><W58/><AGARI ba="0,0" hai="9,11,43,46,49,50,55,58,88,90,91" m="31787" machi="58" ten="30,3000,0" yaku="8,1,54,1" doraHai="96" who="3" fromWho="3" sc="123,-10,199,-10,450,-10,228,30" /><INIT seed="7,1,0,2,5,31" ten="113,189,440,258" oya="3" hai0="79,61,8,92,38,48,55,26,64,27,60,110,102" hai1="127,124,34,122,75,9,109,131,112,104,128,2,24" hai2="14,37,50,29,40,98,126,85,39,68,113,36,117" hai3="105,125,5,4,18,101,119,111,49,46,80,120,130"/><W72/><G119/><T67/><D38/><U22/><E104/><V30/><F117/><W59/><G120/><T20/><D79/><U93/><E93/><V84/><F68/><W23/><G125/><N who="1" m="48202" /><E75/><V106/><F126/><W76/><G130/><N who="1" m="49706" /><E109/><V135/><F135/><W45/><G111/><T95/><D110/><U56/><E56/><V97/><F113/><W11/><G105/><T90/><D8/><U65/><E65/><V91/><F106/><W62/><G101/><T28/><D27/><U25/><E122/><V81/><F14/><W35/><G59/><T63/><D102/><U121/><E121/><V77/><F30/><W86/><G72/><T115/><D115/><U66/><E66/><V134/><F29/><W19/><G62/><T3/><D3/><U52/><E52/><V78/><F40/><W0/><G46/><T42/><D42/><U69/><E69/><V114/><F50/><W88/><G76/><T32/><D32/><U57/><E57/><V87/><F114/><W96/><G35/><T16/><D28/><N who="1" m="19719" /><E112/><V47/><F47/><W15/><G96/><T10/><D10/><U13/><E2/><V89/><F98/><W73/><G0/><T83/><D83/><U82/><E82/><N who="2" m="47183" /><F97/><W21/><G73/><T51/><D51/><U74/><E74/><V33/><F78/><W118/><G80/><T99/><REACH who="0" step="1"/><D92/><REACH who="0" ten="103,189,440,258" step="2"/><U44/><E25/><V133/><F81/><W7/><G49/><T12/><D12/><U108/><E108/><V103/><F103/><W1/><G1/><T53/><D53/><U132/><E13/><V107/><F39/><RYUUKYOKU ba="1,1" sc="103,30,189,-10,440,-10,258,-10" hai0="16,20,26,48,55,60,61,63,64,67,90,95,99" owari="133,-37.0,179,-22.0,440,54.0,248,5.0" /></mjloggm>