<mjloggm ver="2.3"><GO type="97" lobby="0"/><UN n0="%50%48%59%4F" n1="%E3%82%B1%E3%83%B3%E5%9D%8A" n2="%E3%82%A6%E3%83%AB%E3%83%88%E3%83%A9%E7%AB%8B%E7%9B%B4" n3="%E3%82%BC%E3%83%B3%E3%83%84%E5%90%9B%EF%BC%93%E5%8F%B7" dan="14,15,15,14" rate="1942.71,2003.10,1927.66,1962.61" sx="M,M,M,M"/><TAIKYOKU oya="0"/><INIT seed="0,0,0,1,5,130" ten="250,250,250,250" oya="0" hai0="0,54,12,109,7,96,24,60,128,112,35,115,94" hai1="42,108,83,43,73,14,110,57,50,125,29,117,63" hai2="51,19,123,90,85,45,40,119,129,47,74,120,4" hai3="31,21,20,126,17,22,100,46,2,27,65,13,82"/><T48/><D0/><U68/><E73/><V79/><F74/><W91/><G100/><T25/><D128/><U59/><E29/><V6/><F129/><W103/><G103/><T93/><D60/><U15/><E83/><V9/><F119/><W86/><G65/><T71/><D71/><U62/><E15/><V72/><F120/><W41/><G2/><T124/><D124/><U11/><E11/><V64/><F72/><W104/><G104/><T39/><D39/><U76/><E76/><V23/><F79/><W127/><REACH who="3" step="1"/><G22/><REACH who="3" ten="250,250,250,240" step="2"/><T61/><D35/><U5/><E117/><V36/><F64/><W77/><G77/><T135/><D115/><U92/><E125/><V66/><F66/><W88/><G88/><T131/><D112/><U111/><E68/><V10/><F123/><W37/><AGARI ba="0,1" hai="13,17,20,21,27,31,37,41,46,82,86,91,126,127" machi="37" ten="30,2000,0" yaku="1,1,0,1,53,0" doraHai="130" doraHaiUra="30" who="3" fromWho="3" sc="250,-10,250,-5,250,-5,240,30" /><INIT seed="1,0,0,4,4,35" ten="240,245,245,270" oya="1" hai0="87,16,68,13,114,110,130,24,26,14,55,0,91" hai1="100,115,67,101,106,112,129,39,121,8,60,33,77" hai2="123,83,135,72,66,56,46,63,74,23,15,107,131" hai3="5,105,4,94,102,64,22,47,113,45,95,50,18"/><U71/><E121/><V80/><F107/><W85/><G113/><T19/><D68/><U89/><E39/><V96/><F123/><W124/><G64/><T2/><D55/><U7/><E129/><V3/><F3/><N who="0" m="1066" /><D91/><U81/><E33/><V61/><F131/><W36/><G36/><T21/><D130/><U54/><E8/><V65/><F135/><W122/><G105/><T111/><D87/><U34/><E34/><V29/><F96/><W28/><G85/><T82/><D82/><U42/><E7/><V62/><F62/><W37/><G37/><T69/><D69/><U52/><E42/><V32/><F32/><W12/><G50/><T103/><D103/><U38/><E38/><V70/><F46/><W25/><G102/><T48/><D48/><U104/><E89/><V75/><F83/><W10/><G47/><T17/><D114/><U86/><E115/><V117/><F80/><W73/><G45/><T53/><D53/><U99/><REACH who="1" step="1"/><E112/><REACH who="1" ten="240,235,245,270" step="2"/><V133/><F117/><W30/><G10/><N who="0" m="6199" /><D26/><U57/><E57/><V120/><F56/><W79/><G25/><T116/><D116/><U90/><E90/><V127/><F70/><W58/><G58/><T44/><D44/><U27/><E27/><V97/><F120/><W31/><G122/><T9/><AGARI ba="0,1" hai="9,14,17,19,21,24,110,111" m="6199,1066" machi="9" ten="30,12000,2" yaku="34,2,52,3,54,1" doraHai="35" who="0" fromWho="0" sc="240,130,235,-60,245,-30,270,-30" /><INIT seed="2,0,0,0,1,2" ten="370,175,215,240" oya="2" hai0="76,10,38,77,126,128,119,82,6,127,43,68,116" hai1="25,49,7,69,99,135,130,115,12,28,86,37,40" hai2="129,118,123,80,72,8,60,134,108,18,32,114,89" hai3="59,41,65,26,83,23,92,55,71,34,96,51,113"/><V125/><RYUUKYOKU type="yao9" ba="0,0" sc="370,0,175,0,215,0,240,0" hai2="8,18,32,60,72,80,89,108,114,118,123,125,129,134" /><INIT seed="2,1,0,2,5,92" ten="370,175,215,240" oya="2" hai0="83,47,129,100,18,48,52,131,5,117,103,91,87" hai1="94,105,108,59,97,30,116,61,76,78,134,98,40" hai2="57,101,84,86,121,2,26,88,135,56,93,37,112" hai3="125,58,34,82,0,114,106,3,21,8,71,96,13"/><V127/><F37/><W104/><G71/><T12/><D5/><U126/><E116/><V85/><F2/><W73/><G34/><T95/><D117/><U23/><E134/><V28/><F121/><W64/><G106/><T119/><D119/><U133/><E126/><V6/><F112/><W132/><G125/><T77/><D129/><U53/><E108/><V25/><F127/><W68/><G68/><T118/><D131/><U39/><E133/><V102/><F6/><W81/><G21/><N who="0" m="11463" /><D118/><U29/><E39/><V115/><F115/><W14/><G14/><T15/><D15/><U60/><E40/><V89/><F135/><W65/><G65/><T51/><D51/><N who="1" m="31167" /><E105/><V130/><F130/><W46/><G46/><T113/><D113/><U80/><E94/><N who="2" m="54535" /><F86/><AGARI ba="1,0" hai="47,48,52,77,83,86,87,91,95,100,103" m="11463" machi="86" ten="30,2000,0" yaku="8,1,54,1" doraHai="92" who="0" fromWho="2" sc="370,23,175,0,215,-23,240,0" /><INIT seed="3,0,0,4,3,120" ten="393,175,192,240" oya="3" hai0="1,72,84,106,115,43,102,83,119,41,39,91,105" hai1="51,88,19,63,107,24,49,32,96,44,45,85,16" hai2="125,108,59,6,2,66,81,122,73,67,97,110,127" hai3="5,17,69,124,26,134,33,131,10,74,77,114,82"/><W86/><G114/><T20/><D1/><U7/><E7/><V118/><F118/><W132/><G69/><T116/><D20/><U128/><E128/><V34/><F34/><W104/><G104/><N who="0" m="40043" /><D43/><U29/><E107/><V76/><F97/><W93/><G131/><T71/><D41/><U28/><E96/><V13/><F2/><W129/><G129/><T50/><D50/><N who="1" m="18955" /><E32/><V4/><F122/><W3/><G33/><T62/><D62/><U54/><E24/><V21/><F6/><W55/><G55/><T57/><D57/><N who="1" m="35255" /><E29/><V48/><F48/><W70/><G93/><N who="0" m="54503" /><D39/><U68/><E68/><V65/><F59/><W89/><G70/><T31/><D31/><U36/><E28/><V35/><F35/><W126/><G26/><T14/><D14/><U80/><E36/><V133/><F133/><W113/><G134/><T47/><D47/><AGARI ba="0,0" hai="16,19,44,45,47,80,85,88" m="35255,18955" machi="47" ten="30,3900,0" yaku="8,1,54,2" doraHai="120" who="1" fromWho="0" sc="393,-39,175,39,192,0,240,0" owari="354,46.0,214,-19.0,192,-31.0,240,4.0" /></mjloggm>