<mjloggm ver="2.3"><GO type="169" lobby="0"/><UN n0="%E3%82%A6%E3%83%AB%E3%83%88%E3%83%A9%E7%AB%8B%E7%9B%B4" n1="%7A%6B%75%72%74" n2="%E3%83%95%E3%83%AA%E3%83%86%E3%83%B3" n3="%E3%81%98%E3%82%83%E3%82%93%E3%81%90%E3%82%8B" dan="16,17,16,16" rate="2038.79,2215.25,2080.06,2053.26" sx="M,M,M,M"/><TAIKYOKU oya="0"/><INIT seed="0,0,0,3,2,72" ten="250,250,250,250" oya="0" hai0="55,16,34,10,2,93,61,84,86,24,41,83,89" hai1="64,63,42,68,48,46,57,94,52,106,31,91,128" hai2="88,5,18,1,96,17,121,102,104,124,70,62,12" hai3="127,131,26,50,9,53,54,114,107,74,43,76,109"/><T129/><D129/><U25/><E128/><V73/><F121/><W6/><G107/><T75/><D75/><U60/><E106/><V29/><F124/><W0/><G127/><T14/><D2/><U135/><E135/><V36/><F36/><W113/><G131/><T58/><D41/><U38/><E63/><V115/><F73/><W97/><G97/><T116/><D116/><U81/><E81/><V130/><F115/><W78/><G74/><T119/><D119/><U112/><E112/><V51/><F29/><W7/><G26/><T65/><D65/><U28/><E25/><V111/><F1/><W37/><G37/><T69/><D69/><U132/><E132/><V71/><F111/><W79/><G109/><T82/><REACH who="0" step="1"/><D86/><AGARI ba="0,0" hai="28,31,38,42,46,48,52,57,60,64,68,86,91,94" machi="86" ten="30,7700,0" yaku="7,1,24,2,54,1" doraHai="72" who="1" fromWho="0" sc="250,-77,250,77,250,0,250,0" /><INIT seed="1,0,0,1,5,81" ten="173,327,250,250" oya="1" hai0="6,134,19,34,16,124,58,18,10,52,12,36,116" hai1="15,85,2,128,103,24,59,97,43,113,76,102,117" hai2="89,22,7,26,91,48,11,121,119,78,54,60,13" hai3="17,45,51,5,4,109,92,71,106,31,132,127,86"/><U69/><E69/><V88/><F119/><W55/><G106/><T79/><D36/><U61/><E2/><V67/><F121/><W66/><G31/><T57/><D116/><U84/><E113/><V64/><F78/><W115/><G115/><T80/><D34/><U129/><E117/><V93/><F93/><W77/><G132/><T133/><D124/><U50/><E76/><V112/><F60/><W0/><G0/><T20/><D20/><U101/><E97/><V126/><F126/><W46/><G46/><T87/><REACH who="0" step="1"/><D58/><REACH who="0" ten="163,327,250,250" step="2"/><U1/><E128/><V8/><F112/><W104/><G127/><T108/><D108/><U14/><E129/><V53/><F11/><W73/><G109/><T23/><D23/><U94/><E1/><V9/><F8/><W39/><G39/><T56/><D56/><U83/><E24/><V120/><F120/><W99/><G45/><T96/><D96/><U118/><E118/><V47/><REACH who="2" step="1"/><F53/><REACH who="2" ten="163,327,240,250" step="2"/><W28/><G55/><T38/><D38/><U29/><E43/><V131/><F131/><W63/><G73/><T130/><D130/><U95/><E29/><AGARI ba="0,2" hai="7,9,13,22,26,29,47,48,54,64,67,88,89,91" machi="29" ten="40,5200,0" yaku="1,1,8,1,54,1,53,0" doraHai="81" doraHaiUra="65" who="2" fromWho="1" sc="163,0,327,-52,240,72,250,0" /><INIT seed="2,0,0,3,0,118" ten="163,275,312,250" oya="2" hai0="4,132,90,86,104,125,130,133,88,36,117,24,2" hai1="110,66,62,50,67,69,127,42,111,128,3,52,74" hai2="99,77,9,14,71,75,26,57,6,120,15,102,103" hai3="55,25,44,68,20,70,63,34,108,76,82,10,37"/><V7/><F71/><W59/><G34/><T87/><D36/><U124/><E74/><V114/><F114/><W22/><G22/><T85/><D104/><U30/><E30/><V113/><F113/><W73/><G10/><N who="0" m="2327" /><D24/><U123/><E3/><V38/><F38/><W119/><G119/><T21/><D21/><U11/><E11/><V51/><F77/><W135/><G135/><N who="0" m="51787" /><D117/><U72/><E72/><V89/><F26/><W16/><G108/><N who="1" m="41514" /><E128/><V107/><F9/><W32/><G32/><T126/><D130/><U23/><E23/><V94/><F107/><W65/><G65/><T122/><D122/><U17/><E17/><V97/><F120/><W56/><G56/><T39/><D39/><U98/><E98/><V95/><F57/><W121/><REACH who="3" step="1"/><G121/><REACH who="3" ten="163,275,312,240" step="2"/><T60/><D60/><N who="1" m="40167" /><E123/><V134/><F134/><W27/><G27/><T41/><D41/><AGARI ba="0,1" hai="16,20,25,37,41,44,55,59,63,68,70,73,76,82" machi="41" ten="40,2600,0" yaku="1,1,54,1,53,0" doraHai="118" doraHaiUra="33" who="3" fromWho="0" sc="163,-26,275,0,312,0,240,36" /><INIT seed="3,0,0,0,4,39" ten="137,275,312,276" oya="3" hai0="50,40,15,129,83,116,78,68,13,57,53,103,54" hai1="74,112,20,108,36,133,87,41,66,107,119,101,99" hai2="45,33,28,26,64,125,4,84,76,19,51,88,27" hai3="55,72,35,86,61,79,2,93,95,102,126,117,56"/><W85/><G35/><T90/><D68/><U10/><E74/><V17/><F125/><W104/><G2/><T37/><D116/><U63/><E112/><V115/><F115/><W113/><G113/><T128/><D103/><U92/><E119/><V111/><F111/><W14/><G117/><T43/><D90/><U38/><E108/><V16/><F4/><W131/><G72/><N who="0" m="43463" /><D37/><U127/><E127/><V110/><F64/><W80/><G126/><T11/><D54/><U70/><E10/><V47/><F76/><W6/><G104/><T69/><D69/><U22/><E36/><V3/><F3/><W96/><G131/><N who="0" m="50251" /><D13/><U23/><E87/><V120/><F110/><W48/><G86/><T59/><D59/><U0/><E0/><V122/><F27/><W97/><G14/><T114/><D114/><U109/><E109/><V30/><F47/><W121/><G121/><N who="2" m="46697" /><F26/><W60/><G6/><AGARI ba="0,0" hai="6,11,15,40,43,50,53,57" m="50251,43463" machi="6" ten="30,3900,0" yaku="19,1,52,2" doraHai="39" who="0" fromWho="3" sc="137,39,275,0,312,0,276,-39" /><INIT seed="4,0,0,3,1,6" ten="176,275,312,237" oya="0" hai0="131,91,116,128,92,46,73,119,57,60,124,3,0" hai1="22,49,44,117,65,107,96,85,79,69,126,125,51" hai2="72,89,11,42,94,100,56,90,104,20,88,8,122" hai3="21,98,105,74,1,110,133,5,39,4,30,52,55"/><T53/><D73/><U14/><E117/><N who="0" m="45129" /><D46/><U32/><E32/><V67/><F122/><W12/><G74/><T132/><D124/><N who="1" m="47723" /><E65/><V120/><F104/><W37/><G105/><T59/><D132/><U17/><E69/><V87/><F72/><W135/><G98/><T16/><D16/><BYE who="0" /><U109/><E109/><V134/><F134/><W63/><G110/><T18/><D18/><U108/><E108/><V115/><F100/><W84/><G84/><T54/><D54/><U10/><E22/><V29/><F42/><W70/><G21/><T127/><D127/><U93/><E107/><V41/><F41/><W13/><G70/><T118/><D118/><U123/><E123/><V36/><F36/><W78/><G63/><T97/><D97/><U130/><E130/><V58/><F120/><W81/><G81/><T2/><D2/><U28/><E28/><V38/><F29/><W83/><G30/><T114/><D114/><U62/><E62/><V103/><F115/><W102/><G83/><T26/><D26/><U106/><E106/><V121/><F20/><W35/><G35/><T9/><D9/><N who="2" m="3658" /><F38/><W68/><G68/><T34/><D34/><U23/><E23/><V86/><F121/><W71/><G71/><T66/><D66/><U47/><E47/><V48/><F67/><W27/><G1/><T76/><D76/><U101/><E44/><V33/><F33/><W129/><G78/><T7/><D7/><U61/><E61/><V24/><F24/><W19/><G102/><T113/><D113/><U95/><E79/><V15/><F56/><UN n0="%E3%82%A6%E3%83%AB%E3%83%88%E3%83%A9%E7%AB%8B%E7%9B%B4" /><W25/><G129/><RYUUKYOKU ba="0,0" sc="176,-15,275,15,312,-15,237,15" hai1="10,14,17,49,51,85,93,95,96,101" hai3="4,5,12,13,19,25,27,37,39,52,55,133,135" /><INIT seed="5,1,0,3,2,65" ten="161,290,297,252" oya="1" hai0="110,46,119,19,71,107,112,37,61,64,125,0,78" hai1="57,81,93,131,34,116,6,103,40,21,73,104,23" hai2="83,4,118,76,52,7,20,18,13,1,10,38,87" hai3="72,62,86,126,14,53,41,95,88,115,45,132,82"/><U59/><E34/><V120/><F120/><W123/><G123/><T99/><D119/><U90/><E116/><V24/><F118/><W8/><G132/><T39/><D19/><U114/><E114/><V49/><F38/><N who="0" m="14346" /><D46/><U16/><E40/><V66/><F66/><W25/><G115/><T102/><D110/><U36/><E36/><V98/><F98/><W22/><G41/><T109/><D109/><U69/><E6/><N who="2" m="3287" /><F1/><W63/><G72/><T27/><D112/><U51/><E23/><V89/><F89/><W43/><G43/><T108/><D108/><U67/><E104/><V128/><F128/><W80/><G126/><T106/><D125/><U124/><E131/><V3/><F3/><W28/><G63/><T44/><D44/><AGARI ba="1,0" hai="4,7,18,20,24,44,49,52,76,83,87" m="3287" machi="44" ten="30,2000,0" yaku="8,1,54,1" doraHai="65" who="2" fromWho="0" sc="161,-23,290,0,297,23,252,0" /><INIT seed="6,0,0,0,1,129" ten="138,290,320,252" oya="2" hai0="58,36,119,60,85,14,2,68,133,84,76,83,135" hai1="34,3,6,123,90,118,112,4,24,45,102,130,37" hai2="121,49,59,53,51,110,62,82,96,71,25,125,17" hai3="105,32,101,20,12,29,11,23,46,99,70,114,27"/><V113/><F121/><W117/><G117/><T55/><D2/><U10/><E118/><V78/><F113/><W94/><G114/><T134/><D119/><U26/><E112/><V44/><F71/><W63/><G46/><T1/><D1/><U79/><E123/><V50/><F125/><W69/><G69/><T116/><D116/><U91/><E102/><V127/><F127/><W131/><G94/><T104/><D104/><U126/><E126/><V74/><F110/><W88/><G88/><T0/><D0/><U21/><E6/><V19/><F96/><W65/><REACH who="3" step="1"/><G131/><REACH who="3" ten="138,290,320,242" step="2"/><T108/><D108/><U42/><E130/><V100/><F44/><W107/><G107/><T64/><D36/><U38/><E38/><V56/><F100/><W7/><AGARI ba="0,1" hai="7,11,12,20,23,27,29,32,63,65,70,99,101,105" machi="7" ten="20,12000,2" yaku="1,1,0,1,7,1,25,2,53,1" doraHai="129" doraHaiUra="57" who="3" fromWho="3" sc="138,-30,290,-30,320,-60,242,130" /><INIT seed="7,0,0,3,5,79" ten="108,260,260,372" oya="3" hai0="30,28,80,111,90,74,94,91,4,88,65,100,102" hai1="98,22,82,8,96,5,29,18,53,67,104,38,72" hai2="122,76,0,121,131,36,71,16,34,69,124,40,103" hai3="2,45,9,24,101,134,108,83,55,87,127,12,112"/><W89/><G2/><T132/><D4/><U39/><E29/><V120/><F124/><W46/><G127/><T62/><D62/><U130/><E130/><V44/><F131/><W123/><G123/><T48/><D48/><U135/><E67/><V42/><F0/><W68/><G68/><N who="2" m="26185" /><F76/><W27/><G108/><T20/><D20/><U117/><E117/><V31/><F103/><N who="0" m="39466" /><D111/><U21/><E104/><V32/><F31/><W23/><G101/><T115/><D65/><U84/><E72/><V85/><F85/><W35/><G35/><N who="2" m="13353" /><F42/><W75/><G27/><T14/><D14/><U129/><E129/><V41/><F41/><W3/><G12/><T77/><D30/><U56/><E22/><V113/><F113/><W70/><G112/><T119/><D28/><U19/><E19/><AGARI ba="0,0" hai="16,19,36,40,44,120,121,122" m="13353,26185" machi="19" ten="40,2600,0" yaku="13,1,54,1" doraHai="79" who="2" fromWho="1" sc="108,0,260,-26,260,26,372,0" owari="108,-39.0,234,-17.0,286,9.0,372,47.0" /></mjloggm>