<mjloggm ver="2.3"><GO type="97" lobby="0"/><UN n0="%6E%65%6B%6F%33%31" n1="%E3%82%A6%E3%83%AB%E3%83%88%E3%83%A9%E7%AB%8B%E7%9B%B4" n2="%E3%82%B9%E3%83%86%E3%83%B3%E3%83%AC%E3%82%B9%E3%83%A2%E3%83%A2" n3="%E9%9B%80%E8%8D%98%E3%82%AA%E3%83%BC%E3%83%8A%E3%83%BC" dan="15,14,13,14" rate="2042.16,1906.95,1867.21,1903.83" sx="F,M,F,M"/><TAIKYOKU oya="0"/><INIT seed="0,0,0,1,0,15" ten="250,250,250,250" oya="0" hai0="8,67,113,61,78,16,112,20,124,68,105,42,89" hai1="123,1,4,80,108,44,65,128,104,45,133,55,32" hai2="0,39,102,135,29,41,10,76,86,35,120,7,12" hai3="28,90,47,100,58,53,56,106,127,11,96,25,97"/><T130/><D105/><U27/><E123/><V52/><F120/><W118/><G118/><T64/><D130/><U50/><E128/><V43/><F135/><W21/><G127/><T121/><D121/><U37/><E104/><V117/><F117/><W94/><G11/><T46/><D124/><U82/><E133/><V122/><F122/><W92/><G106/><T23/><D78/><U49/><E37/><V98/><F39/><W77/><G77/><T107/><D107/><U74/><E108/><V9/><F35/><W18/><G28/><T110/><D110/><U66/><E74/><V6/><F29/><W134/><G134/><T2/><D67/><U31/><E4/><V91/><F52/><W84/><G84/><T116/><D116/><U48/><E1/><V126/><F126/><W73/><G73/><T132/><D132/><U72/><E50/><AGARI ba="0,0" hai="18,21,25,47,50,53,56,58,90,92,94,96,97,100" machi="50" ten="40,2600,0" yaku="8,1,52,1" doraHai="15" who="3" fromWho="1" sc="250,0,250,-26,250,0,250,26" /><INIT seed="1,0,0,2,5,72" ten="250,224,250,276" oya="1" hai0="89,53,64,133,126,8,75,93,113,3,122,37,108" hai1="66,28,15,98,92,39,70,112,9,102,88,5,42" hai2="71,110,32,46,25,47,123,4,135,54,78,57,43" hai3="130,111,79,29,65,119,10,77,17,87,50,44,121"/><U23/><E112/><V85/><F123/><W86/><G121/><T104/><RYUUKYOKU type="yao9" ba="0,0" sc="250,0,224,0,250,0,276,0" hai0="3,8,37,53,64,75,89,93,104,108,113,122,126,133" /><INIT seed="1,1,0,1,3,79" ten="250,224,250,276" oya="1" hai0="20,76,83,21,6,26,59,88,7,19,92,98,108" hai1="103,87,130,17,93,84,60,132,124,45,5,116,35" hai2="15,115,94,70,134,75,52,4,135,31,72,24,117" hai3="131,113,110,58,50,22,57,65,44,34,16,46,77"/><U23/><E35/><V49/><F117/><W125/><G113/><T27/><D108/><U102/><E116/><V55/><F70/><W11/><G34/><T114/><D59/><U107/><E107/><V61/><F115/><W78/><G110/><T29/><REACH who="0" step="1"/><D114/><REACH who="0" ten="240,224,250,276" step="2"/><U118/><E118/><V85/><F61/><W56/><G58/><T54/><D54/><U121/><E121/><V126/><F126/><W38/><G57/><T105/><D105/><U95/><E124/><V68/><F68/><W25/><G125/><T33/><D33/><U64/><E60/><V133/><F55/><N who="3" m="31863" /><G65/><T10/><D10/><U48/><E64/><V12/><F4/><W71/><G71/><T96/><D96/><N who="1" m="59663" /><E5/><V66/><F66/><W3/><G11/><T62/><D62/><U51/><E130/><V100/><F15/><W37/><G131/><T91/><D91/><U36/><E132/><V8/><F135/><W111/><G3/><T119/><D119/><U2/><E2/><V43/><F134/><W30/><G38/><T129/><D129/><U0/><E0/><V47/><F133/><W63/><G37/><T104/><D104/><U123/><E123/><V127/><F100/><W128/><G63/><T74/><AGARI ba="1,1" hai="6,7,19,20,21,26,27,29,74,76,83,88,92,98" machi="74" ten="20,8000,1" yaku="1,1,0,1,7,1,52,1,54,1,53,0" doraHai="79" doraHaiUra="97" who="0" fromWho="0" sc="240,93,224,-41,250,-21,276,-21" /><INIT seed="2,0,0,5,1,117" ten="333,183,229,255" oya="2" hai0="71,80,91,63,108,126,77,52,105,129,1,85,9" hai1="97,57,0,98,74,21,125,78,33,99,112,65,64" hai2="40,37,10,13,38,31,29,127,56,39,62,70,68" hai3="46,106,92,8,93,35,110,7,34,5,30,134,94"/><V25/><F127/><W69/><G106/><T116/><D116/><U53/><E33/><V96/><F40/><W41/><G69/><T113/><D113/><U73/><E0/><V36/><F96/><W28/><G110/><T100/><D108/><U122/><E112/><V128/><F128/><W19/><G134/><T66/><D129/><U32/><E32/><V59/><F59/><W20/><G35/><T2/><D126/><U14/><E125/><V54/><N who="2" m="9728" /><DORA hai="76" /><V120/><F120/><W132/><G34/><T49/><D9/><U67/><E122/><V50/><F50/><N who="3" m="26959" /><G132/><T24/><D24/><U43/><E43/><V55/><F55/><W51/><G51/><T135/><D135/><U18/><REACH who="1" step="1"/><E78/><REACH who="1" ten="333,173,229,255" step="2"/><V107/><F107/><W123/><G123/><T44/><D77/><U47/><E47/><V4/><REACH who="2" step="1"/><F29/><REACH who="2" ten="333,173,219,255" step="2"/><N who="3" m="11371" /><G8/><T81/><D105/><U12/><E12/><AGARI ba="0,2" hai="5,7,12,19,20,92,93,94" m="11371,26959" machi="12" ten="30,1000,0" yaku="8,1" doraHai="117,76" who="3" fromWho="1" sc="333,0,173,-10,219,0,255,30" /><INIT seed="3,0,0,3,0,43" ten="333,163,219,285" oya="3" hai0="52,32,130,122,103,71,120,132,15,110,125,62,67" hai1="69,82,37,60,18,56,64,107,112,73,75,117,119" hai2="35,116,5,22,24,54,121,14,85,40,21,3,58" hai3="45,77,55,66,104,2,99,97,65,96,17,48,114"/><W134/><G114/><T4/><D32/><U68/><E107/><V92/><F121/><W13/><G2/><T33/><D33/><U86/><E112/><V83/><F116/><W28/><G134/><T19/><D110/><U81/><E37/><V84/><F40/><W25/><G104/><T1/><D132/><U118/><E18/><V74/><F74/><W61/><G77/><T113/><D113/><U57/><E86/><V98/><F3/><W50/><G50/><T0/><D130/><U100/><E100/><N who="2" m="60487" /><F35/><W51/><G51/><T109/><D109/><U90/><E90/><V126/><F126/><W108/><G108/><T8/><D125/><U87/><E87/><V12/><F5/><W31/><G25/><T115/><D115/><U30/><E30/><N who="3" m="11306" /><G61/><T135/><D135/><U46/><E60/><V131/><F131/><W123/><G123/><T34/><D34/><U91/><E91/><V124/><F124/><W9/><AGARI ba="0,0" hai="9,13,17,45,48,55,65,66,96,97,99" m="11306" machi="9" ten="30,3000,0" yaku="8,1,52,1" doraHai="43" who="3" fromWho="3" sc="333,-10,163,-10,219,-10,285,30" /><INIT seed="3,1,0,4,5,81" ten="323,153,209,315" oya="3" hai0="49,115,64,69,132,12,11,30,32,68,99,102,40" hai1="33,76,101,113,92,107,106,91,58,82,108,46,128" hai2="20,52,63,16,53,79,83,109,31,19,126,17,35" hai3="122,98,45,62,13,105,96,36,118,123,51,116,104"/><W55/><G13/><T3/><D3/><U130/><E33/><V85/><F109/><W22/><G22/><T77/><D77/><U74/><E58/><N who="2" m="35271" /><F126/><W39/><G62/><T100/><D132/><U80/><E46/><V95/><F35/><W133/><G133/><T112/><D49/><U72/><E113/><N who="0" m="43593" /><D40/><U23/><E23/><V127/><F127/><W48/><G55/><T0/><D0/><U88/><E108/><V50/><F95/><W21/><G21/><T120/><D120/><U97/><E128/><V37/><F37/><W14/><G14/><T125/><D68/><U24/><E24/><N who="2" m="14343" /><F31/><W9/><G45/><AGARI ba="1,0" hai="17,19,45,50,53,79,83,85" m="14343,35271" machi="45" ten="30,7700,0" yaku="8,1,52,1,54,2" doraHai="81" who="2" fromWho="3" sc="323,0,153,0,209,80,315,-80" owari="323,42.0,153,-35.0,289,9.0,235,-16.0" /></mjloggm>