<mjloggm ver="2.3"><GO type="169" lobby="0"/><UN n0="%63%69%73%63%69%73" n1="%EF%BC%BC%28%EF%BC%BE%6F%EF%BC%BE%29%EF%BC%8F%E2%98%85" n2="%E3%81%8C%E3%81%A1%E3%82%85%E3%81%86" n3="%E3%82%A6%E3%83%AB%E3%83%88%E3%83%A9%E7%AB%8B%E7%9B%B4" dan="17,16,16,17" rate="2196.96,2062.64,2049.52,2043.59" sx="M,M,M,M"/><TAIKYOKU oya="0"/><INIT seed="0,0,0,1,2,24" ten="250,250,250,250" oya="0" hai0="26,1,34,51,96,111,27,103,122,17,91,63,68" hai1="57,95,41,129,89,22,16,80,29,99,43,112,56" hai2="33,40,121,36,35,2,97,79,52,73,76,30,125" hai3="69,107,86,48,113,20,62,67,92,115,50,94,114"/><T105/><D122/><U72/><E129/><V123/><F125/><W19/><G107/><T120/><D120/><U14/><E112/><V100/><F79/><W5/><G5/><T106/><D106/><U83/><E72/><V98/><F97/><W13/><G86/><T39/><D39/><U21/><E43/><V116/><F116/><W12/><G12/><T101/><D101/><U32/><E32/><V117/><F117/><W65/><G65/><T82/><D1/><U77/><E41/><V7/><F98/><W55/><REACH who="3" step="1"/><G50/><REACH who="3" ten="250,250,250,240" step="2"/><T15/><D51/><U81/><E77/><V49/><F49/><W10/><G10/><T6/><D6/><U74/><E74/><V130/><F7/><W25/><G25/><AGARI ba="0,1" hai="14,16,21,22,25,29,56,57,80,81,83,89,95,99" machi="25" ten="40,5200,0" yaku="8,1,52,1,54,1" doraHai="24" who="1" fromWho="3" sc="250,0,250,62,250,0,240,-52" /><INIT seed="1,0,0,5,5,116" ten="250,312,250,188" oya="1" hai0="107,82,125,76,111,89,95,65,85,14,66,94,87" hai1="100,69,25,72,23,2,45,27,29,96,7,55,71" hai2="40,133,78,50,49,58,81,77,53,11,0,9,31" hai3="68,64,113,47,22,36,38,115,135,86,123,4,8"/><U97/><E72/><V99/><F31/><W79/><G22/><T110/><D14/><U15/><E2/><V128/><F128/><W102/><G86/><N who="0" m="48455" /><D65/><U122/><E122/><V46/><F133/><W51/><G79/><T93/><D66/><U114/><E114/><N who="3" m="43530" /><G102/><T98/><D125/><U19/><E7/><V21/><F0/><W130/><G8/><T101/><D87/><U60/><E27/><V84/><F78/><W41/><G4/><T42/><D42/><U20/><E97/><V34/><F34/><W52/><G130/><T91/><D91/><U16/><E29/><V12/><F99/><W127/><G127/><T67/><D67/><U70/><E45/><V10/><REACH who="2" step="1"/><F21/><REACH who="2" ten="250,312,240,188" step="2"/><W90/><G135/><T33/><D33/><U62/><REACH who="1" step="1"/><E55/><REACH who="1" ten="250,302,240,188" step="2"/><V59/><F59/><W39/><G52/><T37/><D37/><U131/><E131/><V132/><F132/><W73/><G39/><T126/><D126/><U26/><E26/><V44/><F44/><W121/><G38/><T54/><D54/><U43/><E43/><V61/><F61/><W18/><G36/><T32/><D32/><U24/><E24/><V17/><AGARI ba="0,2" hai="9,10,11,12,17,40,46,49,50,53,58,77,81,84" machi="17" ten="20,5200,0" yaku="1,1,0,1,7,1,8,1,53,0" doraHai="116" doraHaiUra="108" who="2" fromWho="2" sc="250,-13,302,-26,240,72,188,-13" /><INIT seed="2,0,0,0,1,54" ten="237,276,312,175" oya="2" hai0="48,74,27,123,93,42,124,120,126,58,28,97,61" hai1="60,57,114,117,130,39,105,127,115,1,89,15,7" hai2="16,32,70,36,49,9,128,30,118,69,0,44,81" hai3="133,20,135,85,95,2,109,26,75,65,102,113,129"/><V3/><F118/><W53/><G75/><T24/><D74/><U84/><E1/><V40/><F128/><W110/><G2/><T98/><D48/><U62/><E117/><V17/><F81/><W38/><G38/><T23/><D42/><U51/><E39/><V99/><F99/><W63/><G53/><T122/><D27/><U101/><E62/><V77/><F77/><W72/><G72/><T41/><D41/><U10/><E51/><V121/><F121/><W67/><G67/><N who="0" m="39351" /><D98/><U50/><E50/><V31/><F36/><W19/><G129/><T13/><D13/><U82/><E130/><V87/><F87/><W71/><G113/><T94/><D94/><U106/><E115/><V66/><F32/><W5/><G5/><T47/><D47/><U64/><E114/><V90/><F90/><W21/><G85/><T78/><D78/><U88/><E101/><AGARI ba="0,0" hai="23,24,28,93,97,101,120,122,123,124,126" m="39351" machi="101" ten="30,2000,0" yaku="25,1,52,1" doraHai="54" who="0" fromWho="1" sc="237,20,276,-20,312,0,175,0" /><INIT seed="3,0,0,3,5,18" ten="257,256,312,175" oya="3" hai0="92,134,12,125,78,48,121,13,8,66,95,56,74" hai1="115,126,113,5,96,20,67,60,109,83,0,101,41" hai2="42,61,94,132,71,120,24,62,46,34,16,4,14" hai3="106,63,45,135,112,82,131,31,114,68,130,19,97"/><W88/><G31/><T91/><D121/><U116/><E109/><V118/><F118/><W105/><G45/><T26/><D134/><U9/><E116/><V72/><F72/><W79/><G63/><T111/><D111/><U49/><E126/><V40/><F132/><W99/><G68/><T103/><D125/><U85/><E41/><V55/><F94/><N who="3" m="56519" /><G19/><T107/><D107/><N who="3" m="40969" /><G99/><T117/><D66/><U33/><E49/><V10/><F62/><W89/><G89/><T59/><D91/><U86/><E33/><V37/><F42/><W51/><G51/><T23/><D48/><U81/><E96/><V47/><F47/><W129/><G135/><T90/><D90/><U30/><E101/><V128/><F71/><W104/><N who="3" m="40977" /><W25/><DORA hai="28" /><G25/><T108/><D26/><U2/><E30/><V53/><F61/><W39/><G39/><T93/><D103/><U70/><E60/><V133/><F133/><W27/><G27/><T127/><D56/><U57/><E57/><V7/><F24/><W11/><G11/><T69/><D59/><U98/><E70/><V110/><F34/><W38/><G38/><T80/><D8/><U77/><E67/><V32/><F32/><W73/><AGARI ba="0,0" hai="73,79,82,112,114,129,130,131" m="40977,56519" machi="73" ten="50,12000,1" yaku="19,1,34,2,54,1" doraHai="18,28" who="3" fromWho="3" sc="257,-40,256,-40,312,-40,175,120" /><INIT seed="3,1,0,0,3,59" ten="217,216,272,295" oya="3" hai0="110,114,82,72,28,45,129,77,65,66,48,112,124" hai1="37,71,91,80,43,87,44,20,39,49,106,47,88" hai2="127,23,78,31,69,92,60,24,118,89,30,70,57" hai3="19,99,93,26,121,68,83,117,22,3,36,79,61"/><W102/><G36/><T15/><D110/><U18/><E106/><V122/><F118/><W115/><G3/><T123/><D123/><U40/><E71/><V0/><F0/><W76/><G115/><N who="0" m="44075" /><D129/><U67/><E67/><V6/><F6/><W63/><G121/><T96/><D124/><U52/><E91/><V29/><F122/><W73/><G68/><T10/><D96/><U85/><E87/><V98/><F127/><W84/><G117/><T81/><D28/><U100/><E100/><V8/><F8/><W50/><G50/><T128/><D82/><U2/><E2/><V125/><F125/><W17/><G76/><T94/><D94/><U86/><E86/><V12/><F12/><W38/><G38/><T105/><D105/><U101/><E101/><V111/><F111/><W95/><G73/><T32/><D32/><U107/><E107/><V34/><F78/><W97/><G19/><N who="0" m="8695" /><D128/><U109/><E109/><V58/><F34/><W64/><G64/><T104/><D104/><U42/><REACH who="1" step="1"/><E39/><REACH who="1" ten="217,206,272,295" step="2"/><V35/><F35/><W21/><G21/><T103/><D103/><AGARI ba="1,1" hai="17,22,26,61,63,79,83,84,93,95,97,99,102,103" machi="103" ten="30,12000,1" yaku="7,1,9,1,8,1,52,2" doraHai="59" who="3" fromWho="0" sc="217,-123,206,0,272,0,295,133" /><INIT seed="3,2,0,5,1,123" ten="94,206,272,428" oya="3" hai0="15,74,88,24,131,98,36,102,48,56,32,75,93" hai1="1,58,39,126,97,33,2,64,14,6,47,10,94" hai2="89,34,9,100,90,107,45,104,91,44,121,46,101" hai3="57,108,105,28,49,55,115,113,127,83,11,86,29"/><W114/><G105/><T8/><D36/><U119/><E33/><V16/><F121/><W63/><G127/><T128/><D102/><U30/><E30/><V124/><F34/><W37/><G37/><T67/><D32/><U103/><E126/><V17/><F124/><W112/><G112/><T54/><D24/><U78/><E119/><V81/><F81/><W117/><G117/><T7/><REACH who="0" step="1"/><D67/><REACH who="0" ten="84,206,272,428" step="2"/><U99/><E64/><V96/><F101/><W118/><G114/><T12/><D12/><U38/><E38/><V52/><F107/><W109/><G115/><T132/><D132/><U106/><E39/><V84/><F100/><W66/><G113/><T41/><D41/><U73/><E14/><V125/><F125/><W65/><G65/><T0/><D0/><U18/><E2/><V50/><F104/><W60/><G66/><T42/><D42/><U130/><E106/><V51/><F9/><W59/><G11/><T43/><D43/><U95/><E103/><V111/><F96/><W82/><G118/><T19/><D19/><U25/><E99/><V87/><F16/><W22/><G29/><T68/><D68/><U80/><E97/><V23/><F17/><W110/><G28/><T134/><D134/><U69/><E69/><V129/><F129/><AGARI ba="2,1" hai="7,8,15,48,54,56,74,75,88,93,98,128,129,131" machi="129" ten="40,8000,1" yaku="1,1,19,1,54,1,53,1" doraHai="123" doraHaiUra="3" who="0" fromWho="2" sc="84,96,206,0,272,-86,428,0" /><INIT seed="4,0,0,1,1,81" ten="180,206,186,428" oya="0" hai0="5,84,37,102,134,35,55,58,28,14,99,6,52" hai1="113,33,135,48,22,95,1,98,70,71,47,87,108" hai2="124,24,116,115,104,121,77,90,130,72,46,125,131" hai3="112,3,66,11,117,118,53,38,86,12,18,45,88"/><T110/><D37/><U50/><E33/><V133/><F121/><W62/><G3/><T49/><D134/><U39/><E1/><V67/><F67/><W85/><G112/><T93/><D110/><U79/><E108/><V75/><F24/><W29/><G29/><T127/><D127/><N who="2" m="48714" /><F104/><W0/><G0/><T64/><D64/><U8/><E135/><V32/><F32/><W96/><G38/><T132/><D132/><U25/><E113/><V4/><F133/><W34/><G34/><T15/><D28/><U16/><E39/><V36/><F116/><W126/><G126/><T19/><D35/><U2/><E71/><V41/><F115/><W119/><G119/><T56/><D84/><U103/><E70/><V73/><F4/><W80/><G96/><T97/><D99/><U7/><REACH who="1" step="1"/><E47/><REACH who="1" ten="180,196,186,428" step="2"/><V42/><F46/><W105/><G45/><T57/><D15/><U21/><E21/><V128/><F36/><W30/><G12/><T69/><D69/><U114/><E114/><V107/><F107/><W31/><G105/><T26/><D26/><U92/><E92/><V106/><F106/><W60/><G117/><T51/><D58/><U83/><AGARI ba="0,1" hai="2,7,8,16,22,25,48,50,79,83,87,95,98,103" machi="83" ten="30,7900,0" yaku="1,1,0,1,52,1,54,1,53,0" doraHai="81" doraHaiUra="10" who="1" fromWho="1" sc="180,-39,196,89,186,-20,428,-20" /><INIT seed="5,0,0,5,3,88" ten="141,285,166,408" oya="1" hai0="91,51,28,127,26,93,13,80,99,47,96,7,115" hai1="119,126,128,78,23,44,62,50,2,125,48,102,105" hai2="90,12,27,118,21,107,59,134,74,45,49,77,53" hai3="67,0,68,135,69,34,16,124,4,24,46,25,39"/><U100/><E119/><V56/><F107/><W73/><G25/><T83/><D115/><U35/><E35/><V116/><F12/><W63/><G69/><T79/><D127/><N who="1" m="48651" /><E2/><V72/><F134/><W66/><G66/><T14/><D99/><U71/><E128/><V97/><F116/><W42/><G135/><T92/><D92/><U117/><E117/><V94/><F118/><W18/><G124/><T58/><D58/><U101/><E105/><V3/><F3/><W133/><G133/><T8/><D14/><U19/><E78/><V11/><F11/><N who="3" m="2439" /><G24/><T108/><D108/><U95/><E44/><V33/><F33/><W64/><G64/><T61/><D61/><U55/><E71/><V30/><REACH who="2" step="1"/><F77/><REACH who="2" ten="141,285,156,408" step="2"/><W41/><G34/><T84/><D79/><U43/><E23/><V130/><F130/><W9/><G9/><T22/><REACH who="0" step="1"/><D96/><REACH who="0" ten="131,285,156,408" step="2"/><U132/><E132/><V121/><F121/><W17/><G68/><T38/><D38/><U120/><E120/><V131/><F131/><W123/><G39/><T113/><D113/><U40/><E62/><V37/><F37/><W82/><G63/><T87/><D87/><U114/><E114/><V112/><F112/><W60/><G60/><T52/><AGARI ba="0,2" hai="7,8,13,22,26,28,47,51,52,80,83,84,91,93" machi="52" ten="20,12000,2" yaku="1,1,0,1,7,1,8,1,52,1,54,1,53,0" doraHai="88" doraHaiUra="122" who="0" fromWho="0" sc="131,140,285,-60,156,-30,408,-30" /><INIT seed="6,0,0,3,3,68" ten="271,225,126,378" oya="2" hai0="87,74,118,79,62,93,90,26,69,119,22,59,50" hai1="122,48,20,132,8,128,21,89,77,45,133,125,28" hai2="109,30,126,25,75,86,103,102,52,56,105,47,135" hai3="88,115,96,41,70,18,104,110,98,108,54,3,60"/><V17/><F75/><W120/><G3/><T58/><D50/><U107/><E107/><V57/><F135/><N who="1" m="51785" /><E122/><V19/><F126/><W38/><G98/><T91/><D91/><U16/><E125/><V15/><F109/><W1/><G1/><T127/><D127/><U0/><E77/><V6/><F105/><W112/><G104/><T85/><D74/><U27/><E128/><V121/><F121/><W14/><G120/><T117/><D79/><U39/><E89/><V10/><F86/><W35/><G35/><T36/><D36/><U94/><E94/><V4/><F4/><W106/><G106/><T5/><D5/><N who="1" m="1063" /><E39/><V81/><F81/><W101/><G101/><N who="2" m="38409" /><F30/><W84/><G96/><T23/><D87/><U100/><E100/><V7/><F7/><W43/><G110/><T32/><D32/><N who="1" m="20511" /><E16/><N who="2" m="6219" /><F25/><W13/><G108/><T51/><D26/><U129/><E129/><V71/><F71/><W55/><G70/><T63/><D69/><U64/><E64/><V44/><F57/><W72/><G72/><T111/><D111/><U65/><E65/><V78/><F78/><W66/><G66/><T97/><D85/><U53/><AGARI ba="0,0" hai="20,21,45,48,53" m="20511,1063,51785" machi="53" ten="30,1100,0" yaku="20,1" doraHai="68" who="1" fromWho="1" sc="271,-3,225,11,126,-5,378,-3" /><INIT seed="7,0,0,5,4,45" ten="268,236,121,375" oya="3" hai0="32,6,74,23,33,52,111,38,27,92,100,42,123" hai1="81,122,132,78,39,10,40,20,19,96,68,58,3" hai2="84,90,109,43,14,121,1,71,53,125,22,131,93" hai3="134,103,57,117,8,37,44,114,89,86,65,62,5"/><W88/><G114/><T102/><D92/><U55/><E68/><V107/><F109/><W77/><G134/><T18/><D6/><U97/><E132/><V11/><F71/><W59/><G103/><T26/><D42/><U130/><E122/><V119/><F119/><W108/><G117/><T87/><D38/><U60/><E130/><V67/><F67/><W15/><G59/><T21/><D74/><U99/><E39/><V49/><F131/><W106/><G106/><T94/><D87/><U0/><E40/><V112/><F112/><W2/><G2/><T12/><D12/><U31/><E31/><V51/><F125/><W35/><G35/><T124/><D94/><U30/><E30/><V95/><F107/><W85/><G85/><T46/><D32/><U34/><E10/><V76/><F121/><W50/><G108/><T29/><D33/><U115/><E34/><V120/><F120/><W63/><G63/><T75/><D75/><U73/><E115/><V105/><F105/><W48/><G37/><T24/><D111/><U127/><E127/><V82/><F1/><W118/><G44/><T54/><D27/><U83/><E81/><V17/><F17/><W36/><G5/><T28/><D18/><U128/><E128/><V41/><F76/><W16/><G77/><T113/><D113/><U13/><AGARI ba="0,0" hai="0,3,13,19,20,55,58,60,73,78,83,96,97,99" machi="13" ten="30,1100,0" yaku="0,1" doraHai="45" who="1" fromWho="1" sc="268,-3,236,11,121,-3,375,-5" owari="265,7.0,247,-15.0,118,-38.0,370,46.0" /></mjloggm>