<mjloggm ver="2.3"><GO type="169" lobby="0"/><UN n0="%E3%82%89%E6%8A%9C%E3%81%8D" n1="%E3%83%88%E3%82%B5%E3%81%91%E3%82%93" n2="%E3%82%A6%E3%83%AB%E3%83%88%E3%83%A9%E7%AB%8B%E7%9B%B4" n3="%E4%B8%AD%E9%87%8E%2A%E6%A2%93" dan="17,16,16,16" rate="2167.55,2124.66,2037.11,2073.56" sx="M,M,M,M"/><TAIKYOKU oya="0"/><INIT seed="0,0,0,1,2,112" ten="250,250,250,250" oya="0" hai0="116,75,13,18,52,10,124,32,5,99,71,84,135" hai1="120,89,48,92,130,105,26,37,49,82,1,35,40" hai2="123,25,63,119,134,61,30,78,86,58,66,96,87" hai3="38,47,59,33,27,103,90,21,83,69,100,131,108"/><T60/><D75/><U12/><E105/><V68/><F123/><W7/><G69/><T77/><D124/><U97/><E1/><V113/><F113/><W65/><G131/><T117/><D32/><U109/><E120/><V44/><F134/><W11/><G108/><T34/><D34/><U85/><E130/><V111/><F111/><W14/><G33/><T62/><D135/><U127/><E127/><V39/><F78/><W133/><G47/><T42/><D42/><U128/><E128/><V70/><F96/><W15/><G38/><T107/><D71/><U8/><E109/><V23/><F70/><W64/><G15/><T122/><D122/><U24/><E37/><V93/><F93/><W67/><G59/><T132/><D132/><U51/><E35/><V55/><F119/><W79/><G90/><T102/><D5/><N who="1" m="3087" /><E40/><V121/><F121/><W29/><REACH who="3" step="1"/><G133/><REACH who="3" ten="250,250,250,240" step="2"/><T50/><D117/><U57/><E57/><V4/><F39/><W114/><G114/><T91/><D116/><U54/><E54/><V101/><F44/><W28/><G28/><T125/><D125/><U56/><E56/><V16/><F30/><W3/><G3/><T19/><D91/><AGARI ba="0,1" hai="24,26,48,49,51,82,85,89,91,92,97" m="3087" machi="91" ten="30,1000,0" yaku="8,1" doraHai="112" who="1" fromWho="0" sc="250,-10,250,20,250,0,240,0" /><INIT seed="1,0,0,5,5,85" ten="240,270,250,240" oya="1" hai0="81,62,64,16,36,2,106,109,33,35,110,14,32" hai1="105,87,67,29,44,68,59,99,103,86,70,22,112" hai2="89,63,102,90,65,54,135,21,71,113,94,117,1" hai3="104,57,39,60,129,31,132,37,55,52,101,118,69"/><U58/><E112/><V7/><F117/><W115/><G104/><T111/><D36/><N who="3" m="13897" /><G101/><T126/><D106/><U127/><E127/><V119/><F119/><W34/><G31/><T73/><D2/><U24/><E44/><V25/><F113/><W100/><G100/><T77/><D126/><U98/><E98/><V50/><F135/><W74/><G74/><T30/><D30/><U123/><E123/><V45/><F102/><W27/><G27/><T4/><D4/><U17/><E17/><V8/><REACH who="2" step="1"/><F94/><REACH who="2" ten="240,270,240,240" step="2"/><W116/><G132/><T92/><D92/><U96/><E105/><V78/><F78/><W95/><G115/><T5/><D5/><U28/><E103/><V80/><F80/><W82/><G95/><T88/><D88/><U18/><E67/><V124/><F124/><W38/><G82/><T91/><D91/><U108/><E108/><V10/><F10/><W66/><G116/><T26/><D26/><U72/><E24/><V12/><F12/><W131/><G118/><T20/><REACH who="0" step="1"/><D35/><REACH who="0" ten="230,270,240,240" step="2"/><U13/><E13/><V121/><F121/><W46/><G34/><T23/><D23/><U48/><E22/><V130/><F130/><W15/><G131/><T42/><D42/><U51/><REACH who="1" step="1"/><E18/><AGARI ba="0,2" hai="1,7,8,18,21,25,45,50,54,63,65,71,89,90" machi="18" ten="30,8000,1" yaku="1,1,7,1,52,2,53,1" doraHai="85" doraHaiUra="43" who="2" fromWho="1" sc="230,0,270,-80,240,100,240,0" /><INIT seed="2,0,0,5,0,25" ten="230,190,340,240" oya="2" hai0="99,87,51,86,45,105,58,84,115,35,15,66,77" hai1="14,129,3,125,108,118,5,43,111,41,106,46,92" hai2="26,49,97,36,123,73,102,39,13,132,71,116,28" hai3="104,101,44,40,119,62,24,68,63,69,29,2,135"/><V81/><F123/><W11/><G119/><T4/><D115/><U109/><E106/><V80/><F116/><W55/><G135/><T94/><D35/><U128/><E118/><V20/><F132/><W133/><G133/><T33/><D33/><U90/><E3/><V64/><F73/><W95/><G104/><T100/><D105/><U75/><E75/><V112/><F112/><W67/><G101/><T113/><D113/><U93/><E125/><V107/><F64/><W31/><G95/><N who="1" m="36426" /><E90/><V0/><F71/><W48/><G24/><T114/><D114/><U27/><E27/><V53/><F0/><W117/><G117/><T134/><D134/><U98/><E98/><V32/><F32/><W65/><G40/><N who="1" m="15434" /><E46/><V124/><F13/><W57/><G57/><T83/><D45/><U76/><E76/><V42/><F42/><W127/><G127/><T12/><D12/><U78/><E78/><V130/><F124/><W60/><G60/><N who="0" m="38167" /><D51/><U22/><E22/><V16/><F39/><W91/><G91/><T19/><D4/><AGARI ba="0,0" hai="2,4,11,29,31,44,48,55,62,63,65,67,68,69" machi="4" ten="40,5200,0" yaku="9,1,52,2" doraHai="25" who="3" fromWho="0" sc="230,-52,190,0,340,0,240,52" /><INIT seed="3,0,0,3,4,46" ten="178,190,340,292" oya="3" hai0="51,85,71,65,70,88,83,75,11,80,112,47,48" hai1="89,12,24,116,114,107,105,4,133,59,26,41,99" hai2="124,100,31,123,20,43,8,69,128,111,29,78,101" hai3="86,95,91,42,37,106,16,94,93,109,82,79,1"/><W96/><G1/><T130/><D130/><U21/><E114/><V108/><F69/><W25/><G42/><T22/><D112/><U60/><E133/><V90/><F78/><W28/><G37/><T126/><D126/><U58/><E116/><V73/><F73/><W39/><G39/><T35/><D35/><U34/><E41/><V6/><F124/><W27/><G109/><N who="2" m="42057" /><F128/><W135/><G135/><T121/><D121/><U2/><E2/><V33/><F33/><W68/><G68/><T36/><D36/><U110/><E34/><V77/><F77/><W92/><G28/><T127/><D127/><U76/><E76/><V81/><F43/><W30/><G30/><N who="2" m="11273" /><F20/><W131/><G131/><T102/><D22/><U7/><E21/><V53/><F53/><W38/><G38/><T32/><D32/><U115/><E110/><V84/><F123/><W9/><G106/><T122/><D122/><U13/><E115/><V50/><F50/><W64/><G64/><T23/><D23/><U134/><E134/><V66/><F66/><W56/><G56/><T17/><D65/><U61/><E99/><V67/><F67/><W125/><G125/><T14/><D51/><U62/><E62/><V132/><F132/><W57/><G57/><T19/><D75/><U0/><E0/><AGARI ba="0,0" hai="0,6,8,81,84,90,100,101" m="11273,42057" machi="0" ten="30,1000,0" yaku="14,1" doraHai="46" who="2" fromWho="1" sc="178,0,190,-10,340,10,292,0" /><INIT seed="4,0,0,2,0,78" ten="178,180,350,292" oya="0" hai0="104,133,127,115,112,99,42,14,36,15,109,18,116" hai1="56,27,50,60,39,57,29,22,76,72,84,90,4" hai2="45,92,94,21,129,75,95,2,34,25,5,85,130" hai3="118,40,80,48,17,132,119,98,38,126,79,125,113"/><T64/><D116/><U71/><E39/><V7/><F34/><W100/><G38/><T123/><D123/><U51/><E71/><V135/><F75/><N who="3" m="43135" /><G17/><T134/><D64/><U23/><E4/><N who="2" m="1611" /><F2/><W87/><G48/><T102/><D127/><N who="3" m="48649" /><G40/><T8/><D14/><U37/><E37/><V19/><F45/><W52/><G52/><T28/><D28/><U54/><E72/><V73/><F73/><W70/><G70/><T41/><D109/><U114/><E76/><V55/><F55/><W44/><G44/><N who="0" m="23591" /><D42/><U68/><E114/><AGARI ba="0,0" hai="8,15,18,99,102,104,112,114,115,133,134" m="23591" machi="114" ten="30,1500,0" yaku="15,1" doraHai="78" who="0" fromWho="1" sc="178,15,180,-15,350,0,292,0" /><INIT seed="4,1,0,3,0,25" ten="193,165,350,292" oya="0" hai0="32,65,26,126,56,94,6,23,125,79,82,35,13" hai1="78,114,22,77,60,28,129,31,101,72,49,58,34" hai2="93,68,66,10,88,117,89,48,63,12,106,33,74" hai3="128,113,53,18,120,110,38,27,62,104,86,14,54"/><T39/><D39/><U73/><E34/><V3/><F3/><W131/><G110/><T90/><D6/><U115/><E129/><V69/><F69/><W121/><G38/><T84/><D13/><U21/><E49/><V134/><F74/><N who="1" m="28777" /><E101/><V108/><F108/><W109/><G109/><T96/><D65/><N who="1" m="39063" /><E21/><V70/><F70/><W116/><G113/><N who="1" m="43018" /><E22/><V119/><F33/><W9/><G116/><T80/><D56/><U36/><E36/><V4/><F106/><W130/><G104/><T40/><D40/><U132/><E132/><V87/><F134/><W71/><G27/><T57/><D57/><U11/><E11/><V107/><F107/><W15/><G15/><T59/><D59/><U105/><E105/><V1/><F48/><W52/><G86/><T123/><D123/><N who="3" m="47177" /><G71/><T81/><D35/><U95/><E95/><V24/><F24/><W64/><G64/><T7/><D32/><U100/><E100/><V102/><F102/><W97/><G97/><T42/><D42/><U92/><E92/><V76/><F119/><W30/><G62/><T41/><D41/><U85/><E85/><V127/><F117/><W133/><G133/><T47/><D47/><U103/><E103/><V124/><F93/><W37/><G37/><T16/><REACH who="0" step="1"/><D7/><REACH who="0" ten="183,165,350,292" step="2"/><U2/><E2/><V67/><F1/><W46/><G46/><T17/><D17/><U20/><E20/><V122/><F122/><W0/><G0/><T83/><AGARI ba="1,1" hai="16,23,26,79,80,81,82,83,84,90,94,96,125,126" machi="83" ten="30,6000,0" yaku="1,1,0,1,54,1,53,0" doraHai="25" doraHaiUra="61" who="0" fromWho="0" sc="183,73,165,-21,350,-21,292,-21" /><INIT seed="4,2,0,0,0,93" ten="256,144,329,271" oya="0" hai0="17,121,109,59,96,14,47,37,99,82,78,16,25" hai1="62,9,43,83,94,110,68,65,27,128,106,20,75" hai2="77,104,130,64,80,103,21,69,86,132,34,119,131" hai3="6,63,32,31,74,88,48,57,92,114,73,45,125"/><T126/><D121/><U11/><E110/><V101/><F34/><W36/><G125/><T105/><D109/><U55/><E106/><V135/><F64/><W29/><G114/><T117/><D117/><U72/><E43/><V107/><F69/><W120/><G6/><T70/><D70/><U124/><E124/><V122/><F21/><W50/><G36/><T115/><D126/><U84/><E128/><N who="2" m="49195" /><F122/><W1/><G1/><T22/><D105/><N who="2" m="40522" /><F119/><W46/><G120/><T2/><D2/><U10/><E55/><V108/><F108/><W98/><G74/><T7/><D7/><U35/><E35/><V127/><F127/><W15/><G73/><T134/><D134/><AGARI ba="2,0" hai="77,80,86,101,103,132,134,135" m="40522,49195" machi="134" ten="40,8000,1" yaku="20,1,19,1,34,2" doraHai="93" who="2" fromWho="0" sc="256,-86,144,0,329,86,271,0" /><INIT seed="5,0,0,2,3,42" ten="170,144,415,271" oya="1" hai0="71,119,92,135,19,41,48,122,99,54,89,106,29" hai1="12,125,15,65,44,5,53,6,24,13,109,75,94" hai2="134,17,31,132,28,111,64,91,80,32,69,61,121" hai3="51,36,105,14,7,76,108,126,25,1,21,82,46"/><U49/><E75/><V93/><F121/><W124/><G108/><T73/><D119/><U129/><E109/><V97/><F111/><W86/><G105/><T118/><D118/><U45/><E125/><N who="3" m="48234" /><G36/><T72/><D135/><N who="2" m="51754" /><F32/><W37/><G37/><T84/><D71/><U62/><E129/><V43/><F43/><N who="3" m="25055" /><G1/><T116/><D116/><U50/><E94/><V18/><F80/><W107/><G107/><T38/><D29/><AGARI ba="0,0" hai="17,18,28,29,31,61,64,69,91,93,97" m="51754" machi="29" ten="30,1000,0" yaku="20,1" doraHai="42" who="2" fromWho="0" sc="170,-10,144,0,415,10,271,0" /><INIT seed="6,0,0,0,0,28" ten="160,144,425,271" oya="2" hai0="40,80,108,21,42,56,6,135,25,105,0,36,125" hai1="16,118,86,30,62,94,60,67,100,92,71,61,93" hai2="87,131,129,84,115,5,18,19,126,75,123,39,127" hai3="83,41,73,74,85,64,65,91,70,111,128,8,113"/><V13/><F75/><W69/><G111/><T112/><D105/><U47/><E118/><V45/><F45/><W122/><G122/><T20/><D108/><U11/><E47/><V59/><F59/><W15/><G128/><N who="2" m="49225" /><F39/><W12/><G113/><T37/><D125/><N who="2" m="47626" /><F87/><W29/><G41/><T9/><D56/><U101/><E86/><V110/><F84/><W14/><G29/><T51/><D112/><U76/><E76/><V104/><F104/><W27/><G27/><T77/><D42/><U117/><E117/><V107/><F107/><W31/><G31/><T52/><D40/><U35/><E67/><V3/><F115/><W53/><G53/><T38/><D25/><U43/><E71/><V103/><F103/><W22/><G22/><T102/><D135/><U99/><E43/><V66/><F66/><W4/><G65/><T50/><D102/><U120/><E100/><V58/><F58/><W44/><G44/><T88/><D77/><U81/><E101/><V90/><F90/><W114/><G114/><T10/><D50/><U54/><E62/><V68/><F68/><W23/><G64/><T116/><D51/><U24/><E61/><V49/><F49/><W46/><G69/><T17/><D52/><U2/><E54/><V106/><F106/><W98/><G70/><T124/><D124/><U79/><E60/><V26/><F110/><W55/><G73/><T57/><D57/><U109/><E109/><V34/><F123/><W1/><G74/><T96/><D80/><U63/><E120/><V134/><F134/><W132/><G98/><T130/><D130/><RYUUKYOKU ba="0,0" sc="160,0,144,0,425,0,271,0" /><INIT seed="7,1,0,1,5,92" ten="160,144,425,271" oya="3" hai0="72,24,81,116,61,46,42,58,52,69,50,124,73" hai1="117,19,44,39,133,4,5,59,57,122,119,35,9" hai2="60,1,115,127,111,67,23,13,110,27,40,55,20" hai3="30,109,15,97,84,34,12,16,26,17,113,112,6"/><W45/><G45/><T77/><D116/><N who="1" m="44619" /><E35/><V31/><F1/><W79/><G79/><T14/><D124/><U48/><E39/><V114/><F127/><W47/><G84/><T10/><D24/><U65/><E122/><V135/><F55/><W91/><G47/><T33/><D33/><U85/><E65/><V32/><F40/><W83/><G83/><T98/><D98/><U87/><E133/><V22/><F135/><W121/><G97/><T129/><D129/><U102/><E102/><V120/><F120/><W56/><G56/><N who="1" m="21578" /><E19/><N who="3" m="7242" /><G91/><T104/><D104/><U118/><N who="1" m="44627" /><U53/><DORA hai="132" /><E5/><V66/><F66/><W90/><G90/><T28/><D28/><U68/><E68/><V64/><F64/><W11/><G121/><T75/><D69/><U99/><E99/><V131/><F60/><W74/><G74/><T93/><D93/><U51/><E51/><V86/><F67/><W36/><G36/><T25/><D25/><U78/><E78/><V134/><F86/><W80/><G80/><T128/><D128/><U29/><E29/><V3/><F131/><W108/><G12/><T95/><D95/><U18/><E18/><AGARI ba="1,0" hai="10,14,18,42,46,50,52,58,61,72,73,75,77,81" machi="18" ten="30,2000,0" yaku="7,1,54,1" doraHai="92,132" who="0" fromWho="1" sc="160,23,144,-23,425,0,271,0" owari="183,-22.0,121,-38.0,425,53.0,271,7.0" /></mjloggm>