<mjloggm ver="2.3"><GO type="97" lobby="0"/><UN n0="%E3%82%A6%E3%83%AB%E3%83%88%E3%83%A9%E7%AB%8B%E7%9B%B4" n1="%53%74%72%75%6D%6D%65%72" n2="%35%31%32%31%39%35%31%35" n3="%73%6B%69%70%62%65%61%74" dan="15,13,15,15" rate="1938.69,1911.93,1985.15,1994.21" sx="M,M,M,F"/><TAIKYOKU oya="0"/><INIT seed="0,0,0,4,3,30" ten="250,250,250,250" oya="0" hai0="135,6,98,51,91,37,92,58,43,24,12,8,11" hai1="100,57,132,133,128,77,29,111,71,118,112,20,52" hai2="114,97,17,119,94,117,106,41,125,46,124,85,113" hai3="102,40,79,121,89,80,104,13,26,90,109,53,50"/><T44/><D135/><U45/><E77/><V2/><F17/><W38/><G109/><T84/><D37/><U105/><E100/><V56/><F2/><W10/><G121/><T47/><D47/><U127/><E29/><V72/><F72/><W61/><G26/><T36/><D36/><U69/><E20/><V39/><F56/><W126/><G126/><N who="2" m="48745" /><F85/><W103/><G38/><T96/><D58/><U60/><E105/><V122/><F94/><W82/><G40/><T110/><D110/><U33/><E33/><V66/><F66/><W31/><G61/><T76/><D24/><U107/><E107/><V63/><F63/><W99/><G103/><T48/><D48/><N who="1" m="28687" /><E127/><V35/><F35/><W67/><G31/><T108/><D108/><U64/><E111/><V101/><F122/><W115/><G67/><T83/><REACH who="0" step="1"/><D11/><REACH who="0" ten="240,250,250,250" step="2"/><U32/><E118/><AGARI ba="0,1" hai="39,41,46,97,101,106,113,114,117,118,119" m="48745" machi="118" ten="30,3900,0" yaku="12,1,18,1,23,1" doraHai="30" who="2" fromWho="1" sc="240,0,250,-39,250,49,250,0" /><INIT seed="1,0,0,5,2,11" ten="240,211,299,250" oya="1" hai0="112,84,36,62,132,57,80,1,0,8,87,117,41" hai1="93,29,28,31,107,6,79,56,102,121,94,19,96" hai2="47,60,123,122,25,98,77,70,35,133,76,52,65" hai3="129,26,126,48,24,119,15,113,32,130,66,134,131"/><U74/><E121/><V88/><F133/><W53/><G113/><T45/><D117/><U135/><E135/><V69/><F69/><W109/><G134/><T101/><D132/><U124/><E124/><V111/><F111/><W37/><G37/><T2/><D112/><U30/><E6/><V83/><F35/><W34/><G119/><T106/><D101/><U18/><N who="1" m="7680" /><DORA hai="73" /><U16/><E56/><V39/><F25/><N who="3" m="9835" /><G109/><T42/><D106/><U3/><E3/><V54/><F123/><W115/><G115/><T67/><D42/><U125/><REACH who="1" step="1"/><E125/><REACH who="1" ten="240,201,299,250" step="2"/><V120/><F120/><W63/><G126/><T64/><D2/><U7/><E7/><V108/><F108/><W85/><G34/><T12/><D1/><U128/><E128/><V71/><F71/><N who="3" m="42463" /><G32/><T46/><D0/><U58/><E58/><V97/><F70/><W38/><G130/><T43/><D57/><U49/><E49/><V27/><F39/><W23/><G38/><T44/><D36/><U78/><E78/><V72/><F77/><W20/><G129/><T99/><D62/><U13/><E13/><V114/><F60/><W116/><G15/><T104/><D12/><U51/><E51/><N who="2" m="28799" /><F27/><W61/><G61/><T9/><D43/><U91/><E91/><V33/><F88/><W5/><G48/><T4/><D41/><U59/><E59/><V81/><F33/><W86/><G131/><T68/><D68/><U105/><E105/><V21/><F114/><W22/><G116/><T100/><D104/><U75/><E75/><V90/><F72/><W92/><G5/><T118/><D4/><RYUUKYOKU ba="0,1" sc="240,-10,201,30,299,-10,250,-10" hai1="16,18,19,74,79,93,94,96,102,107" /><INIT seed="1,1,1,0,5,4" ten="230,231,289,240" oya="1" hai0="82,62,39,36,70,72,29,124,66,51,54,88,17" hai1="56,52,130,38,37,46,6,121,16,132,134,55,1" hai2="131,116,15,19,83,91,44,14,92,109,0,128,81" hai3="60,22,20,93,80,5,65,48,115,61,101,21,40"/><U100/><E121/><V126/><F0/><W11/><G115/><T74/><D124/><U77/><E100/><V28/><F109/><W3/><G80/><N who="2" m="30793" /><F116/><W47/><G101/><T42/><D29/><U76/><E6/><V117/><F28/><W34/><G34/><T45/><D17/><U125/><E1/><V108/><F126/><W119/><G119/><T97/><D39/><U2/><E2/><V58/><F117/><W31/><G93/><T95/><REACH who="0" step="1"/><D82/><REACH who="0" ten="220,231,289,240" step="2"/><U118/><E125/><V94/><F19/><W111/><G111/><T123/><D123/><U26/><E118/><V99/><F108/><W27/><REACH who="3" step="1"/><G61/><REACH who="3" ten="220,231,289,230" step="2"/><T114/><D114/><U135/><E130/><V120/><F120/><W23/><G23/><T41/><D41/><N who="1" m="22831" /><E38/><V73/><F131/><W32/><G32/><T69/><D69/><AGARI ba="1,3" hai="3,5,11,20,21,22,27,31,40,47,48,60,65,69" machi="69" ten="30,3900,0" yaku="1,1,7,1,52,1,53,0" doraHai="4" doraHaiUra="68" who="3" fromWho="0" sc="220,-42,231,0,289,0,230,72" /><INIT seed="2,0,0,2,3,130" ten="178,231,289,302" oya="2" hai0="59,66,95,56,84,46,17,31,88,85,106,32,76" hai1="102,4,122,81,133,101,124,57,134,10,90,1,116" hai2="75,27,14,89,114,60,52,71,43,9,73,64,68" hai3="15,7,110,11,24,104,135,96,103,6,100,115,131"/><V45/><F114/><W107/><G131/><T12/><D106/><U70/><E70/><V3/><F3/><W117/><G117/><T67/><D31/><U126/><E116/><V123/><F71/><W129/><G129/><T87/><D32/><U77/><E122/><V40/><F123/><W82/><G115/><T69/><D69/><U0/><E57/><V35/><F35/><W26/><G110/><T30/><D30/><U63/><E63/><V47/><F27/><W50/><G82/><T83/><D85/><N who="1" m="50479" /><E77/><V94/><F73/><W113/><G113/><T18/><D46/><N who="2" m="17418" /><F75/><W33/><G33/><T29/><D29/><U16/><E16/><N who="0" m="6249" /><D12/><U61/><E61/><V39/><F39/><W72/><G72/><T8/><D8/><U41/><E41/><N who="2" m="15947" /><F68/><W65/><G26/><T97/><D97/><U120/><E0/><V44/><F64/><AGARI ba="0,0" hai="56,59,64,66,67,76,83,84,87,88,95" m="6249" machi="64" ten="30,3900,0" yaku="8,1,54,2" doraHai="130" who="0" fromWho="2" sc="178,39,231,0,289,-39,302,0" /><INIT seed="3,0,0,1,3,123" ten="217,231,250,302" oya="3" hai0="80,5,40,76,20,111,32,73,24,48,102,112,129" hai1="128,115,101,21,53,70,120,121,133,134,94,75,19" hai2="90,81,57,110,49,79,56,67,58,132,131,72,127" hai3="119,31,135,8,82,84,74,54,30,88,96,17,69"/><W44/><G119/><T83/><D129/><U71/><E75/><V0/><F0/><W114/><G114/><T91/><D32/><U26/><E115/><V66/><F110/><W68/><G135/><T1/><D112/><U36/><E36/><V42/><F132/><N who="1" m="50793" /><E128/><V60/><F127/><W59/><G44/><T43/><D102/><U41/><E41/><V105/><F105/><W109/><G109/><T65/><D65/><N who="2" m="24586" /><F72/><W45/><G45/><T64/><D64/><U85/><E53/><N who="2" m="33807" /><F131/><W50/><G74/><T92/><D111/><U29/><E29/><V34/><F79/><N who="3" m="46175" /><G68/><N who="1" m="26154" /><E101/><V99/><F34/><W122/><G69/><T124/><D124/><U33/><E33/><V125/><F125/><W18/><G122/><N who="1" m="47210" /><E94/><N who="2" m="56791" /><F81/><W86/><G96/><T13/><D83/><U3/><E85/><V27/><F27/><W61/><G31/><T23/><D80/><U46/><E46/><AGARI ba="0,0" hai="42,46,49,57,58" m="56791,33807,24586" machi="46" ten="30,1000,0" yaku="8,1" doraHai="123" who="2" fromWho="1" sc="217,0,231,-10,250,10,302,0" owari="217,-28.0,221,-18.0,260,6.0,302,40.0" /></mjloggm>