<mjloggm ver="2.3"><GO type="97" lobby="0"/><UN n0="%4E%61%6E%61%63%68%69" n1="%4F%55%54" n2="%E3%82%A6%E3%83%AB%E3%83%88%E3%83%A9%E7%AB%8B%E7%9B%B4" n3="%E3%81%8B%E3%81%84%E3%81%A8" dan="14,13,15,14" rate="1862.54,1839.66,1984.97,1933.95" sx="F,M,M,M"/><TAIKYOKU oya="0"/><INIT seed="0,0,0,4,0,63" ten="250,250,250,250" oya="0" hai0="77,90,3,1,12,83,51,67,85,106,66,2,46" hai1="8,122,47,53,48,56,112,43,31,0,84,107,128" hai2="82,37,16,26,131,71,58,108,45,65,97,32,69" hai3="88,74,55,18,17,68,100,78,34,38,111,22,60"/><T102/><D106/><U19/><E122/><V13/><F131/><W27/><G38/><T4/><D102/><U114/><E128/><V127/><F127/><W44/><G111/><T91/><D1/><U75/><E75/><V59/><F108/><W93/><G100/><T120/><D2/><U80/><E107/><V113/><F113/><N who="1" m="43625" /><E31/><V33/><F97/><W25/><G34/><T14/><D3/><U103/><E103/><V21/><F82/><W96/><G78/><T129/><D129/><U61/><E19/><V7/><F71/><W130/><G74/><T132/><D132/><U110/><E0/><V86/><F86/><W118/><G118/><T125/><D125/><U76/><E8/><V49/><F37/><W62/><G130/><T28/><D120/><U50/><E110/><V119/><F119/><W94/><G68/><T126/><D126/><U133/><E50/><V116/><F116/><W70/><G70/><T134/><D28/><U20/><E20/><V40/><F33/><W99/><G44/><T41/><D134/><AGARI ba="0,0" hai="43,47,48,53,56,61,76,80,84,133,134" m="43625" machi="134" ten="30,1000,0" yaku="11,1" doraHai="63" who="1" fromWho="0" sc="250,-10,250,10,250,0,250,0" /><INIT seed="1,0,0,5,1,60" ten="240,260,250,250" oya="1" hai0="126,53,23,83,78,27,92,107,135,0,73,101,90" hai1="114,37,51,4,30,106,123,7,52,20,12,76,24" hai2="57,112,89,8,93,116,56,55,34,110,39,36,63" hai3="49,40,134,69,97,26,41,38,18,96,11,70,87"/><U122/><E37/><V91/><F34/><W42/><G134/><T25/><D0/><U79/><E114/><V105/><F105/><W31/><G38/><T16/><D135/><U17/><E123/><V72/><F72/><W120/><G120/><T64/><D126/><U28/><E122/><V15/><F112/><W127/><G127/><T48/><D64/><U103/><E106/><V22/><F116/><W130/><G130/><T115/><D115/><U111/><E111/><V50/><F110/><W133/><G133/><T82/><D107/><U128/><E103/><V2/><F2/><W74/><G74/><T121/><D101/><U84/><E128/><V113/><F113/><W80/><G49/><T43/><D43/><U35/><E30/><V5/><F22/><W131/><G131/><T77/><D121/><U21/><E35/><V3/><F3/><W47/><G47/><T66/><D66/><U124/><E124/><V95/><F95/><W65/><G70/><T68/><D68/><U19/><E28/><V132/><F132/><W98/><G18/><T109/><D109/><U14/><E24/><V45/><F57/><W10/><G69/><T88/><D92/><U75/><E75/><V54/><F91/><W104/><G65/><T9/><D9/><U71/><E71/><V117/><F117/><W99/><G104/><T67/><D27/><U62/><E62/><V33/><F33/><W108/><G108/><T32/><D67/><U86/><E52/><V59/><F45/><W58/><G58/><N who="0" m="33063" /><D32/><U44/><E44/><V100/><F100/><W6/><G6/><RYUUKYOKU ba="0,0" sc="240,10,260,10,250,10,250,-30" hai0="16,23,25,73,77,78,82,83,88,90" hai1="4,7,12,14,17,19,20,21,51,76,79,84,86" hai2="5,8,15,36,39,50,54,55,56,59,63,89,93" /><INIT seed="1,1,0,0,5,2" ten="250,270,260,220" oya="1" hai0="20,85,66,102,13,67,26,35,1,91,32,55,97" hai1="0,125,133,96,18,31,122,120,87,61,54,83,44" hai2="22,53,105,47,123,12,131,5,94,7,132,41,99" hai3="112,51,24,116,110,58,56,121,109,69,77,101,124"/><U65/><E0/><V68/><F105/><W111/><G112/><T100/><D1/><U117/><E117/><V8/><F68/><W118/><G121/><T78/><D32/><U49/><E133/><V82/><F123/><W4/><G77/><T45/><D35/><U93/><E125/><V11/><F132/><W19/><G124/><T108/><D108/><U42/><E31/><V84/><F53/><W40/><G69/><T70/><D70/><U6/><E18/><V46/><F22/><N who="3" m="13407" /><G101/><N who="0" m="39019" /><D97/><U21/><E21/><V3/><F131/><W74/><G74/><T10/><D78/><U95/><E6/><V43/><F99/><W60/><G60/><T130/><D45/><U72/><E72/><V76/><F94/><W48/><G48/><T27/><D55/><U88/><E42/><V73/><F84/><W62/><G62/><T15/><D130/><U127/><E127/><V63/><F63/><W80/><G80/><N who="0" m="49575" /><D15/><U39/><E39/><N who="2" m="21823" /><F47/><N who="3" m="26087" /><G4/><N who="0" m="3271" /><D27/><U134/><E134/><V59/><F43/><W14/><G14/><T114/><D114/><U115/><E115/><V86/><F86/><W89/><G89/><T107/><D107/><U25/><E25/><V9/><F9/><W135/><G135/><T129/><D129/><U33/><E33/><V57/><AGARI ba="1,0" hai="3,5,7,8,11,12,57,59,73,76,82" m="21823" machi="57" ten="30,4000,0" yaku="25,1,52,2" doraHai="2" who="2" fromWho="2" sc="250,-11,270,-21,260,43,220,-11" /><INIT seed="2,0,0,1,3,14" ten="239,249,303,209" oya="2" hai0="128,133,94,106,92,54,11,101,115,34,50,6,52" hai1="41,62,42,105,109,100,37,68,60,78,58,16,4" hai2="69,3,98,116,110,84,64,2,1,9,57,56,80" hai3="40,63,55,67,72,127,99,21,93,121,70,81,25"/><V117/><F9/><W90/><G121/><T96/><D115/><U120/><E120/><V119/><F98/><W47/><G127/><T76/><D128/><U31/><E68/><V35/><F35/><W95/><G72/><T77/><D34/><U30/><E109/><V97/><F97/><W43/><G95/><T85/><D133/><U86/><E100/><V53/><F110/><W130/><G130/><T59/><D106/><U126/><E105/><V108/><F108/><W46/><G81/><T29/><D29/><N who="1" m="10763" /><E37/><V71/><F64/><W17/><REACH who="3" step="1"/><G55/><REACH who="3" ten="239,249,303,199" step="2"/><T48/><D92/><U73/><E73/><V51/><F80/><W113/><G113/><T26/><D94/><U19/><E126/><V32/><F116/><W112/><G112/><T131/><D96/><U27/><E41/><AGARI ba="0,1" hai="17,21,25,40,41,43,46,47,63,67,70,90,93,99" machi="41" ten="40,2600,0" yaku="1,1,52,1,53,0" doraHai="14" doraHaiUra="75" who="3" fromWho="1" sc="239,0,249,-26,303,0,199,36" /><INIT seed="3,0,0,3,5,9" ten="239,223,303,235" oya="3" hai0="103,87,96,81,80,134,2,76,108,0,132,110,39" hai1="93,12,49,10,127,63,17,4,90,27,109,15,16" hai2="20,52,1,70,133,55,61,124,114,72,91,7,26" hai3="118,24,68,79,51,6,84,18,36,75,57,35,111"/><W100/><G118/><T122/><D39/><U64/><E127/><V126/><F7/><W47/><G68/><T50/><D122/><U25/><E109/><N who="0" m="42089" /><D50/><U33/><E33/><V19/><F1/><W54/><G111/><T30/><D30/><U28/><E49/><V40/><F72/><W13/><G100/><T22/><D22/><U42/><E42/><V77/><F77/><W78/><G75/><N who="0" m="43039" /><D2/><U66/><E28/><V131/><F40/><W123/><G123/><T23/><D23/><N who="1" m="11655" /><E4/><V46/><F46/><W41/><G6/><T107/><D0/><U5/><E63/><V101/><F61/><W31/><REACH who="3" step="1"/><G84/><REACH who="3" ten="239,223,303,225" step="2"/><T62/><D62/><U74/><E74/><V94/><F101/><W38/><G38/><T83/><D83/><U98/><E5/><V59/><F70/><W86/><G86/><T37/><D37/><U14/><E14/><V89/><F126/><W120/><G120/><T106/><D106/><U60/><E60/><V116/><F124/><W21/><AGARI ba="0,1" hai="13,18,21,24,31,35,36,41,47,51,54,57,78,79" machi="21" ten="20,12000,1" yaku="1,1,0,1,7,1,52,1,53,1" doraHai="9" doraHaiUra="44" who="3" fromWho="3" sc="239,-40,223,-40,303,-40,225,130" owari="199,-20.0,183,-32.0,263,6.0,355,46.0" /></mjloggm>