<mjloggm ver="2.3"><GO type="97" lobby="0"/><UN n0="%E3%82%B9%E3%83%86%E3%82%AB%E3%82%BB%E3%82%AD%E3%83%B3%E3%82%B0" n1="%E3%81%88%E3%81%93" n2="%E3%83%9F%E3%82%B9%E5%8C%97%E5%8D%83%E4%BD%8F" n3="%E3%82%A6%E3%83%AB%E3%83%88%E3%83%A9%E7%AB%8B%E7%9B%B4" dan="13,13,14,15" rate="1884.45,1844.73,1913.24,2035.00" sx="M,M,F,M"/><TAIKYOKU oya="0"/><INIT seed="0,0,0,2,5,16" ten="250,250,250,250" oya="0" hai0="126,50,124,10,21,113,11,111,39,14,118,114,7" hai1="83,55,25,35,59,88,2,72,131,28,86,43,90" hai2="117,133,135,12,56,18,27,127,40,77,37,87,106" hai3="96,79,31,98,69,97,105,99,38,104,65,0,100"/><T49/><D39/><U116/><E116/><V61/><F127/><N who="0" m="48682" /><D118/><U66/><E131/><V102/><F117/><W70/><G0/><N who="0" m="359" /><D50/><U93/><E2/><V45/><F27/><W42/><G105/><T107/><D49/><U91/><E72/><V54/><F102/><W89/><G79/><T132/><D107/><U5/><E5/><V64/><F106/><W57/><G42/><T95/><D95/><U125/><E125/><V82/><REACH who="2" step="1"/><F54/><REACH who="2" ten="250,250,240,250" step="2"/><W47/><G100/><T85/><D132/><U73/><E43/><V6/><F6/><W71/><G104/><T8/><D85/><U26/><E66/><V46/><F46/><W20/><G65/><T94/><D94/><U23/><E73/><V123/><F123/><W109/><G47/><T74/><D74/><U129/><E93/><V63/><F63/><W32/><G98/><T48/><D48/><U36/><E36/><V103/><F103/><W121/><G97/><T41/><D41/><U108/><E129/><V92/><F92/><W3/><G99/><T76/><D76/><U84/><E84/><V110/><F110/><W4/><G96/><T13/><D111/><U122/><E122/><V44/><F44/><W58/><G121/><T62/><D62/><U9/><E108/><V67/><F67/><W119/><G109/><T22/><D114/><U24/><E24/><V15/><F15/><N who="0" m="5642" /><D113/><U1/><E26/><V112/><F112/><W51/><G119/><T53/><D53/><U75/><E75/><V101/><F101/><W134/><G38/><T128/><D128/><U81/><E81/><V68/><F68/><RYUUKYOKU ba="0,1" sc="250,15,250,-15,240,15,250,-15" hai0="8,11,21,22" hai2="12,18,37,40,45,56,61,64,77,82,87,133,135" /><INIT seed="0,1,1,1,5,123" ten="265,235,255,235" oya="0" hai0="25,12,110,50,31,54,3,63,65,1,45,56,23" hai1="124,130,116,51,22,17,81,127,15,46,68,99,7" hai2="126,61,125,119,82,89,13,97,135,21,72,33,18" hai3="2,57,77,107,44,27,40,60,35,96,42,24,16"/><T87/><D12/><U69/><E116/><V41/><F119/><W100/><G2/><T80/><REACH who="0" step="1"/><D110/><REACH who="0" ten="255,235,255,235" step="2"/><U0/><E130/><V132/><F13/><W64/><G27/><T78/><AGARI ba="1,2" hai="1,3,23,25,31,45,50,54,56,63,65,78,80,87" machi="78" ten="20,12000,1" yaku="1,1,2,1,0,1,7,1,53,1" doraHai="123" doraHaiUra="62" who="0" fromWho="0" sc="255,143,235,-41,255,-41,235,-41" /><INIT seed="0,2,0,3,2,110" ten="398,194,214,194" oya="0" hai0="133,16,19,125,34,27,73,103,128,81,115,46,4" hai1="88,94,91,124,74,47,8,89,127,32,39,72,1" hai2="85,107,104,66,31,83,52,99,0,22,43,30,98" hai3="117,102,13,130,76,82,44,122,28,77,50,71,67"/><T97/><D115/><U23/><E32/><V12/><F0/><W134/><G122/><T41/><D4/><U62/><E62/><V60/><F43/><W109/><G109/><T14/><D125/><N who="1" m="48203" /><E1/><V69/><F107/><W20/><G130/><T70/><D128/><U54/><E8/><V29/><F104/><W58/><G134/><T18/><D70/><U100/><E23/><V86/><F86/><W25/><G71/><T51/><D133/><U111/><E111/><V121/><F121/><W57/><G117/><T79/><D27/><U131/><E131/><V48/><F12/><W9/><G67/><T114/><D114/><U49/><E49/><V55/><F22/><W45/><G102/><T119/><D119/><U56/><E39/><V63/><F63/><W33/><G33/><T123/><D123/><U95/><E47/><V40/><F40/><W116/><G116/><T36/><D36/><U132/><E54/><V53/><REACH who="2" step="1"/><F48/><REACH who="2" ten="398,194,204,194" step="2"/><W120/><G120/><T15/><REACH who="0" step="1"/><D34/><REACH who="0" ten="388,194,204,194" step="2"/><U92/><E132/><V6/><F6/><W38/><G38/><T118/><D118/><U68/><E68/><V26/><F26/><W80/><G25/><T75/><D75/><N who="1" m="28715" /><E56/><V17/><F17/><W59/><G59/><T84/><D84/><U93/><N who="1" m="24064" /><DORA hai="129" /><U24/><E24/><V7/><F7/><W35/><G58/><T2/><D2/><U105/><E105/><AGARI ba="2,2" hai="14,15,16,18,19,41,46,51,73,79,81,97,103,105" machi="105" ten="40,3900,0" yaku="1,1,54,1,53,0" doraHai="110,129" doraHaiUra="135,61" who="0" fromWho="1" sc="388,65,194,-45,204,0,194,0" /><INIT seed="0,3,0,0,0,124" ten="453,149,204,194" oya="0" hai0="73,69,111,26,133,45,108,85,95,42,32,80,13" hai1="47,92,74,1,43,59,11,4,135,27,132,8,130" hai2="39,18,96,93,109,82,125,117,21,100,129,72,101" hai3="102,68,34,76,51,112,115,54,37,87,29,97,75"/><T0/><D69/><U61/><E74/><V6/><F117/><W50/><G37/><T113/><D113/><U91/><E27/><V81/><F125/><W38/><G38/><T118/><D118/><U70/><E70/><V30/><F39/><W31/><G68/><T55/><D73/><U41/><E11/><V10/><F109/><N who="0" m="42058" /><D0/><U28/><E28/><V89/><F30/><W25/><G31/><N who="0" m="19575" /><D133/><N who="1" m="51275" /><E47/><V52/><F129/><W116/><G51/><T127/><D127/><U128/><E91/><V24/><F52/><W134/><G54/><T105/><D105/><U7/><E92/><V15/><F72/><W23/><G50/><N who="0" m="29135" /><D42/><N who="1" m="15883" /><E7/><V114/><F114/><W44/><G75/><T107/><D107/><U122/><E122/><V9/><F9/><W5/><G116/><T98/><D13/><U58/><E61/><V53/><F53/><W121/><G121/><T20/><D20/><U60/><E60/><V65/><F65/><W22/><G23/><T57/><D57/><AGARI ba="3,0" hai="1,4,8,57,58,59,128,130" m="15883,51275" machi="57" ten="30,3900,0" yaku="20,1,52,2" doraHai="124" who="1" fromWho="0" sc="453,-48,149,48,204,0,194,0" /><INIT seed="1,0,0,1,3,13" ten="405,197,204,194" oya="1" hai0="113,82,37,96,115,89,33,119,28,25,111,23,11" hai1="133,18,77,3,94,45,44,60,116,104,19,66,8" hai2="118,6,5,57,4,99,112,9,14,56,80,128,131" hai3="84,68,31,49,105,2,101,109,42,92,106,10,72"/><U61/><E116/><V129/><F118/><W62/><G72/><T114/><D119/><U50/><E104/><V123/><F123/><W135/><G135/><T39/><D111/><U125/><E133/><V1/><F112/><W21/><G109/><T41/><D41/><N who="1" m="24847" /><E125/><V48/><F1/><W103/><G62/><N who="1" m="24170" /><E3/><V64/><F64/><W124/><G68/><T53/><D53/><U47/><E66/><V97/><F80/><W74/><G74/><T32/><D32/><U79/><E8/><V58/><REACH who="2" step="1"/><F48/><REACH who="2" ten="405,197,194,194" step="2"/><W75/><G2/><T126/><D114/><U40/><E94/><V55/><F55/><W78/><G92/><T69/><D115/><U134/><E134/><V27/><F27/><W17/><G49/><T29/><D82/><U51/><E45/><V120/><F120/><W38/><G124/><T102/><D126/><U16/><AGARI ba="0,1" hai="16,18,19,40,47,51,77,79" m="24170,24847" machi="16" ten="30,12000,1" yaku="8,1,52,3,54,1" doraHai="13" who="1" fromWho="1" sc="405,-40,197,130,194,-40,194,-40" /><INIT seed="1,1,0,4,2,69" ten="365,327,154,154" oya="1" hai0="79,106,33,82,34,118,85,59,2,56,51,91,129" hai1="125,27,46,99,7,41,25,6,101,135,35,115,70" hai2="84,83,103,50,67,124,104,74,12,68,55,134,80" hai3="24,31,66,23,76,26,111,98,107,8,92,57,71"/><U39/><E115/><V109/><F109/><W108/><G76/><T60/><D106/><U97/><E135/><V128/><F134/><W72/><G72/><T47/><D118/><U42/><E125/><V43/><F124/><W52/><G107/><T58/><D2/><U133/><E133/><V0/><F0/><W3/><G66/><T61/><D129/><U48/><E70/><V105/><F128/><W102/><G71/><T88/><D33/><U131/><E131/><V4/><F43/><W54/><G24/><T38/><D38/><U64/><E64/><V73/><F103/><W21/><G21/><T122/><D34/><U112/><E112/><V114/><F114/><W110/><REACH who="3" step="1"/><G57/><REACH who="3" ten="365,327,154,144" step="2"/><T53/><D122/><U113/><E113/><V1/><F105/><W9/><G9/><T19/><D58/><U18/><E27/><V5/><F104/><W77/><G77/><T15/><D59/><U32/><E35/><V22/><F67/><W36/><G36/><T94/><D56/><U127/><E32/><V65/><F68/><W45/><G45/><T78/><D78/><U89/><E127/><V49/><F65/><W86/><G86/><T117/><D117/><U126/><E39/><V130/><F130/><W28/><G28/><T13/><D47/><U96/><E126/><V100/><F100/><W116/><G116/><T123/><D123/><U11/><E101/><V29/><F84/><W40/><G40/><T87/><D85/><U93/><E42/><V81/><F29/><W10/><G10/><T119/><D119/><U95/><E25/><V16/><F74/><RYUUKYOKU ba="1,1" sc="365,-10,327,-10,154,-10,144,30" hai3="3,8,23,26,31,52,54,92,98,102,108,110,111" /><INIT seed="2,2,1,2,1,93" ten="355,317,144,174" oya="2" hai0="103,16,63,125,21,108,129,51,22,27,89,46,9" hai1="31,5,84,122,25,90,39,55,123,64,60,52,54" hai2="8,14,32,135,26,107,121,48,6,118,72,94,71" hai3="45,42,98,117,110,131,78,33,75,0,53,35,61"/><V79/><F118/><W106/><G117/><T10/><D108/><U104/><E104/><V120/><F107/><W74/><G131/><T62/><D129/><U77/><E77/><V83/><F135/><W112/><G112/><T130/><D130/><U126/><E126/><V18/><F71/><W73/><G78/><T80/><D125/><U68/><E39/><V95/><F95/><W40/><G110/><T86/><D22/><U101/><E5/><V100/><F48/><W67/><G0/><T49/><D49/><U23/><REACH who="1" step="1"/><E101/><REACH who="1" ten="355,307,144,174" step="2"/><V43/><F43/><W76/><G76/><T11/><D103/><U92/><AGARI ba="2,2" hai="23,25,31,52,54,55,60,64,68,84,90,92,122,123" machi="92" ten="30,7900,0" yaku="1,1,2,1,0,1,54,1,53,0" doraHai="93" doraHaiUra="7" who="1" fromWho="1" sc="355,-22,307,105,144,-41,174,-22" /><INIT seed="3,0,0,1,4,77" ten="333,412,103,152" oya="3" hai0="51,24,22,124,89,102,81,70,85,91,16,15,10" hai1="104,20,82,29,83,61,88,129,64,7,106,9,132" hai2="109,1,130,26,128,52,67,40,42,101,135,59,25" hai3="19,57,126,93,31,84,92,98,21,69,41,50,68"/><W110/><G126/><T38/><D70/><U112/><E112/><V17/><F1/><W122/><G122/><T76/><D38/><U45/><E132/><V28/><F135/><W71/><G31/><T134/><D134/><U111/><E129/><V125/><F67/><W36/><G36/><T120/><D120/><U46/><E111/><V107/><F109/><W33/><G33/><T27/><D124/><U94/><E106/><V131/><F125/><W14/><G110/><T30/><D102/><U12/><E104/><V79/><F79/><W35/><G35/><T23/><REACH who="0" step="1"/><D51/><REACH who="0" ten="323,412,103,152" step="2"/><U58/><E29/><AGARI ba="0,1" hai="10,15,16,22,23,24,27,29,30,76,81,85,89,91" machi="29" ten="30,16000,3" yaku="1,1,2,1,7,1,9,1,8,1,52,1,54,1,53,1" doraHai="77" doraHaiUra="5" who="0" fromWho="1" sc="323,170,412,-160,103,0,152,0" owari="493,60.0,252,5.0,103,-40.0,152,-25.0" /></mjloggm>