<mjloggm ver="2.3"><GO type="225" lobby="0"/><UN n0="%E5%B7%B7%E3%81%AE%E6%89%93%E3%81%A1%E6%89%8B" n1="%E3%82%A6%E3%83%AB%E3%83%88%E3%83%A9%E7%AB%8B%E7%9B%B4" n2="%56%65%6E%75%73%53%61%79" n3="%69%73%61%6B%75%79%61" dan="17,16,18,17" rate="2171.31,2023.93,2239.91,2132.45" sx="M,M,M,M"/><TAIKYOKU oya="0"/><INIT seed="0,0,0,1,4,16" ten="250,250,250,250" oya="0" hai0="109,11,24,127,91,56,72,104,81,27,131,117,118" hai1="4,124,29,36,74,19,84,133,119,59,71,2,39" hai2="26,122,34,18,129,98,134,114,12,60,106,87,57" hai3="0,52,55,35,78,90,32,95,79,76,93,69,89"/><T22/><D104/><U68/><E84/><V8/><F114/><W25/><G76/><T65/><D27/><U86/><E86/><V130/><F122/><W66/><G25/><T23/><D11/><U115/><E19/><V132/><F87/><W41/><G41/><T92/><D81/><U61/><E29/><N who="2" m="19767" /><F98/><W111/><G66/><T50/><D72/><U64/><E4/><V45/><F45/><W9/><G9/><T62/><D24/><U13/><E59/><V75/><F106/><W120/><G0/><T43/><D118/><U107/><E61/><V1/><F75/><W7/><G7/><T31/><D117/><U123/><E64/><V47/><F47/><W73/><G73/><T20/><D31/><U3/><E13/><V135/><F57/><W116/><G116/><T126/><D131/><N who="2" m="50186" /><F60/><W17/><G17/><T30/><D30/><U103/><E103/><V121/><F121/><W77/><G77/><T112/><D112/><U44/><E44/><V38/><F38/><W67/><G120/><T49/><D43/><U96/><E96/><V99/><F99/><W37/><G37/><T101/><D101/><U125/><E39/><V58/><F58/><W5/><G79/><T110/><D50/><U33/><E71/><V48/><F48/><W80/><G78/><T128/><D49/><U42/><E42/><V53/><F53/><W83/><G69/><T82/><D128/><U113/><E113/><V54/><F54/><W88/><G80/><T70/><D82/><U63/><E115/><V100/><F1/><W51/><G83/><T85/><D70/><RYUUKYOKU ba="0,0" sc="250,15,250,-15,250,15,250,-15" hai0="20,22,23,56,62,65,85,91,92,109,110,126,127" hai2="8,12,18,100,132,134,135" /><INIT seed="0,1,0,5,4,72" ten="265,235,265,235" oya="0" hai0="108,32,92,128,41,58,10,129,46,126,62,135,101" hai1="49,51,66,28,114,73,69,96,113,27,43,99,33" hai2="84,67,74,122,82,18,24,98,105,55,52,26,106" hai3="61,9,79,5,15,30,12,11,86,132,125,25,40"/><T111/><D32/><U23/><E73/><V80/><F122/><W14/><G125/><T117/><D10/><U107/><E23/><V38/><F38/><W31/><G132/><T54/><D126/><U45/><E51/><V110/><F67/><W65/><G40/><T47/><D135/><U87/><E87/><V63/><F110/><N who="0" m="42026" /><D117/><U91/><E91/><V20/><F26/><W8/><G5/><T119/><D119/><U93/><E93/><V103/><F106/><W115/><G115/><T83/><D83/><U97/><REACH who="1" step="1"/><E107/><REACH who="1" ten="265,225,265,235" step="2"/><V127/><F127/><W123/><G123/><T16/><D47/><U76/><E76/><V48/><F48/><W59/><G25/><T34/><D92/><U22/><E22/><V94/><F63/><AGARI ba="1,1" hai="27,28,33,43,45,49,63,66,69,96,97,99,113,114" machi="63" ten="40,1300,0" yaku="1,1,53,0" doraHai="72" doraHaiUra="78" who="1" fromWho="2" sc="265,0,225,26,265,-16,235,0" /><INIT seed="1,0,0,3,0,103" ten="265,251,249,235" oya="1" hai0="11,6,51,41,23,135,71,53,49,66,93,127,97" hai1="99,34,56,36,89,62,73,68,113,40,18,80,125" hai2="12,16,8,122,77,86,47,21,4,94,58,39,35" hai3="110,105,70,57,100,102,26,95,3,61,87,119,27"/><U10/><E34/><V7/><F35/><W107/><G3/><T48/><D71/><U130/><E68/><V13/><F122/><W46/><G70/><T117/><D66/><U78/><E113/><V33/><F33/><W111/><G46/><T9/><D117/><U63/><E125/><V109/><F109/><N who="3" m="41483" /><G119/><T85/><D127/><U104/><E130/><V5/><F58/><W38/><G38/><T42/><D135/><U82/><E40/><N who="0" m="15465" /><D85/><U114/><E36/><V88/><F39/><W55/><G87/><T91/><D6/><U65/><E114/><V44/><REACH who="2" step="1"/><F77/><REACH who="2" ten="265,251,239,235" step="2"/><W106/><G102/><T20/><D53/><U43/><E56/><V121/><F121/><W19/><G19/><AGARI ba="0,1" hai="4,5,7,8,12,13,16,19,21,44,47,86,88,94" machi="19" ten="40,8000,1" yaku="1,1,8,1,54,2,53,0" doraHai="103" doraHaiUra="129" who="2" fromWho="3" sc="265,0,251,0,239,90,235,-80" /><INIT seed="2,0,0,2,3,80" ten="265,251,329,155" oya="2" hai0="57,114,61,107,124,123,127,111,13,49,48,96,129" hai1="119,64,71,97,89,43,126,66,115,67,70,44,19" hai2="73,104,84,102,6,0,128,53,50,32,59,112,63" hai3="14,68,62,24,118,54,87,65,113,45,117,56,78"/><V10/><F73/><W90/><G78/><T110/><D107/><U98/><E119/><V101/><F112/><W108/><G108/><N who="0" m="41515" /><D96/><U60/><E115/><V74/><F32/><W46/><G113/><T35/><D114/><U82/><E126/><N who="0" m="48169" /><D13/><U7/><E7/><V16/><F74/><W33/><G14/><T18/><D18/><U2/><E2/><V121/><F128/><W130/><G130/><T12/><D12/><U21/><E97/><V11/><F121/><W79/><G79/><T39/><D35/><U95/><E71/><V20/><F11/><W3/><G3/><T42/><D129/><U37/><E82/><V15/><F104/><W5/><G5/><T17/><D17/><U31/><E31/><V83/><F63/><W105/><G105/><T100/><D100/><U81/><E81/><V29/><F29/><W122/><G122/><T133/><D133/><U131/><E131/><V109/><F109/><W9/><G9/><T116/><D116/><U28/><E28/><V52/><F53/><W51/><G33/><T26/><D26/><AGARI ba="0,0" hai="19,21,26,37,43,44,60,64,66,67,70,89,95,98" machi="26" ten="30,1000,0" yaku="7,1" doraHai="80" who="1" fromWho="0" sc="265,-10,251,10,329,0,155,0" /><INIT seed="3,0,0,0,3,98" ten="255,261,329,155" oya="3" hai0="6,109,15,29,40,19,119,79,5,101,50,65,88" hai1="34,70,62,13,18,83,90,10,111,52,124,75,96" hai2="117,91,69,71,114,87,104,66,110,43,4,59,26" hai3="123,72,41,77,58,134,131,99,23,125,108,21,48"/><W51/><G123/><T132/><D119/><U128/><E34/><V64/><F104/><W12/><G72/><T73/><D109/><U95/><E111/><V45/><F110/><W49/><G108/><T36/><D36/><U93/><E124/><V89/><F4/><W31/><G125/><T47/><D29/><U74/><E128/><V102/><F26/><N who="3" m="16863" /><G131/><T27/><D27/><U57/><E70/><V127/><F127/><W53/><G134/><T100/><D50/><N who="3" m="19561" /><G77/><T44/><D65/><U11/><E83/><V85/><F114/><W9/><G99/><T63/><D63/><U129/><E129/><V7/><F7/><N who="0" m="2570" /><D79/><U122/><E122/><V24/><F24/><W56/><G21/><N who="0" m="11519" /><D73/><U67/><E11/><V126/><F126/><W30/><G30/><T20/><D132/><U112/><E112/><V55/><F117/><W8/><G41/><T76/><D76/><U16/><E67/><V46/><F43/><W94/><G56/><T92/><D20/><U113/><E113/><V54/><F59/><W3/><G3/><T1/><D1/><U32/><E32/><V42/><F42/><W120/><G120/><T80/><D40/><U39/><E39/><V37/><F37/><W82/><G82/><T38/><D80/><U35/><E35/><V33/><F33/><W86/><G12/><T68/><D68/><U107/><E107/><V121/><F121/><W133/><G133/><T2/><D2/><U97/><E18/><V106/><F106/><W0/><G0/><T118/><D118/><U14/><E14/><V17/><F17/><W130/><G130/><RYUUKYOKU ba="0,0" sc="255,-30,261,10,329,10,155,10" hai1="10,13,16,52,57,62,74,75,90,93,95,96,97" hai2="45,46,54,55,64,66,69,71,85,87,89,91,102" hai3="8,9,51,53,58,86,94" /><INIT seed="3,1,0,1,0,93" ten="225,271,339,165" oya="3" hai0="49,71,8,2,135,111,103,122,80,60,107,5,117" hai1="118,72,114,66,7,43,126,131,98,128,51,13,22" hai2="74,77,46,21,29,61,42,92,81,119,34,3,39" hai3="127,16,53,50,36,123,94,17,101,52,15,45,86"/><W76/><G123/><T110/><D122/><U124/><E72/><V44/><F119/><W89/><G127/><N who="1" m="48682" /><E66/><V87/><F34/><W105/><G36/><T88/><D117/><U65/><E65/><V68/><F68/><W18/><G76/><T59/><D49/><U14/><E114/><V108/><F61/><W37/><G37/><T91/><D71/><U132/><E118/><V133/><F3/><W85/><G85/><T78/><D135/><U83/><E83/><V11/><F133/><W99/><REACH who="3" step="1"/><G53/><REACH who="3" ten="225,271,339,155" step="2"/><N who="0" m="33903" /><D78/><U55/><E132/><V64/><F39/><W120/><G120/><T40/><D40/><U4/><E43/><V95/><F42/><W19/><G19/><T0/><D80/><U31/><E55/><V54/><F54/><W9/><AGARI ba="1,1" hai="9,15,16,17,18,45,50,52,86,89,94,99,101,105" machi="9" ten="20,18000,2" yaku="1,1,0,1,7,1,52,1,54,2,53,1" doraHai="93" doraHaiUra="97" who="3" fromWho="3" sc="225,-61,271,-61,339,-61,155,193" owari="164,-34.0,210,-19.0,278,8.0,348,45.0" /></mjloggm>