<mjloggm ver="2.3"><GO type="97" lobby="0"/><UN n0="%28%2A%C2%B4%CF%89%60%E2%98%85%29" n1="%6B%6F%75%63%68%61%6E%31" n2="%E7%B4%97%E5%B8%83%E9%9B%80%E5%A3%AB" n3="%E3%82%A6%E3%83%AB%E3%83%88%E3%83%A9%E7%AB%8B%E7%9B%B4" dan="13,14,14,15" rate="1868.99,1898.21,1906.60,1992.66" sx="F,M,F,M"/><TAIKYOKU oya="0"/><INIT seed="0,0,0,3,4,44" ten="250,250,250,250" oya="0" hai0="86,130,48,5,83,120,108,132,29,35,119,16,21" hai1="90,2,26,131,104,101,47,112,37,129,78,97,17" hai2="68,46,93,1,134,124,82,11,99,22,30,98,115" hai3="0,34,41,8,95,33,74,77,32,12,42,24,96"/><T69/><D119/><U70/><E70/><V3/><F115/><W52/><G0/><T81/><D120/><U45/><E2/><V60/><F124/><W20/><G77/><T66/><D132/><U18/><E78/><V92/><F134/><W58/><G74/><T39/><D39/><U75/><E75/><V59/><F68/><W71/><G71/><T121/><D121/><U123/><E123/><V89/><F82/><W64/><G64/><T28/><D83/><U49/><E112/><V91/><F46/><W126/><G126/><T65/><D5/><U36/><E90/><V110/><F110/><W53/><G53/><T114/><D114/><U87/><E87/><V7/><F1/><W6/><G20/><T122/><D122/><U80/><E80/><V76/><F76/><W4/><G4/><T127/><D127/><U67/><E67/><V51/><F22/><W105/><G105/><T25/><D29/><U13/><E26/><V19/><F19/><N who="1" m="7177" /><E13/><V113/><F30/><W61/><REACH who="3" step="1"/><G24/><REACH who="3" ten="250,250,250,240" step="2"/><N who="0" m="14375" /><D69/><U9/><E9/><V54/><REACH who="2" step="1"/><F113/><REACH who="2" ten="250,250,240,240" step="2"/><W85/><G85/><T94/><D86/><U62/><E131/><V125/><F125/><W63/><G63/><AGARI ba="0,2" hai="3,7,11,51,54,59,60,63,89,91,92,93,98,99" machi="63" ten="40,5200,0" yaku="1,1,9,1,52,1,53,0" doraHai="44" doraHaiUra="103" who="2" fromWho="3" sc="250,0,250,0,240,72,240,-52" /><INIT seed="1,0,0,5,4,86" ten="250,250,312,188" oya="1" hai0="13,56,58,14,64,26,53,112,127,119,107,66,17" hai1="75,82,83,77,6,43,4,67,42,130,10,101,115" hai2="73,104,120,118,51,65,80,49,85,3,102,79,9" hai3="90,93,23,5,33,124,113,97,110,61,44,29,132"/><U0/><E130/><V129/><F118/><W108/><G113/><T11/><D112/><U92/><E115/><V46/><F120/><W8/><G124/><T105/><D119/><U117/><E117/><V19/><F129/><W30/><G132/><T122/><D127/><U84/><E67/><V32/><F32/><W116/><G116/><T38/><D38/><U36/><E101/><V125/><F65/><W98/><G33/><T35/><D122/><U72/><E6/><V69/><F69/><W103/><G61/><T96/><D56/><U16/><E72/><V55/><F125/><W59/><G59/><T114/><D114/><U27/><E92/><V76/><F76/><W106/><G44/><T20/><D35/><U131/><E131/><V133/><F133/><W95/><G106/><T134/><D134/><U62/><E62/><V54/><F102/><W121/><G121/><T99/><D105/><U78/><E36/><V88/><F104/><W7/><G23/><T28/><D13/><U109/><E109/><N who="3" m="42090" /><G5/><T48/><D107/><U12/><E27/><V91/><F73/><W135/><G135/><T68/><D68/><U100/><E100/><V18/><F3/><AGARI ba="0,0" hai="3,7,8,29,30,90,93,95,97,98,103" m="42090" machi="3" ten="30,2000,0" yaku="14,1,52,1" doraHai="86" who="3" fromWho="2" sc="250,0,250,0,312,-20,188,20" /><INIT seed="2,0,0,1,5,22" ten="250,250,292,208" oya="2" hai0="105,122,66,132,35,95,121,101,51,67,40,96,74" hai1="110,28,81,8,69,56,21,61,135,118,111,90,109" hai2="73,59,2,97,30,58,16,50,91,13,53,36,133" hai3="9,14,126,11,18,134,82,89,125,98,54,4,32"/><V7/><F36/><W57/><G134/><T15/><D74/><U0/><E69/><V123/><F73/><W124/><G32/><T47/><D132/><U37/><E37/><V31/><F123/><W48/><G98/><T112/><D112/><U72/><E135/><V106/><F7/><W63/><G89/><T60/><D35/><U25/><E118/><V88/><F2/><W113/><G113/><T87/><D66/><U100/><E100/><V38/><F38/><W12/><G82/><T79/><D15/><U83/><E72/><V116/><F116/><W44/><REACH who="3" step="1"/><G44/><REACH who="3" ten="250,250,292,198" step="2"/><T128/><D121/><U49/><E90/><V86/><F91/><W52/><G52/><T76/><D122/><U117/><E117/><V33/><F33/><W77/><G77/><T71/><D79/><U130/><E130/><V23/><F133/><W103/><G103/><T39/><D76/><U80/><E49/><AGARI ba="0,1" hai="4,9,11,12,14,18,48,49,54,57,63,124,125,126" machi="49" ten="40,8000,1" yaku="1,1,18,1,53,2" doraHai="22" doraHaiUra="5" who="3" fromWho="1" sc="250,0,250,-80,292,0,198,90" /><INIT seed="3,0,0,0,3,122" ten="250,170,292,288" oya="3" hai0="95,12,18,52,25,27,123,104,21,61,106,7,5" hai1="87,3,69,48,53,33,135,80,4,22,84,6,39" hai2="127,91,109,55,9,76,74,107,63,90,40,71,81" hai3="54,113,46,83,44,111,77,28,85,108,82,57,67"/><W45/><G67/><T100/><D123/><U105/><E69/><V17/><F107/><W15/><G113/><T70/><D70/><U2/><E39/><V23/><F109/><N who="3" m="42059" /><G28/><T88/><D104/><U11/><E105/><V114/><F114/><W116/><G116/><T120/><D120/><U129/><E135/><V126/><F40/><W42/><G15/><T60/><D60/><U47/><E33/><V29/><F9/><W62/><G83/><T134/><D134/><U102/><E129/><V79/><F29/><W119/><G119/><T96/><D25/><U32/><E22/><V13/><F79/><W64/><G64/><T98/><D12/><U128/><E128/><V97/><F97/><W66/><G66/><T101/><D101/><U92/><E32/><V36/><F36/><AGARI ba="0,0" hai="36,42,44,45,46,54,57,62,77,82,85" m="42059" machi="36" ten="30,12000,1" yaku="14,1,10,1,52,3" doraHai="122" who="3" fromWho="2" sc="250,0,170,0,292,-120,288,120" owari="250,5.0,170,-33.0,172,-23.0,408,51.0" /></mjloggm>