<mjloggm ver="2.3"><GO type="97" lobby="0"/><UN n0="%6D%69%73%61%6B%69" n1="%E3%83%B3%E3%83%89%E3%82%A5%E3%83%90" n2="%E3%83%97%E3%82%AD%E3%83%A3%E3%83%8A%E3%83%B3" n3="%E3%82%A6%E3%83%AB%E3%83%88%E3%83%A9%E7%AB%8B%E7%9B%B4" dan="13,13,14,15" rate="1853.30,1839.96,1943.82,1941.93" sx="F,M,M,M"/><TAIKYOKU oya="0"/><INIT seed="0,0,0,4,5,127" ten="250,250,250,250" oya="0" hai0="103,77,41,124,133,51,64,44,56,121,61,10,25" hai1="20,34,29,94,109,66,28,54,128,9,46,119,49" hai2="131,80,87,118,2,55,17,126,13,60,31,88,59" hai3="122,72,45,53,67,105,104,65,111,129,70,96,19"/><T27/><D121/><U7/><E119/><V50/><F2/><W83/><G19/><T95/><D124/><U123/><E123/><V48/><F126/><W21/><G21/><T102/><D133/><U115/><E109/><V132/><F118/><W98/><G53/><T76/><D10/><U62/><E128/><V117/><F132/><W74/><G45/><T92/><D92/><U6/><E34/><V63/><F117/><W1/><G122/><T5/><D5/><U114/><E94/><V43/><F131/><W38/><G83/><T81/><D95/><U52/><E54/><V106/><F106/><W40/><G40/><T85/><D77/><U73/><E73/><V57/><F31/><N who="1" m="11849" /><E20/><V37/><F37/><W125/><G125/><T82/><D82/><U108/><E9/><N who="2" m="6319" /><F59/><W35/><G35/><T8/><D8/><U97/><E97/><V120/><F120/><W99/><G99/><T16/><D27/><U26/><E26/><V47/><AGARI ba="0,0" hai="43,47,48,50,55,57,60,63,80,87,88" m="6319" machi="47" ten="30,2000,0" yaku="8,1,54,1" doraHai="127" who="2" fromWho="2" sc="250,-10,250,-5,250,20,250,-5" /><INIT seed="1,0,0,5,4,101" ten="240,245,270,245" oya="1" hai0="83,62,53,81,31,45,56,115,109,54,74,50,110" hai1="18,134,42,128,12,7,22,111,65,20,75,122,102" hai2="108,114,91,72,126,44,19,40,57,6,129,125,25" hai3="38,82,105,97,37,27,60,5,87,28,34,79,21"/><U120/><E75/><V123/><F123/><W103/><G21/><T90/><D115/><U78/><E78/><V116/><F116/><W47/><G5/><T8/><D74/><U41/><E128/><V15/><F72/><W9/><G9/><T117/><D117/><U33/><E33/><V118/><F118/><W36/><REACH who="3" step="1"/><G60/><REACH who="3" ten="240,245,270,235" step="2"/><T16/><D31/><U112/><E7/><V135/><F6/><W51/><G51/><T73/><D73/><U2/><E20/><V13/><F114/><W98/><G98/><T130/><D130/><U4/><E112/><V96/><F129/><W58/><G58/><T39/><D39/><U71/><E4/><V43/><F57/><W94/><G94/><T32/><D32/><U52/><E120/><V106/><F96/><W61/><G61/><T68/><D68/><U93/><E122/><V107/><F125/><W92/><G92/><T89/><D83/><U64/><E71/><V49/><F126/><W127/><G127/><T132/><D81/><U104/><E93/><V70/><F49/><W99/><G99/><T35/><D35/><U63/><E63/><V131/><F70/><W84/><G84/><T48/><D48/><U86/><E86/><V30/><F131/><W133/><G133/><T67/><D8/><U46/><E22/><V113/><F113/><W17/><G17/><T124/><D124/><U0/><E18/><V26/><F19/><W119/><G119/><T29/><D16/><U55/><E134/><V121/><F121/><W85/><G85/><T23/><D132/><U80/><E80/><V10/><F135/><RYUUKYOKU ba="0,1" sc="240,-10,245,-10,270,-10,235,30" hai3="27,28,34,36,37,38,47,79,82,87,97,103,105" /><INIT seed="2,1,1,4,0,127" ten="230,235,260,265" oya="2" hai0="81,18,44,59,2,63,29,106,123,35,93,112,33" hai1="27,24,134,1,131,54,10,94,84,0,91,58,98" hai2="50,22,61,55,74,83,4,51,19,114,67,48,97" hai3="52,117,7,99,11,111,82,64,17,122,57,132,47"/><V108/><F114/><W34/><G34/><T124/><D123/><U110/><E134/><V88/><F108/><W90/><G122/><T75/><D112/><U3/><E110/><V43/><F4/><W70/><G117/><T14/><D106/><U107/><E131/><V69/><F43/><W23/><G132/><T101/><D2/><U92/><E107/><V26/><F74/><W36/><G64/><T60/><D124/><U71/><E71/><V38/><F38/><W31/><G31/><T49/><D63/><U126/><E10/><V103/><F83/><W105/><G70/><T39/><D39/><U13/><E13/><V95/><REACH who="2" step="1"/><F103/><REACH who="2" ten="230,235,250,265" step="2"/><W78/><G82/><T37/><D37/><U129/><E126/><V32/><F32/><W25/><G7/><T116/><D35/><U77/><E0/><V86/><F86/><W130/><G36/><T133/><D33/><U113/><E113/><V80/><F80/><W76/><G111/><T128/><D75/><U8/><E3/><V53/><AGARI ba="1,2" hai="19,22,26,48,50,51,53,55,61,67,69,88,95,97" machi="53" ten="30,6000,0" yaku="1,1,0,1,54,1,53,0" doraHai="127" doraHaiUra="109" who="2" fromWho="2" sc="230,-21,235,-21,250,83,265,-21" /><INIT seed="2,2,0,0,3,50" ten="209,214,333,244" oya="2" hai0="132,76,6,32,120,60,43,51,15,129,130,49,18" hai1="106,119,94,44,95,134,14,31,34,78,42,41,46" hai2="66,107,16,67,63,9,113,87,35,37,61,115,131" hai3="39,65,36,11,24,40,103,79,80,88,3,85,118"/><V13/><F107/><W58/><G103/><T123/><D32/><U64/><E106/><V54/><F37/><W127/><G118/><T93/><D132/><U135/><E119/><V102/><F102/><W62/><G127/><T30/><D76/><U104/><E104/><V38/><F38/><W114/><G114/><T21/><D30/><U72/><E64/><V57/><F131/><N who="0" m="50186" /><D6/><U19/><E31/><V27/><F87/><W69/><G24/><T74/><D74/><U124/><E124/><V91/><F91/><W99/><G11/><T92/><D60/><U70/><E70/><V52/><F113/><W1/><G69/><T98/><D93/><N who="1" m="35339" /><E34/><V28/><REACH who="2" step="1"/><F115/><REACH who="2" ten="209,214,323,244" step="2"/><W10/><G39/><T109/><D109/><U5/><E78/><V8/><F8/><W108/><G10/><T25/><D123/><U122/><E122/><V117/><F117/><W71/><G108/><T112/><D120/><U96/><E72/><V126/><F126/><W82/><G79/><T100/><D112/><U26/><E96/><V2/><F2/><W89/><G3/><T47/><D25/><U75/><E75/><V17/><F17/><W128/><G1/><T105/><D105/><U97/><E97/><V90/><F90/><W121/><G99/><T55/><D51/><N who="1" m="27023" /><E26/><V29/><F29/><W77/><G77/><T133/><D133/><U84/><E84/><V68/><AGARI ba="2,1" hai="9,13,16,27,28,35,52,54,57,61,63,66,67,68" machi="68" ten="20,18000,2" yaku="1,1,0,1,7,1,52,2,54,2,53,0" doraHai="50" doraHaiUra="125" who="2" fromWho="2" sc="209,-62,214,-62,323,196,244,-62" /><INIT seed="2,3,0,4,3,134" ten="147,152,519,182" oya="2" hai0="19,96,21,59,97,130,58,68,61,111,90,71,24" hai1="53,88,42,72,23,65,45,49,32,62,104,29,86" hai2="76,5,84,10,17,16,60,20,126,110,70,64,81" hai3="13,34,99,128,46,14,93,25,36,3,30,83,122"/><V41/><F126/><W116/><G3/><T87/><D111/><U48/><E72/><V74/><F110/><W22/><G34/><T6/><D130/><U123/><E104/><V100/><F100/><W106/><G106/><T92/><D6/><U33/><E123/><V77/><F41/><W7/><G7/><T0/><D0/><U67/><E23/><V105/><F105/><W102/><G116/><T119/><D119/><U132/><E132/><V120/><F120/><W18/><G36/><T82/><D97/><U103/><E103/><V133/><F133/><W112/><G112/><T101/><REACH who="0" step="1"/><D59/><REACH who="0" ten="137,152,519,182" step="2"/><U69/><E29/><V89/><F74/><W44/><G30/><T131/><D131/><U50/><E67/><AGARI ba="3,1" hai="19,21,24,58,61,67,68,71,82,87,90,92,96,101" machi="67" ten="30,2000,0" yaku="1,1,7,1,53,0" doraHai="134" doraHaiUra="73" who="0" fromWho="1" sc="137,39,152,-29,519,0,182,0" /><INIT seed="3,0,0,3,4,22" ten="176,123,519,182" oya="3" hai0="56,48,62,16,135,5,1,86,42,67,132,36,52" hai1="49,63,72,83,46,15,31,18,85,12,29,122,32" hai2="78,2,43,3,106,9,82,99,111,92,119,94,88" hai3="97,75,19,26,47,27,39,90,81,34,84,66,87"/><W80/><G75/><T64/><D36/><U6/><E122/><V55/><F119/><W114/><G66/><T0/><D5/><U40/><E72/><V13/><F106/><W21/><G97/><T96/><D96/><U71/><E32/><V33/><F33/><W73/><G73/><T38/><D38/><U105/><E105/><V60/><F111/><W112/><G47/><T10/><D86/><U14/><E71/><V103/><F43/><W113/><G39/><T70/><D42/><U134/><E134/><N who="0" m="51241" /><D67/><U108/><E108/><V50/><F2/><W74/><G74/><T54/><D54/><U118/><E118/><V77/><F3/><W131/><G131/><T98/><D98/><U7/><E63/><V107/><F82/><W133/><G133/><T125/><D125/><U115/><E115/><V45/><F60/><W4/><G4/><T104/><D104/><U100/><E100/><V65/><F65/><W124/><G124/><T116/><D116/><U123/><E123/><V58/><F45/><W101/><G101/><T120/><D120/><U68/><E68/><V41/><F41/><W76/><G34/><T11/><D11/><U57/><E57/><V8/><F107/><W61/><G61/><T93/><D93/><U127/><E127/><V17/><F8/><W129/><G129/><T79/><D79/><N who="1" m="46335" /><E18/><V130/><F130/><W24/><AGARI ba="0,0" hai="19,21,24,26,27,76,80,81,84,87,90,112,113,114" machi="24" ten="40,12000,1" yaku="0,1,52,3" doraHai="22" who="3" fromWho="3" sc="176,-40,123,-40,519,-40,182,120" /><INIT seed="3,1,0,4,4,74" ten="136,83,479,302" oya="3" hai0="88,7,101,16,54,130,53,116,43,21,126,134,22" hai1="115,112,59,65,98,24,55,50,0,100,91,36,40" hai2="79,106,30,33,1,52,82,108,133,23,17,19,11" hai3="8,99,120,123,105,66,38,61,75,85,128,70,4"/><W114/><G114/><T132/><D116/><U13/><E0/><V95/><F106/><W89/><G128/><T26/><D130/><U122/><E122/><V77/><F33/><W76/><G38/><T18/><D126/><U32/><E13/><N who="2" m="7359" /><F1/><W12/><G75/><T96/><D7/><U10/><E10/><V67/><F108/><W119/><G119/><T6/><D6/><U5/><E5/><V44/><F133/><N who="0" m="51306" /><D43/><U45/><E91/><V63/><F30/><W118/><G118/><T127/><D127/><U111/><E111/><V37/><F37/><W15/><G15/><N who="0" m="9375" /><D88/><U86/><E86/><V117/><F117/><W31/><G31/><T62/><D62/><U68/><E24/><V102/><F82/><W84/><G84/><T58/><D58/><U87/><E87/><V41/><F41/><W25/><G25/><T49/><D49/><U39/><E32/><V121/><F67/><W9/><G9/><T104/><AGARI ba="1,0" hai="18,22,26,53,54,96,101,104" m="9375,51306" machi="104" ten="30,2000,0" yaku="20,1,54,1" doraHai="74" who="0" fromWho="0" sc="136,23,83,-6,479,-6,302,-11" owari="159,-24.0,77,-42.0,473,57.0,291,9.0" /></mjloggm>