<mjloggm ver="2.3"><GO type="169" lobby="0"/><UN n0="%E3%83%99%E3%83%AB%E3%82%92%E7%9B%97%E3%82%81%EF%BC%81" n1="%E3%82%86%E3%81%86%E3%81%9F%E3%82%93" n2="%E3%82%A6%E3%83%AB%E3%83%88%E3%83%A9%E7%AB%8B%E7%9B%B4" n3="%6D%6F%6B%75%30%31%32%33" dan="16,16,17,16" rate="2113.54,2066.86,2059.64,2036.22" sx="M,M,M,M"/><TAIKYOKU oya="0"/><INIT seed="0,0,0,0,1,14" ten="250,250,250,250" oya="0" hai0="127,22,39,75,128,6,70,60,106,103,47,98,29" hai1="111,100,89,120,107,108,54,79,92,27,68,23,51" hai2="45,90,59,18,101,5,105,125,50,35,9,71,94" hai3="25,26,8,17,121,74,99,131,66,62,81,117,96"/><T132/><D128/><U44/><E68/><V7/><F71/><W28/><G131/><T86/><D132/><U46/><E79/><V52/><F35/><W88/><G117/><T56/><D127/><U84/><E120/><V114/><F114/><W65/><G121/><T4/><D75/><U63/><E63/><V72/><F72/><W41/><G41/><T3/><D70/><U93/><E107/><V110/><F101/><W85/><G74/><T78/><D3/><U115/><E115/><V82/><F82/><W135/><G135/><T20/><D39/><U19/><REACH who="1" step="1"/><E46/><REACH who="1" ten="250,240,250,250" step="2"/><V38/><F105/><W109/><G62/><T67/><D47/><U16/><E16/><V87/><F125/><W24/><G28/><T55/><D29/><U15/><E15/><N who="2" m="7535" /><F38/><W97/><G109/><T118/><D118/><U76/><E76/><V134/><F134/><W104/><G104/><T0/><D78/><U53/><E53/><V133/><F133/><W48/><REACH who="3" step="1"/><G48/><REACH who="3" ten="250,240,250,240" step="2"/><T1/><D106/><U13/><E13/><AGARI ba="0,2" hai="8,13,17,24,25,26,65,66,81,85,88,96,97,99" machi="13" ten="40,16000,3" yaku="1,1,2,1,8,1,52,1,54,1,53,3" doraHai="14" doraHaiUra="21" who="3" fromWho="1" sc="250,0,240,-160,250,0,240,180" /><INIT seed="1,0,0,4,5,125" ten="250,80,250,420" oya="1" hai0="126,7,71,101,69,77,31,55,120,73,19,112,14" hai1="49,100,61,106,36,87,38,119,114,130,23,62,18" hai2="80,40,104,57,102,63,89,95,17,51,15,133,45" hai3="96,72,28,113,11,27,124,131,103,134,16,32,122"/><U30/><E119/><V98/><F133/><W116/><G72/><T82/><D112/><U3/><E3/><V26/><F26/><W54/><G134/><T110/><D101/><U65/><E114/><V68/><F68/><W5/><G113/><T79/><D126/><U121/><E121/><V29/><F29/><W2/><G124/><T107/><D107/><U53/><E30/><V21/><F80/><W109/><G122/><T83/><D7/><U1/><E1/><V34/><F34/><W6/><G6/><T70/><D110/><U128/><E87/><V91/><REACH who="2" step="1"/><F104/><REACH who="2" ten="250,80,240,420" step="2"/><W99/><G109/><T59/><D31/><U58/><E106/><V33/><F33/><W111/><G111/><T35/><D35/><U43/><E100/><V129/><F129/><N who="1" m="49769" /><E43/><V135/><F135/><W50/><G103/><T10/><D120/><U76/><E76/><V44/><F44/><W88/><G131/><T4/><D70/><N who="1" m="42287" /><E62/><V8/><F8/><W64/><G116/><T0/><D71/><U9/><E9/><V81/><F81/><W37/><G11/><T66/><D83/><U52/><E53/><AGARI ba="0,1" hai="15,17,21,40,45,51,53,57,63,89,91,95,98,102" machi="53" ten="30,3900,0" yaku="1,1,7,1,8,1,53,0" doraHai="125" doraHaiUra="105" who="2" fromWho="1" sc="250,0,80,-39,240,49,420,0" /><INIT seed="2,0,0,1,0,128" ten="250,41,289,420" oya="2" hai0="104,30,24,12,29,96,92,50,97,41,58,67,101" hai1="125,100,115,19,72,120,132,39,70,119,54,15,68" hai2="94,112,33,31,127,105,49,60,25,126,21,78,83" hai3="44,65,114,79,69,121,93,51,71,116,17,81,88"/><V89/><F105/><W80/><G116/><T26/><D41/><U57/><E100/><V11/><F112/><W108/><G114/><T113/><D113/><U45/><E19/><V64/><F11/><W86/><G121/><T6/><D26/><U14/><E15/><V63/><F49/><W82/><G108/><T66/><D30/><U111/><E14/><V98/><F33/><W8/><G79/><T28/><D28/><U22/><E22/><V91/><F91/><W43/><G65/><T9/><D50/><U90/><E90/><V85/><REACH who="2" step="1"/><F63/><REACH who="2" ten="250,41,279,420" step="2"/><W61/><G61/><T123/><D104/><U46/><E39/><V35/><F35/><W76/><G76/><T87/><D9/><U32/><E115/><V2/><F2/><W4/><REACH who="3" step="1"/><G17/><REACH who="3" ten="250,41,279,410" step="2"/><T7/><D123/><U52/><E120/><V59/><AGARI ba="0,2" hai="21,25,31,59,60,64,78,83,85,89,94,98,126,127" machi="59" ten="30,3000,0" yaku="1,1,0,1,53,0" doraHai="128" doraHaiUra="0" who="2" fromWho="2" sc="250,-10,41,-10,279,50,410,-10" /><INIT seed="2,1,0,4,2,22" ten="240,31,329,400" oya="2" hai0="113,54,9,39,60,74,34,6,76,32,4,10,69" hai1="56,87,1,67,62,127,37,111,24,17,125,93,30" hai2="78,28,92,23,103,5,31,33,114,135,57,124,97" hai3="51,48,117,3,77,75,132,42,26,59,116,44,11"/><V120/><F120/><W95/><G77/><T123/><D113/><U133/><E37/><V72/><F114/><W84/><G75/><T112/><D112/><U118/><E118/><V88/><F124/><N who="1" m="47689" /><E1/><V47/><F135/><W70/><G70/><T101/><D123/><U68/><E133/><V36/><F5/><W64/><G132/><T119/><D101/><U71/><E111/><V121/><F121/><W65/><G117/><T50/><D39/><U129/><E129/><V14/><F33/><W80/><G95/><T18/><D18/><U110/><E110/><V104/><F47/><W99/><G99/><T89/><D89/><N who="1" m="53439" /><E17/><V122/><F36/><W98/><G116/><T12/><D60/><U102/><E102/><V106/><F122/><W49/><G3/><T13/><D69/><U86/><E86/><V131/><F131/><W20/><G84/><T115/><D115/><U0/><E0/><V126/><F126/><W107/><G98/><T43/><D119/><U52/><E67/><V58/><F103/><W55/><G64/><T2/><D2/><U100/><E100/><V8/><F106/><W91/><G65/><T79/><D43/><U130/><E130/><V66/><F66/><W46/><G42/><T19/><D19/><U128/><E128/><V38/><F38/><W21/><G107/><T29/><D74/><U82/><E82/><V27/><F104/><W105/><G80/><T41/><D41/><U96/><E96/><V85/><F72/><W35/><G105/><T63/><D4/><U94/><E94/><V73/><F92/><W53/><G91/><RYUUKYOKU ba="1,0" sc="240,-10,31,30,329,-10,400,-10" hai1="24,30,52,56,62,68,71" /><INIT seed="3,2,0,1,5,86" ten="230,61,319,390" oya="3" hai0="84,6,37,126,15,119,51,132,121,40,30,64,18" hai1="0,56,49,13,44,122,3,118,115,105,87,131,130" hai2="89,68,55,69,120,97,129,101,33,123,135,67,12" hai3="110,57,96,81,23,19,61,70,116,7,41,10,34"/><W36/><G34/><T8/><D119/><U38/><E122/><V17/><F33/><W125/><G70/><T63/><D121/><N who="2" m="46666" /><F67/><W80/><G116/><T1/><D132/><U88/><E115/><V108/><F129/><N who="1" m="49161" /><E105/><N who="2" m="63663" /><F108/><W29/><G29/><T77/><D126/><U98/><E118/><V32/><F32/><W72/><G125/><T43/><D37/><U133/><E133/><V128/><F128/><W9/><G110/><T53/><D30/><U71/><E71/><V28/><F28/><W103/><G41/><T26/><D26/><U79/><E38/><V95/><F55/><W45/><G45/><T14/><D1/><U27/><E27/><V5/><F5/><W113/><G36/><T65/><D77/><U111/><E111/><V48/><F48/><W102/><G7/><T35/><D35/><U94/><E56/><V107/><F107/><W66/><G57/><T24/><D24/><U114/><E114/><V91/><F135/><W127/><G113/><T83/><D63/><U39/><E39/><V73/><F73/><W58/><G72/><T134/><D65/><U20/><E13/><V75/><F75/><W47/><G66/><T22/><D64/><U109/><E109/><V62/><F62/><W92/><G61/><T59/><D134/><U60/><E60/><V104/><F104/><W117/><G117/><T31/><D31/><U78/><E20/><N who="2" m="11303" /><F69/><W52/><G127/><T90/><AGARI ba="2,0" hai="6,8,14,15,18,22,40,43,51,53,59,83,84,90" machi="90" ten="20,5200,0" yaku="0,1,7,1,8,1,52,1" doraHai="86" who="0" fromWho="0" sc="230,58,61,-15,319,-15,390,-28" /><INIT seed="4,0,0,1,0,60" ten="288,46,304,362" oya="0" hai0="86,93,19,6,81,108,75,130,98,73,2,43,107" hai1="80,111,101,45,115,126,20,120,3,88,125,96,57" hai2="133,10,30,82,35,61,85,49,99,39,118,32,25" hai3="47,1,7,109,105,119,29,135,59,114,89,28,71"/><T8/><D130/><U24/><E3/><V113/><F39/><W54/><G71/><T134/><D134/><U12/><E111/><V122/><F122/><W14/><G105/><T84/><D43/><U97/><E120/><V26/><F113/><W64/><G135/><T78/><D108/><U46/><E115/><V123/><F123/><W53/><G109/><T68/><D68/><U91/><E12/><V94/><F118/><W51/><G1/><T128/><D107/><U0/><E0/><V5/><F49/><W33/><G119/><T11/><D86/><N who="1" m="50247" /><E57/><V22/><F26/><W37/><G33/><T79/><D128/><U87/><E101/><V55/><F133/><W58/><G37/><T65/><D65/><U124/><E97/><V72/><F72/><W103/><G103/><T41/><D75/><U27/><E96/><V15/><F32/><W100/><G100/><T127/><D73/><U67/><E67/><V83/><F35/><W62/><G89/><T38/><D98/><U90/><E90/><N who="2" m="55767" /><F85/><W17/><G7/><T92/><D84/><U112/><E112/><V48/><F61/><N who="3" m="37951" /><G114/><T42/><D2/><U52/><E20/><AGARI ba="0,0" hai="14,17,20,28,29,47,51,53,54,58,62" m="37951" machi="20" ten="30,2000,0" yaku="8,1,52,1" doraHai="60" who="3" fromWho="1" sc="288,0,46,-20,304,0,362,20" /><INIT seed="5,0,0,5,3,88" ten="288,26,304,382" oya="1" hai0="122,20,84,28,117,7,116,34,115,16,58,41,25" hai1="35,97,135,19,106,82,105,126,134,85,70,112,6" hai2="24,110,52,104,69,98,101,13,68,66,47,99,128" hai3="22,3,39,63,9,18,93,60,5,32,76,46,44"/><U109/><E70/><V132/><F110/><W8/><G32/><T65/><D115/><U90/><E35/><V78/><F128/><W96/><G9/><T86/><D41/><U124/><E6/><V64/><F132/><N who="1" m="50729" /><E112/><V107/><F78/><W33/><G33/><T77/><D122/><U14/><E109/><V121/><F121/><W17/><G17/><T43/><D43/><U80/><E80/><V123/><F123/><W81/><G44/><T131/><D7/><U127/><E97/><V129/><F129/><W71/><G46/><T11/><D131/><U59/><E59/><V94/><F98/><W15/><G39/><T50/><D34/><U54/><E54/><V125/><F52/><W92/><G71/><T100/><D65/><U73/><E73/><V48/><F47/><W89/><REACH who="3" step="1"/><G93/><REACH who="3" ten="288,26,304,372" step="2"/><T67/><D11/><AGARI ba="0,1" hai="11,14,19,82,85,90,105,106,124,126,127" m="50729" machi="11" ten="40,3900,0" yaku="18,1,20,1" doraHai="88" who="1" fromWho="0" sc="288,-39,26,49,304,0,372,0" /><INIT seed="5,1,0,1,2,19" ten="249,75,304,372" oya="1" hai0="90,113,106,98,57,81,96,8,83,92,79,61,114" hai1="31,76,135,74,123,131,32,24,101,127,0,132,104" hai2="68,87,28,42,18,2,9,71,97,120,67,80,20" hai3="33,69,108,66,14,100,7,70,62,121,107,85,27"/><U112/><RYUUKYOKU type="yao9" ba="1,0" sc="249,0,75,0,304,0,372,0" hai1="0,24,31,32,74,76,101,104,112,123,127,131,132,135" /><INIT seed="5,2,0,2,5,52" ten="249,75,304,372" oya="1" hai0="9,53,28,58,43,83,65,2,36,50,14,107,17" hai1="76,108,94,33,102,7,112,126,99,44,104,41,114" hai2="21,98,71,51,49,69,42,66,100,90,86,109,24" hai3="93,122,59,15,29,121,48,18,62,22,87,103,116"/><U39/><E126/><V70/><F66/><W133/><G116/><T0/><D107/><U37/><E108/><V32/><F32/><W38/><G38/><T132/><D132/><U134/><E134/><V8/><F8/><W23/><G133/><T128/><D128/><U26/><E7/><V118/><F118/><W73/><G73/><T130/><D130/><U4/><E4/><V89/><F89/><N who="3" m="53439" /><G103/><T106/><D106/><U101/><E76/><V13/><F13/><W1/><G1/><T55/><D28/><N who="1" m="19607" /><E39/><V35/><F35/><W67/><G122/><T82/><D65/><U74/><E94/><V25/><F25/><N who="3" m="16575" /><G121/><T81/><D36/><U115/><E102/><V79/><F79/><W6/><G6/><T20/><D43/><U61/><E61/><V113/><F42/><W96/><G48/><T91/><D91/><U5/><E5/><V40/><F51/><W72/><G72/><AGARI ba="2,0" hai="37,41,44,72,74,99,101,104,112,114,115" m="19607" machi="72" ten="30,2900,0" yaku="15,1,23,1" doraHai="52" who="1" fromWho="3" sc="249,0,75,35,304,0,372,-35" /><INIT seed="5,3,0,3,5,101" ten="249,110,304,337" oya="1" hai0="84,74,10,99,118,83,17,70,31,54,35,95,57" hai1="49,110,61,78,32,45,11,115,9,51,72,112,106" hai2="1,67,114,113,102,80,13,19,92,6,5,117,111" hai3="28,116,77,65,132,42,66,126,122,133,121,15,34"/><U82/><E32/><V90/><F1/><W26/><G77/><T27/><D70/><U12/><E110/><V38/><F38/><W88/><G42/><T20/><D74/><U3/><E61/><V87/><F67/><N who="3" m="25611" /><G126/><T14/><D118/><U55/><E106/><V0/><F0/><W30/><G30/><T53/><D35/><U81/><E81/><V47/><F47/><W24/><G24/><T71/><D71/><U8/><E3/><V124/><F124/><W108/><G108/><T98/><D95/><U128/><E128/><V130/><F130/><W73/><G73/><T21/><D21/><U37/><E37/><V7/><F117/><W40/><G40/><T103/><D103/><U91/><E91/><V68/><F68/><W76/><G76/><N who="0" m="46183" /><D54/><U105/><E105/><V44/><F111/><W75/><G75/><T100/><D100/><U69/><E69/><V63/><F102/><W36/><G36/><T48/><AGARI ba="3,0" hai="10,14,17,20,27,31,48,53,57,98,99" m="46183" machi="48" ten="30,1100,0" yaku="8,1" doraHai="101" who="0" fromWho="0" sc="249,20,110,-8,304,-6,337,-6" /><INIT seed="6,0,0,4,1,15" ten="269,102,298,331" oya="2" hai0="30,119,57,52,87,49,105,0,84,56,46,38,45" hai1="130,58,35,117,50,10,91,42,1,116,60,126,71" hai2="62,121,80,22,39,135,82,40,75,29,118,129,98" hai3="31,64,20,53,18,95,100,81,99,86,17,111,11"/><V69/><F121/><W2/><G64/><T63/><D105/><U54/><E35/><V66/><F118/><W127/><G111/><T125/><D0/><U26/><E130/><V12/><F75/><W13/><G2/><T44/><D119/><U112/><E112/><V101/><F129/><W114/><G114/><T9/><D30/><U77/><E126/><V47/><F135/><W34/><G34/><T28/><D28/><U113/><E113/><V72/><F72/><W33/><G33/><T70/><D125/><U48/><E77/><V128/><F128/><W61/><G31/><T4/><D70/><U94/><E26/><V124/><F124/><W19/><G127/><T108/><D108/><U134/><E134/><V68/><F68/><W51/><G61/><T5/><D38/><U7/><E50/><V123/><F123/><W14/><G20/><T103/><D103/><U83/><E83/><V25/><F12/><W24/><G24/><T41/><D41/><U55/><E42/><V85/><F85/><N who="0" m="32842" /><D9/><U74/><E74/><V6/><F6/><W106/><G106/><AGARI ba="0,0" hai="22,25,29,39,40,47,62,66,69,80,82,98,101,106" machi="106" ten="30,1500,0" yaku="7,1" doraHai="15" who="2" fromWho="3" sc="269,0,102,0,298,15,331,-15" /><INIT seed="6,1,0,0,2,85" ten="269,102,313,316" oya="2" hai0="129,72,63,18,110,112,13,38,66,131,80,55,109" hai1="73,39,43,7,54,2,3,77,59,98,41,8,87" hai2="45,21,37,44,95,34,120,135,14,32,27,92,84" hai3="1,76,56,107,33,50,12,117,68,93,127,108,35"/><V49/><F120/><W132/><G12/><T82/><D38/><U75/><E3/><V83/><F135/><W51/><G93/><T115/><D55/><U60/><E87/><V67/><F67/><W126/><G76/><T40/><D40/><U70/><E70/><V121/><F121/><W130/><G56/><N who="0" m="37223" /><D72/><U46/><E43/><V24/><F37/><W94/><G51/><T4/><D4/><U57/><E57/><V47/><F49/><W17/><G50/><T79/><D79/><U64/><E98/><V119/><F119/><W116/><G94/><T28/><D28/><U74/><REACH who="1" step="1"/><E64/><REACH who="1" ten="269,92,313,316" step="2"/><V106/><F84/><W53/><G68/><T113/><D113/><U89/><E89/><V86/><F86/><W5/><G1/><T48/><D115/><U23/><E23/><V15/><F21/><W96/><G117/><T52/><D112/><U61/><E61/><V105/><F47/><W20/><G116/><T19/><D110/><U69/><E69/><V100/><F100/><W11/><G108/><T90/><D90/><U104/><E104/><V31/><F45/><W71/><G107/><T30/><D109/><U125/><E125/><V0/><F44/><W111/><G127/><T22/><D22/><U6/><E6/><V9/><F0/><W114/><G20/><T25/><D131/><U101/><E101/><V78/><F105/><W65/><G130/><T81/><D129/><U10/><E10/><V91/><F9/><W16/><G114/><T26/><D82/><AGARI ba="1,1" hai="2,7,8,39,41,46,54,59,60,73,74,75,77,82" machi="82" ten="40,5200,0" yaku="1,1,25,2,53,0" doraHai="85" doraHaiUra="133" who="1" fromWho="0" sc="269,-55,92,65,313,0,316,0" /><INIT seed="7,0,0,0,2,111" ten="214,157,313,316" oya="3" hai0="7,60,63,44,8,36,11,134,58,83,104,84,82" hai1="113,45,76,20,132,4,100,97,34,92,40,93,57" hai2="22,49,59,67,61,99,46,2,85,18,121,52,110" hai3="126,21,70,30,42,112,23,66,62,3,130,35,120"/><W102/><G3/><T6/><D104/><U131/><E34/><V16/><F2/><W37/><G120/><T79/><D134/><U127/><E132/><V32/><F32/><W88/><G102/><T90/><D36/><U129/><E127/><V98/><F121/><W114/><G126/><T91/><D44/><U72/><E4/><N who="0" m="1577" /><D63/><U80/><E57/><V31/><F110/><W48/><G37/><T17/><D83/><U135/><E135/><V29/><F18/><W81/><G130/><N who="1" m="49674" /><E20/><V87/><F98/><W26/><G48/><T124/><D124/><U41/><E45/><V25/><F99/><W12/><G42/><N who="1" m="16490" /><E93/><V38/><F38/><W86/><G12/><N who="0" m="7303" /><D11/><U106/><E106/><V133/><F133/><W51/><G51/><T109/><D109/><U108/><E108/><V89/><F85/><W95/><G95/><AGARI ba="0,0" hai="16,22,25,29,31,46,49,52,59,61,67,87,89,95" machi="95" ten="30,7700,0" yaku="7,1,8,1,54,2" doraHai="111" who="2" fromWho="3" sc="214,0,157,0,313,77,316,-77" owari="214,-19.0,157,-34.0,390,49.0,239,4.0" /></mjloggm>