<mjloggm ver="2.3"><GO type="97" lobby="0"/><UN n0="%E3%83%9E%E3%83%9C" n1="%E3%81%B0%E3%81%B0%E3%81%93%E3%82%93%E3%81%8C" n2="%E3%82%A6%E3%83%AB%E3%83%88%E3%83%A9%E7%AB%8B%E7%9B%B4" n3="%6C%6F%74%75%73%65%75%72" dan="14,15,15,13" rate="1864.57,1960.46,1998.80,1848.84" sx="M,M,M,M"/><TAIKYOKU oya="0"/><INIT seed="0,0,0,2,1,57" ten="250,250,250,250" oya="0" hai0="81,63,10,76,85,50,55,113,16,1,79,46,45" hai1="89,14,3,6,118,77,30,125,24,114,108,59,91" hai2="127,83,119,116,42,64,12,69,130,107,126,70,21" hai3="17,36,47,37,96,27,15,19,18,112,80,132,66"/><T32/><D113/><U13/><E125/><N who="2" m="47627" /><F107/><W72/><G112/><T88/><D32/><U82/><E118/><N who="2" m="45099" /><F42/><W0/><G0/><T22/><D1/><U53/><E108/><V71/><F83/><W48/><G132/><T87/><D10/><U35/><E114/><V62/><F130/><W38/><G66/><T65/><D46/><U78/><E3/><V61/><F64/><W23/><G96/><T86/><D86/><U29/><E78/><V94/><F94/><W40/><G72/><T133/><D87/><U56/><E56/><V128/><F128/><W109/><G109/><T39/><D39/><U120/><E120/><V60/><F12/><W92/><G80/><T95/><D81/><U49/><E14/><V100/><F21/><W117/><G117/><T9/><D9/><U51/><E82/><V110/><F100/><W105/><G105/><T115/><D133/><U99/><E77/><V75/><F110/><W90/><G15/><N who="0" m="9503" /><D115/><U26/><E99/><V106/><F106/><W102/><G102/><T67/><D67/><U73/><E73/><AGARI ba="0,0" hai="60,61,62,69,70,71,73,75" m="45099,47627" machi="73" ten="50,12000,2" yaku="28,2,18,1,12,1,52,3" doraHai="57" who="2" fromWho="1" sc="250,0,250,-120,250,120,250,0" /><INIT seed="1,0,0,1,3,77" ten="250,130,370,250" oya="1" hai0="49,31,72,47,33,76,39,25,22,65,53,6,21" hai1="70,131,12,54,126,108,103,3,93,88,10,40,134" hai2="128,92,20,52,122,97,114,89,15,110,29,90,74" hai3="100,64,28,117,2,5,16,59,44,118,11,84,127"/><U13/><E70/><V98/><F74/><W58/><G127/><T37/><D65/><U67/><E67/><V120/><F128/><W4/><G4/><T94/><D6/><U73/><E73/><V32/><BYE who="1" /><F32/><W130/><G130/><T41/><D37/><U68/><E68/><V50/><F110/><W112/><G112/><T78/><D78/><U113/><E113/><V116/><F114/><W121/><G121/><T80/><REACH who="0" step="1"/><D94/><REACH who="0" ten="240,130,370,250" step="2"/><U19/><E19/><V82/><F92/><W81/><G118/><T119/><D119/><U133/><E133/><V107/><F116/><W46/><G117/><T105/><D105/><U95/><E95/><V35/><F122/><W115/><G115/><T129/><D129/><U27/><E27/><V36/><F107/><W83/><G64/><T99/><D99/><U71/><E71/><V125/><F36/><W23/><G100/><T17/><D17/><U61/><E61/><V132/><F97/><W102/><G102/><T63/><D63/><U91/><E91/><V124/><F98/><W55/><G28/><T79/><D79/><U38/><E38/><V106/><F90/><W104/><G104/><T14/><D14/><U111/><E111/><V8/><F89/><W57/><G84/><T43/><D43/><U109/><E109/><V30/><F106/><W96/><G96/><T123/><D123/><U24/><E24/><V7/><F120/><W1/><G1/><T135/><D135/><U56/><E56/><AGARI ba="0,1" hai="21,22,25,31,33,39,41,47,49,53,56,72,76,80" machi="56" ten="30,3900,0" yaku="1,1,7,1,52,1,53,0" doraHai="77" doraHaiUra="60" who="0" fromWho="1" sc="240,49,130,-39,370,0,250,0" /><INIT seed="2,0,0,3,4,122" ten="289,91,370,250" oya="2" hai0="125,131,45,90,67,95,40,33,49,63,66,61,104" hai1="105,91,132,121,54,57,118,94,0,25,135,32,13" hai2="134,46,86,115,41,53,56,126,89,78,70,72,15" hai3="71,96,37,69,22,62,130,21,93,42,87,120,101"/><V1/><F1/><W83/><G120/><T117/><D104/><U108/><E108/><V27/><F70/><W39/><G130/><T23/><D33/><U80/><E80/><V88/><F115/><W60/><G39/><T2/><D2/><U34/><E34/><V112/><F72/><W10/><G37/><T97/><D117/><U4/><E4/><V102/><F112/><W113/><G113/><T110/><D125/><U106/><E106/><V16/><F126/><W75/><G75/><T12/><D131/><U44/><E44/><V107/><F107/><W116/><G116/><T50/><D50/><U8/><E8/><V20/><F102/><W47/><G10/><T35/><D35/><U84/><E84/><V11/><F134/><W18/><G22/><T74/><D74/><U59/><E59/><V73/><F73/><W76/><G71/><T92/><D92/><U9/><E9/><V85/><F46/><W99/><G69/><T28/><D110/><U114/><E114/><V77/><F41/><W111/><G111/><T51/><D51/><U128/><E128/><V103/><F103/><W17/><G17/><N who="0" m="10663" /><D28/><U38/><E38/><V19/><F85/><W6/><G99/><T14/><D14/><U124/><E124/><V109/><F109/><W58/><G6/><T82/><D82/><U5/><E5/><V64/><F64/><AGARI ba="0,0" hai="40,45,49,61,63,64,66,67,90,95,97" m="10663" machi="64" ten="30,1000,0" yaku="8,1" doraHai="122" who="0" fromWho="2" sc="289,10,91,0,370,-10,250,0" /><INIT seed="3,0,0,2,1,66" ten="299,91,360,250" oya="3" hai0="32,8,84,133,13,98,130,73,88,53,5,109,52" hai1="104,74,103,28,25,114,95,3,125,1,113,82,58" hai2="63,4,123,97,36,87,43,101,86,83,18,55,47" hai3="77,61,76,7,112,12,56,72,67,22,71,127,99"/><W27/><G112/><T135/><D32/><U48/><E48/><V38/><F38/><W90/><G127/><T78/><D130/><U14/><E14/><V108/><F108/><W35/><G35/><T68/><D109/><U29/><E29/><V21/><F4/><W37/><G37/><T15/><D15/><U41/><E41/><V10/><F10/><W81/><G76/><T89/><D98/><U65/><E65/><V19/><F123/><W122/><G122/><T105/><D105/><U30/><E30/><V120/><F120/><W119/><G119/><T0/><D0/><U46/><E46/><V23/><F63/><W49/><G99/><T16/><D5/><U33/><E33/><V129/><F55/><N who="0" m="21066" /><D68/><U75/><E75/><V118/><F129/><W96/><G49/><T9/><D9/><U91/><E91/><V110/><F110/><W94/><G12/><T116/><D116/><U85/><E85/><V111/><F87/><W34/><G7/><T79/><D73/><U50/><E50/><V62/><F62/><W92/><G92/><N who="0" m="54279" /><D89/><U131/><E131/><V117/><F111/><W134/><G34/><T59/><D59/><U45/><E45/><V54/><F47/><W39/><G39/><T100/><D100/><U69/><E69/><V11/><F117/><W124/><G124/><T128/><D128/><U6/><E6/><V115/><F36/><W64/><G134/><AGARI ba="0,0" hai="8,13,16,78,79,133,134,135" m="54279,21066" machi="134" ten="30,7700,0" yaku="20,1,54,3" doraHai="66" who="0" fromWho="3" sc="299,77,91,0,360,0,250,-77" owari="376,48.0,91,-41.0,360,16.0,173,-23.0" /></mjloggm>