<mjloggm ver="2.3"><GO type="41" lobby="0"/><UN n0="%E3%82%A6%E3%83%AB%E3%83%88%E3%83%A9%E7%AB%8B%E7%9B%B4" n1="%E6%9C%88%E6%A1%82%E6%A8%B9" n2="%E3%81%99%E3%81%BE%E3%81%9F" n3="%5A%27%7A" dan="16,15,14,13" rate="2047.83,2014.51,1899.92,1913.16" sx="M,M,M,M"/><TAIKYOKU oya="0"/><INIT seed="0,0,0,2,0,20" ten="250,250,250,250" oya="0" hai0="80,124,63,88,117,41,5,37,10,59,76,66,121" hai1="24,52,87,133,23,102,84,96,67,26,1,35,38" hai2="90,34,123,50,18,86,4,79,25,78,48,14,109" hai3="36,15,45,116,43,99,128,113,12,112,85,72,28"/><T62/><D121/><U81/><E38/><V95/><F109/><W69/><G72/><T3/><D117/><U13/><E1/><V74/><F123/><W6/><G116/><T103/><D103/><U130/><E67/><V61/><F61/><W71/><G128/><T110/><D110/><U89/><E35/><V126/><F126/><W65/><G12/><T39/><D124/><U49/><E133/><V44/><F74/><W94/><G69/><T100/><D100/><U104/><E87/><V122/><F122/><W120/><G120/><T64/><D41/><U27/><E13/><V58/><F58/><W93/><G71/><T46/><D46/><U92/><E104/><V118/><F118/><W2/><G2/><T119/><D119/><U111/><E111/><V22/><F48/><W106/><G65/><T97/><D76/><U75/><E75/><V31/><REACH who="2" step="1"/><F4/><REACH who="2" ten="250,250,240,250" step="2"/><W83/><G6/><T40/><D39/><U70/><E70/><V51/><F51/><W60/><G60/><T42/><D37/><U82/><E130/><V47/><F47/><W115/><G45/><T68/><D63/><U9/><E81/><V127/><F127/><W33/><G36/><T29/><D59/><N who="1" m="33167" /><E9/><V30/><F30/><AGARI ba="0,1" hai="23,24,26,27,30,82,84,89,92,96,102" m="33167" machi="30" ten="30,8000,1" yaku="8,1,52,3,54,1" doraHai="20" who="1" fromWho="2" sc="250,0,250,90,240,-80,250,0" /><INIT seed="1,0,0,1,1,126" ten="250,340,160,250" oya="1" hai0="41,63,104,118,69,13,60,45,122,40,47,61,94" hai1="36,84,85,116,130,64,81,131,48,134,82,23,74" hai2="119,43,129,80,135,26,71,133,121,106,70,3,68" hai3="91,38,128,25,46,33,77,108,132,4,6,125,44"/><U99/><E36/><V117/><F3/><W87/><G125/><T115/><D104/><U24/><E116/><N who="2" m="44619" /><F106/><W113/><G113/><T21/><D118/><U112/><E74/><V96/><F26/><W29/><G132/><N who="2" m="50761" /><F80/><W35/><G77/><T0/><D0/><U17/><E112/><V51/><F96/><W89/><G38/><T57/><D115/><U56/><E134/><V52/><F43/><W2/><G2/><T62/><D94/><U54/><E64/><V53/><F121/><W49/><G25/><T11/><D122/><U72/><E72/><V16/><F16/><W120/><G120/><T10/><D13/><U98/><E98/><V124/><F124/><W32/><G29/><T30/><D30/><U97/><E97/><V86/><F86/><W90/><G87/><T5/><D11/><U88/><E99/><V75/><F75/><W20/><G20/><T127/><D21/><U78/><AGARI ba="0,0" hai="17,23,24,48,54,56,78,81,82,84,85,88,130,131" machi="78" ten="30,11700,0" yaku="0,1,52,2,54,1" doraHai="126" who="1" fromWho="1" sc="250,-39,340,117,160,-39,250,-39" /><INIT seed="1,1,0,1,3,2" ten="211,457,121,211" oya="1" hai0="68,116,129,93,83,9,16,7,44,57,50,61,122" hai1="32,5,21,78,12,13,107,46,30,25,132,59,90" hai2="105,115,31,103,55,43,89,99,108,53,112,70,42" hai3="92,26,113,40,127,17,130,135,111,88,37,67,18"/><U24/><E107/><V87/><F108/><W109/><G113/><N who="2" m="43593" /><F70/><W19/><G135/><T69/><D122/><U100/><E100/><V27/><F43/><W123/><G123/><T22/><D116/><U23/><E78/><V86/><F42/><W117/><G117/><T36/><D36/><U66/><E46/><V119/><F119/><W82/><G130/><T64/><D129/><U41/><E41/><V15/><F15/><W79/><G127/><T104/><D104/><U121/><E121/><V11/><F11/><W133/><G133/><T63/><D68/><U102/><E102/><V110/><F110/><W97/><G67/><T39/><D39/><U47/><E47/><V10/><F10/><W58/><G58/><T52/><D63/><U114/><E114/><V118/><F118/><W14/><G26/><T96/><D69/><U28/><E59/><V124/><F124/><W60/><G60/><T33/><D33/><N who="1" m="20615" /><E66/><V106/><F106/><W34/><G34/><T56/><D64/><U1/><E90/><V0/><F0/><W38/><G111/><T4/><D61/><U85/><E132/><V91/><F91/><W84/><G109/><T76/><D56/><U48/><E48/><V35/><F87/><W29/><G38/><T77/><D57/><U73/><E85/><V128/><F128/><W101/><G37/><T71/><D71/><U62/><E62/><V125/><F125/><W95/><G40/><T131/><D131/><U98/><E1/><V51/><F51/><W45/><G45/><T72/><D50/><U20/><E32/><V126/><F126/><RYUUKYOKU ba="1,0" sc="211,-10,457,-10,121,30,211,-10" hai2="27,31,35,53,55,86,89,99,103,105" /><INIT seed="2,2,0,1,1,110" ten="201,447,151,201" oya="2" hai0="22,24,83,3,68,87,70,31,123,116,49,35,97" hai1="1,74,115,77,42,63,33,2,55,88,48,28,60" hai2="72,120,114,64,89,107,13,113,69,39,130,90,76" hai3="81,73,92,98,84,104,11,20,37,118,9,0,100"/><V53/><F120/><W109/><G37/><T50/><D3/><U19/><E1/><V131/><F39/><W127/><G118/><T14/><D123/><U41/><E2/><V34/><F34/><W71/><G71/><T29/><D116/><U105/><E105/><V26/><F107/><W8/><G109/><T44/><D50/><U12/><E77/><V10/><F26/><W23/><G0/><T36/><D36/><U126/><E74/><V66/><F53/><W135/><G135/><T25/><D97/><U108/><E115/><N who="2" m="44043" /><F72/><W67/><G127/><T132/><D132/><U54/><E28/><V57/><F76/><W47/><G67/><N who="2" m="25641" /><F69/><W40/><G40/><T15/><D68/><U16/><E33/><V5/><F57/><W17/><G47/><T45/><D45/><U59/><E126/><V133/><F133/><W56/><G56/><T134/><D134/><U27/><E108/><V18/><F5/><W119/><G119/><T96/><D70/><U58/><E41/><V65/><N who="2" m="25649" /><V121/><DORA hai="103" /><F121/><W86/><G17/><T21/><D35/><U52/><E42/><V85/><F85/><W99/><G84/><T38/><D38/><U95/><E27/><V101/><F101/><W91/><REACH who="3" step="1"/><G73/><REACH who="3" ten="201,447,151,191" step="2"/><T117/><D117/><U51/><E19/><V129/><AGARI ba="2,1" hai="10,13,18,89,90,129,130,131" m="25649,44043" machi="129" ten="50,12000,1" yaku="19,1,52,3" doraHai="110,103" who="2" fromWho="2" sc="201,-42,447,-42,151,136,191,-42" /><INIT seed="2,3,0,3,2,30" ten="159,405,287,149" oya="2" hai0="130,46,52,127,49,133,102,114,23,131,55,40,53" hai1="43,109,90,65,54,95,37,42,123,72,2,45,89" hai2="118,26,4,68,94,13,29,101,58,50,33,38,1" hai3="108,100,61,6,117,70,47,71,88,64,39,35,78"/><V79/><F118/><W107/><G117/><T27/><D114/><U105/><E2/><V86/><F68/><W31/><G108/><T34/><D102/><U104/><E72/><V126/><F38/><W18/><G71/><T22/><D127/><U98/><E109/><V91/><F126/><W121/><G121/><T0/><D0/><U7/><E7/><V125/><F125/><W67/><G67/><T81/><D81/><U32/><E32/><V120/><F120/><W17/><G78/><T110/><D110/><U69/><E43/><V11/><F101/><W19/><G6/><T82/><D82/><U74/><E74/><V92/><F79/><W116/><G116/><T66/><D66/><U115/><E115/><V16/><F50/><W103/><G39/><T112/><D112/><U24/><E65/><V83/><F58/><W122/><G122/><T44/><D44/><U10/><E69/><V36/><F36/><W15/><G47/><T56/><D56/><U135/><E105/><V96/><F96/><W51/><G51/><T59/><D59/><U111/><E98/><V12/><F12/><W73/><G73/><T20/><D133/><U85/><E104/><V84/><F84/><W63/><G15/><T134/><D134/><U8/><E135/><V113/><F113/><W3/><G3/><T48/><D48/><U76/><E85/><V129/><F129/><W106/><G106/><T87/><D87/><U99/><E76/><V75/><F75/><W97/><G107/><T28/><AGARI ba="3,0" hai="20,22,23,27,28,34,40,46,49,52,53,55,130,131" machi="28" ten="40,5200,0" yaku="0,1,52,1,54,1" doraHai="30" who="0" fromWho="0" sc="159,61,405,-16,287,-29,149,-16" /><INIT seed="3,0,0,4,4,28" ten="220,389,258,133" oya="3" hai0="47,88,3,120,83,32,58,106,125,46,37,118,129" hai1="8,4,48,101,43,56,111,74,49,92,128,99,20" hai2="26,12,51,114,14,57,72,104,16,36,132,109,73" hai3="52,33,123,15,27,70,17,11,22,25,65,124,81"/><W91/><G123/><T59/><D106/><U117/><E74/><V97/><F36/><W80/><G124/><T130/><D3/><U29/><E111/><V89/><F109/><W116/><G116/><T95/><D120/><U24/><E128/><V86/><F114/><W100/><G100/><T5/><D5/><U102/><E117/><V10/><F132/><W79/><G70/><T35/><D83/><U41/><E102/><V67/><F26/><W93/><G65/><T62/><D118/><U53/><E49/><V42/><F104/><W7/><G79/><T60/><D125/><U44/><E44/><V1/><F97/><W126/><G126/><T76/><D76/><U85/><E85/><V6/><F1/><AGARI ba="0,0" hai="1,4,8,20,24,29,41,43,48,53,56,92,99,101" machi="1" ten="30,1000,0" yaku="7,1" doraHai="28" who="1" fromWho="2" sc="220,0,389,10,258,-10,133,0" /><INIT seed="4,0,0,2,3,95" ten="220,399,248,133" oya="0" hai0="42,43,61,82,23,128,134,47,132,5,52,63,34" hai1="54,94,113,79,110,2,118,25,116,39,46,98,92" hai2="8,49,68,53,76,133,31,78,91,115,62,83,75" hai3="0,6,131,125,93,21,17,33,12,40,104,103,105"/><T16/><D34/><U28/><E110/><V67/><F78/><W3/><G125/><T109/><D109/><U1/><E79/><V121/><F121/><W127/><G127/><T41/><D5/><U81/><E81/><V30/><F115/><W65/><G131/><T108/><D108/><U9/><E92/><V112/><F112/><W55/><G33/><T58/><D128/><U48/><E39/><V10/><F133/><N who="0" m="51306" /><D82/><U20/><E113/><V27/><F91/><W13/><G40/><T90/><D90/><U11/><E1/><V120/><F120/><W66/><G6/><T89/><D89/><U88/><REACH who="1" step="1"/><E2/><REACH who="1" ten="220,389,248,133" step="2"/><V123/><F123/><W124/><G124/><T45/><D63/><U119/><AGARI ba="0,1" hai="9,11,20,25,28,46,48,54,88,94,98,116,118,119" machi="119" ten="30,8000,1" yaku="1,1,2,1,0,1,52,1,54,1,53,0" doraHai="95" doraHaiUra="70" who="1" fromWho="1" sc="220,-40,389,90,248,-20,133,-20" /><INIT seed="5,0,0,1,1,113" ten="180,479,228,113" oya="1" hai0="20,58,105,112,56,30,3,33,85,129,125,32,84" hai1="8,55,70,132,117,99,12,121,49,131,130,60,128" hai2="17,106,104,82,25,26,2,107,45,95,89,71,23" hai3="1,61,73,42,86,81,103,134,68,38,93,76,39"/><U100/><E121/><V36/><F2/><W67/><G134/><T37/><D125/><U96/><E132/><V102/><F71/><W118/><G1/><T92/><D3/><U63/><E117/><V50/><F36/><W31/><G42/><T98/><D105/><U14/><E70/><V94/><F82/><W127/><G127/><T34/><D37/><U10/><E49/><V115/><F115/><W75/><G75/><T135/><D135/><U83/><E83/><V24/><F102/><W69/><G69/><T53/><D129/><U111/><E55/><V40/><REACH who="2" step="1"/><F95/><REACH who="2" ten="180,479,218,113" step="2"/><W27/><G103/><T74/><D112/><U116/><E100/><V126/><F126/><W59/><G93/><T11/><D92/><U124/><E124/><V43/><F43/><W122/><G68/><T72/><D98/><AGARI ba="0,1" hai="17,23,24,25,26,40,45,50,89,94,98,104,106,107" machi="98" ten="40,2600,0" yaku="1,1,53,1" doraHai="113" doraHaiUra="41" who="2" fromWho="0" sc="180,-26,479,0,218,36,113,0" /><INIT seed="6,0,0,4,1,40" ten="154,479,254,113" oya="2" hai0="26,60,16,105,3,107,83,122,22,39,37,82,10" hai1="102,101,52,1,27,104,91,93,13,87,42,98,65" hai2="94,23,113,47,130,45,74,46,80,135,90,120,117" hai3="62,127,12,114,81,11,84,51,35,75,8,24,61"/><V0/><F0/><W64/><G75/><T53/><D122/><U50/><E1/><V89/><F120/><W96/><G127/><T38/><D3/><U32/><E65/><V97/><F117/><W25/><G35/><T133/><D133/><U6/><E42/><V79/><F135/><W17/><G11/><T15/><D60/><U56/><E101/><V69/><F69/><W92/><G114/><T110/><D110/><U132/><E132/><V34/><F34/><W66/><G62/><T86/><D53/><U116/><E116/><V5/><F113/><W36/><G36/><T48/><D48/><U73/><E73/><V121/><F5/><W55/><G96/><T31/><REACH who="0" step="1"/><D83/><REACH who="0" ten="144,479,254,113" step="2"/><U2/><E2/><V57/><F121/><W108/><G108/><T109/><D109/><U29/><E50/><V21/><F130/><W20/><G61/><T33/><D33/><U71/><E52/><V115/><F115/><W7/><G25/><T100/><D100/><U103/><E27/><V126/><F126/><W9/><G9/><T112/><D112/><U49/><E32/><V88/><REACH who="2" step="1"/><F57/><REACH who="2" ten="144,479,244,113" step="2"/><W30/><G7/><T131/><D131/><U70/><E56/><V4/><F4/><W14/><G66/><T59/><D59/><U58/><E70/><V67/><F67/><W129/><G64/><T134/><D134/><U95/><E71/><V44/><N who="2" m="11776" /><DORA hai="54" /><V63/><F63/><W123/><G129/><T19/><D19/><U43/><E58/><V76/><F76/><AGARI ba="0,2" hai="10,15,16,22,26,31,37,38,39,76,82,86,105,107" machi="76" ten="40,2600,0" yaku="1,1,54,1,53,0" doraHai="40,54" doraHaiUra="28,111" who="0" fromWho="2" sc="144,46,479,0,244,-26,113,0" /><INIT seed="7,0,0,2,4,78" ten="190,479,218,113" oya="3" hai0="133,63,33,21,93,14,74,112,71,89,91,31,16" hai1="82,94,41,72,56,81,108,38,102,85,52,120,1" hai2="49,62,103,47,48,105,130,11,50,3,45,99,37" hai3="19,109,135,84,101,34,68,8,79,28,88,92,66"/><W24/><G135/><T57/><D71/><U42/><E1/><V121/><F121/><W17/><G109/><T61/><D74/><U23/><E38/><V53/><F130/><W113/><G113/><T20/><D133/><U27/><E120/><V125/><F125/><W122/><G122/><T126/><D126/><U64/><E72/><V39/><F3/><W43/><G43/><T55/><D33/><U111/><E64/><V65/><F11/><W87/><G101/><T22/><D31/><U13/><E13/><V70/><F99/><W12/><G66/><T131/><D131/><U110/><E102/><V117/><F103/><W30/><G68/><T116/><D116/><U5/><E5/><V46/><F105/><W10/><G28/><T98/><D112/><U67/><E94/><V86/><F86/><W59/><G59/><T73/><D73/><U127/><E85/><V58/><F117/><W69/><G69/><T32/><D32/><U134/><E67/><V51/><AGARI ba="0,0" hai="37,39,45,46,47,48,49,50,51,53,58,62,65,70" machi="51" ten="30,12000,2" yaku="0,1,35,6" doraHai="78" who="2" fromWho="2" sc="190,-30,479,-30,218,120,113,-60" owari="160,-24.0,449,55.0,338,14.0,53,-45.0" /></mjloggm>