<mjloggm ver="2.3"><GO type="97" lobby="0"/><UN n0="%E6%9D%B1%E9%A2%A8%E3%81%AE%E3%81%B7%E3%83%BC" n1="%E3%82%A6%E3%83%AB%E3%83%88%E3%83%A9%E7%AB%8B%E7%9B%B4" n2="%E6%B7%A1%E8%B7%AF%E5%B3%B6%E3%82%8B%E3%83%BC%E3%81%A4" n3="%47%49%41" dan="15,15,15,13" rate="2012.60,2017.31,2000.72,1804.91" sx="M,M,M,M"/><TAIKYOKU oya="0"/><INIT seed="0,0,0,1,3,30" ten="250,250,250,250" oya="0" hai0="90,104,113,8,130,22,20,18,134,118,67,60,26" hai1="21,51,19,12,116,9,41,3,125,132,23,47,59" hai2="63,57,83,5,122,55,61,66,87,10,126,39,1" hai3="37,48,75,135,81,44,111,117,2,88,131,107,70"/><T49/><D113/><U98/><E116/><V72/><F126/><W82/><RYUUKYOKU type="yao9" ba="0,0" sc="250,0,250,0,250,0,250,0" hai3="2,37,44,48,70,75,81,82,88,107,111,117,131,135" /><INIT seed="0,1,0,4,0,4" ten="250,250,250,250" oya="0" hai0="134,74,120,98,14,24,72,39,36,40,47,109,46" hai1="83,88,68,133,50,22,111,129,59,64,48,37,106" hai2="104,95,61,45,20,71,16,77,128,12,42,108,32" hai3="26,58,124,117,76,81,66,92,112,102,122,49,86"/><T107/><D120/><U97/><E37/><V101/><F128/><W30/><G122/><T41/><D134/><U123/><E123/><V5/><F32/><W62/><G117/><T54/><D109/><U115/><E111/><V67/><F108/><W8/><G112/><T55/><D24/><U82/><E68/><V43/><F77/><W18/><G124/><T131/><D131/><U96/><E129/><V116/><F116/><W105/><G105/><T94/><D107/><U3/><E133/><V7/><F104/><W70/><G70/><T69/><D69/><U75/><E3/><V118/><F118/><W126/><G126/><T110/><D110/><U13/><E106/><V91/><F101/><W23/><G49/><N who="1" m="19050" /><E75/><V51/><REACH who="2" step="1"/><F43/><REACH who="2" ten="250,250,240,250" step="2"/><W27/><G102/><T89/><REACH who="0" step="1"/><D14/><REACH who="0" ten="240,250,240,250" step="2"/><U57/><E13/><V125/><F125/><W79/><G26/><T9/><D9/><U11/><E11/><V0/><F0/><W103/><G8/><T99/><D99/><AGARI ba="1,2" hai="5,7,12,16,20,42,45,51,61,67,71,91,95,99" machi="99" ten="30,3900,0" yaku="1,1,7,1,54,1,53,0" doraHai="4" doraHaiUra="127" who="2" fromWho="0" sc="240,-42,250,0,240,62,250,0" /><INIT seed="1,0,0,5,4,88" ten="198,250,302,250" oya="1" hai0="90,35,42,32,51,121,96,125,79,23,101,66,71" hai1="4,21,126,28,105,39,58,6,129,37,38,87,15" hai2="117,109,13,7,17,60,100,67,24,106,54,20,43" hai3="120,127,29,124,92,3,95,45,2,57,10,64,49"/><U78/><E105/><V84/><F117/><W98/><G120/><T133/><D121/><U8/><E126/><N who="3" m="48170" /><G29/><T36/><D125/><U110/><E129/><V53/><F109/><W135/><G135/><T16/><D133/><U108/><E58/><V48/><F43/><N who="3" m="24767" /><G98/><T26/><D36/><U91/><E78/><V11/><F106/><W94/><G10/><T75/><D90/><U25/><REACH who="1" step="1"/><E6/><REACH who="1" ten="198,240,302,250" step="2"/><V0/><F7/><W83/><G83/><AGARI ba="0,1" hai="4,8,15,21,25,28,37,38,39,83,87,91,108,110" machi="83" ten="50,4800,0" yaku="1,1,2,1,53,0" doraHai="88" doraHaiUra="107" who="1" fromWho="3" sc="198,0,240,58,302,0,250,-48" /><INIT seed="1,1,0,2,1,129" ten="198,298,302,202" oya="1" hai0="7,15,18,52,77,97,42,24,76,135,50,55,49" hai1="54,93,28,114,57,73,80,47,11,34,99,36,33" hai2="104,100,32,25,64,123,94,96,19,125,59,26,109" hai3="108,118,51,87,38,121,67,58,35,23,112,132,31"/><U134/><E114/><V98/><F123/><W4/><G121/><T133/><D42/><U1/><E28/><V5/><F125/><W124/><G118/><T89/><D7/><U56/><E34/><V113/><F113/><W20/><G112/><T46/><D24/><U122/><E33/><V85/><F109/><W63/><G108/><T88/><D77/><U29/><E29/><V70/><F5/><W130/><G38/><T127/><D76/><N who="1" m="44047" /><E122/><V102/><F70/><W30/><G124/><T81/><D127/><U44/><E44/><V60/><F32/><W13/><G130/><T78/><D97/><U110/><E54/><V66/><F66/><W21/><G35/><T27/><D27/><U14/><E14/><V79/><F79/><W103/><G103/><T8/><D78/><U84/><E84/><V17/><F85/><W120/><G87/><N who="0" m="50287" /><D89/><N who="1" m="55727" /><E110/><V39/><F39/><W2/><G120/><T82/><D82/><U74/><E74/><V22/><F25/><W107/><G107/><T48/><D48/><U41/><E134/><V119/><F119/><W101/><G132/><T105/><D105/><U0/><E0/><V40/><F40/><W86/><G86/><T111/><D111/><U43/><E43/><V131/><F131/><W128/><G128/><T10/><D8/><U75/><E75/><V91/><F17/><W45/><G101/><T72/><D72/><U37/><E37/><V95/><F100/><W6/><G2/><T53/><D53/><U61/><E61/><V92/><AGARI ba="1,0" hai="19,22,26,59,60,64,91,92,94,95,96,98,102,104" machi="92" ten="30,1100,0" yaku="0,1" doraHai="129" who="2" fromWho="2" sc="198,-4,298,-6,302,14,202,-4" /><INIT seed="2,0,0,2,5,25" ten="194,292,316,198" oya="2" hai0="131,92,85,14,83,48,124,51,133,97,127,101,46" hai1="81,22,55,117,49,5,60,2,106,99,52,107,45" hai2="93,129,63,15,57,62,9,72,67,132,114,91,121" hai3="12,69,59,34,66,37,44,4,82,54,68,58,0"/><V8/><F121/><W111/><G111/><T38/><D38/><U135/><E117/><V1/><F114/><W109/><G109/><T65/><D65/><U41/><E135/><V73/><F129/><W20/><G34/><T79/><D133/><U88/><E5/><V36/><F132/><W18/><G0/><T95/><D131/><U122/><E2/><V43/><F1/><W71/><G4/><T32/><D32/><U128/><E128/><V17/><F8/><W89/><G37/><T78/><D78/><U64/><E106/><V96/><F43/><W116/><G116/><T108/><D108/><U118/><E118/><V84/><F36/><W42/><G42/><T94/><D14/><U19/><E107/><V53/><REACH who="2" step="1"/><F96/><REACH who="2" ten="194,292,306,198" step="2"/><W33/><G33/><T105/><REACH who="0" step="1"/><D48/><REACH who="0" ten="184,292,306,198" step="2"/><U11/><E122/><V134/><F134/><W28/><G66/><T16/><D16/><U90/><E64/><V21/><F21/><W120/><G120/><T74/><D74/><U103/><E22/><V110/><F110/><W113/><G113/><T115/><D115/><U76/><E19/><V47/><F47/><W31/><G44/><T61/><D61/><U130/><E60/><V29/><F29/><W86/><REACH who="3" step="1"/><G54/><AGARI ba="0,2" hai="46,51,54,79,83,85,92,94,95,97,101,105,124,127" machi="54" ten="40,1300,0" yaku="1,1,53,0" doraHai="25" doraHaiUra="119" who="0" fromWho="3" sc="184,33,292,0,306,0,198,-13" /><INIT seed="3,0,0,0,3,128" ten="217,292,306,185" oya="3" hai0="22,91,119,18,63,95,32,66,16,37,33,36,10" hai1="89,130,8,25,5,23,77,116,110,132,88,67,9" hai2="14,133,92,17,126,102,127,94,120,49,46,2,99" hai3="58,65,79,78,4,76,38,62,135,52,31,54,28"/><W111/><G111/><T107/><D119/><U90/><E110/><V39/><F133/><W42/><G4/><T20/><D107/><U118/><E132/><V108/><F108/><W47/><REACH who="3" step="1"/><G135/><REACH who="3" ten="217,292,306,175" step="2"/><T117/><D117/><U11/><E118/><V80/><F120/><W59/><G59/><T85/><D36/><U56/><E116/><V93/><F39/><W98/><G98/><T68/><D37/><U74/><E130/><V12/><F2/><W82/><G82/><T55/><D10/><U70/><E70/><V45/><F80/><W48/><G48/><T134/><D134/><U97/><E5/><V131/><F131/><W1/><G1/><T123/><D123/><U41/><E97/><V69/><F69/><W87/><G87/><T83/><D83/><U27/><E74/><V40/><F46/><W35/><G35/><T124/><D124/><N who="2" m="47658" /><F14/><W0/><G0/><T60/><D60/><U3/><E3/><V114/><F114/><W122/><G122/><T64/><D33/><U43/><E27/><V53/><F40/><W113/><G113/><T19/><D32/><U7/><E7/><V57/><F57/><W21/><G21/><AGARI ba="0,1" hai="12,17,21,45,49,53,92,93,94,99,102" m="47658" machi="21" ten="30,1000,0" yaku="18,1" doraHai="128" who="2" fromWho="3" sc="217,0,292,0,306,20,175,-10" owari="217,-18.0,292,9.0,326,42.0,165,-33.0" /></mjloggm>