<mjloggm ver="2.3"><GO type="97" lobby="0"/><UN n0="%6F%74%6F%72%68%69%6E%6F" n1="%73%75%6F" n2="%E3%82%A6%E3%83%AB%E3%83%88%E3%83%A9%E7%AB%8B%E7%9B%B4" n3="%74%6F%79%61%68%61" dan="13,13,15,13" rate="1814.94,1890.50,1983.71,1845.95" sx="M,F,M,M"/><TAIKYOKU oya="0"/><BYE who="1" /><UN n1="%73%75%6F" /><INIT seed="0,0,0,0,3,102" ten="250,250,250,250" oya="0" hai0="123,74,47,67,87,132,93,77,71,88,121,17,29" hai1="14,82,13,68,90,10,97,27,124,62,95,64,94" hai2="104,109,96,12,108,111,56,28,122,36,18,33,76" hai3="5,73,79,42,130,133,81,101,100,127,15,19,118"/><T58/><D71/><U128/><E128/><V125/><F122/><W34/><G118/><T31/><D132/><U103/><E124/><V98/><F125/><W57/><G130/><T59/><D123/><U131/><E131/><V41/><F76/><W66/><G34/><T9/><D121/><U126/><E126/><V7/><F7/><W2/><G127/><T38/><D38/><U129/><E129/><V61/><F104/><W83/><G81/><N who="0" m="47535" /><D74/><U115/><E27/><N who="2" m="18591" /><F41/><W85/><G42/><T135/><D135/><U84/><E115/><V55/><F36/><W23/><G133/><T44/><D29/><U40/><E40/><V43/><F43/><W21/><G73/><T80/><D80/><U78/><REACH who="1" step="1"/><E10/><AGARI ba="0,0" hai="10,12,18,55,56,61,96,98,108,109,111" m="18591" machi="10" ten="30,1000,0" yaku="14,1" doraHai="102" who="2" fromWho="1" sc="250,0,250,-10,250,10,250,0" /><INIT seed="1,0,0,3,4,77" ten="250,240,260,250" oya="1" hai0="22,63,66,82,13,111,33,65,17,103,56,26,54" hai1="125,45,7,110,98,67,85,122,53,95,120,11,129" hai2="16,27,23,108,107,40,93,6,30,8,70,25,131" hai3="119,57,92,12,87,121,20,18,71,41,46,102,91"/><U43/><E67/><V76/><F107/><W48/><G71/><T50/><D111/><U117/><E117/><V114/><F70/><W112/><G119/><T73/><D103/><U104/><E104/><V106/><F106/><W14/><G121/><T115/><D115/><U80/><E129/><V127/><F108/><W44/><G112/><T37/><D37/><U81/><E125/><V90/><F127/><W135/><G135/><T126/><D126/><U84/><E110/><V101/><F101/><W49/><G57/><T1/><D1/><U35/><E35/><V72/><F40/><W61/><G61/><T39/><D39/><U60/><E43/><V97/><F114/><W62/><G62/><T3/><D3/><U55/><E120/><V116/><F131/><W64/><G102/><T134/><D134/><U68/><E68/><V36/><F36/><W75/><G75/><T109/><D109/><U34/><E34/><V69/><F69/><W29/><G64/><T51/><D33/><U128/><E128/><V21/><F116/><W38/><G29/><T96/><D96/><U89/><E122/><V5/><F8/><W74/><G74/><T58/><D73/><U105/><E105/><V4/><F72/><W99/><G99/><T88/><D26/><U94/><E45/><V79/><AGARI ba="0,0" hai="4,5,6,16,21,23,25,27,30,76,79,90,93,97" machi="79" ten="30,4000,0" yaku="0,1,8,1,54,1" doraHai="77" who="2" fromWho="2" sc="250,-10,240,-20,260,40,250,-10" /><INIT seed="2,0,0,1,2,1" ten="240,220,300,240" oya="2" hai0="66,107,53,120,62,26,49,65,10,2,124,55,102" hai1="73,15,67,22,16,87,74,20,86,38,36,25,113" hai2="109,40,126,130,46,52,97,45,81,85,11,104,7" hai3="95,14,89,51,70,42,84,63,128,134,105,48,96"/><V77/><F126/><W56/><G70/><T57/><D120/><U9/><E113/><V32/><F32/><W34/><G34/><T103/><D124/><U94/><E67/><V37/><F130/><W33/><G33/><T100/><D107/><U88/><E87/><V132/><F132/><W24/><G24/><T61/><D26/><U111/><E111/><V3/><F109/><W59/><G134/><T90/><D2/><U133/><E133/><V54/><REACH who="2" step="1"/><F46/><REACH who="2" ten="240,220,290,240" step="2"/><W108/><G108/><T106/><D106/><U121/><E121/><V98/><F98/><W17/><G105/><T28/><D28/><U39/><REACH who="1" step="1"/><E22/><REACH who="1" ten="240,210,290,240" step="2"/><V12/><F12/><W93/><G128/><T60/><D10/><U71/><E71/><V4/><F4/><AGARI ba="0,2" hai="4,9,15,16,20,25,36,38,39,73,74,86,88,94" machi="4" ten="40,8000,1" yaku="1,1,52,1,54,2,53,0" doraHai="1" doraHaiUra="44" who="1" fromWho="2" sc="240,0,210,100,290,-80,240,0" /><INIT seed="3,0,0,0,3,54" ten="240,310,210,240" oya="3" hai0="43,72,114,20,124,111,26,50,116,74,85,41,76" hai1="80,13,92,15,1,5,35,16,87,120,31,89,2" hai2="27,128,83,93,38,22,129,8,18,34,32,78,68" hai3="110,39,11,73,55,24,96,40,112,48,17,66,7"/><W109/><G112/><T14/><D116/><U108/><E120/><V99/><F68/><W106/><G66/><T51/><D114/><U125/><E125/><V119/><F38/><W46/><G73/><T102/><D124/><U45/><E108/><N who="3" m="41578" /><G106/><T91/><D111/><U88/><E35/><V70/><F70/><W44/><G96/><T28/><D102/><U61/><E31/><V95/><F119/><W84/><G84/><T9/><D74/><U36/><E5/><V132/><F95/><W113/><G113/><T98/><D98/><U64/><E13/><V135/><F83/><W127/><G127/><T57/><D72/><U82/><E2/><V30/><F78/><W90/><G90/><T77/><D76/><U19/><E1/><V115/><F115/><W97/><G97/><T104/><D104/><U79/><E19/><V100/><F8/><W103/><G103/><T94/><D77/><U33/><E33/><V49/><F34/><W123/><G123/><T42/><D57/><U117/><E36/><V81/><F81/><N who="1" m="31337" /><E45/><V101/><F101/><W10/><G7/><AGARI ba="0,0" hai="7,9,14,20,26,28,41,42,43,50,51,85,91,94" machi="7" ten="40,1300,0" yaku="8,1" doraHai="54" who="0" fromWho="3" sc="240,13,310,0,210,0,240,-13" owari="253,5.0,310,41.0,210,-29.0,227,-17.0" /></mjloggm>