<mjloggm ver="2.3"><GO type="97" lobby="0"/><UN n0="%79%6F%75%35%79%6F%75%35" n1="%4D%E5%B8%9D%E2%85%A2" n2="%E9%A3%9B%E6%9C%AB%E6%AD%A6%E5%BF%97" n3="%E3%82%A6%E3%83%AB%E3%83%88%E3%83%A9%E7%AB%8B%E7%9B%B4" dan="15,13,14,15" rate="2018.99,1867.81,1904.81,1998.70" sx="M,M,M,M"/><TAIKYOKU oya="0"/><INIT seed="0,0,0,0,3,84" ten="250,250,250,250" oya="0" hai0="36,47,59,83,41,129,12,10,89,27,17,118,93" hai1="9,61,30,131,77,52,0,81,80,132,124,3,135" hai2="125,102,101,71,19,115,60,54,91,21,26,75,58" hai3="16,122,99,119,6,127,1,40,106,7,34,25,117"/><T111/><D118/><N who="3" m="45065" /><G99/><T62/><D129/><U116/><E116/><V69/><F115/><W55/><G55/><T98/><D111/><U104/><E104/><V85/><F125/><W46/><G106/><T63/><D27/><U90/><E124/><V96/><F75/><W50/><G50/><T78/><REACH who="0" step="1"/><D59/><REACH who="0" ten="240,250,250,250" step="2"/><N who="1" m="35047" /><E131/><V73/><F71/><W49/><G127/><T35/><D35/><U65/><E30/><V8/><F69/><W130/><G34/><T66/><D66/><U88/><E65/><V110/><F110/><W87/><G130/><T95/><D95/><U74/><E81/><V64/><F64/><W48/><G25/><T39/><D39/><U114/><E114/><V20/><F73/><AGARI ba="0,1" hai="10,12,17,36,41,47,62,63,73,78,83,89,93,98" machi="73" ten="30,11600,0" yaku="1,1,7,1,52,1,53,1" doraHai="84" doraHaiUra="68" who="0" fromWho="2" sc="240,126,250,0,250,-116,250,0" /><INIT seed="0,1,0,3,0,65" ten="366,250,134,250" oya="0" hai0="87,93,25,49,31,104,20,64,126,14,28,55,38" hai1="69,70,105,66,88,13,3,54,86,32,0,76,5" hai2="115,99,57,121,116,35,106,61,46,82,4,17,59" hai3="16,75,112,27,63,120,127,133,45,119,79,128,74"/><T60/><D104/><U36/><E105/><V22/><F115/><W12/><G112/><T6/><D38/><U9/><E36/><V71/><F121/><W23/><G119/><T117/><D117/><U83/><E32/><V73/><F35/><W118/><G118/><T51/><D126/><U107/><E107/><V7/><F116/><W108/><G120/><T1/><D1/><U21/><E66/><V102/><F46/><W10/><G127/><T90/><D31/><U34/><E34/><V47/><F47/><W43/><G128/><T132/><D132/><U92/><E54/><V72/><F72/><W44/><G133/><T130/><D55/><U135/><E135/><V24/><F73/><W48/><G108/><T39/><D39/><U33/><E33/><V111/><F82/><W124/><G124/><T67/><D64/><U113/><E113/><V68/><F111/><W42/><G79/><T50/><D130/><U97/><REACH who="1" step="1"/><E21/><REACH who="1" ten="366,240,134,250" step="2"/><V62/><F7/><W98/><G63/><T8/><REACH who="0" step="1"/><D50/><REACH who="0" ten="356,240,134,250" step="2"/><U109/><E109/><V30/><F4/><W134/><G134/><T53/><D53/><U18/><E18/><V52/><F17/><W123/><G123/><T19/><D19/><U11/><E11/><V103/><F52/><W26/><G16/><T91/><D91/><U100/><E100/><V41/><F103/><W84/><G10/><T129/><D129/><U114/><E114/><V2/><F102/><W15/><G48/><T131/><D131/><U110/><E110/><V101/><F106/><W58/><G43/><T122/><D122/><U85/><E85/><RYUUKYOKU ba="1,2" sc="356,15,240,15,134,-15,250,-15" hai0="6,8,14,20,25,28,49,51,60,67,87,90,93" hai1="0,3,5,9,13,69,70,76,83,86,88,92,97" /><INIT seed="0,2,2,4,4,105" ten="371,255,119,235" oya="0" hai0="44,47,36,106,131,91,88,4,87,135,118,21,6" hai1="92,53,82,60,125,107,59,13,35,40,25,116,19" hai2="29,95,49,52,100,51,17,68,69,10,41,32,121" hai3="126,2,89,61,67,119,27,22,72,16,28,48,38"/><T127/><D106/><U81/><E107/><V117/><F121/><W110/><G38/><T45/><D118/><U57/><E116/><V128/><F117/><W31/><G2/><T111/><D36/><U124/><E40/><V80/><F128/><W84/><G119/><T66/><D131/><U112/><E112/><V43/><F32/><W83/><G126/><N who="1" m="48746" /><E92/><V114/><F29/><W12/><G110/><T14/><D127/><U34/><E59/><V115/><F80/><N who="1" m="30825" /><E25/><V39/><F39/><W109/><G109/><T65/><D111/><U3/><E3/><V62/><F95/><W93/><G48/><N who="2" m="18505" /><F100/><W104/><G104/><T77/><D135/><U78/><E78/><V7/><F7/><W132/><G132/><T96/><D96/><U97/><E97/><V55/><F17/><W63/><G63/><T30/><D77/><U20/><AGARI ba="2,2" hai="13,19,20,34,35,53,57,60" m="30825,48746" machi="20" ten="30,1100,0" yaku="18,1" doraHai="105" who="1" fromWho="1" sc="371,-7,255,37,119,-5,235,-5" /><INIT seed="1,0,0,2,3,18" ten="364,292,114,230" oya="1" hai0="65,123,2,73,32,77,44,85,22,117,134,108,131" hai1="127,61,1,84,19,41,72,58,128,82,27,23,25" hai2="96,105,24,97,121,69,98,40,133,68,50,118,132" hai3="38,89,74,42,88,106,47,34,81,70,21,135,37"/><U17/><E1/><V9/><F118/><W99/><G34/><T30/><D65/><U3/><E3/><V60/><F121/><W67/><G38/><T14/><D77/><U104/><E72/><V29/><F9/><W54/><G135/><N who="2" m="51785" /><F105/><W83/><G67/><T10/><D44/><U115/><E104/><V126/><F60/><W64/><G64/><T125/><D85/><U57/><E115/><V116/><F116/><W113/><G70/><N who="2" m="27241" /><F50/><W4/><G113/><T95/><D73/><U62/><E128/><V51/><F51/><W20/><G106/><T78/><D131/><U93/><E41/><V11/><F11/><W124/><G4/><N who="0" m="1303" /><D32/><U13/><E127/><V87/><F87/><N who="3" m="50303" /><G124/><T111/><D125/><U6/><E93/><V31/><F40/><W45/><G37/><T109/><D123/><U66/><E6/><V36/><F36/><W107/><G107/><T55/><D134/><U76/><E19/><V91/><F126/><W59/><G74/><T94/><D117/><U7/><E7/><V56/><F56/><N who="1" m="21609" /><E66/><V15/><F91/><W79/><G42/><T103/><D111/><U122/><E122/><V48/><F48/><N who="3" m="31175" /><G79/><T12/><D78/><U26/><AGARI ba="0,0" hai="13,17,23,25,26,27,61,62,76,82,84" m="21609" machi="26" ten="30,3000,0" yaku="8,1,52,1" doraHai="18" who="1" fromWho="1" sc="364,-10,292,30,114,-10,230,-10" /><INIT seed="1,1,0,3,3,56" ten="354,322,104,220" oya="1" hai0="69,35,72,127,91,33,13,14,48,6,73,46,100" hai1="45,58,134,47,105,108,25,114,40,52,26,74,102" hai2="113,112,84,27,32,82,63,67,61,59,132,93,31" hai3="7,75,118,42,78,43,101,119,117,68,12,66,65"/><U50/><E74/><V18/><F132/><W87/><G101/><T71/><D100/><U129/><E134/><V22/><F93/><W20/><G75/><T3/><D91/><U111/><E114/><V124/><F124/><W104/><G104/><T125/><D48/><U49/><E129/><V95/><F95/><W38/><G38/><T77/><D46/><U11/><E105/><V120/><F120/><W135/><G135/><T85/><D6/><U98/><E98/><V128/><F128/><W81/><G68/><T133/><D133/><U17/><E102/><V37/><F37/><W109/><G109/><N who="1" m="42058" /><E47/><V10/><F10/><N who="3" m="4191" /><G20/><T55/><D3/><U51/><E51/><V30/><F32/><W28/><G28/><T97/><D97/><U79/><E79/><V57/><F113/><W107/><G107/><T60/><D77/><U110/><N who="1" m="42066" /><U41/><DORA hai="106" /><E41/><AGARI ba="1,0" hai="41,42,43,65,66,78,81,87,117,118,119" m="4191" machi="41" ten="30,1000,0" yaku="12,1" doraHai="56,106" who="3" fromWho="1" sc="354,0,322,-13,104,0,220,13" /><INIT seed="2,0,0,2,1,96" ten="354,309,104,233" oya="2" hai0="95,29,44,110,107,50,55,45,22,0,78,76,74" hai1="59,30,14,84,53,34,61,97,15,106,33,118,62" hai2="11,114,36,16,88,18,2,70,8,108,12,90,32" hai3="49,6,129,17,123,128,39,103,121,65,117,7,105"/><V64/><F114/><W116/><G65/><T112/><D107/><U119/><E106/><V69/><F36/><W111/><G49/><T79/><D74/><U133/><E97/><V27/><F108/><W37/><G105/><T54/><D110/><U71/><E133/><V92/><F2/><W13/><G111/><T38/><D0/><U120/><E120/><V124/><F124/><W83/><G83/><T52/><D38/><U86/><E30/><V135/><F135/><W4/><G103/><T68/><D68/><U134/><E134/><V91/><F92/><W60/><G60/><T109/><D109/><U99/><E99/><V67/><F32/><W57/><G57/><T58/><D112/><U127/><E59/><V93/><F93/><W98/><G98/><T101/><D101/><U87/><E86/><V25/><F91/><W94/><G94/><T126/><D95/><U42/><E42/><V23/><F23/><N who="3" m="11695" /><G39/><T26/><D126/><U77/><E77/><V72/><REACH who="2" step="1"/><F12/><REACH who="2" ten="354,309,94,233" step="2"/><W35/><G37/><T20/><D79/><U75/><E127/><V82/><F82/><W132/><G132/><T73/><D78/><U48/><E34/><V43/><F43/><W113/><G35/><T21/><D76/><U51/><E33/><V5/><F5/><W131/><G113/><T28/><D73/><AGARI ba="0,1" hai="8,11,16,18,25,27,64,67,69,70,72,73,88,90" machi="73" ten="25,12000,1" yaku="1,1,22,2,54,2,53,0" doraHai="96" doraHaiUra="89" who="2" fromWho="0" sc="354,-120,309,0,94,130,233,0" /><INIT seed="2,1,0,2,4,65" ten="234,309,224,233" oya="2" hai0="5,132,73,6,2,104,59,3,86,94,47,20,130" hai1="69,84,10,21,129,90,46,113,68,77,111,71,85" hai2="34,72,105,62,11,100,17,128,57,122,87,91,101" hai3="29,27,16,107,92,45,118,51,49,30,4,134,12"/><V108/><F122/><W24/><G107/><T60/><D104/><U119/><E113/><V13/><F128/><W31/><G118/><T82/><D73/><U7/><E119/><V80/><F34/><W99/><G4/><T75/><D130/><U98/><E129/><V64/><F108/><W54/><G134/><T44/><D75/><U115/><E115/><V121/><F121/><W74/><G74/><T0/><D132/><U8/><E46/><V97/><F101/><N who="3" m="60647" /><G51/><T48/><D94/><U43/><E43/><V19/><REACH who="2" step="1"/><F72/><REACH who="2" ten="234,309,214,233" step="2"/><W133/><G133/><T55/><D0/><U23/><E111/><V22/><F22/><AGARI ba="1,1" hai="12,16,22,24,27,29,30,31,45,49,54" m="60647" machi="22" ten="30,2000,0" yaku="8,1,54,1" doraHai="65" who="3" fromWho="2" sc="234,0,309,0,214,-23,233,33" /><INIT seed="3,0,0,0,2,12" ten="234,309,191,266" oya="3" hai0="101,102,66,79,124,135,126,92,123,32,50,26,21" hai1="129,8,76,51,1,72,83,15,127,46,62,80,86" hai2="27,103,78,98,5,68,36,58,119,81,54,71,38" hai3="44,60,70,4,39,116,107,11,13,89,56,110,106"/><W96/><G70/><T75/><D32/><U100/><E1/><V19/><F119/><W131/><G116/><T55/><D123/><U104/><E129/><V67/><F5/><W53/><G131/><T73/><D66/><U49/><E127/><N who="0" m="48681" /><D135/><U121/><E121/><V77/><F71/><W64/><G110/><T20/><D79/><U41/><E62/><V88/><F68/><W90/><G39/><T7/><D7/><U122/><E122/><V133/><F133/><W118/><G118/><T115/><D115/><U18/><E104/><V108/><F108/><W113/><G113/><T42/><D42/><U57/><E100/><N who="0" m="38505" /><D92/><U97/><E97/><V29/><F67/><W132/><G132/><T65/><D65/><U2/><E2/><V33/><F77/><W114/><G114/><T74/><D26/><U6/><E6/><V84/><F78/><W45/><G106/><T87/><D87/><U24/><E24/><V111/><F111/><W14/><G14/><T59/><AGARI ba="0,0" hai="20,21,50,55,59,73,74,75" m="38505,48681" machi="59" ten="40,1500,0" yaku="18,1" doraHai="12" who="0" fromWho="0" sc="234,15,309,-4,191,-4,266,-7" owari="249,-15.0,305,40.0,187,-31.0,259,6.0" /></mjloggm>