<mjloggm ver="2.3"><GO type="97" lobby="0"/><UN n0="%E9%99%A4%E8%8F%8C%E5%AE%B6%E6%9C%A8%E7%B6%BF" n1="%36%36%E6%9C%9F%E5%8F%B8%E6%B3%95%E4%BF%AE%E7%BF%92%E7%94%9F" n2="%70%6F%6E%7A%65" n3="%E3%82%A6%E3%83%AB%E3%83%88%E3%83%A9%E7%AB%8B%E7%9B%B4" dan="15,15,15,15" rate="1936.16,2039.76,2018.24,2014.18" sx="M,M,M,M"/><TAIKYOKU oya="0"/><INIT seed="0,0,0,3,1,19" ten="250,250,250,250" oya="0" hai0="115,68,76,134,62,54,119,51,42,108,112,92,65" hai1="128,48,78,38,96,66,135,40,2,53,3,125,50" hai2="67,107,127,37,129,5,73,84,11,89,71,59,39" hai3="8,114,121,61,131,85,57,122,104,33,79,21,90"/><T75/><D75/><U25/><E128/><V116/><F107/><W106/><G33/><T132/><D76/><U28/><E135/><N who="0" m="51753" /><D92/><U120/><E125/><V91/><F127/><W109/><G131/><T105/><D105/><U124/><E120/><N who="3" m="46186" /><G109/><T9/><D9/><U23/><E78/><V117/><F129/><W16/><G79/><T72/><D72/><U64/><E124/><V14/><F73/><W12/><G114/><N who="0" m="43563" /><D119/><U133/><E3/><V70/><F91/><W58/><G8/><T1/><D1/><U44/><E2/><V56/><F14/><W24/><G12/><T34/><D34/><U80/><E80/><V36/><F11/><W4/><G4/><T130/><D130/><U20/><E96/><V46/><F5/><W103/><G103/><T52/><D108/><U43/><E133/><V63/><F84/><W32/><G32/><T22/><D22/><N who="1" m="15415" /><E38/><V123/><F123/><W77/><G77/><T99/><D99/><U7/><E7/><V26/><F26/><W27/><G27/><T47/><AGARI ba="0,0" hai="42,47,51,52,54,62,65,68" m="43563,51753" machi="47" ten="40,12000,1" yaku="20,1,34,2,54,1" doraHai="19" who="0" fromWho="0" sc="250,120,250,-40,250,-40,250,-40" /><INIT seed="0,1,0,5,2,47" ten="370,210,210,210" oya="0" hai0="107,132,81,80,37,34,50,76,31,17,28,106,115" hai1="36,33,18,113,105,55,78,26,27,38,16,53,123" hai2="35,69,65,58,20,54,52,79,45,128,91,12,2" hai3="44,9,8,70,129,111,46,71,117,122,130,5,116"/><T100/><D115/><U4/><E78/><V57/><F35/><W29/><G29/><T97/><D37/><U95/><E95/><V15/><F2/><W121/><REACH who="3" step="1"/><G5/><REACH who="3" ten="370,210,210,200" step="2"/><T25/><D31/><U63/><E4/><V61/><F128/><W90/><G90/><T19/><D132/><U48/><E113/><V13/><F91/><W82/><G82/><T118/><D118/><U131/><E33/><V104/><F79/><W23/><G23/><T125/><D125/><U51/><E131/><V110/><F110/><AGARI ba="1,1" hai="8,9,44,46,70,71,110,111,116,117,121,122,129,130" machi="110" ten="25,3200,0" yaku="1,1,22,2,53,0" doraHai="47" doraHaiUra="133" who="3" fromWho="2" sc="370,0,210,0,210,-35,200,45" /><INIT seed="1,0,0,1,5,126" ten="370,210,175,245" oya="1" hai0="18,91,44,111,31,92,64,77,74,41,9,85,37" hai1="3,1,71,4,15,119,135,101,127,113,70,116,47" hai2="123,28,81,103,84,114,62,19,42,128,90,53,21" hai3="35,124,55,14,82,121,17,27,80,33,25,66,38"/><U5/><E101/><V122/><F114/><W23/><G38/><T110/><D64/><U45/><E15/><V131/><F42/><W99/><G124/><T106/><D106/><U49/><E127/><V75/><F28/><W32/><G121/><T86/><D31/><U76/><E76/><V79/><F103/><W87/><G66/><T96/><D9/><U51/><REACH who="1" step="1"/><E135/><REACH who="1" ten="370,200,175,245" step="2"/><V20/><F79/><W52/><G14/><T22/><D77/><U0/><E0/><V46/><F75/><W98/><G27/><N who="0" m="14807" /><D74/><U133/><E133/><V125/><F125/><W100/><G100/><T134/><D134/><U88/><E88/><V69/><F123/><W83/><REACH who="3" step="1"/><G87/><REACH who="3" ten="370,200,175,235" step="2"/><T118/><D118/><U108/><E108/><AGARI ba="0,2" hai="37,41,44,85,86,91,92,96,108,110,111" m="14807" machi="108" ten="30,1000,0" yaku="14,1" doraHai="126" who="0" fromWho="1" sc="370,30,200,-10,175,0,235,0" /><INIT seed="2,0,0,2,5,67" ten="400,190,175,235" oya="2" hai0="45,14,8,6,0,30,74,10,93,125,65,11,17" hai1="57,82,108,49,111,109,85,91,58,50,4,120,115" hai2="15,119,95,114,1,55,44,27,75,99,129,130,12" hai3="88,9,47,39,135,83,5,73,53,69,78,90,38"/><V94/><F75/><W2/><G135/><T107/><D74/><U63/><E115/><V116/><F114/><W32/><G32/><T13/><D107/><U112/><E112/><V76/><F1/><W71/><G53/><T24/><D45/><U121/><E4/><V51/><F76/><W54/><G54/><T89/><D65/><N who="1" m="39151" /><E58/><V128/><F27/><W105/><G105/><T42/><D42/><U35/><E35/><V72/><F72/><W33/><G33/><N who="0" m="20679" /><D93/><U79/><E79/><V98/><F95/><W102/><G102/><T16/><D89/><N who="3" m="34409" /><G39/><T100/><D100/><U113/><E113/><V25/><F25/><W117/><G117/><N who="2" m="45129" /><F99/><W133/><G133/><T87/><D87/><U23/><E23/><V60/><F60/><W132/><G132/><T20/><D125/><U21/><E21/><AGARI ba="0,0" hai="0,6,8,10,11,13,14,16,17,20,21" m="20679" machi="21" ten="30,12000,2" yaku="24,1,35,5,54,1" doraHai="67" who="0" fromWho="1" sc="400,120,190,-120,175,0,235,0" /><INIT seed="3,0,0,0,3,22" ten="520,70,175,235" oya="3" hai0="24,12,1,45,72,129,134,78,14,62,90,23,103" hai1="86,40,98,69,101,54,97,104,80,116,25,126,33" hai2="124,71,21,114,83,8,38,67,115,132,5,73,13" hai3="106,17,0,121,74,9,57,42,27,34,19,105,95"/><W59/><G74/><T123/><D1/><U3/><E3/><V82/><F38/><W133/><G121/><T52/><D103/><U93/><E40/><V63/><F82/><W6/><G133/><T96/><D134/><U92/><E54/><V37/><F132/><W117/><G117/><T32/><D129/><U88/><E116/><V111/><F124/><W68/><G68/><T113/><D32/><U29/><E126/><V77/><F111/><W91/><G42/><T44/><D113/><U135/><E135/><V94/><F37/><W81/><G81/><T36/><D78/><U128/><E128/><V50/><F50/><W30/><G105/><T41/><D72/><U85/><E98/><V125/><F125/><W58/><G106/><T127/><D123/><U76/><REACH who="1" step="1"/><E69/><REACH who="1" ten="520,60,175,235" step="2"/><V20/><F115/><W18/><G57/><N who="0" m="35111" /><D24/><U120/><E120/><V107/><F114/><W11/><G58/><T31/><D23/><U110/><E110/><V75/><F21/><W87/><G59/><T89/><D90/><U4/><E4/><V43/><F20/><W39/><G11/><T28/><D45/><U15/><E15/><V79/><F13/><W109/><G109/><T7/><D127/><U60/><E60/><V131/><F43/><W26/><G39/><T99/><D7/><U53/><E53/><V119/><F63/><W112/><G112/><T100/><D12/><U108/><E108/><V56/><F119/><W64/><G6/><T46/><D14/><U130/><E130/><V118/><F131/><W102/><G0/><T122/><D122/><U49/><E49/><RYUUKYOKU ba="0,1" sc="520,-10,60,30,175,-10,235,-10" hai1="25,29,33,76,80,85,86,88,92,93,97,101,104" owari="520,61.0,90,-41.0,165,-23.0,225,3.0" /></mjloggm>