<mjloggm ver="2.3"><GO type="97" lobby="0"/><UN n0="%E3%82%B8%E3%83%A7%E3%82%A4%E3%82%B5%E3%83%B3" n1="%E3%83%8F%E3%83%A2%E5%B8%AB%E5%8C%A0" n2="%62%61%6C%66%6C%61%72%65" n3="%E3%82%A6%E3%83%AB%E3%83%88%E3%83%A9%E7%AB%8B%E7%9B%B4" dan="13,13,13,15" rate="1886.83,1865.50,1800.93,1971.91" sx="M,M,M,M"/><TAIKYOKU oya="0"/><INIT seed="0,0,0,2,0,98" ten="250,250,250,250" oya="0" hai0="92,74,95,56,116,33,16,122,32,120,123,17,118" hai1="112,134,15,133,88,86,125,107,53,132,103,29,36" hai2="8,72,69,111,135,81,51,44,40,50,100,105,130" hai3="41,61,119,62,45,115,12,0,102,90,106,104,87"/><T11/><D74/><U71/><E36/><V75/><F135/><W99/><G0/><T55/><D95/><U25/><E71/><V13/><F69/><W67/><G115/><T124/><D92/><U38/><E38/><V80/><F130/><W94/><G119/><N who="0" m="45611" /><D56/><U93/><E125/><V54/><F72/><W66/><G12/><N who="0" m="7199" /><D55/><U79/><E79/><V129/><F129/><W20/><G20/><T91/><D91/><U76/><E76/><V34/><F75/><W63/><REACH who="3" step="1"/><G106/><REACH who="3" ten="250,250,250,240" step="2"/><T121/><D121/><U52/><E112/><V37/><F105/><W31/><G31/><T42/><D124/><U24/><E134/><V83/><F83/><W57/><G57/><T6/><D6/><U114/><E133/><V1/><F81/><W10/><G10/><T101/><D123/><U5/><E132/><V46/><F80/><W21/><G21/><T7/><D7/><U27/><E5/><V78/><F1/><W96/><G96/><T2/><D2/><U77/><E114/><V28/><F8/><W131/><G131/><T68/><D122/><U30/><E107/><V97/><F97/><W85/><G85/><T14/><D120/><U19/><E86/><V26/><F28/><W65/><G65/><T43/><D32/><U59/><E59/><V47/><F34/><W109/><G109/><T49/><D33/><U4/><E4/><V110/><F110/><W73/><G73/><T9/><D68/><U64/><E64/><V39/><F111/><W48/><AGARI ba="0,1" hai="41,45,48,61,62,63,66,67,87,90,94,99,102,104" machi="48" ten="30,4000,0" yaku="1,1,0,1,52,1,53,0" doraHai="98" doraHaiUra="127" who="3" fromWho="3" sc="250,-20,250,-10,250,-10,240,50" /><INIT seed="1,0,0,5,2,18" ten="230,240,240,290" oya="1" hai0="119,83,44,96,131,47,52,36,42,13,48,107,26" hai1="43,69,63,104,106,85,46,11,24,101,3,116,117" hai2="17,71,89,40,121,87,72,118,125,55,128,123,56" hai3="35,127,5,99,0,50,53,93,81,1,112,126,76"/><U91/><E101/><V8/><F71/><W41/><G41/><T115/><D115/><U73/><E73/><V70/><F70/><W28/><G5/><T102/><D119/><U135/><E135/><V67/><F118/><W130/><G112/><T122/><D131/><U77/><E77/><V32/><F32/><W23/><G35/><T4/><D122/><U31/><E69/><V105/><F105/><W14/><G130/><T78/><D26/><U62/><E3/><V75/><F125/><W25/><G14/><T120/><D120/><U132/><E11/><V9/><F128/><W111/><G111/><T15/><REACH who="0" step="1"/><D4/><REACH who="0" ten="220,240,240,290" step="2"/><U82/><E117/><V103/><F123/><W6/><G6/><T100/><D100/><U133/><E116/><V61/><F121/><W58/><G127/><T39/><D39/><U66/><E133/><V60/><F103/><W10/><G126/><T59/><D59/><U30/><E132/><V37/><F37/><W80/><G58/><T86/><AGARI ba="0,1" hai="13,15,36,42,44,47,48,52,78,83,86,96,102,107" machi="86" ten="20,8000,1" yaku="1,1,0,1,7,1,54,1,53,1" doraHai="18" doraHaiUra="98" who="0" fromWho="0" sc="220,90,240,-40,240,-20,290,-20" /><INIT seed="2,0,0,2,0,59" ten="310,200,220,270" oya="2" hai0="60,79,19,34,18,31,36,17,122,113,89,45,99" hai1="7,101,74,48,62,22,80,39,131,30,72,129,118" hai2="35,134,28,33,56,116,61,8,1,2,109,13,132" hai3="97,87,53,127,114,54,107,14,85,70,23,5,76"/><V24/><F116/><W55/><G114/><T133/><D122/><U46/><E118/><V115/><F115/><W51/><G70/><T40/><D113/><U32/><E32/><V64/><F109/><W0/><G0/><T77/><D133/><N who="2" m="51306" /><F35/><W63/><G127/><T26/><D99/><U37/><E7/><AGARI ba="0,0" hai="1,2,7,8,13,24,28,33,56,61,64" m="51306" machi="7" ten="30,2900,0" yaku="20,1,52,1" doraHai="59" who="2" fromWho="1" sc="310,0,200,-29,220,29,270,0" /><INIT seed="2,1,0,1,2,39" ten="310,171,249,270" oya="2" hai0="101,120,16,119,5,130,38,47,93,99,10,98,109" hai1="62,41,117,6,114,46,125,104,59,87,1,122,43" hai2="85,95,40,20,118,83,57,97,42,77,102,92,69" hai3="35,7,50,53,106,67,133,29,135,111,27,71,73"/><V131/><F69/><W66/><G73/><T33/><D120/><U28/><E114/><V129/><F118/><W54/><G106/><T76/><D119/><U121/><E117/><V51/><F20/><W115/><G115/><T126/><D33/><U88/><E104/><V45/><F57/><W113/><G113/><T124/><D130/><N who="2" m="49674" /><F92/><W65/><G54/><AGARI ba="1,0" hai="40,42,45,51,54,77,83,85,95,97,102" m="49674" machi="54" ten="30,5800,0" yaku="19,1,52,2" doraHai="39" who="2" fromWho="3" sc="310,0,171,0,249,61,270,-61" /><INIT seed="2,2,0,3,5,27" ten="310,171,310,209" oya="2" hai0="118,126,20,54,104,78,92,97,131,48,57,0,85" hai1="34,62,79,108,90,127,26,75,4,37,45,25,23" hai2="72,71,119,107,3,56,32,44,15,109,93,35,63" hai3="6,16,98,59,33,117,130,120,5,70,115,99,103"/><V106/><F72/><W65/><G120/><T134/><D0/><U100/><E108/><V29/><F3/><W81/><G117/><T8/><D118/><U91/><E127/><V94/><F109/><W80/><G115/><T111/><D111/><U2/><E34/><V38/><F15/><W30/><G130/><T123/><D123/><U22/><E100/><V1/><F1/><W39/><G39/><T125/><D131/><U77/><E62/><V36/><F71/><W21/><G70/><T95/><D134/><U129/><E129/><V112/><F63/><N who="3" m="38143" /><G33/><T7/><D104/><U58/><E58/><V31/><F119/><W114/><G114/><T124/><D20/><U61/><E61/><V14/><F14/><N who="3" m="9367" /><G30/><T19/><D7/><N who="3" m="2569" /><G103/><T55/><D8/><U76/><E75/><V42/><F112/><W102/><G102/><T116/><D116/><U11/><E22/><V10/><F10/><W74/><G74/><T83/><D19/><U87/><E26/><V51/><F56/><W9/><G9/><T46/><D97/><AGARI ba="2,0" hai="80,81,97,98,99" m="2569,9367,38143" machi="97" ten="30,2000,0" yaku="8,1,54,1" doraHai="27" who="3" fromWho="0" sc="310,-26,171,0,310,0,209,26" /><INIT seed="3,0,0,5,2,25" ten="284,171,310,235" oya="3" hai0="4,22,99,3,63,21,0,33,71,24,48,31,81" hai1="117,56,77,29,76,78,112,124,17,11,61,70,8" hai2="26,66,133,7,42,1,5,121,120,14,55,107,109" hai3="113,126,45,54,64,47,103,50,60,106,72,20,13"/><W73/><G113/><T32/><D81/><U40/><E112/><V18/><F107/><W131/><G126/><T6/><D99/><U111/><E111/><V44/><F109/><W10/><G131/><T118/><D48/><U65/><E124/><V43/><F66/><W119/><G119/><T104/><D63/><U122/><E122/><N who="2" m="47211" /><F1/><N who="0" m="586" /><D71/><U75/><E117/><V39/><F26/><W115/><G115/><T108/><D104/><U12/><E40/><V92/><F92/><W83/><G103/><T37/><D37/><U87/><E75/><V127/><F127/><W67/><G106/><T114/><D114/><U94/><E70/><V62/><F39/><W30/><G83/><T59/><D59/><U80/><E8/><V51/><F62/><W110/><G110/><T2/><D108/><U28/><E94/><V88/><F42/><W46/><G72/><T116/><D4/><U38/><E38/><V57/><F43/><W101/><G101/><T86/><D86/><U90/><AGARI ba="0,0" hai="11,12,17,28,29,56,61,65,76,77,78,80,87,90" machi="90" ten="30,7900,0" yaku="0,1,8,1,52,2" doraHai="25" who="1" fromWho="1" sc="284,-20,171,79,310,-20,235,-39" /><INIT seed="4,0,0,4,5,61" ten="264,250,290,196" oya="0" hai0="18,10,77,47,125,131,132,54,103,67,24,111,76" hai1="60,4,100,5,118,50,117,99,7,19,120,2,8" hai2="45,82,86,128,49,126,62,14,135,22,57,109,64" hai3="91,84,71,11,119,55,12,81,129,31,92,39,106"/><T34/><D132/><U121/><E50/><V68/><F109/><W104/><G119/><N who="1" m="45578" /><E60/><V36/><F135/><W105/><G39/><T20/><D111/><U17/><E99/><V51/><F128/><W23/><G129/><T80/><D131/><U66/><E66/><V90/><F126/><W134/><G71/><T72/><D77/><U52/><E52/><N who="2" m="31887" /><F36/><W74/><G134/><T85/><D103/><U122/><E100/><V30/><F51/><W98/><G55/><T113/><D125/><U56/><E56/><N who="2" m="36935" /><F45/><W15/><G74/><T63/><D72/><U89/><E89/><V73/><F73/><W102/><REACH who="3" step="1"/><G11/><REACH who="3" ten="264,250,290,186" step="2"/><T112/><D10/><N who="1" m="2327" /><E7/><V1/><F68/><W9/><G9/><T32/><D54/><U48/><E48/><V88/><F1/><AGARI ba="0,1" hai="1,5,8,17,19,120,121,122" m="2327,45578" machi="1" ten="40,2600,0" yaku="34,2" doraHai="61" who="1" fromWho="2" sc="264,0,250,36,290,-26,186,0" /><INIT seed="5,0,0,5,0,11" ten="264,286,264,186" oya="1" hai0="90,42,106,70,45,84,117,22,17,89,81,80,110" hai1="25,3,43,48,72,35,94,119,19,33,115,6,1" hai2="127,29,64,114,71,62,27,47,134,69,54,46,63" hai3="98,101,53,78,37,104,103,77,74,41,124,51,5"/><U50/><E119/><V20/><F114/><W9/><G124/><T109/><D117/><U26/><E115/><V21/><F127/><W85/><G74/><T120/><D106/><U76/><E72/><V58/><F134/><W100/><G37/><T86/><D70/><U59/><E76/><V131/><F131/><W116/><G116/><T87/><D87/><U108/><E6/><V24/><REACH who="2" step="1"/><F69/><REACH who="2" ten="264,286,254,186" step="2"/><W133/><G133/><T16/><D120/><U92/><E108/><V65/><F65/><W40/><G104/><T28/><D110/><U79/><E79/><V66/><F66/><W111/><G78/><T91/><D109/><U10/><E1/><V2/><F2/><W125/><G125/><T38/><D91/><U123/><E3/><V129/><F129/><W132/><G132/><T32/><D32/><U96/><E123/><V93/><F93/><W23/><G111/><T97/><D97/><U135/><E96/><V128/><F128/><W4/><G98/><T36/><D36/><U105/><E135/><V68/><F68/><W57/><G85/><T113/><D113/><U14/><E35/><V52/><F52/><W60/><G77/><T18/><D28/><AGARI ba="0,1" hai="20,21,24,27,28,29,46,47,54,58,62,63,64,71" machi="28" ten="30,3900,0" yaku="1,1,7,1,9,1,53,0" doraHai="11" doraHaiUra="30" who="2" fromWho="0" sc="264,-39,286,0,254,49,186,0" owari="225,-17.0,286,9.0,303,39.0,186,-31.0" /></mjloggm>