<mjloggm ver="2.3"><GO type="97" lobby="0"/><UN n0="%E7%B7%91%E9%9D%92" n1="%6F%7A%30%34%30%30" n2="%E3%82%A6%E3%83%AB%E3%83%88%E3%83%A9%E7%AB%8B%E7%9B%B4" n3="%E6%85%8E%E5%B9%B3" dan="14,13,15,14" rate="1975.04,1820.53,1998.28,1975.94" sx="M,M,M,M"/><TAIKYOKU oya="0"/><INIT seed="0,0,0,5,2,85" ten="250,250,250,250" oya="0" hai0="80,56,41,28,69,21,46,81,57,17,123,116,3" hai1="95,79,118,73,8,35,87,84,96,91,14,19,48" hai2="50,122,100,9,88,119,129,125,34,120,124,131,108" hai3="47,98,49,33,115,130,99,27,10,93,6,104,64"/><T15/><D69/><U26/><E118/><V62/><F34/><W68/><G115/><T60/><D123/><U0/><E73/><V109/><F9/><W127/><G130/><N who="2" m="49673" /><F62/><W42/><G127/><N who="2" m="48713" /><F50/><W77/><G77/><T65/><D116/><U82/><E0/><V63/><F63/><W106/><G99/><T22/><D3/><U39/><E39/><V114/><F119/><W97/><G98/><T51/><D57/><U110/><E110/><N who="2" m="42603" /><F100/><W45/><G64/><T30/><D22/><U102/><E35/><V52/><F52/><W135/><G68/><T43/><D43/><U37/><E37/><V117/><F117/><W59/><G47/><T29/><AGARI ba="0,0" hai="15,17,21,28,29,30,41,46,51,56,60,65,80,81" machi="29" ten="30,3000,0" yaku="0,1,8,1" doraHai="85" who="0" fromWho="0" sc="250,30,250,-10,250,-10,250,-10" /><INIT seed="0,1,0,2,0,23" ten="280,240,240,240" oya="0" hai0="4,126,91,61,117,67,87,45,111,115,100,127,135" hai1="74,32,102,10,79,53,47,70,73,30,107,125,80" hai2="123,38,85,118,27,124,94,106,62,2,71,35,89" hai3="76,72,105,1,104,28,14,31,99,84,96,58,20"/><T54/><D115/><U7/><E125/><N who="0" m="47625" /><D117/><U98/><E53/><V134/><F134/><W17/><G1/><T103/><D135/><U11/><E10/><V86/><F123/><W0/><G0/><T44/><D4/><U65/><E47/><N who="0" m="17993" /><D54/><U129/><E129/><V56/><F38/><W6/><G72/><T90/><D111/><U15/><E15/><V19/><F2/><W114/><G114/><T60/><D91/><U82/><E11/><V93/><F118/><W36/><G36/><T113/><D113/><U66/><E7/><V88/><F124/><W33/><G6/><T92/><D61/><U46/><E46/><V39/><F39/><W69/><G69/><AGARI ba="1,0" hai="60,67,69,87,90,92,100,103" m="17993,47625" machi="69" ten="30,1500,0" yaku="18,1" doraHai="23" who="0" fromWho="3" sc="280,18,240,0,240,0,240,-18" /><INIT seed="0,2,0,3,2,48" ten="298,240,240,222" oya="0" hai0="58,110,9,99,6,19,126,129,17,5,106,10,85" hai1="89,54,96,47,26,134,101,111,50,7,30,4,125" hai2="119,53,127,87,98,34,118,63,45,108,94,21,62" hai3="55,27,22,115,39,116,37,130,42,80,92,38,91"/><T25/><D126/><U8/><E125/><V43/><F34/><W83/><G116/><N who="2" m="44585" /><F108/><W66/><G115/><T35/><D129/><U132/><E111/><V3/><F3/><W90/><G130/><T46/><D110/><U2/><E89/><N who="2" m="55631" /><F127/><W133/><G66/><T28/><D46/><U60/><E7/><N who="0" m="2569" /><D58/><U81/><E81/><V15/><F87/><W79/><G133/><T32/><D99/><U1/><E60/><V57/><F21/><W104/><G104/><T124/><D85/><U41/><E2/><V18/><F15/><W61/><G42/><T105/><D105/><U122/><E122/><V114/><F114/><W69/><G69/><T13/><D106/><U88/><E101/><V14/><F14/><W52/><G61/><T100/><D100/><U20/><REACH who="1" step="1"/><E41/><REACH who="1" ten="298,230,240,222" step="2"/><V16/><F63/><W71/><G83/><T75/><D124/><U84/><E84/><V82/><F82/><W131/><G131/><T67/><D75/><U97/><E97/><V107/><F107/><W44/><G90/><T77/><D77/><U113/><E113/><V78/><F78/><W65/><G80/><T86/><D86/><U49/><E49/><AGARI ba="2,1" hai="16,18,43,45,49,53,57,62" m="55631,44585" machi="49" ten="30,3900,0" yaku="12,1,52,1,54,1" doraHai="48" who="2" fromWho="1" sc="298,0,230,-45,240,55,222,0" /><INIT seed="1,0,0,2,1,86" ten="298,185,295,222" oya="1" hai0="124,101,134,24,129,29,122,53,83,36,0,14,25" hai1="57,131,39,18,30,56,33,37,51,93,46,6,8" hai2="108,23,40,22,132,71,58,95,111,4,79,105,69" hai3="123,128,117,48,121,118,126,116,3,98,133,84,75"/><U107/><E107/><V76/><F105/><W91/><G3/><T82/><D0/><U135/><E131/><V110/><F4/><W68/><G68/><N who="2" m="26185" /><F40/><W52/><G75/><T11/><D124/><U7/><E135/><V74/><F132/><W9/><G133/><T106/><D129/><U59/><E33/><V97/><F58/><N who="3" m="33031" /><G128/><T47/><D134/><U100/><E30/><V55/><F55/><W17/><G98/><T80/><D122/><N who="3" m="46601" /><G126/><T35/><D53/><N who="1" m="29943" /><E39/><V85/><F85/><W94/><G9/><T120/><D47/><U73/><E37/><V92/><F92/><W26/><G17/><T112/><D112/><U38/><E38/><V44/><F44/><W115/><G26/><T5/><D36/><U127/><E73/><V15/><F15/><W20/><G20/><N who="2" m="7721" /><F74/><W64/><G64/><T89/><D120/><U19/><E127/><V130/><F130/><W60/><G60/><T87/><REACH who="0" step="1"/><D25/><REACH who="0" ten="288,185,295,222" step="2"/><U103/><E8/><V125/><F125/><W66/><G66/><T90/><D90/><AGARI ba="0,1" hai="76,79,90,95,97,108,110,111" m="7721,26185" machi="90" ten="40,2600,0" yaku="14,1,52,1" doraHai="86" who="2" fromWho="0" sc="288,-26,185,0,295,36,222,0" /><INIT seed="2,0,0,1,4,90" ten="262,185,331,222" oya="2" hai0="89,102,13,132,61,31,20,48,82,57,107,120,10" hai1="129,52,121,34,23,42,126,69,12,99,55,125,0" hai2="19,113,70,54,7,74,96,21,45,2,78,68,124" hai3="105,60,35,108,79,71,117,66,5,131,73,33,58"/><V53/><F78/><W22/><G117/><T109/><D109/><U81/><E69/><V18/><F74/><W87/><G108/><T26/><D120/><U134/><E34/><V41/><F7/><W98/><G131/><T88/><D132/><U39/><E0/><V30/><F30/><W104/><G22/><T59/><D82/><U94/><E129/><V14/><F2/><W130/><G130/><T24/><D24/><U77/><E134/><V85/><F85/><W76/><G87/><T38/><D38/><U27/><E12/><V114/><F96/><W49/><G5/><T36/><D36/><U119/><E39/><V62/><F14/><W80/><G49/><T8/><D48/><U51/><E119/><V72/><F72/><W84/><G58/><T92/><D59/><U115/><E121/><V91/><F21/><W133/><G79/><T128/><D107/><U17/><E115/><V123/><F123/><W110/><G84/><T111/><D111/><U47/><E126/><V1/><F1/><W40/><G110/><T93/><D102/><U29/><E125/><V63/><F124/><W64/><G133/><T25/><D25/><U28/><E81/><V46/><F91/><W122/><G122/><T56/><D128/><U9/><E77/><V83/><F83/><W50/><G66/><T65/><D65/><U67/><E67/><V101/><F101/><N who="3" m="62519" /><G105/><T118/><D118/><U116/><E116/><V44/><F44/><W100/><G100/><T95/><D89/><N who="1" m="55759" /><E9/><N who="0" m="3689" /><D88/><U37/><E37/><V127/><F127/><W112/><G112/><T3/><D3/><RYUUKYOKU ba="0,0" sc="262,-30,185,10,331,10,222,10" hai1="17,23,27,28,29,42,47,51,52,55" hai2="18,19,41,45,46,53,54,62,63,68,70,113,114" hai3="33,35,40,50,60,64,71,73,76,80" /><INIT seed="2,1,0,0,4,57" ten="232,195,341,232" oya="2" hai0="50,97,21,87,10,98,53,7,9,70,31,6,58" hai1="54,112,95,65,48,3,5,121,91,93,24,42,61" hai2="30,67,55,108,84,117,18,122,123,75,107,129,49" hai3="120,11,78,130,22,132,64,51,103,28,135,92,59"/><V82/><F107/><W35/><G35/><T17/><D70/><U38/><E112/><V104/><F104/><W96/><G120/><T85/><D31/><U118/><E118/><V69/><F75/><W76/><G130/><T124/><D124/><U52/><E121/><V27/><F108/><W94/><G11/><T116/><D116/><U131/><E131/><V114/><F18/><W45/><G92/><T63/><D50/><U110/><E95/><V74/><F74/><W62/><G132/><T102/><D10/><U106/><E106/><V66/><F66/><W100/><G100/><T60/><D60/><U29/><E110/><V37/><F37/><W115/><G135/><T15/><D7/><U23/><E5/><V16/><F114/><W2/><G2/><T99/><REACH who="0" step="1"/><D102/><REACH who="0" ten="222,195,341,232" step="2"/><U12/><E38/><V56/><F30/><W72/><G115/><T34/><D34/><U80/><E3/><AGARI ba="1,1" hai="3,6,9,15,17,21,53,58,63,85,87,97,98,99" machi="3" ten="40,5200,0" yaku="1,1,52,1,53,1" doraHai="57" doraHaiUra="32" who="0" fromWho="1" sc="222,65,195,-55,341,0,232,0" /><INIT seed="3,0,0,5,3,87" ten="287,140,341,232" oya="3" hai0="124,62,31,43,97,42,54,72,22,115,114,78,35" hai1="32,109,57,17,48,61,3,86,9,58,118,47,132" hai2="34,19,100,51,92,21,8,64,108,73,6,103,28" hai3="66,91,125,126,70,39,49,135,5,96,104,94,123"/><W133/><G39/><T37/><D35/><U55/><E32/><V20/><F73/><W93/><G5/><T0/><D124/><N who="3" m="47721" /><G49/><T59/><D0/><U63/><E3/><V117/><F21/><W53/><G53/><N who="0" m="34159" /><D78/><U112/><E112/><N who="0" m="43049" /><D97/><U95/><E118/><V77/><F51/><W79/><G66/><T7/><D72/><U12/><E132/><N who="3" m="50762" /><G70/><T89/><D89/><U52/><E109/><V82/><F108/><W76/><G123/><T74/><D74/><U38/><E38/><V65/><F65/><W90/><G104/><T2/><D54/><U83/><E95/><V14/><F64/><W120/><G120/><T102/><D37/><U45/><REACH who="1" step="1"/><E48/><REACH who="1" ten="287,130,341,232" step="2"/><V84/><F117/><W80/><G80/><T44/><D2/><U111/><E111/><V29/><F34/><W113/><G113/><T85/><D43/><U67/><E67/><V121/><F121/><W101/><G101/><T26/><D102/><U128/><E128/><V23/><F103/><W16/><G16/><T11/><D42/><U105/><E105/><V46/><F19/><W127/><G127/><T116/><D116/><U81/><E81/><V40/><F100/><W99/><AGARI ba="0,1" hai="76,79,90,91,93,94,96,99" m="50762,47721" machi="99" ten="30,18000,2" yaku="18,1,20,1,34,2,52,2" doraHai="87" who="3" fromWho="3" sc="287,-60,130,-60,341,-60,232,190" owari="227,-17.0,70,-43.0,281,8.0,422,52.0" /></mjloggm>