<mjloggm ver="2.3"><GO type="41" lobby="0"/><UN n0="%78%62%6F%78%33%36%30%30" n1="%E3%82%A6%E3%83%AB%E3%83%88%E3%83%A9%E7%AB%8B%E7%9B%B4" n2="%6E%6F%62%75%74%6F%72%61" n3="%E3%83%99%E3%83%AB%E3%82%92%E7%9B%97%E3%82%81%EF%BC%81" dan="13,16,14,16" rate="1936.14,2013.62,1862.80,2005.02" sx="M,M,M,M"/><TAIKYOKU oya="0"/><INIT seed="0,0,0,5,2,54" ten="250,250,250,250" oya="0" hai0="111,48,103,68,16,109,39,72,3,80,36,71,38" hai1="47,124,64,75,98,97,2,17,77,74,91,29,24" hai2="115,22,114,73,37,44,30,105,87,32,131,4,50" hai3="27,67,86,92,66,55,130,81,6,34,126,70,102"/><T10/><D3/><U20/><E2/><V46/><F105/><W12/><G130/><T95/><D72/><U133/><E124/><V18/><F73/><W134/><G126/><T122/><D80/><U100/><E133/><V1/><F37/><W135/><G102/><T42/><D103/><U35/><E77/><V0/><F131/><W118/><G92/><T7/><D95/><U106/><E47/><V28/><F87/><W104/><G104/><T40/><D7/><U26/><E97/><V61/><F61/><W113/><G118/><T89/><D16/><U59/><REACH who="1" step="1"/><E91/><REACH who="1" ten="250,240,250,250" step="2"/><V62/><F115/><W117/><G113/><T88/><D89/><U129/><E129/><V57/><F114/><W19/><G135/><T78/><D88/><U132/><E132/><V31/><F1/><W53/><G134/><T83/><D78/><U49/><E49/><V63/><F0/><W112/><G112/><T96/><D96/><U119/><E119/><V43/><F50/><W52/><G117/><T13/><D83/><U69/><E69/><N who="0" m="26697" /><D48/><U5/><E5/><V99/><F99/><W94/><G6/><T120/><D13/><U82/><E82/><V60/><F4/><W84/><G81/><T21/><D10/><U23/><E23/><V25/><F22/><W125/><G125/><T11/><D21/><U65/><E65/><V41/><F32/><W15/><G67/><T108/><D11/><U85/><E85/><N who="3" m="32874" /><G34/><T116/><D116/><U9/><E9/><V58/><F25/><W33/><G33/><T123/><AGARI ba="0,1" hai="36,38,39,40,42,108,109,111,120,122,123" m="26697" machi="123" ten="50,24000,3" yaku="29,2,28,2,14,1,10,1,34,2" doraHai="54" who="0" fromWho="0" sc="250,250,240,-80,250,-80,250,-80" /><INIT seed="0,1,0,0,5,106" ten="500,160,170,170" oya="0" hai0="126,0,71,130,99,86,18,34,31,35,50,22,6" hai1="28,24,67,43,90,54,9,58,14,47,49,39,107" hai2="121,103,92,17,134,2,5,44,84,108,59,11,125" hai3="122,74,10,23,135,81,118,29,4,60,48,100,110"/><T89/><D71/><U116/><E116/><V65/><F121/><W82/><G118/><T115/><D115/><U38/><E107/><V131/><F108/><W41/><G110/><T61/><D126/><U73/><E67/><V37/><F125/><W19/><G29/><T1/><D130/><U77/><E90/><V88/><F131/><W33/><G33/><T25/><D61/><U15/><E15/><V124/><F134/><W104/><G135/><T57/><D99/><U129/><E129/><V69/><F17/><W66/><G122/><T68/><D68/><U120/><E120/><V96/><F69/><W42/><G100/><T26/><D57/><U123/><E123/><V27/><F27/><W13/><G104/><T12/><D50/><U80/><E58/><V20/><F20/><W7/><G7/><T46/><D46/><U98/><E98/><V87/><F44/><W127/><G127/><T94/><D6/><U109/><E43/><V79/><F37/><W119/><G119/><T111/><REACH who="0" step="1"/><D111/><REACH who="0" ten="490,160,170,170" step="2"/><U93/><E109/><V40/><F59/><W133/><G133/><T113/><D113/><U91/><E39/><V76/><F124/><W114/><G114/><T53/><D53/><U3/><E38/><V97/><F65/><W95/><G48/><T63/><D63/><U78/><E54/><V75/><F40/><W83/><G42/><T16/><D16/><U72/><E49/><V70/><F70/><N who="3" m="42311" /><G41/><T64/><D64/><U45/><E45/><V132/><F132/><W55/><G55/><T117/><D117/><U128/><E47/><V51/><F51/><RYUUKYOKU ba="1,1" sc="490,30,160,-10,170,-10,170,-10" hai0="0,1,12,18,22,25,26,31,34,35,86,89,94" /><INIT seed="0,2,1,1,2,116" ten="520,150,160,160" oya="0" hai0="30,98,14,77,80,92,106,53,59,120,128,104,67" hai1="18,112,135,9,21,71,103,12,132,51,33,89,38" hai2="66,72,108,19,65,11,111,34,61,133,93,1,117" hai3="91,45,55,58,15,115,13,60,44,107,78,122,118"/><T24/><D128/><U127/><E38/><V35/><F72/><W121/><G107/><T70/><D120/><N who="3" m="46185" /><G118/><T6/><D6/><U76/><E33/><V25/><F93/><W83/><G91/><T3/><D3/><U86/><E71/><V131/><F131/><W36/><G115/><T95/><D14/><N who="3" m="5129" /><G36/><T62/><D106/><U79/><E103/><V57/><F66/><W73/><AGARI ba="2,1" hai="44,45,55,58,60,73,78,83" m="5129,46185" machi="73" ten="30,7900,0" yaku="13,1,52,3" doraHai="116" who="3" fromWho="3" sc="520,-41,150,-22,160,-22,160,95" /><INIT seed="1,0,0,0,2,105" ten="479,128,138,255" oya="1" hai0="19,63,106,115,133,54,53,66,112,123,27,59,124" hai1="22,101,78,118,75,100,44,91,6,45,114,40,64" hai2="97,47,15,72,70,42,35,122,88,12,7,92,69" hai3="119,109,129,62,73,116,48,135,41,87,117,25,18"/><U14/><E118/><V80/><F35/><W16/><G109/><T21/><D106/><U37/><E114/><V38/><F122/><W61/><G129/><T103/><D103/><U113/><E113/><V95/><F15/><W120/><G120/><T39/><D115/><U83/><E64/><V60/><F95/><W26/><G135/><T108/><D112/><U128/><E128/><V99/><F99/><W96/><G87/><T65/><D108/><U11/><E91/><V134/><F134/><W52/><G41/><T10/><D123/><U2/><E45/><V24/><F24/><N who="3" m="9323" /><G96/><T79/><D124/><U8/><E22/><V131/><F60/><N who="3" m="23147" /><G73/><T50/><D39/><U9/><E9/><V102/><F131/><W127/><G127/><T49/><D133/><U67/><E67/><V130/><F130/><W121/><G121/><T33/><D79/><U17/><AGARI ba="0,0" hai="2,6,8,11,14,17,37,40,44,75,78,83,100,101" machi="17" ten="20,12000,1" yaku="0,1,7,1,25,2,52,1" doraHai="105" who="1" fromWho="1" sc="479,-40,128,120,138,-40,255,-40" /><INIT seed="1,1,0,3,4,88" ten="439,248,98,215" oya="1" hai0="107,65,18,62,123,15,21,126,43,89,6,96,108" hai1="75,124,109,55,83,116,64,7,63,87,3,132,29" hai2="8,36,67,133,47,53,86,71,59,95,78,76,48" hai3="129,117,58,98,82,92,102,77,84,70,26,74,97"/><U20/><E75/><V46/><F8/><W42/><G70/><T119/><D119/><U5/><E116/><V115/><F133/><W35/><G42/><T125/><D43/><U127/><E132/><V37/><F78/><W121/><G117/><T101/><D108/><U0/><E55/><V128/><F76/><W28/><G121/><T33/><D33/><U80/><E20/><V25/><F25/><W4/><G129/><T72/><D72/><U14/><E29/><V113/><F95/><W34/><G4/><T66/><D6/><U81/><E87/><V51/><F86/><W91/><G58/><T106/><D123/><U12/><E109/><V57/><F128/><W122/><G122/><T130/><D89/><U17/><E7/><V39/><F67/><W19/><G19/><T120/><D130/><U112/><E5/><V118/><F118/><W90/><G90/><T40/><D40/><U134/><E17/><V103/><F103/><W69/><G98/><T85/><D85/><U50/><E134/><V31/><F31/><W104/><G69/><T93/><D120/><U41/><E83/><V16/><F16/><W110/><G110/><T135/><D135/><U54/><E81/><V2/><F2/><W30/><G30/><T32/><D32/><AGARI ba="1,0" hai="26,28,32,34,35,74,77,82,84,91,92,97,102,104" machi="32" ten="30,7700,0" yaku="7,1,24,2,52,1" doraHai="88" who="3" fromWho="0" sc="439,-80,248,0,98,0,215,80" /><INIT seed="2,0,0,5,3,63" ten="359,248,98,295" oya="2" hai0="105,49,31,62,58,70,102,71,129,131,21,2,43" hai1="134,50,59,108,68,122,69,46,15,23,18,37,87" hai2="114,80,74,57,54,104,88,83,22,92,77,130,29" hai3="26,0,25,93,1,20,98,126,11,65,27,124,127"/><V123/><F123/><W64/><G20/><T5/><D2/><N who="3" m="1129" /><G11/><T66/><D5/><U32/><E108/><V55/><F114/><W111/><G111/><T79/><D102/><AGARI ba="0,0" hai="25,26,27,64,65,93,98,102,124,126,127" m="1129" machi="102" ten="40,5200,0" yaku="18,1,52,2" doraHai="63" who="3" fromWho="0" sc="359,-52,248,0,98,0,295,52" /><INIT seed="3,0,0,0,3,10" ten="307,248,98,347" oya="3" hai0="14,44,49,2,104,85,88,98,106,132,62,69,100" hai1="36,20,57,65,16,67,51,78,109,24,35,4,30" hai2="91,5,115,53,87,81,37,101,110,119,118,123,75" hai3="117,129,82,102,28,120,60,92,46,21,83,135,27"/><W63/><G117/><T105/><D132/><U79/><E36/><V103/><F37/><W126/><G120/><T122/><D2/><U68/><E109/><V13/><F5/><W89/><G135/><T31/><D122/><U96/><E4/><V116/><F53/><W56/><G102/><T97/><D31/><U113/><E113/><V131/><F115/><W66/><G129/><T7/><D69/><U90/><E68/><V12/><F75/><W34/><G126/><T39/><D62/><U41/><E65/><V8/><F123/><W11/><G34/><T29/><D29/><U111/><E111/><V134/><F134/><W25/><G25/><T55/><D39/><U114/><E114/><V124/><F8/><W94/><G94/><T0/><D0/><U107/><E107/><V80/><F131/><W108/><G108/><T1/><D1/><U72/><E72/><V84/><F124/><W9/><G46/><T26/><D26/><U125/><E125/><V45/><F110/><W15/><G63/><T64/><D64/><U33/><E33/><V133/><F133/><W42/><G42/><T6/><D6/><U70/><E70/><V86/><F45/><W112/><G112/><T93/><REACH who="0" step="1"/><D98/><REACH who="0" ten="297,248,98,347" step="2"/><U130/><E30/><V52/><F91/><W17/><G9/><AGARI ba="0,1" hai="7,9,14,44,49,55,85,88,93,97,100,104,105,106" machi="9" ten="40,8000,1" yaku="1,1,2,1,52,1,54,1,53,0" doraHai="10" doraHaiUra="77" who="0" fromWho="3" sc="297,90,248,0,98,0,347,-80" /><INIT seed="4,0,0,2,1,36" ten="387,248,98,267" oya="0" hai0="11,84,24,85,13,21,102,91,77,56,26,100,60" hai1="121,22,72,42,82,34,96,123,2,39,89,115,54" hai2="7,10,70,30,6,25,126,65,74,1,9,31,41" hai3="101,48,92,45,79,63,124,23,103,128,108,62,98"/><T76/><D102/><U33/><E22/><V47/><F126/><W132/><G108/><T69/><D69/><U135/><E54/><V127/><F127/><W83/><G124/><T53/><D100/><U19/><E19/><V86/><F86/><W28/><G128/><T29/><D24/><U5/><E89/><V8/><F65/><W112/><G103/><T15/><D15/><U120/><E96/><V95/><F95/><W75/><G112/><T51/><D60/><U88/><E88/><V80/><F70/><W38/><G38/><T59/><D59/><U40/><E115/><V106/><F106/><W73/><G73/><T109/><D109/><U94/><E94/><V55/><F55/><W107/><G132/><T116/><D116/><U93/><E93/><V0/><F10/><W104/><G104/><T71/><D71/><U110/><E42/><V134/><F25/><W37/><G37/><T52/><D53/><U113/><E113/><V111/><F111/><W131/><G131/><T105/><D105/><U32/><E135/><V129/><F129/><W97/><G23/><T64/><D64/><U90/><E90/><V81/><F81/><W78/><G83/><N who="0" m="49567" /><D85/><U122/><E110/><V14/><F14/><W43/><G107/><T125/><D125/><U50/><E50/><V114/><F114/><W68/><G48/><T66/><D66/><U117/><E117/><V35/><F35/><N who="1" m="8961" /><U67/><DORA hai="17" /><E67/><V87/><F134/><W99/><G101/><T57/><D57/><U4/><E2/><V3/><F3/><W18/><G68/><T12/><D12/><RYUUKYOKU ba="0,0" sc="387,30,248,-10,98,-10,267,-10" hai0="11,13,21,26,29,51,52,56,76,77" /><INIT seed="4,1,0,1,4,67" ten="417,238,88,257" oya="0" hai0="45,6,13,64,97,50,38,84,40,135,112,29,58" hai1="131,15,92,30,102,49,8,23,114,0,19,118,18" hai2="10,59,120,16,104,85,46,53,71,91,98,25,103" hai3="60,43,39,36,77,117,31,47,83,5,61,126,24"/><T115/><D29/><U128/><E49/><V134/><F120/><W4/><G117/><T129/><D97/><U65/><E65/><V70/><F134/><W90/><G39/><T9/><D135/><U11/><E92/><V109/><F109/><W96/><G126/><T78/><D129/><N who="1" m="49739" /><E102/><V22/><F10/><W55/><G90/><T37/><D58/><U99/><E99/><V116/><F46/><W1/><G96/><T110/><D64/><U28/><E118/><V105/><F105/><W17/><G17/><T125/><D110/><U106/><E106/><V119/><F119/><W130/><G130/><T111/><D125/><U124/><E124/><V80/><F116/><W72/><G55/><T133/><D111/><U121/><E121/><V100/><F100/><W88/><G88/><T69/><D69/><U73/><E73/><V56/><F56/><W12/><G12/><T27/><D27/><N who="1" m="14847" /><E114/><V3/><F3/><W82/><G82/><T79/><D79/><U63/><E63/><AGARI ba="1,0" hai="16,22,25,53,59,63,70,71,80,85,91,98,103,104" machi="63" ten="30,7700,0" yaku="7,1,52,2,54,1" doraHai="67" who="2" fromWho="1" sc="417,0,238,-80,88,80,257,0" /><INIT seed="5,0,0,0,5,74" ten="417,158,168,257" oya="1" hai0="17,32,37,126,41,119,5,81,61,88,11,127,86" hai1="48,114,19,66,109,63,84,21,25,123,57,118,116" hai2="78,87,130,107,121,52,40,93,80,24,10,0,111" hai3="16,13,104,46,50,103,75,31,94,26,122,108,56"/><U101/><E123/><V38/><F107/><W20/><G108/><T91/><D119/><U59/><E109/><V6/><F111/><W124/><G122/><T42/><D32/><U28/><E114/><V65/><F121/><W35/><G124/><N who="0" m="47659" /><D61/><U106/><E84/><V51/><F65/><W67/><G75/><T70/><D70/><U58/><E106/><V36/><F130/><W22/><G104/><T45/><D41/><U97/><E19/><V71/><F71/><W100/><G35/><T133/><D17/><U117/><REACH who="1" step="1"/><E48/><REACH who="1" ten="417,148,168,257" step="2"/><V132/><F38/><W69/><G50/><T29/><D29/><U83/><E83/><V135/><F36/><W85/><G85/><T96/><D96/><U89/><E89/><V18/><F18/><W39/><G39/><T9/><D91/><U33/><E33/><V102/><F102/><W4/><G100/><T34/><D34/><U7/><E7/><V82/><F82/><W30/><G4/><T64/><D5/><U73/><E73/><V125/><F125/><W105/><G105/><T110/><D110/><U15/><E15/><V49/><F6/><W55/><G13/><T43/><D86/><U62/><E62/><V92/><F87/><W2/><G16/><T68/><D88/><U3/><E3/><V47/><F80/><W120/><G2/><T99/><D81/><U129/><E129/><V60/><F0/><W112/><G120/><T54/><D99/><U27/><E27/><V44/><F60/><W134/><G26/><T72/><D37/><U98/><E98/><V23/><F24/><W95/><G103/><RYUUKYOKU ba="0,1" sc="417,-10,148,30,168,-10,257,-10" hai1="21,25,28,57,58,59,63,66,97,101,116,117,118" /><INIT seed="5,1,1,1,2,97" ten="407,178,158,247" oya="1" hai0="74,99,1,56,52,130,127,73,55,9,121,110,44" hai1="117,27,20,104,62,2,35,109,91,123,61,40,63" hai2="92,75,60,88,103,45,116,108,111,98,0,65,11" hai3="50,10,129,79,133,19,59,22,84,38,89,135,13"/><U100/><E123/><V12/><F0/><W67/><G38/><T14/><D110/><U71/><E117/><V118/><F45/><W5/><G79/><T8/><D121/><U15/><E2/><V112/><F75/><W47/><G129/><T114/><D127/><U33/><E109/><V113/><F111/><W72/><G72/><T57/><D130/><U3/><E3/><V23/><F23/><W128/><G128/><T81/><D114/><N who="2" m="44138" /><F108/><W16/><G67/><T90/><D1/><U107/><E40/><V77/><F77/><W21/><G59/><T125/><D125/><U30/><E71/><N who="2" m="42407" /><F103/><W39/><G39/><T7/><D9/><U42/><E42/><V119/><F119/><W95/><G21/><T93/><D81/><U126/><E126/><V76/><F76/><W58/><G58/><T43/><D43/><U124/><E124/><V48/><F48/><W24/><REACH who="3" step="1"/><G5/><AGARI ba="1,1" hai="5,11,12,88,92,98,116,118" m="42407,44138" machi="5" ten="30,3900,0" yaku="15,1,11,1,54,1" doraHai="97" who="2" fromWho="3" sc="407,0,178,0,158,52,247,-42" /><INIT seed="6,0,0,1,5,12" ten="407,178,210,205" oya="2" hai0="73,77,134,119,98,1,46,37,32,72,4,42,66" hai1="8,106,26,87,132,59,13,20,127,11,40,120,89" hai2="117,103,116,9,125,107,33,48,43,79,110,31,113" hai3="22,114,80,121,5,104,3,16,84,29,17,28,23"/><V30/><F79/><W57/><G104/><T135/><D98/><U124/><E106/><V41/><F103/><W50/><G121/><T49/><D49/><U123/><E40/><V35/><F48/><W94/><G114/><T101/><D73/><U25/><E59/><V27/><F107/><W67/><G94/><T131/><D101/><U133/><E87/><V105/><F105/><W19/><G5/><T118/><D66/><U0/><E89/><V2/><F41/><W81/><G3/><T51/><D51/><U129/><E0/><V83/><F43/><W75/><G75/><T100/><D100/><U111/><E13/><V128/><F83/><N who="3" m="31819" /><G84/><T99/><D99/><U122/><E111/><V90/><F90/><W71/><G71/><T39/><D32/><U64/><E64/><V126/><F113/><W70/><G70/><T56/><D56/><U65/><E65/><V130/><F110/><W15/><G50/><T6/><D6/><U54/><E54/><V21/><F21/><N who="3" m="7691" /><G15/><T52/><D39/><U14/><E14/><V18/><F9/><N who="1" m="3657" /><E129/><N who="2" m="49771" /><F18/><W85/><G85/><T108/><D52/><U91/><E91/><V74/><F74/><W45/><G45/><T53/><D53/><U109/><E109/><V24/><F2/><W82/><G82/><N who="0" m="45351" /><D131/><U95/><E95/><V10/><F10/><W34/><G34/><T112/><D108/><U115/><E115/><V96/><F96/><W7/><G7/><T88/><D88/><U38/><E38/><V61/><F61/><AGARI ba="0,0" hai="16,17,19,28,29,57,61,67" m="7691,31819" machi="61" ten="30,8000,1" yaku="8,1,52,3,54,1" doraHai="12" who="3" fromWho="2" sc="407,0,178,0,210,-80,205,80" /><INIT seed="7,0,0,4,3,74" ten="407,178,130,285" oya="3" hai0="105,45,29,57,91,42,7,64,32,30,70,10,55" hai1="85,8,80,66,102,71,36,41,107,95,56,67,44" hai2="111,94,23,90,122,9,69,43,78,134,2,89,82" hai3="52,51,15,121,58,0,130,131,54,76,60,132,109"/><W129/><G121/><T86/><D105/><U115/><E107/><V27/><F69/><W135/><G0/><T119/><D119/><U49/><E115/><V63/><F111/><W101/><G101/><T113/><D113/><U100/><E71/><V79/><F122/><W14/><G109/><T92/><D32/><U77/><E36/><V18/><F134/><N who="3" m="51243" /><G76/><N who="2" m="29225" /><F43/><W106/><G106/><T28/><D70/><U99/><E102/><V126/><F2/><W11/><G11/><T37/><D64/><U46/><E56/><AGARI ba="0,0" hai="14,15,51,52,54,56,58,60,129,130,131" m="51243" machi="56" ten="40,7700,0" yaku="19,1,20,1,54,1" doraHai="74" who="3" fromWho="1" sc="407,0,178,-77,130,0,285,77" /><INIT seed="7,1,0,0,2,41" ten="407,101,130,362" oya="3" hai0="12,123,45,92,46,134,10,111,22,68,29,51,23" hai1="20,91,65,72,128,1,54,50,100,105,2,13,6" hai2="117,88,109,95,40,66,52,112,47,48,5,110,124" hai3="115,97,86,83,73,35,67,102,82,38,32,36,113"/><W62/><G73/><T49/><D111/><U18/><E72/><V87/><F117/><W27/><G38/><T84/><D123/><U101/><E128/><V63/><F112/><N who="3" m="43083" /><G36/><T74/><D68/><U42/><E42/><V19/><F124/><W4/><G4/><N who="0" m="3143" /><D74/><U17/><E65/><V98/><F5/><W25/><G25/><N who="0" m="16567" /><D23/><U58/><E6/><V57/><F19/><W3/><G3/><T116/><D134/><U21/><E105/><V132/><F132/><W107/><G27/><T55/><D116/><U93/><E2/><V28/><F28/><W34/><G86/><T119/><D119/><U120/><E1/><V130/><F130/><W81/><G35/><T77/><D77/><U56/><E56/><AGARI ba="1,0" hai="32,34,56,62,67,81,82,83,97,102,107" m="43083" machi="56" ten="30,1500,0" yaku="15,1" doraHai="41" who="3" fromWho="1" sc="407,0,101,-18,130,0,362,18" /><INIT seed="7,2,0,0,1,3" ten="407,83,130,380" oya="3" hai0="127,2,28,77,80,38,74,16,25,20,30,78,100" hai1="79,86,92,5,14,52,10,71,129,97,76,39,65" hai2="118,130,56,72,121,62,24,34,46,37,81,96,107" hai3="98,126,51,26,11,1,60,42,111,13,109,29,94"/><W113/><G1/><T88/><D38/><U120/><E39/><V75/><F118/><W123/><G123/><T66/><D2/><U35/><E35/><V90/><F121/><W125/><G113/><T84/><D127/><N who="3" m="48649" /><G60/><T8/><D100/><U48/><E120/><V61/><F130/><W73/><G73/><T112/><D112/><U103/><E129/><V91/><F107/><W6/><G51/><T106/><D106/><U23/><E86/><V43/><F62/><W59/><G59/><T133/><D133/><U67/><E23/><V21/><F91/><N who="3" m="55647" /><G42/><T22/><D66/><N who="1" m="25099" /><E71/><V124/><F34/><AGARI ba="2,0" hai="6,11,13,26,29,34,109,111" m="55647,48649" machi="34" ten="30,2900,0" yaku="18,1,52,1" doraHai="3" who="3" fromWho="2" sc="407,0,83,0,130,-35,380,35" owari="407,21.0,83,-42.0,95,-30.0,415,51.0" /></mjloggm>