<mjloggm ver="2.3"><GO type="41" lobby="0"/><UN n0="%E9%9B%86%E4%B8%AD%31%35" n1="%E3%81%A8%E3%82%93%E3%81%BC%2E" n2="%E3%82%B3%E3%83%BC%E3%83%BC%E3%83%A0%E3%82%A4%E3%83%B3%EF%BC%81%EF%BC%81" n3="%E3%82%A6%E3%83%AB%E3%83%88%E3%83%A9%E7%AB%8B%E7%9B%B4" dan="14,14,14,16" rate="1842.25,1943.80,1862.52,2026.60" sx="M,M,M,M"/><TAIKYOKU oya="0"/><INIT seed="0,0,0,1,5,113" ten="250,250,250,250" oya="0" hai0="56,83,36,111,93,22,41,71,106,55,70,130,18" hai1="30,103,78,9,60,99,35,33,127,3,123,133,45" hai2="25,65,109,98,27,73,21,51,53,23,74,10,107" hai3="97,125,90,120,75,101,34,124,91,135,85,5,20"/><T15/><D106/><U79/><E123/><V69/><F109/><W1/><G34/><T131/><D36/><U40/><E133/><V6/><F107/><N who="3" m="63919" /><G5/><T76/><D41/><U28/><E127/><N who="3" m="48714" /><G1/><T86/><D93/><U129/><E129/><V110/><F98/><W67/><G67/><T62/><REACH who="0" step="1"/><D111/><REACH who="0" ten="240,250,250,250" step="2"/><U43/><E43/><V82/><F110/><W11/><G120/><T63/><D63/><U57/><E60/><V48/><F48/><W102/><G135/><T132/><D132/><U54/><E40/><V52/><F51/><W88/><G102/><T116/><D116/><U119/><E103/><V87/><F65/><W13/><G75/><T12/><D12/><U4/><E119/><V50/><F50/><W108/><G108/><T17/><D17/><U80/><E3/><V105/><F105/><W58/><G85/><T46/><D46/><U16/><E45/><V7/><F87/><W29/><G58/><T37/><D37/><U61/><E57/><V59/><F59/><W112/><G112/><T89/><D89/><U84/><E84/><V115/><F115/><W94/><G94/><T31/><D31/><U134/><E30/><V49/><F49/><W104/><G104/><T47/><D47/><U42/><E28/><V44/><F44/><W117/><G117/><T26/><D26/><U66/><E134/><V39/><F39/><W114/><G114/><T2/><D2/><U64/><E61/><V68/><F82/><W96/><G91/><T118/><D118/><U14/><E80/><V77/><F77/><W72/><G90/><T24/><D24/><RYUUKYOKU ba="0,1" sc="240,15,250,-15,250,15,250,-15" hai0="15,18,22,55,56,62,70,71,76,83,86,130,131" hai2="6,7,10,21,23,25,27,52,53,68,69,73,74" /><INIT seed="0,1,1,1,4,109" ten="255,235,265,235" oya="0" hai0="11,74,63,112,80,57,113,117,69,78,115,121,3" hai1="55,91,125,35,104,124,54,64,108,94,72,28,85" hai2="84,96,79,134,14,8,86,46,128,67,50,83,52" hai3="76,135,66,51,15,26,82,103,97,6,0,33,81"/><T61/><D121/><U118/><E108/><V13/><F128/><W59/><G0/><T105/><D117/><U48/><E118/><V89/><F134/><W60/><G135/><T73/><D105/><U130/><E104/><V119/><F67/><W123/><G123/><T62/><D69/><U65/><E72/><V38/><F38/><W43/><G33/><T12/><D3/><U37/><E37/><V30/><F119/><W44/><G26/><T21/><D21/><U25/><E130/><V31/><F96/><W70/><G70/><T58/><REACH who="0" step="1"/><D74/><REACH who="0" ten="245,235,265,235" step="2"/><U126/><REACH who="1" step="1"/><E55/><REACH who="1" ten="245,225,265,235" step="2"/><V42/><F42/><W129/><G129/><T93/><D93/><U32/><E32/><V5/><REACH who="2" step="1"/><F14/><REACH who="2" ten="245,225,255,235" step="2"/><W2/><G15/><T10/><D10/><U114/><E114/><V98/><F98/><W7/><G2/><T107/><D107/><U75/><E75/><V20/><F20/><W41/><G41/><T90/><D90/><U106/><E106/><V49/><F49/><W111/><G111/><T29/><D29/><U47/><AGARI ba="1,4" hai="25,28,35,47,48,54,64,65,85,91,94,124,125,126" machi="47" ten="30,7900,0" yaku="1,1,0,1,18,1,53,1" doraHai="109" doraHaiUra="88" who="1" fromWho="1" sc="245,-40,225,122,255,-21,235,-21" /><INIT seed="1,0,0,3,4,40" ten="205,347,234,214" oya="1" hai0="52,85,46,108,126,110,70,6,99,101,130,34,12" hai1="15,50,1,28,26,83,80,51,65,76,81,10,132" hai2="3,135,29,96,56,49,17,119,42,71,7,21,105" hai3="77,69,72,59,61,36,43,91,90,107,84,123,62"/><U104/><E132/><V35/><F135/><W57/><G107/><T64/><D34/><U53/><E104/><V27/><F119/><W39/><G72/><T22/><D126/><U109/><E1/><V68/><F56/><W30/><G77/><T4/><D130/><U114/><E114/><V79/><F79/><W89/><G84/><T16/><D85/><U63/><E109/><N who="0" m="42089" /><D64/><U125/><E125/><V55/><F42/><W122/><G43/><T100/><D70/><U20/><E76/><V11/><F96/><W5/><G69/><T48/><D101/><U58/><REACH who="1" step="1"/><E65/><REACH who="1" ten="205,337,234,214" step="2"/><V103/><F105/><AGARI ba="0,1" hai="4,6,12,16,22,46,48,52,99,100,105" m="42089" machi="105" ten="30,7700,0" yaku="14,1,52,1,54,2" doraHai="40" who="0" fromWho="2" sc="205,87,337,0,234,-77,214,0" /><INIT seed="2,0,0,3,2,74" ten="292,337,157,214" oya="2" hai0="5,10,120,34,89,79,119,3,54,99,42,128,105" hai1="38,104,28,102,84,13,61,129,111,56,36,26,17" hai2="76,7,20,46,22,60,123,14,30,126,64,85,65" hai3="68,69,88,82,51,98,72,11,47,131,73,63,55"/><V43/><F123/><W2/><G131/><T0/><D128/><U116/><E116/><V93/><F126/><W40/><G72/><T78/><D120/><U58/><E111/><V59/><F64/><W100/><G11/><T23/><D34/><U96/><E129/><V49/><F30/><W18/><G2/><T95/><D119/><U90/><E38/><V53/><F93/><W71/><G18/><T9/><D42/><U66/><E36/><V80/><F65/><W15/><G15/><T92/><D105/><U114/><E114/><V4/><F4/><W97/><G100/><T91/><D23/><U33/><E56/><V125/><F125/><W87/><G73/><T134/><D54/><U52/><E66/><V41/><F41/><W12/><REACH who="3" step="1"/><G12/><REACH who="3" ten="292,337,157,204" step="2"/><T86/><D134/><U122/><E122/><V135/><F135/><W110/><G110/><T133/><D133/><U50/><E13/><V45/><F45/><W27/><G27/><T25/><D25/><U8/><E17/><V130/><F130/><W32/><G32/><T107/><D107/><U16/><E16/><V115/><F115/><W24/><G24/><T81/><D95/><U101/><E8/><AGARI ba="0,1" hai="7,8,14,20,22,43,46,49,53,59,60,76,80,85" machi="8" ten="40,12000,1" yaku="25,2,8,1,52,1" doraHai="74" who="2" fromWho="1" sc="292,0,337,-120,157,130,204,0" /><INIT seed="2,1,0,1,5,55" ten="292,217,287,204" oya="2" hai0="103,105,6,61,37,40,14,86,111,15,48,20,50" hai1="10,128,120,0,8,72,59,94,63,64,13,124,73" hai2="116,117,83,125,26,1,129,38,25,76,4,17,82" hai3="126,46,28,113,39,45,80,54,74,101,96,33,110"/><V70/><F38/><W32/><G126/><T121/><D121/><U41/><E124/><V92/><F70/><W107/><G110/><T7/><D111/><U81/><E128/><V47/><F125/><W35/><G113/><T16/><D37/><U21/><E120/><V58/><F129/><W29/><G46/><T36/><D36/><U112/><E112/><V85/><F47/><W119/><G119/><T2/><D2/><U71/><E41/><V99/><F82/><W65/><G65/><T115/><D115/><U93/><E0/><V108/><F58/><W77/><REACH who="3" step="1"/><G54/><REACH who="3" ten="292,217,287,194" step="2"/><T78/><D40/><AGARI ba="1,1" hai="28,29,32,33,35,39,40,45,74,77,80,96,101,107" machi="40" ten="40,2600,0" yaku="1,1,2,1,53,0" doraHai="55" doraHaiUra="84" who="3" fromWho="0" sc="292,-29,217,0,287,0,194,39" /><INIT seed="3,0,0,5,3,86" ten="263,217,287,233" oya="3" hai0="65,42,112,123,57,129,63,15,77,59,13,38,2" hai1="98,64,117,47,49,87,4,116,53,35,39,46,84" hai2="134,25,22,6,105,71,118,135,40,9,14,43,78" hai3="108,101,37,127,11,81,124,113,133,7,18,125,99"/><W83/><G37/><T44/><D2/><U33/><E4/><V66/><F105/><W103/><G18/><T31/><D123/><U93/><E64/><V128/><F78/><W69/><G69/><T126/><D112/><U30/><E117/><V50/><F128/><W1/><G113/><T48/><D129/><U20/><E116/><V41/><F118/><W8/><G133/><N who="2" m="50697" /><F66/><W68/><G68/><T73/><D31/><U67/><E67/><V75/><F71/><W115/><G115/><T26/><D26/><U61/><E61/><V109/><F75/><W110/><G11/><T58/><D77/><U23/><E39/><V80/><F80/><N who="3" m="30795" /><G99/><T34/><D34/><U52/><E98/><V10/><F10/><W96/><G96/><T91/><D73/><U107/><E107/><V97/><F97/><W29/><G29/><T104/><D104/><U74/><E30/><V5/><F5/><W79/><G79/><T51/><D38/><U24/><E74/><V32/><F32/><W28/><G28/><T0/><D0/><U45/><E24/><V95/><F25/><W94/><G94/><T62/><D15/><U12/><E12/><V111/><F22/><W72/><G72/><T131/><D13/><U132/><E132/><V21/><F21/><W130/><G130/><T19/><D131/><U90/><E35/><V16/><F6/><W17/><G17/><T121/><D19/><U106/><E33/><V122/><F122/><W102/><AGARI ba="0,0" hai="1,7,8,101,102,103,108,110,124,125,127" m="30795" machi="102" ten="40,2100,0" yaku="18,1" doraHai="86" who="3" fromWho="3" sc="263,-7,217,-7,287,-7,233,21" /><INIT seed="3,1,0,3,4,48" ten="256,210,280,254" oya="3" hai0="112,25,21,124,101,120,13,93,108,55,129,134,110" hai1="0,16,17,43,67,122,64,104,79,80,33,7,90" hai2="42,83,113,62,18,72,60,111,107,97,59,98,44" hai3="81,4,47,73,87,135,9,125,1,127,109,128,96"/><W35/><G35/><T39/><D120/><U3/><E122/><V23/><F113/><W61/><G128/><T28/><D129/><U76/><E104/><V70/><F111/><W5/><G135/><T133/><D112/><U118/><E33/><V34/><F34/><W37/><G109/><T58/><D39/><U27/><E118/><V38/><F70/><W51/><G5/><T8/><D110/><U130/><E130/><V22/><F62/><W84/><G96/><T103/><D108/><U102/><E102/><V117/><F107/><W126/><G61/><T41/><D41/><U57/><E43/><V88/><F23/><W106/><G106/><T100/><D93/><U69/><E69/><V123/><F117/><W29/><G29/><T66/><D66/><U78/><E67/><V56/><F56/><W68/><G68/><T75/><D75/><U119/><E57/><V85/><F72/><W52/><REACH who="3" step="1"/><G37/><REACH who="3" ten="256,210,280,244" step="2"/><T19/><D124/><U26/><E7/><V49/><F123/><W31/><G31/><T10/><D134/><U99/><E99/><V115/><F38/><W114/><G114/><T74/><D133/><U54/><E119/><V77/><F115/><W105/><G105/><T40/><D28/><U116/><E116/><V65/><F97/><W6/><G6/><T82/><D19/><U53/><E17/><V89/><F98/><W15/><G15/><AGARI ba="1,1" hai="15,18,22,42,44,49,59,60,65,77,83,85,88,89" machi="15" ten="30,3900,0" yaku="7,1,8,1,54,1" doraHai="48" who="2" fromWho="3" sc="256,0,210,0,280,52,244,-42" /><INIT seed="4,0,0,4,1,100" ten="256,210,332,202" oya="0" hai0="41,60,80,87,44,91,59,99,110,123,92,131,32" hai1="2,103,83,64,28,96,122,39,1,106,48,79,129" hai2="124,11,90,95,78,71,81,23,89,51,105,29,55" hai3="121,75,52,61,70,22,72,36,135,57,0,24,108"/><T35/><D123/><U17/><E122/><V47/><F71/><W128/><G121/><T8/><D131/><U111/><E129/><V68/><F68/><W67/><G128/><T25/><D110/><U134/><E111/><V84/><F105/><W34/><G108/><T86/><D25/><U109/><E39/><V63/><F63/><W49/><G0/><T118/><D118/><U43/><E134/><V102/><F124/><W69/><G135/><T40/><D8/><U27/><E109/><V132/><F132/><W26/><G69/><T15/><D15/><U5/><E64/><V88/><F102/><W85/><G85/><T65/><D87/><U125/><E125/><V94/><F11/><W6/><G6/><T42/><REACH who="0" step="1"/><D44/><REACH who="0" ten="246,210,332,202" step="2"/><U33/><E1/><V126/><F126/><W50/><G26/><AGARI ba="0,1" hai="23,26,29,47,51,55,78,81,84,88,89,90,94,95" machi="26" ten="40,2600,0" yaku="8,1,54,1" doraHai="100" who="2" fromWho="3" sc="246,0,210,0,332,36,202,-26" /><INIT seed="5,0,0,3,0,63" ten="246,210,368,176" oya="1" hai0="22,122,7,116,41,28,43,127,16,110,14,88,5" hai1="108,102,21,42,71,19,65,113,69,134,66,49,53" hai2="61,78,109,89,111,81,121,73,135,123,131,60,10" hai3="33,133,2,79,114,106,92,82,112,23,1,95,87"/><U31/><E102/><V90/><F10/><W51/><G33/><T26/><D116/><U11/><E113/><N who="3" m="43626" /><G106/><T85/><D122/><N who="2" m="46602" /><F60/><W12/><G51/><T44/><D127/><U54/><E31/><V100/><F61/><W72/><G12/><T115/><D115/><U8/><E134/><V35/><F35/><W126/><G23/><T96/><D96/><U37/><E21/><V4/><F4/><W57/><G126/><T75/><D75/><U48/><E19/><V55/><F55/><N who="1" m="21001" /><E11/><V103/><F135/><W117/><G117/><T67/><D43/><U15/><E15/><V47/><F47/><W124/><G124/><T104/><D104/><U64/><E8/><V98/><F131/><W40/><G40/><T119/><D119/><U45/><E108/><N who="2" m="41547" /><F103/><W80/><G2/><T129/><D110/><U86/><E86/><V68/><F68/><AGARI ba="0,0" hai="37,42,45,48,49,64,65,66,68,69,71" m="21001" machi="68" ten="30,24000,3" yaku="35,5,52,3" doraHai="63" who="1" fromWho="2" sc="246,0,210,240,368,-240,176,0" /><INIT seed="5,1,0,2,5,71" ten="246,450,128,176" oya="1" hai0="4,68,5,111,26,40,8,1,46,114,66,94,129" hai1="106,16,15,51,52,14,96,38,42,6,30,124,84" hai2="60,59,134,103,80,81,28,53,29,85,62,48,122" hai3="74,99,31,33,125,128,49,89,107,0,75,50,35"/><U135/><E135/><V27/><F122/><W69/><G125/><T2/><D111/><U57/><E124/><V24/><F134/><W55/><G128/><T130/><D114/><U119/><E119/><V22/><F103/><W86/><G0/><T115/><D115/><U23/><E84/><V18/><F81/><W126/><G126/><T79/><D26/><U82/><E82/><V37/><F37/><W101/><G69/><T54/><D54/><U76/><E76/><V113/><F113/><W7/><G7/><T3/><D94/><U116/><E116/><V20/><REACH who="2" step="1"/><F18/><REACH who="2" ten="246,450,118,176" step="2"/><W87/><G74/><T41/><D5/><U67/><E6/><V36/><F36/><W34/><G75/><T97/><D4/><U58/><E38/><V44/><F44/><W43/><G101/><T105/><D46/><U121/><E16/><V95/><F95/><W91/><G107/><T123/><D105/><U63/><E106/><V118/><F118/><W108/><G108/><T13/><D129/><U98/><E121/><V77/><AGARI ba="1,1" hai="20,22,24,27,28,29,48,53,59,60,62,77,80,85" machi="77" ten="20,8000,1" yaku="1,1,0,1,7,1,9,1,8,1,53,0" doraHai="71" doraHaiUra="93" who="2" fromWho="2" sc="246,-21,450,-41,118,93,176,-21" /><INIT seed="6,0,0,5,1,30" ten="225,409,211,155" oya="2" hai0="70,121,93,38,91,108,34,62,80,82,113,37,109" hai1="89,133,9,63,118,36,14,65,120,125,76,61,55" hai2="106,29,4,134,127,35,77,32,31,28,85,19,135" hai3="7,105,22,18,84,24,122,131,15,47,115,2,110"/><V78/><F106/><W88/><G105/><T44/><D121/><U103/><E118/><V94/><F4/><W43/><G122/><T119/><D119/><U42/><E120/><V16/><F127/><W117/><G117/><T58/><D70/><U41/><E125/><V102/><F102/><W20/><G110/><T40/><D38/><U57/><E133/><N who="2" m="50699" /><F94/><W111/><G111/><T49/><D37/><U12/><E103/><V100/><F100/><W129/><G115/><T87/><D113/><U66/><E76/><N who="2" m="29291" /><F85/><W124/><G124/><T33/><D82/><U86/><E36/><V39/><F39/><W101/><G101/><T5/><D5/><N who="1" m="3119" /><E14/><V13/><F13/><W53/><G2/><T69/><D69/><U97/><E97/><V74/><F74/><W123/><G123/><T6/><D6/><U96/><E96/><V64/><F64/><N who="1" m="24681" /><E63/><V95/><F95/><AGARI ba="0,0" hai="41,42,55,57,61,86,89,95" m="24681,3119" machi="95" ten="30,1000,0" yaku="8,1" doraHai="30" who="1" fromWho="2" sc="225,0,409,10,211,-10,155,0" /><INIT seed="7,0,0,0,2,130" ten="225,419,201,155" oya="3" hai0="61,68,29,122,62,55,14,106,18,71,6,33,41" hai1="132,84,21,121,66,107,49,24,76,28,67,26,56" hai2="69,83,105,80,93,118,51,20,89,124,10,128,91" hai3="16,86,42,54,73,59,129,31,53,13,17,47,117"/><W87/><G73/><T58/><D106/><U60/><E121/><V115/><F69/><W46/><G117/><T52/><D122/><U48/><E132/><V95/><F20/><W44/><G42/><T23/><D41/><U96/><E107/><V36/><F51/><W111/><G111/><T81/><D6/><U77/><E96/><V15/><F15/><W12/><G31/><T103/><D103/><U2/><E2/><V98/><F10/><W100/><G100/><T112/><D81/><U119/><E119/><V108/><F36/><W27/><G27/><T101/><D101/><U94/><E67/><V32/><F32/><W104/><G104/><T22/><D33/><U9/><E9/><V116/><F105/><W0/><G0/><T102/><D102/><U5/><E5/><V38/><F38/><W11/><G129/><T35/><D35/><U37/><E37/><V70/><F70/><W30/><G30/><T110/><D110/><U57/><E24/><V135/><F108/><W78/><G78/><N who="1" m="30314" /><E56/><V79/><F79/><W63/><G54/><T40/><D40/><U34/><E34/><V133/><F98/><W126/><REACH who="3" step="1"/><G126/><REACH who="3" ten="225,419,201,145" step="2"/><T50/><D29/><U19/><E28/><V4/><F4/><W72/><G72/><T82/><D55/><U3/><E3/><V99/><F124/><W85/><G85/><T90/><D52/><U88/><AGARI ba="0,1" hai="19,21,26,48,49,57,60,66,84,88,94" m="30314" machi="88" ten="30,2000,0" yaku="8,1,54,1" doraHai="130" who="1" fromWho="1" sc="225,-5,419,30,201,-5,145,-10" owari="220,2.0,449,54.0,196,-20.0,135,-36.0" /></mjloggm>