<mjloggm ver="2.3"><GO type="225" lobby="0"/><UN n0="%E3%82%A6%E3%83%AB%E3%83%88%E3%83%A9%E7%AB%8B%E7%9B%B4" n1="%E3%83%B4%E3%83%A0%EF%BC%99%E3%81%A6" n2="%E3%82%B8%E3%83%A5%E3%83%A9%E3%82%A4" n3="%69%73%61%6B%75%79%61" dan="16,16,16,17" rate="2027.08,2111.29,2052.33,2105.86" sx="M,M,M,M"/><TAIKYOKU oya="0"/><INIT seed="0,0,0,5,2,67" ten="250,250,250,250" oya="0" hai0="36,34,11,83,68,19,72,108,80,35,6,54,133" hai1="127,7,105,41,44,124,50,8,100,60,71,1,99" hai2="76,92,81,98,14,84,109,128,116,15,107,13,121" hai3="40,111,10,64,28,21,91,51,112,57,130,65,59"/><T48/><D36/><U30/><REACH who="1" step="1"/><E30/><REACH who="1" ten="250,240,250,250" step="2"/><V69/><F121/><W132/><G28/><T110/><D34/><U85/><E85/><V38/><F116/><W73/><G73/><T75/><D35/><U113/><E113/><V16/><F109/><W122/><G111/><T0/><D108/><U103/><E103/><V134/><F107/><W52/><G112/><T46/><D110/><U18/><E18/><V4/><F4/><W33/><G33/><T126/><D19/><U123/><E123/><V31/><F31/><W95/><G122/><T9/><D75/><U26/><E26/><V101/><F128/><W93/><G130/><T45/><D72/><U12/><E12/><V118/><F118/><W5/><G5/><T43/><D6/><U63/><E63/><V94/><F14/><W96/><G132/><T125/><D133/><U55/><E55/><V120/><F120/><W58/><G40/><T82/><D43/><U29/><E29/><V23/><F134/><W27/><G27/><T86/><D86/><U2/><E2/><V62/><F15/><W24/><G24/><T119/><D0/><U70/><E70/><V17/><F17/><W104/><G104/><T102/><D102/><U77/><E77/><V135/><F135/><W32/><G32/><T66/><D119/><U129/><E129/><V115/><F115/><W74/><G74/><T3/><D3/><U49/><E49/><V39/><F69/><W25/><G25/><T79/><D79/><U87/><E87/><N who="2" m="48551" /><F62/><W89/><G51/><T61/><D46/><U78/><E78/><V53/><F53/><RYUUKYOKU ba="0,1" sc="250,10,240,10,250,10,250,-30" hai0="9,11,45,48,54,61,66,68,80,82,83,125,126" hai1="1,7,8,41,44,50,60,71,99,100,105,124,127" hai2="13,16,23,38,39,84,92,94,98,101" /><INIT seed="0,1,1,1,1,81" ten="260,250,260,220" oya="0" hai0="95,75,36,114,49,43,77,30,90,133,87,92,74" hai1="59,124,46,76,135,123,39,1,23,42,134,50,62" hai2="35,60,19,55,115,73,119,57,41,129,40,25,28" hai3="126,69,32,130,24,102,112,21,47,61,72,131,93"/><T120/><D36/><U44/><E1/><V96/><F115/><W63/><G126/><T110/><D114/><U7/><E7/><V27/><F73/><W16/><G112/><T10/><D120/><U5/><E5/><V71/><F129/><N who="3" m="49163" /><G72/><T94/><D10/><U56/><E76/><V53/><F71/><W0/><G0/><T78/><D30/><U99/><E99/><V3/><F3/><W97/><G69/><T121/><D49/><U33/><E33/><V2/><F2/><W17/><G32/><T109/><D43/><N who="1" m="24927" /><E23/><V113/><F113/><W11/><G47/><T58/><D58/><N who="1" m="22059" /><E124/><V108/><F108/><W37/><G37/><T79/><D121/><U51/><E123/><V89/><F119/><W132/><G132/><N who="1" m="50730" /><E62/><N who="3" m="23562" /><G11/><T122/><D122/><U116/><E39/><V52/><F35/><W127/><G127/><T4/><D133/><U54/><E116/><V98/><F28/><AGARI ba="1,1" hai="16,17,21,24,28,93,97,102" m="23562,49163" machi="28" ten="30,2000,0" yaku="19,1,54,1" doraHai="81" who="3" fromWho="2" sc="260,0,250,0,260,-23,220,33" /><INIT seed="1,0,0,1,0,53" ten="260,250,237,253" oya="1" hai0="21,101,31,131,64,71,97,24,67,15,2,112,43" hai1="35,125,108,36,79,42,41,102,34,30,11,69,126" hai2="98,68,84,16,26,80,130,6,62,39,124,50,56" hai3="22,111,128,27,127,13,54,5,49,75,60,93,82"/><U17/><E69/><V70/><F39/><W122/><G122/><T38/><D2/><U66/><E66/><V118/><F118/><W32/><G32/><T90/><D112/><U1/><E79/><V113/><F113/><W119/><G119/><T91/><D43/><N who="1" m="16395" /><E36/><V4/><F130/><W114/><G114/><T96/><D38/><U40/><E108/><V73/><F73/><W59/><G127/><N who="1" m="48650" /><E40/><V8/><F124/><W86/><G128/><T123/><D131/><U65/><E65/><N who="2" m="39111" /><F68/><W48/><G75/><T89/><D123/><U63/><E63/><V74/><F74/><W135/><G135/><T7/><D71/><U92/><E30/><V46/><F70/><W76/><G93/><T61/><D61/><U120/><E120/><V37/><F37/><W52/><G111/><T121/><D121/><U110/><E110/><V25/><F98/><W0/><G0/><T44/><D67/><U94/><E1/><V45/><F25/><W99/><G99/><T14/><D64/><U107/><E107/><V85/><F85/><W57/><G60/><T78/><D97/><N who="1" m="59687" /><E94/><V117/><F117/><W29/><G13/><AGARI ba="0,0" hai="11,13,17,34,35" m="59687,48650,16395" machi="13" ten="30,1500,0" yaku="18,1" doraHai="53" who="1" fromWho="3" sc="260,0,250,15,237,0,253,-15" /><INIT seed="1,1,0,2,5,15" ten="260,265,237,238" oya="1" hai0="36,119,134,80,114,19,65,53,37,85,46,71,95" hai1="50,11,86,105,109,112,122,90,87,116,113,43,107" hai2="1,110,7,97,17,102,132,77,27,40,23,92,66" hai3="104,0,76,96,52,2,101,125,18,14,67,123,70"/><U38/><E38/><V4/><F110/><W13/><G123/><T133/><D65/><U44/><E122/><V103/><F132/><W9/><G125/><T6/><D71/><U73/><E116/><V56/><F1/><W75/><G76/><T16/><D119/><U130/><E73/><V126/><F126/><W24/><G75/><T39/><D95/><U91/><E109/><V35/><F35/><W48/><G24/><T34/><D34/><U108/><E108/><V120/><F120/><W57/><G67/><T68/><D68/><U93/><E130/><V20/><F40/><W42/><G70/><T12/><D114/><U69/><E69/><V10/><F77/><W55/><G42/><T29/><D29/><U21/><E11/><V33/><F33/><W88/><G88/><N who="0" m="51239" /><D12/><U22/><E107/><V51/><F103/><W124/><G124/><T62/><D6/><N who="2" m="2090" /><F10/><W135/><G135/><N who="0" m="51723" /><D46/><U83/><E105/><V98/><F98/><W129/><G129/><T8/><D8/><U54/><E43/><V111/><F111/><W117/><G117/><T78/><D78/><U45/><E45/><V94/><F94/><W100/><G100/><T30/><D30/><U81/><E93/><V59/><F66/><W64/><G64/><T79/><D79/><U28/><E28/><N who="2" m="17511" /><F51/><N who="3" m="30879" /><G13/><AGARI ba="1,0" hai="13,17,23,56,59,92,97,102" m="17511,2090" machi="13" ten="30,2000,0" yaku="8,1,52,1" doraHai="15" who="2" fromWho="3" sc="260,0,265,0,237,23,238,-23" /><INIT seed="2,0,0,1,0,64" ten="260,265,260,215" oya="2" hai0="86,57,112,60,43,80,39,87,42,134,56,78,100" hai1="126,105,41,122,125,47,4,13,14,123,29,38,31" hai2="104,81,40,129,93,124,75,90,88,12,37,51,19" hai3="121,7,6,65,106,23,128,82,33,120,9,18,91"/><V115/><F104/><W17/><G106/><T30/><D112/><U95/><E95/><V79/><F115/><W36/><G36/><T58/><D134/><U35/><E105/><V24/><F37/><W59/><G33/><T109/><D109/><U118/><E118/><V50/><F124/><N who="1" m="47721" /><E35/><V16/><F129/><W97/><G128/><T22/><D100/><U72/><E72/><V108/><F108/><W96/><G121/><N who="1" m="46090" /><E4/><V10/><F40/><N who="0" m="15402" /><D39/><U49/><E49/><V85/><F90/><W127/><G127/><T83/><D83/><U103/><E103/><V8/><F24/><W34/><G34/><T55/><D87/><U26/><E26/><AGARI ba="0,0" hai="22,26,30,55,56,57,58,60,78,80,86" m="15402" machi="26" ten="30,1000,0" yaku="8,1" doraHai="64" who="0" fromWho="1" sc="260,10,265,-10,260,0,215,0" /><INIT seed="3,0,0,4,0,19" ten="270,255,260,215" oya="3" hai0="93,55,76,31,14,113,122,39,77,35,41,80,27" hai1="130,66,126,21,9,0,42,129,47,84,81,104,4" hai2="34,44,60,105,3,89,32,91,62,36,120,111,28" hai3="116,12,67,38,124,1,128,72,61,135,59,82,90"/><W69/><G116/><T48/><D122/><U45/><E104/><V101/><F3/><W74/><G1/><T16/><D41/><U65/><E126/><V30/><F111/><W79/><G124/><T43/><D43/><U107/><E107/><V87/><F105/><W46/><G135/><T58/><D39/><U6/><E6/><V102/><F36/><W20/><G128/><N who="1" m="49258" /><E21/><V29/><F44/><N who="1" m="16969" /><E42/><V133/><F133/><W131/><G131/><T94/><D113/><U98/><E98/><V95/><F120/><W11/><G46/><T33/><D33/><U99/><E99/><V106/><F106/><W75/><G38/><T37/><D37/><U86/><E86/><V92/><F30/><W10/><G69/><T53/><D53/><U132/><E132/><V78/><F87/><W56/><G56/><T50/><D50/><U83/><E83/><V127/><F127/><W49/><G49/><T13/><D80/><U68/><E68/><V5/><F5/><W103/><G103/><T54/><D54/><U18/><E18/><V24/><F78/><AGARI ba="0,0" hai="0,4,9,65,66,78,81,84" m="16969,49258" machi="78" ten="30,1000,0" yaku="19,1" doraHai="19" who="1" fromWho="2" sc="270,0,255,10,260,-10,215,0" /><INIT seed="4,0,0,3,5,122" ten="270,265,250,215" oya="0" hai0="114,58,132,117,23,108,87,111,69,109,134,50,67" hai1="75,56,80,68,3,38,85,40,2,16,43,125,22" hai2="24,41,28,86,21,14,34,101,131,105,49,25,29" hai3="45,89,10,15,27,103,71,65,30,130,13,57,98"/><T115/><D69/><U78/><E68/><V88/><F131/><W9/><G130/><T102/><D117/><U46/><E125/><V18/><F105/><W107/><G89/><T48/><D102/><U19/><E19/><V51/><F101/><W33/><G57/><T126/><D126/><U76/><E40/><V5/><F5/><W90/><G90/><T59/><D23/><U83/><REACH who="1" step="1"/><E56/><REACH who="1" ten="270,255,250,215" step="2"/><N who="0" m="21545" /><D67/><U112/><E112/><N who="0" m="43049" /><D87/><U61/><E61/><V6/><F41/><W42/><G9/><T1/><D1/><U81/><E81/><V121/><F121/><W92/><G10/><T72/><D72/><U4/><E4/><V110/><F6/><W128/><G128/><T26/><D26/><AGARI ba="0,1" hai="2,3,16,22,26,38,43,46,75,76,78,80,83,85" machi="26" ten="30,3900,0" yaku="1,1,7,1,54,1,53,0" doraHai="122" doraHaiUra="52" who="1" fromWho="0" sc="270,-39,255,49,250,0,215,0" owari="231,-17.0,304,40.0,250,5.0,215,-28.0" /></mjloggm>