<mjloggm ver="2.3"><GO type="97" lobby="0"/><UN n0="%E3%81%99%E3%81%85%E3%81%85" n1="%E3%83%95%E3%82%A7%E3%83%AB%E3%83%A1%E3%83%BC%E3%83%AB" n2="%E3%81%95%E3%81%A8%EF%BC%95%EF%BC%90%EF%BC%90" n3="%E3%82%A6%E3%83%AB%E3%83%88%E3%83%A9%E7%AB%8B%E7%9B%B4" dan="13,15,17,15" rate="1828.52,2011.97,2028.17,2008.37" sx="M,M,M,M"/><TAIKYOKU oya="0"/><INIT seed="0,0,0,0,2,11" ten="250,250,250,250" oya="0" hai0="38,23,114,12,76,71,36,54,75,69,87,58,28" hai1="45,66,55,39,91,128,89,2,64,108,63,27,65" hai2="120,77,31,41,109,82,29,7,112,21,123,67,52" hai3="24,133,97,17,124,117,13,6,10,113,118,90,51"/><T116/><D116/><U57/><E2/><V4/><F112/><W48/><G113/><T134/><D114/><U44/><E27/><V129/><F67/><N who="1" m="25673" /><E89/><V70/><F70/><W103/><G124/><T132/><D71/><N who="1" m="42463" /><E91/><V84/><F41/><W95/><G133/><N who="0" m="51307" /><D69/><U56/><E108/><V98/><F109/><W20/><G117/><T3/><D3/><U111/><E111/><V47/><F129/><W96/><REACH who="3" step="1"/><G118/><REACH who="3" ten="250,250,250,240" step="2"/><T107/><D107/><AGARI ba="0,1" hai="6,10,13,17,20,24,48,51,90,95,96,97,103,107" machi="107" ten="30,8000,1" yaku="1,1,2,1,7,1,52,1,53,1" doraHai="11" doraHaiUra="86" who="3" fromWho="0" sc="250,-80,250,0,250,0,240,90" /><INIT seed="1,0,0,2,0,32" ten="170,250,250,330" oya="1" hai0="43,106,51,72,37,12,4,90,25,85,24,125,87" hai1="79,113,33,61,81,17,38,20,50,16,111,53,97" hai2="129,47,73,56,128,123,69,109,98,99,42,23,86" hai3="36,77,28,6,0,117,57,22,62,15,130,115,58"/><U91/><E113/><V132/><F73/><W131/><G36/><T92/><D106/><U96/><E38/><V126/><F69/><W66/><G115/><T103/><D37/><U70/><E33/><V49/><F123/><W108/><G108/><T118/><D72/><U127/><E111/><V116/><F109/><W89/><G89/><T59/><D118/><U55/><E127/><V29/><F116/><W105/><G77/><T13/><D125/><U78/><E78/><V54/><F126/><W68/><G105/><T26/><D103/><U7/><E7/><V83/><F132/><W67/><G117/><T9/><D85/><N who="1" m="50607" /><E70/><V10/><F10/><N who="3" m="2375" /><G66/><T101/><D101/><U94/><E79/><V65/><F65/><W8/><G22/><T134/><D134/><U82/><E82/><V120/><F120/><W95/><G28/><T114/><D114/><U74/><E74/><V19/><F29/><W88/><G88/><T52/><REACH who="0" step="1"/><D43/><REACH who="0" ten="160,250,250,330" step="2"/><U40/><E40/><V63/><F129/><W45/><G131/><T41/><D41/><U133/><E133/><V112/><F128/><W5/><G130/><T80/><D80/><U44/><E94/><V31/><F112/><W11/><G95/><T104/><D104/><U3/><E96/><V93/><F93/><W76/><G68/><T2/><AGARI ba="0,1" hai="2,4,9,12,13,24,25,26,51,52,59,87,90,92" machi="2" ten="30,8000,1" yaku="1,1,0,1,52,1,54,1,53,1" doraHai="32" doraHaiUra="46" who="0" fromWho="0" sc="160,90,250,-40,250,-20,330,-20" /><INIT seed="2,0,0,0,4,16" ten="250,210,230,310" oya="2" hai0="98,3,117,99,34,66,17,58,129,119,133,26,68" hai1="111,24,62,25,51,107,105,124,40,134,38,88,30" hai2="82,64,14,92,109,78,91,130,7,127,81,89,106" hai3="15,115,70,44,0,36,85,28,31,126,1,113,13"/><V23/><F106/><W132/><G70/><T61/><D3/><N who="3" m="1097" /><G85/><T84/><D68/><U10/><E38/><V131/><F64/><W110/><G44/><T21/><D34/><U83/><E10/><N who="2" m="4447" /><F127/><W101/><G101/><T27/><D27/><U71/><E124/><V54/><F109/><W8/><G36/><T114/><D114/><N who="3" m="43529" /><G126/><T59/><D59/><U56/><E111/><V102/><F102/><W100/><G100/><T120/><D120/><U72/><E71/><V20/><F91/><W116/><G110/><T33/><D33/><U103/><E103/><V75/><F54/><W41/><G41/><T45/><D45/><U112/><E25/><V104/><F104/><W42/><G42/><T4/><D84/><U47/><E112/><V12/><F12/><N who="3" m="4683" /><G8/><T19/><D99/><U86/><E72/><V128/><F82/><W67/><G67/><T37/><D98/><AGARI ba="0,0" hai="20,23,75,78,81,89,92,98,128,130,131" m="4447" machi="98" ten="30,5800,0" yaku="19,1,52,2" doraHai="16" who="2" fromWho="0" sc="250,-58,210,0,230,58,310,0" /><INIT seed="2,1,0,0,5,119" ten="192,210,288,310" oya="2" hai0="85,60,103,20,111,12,67,98,2,78,112,61,108" hai1="52,73,40,38,100,31,50,14,79,32,92,28,88" hai2="97,107,9,129,23,51,34,135,115,42,123,132,128" hai3="91,124,62,49,7,16,70,121,55,6,8,74,110"/><V99/><F34/><W45/><G121/><T57/><D112/><U105/><E32/><V76/><F115/><W131/><G74/><T36/><D36/><U29/><E14/><V84/><F123/><W106/><G106/><T125/><D2/><U130/><E130/><N who="2" m="50283" /><F9/><W33/><G110/><T48/><D48/><U102/><E105/><V118/><F118/><W113/><G124/><T4/><D125/><U134/><E134/><N who="2" m="51243" /><F23/><W43/><G33/><T80/><D61/><U21/><E21/><V37/><F37/><W116/><G116/><T122/><D122/><U0/><E0/><V17/><F17/><W87/><G113/><T82/><D82/><U71/><E71/><V58/><F107/><W18/><G131/><T66/><D66/><U89/><E40/><V72/><F72/><W77/><G8/><T133/><D133/><U59/><E38/><V10/><F10/><W114/><G114/><T35/><D35/><U46/><E73/><V30/><F30/><W120/><G120/><T117/><D117/><U63/><E79/><V94/><F42/><W127/><G43/><T41/><D41/><N who="1" m="24911" /><E89/><N who="2" m="53543" /><F76/><W96/><G18/><T65/><D65/><U39/><E39/><V26/><F26/><W15/><G16/><N who="0" m="10247" /><D4/><U68/><E68/><V3/><F3/><W5/><G7/><T44/><D44/><U126/><E126/><V64/><F64/><N who="3" m="41239" /><G127/><T95/><D111/><U93/><E93/><V86/><F86/><AGARI ba="1,0" hai="28,29,31,52,59,63,86,88,92,100,102" m="24911" machi="86" ten="30,3900,0" yaku="8,1,54,2" doraHai="119" who="1" fromWho="2" sc="192,0,210,42,288,-42,310,0" /><INIT seed="3,0,0,0,0,106" ten="192,252,246,310" oya="3" hai0="131,46,55,36,117,72,81,50,80,48,122,38,8" hai1="110,93,67,54,58,25,34,116,15,130,84,60,63" hai2="92,30,134,103,32,24,49,35,111,74,109,65,100" hai3="31,68,45,108,126,39,61,2,3,57,135,18,112"/><W91/><G68/><T5/><D117/><U83/><E116/><V123/><F74/><W41/><G112/><T121/><D131/><U73/><E130/><V128/><F128/><W59/><G108/><N who="2" m="41545" /><F134/><W23/><G126/><T87/><D81/><U66/><E110/><V17/><F123/><W101/><G101/><T44/><D72/><U16/><E73/><V43/><F65/><W125/><G31/><T7/><D38/><U69/><E67/><V40/><F35/><W52/><G125/><T98/><D36/><U11/><E93/><V20/><F92/><W4/><G59/><T102/><D98/><U104/><E34/><V107/><F107/><W105/><G105/><T33/><D33/><U124/><E124/><V113/><F113/><W12/><G135/><T119/><D102/><N who="2" m="38954" /><F49/><W120/><G120/><T10/><D119/><U56/><E104/><V95/><F95/><W1/><G91/><T47/><D80/><U28/><E69/><V9/><F9/><W82/><G82/><T6/><D87/><U51/><E28/><V115/><F115/><W94/><G94/><T86/><D86/><U88/><E25/><AGARI ba="0,0" hai="17,20,24,25,30,32,40,43" m="38954,41545" machi="25" ten="30,1000,0" yaku="14,1" doraHai="106" who="2" fromWho="1" sc="192,0,252,-10,246,10,310,0" owari="192,-31.0,242,-16.0,256,6.0,310,41.0" /></mjloggm>