<mjloggm ver="2.3"><GO type="225" lobby="0"/><UN n0="%74%61%69%74%61%6B%65%37" n1="%E3%82%A6%E3%83%AB%E3%83%88%E3%83%A9%E7%AB%8B%E7%9B%B4" n2="%E8%97%8D%E5%B7%9D%E7%B5%86" n3="%73%69%67%65%6E%6F%72%69" dan="17,16,18,16" rate="2197.53,2019.21,2174.09,2215.38" sx="M,M,F,M"/><TAIKYOKU oya="0"/><INIT seed="0,0,0,0,5,133" ten="250,250,250,250" oya="0" hai0="82,68,117,121,79,61,35,127,18,77,49,38,34" hai1="50,128,132,63,70,0,10,135,119,64,75,89,122" hai2="47,114,9,16,83,91,90,54,11,67,101,4,58" hai3="96,22,73,72,125,13,130,56,106,116,109,44,98"/><T87/><D38/><U123/><E119/><V84/><F114/><W88/><G116/><T46/><D117/><U66/><E75/><V37/><F101/><W59/><G109/><T134/><D121/><U32/><E32/><V71/><F4/><W7/><G130/><T51/><D134/><N who="1" m="51243" /><E128/><V40/><F90/><W28/><G44/><T23/><D35/><U19/><E66/><V115/><F115/><W94/><G72/><T65/><D34/><U29/><E29/><V74/><F74/><W12/><G73/><T120/><D120/><U53/><E89/><V1/><F1/><W104/><G28/><T81/><D81/><U43/><E43/><V111/><F111/><W80/><G88/><T92/><D92/><U26/><E26/><V126/><F16/><W41/><G94/><T99/><D77/><U97/><E97/><V48/><F126/><W20/><G7/><T33/><D33/><U42/><E42/><V76/><REACH who="2" step="1"/><F91/><REACH who="2" ten="250,250,240,250" step="2"/><W5/><G5/><T39/><D127/><U60/><E19/><V107/><F107/><W113/><G125/><T24/><D99/><U118/><E0/><V78/><F78/><W45/><G96/><T31/><D18/><U52/><E118/><V100/><F100/><W110/><G98/><T86/><D86/><U25/><E10/><V102/><F102/><W6/><G113/><T93/><D93/><U112/><E112/><V15/><F15/><W85/><G12/><T124/><D124/><U2/><E2/><V21/><F21/><W108/><G13/><T3/><D3/><U131/><E123/><V57/><F57/><RYUUKYOKU ba="0,1" sc="250,15,250,-15,240,15,250,-15" hai0="23,24,31,39,46,49,51,61,65,68,79,82,87" hai2="9,11,37,40,47,48,54,58,67,71,76,83,84" /><INIT seed="0,1,1,2,2,105" ten="265,235,255,235" oya="0" hai0="94,11,96,93,87,5,109,32,4,98,122,106,52" hai1="7,118,133,79,97,111,60,35,40,43,9,129,86" hai2="134,69,55,33,64,71,82,24,124,131,48,135,85" hai3="83,29,91,88,36,125,107,99,21,68,54,120,38"/><T46/><D32/><U92/><E35/><V74/><F131/><W112/><G68/><N who="2" m="26185" /><F64/><W53/><G112/><T114/><D114/><U116/><E43/><V37/><F37/><W70/><G70/><T61/><D106/><U123/><E123/><V0/><F0/><W130/><G130/><T57/><D122/><U90/><E129/><V117/><F124/><W62/><G120/><T13/><D109/><U51/><E60/><V20/><F33/><W127/><G29/><T84/><D5/><U100/><E111/><V126/><F126/><N who="3" m="48139" /><G21/><T128/><D128/><U132/><E79/><N who="2" m="44407" /><F85/><N who="3" m="50239" /><G62/><T31/><D31/><U6/><E51/><V39/><F39/><N who="3" m="14891" /><G91/><T78/><D78/><U50/><E50/><V2/><F20/><W34/><G34/><T23/><D23/><U113/><E113/><V27/><F48/><W19/><G19/><T80/><D80/><U15/><E7/><V89/><F89/><W3/><G3/><T76/><D76/><U16/><E6/><V26/><F2/><W30/><G30/><T45/><D94/><U102/><E40/><V1/><F1/><W41/><G41/><T14/><D14/><U63/><E63/><V10/><F26/><W103/><AGARI ba="1,1" hai="53,54,99,103,107" m="14891,50239,48139" machi="103" ten="40,2700,0" yaku="18,1,54,1" doraHai="105" who="3" fromWho="3" sc="265,-14,235,-8,255,-8,235,40" /><INIT seed="1,0,0,5,3,0" ten="251,227,247,275" oya="1" hai0="16,33,6,41,17,97,119,9,68,1,106,52,84" hai1="132,83,73,64,63,26,8,75,70,55,57,79,69" hai2="18,114,122,51,116,88,94,130,10,121,72,22,104" hai3="87,118,131,13,92,58,14,3,30,110,21,49,74"/><U61/><E132/><V31/><F116/><W89/><G3/><T113/><D119/><U11/><E70/><V82/><F104/><W127/><G118/><T38/><D113/><U78/><REACH who="1" step="1"/><E26/><REACH who="1" ten="251,217,247,275" step="2"/><V125/><F114/><W23/><G127/><T108/><D68/><U86/><E86/><V120/><F125/><W62/><G74/><T32/><D84/><U37/><E37/><V5/><F72/><W129/><G87/><T54/><D38/><U65/><E65/><V102/><F122/><W40/><G131/><T67/><D67/><U35/><E35/><V76/><F130/><W124/><G129/><T105/><D97/><U81/><AGARI ba="0,1" hai="8,11,55,57,61,63,64,69,73,75,78,79,81,83" machi="81" ten="30,6000,0" yaku="1,1,0,1,9,1,53,0" doraHai="0" doraHaiUra="80" who="1" fromWho="1" sc="251,-20,217,70,247,-20,275,-20" /><INIT seed="1,1,0,5,1,18" ten="231,287,227,255" oya="1" hai0="3,33,21,95,66,7,131,68,72,57,82,104,116" hai1="130,134,87,80,77,4,49,88,64,133,126,69,112" hai2="114,102,79,122,27,58,97,40,120,128,25,125,61" hai3="101,22,115,6,89,53,90,50,84,74,83,29,24"/><U45/><E112/><V105/><F114/><W5/><G115/><T109/><D95/><U118/><E118/><V47/><F128/><W43/><G74/><T0/><D57/><U127/><E4/><V91/><F125/><N who="1" m="47625" /><E130/><V111/><F111/><W34/><G101/><T36/><D7/><U30/><E30/><V59/><F59/><W76/><G43/><T132/><D66/><U54/><E77/><V63/><F79/><W99/><G89/><T86/><D82/><U60/><AGARI ba="1,0" hai="45,49,54,60,64,69,80,87,88,133,134" m="47625" machi="60" ten="30,3000,0" yaku="18,1,54,1" doraHai="18" who="1" fromWho="1" sc="231,-11,287,33,227,-11,255,-11" /><INIT seed="1,2,0,4,1,41" ten="220,320,216,244" oya="1" hai0="63,7,110,26,133,75,123,90,10,33,87,66,27" hai1="17,21,57,42,114,95,80,48,28,99,8,5,92" hai2="36,50,59,89,18,107,19,119,60,130,12,129,34" hai3="82,113,2,38,62,93,52,69,25,126,128,53,39"/><U76/><E28/><V81/><F119/><W20/><G2/><T70/><D75/><U74/><E114/><V24/><F36/><W73/><G113/><T78/><D78/><U84/><E74/><V122/><F122/><W127/><G128/><N who="2" m="49257" /><F107/><W56/><G69/><T117/><D117/><U4/><E4/><V35/><F50/><W135/><G135/><T109/><D133/><U96/><E96/><V131/><F24/><W47/><G93/><T72/><D72/><U121/><E121/><V125/><F125/><N who="3" m="47627" /><G73/><T6/><D123/><U116/><E116/><V0/><F0/><W9/><G82/><N who="0" m="49527" /><D7/><U91/><E95/><V30/><F30/><N who="3" m="17703" /><G9/><T94/><D94/><U108/><E8/><V29/><F29/><W14/><G14/><N who="0" m="5463" /><D33/><N who="2" m="12298" /><F12/><W49/><AGARI ba="2,0" hai="38,39,47,49,52,53,56,62" m="17703,47627" machi="49" ten="30,4000,0" yaku="18,1,52,1,54,1" doraHai="41" who="3" fromWho="3" sc="220,-12,320,-22,216,-12,244,46" /><INIT seed="2,0,0,2,4,46" ten="208,298,204,290" oya="2" hai0="35,89,28,121,88,73,85,120,110,34,30,20,126" hai1="70,51,84,16,52,29,96,68,61,8,72,60,118" hai2="44,24,135,134,33,19,55,13,80,79,65,107,32" hai3="4,75,93,63,42,27,98,115,117,1,3,100,31"/><V129/><F107/><W92/><G117/><T87/><D20/><U25/><E72/><V53/><F129/><W132/><G75/><T91/><D73/><U9/><E70/><V123/><F123/><W95/><G132/><N who="2" m="50729" /><F65/><W90/><G115/><T21/><D21/><N who="1" m="13479" /><E29/><N who="0" m="11369" /><D126/><U130/><E68/><V23/><F24/><W40/><G63/><N who="1" m="24138" /><E130/><V99/><F99/><W22/><G93/><T6/><D6/><U10/><E118/><V58/><F44/><W116/><G116/><T76/><D76/><U56/><E84/><N who="0" m="32329" /><D110/><U133/><E133/><V122/><F122/><AGARI ba="0,0" hai="34,35,88,89,91,120,121,122" m="32329,11369" machi="122" ten="40,5200,0" yaku="28,2,54,1" doraHai="46" who="0" fromWho="2" sc="208,52,298,0,204,-52,290,0" /><INIT seed="3,0,0,5,5,104" ten="260,298,152,290" oya="3" hai0="65,67,107,60,73,43,126,114,26,22,90,10,21" hai1="54,123,35,112,88,18,134,108,121,106,42,31,127" hai2="55,116,37,59,70,30,122,41,17,0,93,56,120" hai3="1,36,24,119,132,87,49,86,124,14,68,94,97"/><W115/><G36/><T3/><D107/><U29/><E106/><V80/><F116/><W75/><G1/><T72/><D43/><U135/><E112/><V48/><F70/><W110/><G115/><T8/><D114/><U25/><E29/><V82/><F0/><W101/><G119/><T109/><D3/><U23/><E42/><V58/><F30/><W50/><G75/><T128/><D90/><U53/><E88/><V77/><F93/><N who="3" m="58543" /><G68/><T78/><D78/><U100/><E100/><V7/><F7/><W85/><G110/><T99/><D99/><U92/><E92/><V131/><F131/><W89/><G124/><T5/><D5/><U20/><E108/><V28/><F28/><W63/><G132/><N who="1" m="50730" /><E127/><V130/><F130/><W117/><G117/><T40/><D128/><U71/><E71/><V91/><F17/><W38/><G38/><T69/><D126/><U95/><E95/><V45/><F91/><W66/><G24/><T27/><D69/><U98/><E98/><V19/><F19/><W15/><G66/><T2/><D2/><U102/><E102/><V129/><F129/><W103/><G103/><T12/><D40/><U51/><E18/><V113/><F113/><W44/><G63/><T96/><D96/><U57/><E53/><V133/><F133/><W13/><G50/><T64/><D109/><U6/><E6/><V83/><REACH who="2" step="1"/><F77/><REACH who="2" ten="260,298,142,290" step="2"/><W34/><G34/><T9/><D12/><U16/><E16/><V32/><F32/><W79/><G79/><T125/><D125/><U33/><E33/><V11/><F11/><W47/><G49/><RYUUKYOKU ba="0,1" sc="260,-30,298,10,142,10,290,10" hai1="20,23,25,31,35,51,54,57,121,123" hai2="37,41,45,48,55,56,58,59,80,82,83,120,122" hai3="13,14,15,44,47,85,86,87,89,94" /><INIT seed="3,1,1,4,2,3" ten="230,308,152,300" oya="3" hai0="62,11,121,128,132,82,16,80,58,64,41,92,129" hai1="130,54,55,36,19,0,48,15,103,87,65,134,94" hai2="101,9,18,17,105,67,113,43,108,71,66,73,83" hai3="53,24,47,63,70,37,27,95,29,2,110,79,111"/><W34/><G2/><T52/><D121/><U88/><E36/><V50/><F113/><W77/><G95/><T97/><D41/><U25/><E0/><V38/><F108/><N who="3" m="41515" /><G24/><T20/><D132/><U1/><E1/><V56/><F71/><W122/><G122/><T116/><D116/><U26/><E134/><V81/><F38/><W106/><G106/><T21/><D21/><N who="1" m="11519" /><E130/><N who="0" m="50281" /><D64/><U85/><E65/><V99/><F67/><N who="3" m="41343" /><G53/><N who="1" m="19978" /><E103/><V98/><F98/><W123/><G123/><T51/><D51/><U114/><E114/><V109/><F109/><W120/><G120/><T78/><D11/><U44/><E87/><V31/><F31/><W91/><G91/><N who="0" m="55455" /><D78/><U23/><E23/><V45/><F9/><W4/><G37/><T133/><D133/><U8/><E8/><V72/><F83/><W22/><G22/><T131/><N who="0" m="50289" /><T96/><DORA hai="32" /><D96/><U10/><E10/><V30/><F30/><W115/><G115/><T89/><D89/><U40/><AGARI ba="1,1" hai="25,26,40,44,48,85,88,94" m="19978,11519" machi="40" ten="30,2000,0" yaku="8,1,54,1" doraHai="3,32" who="1" fromWho="1" sc="230,-6,308,33,152,-6,300,-11" owari="224,-18.0,341,44.0,146,-35.0,289,9.0" /></mjloggm>