<mjloggm ver="2.3"><GO type="97" lobby="0"/><UN n0="%E3%82%A6%E3%83%AB%E3%83%88%E3%83%A9%E7%AB%8B%E7%9B%B4" n1="%E9%99%8D%E3%82%8A%E6%89%93%E3%81%A1%E3%82%AF%E3%83%B3" n2="%72%64%78%62%70" n3="%E3%81%AF%E3%81%A8%E3%81%95%E3%82%93" dan="15,15,14,13" rate="1990.42,1961.74,1968.03,1935.34" sx="M,M,M,M"/><TAIKYOKU oya="0"/><INIT seed="0,0,0,1,3,45" ten="250,250,250,250" oya="0" hai0="47,37,87,65,32,5,54,23,116,19,101,33,10" hai1="39,77,96,69,64,125,16,18,100,133,34,81,122" hai2="22,103,131,67,98,124,75,121,71,72,115,3,88" hai3="31,44,70,90,76,14,4,123,21,8,120,0,109"/><T134/><D116/><U113/><E122/><N who="3" m="46634" /><G70/><T68/><D134/><U108/><E34/><V13/><F121/><W61/><G76/><T84/><D101/><U105/><E39/><V11/><F115/><W86/><G61/><T66/><D32/><U111/><E133/><V83/><F131/><W60/><G60/><T63/><D33/><U41/><E41/><V78/><F124/><W30/><G109/><N who="1" m="42058" /><E125/><V24/><F3/><W59/><G59/><T91/><D66/><U85/><E113/><V49/><F49/><W36/><G0/><T29/><D29/><U119/><E119/><V79/><F67/><W7/><G36/><T110/><D110/><U27/><E27/><V9/><F71/><W93/><G4/><T40/><D54/><U95/><E105/><V50/><F50/><W25/><G44/><T62/><D62/><AGARI ba="0,0" hai="16,18,62,64,69,77,81,85,95,96,100" m="42058" machi="62" ten="30,2000,0" yaku="14,1,54,1" doraHai="45" who="1" fromWho="0" sc="250,-20,250,20,250,0,250,0" /><INIT seed="1,0,0,0,0,99" ten="230,270,250,250" oya="1" hai0="39,50,105,110,40,124,20,62,25,116,28,18,60" hai1="77,131,94,90,38,16,8,63,54,48,51,113,6" hai2="107,109,80,128,122,84,29,43,123,53,2,7,13" hai3="73,49,85,42,132,74,9,3,64,35,55,31,34"/><U58/><E113/><V45/><F109/><W127/><G64/><T27/><D116/><U65/><E38/><V21/><F128/><W37/><G34/><T121/><D110/><U66/><E131/><V71/><F71/><W101/><G101/><T17/><D39/><U129/><E77/><V26/><F107/><W46/><G85/><T100/><D121/><U87/><E129/><V33/><F53/><W115/><G115/><T70/><D124/><U106/><E106/><V96/><F96/><W19/><G127/><T44/><D70/><U57/><E16/><N who="0" m="6249" /><D105/><U93/><E65/><V69/><F2/><W22/><G132/><T4/><D4/><U79/><E79/><V92/><F92/><W120/><G120/><T30/><D100/><U88/><E51/><V103/><F103/><W41/><G41/><T14/><D14/><N who="1" m="5399" /><E90/><V24/><F69/><W75/><G35/><T135/><D135/><U72/><E72/><V114/><F114/><W78/><G31/><T81/><D81/><AGARI ba="0,0" hai="48,54,57,58,63,66,81,87,88,93,94" m="5399" machi="81" ten="30,2900,0" yaku="8,1,54,1" doraHai="99" who="1" fromWho="0" sc="230,-29,270,29,250,0,250,0" /><INIT seed="1,1,0,3,4,81" ten="201,299,250,250" oya="1" hai0="49,34,111,69,39,79,72,76,95,116,26,105,122" hai1="133,91,93,45,75,1,89,104,65,6,59,50,113" hai2="57,92,102,67,40,46,135,71,68,32,106,60,52" hai3="99,11,107,101,16,73,14,88,70,96,90,56,19"/><U24/><E113/><V94/><F32/><W29/><G70/><T54/><D39/><U21/><E104/><V78/><F78/><W25/><G73/><T7/><D116/><U10/><E75/><V85/><F135/><W128/><G128/><T117/><D117/><U22/><E133/><V51/><F106/><W77/><G77/><T35/><D69/><U130/><E130/><V20/><F20/><W36/><G36/><T74/><D105/><U134/><E134/><V31/><F31/><W2/><G2/><T27/><D7/><U30/><E22/><V48/><F102/><W66/><G96/><T28/><D122/><U110/><E110/><V4/><F4/><W13/><G66/><T62/><D62/><U61/><REACH who="1" step="1"/><E93/><REACH who="1" ten="201,289,250,250" step="2"/><V84/><F94/><W9/><G56/><T120/><D111/><U53/><AGARI ba="1,1" hai="1,6,10,21,24,30,45,50,53,59,61,65,89,91" machi="53" ten="20,7800,0" yaku="1,1,2,1,0,1,7,1,53,0" doraHai="81" doraHaiUra="83" who="1" fromWho="1" sc="201,-27,289,91,250,-27,250,-27" /><INIT seed="1,2,0,4,2,86" ten="174,380,223,223" oya="1" hai0="72,2,75,74,103,92,35,29,78,69,119,40,90" hai1="9,133,43,53,3,13,94,65,56,115,57,96,4" hai2="91,12,100,108,20,23,50,42,21,41,77,106,80" hai3="37,123,25,95,111,0,84,87,73,31,63,83,32"/><U85/><E115/><V26/><F108/><W8/><G123/><T127/><D69/><U45/><E133/><V52/><F100/><W47/><G111/><T135/><D2/><U124/><E124/><V16/><F106/><W28/><G28/><T18/><D29/><U55/><E3/><V36/><F36/><W79/><G63/><T48/><D35/><U128/><E128/><V70/><F70/><W125/><G125/><T24/><D127/><U68/><E68/><V89/><F42/><W59/><G59/><T112/><D112/><U102/><E85/><N who="2" m="48271" /><F41/><W1/><G1/><T71/><D103/><U76/><E76/><V58/><F23/><W118/><G95/><T10/><D71/><U122/><E122/><V17/><AGARI ba="2,0" hai="12,16,17,20,21,26,50,52,58,89,91" m="48271" machi="17" ten="30,8000,1" yaku="8,1,52,2,54,2" doraHai="86" who="2" fromWho="2" sc="174,-22,380,-42,223,86,223,-22" /><INIT seed="2,0,0,4,0,67" ten="152,338,309,201" oya="2" hai0="82,11,3,88,112,37,77,30,68,70,10,72,128" hai1="124,36,98,66,71,118,99,97,96,28,87,29,75" hai2="41,46,119,13,38,135,125,21,76,134,79,12,73" hai3="26,40,85,113,9,109,25,84,80,23,132,81,15"/><V94/><F119/><W116/><G116/><T111/><D112/><U61/><E118/><V64/><F64/><W43/><G113/><T56/><D30/><U122/><E75/><V42/><F125/><W20/><G109/><T63/><D111/><U39/><E124/><V50/><F94/><W44/><G132/><N who="2" m="50729" /><F73/><W90/><G44/><T53/><D128/><U101/><E122/><V59/><F59/><W51/><G51/><T130/><D130/><U133/><E133/><V1/><F1/><W6/><G26/><T126/><D126/><U74/><E74/><V103/><F103/><W24/><G24/><T58/><D37/><U55/><E36/><V49/><F38/><W54/><G54/><T108/><D108/><U57/><E39/><V60/><F60/><W131/><G131/><T93/><D58/><U100/><E87/><V2/><F2/><W123/><G123/><T106/><D106/><U86/><E86/><V65/><F65/><W32/><G32/><T121/><D121/><U52/><E101/><V17/><F13/><W27/><G27/><T18/><D10/><U120/><E120/><V5/><F5/><W117/><G117/><T115/><D115/><U91/><E91/><V16/><F17/><N who="3" m="12431" /><G23/><T22/><D22/><U105/><E55/><V104/><F104/><W8/><G8/><T48/><D63/><U35/><E35/><V31/><F31/><W4/><G4/><N who="0" m="1439" /><D18/><U114/><E114/><V19/><F19/><W89/><AGARI ba="0,0" hai="6,9,15,40,43,80,81,84,85,89,90" m="12431" machi="89" ten="30,1100,0" yaku="8,1" doraHai="67" who="3" fromWho="3" sc="152,-3,338,-3,309,-5,201,11" /><INIT seed="3,0,0,4,1,106" ten="149,335,304,212" oya="3" hai0="6,75,78,128,126,124,4,89,42,30,73,91,9" hai1="21,120,74,129,51,110,49,123,7,131,133,103,58" hai2="28,76,117,20,81,59,43,92,19,15,26,65,95" hai3="50,68,125,17,66,22,2,37,119,99,55,84,12"/><W40/><G119/><T48/><D30/><U54/><E74/><N who="0" m="28169" /><D78/><U14/><E110/><V69/><F69/><W64/><G2/><T104/><D104/><U121/><E133/><V61/><F117/><W29/><G125/><N who="0" m="48235" /><D128/><N who="1" m="49227" /><E103/><V109/><F43/><W35/><G35/><T32/><D32/><U39/><E39/><V67/><F67/><W72/><G72/><T63/><D63/><N who="1" m="36311" /><E21/><V118/><F109/><W101/><G29/><T46/><D6/><U94/><E94/><V62/><F62/><W71/><G71/><T60/><D60/><U83/><E83/><V97/><F118/><W0/><G0/><AGARI ba="0,0" hai="0,4,9,42,46,48,89,91" m="48235,28169" machi="0" ten="30,7700,0" yaku="18,1,52,3" doraHai="106" who="0" fromWho="3" sc="149,77,335,0,304,0,212,-77" owari="226,-17.0,335,43.0,304,10.0,135,-36.0" /></mjloggm>