<mjloggm ver="2.3"><GO type="97" lobby="0"/><UN n0="%E3%82%A6%E3%83%AB%E3%83%88%E3%83%A9%E7%AB%8B%E7%9B%B4" n1="%E6%B3%95%E7%9A%87%E3%81%AE%E7%B7%91" n2="%E3%83%9E%E3%82%B9%E3%82%BF%E3%83%BC%EF%BC%97%EF%BC%97%EF%BC%97" n3="%63%6F%66%66%65%65%2E%53" dan="15,13,13,14" rate="2000.42,1844.77,1811.08,1922.79" sx="M,M,M,M"/><TAIKYOKU oya="0"/><INIT seed="0,0,0,3,2,52" ten="250,250,250,250" oya="0" hai0="109,59,56,119,18,61,108,65,104,60,17,69,84" hai1="23,48,100,74,110,79,8,106,118,112,85,78,103" hai2="96,122,29,91,58,80,133,117,99,6,7,53,107" hai3="134,111,1,127,28,124,4,55,24,22,32,19,114"/><T45/><D104/><U113/><E118/><V131/><F122/><W68/><G68/><T41/><D84/><U71/><E71/><V54/><F117/><W132/><G55/><N who="0" m="33823" /><D119/><U88/><E8/><V87/><F133/><N who="3" m="51307" /><G114/><N who="1" m="44138" /><E48/><V121/><F121/><W98/><G111/><N who="0" m="42571" /><D69/><U38/><E110/><V81/><F131/><W42/><G42/><T31/><D31/><U90/><E38/><AGARI ba="0,0" hai="17,18,38,41,45,59,61,65" m="42571,33823" machi="38" ten="30,11600,0" yaku="14,1,10,1,52,2" doraHai="52" who="0" fromWho="1" sc="250,116,250,-116,250,0,250,0" /><INIT seed="0,1,0,3,0,52" ten="366,134,250,250" oya="0" hai0="107,121,67,16,25,9,73,114,128,58,18,93,51" hai1="26,63,57,7,78,28,60,131,6,94,22,49,11" hai2="37,134,120,1,97,4,33,20,132,90,21,89,108" hai3="55,0,72,32,34,130,47,109,104,66,64,102,36"/><T69/><D107/><U74/><E131/><V13/><F120/><W68/><G109/><T82/><D114/><U44/><E74/><V122/><F37/><W23/><G130/><T15/><D121/><U81/><E78/><V12/><F122/><W2/><G23/><N who="0" m="13559" /><D73/><U50/><E81/><V111/><F97/><W38/><G66/><T77/><D69/><U48/><E44/><V80/><F80/><W112/><G112/><T3/><D3/><N who="3" m="1065" /><G47/><T135/><D135/><N who="2" m="51754" /><F33/><N who="3" m="12907" /><G55/><N who="0" m="32127" /><D128/><U70/><E70/><V105/><F105/><W27/><G27/><T117/><D117/><U43/><E43/><V116/><F116/><W71/><G72/><T35/><D35/><U29/><E94/><V41/><F41/><W99/><G68/><T40/><D40/><U133/><E133/><V14/><F1/><W92/><G92/><T31/><D93/><U106/><E106/><V85/><F4/><N who="1" m="1577" /><E11/><V19/><F85/><W84/><G84/><N who="0" m="48207" /><D67/><N who="1" m="39311" /><E63/><AGARI ba="1,0" hai="36,38,63,64,71,99,102,104" m="12907,1065" machi="63" ten="30,2000,0" yaku="33,2" doraHai="52" who="3" fromWho="1" sc="366,0,134,-23,250,0,250,23" /><INIT seed="1,0,0,3,1,37" ten="366,111,250,273" oya="1" hai0="85,130,64,45,106,107,8,62,83,112,125,15,101" hai1="56,57,6,28,34,132,4,59,19,38,110,113,123" hai2="70,108,32,51,60,88,42,75,129,35,71,94,95" hai3="52,115,1,30,109,46,84,11,29,3,76,66,82"/><U77/><E113/><V121/><F121/><W80/><G115/><T73/><D73/><U100/><E123/><V53/><F75/><W96/><G66/><T98/><D112/><U23/><E132/><V17/><F129/><W103/><G109/><T86/><D107/><U55/><E110/><V63/><F108/><W39/><G3/><T36/><D125/><U43/><E77/><V0/><F0/><W128/><G128/><T41/><D83/><U33/><E100/><V18/><F53/><W74/><G1/><T102/><D102/><U122/><E122/><V10/><F10/><W69/><G69/><T89/><D89/><U5/><E28/><V93/><F51/><W31/><G11/><T13/><D13/><U99/><E99/><V92/><N who="2" m="23552" /><DORA hai="2" /><V119/><F119/><W40/><G52/><T104/><D104/><U134/><E134/><V111/><F111/><W118/><G118/><T79/><D130/><U117/><E117/><V87/><F87/><W124/><G124/><T7/><D79/><U20/><E20/><V131/><F131/><W54/><G54/><T44/><D44/><U50/><E38/><V127/><F127/><W133/><G133/><T78/><D78/><U81/><E81/><V49/><F49/><W47/><G47/><T68/><AGARI ba="0,0" hai="7,8,15,36,41,45,62,64,68,85,86,98,101,106" machi="68" ten="20,5200,0" yaku="0,1,7,1,52,2" doraHai="37,2" who="0" fromWho="0" sc="366,52,111,-26,250,-13,273,-13" /><INIT seed="2,0,0,3,1,37" ten="418,85,237,260" oya="2" hai0="90,71,44,61,74,117,53,115,114,43,134,20,101" hai1="131,102,10,4,99,84,1,91,60,89,50,98,49" hai2="30,28,15,14,32,135,24,8,31,133,36,76,107" hai3="109,56,72,82,104,42,77,38,106,94,129,26,55"/><V128/><F36/><W41/><G38/><T116/><D74/><U126/><E131/><V7/><F107/><W122/><G122/><T23/><D101/><U92/><E126/><V67/><F67/><W125/><G129/><T0/><D0/><U52/><E60/><V105/><F105/><W83/><G125/><T9/><D9/><U93/><E49/><V54/><F128/><W17/><G106/><T64/><D53/><U79/><E79/><V113/><F76/><W2/><G104/><T80/><D80/><U66/><E66/><V58/><F113/><W47/><G2/><T112/><D90/><U86/><REACH who="1" step="1"/><E102/><REACH who="1" ten="418,75,237,260" step="2"/><V110/><F110/><W35/><G77/><T48/><D134/><N who="2" m="51210" /><F58/><AGARI ba="0,1" hai="1,4,10,50,52,58,84,86,89,91,92,93,98,99" machi="58" ten="30,7700,0" yaku="1,1,7,1,9,1,54,1,53,0" doraHai="37" doraHaiUra="12" who="1" fromWho="2" sc="418,0,75,87,237,-77,260,0" /><INIT seed="3,0,0,0,1,94" ten="418,162,160,260" oya="3" hai0="34,74,107,76,122,83,77,14,63,100,115,27,65" hai1="23,80,51,103,114,49,11,0,128,9,105,84,109" hai2="98,57,8,6,12,19,25,2,123,36,104,56,88" hai3="91,110,46,15,99,113,37,32,79,58,4,31,101"/><W3/><G3/><T108/><D77/><U129/><E114/><V119/><F36/><W93/><G113/><T59/><D115/><U95/><E105/><V120/><F119/><W75/><G32/><T86/><D86/><U90/><E109/><V106/><F106/><W48/><G37/><T40/><D14/><U127/><E127/><V52/><F25/><W50/><G31/><N who="0" m="19839" /><D59/><U17/><E9/><V118/><F118/><W33/><G33/><T60/><D63/><U45/><E11/><V78/><F78/><W28/><G28/><T16/><D16/><U20/><E0/><V71/><F71/><W133/><G58/><T53/><D53/><U131/><E17/><V121/><F104/><W62/><G79/><T24/><D40/><U38/><E38/><V117/><F117/><W130/><G75/><T81/><D81/><U26/><E26/><V116/><F116/><W89/><G62/><T111/><D24/><U61/><E61/><V13/><F2/><W124/><G124/><T29/><D29/><U135/><E135/><V134/><F134/><W5/><G133/><T69/><D122/><N who="2" m="31234" /><V92/><DORA hai="66" /><F52/><N who="3" m="29719" /><G110/><T126/><D126/><U18/><E18/><V64/><F64/><W87/><G130/><T73/><D73/><U30/><E30/><V35/><F35/><W43/><G4/><T102/><D60/><U96/><E49/><V70/><F70/><W67/><G67/><T10/><D65/><U132/><E132/><V112/><F112/><W7/><G7/><T21/><D69/><U44/><E51/><V82/><F82/><W85/><G50/><RYUUKYOKU ba="0,0" sc="418,-15,162,15,160,15,260,-15" hai1="20,23,44,45,80,84,90,95,96,103,128,129,131" hai2="6,8,12,13,19,56,57,88,92,98" owari="403,49.0,177,-22.0,175,-32.0,245,5.0" /></mjloggm>