<mjloggm ver="2.3"><GO type="97" lobby="0"/><UN n0="%E8%B6%85%E5%BC%B7%E3%81%84%E3%81%AE" n1="%E3%82%A6%E3%83%AB%E3%83%88%E3%83%A9%E7%AB%8B%E7%9B%B4" n2="%E7%87%95%E5%A4%AA%E9%83%8E%E6%AD%A6%E5%BA%B8" n3="%61%6C%70%68%61%2D%70%73" dan="15,14,13,13" rate="1942.02,1906.10,1814.35,1849.47" sx="F,M,M,M"/><TAIKYOKU oya="0"/><INIT seed="0,0,0,2,1,28" ten="250,250,250,250" oya="0" hai0="51,115,116,87,53,102,12,123,5,117,110,128,32" hai1="48,92,131,44,114,22,111,135,43,10,121,126,82" hai2="130,39,42,109,47,13,29,54,20,133,77,8,62" hai3="17,15,74,100,7,84,104,1,11,103,107,55,106"/><T88/><D123/><U50/><E121/><V3/><F3/><W60/><G74/><T73/><D115/><U98/><E114/><V99/><F77/><W23/><REACH who="3" step="1"/><G84/><REACH who="3" ten="250,250,250,240" step="2"/><T30/><D73/><U35/><E126/><V69/><F99/><W56/><AGARI ba="0,1" hai="1,7,11,15,17,23,55,56,60,100,103,104,106,107" machi="56" ten="40,5200,0" yaku="1,1,2,1,0,1,53,0" doraHai="28" doraHaiUra="93" who="3" fromWho="3" sc="250,-26,250,-13,250,-13,240,62" /><INIT seed="1,0,0,5,3,118" ten="224,237,237,302" oya="1" hai0="73,48,120,53,89,22,69,75,2,68,105,36,28" hai1="103,107,84,44,134,123,1,34,59,116,65,97,4" hai2="29,104,83,56,74,11,131,38,67,58,9,72,128" hai3="71,49,92,61,66,110,135,122,124,98,91,86,27"/><U96/><E34/><V55/><F38/><W35/><G122/><T30/><D36/><U85/><E116/><V119/><F104/><W113/><G113/><T121/><D2/><U50/><E134/><V126/><F119/><W60/><G135/><T6/><D6/><U14/><E1/><V26/><F126/><W130/><G130/><N who="2" m="49705" /><F83/><W125/><G110/><T5/><D5/><U21/><E123/><N who="0" m="47177" /><D105/><U52/><E97/><V101/><F101/><W42/><G61/><T129/><D129/><U40/><E65/><V117/><F67/><W114/><G114/><T15/><D89/><U81/><E81/><V93/><F58/><W13/><G13/><T23/><D15/><U10/><REACH who="1" step="1"/><E21/><REACH who="1" ten="224,227,237,302" step="2"/><N who="0" m="7689" /><D30/><U54/><E54/><V112/><F55/><W100/><G66/><T87/><D28/><U64/><E64/><V33/><F112/><W18/><G125/><T109/><D109/><U62/><AGARI ba="0,1" hai="4,10,14,40,44,50,52,59,62,84,85,96,103,107" machi="62" ten="20,12000,1" yaku="1,1,0,1,7,1,54,1,53,1" doraHai="118" doraHaiUra="102" who="1" fromWho="1" sc="224,-40,227,130,237,-40,302,-40" /><INIT seed="1,1,0,3,4,127" ten="184,357,197,262" oya="1" hai0="131,101,71,121,73,7,91,96,68,79,126,53,87" hai1="32,130,89,47,42,51,123,13,5,30,94,21,106" hai2="110,67,108,78,11,40,20,37,31,61,77,103,24" hai3="12,16,135,115,52,93,36,100,83,38,9,48,14"/><U114/><E106/><V2/><F103/><W35/><G135/><T95/><D126/><U102/><E102/><V55/><F55/><W98/><G115/><T27/><D121/><U124/><E123/><V22/><F20/><W60/><G35/><T33/><D7/><U105/><E105/><V117/><F117/><W120/><G120/><T44/><D131/><U92/><E114/><V99/><F99/><W41/><G83/><T28/><D79/><U25/><E124/><V134/><F134/><W59/><G14/><T82/><REACH who="0" step="1"/><D73/><REACH who="0" ten="174,357,197,262" step="2"/><U29/><E130/><V72/><F72/><W50/><G50/><AGARI ba="1,1" hai="27,28,33,44,50,53,68,71,82,87,91,95,96,101" machi="50" ten="40,2600,0" yaku="1,1,2,1,53,0" doraHai="127" doraHaiUra="69" who="0" fromWho="3" sc="174,39,357,0,197,0,262,-29" /><INIT seed="2,0,0,2,5,6" ten="213,357,197,233" oya="2" hai0="116,107,8,61,66,88,132,71,100,94,113,50,7" hai1="106,114,3,12,51,84,110,11,111,19,69,33,58" hai2="52,81,39,27,97,123,46,134,4,115,53,13,29" hai3="79,44,22,49,37,126,73,28,96,60,23,124,77"/><V133/><F123/><W1/><G1/><T68/><D113/><U59/><E106/><V119/><F119/><W9/><G37/><T118/><D132/><N who="2" m="50794" /><F115/><W45/><G73/><T117/><D50/><U85/><E69/><V5/><F97/><W128/><G128/><T18/><D18/><U83/><E114/><V17/><F81/><W112/><G112/><T25/><D25/><U32/><E3/><V34/><F39/><W98/><G60/><T102/><D71/><U64/><E84/><V91/><F91/><W99/><G9/><T104/><D104/><U109/><E58/><V62/><F53/><W135/><G135/><T86/><D107/><U57/><E59/><N who="2" m="35175" /><F46/><W15/><G28/><T48/><REACH who="0" step="1"/><D48/><REACH who="0" ten="203,357,197,233" step="2"/><U72/><E51/><V31/><F29/><W108/><G49/><T89/><D89/><N who="1" m="51391" /><E72/><V121/><F121/><W2/><G108/><T47/><D47/><N who="3" m="17993" /><G2/><AGARI ba="0,1" hai="2,7,8,61,66,68,86,88,94,100,102,116,117,118" machi="2" ten="40,8000,1" yaku="1,1,12,1,52,1,54,1,53,0" doraHai="6" doraHaiUra="24" who="0" fromWho="3" sc="203,90,357,0,197,0,233,-80" /><INIT seed="3,0,0,1,4,42" ten="293,357,197,153" oya="3" hai0="133,101,25,114,48,74,18,62,102,64,127,70,41" hai1="19,79,9,125,110,23,0,37,94,106,131,43,87" hai2="122,120,126,132,47,134,32,121,11,111,86,95,38" hai3="98,49,57,36,33,103,109,112,119,28,55,40,7"/><W84/><G119/><T53/><D74/><U100/><E106/><V6/><F95/><W30/><G112/><T78/><D78/><U20/><E43/><V124/><F86/><W97/><G7/><T60/><D133/><N who="2" m="51306" /><F111/><W118/><G118/><T77/><D77/><U13/><E37/><V39/><F32/><W113/><G113/><T128/><D128/><U56/><E125/><N who="2" m="48235" /><F11/><W31/><G33/><T75/><D75/><U89/><E56/><V135/><F6/><W52/><G109/><T15/><D127/><U68/><E19/><V83/><F83/><W88/><G36/><N who="2" m="13865" /><F47/><N who="3" m="25831" /><G103/><T108/><D108/><U85/><E110/><V91/><F91/><W44/><G44/><T92/><D101/><U107/><E89/><V2/><N who="2" m="51314" /><V81/><DORA hai="26" /><F81/><N who="3" m="49167" /><G55/><T51/><D53/><U69/><E100/><V3/><AGARI ba="0,0" hai="2,3,120,121,122" m="13865,48235,51314" machi="3" ten="60,12000,2" yaku="28,2,13,1,20,1,18,1,31,2" doraHai="42,26" who="2" fromWho="2" sc="293,-30,357,-30,197,120,153,-60" owari="263,-14.0,327,43.0,317,12.0,93,-41.0" /></mjloggm>