<mjloggm ver="2.3"><GO type="97" lobby="0"/><UN n0="%E3%83%94%E3%83%AB%E3%82%AF%E3%83%AB" n1="%E3%83%9A%E3%82%B3%E3%83%9D%E3%83%B3" n2="%E3%82%A6%E3%83%AB%E3%83%88%E3%83%A9%E7%AB%8B%E7%9B%B4" n3="%E3%82%82%E3%81%B5%E3%82%82%E3%81%B5%EF%BD%9E" dan="13,13,15,15" rate="1943.33,1939.26,1988.29,1985.59" sx="M,M,M,M"/><TAIKYOKU oya="0"/><INIT seed="0,0,0,3,2,63" ten="250,250,250,250" oya="0" hai0="1,65,116,62,69,111,20,10,38,43,64,78,75" hai1="71,41,121,48,3,70,15,16,61,107,6,49,77" hai2="91,55,118,27,79,119,117,74,46,85,95,99,60" hai3="106,54,47,56,76,103,39,123,52,84,23,12,104"/><T33/><D116/><U26/><E107/><V90/><F27/><W88/><G106/><T22/><D33/><U120/><E26/><V83/><F46/><W72/><G123/><T32/><D32/><U31/><E31/><V134/><F55/><W73/><G47/><N who="0" m="24055" /><D64/><U126/><E126/><V125/><F60/><W50/><G39/><T34/><D34/><U28/><E28/><V4/><F4/><W58/><G76/><T17/><D17/><U93/><E77/><V24/><F24/><W112/><G112/><T101/><D101/><U80/><E80/><N who="2" m="45175" /><F125/><W35/><G103/><T110/><D78/><U98/><E120/><V94/><F94/><W97/><G104/><T51/><D75/><U127/><E127/><V11/><F11/><W29/><G73/><T5/><D51/><U105/><E105/><V89/><F134/><W102/><G35/><T45/><D45/><U122/><E121/><V19/><F19/><W67/><G67/><T96/><D96/><U14/><E122/><V2/><F2/><W18/><G29/><T129/><D129/><U40/><E3/><V66/><F66/><W25/><G12/><T128/><D128/><U13/><E6/><V115/><F115/><W135/><G18/><T124/><D124/><U37/><E16/><V86/><F83/><W7/><G7/><T8/><D10/><U81/><E37/><V131/><F131/><W113/><G113/><T130/><D130/><U92/><E81/><V42/><F42/><W0/><G0/><T132/><D132/><U36/><E41/><V82/><F82/><W21/><G135/><RYUUKYOKU ba="0,0" sc="250,15,250,-15,250,15,250,-15" hai0="1,5,8,20,22,62,65,69,110,111" hai2="85,86,89,90,91,95,99,117,118,119" /><INIT seed="0,1,0,1,4,30" ten="265,235,265,235" oya="0" hai0="27,6,14,94,103,107,39,108,9,90,102,99,62" hai1="53,132,25,88,46,1,82,34,84,77,98,56,100" hai2="65,105,121,18,126,122,75,58,93,118,78,7,21" hai3="111,40,13,133,123,125,32,119,38,50,134,57,42"/><T33/><D39/><U69/><E69/><V31/><F105/><W29/><G119/><T63/><D108/><U43/><E1/><V101/><F118/><W85/><G125/><T87/><REACH who="0" step="1"/><D102/><REACH who="0" ten="255,235,265,235" step="2"/><U91/><E132/><V115/><F101/><W26/><G111/><T61/><D61/><U48/><E100/><V113/><F126/><W97/><G38/><T81/><D81/><U127/><E127/><V12/><F122/><W73/><G123/><T67/><D67/><U104/><E104/><V124/><F65/><W129/><G134/><T36/><D36/><U71/><E71/><V35/><F124/><W8/><G133/><T2/><D2/><U68/><E68/><V95/><F121/><W64/><G64/><T28/><AGARI ba="1,1" hai="6,9,14,27,28,33,62,63,87,90,94,99,103,107" machi="28" ten="30,6000,0" yaku="1,1,0,1,52,1,53,0" doraHai="30" doraHaiUra="16" who="0" fromWho="0" sc="255,73,235,-21,265,-21,235,-21" /><INIT seed="0,2,0,2,3,3" ten="328,214,244,214" oya="0" hai0="42,6,19,74,27,73,37,111,124,92,83,134,110" hai1="57,55,108,28,79,12,89,67,33,75,29,107,99" hai2="88,80,113,109,14,120,77,18,102,117,61,16,49" hai3="11,43,32,9,85,66,60,118,133,123,121,130,38"/><T114/><D114/><U2/><E2/><V93/><F120/><N who="3" m="46155" /><G118/><T0/><D134/><U7/><E67/><V78/><F113/><W70/><G133/><T24/><D124/><U51/><E108/><N who="0" m="41513" /><D83/><U131/><E131/><V46/><F117/><W39/><G130/><T90/><D42/><U71/><E71/><V17/><F61/><W103/><G103/><T98/><D37/><N who="3" m="13833" /><G43/><T69/><D69/><U5/><E33/><V22/><F109/><W31/><G85/><T58/><D58/><U127/><E127/><V59/><F59/><W64/><G66/><T84/><D84/><U101/><E12/><V112/><F102/><W1/><G1/><T115/><D115/><U15/><E15/><V50/><F112/><W44/><G44/><T96/><D96/><U53/><E53/><V65/><F65/><W94/><G94/><T106/><D106/><U25/><E89/><V20/><F14/><W62/><G62/><T34/><D34/><U126/><E126/><V47/><F80/><W128/><G128/><T129/><D129/><U36/><E36/><V87/><F77/><W52/><G52/><T135/><D135/><U72/><E72/><N who="0" m="27753" /><D19/><U8/><E8/><AGARI ba="2,0" hai="0,6,8,24,27,90,92,98" m="27753,41513" machi="8" ten="30,5800,0" yaku="14,1,10,1,52,1" doraHai="3" who="0" fromWho="1" sc="328,64,214,-64,244,0,214,0" /><INIT seed="0,3,0,0,4,41" ten="392,150,244,214" oya="0" hai0="95,45,111,3,53,2,40,42,8,63,97,58,124" hai1="5,120,70,61,133,27,115,121,107,9,112,65,68" hai2="113,12,0,1,26,135,86,126,99,29,15,74,79" hai3="80,88,35,123,51,131,39,118,54,87,106,57,30"/><T129/><D129/><U49/><E49/><V101/><F74/><W22/><G118/><T60/><D124/><U114/><E27/><V17/><F113/><W100/><G39/><T50/><D111/><U128/><E128/><V96/><F126/><W69/><G69/><T66/><D8/><U102/><E70/><V127/><F127/><W98/><G35/><T78/><D78/><U38/><E38/><V84/><F135/><W47/><G123/><T16/><D16/><U19/><E19/><V56/><F17/><W92/><G131/><T24/><D24/><U14/><E133/><V125/><F79/><W55/><G55/><T48/><D60/><U110/><E110/><V93/><F26/><N who="3" m="16727" /><G106/><T91/><REACH who="0" step="1"/><D40/><REACH who="0" ten="382,150,244,214" step="2"/><U72/><E72/><V59/><F125/><W18/><G18/><T122/><D122/><U109/><E109/><V20/><F29/><W132/><G132/><T13/><D13/><U4/><E4/><V116/><F116/><W76/><G76/><T134/><D134/><U89/><E89/><V31/><F31/><W117/><G117/><T28/><D28/><U90/><E90/><V37/><F20/><W46/><AGARI ba="3,1" hai="46,47,51,54,57,80,87,88,92,98,100" m="16727" machi="46" ten="30,7900,0" yaku="8,1,52,2,54,1" doraHai="41" who="3" fromWho="3" sc="382,-42,150,-23,244,-23,214,98" /><INIT seed="1,0,0,3,2,121" ten="340,127,221,312" oya="1" hai0="96,62,30,64,106,112,102,76,26,92,35,3,2" hai1="81,28,125,51,25,22,38,108,68,59,134,52,130" hai2="116,53,79,61,101,88,83,12,18,32,34,4,117" hai3="82,13,43,115,45,69,29,128,126,39,10,49,50"/><U71/><E125/><V65/><F4/><W57/><G115/><T107/><D112/><U113/><E113/><V11/><F101/><W94/><G126/><T119/><D119/><U36/><E130/><V97/><F53/><W91/><G69/><T73/><D92/><U118/><E118/><V60/><F60/><W54/><G29/><T44/><D44/><U37/><E134/><V123/><F123/><W124/><G128/><T104/><D104/><U120/><E120/><V58/><F34/><W15/><G124/><T47/><D47/><U23/><E23/><V31/><F31/><W131/><G82/><N who="0" m="45327" /><D107/><U132/><E132/><V41/><F41/><W46/><G131/><T40/><D40/><U111/><REACH who="1" step="1"/><E81/><REACH who="1" ten="340,117,221,312" step="2"/><V48/><F32/><W24/><G39/><T14/><D14/><U87/><E87/><V75/><F116/><W109/><G15/><T77/><D77/><U19/><E19/><V70/><F117/><W42/><G42/><T133/><D133/><U90/><E90/><V27/><F88/><W33/><G43/><T21/><D21/><U5/><E5/><V9/><F97/><W7/><G91/><T17/><D17/><U78/><E78/><V55/><F27/><W20/><G24/><T105/><D2/><U99/><E99/><V56/><F11/><W0/><G0/><T86/><D3/><U135/><E135/><V114/><F114/><W63/><G33/><T122/><D86/><U84/><E84/><V72/><F72/><W127/><G127/><T8/><D122/><U16/><E16/><V6/><F18/><W98/><G20/><RYUUKYOKU ba="0,1" sc="340,-15,117,15,221,15,312,-15" hai1="22,25,28,36,37,38,51,52,59,68,71,108,111" hai2="6,9,12,48,55,56,58,61,65,70,75,79,83" /><INIT seed="1,1,1,2,5,99" ten="325,132,236,297" oya="1" hai0="87,116,96,40,123,68,4,45,133,38,86,15,112" hai1="35,125,101,52,102,117,64,14,48,27,8,85,83" hai2="135,74,1,46,28,36,78,132,104,79,80,119,89" hai3="23,108,128,67,7,120,88,16,37,47,13,82,31"/><U34/><E117/><V127/><F1/><W69/><G120/><T124/><D116/><U5/><E64/><V90/><F119/><W55/><G108/><T49/><D112/><U97/><E125/><V94/><F28/><W126/><G128/><T76/><D124/><U110/><E110/><V54/><F104/><W122/><G122/><T106/><D68/><U62/><E62/><V58/><F127/><W107/><G107/><T56/><D123/><U41/><E41/><N who="2" m="22823" /><F94/><W66/><G69/><T20/><D133/><N who="2" m="51274" /><F79/><W118/><G118/><T121/><D121/><U75/><E75/><V3/><F3/><W22/><G37/><T51/><D38/><U24/><E35/><V71/><F71/><W129/><G129/><T115/><D76/><N who="1" m="46311" /><E34/><V0/><F0/><W95/><G82/><T60/><D106/><U50/><E97/><V81/><F81/><W43/><G43/><T53/><D96/><U91/><E48/><AGARI ba="1,1" hai="48,54,58,74,78,80,89,90" m="51274,22823" machi="48" ten="30,1000,0" yaku="20,1" doraHai="99" who="2" fromWho="1" sc="325,0,132,-13,236,23,297,0" /><INIT seed="2,0,0,0,2,102" ten="325,119,259,297" oya="2" hai0="34,6,104,78,5,115,87,74,29,120,36,59,9" hai1="46,88,41,68,37,114,129,133,1,32,51,77,4" hai2="105,62,58,86,33,39,47,76,22,18,121,95,25" hai3="83,125,131,65,42,112,63,117,17,0,111,128,94"/><V16/><F33/><W96/><G117/><T72/><D115/><U31/><E114/><V7/><F121/><W79/><G111/><T60/><D120/><U3/><E51/><V118/><F118/><W64/><G0/><T93/><D36/><U130/><E133/><V27/><F7/><W40/><G125/><T53/><D104/><U15/><E15/><V21/><F105/><W85/><G112/><T135/><D135/><U45/><E45/><V75/><F75/><W67/><G17/><T113/><D113/><U70/><E77/><V26/><F26/><W101/><REACH who="3" step="1"/><G63/><REACH who="3" ten="325,119,259,287" step="2"/><T107/><D60/><U28/><E4/><V80/><F95/><W35/><G35/><T12/><D93/><U24/><E31/><V98/><F98/><W2/><G2/><T103/><D107/><U8/><E8/><V20/><F20/><W55/><G55/><T134/><D29/><U43/><E43/><AGARI ba="0,1" hai="40,42,43,64,65,67,79,83,85,94,96,101,128,131" machi="43" ten="40,1300,0" yaku="1,1,53,0" doraHai="102" doraHaiUra="57" who="3" fromWho="1" sc="325,0,119,-13,259,0,287,23" /><INIT seed="3,0,0,4,2,132" ten="325,106,259,310" oya="3" hai0="123,51,74,37,109,73,45,17,80,31,12,11,84" hai1="76,40,77,23,131,119,30,70,93,8,22,66,83" hai2="19,25,72,126,3,58,79,9,26,65,99,68,115" hai3="124,59,107,94,15,39,64,21,78,90,130,95,112"/><W14/><G124/><T4/><D123/><U85/><E70/><V110/><F68/><W38/><G112/><T135/><D37/><U61/><E66/><V62/><F115/><W46/><G107/><T118/><D118/><U87/><E61/><V0/><F110/><W6/><G78/><N who="0" m="46103" /><D109/><U125/><E40/><V60/><F79/><W97/><G130/><T133/><D31/><U10/><E30/><V53/><F72/><N who="0" m="27754" /><D17/><U134/><E119/><V89/><F126/><W34/><G34/><T103/><D103/><U44/><E44/><V102/><F26/><W113/><G113/><T41/><AGARI ba="0,0" hai="4,11,12,41,45,51,133,135" m="27754,46103" machi="41" ten="30,1100,0" yaku="25,1" doraHai="132" who="0" fromWho="0" sc="325,11,106,-3,259,-3,310,-5" owari="336,43.0,103,-40.0,256,-14.0,305,11.0" /></mjloggm>