<mjloggm ver="2.3"><GO type="97" lobby="0"/><UN n0="%E5%92%B2%EF%BC%A0%E7%9B%A3%E7%9D%A3" n1="%E3%82%A6%E3%83%AB%E3%83%88%E3%83%A9%E7%AB%8B%E7%9B%B4" n2="%E3%81%8D%E3%82%8A%E3%81%97%E3%81%BE%E3%81%97%E3%82%85%E3%81%9E%E3%81%86" n3="%E3%82%86%E3%81%86%E3%81%93%E3%82%8A%E3%82%93" dan="13,15,14,14" rate="1878.56,2002.53,1892.19,1935.20" sx="M,M,M,F"/><TAIKYOKU oya="0"/><INIT seed="0,0,0,0,1,35" ten="250,250,250,250" oya="0" hai0="97,12,73,86,112,135,28,23,95,130,41,90,45" hai1="39,68,30,50,85,133,82,113,116,71,69,33,118" hai2="67,0,31,4,53,7,103,115,13,11,131,6,128" hai3="120,84,122,10,29,26,111,125,119,58,80,43,114"/><T75/><D112/><U106/><E106/><V65/><F115/><W24/><G114/><T88/><D135/><U64/><E113/><V3/><F31/><W51/><G119/><T108/><D108/><U61/><E39/><V110/><F110/><W98/><G111/><T37/><D130/><N who="2" m="49706" /><F103/><W60/><G125/><T129/><D129/><U105/><E105/><V94/><F53/><W19/><G98/><T56/><D56/><U2/><E2/><N who="2" m="555" /><F94/><W8/><G43/><T54/><D54/><U101/><E133/><V74/><F74/><W18/><G29/><T36/><D36/><U9/><E30/><V40/><F40/><W38/><G122/><T34/><D34/><U92/><E33/><V21/><F21/><W117/><G38/><T70/><D70/><U127/><E71/><V77/><F77/><W72/><G72/><T1/><D1/><U87/><E69/><V46/><F46/><W121/><G121/><T79/><D79/><U104/><E68/><V22/><F22/><W14/><G120/><T48/><D48/><U132/><E92/><V102/><F102/><W62/><G51/><T47/><D47/><U32/><E101/><V16/><AGARI ba="0,0" hai="4,6,7,11,13,16,65,67" m="555,49706" machi="16" ten="40,8000,1" yaku="19,1,52,3,54,1" doraHai="35" who="2" fromWho="2" sc="250,-40,250,-20,250,80,250,-20" /><INIT seed="1,0,0,2,0,43" ten="210,230,330,230" oya="1" hai0="106,67,125,101,88,37,5,52,31,17,15,10,47" hai1="82,104,94,91,7,3,80,116,29,108,21,27,36" hai2="42,12,57,28,128,62,100,41,30,48,92,133,11" hai3="1,93,54,20,13,49,77,105,89,9,72,113,121"/><U110/><E104/><V81/><F128/><W40/><G113/><T14/><D125/><U65/><E65/><N who="2" m="39119" /><F133/><W90/><G121/><T130/><D130/><U84/><E116/><V55/><F81/><W86/><G105/><T132/><D132/><U8/><REACH who="1" step="1"/><E36/><REACH who="1" ten="210,220,330,230" step="2"/><V107/><F107/><W19/><G40/><T124/><D67/><U63/><E63/><V119/><F41/><W53/><G72/><T38/><D38/><U68/><E68/><V127/><F42/><W6/><G77/><T46/><D37/><U24/><E24/><V76/><F119/><W78/><G78/><T0/><D124/><U69/><E69/><V56/><F76/><W79/><G79/><T87/><D106/><U23/><E23/><V102/><F127/><W134/><G134/><T35/><D35/><U126/><E126/><V74/><F74/><W61/><G61/><T34/><D34/><U123/><E123/><V4/><F102/><W16/><G49/><T118/><D101/><U51/><E51/><V131/><F131/><W117/><G117/><T112/><D118/><U120/><E120/><V60/><F60/><W115/><G115/><T71/><D112/><U59/><E59/><V70/><F70/><W109/><G20/><T45/><D71/><U32/><E32/><V83/><F100/><W25/><G25/><T26/><D26/><U129/><E129/><V73/><F48/><W85/><G54/><T44/><D31/><U22/><E22/><V122/><F55/><W97/><G53/><T33/><D33/><U99/><E99/><V66/><F56/><W95/><G97/><RYUUKYOKU ba="0,1" sc="210,-10,220,30,330,-10,230,-10" hai1="3,7,8,21,27,29,80,82,84,91,94,108,110" /><INIT seed="1,1,1,0,2,93" ten="200,250,320,220" oya="1" hai0="65,64,43,104,33,56,18,39,3,57,20,81,100" hai1="22,102,66,74,129,113,119,10,38,55,42,31,82" hai2="114,84,86,5,94,34,62,15,17,69,112,75,27" hai3="32,23,118,7,6,89,109,40,12,96,47,88,67"/><U44/><E119/><V125/><F75/><W9/><G32/><T76/><D33/><U26/><E113/><N who="2" m="43627" /><F125/><W99/><G118/><T54/><D3/><U124/><E124/><V2/><F2/><W91/><G67/><T121/><D121/><U122/><E122/><V73/><F73/><W61/><G61/><T111/><D111/><U50/><E129/><V71/><F5/><N who="3" m="3119" /><G109/><T24/><D39/><U135/><E135/><V131/><F131/><W70/><G70/><N who="2" m="26633" /><F62/><W63/><G63/><T58/><D43/><U115/><E66/><V25/><F94/><W97/><G23/><T28/><D28/><U98/><E115/><V90/><F90/><W107/><G107/><T51/><D100/><U127/><E127/><V117/><F117/><W14/><G14/><T134/><D104/><U92/><E10/><N who="2" m="6391" /><F27/><W16/><G16/><T21/><D21/><U120/><E120/><V132/><F132/><W41/><G47/><T130/><D130/><U13/><E13/><V36/><F36/><W85/><G85/><N who="0" m="48295" /><D134/><U72/><REACH who="1" step="1"/><E82/><REACH who="1" ten="200,240,320,220" step="2"/><V45/><F45/><AGARI ba="1,2" hai="18,20,24,45,51,54,56,57,58,64,65" m="48295" machi="45" ten="30,1000,0" yaku="8,1" doraHai="93" who="0" fromWho="2" sc="200,33,240,0,320,-13,220,0" /><AGARI ba="1,0" hai="22,26,31,38,42,44,45,50,55,72,74,92,98,102" machi="45" ten="30,11600,0" yaku="1,1,2,1,7,1,52,1,53,0" doraHai="93" doraHaiUra="8" who="1" fromWho="2" sc="233,0,240,116,307,-116,220,0" /><INIT seed="1,2,0,1,2,41" ten="233,356,191,220" oya="1" hai0="59,28,93,0,43,62,68,31,47,103,20,1,120" hai1="91,117,48,98,73,119,83,15,54,69,36,29,129" hai2="77,52,87,78,66,45,61,5,84,50,109,70,110" hai3="16,8,35,64,67,100,33,85,80,18,86,32,108"/><U114/><E69/><V111/><REACH who="2" step="1"/><F5/><REACH who="2" ten="233,356,181,220" step="2"/><W2/><G108/><T74/><D120/><U122/><E122/><V92/><F92/><W10/><G100/><T17/><D103/><U4/><E4/><V89/><F89/><W76/><G2/><T124/><D93/><U12/><E91/><V6/><F6/><W65/><REACH who="3" step="1"/><G86/><AGARI ba="2,1" hai="45,50,52,61,66,70,77,78,84,86,87,109,110,111" machi="86" ten="40,8000,1" yaku="21,2,14,1,52,1,54,1,53,0" doraHai="41" doraHaiUra="126" who="2" fromWho="3" sc="233,0,356,0,181,96,220,-86" /><INIT seed="2,0,0,5,3,89" ten="233,356,277,134" oya="2" hai0="62,121,15,25,49,0,53,103,93,84,128,105,27" hai1="39,108,80,41,64,48,19,28,24,35,2,88,46" hai2="56,21,116,32,42,83,100,97,63,119,69,98,59" hai3="33,76,125,37,133,1,86,74,78,92,60,38,104"/><V112/><F112/><W70/><G33/><T26/><D121/><U72/><E2/><V73/><F69/><W94/><G1/><T90/><D0/><U127/><E127/><V77/><F32/><W118/><G104/><T34/><D34/><U22/><E108/><V130/><F130/><W117/><G118/><T79/><D128/><U134/><E134/><V57/><F63/><W65/><G117/><T95/><D62/><U23/><E64/><V20/><F42/><W126/><G74/><T40/><D40/><U129/><E129/><V47/><F47/><W66/><G133/><T44/><D105/><U18/><E72/><V122/><F122/><W120/><G120/><T7/><D79/><N who="3" m="30249" /><G66/><T16/><D7/><U45/><E35/><V124/><F124/><N who="3" m="47723" /><G86/><T87/><D27/><U58/><E58/><V9/><F116/><W13/><G13/><T110/><D110/><U30/><E45/><V106/><F119/><W107/><G107/><T6/><D6/><U115/><E39/><AGARI ba="0,0" hai="37,38,39,60,65,70,92,94" m="47723,30249" machi="39" ten="30,3900,0" yaku="18,1,52,2" doraHai="89" who="3" fromWho="1" sc="233,0,356,-39,277,0,134,39" /><INIT seed="3,0,0,3,1,67" ten="233,317,277,173" oya="3" hai0="95,39,27,109,0,114,7,10,89,25,116,106,128" hai1="93,98,117,8,19,58,29,49,123,133,131,14,47" hai2="124,43,69,129,51,50,35,132,65,102,1,53,122" hai3="11,12,70,9,17,64,77,23,115,44,20,97,74"/><W38/><G115/><T52/><D114/><U16/><E123/><V3/><F102/><W80/><G97/><T101/><D116/><U110/><E110/><V84/><F84/><W55/><G23/><T48/><D39/><U96/><E131/><V78/><F78/><W42/><REACH who="3" step="1"/><G55/><REACH who="3" ten="233,317,277,163" step="2"/><T62/><D128/><U59/><E98/><V13/><F53/><W73/><G73/><T2/><D109/><U71/><E117/><V41/><F129/><W130/><G130/><T87/><D62/><AGARI ba="0,1" hai="9,11,12,17,20,38,42,44,62,64,70,74,77,80" machi="62" ten="40,3900,0" yaku="1,1,52,1,53,0" doraHai="67" doraHaiUra="32" who="3" fromWho="0" sc="233,-39,317,0,277,0,163,49" /><INIT seed="3,1,0,4,2,44" ten="194,317,277,212" oya="3" hai0="42,97,50,27,1,10,79,34,132,120,28,83,5" hai1="133,6,40,91,65,99,108,122,92,41,87,46,56" hai2="127,86,81,52,121,22,4,67,101,78,11,125,100" hai3="33,94,85,55,68,13,115,106,8,117,36,69,23"/><W113/><G117/><T61/><D120/><U107/><E122/><V59/><F121/><W3/><G106/><T38/><D132/><U62/><E133/><V12/><F67/><W90/><G36/><T104/><D61/><U19/><E6/><V118/><F22/><W58/><G33/><T2/><D2/><U84/><E108/><V31/><F31/><W66/><G3/><T96/><D96/><U18/><E41/><V82/><F82/><W76/><G23/><T63/><D63/><U102/><E87/><V9/><F9/><W14/><G113/><T37/><D50/><AGARI ba="1,0" hai="18,19,40,46,50,56,62,65,84,91,92,99,102,107" machi="50" ten="30,2000,0" yaku="7,1,52,1" doraHai="44" who="1" fromWho="0" sc="194,-23,317,23,277,0,212,0" owari="171,-33.0,340,44.0,277,8.0,212,-19.0" /></mjloggm>