<mjloggm ver="2.3"><GO type="41" lobby="0"/><UN n0="%6B%61%6E%65%67%6F%6E%33" n1="%E3%83%A1%E3%82%A4%E3%83%89%E5%A4%A9%E4%BD%BF%E9%95%B7" n2="%E3%81%A8%E3%82%8B%E3%81%AB%E3%82%83" n3="%E3%82%A6%E3%83%AB%E3%83%88%E3%83%A9%E7%AB%8B%E7%9B%B4" dan="15,14,14,15" rate="2011.46,1871.50,1977.44,1981.22" sx="M,M,M,M"/><TAIKYOKU oya="0"/><INIT seed="0,0,0,1,4,122" ten="250,250,250,250" oya="0" hai0="57,55,114,36,48,83,6,107,72,30,35,85,101" hai1="19,10,135,31,32,129,128,43,26,52,24,60,7" hai2="16,46,96,17,124,106,92,89,67,68,111,84,69" hai3="132,110,75,3,20,74,76,104,80,59,123,12,54"/><T37/><D114/><U33/><E43/><V99/><F124/><W133/><G3/><T90/><D6/><U82/><E82/><V100/><F46/><W87/><G12/><T81/><D81/><U103/><E103/><V102/><F111/><W51/><G20/><T42/><D42/><U25/><E60/><V50/><F50/><W97/><G123/><T56/><D30/><N who="1" m="19527" /><E135/><N who="3" m="51786" /><G110/><T4/><D4/><U13/><E52/><V29/><F29/><W45/><G104/><T130/><D35/><U117/><E117/><V125/><F125/><W98/><G59/><T73/><D57/><U86/><E86/><V116/><F116/><W70/><G70/><T88/><D73/><AGARI ba="0,0" hai="45,51,54,73,74,75,76,80,87,97,98" m="51786" machi="73" ten="30,1000,0" yaku="20,1" doraHai="122" who="3" fromWho="0" sc="250,-10,250,0,250,0,250,10" /><INIT seed="1,0,0,4,3,49" ten="240,250,250,260" oya="1" hai0="32,45,93,50,55,23,122,33,105,22,97,34,3" hai1="21,77,66,64,8,132,96,10,108,11,121,90,81" hai2="20,16,70,56,71,134,111,110,75,119,94,9,26" hai3="124,120,2,37,84,25,115,91,103,80,133,6,40"/><U61/><E121/><V79/><F119/><W59/><G115/><T47/><D122/><U54/><E132/><V73/><F134/><W13/><G133/><T69/><D69/><U36/><E36/><V44/><F94/><W52/><G120/><T117/><D117/><U38/><E38/><V27/><F44/><W116/><G116/><T68/><D68/><N who="2" m="26154" /><F56/><W128/><G2/><T126/><D3/><U46/><E21/><V129/><F129/><W15/><G128/><T98/><D126/><U72/><E108/><N who="2" m="41515" /><F9/><W104/><G124/><T35/><N who="0" m="8704" /><DORA hai="107" /><T85/><D85/><U14/><E46/><V4/><F79/><W29/><G6/><T114/><D114/><U74/><E14/><N who="2" m="9239" /><F4/><W42/><G103/><T135/><D135/><U118/><E118/><V1/><F1/><W28/><G104/><T63/><D105/><U87/><E96/><V100/><F100/><W24/><G37/><T60/><D98/><U53/><E66/><V41/><F41/><N who="3" m="15979" /><G13/><T95/><D47/><U51/><E51/><V89/><F89/><W82/><G15/><T92/><D97/><U57/><REACH who="1" step="1"/><E72/><AGARI ba="0,0" hai="26,27,72,73,75" m="9239,41515,26154" machi="72" ten="40,8000,1" yaku="14,1,52,3,54,1" doraHai="49,107" who="2" fromWho="1" sc="240,0,250,-80,250,80,260,0" /><INIT seed="2,0,0,5,0,64" ten="240,170,330,260" oya="2" hai0="90,62,27,44,92,33,118,71,68,31,56,111,73" hai1="8,13,104,4,133,69,57,14,52,84,58,24,51" hai2="76,45,106,2,102,112,38,99,48,125,82,93,119" hai3="105,30,96,85,43,29,74,70,17,126,75,34,123"/><V110/><F119/><W53/><G17/><T3/><D73/><U127/><E104/><V35/><F112/><W18/><G18/><T28/><D118/><U108/><E108/><V121/><F121/><W16/><G16/><T50/><D111/><U77/><E133/><V107/><F110/><W55/><G85/><T49/><D31/><U128/><E14/><V109/><F109/><W124/><G43/><T98/><D3/><U129/><E58/><V39/><F35/><W1/><G1/><T46/><D46/><U132/><E24/><V134/><F125/><W40/><G40/><T5/><D5/><U131/><E132/><V81/><F134/><W117/><G117/><T63/><D63/><U23/><E23/><V20/><F2/><W66/><G123/><T116/><D116/><U91/><E77/><V130/><F130/><N who="1" m="33281" /><U135/><DORA hai="47" /><E127/><V21/><F82/><W60/><G124/><T67/><D50/><U15/><E135/><V113/><F113/><W61/><G126/><T97/><D97/><U42/><E15/><V36/><F107/><W115/><G115/><T86/><D98/><U6/><E6/><V95/><F95/><W22/><G22/><T114/><D114/><U72/><E72/><V80/><F80/><W11/><G30/><T59/><D59/><U83/><E42/><AGARI ba="0,0" hai="27,28,33,42,44,49,56,62,67,68,71,86,90,92" machi="42" ten="30,7700,0" yaku="7,1,52,3" doraHai="64,47" who="0" fromWho="1" sc="240,77,170,-77,330,0,260,0" /><INIT seed="3,0,0,1,0,5" ten="317,93,330,260" oya="3" hai0="96,46,7,107,92,130,63,44,97,118,38,120,49" hai1="84,13,56,121,77,57,28,58,30,19,20,88,114" hai2="45,117,27,39,87,72,54,17,75,74,21,11,127" hai3="108,106,1,110,47,23,9,81,42,61,62,123,4"/><W24/><G106/><T131/><D120/><U132/><E121/><V101/><F117/><W78/><G123/><T91/><D118/><U29/><E114/><V116/><F116/><W64/><G23/><T33/><D33/><U31/><N who="1" m="7680" /><DORA hai="119" /><U43/><E43/><V135/><F127/><W6/><G24/><T59/><D7/><U10/><E132/><V126/><F126/><W48/><G6/><T65/><D38/><U95/><REACH who="1" step="1"/><E77/><REACH who="1" ten="317,83,330,260" step="2"/><V80/><F135/><W128/><G128/><T16/><D131/><U103/><E103/><V125/><F101/><W37/><G48/><T100/><D49/><U90/><E90/><V26/><F125/><W76/><G76/><T40/><D40/><U102/><E102/><V104/><F39/><W69/><REACH who="3" step="1"/><G61/><REACH who="3" ten="317,83,330,250" step="2"/><T99/><D130/><U109/><E109/><V67/><F104/><W18/><G18/><T8/><D16/><U73/><E73/><AGARI ba="0,2" hai="1,4,9,37,42,47,62,64,69,73,78,81,108,110" machi="73" ten="40,24000,3" yaku="1,1,25,2,23,2,52,1,53,2" doraHai="5,119" doraHaiUra="105,79" who="3" fromWho="1" sc="317,0,83,-240,330,0,250,260" owari="317,-8.0,-157,-66.0,330,13.0,510,61.0" /></mjloggm>