<mjloggm ver="2.3"><GO type="97" lobby="0"/><UN n0="%E5%A6%82%E6%9C%88%E3%82%AB%E3%83%AB%E3%83%8A" n1="%E3%82%A6%E3%83%AB%E3%83%88%E3%83%A9%E7%AB%8B%E7%9B%B4" n2="%72%61%70%75%6E%7A%65%6C" n3="%65%74%61%6B%61%32%34" dan="14,14,14,14" rate="1905.21,1858.73,1916.25,1940.31" sx="M,M,M,M"/><TAIKYOKU oya="0"/><INIT seed="0,0,0,4,5,48" ten="250,250,250,250" oya="0" hai0="81,93,8,67,42,4,73,61,134,102,16,119,26" hai1="123,77,95,132,37,70,10,100,129,23,88,125,78" hai2="39,92,59,64,101,86,1,40,33,84,51,13,15" hai3="82,112,103,27,5,94,24,121,87,66,96,57,99"/><T104/><D104/><U55/><E70/><V126/><F126/><W98/><G112/><T75/><D119/><U2/><E37/><V107/><F1/><W74/><G74/><T72/><D42/><U105/><E123/><V44/><F33/><W41/><G121/><T79/><D134/><U19/><E125/><V52/><F107/><W68/><G68/><T20/><D102/><U47/><E132/><V76/><F64/><W69/><G69/><T32/><D93/><U62/><E129/><V89/><REACH who="2" step="1"/><F101/><BYE who="2" /><REACH who="2" ten="250,250,240,250" step="2"/><W124/><G124/><UN n2="%72%61%70%75%6E%7A%65%6C" /><T135/><D135/><U22/><E100/><V97/><F97/><W110/><G110/><T109/><D109/><U11/><E105/><V60/><F60/><N who="3" m="38159" /><G5/><T49/><D32/><U127/><E2/><V46/><F46/><W116/><G116/><T106/><D106/><U56/><E127/><V117/><F117/><W90/><G41/><T111/><D111/><U7/><E47/><V25/><F25/><AGARI ba="0,1" hai="24,25,27,82,87,90,94,96,98,99,103" m="38159" machi="25" ten="30,1000,0" yaku="8,1" doraHai="48" who="3" fromWho="2" sc="250,0,250,0,240,-10,250,20" /><INIT seed="1,0,0,0,4,68" ten="250,250,230,270" oya="1" hai0="34,90,96,91,50,98,126,104,5,45,31,124,105" hai1="78,55,86,63,25,16,9,119,49,0,61,30,88" hai2="128,41,64,112,33,114,83,54,42,36,73,115,99" hai3="108,75,81,46,8,71,120,76,29,27,65,51,129"/><U67/><E119/><V100/><F33/><W35/><G120/><T62/><D62/><U20/><E78/><N who="2" m="44495" /><F54/><W102/><G108/><T32/><D5/><U38/><E38/><V6/><F6/><W74/><G129/><T131/><D50/><U15/><E0/><V58/><F128/><W82/><G102/><T92/><D45/><N who="1" m="28079" /><E67/><V12/><F12/><W85/><G71/><T44/><D44/><U59/><E59/><V84/><F58/><W56/><G8/><T70/><D70/><U122/><E122/><V52/><F64/><W3/><G3/><T26/><D131/><U134/><E134/><V111/><F52/><W80/><G65/><T77/><D77/><U135/><E135/><V103/><F111/><W107/><G107/><T23/><D91/><U110/><E110/><V47/><F42/><W57/><G74/><T125/><REACH who="0" step="1"/><D96/><REACH who="0" ten="240,250,230,270" step="2"/><U53/><E53/><V106/><F100/><W24/><G57/><T22/><D22/><U69/><E69/><V113/><F113/><W121/><G121/><T123/><D123/><U17/><E30/><V7/><F7/><W39/><G39/><T28/><D28/><U48/><E48/><V72/><F84/><W97/><G56/><T101/><D101/><U1/><E1/><V66/><F66/><W89/><G97/><T133/><D133/><U109/><E109/><V40/><F40/><W127/><G127/><T60/><D60/><U116/><E116/><V4/><F4/><W10/><G10/><T2/><D2/><U79/><E79/><V118/><F118/><W21/><G75/><AGARI ba="0,1" hai="36,41,47,72,75,99,103,106,112,114,115" m="44495" machi="75" ten="30,3900,0" yaku="11,1,23,1,52,1" doraHai="68" who="2" fromWho="3" sc="240,0,250,0,230,49,270,-39" /><INIT seed="2,0,0,4,2,115" ten="240,250,279,231" oya="2" hai0="13,46,135,104,5,62,26,39,51,49,119,85,40" hai1="36,38,113,69,79,48,106,20,92,80,91,35,15" hai2="23,8,11,70,110,95,81,77,17,116,121,4,72" hai3="44,9,78,53,28,57,31,27,114,126,132,10,45"/><V55/><F121/><W73/><G114/><T18/><D104/><U98/><E35/><V71/><F116/><W42/><G126/><T103/><D103/><U93/><E69/><V60/><F110/><W89/><G132/><T131/><D131/><U33/><E33/><V120/><F120/><W2/><G31/><T76/><D135/><U21/><E106/><V50/><F60/><W63/><G73/><T108/><D108/><U43/><E113/><V94/><F70/><W24/><G78/><T128/><D128/><U54/><E43/><V3/><F8/><W32/><G2/><T19/><D119/><U12/><E92/><V52/><F71/><W133/><G133/><T102/><D102/><U37/><E20/><V84/><F55/><W56/><G27/><T118/><D118/><U101/><E21/><V58/><REACH who="2" step="1"/><F72/><REACH who="2" ten="240,250,269,231" step="2"/><W112/><G112/><T109/><D109/><U59/><REACH who="1" step="1"/><E101/><REACH who="1" ten="240,240,269,231" step="2"/><V125/><F125/><W87/><G57/><T129/><D129/><U107/><E107/><V25/><AGARI ba="0,2" hai="3,4,11,17,23,25,50,52,58,77,81,84,94,95" machi="25" ten="20,7800,0" yaku="1,1,0,1,7,1,54,1,53,0" doraHai="115" doraHaiUra="130" who="2" fromWho="2" sc="240,-26,240,-26,269,98,231,-26" /><INIT seed="2,1,0,3,2,72" ten="214,214,367,205" oya="2" hai0="27,88,42,30,38,26,19,55,83,106,114,2,73" hai1="96,52,101,53,93,121,6,107,12,129,3,23,103" hai2="1,131,84,50,99,67,0,77,25,119,13,68,65" hai3="112,41,33,20,92,124,7,51,81,17,59,135,134"/><V48/><F119/><W29/><G7/><T120/><D120/><U32/><E32/><V105/><F131/><W97/><G124/><T22/><D114/><U54/><E121/><V128/><F128/><W132/><G112/><T10/><D106/><U57/><E129/><V113/><F113/><W61/><G33/><T123/><D123/><U116/><E116/><V47/><F13/><W130/><G29/><T46/><D55/><U5/><E3/><V15/><F15/><W90/><G130/><T16/><D27/><U70/><E70/><V87/><F25/><N who="3" m="14479" /><G81/><T91/><D30/><U76/><E76/><V49/><F68/><W78/><G41/><T104/><D104/><U85/><E57/><V133/><F105/><W127/><G51/><T95/><D95/><U66/><E66/><V58/><F58/><W74/><G127/><T102/><D102/><U63/><E63/><V86/><F47/><W100/><G74/><T115/><D115/><U43/><E43/><V9/><F1/><W94/><G78/><N who="0" m="44495" /><D19/><N who="1" m="10727" /><E107/><V89/><F0/><W69/><G69/><T60/><D60/><U108/><E108/><V110/><F110/><W40/><G40/><T36/><D36/><U56/><E103/><V80/><F9/><W98/><G59/><T117/><D117/><U122/><E56/><V45/><F45/><W35/><G35/><T34/><D34/><U21/><E122/><V111/><F111/><W31/><G31/><T24/><D24/><U125/><E125/><V109/><F109/><W8/><G61/><T62/><D62/><U28/><E85/><V39/><F87/><RYUUKYOKU ba="1,0" sc="214,10,214,10,367,-30,205,10" hai0="2,10,16,22,26,38,42,46,88,91" hai1="5,6,21,28,52,53,54,93,96,101" hai3="8,90,92,94,97,98,100,132,134,135" /><INIT seed="3,2,0,4,3,101" ten="224,224,337,215" oya="3" hai0="36,113,117,24,53,50,6,104,106,33,100,62,88" hai1="58,115,134,64,81,131,95,118,91,21,34,48,9" hai2="89,80,120,12,2,32,25,30,123,78,47,63,79" hai3="27,70,57,49,8,87,29,98,22,122,85,40,132"/><W66/><G122/><N who="2" m="46633" /><F2/><W67/><G132/><T68/><D36/><U26/><E34/><V121/><F121/><W61/><G70/><T71/><D6/><U112/><E81/><V15/><F63/><W41/><G67/><T17/><D117/><U7/><E26/><V44/><F89/><W65/><G65/><T75/><D75/><U72/><E21/><V129/><F129/><W18/><G98/><T16/><D88/><U99/><E72/><N who="2" m="43079" /><F79/><W42/><G49/><T19/><D113/><U127/><E48/><V105/><F105/><W102/><G102/><T46/><D100/><U130/><E130/><V107/><F107/><W52/><G66/><T92/><D92/><U55/><E95/><V31/><F31/><W43/><N who="3" m="10752" /><DORA hai="90" /><W116/><G116/><T114/><D114/><U125/><E118/><V94/><F94/><W133/><G133/><T103/><D103/><U56/><E115/><V126/><F126/><W59/><G57/><T108/><D106/><U135/><E58/><V35/><F35/><W14/><AGARI ba="2,0" hai="8,14,18,22,27,29,52,59,61,85,87" m="10752" machi="14" ten="40,7800,0" yaku="0,1,8,1,54,1" doraHai="101,90" who="3" fromWho="3" sc="224,-28,224,-28,337,-28,215,84" /><INIT seed="3,3,0,3,2,41" ten="196,196,309,299" oya="3" hai0="113,2,107,30,45,87,26,33,23,37,122,38,135" hai1="88,47,51,118,111,115,18,82,63,3,60,98,43" hai2="85,66,58,130,40,76,72,16,14,69,80,6,71" hai3="22,52,110,90,89,92,35,120,77,48,20,12,56"/><W75/><G120/><T81/><D122/><U34/><E115/><V121/><F121/><W131/><G35/><T84/><D2/><U70/><E118/><V65/><F130/><W55/><G131/><T11/><D107/><U59/><E111/><V46/><F71/><W96/><G110/><T91/><D135/><U124/><E124/><V123/><F123/><W106/><G106/><T116/><D116/><U108/><E108/><V8/><F69/><W103/><G75/><T5/><D113/><U28/><E3/><V114/><F114/><W129/><G77/><T95/><D33/><U0/><E0/><V100/><F100/><W86/><G129/><T128/><D128/><U79/><E70/><V4/><F72/><W99/><G103/><T53/><D11/><U32/><E18/><V15/><F58/><N who="3" m="33031" /><G12/><T78/><D5/><N who="2" m="2154" /><F15/><W62/><G99/><T133/><D133/><U105/><E28/><V132/><F132/><W134/><G134/><T49/><AGARI ba="3,0" hai="23,26,30,37,38,45,49,53,78,81,84,87,91,95" machi="49" ten="30,2000,0" yaku="0,1,52,1" doraHai="41" who="0" fromWho="0" sc="196,29,196,-8,309,-8,299,-13" owari="225,-17.0,188,-31.0,301,39.0,286,9.0" /></mjloggm>