<mjloggm ver="2.3"><GO type="97" lobby="0"/><UN n0="%E3%83%80%E3%83%BC%E3%83%B4%E3%82%A7%E3%83%AB" n1="%6C%65%61%6B%69%6E%67" n2="%E3%82%A6%E3%83%AB%E3%83%88%E3%83%A9%E7%AB%8B%E7%9B%B4" n3="%68%69%72%6F%2E%62" dan="14,14,15,13" rate="1980.47,1956.90,1999.04,2016.53" sx="M,M,M,M"/><TAIKYOKU oya="0"/><INIT seed="0,0,0,1,0,49" ten="250,250,250,250" oya="0" hai0="123,88,63,106,76,90,107,65,42,129,10,8,43" hai1="62,4,101,131,115,26,119,67,89,99,31,23,78" hai2="12,7,84,59,47,61,19,126,135,73,72,32,70" hai3="16,53,120,36,38,50,44,24,17,3,93,86,113"/><T122/><D76/><U41/><E119/><V95/><F32/><W92/><G113/><T117/><D65/><U58/><E131/><V74/><F70/><W37/><G3/><T81/><D81/><U97/><E115/><V11/><F135/><W48/><G120/><T68/><D63/><U60/><E78/><V128/><F126/><W127/><G127/><T75/><D68/><U132/><E132/><V2/><F128/><W56/><G24/><T5/><D5/><U21/><E41/><V112/><F112/><W102/><G102/><T134/><D134/><U82/><E4/><V22/><F47/><W18/><REACH who="3" step="1"/><G86/><REACH who="3" ten="250,250,250,240" step="2"/><T28/><D75/><U96/><E101/><V9/><F74/><W69/><G69/><T98/><D129/><U125/><E125/><V85/><F73/><W13/><G13/><T1/><D1/><U83/><E60/><V14/><F72/><W79/><G79/><T51/><D117/><U130/><E130/><V25/><F84/><W54/><AGARI ba="0,1" hai="16,17,18,36,37,38,44,48,50,53,54,56,92,93" machi="54" ten="40,8000,1" yaku="1,1,0,1,52,2,54,1,53,0" doraHai="49" doraHaiUra="6" who="3" fromWho="3" sc="250,-40,250,-20,250,-20,240,90" /><INIT seed="1,0,0,2,4,2" ten="210,230,230,330" oya="1" hai0="8,108,64,114,54,91,66,129,47,13,36,43,123" hai1="5,70,28,58,96,99,100,51,92,74,37,4,122" hai2="76,105,59,79,68,39,120,48,127,25,57,116,97" hai3="112,77,83,82,109,125,32,107,78,126,14,6,53"/><U133/><E122/><V10/><F39/><W29/><G107/><T44/><D123/><U42/><E74/><V98/><F68/><W9/><G112/><T121/><D121/><U17/><E70/><V24/><F127/><N who="3" m="48651" /><G32/><T27/><D114/><U135/><E37/><V71/><F71/><W90/><G29/><T35/><D108/><U49/><E28/><V40/><F116/><W80/><G109/><T130/><D91/><U31/><E31/><V72/><F72/><W73/><G53/><T132/><D132/><N who="1" m="50763" /><E99/><N who="2" m="37899" /><F105/><W16/><G6/><N who="1" m="2666" /><E42/><V18/><F120/><W19/><G78/><T101/><D35/><U33/><E33/><V65/><F79/><W56/><G56/><T55/><D129/><U22/><E58/><V3/><F59/><W113/><G113/><T134/><D43/><U94/><E92/><V21/><F57/><W110/><G110/><T86/><D130/><U75/><E75/><V20/><F40/><W30/><G30/><T131/><D131/><U88/><E100/><V34/><F34/><W95/><G19/><T26/><D36/><U11/><E11/><V15/><F18/><W23/><G9/><T128/><D8/><U67/><E67/><V84/><F65/><W106/><G106/><T119/><D134/><U117/><E117/><V115/><F10/><W87/><AGARI ba="0,0" hai="14,16,23,73,77,80,82,83,87,90,95" m="48651" machi="87" ten="30,2000,0" yaku="18,1,54,1" doraHai="2" who="3" fromWho="3" sc="210,-5,230,-10,230,-5,330,20" /><INIT seed="2,0,0,1,5,118" ten="205,220,225,350" oya="2" hai0="107,113,131,65,2,39,97,82,18,52,125,38,119" hai1="60,20,90,59,26,19,127,124,25,91,100,104,93" hai2="17,5,22,42,43,134,117,4,57,111,114,96,95" hai3="7,14,112,103,12,73,47,49,28,55,76,24,1"/><V33/><F33/><W109/><G109/><T89/><D119/><U123/><E104/><V87/><F134/><W85/><G73/><T132/><D132/><U74/><E74/><V16/><F114/><W130/><G112/><T70/><D113/><U11/><E26/><N who="2" m="14663" /><F117/><W120/><G120/><T3/><D131/><U13/><E100/><N who="2" m="60447" /><F111/><W94/><G130/><T31/><D125/><N who="1" m="48203" /><E93/><V54/><F17/><W69/><G69/><T50/><D31/><N who="1" m="17831" /><E123/><V108/><F87/><W68/><G68/><T78/><D18/><U61/><E61/><N who="2" m="36023" /><F108/><W23/><G1/><T81/><D3/><U128/><E128/><V56/><F56/><W72/><G72/><T75/><D2/><U98/><E98/><V32/><F32/><W63/><G7/><AGARI ba="0,0" hai="4,5,7,42,43" m="36023,60447,14663" machi="7" ten="30,2900,0" yaku="8,1,54,1" doraHai="118" who="2" fromWho="3" sc="205,0,220,0,225,29,350,-29" /><INIT seed="2,1,0,3,3,85" ten="205,220,254,321" oya="2" hai0="79,41,96,73,134,1,3,127,57,91,19,43,68" hai1="54,109,38,125,94,90,111,114,89,39,17,76,0" hai2="34,116,22,35,33,14,98,24,72,20,95,106,36" hai3="130,16,77,28,133,23,55,101,7,121,82,37,25"/><V4/><F106/><W71/><G121/><T83/><D68/><U119/><E114/><V59/><F72/><W115/><G71/><T75/><D134/><U124/><E119/><V100/><F36/><W118/><G37/><N who="1" m="13834" /><E0/><V58/><F116/><W8/><G118/><T46/><D127/><N who="1" m="48715" /><E76/><V105/><F105/><W88/><G115/><T11/><D75/><U18/><E54/><V12/><F4/><W135/><G130/><T15/><D57/><U61/><E61/><V120/><F120/><W123/><G123/><T129/><D129/><U27/><E27/><V113/><F113/><W21/><G101/><T56/><D56/><U87/><E90/><V80/><F24/><W81/><G77/><T45/><D3/><U64/><E64/><V92/><F58/><W78/><G78/><T40/><REACH who="0" step="1"/><D1/><REACH who="0" ten="195,220,254,321" step="2"/><U6/><E6/><V93/><F59/><W60/><G7/><T5/><D5/><U65/><E65/><V84/><F35/><W110/><G28/><T30/><D30/><U13/><E18/><V103/><F33/><W9/><G16/><T32/><D32/><U50/><E50/><V126/><F34/><W48/><G48/><T67/><D67/><U29/><E29/><V97/><F126/><W74/><G74/><T104/><D104/><U70/><E70/><V2/><F2/><W131/><G60/><T117/><D117/><U128/><E128/><V69/><F69/><W122/><G131/><T10/><D10/><AGARI ba="1,1" hai="10,13,17,87,89,94,109,111" m="48715,13834" machi="10" ten="30,2000,0" yaku="18,1,52,1" doraHai="85" who="1" fromWho="0" sc="195,-23,220,33,254,0,321,0" /><INIT seed="3,0,0,2,1,73" ten="172,253,254,321" oya="3" hai0="109,102,40,63,38,122,106,114,116,45,91,22,20" hai1="36,19,61,82,130,80,35,129,5,2,127,28,72" hai2="87,58,66,86,84,97,103,1,132,59,18,75,88" hai3="119,98,26,53,31,118,52,115,131,49,7,71,94"/><W0/><G115/><T77/><D116/><U65/><E36/><V125/><F75/><W79/><G71/><T99/><D122/><U29/><E2/><V93/><F125/><W16/><G53/><T112/><D109/><U123/><E123/><V134/><F1/><W42/><G42/><T111/><D111/><U92/><E5/><V25/><F103/><W81/><G119/><T44/><D44/><U37/><E37/><V128/><F128/><N who="1" m="49257" /><E127/><V96/><F96/><W107/><G107/><T41/><D41/><U60/><E19/><V135/><F66/><W83/><G118/><T68/><D91/><U56/><E92/><V69/><F69/><W10/><G83/><N who="1" m="31786" /><E72/><V101/><F101/><W117/><G117/><T76/><D20/><AGARI ba="0,0" hai="18,20,25,58,59,84,86,87,88,93,97,132,134,135" machi="20" ten="50,3200,0" yaku="20,1,54,1" doraHai="73" who="2" fromWho="0" sc="172,-32,253,0,254,32,321,0" owari="140,-36.0,253,-15.0,286,9.0,321,42.0" /></mjloggm>