<mjloggm ver="2.3"><GO type="97" lobby="0"/><UN n0="%E3%83%97%E3%83%BC%E3%83%AB%E3%82%AA%E3%83%A0%E5%B7%8C" n1="%54%41%44" n2="%E3%82%A6%E3%83%AB%E3%83%88%E3%83%A9%E7%AB%8B%E7%9B%B4" n3="%E3%81%86%E3%81%95%E3%81%8E%E3%81%BE%E3%81%8D" dan="13,14,15,15" rate="1896.00,1956.50,1943.87,2023.19" sx="M,M,M,M"/><TAIKYOKU oya="0"/><INIT seed="0,0,0,5,1,54" ten="250,250,250,250" oya="0" hai0="18,25,10,75,113,111,91,121,118,126,120,107,59" hai1="61,55,97,0,24,50,12,64,19,79,133,88,95" hai2="15,74,106,87,82,68,40,122,96,62,5,115,132" hai3="14,123,89,63,11,85,77,57,60,119,86,41,17"/><T4/><D118/><U49/><E0/><V83/><F122/><W58/><G123/><T92/><D113/><U28/><E133/><V44/><F115/><W43/><G119/><T135/><D126/><U102/><E79/><V29/><F74/><W84/><G77/><T32/><D135/><U34/><E102/><V104/><F83/><W45/><G89/><T21/><D107/><U66/><E66/><V103/><F87/><W3/><G3/><T7/><D111/><U51/><E55/><V93/><F82/><W13/><G13/><T35/><D75/><U26/><E26/><V112/><F112/><W56/><G45/><T101/><D101/><U124/><E124/><V47/><F47/><W37/><G37/><T53/><D35/><U70/><REACH who="1" step="1"/><E50/><REACH who="1" ten="250,240,250,250" step="2"/><V94/><F132/><W69/><G69/><T9/><D120/><U38/><E38/><V46/><F68/><W52/><G58/><T1/><D121/><U105/><E105/><V99/><F104/><W36/><G36/><T100/><D59/><U110/><E110/><V22/><F106/><W125/><G125/><T127/><D127/><U128/><E128/><V76/><F76/><W42/><G41/><T73/><D1/><U33/><E33/><V81/><F40/><W117/><G117/><T16/><D32/><U108/><E108/><V134/><F134/><W130/><G130/><T90/><D100/><U48/><E48/><V71/><F103/><W2/><G2/><T6/><D91/><U129/><E129/><V39/><F71/><W116/><G116/><T131/><D90/><U80/><E80/><RYUUKYOKU ba="0,1" sc="250,-15,240,15,250,-15,250,15" hai1="12,19,24,28,34,49,51,61,64,70,88,95,97" hai3="11,14,17,42,43,52,56,57,60,63,84,85,86" /><INIT seed="1,1,1,2,3,53" ten="235,255,235,265" oya="1" hai0="117,60,105,32,59,130,48,61,12,42,83,15,41" hai1="78,96,56,25,21,77,67,10,93,118,114,126,65" hai2="95,26,17,122,50,110,20,79,69,36,97,64,75" hai3="7,62,76,52,101,18,40,128,99,106,24,82,33"/><U6/><E118/><V108/><F36/><W37/><G128/><T70/><D117/><U91/><E114/><V3/><F3/><W88/><G7/><T58/><D130/><U119/><E119/><V85/><F75/><W51/><G37/><T0/><D105/><U38/><E38/><V28/><F122/><W92/><G40/><N who="0" m="15467" /><D32/><U86/><E126/><V90/><F50/><W46/><G62/><N who="0" m="24171" /><D70/><U116/><E116/><V57/><F69/><W109/><G109/><N who="2" m="42089" /><F64/><N who="1" m="24649" /><E56/><N who="0" m="21545" /><D0/><U13/><E96/><V68/><F57/><W4/><G4/><T14/><D83/><U113/><E113/><V23/><F68/><W121/><G121/><T5/><D48/><U124/><E124/><V74/><F74/><W107/><G33/><T127/><D127/><U104/><E104/><V43/><F43/><W84/><G24/><T16/><D5/><U134/><E134/><V71/><F71/><W120/><G120/><T111/><D111/><U27/><E27/><V72/><F72/><W123/><G123/><T34/><D34/><U49/><E49/><V73/><F73/><W115/><G115/><T66/><D66/><U31/><AGARI ba="1,1" hai="6,10,13,21,25,31,77,78,86,91,93" m="24649" machi="31" ten="30,1500,0" yaku="8,1" doraHai="53" who="1" fromWho="1" sc="235,-6,255,28,235,-6,265,-6" /><INIT seed="1,2,0,5,5,6" ten="229,283,229,259" oya="1" hai0="94,19,84,114,96,33,54,23,62,80,108,79,68" hai1="118,119,7,105,5,16,66,34,99,49,15,12,69" hai2="40,121,46,76,44,65,93,60,115,98,59,37,67" hai3="24,100,92,20,17,128,8,30,11,134,75,13,36"/><U3/><E34/><V127/><F121/><W103/><G36/><T85/><D114/><U124/><E3/><V25/><F115/><W120/><G75/><T9/><D33/><U83/><E124/><V81/><F127/><W18/><G120/><T43/><D108/><U10/><E83/><V70/><F25/><W132/><G92/><T90/><D43/><U0/><E7/><V58/><F67/><W135/><G100/><T91/><D9/><N who="3" m="3657" /><G128/><T133/><D133/><N who="3" m="34049" /><W29/><DORA hai="31" /><G103/><T95/><D68/><U86/><E99/><V64/><F64/><W32/><G30/><T71/><D71/><U35/><E105/><V110/><F98/><W123/><G18/><T87/><D96/><U102/><E102/><V52/><F93/><W104/><G123/><T27/><D62/><U74/><E74/><V41/><F110/><W1/><G104/><T88/><D54/><U131/><E66/><V97/><F97/><W82/><G82/><T117/><D117/><U116/><E69/><V39/><F52/><W47/><G47/><T107/><REACH who="0" step="1"/><D107/><REACH who="0" ten="219,283,229,259" step="2"/><U48/><E119/><V113/><F113/><W125/><G125/><T122/><D122/><U2/><E118/><V14/><F40/><W112/><G112/><T22/><D22/><U77/><E35/><V42/><F41/><W130/><G130/><T28/><D28/><U50/><E131/><V21/><F42/><W55/><G55/><T4/><D4/><U129/><E129/><V78/><F39/><W63/><G63/><T126/><D126/><U51/><E116/><V101/><F37/><W72/><G72/><AGARI ba="2,1" hai="19,23,27,72,79,80,84,85,87,88,90,91,94,95" machi="72" ten="40,5200,0" yaku="1,1,6,1,54,1,53,0" doraHai="6,31" doraHaiUra="61,56" who="0" fromWho="3" sc="219,68,283,0,229,0,259,-58" /><INIT seed="2,0,0,1,2,78" ten="287,283,229,201" oya="2" hai0="21,115,113,18,20,54,83,95,90,92,81,74,40" hai1="9,13,50,41,82,25,98,3,14,125,110,104,96" hai2="120,39,131,51,11,47,58,108,123,7,127,76,26" hai3="135,69,114,61,130,6,118,10,71,97,1,79,30"/><V44/><F127/><W132/><G118/><T109/><D109/><U56/><E125/><V43/><F131/><W62/><G79/><T42/><D74/><U31/><E3/><V4/><F108/><W68/><G30/><T94/><D113/><U53/><E110/><V73/><F58/><W52/><G114/><T87/><D115/><U67/><E104/><V65/><F65/><W15/><G130/><T101/><D101/><U77/><E67/><V38/><F26/><W57/><G1/><T133/><D133/><N who="3" m="51273" /><G97/><T80/><D54/><U88/><E41/><N who="0" m="15977" /><D20/><U70/><E70/><N who="3" m="17922" /><W121/><DORA hai="119" /><G121/><T84/><D90/><U37/><E37/><V5/><F11/><W32/><G32/><T128/><D128/><U102/><E9/><V34/><F34/><W112/><G112/><T126/><D126/><U103/><E25/><AGARI ba="0,0" hai="18,21,25,80,81,83,84,87,92,94,95" m="15977" machi="25" ten="30,7700,0" yaku="8,1,52,3" doraHai="78,119" who="0" fromWho="1" sc="287,77,283,-77,229,0,201,0" /><INIT seed="3,0,0,3,5,19" ten="364,206,229,201" oya="3" hai0="17,114,89,76,32,112,122,36,59,6,39,16,129" hai1="78,66,134,42,69,90,18,34,126,33,5,124,24" hai2="13,104,23,128,50,80,68,118,37,0,70,92,105" hai3="9,74,54,73,127,25,133,131,28,12,96,14,51"/><W77/><G133/><T35/><D122/><U47/><E134/><V53/><F37/><N who="0" m="14410" /><D76/><U91/><E78/><V98/><F128/><W123/><G123/><T103/><D129/><U30/><E5/><V46/><F0/><W57/><G131/><T63/><D103/><U110/><E110/><V125/><F125/><N who="1" m="48233" /><E69/><V49/><F105/><W45/><G127/><T10/><D89/><N who="1" m="33803" /><E66/><V71/><F104/><W101/><G77/><T7/><D7/><U116/><E18/><N who="0" m="7273" /><D63/><U108/><E108/><V11/><F70/><W58/><G73/><T67/><D59/><N who="3" m="22537" /><G74/><T61/><D67/><U2/><E2/><V113/><F68/><W8/><G101/><T135/><D61/><U38/><E116/><V56/><F56/><W84/><G84/><T111/><D135/><U62/><E62/><V72/><F72/><W130/><G96/><T29/><D111/><U79/><E79/><V93/><F98/><W95/><G95/><T15/><D29/><U3/><E3/><V40/><F93/><W109/><G109/><T121/><D121/><U27/><E27/><V85/><F92/><W107/><G107/><T99/><D99/><U26/><E26/><V43/><F85/><W31/><G130/><T52/><D52/><U120/><E120/><V119/><F119/><W22/><G31/><T88/><D88/><U20/><AGARI ba="0,0" hai="20,24,30,33,34,38,42,47" m="33803,48233" machi="20" ten="30,2000,0" yaku="18,1,52,1" doraHai="19" who="1" fromWho="1" sc="364,-5,206,20,229,-5,201,-10" owari="359,46.0,226,3.0,224,-18.0,191,-31.0" /></mjloggm>